3888 6376
352 369 457 426 379

1585 371 1643 425 S.
1685 367 2014 426 GREGORII
2045 367 2333 425 NYSSENI

3513 371 3616 430 380

353 482 555 550 banda,
577 483 776 539 cmlum
796 482 940 538 enim
965 494 1015 538 et
1040 482 1223 537 omnia
1245 499 1368 554 qua:
1391 483 1444 538 in
1468 485 1610 539 caelo
1632 493 1783 546 sunt,
1811 484 1926 538 sive

2040 478 2143 542 tia;
2168 477 2404 546 σάλπιγξ
2425 479 2806 549 μεγαλόφωνος
2820 481 3059 548 γίνεται,
3079 483 3219 540 καθά
3243 489 3378 558 φησί
3401 503 3486 550 τις
3508 487 3616 541 τῶν

353 576 492 630 varii
518 582 719 638 motus,
743 575 859 629 sive
878 573 1108 629 diversae
1140 575 1570 647 magnitudines,
1598 576 1715 631 sive
1742 576 1926 644 splen-

2030 569 2346 640 προφητῶν.
2379 570 2460 622 δτι
2504 588 2522 620 ι
2557 571 2882 624 Ἐσάλπισεν
2909 574 2937 625 ὁ
2968 573 3101 637 Θεὸς
3133 576 3360 629 ἀνωθεν.
3391 596 3408 626 ι
3473 577 3528 628 ὐ
3558 577 3617 629 δὲ

353 665 516 719 dores
545 665 686 719 alius
716 664 881 717 alium
919 663 1130 734 fulgore
1160 667 1592 736 perstringentcs
1612 706 1625 726 .
1659 665 1928 719 mirabilis

2040 661 2438 754 κεκαθαρμένος
2476 679 2536 714 τε
2576 664 2674 754 καὶ
2709 663 2834 730 ὀξὺς
2878 664 2975 734 τὴν
3013 667 3181 739 ἀκοὴν
3225 669 3327 738 τῆς
3363 670 3614 754 καρδίας,

354 756 562 810 fabrica
619 758 941 826 sapientiam
960 755 1049 810 Dei
1065 771 1196 813 voce
1211 771 1403 825 magna
1425 755 1716 818 exclamat,
1750 756 1926 808 maxi-

2029 753 2126 822 τὴν
2152 753 2290 823 ἠχὴν
2337 751 2540 824 ταύτην
2579 753 2894 825 δεξάμενος,
2948 757 3091 825 λέγω
3145 758 3208 830 δὴ
3260 761 3358 831 τὴν
3402 751 3467 813 ὲκ
3518 762 3618 832 τῆς

354 861 609 916 mamque
639 845 813 916 ipsius
845 846 1187 913 majestatetn
1240 861 1304 900 ac
1355 854 1679 915 potestatein
1727 862 1821 916 per
1865 859 1928 899 ea

2040 841 2262 911 5εωρίας
2300 842 2409 894 τῶν
2455 843 2625 897 ὄντων
2657 847 2949 916 γινομένην
2989 848 3125 917 πρὸς
3171 851 3269 920 τὴν
3315 852 3413 921 τῆς
3464 852 3616 916 θείας

352 954 472 1007 qua:
526 939 803 1000 videntur,
851 947 1094 992 enarrat.
1151 936 1308 993 Unde
1348 938 1553 992 dictum
1586 949 1706 993 est:
1741 957 1758 988 ι
1794 937 1928 991 lei

351 1040 613 1087 enarrant
638 1032 867 1098 gloriam
902 1029 995 1084 Dci
1027 1033 1093 1085 ".
1129 1050 1146 1081 ι
1175 1031 1300 1086 llaec
1335 1032 1502 1101 igitur
1530 1039 1614 1085 est
1649 1031 1738 1083 illa
1767 1030 1930 1095 tuba,

350 1141 473 1194 qua:
504 1140 703 1177 sonora
723 1165 736 1183 .
775 1124 958 1188 clara,
990 1139 1298 1194 magnaque
1328 1138 1461 1178 voce
1493 1123 1755 1176 continue
1783 1121 1927 1175 veri-

351 1222 480 1271 tatis
509 1217 815 1270 doctrinam
854 1217 1152 1286 praedicat,
1187 1224 1246 1271 ut.
1295 1217 1560 1287 propheta
1599 1215 1763 1270 etiam
1806 1213 1933 1284 qui-

351 1313 474 1368 dam
509 1312 624 1366 ait:
656 1329 676 1362 ι
710 1311 850 1366 Deus
881 1311 1012 1366 tuba
1045 1310 1284 1380 desuper
1316 1323 1512 1364 sonum
1543 1303 1928 1360 deditaHunc

2033 932 2315 1002 δυνάμεως
2352 932 2586 1003 γνῶσιν,
2609 935 2880 1006 ὀδηγεῖται
2929 937 2997 990 δι’
3028 939 3196 1008 αὐτῆς
3235 940 3374 1010 πρὸς
3405 941 3466 994 τὸ
3499 943 3618 994 ἐκεῖ

2035 1023 2276 1078 διαδῦναι
2301 1029 2367 1096 τῇ
2389 1025 2618 1098 διανοίᾳ,
2649 1029 2784 1082 ὅπου
2813 1030 2960 1082 ἐστὶν
2986 1032 3014 1082 ὁ
3039 1031 3188 1095 Θεὸς.
3222 1033 3392 1086 Τοῦτο
3406 1033 3462 1085 δὲ
3489 1034 3616 1102 γνό-

2039 1133 2136 1184 φος
2171 1117 2274 1170 ὑπὸ
2316 1118 2413 1187 τῆς
2444 1119 2669 1190 Γραφῆς
2701 1122 3048 1191 ὀνομάζεται,
3081 1123 3109 1175 ὃ
3135 1123 3198 1194 δὴ
3228 1125 3612 1194 ἑρμηνεύεται.

2039 1207 2222 1273 καθὼς
2252 1208 2492 1280 εἴρηται,
2520 1213 2580 1264 τὸ
2609 1212 2883 1280 ἄγνωστον
2908 1231 2966 1266 τε
3002 1216 3095 1268 καὶ
3128 1215 3461 1288 ἀθεώρητον,
3488 1219 3547 1271 ὲν
3573 1211 3619 1287 ᾧ

2032 1301 2316 1371 γινόμενος
2341 1303 2438 1374 τὴν
2484 1305 2900 1375 ἀχειροποίητον
2933 1307 3148 1377 ἐκείνην
3177 1310 3381 1379 σκηνὴν
3407 1310 3616 1380 βλέπει.

351 1417 546 1457 sonum
587 1418 650 1455 ex
696 1402 1040 1470 inspectione
1086 1413 1270 1454 rerum
1314 1396 1562 1450 omnium
1598 1393 1841 1458 factum,
1873 1391 1920 1446 si

2040 1392 2097 1460 ἢν
2119 1391 2206 1444 διὰ
2241 1394 2338 1465 τῆς
2377 1395 2570 1465 ὑλικῆς
2604 1399 2892 1468 μιμήσεως
2925 1402 3037 1462 τοῖς
3069 1401 3221 1454 κάτω
3247 1401 3508 1455 δείκνυσι.

349 1495 476 1566 quis
509 1493 693 1547 cordis
729 1493 970 1547 auditum
1002 1507 1066 1546 ac
1103 1493 1300 1545 ductus
1328 1489 1503 1559 ipsius
1535 1505 1644 1545 non
1672 1487 1855 1556 segnis
1891 1490 2035 1538 recte
2065 1487 2328 1556 suscipit,
2362 1489 2580 1544 tandem
2617 1507 2683 1545 eo
2717 1492 2916 1546 mentis
2948 1491 3304 1560 inquisitione
3337 1496 3617 1564 pervenit,

351 1585 444 1640 ubi
481 1584 620 1640 Deus
650 1594 752 1639 est.
786 1583 843 1637 Id
879 1599 1005 1639 vero
1033 1584 1211 1652 caligo
1241 1597 1270 1635 a
1305 1580 1588 1650 Scriptura
1628 1588 1991 1648 nuncupatur,
2023 1591 2133 1645 quo
2166 1579 2593 1650 iucognoscibile
2631 1599 2694 1638 ac
2732 1585 3285 1653 incomprelieusibile
3319 1590 3495 1658 ipsius
3518 1631 3532 1651 .
3562 1597 3618 1643 ut

353 1679 628 1741 diximus,
673 1678 1033 1745 significatur.
1076 1677 1216 1733 illuc
1264 1687 1450 1734 autem
1496 1692 1622 1731 cum
1659 1671 2008 1745 pervenerit,
2040 1672 2457 1729 tabernaculum
2493 1677 2640 1732 nulla
2677 1694 2840 1733 manu
2879 1678 3203 1735 fabricatum
3243 1685 3538 1754 perspicit,
3567 1693 3619 1738 et

352 1775 659 1831 imitatione
690 1772 1044 1828 inferioribus
1074 1773 1356 1828 materiale
1384 1772 1643 1827 ostendit.

423 1863 580 1932 Quod
637 1872 818 1919 autem
873 1865 1145 1934 qualeque
1199 1876 1286 1920 est
1333 1862 1749 1918 tabernaculum
1799 1857 1930 1912 illud

2107 1860 2171 1911 Τί
2211 1857 2304 1915 οὖν
2347 1865 2380 1934 ή
2414 1865 2827 1937 ἀχειροποίητος
2854 1869 3038 1940 ἐκείνη
3068 1871 3277 1942 σκηνή;
3350 1877 3382 1948 ἡ
3443 1889 3620 1944 παρα-

357 1956 561 2027 absque
598 1973 761 2010 manu
799 1955 1171 2012 fabricatum?
1203 1956 1348 2027 quod
1381 1955 1539 2026 quasi
1571 1953 1847 2023 exemplar
1879 1951 1932 2004 in

2040 1951 2357 2025 δεικνυμένη
2380 1958 2459 2026 τῷ
2479 1960 2702 2012 Μωῦσεῖ
2730 1961 2873 2014 κατά
2899 1962 2961 2015 τὸ
2989 1962 3135 2032 ὕρος,
3163 1964 3300 2034 πρὸς
3321 1965 3388 2035 ἣν
3412 1965 3619 2018 κελεύε-

352 2059 541 2102 monte
595 2047 767 2120 Moysi
825 2049 1178 2119 proponitur,
1224 2055 1284 2102 ut
1335 2046 1402 2102 ad
1450 2045 1586 2100 illud
1633 2043 1935 2114 respiciens

2040 2059 2124 2096 ται
2154 2043 2391 2114 βλέπειν,
2418 2047 2494 2111 ὡς
2525 2051 2604 2113 εἰς
2644 2051 2975 2122 ἀρχέτυπον,
3007 2052 3096 2106 διά
3125 2053 3225 2122 τῆς
3257 2057 3618 2127 χειροτμήτισυ

359 2156 526 2197 manu
561 2148 871 2212 praeparet,
904 2142 1214 2212 efﬁciatque
1242 2139 1560 2194 hominibus
1595 2146 1805 2191 tantum
1837 2136 1938 2188 mi-

351 2234 625 2288 raculum.
657 2252 676 2286 ι
707 2232 839 2288 Vide
870 2232 1356 2303 namqueninquit
1377 2272 1390 2294 ,
1417 2251 1435 2282 ι
1463 2240 1520 2283 ιιι
1552 2229 1735 2282 omnia
1765 2227 1938 2280 facias

352 2323 656 2379 secundum
693 2323 1114 2378 similitudinem
1139 2363 1154 2387 ,
1187 2338 1313 2393 qua:
1360 2322 1458 2376 tibi
1507 2328 1810 2374 monstrata
1853 2325 1940 2372 est

352 2416 408 2472 lu
465 2427 648 2471 monte
676 2416 744 2469 "’.
779 2436 797 2466 ι
827 2416 1112 2470 Columna:
1165 2429 1347 2468 aureae
1393 2412 1618 2467 basibus
1667 2410 1939 2480 argenteis

354 2509 718 2572 inhaerentes,
755 2509 1036 2580 argenteis
1070 2511 1277 2579 pariter
1312 2505 1626 2575 capitibus:
1663 2503 1785 2558 alia:
1817 2517 1940 2555 rur-

351 2615 451 2655 sus
505 2601 811 2664 columua',
867 2615 1101 2671 quarum
1155 2600 1338 2669 capita
1381 2606 1435 2654 et
1489 2597 1646 2652 bases
1682 2612 1748 2650 ex
1793 2610 1938 2650 aere:

351 2691 502 2764 quod
537 2707 672 2748 vero
719 2697 868 2748 luter
912 2703 1156 2748 extrema
1201 2703 1352 2755 erat,
1401 2707 1468 2746 ex
1516 2699 1740 2760 argento
1783 2698 1938 2754 erat,

355 2785 552 2851 quibus
604 2785 862 2842 omnibus
917 2785 1077 2854 quasi
1129 2784 1442 2854 subjectum
1496 2798 1562 2838 ex
1622 2782 1770 2852 ligno
1823 2786 1942 2834 erat

351 2875 792 2946 incorruptibili,
842 2877 1203 2931 circumcirca
1257 2891 1388 2930 vero
1453 2890 1549 2945 per
1595 2873 1939 2944 superficiem

354 2964 620 3033 splendor
667 2965 910 3034 prarditae
961 2966 1206 3019 materici
1263 2963 1832 3024 circumfundebatur,
1887 2969 1941 3016 et

355 3068 483 3108 arca
513 3055 765 3109 similiter
797 3055 1099 3126 purissimo
1127 3071 1263 3110 auro
1298 3054 1553 3126 fulgens:
1584 3053 1730 3124 quod
1760 3064 1941 3106 autem

353 3163 550 3202 aurum
587 3149 693 3202 hoc
726 3149 1073 3212 sustinebat,
1113 3149 1289 3217 ipsum
1323 3164 1546 3218 quoque
1579 3149 1785 3218 lignum
1820 3154 1936 3201 erat

359 3241 806 3311 iucorruptibile.
839 3241 1242 3296 Candelabrum
1278 3241 1535 3310 deinceps
1566 3241 1681 3295 basi
1715 3238 1934 3309 quidem

357 3332 616 3394 unicum,
650 3331 704 3385 in
733 3339 940 3400 septem
972 3341 1152 3385 autem
1184 3346 1368 3387 ramus
1401 3333 1454 3385 in
1485 3331 1770 3384 cacumine
1798 3329 1940 3383 divi.

356 3439 479 3479 sum
499 3462 515 3489 ,
539 3431 747 3494 septem
781 3424 1034 3478 lucernas
1066 3438 1162 3494 per
1190 3439 1374 3478 ramos
1404 3424 1731 3480 sustinebat.
1763 3421 1938 3490 Hujus

355 3515 942 3573 candelabrimateria
988 3515 1347 3585 purissimum
1384 3523 1503 3570 erat
1539 3531 1770 3578 aurum,
1827 3528 1936 3568 non

357 3623 682 3672 concavum,
701 3623 802 3662 nec
823 3608 968 3677 ligno
987 3615 1376 3673 sustentatum,
1393 3609 1485 3662 sed
1509 3607 1768 3662 solidum.
1787 3605 1934 3661 Prae-

358 3710 442 3754 ter
493 3699 608 3754 haec
653 3700 1100 3770 prepitiatorium
1150 3708 1300 3762 erat,
1353 3708 1408 3754 et
1460 3701 1662 3764 altare,
1711 3709 1763 3752 et
1818 3713 1940 3769 qua:

355 3791 621 3846 dicuntur
652 3791 955 3856 cherubin,
999 3806 1232 3861 quorum
1267 3791 1368 3845 alis
1403 3806 1530 3844 arca
1574 3791 1942 3844 adumbraba-

359 3895 470 3937 tur.
503 3881 629 3937 Haec
656 3883 838 3937 omnia
872 3897 938 3935 ex
969 3896 1106 3934 auro
1135 3872 1296 3935 er'ant
1328 3896 1435 3934 non
1464 3881 1752 3950 superﬁcie
1782 3892 1940 3936 tenus

359 3976 651 4046 pulcbrum
683 3974 926 4026 colorem
960 3973 1290 4037 exbibente,
1343 3973 1436 4025 sed
1481 3974 1551 4024 ita
1601 3981 1660 4025 ut
1704 3972 1938 4026 solidum

357 4073 542 4127 esset,
580 4073 636 4118 et
683 4063 752 4116 ad
809 4061 1038 4114 fundum
1111 4078 1286 4132 usque
1335 4065 1563 4116 materia
1613 4073 1938 4131 permearet.

360 4155 627 4210 Praeterea
653 4154 879 4209 cortinae.
907 4156 1042 4207 mira
1069 4154 1336 4208 varietate
1362 4153 1664 4217 distinctas,
1690 4171 1752 4208 ac
1780 4156 1941 4209 inan-

359 4248 476 4304 dito
500 4256 772 4302 contexta:
797 4245 1053 4309 artificio,
1078 4245 1314 4300 diversis
1337 4246 1617 4302 coloribus
1643 4248 1750 4300 alio
1774 4247 1940 4300 alium

360 4341 792 4413 suscipientibus
814 4380 829 4404 ,
859 4339 924 4392 ad
961 4337 1422 4408 pulchritudinem
1453 4342 1792 4393 cortiuarum
1819 4341 1942 4410 qui-

359 4432 464 4487 bus
507 4432 560 4485 in
605 4429 716 4484 duo
758 4427 1106 4482 dividebatur
1139 4427 1586 4493 tabernaculum,
1623 4429 1676 4482 in
1731 4439 1939 4499 partem

2037 2139 2385 2209 κατασκευῆς
2422 2139 2591 2205 δεῖξαι
2645 2142 2708 2194 τὸ
2759 2144 3173 2216 ἀχειροποίητον
3215 2145 3619 2219 θαῦμαΑὊρα

2036 2227 2168 2299 γὰρ,
2199 2231 2352 2300 φησὶ,
2386 2233 2635 2304 ποιήσεις
2665 2235 2843 2288 πάντα
2898 2237 3037 2290 κατά
3071 2238 3164 2291 τὸν
3200 2239 3370 2292 τύπον
3390 2239 3482 2293 τὸν
3508 2239 3616 2292 δει-

2038 2317 2233 2388 χθέντα
2259 2336 2340 2373 σοι
2368 2321 2428 2375 ὲν
2455 2321 2532 2392 τῷ
2547 2322 2914 2393 δρει.»Στύλοι
2942 2325 3162 2396 χρύσεοι
3194 2326 3417 2397 βάσεσιν
3445 2328 3619 2398 ἀργυ-

2042 2410 2160 2480 ραῖς
2182 2411 2584 2482 ὲρηρεισμένοι,
2617 2414 2710 2466 καὶ
2735 2414 2998 2483 κεφαλαῖς
3021 2415 3285 2480 ὡσαύτως
3312 2417 3583 2487 ἀργυραῖς
3602 2434 3614 2446 ·

2041 2502 2440 2572 ὲπιπρέποντες
2477 2503 2638 2557 πάλιν
2681 2505 2858 2576 ἕτεροι
2894 2507 3096 2569 στύλοι,
3141 2500 3215 2561 ὧν
3255 2507 3489 2576 κεφαλαὶ
3523 2508 3620 2578 μὲν

2041 2595 2136 2646 καὶ
2171 2593 2355 2664 βάσεις
2380 2597 2444 2648 ἐκ
2473 2595 2678 2666 χαλκοῦ
2713 2599 2813 2668 τῆς
2841 2597 3002 2669 ὕληςο
3037 2600 3096 2652 τὸ
3119 2599 3174 2652 δὲ
3203 2600 3292 2653 διὰ
3316 2601 3481 2671 μέσου
3512 2601 3620 2658 τῶν

2041 2684 2245 2758 ἄκρων,
2281 2685 2540 2757 ἄργυρος.
2584 2688 2724 2741 Πᾶσι
2757 2689 2813 2742 δὲ
2843 2689 3054 2754 τούτοις
3082 2690 3312 2762 ἔρεισμα
3353 2692 3451 2762 μὲν
3476 2691 3619 2756 ξύλι-

2042 2798 2130 2833 νον
2180 2775 2277 2850 ἦν,
2337 2781 2606 2850 σηπεδόνα
2657 2782 2732 2853 μὴ
2780 2783 3233 2855 προσδεχόμενον.
3301 2786 3390 2840 Ἑν
3437 2785 3620 2854 κύκλῳ

2041 2871 2128 2930 δὲ,
2184 2871 2325 2926 κατά
2354 2873 2414 2926 τὺ
2435 2874 2778 2946 φαινόμενον,
2816 2875 3016 2946 ἠαὺγὴ
3048 2877 3157 2930 τῶν
3191 2876 3446 2930 τοιούτων
3480 2877 3620 2930 ὑλῶν

2043 2961 2418 3032 περιεκέχυτο,
2451 2963 2547 3016 καὶ
2593 2963 2824 3028 κιϐωτός
2856 2981 2940 3028 τις
2972 2965 3234 3030 ὡσαύτως
3267 2968 3325 3019 ὲν
3359 2967 3620 3037 ἀκηράτῳ

2045 3052 2332 3106 στίλϐουσα
2371 3053 2450 3125 τῷ
2483 3053 2668 3126 χρυσῷ
2689 3075 2703 3087 ·
2747 3055 2808 3109 τὸ
2843 3056 2902 3109 δὲ
2940 3057 3200 3127 διερεῖδον
3232 3057 3331 3127 τὴν
3365 3056 3460 3109 τοῦ
3491 3075 3622 3128 χρυ-

2046 3144 2158 3199 σίου
2187 3145 2509 3217 περιϐολὴν,
2566 3147 2662 3200 καὶ
2702 3147 2834 3201 αὑτὸ
2873 3146 3028 3216 ξύλον
3055 3144 3124 3220 ἦν
3155 3150 3317 3220 σῆψιν
3351 3150 3412 3202 οὑ
3454 3166 3620 3220 προσ-

2037 3236 2344 3309 δεχόμενον.
2399 3239 2603 3309 Λυχνία
2654 3257 2738 3303 τις
2780 3241 2875 3294 ἐπὶ
2919 3239 3150 3304 τούτοις,
3191 3241 3288 3311 μία
3335 3241 3434 3311 μὲν
3480 3241 3662 3324 κατὰ⁸

2038 3330 2128 3383 τὸν
2179 3329 2430 3402 πυθμένα
2478 3331 2579 3401 τῆς
2633 3331 2867 3402 βάσεως,
2930 3332 3074 3386 ἑπτὰ
3127 3332 3184 3386 δὲ
3228 3332 3442 3396 κλάδοις
3484 3333 3622 3386 κατὰ

2039 3420 2098 3474 τὸ
2135 3420 2303 3493 ἀκρον
2345 3421 2678 3494 διῃρημένη,
2744 3423 3064 3495 ἰσαρίθμους
3102 3424 3334 3488 κύκλους
3372 3424 3467 3476 ἐπὶ
3511 3423 3622 3477 τῶν

2041 3511 2251 3565 κλάδων
2307 3511 2596 3582 ἀνέχουσα.
2661 3513 2878 3584 Χρυσὺς
2927 3513 2986 3567 δὲ
3048 3510 3117 3586 ἦν
3163 3515 3264 3585 τῆς
3317 3513 3538 3585 λυχνίας
3588 3515 3621 3585 ἡ

2042 3603 2178 3675 ὕλη,
2238 3603 2391 3657 οὐδὲν
2460 3603 2562 3673 τῆς
2629 3607 2972 3676 κατασκευῆς
3045 3607 3224 3661 κοῖλον
3275 3606 3413 3677 ἔχων
3437 3648 3452 3671 ,
3535 3607 3618 3658 0'3-

2040 3693 2097 3746 δὲ
2136 3693 2276 3764 ξύλῳ
2312 3694 2724 3766 διερειδόμενον.
2778 3696 3172 3769 Θυσιαστήριον
3223 3697 3281 3751 δὲ
3329 3697 3462 3766 πρὸς
3498 3696 3621 3750 τού-

2041 3799 2152 3846 τοις
2201 3784 2294 3836 καὶ
2340 3783 2691 3856 ἱλαστήριονο
2741 3785 2838 3838 καὶ
2879 3786 2948 3839 τὰ
3011 3785 3281 3856 λεγόμενα
3333 3786 3620 3856 χερουϐὶμ,

2041 3866 2116 3928 ὧν
2171 3878 2292 3939 ταῖς
2348 3876 2608 3950 πτέρυξιν
2665 3879 2698 3948 ὴ
2771 3878 3003 3943 κιϐωτὸς
3077 3878 3379 3942 ὲσκιάζετο.
3438 3879 3622 3932 Πάντα

2041 3967 2213 4021 ταῦτα
2251 3969 2453 4040 χρυσὸς
2489 3965 2576 4040 ἦν,
2611 3971 2710 4024 οὑκ
2753 3971 3068 4024 ἐπιπόλαιον
3117 3975 3370 4042 παρέχων
3402 3973 3466 4041 τῇ
3500 3973 3620 4025 ἐπι-

2044 4059 2239 4131 φανείᾳ
2288 4061 2386 4133 τὴν
2438 4061 2712 4131 εὔχροιαν,
2768 4062 2904 4117 ἀλλά
2950 4063 3017 4117 δι’
3048 4063 3169 4118 ὅλου
3222 4065 3250 4116 ὁ
3308 4064 3472 4126 αὑτὸς
3531 4058 3619 4133 ἦν,

2047 4151 2209 4222 μέχρι
2242 4151 2336 4206 τοῦ
2370 4151 2568 4222 βάθους
2615 4154 2908 4225 διηκούσης
2950 4155 3048 4226 τῆς
3106 4155 3256 4225 ὕλης.
3301 4155 3526 4210 Ποικίλα
3569 4172 3623 4208 τε

2045 4243 2184 4312 πρὸς
2245 4243 2458 4309 τούτοις
2532 4244 2591 4311 ἐξ
2651 4245 2954 4317 ὑφαντικῆς
3030 4245 3366 4316 φιλοτεχνίας
3453 4263 3624 4299 κατα-

2045 4335 2390 4405 πετάσματα,
2434 4334 2704 4406 διαφόρων
2754 4337 2932 4390 ἀνθῶν
2971 4337 3296 4410 ἐπαλλήλοις
3347 4339 3484 4409 πρὸς
3527 4340 3624 4410 τὴν

2044 4425 2137 4480 τοῦ
2164 4425 2487 4496 ὑφάσματος
2515 4426 2667 4498 ὤραν
2698 4428 3160 4500 συμπλεκομένων
3179 4445 3194 4459 ⁸
3225 4424 3306 4492 οἷς
3329 4429 3625 4499 διεκρίνετο

359 4524 570 4579 scilicet
612 4521 884 4577 visibilem
912 4559 927 4582 ,
969 4521 1024 4573 in
1057 4534 1220 4589 quam
1255 4521 1460 4573 aditum
1493 4524 1808 4577 sacerdotes
1846 4521 1937 4575 lia-

2045 4517 2144 4588 τῆς
2183 4519 2388 4588 σκηνῆς
2422 4517 2555 4572 ⁸ὅσον
2603 4519 2798 4589 ὁρατόν
2843 4536 2903 4571 τε
2952 4521 3047 4573 καὶ
3097 4518 3326 4590 βάσιμόν
3367 4538 3478 4573 τισι
3516 4520 3625 4575 τῶν

365 4617 598 4677 bebant,
630 4621 683 4668 et
712 4615 767 4666 in
799 4621 1005 4682 partem
1035 4612 1385 4666 secretiorem
1440 4621 1604 4676 atque
1651 4613 1891 4668 abditam
1922 4631 1936 4668 :

363 4719 561 4758 nomen
592 4712 773 4756 autem
819 4702 984 4770 priori
1034 4701 1177 4770 parti
1207 4698 1470 4756 Sanctum
1508 4711 1668 4768 erat;
1710 4707 1940 4758 occultae

313 4793 324 4848 ἔ
360 4808 491 4848 vero
521 4791 662 4863 parti
693 4800 857 4860 atque
904 4791 1201 4846 recondita:
1229 4831 1242 4851 ,
1287 4790 1550 4846 Sanctum
1597 4804 1938 4849 sanctorum.

312 4879 316 4887 ’
360 4886 589 4941 Luteres
621 4891 919 4953 pra-terea,
949 4893 1000 4936 et
1043 4882 1289 4944 foculos,
1347 4895 1401 4939 ct
1441 4893 1729 4939 externum
1775 4887 1943 4940 corti-

359 4991 554 5032 narum
587 4975 881 5037 amictum,
914 4985 967 5028 et
995 4974 1112 5028 vela
1144 4989 1209 5028 ex
1249 4975 1406 5045 pilis,
1441 4976 1698 5046 coriaque
1731 4993 1938 5048 purpu-

359 5085 454 5126 reo
484 5068 674 5125 colore
709 5067 1027 5122 rubricata:
1056 5077 1112 5121 et
1143 5083 1484 5137 quaecunque
1511 5071 1618 5124 alia
1650 5079 1901 5126 recensvt
1924 5109 1941 5134 ,

357 5162 485 5233 quis
515 5160 796 5232 exquisita
831 5159 1044 5213 ratione
1081 5161 1284 5229 poterit
1323 5161 1693 5231 spiritualiter
1739 5163 1944 5218 intelli-

309 5320 312 5326 l
358 5270 524 5324 gere,
574 5268 695 5324 quia;
749 5252 806 5306 in
863 5251 956 5306 illo
1008 5251 1366 5306 tabernaculo
1421 5251 1626 5306 fuerint
1678 5253 1943 5310 divinitus

300 5342 310 5411 ζ
359 5343 672 5399 fabricata?
718 5342 855 5410 Quis
904 5342 1055 5405 haec,
1103 5357 1338 5411 quortuu
1391 5350 1522 5398 sunt
1572 5342 1840 5411 imagines
1879 5359 1944 5399 ac

293 5429 301 5512 ξ
361 5435 720 5501 imitationes,
777 5435 1366 5506 exponet?.quisnam
1429 5451 1592 5505 quam
1648 5439 1938 5492 utilitatem

290 5529 296 5576 ζ
363 5524 609 5581 videntes
644 5526 775 5580 hinc
807 5536 1236 5596 consequantur,
1288 5524 1492 5594 quidve
1538 5526 1824 5581 lucrentur
1874 5542 1938 5582 ex

365 5617 628 5672 materiali
688 5619 1126 5674 immaterialium
1177 5617 1385 5687 figura,
1441 5619 1785 5688 explicabit?
1831 5618 1939 5677 Re-

470 5797 515 5830 “
544 5795 682 5854 Psal.
719 5813 875 5866 xvtu,
917 5803 970 5856 2.
1047 5802 1090 5836 ‘9
1113 5803 1282 5858 Exod.
1325 5817 1450 5864 xxv,
1493 5803 1580 5857 40.

2045 4607 2472 4678 ἱερουργούντων
2507 4604 2596 4680 ἦν,
2642 4609 2736 4662 καὶ
2766 4611 2889 4663 ὅσον
2929 4611 3122 4666 ἄδυτόν
3151 4629 3210 4664 τε
3249 4613 3342 4665 καὶ
3365 4613 3626 4665 ἀνεπίϐαο

2042 4716 2163 4752 τον·
2200 4699 2367 4770 ὄνομα
2406 4699 2485 4764 δὲ,
2517 4700 2579 4753 τὸ
2615 4701 2712 4772 μὲν
2763 4702 3222 4773 προτεταγμένον,
3253 4702 3407 4771 ἅγιον
3436 4699 3524 4772 ἦν,
3566 4703 3626 4756 τὸ

2042 4791 2100 4845 δὲ
2160 4790 2688 4862 ἀποκεκρυμμένον,
2745 4794 2900 4860 ἅγιον
2963 4793 3156 4862 ἀγίων.
3211 4795 3484 4866 Λουτῆρες
3533 4796 3626 4848 ἐπὶ

2043 4883 2274 4949 τούτοις,
2301 4884 2396 4936 καὶ
2422 4887 2642 4954 πυρεῖα,
2668 4884 2763 4937 καὶ⁵
2789 4886 2822 4954 ἡ
2851 4883 3049 4950 ἔξωθεν
3070 4884 3177 4939 τῶν
3205 4885 3444 4939 αὑλαίων
3472 4903 3537 4939 πε
3549 4903 3627 4957 ριο

2043 4975 2195 5047 ϐολὴ,
2227 4977 2320 5029 καὶ
2350 4975 2563 5048 δέρρεις
2605 4980 2670 5029 ὲκ
2711 4977 2934 5048 τριχῶν,
2972 4978 3066 5030 καὶ¹
3109 4977 3353 5048 δέρματα
3386 4996 3627 5046 πεφοινι-

2042 5067 2222 5137 γμένα
2254 5066 2332 5138 τῷ
2361 5067 2667 5139 ἐρυθήματι
2687 5086 2700 5099 ·
2737 5069 2833 5122 καὶ
2861 5070 2962 5122 ὅσα
2989 5069 3124 5123 ἄλλα
3159 5069 3509 5134 διασκευάζει
3547 5070 3626 5140 τῷ

2042 5159 2204 5230 λόγῳ,
2235 5159 2318 5223 τίς
2346 5159 2412 5212 ἂν
2443 5159 2510 5212 δι’
2535 5161 2819 5232 ἀκριϐείας
2847 5160 3003 5230 λόγος
3041 5163 3425 5232 κατανοήσειε;
3459 5164 3626 5215 ποίων

2039 5250 2469 5322 ἀχειροποιήτων
2509 5252 2626 5304 ἐστὶ
2667 5253 2839 5306 ταῦτα
2879 5255 3205 5325 μιμήματα;
3247 5254 3342 5306 καὶ
3383 5253 3435 5306 τί
3473 5253 3628 5325 φέρει

2041 5345 2154 5406 τοῖς
2180 5342 2349 5415 ὁρῶσι
2376 5343 2587 5415 κέρδος,
2616 5345 2726 5398 τῶν
2763 5347 2880 5399 ἐκεῖ
2909 5345 3180 5415 ὀφθέντων
3208 5346 3311 5399 ὑπὸ
3340 5345 3434 5398 τοῦ
3465 5347 3629 5398 Mutil-

2047 5437 2204 5501 σέως,
2239 5439 2272 5508 ή
2304 5439 2394 5491 ἐπὶ
2428 5439 2524 5507 τῆς
2558 5437 2690 5510 ὕλης
2722 5437 2982 5510 μίμησις;
3027 5439 3186 5493 Ἀλλὰ
3218 5457 3306 5509 μοι
3355 5439 3499 5494 δοκεῖ
3531 5456 3628 5491 κα-

2045 5527 2151 5591 λῶς
2181 5527 2344 5599 ἔχειν,
2380 5528 2470 5582 τὸν
2499 5529 2596 5599 μὲν
2636 5530 2837 5601 ἀκριϐῆ
2872 5532 2998 5601 περὶ
3041 5531 3245 5584 τούτων
3269 5531 3426 5600 λόγον
3458 5549 3625 5584 κατα-

2049 5621 2224 5675 λιπεῖν
2256 5621 2503 5687 ἐκείνοις,
2555 5621 2605 5674 οἳ
2643 5622 2729 5676 διά
2771 5621 2862 5674 τοῦ
2904 5623 3215 5692 Πνεύματος
3259 5623 3323 5677 τὰ
3364 5623 3500 5692 βάθη
3535 5620 3627 5675 τοῦ
