3888 6364
202 342 360 429 ’σοι

1500 365 1591 422 DE
1628 361 1789 419 VITA
1824 357 2105 419 MOYSIS.

3417 341 3521 397 382

263 483 397 537 Θεοῦ
441 484 674 556 ἑρευνᾷν
725 480 953 553 δύναμιν
997 478 1242 550 ἔχουσιν·
1284 481 1334 534 εἰ
1377 478 1441 552 δή
1482 496 1570 542 τις
1605 474 1844 540 τοιοῦτός

1952 473 2089 528 ctius
2116 478 2267 528 certe
2291 475 2407 535 est,
2450 463 2941 538 exquisitissimam
2983 467 3148 531 atque
3193 457 3520 511 altissimam

263 578 432 635 ἐστιν,
466 575 541 638 ὡς
565 571 848 648 Πνεύματι
872 572 1055 626 λαλεῖν
1093 573 1389 643 μυστήρια,
1416 570 1600 635 καθώς
1632 586 1796 641 φησιν
1824 571 1854 622 6

277 662 619 728 ’Δ-ιτόστολος.
648 666 715 717 ’0
736 664 793 717 δὲ
824 662 952 733 παρ’
980 661 1138 732 ἡμῶν
1169 659 1540 731 στοχαστικῶς
1568 658 1856 713 ὑπονοούν-

264 770 375 809 των
410 755 542 825 περὶ
569 752 669 807 τοῦ
700 750 1061 825 προκειμένου
1089 753 1362 822 νοήματος
1404 751 1620 820 λέγεται
1640 790 1654 814 ,
1694 750 1855 804 τοῦτο

265 844 360 897 tut
403 847 472 916 τῇ
520 844 701 918 κρίσει
746 843 857 897 τῶν
901 844 1336 913 ἐντυγχανόντων
1376 843 1676 912 ποιήσομεν
1711 832 1849 911 ὡςῆ

266 934 594 1007 ἀπόϐλητον,
620 934 655 1006 ἢ
683 935 975 990 ἀπόδεκτον
1005 934 1349 1005 νομισθῆναι,
1380 934 1529 996 ὅπως
1563 932 1630 987 ἂν
1659 933 1695 1004 ἡ
1732 930 1848 985 διά-

264 1043 387 1081 νοια
414 1027 510 1081 τοῦ
546 1028 752 1098 κρίνειν
784 1025 1195 1098 ὲπεσκεμμένου
1228 1024 1531 1096 λογίσηται.

334 1298 520 1369 Φαμὲν
540 1297 739 1361 τοίνυν,
763 1297 821 1352 ἑν
851 1295 1007 1368 μέρει
1027 1296 1089 1350 τὸ
1114 1298 1173 1350 ἐν
1195 1294 1404 1359 τούτοις
1435 1294 1729 1365 μυστήριον
1749 1290 1843 1346 τοῦ

265 1389 482 1446 Παύλου
504 1407 580 1443 πα
585 1406 725 1461 ραγυ
732 1387 1063 1459 μνὼσαντος,
1081 1387 1338 1460 βραχεῖαν
1349 1389 1412 1440 ὲκ
1420 1386 1530 1439 τῶν
1541 1388 1660 1457 εἱρη
1669 1385 1844 1457 μένων

263 1479 520 1552 ἀφορμὴν
541 1479 816 1543 λαϐόντες,
837 1477 920 1532 ὅτι
939 1480 998 1533 ὲν
1015 1478 1170 1549 τύπῳ
1185 1475 1586 1550 προεπαιδεύθη
1604 1476 1845 1548 Μωῦσῆς

261 1571 327 1622 τὸ
357 1570 486 1641 περὶ
507 1569 608 1640 τῆς
642 1567 847 1638 σκηνῆς
885 1567 985 1638 τῆς
1008 1567 1070 1621 τὸ
1095 1568 1204 1621 πᾶν
1245 1566 1604 1639 περιεχούσης
1637 1566 1842 1636 μυστή-

265 1678 400 1731 ριον.
432 1658 581 1731 Αὕτη
610 1659 655 1713 δ’
680 1658 746 1712 ἂν
783 1659 868 1730 εἴη
923 1659 1176 1731 Χριστὸς,
1230 1661 1264 1732 ἡ
1305 1658 1402 1713 τοῦ
1433 1657 1568 1712 Θεοῦ
1609 1658 1839 1729 δύναμις

262 1750 362 1804 καὶ
393 1751 429 1822 ὴ
470 1748 565 1804 τοῦ
593 1748 730 1803 Θεοῦ
773 1748 954 1821 σοφία,
993 1750 1028 1821 ἠ
1076 1750 1486 1822 ἀχειροποίητος
1530 1745 1666 1804 οῦσα
1703 1749 1845 1803 κατὰ

261 1842 366 1913 τὴν
386 1841 522 1896 ἰδίαν
548 1840 730 1912 φύσιν,
752 1840 966 1912 δέχεται
991 1841 1052 1895 τὸ
1078 1840 1609 1911 κατασκευασθῆναι,
1634 1841 1762 1894 ὅταν
1787 1841 1845 1894 ἐν

261 1934 400 2004 ἡμῖν
436 1933 531 2005 δέῃ
555 1931 654 2004 τὴν
693 1922 896 2004 σκηνὴν
925 1932 1128 2004 ταύτην
1154 1933 1396 2003 παγῆναι
1413 1949 1428 1964 ο
1455 1932 1594 1985 ὥστε
1623 1931 1720 2004 τὴν
1750 1931 1847 1987 αύ-

262 2023 382 2096 τὴν,
399 2023 600 2095 τρόπον
620 2023 762 2092 τινὰ,
781 2025 876 2078 καὶ
896 2024 1272 2079 ἀκατάσκευον
1293 2026 1388 2078 καὶ
1413 2022 1847 2095 κατεσκευασμέ-

259 2134 363 2189 νην
383 2112 555 2172 εἷναιο
584 2117 664 2189 τῷ
697 2118 795 2189 μὲν
824 2119 1219 2191 προϋπάρχειν,
1243 2120 1513 2185 ἀκτιστον,
1543 2120 1619 2191 τῷ
1649 2120 1705 2174 δὲ
1732 2119 1846 2173 ὑλι-

260 2210 369 2282 κὴν
404 2209 611 2264 ταύτην
651 2208 905 2277 δέξασθαι
956 2209 1234 2278 σύστασιν,
1268 2211 1499 2285 κτιστὴν.
1522 2212 1839 2283 γενομένην.

334 2390 487 2462 Τάχα
510 2391 610 2445 οὐκ
633 2391 842 2461 ἀσαφὲς
880 2391 942 2445 τὸ
987 2390 1278 2461 λεγόμενον
1310 2394 1420 2457 τοῖς
1459 2392 1842 2463 παράδοξαμέ-

256 2501 375 2547 νοις
400 2482 644 2555 ἀκριῦὦς
683 2483 743 2537 τὸ
774 2485 872 2556 τῆς
913 2482 1143 2547 πίστεως
1189 2482 1349 2553 ήμῶν
1397 2486 1710 2554 μυστήριον.
1747 2484 1842 2536 Ἓν

256 2576 371 2646 γάρ
417 2577 563 2630 ἐστιν
608 2578 672 2629 ὲκ
719 2575 956 2639 πάντων,
999 2574 1028 2629 ὃ
1079 2575 1174 2628 καὶ
1220 2574 1330 2645 πρὸ
1375 2573 1585 2627 αἰώνων
1623 2570 1714 2645 ἦν,
1751 2573 1845 2626 καὶ

258 2667 349 2719 ἐπ’
376 2666 619 2738 ἐσχάτων
649 2665 757 2720 τῶν
783 2666 994 2720 αἰώνων
1025 2666 1257 2735 ἐγένετο,
1286 2665 1315 2719 ὃ
1339 2664 1435 2718 τοῦ
1473 2665 1570 2733 μὲν
1593 2664 1845 2734 γενέσθαι

258 2756 528 2827 χρονικιῖκ
557 2756 657 2810 οὐκ
691 2756 899 2810 ἐδέετο·
932 2754 1049 2819 πῶς
1100 2755 1211 2827 γάρ
1259 2755 1320 2809 τὸ
1366 2754 1475 2822 πρὸ
1505 2755 1714 2827 χρόνων
1751 2755 1845 2808 καί

259 2848 474 2904 αἰώνων
517 2847 732 2919 δεηθείη
806 2847 1065 2920 χρονικῆς
1122 2847 1415 2917 γενέσεωςς
1465 2848 1534 2901 δι’
1590 2848 1738 2918 ἡμᾶς
1786 2846 1847 2899 δὲ

256 2943 385 3005 τοὺς
413 2938 473 3004 ἐξ
496 2939 751 3003 ἀϐουλίας
777 2939 838 2993 τὸ
862 2935 1001 2992 εἶναι
1030 2938 1532 3011 παραφθεέραντας,
1560 2938 1847 3003 ἀνεδέξατο

257 3031 323 3083 τὸ
356 3030 478 3084 καθ’
505 3032 653 3102 ἡμᾶς
683 3029 956 3099 γενέσθαι,
1009 3030 1097 3084 ἵνα
1138 3030 1199 3084 τὸ
1237 3030 1342 3097 ἔξω
1373 3030 1468 3083 τοῦ
1514 3031 1665 3094 ὄντος
1696 3030 1848 3100 γενό-

262 3136 447 3189 μενον,
489 3121 568 3184 εἰς
621 3119 679 3172 τὸ
722 3119 782 3173 ὃν
830 3119 990 3173 πάλιν
1035 3119 1378 3193 ὲπαναγάγῃ.
1410 3120 1581 3174 Τοῦτο
1615 3121 1672 3174 δέ
1700 3124 1847 3174 ἐστιν

259 3212 293 3265 6
326 3210 618 3282 μονογενὴς
645 3211 796 3274 Θεὸς,
835 3213 864 3264 6
909 3212 967 3265 ὲν
1007 3211 1156 3281 αὐτῷ
1199 3211 1297 3281 μὲν
1326 3212 1596 3283 περιέχων
1622 3211 1684 3264 τὸ
1718 3214 1845 3277 πᾶν,

1951 563 2144 618 horum
2175 561 2444 616 rationem
2476 560 2545 613 ab
2573 558 2683 612 illis
2712 564 2900 626 petere
2921 594 2939 619 ,
2982 551 3077 623 Qui
3098 551 3270 622 gratia
3287 546 3524 615 Spiritus

1950 652 2222 726 profunda
2251 652 2342 708 Dei
2372 660 2577 722 queant
2601 648 2919 720 perquirere
2946 662 2961 701 :
2995 641 3043 697 si
3075 640 3200 710 quis
3225 651 3372 692 nunc
3401 635 3525 687 talis

1947 753 2067 807 est,
2103 753 2163 800 ut
2191 737 2396 811 Spiritu
2428 741 2688 813 mysteria
2722 738 3004 808 loquatur,
3037 731 3181 785 sicut
3230 728 3306 782 ait
3346 728 3522 795 Apos-

1948 837 2094 891 tolus
2129 834 2196 889 ⁸⁸.
2227 832 2383 901 Quod
2416 838 2595 887 autem
2640 845 2672 883 a
2709 827 2869 884 nobis
2900 820 3242 892 conjectione
3287 817 3522 888 quadam

1952 926 2068 980 haec
2117 921 2185 978 ad
2238 919 2578 993 propositum
2627 911 3174 973 accommodantibus
3216 910 3435 974 dicitur,
3471 906 3525 962 id

1954 1015 2157 1086 iudicio
2196 1013 2492 1084 legentium
2529 1018 2704 1065 totum
2750 1005 3113 1076 relinquimus
3138 1043 3153 1068 ,
3203 1018 3304 1058 nec
3351 1000 3524 1056 recla-

1953 1107 2224 1163 mabimus
2267 1105 2314 1161 si
2358 1102 2680 1173 rejecerint,
2728 1113 2830 1154 nec
2879 1096 3188 1153 laetabimur
3238 1094 3287 1150 si
3336 1107 3527 1149 susce-

1949 1198 2149 1267 perint.

2020 1287 2264 1342 Dicimus
2292 1299 2424 1355 ergo
2457 1280 2704 1338 nonnihil
2735 1295 2803 1336 ex
2830 1278 3026 1341 Paulo,
3069 1275 3163 1348 qui
3198 1273 3523 1347 mysterium

1953 1375 2191 1432 breviter
2223 1375 2443 1445 tetigit,
2478 1371 2676 1442 adjuti,
2715 1368 2862 1440 quod
2906 1368 2961 1422 in
3002 1366 3177 1437 ﬁgura
3220 1362 3527 1434 praedoctus

1953 1468 2057 1522 fuit
2086 1466 2302 1539 Moyses
2334 1463 2781 1526 tabernaculum,
2817 1473 2927 1535 quo
2962 1458 3213 1511 universa
3239 1453 3526 1509 continen-

1951 1569 2065 1623 tur,
2102 1557 2158 1613 id
2193 1572 2323 1612 vero
2353 1554 2610 1612 Christus
2638 1553 2734 1608 Dei
2778 1550 2954 1605 virtus
2981 1555 3036 1604 et
3072 1546 3167 1602 Dei
3214 1545 3521 1616 sapientia:

1950 1664 2073 1720 quae
2109 1648 2330 1719 quidem
2361 1644 2627 1716 sapientia
2660 1642 2756 1698 Dei
2791 1656 2899 1697 non
2930 1654 3093 1694 manu
3125 1636 3290 1702 facta,
3325 1634 3418 1691 sed
3451 1634 3526 1689 in-

1951 1748 2133 1796 creata
2185 1753 2310 1794 cum
2350 1738 2421 1793 sit
2451 1735 2752 1792 secundum
2799 1740 3050 1787 naturam
3087 1745 3275 1795 suam,
3306 1735 3520 1783 creatu-

1953 1847 2072 1887 ram
2104 1829 2372 1900 suscepit,
2413 1826 2635 1896 quando
2664 1823 2968 1882 secundum
3023 1837 3126 1878 nos
3158 1834 3325 1876 carne
3363 1831 3528 1887 opor-

1952 1920 2056 1976 tuit
2102 1918 2516 1975 tabernaculum
2560 1916 2663 1970 hoc
2718 1913 2999 1969 fabricari.
3052 1913 3185 1966 Item
3231 1908 3375 1963 idem
3419 1906 3528 1961 alio

1952 2009 2117 2065 modo
2151 2007 2354 2062 factum
2386 2014 2442 2061 et
2471 2019 2579 2058 non
2613 2003 2817 2056 factum
2850 2009 2972 2056 est:
3015 2008 3233 2060 natura,
3265 1995 3320 2048 in
3351 2006 3529 2063 quan-

1951 2106 2067 2153 tum
2102 2106 2228 2153 ante
2262 2096 2462 2152 saecula
2500 2094 2622 2157 fuit,
2665 2092 2970 2147 increatum
2992 2096 3088 2144 'est
3120 2103 3134 2140 :
3172 2087 3225 2140 in
3257 2091 3525 2155 quantum

1949 2190 2289 2262 corporalem
2342 2187 2487 2241 hanc
2537 2181 2944 2240 concretionem
2997 2176 3263 2249 suscepit,
3282 2181 3523 2229 creatum

1949 2284 2264 2351 factumque
2294 2284 2402 2334 est.

2019 2372 2131 2428 Nec
2177 2371 2478 2426 obscurum
2514 2373 2600 2423 est
2649 2362 2796 2436 quod
2836 2361 3099 2428 dicimus,
3153 2358 3223 2415 iis
3265 2355 3360 2428 qui
3412 2352 3520 2408 nde

1948 2473 2155 2521 nostra
2188 2461 2509 2532 mysterium
2534 2457 3017 2528 complectuntur:
3054 2464 3222 2504 unum
3252 2446 3397 2501 enim
3445 2449 3530 2498 est

1940 2570 2012 2619 ,ει
2057 2553 2315 2608 omnibus
2371 2546 2806 2611 tabernaculum,
2853 2541 3000 2614 quod
3044 2547 3099 2596 et
3159 2547 3287 2593 ante
3331 2533 3530 2592 saecula

1949 2645 2073 2707 fuit,
2104 2653 2159 2701 et
2184 2641 2501 2699 novissimis
2522 2638 2864 2710 temporibus
2884 2636 3088 2690 factum
3110 2639 3213 2687 est.
3237 2629 3294 2684 Id
3319 2636 3531 2697 tempo-

1950 2739 2138 2792 raliter
2165 2737 2239 2789 ita
2268 2734 2383 2790 ﬁeri
2411 2747 2519 2786 non
2551 2729 2831 2800 indigebat
2857 2744 2872 2781 :
2899 2722 3179 2796 quomodo
3206 2722 3350 2775 enim
3380 2718 3527 2789 quod

1950 2836 2076 2885 ante
2109 2827 2294 2881 omnia
2323 2831 2440 2881 erat
2472 2830 2739 2892 tempora,
2761 2818 2999 2874 factione
3027 2813 3291 2884 indigebit
3322 2820 3531 2879 tempo-

1946 2919 2086 2974 rali?
2107 2915 2309 2973 Verum
2341 2922 2563 2984 propter
2593 2926 2696 2967 nos
2725 2908 2818 2980 qui
2850 2923 2946 2980 per
2977 2902 3401 2976 imprudentiam
3429 2916 3530 2955 no-

1945 3020 2114 3069 stram
2139 3018 2388 3065 naturam
2405 3016 2854 3075 corruperamus,
2872 2997 3069 3055 similis
3090 2996 3251 3051 nobis
3271 2994 3531 3064 dignatus

1945 3111 2030 3159 est
2064 3101 2200 3166 fieri,
2235 3107 2296 3153 ut
2328 3099 2380 3152 id
2413 3097 2555 3168 quod
2589 3102 2743 3150 extra
2772 3102 3023 3146 naturam
3058 3095 3196 3152 erat,
3240 3100 3433 3140 rursus
3461 3083 3528 3138 ad

1948 3201 2201 3247 naturam
2232 3204 2333 3244 nos
2368 3188 2672 3242 reduceret.
2714 3182 2772 3236 Id
2799 3195 2929 3236 vero
2958 3189 3041 3235 est
3072 3177 3386 3247 unigenitus
3415 3175 3532 3245 ipse

258 3265 587 3373 πηξάμενος.
619 3301 675 3354 δὲ
716 3265 808 3355 καί
857 3302 915 3355 ἐν
957 3303 1087 3373 ἡμῖν
1262 3265 1654 3374 ἰδίανισκηνήν.
1696 3303 1758 3355 Εἰ
1792 3265 1846 3357 δέ

1952 3286 2115 3348 Deus,
2143 3283 2235 3353 qui
2259 3281 2513 3335 universa
2533 3274 2751 3347 quidem
2786 3273 3032 3328 continet
3055 3271 3107 3324 in
3131 3269 3332 3338 seipso,
3359 3265 3455 3321 sed
3476 3272 3532 3320 et

2300 3369 2312 3374 _
2546 3367 2557 3374 .
2883 3360 2904 3374 .
2938 3361 2952 3374 .
3007 3361 3017 3372 .
3096 3368 3105 3374 ,
3279 3366 3290 3374 .
3359 3354 3403 3374 ,ιτ
3424 3368 3526 3374 η---

262 3390 441 3462 σκηνὴ
500 3389 749 3444 τοσοῦτον
811 3391 1016 3460 ἀγαθὸν
1071 3390 1433 3463 ὀνομάζεται,
1489 3393 1846 3465 ταρασσέσθω

262 3480 432 3550 μηδὲν
457 3482 487 3533 6
516 3480 878 3553 φιλόχριστος,
906 3482 982 3544 ὡς
1013 3484 1562 3555 κατασμικρυνούσης
1588 3483 1649 3536 τὸ
1679 3501 1848 3554 μεγα-

256 3572 405 3625 λεῖον
434 3572 532 3642 τῆς
562 3572 775 3640 φύσεως
796 3572 888 3627 τοῦ
915 3572 1071 3635 Θεοῦ,
1105 3573 1206 3639 τῆς
1231 3575 1557 3646 ἐγκειμένης
1596 3578 1663 3647 τῇ
1705 3576 1848 3640 λέξει

261 3661 574 3732 ἐμφάσεως.
605 3660 741 3715 Οὐδὲ
770 3662 877 3731 γὰρ
903 3662 1029 3716 ἄλλο
1050 3681 1104 3716 τι
1124 3663 1232 3717 τῶν
1261 3664 1540 3736 ὀνομάτων
1571 3666 1719 3733 ἀξιον
1747 3667 1850 3738 τῆς

262 3749 479 3819 φύσεως
501 3749 596 3804 τοῦ
629 3752 1027 3823 σημαινομένου
1063 3753 1209 3806 ἐστίν
1229 3771 1242 3784 ·
1271 3754 1406 3808 ἀλλὰ
1438 3756 1615 3809 πάντα
1645 3757 1850 3826 ὁμοίως

260 3844 630 3898 ἀποπέπτωκε
676 3842 778 3913 τῆς
809 3841 1071 3916 ἀκριϐοῦς
1121 3845 1414 3916 σημασίας,
1456 3846 1528 3900 τά
1570 3864 1630 3899 τε
1677 3846 1849 3919 μικρά

261 3933 610 4005 νομιζόμενα,
639 3934 734 3986 καί
776 3928 857 3996 οἷς
902 3949 956 3986 τι
1011 3932 1238 4003 μέγεθος
1281 3934 1570 4005 νοημάτων
1616 3933 1675 4000 ἐξ
1713 3935 1848 3988 ὑπο-

262 4024 479 4096 λήψεως
501 4024 775 4095 ἐνορᾶται.
814 4023 955 4077 Ἀλλ’
987 4023 1176 4096 ὥσπερ
1213 4025 1281 4078 τά
1309 4023 1442 4078 ἄλλα
1474 4026 1672 4089 πάντα,
1709 4025 1851 4080 κατά

258 4133 318 4169 τι
347 4114 764 4185 σημαινόμενον,
793 4114 1022 4168 ἕκαστον
1050 4114 1291 4178 εὐσεϐῶς
1330 4115 1463 4186 προς
1502 4115 1726 4182 ἔνδειξιν
1751 4117 1849 4189 τῆς

263 4204 415 4269 θείας
443 4205 723 4275 δυνάμεως
750 4204 988 4273 λέγεται,
1024 4199 1136 4258 οἷον
1179 4207 1206 4257 6
1250 4205 1450 4276 ἰατρὸς,
1488 4208 1516 4259 ὁ
1570 4207 1795 4278 ποιμὴν,
1820 4208 1849 4260 6

262 4294 695 4368 ὑπερασπιστὴς,
727 4297 757 4349 ό
807 4295 990 4368 ἄρτος,
1042 4297 1071 4348 ό
1117 4295 1367 4365 ἄγγελος,
1425 4298 1459 4368 ἡ
1506 4297 1769 4368 ἄμπελος,
1813 4300 1847 4368 ή

260 4388 403 4453 ὁδὸς,
436 4389 471 4458 ἡ
506 4387 665 4459 θύρα,
701 4390 733 4459 ἡ
779 4388 934 4459 μονὴ,
980 4386 1040 4440 τὸ
1069 4386 1232 4458 ὕδωρ,
1274 4389 1308 4460 ή
1355 4390 1549 4460 πέτρα,
1587 4391 1620 4462 ἡ
1659 4390 1845 4462 πηγὴ,

260 4481 361 4535 καὶ
383 4481 484 4534 ὅσα
521 4479 660 4534 ἄλλα
696 4480 825 4550 περί
864 4478 1030 4532 αὑτοῦ
1080 4478 1325 4547 λέγεται·
1362 4479 1524 4545 οὕτω,
1554 4482 1697 4534 κατά
1725 4499 1847 4536 τινα

262 4569 545 4641 θεοπρεπῆ
588 4571 885 4640 σημασίαν,
935 4569 1029 4623 καὶ
1057 4568 1135 4640 τῷ
1167 4570 1265 4639 τῆς
1311 4572 1515 4641 σκηνῆς
1548 4574 1849 4643 κατονομά-

1949 3376 2003 3430 in
2044 3374 2205 3429 nobis
2239 3367 2656 3424 tabernaculum
2692 3376 2853 3420 suum
2880 3360 3183 3416 fabricatus
3212 3366 3318 3412 est.
3359 3354 3533 3410 Nemo

1951 3476 2132 3520 autem
2176 3478 2242 3518 ex
2291 3457 2624 3516 zelatoribus
2661 3453 2867 3509 Christi
2903 3450 3287 3513 contui-betur,
3322 3447 3369 3503 si
3409 3454 3533 3500 tan-

1949 3566 2060 3610 tam
2102 3569 2243 3621 rem,
2293 3547 2710 3605 tabernaculum
2745 3543 3123 3614 appellamus,
3176 3540 3335 3611 quasi
3366 3538 3532 3608 quid—

1950 3661 2114 3718 quam
2160 3642 2480 3700 detrahatur
2507 3639 2709 3693 divinae
2754 3644 2966 3690 natura:
3017 3643 3239 3712 progter
3280 3630 3531 3687 vocabuli

1949 3740 2265 3795 vilitatem:
2301 3748 2402 3790 nec
2429 3733 2576 3786 enim
2628 3742 2869 3800 unquam
2918 3728 3145 3798 dignum
3193 3725 3287 3778 illa
3329 3732 3529 3779 natura

1948 3833 2175 3887 verbum
2211 3828 2540 3884 invenietur.
2569 3823 2702 3878 Nam
2737 3836 2858 3892 quae
2895 3821 2963 3874 ab
2989 3818 3304 3873 hominibus
3343 3818 3532 3887 profe-

1948 3935 2167 3990 runtur,
2203 3922 2492 3993 aequaliter
2529 3936 2560 3975 a
2591 3918 2952 3990 signiﬁcanda
2986 3917 3074 3970 illa
3118 3926 3314 3969 natura
3344 3913 3530 3967 omnia

1950 4017 2179 4073 distant.
2215 4015 2321 4069 Sed
2352 4021 2550 4067 caetera
2589 4027 2711 4082 quae
2756 4010 2825 4064 de
2868 4008 2979 4063 Deo
3017 4008 3297 4065 dicuntur.
3331 4006 3418 4076 pie
3461 4004 3532 4059 ad

1949 4110 2329 4167 ostentandam
2352 4108 2591 4162 divinam
2615 4104 2909 4177 quamdam
2932 4105 3186 4157 virtutem
3214 4100 3531 4169 capiuntur,

1951 4213 2010 4255 ut
2039 4199 2304 4262 medicus,
2343 4206 2550 4268 pastor,
2594 4201 2889 4264 protector,
2936 4192 3116 4261 panis,
3174 4191 3421 4260 angelus,
3450 4187 3533 4240 vi-

1951 4293 2044 4357 tis,
2079 4292 2186 4355 via,
2210 4291 2400 4359 janua,
2455 4286 2692 4352 mansio,
2729 4301 2895 4355 aqua,
2927 4283 3087 4352 lapis,
3125 4280 3270 4341 fons,
3315 4281 3533 4349 aliaque

1951 4382 2263 4455 huiusmodi
2296 4399 2309 4435 :
2342 4382 2424 4437 sic
2455 4386 2827 4433 consentanea
2855 4376 3091 4446 quadam
3126 4370 3531 4441 signiﬁcatione

1949 4476 2363 4533 tabernaculum
2404 4485 2625 4544 quoque
2666 4468 2924 4525 dicimus.
2953 4465 3144 4520 Virtus
3189 4464 3359 4524 enim,
3404 4477 3528 4531 quae

1953 4572 2138 4626 omnia
2177 4568 2447 4631 continet,
2485 4566 2540 4620 in
2591 4578 2699 4634 qua
2734 4563 2991 4616 universa
3035 4557 3259 4614 deitatis
3294 4556 3529 4626 plenitu-

261 4631 420 4727 ζεται
453 4631 678 4734 ῥήματί
723 4661 786 4714 Ἦ
815 4659 925 4732 γὰρ
970 4631 1289 4733 περιεκτικὴ
1329 4631 1438 4714 τῶν
1471 4631 1650 4716 ’όντων
1688 4631 1846 4719 δύνα-

1952 4664 2024 4717 do
2061 4662 2349 4724 inhabitat,
2385 4673 2509 4712 cum
2537 4669 2828 4711 commune
2854 4652 2905 4708 id
2929 4652 3173 4706 omnium
3196 4656 3399 4703 tectum
3432 4647 3527 4711 sit,

263 4771 381 4825 μις,
414 4747 529 4827 ὲνῇ
558 4755 800 4807 κατοικεί
840 4754 949 4806 πᾶν
971 4752 1033 4805 τὸ
1060 4752 1333 4823 πλήρωμα
1364 4755 1463 4824 τῆς
1501 4753 1772 4825 θεότητος,
1809 4757 1843 4828 ἡ

260 4844 420 4916 κοινὴ
463 4844 556 4899 τοῦ
604 4846 805 4909 παντὸς
845 4845 1042 4916 σκέπη,
1088 4846 1116 4898 6
1161 4847 1219 4897 ὲν
1261 4845 1411 4916 αὑτῷ
1450 4846 1513 4899 τὸ
1555 4848 1661 4902 πᾶν
1698 4866 1848 4921 περι⁸

258 4936 440 5005 έχων,
494 4935 665 5007 σκηνὴ
717 4934 918 5007 κυρίως
981 4934 1430 5004 κατονομάζεται.
1493 4936 1732 5006 Ἀνάγκη
1787 4936 1845 4990 δὲ

257 5027 572 5098 πρόσφορον
614 5023 751 5081 εἶναι
786 5026 865 5097 τῷ
907 5026 1133 5096 ὀνόματι
1171 5027 1271 5098 τὴν
1300 5025 1587 5091 ὀπτασίαν,
1614 5028 1847 5082 ἑκάστου

258 5119 372 5174 τῶν
396 5118 665 5189 ὀφθέντων
688 5118 824 5190 πρός
858 5134 978 5172 τινα
1004 5116 1337 5187 θεοπρεποῦς
1359 5118 1679 5189 ὑπολήψεως
1708 5120 1845 5173 θεω-

260 5212 387 5286 ρίαν
414 5211 895 5284 χειραγωγοῦντος.
940 5210 1094 5265 Ἐπεὶ
1134 5205 1226 5264 οῦν
1256 5211 1286 5264 6
1315 5209 1489 5280 μέγας
1529 5210 1848 5277 ’Δπόστολος

258 5305 662 5375 καταπέτασμα
704 5303 805 5374 τῆς
854 5304 1005 5358 κάτω
1062 5303 1267 5374 σκηνῆς
1315 5302 1410 5373 τὴν
1456 5303 1635 5375 σάρκα
1681 5305 1847 5375 φησὶν

258 5394 404 5453 εἶναι
422 5415 437 5430 ο
466 5395 559 5450 διά
574 5395 637 5449 τὸ
661 5397 725 5450 ὲκ
754 5395 1035 5458 ποικίλων,
1059 5390 1233 5463 οἶμαι,
1254 5393 1363 5447 τῶν
1390 5393 1673 5466 τεσσάρων
1703 5411 1846 5449 στοι-

256 5488 420 5564 χείων
442 5488 589 5560 ἔχειν
615 5488 713 5558 τὴν
751 5486 1008 5541 σύστασιν
1028 5500 1042 5515 ·
1097 5484 1239 5554 τάχα
1275 5484 1369 5539 καὶ
1400 5485 1561 5548 αὐτὸς
1593 5487 1651 5539 ὲν
1675 5486 1844 5540 ὀπτα-

262 5589 357 5653 σίᾳ.
398 5583 497 5653 τῆς
541 5578 745 5651 σκηνῆς
790 5578 1110 5648 γενόμενος,
1163 5579 1220 5631 ἐν
1270 5578 1382 5641 τοῖς
1436 5577 1845 5652 ὑπερουρανίοις

368 5793 412 5826 ⁵ο
435 5791 456 5849 ι
482 5790 614 5851 Cor.
647 5808 759 5859 XIV,
793 5792 848 5847 2.
924 5790 967 5823 ⁸⁸
1002 5789 1164 5849 Ilebr.
1198 5809 1271 5864 Ix,
1299 5794 1333 5849 2
1360 5809 1479 5867 sqq.

1951 4768 2187 4823 cumque
2216 4752 2472 4806 universa
2504 4750 2557 4803 in
2590 4750 2710 4818 ipso
2740 4746 3035 4807 contineat,
3064 4759 3175 4797 non
3205 4741 3406 4810 injuria
3452 4749 3531 4793 ta-

1951 4847 2308 4902 bernaculum
2337 4848 2708 4910 nuncupatur.
2732 4838 2962 4908 Oportet
2988 4844 3169 4891 autem
3200 4843 3257 4887 ut
3281 4835 3524 4888 taberna-

1951 4940 2060 4996 culi
2122 4938 2263 4993 visio
2308 4934 2542 5006 mystico
2584 4930 2940 4987 tabernaculo
2976 4929 3059 4984 sic
3098 4927 3423 4990 conveniat,
3470 4936 3527 4977 ut

1947 5031 2161 5101 singula
2208 5028 2382 5098 ipsius
2412 5024 2479 5079 ad
2532 5023 2741 5093 aliquid
2788 5037 2897 5077 non
2941 5021 3224 5090 indignum
3270 5016 3528 5088 mysterio

1946 5137 2048 5177 nos
2097 5120 2372 5175 deducant
2419 5118 2467 5149 “
2539 5117 2611 5171 Ac
2662 5114 2921 5184 quoniam
2972 5112 3194 5167 divinus
3232 5109 3528 5179 Apostolus

1950 5215 2215 5270 visionem
2251 5211 2367 5280 ipse
2401 5222 2621 5278 quoque
2664 5207 2834 5261 totius
2865 5203 3202 5259 tabernaculi
3255 5214 3522 5255 consecu-

1952 5313 2065 5367 tus,
2106 5317 2231 5357 cum
2280 5302 2334 5354 in
2385 5298 2698 5353 caelestibus
2732 5295 2912 5367 adytis
2965 5309 3062 5363 per
3114 5291 3366 5362 spiritum
3421 5289 3524 5345 sibi

1951 5397 2211 5470 mysteria
2244 5392 2484 5465 paradisi
2526 5389 2763 5444 revelata
2814 5387 2925 5442 sint
2948 5387 3041 5448 δι’,
3087 5383 3354 5439 cortinam
3387 5381 3526 5436 infe-

1952 5490 2116 5547 rioris
2143 5482 2480 5543 tabernaculi
2508 5495 2731 5535 carnem
2757 5475 2966 5532 Christi
2988 5490 3111 5530 esse
3138 5473 3215 5528 ait
3243 5480 3526 5542 :propter-

1949 5599 2012 5639 ca
2053 5579 2198 5653 quod
2248 5591 2314 5633 ex
2363 5571 2622 5634 diversis,
2692 5566 2907 5638 opinor,
2963 5572 3194 5633 quatuor
3238 5564 3521 5624 clementis

1593 5793 1658 5829 ⁸³⁵
1684 5788 1727 5852 ΙΙ
1755 5791 1878 5850 Cor.
1907 5806 2002 5857 xu,
2027 5789 2079 5844 ι.
