3888 6356
373 351 481 408 383

1623 360 1679 417 s.
1725 348 2073 417 Guecomt‘
2098 363 2391 421 uvssem

3560 370 3657 426 584

371 470 677 539 composita
707 481 825 528 est:
863 488 971 528 non
1007 473 1113 530 erit
1147 475 1385 532 alienum
1417 477 1484 533 ad
1514 478 1655 533 hanc
1701 479 1954 549 apostoli-

2068 483 2299 549 ἀδύτοις,
2411 483 2504 538 διὰ
2545 486 2638 541 τοῦ
2692 488 2999 558 πνεύματος
3051 474 3407 558 damnumst-ir,
3458 486 3527 540 τὰ
3567 486 3657 541 τοῦ

370 575 493 615 cam
532 565 692 619 ιιιιίιιε
725 567 897 634 partis
927 568 1322 638 expositionem
1366 570 1744 640 respicientes,
1785 579 1955 627 totam

370 652 439 707 de
470 654 824 710 tabernaculo
855 665 1100 712 nostram
1142 660 1466 714 sententiam
1511 661 1806 731 explicare.
1840 660 1957 717 Fiet

370 754 551 799 autem
578 747 735 801 nobis
767 764 863 818 per
884 748 1058 819 ipsius
1088 750 1335 821 Apostoli
1363 753 1527 807 verba
1563 753 1615 807 in
1652 752 1957 823 intelligen-

369 840 443 892 tia
474 841 823 909 aenigmatum
853 842 1189 897 tabernaculi
1212 843 1423 898 facilior
1448 846 1629 901 aditus
1661 864 1674 901 :
1710 848 1783 901 ait
1809 849 1952 902 enim

368 929 436 984 de
466 929 777 1003 Uuigcuito,
821 949 984 1003 quem
1018 936 1240 991 nomine
1274 936 1612 992 tabernaculi
1650 941 1952 1008 nuncupari

367 1022 629 1086 diximus,
660 1028 786 1095 quia
821 1025 875 1079 in
908 1042 975 1080 eo
1005 1038 1186 1082 creata
1230 1037 1357 1084 sunt
1388 1030 1593 1093 omnia,
1633 1031 1868 1086 visibilia
1902 1043 1953 1085 et

367 1114 684 1179 invisibilia,
739 1116 856 1172 sive
898 1118 1109 1183 throni,
1156 1120 1271 1175 sive
1298 1127 1623 1190 potestates,
1656 1123 1770 1177 sive
1800 1126 1954 1192 prin-

364 1207 606 1278 cipatus,
638 1211 755 1265 sive
785 1210 1210 1279 dominationes,
1239 1213 1355 1267 sive
1386 1213 1618 1270 virtutes
1641 1215 1711 1267 ".

435 1393 584 1460 Quas
615 1394 686 1449 ob
725 1410 815 1450 res
846 1396 1380 1470 columnae-argento
1414 1409 1578 1470 atque
1609 1416 1744 1455 auro
1784 1401 1953 1456 reful-

363 1497 577 1558 gentes,
614 1496 667 1541 et
705 1498 909 1552 vectes,
952 1505 1015 1543 ac
1041 1492 1252 1550 annuli.
1293 1493 1560 1548 cherubin
1592 1510 1809 1564 quoque
1839 1496 1949 1562 illa,

363 1594 487 1648 quae
527 1578 644 1633 suis
681 1593 864 1632 arcam
894 1588 1195 1650 contegunt
1238 1582 1363 1643 alis,
1410 1590 1712 1653 caeteraque
1744 1586 1950 1651 omnia,

361 1685 486 1741 qua:
535 1668 603 1723 ad
646 1668 1029 1725 sustinendum
1065 1671 1580 1742 contegendumque
1627 1675 1954 1730 tabernacu-

362 1762 475 1817 lum
505 1761 919 1826 describuntur,
951 1763 995 1818 si
1030 1764 1154 1833 quis
1183 1764 1249 1819 ad
1283 1768 1541 1835 superius
1573 1767 1818 1837 respicit,
1851 1783 1951 1821 au-

2062 576 2390 645 παραδείσου
2451 579 2761 649 μυστήρια·
2817 579 2999 642 καλῶς
3051 578 3115 632 ἂν
3171 579 3284 648 ἔχοι
3330 581 3395 649 τῇ
3459 583 3655 650 μερεκῇ

2059 668 2424 738 προσέχοντας
2462 671 2753 743 ἑρμηνείᾳ,
2793 674 2972 725 πᾶσαν
3007 670 3103 742 τὴν
3150 672 3247 741 τῆς
3289 671 3499 742 σκηνῆς
3529 671 3658 725 θεω-

2062 760 2180 830 ρίαν
2244 762 2605 833 συναρμόζειν
2662 763 2739 831 τῷ
2803 763 2980 833 μέρει.
3040 762 3255 815 Γένοιτο
3304 763 3350 815 δ’
3394 763 3462 816 ἂν
3504 765 3655 834 ἡμῖν,

2055 850 2121 903 δι’
2171 852 2351 906 αὑτῶν
2397 854 2506 906 τῶν
2553 853 2648 907 τοῦ
2705 853 3031 907 Ἀποστόλου
3078 853 3274 921 λόγων,
3323 855 3355 922 ἡ
3406 853 3517 905 τῶν
3559 854 3656 923 τῆς

2059 944 2265 1015 σκηνῆς
2309 946 2648 1014 αἰνιγμάτων
2699 950 2985 1016 σαφήνεια.
3035 946 3171 1016 Φησὶ
3218 946 3327 1016 γάρ
3381 963 3484 998 που
3526 952 3656 1016 περὶ

2053 1033 2148 1086 τοῦ
2179 1035 2540 1103 Μονογενοῦς,
2570 1036 2631 1088 ὃν
2658 1036 2779 1090 ἀντὶ
2809 1037 2907 1106 τῆς
2937 1036 3142 1105 σκηνῆς
3191 1036 3543 1105 νενοήκαμεκι,
3574 1035 3656 1087 ὅτι

2057 1129 2115 1179 ὲν
2155 1127 2303 1198 αὐτῷ
2339 1127 2561 1198 ἐκτίσθη
2616 1128 2685 1182 τὰ
2729 1128 2945 1193 πάντα,
3001 1128 3070 1179 τὰ
3116 1127 3290 1197 ὁρατά
3331 1142 3393 1178 τε
3446 1126 3542 1179 καὶ
3590 1127 3659 1178 τὰ

2058 1219 2284 1289 ἀόρατα,
2330 1219 2439 1273 εἴτε
2483 1220 2682 1291 θρόνοι,
2719 1219 2828 1272 εἴτε
2869 1218 3129 1284 ἐξουσίαι,
3167 1217 3278 1271 εἴτε
3324 1218 3511 1289 ἀρχαὶ,
3547 1215 3658 1269 εἴτε

2061 1310 2395 1381 κυριότητες,
2445 1311 2554 1363 εἴτε
2599 1311 2876 1381 δυνάμεις.
3448 1320 3453 1323 ’

2128 1404 2337 1457 Οὐκοῦν
2390 1403 2571 1456 στύλοι
2613 1394 3104 1474 όιργυρολαμπεῖς,Δ
3145 1403 3240 1467 καί
3287 1402 3656 1475 χρυσήλατοι,

2057 1493 2151 1547 καὶ
2200 1496 2528 1567 ἀναφορεῖς,
2598 1496 2693 1549 καὶ
2749 1494 3063 1556 δακτύλιοι,
3126 1496 3220 1548 καὶ
3276 1495 3344 1547 τὰ
3392 1495 3659 1565 χερουϐὶμ

2056 1587 2267 1648 ἐκεῖνα,
2312 1587 2382 1641 τά
2425 1590 2545 1650 ταῖς
2576 1585 2802 1658 πτέρυξι
2834 1586 2931 1658 τὴν
2962 1586 3193 1639 κιϐωτὸν
3225 1587 3656 1659 ὲπεκρύπτοντα,

2057 1676 2149 1732 καί⁸
2180 1678 2348 1731 τᾶλλα
2386 1679 2585 1738 πάντα,
2618 1681 2718 1732 ὅσα
2747 1681 2778 1751 ἡ
2821 1679 2926 1748 τῆς
2955 1679 3333 1749 σκηνοπηγίας
3363 1679 3657 1752 ὑπογραφὴ

2056 1771 2320 1839 περιέχει.
2358 1772 2406 1822 εί
2443 1771 2541 1840 μέν
2572 1788 2655 1834 τις
2693 1771 2828 1842 πρὸς
2860 1770 2927 1823 τὰ
2962 1769 3073 1824 ἀνω
3108 1770 3293 1840 βλέποι
3320 1769 3561 1833 σκοπῶν,
3598 1772 3657 1822 αἱ

361 1856 610 1925 gelorum
641 1865 726 1910 est
758 1856 1056 1912 multitudo
1088 1858 1144 1912 in
1177 1860 1532 1914 tabernaculo
1560 1861 1681 1931 ipso
1715 1878 1950 1933 conspe-

2060 1864 2420 1934 ὑπερκόσμιοι
2448 1839 2927 1934 γδυνάμειςνείσὶν,
2974 1863 3029 1915 αἱ
3083 1839 3139 1914 ἐν
3188 1863 3255 1933 τῇ
3313 1863 3486 1930 σκηνῇ
3521 1862 3659 1913 θεω-

360 1954 603 2015 cta,qua
644 1960 909 2015 corporea
961 1947 1075 2003 h:ec
1123 1950 1425 2005 secundum
1468 1950 1564 2007 Dei
1615 1954 1950 2011 voluntatem

361 2037 715 2092 sustinentur
747 2048 915 2110 atquo
945 2049 1227 2111 teguntur.
1263 2042 1319 2098 ln
1370 2044 1462 2100 illo
1500 2046 1647 2100 enim
1701 2047 1953 2101 taberna-

360 2131 491 2184 culo
518 2130 635 2185 veri
667 2141 853 2187 vectes
887 2133 1064 2187 nostri
1113 2143 1167 2188 et
1201 2134 1449 2189 habitant
1483 2145 1533 2192 et
1581 2146 1731 2204 sunt,
1759 2139 1851 2208 qui
1883 2138 1950 2192 ad

361 2220 733 2277 ministerium
783 2223 1081 2279 mittuntur
1109 2236 1335 2296 propter
1366 2225 1579 2283 futuros
1613 2230 1807 2287 salutis
1842 2230 1953 2285 ha:-

363 2312 546 2376 redes,
580 2314 674 2381 qui
706 2312 870 2368 sicuti
915 2314 1139 2384 quidam
1172 2314 1363 2370 annuli
1403 2317 1455 2372 in
1490 2319 1706 2373 animos
1737 2320 1953 2374 salvan-

360 2402 560 2458 dorum
610 2404 1005 2469 immittuntur,
1059 2407 1127 2464 ad
1174 2409 1570 2464 sublimitatem
1614 2411 1834 2465 virtutis
1878 2412 1950 2469 ad

362 2504 568 2551 terram
613 2496 858 2567 deiectos
906 2499 1204 2556 elevantes.
1263 2499 1420 2555 llunc
1470 2509 1652 2557 autem
1701 2504 1971 2559 altiorem.

361 2602 485 2645 esse
506 2604 728 2645 sensum
749 2589 1049 2662 Scriptura:
1077 2592 1131 2646 in
1162 2592 1264 2647 hoc
1297 2593 1438 2660 loco,
1462 2595 1588 2651 inde
1610 2604 1777 2665 patet,
1805 2599 1948 2669 quod

322 2681 632 2737 'icherubin
674 2684 765 2737 illa
804 2686 1111 2741 materialia
1160 2687 1280 2743 suis
1312 2688 1419 2744 alis
1464 2691 1720 2761 tegebant
1749 2700 1950 2762 my~te—

318 2784 333 2853 ξ
362 2773 469 2839 ria,
507 2790 629 2846 qua:
660 2775 715 2830 in
747 2791 876 2832 arca
898 2785 1079 2843 erant,
1115 2786 1175 2835 ut
1211 2780 1391 2836 littera
1416 2781 1572 2836 dicit.
1599 2781 1732 2837 Nam
1767 2785 1819 2839 id
1853 2800 1952 2838 uo.

362 2881 488 2921 men
529 2867 596 2924 iis
651 2869 862 2939 angelis
902 2870 1247 2938 attribuitur,
1297 2881 1358 2929 ut
1391 2872 1561 2930 Isaias
1604 2883 1659 2930 ct
1701 2875 1951 2933 Ezechiel

363 2959 542 3023 aiunt,
583 2963 679 3031 qui
726 2964 873 3018 circa
912 2964 1153 3020 divinam
1182 2966 1521 3036 maiestatem
1558 2972 1949 3043 inspiciuntur.

365 3050 503 3105 Arca
539 3068 672 3107 vero
704 3054 929 3112 foederis
959 3056 1062 3111 alis
1095 3059 1338 3127 ipsorum
1379 3061 1646 3117 cherubin
1678 3072 1948 3129 contecta,

2059 1956 2347 2026 ρούμεναι,
2404 1958 2460 2009 αἱ
2508 1956 2647 2008 κατά
2686 1954 2839 2008 θείαν
2876 1953 3129 2026 βούλησιν
3166 1952 3227 2006 τὸ
3273 1954 3380 2005 πᾶν
3433 1952 3658 2023 ὑπερεί-

2053 2048 2258 2101 δουσαι.
2320 2048 2550 2112 Ἐκεῖνοι
2597 2046 2842 2117 ἀληθινοὶ
2894 2046 3191 2115 ἀναφορεῖς
3239 2043 3415 2113 ἡμῶν,
3472 2045 3523 2095 οί
3573 2043 3657 2105 είς

2052 2140 2329 2194 διακονίαν
2372 2139 2826 2210 ἀναστελλόμενοι
2869 2137 2975 2208 διὰ]
3000 2138 3127 2199 τοὺς
3172 2135 3465 2208 μέλλοντας
3520 2136 3655 2207 κληο

2055 2238 2303 2306 ρονομεῖν
2346 2232 2637 2306 σωτηρίαν,
2688 2235 2737 2287 οἱ
2774 2232 3026 2303 καθάπερ
3052 2229 3356 2292 δακτυλίοις
3386 2228 3498 2282 τισὶ
3531 2231 3656 2292 ταῖς

2051 2328 2248 2399 ψυχαῖς
2278 2327 2434 2398 ἡμῶν
2482 2326 2816 2397 ένειρόμενοι
2869 2323 2980 2377 τῶν
3033 2322 3377 2392 σωζομένων,
3415 2319 3482 2373 δι’
3527 2322 3656 2373 ἑαυο

2050 2420 2160 2474 τῶν
2192 2420 2325 2491 πρὸς
2355 2418 2417 2472 τὸ
2447 2418 2579 2488 ὕψος
2611 2417 2709 2488 τῆς
2740 2418 2942 2488 ἀρετῆς
2969 2416 3094 2479 τοὺς
3123 2414 3408 2485 κειμένους
3434 2415 3528 2467 ἐπὶ
3555 2414 3656 2485 τῆς

2052 2512 2156 2582 γῆς
2203 2511 2587 2583 ἀναφέροντες.
2622 2508 2904 2580 Χερουϐὶμ
2944 2507 3003 2561 δὲ
3038 2506 3206 2560 είπὼν
3232 2509 3261 2560 ὁ
3291 2505 3449 2577 λόγος
3479 2522 3654 2562 κατα.-

2053 2602 2396 2657 καλύπτοντα
2430 2602 2550 2665 ταῖς
2600 2597 2825 2670 πτέρυξι
2874 2597 2943 2651 τὰ
2990 2596 3289 2667 ὲγκείμενα
3323 2598 3389 2666 τῇ
3434 2593 3656 2666 κιΰωτῷ

2052 2699 2150 2768 τῆς
2209 2695 2474 2766 διαθήκης
2530 2695 2825 2764 μυστήρια,
2881 2690 3087 2762 βεϐαιοῖ
3136 2689 3232 2761 τὴν
3295 2688 3656 2744 ἀποδοθεῖσαν

2054 2785 2184 2854 ἡμῖν
2211 2785 2362 2855 παρά
2395 2784 2492 2854 τῆς
2527 2781 2730 2852 σκηνῆς
2763 2781 3013 2851 θεωρίαν.
3047 2779 3120 2832 Τὸ
3151 2779 3259 2850 γὰρ
3287 2778 3459 2849 ὄνομα
3494 2778 3656 2832 τοῦτο

2052 2876 2161 2928 τῶν
2202 2877 2331 2948 περὶ
2376 2876 2477 2946 τὴν
2527 2874 2678 2928 θείαν
2731 2872 2893 2940 φύσιν
2944 2871 3334 2942 θεωρουμένων
3371 2871 3654 2940 δυνάμεων

2057 2969 2478 3041 μεμαθήκαμεν,
2504 2968 2568 3032 ἃς
2598 2970 2626 3021 ό
2666 2966 2894 3029 Ἡσαΐας
2925 2967 3018 3020 καὶ
3050 2967 3079 3018 ὁ
3107 2962 3366 3037 ἰεζνξκιὴλ
3394 2964 3689 3035 κατεκάη-ί

2057 3078 2178 3115 σαν.
2222 3062 2284 3113 Ἡ
2317 3061 2372 3113 δὲ
2403 3059 2633 3123 κιϐωτὸς
2660 3058 2758 3129 τῆς
2793 3057 3076 3128 διαθήκης,
3108 3055 3500 3126 κεκαλυμμένη
3529 3057 3653 3118 ταῖς

365 3142 456 3197 hic
487 3143 617 3199 illud
648 3145 871 3212 dicitur,
909 3148 1054 3218 quod
1098 3150 1241 3217 apud
1279 3152 1478 3206 lsaiam
1510 3152 1645 3207 facie
1672 3156 1947 3224 signiﬁca-

2060 3152 2305 3225 πτέρυξι,
2354 3153 2427 3224 μὴ
2475 3152 2729 3217 ξενιζέτω
2780 3152 2877 3220 τὴν
2925 3149 3125 3220 ἀκοήνο
3184 3148 3278 3202 καὶ
3326 3149 3433 3220 γὰρ
3478 3150 3537 3201 ὲν
3572 3149 3653 3221 τῷ

367 3244 476 3291 tur.
512 3237 646 3290 Nam
691 3248 749 3294 ut
779 3255 907 3293 arca
940 3240 1048 3303 hic,
1084 3241 1157 3295 ita
1191 3243 1262 3297 ibi
1300 3242 1471 3299 facies
1506 3246 1818 3303 cherubiris
1847 3249 1951 3306 alis

364 3329 581 3399 contegi
606 3328 929 3385 allirmatur.
964 3331 1142 3386 Unum
1176 3335 1341 3404 igitur
1372 3339 1439 3390 ab
1473 3341 1721 3409 utrisque
1746 3342 1951 3412 signiti-

365 3421 481 3475 cari
530 3436 635 3475 non
680 3423 1023 3481 dubitamus.
1063 3426 1286 3483 Videtur
1335 3440 1516 3484 autem
1561 3434 1691 3487 tnihi
1747 3434 1954 3488 incom-

304 3570 309 3583 _
367 3514 731 3583 prehensibile
761 3516 925 3584 hujus
953 3520 1369 3587 speculatiouis,
1412 3539 1533 3591 quae
1561 3523 1630 3578 de
1665 3525 1955 3579 inell'aloili-

310 3648 311 3651 η
367 3607 470 3661 bus
499 3616 604 3671 est,
638 3609 982 3679 :enigmatice
1012 3612 1335 3682 significari.
1377 3615 1511 3670 Cum
1545 3632 1674 3671 vero
1708 3619 1774 3672 de
1806 3619 1954 3689 lych-

366 3698 474 3759 nis,
510 3697 561 3752 id
594 3706 698 3767 est,
722 3700 964 3757 lucernis
984 3704 1162 3769 audis,
1185 3704 1329 3774 quod
1363 3714 1572 3775 septem
1602 3708 1863 3777 partito“
1888 3726 1953 3764 ex

367 3806 475 3844 una
499 3790 616 3845 basi
645 3807 711 3846 ac
738 3793 921 3848 radice
951 3794 1265 3850 candelabri
1290 3799 1762 3860 sustentabantur,
1789 3809 1844 3853 ut
1868 3800 1957 3853 lux

367 3884 713 3939 abundanter
762 3870 1004 3955 undique
1055 3887 1382 3955 perluceret,
1423 3889 1549 3957 jure
1593 3890 1957 3945 multiformes

367 3978 596 4048 spiritus
623 3977 862 4048 fulgores
891 3981 946 4032 in
974 3980 1076 4033 hoc
1108 3980 1461 4036 tabernaculo
1479 3982 1958 4051 pcrl'ulgereimel-

368 4070 541 4139 liges;
577 4078 784 4139 septem
823 4071 1025 4139 partito
1045 4070 1093 4102 ”
1130 4073 1277 4126 enim
1317 4073 1546 4141 spiritus
1582 4075 1765 4129 radios
1793 4076 1955 4128 etiam

368 4159 540 4215 Isaias
579 4161 812 4230 partitus
857 4172 960 4217 est.
1006 4160 1455 4231 PrOpitiatorium
1486 4173 1669 4220 autem
1700 4168 1831 4236 quid
1864 4172 1953 4230 sit,

368 4269 477 4309 non
509 4270 650 4325 opus
679 4257 1024 4325 expositione
1057 4257 1165 4310 ulla
1199 4268 1256 4312 ut
1286 4258 1643 4328 intelligatur,
1668 4276 1791 4312 cum
1818 4260 1960 4328 Apo-

368 4345 543 4400 stolus
567 4344 620 4399 id
648 4347 985 4412 enodaverit,
1017 4348 1110 4416 qui
1142 4348 1215 4401 ait
1246 4366 1259 4401 :
1294 4368 1311 4399 ι
1335 4365 1493 4418 quem
1524 4350 1830 4403 animarum
1860 4367 1958 4405 no-

367 4449 606 4493 strarum
652 4440 1089 4508 propitiatorium
1127 4443 1432 4511 proposuit.
1474 4460 1492 4493 ι
1530 4441 1716 4496 Altare
1747 4460 1873 4496 veto
1905 4452 1958 4497 et

2069 3247 2266 3318 Ἡσαΐᾳ
2297 3245 2358 3299 τὸ
2396 3245 2580 3315 ὅμοιον
2631 3242 2746 3296 ἐστι
2800 3242 3013 3313 μαθεῖν,
3064 3243 3123 3294 έν
3168 3241 3450 3310 αἰνίγματι
3499 3238 3653 3309 παρά

2054 3336 2148 3391 τοῦ
2200 3337 2481 3408 προφήτου
2535 3334 2663 3406 περὶ
2711 3333 2821 3386 τῶν
2867 3331 3153 3404 πτερύγοιν
3198 3332 3518 3402 λεγόμενον·
3548 3325 3653 3384 ὅδε

2057 3430 2155 3499 μὲν
2183 3431 2214 3499 ἡ
2243 3428 2495 3492 κιϐωτὸς,
2529 3429 2646 3481 ἐκεῖ
2683 3426 2737 3480 δὲ
2776 3425 3087 3498 πρόσωπον,
3118 3424 3194 3488 ὼς
3224 3424 3340 3486 ἑνὸς
3367 3423 3519 3488 ὄντος
3558 3421 3653 3475 τοῦ

2057 3522 2113 3573 ἐν
2147 3522 2477 3591 ἀμφοτέροις
2506 3517 2817 3589 νοουμένου,
2855 3518 2993 3587 ὅπερ
3045 3534 3134 3587 μοι
3178 3516 3324 3568 δοκεῖ
3349 3515 3413 3567 τὸ
3445 3514 3653 3568 ἀκατά-

2057 3612 2261 3682 ληπτον
2310 3611 2409 3682 τῆς
2454 3611 2563 3662 τῶν
2621 3611 2948 3681 ἀπορρήτων
3001 3606 3232 3677 Θεωρίας
3288 3606 3647 3659 αἰνίσσεσθαι.

2055 3705 2176 3759 Κᾶν
2217 3704 2344 3775 περὶ
2388 3704 2597 3773 λύχνων
2636 3701 2873 3771 ἀκούσῃς
2925 3698 3260 3767 πολυσχιδῶς
3304 3700 3368 3751 ὲκ
3400 3697 3529 3767 μιᾶς
3558 3696 3656 3749 λυ-

2057 3798 2208 3868 χνίας
2241 3792 2611 3868 ἀνεχομένων,
2662 3794 2800 3847 ὥστε
2848 3793 3077 3862 ἄεθονον
3116 3788 3255 3845 εἶναι
3295 3792 3388 3844 καὶ
3430 3790 3655 3860 δαψιλὲς

2056 3891 2116 3942 τὸ
2148 3889 2261 3960 φῶς
2293 3887 2629 3956 πανταχόθεν
2683 3886 3065 3956 λαμπόμενον
3117 3884 3218 3937 οὐκ
3258 3882 3322 3936 ἂν
3362 3882 3649 3953 ἁμάρτοις,

2055 3983 2155 4047 τὰς
2200 3982 2497 4045 πολυειδεῖς
2534 3979 2628 4032 τοῦ
2674 3977 2983 4048 πνεύματος
3028 3977 3394 4047 μαρμαρυγὰς
3426 3974 3653 4045 διαπρέ-

2059 4093 2179 4127 πειν
2228 4074 2400 4146 ταύτῃ
2454 4075 2519 4143 τῇ
2564 4074 2736 4141 σκηνῇ
2777 4069 3146 4139 λογιζόμενος,
3200 4066 3379 4131 ant‘o;
3422 4066 3654 4131 Ἠσοῖας

2060 4143 2496 4233 ρησὶνδέπταχῆ
2528 4159 2764 4231 ⁸διαιρῶν
2818 4159 2916 4221 τὰς
2963 4158 3315 4227 λαμπηδόνας
3362 4153 3455 4209 τοῦ
3491 4156 3656 4209 mati-

2061 4273 2248 4326 ματος.
2279 4256 2351 4307 Τὸ
2382 4255 2438 4308 δὲ
2467 4254 2777 4323 ἱλαστήριον
2809 4251 2931 4304 οὐδὲ
2971 4250 3266 4321 ἑρμηνείας
3293 4246 3440 4320 οἶμαι
3485 4266 3657 4321 προσ-

2057 4349 2296 4411 δέεσθαι,
2325 4345 2418 4400 τοῦ
2445 4341 2773 4398 Ἀποστολου
2808 4344 2863 4396 τὸ
2913 4341 3294 4413 κεκρυμμένον
3328 4342 3656 4411 γυμνώσαν-

2058 4459 2169 4505 τος,
2192 4442 2244 4503 ὃς
2270 4452 2456 4507 φησιν·
2474 4439 2580 4492 ὅτις
2616 4437 2674 4489 ὃν
2700 4434 2962 4505 προέθετο
2986 4433 3013 4485 ὁ
3045 4434 3177 4496 Θεὸς
3216 4434 3526 4504 ἱλαστήριον
3548 4432 3658 4485 τῶν

367 4530 708 4583 thuribulum
732 4549 856 4583 cum
887 4533 1070 4593 audio,
1101 4534 1475 4587 adorationem
1500 4535 1761 4604 intelligo,
1789 4552 1950 4603 quam

2060 4532 2246 4604 ψυχῶν
2316 4528 2542 4602 ἡμῶν.
2572 4528 2955 4597 θυσιαστήριον
3021 4524 3077 4577 δὲ
3148 4526 3241 4577 καὶ
3300 4525 3658 4594 θυμιατήριον

369 4622 497 4675 huic
514 4625 867 4677 taberuaCulo
883 4626 1138 4679 cmlestcs
1156 4626 1386 4681 virtutes
1406 4627 1655 4681 alferunt.
1676 4628 1790 4681 Non
1811 4630 1954 4682 cnim

369 4714 546 4767 solum
575 4713 897 4769 inferiormn
926 4725 1088 4786 atque
1115 4718 1480 4782 terrestrium,
1516 4720 1609 4774 sed
1646 4721 1955 4775 cutlestium

368 4820 591 4875 quoque
630 4806 872 4876 linguam
905 4809 981 4861 ait
1026 4809 1237 4862 laudem
1270 4820 1436 4881 atque
1483 4812 1735 4881 gloriam,
1779 4821 1836 4866 ut
1874 4829 1961 4868 re-

366 4912 496 4952 rum
534 4901 779 4953 omnium
826 4901 1120 4971 principio,
1152 4903 1382 4959 reddere
1421 4924 1435 4958 :
1480 4904 1532 4959 id
1563 4906 1709 4960 enim
1745 4915 1960 4976 gratum

368 5001 456 5047 est
486 4992 588 5062 ipsi
627 4993 984 5062 sacriﬁcium,
1029 4996 1563 5059 labiorum‘frucms.
1607 5008 1663 5053 ut
1712 5001 1788 5054 ait
1817 5002 1964 5071 Apo-

2065 4626 2299 4690 ἀκούων,
2329 4627 2435 4680 νοῶ
2478 4625 2573 4695 τὴν
2612 4619 2878 4692 διηνεκῶς
2919 4617 3340 4688 ἐπιτελουμένην
3380 4619 3444 4687 τῇ
3483 4616 3657 4684 σκηνῇ

2062 4719 2239 4790 ταύτῃ
2283 4717 2392 4771 τῶν
2437 4715 2773 4787 ἐπουρανίων
2815 4711 3204 4783 προσκύνησιν.
3237 4710 3310 4762 Ού
3356 4708 3466 4779 γάρ
3500 4708 3660 4778 μόνον

2064 4812 2326 4878 ἐπιγείων
2374 4808 2469 4860 καὶ
2519 4802 2910 4875 ύπερχθονίων,
2942 4800 3077 4855 ἀλλά
3127 4801 3223 4854 καὶ
3278 4799 3387 4852 τῶν
3430 4799 3662 4870 ἐπουρα-

2059 4901 2189 4955 νίων
2231 4900 2331 4972 τὴν
2369 4895 2621 4967 γλῶσσάν
2662 4911 2827 4965 φησιν
2863 4892 3210 4961 ἀναπέμπειν
3257 4890 3351 4943 τὸν
3392 4884 3543 4942 αἶνον
3589 4890 3656 4959 τῇ

2059 4993 2168 5049 τῶν
2200 4993 2418 5047 πάντων
2449 4990 2610 5061 ἀρχῇ.
2644 4986 2815 5040 Τοῦτο
2844 4985 2902 5038 δέ
2942 4986 3145 5053 ἐστινὴ
3180 4982 3553 5053 κεχαρισμένη
3580 4979 3661 5050 τῷ

369 5084 549 5140 stolus
572 5085 642 5150 ",
695 5094 751 5142 et
796 5086 934 5141 odor
974 5088 1262 5144 orationis.
1316 5088 1472 5155 Quod
1526 5091 1571 5145 si
1621 5092 1830 5147 torium
1880 5094 1954 5151 his

2062 5086 2184 5158 Θεῷ
2206 5085 2386 5149 θυσία,
2418 5084 2477 5137 τὸ
2508 5081 2788 5152 κάρπωμα
2813 5076 2921 5132 τῶν
2950 5074 3195 5147 χειλέων,
3227 5070 3409 5135 καθὼς
3438 5088 3605 5141 φησιν
3636 5073 3663 5124 ό

369 5176 534 5231 etiam
574 5177 718 5234 inest
742 5179 928 5235 colore
955 5195 1250 5251 purpureo.
1279 5189 1334 5237 et
1367 5185 1460 5251 pili
1495 5184 1707 5246 intexti,
1737 5200 1846 5239 non
1880 5195 1960 5240 ta-

373 5281 496 5323 men
529 5269 927 5338 speculationis
956 5269 1122 5339 hujus
1158 5271 1334 5326 series
1363 5274 1793 5341 perturbabitur.
1826 5272 1960 5329 Nam
2021 5331 2025 5336 ,

372 5360 568 5416 oculus
604 5360 694 5416 ille
726 5362 1080 5432 propheticus
1114 5363 1169 5416 iu
1217 5362 1610 5419 altissimarum
1644 5364 1745 5419 hac
1777 5381 1960 5420 rerum

376 5451 611 5517 visione,
653 5456 951 5510 salutarem
983 5471 1205 5526 quoque
1242 5455 1457 5511 Domini
1494 5459 1804 5528 passionem
1835 5466 1962 5512 tan-

375 5559 540 5613 quam
569 5560 601 5601 e
627 5549 847 5613 specula
880 5549 1181 5620 prospexit,
1214 5564 1376 5620 quam
1409 5566 1473 5606 ex
1522 5559 1755 5620 utroque
1779 5550 1960 5607 dicto-

379 5652 498 5693 mm
533 5640 895 5712 significatam
930 5643 1100 5698 fuisse
1128 5658 1235 5697 non
1268 5643 1508 5714 ambigo.
1553 5641 1782 5698 [ὶιώράο
1813 5644 1958 5699 enim

464 5818 509 5851 "
538 5817 751 5876 Coloss.
782 5836 818 5885 t,
854 5819 942 5874 16.
1031 5822 1075 5855 ⁸³
1108 5819 1210 5878 Ιιεα.
1247 5825 1395 5888 xui.
1447 5824 1519 5857 ’⁸⁸
1562 5821 1724 5879 llebr.
1762 5842 1838 5882 ιι.
1868 5824 1921 5880 5.

2082 5178 2427 5242 Ἀπόστολος,
2479 5175 2573 5228 καὶ
2623 5171 2733 5225 τῶν
2784 5167 3101 5242 προσευχῶν
3151 5169 3184 5237 ἡ
3245 5162 3459 5218 εὐωδία.
3496 5164 3561 5216 Ei
3604 5160 3663 5214 δὲ

2071 5272 2168 5327 καὶ
2210 5270 2388 5342 δέρμα
2429 5270 2488 5321 ὲν
2538 5264 2745 5327 τούτοις
2794 5263 2987 5333 ὁρᾶται
3035 5254 3455 5327 πεφοινιγμένον
3490 5254 3661 5325 βαφῇ,

2073 5382 2168 5419 και
2202 5364 2384 5434 τρίχες
2432 5355 2842 5431 ὲξυφανθεῖσαι·
2885 5352 3005 5405 οὐδὲ
3033 5342 3189 5413 οὗτος
3247 5349 3277 5400 ό
3325 5346 3516 5419 είρμὸς
3552 5345 3663 5417 ιιῆς

2074 5457 2306 5530 θεωρίας
2356 5453 2767 5521 διακοπήσεται.
2825 5446 2884 5499 '0
2930 5445 3038 5516 γάρ
3086 5439 3423 5512 προφητικὸς
3467 5436 3665 5530 dolia-l-

2075 5526 2198 5624 ρος,
2231 5551 2288 5604 ἐν
2315 5551 2382 5619 τῇ
2408 5545 2516 5599 τῶν
2557 5542 2717 5598 θείων
2753 5537 2989 5607 ὀπτασίᾳ
3027 5538 3327 5604 γινόμενος,
3359 5532 3481 5624 εκεῖ
3531 5526 3663 5624 καθ-

2071 5621 2309 5713 εώραται
2358 5634 2805 5712 προσωρισμένον
2852 5631 2912 5686 τὸ
2963 5628 3230 5699 σωτήριον
3271 5622 3473 5687 πάθος
3528 5621 3663 5690 ὅπερ

2034 5823 2078 5857 ⁸⁸
2114 5819 2279 5877 llcbr.
2308 5832 2428 5882 xm,
2464 5812 2546 5870 l5.
