3888 6396
345 360 452 419 585

1685 363 1774 420 DE
1805 359 1965 417 VITA
1995 358 2268 417 MOYSIS.

3510 362 3615 422 386

345 476 402 526 ὲν
428 470 677 543 ἑκατέρῳ
697 467 803 522 τῶν
829 464 1134 539 εἰρημένων
1167 462 1490 535 σημαίνεται
1509 480 1523 495 ο
1550 462 1643 516 τοῦ
1682 465 1779 534 μὲν
1809 466 1925 535 ὲρυ-

2038 480 2380 549 sanguinem,
2411 479 2503 551 pili
2527 490 2708 537 autem
2736 489 2965 537 mortem
2990 482 3308 540 ostendunt.
3329 481 3465 539 Nam
3489 497 3613 539 cum

348 563 592 636 ϐήματος
626 560 688 615 τὸ
723 554 885 631 αἷμα,
920 557 1020 630 τῆς
1061 556 1118 610 δὲ
1168 555 1350 628 τριχὸς
1384 554 1788 627 ἑρμηνευούσης
1827 554 1926 627 τὴν

350 660 638 731 νέκρωσιν.
672 655 933 724 ’Δμοιρος
966 651 1074 721 γάρ
1121 648 1425 719 αἰσθήσεως
1456 649 1489 719 ή
1535 646 1658 719 τρὶξ
1700 646 1778 718 τῷ
1816 646 1925 700 σώ-

354 766 488 821 ματι
515 764 530 777 ·
563 745 645 799 διὸ
673 743 880 816 κυρίως
911 742 1235 813 νεκρότητος
1252 739 1460 808 γίνεται
1494 737 1778 809 σύμϐολον.

417 840 595 893 Ὅταν
635 838 736 909 μὲν
764 831 858 889 οὖν
889 834 986 905 τὴν
1020 832 1132 886 ἄνω
1172 832 1373 903 σκηνὴν
1404 831 1606 904 βλέπη
1639 829 1808 883 ταῦτα
1837 828 1926 884 διά

340 935 552 990 τούτων
584 935 613 986 ὁ
665 929 953 1002 προφήτης
982 928 1101 997 ὁρᾷ.
1158 925 1219 977 Εί
1262 924 1320 977 δέ
1357 942 1441 989 τις
1468 923 1566 995 τὴν
1607 922 1757 976 κάτω
1794 939 1926 993 σκη-

342 1030 440 1099 νὴν
472 1024 701 1094 θεωροίη
724 1039 739 1055 ο
788 1019 975 1093 ἐπειδὴ
1009 1018 1249 1089 πολλαχῆ
1295 1017 1528 1088 Χριστὸς
1561 1019 1594 1087 ἠ
1633 1015 1926 1088 Ἐκκλησία

345 1120 500 1191 παρὰ
545 1118 638 1170 τοῦ
690 1115 905 1170 Παύλου
962 1110 1433 1182 κατονομάζεται·
1486 1108 1665 1173 καλῶς
1699 1109 1764 1163 ἂν
1810 1109 1925 1181 ἔχοι

345 1212 475 1274 τούς
508 1210 790 1281 ὑπηρέτας
817 1207 912 1260 τοῦ
945 1206 1089 1261 θείου
1115 1207 1437 1279 μυστηρίου,
1463 1205 1555 1270 οὓς
1583 1207 1676 1259 καὶ
1702 1205 1925 1268 στύλους

342 1305 444 1374 τῆς
508 1300 834 1371 Ἐκκλησίας
891 1299 1250 1370 κατονομάζει
1297 1301 1325 1352 ὁ
1364 1298 1540 1367 λόγος,
1598 1298 1925 1363 ἀποστόλους

345 1412 404 1449 τε
435 1393 528 1463 καὶἔ
559 1390 906 1454 διδασκάλους
937 1390 1031 1443 καὶ
1059 1390 1365 1461 προφήτας.
1397 1388 1464 1442 τὰ
1484 1390 1720 1459 ὀνόματα
1752 1386 1925 1443 ταῦτα

344 1484 637 1555 ὀνομάζειν
670 1476 830 1535 εἶναι.
863 1482 937 1534 Οὐ
979 1479 1087 1551 γὰρ
1117 1480 1276 1549 μόνον
1305 1479 1507 1551 Πέτρος
1541 1481 1633 1533 καὶ
1674 1479 1925 1552 Ἰωάννης

345 1579 442 1633 καὶ
506 1574 802 1639 Ἰάκωϐος,
850 1572 1033 1625 στύλοι
1075 1573 1174 1642 τῆς
1218 1571 1543 1641 Ἐκκλησίας
1593 1572 1764 1624 εἰσίν·
1806 1571 1926 1625 οὐδὲ

348 1670 509 1742 μόνος
557 1670 585 1720 ὁ
638 1664 951 1736 Βαπτιστὴς
1013 1663 1266 1732 Ἰωάννης
1311 1665 1340 1716 ὁ
1389 1663 1578 1734 λύχνος
1607 1658 1675 1735 ἦν
1704 1663 1925 1734 καιόμε-

348 1779 466 1826 νοςο
518 1761 653 1815 ἀλλὰ
705 1760 905 1820 πάντες
952 1759 1001 1810 οἱ
1054 1756 1120 1810 δι’
1176 1754 1385 1809 ἑαυτῶν
1432 1759 1529 1827 τὴν
1599 1758 1925 1825 Ἐκκλησίαν

347 1854 666 1926 ἐρείδοντες,
711 1851 803 1931 κα).
852 1851 901 1902 oi
951 1849 1038 1902 διὰ
1088 1848 1194 1902 τῶν
1242 1849 1385 1902 ἰδίων
1411 1847 1586 1920 ἔργων
1641 1849 1925 1919 φωστῆρες

344 1946 641 2015 γινόμενοι,
689 1944 783 1996 καὶ
812 1941 993 1994 στύλοι
1026 1941 1121 1993 καὶ
1154 1940 1332 2010 λύχνοι
1362 1940 1631 2008 λέγονται.
1669 1959 1688 1993 ι
1737 1940 1925 2011 Ὑμεῖς

344 2040 471 2091 ἐστε
496 2038 556 2090 τὸ
598 2035 715 2105 φῶς
742 2034 836 2089 τοῦ
868 2034 1096 2105 κόσμου,
1142 2052 1160 2085 ι
1202 2033 1335 2102 φησὶ
1366 2033 1501 2102 πρὸς
1539 2032 1664 2095 τοὺς
1693 2030 1925 2084 ἀποστό-

344 2130 471 2192 λους
510 2130 538 2181 ὁ
583 2128 805 2197 Κύριος.
838 2126 947 2178 Καὶ
977 2125 1138 2178 πάλιν
1178 2124 1398 2196 ἑτέρους
1426 2126 1455 2177 ό
1486 2122 1639 2186 Θεῖος
1678 2123 1930 2177 Ἀπόστο-

345 2223 434 2282 lo;
464 2219 683 2281 στύλους
715 2216 1257 2281 είναιδιακελεύεται,
1277 2215 1450 2284 λέγων
1470 2233 1483 2246 θ
1520 2235 1538 2268 ι
1578 2217 1814 2289 Ἐδραῖοι
1838 2215 1924 2285 γί-

342 2301 497 2354 νεσθε
542 2303 635 2354 καὶ
677 2303 1251 2373 άμετακίνητοι,ιΚαὶ
1304 2303 1397 2357 τὸν
1445 2303 1708 2375 Τιμόθεον
1766 2304 1928 2357 καλὸν

342 2391 534 2445 στύλον
583 2394 929 2463 ἐτεκτήνατο,
979 2395 1207 2466 ποιήσας
1255 2395 1414 2449 αὐτὸν
1456 2394 1657 2465 (καθώς
1691 2413 1822 2466 φησι
1860 2397 1924 2466 τῇ

344 2485 451 2558 ἰδίᾳ
514 2489 689 2558 φωνῇ)
738 2486 926 2539 στύλον
980 2487 1076 2539 καὶ
1126 2486 1405 2557 ἑδραίωμα
1452 2489 1550 2558 τῆς
1604 2486 1929 2556 Ἐκκλησίας

347 2576 622 2646 ἀληθείας.
669 2575 757 2629 Ἐν
794 2575 965 2650 ταύτῃ
1002 2578 1068 2647 τῇ
1117 2578 1289 2646 σκηνῇ
1325 2575 1418 2628 καὶ
1454 2574 1614 2629 θυσία
1647 2575 1745 2645 τῆς
1786 2575 1927 2628 αἰνέ-

354 2686 507 2732 σεως,
547 2669 637 2722 καὶ
672 2666 919 2739 θυμίαμα
962 2667 1061 2738 τῆς
1094 2668 1414 2739 προσευχῆς,
1450 2668 1482 2737 ἡ
1525 2665 1604 2738 τῷ
1631 2666 1810 2737 ὄρθρῳ
1838 2667 1928 2718 καὶ

343 2758 410 2827 τῇ
446 2756 653 2830 ἑσπέρᾳ
692 2756 1055 2828 ἐνεργουμένη
1084 2755 1172 2808 διὰ
1201 2754 1399 2819 παντὸς
1429 2756 1727 2826 καθορᾶται
1747 2771 1760 2784 ⁸
1788 2758 1927 2808 νοεῖν

340 2845 395 2898 δὲ
446 2846 627 2899 δίδωσι
684 2847 855 2900 ταῦτα
894 2850 922 2900 ὁ
969 2845 1143 2918 μέγας
1204 2847 1389 2911 Δαυῖδ,
1450 2846 1793 2901 κατευθύνων
1848 2847 1925 2911 είς

339 2937 516 3008 ὀσμὴν
554 2937 780 3001 εὐωδίας
817 2936 894 3009 τῷ
931 2938 1049 3009 Θεῷ
1082 2939 1181 3010 τῆς
1209 2939 1516 3011 προσευχῆς
1556 2938 1616 2991 τὸ
1656 2938 1922 3008 θυμίαμα·

343 3030 436 3083 καὶ
468 3028 556 3083 διὰ
592 3030 692 3100 τῆς
751 3031 1026 3094 ἐκτάσεως
1062 3029 1171 3083 τῶν
1220 3030 1440 3100 χειρῶν,
1489 3029 1788 3101 ἱερουργῶν
1829 3028 1926 3101 τὴν

2037 570 2091 623 in
2122 584 2350 642 corpore
2381 572 2525 643 pilus
2548 572 2755 643 absque
2787 589 2953 630 sensu
2985 575 3077 641 sit,
3110 590 3219 631 non
3246 575 3445 646 injuria
3471 591 3618 631 mot-

2038 665 2107 718 tis
2145 664 2453 738 symbolum
2485 664 2710 722 dicitur.

2107 847 2231 904 Haec
2264 850 2427 919 igitur
2454 851 2509 904 in
2539 851 2824 921 superiore
2855 851 3209 905 tabernaculo
3238 852 3615 909 materialibus

2037 938 2144 994 illis
2170 939 2479 1009 signiﬁcata
2511 953 2785 1010 putamus.
2816 940 2870 994 In
2895 939 3152 995 inferiore
3177 942 3323 1005 ve’ro,
3353 938 3637 1017 quoniam:

2037 1032 2232 1100 Saepius
2257 1046 2284 1083 a
2320 1030 2489 1086 Paulo
2520 1032 2761 1088 Ecclesia
2814 1031 3065 1087 Christus
3107 1033 3431 1101 appellatur,
3459 1022 3635 1095 Chri-E

2035 1131 2154 1179 stus
2184 1134 2388 1187 autem,
2419 1133 2478 1178 ut
2501 1126 2761 1185 diximus.
2792 1126 3046 1194 superius
3070 1125 3480 1180 tabernaculum
3507 1134 3613 1189 est,

2038 1232 2144 1269 non
2174 1224 2260 1272 est
2305 1217 2570 1283 alienum,
2595 1219 2641 1273 si
2684 1218 2808 1287 quis
2840 1218 3139 1272 Ecclesiam
3185 1233 3337 1272 suam
3385 1218 3613 1272 inferius

2035 1324 2157 1363 esse
2186 1309 2599 1363 tabernaculqu
2628 1310 2948 1371 arbitretur,
2982 1311 3032 1362 iu
3058 1325 3166 1377 quo
3196 1311 3461 1363 columna:
3486 1317 3614 1363 sunt

2036 1398 2421 1467 mysteriorum
2455 1398 2713 1453 Ecclesia:
2749 1399 3009 1463 ministri,
3049 1414 3190 1468 quos
3224 1400 3328 1451 hoc
3368 1400 3487 1468 ipso
3518 1414 3616 1453 uo-

2038 1489 2184 1542 minc
2234 1504 2625 1560 nonnunquam
2675 1491 3015 1560 appellamus
3061 1490 3390 1545 :ministros
3436 1499 3613 1545 autem

2035 1583 2331 1651 apostolos.
2365 1584 2675 1654 prophetas.
2704 1583 2975 1637 doctores.
3005 1579 3115 1635 Nec
3142 1582 3285 1635 enim
3316 1582 3491 1637 solum
3516 1578 3617 1634 Pe—

2036 1682 2154 1726 trus
2183 1682 2236 1725 et
2259 1672 2499 1727 Joannes
2529 1681 2581 1727 et
2610 1672 2847 1727 Jacobus
2870 1675 3138 1728 columna:
3172 1672 3430 1728 Ecclesiae
3458 1683 3612 1734 sunt.

2035 1779 2134 1817 nec
2164 1762 2408 1818 Joannes
2443 1762 2683 1831 Baptista
2718 1772 2930 1817 tantum
2979 1764 3179 1818 ardens
3209 1772 3326 1818 erat
3360 1764 3610 1833 lychnus,

2034 1854 2127 1908 sed
2170 1868 2360 1909 omnes
2400 1856 2599 1923 quibus
2650 1855 2892 1908 Ecclesia
2943 1863 3306 1918 sustentatur,
3354 1855 3446 1923 qui
3498 1855 3613 1909 suis

2032 1946 2291 2015 operibus
2316 1947 2607 2000 luminaria
2635 1945 2761 1999 facti
2797 1955 2948 2007 sunt,
2974 1946 3025 2000 lii
3051 1947 3318 2000 columnae
3346 1956 3400 2001 et
3431 1948 3610 2018 lychni

2031 2046 2437 2105 nuncupantur.
2506 2055 2523 2086 ι
2566 2034 2676 2092 Vos
2728 2037 2863 2091 estis
2917 2038 3006 2090 lux
3062 2037 3282 2101 mundi,
3335 2056 3353 2090 ι
3400 2035 3611 2093 Veritas

2018 2128 2295 2197 apostolis
2336 2129 2409 2181 ait
2435 2128 2481 2159 “
2516 2147 2528 2183 :
2566 2143 2627 2182 ac
2670 2143 2890 2181 rursum
2943 2130 3084 2183 alios
3112 2129 3272 2184 dirus
3318 2128 3613 2198 Apostolus

2030 2219 2185 2288 quasi
2217 2219 2501 2273 columnas
2527 2218 2797 2281 hortatur,
2826 2235 2949 2273 cum
2977 2220 3113 2275 dicit
3144 2238 3156 2272 :
3196 2239 3217 2271 ι
3244 2219 3409 2274 Firmi
3440 2229 3613 2276 estote

2031 2316 2192 2380 atque
2228 2312 2535 2365 immobiles
2567 2312 2631 2365 ⁸⁷.
2676 2331 2693 2363 ι
2738 2314 2805 2365 At
2838 2328 2970 2368 vero
3010 2312 3356 2368 Timotheum
3406 2315 3614 2369 colum-

2032 2417 2154 2456 nam
2186 2403 2610 2471 pulcherrimam
2659 2402 2961 2459 fabricatus
3003 2416 3109 2469 est,
3150 2421 3273 2459 cum
3317 2406 3496 2476 ipsum
3530 2406 3614 2460 [ir-

2032 2493 2271 2546 mitatem
2306 2493 2551 2549 veritatis
2574 2509 2686 2549 suae
2707 2498 2851 2549 vocis
2883 2495 3132 2549 doctrina
3157 2495 3477 2552 etcherit”.
3500 2495 3612 2552 lloc

2030 2585 2083 2639 iu
2112 2586 2463 2639 tabernaculo
2490 2593 2543 2639 ct
2578 2587 2911 2640 sacritirium
2949 2587 3146 2653 laudis,
3180 2596 3232 2641 ct
3264 2590 3389 2644 tltus
3418 2589 3613 2643 oratio-

2030 2676 2117 2730 nis
2149 2676 2200 2727 in
2238 2692 2395 2729 mane.
2419 2692 2481 2730 ac
2508 2692 2791 2746 vesperum
2825 2677 3071 2734 adhiberi
3099 2694 3313 2747 semper
3341 2681 3606 2736 videmus.

2030 2763 2143 2818 lioc
2172 2766 2250 2819 sic
2282 2766 2586 2835 intelligere
2620 2765 2786 2819 David
2832 2766 2923 2821 ille
2968 2782 3069 2822 nos
3114 2767 3346 2835 inducit,
3397 2770 3489 2839 qui
3526 2773 3611 2824 in-

2029 2870 2254 2910 censum
2305 2856 2574 2909 orationis
2612 2856 2662 2908 in
2698 2860 2918 2911 odorem
2968 2859 3258 2913 suavitatis
3307 2859 3512 2931 dirigit,
3556 2867 3612 2916 et

2030 2961 2292 3000 manuum
2344 2949 2720 3003 extettsionem
2752 2948 3085 3004 sacriﬁcium
3126 2966 3249 3007 esse
3294 2953 3488 3007 asserit
3521 2968 3613 3007 vc-

2032 3038 2335 3105 spertinum
2371 3040 2438 3093 ⁸⁹.
2477 3038 2655 3095 Urnas
2703 3056 2851 3105 vero,
2903 3040 2957 3093 id
3006 3052 3113 3109 est,
3146 3057 3275 3096 vasa
3312 3043 3377 3097 ad
3428 3044 3613 3097 lavan-
3654 3048 3661 3065 ‘

341 3121 552 3174 θυσίαν.
614 3122 900 3194 Λουτῆρας
952 3121 1009 3175 δέ
1059 3139 1143 3185 τις
1186 3122 1419 3185 ἁκούων,
1478 3125 1656 3193 νοήσει
1709 3122 1923 3184 πάντως

2031 3126 2183 3189 dum,
2207 3131 2330 3200 quis
2358 3132 2596 3202 ambiget
2627 3147 2723 3188 eos
2747 3148 2892 3197 esse,
2921 3135 3010 3204 qui
3032 3150 3128 3204 per
3164 3135 3612 3190 sacramentalem
3658 3152 3669 3171 ε

339 3215 467 3275 τούς
523 3212 609 3266 διὰ
655 3214 749 3267 τοῦ
792 3214 1056 3284 μυστικοῦ
1104 3213 1294 3276 ὓδατος
1342 3214 1433 3266 τὸν
1491 3214 1764 3284 μολυσμὸν
1802 3214 1930 3267 ἀπο-

341 3305 635 3370 κλύζοντας
666 3306 772 3359 τῶν
809 3305 1113 3377 ἁμαρτιῶν.
1153 3307 1366 3379 Λουτὴρ
1395 3302 1461 3377 ἦν
1492 3309 1519 3360 ό
1567 3306 1834 3374 Ἰωάννης.
1871 3305 1930 3359 ἐν

340 3398 421 3469 τῷ
459 3399 697 3472 Ἰορδάνῃ
748 3398 949 3463 λούων,
1005 3399 1063 3451 ἐν
1117 3398 1196 3470 τῷ
1265 3400 1364 3469 τῆς
1413 3400 1701 3470 μετανοίας
1746 3398 1932 3469 βαπτί-

344 3505 544 3559 σματν
583 3490 779 3562 λουτὴρ
825 3487 893 3562 ἦν
928 3491 957 3542 ὁ
994 3490 1219 3560 Πέτρος,
1274 3490 1600 3562 τρισχιλίους
1630 3494 1771 3544 κατὰ
1796 3491 1929 3545 ταύ-

342 3582 435 3634 τὸν
494 3580 745 3648 καθάπαξ
792 3582 1045 3650 κατάγων
1095 3581 1188 3633 ὲπὶ
1236 3580 1297 3634 τὸ
1345 3580 1507 3652 ὕδωρ.
1562 3582 1776 3653 Λουτὴρ
1832 3580 1927 3635 τοῦ

344 3672 627 3726 Κανδάκου
691 3674 719 3724 ὁ
775 3673 1076 3737 Φίλιππος,
1134 3672 1227 3726 καὶ
1284 3673 1502 3726 πάντων
1558 3671 1928 3742 πάντεςθτῶν

345 3764 677 3835 μετεχόντων
724 3765 825 3834 τῆς
870 3765 1098 3841 δωρεᾶς,
1127 3767 1175 3819 οἱ
1220 3765 1571 3837 ὲνεργοῦντες
1615 3766 1713 3834 τὴν
1742 3765 1922 3834 χάριν.

343 3857 454 3919 Τὰς
506 3856 560 3910 δὲ
611 3856 866 3922 αὐλαίας,
917 3856 974 3910 αἳ
1024 3855 1113 3912 διὰ
1168 3856 1266 3926 τῆς
1320 3857 1436 3926 μετ’
1483 3855 1726 3927 ἀλλήλων
1774 3872 1927 3925 συμ-

344 3948 506 4019 6ολῆς
553 3949 651 4019 τὴν
700 3949 905 4019 σκηνὴν
954 3950 1011 4001 ὲν
1068 3947 1253 4019 κύκλῳ
1315 3947 1775 4019 διαλαμϐάνουσι,
1828 3948 1925 4019 τὴν

344 4040 695 4110 ἀγαπητικήν
725 4057 783 4092 τε
819 4041 913 4093 καὶ
937 4038 1219 4112 εἰρηνικὴν
1264 4040 1373 4092 τῶν
1409 4040 1771 4093 πιστευόντων
1797 4040 1927 4110 ὀμό-

344 4147 492 4183 νοιαν
538 4128 675 4184 εἷναί
718 4149 798 4196 τις
844 4132 1109 4194 ὑπονοῶν,
1157 4131 1257 4184 οὐκ
1288 4132 1353 4187 ἂν
1383 4132 1616 4204 ἁμάρτοι
1652 4131 1744 4185 τοῦ
1794 4133 1926 4204 πρέ-

347 4239 572 4286 ποντος*
615 4222 755 4275 οὓτω
800 4223 893 4277 τοῦ
944 4222 1105 4275 Δαϐὶδ
1149 4222 1604 4294 ἑρμηνεύσαντος,
1647 4224 1705 4286 ὃς
1740 4241 1919 4291 φησιν,

343 4313 570 4384 ὁτι,Θεὶς
612 4312 680 4365 τὰ
718 4313 841 4384 ὃριά
868 4329 958 4365 σου
992 4314 1234 4384 εἰρήνην.
1267 4314 1452 4385 Δέρμα
1480 4313 1535 4366 δὲ
1566 4313 1924 4384 πεφοινιγμέ-

343 4422 455 4469 νον,
487 4405 577 4456 καὶ
617 4404 827 4477 δέρρεις
860 4404 968 4458 ἀπὸ
1007 4404 1229 4475 τριχῶν,
1261 4406 1393 4476 πρὸς
1423 4406 1628 4476 κόσμον
1664 4406 1763 4477 τῆς
1791 4423 1922 4476 σκη-

2035 3234 2228 3290 aquam
2288 3231 2635 3290 peccatorum
2696 3224 2891 3279 sordes
2951 3224 3226 3280 auferunt.
3279 3223 3447 3279 Luter
3495 3233 3615 3279 erat

2030 3306 2291 3371 Joannes,
2330 3311 2521 3366 lavaus
2565 3313 2622 3367 in
2670 3311 2935 3382 Jordaue,
2980 3316 3033 3369 iu
3077 3316 3404 3385 baptismate
3449 3324 3615 3388 pumi-

2032 3402 2302 3456 tentiae“.
2338 3401 2488 3459 Talis
2532 3417 2648 3460 erat
2695 3408 2920 3472 Petrus,
2967 3407 3070 3461 tria
3123 3408 3290 3462 millia
3333 3408 3613 3465 hominum

2030 3494 2194 3548 simul
2221 3494 2286 3547 ad
2325 3496 2578 3565 baptismi
2611 3497 2886 3552 lavacrum
2920 3498 3198 3554 deducens
3226 3498 3291 3572 f‘.
3330 3499 3615 3571 Philippus

1995 3600 2246 3660 ,quoque
2274 3601 2408 3639 urna
2450 3587 2719 3644 Candacis
2762 3588 2883 3643 fuit.
2926 3588 3065 3654 Quid
3113 3593 3321 3645 multa?
3358 3594 3613 3649 omnibus

1998 3674 2119 3746 'qui
2146 3677 2211 3731 ad
2245 3678 2502 3748 baptismi
2531 3679 2734 3733 donum
2773 3684 3018 3747 veniunt,
3059 3682 3093 3735 ii
3131 3684 3195 3736 ad
3227 3686 3426 3739 lotoria
3461 3698 3610 3751 sunt,

2028 3768 2118 3837 qui
2169 3768 2477 3822 ministerio
2526 3785 2626 3825 suo
2666 3771 2895 3840 gratiam
2953 3774 3214 3842 prmbent.
3249 3775 3431 3829 Aulaea
3482 3794 3613 3834 veto

2026 3876 2148 3931 qua:
2186 3861 2326 3915 inter
2348 3876 2406 3915 se
2438 3876 2688 3915 connexa
2726 3862 3139 3917 tabernaculqu
3166 3864 3220 3917 in
3246 3865 3433 3920 orbcnt
3470 3884 3607 3921 com-

2029 3950 2369 4021 plectuntur,
2408 3952 2695 4006 amabilem
2730 3954 3122 4024 pacilicamque
3152 3956 3492 4011 credentium
3524 3976 3604 4014 es-

2026 4057 2086 4096 se
2114 4042 2469 4095 concordiam
2526 4058 2631 4097 non
2669 4044 2906 4099 absurde
2950 4047 3225 4116 quispiam
3262 4047 3481 4103 dixerit.
3520 4048 3559 4103 S

2024 4134 2171 4185 enim
2222 4130 2389 4185 Da\id
2436 4133 2581 4186 hunc
2618 4133 2796 4187 locum
2832 4137 3156 4205 exposuisse
3200 4138 3440 4203 videtur,
3487 4158 3608 4195 ctu.

2024 4223 2218 4277 dicat:
2264 4224 2366 4289 Qui
2416 4224 2573 4293 ponis
2625 4228 2891 4280 terminos
2950 4238 3074 4281 tuos
3123 4244 3332 4298 pacem.
3388 4231 3611 4287 Corium

2024 4325 2156 4363 vero
2200 4325 2561 4379 purpureum,
2596 4318 2649 4365 ct
2684 4327 2813 4381 saga
2853 4328 2915 4366 ex
2953 4313 3098 4382 pilis,
3137 4314 3202 4368 ad
3238 4325 3492 4369 ornatum
3527 4325 3610 4369 ta-

2024 4401 2312 4455 hernaculi
2351 4402 2707 4473 pertinentia,
2745 4404 3162 4457 accommodate
3210 4405 3605 4476 intell’gentur.

346 4495 444 4564 νῆς
476 4494 843 4553 συντελοῦσαι.
898 4495 1245 4565 καταλλήλως
1294 4496 1359 4549 ἂν
1394 4495 1636 4566 νοηθεῖεν
1677 4496 1711 4568 ἦ
1746 4513 1804 4548 τε
1834 4496 1921 4548 νέ-

2031 4494 2074 4548 si
2110 4510 2207 4564 pro
2240 4496 2392 4548 corio
2423 4494 2775 4548 mortificatio
2807 4510 2990 4564 prome
3021 4494 3085 4547 ad
3127 4497 3463 4564 peccandum
3489 4513 3607 4550 car-

345 4603 550 4659 κρωσις
597 4587 695 4655 τῆς
744 4587 1122 4660 ἁμαρτητικῆς
1178 4587 1412 4659 σαρκὸς,
1470 4583 1538 4660 ἦς
1586 4590 1814 4657 αἴνιγμα
1866 4588 1924 4639 τὸ

348 4678 762 4748 πεφοινιγμένον
804 4680 979 4749 δέρμα
1018 4680 1154 4743 ἐστὶ,
1206 4681 1301 4733 καὶ
1339 4682 1628 4751 ἡτραχεία
1680 4679 1922 4749 διαγωγὴ

346 4771 468 4821 κατ’
492 4771 837 4840 ἐγκράτειαν,
870 4766 949 4833 οἷς
989 4770 1281 4841 ὡραΐζεται
1316 4771 1547 4841 μάλιστα
1593 4771 1625 4840 ἡ
1659 4773 1757 4841 τῆς
1803 4771 1924 4831 Ἐκ-

348 4862 575 4931 κλησίας
606 4862 800 4932 σκηνή.
846 4861 924 4914 Τὰ
953 4861 1062 4931 γὰρ
1093 4862 1337 4932 δέρματα
1366 4861 1601 4933 ζωτικὴν
1627 4865 1682 4914 ὲν
1716 4864 1924 4925 ἑαυτοῖς

346 4953 449 5005 οὐκ
498 4953 685 5021 ἔχοντα
728 4953 956 5023 δύναμιν
999 4955 1098 5023 τὴν
1150 4956 1215 5006 ἐκ
1259 4954 1492 5022 φύσεως,
1535 4957 1600 5025 τῇ
1653 4954 1796 5025 βαφῇ
1828 4954 1923 5007 τοῦ

348 5044 693 5114 ὲρλθήματος
722 5046 917 5115 εὐανθῆ
963 5047 1197 5115 γίνεται,
1251 5047 1387 5116 ὅπερ
1413 5046 1677 5108 διδάσκει,
1706 5047 1803 5116 τὴν
1834 5045 1922 5099 διὰ

347 5133 441 5188 τοῦ
476 5134 786 5204 Πνεύματος
832 5133 1171 5188 ἐπανθοῦσαν
1199 5133 1359 5204 χάριν
1406 5135 1480 5204 μὴ
1513 5135 1568 5186 ὲν
1604 5134 1810 5205 ἑτέροις
1838 5132 1923 5201 γί-

346 5226 555 5287 νεσθαι,
583 5230 629 5279 εί
667 5231 739 5298 μή
771 5245 911 5288 τινες
941 5230 1164 5289 ἑαυτοὺς
1198 5231 1261 5298 τῇ
1296 5229 1544 5302 ἁμαρτίᾳ
1577 5227 1919 5300 θεκρὼσαιεν.

348 5321 409 5372 Εἰ
436 5320 490 5372 δὲ
520 5320 612 5372 καὶ
714 5320 943 5391 σώφρων
973 5319 1132 5382 αἰδὼς
1167 5318 1272 5392 [οὐ]
1307 5322 1369 5393 τῇ
1421 5320 1566 5391 βαφῇ
1595 5320 1687 5373 τοῦ
1728 5321 1923 5392 ἐρυθή-

347 5428 520 5483 ματος
552 5411 654 5462 ὐπὸ
682 5410 771 5463 τοῦ
806 5411 964 5478 λόγου
995 5412 1339 5481 σημαίνεται,
1374 5413 1463 5464 ἐπὶ
1503 5411 1580 5482 τῷ
1613 5412 1924 5485 βουλομένῳ

347 5500 604 5572 ποιοζμαι
650 5501 747 5571 τὴν
780 5502 976 5574 κρίσιν.
1019 5503 1083 5556 Ἠ
1126 5503 1182 5557 δὲ
1226 5502 1334 5556 τῶν
1362 5502 1565 5575 τριχῶν
1614 5501 1921 5571 συμπλοκὴ,

337 5588 517 5665 τραχύ
542 5611 601 5646 τε
645 5595 734 5647 καὶ
762 5594 994 5677 ausast;
1034 5590 1455 5663 ἀπεργαζομένη
1491 5593 1797 5664 ἐξύφασμα,
1825 5596 1924 5664 τὴν

2034 4587 2140 4649 uis,
2183 4601 2279 4655 pro
2325 4588 2509 4658 sagis,
2541 4588 2785 4640 strictior
2821 4587 3035 4640 vivendi
3094 4602 3307 4654 norma,
3353 4598 3406 4643 et
3452 4591 3607 4659 quasi

2031 4677 2226 4731 durior
2261 4678 2627 4747 intelligitur:
2669 4678 2758 4731 his
2788 4679 2932 4731 cuitu
2972 4680 3206 4732 maxime
3243 4678 3500 4735 Ecclesia:
3537 4693 3611 4733 ta-

2029 4771 2389 4824 bernaculum
2425 4777 2741 4823 exornatur.
2779 4768 2939 4822 Coria
2974 4770 3115 4822 enim
3153 4786 3273 4824 cum
3309 4771 3512 4823 nullam
3556 4772 3610 4826 in

2028 4876 2086 4913 se
2117 4861 2331 4912 viremli
2368 4862 2621 4911 virtutem
2656 4874 2683 4909 a
2734 4867 2932 4911 natura
2965 4858 3259 4920 retineant,
3304 4862 3488 4915 colore
3520 4876 3603 4912 ru-

2031 4950 2249 5006 bmliuis
2302 4950 2493 5004 ﬂorere
2534 4952 2785 5003 videntur
2833 4969 2845 5003 :
2896 4949 3040 5020 quod
3074 4951 3313 5005 ostendit
3362 4952 3608 5006 ﬂoridam

2047 5037 2284 5109 Spiritus
2301 5042 2530 5108 gratiam
2560 5058 2666 5095 non
2699 5042 2947 5098 habitare
2983 5043 3033 5095 iu
3076 5044 3312 5105 homine,
3355 5044 3456 5097 uisi
3494 5044 3607 5113 pri-

2031 5146 2120 5183 mo
2169 5134 2373 5200 precati
2409 5133 2513 5183 vim
2562 5133 2615 5186 in
2667 5136 2848 5201 scipso
2896 5134 3327 5188 mortificaverit.
3384 5133 3439 5187 Si
3477 5151 3607 5187 vero

2030 5222 2289 5291 pudorem
2335 5225 2498 5275 etiam
2536 5222 2842 5277 modestum
2878 5224 3081 5279 coloris
3133 5224 3397 5277 rubcdine
3437 5225 3609 5291 signi-

2030 5315 2178 5367 tlcari
2227 5315 2496 5382 quispiam
2551 5317 2865 5380 contendat,
2915 5332 3024 5370 non
3071 5327 3220 5370 certe
3274 5317 3604 5374 reluctabor.

2026 5406 2268 5459 Pilorutu
2297 5415 2476 5458 autem
2521 5402 2796 5459 intricatio
2827 5422 3077 5477 asperam
3127 5408 3292 5461 tactui
3329 5417 3605 5464 texturam

2026 5500 2290 5556 elliciens.
2337 5514 2586 5570 asperam
2641 5508 2695 5554 et
2732 5500 3045 5567 passionum
3094 5500 3252 5554 nobis
3312 5501 3603 5555 insitarum

2028 5593 2371 5647 domitriccm
2422 5592 2815 5646 continentiam
2860 5591 3189 5647 subiudicat.
3245 5591 3375 5659 Quae
3422 5597 3604 5648 oxuufa

415 5773 461 5807 "
490 5775 685 5830 Matth.
721 5789 775 5839 v,
808 5773 893 5829 ιι.
968 5772 1013 5805 ⁵⁷
1040 5771 1059 5826 1
1088 5771 1214 5827 Cor.
1245 5726 1333 5826 xv.
1369 5770 1439 5827 58
1535 5770 1580 5803 ³⁸
1606 5768 1626 5823 l
1650 5766 1925 5823 Timoth.t

2031 5766 2116 5821 15.
2193 5767 2238 5798 ⁸⁹
2264 5765 2406 5822 Psal.
2439 5782 2546 5828 xxv,
2580 5766 2635 5819 2.
2699 5766 2741 5798 ⁸ο
2767 5764 2899 5820 Luc.
2936 5781 3017 5831 Ill,
3049 5765 3099 5819 3.
3180 5766 3220 5799 ⁵⁸
3253 5769 3376 5823 Act.
3402 5783 3460 5835 tt,
3513 5769 3601 5823 Η.
