3888 6374
353 399 459 458 58Ἲ

1590 397 1647 451 S.
1689 395 2021 451 GREGORII
2054 395 2345 451 ΝγςςΕΝι

3526 401 3628 458 3⁷88

352 516 430 567 ita
461 527 521 569 se
550 513 754 567 habere
793 510 1082 566 conﬁrmat
1120 524 1310 564 eorum
1345 509 1478 574 vita,
1518 510 1612 580 qui
1650 510 1705 564 in
1739 524 1929 580 perpe-

2038 510 2299 579 τραχεῖαν
2319 506 2527 579 ταύτην
2547 508 2638 561 καὶ
2659 506 3034 581 δαπανητικὴν
3063 510 3171 564 τῶν
3194 512 3630 584 καθομιλοῦντων

352 619 446 659 tua
485 603 690 672 degunt
721 603 1053 674 virginitate,
1085 618 1207 672 qua:
1252 617 1472 657 carnem
1524 602 1597 656 ita
1637 602 1934 657 viventium

352 699 607 766 castigat.
645 696 776 762 Quae
807 711 937 751 vero
977 696 1125 749 intus
1168 704 1346 759 erant,
1374 695 1570 751 Sancta
1619 702 1934 750 sanctorum

354 788 807 851 nominabantur,
844 787 909 841 ad
939 802 1061 856 qua:
1087 784 1377 839 multitudo
1400 786 1680 855 pervenire
1708 800 1815 839 non
1840 801 1938 854 po-

349 888 511 942 terat,
550 880 664 933 haac
693 894 876 933 rerum
925 878 1205 932 veritatem
1249 877 1581 947 signiﬁcant.
1636 874 1933 932 Veritatem

350 972 490 1025 hanc
524 971 768 1042 mysterii
792 971 966 1025 nostri
990 970 1113 1023 dico
1144 984 1256 1023 rem
1291 979 1560 1033 sanctam,
1595 976 1648 1023 et
1678 976 1930 1024 sanctum

348 1074 689 1127 sanctorum,
723 1071 777 1117 et
806 1064 991 1117 multis
1018 1062 1646 1134 incomprehensibilem.
1680 1059 1805 1115 Haec
1835 1076 1930 1115 ve-

352 1151 486 1203 ritas
514 1151 568 1203 in
596 1150 776 1221 adytis
820 1151 1165 1205 tabernaculi
1211 1151 1533 1213 constituta,
1587 1150 1794 1219 absque
1833 1165 1933 1204 cu-

348 1242 597 1296 riositate
646 1242 831 1312 aliqua
881 1242 1109 1313 intelligi
1148 1257 1212 1296 ac
1249 1242 1419 1311 recipi
1465 1242 1647 1296 debet.
1689 1240 1934 1295 Creden-

344 1333 476 1388 dum
506 1334 652 1388 enim
699 1341 803 1400 est,
839 1334 912 1387 ita
952 1349 1075 1388 esse
1108 1345 1165 1387 ut
1211 1332 1456 1387 Ecclesia
1509 1332 1784 1401 prmdicat,
1820 1346 1926 1388 non

345 1435 527 1481 tamen
572 1426 749 1480 oculis
792 1425 1038 1479 omnium
1089 1425 1238 1477 cerni
1274 1439 1457 1493 posse,
1505 1423 1601 1478 sed
1643 1424 1699 1477 in
1734 1424 1935 1478 mentis

348 1519 524 1589 ipsius
547 1517 924 1589 penetralibus
956 1514 1372 1570 indubitabilem
1402 1513 1688 1569 veritatem
1716 1527 1930 1583 perma-

345 1627 496 1667 nere.

2044 598 2235 653 παθῶν
2300 599 2630 669 ἐγκράτειαν
2685 599 3098 655 ὑπαινίσσεται·
3158 604 3228 657 τὰ
3279 604 3337 657 δὲ
3405 607 3632 661 τοιαῦτα

2043 689 2221 743 πάντα
2246 689 2517 742 δείκνυσιν
2558 690 2644 759 ἐφ’
2679 691 2878 762 ἐαυτῇς
2924 693 2956 762 ὴ
3012 693 3069 744 ὲν
3117 693 3387 767 παρθενίᾳ
3429 695 3566 767 ζωὴ,
3598 699 3632 767 ἡ

2041 777 2141 847 τὴν
2174 778 2351 850 σάρκα
2379 777 2489 830 τῶν
2520 778 2664 831 οὕτω
2693 779 2952 849 βιούντων
2982 781 3368 846 ὑποπιέζουσα.
3413 785 3476 837 Εἰ
3498 784 3556 838 δὲ
3575 786 3635 839 τὸ

2040 869 2207 936 ἔιδον,
2232 871 2365 941 ὅπερ
2386 868 2569 938 Ἀγιον
2595 871 2766 939 ἁγίων
2798 872 3033 940 λέγεται,
3070 875 3184 936 τοῖς
3232 874 3444 938 πολλοῖς
3486 876 3635 931 ἐστιν

2039 963 2389 1031 ἀνεπίϐατον,
2421 963 2556 1034 μηδὲ
2608 965 2765 1016 τοῦτο
2804 963 3029 1035 ἀπᾴδειν
3054 967 3153 1034 τῆς
3173 965 3281 1019 τῶν
3325 966 3632 1038 νοηθέντων
3660 1004 3665 1011 ς

2036 1054 2362 1115 ἀκολουθίας
2396 1054 2725 1124 νομίσωμεν.
2758 1054 3003 1124 ’Δληθῶς
3034 1053 3141 1127 γὰρ
3177 1056 3334 1124 ἅγιόν
3361 1074 3414 1110 τι
3440 1059 3635 1130 χρῆμά

2040 1148 2177 1213 ἐστι,
2219 1148 2311 1200 καὶ
2339 1147 2510 1215 ἁγίων
2546 1146 2723 1215 ἆγιον,
2754 1148 2847 1200 καὶ
2891 1150 3005 1210 τοῖς
3042 1147 3258 1212 πολλοῖς
3298 1149 3540 1220 ἄληπτόν
3570 1168 3634 1205 τι

2039 1240 2134 1293 καὶ
2184 1240 2500 1310 ἀπρόσιτον,
2551 1243 2585 1311 ἡ
2636 1239 2745 1292 τῶν
2796 1240 2966 1292 ὄντων
3012 1239 3258 1311 ἀλήθεια,
3300 1235 3370 1313 ἦς
3415 1243 3473 1296 ὲν
3519 1245 3636 1306 τοῖς

2040 1331 2256 1395 ἀδύτοις
2282 1349 2340 1384 τε
2370 1331 2463 1384 καὶ
2492 1332 2824 1403 ἀπορρήτοις
2846 1334 2947 1402 τῇς
2972 1331 3067 1384 τοῦ
3097 1333 3398 1403 μυστηρίου
3424 1337 3633 1406 σκηνῆς

2041 1423 2484 1493 καθιδρυμένης,
2538 1424 3106 1495 ἀπολυπραγμόνητον
3170 1420 3308 1479 εἶναι
3362 1424 3469 1497 χρὴ
3519 1426 3633 1480 τῶν

2039 1516 2179 1587 ὑπὲρ
2212 1515 2520 1586 κατάληψιν
2549 1515 2718 1569 ὄντων
2744 1516 2843 1586 τὴν
2872 1516 3200 1585 κατανόησιν
3224 1533 3238 1547 ·
3273 1518 3633 1584 πιστεύοντας

2037 1605 2175 1663 εἶναι
2238 1609 2337 1679 μὲν
2389 1609 2449 1661 τὸ
2488 1607 2840 1679 ζητούμενον,
2892 1608 2953 1661 ού
3007 1608 3115 1680 μὴν
3164 1611 3279 1673 τοῖς
3331 1610 3634 1682 ὀφθαλμοῖς

2038 1701 2257 1754 πάντων
2283 1699 2626 1771 προκεῖσθαι,
2653 1699 2767 1753 ἀλλ’
2800 1703 2859 1754 ὲν
2883 1704 2996 1765 τοῖς
3024 1700 3239 1765 ἀδύτοις
3266 1703 3367 1773 τῆς
3391 1701 3635 1766 διανοίας

2042 1790 2223 1860 μένειν
2258 1790 2593 1861 ἀπόρρητον.

414 1883 541 1939 Ilaec
573 1883 787 1954 aliaque
821 1882 986 1953 hujus
1043 1880 1383 1938 tabernaculi
1416 1879 1629 1935 visione
1666 1878 1736 1933 ab
1782 1878 1929 1932 omni

2046 1859 2052 1860 ⁷
2111 1881 2298 1936 Ταῦτα
2324 1859 2382 1935 δέ
2412 1859 2509 1934 καὶ
2537 1880 2607 1934 τά
2633 1879 2857 1935 τοιαῦτα
2896 1881 3203 1945 παιδευθεὶς
3227 1881 3315 1936 διὰ
3354 1885 3452 1954 τῆς
3486 1883 3631 1939 κατὰ

343 1978 509 2034 sorde
543 1977 837 2030 mundatus
858 1977 1051 2031 oculus
1085 1976 1175 2030 ille
1206 1975 1403 2028 mentis
1434 1971 1689 2027 Mosaica:
1710 1972 1928 2035 doctus,

340 2069 758 2139 visionibusquc
783 2069 871 2122 his
893 2069 1058 2122 altius
1072 2067 1344 2132 elevatus,
1368 2080 1561 2121 rursus
1579 2063 1645 2117 ad
1670 2078 1932 2117 cacumen

339 2163 566 2217 alterius
612 2160 828 2216 scandit
882 2160 1298 2230 speculationis,
1367 2156 1767 2212 sacerdotalem
1804 2171 1930 2225 per-

339 2254 561 2310 discens
596 2255 877 2317 vestitum,
932 2252 989 2306 in
1018 2266 1127 2321 quo
1155 2259 1239 2305 est
1289 2248 1555 2304 subucula
1584 2256 1637 2303 et
1680 2249 1933 2317 superior

340 2348 547 2411 tunica,
567 2357 619 2401 et
644 2346 939 2416 pectorale,
968 2344 1112 2414 quod
1137 2343 1303 2398 variis
1326 2357 1389 2395 ac
1418 2340 1653 2395 diversis
1688 2340 1931 2409 lapidum

340 2438 646 2509 fulgoribus
690 2437 1096 2507 resplendebat,
1148 2434 1279 2486 vitta
1321 2431 1531 2486 circum
1583 2438 1768 2500 caput,
1805 2444 1930 2483 cum

340 2531 543 2585 lamina
563 2547 728 2600 super
746 2545 888 2594 eam,
922 2528 1333 2596 feminaliaque,
1360 2531 1414 2578 et
1444 2539 1601 2594 poma
1635 2542 1648 2578 :
1680 2534 1733 2578 et
1763 2537 1932 2593 supra

338 2622 454 2676 haec
486 2621 671 2675 omnia
713 2620 1001 2683 rationale,
1039 2633 1105 2672 ac
1144 2617 1265 2686 ejus
1310 2613 1602 2685 judicium,
1638 2621 1693 2669 et
1721 2628 1842 2684 qua:
1876 2613 1930 2666 in

337 2714 585 2780 utrisque
625 2711 912 2779 inspicitur
958 2709 1160 2763 veritas
1218 2707 1284 2771 “,
1334 2714 1389 2757 et
1424 2705 1619 2757 hormn
1674 2704 1932 2773 utrinque

335 2802 659 2856 connectiva
707 2802 1179 2872 superhumeralia
1235 2799 1673 2870 patriarcharum
1730 2798 1930 2852 inscul-

335 2901 428 2964 pta
443 2894 779 2959 nominibus,
806 2908 1039 2966 quorum
1065 2894 1310 2948 omnium
1336 2892 1559 2948 nomina
1578 2888 1931 2945 multitudine

334 2986 455 3055 ipsa
483 2984 802 3049 ostendunt,
849 3001 957 3039 non
984 2986 1264 3039 sensualia
1292 2986 1543 3056 qumdam
1575 2982 1871 3053 signiﬁcari
1910 2999 1925 3036 :

335 3078 537 3148 quibus
567 3077 712 3131 enim
743 3076 992 3146 corporis
1037 3078 1280 3132 vestibus
1328 3079 1446 3130 hate
1488 3076 1735 3137 nomina,
1786 3073 1930 3143 judi-

2032 1972 2132 2043 τὴν
2166 1971 2371 2043 σκηνὴν
2418 1972 2705 2036 ὀπτασίας,
2746 1974 2775 2025 ὁ
2819 1971 3231 2043 κεκαθαρμένος
3283 1975 3490 2038 ἐκεῖνος
3533 1975 3632 2043 ὀφ-

2035 2065 2239 2136 Θαλμδς
2288 2065 2386 2134 τῆς
2434 2065 2713 2129 Μωῦσέως
2764 2064 2981 2136 ἐκείνης
3027 2065 3227 2136 ψυχῆς,
3272 2068 3367 2120 καὶ
3399 2067 3487 2123 διὰ
3518 2067 3633 2120 τῶν

2033 2157 2287 2210 τοιούτων
2336 2155 2575 2226 ὑψωθεὶς
2625 2157 2933 2227 θεαμάτων,
2978 2157 3143 2211 πάλιν
3194 2157 3332 2229 πρὸς
3381 2160 3631 2229 κορυφὴν

2032 2250 2209 2303 ἄλλων
2258 2249 2545 2320 νοημάτων
2598 2248 3013 2313 ἀναϐιϐάζεται,
3048 2249 3140 2303 τὸν
3191 2251 3481 2322 στολισμὸν
3526 2255 3632 2324 τῆς

2037 2342 2335 2414 ἱερωσύνης
2366 2342 2854 2413 ὲκπαιδευόμενος·
2910 2344 2968 2396 ἐν
3002 2336 3079 2406 οἷς
3115 2343 3265 2395 ἐστιν
3307 2344 3335 2396 ὃ
3382 2360 3444 2396 τε
3492 2344 3629 2396 ὑπο-

2032 2436 2218 2507 δύτης,
2270 2436 2365 2488 καὶ
2413 2438 2441 2490 ὁ
2486 2434 2802 2505 ὲπενδύτης,
2834 2434 2928 2489 καὶ
2964 2434 3027 2487 τὸ
3073 2435 3403 2506 προστήθιον
3447 2437 3626 2490 ἐκεῖνο

2032 2530 2152 2591 ταῖς
2202 2527 2474 2591 ποικίλαις
2520 2527 2631 2581 τῶν
2670 2526 2836 2581 λίθων
2872 2527 3090 2595 αῐγλαις
3122 2528 3626 2599 περιλαμπόμενον,

2033 2620 2128 2672 καὶ
2170 2620 2203 2691 ή
2239 2620 2371 2691 περὶ
2411 2619 2510 2690 τὴν
2547 2618 2791 2690 κεφαλὴν
2824 2619 3025 2684 ταινία,
3078 2618 3264 2671 καὶτὸ
3315 2620 3399 2672 ἐπ’
3457 2620 3630 2691 αὐτῆς

2033 2712 2283 2776 πέταλον,
2332 2714 2365 2783 ή
2395 2711 2735 2783 περισκελὶς,
2772 2711 2823 2763 οί
2860 2711 3088 2782 ροΐσκοι,
3130 2712 3179 2763 oi
3219 2709 3486 2775 κώδωνες,
3508 2706 3629 2765 εἶτα

2033 2804 2293 2875 ὑπεράνω
2355 2802 2599 2867 πάντων,
2628 2801 2691 2854 τὸ
2741 2802 2921 2870 λόγιόν
2958 2819 3017 2855 τε
3044 2802 3136 2856 καὶ
3180 2805 3213 2871 ἡ
3246 2802 3496 2873 δήλωσις,
3533 2801 3629 2855 καὶ

2031 2897 2065 2966 ἠ
2097 2897 2183 2947 ἐπ’
2219 2897 2423 2967 ἀμφοῖν
2453 2894 2805 2966 θεωρουμένη
2845 2894 3093 2965 ἀλήθεια,
3131 2894 3191 2948 αἶ
3222 2911 3283 2947 τε
3313 2895 3627 2948 συνδετικαὶ

2029 2987 2236 3053 τούτων
2277 2987 2619 3057 ἑκατέρωθεν
2661 2985 2955 3057 ἐπωμίδες,
2986 2985 3468 3057 ὲγκεκολαμμέναι
3516 2987 3627 3040 τῶν

2032 3078 2388 3150 πατριαρχῶν
2414 3078 2482 3131 τὰ
2515 3076 2759 3148 ὀνόματα
2777 3092 2791 3105 ·
2834 3070 2909 3131 ὧν
2943 3078 3310 3149 ὑποτέμνεται
3335 3078 3395 3131 τὸ
3424 3078 3628 3148 πλῆθος

335 3168 509 3235 cium,
549 3168 839 3233 rationale,
876 3168 1081 3223 veritas
1136 3165 1515 3222 conveniunt?
1566 3164 1748 3231 Quare
1776 3172 1924 3234 patet

2034 3175 2129 3242 τῇς
2162 3171 2282 3224 καθ’
2316 3171 2546 3224 ἕκαστον
2587 3169 2849 3240 ἀκριϐοῦς
2872 3169 3126 3241 θεωρίας,
3158 3169 3300 3224 αὑτά
3330 3173 3431 3241 τῆς
3464 3188 3624 3242 περι-

335 3274 449 3314 non
477 3259 597 3327 ejus
650 3258 931 3313 sensibilis
977 3257 1215 3313 amictus
1247 3257 1425 3328 gratia
1459 3256 1753 3311 historiam
1804 3270 1927 3310 esse

336 3350 697 3420 descriptam,
756 3350 853 3404 sed
910 3357 972 3403 ut
1019 3349 1162 3404 alius
1186 3349 1408 3420 quidam
1453 3356 1683 3404 ornatus
1735 3349 1930 3401 anima:

334 3443 606 3499 virtuosis
630 3444 891 3513 operibus
927 3443 1273 3501 ostendatur.
1316 3440 1450 3495 Nam
1480 3442 1609 3512 quid
1637 3441 1742 3495 sibi
1780 3438 1929 3494 aliud

335 3538 632 3587 voluerunt
663 3534 778 3588 haec
817 3532 1041 3588 nomina
1070 3533 1176 3587 tria
1227 3533 1337 3587 illis
1364 3548 1393 3586 a
1431 3530 1616 3603 Moyse
1651 3531 1927 3601 imposita,

332 3625 625 3698 judicium,
677 3627 967 3691 rationale,
1006 3626 1238 3681 veritas?
1287 3632 1379 3679 aut
1408 3625 1497 3679 cui
1528 3638 1767 3693 unquam
1804 3638 1928 3678 cor-

335 3718 511 3788 porali
536 3718 670 3772 vesti
705 3718 821 3773 lucc
850 3719 1021 3773 indita
1058 3718 1320 3773 filerunt?
1344 3717 1475 3771 nulli
1509 3716 1792 3787 profecto:
1831 3731 1930 3769 nec

333 3810 479 3863 enim
517 3811 873 3874 conveniunt,
919 3810 1012 3866 sed
1046 3812 1267 3865 nomina
1312 3809 1429 3878 ipsa
1456 3808 1586 3879 quid
1614 3808 1931 3878 praaﬁgura-

333 3900 532 3964 vet-int,
549 3902 827 3969 aperiunt,
848 3908 902 3954 et
928 3900 1168 3955 laborem
1193 3899 1563 3970 expositionis
1586 3898 1927 3952 diminuunt.

336 3990 645 4063 llyacintho
673 4002 758 4047 est
818 3992 1010 4047 talaris
1061 3992 1233 4045 vestis
1266 3992 1457 4054 tincta,
1491 4005 1598 4060 qua
1633 3990 1726 4060 qui
1782 3988 1931 4043 hunc

335 4085 518 4139 locum
551 4092 679 4138 ante
702 4098 803 4138 nos
834 4085 1099 4153 speculati
1131 4092 1279 4146 sunt,
1299 4099 1425 4138 aera
1455 4082 1752 4152 significari
1785 4082 1931 4135 allir-

335 4184 513 4227 mant.
554 4172 667 4242 Ego
694 4181 876 4228 autem
913 4185 1092 4228 utrum
1126 4174 1322 4228 habeat
1348 4174 1415 4228 ad
1440 4189 1662 4228 aereum
1685 4173 1926 4227 colorem

336 4264 439 4319 llos
503 4264 898 4335 hyacinthinus
930 4264 1270 4329 aﬂinitatem,
1313 4282 1382 4320 an
1432 4280 1567 4331 non,
1609 4265 1736 4319 nolo
1797 4280 1931 4319 con-

338 4355 583 4411 tendere.
645 4354 935 4411 Rationem
994 4372 1129 4412 vero
1178 4358 1321 4413 hanc
1372 4373 1484 4413 non
1553 4340 1764 4429 rejicio,
1819 4371 1930 4411 non

337 4450 482 4503 enim
519 4465 713 4521 parum
745 4450 811 4505 ad
850 4452 1111 4505 virtutem
1144 4451 1454 4506 conducere
1506 4450 1723 4505 videtur
1754 4468 1767 4502 :
1796 4449 1931 4503 hor-

2030 3264 2195 3336 ϐολῆς
2221 3263 2290 3317 τά
2340 3263 2602 3333 ὀνόματα.
2646 3262 2806 3314 Ποῖον
2852 3260 2963 3332 γάρ
2999 3261 3327 3332 σωματικῶν
3381 3261 3629 3332 ἐσθημά-

2030 3372 2139 3408 των
2185 3354 2374 3424 ὄνομα,
2423 3352 2676 3425 δήλωσις,
2718 3351 2752 3423 ἢ
2785 3350 2987 3420 λόγιον,
3022 3351 3056 3423 ἢ
3094 3351 3361 3424 ἀλήθεια;
3401 3348 3436 3425 ἦ
3471 3353 3626 3424 δηλο-

2031 3446 2145 3498 νότι
2216 3445 2489 3499 δείκνυται
2561 3443 2650 3497 διὰ
2727 3443 2953 3510 τούτων,
3007 3442 3067 3497 τὸ
3138 3443 3212 3515 μὴ
3269 3444 3472 3516 ταύτην
3529 3447 3630 3517 τὴν

2031 3533 2295 3605 αἰσθητὴν
2363 3531 2651 3604 περιϐολὴν
2702 3532 2790 3587 διὰ
2858 3536 2958 3603 τῆς
3023 3532 3263 3604 ἱστορίας
3321 3536 3452 3605 ἡμῖν
3492 3535 3625 3588 ὑπο-

2031 3625 2362 3697 γράφεσθαι,
2408 3626 2545 3678 ἀλλά
2593 3641 2717 3678 τινα
2751 3624 2955 3694 κόσμον
2983 3623 3183 3696 ψυχῆς,
3234 3623 3324 3678 διὰ
3352 3624 3461 3677 τῶν
3504 3625 3625 3677 κατ’

2031 3718 2234 3791 ἀρετὴν
2303 3717 2750 3787 ἐπιτηδευμάτων
2827 3716 3267 3786 ὲξυφαινόμενον.
3312 3716 3628 3780 ’Ὑάκινθός

2033 3814 2181 3864 ἐστιν
2211 3814 2243 3881 ἡ
2275 3810 2369 3864 τοῦ
2402 3810 2673 3882 ποδήρους
2706 3808 2851 3879 βαφή
2878 3824 2891 3840 ·
2930 3809 3063 3879 φασὶ
3091 3809 3147 3861 δέ
3192 3826 3339 3872 τινες
3368 3808 3475 3861 τῶν
3520 3808 3631 3878 πρὸ

2033 3902 2188 3973 ἡμῶν
2215 3901 2639 3972 τεθεωρηκότων
2664 3900 2756 3952 τὸν
2782 3898 2962 3966 λόγον,
2990 3899 3081 3973 τὸν
3102 3898 3240 3969 ἀέρα
3266 3896 3630 3968 σημαίνεσθαι

2031 3996 2097 4065 τῇ
2147 3993 2311 4064 βαφῇ.
2357 3991 2497 4061 Ἐγὼ
2529 3993 2586 4045 δὲ
2623 3993 2670 4045 εί
2700 3991 2798 4062 μὲν
2826 4009 2878 4044 τι
2909 3990 2969 4043 τὸ
2996 3989 3237 4043 τοιοῦτον
3275 3988 3370 4041 τοῦ
3405 3987 3629 4059 χρῶμα·-

2031 4102 2123 4147 τος
2170 4084 2329 4146 άνθος
2375 4083 2513 4154 πρὸς
2561 4082 2622 4135 τὸ
2675 4082 2861 4152 ἀέριον
2910 4080 3111 4152 χρῶμα
3159 4079 3435 4148 συγγενῶς
3486 4078 3625 4149 ἔχει,

2034 4174 2277 4247 ἀκριϐῶς
2304 4176 2402 4227 οὑκ
2431 4173 2540 4244 ἔχω
2577 4171 3025 4243 διῖσχυρίζεσθαι.
3077 4171 3179 4225 Τὸν
3225 4171 3323 4242 μέν
3354 4188 3435 4223 τοι
3466 4170 3626 4239 λόγον

2033 4265 2134 4318 οὑκ
2174 4264 2464 4319 ἀποϐάλλω
2488 4280 2502 4293 ⁸
2541 4264 2807 4316 συντείνει
2836 4263 2946 4333 γὰρ
2975 4263 3110 4334 πρὸς
3136 4262 3234 4334 τὴν
3272 4263 3394 4316 κατ’
3424 4262 3628 4334 ἀρετὴν

2035 4357 2270 4428 θεωρίαν
2316 4357 2513 4426 νόημα,
2552 4355 2633 4409 ὅτι
2678 4354 2947 4425 βούλεται,
2979 4355 3069 4409 τὸν
3102 4354 3363 4426 μέλλοντα
3386 4355 3465 4426 τῷ
3505 4355 3628 4427 Θεῷ

2040 4450 2313 4522 ἱερᾶσθαι,
2345 4449 2440 4502 καὶ
2467 4448 2528 4501 τὸ
2559 4448 2754 4501 ἑαυτοῦ
2801 4448 3095 4520 προσάγειν
3124 4448 3282 4519 σῶμα
3316 4451 3381 4520 τῇ
3414 4451 3619 4520 ίερουρ·

338 4549 486 4594 tatur
514 4543 659 4595 enim
691 4542 795 4597 hoc
811 4543 1099 4613 aenigmate
1138 4557 1378 4605 omnem,
1408 4543 1505 4613 qui
1543 4541 1639 4597 Dei
1668 4543 1929 4597 sacerdo-

2034 4542 2131 4613 γίᾳ
2192 4542 2287 4595 καὶ
2325 4541 2555 4609 σφάγιον
2609 4538 2848 4608 γίνεσθαι
2909 4541 2984 4611 μὴ
3033 4539 3414 4610 νεκρούμενον,
3444 4542 3503 4593 ὲν
3555 4542 3624 4612 τῇ

336 4630 474 4683 tium
526 4646 809 4685 assumere
862 4631 1067 4695 studet,
1120 4633 1360 4700 seipsum
1427 4647 1491 4686 ac
1522 4647 1721 4702 corpus
1762 4647 1924 4688 suum

336 4718 450 4774 Deo
513 4718 710 4774 oﬁerre
764 4721 1021 4785 hostiam,
1054 4736 1161 4775 non
1192 4730 1503 4788 enecatum,
1561 4734 1656 4781 aut
1698 4736 1927 4792 caesum,

338 4813 552 4880 (vivum
594 4812 741 4866 enim
778 4811 879 4866 hoc
933 4813 1291 4877 sacriﬁcium,
1324 4816 1721 4886 rationalisque
1744 4816 1927 4870 cultus

338 4906 427 4959 hic
478 4902 584 4973 est)
615 4919 715 4958 nec
754 4904 938 4973 pingui
977 4901 1212 4973 quodam
1245 4921 1307 4959 ae
1339 4922 1576 4962 carnoso
1613 4907 1777 4976 hujus
1807 4906 1932 4960 vitte

336 5004 566 5057 amictu,
584 4994 679 5047 sed
702 4996 1039 5054 tenue,sicut
1060 4996 1219 5050 telam
1241 5012 1458 5052 araneze
1486 4998 1689 5052 munda
1708 4998 1931 5052 vivendi

336 5089 555 5142 ratione
581 5089 915 5152 conlectmn,
945 5095 1006 5140 ut
1033 5087 1247 5141 vivendi
1289 5091 1554 5144 tenuitate
1600 5090 1736 5151 leve,
1763 5097 1931 5159 atque

337 5194 559 5234 aereum
590 5177 816 5243 factum,
871 5196 1092 5235 sursum
1130 5196 1294 5250 posse
1351 5182 1479 5237 ferri
1511 5182 1781 5237 videatur.
1817 5182 1931 5237 Hoc

336 5274 483 5325 enim
523 5272 685 5326 modo
703 5287 827 5326 cutn
854 5273 1211 5327 novissimam
1248 5275 1431 5329 tubam
1450 5275 1598 5328 illam
1618 5273 1901 5329 audiemu.

338 5367 484 5419 omni
523 5380 690 5421 onere
720 5367 958 5430 liberati,
1001 5368 1151 5423 leves
1181 5369 1248 5424 ad
1278 5369 1523 5438 iubentis
1556 5383 1745 5423 vocem
1781 5368 1929 5423 exsi-

342 5453 540 5509 liemns
570 5472 583 5508 :
610 5470 711 5510 nec
738 5456 979 5524 pondere
1009 5457 1120 5510 ullo
1177 5458 1243 5511 ad
1279 5464 1484 5512 terram
1531 5456 1926 5526 deprimemur,

344 5544 437 5602 sed
464 5559 590 5597 cum
643 5544 874 5600 Domino
922 5562 1018 5617 per
1054 5562 1180 5603 aera
1215 5548 1479 5603 sublimes
1519 5544 1778 5601 feremur.
1822 5544 1926 5612 Qui

341 5649 497 5704 ergo,
536 5645 592 5689 ut
647 5637 938 5693 Psalmista
971 5638 1125 5706 dicit,
1172 5639 1333 5711 quasi
1383 5653 1639 5695 araneam
1686 5638 1925 5694 animam

424 5810 468 5842 "
489 5814 652 5871 EwJ.
679 5830 871 5883 xxvm,
905 5817 991 5871 30.

2034 4632 2183 4703 ζώσῃ
2217 4632 2377 4703 θυσίᾳ
2419 4632 2513 4685 καὶ
2542 4631 2731 4704 λογικῇ
2770 4631 3018 4702 λατρείᾳ,
3052 4630 3126 4701 μὴ
3150 4630 3351 4701 παχείᾳ
3386 4632 3493 4684 τινὶ
3528 4632 3626 4684 καὶ

2032 4724 2364 4796 πολυσάρκῳ
2378 4708 2469 4778 τοῦ
2489 4724 2605 4793 βίου
2620 4724 2877 4795 περιϐολῇ
2893 4724 3292 4777 καταϐλάπτειν
3304 4725 3402 4793 τὴν
3420 4723 3622 4795 ψυχὴν,

2032 4817 2146 4871 ἀλλ’
2178 4817 2576 4870 ἀπολεπτύνειν
2607 4810 2717 4869 οἷόν
2744 4833 2797 4868 τι
2827 4816 3086 4886 ἀράχνιον
3115 4816 3263 4886 νῆμα
3292 4819 3355 4887 τῇ
3388 4816 3624 4887 καθαρό-

2032 4926 2157 4979 τητι
2182 4908 2283 4977 τῆς
2306 4907 2450 4978 ζωῆς
2480 4907 2655 4961 πάντα
2686 4908 2753 4961 τὰ
2788 4908 2880 4960 τοῦ
2911 4907 3026 4976 βίου
3070 4908 3496 4979 ἐπιτηδεύματα,
3528 4910 3625 4962 καὶ

2034 5002 2203 5069 ἐγγὺς
2221 4995 2359 5053 εἶναι
2391 4999 2528 5070 πρὸς
2549 4998 2610 5051 τὸ
2626 4999 2908 5070 ἀνωφερὲς
2941 5016 2999 5052 τε
3048 5000 3143 5052 καὶ
3175 4999 3376 5067 κοῦφον
3419 4999 3514 5053 καὶ
3547 5001 3627 5052 ἐν·

2035 5091 2238 5163 ἀέριον,
2261 5092 2361 5162 τὴν
2391 5088 2696 5161 σωματώδη
2726 5090 2931 5161 ταύτην
2955 5089 3115 5159 φύσιν
3140 5091 3473 5161 μετακλάσαι
3492 5109 3508 5122 ·
3536 5092 3625 5146 ἵνα

2032 5184 2160 5236 ὅταν
2192 5183 2289 5250 τῆς
2329 5183 2566 5253 ἐσχάτης
2602 5180 2925 5252 ἀκούσωμεν
2958 5182 3272 5252 σάλπιγγος,
3295 5183 3517 5255 ἀϐαρεῖς
3562 5202 3624 5238 τε

2036 5275 2129 5326 καὶ
2152 5271 2343 5341 κοῦφοι
2362 5273 2498 5344 πρὸς
2516 5271 2615 5342 τὴν
2637 5272 2819 5341 φωνὴν
2835 5270 2929 5325 τοῦ
2948 5272 3260 5336 κελεύοντος
3283 5274 3622 5345 εὑρεθέντες,

2035 5364 2316 5435 μετάρσιοι
2363 5364 2431 5418 δι’
2465 5362 2628 5433 ἀέρος
2675 5362 2792 5433 ἅμα
2835 5361 2913 5433 τῷ
2947 5364 3137 5435 Κυρίῳ
3176 5364 3488 5435 φερώμεθα,
3516 5367 3623 5421 ὑπὸ

2036 5458 2262 5529 μηδενὸς
2298 5457 2499 5528 βάρους
2524 5456 2617 5511 ἐπὶ
2656 5457 2755 5528 τὴν
2780 5457 2886 5527 γῆν
2920 5457 3324 5528 καθελκόμενοι.
3360 5459 3569 5511 Οὑκοῧν
3594 5461 3623 5513 ὁ

2034 5547 2177 5601 κατὰ
2225 5546 2323 5618 τὴν
2373 5541 2468 5599 τοῦ
2504 5543 2814 5615 Ψαλμῳδοῦ
2865 5544 3188 5615 ὑποθήκην,
3258 5543 3492 5615 ὲκτήξας
3545 5544 3622 5608 ὡς

2032 5639 2275 5709 ἀράχνην
2316 5636 2414 5707 τὴν
2463 5634 2655 5690 ἑαυτοῦ
2683 5635 2882 5707 ψυχὴν,
2916 5635 3007 5690 τὸν
3039 5634 3252 5707 άερώδη
3293 5638 3499 5690 ἐκεῖνον
3536 5652 3620 5706 χι⁴
