3888 6412
206 391 310 448 389

1523 382 1612 439 DE
1650 382 1811 439 VITA
1844 381 2119 440 MOYSIS.

3373 380 3481 438 390

210 509 353 564 τῶνα
385 507 747 578 περιεϐάλετο
779 507 844 560 ἐκ
883 503 1122 576 κεφαλῆς
1163 505 1241 566 εἰς
1286 502 1489 574 ἄκρους
1522 501 1689 566 πόδας
1719 501 1798 555 δι-

1913 513 2056 555 suam
2089 496 2375 553 tabescere
2403 494 2550 560 fecit,
2575 493 2622 550 is
2647 493 2810 549 etiam
2838 491 2984 548 illam
3008 499 3212 549 vestem
3239 475 3479 562 seipsum

210 601 430 670 ἡκοντα.
466 598 544 651 Ού
581 597 689 668 γὰρ
719 595 967 666 βούλεται
1005 591 1359 648 κολοϐοῦσθαι
1397 592 1495 661 τὴν
1533 590 1732 662 ἀρετὴν
1767 591 1798 644 6

212 692 392 761 νόμος.
440 689 503 742 Ἦ
532 684 627 742 οὖν
670 687 973 759 λαμπηδὼν
1002 685 1112 740 τῶν
1142 683 1322 740 καλῶν
1358 682 1556 756 ἔργων,
1583 684 1632 737 οἱ
1665 701 1798 756 χρυ-

214 784 300 836 σοῖ
325 780 573 843 κὼδωνές
613 782 740 843 εἰσι,
775 782 887 842 τοῖς
923 777 1162 850 ῥοΐσκοις
1201 776 1660 848 περιδονούμενοι.
1693 773 1798 828 Δύο

212 874 323 946 γάρ
358 876 474 926 ἐστι
501 871 674 926 ταῦτα
715 870 1142 941 ἐπιτηδεύματα,
1191 869 1258 923 δι’
1287 862 1364 924 ὧν
1393 871 1426 940 ἡ
1459 868 1628 940 ἀρετὴ
1673 885 1799 923 συν-

211 965 516 1036 αγείρεταιο
549 967 582 1036 η
607 965 690 1027 εἰς
721 963 812 1016 τὸν
833 961 966 1017 Θεὸν
997 962 1203 1025 πίστις,
1222 961 1257 1031 ἥ
1287 978 1348 1014 τε
1387 959 1538 1030 παρὰ
1563 959 1656 1013 τὸν
1684 959 1798 1030 βίον

213 1057 542 1128 συνείδησις.
573 1056 810 1118 Τούτους
828 1053 1154 1126 προστίθησι
1178 1053 1256 1122 τῷ
1281 1053 1540 1124 ἐνδύματι
1571 1052 1665 1106 τοῦ
1699 1053 1794 1106 Tt-

216 1148 414 1220 μοθέου
441 1148 566 1211 τοὺς
599 1147 848 1218 ῥοΐσκους
879 1161 939 1198 τε
969 1145 1066 1199 καὶ
1095 1145 1222 1208 τοὺς
1266 1145 1524 1209 κώδωνας
1562 1147 1591 1198 6
1623 1146 1798 1216 μέγας

214 1239 452 1303 Παῦλος,
488 1237 657 1292 εἰπὼν
698 1237 860 1292 αὑτὸν
892 1236 1038 1308 ἔχειν
1081 1236 1191 1290 δεῖν
1232 1237 1412 1291 πίστιν
1451 1237 1547 1291 καὶ
1586 1235 1797 1308 ἀγαθὴν

217 1331 544 1402 συνείδησιν.

285 1555 497 1610 Οὐκοῦν
527 1556 561 1626 ὴ
596 1554 696 1626 μὲν
723 1554 904 1619 πίστις
938 1552 1176 1625 καθαρὸν
1201 1552 1402 1624 ὴχείτω
1434 1554 1527 1608 καὶ
1568 1552 1802 1624 μεγαλό-

217 1664 394 1717 φωνον
432 1647 490 1699 ἐν
529 1644 607 1716 τῷ
636 1645 735 1716 τῆς
779 1645 942 1714 ἁγίας
971 1643 1201 1716 Τριάδος
1247 1643 1583 1716 κηρύγματι.
1639 1645 1699 1699 '0
1740 1645 1798 1699 δὲ

218 1738 334 1809 βίος
390 1733 662 1807 μιμείσθω
707 1732 800 1788 τοῦ
853 1733 1067 1804 καρποῦ
1123 1734 1222 1806 τῆς
1253 1735 1404 1805 ῥοιᾶς
1451 1735 1552 1806 τὴν
1605 1735 1796 1804 φύσιν⁹

218 1825 430 1894 ἐκείνης
463 1841 523 1878 τε
558 1823 668 1894 γάρ
696 1822 940 1892 ἄϐρωτός
968 1825 1116 1876 ἐστιν
1147 1825 1180 1894 ἡ
1227 1825 1536 1892 ἐπιφάνεια,
1586 1825 1800 1899 στερρῷ

216 1934 278 1969 τε
322 1916 418 1970 καὶ
457 1915 889 1985 κατεστυμμένῳ
922 1913 1000 1982 τῷ
1052 1913 1261 1985 ἐλύτρῳ
1302 1913 1682 1987 διειλημμένη.
1726 1916 1802 1969 Τὸ

217 2007 271 2060 δὲ
303 2006 640 2077 ἐγκείμενον,
675 2005 770 2077 ἡδὺ
821 2005 918 2078 μὲν
953 2004 1180 2076 ὀφθῆναι
1219 2005 1296 2077 τῷ
1343 2007 1572 2078 ποικίλῳ
1609 2025 1669 2061 τε
1707 2008 1804 2061 καὶ

218 2097 474 2169 εὐκόσμῳ
517 2096 616 2167 τῆς
657 2094 751 2148 τοῦ
814 2094 1028 2166 καρποῦ
1079 2095 1390 2160 διαθέσεως,
1438 2096 1586 2168 ἥδιον
1636 2098 1693 2151 δὲ
1733 2100 1800 2170 τῇ

218 2188 408 2258 γεύσει
445 2187 675 2256 γίνεται,
708 2187 1138 2257 καταγλυκαϊνον
1168 2188 1267 2259 τὴν
1296 2188 1566 2259 αἴσθησιν.
1620 2191 1692 2244 Ἤ
1743 2208 1803 2244 τε

222 2279 510 2348 φιλόσοφος
551 2280 647 2332 καὶ
669 2278 1072 2350 κατεσκληκυῖα
1103 2279 1346 2352 διαγωγὴ
1383 2280 1684 2351 δύσληπτός
1720 2299 1804 2346 τις

220 2369 357 2426 οὖσα
404 2371 499 2424 καὶ
527 2370 698 2441 ἀηδὴς
734 2372 800 2442 τῇ
829 2370 1103 2441 αἰσθήσει,
1134 2370 1347 2444 πλήρης
1389 2372 1608 2440 ἀγαθῶν
1654 2372 1806 2426 ἐλπί-

219 2463 329 2517 δων
357 2463 495 2528 ἐστὶ,
526 2461 670 2514 κατὰ
701 2461 792 2515 τὸν
823 2461 954 2514 ῐδιον
984 2461 1196 2532 καρπὸν
1222 2461 1577 2516 πεπανθεῖσα.
1623 2463 1807 2516 Ἐπει-

220 2553 319 2606 δάν
373 2551 482 2622 γὰρ
530 2553 558 2604 6
600 2549 843 2621 γεωργὸς
890 2548 1048 2619 ἡμῶν
1095 2549 1379 2623 ἀναπτύξῃ
1403 2549 1497 2603 τοῦ
1548 2550 1662 2620 βίου
1706 2551 1806 2620 τὴν

223 2643 379 2714 ροιάν
406 2641 483 2714 τῷ
515 2642 630 2713 ίδίῳ
677 2641 876 2714 καιρῷ,
924 2642 1020 2695 καὶ
1069 2641 1218 2712 δείξῃ
1263 2641 1370 2694 τῶν
1413 2641 1694 2695 ἀποθέτων
1748 2641 1808 2695 τὺ

221 2734 421 2798 κάλλος
441 2751 455 2764 ·
502 2733 623 2787 τότε
674 2732 900 2802 γλυκεῖα
948 2732 1160 2802 γίνεται
1200 2735 1314 2795 τοῖς
1362 2733 1726 2786 ἀπολαύουσιν
1773 2733 1806 2803 ὴ

224 2824 488 2896 μετουσία
532 2823 640 2878 τῶν
684 2824 830 2877 ἰδίων
869 2822 1119 2894 καρπῶν.
1172 2823 1311 2894 Φησὶ⁸
1351 2823 1458 2894 γάρ
1503 2839 1604 2875 που
1646 2823 1741 2876 καὶ
1780 2826 1810 2877 6

221 2917 364 2977 θεῖος
396 2908 730 2977 Ἀπόστολος,
746 2911 827 2965 ὅτι
844 2915 993 2967 πᾶσα
1019 2914 1236 2968 παιδεία
1265 2915 1400 2986 πρὸς
1433 2913 1530 2985 μὲν
1556 2913 1616 2966 τὸ
1637 2915 1809 2986 παρὸν

220 3007 285 3060 οὐ
316 3005 466 3058 δοκεῖ
495 3006 669 3076 χαρᾶς
705 2999 867 3068 εἶναι,
913 3004 1053 3059 ἀλλά
1095 3005 1308 3077 λύπης·
1355 3005 1514 3060 τοῦτό
1553 3007 1668 3060 ἐστι
1711 3007 1810 3078 τῆς

223 3099 378 3170 ῥοιᾶς
402 3097 462 3151 τὸ
497 3097 931 3168 προεντυγχάνον
964 3100 1077 3162 τοῖς
1105 3100 1433 3171 ἁπτομένοις
1453 3119 1466 3132 ·
1498 3099 1723 3172 ὕστερον
1753 3101 1810 3154 δέ

1900 589 2100 654 induit,
2131 603 2256 659 quae
2306 601 2338 641 a
2366 587 2545 657 capite
2577 586 2644 640 ad
2673 585 2840 656 pedes
2871 598 3047 654 usque
3078 583 3480 667 circumfundi-

1897 689 1989 737 tur
2016 699 2030 736 :
2067 697 2167 737 nec
2189 681 2337 736 enim
2367 693 2616 735 mancam
2649 685 2744 732 aut
2786 684 3040 732 truncam
3062 689 3185 731 esse
3201 675 3481 738 virtutem,

1897 773 1993 828 sed
2020 773 2287 842 integrann
2320 775 2486 839 atque
2538 781 2634 838 per
2656 781 2849 821 omnes
2889 779 3152 820 numeros
3181 763 3480 834 perfectam

1897 864 1984 918 lex
2018 863 2158 922 vult.
2186 861 2364 916 Aurea
2390 875 2520 915 vero
2541 857 2930 920 tintinnabula,
2954 856 3225 911 bonorum
3253 869 3479 924 operum

1898 955 2159 1024 splendor
2186 960 2339 1015 sunt,
2377 951 2538 1006 malis
2570 949 2790 1020 punicis
2837 950 3157 1017 intercepta.
3191 947 3304 1000 Duo
3335 947 3480 1000 enim

1897 1045 2013 1100 hac
2051 1054 2182 1100 sunt
2211 1045 2413 1107 studia,
2449 1041 2653 1113 quibus
2691 1041 2868 1096 virtus
2898 1048 3009 1094 tota
3043 1037 3312 1093 conﬂatur
3334 1047 3482 1093 recta

1898 1137 1954 1191 in
1986 1135 2154 1189 Deum
2192 1134 2346 1198 ﬁdes,
2373 1141 2428 1188 et
2456 1133 2686 1203 probata
2740 1131 2796 1185 in
2836 1131 2939 1185 hac
2972 1131 3080 1184 vita
3123 1130 3480 1185 conscientia.

1900 1227 2023 1282 Haec
2050 1227 2193 1281 mala
2224 1227 2424 1296 punica
2458 1240 2524 1280 ac
2556 1223 2920 1278 tintinnabula
2953 1223 3271 1277 indumento
3295 1221 3483 1276 Timo-

1898 1321 2006 1374 thei
2040 1319 2245 1376 Paulus
2271 1319 2361 1374 ille
2388 1318 2656 1382 innexuit,
2683 1332 2807 1371 cum
2829 1315 3000 1379 dicat.
3031 1325 3284 1385 oportere
3309 1323 3368 1370 ut
3387 1315 3486 1370 ha-

1898 1412 2024 1469 beat
2051 1412 2208 1467 lidem
2240 1419 2295 1468 et
2328 1411 2554 1481 probam
2595 1410 2992 1466 conscientiam
3024 1409 3093 1464 ⁸³.

1967 1551 2132 1610 Fides
2207 1552 2374 1623 igitur
2439 1549 2783 1615 sacerdotis,
2831 1547 3000 1602 veluti
3059 1544 3486 1600 tintinnabulum

1899 1653 2047 1708 clare
2069 1656 2230 1718 atque
2258 1659 2458 1700 sonore
2478 1643 2532 1696 in
2559 1651 2764 1698 sanctae
2789 1640 3078 1695 Trinitatis
3105 1639 3489 1709 praedicatione

1898 1742 2192 1798 exclamet.
2242 1735 2364 1790 Vita
2391 1751 2524 1788 vero
2563 1739 2816 1787 naturam
2863 1732 3189 1801 punicorum
3247 1729 3491 1784 imitetur

1831 1860 1872 1914 Β
1903 1845 2210 1904 pomorum,
2240 1842 2474 1897 quorum
2503 1824 2838 1878 circumfusa
2870 1822 3116 1876 exterius
3139 1819 3296 1891 quasi
3329 1826 3489 1882 testa,

1901 1921 2322 1980 incomestibilis
2352 1921 2600 1987 duraque
2630 1923 2734 1978 est,
2773 1915 2922 1992 quod
2974 1923 3154 1967 autem
3202 1914 3351 1966 intus
3391 1927 3492 1965 re-

1901 2015 2184 2073 conditum
2226 2020 2331 2075 est,
2387 2018 2440 2066 et
2496 2010 2614 2062 visu
2671 2025 2736 2062 ex
2792 2008 3053 2060 varietate
3101 2005 3302 2058 coloris
3327 2012 3492 2071 atque

1902 2103 2281 2164 collocationis
2311 2099 2824 2170 ordinejucumlum
2853 2107 2958 2164 est,
2998 2103 3050 2151 et
3097 2103 3258 2167 gustu
3289 2094 3492 2159 jucun-

1903 2201 2050 2261 dius,
2082 2213 2191 2252 non
2223 2209 2389 2266 parva
2419 2191 2707 2248 dulcedine
2735 2205 2954 2244 sensum
3003 2188 3263 2242 alliciens.
3309 2184 3494 2239 Philo-

1903 2289 2130 2360 sOphica
2149 2294 2205 2342 et
2222 2299 2440 2356 quoque
2456 2280 2769 2337 Christiana
2786 2279 3001 2334 vivendi
3024 2279 3162 2331 ratio
3186 2278 3320 2331 dura
3339 2286 3494 2331 exleu

1904 2381 2046 2448 rius,
2074 2386 2239 2448 atque
2269 2389 2463 2446 aspera
2499 2373 2684 2428 sensui
2712 2379 2816 2434 est,
2859 2371 3008 2425 intus
3037 2369 3238 2439 saepius
3261 2369 3493 2437 Optima-

1905 2489 2025 2528 rum
2061 2469 2665 2542 pulcherrimarumque
2687 2479 2868 2519 rerum
2907 2464 3087 2532 plena,
3117 2470 3363 2530 tempore
3394 2477 3495 2516 suo

1905 2578 2030 2617 cum
2060 2569 2273 2615 matura
2307 2558 2494 2620 fuerit,
2530 2571 2765 2624 cumque
2815 2553 3056 2624 agricola
3103 2561 3289 2606 noster
3337 2565 3494 2622 poma

1908 2655 2109 2726 punica
2156 2652 2321 2720 hujus
2371 2650 2496 2704 vitae
2548 2648 2777 2718 aperiet,
2833 2646 3206 2700 dulcissimam
3267 2659 3493 2698 suorum

1907 2746 2184 2800 fructuum
2227 2739 2510 2812 praestabit
2567 2739 2947 2809 fragrantiam.
2979 2735 3275 2806 Apostolus
3327 2736 3493 2790 etiam

1907 2833 2061 2897 dicit,
2113 2832 2318 2886 nullam
2349 2830 2698 2900 disciplinam
2754 2829 2808 2883 in
2863 2829 3117 2897 praesenti
3167 2829 3278 2882 vita
3321 2827 3495 2882 videri

1909 2928 2149 2982 lzetitiam
2181 2925 2397 2986 aﬂ‘errc,
2431 2923 2526 2980 sed
2561 2921 2842 2976 tristitiam
2875 2923 2962 2988 “;
3011 2929 3066 2974 et
3120 2919 3172 2973 id
3207 2929 3313 2984 est,
3349 2919 3496 2988 quod

1910 3034 2006 3090 per
2039 3016 2309 3072 exteriora
2342 3013 2488 3084 pomi
2525 3011 2710 3082 punici
2747 3010 3033 3081 ﬁguratur.
3089 3007 3220 3064 Post
3253 3010 3365 3063 haec
3395 3023 3495 3062 au-

1912 3118 2020 3164 tem
2051 3107 2285 3162 fluctum
2307 3103 2590 3175 paciﬁcum
2618 3101 2820 3168 reddit,
2853 3109 2906 3156 et
2960 3101 3010 3155 id
3042 3109 3124 3156 est
3152 3099 3382 3156 dulcedo
3412 3099 3498 3154 in-

221 3189 437 3259 καρπὸν
486 3189 759 3262 εἰρηνικὸν
791 3189 1103 3243 ἀποδίδωσι.
1149 3190 1323 3243 Τοῦτο
1370 3193 1403 3262 ὴ
1444 3191 1552 3246 τῶν
1599 3192 1809 3246 ἔνδοθεν

1915 3202 2082 3256 terior
2117 3215 2180 3252 ac
2213 3195 2585 3268 pulchritudo.
2641 3193 2793 3248 Hanc
2843 3202 3049 3248 vestem
3094 3191 3498 3263 eossymbotam

224 3280 502 3349 ἐδωδίμων
543 3280 837 3351 γλυκύτης.
865 3281 970 3335 Τὸν
1015 3281 1072 3334 δὲ
1117 3282 1322 3352 χιτῶνα
1359 3283 1546 3337 τοῦτον
1584 3285 1679 3338 καὶ
1717 3301 1808 3338 κο-

226 3372 514 3442 συμόωτδν
558 3368 697 3428 εἶναι
737 3376 766 3428 6
796 3373 954 3442 λόγος
995 3374 1384 3430 διακελεύεται.
1435 3377 1713 3448 Κόσυμϐοι
1752 3378 1808 3431 δέ

226 3466 356 3528 εἱσι,
386 3464 454 3518 τὰ
480 3465 583 3530 ἔξω
609 3466 710 3537 τῆς
745 3467 957 3537 χρείας,
991 3466 1199 3538 κόσμου
1231 3468 1412 3540 χάριν,
1443 3469 1809 3541 ἀπηρτημένα

228 3557 545 3627 σφαιροειδῆ
567 3559 786 3628 ἀπαρτή
796 3575 962 3628 ματα.
993 3559 1359 3630 Μανθάνομεν
1381 3561 1438 3614 δέ
1457 3561 1545 3614 διὰ
1568 3561 1772 3613 τούτων
1791 3577 1805 3591 ο

224 3649 290 3702 τὺ
316 3649 424 3701 δεῖν
465 3649 541 3720 μὴ
581 3652 644 3720 τῇ
693 3649 878 3720 ἐντολῇ
912 3650 1072 3720 μόνον
1099 3649 1197 3722 τὴν
1237 3651 1442 3722 ἀρετὴν
1475 3651 1807 3723 μετρεῖσθαι,

226 3743 367 3799 ἀλλὰ
391 3760 442 3795 τι
467 3742 560 3795 καὶ
581 3743 710 3814 παρ’
744 3741 898 3812 ἡμῶν
931 3741 1338 3814 ὲξευρίσκεσθαι
1369 3743 1455 3796 διὰ
1484 3743 1590 3796 τῶν
1615 3743 1811 3807 ἔξωθεν

227 3833 764 3905 παρεπινοουμένων.
809 3834 897 3897 Ὠς
927 3833 993 3887 ἂν
1024 3835 1310 3906 προσθήκη
1339 3851 1424 3898 τις
1468 3833 1562 3887 τοῦ
1603 3835 1810 3904 κόσμου

227 3928 440 3996 γένοιτο
466 3925 543 3994 τῷ
581 3925 858 3998 ἐνδύματι,
888 3922 1000 3991 οἷος
1036 3929 1061 3980 6
1087 3927 1301 3991 Παῦλος
1341 3923 1430 3999 ἦν,
1457 3927 1583 3990 τοὺς
1615 3926 1812 3990 καλοὺς

226 4019 364 4088 παρ’
404 4015 596 4070 ἑαυτοῦ
647 4016 953 4087 κοσύμϐους
1001 4019 1123 4082 ταῖς
1173 4015 1414 4082 ἐντολαῖς
1464 4017 1809 4088 συμπλέκων.

226 4109 341 4164 Τοῦ
391 4109 500 4179 γὰρ
545 4108 711 4170 νόμου
767 4108 1080 4172 κελεύοντος
1142 4110 1266 4174 τοὺς
1322 4110 1400 4180 τῷ
1443 4109 1814 4181 θυσιαστηρίῳ

230 4199 716 4275 προσεδρεύοντας,
736 4198 812 4269 τῷ
828 4199 1200 4271 θυσιαστηρίῳ
1226 4199 1684 4272 συμμερίζεσθαιο
1721 4201 1815 4254 καὶ

231 4293 310 4363 μὴ
352 4290 652 4354 κωλύοντος
685 4291 920 4362 ἀδελφὴν
959 4293 1196 4359 γυναῖκα
1236 4293 1542 4363 περιάγειν,
1571 4292 1816 4354 καὶτοὺς

226 4384 293 4438 τὸ
319 4383 653 4452 Εὑαγγέλιον
700 4382 1193 4451 καταγγέλλοντας,
1230 4383 1439 4437 ἐκεῖθεν
1485 4383 1618 4455 ζῇν·
1663 4378 1815 4448 οὗτος

227 4475 508 4530 ἀδάπανον
534 4476 763 4527 ποιεῖται
801 4474 863 4526 τὺ
901 4473 1257 4542 Εὐαγγέλιον,
1286 4477 1486 4528 πεινῶν
1527 4477 1620 4530 καὶ
1647 4476 1814 4546 διψῶν

228 4566 327 4618 καὶ
367 4563 744 4635 γυμνητεύων.
793 4554 954 4618 Οὗτοί
981 4566 1121 4616 εἰσιν
1163 4566 1214 4617 οἱ
1255 4564 1413 4618 καλοὶ
1445 4565 1733 4636 κόσυμδοι,
1765 4567 1814 4619 οἱ
1851 4549 1896 4605 D

224 4660 325 4712 τὸν
358 4657 563 4728 χιτῶνα
599 4656 706 4710 τῶν
748 4656 977 4709 ἐντολῶν
1006 4657 1073 4726 τῇ
1112 4657 1242 4725 παρ’
1285 4655 1490 4710 ἐαυτῶν
1528 4657 1814 4728 προσθήκῃ

227 4750 729 4821 κατακοσμοῦντες.
771 4746 903 4802 Εἶτα
933 4748 1028 4801 δύο
1054 4749 1252 4802 πέπλοι
1276 4750 1482 4804 ἀνωθεν
1503 4750 1818 4803 ἐπιϐάλλον-

226 4862 324 4898 ται
350 4842 430 4912 τῷ
458 4843 679 4914 ποδήρει
711 4844 774 4895 ἐκ
815 4841 922 4894 τῶν
958 4839 1126 4912 ὤμων
1159 4841 1318 4912 μέχρι
1347 4840 1439 4895 τοῦ
1473 4841 1700 4913 στήθους
1728 4842 1818 4895 καὶ

228 4933 343 4986 τῶν
381 4932 731 5002 μεταφρένων
756 4931 1109 5002 καθήκοντες,
1139 4931 1231 4984 δύο
1259 4931 1496 5002 πόρπαις
1539 4932 1660 4985 καθ’
1690 4932 1819 4986 ἐκά-

229 5040 395 5095 τερον
432 5015 581 5090 ὦμον
619 5021 868 5090 ἀλλήλοις
917 5022 1215 5091 ἐνούμενοι.
1253 5022 1317 5074 Δί
1348 5021 1404 5074 δὲ
1435 5022 1642 5092 πόρπαι
1681 5023 1819 5075 λίθοι

231 5115 344 5168 εἰσὶ
385 5113 453 5166 τὰ
490 5112 598 5164 τῶν
641 5112 994 5184 πατριαρχῶν
1033 5113 1273 5183 ὀνόματα
1296 5111 1356 5176 ἒξ
1394 5112 1514 5165 καθ’
1560 5113 1821 5183 ἑκάτερον

234 5209 298 5258 ἐν
331 5206 446 5268 τοῖς
484 5204 803 5274 χαράγμασι
843 5203 1121 5273 φέρουσαι.
1173 5203 1399 5272 Ποικίλη
1451 5203 1508 5256 δὲ
1555 5205 1663 5256 τῶν
1711 5206 1821 5258 πέ-

235 5297 389 5350 πλων
421 5295 454 5364 ἡ
491 5294 790 5365 ίστουργία.
838 5293 1122 5351 Ὑάκινθος
1164 5293 1261 5363 μὲν
1287 5293 1551 5365 πορφύρῳ
1582 5297 1825 5365 συμπλέ-

238 5402 416 5438 κεται.
454 5383 528 5436 T6
559 5383 616 5436 δὲ
646 5383 745 5454 τῆς
780 5385 980 5436 κόκκου
1015 5381 1267 5453 ἐρύθημα
1297 5385 1361 5454 τῇ
1405 5383 1588 5453 βύσσῳ
1635 5385 1826 5454 μίγνυ-

237 5495 349 5531 ται.
389 5476 531 5529 Πᾶσι
565 5474 622 5528 δὲ
656 5475 866 5539 τούτοις
907 5473 1003 5528 τοῦ
1053 5476 1116 5528 ἐκ
1165 5475 1388 5544 χρυσίου
1435 5476 1580 5547 νῆμα
1624 5493 1827 5544 συγκα-

237 5565 636 5635 τασπείρεται·
697 5563 772 5626 ὡς
826 5566 889 5616 ἐκ
937 5566 1037 5634 τῆς
1097 5563 1412 5629 πολυειδοῦς
1466 5565 1670 5635 ταύτης
1729 5568 1826 5638 τῆς

240 5655 442 5726 βαφῆς,
477 5657 605 5725 μίαν
633 5655 754 5708 τινὰ
791 5656 1240 5727 συγκεκραμένην
1287 5656 1434 5727 ὤραν
1467 5659 1529 5711 ἐκ
1571 5660 1663 5712 τοῦ
1691 5659 1827 5727 ῦφά-

314 5825 361 5859 ⁶³
397 5828 683 5886 lTimoth.
718 5846 759 5898 ι,
797 5833 883 5888 19.
948 5829 1182 5886 “Hebr.
1225 5847 1321 5897 xu,
1356 5832 1439 5888 ll.

1913 3294 2077 3347 etiam
2102 3291 2258 3360 jubet
2285 3305 2430 3355 esse,
2458 3296 2518 3342 ut
2549 3303 2578 3341 a
2630 3288 2790 3342 nobis
2822 3300 3040 3355 quoque
3097 3285 3231 3354 ipsis
3293 3283 3500 3353 aliquid

1915 3385 2147 3439 ulterius
2178 3382 2244 3436 ad
2282 3381 2505 3437 virtutis
2554 3380 2953 3435 incrementum
2985 3375 3304 3430 adinvenire
3337 3389 3503 3428 cone-

1915 3491 2058 3540 mur,
2091 3488 2196 3542 quo
2229 3472 2608 3528 indumentum
2651 3471 2900 3528 ornatius
2942 3468 3055 3530 ﬁat,
3085 3467 3244 3524 siculi
3299 3465 3503 3522 Paulus

1917 3565 2175 3626 faciebat,
2199 3563 2292 3630 qui
2326 3561 2713 3616 ornatissimos
2745 3560 2799 3612 in
2829 3559 2947 3613 dies
2971 3558 3295 3629 cossymbos
3313 3558 3502 3612 virtuti

1916 3653 2170 3708 addebat.
2205 3651 2339 3706 Nam
2375 3668 2500 3705 cum
2533 3652 2619 3706 lex
2651 3651 2932 3720 permittat
2963 3649 3122 3703 altari
3180 3649 3504 3703 ministran-

1916 3753 1999 3800 tes
2020 3760 2084 3799 οι
2115 3745 2296 3804 altari.
2323 3754 2375 3799 et
2406 3743 2685 3815 Evangelii
2719 3743 2942 3796 nuntios
2979 3753 3046 3792 ex
3090 3741 3385 3811 Evangelio
3425 3743 3507 3796 vi-

1916 3851 2064 3894 vere.
2136 3835 2226 3889 ille
2272 3835 2390 3889 sine
2450 3835 2550 3887 hac
2581 3835 2648 3889 ad
2686 3836 2810 3888 vitm
2837 3833 3219 3888 necessitatem
3253 3835 3506 3889 mercede

1919 3925 2270 3986 Evangelium
2303 3923 2867 3994 prmdicavit,nudus,
2913 3924 3238 3994 l’amescens,
3286 3923 3502 3978 sitiens.

1920 4014 2012 4068 lla:
2040 4014 2280 4084 pulchrae
2328 4023 2459 4068 sunt
2502 4013 2748 4078 ﬁmbriae,
2803 4030 2924 4082 quae
2968 4023 3172 4067 vestem
3226 4013 3504 4068 mandato-

1919 4123 2041 4161 rum
2066 4109 2387 4162 accessionc
2411 4123 2508 4161 sua
2535 4105 3140 4161 redduntornatiorem.
3173 4103 3289 4159 lluo
3311 4105 3508 4162 deinde

1921 4207 2234 4267 tegumenta
2267 4200 2796 4269 superimponunlur
2831 4200 3154 4253 indumento
3197 4199 3270 4252 illi
3324 4198 3506 4261 talari,

1924 4305 2094 4358 usque
2125 4291 2190 4344 ad
2227 4299 2418 4362 pectus
2447 4301 2499 4345 et
2541 4307 2701 4344 renes
2729 4291 2800 4344 ab
2836 4290 3079 4343 humeris
3129 4289 3506 4352 descendenti,

1921 4383 2135 4438 duabus
2159 4383 2375 4437 uncinis
2410 4383 2462 4435 in
2497 4390 2731 4450 utroque
2775 4381 3002 4434 humero
3037 4379 3341 4435 adinvicem
3378 4395 3510 4434 con-

1919 4477 2132 4546 juncta.
2167 4473 2364 4529 Uncini
2407 4482 2587 4528 autem
2638 4482 2767 4528 sunt
2815 4473 3045 4542 lapides,
3077 4472 3508 4541 patriarcharum

1921 4569 2142 4624 nomina
2193 4583 2287 4624 sex
2339 4569 2720 4637 unusquisque
2781 4567 2969 4619 caelata
3009 4564 3268 4619 ferentes.
3305 4562 3510 4618 Horum

1921 4661 2221 4731 tegminum
2281 4675 2477 4728 magna
2531 4653 2794 4712 varietate
2842 4659 3088 4711 colorum
3136 4663 3353 4710 textura
3395 4665 3513 4711 erat

1923 4750 2208 4808 confecta:
2255 4751 2582 4822 hyacinthus
2653 4763 2890 4820 purpura
2939 4747 3404 4808 connectebatur',
3461 4756 3514 4802 et

1923 4842 2072 4896 cocci
2129 4841 2338 4895 rubedo
2394 4841 2562 4912 bysso
2605 4839 2977 4909 iungebatur:
3033 4846 3087 4893 et
3131 4837 3220 4894 his
3258 4838 3514 4893 omnibus

1923 4948 2087 4988 aurea
2117 4933 2201 4987 illa
2225 4939 2383 4987 erant
2406 4933 2677 5003 inspersa,
2707 4934 2778 4986 ita
2813 4942 2871 4986 ut
2909 4948 2976 4986 cx
3007 4931 3360 4988 multicolore
3408 4931 3512 4985 hac

1925 5027 2160 5080 tinctura
2196 5041 2340 5080 unus
2363 5026 2583 5094 quidem
2619 5024 2945 5080 commistns
2971 5024 3232 5094 splendor
3261 5038 3325 5079 ex
3358 5033 3510 5094 tegu-

1925 5119 2166 5172 minibus
2202 5119 2516 5188 rel'ulgeret.
2570 5117 2645 5171 Ex
2692 5117 2894 5186 quibus
2947 5117 3161 5172 discere
3218 5129 3513 5184 possumus

1923 5209 2066 5278 quod
2125 5208 2440 5262 indumenta
2501 5209 2782 5278 superiora
2831 5224 2950 5278 quze
3002 5207 3182 5261 cordis
3208 5213 3334 5260 sunt
3355 5217 3512 5257 orna-

1927 5311 2130 5359 menta,
2166 5301 2352 5355 multis
2375 5301 2649 5369 variisque
2685 5307 2943 5355 constant
2987 5297 3302 5351 virtutibus.
3371 5293 3514 5365 Hya-

1927 5390 2150 5446 cinthus
2181 5394 2324 5445 enim
2354 5407 2416 5445 ex
2451 5405 2688 5460 purpura
2715 5390 3073 5458 complicatnr
3101 5406 3114 5440 :
3145 5401 3269 5440 nam
3293 5384 3510 5439 vivendi

1927 5481 2141 5550 puritas
2173 5491 2335 5551 atque
2361 5481 2658 5536 mundities
2690 5488 2901 5534 natura:
2933 5493 3102 5546 regno
3135 5477 3512 5546 conjungitur.

1928 5569 2134 5623 Natura
2163 5571 2307 5625 enim
2341 5568 2750 5639 quodammodo
2781 5569 2900 5636 ipsa
2931 5552 3090 5631 duce,
3125 5582 3232 5620 una
3261 5581 3382 5618 eum
3417 5575 3518 5635 ρυ-

1931 5661 2080 5716 doris
2113 5661 2618 5718 ruliorelaudabilis
2651 5659 2867 5716 vivendi
2898 5661 3143 5715 nascitur
3187 5659 3349 5714 ratio.
3406 5657 3520 5713 Au-
