3888 6356
222 346 327 403 395
888 346 895 355 ³
1583 350 1669 407 DE
1711 351 1872 407 VITA
1911 351 2190 407 MOYSIS.
3400 362 3508 422 39!

239 471 399 525 ’Λλλά
456 471 838 544 συντρίϐονται
889 470 1071 541 αὗται,
1115 478 1181 548 τῇ
1235 476 1535 548 τραχύτητι
1576 479 1675 549 τῆς
1712 476 1800 531 τῶε

1926 477 2031 532 leta
2062 484 2168 533 est.
2214 475 2540 547 Prophetice
2578 476 2745 547 igitur
2771 480 2885 536 haec
2913 480 3143 538 historia
3166 470 3235 540 de
3274 485 3361 551 iis,
3383 502 3506 559 qua:

227 564 632 635 ἡμαρτηκότων
676 565 997 632 ἀντιτυπίας
1035 570 1454 641 πριτριόεἰσαι.
1506 570 1579 623 Τὸ
1617 570 1672 623 δὲ
1714 570 1800 641 τῆς

1919 570 2128 626 nostris
2145 569 2484 639 temporibus
2519 569 2662 625 facta
2697 579 2845 639 sunt,
2876 575 3222 632 exclamavit.

231 660 509 730 ἁμαρτίας
528 656 691 726 εἶδος,
724 662 1070 717 είδωλοποιία
1090 660 1181 735 ἦν,
1205 667 1264 721 ὲν
1284 665 1591 737 ὁμοιώματι
1652 665 1853 736 μόσχου
1900 664 2197 734 γλυφέντος
2238 667 2353 729 τοῖς
2398 665 2812 740 εἰδωλολάτραις
2861 670 2956 723 τοῦ
3001 672 3392 744 ἀφιδρύματος.
3434 675 3504 728 Ὃ

230 753 380 823 παρά
428 753 524 807 τοῦ
576 753 856 819 Μωῦσέως
905 756 1215 824 ὲκλεανθὲν,
1259 758 1378 812 ὅλον
1424 758 1687 830 συνελύθη
1742 759 1821 829 τῷ
1878 756 2053 818 ὕδατι.
2093 758 2190 810 καὶ
2246 758 2408 812 ποτὸν
2435 757 2545 812 τῶν
2582 758 3042 838 ἐξημαρτηκότων
3071 764 3321 832 ἐγένετο·
3362 765 3503 822 ὥστε

227 849 397 902 παντὶ
462 847 652 920 τρόπῳ
693 849 774 912 είς
816 850 1126 921 ἀφανισμὸν
1170 852 1418 924 χωρῆσαι
1464 850 1566 922 τὴν
1601 849 1756 921 ῦλην,
1786 851 1852 920 τῇ
1877 847 2102 920 ἀσεϐείᾳ
2148 847 2257 903 τῶν
2291 847 2595 919 ἀνθρώπων
2616 833 3041 923 ὑπηρετήσασαν
3066 854 3240 909 ταῦτα
3266 856 3503 929 μάλιστα

226 943 324 995 καὶ
350 943 482 1012 περὶ
520 941 631 994 τῶν
657 941 754 996 νῦν
782 943 841 996 ἐν
874 942 953 1013 τῷ
987 944 1109 997 καθ’
1134 945 1283 1014 ἡμᾶς
1314 944 1491 1015 χρόνῳ
1518 940 1923 1012 γεγενημένων,
1956 940 2078 994 τότε
2109 942 2141 1010 ἡ
2175 942 2383 1013 ίστορία
2413 942 2768 1014 προφητικῶς
2803 944 3136 1017 ἀνεφώνησε.

299 1037 460 1089 Πᾶσα
499 1036 608 1107 γὰρ
652 1038 685 1107 ἡ
720 1039 848 1109 περὶ
884 1038 954 1091 τὰ
1006 1038 1202 1093 εἴδωλα
1235 1039 1409 1110 πλάνη
1432 1081 1446 1104 ,
1496 1039 1677 1093 τέλεον
1722 1038 1800 1106 ἐξ·

1991 1032 2185 1090 Omnis
2237 1034 2381 1090 enim
2420 1037 2569 1092 circa
2599 1037 2894 1093 simulacra
2922 1055 3101 1105 error,
3138 1041 3386 1099 funditus
3411 1053 3499 1100 est

224 1128 524 1200 ηφανίσθη,
544 1129 912 1185 καταωθεῖσα
942 1131 1093 1203 παρά
1107 1131 1215 1184 τῶν
1240 1132 1479 1185 εὐσεϐῶν
1506 1131 1800 1201 στομάτων.

1919 1126 2171 1181 sublatus
2203 1135 2369 1198 atque
2390 1143 2486 1185 ore
2511 1129 2723 1199 piorum
2748 1131 3061 1202 absorptus,
3086 1134 3181 1205 qui
3202 1135 3343 1191 bona
3365 1150 3499 1191 con-

225 1221 338 1274 τῶν
360 1222 450 1275 διὰ
471 1222 571 1291 τῆς
588 1222 798 1292 ἀγαθῆς
820 1223 1106 1294 ὁμολογίας
1119 1224 1210 1277 τὸν
1231 1223 1534 1294 ἀφανισμὸν
1557 1224 1657 1293 τῆς
1685 1225 1800 1277 ἀσε-

1919 1217 2158 1275 fessione
2182 1219 2465 1275 materiam
2494 1220 2790 1289 impietatis
2831 1222 2885 1277 in
2921 1224 3120 1294 seipsis
3153 1225 3494 1282 deleverunt.

228 1312 358 1374 εοῦς
384 1312 519 1383 ῦλης
549 1316 608 1367 ὲν
641 1314 828 1377 αὐτοῖς
855 1316 1258 1386 ποιησαμένων.
1283 1316 1391 1369 Καὶ
1417 1314 1562 1387 ὕδωρ
1589 1316 1800 1384 γέγονει

1918 1309 2184 1369 Videmus
2213 1323 2474 1383 praeterea
2508 1328 2630 1384 quae
2656 1323 2848 1371 sancta
2885 1314 3105 1373 fuerunt
3132 1320 3275 1389 apud
3303 1320 3496 1390 impieo

225 1404 471 1473 ἀτεχνῶς
502 1404 797 1475 παρώικὸν
819 1423 877 1459 τε
905 1408 998 1460 καὶ
1025 1407 1395 1461 ἀνυπόστατον
1421 1406 1487 1460 τά
1522 1404 1688 1460 πάλαι
1711 1423 1800 1459 πε-

1910 1392 2034 1447 tatis
2045 1391 2287 1451 fautores
2299 1397 2745 1469 mysteria;quasi
2760 1410 2958 1467 aquam
2972 1398 3277 1458 instabilem
3290 1400 3509 1466 delapsa

228 1493 449 1564 πηγότα
483 1493 634 1565 παρά
650 1497 762 1559 τοῖς
785 1495 1200 1568 εἰδωλολάτραις
1232 1498 1526 1569 μυστήρια,
1552 1497 1696 1569 ὕδωρ
1721 1498 1800 1551 ὑπ

1913 1488 2244 1553 deﬂuxisse;
2298 1504 2494 1558 aquam
2541 1492 2611 1547 ab
2660 1492 2881 1545 illorum
2934 1491 3177 1561 ipsorum
3235 1510 3349 1558 ore,
3397 1497 3495 1566 qui

223 1585 407 1639 αὐτῶν
436 1586 546 1639 τῶν
589 1604 720 1640 ποτε
767 1587 1272 1657 εἰδωλομανούντων
1320 1589 1603 1659 στομάτων
1646 1607 1800 1645 κατα¹

1914 1585 2063 1640 cultu
2098 1585 2538 1651 simulacrorum
2582 1585 2955 1652 insaniebant,
3001 1586 3327 1645 imbibitam.
3359 1588 3494 1645 Nam

225 1677 537 1747 πινόμενον.
563 1678 732 1732 Ὅταν
765 1679 873 1751 γὰρ
905 1682 1021 1752 ἴδῃς
1051 1683 1179 1746 τοὺς
1210 1682 1474 1754 πρότερον
1495 1686 1562 1754 τῇ
1588 1682 1800 1756 τοιαύτῃ

1913 1690 2039 1729 cum
2054 1691 2249 1734 cernas
2263 1676 2435 1733 oculis
2448 1688 2565 1745 eos,
2577 1678 2673 1747 qui
2686 1676 2814 1732 huic
2836 1676 3068 1732 vanitati
3095 1688 3253 1733 erant
3276 1680 3495 1750 penitus

225 1767 634 1832 ὑποπίπτοντας
687 1770 1027 1841 ματαιότητι,
1079 1770 1174 1824 νῦν
1221 1772 1581 1844 ἀναιροῦντας
1626 1773 1800 1827 ἐκεῖνα

1911 1765 2104 1829 dediti,
2159 1767 2266 1822 alia
2296 1768 2627 1838 templorum
2679 1783 2929 1834 suorum,
2964 1769 3020 1824 in
3071 1770 3274 1840 quibus
3304 1787 3494 1843 spera-

222 1860 318 1911 καὶ
346 1859 730 1926 ἀφανίζοντας,
772 1862 830 1915 ὲν
857 1857 937 1925 οἷς
962 1862 1141 1915 αὐτῶν
1172 1859 1241 1934 ἦν
1272 1864 1304 1932 ἡ
1333 1863 1655 1935 πεποίθησις
1678 1881 1691 1895 ⁸
1719 1860 1800 1936 ἆρ⁴

1913 1865 2131 1921 verant,
2160 1858 2465 1923 diruentes,
2492 1860 2601 1914 alia
2643 1860 2700 1915 in
2749 1861 2886 1918 alios
2911 1876 3045 1919 usus
3069 1861 3489 1927 transferentes.

221 1951 345 2019 ούχὶ
381 1950 510 2021 βοᾷν
533 1968 614 2004 σοι
639 1951 787 2006 δοκεῖ
816 1952 1067 2025 φανερῶς
1095 1957 1128 2024 ἡ
1155 1955 1378 2027 ἱστορία·
1414 1955 1806 2027 Καταποθήσε-

218 2039 311 2093 ταί
350 2058 480 2095 ποτε
519 2044 629 2095 πᾶν
664 2041 881 2096 εἴδωλον
913 2045 1024 2106 τοῖς
1058 2045 1290 2114 στόμασι
1317 2046 1425 2099 τῶν
1475 2045 1611 2117 πρὸς
1654 2046 1809 2099 εὐσέ-

218 2134 376 2188 ϐειαν
422 2135 531 2189 ἀπὸ
573 2136 675 2205 τῆς
718 2136 936 2207 ἀπάτης
993 2136 1422 2208 μετατεθέντων;
1482 2138 1718 2203 Ὀπλίζει
1751 2138 1807 2192 δὲ

223 2223 346 2286 τοὺς
369 2224 599 2288 Λευίτας
628 2226 657 2277 ὁ
686 2225 928 2296 Μωῦσῆς
950 2226 1091 2279 κατά
1117 2226 1227 2280 τῶν
1246 2227 1556 2297 ὁμοφύλων,
1585 2229 1677 2281 καὶ
1700 2228 1807 2281 δια-

220 2317 565 2386 περάσαντες
594 2317 694 2388 τὴν
719 2317 1091 2389 παρεμ6ολὴν,
1121 2319 1216 2373 ἀπ’
1248 2321 1417 2390 ἄκρου
1457 2322 1692 2391 πέρατος
1714 2321 1806 2373 ἐπὶ

216 2407 279 2460 τὸ
310 2407 499 2478 ἕτερον
524 2406 716 2482 ἀκρον,
742 2408 1094 2475 ἀνεξέταστον
1126 2410 1403 2463 ποιοῦνται
1426 2410 1533 2464 τῶν
1547 2412 1805 2481 ἐντυγχα-

1914 1964 2096 2005 nonne
2136 1964 2332 2020 magna
2374 1965 2509 2007 voce
2548 1951 2786 2008 clamare
2834 1952 3060 2009 historia
3104 1955 3325 2011 videtur
3357 1976 3369 2013 :
3403 1957 3493 2014 fu-.

1911 2048 2096 2094 turum
2136 2055 2258 2096 esse
2284 2050 2503 2111 tempus
2533 2041 2662 2096 olim
2694 2041 2749 2097 in
2780 2058 2889 2113 quo
2920 2045 3276 2102 simulacrum
3305 2064 3490 2114 omne,

1909 2148 2006 2188 ore
2048 2134 2294 2203 ipsorum
2325 2134 2418 2204 qui
2452 2133 2521 2189 ab
2554 2133 2863 2204 iniquitatis
2906 2151 3096 2193 errore
3126 2139 3193 2193 ad
3227 2140 3488 2210 pietatem

1912 2230 2365 2292 transponentur,
2413 2222 2687 2279 delebitur
2731 2234 2785 2278 et
2837 2225 3258 2285 absorbebitur?
3298 2230 3489 2287 Armat

1906 2314 2104 2370 deinde
2150 2314 2370 2371 Levitas
2409 2330 2519 2371 non
2573 2316 2629 2370 in
2696 2317 3053 2389 alienigenas,
3096 2320 3189 2377 sed
3246 2322 3301 2377 in
3356 2339 3489 2381 suos
3598 2394 3603 2401 ι

1907 2406 2165 2462 ardenter
2195 2406 2430 2478 Moyses,
2467 2408 2560 2478 qui
2593 2408 2661 2462 ab
2696 2409 2864 2465 altera
2893 2412 3241 2469 extremitate
3273 2423 3488 2472 castro-

215 2499 418 2552 νόντων
448 2498 538 2551 τὸν
562 2499 743 2568 φόνον,
776 2503 842 2571 τῇ
872 2501 1023 2573 ἀκμῇ
1050 2501 1144 2555 τοῦ
1178 2500 1366 2572 ξίφους
1391 2503 1490 2570 τὴν
1526 2503 1665 2557 κατὰ
1694 2502 1800 2555 τῶν

1909 2513 2031 2552 rum
2064 2498 2132 2552 ad
2164 2498 2392 2554 alteram
2422 2498 2674 2562 confuse,
2709 2507 2768 2555 ut
2799 2501 3037 2572 quisque
3063 2503 3280 2559 obviam
3310 2505 3485 2571 fleret,

214 2591 626 2661 ἀναιρουμένων
658 2592 1049 2662 ἐπιτρέψαντες
1075 2593 1276 2663 ψῆφον.
1322 2594 1548 2662 Ἐπίτης
1571 2594 1627 2647 δὲ
1658 2594 1800 2647 κατά

1908 2601 2108 2643 omnes
2175 2587 2589 2643 interfecerunt.
2627 2587 2703 2643 Ita
2752 2604 2876 2645 cum
2921 2592 3129 2662 pariter
3171 2595 3487 2667 quicunque

213 2682 421 2745 παντὸς
460 2682 554 2737 τοῦ
604 2684 967 2755 προτυχόντος
1001 2685 1394 2757 ὲνεργουμένου
1422 2684 1516 2738 τοῦ
1543 2679 1725 2751 φόνου,
1740 2683 1800 2736 οὐ

1908 2679 2159 2734 mucroni
2215 2678 2502 2743 incideret,
2548 2678 2913 2743 occideretur,
2960 2697 3122 2738 nemo
3151 2684 3485 2742 interficien-

211 2773 507 2846 διακρίνων
548 2774 605 2827 ἐν
632 2777 747 2838 τοῖς
787 2776 1204 2847 ἀναιρουμένοις
1245 2776 1355 2829 τῶν
1383 2774 1704 2848 ἀνθρώπων,
1737 2775 1798 2829 ού

1903 2767 2040 2823 tium
2081 2769 2203 2839 quis
2248 2769 2460 2824 amicus
2500 2777 2591 2823 aut
2628 2769 2750 2839 quis
2801 2770 3058 2828 inimicus
3099 2773 3480 2845 discernebat;

215 2864 422 2927 συνιεὶς
451 2863 543 2917 τὸν
590 2864 785 2936 ἐχθρὸν
827 2864 859 2935 ἢ
891 2864 981 2919 τὸν
1013 2865 1188 2935 φίλον,
1215 2866 1308 2919 τὸν
1346 2865 1493 2930 ξένον
1526 2866 1558 2936 ἢ
1602 2866 1693 2919 τὸν
1722 2867 1800 2920 ol-

1903 2860 2029 2931 quis
2070 2858 2429 2926 domesticus,
2475 2862 2600 2931 quis
2650 2860 2848 2929 afﬁnis,
2891 2863 3016 2934 quis
3049 2875 3336 2937 cognatus,
3390 2878 3485 2925 aut

212 2959 384 3022 κεῖον,
410 2957 474 3011 τὸ
507 2957 767 3026 συγγενὲς
790 2957 822 3027 ἢ
852 2957 915 3010 τὸ
943 2958 1225 3029 ἀλλότριον
1243 2976 1255 2989 ·
1288 2958 1425 3012 ἀλλὰ
1458 2958 1555 3029 μία
1583 2976 1665 3023 τις
1690 2977 1800 3029 χει-

1904 2954 2140 3018 alienus,
2190 2968 2350 3008 nemo
2384 2953 2776 3023 prospiciebat;
2832 2955 2927 3010 sed
2968 2957 3167 3014 unicus
3194 2965 3358 3030 atque
3384 2976 3485 3033 par

216 3048 310 3119 ρδς
344 3043 413 3119 ἦν
436 3048 602 3119 ὁρμὴ,
627 3048 769 3102 κατὰ
797 3049 995 3112 παντὸς
1024 3049 1118 3102 τοῦ
1147 3050 1582 3120 προσπίπτοντος
1603 3050 1800 3121 ὁμοίως

1905 3047 2171 3102 adversus
2203 3062 2421 3111 omnes,
2451 3047 2503 3101 in
2537 3063 2675 3117 quos
2697 3048 3028 3117 inciderant,
3075 3060 3194 3107 erat
3225 3052 3479 3124 impetus.

212 3134 414 3206 ἐπίσης
435 3134 827 3207 ἐνεργουμένη.
868 3137 925 3189 '0
960 3136 1018 3189 δὲ
1047 3154 1111 3190 πε
1122 3138 1174 3209 pl.
1200 3137 1392 3191 τούτου
1420 3138 1577 3208 λόγος
1596 3138 1799 3209 ταύτην

1907 3136 2061 3193 Unde
2092 3138 2355 3194 discimus
2395 3138 2605 3195 idcirco
2645 3139 2848 3211 absque
2876 3141 3239 3212 dispositione
3264 3146 3483 3215 punitos

209 3224 281 3281 ἂν
310 3228 441 3297 ἡμῖν
471 3228 807 3298 παράσχοιτο
833 3228 933 3298 τὴν
977 3228 1264 3298 ὠφέλειαν,
1301 3230 1488 3300 ἐπειδὴ
1531 3231 1800 3302 πανδημεὶ

1905 3230 2095 3296 fuisse,
2144 3230 2404 3301 quoniam
2446 3246 2553 3286 una
2593 3247 2788 3289 omnes
2820 3233 2886 3287 ad
2924 3235 3126 3289 malum
3170 3238 3487 3307 conspiran-

213 3319 418 3382 πάντες
454 3319 589 3390 πρὸς
620 3319 681 3372 τὸ
716 3320 886 3373 κακὸν
919 3321 1345 3393 συνεφρόνησαν,
1374 3324 1467 3376 καὶ
1499 3323 1688 3395 ὥσπερ
1720 3319 1800 3387 εἷς

212 3411 431 3479 ἐγένετο
457 3410 537 3482 τῷ
583 3410 726 3482 λόγῳ
752 3411 857 3482 τῆς
891 3413 1092 3475 κακίας
1123 3414 1185 3466 τὺ
1230 3402 1591 3485 στρατόπεδον
1617 3414 1765 3470 ἆπαν
1784 3432 1796 3446 ⁸

211 3504 525 3575 ἀδιάκριτος
560 3506 593 3575 ή
647 3504 769 3558 κατ’
814 3505 995 3583 αὐτῶν
1046 3506 1252 3575 γίνεται
1303 3506 1519 3577 μάστιξ.
1562 3508 1647 3571 Ὠς
1690 3508 1800 3579 γάρ

210 3612 334 3649 τινα
366 3594 477 3648 τῶν
504 3596 597 3649 ἐπὶ
623 3596 789 3668 κακίᾳ
822 3597 1235 3669 πεφωραμένων
1264 3600 1292 3651 ό
1322 3598 1558 3667 πληγαῖς
1588 3600 1798 3665 αἰκιζό-

213 3705 396 3757 μενος,
441 3689 491 3749 ὅ,
525 3688 577 3742 τί
625 3706 730 3761 περ
770 3688 837 3743 ἂν
883 3689 1022 3762 τύχῃ
1056 3689 1149 3745 τοῦ
1199 3690 1449 3761 σώματος
1486 3690 1800 3754 καταξαίνει

208 3778 298 3833 διὰ
319 3780 419 3850 τῆς
442 3781 726 3849 μάστιγος,
755 3780 914 3846 εἰδὼς
943 3782 1026 3835 ὃτι
1053 3783 1087 3852 ἡ
1128 3782 1222 3835 ἐπὶ
1248 3782 1448 3854 μέρους
1483 3780 1640 3851 ὀδύνη
1663 3781 1799 3851 πρὸς

208 3870 272 3925 διὸ
304 3873 414 3925 πᾶν
464 3873 771 3945 διέρχεται”
812 3874 988 3939 οῦτως
1034 3874 1111 3939 ὡς
1146 3875 1348 3939 παντὸς
1390 3874 1592 3945 ὁμοίως
1638 3873 1801 3928 κολα-

208 3960 463 4035 ζομένου,
491 3964 587 4019 τοῦ
616 3967 695 4029 είς
722 3965 822 4036 τὴν
851 3965 1051 4019 κακίαν
1085 3966 1427 4036 ωμφυέντος
1462 3964 1734 4035 σώματος,
1764 3966 1797 4037 ή

211 4056 308 4107 ἐπὶ
340 4056 542 4126 μέρους
570 4057 938 4128 ἐνεργουμένη
965 4057 1163 4128 μάστιξ
1187 4058 1249 4110 τὸ
1275 4059 1385 4112 πᾶν
1416 4057 1794 4129 ὲσωφρόνιζεν.

210 4144 425 4198 Οὐκοῦν
462 4144 514 4197 εἴ
545 4161 673 4198 ποτε
706 4145 808 4216 τῆς
855 4146 977 4216 ίσης
1008 4146 1206 4208 κακίας
1233 4148 1292 4199 ὲν
1334 4146 1547 4211 πολλοῖς
1572 4145 1800 4219 θεωρου-

214 4235 406 4307 μένης,
446 4236 519 4306 μὴ
551 4236 691 4291 κατά
718 4236 961 4302 πάντων,
992 4238 1130 4292 ἀλλά
1164 4238 1307 4293 κατά
1326 4256 1486 4292 τινων
1513 4239 1796 4311 ἐνεργήσει

203 4327 238 4398 ἡ
276 4326 372 4380 τοῦ
404 4326 541 4380 Θεοῦ
589 4327 963 4398 ἀγανάκτησις
990 4345 1003 4360 ο
1060 4332 1201 4383 νοεῖν
1256 4333 1525 4402 προσήκει
1574 4331 1675 4403 τὴν
1710 4331 1800 4385 διὰ

208 4417 626 4488 φιλανθρωπίας
652 4418 761 4472 τῶν
784 4420 1194 4492 ἐνεργουμένων
1227 4421 1515 4494 διόρθωσιν
1533 4437 1545 4451 ·
1573 4421 1797 4475 ούιπάν-

1903 3331 2009 3388 tes,
2043 3321 2260 3377 ratione
2290 3322 2406 3377 vitii
2440 3323 2598 3393 quasi
2660 3341 2804 3382 unus
2844 3324 3023 3380 effecti
3057 3335 3209 3391 sunt,
3233 3336 3289 3384 et
3315 3329 3484 3384 veluti

1902 3427 2029 3466 cum
2065 3412 2340 3483 quispiam
2375 3429 2545 3469 unum
2585 3415 2859 3471 hominem
2896 3419 3140 3487 peccatis
3178 3430 3484 3478 commotus

1903 3502 2021 3557 suis
2073 3503 2233 3559 caedit
2274 3503 2645 3570 vehementer,
2701 3523 2812 3562 non
2858 3508 2963 3563 hoc
3004 3515 3099 3563 aut
3146 3509 3278 3566 illud
3322 3527 3482 3567 suum

1902 3592 2090 3662 atiiigit
2112 3594 2442 3660 membrum,
2468 3596 2562 3650 sed
2582 3612 2691 3666 quo
2710 3596 2983 3667 ﬂagellum
3004 3601 3288 3656 commode
3304 3610 3485 3673 potest

1903 3683 2121 3752 inferri,
2150 3683 2290 3738 illud
2335 3686 2607 3741 verberat:
2644 3687 2783 3743 bene
2814 3689 2959 3744 enim
3000 3692 3153 3746 novit
3179 3708 3487 3764 quamcun-

1901 3790 2010 3845 que
2065 3785 2272 3845 partem
2323 3779 2679 3847 percusserit,
2743 3780 2811 3835 ad
2877 3789 3049 3836 totum
3107 3798 3312 3853 corpus
3356 3785 3485 3841 inde

1901 3881 2124 3922 sensum
2157 3865 2365 3921 doloris
2399 3867 2804 3925 transiturum:
2848 3868 2929 3925 sic
2956 3885 3077 3941 quae
3103 3870 3222 3927 sine
3250 3871 3487 3942 disposi~

1903 3958 2052 4015 tione
2084 3967 2217 4014 tunc
2257 3958 2628 4015 adhibebatur
2650 3960 2882 4029 punitio,
2916 3974 3110 4016 omnes
3142 3961 3236 4032 qui
3269 3964 3487 4034 conspi-

1901 4054 2117 4108 ratione
2143 4052 2285 4119 vitii,
2318 4053 2477 4123 quasi
2514 4060 2672 4109 erant
2706 4052 2761 4107 in
2802 4069 2972 4108 unum
3010 4068 3212 4124 corpus
3243 4053 3481 4123 conﬂati,

1903 4145 2100 4199 mirum
2161 4145 2217 4199 in
2268 4145 2490 4200 modum
2556 4145 2881 4217 castigabat.
2929 4144 3110 4213 Quare
3153 4148 3199 4202 si
3232 4162 3490 4204 nonnun-

1901 4251 2065 4305 quam
2105 4238 2346 4306 peccatis
2392 4235 2680 4291 hominum
2727 4236 2866 4291 iram
2901 4235 2995 4291 Dei
3026 4236 3344 4301 excitatam,
3374 4252 3483 4292 non

1902 4327 1959 4381 in
1999 4341 2213 4393 omnes,
2262 4327 2356 4381 sed
2405 4326 2461 4379 in
2511 4326 2730 4394 aliquos
2765 4324 2897 4379 ferri
2949 4325 3254 4389 videamus,
3288 4326 3487 4381 divina:

1901 4418 2208 4473 clementia:
2253 4415 2684 4488 magnitudinem
2732 4417 2992 4471 admirari
3039 4416 3301 4472 debemus
3330 4435 3342 4469 :
3376 4432 3485 4487 qua

206 4527 318 4564 των
336 4508 436 4579 μὲν
455 4511 828 4581 τυπτομένων,
845 4514 1063 4567 πάντων
1076 4513 1133 4567 δὲ
1149 4518 1271 4578 ταῖς
1291 4516 1545 4587 μερικαίς
1566 4514 1800 4586 πληγαῖς

1905 4510 1985 4572 fit,
2028 4517 2088 4564 ut
2134 4524 2245 4564 non
2275 4523 2471 4565 omnes
2512 4508 2676 4564 sicuti
2726 4517 3027 4573 merentur,
3082 4506 3484 4578 percutiantur,

207 4600 349 4671 πρὸς
393 4599 489 4670 τὴν
518 4601 617 4672 τῆς
654 4603 854 4668 κακίας
884 4595 1239 4677 ἀποστροφὴν
1268 4606 1796 4677 σωφρονιζομένων.

220 4686 386 4739 Ἀλλά
412 4686 571 4741 τοῦτο
596 4689 693 4763 μὲν
720 4689 801 4744 ἑτι
823 4692 934 4745 τῶν
962 4692 1089 4746 καθ’
1119 4694 1360 4765 ἱστορίαν
1396 4695 1799 4766 γεγραμμένων

204 4775 273 4829 τὸ
297 4776 497 4848 νόημα.
543 4778 607 4832 Ἡ
632 4780 689 4833 δὲ
710 4781 972 4854 ἀναγωγὴ
1001 4784 1188 4839 τοῦτον
1219 4784 1285 4838 ἂν
1310 4788 1459 4856 ἡμᾶς
1484 4786 1575 4839 τὸν
1599 4786 1800 4857 τρόπον

204 4867 565 4940 ὠφελήσειεν.
606 4872 819 4946 Ἐπειδὴ
840 4891 1005 4945 φησιν
1031 4878 1089 4929 ὲν
1118 4877 1282 4948 κοινῷ
1316 4878 1632 4949 κηρύγματι
1663 4880 1801 4951 πρὸς

208 4961 419 5025 πάντας
439 4963 468 5015 ό
488 4963 806 5036 νομοθέτης,
826 4967 907 5021 ὅτι
943 4988 962 5018 ι
988 4967 1056 5022 Εἴ
1073 4986 1158 5033 τις
1179 4970 1314 5040 πρὸς
1333 4972 1425 5025 τὸν
1448 4972 1673 5043 Κύριον,
1701 4972 1798 5026 ίτω

207 5050 350 5121 πρός
371 5069 460 5121 με.
488 5072 507 5105 ι
535 5052 713 5126 Ὅπερ
730 5056 930 5127 ἐστὶνὴ
956 5058 1050 5110 τοῦ
1069 5057 1235 5129 νόμου
1262 5059 1415 5129 φωνὴ
1445 5061 1612 5112 πᾶσιν
1636 5061 1797 5127 ἐγκεα
1840 5126 1851 5133 -

206 5141 477 5214 λευομένη
508 5142 590 5210 τὺ,
633 5144 702 5197 Et’
727 5162 813 5210 τις
850 5146 1097 5217 βούλεται
1138 5147 1231 5202 τοῦ
1264 5147 1401 5201 Θεοῦ
1441 5147 1593 5218 φίλος
1634 5144 1796 5213 εἶναι,

207 5233 335 5304 ἐμοὶ
362 5232 443 5305 τῷ
470 5232 620 5304 νόμῳ
645 5235 797 5304 φίλος
823 5237 1083 5305 γενέσθω.
1124 5238 1185 5292 '0
1213 5238 1323 5310 γάρ
1347 5238 1427 5309 τῷ
1453 5239 1605 5311 νόμῳ
1628 5240 1799 5309 φίλος,

204 5327 303 5380 καὶ
330 5326 409 5398 τῷ
433 5326 554 5401 θεῷ
579 5328 731 5397 φίλος
762 5330 879 5384 ἐστὶ,
906 5330 1152 5396 πάντωςο
1183 5332 1279 5386 καὶ
1323 5334 1436 5395 τοῖς
1475 5331 1614 5403 πρὸς
1638 5331 1799 5386 αὑτὸν

206 5418 298 5473 διὰ
341 5419 587 5473 τοιούτου
635 5422 991 5494 κηρύγματος
1043 5423 1412 5495 ἀθροισθεῖσιν
1451 5422 1800 5492 ὲγκελεύεται

204 5509 519 5583 χρήσασθαι
548 5510 626 5582 τῷ
651 5510 794 5583 ξίφει
834 5514 975 5568 κατὰ
1008 5514 1102 5569 τοῦ
1131 5515 1362 5586 ἀδελφοῦ
1390 5517 1484 5569 καὶ
1524 5514 1618 5567 τοῦ
1646 5514 1801 5584 φίλου

205 5604 303 5657 καὶ
331 5604 427 5659 τοῦ
465 5605 709 5674 πλησίον.
744 5607 991 5676 Νοοῦμεν
1021 5608 1078 5661 δὲ
1109 5610 1244 5680 πρὸς
1277 5608 1337 5663 τὸ
1357 5606 1650 5664 ἀκόλουθον
1680 5606 1802 5680 βλέ-

276 5786 321 5819 ⁶³
363 5787 539 5845 Exod.
581 5803 751 5853 xxxii,
786 5786 877 5843 25.

492 5883 766 5943 Pe‘l‘uon.
809 5884 901 5940 (in
970 5876 1173 5942 XLIV,

1901 4615 2095 4656 omnes
2120 4607 2299 4654 tamen
2327 4599 2557 4671 ﬂagellis
2577 4599 2938 4671 castigentur.
2961 4596 3164 4653 Verum
3194 4598 3247 4652 id
3275 4612 3341 4653 ex
3367 4598 3487 4669 ipsa

1904 4690 2131 4749 historia
2183 4705 2292 4746 non
2323 4691 2490 4745 altius
2534 4690 2812 4745 intellecta
2863 4688 3147 4746 discimus.
3188 4687 3269 4742 Ad
3306 4687 3483 4744 subli-

1903 4783 2049 4838 mius
2085 4790 2270 4838 autem
2300 4781 2567 4838 reducere
2608 4781 2884 4847 volentes,
2928 4780 3064 4836 illud
3103 4781 3256 4851 prius
3298 4781 3485 4836 consi-

1902 4876 2261 4937 derabimus,
2316 4874 2465 4945 quod
2531 4875 2812 4929 communi
2875 4875 3152 4945 praeconio
3206 4872 3486 4943 legislator

1900 4963 2264 5019 exclamavit:
2296 4982 2314 5015 ι
2343 4963 2400 5017 Si
2431 4963 2558 5035 quis
2581 4974 2666 5019 est
2692 4962 2930 5031 Domini,
2965 4964 3033 5019 ad
3060 4979 3147 5019 me
3168 4963 3437 5019 veniat".
3461 4981 3479 5014 ι

1902 5057 2019 5125 Qua
2061 5072 2196 5113 voce
2235 5058 2322 5113 lex
2370 5057 2488 5127 ipsa
2533 5058 2793 5112 omnibus
2832 5056 3053 5113 edicere
3096 5056 3315 5112 videtur
3363 5072 3377 5110 :
3427 5052 3484 5109 Si

1901 5149 2028 5220 quis
2058 5147 2228 5203 Deum
2263 5160 2448 5202 amare
2485 5146 2621 5211 vult,
2671 5162 2758 5201 me
2805 5146 2977 5217 legem
3023 5154 3199 5212 amet;
3232 5158 3356 5198 nam
3390 5144 3485 5212 qui

1901 5240 2040 5311 legis
2070 5240 2285 5295 amicus
2316 5246 2422 5299 est,
2454 5250 2604 5294 certe
2636 5236 2732 5293 Dei
2768 5222 2987 5308 quoque
3024 5236 3237 5291 amicus
3263 5244 3366 5293 est.
3390 5232 3487 5289 Ju-

1903 5334 1996 5389 bet
2021 5331 2221 5387 deinde
2252 5346 2368 5390 eos.
2416 5330 2507 5400 qui
2534 5330 2629 5383 tali
2666 5328 2940 5399 praeconio
2979 5326 3294 5398 congregati
3334 5332 3483 5390 sunt,
3557 5341 3568 5351 ·

1904 5427 2115 5496 absque
2163 5422 2553 5493 disquisitione
2596 5434 2648 5475 et
2694 5421 2748 5475 in
2802 5421 3023 5484 fratres,
3063 5428 3117 5475 et
3156 5419 3383 5482 amicos,
3431 5428 3485 5474 et

1905 5517 2187 5587 proximos
2216 5513 2397 5584 gladio
2429 5512 2684 5568 ferociter
2736 5511 2834 5565 uti.
2885 5509 3197 5581 Superioris
3237 5507 3487 5580 specula-

1907 5609 2076 5664 tionis
2110 5608 2307 5663 seriem
2340 5610 2656 5677 sequentes,
2679 5602 2918 5658 dicimus
2950 5615 3167 5657 onmem
3189 5597 3485 5671 hominem,

3091 5873 3167 5937 13
