3888 6356
469 358 569 415 τες

1706 354 1763 409 S.
1802 352 2131 409 GREGORII
2171 353 2468 409 NYSSENI

3634 348 3737 404 396

471 478 564 549 qui
594 475 660 531 ad
690 477 862 547 legem
891 488 955 530 ac
985 473 1154 530 Deum
1197 472 1448 544 respicit,
1479 472 1749 527 malorum
1789 473 2041 526 domesti-

2158 491 2347 538 ποντες
2370 476 2468 544 τῆς
2499 476 2752 545 Θεωρίας,
2785 473 2868 526 ὅτι
2899 473 3005 534 πᾶς
3034 473 3062 525 6
3091 470 3225 543 πρὸς
3252 468 3341 523 τὸν
3364 467 3498 522 Θεὸν
3530 466 3625 520 καὶ
3650 466 3740 519 τδν

471 585 661 625 corum
704 568 851 623 caede
888 567 1132 638 purgari.
1170 564 1278 621 Nec
1316 566 1462 622 enim
1493 580 1709 635 semper
1733 563 1922 628 frater,
1955 570 2048 616 aut

472 662 706 726 amicus,
752 666 846 713 aut
888 659 1174 729 proximus
1232 659 1287 713 in
1338 659 1619 713 meliorem
1680 672 1710 710 a
1761 656 2047 726 Scriptura

472 760 681 821 partem
710 751 1002 819 accipitur,
1034 749 1130 805 sed
1164 757 1294 805 sunt
1324 749 1574 803 nonnulli
1606 747 1825 810 fratres,
1859 737 2055 810 amici,

470 841 726 912 proximi,
770 841 865 910 qui
909 840 1065 912 quasi
1105 841 1268 895 alieni
1318 855 1383 895 ac
1427 839 1632 895 inimici
1680 839 1839 894 nobis
1866 838 2050 892 adver-

468 942 695 997 santur,
759 946 897 1001 quos
947 946 1044 986 eas
1091 931 1427 986 arbitramur
1490 944 1616 985 esse
1663 928 2045 999 cogitationes,

467 1038 701 1092 quarum
734 1025 843 1077 vita
874 1023 1032 1078 nobis
1074 1030 1331 1089 mortem,
1366 1037 1517 1078 mors
1558 1037 1686 1077 vero
1713 1021 1877 1075 vitam
1909 1020 2049 1076 solet

467 1110 743 1169 inducere.

536 1294 665 1352 Haec
700 1296 973 1367 expositio
1010 1295 1120 1353 illis
1152 1296 1319 1352 etiam
1352 1298 1646 1360 convenit,
1681 1311 1805 1367 quae
1841 1295 1909 1350 de
1937 1295 2046 1348 Aa-

465 1402 566 1441 ron
599 1388 861 1443 diximus.
889 1388 964 1443 lbi
987 1388 1132 1444 enim
1169 1403 1268 1458 pro
1300 1386 1469 1443 fratre
1503 1390 1714 1443 socium
1737 1396 1901 1457 atque
1924 1403 2050 1458 pro-

466 1489 725 1536 tectorem
759 1481 1024 1536 divinitus
1061 1480 1222 1536 nobis
1259 1480 1445 1535 datum
1485 1480 1740 1551 angelum
1778 1480 2049 1535 intellexi.

467 1588 619 1635 Inus,
656 1573 752 1641 qui
786 1573 1049 1629 adversus
1092 1572 1380 1644 Egyptios
1426 1573 1583 1642 signa
1630 1576 1912 1640 operatur,
1953 1571 2048 1641 qui

464 1663 629 1718 etiam
686 1665 863 1732 major
892 1673 1051 1720 aetate
1077 1666 1202 1735 jure
1235 1664 1421 1721 dictus
1467 1672 1591 1729 est,
1634 1679 1759 1717 nam
1801 1664 2048 1734 angelica

465 1768 662 1811 natura
698 1756 918 1811 homine
958 1758 1108 1827 prius
1143 1764 1326 1811 creata
1353 1765 1439 1812 est
1470 1774 1484 1810 :
1537 1752 1706 1810 frater
1737 1769 1887 1821 vero,
1919 1755 2045 1824 quia

464 1857 550 1904 est
584 1848 829 1918 quaedam
863 1848 1109 1918 profecto
1141 1847 1527 1903 intellectualis
1568 1855 1624 1902 et
1663 1846 1923 1916 angelicae
1953 1861 2049 1900 na-

464 1947 601 1994 turae
628 1939 695 1994 ad
730 1940 1062 1994 intellectum
1087 1947 1141 1995 et
1164 1939 1404 1993 animam
1440 1940 1738 1992 humanam
1766 1934 2002 1991 aﬁinitas
2029 1956 2041 1989 :

461 2045 602 2100 quas
636 2029 706 2084 ob
749 2045 869 2094 res,
920 2031 1022 2086 etsi
1058 2038 1291 2099 utroque
1336 2030 1391 2084 in
1444 2028 1566 2084 loco
1604 2026 1772 2083 frater
1821 2026 2044 2091 dicitur,

460 2137 572 2177 non
605 2122 771 2178 habet
800 2131 980 2177 tamen
1004 2122 1183 2177 locum
1210 2121 1507 2192 oppositio.
1534 2119 1814 2190 quomodo
1843 2120 1898 2173 in
1934 2135 2038 2175 me-

461 2216 654 2271 liorem
708 2221 918 2285 partem
966 2214 1139 2285 accipi
1180 2216 1355 2285 possit
1405 2212 1751 2269 consortium
1778 2210 2043 2274 Aaronis,

462 2307 553 2375 qui
585 2307 840 2363 lsraelitis
870 2306 937 2361 ad
968 2305 1173 2361 idolum
1207 2304 1611 2360 conﬁciendum
1638 2304 1954 2359 ministrum
1987 2318 2047 2357 se

465 2398 732 2469 prmbuit,
779 2412 905 2453 cum
949 2398 1228 2467 tequivoce
1266 2396 1456 2451 fratris
1503 2411 1737 2462 nomen,
1792 2409 1940 2450 nunc
1988 2403 2046 2449 ut

463 2488 725 2550 diximus,
757 2489 1077 2557 accipiatur.
1105 2486 1386 2543 Adversus
1407 2487 1573 2556 igitur
1597 2486 1700 2541 hos
1725 2486 1901 2542 malos
1936 2486 2047 2541 fra—

464 2588 578 2636 tres
615 2578 918 2649 gladiorum
951 2579 1179 2649 opponit
1215 2579 1388 2633 aciem
1414 2577 1651 2648 Moyses.
1689 2576 1849 2644 Quod
1899 2579 2043 2633 enim

462 2669 588 2725 aliis
625 2668 750 2739 quis
782 2668 956 2739 jubet,
999 2666 1104 2725 sibi
1155 2682 1375 2738 quoque
1423 2667 1528 2737 ipsi
1583 2668 1782 2723 sancit.
1837 2666 2041 2723 Horum

462 2761 697 2818 fratrum
743 2761 939 2824 caedes,
970 2768 1319 2832 peccatorum
1357 2761 1616 2816 interitus
1649 2770 1751 2816 est.
1784 2758 1919 2815 Nam
1949 2761 2042 2830 qui

462 2852 763 2908 adversarii
801 2852 1049 2908 consiliis
1084 2853 1248 2907 ﬁxum
1282 2859 1448 2921 atque
1481 2860 1747 2907 statutum
1778 2852 1834 2906 in
1860 2852 2043 2906 animo

465 2939 666 2993 malum
706 2934 939 3003 delevit,
975 2940 1356 2995 adversarium
1408 2944 1462 2995 in
1512 2933 2038 3012 seipso'iuterfecit.

467 3029 590 3083 ll:cc
624 3027 804 3085 autem
838 3033 1109 3086 sententia
1140 3032 1449 3102 spiritualis
1481 3032 1690 3087 ﬁrmior
1717 3048 1841 3088 esse
1878 3042 2044 3103 atque

466 3122 644 3176 verior
675 3121 967 3186 videbitur,
1014 3122 1060 3177 si
1092 3122 1338 3193 quaedam
1381 3123 1548 3179 etiam
1585 3124 1692 3177 alia
1724 3124 1780 3179 in
1814 3126 2043 3180 historia

465 3213 611 3267 dicta
641 3212 769 3268 huic
802 3213 1097 3269 convenire
1124 3215 1499 3270 ostendemus.
1536 3216 1864 3285 Imperatum
1894 3216 2041 3271 enim

462 3302 638 3359 fuisse
660 3303 729 3357 ab
753 3304 936 3359 Aaron
968 3304 1190 3368 dicitur,
1222 3314 1280 3359 ut
1311 3306 1531 3362 inaures
1555 3307 1625 3361 ab
1650 3307 1878 3361 auribus
1909 3322 2043 3362 uxo-

466 3408 588 3448 rum
625 3393 920 3462 tollerent;
945 3392 1028 3448 hae
1056 3393 1305 3449 couﬁatae
1339 3395 1620 3450 simulacri
1652 3397 1881 3451 materia
1922 3395 2042 3453 fue-

466 3490 594 3538 runt
620 3484 684 3537 ⁶⁸.
734 3482 983 3540 Dicimus
1032 3484 1219 3555 igitur,
1252 3485 1399 3555 quod
1437 3483 1654 3557 Moyses
1683 3485 2040 3543 Hebraeorum

468 3577 720 3630 virtutem
747 3575 1036 3632 inauribus
1052 3591 1319 3633 exornare
1343 3578 1539 3641 voluit,
1558 3578 1611 3634 id
1634 3589 1718 3635 est
1742 3579 1850 3646 lex,
1876 3594 2040 3651 quam

354 3668 357 3669 ⁷
466 3683 565 3737 pro
594 3667 778 3741 Moyse
799 3669 1174 3740 intelligimus,
1202 3669 1590 3734 obedientiam,
1611 3686 1734 3742 quae
1756 3687 1855 3743 per
1887 3673 2042 3727 inau-

466 3774 554 3815 res
583 3759 941 3832 signiﬁcatur,
985 3758 1302 3816 Iudaeorum
1352 3761 1608 3815 virtutem
1653 3762 2037 3817 conﬁrmavit:

461 3865 629 3920 quam
657 3850 797 3921 tollit
829 3851 1044 3915 Aaron,
1074 3857 1134 3905 ut
1171 3850 1545 3907 iuobedientia
1574 3853 1822 3923 ipsorum
1854 3864 2040 3909 osten-

456 3943 617 3998 deret
644 3941 711 3995 ad
739 3941 946 3995 cultum
983 3940 1254 3997 idolorum
1289 3957 1413 3998 esse
1442 3951 1787 4013 perventum.
1827 3944 2041 4000 Idcirco

461 4031 649 4085 statim
681 4030 747 4083 ad
775 4030 1013 4099 primum
1040 4032 1298 4100 peccandi
1335 4032 1544 4086 aditum
1579 4034 1803 4090 inaures
1825 4036 2040 4092 aufere-

461 4121 687 4183 bantur,
717 4127 775 4173 ut
796 4118 908 4188 jam
929 4121 1396 4190 praevaricationis
1417 4131 1472 4179 et
1494 4123 1882 4182 inobedientiae
1905 4142 2040 4183 con-

457 4210 584 4265 silia
631 4210 847 4281 cepisse
891 4211 1227 4275 viderentur,
1276 4215 1370 4285 qui
1417 4214 1667 4272 divinum
1710 4230 2040 4291 praeceptum

461 4298 847 4369 negligentiam
878 4315 1001 4357 esse
1029 4303 1410 4360 hortabantur.
1444 4303 1548 4371 Qui
1580 4306 1798 4362 tandem
1833 4308 2038 4365 factum

460 4398 547 4444 est
576 4396 637 4444 ut
663 4390 875 4446 amicus
894 4399 949 4447 et
978 4394 1325 4463 propinquus
1358 4394 1771 4451 existimaretur
1809 4413 2041 4469 serpens

2149 570 2310 641 νόμον
2330 571 2561 641 βλέπων,
2584 568 2664 639 τῷ
2685 567 2828 637 φόνῳ
2856 565 2964 618 τῶν
2989 563 3173 628 κακῶς
3199 560 3563 634 ᾠκειωμένων
3586 557 3739 627 αὐτῷ

2149 659 2524 727 καθαρίζεται.
2561 660 2635 712 Οὐ
2664 659 2774 727 γάρ
2817 659 2925 719 πᾶς
2958 655 3205 724 ἀδελφὸς,
3252 652 3371 707 οὐδὲ
3406 650 3582 719 φίλος,
3617 647 3740 702 οὐδὲ

2149 753 2397 819 πλησίον,
2428 752 2521 805 ἐπὶ
2554 752 2615 804 τὸ
2657 752 2902 821 κρεῖττον
2929 747 3081 818 παρά
3114 746 3214 813 τῆς
3250 742 3473 821 Γραφῆς
3500 741 3734 795 νοεῖται·

2148 843 2264 897 ἀλλ’
2286 842 2402 896 ἔστι
2426 859 2511 904 τις
2542 842 2636 895 καὶ
2656 838 2884 907 ἀδελφὸς
2909 838 3001 890 καὶ
3024 835 3321 905 ἀλλότριος,
3347 833 3441 886 καὶ
3467 828 3622 900 φίλος
3645 828 3740 882 καὶ

2149 933 2362 1005 ἐχθρὸς,
2393 934 2486 986 καί¹
2515 931 2741 1002 πλησίον
2772 930 2865 983 καὶ
2896 927 2956 993 ἐξ
2981 926 3231 988 ἐναντίας
3271 922 3580 992 ἱστάμενος.
3608 917 3743 1005 Tqﬁ.

2147 1003 2275 1087 τους
2297 1024 2521 1093 νοοῦμεν
2541 1022 2667 1084 τοὺς
2696 1019 3116 1091 συμφυομένους
3144 1019 3276 1087 ἡμῖν
3299 1012 3595 1082 λογισμούς
3618 1028 3633 1041 ·
3663 1003 3740 1064 ὧν

2149 1117 2184 1187 ἡ
2210 1114 2324 1185 ζωὴ
2355 1114 2476 1185 μὲν,
2503 1113 2774 1184 ἡμέτερον
2818 1111 3044 1166 θάνατον
3064 1126 3076 1140 ·
3116 1110 3144 1163 6
3172 1108 3229 1162 δὲ
3262 1106 3492 1169 θάνατος
3532 1104 3735 1165 αὐτῶν,

2150 1206 2425 1277 ἡμετέραν
2463 1204 2607 1275 ζωὴν
2637 1201 3059 1275 κατεργάζεται.

2218 1300 2512 1367 Συμφωνεῖ
2549 1296 2605 1349 δὲ
2634 1297 2696 1349 τὸ
2724 1294 2934 1349 τοιοῦτο
2977 1294 3159 1362 νόημα
3190 1294 3299 1355 τοῖς
3336 1290 3436 1360 ἥδη
3472 1289 3606 1359 περὶ
3646 1287 3737 1341 τὸν

2163 1388 2375 1461 Ἀαρὼν
2414 1386 2804 1453 ἑξετασθεῖσιν,
2839 1387 2929 1439 ὅτε
2969 1385 3059 1438 διὰ
3104 1383 3203 1454 τῆς
3242 1380 3532 1451 συντυχίας
3571 1377 3734 1433 αὐτοῦ

2148 1481 2240 1535 τὸν
2266 1479 2557 1551 σύμμαχόν
2584 1496 2645 1532 τε
2693 1478 2789 1531 καὶ
2836 1476 3195 1548 παραστάτην
3236 1473 3467 1542 ἄγγελον
3507 1472 3735 1540 ἐνοήσα-

2152 1590 2272 1643 μεν,
2309 1572 2401 1625 τδν
2426 1572 2495 1625 τά
2527 1573 2733 1641 σημεῖα
2776 1569 2921 1624 κατὰ
2944 1570 3051 1622 τῶν
3089 1567 3405 1635 Αἰγυπτίων
3432 1561 3735 1634 ἐργαζόμε-

2149 1682 2257 1727 νον,
2298 1662 2726 1735 προγενέστερον
2759 1662 2990 1725 εἰκότως
3037 1659 3322 1729 νοούμενον
3342 1673 3356 1687 ο
3387 1655 3475 1709 διά
3509 1654 3568 1707 τὸ
3604 1670 3737 1725 προ-

2151 1754 2581 1809 κατεσκευάσθαι
2620 1755 2718 1825 τῆς
2749 1754 2963 1821 φύσεως
2995 1753 3149 1823 ἡμῶν
3182 1751 3279 1821 τὴν
3307 1747 3604 1817 ἀγγελικὴν
3642 1745 3736 1798 καὶ

2148 1848 2438 1915 ἀσώματον
2464 1846 2644 1915 φύσιν.
2682 1845 2931 1915 Ἀδελφὸν
2957 1845 3034 1908 δὲ,
3058 1844 3148 1896 διά
3169 1843 3268 1912 τὴν
3296 1839 3618 1909 συγγένειαν
3638 1835 3733 1888 τοῦ

2148 1939 2341 2011 νοητοῦ
2379 1938 2588 1992 ἐκείνου
2623 1937 2760 2009 πρὸς
2784 1938 2846 1990 τὸ
2875 1935 3061 2007 νοητόν
3088 1934 3150 1988 τὸ
3180 1933 3466 2005 ἡμέτερον.
3497 1929 3608 2000 Τῆς
3640 1922 3735 1982 οὖν

2146 2028 2474 2092 ἀντιθέσεως
2496 2028 2685 2101 οὔσης,
2730 2030 2813 2082 ὅτι
2850 2028 2965 2091 πῶς
2994 2027 3130 2099 πρὸς
3154 2027 3217 2080 τὸ
3262 2028 3509 2096 κρεῖττον
3545 2021 3735 2075 λαϐεῖν

2147 2121 2262 2174 ἐστι
2308 2121 2409 2192 τὴν
2445 2121 2539 2175 τοῦ
2598 2120 2809 2188 Ἀαρὼν
2860 2120 3169 2190 συντυχίαν,
3205 2118 3264 2182 ὃς
3307 2116 3589 2189 ὑπηρέτης
3622 2114 3735 2174 τοῖς

2159 2212 2519 2283 Ἰσραηλίταις
2566 2212 2664 2281 τῆς
2713 2212 3090 2275 εἰδωλοποιίας
3137 2210 3385 2278 ὲγένετο”
3421 2208 3588 2262 κάκεῖ
3623 2222 3732 2286 ’με-

2145 2302 2312 2373 τρίως
2348 2302 2653 2374 παρεδήλου
2691 2302 2790 2372 τὴν
2836 2303 2933 2372 τῆς
2972 2302 3329 2371 ἀδελφότητος
3361 2298 3678 2369 ὁμωνυμίαν
3704 2297 3733 2350 6

2146 2394 2324 2462 λόγος.
2351 2395 2425 2457 ὡς
2456 2394 2578 2464 οὐχὶ
2605 2394 2834 2448 πάντοτε
2864 2393 2958 2446 τοῦ
2988 2392 3152 2446 αὐτοῦ
3196 2389 3596 2461 σημαινομένου
3623 2387 3731 2442 ἀπὸ

2145 2486 2245 2556 τῆς
2279 2485 2450 2555 αὐτῆς
2480 2485 2687 2555 φωνῆς,
2728 2486 2857 2539 ὅταν
2888 2483 3114 2538 ἐπὶτῶν
3156 2483 3411 2536 ἐναντίων
3443 2480 3731 2550 νοημάτων

2144 2579 2207 2633 τὸ
2247 2578 2379 2632 αὐτὸ
2420 2577 2767 2648 λαμόἀνηται
2795 2576 2991 2647 ὄνομα.
3035 2574 3173 2629 Ἀλλ’
3212 2574 3399 2645 ἕτερος
3444 2573 3545 2643 μὲν
3574 2572 3730 2626 ἀδελ-

2146 2671 2243 2739 φὸς
2269 2671 2298 2723 6
2346 2668 2626 2738 καθαιρῶν
2663 2669 2756 2724 τὸν
2800 2668 3097 2736 Αἰγύπτιον
3126 2665 3420 2737 τύραννον·
3471 2664 3631 2727 ἄλλος
3672 2663 3729 2717 δὲ

2145 2762 2308 2817 πάλιν
2337 2765 2366 2816 6
2395 2761 2691 2816 ἀποτυπῶν
2718 2764 2828 2825 τοῖς
2874 2760 3234 2832 Ἰσραηλίταις
3262 2758 3322 2811 τὸ
3354 2757 3594 2819 εἴδωλον,
3626 2755 3729 2810 κᾶν

2144 2853 2203 2907 ἓν
2308 2855 2395 2907 ἐπ’
2445 2852 2771 2924 ἀμφοτέρων
2798 2857 2859 2905 τὸ
2894 2852 3084 2922 ὄνομα.
3126 2851 3287 2906 Κατά
3310 2852 3433 2904 -τῶν
3471 2849 3727 2903 τοιούτων

2144 2942 2238 3000 οὖν
2268 2944 2512 3013 ἀδελφῶν
2541 2946 2851 3015 ἀπογυμνοῖ
2877 2948 2906 2999 6
2936 2945 3177 3013 Μωῦσῆς
3199 2943 3262 2997 τὸ
3289 2943 3459 3011 ξίφος.
3492 2944 3628 3012 Περὶ
3653 2934 3726 2994 ὧν

2144 3040 2252 3111 γὰρ
2280 3038 2461 3101 ἄλλοις
2490 3036 2885 3097 διακελεύεται.
2933 3037 3025 3091 καὶ
3056 3034 3231 3105 ἑαυτῷ
3261 3033 3463 3105 δηλαδὴ
3504 3032 3728 3102 νομοθεο
3764 3056 3773 3069 ι

2070 3152 2113 3209 ο
2145 3135 2229 3186 τεί
2258 3131 2318 3184 τὸ
2343 3126 2480 3185 ἴσον.
2527 3130 2829 3201 Ἀναίρεσις
2859 3130 2917 3183 δέ
2946 3131 3064 3183 ἐστι
3085 3127 3179 3181 τοῦ
3204 3127 3448 3181 τοιούτου
3471 3124 3723 3193 ἀδελφοῦ,

2143 3227 2172 3278 6
2216 3224 2317 3293 τῆς
2350 3223 2628 3295 ἁμαρτίας
2671 3222 3001 3292 ἀφανισμός.
3047 3222 3164 3284 Πᾶς
3193 3220 3300 3291 γάρ
3330 3220 3359 3273 6
3391 3218 3452 3272 τὸ
3497 3217 3586 3271 διὰ
3628 3217 3724 3286 τῆς

2145 3316 2453 3386 συμόουλῆς
2492 3314 2587 3368 τοῦ
2650 3314 3025 3384 ἀντικειμένου
3078 3311 3382 3383 ὲνιδρυνθέν
3418 3328 3521 3364 τινι
3554 3309 3725 3363 κακὸν

2142 3408 2432 3477 ἀφανίσας,
2464 3396 2671 3461 ἐκεῖνον
2713 3406 3031 3459 ἀπέκτεινεν
3061 3407 3119 3457 ὲν
3151 3402 3327 3472 ἐαυτῷ
3358 3402 3451 3456 τόν
3480 3418 3607 3455 ποτε
3636 3400 3724 3454 διὰ

2141 3499 2241 3569 τῆς
2271 3499 2544 3570 ἁμαρτίας
2575 3497 2771 3563 ζῶντα.
2801 3496 3017 3551 Μᾶλλον
3041 3496 3097 3549 δὲ
3126 3497 3258 3566 ἡμῖν
3284 3493 3345 3547 τὸ
3373 3492 3504 3563 περὶ
3529 3491 3721 3544 τούτου

2144 3588 2471 3661 κρατυνθείη
2503 3589 2704 3658 δόγμα,
2760 3588 2814 3641 εί
2852 3605 2974 3640 τινα
3019 3586 3113 3640 καὶ
3158 3585 3292 3641 ἀλλα
3328 3584 3429 3653 τῆς
3482 3581 3725 3652 ἱστορίας

2143 3679 2276 3750 πρὸς
2299 3679 2398 3747 τὴν
2429 3678 2660 3750 θεωρίαν
2689 3678 2892 3748 ταύτην
2924 3675 3467 3747 ωμπαραλάὸοιμεν.
3494 3673 3723 3743 Εἴρηται

2142 3769 2272 3839 γὰρ,
2307 3768 2389 3821 ὅτι
2431 3767 2814 3838 προστάγματι
2847 3766 3057 3834 γίνεται
3092 3764 3187 3818 τοῦ
3231 3762 3441 3832 Ἀαρὼν
3489 3762 3721 3826 ἐκείνου,

2140 3860 2203 3913 τὸ
2243 3860 2354 3913 δεῖν
2397 3860 2596 3922 αὐτοὺς
2642 3857 2989 3928 περιελέσθαι
3020 3858 3113 3925 ἀφ’
3143 3855 3348 3909 ἑαυτῶν
3390 3855 3456 3908 τά
3504 3853 3719 3908 ἐνώτια.

2142 3952 2253 4004 Καὶ
2288 3953 2321 4022 ἡ
2351 3950 2557 4004 τούτων
2609 3949 2969 4020 περιαίρεσις,
3005 3948 3104 4019 ῢλη
3146 3940 3222 4019 τῷ
3250 3946 3447 4016 εἰδώλῳ
3483 3946 3719 4015 ἐγένετο.

2142 4041 2208 4094 Τί
2230 4038 2323 4096 οὖν
2350 4059 2530 4111 φαμεν
2550 4057 2564 4106 ;
2587 4041 2669 4093 ὅτι
2698 4040 2939 4109 Μωῡσῆς
2973 4039 3072 4110 μὲν
3094 4039 3154 4093 ὲν
3179 4037 3258 4109 τῷ
3277 4036 3481 4107 ὲνωτίῳ
3508 4037 3719 4106 κόσμῳ,

2140 4133 2198 4197 ὃς
2222 4135 2367 4187 ἐστιν
2389 4132 2418 4183 6
2442 4131 2624 4202 νόμος,
2647 4132 2744 4200 τὴν
2772 4130 2881 4185 τῶν
2918 4129 3267 4200 Ἰσραηλιτῶν
3287 4128 3458 4199 ἀκοὴν
3482 4128 3722 4198 ἐκόσμη-

2141 4239 2232 4276 σεν
2255 4237 2267 4249 ·
2303 4223 2332 4275 6
2357 4221 2414 4275 δὲ
2437 4220 2785 4292 ψευδώνυμος
2824 4219 3051 4289 ἀδελφὸς
3079 4219 3166 4273 διὰ
3196 4221 3293 4290 τῆς
3324 4217 3611 4289 παρακοῆς
3635 4235 3723 4270 πε-

2144 4315 2345 4385 ριαιρεῖ
2369 4314 2461 4367 τὸν
2493 4312 2781 4365 ἐντεθέντα
2810 4314 2875 4381 τῇ
2914 4312 3051 4381 ἀκοῇ
3083 4309 3308 4381 κόσμον,
3342 4309 3437 4362 καὶ
3480 4311 3627 4363 ποιεῖ
3655 4308 3721 4362 δι’

2140 4402 2305 4458 αὑτοῦ
2334 4402 2570 4457 εἴδωλον.
2606 4401 2718 4455 Καὶ
2755 4401 2907 4473 παρὰ
2942 4401 3040 4471 τὴν
3070 4399 3295 4471 πρώτην
3317 4399 3416 4469 τῆς
3450 4399 3721 4471 ἁμαρτίας

462 4480 532 4535 ab
557 4480 646 4544 iis,
672 4482 766 4552 qui
793 4482 952 4553 primi
978 4485 1146 4540 creati
1172 4484 1412 4551 fuerunt,
1433 4488 1592 4556 quasi
1612 4504 1726 4544 rem
1751 4490 2036 4548 honestam

2146 4494 2367 4559 είσοδον,
2402 4494 2623 4547 ὲνωτίου
2663 4511 2747 4558 τις
2775 4494 3059 4563 ὑφαίρεσις
3085 4488 3152 4564 ἦν
3186 4495 3219 4562 ἡ
3249 4491 3343 4544 τοῦ
3380 4491 3723 4563 παρακοῦσαι

462 4571 762 4642 utilemque
781 4575 1114 4639 consuleret,
1141 4583 1250 4631 uta
1281 4576 1470 4633 divino
1503 4580 1765 4635 mandato
1788 4582 2039 4638 declina-

462 4670 605 4717 rent.
660 4662 717 4716 id
766 4679 897 4736 ergo
944 4675 1029 4721 est
1063 4668 1210 4737 quod
1251 4669 1491 4726 dicimus
1524 4670 1746 4728 auferre
1779 4674 1850 4728 ab
1905 4688 2039 4730 aure

461 4762 858 4822 praceptorum
892 4755 1164 4812 inaurem.
1198 4758 1379 4825 Quare
1412 4760 1504 4829 qui
1538 4762 1640 4817 hos
1672 4760 1893 4828 fratres,
1935 4764 2037 4818 hos

456 4844 694 4907 amicos,
730 4843 829 4899 hos
862 4846 1139 4916 proximos
1189 4850 1482 4915 interimet,
1531 4852 1715 4908 audiet
1753 4854 1899 4908 illam
1939 4869 2038 4908 vo-

461 4952 604 5002 cem,
637 4952 802 5007 quam
833 4954 861 4993 a
892 4939 1075 5012 Moyse
1103 4942 1179 4997 illi
1209 4952 1596 5014 perceperunt,
1633 4943 1727 5015 qui
1764 4953 1895 4999 tunc
1918 4945 2039 5001 sine

458 5025 848 5096 disquisitione
883 5030 1086 5087 multos
1114 5048 1144 5087 e
1175 5034 1480 5089 cultoribus
1510 5035 1641 5089 idoli
1677 5034 2035 5090 occiderunt:

451 5118 823 5189 .Implev-istis,
864 5121 1077 5192 inquit,
1112 5140 1302 5178 manus
1348 5133 1554 5181 vestras
1591 5126 1752 5180 hodie
1782 5126 2035 5193 Domino,

457 5212 513 5262 in
543 5225 645 5265 suo
677 5215 1057 5285 unusquisque
1092 5216 1203 5271 ﬁlio
1241 5218 1327 5272 vel
1358 5217 1551 5282 fratre,
1589 5225 1646 5271 ut
1675 5217 1837 5273 detur
1868 5234 2037 5288 super

459 5316 557 5356 vos
606 5302 937 5360 benedictio.
1006 5306 1112 5362 Sed
1167 5315 1476 5377 opportune
1528 5309 1690 5363 modo
1730 5310 2033 5380 primorum

459 5404 747 5459 parentum
794 5396 1027 5454 fecimus
1065 5400 1424 5464 mentionem,
1461 5408 1519 5453 ut
1566 5401 1846 5458 discamus
1894 5419 2032 5473 quo-

460 5495 584 5534 nam
616 5493 778 5550 pacto
824 5484 1091 5541 divinitus
1140 5487 1420 5542 confectas
1465 5488 1699 5553 tabulas,
1750 5489 1803 5542 in
1833 5491 2033 5559 quibus

460 5562 543 5617 lex
574 5577 690 5620 erat
725 5567 993 5640 impressa
1075 5575 1128 5627 in
1172 5585 1372 5630 terram
1411 5577 1664 5632 manibus
1694 5576 1863 5647 Moysi
1898 5593 2027 5648 pro-

519 5747 571 5778 “
604 5744 778 5799 Exod.
824 5764 992 5813 χχχιι,
1028 5751 1118 5807 24.

2140 4588 2240 4659 τῆς
2265 4586 2484 4657 ἐντολῆς
2515 4586 2811 4657 συμϐουλή.
2848 4586 2974 4650 Πῶς
3003 4585 3264 4657 ἐνομίσθη
3295 4586 3447 4655 φίλος
3468 4586 3565 4639 καὶ
3591 4586 3723 4657 πλη-

2143 4677 2259 4732 σίον
2286 4680 2396 4741 τοῖς
2435 4678 2883 4748 πρωτοπλάστοις
2919 4681 2948 4731 6
2975 4678 3119 4747 ὄφις,
3144 4677 3221 4740 ὣς
3257 4694 3311 4730 τι
3338 4678 3609 4748 χρήσιμον
3631 4676 3723 4729 καὶ

2143 4768 2366 4837 ἀγαθὸν,
2395 4768 2456 4821 τὸ
2487 4770 2788 4840 ἀποστῆναι
2824 4769 2917 4823 τοῦ
2950 4769 3095 4823 θείου
3135 4769 3559 4840 προστάγματος
3594 4786 3722 4837 συμ-

2143 4856 2446 4922 ϐουλεύωνς
2487 4857 2658 4912 Τοῦτό
2696 4861 2812 4912 ἐστι
2844 4858 2905 4911 τὸ
2946 4858 3294 4931 περιελέσθαι
3339 4859 3439 4927 τῆς
3466 4858 3634 4926 ἀκοῆς
3663 4856 3723 4911 τὸ

2142 4949 2243 5020 τῆς
2283 4949 2502 5019 ἐντολῆς
2537 4949 2778 5003 ἐνώτιον.
2808 4948 3017 5003 Οὐκοῦν
3062 4952 3091 5003 6
3129 4949 3238 5002 τῶν
3270 4948 3528 5003 τοιούτων
3573 4947 3721 5000 ἀδελ-

2146 5041 2260 5110 φῶν
2301 5058 2359 5094 τε
2394 5044 2488 5095 καὶ
2532 5043 2701 5110 φίλων
2746 5042 2841 5097 καὶ
2895 5043 3121 5114 πλησίον
3165 5044 3378 5112 φονεὺς,
3431 5040 3723 5095 ἀκούσεται

2146 5133 2294 5204 παρά
2331 5133 2425 5187 τοῦ
2468 5134 2633 5205 νόμου
2682 5134 2783 5204 τῆς
2824 5135 3007 5205 φωνῆς
3060 5134 3295 5205 ἐκείνης,
3324 5134 3390 5203 ἣν
3440 5133 3642 5201 ἔφησεν
3687 5133 3719 5203 ἡ

2146 5225 2357 5295 ἱστορία
2380 5224 2535 5296 παρά
2548 5226 2642 5278 τοῦ
2666 5224 2940 5289 Μωῦσέως
2968 5226 3436 5295 γεγενῆσθαι“’τοῖς
3455 5223 3580 5285 τοὺς
3612 5239 3722 5276 τοι.

2142 5314 2331 5378 ούτους
2391 5317 2869 5386 φονοκτονήσασιν·
2933 5317 3099 5387 Ἐπλη
3110 5316 3316 5387 ρώσατε
3378 5317 3478 5379 τάς
3537 5318 3721 5388 χεῖρας

2140 5405 2292 5476 ὑμῶν
2319 5406 2558 5477 σήμερον
2586 5408 2664 5477 τῷ
2707 5407 2898 5479 Κυρίῳ
2940 5408 3168 5471 ἕκαστος
3202 5409 3257 5460 ὲν
3284 5406 3362 5477 τῷ
3416 5407 3527 5477 ἰδίῳ
3558 5408 3658 5478 υίῷ
3687 5409 3717 5478 ἢ

2137 5498 2215 5568 τῷ
2241 5498 2475 5568 ἀδελφῷ,
2500 5498 2719 5567 δοθῆναι
2744 5501 2828 5567 ἐφ’
2853 5501 2998 5569 ὑμᾶς
3026 5499 3294 5567 εὐλογίαν.
3323 5501 3482 5552 Δοκεῖ
3500 5500 3557 5552 δὲ
3582 5502 3717 5553 κατά

2138 5588 2328 5659 καιρὸν
2358 5590 2451 5642 καὶ
2477 5590 2509 5658 ἡ
2543 5590 2727 5658 μνήατπ
2764 5590 2873 5643 τῶν
2904 5591 3003 5649 τὴν
3038 5591 3313 5645 ἀααρτίαν
3344 5589 3715 5661 παραδεξαμέ-
