3888 6354
216 394 325 455 397

201 526 309 562 νων
350 506 837 579 ἐπεισεληλυθέναι
885 502 965 575 τῷ
1015 500 1188 572 λόγῳ·
1231 500 1369 552 ὥστε
1408 498 1619 568 μαθεῖν,
1675 496 1797 565 πῶς

202 598 303 661 τὰς
337 597 702 659 θεοτεύκτους
729 594 967 657 πλάκας,
993 593 1050 646 ὲν
1073 586 1163 654 αἷς
1186 592 1214 643 6
1242 588 1383 652 θεῖος
1416 589 1579 658 νόμος
1609 590 1793 641 ἐνεκε-

202 690 471 761 χάρακτο,
502 691 585 752 είς
618 688 720 758 τὴν
752 689 856 757 γῆν
903 686 968 739 ἐκ
1009 683 1116 737 τῶν
1149 681 1243 735 τοὺ
1273 680 1556 742 Μωῡσέως
1595 678 1795 749 χειρῶν

205 781 502 845 πεσούσας,
537 779 634 834 καὶ
671 782 738 849 τῇ
782 775 1075 845 ἀντιτυπία
1115 774 1208 828 τοῦ
1247 771 1608 841 ὑποκειμένου
1638 786 1793 839 περι-

202 872 506 944 τριϐείσας,
552 871 714 925 πάλιν
744 872 772 923 6
807 870 1048 938 Μωῢσῆς
1077 864 1485 935 ἀνακομίζεται,
1507 863 1691 915 οὐκετι
1719 862 1795 914 δι-

202 964 329 1016 όλου
357 964 455 1027 τὰς
476 962 666 1024 αὑτὰς,
691 960 825 1015 ἀλλὰ
850 960 1007 1030 μόνον
1027 958 1089 1011 τὸ
1112 957 1198 1010 ἐπ’
1221 954 1400 1010 αὐτῶν
1426 953 1681 1024 γράμμα.
1701 954 1794 1005 Ἐκ

203 1058 316 1128 γὰρ
349 1059 449 1127 τῆς
495 1056 646 1109 κάτω
689 1053 822 1123 ὑλης
866 1052 1046 1105 λαϐὼν
1092 1050 1191 1112 τὰς
1225 1048 1458 1110 πλάκας,
1508 1044 1793 1115 ὑποτίθησι

203 1153 273 1220 τῇ
304 1149 529 1218 δυνάμει
552 1146 642 1200 τοῦ
675 1146 763 1199 τὸν
795 1145 956 1215 νόμον
976 1143 1164 1206 αὐταῖς
1199 1140 1645 1211 ἐγχαράσσοντος.
1681 1138 1793 1190 Καὶ

205 1242 384 1301 οὑτως
411 1240 764 1294 ἀνακαλεῖται
792 1238 891 1307 τὴν
920 1236 1100 1307 χάριν,
1131 1234 1312 1303 φέρων
1342 1234 1398 1285 ἐν
1420 1232 1536 1293 ταῖς
1563 1229 1792 1291 λιθίναις

205 1332 414 1392 δέλτοις
441 1331 532 1383 τὸν
565 1331 749 1400 νόμον,
795 1327 960 1381 αὑτοῦ
1005 1326 1098 1379 τοῦ
1146 1323 1282 1377 Θεοῦ
1328 1322 1405 1393 τῷ
1449 1322 1582 1392 λίθῳ
1612 1320 1793 1389 φωνὰς

206 1420 637 1481 ὲντυπώσαντος.
677 1421 831 1488 Τάχα
869 1418 978 1489 γὰρ
1013 1417 1125 1469 ἔστι
1156 1416 1242 1468 διὰ
1270 1414 1472 1467 τούτων
1507 1410 1795 1483 ὁδηγηθένε

205 1532 328 1577 τας,
364 1513 461 1583 τῆς
509 1514 658 1574 θείας
694 1510 1033 1581 ὑπὲρ,ἡμῶν
1076 1508 1412 1579 προμηθείας
1446 1508 1503 1561 ἐν
1546 1505 1793 1577 περινοίᾳ

205 1603 480 1672 γενέσθαι.
513 1604 576 1656 Εἰ
603 1604 715 1674 γὰρ
753 1601 1008 1669 ἀληθεύει
1045 1602 1074 1653 6
1102 1601 1244 1663 θεῖος
1280 1600 1619 1661 Ἀπὸστολος,
1653 1614 1791 1666 καρ-

205 1697 327 1757 δίας
353 1694 634 1765 ὀνομάζων
660 1695 760 1758 τὰς
805 1694 1038 1757 πλάκας,
1068 1692 1333 1755 τουτέστι,
1374 1692 1433 1744 τὸ
1468 1688 1793 1760 ἡγεμονικὸν

206 1788 307 1855 τῆς
332 1786 511 1855 ψυχῆς
550 1785 827 1857 (ἀληθεύει
871 1785 928 1837 δὲ
967 1784 1204 1846 πάντως,
1231 1785 1260 1834 6
1287 1782 1372 1836 διὰ
1410 1781 1504 1834 τοῦ
1543 1779 1792 1850 Πνεύμα·

197 1896 292 1942 τος
321 1879 391 1930 τά
430 1878 569 1947 βάθη
601 1877 694 1930 τοῦ
724 1876 858 1930 Θεοῦ
887 1874 1364 1946 διερευνώμενος)’
1404 1874 1549 1926 ἔστιν
1577 1874 1642 1924 ὲκ
1671 1870 1791 1923 τού-

201 1988 298 2023 του
337 1971 404 2023 δι’
460 1969 756 2024 ἀκολούθου
816 1969 1031 2039 μαθεῖν,
1080 1969 1158 2021 ὅτι
1212 1967 1574 2035 ἀσύντριπτος
1619 1959 1687 2033 ἦν
1731 1961 1793 2015 τὸ

203 2063 323 2115 κατ’
361 2062 536 2132 ἀρχάς
580 2062 674 2115 ita).
718 2060 982 2122 ἀθάνατος
1020 2058 1406 2129 ή·άνθρωπίνη
1453 2055 1635 2124 φύσις,
1670 2056 1791 2117 ταῖς

202 2151 377 2212 θείαις
402 2150 559 2221 χερσὶ
591 2150 1096 2219 κατεσκευασμένη,
1125 2148 1217 2201 καὶ
1258 2149 1369 2209 τοῖς
1398 2146 1668 2216 ἀγράφοις
1696 2142 1790 2196 τοῦ

201 2244 370 2312 νόμον
418 2242 906 2311 κεκαλλωπισμένη
958 2241 1314 2311 χαράγμασι·
1373 2236 1615 2306 φυσικῶς
1662 2235 1792 2305 ἡμῖν

201 2335 525 2403 ἐγκειμένου
571 2333 664 2386 τοῦ
702 2334 840 2386 κατὰ
888 2334 1050 2399 νῧμον
1094 2331 1429 2400 βουλήματος
1460 2331 1517 2381 ὲν
1557 2330 1624 2398 τῇ
1655 2328 1792 2379 ἁπο-

202 2428 414 2495 στροφῇ
454 2426 546 2478 τοῦ
579 2425 772 2487 κακοῦ,
809 2428 901 2477 καὶ
930 2427 987 2477 ὲν
1015 2427 1081 2494 τῇ
1114 2423 1207 2475 τοῦ
1241 2422 1399 2475 Θείου
1428 2423 1582 2491 τιμῇ.

293 2520 447 2574 Ἐπεὶ
493 2521 550 2573 δὲ
593 2520 901 2589 προσέπεσε
950 2518 1048 2587 τῆς
1092 2517 1365 2590 ἁμαρτίας
1406 2519 1434 2569 6
1473 2512 1625 2586 ἦχος,
1671 2515 1731 2569 ὃν
1760 2516 1795 2587 ἡ

203 2615 395 2684 πρώτη
428 2612 617 2683 Γραφὴ
649 2612 830 2682 φωνὴν
857 2613 1031 2680 ὄφεως
1061 2611 1335 2681 ὀνομάζει,
1372 2614 1406 2681 η
1437 2609 1494 2662 δὲ
1524 2610 1665 2663 κατὰ
1696 2608 1797 2671 τὰς

202 2707 422 2769 πλάκας
472 2705 702 2775 ἱστορία,
738 2704 920 2775 φωνὴν
960 2703 1019 2768 ἐξ
1050 2703 1194 2757 οἴνου
1245 2702 1512 2772 ᾀδόντων
1548 2702 1669 2754 τότε
1714 2701 1796 2763 είς

195 2798 308 2866 γῆν
332 2795 575 2848 πεσοῦσα
615 2794 1051 2866 συντριϐήσεται.
1095 2794 1256 2847 Ἀλλά
1288 2794 1448 2847 πάλιν
1474 2795 1501 2846 6
1541 2793 1795 2863 ἀληθινὸς

200 2888 522 2957 νομοθέτης,
551 2880 612 2940 οὗ
653 2886 820 2951 τύπος
858 2883 927 2958 ἦν
948 2889 976 2940 6
1001 2886 1254 2957 Μωῦσῆς,
1290 2888 1354 2938 ὲκ
1382 2885 1481 2955 τῆς
1507 2886 1611 2955 γῆς
1636 2886 1794 2956 ἡμῶν

200 2979 384 3049 ἐαυτῷ
417 2979 513 3041 τὰς
548 2979 645 3049 τῆς
693 2978 908 3047 φύσεως
935 2979 1091 3048 ἡμῶν
1138 2978 1342 3042 πλάκας
1380 2979 1690 3044 ὲλάξευσεν.
1721 2978 1793 3031 Ού

200 3073 313 3141 γάρ
337 3072 513 3142 γάμος
543 3071 690 3142 αὑτῷ
716 3072 816 3143 τὴν
847 3071 995 3125 θείαν
1024 3072 1425 3143 ἐδημιούργησε
1457 3072 1656 3143 σάρκα,
1681 3071 1795 3124 ἀλλ’

202 3164 370 3226 αὑτὸς
401 3164 500 3233 τῆς
527 3164 661 3227 ἰδίας
704 3163 904 3235 σαρκὸς
935 3164 1139 3232 γίνεται
1180 3164 1413 3235 λατόμος
1435 3167 1535 3236 τῆς
1565 3163 1643 3233 τῷ
1669 3163 1796 3234 θείῳ

1545 388 1633 446 DE
1675 390 1833 447 Vl'l‘A
1862 386 2136 447 MOYSIS.

3386 396 3488 449 338

1904 503 2098 571 l‘ectas,
2132 518 2163 557 a
2195 501 2398 557 duritie
2434 502 2698 573 subjectae
2728 512 2890 562 terra:
2916 507 3205 570 contritas,
3242 521 3272 559 a
3308 506 3493 578 Moyse

1904 610 2098 648 rursus
2129 593 2303 648 fuisse
2338 602 2627 665 susceptas
2651 638 2665 661 ,
2701 612 2811 652 non
2841 598 3066 652 omnino
3102 599 3322 655 easdem
3345 641 3359 665 ,
3391 603 3486 654 sed

1934 686 2231 757 ckipturam
2280 686 2478 751 solum,
2513 702 2634 756 quae
2667 689 2721 742 in
2756 688 2866 745 illis
2896 696 3013 743 erat
3045 690 3332 760 impressa.
3375 692 3493 771 Ma:

1896 777 2101 847 teriam
2135 777 2280 831 enim
2303 792 2490 832 earum
2529 794 2595 833 ex
2633 779 2879 834 inferiori
2922 781 3023 835 hac
3052 782 3295 851 suscepit
3316 794 3489 838 matc-

1906 866 1983 919 ria
2036 865 2253 936 Moyses
2276 908 2290 935 ,
2328 868 2632 939 virtutique
2682 870 2857 940 ipsius
2886 872 3148 941 subjecit,
3185 874 3278 943 qui
3310 874 3483 944 legem

1904 974 2098 1015 rursus
2130 959 2184 1014 in
2214 961 2299 1016 his
2329 961 2588 1016 secundis
2630 964 2833 1017 tabulis
2864 964 3074 1018 caelavit
3115 984 3128 1018 :
3160 973 3215 1019 et
3247 967 3328 1021 sic
3355 982 3486 1037 gra«

1904 1051 2035 1106 tiam
2069 1053 2370 1115 revocavit,
2409 1069 2534 1108 cum
2566 1054 2621 1107 in
2665 1054 2897 1124 lapideis
2939 1057 3143 1112 tabulis
3186 1060 3355 1128 legem
3399 1075 3487 1114 re-

1904 1144 2226 1211 portaverit,
2262 1144 2318 1198 in
2344 1144 2548 1214 quibus
2577 1146 2693 1215 ipse
2726 1145 2871 1201 Deus
2904 1148 3038 1218 legis
3062 1164 3228 1203 vm-es
3256 1151 3489 1204 caelave—

1904 1244 2007 1289 rat.
2054 1236 2192 1291 Hinc
2231 1237 2376 1291 enim
2431 1238 2618 1292 induci
2666 1254 2963 1308 possumus
2988 1282 3002 1306 ,
3043 1249 3103 1294 ut
3138 1242 3380 1296 divinam
3420 1243 3489 1297 de

1904 1326 2064 1381 nobis
2094 1326 2440 1381 clementiam
2472 1326 2779 1399 intelligere
2821 1344 3107 1399 queamus.
3141 1331 3274 1385 Nam
3312 1335 3355 1388 si
3391 1351 3487 1387 vo-

1906 1433 2026 1471 rum
2070 1416 2205 1471 dicit
2236 1418 2558 1487 Apostolus,
2612 1432 2738 1472 cum
2768 1419 2983 1475 tabulas
3009 1422 3193 1475 cordis
3218 1424 3485 1481 nominat.

1906 1508 2121 1575 hocest,
2145 1507 2482 1563 intellectum
2501 1509 2669 1563 animi
2692 1508 2883 1565 ducem
2907 1526 2970 1565 ac
2991 1513 3314 1582 principem,
3339 1516 3417 1569 sic
3429 1524 3489 1568 ut

1904 1600 2150 1670 profecto
2178 1616 2367 1656 verum
2396 1601 2550 1667 dicit,
2580 1600 2673 1669 qui
2696 1615 2791 1670 per
2816 1601 3079 1671 Spiritum
3102 1604 3368 1673 profunda
3397 1606 3488 1659 Dei

1901 1702 2181 1750 scrutatus
2214 1701 2296 1750 est
2331 1713 2345 1749 :
2384 1694 2512 1749 inde
2550 1695 2768 1752 discere
2802 1696 2959 1762 licet,
2999 1698 3291 1753 infractam
3325 1712 3489 1771 atque

1902 1785 2263 1842 immortalem
2308 1788 2511 1843 divinis
2559 1786 2883 1842 fabricatam
2930 1790 3181 1846 manibus
3233 1800 3487 1846 naturam

1834 1880 2147 1934 Bnostram
2180 1883 2234 1933 in
2262 1879 2534 1949 principio
2574 1878 2764 1944 fuisse,
2797 1896 2960 1950 quam
2995 1882 3080 1936 lex
3117 1898 3224 1937 non
3256 1885 3484 1954 scripta,

1907 1970 2001 2024 sed
2035 1970 2252 2032 innata,
2304 1985 2411 2023 non
2438 1971 2683 2026 exterius
2729 1972 3038 2041 acquisita,
3080 1974 3175 2028 sed
3218 1966 3487 2045 impressa

1899 2062 2221 2118 exornabat.
2265 2060 2605 2117 Naturaliter
2653 2064 2799 2117 enim
2835 2064 2995 2119 nobis
3042 2067 3300 2122 voluntas
3352 2069 3487 2138 legis

1902 2156 2095 2216 inerat,
2128 2169 2248 2222 quae
2281 2154 2346 2207 ad
2384 2155 2653 2208 malorum
2685 2154 3175 2222 abominationem,
3219 2165 3273 2213 ct
3307 2158 3486 2214 bonos

1902 2259 2023 2298 rum
2048 2244 2449 2313 expeditionem
2483 2259 2584 2299 nos
2618 2244 2959 2301 institueret.

1969 2518 2172 2575 Verum
2221 2527 2576 2590 posteaquam
2631 2524 2839 2590 peccati
2892 2526 3136 2581 sonitum
3174 2527 3229 2582 in
3262 2530 3487 2585 auribus

1897 2611 2104 2666 nostris
2139 2611 2520 2680 suscepimus:
2568 2627 2730 2681 quem
2767 2613 2984 2682 quidem
3027 2618 3268 2672 sonitum
3312 2621 3487 2688 prima

1896 2702 1989 2755 illa
2021 2699 2308 2771 Sqiptura
2339 2718 2528 2757 vocem
2562 2706 2860 2773 serpentis,
2890 2706 3005 2761 ha-c
3029 2723 3160 2764 vero
3183 2709 3250 2764 de
3284 2711 3488 2766 tabulis

1896 2792 2127 2848 historia
2154 2808 2346 2847 vocem
2370 2808 2435 2848 ex
2462 2794 2592 2848 vino
2613 2798 2954 2852 cantantium
2981 2802 3334 2870 nuncupavit:
3361 2812 3490 2859 tunc

1897 2891 2108 2939 naturae
2139 2885 2431 2955 integritas
2460 2886 2513 2939 iu
2540 2894 2741 2940 terram
2775 2887 3001 2955 decidit,
3028 2899 3082 2944 et
3112 2894 3351 2946 contrita
3379 2902 3483 2949 est.

1896 2977 2001 3031 Sed
2037 2990 2255 3032 rursum
2287 2991 2449 3030 verus
2484 2978 2785 3047 legislator,
2816 2979 2975 3048 cujus
3002 2979 3228 3051 ﬁguram
3270 2982 3487 3055 Moyses

1894 3069 2141 3140 gerebat,
2174 3084 2240 3123 ex
2265 3078 2413 3123 terra
2446 3078 2636 3125 nostra
2667 3082 2877 3126 naturae
2903 3081 3108 3128 nostrae
3134 3075 3350 3132 tabulas
3380 3077 3485 3131 sibi

1894 3163 2172 3217 confecit:
2212 3177 2313 3218 nec
2351 3163 2497 3217 enim
2542 3166 2861 3233 nuptiarum
2904 3166 3229 3224 solemnitas
3262 3184 3485 3224 carnem

201 3253 456 3325 δακτύλῳ
507 3254 978 3325 καταγραφείσης.
1016 3255 1242 3324 Πνεῦμα
1274 3256 1382 3327 γὰρ
1432 3257 1587 3323 ἆγιον
1632 3251 1791 3327 ἦλθεν

1898 3251 2227 3308 dominicam
2275 3253 2566 3322 produxit,
2614 3255 2708 3310 sed
2768 3256 2886 3326 ipse
2921 3272 3036 3312 suae
3068 3259 3252 3314 carnis
3302 3259 3484 3317 factus

202 3347 300 3397 ἐπὶ
324 3342 734 3415 τὴνἮαρθένον,
761 3346 853 3399 καὶ
875 3348 907 3416 ή
932 3344 1026 3398 τοῦ
1058 3346 1280 3416 ὑψίστου
1316 3346 1607 3400 ὲπεσκίασε
1637 3347 1797 3400 δύνα-

206 3455 320 3507 μις.
361 3438 512 3490 Ἐπεὶ
558 3438 614 3491 δὲ
657 3438 814 3491 τοῦτο
861 3438 1096 3506 ἐγένετο,
1151 3438 1313 3491 πάλιν
1345 3438 1405 3491 τὸ
1432 3438 1795 3510 ἁσύντριπτον

201 3528 364 3598 ἔσχεν
392 3531 424 3599 ἡ
453 3528 634 3598 φύσις.
664 3530 929 3592 ἀθάνατος
958 3530 1227 3600 γενομένη
1268 3533 1380 3593 τοῖς
1401 3529 1494 3583 τοῦ
1529 3530 1790 3584 δακτύλου

201 3621 543 3690 χαράγμασι.
577 3621 847 3685 Δάκτυλος
880 3622 935 3673 δὲ
984 3621 1214 3694 πολλαχῆ
1257 3621 1407 3691 παρὰ
1437 3623 1534 3691 τῆς
1572 3623 1793 3693 Γραφῆς

198 3712 528 3781 ὀνομάζεται
566 3713 625 3765 τὸ
676 3710 900 3783 Πνεῦμα
934 3714 995 3766 τὸ
1036 3714 1207 3781 ἆγιον.
1255 3714 1363 3765 Καὶ
1402 3712 1544 3765 οὕτω
1585 3712 1791 3780 γίνεται

199 3803 297 3856 τοῦ
350 3804 633 3867 Μωῦσέως
691 3806 723 3875 ἠ
778 3803 872 3856 ἐπὶ
924 3804 983 3857 τὸ
1041 3804 1375 3874 ἐνδοξότερον
1432 3803 1790 3874 μεταποίησις

198 3897 425 3967 τοιαύτη
474 3900 569 3951 καὶ
609 3898 867 3969 τοσαύτη,
898 3899 973 3963 ὡς
1006 3898 1289 3969 ἁχώρητον
1318 3893 1456 3951 εἶναι
1507 3896 1585 3965 τῷ
1637 3896 1789 3949 κάτω

198 3990 466 4061 ὀφθαλμῷ
496 3992 595 4061 τὴν
632 3992 731 4061 τῆς
759 3992 915 4061 δόξης
956 3992 1172 4061 ἐκείνης
1211 3991 1531 4059 ἐμφάνειαν.
1568 3990 1789 4052 Πάντως

197 4082 257 4135 δὲ
281 4083 309 4133 6
332 4082 763 4152 πεπαιδευμένος
782 4083 841 4135 τὸ
863 4083 1005 4135 θεῖον
1027 4083 1126 4150 τῆς
1152 4081 1386 4143 πίστεως
1411 4080 1566 4151 ἡμῶν
1594 4081 1793 4151 μυστή-

203 4190 338 4242 ριον,
372 4175 471 4227 οὑκ
503 4176 707 4243 ἀγνοεῖ,
744 4174 860 4238 πῶς
905 4174 1194 4243 συμϐαίνει
1231 4177 1297 4244 τῇ
1341 4173 1612 4243 ίστορίᾳή
1650 4172 1788 4226 κατὰ

199 4269 494 4337 ἀναγωγὴν
533 4267 757 4338 θεωρία.
792 4267 851 4320 '0
879 4267 986 4338 γὰρ
1020 4266 1318 4337 διορθωτὴς
1339 4266 1437 4337 τῆς
1470 4281 1786 4335 συντετριμ-

202 4362 375 4433 μένης
416 4361 573 4431 ἡμῶν
616 4360 828 4428 φύσεως
881 4360 1087 4423 πλακὸς
1130 4363 1300 4426 (νοεῖς
1330 4360 1385 4411 δὲ
1428 4359 1667 4421 πάντως.
1704 4357 1788 4411 διὰ

196 4454 308 4507 τῶν
335 4453 668 4523 λεγομένων,
704 4454 930 4515 ἐκεῖνον,
972 4451 1064 4504 τὸν
1105 4451 1173 4505 τὰ
1212 4453 1594 4521 συντρίμματα
1630 4453 1661 4521 ή
1674 4450 1788 4521 μῶν

197 4543 655 4615 θεραπεύσαντα),
699 4543 884 4615 ἐπειδὴ
935 4544 1095 4596 πάλιν
1140 4546 1219 4600 εἰς
1262 4543 1321 4596 τὸ
1355 4545 1580 4614 ἀρχαῖον
1623 4545 1789 4595 ἐπαν-

1894 3343 2131 3413 lapicida
2154 3383 2170 3409 ,
2216 3344 2390 3414 digito
2422 3343 2514 3400 Dei
2548 3361 2667 3399 eam
2708 3347 3009 3417 inscripsit.
3046 3347 3290 3418 Spiritus
3335 3352 3481 3406 enim

1893 3442 2121 3489 sanctus
2148 3435 2397 3504 pervenit
2422 3435 2476 3489 in
2508 3435 2813 3506 Virginem,
2835 3447 2883 3493 et
2918 3441 3134 3497 Excelsi
3161 3458 3278 3498 eam
3303 3446 3481 3501 virtus

1893 3522 2242 3578 obumbravit
2266 3525 2331 3581 ⁸⁷,
2366 3524 2487 3589 Quo
2516 3527 2679 3585 facto,
2713 3542 2912 3582 rursus
2943 3537 3142 3582 natura
3173 3530 3479 3597 confracta,

1895 3615 2044 3669 illius
2068 3616 2429 3685 impressione
2459 3617 2616 3687 digiti
2648 3617 3114 3673 immortalitatem
3137 3634 3436 3679 consecuta
3464 3644 3476 3679 :

1892 3703 2097 3772 digitus
2122 3705 2268 3757 enim
2315 3705 2515 3774 sa'pius
2554 3720 2583 3757 a
2622 3703 2908 3775 Scriptura
2965 3706 3207 3777 Spiritus
3252 3720 3480 3769 sanctus

1892 3796 2217 3863 appellatur.
2258 3795 2372 3850 lloc
2425 3796 2590 3866 igitur
2620 3796 2782 3852 modo
2815 3799 2881 3852 ad
2930 3800 3226 3869 gloriosius
3263 3803 3479 3874 Moyses

1891 3896 2262 3944 commutatus
2312 3888 2445 3950 fuit,
2480 3890 2617 3943 adeo
2671 3898 2731 3943 ut
2762 3890 3121 3948 inferioribus
3167 3894 3252 3950 bis
3302 3897 3479 3952 oculis

1890 3985 2044 4033 tanta
2074 3981 2308 4051 talisque
2342 3982 2517 4050 gloria
2552 3983 2703 4036 cerni
2735 3984 3019 4048 nequiret:
3057 4002 3220 4055 quam
3257 3988 3476 4057 quidem

1893 4068 2332 4126 immutationem
2361 4072 2453 4141 qui
2491 4080 2692 4127 nostra:
2726 4073 2850 4128 fidei
2879 4076 3136 4145 mysteria
3160 4078 3333 4142 novit,
3367 4094 3477 4134 non

1892 4163 2170 4235 ignorabit
2201 4165 2478 4233 quomodo
2505 4166 2837 4235 allegoricus
2878 4167 2967 4220 hic
2995 4182 3195 4223 sensus
3236 4169 3479 4225 historiae

1892 4263 2304 4312 consentaneus
2329 4263 2434 4311 est.
2467 4254 2603 4308 Nam
2627 4256 2721 4326 qui
2752 4258 3047 4312 contritam
3087 4268 3342 4314 naturam
3374 4278 3477 4316 no-

1891 4356 2060 4403 stram
2096 4349 2149 4401 in
2185 4347 2555 4416 integritatem
2585 4344 2831 4402 iraduxit
2855 4389 2869 4413 ,
2899 4350 3027 4419 qui,
3057 4351 3348 4419 languores
3377 4370 3479 4408 no-

1892 4448 2042 4496 stros
2064 4440 2324 4509 portavit,
2356 4446 2410 4493 et
2456 4438 2672 4492 sanavit
2712 4447 2971 4509 aegrotos,
3020 4450 3380 4512 posteaquam
3417 4445 3473 4499 in

1892 4531 2179 4600 pristinam
2199 4530 2665 4599 pulchritudinem
2688 4530 2903 4586 dirutas
2932 4543 3139 4588 natura:
3170 4543 3372 4591 nostrae
3394 4543 3477 4590 ta-

193 4612 371 4709 ήγαγε
402 4638 502 4708 τὴν
533 4612 999 4708 συντετριμμένην
1024 4635 1125 4705 τῆς
1157 4636 1370 4703 φύσεως
1400 4612 1558 4705 ημῶν
1584 4635 1787 4698 πλάκα,

1898 4624 2049 4678 bulas
2081 4622 2343 4687 restituit,
2372 4620 2488 4685 Dei,
2515 4630 2574 4675 ut
2603 4622 2868 4687 diximus,
2890 4624 3062 4695 digito
3090 4627 3333 4691 caelatas,
3363 4643 3474 4683 non

195 4731 275 4801 τῷ
303 4729 433 4800 θείῳ
461 4728 727 4799 δακτύλῳ,
777 4728 956 4791 καθὼς
1000 4729 1234 4798 εἴρηται,
1283 4727 1780 4790 καλλωπισθεῖσαν,

194 4822 380 4875 οὑκέτι
423 4822 666 4892 χωρητὸς
702 4823 819 4885 ταῖς
844 4821 999 4889 ὄψεσι
1034 4819 1142 4872 τῶν
1181 4819 1416 4884 ἀναξίων
1453 4819 1683 4887 γίνεται,
1710 4819 1786 4888 τῷ

196 4912 590 4984 ὑπερϐάλλοντι
630 4914 730 4983 τῆς
772 4912 930 4983 δόξης
980 4911 1424 4983 ἀπροσπέλαστος
1475 4914 1587 4975 τοῖς
1648 4910 1783 4981 πρὸς

114 5012 127 5021 ³
197 5008 363 5062 αὑτὸν
410 5005 577 5077 ὁρῶσι
626 5007 929 5077 γινόμενος.
1003 5003 1242 5073 Ἀληθῶς
1292 5005 1421 5075 γὰρ,
1479 5005 1608 5057 ὅταν
1658 5002 1789 5076 ἔλθῃ

198 5096 405 5162 (καθώς
445 5113 578 5166 φησι
631 5096 694 5149 τὺ
739 5095 1094 5164 Εὑαγγέλιον)
1137 5096 1194 5149 ὲν
1225 5097 1291 5166 τῇ
1330 5095 1453 5166 δόξῃ
1481 5092 1664 5158 αὑτοῦ,
1693 5094 1789 5147 καὶ

197 5188 402 5251 πάντες
421 5189 467 5241 οἱ
496 5187 717 5256 ἄγγελοι
747 5190 863 5258 μετ’
887 5186 1076 5251 αὑτοῦ,
1117 5188 1275 5258 μόγις
1300 5187 1398 5257 μὲν
1423 5189 1534 5249 τοῖς
1560 5185 1789 5250 δικαίοις

195 5278 445 5349 χωρητὸς
492 5278 701 5347 γίνεται
732 5279 827 5332 καὶ
867 5279 1205 5348 καταφανής.
1248 5278 1308 5330 ’0
1349 5278 1406 5331 δὲ
1438 5276 1659 5348 ἀσεϐὴς,
1693 5278 1787 5332 καὶ

209 5368 515 5435 Ἰουδαῖζων
545 5369 642 5440 τὴν
677 5370 907 5443 αἵρεσιν,
943 5369 1126 5434 καθὼς
1159 5370 1386 5433 Ἡσαΐας
1418 5369 1586 5438 λέγει,
1617 5371 1789 5441 ἀμέτ-

196 5476 320 5529 οχος
357 5461 569 5515 ἐκείνου
614 5460 709 5515 τοῦ
751 5461 1021 5532 θεάματος
1063 5463 1231 5533 μένει.
1278 5460 1566 5533 «Ἀρθήτω
1608 5463 1715 5532 γὰρ
1761 5465 1789 5515 6

194 5549 421 5622 ὰσεόὴς,
437 5571 455 5603 ι
478 5553 664 5622 φησὶν,
698 5553 814 5605 «ἵνα
830 5553 904 5623 μὴ
928 5554 1010 5625 ἴδῃ
1022 5553 1118 5622 τὴν
1138 5549 1294 5616 δόξαν
1313 5551 1538 5624 Κυρίου.
1575 5571 1592 5602 ι
1635 5551 1790 5605 Ἀλλὰ

193 5642 365 5697 ταῦτα
399 5644 496 5715 μὲν
530 5647 595 5716 τῇ
644 5644 934 5716 ἀκολουθία
976 5644 1083 5699 τῶν
1119 5643 1501 5715 ἐξητασμένων
1532 5644 1787 5714 ἑπόμενοι

1893 4716 2125 4785 amplius
2153 4714 2502 4784 indignorum
2536 4714 2712 4769 oculis
2745 4716 2868 4785 capi
2907 4725 3107 4785 potest.
3150 4718 3285 4774 Nam
3325 4729 3476 4776 tanta

1891 4812 1978 4860 est
2003 4805 2308 4874 amplitudo
2351 4804 2538 4875 gloriae
2573 4811 2737 4873 atque
2775 4807 3079 4875 majestatis
3107 4808 3227 4877 ejus
3249 4849 3263 4872 ,
3301 4818 3360 4864 ut
3393 4813 3477 4863 vi-

1893 4913 1990 4953 sus
2037 4911 2224 4953 eorum
2268 4904 2507 4967 nequeat
2554 4897 2620 4951 ad
2664 4898 2847 4966 ipsum
2892 4899 3178 4956 accedere.
3224 4900 3478 4958 Profecto

1892 4987 2037 5042 enim
2068 5004 2192 5043 cum
2240 4990 2296 5043 in
2334 4987 2621 5057 majestate
2657 5003 2779 5053 sua,
2817 4997 2877 5044 ut
2910 4990 3042 5043 dicit
3077 4990 3432 5062 Evangelium
3459 5032 3476 5055 ,

1891 5081 2105 5145 veniet,
2158 5094 2219 5133 ac
2247 5094 2441 5138 omnes
2486 5080 2668 5149 angeli
2703 5094 2916 5146 secum,
2968 5080 3053 5135 vix
3100 5082 3234 5151 justi
3291 5084 3478 5153 gloriae

1890 5173 2064 5241 ipsius
2094 5179 2257 5226 erunt
2298 5184 2531 5239 capaces
2563 5188 2576 5224 :
2612 5170 2765 5241 impii
2802 5182 2984 5226 autem
3041 5180 3094 5227 et
3121 5171 3477 5229 Judaizantes

1892 5272 2056 5318 tantae
2087 5263 2315 5317 visionis
2339 5272 2595 5332 expertes
2626 5270 2811 5328 erunt,
2847 5272 2905 5318 ut
2935 5264 3101 5319 Isaias
3129 5266 3205 5318 ait
3233 5284 3245 5317 :
3286 5285 3305 5318 ι
3346 5265 3479 5320 Tol-

1891 5356 2031 5410 latur
2053 5356 2279 5423 impius,
2309 5369 2377 5409 ne
2406 5354 2587 5409 videat
2608 5355 2836 5425 gloriam
2864 5356 3160 5410 Domini“.
3193 5375 3211 5406 ι
3243 5356 3477 5427 Sedjam

1890 5449 2058 5502 multa
2092 5447 2161 5501 de
2191 5449 2315 5509 hoc,
2343 5461 2512 5515 quare.
2536 5446 2602 5500 ad
2632 5445 2841 5514 reliqua
2875 5454 3245 5501 transeamus.
3286 5447 3477 5502 Ambi-

1889 5554 2014 5609 gere
2048 5537 2294 5608 proferto
2338 5540 2610 5612 quispiam
2646 5538 2868 5608 poterit,
2892 5537 3187 5606 'qnomodo
3236 5538 3472 5610 Moyses,

1893 5645 2054 5702 quem
2100 5642 2180 5686 tot
2216 5633 2494 5701 tantisque
2528 5630 2840 5687 visionibus
2879 5629 3046 5685 Deum
3088 5631 3295 5690 vidisse
3328 5632 3476 5689 Scri-

1966 5810 2007 5842 ⁶⁵⁷
2038 5806 2173 5864 Luc.
2206 5823 2258 5874 v,
2299 5807 2387 5862 55.
2469 5808 2513 5839 ⁸⁸
2555 5807 2835 5874 lsa.xxv1,
2876 5807 2960 5862 ιο.
