3888 6360
454 409 557 465 509

1682 399 1741 454 S.
1785 397 2112 457 GREGORII
2138 397 2427 454 NYSSENI

3609 390 3707 445 ιοο

454 528 614 590 ptura
650 523 905 582 testatur,
956 529 1194 585 quocum
1236 513 1383 569 Deus
1431 514 1502 568 ita
1544 514 1869 584 loquebatur
1900 525 1955 572 ut
1989 521 2033 573 si

2153 514 2254 586 πρὸς
2282 513 2376 583 τὴν
2407 510 2662 563 ὑπόνοιαν
2686 506 2783 577 τῆς
2807 521 2872 558 πε
2883 505 2934 576 9".
2958 503 3048 556 τὸν
3072 503 3233 555 τόπον
3257 499 3443 554 τοῦτον
3464 498 3694 570 θεωρίας

462 612 587 681 quis
613 611 846 664 amicum
889 623 1049 663 suum
1082 609 1473 677 alloqncretur.
1511 616 1635 660 orat
1680 625 1849 675 nunc,
1896 625 2036 681 quas

348 742 351 745 -
465 717 742 772 nunquam
792 700 1051 765 vidisset,
1110 707 1167 753 ιιι
1196 699 1373 753 videat
1404 700 1469 751 “9.
1529 698 1592 751 Et
1643 701 1917 770 quomodo
1962 702 2039 756 di-

462 793 587 846 vina
660 804 767 845 vos
836 787 1000 845 modo
1057 788 1252 843 annuit
1311 787 1492 841 oranti
1551 789 1697 857 quod
1752 791 1924 858 petit,
1986 801 2037 845 et

464 885 605 939 hanc
644 897 865 953 quoque
907 880 1139 951 gratiam
1173 880 1277 935 sibi
1316 879 1455 934 velle
1501 877 1756 934 conferre
1783 895 1894 934 non
1946 896 2042 934 ne-

463 984 554 1045 gvt
588 995 600 1030 :
648 975 812 1031 modo
860 974 918 1028 in
969 972 1410 1043 desperationem
1451 970 1636 1036 ducit,
1672 986 1794 1026 cum
1831 979 2042 1027 asserat

466 1084 574 1123 non
602 1082 725 1122 esse
759 1068 901 1121 hanc
940 1066 1105 1120 vitam
1137 1064 1419 1119 hominum
1455 1063 1576 1133 ejus
1616 1064 1718 1126 rei,
1754 1078 1919 1133 quam
1948 1078 2043 1132 po-

467 1163 738 1226 stulabat,
766 1175 1020 1230 capacem
1045 1199 1058 1221 ,
1087 1168 1142 1213 et
1188 1158 1252 1213 ad
1292 1158 1434 1223 haec,
1489 1171 1649 1226 quem
1704 1158 1882 1211 locum
1920 1170 2043 1210 esse

466 1252 607 1321 apud
641 1268 701 1306 se
750 1250 889 1305 Deus
920 1249 1082 1314 dicit,
1123 1257 1179 1303 et
1225 1262 1387 1318 quem
1421 1247 1475 1301 in
1526 1248 1646 1301 loco
1686 1247 1944 1316 lapidem,
1988 1256 2045 1300 et

464 1342 610 1411 quod
657 1342 710 1395 in
746 1340 928 1409 lapide
962 1338 1231 1401 foramen,
1276 1337 1330 1391 in
1371 1336 1516 1407 quod
1555 1337 1711 1405 jubet
1759 1336 2047 1405 pervenire

469 1435 715 1504 Moysen,
736 1432 932 1488 deinde
960 1432 1129 1485 Deum
1158 1445 1381 1485 manum
1405 1444 1561 1485 suam
1586 1428 1650 1484 ad
1676 1444 1738 1483 os
1762 1428 2045 1485 foraminis

466 1525 616 1580 illius
652 1523 959 1595 positurum
981 1562 996 1585 ,
1031 1529 1084 1576 et
1121 1536 1245 1575 cum
1283 1520 1561 1574 transierit
1587 1560 1601 1582 ,
1637 1518 1857 1590 Moysen
1888 1519 2046 1573 invo-

467 1626 654 1671 catum
714 1630 745 1669 a
798 1613 1102 1679 foramine,
1139 1613 1446 1684 posteriora
1491 1610 1611 1681 ejus
1667 1612 1760 1681 qui
1792 1610 2043 1675 vocavit,

468 1708 846 1776 inspecturum
896 1723 909 1758 :
961 1705 1078 1760 haec
1122 1705 1266 1760 enim
1302 1702 1589 1773 Scriptura
1638 1711 1846 1768 narrat,
1880 1710 1936 1759 et
1968 1703 2049 1759 sic

471 1797 667 1852 asserit
688 1797 855 1851 Deum
882 1810 910 1849 a
940 1794 1122 1866 Moyse
1143 1804 1513 1867 perspectum,
1541 1794 1682 1851 sicut
1702 1794 1884 1849 divina
1917 1808 2049 1848 voce

465 1887 571 1940 sibi
604 1885 785 1940 fuerat
813 1885 1174 1956 promissum.

2120 604 2446 675 ήνέχθημεν.
2490 601 2612 654 ’Ercl.
2658 598 2716 651 δὲ
2783 597 2843 649 τὸ
2899 595 3254 664 προκείμενον
3295 590 3695 661 ἐπανέλθωμεν.

2122 698 2249 762 Πῶς
2278 699 2307 750 ό
2332 694 2622 754 τοσαύταις
2659 688 2998 759 θεοφανείαις
3033 684 3279 757 ἐναργῶς
3303 686 3435 756 όρᾷν
3458 683 3551 736 τὸν
3573 681 3699 735 Θεὸν

2128 788 2277 858 παρᾶ
2309 787 2406 856 τῆς
2435 784 2585 846 θείας
2617 780 2801 851 φωνῆς
2829 776 3271 850 μαρτυρούμενος
3294 776 3372 847 (ἐν
3401 770 3485 837 οἷς
3517 789 3696 843 φησιν,

2125 882 2206 933 ὅτι
2235 877 2464 939 ἐνώπιος
2493 873 2730 943 ἐνωπίῳ,
2762 873 2838 935 ὡς
2857 872 2922 926 ἄν
2946 887 3030 932 τις
3054 869 3259 940 λαλήσῃ
3286 866 3427 937 πρὸς
3462 866 3555 918 τὸν
3583 866 3703 918 ἐαυ-

2124 970 2221 1025 τοῦ
2249 969 2445 1039 φίλον),
2473 970 2530 1020 ἑν
2562 965 2772 1027 τούτοις
2798 962 3110 1031 γενόμενος,
3136 960 3211 1023 ὼς
3243 959 3408 1029 μήπω
3431 954 3611 1025 τυχὼν
3633 946 3704 1007 ὧν

2127 1059 2483 1129 τετυχηκέναι
2511 1055 2598 1109 διὰ
2616 1057 2715 1125 τῆς
2741 1053 3023 1124 Γραφικῆς
3049 1049 3352 1122 μαρτυρίας
3373 1045 3702 1110 πιστεύεται,

2129 1152 2299 1204 δεῖται
2338 1148 2431 1203 τοῦ
2477 1146 2612 1200 Θεοῦ
2649 1144 2885 1214 φανῆναι
2931 1142 3111 1213 αὐτῷ,
3154 1142 3230 1205 ὡς
3266 1140 3360 1195 τοῦ
3400 1140 3488 1193 ἀεὶ
3524 1154 3707 1207 φαινο-

2135 1243 2295 1314 μένου
2323 1238 2544 1311 μηδέπω
2567 1239 2854 1307 όφθέντος;
2878 1236 2987 1290 Καὶ
3011 1238 3044 1306 ὴ
3072 1233 3277 1289 ἄνωθεν
3303 1231 3473 1301 φωνὴ,
3497 1230 3594 1284 νῦν
3616 1229 3709 1300 μὲν

2134 1335 2200 1405 τῇ
2231 1331 2492 1401 ἐπιθυμίᾳ
2522 1329 2615 1383 τοῦ
2646 1329 2921 1390 αἰτοῦντος
2950 1325 3275 1384 συντίθεται.
3295 1323 3389 1377 καὶ
3419 1323 3517 1392 τὴν
3545 1337 3711 1392 προσ-

2134 1425 2311 1496 θήκην
2350 1422 2497 1493 αὕτῷ
2543 1425 2643 1492 τῆς
2690 1421 2908 1491 χάριτος
2960 1416 3164 1485 ταύτης
3201 1415 3299 1467 οὒκ
3338 1411 3709 1467 ἀπαναίνεται.

2136 1516 2307 1571 Πάλιν
2333 1516 2389 1569 δὲ
2440 1518 2517 1578 εἰς
2561 1511 2905 1581 άπελπισμὸν
2930 1510 3074 1576 ἄγει,
3118 1506 3185 1560 δι’
3223 1498 3298 1559 ὧν
3336 1503 3713 1574 ἀποφαίνεται,

2137 1608 2419 1680 άχώρητον
2441 1603 2579 1659 εἶναι
2607 1608 2673 1674 τῇ
2694 1604 2800 1656 τῶν
2822 1603 2917 1657 ἀνθ
2926 1600 3121 1672 ρώπων
3145 1601 3255 1670 ζωῇ
3276 1601 3337 1652 τὸ
3358 1598 3484 1666 παρ’
3514 1596 3715 1649 ἐκείνω

2139 1699 2487 1771 ζητούμενον.
2525 1697 2685 1752 Ἀλλά
2709 1714 2828 1749 τινα
2853 1695 3015 1748 τόπον
3034 1690 3178 1746 εἶναι
3205 1691 3333 1761 παρ’
3360 1688 3537 1759 ἑαυτῷ
3560 1705 3722 1759 φησιν

2138 1790 2167 1842 ὁ
2199 1789 2351 1853 Θεὸς,
2391 1788 2485 1842 καὶ
2515 1788 2572 1840 ἐν
2600 1784 2677 1857 τῷ
2704 1785 2853 1854 τόπῳ
2876 1782 3102 1852 πέτραν,
3147 1779 3240 1833 καὶ
3273 1779 3412 1850 ὀπὴν
3441 1780 3497 1831 ἐν
3527 1780 3591 1847 τῇ
3621 1778 3722 1829 πέ-

2068 1849 2108 1902 B
2138 1894 2265 1950 τρᾳ,
2451 1849 2660 1931 κελεύει
2685 1849 2929 1945 γίνεσθαι
2954 1849 3046 1926 τὸν
3086 1870 3340 1925 Μωῦσέα.
3374 1865 3505 1922 Εἶτα
3536 1866 3727 1921 mea,

459 1981 572 2031 λεῖν
603 1980 693 2031 τὸν
741 1978 873 2030 Θεὸν
921 1977 1016 2044 τὴν
1050 1979 1207 2045 χεῖρα
1248 1973 1327 2044 τῷ
1361 1972 1565 2043 στομίῳ
1612 1971 1710 2040 τῆς
1752 1971 1888 2041 όπῆς
1938 1967 2045 2034 ἔξω
2092 1970 2401 2040 γενόμενον,
2436 1966 2506 2019 τὰ
2549 1966 2772 2017 ὄπισθεν
2804 1962 2933 2015 ίδείν
2960 1959 3056 2013 τοῦ
3104 1960 3453 2023 καλέσαντος,
3490 1960 3582 2012 καὶ
3628 1958 3722 2012 οῦ-

459 2088 567 2134 τως
594 2072 797 2123 ἐκεῖνον
818 2068 910 2121 τὸν
944 2068 1273 2140 ζητούμενον
1311 2066 1436 2118 ίδεῖν
1470 2064 1639 2130 δόξαι,
1669 2063 1766 2132 τῆς
1796 2079 1857 2116 τε
1891 2057 2040 2123 θείας
2075 2060 2258 2131 φωνῆς
2285 2057 2492 2126 ἀψευδῆ
2520 2056 2619 2125 τὴν
2649 2052 2980 2122 ἐπαγγελίαν
3011 2052 3287 2123 γενέσθαι.

529 2176 656 2232 Haec
706 2173 888 2229 omnia
949 2170 996 2226 si
1056 2166 1182 2237 quis
1230 2161 1532 2219 secundum
1584 2158 1823 2211 litteram
1866 2152 2043 2208 solum

400 2249 405 2252 O
462 2268 808 2329 consideret,
864 2278 974 2316 non
1022 2261 1293 2316 obscurus
1344 2255 1613 2309 duntaxat
1678 2242 2047 2316 quaerentibus

464 2376 661 2416 Sensus
688 2358 799 2417 fiet.
830 2368 1021 2409 verum
1059 2351 1224 2407 etiam
1253 2361 1360 2401 non
1390 2349 1569 2398 rectas
1596 2338 1663 2392 de
1694 2336 1806 2391 Deo
1827 2345 2049 2406 genera-

465 2454 543 2507 bit
584 2450 914 2520 opiniones;
966 2443 1083 2499 sola
1114 2440 1259 2495 enim
1311 2435 1543 2505 ﬁgurata
1593 2426 1838 2483 anterius
1888 2434 2049 2492 atque

465 2518 742 2614 posterius
775 2537 998 2597 habent,
1028 2532 1208 2588 omnis
1241 2543 1375 2586 vero
1403 2526 1601 2595 figura,
1646 2518 1897 2591 corporis
1938 2524 2062 2606 ter:

467 2612 779 2689 minusest.
811 2629 993 2695 Quare
1035 2624 1128 2695 qui
1170 2621 1398 2692 ﬁguram
1441 2616 1554 2671 Deo
1592 2612 1807 2671 tribuit,
1849 2622 2052 2677 corpus

468 2725 647 2794 ipsum
701 2723 1105 2787 consequenter
1144 2710 1358 2783 putabit
1395 2727 1407 2763 :
1438 2718 1640 2775 corpus
1671 2708 1852 2773 autegn
1894 2711 2055 2753 omne

470 2815 839 2886 compositum
872 2819 956 2865 est
985 2828 998 2864 :
1030 2805 1395 2876 compositum
1420 2815 1585 2872 porro
1610 2798 1952 2853 diversorum
1992 2805 2057 2847 ac

469 2905 840 2963 differentium
873 2916 1149 2958 concursu
1196 2895 1574 2953 constituitur.
1608 2889 1883 2960 Quidquid
1926 2901 2059 2941 vero
2094 2958 2099 2963 ι

472 3001 553 3055 sic
594 2992 955 3053 constitutu‘m
987 2999 1094 3048 est.
1135 2985 1520 3045 indissolubile
1569 2997 1681 3038 non
1720 2989 1806 3037 est
1835 2998 1849 3035 :
1883 2978 2060 3050 quod-

472 3102 581 3158 que
627 3084 974 3144 dissolvitur,
1021 3080 1075 3135 id
1116 3076 1492 3146 corrumpitur
1522 3091 1537 3127 :
1566 3070 1861 3127 dissolutio
1913 3067 2057 3122 enim

446 3173 764 3244 ‘corruptio
790 3170 1081 3240 compositi
1116 3175 1220 3223 est.
1254 3166 1404 3233 Quas
1432 3164 1503 3218 ob
1531 3178 1622 3217 res
1650 3163 1694 3217 si
1726 3161 1851 3230 quis
1877 3167 2063 3229 poste-

476 3272 595 3325 rius
629 3266 725 3322 Dei
755 3264 1057 3321 secundum
1090 3262 1328 3316 litteram
1370 3258 1571 3328 capiet,
1613 3258 1668 3309 in
1721 3254 1826 3308 hoc
1870 3252 2066 3307 incon-

477 3364 709 3420 veniens
739 3361 1141 3427 consequenter
1161 3351 1482 3407 deducetur.
1513 3345 1650 3401 Nam
1679 3352 1803 3399 ante
1834 3358 1897 3398 ac
1921 3353 2066 3397 retro

2211 2149 2397 2203 Ταῦτα
2424 2149 2531 2219 γάρ
2564 2149 2617 2199 εἴ
2648 2164 2732 2210 τις
2762 2146 2904 2199 κατὰ
2929 2146 2991 2199 τὸ
3021 2144 3258 2217 γράμμα
3289 2141 3496 2213 βλέποι,
3528 2142 3590 2194 ού
3629 2141 3723 2210 μόο

2142 2259 2230 2295 νον
2253 2239 2466 2309 ἀσαφὴς
2509 2240 2621 2301 τοῖς
2650 2236 2902 2308 ζητοῦσίν
2937 2239 3082 2290 ἐστιν
3119 2237 3152 2306 ἠ
3182 2235 3406 2300 διάνοια,
3452 2234 3566 2287 ἀλλ’
3606 2231 3724 2286 οὐδὲ

2145 2330 2471 2399 καθαρεύσει
2522 2329 2619 2399 τῆς
2664 2325 3114 2396 άπεμφαινούσης
3164 2323 3292 2394 περὶ
3341 2322 3475 2375 Θεοῦ
3523 2319 3724 2389 ὑπολή-

2143 2421 2307 2488 ψεως.
2356 2418 2548 2472 Μόνων
2578 2416 2688 2488 γὰρ
2718 2415 2825 2469 τῶν
2873 2416 2930 2467 ἐν
2958 2414 3199 2483 σχήματι
3227 2411 3638 2481 θεωρουμένων,
3665 2406 3726 2461 τὸ

2149 2510 2246 2580 μὲν
2274 2507 2625 2579 ἐμπρόσθιον,
2655 2506 2717 2560 τὸ
2745 2507 2823 2563 δὲ.
2859 2504 3130 2558 όπίσθιον·
3162 2503 3270 2556 πᾶν
3297 2502 3355 2555 δὲ
3384 2504 3589 2571 σχῆμα.
3625 2498 3728 2554 σώ-

2150 2617 2319 2670 ματος
2363 2599 2538 2670 πέρας
2581 2597 2747 2651 ἐστίν.
2784 2598 2946 2649 Ὥστε
2983 2597 3013 2650 ό
3060 2594 3249 2665 σχῆμα
3296 2594 3426 2663 περὶ
3471 2592 3563 2646 τὸν
3599 2590 3727 2645 Θεὸν

2146 2690 2363 2755 ἐννοῶν,
2397 2689 2519 2743 οὐδὲ
2547 2688 2648 2757 τῆς
2687 2686 3004 2758 σωματικῆς
3042 2684 3256 2754 φύσεως
3285 2681 3611 2757 καθαρεύειν
3636 2681 3727 2734 αύ-

2147 2784 2236 2836 τὸν
2265 2781 2598 2852 οίηθήσεται.
2632 2781 2747 2834 Πᾶν
2771 2779 2828 2833 δὲ
2856 2779 3016 2847 σῶμα
3065 2775 3318 2830 σύνθετόν
3351 2777 3467 2827 ἐστι
3492 2773 3729 2836 πάντωςυ

2147 2873 2280 2927 τὸδὲ
2312 2872 2564 2926 σύνθετον
2591 2873 2655 2924 ἐκ
2671 2871 2772 2940 τῆς
2795 2870 2905 2923 τῶν
2935 2868 3263 2940 ἑτερογενῶν
3290 2865 3596 2936 συνδρομῆς
3623 2865 3729 2933 ἔχει

2151 2965 2247 3036 τὴν
2285 2965 2565 3018 σύστασιν.
2599 2964 2673 3017 Τὸ
2700 2964 2758 3017 δέ
2804 2961 3203 3032 συντιθέμενον,
3230 2961 3330 3012 οὐκ
3362 2959 3427 3012 ἄν
3454 2976 3539 3020 τις
3580 2958 3730 3011 άδιά-

2150 3058 2308 3110 λυτον
2341 3053 2480 3110 εἶναι
2514 3055 2677 3109 εἴποι.
2707 3055 2781 3108 Τὸ
2807 3054 2864 3108 δέ
2896 3053 3266 3122 διαλυόμενον,
3299 3051 3572 3121 ἄφθαρτον
3597 3045 3732 3102 εἶναι

2150 3149 2209 3202 ού
2251 3141 2495 3202 δύναται.
2543 3146 2723 3219 Φθορά
2762 3146 2871 3215 γάρ
2915 3148 2948 3216 ή
2985 3144 3229 3207 διάλυσις
3270 3143 3362 3198 τοῦ
3405 3141 3734 3203 συνεστῶτός

2154 3239 2321 3293 ἐστιν.
2344 3237 2405 3291 Εἰ
2427 3234 2518 3290 οὖν
2542 3254 2627 3301 τις
2645 3237 2704 3290 τὸ
2720 3236 2967 3290 όπίσθιον
2983 3234 3075 3289 τοῦ
3099 3234 3234 3287 Θεοῦ
3262 3234 3402 3287 κατὰ
3424 3233 3484 3286 τὸ
3503 3233 3735 3303 γράμμα

2154 3329 2424 3399 νοήσειεν,
2456 3328 2537 3390 εἰς
2565 3326 2771 3393 ταύτην
2800 3326 2899 3397 τήν
2935 3325 3166 3379 ἀτοπίαν
3204 3327 3267 3377 ἐκ
3295 3324 3395 3391 τῆς
3420 3323 3736 3386 ἀκολουθίας

480 3459 536 3510 in
590 3454 783 3524 figura,
824 3450 994 3522 figura
1040 3460 1172 3501 vero
1218 3444 1273 3498 in
1326 3454 1579 3511 corpore,
1619 3451 1822 3507 corpus
1870 3442 2062 3490 natura

2156 3421 2272 3474 κατ’
2317 3419 2564 3490 ἀνάγκην
2600 3418 2999 3488 άπαχθήσεται.
3036 3416 3110 3468 Τὸ
3152 3415 3261 3485 γὰρ
3301 3413 3632 3485 ἐμπρόσθιόν
3678 3430 3735 3467 τε

481 3546 830 3609 dissolubile,
880 3538 1205 3596 dissolubile
1255 3544 1440 3590 autem
1486 3529 1904 3601 incorruptibile
1945 3543 2066 3585 esse

482 3655 591 3695 non
633 3644 835 3709 potest.
868 3633 961 3689 Sic
1005 3632 1097 3702 qui
1140 3630 1368 3685 omnino
1398 3627 1592 3680 litterae
1643 3624 1834 3688 servit,
1883 3635 2065 3676 rerum

484 3734 727 3802 ipsarum
781 3724 1176 3795 consequentia
1228 3716 1647 3789 corruptibilem
1708 3728 1831 3770 esse
1897 3711 2065 3765 Deum

448 3858 451 3869 ι
482 3801 697 3896 opinari
726 3820 1100 3891 compellitur.
1137 3814 1233 3870 Est
1277 3820 1462 3868 autem
1499 3808 1641 3864 Deus
1670 3801 2067 3874 incorruptibi-

481 3894 552 3973 lis
605 3915 832 3972 omnino
885 3919 1052 3981 atque
1098 3904 1451 3961 immortalis.
1506 3899 1614 3955 Sed
1675 3899 1798 3968 quis
1849 3894 2067 3950 tandem

488 4010 573 4062 his
606 4019 729 4076 quae
767 4003 971 4072 scripta
1003 4006 1135 4056 sunt
1159 3995 1362 4066 poterit
1403 3990 1651 4060 adaptari
1688 4002 1908 4052 sensus,
1940 3999 2073 4056 prte-

487 4108 572 4153 ter
607 4073 731 4151 eum
777 4093 868 4163 qui
913 4091 1092 4161 prima
1151 4086 1331 4141 fronte
1367 4083 1433 4136 ad
1490 4081 1726 4133 litteram
1777 4073 2069 4143 exponenti

488 4186 771 4241 occurrit?
827 4181 983 4250 Quod
1032 4181 1079 4237 si
1114 4179 1220 4234 hac
1264 4178 1320 4232 in
1367 4182 1523 4245 parte
1580 4171 1853 4237 altiorem,
1907 4181 2071 4239 quam

489 4280 668 4333 littera
727 4276 971 4349 patitur.
1026 4284 1251 4329 sensum
1311 4280 1557 4339 quaerere
1613 4263 1894 4333 cogimur,
1948 4258 2074 4328 quis

489 4369 727 4424 alienum
770 4382 894 4423 esse
935 4378 964 4419 a
999 4363 1286 4434 Scriptura
1332 4359 1500 4421 dicet;
1550 4356 1595 4411 si
1632 4354 1699 4409 ad
1733 4351 2073 4424 spiritualem

488 4474 713 4516 sensum
750 4465 919 4512 totam
970 4450 1326 4510 reducimus?
1371 4463 1497 4504 nam
1544 4462 1668 4502 cum
1727 4458 1952 4500 necesse
2003 4441 2077 4497 sit

490 4559 679 4621 partes
715 4550 930 4618 aliquas
961 4543 1328 4617 spiritualiter
1352 4540 1692 4611 lintelligere,
1725 4544 1902 4590 totum
1936 4547 2077 4607 quo-

491 4657 601 4713 que
641 4656 868 4697 necesse
913 4647 974 4693 ut
1011 4645 1065 4694 et
1118 4636 1295 4708 possit
1340 4642 1394 4689 et
1438 4633 1631 4687 debeat
1682 4628 1845 4685 sicuti
1895 4632 2076 4698 partes

498 4733 766 4803 intelligi:
804 4740 887 4788 est
913 4731 1059 4786 enim
1099 4737 1273 4784 totum
1319 4741 1387 4781 ex
1419 4723 1670 4794 partibus
1703 4740 1718 4777 :
1749 4735 1920 4791 quare
1956 4733 2079 4789 par-

495 4826 633 4879 tium
700 4830 953 4875 naturam
1008 4820 1187 4889 sapiat
1242 4829 1471 4872 necesse
1528 4820 1629 4868 est.
1688 4811 1867 4865 Locus
1912 4808 2080 4879 igitur

496 4912 641 4982 apud
668 4909 858 4973 Deum,
897 4918 947 4964 et
990 4907 1130 4977 lapis
1163 4907 1220 4962 in
1258 4906 1400 4967 loco,
1442 4903 1574 4959 etin
1611 4900 1792 4971 lapide
1829 4898 2076 4970 quaedam

497 5003 799 5075 capacitas,
836 5015 998 5070 quam
1038 4998 1284 5054 foramen
1319 4995 1652 5067 appellavit:
1687 4993 2081 5064 ingressusque

500 5094 674 5166 Moysi
703 5093 769 5148 ad
796 5091 955 5157 illud,
987 5091 1264 5161 impositio
1293 5104 1513 5160 quoque
1538 5101 1739 5141 manus
1777 5084 1867 5139 Dei
1896 5084 1951 5138 in
1986 5098 2081 5139 ore

502 5186 810 5250 foraminis,
856 5191 910 5240 et
942 5182 1315 5252 transgressio
1348 5181 1489 5251 ejus,
1524 5185 1580 5233 et
1606 5177 1843 5242 vocatio,
1884 5190 1949 5230 ac
1983 5174 2080 5229 de-

503 5277 670 5346 nique
698 5275 1064 5345 posteriorum
1116 5272 1347 5343 partium
1387 5267 1795 5340 aspectatio,ad
1823 5266 1990 5321 altius
2028 5271 2081 5319 et

501 5368 917 5423 convenientius
970 5378 1163 5420 norma
1215 5363 1511 5432 rcgulaque
1544 5358 1841 5430 anagogica
1892 5357 1974 5411 sic
2005 5372 2083 5410 re-

503 5459 755 5513 ducetur.
800 5453 1275 5523 Quemadmodum
1317 5453 1484 5522 igitur
1522 5450 1708 5521 gravia
1754 5456 1809 5504 et
1847 5445 2081 5503 rotunda

507 5561 762 5617 corpora,
791 5547 838 5603 si
874 5563 905 5602 e
935 5543 1323 5601 cacuminibus
1350 5541 1619 5597 montium
1643 5540 1797 5610 lapsa
1827 5538 2083 5594 deorsum

506 5636 745 5703 fuerint,
788 5638 892 5693 etsi
943 5637 1126 5693 nullus
1164 5642 1356 5707 postea
1399 5631 1679 5705 impellat,
1742 5630 1859 5701 ipsa
1900 5637 2082 5683 tamen

2158 3510 2252 3562 καὶ
2292 3508 2559 3569 όπίσθιον,
2601 3509 2659 3561 ἐν
2690 3509 2932 3577 σχήματι
2977 3507 3226 3568 πάντως·
3262 3504 3322 3557 τὸ
3351 3506 3407 3558 δὲ
3446 3505 3652 3574 σχῆμα,
3683 3506 3739 3558 ὲν

2160 3600 2392 3672 σώματι.
2438 3600 2608 3653 Τοῦτο
2630 3600 2687 3653 δὲ
2730 3600 2997 3661 διαλυθὲν,
3031 3598 3279 3651 διαλυτὸν
3306 3597 3447 3650 κατὰ
3482 3596 3582 3666 τὴν
3606 3595 3740 3649 ίδίαν

2161 3692 2322 3761 φύσιν
2348 3692 2482 3746 ἐστί.
2508 3692 2763 3746 Διαλυτὸν
2780 3692 2886 3761 γὰρ
2908 3691 3054 3745 ἅπαν
3076 3691 3135 3743 τὸ
3167 3688 3415 3742 σύνθετον
3435 3706 3446 3717 ·
3466 3687 3525 3742 τὸ
3547 3687 3605 3741 δέ
3628 3686 3740 3740 δια-

2161 3784 2444 3855 λυόμενον,
2497 3783 2772 3854 ἄφθαρτον
2825 3778 2965 3836 εἶναι
3016 3782 3078 3835 ού
3131 3781 3373 3834 δύναται.
3412 3781 3557 3850 Ἀρα
3602 3780 3631 3832 δ
3668 3777 3742 3848 τῷ

2163 3870 2460 3949 γράμματι
2481 3876 2768 3938 δουλεύων,
2803 3874 3010 3945 φθορὰν
3036 3873 3123 3927 διὰ
3153 3873 3254 3943 τῆς
3291 3871 3616 3935 ἀκολουθίας
3637 3871 3742 3923 τῶν

2171 3970 2447 4038 νοημάτων
2462 3968 2613 4040 παρὰ
2634 3967 2724 4020 τὸν
2744 3966 2876 4020 Θεὸν
2897 3966 3219 4032 ἐννοήσειεν.
3240 3963 3396 4016 Ἀλλὰ
3417 3962 3521 4032 μὴν
3537 3961 3745 4032 ἄφθαρ-

2163 4077 2253 4124 τος
2274 4061 2303 4113 δ
2330 4058 2461 4123 Θεὸς
2485 4060 2580 4112 καὶ
2600 4057 2912 4130 ἀσώματος.
2948 4055 3110 4109 ’Δλλὰ
3130 4055 3213 4119 τίς
3238 4051 3348 4126 ἄρα
3368 4057 3481 4117 τοῖς
3506 4071 3745 4125 γεγραμ-

2170 4152 2350 4221 μένοις
2402 4152 2703 4222 ἐφαρμόσει
2757 4151 2965 4207 διάνοια
3018 4147 3173 4220 παρὰ
3225 4148 3286 4201 τὸ
3341 4148 3406 4201 ἐκ
3455 4147 3743 4218 προχείρου

2165 4242 2487 4314 νοούμενον;
2523 4245 2572 4296 εἰ
2604 4243 2660 4296 δὲ
2693 4242 2850 4296 τοῦτο
2873 4243 2935 4296 τὸ
2971 4241 3134 4312 μέρος
3161 4239 3269 4293 τῶν
3302 4240 3361 4292 ἐν
3389 4241 3454 4309 τῇ
3504 4237 3746 4309 συμφρά-

2167 4351 2249 4387 σει
2285 4334 2378 4387 τοῦ
2409 4334 2571 4403 λόγου
2614 4334 3040 4404 γεγραμμένων,
3073 4332 3268 4403 ἑτέραν
3317 4332 3464 4402 ἡμᾶς
3507 4329 3747 4402 ἐξευρεῖν

2166 4426 2465 4492 ἀναγκάζει
2507 4424 2774 4478 διάνοιανο
2812 4425 3081 4496 προσήκει
3119 4423 3336 4485 πάντως
3371 4420 3624 4493 καὶπερὶ
3655 4418 3746 4473 τοῦ

2166 4513 2286 4565 ὅλου
2317 4512 2378 4565 τὸ
2408 4510 2522 4566 ἴσον
2561 4512 2905 4567 διανοεῖσθαι.
2937 4509 3062 4565 Οἷον
3098 4509 3213 4582 γάρ
3240 4511 3298 4562 ἐν
3325 4510 3402 4580 τῷ
3440 4510 3594 4580 μέρει
3624 4510 3748 4578 νοή-

2169 4618 2356 4674 σομεν,
2408 4604 2650 4657 τοιοῦτον
2697 4604 2909 4674 ἀνάγκῃ
2966 4601 3061 4656 καὶ
3105 4602 3167 4654 τὸ
3215 4602 3334 4655 ὅλον
3377 4601 3746 4672 λαμϐάνομεν.

2170 4694 2376 4747 Οὐκοῦν
2406 4694 2498 4749 καὶ
2522 4698 2550 4749 ό
2567 4697 2731 4760 τόπος
2752 4698 2780 4749 ό
2808 4695 2955 4764 παρᾶ
2977 4694 3056 4764 τῷ
3084 4692 3223 4763 Θεῷ,
3249 4693 3342 4746 καὶ
3362 4695 3394 4763 ἡ
3418 4695 3475 4744 ὲν
3497 4692 3578 4761 τῷ
3603 4693 3749 4760 τόπῳ

2106 4784 2145 4838 D
2170 4784 2366 4857 πέτρα,
2402 4786 2497 4839 καὶ
2531 4785 2593 4839 τὸ
2625 4788 2682 4840 ἐν
2723 4784 2897 4858 ταύτῃ
2935 4784 3190 4856 χώρήμα,
3226 4783 3365 4853 ὅπερ
3406 4784 3513 4855 ὀπὴ
3555 4785 3749 4853 ὀνομά-

2171 4876 2342 4940 ζεται,
2375 4877 2470 4930 καὶ
2519 4879 2553 4948 ἡ
2590 4878 2706 4931 ἐκεῖ
2732 4876 2826 4930 τοῦ
2874 4875 3149 4941 Μωῦσέως
3200 4875 3425 4938 εἴσοδος,
3468 4875 3561 4927 καὶ
3601 4874 3751 4944 ήτῆε

2172 4968 2318 5031 θείας
2348 4967 2530 5040 χειρὸς
2553 4968 2776 5040 ἐπιϐολὴ
2803 4967 2896 5022 τοῦ
2923 4967 3165 5039 στομίου.
3196 4968 3290 5021 καὶ
3321 4970 3355 5037 ή
3386 4967 3639 5037 πάροδος,
3669 4966 3758 5018 καὶ

2172 5060 2206 5130 ἡ
2243 5059 2454 5128 κλῆσις,
2490 5060 2582 5113 καὶ
2601 5057 2920 5130 μετὰταῦτα
2935 5060 2970 5131 ή
2989 5054 3369 5113 τῶνόπισθίων
3383 5054 3588 5128 θεωρία
3611 5055 3761 5108 εὐλο-

2174 5149 2414 5221 γὼτερον
2447 5149 2525 5221 τῷ
2568 5149 2670 5220 τῆς
2714 5150 3008 5219 ἀναγωγῆς
3045 5150 3197 5220 νόμῳ
3233 5148 3664 5221 θεωρηθήσεται.
3697 5149 3760 5201 Τί

2173 5235 2267 5293 οὖν
2299 5241 2414 5293 ἐστι
2443 5240 2503 5294 τὸ
2544 5239 2930 5310 εικαζόμενονς
2958 5240 3040 5293 ὅτι
3074 5239 3325 5310 καθάπερ
3356 5237 3427 5291 τὰ
3463 5239 3759 5310 κατωφερῆ

2172 5332 2280 5386 τῶν
2310 5332 2599 5401 σωμάτων,
2634 5331 2690 5385 el’
2727 5349 2849 5385 τινα
2879 5330 3022 5386 κατὰ
3049 5331 3141 5386 τοῦ
3188 5330 3429 5403 πρανοῦς
3460 5330 3638 5402 ὁρμὴν
3665 5332 3761 5385 λά-

2174 5421 2279 5485 ϐοι,
2329 5420 2432 5475 κᾶν
2465 5421 2656 5493 μηδεὶς
2702 5420 2930 5475 ἑπωθῶν
2966 5421 3104 5492 μετὰ
3136 5420 3236 5491 τὴν
3282 5420 3505 5491 πρώτην
3545 5421 3761 5490 κίνησιν

2174 5509 2334 5584 τύχῃ,
2363 5511 2500 5565 αὐτὰ
2542 5511 2611 5567 δι’
2654 5510 2862 5565 ἑαυτῶν
2899 5511 2994 5564 ἐπὶ
3016 5511 3075 5565 τὸ
3131 5511 3393 5575 κάταντες
3439 5513 3498 5565 ἐν
3538 5511 3764 5581 σφοδρο·

2173 5601 2310 5675 τέρᾳ
2339 5605 2406 5674 τῇ
2432 5604 2573 5674 φορᾷ
2601 5602 3005 5669 συνελαύνεται,
3042 5603 3146 5669 ἕως
3178 5603 3244 5660 ἂν
3268 5605 3545 5669 ἐπικλινὲς
3575 5599 3632 5679 ᾖ,
3670 5604 3762 5658 καὶ

2266 5781 2311 5814 δ’
2350 5781 2523 5836 Exod.
2562 5798 2754 5848 xum,
2796 5781 2868 5837 20
2910 5798 3034 5852 εαίιο
