3888 6396
88 550 89 555 η
116 546 152 561 τι

114 564 150 621 ,ξ

112 642 123 657 τ
143 629 152 656 ί.

102 661 156 694 ,υἷε

135 695 142 702 .

100 707 146 736 .13.

88 756 89 765 η
113 733 147 768 ,ιι-ςῖ

90 837 154 874 ῖς..-

80 902 98 913 xl
111 875 152 914 £1

128 350 161 387 εει

138 382 143 397 i‘

190 429 284 484 tot

191 1263 545 1338 ϐλεπόντων),
586 1271 672 1324 ἀεὶ
710 1271 930 1334 πάντως
973 1269 1279 1342 ὑψηλοτέρα
1321 1273 1518 1343 ἑαυτῆς
1544 1273 1774 1342 γίνεται,

189 1363 258 1431 τῇ
299 1361 407 1414 τῶν
455 1362 725 1434 οὐρανίων
771 1362 1036 1433 ἐπιθυμίᾳ
1095 1364 1617 1434 συνεπεκτεινομένη
1665 1368 1779 1430 τοῖς

191 1451 522 1523 ἔμπροσθεν,
560 1452 742 1517 καθώς
771 1471 936 1525 φησιν
979 1457 1007 1508 ὁ
1043 1454 1386 1520 Ἀπόστολος,
1423 1442 1527 1509 καῖ
1547 1456 1778 1511 πάντοτε

31 1529 117 1644 ᾗ
192 1543 328 1613 πρὸς
357 1543 415 1595 τὸ
453 1543 783 1615 ὑψηλότερον
820 1544 920 1615 τὴν
947 1545 1146 1615 πτῆσιν
1191 1545 1497 1616 ποιήσεται.
1531 1546 1779 1600 Ποθοῦσα

191 1634 302 1705 γὰρ
329 1634 418 1687 διὰ
445 1634 555 1687 τῶν
585 1636 686 1706 ἤδη
740 1635 1194 1707 κατειλημμένων
1227 1636 1304 1707 μὴ
1349 1638 1672 1691 καταλιπεῖν
1716 1638 1779 1691 τὸ

29 1715 97 1808 ᾗ
191 1723 326 1793 ὕψος
354 1725 413 1777 τὸ
446 1725 860 1796 ὑπερκείμενον,
887 1728 1170 1781 ἄπαυστον
1200 1728 1435 1780 ποιεῖται
1464 1728 1563 1799 τὴν
1588 1729 1680 1782 ἐπὶ
1709 1727 1778 1781 τὰ

68 4688 79 4701 ο

68 4712 75 4721 ι.

28 4914 59 4935 ﬁ:-

30 4940 57 4949 :-

31 5193 68 5222 [Ἦ

87 917 93 927 ι
107 919 112 924 ”
121 925 124 928 .
133 921 148 928 ι’.

103 931 146 954 ,τηε

88 982 93 991 .
105 947 148 992 ντί

76 1008 95 1015 ⁸·
107 1005 142 1022 'e.‘

82 1020 128 1050 ’.ιίέ

73 1064 77 1075 ι
97 1055 109 1084 “.
117 1059 140 1076 .l'

68 1084 128 1110 511,1.

54 1152 57 1153 ν
74 1134 85 1153 ε]
95 1135 108 1154 .'

80 1178 108 1198 ,ἲ
125 1179 128 1200 ζ

60 1204 71 1213 ι
93 1205 108 1220 ρ,
121 1205 127 1212 ρ

58 1218 69 1235 ‘r

60 1268 65 1275 ι
93 1251 104 1270 ³·
119 1251 126 1272 ἰ

28 1328 39 1337 H
65 1329 68 1332 '
77 1325 95 1340 ιί

48 1343 108 1367 ,ψ
125 1337 128 1364 ἶ

28 1380 31 1383 ν
46 1378 53 1389 1
63 1375 90 1398 1.

28 1406 31 1433 ς
44 1399 106 1430 ‘f_!-'

28 1450 35 1465 ι
48 1430 88 1470 ,ιέ

28 1471 68 1508 ν⁴
79 1477 88 1496 ’Δ

28 1505 80 1586 η

93 1592 108 1610 Ἰ

35 1621 64 1658 εκ

29 1659 67 1682 με

35 1681 54 1706 Il:
63 1687 66 1692 .

29 1715 62 1736 ,ιι

39 1741 46 1748 .

29 1757 47 1768 Η

29 1769 46 1790 I‘i
85 1783 88 1786 .

33 1789 48 1808 ῐι

31 1813 48 1826 f.
77 1821 80 1824 .

28 1827 47 1851 ,ι

35 1853 44 1874 ‘5

33 1877 47 1888 δ’.

33 1905 38 1916 .'

189 1813 303 1867 ἄνω
333 1813 527 1884 φορὰν,
559 1814 645 1867 ἀεὶ
669 1814 757 1868 διὰ
784 1814 894 1869 τῶν
933 1814 1362 1886 προηνυσμένων
1395 1816 1487 1869 τὸν
1513 1816 1650 1886 πρὸς
1677 1815 1777 1887 τὴν

192 1903 389 1972 πτῆσιν
414 1904 564 1957 τόνον
603 1904 998 1970 ἀνανεάζουσα.
1027 1906 1182 1977 Μόνη
1216 1905 1326 1978 γὰρ
1367 1907 1544 1977 ήκατ⁹
1578 1907 1778 1980 ἀρετὴν
1812 1886 1854 1940 Β

191 1995 442 2064 ἐνέργεια
475 1996 706 2067 καμάτῳ
732 1985 921 2068 τ’ρέφει
950 1997 1049 2068 τὴν
1092 1996 1340 2067 δύναμιν,
1368 1999 1468 2051 οὑκ
1501 1999 1779 2055 ἐνδιδοῦσα

189 2084 279 2138 διὰ
306 2085 401 2138 τοῦ
448 2085 609 2157 ἔργου
645 2087 735 2141 τὸν
779 2087 953 2152 τόνον,
987 2089 1104 2141 ἁλλ’
1145 2086 1476 2154 ἐπαύξουσα.
1576 2132 1583 2139 κ

262 2178 361 2229 Διὰ
380 2177 538 2231 τοῦτό
558 2195 759 2249 φαμεν,
776 2179 977 2233 καὶτὸν
1005 2179 1179 2251 μέγαν
1200 2178 1443 2232 Μωῦσέα
1462 2180 1549 2232 citet
1568 2181 1782 2252 γινόμε-

191 2285 302 2333 νον,
335 2270 586 2340 μηδαμοῦ
628 2271 879 2324 ἵστασθαι
924 2271 1024 2342 τῆς
1067 2270 1277 2337 ἀνόδου,
1327 2270 1461 2342 μηδέ
1498 2290 1619 2327 τινα
1657 2274 1781 2343 ὅρον

192 2361 372 2431 ἐαυτῷ
422 2361 687 2416 ποιεῖσθαι
713 2366 813 2434 τῆς
845 2363 937 2417 ἐπὶ
983 2363 1044 2416 τὸ
1088 2361 1201 2417 ἄνω
1233 2364 1405 2435 φορᾶς
1430 2381 1443 2394 ι
1495 2363 1609 2417 ἀλλ’
1636 2364 1783 2432 ἅπαξ

192 2451 457 2505 ἐπιϐάντα
487 2453 584 2523 τῆς
617 2453 900 2523 κλίμακος,
988 2454 1351 2525 ἐπεστήρικτο
1370 2456 1397 2507 ὁ
1418 2453 1570 2519 Θεὸς,
1603 2453 1785 2519 καθώς

194 2559 359 2612 φησιν
394 2543 608 2608 Ἰακὼϐ,
628 2546 798 2597 εἰσαεὶ
819 2544 915 2615 τῆς
945 2544 1347 2614 ὑπερκειμένης
1369 2544 1627 2616 βαθμίδος
1659 2547 1781 2599 ἐπι-

1547 432 1634 485 DE
1679 432 1830 487 VITA
1874 434 2149 491 MOYSIS.

88 550 89 555 ‘
192 544 459 614 ύποκατίῃ
484 542 563 617 τῷ
592 545 850 614 σχήματι,
882 544 942 598 τὸ
973 547 1040 616 τῇ
1084 545 1227 616 φορᾷ
1255 544 1635 616 ὑποκείμενον,
1668 565 1774 617 μιν

1892 563 1976 615 per
2004 565 2065 604 se
2096 550 2504 604 vehementiore
2537 549 2765 618 impetu,
2816 547 2861 602 si
2895 547 3031 601 nihil
3080 546 3468 617 impedimento

188 630 336 694 δενὸς
356 633 750 703 εὑρισκομένου
772 634 866 686 τοῦ
888 634 947 700 ἐξ
971 633 1303 696 ἀντιϐάσεως
1329 633 1427 704 τὴν
1459 632 1633 705 ὁρμὴν
1658 636 1781 687 ἀνα-

192 725 483 792 κόπτοντος
503 741 517 755 ⁸
550 724 692 779 οὕτω
722 727 865 779 κατὰ
892 727 952 779 τὸ
975 726 1210 797 ἔμπαλιν
1237 728 1271 796 ἡ
1290 726 1437 796 ψυχὴ
1464 727 1560 794 τῆς
1587 726 1781 797 γηΐνης

193 816 564 884 προσπαθείας
605 817 956 881 ἀπολυθεῖσα,
987 818 1273 888 ἀνωφερὴς
1299 834 1360 870 τε
1404 817 1497 870 καὶ
1524 817 1671 883 ὀξεῖα
1702 817 1781 885 γίι

192 923 339 960 νεται
370 907 508 977 πρὸς
555 908 654 978 τὴν
687 908 779 962 ἐπὶ
816 908 884 961 τά
932 909 1044 962 ἄνω
1072 908 1308 978 κίνησιν,
1345 908 1453 961 ἀπὸ
1486 909 1594 962 τῶν
1628 909 1781 964 κάτω

194 997 330 1067 πρδς
356 997 415 1049 τὸ
449 996 584 1066 ὕψος
614 998 977 1069 ἁνιπταμένη,
1021 998 1263 1068 Μηδενὸς
1292 999 1347 1052 δὲ
1390 999 1542 1062 ὄντος
1576 998 1779 1054 ἄνωθεν

191 1086 285 1140 τοῦ
316 1088 415 1158 τὴν
444 1087 617 1159 ὁρμὴν
647 1088 1036 1164 ἐπικόπτοντος
1069 1090 1315 1160 (ἑλκτικὴ
1344 1089 1452 1159 γάρ
1483 1088 1617 1161 πρὸς
1653 1092 1780 1145 ἐαυ-

191 1179 290 1247 τὴν
335 1182 366 1248 ἡ
403 1179 496 1232 τοῦ
530 1179 696 1232 καλοῦ
728 1180 891 1249 φύσις
940 1181 1057 1234 ἐστὶ
1083 1180 1193 1234 τῶν
1224 1181 1360 1252 πρὸς
1388 1182 1604 1252 ἐκείνην
1648 1183 1780 1236 ἁνα-

3367 430 3470 485 40).

1885 641 1977 701 sit,
2042 655 2259 711 semper
2310 640 2655 707 deferuntur,
2713 654 3004 711 quousque
3058 637 3128 692 ad
3185 637 3467 708 planitiem

1884 728 2269 784 descenderint
2326 748 2339 784 :
2391 730 2472 784 sic
2530 729 2711 783 anima
2758 728 2918 797 cujus
2975 737 3169 780 natura
3244 741 3465 780 sursum

1884 816 2078 880 fertur,
2110 819 2346 875 terrenis
2379 818 2628 873 absoluta
2653 816 3051 887 cupiditatibus
3088 817 3370 872 ardentior
3411 818 3465 870 in

1881 908 1999 965 dies
2055 908 2140 972 fit,
2205 909 2560 979 velociusque
2624 910 2956 978 pertransit,
3009 908 3077 962 ad
3136 908 3465 964 sublimiora

1883 1016 2099 1070 semper
2131 1001 2527 1056 conscendens.
2558 999 2692 1054 Nam
2716 990 2849 1054 'cum
2890 1000 3026 1054 nihil
3057 999 3159 1055 sibi
3187 1000 3258 1055 sit
3293 999 3467 1069 impe-

1880 1089 2146 1155 dimento,
2201 1107 2298 1162 per
2350 1094 2585 1162 seipsam
2648 1092 2714 1146 ad
2767 1096 3021 1147 naturam
3074 1091 3207 1147 boni
3264 1090 3463 1146 fertur.

1880 1180 2120 1235 Attrahit
2170 1183 2315 1236 enim
2369 1182 2434 1236 ad
2487 1196 2546 1236 se
2602 1170 2799 1236 natura
2852 1182 3025 1252 ipsius
3071 1180 3225 1245 boni,
3277 1193 3467 1233 omnes

1879 1271 1974 1341 qui
2034 1271 2102 1325 ad
2148 1271 2585 1342 pulchritudinis
2638 1271 2758 1340 ejus
2812 1272 3000 1327 radios
3055 1272 3208 1327 sanis
3249 1270 3467 1340 possint

1879 1362 2054 1417 oculis
2103 1363 2382 1432 respicere
2425 1380 2437 1415 :
2481 1362 2555 1416 ita
2610 1361 2688 1427 lit,
2725 1371 2784 1416 ut
2836 1362 3142 1417 cwlestium
3196 1360 3468 1417 desiderio

1880 1468 2096 1523 semper
2120 1453 2188 1507 ad
2224 1453 2433 1524 majora
2469 1453 2553 1524 (ut
2580 1454 2879 1524 Apostolus
2907 1452 3004 1523 ait)
3030 1459 3349 1522 consurgat,
3401 1465 3467 1505 ac

1878 1559 2091 1613 semper
2123 1545 2191 1599 ad
2223 1545 2418 1600 altiora
2463 1546 2730 1615 pervolet.
2780 1543 2916 1598 Nam
2954 1559 3078 1599 cum
3124 1559 3221 1614 per
3242 1559 3304 1598 ea
3343 1559 3468 1614 qua:

1875 1634 1986 1705 jam
2022 1635 2286 1707 percepit.
2336 1636 2402 1691 ad
2446 1637 2652 1706 majora
2686 1642 2741 1692 et
2786 1637 3099 1708 perspicere
3130 1642 3183 1690 et
3222 1635 3469 1703 aspicere

1878 1727 2074 1797 possit,
2125 1727 2333 1797 majore
2376 1736 2538 1798 atque
2582 1726 2790 1796 majore
2828 1725 3098 1781 desiderio
3132 1740 3347 1794 semper
3380 1739 3471 1778 οισι·

1882 1816 1994 1885 det,
2035 1831 2100 1872 at.
2143 1817 2224 1873 sic
2266 1817 2646 1873 indesinenter
2685 1831 2906 1871 sursum
2964 1816 3157 1881 fertur,
3204 1815 3291 1872 his
3344 1830 3468 1886 quae

1881 1921 2103 1980 peracta
2152 1917 2283 1965 sunt
2311 1908 2590 1964 robustior
2639 1907 2781 1962 facta
2813 1924 2826 1961 :
2861 1908 3038 1963 solum
3072 1907 3219 1961 enim
3244 1900 3468 1961 virtutis

1883 1999 2028 2054 actio
2061 1999 2237 2053 nutrit
2273 2000 2539 2060 laborem,
2576 1996 2831 2067 viresque
2866 2003 3050 2067 auget.

1953 2092 2301 2163 Quapropter
2342 2106 2574 2159 magnus
2604 2089 2694 2144 ille
2721 2088 2957 2161 Moyses,
3003 2103 3127 2143 cum
3167 2086 3334 2142 semel
3374 2100 3470 2155 per

1882 2184 2088 2240 scalam
2138 2183 2192 2237 in
2227 2196 2337 2253 qua
2368 2180 2511 2237 Deus
2556 2181 2779 2238 innixus
2824 2187 2965 2246 erat,
3001 2189 3062 2234 ut
3106 2178 3276 2233 Jacob
3310 2178 3467 2242 dicit,

1885 2273 2183 2331 ascendere
2233 2272 2535 2342 coepisset,
2598 2287 2877 2343 nunquam
2937 2271 3119 2337 stetit,
3184 2282 3468 2339 nunquam

1884 2366 2179 2419 terminum
2230 2375 2407 2419 motus
2442 2366 2612 2428 novit,
2668 2364 2763 2419 sed
2814 2377 3033 2433 semper
3080 2362 3148 2416 de
3195 2359 3367 2432 gradu
3414 2360 3469 2414 in

1888 2454 2116 2526 gradum
2175 2453 2526 2518 ascendebat,
2589 2469 2691 2509 nec
2743 2453 2887 2508 enim
2942 2453 3176 2508 deficere
3210 2448 3469 2521 ‘unquam

1890 2555 2070 2617 potest
2108 2547 2271 2601 altior
2297 2547 2521 2617 gradus.

193 2632 420 2697 ϐαίνειν,
460 2636 553 2689 καὶ
579 2636 845 2706 μηδέποτε
874 2635 1175 2708 ὑψούμενον
1205 2636 1473 2693 παύεσθαι
1499 2638 1587 2693 διὰ
1618 2640 1680 2691 τὸ
1709 2639 1937 2693 πάντοτε
1977 2639 2250 2711 εὑρίσκειν
2275 2641 2374 2709 τῆς
2394 2637 2834 2710 κατειλημμένης
2867 2640 2923 2691 ἐν
2954 2635 3030 2708 τῷ
3061 2637 3185 2706 ὕψει
3216 2634 3472 2706 βαθμίδος

192 2728 254 2781 τὸ
282 2729 697 2801 ὑπερκείμενον.

277 2826 546 2895 Ἀρνεῖται
587 2826 685 2898 τὴν
737 2827 872 2898 πρδς
897 2827 996 2898 τὴν
1030 2827 1277 2898 βασιλίδα
1332 2829 1438 2883 τῶν
1468 2830 1781 2899 Αἰγυπτίων

196 2918 642 2989 κατεψευσμένην
699 2920 1019 2988 συγγένειαν
1055 2937 1069 2951 ⁸
1131 2920 1343 2985 ἔκδικος
1410 2922 1620 2990 γίνεται
1687 2922 1782 2977 τοῦ

207 3010 463 3082 Ἐϐραίου
484 3030 496 3041 ·
534 3012 921 3082 μετανίσταται
956 3014 1095 3084 πρὸς
1122 3013 1221 3084 τὴν
1249 3014 1456 3085 ἔρημον
1488 3014 1781 3085 διαγωγὴν,

194 3102 263 3174 ἢν
289 3106 317 3156 ὁ
342 3102 679 3175 ἀνθρώπινος
713 3105 812 3158 οὐκ
837 3105 1065 3177 ἐτάραξε
1097 3105 1237 3175 βίος’
1270 3105 1546 3176 ποιμαίνει
1570 3107 1627 3159 ἐν
1657 3107 1785 3159 ἐαυ-

194 3192 275 3264 τῷ
302 3193 403 3264 τὴν
432 3194 540 3248 τῶν
591 3195 811 3265 ἡμέρων
846 3195 1001 3259 ζώων
1052 3195 1252 3267 ἀγέλην
1273 3213 1288 3228 ο
1339 3197 1441 3267 ὁρᾷ
1472 3197 1564 3249 τοῦ
1608 3196 1784 3265 φωτὸς
1812 3244 1851 3267 ,η

196 3253 295 3356 τήν
317 3253 643 3356 λαμπηδόνα
656 3304 669 3318 ⁸
700 3253 881 3359 άϐαρῆ
911 3253 1144 3340 ποιεῖται
1175 3253 1273 3359 τῖὴν
1317 3253 1452 3358 πρὸς
1477 3287 1535 3340 τὸ
1555 3253 1669 3357 φιύς
1698 3253 1784 3342 ἄν;
1811 3253 1852 3302 u

195 3377 336 3440 οδον,
364 3380 432 3448 τῇ
463 3377 800 3448 περιαιρέσει
827 3377 918 3430 τοῦ
943 3378 1306 3449 ὑποδήματος·
1332 3377 1623 3449 ἐξαιρεῖται
1648 3378 1783 3448 πρὸς

197 3466 513 3538 ἐλευθερίαν
553 3467 614 3520 τὸ
651 3468 912 3536 συγγενὲς
957 3467 1050 3521 καὶ
1095 3466 1399 3537 ὁμόφυλον·
1454 3465 1783 3536 ὑποϐρύχιον

202 3557 388 3627 βλέπει
408 3557 500 3611 τὸν
536 3557 729 3629 ἐχθρὸν
756 3558 896 3612 κατὰ
919 3558 1029 3611 τῶν
1061 3559 1316 3629 κυμάτων
1347 3558 1625 3628 δυόμενον.
1644 3557 1783 3610 Ὑπὸ

198 3650 297 3720 τὴν
318 3650 549 3721 νεφέλην
575 3648 852 3713 αὐλίζεται
873 3664 886 3679 ⁸
911 3651 979 3720 τῇ
1006 3649 1182 3720 πέτρᾳ
1208 3648 1499 3720 θεραπεύει
1528 3649 1590 3700 τὸ
1612 3647 1780 3716 δίψος·

196 3741 278 3811 τῷ
308 3740 523 3811 ούρανῷ
546 3743 783 3811 γεωργεῖ
806 3741 899 3795 τὸν
934 3741 1119 3811 ἄρτον.
1165 3736 1297 3794 Εἶτα
1334 3742 1400 3811 τῇ
1432 3741 1648 3795 ἐκτάσει
1677 3740 1784 3793 τῶν

202 3829 399 3900 χειρῶν
453 3828 883 3897 καταγωνίζεται
928 3829 1019 3883 τὸν
1073 3828 1369 3898 ἀλλόφυλον
1397 3845 1411 3859 ι
1445 3827 1634 3881 ἀκούει
1688 3829 1785 3899 τῆς

202 3919 503 3987 σάλπιγγος
524 3935 538 3948 ⁸
567 3919 659 3973 τὸν
685 3920 883 3989 γνόφον
911 3920 1209 3991 ὑπέρχεται
1231 3933 1245 3949 ⁸
1276 3920 1368 3972 ἐπὶ
1401 3918 1469 3971 τὰ
1498 3919 1664 3973 ἄδυτα
1689 3919 1787 3989 τῆς

202 4011 617 4083 ἀχειροποιήτω
673 4014 877 4082 σκηνῆς
928 4011 1264 4083 παραδύεται
1303 4030 1316 4043 ·
1374 4010 1633 4081 μανθάνει
1687 4011 1788 4080 τῆς

204 4104 357 4165 θείας
393 4103 689 4174 ἱερωσύνης
713 4102 790 4158 τὰ
817 4103 1122 4175 ἀπόρρητα.
1161 4102 1506 4172 Ἐξαφανίζει
1540 4103 1602 4155 τὸ
1634 4102 1788 4156 εἴδω-

204 4194 318 4258 λον,
352 4193 583 4247 ἱλεοῦται
613 4194 677 4247 τὸ
706 4193 884 4257 Θεῖον,
917 4192 1268 4247 ἀνακαλεῖται
1296 4192 1386 4246 τὸν
1419 4195 1477 4247 ἐν
1519 4194 1584 4263 τῇ
1623 4193 1790 4264 κακίᾳ

202 4282 316 4335 τῶν
357 4282 623 4335 Ἰουδαίων
658 4282 1013 4354 συντριϐέντα
1042 4282 1239 4351 νόμον,
1274 4281 1481 4350 λάμπει
1523 4282 1590 4353 τῇ
1636 4281 1784 4352 δόξῃ,

206 4372 306 4426 καὶ
346 4372 435 4425 διὰ
471 4372 738 4427 τοσούτων
776 4373 1035 4444 ἐπαρθεὶς
1069 4372 1380 4442 ύιξπωμάτων
1402 4410 1415 4435 ,
1459 4371 1540 4425 ἐτι
1585 4374 1789 4443 σφριγᾷ

204 4468 275 4535 τῇ
306 4464 572 4535 ἐπιθυμία
595 4504 609 4527 ,
635 4465 727 4518 καὶ
762 4466 1070 4535 άκορέστως
1106 4464 1220 4535 ἔχει
1253 4464 1348 4518 τοῦ
1385 4464 1663 4529 πλείονος,
1698 4465 1792 4518 καὶ

1958 2827 2182 2901 Negavit
2227 2828 2419 2884 falsam
2451 2828 2832 2902 Egyptiorum
2884 2824 3085 2896 reginae
3127 2822 3471 2893 conjunctio-

1886 2936 2032 2984 nem,
2077 2937 2184 2991 qua
2237 2921 2382 2976 filius
2430 2922 2548 2989 ejus
2601 2920 2929 2991 putabatur;
2994 2915 3278 2971 Hebraeum
3326 2915 3473 2971 ultus

1885 3018 2001 3079 est;
2032 3012 2099 3067 ad
2130 3011 2406 3069 desertam
2451 3020 2504 3069 et
2540 3011 2845 3068 solitariam
2875 3024 2935 3064 se
2976 3006 3255 3062 transtulit
3282 3006 3470 3068 vitam,

1887 3118 2050 3174 quam
2105 3103 2357 3158 humanae
2401 3103 2845 3173 perturbationes
2890 3115 2999 3155 non
3047 3109 3281 3165 vexant;
3327 3098 3474 3169 pavit

1887 3193 2156 3249 cicurium
2201 3195 2519 3250 animalium
2565 3209 2815 3267 gregem;
2849 3192 2984 3248 vidit
3030 3190 3472 3261 resplendentem

1888 3284 2064 3340 lucem
2117 3285 2390 3351 divinam;
2458 3286 2658 3356 abjecit
2721 3286 2959 3349 calceos,
3016 3290 3076 3338 ut
3130 3282 3348 3337 facilius
3407 3281 3473 3335 ad

1887 3378 2065 3432 lucem
2120 3377 2443 3444 accederet;
2495 3377 2552 3432 in
2607 3378 2915 3432 libertatem
2970 3372 3274 3429 vindicavit
3305 3388 3472 3440 suos;

1888 3469 2100 3524 hostem
2136 3468 2297 3524 undis
2321 3468 2458 3523 vidit
2487 3469 2868 3532 submersum;
2900 3465 3080 3521 lucida
3111 3464 3255 3520 nube
3276 3464 3475 3521 ductus

1886 3567 2005 3623 est;
2046 3559 2194 3614 sicco
2223 3559 2403 3629 lapide
2433 3558 2644 3613 sedavit
2675 3559 2854 3624 sitim;
2892 3572 2921 3610 a
2952 3556 3094 3611 ctelo
3121 3556 3349 3610 deduxit
3376 3571 3475 3625 pa-

1886 3664 2032 3703 nem.
2082 3647 2353 3704 Praeterea
2413 3648 2739 3703 extensione
2791 3660 3053 3701 manuum
3116 3646 3475 3717 alienigenam

1890 3741 2048 3800 fudit.
2100 3742 2344 3796 sonitum
2389 3741 2531 3795 tuba:
2564 3740 2795 3802 audivit,
2848 3739 3134 3808 caliginem
3178 3738 3369 3802 subiit,
3407 3737 3476 3791 ad

1888 3832 2185 3903 penetralia
2216 3832 2386 3886 divini
2441 3832 2788 3887 tabernaculi
2825 3831 3110 3902 ingressus
3155 3837 3257 3891 est,
3292 3844 3474 3882 sacer-

1890 3921 2025 3977 dotii
2072 3921 2264 3977 didicit
2296 3924 2578 3993 mysteria,
2626 3921 2978 3976 simulacrum
3018 3917 3309 3985 destruxit,
3351 3932 3477 3989 pro-

1890 4016 2083 4085 pitium
2114 4014 2284 4070 Deum
2337 4014 2598 4077 reddidit,
2650 4016 2821 4085 legem
2855 4011 3166 4068 Judaeorum
3207 4013 3478 4082 pravitate

1891 4107 2131 4161 dirutam
2168 4108 2434 4171 restituit,
2475 4107 2648 4176 gloria
2694 4105 2918 4160 effulsit.
2962 4105 3039 4159 Ac
3073 4113 3150 4159 tot
3200 4104 3477 4173 tantisque

1893 4200 2376 4256 snhlimationibus
2401 4199 2580 4254 elatus
2600 4198 2780 4254 adhuc
2807 4197 2962 4261 ardet
2987 4196 3279 4259 desiderio,
3299 4196 3478 4249 adhuc

1892 4299 2154 4360 tanquam
2198 4289 2507 4344 famescens
2536 4302 2601 4342 ac
2649 4287 2863 4350 sitiens,
2895 4295 3152 4355 tanquam
3186 4300 3251 4340 eo
3281 4300 3477 4339 carens

1893 4397 2003 4449 quo
2034 4395 2250 4451 semper
2284 4379 2591 4442 fruebatur,
2641 4385 2763 4432 orat
2810 4387 2863 4431 ut
2900 4376 3069 4431 Deum
3118 4376 3320 4438 videat,
3369 4391 3477 4430 non

1896 4481 1955 4527 ut
1990 4473 2106 4544 ipse
2137 4488 2334 4542 capere
2382 4479 2581 4542 potest,
2624 4470 2718 4526 sed
2752 4480 2810 4523 ut
2846 4485 2906 4525 se
2936 4469 3097 4524 habet
3133 4469 3223 4538 qui
3260 4467 3477 4523 deside—

207 4551 270 4611 οἶν
289 4555 381 4608 διὰ
407 4557 602 4618 παντὸς
628 4558 747 4608 κατ’
772 4556 1019 4622 ἐξουσίαν
1049 4558 1376 4628 ἐνεφορεῖτο,
1401 4556 1482 4610 ἔτι
1506 4556 1631 4627 διψῇ
1660 4574 1673 4588 °
1698 4557 1788 4610 καὶ

1898 4575 2070 4620 ratur.
2105 4564 2260 4619 Unde
2299 4563 2540 4617 arbitror
2588 4563 2860 4615 immenso
2892 4557 3165 4614 desiderio
3195 4566 3360 4627 atque
3390 4573 3477 4611 ar-

204 4647 283 4710 ὡς
315 4650 484 4717 μήπω
517 4647 894 4717 μετεσχηκὼς,
926 4650 1111 4717 τυχεῖν
1134 4647 1332 4711 δέεται,
1364 4649 1675 4718 ἐμφανῆναι
1701 4648 1797 4701 αύ-

204 4739 288 4808 τῷ
333 4740 427 4792 τὸν
458 4738 590 4791 Θεὸν
637 4739 929 4793 ἱκετεύων·
982 4740 1080 4808 οὐχ
1132 4739 1207 4802 ὡς
1260 4739 1505 4809 μετέχειν
1549 4737 1795 4801 δύναται,

203 4831 322 4884 ἀλλ’
347 4830 425 4893 ὼς
452 4830 660 4893 ἐκεῖνός
688 4831 826 4883 ἐστι.
861 4832 1019 4883 Δοκεῖ
1044 4828 1103 4883 δέ
1135 4846 1225 4900 μοι
1268 4829 1330 4881 τὸ
1363 4826 1573 4881 τοιοῦτο
1606 4826 1799 4881 παθεῖν

206 4925 447 4995 ὲρωτικῇ
485 4940 591 4976 τινι
625 4922 864 4976 διαθέσει
902 4922 1040 4993 πρὸς
1071 4924 1133 4974 τὸ
1163 4921 1322 4989 φύσει
1358 4921 1521 4975 καλὸν
1562 4920 1659 4990 τῆς
1697 4919 1799 4989 ψυ-

206 5018 310 5086 χῆς
347 5014 720 5085 διατεθείσης,
755 5016 822 5085 ῆν
854 5014 941 5067 ἀεὶ
972 5016 1006 5083 ἡ
1052 5013 1209 5076 ἐλπὶς
1262 5012 1370 5066 ἀπὸ
1402 5011 1495 5065 τοῦ
1545 5010 1800 5080 ὀφθέντος

207 5104 377 5160 καλοῦ
426 5104 563 5176 πρὸς
608 5105 670 5157 τὸ
720 5105 1115 5175 ὑπερκείμενον
1161 5103 1548 5165 ἐπεσπάσατο,
1583 5101 1673 5155 διὰ
1705 5100 1798 5154 τοῦ

208 5197 444 5251 πάντοτε
490 5196 1043 5266 καταλαμϐανομένου
1069 5234 1084 5258 ,
1137 5193 1273 5265 πρὸς
1310 5193 1371 5245 τὸ
1425 5192 1800 5264 κεκρυμμένον

207 5289 321 5342 αἰεὶ
353 5287 453 5358 τὴν
494 5286 788 5357 ἐπιθυμίαν
820 5285 1144 5340 ἐκκαίουσα’
1185 5284 1308 5339 ὅθεν
1340 5286 1368 5337 ὁ
1413 5284 1641 5353 σφοδρὸς
1673 5284 1801 5348 ἐρα-

208 5379 344 5453 στὴς
371 5378 466 5432 τοῦ
501 5378 731 5442 κάλλους
751 5420 765 5444 ,
799 5378 859 5431 τὸ
891 5378 979 5432 ἀεὶ
1018 5377 1358 5448 φαινόμενον,
1386 5375 1462 5439 ὡς
1490 5374 1675 5427 εἰκόνα
1708 5375 1799 5427 τοῦ

209 5470 553 5542 ποθουμένου
590 5470 909 5541 δεχόμενος,
945 5468 1111 5524 αὑτοῦ
1161 5467 1256 5521 τοῦ
1316 5467 1665 5539 χαρακτῆρος
1709 5466 1801 5517 τοῦ

65 5525 115 5634 Ξ
207 5525 526 5634 ἀρχετύπου
568 5525 949 5633 ἐμφορηθῆναι
991 5560 1164 5613 ποθεῖ.
1197 5525 1519 5613 Καὶητοῦτο
1556 5525 1803 5626 βούλεται

65 5643 115 5725 ᾗ
207 5654 243 5725 ﬂ
274 5652 531 5725 τολμηρά
577 5669 635 5706 τε
675 5652 769 5706 καὶ
800 5650 1071 5724 παριοῦσα
1113 5652 1239 5713 τοὺς
1288 5651 1448 5720 ὄρους
1485 5650 1584 5718 τῆς
1617 5645 1805 5698 ἐπιθυ-

61 5743 115 5839 Ea:
212 5743 341 5815 μίας
372 5748 404 5817 ή
441 5746 658 5816 αττησις
679 5783 693 5807 ,

734 5744 794 5796 τδ
823 5743 898 5813 μὴ
922 5743 1009 5797 διὰ
1038 5743 1359 5812 κατόπτρων
1391 5739 1552 5793 τινῶν
1580 5738 1672 5790 καὶ
1707 5740 1805 5805 ἐμ-

212 5839 432 5906 φάσεων
460 5878 474 5903 ,
522 5835 658 5892 ἀλλὰ
691 5834 831 5893 κατὰ
874 5834 1164 5906 πρόσωπον
1197 5832 1497 5887 ἀπολαῦσαι
1526 5828 1617 5885 τοῦ
1677 5828 1804 5882 κάλα

1899 4658 2051 4714 denti
2079 4671 2209 4727 erga
2242 4655 2412 4711 Deum
2443 4655 2518 4707 ita
2555 4652 2734 4709 fuisse
2765 4651 3040 4715 affectum,
3079 4650 3224 4721 quod
3253 4650 3479 4704 visioni~

1900 4752 2002 4805 bus
2028 4750 2133 4805 sibi
2179 4748 2401 4810 enituit,
2450 4756 2511 4801 ut
2544 4745 2689 4801 ferre
2738 4760 2847 4800 non
2879 4757 3087 4816 posset,
3117 4743 3248 4812 quin
3297 4742 3367 4797 ab
3412 4743 3479 4796 iis

1899 4855 2021 4910 (piae
2074 4837 2521 4910 comprehendit,
2581 4837 2650 4892 ad
2706 4838 3008 4892 occultiora
3070 4834 3475 4904 compelleret:

1899 4930 2160 5000 quocirca
2186 4942 2457 4998 supremae
2480 4926 2907 4998 pulchritudinis
2938 4934 3170 4987 amator,
3200 4923 3344 4993 quod
3368 4923 3479 4993 jam

1899 5021 2131 5084 viderat,
2164 5028 2426 5089 tanquam
2472 5018 2765 5090 imaginem
2799 5018 2919 5087 ejus
2947 5017 3095 5088 quod
3129 5030 3239 5070 non
3272 5014 3480 5068 viderat

1901 5113 2155 5179 credens,
2192 5112 2312 5181 ipso
2352 5111 2455 5165 frui
2503 5110 2782 5181 priniitivo
2823 5109 3191 5165 desiderabat.
3238 5106 3296 5160 ld
3350 5118 3479 5173 ergo

1901 5203 2018 5258 vult
2045 5200 2226 5255 audax
2268 5200 2321 5253 in
2358 5207 2542 5254 monte
2566 5195 2662 5253 illo
2693 5198 2902 5269 petitio,
2935 5213 3004 5253 ne
3042 5211 3139 5268 per
3168 5194 3389 5266 specula
3427 5200 3481 5246 et

1903 5290 2191 5362 imagines,
2234 5288 2328 5344 sed
2367 5304 2463 5358 per
2494 5304 2678 5343 veram
2724 5295 2780 5343 et
2810 5287 3089 5359 propriam
3137 5284 3331 5338 faciem
3374 5282 3477 5336 frui

1905 5377 2311 5445 pulchritudine
2352 5385 2558 5446 posset.
2615 5375 2805 5431 Divina
2837 5391 2965 5431 vero
2997 5390 3101 5430 vox
3132 5388 3229 5443 per
3256 5387 3318 5426 ea
3364 5386 3481 5440 qua:

1905 5475 2103 5539 negat,
2168 5467 2424 5523 concedit
2483 5467 2628 5537 quod
2692 5467 2932 5539 petitur,
2999 5464 3247 5537 pauculis
3302 5463 3481 5518 verbis

1904 5559 2227 5614 immensam
2288 5560 2687 5615 sententiarum
2750 5555 3175 5628 profunditatem
3247 5552 3479 5624 subape—

1906 5651 2077 5706 riens.
2117 5651 2323 5705 Annuit
2359 5651 2504 5705 enim
2558 5649 2827 5705 facturum
2881 5666 2940 5706 se
2968 5650 3113 5721 quod
3144 5649 3433 5719 petebatur
3462 5665 3474 5700 :

1909 5740 2067 5794 finem
2100 5747 2280 5794 autem
2317 5748 2478 5809 atque
2498 5739 2860 5795 cessationem
2903 5738 3066 5809 hujus
3095 5728 3353 5791 desiderii
3395 5733 3478 5787 fu-

1911 5842 2093 5886 turum
2123 5844 2231 5886 non
2262 5827 2534 5899 promisit,
2570 5842 2672 5884 nec
2714 5827 2858 5885 enim
2892 5831 2965 5885 ita
3003 5825 3272 5901 quispiam
3310 5823 3475 5881 Deum
