3888 6354
460 448 569 505 £03

1697 456 1753 512 S.
1791 456 2124 516 GREGORli
2150 458 2445 516 NYSSENI

3608 460 3707 517 ιοι

459 568 644 622 videre
672 574 848 638 potest
895 573 952 621 ut
979 565 1197 622 videndi
1243 565 1455 622 desinat
1485 568 1839 641 desiderium.
1891 572 2023 627 Nam

2152 594 2269 638 ους.
2315 578 2377 630 ἸΙ
2408 578 2461 630 δέ
2493 577 2610 631 θεία
2651 579 2799 650 φωνὴ
2838 580 3019 633 δίδωσι
3066 580 3123 634 τὺ
3158 581 3376 650 αἰτηθὲν
3407 579 3475 634 δι’
3503 571 3579 633 ὦν
3611 582 3712 634 ἀπο

461 659 515 712 in
551 659 655 713 hoc
683 658 930 729 profecto
960 658 1103 715 Deus
1133 659 1366 726 videtur,
1409 669 1467 715 ut
1496 679 1777 733 nunquam
1819 665 2039 723 desinas

461 748 528 803 ad
576 763 701 802 eum
756 750 1051 820 respicere.
1100 750 1281 817 Quare
1318 753 1498 823 inquit
1540 774 1553 809 :
1610 774 1628 807 ι
1680 755 1798 811 Non
1836 760 2039 828 poteris

460 838 642 893 videre
672 840 865 894 faciem
891 857 1088 909 meam,
1118 858 1217 898 nec
1248 844 1393 899 enim
1428 846 1629 900 videbit
1654 846 1816 902 homo
1845 848 2036 903 faciem

460 944 634 984 meam
677 939 731 986 et
770 932 911 987 vivet
930 934 1014 988 7°:
1054 953 1072 985 ι
1115 950 1225 989 non
1260 937 1389 1006 quia
1421 953 1587 992 causa
1625 940 1818 994 mortis
1848 940 2038 995 viden-

460 1021 607 1077 tibus
638 1023 709 1078 sit
738 1023 826 1077 illa
854 1025 1200 1097 facies,(nam
1227 1031 1502 1097 quomodo
1525 1032 1648 1085 vitae
1684 1032 1850 1088 facies
1873 1049 2037 1089 causa

462 1114 1029 1185 appropinquantibus
1091 1121 1284 1174 mortis
1343 1136 1466 1175 esse
1531 1124 1786 1193 poterit?)
1849 1140 2037 1178 verum

460 1204 717 1271 quoniam
767 1206 869 1260 etsi
907 1208 1145 1264 vivificat
1192 1210 1409 1279 quidem
1454 1210 1599 1267 Deus
1647 1221 1865 1279 natura,
1915 1230 2041 1283 pro-

460 1294 638 1363 prium
685 1303 867 1351 tamen
919 1315 1078 1353 suum
1130 1308 1234 1362 est,
1291 1311 1349 1355 nt
1403 1318 1620 1358 onmem
1673 1305 2037 1375 cognitionem

461 1387 688 1441 excedat
734 1408 746 1443 :
790 1390 995 1446 idcirco
1045 1393 1141 1462 qui
1188 1409 1377 1448 eorum
1434 1411 1557 1465 quae
1607 1409 2037 1467 cognoscuntur,

463 1476 631 1533 Deum
654 1495 775 1537 esse
803 1484 1078 1553 Opinatur,
1121 1487 1276 1554 quasi
1306 1485 1579 1543 deviasset
1611 1489 1681 1543 ab
1718 1504 1784 1544 eo
1812 1489 1903 1559 qui
1932 1498 2036 1552 est,

464 1570 531 1624 ad
561 1570 613 1625 id
647 1573 790 1641 quod
822 1589 942 1629 esse
967 1584 1212 1646 putatur,
1241 1579 1406 1632 vitam
1432 1595 1541 1633 non
1574 1580 1759 1635 habet.
1788 1580 1921 1635 Nam
1946 1584 2039 1651 qui

463 1679 589 1717 vere
626 1672 730 1731 est,
768 1665 813 1718 is
854 1681 981 1721 vere
1028 1667 1135 1720 vita
1187 1680 1290 1734 est,
1347 1679 1398 1724 et
1446 1671 1536 1726 hic
1578 1673 1891 1742 cognitione
1930 1688 2039 1728 non

464 1757 963 1827 comprehenditur.
1013 1760 1194 1828 Quare
1242 1763 1288 1818 si
1335 1763 1451 1819 haec
1503 1765 1791 1822 vivificans
1844 1774 2038 1820 natura

465 1845 831 1916 cognitionem
875 1864 1092 1904 omnem
1156 1853 1412 1917 excedit,
1478 1870 1587 1907 non
1651 1864 1773 1929 est,
1794 1853 2040 1924 profecto

2141 669 2435 733 αναίνεται,
2476 672 2532 723 ἐν
2588 671 2788 739 ὀλίγοις
2834 674 2945 735 τοῖς
2985 675 3222 743 ῥήμασιν
3254 672 3561 743 ἀμέτρητόν
3596 688 3713 724 τινα

2142 758 2300 827 βυθὸν
2332 762 2615 831 νοημάτων
2655 763 3141 834 παραδεικνύουσα.
3181 764 3253 816 Τὸ
3289 765 3384 833 μὲν
3434 763 3542 832 γάρ
3583 763 3706 831 πλησ

2141 851 2313 919 ρῶσαι
2347 853 2443 922 τὴν
2476 853 2769 924 ἐπιθυμίαν
2800 856 2949 925 αύτῷ
2981 858 3013 925 ἡ
3048 854 3142 907 τοῦ
3171 854 3304 907 Θεοῦ
3337 851 3715 924 μεγαλοδωρεὸ

2140 942 2458 994 κατένευσε*
2493 944 2678 995 στάσιν
2709 944 2766 996 δέ
2795 962 2914 997 τινα
2963 944 3055 997 τοῦ
3086 943 3249 996 πόθου
3291 944 3384 997 καὶ
3412 943 3571 1012 κόρον
3619 941 3714 993 οὐκ

2139 1033 2523 1101 ἐπηγγείλατο.
2556 1034 2628 1085 Οὐ
2655 1035 2762 1105 γὰρ
2798 1035 2864 1089 ἂν
2893 1035 3082 1088 ἐαυτὸν
3109 1034 3276 1099 ἔδειξε
3297 1032 3374 1103 τῷ
3401 1032 3713 1103 θεράποντι·

2140 1124 2298 1194 εἴπερ
2326 1126 2563 1178 τοιοῦτον
2586 1122 2652 1195 ἦν
2677 1126 2738 1179 τὸ
2766 1124 3059 1196 ὁρώμενον,
3082 1125 3222 1178 ὥστε
3251 1126 3442 1194 στῆσαι
3474 1125 3573 1194 τὴν
3600 1124 3713 1176 ἐπιο

2140 1218 2203 1268 θυ
2213 1216 2339 1285 μίαν
2374 1217 2463 1268 τοῦ
2496 1216 2821 1285 βλέποντοςς
2840 1218 2914 1280 ὡς
2939 1219 2995 1270 ἐν
3021 1217 3194 1287 τούτῳ
3213 1218 3361 1279 ὄντος
3384 1216 3475 1269 τοῦ
3506 1214 3715 1284 ἀληθῶς

2143 1306 2270 1359 ἰδεῖν
2300 1307 2390 1359 τὸν
2416 1308 2546 1360 Θεὸν
2569 1347 2583 1371 ,
2618 1309 2675 1360 ἐν
2717 1308 2796 1378 τῷ
2836 1309 2910 1379 μὴ
2942 1308 3097 1378 λῆξαί
3128 1325 3254 1360 ποτε
3283 1310 3382 1379 τῆς
3425 1304 3716 1374 ἐπιθυμίας

2141 1399 2229 1451 τὸν
2258 1400 2392 1468 πρὸς
2421 1400 2579 1452 αὑτὸν
2611 1400 2999 1453 ἀναϐλέποντα.
3034 1399 3172 1470 Φησὶ
3203 1400 3331 1469 γάρ’
3372 1418 3389 1449 ι
3415 1399 3489 1449 Ού
3516 1396 3717 1465 δυνήσῃ

2140 1488 2199 1539 τὸ
2233 1490 2518 1560 πρόσωπόν
2552 1507 2651 1559 μου
2707 1490 2836 1542 ἰδεῖν
2855 1507 2868 1519 ·
2901 1491 2961 1543 ού
2988 1492 3097 1561 γάρ
3127 1489 3204 1561 μὴ
3232 1490 3316 1560 ίδῃ
3347 1486 3631 1557 ἄνθρωπος
3659 1485 3718 1536 τὸ

2143 1578 2429 1647 πρόσωπόν
2463 1597 2586 1649 μου,
2635 1581 2729 1633 καὶ
2763 1581 3007 1651 ζήσεται·
3051 1600 3070 1632 ›
3117 1579 3271 1634 τοῦτο
3298 1579 3385 1642 δὲ,
3415 1578 3513 1647 οὐχ
3534 1576 3609 1639 ὡς
3637 1575 3718 1627 ατ·-

2140 1684 2252 1720 τιον
2279 1669 2372 1720 τοῦ
2408 1668 2636 1721 θανάτου
2671 1671 2779 1732 τοῖς
2806 1669 2977 1739 ὁρῶσι
3016 1670 3333 1739 γιγνόμενον
3380 1670 3409 1721 ὁ
3445 1667 3599 1733 λόγος
3634 1666 3717 1716 ἐνο

2140 1760 2444 1823 δείκνυται,
2481 1759 2631 1830 (πῶς
2662 1760 2771 1831 γάρ
2802 1761 2863 1813 τὸ
2901 1761 3000 1830 τῆς
3033 1761 3176 1830 ζωῆς
3212 1760 3519 1831 πρόσωπον,
3554 1756 3720 1810 αἴτιον

2143 1852 2370 1905 Θανάτου
2394 1855 2503 1915 τοῖς
2527 1852 2866 1922 ἐμπελάσασι
2895 1852 3085 1921 γένοιτ’
3104 1851 3168 1905 ἄν
3200 1868 3327 1904 ποτε
3344 1853 3381 1918 ;)
3402 1849 3512 1903 ἀλλ’
3535 1847 3717 1917 ἐπειδὴ

465 1937 573 1991 vita
599 1937 652 1992 id
677 1939 820 2008 quod
846 1941 1197 2012 cognoscitur
1225 1962 1236 1997 :
1261 1945 1406 2016 quod
1435 1960 1560 2000 vero
1587 1946 1696 1999 vita
1727 1961 1834 2001 non
1858 1957 1960 2011 est,
1985 1945 2036 1999 id

2152 1943 2400 2007 ξωοποιὸν
2440 1943 2537 2013 μὲν
2565 1945 2631 2013 τῇ
2670 1945 2829 2012 φύσει
2868 1943 2928 1995 τὸ
2956 1944 3129 2006 Θεῖον,
3169 1942 3299 1994 ἴδιον
3345 1940 3401 1993 δὲ
3436 1939 3718 2010 γνώρισμα

463 2027 631 2082 vitam
679 2030 921 2099 przebere
976 2042 1320 2107 nonpolest.
1361 2035 1451 2090 Sic
1501 2036 1667 2106 igitur
1705 2034 2039 2090 desiderium

462 2116 634 2189 Moysi
667 2118 1014 2190 adinzplclur,
1053 2131 1109 2177 ut
1140 2125 1455 2180 insatiabile
1489 2134 1805 2195 permaneat
1834 2145 1847 2180 ε
1881 2126 2044 2181 discit

465 2210 607 2264 enim
631 2226 697 2266 ex
725 2212 860 2277 iStis,
889 2214 1035 2285 quod
1066 2214 1209 2271 Deus
1233 2224 1430 2271 natura
1468 2218 1900 2275 interminabilis
1934 2227 2041 2286 est,

464 2302 616 2356 nullo
654 2306 887 2359 termino
935 2307 1389 2377 comprehensus.
1440 2307 1575 2363 Nam
1619 2311 1665 2365 si
1713 2311 1895 2380 aliquo
1934 2320 2045 2364 ter-

467 2394 619 2447 mino
643 2396 895 2451 concludi
929 2397 1287 2468 intelligatur,
1331 2415 1558 2456 necesse
1586 2410 1669 2457 est
1705 2402 1939 2456 termino
1968 2402 2043 2456 illi

465 2482 673 2551 aliquid
703 2493 1063 2539 connectatur
1093 2504 1105 2539 :
1141 2487 1368 2541 omnino
1400 2488 1545 2542 enim
1594 2488 1739 2561 quod
1785 2490 2047 2545 termina-

463 2584 571 2634 tur,
606 2574 673 2628 ad
718 2575 865 2629 aliud
894 2575 1117 2639 desinit.
1167 2587 1227 2632 ut
1258 2579 1603 2635 terrestrium
1647 2581 1913 2635 terminus
1955 2596 2048 2636 aer

462 2671 571 2724 est,
612 2672 665 2718 et
710 2680 850 2735 aqua
898 2682 1082 2723 rerum
1135 2672 1530 2738 aquaticarum.
1577 2669 2046 2737 Quemadmodum

465 2757 631 2824 igitur
670 2759 852 2828 pisces
902 2775 1066 2831 aqua,
1115 2769 1170 2817 et
1200 2776 1328 2818 aves
1360 2777 1485 2819 aere
1512 2763 2045 2830 circumcluduntur,

464 2854 518 2899 et
549 2863 672 2902 cum
713 2850 825 2905 sint
857 2851 912 2905 in
947 2852 1127 2908 medio
1167 2854 1398 2909 istorum
1437 2856 1856 2922 elementorum,
1894 2870 2049 2926 aqua:

467 2947 651 2994 tamen
696 2942 942 3010 quaedam
979 2944 1300 3013 superﬁcies
1338 2944 1405 2997 ad
1449 2946 1678 3015 piscem,
1717 2955 1771 3001 et
1804 2947 1947 3001 aeris
1981 2946 2048 3001 ad

465 3028 689 3085 volatile
729 3033 1059 3087 terminatur
1085 3053 1097 3088 :
1123 3035 1205 3090 sic
1240 3052 1468 3091 necesse
1507 3044 1615 3102 est,
1658 3038 1703 3093 si
1755 3035 1898 3093 Deus
1940 3048 2050 3092 ter-

468 3116 617 3172 mino
687 3121 1071 3187 concluditur,
1132 3109 1496 3196 heterogenea
1557 3127 1791 3196 quadam
1853 3138 2048 3181 natura

466 3209 760 3265 contineri.
788 3214 881 3269 Est
928 3214 1073 3269 enim
1103 3214 1249 3289 quod
1290 3217 1534 3271 continet
1564 3226 1819 3273 contento
1849 3218 2046 3286 majus.

2144 2033 2240 2102 τῆς
2280 2032 2427 2094 θείας
2458 2031 2671 2100 φύσεώς
2715 2034 2830 2085 ἐστι
2863 2032 2923 2084 τὸ
2964 2032 3163 2095 παντὸς
3195 2030 3549 2101 ὑπερκεῖσθαι
3582 2045 3719 2095 γνω-

2147 2123 2407 2193 ρίσματος
2431 2139 2451 2173 ⁸.
2496 2124 2523 2175 ὁ
2564 2122 2672 2175 τῶν
2710 2125 3127 2193 γινωσκομένων
3176 2139 3229 2176 τι
3276 2123 3365 2174 τὸν
3415 2120 3547 2173 Θεὸν
3589 2115 3721 2171 εἶναι

2144 2211 2417 2280 οἰόμενος,
2454 2210 2529 2272 ὼς
2564 2211 2941 2281 παρατραπεὶς
2979 2211 3086 2264 ἀπὸ
3134 2210 3228 2263 τοῦ
3281 2209 3467 2272 ὄντος,
3506 2207 3640 2278 πρὸς
3667 2206 3723 2259 τὸ

2145 2304 2210 2372 τῇ
2244 2300 2618 2371 καταληπτικῇ
2656 2303 2925 2373 φαντασία
2961 2303 3214 2372 νομισθὲν
3239 2296 3377 2354 εἶναι
3402 2341 3417 2364 ,
3449 2299 3543 2352 καὶ
3581 2298 3722 2366 ζωὴν

2146 2395 2251 2446 οὐκ
2276 2392 2406 2463 ἔχει.
2431 2393 2504 2445 Τὸ
2531 2393 2639 2462 γάρ
2669 2394 2836 2457 ὅντως
2865 2393 2943 2456 ὃν,
2971 2396 3004 2464 ἡ
3035 2393 3239 2465 ἀληθής
3258 2393 3375 2445 ἐστι
3396 2393 3505 2461 ζωή
3527 2407 3540 2419 ·
3572 2388 3724 2443 τοῦτο

2146 2483 2203 2536 δὲ
2230 2485 2309 2546 είς
2335 2482 2535 2551 γνῶσιν
2566 2484 2874 2551 ἀνέφικτον.
2915 2485 2979 2536 Εἰ
3006 2479 3097 2537 οὖν
3129 2483 3447 2555 ὑπερϐαίνει
3481 2480 3578 2552 τὴν
3598 2479 3727 2549 γνῶ-

2150 2591 2232 2627 σιν
2257 2576 2289 2645 ἡ
2319 2573 2578 2638 ζωοποιὸς
2618 2575 2806 2645 φύσις,
2832 2576 2893 2628 τὸ
2930 2575 3480 2665 καταλαμϐανόμενον
3512 2574 3725 2635 πάντως

2150 2665 2262 2736 ζωὴ
2295 2665 2393 2718 οὐκ
2424 2664 2570 2717 ἐστιν
2594 2682 2609 2696 ·
2642 2665 2671 2718 ὃ
2699 2666 2754 2719 δὲ
2797 2667 2871 2736 μή
2898 2668 3012 2719 ἐστι
3041 2666 3153 2735 ζωὴ
3175 2706 3188 2729 ,
3219 2664 3550 2736 παρεκτικδν
3586 2664 3728 2730 γενέ-

2151 2757 2274 2810 σθαι
2309 2756 2487 2826 ζωῆς,
2521 2756 2683 2826 φύσιν
2726 2758 2826 2811 οὐκ
2854 2758 2988 2828 ἔχει.
3030 2756 3169 2811 Οὔτε
3202 2753 3294 2811 οὖν
3323 2755 3625 2827 πληροῦται
3652 2753 3727 2822 τῷ

2149 2850 2373 2903 Μωῦσεῑ
2409 2848 2470 2901 τὸ
2502 2847 2868 2918 ποθούμενον,
2904 2848 2971 2902 δι’
3003 2844 3076 2902 ὧν
3124 2849 3445 2919 ἀπλήρωτος
3475 2849 3507 2918 ὴ
3549 2844 3731 2899 ἐπιθυ·

2153 2941 2252 3011 μία
2297 2941 2466 3010 μένει.
2501 2939 2820 2994 Παιδεύεται
2856 2941 2965 3012 γάρ
3006 2940 3095 2994 διὰ
3123 2941 3231 2993 τῶν
3279 2941 3623 3011 εἰρημένων,
3650 2938 3730 2990 δτι

2150 3032 2210 3085 τὸ
2244 3032 2395 3084 Θεῖον
2417 3072 2431 3097 ,
2472 3030 2613 3085 κατὰ
2664 3032 2761 3102 τὴν
2800 3031 2994 3085 ἑαυτοῦ
3043 3031 3223 3101 φύσιν,
3259 3032 3528 3103 ἀόριστον,
3557 3029 3731 3081 οὐδενὶ

2151 3121 2597 3194 περιειργόμενον
2629 3123 2846 3194 πέρατι.
2878 3123 2939 3175 Ei
2977 3124 3083 3194 γὰρ
3133 3122 3189 3175 ἐν
3217 3140 3322 3176 τινι
3370 3123 3566 3193 πέρατι
3607 3136 3730 3190 νοη-

2154 3214 2271 3285 θείη
2314 3214 2372 3266 τὸ
2414 3214 2586 3279 Θεῖον,
2630 3215 2845 3284 ἀνάγκη
2874 3215 3022 3269 πᾶσα
3052 3214 3148 3268 καὶ
3183 3214 3243 3268 τὸ
3274 3216 3391 3285 μετ’
3415 3216 3589 3268 ἐκεῖνο
3623 3227 3734 3266 συν-

469 3299 811 3372 θεωρηθῆναι
840 3304 915 3376 τῷ
948 3306 1146 3378 πέρατι
1172 3324 1185 3338 ⁸
1222 3309 1439 3372 πάντως
1488 3308 1594 3381 γὰρ
1624 3309 1703 3372 είς
1735 3327 1787 3361 τι
1837 3309 2135 3379 καταλήγει
2170 3306 2229 3358 τὸ
2263 3303 2665 3376 περατούμενον
2688 3320 2703 3334 ⁸
2744 3305 2936 3376 ὥσπερ
2971 3306 3238 3378 χερσαίων
3300 3306 3472 3378 πέρας
3533 3308 3562 3359 ὁ
3623 3307 3731 3378 ἀήρ

470 3398 605 3457 ἐστι,
631 3396 852 3451 καὶτῶν
880 3400 1114 3472 ἐνύδρων
1146 3403 1203 3455 τὸ
1225 3402 1391 3474 ὓδωρ.
1415 3404 1625 3475 Ὥσπερ
1651 3401 1743 3458 οὖν
1776 3405 1907 3457 πᾶσι
1941 3408 2052 3466 τοῖς
2098 3402 2263 3472 ὁρίοις
2299 3399 2494 3454 ἐαυτοῦ
2518 3402 2545 3452 ὁ
2586 3401 2683 3469 μὲν
2716 3401 2865 3471 ἰχθὺς
2897 3402 3282 3473 ἐμπεριέχεται
3341 3402 3419 3473 τῷ
3453 3402 3625 3465 ὕδατι,
3674 3402 3733 3454 τὸ

468 3485 523 3537 δὲ
556 3488 753 3559 πτηνὸν
783 3488 860 3559 τῷ
890 3491 1009 3562 ἀέρι
1037 3534 1051 3561 ,
1089 3494 1183 3547 καὶ
1220 3494 1382 3565 μέσον
1433 3494 1525 3549 τοῦ
1557 3494 1746 3560 ὓδατος
1780 3495 1914 3565 πρὸς
1953 3494 2011 3546 τὸ
2057 3492 2276 3562 νηκτὸν,
2309 3492 2499 3563 ἢπρὸς
2529 3492 2588 3545 τὸ
2650 3492 2850 3563 πτηνὸν
2873 3492 2965 3545 τοῦ
2995 3494 3191 3563 ἀέρος,
3243 3496 3276 3564 ἡ
3312 3495 3457 3565 ἄκρα
3508 3494 3603 3547 τοῦ
3638 3494 3733 3548 πέο

470 3578 632 3649 par-:6;
658 3579 802 3633 ἐστιν
829 3582 1137 3652 ἐπιφάνεια,
1168 3586 1199 3655 ὴ
1235 3584 1294 3637 τὸ
1323 3585 1545 3655 πτηνὸν,
1582 3589 1614 3657 ἡ
1646 3587 1735 3638 τὸν
1798 3586 1947 3657 ἰχθὺν
2000 3586 2328 3658 περιέχουσα
2356 3623 2371 3649 ,
2418 3584 2484 3653 ἥν
2537 3583 2596 3636 τὸ
2652 3583 2795 3655 ὓδωρ
2844 3585 2875 3653 ἢ
2934 3587 2961 3639 ὁ
3011 3584 3118 3655 ἀὴρ
3160 3585 3493 3656 διαδέχεταν
3563 3585 3736 3650 οὕτως

470 3673 715 3745 ἀνάγκη,
745 3677 903 3749 εἴπερ
934 3680 991 3731 ἐν
1020 3679 1212 3750 πέρατι
1243 3682 1414 3734 νοοῖτο
1453 3685 1513 3735 τὸ
1537 3682 1710 3749 Θεῖον,
1739 3682 1816 3752 τῷ
1855 3684 2156 3753 ἑτερογενεί
2189 3678 2330 3734 κατὰ
2370 3680 2469 3751 τὴν
2507 3678 2667 3748 φύσιν
2703 3679 3160 3751 ἐμπεριέχεσθαι·
3186 3683 3246 3734 τὸ
3301 3681 3358 3734 δὲ
3410 3682 3734 3753 ἐμπεριέχον

468 3769 564 3824 τοῦ
597 3770 1067 3844 ἐναπειλημμένου
1105 3776 1499 3832 πολλαπλάσιον
1529 3774 1666 3832 εἶναι
1686 3820 1700 3845 ,
1733 3781 1795 3849 τῇ
1834 3776 2238 3849 ἀκολουθίᾳδτοῦ
2268 3776 2427 3844 λόγου
2468 3777 2845 3847 μαρτυρεῖται.

545 3864 615 3917 At
657 3880 786 3919 vero
832 3864 973 3919 Deus
1016 3876 1215 3922 natura
1260 3870 1463 3924 bonum
1498 3886 1619 3927 esse
1670 3875 1995 3929 conceditur
2033 3893 2046 3929 :

2238 3870 2399 3923 Ἀλλὰ
2453 3870 2557 3940 μὴν
2601 3868 2763 3921 καλὸν
2802 3863 2942 3922 εἶναι
2990 3869 3049 3921 τὸ
3088 3867 3240 3921 Θεῖον
3283 3866 3627 3936 ὡμολόγηται
3670 3870 3734 3938 τῇ

471 3953 619 4026 quod
647 3962 827 4007 autem
863 3953 930 4006 ad
968 3955 1171 4008 bonum
1212 3970 1590 4026 comparatum
1626 3960 2048 4033 lietcrogcncnm

2156 3962 2344 4032 φύσειο
2374 3962 2433 4014 τὸ
2467 3961 2523 4014 δέ
2548 3961 2683 4032 πρὸς
2718 3959 2777 4011 τὸ
2804 3959 2967 4013 καλὸν
3000 3959 3306 4031 ἐτεροφυῶς
3339 3959 3490 4028 ἔχον,
3532 3958 3659 4010 ἄλλο
3686 3977 3737 4011 τι

475 4054 583 4109 est,
611 4059 724 4099 non
749 4045 976 4107 bonum,
1012 4045 1106 4099 sed
1142 4049 1348 4101 malum
1380 4064 1504 4105 esse
1548 4054 2051 4121 comprehenditur,

475 4143 533 4190 i-t
560 4146 663 4202 est,
701 4142 762 4190 ut
801 4135 1059 4201 diximus,
1093 4139 1240 4207 quod
1280 4140 1529 4195 continet
1558 4151 1815 4200 contento
1851 4146 2049 4216 majus.

478 4228 660 4294 Quare
688 4229 734 4284 si
768 4228 1004 4284 termino
1038 4229 1179 4287 Deus
1207 4233 1546 4298 continetur,
1578 4250 1922 4308 consequens
1951 4241 2056 4294 erit

481 4319 734 4391 superari
763 4320 1018 4391 vincique
1039 4336 1069 4375 a
1092 4322 1258 4389 malo,
1287 4338 1412 4378 eum
1437 4327 1832 4383 continentium
1865 4330 1945 4383 vis
1991 4345 2055 4384 ea

478 4428 604 4484 quin
635 4413 1015 4481 continentur,
1046 4421 1360 4484 exsuperet.
1396 4415 1455 4470 ld
1484 4429 1667 4474 autem
1701 4418 1838 4473 adeo
1864 4420 2057 4474 absur-

479 4506 607 4559 dum
639 4514 743 4570 est,
775 4512 836 4560 ut
860 4506 1044 4561 nullus
1070 4522 1312 4577 unquam
1345 4510 1544 4565 mentis
1566 4526 1794 4581 compos
1821 4514 1900 4567 sic
1933 4528 2058 4568 esse

481 4596 745 4665 opinatus
770 4595 859 4651 sit.
894 4597 990 4652 Est
1012 4613 1145 4669 ergo
1176 4598 1604 4657 interminabilis
1626 4602 1810 4656 divina
1834 4610 2050 4668 natura,

481 4694 537 4741 et
572 4686 977 4742 interminabile
1024 4689 1414 4759 comprehendi
1471 4706 1582 4745 non
1633 4700 1836 4762 potest.
1876 4694 2060 4758 Quare

483 4777 579 4846 qui
630 4776 871 4831 divinam
924 4779 1392 4847 pulchritudinem
1429 4783 1617 4839 videre
1656 4784 1961 4850 desiderat,
2004 4793 2060 4841 et

484 4869 553 4924 ad
586 4867 641 4922 id
673 4867 870 4933 tendit,
902 4868 958 4923 in
990 4870 1094 4926 hoc
1123 4888 1291 4930 cursu
1323 4890 1537 4944 semper
1576 4877 1862 4934 consistat.
1899 4877 1967 4931 Et
2007 4877 2060 4932 id

484 4968 571 5017 est
599 4974 730 5015 vere
759 4958 928 5016 Deum
962 4961 1148 5019 videre
1169 5006 1185 5030 ,
1218 4973 1278 5019 ut
1309 4981 1588 5036 nunquam
1635 4968 1689 5021 id
1726 4968 2059 5023 desiderium

483 5051 833 5108 terminetur.
866 5050 1048 5116 Quare
1092 5070 1316 5110 necesse
1350 5067 1453 5120 est,
1490 5065 1551 5111 ut
1584 5073 1709 5113 cum
1756 5060 2060 5124 videamus,

484 5145 629 5201 sicut
658 5143 814 5199 nobis
848 5144 1111 5215 possibile
1143 5154 1265 5212 est,
1299 5150 1506 5218 majore
1534 5150 1755 5205 videndi
1784 5151 2061 5206 desiderio

2156 4051 2309 4123 παρὰ
2340 4050 2400 4104 τὸ
2428 4048 2591 4103 καλὸν
2625 4048 2841 4112 πάντως
2875 4048 3022 4101 ἐστί·
3053 4048 3114 4101 τὸ
3135 4048 3190 4101 δὲ
3219 4047 3324 4114 ἔξω
3353 4047 3444 4099 τοῦ
3472 4046 3659 4111 καλοῦ,
3682 4048 3737 4099 ἐν

2155 4144 2222 4213 τῇ
2272 4140 2365 4195 τοῦ
2417 4139 2585 4195 κακοῦ
2631 4139 2789 4207 φύσει
2837 4138 3334 4210 καταλαμϐάνεται.
3380 4137 3625 4207 Ἐδείχθη
3681 4138 3737 4190 δὲ

2159 4232 2552 4287 πολλαπλάσιον
2593 4226 2732 4284 εἶναι
2786 4228 2879 4282 τοῦ
2932 4227 3321 4299 περιεχομένου
3359 4228 3419 4280 τὸ
3462 4228 3733 4297 περιέχον.

2170 4326 2408 4394 Ἀνάγκη
2441 4319 2533 4376 οὖν
2567 4324 2718 4375 πᾶσα
2744 4360 2759 4385 ,
2790 4323 2916 4386 τοὺς
2948 4322 3006 4373 ἐν
3045 4320 3241 4391 πέρατι
3274 4320 3334 4373 τὸ
3368 4320 3521 4372 Θείον
3569 4319 3743 4389 οἰομέ-

2158 4434 2281 4480 νους
2317 4412 2457 4469 εἶναι
2482 4455 2497 4480 ,
2526 4417 2622 4468 καὶ
2655 4412 3114 4485 ἐμπεριειλῆςρθαι
3143 4410 3302 4465 τοῦτο
3331 4414 3396 4482 τῇ
3427 4411 3595 4483 κακίᾳ
3622 4428 3743 4463 συν-

2159 4508 2426 4562 τίθεσθαι.
2461 4508 2714 4561 Ἐλαττου
2724 4507 2885 4577 μένου
2913 4505 2968 4559 δέ
2997 4505 3196 4567 παντὸς
3225 4504 3317 4557 τοῦ
3354 4504 3738 4574 περιεχομένου

2158 4602 2257 4670 τῆς
2280 4598 2374 4651 τοῦ
2417 4598 2761 4669 περιέχοντος
2802 4597 3016 4664 φύσεως
3044 4636 3058 4661 ,
3097 4594 3386 4649 ἀκόλουθον
3412 4597 3479 4648 ἂν
3510 4596 3597 4664 εἴη
3648 4594 3742 4664 τὴν

2160 4690 2517 4759 ἐπικράτησιν
2560 4688 2653 4740 τοῦ
2698 4686 3079 4750 πλεονάζοντος
3116 4686 3382 4755 γίνεσθαι.
3415 4686 3624 4740 Οὐκοῦν
3663 4687 3746 4739 δυ·

2161 4780 2516 4835 ναστεύεσθαι
2537 4780 2601 4832 τὸ
2626 4779 2788 4833 καλὸν
2808 4780 2914 4832 ὑπὸ
2935 4778 3027 4832 τοῦ
3059 4778 3302 4831 ἐναντίου
3325 4776 3744 4842 κατασκευάζει,

2161 4876 2189 4926 ὁ
2230 4873 2425 4943 πέρατί
2459 4889 2563 4925 τινι
2590 4871 2919 4942 περιείργων
2955 4871 3015 4924 τὸ
3038 4870 3211 4924 Θεῖον.
3254 4870 3412 4923 Ἀλλὰ
3455 4871 3562 4941 μὴν
3589 4869 3749 4922 τοῦτο

2163 4965 2381 5018 ἄτοπον.
2412 4964 2526 5015 Οὐκ
2555 4963 2661 5033 ἄρα
2691 4962 2986 5033 περίληψίς
3023 4979 3108 5025 τις
3135 4965 3234 5031 τῆς
3263 4961 3497 5031 ἀοράτου
3534 4960 3750 5029 φύσεως

2164 5056 2584 5126 νομισθήσεται·
2616 5054 2677 5106 τὸ
2708 5053 2765 5107 δὲ
2794 5053 3186 5123 ἀπερίληπτον,
3206 5051 3618 5121 καταληφθῆναι
3649 5050 3752 5118 φύ-

2166 5164 2250 5199 σιν
2279 5147 2380 5199 οῠκ
2410 5145 2541 5215 ἔχει.
2591 5143 2750 5196 Ἀλλά
2786 5144 2936 5196 πᾶσα
2966 5142 3101 5213 πρὸς
3131 5143 3193 5195 τὸ
3232 5142 3394 5195 καλὸν
3425 5143 3457 5211 ὴ
3488 5141 3753 5210 ἐπιθυμία

483 5234 933 5301 exardescamus,
994 5243 1050 5297 et
1113 5236 1195 5290 sic
1258 5240 1443 5297 nullus
1500 5256 1740 5311 unquam
1794 5243 2048 5297 terminus

2168 5241 2200 5309 ἡ
2238 5238 2372 5309 πρὸς
2403 5214 2502 5307 τὴν
2524 5236 2706 5291 ἄνοδον
2726 5236 2943 5304 ἐκείνην
2974 5234 3330 5304 ἐφελκομένη,
3355 5234 3443 5286 ἀεὶ
3469 5232 3547 5302 τῷ
3567 5233 3755 5302 δρόμῳ

487 5325 769 5381 abscindet
797 5327 956 5382 nobis
988 5327 1090 5381 iter
1127 5327 1314 5398 hujus,
1352 5347 1476 5385 cum
1511 5348 1689 5402 neque
1726 5334 1902 5405 ipsius
1934 5333 2063 5387 boni

488 5417 761 5473 terminus
804 5417 1007 5487 aliquis
1044 5420 1155 5483 sit,
1192 5436 1294 5475 nec
1328 5422 1553 5477 satietas
1597 5425 1855 5480 desiderii
1901 5425 2067 5494 hujus

489 5508 667 5574 possit
708 5506 844 5562 fieri.
881 5508 989 5563 Sed
1037 5510 1288 5579 quisnam
1323 5520 1407 5568 est
1454 5514 1547 5567 ille
1574 5514 1747 5576 locus,
1786 5516 1879 5584 qui
1919 5516 2065 5584 apud

492 5594 661 5650 Deum
693 5613 815 5655 esse
845 5600 1204 5672 intelligitur?
1228 5601 1364 5668 Quis
1396 5605 1483 5660 ille
1514 5605 1688 5675 lapis?
1715 5622 1836 5675 quae
1864 5614 1947 5662 est
1974 5607 2065 5660 illa

490 5687 768 5755 capacitas
795 5688 847 5742 in
872 5690 1093 5760 lapide?
1117 5709 1236 5763 qua:
1258 5703 1340 5751 est
1371 5695 1462 5750 illa
1488 5704 1682 5752 manus
1715 5696 1830 5765 Dei,
1855 5713 1977 5769 quae
2002 5714 2065 5755 os

564 5858 607 5893 7°
641 5857 808 5916 Exod.
848 5878 1036 5929 xxxiii,
1073 5865 1162 5918 20.

2167 5330 2245 5399 τῷ
2276 5330 2413 5399 πρὸς
2446 5329 2506 5381 τὸ
2541 5328 2706 5380 καλὸν
2739 5327 2936 5397 ἱεμένῳ
2968 5325 3417 5380 συνεπιτείνεται.
3446 5325 3557 5378 Καὶ
3595 5324 3758 5377 τοῦτό

2169 5423 2313 5474 ἐστιν
2333 5420 2500 5483 ὅντως
2520 5419 2581 5471 τὸ
2602 5418 2727 5472 ἰδεῖν
2750 5418 2841 5471 τὸν
2874 5418 3027 5483 Θεὸν,
3058 5416 3120 5470 τὸ
3146 5416 3413 5488 μηδέποτε
3435 5418 3532 5485 τῆς
3565 5416 3755 5467 ἐπιθυ-

2174 5512 2301 5582 μίας
2334 5512 2494 5581 κόρον
2532 5512 2730 5582 εὑρεῖν.
2784 5509 2944 5562 Ἀλλὰ
2970 5510 3077 5580 χρὴ
3121 5509 3353 5563 πάντοτε
3393 5492 3655 5578 βλέποντα
3687 5505 3754 5560 δι’

2173 5601 2246 5657 ὧν
2274 5607 2390 5657 ἐστι
2426 5604 2650 5657 δυνατὸν
2680 5604 2833 5675 ὀρᾷν,
2873 5602 3008 5673 πρὸς
3031 5603 3129 5672 τὴν
3162 5602 3256 5654 τοῦ
3293 5602 3453 5654 πλέον
3482 5601 3607 5652 ἰδεῖν
3631 5601 3754 5652 ἐπι-

2175 5695 2375 5765 θυμίαν
2405 5692 2723 5747 ἐκκαίεσθαι
2745 5709 2756 5722 ·
2794 5692 2889 5746 καὶ
2913 5690 3085 5753 οὓτως
3105 5691 3278 5754 οὐδεὶς
3309 5691 3431 5761 ὅρος
3456 5688 3521 5743 ἂν
3567 5687 3757 5743 ἐπικό·
