3888 6402
197 487 285 547 LO’i
1509 487 1596 544 DE
1638 484 1798 545 VITA
1830 487 1971 549 Μοῗ
1982 485 2104 546 SIS.

3342 482 3444 542 ωδ

196 623 303 663 mat
330 607 421 675 τῆς
450 604 583 676 πρὸς
619 605 709 659 τὸν
755 602 886 657 Θεὸν
926 604 1113 658 ἀνόδου
1146 605 1241 674 τὴν
1274 605 1533 678 αὔξησιν,
1562 608 1650 661 διὰ
1692 609 1747 662 τὸ

1854 606 2053 678 lapidei
2091 602 2382 660 foraminis
2419 599 2661 658 retinet?
2693 597 2962 655 transitus
2997 613 3130 655 vero
3180 599 3273 655 Dei
3314 601 3444 670 quis

198 697 318 766 μήτε
362 693 450 747 τοῦ
489 693 654 747 καλοῦ
705 711 757 746 τι
802 693 975 763 πέρας
1015 694 1408 763 εὑρίσκεσθαι,
1454 698 1591 766 μήτε
1644 698 1751 755 τινὶ

196 786 325 855 κόρῳ
352 785 446 854 τὴν
477 784 700 857 πρόοδον
732 786 830 854 τῆς
862 782 997 853 πρὸς
1038 785 1098 835 τὸ
1148 783 1310 837 καλὸν
1339 784 1634 855 ἐπιθυμίας
1662 787 1752 838 ἑκ-

197 874 483 929 κόπτεσθαι.
513 875 671 929 Ἀλλά
705 876 791 938 τίς
811 877 839 928 ό
856 875 1019 938 τόπος
1043 876 1269 940 ἐκεῖνος,
1296 878 1325 929 ὁ
1349 877 1498 948 παρά
1523 876 1602 947 τῷ
1634 876 1753 947 Θεῷ

195 969 457 1037 νοούμενος
478 983 493 1031 ;
516 966 599 1029 τῖς
622 966 677 1018 δὲ
699 968 732 1037 ἡ
771 967 944 1036 πέτρα
969 984 984 1033 ;
1013 967 1104 1019 καὶ
1129 965 1179 1018 τί
1208 967 1369 1021 πάλιν
1393 969 1450 1022 ὲν
1476 971 1541 1040 τῇ
1576 967 1753 1039 πέτρᾳ

194 1057 246 1110 τὸ
277 1055 535 1126 χώρημα;
565 1054 648 1117 τίς
676 1055 732 1106 δὲ
766 1057 801 1125 η
848 1055 970 1125 χεὶρ
1011 1054 1106 1106 τοῦ
1137 1054 1303 1119 Θεοῦ,
1354 1058 1387 1124 ή
1424 1055 1483 1108 τὸ
1535 1057 1753 1126 στόμιον

197 1145 276 1198 τοῦ
312 1145 483 1198 κοίλου
510 1147 609 1215 τῆς
635 1143 839 1210 πέτρας
862 1143 1304 1213 διαλαμϐάνουσα
1323 1162 1338 1210 ;
1358 1148 1392 1216 ἡ
1426 1145 1481 1199 δὲ
1504 1143 1598 1198 τοῦ
1617 1143 1751 1198 Θεοῦ

198 1236 404 1306 πάροδος
433 1234 547 1301 τίς;
574 1236 626 1287 τί
659 1235 715 1287 δὲ
745 1234 909 1287 αὑτοῦ
941 1233 1000 1287 τὸ
1033 1236 1294 1298 ὀπίσθιον,
1330 1236 1464 1308 ὅπερ
1498 1239 1748 1302 αίτὴσανν

195 1347 241 1383 τι
270 1329 341 1401 τῷ
378 1330 600 1383 Μωΰσεί
630 1328 727 1398 τὴν
761 1325 902 1380 κατά
960 1328 1251 1397 πρόσωπον
1283 1327 1405 1397 ὄψιν
1431 1369 1447 1393 ,
1494 1328 1686 1382 δώσειν
1724 1330 1753 1381 6

194 1422 306 1485 Θεὸς
330 1420 719 1492 ἑπηγγείλατο;
751 1418 857 1490 χρὴ
890 1417 998 1489 γὰρ
1036 1419 1255 1483 πάντως
1293 1419 1436 1489 μέγα
1467 1437 1517 1472 τι
1548 1419 1753 1473 τούτων

193 1522 396 1574 ἕκαστον
442 1517 580 1573 εἶναι
604 1560 619 1585 ,
658 1520 752 1573 καὶ
798 1520 896 1589 τῆς
927 1515 1024 1570 τοῦ
1064 1515 1298 1576 διδόντος
1342 1512 1753 1584 μεγαλοδωρεᾶς

193 1611 389 1676 ἐπάξιον
407 1629 419 1642 ⁸
459 1611 601 1665 ὥστε
632 1610 809 1680 πάσης
852 1610 949 1679 τῆς
977 1605 1275 1676 γενομένης
1303 1604 1403 1675 ἤδη
1427 1602 1503 1674 τῷ
1534 1603 1753 1674 μεγάλῳ

192 1701 456 1772 θεράποντι
492 1698 813 1768 θεοφανείας
837 1736 853 1761 ,
899 1696 998 1766 τὴν
1049 1693 1381 1763 ἐπαγγελίαν
1415 1690 1621 1760 ταύτην
1658 1707 1753 1761 με-

191 1789 677 1860 γαλοπρεπεστέραν
732 1805 791 1839 τε
844 1786 938 1839 καὶ
982 1782 1316 1854 ὑψηλοτέραν
1377 1779 1747 1834 πιστεύεσθαι.

192 1881 299 1944 Πῶς
325 1878 412 1934 οὖν
448 1880 511 1934 ἄν
544 1897 631 1942 τις
658 1879 720 1932 τὸ
753 1877 886 1947 ὕψος
915 1878 974 1930 τὸ
1000 1879 1065 1929 ἑκ
1100 1876 1207 1929 τῶν
1241 1873 1548 1945 εἰρημένων
1578 1889 1751 1925 κατα-

1855 700 1989 756 est?
2031 706 2126 753 aut
2177 696 2453 768 posterius
2496 694 2637 765 ejus,
2674 694 2818 764 quod
2866 691 3040 761 Moysi
3085 691 3285 747 faciem
3319 693 3440 763 ejus

1856 791 1964 846 sibi
2006 798 2066 844 ut
2109 789 2298 843 videre
2336 788 2525 842 liceret
2564 784 2900 857 postulanti,
2940 784 3341 854 permissurum
3382 799 3443 840 se

1855 878 1998 936 Deus
2027 887 2112 935 est
2142 879 2459 950 pollicitus?
2483 883 2703 948 oportet
2726 878 2874 933 enim
2905 877 3151 947 profecto
3179 891 3441 947 magnum

1854 971 1984 1041 quid
2022 970 2451 1041 unumquodque
2492 970 2724 1025 istorum
2760 984 2906 1032 esse,
2948 975 3003 1022 et
3055 967 3163 1023 Deo
3199 967 3441 1023 donante

1854 1077 1964 1118 non
2005 1062 2319 1132 indignum,
2353 1061 2427 1115 ita
2476 1068 2535 1114 ut
2577 1060 2822 1115 omnium
2870 1059 3116 1123 visione,
3159 1074 3325 1130 quam
3371 1058 3439 1114 ad

1855 1151 2002 1205 hunc
2029 1166 2199 1221 usque
2223 1150 2365 1205 diem
2383 1148 2596 1220 Moyses
2624 1148 2858 1212 viderat,
2888 1148 3062 1218 major
3086 1149 3202 1204 haec
3233 1156 3288 1203 et
3308 1148 3438 1204 sub-

1853 1242 2035 1296 limior
2081 1240 2232 1297 credi
2273 1241 2464 1311 possit.
2528 1239 2815 1306 Quomodo
2856 1240 3024 1309 igitur
3067 1240 3285 1295 illorum
3317 1255 3440 1294 ver-

1855 1331 2049 1386 borum
2079 1330 2507 1400 profunditatem
2544 1328 2955 1401 intelligemus?
2983 1330 3189 1385 auxilio
3224 1330 3438 1385 scilicet

1855 1421 2025 1487 illius,
2054 1421 2149 1492 qui
2195 1429 2249 1477 et
2281 1421 2492 1492 Moysi,
2532 1429 2586 1475 et
2620 1421 2880 1475 omnibus
2921 1422 3015 1491 qui
3046 1436 3173 1476 cum
3215 1430 3435 1484 amant,

1854 1515 2070 1584 plenam
2127 1514 2193 1569 ad
2239 1529 2402 1571 omne
2457 1513 2661 1569 bonum
2715 1512 2860 1567 viam
2906 1514 3059 1568 'solet
3113 1521 3435 1583 praaslare:

1859 1622 1877 1654 ι
1916 1602 2076 1670 Ecce,
2130 1622 2149 1654 ι
2190 1602 2390 1672 inquit,
2439 1620 2457 1654 ι
2492 1603 2650 1657 locus
2690 1600 2838 1671 apud
2872 1616 2959 1655 me
2985 1601 3053 1653 τί.
3093 1620 3112 1652 ι
3146 1600 3305 1665 Quod
3356 1601 3438 1656 sic

1852 1690 2271 1762 intelligendum
2312 1700 2417 1754 est,
2456 1689 2603 1761 quod
2639 1689 2709 1744 ab
2735 1689 2826 1754 iis,
2861 1703 2985 1758 quae
3017 1703 3144 1743 mox
3174 1689 3434 1754 diximus,

1854 1799 1964 1837 non
1992 1783 2065 1839 sit
2093 1784 2353 1838 alienum.
2384 1782 2591 1837 Locum
2623 1781 2791 1853 igitur
2823 1780 2976 1845 dicit,
3002 1795 3113 1836 non
3144 1780 3436 1848 superficie

1852 1874 2273 1941 circumfusum,
2309 1890 2411 1930 nec
2444 1874 2753 1945 quantitate
2783 1871 2893 1928 ulla
2918 1872 3256 1943 descriptum
3290 1871 3309 1942 (
3336 1888 3436 1928 nec

190 1974 405 2042 νοήσειεν
425 2013 440 2038 ,
473 1973 556 2041 ἐφ’
584 1965 630 2039 ᾧ
674 1970 811 2041 μετὰ
850 1970 948 2031 τὰς
988 1966 1255 2029 τοσαύτας
1302 1964 1596 2026 ἀναϐάσεις
1627 1963 1656 2017 ὅ
1688 1979 1747 2016 τε

1854 1970 1995 2024 enim
2035 1977 2120 2024 est
2162 1970 2217 2023 in
2267 1970 2541 2024 immenso
2588 1964 3123 2038 mensura;(sedrad
3158 1965 3432 2020 infinitum

190 2067 402 2136 Μωῦσῆς
433 2066 701 2135 ἀναϐῆναι
728 2063 903 2132 ποθεῖ,
921 2065 1016 2116 καὶ
1038 2064 1066 2115 6
1093 2064 1204 2125 τοῖς
1227 2058 1484 2128 ἀγαπῶσι
1505 2057 1597 2111 τὸν
1617 2056 1747 2109 Θεὸν

1854 2069 2016 2131 atque
2044 2060 2452 2116 interminabile
2479 2059 2587 2114 loci
2613 2058 2858 2120 nomine,
2883 2056 2976 2127 qui
3005 2056 3433 2126 circumscripta

191 2155 347 2207 πάντα
371 2155 648 2226 συνεργῶν
683 2157 762 2217 είς
785 2154 843 2207 τὸ
880 2151 1082 2221 ἀγαθὸν
1108 2192 1122 2219 ,
1147 2151 1494 2222 ἐξευμαρίζει
1521 2149 1607 2202 διὰ
1648 2147 1747 2217 τῆς

1854 2166 2109 2206 mensura
2135 2150 2488 2213 terminatur,
2520 2148 2831 2204 auditorem
2852 2146 3101 2217 deduxit;
3126 2148 3272 2201 hunc
3300 2161 3434 2217 ergo

187 2245 382 2317 ὁδηγίας
412 2246 507 2318 τὴν
537 2245 742 2300 ἄνοδονο
763 2267 780 2295 ι
805 2244 935 2297 Ἰδοὺ
951 2244 1133 2311 τόπος,
1149 2262 1166 2295 ι
1189 2242 1341 2313 φησι,
1368 2243 1527 2313 «παρ’
1547 2242 1571 2293 ἑ
1581 2240 1690 2310 μοί.
1722 2258 1740 2289 ι

1854 2248 2076 2300 sensum
2112 2242 2510 2299 subostendere
2544 2242 2677 2295 mihi
2712 2240 2951 2296 videtur:
2987 2238 3259 2304 Quoniam
3307 2238 3428 2303 tibi,

187 2336 450 2406 Συμϐαίνει
500 2339 646 2407 τάχα
700 2339 812 2399 τοῖς
857 2333 1393 2407 προτεθεωρημένοις
1440 2332 1501 2386 τὸ
1544 2332 1743 2403 νόημα.

1854 2333 2090 2406 Moyses,
2119 2333 2186 2388 ad
2219 2333 2497 2388 anteriora
2529 2330 2791 2403 pergendi
2820 2345 3034 2401 semper
3062 2331 3258 2401 ingens
3288 2328 3435 2384 desi-

188 2428 339 2481 Τόπον
365 2430 468 2501 γὰρ
490 2428 669 2482 εἰπὼν
708 2429 769 2481 οὑ
803 2426 1106 2498 περιείργει
1139 2426 1217 2497 τῷ
1255 2423 1406 2495 ποσῷ
1445 2423 1507 2476 τὸ
1537 2422 1746 2476 δεικνύε-

1854 2427 2061 2483 derium
2091 2436 2195 2491 est,
2232 2441 2334 2482 nec
2372 2426 2485 2480 ullo
2514 2423 2679 2495 hujus
2709 2438 2907 2479 cursus
2945 2422 3128 2478 labore
3162 2420 3435 2492 defatiga-

189 2536 328 2588 μενον
355 2521 462 2591 (ἐπὶ
488 2520 602 2592 γὰρ
630 2519 722 2572 τοῦ
754 2518 959 2572 ἁπόσου
1007 2517 1201 2589 μέτρον
1242 2517 1342 2569 οὐκ
1393 2514 1581 2584 ἐστιν),
1611 2514 1747 2568 ἀλλά

1854 2521 1946 2586 ris,
1972 2535 2075 2576 nec
2096 2520 2390 2575 terminum
2417 2517 2582 2589 hujus
2608 2515 2938 2586 assequendi
2965 2515 3093 2570 boni
3119 2513 3431 2576 constituis.

188 2613 241 2679 τῇ
270 2612 572 2683 παρειλήφει
613 2611 714 2680 τῆς
749 2608 889 2663 κατά
912 2609 971 2662 τὸ
1013 2608 1207 2679 μέτρον
1236 2607 1585 2678 περιγραφῆς
1611 2648 1621 2667 ,
1656 2606 1746 2661 ἐπὶ

1854 2612 1953 2668 sed
1998 2626 2214 2682 semper
2269 2610 2452 2665 iubias
2489 2609 2559 2664 ad
2605 2609 2853 2678 majora,
2891 2606 3038 2661 scias
3068 2611 3280 2659 tantum
3312 2619 3435 2660 esse

185 2702 236 2754 τὸ
261 2703 469 2774 ἀπειρόν
492 2720 557 2757 τε
586 2704 679 2756 καὶ
710 2703 958 2773 ἀόριστον
989 2702 1321 2772 χειραγωγεῖ
1340 2700 1431 2754 τὸν
1454 2698 1742 2753 ἀκούοντα.

1854 2702 1996 2771 apud
2030 2716 2117 2756 me
2163 2702 2448 2765 locum,ut
2467 2713 2750 2769 nunquam
2782 2696 3076 2753 terminum
3109 2694 3231 2764 ejus
3263 2709 3430 2749 cursu

184 2792 322 2845 Δοκεῖ
349 2795 518 2847 τοίνυν
561 2792 796 2846 τοιοῦτόν
840 2807 962 2844 τινα
1001 2790 1124 2844 νοῦν
1165 2790 1554 2860 ὑποσημαίνειν
1593 2790 1623 2842 ὁ
1659 2789 1747 2843 λό-

1854 2802 1946 2846 aut
1974 2791 2160 2845 volatu
2192 2791 2378 2860 aliquo
2399 2803 2572 2859 queas
2597 2788 2847 2843 invenire
2870 2805 2884 2842 :
2915 2786 3006 2841 hic
3030 2793 3212 2840 autem
3237 2800 3434 2839 cursus

184 2897 281 2947 γος·
319 2885 525 2956 Ἐπειδὴ
566 2901 648 2938 σοι
679 2882 813 2954 πρὸς
843 2884 904 2935 τὺ
934 2881 1239 2952 ἔμπροσθεν
1267 2882 1299 2950 ἡ
1326 2879 1590 2949 ἐπιθυμία
1622 2898 1743 2933 συν-

1854 2889 2019 2952 atque
2064 2881 2280 2937 volatus
2307 2888 2484 2937 status
2509 2879 2730 2951 quidem
2761 2886 2847 2935 est
2877 2878 2981 2932 alia
3015 2877 3248 2933 ratione.
3283 2894 3301 2926 ι
3345 2872 3432 2928 Si-

183 2971 432 3040 τέτακται,
470 2974 568 3027 καί
602 2990 681 3025 σοι
705 2972 798 3026 τοῦ
825 2972 1026 3041 δρόμου
1054 2970 1208 3041 κόρος.
1240 2970 1415 3032 οὐδεὶς
1434 3009 1447 3031 ,
1481 2969 1599 3022 οὑδέ
1624 2987 1743 3023 τινα

1854 2983 1990 3028 stam
2021 2975 2191 3037 enim,
2227 2993 2245 3026 ι
2281 2973 2484 3043 inquit,
2520 2987 2539 3022 ι
2572 2979 2628 3025 te
2659 2971 2713 3024 in
2744 2970 2943 3042 lapide.
2987 2988 3008 3022 ι

180 3065 261 3120 τοῦ
282 3066 474 3133 ἀγαθοῦ
505 3067 669 3137 κόρον
697 3065 1008 3127 ἐπίστασαι,
1045 3063 1156 3117 ἀλλ’
1187 3064 1273 3117 ἀεὶ
1295 3063 1429 3133 πρὸς
1463 3066 1525 3117 τὸ
1586 3064 1765 3117 πλεῖον
1790 3066 1820 3117 ό
1847 3067 2009 3134 πόθος
2062 3068 2275 3139 βλέπει’
2341 3065 2594 3130 τοσοῦτός
2648 3067 2797 3121 ἑστιν
2854 3066 2883 3117 6
2926 3064 3056 3135 παρ’
3090 3063 3214 3134 δμοὶ
3249 3064 3430 3128 τόπος,

182 3156 303 3211 ὥστε
337 3159 422 3211 τὸν
468 3161 527 3212 ὲν
576 3156 723 3227 αὑτῷ
773 3156 1072 3217 διαθέοντα,
1110 3154 1378 3226 μηδέποτε
1424 3155 1715 3228 δυνηθῆναι
1747 3158 1903 3230 λῆξαι
1938 3160 2032 3215 τοῦ
2061 3160 2284 3234 δρόμου.
2352 3160 2410 3213 Ὀ
2447 3158 2503 3212 δὲ
2534 3157 2764 3230 δρόμος,
2827 3156 2998 3227 ἑτέρῳ
3042 3154 3186 3226 λόγῳ
3248 3154 3433 3220 στάσις

181 3254 299 3309 ἔστί.
341 3273 358 3307 ι
382 3255 572 3325 Στήσω
609 3253 717 3322 γάρ
748 3268 862 3316 es,»
900 3251 1063 3320 φησιν
1083 3288 1097 3313 ,
1138 3269 1157 3300 ι
1182 3251 1275 3303 ἑπὶ
1310 3252 1410 3321 τῆς
1441 3250 1700 3322 πέτρας.»

3300 2976 3333 2989 Ψ

242 3390 399 3445 Τοῦτο
420 3390 476 3444 δὲ
508 3388 573 3443 τὸ
597 3387 813 3442 πάντων
838 3384 1270 3456 παραδοξότατον
1298 3429 1309 3444 ,
1345 3385 1457 3450 πῶς
1507 3387 1567 3439 τὸ
1614 3384 1745 3441 αὑτὸ

1917 3388 2168 3445 Mirabile
2199 3388 2414 3453 auditu,
2462 3388 2738 3459 quomodo
2769 3400 2939 3441 unum
2980 3398 3044 3438 ac
3081 3383 3222 3440 idem
3257 3389 3433 3438 status

183 3482 266 3533 καὶ
294 3482 473 3544 στάσις
501 3480 625 3532 ἐστὶ
657 3479 750 3532 καὶ⁹
780 3477 993 3547 κίνησις
1012 3493 1025 3506 ’
1076 3479 1104 3530 6
1145 3476 1255 3546 γὰρ
1284 3475 1447 3529 ἀνιὼν
1475 3516 1487 3538 ,
1533 3476 1747 3540 πάντως

1854 3486 1905 3535 et
1940 3490 2119 3535 motus
2148 3487 2234 3534 est
2265 3496 2277 3531 :
2326 3478 2372 3535 si
2407 3478 2535 3547 quid
2573 3477 2842 3540 ascendit,
2879 3490 2988 3529 non
3022 3482 3132 3531 stat
3169 3492 3183 3528 :
3216 3474 3261 3528 si
3298 3481 3431 3538 stat,

182 3573 266 3643 οὐχ
294 3574 516 3638 ἵσταται,
564 3570 657 3625 καὶ
692 3571 720 3622 6
754 3567 923 3633 ἑστὼς
944 3570 1045 3622 οὑκ
1074 3567 1391 3639 ἀνέρχεται·
1428 3569 1660 3623 ἐνταῦθα
1692 3569 1747 3622 δὲ

1854 3581 1960 3622 non
1993 3567 2238 3623 ascendit
2271 3585 2285 3620 :
2316 3575 2370 3620 at
2409 3565 2500 3620 hic
2543 3565 2816 3628 ascendit,
2849 3564 2977 3633 quia
3009 3571 3137 3620 stat.
3173 3562 3307 3617 Nam
3338 3563 3435 3633 qui

181 3660 257 3714 διὰ
278 3662 363 3715 τοῦ
385 3662 630 3725 ἑστάναι,
661 3658 721 3711 τὸ
746 3656 1010 3727 ἀναϐῆναι
1035 3656 1244 3724 γίνεται
1267 3673 1280 3689 ’
1309 3656 1469 3709 τοῦτο
1495 3656 1549 3708 δέ
1580 3658 1746 3720 ἐστιν,

1854 3661 2094 3715 caducus
2121 3674 2186 3714 ac
2211 3657 2490 3714 instabilis
2516 3656 2945 3727 cogitationibus
2980 3662 3100 3719 est,
3137 3670 3248 3709 non
3289 3653 3433 3708 ﬁxus

182 3749 251 3801 ὅτι
279 3750 380 3822 ὅσῳ
430 3768 513 3815 τις
570 3748 764 3817 πάγιός
815 3764 876 3801 τε
925 3749 1019 3801 καὶ
1065 3747 1396 3818 ἀμετάθετος
1422 3748 1478 3799 ἐν
1509 3747 1748 3817 τῷάγα-

182 3837 249 3909 θῷ
264 3839 496 3911 διαμένει
518 3859 535 3872 ο
573 3838 812 3910 τοσούτῳ
852 3838 1012 3892 πλέον
1037 3838 1128 3892 τὸν
1164 3840 1263 3908 τῆς
1309 3837 1510 3908 ἀρετῆς
1544 3835 1748 3889 διανύει

180 3933 378 4005 δρόμον.
415 3935 473 3988 '0
502 3933 617 4004 γὰρ
660 3931 1001 4005 περισφαλὴς
1031 3948 1089 3984 τε
1127 3931 1222 3983 καὶ
1253 3928 1570 3999 ὀλισθηρὸς,
1608 3928 1749 3982 κατά

179 4024 263 4093 τὴν
296 4025 396 4079 τῶν
444 4024 726 4095 λογισμῶν
776 4024 931 4094 βάσιν
971 4022 1226 4077 ἀϐέϐαιον
1258 4020 1357 4092 τὴν
1397 4021 1455 4074 ἑν
1487 4022 1565 4093 τῷ
1598 4019 1750 4091 καλῷ

183 4113 350 4167 στάσιν
370 4114 506 4186 ἔχων
526 4156 544 4181 ,
572 4113 1028 4184 κλυδωνιζόμενός
1053 4131 1110 4167 τε
1163 4113 1257 4166 καὶ
1296 4114 1745 4184 περιφερόμενος,

180 4204 343 4269 καθώς
371 4223 538 4276 φησιν
569 4206 597 4258 6
639 4202 962 4268 Ἀπόστολος
983 4245 995 4267 ,
1026 4205 1120 4257 καὶ
1146 4205 1265 4266 ταῖς
1297 4205 1424 4273 περὶ
1453 4204 1562 4256 τῶν
1582 4203 1748 4256 ὄντων

176 4290 487 4363 ὑπολήψεσιν
516 4292 878 4357 ἐπιδιστάζων
911 4297 1004 4348 καὶ
1045 4294 1498 4365 κραδαινόμενος,
1546 4297 1645 4350 οὑκ
1682 4296 1748 4351 ἄν

178 4401 291 4438 ποτε
321 4388 453 4458 πρὸς
473 4388 539 4441 τὸ
575 4385 709 4456 ὕψος
738 4389 837 4458 τῆς
869 4387 1067 4457 ἀρετῆς
1102 4386 1428 4459 ἀναδράμοι.
1463 4388 1549 4452 Ὡς
1583 4391 1631 4442 οἱ
1660 4389 1749 4444 διὰ

184 4474 383 4545 μάμμου
410 4475 721 4547 βαδίζοντες
752 4477 887 4548 πρὸς
918 4478 980 4530 τὸ
1000 4477 1225 4541 ἄναντες
1245 4518 1259 4538 ,
1292 4478 1396 4532 κᾶν
1419 4480 1629 4550 μεγάλα
1651 4481 1748 4534 τύ-

174 4579 297 4632 χωσι
330 4570 440 4631 τοῖς
464 4569 596 4620 ποσὶ
619 4567 1009 4631 διαϐαίνοντες,
1047 4567 1281 4636 ἀνόνητα
1306 4567 1593 4638 μοχθοῦσιν
1616 4608 1629 4633 ,
1660 4570 1749 4623 ἀεὶ

177 4654 297 4722 πρὸς
346 4658 406 4711 τὸ
465 4660 621 4714 κάτω
678 4660 777 4728 τῆς
843 4658 1053 4728 βάσεως
1109 4660 1626 4730 συγκαταρρεούσης
1679 4663 1743 4733 τῇ

172 4742 397 4818 ψάμμῳ·
430 4749 508 4813 ὡς
533 4747 633 4819 τὴν
657 4749 754 4818 μὲν
787 4748 1001 4818 κίνησιν
1035 4749 1406 4818 ἐνεργεῖσθαι,
1439 4752 1663 4824 πρόοδον
1688 4754 1745 4807 δὲ

179 4833 430 4906 μηδεμίαν
458 4842 564 4909 τῆς
581 4839 846 4907 κινήσεως
867 4836 1138 4906 γίνεσθαι.
1174 4840 1236 4892 Εἰ
1269 4839 1324 4892 δέ
1354 4858 1471 4904 τις,
1503 4842 1685 4908 καθὼς
1713 4847 1746 4915 ή

173 4921 444 4997 ψαλμῳδία
467 4929 629 4999 φησὶ,
655 4929 753 4999 τῆς
784 4927 878 4983 τοῦ
909 4929 1071 5000 βυθοῦ
1110 4930 1462 5002 ὑποστάθμης
1502 4932 1747 4988 ἀνασπά-

178 5028 265 5078 σας
303 5019 428 5080 τοὺς
481 5019 683 5083 πόδας,
723 5020 815 5072 ἐπὶ
848 5023 948 5091 τῆς
981 5019 1188 5091 πέτρας
1213 5019 1435 5084 τούτους
1482 5022 1744 5094 ἐρείσειεν

1850 3754 1905 3808 in
1937 3754 2081 3808 bono
2116 3767 2218 3807 nec
2250 3765 2615 3821 permanens,
2648 3750 2741 3805 sed
2779 3747 3055 3803 ﬂuctuans
3101 3755 3155 3802 et
3190 3746 3430 3801 circum-

1851 3853 2029 3909 actus,
2058 3852 2117 3898 ut
2146 3844 2222 3897 ait
2252 3842 2578 3913 Apostolus,
2613 3840 2894 3909 variisque
2918 3838 2987 3894 de
3021 3853 3203 3892 rerum
3236 3846 3431 3892 natura

1850 3937 2201 4008 opinionibus
2244 3940 2300 3992 in
2343 3947 2636 4005 utramque
2673 3940 2882 4003 partem
2930 3931 3202 4001 impulsus
3240 3936 3294 3984 et
3334 3944 3432 3985 ex-

1853 4027 2132 4097 agitatus,
2194 4029 2242 4083 is
2296 4040 2575 4096 nunquam
2635 4024 2702 4079 ad
2760 4021 3152 4078 sublimitatem
3209 4020 3432 4074 virtutis

1851 4119 2118 4185 ascendit,
2154 4122 2297 4174 sicut
2326 4118 2418 4188 qui
2455 4118 2626 4172 colles
2656 4123 2927 4170 conantur
2965 4112 3233 4169 scandere
3263 4112 3435 4168 sabu-

1850 4212 2000 4268 losos
2029 4230 2043 4265 :
2076 4227 2201 4265 nam
2231 4212 2335 4267 etsi
2365 4207 2621 4279 projectis
2650 4208 2705 4261 in
2735 4208 2956 4277 longum
2982 4205 3216 4276 pedibus
3239 4220 3431 4276 magna

1850 4304 2088 4359 transire
2122 4303 2298 4373 spatia
2337 4302 2646 4360 videantur,
2698 4312 2913 4367 semper
2952 4304 3136 4350 tamen
3174 4294 3242 4351 ad
3286 4294 3431 4351 infe-

1851 4395 1994 4449 riora
2041 4394 2265 4463 delapso
2306 4390 2501 4446 sabulo
2539 4386 2884 4443 deferuntur.
2932 4386 3111 4442 Motus
3147 4386 3316 4456 igitur
3346 4385 3429 4449 fit,

1849 4500 2175 4556 progressus
2220 4490 2400 4538 autem
2433 4480 2620 4536 nullus
2652 4480 2836 4547 ﬁt._At
2875 4479 2921 4532 si
2967 4478 3115 4547 quis,
3174 4484 3235 4531 ut
3277 4475 3431 4532 Psal-

1848 4577 2011 4633 mista
2042 4577 2206 4639 dicit,
2240 4590 2269 4629 a
2301 4574 2433 4629 faece
2462 4572 2720 4644 profundi
2746 4579 3012 4628 retractos
3041 4570 3207 4640 pedes
3243 4569 3298 4623 in
3325 4569 3429 4623 hoc

1851 4668 2100 4740 posuerit
2145 4666 2325 4736 lapide
2370 4666 2552 4736 (lapis
2599 4674 2783 4720 autem
2825 4662 3080 4717 Christus
3115 4668 3221 4726 est,
3255 4660 3431 4730 pleni-

1852 4757 1982 4814 tudo
2011 4759 2274 4813 virtutum
2300 4757 2547 4811 omnium
2579 4754 2598 4825 )
2625 4771 2639 4811 :
2664 4759 2879 4824 quanto
2899 4751 3109 4807 firmior
3139 4766 3204 4807 ac
3232 4752 3432 4805 immo—

1846 4849 2031 4911 bilior,
2083 4857 2142 4902 ut
2177 4847 2377 4902 Paulus
2426 4846 2691 4907 consulit,
2740 4845 2794 4899 in
2840 4843 2991 4898 bono
3030 4842 3220 4907 fuerit,
3276 4848 3432 4897 tanto

1850 4940 2094 4996 velocius
2133 4940 2300 5005 volat,
2334 4939 2441 4994 hac
2477 4937 2777 4993 stabilitate
2811 4937 2971 5006 quasi
3017 4933 3213 5005 pennis
3253 4934 3432 4989 eleva-

1851 5038 1959 5085 tus.

176 5108 223 5177 (ἡ
242 5112 408 5183 πέτρα
433 5114 491 5168 δέ
527 5117 675 5169 ἐστιν
706 5117 734 5168 ὁ
760 5116 1024 5187 Χριστὸς,
1055 5117 1088 5185 ἡ
1117 5114 1385 5186 παντελὴς
1413 5116 1624 5189 ἀρετὴ),
1656 5120 1766 5190 ὅσῳ
1794 5123 1994 5194 μᾶλλον
2016 5125 2228 5196 ἑδραῖος
2262 5125 2319 5176 ἑν
2363 5121 2442 5191 τῷ
2484 5120 2675 5192 ἀγαθῷ
2717 5122 2812 5175 καὶ
2861 5119 3260 5192 ἀμετακίνητος
3287 5114 3429 5170 κατά

172 5198 259 5269 τὴν
315 5204 629 5277 συμϐουλὴν
690 5204 783 5259 τοῦ
837 5204 1052 5259 Παύλου
1110 5204 1338 5273 γίνεται,
1377 5206 1617 5276 τοσούτῳ
1668 5208 1862 5264 θᾶττον
1913 5213 2118 5266 διανύει
2177 5211 2269 5265 τὸν
2321 5212 2519 5283 δρόμον
2549 5250 2565 5275 ,
2606 5205 2717 5263 οἷόν
2771 5226 2878 5262 τινι
2920 5206 3104 5277 πτερῷ
3139 5207 3205 5276 τῇ
3242 5203 3428 5258 στάσει

174 5289 439 5361 χρώμενος
460 5336 475 5361 ,
517 5295 615 5349 καὶ
650 5295 786 5366 πρὸς
815 5295 913 5367 τὴν
939 5294 1054 5351 ἄνω
1081 5295 1327 5366 πορείαν,
1350 5295 1438 5349 διὰ
1463 5300 1561 5369 τῆς
1584 5298 1932 5372 βεϐαιότητος
1968 5300 2063 5356 τοῦ
2102 5301 2309 5371 ἀγαθοῦ
2336 5343 2349 5368 ,
2379 5303 2476 5373 τὴν
2508 5300 2735 5373 καρδίαν
2771 5299 3152 5370 πτερούμενος.

246 5429 301 5481 Ὀ
324 5429 418 5485 οῦν
447 5433 732 5501 ὑποδείξας
767 5434 846 5504 τῷ
887 5436 1110 5489 Μωῦσεῖ
1134 5435 1223 5489 τὸν
1254 5435 1438 5500 τόπον,
1487 5440 1747 5510 παρορμᾷ

174 5515 298 5584 πρὸς
346 5520 438 5576 τὸν
482 5524 700 5596 δρόμον.
755 5524 865 5596 Τὴν
915 5525 971 5578 δὲ
1013 5525 1107 5577 ἐπὶ
1163 5527 1262 5598 τῆς
1320 5527 1524 5598 πέτρας
1575 5530 1745 5596 ἐπαγ-

174 5611 478 5681 γειλάμενος
533 5618 752 5681 στάσιν,
799 5618 892 5670 τὸν
936 5617 1136 5688 τρόπον
1181 5620 1280 5689 τῆς
1329 5618 1479 5683 θείας
1531 5620 1744 5689 ἐκείνης

175 5701 572 5776 σταδιοδρομίας
596 5708 744 5778 αὐτῷ
779 5707 1140 5766 ὑποδείκνυσι.
1173 5710 1245 5765 Τὸ
1272 5710 1327 5764 δὲ
1370 5711 1427 5765 ὲν
1467 5713 1532 5782 τῇ
1571 5711 1743 5784 πέτρᾳ

242 5874 280 5905 ⁷¹
307 5877 479 5933 Exod.
524 5897 713 5948 XIY‘lt,

1923 5440 2060 5497 Cum
2095 5440 2260 5512 igitur
2307 5442 2486 5497 locum
2522 5439 2664 5511 apud
2715 5452 2774 5492 se
2807 5434 3075 5497 ostendit,
3122 5432 3187 5487 ad
3232 5446 3425 5502 perpe-

1854 5539 2006 5585 tuum
2053 5546 2276 5586 cursum
2324 5531 2685 5593 exhortatur;
2730 5541 2854 5582 cum
2906 5533 3106 5581 statum
3157 5523 3211 5576 in
3249 5523 3427 5592 lapide

1852 5621 2106 5677 daturum
2142 5638 2201 5678 se
2235 5622 2530 5692 promittit,
2566 5618 2786 5674 modum
2823 5616 2993 5673 divini
3039 5630 3237 5671 cursus
3277 5615 3424 5670 illius

1849 5714 2026 5782 Moysi
2072 5714 2373 5783 subaperit.
2402 5712 2693 5783 Capacitas
2719 5725 2847 5767 vero
2879 5716 2973 5764 aut
3009 5706 3257 5766 foramen
3287 5706 3423 5778 lapic
