3888 6404
467 473 573 532 ιω

1708 480 1766 536 S.
1795 481 2130 542 GDEGORII
2166 482 2465 541 NYSSENI

3630 499 3727 554 6οῚ

466 586 554 642 dis
575 586 757 642 verbis
781 586 1023 657 Apostoli
1047 585 1360 660 expositum
1386 597 1493 658 est,
1519 604 1645 648 eum
1672 594 1901 652 domum
1935 614 2046 655 non

2162 601 2410 673 (ώρημα,
2459 582 2525 672 ἦν
2566 601 2705 670 ὀπὴν
2746 600 3003 671 ὀνομάζει
3040 600 3070 653 6
3097 600 3288 671 λόγος,
3325 601 3505 666 καλῶς
3536 604 3566 658 6
3602 604 3738 668 θεῖος

467 692 634 733 manu
668 676 863 733 factam
899 679 1181 736 caelestem
1217 695 1314 752 spe
1360 681 1429 740 iis
1467 688 1766 753 reservari,
1800 690 1895 760 qui
1930 697 2047 746 ter-

467 780 642 826 restre
695 772 1110 828 tabernaculum
1163 773 1571 845 dissolverant,
1629 790 1861 837 asserat.
1912 781 2049 838 Nam

465 870 617 919 certe
649 864 743 935 qui
796 879 1022 921 cursum
1071 866 1332 937 perfecit,
1370 877 1431 924 ut
1469 870 1586 941 ipse
1617 870 1787 940 dicit,
1830 874 1886 928 in
1940 875 2051 929 lato

466 956 561 1011 illo
594 963 650 1011 et
683 957 1048 1028 capacissimo
1083 958 1282 1026 stadio,
1313 962 1461 1031 quod
1496 962 1684 1019 divina
1721 978 1826 1019 vox
1866 964 2049 1021 locum

467 1049 781 1120 appellavit,
819 1050 915 1121 qui
963 1049 1219 1107 videlicet
1270 1051 1430 1109 [idem
1471 1057 1841 1124 conservavit,
1881 1072 1945 1113 ac
1994 1058 2049 1113 in

468 1140 668 1211 lapide,
701 1140 778 1196 uti
804 1141 1149 1212 aenigmatice
1177 1142 1401 1211 dicitur,
1435 1147 1600 1217 pedes
1626 1163 1760 1204 suos
1788 1149 2045 1213 ﬁrmavit,

466 1230 516 1286 is
544 1246 747 1287 corona
773 1232 1004 1302 iustitiae
1043 1249 1074 1289 a
1109 1250 1273 1290 manu
1305 1237 1426 1308 ejus
1454 1238 1547 1308 qui
1590 1241 1709 1294 haec
1743 1239 2049 1295 certamina

467 1320 628 1377 nobis
669 1324 982 1394 proposuit,
1029 1327 1410 1384 coronabitur.
1457 1328 1583 1386 Haec
1630 1338 1815 1387 autem
1875 1331 2049 1403 gloria

466 1411 656 1468 multis
689 1424 1041 1486 nuncupatur
1087 1432 1119 1472 a
1159 1417 1447 1489 Scriptura
1500 1421 1820 1479 nominibus
1871 1442 1884 1477 :
1940 1437 2050 1477 una

466 1503 611 1558 enim
635 1512 690 1559 et
718 1503 909 1562 eadem
939 1521 1029 1564 res
1056 1508 1149 1563 hic
1175 1510 1397 1580 quidem
1422 1511 1624 1582 lapidis
1650 1512 1930 1583 capacitas
1954 1526 2051 1581 ap-

468 1593 723 1668 pellatur,
754 1595 809 1650 in
850 1596 975 1652 aliis
1006 1606 1187 1654 autem
1222 1600 1464 1671 paradisi
1499 1602 1746 1668 deliciae,
1795 1604 2051 1658 taberna-

466 1684 654 1739 culum
685 1694 973 1755 aeternum,
1006 1690 1219 1744 mansio
1261 1690 1405 1760 apud
1443 1690 1690 1757 Patrem,
1722 1692 2053 1763 patriarchas

466 1777 623 1833 sinus
646 1816 661 1843 ,
698 1779 849 1849 regio
881 1781 1183 1836 viventium
1205 1822 1219 1847 ,
1258 1796 1402 1853 aqua
1453 1785 1753 1854 requietis.
1790 1784 2052 1841 Hierusa-

466 1868 571 1925 lem
605 1870 879 1940 superior,
911 1886 1139 1942 regnum
1168 1874 1436 1930 caelorum
1462 1916 1477 1937 ,
1513 1875 1756 1947 Babylon
1804 1878 2045 1933 vocatio-

2167 692 2489 754 Ἀπόστολος
2510 692 2570 744 ὲν
2591 693 2705 754 τοῖς
2733 690 2883 754 ἰδίοις
2912 690 3089 759 λόγοις
3114 691 3536 763 διηρμήνευσεν,
3569 693 3742 748 οἰκίαν

2152 781 2562 855 ἀχειροποίητον
2617 782 2877 852 οὐρανίαν
2929 782 3251 836 ἀποκεῖσθαι
3287 782 3352 837 δι’
3384 784 3599 849 ἐλπίδος
3634 787 3744 849 τοῖς

2151 874 2251 944 τὴν
2285 873 2479 944 γηῖνην
2522 874 2730 945 σκηνὴν
2771 873 3055 927 διαλύσασι
3105 873 3300 943 λέγων.
3355 858 3598 947 Ἀληθῶς
3638 878 3745 949 γὰρ

2151 966 2181 1017 ὀ
2207 965 2299 1018 τὸν
2325 964 2522 1036 δρόμον
2546 964 2769 1029 τελέσας
2787 1005 2801 1028 ,
2839 964 3022 1030 καθώς
3051 982 3216 1036 φησιν
3244 969 3272 1020 6
3311 967 3657 1032 ’Δπόστολος,
3689 971 3744 1022 ἐν

2152 1057 2347 1129 ἐκείνῳ
2372 1056 2451 1127 τῷ
2502 1056 2697 1110 πλατεῖ
2736 1057 2830 1125 καὶ
2877 1057 3177 1130 εὐρυχώρῳ
3230 1059 3464 1131 σταδίῳ,
3498 1060 3558 1115 δν
3586 1060 3746 1116 τόπον

2153 1147 2409 1219 ὀνομάζει
2448 1148 2481 1218 ἡ
2534 1145 2654 1201 θεία
2708 1150 2900 1219 φωνὴ,
2944 1150 3042 1203 καὶ
3087 1149 3188 1221 τὴν
3238 1152 3422 1205 πίστιν
3478 1155 3743 1225 τηρήσας,

2152 1240 2294 1311 ἢτοι,
2316 1238 2499 1302 καθώς
2533 1256 2666 1310 φησι
2694 1238 2757 1292 τὺ
2780 1240 3043 1311 αἴνιγμα,
3094 1243 3190 1295 ἐπὶ
3220 1244 3319 1313 τῆς
3371 1244 3580 1317 πέτρας
3622 1247 3747 1309 τοὺς

2158 1331 2320 1395 ἰδίους
2378 1330 2545 1393 πόδας
2596 1330 2815 1401 ἐρείσας
2839 1349 2853 1363 ι
2911 1323 3066 1396 οὗτος
3122 1332 3202 1403 τῷ
3244 1333 3347 1404 τῆς
3402 1334 3748 1407 δικαιοσύνης

2155 1421 2405 1493 στεφάνῳ
2433 1421 2582 1493 παρὰ
2613 1421 2711 1493 τῆς
2748 1422 2930 1494 χειρὸς
2969 1423 3063 1477 τοῦ
3097 1424 3437 1492 ἀγωνοθέτου
3470 1427 3746 1480 καλλωπιο

2155 1515 2411 1587 σθήσεται
2450 1532 2462 1544 ·
2507 1515 2569 1567 τὸ
2592 1515 2649 1567 δὲ
2678 1514 2917 1567 τοιοῦτον
2959 1515 3128 1587 γέρας
3166 1517 3440 1590 διαφόρως
3474 1520 3625 1591 παρά
3652 1520 3748 1591 τῆς

2153 1608 2376 1680 Γραφῆς
2416 1606 2759 1678 ὀνομάζεται.
2805 1607 2878 1661 Τὸ
2918 1606 3027 1678 γὰρ
3067 1609 3200 1663 αὐτὸ
3239 1610 3473 1664 ἐνταῦθα
3512 1611 3614 1682 μὲν
3639 1610 3747 1681 χώο

2158 1712 2307 1769 ρημα
2352 1693 2560 1766 πέτρας
2602 1695 2819 1764 λέγεται
2845 1714 2859 1726 ·
2909 1698 2969 1749 ὲν
3015 1697 3224 1770 ἑτέροις
3266 1698 3360 1762 δὲ,
3415 1700 3747 1771 παραδείσου

2153 1791 2353 1862 τρυφὴ,
2382 1789 2477 1843 καὶ
2507 1789 2700 1843 αἱωνία
2735 1788 2929 1861 σκηνὴ,
2963 1790 3058 1844 καὶ
3090 1792 3226 1862 μονὴ
3257 1791 3408 1863 παρὰ
3434 1791 3515 1862 τῷ
3547 1794 3748 1862 Πατρὶ,

2155 1885 2250 1937 καὶ
2282 1884 2620 1955 πατριάρχου
2645 1882 2865 1946 κόλπος.
2890 1884 2984 1936 καὶ
3013 1882 3168 1956 χώρα
3198 1881 3440 1951 ζώντων,
3476 1884 3575 1938 καί⁵
3605 1870 3753 1957 ὕδωρ

466 1960 575 2023 nis,
605 1975 810 2016 corona
850 1963 1175 2031 gratiarum,
1204 1979 1408 2020 corona
1441 1965 1898 2037 pulchritudinis,
1932 1975 2051 2021 tur-

2162 1953 2558 2042 ἀναπαύσεως,
2608 1976 2702 2030 καὶ
2735 1978 2769 2048 ἡ
2801 1975 2913 2029 ἄνω
2952 1953 3330 2048 Ἰερουσαλὴμ,
3364 1977 3460 2030 καὶ
3503 1953 3750 2045 βασιλεία

466 2049 545 2106 ris
581 2048 949 2118 fortitudinis,
993 2054 1408 2123 supermensale
1450 2055 1733 2122 gaudium,
1771 2055 1863 2112 Dei
1919 2072 2056 2112 con-

464 2158 675 2209 sessus,
733 2143 893 2201 sedes
938 2143 1151 2216 judicii,
1197 2146 1356 2204 locus
1409 2149 1919 2216 nominatissimus,
1962 2165 2055 2206 oc-

464 2236 674 2291 cultum
714 2235 1152 2294 tabernaculum.
1196 2237 1318 2294 Una
1356 2255 1489 2313 ergo
1516 2242 1675 2311 illius
1704 2242 1895 2313 gloria:
1941 2244 2057 2297 haec

465 2345 687 2401 quoque
716 2332 1011 2402 appellatio
1044 2339 1130 2388 est
1167 2332 1344 2404 Moysi
1380 2334 1436 2388 in
1467 2333 1705 2405 lapidem
1741 2335 2054 2408 ingressus.

464 2419 601 2476 Nam
633 2424 897 2492 quoniam
931 2421 1192 2479 Christus
1222 2424 1365 2494 lapis
1395 2433 1500 2491 est,
1549 2434 1609 2479 ut
1638 2424 1812 2480 Paulo
1853 2427 2055 2497 placet.

466 2527 687 2568 omnem
739 2520 923 2567 autem
966 2513 1237 2568 bonorum
1277 2528 1429 2584 spem
1470 2515 1525 2570 in
1565 2515 1789 2572 Christo
1831 2515 2058 2572 firmiter

464 2620 589 2661 esse
615 2605 894 2662 credimus
932 2624 944 2660 :
976 2606 1070 2677 qui
1110 2607 1314 2662 bonum
1346 2608 1568 2679 aliquod
1605 2610 1839 2680 adeptus
1870 2618 1977 2675 est,
2010 2612 2058 2667 is

466 2699 522 2754 in
548 2698 772 2756 Christo
801 2707 915 2764 est,
940 2698 1034 2771 qui
1066 2714 1230 2756 omne
1261 2700 1464 2757 bonum
1495 2702 1740 2757 continet
1764 2721 1778 2758 :
1808 2702 1901 2773 qui
1930 2718 2058 2758 vero

466 2792 534 2847 ad
561 2790 844 2848 Christum
878 2792 1151 2863 pervenit,
1183 2803 1237 2849 et
1272 2778 1438 2848 manu
1474 2791 1570 2849 Dei
1605 2802 1783 2850 tectus
1810 2794 2057 2865 est,(ma-

466 2899 574 2938 nus
600 2893 780 2939 autem
809 2884 903 2938 Dei
932 2883 1065 2955 quid
1096 2884 1244 2940 aliud
1270 2899 1394 2941 esse
1410 2893 1612 2957 potest,
1630 2900 1793 2958 quam
1818 2885 2057 2941 creatrix

466 2977 875 3045 rcrumvirtus,
905 2978 1025 3050 ipse
1056 2980 1379 3050 unigenitus
1418 2980 1583 3048 Deus,
1614 2996 1715 3051 per
1741 2996 1907 3052 quem
1937 2996 2057 3037 om-

469 3068 559 3123 nia
595 3069 737 3123 facta
770 3076 922 3135 sunt,
956 3071 1052 3139 qui
1095 3078 1149 3125 et
1176 3070 1531 3126 currentibus
1566 3070 1722 3126 locus
1750 3077 1856 3134 est,
1888 3080 1945 3126 et
1973 3070 2057 3125 via

467 3174 691 3224 cursus,
730 3166 791 3215 ut
833 3160 951 3229 ipse
983 3159 1140 3226 dicit,
1181 3168 1236 3215 et
1284 3160 1426 3230 lapis
1464 3161 1950 3224 conﬁrmatorum,
2004 3168 2058 3216 et

467 3250 668 3308 domus
699 3251 1106 3321 quiescentium
1130 3247 1185 3318 ?)
1224 3252 1320 3322 qui
1356 3251 1425 3306 ad
1450 3252 1620 3320 hunc,
1651 3253 1899 3323 inquam,
1935 3267 2059 3323 pcr-

467 3344 638 3409 venit,
674 3343 720 3400 is
751 3343 940 3399 audiet
969 3353 1277 3407 vocantem,
1309 3355 1363 3399 et
1393 3359 1423 3399 a
1460 3351 1614 3416 tergo
1644 3345 1896 3400 vocantis
1941 3344 2058 3400 col-

467 3435 766 3500 locabitur,
800 3436 902 3491 hoc
933 3443 1041 3502 est,
1073 3454 1091 3488 ι
1121 3434 1254 3493 Post
1281 3434 1574 3491 Dominum
1610 3434 1777 3489 Deum
1809 3436 2059 3491 ambula-

469 3525 573 3591 bit,
617 3546 636 3579 ι
674 3526 818 3581 sicut
859 3527 945 3582 lex
982 3525 1251 3597 praecipit.
1284 3523 1445 3592 Quod
1480 3540 1605 3580 cum
1644 3524 1913 3581 audiisset
1955 3524 2060 3578 Da-

467 3618 592 3686 vid,
642 3618 812 3689 probe
862 3618 1172 3685 intellexit,
1228 3617 1497 3673 habitanti
1550 3617 1701 3675 enim
1741 3617 1798 3672 in
1855 3618 2061 3673 auxilio

468 3708 684 3767 Excelsi
714 3712 868 3781 dicit,
893 3729 913 3764 ι
938 3710 997 3765 In
1028 3710 1275 3781 scapulis
1299 3712 1416 3769 suis
1440 3710 1795 3766 obumbrabit
1818 3710 1915 3766 tibi
1938 3711 2009 3776 ⁷³,
2037 3729 2056 3763 ι

466 3804 613 3875 quod
643 3812 729 3860 est
776 3811 901 3874 post
938 3802 1111 3859 Deum
1144 3818 1269 3860 esse
1305 3804 1669 3860 constitutum
1708 3821 1721 3857 :
1768 3817 1895 3857 nam
1938 3817 2063 3858 sca-

466 3896 610 3966 pulae
675 3896 983 3966 posteriora
1049 3904 1202 3952 sunt.
1269 3894 1346 3952 De
1410 3910 1471 3951 se
1536 3902 1718 3951 autem
1777 3895 1980 3949 clamat
2045 3912 2058 3947 :

476 4005 496 4037 ι
530 3984 775 4041 Adhaesit
806 3986 989 4039 anima
1034 4000 1155 4042 mea
1186 3994 1312 4057 post
1354 3996 1425 4051 te,
1454 3995 1508 4041 et
1537 3986 1780 4057 suscepit
1811 4000 1899 4041 me
1928 3988 2063 4040 dex-

470 4085 586 4131 tera
617 4084 709 4131 tua
739 4076 803 4129 ⁷³.
839 4095 858 4129 ι
890 4074 1059 4132 Vides
1088 4076 1366 4146 quomodo
1393 4074 1689 4133 Psalmista
1724 4092 1851 4132 cum
1884 4075 2061 4131 histo—

471 4168 554 4221 ria
600 4167 896 4223 consentit.
950 4166 1086 4223 Nam
1122 4176 1181 4223 ut
1218 4167 1307 4223 hic
1358 4166 1563 4222 dicitur
1601 4182 1724 4223 eum
1763 4182 1793 4221 a
1838 4166 2063 4221 dextera

471 4261 702 4332 suscipi,
737 4264 832 4332 qui
869 4268 994 4332 post
1033 4260 1204 4317 Deum
1237 4259 1469 4317 adhaesit
1506 4279 1519 4315 :
1566 4260 1649 4316 sic
1682 4259 1756 4315 ibi
1792 4274 1917 4314 eum
1948 4273 2065 4313 ma-

470 4373 578 4415 nus
616 4357 770 4429 tegit,
805 4357 900 4427 qui
929 4356 1021 4414 Dei
1054 4371 1245 4414 vocem
1279 4363 1570 4427 exspectat
1617 4355 1673 4410 in
1712 4353 1919 4424 lapide.
1954 4350 2063 4408 Sed

470 4450 737 4507 Dominus
767 4466 989 4522 quoque
1032 4451 1128 4521 qui
1174 4448 1346 4523 Moysi
1387 4448 1614 4506 oracula
1650 4447 1822 4511 dedit,
1857 4445 1951 4516 qui
1995 4446 2064 4501 ad

472 4543 809 4614 implendum
841 4544 1013 4615 legem
1047 4556 1206 4599 suam
1244 4543 1415 4606 venit,
1457 4542 1686 4611 aenigma
1734 4540 1786 4594 id
1817 4538 2065 4594 enodans

2157 2067 2422 2140 οὐρανῶν,
2458 2069 2552 2121 καί
2587 2067 2835 2139 βραϐεῖον
2860 2067 3133 2139 κλήσεως,
3164 2068 3260 2121 καὶ
3302 2068 3568 2137 στέφανος
3598 2068 3753 2139 χαρίο

2157 2174 2285 2220 των,
2328 2159 2422 2211 καὶ
2468 2158 2728 2227 στέφανος
2766 2158 3017 2222 κάλλους,
3053 2159 3147 2212 καί
3177 2158 3389 2230 πύργος
3418 2158 3624 2228 ἰσχύος,
3660 2159 3753 2211 καὶ

2159 2250 2543 2321 ὲπιτραπέζιος
2597 2249 2929 2321 εὐφροσύνη,
2982 2250 3080 2302 καὶ
3127 2248 3263 2304 Θεοῦ
3315 2249 3607 2320 συνεδρία,
3662 2249 3755 2303 καὶ

2160 2344 2348 2416 θρόνος
2381 2343 2615 2415 κρίσεως
2641 2381 2656 2406 ,
2710 2341 2805 2395 καὶ
2847 2341 3016 2403 τόπος
3048 2340 3350 2412 ὀνομαστὸς
3377 2381 3392 2406 ,
3444 2339 3541 2393 καὶ
3581 2340 3753 2411 σκηνὴ

2160 2435 2501 2505 ἀπόκρυφος.
2561 2433 2661 2487 Ἓν
2693 2428 2785 2485 οῦν
2817 2432 2910 2484 καὶ
2936 2430 3095 2485 τοῦτό
3125 2447 3305 2502 φαμεν
3339 2427 3479 2484 εῖναι
3518 2431 3633 2484 τῶν
3676 2435 3755 2485 εἰς

2158 2525 2318 2580 τοῦτο
2368 2525 2646 2598 φερόντων
2686 2524 2753 2577 τὸ
2792 2524 2991 2593 νόημα,
3041 2522 3139 2594 τὴν
3172 2525 3252 2587 εἰς
3281 2523 3380 2594 τὴν
3415 2522 3625 2593 πέτραν
3662 2523 3755 2575 τοῦ

2161 2617 2440 2681 Μωῦσέως
2490 2615 2717 2669 εἴσοδον.
2787 2612 3004 2684 Ἐπειδὴ
3053 2612 3164 2685 γάρ
3213 2613 3447 2684 Χριστὸς
3494 2615 3528 2682 ή
3579 2613 3757 2684 πέτρα

2161 2705 2313 2778 παρὰ
2341 2704 2434 2758 τοῦ
2468 2704 2680 2757 Παύλου
2712 2705 2959 2775 νενόηται
2998 2720 3012 2733 ο
3067 2704 3219 2757 πᾶσα
3249 2703 3307 2756 δὲ
3347 2702 3569 2771 ἀγαθῶν
3600 2702 3759 2765 ἐλπὶς

2160 2797 2220 2849 ἐν
2246 2795 2326 2867 τῷ
2356 2794 2575 2867 Χριστῷ
2608 2791 2749 2849 εῖναι
2793 2793 3129 2860 πιστεύεται,
3176 2795 3234 2848 ὲν
3269 2788 3314 2863 ᾧ
3358 2794 3568 2858 πάντας
3615 2790 3758 2848 εἷναι

2160 2889 2286 2951 τοὺς
2333 2887 2645 2958 θησαυροὺς
2690 2886 3064 2956 τῶν²ἀγαθῶν
3125 2887 3569 2958 μεμαθήκαμεν
3625 2887 3656 2939 6
3700 2890 3756 2938 ὲν

2162 2977 2351 3048 ἁγαθῷ
2376 2995 2481 3032 τινι
2511 2977 2824 3048 γενόμενος,
2848 2977 2906 3029 ὲν
2933 2976 3010 3047 τῷ
3042 2975 3263 3048 Χριστῷ
3289 2975 3510 3039 πάντως
3537 2977 3659 3029 ἐστὶ
3682 2975 3760 3044 τῷ

2162 3068 2493 3141 περιεκτικῷ
2526 3067 2724 3132 παντὸς
2750 3066 2958 3137 ἀγαθοῦ
2979 3085 2992 3098 ·
3034 3068 3063 3120 ὀ
3092 3066 3150 3119 δὲ
3188 3068 3349 3138 μέχρι
3386 3066 3579 3120 τούτου
3622 3067 3760 3135 φθάη

2163 3177 2281 3224 σας,
2313 3160 2407 3213 καὶ
2439 3159 2543 3212 ὑπὸ
2568 3159 2668 3228 τῆς
2691 3158 2784 3212 τοῦ
2813 3158 2949 3212 Θεοῦ
2975 3158 3159 3229 χειρὸς
3186 3157 3541 3222 σκεπασθεὶς,
3568 3158 3756 3223 καθὼς

2161 3254 2190 3319 ὀ
2235 3252 2391 3322 λόγος
2435 3250 2803 3322 ἐπηγγείλατο
2859 3251 3024 3322 (χεὶρ
3074 3250 3119 3303 δ’
3168 3248 3235 3303 ἂν
3283 3249 3371 3320 εἴη
3411 3248 3508 3302 τοῦ
3543 3250 3752 3321 Θεοῦή

2162 3341 2531 3415 δημιουργικὴ
2556 3342 2663 3395 τῶν
2690 3342 2859 3397 ὀντων
2901 3341 3153 3412 δύναμις,
3193 3342 3223 3394 6
3266 3340 3562 3412 μονογενὴς
3598 3340 3753 3404 Θεὸς,

2162 3435 2228 3489 δι’
2255 3430 2316 3489 οῦ
2343 3433 2411 3488 τὰ
2442 3434 2618 3489 πάντα
2664 3433 2906 3503 ἐγένετο,
2950 3431 3008 3497 ὃς
3033 3431 3135 3486 ’καὶ
3162 3434 3275 3496 τοῖς
3307 3432 3560 3504 τρέχουσι
3591 3433 3761 3497 τόπος

2162 3527 2334 3590 ἐστὶν,
2378 3526 2495 3590 ὁδὸς
2542 3524 2637 3579 τοῦ
2684 3525 2884 3597 δρόμου
2919 3524 3237 3594 γινόμενος,
3292 3523 3435 3578 κατά
3481 3525 3582 3595 τὴν
3624 3524 3759 3577 ἰδίαν

2165 3618 2370 3689 φωνὴν,
2404 3616 2497 3671 καὶ
2544 3617 2720 3689 πέτρα
2753 3616 2963 3685 γίνεται
3006 3619 3121 3679 τοῖς
3173 3614 3433 3686 βεϐαίοις,
3468 3616 3564 3669 καὶ
3609 3610 3761 3679 οἵκος

2162 3710 2274 3771 τοῖς
2297 3707 2776 3778 ἀναπαυομένοις),
2820 3706 2943 3760 τότε
2970 3705 3265 3760 ἀκούσεται
3291 3706 3383 3760 τοῦ
3419 3706 3761 3779 προσκαλου-

2167 3800 2351 3871 μένου,
2395 3801 2490 3853 καὶ
2528 3800 2759 3854 κατόπιν
2791 3797 2886 3852 τοῦ
2922 3799 3215 3863 καλοῦντος
3261 3800 3573 3871 γενήσεται,
3605 3816 3763 3853 τουτ-

2165 3892 2331 3958 ἐστιν,
2367 3911 2386 3945 ι
2422 3892 2630 3946 Ὀπίσω
2654 3892 2860 3963 Κυρίου
2877 3892 2969 3946 τοῦ
2988 3892 3123 3947 Θεοῦ
3153 3890 3501 3965 πορεύσεται,
3530 3912 3548 3946 ι
3576 3892 3762 3957 καθὼς

2163 3984 2192 4035 6
2224 3984 2388 4055 νόμος
2417 3984 2728 4056 παρεγγυᾷ.
2777 3980 2957 4054 Ὅπερ
2983 3984 3224 4049 ἀκούσας
3261 3984 3451 4057 ἐνόησε
3484 3984 3579 4038 καὶ
3607 3985 3637 4037 6
3667 3985 3763 4055 μέ-

2164 4093 2268 4146 γας
2300 4076 2483 4140 Δαϐὶδ,
2515 4074 2594 4147 τῷ
2624 4076 2720 4146 μὲν
2750 4076 3094 4130 κατοικοῦντι
3122 4078 3180 4131 ὲν
3221 4075 3443 4148 βοηθείᾳ
3465 4077 3559 4129 τοῦ
3602 4075 3764 4146 Ὑψί-

2166 4185 2292 4222 στου
2325 4167 2520 4237 λέγων,
2567 4167 2649 4220 ὅτι
2702 4185 2721 4217 ι
2759 4167 2848 4219 Ἐν
2880 4169 2994 4230 τοῖς
3033 4166 3390 4239 μεταφρένοις
3436 4166 3605 4221 αὑτοῦ
3638 4169 3760 4220 ἐπι-

2168 4259 2382 4313 σκιάσει
2420 4275 2524 4326 σοι,
2558 4278 2576 4309 ι
2632 4259 2770 4326 ὅπερ
2793 4252 2911 4311 ἶσόν
2942 4261 3061 4311 ἐστι
3092 4258 3170 4329 τῷ
3198 4260 3426 4313 κατόπιν
3465 4258 3631 4313 αὐτὸν
3664 4258 3761 4312 τοῦ

2164 4351 2300 4406 Θεοῦ
2320 4348 2459 4405 εἶναι
2477 4368 2491 4382 ~
2524 4351 2583 4402 ὲν
2603 4348 2714 4421 γὰρ
2738 4351 2851 4412 τοῖς
2877 4348 3145 4414 ὀπισθίοις
3175 4350 3293 4402 ἐστὶ
3313 4349 3375 4403 τὸ
3398 4350 3760 4420 μετάφρενον.

2168 4441 2305 4512 Περί⁵
2335 4438 2532 4494 ἑαυτοῦ
2559 4439 2617 4494 δὲ
2645 4439 2804 4494 τοῦτο
2840 4440 2998 4511 βοῶν,
3028 4441 3110 4494 ὅτι
3168 4460 3186 4492 ι
3223 4440 3518 4512 Ἐκολλήθη
3548 4443 3582 4512 ὴ
3611 4439 3760 4511 ψυχή

2170 4550 2273 4605 μου
2315 4532 2491 4585 ὀπίσω
2535 4547 2650 4594 σου,
2699 4530 2837 4603 ἐμοῦ
2867 4531 2925 4585 δὲ
2957 4531 3279 4587 ἀντελάϐετο
3308 4534 3342 4602 ἡ
3381 4531 3535 4599 δεξιά
3578 4549 3698 4584 σου.
3738 4551 3759 4583 ι

473 4633 843 4702 apertissime,
872 4632 1127 4690 similiter
1146 4632 1214 4688 ad
1241 4632 1548 4703 discipulos
1575 4631 1690 4687 ait:
1721 4650 1739 4681 ι
1772 4628 1832 4683 Si
1863 4627 2010 4699 quis,
2040 4646 2058 4680 ι

2181 4625 2345 4696 Ὁρᾷς
2376 4623 2495 4686 πῶς
2540 4623 2829 4695 συμϐαίνει
2872 4626 2938 4695 τῇ
2992 4624 3204 4695 ἱστορίᾳ
3234 4625 3267 4693 ή
3300 4623 3612 4694 ψαλμῳδία.
3674 4624 3767 4686 Ὠς

474 4724 676 4795 inquit,
710 4742 730 4776 ι
771 4726 886 4779 vult
917 4733 1043 4795 post
1076 4741 1163 4782 me
1202 4726 1389 4782 venire
1415 4725 1482 4789 7",
1524 4745 1541 4778 ι
1591 4738 1700 4779 non
1745 4722 1904 4787 dixit,
1938 4730 2065 4776 ante

476 4831 584 4871 me.
631 4817 749 4873 Hoc
787 4832 1008 4889 quoque
1046 4818 1225 4888 ipsum
1279 4817 1500 4874 cuidam
1551 4832 1651 4888 pro
1690 4817 1802 4871 vita
1857 4824 2065 4871 aeterna

475 4910 808 4981 supplicanti
859 4910 1109 4981 praecipit
1165 4912 1357 4968 dicens
1398 4927 1413 4965 :
1471 4928 1491 4963 ι
1528 4908 1669 4965 Veni
1718 4916 1774 4964 et
1829 4922 2065 4978 sequere

473 5017 564 5059 me
594 5024 607 5060 :
639 5021 659 5056 ι
685 5003 778 5074 qui
808 5012 989 5059 autem
1024 5004 1298 5075 sequitur,
1329 5018 1437 5058 non
1465 5001 1682 5067 faciem,
1719 5001 1814 5057 sed
1850 5009 2062 5069 tergum

475 5097 692 5169 aspicit.
743 5096 984 5154 Docetur
1035 5098 1206 5168 igitur
1255 5095 1473 5167 Moyses
1518 5094 1844 5151 desiderans
1895 5094 2064 5148 Deum

473 5191 696 5255 videre,
729 5189 1008 5260 quomodo
1049 5196 1231 5259 potest
1278 5187 1422 5244 Deus
1453 5187 1667 5254 videri;
1711 5186 1865 5256 sequi
1914 5185 2065 5241 enim

474 5273 648 5331 Deum
694 5274 863 5332 corde
906 5290 971 5331 ac
1007 5275 1191 5330 animo
1234 5290 1455 5345 semper
1498 5290 1832 5346 quocunque
1878 5274 2064 5341 ducat,

476 5367 720 5439 idipsum
763 5374 849 5424 est
878 5367 1049 5424 Deum
1078 5366 1265 5423 videre
1295 5369 1375 5421 ":
1418 5368 1622 5422 etenim
1668 5366 1937 5421 transitus
1975 5366 2068 5421 ille

462 5458 596 5527 'Dei,
647 5460 843 5517 ducem
891 5475 1015 5517 esse
1066 5458 1237 5517 Deum
1286 5459 1571 5531 sequentis
1603 5458 1910 5531 signiﬁcat,
1940 5472 2066 5512 cum

478 5565 585 5607 non
620 5552 693 5608 sit
722 5552 985 5624 possibile
1021 5554 1164 5610 viam
1207 5552 1482 5624 ignoranti
1526 5558 1673 5607 recte
1705 5566 1770 5605 ac
1801 5557 1918 5605 tuto
1964 5549 2068 5604 iter

482 5655 766 5713 peragere,
797 5646 906 5701 nisi
935 5654 1059 5718 post
1087 5647 1283 5701 ducem
1314 5654 1463 5702 recte
1494 5652 1779 5715 sequatur.

2172 4716 2281 4789 γάρ
2306 4711 2461 4780 οὗτός
2487 4733 2643 4786 φησι,
2668 4714 2747 4787 τῷ
2768 4716 2944 4770 ὀπίσω
2967 4716 3059 4770 τοῦ
3089 4715 3223 4770 Θεοῦ
3254 4715 3483 4786 κεκολλη
3495 4716 3643 4786 μένῳ
3663 4715 3765 4786 τὴν

2168 4809 2272 4882 τῆς
2298 4809 2479 4877 δεξιᾶς
2506 4803 2647 4864 εἶναι
2673 4808 2987 4880 άντίληψιψ
3018 4808 3162 4863 οῦτω
3192 4809 3353 4863 κάκεῖ
3378 4810 3411 4879 ἡ
3441 4808 3563 4878 χεὶρ
3594 4809 3769 4861 ἀπτε-

2170 4919 2256 4955 ται
2283 4901 2378 4956 τοῦ
2408 4902 2466 4957 ὲν
2493 4904 2559 4973 τῇ
2597 4901 2774 4973 πέτρα
2814 4900 2913 4972 τὴν
2949 4900 3101 4955 θείαν
3149 4900 3331 4972 φωνὴν
3374 4901 3767 4971 ἀναμένοντος,

2172 4996 2265 5049 καὶ
2304 4997 2534 5049 κατόπιν
2563 4995 2878 5048 ἀκολουθεῖν
2912 4995 3231 5066 εὐχομένου.
3273 4992 3434 5047 Ἀλλὰ
3469 4992 3566 5046 καὶ
3589 4993 3621 5044 6
3651 4992 3772 5044 Κύ-

2175 5105 2304 5158 ριος,
2338 5089 2366 5140 ὀ
2390 5087 2511 5141 τότε
2542 5087 2619 5157 τῷ
2648 5088 2874 5141 Μωῦσεί
2896 5085 3263 5157 χρηματίσας,
3296 5087 3325 5137 6
3346 5083 3641 5155 πληρωτὴς
3666 5082 3769 5136 τοῦ

2175 5181 2304 5234 ἰδίου
2356 5182 2523 5250 νόμου
2574 5179 2886 5249 γενόμενος,
2929 5179 3130 5250 ὁμοίως
3175 5178 3311 5250 πρὸς
3355 5178 3480 5241 τοὺς
3513 5174 3773 5247 μαθητὰς

2173 5272 2527 5344 διεξέρχεται,
2568 5272 2904 5342 ἀπογυμνῶν
2941 5270 3051 5324 τῶν
3083 5272 3141 5324 ἐν
3173 5269 3456 5340 αἰνίγματι
3484 5267 3771 5341 ῥηθέντων

2175 5366 2255 5429 εἰς
2285 5365 2347 5417 τὸ
2381 5363 2619 5435 ἐμφανὲς
2651 5364 2749 5435 τὴν
2796 5363 3035 5417 διάνοιαν
3066 5379 3080 5393 ·
3135 5370 3153 5414 ἀ
3190 5361 3258 5415 Et
3296 5379 3380 5425 τις
3414 5359 3557 5414 θέλει
3585 5358 3774 5412 ὀπίσω

2179 5476 2279 5530 μου
2311 5456 2507 5519 ἐλθεῖν,
2540 5477 2558 5509 ›
2601 5456 2813 5526 λέγων·
2855 5458 2976 5521 οὐκ,
3021 5454 3092 5509 Εἴ
3128 5472 3210 5519 τις
3260 5451 3592 5525 ἔμπροσθεν.
3654 5451 3773 5504 Καὶ

2176 5547 2253 5618 τῷ
2302 5547 2431 5618 περί
2460 5547 2558 5617 τῆς
2603 5546 2822 5600 αἰωνίου
2849 5545 2995 5616 ζωῆς
3018 5544 3336 5609 ἱκετεύοντι,
3362 5542 3422 5595 τὸ
3447 5541 3581 5596 αὐτὸ
3606 5539 3773 5594 τοῦτο

2179 5642 2513 5696 ὑποτίθεται⁵
2544 5660 2561 5691 α
2587 5640 2758 5713 Δεῦρο
2788 5660 2805 5691 ›
2845 5640 2974 5710 γὰρ,
3010 5640 3195 5710 φησὶν,
3232 5658 3250 5689 ι
3278 5635 3560 5691 ἀκολούθει
3590 5651 3708 5706 μοι’
3747 5652 3769 5688 ι

481 5735 510 5785 6
539 5734 596 5789 ἓῖὲ
631 5737 961 5804 ἀκολουθῶν,
1008 5741 1068 5794 τί.
1100 5740 1325 5796 ὄπισθεν
1356 5740 1561 5810 βλέπει.
1592 5739 1800 5794 Οὐκοῦν
1829 5739 2139 5793 διδάσκεται
2171 5737 2265 5792 νῦν
2302 5739 2330 5792 6
2361 5738 2622 5809 Μωῦσῆς,
2656 5736 2683 5787 ὀ
2720 5737 2845 5791 ἰδεῖν
2876 5736 2966 5791 τὸν
3000 5735 3132 5789 Θεὸν
3174 5733 3439 5796 σπεύδων,
3474 5733 3591 5796 πῶς
3617 5733 3774 5785 ἔστιν

581 5933 898 6006 "Psal.xc,
939 5937 993 5994 4.
1059 5939 1104 5972 ’³
1141 5939 1309 5996 Psal..
1350 5956 1480 6007 Lxu,
1519 5941 1571 5996 9.
1636 5942 1681 5973 7“
1708 5939 1842 5996 Luc.
1879 5957 1953 6006 ix,
1999 5940 2090 5994 ‘25.

2169 5938 2216 5972 "
2244 5938 2410 5992 Marc.
2449 5953 2503 6004 χ,
2540 5939 2631 5992 ‘21.
