  <div class='ocr_page' id='page_1' title='image "/cluster/home/n/w/nwhite01/storage/ocr_20150623/44:no.1/coo.31924054869445/212.png"; bbox 0 0 3888 6354; ppageno 0'>
   <div class='ocr_carea' id='block_1_1' title="bbox 204 434 3493 496">
    <p class='ocr_par' dir='ltr' id='par_1_1' title="bbox 204 434 3493 496">
     <span class='ocr_line' id='line_1_1' title="bbox 204 434 3493 496; baseline -0.002 0"><span class='ocrx_word' id='word_1_1' title='bbox 204 436 305 496; x_wconf 74' lang='grc' dir='ltr'><strong>ιω</strong></span> <span class='ocrx_word' id='word_1_2' title='bbox 1146 436 1149 439; x_wconf 59' lang='grc'><em>’</em></span> <span class='ocrx_word' id='word_1_3' title='bbox 1268 434 1283 453; x_wconf 72' lang='grc'><strong>“</strong></span> <span class='ocrx_word' id='word_1_4' title='bbox 1593 439 1678 495; x_wconf 85' lang='lat' dir='ltr'><strong>DE</strong></span> <span class='ocrx_word' id='word_1_5' title='bbox 1713 439 1879 496; x_wconf 77' lang='lat' dir='ltr'><strong>ViTA</strong></span> <span class='ocrx_word' id='word_1_6' title='bbox 1915 434 2189 494; x_wconf 78' lang='lat' dir='ltr'><strong>MOYSIS.</strong></span> <span class='ocrx_word' id='word_1_7' title='bbox 3389 434 3493 490; x_wconf 72' lang='lat'><strong>“0</strong></span> 
     </span>
    </p>
   </div>
   <div class='ocr_carea' id='block_1_2' title="bbox 211 545 3493 628">
    <p class='ocr_par' dir='ltr' id='par_1_2' title="bbox 211 545 3493 628">
     <span class='ocr_line' id='line_1_2' title="bbox 211 545 3493 628; baseline -0.002 -24"><span class='ocrx_word' id='word_1_8' title='bbox 211 553 339 605; x_wconf 78' lang='grc' dir='ltr'>ίῖείν</span> <span class='ocrx_word' id='word_1_9' title='bbox 367 551 463 605; x_wconf 68' lang='grc' dir='ltr'>τὸν</span> <span class='ocrx_word' id='word_1_10' title='bbox 508 551 674 606; x_wconf 86' lang='grc' dir='ltr'>Θεόν·</span> <span class='ocrx_word' id='word_1_11' title='bbox 708 553 790 608; x_wconf 79' lang='grc' dir='ltr'>ὅτι</span> <span class='ocrx_word' id='word_1_12' title='bbox 835 552 896 607; x_wconf 84' lang='grc' dir='ltr'>τὸ</span> <span class='ocrx_word' id='word_1_13' title='bbox 924 554 1239 608; x_wconf 81' lang='grc' dir='ltr'><strong>ἀκολουθεῖν</strong></span> <span class='ocrx_word' id='word_1_14' title='bbox 1289 554 1366 625; x_wconf 86' lang='grc' dir='ltr'><strong>τῷ</strong></span> <span class='ocrx_word' id='word_1_15' title='bbox 1402 554 1545 624; x_wconf 86' lang='grc' dir='ltr'>Θεῷ,</span> <span class='ocrx_word' id='word_1_16' title='bbox 1586 555 1707 609; x_wconf 82' lang='grc' dir='ltr'>καθ’</span> <span class='ocrx_word' id='word_1_17' title='bbox 1743 558 1881 628; x_wconf 84' lang='grc' dir='ltr'>ὅπερ</span> <span class='ocrx_word' id='word_1_18' title='bbox 1913 556 1978 609; x_wconf 85' lang='grc' dir='ltr'><strong>διν</strong></span> <span class='ocrx_word' id='word_1_19' title='bbox 2018 553 2361 623; x_wconf 78' lang='grc' dir='ltr'><strong>καθηγεῖται,</strong></span> <span class='ocrx_word' id='word_1_20' title='bbox 2396 550 2551 603; x_wconf 84' lang='grc' dir='ltr'>τοῦτο</span> <span class='ocrx_word' id='word_1_21' title='bbox 2586 548 2803 619; x_wconf 79' lang='grc' dir='ltr'><strong>βλέπειν</strong></span> <span class='ocrx_word' id='word_1_22' title='bbox 2831 547 2948 602; x_wconf 75' lang='grc' dir='ltr'>ἐστὶ</span> <span class='ocrx_word' id='word_1_23' title='bbox 2985 547 3076 600; x_wconf 82' lang='grc' dir='ltr'><strong>τδν</strong></span> <span class='ocrx_word' id='word_1_24' title='bbox 3107 546 3239 600; x_wconf 84' lang='grc' dir='ltr'><strong>Θεὸν</strong></span> <span class='ocrx_word' id='word_1_25' title='bbox 3261 560 3273 575; x_wconf 91' lang='grc'><strong>·</strong></span> <span class='ocrx_word' id='word_1_26' title='bbox 3317 548 3351 618; x_wconf 82' lang='grc' dir='ltr'><strong>ή</strong></span> <span class='ocrx_word' id='word_1_27' title='bbox 3384 545 3493 617; x_wconf 58' lang='grc' dir='ltr'>γὰρ</span> 
     </span>
    </p>
   </div>
   <div class='ocr_carea' id='block_1_3' title="bbox 213 635 3494 718">
    <p class='ocr_par' dir='ltr' id='par_1_3' title="bbox 213 635 3494 718">
     <span class='ocr_line' id='line_1_3' title="bbox 213 635 3494 718; baseline -0.004 -17"><span class='ocrx_word' id='word_1_28' title='bbox 213 644 446 715; x_wconf 74' lang='grc' dir='ltr'>πάροδος</span> <span class='ocrx_word' id='word_1_29' title='bbox 486 646 658 698; x_wconf 84' lang='grc' dir='ltr'>αυτοῦ</span> <span class='ocrx_word' id='word_1_30' title='bbox 699 644 797 715; x_wconf 82' lang='grc' dir='ltr'><strong>τὴν</strong></span> <span class='ocrx_word' id='word_1_31' title='bbox 826 647 1050 717; x_wconf 85' lang='grc' dir='ltr'>όδηγίαν</span> <span class='ocrx_word' id='word_1_32' title='bbox 1070 646 1165 699; x_wconf 87' lang='grc' dir='ltr'><strong>τοῦ</strong></span> <span class='ocrx_word' id='word_1_33' title='bbox 1194 647 1463 716; x_wconf 76' lang='grc' dir='ltr'><strong>ἑπομένου</strong></span> <span class='ocrx_word' id='word_1_34' title='bbox 1497 646 1870 718; x_wconf 79' lang='grc' dir='ltr'><strong>διασημαίνει,</strong></span> <span class='ocrx_word' id='word_1_35' title='bbox 1905 647 1965 699; x_wconf 92' lang='grc' dir='ltr'><strong>οὐ</strong></span> <span class='ocrx_word' id='word_1_36' title='bbox 1995 645 2106 716; x_wconf 81' lang='grc' dir='ltr'><strong>γὰρ</strong></span> <span class='ocrx_word' id='word_1_37' title='bbox 2134 643 2280 696; x_wconf 76' lang='grc' dir='ltr'>ἔστιν</span> <span class='ocrx_word' id='word_1_38' title='bbox 2313 643 2485 704; x_wconf 80' lang='grc' dir='ltr'>ἄλλως</span> <span class='ocrx_word' id='word_1_39' title='bbox 2515 640 2605 693; x_wconf 80' lang='grc' dir='ltr'><strong>τὸν</strong></span> <span class='ocrx_word' id='word_1_40' title='bbox 2635 638 2933 708; x_wconf 81' lang='grc' dir='ltr'>ἀγνοοῦντα</span> <span class='ocrx_word' id='word_1_41' title='bbox 2959 637 3055 709; x_wconf 82' lang='grc' dir='ltr'>τὴν</span> <span class='ocrx_word' id='word_1_42' title='bbox 3086 638 3205 691; x_wconf 75' lang='grc' dir='ltr'>ὁδον</span> <span class='ocrx_word' id='word_1_43' title='bbox 3235 635 3494 708; x_wconf 77' lang='grc' dir='ltr'>ἀσφαλῶς</span> 
     </span>
    </p>
   </div>
   <div class='ocr_carea' id='block_1_4' title="bbox 211 735 1711 809">
    <p class='ocr_par' dir='ltr' id='par_1_4' title="bbox 211 735 1711 809">
     <span class='ocr_line' id='line_1_4' title="bbox 211 735 1711 809; baseline -0.001 -15"><span class='ocrx_word' id='word_1_44' title='bbox 211 736 483 801; x_wconf 75' lang='grc' dir='ltr'>διανύσαι,</span> <span class='ocrx_word' id='word_1_45' title='bbox 519 736 594 808; x_wconf 85' lang='grc' dir='ltr'>μὴ</span> <span class='ocrx_word' id='word_1_46' title='bbox 625 735 705 807; x_wconf 88' lang='grc' dir='ltr'><strong>τῷ</strong></span> <span class='ocrx_word' id='word_1_47' title='bbox 736 736 1130 809; x_wconf 78' lang='grc' dir='ltr'>καθηγουμένῳ</span> <span class='ocrx_word' id='word_1_48' title='bbox 1160 741 1387 793; x_wconf 82' lang='grc' dir='ltr'>κατόπιν</span> <span class='ocrx_word' id='word_1_49' title='bbox 1428 739 1711 809; x_wconf 76' lang='grc' dir='ltr'>ἑπόμενον.</span> 
     </span>
    </p>
   </div>
   <div class='ocr_carea' id='block_1_5' title="bbox 248 822 1816 901">
    <p class='ocr_par' dir='ltr' id='par_1_5' title="bbox 248 824 1811 901">
     <span class='ocr_line' id='line_1_5' title="bbox 248 824 1811 901; baseline 0.002 -21"><span class='ocrx_word' id='word_1_50' title='bbox 248 872 257 880; x_wconf 90' lang='grc'><strong>.</strong></span> <span class='ocrx_word' id='word_1_51' title='bbox 297 830 355 883; x_wconf 86' lang='lat'><strong>&#39;0</strong></span> <span class='ocrx_word' id='word_1_52' title='bbox 377 824 470 883; x_wconf 79' lang='grc' dir='ltr'><strong>οὖν</strong></span> <span class='ocrx_word' id='word_1_53' title='bbox 501 829 734 899; x_wconf 82' lang='grc' dir='ltr'><strong>ὁδηγῶν,</strong></span> <span class='ocrx_word' id='word_1_54' title='bbox 767 828 844 899; x_wconf 85' lang='grc' dir='ltr'><strong>τῷ</strong></span> <span class='ocrx_word' id='word_1_55' title='bbox 866 833 1228 901; x_wconf 69' lang='grc' dir='ltr'>προηγεῖσθαι</span> <span class='ocrx_word' id='word_1_56' title='bbox 1265 831 1359 885; x_wconf 84' lang='grc' dir='ltr'><strong>τοῦ</strong></span> <span class='ocrx_word' id='word_1_57' title='bbox 1405 832 1670 901; x_wconf 77' lang='grc' dir='ltr'>ἑπομένου</span> <span class='ocrx_word' id='word_1_58' title='bbox 1712 833 1811 901; x_wconf 77' lang='grc' dir='ltr'><strong>τὴν</strong></span> 
     </span>
    </p>
   </div>
   <div class='ocr_carea' id='block_1_6' title="bbox 1922 822 3490 901">
    <p class='ocr_par' dir='ltr' id='par_1_6' title="bbox 1986 822 3490 896">
     <span class='ocr_line' id='line_1_6' title="bbox 1986 822 3490 896; baseline -0.003 -17"><span class='ocrx_word' id='word_1_59' title='bbox 1986 827 2105 881; x_wconf 80' lang='lat' dir='ltr'><strong>Dux</strong></span> <span class='ocrx_word' id='word_1_60' title='bbox 2143 827 2309 896; x_wconf 84' lang='lat' dir='ltr'><strong>igitur</strong></span> <span class='ocrx_word' id='word_1_61' title='bbox 2348 828 2645 893; x_wconf 66' lang='lat' dir='ltr'><strong>praeeundo</strong></span> <span class='ocrx_word' id='word_1_62' title='bbox 2680 822 2929 894; x_wconf 84' lang='lat' dir='ltr'><strong>sequenti</strong></span> <span class='ocrx_word' id='word_1_63' title='bbox 2981 824 3123 877; x_wconf 89' lang='lat' dir='ltr'><strong>viam</strong></span> <span class='ocrx_word' id='word_1_64' title='bbox 3171 830 3442 877; x_wconf 88' lang='lat' dir='ltr'><strong>monstrat</strong></span> <span class='ocrx_word' id='word_1_65' title='bbox 3474 838 3490 874; x_wconf 85' lang='lat'><strong>:</strong></span> 
     </span>
    </p>
   </div>
   <div class='ocr_carea' id='block_1_7' title="bbox 217 916 1816 991">
    <p class='ocr_par' dir='ltr' id='par_1_7' title="bbox 217 920 1807 991">
     <span class='ocr_line' id='line_1_7' title="bbox 217 920 1807 991; baseline -0.003 -14"><span class='ocrx_word' id='word_1_66' title='bbox 217 923 335 978; x_wconf 80' lang='grc' dir='ltr'>ὁδὸν</span> <span class='ocrx_word' id='word_1_67' title='bbox 378 921 758 975; x_wconf 82' lang='grc' dir='ltr'>ὑποδείκνυσιν</span> <span class='ocrx_word' id='word_1_68' title='bbox 787 938 802 952; x_wconf 96' lang='grc'><strong>·</strong></span> <span class='ocrx_word' id='word_1_69' title='bbox 847 922 875 974; x_wconf 91' lang='lat'><strong>6</strong></span> <span class='ocrx_word' id='word_1_70' title='bbox 904 920 963 974; x_wconf 86' lang='grc' dir='ltr'>δὲ</span> <span class='ocrx_word' id='word_1_71' title='bbox 993 921 1281 991; x_wconf 77' lang='grc' dir='ltr'>ἑπόμενος,</span> <span class='ocrx_word' id='word_1_72' title='bbox 1311 922 1435 974; x_wconf 86' lang='grc' dir='ltr'>τότε</span> <span class='ocrx_word' id='word_1_73' title='bbox 1463 923 1562 991; x_wconf 81' lang='grc' dir='ltr'>τῆς</span> <span class='ocrx_word' id='word_1_74' title='bbox 1590 922 1807 985; x_wconf 82' lang='grc' dir='ltr'>εὐθείας</span> 
     </span>
    </p>
   </div>
   <div class='ocr_carea' id='block_1_8' title="bbox 1922 916 3541 991">
    <p class='ocr_par' dir='ltr' id='par_1_8' title="bbox 1922 916 3541 989">
     <span class='ocr_line' id='line_1_8' title="bbox 1922 916 3541 989; baseline -0.002 -18"><span class='ocrx_word' id='word_1_75' title='bbox 1922 919 2003 989; x_wconf 63' lang='lat' dir='ltr'><strong>qui</strong></span> <span class='ocrx_word' id='word_1_76' title='bbox 2040 926 2221 971; x_wconf 87' lang='lat' dir='ltr'><strong>autem</strong></span> <span class='ocrx_word' id='word_1_77' title='bbox 2259 916 2532 986; x_wconf 87' lang='lat' dir='ltr'><strong>sequitur,</strong></span> <span class='ocrx_word' id='word_1_78' title='bbox 2571 923 2701 969; x_wconf 92' lang='lat' dir='ltr'><strong>tunc</strong></span> <span class='ocrx_word' id='word_1_79' title='bbox 2733 930 2763 968; x_wconf 88' lang='lat' dir='ltr'><strong>a</strong></span> <span class='ocrx_word' id='word_1_80' title='bbox 2804 923 2953 969; x_wconf 89' lang='lat' dir='ltr'><strong>recta</strong></span> <span class='ocrx_word' id='word_1_81' title='bbox 2986 916 3072 968; x_wconf 92' lang='lat' dir='ltr'><strong>via</strong></span> <span class='ocrx_word' id='word_1_82' title='bbox 3104 930 3213 969; x_wconf 90' lang='lat' dir='ltr'><strong>non</strong></span> <span class='ocrx_word' id='word_1_83' title='bbox 3251 916 3490 977; x_wconf 89' lang='lat' dir='ltr'><strong>aberrat,</strong></span> <span class='ocrx_word' id='word_1_84' title='bbox 3536 932 3541 957; x_wconf 75' lang='grc' dir='ltr'><strong>ι</strong></span> 
     </span>
    </p>
   </div>
   <div class='ocr_carea' id='block_1_9' title="bbox 217 1003 1816 1084">
    <p class='ocr_par' dir='ltr' id='par_1_9' title="bbox 217 1010 1805 1084">
     <span class='ocr_line' id='line_1_9' title="bbox 217 1010 1805 1084; baseline -0.002 -17"><span class='ocrx_word' id='word_1_85' title='bbox 217 1015 321 1069; x_wconf 84' lang='grc' dir='ltr'><strong>οὐκ</strong></span> <span class='ocrx_word' id='word_1_86' title='bbox 364 1011 796 1084; x_wconf 63' lang='grc' dir='ltr'>ἐπιτραπήσεται,</span> <span class='ocrx_word' id='word_1_87' title='bbox 846 1012 895 1064; x_wconf 86' lang='grc' dir='ltr'><strong>εί</strong></span> <span class='ocrx_word' id='word_1_88' title='bbox 941 1010 1004 1064; x_wconf 80' lang='grc' dir='ltr'>τὸ</span> <span class='ocrx_word' id='word_1_89' title='bbox 1047 1012 1225 1065; x_wconf 83' lang='grc' dir='ltr'>ὀπίσω</span> <span class='ocrx_word' id='word_1_90' title='bbox 1257 1012 1343 1064; x_wconf 79' lang='grc' dir='ltr'><strong>ἀεὶ</strong></span> <span class='ocrx_word' id='word_1_91' title='bbox 1374 1012 1471 1065; x_wconf 89' lang='grc' dir='ltr'><strong>τοῦ</strong></span> <span class='ocrx_word' id='word_1_92' title='bbox 1502 1011 1805 1082; x_wconf 80' lang='grc' dir='ltr'>ἡγουμένου</span> 
     </span>
    </p>
   </div>
   <div class='ocr_carea' id='block_1_10' title="bbox 1922 1003 3492 1084">
    <p class='ocr_par' dir='ltr' id='par_1_10' title="bbox 1922 1003 3492 1078">
     <span class='ocr_line' id='line_1_10' title="bbox 1922 1003 3492 1078; baseline -0.002 -15"><span class='ocrx_word' id='word_1_93' title='bbox 1922 1025 2033 1063; x_wconf 65' lang='lat' dir='ltr'><strong>sum</strong></span> <span class='ocrx_word' id='word_1_94' title='bbox 2082 1022 2298 1078; x_wconf 83' lang='lat' dir='ltr'><strong>semper</strong></span> <span class='ocrx_word' id='word_1_95' title='bbox 2337 1006 2494 1061; x_wconf 83' lang='lat' dir='ltr'><strong>ducis</strong></span> <span class='ocrx_word' id='word_1_96' title='bbox 2535 1014 2744 1075; x_wconf 88' lang='lat' dir='ltr'><strong>tergum</strong></span> <span class='ocrx_word' id='word_1_97' title='bbox 2780 1006 3058 1075; x_wconf 74' lang='lat' dir='ltr'><strong>respiciat.</strong></span> <span class='ocrx_word' id='word_1_98' title='bbox 3096 1003 3231 1059; x_wconf 82' lang='lat' dir='ltr'><strong>Nam</strong></span> <span class='ocrx_word' id='word_1_99' title='bbox 3276 1006 3369 1075; x_wconf 86' lang='lat' dir='ltr'><strong>qui</strong></span> <span class='ocrx_word' id='word_1_100' title='bbox 3426 1006 3492 1060; x_wconf 87' lang='lat' dir='ltr'><strong>ad</strong></span> 
     </span>
    </p>
   </div>
   <div class='ocr_carea' id='block_1_11' title="bbox 221 1097 1816 1176">
    <p class='ocr_par' dir='ltr' id='par_1_11' title="bbox 221 1100 1805 1176">
     <span class='ocr_line' id='line_1_11' title="bbox 221 1100 1805 1176; baseline 0.001 -21"><span class='ocrx_word' id='word_1_101' title='bbox 221 1102 432 1172; x_wconf 78' lang='grc' dir='ltr'>βλέποι.</span> <span class='ocrx_word' id='word_1_102' title='bbox 473 1102 531 1155; x_wconf 90' lang='lat'><strong>&#39;0</strong></span> <span class='ocrx_word' id='word_1_103' title='bbox 559 1101 667 1174; x_wconf 85' lang='grc' dir='ltr'>γὰρ</span> <span class='ocrx_word' id='word_1_104' title='bbox 694 1101 788 1154; x_wconf 75' lang='grc' dir='ltr'>ἐπὶ</span> <span class='ocrx_word' id='word_1_105' title='bbox 825 1100 895 1157; x_wconf 81' lang='grc' dir='ltr'>τὰ</span> <span class='ocrx_word' id='word_1_106' title='bbox 921 1101 1127 1171; x_wconf 84' lang='grc' dir='ltr'>πλάγια</span> <span class='ocrx_word' id='word_1_107' title='bbox 1147 1105 1214 1174; x_wconf 79' lang='grc' dir='ltr'>τῇ</span> <span class='ocrx_word' id='word_1_108' title='bbox 1244 1103 1457 1174; x_wconf 86' lang='grc' dir='ltr'>κινήσει</span> <span class='ocrx_word' id='word_1_109' title='bbox 1490 1103 1805 1176; x_wconf 82' lang='grc' dir='ltr'>παραφερό·</span> 
     </span>
    </p>
   </div>
   <div class='ocr_carea' id='block_1_12' title="bbox 1922 1097 3495 1176">
    <p class='ocr_par' dir='ltr' id='par_1_12' title="bbox 1922 1097 3495 1163">
     <span class='ocr_line' id='line_1_12' title="bbox 1922 1097 3495 1163; baseline -0.001 -11"><span class='ocrx_word' id='word_1_110' title='bbox 1922 1110 2081 1155; x_wconf 50' lang='lat' dir='ltr'><strong>latera</strong></span> <span class='ocrx_word' id='word_1_111' title='bbox 2114 1114 2174 1155; x_wconf 88' lang='lat' dir='ltr'><strong>se</strong></span> <span class='ocrx_word' id='word_1_112' title='bbox 2226 1100 2525 1163; x_wconf 89' lang='lat' dir='ltr'><strong>transfert,</strong></span> <span class='ocrx_word' id='word_1_113' title='bbox 2570 1109 2664 1151; x_wconf 90' lang='lat' dir='ltr'><strong>aut</strong></span> <span class='ocrx_word' id='word_1_114' title='bbox 2717 1098 2969 1152; x_wconf 81' lang='lat' dir='ltr'><strong>ducentis</strong></span> <span class='ocrx_word' id='word_1_115' title='bbox 3025 1097 3218 1153; x_wconf 90' lang='lat' dir='ltr'><strong>faciem</strong></span> <span class='ocrx_word' id='word_1_116' title='bbox 3265 1113 3495 1153; x_wconf 65' lang='lat' dir='ltr'><strong>cernere</strong></span> 
     </span>
    </p>
   </div>
   <div class='ocr_carea' id='block_1_13' title="bbox 224 1191 1808 1265">
    <p class='ocr_par' dir='ltr' id='par_1_13' title="bbox 224 1191 1808 1265">
     <span class='ocr_line' id='line_1_13' title="bbox 224 1191 1808 1265; baseline 0.001 -21"><span class='ocrx_word' id='word_1_117' title='bbox 224 1208 406 1262; x_wconf 83' lang='grc' dir='ltr'>μενος,</span> <span class='ocrx_word' id='word_1_118' title='bbox 432 1191 467 1263; x_wconf 80' lang='grc' dir='ltr'><strong>ἦ</strong></span> <span class='ocrx_word' id='word_1_119' title='bbox 494 1193 909 1264; x_wconf 77' lang='grc' dir='ltr'>ἀντιπρόσωπον</span> <span class='ocrx_word' id='word_1_120' title='bbox 939 1192 1120 1263; x_wconf 85' lang='grc' dir='ltr'>φέρων</span> <span class='ocrx_word' id='word_1_121' title='bbox 1149 1192 1226 1263; x_wconf 86' lang='grc' dir='ltr'><strong>τῷ</strong></span> <span class='ocrx_word' id='word_1_122' title='bbox 1249 1192 1530 1265; x_wconf 85' lang='grc' dir='ltr'>ὁδηγοῦντι</span> <span class='ocrx_word' id='word_1_123' title='bbox 1557 1193 1617 1246; x_wconf 85' lang='grc' dir='ltr'><strong>τὸ</strong></span> <span class='ocrx_word' id='word_1_124' title='bbox 1643 1193 1808 1264; x_wconf 84' lang='grc' dir='ltr'>βλέμ-</span> 
     </span>
    </p>
   </div>
   <div class='ocr_carea' id='block_1_14' title="bbox 222 1281 1806 1358">
    <p class='ocr_par' dir='ltr' id='par_1_14' title="bbox 222 1281 1806 1358">
     <span class='ocr_line' id='line_1_14' title="bbox 222 1281 1806 1358; baseline 0.001 -21"><span class='ocrx_word' id='word_1_125' title='bbox 222 1298 337 1353; x_wconf 78' lang='grc' dir='ltr'><strong>μα,</strong></span> <span class='ocrx_word' id='word_1_126' title='bbox 372 1281 539 1352; x_wconf 76' lang='grc' dir='ltr'>ἄλλην</span> <span class='ocrx_word' id='word_1_127' title='bbox 568 1282 747 1354; x_wconf 81' lang='grc' dir='ltr'>ἐαυτῷ</span> <span class='ocrx_word' id='word_1_128' title='bbox 771 1287 1088 1356; x_wconf 85' lang='grc' dir='ltr'>καινοτομεῖ</span> <span class='ocrx_word' id='word_1_129' title='bbox 1123 1284 1369 1357; x_wconf 87' lang='grc' dir='ltr'>πορείαν,</span> <span class='ocrx_word' id='word_1_130' title='bbox 1402 1286 1499 1356; x_wconf 88' lang='grc' dir='ltr'><strong>οὐχ</strong></span> <span class='ocrx_word' id='word_1_131' title='bbox 1533 1287 1598 1357; x_wconf 83' lang='grc' dir='ltr'>ἢν</span> <span class='ocrx_word' id='word_1_132' title='bbox 1623 1286 1652 1339; x_wconf 82' lang='grc' dir='ltr'><strong>ό</strong></span> <span class='ocrx_word' id='word_1_133' title='bbox 1682 1287 1806 1358; x_wconf 82' lang='grc' dir='ltr'>ὁδη-</span> 
     </span>
    </p>
   </div>
   <div class='ocr_carea' id='block_1_15' title="bbox 219 1373 1808 1448">
    <p class='ocr_par' dir='ltr' id='par_1_15' title="bbox 219 1373 1808 1448">
     <span class='ocr_line' id='line_1_15' title="bbox 219 1373 1808 1448; baseline 0.003 -22"><span class='ocrx_word' id='word_1_134' title='bbox 219 1373 316 1442; x_wconf 83' lang='grc' dir='ltr'><strong>γδς</strong></span> <span class='ocrx_word' id='word_1_135' title='bbox 348 1373 710 1428; x_wconf 84' lang='grc' dir='ltr'>ὑποδείκνυσι.</span> <span class='ocrx_word' id='word_1_136' title='bbox 744 1375 836 1427; x_wconf 91' lang='grc' dir='ltr'>Διό</span> <span class='ocrx_word' id='word_1_137' title='bbox 866 1392 998 1445; x_wconf 82' lang='grc' dir='ltr'>φησι</span> <span class='ocrx_word' id='word_1_138' title='bbox 1028 1375 1166 1445; x_wconf 85' lang='grc' dir='ltr'>πρὸς</span> <span class='ocrx_word' id='word_1_139' title='bbox 1192 1376 1283 1429; x_wconf 81' lang='grc' dir='ltr'><strong>τὸν</strong></span> <span class='ocrx_word' id='word_1_140' title='bbox 1311 1376 1692 1448; x_wconf 86' lang='grc' dir='ltr'>ὁδηγούμενον,</span> <span class='ocrx_word' id='word_1_141' title='bbox 1726 1378 1808 1431; x_wconf 82' lang='grc' dir='ltr'>ὅτι</span> 
     </span>
    </p>
   </div>
   <div class='ocr_carea' id='block_1_16' title="bbox 226 1461 1804 1536">
    <p class='ocr_par' dir='ltr' id='par_1_16' title="bbox 226 1461 1804 1536">
     <span class='ocr_line' id='line_1_16' title="bbox 226 1461 1804 1536; baseline 0.004 -23"><span class='ocrx_word' id='word_1_142' title='bbox 226 1480 249 1513; x_wconf 77' lang='grc' dir='ltr'>ί</span> <span class='ocrx_word' id='word_1_143' title='bbox 286 1461 360 1515; x_wconf 88' lang='grc' dir='ltr'><strong>Τὸ</strong></span> <span class='ocrx_word' id='word_1_144' title='bbox 401 1462 693 1533; x_wconf 84' lang='grc' dir='ltr'>πρόσωπόν</span> <span class='ocrx_word' id='word_1_145' title='bbox 730 1481 832 1533; x_wconf 88' lang='grc' dir='ltr'><strong>μου</strong></span> <span class='ocrx_word' id='word_1_146' title='bbox 865 1466 965 1518; x_wconf 87' lang='grc' dir='ltr'><strong>οὐκ</strong></span> <span class='ocrx_word' id='word_1_147' title='bbox 1006 1464 1305 1536; x_wconf 79' lang='grc' dir='ltr'>ὀφθήσεταί</span> <span class='ocrx_word' id='word_1_148' title='bbox 1336 1483 1446 1520; x_wconf 90' lang='grc' dir='ltr'>σοι·</span> <span class='ocrx_word' id='word_1_149' title='bbox 1488 1485 1507 1519; x_wconf 75' lang='grc' dir='ltr'><strong>ο</strong></span> <span class='ocrx_word' id='word_1_150' title='bbox 1537 1466 1804 1533; x_wconf 84' lang='grc' dir='ltr'>τουτέστι,</span> 
     </span>
    </p>
   </div>
   <div class='ocr_carea' id='block_1_17' title="bbox 224 1550 1808 1629">
    <p class='ocr_par' dir='ltr' id='par_1_17' title="bbox 224 1550 1808 1629">
     <span class='ocr_line' id='line_1_17' title="bbox 224 1550 1808 1629; baseline 0.004 -25"><span class='ocrx_word' id='word_1_151' title='bbox 224 1550 302 1625; x_wconf 52' lang='grc' dir='ltr'>,μὴ</span> <span class='ocrx_word' id='word_1_152' title='bbox 331 1552 745 1624; x_wconf 81' lang='grc' dir='ltr'>ἀντιπρόσωπος</span> <span class='ocrx_word' id='word_1_153' title='bbox 788 1553 937 1623; x_wconf 83' lang='grc' dir='ltr'>γίνου</span> <span class='ocrx_word' id='word_1_154' title='bbox 968 1554 1047 1626; x_wconf 89' lang='grc' dir='ltr'>τῷ</span> <span class='ocrx_word' id='word_1_155' title='bbox 1067 1556 1372 1627; x_wconf 83' lang='grc' dir='ltr'>ὁδηγοῦντι.</span> <span class='ocrx_word' id='word_1_156' title='bbox 1411 1557 1555 1629; x_wconf 86' lang='grc' dir='ltr'>Πρὸς</span> <span class='ocrx_word' id='word_1_157' title='bbox 1591 1557 1701 1629; x_wconf 82' lang='grc' dir='ltr'>γὰρ</span> <span class='ocrx_word' id='word_1_158' title='bbox 1745 1558 1808 1610; x_wconf 81' lang='grc' dir='ltr'><strong>τὸ</strong></span> 
     </span>
    </p>
   </div>
   <div class='ocr_carea' id='block_1_18' title="bbox 221 1645 1809 1720">
    <p class='ocr_par' dir='ltr' id='par_1_18' title="bbox 221 1645 1809 1720">
     <span class='ocr_line' id='line_1_18' title="bbox 221 1645 1809 1720; baseline 0.004 -23"><span class='ocrx_word' id='word_1_159' title='bbox 221 1645 466 1699; x_wconf 71' lang='grc' dir='ltr'>ἐναντίον</span> <span class='ocrx_word' id='word_1_160' title='bbox 499 1646 717 1707; x_wconf 86' lang='grc' dir='ltr'>πάντως</span> <span class='ocrx_word' id='word_1_161' title='bbox 754 1648 782 1699; x_wconf 85' lang='lat'><strong>6</strong></span> <span class='ocrx_word' id='word_1_162' title='bbox 813 1645 1011 1717; x_wconf 84' lang='grc' dir='ltr'>δρόμος</span> <span class='ocrx_word' id='word_1_163' title='bbox 1042 1646 1217 1702; x_wconf 82' lang='grc' dir='ltr'>ἐσται·</span> <span class='ocrx_word' id='word_1_164' title='bbox 1250 1649 1455 1718; x_wconf 79' lang='grc' dir='ltr'>ἀγαθὸν</span> <span class='ocrx_word' id='word_1_165' title='bbox 1485 1649 1595 1720; x_wconf 86' lang='grc' dir='ltr'>γὰρ</span> <span class='ocrx_word' id='word_1_166' title='bbox 1618 1648 1809 1720; x_wconf 85' lang='grc' dir='ltr'>ἀγαθῷ</span> 
     </span>
    </p>
   </div>
   <div class='ocr_carea' id='block_1_19' title="bbox 220 1736 1808 1803">
    <p class='ocr_par' dir='ltr' id='par_1_19' title="bbox 220 1736 1808 1803">
     <span class='ocr_line' id='line_1_19' title="bbox 220 1736 1808 1803; baseline 0.005 -15"><span class='ocrx_word' id='word_1_167' title='bbox 220 1737 325 1789; x_wconf 80' lang='grc' dir='ltr'><strong>οὐκ</strong></span> <span class='ocrx_word' id='word_1_168' title='bbox 372 1736 707 1803; x_wconf 79' lang='grc' dir='ltr'>ἀντιδλέπει,</span> <span class='ocrx_word' id='word_1_169' title='bbox 736 1738 849 1792; x_wconf 85' lang='grc' dir='ltr'>ἀλλ’</span> <span class='ocrx_word' id='word_1_170' title='bbox 881 1739 1093 1794; x_wconf 77' lang='grc' dir='ltr'>ἕπεται.</span> <span class='ocrx_word' id='word_1_171' title='bbox 1126 1740 1201 1793; x_wconf 87' lang='grc' dir='ltr'><strong>Τὸ</strong></span> <span class='ocrx_word' id='word_1_172' title='bbox 1244 1740 1301 1794; x_wconf 82' lang='grc' dir='ltr'>δὲ</span> <span class='ocrx_word' id='word_1_173' title='bbox 1343 1744 1408 1794; x_wconf 81' lang='grc' dir='ltr'>ὲκ</span> <span class='ocrx_word' id='word_1_174' title='bbox 1439 1741 1530 1795; x_wconf 87' lang='grc' dir='ltr'><strong>τοῦ</strong></span> <span class='ocrx_word' id='word_1_175' title='bbox 1564 1743 1808 1796; x_wconf 77' lang='grc' dir='ltr'>ἐναντίου</span> 
     </span>
    </p>
   </div>
   <div class='ocr_carea' id='block_1_20' title="bbox 221 1824 1808 1906">
    <p class='ocr_par' dir='ltr' id='par_1_20' title="bbox 221 1824 1808 1906">
     <span class='ocr_line' id='line_1_20' title="bbox 221 1824 1808 1906; baseline 0.007 -29"><span class='ocrx_word' id='word_1_176' title='bbox 221 1824 536 1896; x_wconf 84' lang='grc' dir='ltr'>νοούμενον,</span> <span class='ocrx_word' id='word_1_177' title='bbox 572 1829 648 1899; x_wconf 83' lang='grc' dir='ltr'><strong>τῷ</strong></span> <span class='ocrx_word' id='word_1_178' title='bbox 675 1829 863 1899; x_wconf 86' lang='grc' dir='ltr'>ἀγαθῷ</span> <span class='ocrx_word' id='word_1_179' title='bbox 893 1831 1307 1903; x_wconf 81' lang='grc' dir='ltr'>ἀντιπρόσωπον</span> <span class='ocrx_word' id='word_1_180' title='bbox 1331 1833 1560 1901; x_wconf 88' lang='grc' dir='ltr'>γίνεται.</span> <span class='ocrx_word' id='word_1_181' title='bbox 1614 1834 1680 1887; x_wconf 85' lang='grc' dir='ltr'><strong>Ἥ</strong></span> <span class='ocrx_word' id='word_1_182' title='bbox 1699 1834 1808 1906; x_wconf 85' lang='grc' dir='ltr'><strong>γὰρ</strong></span> 
     </span>
    </p>
   </div>
   <div class='ocr_carea' id='block_1_21' title="bbox 221 1917 1810 1996">
    <p class='ocr_par' dir='ltr' id='par_1_21' title="bbox 221 1917 1810 1996">
     <span class='ocr_line' id='line_1_21' title="bbox 221 1917 1810 1996; baseline 0.006 -27"><span class='ocrx_word' id='word_1_183' title='bbox 221 1918 395 1971; x_wconf 83' lang='grc' dir='ltr'>κακία</span> <span class='ocrx_word' id='word_1_184' title='bbox 421 1917 481 1982; x_wconf 80' lang='grc' dir='ltr'>ἐξ</span> <span class='ocrx_word' id='word_1_185' title='bbox 520 1920 767 1973; x_wconf 67' lang='grc' dir='ltr'>ἐναντίου</span> <span class='ocrx_word' id='word_1_186' title='bbox 815 1925 883 1992; x_wconf 82' lang='grc' dir='ltr'>τῇ</span> <span class='ocrx_word' id='word_1_187' title='bbox 933 1924 1102 1994; x_wconf 82' lang='grc' dir='ltr'>ἀρετῇ</span> <span class='ocrx_word' id='word_1_188' title='bbox 1153 1923 1378 1993; x_wconf 85' lang='grc' dir='ltr'>βλέπει·</span> <span class='ocrx_word' id='word_1_189' title='bbox 1420 1925 1590 1996; x_wconf 81' lang='grc' dir='ltr'>ἀρετὴ</span> <span class='ocrx_word' id='word_1_190' title='bbox 1620 1925 1677 1977; x_wconf 84' lang='grc' dir='ltr'>δὲ</span> <span class='ocrx_word' id='word_1_191' title='bbox 1710 1926 1810 1980; x_wconf 88' lang='grc' dir='ltr'><strong>οὐκ</strong></span> 
     </span>
    </p>
   </div>
   <div class='ocr_carea' id='block_1_22' title="bbox 219 2009 1810 2090">
    <p class='ocr_par' dir='ltr' id='par_1_22' title="bbox 219 2009 1810 2090">
     <span class='ocr_line' id='line_1_22' title="bbox 219 2009 1810 2090; baseline 0.008 -30"><span class='ocrx_word' id='word_1_192' title='bbox 219 2009 632 2080; x_wconf 83' lang='grc' dir='ltr'>ἀντιθεωρεῖται</span> <span class='ocrx_word' id='word_1_193' title='bbox 699 2016 764 2084; x_wconf 83' lang='grc' dir='ltr'><strong>τῇ</strong></span> <span class='ocrx_word' id='word_1_194' title='bbox 828 2015 996 2086; x_wconf 76' lang='grc' dir='ltr'>ἀρετῇ</span> <span class='ocrx_word' id='word_1_195' title='bbox 1058 2016 1499 2090; x_wconf 86' lang='grc' dir='ltr'>ἀντιπρόσωπος.</span> <span class='ocrx_word' id='word_1_196' title='bbox 1589 2018 1648 2071; x_wconf 88' lang='lat'><strong>&#39;0</strong></span> <span class='ocrx_word' id='word_1_197' title='bbox 1715 2014 1810 2073; x_wconf 78' lang='grc' dir='ltr'><strong>οὖν</strong></span> 
     </span>
    </p>
   </div>
   <div class='ocr_carea' id='block_1_23' title="bbox 220 2102 1810 2178">
    <p class='ocr_par' dir='ltr' id='par_1_23' title="bbox 220 2102 1810 2178">
     <span class='ocr_line' id='line_1_23' title="bbox 220 2102 1810 2178; baseline 0.006 -24"><span class='ocrx_word' id='word_1_198' title='bbox 220 2102 465 2174; x_wconf 83' lang='grc' dir='ltr'>Μωῦσῆς</span> <span class='ocrx_word' id='word_1_199' title='bbox 490 2104 590 2156; x_wconf 87' lang='grc' dir='ltr'><strong>οὐκ</strong></span> <span class='ocrx_word' id='word_1_200' title='bbox 622 2105 937 2159; x_wconf 78' lang='grc' dir='ltr'>ἀντιϐλέπει</span> <span class='ocrx_word' id='word_1_201' title='bbox 962 2105 1041 2177; x_wconf 87' lang='grc' dir='ltr'><strong>τῷ</strong></span> <span class='ocrx_word' id='word_1_202' title='bbox 1069 2105 1209 2178; x_wconf 86' lang='grc' dir='ltr'>Θεῷ,</span> <span class='ocrx_word' id='word_1_203' title='bbox 1239 2107 1375 2160; x_wconf 76' lang='grc' dir='ltr'>ἀλλὰ</span> <span class='ocrx_word' id='word_1_204' title='bbox 1404 2107 1473 2161; x_wconf 82' lang='grc' dir='ltr'>τὰ</span> <span class='ocrx_word' id='word_1_205' title='bbox 1501 2108 1677 2162; x_wconf 88' lang='grc' dir='ltr'>ὀπίσω</span> <span class='ocrx_word' id='word_1_206' title='bbox 1712 2110 1810 2162; x_wconf 86' lang='grc' dir='ltr'>αὐ-</span> 
     </span>
    </p>
   </div>
   <div class='ocr_carea' id='block_1_24' title="bbox 1908 1189 3491 1260">
    <p class='ocr_par' dir='ltr' id='par_1_24' title="bbox 1908 1189 3491 1260">
     <span class='ocr_line' id='line_1_24' title="bbox 1908 1189 3491 1260; baseline -0.004 -11"><span class='ocrx_word' id='word_1_207' title='bbox 1908 1195 2126 1260; x_wconf 78' lang='lat' dir='ltr'><strong>stuilet,</strong></span> <span class='ocrx_word' id='word_1_208' title='bbox 2161 1209 2271 1248; x_wconf 91' lang='lat' dir='ltr'><strong>non</strong></span> <span class='ocrx_word' id='word_1_209' title='bbox 2314 1192 2443 1245; x_wconf 80' lang='lat' dir='ltr'><strong>facit</strong></span> <span class='ocrx_word' id='word_1_210' title='bbox 2487 1206 2607 1246; x_wconf 86' lang='lat' dir='ltr'><strong>eam</strong></span> <span class='ocrx_word' id='word_1_211' title='bbox 2649 1191 2815 1254; x_wconf 89' lang='lat' dir='ltr'><strong>viam,</strong></span> <span class='ocrx_word' id='word_1_212' title='bbox 2855 1204 3019 1259; x_wconf 85' lang='lat' dir='ltr'><strong>quam</strong></span> <span class='ocrx_word' id='word_1_213' title='bbox 3053 1189 3165 1243; x_wconf 81' lang='lat' dir='ltr'><strong>dux</strong></span> <span class='ocrx_word' id='word_1_214' title='bbox 3197 1190 3438 1244; x_wconf 85' lang='lat' dir='ltr'><strong>ostendit</strong></span> <span class='ocrx_word' id='word_1_215' title='bbox 3478 1207 3491 1242; x_wconf 92' lang='lat'><strong>:</strong></span> 
     </span>
    </p>
   </div>
   <div class='ocr_carea' id='block_1_25' title="bbox 1908 1281 3489 1347">
    <p class='ocr_par' dir='ltr' id='par_1_25' title="bbox 1908 1281 3489 1347">
     <span class='ocr_line' id='line_1_25' title="bbox 1908 1281 3489 1347; baseline -0.006 -5"><span class='ocrx_word' id='word_1_216' title='bbox 1908 1303 1974 1342; x_wconf 87' lang='lat' dir='ltr'><strong>ac</strong></span> <span class='ocrx_word' id='word_1_217' title='bbox 1994 1288 2116 1342; x_wconf 92' lang='lat' dir='ltr'><strong>ideo</strong></span> <span class='ocrx_word' id='word_1_218' title='bbox 2137 1286 2343 1340; x_wconf 88' lang='lat' dir='ltr'><strong>dicitur</strong></span> <span class='ocrx_word' id='word_1_219' title='bbox 2363 1286 2411 1340; x_wconf 81' lang='lat' dir='ltr'><strong>ei</strong></span> <span class='ocrx_word' id='word_1_220' title='bbox 2435 1304 2447 1339; x_wconf 87' lang='lat'><strong>:</strong></span> <span class='ocrx_word' id='word_1_221' title='bbox 2478 1302 2495 1335; x_wconf 77' lang='grc' dir='ltr'><strong>ι</strong></span> <span class='ocrx_word' id='word_1_222' title='bbox 2519 1282 2712 1337; x_wconf 84' lang='lat' dir='ltr'><strong>Facies</strong></span> <span class='ocrx_word' id='word_1_223' title='bbox 2739 1298 2854 1336; x_wconf 84' lang='lat' dir='ltr'><strong>mea</strong></span> <span class='ocrx_word' id='word_1_224' title='bbox 2881 1297 2989 1336; x_wconf 91' lang='lat' dir='ltr'><strong>non</strong></span> <span class='ocrx_word' id='word_1_225' title='bbox 3010 1281 3284 1337; x_wconf 82' lang='lat' dir='ltr'><strong>videbitur</strong></span> <span class='ocrx_word' id='word_1_226' title='bbox 3308 1282 3405 1336; x_wconf 86' lang='lat' dir='ltr'><strong>tibi</strong></span> <span class='ocrx_word' id='word_1_227' title='bbox 3428 1298 3442 1347; x_wconf 89' lang='lat'><strong>;</strong></span> <span class='ocrx_word' id='word_1_228' title='bbox 3470 1299 3489 1333; x_wconf 74' lang='grc' dir='ltr'><strong>ο</strong></span> 
     </span>
    </p>
   </div>
   <div class='ocr_carea' id='block_1_26' title="bbox 1910 1372 3496 1439">
    <p class='ocr_par' dir='ltr' id='par_1_26' title="bbox 1910 1372 3496 1439">
     <span class='ocr_line' id='line_1_26' title="bbox 1910 1372 3496 1439; baseline -0.003 -6"><span class='ocrx_word' id='word_1_229' title='bbox 1910 1380 2014 1433; x_wconf 92' lang='lat' dir='ltr'><strong>hoc</strong></span> <span class='ocrx_word' id='word_1_230' title='bbox 2042 1387 2148 1439; x_wconf 91' lang='lat' dir='ltr'><strong>est,</strong></span> <span class='ocrx_word' id='word_1_231' title='bbox 2176 1377 2295 1431; x_wconf 82' lang='lat' dir='ltr'><strong>Noli</strong></span> <span class='ocrx_word' id='word_1_232' title='bbox 2327 1377 2392 1429; x_wconf 89' lang='lat' dir='ltr'><strong>ad</strong></span> <span class='ocrx_word' id='word_1_233' title='bbox 2427 1374 2621 1429; x_wconf 81' lang='lat' dir='ltr'><strong>faciem</strong></span> <span class='ocrx_word' id='word_1_234' title='bbox 2650 1374 2902 1429; x_wconf 85' lang='lat' dir='ltr'><strong>ducentis</strong></span> <span class='ocrx_word' id='word_1_235' title='bbox 2931 1372 3025 1428; x_wconf 88' lang='lat' dir='ltr'><strong>Dei</strong></span> <span class='ocrx_word' id='word_1_236' title='bbox 3061 1388 3380 1437; x_wconf 87' lang='lat' dir='ltr'><strong>occurrere,</strong></span> <span class='ocrx_word' id='word_1_237' title='bbox 3428 1389 3496 1428; x_wconf 91' lang='lat' dir='ltr'><strong>ne</strong></span> 
     </span>
    </p>
   </div>
   <div class='ocr_carea' id='block_1_27' title="bbox 1912 1463 3498 1540">
    <p class='ocr_par' dir='ltr' id='par_1_27' title="bbox 1912 1463 3498 1540">
     <span class='ocr_line' id='line_1_27' title="bbox 1912 1463 3498 1540; baseline -0.006 -14"><span class='ocrx_word' id='word_1_238' title='bbox 1912 1471 1966 1526; x_wconf 92' lang='lat' dir='ltr'><strong>in</strong></span> <span class='ocrx_word' id='word_1_239' title='bbox 1985 1469 2294 1540; x_wconf 89' lang='lat' dir='ltr'><strong>oppositum</strong></span> <span class='ocrx_word' id='word_1_240' title='bbox 2311 1481 2504 1524; x_wconf 86' lang='lat' dir='ltr'><strong>cursus</strong></span> <span class='ocrx_word' id='word_1_241' title='bbox 2523 1465 2629 1519; x_wconf 87' lang='lat' dir='ltr'><strong>liat.</strong></span> <span class='ocrx_word' id='word_1_242' title='bbox 2674 1463 2808 1520; x_wconf 80' lang='lat' dir='ltr'><strong>Nam</strong></span> <span class='ocrx_word' id='word_1_243' title='bbox 2844 1466 2890 1520; x_wconf 88' lang='lat' dir='ltr'><strong>si</strong></span> <span class='ocrx_word' id='word_1_244' title='bbox 2924 1466 3130 1521; x_wconf 87' lang='lat' dir='ltr'><strong>bonum</strong></span> <span class='ocrx_word' id='word_1_245' title='bbox 3177 1466 3322 1520; x_wconf 89' lang='lat' dir='ltr'><strong>bono</strong></span> <span class='ocrx_word' id='word_1_246' title='bbox 3369 1479 3498 1519; x_wconf 55' lang='lat' dir='ltr'><strong>con.</strong></span> 
     </span>
    </p>
   </div>
   <div class='ocr_carea' id='block_1_28' title="bbox 1909 1555 3501 1628">
    <p class='ocr_par' dir='ltr' id='par_1_28' title="bbox 1909 1555 3501 1628">
     <span class='ocr_line' id='line_1_28' title="bbox 1909 1555 3501 1628; baseline -0.008 -8"><span class='ocrx_word' id='word_1_247' title='bbox 1909 1564 2144 1620; x_wconf 87' lang='lat' dir='ltr'><strong>trariqu</strong></span> <span class='ocrx_word' id='word_1_248' title='bbox 2180 1576 2290 1616; x_wconf 89' lang='lat' dir='ltr'><strong>non</strong></span> <span class='ocrx_word' id='word_1_249' title='bbox 2318 1572 2433 1625; x_wconf 89' lang='lat' dir='ltr'><strong>est,</strong></span> <span class='ocrx_word' id='word_1_250' title='bbox 2467 1569 2522 1615; x_wconf 89' lang='lat' dir='ltr'><strong>et</strong></span> <span class='ocrx_word' id='word_1_251' title='bbox 2553 1558 2649 1628; x_wconf 89' lang='lat' dir='ltr'><strong>qui</strong></span> <span class='ocrx_word' id='word_1_252' title='bbox 2680 1557 2934 1613; x_wconf 84' lang='lat' dir='ltr'><strong>ducentis</strong></span> <span class='ocrx_word' id='word_1_253' title='bbox 2970 1556 3162 1611; x_wconf 79' lang='lat' dir='ltr'><strong>faciem</strong></span> <span class='ocrx_word' id='word_1_254' title='bbox 3192 1556 3340 1610; x_wconf 88' lang='lat' dir='ltr'><strong>videt</strong></span> <span class='ocrx_word' id='word_1_255' title='bbox 3361 1596 3376 1619; x_wconf 91' lang='lat'><strong>,</strong></span> <span class='ocrx_word' id='word_1_256' title='bbox 3401 1555 3501 1609; x_wconf 78' lang='lat' dir='ltr'><strong>dt.-</strong></span> 
     </span>
    </p>
   </div>
   <div class='ocr_carea' id='block_1_29' title="bbox 1908 1645 3499 1725">
    <p class='ocr_par' dir='ltr' id='par_1_29' title="bbox 1908 1645 3499 1725">
     <span class='ocr_line' id='line_1_29' title="bbox 1908 1645 3499 1725; baseline -0.004 -20"><span class='ocrx_word' id='word_1_257' title='bbox 1908 1651 2060 1706; x_wconf 90' lang='lat' dir='ltr'><strong>centi</strong></span> <span class='ocrx_word' id='word_1_258' title='bbox 2084 1650 2372 1720; x_wconf 88' lang='lat' dir='ltr'><strong>oppositus</strong></span> <span class='ocrx_word' id='word_1_259' title='bbox 2399 1657 2504 1712; x_wconf 88' lang='lat' dir='ltr'><strong>est,</strong></span> <span class='ocrx_word' id='word_1_260' title='bbox 2528 1663 2654 1702; x_wconf 90' lang='lat' dir='ltr'><strong>cum</strong></span> <span class='ocrx_word' id='word_1_261' title='bbox 2683 1646 2891 1702; x_wconf 90' lang='lat' dir='ltr'><strong>ducens</strong></span> <span class='ocrx_word' id='word_1_262' title='bbox 2913 1647 3092 1725; x_wconf 78' lang='lat' dir='ltr'><strong>bonus</strong></span> <span class='ocrx_word' id='word_1_263' title='bbox 3114 1646 3207 1710; x_wconf 89' lang='lat' dir='ltr'><strong>sit,</strong></span> <span class='ocrx_word' id='word_1_264' title='bbox 3235 1645 3353 1715; x_wconf 89' lang='lat' dir='ltr'><strong>ipse</strong></span> <span class='ocrx_word' id='word_1_265' title='bbox 3384 1660 3499 1699; x_wconf 86' lang='lat' dir='ltr'><strong>ma—</strong></span> 
     </span>
    </p>
   </div>
   <div class='ocr_carea' id='block_1_30' title="bbox 1912 1735 3557 1807">
    <p class='ocr_par' dir='ltr' id='par_1_30' title="bbox 1912 1735 3557 1807">
     <span class='ocr_line' id='line_1_30' title="bbox 1912 1735 3557 1807; baseline -0.005 -7"><span class='ocrx_word' id='word_1_266' title='bbox 1912 1743 1999 1799; x_wconf 86' lang='lat' dir='ltr'><strong>lus</strong></span> <span class='ocrx_word' id='word_1_267' title='bbox 2030 1751 2151 1807; x_wconf 85' lang='lat' dir='ltr'><strong>est,</strong></span> <span class='ocrx_word' id='word_1_268' title='bbox 2185 1740 2525 1798; x_wconf 82' lang='lat' dir='ltr'><strong>contrarium</strong></span> <span class='ocrx_word' id='word_1_269' title='bbox 2562 1739 2750 1794; x_wconf 80' lang='lat' dir='ltr'><strong>virtuti</strong></span> <span class='ocrx_word' id='word_1_270' title='bbox 2790 1738 2982 1792; x_wconf 86' lang='lat' dir='ltr'><strong>vitium</strong></span> <span class='ocrx_word' id='word_1_271' title='bbox 3020 1755 3032 1790; x_wconf 89' lang='lat'><strong>:</strong></span> <span class='ocrx_word' id='word_1_272' title='bbox 3070 1751 3245 1807; x_wconf 85' lang='lat' dir='ltr'><strong>quare</strong></span> <span class='ocrx_word' id='word_1_273' title='bbox 3282 1735 3497 1807; x_wconf 77' lang='lat' dir='ltr'><strong>Moyses</strong></span> <span class='ocrx_word' id='word_1_274' title='bbox 3551 1777 3557 1782; x_wconf 82' lang='grc'><strong><em>-</em></strong></span> 
     </span>
    </p>
   </div>
   <div class='ocr_carea' id='block_1_31' title="bbox 1908 1828 3496 1904">
    <p class='ocr_par' dir='ltr' id='par_1_31' title="bbox 1908 1828 3496 1904">
     <span class='ocr_line' id='line_1_31' title="bbox 1908 1828 3496 1904; baseline -0.005 -13"><span class='ocrx_word' id='word_1_275' title='bbox 1908 1852 2020 1892; x_wconf 88' lang='lat' dir='ltr'><strong>non</strong></span> <span class='ocrx_word' id='word_1_276' title='bbox 2056 1851 2122 1891; x_wconf 81' lang='lat' dir='ltr'><strong>ex</strong></span> <span class='ocrx_word' id='word_1_277' title='bbox 2157 1835 2410 1904; x_wconf 85' lang='lat' dir='ltr'><strong>opposito</strong></span> <span class='ocrx_word' id='word_1_278' title='bbox 2440 1830 2711 1902; x_wconf 82' lang='lat' dir='ltr'><strong>conspicit</strong></span> <span class='ocrx_word' id='word_1_279' title='bbox 2755 1829 2946 1892; x_wconf 90' lang='lat' dir='ltr'><strong>Deum,</strong></span> <span class='ocrx_word' id='word_1_280' title='bbox 2983 1828 3080 1885; x_wconf 90' lang='lat' dir='ltr'><strong>sed</strong></span> <span class='ocrx_word' id='word_1_281' title='bbox 3120 1840 3333 1898; x_wconf 86' lang='lat' dir='ltr'><strong>tergum</strong></span> <span class='ocrx_word' id='word_1_282' title='bbox 3372 1828 3496 1897; x_wconf 82' lang='lat' dir='ltr'><strong>ejus</strong></span> 
     </span>
    </p>
   </div>
   <div class='ocr_carea' id='block_1_32' title="bbox 1911 1921 3495 1996">
    <p class='ocr_par' dir='ltr' id='par_1_32' title="bbox 1911 1921 3495 1996">
     <span class='ocr_line' id='line_1_32' title="bbox 1911 1921 3495 1996; baseline -0.004 -13"><span class='ocrx_word' id='word_1_283' title='bbox 1911 1928 2153 1996; x_wconf 83' lang='lat' dir='ltr'><strong>respicit.</strong></span> <span class='ocrx_word' id='word_1_284' title='bbox 2189 1925 2324 1979; x_wconf 86' lang='lat' dir='ltr'><strong>Nam</strong></span> <span class='ocrx_word' id='word_1_285' title='bbox 2359 1925 2452 1995; x_wconf 89' lang='lat' dir='ltr'><strong>qui</strong></span> <span class='ocrx_word' id='word_1_286' title='bbox 2498 1938 2564 1980; x_wconf 83' lang='lat' dir='ltr'><strong>ex</strong></span> <span class='ocrx_word' id='word_1_287' title='bbox 2606 1923 2858 1993; x_wconf 89' lang='lat' dir='ltr'><strong>opposito</strong></span> <span class='ocrx_word' id='word_1_288' title='bbox 2890 1921 3061 1975; x_wconf 88' lang='lat' dir='ltr'><strong>Deum</strong></span> <span class='ocrx_word' id='word_1_289' title='bbox 3108 1921 3348 1991; x_wconf 91' lang='lat' dir='ltr'><strong>aspicit,</strong></span> <span class='ocrx_word' id='word_1_290' title='bbox 3382 1936 3495 1976; x_wconf 81' lang='lat' dir='ltr'><strong>non</strong></span> 
     </span>
    </p>
   </div>
   <div class='ocr_carea' id='block_1_33' title="bbox 1911 2012 3498 2086">
    <p class='ocr_par' dir='ltr' id='par_1_33' title="bbox 1911 2012 3498 2086">
     <span class='ocr_line' id='line_1_33' title="bbox 1911 2012 3498 2086; baseline -0.006 -10"><span class='ocrx_word' id='word_1_291' title='bbox 1911 2022 2077 2086; x_wconf 82' lang='lat' dir='ltr'><strong>vivet,</strong></span> <span class='ocrx_word' id='word_1_292' title='bbox 2108 2028 2168 2073; x_wconf 91' lang='lat' dir='ltr'><strong>ut</strong></span> <span class='ocrx_word' id='word_1_293' title='bbox 2204 2034 2307 2072; x_wconf 80' lang='lat' dir='ltr'><strong>vox</strong></span> <span class='ocrx_word' id='word_1_294' title='bbox 2353 2018 2538 2071; x_wconf 82' lang='lat' dir='ltr'><strong>divina</strong></span> <span class='ocrx_word' id='word_1_295' title='bbox 2571 2024 2823 2070; x_wconf 86' lang='lat' dir='ltr'><strong>testatur.</strong></span> <span class='ocrx_word' id='word_1_296' title='bbox 2868 2036 2887 2064; x_wconf 78' lang='grc' dir='ltr'><strong>ι</strong></span> <span class='ocrx_word' id='word_1_297' title='bbox 2924 2012 3042 2068; x_wconf 86' lang='lat' dir='ltr'><strong>Non</strong></span> <span class='ocrx_word' id='word_1_298' title='bbox 3092 2013 3320 2081; x_wconf 86' lang='lat' dir='ltr'><strong>videbit,</strong></span> <span class='ocrx_word' id='word_1_299' title='bbox 3360 2031 3379 2064; x_wconf 72' lang='grc' dir='ltr'><strong>ι</strong></span> <span class='ocrx_word' id='word_1_300' title='bbox 3413 2012 3498 2066; x_wconf 84' lang='lat' dir='ltr'><strong>in-</strong></span> 
     </span>
    </p>
   </div>
   <div class='ocr_carea' id='block_1_34' title="bbox 1911 2102 3497 2180">
    <p class='ocr_par' dir='ltr' id='par_1_34' title="bbox 1911 2102 3497 2180">
     <span class='ocr_line' id='line_1_34' title="bbox 1911 2102 3497 2180; baseline -0.005 -16"><span class='ocrx_word' id='word_1_301' title='bbox 1911 2111 2052 2180; x_wconf 83' lang='lat' dir='ltr'><strong>quit,</strong></span> <span class='ocrx_word' id='word_1_302' title='bbox 2090 2128 2108 2161; x_wconf 78' lang='grc' dir='ltr'><strong>ι</strong></span> <span class='ocrx_word' id='word_1_303' title='bbox 2148 2110 2310 2163; x_wconf 83' lang='lat' dir='ltr'><strong>homo</strong></span> <span class='ocrx_word' id='word_1_304' title='bbox 2340 2106 2535 2161; x_wconf 81' lang='lat' dir='ltr'><strong>faciem</strong></span> <span class='ocrx_word' id='word_1_305' title='bbox 2566 2120 2764 2167; x_wconf 89' lang='lat' dir='ltr'><strong>meam,</strong></span> <span class='ocrx_word' id='word_1_306' title='bbox 2788 2112 2843 2158; x_wconf 91' lang='lat' dir='ltr'><strong>ct</strong></span> <span class='ocrx_word' id='word_1_307' title='bbox 2869 2105 3034 2158; x_wconf 88' lang='lat' dir='ltr'><strong>vivet.</strong></span> <span class='ocrx_word' id='word_1_308' title='bbox 3072 2123 3092 2156; x_wconf 70' lang='grc' dir='ltr'><strong>ι</strong></span> <span class='ocrx_word' id='word_1_309' title='bbox 3130 2102 3293 2158; x_wconf 82' lang='lat' dir='ltr'><strong>Vides</strong></span> <span class='ocrx_word' id='word_1_310' title='bbox 3320 2118 3497 2174; x_wconf 90' lang='lat' dir='ltr'><strong>quan-</strong></span> 
     </span>
    </p>
   </div>
   <div class='ocr_carea' id='block_1_35' title="bbox 217 2185 1816 2270">
    <p class='ocr_par' dir='ltr' id='par_1_35' title="bbox 217 2192 1810 2270">
     <span class='ocr_line' id='line_1_35' title="bbox 217 2192 1810 2270; baseline 0.003 -22"><span class='ocrx_word' id='word_1_311' title='bbox 217 2192 317 2248; x_wconf 81' lang='grc' dir='ltr'><strong>τοῦ</strong></span> <span class='ocrx_word' id='word_1_312' title='bbox 346 2195 555 2265; x_wconf 82' lang='grc' dir='ltr'>βλέπει.</span> <span class='ocrx_word' id='word_1_313' title='bbox 600 2197 658 2251; x_wconf 82' lang='lat'><strong>&#39;0</strong></span> <span class='ocrx_word' id='word_1_314' title='bbox 703 2198 811 2268; x_wconf 80' lang='grc' dir='ltr'><strong>γὰρ</strong></span> <span class='ocrx_word' id='word_1_315' title='bbox 836 2198 1196 2263; x_wconf 80' lang='grc' dir='ltr'>ἁντιϐλέπων,</span> <span class='ocrx_word' id='word_1_316' title='bbox 1237 2200 1297 2252; x_wconf 91' lang='grc' dir='ltr'><strong>οὐ</strong></span> <span class='ocrx_word' id='word_1_317' title='bbox 1332 2199 1593 2270; x_wconf 79' lang='grc' dir='ltr'>ζήσεται·</span> <span class='ocrx_word' id='word_1_318' title='bbox 1628 2199 1810 2264; x_wconf 84' lang='grc' dir='ltr'>καθὼς</span> 
     </span>
    </p>
   </div>
   <div class='ocr_carea' id='block_1_36' title="bbox 1922 2185 3553 2270">
    <p class='ocr_par' dir='ltr' id='par_1_36' title="bbox 1922 2193 3553 2269">
     <span class='ocr_line' id='line_1_36' title="bbox 1922 2193 3553 2269; baseline -0.006 -12"><span class='ocrx_word' id='word_1_319' title='bbox 1922 2210 2028 2257; x_wconf 83' lang='lat' dir='ltr'><strong>tum</strong></span> <span class='ocrx_word' id='word_1_320' title='bbox 2061 2208 2167 2264; x_wconf 89' lang='lat' dir='ltr'><strong>est,</strong></span> <span class='ocrx_word' id='word_1_321' title='bbox 2204 2209 2265 2254; x_wconf 91' lang='lat' dir='ltr'><strong>ut</strong></span> <span class='ocrx_word' id='word_1_322' title='bbox 2316 2199 2518 2269; x_wconf 88' lang='lat' dir='ltr'><strong>aliquis</strong></span> <span class='ocrx_word' id='word_1_323' title='bbox 2565 2198 2742 2253; x_wconf 88' lang='lat' dir='ltr'><strong>discat</strong></span> <span class='ocrx_word' id='word_1_324' title='bbox 2774 2196 2941 2250; x_wconf 89' lang='lat' dir='ltr'><strong>Deum</strong></span> <span class='ocrx_word' id='word_1_325' title='bbox 2987 2196 3163 2265; x_wconf 86' lang='lat' dir='ltr'><strong>sequi.</strong></span> <span class='ocrx_word' id='word_1_326' title='bbox 3205 2193 3338 2248; x_wconf 87' lang='lat' dir='ltr'><strong>Nam</strong></span> <span class='ocrx_word' id='word_1_327' title='bbox 3374 2204 3498 2264; x_wconf 87' lang='lat' dir='ltr'><strong>post</strong></span> <span class='ocrx_word' id='word_1_328' title='bbox 3540 2247 3553 2262; x_wconf 62' lang='grc'><strong>,</strong></span> 
     </span>
    </p>
   </div>
   <div class='ocr_carea' id='block_1_37' title="bbox 224 2286 1811 2361">
    <p class='ocr_par' dir='ltr' id='par_1_37' title="bbox 224 2286 1811 2361">
     <span class='ocr_line' id='line_1_37' title="bbox 224 2286 1811 2361; baseline 0.005 -23"><span class='ocrx_word' id='word_1_329' title='bbox 224 2286 565 2359; x_wconf 80' lang='grc' dir='ltr'>μαρτύρεται</span> <span class='ocrx_word' id='word_1_330' title='bbox 615 2290 648 2359; x_wconf 85' lang='grc' dir='ltr'><strong>ή</strong></span> <span class='ocrx_word' id='word_1_331' title='bbox 705 2289 824 2343; x_wconf 89' lang='grc' dir='ltr'>θεία</span> <span class='ocrx_word' id='word_1_332' title='bbox 869 2289 1051 2361; x_wconf 85' lang='grc' dir='ltr'>φωνὴ,</span> <span class='ocrx_word' id='word_1_333' title='bbox 1106 2291 1188 2344; x_wconf 81' lang='grc' dir='ltr'>ὅτι</span> <span class='ocrx_word' id='word_1_334' title='bbox 1223 2309 1242 2342; x_wconf 82' lang='grc' dir='ltr'><strong>ι</strong></span> <span class='ocrx_word' id='word_1_335' title='bbox 1275 2292 1465 2356; x_wconf 81' lang='grc' dir='ltr'>Οὐδεὶς</span> <span class='ocrx_word' id='word_1_336' title='bbox 1516 2291 1706 2361; x_wconf 71' lang='grc' dir='ltr'>ὄψεται</span> <span class='ocrx_word' id='word_1_337' title='bbox 1751 2293 1811 2346; x_wconf 86' lang='grc' dir='ltr'>τὸ</span> 
     </span>
    </p>
   </div>
   <div class='ocr_carea' id='block_1_38' title="bbox 221 2378 1813 2455">
    <p class='ocr_par' dir='ltr' id='par_1_38' title="bbox 221 2378 1813 2455">
     <span class='ocr_line' id='line_1_38' title="bbox 221 2378 1813 2455; baseline 0.004 -24"><span class='ocrx_word' id='word_1_338' title='bbox 221 2378 518 2449; x_wconf 84' lang='grc' dir='ltr'>πρόσωπον</span> <span class='ocrx_word' id='word_1_339' title='bbox 550 2380 778 2453; x_wconf 85' lang='grc' dir='ltr'>Κυρίου,</span> <span class='ocrx_word' id='word_1_340' title='bbox 814 2382 907 2436; x_wconf 72' lang='grc' dir='ltr'>καὶ</span> <span class='ocrx_word' id='word_1_341' title='bbox 930 2381 1174 2452; x_wconf 79' lang='grc' dir='ltr'>ζήσεται.</span> <span class='ocrx_word' id='word_1_342' title='bbox 1206 2401 1226 2435; x_wconf 72' lang='grc' dir='ltr'><strong>ι</strong></span> <span class='ocrx_word' id='word_1_343' title='bbox 1268 2384 1431 2455; x_wconf 83' lang='grc' dir='ltr'>Ὁρᾷς</span> <span class='ocrx_word' id='word_1_344' title='bbox 1457 2384 1580 2438; x_wconf 86' lang='grc' dir='ltr'>ὅσον</span> <span class='ocrx_word' id='word_1_345' title='bbox 1607 2386 1724 2439; x_wconf 72' lang='grc' dir='ltr'>ἐστὶ</span> <span class='ocrx_word' id='word_1_346' title='bbox 1752 2385 1813 2438; x_wconf 82' lang='grc' dir='ltr'><strong>τὸ</strong></span> 
     </span>
    </p>
   </div>
   <div class='ocr_carea' id='block_1_39' title="bbox 224 2469 1813 2548">
    <p class='ocr_par' dir='ltr' id='par_1_39' title="bbox 224 2469 1813 2548">
     <span class='ocr_line' id='line_1_39' title="bbox 224 2469 1813 2548; baseline 0.005 -27"><span class='ocrx_word' id='word_1_347' title='bbox 224 2469 421 2541; x_wconf 80' lang='grc' dir='ltr'>μαθεῖν</span> <span class='ocrx_word' id='word_1_348' title='bbox 471 2471 834 2543; x_wconf 85' lang='grc' dir='ltr'>ἀκολουθῆσαι</span> <span class='ocrx_word' id='word_1_349' title='bbox 874 2472 952 2543; x_wconf 83' lang='grc' dir='ltr'><strong>τῷ</strong></span> <span class='ocrx_word' id='word_1_350' title='bbox 989 2473 1141 2544; x_wconf 83' lang='grc' dir='ltr'>Θεῷ·</span> <span class='ocrx_word' id='word_1_351' title='bbox 1194 2475 1277 2528; x_wconf 84' lang='grc' dir='ltr'><strong>ὅτι</strong></span> <span class='ocrx_word' id='word_1_352' title='bbox 1309 2476 1449 2546; x_wconf 85' lang='grc' dir='ltr'>μετὰ</span> <span class='ocrx_word' id='word_1_353' title='bbox 1474 2475 1575 2540; x_wconf 86' lang='grc' dir='ltr'>τὰς</span> <span class='ocrx_word' id='word_1_354' title='bbox 1602 2476 1813 2548; x_wconf 73' lang='grc' dir='ltr'>ὑψηλὰς</span> 
     </span>
    </p>
   </div>
   <div class='ocr_carea' id='block_1_40' title="bbox 222 2562 1814 2638">
    <p class='ocr_par' dir='ltr' id='par_1_40' title="bbox 222 2562 1814 2638">
     <span class='ocr_line' id='line_1_40' title="bbox 222 2562 1814 2638; baseline 0.003 -23"><span class='ocrx_word' id='word_1_355' title='bbox 222 2562 442 2626; x_wconf 79' lang='grc' dir='ltr'>ὲκείνας</span> <span class='ocrx_word' id='word_1_356' title='bbox 473 2564 788 2629; x_wconf 77' lang='grc' dir='ltr'>ἀναϐάσεις,</span> <span class='ocrx_word' id='word_1_357' title='bbox 821 2567 918 2619; x_wconf 68' lang='grc' dir='ltr'><strong>κοιλ⁸</strong></span> <span class='ocrx_word' id='word_1_358' title='bbox 945 2564 1044 2630; x_wconf 81' lang='grc' dir='ltr'>τὰς</span> <span class='ocrx_word' id='word_1_359' title='bbox 1073 2565 1313 2638; x_wconf 83' lang='grc' dir='ltr'>φοϐεράς</span> <span class='ocrx_word' id='word_1_360' title='bbox 1350 2585 1411 2621; x_wconf 86' lang='grc' dir='ltr'><strong>τε</strong></span> <span class='ocrx_word' id='word_1_361' title='bbox 1440 2569 1536 2621; x_wconf 81' lang='grc' dir='ltr'>καὶ</span> <span class='ocrx_word' id='word_1_362' title='bbox 1569 2569 1814 2633; x_wconf 79' lang='grc' dir='ltr'>ἐνδόξους</span> 
     </span>
    </p>
   </div>
   <div class='ocr_carea' id='block_1_41' title="bbox 224 2653 1813 2726">
    <p class='ocr_par' dir='ltr' id='par_1_41' title="bbox 224 2653 1813 2726">
     <span class='ocr_line' id='line_1_41' title="bbox 224 2653 1813 2726; baseline 0.003 -22"><span class='ocrx_word' id='word_1_363' title='bbox 224 2653 567 2721; x_wconf 79' lang='grc' dir='ltr'>θεοφανείας,</span> <span class='ocrx_word' id='word_1_364' title='bbox 596 2654 732 2726; x_wconf 81' lang='grc' dir='ltr'>πρὸς</span> <span class='ocrx_word' id='word_1_365' title='bbox 760 2653 838 2725; x_wconf 87' lang='grc' dir='ltr'><strong>τῷ</strong></span> <span class='ocrx_word' id='word_1_366' title='bbox 860 2654 1003 2708; x_wconf 87' lang='grc' dir='ltr'>τέλει</span> <span class='ocrx_word' id='word_1_367' title='bbox 1035 2673 1137 2709; x_wconf 90' lang='grc' dir='ltr'><strong>που</strong></span> <span class='ocrx_word' id='word_1_368' title='bbox 1172 2659 1271 2726; x_wconf 82' lang='grc' dir='ltr'>τῆς</span> <span class='ocrx_word' id='word_1_369' title='bbox 1300 2653 1465 2726; x_wconf 81' lang='grc' dir='ltr'>ζωῆς,</span> <span class='ocrx_word' id='word_1_370' title='bbox 1506 2656 1662 2725; x_wconf 85' lang='grc' dir='ltr'>μόγις</span> <span class='ocrx_word' id='word_1_371' title='bbox 1683 2656 1813 2708; x_wconf 85' lang='grc' dir='ltr'>ταύ-</span> 
     </span>
    </p>
   </div>
   <div class='ocr_carea' id='block_1_42' title="bbox 221 2741 1813 2815">
    <p class='ocr_par' dir='ltr' id='par_1_42' title="bbox 221 2741 1813 2815">
     <span class='ocr_line' id='line_1_42' title="bbox 221 2741 1813 2815; baseline 0.003 -22"><span class='ocrx_word' id='word_1_372' title='bbox 221 2757 326 2809; x_wconf 84' lang='grc' dir='ltr'><strong>της</strong></span> <span class='ocrx_word' id='word_1_373' title='bbox 350 2741 594 2807; x_wconf 80' lang='grc' dir='ltr'>ἀξιοῦται</span> <span class='ocrx_word' id='word_1_374' title='bbox 622 2745 722 2813; x_wconf 84' lang='grc' dir='ltr'>τῆς</span> <span class='ocrx_word' id='word_1_375' title='bbox 750 2745 993 2815; x_wconf 80' lang='grc' dir='ltr'>χάριτος,</span> <span class='ocrx_word' id='word_1_376' title='bbox 1025 2747 1053 2797; x_wconf 89' lang='grc' dir='ltr'><strong>ὁ</strong></span> <span class='ocrx_word' id='word_1_377' title='bbox 1090 2743 1278 2814; x_wconf 88' lang='grc' dir='ltr'>μαθὼν</span> <span class='ocrx_word' id='word_1_378' title='bbox 1307 2745 1535 2798; x_wconf 88' lang='grc' dir='ltr'>κατόπιν</span> <span class='ocrx_word' id='word_1_379' title='bbox 1567 2744 1813 2813; x_wconf 88' lang='grc' dir='ltr'>γίνεσθαι</span> 
     </span>
    </p>
   </div>
   <div class='ocr_carea' id='block_1_43' title="bbox 222 2832 1815 2907">
    <p class='ocr_par' dir='ltr' id='par_1_43' title="bbox 222 2832 1815 2907">
     <span class='ocr_line' id='line_1_43' title="bbox 222 2832 1815 2907; baseline 0.001 -21"><span class='ocrx_word' id='word_1_380' title='bbox 222 2832 384 2888; x_wconf 86' lang='grc' dir='ltr'>Θεοῦ.</span> <span class='ocrx_word' id='word_1_381' title='bbox 417 2834 506 2905; x_wconf 87' lang='grc' dir='ltr'>Τῷ</span> <span class='ocrx_word' id='word_1_382' title='bbox 531 2834 588 2887; x_wconf 84' lang='grc' dir='ltr'><strong>δὲ</strong></span> <span class='ocrx_word' id='word_1_383' title='bbox 613 2834 787 2898; x_wconf 70' lang='grc' dir='ltr'>οὕτως</span> <span class='ocrx_word' id='word_1_384' title='bbox 821 2837 1075 2907; x_wconf 77' lang='grc' dir='ltr'>ἑπομένῳ</span> <span class='ocrx_word' id='word_1_385' title='bbox 1102 2836 1180 2906; x_wconf 88' lang='grc' dir='ltr'><strong>τῷ</strong></span> <span class='ocrx_word' id='word_1_386' title='bbox 1206 2836 1346 2907; x_wconf 88' lang='grc' dir='ltr'>Θεῷ,</span> <span class='ocrx_word' id='word_1_387' title='bbox 1374 2836 1557 2889; x_wconf 86' lang='grc' dir='ltr'>οὐκέτι</span> <span class='ocrx_word' id='word_1_388' title='bbox 1591 2836 1700 2889; x_wconf 83' lang='grc' dir='ltr'><strong>τῶν</strong></span> <span class='ocrx_word' id='word_1_389' title='bbox 1728 2835 1815 2889; x_wconf 78' lang='grc' dir='ltr'><strong>διὰ</strong></span> 
     </span>
    </p>
   </div>
   <div class='ocr_carea' id='block_1_44' title="bbox 222 2926 1817 3000">
    <p class='ocr_par' dir='ltr' id='par_1_44' title="bbox 222 2926 1817 3000">
     <span class='ocr_line' id='line_1_44' title="bbox 222 2926 1817 3000; baseline 0.001 -20"><span class='ocrx_word' id='word_1_390' title='bbox 222 2926 429 2990; x_wconf 85' lang='grc' dir='ltr'>κακίας</span> <span class='ocrx_word' id='word_1_391' title='bbox 485 2928 975 3000; x_wconf 82' lang='grc' dir='ltr'>προσοχθισμάτων</span> <span class='ocrx_word' id='word_1_392' title='bbox 1045 2929 1345 2983; x_wconf 78' lang='grc' dir='ltr'>ἀντιϐαίνει</span> <span class='ocrx_word' id='word_1_393' title='bbox 1405 2929 1579 2982; x_wconf 85' lang='grc' dir='ltr'>οὐδέν.</span> <span class='ocrx_word' id='word_1_394' title='bbox 1659 2928 1817 2983; x_wconf 75' lang='grc' dir='ltr'>Μετὰ</span> 
     </span>
    </p>
   </div>
   <div class='ocr_carea' id='block_1_45' title="bbox 221 3020 1816 3094">
    <p class='ocr_par' dir='ltr' id='par_1_45' title="bbox 221 3020 1816 3094">
     <span class='ocr_line' id='line_1_45' title="bbox 221 3020 1816 3094; baseline -0.001 -21"><span class='ocrx_word' id='word_1_395' title='bbox 221 3020 400 3073; x_wconf 86' lang='grc' dir='ltr'>ταῦτα</span> <span class='ocrx_word' id='word_1_396' title='bbox 446 3020 556 3093; x_wconf 76' lang='grc' dir='ltr'>γὰρ</span> <span class='ocrx_word' id='word_1_397' title='bbox 610 3020 803 3090; x_wconf 87' lang='grc' dir='ltr'>φθόνος</span> <span class='ocrx_word' id='word_1_398' title='bbox 849 3022 999 3092; x_wconf 86' lang='grc' dir='ltr'>αὐτῷ</span> <span class='ocrx_word' id='word_1_399' title='bbox 1045 3021 1197 3094; x_wconf 87' lang='grc' dir='ltr'><strong>παρά</strong></span> <span class='ocrx_word' id='word_1_400' title='bbox 1246 3020 1355 3074; x_wconf 85' lang='grc' dir='ltr'><strong>τῶν</strong></span> <span class='ocrx_word' id='word_1_401' title='bbox 1394 3020 1641 3090; x_wconf 72' lang='grc' dir='ltr'>ἀδελφῶν</span> <span class='ocrx_word' id='word_1_402' title='bbox 1693 3022 1816 3073; x_wconf 77' lang='grc' dir='ltr'>ἐπι-</span> 
     </span>
    </p>
   </div>
   <div class='ocr_carea' id='block_1_46' title="bbox 226 3110 1814 3183">
    <p class='ocr_par' dir='ltr' id='par_1_46' title="bbox 226 3110 1814 3183">
     <span class='ocr_line' id='line_1_46' title="bbox 226 3110 1814 3183; baseline -0.001 -19"><span class='ocrx_word' id='word_1_403' title='bbox 226 3111 427 3181; x_wconf 80' lang='grc' dir='ltr'>φύεται</span> <span class='ocrx_word' id='word_1_404' title='bbox 448 3128 461 3141; x_wconf 94' lang='grc'><strong>·</strong></span> <span class='ocrx_word' id='word_1_405' title='bbox 509 3111 722 3181; x_wconf 83' lang='grc' dir='ltr'>φθόνος,</span> <span class='ocrx_word' id='word_1_406' title='bbox 753 3111 816 3165; x_wconf 85' lang='grc' dir='ltr'><strong>τὸ</strong></span> <span class='ocrx_word' id='word_1_407' title='bbox 845 3114 1157 3183; x_wconf 82' lang='grc' dir='ltr'>ἀρχέκακον</span> <span class='ocrx_word' id='word_1_408' title='bbox 1185 3112 1376 3176; x_wconf 83' lang='grc' dir='ltr'>πάθος,</span> <span class='ocrx_word' id='word_1_409' title='bbox 1404 3114 1433 3165; x_wconf 97' lang='lat'><strong>6</strong></span> <span class='ocrx_word' id='word_1_410' title='bbox 1461 3112 1554 3165; x_wconf 86' lang='grc' dir='ltr'><strong>τοῦ</strong></span> <span class='ocrx_word' id='word_1_411' title='bbox 1585 3110 1814 3165; x_wconf 83' lang='grc' dir='ltr'>θανάτου</span> 
     </span>
    </p>
   </div>
   <div class='ocr_carea' id='block_1_47' title="bbox 227 3203 1818 3276">
    <p class='ocr_par' dir='ltr' id='par_1_47' title="bbox 227 3203 1818 3276">
     <span class='ocr_line' id='line_1_47' title="bbox 227 3203 1818 3276; baseline -0.001 -20"><span class='ocrx_word' id='word_1_412' title='bbox 227 3203 433 3276; x_wconf 80' lang='grc' dir='ltr'>πατὴρ,</span> <span class='ocrx_word' id='word_1_413' title='bbox 456 3205 489 3275; x_wconf 85' lang='grc' dir='ltr'><strong>ή</strong></span> <span class='ocrx_word' id='word_1_414' title='bbox 514 3204 708 3275; x_wconf 84' lang='grc' dir='ltr'>πρώτη</span> <span class='ocrx_word' id='word_1_415' title='bbox 741 3204 840 3275; x_wconf 84' lang='grc' dir='ltr'><strong>τῆς</strong></span> <span class='ocrx_word' id='word_1_416' title='bbox 875 3205 1147 3275; x_wconf 82' lang='grc' dir='ltr'>ἁμαρτίας</span> <span class='ocrx_word' id='word_1_417' title='bbox 1177 3205 1401 3269; x_wconf 79' lang='grc' dir='ltr'>εἴσοδος,</span> <span class='ocrx_word' id='word_1_418' title='bbox 1430 3206 1462 3274; x_wconf 85' lang='grc' dir='ltr'><strong>ή</strong></span> <span class='ocrx_word' id='word_1_419' title='bbox 1489 3203 1592 3273; x_wconf 81' lang='grc' dir='ltr'>τῆς</span> <span class='ocrx_word' id='word_1_420' title='bbox 1618 3204 1818 3266; x_wconf 79' lang='grc' dir='ltr'>κακίας</span> 
     </span>
    </p>
   </div>
   <div class='ocr_carea' id='block_1_48' title="bbox 229 3293 1814 3368">
    <p class='ocr_par' dir='ltr' id='par_1_48' title="bbox 229 3293 1814 3368">
     <span class='ocr_line' id='line_1_48' title="bbox 229 3293 1814 3368; baseline -0.001 -19"><span class='ocrx_word' id='word_1_421' title='bbox 229 3293 436 3367; x_wconf 77' lang='grc' dir='ltr'>ρίζα,ή</span> <span class='ocrx_word' id='word_1_422' title='bbox 472 3298 569 3368; x_wconf 85' lang='grc' dir='ltr'><strong>τῆς</strong></span> <span class='ocrx_word' id='word_1_423' title='bbox 602 3296 778 3368; x_wconf 75' lang='grc' dir='ltr'>λύπης</span> <span class='ocrx_word' id='word_1_424' title='bbox 808 3296 1043 3365; x_wconf 83' lang='grc' dir='ltr'>γένεσις,</span> <span class='ocrx_word' id='word_1_425' title='bbox 1080 3296 1113 3365; x_wconf 90' lang='grc' dir='ltr'><strong>ή</strong></span> <span class='ocrx_word' id='word_1_426' title='bbox 1147 3296 1253 3349; x_wconf 83' lang='grc' dir='ltr'><strong>τῶν</strong></span> <span class='ocrx_word' id='word_1_427' title='bbox 1286 3294 1578 3366; x_wconf 82' lang='grc' dir='ltr'>συμφορῶν</span> <span class='ocrx_word' id='word_1_428' title='bbox 1611 3295 1814 3365; x_wconf 71' lang='grc' dir='ltr'>μήτηρ,</span> 
     </span>
    </p>
   </div>
   <div class='ocr_carea' id='block_1_49' title="bbox 227 3386 1815 3458">
    <p class='ocr_par' dir='ltr' id='par_1_49' title="bbox 227 3386 1815 3458">
     <span class='ocr_line' id='line_1_49' title="bbox 227 3386 1815 3458; baseline -0.002 -17"><span class='ocrx_word' id='word_1_429' title='bbox 227 3387 411 3458; x_wconf 50' lang='grc' dir='ltr'>ἡςτῆς</span> <span class='ocrx_word' id='word_1_430' title='bbox 455 3387 737 3451; x_wconf 82' lang='grc' dir='ltr'>ἀπειθείας</span> <span class='ocrx_word' id='word_1_431' title='bbox 782 3386 1060 3451; x_wconf 84' lang='grc' dir='ltr'>ὑπόθεσις,</span> <span class='ocrx_word' id='word_1_432' title='bbox 1109 3389 1143 3458; x_wconf 83' lang='grc' dir='ltr'>ἡ</span> <span class='ocrx_word' id='word_1_433' title='bbox 1186 3388 1287 3458; x_wconf 83' lang='grc' dir='ltr'>τῆς</span> <span class='ocrx_word' id='word_1_434' title='bbox 1335 3387 1600 3457; x_wconf 85' lang='grc' dir='ltr'>αἰσχύνης</span> <span class='ocrx_word' id='word_1_435' title='bbox 1648 3387 1815 3456; x_wconf 86' lang='grc' dir='ltr'>ἀρχή.</span> 
     </span>
    </p>
   </div>
   <div class='ocr_carea' id='block_1_50' title="bbox 226 3477 1821 3550">
    <p class='ocr_par' dir='ltr' id='par_1_50' title="bbox 226 3477 1821 3550">
     <span class='ocr_line' id='line_1_50' title="bbox 226 3477 1821 3550; baseline -0.001 -19"><span class='ocrx_word' id='word_1_436' title='bbox 226 3478 427 3541; x_wconf 75' lang='grc' dir='ltr'>Φθόνος</span> <span class='ocrx_word' id='word_1_437' title='bbox 461 3481 608 3550; x_wconf 81' lang='grc' dir='ltr'>ἡμᾶς</span> <span class='ocrx_word' id='word_1_438' title='bbox 657 3478 751 3533; x_wconf 86' lang='grc' dir='ltr'><strong>τοῦ</strong></span> <span class='ocrx_word' id='word_1_439' title='bbox 798 3479 1127 3550; x_wconf 88' lang='grc' dir='ltr'>παραδείσου</span> <span class='ocrx_word' id='word_1_440' title='bbox 1175 3478 1459 3548; x_wconf 81' lang='grc' dir='ltr'>ὲξῴκισεν,</span> <span class='ocrx_word' id='word_1_441' title='bbox 1509 3479 1632 3547; x_wconf 76' lang='grc' dir='ltr'>ὄφις</span> <span class='ocrx_word' id='word_1_442' title='bbox 1677 3477 1821 3531; x_wconf 87' lang='grc' dir='ltr'><strong>κατά</strong></span> 
     </span>
    </p>
   </div>
   <div class='ocr_carea' id='block_1_51' title="bbox 226 3569 1822 3642">
    <p class='ocr_par' dir='ltr' id='par_1_51' title="bbox 226 3569 1822 3642">
     <span class='ocr_line' id='line_1_51' title="bbox 226 3569 1822 3642; baseline -0.001 -19"><span class='ocrx_word' id='word_1_443' title='bbox 226 3572 331 3642; x_wconf 83' lang='grc' dir='ltr'>τῆς</span> <span class='ocrx_word' id='word_1_444' title='bbox 383 3569 529 3634; x_wconf 80' lang='grc' dir='ltr'>Εὐας</span> <span class='ocrx_word' id='word_1_445' title='bbox 574 3571 866 3642; x_wconf 89' lang='grc' dir='ltr'>γενόμενος</span> <span class='ocrx_word' id='word_1_446' title='bbox 899 3587 912 3600; x_wconf 91' lang='grc'><strong>·</strong></span> <span class='ocrx_word' id='word_1_447' title='bbox 966 3570 1160 3640; x_wconf 89' lang='grc' dir='ltr'>φθόνος</span> <span class='ocrx_word' id='word_1_448' title='bbox 1186 3570 1291 3624; x_wconf 50' lang='grc' dir='ltr'>κτοῦ</span> <span class='ocrx_word' id='word_1_449' title='bbox 1339 3571 1498 3637; x_wconf 80' lang='grc' dir='ltr'>ξύλου</span> <span class='ocrx_word' id='word_1_450' title='bbox 1542 3571 1643 3639; x_wconf 77' lang='grc' dir='ltr'>τῆς</span> <span class='ocrx_word' id='word_1_451' title='bbox 1677 3569 1822 3638; x_wconf 84' lang='grc' dir='ltr'>ζωῆς</span> 
     </span>
    </p>
   </div>
   <div class='ocr_carea' id='block_1_52' title="bbox 227 3656 1821 3734">
    <p class='ocr_par' dir='ltr' id='par_1_52' title="bbox 227 3656 1821 3734">
     <span class='ocr_line' id='line_1_52' title="bbox 227 3656 1821 3734; baseline -0.004 -16"><span class='ocrx_word' id='word_1_452' title='bbox 227 3664 547 3734; x_wconf 85' lang='grc' dir='ltr'>ἀπετείχισε</span> <span class='ocrx_word' id='word_1_453' title='bbox 573 3705 587 3726; x_wconf 96' lang='grc'><strong>,</strong></span> <span class='ocrx_word' id='word_1_454' title='bbox 633 3665 730 3717; x_wconf 75' lang='grc' dir='ltr'><strong>καὶ</strong></span> <span class='ocrx_word' id='word_1_455' title='bbox 780 3662 887 3718; x_wconf 85' lang='grc' dir='ltr'><strong>τῶν</strong></span> <span class='ocrx_word' id='word_1_456' title='bbox 934 3656 1096 3734; x_wconf 83' lang='grc' dir='ltr'>ἱερῶν</span> <span class='ocrx_word' id='word_1_457' title='bbox 1148 3664 1464 3733; x_wconf 79' lang='grc' dir='ltr'>ἐνδυμάτων</span> <span class='ocrx_word' id='word_1_458' title='bbox 1505 3661 1821 3732; x_wconf 84' lang='grc' dir='ltr'>γυμνώσας,</span> 
     </span>
    </p>
   </div>
   <div class='ocr_carea' id='block_1_53' title="bbox 228 3753 1824 3827">
    <p class='ocr_par' dir='ltr' id='par_1_53' title="bbox 228 3753 1824 3827">
     <span class='ocr_line' id='line_1_53' title="bbox 228 3753 1824 3827; baseline -0.004 -17"><span class='ocrx_word' id='word_1_459' title='bbox 228 3759 345 3818; x_wconf 84' lang='grc' dir='ltr'>τοῖς</span> <span class='ocrx_word' id='word_1_460' title='bbox 362 3756 462 3826; x_wconf 79' lang='grc' dir='ltr'>τῆς</span> <span class='ocrx_word' id='word_1_461' title='bbox 493 3759 663 3827; x_wconf 76' lang='grc' dir='ltr'>συκῆς</span> <span class='ocrx_word' id='word_1_462' title='bbox 688 3756 901 3820; x_wconf 85' lang='grc' dir='ltr'>κλάδοις</span> <span class='ocrx_word' id='word_1_463' title='bbox 927 3756 994 3809; x_wconf 84' lang='grc' dir='ltr'>δι’</span> <span class='ocrx_word' id='word_1_464' title='bbox 1022 3755 1288 3826; x_wconf 84' lang='grc' dir='ltr'>αἰσχύνης</span> <span class='ocrx_word' id='word_1_465' title='bbox 1316 3756 1591 3825; x_wconf 86' lang='grc' dir='ltr'>ὐπήγαγε.</span> <span class='ocrx_word' id='word_1_466' title='bbox 1627 3753 1824 3816; x_wconf 78' lang='grc' dir='ltr'>Φθόνος</span> 
     </span>
    </p>
   </div>
   <div class='ocr_carea' id='block_1_54' title="bbox 228 3843 1824 3919">
    <p class='ocr_par' dir='ltr' id='par_1_54' title="bbox 228 3843 1824 3919">
     <span class='ocr_line' id='line_1_54' title="bbox 228 3843 1824 3919; baseline -0.004 -17"><span class='ocrx_word' id='word_1_467' title='bbox 228 3849 325 3902; x_wconf 78' lang='grc' dir='ltr'><strong>τὸν</strong></span> <span class='ocrx_word' id='word_1_468' title='bbox 372 3849 513 3902; x_wconf 82' lang='grc' dir='ltr'>Κάῐν</span> <span class='ocrx_word' id='word_1_469' title='bbox 543 3848 686 3901; x_wconf 86' lang='grc' dir='ltr'><strong>κατά</strong></span> <span class='ocrx_word' id='word_1_470' title='bbox 716 3849 815 3919; x_wconf 82' lang='grc' dir='ltr'>τῆς</span> <span class='ocrx_word' id='word_1_471' title='bbox 845 3843 1061 3917; x_wconf 84' lang='grc' dir='ltr'>φύσεως</span> <span class='ocrx_word' id='word_1_472' title='bbox 1090 3846 1319 3908; x_wconf 84' lang='grc' dir='ltr'>ὥπλισε,</span> <span class='ocrx_word' id='word_1_473' title='bbox 1349 3848 1443 3900; x_wconf 73' lang='grc' dir='ltr'><strong>καὶ</strong></span> <span class='ocrx_word' id='word_1_474' title='bbox 1473 3846 1562 3899; x_wconf 72' lang='grc' dir='ltr'><strong>τὸν</strong></span> <span class='ocrx_word' id='word_1_475' title='bbox 1594 3843 1824 3906; x_wconf 81' lang='grc' dir='ltr'>ἑπτάκις</span> 
     </span>
    </p>
   </div>
   <div class='ocr_carea' id='block_1_55' title="bbox 233 3936 1823 4009">
    <p class='ocr_par' dir='ltr' id='par_1_55' title="bbox 233 3936 1823 4009">
     <span class='ocr_line' id='line_1_55' title="bbox 233 3936 1823 4009; baseline -0.003 -17"><span class='ocrx_word' id='word_1_476' title='bbox 233 3938 615 4009; x_wconf 80' lang='grc' dir='ltr'>ὲκδικούμενον</span> <span class='ocrx_word' id='word_1_477' title='bbox 642 3939 1035 4008; x_wconf 79' lang='grc' dir='ltr'>ὲκαινοτόμησε</span> <span class='ocrx_word' id='word_1_478' title='bbox 1058 3938 1309 3992; x_wconf 83' lang='grc' dir='ltr'>θάνατον.</span> <span class='ocrx_word' id='word_1_479' title='bbox 1355 3937 1553 4001; x_wconf 78' lang='grc' dir='ltr'>Φθόνος</span> <span class='ocrx_word' id='word_1_480' title='bbox 1578 3936 1668 3989; x_wconf 86' lang='grc' dir='ltr'><strong>τὸν</strong></span> <span class='ocrx_word' id='word_1_481' title='bbox 1707 3936 1823 3988; x_wconf 79' lang='grc' dir='ltr'><strong>ἰω-</strong></span> 
     </span>
    </p>
   </div>
   <div class='ocr_carea' id='block_1_56' title="bbox 232 4029 1821 4103">
    <p class='ocr_par' dir='ltr' id='par_1_56' title="bbox 232 4029 1821 4103">
     <span class='ocr_line' id='line_1_56' title="bbox 232 4029 1821 4103; baseline -0.002 -18"><span class='ocrx_word' id='word_1_482' title='bbox 232 4034 348 4103; x_wconf 82' lang='grc' dir='ltr'>σὴφ</span> <span class='ocrx_word' id='word_1_483' title='bbox 376 4031 557 4085; x_wconf 88' lang='grc' dir='ltr'>δοῦλον</span> <span class='ocrx_word' id='word_1_484' title='bbox 591 4031 836 4101; x_wconf 78' lang='grc' dir='ltr'>ἐποίησε.</span> <span class='ocrx_word' id='word_1_485' title='bbox 864 4029 1061 4094; x_wconf 83' lang='grc' dir='ltr'>Φθόνος</span> <span class='ocrx_word' id='word_1_486' title='bbox 1087 4030 1148 4084; x_wconf 79' lang='grc' dir='ltr'>τὸ</span> <span class='ocrx_word' id='word_1_487' title='bbox 1171 4029 1545 4101; x_wconf 73' lang='grc' dir='ltr'>θανατηφόρον</span> <span class='ocrx_word' id='word_1_488' title='bbox 1575 4033 1821 4100; x_wconf 86' lang='grc' dir='ltr'>κέντρον,</span> 
     </span>
    </p>
   </div>
   <div class='ocr_carea' id='block_1_57' title="bbox 230 4122 1824 4195">
    <p class='ocr_par' dir='ltr' id='par_1_57' title="bbox 230 4122 1824 4195">
     <span class='ocr_line' id='line_1_57' title="bbox 230 4122 1824 4195; baseline -0.002 -17"><span class='ocrx_word' id='word_1_489' title='bbox 230 4124 297 4178; x_wconf 77' lang='grc' dir='ltr'><strong>τὸ</strong></span> <span class='ocrx_word' id='word_1_490' title='bbox 327 4123 705 4195; x_wconf 84' lang='grc' dir='ltr'>κεκρυμμένον</span> <span class='ocrx_word' id='word_1_491' title='bbox 731 4122 915 4189; x_wconf 82' lang='grc' dir='ltr'>ὅπλον,</span> <span class='ocrx_word' id='word_1_492' title='bbox 943 4125 977 4194; x_wconf 82' lang='grc' dir='ltr'>ἡ</span> <span class='ocrx_word' id='word_1_493' title='bbox 1007 4124 1105 4195; x_wconf 82' lang='grc' dir='ltr'>τῆς</span> <span class='ocrx_word' id='word_1_494' title='bbox 1136 4123 1352 4192; x_wconf 85' lang='grc' dir='ltr'>φύσεως</span> <span class='ocrx_word' id='word_1_495' title='bbox 1384 4125 1559 4185; x_wconf 82' lang='grc' dir='ltr'>νόσος,</span> <span class='ocrx_word' id='word_1_496' title='bbox 1590 4124 1619 4174; x_wconf 92' lang='lat'><strong>6</strong></span> <span class='ocrx_word' id='word_1_497' title='bbox 1652 4122 1824 4193; x_wconf 85' lang='grc' dir='ltr'>χολώ-</span> 
     </span>
    </p>
   </div>
   <div class='ocr_carea' id='block_1_58' title="bbox 234 4214 1826 4289">
    <p class='ocr_par' dir='ltr' id='par_1_58' title="bbox 234 4214 1826 4289">
     <span class='ocr_line' id='line_1_58' title="bbox 234 4214 1826 4289; baseline -0.003 -15"><span class='ocrx_word' id='word_1_498' title='bbox 234 4222 335 4289; x_wconf 89' lang='grc' dir='ltr'><strong>δης</strong></span> <span class='ocrx_word' id='word_1_499' title='bbox 372 4218 468 4280; x_wconf 81' lang='grc' dir='ltr'>ἰὸς,</span> <span class='ocrx_word' id='word_1_500' title='bbox 500 4219 534 4288; x_wconf 86' lang='grc' dir='ltr'><strong>ή</strong></span> <span class='ocrx_word' id='word_1_501' title='bbox 564 4217 810 4281; x_wconf 77' lang='grc' dir='ltr'>ἑκούσιος</span> <span class='ocrx_word' id='word_1_502' title='bbox 838 4216 1106 4287; x_wconf 85' lang='grc' dir='ltr'>τηκεδὼν,</span> <span class='ocrx_word' id='word_1_503' title='bbox 1136 4217 1198 4268; x_wconf 88' lang='grc' dir='ltr'><strong>τὸ</strong></span> <span class='ocrx_word' id='word_1_504' title='bbox 1227 4216 1422 4286; x_wconf 75' lang='grc' dir='ltr'>πικρὸν</span> <span class='ocrx_word' id='word_1_505' title='bbox 1454 4214 1628 4285; x_wconf 85' lang='grc' dir='ltr'>βέλος,</span> <span class='ocrx_word' id='word_1_506' title='bbox 1671 4218 1699 4269; x_wconf 90' lang='lat'><strong>6</strong></span> <span class='ocrx_word' id='word_1_507' title='bbox 1726 4217 1826 4287; x_wconf 86' lang='grc' dir='ltr'><strong>τῆς</strong></span> 
     </span>
    </p>
   </div>
   <div class='ocr_carea' id='block_1_59' title="bbox 233 4307 1827 4382">
    <p class='ocr_par' dir='ltr' id='par_1_59' title="bbox 233 4307 1827 4382">
     <span class='ocr_line' id='line_1_59' title="bbox 233 4307 1827 4382; baseline -0.002 -18"><span class='ocrx_word' id='word_1_508' title='bbox 233 4312 414 4381; x_wconf 79' lang='grc' dir='ltr'>ψυχῆς</span> <span class='ocrx_word' id='word_1_509' title='bbox 460 4307 611 4382; x_wconf 78' lang='grc' dir='ltr'>ἧλος,</span> <span class='ocrx_word' id='word_1_510' title='bbox 656 4311 718 4365; x_wconf 74' lang='grc' dir='ltr'>τὸ</span> <span class='ocrx_word' id='word_1_511' title='bbox 768 4310 1054 4381; x_wconf 77' lang='grc' dir='ltr'>ἐγκάρδιον</span> <span class='ocrx_word' id='word_1_512' title='bbox 1100 4309 1233 4381; x_wconf 90' lang='grc' dir='ltr'>πῦρ,</span> <span class='ocrx_word' id='word_1_513' title='bbox 1269 4312 1302 4381; x_wconf 86' lang='grc' dir='ltr'>ἠ</span> <span class='ocrx_word' id='word_1_514' title='bbox 1341 4312 1454 4372; x_wconf 85' lang='grc' dir='ltr'>τοῖς</span> <span class='ocrx_word' id='word_1_515' title='bbox 1498 4308 1827 4378; x_wconf 84' lang='grc' dir='ltr'>σπλάγχνοις</span> 
     </span>
    </p>
   </div>
   <div class='ocr_carea' id='block_1_60' title="bbox 232 4399 1827 4474">
    <p class='ocr_par' dir='ltr' id='par_1_60' title="bbox 232 4399 1827 4474">
     <span class='ocr_line' id='line_1_60' title="bbox 232 4399 1827 4474; baseline -0.003 -18"><span class='ocrx_word' id='word_1_516' title='bbox 232 4403 572 4474; x_wconf 73' lang='grc' dir='ltr'>ἑγκαιομένη</span> <span class='ocrx_word' id='word_1_517' title='bbox 603 4402 753 4471; x_wconf 82' lang='grc' dir='ltr'>φλόξ.</span> <span class='ocrx_word' id='word_1_518' title='bbox 790 4399 863 4474; x_wconf 70' lang='grc' dir='ltr'><strong>τῼ</strong></span> <span class='ocrx_word' id='word_1_519' title='bbox 891 4402 1147 4473; x_wconf 83' lang='grc' dir='ltr'>ἀτύχημα</span> <span class='ocrx_word' id='word_1_520' title='bbox 1178 4401 1275 4471; x_wconf 88' lang='grc' dir='ltr'><strong>μέν</strong></span> <span class='ocrx_word' id='word_1_521' title='bbox 1306 4403 1474 4465; x_wconf 81' lang='grc' dir='ltr'>ἐστιν,</span> <span class='ocrx_word' id='word_1_522' title='bbox 1516 4399 1576 4451; x_wconf 86' lang='grc' dir='ltr'><strong>οὐ</strong></span> <span class='ocrx_word' id='word_1_523' title='bbox 1604 4399 1664 4452; x_wconf 84' lang='grc' dir='ltr'>τὸ</span> <span class='ocrx_word' id='word_1_524' title='bbox 1696 4399 1827 4453; x_wconf 79' lang='grc' dir='ltr'>ἴδιον</span> 
     </span>
    </p>
   </div>
   <div class='ocr_carea' id='block_1_61' title="bbox 239 4490 1828 4564">
    <p class='ocr_par' dir='ltr' id='par_1_61' title="bbox 239 4490 1828 4564">
     <span class='ocr_line' id='line_1_61' title="bbox 239 4490 1828 4564; baseline -0.005 -14"><span class='ocrx_word' id='word_1_525' title='bbox 239 4494 434 4562; x_wconf 80' lang='grc' dir='ltr'>κακὸν,</span> <span class='ocrx_word' id='word_1_526' title='bbox 456 4495 592 4549; x_wconf 85' lang='grc' dir='ltr'><strong>ἀλλά</strong></span> <span class='ocrx_word' id='word_1_527' title='bbox 621 4495 682 4549; x_wconf 84' lang='grc' dir='ltr'>τὸ</span> <span class='ocrx_word' id='word_1_528' title='bbox 711 4495 992 4564; x_wconf 85' lang='grc' dir='ltr'>ἀλλότριον</span> <span class='ocrx_word' id='word_1_529' title='bbox 1017 4493 1241 4562; x_wconf 86' lang='grc' dir='ltr'>ἀγαθόν.</span> <span class='ocrx_word' id='word_1_530' title='bbox 1271 4492 1617 4564; x_wconf 84' lang='grc' dir='ltr'>Κατόρθωμα</span> <span class='ocrx_word' id='word_1_531' title='bbox 1641 4491 1698 4543; x_wconf 82' lang='grc' dir='ltr'>δὲ</span> <span class='ocrx_word' id='word_1_532' title='bbox 1724 4490 1828 4543; x_wconf 85' lang='grc' dir='ltr'>πά-</span> 
     </span>
    </p>
   </div>
   <div class='ocr_carea' id='block_1_62' title="bbox 239 4579 1826 4655">
    <p class='ocr_par' dir='ltr' id='par_1_62' title="bbox 239 4579 1826 4655">
     <span class='ocr_line' id='line_1_62' title="bbox 239 4579 1826 4655; baseline -0.003 -18"><span class='ocrx_word' id='word_1_533' title='bbox 239 4586 322 4641; x_wconf 84' lang='grc' dir='ltr'><strong>λιν</strong></span> <span class='ocrx_word' id='word_1_534' title='bbox 352 4588 417 4640; x_wconf 81' lang='grc' dir='ltr'>ὲκ</span> <span class='ocrx_word' id='word_1_535' title='bbox 441 4587 534 4641; x_wconf 86' lang='grc' dir='ltr'><strong>τοῦ</strong></span> <span class='ocrx_word' id='word_1_536' title='bbox 569 4586 836 4655; x_wconf 76' lang='grc' dir='ltr'>ἐναντίου,</span> <span class='ocrx_word' id='word_1_537' title='bbox 866 4587 927 4639; x_wconf 89' lang='grc' dir='ltr'><strong>οὐ</strong></span> <span class='ocrx_word' id='word_1_538' title='bbox 956 4585 1018 4638; x_wconf 81' lang='grc' dir='ltr'><strong>τὸ</strong></span> <span class='ocrx_word' id='word_1_539' title='bbox 1040 4586 1238 4638; x_wconf 82' lang='grc' dir='ltr'>οἰκεῖον</span> <span class='ocrx_word' id='word_1_540' title='bbox 1269 4584 1453 4647; x_wconf 85' lang='grc' dir='ltr'>καλὸν,</span> <span class='ocrx_word' id='word_1_541' title='bbox 1485 4581 1623 4637; x_wconf 84' lang='grc' dir='ltr'>ἀλλὰ</span> <span class='ocrx_word' id='word_1_542' title='bbox 1645 4582 1706 4634; x_wconf 83' lang='grc' dir='ltr'><strong>τὸ</strong></span> <span class='ocrx_word' id='word_1_543' title='bbox 1732 4579 1826 4634; x_wconf 88' lang='grc' dir='ltr'><strong>τοῦ</strong></span> 
     </span>
    </p>
   </div>
   <div class='ocr_carea' id='block_1_63' title="bbox 236 4672 1828 4747">
    <p class='ocr_par' dir='ltr' id='par_1_63' title="bbox 236 4672 1828 4747">
     <span class='ocr_line' id='line_1_63' title="bbox 236 4672 1828 4747; baseline -0.006 -14"><span class='ocrx_word' id='word_1_544' title='bbox 236 4680 411 4743; x_wconf 71' lang='grc' dir='ltr'>πέλας</span> <span class='ocrx_word' id='word_1_545' title='bbox 441 4680 629 4734; x_wconf 86' lang='grc' dir='ltr'>κακόν.</span> <span class='ocrx_word' id='word_1_546' title='bbox 664 4679 863 4742; x_wconf 81' lang='grc' dir='ltr'>Φθόνος</span> <span class='ocrx_word' id='word_1_547' title='bbox 885 4678 915 4731; x_wconf 93' lang='lat'><strong>6</strong></span> <span class='ocrx_word' id='word_1_548' title='bbox 938 4679 1059 4740; x_wconf 87' lang='grc' dir='ltr'>ταῖς</span> <span class='ocrx_word' id='word_1_549' title='bbox 1084 4677 1361 4747; x_wconf 83' lang='grc' dir='ltr'>εὐτυχίαις</span> <span class='ocrx_word' id='word_1_550' title='bbox 1390 4674 1496 4728; x_wconf 85' lang='grc' dir='ltr'><strong>τῶν</strong></span> <span class='ocrx_word' id='word_1_551' title='bbox 1524 4674 1620 4727; x_wconf 86' lang='grc' dir='ltr'><strong>ἀνθ</strong></span> <span class='ocrx_word' id='word_1_552' title='bbox 1631 4672 1828 4744; x_wconf 83' lang='grc' dir='ltr'>ρώπων</span> 
     </span>
    </p>
   </div>
   <div class='ocr_carea' id='block_1_64' title="bbox 238 4764 1824 4843">
    <p class='ocr_par' dir='ltr' id='par_1_64' title="bbox 238 4764 1824 4843">
     <span class='ocr_line' id='line_1_64' title="bbox 238 4764 1824 4843; baseline -0.008 -16"><span class='ocrx_word' id='word_1_553' title='bbox 238 4772 683 4843; x_wconf 81' lang='grc' dir='ltr'>ἐποδυνώμενος,</span> <span class='ocrx_word' id='word_1_554' title='bbox 740 4772 836 4825; x_wconf 62' lang='grc' dir='ltr'><strong>καλ⁵</strong></span> <span class='ocrx_word' id='word_1_555' title='bbox 900 4772 1021 4833; x_wconf 82' lang='grc' dir='ltr'>ταῖς</span> <span class='ocrx_word' id='word_1_556' title='bbox 1081 4769 1386 4839; x_wconf 81' lang='grc' dir='ltr'>συμφοραῖς</span> <span class='ocrx_word' id='word_1_557' title='bbox 1456 4764 1824 4835; x_wconf 71' lang='grc' dir='ltr'>ἐπεμϐαίνων.</span> 
     </span>
    </p>
   </div>
   <div class='ocr_carea' id='block_1_65' title="bbox 1913 2285 3497 2358">
    <p class='ocr_par' dir='ltr' id='par_1_65' title="bbox 1913 2285 3497 2358">
     <span class='ocr_line' id='line_1_65' title="bbox 1913 2285 3497 2358; baseline -0.004 -12"><span class='ocrx_word' id='word_1_558' title='bbox 1913 2293 2037 2348; x_wconf 90' lang='lat' dir='ltr'><strong>illos</strong></span> <span class='ocrx_word' id='word_1_559' title='bbox 2081 2306 2348 2346; x_wconf 85' lang='lat' dir='ltr'><strong>ascensus</strong></span> <span class='ocrx_word' id='word_1_560' title='bbox 2392 2289 2700 2352; x_wconf 86' lang='lat' dir='ltr'><strong>mirabiles,</strong></span> <span class='ocrx_word' id='word_1_561' title='bbox 2752 2295 2874 2358; x_wconf 90' lang='lat' dir='ltr'><strong>post</strong></span> <span class='ocrx_word' id='word_1_562' title='bbox 2920 2286 3193 2357; x_wconf 89' lang='lat' dir='ltr'><strong>gloriosas</strong></span> <span class='ocrx_word' id='word_1_563' title='bbox 3233 2285 3497 2350; x_wconf 71' lang='lat' dir='ltr'><strong>visimus,</strong></span> 
     </span>
    </p>
   </div>
   <div class='ocr_carea' id='block_1_66' title="bbox 1914 2376 3499 2456">
    <p class='ocr_par' dir='ltr' id='par_1_66' title="bbox 1914 2376 3499 2456">
     <span class='ocr_line' id='line_1_66' title="bbox 1914 2376 3499 2456; baseline -0.006 -16"><span class='ocrx_word' id='word_1_564' title='bbox 1914 2392 2039 2456; x_wconf 90' lang='lat' dir='ltr'><strong>post</strong></span> <span class='ocrx_word' id='word_1_565' title='bbox 2071 2382 2316 2437; x_wconf 88' lang='lat' dir='ltr'><strong>inaudita</strong></span> <span class='ocrx_word' id='word_1_566' title='bbox 2350 2381 2639 2444; x_wconf 85' lang='lat' dir='ltr'><strong>miracula,</strong></span> <span class='ocrx_word' id='word_1_567' title='bbox 2675 2381 2765 2434; x_wconf 80' lang='lat' dir='ltr'><strong>vix</strong></span> <span class='ocrx_word' id='word_1_568' title='bbox 2801 2379 2959 2449; x_wconf 79' lang='lat' dir='ltr'><strong>juxta</strong></span> <span class='ocrx_word' id='word_1_569' title='bbox 3003 2377 3166 2432; x_wconf 83' lang='lat' dir='ltr'><strong>linem</strong></span> <span class='ocrx_word' id='word_1_570' title='bbox 3199 2378 3323 2431; x_wconf 82' lang='lat' dir='ltr'><strong>vitae</strong></span> <span class='ocrx_word' id='word_1_571' title='bbox 3357 2376 3499 2431; x_wconf 89' lang='lat' dir='ltr'><strong>hanc</strong></span> 
     </span>
    </p>
   </div>
   <div class='ocr_carea' id='block_1_67' title="bbox 1913 2467 3496 2543">
    <p class='ocr_par' dir='ltr' id='par_1_67' title="bbox 1913 2467 3496 2543">
     <span class='ocr_line' id='line_1_67' title="bbox 1913 2467 3496 2543; baseline -0.009 -10"><span class='ocrx_word' id='word_1_572' title='bbox 1913 2482 2247 2533; x_wconf 88' lang='lat' dir='ltr'><strong>consecutus</strong></span> <span class='ocrx_word' id='word_1_573' title='bbox 2287 2483 2370 2529; x_wconf 91' lang='lat' dir='ltr'><strong>est</strong></span> <span class='ocrx_word' id='word_1_574' title='bbox 2406 2474 2661 2543; x_wconf 89' lang='lat' dir='ltr'><strong>gratiam,</strong></span> <span class='ocrx_word' id='word_1_575' title='bbox 2699 2480 2758 2526; x_wconf 93' lang='lat' dir='ltr'><strong>ut</strong></span> <span class='ocrx_word' id='word_1_576' title='bbox 2800 2471 3033 2525; x_wconf 89' lang='lat' dir='ltr'><strong>disceret</strong></span> <span class='ocrx_word' id='word_1_577' title='bbox 3072 2468 3245 2523; x_wconf 88' lang='lat' dir='ltr'><strong>Deum</strong></span> <span class='ocrx_word' id='word_1_578' title='bbox 3285 2467 3441 2537; x_wconf 89' lang='lat' dir='ltr'><strong>sequi</strong></span> <span class='ocrx_word' id='word_1_579' title='bbox 3484 2484 3496 2519; x_wconf 92' lang='lat'>:</span> 
     </span>
    </p>
   </div>
   <div class='ocr_carea' id='block_1_68' title="bbox 1915 2558 3497 2633">
    <p class='ocr_par' dir='ltr' id='par_1_68' title="bbox 1915 2558 3497 2633">
     <span class='ocr_line' id='line_1_68' title="bbox 1915 2558 3497 2633; baseline -0.008 -12"><span class='ocrx_word' id='word_1_580' title='bbox 1915 2566 2055 2621; x_wconf 86' lang='lat' dir='ltr'><strong>nihil</strong></span> <span class='ocrx_word' id='word_1_581' title='bbox 2075 2566 2222 2620; x_wconf 89' lang='lat' dir='ltr'><strong>enim</strong></span> <span class='ocrx_word' id='word_1_582' title='bbox 2252 2564 2489 2633; x_wconf 90' lang='lat' dir='ltr'><strong>amplius</strong></span> <span class='ocrx_word' id='word_1_583' title='bbox 2515 2562 2643 2616; x_wconf 82' lang='lat' dir='ltr'><strong>mali</strong></span> <span class='ocrx_word' id='word_1_584' title='bbox 2668 2559 2885 2616; x_wconf 76' lang='lat' dir='ltr'><strong>allicere</strong></span> <span class='ocrx_word' id='word_1_585' title='bbox 2916 2561 2989 2613; x_wconf 91' lang='lat' dir='ltr'><strong>illi</strong></span> <span class='ocrx_word' id='word_1_586' title='bbox 3021 2567 3220 2629; x_wconf 90' lang='lat' dir='ltr'><strong>potest,</strong></span> <span class='ocrx_word' id='word_1_587' title='bbox 3247 2558 3341 2629; x_wconf 83' lang='lat' dir='ltr'><strong>qui</strong></span> <span class='ocrx_word' id='word_1_588' title='bbox 3373 2564 3497 2628; x_wconf 90' lang='lat' dir='ltr'><strong>post</strong></span> 
     </span>
    </p>
   </div>
   <div class='ocr_carea' id='block_1_69' title="bbox 1914 2649 3502 2720">
    <p class='ocr_par' dir='ltr' id='par_1_69' title="bbox 1914 2649 3502 2720">
     <span class='ocr_line' id='line_1_69' title="bbox 1914 2649 3502 2720; baseline -0.005 -10"><span class='ocrx_word' id='word_1_589' title='bbox 1914 2657 2089 2712; x_wconf 90' lang='lat' dir='ltr'><strong>Deum</strong></span> <span class='ocrx_word' id='word_1_590' title='bbox 2124 2658 2228 2710; x_wconf 89' lang='lat' dir='ltr'><strong>hoe</strong></span> <span class='ocrx_word' id='word_1_591' title='bbox 2273 2654 2437 2709; x_wconf 89' lang='lat' dir='ltr'><strong>modo</strong></span> <span class='ocrx_word' id='word_1_592' title='bbox 2471 2652 2806 2708; x_wconf 90' lang='lat' dir='ltr'><strong>constitutus</strong></span> <span class='ocrx_word' id='word_1_593' title='bbox 2837 2658 2941 2707; x_wconf 89' lang='lat' dir='ltr'><strong>est.</strong></span> <span class='ocrx_word' id='word_1_594' title='bbox 2975 2650 3182 2704; x_wconf 90' lang='lat' dir='ltr'><strong>Invidia</strong></span> <span class='ocrx_word' id='word_1_595' title='bbox 3226 2658 3351 2720; x_wconf 81' lang='lat' dir='ltr'><strong>post</strong></span> <span class='ocrx_word' id='word_1_596' title='bbox 3384 2649 3502 2703; x_wconf 59' lang='lat' dir='ltr'><strong>haec</strong></span> 
     </span>
    </p>
   </div>
   <div class='ocr_carea' id='block_1_70' title="bbox 1916 2742 3499 2817">
    <p class='ocr_par' dir='ltr' id='par_1_70' title="bbox 1916 2742 3499 2817">
     <span class='ocr_line' id='line_1_70' title="bbox 1916 2742 3499 2817; baseline -0.005 -14"><span class='ocrx_word' id='word_1_597' title='bbox 1916 2750 2163 2803; x_wconf 86' lang='lat' dir='ltr'><strong>fraterna</strong></span> <span class='ocrx_word' id='word_1_598' title='bbox 2206 2749 2385 2817; x_wconf 88' lang='lat' dir='ltr'><strong>ipsum</strong></span> <span class='ocrx_word' id='word_1_599' title='bbox 2418 2745 2645 2810; x_wconf 88' lang='lat' dir='ltr'><strong>invadit,</strong></span> <span class='ocrx_word' id='word_1_600' title='bbox 2677 2742 2883 2798; x_wconf 90' lang='lat' dir='ltr'><strong>invidia</strong></span> <span class='ocrx_word' id='word_1_601' title='bbox 2918 2745 3183 2799; x_wconf 83' lang='lat' dir='ltr'><strong>malorum</strong></span> <span class='ocrx_word' id='word_1_602' title='bbox 3218 2742 3499 2812; x_wconf 86' lang='lat' dir='ltr'><strong>princeps,</strong></span> 
     </span>
    </p>
   </div>
   <div class='ocr_carea' id='block_1_71' title="bbox 1917 2834 3499 2910">
    <p class='ocr_par' dir='ltr' id='par_1_71' title="bbox 1917 2834 3499 2910">
     <span class='ocr_line' id='line_1_71' title="bbox 1917 2834 3499 2910; baseline -0.008 -12"><span class='ocrx_word' id='word_1_603' title='bbox 1917 2844 2113 2898; x_wconf 90' lang='lat' dir='ltr'><strong>mortis</strong></span> <span class='ocrx_word' id='word_1_604' title='bbox 2143 2850 2339 2903; x_wconf 86' lang='lat' dir='ltr'><strong>mater,</strong></span> <span class='ocrx_word' id='word_1_605' title='bbox 2367 2841 2542 2910; x_wconf 86' lang='lat' dir='ltr'><strong>prima</strong></span> <span class='ocrx_word' id='word_1_606' title='bbox 2580 2838 2789 2908; x_wconf 85' lang='lat' dir='ltr'><strong>peccati</strong></span> <span class='ocrx_word' id='word_1_607' title='bbox 2814 2837 3009 2906; x_wconf 86' lang='lat' dir='ltr'><strong>janua,</strong></span> <span class='ocrx_word' id='word_1_608' title='bbox 3030 2836 3288 2889; x_wconf 89' lang='lat' dir='ltr'><strong>vitiorqu</strong></span> <span class='ocrx_word' id='word_1_609' title='bbox 3321 2834 3499 2897; x_wconf 79' lang='lat' dir='ltr'><strong>radix,</strong></span> 
     </span>
    </p>
   </div>
   <div class='ocr_carea' id='block_1_72' title="bbox 1916 2924 3502 2995">
    <p class='ocr_par' dir='ltr' id='par_1_72' title="bbox 1916 2924 3502 2995">
     <span class='ocr_line' id='line_1_72' title="bbox 1916 2924 3502 2995; baseline -0.008 -8"><span class='ocrx_word' id='word_1_610' title='bbox 1916 2934 2126 2987; x_wconf 83' lang='lat' dir='ltr'><strong>doloris</strong></span> <span class='ocrx_word' id='word_1_611' title='bbox 2174 2932 2422 2990; x_wconf 84' lang='lat' dir='ltr'><strong>initium,</strong></span> <span class='ocrx_word' id='word_1_612' title='bbox 2472 2928 2800 2981; x_wconf 89' lang='lat' dir='ltr'><strong>calamitatis</strong></span> <span class='ocrx_word' id='word_1_613' title='bbox 2837 2940 3070 2995; x_wconf 88' lang='lat' dir='ltr'><strong>parens,</strong></span> <span class='ocrx_word' id='word_1_614' title='bbox 3116 2924 3502 2979; x_wconf 70' lang='lat' dir='ltr'><strong>inobedientiae</strong></span> 
     </span>
    </p>
   </div>
   <div class='ocr_carea' id='block_1_73' title="bbox 1917 3014 3504 3091">
    <p class='ocr_par' dir='ltr' id='par_1_73' title="bbox 1917 3014 3504 3091">
     <span class='ocr_line' id='line_1_73' title="bbox 1917 3014 3504 3091; baseline -0.008 -13"><span class='ocrx_word' id='word_1_615' title='bbox 1917 3038 2123 3089; x_wconf 89' lang='lat' dir='ltr'><strong>causa,</strong></span> <span class='ocrx_word' id='word_1_616' title='bbox 2163 3019 2477 3091; x_wconf 74' lang='lat' dir='ltr'><strong>ignominiae</strong></span> <span class='ocrx_word' id='word_1_617' title='bbox 2523 3018 2876 3087; x_wconf 89' lang='lat' dir='ltr'><strong>principium.</strong></span> <span class='ocrx_word' id='word_1_618' title='bbox 2930 3014 3143 3069; x_wconf 87' lang='lat' dir='ltr'><strong>Invidia</strong></span> <span class='ocrx_word' id='word_1_619' title='bbox 3196 3015 3343 3069; x_wconf 91' lang='lat' dir='ltr'><strong>enim</strong></span> <span class='ocrx_word' id='word_1_620' title='bbox 3401 3027 3504 3067; x_wconf 89' lang='lat' dir='ltr'><strong>nos</strong></span> 
     </span>
    </p>
   </div>
   <div class='ocr_carea' id='block_1_74' title="bbox 1919 3106 3536 3185">
    <p class='ocr_par' dir='ltr' id='par_1_74' title="bbox 1919 3106 3536 3185">
     <span class='ocr_line' id='line_1_74' title="bbox 1919 3106 3536 3185; baseline -0.007 -16"><span class='ocrx_word' id='word_1_621' title='bbox 1919 3117 2080 3185; x_wconf 88' lang='lat' dir='ltr'><strong>longe</strong></span> <span class='ocrx_word' id='word_1_622' title='bbox 2118 3109 2500 3167; x_wconf 81' lang='lat' dir='ltr'><strong>exterminavit</strong></span> <span class='ocrx_word' id='word_1_623' title='bbox 2547 3124 2577 3162; x_wconf 90' lang='lat' dir='ltr'><strong>a</strong></span> <span class='ocrx_word' id='word_1_624' title='bbox 2626 3108 2919 3177; x_wconf 84' lang='lat' dir='ltr'><strong>paradiso,</strong></span> <span class='ocrx_word' id='word_1_625' title='bbox 2974 3121 3128 3161; x_wconf 87' lang='lat' dir='ltr'><strong>versa</strong></span> <span class='ocrx_word' id='word_1_626' title='bbox 3176 3106 3231 3159; x_wconf 89' lang='lat' dir='ltr'><strong>in</strong></span> <span class='ocrx_word' id='word_1_627' title='bbox 3276 3120 3536 3175; x_wconf 84' lang='lat' dir='ltr'><strong>serpen--</strong></span> 
     </span>
    </p>
   </div>
   <div class='ocr_carea' id='block_1_75' title="bbox 1921 3197 3502 3272">
    <p class='ocr_par' dir='ltr' id='par_1_75' title="bbox 1921 3197 3502 3272">
     <span class='ocr_line' id='line_1_75' title="bbox 1921 3197 3502 3272; baseline -0.007 -10"><span class='ocrx_word' id='word_1_628' title='bbox 1921 3216 2029 3262; x_wconf 91' lang='lat' dir='ltr'><strong>tem</strong></span> <span class='ocrx_word' id='word_1_629' title='bbox 2054 3206 2321 3263; x_wconf 86' lang='lat' dir='ltr'><strong>adversus</strong></span> <span class='ocrx_word' id='word_1_630' title='bbox 2364 3206 2529 3261; x_wconf 88' lang='lat' dir='ltr'><strong>Evam</strong></span> <span class='ocrx_word' id='word_1_631' title='bbox 2564 3223 2576 3259; x_wconf 90' lang='lat'><strong>:</strong></span> <span class='ocrx_word' id='word_1_632' title='bbox 2620 3204 2825 3259; x_wconf 86' lang='lat' dir='ltr'><strong>invidia</strong></span> <span class='ocrx_word' id='word_1_633' title='bbox 2868 3203 3066 3272; x_wconf 86' lang='lat' dir='ltr'><strong>repulit</strong></span> <span class='ocrx_word' id='word_1_634' title='bbox 3099 3215 3129 3253; x_wconf 92' lang='lat' dir='ltr'><strong>a</strong></span> <span class='ocrx_word' id='word_1_635' title='bbox 3175 3201 3321 3270; x_wconf 85' lang='lat' dir='ltr'><strong>ligno</strong></span> <span class='ocrx_word' id='word_1_636' title='bbox 3355 3197 3502 3259; x_wconf 62' lang='lat' dir='ltr'><strong>vitae,</strong></span> 
     </span>
    </p>
   </div>
   <div class='ocr_carea' id='block_1_76' title="bbox 1921 3287 3505 3367">
    <p class='ocr_par' dir='ltr' id='par_1_76' title="bbox 1921 3287 3505 3367">
     <span class='ocr_line' id='line_1_76' title="bbox 1921 3287 3505 3367; baseline -0.007 -15"><span class='ocrx_word' id='word_1_637' title='bbox 1921 3299 2211 3367; x_wconf 90' lang='lat' dir='ltr'><strong>sacrisque</strong></span> <span class='ocrx_word' id='word_1_638' title='bbox 2246 3295 2707 3367; x_wconf 87' lang='lat' dir='ltr'><strong>impassibilitatis</strong></span> <span class='ocrx_word' id='word_1_639' title='bbox 2743 3293 2990 3348; x_wconf 88' lang='lat' dir='ltr'><strong>vestibus</strong></span> <span class='ocrx_word' id='word_1_640' title='bbox 3024 3290 3306 3351; x_wconf 90' lang='lat' dir='ltr'><strong>detractis,</strong></span> <span class='ocrx_word' id='word_1_641' title='bbox 3347 3287 3505 3341; x_wconf 84' lang='lat' dir='ltr'><strong>licul-</strong></span> 
     </span>
    </p>
   </div>
   <div class='ocr_carea' id='block_1_77' title="bbox 1922 3381 3510 3460">
    <p class='ocr_par' dir='ltr' id='par_1_77' title="bbox 1922 3381 3510 3460">
     <span class='ocr_line' id='line_1_77' title="bbox 1922 3381 3510 3460; baseline -0.008 -13"><span class='ocrx_word' id='word_1_642' title='bbox 1922 3392 2042 3446; x_wconf 89' lang='lat' dir='ltr'><strong>neis</strong></span> <span class='ocrx_word' id='word_1_643' title='bbox 2072 3391 2439 3460; x_wconf 74' lang='lat' dir='ltr'><strong>ignominiosc</strong></span> <span class='ocrx_word' id='word_1_644' title='bbox 2469 3388 2618 3443; x_wconf 87' lang='lat' dir='ltr'><strong>foliis</strong></span> <span class='ocrx_word' id='word_1_645' title='bbox 2651 3386 2828 3441; x_wconf 86' lang='lat' dir='ltr'><strong>induit</strong></span> <span class='ocrx_word' id='word_1_646' title='bbox 2865 3405 2877 3439; x_wconf 90' lang='lat'><strong>:</strong></span> <span class='ocrx_word' id='word_1_647' title='bbox 2910 3385 3114 3439; x_wconf 87' lang='lat' dir='ltr'><strong>invidia</strong></span> <span class='ocrx_word' id='word_1_648' title='bbox 3147 3383 3279 3438; x_wconf 88' lang='lat' dir='ltr'><strong>Cain</strong></span> <span class='ocrx_word' id='word_1_649' title='bbox 3311 3381 3510 3436; x_wconf 85' lang='lat' dir='ltr'><strong>adver-</strong></span> 
     </span>
    </p>
   </div>
   <div class='ocr_carea' id='block_1_78' title="bbox 1924 3474 3508 3547">
    <p class='ocr_par' dir='ltr' id='par_1_78' title="bbox 1924 3474 3508 3547">
     <span class='ocr_line' id='line_1_78' title="bbox 1924 3474 3508 3547; baseline -0.008 -9"><span class='ocrx_word' id='word_1_650' title='bbox 1924 3499 2022 3538; x_wconf 89' lang='lat' dir='ltr'><strong>sus</strong></span> <span class='ocrx_word' id='word_1_651' title='bbox 2048 3482 2272 3537; x_wconf 83' lang='lat' dir='ltr'><strong>fratrem</strong></span> <span class='ocrx_word' id='word_1_652' title='bbox 2301 3480 2552 3544; x_wconf 88' lang='lat' dir='ltr'><strong>armavit,</strong></span> <span class='ocrx_word' id='word_1_653' title='bbox 2574 3486 2805 3534; x_wconf 89' lang='lat' dir='ltr'><strong>mortem</strong></span> <span class='ocrx_word' id='word_1_654' title='bbox 2828 3493 2949 3547; x_wconf 69' lang='lat' dir='ltr'><strong>quae</strong></span> <span class='ocrx_word' id='word_1_655' title='bbox 2975 3475 3285 3545; x_wconf 86' lang='lat' dir='ltr'><strong>septuplum</strong></span> <span class='ocrx_word' id='word_1_656' title='bbox 3314 3474 3508 3542; x_wconf 86' lang='lat' dir='ltr'><strong>punita</strong></span> 
     </span>
    </p>
   </div>
   <div class='ocr_carea' id='block_1_79' title="bbox 1924 3564 3506 3637">
    <p class='ocr_par' dir='ltr' id='par_1_79' title="bbox 1924 3564 3506 3637">
     <span class='ocr_line' id='line_1_79' title="bbox 1924 3564 3506 3637; baseline -0.006 -11"><span class='ocrx_word' id='word_1_657' title='bbox 1924 3582 2033 3636; x_wconf 89' lang='lat' dir='ltr'><strong>est,</strong></span> <span class='ocrx_word' id='word_1_658' title='bbox 2060 3571 2298 3626; x_wconf 78' lang='lat' dir='ltr'><strong>induxit.</strong></span> <span class='ocrx_word' id='word_1_659' title='bbox 2327 3569 2536 3624; x_wconf 83' lang='lat' dir='ltr'><strong>Invidia</strong></span> <span class='ocrx_word' id='word_1_660' title='bbox 2569 3568 2773 3637; x_wconf 70' lang='lat' dir='ltr'><strong>Ioseph</strong></span> <span class='ocrx_word' id='word_1_661' title='bbox 2807 3569 2861 3621; x_wconf 91' lang='lat' dir='ltr'><strong>in</strong></span> <span class='ocrx_word' id='word_1_662' title='bbox 2897 3568 3217 3621; x_wconf 87' lang='lat' dir='ltr'><strong>servitutem</strong></span> <span class='ocrx_word' id='word_1_663' title='bbox 3247 3564 3506 3628; x_wconf 83' lang='lat' dir='ltr'><strong>detrusit,</strong></span> 
     </span>
    </p>
   </div>
   <div class='ocr_carea' id='block_1_80' title="bbox 1925 3653 3512 3726">
    <p class='ocr_par' dir='ltr' id='par_1_80' title="bbox 1925 3653 3512 3726">
     <span class='ocr_line' id='line_1_80' title="bbox 1925 3653 3512 3726; baseline -0.007 -9"><span class='ocrx_word' id='word_1_664' title='bbox 1925 3663 2132 3717; x_wconf 88' lang='lat' dir='ltr'><strong>invidia</strong></span> <span class='ocrx_word' id='word_1_665' title='bbox 2158 3702 2173 3726; x_wconf 95' lang='lat'><strong>,</strong></span> <span class='ocrx_word' id='word_1_666' title='bbox 2207 3661 2364 3724; x_wconf 90' lang='lat' dir='ltr'><strong>dico,</strong></span> <span class='ocrx_word' id='word_1_667' title='bbox 2410 3659 2663 3714; x_wconf 81' lang='lat' dir='ltr'><strong>mortifer</strong></span> <span class='ocrx_word' id='word_1_668' title='bbox 2698 3659 2977 3717; x_wconf 88' lang='lat' dir='ltr'><strong>stitnulus,</strong></span> <span class='ocrx_word' id='word_1_669' title='bbox 3029 3671 3220 3709; x_wconf 87' lang='lat' dir='ltr'><strong>mucro</strong></span> <span class='ocrx_word' id='word_1_670' title='bbox 3257 3653 3512 3709; x_wconf 86' lang='lat' dir='ltr'><strong>recondi-</strong></span> 
     </span>
    </p>
   </div>
   <div class='ocr_carea' id='block_1_81' title="bbox 1926 3747 3511 3819">
    <p class='ocr_par' dir='ltr' id='par_1_81' title="bbox 1926 3747 3511 3819">
     <span class='ocr_line' id='line_1_81' title="bbox 1926 3747 3511 3819; baseline -0.007 -10"><span class='ocrx_word' id='word_1_671' title='bbox 1926 3764 2035 3819; x_wconf 90' lang='lat' dir='ltr'><strong>tus,</strong></span> <span class='ocrx_word' id='word_1_672' title='bbox 2078 3762 2286 3808; x_wconf 61' lang='lat' dir='ltr'><strong>natura:</strong></span> <span class='ocrx_word' id='word_1_673' title='bbox 2321 3753 2547 3806; x_wconf 88' lang='lat' dir='ltr'><strong>morbus</strong></span> <span class='ocrx_word' id='word_1_674' title='bbox 2568 3791 2583 3817; x_wconf 95' lang='lat'><strong>,</strong></span> <span class='ocrx_word' id='word_1_675' title='bbox 2612 3749 2739 3805; x_wconf 88' lang='lat' dir='ltr'><strong>bilis</strong></span> <span class='ocrx_word' id='word_1_676' title='bbox 2774 3762 3082 3808; x_wconf 86' lang='lat' dir='ltr'><strong>venenosa,</strong></span> <span class='ocrx_word' id='word_1_677' title='bbox 3114 3747 3267 3801; x_wconf 89' lang='lat' dir='ltr'><strong>tabes</strong></span> <span class='ocrx_word' id='word_1_678' title='bbox 3315 3753 3511 3814; x_wconf 88' lang='lat' dir='ltr'><strong>sponte</strong></span> 
     </span>
    </p>
   </div>
   <div class='ocr_carea' id='block_1_82' title="bbox 1926 3836 3507 3911">
    <p class='ocr_par' dir='ltr' id='par_1_82' title="bbox 1926 3836 3507 3911">
     <span class='ocr_line' id='line_1_82' title="bbox 1926 3836 3507 3911; baseline -0.007 -11"><span class='ocrx_word' id='word_1_679' title='bbox 1926 3846 2192 3909; x_wconf 84' lang='lat' dir='ltr'><strong>adhibita,</strong></span> <span class='ocrx_word' id='word_1_680' title='bbox 2232 3845 2400 3899; x_wconf 91' lang='lat' dir='ltr'><strong>telum</strong></span> <span class='ocrx_word' id='word_1_681' title='bbox 2458 3857 2725 3907; x_wconf 84' lang='lat' dir='ltr'><strong>amarum,</strong></span> <span class='ocrx_word' id='word_1_682' title='bbox 2777 3840 2948 3911; x_wconf 86' lang='lat' dir='ltr'><strong>figens</strong></span> <span class='ocrx_word' id='word_1_683' title='bbox 3000 3839 3236 3892; x_wconf 89' lang='lat' dir='ltr'><strong>animam</strong></span> <span class='ocrx_word' id='word_1_684' title='bbox 3285 3836 3507 3900; x_wconf 87' lang='lat' dir='ltr'><strong>clavus,</strong></span> 
     </span>
    </p>
   </div>
   <div class='ocr_carea' id='block_1_83' title="bbox 1924 3927 3508 4002">
    <p class='ocr_par' dir='ltr' id='par_1_83' title="bbox 1924 3927 3508 4002">
     <span class='ocr_line' id='line_1_83' title="bbox 1924 3927 3508 4002; baseline -0.008 -10"><span class='ocrx_word' id='word_1_685' title='bbox 1924 3937 2147 3992; x_wconf 80' lang='lat' dir='ltr'><strong>ﬂamma</strong></span> <span class='ocrx_word' id='word_1_686' title='bbox 2171 3935 2379 3998; x_wconf 88' lang='lat' dir='ltr'><strong>cordis,</strong></span> <span class='ocrx_word' id='word_1_687' title='bbox 2412 3935 2798 3988; x_wconf 83' lang='lat' dir='ltr'><strong>intestinorum</strong></span> <span class='ocrx_word' id='word_1_688' title='bbox 2829 3931 2994 4002; x_wconf 84' lang='lat' dir='ltr'><strong>ignis,</strong></span> <span class='ocrx_word' id='word_1_689' title='bbox 3023 3931 3163 3983; x_wconf 83' lang='lat' dir='ltr'><strong>hanc</strong></span> <span class='ocrx_word' id='word_1_690' title='bbox 3195 3929 3288 3998; x_wconf 89' lang='lat' dir='ltr'><strong>qui</strong></span> <span class='ocrx_word' id='word_1_691' title='bbox 3320 3927 3508 3989; x_wconf 89' lang='lat' dir='ltr'><strong>habet,</strong></span> 
     </span>
    </p>
   </div>
   <div class='ocr_carea' id='block_1_84' title="bbox 1926 4021 3512 4090">
    <p class='ocr_par' dir='ltr' id='par_1_84' title="bbox 1926 4021 3512 4090">
     <span class='ocr_line' id='line_1_84' title="bbox 1926 4021 3512 4090; baseline -0.009 -7"><span class='ocrx_word' id='word_1_692' title='bbox 1926 4044 2035 4083; x_wconf 89' lang='lat' dir='ltr'><strong>non</strong></span> <span class='ocrx_word' id='word_1_693' title='bbox 2062 4028 2181 4083; x_wconf 88' lang='lat' dir='ltr'><strong>suis</strong></span> <span class='ocrx_word' id='word_1_694' title='bbox 2207 4027 2385 4090; x_wconf 88' lang='lat' dir='ltr'><strong>malis,</strong></span> <span class='ocrx_word' id='word_1_695' title='bbox 2414 4026 2511 4080; x_wconf 88' lang='lat' dir='ltr'><strong>sed</strong></span> <span class='ocrx_word' id='word_1_696' title='bbox 2538 4025 2733 4080; x_wconf 89' lang='lat' dir='ltr'><strong>alienis</strong></span> <span class='ocrx_word' id='word_1_697' title='bbox 2762 4024 2919 4079; x_wconf 90' lang='lat' dir='ltr'><strong>bonis</strong></span> <span class='ocrx_word' id='word_1_698' title='bbox 2949 4021 3140 4076; x_wconf 75' lang='lat' dir='ltr'><strong>infelix</strong></span> <span class='ocrx_word' id='word_1_699' title='bbox 3162 4027 3267 4085; x_wconf 90' lang='lat' dir='ltr'><strong>est,</strong></span> <span class='ocrx_word' id='word_1_700' title='bbox 3298 4026 3351 4073; x_wconf 88' lang='lat' dir='ltr'><strong>et</strong></span> <span class='ocrx_word' id='word_1_701' title='bbox 3377 4032 3512 4071; x_wconf 87' lang='lat' dir='ltr'><strong>con-</strong></span> 
     </span>
    </p>
   </div>
   <div class='ocr_carea' id='block_1_85' title="bbox 1928 4108 3515 4182">
    <p class='ocr_par' dir='ltr' id='par_1_85' title="bbox 1928 4108 3515 4182">
     <span class='ocr_line' id='line_1_85' title="bbox 1928 4108 3515 4182; baseline -0.009 -8"><span class='ocrx_word' id='word_1_702' title='bbox 1928 4129 2011 4175; x_wconf 86' lang='lat' dir='ltr'><strong>tra</strong></span> <span class='ocrx_word' id='word_1_703' title='bbox 2041 4135 2148 4174; x_wconf 90' lang='lat' dir='ltr'><strong>non</strong></span> <span class='ocrx_word' id='word_1_704' title='bbox 2181 4134 2282 4173; x_wconf 88' lang='lat' dir='ltr'><strong>suo</strong></span> <span class='ocrx_word' id='word_1_705' title='bbox 2316 4119 2484 4180; x_wconf 85' lang='lat' dir='ltr'><strong>bono,</strong></span> <span class='ocrx_word' id='word_1_706' title='bbox 2520 4115 2617 4171; x_wconf 87' lang='lat' dir='ltr'><strong>sed</strong></span> <span class='ocrx_word' id='word_1_707' title='bbox 2647 4114 2809 4168; x_wconf 87' lang='lat' dir='ltr'><strong>malis</strong></span> <span class='ocrx_word' id='word_1_708' title='bbox 2841 4112 3078 4182; x_wconf 83' lang='lat' dir='ltr'><strong>proximi</strong></span> <span class='ocrx_word' id='word_1_709' title='bbox 3115 4110 3242 4164; x_wconf 82' lang='lat' dir='ltr'><strong>felix</strong></span> <span class='ocrx_word' id='word_1_710' title='bbox 3273 4118 3357 4163; x_wconf 87' lang='lat' dir='ltr'><strong>est</strong></span> <span class='ocrx_word' id='word_1_711' title='bbox 3387 4127 3400 4161; x_wconf 89' lang='lat'>:</span> <span class='ocrx_word' id='word_1_712' title='bbox 3436 4108 3515 4160; x_wconf 80' lang='lat' dir='ltr'><strong>in-</strong></span> 
     </span>
    </p>
   </div>
   <div class='ocr_carea' id='block_1_86' title="bbox 1926 4201 3514 4268">
    <p class='ocr_par' dir='ltr' id='par_1_86' title="bbox 1926 4201 3514 4268">
     <span class='ocr_line' id='line_1_86' title="bbox 1926 4201 3514 4268; baseline -0.006 -4"><span class='ocrx_word' id='word_1_713' title='bbox 1926 4213 2087 4268; x_wconf 90' lang='lat' dir='ltr'><strong>vidus</strong></span> <span class='ocrx_word' id='word_1_714' title='bbox 2127 4211 2274 4266; x_wconf 90' lang='lat' dir='ltr'><strong>enim</strong></span> <span class='ocrx_word' id='word_1_715' title='bbox 2317 4209 2577 4264; x_wconf 89' lang='lat' dir='ltr'><strong>felicitate</strong></span> <span class='ocrx_word' id='word_1_716' title='bbox 2623 4209 2856 4262; x_wconf 88' lang='lat' dir='ltr'><strong>aliorum</strong></span> <span class='ocrx_word' id='word_1_717' title='bbox 2890 4205 3074 4267; x_wconf 91' lang='lat' dir='ltr'><strong>dolet,</strong></span> <span class='ocrx_word' id='word_1_718' title='bbox 3107 4201 3514 4257; x_wconf 88' lang='lat' dir='ltr'><strong>calamitatibus</strong></span> 
     </span>
    </p>
   </div>
   <div class='ocr_carea' id='block_1_87' title="bbox 1927 4297 3510 4377">
    <p class='ocr_par' dir='ltr' id='par_1_87' title="bbox 1927 4297 3510 4377">
     <span class='ocr_line' id='line_1_87' title="bbox 1927 4297 3510 4377; baseline -0.008 -19"><span class='ocrx_word' id='word_1_719' title='bbox 1927 4304 2151 4377; x_wconf 85' lang='lat' dir='ltr'><strong>gaudet.</strong></span> <span class='ocrx_word' id='word_1_720' title='bbox 2188 4302 2448 4357; x_wconf 83' lang='lat' dir='ltr'><strong>Vultures</strong></span> <span class='ocrx_word' id='word_1_721' title='bbox 2489 4301 2635 4355; x_wconf 90' lang='lat' dir='ltr'><strong>enim</strong></span> <span class='ocrx_word' id='word_1_722' title='bbox 2664 4299 2757 4368; x_wconf 91' lang='lat' dir='ltr'><strong>qui</strong></span> <span class='ocrx_word' id='word_1_723' title='bbox 2790 4297 3151 4352; x_wconf 83' lang='lat' dir='ltr'><strong>cadaveribus</strong></span> <span class='ocrx_word' id='word_1_724' title='bbox 3186 4302 3510 4365; x_wconf 84' lang='lat' dir='ltr'><strong>pascuntur,</strong></span> 
     </span>
    </p>
   </div>
   <div class='ocr_carea' id='block_1_88' title="bbox 1929 4388 3511 4466">
    <p class='ocr_par' dir='ltr' id='par_1_88' title="bbox 1929 4388 3511 4466">
     <span class='ocr_line' id='line_1_88' title="bbox 1929 4388 3511 4466; baseline -0.008 -16"><span class='ocrx_word' id='word_1_725' title='bbox 1929 4403 2210 4466; x_wconf 87' lang='lat' dir='ltr'><strong>unguento</strong></span> <span class='ocrx_word' id='word_1_726' title='bbox 2248 4394 2431 4448; x_wconf 89' lang='lat' dir='ltr'><strong>necari</strong></span> <span class='ocrx_word' id='word_1_727' title='bbox 2468 4391 2624 4445; x_wconf 89' lang='lat' dir='ltr'><strong>aiunt</strong></span> <span class='ocrx_word' id='word_1_728' title='bbox 2656 4410 2670 4445; x_wconf 87' lang='lat'><strong>:</strong></span> <span class='ocrx_word' id='word_1_729' title='bbox 2709 4389 2923 4444; x_wconf 90' lang='lat' dir='ltr'><strong>videtur</strong></span> <span class='ocrx_word' id='word_1_730' title='bbox 2950 4388 3096 4442; x_wconf 88' lang='lat' dir='ltr'><strong>enim</strong></span> <span class='ocrx_word' id='word_1_731' title='bbox 3129 4389 3373 4456; x_wconf 91' lang='lat' dir='ltr'><strong>ipsorum</strong></span> <span class='ocrx_word' id='word_1_732' title='bbox 3413 4400 3511 4438; x_wconf 82' lang='lat' dir='ltr'><strong>na-</strong></span> 
     </span>
    </p>
   </div>
   <div class='ocr_carea' id='block_1_89' title="bbox 1928 4478 3513 4557">
    <p class='ocr_par' dir='ltr' id='par_1_89' title="bbox 1928 4478 3513 4557">
     <span class='ocr_line' id='line_1_89' title="bbox 1928 4478 3513 4557; baseline -0.009 -13"><span class='ocrx_word' id='word_1_733' title='bbox 1928 4497 2053 4544; x_wconf 88' lang='lat' dir='ltr'><strong>tura</strong></span> <span class='ocrx_word' id='word_1_734' title='bbox 2076 4488 2142 4541; x_wconf 91' lang='lat' dir='ltr'><strong>ad</strong></span> <span class='ocrx_word' id='word_1_735' title='bbox 2170 4485 2445 4557; x_wconf 87' lang='lat' dir='ltr'><strong>putridum</strong></span> <span class='ocrx_word' id='word_1_736' title='bbox 2471 4497 2536 4538; x_wconf 91' lang='lat' dir='ltr'><strong>ac</strong></span> <span class='ocrx_word' id='word_1_737' title='bbox 2560 4483 2913 4553; x_wconf 90' lang='lat' dir='ltr'><strong>purulentum</strong></span> <span class='ocrx_word' id='word_1_738' title='bbox 2934 4496 3056 4535; x_wconf 83' lang='lat' dir='ltr'><strong>esse</strong></span> <span class='ocrx_word' id='word_1_739' title='bbox 3073 4478 3268 4534; x_wconf 75' lang='lat' dir='ltr'><strong>affinis:</strong></span> <span class='ocrx_word' id='word_1_740' title='bbox 3292 4478 3513 4545; x_wconf 82' lang='lat' dir='ltr'><strong>quando</strong></span> 
     </span>
    </p>
   </div>
   <div class='ocr_carea' id='block_1_90' title="bbox 1928 4567 3513 4642">
    <p class='ocr_par' dir='ltr' id='par_1_90' title="bbox 1928 4567 3513 4642">
     <span class='ocr_line' id='line_1_90' title="bbox 1928 4567 3513 4642; baseline -0.009 -10"><span class='ocrx_word' id='word_1_741' title='bbox 1928 4595 2059 4633; x_wconf 81' lang='lat' dir='ltr'><strong>vero</strong></span> <span class='ocrx_word' id='word_1_742' title='bbox 2092 4578 2220 4631; x_wconf 87' lang='lat' dir='ltr'><strong>huic</strong></span> <span class='ocrx_word' id='word_1_743' title='bbox 2251 4575 2444 4629; x_wconf 91' lang='lat' dir='ltr'><strong>morbo</strong></span> <span class='ocrx_word' id='word_1_744' title='bbox 2484 4571 2769 4642; x_wconf 85' lang='lat' dir='ltr'><strong>subjectus</strong></span> <span class='ocrx_word' id='word_1_745' title='bbox 2814 4578 2900 4625; x_wconf 89' lang='lat' dir='ltr'><strong>est</strong></span> <span class='ocrx_word' id='word_1_746' title='bbox 2941 4569 3162 4638; x_wconf 85' lang='lat' dir='ltr'><strong>aliquis,</strong></span> <span class='ocrx_word' id='word_1_747' title='bbox 3209 4567 3513 4620; x_wconf 65' lang='lat' dir='ltr'><strong>amicorum</strong></span> 
     </span>
    </p>
   </div>
   <div class='ocr_carea' id='block_1_91' title="bbox 1928 4656 3515 4736">
    <p class='ocr_par' dir='ltr' id='par_1_91' title="bbox 1928 4656 3515 4736">
     <span class='ocr_line' id='line_1_91' title="bbox 1928 4656 3515 4736; baseline -0.01 -12"><span class='ocrx_word' id='word_1_748' title='bbox 1928 4668 2235 4724; x_wconf 88' lang='lat' dir='ltr'><strong>commodis</strong></span> <span class='ocrx_word' id='word_1_749' title='bbox 2265 4665 2424 4736; x_wconf 85' lang='lat' dir='ltr'><strong>quasi</strong></span> <span class='ocrx_word' id='word_1_750' title='bbox 2461 4671 2742 4734; x_wconf 87' lang='lat' dir='ltr'><strong>unguento</strong></span> <span class='ocrx_word' id='word_1_751' title='bbox 2767 4660 3033 4716; x_wconf 78' lang='lat' dir='ltr'><strong>tabescit:</strong></span> <span class='ocrx_word' id='word_1_752' title='bbox 3062 4667 3115 4713; x_wconf 86' lang='lat' dir='ltr'><strong>et</strong></span> <span class='ocrx_word' id='word_1_753' title='bbox 3138 4658 3183 4713; x_wconf 91' lang='lat' dir='ltr'><strong>si</strong></span> <span class='ocrx_word' id='word_1_754' title='bbox 3215 4656 3345 4727; x_wconf 90' lang='lat' dir='ltr'><strong>quid</strong></span> <span class='ocrx_word' id='word_1_755' title='bbox 3368 4658 3515 4709; x_wconf 87' lang='lat' dir='ltr'><strong>cala-</strong></span> 
     </span>
    </p>
   </div>
   <div class='ocr_carea' id='block_1_92' title="bbox 1930 4749 3517 4827">
    <p class='ocr_par' dir='ltr' id='par_1_92' title="bbox 1930 4749 3517 4827">
     <span class='ocr_line' id='line_1_92' title="bbox 1930 4749 3517 4827; baseline -0.011 -10"><span class='ocrx_word' id='word_1_756' title='bbox 1930 4765 2189 4817; x_wconf 88' lang='lat' dir='ltr'><strong>mitosum</strong></span> <span class='ocrx_word' id='word_1_757' title='bbox 2223 4759 2485 4814; x_wconf 89' lang='lat' dir='ltr'><strong>incidisse</strong></span> <span class='ocrx_word' id='word_1_758' title='bbox 2513 4756 2762 4827; x_wconf 80' lang='lat' dir='ltr'><strong>proximo</strong></span> <span class='ocrx_word' id='word_1_759' title='bbox 2788 4752 3143 4816; x_wconf 81' lang='lat' dir='ltr'><strong>intellexerit,</strong></span> <span class='ocrx_word' id='word_1_760' title='bbox 3171 4751 3320 4805; x_wconf 90' lang='lat' dir='ltr'><strong>illico</strong></span> <span class='ocrx_word' id='word_1_761' title='bbox 3348 4749 3517 4802; x_wconf 80' lang='lat' dir='ltr'><strong>advo-</strong></span> 
     </span>
    </p>
   </div>
   <div class='ocr_carea' id='block_1_93' title="bbox 242 4840 1816 4935">
    <p class='ocr_par' dir='ltr' id='par_1_93' title="bbox 242 4840 1816 4935">
     <span class='ocr_line' id='line_1_93' title="bbox 242 4840 1816 4935; baseline -0.008 -17"><span class='ocrx_word' id='word_1_762' title='bbox 242 4840 564 4935; x_wconf 67' lang='grc' dir='ltr'><strong>ΓΙιθείρεσθαι</strong></span> <span class='ocrx_word' id='word_1_763' title='bbox 608 4865 734 4927; x_wconf 80' lang='grc' dir='ltr'><strong>τούς</strong></span> <span class='ocrx_word' id='word_1_764' title='bbox 778 4862 1137 4933; x_wconf 80' lang='grc' dir='ltr'>νεκροόόρους</span> <span class='ocrx_word' id='word_1_765' title='bbox 1180 4859 1361 4928; x_wconf 88' lang='grc' dir='ltr'>γύπας</span> <span class='ocrx_word' id='word_1_766' title='bbox 1408 4855 1488 4926; x_wconf 86' lang='grc' dir='ltr'><strong>τῷ</strong></span> <span class='ocrx_word' id='word_1_767' title='bbox 1534 4855 1692 4927; x_wconf 86' lang='grc' dir='ltr'>μύρῳ</span> <span class='ocrx_word' id='word_1_768' title='bbox 1737 4854 1816 4906; x_wconf 86' lang='grc' dir='ltr'>λέ-</span> 
     </span>
    </p>
   </div>
   <div class='ocr_carea' id='block_1_94' title="bbox 1922 4840 3518 4935">
    <p class='ocr_par' dir='ltr' id='par_1_94' title="bbox 1934 4840 3518 4916">
     <span class='ocr_line' id='line_1_94' title="bbox 1934 4840 3518 4916; baseline -0.011 -7"><span class='ocrx_word' id='word_1_769' title='bbox 1934 4856 2030 4916; x_wconf 88' lang='lat' dir='ltr'><strong>lat,</strong></span> <span class='ocrx_word' id='word_1_770' title='bbox 2067 4861 2249 4909; x_wconf 87' lang='lat' dir='ltr'><strong>rostro</strong></span> <span class='ocrx_word' id='word_1_771' title='bbox 2283 4850 2494 4905; x_wconf 89' lang='lat' dir='ltr'><strong>invadit</strong></span> <span class='ocrx_word' id='word_1_772' title='bbox 2538 4846 2835 4909; x_wconf 88' lang='lat' dir='ltr'><strong>adunco,si</strong></span> <span class='ocrx_word' id='word_1_773' title='bbox 2879 4861 2986 4914; x_wconf 92' lang='lat' dir='ltr'><strong>qua</strong></span> <span class='ocrx_word' id='word_1_774' title='bbox 3020 4845 3225 4907; x_wconf 85' lang='lat' dir='ltr'><strong>latent,</strong></span> <span class='ocrx_word' id='word_1_775' title='bbox 3258 4840 3518 4897; x_wconf 87' lang='lat' dir='ltr'><strong>distrahit</strong></span> 
     </span>
    </p>
   </div>
   <div class='ocr_carea' id='block_1_95' title="bbox 248 4944 1823 5025">
    <p class='ocr_par' dir='ltr' id='par_1_95' title="bbox 248 4944 1823 5025">
     <span class='ocr_line' id='line_1_95' title="bbox 248 4944 1823 5025; baseline -0.006 -17"><span class='ocrx_word' id='word_1_776' title='bbox 248 4972 400 5024; x_wconf 81' lang='grc' dir='ltr'>γουσι</span> <span class='ocrx_word' id='word_1_777' title='bbox 423 4970 439 4985; x_wconf 94' lang='grc'><strong>·</strong></span> <span class='ocrx_word' id='word_1_778' title='bbox 488 4954 624 5024; x_wconf 74' lang='grc' dir='ltr'>πρὸς</span> <span class='ocrx_word' id='word_1_779' title='bbox 659 4953 769 5025; x_wconf 88' lang='grc' dir='ltr'>γὰρ</span> <span class='ocrx_word' id='word_1_780' title='bbox 797 4952 859 5006; x_wconf 85' lang='grc' dir='ltr'><strong>τὸ</strong></span> <span class='ocrx_word' id='word_1_781' title='bbox 890 4951 1121 5014; x_wconf 78' lang='grc' dir='ltr'>δυσῶδες</span> <span class='ocrx_word' id='word_1_782' title='bbox 1147 4949 1239 5003; x_wconf 84' lang='grc' dir='ltr'><strong>καὶ</strong></span> <span class='ocrx_word' id='word_1_783' title='bbox 1267 4947 1547 5019; x_wconf 78' lang='grc' dir='ltr'>διεφθορὸς</span> <span class='ocrx_word' id='word_1_784' title='bbox 1578 4944 1760 5000; x_wconf 79' lang='grc' dir='ltr'>αὐτῶν</span> <span class='ocrx_word' id='word_1_785' title='bbox 1788 4946 1823 5017; x_wconf 81' lang='grc' dir='ltr'><strong>ἡ</strong></span> 
     </span>
    </p>
   </div>
   <div class='ocr_carea' id='block_1_96' title="bbox 244 5036 1826 5119">
    <p class='ocr_par' dir='ltr' id='par_1_96' title="bbox 244 5036 1826 5119">
     <span class='ocr_line' id='line_1_96' title="bbox 244 5036 1826 5119; baseline -0.008 -19"><span class='ocrx_word' id='word_1_786' title='bbox 244 5048 406 5119; x_wconf 75' lang='grc' dir='ltr'>φύσις</span> <span class='ocrx_word' id='word_1_787' title='bbox 438 5045 711 5116; x_wconf 80' lang='grc' dir='ltr'>ᾠκείωται</span> <span class='ocrx_word' id='word_1_788' title='bbox 730 5062 746 5077; x_wconf 96' lang='grc'><strong>·</strong></span> <span class='ocrx_word' id='word_1_789' title='bbox 784 5045 877 5098; x_wconf 75' lang='grc' dir='ltr'><strong>καὶ</strong></span> <span class='ocrx_word' id='word_1_790' title='bbox 907 5046 935 5097; x_wconf 90' lang='lat'><strong>6</strong></span> <span class='ocrx_word' id='word_1_791' title='bbox 965 5045 1030 5113; x_wconf 80' lang='grc' dir='ltr'>τῇ</span> <span class='ocrx_word' id='word_1_792' title='bbox 1063 5043 1203 5112; x_wconf 86' lang='grc' dir='ltr'>νόσῳ</span> <span class='ocrx_word' id='word_1_793' title='bbox 1231 5039 1403 5112; x_wconf 85' lang='grc' dir='ltr'>ταύτῃ</span> <span class='ocrx_word' id='word_1_794' title='bbox 1436 5036 1826 5109; x_wconf 88' lang='grc' dir='ltr'>κρατούμενος,</span> 
     </span>
    </p>
   </div>
   <div class='ocr_carea' id='block_1_97' title="bbox 242 5129 1826 5212">
    <p class='ocr_par' dir='ltr' id='par_1_97' title="bbox 242 5129 1826 5212">
     <span class='ocr_line' id='line_1_97' title="bbox 242 5129 1826 5212; baseline -0.007 -20"><span class='ocrx_word' id='word_1_795' title='bbox 242 5143 310 5212; x_wconf 80' lang='grc' dir='ltr'>τῇ</span> <span class='ocrx_word' id='word_1_796' title='bbox 360 5139 458 5209; x_wconf 81' lang='grc' dir='ltr'>μὲν</span> <span class='ocrx_word' id='word_1_797' title='bbox 503 5137 775 5209; x_wconf 81' lang='grc' dir='ltr'>εὐημερίᾳ</span> <span class='ocrx_word' id='word_1_798' title='bbox 823 5136 934 5189; x_wconf 84' lang='grc' dir='ltr'><strong>τῷν</strong></span> <span class='ocrx_word' id='word_1_799' title='bbox 996 5134 1204 5204; x_wconf 83' lang='grc' dir='ltr'>φίλων,</span> <span class='ocrx_word' id='word_1_800' title='bbox 1267 5131 1383 5186; x_wconf 78' lang='grc' dir='ltr'>οἷόν</span> <span class='ocrx_word' id='word_1_801' title='bbox 1443 5148 1589 5194; x_wconf 83' lang='grc' dir='ltr'>τινος</span> <span class='ocrx_word' id='word_1_802' title='bbox 1655 5129 1826 5201; x_wconf 82' lang='grc' dir='ltr'>μύρου</span> 
     </span>
    </p>
   </div>
   <div class='ocr_carea' id='block_1_98' title="bbox 243 5224 1831 5305">
    <p class='ocr_par' dir='ltr' id='par_1_98' title="bbox 243 5224 1831 5305">
     <span class='ocr_line' id='line_1_98' title="bbox 243 5224 1831 5305; baseline -0.007 -19"><span class='ocrx_word' id='word_1_803' title='bbox 243 5232 521 5305; x_wconf 81' lang='grc' dir='ltr'>προσϐολῇ</span> <span class='ocrx_word' id='word_1_804' title='bbox 553 5230 994 5301; x_wconf 84' lang='grc' dir='ltr'>καταφθείρεται.</span> <span class='ocrx_word' id='word_1_805' title='bbox 1040 5229 1103 5281; x_wconf 86' lang='grc' dir='ltr'><strong>Εἰ</strong></span> <span class='ocrx_word' id='word_1_806' title='bbox 1143 5225 1201 5281; x_wconf 85' lang='grc' dir='ltr'><strong>δέ</strong></span> <span class='ocrx_word' id='word_1_807' title='bbox 1236 5244 1289 5280; x_wconf 91' lang='grc' dir='ltr'><strong>τι</strong></span> <span class='ocrx_word' id='word_1_808' title='bbox 1323 5224 1493 5288; x_wconf 84' lang='grc' dir='ltr'>πάθος</span> <span class='ocrx_word' id='word_1_809' title='bbox 1525 5227 1588 5277; x_wconf 79' lang='grc' dir='ltr'>ὲκ</span> <span class='ocrx_word' id='word_1_810' title='bbox 1620 5238 1831 5293; x_wconf 86' lang='grc' dir='ltr'>συμφο-</span> 
     </span>
    </p>
   </div>
   <div class='ocr_carea' id='block_1_99' title="bbox 248 5313 1830 5395">
    <p class='ocr_par' dir='ltr' id='par_1_99' title="bbox 248 5313 1830 5395">
     <span class='ocr_line' id='line_1_99' title="bbox 248 5313 1830 5395; baseline -0.008 -16"><span class='ocrx_word' id='word_1_811' title='bbox 248 5326 349 5395; x_wconf 79' lang='grc' dir='ltr'><strong>ρᾶς</strong></span> <span class='ocrx_word' id='word_1_812' title='bbox 383 5323 503 5385; x_wconf 78' lang='grc' dir='ltr'>ἴδοι,</span> <span class='ocrx_word' id='word_1_813' title='bbox 550 5322 685 5392; x_wconf 81' lang='grc' dir='ltr'>πρὸς</span> <span class='ocrx_word' id='word_1_814' title='bbox 732 5320 890 5374; x_wconf 85' lang='grc' dir='ltr'>τοῦτο</span> <span class='ocrx_word' id='word_1_815' title='bbox 934 5318 1299 5383; x_wconf 88' lang='grc' dir='ltr'>καθίπταται,</span> <span class='ocrx_word' id='word_1_816' title='bbox 1346 5318 1440 5370; x_wconf 75' lang='grc' dir='ltr'>καὶ</span> <span class='ocrx_word' id='word_1_817' title='bbox 1488 5314 1548 5368; x_wconf 84' lang='grc' dir='ltr'><strong>τὸ</strong></span> <span class='ocrx_word' id='word_1_818' title='bbox 1594 5313 1830 5395; x_wconf 79' lang='grc' dir='ltr'>ἀγκύλον</span> 
     </span>
    </p>
   </div>
   <div class='ocr_carea' id='block_1_100' title="bbox 246 5390 1830 5489">
    <p class='ocr_par' dir='ltr' id='par_1_100' title="bbox 246 5390 1830 5489">
     <span class='ocr_line' id='line_1_100' title="bbox 246 5390 1830 5489; baseline -0.006 -20"><span class='ocrx_word' id='word_1_819' title='bbox 246 5390 441 5484; x_wconf 73' lang='grc' dir='ltr'>έπάγει</span> <span class='ocrx_word' id='word_1_820' title='bbox 484 5390 688 5489; x_wconf 76' lang='grc' dir='ltr'>στόμα,</span> <span class='ocrx_word' id='word_1_821' title='bbox 735 5414 804 5467; x_wconf 70' lang='grc' dir='ltr'>τὰ</span> <span class='ocrx_word' id='word_1_822' title='bbox 834 5411 1192 5482; x_wconf 87' lang='grc' dir='ltr'>κεκρυμμένα</span> <span class='ocrx_word' id='word_1_823' title='bbox 1234 5409 1467 5477; x_wconf 75' lang='grc' dir='ltr'>ἐξέλκων</span> <span class='ocrx_word' id='word_1_824' title='bbox 1497 5406 1592 5461; x_wconf 86' lang='grc' dir='ltr'><strong>τοῦ</strong></span> <span class='ocrx_word' id='word_1_825' title='bbox 1635 5390 1830 5461; x_wconf 82' lang='grc' dir='ltr'>δυστυ-</span> 
     </span>
    </p>
   </div>
   <div class='ocr_carea' id='block_1_101' title="bbox 250 5499 1827 5580">
    <p class='ocr_par' dir='ltr' id='par_1_101' title="bbox 250 5499 1827 5580">
     <span class='ocr_line' id='line_1_101' title="bbox 250 5499 1827 5580; baseline -0.006 -19"><span class='ocrx_word' id='word_1_826' title='bbox 250 5510 512 5580; x_wconf 79' lang='grc' dir='ltr'>χήματος.</span> <span class='ocrx_word' id='word_1_827' title='bbox 552 5505 788 5569; x_wconf 79' lang='grc' dir='ltr'>Πολλοὺς</span> <span class='ocrx_word' id='word_1_828' title='bbox 826 5507 854 5559; x_wconf 91' lang='lat'><strong>6</strong></span> <span class='ocrx_word' id='word_1_829' title='bbox 889 5504 1080 5573; x_wconf 85' lang='grc' dir='ltr'>φθόνος</span> <span class='ocrx_word' id='word_1_830' title='bbox 1108 5502 1217 5557; x_wconf 84' lang='grc' dir='ltr'><strong>τῶν</strong></span> <span class='ocrx_word' id='word_1_831' title='bbox 1249 5502 1355 5574; x_wconf 85' lang='grc' dir='ltr'><strong>πρὸ</strong></span> <span class='ocrx_word' id='word_1_832' title='bbox 1385 5499 1662 5563; x_wconf 76' lang='grc' dir='ltr'>Μωῦσέως</span> <span class='ocrx_word' id='word_1_833' title='bbox 1696 5517 1827 5553; x_wconf 82' lang='grc' dir='ltr'>κατ-</span> 
     </span>
    </p>
   </div>
   <div class='ocr_carea' id='block_1_102' title="bbox 252 5586 1829 5670">
    <p class='ocr_par' dir='ltr' id='par_1_102' title="bbox 252 5586 1829 5670">
     <span class='ocr_line' id='line_1_102' title="bbox 252 5586 1829 5670; baseline -0.004 -18"><span class='ocrx_word' id='word_1_834' title='bbox 252 5599 574 5670; x_wconf 80' lang='grc' dir='ltr'>ηγωνίσατο.</span> <span class='ocrx_word' id='word_1_835' title='bbox 624 5597 715 5667; x_wconf 89' lang='grc' dir='ltr'>Τῷ</span> <span class='ocrx_word' id='word_1_836' title='bbox 740 5597 798 5651; x_wconf 74' lang='grc' dir='ltr'>δὲ</span> <span class='ocrx_word' id='word_1_837' title='bbox 840 5596 1059 5668; x_wconf 85' lang='grc' dir='ltr'>μεγάλῳ</span> <span class='ocrx_word' id='word_1_838' title='bbox 1083 5594 1259 5663; x_wconf 84' lang='grc' dir='ltr'>τούτῳ</span> <span class='ocrx_word' id='word_1_839' title='bbox 1286 5591 1689 5665; x_wconf 76' lang='grc' dir='ltr'>προσενεχθεὶς,</span> <span class='ocrx_word' id='word_1_840' title='bbox 1717 5586 1829 5646; x_wconf 74' lang='grc' dir='ltr'>οἷόν</span> 
     </span>
    </p>
   </div>
   <div class='ocr_carea' id='block_1_103' title="bbox 245 5683 1828 5761">
    <p class='ocr_par' dir='ltr' id='par_1_103' title="bbox 245 5683 1828 5761">
     <span class='ocr_line' id='line_1_103' title="bbox 245 5683 1828 5761; baseline -0.006 -15"><span class='ocrx_word' id='word_1_841' title='bbox 245 5710 355 5747; x_wconf 89' lang='grc' dir='ltr'>τινι</span> <span class='ocrx_word' id='word_1_842' title='bbox 409 5691 634 5761; x_wconf 80' lang='grc' dir='ltr'>πλάσμα</span> <span class='ocrx_word' id='word_1_843' title='bbox 681 5691 907 5761; x_wconf 85' lang='grc' dir='ltr'>πήλινον</span> <span class='ocrx_word' id='word_1_844' title='bbox 958 5686 1135 5757; x_wconf 75' lang='grc' dir='ltr'>πέτρᾳ</span> <span class='ocrx_word' id='word_1_845' title='bbox 1180 5684 1559 5757; x_wconf 77' lang='grc' dir='ltr'>προσαραχθὲν</span> <span class='ocrx_word' id='word_1_846' title='bbox 1587 5725 1601 5746; x_wconf 97' lang='grc'><strong>,</strong></span> <span class='ocrx_word' id='word_1_847' title='bbox 1651 5683 1828 5754; x_wconf 77' lang='grc' dir='ltr'>ἑαυτῷ</span> 
     </span>
    </p>
   </div>
   <div class='ocr_carea' id='block_1_104' title="bbox 247 5774 1832 5856">
    <p class='ocr_par' dir='ltr' id='par_1_104' title="bbox 247 5774 1832 5856">
     <span class='ocr_line' id='line_1_104' title="bbox 247 5774 1832 5856; baseline -0.007 -17"><span class='ocrx_word' id='word_1_848' title='bbox 247 5783 643 5856; x_wconf 69' lang='grc' dir='ltr'>περιτρίϐεται.</span> <span class='ocrx_word' id='word_1_849' title='bbox 692 5776 780 5836; x_wconf 85' lang='grc' dir='ltr'>Ἐν</span> <span class='ocrx_word' id='word_1_850' title='bbox 814 5780 988 5851; x_wconf 80' lang='grc' dir='ltr'>τούτῳ</span> <span class='ocrx_word' id='word_1_851' title='bbox 1029 5781 1139 5850; x_wconf 86' lang='grc' dir='ltr'><strong>γὰρ</strong></span> <span class='ocrx_word' id='word_1_852' title='bbox 1173 5779 1408 5848; x_wconf 83' lang='grc' dir='ltr'>μάλιστα</span> <span class='ocrx_word' id='word_1_853' title='bbox 1438 5774 1704 5846; x_wconf 84' lang='grc' dir='ltr'>διεδείχθη</span> <span class='ocrx_word' id='word_1_854' title='bbox 1733 5777 1832 5846; x_wconf 81' lang='grc' dir='ltr'>τῆς</span> 
     </span>
    </p>
   </div>
   <div class='ocr_carea' id='block_1_105' title="bbox 251 5864 1831 5948">
    <p class='ocr_par' dir='ltr' id='par_1_105' title="bbox 251 5864 1831 5948">
     <span class='ocr_line' id='line_1_105' title="bbox 251 5864 1831 5948; baseline -0.009 -18"><span class='ocrx_word' id='word_1_855' title='bbox 251 5876 392 5948; x_wconf 78' lang='grc' dir='ltr'><strong>μετά</strong></span> <span class='ocrx_word' id='word_1_856' title='bbox 422 5876 515 5930; x_wconf 80' lang='grc' dir='ltr'><strong>τοῦ</strong></span> <span class='ocrx_word' id='word_1_857' title='bbox 545 5875 681 5930; x_wconf 82' lang='grc' dir='ltr'>Θεοῦ</span> <span class='ocrx_word' id='word_1_858' title='bbox 713 5875 937 5945; x_wconf 75' lang='grc' dir='ltr'>πορείας</span> <span class='ocrx_word' id='word_1_859' title='bbox 968 5872 1026 5925; x_wconf 77' lang='grc' dir='ltr'>τὸ</span> <span class='ocrx_word' id='word_1_860' title='bbox 1064 5871 1271 5942; x_wconf 80' lang='grc' dir='ltr'>κέρδος,</span> <span class='ocrx_word' id='word_1_861' title='bbox 1307 5870 1373 5940; x_wconf 77' lang='grc' dir='ltr'>ἢν</span> <span class='ocrx_word' id='word_1_862' title='bbox 1402 5871 1634 5922; x_wconf 76' lang='grc' dir='ltr'>ἐποιεῖτο</span> <span class='ocrx_word' id='word_1_863' title='bbox 1669 5864 1831 5917; x_wconf 61' lang='lat' dir='ltr'><strong>Mori-</strong></span> 
     </span>
    </p>
   </div>
   <div class='ocr_carea' id='block_1_106' title="bbox 1936 4931 3510 5016">
    <p class='ocr_par' dir='ltr' id='par_1_106' title="bbox 1936 4931 3510 5016">
     <span class='ocr_line' id='line_1_106' title="bbox 1936 4931 3510 5016; baseline -0.012 -15"><span class='ocrx_word' id='word_1_864' title='bbox 1936 4954 2103 5016; x_wconf 90' lang='lat' dir='ltr'><strong>atque</strong></span> <span class='ocrx_word' id='word_1_865' title='bbox 2146 4944 2416 5014; x_wconf 90' lang='lat' dir='ltr'><strong>dissipat,</strong></span> <span class='ocrx_word' id='word_1_866' title='bbox 2452 4948 2507 4997; x_wconf 89' lang='lat' dir='ltr'><strong>et</strong></span> <span class='ocrx_word' id='word_1_867' title='bbox 2544 4941 2613 4993; x_wconf 88' lang='lat' dir='ltr'><strong>in</strong></span> <span class='ocrx_word' id='word_1_868' title='bbox 2653 4938 2894 4994; x_wconf 88' lang='lat' dir='ltr'><strong>medium</strong></span> <span class='ocrx_word' id='word_1_869' title='bbox 2933 4935 3195 5006; x_wconf 89' lang='lat' dir='ltr'><strong>proponit</strong></span> <span class='ocrx_word' id='word_1_870' title='bbox 3235 4931 3510 4988; x_wconf 90' lang='lat' dir='ltr'><strong>omnibus.</strong></span> 
     </span>
    </p>
   </div>
   <div class='ocr_carea' id='block_1_107' title="bbox 1936 5023 3515 5100">
    <p class='ocr_par' dir='ltr' id='par_1_107' title="bbox 1936 5023 3515 5100">
     <span class='ocr_line' id='line_1_107' title="bbox 1936 5023 3515 5100; baseline -0.011 -7"><span class='ocrx_word' id='word_1_871' title='bbox 1936 5038 2137 5093; x_wconf 88' lang='lat' dir='ltr'><strong>Multos</strong></span> <span class='ocrx_word' id='word_1_872' title='bbox 2170 5033 2389 5091; x_wconf 64' lang='lat' dir='ltr'><strong>invidiae</strong></span> <span class='ocrx_word' id='word_1_873' title='bbox 2432 5032 2658 5087; x_wconf 88' lang='lat' dir='ltr'><strong>morbus</strong></span> <span class='ocrx_word' id='word_1_874' title='bbox 2706 5038 2833 5085; x_wconf 90' lang='lat' dir='ltr'><strong>ante</strong></span> <span class='ocrx_word' id='word_1_875' title='bbox 2868 5029 3034 5100; x_wconf 73' lang='lat' dir='ltr'><strong>Moysi</strong></span> <span class='ocrx_word' id='word_1_876' title='bbox 3079 5036 3328 5096; x_wconf 87' lang='lat' dir='ltr'><strong>tempora</strong></span> <span class='ocrx_word' id='word_1_877' title='bbox 3369 5023 3515 5089; x_wconf 87' lang='lat' dir='ltr'><strong>deje-</strong></span> 
     </span>
    </p>
   </div>
   <div class='ocr_carea' id='block_1_108' title="bbox 1934 5113 3516 5199">
    <p class='ocr_par' dir='ltr' id='par_1_108' title="bbox 1934 5113 3516 5199">
     <span class='ocr_line' id='line_1_108' title="bbox 1934 5113 3516 5199; baseline -0.013 -13"><span class='ocrx_word' id='word_1_878' title='bbox 1934 5130 2028 5186; x_wconf 88' lang='lat' dir='ltr'><strong>cit.</strong></span> <span class='ocrx_word' id='word_1_879' title='bbox 2065 5128 2288 5199; x_wconf 78' lang='lat' dir='ltr'><strong>Moysen</strong></span> <span class='ocrx_word' id='word_1_880' title='bbox 2317 5139 2448 5180; x_wconf 89' lang='lat' dir='ltr'><strong>vero</strong></span> <span class='ocrx_word' id='word_1_881' title='bbox 2477 5128 2806 5194; x_wconf 78' lang='lat' dir='ltr'><strong>aggressus,</strong></span> <span class='ocrx_word' id='word_1_882' title='bbox 2838 5130 3099 5191; x_wconf 84' lang='lat' dir='ltr'><strong>tanquam</strong></span> <span class='ocrx_word' id='word_1_883' title='bbox 3145 5133 3240 5171; x_wconf 88' lang='lat' dir='ltr'><strong>vas</strong></span> <span class='ocrx_word' id='word_1_884' title='bbox 3260 5114 3419 5184; x_wconf 72' lang='lat' dir='ltr'><strong>&#39;liguli</strong></span> <span class='ocrx_word' id='word_1_885' title='bbox 3460 5113 3516 5166; x_wconf 92' lang='lat' dir='ltr'><strong>in</strong></span> 
     </span>
    </p>
   </div>
   <div class='ocr_carea' id='block_1_109' title="bbox 1931 5205 3514 5294">
    <p class='ocr_par' dir='ltr' id='par_1_109' title="bbox 1931 5205 3514 5294">
     <span class='ocr_line' id='line_1_109' title="bbox 1931 5205 3514 5294; baseline -0.012 -18"><span class='ocrx_word' id='word_1_886' title='bbox 1931 5221 2168 5294; x_wconf 87' lang='lat' dir='ltr'><strong>lapidem</strong></span> <span class='ocrx_word' id='word_1_887' title='bbox 2193 5219 2442 5273; x_wconf 92' lang='lat' dir='ltr'><strong>collisum</strong></span> <span class='ocrx_word' id='word_1_888' title='bbox 2473 5216 2712 5273; x_wconf 87' lang='lat' dir='ltr'><strong>dirutus.</strong></span> <span class='ocrx_word' id='word_1_889' title='bbox 2742 5228 2806 5267; x_wconf 89' lang='lat' dir='ltr'><strong>ac</strong></span> <span class='ocrx_word' id='word_1_890' title='bbox 2836 5214 2890 5267; x_wconf 93' lang='lat' dir='ltr'><strong>in</strong></span> <span class='ocrx_word' id='word_1_891' title='bbox 2916 5213 3003 5266; x_wconf 88' lang='lat' dir='ltr'><strong>via</strong></span> <span class='ocrx_word' id='word_1_892' title='bbox 3026 5207 3301 5264; x_wconf 80' lang='lat' dir='ltr'><strong>contritus</strong></span> <span class='ocrx_word' id='word_1_893' title='bbox 3322 5214 3426 5265; x_wconf 87' lang='lat' dir='ltr'><strong>est,</strong></span> <span class='ocrx_word' id='word_1_894' title='bbox 3457 5205 3514 5257; x_wconf 90' lang='lat' dir='ltr'><strong>in</strong></span> 
     </span>
    </p>
   </div>
   <div class='ocr_carea' id='block_1_110' title="bbox 1934 5293 3516 5386">
    <p class='ocr_par' dir='ltr' id='par_1_110' title="bbox 1934 5293 3516 5386">
     <span class='ocr_line' id='line_1_110' title="bbox 1934 5293 3516 5386; baseline -0.014 -17"><span class='ocrx_word' id='word_1_895' title='bbox 1934 5329 2047 5386; x_wconf 90' lang='lat' dir='ltr'><strong>quo</strong></span> <span class='ocrx_word' id='word_1_896' title='bbox 2078 5312 2334 5375; x_wconf 83' lang='lat' dir='ltr'><strong>maxime,</strong></span> <span class='ocrx_word' id='word_1_897' title='bbox 2355 5315 2624 5380; x_wconf 87' lang='lat' dir='ltr'><strong>quantum</strong></span> <span class='ocrx_word' id='word_1_898' title='bbox 2649 5307 2868 5362; x_wconf 90' lang='lat' dir='ltr'><strong>sitcum</strong></span> <span class='ocrx_word' id='word_1_899' title='bbox 2905 5303 3012 5358; x_wconf 89' lang='lat' dir='ltr'><strong>Deo</strong></span> <span class='ocrx_word' id='word_1_900' title='bbox 3032 5299 3335 5363; x_wconf 89' lang='lat' dir='ltr'><strong>ambulare,</strong></span> <span class='ocrx_word' id='word_1_901' title='bbox 3368 5293 3516 5364; x_wconf 86' lang='lat' dir='ltr'><strong>quod</strong></span> 
     </span>
    </p>
   </div>
   <div class='ocr_carea' id='block_1_111' title="bbox 1937 5388 3515 5479">
    <p class='ocr_par' dir='ltr' id='par_1_111' title="bbox 1937 5388 3515 5479">
     <span class='ocr_line' id='line_1_111' title="bbox 1937 5388 3515 5479; baseline -0.013 -17"><span class='ocrx_word' id='word_1_902' title='bbox 1937 5407 2151 5479; x_wconf 72' lang='lat' dir='ltr'><strong>Moyses</strong></span> <span class='ocrx_word' id='word_1_903' title='bbox 2179 5403 2433 5467; x_wconf 79' lang='lat' dir='ltr'><strong>faciebat,</strong></span> <span class='ocrx_word' id='word_1_904' title='bbox 2461 5400 2624 5456; x_wconf 88' lang='lat' dir='ltr'><strong>facile</strong></span> <span class='ocrx_word' id='word_1_905' title='bbox 2655 5397 2990 5468; x_wconf 87' lang='lat' dir='ltr'><strong>prospicitur</strong></span> <span class='ocrx_word' id='word_1_906' title='bbox 3018 5410 3031 5445; x_wconf 88' lang='lat'><strong>:</strong></span> <span class='ocrx_word' id='word_1_907' title='bbox 3061 5391 3340 5462; x_wconf 87' lang='lat' dir='ltr'><strong>quomodo</strong></span> <span class='ocrx_word' id='word_1_908' title='bbox 3366 5388 3515 5444; x_wconf 86' lang='lat' dir='ltr'><strong>enim</strong></span> 
     </span>
    </p>
   </div>
   <div class='ocr_carea' id='block_1_112' title="bbox 1934 5481 3516 5562">
    <p class='ocr_par' dir='ltr' id='par_1_112' title="bbox 1934 5481 3516 5562">
     <span class='ocr_line' id='line_1_112' title="bbox 1934 5481 3516 5562; baseline -0.014 -8"><span class='ocrx_word' id='word_1_909' title='bbox 1934 5497 2138 5553; x_wconf 87' lang='lat' dir='ltr'><strong>invidia</strong></span> <span class='ocrx_word' id='word_1_910' title='bbox 2179 5495 2252 5550; x_wconf 91' lang='lat' dir='ltr'><strong>illi</strong></span> <span class='ocrx_word' id='word_1_911' title='bbox 2283 5494 2482 5549; x_wconf 90' lang='lat' dir='ltr'><strong>obesse</strong></span> <span class='ocrx_word' id='word_1_912' title='bbox 2524 5493 2824 5562; x_wconf 88' lang='lat' dir='ltr'><strong>potuisset,</strong></span> <span class='ocrx_word' id='word_1_913' title='bbox 2856 5487 2950 5556; x_wconf 92' lang='lat' dir='ltr'><strong>qui</strong></span> <span class='ocrx_word' id='word_1_914' title='bbox 2988 5484 3175 5539; x_wconf 85' lang='lat' dir='ltr'><strong>divino</strong></span> <span class='ocrx_word' id='word_1_915' title='bbox 3209 5481 3397 5536; x_wconf 88' lang='lat' dir='ltr'><strong>studio</strong></span> <span class='ocrx_word' id='word_1_916' title='bbox 3428 5489 3516 5533; x_wconf 85' lang='lat' dir='ltr'><strong>at-</strong></span> 
     </span>
    </p>
   </div>
   <div class='ocr_carea' id='block_1_113' title="bbox 1934 5573 3515 5659">
    <p class='ocr_par' dir='ltr' id='par_1_113' title="bbox 1934 5573 3515 5659">
     <span class='ocr_line' id='line_1_113' title="bbox 1934 5573 3515 5659; baseline -0.013 -16"><span class='ocrx_word' id='word_1_917' title='bbox 1934 5604 2043 5659; x_wconf 88' lang='lat' dir='ltr'><strong>que</strong></span> <span class='ocrx_word' id='word_1_918' title='bbox 2075 5588 2194 5641; x_wconf 83' lang='lat' dir='ltr'><strong>loco</strong></span> <span class='ocrx_word' id='word_1_919' title='bbox 2224 5584 2517 5640; x_wconf 85' lang='lat' dir='ltr'><strong>cucurrit?</strong></span> <span class='ocrx_word' id='word_1_920' title='bbox 2546 5581 2638 5651; x_wconf 90' lang='lat' dir='ltr'><strong>qui</strong></span> <span class='ocrx_word' id='word_1_921' title='bbox 2673 5579 2727 5633; x_wconf 93' lang='lat' dir='ltr'><strong>in</strong></span> <span class='ocrx_word' id='word_1_922' title='bbox 2759 5577 2935 5646; x_wconf 83' lang='lat' dir='ltr'><strong>lapide</strong></span> <span class='ocrx_word' id='word_1_923' title='bbox 2977 5575 3151 5641; x_wconf 85' lang='lat' dir='ltr'><strong>stetit,</strong></span> <span class='ocrx_word' id='word_1_924' title='bbox 3176 5582 3230 5651; x_wconf 85' lang='lat' dir='ltr'><strong>e_t</strong></span> <span class='ocrx_word' id='word_1_925' title='bbox 3255 5573 3309 5627; x_wconf 88' lang='lat' dir='ltr'><strong>in</strong></span> <span class='ocrx_word' id='word_1_926' title='bbox 3346 5586 3515 5639; x_wconf 86' lang='lat' dir='ltr'><strong>capa-</strong></span> 
     </span>
    </p>
   </div>
   <div class='ocr_carea' id='block_1_114' title="bbox 1935 5666 3518 5741">
    <p class='ocr_par' dir='ltr' id='par_1_114' title="bbox 1935 5666 3518 5741">
     <span class='ocr_line' id='line_1_114' title="bbox 1935 5666 3518 5741; baseline -0.011 -6"><span class='ocrx_word' id='word_1_927' title='bbox 1935 5683 2158 5736; x_wconf 83' lang='lat' dir='ltr'><strong>citatem</strong></span> <span class='ocrx_word' id='word_1_928' title='bbox 2206 5677 2379 5741; x_wconf 84' lang='lat' dir='ltr'><strong>ipsius</strong></span> <span class='ocrx_word' id='word_1_929' title='bbox 2436 5675 2614 5729; x_wconf 85' lang='lat' dir='ltr'><strong>fuerat</strong></span> <span class='ocrx_word' id='word_1_930' title='bbox 2657 5669 2979 5724; x_wconf 88' lang='lat' dir='ltr'><strong>immissus?</strong></span> <span class='ocrx_word' id='word_1_931' title='bbox 3023 5668 3115 5738; x_wconf 90' lang='lat' dir='ltr'><strong>qui</strong></span> <span class='ocrx_word' id='word_1_932' title='bbox 3171 5666 3337 5722; x_wconf 85' lang='lat' dir='ltr'><strong>Deum</strong></span> <span class='ocrx_word' id='word_1_933' title='bbox 3376 5675 3518 5734; x_wconf 71' lang='lat' dir='ltr'><strong>post</strong></span> 
     </span>
    </p>
   </div>
   <div class='ocr_carea' id='block_1_115' title="bbox 1939 5757 3519 5844">
    <p class='ocr_par' dir='ltr' id='par_1_115' title="bbox 1939 5757 3519 5844">
     <span class='ocr_line' id='line_1_115' title="bbox 1939 5757 3519 5844; baseline -0.012 -16"><span class='ocrx_word' id='word_1_934' title='bbox 1939 5781 2089 5844; x_wconf 77' lang='lat' dir='ltr'><strong>terga</strong></span> <span class='ocrx_word' id='word_1_935' title='bbox 2119 5767 2482 5839; x_wconf 87' lang='lat' dir='ltr'><strong>sequebatur?</strong></span> <span class='ocrx_word' id='word_1_936' title='bbox 2511 5763 2603 5835; x_wconf 90' lang='lat' dir='ltr'><strong>qui</strong></span> <span class='ocrx_word' id='word_1_937' title='bbox 2638 5777 2744 5816; x_wconf 89' lang='lat' dir='ltr'><strong>non</strong></span> <span class='ocrx_word' id='word_1_938' title='bbox 2773 5760 3026 5815; x_wconf 83' lang='lat' dir='ltr'><strong>ducentis</strong></span> <span class='ocrx_word' id='word_1_939' title='bbox 3058 5759 3250 5816; x_wconf 77' lang='lat' dir='ltr'><strong>facient</strong></span> <span class='ocrx_word' id='word_1_940' title='bbox 3293 5757 3519 5826; x_wconf 82' lang='lat' dir='ltr'><strong>aspicie-</strong></span> 
     </span>
    </p>
   </div>
   <div class='ocr_carea' id='block_1_116' title="bbox 1945 5840 3580 5930">
    <p class='ocr_par' dir='ltr' id='par_1_116' title="bbox 1945 5840 3580 5930">
     <span class='ocr_line' id='line_1_116' title="bbox 1945 5840 3580 5930; baseline -0.008 -13"><span class='ocrx_word' id='word_1_941' title='bbox 1945 5840 2057 5927; x_wconf 75' lang='lat' dir='ltr'><strong>bat,</strong></span> <span class='ocrx_word' id='word_1_942' title='bbox 2116 5862 2206 5917; x_wconf 84' lang='lat' dir='ltr'><strong>sed</strong></span> <span class='ocrx_word' id='word_1_943' title='bbox 2264 5868 2475 5930; x_wconf 84' lang='lat' dir='ltr'><strong>tergum</strong></span> <span class='ocrx_word' id='word_1_944' title='bbox 2532 5855 2796 5914; x_wconf 85' lang='lat' dir='ltr'><strong>obedicns</strong></span> <span class='ocrx_word' id='word_1_945' title='bbox 2854 5850 3221 5925; x_wconf 81' lang='lat' dir='ltr'><strong>respiciebat?</strong></span> <span class='ocrx_word' id='word_1_946' title='bbox 3287 5840 3520 5895; x_wconf 68' lang='grc' dir='ltr'><strong>ὃθοιιιυδ</strong></span> <span class='ocrx_word' id='word_1_947' title='bbox 3573 5903 3580 5910; x_wconf 87' lang='grc'><strong>,</strong></span> 
     </span>
    </p>
   </div>
  </div>
