3888 6378
440 444 537 498 ιιι
1663 446 1721 504 S.
1764 448 2095 506 GiiEGORIl
2135 450 2428 508 NYSSENI
3603 451 3713 507 “2

441 557 609 615 Deum
640 563 746 623 est,
781 556 987 611 idcirco
1018 556 1228 620 beatus,
1260 555 1465 611 idcirco
1496 557 1657 613 altior
1683 560 1784 615 fuit
1806 603 1819 627 ,
1853 578 2011 632 quam

2124 569 2243 635 σῆς,
2275 568 2304 617 6
2333 567 2389 617 ἐν
2416 563 2493 635 τῷ
2520 562 2646 632 θείῳ
2679 563 2828 631 τόπῳ
2849 562 3094 634 δραμὼν,
3126 563 3219 617 καὶ
3247 563 3340 617 ἐπὶ
3367 565 3468 635 τῆς
3502 566 3711 638 πέτρας

440 659 503 705 ιιι
534 651 599 704 ad
637 650 812 718 ipsum
856 648 1051 717 sagitta
1083 648 1303 702 invidia:
1348 658 1531 718 posset
1567 653 1874 721 pervenire.
1910 654 2011 708 Sed

2125 655 2315 719 ἑστὼς,
2353 657 2446 707 καὶ
2487 654 2566 725 τῷ
2606 656 2892 725 χωρήματι
2923 654 3127 724 ταύτης
3170 656 3576 727 περιεχόμενος,
3613 661 3710 711 καὶ

440 740 618 793 Aaron
674 736 895 807 quidem
938 747 1105 808 atque
1147 738 1316 792 Maria
1362 741 1578 795 invidia:
1618 745 1810 798 morbo
1858 760 2011 813 snpe-

2124 748 2189 816 τῇ
2225 747 2366 815 χειρὶ
2410 744 2503 798 τοῦ
2536 744 2671 797 Θεοῦ
2723 743 3158 814 σκεπαζόμενος,
3210 745 3305 799 καὶ⁵
3351 748 3582 799 κατόπιν
3632 748 3710 815 τῷ

440 831 631 895 rati”,
674 831 839 885 veluti
887 845 1048 884 arcus
1094 831 1312 885 invidia:
1360 832 1582 901 quidam
1629 836 1785 899 liunt,
1823 844 1877 890 et
1922 851 2011 905 pro

2123 836 2412 907 ἡγουμένῳ
2442 837 2735 906 ὲπόμενος’
2765 836 2794 886 6
2826 834 2900 906 μὴ
2931 836 3287 899 ἀντιίέλέπων,
3319 837 3453 891 ἀλλά
3487 839 3554 891 τὰ
3582 840 3709 892 ὀπί·

436 921 663 991 spiculis
687 922 948 976 adversus
972 922 1120 975 illum
1146 924 1307 977 verba
1330 925 1661 992 jaculantur.

2130 927 2251 979 σθια
2283 927 2512 996 βλέπων.
2554 927 2656 978 Τὸν
2684 923 2777 979 οὖν
2811 928 2895 994 ἐφ’
2926 926 3117 979 ἐαυτὸν
3149 928 3437 996 γενόμενον
3469 946 3705 999 μακαρι-

441 1015 580 1077 οτὺν,
616 1015 678 1067 τὸ
710 1016 937 1069 ἔπεσθαι
981 1016 1057 1087 τῷ
1103 1015 1222 1087 Θεῴ
1256 1019 1642 1082 ἀποδείκνυσι,
1698 1020 1793 1073 καὶ
1824 1020 1884 1073 τὸ
1914 1022 2142 1091 φανῆναι
2176 1022 2336 1073 αὐτὸν
2389 1021 2487 1091 τῆς
2513 1019 2608 1073 τοῦ
2659 1019 2811 1083 τόξου
2870 1019 3030 1090 βολῆς
3090 1020 3439 1089 ὑψηλότερον.
3488 1023 3703 1090 Πέμπει

439 1106 547 1174 γὰρ
578 1108 671 1159 καὶ
701 1109 819 1159 κατ’
850 1108 1058 1161 ἐκείνου
1089 1109 1149 1161 τὸ
1184 1109 1393 1179 βέλοςό
1452 1110 1677 1179 φθόνος·
1743 1111 1857 1164 ἀλλ’
1912 1112 1973 1164 ού
2037 1113 2375 1165 καθικνεῖται
2428 1114 2461 1181 ἡ
2522 1112 2649 1182 βολὴ
2703 1111 2798 1163 τοῦ
2857 1110 3061 1180 ὕψους,
3117 1112 3175 1163 ἐν
3217 1104 3262 1178 ᾧ
3316 1107 3384 1181 ἦν
3434 1112 3701 1189 Μωῦσῆς.

453 1199 709 1268 Ἠτόνησε
742 1200 848 1271 γὰρ
878 1204 909 1271 ή
940 1201 1104 1271 νευρά
1131 1205 1230 1271 τῆς
1261 1204 1525 1273 πονηρίας
1572 1203 1824 1257 τοσοῦτον
1879 1205 2237 1270 ἀποτοξεῦσαι
2278 1205 2337 1257 τὸ
2382 1204 2584 1266 πάθος.
2639 1204 2715 1266 ὡς
2769 1203 2876 1256 ἀπὸ
2924 1202 3032 1255 τῶν
3086 1202 3564 1271 προνενοσηκότων
3625 1206 3706 1267 εἰς

436 1290 600 1343 αὑτὸν
633 1280 905 1361 διαϐῆναι.
952 1292 1090 1344 Ἀλλ’
1120 1293 1149 1344 6
1178 1292 1275 1362 μὲν
1307 1292 1513 1363 Ἀαρὼν
1541 1296 1693 1366 καὶὴ
1728 1296 1918 1367 Μαρία
1947 1295 2027 1366 τῷ
2060 1296 2220 1350 πάθει
2256 1298 2352 1364 τῆς
2399 1295 2697 1365 βασκανίας
2745 1293 3097 1365 ἐτρώθησαν,
3151 1294 3245 1346 καὶ
3301 1288 3413 1346 οἷόν
3458 1310 3512 1345 τι
3544 1294 3705 1358 τόξον

434 1380 528 1433 τοῦ
569 1380 761 1448 φθόνου
794 1381 1052 1449 γίνονται,
1085 1384 1206 1436 ἀντὶ
1236 1383 1422 1452 βέλους
1461 1386 1552 1437 τὸν
1592 1388 1712 1439 κατ’
1740 1386 1903 1439 αὑτοῦ
1934 1387 2093 1456 λόγον
2121 1386 2606 1453 ἀποτοξεύσαντες.

508 1476 577 1526 At
607 1474 820 1545 Moyses
853 1484 1065 1530 tantum
1098 1477 1287 1531 aberat
1318 1480 1387 1533 ab
1432 1480 1746 1549 hujusmodi
1796 1482 2014 1551 aegritu-

436 1567 584 1631 dine,
618 1577 677 1622 ut
706 1585 831 1623 cum
861 1585 1038 1640 neque
1077 1582 1273 1641 captus
1305 1589 1483 1642 neque
1522 1576 1684 1630 laesus
1712 1574 1780 1627 ab
1807 1590 1869 1628 ea
1910 1575 2009 1640 sit,

437 1675 547 1713 non
606 1661 781 1714 solum
832 1662 1038 1714 nullam
1091 1662 1207 1732 ipse
1245 1663 1312 1717 de
1357 1664 1732 1719 invislentibus
1792 1679 2010 1734 pmnam

362 1788 367 1793 η
438 1753 674 1821 smnpsit
701 1792 715 1816 ,
753 1768 939 1806 verum
979 1755 1141 1807 etiam
1180 1754 1348 1809 Deum
1398 1757 1656 1826 precibus
1685 1756 2010 1826 placabilem

437 1844 573 1913 ipsis
614 1843 874 1899 reddidit.
910 1844 1107 1899 Docuit
1139 1862 1271 1917 ergo
1315 1862 1417 1903 nos
1461 1863 1557 1917 per
1601 1864 1665 1903 ea
1695 1864 1817 1918 quae
1849 1848 2010 1914 fecit,

437 1936 603 1990 nullis
632 1937 863 1991 telorum
898 1937 1099 1992 ictibus
1128 1954 1252 1992 eum
1285 1940 1456 2008 tangi,
1487 1940 1578 2009 qui
1612 1940 1833 1996 virtutis
1855 1947 2013 1996 scuto

438 2028 679 2098 seipsum
723 2038 954 2084 tutatur.
999 2028 1266 2084 Retundit
1309 2033 1452 2085 enim
1487 2048 1553 2086 ac
1585 2034 1802 2087 hebetat
1846 2033 2013 2102 hujus

436 2123 580 2175 scuti
628 2121 781 2174 firma
817 2122 1070 2178 soliditas
1116 2124 1287 2177 aciem
1335 2125 1618 2194 cuspidis,
1668 2127 1779 2180 imo
1822 2125 2011 2195 procul

438 2221 610 2265 totum
644 2212 824 2280 rejicit
872 2213 1059 2267 telum.
1095 2214 1189 2269 Est
1238 2221 1419 2268 autem
1452 2223 1580 2285 apta
1624 2215 1690 2269 ad
1738 2215 2011 2285 ejusmodi

436 2301 748 2369 repellenda
793 2303 898 2357 tela
921 2316 1203 2357 armatura
1236 2302 1381 2359 Deus
1408 2304 1550 2374 ipse,
1580 2321 1746 2376 quam
1790 2306 2012 2361 virtutis

435 2391 591 2444 miles
619 2391 811 2445 induit.
835 2409 856 2443 ι
889 2391 1101 2446 lnduite
1119 2408 1357 2461 namque
1393 2408 1511 2456 vos,
1530 2413 1547 2444 ι
1569 2394 1765 2462 inquit,
1796 2395 2013 2448 «Domi-

435 2495 566 2534 num
592 2479 780 2536 Jesum
811 2482 880 2536 ⁷⁷.
918 2503 935 2535 ι
978 2482 1093 2538 Hac
1121 2483 1458 2555 infrangibili
1484 2496 1764 2539 armatura
1801 2486 2012 2557 Moyses

434 2582 715 2640 armatus,
754 2574 977 2645 maligni
1016 2575 1290 2644 sagittarii
1339 2591 1532 2630 arcum
1584 2577 1714 2631 fecit
1764 2578 2009 2632 inanem.

431 2661 567 2716 Nam
597 2679 699 2720 nec
733 2664 921 2720 dolore
950 2667 1156 2736 aliquo,
1183 2675 1278 2721 aut
1304 2669 1717 2737 perturbatione
1745 2671 2012 2725 adversus

433 2753 725 2824 injuriatos
777 2766 1085 2812 commotus
1138 2766 1260 2825 est,
1321 2767 1680 2830 posteaquam
1736 2762 2009 2818 divinitus

433 2846 823 2901 condemnatos
870 2848 1037 2914 vidit;
1070 2865 1196 2903 nam
1238 2866 1297 2906 se
1342 2852 1453 2906 illis
1494 2852 1854 2920 conjunctum
1899 2871 2012 2911 non

434 2936 727 3004 ignoravit,
764 2938 860 2992 sed
894 2938 1005 2993 Deo
1038 2955 1139 3009 pro
1170 2941 1443 2997 fratribus
1470 2944 1825 3013 supplicavit,
1861 2945 2012 3015 quod

433 3040 546 3079 non
579 3026 804 3082 fecisset
836 3028 942 3082 nisi
972 3028 1139 3083 Deum
1165 3044 1516 3102 sequeretur,
1548 3035 1641 3103 qui
1678 3036 1782 3088 sibi
1809 3051 2012 3104 praece-

2204 1478 2265 1533 'O
2292 1475 2348 1532 δέ
2385 1478 2637 1532 τοσοῦτον
2664 1478 2901 1547 ἀπέσχεν
2934 1478 2992 1532 ἐν
3025 1478 3295 1548 κοινωνίᾳ.
3320 1476 3575 1546 γενέσθαι
3604 1475 3704 1528 τοῦ

2118 1572 2551 1643 ἀρῤωστήματος
2571 1609 2586 1633 ,
2632 1571 2714 1623 ὅτι
2745 1572 2838 1623 καὶ
2865 1569 3162 1639 θεραπεύει
3193 1569 3300 1621 τῶν
3333 1568 3705 1638 νενοσηκότων

2117 1662 2180 1715 τὸ
2211 1663 2399 1725 πάθος,
2440 1664 2501 1715 ού
2532 1663 2690 1732 μόνον
2717 1661 2879 1723 αὐτὸς
2923 1660 3060 1729 πρὸς
3092 1658 3191 1729 τὴν
3220 1659 3429 1728 ἄμυναν
3462 1658 3571 1710 τῶν
3614 1656 3702 1709 λε-

2119 1752 2439 1822 λυπηκότων
2490 1752 2666 1822 μένων
2716 1750 2969 1819 ἀκίνητος
2994 1788 3010 1812 ,
3058 1748 3193 1802 ἀλλά
3242 1749 3337 1801 καὶ
3374 1747 3506 1800 Θεδν
3558 1747 3704 1816 ὑπὲρ

2112 1846 2290 1898 αὐτῶν
2335 1844 2661 1913 ίλεούμενος,
2696 1842 2908 1905 δεικνὺς
2931 1883 2945 1907 ,
2980 1837 3132 1911 οἶμαι
3153 1881 3167 1905 ,
3213 1839 3280 1892 δι’
3312 1832 3387 1892 ὧν
3422 1838 3701 1908 ἐποίησεν,

2113 1936 2195 1988 ὅτι
2225 1936 2253 1987 6
2287 1912 2466 1998 καλῶς
2486 1912 2576 2003 τῷ
2603 1932 2779 2003 θυρεῷ
2804 1933 2901 2002 τῆς
2926 1934 3125 2002 ἀρετῆς
3161 1930 3704 2001 περιπεφραγμένος,

2112 2026 2231 2087 ταῖς
2260 2024 2411 2076 ἀκίσι
2436 2024 2542 2076 τῶν
2575 2024 2742 2093 βελῶν
2769 2024 2868 2075 οὐκ
2894 2022 3219 2092 ἀμύσσεται.
3273 2018 3562 2089 Ἀμελύνει
3588 2018 3702 2086 γὰρ

2111 2117 2211 2186 τὴν
2244 2117 2479 2185 αἰχμὴν,
2535 2115 2627 2169 καὶ
2671 2115 2750 2176 είς
2796 2113 2856 2166 τὸ
2902 2111 3135 2183 ἔμπαλιν
3167 2110 3501 2181 ἀποστρέφει
3533 2111 3567 2178 η
3604 2106 3698 2160 τοῦ

2113 2207 2277 2260 ὅπλου
2327 2206 2640 2277 στερρότης.
2694 2204 2895 2257 Ὄπλον
2948 2204 2993 2256 δ’
3047 2203 3113 2257 ἂν
3152 2204 3237 2272 εἴη
3286 2201 3395 2254 τῶν
3439 2200 3701 2253 τοιούτων

2116 2298 2285 2369 βελῶν
2312 2298 2700 2366 φυλακτήριον,
2730 2296 2890 2359 αὐτὸς
2921 2295 2951 2346 6
2975 2294 3127 2357 Θεὸς,
3172 2294 3231 2345 ὃν
3259 2293 3500 2346 ἐνδύεται
3540 2295 3569 2345 6
3599 2292 3701 2360 τῆς

2113 2390 2315 2462 ἀρετῆς
2340 2390 2584 2462 ὁπλίτης.
2616 2409 2634 2441 ι
2671 2387 2992 2443 Ἐνδύσασθε
3020 2407 3038 2439 ι
3072 2387 3205 2457 γὰρ,
3234 2385 3389 2455 φησὶ,
3419 2403 3438 2436 ι
3464 2383 3555 2437 τον
3587 2383 3699 2435 Κύο

2118 2494 2230 2547 ριον
2272 2479 2498 2548 Ἰησοῦν.
2532 2500 2551 2531 ι
2604 2478 2774 2531 Τοῦτό
2803 2479 2949 2530 ἐστιν
2979 2480 3012 2548 ἡ
3037 2477 3286 2548 ἀρραγὴς
3311 2474 3634 2544 παντευχία,
3664 2467 3699 2547 ᾖ

2111 2586 2218 2623 τινι
2249 2570 2634 2640 πεφραγμένος
2665 2571 2694 2621 6
2736 2569 2997 2639 Μωῦσῆς,
3027 2570 3306 2638 ἄπρακτον
3338 2567 3429 2620 τὸν
3460 2566 3699 2637 πονηρὸν

2112 2660 2334 2731 τοξότην
2364 2662 2638 2731 ἐποίησεν.
2697 2660 2854 2714 Οῦτω
2899 2662 3007 2732 γὰρ
3047 2660 3303 2712 ἐνέπεσεν
3347 2657 3497 2728 αὑτῴ
3525 2660 3559 2729 ὴ
3584 2659 3697 2727 ἀμ-

2113 2750 2367 2822 ϐλυντικὴ
2399 2753 2539 2805 κατὰ
2564 2752 2671 2804 τῶν
2701 2752 3083 2819 λελυπηκότων
3111 2751 3254 2821 ὁρμή
3284 2766 3298 2780 ο
3347 2748 3471 2801 οὔτε
3523 2767 3698 2802 κατα-

2111 2843 2476 2897 δικασθέντων
2504 2843 2685 2897 αύτῶν
2712 2844 2863 2913 παρά
2889 2843 2987 2913 τῆς
3021 2841 3318 2895 ἀδεκάστου
3351 2839 3604 2910 κρίσεως,
3639 2840 3699 2891 τὸ

2111 2934 2250 3005 πρὸς
2278 2934 2377 3005 τὴν
2407 2934 2565 3002 φύσιν
2585 2935 2820 3004 ἠγνόησε
2856 2933 3083 2995 δίκαιον,
3119 2930 3234 2984 ἀλλ’
3268 2932 3451 3001 ἱκέτης
3480 2930 3699 2999 ἐγένετο

2111 3027 2204 3079 τοῦ
2231 3027 2366 3080 Θεοῦ
2391 3027 2532 3097 ὑπὲρ
2558 3026 2667 3078 τῶν
2697 3024 2959 3093 ἀδελφῶν.
2995 3025 3170 3094 Ὅπερ
3199 3023 3300 3076 οὐκ
3326 3023 3391 3076 ἂν
3416 3023 3693 3093 ἐποίησεν,

431 3115 570 3171 dens
622 3126 794 3171 tutam
837 3120 1089 3187 sequenti
1134 3122 1277 3176 viam
1318 3123 1752 3180 demonstrabat.
1808 3125 2007 3181 Verum

2118 3123 2167 3174 εί
2200 3121 2273 3191 μὴ
2320 3121 2549 3174 κατόπιν
2591 3119 2683 3172 τοῦ
2737 3118 2872 3172 Θεοῦ
2921 3114 3013 3189 ἦν,
3047 3117 3141 3171 τοῦ
3177 3116 3245 3169 τὰ
3287 3115 3513 3170 ὄπισθεν
3546 3116 3697 3187 αὐτῷ

437 3207 690 3264 humanm
736 3221 947 3266 natura:
980 3213 1158 3269 hostis
1191 3231 1222 3268 a
1256 3214 1439 3285 Moyse
1483 3218 1738 3285 repulsus
1760 3259 1775 3282 ,
1812 3234 2010 3275 manus

434 3296 501 3350 ad
532 3299 836 3355 imbecilles
857 3303 1161 3367 transtulit,
1188 3303 1389 3357 bellum
1419 3315 1472 3359 et
1497 3307 1851 3363 voracitatem
1876 3323 2012 3362 ven-

434 3388 535 3444 tris
561 3391 718 3459 quasi
742 3392 908 3445 telum
937 3394 1213 3463 quoidam
1247 3396 1480 3452 immisit
1508 3398 1732 3468 populo,
1767 3415 2010 3469 eumque

437 3479 818 3552 [Egyptiarum
852 3484 1136 3553 epularum
1165 3487 1424 3542 aviditate
1449 3488 1717 3553 incendit,
1743 3499 1906 3561 atque
1935 3491 2004 3547 ad

435 3573 808 3643 praaferendas
837 3577 962 3631 cibo
986 3576 1064 3629 illi
1094 3578 1305 3633 caelesti
1338 3578 1558 3650 Egypti
1582 3596 1780 3638 carnes
1811 3584 2010 3638 incita-

434 3665 531 3718 vit.
588 3663 757 3736 Moysi
799 3675 980 3721 autem
1026 3683 1194 3739 supra
1236 3685 1452 3724 omnem
1496 3673 2008 3744 turbationem‘jam

432 3759 736 3813 constituto
785 3774 995 3830 magna)
1034 3758 1214 3815 fuerat
1264 3777 1413 3817 cura:
1465 3763 1649 3819 futura
1685 3766 2008 3834 haereditas,

433 3866 555 3921 qua:
589 3852 924 3920 repromissa
955 3859 1043 3907 est
1087 3851 1385 3924 Egyptum
1426 3853 1790 3926 fugientibus,
1843 3874 1907 3913 ac
1944 3861 2009 3913 ad

432 3958 553 3995 eam
581 3941 1061 4010 proﬁciscentibus
1093 3954 1316 4007 terram,
1348 3946 1491 4000 unde
1524 3948 1608 4001 lac
1639 3957 1692 4001 et
1722 3950 1826 4003 mel
1859 3965 2012 4003 com-

435 4036 597 4088 mista
626 4035 789 4088 simul
818 4037 1150 4089 scaturiunt.
1179 4035 1292 4090 llac
1330 4037 1398 4091 de
1433 4053 1598 4092 causa
1636 4042 2011 4110 exploratores

436 4125 635 4179 missos
670 4124 739 4179 de
780 4124 941 4179 bonis
977 4126 1129 4180 illius
1170 4128 1414 4196 regionis
1455 4129 1758 4200 interrogat
1787 4151 1799 4184 :
1829 4132 1881 4185 hi
1913 4148 2013 4186 au-

435 4222 543 4268 tem
579 4222 706 4268 sunt
735 4215 827 4267 alii
862 4216 1025 4281 boni,
1064 4217 1154 4269 alii
1198 4217 1327 4270 mali
1364 4233 1376 4269 :
1420 4227 1473 4272 et
1505 4219 1636 4274 boni
1668 4221 1919 4289 quidem,
1953 4233 2013 4277 ut

434 4322 534 4379 ego
572 4308 771 4371 sentio,
804 4317 933 4363 sunt
974 4318 1135 4364 rectae
1173 4310 1541 4379 cogitationes
1572 4313 1642 4366 de
1679 4316 2012 4382 repromissa

436 4400 595 4454 nobis
649 4400 1011 4464 beatitudine,
1055 4402 1259 4455 Christi
1306 4401 1411 4456 fide
1442 4404 1835 4460 corroboratm.
1884 4406 2008 4460 Mali

2112 3212 2250 3283 πρὸς
2292 3214 2391 3284 τὴν
2419 3212 2636 3281 ἀσφαλῆ
2678 3214 2777 3281 τῆς
2810 3210 3013 3280 ἀρετῆς
3045 3209 3265 3278 όδηγίαν
3292 3206 3695 3278 προδείξαντος.

2111 3303 2222 3355 Καὶ
2266 3302 2333 3353 τὰ
2378 3301 2512 3355 ἄλλα
2556 3300 2612 3353 δὲ
2660 3300 2859 3370 ἐφεξῆς
2900 3299 3146 3353 τοιαῦτα.
3194 3300 3411 3369 Ἐπειδὴ
3443 3298 3553 3369 γὰρ
3593 3299 3697 3352 οὐκ

2110 3392 2236 3461 ἔσχε
2269 3394 2387 3445 κατ’
2418 3391 2582 3445 αὐτοῦ
2630 3390 2814 3463 χώραν
2854 3393 2932 3454 εἰς
2987 3392 3191 3463 βλάϐην
3228 3394 3257 3445 6
3284 3394 3351 3462 τῇ
3384 3392 3542 3460 φύσει
3586 3391 3695 3444 τῶν

2113 3481 2414 3551 ἀνθρώπων
2441 3481 2726 3551 πολέμιος,
2763 3481 2953 3552 τρέπει
2974 3482 3115 3534 κατά
3142 3482 3249 3535 τῶν
3278 3481 3695 3552 εύαλωτοτέρων

2110 3574 2201 3626 τὸν
2235 3574 2485 3643 πόλεμον.
2520 3574 2629 3630 Καὶ
2670 3572 2920 3643 καθάπερ
2955 3590 3008 3625 τι
3051 3573 3205 3643 βέλος
3238 3575 3299 3627 τὸ
3326 3575 3426 3644 τῆς
3463 3591 3694 3644 γαστρι-

2116 3666 2350 3738 μαργίας
2380 3666 2549 3729 πάθος
2579 3667 2809 3734 ἐπαφεὶς
2850 3665 2928 3736 τῷ
2958 3665 3092 3736 λαῷ,
3140 3668 3524 3735 Δίγυπτιάζειν
3553 3668 3694 3721 κατὰ

2111 3760 2211 3830 τὴν
2256 3758 2435 3830 ὄρεξιν
2482 3757 2679 3820 αὐτοὺς
2722 3756 3134 3827 παρεσκεύασε,
3186 3759 3540 3829 προτιθέντας
3591 3762 3694 3830 τῆς

2112 3852 2370 3924 οὐρανίας
2412 3850 2626 3919 ἐκείνης
2674 3851 2879 3921 τροφῆς
2922 3849 3019 3920 τὴν
3054 3851 3185 3922 παρ’
3210 3852 3526 3918 Αἰγυπτίοις
3560 3869 3693 3923 σαρ-

2114 3942 2385 4015 κοϐορίαν.
2431 3943 2487 3995 Ὀ
2509 3942 2565 3994 δὲ
2598 3941 2797 4011 ὑψηλὸς
2823 3944 2920 4012 τὴν
2944 3943 3142 4012 ψυχὴν,
3174 3942 3286 3996 ἀνω
3322 3942 3415 3994 τοῦ
3450 3944 3691 3997 τοιούτου

2114 4036 2320 4100 πάθους
2350 4034 2813 4105 ὑπερπετόμενος,
2849 4035 2968 4097 ὅλος
2998 4030 3067 4104 ἦν
3099 4034 3199 4103 τῆς
3232 4034 3533 4105 μελλούσης
3561 4036 3692 4106 κλη-

2115 4124 2367 4193 ρονομίας
2396 4125 2493 4192 τῆς
2527 4123 2945 4193 ἐπηγγελμένης
2976 4123 3129 4193 παρά
3161 4123 3256 4175 τοῦ
3288 4122 3424 4175 Θεοῦ
3450 4126 3562 4187 τοῖς
3596 4142 3692 4194 με-

2114 4215 2455 4287 θισταμένοις
2482 4216 2545 4268 ἐκ
2573 4215 2673 4283 τῆς
2708 4215 2990 4284 νοηθείσης
3018 4214 3315 4282 Αἰγύπτου,
3352 4215 3443 4266 καὶ
3468 4215 3562 4267 ἐπὶ
3594 4216 3692 4284 τὴν

2113 4308 2215 4377 γῆν
2247 4308 2459 4377 ἐκείνην
2491 4305 2883 4377 ὁδοιποροῦσιν,
2932 4307 2990 4359 ὲν
3110 4304 3263 4376 βρύει
3291 4304 3352 4357 τὸ
3380 4304 3522 4372 γάλα
3566 4322 3689 4358 συν-

2113 4399 2559 4470 ἀναμεμιγμένον
2599 4398 2677 4469 τῷ
2724 4398 2919 4469 μέλιτι.
2974 4396 3175 4450 Τούτου
3221 4397 3379 4468 χάριν
3422 4398 3693 4450 κατασκόσ

434 4506 587 4553 vero,
629 4491 921 4545 incredula:
971 4494 1394 4549 resurrectionis
1443 4502 1608 4562 atque
1651 4496 2007 4553 beatitudinis

2118 4509 2251 4555 πους
2271 4493 2421 4553 τινὰς
2439 4480 2789 4553 διδασκάλους
2814 4491 3048 4544 ἐποιεῖτο
3074 4488 3181 4540 τῶν
3206 4491 3262 4542 ἐν
3284 4489 3467 4559 ἐκείνη
3489 4489 3690 4543 καλῶν.

438 4591 680 4645 tnrntcs,
713 4599 835 4652 quae
876 4583 1037 4639 fidem
1067 4585 1134 4639 dc
1167 4586 1518 4653 repromissis
1554 4587 1801 4642 humano
1826 4591 2011 4659 generi

439 4674 598 4727 bonis
639 4673 934 4729 retundere
964 4690 1027 4729 ac
1064 4676 1345 4730 infirmare
1376 4687 1646 4731 conantur
1675 4697 1690 4733 :
1721 4695 1861 4749 quos
1897 4696 2016 4735 om-

439 4779 536 4817 nes
572 4761 790 4835 Moyses
818 4766 1152 4832 reprobavit,
1179 4767 1371 4834 eisque
1403 4768 1581 4821 solum
1624 4770 1883 4835 credidit,
1920 4772 2015 4841 qui

439 4854 671 4908 meliora
724 4854 793 4908 de
838 4856 1059 4925 regione
1108 4858 1197 4911 illa
1248 4857 1578 4912 referebant.
1625 4858 1787 4916 Jesus
1830 4870 2013 4917 autem

438 4943 630 4997 borum
678 4943 922 4997 omnium
972 4948 1226 5014 princeps
1268 4955 1424 5011 erat,
1476 4948 1542 5001 ad
1581 4963 1745 5017 quem
1797 4949 2012 5019 Moysrs

439 5033 747 5104 respiciens
784 5034 995 5088 firmam
1026 5036 1263 5091 habebat
1303 5053 1455 5107 spem
1484 5038 1554 5094 de
1595 5039 1821 5103 futuris,
1858 5057 2011 5097 race-

437 5126 542 5179 mis
580 5125 942 5181 conlirmatus
980 5142 993 5177 :
1038 5130 1317 5197 specimen
1359 5141 1538 5185 autem
1573 5131 1890 5187 deliciarum
1923 5149 2011 5188 re-

435 5216 615 5286 gionis
651 5217 799 5272 illius
837 5233 1112 5272 racemum
1145 5220 1616 5298 ostendithquem
1660 5223 1714 5277 in
1765 5225 2015 5280 vectibus

435 5310 715 5364 attulerat.
749 5307 937 5365 Jesum
964 5326 1094 5365 vero
1119 5313 1351 5368 audiens
1382 5314 1528 5369 illius
1561 5322 1724 5370 terra:
1749 5316 2011 5372 indicium

439 5401 778 5467 facientem,
817 5412 872 5457 et
907 5419 1188 5457 racemum
1221 5421 1287 5458 ex
1332 5405 1481 5475 ligno
1510 5406 1868 5475 pendentem,
1904 5425 2013 5464 non

437 5489 719 5547 dubitabis
745 5494 881 5560 quin
918 5493 993 5548 sit
1031 5494 1164 5548 illud
1187 5494 1252 5547 ad
1285 5494 1430 5563 quod
1462 5494 1553 5550 ille
1590 5511 1809 5564 quoque
1837 5499 2014 5567 reSpi-

437 5583 588 5636 ciens
619 5583 965 5639 indubitabili
995 5600 1092 5653 spe
1113 5585 1525 5640 consolabatur.
1566 5587 1836 5643 Racernus
1866 5591 2009 5644 enim

436 5688 503 5725 ex
534 5676 682 5743 ligno
715 5676 1030 5746 dependens
1062 5679 1188 5747 quis
1221 5679 1362 5732 alius
1395 5679 1495 5732 erit
1558 5694 1722 5747 quam
1757 5681 1801 5736 is
1827 5683 1916 5752 qui
1953 5683 2006 5737 in

510 5850 733 5907 "Num.
764 5870 861 5921 xu,
901 5857 924 5909 1
960 5872 1114 5927 seqq.
1180 5859 1221 5890 ’τ
1258 5860 1414 5914 Rom.
1446 5876 1562 5925 xm,
1600 5860 1679 5912 li.

2113 4578 2272 4637 Οὗτοι
2302 4584 2345 4637 δ’
2373 4583 2438 4637 ἂν
2482 4578 2613 4647 εἷεν,
2661 4583 2804 4635 κατά
2843 4598 2906 4649 γε
2934 4580 3031 4651 τὴν
3073 4580 3209 4651 ἐμὴν
3235 4579 3479 4649 γνώμην,
3512 4582 3565 4635 οι
3594 4581 3694 4651 μὲν

2110 4672 2209 4735 τὰς
2235 4672 2444 4740 ἀγαθὰς
2477 4671 2695 4734 ἐλπίδας
2728 4671 3127 4743 προτείναντες,
3159 4672 3206 4722 οἱ
3230 4669 3318 4721 διὰ
3342 4670 3439 4739 τῆς
3460 4670 3694 4732 πίστεως

2114 4765 2453 4833 ἐγγινόμενοι
2491 4764 2762 4834 λογισμοὶ,
2803 4761 3150 4833 βεϐαιοῦντες
3179 4761 3288 4815 τῶν
3316 4761 3695 4830 ἀποκειμένων

2114 4854 2336 4923 ἀγαθῶν
2368 4855 2468 4925 τὴν
2499 4854 2688 4907 ἐλπίδα
2710 4871 2723 4884 ο
2758 4857 2805 4907 οἱ
2842 4854 2899 4907 δὲ
2926 4854 3239 4923 ἀπόγνωσιν
3266 4853 3373 4905 τῶν
3402 4854 3696 4925 χρηστοτέ-

2122 4962 2230 5016 ρων
2249 4944 2528 5008 ποιοῦντες
2553 4945 2803 5006 ἐλπίδων,
2832 4941 2939 4997 εἷεν
2963 4944 3027 4998 ἂν
3056 4946 3105 4997 οἱ
3135 4944 3282 5014 παρά
3297 4944 3393 4996 τοῦ
3453 4943 3695 4997 ἐναντίου

2118 5039 2386 5109 λογισμοὶ,
2430 5040 2478 5091 οἱ
2523 5038 2620 5109 τὴν
2665 5039 2844 5092 πίστιν
2876 5037 2984 5091 τῶν
3024 5036 3445 5106 ἐπηγγελμένων
3490 5035 3697 5105 ἀμϐλύ-

2119 5148 2322 5195 νοντες.
2352 5131 2491 5183 Ἀλλ’
2512 5130 2703 5183 οὐδένα
2735 5130 2843 5185 τῶν
2872 5130 3131 5183 ἐναντίων
3157 5129 3316 5196 λόγον
3347 5128 3692 5196 ποιούμενος,

2120 5222 2310 5276 πιστὸν
2332 5224 2543 5291 ἡγεῖται
2582 5220 2671 5273 τὸν
2695 5220 2765 5274 τὰ
2798 5220 3032 5292 κρείττω
3068 5219 3193 5291 περὶ
3218 5219 3315 5289 τῆς
3354 5217 3458 5286 γῆς
3487 5216 3696 5285 ἐκείνης

2117 5314 2605 5384 ἐπαγγελλόμενον.
2650 5312 2857 5381 Ἰησοῦς
2891 5311 2948 5365 δὲ
2975 5307 3042 5381 ἦν
3072 5314 3100 5364 ό
3126 5312 3223 5380 τῆς
3257 5309 3565 5381 κρείττονος
3599 5326 3696 5360 κα-

2116 5407 2395 5475 τασκοπῆς
2421 5404 2850 5475 καθηγούμενος,
2877 5406 2906 5457 6
2933 5406 2998 5473 τῇ
3026 5404 3154 5474 παρ’
3178 5401 3373 5455 ἑαυτοῦ
3406 5398 3696 5470 βεϐαιώσει

2116 5499 2177 5551 τὸ
2208 5498 2394 5553 πιστὸν
2419 5500 2532 5561 τοῖς
2557 5496 2985 5567 ἐπηγγελμένοις
3018 5494 3291 5564 παρέχων.
3325 5493 3467 5562 Πρὸς
3495 5491 3553 5543 ὃν
3578 5490 3693 5561 βλέ-

2119 5605 2235 5640 πων
2281 5588 2310 5639 6
2353 5588 2626 5656 Μωῦσῆς,
2675 5584 2893 5655 βεϐαίας
2940 5580 3051 5652 εἶχε
3089 5583 3186 5645 τὰς
3234 5582 3373 5652 ὑπὲρ
3415 5580 3523 5632 τῶν
3572 5579 3687 5647 μελ-

2118 5678 2315 5731 λόντων
2343 5677 2582 5744 ἐλπίδας,
2608 5676 2805 5748 δεῖγμα
2846 5681 2950 5749 τῆς
2988 5677 3103 5727 ἐκεῖ
3127 5673 3335 5744 τρυφῆς
3378 5671 3467 5723 τὸν
3503 5670 3695 5744 βὼρυν
