3888 6352
207 426 310 482 διδ

1561 444 1650 500 DE
1690 446 1852 506 VITA
1896 450 2040 506 ΜοΥ
2053 452 2156 508 SIS

3398 458 3503 515 414

213 545 564 618 ποιούμενος,
611 549 703 604 τὸν
742 551 828 606 ἐπ’
870 553 1188 628 ἀναφορέων
1227 561 1355 632 παρ’
1393 562 1557 619 αὑτοῦ
1589 570 1808 638 κομιζό·

1928 573 2238 630 ιονίεείωἰε
2290 573 2488 632 diebus
2543 592 2606 632 ex
2663 577 2814 649 ligno
2881 579 3142 650 pependit
3203 592 3498 637 racemus.

222 656 399 708 μενον.
430 641 648 709 Ἰησοῦν
678 643 735 696 δὲ
770 645 986 710 πάντως
1011 648 1228 704 ἀκούων
1259 654 1385 723 περὶ
1411 657 1508 726 τῆς
1539 657 1642 727 γῆς
1664 661 1809 713 ἐκεί-

219 747 314 802 νης
367 733 666 804 μηνύοντα,
709 737 804 790 καὶ
850 737 1048 812 βότρυν
1095 740 1269 807 ξύλων
1317 746 1806 820 ἀπαιωρούμενονο

218 826 358 888 νοεῖς
393 825 531 896 πρὸς
557 827 586 880 ὅ
614 844 667 880 τι
695 830 944 894 κάκεῖνος
975 829 1206 900 βλέπων,
1247 835 1494 908 ἀσφαλὴς
1529 843 1646 904 ταῖς
1669 840 1812 894 ἐλπί·

221 931 308 968 σιν
333 910 403 986 ἦν
427 933 440 946 ’
480 917 676 988 βότρυς
700 919 808 991 γὰρ
839 922 931 974 ἐπὶ
950 921 1102 988 ξύλου
1135 928 1501 998 κρεμάμενος,
1531 930 1615 994 τίς
1644 932 1809 996 ἄλλος

221 1005 340 1058 ἐστὶ
364 1007 516 1077 παρὰ
543 1009 633 1062 τὸν
655 1011 743 1062 ἐπ’
765 1012 1008 1082 ἐσχάτων
1035 1015 1143 1068 τῶν
1167 1018 1388 1088 ἡμερῶν
1417 1021 1509 1072 ἐπὶ
1532 1020 1625 1074 τοῦ
1652 1021 1808 1086 ξύλου

220 1099 606 1166 κρεμασθέντα
639 1103 860 1173 βότρυν,
887 1097 947 1156 οὑ
982 1106 1044 1159 τὸ
1075 1104 1215 1178 αἷμα
1252 1111 1416 1164 ποτὸν
1445 1114 1557 1175 τοῖς
1591 1114 1812 1168 πιστεύ-

1915 665 2076 735 cujus
2142 667 2369 736 sanguis
2420 675 2586 738 potus
2647 671 2719 726 sit
2771 671 3123 726 credentibus
3190 669 3503 726 salutaris?

1913 755 2098 828 Moyse
2127 758 2182 812 id
2211 759 2556 830 aenigmatice
2600 762 2760 818 nobis
2799 763 3172 832 praedicente:
3207 781 3226 813 ι
3261 759 3502 831 Sangui-

1915 861 2038 902 nem
2080 850 2248 915 enim,
2298 868 2314 900 ι
2361 851 2568 920 inquit,
2611 871 2630 905 ι
2672 869 2792 908 uva;
2820 855 3081 909 bibebant
3107 853 3324 907 vinum:
3357 869 3500 922 aqua

1914 955 1980 993 ex
2009 956 2066 995 re
2092 942 2353 998 salutaris
2381 945 2588 999 Christi
2615 947 2800 1016 passio
2837 946 3262 1016 praenuntiatum
3297 942 3504 999 Verum

1923 1031 2027 1084 iter
2060 1047 2255 1088 rursus
2297 1050 2392 1104 per
2419 1035 2637 1091 deserta
2670 1038 2730 1090 tit
2754 1075 2769 1100 ,
2802 1045 2856 1090 et
2896 1037 3110 1091 laborat
3144 1035 3238 1090 siti
3265 1035 3506 1105 populus

1919 1123 2014 1190 qui
2043 1127 2494 1194 repromissionis
2519 1127 2661 1183 bona
2691 1127 3022 1196 desperavit.

219 1204 342 1242 ουσι
377 1191 932 1286 γίνεται-σωτηριοη
983 1197 1154 1251 Τοῦτο
1181 1198 1274 1251 τοῦ
1307 1201 1588 1266 Μωῡσέως
1626 1205 1980 1273 προειπόντος
2029 1191 2159 1282 ἡμῖν
2223 1212 2290 1266 δι’
2331 1215 2674 1285 αἰνίγματος,
2734 1191 2816 1268 ac}
2845 1235 2864 1267 ε
2888 1210 3038 1286 Αἷμα
3068 1215 3342 1284 σταφυλῆς
3386 1213 3495 1265 5m-

217 1299 309 1377 νον
354 1277 567 1335 οἶνονοι
601 1283 668 1337 δι’
715 1281 774 1340 οὗ
814 1286 875 1340 τὸ
927 1290 1192 1360 σωτήριον
1228 1291 1399 1356 πάθος
1430 1296 1860 1364 καταμηνύεται.
1913 1303 2084 1356 Πάλιν
2141 1304 2228 1358 διὰ
2277 1304 2375 1375 τῆς
2429 1307 2636 1377 ἐρήμου
2686 1305 2825 1369 ὁδὸς,
2867 1305 2961 1359 καὶ
3007 1307 3400 1359 καταπονεῖται
3427 1301 3508 1374 τῷ

216 1370 360 1444 δίψει
384 1377 412 1429 ό
442 1375 550 1428 τῶν
579 1378 801 1446 ἀγαθῶν
830 1381 929 1452 τῆς
955 1385 1286 1453 ἐπαγγελίας
1317 1386 1622 1452 ἀπελπίσας
1651 1389 1803 1453 λαός.

307 1465 364 1517 '0
385 1464 440 1518 δέ
457 1467 698 1538 Μωῡσῆς
737 1469 894 1523 πάλιν
917 1472 1096 1537 αὑτοῖς
1119 1475 1446 1540 κατακλύζει
1480 1477 1569 1530 διὰ
1600 1479 1699 1548 τῆς
1722 1479 1818 1532 πέ-

217 1573 356 1627 τρας
378 1558 477 1628 τὴν
507 1557 730 1629 ἔρημον.
767 1561 825 1614 '0
846 1561 900 1614 δὲ
925 1563 1165 1629 τοιοῦτος
1196 1565 1371 1636 λόγος,
1399 1568 1557 1621 τοῦτο
1582 1569 1646 1623 ἂν
1670 1571 1816 1640 ἡμᾶς

217 1645 309 1698 διὰ
344 1646 446 1715 τῆς
497 1649 693 1720 νοητῆς
733 1647 967 1722 θεωρίας
1017 1651 1300 1718 διδάξειεν,
1331 1649 1442 1709 οἷόν
1480 1659 1595 1709 ἐστι
1621 1657 1681 1710 τὸ
1716 1657 1816 1728 τῆς

220 1737 511 1805 μετανοίας
539 1741 854 1811 μυστήριον.
881 1743 942 1794 0i
970 1743 1076 1814 γὰρ
1101 1745 1234 1816 πρὸς
1253 1747 1496 1818 γαστέρα
1521 1748 1614 1800 καὶ
1638 1749 1815 1820 σάρκα

217 1829 314 1882 καὶ
349 1829 448 1893 τὰς
481 1831 782 1900 Αἰγυπτίας
818 1835 1030 1904 ἡδονὰς,
1066 1837 1204 1906 μετά
1253 1839 1313 1892 τὸ
1347 1839 1490 1906 ἅπαξ
1513 1840 1812 1909 γεύσασθαι

216 1920 319 1990 τῆς
355 1923 583 1992 πέτρας»
620 1926 1090 1995 παρατραπέντες,
1127 1929 1203 2000 τῷ
1234 1929 1376 2001 λιμῷ
1411 1931 1637 1985 καὶτῶν
1670 1933 1815 2002 λογι-

219 2013 377 2082 σμῶν
437 2015 534 2085 τῆς
590 2015 698 2068 τῶν
724 2016 943 2086 ἀγαθῶν
992 2021 1279 2090 μετουσίας
1339 2023 1811 2088 καταδικάζονται.

231 2103 373 2156 Ἀλλ’
403 2103 547 2157 ἔστιν
580 2107 765 2172 αὐτοῖς
802 2107 964 2161 πάλιν
996 2111 1061 2162 ἐκ
1086 2113 1450 2182 μεταμελείας
1476 2115 1574 2186 τὴν
1605 2116 1811 2186 πέτραν

219 2197 424 2268 εὑρεῖν,
451 2197 516 2268 ἢν
547 2199 858 2264 κατέλιπον,
882 2202 975 2254 καὶ
1002 2203 1164 2255 πάλιν
1198 2205 1410 2268 ἑαυτοῖς
1435 2210 1816 2278 ἀναστομῶσαι

217 2287 320 2359 τὴν
365 2288 556 2356 φλέϐα,
620 2285 779 2342 πάλιν
833 2289 1212 2364 ἐμφορηθῆναι
1255 2296 1350 2349 τοῦ
1402 2297 1661 2366 νάματος,
1707 2298 1734 2350 ὃ
1782 2299 1814 2368 ἡ

219 2379 400 2452 πέτρα
453 2380 700 2435 ἐκδίδωσι
748 2381 826 2454 τῷ
855 2384 952 2455 τὴν
1001 2387 1355 2454 κατασκοπὴν
1405 2387 1577 2458 Ἰησοῦ
1620 2388 1816 2459 ἀληθε-

221 2474 421 2544 στέραν
446 2477 545 2545 τῆς
572 2473 678 2527 τῶν
712 2475 968 2528 ἐναντίων
995 2471 1132 2529 εἷναι
1158 2477 1526 2544 πιστεύσαντι,
1563 2480 1656 2532 καὶ
1683 2479 1819 2550 πρὸς

216 2565 309 2617 τὸν
353 2564 548 2636 βότρυν
603 2567 981 2632 ἀναϐλέποντι,
1014 2569 1104 2623 τὸν
1136 2570 1276 2640 ὑπὲρ
1305 2572 1460 2641 ἡμῶν
1506 2565 1648 2641 αἷμα
1690 2572 1818 2626 στά-

219 2653 410 2718 ξαντα,
441 2657 533 2708 καὶ
556 2656 912 2727 αἱμαχθέντα,
936 2657 1012 2730 τῷ
1035 2658 1193 2712 πάλιν
1212 2660 1394 2722 αὐτοῖς
1420 2660 1509 2713 διά
1536 2659 1630 2712 τοῦ
1657 2660 1816 2724 ξύλου

221 2747 408 2816 βρύειν
436 2749 531 2818 τὴν
561 2747 766 2818 πέτραν
810 2750 1298 2814 κατασκευάσαντι.
1351 2749 1489 2802 Ἀλλ’
1514 2749 1668 2803 οὑπω
1698 2750 1818 2804 κατ’

1997 1477 2211 1550 Moyses
2241 1498 2368 1537 vero
2401 1499 2597 1539 rursus
2637 1499 2734 1554 per
2769 1484 3005 1555 lapidem
3049 1485 3319 1540 inundare
3350 1487 3510 1556 aquis

1924 1585 2170 1626 eremum
2213 1573 2340 1627 fecit
2367 1591 2382 1640 ;
2415 1590 2538 1644 qua:
2566 1589 2657 1629 res
2687 1584 2953 1645 quantum
2986 1574 3258 1645 qualeque
3292 1574 3364 1630 sit
3391 1591 3511 1644 pm-

1927 1649 2168 1720 nitentizn
2199 1675 2609 1721 sacramentum
2633 1707 2649 1732 ,
2695 1667 2874 1722 docet.
2911 1667 3048 1722 Nam
3087 1669 3181 1738 qui
3215 1677 3503 1738 postquam

1923 1753 2089 1806 semel
2123 1768 2152 1808 e
2178 1760 2329 1823 petra
2372 1755 2655 1820 biberant,
2699 1757 2766 1811 ad
2804 1766 3049 1812 ventrem
3090 1768 3144 1812 et
3174 1773 3374 1815 carnes
3403 1799 3418 1822 ,
3453 1769 3510 1814 et

1921 1843 2207 1915 IEgyptias
2235 1847 2546 1917 voluptates
2582 1848 2719 1918 lapsi
2750 1848 3060 1909 sunt,l'ame
3091 1863 3156 1903 ac
3187 1851 3503 1918 privatione

1918 1937 2360 2006 participationis
2397 1939 2666 1993 bonorum
2708 1939 3066 1994 damnantur.
3107 1938 3505 1995 Verumtamen

1919 2036 2152 2098 possunt
2185 2045 2380 2085 rursus
2407 2046 2571 2104 quam
2606 2031 3022 2102 dereliquerunt
3057 2039 3268 2102 petram
3291 2074 3307 2099 ,
3341 2034 3512 2102 paeni-

1919 2121 2103 2174 tentiae
2124 2122 2387 2176 beneﬁcio
2407 2124 2672 2192 reperire,
2691 2139 2756 2178 ac
2777 2124 2958 2178 fontes
2983 2139 3124 2194 quos
3141 2125 3510 2194 delinquendo

1919 2213 2286 2276 obturarunt,
2321 2215 2426 2269 sibi
2477 2229 2726 2270 reserare
2757 2223 2814 2270 et
2844 2214 3066 2270 ﬂuentis
3111 2214 3350 2285 expleri,
3386 2230 3512 2285 qua:

1919 2303 2204 2374 profundit
2236 2305 2312 2360 illi
2367 2317 2542 2376 petra,
2577 2307 2674 2377 qui
2710 2306 2980 2362 veriorem
3011 2305 3164 2370 Jesu,
3198 2322 3362 2376 quam
3398 2307 3500 2360 ad-

1918 2398 2290 2452 versariorum
2323 2399 2758 2466 explorationem
2790 2397 3029 2454 credidit
3068 2418 3081 2453 :
3117 2409 3281 2468 atque
3315 2397 3384 2453 ad
3417 2413 3508 2451 ra-

1920 2502 2135 2542 cemum
2157 2489 2422 2558 respicit,
2460 2489 2552 2559 qui
2588 2505 2686 2560 pro
2723 2489 2881 2544 nobis
2915 2489 3238 2560 sanguinem
3261 2489 3510 2553 stillavit,

1919 2587 1974 2634 et
2022 2588 2344 2635 cruentatus
2378 2589 2497 2644 est,
2539 2583 2746 2651 quique
2791 2592 2849 2635 ut
2889 2596 3086 2635 rursus
3141 2596 3237 2649 per
3291 2581 3504 2650 lignum

1913 2666 2204 2721 scaturiret
2213 2677 2364 2736 petra
2374 2667 2570 2725 ell‘ecit.
2583 2667 2782 2723 Verum
2795 2665 3020 2734 populus
3033 2663 3264 2718 nondum
3283 2666 3499 2735 vestigia

1920 2754 2093 2826 Moysi
2131 2763 2278 2810 recte
2327 2757 2484 2826 sequi
2538 2756 2775 2821 didicit,
2821 2755 2914 2811 sed
2947 2756 3014 2810 ad
3051 2755 3284 2810 serviles
3325 2755 3508 2808 adhuc

221 2839 369 2907 ἴχνος
399 2837 626 2890 ἕπεσθαι
671 2841 738 2908 τῇ
785 2839 1130 2909 μεγαλοφυΐᾳ
1159 2841 1401 2903 Μωσέως
1444 2841 1473 2894 ὁ
1515 2841 1641 2904 λαὸς
1666 2843 1822 2896 ἐπαι-

1928 2845 2109 2914 lapsus
2152 2846 2520 2915 cupiditates,
2578 2846 2868 2918 .Egyptias
2915 2848 3124 2917 expetit
3175 2848 3508 2918 voluptates.

219 2928 416 2999 δεύθη’
471 2928 553 2982 ἔτι
607 2929 664 2983 δέ
718 2929 854 3001 πρὸς
895 2931 992 2994 τὰς
1032 2931 1463 3002 ἀνδραποδώδεις
1527 2931 1822 3002 ἐπιθυμίας

1928 2935 2038 3001 Qua
2073 2953 2138 2991 ex
2183 2952 2242 2991 re
2282 2937 2515 2992 historia
2560 2939 2802 2993 clamare
2843 2939 3080 3001 videtur,
3133 2937 3353 2992 labilem
3387 2953 3513 2994 esse

221 3022 572 3088 καθέλκεται,
614 3025 708 3076 καὶ
755 3023 891 3096 πρὸς
923 3024 1022 3087 τὰς
1046 3026 1350 3094 Αἰγυπτίας
1376 3026 1570 3097 ἡδονὰς
1610 3025 1822 3080 ἐπικλί-

1928 3028 2162 3082 maxime
2196 3028 2260 3082 ad
2320 3029 2635 3099 lmjusmodi
2689 3031 2822 3084 vitia
2878 3039 3130 3085 naturam
3175 3032 3512 3099 humanam,

218 3130 400 3169 νεται.
449 3113 697 3167 Δείκνυσι
731 3113 786 3168 δέ
827 3133 941 3179 πως
1001 3115 1088 3168 διὰ
1128 3117 1332 3170 τούτων
1373 3119 1406 3188 ὴ
1451 3118 1680 3188 ίστορία,
1738 3119 1820 3172 ὅτι

1928 3119 2184 3189 milleque
2224 3123 2400 3176 modis
2433 3122 2718 3177 seductam
2755 3124 2819 3177 ad
2855 3139 2920 3179 ea
2951 3125 3170 3180 cadere.
3206 3123 3390 3191 Quare
3420 3141 3516 3196 pe-

223 3205 364 3276 πρὸς
395 3205 454 3258 τὸ
486 3205 722 3259 τοιοῦτον
763 3208 930 3270 πάθος
959 3208 1178 3261 πάντων
1215 3209 1452 3278 μάλιστα
1501 3209 1824 3281 κατωφερὴς

221 3299 258 3368 ἡ
287 3297 608 3368 ἀνθρωπίνη
661 3297 822 3367 φύσις
869 3301 1008 3364 ἐστὶ,
1054 3300 1278 3371 μυρίαις
1321 3301 1458 3364 ὁδοῖς
1501 3303 1823 3373 ὑπαγομένη

219 3393 292 3462 τῇ
341 3391 506 3462 νόσῳ.
557 3393 667 3456 Διὸ,
710 3393 958 3466 καθάπερ
981 3411 1066 3457 τις
1107 3393 1308 3465 ἰατρὸς,
1344 3395 1478 3466 πρὸς
1513 3394 1571 3448 τὸ
1599 3397 1828 3467 ἐπικρα-

218 3481 352 3536 τοῦν
405 3484 492 3536 ἀεὶ
537 3483 706 3548 πάθος
761 3484 848 3538 διὰ
893 3486 992 3556 τῆς
1035 3484 1230 3555 τέχνης
1269 3487 1577 3556 ἱστάμενος,
1624 3488 1726 3540 οὐκ
1762 3488 1826 3559 ἐᾷ

221 3574 351 3626 κατ’
383 3574 562 3627 αὐτῶν
615 3575 963 3629 δυναστεύειν
1019 3577 1182 3648 μέχρι
1218 3576 1452 3630 θανάτου
1505 3578 1602 3649 τὴν
1646 3578 1823 3633 νόσον.

225 3665 354 3728 Τοῖς
417 3667 515 3737 μὲν
569 3667 675 3737 γὰρ
725 3668 757 3737 ἠ
807 3668 914 3720 τῶν
969 3669 1186 3721 ἀτόπων
1222 3667 1485 3738 ἐπιθυμία
1510 3671 1634 3733 τοὺς
1675 3667 1827 3738 ὄφεις

225 3757 408 3812 ἔτικτε
435 3777 448 3790 ·
481 3758 540 3812 τὸ
570 3759 625 3812 δὲ
657 3760 783 3832 παρ’
813 3759 990 3812 αὑτῶν
1013 3761 1216 3831 δῆγμα,
1252 3761 1622 3832 θανατηφόρον
1653 3762 1827 3831 ἐπῆγε

223 3853 322 3906 τὸν
357 3851 436 3904 ίδν
458 3854 570 3916 τοῖς
591 3853 880 3923 ἀμυχθεῖσι
909 3849 986 3924 τῷ
1020 3853 1259 3924 δήγματι
1284 3868 1297 3882 ’
1324 3856 1352 3908 ό
1385 3853 1439 3907 δὲ
1464 3855 1635 3925 μέγας
1665 3871 1826 3926 νομο-

228 3941 400 4012 θέτης
453 3942 627 4011 ὅφεως
672 3943 800 3996 εῖδει
843 3945 940 4014 τὴν
989 3944 1218 4015 δύναμιν
1252 3943 1360 3997 τῶν
1393 3945 1536 3999 κατά
1568 3946 1826 4017 ἀλήθειαν

229 4035 438 4105 θηρίων
461 4036 752 4106 ἠχρείωσε.
775 4036 976 4108 Καιρὸς
998 4037 1044 4090 δ’
1079 4037 1144 4091 ἂν
1167 4039 1272 4109 εἴη,
1310 4039 1640 4110 σαφέστερον
1664 4041 1828 4092 ἐκκα-

229 4126 400 4196 λύψαι
422 4127 482 4180 τὸ
507 4127 753 4199 αίνιγμαο
793 4129 885 4181 Ἓν
916 4146 965 4182 τι
998 4129 1107 4183 τῶν
1134 4131 1384 4200 πονηρῶν
1414 4130 1616 4184 τούτων
1649 4131 1828 4200 παθη-

235 4221 427 4293 μάθων
487 4222 630 4275 ἐστὶν
669 4220 1101 4293 ἀλεξητήριον,ὴ
1135 4223 1224 4276 διὰ
1251 4222 1344 4276 τοῦ
1392 4223 1692 4294 μυστηρίου
1727 4223 1828 4294 τῆς

232 4311 520 4376 εὐσεϐείας
559 4313 817 4384 γινομένη
851 4315 957 4367 τῶν
988 4314 1177 4384 ψυχῶν
1203 4317 1237 4388 ἡ
1249 4315 1362 4386 μῶν
1393 4316 1678 4387 κάθαρσις.
1713 4318 1826 4370 Κε-

233 4406 467 4476 φάλαιον
496 4405 550 4458 δὲ
600 4404 708 4458 τῶν
755 4408 813 4460 ἐν
847 4405 923 4476 τῷ
961 4407 1244 4480 μυστηρίῳ
1289 4408 1757 4478 πεπιστευμένων,
1793 4411 1826 4480 ή

1930 3211 2036 3264 rito
2073 3211 2286 3266 medico
2323 3215 2481 3268 nobis
2515 3233 2654 3284 opus
2684 3224 2854 3279 esset,
2911 3218 3027 3286 qui,
3085 3217 3231 3271 sicut
3261 3217 3511 3289 Moyses,

1927 3302 2228 3357 artificiose
2261 3305 2527 3360 adversus
2564 3307 2846 3361 victricem
2900 3308 3237 3379 voluptatem
3290 3324 3509 3377 semper

1927 3393 2221 3458 resistens,
2258 3410 2364 3449 non
2390 3395 2664 3467 permittat
2693 3408 2751 3452 ut
2783 3401 2850 3453 ad
2888 3408 3120 3453 mortem
3153 3415 3330 3468 usque
3362 3413 3514 3453 mor-

1925 3485 2030 3541 bus
2059 3486 2314 3542 homines
2347 3489 2629 3544 detrudat.
2655 3489 2788 3542 Nam
2825 3491 2912 3547 his
2940 3493 3162 3562 quidem
3195 3492 3514 3546 illicitarum

1926 3588 2112 3628 rerum
2173 3577 2450 3644 cupiditas
2513 3587 2800 3648 serpentes
2857 3581 3230 3648 immittebat;
3291 3596 3515 3635 morsus

1927 3673 2076 3726 enim
2120 3686 2314 3726 eorum
2364 3673 2511 3727 letali
2555 3675 2778 3731 vulnere
2817 3673 3046 3728 feriebat
3083 3690 3201 3740 eos,
3235 3675 3328 3744 qui
3366 3676 3518 3743 ejus-

1928 3765 2078 3818 modi
2129 3781 2317 3827 morsu
2358 3767 2760 3836 pungebantur.
2805 3765 2874 3820 At
2912 3781 3041 3822 vero
3081 3767 3367 3837 legislator
3401 3782 3519 3822 ser-

1929 3858 2110 3925 pontis
2146 3858 2330 3926 specie
2355 3875 2608 3912 verorum
2643 3868 2963 3926 serpentum
2997 3860 3104 3913 vim
3137 3860 3370 3929 expulit.
3408 3858 3516 3914 Sed

1893 3956 2144 4018 itetnpus
2186 3957 2271 4002 est
2323 3959 2382 4003 ut
2427 3951 2575 4004 clare
2630 3951 2682 4005 id
2729 3965 3094 4021 exponamus.
3153 3951 3336 4006 linum
3385 3966 3518 4022 ergo

1927 4045 2118 4092 contra
2149 4038 2247 4092 hos
2269 4039 2560 4108 pestiferos
2590 4042 2913 4108 cupiditatis
2945 4042 3171 4098 morbos
3201 4042 3514 4097 antidotum

1929 4137 2037 4192 est,
2079 4131 2380 4186 mundities
2425 4133 2596 4186 animi
2643 4132 2863 4203 pietatis
2908 4132 3172 4202 mysterio
3217 4133 3516 4187 celebrata.

1927 4217 2106 4288 Caput
2137 4228 2320 4275 autem
2351 4221 2597 4274 omnium
2631 4237 2753 4290 quae
2796 4223 2850 4275 in
2881 4221 2984 4275 hoc
3021 4223 3353 4277 Christiana:
3391 4239 3522 4293 pro-

1928 4309 2192 4367 fessionis
2216 4313 2478 4383 mysterio
2497 4312 2798 4380 credimus,
2823 4323 2909 4367 est
2942 4313 3095 4367 firma
3132 4322 3391 4383 rectaque
3416 4313 3521 4368 [ide

1930 4405 1985 4458 in
2019 4406 2332 4476 passionem
2364 4406 2511 4460 illius
2540 4407 2837 4474 respicere,
2867 4406 2961 4475 qui
2995 4420 3094 4476 pro
3122 4405 3285 4461 nobis
3317 4420 3519 4474 passus

235 4495 321 4557 είς
370 4493 433 4546 τὸ
464 4493 635 4558 πάθος
681 4496 828 4549 ἐστὶν
871 4497 1171 4566 ἀπόϐλεψις
1207 4496 1301 4550 τοῦ
1347 4497 1486 4570 ὑπὲρ
1516 4497 1674 4568 ήμῶν
1700 4499 1822 4554 ἀνα-

1936 4506 2054 4564 est;
2089 4513 2225 4551 crux
2260 4513 2391 4551 vero
2423 4498 2609 4568 passio
2639 4497 2762 4565 ejus
2790 4497 2893 4551 fuit
2919 4515 2932 4550 :
2963 4512 3134 4566 quare
3167 4496 3262 4567 qui
3294 4511 3519 4550 crucem

235 4585 539 4658 δεξαμένου
568 4589 628 4641 τὸ
657 4589 844 4652 πάθος.
872 4589 1111 4659 Σταυρὸς
1137 4589 1192 4642 δὲ
1215 4588 1274 4642 τὸ
1302 4589 1472 4652 πάθος
1493 4589 1661 4643 ἐστίν·
1691 4588 1832 4642 ὥστε

234 4680 332 4734 τὸν
381 4680 517 4751 πρὸς
550 4681 709 4734 αὑτὸν
737 4680 1024 4752 βλέποντα,
1072 4681 1256 4745 καθὼς
1281 4683 1569 4752 ὑφηγεῖται
1601 4683 1630 4734 ό
1654 4681 1831 4750 λόγος,

240 4771 352 4825 ὑπὸ
388 4773 482 4826 τοῦ
540 4773 618 4826 ἰοῦ
678 4774 776 4844 τῆς
831 4773 1122 4845 ἐπιθυμίας
1161 4775 1235 4844 μὴ
1267 4773 1618 4844 βλάπτεσθαι.
1655 4771 1727 4826 Τὸ
1774 4774 1832 4826 δὲ

240 4865 383 4936 πρὸς
411 4866 501 4918 τὸν
531 4867 763 4936 σταυρὸν
794 4865 1030 4936 βλέπειν,
1076 4865 1238 4918 τοῦτό
1275 4867 1414 4930 ἐστι,
1443 4865 1504 4918 τὸ
1535 4867 1716 4919 πάντα
1741 4865 1832 4918 τὸν

241 4955 438 5010 ἑαυτοῦ
472 4956 582 5027 βίον
613 4956 688 5019 ὡς
719 4941 916 5028 νεκρὸν
947 4957 1024 5027 τῷ
1057 4957 1246 5028 κόσμῳ
1281 4957 1375 5010 καὶ
1419 4954 1832 5027 ἐσταυρωμένον

243 5048 493 5118 ποιῆσαι,
530 5049 666 5120 πρὸς
693 5051 870 5102 πᾶσαν
898 5049 1171 5120 ἁμαρτίαν
1200 5050 1454 5120 ἀκίνητον
1470 5046 1618 5111 ὄντα,
1652 5045 1834 5110 καθώς

244 5135 413 5210 φησιν
460 5142 490 5194 ό
531 5141 847 5213 Προφήτης,
905 5141 1248 5213 καθηλοῦντα
1279 5139 1358 5212 τῷ
1391 5139 1520 5210 θείῳ
1559 5138 1710 5209 φόϐῳ
1734 5137 1834 5202 τὰς

247 5232 386 5296 ἰδίας
439 5228 855 5304 σάρκας.Ἧλος
907 5233 952 5287 δ’
1008 5233 1075 5287 ἂν
1109 5234 1198 5303 εἴη
1247 5231 1462 5302 σαρκῶν
1489 5229 1833 5294 καθεκτικὸς,

243 5327 281 5394 ἡ
323 5325 640 5396 ἐγκράτεια.
673 5324 824 5376 Ἐπεὶ
849 5320 943 5377 οὖν
976 5326 1008 5396 ἡ
1041 5323 1150 5376 τῶν
1179 5323 1396 5375 ἀτόπων
1423 5319 1689 5390 ἐπιθυμία
1710 5320 1835 5384 τοὺς

247 5413 662 5486 θανατηφόρους
695 5415 846 5484 ὄφεις
877 5417 942 5469 ἐκ
969 5417 1068 5486 τῆς
1099 5417 1205 5485 γῆς
1239 5415 1535 5468 ἐπισπᾶται
1571 5413 1708 5486 (πᾶν.
1733 5414 1838 5486 γὰρ

243 5505 350 5578 τῆς
380 5508 621 5578 πονηρᾶς
657 5507 952 5577 ἐπιθυμίας
998 5506 1240 5576 ἔγγονον,
1285 5506 1408 5576 ὄφις
1457 5506 1620 5575 ἐστὶ),
1650 5505 1838 5559 τούτου

247 5599 410 5671 χάριν
442 5599 821 5670 προδείκνυσιν
847 5601 875 5652 ό
896 5599 1057 5669 νόμος
1088 5601 1218 5670 ἡμῖν
1250 5598 1311 5652 τὸ
1335 5599 1428 5652 ἐπὶ
1463 5596 1621 5662 ξύλου
1654 5598 1840 5668 φαινό-

249 5708 446 5762 μενον·
497 5692 658 5746 τοῦτο
708 5691 764 5744 δέ
829 5693 975 5745 ἐστιν
1017 5692 1270 5762 ὁμοίωμα
1338 5691 1535 5761 ὄφεως,
1585 5691 1678 5744 καὶ
1718 5691 1839 5761 οὐχὶ

323 5869 369 5900 ’⁸
400 5865 556 5925 Dent.
593 5885 765 5932 χχιιι,
801 5869 883 5923 ιι.
956 5871 998 5900 ⁷³
1025 5867 1177 5923 Rom.
1203 5883 1284 5936 ιιι,
1321 5868 1374 5922 8.

1937 4587 2201 4656 respicit,
2233 4595 2291 4640 ut
2330 4586 2564 4640 historia
2600 4587 2870 4648 hortatur,
2907 4587 2956 4640 ei
2993 4601 3265 4640 venenum
3307 4583 3524 4654 cupidi-

1935 4687 2108 4733 talum
2132 4678 2330 4733 obesse
2363 4694 2470 4732 non
2499 4686 2700 4749 potest.
2733 4678 2968 4734 Crucem
3000 4689 3184 4734 autem
3221 4679 3520 4750 respicere,

1934 4773 2073 4826 nihil
2101 4772 2249 4826 aliud
2274 4781 2379 4835 est,
2413 4788 2578 4842 quam
2606 4781 2665 4825 ut
2695 4772 2824 4826 huic
2857 4770 3064 4826 mundo
3085 4771 3245 4842 quasi
3273 4778 3523 4825 mortuos

1935 4880 2001 4918 ac
2028 4863 2326 4920 crucifixus
2360 4881 2459 4920 nos
2489 4865 2853 4935 praebeamus,
2901 4863 3036 4919 lixos
3071 4864 3126 4918 in
3161 4865 3386 4930 virtute,
3417 4862 3521 4916 im-

1938 4956 2167 5012 mobiles
2189 4955 2616 5024 adpeccanzinm,
2635 4952 2829 5019 Dei,ut
2861 4955 2938 5008 ait
2969 4953 3289 5021 Psalmista,
3328 4953 3526 5007 timore

1935 5049 2097 5120 quasi
2156 5049 2313 5101 clavo
2370 5063 2593 5102 carnem
2652 5055 2900 5102 nostraet
2955 5046 3266 5115 inligentes.
3319 5043 3524 5099 Clavus

1937 5151 2118 5196 autem
2164 5140 2260 5210 qui
2310 5155 2532 5195 carnem
2583 5139 2728 5193 hanc
2766 5139 2987 5206 retinet,
3035 5137 3376 5193 continentia
3415 5143 3520 5190 est.

1936 5232 2208 5299 Quoniam
2252 5231 2419 5302 igitur
2453 5247 2620 5302 prava
2661 5230 2938 5300 cupiditas
2975 5226 3290 5284 mortiferos
3315 5241 3346 5281 e
3373 5233 3522 5281 terra

1937 5324 2095 5378 nobis
2138 5331 2420 5394 serpentes
2453 5323 2696 5376 immittit
2726 5319 3028 5393 (quidquid
3061 5319 3206 5374 cnim
3247 5333 3314 5372 ex
3353 5330 3522 5386 prava

1937 5417 2236 5488 cupiditate
2275 5417 2546 5475 nascitur.
2589 5429 2822 5484 serpens
2855 5412 3000 5482 est),
3029 5411 3240 5465 idcirco
3273 5410 3388 5480 jam
3426 5407 3522 5463 diu

1937 5511 2023 5565 lex
2062 5508 2371 5563 antidotum
2417 5509 2580 5562 nobis
2615 5506 2669 5561 in
2713 5505 2862 5575 ligno
2905 5501 3254 5557 tnonstravit.
3299 5499 3359 5555 Id
3391 5515 3526 5554 vero

1936 5601 2209 5670 serpentis
2253 5607 2338 5655 est
2386 5599 2742 5654 simulacrum
2771 5635 2787 5660 ,
2830 5611 2940 5650 non
2977 5608 3206 5664 serpens
3235 5631 3254 5660 ,
3292 5591 3438 5647 sicut
3470 5598 3526 5646 et

1938 5691 2140 5748 Paulus
2182 5691 2344 5758 dicit,
2390 5709 2408 5742 ι
2445 5691 2500 5744 In
2539 5687 2900 5744 similitudine
2929 5686 3114 5743 carnis
3141 5685 3350 5758 peccati
3369 5681 3457 5744 ";
3497 5699 3518 5734 ι
