3888 6356
455 380 554 437 ΗΒ

1681 384 1739 440 S.
1773 386 2099 443 CHEGURII
2129 388 2425 445 NYSSENI

3611 384 3710 441 “6

457 511 623 552 verus
649 495 793 550 enim
838 507 1065 563 serpens
1108 499 1392 562 peccatum
1428 500 1513 547 est
1550 510 1565 547 :
1597 502 1650 547 et
1677 496 1768 563 qui
1802 495 1867 548 ad
1901 510 2028 565 pec-

2150 497 2282 567 icng-
2316 498 2495 562 καθὼς
2529 500 2619 552 καὶ
2649 500 2676 551 6
2711 500 2851 562 θεῖος
2879 496 3086 561 [lauit/1;
3120 515 3305 569 φησιν,
3345 518 3364 551 ι
3398 499 3488 552 Ἐν
3516 500 3709 569 ὁμοιώ-

460 593 649 641 catum
684 583 1013 653 transfugit,
1062 583 1429 651 serpentinam
1466 583 1715 637 induitur
1754 592 2027 639 naturam.

460 678 541 731 Ab
572 677 675 731 hoc
712 675 878 745 igitur
911 680 1139 744 peccato
1180 682 1235 728 et
1268 673 1445 729 adhuc
1482 674 1801 745 serpentina
1837 683 2033 729 natura

458 770 622 822 hmno
654 783 749 836 per
779 768 931 819 illum
965 766 1247 828 liberatur,
1280 766 1375 835 qui
1408 768 1875 836 peccatispeci‘em
1900 767 2034 822 sub-

458 861 557 925 iit,
611 859 706 929 qui
778 856 959 913 factus
1005 868 1089 912 est
1140 856 1442 912 secundum
1496 871 1629 921 nos,
1675 858 1768 927 qui
1812 856 1879 911 ad
1909 873 2032 928 spe-

458 951 601 1005 ciem
644 950 921 1020 serpentis
965 947 1219 1003 conversi
1254 962 1449 1002 sumus
1496 967 1508 1002 :
1547 964 1644 1018 per
1688 962 1849 1018 quem
1885 963 2035 1004 mors

458 1042 780 1112 prohibetur
822 1056 851 1095 a
900 1038 1178 1096 morsibus
1225 1040 1541 1106 inferenda,
1598 1042 1691 1095 sed
1731 1042 1863 1111 ipsa;
1908 1042 2037 1097 ferae

461 1150 571 1188 non
621 1134 983 1188 destruuntur
1036 1150 1051 1187 :
1114 1132 1257 1187 feras
1298 1140 1480 1186 autem
1526 1132 1651 1186 dico
1706 1134 2036 1203 cupiditates

459 1225 609 1295 ipsas
626 1239 843 1293 pravas.
870 1224 1003 1277 Nam
1024 1225 1067 1278 si
1100 1238 1264 1293 prava
1294 1224 1634 1292 peccantium
1656 1239 1806 1280 mors
1830 1225 2034 1279 nullam

457 1316 658 1370 haheat
692 1315 748 1369 in
788 1315 911 1370 illos
942 1316 1049 1369 vim
1090 1315 1183 1386 qui
1220 1329 1438 1368 crucem
1470 1315 1808 1384 respiciunt,
1850 1316 2038 1372 carnis

460 1417 643 1461 tamen
674 1408 937 1479 adversus
961 1406 1213 1475 spiritmn
1245 1406 1434 1460 innata
1463 1405 1738 1476 cupiditas
1775 1421 1886 1459 non
1916 1420 2037 1460 om.

461 1498 593 1552 nino
637 1497 914 1553 destructa
965 1505 1069 1555 est.
1127 1496 1427 1567 lnsurgunt
1486 1499 1632 1552 enim
1680 1504 1735 1553 et
1788 1496 2041 1553 ﬁdelibus

462 1605 840 1659 saapenumero
870 1588 1189 1660 cupiditatis
1228 1604 1469 1654 morsus,
1499 1604 1639 1660 quos
1668 1589 1735 1644 ad
1766 1589 2040 1645 sublatum

464 1678 518 1732 in
564 1681 710 1749 ligno
770 1680 1133 1750 respicientes
1187 1680 1480 1750 repellunt,
1536 1682 1731 1737 timore
1782 1682 2040 1753 praecepti

463 1771 621 1838 quasi
653 1771 901 1825 antidoto
924 1772 1029 1825 vim
1066 1772 1261 1828 veneni
1291 1771 1650 1842 dissipantes.

533 2037 690 2105 Quod
746 2048 927 2094 autem
970 2040 1287 2111 mysterium
1335 2040 1519 2097 crucis
1561 2040 1871 2097 sublatione
1919 2056 2037 2097 ser-

464 2131 644 2198 pentis
691 2131 744 2184 in
790 2130 1010 2185 deserto
1059 2132 1413 2201 ﬁgurabatur,
1466 2142 1657 2203 aperte
1699 2150 1803 2190 nos
1847 2134 2037 2189 docuit

464 2221 702 2285 Veritas,
733 2239 857 2278 cum
878 2224 1011 2278 dicit
1042 2241 1055 2277 :
1091 2242 1111 2277 ‹
1136 2224 1200 2280 Ει
1230 2226 1376 2281 sicut
1403 2226 1618 2298 Moyses
1639 2229 1899 2297 exaltavit
1922 2243 2039 2284 ser-

465 2323 678 2384 pontem
731 2316 784 2370 in
835 2317 1088 2381 deserto,
1134 2318 1215 2373 sic
1260 2317 1459 2373 Filium
1519 2321 1753 2375 hominis
1810 2320 2037 2375 exaltari

464 2406 739 2473 oportet“
768 2449 785 2462 .
823 2424 841 2457 ι
880 2404 986 2461 Sed
1018 2406 1215 2461 iterum
1253 2416 1415 2477 atque
1446 2408 1639 2464 iterum
1674 2412 1881 2479 peccati
1915 2425 2041 2480 pro-

466 2496 725 2562 tervitas,
754 2497 911 2566 quasi
960 2497 1101 2552 serie
1142 2499 1397 2567 quadam,
1437 2514 1539 2553 usu
1577 2499 1645 2554 ab
1671 2501 1796 2555 aliis
1832 2502 1897 2555 ad
1935 2502 2039 2554 alia

467 2588 795 2658 prorumpit,
824 2597 877 2642 et
900 2589 1177 2659 legislator
1206 2600 1263 2644 ut
1288 2591 1532 2661 optimus
1552 2592 1773 2661 quidam
1798 2593 2040 2649 medicus

465 2678 533 2732 ad
573 2680 886 2733 morborum
922 2695 1121 2750 genera
1161 2696 1351 2735 curam
1394 2682 1554 2737 habet
1604 2694 1870 2752 paratam.
1903 2684 2039 2739 Nam

464 2785 589 2822 cum
620 2781 933 2840 serpentum
963 2787 1180 2827 morsus
1203 2773 1336 2826 nihil
1371 2774 1498 2827 mali
1524 2776 1758 2844 amplius
1786 2775 2043 2833 afferebat

467 2860 520 2912 in
580 2862 850 2929 serpentis
925 2864 1282 2917 simulacrum
1355 2867 1824 2936 respicientibus,
1894 2869 2040 2938 quod

467 2951 697 3020 aenigma
726 2952 837 3020 jam
875 2954 1012 3009 satis
1045 2956 1209 3010 dictis
1242 2957 1563 3027 intelligitur
1599 3007 1610 3016 .
1648 2962 1754 3014 alia
1783 2962 2041 3030 peccandi

469 3041 554 3092 via
599 3039 776 3105 hosti,
823 3043 918 3110 qui
958 3042 1220 3098 adversus
1255 3061 1358 3099 nos
1405 3062 1620 3116 semper
1662 3051 1956 3104 meditatur
1981 3067 2044 3105 ac

469 3132 692 3201 cogitat,
725 3131 945 3187 inventa
988 3144 1091 3198 est,
1121 3153 1243 3206 qua:
1270 3139 1476 3193 nostris
1515 3143 1856 3211 temporibus
1887 3143 2041 3197 latis-

468 3221 607 3276 sime
632 3236 851 3289 quoque
894 3230 1061 3292 patet.
1111 3222 1245 3277 Nam
1291 3234 1647 3295 posteaquam
1684 3228 1907 3282 morbus
1941 3227 2045 3283 iste

470 3310 792 3378 cupiditatis
818 3313 1151 3368 modestiore
1174 3315 1279 3368 vita
1311 3315 1664 3379 deferbuerit,
1705 3319 1769 3369 ad
1797 3319 2050 3371 sacerdo-

472 3403 609 3455 tium
653 3404 987 3474 irrumpnnt,
1018 3405 1274 3460 humanis
1294 3407 1586 3477 sutl‘ragiis,
1630 3406 2049 3479 imperiosisque

471 3495 913 3550 ordinationibus
962 3496 1433 3566 dispensntionem
1478 3499 1570 3575 [ξςί
1621 3502 2044 3569 vituperantes:

474 3586 548 3641 ita
570 3586 820 3643 homines
854 3588 901 3642 si
935 3604 1042 3643 uno
1067 3591 1327 3660 peccandi
1356 3568 1533 3647 modtSJ
1554 3608 1661 3647 non
1688 3594 1909 3659 vicerit,
1942 3595 2050 3649 al‘o

473 3678 826 3735 adversarius
866 3691 1053 3737 noster
1088 3691 1323 3738 conatur
1360 3684 1618 3754 dejicere.
1652 3684 1933 3739 Vexantnr
1962 3702 2051 3741 es-

473 3785 661 3825 carum
686 3769 908 3843 Egypti
933 3775 1265 3845 cupiditate,
1309 3776 1455 3831 unde
1492 3786 1777 3848 serpentes
1816 3778 2049 3833 immissi

475 3873 603 3920 sunt
639 3880 652 3917 :
701 3866 999 3923 simulacro
1032 3869 1321 3937 pendentis
1357 3872 1631 3938 serpentis
1667 3885 1731 3924 ex
1780 3870 1927 3940 ligno
1958 3885 2053 3924 su-

478 3970 741 4030 perantur
776 3981 789 4015 :
826 3962 899 4014 ita
930 3962 1180 4015 cruciﬁxi
1216 3962 1352 4016 lides
1385 3963 1470 4015 vel
1508 3963 1736 4032 [igtirata
1776 3962 2047 4016 liberavit.

475 4053 810 4122 Cupiditatis
842 4063 1022 4107 autem
1071 4055 1261 4108 morbo
1293 4055 1544 4124 depulso,
1583 4056 1836 4124 superbia
1874 4056 2051 4109 locum

476 4145 598 4213 ejus
617 4145 931 4213 occupavit.
998 4143 1132 4197 Nam
1180 4159 1305 4198 cum
1345 4145 1549 4199 humile
1584 4156 1747 4215 atque
1775 4147 2053 4214 abjectttm

477 4253 602 4292 esse
630 4238 917 4292 crederent
945 4238 1193 4292 ordinem
1218 4252 1378 4293 suum
1414 4253 1656 4302 servare,
1713 4238 1779 4293 ad
1812 4239 2054 4309 dignita-

478 4336 587 4383 tem
625 4328 931 4384 sacerdotis
961 4329 1174 4398 seipsos
1200 4330 1484 4385 intrudere
1529 4339 1822 4398 conantur,
1866 4346 1929 4385 ac
1960 4347 2055 4386 eos

478 4420 755 4489 depellere
794 4435 903 4474 non
929 4420 1287 4482 erubescunt,
1330 4423 1425 4492 qui
1476 4423 1797 4493 mysterium
1837 4423 1892 4477 id
1938 4424 2055 4479 fuc-

2137 606 2266 658 ματι
2303 589 2503 659 σαρκὸς
2521 590 2810 660 ἁμαρτίας.
2846 608 2863 640 ι
2899 590 2956 642 Ὀ
2982 590 3036 642 δέ
3066 589 3269 660 ἀληθὴς
3296 588 3439 657 όφις,
3464 592 3499 662 ἡ
3535 591 3713 659 ἀμαρ-

2132 681 2225 734 τία
2264 679 2425 733 ἒστίο
2485 682 2578 734 καὶ
2632 682 2659 733 6
2709 681 2845 752 πρὸς
2872 679 2969 751 τὴν
3000 680 3276 753 ἁμαρτίαν
3313 678 3708 750 αὐτομολήσας,

2134 770 2233 840 τὴν
2275 769 2365 822 τοῦ
2408 769 2582 837 όφεως
2628 768 2914 822 ὑποδύεται
2954 767 3134 837 φύσιν.
3179 766 3588 839 Ἑλευθεροῦται
3621 764 3713 819 οὖν

2134 861 2234 930 τῆς
2270 856 2537 933 ἁμαρτίας
2560 861 2587 913 6
2624 859 2903 931 ἄνθρωπος
2946 860 3035 914 διὰ
3063 858 3155 912 τοῦ
3184 858 3507 921 ὑπελθόντος
3529 858 3591 910 16
3618 858 3713 926 τῆς

2134 952 2406 1022 ἁμαρτίας
2459 947 2617 1017 εἶδος,
2648 953 2743 1004 καὶ
2784 949 3076 1021 γενομένου
3104 949 3224 1003 καθ’
3248 950 3396 1018 ἡμᾶς
3432 949 3557 1011 τοῦς
3580 947 3713 1017 πρὸς

2135 1036 2362 1113 τὸεῖδος
2391 1040 2865 1110 μεταστραφέντας
2885 1038 2978 1092 τοῦ
3011 1039 3203 1107 ὄφεως,
3239 1039 3306 1091 δι’
3329 1031 3389 1091 οὗ
3434 1040 3462 1092 6
3490 1038 3590 1107 μὲν
3620 1037 3713 1091 θά-

2136 1148 2294 1195 νατος
2343 1135 2371 1185 6
2422 1133 2484 1185 ἐκ
2547 1132 2653 1185 τῶν
2701 1132 2996 1203 δηγμάτων
3053 1130 3339 1195 κωλύεται,
3375 1131 3515 1184 αὑτά
3559 1131 3616 1183 δὲ
3644 1130 3713 1183 τά

2142 1220 2306 1277 θηρία
2336 1221 2435 1273 οὑκ
2457 1221 2771 1289 ἀφανίζεται
2792 1238 2804 1250 ·
2826 1220 2988 1292 θηρία
3005 1221 3063 1274 δέ
3093 1221 3255 1290 λέγω,
3274 1220 3371 1284 τὰς
3399 1220 3710 1290 ἐπιθυμίας.

2137 1307 2258 1364 Τῶν
2288 1310 2394 1382 γὰρ
2447 1314 2526 1374 είς
2556 1311 2649 1364 τὸν
2686 1311 2917 1383 σταυρὸν
2950 1310 3273 1380 βλεπόντων,
3304 1312 3331 1362 6
3356 1309 3457 1379 μὲν
3482 1309 3715 1379 πονηρὸς

2137 1403 2246 1456 τῶν
2263 1402 2601 1474 ἁμαρτωλῶν
2621 1402 2847 1466 Θάνατος
2875 1403 2975 1456 οὑκ
3002 1404 3305 1472 ἐνεργεῖται
3332 1416 3346 1430 ο
3382 1402 3416 1471 ἠ
3452 1400 3510 1454 δὲ
3536 1403 3715 1468 ἐγκει-

2146 1496 2280 1566 μένη
2314 1499 2380 1569 τῇ
2411 1498 2573 1568 σαρκὶ⁵
2614 1498 2755 1551 κατά
2784 1497 2877 1550 τοῦ
2909 1496 3214 1567 πνεύματος
3254 1494 3521 1564 ἐπιθυμία
3543 1495 3623 1555 εἰς
3649 1493 3713 1544 16

2141 1588 2398 1651 παντελὲς
2420 1590 2520 1641 οὑκ
2563 1588 2826 1642 ἀπόλωλε.
2874 1589 2981 1641 Kal.
3013 1590 3120 1659 γὰρ
3148 1587 3241 1641 καὶ
3277 1590 3334 1640 ἐν
3361 1590 3472 1649 τοῖς
3508 1587 3714 1646 πιστοῖς

2141 1680 2440 1749 ἐνεργεῖται
2499 1674 2757 1742 πολλάκις
2806 1679 2905 1748 τῆς
2966 1678 3260 1748 ἐπιθυμίας
3308 1677 3375 1730 τὰ
3431 1678 3710 1747 δήγματα*

2143 1769 2257 1822 ἀλλ’
2295 1771 2323 1821 6
2372 1770 2506 1840 πρὸς
2542 1771 2631 1824 τὸν
2671 1770 2763 1822 €711
2797 1769 2951 1833 ξύλου
2990 1769 3270 1838 ὑψωθέντα
3306 1767 3536 1838 βλέπων,
3566 1767 3715 1818 ἀπωο

2070 1844 2113 1900 Β
2142 1858 2313 1915 θεῖται
2365 1860 2423 1913 16
2462 1860 2651 1923 πάθος,
2694 1857 2803 1913 οἷόν
2842 1877 2948 1913 τινι
2980 1860 3254 1930 φαρμάκῳ
3278 1857 3357 1929 τῷ
3375 1858 3470 1928 τῆς
3499 1856 3716 1924 ἐντολῆς

2145 1951 2293 2021 φόὸῳ
2316 1951 2406 2003 τὸν
2433 1951 2508 2004 ἰὸν
2545 1951 2781 2020 διαχέας.

2214 2044 2287 2096 Τὸ
2307 2044 2362 2096 δὲ
2384 2043 2443 2095 σύ
2454 2043 2645 2112 μόολον
2678 2039 2815 2096 εἶναι
2843 2041 2937 2096 τοῦ
2968 2040 3108 2095 κατά
3130 2041 3223 2094 16v
3254 2038 3482 2109 σταυρὸν
3515 2053 3718 2108 μυστη-

2145 2136 2263 2207 ρίου
2300 2135 2391 2187 τὸν
2406 2135 2686 2204 ὑψωθέντα
2715 2134 2837 2203 ὅφιν
2880 2137 2938 2187 ἐν
2969 2136 3034 2206 τῇ
3070 2135 3281 2206 ἐρήμῳ,
3304 2131 3548 2202 φανερῶς
3575 2131 3719 2184 διδά-

2146 2229 2314 2299 σκειή
2339 2227 2431 2280 τοῦ
2446 2226 2579 2279 Θεοῦ
2599 2226 2750 2298 φωνὴ
2781 2227 2837 2279 ἐν
2867 2220 2946 2289 οἷς
2965 2241 3146 2296 φησιν,
3176 2225 3257 2277 ὅτι
3284 2244 3301 2276 ι
3326 2222 3520 2287 Καθὼς
3538 2221 3717 2291 ὑψωσε

2142 2320 2234 2372 τὸν
2259 2319 2380 2389 ὅφιν
2412 2319 2649 2388 Μωὺσῆς
2689 2319 2748 2370 ἐν
2775 2320 2841 2388 τῇ
2882 2317 3093 2388 ἐρήμῳ,
3136 2313 3305 2378 οὑτως
3339 2312 3617 2384 ὑψωθῆναι
3642 2313 3720 2365 δεῖ

2144 2412 2235 2464 τὸν
2262 2411 2387 2464 Υίὸν
2409 2408 2503 2462 τοῦ
2526 2408 2831 2479 ἀνθρώπου.
2868 2428 2886 2461 ι
2920 2408 3087 2463 Πάλιν
3120 2409 3187 2478 τῇ
3221 2406 3397 2477 οἰκείᾳ
3428 2406 3548 2475 ὁδῷ,
3579 2406 3720 2459 κατὰ

2145 2520 2268 2557 τινα
2297 2503 2472 2573 κακὴν
2517 2501 2855 2565 ἀκολουθίαν,
2900 2501 2933 2570 ἡ
2972 2498 3216 2571 ἁμαρτία
3239 2498 3585 2571 προέρχεται,
3611 2492 3720 2550 οἷον

2146 2593 2322 2665 είρμῷ
2347 2611 2450 2647 τινι
2478 2590 2699 2663 πονηρῷ
2725 2591 2863 2645 κατά
2896 2589 2956 2643 16
2988 2590 3276 2644 ἀκόλουθον
3300 2588 3562 2660 προϊοῦσα
3583 2604 3599 2619 ο
3627 2587 3722 2639 καὶ.

2145 2687 2175 2739 6
2208 2684 2522 2755 νομοθέτης,
2559 2683 2808 2752 καθάπερ
2832 2699 2914 2744 τις
2946 2681 3149 2754 ἰατρὸς,
3179 2683 3245 2751 τῇ
3271 2679 3364 2733 τοῦ
3383 2678 3553 2732 κακοῦ
3582 2678 3724 2747 φορᾷ

2150 2775 2573 2846 συμπαρατείνει
2597 2774 2693 2845 τὴν
2716 2772 3033 2845 θεραπείαν.
3068 2770 3287 2842 Ἐπειδὴ
3316 2771 3422 2842 γάρ
3444 2771 3723 2841 ἄπρακτον

2148 2865 2363 2933 ἐγένετο
2386 2864 2446 2916 16
2468 2864 2653 2933 δῆγμα
2674 2860 2782 2915 τῶν
2811 2861 2986 2931 ὄφεων
3007 2863 3117 2923 τοῖς
3146 2862 3224 2922 εἰς
3260 2859 3322 2912 16
3350 2857 3600 2928 ὁμοίωμα
3629 2856 3723 2909 τοῦ

2150 2957 2323 3025 ὄφεως
2353 2955 2605 3026 βλέπουσι
2646 2956 2807 3023 (νοεῖς
2839 2952 2896 3006 δέ
2930 2953 3145 3015 πάντως
3171 2950 3259 3004 διὰ
3285 2950 3393 3004 τῶν
3422 2951 3724 3021 εἰρημένων

2150 3047 2211 3102 16
2240 3047 2507 3118 αἴνιγμα),
2551 3045 2685 3116 άλλη
2739 3043 2957 3116 μέθοδος
3006 3043 3279 3114 ἁμαρτίας
3316 3044 3607 3094 ἐπινοεῖται
3648 3040 3727 3109 τῷ

2154 3138 2409 3200 ποικίλως
2437 3137 2505 3190 τὰ
2531 3135 2753 3190 τοιαῦτα
2780 3135 2902 3189 καθ’
2940 3133 3095 3205 ἡμῶν
3143 3135 3530 3203 σοφιστεύοντι.
3568 3133 3634 3185 Ὃ
3666 3132 3727 3201 δὴ

2148 3231 2243 3284 καὶ
2275 3230 2369 3282 νῦν
2396 3231 2453 3281 ἐν
2478 3228 2689 3290 πολλοῖς
2720 3227 2846 3280 ἰδεῖν
2875 3226 2991 3279 ἐστι
3011 3225 3317 3296 γινόμενον.
3355 3223 3607 3277 Ἐπειδὰν
3623 3226 3729 3292 γάρ

2148 3337 2289 3383 τινες
2317 3318 2405 3372 διὰ
2428 3318 2863 3388 σωφρονεστέρου
2890 3316 3003 3387 βίου
3026 3316 3087 3368 τὺ
3111 3317 3207 3385 τῆς
3233 3314 3529 3385 ἐπιθυμίας
3554 3314 3725 3376 πάθος

2149 3414 2485 3467 κολάσωςιν·
2528 3413 2618 3464 ἐπὶ
2648 3413 2747 3481 τὴν
2802 3408 3098 3480 ἱερωσύνην
3142 3408 3364 3470 ἑαυτοὺς
3389 3404 3728 3468 είσωθοῦσιν,

2149 3504 2514 3575 ἀνθρωπίναις
2537 3502 2891 3573 περιδρομαῖς
2941 3499 3035 3552 καὶ
3076 3497 3603 3568 αὑτοχειροτονήτοις
3644 3498 3732 3564 69-

2153 3598 2279 3667 μαῖς
2314 3597 2392 3657 εἰς
2416 3594 2512 3663 τὴν
2549 3592 2857 3662 οἰκονομίαν
2887 3588 2981 3642 τοῦ
3006 3588 3141 3642 Θεοῦ
3174 3587 3568 3657 ἐξυϐρίζοντες,
3598 3584 3731 3656 πρὸς

2149 3688 2351 3755 ταύτην
2402 3686 2523 3754 ἄγει
2543 3685 2640 3755 τὴν
2679 3683 2856 3751 κακὴν
2903 3681 3001 3751 τῆς
3042 3680 3315 3753 ἁμαρτίας
3351 3677 3671 3732 ἀκολουθίαν
3704 3678 3732 3729 6

2150 3776 2237 3830 διὰ
2266 3777 2361 3846 τῆς
2392 3773 2630 3843 ἱστορίας
2684 3773 2926 3844 ἐνεργεῖν
2966 3771 3035 3823 τά
3077 3772 3223 3823 κακά
3266 3771 3380 3831 τοῖς
3427 3767 3733 3838 ἀνθρώπως

2152 3866 2642 3937 κατηγορούμενος.
2688 3863 2902 3933 Ἐπειδὴ
2945 3863 3055 3931 γάρ
3107 3861 3384 3914 ἐπαύσατο
3426 3861 3459 3929 ἠ
3512 3858 3586 3927 γῆ
3609 3858 3732 3919 τοὺς

2152 3958 2303 4026 ὄφεις
2348 3955 2487 4009 κατά
2517 3955 2624 4007 τῶν
2651 3952 3059 4023 ἐπιθυμούντων
3096 3951 3381 4012 ὠδίνουσα,
3421 3947 3508 4000 διά
3531 3947 3629 4016 τῆς
3658 3947 3732 4007 είς

2152 4049 2242 4101 τὸν
2270 4047 2552 4116 ὑψωθὲντα
2571 4048 2663 4098 ἐπὶ
2695 4043 2849 4109 ξύλου
2871 4043 3129 4105 πίστεως,
3162 4042 3256 4094 καὶ
3285 4041 3564 4112 κρείττους
3590 4038 3734 4091 ἐπεί-

2157 4141 2360 4211 σθησαν
2392 4136 2532 4192 εἶναι
2569 4138 2676 4191 τῶν
2707 4136 2927 4191 ἰοϐόλων
2967 4135 3284 4205 δηγμάτων,
3320 4133 3443 4186 τότε
3478 4131 3575 4184 τοῦ
3615 4130 3734 4184 κατ’

2155 4232 2450 4303 ἐπιθυμίαν
2486 4229 2688 4292 πάθους
2732 4225 3133 4290 ὑπεξελθόντος,
3162 4228 3195 4295 ὴ
3233 4224 3335 4295 τῆς
3360 4222 3735 4294 ὑπερηφανίας

2155 4323 2558 4392 ἀντεισέρχεται
2583 4319 2757 4381 νόσος.
2789 4320 2898 4372 Καὶ
2925 4316 3179 4370 ταπεινὸν
3210 4311 3354 4368 εἶναι
3382 4315 3662 4385 κρίνοντες
3676 4313 3736 4365 16

2157 4416 2452 4486 φυλάσσειν
2490 4415 2573 4482 ἐφ’
2624 4411 2833 4465 ἐαυτῶν
2872 4410 2973 4480 τὴν
2997 4408 3152 4475 τάξιν
3194 4409 3278 4476 ἐφ’
3307 4402 3374 4478 ἦς
3406 4405 3733 4475 ἐτάχθησαν,

477 4519 603 4565 rant
654 4512 922 4567 divinitus
980 4514 1266 4567 consecuti
1302 4531 1314 4566 :
1355 4514 1453 4568 sed
1494 4515 1651 4567 multi
1702 4524 1863 4571 terra:
1904 4515 2045 4570 hiatu

2160 4507 2475 4561 είσωθοῦσιν
2524 4507 2749 4567 ἑαυτοὺς
2804 4504 2884 4565 είς
2918 4502 2979 4555 16
3002 4502 3100 4571 τῆς
3152 4498 3449 4570 ἱερωσύνης
3496 4497 3733 4567 ἀξίωμα,

480 4603 726 4672 absurpti
764 4605 1066 4672 perierunt,
1112 4605 1307 4674 reliqui
1344 4604 1671 4661 fulminibus
1735 4608 2049 4678 conﬂagra-

382 4720 393 4735 ι
482 4702 628 4746 runt.
664 4693 830 4749 Docet
862 4694 1048 4764 igitur,
1090 4711 1212 4749 meo
1236 4696 1468 4765 judicio,
1503 4697 1589 4751 his
1623 4698 1875 4763 historia,
1942 4711 2056 4753 ter-

461 4782 691 4835 minum
721 4783 1000 4846 elationis,
1034 4799 1156 4854 quae
1183 4784 1240 4838 ﬁt
1283 4800 1355 4838 ex
1378 4785 1671 4854 superbia;
1719 4786 2054 4842 descensum

481 4889 607 4929 esse
634 4877 699 4927 ad
733 4873 1087 4928 subterranea
1113 4895 1131 4929 :
1165 4892 1265 4931 nec
1300 4877 1399 4931 abs
1433 4892 1491 4930 re
1520 4877 1756 4933 fortasse
1784 4879 2053 4948 quisinde

484 4966 712 5035 abrepta
748 4966 1039 5020 occasione
1068 4967 1143 5029 ita
1177 4968 1487 5037 superbiam
1516 4968 1811 5031 deﬁnierit,
1847 4972 2053 5039 Super-

482 5056 574 5110 bia
605 5067 689 5110 est
733 5056 1033 5131 descensus
1080 5061 1146 5112 ad
1200 5058 1496 5115 inferiora:
1524 5061 1668 5132 quod
1708 5062 1753 5118 si
1789 5059 2058 5127 visverbi,

484 5156 543 5201 ut
574 5148 758 5201 multis
802 5148 1037 5213 vidrtur,
1077 5150 1416 5203 contrarium
1467 5152 1720 5206 ostendat
1761 5152 2057 5225 (superbus

481 5242 625 5294 enim
658 5242 751 5311 qui
787 5255 955 5310 super
982 5241 1120 5297 alios
1152 5249 1258 5307 est,
1300 5243 1409 5297 dici
1442 5245 1680 5313 videtur)
1723 5260 1847 5310 non,
1881 5246 2057 5301 admi-

482 5333 691 5389 raberis
723 5351 736 5385 :
771 5333 1053 5388 veritatem
1131 5333 1275 5387 enim
1336 5333 1536 5389 divina:
1610 5335 1848 5389 historia:
1901 5336 2055 5406 sequi

485 5423 647 5483 malo,
701 5437 863 5490 quam
911 5426 1189 5478 nominum
1235 5423 1634 5493 impositionem
1670 5444 1683 5478 :
1715 5441 1842 5481 nam
1889 5429 2060 5498 siqui

487 5523 546 5565 se
596 5528 759 5581 super
796 5515 935 5570 alios
987 5514 1245 5584 praeferre
1288 5516 1494 5579 volunt,
1540 5517 1693 5571 hiatu
1749 5527 1910 5579 terrae
1965 5521 2063 5577 de—

487 5603 675 5668 mersi,
716 5602 783 5655 ad
832 5605 1019 5659 intima
1066 5604 1364 5661 decidunt:
1402 5622 1509 5661 non
1534 5615 1617 5663 cst
1659 5613 2058 5667 contemnenda

545 5775 592 5804 ’θ
607 5773 765 5830 Joan.
808 5794 885 5843 tn,
926 5780 1009 5834 M.

2160 4597 2519 4668 παρώσασθαι
2556 4598 2680 4658 τοὺς
2744 4592 2894 4666 παρὰ
2951 4591 3045 4645 τοῦ
3078 4590 3214 4644 Θεοῦ
3254 4590 3354 4657 τὴν
3398 4587 3738 4659 λειτουργίαν

2159 4689 2361 4760 ταύτην
2410 4688 2675 4758 λαχόντας
2724 4684 3216 4755 φιλονεικήσαντες,
3248 4680 3296 4733 οἳ
3338 4680 3579 4749 χάσματι
3603 4679 3736 4730 ὑπο-

2158 4781 2454 4852 ληφθέντες
2506 4777 2959 4849 ἐξηφανίσθησαν.
3019 4775 3093 4827 Τὸ
3135 4773 3193 4827 δέ
3226 4772 3348 4825 ὅσον
3381 4771 3521 4840 ὑπὲρ
3547 4771 3650 4839 γῆς
3673 4766 3738 4839 ἦν

2158 4874 2252 4927 τοῦ
2304 4872 2544 4926 τοιούτου
2594 4870 2987 4938 συντάγματος,
3035 4865 3319 4937 κεραυνοῖς
3362 4860 3755 4933 κατεπρήσθη·“

2159 4965 2521 5027 διδάσκοντος,
2564 4959 2740 5033 οἶμαι,
2776 4958 2863 5013 τοῦ
2914 4958 3071 5026 λόγου
3097 4956 3185 5010 διὰ
3218 4954 3320 5025 τῆς
3360 4953 3619 5024 ἱστορίας,
3661 4952 3739 5003 ὃτι

2164 5058 2336 5129 πέρας
2385 5056 2501 5108 ἐστὶ
2542 5054 2642 5125 τῆς
2678 5051 2802 5106 καθ’
2835 5048 3212 5120 ὑπερηφανίαν
3250 5046 3553 5116 ἐπάρσεως,
3592 5047 3627 5115 ἡ
3663 5045 3739 5106 εἰς

2161 5151 2220 5203 τὸ
2250 5150 2499 5217 ὑπόγειον
2531 5146 2777 5209 κάθοδος.
2799 5143 2911 5196 Καὶ
2929 5143 3070 5212 τάχα
3101 5158 3183 5203 τις
3213 5140 3300 5193 διά
3328 5138 3532 5192 τούτων
3563 5135 3742 5208 ὁρμῶ-

2165 5258 2345 5311 μενος,
2375 5241 2475 5293 οὑκ
2510 5236 2813 5298 ἀπεικότως
2862 5232 3044 5288 ἄνοδον
3086 5232 3177 5283 ἐπὶ
3203 5231 3264 5282 16
3288 5231 3438 5284 κάτω
3454 5228 3552 5298 τὴν
3576 5228 3741 5297 ὑπερ-

2162 5334 2399 5405 ηφανίαν
2414 5333 2675 5403 ὁρίσαιτο.
2707 5329 2769 5382 Et
2796 5328 2852 5380 δέ
2878 5326 3014 5397 πρὸς
3035 5325 3095 5378 16
3114 5323 3355 5377 ἐναντίον
3379 5324 3443 5392 τῇ
3478 5319 3587 5374 τῶν
3615 5318 3741 5371 πολ-

2162 5427 2270 5480 λῶν
2325 5424 2590 5494 ὑπολήψει
2637 5422 2863 5492 φέρεται
2900 5421 2933 5489 ἡ
2960 5419 3187 5479 διάνοια,
3222 5415 3385 5486 μηδὲν
3412 5413 3700 5482 θαυμάσῃς
3723 5425 3735 5438 ·

2159 5523 2272 5583 τοῖς
2303 5518 2411 5589 γὰρ
2438 5516 2650 5578 πολλοῖς
2670 5514 2833 5566 δοκεῖ.
2852 5510 2913 5562 τὸ
2938 5510 3077 5581 ὑπὲρ
3102 5507 3229 5570 τοὺς
3263 5505 3455 5567 ἄλλους
3476 5499 3634 5563 εἶναι,
3666 5499 3738 5568 τῷ

2161 5613 2384 5671 ὀνόματι
2430 5609 2527 5677 τῆς
2567 5601 2945 5676 ὑπερηφανίας
3004 5597 3383 5670 σημαίνεσθαι.
3438 5595 3501 5647 'H
3548 5593 3600 5644 δὲ
3641 5592 3738 5641 τῶν
