3888 6356
193 391 283 447 ιη
1500 390 1587 446 DE
1634 392 1793 450 VITA
1837 395 2114 453 MOYSIS.

3350 415 3450 473 ΗΘ

194 503 564 577 ἱστορηθέντων
596 502 820 574 ἀλήθεια
860 503 1068 574 βεϐαιοῖ
1097 506 1185 558 τὸν
1223 507 1489 577 ἡμέτερον
1518 508 1663 578 ὅρον.
1689 509 1745 562 El

1855 512 2123 579 definitio,
2152 529 2276 568 cum
2307 514 2563 580 dicimus,
2620 531 2812 572 casum
2870 517 2936 574 ad
2987 517 3196 587 intima,
3239 541 3435 596 super-

192 592 286 662 γὰρ
319 591 366 642 οἱ
398 589 536 660 ὑπὲρ
561 590 686 654 τοὺς
712 590 901 654 ἄλλους
926 592 1155 655 ἑαυτοὺς
1187 594 1437 663 ἄραντες,
1471 596 1623 648 κάτω
1654 614 1756 650 που

191 683 489 746 κατέδυσαν,
513 683 754 752 χάσματι
781 683 881 754 τῆς
927 683 1031 752 γῆς
1064 684 1423 755 διασχούσης’
1456 685 1555 737 οὐκ
1578 685 1644 739 ἄν
1677 703 1759 749 τις

192 774 463 845 καταγνοίη
524 773 619 827 τοῦ
670 773 821 845 ὅρου,
883 774 976 827 τοῦ
1026 774 1123 846 τὴν
1190 776 1606 847 ὑπερηφανίαν,
1658 778 1758 848 τὴν

192 867 466 920 κατωτάτω
487 865 697 918 πτῶσιν
725 860 885 927 εἶναι,
901 863 1239 936 ὁριζομένου.
1260 868 1417 939 Πρὸς
1441 867 1612 921 ταῦτα
1641 868 1760 940 βλέ-

192 973 390 1020 ποντας,
426 956 739 1027 μετριάζειν
762 956 1007 1009 παιδεύει
1037 958 1065 1008 6
1091 958 1354 1029 Μωῦσῆς,
1386 958 1480 1011 καὶ
1505 958 1578 1031 μὴ
1602 958 1758 1011 ἐπαί-

193 1049 360 1119 ρεσθαι
383 1050 493 1111 τοῖς
535 1046 979 1119 κατορθώμασιν,
1015 1048 1128 1101 ἀλλ’
1155 1050 1241 1101 ἀεὶ
1270 1048 1331 1102 τὸ
1363 1046 1759 1121 παρὸν-εὖβια-

189 1141 429 1196 τίθεσθαι.
446 1141 520 1195 Οὐ
536 1140 645 1213 γὰρ
667 1141 852 1213 ἐπειδὴ
869 1143 978 1194 τῶν
996 1142 1198 1210 ἡδονῶν
1220 1144 1447 1212 γέγονας
1473 1145 1755 1215 κρείττων,
1798 1168 1805 1173 ~

190 1233 277 1303 ήδη
293 1249 368 1284 σοι
382 1231 442 1284 τὸ
460 1230 749 1284 ἀνεύθυνον
764 1231 843 1302 τῷ
858 1231 1031 1303 ἑτέρῳ
1048 1233 1177 1285 είδει
1199 1234 1402 1298 πάθους
1418 1234 1754 1291 ἁλίσκεσθαι.

189 1322 375 1392 Πτῶμα
389 1322 495 1393 γάρ
519 1324 636 1375 εστι
659 1324 766 1375 πᾶν
795 1323 989 1386 πάθος,
1013 1325 1117 1389 ἕως
1142 1325 1207 1379 ἂν
1240 1326 1410 1389 πάθος
1516 1326 1758 1398 Διαφορὰ

190 1414 239 1468 δὲ
278 1415 576 1485 πτωμάτων
621 1416 677 1468 ὲν
700 1417 765 1486 τῇ
799 1414 907 1468 τῶν
942 1416 1282 1487 παθημάτων
1316 1419 1636 1490 παραλλαγῇ
1664 1419 1754 1472 ού-

186 1505 345 1577 δεμία.
363 1507 419 1559 Ὀ
446 1505 522 1576 τῷ
550 1506 682 1577 λείῳ
704 1508 802 1577 τῆς
831 1507 1024 1578 ἡδονῆς
1053 1508 1422 1580 ὲνολισθήσας,
1459 1511 1715 1563 πέπτωκε
1738 1528 1750 1540 ·

187 1600 270 1652 καὶ
291 1601 317 1653 6
345 1599 427 1652 διὰ
454 1600 551 1669 τῆς
573 1600 953 1671 ὑπερηφανίας
981 1602 1410 1670 ὑποσκελισθεὶς,
1449 1604 1751 1675 ἀνετράπη.

187 1690 333 1742 Οὐδὲν
360 1690 412 1743 δὲ
442 1689 879 1761 καταπτὼματος
897 1690 1037 1756 εἶδος
1066 1693 1280 1764 αἱρετὸν
1306 1694 1383 1765 τῷ
1411 1695 1535 1747 νοῦν
1555 1694 1750 1765 ἔχοντι.

197 1780 320 1833 Ἀλλ’
349 1766 676 1851 ἐπίσηςπᾶν
707 1781 906 1852 πτῶμα
936 1783 1190 1851 φευκτὸν,
1226 1784 1330 1846 ἓως
1368 1784 1436 1837 ἂν
1458 1783 1658 1854 πτῶμα

1861 603 2007 658 biam
2039 618 2185 659 esse.
2219 603 2316 661 His
2344 606 2510 676 igitur
2540 607 2851 664 moderatos
2881 624 2983 664 nos
3032 609 3249 679 Moyses
3294 615 3445 681 facit,

1859 695 2132 766 docetque
2164 712 2272 751 non
2313 699 2499 753 extolli
2529 699 2694 755 rebus
2735 701 2874 756 bene
2897 702 3086 771 gestis,
3112 704 3205 758 sed
3232 720 3449 779 semper

1858 786 2006 855 quod
2059 786 2215 842 adest
2251 795 2306 842 et
2360 789 2528 844 inSIat
2572 791 3031 855 animadvertere,
3083 801 3343 864 recteque
3393 797 3444 851 id

1859 875 2172 945 disponere.
2206 875 2327 931 Non
2368 879 2512 933 enim
2566 881 2826 950 quoniam
2874 883 3209 952 voluptatem
3275 900 3444 954 supe-

1858 970 2019 1035 rasti,
2055 971 2208 1025 nullo
2243 972 2451 1026 idcirco
2482 973 2715 1042 amplius
2768 973 2960 1028 morbo
2986 975 3199 1029 devinci
3237 986 3436 1043 potes:

1858 1061 2039 1115 omnis
2071 1062 2239 1116 animi
2266 1064 2494 1117 morbus
2526 1079 2588 1117 ac
2624 1066 2981 1133 pertieirbatio,
3013 1082 3179 1123 casus
3212 1070 3440 1138 quidam

1859 1161 1944 1209 est
1978 1174 1990 1208 :
2027 1170 2261 1224 cumque
2288 1157 2732 1224 perturbationes
2764 1159 2907 1211 inter
2940 1174 2999 1214 se
3034 1159 3311 1222 diﬂ'erant,
3357 1176 3443 1215 ea-

1859 1261 1955 1302 sus
1988 1253 2170 1300 tamen
2200 1263 2309 1300 non
2342 1247 2617 1301 diﬂerunt.
2644 1249 2824 1313 Quare
2859 1250 3003 1303 sicut
3037 1267 3134 1322 per
3168 1253 3436 1306 lubricam

1857 1334 2195 1403 voluptatem
2233 1335 2508 1404 quispiam
2556 1336 2749 1403 lapsus
2783 1339 3008 1403 decidit,
3066 1342 3145 1394 sic
3184 1342 3437 1412 superbia

1858 1421 2151 1476 intricatus
2181 1438 2245 1476 ac
2274 1424 2595 1479 submersus
2618 1426 2839 1479 decidit.
2870 1426 3089 1481 Nullum
3124 1439 3308 1484 autem
3339 1447 3437 1486 ex-

1857 1517 2004 1579 petet
2037 1525 2226 1565 casum
2255 1528 2496 1580 unquam
2527 1513 2620 1581 qui
2667 1516 2867 1569 mentis
2917 1533 3143 1586 compos
3190 1526 3296 1582 est,
3341 1518 3436 1573 sed

1854 1601 2139 1670 aequaliter
2168 1616 2383 1656 omnem
2426 1618 2643 1671 semper
2679 1605 2906 1658 evitabit
2940 1621 3005 1659 ac
3051 1607 3219 1677 fugiet
3255 1627 3268 1660 :
3301 1622 3440 1677 qua-

1855 1697 2079 1759 propter
2122 1690 2167 1745 si
2210 1707 2371 1760 quem
2418 1691 2623 1745 videris
2652 1691 2829 1746 aliena
2878 1694 3154 1761 voluptate
3198 1694 3439 1762 superio-

1856 1794 1992 1842 rem,
2044 1788 2104 1832 ut
2150 1781 2288 1834 alios
2325 1779 2600 1835 excedens
2662 1781 2912 1834 videatur
2960 1783 3271 1837 sacerdotio
3329 1791 3440 1836 stu-

195 1871 269 1935 Ὡς
295 1873 346 1923 εἴ
366 1889 482 1925 τινα
528 1874 628 1925 καὶ
665 1873 773 1926 τῶν
818 1872 913 1927 νῦν
944 1874 1161 1944 βλέποις
1195 1877 1252 1927 έν
1308 1875 1464 1945 μέρει
1511 1877 1617 1929 τινὶ
1653 1877 1745 1928 τοῦ

1852 1867 1999 1933 dere,
2052 1871 2200 1924 hunc
2256 1880 2387 1940 puta
2433 1872 2585 1925 illum
2640 1886 2784 1937 esse,
2837 1872 2931 1940 qui
2978 1888 3144 1941 prava
3202 1874 3440 1928 elatione

186 1959 311 2014 κατὰ
339 1960 431 2024 τὰς
459 1960 653 2030 ἡδονὰς
672 1963 1103 2032 ἀρρωστήματος
1119 1962 1512 2034 καθαρεύοντα,
1537 1965 1741 2036 σπουδῇ

184 2051 233 2104 δὲ
254 2053 404 2108 πάλιν
429 2052 523 2105 τοῦ
550 2053 732 2106 δοκεῖν
760 2054 902 2124 ὑπὲρ
927 2055 1053 2118 τοὺς
1083 2054 1275 2118 ἄλλους
1308 2052 1466 2119 εἶναι,
1493 2056 1629 2127 πρὸς
1649 2056 1748 2126 τὴν

187 2142 460 2214 ἱερωσύνην
520 2143 718 2197 ἑαυτὸν
765 2144 1131 2197 είσωθοῦνταο
1164 2144 1353 2199 τοῦτον
1401 2138 1605 2199 ἐκεῖνον
1634 2146 1747 2200 οίου

187 2231 379 2301 βλέπειν
389 2232 475 2286 τὸν
492 2234 551 2285 ἐν
566 2231 648 2302 τῷ
664 2231 917 2303 ὑψώματι
934 2234 1033 2304 τῆς
1059 2234 1438 2305 ὑπερηφανίας
1460 2236 1745 2292 πίπτοντα.

184 2321 406 2375 Διδάσκει
458 2322 570 2395 γὰρ
631 2325 689 2375 ὲν
745 2325 858 2386 τοῖς
904 2323 1100 2391 ἑφεξῆς
1142 2326 1173 2377 6
1211 2325 1393 2395 νόμος,
1421 2326 1502 2379 ὅτι
1535 2325 1675 2379 θεῖόν
1695 2344 1748 2379 τι

183 2414 351 2484 χρῆμά
372 2415 516 2468 ἐστιν
546 2416 583 2485 ή
623 2412 912 2485 ἱερωσύνη,
946 2414 1038 2467 καὶ
1077 2415 1177 2468 οὑκ
1201 2416 1559 2487 ἀνθρώπινον.
1592 2416 1749 2470 Διδά-

186 2522 288 2559 σκει
316 2507 369 2560 δὲ
395 2500 591 2571 οὕτως’
640 2506 894 2570 Ῥάϐδους
929 2508 1057 2577 παρ’
1083 2508 1319 2580 ἑκάστης
1342 2510 1515 2580 φυλῆς
1548 2511 1641 2563 ἐπὶ
1672 2512 1748 2583 τῷ

183 2597 379 2667 ὀνόματι
413 2596 520 2651 τῶν
548 2597 861 2651 δεδωκότων
884 2603 1300 2671 κατασημήνας,
1321 2603 1613 2673 προτίθησι
1650 2604 1746 2656 θυ-

185 2691 476 2762 σιαστηρίῳο
516 2689 663 2743 ὥστε
701 2689 803 2761 τῆς
830 2689 1035 2744 ἄνωθεν
1068 2694 1402 2762 χειροτονίας
1440 2696 1747 2766 μαρτυρίαν

182 2780 410 2848 γενέσθαι
470 2783 572 2852 τὴν
628 2781 842 2851 ῥάϐδον,
896 2782 1135 2853 θαύματί
1165 2802 1271 2836 τινι
1303 2786 1431 2855 θείῳ
1469 2788 1620 2858 παρὰ
1650 2789 1748 2852 τὰς

181 2872 324 2935 ἄλλας
363 2874 661 2945 γενομένην
712 2873 1004 2945 ἐπίσημον.
1051 2876 1158 2929 Καὶ
1206 2881 1497 2946 γενομένου
1532 2879 1743 2940 τούτου,

179 2965 227 3017 αἱ
261 2966 348 3035 μὲν
399 2965 505 3020 τῶν
553 2964 730 3018 ἄλλων
767 2964 974 3035 ῥάϐδοι,
1028 2966 1164 3036 ὅπερ
1213 2962 1383 3036 ἦσαν,
1430 2968 1744 3038 διέμειναν·

180 3053 272 3123 ἡδὲ
294 3054 379 3107 τοῦ
407 3055 598 3125 ἱερέως
623 3053 759 3121 αὑτὴ
784 3056 840 3105 ὲν
870 3054 1033 3124 ἑαυτῇ
1069 3055 1380 3125 ριςωθεῖσα,
1414 3059 1475 3110 οὔ
1493 3058 1579 3112 διά
1601 3075 1743 3120 τινος

179 3140 435 3213 ἀλλοτρίας
487 3143 738 3213 ἰκμάδος,
802 3143 937 3195 ἀλλὰ
975 3144 1074 3213 τῆς
1109 3144 1290 3197 θεόθεν
1332 3147 1389 3199 ὲν
1420 3150 1554 3218 αὐτῇ
1598 3152 1743 3201 ἐντε-

179 3232 346 3305 θείσης
374 3235 678 3304 δυνάμεως,
718 3234 944 3297 κλάδους
974 3235 1068 3287 καὶ
1100 3236 1309 3306 καρπὸν
1333 3237 1703 3308 ἀνεϐλάστησε
1725 3256 1737 3269 ·

178 3325 260 3376 καὶ
286 3325 547 3396 προῆλθεν
583 3328 613 3378 6
642 3327 854 3396 καρπὸς
891 3328 969 3388 είς
1011 3328 1308 3380 τελείωσιν.
1352 3330 1569 3399 Κάρυον
1594 3331 1650 3382 δὲ
1676 3328 1742 3402 ἦν

177 3417 202 3468 ὁ
242 3418 453 3488 καρπός.
504 3413 583 3472 Ob
616 3417 928 3487 γενομένου,
976 3417 1114 3487 πρὸς
1142 3418 1396 3483 εὐταξίαν
1448 3420 1742 3493 ἐπαιδεύθη

177 3509 271 3560 πᾶν
295 3509 351 3562 τὸ
373 3511 633 3581 ὑπήκοον.
667 3510 826 3562 Νοεῖν
867 3509 924 3563 δὲ
958 3511 1226 3581 προσήκει
1260 3510 1349 3564 διὰ
1377 3510 1470 3564 τοῦ
1501 3512 1737 3583 καρποῦ,

176 3599 227 3652 ὃν
256 3604 286 3673 ἡ
314 3603 497 3673 ῥάϐδος
528 3602 831 3672 ἐϐλάστησε
860 3600 954 3654 τοῦ
987 3599 1196 3672 ἱερέως,
1221 3594 1331 3654 οἷον
1363 3602 1468 3672 χρὴ
1491 3600 1629 3655 εἶναι
1651 3603 1741 3656 τὸν

175 3694 228 3747 ὲν
250 3694 500 3767 ἱερωσύνῃ
535 3693 671 3765 βίον,
705 3693 947 3764 ἐγκρατῆ
977 3709 1123 3759 τινα,
1153 3692 1249 3746 καὶ
1273 3695 1737 3764 κατεστυμμένον,

176 3786 257 3837 καὶ
287 3785 719 3857 περιεσκληκότα
746 3786 812 3854 τῇ
843 3782 1145 3854 φαινομένῃ
1177 3781 1289 3853 ζωῇ
1312 3799 1325 3812 ·
1359 3781 1566 3836 ἔνδοθεν
1594 3783 1650 3836 δὲ
1680 3783 1741 3837 τὸ

174 3874 408 3947 ἐδώδιμον
453 3881 518 3931 ἐν
568 3876 645 3947 τῷ
694 3874 923 3946 κρυπτῷ
965 3879 1060 3931 καὶ
1091 3875 1288 3942 ἀφανεῖ
1322 3872 1675 3943 περιέχοντα·
1714 3874 1742 3926 ὃ

174 3967 279 4021 τότε
299 3970 754 4032 ἀνακαλύπτεται,
780 3968 906 4020 ὅταν
934 3963 1185 4035 πεπαυθῇ
1216 3963 1293 4034 τῷ
1318 3963 1493 4034 χρόνῳ
1523 3965 1555 4033 ἡ
1596 3961 1740 4035 βρῶ-

1851 1963 2019 2016 animi
2046 1964 2111 2017 ad
2153 1963 2416 2017 inferiora
2447 1963 2808 2033 deprimatur.
2838 1966 3007 2020 Docet
3042 1967 3189 2021 enim
3236 1982 3333 2037 per
3368 1982 3434 2021 ea

1849 2071 1970 2126 qua:
2005 2055 2583 2125 sequunturliistoria,
2612 2072 2720 2111 non
2755 2060 3051 2111 humanam
3088 2074 3199 2112 rem
3231 2075 3432 2127 quam.-

1849 2145 1974 2199 dam
2006 2146 2103 2200 sed
2133 2146 2375 2200 divinam
2415 2148 2790 2202 sacerdotium
2837 2164 2983 2211 esse,
3036 2156 3089 2202 et
3127 2149 3287 2203 docet
3330 2149 3434 2205 hoc

1850 2238 2012 2291 modo
2048 2256 2061 2291 :
2097 2236 2295 2307 Virgas
2320 2238 2389 2292 ab
2422 2254 2751 2309 unaquaque
2775 2241 2920 2293 tribu
2954 2242 3155 2309 accipit
3195 2240 3431 2311 Moyses,

1848 2344 1944 2383 eas
1977 2329 2194 2382 illorum
2238 2330 2332 2399 qui
2367 2330 2636 2383 dederunt
2680 2331 2998 2386 nominibus
3018 2332 3330 2400 inscripsit,
3367 2347 3433 2386 ac

1851 2421 2207 2475 tabernaculo
2225 2422 2498 2491 apposuit.
2526 2420 2785 2476 Firmiter
2807 2422 2953 2477 enim
2976 2422 3251 2486 credebat,
3278 2422 3430 2491 quod

1849 2513 2120 2568 miraculo
2166 2514 2402 2583 quodam
2454 2529 2549 2582 per
2585 2515 2793 2583 virgam
2839 2529 3005 2583 quam
3051 2516 3434 2585 unusquisque

1849 2604 2049 2669 attulit,
2088 2607 2323 2673 desuper
2348 2604 2610 2660 sacerdos
2644 2605 3116 2675 manifestaretur;
3156 2621 3263 2674 quo
3282 2606 3433 2662 facto

1847 2696 2081 2749 aliorum
2116 2697 2336 2764 quidem
2378 2697 2543 2766 virga).
2573 2697 2719 2750 sicut
2750 2705 2933 2759 erant,
2968 2704 3424 2764 permanSerunt:

1849 2802 1914 2841 ac
1942 2788 2198 2841 destinati
2231 2787 2498 2841 divinitus
2541 2787 2848 2842 sacerdotis
2876 2788 3032 2857 virga
3082 2804 3191 2842 non
3220 2790 3432 2843 extrin-

1848 2894 2010 2932 secus
2046 2879 2389 2939 humiditate,
2436 2878 2529 2931 sed
2578 2879 2778 2931 virtute
2814 2877 2904 2931 Dei
2953 2878 3198 2932 immissa
3218 2878 3431 2933 radices

1852 2968 2199 3038 prepagavit,
2233 2983 2419 3023 ramos
2443 2968 2650 3033 emisit,
2690 2975 2743 3021 et
2772 2966 3000 3021 ﬂoribus
3036 2976 3305 3021 exornata
3340 2969 3435 3023 de-

1849 3076 1996 3112 mum
2023 3058 2262 3114 fructum
2314 3061 2613 3129 produxit:
2661 3060 2874 3114 fructus
2926 3068 3051 3113 erat
3083 3077 3216 3115 nux.
3254 3061 3435 3127 Quare

1847 3152 2088 3219 graviter
2136 3151 2390 3220 castigati
2431 3152 2777 3221 quieverunt.
2829 3149 2934 3205 Sed
2962 3151 3107 3216 vide,
3158 3150 3435 3221 quomodo

1848 3241 2089 3309 undique
2146 3242 2489 3312 peregrinata
2541 3242 2787 3298 historiae
2848 3241 3039 3297 divina
3090 3243 3432 3311 providentia

1845 3346 1948 3384 nos
1973 3331 2173 3387 docet:
2215 3332 2319 3387 hoc
2350 3333 2494 3386 enim
2546 3333 2751 3394 fructu,
2802 3348 2962 3401 quem
3004 3332 3240 3387 Aaronis
3284 3332 3435 3403 virga

1845 3420 2113 3485 ediderat,
2171 3422 2351 3490 qualis
2400 3421 2597 3475 debeat
2643 3436 2767 3475 esse
2811 3421 3121 3476 sacerdotis
3162 3422 3272 3475 vita
3313 3437 3434 3477 mo-

1844 3528 2040 3567 nemur
2070 3533 2082 3567 :
2115 3528 2307 3582 aspera
2354 3516 2499 3568 enim
2545 3522 2602 3569 et
2649 3515 2939 3569 continens
2980 3515 3228 3583 duraque
3274 3515 3435 3570 debet

1846 3605 2091 3661 exterius
2126 3620 2268 3669 esse,
2291 3606 2435 3660 intus
2461 3613 2713 3660 autemet
2738 3607 2791 3658 in
2816 3605 3033 3658 occulto
3063 3621 3231 3659 suave
3254 3606 3433 3675 quod-

1846 3695 1972 3749 dam
2004 3696 2247 3749 edulium
2281 3696 2587 3756 continere,
2643 3692 2789 3762 quod
2840 3701 2970 3746 tunc
3012 3692 3431 3758 manifestatur,

1848 3801 1973 3841 cum
2007 3793 2283 3839 maturum
2313 3784 2502 3849 fuerit,
2534 3793 2585 3840 et
2621 3795 2917 3854 corruptus
2953 3783 3119 3838 fuerit
3161 3784 3433 3854 stypticus

1847 3888 1913 3927 ac
1962 3872 2333 3929 circumfusus
2380 3882 2591 3939 cortex,
2637 3882 2689 3928 et
2732 3874 2907 3942 lignea
2960 3873 3137 3926 nuclei
3177 3879 3316 3928 testa
3339 3873 3434 3928 de-

1851 3964 2050 4017 fracta.

177 4078 268 4125 σις,
296 4064 383 4115 καὶ
410 4064 725 4136 περιρραγῇ
763 4061 825 4113 τὸ
851 4058 1052 4129 στύφον
1083 4056 1451 4130 περιϐόλαιον,
1478 4061 1571 4110 καὶ
1603 4057 1891 4128 περιτριϐῇ
1922 4058 1982 4111 τὸ
2005 4057 2233 4125 ξυλῶδες
2261 4059 2437 4110 έκεῖνο
2467 4057 2562 4111 τοῦ
2587 4058 2848 4128 ἐδωδίμου
2879 4058 3271 4131 προκάλυμμα.

236 4246 294 4301 Ei
321 4247 375 4299 δέ
405 4262 550 4308 τινος
588 4243 776 4315 ἱερέως
804 4241 1095 4312 λεγομένου
1136 4240 1473 4312 καταμάθοις
1499 4239 1591 4293 τὸν
1626 4237 1739 4309 βίον

176 4334 431 4407 μηλοειδῆ,
448 4336 545 4390 καὶ
568 4332 820 4395 εὔπνουν,
843 4332 934 4385 καὶ
952 4330 1259 4402 ροδόχρουν,
1283 4325 1385 4384 οἷοι
1407 4330 1513 4384 τῶν
1531 4329 1739 4383 πολλῶν

1919 4238 2100 4303 Quare
2155 4237 2200 4291 si
2259 4237 2562 4292 sacerdotis
2605 4239 3004 4293 examinaveris
3054 4239 3244 4301 vitam,
3285 4239 3435 4295 inve-

1847 4329 2107 4398 nerisque
2138 4325 2472 4381 redolentem
2524 4326 2818 4395 unguentis
2868 4342 2931 4380 ac
2961 4327 3124 4389 rosis,
3174 4328 3338 4397 bysso
3377 4337 3434 4382 et

174 4426 268 4478 εἱσι
304 4425 483 4496 βύσσῳ
517 4425 610 4477 καὶ
659 4422 917 4495 πορφύρᾳ
958 4421 1370 4491 διανθιζόμενοι,
1398 4422 1490 4475 καὶ
1521 4423 1639 4484 ταῖς
1662 4420 1740 4472 λι-

1852 4437 2087 4491 purpura
2114 4419 2418 4486 ﬂorentem,
2454 4434 2519 4472 ac
2565 4421 2768 4475 mensis
2818 4420 3115 4489 pinguibus
3161 4422 3434 4478 inliaareno

178 4522 359 4589 παραῖς
378 4517 684 4590 τραπέζαις
734 4516 1165 4587 ὲμπιαινόμενοι,
1196 4516 1244 4567 οἱ
1281 4514 1372 4567 τὸν
1404 4513 1744 4584 διυλισμένον

173 4609 398 4674 πίνοντες
456 4606 622 4674 οἶνον,
665 4608 759 4662 καὶ
796 4608 864 4662 τὰ
916 4607 1109 4679 πρῶτα
1139 4606 1286 4678 μύρα
1315 4606 1615 4678 χριόμενοι,
1648 4604 1745 4658 καὶ

172 4698 260 4753 ὅσα
288 4702 418 4755 ἄλλα
458 4702 666 4771 γλυκέα
718 4701 865 4754 δοκεί
904 4700 1047 4753 κατὰ
1076 4698 1175 4770 τὴν
1216 4699 1506 4770 πρόχειρον
1552 4697 1742 4767 γεῦσιν

174 4795 273 4857 τοῖς
294 4794 382 4847 τὸν
424 4793 824 4849 ἀπολαυστικὸν
855 4793 1096 4864 ὁρίζουσι
1150 4790 1260 4861 βίον
1282 4806 1296 4820 ·
1334 4791 1513 4854 καλῶς
1547 4791 1613 4844 ἂν
1652 4790 1746 4844 ἐπὶ

171 4884 347 4939 τούτου
365 4886 423 4939 τὸ
450 4885 805 4955 εὐαγγελικὸν
826 4884 1022 4947 εἴποις,
1056 4883 1138 4936 ὄτι
1154 4882 1258 4935 Τὸν
1282 4882 1492 4953 καρπὸν
1509 4880 1744 4952 βλέπων,

172 4974 262 5026 οὐκ
287 4976 733 5045 ὲπιγινώσκωδιά
755 4975 848 5031 τοῦ
871 4974 1085 5045 καρποῦ
1107 4974 1169 5028 τὸ
1210 4974 1478 5045 ἱερατικὸν
1505 4973 1744 5044 δένδρον.

177 5066 352 5132 hinc;
386 5071 415 5121 6
460 5070 560 5139 τῆς
597 5068 895 5141 ἱερωσύνης
950 5066 1185 5138 καρπὸς,
1221 5065 1315 5120 καὶ
1357 5060 1509 5127 οὗτος
1566 5064 1743 5127 ἄλλοςο

185 5155 403 5224 Ἐκεῖνος
432 5163 462 5213 6
495 5161 724 5231 καρπὸς,
770 5159 1067 5230 ἐγκράτεια
1110 5155 1210 5230 ἦν’
1251 5158 1431 5228 τρυφὴ
1469 5156 1526 5210 δὲ
1560 5148 1735 5221 οὗτος.

185 5251 406 5319 ’ἱιίκεῖνος
433 5256 533 5308 οὐκ
559 5255 667 5310 ἀπὸ
689 5256 883 5326 γηῖνης
915 5253 1138 5324 ἰκμάδος
1162 5250 1512 5305 ὑπεπιαίνετο
1530 5264 1545 5279 °
1567 5247 1743 5321 τούτῳ

173 5340 222 5392 δὲ
251 5343 429 5398 πολλοὶ
457 5345 702 5400 κάτωθεν
731 5344 1081 5417 ἐπιρρέουσιν
1103 5342 1153 5395 οἱ
1184 5339 1511 5411 τῶνήδονῶν
1542 5338 1742 5409 ὀχετοὶ,

173 5433 231 5484 δι’
282 5428 354 5490 ὧν
407 5439 541 5510 πρὸς
594 5438 692 5510 τὴν
733 5438 987 5507 τοιαύτην
1025 5436 1174 5506 ὤραν
1208 5437 1242 5504 ἡ
1276 5433 1371 5487 τοῦ
1408 5432 1523 5503 βίου
1555 5430 1743 5502 ὀπώρα

174 5525 569 5595 διερυθαίνεται.
603 5532 733 5584 Ὅτε
769 5530 828 5583 δὲ
857 5530 953 5583 καὶ
997 5526 1185 5581 τούτου
1217 5525 1311 5579 τοῦ
1343 5524 1546 5586 πάθους
1574 5520 1744 5577 καθα-

178 5618 259 5685 ρὸν
277 5622 487 5687 ἐγένετο
516 5622 578 5676 τὸ
610 5623 850 5693 ὑπήκοον
869 5662 884 5683 ,
916 5620 1037 5674 τότε
1072 5618 1291 5683 διέξεισι
1316 5617 1409 5670 τὸν
1450 5613 1746 5683 ἀλλόφυλον

177 5708 297 5779 βίον,
332 5714 739 5784 καθηγουμένου
767 5711 862 5766 τοῦ
892 5712 1059 5781 νόμου
1086 5711 1184 5781 τῆς
1215 5707 1501 5779 βασιλικῆς
1533 5704 1740 5775 λεωφό-

178 5823 283 5877 ρου,
326 5809 449 5863 καθ’
504 5810 691 5881 ἕτερον
746 5807 909 5879 μέρος
950 5805 1049 5875 τῆς
1096 5802 1369 5874 ἐκτροπῆς
1421 5798 1736 5869 γινομένης.

1853 4524 1984 4581 tem,
2012 4513 2067 4566 in
2097 4526 2203 4582 qua
2242 4527 2349 4565 non
2394 4511 2728 4566 adhibentur
2751 4512 2857 4567 nisi
2901 4512 3164 4566 defaecata
3200 4522 3255 4566 et
3315 4516 3431 4569 cla-

1851 4606 2068 4661 rissima
2093 4605 2242 4668 vina,
2299 4614 2352 4659 et
2396 4610 2675 4674 unguenta
2719 4605 3145 4675 pretiosissima,
3193 4614 3250 4661 et
3283 4622 3435 4676 qua»

1852 4712 2070 4768 cunque
2109 4696 2215 4750 alia
2263 4696 2451 4752 suavia
2510 4697 2578 4750 iis
2623 4705 2847 4767 gustatu
2908 4697 3186 4762 videntur,
3228 4701 3431 4769 quibus

1854 4790 1959 4845 hoc
2025 4790 2229 4846 saeculo
2293 4789 2399 4844 frui
2475 4797 3110 4859 proposueruntzrecte
3176 4789 3232 4845 in
3287 4791 3436 4847 hunc

1854 4882 2190 4954 evangelicis
2238 4884 2407 4936 uteris
2444 4881 2667 4935 verbis:
2703 4880 2963 4935 Fructum
3018 4882 3196 4948 video,
3248 4898 3434 4940 sacer-

1855 4971 2090 5028 dotalem
2125 4973 2375 5027 arborem
2403 4987 2511 5026 non
2539 4986 2814 5043 cognosco
2840 4990 2853 5027 :
2880 4972 3026 5029 alius
3058 4982 3141 5028 est
3166 4975 3309 5028 enim
3342 4990 3433 5030 sa-

1855 5063 2085 5119 cerdotii
2117 5063 2331 5118 fructus
2357 5063 2426 5117 ab
2458 5063 2583 5117 isto.
2643 5062 2737 5116 Ille
2780 5062 3170 5116 continentiam
3219 5062 3376 5116 habet
3415 5077 3430 5115 :

1847 5152 1938 5207 ille
1977 5152 2205 5208 delicias
2236 5171 2250 5207 :
2278 5152 2370 5208 ille
2406 5160 2627 5207 terrena
2686 5150 3014 5206 humiditate
3058 5165 3164 5204 non
3206 5150 3434 5220 pingue-

1846 5244 1977 5310 scit,
2006 5244 2135 5299 huic
2184 5244 2341 5298 multi
2390 5258 2421 5299 e
2467 5251 2612 5297 terra
2651 5242 2992 5312 voluptatum
3037 5240 3271 5295 aﬂluunt
3306 5241 3430 5294 rivi.

1849 5337 2006 5394 Hunc
2052 5338 2219 5407 igitur
2265 5338 2429 5394 etiam
2485 5336 2734 5391 morbum
2777 5334 3026 5388 homines
3069 5347 3193 5386 cum
3226 5330 3434 5403 elIuge~

1847 5431 1982 5494 rint,
2009 5439 2141 5484 tune
2172 5427 2272 5483 tuti
2322 5440 2421 5496 per
2457 5423 2795 5492 alienigenas
2852 5425 3165 5483 transeunt,
3209 5418 3326 5486 lege
3358 5418 3433 5472 ita

1849 5538 1947 5596 per
1982 5521 2188 5591 regiam
2244 5520 2478 5590 plateam
2516 5514 2882 5577 conducente,
2946 5518 3008 5564 ut
3060 5509 3126 5563 ad
3177 5515 3432 5563 neutram

1855 5615 2067 5685 possint
2100 5619 2308 5681 partem
2364 5607 2660 5663 declinare.
2710 5602 2848 5657 Nam
2896 5601 3041 5657 sicut
3085 5601 3133 5655 si
3189 5615 3433 5668 praeceps

1847 5704 2002 5758 locus
2040 5702 2299 5769 utrinque
2336 5704 2503 5756 esset.
2550 5695 2823 5763 ingentem
2872 5690 3172 5747 ostendens
3199 5690 3433 5752 hiatum,

1848 5776 2148 5866 angustum
2179 5793 2282 5847 iter
2321 5804 2419 5860 per
2461 5784 2700 5841 medium
2754 5783 2978 5840 facienti
3032 5778 3435 5854 periculosissi-
