3888 6360
429 390 532 446 Ηθ

1669 375 1728 433 S.
1756 375 2086 436 CREGORII
2127 378 2416 439 NYSSENI

3607 378 3710 431 ιετι

427 518 581 561 mum
621 508 767 558 esset
807 499 913 553 huc
975 504 1137 575 atque
1202 494 1332 548 illuc
1396 490 1692 557 declinare,
1745 494 1826 548 sic
1876 495 2025 549 nullo

2143 497 2479 568 Ἐπισφαλὴς
2526 494 2635 566 γάρ
2671 494 2704 563 ἡ
2744 493 2836 546 ἐπὶ
2880 490 2948 546 τὰ
2996 490 3202 560 πλάγια
3256 493 3589 565 παρατροπὴ
3634 497 3714 568 τῷ

427 606 590 668 pacto
619 595 725 656 via,
764 607 884 661 quae
915 589 1075 644 nobis
1101 604 1131 641 a
1160 587 1279 657 lege
1299 586 1485 648 datur,
1513 586 1871 654 relinquenda
1905 594 2014 651 est,

429 703 593 758 quam
624 685 886 739 Dominus
920 689 1209 751 angustam
1257 678 1634 749 appellavit",
1676 694 1802 731 cum
1827 693 1926 733 nec
1949 679 2018 734 ad

429 781 637 839 laevam.
663 792 764 831 nec
781 776 846 830 ad
869 776 1121 830 dextram
1144 771 1413 827 excedere
1438 769 1686 825 liceat".
1711 768 1810 826 Hic
1834 777 2016 825 autem

429 884 613 926 sermo
637 869 694 923 in
735 867 917 922 medio
950 867 1187 919 virtutes
1217 864 1427 917 locatas
1470 878 1594 918 esse
1620 864 1888 919 ostendit.
1925 863 2019 918 Vi-

429 963 565 1015 tium
593 962 741 1016 enim
776 974 942 1014 omne
978 958 1047 1011 ad
1099 957 1364 1010 virtutem
1394 956 1676 1018 collatum,
1729 962 1825 1009 aut
1883 953 2021 1009 deﬁ-

431 1058 526 1119 cit,
563 1063 658 1107 aut
683 1052 900 1107 excedit
938 1068 950 1104 :
987 1057 1046 1103 ut
1078 1050 1229 1104 verbi
1248 1064 1439 1111 causa,
1483 1049 1530 1103 si
1571 1048 1855 1102 audaciam
1888 1064 2021 1102 con-

431 1144 543 1200 fers
573 1143 642 1198 ad
678 1140 1081 1201 fortitudinem,
1139 1147 1225 1193 est
1257 1154 1520 1193 excessus
1554 1139 1811 1208 quidam;
1860 1140 1907 1193 si
1950 1140 2020 1192 ti-

431 1251 661 1300 morem,
693 1233 941 1287 defectus
966 1247 995 1285 a
1023 1231 1346 1285 fortitudine
1378 1230 1692 1283 invenitur:
1720 1230 1868 1299 quod
1893 1245 2020 1285 vero

430 1327 572 1380 inter
600 1326 715 1379 hinc
765 1325 924 1393 quasi
969 1330 1207 1392 angusto
1246 1322 1464 1375 tramite
1503 1330 1778 1383 versatur,
1823 1337 2021 1392 expers

429 1431 801 1475 extremorum
828 1419 1133 1485 utriusque,
1165 1416 1217 1469 id
1248 1416 1425 1469 virtus
1452 1421 1536 1469 est
1571 1432 1585 1469 :
1620 1413 1815 1468 eodem
1857 1412 2023 1467 modo

432 1519 632 1567 caetera
661 1525 881 1579 quoque
923 1508 1104 1562 omnia
1131 1521 1252 1576 qua:
1286 1506 1506 1560 virtutis
1540 1507 1762 1560 nomine
1806 1519 2023 1559 nuncu-

432 1610 652 1672 pantur,
677 1600 930 1652 vitiorum
960 1597 1220 1650 affinitate
1277 1596 1534 1664 utrinque
1585 1594 2018 1649 circumdantur.

435 1690 717 1760 Sapientia
749 1687 1003 1741 versutia:
1033 1697 1084 1739 et
1130 1686 1503 1755 simplicitatis
1542 1685 1719 1738 media
1770 1692 1875 1746 est,
1924 1697 2024 1736 nec

434 1789 754 1851 serpentum
805 1781 1069 1843 versutia,
1120 1792 1221 1831 nec
1260 1776 1532 1830 columba:
1578 1775 1932 1843 simplicitas,
1976 1772 2022 1826 si

2122 591 2378 645 ὁδεύοντι.
2421 590 2632 659 Ὥσπερ
2689 587 2798 657 γάρ
2826 587 2875 638 εί
2917 584 3011 638 δύο
3043 586 3282 656 κρημνοὶ
3329 587 3457 657 μίαν
3499 588 3595 641 ἐπὶ
3617 590 3715 657 τῆς

2124 684 2299 753 ἄκρας
2326 681 2521 753 ῥαχίας
2548 679 2793 750 ἀτραπὸν
2825 680 3192 744 ἀποστενοῖεν,
3225 680 3472 745 κίνδυνός
3500 682 3618 736 ἐστι
3638 682 3717 753 τῷ

2124 776 2213 828 διὰ
2246 774 2447 842 ταύτης
2472 772 2726 842 βαίνοντι,
2756 770 2907 824 ἔνθεν
2933 771 2966 841 ἢ
2996 771 3149 826 ένΟεν
3176 774 3607 846 παρατραπῆναι
3630 776 3715 828 τοῦ

2130 867 2295 937 μέσου
2353 868 2512 929 (ἴσως
2556 867 2662 934 γάρ
2709 864 3050 935 ἑκατέρωθεν
3099 865 3160 918 τὸ
3212 867 3277 920 ἐκ
3326 867 3422 920 τοῦ
3468 869 3717 940 κρημνοῦ

2129 959 2400 1030 βάραθρον
2448 957 2547 1029 τὴν
2596 958 2870 1028 ἐκτροπὴν
2903 956 3231 1027 διαδέχεται)
3253 975 3265 988 ·
3287 958 3463 1023 οὕτως
3496 962 3525 1014 6
3554 960 3717 1032 νόμος

2088 1102 2097 1113 _
2130 1050 2377 1119 βούλεται
2406 1048 2495 1101 τὸν
2521 1046 2671 1117 αὐτῷ
2708 1048 2828 1099 κατ’
2868 1046 3012 1117 ἴχνος
3054 1047 3337 1117 ἑπόμενον,
3383 1051 3457 1120 μὴ
3493 1051 3714 1105 καταλι-

2129 1145 2252 1193 πεῖν
2290 1141 2387 1211 τὴν
2418 1141 2554 1199 ὁδὸν,
2589 1140 2707 1210 τὴν,
2740 1138 2920 1203 καθώς
2939 1157 3102 1210 φησιν
3135 1139 3165 1191 ὁ
3198 1140 3421 1211 Κύριος,
3442 1144 3635 1212 στενήν
3659 1159 3717 1195 τι

2130 1233 2221 1284 καὶ
2255 1231 2642 1301 τεθλιμμένην,
2678 1232 2815 1300 μήτε
2852 1230 2946 1283 ἐπὶ
2985 1230 3047 1283 τὸ
3081 1231 3269 1283 σκαιόν
3313 1248 3372 1284 τε
3399 1233 3492 1284 καὶ
3524 1234 3719 1287 εὐώνυ-

2132 1342 2251 1392 μον,
2290 1325 2426 1394 μήτε
2458 1322 2552 1376 ἐπὶ
2575 1322 2638 1375 τὸ
2676 1321 2849 1386 δεξιὸν
2872 1322 3246 1393 νομιζόμενον.
3280 1324 3469 1395 Δόγμα
3491 1325 3550 1379 δέ
3574 1328 3717 1381 ἔστιν

2128 1410 2282 1477 οὗτος
2309 1417 2336 1467 ὁ
2389 1414 2567 1482 λόγος,
2622 1415 2680 1465 ἐν
2736 1414 2992 1484 μεσότητι
3033 1413 3356 1486 θεωρεῖσθαι
3386 1417 3485 1480 τὰς
3516 1417 3718 1488 ἀρετάς

2128 1506 2443 1574 ὁριζόμενος
2467 1521 2480 1535 ·
2519 1505 2652 1558 διότι
2697 1506 2908 1574 πέφυκε
2949 1507 3097 1559 πᾶσα
3138 1507 3306 1560 κακία
3336 1507 3368 1579 ἢ
3402 1512 3524 1562 κατ’
3549 1510 3719 1564 ἐλλει-

2129 1596 2242 1664 ψιν,
2268 1597 2300 1666 ἢ
2332 1596 2452 1648 καθ’
2474 1597 2824 1666 ὑπέρπτωσιν
2854 1598 3049 1669 ἀρετῆς
3073 1599 3434 1668 ἐνεργείσοαι.
3472 1596 3599 1655 Οἷον
3625 1602 3719 1655 ἐπὶ

2128 1687 2227 1755 τῆς
2245 1686 2517 1756 ἀνδρείας,
2541 1686 2773 1754 ἔλλειψίς
2788 1687 2871 1745 τίς
2888 1689 3033 1739 ἐστιν
3056 1689 3259 1757 ἀρετῆς
3278 1691 3310 1759 ὴ
3332 1691 3525 1755 δειλία,
3548 1692 3718 1764 ὑπέρσ

2132 1793 2337 1839 πτωσις
2368 1776 2424 1828 δὲ
2465 1777 2523 1828 τὸ
2555 1775 2771 1846 Οράσος·
2812 1776 2871 1827 τὸ
2904 1776 2960 1828 δὲ
3005 1777 3266 1847 ἐκατέρου
3312 1777 3518 1830 τούτων
3547 1780 3721 1832 καθα-

432 1889 533 1944 per
557 1874 796 1941 scipsum
847 1881 1142 1938 utrumque
1177 1869 1519 1932 consideres,
1564 1867 1834 1921 laudanda
1892 1875 2019 1921 est:

2130 1869 2305 1939 ρεῦον,
2331 1870 2386 1919 ὲν
2417 1869 2568 1940 μέσῳ
2596 1884 2654 1919 τε
2677 1868 2782 1919 τῶν
2800 1868 3235 1938 παρακειμένων
3262 1869 3470 1922 κακιῶν
3493 1870 3722 1944 Θεωρεῖ-

435 1966 529 2020 sed
561 1966 652 2034 qui
679 1965 823 2017 inter
853 1962 967 2015 haec
1001 1962 1223 2015 habitus
1246 1969 1353 2024 est,
1384 1962 1557 2029 virtus
1597 1967 1703 2014 est.
1757 1959 2026 2013 Similiter

433 2057 528 2127 qui
558 2072 587 2109 a
624 2057 887 2109 modestia
925 2054 1276 2117 deficit,luxu
1305 2054 1714 2122 corrumpitur:
1739 2052 1833 2121 qui
1862 2066 2022 2105 exce-

432 2151 514 2204 dit
553 2166 603 2201 tn
640 2149 758 2218 ipsa
797 2148 977 2200 nimia:
1006 2147 1289 2200 tenuitatis
1319 2153 1468 2208 nota,
1494 2145 1570 2198 uti
1618 2144 1913 2212 Apostolus
1929 2144 2023 2205 ait,

434 2242 796 2296 cauteriatam
830 2241 993 2293 habet
1014 2240 1412 2293 conscientiam
1444 2239 1512 2292 ⁸³.
1565 2238 1657 2292 llle
1689 2238 1755 2291 ad
1783 2238 2029 2305 volupta-

436 2342 521 2389 tes
543 2334 811 2403 pecudum
833 2347 1002 2394 ,more
1033 2331 1225 2393 fertur,
1268 2332 1355 2385 hic
1396 2332 1561 2383 etiam
1613 2329 2023 2383 matrimonium

436 2424 593 2493 quasi
621 2422 950 2475 adulterium
989 2423 1341 2475 abominatur
1385 2431 1437 2476 et
1486 2424 1704 2491 rejieit:
1740 2423 1883 2476 inter
1926 2422 2026 2476 bos

436 2523 619 2569 autem
652 2514 935 2567 modestus
961 2529 1020 2567 se
1048 2514 1319 2577 continet,
1357 2529 1535 2583 neque
1569 2514 1633 2567 ad
1681 2528 1901 2568 omnem
1946 2512 2029 2568 ef—

443 2607 605 2662 fusus
635 2606 991 2675 voluptatem,
1029 2614 1083 2660 et
1110 2606 1545 2670 matrimonium,
1592 2616 1651 2661 ut
1682 2607 1859 2669 decet,
1899 2622 2026 2661 sus-

441 2700 675 2769 cipiens.
728 2696 931 2751 Verum
980 2699 1263 2767 quoniam,
1323 2706 1383 2752 ut
1419 2698 1686 2753 Dominus
1723 2698 1886 2763 ait“,
1942 2695 2028 2751 hic

436 2791 676 2847 mundus
705 2790 760 2844 in
790 2790 1141 2860 pravujacet,
1174 2798 1370 2859 estque
1405 2790 1569 2843 alieni
1599 2791 1819 2861 generis
1849 2789 1919 2843 ab
1954 2790 2025 2844 iis

437 2885 531 2954 qui
566 2885 739 2953 legem
792 2890 1123 2951 seqmmtur,
1175 2880 1440 2951 quidquid
1473 2882 1659 2935 virtuti
1703 2883 2025 2952 opponitur,

438 2973 493 3029 id
532 2988 662 3027 vero
714 2978 801 3026 est
843 2971 1120 3040 pravitas;
1168 2971 1489 3041 quicunque
1544 2988 1640 3041 per
1689 2972 1834 3027 hanc
1883 2973 2024 3025 viam

439 3061 709 3124 ambulat,
743 3066 862 3113 tuto
902 3075 998 3129 per
1027 3061 1247 3116 virtutis
1302 3062 1404 3115 iter
1436 3061 1717 3126 transibit,
1765 3062 1810 3118 si
1847 3062 2027 3132 publi-

438 3168 597 3217 cam,
652 3152 698 3208 si
743 3153 935 3205 virtuti
996 3154 1182 3205 tritam
1234 3154 1525 3223 albamque
1579 3154 1838 3209 continue
1884 3155 2025 3207 viam

439 3255 683 3317 peraget,
717 3259 990 3313 nusquam
1024 3243 1090 3296 ad
1120 3245 1348 3296 finitima
1391 3245 1535 3297 invia
1568 3243 1873 3297 divertens.
1922 3243 2027 3297 Sed

438 3335 725 3406 quoniam.
754 3335 945 3404 utjam
981 3336 1185 3388 dictum
1221 3345 1330 3398 est,
1373 3350 1496 3388 cttm
1534 3349 1769 3388 ascensu
1809 3334 2030 3389 virtutis

441 3428 656 3482 insidiae
686 3426 991 3482 adversarii
1026 3425 1429 3491 conscendunt,
1491 3426 1719 3480 idoneas
1746 3427 1800 3479 in
1844 3426 2033 3493 singu-

441 3520 620 3572 lorum
656 3518 872 3572 vivendi
907 3518 1175 3570 rationem
1223 3516 1487 3587 peccandi
1549 3531 1747 3571 causas
1806 3516 2030 3585 excogi-

442 3610 631 3675 tantis,
657 3610 765 3664 alia
799 3617 931 3663 tunc
962 3610 1250 3665 vat‘redine
1282 3608 1532 3663 insidiari
1566 3609 1767 3677 populo
1809 3608 2026 3672 statuit,

441 3714 604 3769 quem
649 3700 867 3754 videbat
917 3701 1030 3770 jam
1073 3701 1142 3755 ad
1199 3700 1369 3755 Deum
1436 3715 1764 3755 conversum
1824 3701 2034 3755 rectius

441 3792 664 3857 vivere;
723 3806 785 3844 ac
813 3791 985 3846 veluti
1030 3807 1228 3862 graves
1273 3793 1598 3861 expertique
1644 3794 2029 3863 imperatores,

440 3897 568 3936 cum
620 3882 839 3937 difficile
891 3884 1206 3954 putaverint
1266 3884 1550 3938 victoriam
1629 3894 1822 3955 aperto
1868 3902 2034 3956 posse

439 3976 708 4044 consequi
758 3984 955 4039 marte,
1007 3976 1554 4032 dissimulationibus
1601 3986 1766 4047 atque
1813 3979 2034 4035 insidiis

443 4068 659 4122 hostem
693 4081 956 4135 superare
995 4077 1304 4121 conantur:
1356 4068 1435 4122 sic
1477 4069 1734 4123 vitiorum
1783 4071 2030 4124 omnium

442 4158 555 4212 dux
590 4165 754 4225 atque
789 4158 1089 4227 imperator
1119 4160 1395 4222 diabolus,
1428 4163 1472 4213 si
1507 4164 1776 4229 quosdam
1822 4163 1877 4217 in
1916 4164 2032 4216 vir-

442 4256 564 4304 tute
596 4250 908 4305 stabiliores
952 4252 1121 4318 videt,
1153 4268 1263 4306 non
1300 4260 1485 4322 aperte
1520 4254 1573 4306 in
1610 4253 1802 4308 faciem
1836 4256 2032 4325 objicit

442 4339 710 4410 gladium,
754 4341 849 4395 sed
880 4342 1020 4395 clam
1054 4350 1110 4396 et
1155 4359 1251 4413 per
1279 4344 1514 4399 insidias
1555 4343 1623 4398 de
1667 4345 1785 4401 loco
1822 4349 2029 4416 pellere

442 4434 649 4489 studet.
691 4433 906 4515 Idcirco
954 4450 1135 4504 augur
1163 4435 1384 4505 quidem
1431 4436 1736 4502 maleficus,
1794 4441 2030 4495 occultis

2127 1978 2235 2025 ται,
2273 1962 2367 2013 καὶ
2405 1961 2573 2029 ἀρετή
2609 1961 2747 2011 ἐστι.
2790 1959 2945 2012 Κατά
2967 1960 3057 2012 τὸν
3082 1960 3245 2013 αὐτὸν
3277 1961 3497 2031 τρόπον,
3524 1964 3617 2015 καὶ
3650 1964 3721 2017 τά

2127 2052 2259 2105 ἀλλα
2284 2053 2481 2112 πάντα,
2511 2051 2610 2103 ὅσα
2633 2051 2770 2121 πρὸς
2794 2052 2852 2102 τὸ
2879 2054 3123 2121 κρεῖττον
3147 2052 3526 2118 σπουδάζεται,
3559 2072 3722 2124 μεσο-

2127 2143 2371 2196 λαδείταί
2426 2159 2545 2205 πως
2589 2146 2702 2205 τοῖς
2753 2145 2941 2204 κακοῖς
2989 2145 3392 2215 γειτονήμασιν.
3448 2145 3512 2198 Ἡ
3558 2148 3720 2214 σοφία

2127 2233 2432 2302 δεινότητός
2460 2249 2518 2283 τε
2549 2233 2643 2284 καὶ
2673 2231 3064 2302 ἀκεραιότητος
3108 2231 3166 2284 τὸ
3209 2233 3371 2301 μέσον
3415 2232 3549 2302 ἔχει’
3593 2233 3718 2288 οὗτε

2129 2327 2221 2380 τοῦ
2242 2329 2417 2396 ὄφεως
2434 2326 2493 2377 τὸ
2521 2324 2781 2394 φρόνιμον
2799 2323 3103 2385 ἐπαινετὸν,
3125 2321 3246 2375 οὗτε
3263 2323 3363 2392 τῆς
3390 2326 3719 2396 περιστερᾶς

2128 2421 2189 2474 τὸ
2214 2421 2490 2491 ἀκέραιον,
2524 2421 2570 2470 εἰ
2599 2417 2683 2486 ἐφ’
2714 2415 2907 2468 ἑαυτοῦ
2942 2416 3103 2484 μόνου
3133 2415 3243 2467 δέοι
3278 2416 3579 2486 λαμϐάνειν
3603 2415 3721 2470 τού-

2129 2529 2236 2565 των
2265 2512 2545 2580 ὲκάτερον·
2577 2507 2691 2562 ἀλλ’
2721 2510 2753 2578 ἡ
2783 2505 2872 2559 διὰ
2905 2506 3069 2576 μέσου
3098 2506 3205 2559 τῶν
3231 2506 3326 2559 δύο
3352 2506 3557 2559 τούτων
3588 2508 3720 2575 σύγ-

2130 2620 2330 2675 κρατος
2371 2602 2516 2666 ἓξις,
2559 2599 2728 2671 ἀρετὴ
2775 2599 3003 2667 γίνεται.
3058 2597 3116 2649 '0
3161 2598 3385 2669 ἐλλιπὴς
3433 2599 3574 2652 κατά
3620 2600 3720 2669 τὴν

2131 2695 2504 2766 σωφροσύνην,
2551 2693 2872 2754 ἀκόλαστοςσ
2912 2691 2940 2743 ό
2970 2690 3306 2755 πλεονάζων,
3347 2693 3721 2763 κεκαυτηρία-

2133 2804 2253 2841 σται
2276 2786 2372 2857 τὴν
2408 2786 2735 2853 συνείδησιν,
2766 2781 2952 2846 καθὼς
2979 2783 3222 2854 ὁρίζεται
3248 2785 3277 2836 ὁ
3319 2783 3661 2847 Ἀπόστολος·
3694 2787 3721 2837 6

2134 2879 2231 2950 μὲν
2254 2880 2363 2949 γάρ
2387 2880 2504 2941 ταῖς
2537 2877 2750 2948 ἡδοναῖς
2778 2876 3004 2946 ἀναίδην
3034 2876 3348 2943 ἐκκέχυται.
3374 2878 3403 2929 ὁ
3428 2876 3484 2928 δὲ
3513 2877 3608 2929 καὶ
3632 2877 3722 2929 τὸν

2130 2971 2309 3041 γάμον
2333 2966 2427 3022 ἶσα
2462 2973 2528 3040 τῇ
2562 2968 2775 3040 μοιχείᾳ
2808 2966 3174 3038 βδελύσσεται·
3211 2970 3245 3039 ἡ
3275 2968 3331 3021 δὲ
3362 2967 3450 3020 διὰ
3476 2966 3595 3040 [μέ]
3628 2985 3720 3021 σου

2131 3063 2333 3116 τούτων
2360 3061 2708 3132 θεωρουμένη
2740 3058 2873 3123 ἕξις.
2901 3059 3224 3131 σωφροσύνη
3240 3059 3420 3113 κέστίν.
3469 3061 3623 3113 Ἐπεὶ
3643 3061 3723 3125 δὲ,

2133 3154 2313 3217 καθώς
2344 3171 2507 3223 φησιν
2532 3155 2560 3206 6
2590 3153 2814 3224 Κύριος,
2845 3155 2873 3206 ὁ
2902 3152 3105 3221 κόσμος
3133 3147 3286 3215 οὗτος
3314 3154 3372 3205 ὲν
3397 3152 3473 3223 τῷ
3499 3152 3724 3224 πονηρῷ

2133 3251 2343 3313 κεῖται,
2388 3245 2684 3315 ἀλλόφυλον
2708 3245 2766 3297 δὲ
2794 3247 2905 3307 τοῖς
2935 3243 3221 3313 ἑπομένοις
3266 3242 3343 3311 τῷ
3368 3244 3518 3314 νόμῳ
3563 3245 3626 3297 τὸ

2132 3343 2298 3413 ἀρετῇ
2331 3340 2726 3410 ἀντικείμενον,
2757 3340 2896 3409 ὅπερ
2930 3338 3076 3391 ἐστὶν
3100 3339 3133 3407 ἡ
3161 3337 3414 3408 πονηρία”
3451 3340 3480 3391 6
3510 3337 3599 3391 διὰ
3628 3338 3719 3391 τοῦ

2133 3435 2337 3503 κόσμου
2389 3431 2580 3485 τούτου
2621 3431 2762 3485 κατά
2810 3430 2901 3482 τὸν
2938 3428 3052 3498 βίον
3083 3427 3414 3498 ὁδοιπορῶν,
3463 3427 3723 3496 ἀσφαλῶς

2131 3526 2230 3593 τὴν
2275 3524 2582 3592 ἀναγκαίαν
2622 3524 2827 3592 ταύτην
2867 3522 2969 3590 τῆς
3009 3520 3212 3592 ἀρετῆς
3244 3520 3482 3574 διανύσει
3518 3520 3726 3574 ὁδοιπο-

2137 3618 2278 3689 ρίαν,
2332 3619 2379 3672 εί
2417 3618 2517 3685 τὴν
2560 3616 2837 3685 λεωφόρον
2886 3614 3075 3676 ὅντως,
3110 3612 3206 3684 τὴν
3242 3612 3346 3664 ὑπὸ
3385 3612 3486 3683 τῆς
3523 3612 3725 3684 ἀρετῆς

2131 3707 2452 3781 τριφΘεῖσάν
2479 3723 2539 3759 τε
2577 3707 2671 3759 καὶ
2698 3705 3123 3774 λευκαινομένην
3154 3705 3269 3757 ὁδὸν
3297 3705 3582 3771 φυλάσσοι,
3622 3724 3721 3776 μη-

2132 3800 2305 3872 δαμοῦ
2352 3799 2488 3871 πρὸς
2532 3798 2630 3861 τὰς
2676 3797 3090 3867 παρακειμένας
3136 3795 3349 3857 ἀνοδίας
3392 3794 3481 3847 διὰ
3526 3795 3721 3847 κακίαν

2136 3892 2641 3965 παρατρεπόμενος.
2680 3889 2835 3943 Ἐπεὶ
2862 3890 2938 3948 δὲ,
2972 3888 3156 3950 καθὼς
3186 3887 3417 3959 εἴρηται,
3452 3891 3518 3959 τῇ
3554 3887 3723 3956 ἀνόδῳ

2132 3985 2231 4053 τῆς
2265 3982 2463 4053 ἀρετῆς
2509 3980 2668 4049 καὶή
2712 3977 2967 4049 ἐπιϐουλὴ
3016 3977 3107 4030 τοῦ
3181 3978 3560 4046 ἀντικειμένου
3606 3995 3726 4031 συν-

2134 4075 2436 4137 αναϐαίνει,
2458 4072 2806 4142 καταλλήλως
2824 4073 3053 4125 ἑκάστου
3071 4071 3169 4139 τῆς
3191 4072 3270 4133 εἰς
3285 4070 3345 4123 τὸ
3361 4071 3531 4124 κακὸν
3551 4089 3623 4124 πα
3632 4089 3725 4143 ραι

2132 4167 2340 4239 τροπῆς
2381 4166 2479 4229 τὰς
2523 4163 2774 4234 ἀφορμάς
2812 4163 3234 4232 ὲξευρίσκουσαο
3267 4163 3390 4215 τότε
3430 4163 3569 4233 πρὸς
3617 4166 3724 4235 μετ-

2134 4260 2224 4325 ζον
2249 4259 2343 4311 τοῦ
2376 4255 2506 4311 λαοῦ
2540 4259 2596 4310 ὲν
2624 4255 2701 4326 τῷ
2731 4255 2871 4308 κατά
2896 4254 3027 4307 Θεὸν
3052 4254 3150 4324 βίῳ
3169 4254 3525 4324 αὐξήσαντος.
3556 4254 3721 4325 ἄλλης

2132 4350 2422 4419 ἐπιϐουλῆς
2446 4351 2473 4401 ὁ
2523 4346 2898 4417 ἀντικείμενος
2919 4346 3169 4407 ἅπτεται,
3204 4346 3345 4397 κατά
3371 4346 3500 4408 τοὺς
3515 4345 3720 4407 δεινοὺς

2132 4443 2202 4497 τὰ
2242 4441 2547 4512 πολεμικά-
2587 4441 2637 4509 οἳ
2692 4440 2792 4510 τὴν
2846 4437 2987 4491 κατά
3039 4430 3213 4507 στόμα
3264 4436 3570 4507 παράταξιν
3614 4435 3722 4488 τῶν

441 4523 772 4594 quibusdam
823 4525 1035 4578 viribus
1087 4523 1398 4577 daemonum
1452 4526 1518 4579 ad
1562 4527 2025 4583 malefaciendum

2138 4532 2602 4588 πλεονεκτούντων
2646 4530 2785 4584 κατά
2816 4529 2913 4600 τὴν
2953 4528 3183 4597 δύναμιν
3219 4528 3721 4595 δυσκαταγώνιστον

440 4616 527 4669 vel
568 4615 753 4670 verbis
789 4617 923 4670 solis
967 4630 1213 4686 paratus,
1255 4634 1285 4670 a
1327 4628 1565 4687 tyranno
1602 4618 2026 4675 Madianitarum

432 4708 696 4771 mercede
753 4708 1059 4763 conductus
1116 4718 1389 4765 vocatur:
1436 4712 1529 4779 qui
1583 4727 1708 4765 cum
1753 4715 2023 4776 venisset,

440 4814 552 4854 non
588 4806 645 4853 ut
678 4800 894 4854 volebat
928 4801 1231 4867 maledixit,
1271 4802 1365 4857 sed
1401 4803 1587 4857 divina
1628 4804 1837 4859 virtute
1868 4821 2025 4858 com-

438 4890 634 4961 pulsus
660 4892 864 4962 populo
904 4894 985 4947 vel
1019 4894 1226 4950 invitus
1266 4897 1568 4962 benedixit,
1609 4913 1718 4967 qua
1762 4914 1830 4952 ex
1862 4913 1920 4951 re
1944 4896 2026 4951 fa-

437 4984 543 5038 cile
580 4985 924 5056 intelligitur,
959 4987 1141 5042 nullas
1173 4996 1320 5043 artes
1355 4990 1619 5060 magicas,
1641 4990 1826 5045 nullas
1850 4990 2029 5045 hastis

436 5074 667 5131 humani
694 5079 916 5148 generis
948 5079 1180 5135 insidias
1213 5082 1479 5135 adversus
1529 5098 1625 5137 eos
1675 5083 1883 5147 valere,
1930 5083 2027 5153 qui

435 5170 695 5223 virtutem
754 5170 998 5227 colunt:
1039 5172 1136 5227 sed
1193 5173 1358 5227 etiam
1415 5175 1703 5243 pravitatis
1754 5176 1862 5231 tela
1900 5177 2031 5246 reji-

438 5262 593 5315 cinnt
625 5283 638 5318 :
681 5265 776 5333 qui
825 5263 915 5319 Dei
953 5265 1213 5335 prmsiilio
1241 5264 1635 5319 defenduntur.

2134 4622 2401 4693 ὁρῶντες,
2434 4621 2612 4689 λόγοις
2650 4618 2746 4672 καὶ
2788 4618 3030 4688 ἐνέδραις
3078 4616 3586 4687 καταστρατηγοῦσι
3636 4616 3721 4667 τὸν

2136 4714 2531 4785 ἀντικείμενον.
2565 4710 2799 4772 Οὕτωςὸ
2828 4711 2928 4781 τῆς
2974 4710 3172 4772 κακίας
3210 4708 3439 4780 στρατὸς
3477 4708 3572 4760 ἐπὶ
3617 4708 3722 4760 τῶν

2136 4808 2284 4879 νόμῳ
2314 4807 2407 4859 καὶ
2446 4806 2613 4875 ἀρετῇ
2655 4801 3112 4872 δυναμωθέντων,
3157 4801 3341 4854 οὐκέτι
3375 4800 3518 4853 κατά
3559 4799 3723 4870 πρόσ-

2135 4917 2282 4953 ωπον
2303 4896 2587 4965 ἀντεξάγει
2622 4895 2717 4966 τὴν
2750 4894 3001 4964 δύναμιν,
3034 4893 3148 4946 ἀλλ’
3170 4892 3411 4963 ἐνέδραις
3440 4891 3554 4943 τισὶ
3583 4890 3721 4943 κατά

2129 4991 2189 5043 τὸ
2226 4989 2433 5058 ἀφανὲς
2461 4989 2562 5059 τὴν
2614 4987 2907 5057 ἐπιϐουλὴν
2938 4983 3309 5056 ἐξεργάζεται.
3349 4983 3519 5037 Καλεῖ
3542 4983 3721 5035 τοίνυν

2131 5083 2209 5144 εἰς
2242 5080 2559 5150 συμμαχίαν
2575 5080 2716 5132 κατά
2741 5078 2848 5131 τῶν
2872 5077 3371 5147 ἐπιϐουλευομένων
3402 5076 3533 5145 παρ’
3556 5073 3720 5126 αὑτοῦ

2130 5173 2227 5243 τὴν
2256 5172 2531 5242 γοητείαν.
2571 5172 2676 5223 Ἢν
2703 5171 2736 5239 ὴ
2784 5170 2882 5240 μὲν
2915 5169 3123 5240 ἱστορία
3165 5167 3300 5237 φησὶ
3350 5167 3544 5236 μάντιν
3579 5161 3720 5218 εἷναί

2128 5281 2248 5317 τινα
2284 5265 2377 5316 καὶ
2401 5262 2707 5333 οἰωνιστὴν,
2739 5261 2803 5314 ἐκ
2827 5278 2970 5323 τινος
2991 5261 3271 5333 ἐνεργείας
3295 5260 3564 5329 δαιμόνων
3595 5258 3720 5329 βλαο

439 5359 637 5428 πτικὴν
668 5357 841 5428 δήπου
872 5358 1099 5428 δύναμιν
1140 5358 1331 5427 ἔχοντα
1368 5359 1464 5411 καὶ
1512 5358 1620 5412 τῶν
1660 5359 2028 5424 ὑπεναντίων,
2075 5359 2169 5411 καὶ
2231 5355 2571 5426 μισθωθέντα
2613 5354 2766 5423 παρά
2816 5355 2913 5407 τοῦ
2951 5353 3278 5425 κρατοῦντος
3319 5353 3428 5406 τῶν
3458 5353 3718 5406 Μαδιανι-

441 5450 572 5512 τῶν,
602 5451 685 5518 ἐφ’
719 5443 763 5517 ᾧ
794 5468 851 5503 τε
896 5450 1093 5520 βλάψαι
1127 5451 1213 5503 διὰ
1241 5451 1487 5522 κατάρας
1521 5453 1641 5514 τοὺς
1672 5452 1747 5522 τῷ
1771 5452 1889 5523 Θεῷ
1914 5451 2142 5515 ζῶντας,
2195 5450 2384 5502 τοῦτον
2420 5447 2616 5521 τρέψαι
2673 5447 2772 5517 τὴν
2819 5449 3065 5519 κατάραν
3098 5449 3177 5511 εἰς
3208 5446 3456 5516 εὐλογίαν
3502 5442 3715 5516 ,Ἡμεῖς

439 5535 495 5591 δὲ
526 5538 753 5610 νοοῦμεν
776 5540 862 5593 διὰ
894 5541 986 5593 τοῦ
1017 5540 1309 5594 ἀκολούθου
1336 5541 1443 5593 τῶν
1468 5543 2018 5615 προτεθεωρημένων,
2050 5544 2110 5596 τὸ
2158 5543 2291 5614 μηδὲ
2338 5542 2436 5612 τὴν
2461 5540 2716 5610 γοητείαν
2756 5541 2978 5612 ἐνεργὸν
3005 5541 3144 5595 κατά
3167 5542 3275 5594 τῶν
3304 5544 3361 5596 ὲν
3389 5543 3556 5615 ἀρετῇ
3594 5541 3712 5609 ζὼν·

440 5642 544 5681 των
578 5627 736 5681 εἶναι·
782 5629 916 5683 ἀλλά
950 5631 1131 5701 πάσης
1167 5632 1517 5701 ὑπερισχύειν
1564 5632 1856 5705 ἐπιϐουλῆς
1902 5637 2027 5698 τοὺς
2070 5634 2156 5687 διά
2208 5634 2306 5703 τῆς
2360 5631 2512 5695 θείας
2545 5633 2796 5703 βοηθείας
2830 5635 3257 5705 εὐωχουμένους.

516 5805 560 5838 ⁸¹
594 5806 786 5861 Matth.
818 5823 914 5873 vn,
958 5809 1042 5863 ιι.
1109 5809 1168 5881 ,θ’
1216 5807 1369 5866 Deut.
1405 5828 1574 5867 armti
1610 5811 1692 5865 lli.

1767 5813 1837 5866 ⁸³1
1867 5811 2107 5868 Timoth.
2139 5828 2213 5877 tv,
2249 5814 2303 5866 ‘2.
2412 5814 2457 5846 “
2489 5812 2688 5883 Upan.
2723 5832 2775 5881 ν,
2823 5816 2902 5872 f9.
