3888 6374
177 391 271 444 £21

1516 389 1603 445 DE
1632 390 1796 447 VITA
1836 390 1975 446 MOY
1987 390 2111 447 SlS.

3339 396 3447 452 £22

249 505 321 559 Τὸ
365 505 474 577 γὰρ
514 506 616 576 τὴν
656 504 1088 576 οἰωνοσκοπικὴθ
1130 505 1470 577 ἐπιτηδεύειν
1510 507 1764 577 μαντείαν

1939 506 2184 562 Habebat
2218 506 2434 560 Balaam
2467 508 2719 577 auguria,
2757 508 2976 563 tenebat
3019 508 3264 572 oracula,
3298 524 3351 563 et
3374 509 3444 563 ad

175 600 263 652 τὸν
306 598 768 669 μνημονευθέντα,
805 601 1160 669 μαρτυρεῖται
1202 596 1353 667 παρά
1391 596 1492 666 τῆς
1520 599 1761 669 ἱστορίας

175 693 235 745 ἐν
259 686 341 754 οἶς
364 707 534 760 ,φησιν
554 733 569 756 ,
612 691 683 744 τά
720 707 781 743 τε
813 691 1039 760 μαντεῖα
1081 688 1168 742 διά
1198 689 1379 759 χειρὸς
1408 688 1551 759 ἔχειν
1577 688 1759 753 αὑτὸν,

176 782 271 835 καὶ
310 779 461 850 παρὰ
502 778 610 833 τῶν
654 779 857 833 οίωνῶν
901 777 1389 849 συμϐουλεύεσθαι.⁵
1434 779 1528 831 καὶ
1561 778 1666 849 πρό
1699 795 1761 846 γε

176 872 402 935 τούτων,
435 872 518 925 ὅτι
543 870 631 924 διά
659 869 753 923 τοῦ
795 869 1083 941 μηκυθμοῦ
1110 870 1209 940 τῆς
1237 869 1359 922 ὄνου
1387 868 1459 922 τὰ
1509 872 1636 941 περὶ
1664 870 1762 939 τῆς

178 963 548 1033 προκειμένης
575 960 724 1031 αὐτῷ
742 960 974 1030 σπουδῆς
992 960 1317 1013 ἐδιδάσκετο·
1333 954 1400 1031 ἧς
1416 959 1506 1012 τὸν
1528 960 1761 1029 φθόγγον

178 1054 286 1121 (διὰ
320 1055 382 1106 τὸ
410 1054 653 1124 συνήθως
675 1053 834 1106 αὐτὸν
856 1054 975 1115 ταῖς
998 1051 1106 1103 τῶν
1130 1050 1338 1119 ἀλόγων
1362 1052 1587 1119 φωναῖς,
1619 1050 1763 1103 κατά

175 1162 297 1197 τινα
325 1144 609 1212 δαιμονίαν
639 1142 938 1212 ἐνέργειαν,
978 1140 1474 1211 συμϐουλεύεσθαι)
1508 1141 1581 1204 ώς
1607 1141 1764 1213 ἐναρο

179 1233 306 1304 θρον
337 1234 371 1303 ἡ
398 1232 590 1304 Γραφὴ
614 1232 926 1301 διηγήσατο,
953 1228 1354 1299 ἐνδεικνυμένη,
1380 1231 1459 1282 δτι
1487 1231 1612 1293 τοὺς
1637 1246 1763 1301 προτ

178 1324 544 1395 ειλημμὲνους
566 1326 631 1395 τῇ
656 1323 880 1395 τοιαύτῃ
907 1320 1016 1375 τῶν
1039 1320 1310 1389 δαιμόνων
1336 1320 1522 1392 ἀπάτῃ
1542 1362 1556 1383 ,
1599 1322 1762 1391 μέχρι

177 1417 384 1470 τούτων
411 1416 651 1486 φθάνειν,
680 1415 755 1478 ὡς
783 1415 902 1469 ἀντὶ
945 1415 1107 1483 λόγου
1136 1413 1387 1485 δέχεσθαι
1426 1413 1525 1484 τὴν
1559 1414 1624 1466 ἐκ
1664 1413 1763 1482 τῆς

178 1510 342 1571 ποιᾶς
372 1506 806 1578 παρατηρήσεως
836 1505 1134 1577 γενομένην
1155 1506 1338 1567 αὐτοῖς
1369 1505 1433 1557 ἐκ
1457 1504 1556 1572 τῆς
1581 1503 1764 1573 φωνῆς

174 1602 286 1655 τῶν
331 1600 540 1669 ἀλόγων
578 1597 946 1652 διδασκαλίαν·
1068 1596 1350 1668 προσχὼν,
1387 1596 1455 1649 δι’
1484 1595 1661 1649 αὐτῶν
1689 1588 1763 1648 ὧν

175 1695 445 1763 ἠπατᾶτο,
475 1692 536 1745 τὸ
562 1691 773 1761 ἄμαχον
796 1691 894 1760 τῆς
920 1691 1041 1742 καθ’
1070 1683 1143 1742 ὧν
1172 1686 1451 1758 ἐμισθώθη
1480 1687 1765 1756 δυνάμεως

174 1782 551 1853 ἐξεπαιδεύθη.
583 1782 692 1835 Καὶ
717 1781 824 1851 γάρ
853 1782 910 1833 ἐν
940 1782 1004 1850 τῇ
1027 1780 1353 1850 εὖαγγελικῇ
1386 1778 1594 1849 ἱστορίᾳ
1620 1795 1761 1850 παρο

1864 598 1977 652 hmc
2019 597 2209 652 ruditu
2254 599 2422 653 asina:
2478 599 2662 669 ignota
2708 613 3102 668 nonnunquam
3164 599 3445 669 perdisce-

1862 688 2016 742 bat”
2056 707 2068 742 :
2103 688 2265 758 cujus
2299 705 2485 744 vocem
2531 690 2814 762 (quoniam
2853 692 2969 761 ipse
3002 690 3216 745 solebat
3253 692 3445 745 bruto-

1862 795 1984 835 rum
2038 781 2355 834 animalium
2408 782 2679 845 clamores
2733 790 2786 835 et
2841 783 3084 851 garritus
3123 784 3303 837 avium
3348 797 3444 837 co-

1863 880 2132 943 aperante
2165 873 2386 928 diabolo
2418 874 2747 944 intelligere)
2788 875 2945 942 quasi
2980 876 3325 930 articulatam
3367 876 3443 930 si-

1862 963 2323 1034 gniticantemque
2390 964 2621 1018 historia
2662 966 2983 1019 enarravit:
3024 966 3322 1021 ostendens
3371 967 3439 1018 ad

1863 1055 1967 1109 hoc
1993 1055 2252 1110 vanitatis
2288 1056 2543 1111 seductos
2593 1071 2623 1110 a
2667 1056 3009 1111 daemonibus
3050 1060 3332 1119 devenire.
3383 1067 3443 1112 ut

1862 1145 2082 1201 modum
2114 1146 2268 1201 vocis
2302 1147 2591 1201 brutorum
2625 1148 2940 1214 observent,
2983 1165 3047 1203 ac
3083 1151 3209 1205 inde
3240 1149 3444 1220 signifp

1863 1237 2042 1291 cantis
2075 1238 2381 1291 doctrinam
2422 1237 2574 1292 vocis
2615 1240 2865 1308 accipere
2900 1240 3257 1296 arbitrentur.
3304 1240 3455 1294 Nam'

1863 1336 1995 1381 tunc
2023 1326 2313 1383 attendens
2353 1329 2432 1382 eis
2462 1328 2666 1398 quibus
2698 1331 3063 1385 sedueebatur
3095 1333 3330 1397 artibus,
3358 1332 3441 1385 in-

1862 1418 2254 1488 expugnabiles
2284 1434 2407 1474 esse
2442 1418 2684 1484 Judzeos,
2716 1420 2981 1477 adversus
3018 1439 3159 1491 quos
3208 1424 3444 1478 duceba-

1864 1514 1976 1570 tur,
2006 1508 2301 1575 perdoctus
2337 1514 2442 1563 εει.
2495 1506 2588 1562 Sic
2633 1516 2688 1563 et
2734 1509 2788 1563 in
2828 1505 3434 1581 evangelicaltistoria“

1864 1598 2011 1668 legio
2071 1598 2407 1663 daemonum,
2486 1600 2740 1670 quamvis
2821 1600 3087 1656 adversus
3145 1600 3438 1655 Dominum

1868 1698 2168 1759 praeparata
2207 1699 2378 1753 esset,
2403 1706 2527 1745 cum
2563 1702 2746 1747 tamen
2790 1693 3134 1748 advenientis
3158 1694 3264 1747 vim
3300 1695 3442 1748 l'erre

1866 1794 1974 1834 non
2008 1789 2218 1849 posset,
2254 1782 2456 1835 clamat
2488 1782 2659 1836 invita
2697 1784 3007 1848 veritatem,
3060 1786 3207 1854 quod
3243 1785 3333 1841 hic
3358 1795 3443 1841 est

176 1875 478 1928 εσκεύαστο
530 1876 610 1936 είς
655 1873 968 1927 ἀντίστασιν
1000 1872 1097 1941 τῆς
1136 1871 1235 1924 τοῦ
1268 1870 1473 1941 Κυρίου
1509 1870 1760 1936 ἐξουσίας

1867 1877 1981 1946 ipse
2022 1877 2113 1932 Dei
2154 1875 2349 1938 Filius,
2418 1877 2512 1945 qui
2549 1877 2899 1931 convenienti
2948 1886 3192 1946 tempore
3256 1877 3438 1948 ignem

174 1967 237 2019 τὸ
282 1966 639 2036 συγκρότημα
683 1963 790 2018 τῶν
825 1963 1115 2034 δαιμόνων,
1159 1965 1191 2033 ἡ
1243 1962 1463 2031 λεγεών.
1520 1962 1756 2033 Πλησιά-

177 2075 375 2119 σαντος
411 2056 469 2109 δὲ
508 2055 602 2110 τοῦ
646 2055 857 2127 ἔχοντος
895 2054 1037 2109 κατά
1075 2056 1289 2108 πάντων
1318 2054 1378 2105 τὸ
1410 2052 1629 2123 κράτος,
1661 2053 1758 2122 βοᾷ

102 2166 107 2169 ⁷
175 2151 275 2221 τὴν
302 2150 676 2222 ὑπερέχουσαν
705 2148 952 2218 δύναμιν,
988 2147 1207 2229 καὶηιούκ
1232 2145 1625 2215 ἐπικρύπτεται
1658 2143 1756 2215 τὴν

176 2243 476 2314 ἀλήθειαν,
515 2243 597 2295 ὅτι
645 2234 799 2303 οὗτός
834 2241 983 2292 ἐστιν
1024 2242 1056 2309 ἠ
1097 2238 1214 2292 θεία
1260 2237 1453 2307 φύσις,
1489 2239 1517 2290 0
1559 2239 1615 2289 ἐν
1648 2239 1759 2299 τοῖς

177 2335 484 2404 καθήκουσι
525 2332 736 2405 χρόνοις
770 2330 984 2396 ἐπάξων
1012 2333 1124 2393 τοῖς
1162 2329 1511 2401 ἡμαρτηκόσι
1538 2327 1634 2399 τὴν
1670 2328 1760 2380 κό-

177 2425 354 2481 λασιν.
397 2425 561 2492 Λέγει
592 2424 701 2494 γὰρ
739 2425 773 2494 ὴ
805 2420 912 2475 τῶν
950 2422 1218 2491 δαιμόνων
1262 2421 1432 2490 φωνή*
1478 2439 1495 2470 ι
1525 2419 1758 2489 Οἴδαμέν

180 2534 239 2570 σε
270 2516 357 2581 τίς
382 2510 454 2581 εἴ,
479 2515 507 2567 0
534 2514 688 2582 ἅγιος
713 2513 804 2567 τοῦ
825 2511 981 2566 Θεοῦ
1012 2512 1106 2565 καὶ
1135 2512 1216 2563 ὃτι
1248 2505 1409 2580 ἦλθες
1435 2509 1539 2582 πρὸ
1566 2510 1758 2580 καιροῦ

179 2607 466 2679 βασανίσαι
493 2606 659 2676 ἡμᾶς.
699 2622 718 2656 ι
754 2604 821 2659 Ὃ
852 2604 916 2675 δὴ
947 2605 1040 2656 καὶ
1080 2602 1200 2655 τότε
1229 2602 1467 2670 ἐγένετο,
1494 2602 1592 2671 τῆς
1621 2618 1759 2672 παρ-

178 2700 453 2770 επομένης
481 2697 557 2769 τῷ
584 2696 775 2767 μάντει
804 2695 1081 2766 δαιμονίας
1118 2693 1420 2764 δυνάμεως,
1456 2692 1517 2744 τὸ
1549 2693 1758 2762 ἄμαχόν

176 2809 238 2844 τε
270 2793 367 2846 καί
399 2786 864 2856 ἀνανταγώνιστον
899 2784 991 2839 τοῦ
1034 2784 1165 2837 λαοῦ
1213 2784 1304 2838 τὸν
1350 2782 1579 2854 Βαλαὰμ
1617 2783 1760 2835 διδα-

179 2882 441 2953 σκούσης.
456 2881 648 2950 Ἡμεῖς
681 2878 737 2931 δέ
766 2895 965 2948 φαμεν,
1000 2879 1109 2939 τοῖς
1146 2872 1637 2945 προεξητάσμένοις
1663 2872 1760 2943 τὴν

178 2975 425 3047 ἱστορίαν
465 2972 814 3043 ἁρμόζοντες,
844 2970 905 3021 τὸ
934 2968 1075 3021 κατά
1106 2967 1214 3020 τῶν
1250 2968 1308 3018 ἐν
1338 2967 1507 3037 ἁρετῇ
1543 2964 1759 3027 ζώντων

175 3068 269 3120 τὸν
319 3061 663 3134 καταρᾶσθαι
729 3058 1121 3131 βεϐουλημένον
1173 3056 1439 3127 μηδεμίαν
1502 3054 1759 3108 δύνασθαι

180 3155 469 3226 προίεσθαι
517 3153 697 3224 φωνὴν
745 3150 994 3222 λυπηρὰν
1049 3166 1109 3202 τε
1155 3149 1245 3201 καὶ
1287 3146 1757 3216 ἀπεμφαίνουσαν,

176 3248 317 3302 ἀλλὰ
342 3244 567 3317 τρέπειν
610 3243 709 3315 τὴν
738 3241 982 3311 κατάραν
1018 3241 1097 3301 είς
1134 3238 1405 3305 εὐλογίαν.
1440 3237 1512 3288 Τὸ
1538 3235 1592 3288 δὲ
1618 3233 1765 3288 νοού-

177 3356 368 3410 μενον,
410 3335 568 3390 τοῦτό
606 3338 776 3401 ἐστιν,
816 3335 896 3387 ὅτι
937 3332 1044 3386 τῶν
1089 3332 1207 3384 κατ’
1237 3330 1435 3401 ἀρετὴν
1476 3327 1693 3393 ζώντων
1737 3329 1765 3380 ὁ

176 3430 279 3498 τῆς
300 3425 566 3498 λοιδορίας
592 3424 781 3495 μῶμος
799 3424 898 3493 οὐχ
920 3421 1320 3483 άπτεταιυΠῶς
1338 3420 1445 3491 γάρ
1469 3419 1560 3471 ἐπί
1587 3419 1767 3471 πλεον-

177 3522 301 3592 εξίᾳ
329 3522 359 3573 0
389 3520 649 3589 ἀκτήμων
678 3514 1151 3586 λοιδορηθήσεται;
1178 3513 1294 3575 πῶς
1319 3512 1374 3564 δέ
1403 3529 1485 3574 τις
1512 3509 1768 3580 ἐπιορυλ-

177 3614 335 3685 λήσει
366 3611 466 3682 τὴν
487 3609 722 3663 ἀσωτίαν
751 3608 827 3679 τῷ
857 3605 1330 3676 ἀνακεχωρημένῳ
1358 3604 1452 3656 καὶ
1476 3602 1762 3665 ίδιὰζοντις

178 3705 214 3776 ἢ
244 3704 339 3758 τὸν
365 3702 533 3773 θυμὸν
560 3700 637 3771 τῷ
664 3700 857 3771 πράῳ;
893 3698 925 3770 ἦ
954 3699 1044 3752 τὸν
1072 3696 1240 3765 τύφον
1269 3696 1346 3765 τῷ
1383 3694 1763 3764 μετριόφρονι;

177 3796 213 3869 ἦ
239 3796 371 3852 ἄλλο
392 3812 447 3848 τι
470 3793 576 3847 τῶν
605 3792 904 3863 ἐπιμώμων
933 3793 1046 3854 τοῖς
1084 3792 1148 3844 ἐκ
1192 3789 1299 3841 τῶν
1322 3786 1577 3840 ἐναντίων
1604 3801 1767 3852 γινω-

182 3888 505 3959 σκομένοις;
552 3882 633 3950 οἷς
672 3885 873 3946 σκοπός
924 3884 1092 3945 ἐστιν,
1128 3881 1364 3950 ἄληπτον
1399 3877 1658 3948 παρέχειν
1690 3874 1768 3945 τῷ

180 3980 366 4051 μώμῳ
386 3978 475 4033 τὸν
506 3977 635 4048 βίον·
666 3978 774 4041 ἵνα,
815 3974 996 4037 καθώς
1028 3990 1190 4043 φησιν
1221 3973 1248 4023 0
1275 3969 1616 4031 Ἀπόστολος,
1657 3968 1683 4018 ὁ
1710 3968 1768 4033 ἐξ

178 4070 435 4133 ἐναντίας
488 4071 750 4141 ἐντραπῇ,
801 4066 965 4138 μηδὲν
1018 4064 1155 4134 ἔχων
1200 4062 1399 4130 λέγειν.
1452 4060 1551 4113 Διά
1613 4059 1770 4112 τοῦτό

179 4181 350 4234 φησιν
373 4164 406 4233 ἠ
431 4161 579 4232 φωνὴ
602 4160 696 4214 τοῦ
724 4160 802 4222 είς
831 4157 1075 4228 κατάραν
1098 4153 1566 4226 παρειλημμένου,
1598 4171 1614 4202 ι
1646 4151 1770 4215 Πῶς

177 4256 499 4327 ἀράσομαι,
540 4251 597 4305 ὃν
645 4250 719 4322 μὴ
755 4251 953 4320 ἀρᾶται
1002 4247 1240 4317 Κύριος;
1277 4263 1295 4295 ι
1332 4244 1612 4304 τουτέστι,
1647 4242 1770 4304 Πῶς

178 4345 567 4415 λοιδορήσομαι
615 4343 705 4395 τὸν
763 4342 835 4414 μὴ
888 4338 1158 4393 δεδωκότα
1212 4340 1311 4409 τῆς
1358 4336 1623 4407 λοιδορίας
1674 4333 1771 4404 τὴν

178 4437 354 4506 map;
390 4428 435 4504 ᾧ
461 4435 546 4489 διὰ
572 4434 632 4487 τὸ
667 4435 801 4505 πρὸς
830 4434 920 4486 τὸν
948 4433 1080 4485 Θεὸν
1110 4431 1324 4502 βλέπειν
1353 4430 1591 4501 ἄτρωτός
1624 4429 1772 4481 ἐστιν

178 4530 262 4591 εἰς
289 4524 491 4579 κακίαν
516 4528 543 4579 0
578 4524 709 4595 βίος.
760 4524 835 4577 Ού
868 4506 1223 4595 μῆν,“ἐπειδὴ
1255 4519 1443 4573 τούτου
1478 4518 1770 4589 διήμαρτεν

176 4620 209 4671 0
238 4617 341 4686 τῆς
377 4616 572 4679 κακίας
600 4613 845 4686 εὑρετὴς,
878 4613 1105 4667 καθόλου
1135 4615 1231 4683 τῆς
1254 4610 1394 4664 κατά
1423 4611 1528 4662 τῶν
1550 4609 1768 4661 ἐπιϐου-

178 4708 491 4779 λευομένων
517 4706 755 4769 ἐπινοίας
779 4704 1073 4759 ἐπαύσατο·
1104 4702 1239 4757 ἀλλὰ
1270 4702 1404 4774 πρὸς
1429 4701 1488 4755 τὸ
1513 4702 1641 4753 ἴδιον
1666 4701 1768 4753 πά-

178 4803 391 4871 λαισμα
414 4798 512 4868 τὴν
540 4798 780 4853 ἐπίνοιαν
799 4797 1012 4869 τρέπει,
1046 4796 1206 4849 πάλιν
1236 4795 1300 4847 δι’
1325 4795 1521 4864 ἡδονῆς
1552 4792 1686 4865 πρὸς
1705 4792 1767 4845 τὸ

179 4891 358 4947 κακὸν
409 4890 670 4955 δελεάζων
711 4890 809 4961 τὴν
854 4889 1034 4957 φύσιν.
1088 4889 1294 4949 Ὄντως
1345 4886 1524 4955 πάσης
1566 4883 1768 4947 κακίας

179 4978 295 5036 οἷόν
324 4999 381 5034 τι
403 4980 591 5052 δέλεαρ
619 4984 652 5052 ἡ
686 4983 848 5053 ἡδονὴ
884 4979 1273 5052 προϐληθείσα,
1303 4978 1535 5040 εὐκόλως
1558 4977 1656 5040 τάς
1689 4976 1768 5029 λι-

178 5075 448 5147 χνοτέρας
473 5074 648 5145 ψυχὰς
669 5077 759 5127 ἐπὶ
790 5075 852 5128 τὸ
876 5074 1168 5143 ἄγκιστρον
1198 5072 1296 5142 τῆς
1317 5071 1590 5133 ἀπωλείας
1614 5068 1771 5136 ἐφέλ-

180 5187 365 5223 κεται.
411 5168 663 5222 Μάλιστα
709 5167 766 5220 δέ
812 5184 928 5231 πως
971 5165 1060 5219 διὰ
1101 5166 1199 5235 τῆς
1230 5162 1529 5218 ἀκολάστου
1575 5161 1770 5231 ἡδονῆς

181 5259 516 5328 ἀφυλάκτως
543 5261 576 5329 ἠ
628 5257 787 5327 φύσις
812 5258 949 5329 πρὸς
984 5257 1045 5310 τὸ
1074 5256 1240 5311 κακὸν
1277 5254 1670 5325 παρασύρεται.
1704 5254 1770 5305 Ὃ

180 5348 248 5417 δὴ
276 5347 371 5401 καὶ
387 5346 507 5399 τότε
541 5346 777 5414 ἐγένετο.
799 5346 861 5399 Οἱ
893 5343 1000 5416 γὰρ
1035 5343 1140 5398 τῶν
1162 5342 1340 5397 ὃπλων
1372 5337 1770 5413 ὑπερισχύσαν-

182 5458 297 5507 τες,
326 5440 421 5495 καὶ
451 5441 632 5493 πᾶσαν
655 5438 751 5509 τὴν
776 5439 840 5491 ἐκ
864 5436 1083 5508 σιδήρου
1124 5432 1424 5504 προσϐολὴν
1451 5428 1767 5484 ἀσθενεστέ-

185 5549 289 5603 ραν
316 5530 414 5600 τῆς
444 5529 580 5593 ἰδίας
614 5528 893 5598 δυνάμεως
927 5524 1228 5589 δείξαντες,
1261 5524 1355 5577 καὶ⁵
1391 5520 1532 5575 κατά
1572 5518 1771 5590 κράτος

184 5621 284 5692 τὴν
328 5620 588 5690 φάλαγγα
637 5617 744 5670 τῶν
803 5613 1192 5684 ἀντικειμένων
1234 5610 1602 5682 τρεψάμενοι,
1654 5609 1766 5671 τοῖς

267 5791 313 5826 ’⁸
333 5804 501 5861 Num.
535 5815 670 5864 xxn,
708 5798 796 5850 28.
874 5796 918 5827 ⁸⁸
946 5793 1109 5849 Marc.
1148 5810 1196 5859 v,
1235 5793 1265 5846 9
1300 5807 1418 5861 sqq.

1497 5791 1541 5821 ⁸⁸⁷
1573 5789 1678 5843 Tit.
1721 5805 1780 5853 tt,
1807 5786 1858 5842 8.

1865 1969 2244 2039 peccatoribus
2300 1976 2563 2022 aeternum
2615 1969 2904 2023 retribuet.
2977 1968 3201 2022 Dicebat
3261 1979 3440 2022 autem

1868 2062 2008 2131 legio
2038 2062 2173 2114 illa:
2219 2080 2237 2111 ι
2265 2060 2485 2116 Scimus
2538 2061 2661 2130 quis
2701 2068 2759 2114 tn
2799 2076 2882 2124 es,
2938 2068 3167 2115 sanctus
3214 2058 3346 2124 Dei,
3386 2066 3442 2115 et

1865 2153 2065 2208 venisti
2127 2163 2254 2208 ante
2311 2160 2525 2221 tempus
2566 2167 2765 2206 vexare
2808 2168 2941 2219 nos;
2973 2152 3154 2218 iqnod
3208 2159 3262 2205 et
3313 2159 3443 2204 tunc

1867 2242 2069 2296 factum
2101 2251 2204 2297 est.
2243 2241 2339 2297 Vis
2369 2243 2515 2296 enim
2546 2241 2875 2307 daemonum,
2910 2258 3031 2311 quae
3057 2257 3318 2311 augurem
3353 2258 3440 2296 se-

1865 2335 2155 2404 qttebatur,
2187 2335 2451 2388 invictum
2494 2342 2617 2388 esSe
2649 2335 2909 2404 pepulum
2941 2333 3032 2388 Dei
3067 2335 3443 2403 vatemipsum

1864 2429 2105 2484 edocuit.
2161 2427 2236 2481 ita
2289 2428 2495 2481 nullam
2533 2436 2714 2495 potest
2749 2428 3011 2496 iniquitas
3054 2426 3217 2480 edere
3254 2442 3442 2480 vocem

1867 2521 1921 2574 in
1954 2521 2256 2576 virtuosos.
2294 2534 2401 2587 qua
2448 2519 2626 2588 possit
2667 2533 2763 2573 eos
2813 2518 3025 2574 eliicere
3056 2517 3297 2588 pejores,
3347 2517 3445 2573 sed

1867 2610 2194 2665 maledicere
2223 2611 2475 2672 studens,
2531 2609 2844 2663 benedicit:
2882 2624 2981 2666 nec
3029 2610 3173 2687 enim
3228 2610 3445 2662 macula

1868 2702 1977 2755 ulla
2031 2700 2355 2755 sordescunt
2393 2701 2720 2754 innocentes
2754 2715 2767 2751 :
2796 2698 3068 2768 quomodo
3118 2699 3264 2753 enim
3315 2714 3445 2752 ava—

1865 2792 2119 2861 ritia,qui
2151 2791 2333 2844 omnia
2365 2790 2689 2851 contemnit,
2729 2789 3131 2844 maculabitur?
3162 2790 3445 2859 quomodo

1865 2882 2021 2954 quasi
2059 2883 2377 2938 luxuriosus
2408 2898 2472 2937 ac
2506 2898 2733 2947 vagans,
2781 2882 3069 2936 solitarius
3113 2882 3278 2937 homo
3309 2883 3448 2937 vitu-

1868 2975 2190 3044 perabitur?
2231 2974 2509 3042 quomodo
2564 2974 2647 3027 ira
2680 2974 2797 3027 miti
2845 2974 3110 3028 nocebit?
3168 2975 3447 3043 quomodo

1866 3066 2021 3120 elatae
2066 3066 2311 3119 cervices
2365 3064 2602 3120 humiles
2656 3066 2971 3120 vexabunt?
3024 3073 3119 3118 aut
3158 3066 3263 3119 alia
3303 3082 3449 3135 qua:-

1868 3159 2009 3227 piatn
2040 3157 2249 3210 macula
2268 3156 2680 3210 immaculatum
2698 3156 3017 3210 maculabit?
3041 3155 3134 3209 His
3155 3156 3301 3209 enini
3332 3155 3448 3210 haec

1866 3246 2095 3301 intentio
2119 3246 2333 3301 vivendi
2356 3254 2463 3311 est,
2484 3247 2664 3300 nullas
2689 3246 2830 3300 hosti
2852 3261 3017 3300 ansas
3053 3253 3335 3314 praestare,
3362 3256 3443 3312 ut,

1865 3338 2007 3394 sicut
2037 3338 2334 3407 Apostolus
2362 3338 2460 3398 ait,
2502 3337 2847 3391 nihilhabeat
2881 3337 3147 3392 confusus
3190 3337 3446 3391 adversa-

1863 3434 1979 3487 rius
2010 3432 2193 3487 dicere
2212 3433 2279 3485 ⁸⁷.
2322 3432 2592 3497 Quocirca
2634 3432 2700 3485 ad
2738 3431 3176 3486 maledicendum
3213 3440 3439 3486 vocatus

1866 3521 2082 3576 Balaam
2102 3524 2333 3576 clamat:
2370 3542 2389 3574 ι
2420 3521 3057 3588 Quomodomaledicam,
3077 3523 3161 3575 cui
3196 3537 3303 3575 non
3329 3537 3448 3575 ma-

1867 3615 2058 3669 ledicit
2083 3614 2350 3669 Dominus
2374 3615 2459 3667 33?
2501 3633 2519 3664 ι
2556 3614 2606 3668 id
2653 3623 2760 3674 est,
2792 3614 3064 3681 quomodo
3093 3612 3441 3677 maledicam,

1865 3700 1957 3771 qui
1994 3702 2200 3755 nullam
2236 3702 2591 3755 maledicendi
2640 3705 2923 3755 materiam
2977 3702 3250 3770 praebuit?
3286 3702 3447 3771 cujus

1871 3792 2291 3846 invulnerabilis
2327 3793 2434 3845 vita
2473 3799 2577 3855 est,
2622 3793 2749 3861 quia
2796 3791 2888 3847 Dei
2930 3801 3088 3847 scuto
3118 3795 3442 3864 protegitur.

1867 3883 2068 3940 Verum
2102 3884 2315 3937 tametsi
2352 3884 2453 3937 hac
2488 3883 2845 3938 maledicendi
2879 3883 2963 3936 via
3005 3884 3141 3936 nihil
3187 3885 3242 3937 in
3276 3900 3449 3953 popu-

1867 3976 1978 4029 lttm
2028 3976 2202 4027 hostis
2251 3974 2433 4036 eﬂicit,
2486 3984 2665 4028 tamen
2711 3975 2839 4043 quia
2879 3975 3074 4028 virtute
3124 3975 3305 4030 divina
3350 3976 3447 4030 de-

1871 4066 2013 4121 fendi
2054 4064 2271 4121 Iudaeos
2300 4068 2541 4137 agnovit,
2581 4083 2687 4120 non
2720 4066 2976 4130 cessavit,
3014 4068 3107 4120 sed
3144 4067 3446 4122 foedissima

1869 4158 2147 4227 voluptate
2189 4173 2218 4211 a
2263 4159 2462 4212 divino.
2496 4172 2774 4211 removere
2812 4156 2995 4227 studet
3046 4157 3270 4210 auxilio.
3311 4156 3444 4211 Nam

1869 4262 1991 4300 cum
2046 4246 2227 4300 omnis
2286 4247 2538 4315 voluptas
2602 4245 2758 4299 facile
2827 4244 2894 4299 ad
2959 4244 3151 4297 vitium
3219 4245 3443 4308 alliciat,

1874 4344 1985 4389 tum
2042 4351 2170 4389 vero
2222 4335 2559 4389 ltmlissimus
2605 4332 2835 4388 Veneris
2892 4341 3070 4396 actus,
3123 4332 3447 4387 libidinosus

1872 4426 2175 4495 praesertim
2211 4426 2489 4493 juniorum
2521 4423 2732 4477 animos
2768 4424 2981 4477 adunco
3013 4422 3262 4477 detentos
3287 4424 3447 4477 hamo

1802 4543 1846 4596 Ι)
1876 4514 2123 4569 attrahit.
2162 4515 2357 4571 ldinde
2373 4513 2782 4582 patet;namqui
2850 4512 3017 4563 armis
3057 4511 3444 4580 praevalebant,

1874 4606 1965 4675 qui
2010 4604 2185 4658 hostis
2226 4618 2408 4657 ensem
2459 4618 2555 4656 sua
2603 4602 2804 4656 virtute
2844 4600 3185 4661 retuderunt,
3235 4602 3326 4673 qui
3376 4602 3449 4656 le-

1872 4697 2064 4767 giones
2109 4702 2348 4746 armatas
2384 4691 2641 4745 fuderunt
2679 4700 2842 4760 atque
2878 4692 3155 4760 fugarunt,
3199 4692 3449 4748 mulieris

1872 4786 2050 4841 forma
2083 4782 2328 4854 percussi
2373 4781 2715 4837 ceciderunt:
2752 4783 2824 4836 ita
2860 4783 2951 4851 qui
2987 4783 3130 4838 viros
3177 4783 3444 4847 vicerunt,

1872 4893 1902 4932 a
1940 4878 2265 4930 mulieribus
2317 4875 2733 4945 pervincuntur.
2769 4872 2903 4927 Nam
2935 4874 3099 4929 simul
3128 4883 3291 4942 atque
3326 4892 3447 4928 mu-

1873 4970 2040 5023 lieres
2065 4948 2463 5037 apparuerunt,
2499 4965 2865 5033 formosapro
2896 4964 3022 5019 telis
3045 4980 3270 5035 corpora
3311 4965 3450 5035 obji-

1872 5060 2104 5123 cientes,
2169 5057 2513 5111 fortitudinis
2554 5057 2737 5111 statim
2787 5056 2978 5116 obliti.
3029 5057 3093 5109 ad
3145 5058 3447 5125 voluptates

1874 5152 2113 5206 devoluti
2171 5157 2315 5204 sunt.
2383 5148 2479 5202 llic
2528 5150 2592 5202 ad
2654 5148 2924 5203 nefandas
2958 5149 3213 5203 libidines
3264 5150 3449 5217 lapsus

1872 5241 2126 5297 hostibus
2166 5239 2384 5295 Iudaeos
2424 5239 2610 5294 divino
2645 5239 2885 5309 privatos
2925 5238 3227 5308 patrocinio
3274 5238 3446 5290 truci-

1874 5335 2082 5388 dandos
2105 5331 2458 5404 prodidisset,
2491 5332 2595 5386 nisi
2631 5332 2836 5386 zelator
2860 5329 3093 5384 Pbinees
3117 5329 3312 5382 ardore
3346 5344 3447 5382 suo

1876 5424 2118 5478 divinam
2151 5424 2476 5478 sententiam
2509 5424 2862 5493 prazvenisset
2897 5422 2940 5453 ⁸³
2979 5439 2992 5473 :
3035 5436 3158 5474 nam
3191 5429 3243 5473 et
3278 5420 3446 5489 judex

1878 5523 1932 5570 et
1982 5512 2228 5568 carnifex
2273 5512 2392 5584 ipse
2450 5512 2629 5568 factus
2675 5520 2777 5580 est,
2826 5511 3264 5581 saccrdotalique
3314 5526 3447 5568 usus

1872 5606 2079 5668 ollicio,
2133 5605 2398 5673 sanguine
2442 5611 2725 5675 peccatum
2783 5603 3034 5673 purgavit
3086 5621 3100 5657 :
3143 5602 3446 5673 sanguine,

1940 5788 1985 5820 ⁸⁸
2015 5787 2172 5840 Num.
2203 5801 2347 5848 sxw,
2388 5785 2403 5837 Ι
2440 5799 2559 5853 sqq.
2639 5782 2684 5814 “9
2706 5779 2869 5836 Num.
2914 5796 3042 5846 xxv,
3084 5780 3137 5837 7.
