3888 6358
495 371 600 424 6‘25

1744 363 1800 416 S.
1846 358 2175 416 CREGORII
2204 360 2512 416 ~NYSSH\'I

3671 369 3778 422 424

495 485 744 553 inquam,
789 480 1045 536 animalis
1076 494 1184 534 non
1231 476 1463 542 innoxii,
1494 476 1589 533 sed
1623 478 1813 533 eorum
1857 477 1949 545 qui
1996 492 2084 529 ue-

2188 477 2516 543 γυναικείοις
2554 478 2731 547 βέλεσι
2759 478 2824 533 δι’
2844 480 3039 551 ἡδονῆς
3068 477 3516 553 κατετρώθησαν·
3548 483 3645 537 καὶ
3671 484 3779 537 τῶν

495 575 663 630 fando
706 573 937 628 crimine
1002 579 1404 635 convenerunt,
1445 585 1680 642 quorum
1737 577 1792 625 et
1845 583 2079 638 corpora

495 682 607 721 uno
639 668 749 719 ictu
786 664 1066 728 transﬁxa,
1118 672 1175 719 et
1210 665 1461 733 voluptas
1497 669 1675 716 morte
1717 659 1949 715 confusa
1999 659 2081 714 di—

494 760 675 813 vinam
712 758 850 811 iram
890 756 1234 827 mitigarunt.
1270 754 1386 809 llac
1429 769 1488 810 re
1517 754 1761 807 salutare
1802 750 2079 822 quoddam

492 851 785 906 consilium
818 850 1046 903 historia
1076 849 1318 919 pra-bere
1341 847 1577 910 videtur;
1602 860 1729 900 nam
1761 859 1885 899 cum
1922 842 2079 896 multi

492 942 604 998 sint
649 940 824 994 morbi
859 948 914 994 et
947 940 1300 1010 aegritudines
1340 938 1532 1000 animi,
1581 936 1783 1007 quibus
1832 934 2081 989 homines

490 1034 803 1104 capiuntur,
848 1032 983 1087 nihil
1036 1040 1243 1087 tantam
1273 1031 1327 1085 in
1375 1046 1475 1086 nos
1508 1029 1617 1083 vim
1655 1028 1856 1083 habere.
1892 1036 2080 1080 osten-

491 1129 591 1192 dit,
640 1133 898 1196 quantam
932 1125 1293 1195 spurcissima
1327 1123 1442 1177 haec
1469 1122 1659 1176 libido.
1693 1119 1827 1173 Nam
1860 1119 1904 1175 si
1934 1120 2081 1173 viros

492 1218 639 1282 illos,
667 1218 759 1283 qui
791 1216 1178 1287 Aigyptiorum
1204 1216 1506 1284 equitatum
1532 1212 1798 1267 divinitus
1822 1211 1946 1265 tecti
1973 1227 2081 1264 non

484 1310 834 1388 tinnis-runt,
889 1309 983 1379 qui
1031 1308 1366 1361 Ainalecitas
1409 1304 1705 1368 fuderunt,
1752 1311 1806 1359 et
1869 1302 2078 1358 nationi

494 1418 616 1472 quae
651 1411 772 1472 po.~t
804 1402 957 1471 ipsos
999 1401 1245 1455 occurrit
1275 1398 1649 1454 formidabiles
1683 1402 2082 1467 apparuerunt,

491 1498 588 1563 qui
635 1495 881 1563 ipsorum
916 1491 1338 1545 Madianitarum
1382 1490 1626 1560 legiones
1678 1487 1961 1557 fugarunt,
2007 1486 2083 1541 si-

491 1586 606 1639 mul
654 1598 720 1638 ac
769 1586 898 1639 visa:
956 1595 1085 1637 sunt
1135 1580 1756 1651 mulieres,voluptatis
1807 1578 2083 1648 mancipia

493 1675 669 1729 factos
712 1678 931 1733 asserit.
969 1674 1101 1744 quid
1136 1675 1283 1728 aliud
1325 1674 1453 1727 hinc
1490 1688 1592 1726 nos
1638 1671 1883 1732 instruit,
1918 1684 2081 1739 quam

502 1767 834 1833 voluptatem
874 1765 1015 1818 hanc
1043 1763 1201 1817 valde
1231 1761 1531 1817 cavendam
1563 1777 1708 1824 esse,
1754 1774 1876 1830 qua:
1894 1759 2083 1813 titilla-

495 1858 747 1912 tionibus
799 1859 916 1912 suis
947 1859 1091 1911 viros
1116 1857 1285 1911 armis
1314 1856 1551 1910 invictus
1587 1854 1885 1925 superavit.
1905 1850 2082 1922 quod-

490 1966 598 2020 que
644 1950 1020 2019 impudentius
1047 1959 1152 2012 est,
1192 1951 1370 2019 palam
1403 1948 1488 2019 agi
1533 1946 1928 2016 turpitudinem
1957 1959 2083 2015 per-

491 2042 712 2098 suasit?
737 2044 807 2096 ita
834 2042 1085 2097 bestialis
1108 2042 1173 2095 ad
1200 2042 1480 2095 libidinem
1507 2040 1742 2108 impetus
1765 2037 1818 2092 in
1845 2037 2082 2107 pecudes

490 2136 742 2191 homines
789 2136 972 2189 vertit.
1038 2132 1174 2187 Nam
1229 2134 1487 2188 humana:
1546 2131 1883 2186 conditionis
1925 2129 2082 2184 obliti

490 2227 733 2295 penitus.
780 2241 888 2279 non
918 2225 1082 2278 modo
1111 2239 1211 2278 sua
1258 2223 1492 2276 crimina
1525 2236 1635 2275 non
1675 2221 1954 2283 celabanl,
1990 2236 2084 2274 ve-

490 2333 612 2373 rum
653 2316 817 2371 etiam
855 2331 1149 2386 porcorum
1198 2330 1370 2377 more,
1409 2316 1548 2369 alter
1572 2316 1625 2369 in
1652 2312 1881 2368 alterius
1909 2311 2085 2367 oculis

494 2412 672 2481 palam
731 2409 992 2465 sordibus
1027 2408 1269 2463 devoluti
1322 2406 1663 2476 turpitudine
1691 2412 1747 2461 et
1778 2403 2084 2459 sceleribus

492 2502 894 2573 gloriabantur.
948 2499 1131 2566 Quare
1173 2509 1363 2569 aperte
1413 2514 1513 2553 nos
1558 2505 1744 2552 monet
1812 2496 2079 2559 historia,

493 2594 685 2665 procul
712 2608 741 2646 a
771 2601 878 2647 tam
903 2592 1135 2647 terribili
1166 2591 1341 2645 bestia
1372 2591 1530 2645 nobis
1552 2605 1676 2645 esse
1699 2589 2081 2651 habitandum,

490 2701 562 2740 ne
608 2685 834 2739 morbus
888 2698 1041 2737 more
1092 2682 1238 2752 ignis
1290 2688 1513 2753 prepter
1552 2680 1893 2735 vicinitatem
1926 2678 2083 2733 Ποιη-

492 2792 634 2831 mam
668 2776 735 2831 ad
769 2791 869 2831 nos
919 2791 1094 2845 usque
1129 2775 1469 2829 transmittat
1506 2794 1517 2828 :
1552 2772 1698 2843 quod
1741 2781 1794 2828 et
1824 2772 2083 2828 Salomon

492 2868 547 2920 in
592 2865 875 2937 Sapientia
930 2866 1094 2922 docet
1121 2865 1192 2911 '°:
1243 2864 1364 2919 Non
1400 2863 1781 2934 attingendum
1825 2878 1949 2919 esse
1993 2877 2085 2917 ar-

494 2957 719 3012 dentem
750 2956 1046 3011 carbonem
1090 2955 1240 3010 nudo
1274 2954 1432 3025 pede,
1462 2969 1641 3025 neque
1668 2954 1846 3024 ignem
1875 2954 1929 3007 in
1961 2953 2083 3008 sinu

495 3046 885 3118 deponendum
922 3063 935 3099 :
969 3046 1127 3116 quasi
1174 3045 1227 3101 in
1260 3053 1450 3102 nostra
1493 3051 1759 3114 palestate
1787 3044 1953 3097 situm
1989 3043 2082 3107 sit,

2185 568 2285 639 μὲν
2316 568 2525 638 ἀνδρῶν
2557 570 2858 640 κρείττους,
2891 571 3001 626 τῶν
3021 573 3084 627 δὲ
3116 572 3395 642 γυναικῶν
3428 575 3628 646 ἥττους
3655 577 3777 645 ἐγέ-

2183 676 2353 713 νοντο.
2402 660 2567 732 Ὁμοῦ
2612 679 2671 715 τε
2705 662 2813 734 γὰρ
2855 662 3117 735 ὤφθησαν
3157 665 3343 729 αὐτοῖς
3387 668 3446 721 at
3495 671 3775 735 γυναῖκες,

2182 753 2303 807 ἀντὶ
2334 754 2513 809 ὅπλων
2553 757 2652 821 τὰς
2694 759 2911 829 μορφὰς
2957 759 3418 831 προϐαλλόμεναι,
3460 764 3557 815 καὶ
3601 780 3780 832 παρα-

2182 847 2370 917 χρῆμα
2411 847 2505 901 τοῦ
2537 848 2693 901 τόνου
2724 850 2825 919 τῆς
2849 850 3104 922 ἀνδρείας
3132 851 3303 923 λήθην
3327 851 3659 923 ἐλάμϐανον,
3687 853 3779 910 τὸν

2184 938 2358 1009 θυμὸν
2414 943 2493 1006 εἰς
2533 941 2725 1013 ἡδονὴν
2769 941 3140 1007 διαλύσαντες.
3175 946 3284 998 Καὶ
3321 946 3371 999 οί
3406 946 3505 1015 μὲν
3539 942 3682 1017 ἦσαν
3720 949 3778 1001 ὲν

2182 1032 2413 1097 τούτοις,
2439 1036 2499 1089 ὲν
2520 1029 2601 1098 οἷς
2636 1035 2784 1099 εἰκὸς
2822 1031 2962 1090 εἶναι
2984 1038 3111 1099 τοὺς
3145 1039 3210 1108 τῇ
3239 1038 3467 1109 ἀθέσμῳ
3495 1038 3639 1109 μίξει
3666 1039 3778 1093 τῶν

2184 1122 2496 1193 ἀλλοφύλων
2526 1124 3019 1196 ὲπιλυσσήσαντας.
3056 1126 3118 1179 Ἡ
3148 1126 3206 1179 δὲ
3236 1126 3375 1196 πρὸς
3406 1126 3468 1179 τὴ
3501 1126 3670 1181 κακὸν
3702 1130 3780 1181 ot-

2183 1216 2425 1286 κειὸτης,
2461 1217 2559 1288 τῆς
2584 1215 2679 1270 τοῦ
2713 1216 2922 1285 ἀγαθοῦ
2955 1218 3276 1287 συμμαχίας
3298 1218 3656 1291 ἀλλοτρίωσις
3684 1215 3779 1290 ἦν’

2185 1308 2344 1372 εὐθὺς
2393 1310 2502 1382 γὰρ
2548 1311 2731 1371 αὐτοῖς
2767 1311 3149 1382 ἐξεπολεμώθη
3194 1312 3255 1365 τὸ
3292 1312 3479 1377 Θεῖον,
3530 1314 3648 1367 ἀλλ’
3678 1316 3780 1368 οὐκ

2183 1397 2464 1469 ἀνέμεινεν
2489 1402 2518 1453 6
2543 1397 2789 1471 ζηλωτὴς
2815 1402 3001 1465 Φινεὲς
3041 1404 3104 1471 τῇ
3135 1402 3343 1455 ἄνωθεν
3375 1403 3543 1475 ψήφῳ
3569 1404 3778 1476 καθαρο

2185 1489 2342 1557 θῆναι
2366 1488 2462 1561 τὴν
2486 1490 2781 1560 ἁμαρτίαν
2810 1491 2925 1544 ἀλλ’
2947 1493 3108 1556 αὐτὸς
3128 1493 3344 1560 ἐγένετο
3367 1494 3629 1565 δικαστὴς
3657 1495 3782 1564 ἄμα

2185 1581 2280 1633 καὶ
2305 1580 2516 1651 δήμιος.
2548 1580 2804 1652 Κινηθεὶς
2832 1583 2942 1654 γὰρ
2972 1585 3052 1647 εἰς
3074 1585 3176 1654 τὴν
3209 1584 3353 1637 κατά
3379 1584 3487 1637 τῶν
3511 1584 3780 1656 λελυσση-

2185 1673 2357 1725 κότων
2379 1672 2570 1743 ὀργὴν,
2594 1672 2655 1725 τὸ
2676 1672 2770 1725 τοῦ
2800 1674 2991 1745 ἱερέως
3015 1674 3172 1744 ἔργον
3208 1674 3552 1745 ἐπλήρωσεν,
3581 1676 3778 1745 αἵματι

2184 1764 2487 1834 καθαρίσας
2513 1764 2607 1835 τὴν
2650 1764 2948 1837 ἁμαρτίαν,
2985 1767 3177 1835 αἵματι
3209 1767 3312 1819 οὐκ
3350 1767 3597 1820 ἀναιτίου
3624 1768 3780 1832 τινὸς

2185 1854 2360 1919 cibos,
2407 1855 2498 1909 τοῦ
2552 1856 2717 1926 μηδὲν
2765 1858 3162 1927 μετεσχηκότος
3208 1858 3299 1911 τοῦ
3347 1858 3446 1926 τῆς
3479 1858 3780 1922 ἀκολασίας

2187 1946 2525 2016 μιάσματος,
2552 1946 2688 2000 ἀλλά
2717 1947 2823 2000 τῶν
2847 1948 2906 2001 ὲν
2929 1948 3100 2019 κακίᾳ
3130 1948 3580 2019 συνεζευγμένων
3607 1950 3780 2021 ἀλλή-

2183 2038 2315 2102 λοις·
2351 2041 2437 2107 écp‘
2469 2032 2545 2092 ὧν
2584 2040 2617 2110 ἡ
2650 2039 2823 2113 αἰχμὴ
2863 2042 2982 2094 κατ’
3009 2040 3191 2093 αὐτῶν
3223 2040 3331 2094 τῶν
3374 2041 3469 2094 δύο
3505 2041 3782 2112 σωμάτων

2181 2128 2527 2196 διεξελθοῦσα
2554 2131 2901 2200 κατεπράϋνε
2926 2130 3029 2199 ,τὴν
3062 2130 3163 2200 τῆς
3197 2129 3346 2193 θείας
3363 2129 3518 2200 δίκης
3542 2131 3780 2201 κίνησιν,

2184 2221 2263 2291 τῷ
2306 2220 2522 2291 θανάτῳ
2562 2221 2671 2275 τῶν
2709 2221 3108 2292 ἡμαρτηκότων
3152 2221 3253 2291 τὴν
3304 2221 3498 2293 ἡδονὴν
3543 2222 3782 2291 καταμίο

2187 2312 2345 2377 ξασα.
2384 2315 2543 2365 Δοκεί
2566 2313 2625 2366 δέ
2667 2329 2756 2384 μοι
2788 2313 3101 2383 συμϐουλήν
3131 2331 3257 2367 τινα
3279 2314 3575 2385 ψυχωςιελῆ
3608 2332 3782 2369 κατα-

2185 2402 2428 2457 τίθεσθαι
2463 2407 2577 2467 τοῑς
2616 2403 2927 2476 ἀνθρώποις
2967 2407 3001 2476 ἠ
3046 2406 3291 2474 ἱστορία,
3330 2406 3396 2459 δι’
3432 2402 3499 2477 ἧς
3531 2406 3781 2461 διδασκό-

2189 2496 2348 2567 μεθα,
2377 2496 2458 2549 ὃτι
2489 2494 2697 2549 πολλῶν
2719 2497 2888 2549 ὅντων
2916 2496 3127 2560 παθῶν,
3152 2496 3188 2550 ἃ
3206 2499 3332 2561 τοὺς
3354 2498 3648 2568 λογισμοὺς
3670 2500 3781 2551 τῶν

2185 2587 2490 2660 ἀνθρώπων
2515 2589 2968 2657 καταγωνίζεται,
2999 2590 3257 2659 οὐδεμίαν
3282 2591 3402 2644 καθ’
3439 2591 3598 2660 ἡμῶν
3625 2592 3782 2662 ἰσχὺν

2185 2678 2373 2750 ἕτερον
2402 2678 2573 2742 πάθος
2616 2678 2730 2748 ἔχει
2758 2679 3052 2749 τοσαύτην,
3095 2680 3171 2742 ὡς
3198 2679 3336 2752 πρὸς
3367 2680 3465 2751 τὴν
3497 2681 3651 2733 νόσον
3679 2682 3780 2750 τῆς

2187 2772 2382 2843 ἡδονῆς
2459 2769 2824 2836 ὲξισάζεσθαι.
2850 2772 2923 2825 Τὸ
2936 2772 3045 2844 γὰρ
3063 2771 3274 2844 ἀθρόως
3290 2773 3416 2836 τοῦς
3446 2772 3782 2844 Ἰσραηλίτας

2184 2864 2448 2925 ἐκείνους,
2479 2862 2606 2927 τοὺς
2655 2863 2748 2917 καὶ
2780 2862 2881 2933 τῆς
2924 2864 3229 2932 Αἰγυπτίας
3277 2866 3447 2918 ἵππου
3498 2864 3781 2933 κρείττους

2186 2954 2623 3026 ἐπιδειχθέντας,
2657 2956 2751 3008 καὶ
2785 2955 2891 3008 τῶν
2950 2956 3331 3027 Ἀμαληκιτῶν
3368 2957 3779 3027 ὑπερσχόντας,

2187 3048 2283 3101 καὶ
2326 3046 2405 3119 τῷ
2448 3049 2563 3119 μετ’
2601 3048 2799 3111 αὐτοὺς
2849 3046 2992 3101 ἔθνει
3045 3048 3309 3119 φοΰερους
3356 3048 3642 3117 φανέντας,
3688 3048 3781 3100 καὶ

493 3147 555 3193 ιιι
586 3149 839 3208 expertes
889 3139 1072 3193 omnis
1104 3138 1231 3192 mali
1265 3138 1464 3199 simus,
1513 3136 1755 3207 quandiu
1793 3135 1863 3189 ab
1889 3150 1953 3190 ea
2003 3149 2081 3198 re,

2200 3142 2339 3214 μετά
2389 3141 2562 3195 ταῦτα
2613 3144 2713 3212 τῆς
2751 3141 2859 3195 τῶν
2908 3141 3258 3196 Μαδιανιτῶν
3309 3140 3779 3212 ὐπερισχύσαντας

492 3246 617 3302 quae
653 3231 968 3287 incendium
1014 3231 1241 3292 excitat.
1292 3231 1489 3285 remoti
1528 3229 1798 3284 fuerimus
1834 3247 1847 3282 :
1879 3228 1964 3283 sin
2023 3227 2088 3283 ad

495 3325 646 3378 illam
691 3324 1113 3388 accesserimus,
1166 3323 1249 3379 sic
1293 3330 1352 3378 ut
1400 3323 1603 3378 ardens
1645 3322 1738 3376 ille
1786 3322 1941 3375 calor
1988 3335 2089 3375 nos

497 3416 754 3486 attingat,
789 3422 905 3469 tum
942 3416 1125 3471 sinum
1176 3422 1428 3470 nostrum
1480 3412 1801 3484 cupiditatis
1833 3412 1976 3483 ignis
2008 3412 2091 3466 in-

496 3507 675 3570 vadet,
710 3515 877 3577 atque
913 3507 984 3561 ita
1016 3506 1279 3576 deinceps
1309 3505 1548 3569 eveniet,
1579 3511 1712 3557 utet
1741 3518 1839 3573 pes
1874 3510 2086 3566 uratur,

495 3605 552 3652 et
588 3598 731 3653 sinut
774 3608 968 3654 nostro
1015 3590 1164 3653 certa
1210 3597 1484 3668 pernicies
1527 3594 1807 3650 aﬂeratur.

2193 3233 2493 3303 φάλαγγος,
2533 3231 2773 3295 τούτους,
2810 3230 2944 3302 ὁμοῦ
2973 3234 3040 3302 τῇ
3073 3231 3172 3303 θέᾳ
3202 3231 3309 3285 τῶν
3342 3231 3655 3300 ἀλλοφύλων
3687 3248 3782 3300 γυ-

2191 3324 2397 3378 ναικῶν
2438 3322 2912 3393 καταὼυλωθῆναι
2949 3325 3016 3395 τῇ
3048 3323 3209 3395 νόσῳ·
3250 3324 3402 3378 οὐδὲν
3439 3324 3649 3394 ἕτερον,
3684 3340 3783 3376 καο

2191 3411 2299 3473 θὼς
2333 3411 2546 3482 εἴρηται
2570 3453 2584 3477 ,
2614 3411 2908 3474 δείκνυσιν,
2955 3412 2989 3482 ἢ
3022 3412 3084 3465 τὸ
3118 3412 3395 3484 δύσμαχόν
3419 3429 3482 3466 τε
3509 3409 3648 3467 εἶναι
3686 3412 3783 3466 καὶ

2189 3502 2693 3572 δυσανταγώνιστον
2720 3503 2978 3573 πολέμιον
3008 3503 3167 3574 ἡμῶν
3190 3504 3288 3576 τὴν
3317 3504 3531 3575 ἡδονήν.
3570 3504 3642 3556 Ἥ
3673 3503 3781 3556 τῶν

2189 3593 2471 3666 ἀηττήτων
2511 3598 2625 3657 τοῖς
2656 3595 2840 3658 ὅπλοις
2872 3595 3008 3666 ὁμοῦ
3045 3596 3124 3666 τῷ
3152 3596 3386 3666 φανῆναι
3434 3596 3783 3667 κατακρατή-

496 3708 658 3758 σασα,
704 3692 765 3747 τὸ
793 3693 894 3764 τῆς
937 3694 1164 3765 ἀτιμίας
1199 3694 1390 3763 ἤγειρε
1436 3693 1557 3745 κατ’
1594 3691 1777 3745 αὐτῶν
1809 3692 2091 3762 τρόπαιον,
2116 3688 2222 3742 ὑπὸ
2272 3691 2512 3762 μάρτυρι
2565 3690 2643 3762 τῷ
2698 3692 2841 3760 φωτὶ
2891 3690 2991 3762 τὴν
3035 3692 3298 3762 αἰσχύνην
3362 3692 3541 3745 αὐτῶν
3600 3690 3783 3762 στηλι-

493 3784 751 3841 τεύσασα.
793 3788 973 3859 Βοσκή
984 3804 1131 3858 ματα
1159 3787 1267 3857 γάρ
1295 3786 1364 3839 δι’
1393 3787 1589 3857 ἑαυτῆς
1613 3787 1740 3849 τοὺς
1769 3784 2093 3856 ἀνθρώπους
2123 3782 2429 3850 ἀπέδειξεν,
2459 3784 2553 3848 οὓς
2581 3788 2613 3856 ἡ
2645 3785 2925 3857 κτηνώδης
2956 3786 3050 3840 καὶ
3088 3786 3278 3853 ἄλογος
3340 3785 3476 3857 πρὸς
3504 3786 3604 3859 τὴν
3658 3788 3781 3841 ἀκο-

494 3878 686 3932 λασίαν
743 3880 887 3951 ὁρμὴ
934 3878 1260 3934 ἐκλαθέσθαι
1301 3879 1401 3941 τῆς
1451 3879 1800 3949 ἀνθρωπίνης
1842 3879 2101 3931 ἀνέπεισε
2148 3878 2382 3947 φύσεως·
2418 3877 2538 3949 μηδ’
2566 3878 3071 3950 ἐπικρυπτομένους
3094 3879 3154 3932 τὸ
3182 3878 3335 3947 ἄγος.
3397 3880 3515 3933 ἀλλ’
3567 3882 3783 3952 ἐμπομ-

497 3971 761 4036 πεύοντας
791 3975 858 4043 τῇ
905 3971 1101 4041 ἀτιμίᾳ
1131 3968 1226 4022 τοῦ
1262 3969 1488 4033 πάθους,
1525 3971 1619 4022 καὶ
1679 3969 2261 4039 ὲγκαλλωπιζομένους
2324 3969 2402 4041 τῷ
2444 3970 2542 4041 τῆς
2600 3970 2866 4040 αἰσχύνης
2922 3971 3213 4041 μιάσματι,
3262 3972 3407 4025 συῶν
3455 3973 3612 4045 δίκην
3650 3977 3782 4029 ἀνα-

499 4068 694 4139 φανδὸν
736 4070 793 4119 ὲν
844 4068 964 4128 ταῖς
1010 4065 1253 4135 ἀλλήλων
1282 4064 1437 4133 ὄψεσι
1484 4064 1563 4134 τῷ
1598 4065 1695 4135 τῆς
1739 4065 2080 4135 ἀκαθαρσίας
2116 4065 2362 4138 βορϐόρῳ
2408 4065 2942 4136 ὲγκαλινδουμένους.
3004 4066 3070 4118 Τί
3096 4064 3189 4121 οὖν
3214 4066 3293 4137 τῷ
3314 4067 3616 4138 διηγήματι
3660 4087 3782 4123 παι-

498 4161 800 4232 δευόμεθα;
875 4159 935 4213 τὺ
990 4159 1260 4231 μαθόντας
1310 4161 1457 4230 ἡμᾶς
1480 4182 1483 4187 ·
1504 4159 1637 4230 ὅσην
1690 4160 1842 4230 ἰσχὺν
1905 4161 2041 4231 πρὸς
2086 4161 2146 4215 τὸ
2199 4161 2368 4216 κακὸν
2392 4163 2425 4233 ἡ
2446 4162 2543 4232 τῆς
2567 4161 2763 4232 ἡδονῆς
2786 4160 2898 4232 ἔχει
2918 4161 3092 4225 νόσος,
3124 4161 3201 4225 ὡς
3220 4164 3304 4215 ὅτι
3337 4161 3570 4233 μάλιστα
3598 4162 3782 4234 πόρρω

499 4254 594 4308 τοῦ
631 4253 871 4307 τοιούτου
919 4251 1309 4321 γειτονήματος
1353 4251 1444 4302 τὸν
1489 4249 1700 4303 ἑαυτῶν
1752 4250 2060 4314 ἀποικίζειν
2116 4252 2265 4322 βίον·
2318 4253 2395 4318 ὡς
2437 4252 2503 4307 ἂν
2545 4254 2617 4324 μή
2677 4267 2800 4306 τινα
2837 4251 3070 4322 πάροδον
3101 4253 3222 4305 καθ’
3258 4252 3414 4323 ἡμῶν
3444 4253 3586 4327 λάϐῃ
3614 4256 3648 4324 ἠ
3698 4254 3783 4308 νό-

503 4365 611 4412 σος,
652 4340 761 4400 οἷόν
779 4362 834 4398 τι
870 4343 981 4413 πῦρ
1009 4344 1096 4396 διὰ
1122 4344 1216 4396 τοῦ
1247 4342 1653 4414 προσεγγισμοῦ
1683 4342 1782 4413 τὴν
1811 4344 2053 4415 πονηρὰν
2095 4344 2268 4415 φλόγα
2311 4345 2805 4417 κατεργαζόμενον.
2847 4343 3019 4397 Τοῦτο
3069 4344 3177 4415 γὰρ
3208 4344 3447 4398 διδάσκει
3502 4345 3678 4410 λέγων
3728 4346 3784 4397 ἐν

500 4441 566 4510 τῇ
590 4437 761 4509 Σοφία
811 4436 1082 4508 Σολομὼν,
1136 4436 1209 4506 μὴ
1241 4434 1528 4505 ἐπιψαύειν
1575 4434 1668 4488 τοῦ
1716 4435 1989 4505 ἄνθρακος
2056 4436 2247 4507 γυμνῷ
2302 4436 2382 4508 τῷ
2412 4436 2551 4501 ποδὶ,
2597 4437 2733 4508 μήτε
2763 4436 2820 4489 δὲ
2849 4434 2960 4506 πῦρ
2985 4434 3062 4505 τῷ
3110 4428 3305 4506 κόλπῳ¹
3349 4436 3779 4490 ὲναποτίθεσθαι·

501 4528 576 4592 ὼς
610 4532 666 4583 ὲν
693 4530 823 4599 ἡμῖν
860 4526 920 4580 ὃν
961 4530 1018 4580 ὲν
1056 4527 1295 4598 ἀπαθείᾳ
1327 4528 1527 4596 μένειν,
1566 4527 1672 4590 ἕως
1704 4530 1770 4581 ἀν
1809 4527 2092 4599 πόρρωθεν
2135 4524 2288 4599 ὦμεν
2346 4529 2437 4583 τοῦ
2502 4528 2916 4592 ὑπεκκαίοντος·
2956 4530 3003 4581 εί
3032 4527 3087 4581 δὲ
3118 4530 3239 4582 κατ’
3294 4530 3428 4583 αὐτὸ
3470 4530 3784 4600 γενοίμεθα,

503 4622 578 4684 ὡς
625 4619 923 4689 ἐπιψαῦσαι
968 4619 1068 4688 τῆς
1117 4618 1372 4682 διακαοῦς
1420 4619 1623 4690 ταύτης
1678 4618 2044 4691 θερμότητος,
2104 4621 2392 4690 ὲγκόλπιον
2441 4620 2502 4675 τὸ
2547 4620 2658 4693 πῦρ
2696 4621 2797 4691 τῆς
2830 4619 3125 4691 ἐπιθυμίας
3158 4621 3468 4692 γενήσεται,
3496 4622 3591 4675 καὶ
3615 4621 3787 4685 οὕτως

505 4711 930 4780 ἐπακολουθήσει
954 4712 1048 4763 καὶ
1073 4710 1151 4779 τῷ
1179 4710 1300 4763 ποδὶ
1327 4712 1360 4781 ἡ
1394 4711 1609 4774 καῦσις,
1641 4712 1734 4763 καὶ
1764 4712 1797 4781 ἡ
1828 4711 2096 4782 διαφθορά
2126 4712 2203 4783 τῷ
2228 4713 2435 4783 κόλπῳ.

578 4803 634 4857 In
672 4801 965 4872 Evangelio
1010 4817 1228 4872 quoque
1260 4801 1547 4866 Dominus,
1604 4811 1664 4856 ut
1699 4804 1859 4873 longe
1885 4804 1954 4856 ab
1990 4803 2084 4857 hac

2279 4805 2367 4858 Ἐν
2410 4804 2466 4857 δὲ
2496 4804 2574 4876 τῷ
2613 4802 2930 4874 Εύαγγελίῳ
2959 4805 2987 4856 6
3016 4803 3221 4875 Κύριος
3267 4807 3330 4875 τῇ
3364 4804 3470 4877 ἰδίᾳ
3503 4809 3677 4878 φωνῇ,
3713 4807 3787 4871 ὡς

507 4910 608 4950 nos
649 4899 803 4963 peste
854 4892 1172 4959 abduceret,
1231 4892 1586 4962 cupiditatem
1620 4895 1820 4964 ipsam,
1858 4909 1979 4964 qua!
2008 4893 2092 4947 vi-

506 4988 686 5043 dendo
748 4986 990 5052 irrepere
1042 4986 1225 5051 solet,
1285 4985 1442 5056 quasi
1497 4987 1735 5041 radicem
1795 4986 2094 5057 voluptatis

504 5080 729 5141 evulsit,
777 5079 1076 5134 ostendens
1137 5093 1243 5132 non
1296 5094 1420 5133 esse
1477 5078 1884 5148 susripiendam
1939 5077 2095 5149 cupi-

506 5173 737 5227 ditatem
770 5171 913 5232 visu,
970 5186 1089 5242 quae.
1118 5170 1182 5225 ad
1213 5178 1394 5225 actum
1442 5170 1620 5242 ipsum
1653 5170 1971 5240 planissima
2005 5170 2127 5247 via_

506 5271 613 5317 est.
672 5260 807 5316 Nam
867 5262 1212 5332 perniciosus
1261 5262 1447 5317 omnis
1502 5262 1728 5317 morbus
1773 5263 2095 5333 pestilentiae

507 5371 682 5417 more,
739 5357 785 5411 si
835 5356 1005 5411 semel
1044 5354 1363 5426 principalia
1416 5356 1772 5424 occupaverit
1825 5359 2092 5419 membra,

511 5450 625 5503 sola
658 5456 834 5503 morte
857 5449 1100 5504 sedatur.
1136 5445 1241 5502 Sed
1266 5449 1500 5519 longiori
1524 5449 1772 5504 oratione
1808 5463 1949 5519 opus
1971 5462 2094 5502 esse

513 5554 618 5593 non
666 5541 925 5603 arbitror,
964 5550 1021 5593 ut
1054 5539 1219 5593 vitam
1254 5538 1426 5611 Moysi
1475 5547 1646 5594 totam
1697 5540 1752 5594 in
1786 5539 2091 5609 exemplum

514 5625 729 5684 virtutis
777 5622 1074 5687 lectoribus
1117 5630 1432 5687 aﬂeramus.
1465 5630 1597 5685 Nam
1630 5630 1674 5687 si
1707 5629 1831 5702 quis
1862 5629 1928 5685 ad
1961 5629 2093 5686 sub-

608 5811 650 5844 ”
670 5811 837 5869 Eccli.
870 5828 993 5879 vui,
1029 5814 1115 5868 {5.

2198 4898 2263 4951 ἂν
2294 4897 2579 4969 πόρρωθεν
2625 4894 3035 4966 φυλαχθείημεν
3069 4894 3162 4948 τοῦ
3199 4895 3443 4948 τοιούτου
3474 4897 3669 4961 κακοῦ,
3698 4916 3789 4952 κα-

2197 4988 2374 5060 θάπερ
2401 4988 2522 5062 τινὰ
2555 4988 2708 5058 ῥίζαν
2738 4984 2833 5039 τοῦ
2875 4986 3080 5048 πάθους
3106 4984 3205 5055 τὴν
3237 4984 3326 5039 διὰ
3370 4985 3463 5039 τοῦ
3502 4987 3628 5039 ίδείν
3673 4990 3789 5041 ἑπι-

2197 5079 2397 5149 θυμίαν
2447 5079 2670 5149 ἐξέτεμε
2695 5119 2709 5144 ,
2740 5075 3031 5138 διδάσκων,
3071 5076 3153 5128 ὃτι
3198 5077 3227 5128 6
3254 5078 3319 5145 τῇ
3362 5075 3483 5144 ὕψει
3526 5076 3587 5129 τὸ
3620 5077 3788 5140 πάθος

2198 5169 2671 5242 παραδεξάμενος,
2721 5167 2840 5222 ὁδὸν
2883 5166 3066 5220 δίδωσι
3113 5167 3232 5220 κατ’
3269 5166 3465 5220 ἑαυτοῦ
3514 5170 3581 5239 τῇ
3625 5168 3783 5237 νόσῳ.

2201 5262 2283 5315 Τά
2314 5259 2425 5331 γάρ
2458 5257 2671 5330 πονηρά
2695 5257 2804 5311 τῶν
2830 5255 3196 5327 παθημάτων,
3223 5254 3411 5327 λοιμοῦ
3440 5255 3614 5327 δίκην,
3645 5259 3787 5309 ἐπει·

2199 5353 2296 5406 δάν
2315 5352 2462 5419 ἅπαξ
2481 5353 2589 5404 τῶν
2612 5352 2842 5423 καιρίων
2861 5350 3273 5421 κατακρατήσῃ,
3292 5347 3371 5419 τῷ
3386 5347 3600 5418 θανάτῳ
3622 5349 3786 5402 παύε-

2199 5463 2288 5498 ται
2354 5443 2519 5515 μόνῳ.
2578 5442 2719 5495 Ἀλλ’
2760 5440 2915 5494 οὐδὲν
2962 5436 3116 5510 οἶμαι
3165 5440 3364 5510 χρῆναι
3403 5439 3667 5511 μηκύνειν
3705 5439 3787 5491 τὸν

2199 5538 2379 5606 λόγον,
2430 5535 2608 5589 πάντα
2664 5534 2777 5587 τοῦυ
2811 5531 3091 5595 Μωῦσέως
3143 5531 3234 5584 τὸν
3289 5530 3401 5601 βίον
3456 5532 3538 5593 είς
3594 5530 3784 5600 ἀρετῆς

2203 5630 2509 5701 ὑπόδειγμα
2555 5626 2909 5701 προτιθέντας
2949 5626 3061 5687 τοῖς
3117 5622 3529 5695 ἐντυγχάνουσι.
3565 5621 3658 5696 Τῷ
3687 5621 3784 5691 γάρ
