3888 6350
217 344 322 398 £25

1549 325 1644 380 DE
1683 320 1845 379 VITA
1879 319 2154 378 MOYSIS.

3349 323 3454 380 426

217 457 352 529 πρὸς
391 453 486 522 τὴν
529 453 862 526 ὑψηλοτέραν
896 450 1041 522 ζωὴν
1075 447 1264 502 ἑαυτὸν
1308 445 1668 506 ἀνατείναντι,
1727 440 1786 492 ού

1904 438 2159 492 iuniorem
2211 436 2334 491 vita:
2368 436 2632 490 rationem
2680 433 2956 504 aspirarit,
2990 449 3100 490 non
3155 435 3353 510 exigua
3391 453 3458 494 ex

218 547 386 621 μικρά
416 547 613 616 γένοιτ’
663 546 729 600 ἂν
776 545 914 616 πρὸς
956 544 1053 616 τὴν
1078 541 1254 613 ἀληθῆ
1300 537 1616 610 φιλοσοφίαν
1666 535 1790 606 ἐφό-

215 642 300 696 δια
338 639 403 694 τά
445 639 729 710 εἰρημένα.
779 635 870 707 Τῷ
915 636 972 690 δὲ
1023 633 1438 707 μαλακιζομένῳ
1481 631 1616 702 πρὸς
1665 631 1789 691 τοὺς

215 733 354 803 ὑπὲρ
380 732 478 800 τῆς
513 730 712 800 ἀρετῆς
753 727 1014 800 ἱδρῶτας,
1059 725 1161 780 κᾶν
1193 716 1569 777 πολλαπλάσια
1603 722 1789 792 γραφῇ

215 823 320 877 τῶν
373 821 699 892 εἰρημένων,
745 819 895 873 οὐδὲν
955 818 1022 872 ἂν
1081 819 1145 871 ἐκ
1205 817 1298 870 τοῦ
1355 817 1518 868 πόνου
1583 814 1792 882 γένοιτο

217 914 426 984 ὕφελος.
461 913 608 968 Πλὴν
649 912 725 974 ὡς
755 911 820 964 ἂν
851 910 926 980 μὴ
956 909 1112 962 τοῦτο
1136 949 1148 972 ,
1180 909 1321 962 κατά
1370 906 1461 960 τὸν
1505 904 1788 975 προοιμίου

216 1003 508 1072 διορισμὸν,
543 1003 680 1074 λήθη
713 1001 940 1069 γένοιτο,
961 1003 1018 1053 ἐν
1042 995 1122 1064 οἷς
1146 1000 1276 1070 ἡμῖν
1307 1001 1335 1051 ὁ
1353 997 1506 1065 λόγος
1533 994 1794 1067 διϊσχυρί-

221 1093 646 1163 ζεται,τοιοῦτον
700 1088 836 1146 εἶναι
885 1091 974 1144 τὸν
1008 1091 1210 1142 τέλειον
1247 1089 1357 1159 βίον
1384 1127 1398 1150 ,
1437 1082 1498 1142 οὗ
1554 1085 1794 1158 μηδεμία

221 1185 532 1253 περιγραφὴ
579 1183 912 1251 τελειότητος
945 1180 1140 1234 κωλύει
1173 1181 1268 1250 τὴν
1303 1179 1526 1248 πρόοδον
1555 1194 1566 1206 ·
1607 1177 1719 1229 ἀλλ’
1759 1179 1792 1248 ἡ

221 1273 352 1341 πρὸς
393 1273 454 1325 τὸ
489 1275 733 1343 κρεῖττον
769 1272 853 1324 ἀεὶ
882 1272 1145 1341 γινομένη
1199 1270 1290 1323 τοῦ
1325 1269 1790 1339 βίου’ἐπαύξησις,

220 1366 332 1428 ὁδός
370 1367 484 1416 ἐστι
533 1367 599 1434 τῇ
653 1363 797 1434 ψυχῇ
849 1363 983 1434 πρὸς
1011 1363 1323 1416 τελείωσιν·
1353 1361 1532 1424 καλῶς
1571 1360 1636 1414 ἂν
1683 1360 1794 1431 ἔχοι

223 1459 352 1528 πρὸς
382 1457 444 1510 τὸ
470 1456 642 1528 πέρας
663 1457 756 1509 τοῦ
780 1457 892 1526 βίου
921 1456 1162 1516 Μωσέως
1183 1453 1486 1522 ἀγαγόντας
1503 1453 1593 1506 τὸν
1615 1453 1792 1521 λόγον,

223 1551 431 1620 ἀσφαλῆ
454 1549 624 1614 δεῖξαι
644 1549 734 1602 τὸν
758 1548 1085 1602 ἀποδοθέντα
1105 1549 1234 1616 ἡμῖν
1263 1547 1384 1615 ὅρον
1407 1546 1508 1616 τῆς
1525 1543 1794 1612 τελειότη-

222 1658 325 1704 τος.
395 1641 456 1692 Ὁ
502 1640 611 1708 γὰρ
661 1639 749 1692 διὰ
780 1639 1046 1692 τοσούτων
1082 1639 1396 1692 ἀναϐάσεων
1429 1635 1579 1706 παρὰ
1620 1635 1795 1688 πάντα

223 1733 306 1785 τὸν
363 1733 480 1803 βίον
527 1731 865 1802 ύψούμενος,
897 1731 995 1783 οὐκ
1043 1729 1288 1799 ἠπόρησε
1327 1727 1582 1796 γενέσθαι
1634 1726 1796 1779 πάλιν

141 1833 152 1842 ·
225 1821 411 1874 ἑαυτοῦ
445 1819 804 1890 ὑψηλότερος
834 1819 910 1880 ὡς
940 1818 1025 1881 ἂν,
1054 1814 1226 1889 οἶμαι,
1250 1817 1337 1870 διὰ
1370 1818 1607 1881 πάντων,
1637 1815 1794 1868 ἀετοῦ
1828 1787 1870 1840 Β
1899 1811 2093 1866 deatur
2141 1829 2153 1865 :

223 1911 392 1982 δίκην,
431 1911 738 1982 ὑπερνεφὴς
777 1909 940 1964 αὐτοῦ
976 1909 1229 1981 θεωροίτο
1251 1912 1283 1978 ἡ
1320 1907 1432 1978 ζωὴ
1473 1907 1566 1960 καὶ
1594 1907 1798 1976 μετέωη

227 2020 334 2074 ρος,
369 2004 502 2072 περὶ
547 2002 638 2055 τὸν
671 2003 865 2072 αίθέρα
885 2001 982 2070 τῆς
1014 2000 1209 2070 νοητῆς
1237 1999 1552 2060 ἀναϐάσεως
1588 1997 1797 2050 ἑλισσο-

228 2095 377 2164 μένη.
434 2092 684 2164 Ἐτέχθη,
731 2095 819 2146 ὅτε
852 2092 912 2144 τὸ
939 2091 1192 2162 τεχθῆναι
1235 2091 1481 2162 Ἑϐραῖον
1509 2088 1661 2158 παρά
1686 2091 1797 2151 τοῖς

228 2183 544 2252 Αἰγυπτίοις
565 2183 807 2253 ἀδίκημα
832 2183 999 2248 ἔδοξε.
1020 2182 1126 2234 Τοῦ
1151 2181 1206 2234 δὲ
1227 2182 1489 2252 τυράννου
1512 2180 1630 2233 τότε
1649 2181 1798 2250 νόμῳ

218 2275 312 2326 τὸν
345 2274 608 2345 τεχθέντα
645 2274 982 2338 κολάζοντος,
1015 2274 1282 2345 κρείττων
1309 2273 1517 2341 γίνεται
1547 2271 1642 2324 τοῦ
1669 2271 1800 2340 φθο-

232 2367 446 2436 ροποιοῦ
481 2367 672 2437 νόμου,
702 2365 1026 2436 περισωθεὶς
1053 2365 1120 2418 τά
1163 2367 1258 2436 μὲν
1300 2365 1491 2436 πρῶτα
1517 2365 1667 2436 παρά
1691 2363 1798 2418 τῶν

228 2458 661 2528 γεννησαμένων,
709 2457 844 2528 μετά
883 2456 1054 2511 ταῦτα
1087 2458 1142 2510 δὲ
1191 2459 1322 2528 παρ’
1363 2457 1540 2510 αὐτῶν
1572 2456 1680 2509 τῶν
1711 2473 1800 2510 τε·

229 2546 480 2601 θεικότων
526 2548 620 2602 τὸν
647 2548 827 2618 νόμον.
860 2547 966 2600 Καὶ
998 2543 1079 2610 οἷς
1114 2549 1142 2600 ὁ
1188 2547 1414 2610 θάνατος
1461 2547 1626 2600 αὐτοῦ
1651 2547 1800 2618 νόμῳ

229 2638 692 2708 κατεσπουδάσθη,
719 2632 864 2692 οὗτοι
899 2638 960 2690 οὐ
989 2637 1091 2708 τῆς
1138 2637 1283 2708 ζωῆς
1319 2638 1497 2708 μόνον,
1523 2637 1659 2692 ἀλλά
1703 2640 1800 2692 καὶ

229 2729 322 2800 τῆς
352 2730 644 2802 εὐδοκίμου
697 2727 846 2798 ζωῆς
889 2730 1068 2782 πᾶσαν
1093 2731 1478 2800 είσηνέγκαντο
1521 2731 1796 2802 πρόνοιαν,

231 2821 311 2874 διὰ
336 2823 520 2893 πάσης
541 2823 731 2892 σοφίας
757 2823 1055 2890 ἀγαγόντες
1076 2823 1170 2875 τὸν
1197 2823 1333 2875 νέον.
1353 2825 1399 2875 Κ
1408 2823 1634 2894 ρείττων
1663 2823 1802 2894 μετά

229 2913 394 2966 ταῦτα
425 2913 637 2982 γίνεται
664 2913 766 2984 τῆς
797 2913 1145 2984 ἀνθρωπίνης
1172 2915 1356 2986 τιμῆς,
1388 2915 1479 2968 καὶ
1528 2917 1625 2986 τῆς
1657 2914 1803 2984 βασι-

233 3005 382 3076 λικῆς
407 3006 566 3071 ἀξίας
598 3006 916 3078 ὑπέρτερος,
949 3006 1298 3078 ἰσχυρότερον
1325 3007 1416 3060 καὶ
1449 3007 1800 3076 βασιλικώτε-

1887 532 1998 601 jam
2033 530 2194 585 dictis
2238 527 2306 582 ad
2353 542 2536 583 veram
2565 525 2965 598 phiIOSOphiam
2998 527 3219 594 viatica,
3263 537 3318 584 et
3351 528 3464 584 vir—

1891 623 2028 678 tutis
2081 621 2326 692 exempla
2380 621 2578 690 poterit
2609 618 2810 673 habere
2843 637 2856 672 :
2900 617 2992 688 qui
3022 625 3202 673 autem
3228 618 3463 674 molliori

1891 723 1976 770 est
2007 715 2212 776 animo,
2256 725 2421 781 quam
2467 717 2528 764 ut
2565 709 2763 765 sudare
2801 722 2902 778 pro
2931 707 3130 764 virtute
3155 709 3304 772 velit,
3337 725 3462 774 nec,

1891 808 2105 863 etiamsi
2157 806 2329 860 multo
2368 806 2521 874 plura
2560 802 3056 868 conscriberemus,
3096 804 3464 858 commovebi-

1895 909 2000 955 tur.
2031 898 2228 954 Verum
2253 898 2509 968 quoniam
2535 895 2859 965 incipientes
2881 909 2999 950 eam
3021 892 3316 964 perfectam
3341 909 3464 949 esse

1892 995 2060 1050 vitam
2106 992 2523 1063 descripsimus,
2570 991 2727 1060 cujus
2773 1004 3124 1060 progressum
3165 989 3314 1042 nulla
3369 987 3468 1042 de-

1895 1085 2122 1154 scriptio
2153 1082 2506 1154 perfectionis
2533 1088 2699 1145 vetat,
2733 1079 2828 1134 sed
2859 1079 3254 1132 incrementum
3285 1077 3462 1146 ipsum

1893 1177 1963 1231 ad
2010 1177 2220 1245 majora
2283 1181 2335 1229 et
2366 1174 2590 1228 meliora
2640 1173 2730 1227 via
2777 1179 2862 1226 est
2907 1171 2975 1225 ad
3023 1169 3465 1240 perfectionem:

1895 1267 2147 1321 Mosaicae
2211 1271 2334 1320 vitae
2390 1265 2692 1318 orationem
2745 1261 3113 1322 deduximus,
3179 1260 3464 1312 veritatem

1897 1361 2043 1414 illius
2077 1358 2464 1426 descriptionis
2499 1355 2808 1410 ostendere.
2843 1351 3104 1406 Videmus
3133 1351 3275 1405 enim
3313 1350 3465 1403 illum

1896 1451 2155 1504 continue
2211 1465 2308 1518 per
2345 1457 2513 1501 totam
2553 1447 2720 1499 vitam
2761 1443 2824 1497 ad
2865 1443 3060 1496 altiora
3092 1440 3464 1501 sublimatum,

1897 1540 2068 1593 multo
2083 1539 2456 1593 sublimiorem
2485 1537 2666 1606 seipso
2689 1536 2746 1588 in
2771 1535 2877 1588 line
2902 1534 3026 1587 vita:
3052 1532 3252 1586 factum
3279 1530 3467 1593 fuisse,

1898 1641 1958 1686 ut
1986 1631 2140 1700 quasi
2190 1631 2371 1698 aquila
2424 1645 2588 1698 super
2641 1629 2838 1692 nubes,
2869 1635 2924 1682 et
2957 1627 3024 1680 ad
3055 1627 3234 1696 ipsum
3265 1623 3469 1678 aethera

1899 1721 2322 1774 intellectualem
2366 1718 2621 1773 circulari
2650 1733 2880 1772 ascensu
2909 1725 3200 1787 provectus
3232 1729 3354 1769 esse
3387 1713 3470 1765 vi-

2208 1819 2387 1864 tamen
2442 1822 2604 1864 natus
2661 1817 2768 1873 est,
2831 1825 2954 1862 cum
3001 1807 3260 1877 injuriam
3311 1813 3470 1875 partu

1898 1904 2130 1958 masculi
2157 1901 2432 1972 Egyptiis
2459 1900 2638 1956 facere
2689 1907 3036 1970 putarentur,
3073 1913 3197 1953 cum
3234 1898 3351 1966 lege
3388 1903 3473 1967 ty-

1898 2007 2108 2047 rannus
2144 2007 2320 2046 mares
2351 1989 2608 2060 parvulos
2652 1989 3052 2058 insequeretur.
3089 1985 3194 2040 Sed
3223 2001 3252 2038 a
3276 2000 3473 2054 paren-

1901 2081 2047 2134 tibus
2097 2081 2356 2148 primum,
2406 2076 2604 2132 deinde
2636 2077 2705 2131 ab
2754 2077 2889 2146 ipsis
2913 2077 3091 2147 legum
3145 2073 3473 2146 perniciosis

1900 2170 2169 2224 latoribus
2201 2169 2473 2236 sublatus,
2511 2169 2788 2238 superavit
2827 2167 2963 2238 legis
2992 2167 3194 2230 minas,
3228 2175 3282 2221 et
3313 2165 3467 2220 vixit.

1902 2261 1977 2315 lta
2021 2260 2115 2330 qui
2168 2259 2282 2329 lege
2327 2259 2521 2314 mortis
2561 2273 2684 2312 eum
2739 2257 3090 2320 damnarunt,
3139 2271 3250 2310 non
3292 2256 3470 2311 solum

1900 2350 2104 2412 vivere,
2149 2349 2242 2404 sed
2278 2349 2415 2403 bene
2447 2362 2670 2418 quoque
2701 2346 2883 2418 vivere
2909 2346 3089 2415 ipsum
3115 2351 3471 2407 curaverunt,

1901 2453 1965 2492 ac
1990 2455 2085 2508 per
2107 2453 2300 2494 omnes
2348 2437 2732 2508 ZEgyptiorum
2761 2417 3050 2491 doctrinas
3081 2437 3472 2491 educaverunt.

1905 2527 2281 2598 Magnitudine
2312 2527 2511 2582 deinde
2549 2526 2715 2580 animi
2740 2541 2954 2580 onmem
2992 2525 3252 2581 honorem
3284 2526 3478 2578 huma-

1901 2637 2056 2686 num,
2099 2636 2316 2676 omnem
2352 2619 2557 2688 regiam
2605 2619 2948 2688 dignitatem,
3003 2633 3330 2687 omnemque
3357 2617 3474 2686 glo-

1901 2715 2041 2766 riam
2082 2719 2408 2782 aspernatus
2439 2721 2522 2766 est
2557 2728 2570 2764 :
2605 2709 3201 2778 magniﬁcentissimum
3236 2709 3379 2764 enim
3411 2723 3477 2762 ac

1903 2806 2114 2876 regium
2140 2804 2428 2873 judicavit,
2471 2817 2580 2856 non
2607 2800 2931 2856 satellitibus
2964 2806 3269 2870 ornatuque
3302 2801 3475 2870 regio,

1903 2897 2003 2952 sed
2056 2897 2261 2950 virtute
2308 2895 2596 2958 custodiri,
2642 2901 2695 2948 et
2729 2893 2948 2947 virtutis
2995 2901 3192 2946 ornatu
3226 2891 3474 2964 gloriari.

1908 2991 2162 3061 {Egyptio
2193 2987 2392 3044 deinde
2425 2987 2713 3042 interfecto
2739 2986 2908 3040 civem
2937 2985 3318 3055 servavit:pro
3355 2985 3480 3055 qui-

236 3114 326 3169 ρον
352 3097 568 3170 κρίνας,
599 3097 720 3150 ἀντὶ
754 3097 864 3148 τῶν
888 3098 1220 3168 δορυφόρων,
1255 3097 1350 3150 καὶ
1390 3099 1481 3150 τοῦ
1521 3098 1796 3168 βασιλικοῦ

1905 3081 2008 3136 bus
2059 3096 2161 3135 nos
2196 3080 2478 3134 inimicum
2511 3086 2676 3147 atque
2723 3076 2959 3130 amicum
2993 3077 3186 3131 anima:
3213 3077 3481 3132 intellexi-

233 3188 569 3260 κόσμου,τὴν
601 3189 702 3258 τῆς
725 3189 925 3259 ἀρετῆς
953 3189 1196 3260 φρουρὰν
1215 3189 1376 3259 ἔχειν,
1392 3191 1486 3243 καὶ
1509 3191 1585 3260 τῷ
1600 3193 1802 3262 ταύτης

236 3279 415 3352 κόσμῳ
445 3278 969 3349 ἐγκαλλωπίζεσθαι.
993 3280 1148 3333 Μετά
1178 3281 1334 3334 τοῦτο
1356 3283 1716 3352 περισώζεται
1744 3283 1805 3336 τὸ

230 3371 516 3441 ὁμόφυλον,
547 3370 640 3423 καὶ¹
685 3369 1012 3424 καταϐάλλει
1041 3373 1105 3441 τῇ
1147 3371 1324 3442 πληγῇ
1365 3373 1458 3424 τὸν
1483 3373 1801 3441 Αίγύπτιονο

237 3465 492 3518 νοούντων
526 3461 680 3534 ἡμῶν
715 3463 805 3514 διὰ
861 3463 957 3532 τῆς
992 3460 1344 3532 ἐξεταστικῆς
1377 3463 1606 3536 θεωρίας
1634 3466 1723 3517 τόν
1747 3482 1804 3518 τε

237 3555 419 3626 ἐχθρὸν
446 3556 546 3624 τῆς
589 3553 784 3624 ψυχῆς,
821 3553 914 3606 καὶ
963 3552 1054 3606 τὸν
1106 3553 1276 3621 φίλον.
1318 3551 1450 3608 Εἶτα
1492 3555 1806 3610 διδάσκαλον

241 3645 594 3716 τῶνίύψηλῶν
639 3644 974 3715 μαθημάτων
1016 3649 1248 3699 ποιεῖται
1288 3647 1388 3716 τὴν
1419 3647 1666 3717 ἡσυχίαν,
1712 3645 1806 3700 καὶ

237 3735 368 3789 οὕτω
414 3735 712 3804 φωτίζεται
753 3736 850 3806 τὴν
889 3735 1126 3790 διάνοιαν
1174 3735 1252 3806 τῷ
1301 3736 1437 3802 φωτὶ
1489 3735 1565 3804 τῷ
1603 3737 1666 3788 ἐκ
1704 3736 1804 3805 τῆς

241 3826 392 3896 βάτου
429 3828 774 3897 ὲκλὰμψαντι
794 3844 806 3859 ⁸
839 3828 933 3881 καὶ
960 3828 1081 3880 τότε
1130 3827 1366 3897 σπουδὴν
1423 3829 1656 3880 ποιεῖται
1689 3845 1804 3881 κοι-

242 3920 466 3989 νωνῆσαι
505 3919 619 3980 τοῖς
648 3918 936 3988 ὁμοφύλοις
981 3917 1090 3971 τῶν
1129 3917 1312 3970 θεόθεν
1337 3917 1482 3988 αύτῷ
1508 3918 1805 3989 γεγενημέ-

239 4027 336 4062 νων
368 4011 573 4064 καλῶν.
618 4011 705 4062 Ἑν
754 4009 962 4072 τούτοις
1003 4009 1193 4079 διπλῆν
1235 4009 1526 4078 ἐποιήσατο
1572 4008 1673 4076 τῆς
1719 4008 1806 4060 δυ-

239 4101 444 4172 νάμεως
482 4103 582 4172 τὴν
612 4101 888 4168 ἐπίδειξιν,
915 4102 1014 4172 τὴν
1062 4101 1159 4172 μὲν
1191 4100 1494 4172 ἀμυντικὴν
1527 4102 1666 4155 κατά
1698 4101 1805 4154 τῶν

238 4194 508 4259 ἐναντίων,
537 4195 593 4246 ἐν
623 4192 982 4262 πολυτρόποις
1006 4209 1066 4246 τε
1085 4193 1178 4246 καὶ
1201 4191 1522 4263 ἐπαλλήλοις
1546 4193 1802 4264 πληγαϊςο

235 4284 329 4353 τὴν
359 4285 414 4338 δὲ
453 4285 828 4355 εύεργετικὴν,
853 4285 944 4337 ἐπὶ
979 4284 1088 4338 τῶν
1138 4285 1443 4355 ὁμοφύλων.
1495 4287 1679 4354 Διὰγει
1717 4287 1806 4339 διὰ

235 4374 323 4426 τοῦ
355 4377 628 4444 πελάγους
652 4375 742 4428 τὸν
781 4376 1029 4429 τοσοῦτον
1049 4375 1176 4429 λαὸν
1207 4377 1347 4441 ποδὶ,
1377 4379 1438 4430 ού
1471 4379 1652 4432 στόλον
1681 4380 1806 4430 ἐαυ-

1908 3188 2056 3226 mus.
2101 3171 2231 3226 Post
2281 3173 2396 3226 hare
2445 3172 2682 3240 quietem
2742 3183 2806 3223 ac
2844 3169 3194 3224 solitudinem
3255 3169 3480 3239 majoris

1907 3266 2012 3320 sibi
2046 3265 2350 3335 disciplinas
2401 3262 2530 3317 fecit
2559 3263 2901 3333 magistram,
2924 3272 2977 3316 et
2999 3261 3078 3317 sic
3098 3262 3216 3316 luce
3244 3278 3312 3318 ex
3341 3263 3480 3318 rubo

1911 3357 2150 3425 fulgente
2183 3357 2424 3408 animum
2454 3354 2772 3409 illustravit.
2805 3352 3002 3408 Studet
3028 3367 3370 3408 communem
3399 3352 3482 3407 l'a-

1908 3461 2033 3502 cere
2076 3446 2194 3502 suis
2231 3444 2546 3500 felicitatem
2582 3443 2687 3499 sibi
2714 3444 2978 3500 divinitus
3009 3445 3324 3514 praestitam.
3361 3443 3481 3511 Qua

1907 3539 1960 3592 in
2011 3554 2068 3592 re
2097 3538 2384 3606 dupliciter
2410 3536 2518 3589 vim
2550 3551 2664 3590 suae
2691 3536 2909 3591 virtutis
2940 3535 3328 3604 manifestarit,
3354 3554 3480 3591 cum

1905 3627 2194 3697 Aﬂgyptios
2243 3626 2564 3680 resistentes
2615 3625 2803 3680 multis
2852 3623 3027 3678 modis
3074 3637 3235 3695 atque
3272 3627 3483 3681 crebris

1906 3718 2228 3772 vulneribus
2270 3715 2612 3778 ulciscendo,
2647 3725 2758 3770 tum
2791 3730 2922 3770 suos
2966 3716 3036 3770 ab
3082 3719 3231 3771 omni
3267 3733 3483 3787 semper

1908 3809 2217 3864 imminenti
2244 3807 2556 3862 calamitate
2595 3807 2990 3862 conservando.
3029 3805 3188 3863 Ducit
3197 3825 3302 3880 per
3334 3826 3484 3865 mare

1907 3902 2071 3956 siccis
2099 3911 2310 3955 tantum
2343 3900 2602 3970 populum
2640 3898 2889 3968 pedibus,
2923 3915 3032 3953 non
3055 3917 3064 3938 τ’
3083 3900 3314 3956 navibus
3342 3915 3357 3962 ς
3385 3904 3482 3956 sed

1909 3993 2014 4048 iide
2047 3995 2270 4064 pelagus
2300 3993 2522 4046 transit.
2557 3991 2710 4045 Fecit
2742 3999 2803 4045 ut
2833 3989 3104 4061 profunda
3141 3993 3304 4047 maris
3335 4001 3484 4048 terra

1911 4089 2063 4141 sicca
2095 4085 2337 4140 Hebraeis
2365 4092 2533 4148 esset,
2566 4082 2837 4154 [Egyptiis
2868 4098 3020 4148 vero,
3057 4093 3113 4137 ut
3143 4091 3321 4151 erant,
3355 4099 3484 4155 pro-

1908 4179 2080 4233 funda
2129 4185 2294 4248 atque
2329 4190 2522 4245 aspera
2562 4175 2755 4228 maria.
2801 4173 3014 4229 Cecinit
3053 4183 3206 4244 parta
3255 4175 3486 4231 victoria

1915 4271 2152 4334 laudem,
2197 4269 2299 4323 via:
2357 4268 2552 4322 ducem
2607 4269 2915 4322 columnam
2964 4269 3176 4331 habuit,
3228 4271 3351 4339 igne
3381 4285 3487 4326 ete-

1919 4363 2042 4418 lesti
2064 4372 2149 4417 est
2168 4361 2532 4423 illuminatus,
2556 4375 2622 4414 ex
2643 4361 2768 4415 cibo
2796 4362 3012 4416 caelitus
3035 4363 3203 4416 misso
3237 4377 3482 4417 mensam

239 4463 310 4536 τῷ
331 4467 473 4538 νηῶν
498 4469 943 4538 παρασκευάσας,
965 4469 1100 4522 ἀλλά
1126 4469 1224 4540 τὴν
1254 4439 1434 4523 πίστιν
1457 4472 1638 4534 αὐτοῖς
1668 4472 1801 4542 πρὸς

1926 4465 2270 4536 praeparavit,
2302 4475 2494 4516 manus
2527 4470 2746 4514 sursum
2789 4455 2980 4518 erexit,
3024 4461 3078 4508 et
3112 4452 3360 4507 Amalech
3393 4453 3482 4508 de-

237 4553 321 4606 τὸν
372 4555 635 4610 διάπλουν
682 4558 1191 4626 ναυπηγησάμενος,
1249 4558 1442 4628 χέρσον
1500 4551 1646 4614 ποιεῖ
1695 4564 1809 4623 τοῖς

247 4644 514 4718 Ἑϐραίοις
547 4647 636 4701 τὸν
671 4647 850 4718 βυθὸν,
871 4648 1144 4702 θάλασσαν
1163 4651 1220 4704 δὲ
1247 4655 1358 4715 τοῖς
1377 4653 1692 4722 Αἰγυπτίοις
1707 4653 1810 4723 τὴν

240 4735 534 4794 θάλασσαν.
577 4736 720 4812 1ᾙσε
759 4741 828 4794 τὰ
888 4742 1131 4796 ἐπινίκια
1153 4759 1164 4772 ·
1193 4743 1447 4816 ὡδηγήθη
1482 4745 1561 4816 τῷ
1593 4745 1804 4815 στύλῳ*

241 4829 508 4902 ἐφωτίσθη
545 4829 626 4901 τῷ
647 4831 883 4903 οὐρανίῳ
912 4832 1064 4902 πυρὶ,
1091 4832 1368 4904 τράπεζαν
1395 4836 1459 4888 ἐκ
1481 4835 1579 4905 τῆς
1603 4833 1809 4890 ἄνωθεν

240 4922 437 4990 τροφῆς
466 4922 644 4992 ἐαυτῷ
673 4925 1072 4993 παρεστήσατο.
1101 4925 1214 4994 Τῆς
1242 4923 1446 4996 πέτρας
1486 4925 1806 4996 ἐνεφορήθη,

237 5009 332 5074 τάς
361 5015 551 5084 χεῖρας
572 5012 844 5066 ἀνέτεινεν
882 5015 974 5066 ἐπὶ
1011 5016 1077 5085 τῇ
1118 5014 1226 5067 τῶν
1267 5015 1646 5086 Ἀμαληκιτῶν
1695 5018 1808 5070 ἀπ-

238 5098 416 5171 ωλείᾳ.
457 5101 784 5174 Προσϐαίνει
816 5102 892 5172 τῷ
929 5103 1064 5174 ὃρει,
1103 5104 1161 5156 ἐν
1213 5103 1398 5175 γνόφῳ
1425 5104 1652 5172 γίνεται,
1685 5103 1810 5158 σάλ-

240 5205 430 5260 πιγγος
469 5194 692 5262 ἤκουσε,
725 5197 791 5265 τῇ
823 5195 945 5266 θείᾳ
973 5193 1132 5263 φύσει
1161 5196 1552 5266 προσήγγισεν,
1577 5195 1683 5248 ὑπὸ
1709 5195 1810 5266 τῆς

239 5278 440 5335 ἄνωθεν
468 5283 673 5352 σκηνῆς
700 5284 1048 5354 περιεσχέθη,
1071 5282 1168 5352 τὴν
1190 5284 1488 5352 ἱερωσύνην
1512 5283 1806 5354 ἐκόσμησε,

241 5369 332 5442 τὴν
383 5373 588 5445 σκηνὴν
618 5374 884 5446 ἐπήξατο,
916 5378 1026 5439 τοῖς
1053 5375 1238 5446 νόμοις
1263 5375 1360 5446 τὴν
1390 5374 1534 5446 ζωὴν
1569 5373 1810 5446 διωρθώ-

243 5479 386 5525 σατο,
407 5465 538 5529 τοὺς
565 5466 905 5532 τελευταίους
928 5467 1196 5537 πολέμους
1227 5467 1368 5521 κατά
1395 5467 1488 5520 τὸν
1519 5469 1809 5540 εἰρημένον

239 5554 436 5624 τρόπον
483 5555 844 5626 κατώρθωσεν
863 5575 877 5588 ·
911 5559 1005 5610 ἐπὶ
1031 5558 1173 5611 τέλει
1207 5557 1316 5612 τῶν
1341 5558 1806 5629 κατορθωμάτων,

239 5643 335 5714 τὴν
371 5647 665 5702 ἀκολασίαν
710 5649 799 5704 διὰ
832 5653 927 5721 τῆς
977 5648 1275 5720 ἱερωσύνης
1336 5649 1580 5704 ἐκόλασε.
1637 5649 1809 5704 Τοῦτο

243 5736 348 5812 γὰρ
373 5743 408 5810 ἡ
454 5741 546 5795 διὰ
595 5741 685 5794 τοῦ
729 5743 913 5806 Φινεὲς
963 5741 1226 5812 γενομένη
1269 5741 1408 5796 κατὰ
1460 5741 1553 5796 τοῦ
1605 5742 1810 5811 πάθους

561 5836 834 5900 Parnm.
881 5837 997 5898 Gn.
1046 5835 1269 5898 XLIV.

209 5912 245 5920 ~—

1915 4557 2155 4612 bellavit.
2216 4553 2465 4608 Accessit
2521 4550 2589 4604 ad
2641 4554 2924 4608 montem,
2977 4545 3034 4599 in
3084 4545 3372 4614 caliginem
3424 4561 3486 4601 se

1913 4646 2117 4710 intulit,
2151 4644 2336 4698 tubam
2371 4639 2600 4705 audivit,
2633 4637 2744 4692 Deo
2778 4635 3136 4706 propinquior
3169 4635 3346 4690 factus
3376 4647 3482 4697 est,

1908 4737 1962 4792 in
2003 4737 2287 4806 superiore
2342 4731 2700 4787 tabernaculo
2747 4728 3054 4793 habitavit,
3114 4728 3480 4782 sacerdotium

1911 4827 2222 4893 exornavit,
2273 4825 2505 4880 inferius
2530 4821 2938 4877 tabernaculum
2979 4817 3244 4881 condidit,
3274 4819 3485 4889 legibus

1911 4922 2078 4974 vitam
2121 4919 2404 4973 hominum
2451 4913 2700 4976 munivit,
2765 4912 2904 4967 bella
2955 4911 3190 4980 plurima
3245 4911 3486 4966 invictus

1911 5012 2101 5081 gessit,
2148 5023 2212 5062 ac
2269 5010 2322 5059 in
2373 5005 2480 5060 line
2527 5017 2754 5059 suarum
2803 5016 2988 5056 rerum
3037 5008 3315 5070 gestarum
3361 5016 3458 5070 per

1914 5102 2111 5157 niciem
2163 5098 2394 5154 luxuria:
2416 5112 2513 5166 per
2551 5093 2918 5151 sacerdotium
2952 5091 3194 5162 punivit;
3216 5091 3320 5144 hoc
3341 5093 3486 5146 enim

1911 5196 2004 5250 illa
2055 5193 2305 5262 designat
2351 5191 2455 5255 ira,
2493 5203 2604 5258 qua
2650 5186 2883 5240 Phinees
2921 5185 2974 5237 in
3022 5182 3486 5253 perturbationem

1913 5287 2062 5340 illam
2111 5282 2318 5338 exarsit
2352 5299 2367 5335 :
2399 5289 2452 5334 et
2487 5288 2610 5348 post
2664 5277 2779 5331 haec
2821 5275 3003 5330 omnia
3036 5275 3092 5327 in
3119 5282 3356 5326 montem
3404 5289 3490 5326 rc-

1915 5375 2118 5448 quietis
2143 5371 2410 5435 ascendit,
2435 5385 2543 5424 non
2568 5367 2852 5422 descendit
2872 5365 2938 5418 ad
2971 5362 3258 5418 inferiores
3287 5373 3486 5428 terras,

1914 5483 2024 5538 quo
2052 5467 2210 5520 turba
2239 5463 2424 5534 populi
2445 5477 2512 5516 ex
2549 5457 2974 5529 repromissione
2999 5454 3354 5525 respiciebat;
3387 5470 3488 5510 nec

1912 5559 2060 5614 enim
2108 5558 2333 5611 illicitur
2365 5551 2624 5615 terrenis,
2675 5548 2768 5619 qui
2813 5547 3131 5602 ccelestibus
3159 5548 3488 5618 invigilavit;

1916 5651 2012 5705 sed
2037 5662 2256 5705 sursum
2290 5645 2358 5699 ad
2394 5646 2573 5714 ipsum
2606 5640 2811 5696 montis
2841 5639 3098 5694 verticem
3129 5641 3484 5703 constitutus,

1919 5750 1979 5798 ut
2011 5739 2377 5812 peritissimus
2408 5733 2706 5793 statuarius
2740 5741 2852 5790 tota
2883 5732 3010 5789 vitae
3053 5749 3168 5789 suae
3199 5733 3489 5806 diligenter

3052 5827 3123 5890 14
