3888 6398
460 357 583 412 -ι27
1722 361 1781 417 S.
1814 361 2147 420 GREGOBII
2184 365 2481 424 NYSSENI
3619 378 3717 434 iis

479 475 710 535 conficta
741 478 1067 542 statua,non
1106 471 1265 528 linem
1306 473 1360 528 in
1390 481 1635 532 extremo
1665 477 1906 534 fictionis
1936 488 2022 535 ter

2149 485 2286 557 ὀργὴ
2339 485 2653 559 ὑπῃνίξατο.
2723 486 2846 541 Ἐπὶ
2895 489 3031 544 πᾶσι
3077 488 3306 556 τούτοις,
3359 487 3599 559 πρόσεισι
3636 491 3719 559 τῷ

477 570 646 634 mino,
679 565 773 622 sed
804 564 1061 620 verticem
1107 563 1391 636 imposuit.
1433 566 1577 634 Quid
1607 569 1751 624 enim
1781 570 1913 625 dicit
1958 571 2022 626 hi

2150 575 2267 647 δρει
2310 546 2826 647 τῆςιάναπαύσεως,
2862 581 2965 635 οὐκ
2990 546 3572 650 ὲπιϐαίνειστῆςικάτω
3595 546 3717 652 γῆς,

476 659 644 714 storia
670 656 737 711 de
768 656 925 725 ipso?
952 673 970 707 ι
998 653 1250 711 Mortuus
1278 665 1363 712 est
1387 656 1600 730 Moyses
1622 674 1812 715 servus
1833 660 2022 716 Domin

2152 667 2289 737 πρὸς
2306 668 2373 738 ἢν
2406 669 2435 721 ὁ
2464 669 2615 723 κάτω
2643 668 2770 733 λαὸς
2804 669 2864 734 ἐξ
2905 670 3240 739 ἐπαγγελίας
3271 670 3453 741 ὲὼρα’
3486 671 3545 724 ού
3571 670 3725 738 γεύε-

476 764 573 818 per
603 747 830 803 verbum
866 746 984 815 Dei,
1032 762 1136 803 nec
1180 748 1329 804 ullus
1361 750 1517 805 novit
1564 752 1875 822 sepulcrum
1902 752 2021 822 ejus

2150 774 2240 811 ται
2271 760 2467 830 γητνης
2490 760 2698 831 τροφῆς
2728 760 2827 824 ἔτι,
2857 764 2886 814 ὁ
2914 765 2979 833 τῇ
3006 761 3218 817 ἀνωθεν
3253 761 3577 833 ὲπιρρεούσῃ
3622 779 3723 831 με·

474 853 573 893 nec
608 839 752 893 oculi
798 839 919 909 ejus
965 840 1359 912 caligaverunt,
1404 858 1506 900 nec
1557 842 1726 900 facies
1768 845 1887 915 ejus
1928 861 2022 902 cor

2151 847 2403 917 λετήσας,
2434 848 2547 901 ἀλλ’
2584 849 2697 903 ἄνω
2732 850 3023 921 γενόμενος
3066 850 3185 904 κατ’
3222 851 3391 920 αὐτὴν
3427 849 3520 903 τοῦ
3565 850 3721 919 ὅρους

472 938 634 1000 rupta
675 937 760 986 est
810 931 877 984 ".
921 949 941 984 ι
2151 938 2251 1007 τὴν
2296 937 2622 1009 ἀκρώρειαν,
2654 938 2842 1012 ὥσπερ
2899 958 2983 1005 τις
3016 942 3450 1014 ἀνδριαντοποιὸς
3497 940 3720 1010 ἐπιστή-

475 1039 613 1092 μων,
639 1021 759 1075 ὅλον
809 1021 1004 1077 ἑαυτοῦ
1055 1023 1147 1077 τὸν
1193 1024 1482 1097 ἀνδριάντα
1527 1023 1622 1080 τοῦ
1684 1026 1801 1097 βίου
1847 1028 2306 1101 ἐξεργασάμενος,
2334 1029 2577 1101 ἀκριϐῶς
2634 1031 2728 1083 ἐπὶ
2773 1030 2852 1101 τῷ
2889 1032 3044 1105 ἄκρῳ
3070 1032 3169 1103 τῆς
3206 1030 3566 1099 κατασκευῆς,
3609 1031 3673 1083 οῦ

468 1108 743 1182 τελευτὴν.
778 1111 913 1165 ἀλλά
946 1113 1189 1183 κορυφὴν
1238 1112 1316 1184 τῷ
1367 1113 1514 1186 ἔργῳ
1545 1116 1803 1189 ἐπέθηκε.
1847 1118 1912 1171 Τί
1963 1119 2073 1190 γάρ
2096 1132 2228 1185 φησι
2254 1118 2383 1189 περὶ
2405 1118 2619 1190 αὐτοῦὴ
2647 1120 3013 1191 ἱστορία;ὃτιι
3037 1119 3414 1192 Ἐτελεύτησεν
3439 1123 3467 1174 ὁ
3494 1118 3716 1189 Μωσῆς,

470 1203 654 1274 ἱκέτης
702 1202 934 1274 Κυρίου,
960 1203 1051 1257 διὰ
1095 1206 1338 1276 ῥήματος
1382 1206 1548 1272 Θεοῦ,
1578 1210 1672 1262 κα)⁸
1703 1209 1877 1273 οὐδεὶς
1917 1188 2061 1278 ἔγνω
2103 1208 2203 1279 τὴν
2236 1188 2411 1283 ταιρὴν
2457 1188 2622 1264 αὐτοῦ
2648 1229 2661 1243 ·
2702 1188 2795 1266 καὶ
2820 1215 2870 1267 οἱ
2907 1188 3176 1284 ὀφθαλμοὶ
3216 1188 3381 1266 αὑτοῦ
3417 1213 3514 1265 ούκ
3542 1214 3720 1282 ἠμαυ-

466 1296 747 1370 ρὼθησαν,
782 1297 876 1350 καὶ
897 1296 959 1348 τὸ
988 1295 1279 1365 πρόσωπον
1310 1298 1477 1353 αὑτοῦ
1501 1300 1601 1354 ούκ
1630 1300 1866 1376 ἐφθάρη.
1904 1320 1923 1353 ι
2496 1292 2501 1297 ’

539 1390 679 1446 Hinc
705 1390 850 1446 enim
900 1389 1113 1448 discere
1149 1391 1298 1456 licet,
1344 1401 1478 1464 quot
1510 1396 1840 1465 quantisque
1867 1396 2022 1451 virtu

2216 1376 2590 1463 Δίδασκόμεθα
2633 1393 2741 1465 γάρ
2785 1393 2875 1447 διὰ
2916 1391 3119 1447 τούτων
3142 1432 3156 1457 ,
3185 1394 3267 1447 ὅτι
3314 1389 3402 1445 διὰ
3448 1389 3720 1445 τοσούτων

464 1483 618 1538 tibus
660 1482 764 1537 hoc
793 1496 953 1538 sacro
997 1482 1219 1537 nomine
1255 1482 1455 1552 dignus
1485 1483 1649 1539 homo
1691 1484 1944 1553 ellicitur,
1983 1500 2017 1539 ιι

2146 1487 2582 1556 κατορθωμάτων
2604 1486 2912 1555 γενόμενος,
2952 1485 3074 1537 τότε
3101 1480 3346 1549 ἀξιοῦται
3384 1481 3476 1535 τοῦ
3509 1480 3717 1552 ὑψηλοῦ

468 1576 564 1630 Dei
612 1590 804 1651 servus
850 1573 1196 1644 appelletur?
1240 1571 1347 1628 Dei'
1380 1575 1525 1629 enim
1568 1590 1762 1631 servus
1798 1591 1925 1632 vere
1952 1576 2022 1631 illi

2142 1577 2331 1632 τούτου
2364 1578 2647 1649 ὀνόματος,
2687 1575 2827 1629 ὥστε
2848 1575 3066 1647 οἰκέτης
3105 1573 3367 1645 κληθῆναι
3387 1572 3519 1626 Θεοῦ
3541 1590 3553 1603 ⁸
3575 1573 3720 1645 ὅπερ

467 1675 575 1731 est,
611 1668 705 1737 qui
740 1674 935 1721 caetera
958 1666 1140 1720 omnia
1187 1665 1483 1736 superavit.
1524 1664 1660 1720 Nam
1688 1666 1798 1723 Deo
1837 1668 2022 1724 servin

2143 1669 2290 1722 ἐστὶν
2325 1664 2442 1722 ἶσον
2469 1669 2676 1734 εἰπεῖν,
2708 1668 2790 1720 ὅτι
2822 1666 3022 1729 παντὸς
3065 1663 3328 1735 κρείττων
3364 1663 3590 1732 ἐγένετο.
3629 1664 3717 1717 Οὐ

464 1762 737 1833 quispiam
772 1775 883 1814 non
904 1765 1099 1828 potest,
1126 1757 1230 1813 nisi
1263 1758 1448 1813 omnia
1471 1774 1592 1828 qua:
1623 1760 1676 1813 in
1703 1760 1807 1815 hoc
1832 1761 2022 1815 mundc

2141 1760 2251 1830 γάρ
2291 1760 2356 1815 ἄν
2384 1776 2467 1823 τις
2517 1758 2637 1829 Θεῷ
2693 1757 3018 1820 δουλεύσειε,
3046 1757 3120 1826 μὴ
3168 1754 3276 1809 τῶν
3310 1756 3366 1807 ὲν
3396 1753 3473 1825 τῷ
3524 1753 3718 1823 κόσμῳ

465 1859 615 1916 sunt,
652 1856 875 1920 propter
900 1846 1069 1902 Deum
1112 1848 1396 1917 spreverit.
1443 1846 1556 1902 Hoc
1579 1856 1759 1903 autem
1791 1850 1893 1919 ipsi
1927 1851 2037 1904 vir-

464 1946 637 1992 tuosze
667 1951 885 2008 quoque
907 1936 1033 1989 vitae
1072 1935 1235 2004 hujus
1258 1935 1440 1990 saeculi
1471 1937 1632 1991 linem
1665 1938 1840 2005 allcrt,
1869 1940 2034 1994 verbo

462 2028 558 2084 Dei
588 2032 1050 2086 consummatum,
1076 2022 1236 2079 linem
1263 2023 1388 2078 dico
1422 2024 1623 2088 vivum,
1658 2025 1744 2080 cui
1782 2040 1889 2080 non
1917 2042 2034 2081 suc-

462 2120 617 2174 cedat
636 2118 940 2187 sepultura,
973 2115 1064 2169 cui
1093 2129 1201 2170 non
1237 2114 1469 2169 addatur
1494 2117 1753 2178 tumulus,
1787 2117 1880 2186 qui
1911 2118 2034 2171 nul-

459 2213 567 2265 lam
604 2208 782 2264 oculis
826 2206 1135 2276 caliginem,
1171 2205 1375 2259 nullam
1421 2204 1579 2260 faciei
1623 2208 2028 2276 corruptionem

460 2298 705 2355 inducat.
760 2296 902 2362 Quid
940 2296 1108 2365 igitur
1149 2294 1379 2349 historia
1423 2309 1526 2350 nos
1570 2294 1699 2350 hinc
1737 2296 2032 2352 admonet?

460 2391 529 2444 ad
584 2402 752 2444 unum
788 2400 909 2441 esse
955 2385 1116 2439 linem
1150 2382 1313 2437 nobis
1354 2382 1410 2435 in
1453 2386 1554 2437 hac
1582 2386 1693 2437 vita
1727 2385 2030 2452 respicien-

458 2481 611 2546 dum,
653 2487 713 2532 ut
755 2476 898 2532 servi
946 2474 1040 2529 Dei
1090 2489 1288 2529 nomen
1333 2489 1713 2545 assequamur.
1750 2476 1880 2529 Nam
1905 2491 2029 2530 cum

457 2586 650 2627 omnes
679 2568 927 2623 inimicos
957 2564 1245 2628 deviceris,
1276 2563 1617 2635 )Egyptium,
1648 2565 2027 2632 Amalecitam,

456 2663 772 2721 ldummum,
798 2656 1177 2722 Madianitam;
1220 2668 1345 2708 cum
1368 2669 1541 2724 aquas
1578 2657 1879 2724 transieris,
1903 2673 2027 2711 cum

454 2754 599 2808 nube
624 2749 961 2804 illuminatus
1002 2746 1194 2809 fueris,
1232 2761 1354 2801 cum
1398 2747 1678 2802 caelestem
1712 2764 1903 2818 panem
1934 2763 2029 2803 co-

453 2841 713 2903 mederis,
758 2853 881 2893 cum
915 2836 1184 2891 munditie
1225 2845 1388 2906 atque
1426 2839 1750 2893 castimonia
1799 2839 1902 2893 iter
1931 2838 2028 2894 tibi

452 2934 524 2988 ad
553 2939 791 2986 montem
812 2927 1138 2991 confeceris,
1167 2944 1295 2983 cum
1337 2929 1595 2983 tubarum
1627 2929 1810 2985 sonitu
1843 2930 2026 2984 divina

452 3026 507 3079 in
536 3031 719 3078 monte
738 3027 1084 3075 sacramenta
1115 3019 1401 3083 didiceris,
1424 3034 1547 3074 cum
1572 3021 1627 3074 in
1652 3022 1882 3091 caligine
1914 3021 2026 3076 Deo

452 3119 556 3190 ipsi
587 3111 1134 3186 appropinquaveris,
1171 3125 1234 3165 ac
1264 3111 1334 3165 ab
1357 3125 1422 3165 eo
1449 3112 1785 3166 tabernaculi
1821 3121 2027 3183 myste-

452 3210 557 3271 ria,
603 3213 658 3261 et
693 3202 986 3260 sacerdotii
1020 3200 1343 3271 dignitatem
1389 3203 1718 3272 perceperis,
1755 3219 1881 3257 cum
1946 3205 2025 3257 tui

450 3295 638 3351 cordis
677 3292 845 3346 lucris
894 3287 1149 3361 lapicida,
1196 3295 1256 3341 ut
1303 3287 1359 3342 in
1410 3288 1532 3358 ipso
1575 3288 1760 3344 divina
1808 3292 2025 3362 eloquia

449 3393 746 3442 exarentnr
779 3397 809 3436 a
844 3381 976 3445 Deo,
1010 3395 1134 3433 cum
1162 3393 1388 3433 aureum
1422 3378 1625 3433 idolum
1660 3379 1942 3450 deleveris,
1972 3383 2022 3437 id

449 3489 557 3542 cst,
605 3490 824 3531 avaram
873 3473 1228 3543 cupiditatem
1283 3486 1314 3526 e
1372 3470 1484 3526 vita
1532 3474 1843 3539 sustuleris,
1898 3490 2022 3530 cum

387 3599 393 3604 -
447 3573 720 3643 exaltatus
753 3568 889 3623 adeo
933 3565 1125 3628 fueris,
1174 3572 1233 3619 ut
1270 3562 1600 3619 Balaamicis
1647 3567 1859 3622 artibus
1902 3568 2023 3637 capi

448 3677 690 3733 nequeas
721 3659 828 3731 (his
855 3665 1039 3713 autem
1090 3656 1321 3727 magicis
1371 3656 1581 3712 artibus
1631 3659 1811 3713 varias
1859 3659 2023 3729 hujus

443 3759 572 3812 vitae
617 3753 863 3809 fallacias
912 3750 1291 3821 intelligimus,
1345 3748 1549 3820 quibus
1591 3750 1846 3807 homines
1893 3759 2021 3807 tan-

445 3862 613 3917 quam
681 3841 877 3899 Circazi
936 3840 1226 3911 cujusdam
1273 3842 1454 3910 poculi
1500 3842 1761 3897 veneficio
1819 3842 2018 3911 affecti,

443 3937 668 4010 propria
712 3941 878 3990 exuta
924 3941 1143 3996 natura,
1195 3931 1251 3985 in
1306 3933 1513 3989 bestias
1567 3937 2017 4005 commutantur),

444 4045 571 4083 cum
603 4026 700 4079 tibi
737 4023 1130 4095 germinaverit
1161 4022 1457 4077 sacerdotii
1490 4023 1660 4094 virga,
1698 4040 1808 4080 non
1840 4026 2021 4081 humi-

444 4123 617 4176 ditate
649 4127 890 4181 terrena,
925 4115 1021 4172 sed
1052 4130 1082 4169 a
1114 4115 1296 4185 seipsa
1331 4131 1525 4170 nucem
1556 4117 1886 4187 producens,
1920 4136 2021 4175 cu-

442 4213 534 4284 jus
558 4209 795 4266 cortices
830 4206 1002 4263 amari
1032 4214 1088 4261 et
1116 4205 1343 4273 austeri,
1374 4207 1606 4264 nucleus
1639 4210 1702 4263 ad
1730 4212 2021 4267 comeden-

2142 1852 2362 1905 πάντων
2390 1851 2654 1920 κρείττων
2685 1850 2994 1919 γενόμενος.
3029 1846 3198 1901 Τοῦτο
3223 1847 3281 1901 δὲ
3319 1845 3467 1916 αύτῷ
3500 1847 3592 1899 καὶ
3620 1846 3718 1898 τέ-

2141 1942 2229 2005 λος
2249 1942 2364 1995 ἐστὶ
2378 1941 2472 1994 τοῦ
2501 1942 2620 1994 κατ’
2634 1939 2832 2011 ἀρετὴν
2868 1939 3002 2009 βίου,
3023 1937 3109 1991 διὰ
3142 1938 3382 2008 ῥήματος
3414 1933 3545 1989 Θεοῦ
3579 1951 3719 1988 κατ-

2139 2034 2483 2104 ορθούμενον.
2530 2034 2595 2085 Ὃ
2645 2031 2708 2101 δὴ
2759 2030 3012 2099 τελευτὴν
3050 2029 3083 2099 ἠ
3137 2028 3348 2100 ἱστορία
3393 2026 3575 2101 λέγει,
3620 2043 3721 2080 τε-

2138 2120 2331 2190 λευτὴν
2378 2119 2578 2184 ζῶσαν,
2612 2119 2677 2189 ἣν
2711 2118 2771 2171 ού
2804 2116 3106 2186 διαδέχεται
3143 2115 3334 2184 τάφος,
3447 2115 3544 2167 οῦκ
3584 2114 3720 2168 ἑπι-

2139 2209 2403 2280 χὼννυται
2433 2208 2658 2278 τύμϐος,
2693 2210 2725 2278 ἠ
2756 2210 2867 2271 τοῖς
2906 2206 3203 2275 ὀφθαλμοῖς
3240 2205 3591 2277 ἀμαυρότητα
3613 2206 3717 2259 καὶ

2136 2301 2214 2370 τῷ
2240 2299 2515 2370 προσώπῳ
2548 2298 2846 2368 διαφθορὰν
2874 2297 2974 2351 οῦκ
3025 2296 3326 2364 ἐπάγουσα.
3362 2296 3426 2348 Τί
3451 2291 3541 2349 οὖν
3586 2312 3721 2348 παι-

2136 2392 2402 2462 δευόμεθα
2431 2392 2519 2445 διὰ
2545 2390 2653 2444 τῶν
2692 2389 3030 2461 εἰρημένων;
3061 2388 3205 2459 Πρὸς
3238 2387 3296 2442 ἒν
3325 2386 3477 2450 τέλος
3505 2385 3590 2439 διὰ
3612 2384 3717 2439 τοῦ

2138 2484 2253 2555 βίου
2284 2483 2520 2553 βλέπειν,
2557 2482 2649 2535 τὸν
2694 2480 2788 2533 τοῦ
2830 2480 2965 2533 Θεοῦ
3016 2479 3233 2548 οἰκέτην
3265 2478 3352 2531 διὰ
3380 2478 3487 2531 τῶν
3513 2475 3718 2546 βεϐιωο

2140 2574 2314 2644 μένων
2361 2571 2646 2644 κληθῆναι.
2685 2570 2854 2622 Ὅταν
2902 2568 3011 2638 γάρ
3059 2567 3267 2630 πάντας
3315 2567 3441 2628 τοὺς
3486 2564 3720 2635 ἐρχθροὺς

2136 2664 2510 2736 καταγωνίσῃ,
2533 2663 2624 2716 τὸν
2684 2661 3003 2730 Αἰγύπτιον,
3042 2659 3134 2711 τὸν
3187 2656 3587 2729 Ἀμαληκίτην,
3614 2656 3719 2711 τὸν

2147 2758 2460 2828 Ἰδουμαῖον,
2497 2756 2587 2807 τὸν
2621 2753 2957 2820 Μαδιανίτην
2978 2790 2992 2814 ,
3026 2751 3118 2805 καὶ
3168 2751 3411 2822 περάσῃς
3449 2750 3510 2802 τὸ
3544 2748 3715 2823 ὕδωρ,

2134 2848 2229 2902 καὶ
2257 2847 2530 2917 φωτισθῇς
2556 2849 2621 2916 τῇ
2660 2844 2877 2915 νεφέλῃ,
2915 2842 3009 2896 καὶ
3036 2841 3341 2912 γλυκανθῇς
3371 2842 3460 2894 διὰ
3497 2839 3588 2893 τοῦ
3619 2840 3716 2905 ξύ-

2133 2938 2252 3003 λου,
2281 2939 2375 2992 καὶ
2436 2937 2565 3010 πίῃς
2606 2936 2704 3005 τῆς
2753 2934 2980 3005 πέτρας,
3009 2934 3104 2986 καὶ
3154 2933 3252 3003 τῆς
3286 2931 3492 2986 ἄνωθεν
3538 2930 3716 3003 γεύσῃ

2130 3030 2337 3101 τροφῆς
2363 3068 2376 3089 ,
2405 3028 2500 3082 καὶ
2543 3026 2629 3080 διὰ
2678 3026 2775 3095 τῆς
2819 3024 3186 3096 καθαρότητός
3235 3041 3293 3076 τε
3338 3024 3432 3076 καὶ
3491 3023 3717 3096 άγνείας

2129 3118 2451 3188 ὁδοποιήσης
2500 3114 2710 3184 σεαυτῷ
2761 3115 2858 3185 τὴν
2891 3113 2984 3165 ἐπὶ
3034 3114 3094 3165 τὸ
3144 3111 3268 3183 ὅρος
3314 3111 3719 3174 άνοδον,·κὰκεῖ

2128 3207 2418 3277 γενόμενος
2471 3204 2787 3275 κατηχηθῇς
2842 3203 2902 3255 τὸ
2949 3202 3090 3255 θεῖον
3138 3203 3434 3272 μυστήριον
3488 3205 3554 3272 τῇ
3602 3198 3718 3255 τῶν

2128 3299 2444 3368 σαλπίγγων
2488 3299 2628 3368 ἠχῇ·
2658 3295 2754 3349 καὶ
2785 3296 2842 3346 ὲν
2886 3292 2964 3363 τῷ
3012 3292 3372 3363 δυσθεωρήτῳ
3409 3292 3592 3362 γνόφῳ
3621 3292 3717 3346 διὰ

2129 3392 2229 3462 τῆς
2278 3390 2514 3451 πίστεως
2557 3386 2633 3458 τῷ
2659 3384 2777 3455 Θεῷ
2823 3383 3216 3456 προσεγγίσῃς,
3248 3384 3410 3437 κάκεῖ
3456 3383 3715 3455 διδαχθῇς

2125 3483 2194 3536 τὰ
2241 3482 2340 3552 τῆς
2392 3480 2595 3550 σκηνῆς
2648 3476 2962 3548 μυστήρια,
2996 3474 3091 3528 καὶ
3139 3473 3201 3527 τὸ
3250 3474 3348 3544 τῆς
3408 3474 3716 3544 ἱερωσύνης

2122 3573 2367 3643 ἀξίωμα·
2401 3572 2529 3624 ὅταν
2560 3569 2691 3640 γένῃ
2725 3568 2833 3621 τῶν
2872 3566 2982 3621 σῶν
3008 3566 3245 3638 καρδιῶν
3284 3565 3540 3636 λατόμος,
3563 3565 3713 3620 ὥστε

2123 3667 2180 3718 ὲν
2222 3663 2446 3726 ταύταις
2495 3660 2563 3714 τὰ
2603 3660 2722 3713 θεῖα
2777 3659 2935 3727 λόγια
2980 3657 3380 3728 ὲγκεχαράχθαι
3415 3656 3569 3729 παρὰ
3611 3656 3713 3709 τοῦ

2123 3756 2257 3811 Θεοῦ
2280 3771 2295 3786 ⁸
2330 3756 2457 3809 ὅταν
2488 3753 2548 3807 τὸ
2576 3752 2671 3805 τοῦ
2713 3749 2915 3823 χρυσοῦ
2951 3749 3165 3803 εἴδωλον
3189 3745 3713 3819 ὲξαφανίσῃς,τοῦτ“

2123 3848 2277 3911 ἔστι,
2330 3845 2426 3916 τὴν
2480 3842 2864 3913 πλεονεκτικὴν
2916 3839 3210 3909 ἐπιθυμίαν
3263 3838 3552 3909 ὲξαλείψης
3611 3837 3714 3891 τοῦ

2125 3938 2240 4009 βίου
2262 3956 2275 3970 ο
2298 3938 2425 3992 ὅταν
2474 3933 2726 3990 τοσοῦτον
2771 3932 3011 4003 cenem,
3052 3930 3192 3985 ὥστε
3229 3931 3441 4000 ἄμαχος
3466 3929 3715 3999 φανῆναι

2123 4035 2190 4104 τῇ
2217 4031 2442 4101 γοητείᾳ
2465 4027 2559 4082 τοῦ
2604 4026 2833 4096 Βαλαάμ
2854 4043 2868 4057 ’
2895 4024 3148 4094 γοητείαν
3172 4022 3229 4075 δὲ
3272 4022 3528 4086 ἀκούσας,
3575 4023 3676 4092 νόη
3697 4051 3714 4064 -

2124 4124 2212 4178 σύν
2254 4139 2345 4193 μοι
2379 4121 2477 4191 τὴν
2525 4116 2776 4187 ποικίλην
2799 4115 2899 4185 τῆς
2931 4114 3078 4185 ζωῆς
3124 4112 3328 4183 ταύτης
3363 4112 3607 4181 ἀπάτην,
3636 4111 3714 4164 δι’

2118 4210 2186 4288 ἦς
2244 4214 2293 4267 οί
2347 4210 2660 4282 ἄνθρωποι,
2706 4206 2959 4277 καθάπερ
3007 4206 3113 4260 τινὶ
3164 4203 3414 4275 Κιρκαίῳ
3463 4203 3713 4276 κρατῆρι

444 4306 575 4361 dum
611 4301 797 4358 suavis
828 4306 883 4355 et
914 4298 1064 4353 utilis
1111 4298 1205 4365 sit,
1251 4313 1375 4352 cum
1405 4312 1598 4355 omnes
1630 4301 1724 4371 qui
1754 4302 2019 4362 adversus

2129 4302 2623 4376 φαρμακευόμενοι,
2666 4300 2765 4368 τῆς
2817 4297 2957 4361 ἰδίας
3014 4293 3303 4358 ἐκστάντες
3361 4292 3597 4363 φύσεως,
3622 4295 3711 4356 εἰς

444 4406 597 4451 tuam
621 4393 825 4448 audent
848 4389 1168 4461 dignitatem
1203 4389 1507 4461 insurgere,
1538 4400 1632 4447 aut
1654 4402 1802 4450 terra
1821 4397 2021 4453 obrue-

2129 4386 2332 4467 ὰλόγὼν
2385 4392 2595 4466 μορφὰς
2644 4388 3106 4460 μεταπλάττονται
3132 4402 3144 4416 ⁸
3179 4386 3307 4440 ὅταν
3350 4384 3437 4438 διὰ
3478 4384 3713 4438 πάντων

440 4488 520 4543 ris
562 4482 863 4540 secundum
906 4480 1140 4545 Dathan,
1180 4488 1275 4535 aut
1307 4472 1432 4552 igne
1479 4488 1912 4556 consumpseris,
1928 4504 2019 4545 se-

442 4576 684 4633 cundum
732 4573 871 4628 Core
930 4589 942 4625 :
990 4578 1123 4625 tunc
1166 4570 1386 4625 demum
1441 4573 1671 4630 accedes
1720 4574 1788 4630 ad
1832 4576 2014 4634 linem.

441 4665 633 4719 Finem
670 4671 851 4717 autem
882 4659 1027 4723 dico,
1064 4663 1225 4730 cujus
1269 4661 1445 4731 gratia
1473 4672 1669 4719 caetera
1702 4673 1850 4721 sunt.
1880 4665 2016 4721 Nam

444 4766 504 4812 ut
552 4753 900 4826 agriculturae
937 4753 1061 4808 linis
1102 4760 1206 4817 est,
1249 4751 1469 4823 frugum
1498 4757 1811 4826 perceptio;
1847 4758 2018 4814 καὶθ-

442 4848 700 4910 cationis,
741 4844 935 4901 aedium
968 4853 1053 4899 est
1098 4843 1386 4911 habitatio,
1427 4853 1481 4901 et
1520 4847 1910 4917 negOtiationis
1933 4850 2017 4906 di-

441 4940 611 5002 vitiae,
654 4936 972 4993 certaminis
1006 4949 1256 4991 corona:
1295 4936 1377 4992 sic
1430 4938 1691 4994 virtuosae
1720 4939 1847 4995 vitae
1892 4941 2015 4998 ﬁnis

441 5038 545 5094 cst,
602 5034 662 5082 ut
707 5040 903 5080 servus
942 5023 1033 5079 Dei
1064 5031 1117 5079 et
1147 5024 1248 5087 sis,
1282 5031 1336 5080 et
1366 5028 1662 5082 vociteris:
1693 5045 1855 5098 quam
1890 5031 2017 5100 qui-

442 5119 564 5176 dem
612 5118 680 5173 ad
725 5131 840 5187 rem
893 5123 947 5170 et
992 5115 1125 5170 illud
1173 5118 1404 5183 accedit,
1448 5129 1502 5174 ut
1550 5123 1828 5190 sepultura
1853 5124 2016 5179 obrui

445 5225 684 5281 nequeas
710 5225 724 5262 :
747 5207 894 5278 quod
925 5207 1003 5269 lit,
1033 5207 1081 5262 si
1112 5207 1368 5263 vitiorum
1404 5210 1651 5265 omnium
1679 5212 2013 5269 denudatam

442 5304 607 5356 vitam
632 5300 890 5356 colueris.
910 5297 1111 5352 Verum
1132 5298 1296 5368 hujus
1328 5300 1528 5357 divina:
1554 5305 1830 5361 servitutis
1864 5306 2013 5361 aliud

445 5408 660 5463 quoque
709 5392 924 5460 signum
974 5388 1200 5443 historia
1242 5391 1441 5459 tradit;
1492 5407 1594 5447 nec
1633 5396 1777 5449 enim
1822 5397 2014 5451 oculus

449 5483 720 5553 caligabit,
770 5496 871 5535 nec
904 5479 1072 5534 facies
1119 5481 1264 5535 servi
1303 5480 1398 5535 Dei
1445 5495 1844 5552 corrumpetur.
1876 5487 2014 5541 Nam

446 5573 638 5649 oculus
681 5572 774 5641 qui
812 5586 1028 5640 semper
1060 5573 1114 5625 in
1164 5571 1286 5628 luce
1334 5579 1436 5640 est,
1490 5588 1725 5644 quonam
1766 5577 1928 5633 modo
1962 5578 2014 5634 vi

547 5752 592 5786 “
624 5750 777 5809 Deut.
813 5766 1002 5817 xxxtv,
1046 5753 1078 5810 5
1099 5756 1156 5810 7.

2123 4490 2255 4563 γένῃ
2295 4485 2520 4550 τούτων,
2550 4483 2643 4539 καὶ
2682 4481 2959 4553 βλαστήσῃ
2988 4480 3046 4531 ὲν
3083 4476 3167 4531 σοὶ
3211 4475 3310 4547 τῆς
3342 4474 3644 4547 ἱερωσύνης
3674 4477 3713 4544 ἡ

2127 4580 2338 4652 ῥάϐδος,
2369 4579 2404 4648 ή
2450 4574 2716 4647 μηδεμίαν
2750 4572 2872 4625 τινὰ
2902 4570 3006 4641 γῆς
3040 4567 3240 4638 ἰκμάδα
3274 4567 3407 4638 πρὸς
3434 4566 3531 4637 τὴν
3570 4565 3709 4635 βλά-

2130 4688 2261 4743 στην
2291 4667 2624 4739 ἐφελκομένη
2650 4705 2664 4729 ,
2694 4663 2810 4719 ἀλλ’
2844 4661 3050 4715 οἴκοθεν
3081 4658 3174 4714 τοῦ
3223 4657 3434 4728 καρποῦ
3476 4656 3575 4728 τὴν
3612 4656 3713 4710 δύ-

2126 4777 2290 4831 ναμιν
2321 4759 2538 4829 ἔχουσα,
2558 4757 2652 4811 καὶ
2682 4752 2895 4825 καρποῦ
2924 4752 3177 4823 καρυῒνου
3198 4766 3210 4780 ·
3232 4744 3293 4803 οῦ
3318 4751 3350 4820 ή
3381 4750 3479 4820 μὲν
3506 4749 3714 4820 πρώτη

2124 4852 2383 4917 ἔντευξις,
2414 4849 2589 4921 πικρά
2613 4865 2699 4902 τεν
2726 4847 2819 4901 καὶ
2847 4842 3266 4914 κατεστυμμένη
3285 4858 3302 4874 ·
3328 4840 3391 4895 τδ
3417 4841 3476 4893 δὲ
3516 4842 3712 4907 ἐγκεί-

2130 4961 2289 5017 μενον
2336 4942 2578 5007 τούτοις,
2607 4940 2707 5009 ήδὺ
2740 4938 2835 4991 καὶ
2875 4935 3163 5007 ἐδώδιμον·
3194 4935 3320 4987 ὅταν
3360 4935 3469 4986 πᾶν
3505 4933 3569 4985 τὺ
3605 4933 3712 4983 ἐπ-

2126 5036 2485 5107 ανιστάμενον
2537 5031 2680 5087 κατὰ
2720 5028 2815 5082 τοῦ
2854 5027 2948 5081 σοῦ
2987 5026 3314 5097 ἀξιώματος,
3345 5026 3425 5087 εἰς
3467 5025 3721 5092 ἀφανισ-

2130 5125 2227 5196 μὸν
2257 5126 2513 5196 χωρήσῃ,
2546 5119 2687 5176 κατὰ
2729 5118 2821 5172 τὸν
2858 5117 3037 5173 Δαθὰν
3084 5115 3335 5184 ὑπόγειον
3370 5113 3705 5184 γενόμενον·

2119 5214 2153 5286 ἢ
2183 5214 2551 5284 ἐκδαπανηθὲν
2582 5211 2661 5283 τῷ
2685 5211 2839 5282 πυρὶ,
2867 5207 3010 5265 κατὰ
3040 5207 3130 5260 τὸν
3160 5208 3326 5278 Κορέ·
3359 5204 3484 5259 τότε
3521 5221 3714 5277 προσ-

2116 5304 2342 5379 εγγίσῃς
2379 5303 2458 5374 τῷ
2501 5302 2663 5357 τέλει.
2696 5301 2859 5364 Τέλος
2904 5300 2962 5353 δὲ
3000 5298 3165 5366 λέγω,
3202 5290 3264 5351 οῦ
3314 5297 3477 5350 ἕνεκα
3518 5296 3723 5351 πάντα

2119 5399 2328 5467 γίνεται
2367 5414 2382 5429 ·
2411 5392 2541 5459 οἷον,
2577 5393 2726 5456 τέλος
2772 5392 2873 5462 τῆς
2904 5389 3233 5461 γεωργικῆς,
3270 5390 3303 5458 ή
3354 5387 3672 5448 ἀπόλαυσις
3700 5402 3719 5417 ·

2120 5490 2285 5554 τέλος
2308 5489 2407 5560 τῆς
2437 5484 2783 5555 κατασκευῆς
2823 5481 2919 5536 τοῦ
2967 5483 3139 5545 οἴκου,
3174 5482 3208 5552 ή
3260 5481 3470 5550 οἴκησις
3499 5496 3513 5509 ’
3543 5478 3720 5540 τέλος

2122 5582 2219 5653 τῆς
2262 5578 2557 5652 ἐμπορίας,
2588 5578 2617 5631 ὁ
2652 5574 2917 5637 πλοῦτος⁹
2950 5572 3046 5626 καὶ
3099 5570 3203 5627 τῶν
3244 5572 3303 5626 ὲν
3353 5570 3467 5633 τοῖς
3513 5567 3720 5639 ἀγῶσι
