3888 6388
308 420 411 478 429
1633 408 1722 463 DE
1763 408 1922 464 Vl'l‘A
1960 408 2233 465 MUYSIS.
3468 418 3576 477 43!)

304 531 505 597 πόνων,
534 529 565 584 ό
599 530 880 601 στέφανος.
931 527 1089 583 Οὕτω
1118 526 1215 582 καὶ
1241 525 1338 597 τῆς
1377 524 1587 596 ὑψηλῆς
1618 523 1890 587 πολιτείας

2000 523 2348 579 tenebrarum
2389 523 2665 595 caligabit,
2703 539 2935 596 quarum
2969 529 3195 586 omnino
3231 544 3427 601 expers
3460 535 3579 588 est?

301 622 473 689 τέλος,
524 621 586 674 τὸ
628 620 894 693 κληθῆναι
924 618 1141 689 οἰκέτην
1179 616 1313 671 Θεοῦ
1352 634 1365 649 ο
1403 609 1447 684 ᾧ
1481 615 1888 687 συνθεωρεῖται,

1995 622 2049 669 et
2085 612 2180 683 qui
2224 613 2394 668 vitam
2449 615 2715 686 integram
2753 632 2970 689 semper
3023 627 3246 677 secutus
3288 633 3395 689 est,
3439 639 3582 693 quo-

303 714 367 768 τὸ
416 714 492 786 μὴ
535 713 917 785 ὑποχωσθῆναι
952 711 1032 782 τῷ
1067 710 1264 781 τύμϐῳ
1302 725 1318 743 ·
1350 709 1509 762 τοῦτο
1536 708 1594 761 δέ
1649 709 1764 761 ἐστι
1786 749 1801 774 ,
1832 708 1890 762 τὸ

1999 704 2163 759 modo
2214 707 2637 776 corrumpetur?
2677 706 2815 763 Nam
2865 725 2989 765 cum
3026 711 3095 766 ad
3143 711 3437 784 imaginem
3481 711 3581 770 Dei

303 807 521 877 γυμνήν
575 822 636 858 τε
675 805 770 858 καὶ
818 803 1107 875 ἀπέριττον
1151 802 1262 856 τῶν
1318 800 1570 873 πονηρῶν
1625 799 1890 871 ὲφσλκίων

1995 809 2123 851 vere
2156 793 2337 852 factus
2367 797 2460 862 sit,
2486 813 2589 855 nec
2616 814 2855 870 unquam
2889 815 2920 855 a
2939 801 3123 858 divina
3150 802 3326 858 forma
3348 804 3580 875 degene-

302 896 401 966 τὴν
434 894 577 967 ζωὴν
623 893 896 963 γενέσθαι.
926 894 1038 962 Τῆς
1067 892 1123 946 δὲ
1155 891 1399 956 δουλείας
1419 891 1623 963 ταύτης
1654 890 1750 944 καὶ
1777 890 1890 943 ἓτε-

1996 887 2222 955 raverit,
2260 888 2316 943 in
2351 890 2530 961 seipso
2571 899 2749 962 gestat
2775 892 2998 960 indicia,
3030 901 3196 966 atque
3234 896 3288 951 in
3318 896 3580 951 omnibus

301 1003 396 1058 ρον
438 984 728 1057 γνώρισμά
775 1002 940 1055 φησιν
988 986 1018 1037 ὁ
1056 983 1247 1052 λόγος,
1296 983 1358 1036 τὸ
1413 985 1550 1055 μήτε
1607 980 1889 1053 ὀφθαλμὸν

1998 977 2357 1036 similitudine
2388 994 2510 1035 cum
2556 984 2854 1054 exemplari
2900 986 3177 1052 convenit,
3226 987 3581 1058 animumque

298 1075 716 1149 ἁμαυρωθῆναι,
761 1076 898 1146 μήτε
944 1075 1233 1147 πρόσωπον
1269 1073 1652 1145 διαφθαρῆναι.
1690 1072 1748 1126 ὐ
1778 1072 1889 1143 γὰρ

1997 1084 2158 1125 suum
2204 1072 2746 1146 i‘ncorruptihilitate,
2795 1077 3260 1147 immutabilitate,
3307 1087 3469 1151 atque
3508 1080 3580 1134 ab

302 1172 361 1224 ὲν
394 1169 534 1237 φωτὶ
561 1166 649 1220 διὰ
695 1166 898 1229 παντὸς
935 1164 1010 1219 ὢν
1040 1164 1349 1235 ὀφθαλμὸς,
1386 1164 1502 1228 πῶς
1537 1163 1603 1218 ἂν
1630 1164 1890 1234 όιμαυρω⁴

1998 1164 2255 1218 omnibus
2288 1164 2435 1221 vitiis
2484 1165 2835 1223 immunitate
2869 1170 3222 1226 condecorat.

300 1259 524 1331 θήσεται
547 1258 634 1312 διὰ
667 1257 762 1311 τοῦ
808 1257 1054 1323 σκότους,
1094 1252 1155 1313 οὗ
1186 1256 1575 1330 ἡλλοτρίωταις
1625 1257 1771 1311 καὶὸ
1803 1254 1902 1326 τὴν
1947 1253 2259 1328 ἀφθαρσίαν
2302 1259 2360 1311 ἐν
2394 1258 2547 1333 πάσῃ
2599 1262 2667 1331 τῇ
2730 1259 2841 1333 ζωῇ
2904 1262 3278 1334 κατορθώσας,
3321 1260 3580 1328 οὐδεμίαν

304 1351 525 1415 πάντως
569 1351 776 1420 φθοράν
822 1352 907 1420 ἐφ’
970 1350 1163 1405 ἑαυτοῦ
1217 1350 1605 1424 παραδέχεται.
1655 1352 1717 1403 '0
1786 1349 1897 1421 γὰρ
1954 1349 2169 1420 ἀληθῶς
2223 1352 2344 1404 κατ’
2393 1353 2579 1406 εἰκόνα
2631 1353 2767 1407 Θεοῦ
2826 1356 3097 1424 γεγονὼς,
3159 1356 3256 1409 καὶ
3325 1355 3579 1428 μηδαμοῦ

301 1444 686 1515 παρατραπεὶς
730 1441 823 1496 τοῦ
859 1442 1007 1496 θείου
1052 1442 1425 1514 χαρακτῆρος,
1467 1443 1580 1516 ἐφ’
1633 1440 1827 1497 ἑαυτοῦ
1880 1439 1952 1493 τὰ
1997 1441 2355 1513 γνωρίσματα
2415 1443 2609 1516 φέρει,
2644 1444 2739 1498 καὶ
2789 1446 3074 1515 συμϐαίνει
3110 1447 3200 1502 διὰ
3250 1449 3468 1502 πάντων
3510 1450 3579 1519 τῇ
3689 1466 3700 1476 ·

300 1537 557 1609 ὁμοιώσει
605 1537 742 1611 πρὸς
794 1538 856 1591 τὸ
901 1537 1229 1609 ἀρχέτυπον,
1270 1536 1349 1607 τῷ
1382 1536 1642 1609 ἀφθάρτῳ
1683 1554 1743 1591 τε
1783 1536 1876 1590 καὶ
1905 1535 2268 1609 ἀναλλοιώτῳ,
2343 1538 2437 1592 καὶ
2508 1538 2688 1610 πάσης
2741 1540 2932 1611 ἀμιγεῖ
2972 1540 3169 1607 κακίας
3193 1541 3290 1614 τὴν
3332 1540 3466 1595 ίδίαν
3487 1539 3582 1609 ψυ-

296 1631 402 1702 χὴν
430 1629 806 1694 καλλωπίζων.

378 1724 565 1779 Ταῦτά
593 1718 766 1791 σοι,ὧ
822 1724 1077 1796 ἄνθρωπε
1123 1723 1281 1794 Θεοῦ,
1325 1726 1455 1800 περὶ
1503 1727 1602 1798 τῆς
1642 1725 1735 1779 τοῦ
1782 1725 1890 1797 βίον

2072 1719 2199 1777 Haec
2240 1720 2411 1777 habes
2438 1719 2507 1777 de
2533 1720 2660 1776 vitae
2693 1719 3029 1791 perfectione
3059 1734 3184 1775 cum
3216 1719 3434 1779 virtutis
3463 1723 3583 1780 lau-

292 1816 395 1870 τοῦ
454 1816 578 1870 κατ’
624 1815 823 1889 ἀρετὴν
858 1816 1216 1887 τελειότητος,
1260 1819 1567 1891 Καισάριε,
1601 1820 1630 1872 ό
1684 1817 1890 1890 βραχὺς

306 1906 465 1979 ἡμῶν
491 1900 643 1969 οὗτος
664 1905 979 1960 ὑποτίθεται
1011 1906 1188 1977 λόγος,
1224 1902 1339 1962 οἷόν
1369 1926 1422 1962 τι
1451 1908 1808 1980 πρωτότυπον
1832 1909 1891 1961 ὲν

309 2001 492 2070 μορφῇ
542 1997 788 2063 κάλλους,
826 1998 918 2052 τὸν
949 1998 1043 2053 τοῦ
1090 2000 1326 2070 μεγάλου
1362 2000 1606 2064 Μωσέως
1652 1998 1892 2070 ὑπογρά-

299 2091 484 2161 ψαντα
517 2090 662 2161 βίονο
695 2091 778 2159 ἐφ’
890 2092 1015 2156 τοὺς
1052 2092 1173 2146 καθ’
1212 2091 1443 2145 ἕκαστον
1473 2091 1630 2163 ἡμῶν
1670 2090 1759 2144 διὰ
1792 2090 1891 2161 τῆς

294 2180 413 2235 τῶν
444 2180 892 2252 ἐπιτηδευμάτων
939 2183 1225 2253 μιμήσεως
1259 2184 1316 2236 ὲν
1365 2184 1579 2245 ἑαυτοῖς
1617 2180 1892 2253 μεταγρά-

305 2290 428 2342 φειν
454 2272 548 2325 τοῦ
578 2272 985 2344 προδειχθέντος
1009 2275 1143 2344 ἡμῖν
1166 2273 1397 2337 κάλλους
1419 2273 1511 2327 τὸν
1537 2272 1885 2345 χαρακτῆρα.

301 2364 413 2419 Τοῦ
446 2364 556 2434 γὰρ
592 2364 1014 2436 κατωρθωκέναι
1050 2366 1143 2419 τὸν
1175 2366 1379 2420 Μωσέα
1407 2366 1506 2437 τὴν
1536 2365 1892 2436 ἐνδεχομένην

300 2458 658 2530 τελειότητα,
713 2457 799 2521 τίς
850 2457 916 2511 ἂν
968 2459 1103 2528 ἡμῖν
1151 2458 1589 2529 ἀξιοπιστότερος
1641 2456 1891 2528 εὑρεθείη

306 2549 522 2620 μάρτυς
571 2548 673 2619 τῆς
724 2547 875 2611 θείας
913 2549 1116 2620 φωνῆς,
1157 2550 1191 2620 ἥ
1224 2567 1357 2622 φησι
1409 2549 1547 2621 πρὸς
1584 2548 1778 2603 αὐτόν·
1811 2550 1893 2603 ὃτι

316 2632 632 2702 «Ἐγνωνσὲ
654 2636 804 2710 παρὰ
846 2637 1264 2705 πάντας;ιάλλὰ
1293 2639 1388 2691 καὶ
1418 2639 1479 2692 τὸ
1530 2637 1683 2707 φίλον
1730 2637 1893 2690 αὑτὸν

303 2728 670 2799 ὀνομασθῆναι
703 2727 839 2782 Θεοῦ
877 2731 1003 2799 παρ’
1031 2727 1194 2782 αὑτοῦ
1228 2728 1321 2782 τοῦ
1349 2728 1485 2782 Θεοῦ
1505 2745 1519 2759 ο
1556 2728 1649 2781 καὶ
1678 2726 1739 2781 τὸ
1766 2743 1893 2779 συν-

305 2821 606 2876 απολέσθαι
633 2819 830 2890 μᾶλλον
865 2820 1117 2891 ἑλόμενον
1161 2820 1300 2891 μετὰ
1335 2819 1574 2884 πάντων,
1603 2820 1651 2872 εί
1683 2817 1758 2890 μὴ
1793 2818 1890 2871 κὰ-

304 2904 531 2977 κείνοιςξ
558 2907 738 2981 ὲφόἷς
764 2911 1194 2983 ἐπλημμέλησαν
1230 2910 1477 2981 ἱλεωθείη
1508 2910 1573 2964 δι’
1606 2908 1893 2979 εὐμενείας

302 3005 367 3056 τι
390 3006 564 3068 Θεῖον,
604 3004 799 3074 στῆσαι
834 3001 974 3057 κατὰ
1014 3003 1123 3057 τῶν
1167 3001 1518 3075 Ἰσραηλιτῶν
1552 3001 1651 3073 τὴν
1695 3000 1886 3072 ὀργὴν,

302 3094 405 3164 τὴν
451 3093 585 3145 ἰδίαν
616 3092 710 3146 τοῦ
762 3092 898 3146 Θεοῦ
947 3094 1127 3164 κρίσιν
1180 3092 1633 3165 παρατρέψαντος
1662 3094 1783 3156 ,ἵνα
1814 3090 1888 3163 μὴ
1919 3065 1963 3125 C

302 3184 528 3255 λυπήσῃ
558 3182 650 3237 τὸν
683 3183 856 3253 φίλον.
883 3184 995 3238 Καὶ
1031 3182 1210 3237 πάντα
1237 3182 1307 3236 τὰ
1336 3183 1577 3248 τοιαῦτα,
1612 3182 1891 3256 μαρτυρία

252 3311 261 3318 .
305 3272 487 3339 σαφής
525 3270 642 3322 ἐστι
690 3270 784 3322 καὶ
838 3269 1112 3337 ἀπόδειξις
1142 3269 1237 3324 τοῦ
1285 3271 1422 3343 πρὸς
1454 3272 1547 3325 τὸν
1590 3273 1889 3343 ἀκρότατον

299 3360 404 3430 τῆς
446 3359 776 3428 τελειότητος
808 3358 932 3430 ὅρον
966 3358 1362 3430 ἀναϐεϐηκέναι
1393 3360 1484 3414 τοῦ
1512 3361 1757 3425 Μωσέως
1799 3361 1891 3415 τὸν

303 3451 442 3520 βίον.
482 3451 633 3503 Ἐπεὶ
677 3446 770 3504 οὖν
802 3450 960 3503 τοῦτο
992 3451 1122 3521 παρ’
1151 3451 1310 3521 ἡμῶν
1354 3451 1415 3504 τὸ
1446 3451 1775 3523 ζητούμενον
1799 3447 1888 3522 ἦν,

299 3542 359 3596 τί
383 3541 447 3595 τὸ
483 3541 687 3595 τέλειον
720 3541 821 3611 τῆς
858 3542 1116 3613 ἐναρέτου
1174 3542 1448 3606 πολιτείας
1485 3542 1666 3596 ἐστίν·
1692 3543 1888 3614 εὑρέθη

299 3634 364 3689 δὲ
395 3632 482 3687 διὰ
539 3632 647 3686 τῶν
678 3633 982 3705 εἰρημένων
1025 3633 1087 3687 τὸ
1116 3633 1319 3688 τέλειον
1341 3651 1353 3665 ’
1386 3633 1506 3706 ὥρα
1542 3651 1647 3696 σοι,
1678 3628 1723 3687 ὦ
1771 3650 1893 3702 γεν-

300 3725 448 3792 ναῖε,
486 3722 623 3794 πρὸς
652 3723 713 3777 τὸ
759 3723 1063 3793 ὑπόδειγμα
1094 3722 1335 3794 βλέπειν,
1370 3725 1466 3778 καὶ
1509 3722 1580 3777 τὰ
1603 3723 1670 3777 δι’
1699 3722 1892 3795 ὑψηλο-

301 3814 471 3883 τέρας
501 3814 794 3884 ἀναγωγῆς
822 3812 1167 3885 θεωρηθέντα
1207 3814 1336 3886 περὶ
1366 3813 1473 3868 τῶν
1495 3814 1784 3886 ίστορικῶς
1817 3814 1893 3880 εί-

304 3905 588 3977 ρημένων,
623 3904 718 3957 ἐπὶ
736 3905 828 3957 τὸν
854 3903 982 3959 ίδιον
1020 3906 1395 3977 μεταφέροντα
1425 3905 1556 3976 βίον,
1579 3898 1890 3976 γνωσθῆναί

301 4013 365 4049 τε
401 3994 504 4049 ὑπὸ
535 3994 704 4062 Θεοῦ,
733 3997 825 4049 καὶ
862 3996 1016 4066 φίλον
1053 3997 1306 4066 γενέσθαι
1345 3997 1530 4052 αὐτοῦ.
1569 3996 1740 4051 Τοῦτο
1782 3997 1892 4070 γάρ

299 4089 453 4142 ἐστιν
484 4087 559 4152 ὡς
608 4087 822 4159 ἀληθῶς
867 4090 900 4159 ἡ
940 4088 1247 4160 τελειότης,
1281 4089 1339 4145 τὸ
1394 4089 1469 4162 μὴ
1508 4089 1891 4161 δουλοπρεπῶς

304 4176 461 4247 φόϐῳ
495 4177 773 4243 κολάσεως
806 4178 900 4232 τοῦ
936 4179 1079 4233 κατά
1126 4179 1326 4235 κακίαν
1369 4179 1483 4250 βίου
1516 4172 1847 4253 χωρίζεσθαι
1874 4197 1887 4212 °

303 4268 446 4339 μηδὲ
492 4271 558 4339 τῇ
609 4267 718 4323 τῶν
768 4269 977 4340 μισθῶν
1022 4270 1200 4326 ἐλπίδι
1246 4272 1307 4324 τὸ
1362 4272 1568 4340 ἀγαθὸν
1624 4275 1890 4345 ἐνεργεῖν)

298 4360 761 4429 πραγματευτικῇ
811 4372 918 4415 τινι
971 4360 1064 4443 zeal.
1125 4358 1604 4430 συναλλαγματικῇ
1652 4354 1891 4413 διαθέσει

294 4450 882 4522 κατεμπορευομένους
915 4446 1017 4521 τῆς
1059 4450 1317 4523 ἐναρέτου
1353 4450 1497 4523 ζωῆς
1524 4468 1539 4482 ·
1573 4450 1687 4505 ἀλλ’
1717 4452 1888 4523 ὑπερ-

1992 1812 2061 1871 de
2114 1814 2402 1878 traductae,
2450 1813 2615 1868 homo
2672 1811 2790 1879 Dei,
2841 1812 3043 1868 Caesari
3083 1852 3099 1879 ,
3143 1828 3322 1867 meum
3374 1814 3430 1869 in
3478 1815 3583 1870 hac

1994 1906 2149 1963 brevi
2196 1904 2449 1960 oratione
2477 1903 2790 1973 judicium:
2828 1917 2954 1958 nam
3000 1911 3259 1973 tanquam
3300 1907 3582 1978 exemplar

1992 1996 2266 2068 quoddam
2312 1993 2669 2066 perfectionis
2724 1992 2890 2047 vitam
2936 1991 3110 2063 Moysi
3163 1992 3579 2064 descripsimus,

1992 2106 2059 2145 ex
2104 2104 2207 2160 qua
2247 2088 2548 2158 unicuique
2579 2094 2828 2142 nostrum
2868 2101 2964 2156 per
2995 2084 3372 2140 institutorum
3400 2085 3582 2141 imita-

1992 2182 2196 2236 tionem
2237 2171 2291 2233 in
2323 2194 2382 2235 se
2412 2185 2731 2233 monstrata:
2772 2176 2937 2247 hujus
2978 2176 3408 2246 pulchritudinis
3442 2177 3580 2231 cha-

1992 2279 2205 2324 ractera
2226 2268 2521 2338 depingere
2544 2267 2749 2323 licebit.
2778 2266 2936 2333 Quod
2968 2274 3152 2322 autem
3182 2265 3575 2337 perfectionem

1996 2359 2207 2414 homini
2258 2359 2577 2429 possibilem
2632 2357 2852 2429 Moyses
2896 2369 3184 2415 assecutus
3234 2367 3338 2424 est,
3383 2358 3582 2417 divinae

1996 2452 2148 2508 vocis
2180 2451 2493 2506 testimonio
2523 2451 2839 2520 perhibetur
2866 2469 2879 2505 :
2914 2469 2932 2503 ι
2964 2451 3204 2522 Cognovi
3229 2459 3302 2518 te,
3328 2471 3348 2505 ι
3379 2452 3578 2523 inquit,

2000 2561 2019 2594 ι
2059 2551 2255 2614 praeter
2290 2557 2482 2597 omnes
2518 2541 2584 2613 "..
2624 2562 2641 2594 ι
2681 2542 2924 2609 Accedit,
2959 2543 3105 2612 quod
3139 2543 3349 2600 amicus
3379 2543 3472 2599 Dei
3511 2544 3583 2599 ab

1997 2634 2119 2704 ipso
2162 2632 2272 2688 Deo
2325 2641 2678 2702 nuncupatus
2711 2639 2816 2688 est.
2859 2631 3131 2688 Praeterea
3181 2649 3305 2689 cum
3339 2637 3580 2703 peccatis

1998 2723 2184 2793 populi
2222 2722 2373 2777 Deus
2402 2722 2578 2778 iratus
2608 2722 2793 2778 delere
2828 2723 3064 2777 voluerit
3100 2738 3314 2789 omnes,
3343 2740 3580 2796 cumque

1997 2814 2212 2885 Moyses
2238 2829 2346 2868 una
2377 2829 2499 2868 cum
2521 2815 2722 2884 populo
2750 2815 2929 2883 perire
2948 2815 3222 2883 maluerit,
3252 2831 3417 2886 quam
3450 2817 3579 2873 abs-

1996 2921 2103 2976 que
2147 2904 2352 2976 populo
2388 2905 2603 2960 vivere:
2658 2913 2791 2959 tunc
2833 2904 3000 2970 Deus,
3048 2915 3107 2961 ut
3151 2907 3330 2963 amico
3371 2923 3579 2964 morem

1997 3007 2233 3069 gereret,
2283 2998 2538 3069 placatus
2568 3005 2694 3053 est:
2749 3014 2870 3066 qua:
2910 2998 3095 3053 omnia
3140 3000 3458 3069 ostendunt,
3511 3002 3580 3057 ad

1997 3092 2250 3146 humanae
2306 3088 2660 3161 perfectionis
2724 3090 2935 3161 apicem
3011 3090 3166 3145 illum
3234 3092 3577 3161 pervenisse.

1995 3179 2266 3247 Quoniam
2307 3192 2439 3250 ergo
2485 3178 2879 3250 perfectionem
2913 3180 3165 3234 humanae
3204 3180 3327 3235 vitae
3365 3195 3579 3251 quaere—

1995 3270 2214 3336 bamus,
2247 3285 2498 3341 eamque,
2548 3278 2607 3324 ut
2634 3271 2938 3340 potuimus,
2970 3271 3354 3327 adinvenimus
3393 3290 3407 3325 :
3440 3271 3579 3326 nihil

1991 3363 2103 3434 jam
2132 3368 2328 3426 restat,
2373 3361 2483 3416 nisi
2516 3369 2576 3415 ut
2620 3361 2688 3416 ad
2724 3362 3001 3433 exemplar
3031 3362 3178 3417 istud
3215 3363 3486 3427 vivamus,
3515 3377 3582 3417 ac

1995 3451 2290 3522 diligenter
2328 3465 2671 3521 quaecunque
2711 3451 2876 3505 altius
2916 3452 3192 3507 intellecta
3222 3452 3453 3508 historia
3479 3468 3582 3507 no-

1995 3546 2081 3601 bis
2106 3544 2416 3614 proposuit,
2450 3541 2519 3597 ad
2553 3543 2721 3596 vitam
2756 3543 3150 3599 transferentes
3175 3560 3205 3598 a
3238 3544 3349 3601 Deo
3377 3560 3582 3617 cogno-

1995 3652 2236 3700 scamur,
2290 3644 2345 3691 et
2391 3635 2553 3690 amici
2604 3634 2699 3688 Dei
2743 3634 3064 3691 efﬁciamur.
3115 3634 3178 3690 Id
3227 3637 3374 3692 enim
3427 3647 3580 3693 certe

1994 3726 2266 3797 perfectio
2300 3735 2407 3791 est,
2444 3732 2505 3780 ut
2525 3739 2638 3780 non
2670 3725 2871 3780 timore
2889 3738 3202 3795 poenarum,
3232 3727 3395 3783 sicuti
3420 3742 3581 3783 man-

1994 3818 2225 3888 cipium,
2258 3832 2290 3870 a
2319 3815 2470 3872 vitiis
2500 3814 2770 3879 declines,
2798 3831 2901 3871 nec
2929 3815 3188 3872 virtutem
3216 3831 3313 3887 spe
3334 3818 3583 3887 praemio-

1994 3924 2141 3973 rum,
2172 3908 2333 3978 quasi
2364 3907 2689 3963 mercatoris
2725 3905 2924 3963 affectu
2951 3909 3008 3963 in
3036 3908 3502 3978 negotiationibus
3524 3917 3583 3966 et

1998 3997 2405 4063 contractibus,
2447 3996 2804 4067 amplectaris
2839 4012 2851 4048 :
2886 3997 2986 4054 sed
3016 3998 3279 4070 neglectis
3309 3999 3471 4055 etiam
3512 4001 3582 4056 iis

1995 4104 2119 4159 qua:
2173 4088 2230 4143 in
2278 4088 2743 4159 promissionibus
2782 4104 2879 4159 per
2910 4105 3064 4160 spem
3113 4097 3242 4146 sunt
3277 4091 3581 4160 recondita,

1994 4195 2166 4235 unum
2216 4179 2458 4235 terribile
2503 4178 2793 4235 arbitreris
2830 4179 2900 4235 ab
2943 4179 3185 4235 amicitia
3220 4179 3320 4235 Dei
3349 4181 3579 4251 repelli:

2001 4285 2170 4327 unum
2204 4269 2506 4340 expetibile
2535 4268 2737 4335 solum,
2782 4269 3084 4325 amicitiam
3130 4269 3259 4339 Dei;
3297 4286 3405 4342 qua
3439 4272 3579 4339 sola,

1993 4377 2117 4417 meo
2163 4360 2396 4430 judicio,
2453 4361 2565 4413 vita
2602 4358 2844 4415 hominis
2867 4359 3189 4433 perficitur.
3237 4359 3354 4415 Hoc
3402 4361 3584 4432 ipsum

1999 4453 2092 4511 ubi
2119 4452 2337 4508 sublata
2368 4449 2437 4504 ad
2468 4449 2794 4506 sublimiora
2827 4465 2891 4506 ac
2923 4451 3198 4506 diviniora
3230 4461 3416 4510 mente
3446 4468 3584 4510 con-

296 4541 517 4605 ιδόντας
568 4542 787 4594 πάντων
820 4541 1046 4595 καὶτῶν
1086 4544 1144 4595 ὲν
1185 4542 1543 4612 ἐπαγγελίαις
1586 4543 1653 4596 δι’
1678 4543 1890 4608 ἐλπίδος

2002 4554 2230 4602 secutus
2292 4542 2581 4607 fueris,....
2639 4556 2936 4598 commune
2994 4543 3051 4599 id
3103 4544 3208 4598 erit
3264 4544 3481 4599 lucrum
3527 4544 3586 4603 in

296 4630 703 4701 ἀποκειμένων,
736 4630 894 4700 μόνον
939 4630 1190 4702 ἡγεῖσθαι
1223 4632 1477 4704 φοϐερὸν,
1502 4633 1560 4686 τὸ
1588 4634 1686 4705 τῆς
1710 4633 1890 4704 φιλίας

1998 4635 2222 4692 Christo
2271 4633 2404 4690 Iesu
2447 4632 2683 4691 Domino
2714 4640 2929 4700 nostro,
2967 4634 3057 4690 cui
3098 4634 3277 4691 honor
3312 4645 3377 4708 let
3413 4636 3587 4708 impe-

293 4723 399 4777 τσῦ
424 4722 558 4777 Θεοῦ
592 4724 873 4777 ἐκπεσεῖν·
908 4724 1003 4776 καὶ
1036 4725 1197 4794 μόνον
1218 4725 1397 4794 τίμιόν
1424 4741 1484 4777 τε
1514 4724 1610 4778 καὶ¹
1629 4725 1890 4797 ἐράσμιον

2000 4726 2146 4780 rium
2190 4725 2246 4780 in
2287 4725 2511 4782 saecula.
2558 4725 2754 4782 Amen.

289 4819 518 4881 ἑαυτοῖς
556 4819 777 4889 κρῖναι,
814 4815 877 4869 τὸ
916 4816 1070 4887 φίλον
1125 4818 1376 4886 γενέσθαι
1421 4817 1577 4889 Θεῷ·
1632 4818 1769 4891 ὅπερ
1816 4820 1958 4886 ἐστὶ,
2007 4817 2154 4875 κατά
2196 4834 2260 4887 γε
2295 4817 2385 4881 τὸν
2416 4816 2549 4889 ἐμὸν
2601 4817 2780 4888 λόγον,
2812 4819 2845 4889 ἠ
2876 4817 3152 4890 τελειότης
3196 4818 3290 4874 τοῦ
3343 4817 3479 4889 βίου.
3511 4817 3581 4871 Ὅ

286 4928 351 4965 τι
381 4909 425 4962 δ’
450 4910 515 4964 ἂν
542 4911 693 4982 παρὰ
728 4909 822 4965 σοῦ
855 4911 993 4982 πρὸς
1037 4911 1099 4965 τὸ
1135 4912 1717 4985 μεγαλοπρεπέστερόν
1737 4930 1799 4966 τε
1842 4913 1937 4969 καὶ
1974 4912 2245 4983 θειότερον
2275 4908 2610 4984 ἐπαρθείσης
2641 4927 2723 4965 σοι
2750 4911 2849 4980 τῆς
2875 4910 3135 4977 διανοίας,
3162 4910 3359 4983 εὑρεθῇ
3378 4926 3395 4942 ·
3446 4910 3578 4964 πολ-

285 5000 407 5056 λῶν
447 4999 536 5054 δὲ.
557 5039 638 5069 ...
659 5040 674 5057 .
697 5001 1057 5074 εὑρεθήσεται
1090 5019 1104 5033 ο
1137 5002 1313 5056 κοινὸν
1364 5003 1518 5058 ἔσται
1568 5002 1787 5070 πάντως
1856 5004 1920 5059 τὸ
1962 5003 2170 5075 κέρδος,
2217 5004 2275 5059 ὲν
2302 5000 2522 5072 Χριστῷ
2559 5000 2736 5073 Ἰησοῦ
2763 5002 2843 5074 τῷ
2882 5004 3074 5077 Κυρίῳ
3105 5003 3284 5076 ἡμῶν,
3309 4994 3355 5073 ᾧ
3375 5004 3409 5072 ἡ
3450 5000 3578 5070 δόξα

284 5096 398 5152 καὶ
423 5093 486 5149 τὸ
524 5094 723 5167 κράτος
755 5096 837 5159 είς
864 5095 988 5160 τοὺς
1010 5093 1230 5160 αἰῶνας.
1276 5095 1465 5168 Ἀμήν.
2846 5099 2858 5107 ’

372 5279 417 5311 ’³
448 5274 622 5333 Exod.
656 5290 862 5346 xxxut,
897 5275 982 5333 Π.
