3888 6356
302 474 410 530 635

1701 477 1769 531 ΙΝ
1806 476 2143 535 PSALMOS.

3446 480 3556 538 454

303 590 506 653 παντὸς
548 588 644 643 τοῦ
694 588 896 659 βιϐλίου
944 588 1100 652 ίδίαις
1143 589 1252 643 τισὶ
1301 593 1667 663 περιγραφαῖς
1698 592 1878 663 ὁριζό-

1990 601 2095 648 tum
2157 593 2322 648 etiam
2371 593 2538 649 totius
2567 592 2692 649 libri
2717 592 3031 649 distributio
3060 592 3300 665 propriis
3327 595 3554 664 quibus-

305 699 467 753 μενα,
506 683 743 752 πενταχῆ
776 683 955 751 πάσης
985 682 1089 752 τῆς
1132 683 1190 734 ἐν
1240 685 1353 746 τοῖς
1376 683 1628 753 Ψαλμοῖς
1665 702 1879 755 προφη-

301 775 457 838 τείας
485 773 867 845 διαιρεθείσης.
902 768 1002 826 Ὦν
1046 773 1282 845 μετρίως
1312 776 1878 845 προκατανοηθέντων,

301 862 705 933 γνωριμωτέρα
741 865 873 933 ἡμῖν
920 864 953 933 ἠ
1003 863 1068 916 ἐκ
1100 863 1207 917 τῶν
1256 864 1482 934 γραφῶν
1521 865 1597 935 (8)
1646 865 1882 936 ὠφέλεια

303 953 615 1022 γενήσεται,
651 950 740 1005 διὰ
784 955 891 1023 τῆς
930 953 1040 1007 τῶν
1087 954 1588 1025 προεξετασθέντων
1618 958 1881 1029 κατανοή-

309 1060 450 1107 σεως
495 1043 893 1115 φανερουμένη.
953 1045 1206 1116 Ἀρκτέον
1254 1047 1431 1101 τοίνυν
1487 1047 1734 1102 ἐντεῦθεν
1781 1051 1880 1120 τῆς

310 1134 565 1205 Θεωρίας.

696 1398 703 1405 .
724 1355 1120 1410 ΚΕΦΔΛΔΙΟΝ
1172 1355 1466 1409 ΠΡΩΤΟΝ.

380 1492 546 1556 Τέλος
589 1491 683 1546 τοῦ
737 1493 858 1546 κατ’
904 1490 1106 1562 ἀρετὴν
1154 1489 1271 1559 βίου
1323 1488 1659 1561 μακαριότης
1711 1488 1879 1542 ἐστίν.

308 1586 428 1639 Πᾶν
461 1584 569 1655 γὰρ
615 1583 678 1636 τὸ
723 1583 863 1637 κατὰ
904 1583 1135 1652 σπουδὴν
1168 1580 1599 1652 κατορθούμενον
1648 1580 1784 1650 πρός
1830 1596 1882 1633 τι

307 1675 409 1746 τὴν
453 1674 730 1745 ἀναφορὰν
777 1675 992 1736 πάντως
1030 1672 1163 1743 ἔχει.
1202 1673 1312 1726 Καὶ
1348 1670 1601 1743 ὥσπερὴ
1655 1672 1754 1742 μὲν
1800 1673 1884 1725 ία-

306 1767 472 1839 τρικὴ
510 1768 647 1838 πρὸς
673 1766 771 1837 τὴν
804 1766 994 1835 ὑγείαν
1024 1768 1149 1837 ὁρᾷ,
1177 1766 1277 1836 τῆς
1307 1766 1363 1819 δὲ
1401 1764 1675 1836 γεωργίας
1704 1767 1732 1818 6
1754 1782 1880 1819 σκο-

308 1858 408 1922 πὸς
440 1858 575 1929 πρὸς
620 1858 683 1911 τὸ
729 1857 826 1928 ζῇν
859 1858 974 1910 ἐστι
1020 1858 1339 1929 παρασκευή
1361 1875 1373 1887 ·
1409 1855 1550 1909 οὕτω
1596 1855 1690 1910 καί⁵
1720 1859 1752 1927 ή
1782 1856 1881 1926 τῆς

1987 682 2112 736 dam
2145 680 2394 738 terminis
2449 684 2895 754 circumscripta;
2974 699 3101 739 nam
3184 686 3426 756 quinque
3501 687 3556 741 in

1986 777 2168 842 partes
2201 777 2316 826 tota
2366 770 2704 827 Psalmorum
2746 774 3032 843 prophetia
3090 774 3372 829 dividitur.
3426 775 3559 842 Qui-

1985 862 2090 918 bus
2119 868 2397 933 utcunque
2428 865 2799 934 praecognitis,
2829 865 3014 919 notior
3046 866 3207 922 nobis
3233 867 3426 922 evadet
3459 869 3562 921 uti-

1985 950 2133 1015 litas,
2162 967 2283 1022 qua:
2307 967 2373 1007 ex
2424 952 2879 1022 inscriptionibus
2935 955 3255 1025 percipitur,
3288 955 3559 1025 patefacta

1985 1043 2240 1098 videlicet
2267 1058 2364 1114 per
2391 1058 2454 1099 ea
2478 1059 2600 1114 quae
2629 1046 2783 1115 prius
2802 1061 2831 1099 ο
2855 1046 3015 1101 nobis
3040 1046 3243 1101 fuerint
3258 1048 3560 1103 luculenter

1982 1134 2249 1203 exposita.
2265 1133 2406 1188 Hine
2424 1135 2591 1207 igitur
2615 1136 3069 1192 considerationis
3092 1137 3254 1208 hujus
3276 1138 3558 1193 exordium

1984 1224 2309 1280 sumendum
2330 1233 2434 1281 est.

2505 1355 2735 1415 CAPUT
2765 1353 3053 1413 PRIMUM;

2054 1490 2205 1547 Finis
2237 1490 2362 1547 vitae
2396 1506 2462 1547 ex
2510 1492 2731 1547 virtutis
2785 1493 3106 1563 praescripto
3165 1491 3433 1548 institutae
3478 1499 3561 1547 est

1982 1582 2289 1638 beatitudo.
2319 1582 2596 1653 Quidquid
2624 1584 2771 1637 enim
2800 1583 2942 1638 serio
2967 1594 3020 1638 et
3048 1583 3341 1638 deliberate
3361 1583 3559 1653 agitur,

1986 1673 2054 1728 ad
2093 1674 2301 1745 aliquid
2326 1675 2646 1731 relationem
2679 1674 2877 1730 habeat
2910 1689 3137 1730 necesse
3167 1682 3269 1729 est.
3294 1675 3357 1728 Et
3378 1688 3565 1743 quem-

1988 1765 2282 1820 admodum
2352 1766 2622 1821 medicina
2692 1766 2978 1821 sanitatem
3050 1773 3277 1836 Spectat,
3330 1764 3561 1834 ﬁnisque

1989 1858 2334 1927 agricultura;
2375 1864 2461 1913 est
2516 1872 2701 1912 rerum
2756 1857 2822 1910 ad
2860 1857 3061 1910 vietum
3124 1856 3560 1911 necessariarum

306 1951 510 2021 ἀρετῆς
557 1951 750 2020 κτῆσις
783 1950 918 2020 πρὸς
946 1949 1006 2002 τὸ
1050 1949 1315 2020 μακάριον
1345 1948 1595 2018 γενέσθαι
1623 1949 1714 2002 τὸν
1758 1949 1878 2003 κατ’

1990 1948 2304 2017 praeparatio
2336 1966 2347 2002 :
2385 1948 2463 2003 sic
2486 1956 2540 2003 et
2571 1948 2789 2002 virtutis
2815 1947 3091 2016 possessio
3119 1946 3175 2000 in
3198 1946 3250 2000 id
3280 1962 3445 2007 unum
3478 1947 3563 1999 in-

307 2041 485 2110 αὐτὴν
528 2041 703 2106 ζῶντα
738 2040 940 2111 βλέπει,
980 2039 1136 2094 τοῦτο
1168 2042 1274 2113 γὰρ
1305 2042 1501 2105 παντὸς
1527 2040 1621 2094 τοῦ
1652 2040 1791 2095 κατὰ
1820 2042 1881 2095 τὸ

306 2130 511 2199 ἀγαθὸν
562 2131 849 2201 νοουμένου
907 2133 1197 2201 κεφάλαιον
1250 2133 1345 2185 καὶ
1395 2132 1569 2202 πέρας
1615 2133 1751 2187 ἐστί.
1808 2134 1882 2187 Τὸ

311 2224 412 2293 μὲν
442 2219 532 2277 οὖν
575 2223 788 2294 ἀληθῶς
817 2241 874 2277 τε
904 2225 996 2277 καὶ
1037 2224 1239 2295 κυρίως
1271 2225 1326 2275 ἐν
1359 2223 1435 2293 τῷ
1484 2223 1671 2294 ὑψηλῷ
1708 2224 1881 2295 τούτῳ

306 2315 539 2385 νοήματι
572 2314 941 2387 θεωρούμενόν
970 2333 1028 2368 τε
1053 2316 1147 2369 καὶ
1175 2315 1482 2385 νοούμενον,
1508 2317 1542 2386 ἡ
1574 2315 1690 2367 θεία
1721 2315 1882 2383 φύσις

305 2404 517 2475 λέγοιτο
549 2407 615 2461 ἂν
652 2408 894 2472 εἰκότως.
927 2406 1083 2460 Οὕτω
1132 2406 1239 2479 γὰρ
1266 2410 1294 2461 6
1331 2409 1506 2479 μέγας
1544 2409 1755 2474 Παῦλος
1789 2410 1883 2465 τὸν

308 2498 442 2549 θεὸν
499 2498 771 2568 ὀνομάζει,
823 2498 1040 2551 πάντων
1080 2498 1188 2552 τῶν
1236 2498 1557 2569 θεολογικῶν
1604 2502 1883 2573 ὀνομάτων

311 2589 535 2661 προθεὶς
581 2590 642 2642 τὸ
692 2588 765 2661 (9)
820 2589 1111 2661 μακάριον,
1160 2588 1216 2643 έν
1263 2608 1370 2643 τινι
1430 2592 1537 2644 τῶν
1584 2592 1885 2647 ἐπιστολῶν

306 2682 507 2735 οὑτωσὶ
558 2681 774 2753 γράψας
820 2685 930 2746 τοῖς
989 2684 1263 2753 ῥήμασιν’
1330 2684 1392 2737 '0
1440 2684 1732 2754 μακάριος
1785 2688 1883 2740 καί

305 2775 498 2843 μόνος
523 2773 850 2842 δυνάστης,
883 2777 916 2827 ό
948 2774 1248 2839 Βασιλεὺς
1278 2774 1395 2828 τῶν
1421 2778 1886 2840 ,ϐασιλευόντων

309 2866 411 2919 καὶ
444 2866 660 2934 Κύριος
683 2865 803 2919 τῶν
831 2868 1248 2934 κυριευόντων,
1275 2869 1306 2919 ὀ
1330 2868 1519 2936 μόνος
1557 2868 1715 2938 ἔχων
1737 2870 1883 2924 ἀθα-

306 2959 552 3023 νασίαν,
606 2957 731 3028 φῶς
788 2958 967 3014 οικῶν
1030 2964 1378 3031 ἀπρόσιτον,
1438 2960 1511 3015 ὃν
1565 2957 1724 3015 εἶδεν
1771 2962 1883 3033 (l0)

308 3047 511 3114 οὐδεὶς
530 3049 872 3117 ἀνθρώπων,
900 3050 1040 3104 οὐδὲ
1064 3052 1211 3106 ἰδεῖν
1229 3052 1496 3114 δύναται,
1534 3044 1581 3117 ᾧ
1611 3051 1766 3121 τιμὴ,
1788 3054 1884 3107 καὶ

308 3139 527 3209 κράτος
552 3140 808 3196 αἰώνιον.
833 3144 1015 3198 Ταῦτα
1046 3144 1153 3217 γὰρ
1180 3145 1356 3198 πάντα
1376 3144 1444 3197 τὰ
1465 3143 1644 3214 ὑψηλά
1679 3147 1806 3216 περὶ
1825 3145 1886 3198 τὸ

304 3232 460 3285 Θεῖον
479 3232 745 3302 νοήματα,
769 3233 909 3287 κατά
941 3252 1003 3303 γε
1045 3235 1136 3288 τὸν
1164 3235 1291 3305 ἐμὸν
1328 3235 1505 3302 λόγον,
1547 3237 1769 3306 ὁρισμὸς
1816 3236 1883 3290 ἂν

1986 2040 2181 2105 tendit,
2218 2045 2278 2093 ut
2307 2039 2528 2094 beatum
2562 2037 2758 2093 elﬁciat
2794 2052 2916 2091 eum
2936 2038 3028 2107 qui
3059 2034 3358 2090 secundum
3390 2035 3563 2089 virtu-

1985 2139 2088 2186 tem
2121 2130 2285 2185 vitam
2336 2129 2482 2201 degit
2520 2146 2535 2186 :
2579 2130 2682 2183 hoc
2727 2128 2871 2185 enim
2909 2127 3090 2183 omnis
3138 2126 3289 2192 boni,
3320 2132 3373 2181 et
3400 2124 3563 2196 quid-

1983 2220 2113 2291 quid
2160 2221 2215 2275 in
2242 2220 2386 2275 bono
2428 2220 2752 2290 concipitur,
2814 2228 2979 2290 caput
3031 2228 3113 2273 est
3167 2226 3221 2273 et
3269 2217 3556 2271 terminus.

1983 2311 2140 2379 Quod
2192 2320 2374 2367 autem
2402 2326 2528 2367 vere
2566 2320 2621 2366 et
2670 2311 2890 2382 proprie
2924 2311 2981 2365 in
3035 2310 3138 2364 hac
3194 2316 3303 2362 tam
3338 2308 3561 2363 sublimi

1982 2400 2339 2456 beatitudinis
2366 2401 2589 2455 notione
2639 2408 2693 2455 et
2750 2400 2964 2453 ratione
3006 2398 3333 2467 concipitur,
3359 2397 3411 2450 id
3439 2396 3565 2465 jure

1984 2493 2191 2563 optimo
2222 2493 2421 2547 dixerit
2470 2492 2597 2562 quis
2651 2492 2823 2561 ipsam
2865 2491 3104 2546 divinam
3136 2496 3388 2543 naturam
3420 2502 3562 2541 esse.

1986 2584 2078 2638 Sic
2114 2585 2258 2639 enim
2292 2599 2522 2654 magnus
2557 2584 2648 2639 ille
2693 2582 2896 2637 Paulus
2936 2582 3106 2636 Deum
3139 2579 3405 2642 nominat,
3437 2593 3561 2633 cum

1983 2688 2051 2728 ex
2079 2674 2335 2729 omnibus
2384 2673 2588 2730 divinis
2654 2672 3134 2742 appellationibus,
3184 2670 3336 2724 Beati
3369 2681 3567 2723 nomen

1984 2765 2038 2819 in
2070 2766 2305 2834 quadam
2335 2781 2400 2819 ex
2431 2764 2547 2820 suis
2595 2763 2857 2833 Epistolis
2899 2762 3077 2837 primo
3114 2762 3235 2815 loco
3265 2759 3435 2830 ponit,
3480 2756 3567 2811 his

1983 2855 2163 2910 verbis
2193 2872 2206 2907 :
2239 2853 2434 2907 Beatus
2464 2862 2511 2907 et
2542 2852 2686 2907 solus
2722 2861 2922 2922 potens,
2963 2852 3075 2906 Rea:
3120 2867 3323 2920 regum,
3357 2858 3405 2903 et
3446 2847 3556 2900 Do-

1985 2946 2159 2998 minus
2188 2944 2599 3008 dominantium,
2621 2945 2711 3012 qui
2738 2944 2884 2998 solus
2914 2942 3068 2995 habet
3092 2941 3567 3000 immortalitatem,

1986 3034 2150 3088 lucem
2175 3035 2421 3088 habitans
2448 3035 2880 3096 inaccessibilem,
2913 3050 3063 3106 quem
3110 3049 3259 3087 nemo
3300 3034 3569 3088 hominum

1985 3127 2134 3191 uidit,
2166 3143 2258 3180 nec
2288 3127 2460 3180 videre
2481 3136 2673 3196 potest,
2712 3126 2799 3179 cui
2832 3127 2999 3179 honor
3014 3133 3062 3178 et
3085 3125 3359 3194 imperium
3386 3128 3572 3194 sempi-

1992 3218 2277 3273 ternum”.
2317 3217 2441 3272 Haec
2472 3219 2618 3271 enim
2655 3216 2839 3271 omnia
2890 3224 2999 3269 tam
3042 3216 3298 3270 sublimia
3349 3216 3416 3269 de
3448 3216 3559 3272 Deo

309 3322 395 3391 εἴη
424 3281 839 3395 μακάριότητος.
870 3281 965 3380 Είο
985 3327 1092 3399 γάρ
1129 3281 1645 3399 τιέὲρωτιέθείηρτί
1674 3281 1793 3383 ⁸έστι
1826 3330 1885 3383 τὸ

1990 3309 2227 3378 cogitata
2282 3318 2334 3363 et
2375 3308 2749 3378 pronuntiata,
2785 3321 2904 3361 meo
2946 3305 3164 3375 quidem
3211 3305 3441 3376 judicio,
3477 3307 3570 3361 de-

312 3416 605 3486 μακάριον,
635 3417 735 3471 οὐκ
765 3417 831 3471 ἂν
860 3418 962 3488 τῆς
990 3419 1247 3485 εὐσεϐοῦς
1281 3421 1622 3492 ἀποκρίσεως
1657 3421 1887 3493 ἁμάρτοι

311 3504 756 3577 ἐπακολουθήσας
782 3511 850 3579 τῇ
879 3509 1092 3562 Παύλου
1128 3514 1298 3582 φωνῇ,
1326 3512 1419 3565 καὶ
1446 3512 1636 3575 εἰπὼν,
1676 3512 1757 3564 ὅτι
1788 3529 1889 3582 μα-

309 3594 504 3666 κάριόν
536 3598 702 3664 ἐστιν,
745 3596 773 3649 ὃ
810 3598 1012 3668 κυρίως
1049 3600 1264 3668 λέγεται
1294 3602 1387 3654 καὶ
1420 3600 1672 3671 πρώτως,
1721 3603 1754 3671 ἡ
1790 3601 1884 3655 τοῦ

312 3688 512 3752 παντὸς
529 3688 786 3743 ἐπέκεινα
808 3689 994 3760 φύσις·
1017 3690 1148 3744 τὸδὲ
1182 3692 1239 3744 έν
1271 3691 1575 3761 ἀνθρώποις
1596 3691 1884 3762 μακάριον,

308 3781 378 3850 τῇ
418 3774 629 3850 μεθέξει
654 3781 747 3834 τοῦ
790 3781 959 3846 ὅντως
978 3782 1147 3849 ὄντος,
1179 3784 1354 3836 ἐκεῖνο
1385 3782 1564 3845 ποσῶς
1591 3783 1800 3850 γίνεταί
1829 3799 1887 3835 τε

311 3872 409 3926 καὶ
432 3872 776 3943 ὀνομάζεται,
802 3875 938 3945 ὅπερ
960 3876 993 3945 ή
1020 3873 1112 3927 τοῦ
1146 3874 1506 3946 μετεχομένου
1534 3874 1693 3945 φύσις
1720 3877 1884 3930 ἐστίν.

312 3965 523 4018 Οὐκοῦν
559 3965 682 4036 ὄρος
734 3966 851 4018 ἐστὶ
894 3966 990 4035 τῆς
1023 3966 1368 4037 ἀνθρωπίνης
1422 3968 1821 4037 μακαριότητος
1852 3970 1884 4038 ἡ

312 4054 454 4126 πρὸς
497 4053 873 4127 τδ(11)6εῖον
906 4056 1182 4126 ὁμοίωσις.
1233 4057 1384 4109 Ἐπεὶ
1430 4052 1522 4110 οὖν
1566 4058 1626 4111 τὸ
1675 4058 1889 4128 άληθῶς

310 4145 537 4214 ἀγαθὸν,
574 4148 693 4217 ἦτοι
742 4148 801 4200 τὸ
846 4146 1099 4201 ἐπέκεινα
1131 4147 1223 4200 τοῦ
1263 4146 1489 4217 ἀγαθοῦ,
1532 4148 1687 4203 τοῦτο
1731 4150 1889 4220 μόνον

311 4239 434 4291 ἐστὶ
484 4239 576 4292 καὶ
617 4238 728 4309 (ιε)
779 4240 1048 4310 μακάριον
1095 4240 1186 4293 καὶ
1231 4239 1451 4311 ὀρεκτὸν
1497 4244 1561 4311 τῇ
1617 4240 1794 4310 φύσει,
1829 4232 1889 4292 οὗ

312 4331 426 4384 πᾶν
455 4329 515 4383 τὸ
546 4330 767 4401 μετέχον
800 4330 1070 4402 μακάριον
1112 4331 1341 4399 γίνεται,
1371 4331 1550 4395 καλῶς
1579 4333 1610 4401 ἡ
1646 4331 1763 4384 θεία
1794 4332 1891 4403 τῆς

309 4420 633 4492 ψαλμῳδίας
661 4422 847 4494 γραφὴ
875 4422 963 4476 διὰ
985 4439 1128 4485 τινος
1164 4423 1416 4494 τεχνικῆς
1442 4441 1500 4475 τε
1532 4422 1625 4476 καὶ
1656 4422 1889 4491 φυσικῆς

311 4512 654 4579 ἀκολουθίας,
702 4513 801 4584 τὴν
855 4513 991 4585 πρὸς
1043 4514 1201 4566 τοῦτο
1253 4515 1387 4584 ἡμῖν
1422 4514 1535 4585 (15)
1583 4514 1700 4567 ὁδὸν
1755 4513 1890 4566 ὐπο-

310 4603 605 4669 δείκνυσιν,
639 4604 696 4656 ὲν
728 4604 869 4675 ἁπλῇ
901 4602 1042 4658 κατὰ
1078 4604 1139 4656 τὸ
1169 4605 1511 4674 φαινόμενον,
1562 4605 1655 4657 καὶ
1688 4606 1889 4657 ἀκατα-

313 4694 499 4765 σκεύῳ
538 4696 605 4766 τῇ
656 4694 990 4765 διδασκαλίᾳ,
1046 4694 1304 4759 ποικίλως
1349 4713 1409 4749 τε
1456 4696 1551 4749 καὶ
1598 4694 1889 4757 πολυειδῶς

308 4787 416 4858 τὴν
468 4786 686 4857 μέθοδον
730 4787 830 4856 τῆς
860 4786 969 4857 (14)
1003 4785 1097 4839 τοῦ
1134 4786 1486 4857 μακαρισμοῦ
1534 4786 1764 4850 κτίσεως
1802 4803 1892 4838 τε-

310 4876 665 4949 χνολογοῦσα.
724 4877 940 4944 Ἔξεστι
994 4877 1094 4947 μὲν
1142 4872 1236 4930 οῦν
1290 4877 1385 4931 καὶ
1437 4878 1531 4930 ἀπ’
1581 4878 1749 4948 αὐτῆς
1797 4878 1893 4946 τῆς

311 4968 542 5041 πρώτης
592 4969 883 5040 ύμνῳδίας,
916 4968 1123 5022 ἔννοιάν
1156 4986 1276 5022 τινα
1306 4967 1552 5039 περὶτοῦ
1598 4969 1894 5039 προκειμέ-

312 5079 411 5116 νου
441 5059 644 5125 λαϐεἰν,
676 5062 823 5121 ὅπως
868 5059 1039 5132 τριχῆ
1074 5058 1254 5132 τεμὼν
1287 5060 1383 5131 τὴν
1415 5060 1613 5130 ἀρετὴν
1640 5063 1667 5113 6
1714 5060 1890 5129 λόγος,

312 5152 535 5221 ἑκάστῳ
587 5152 836 5223 τμήματι
888 5150 1030 5204 κατά
1075 5167 1194 5203 τινα
1245 5149 1552 5220 πρόσφορον
1602 5148 1892 5218 ἀναλογίαν

310 5245 731 5315 προσμαρτυρεῖ
759 5242 820 5295 τὸ
856 5241 1147 5313 μακάριον.
1192 5240 1306 5294 Νῦν
1338 5241 1435 5311 μὲν
1463 5239 1561 5310 τὴν
1602 5239 1893 5312 ἀλλοτρίω-

312 5355 401 5392 σιν
437 5336 532 5390 τοῦ
562 5336 734 5391 κακοῦ
767 5334 1109 5409 μακαρίζων,
1144 5335 1219 5400 ὡς
1247 5335 1421 5407 ἀρχὴν
1449 5334 1749 5405 γενομένην
1777 5335 1889 5405 (15)

375 5495 425 5529 ’³
454 5493 639 5549 lTim.
666 5508 745 5559 VI,
778 5492 865 5559 15,
906 5492 995 5548 16.

388 5652 467 5721 (8)
498 5652 610 5721 ίἼσ.
642 5650 983 5720 ἐπιγραφῶν.

391 5720 471 5785 (9)
494 5720 593 5775 Ed.
624 5723 739 5776 τόν.
1089 5726 1099 5734 ’

391 5792 504 5859 (ιο)
536 5791 693 5855 Ἴδεν,
724 5791 812 5845 ed.

392 5861 504 5932 (ll)
535 5861 607 5914 To’
634 5860 849 5916 om.ed.

1997 3400 2301 3454 ﬁnitionem
2383 3399 2743 3454 beatitudinis
2810 3398 3114 3452 continent.
3171 3395 3302 3450 Nam
3354 3399 3397 3452 si
3450 3398 3575 3467 quis

1992 3500 2201 3560 quaerat
2227 3489 2355 3559 quid
2378 3474 2464 3543 sit
2493 3488 2797 3553 beatitudo,
2849 3487 2995 3541 haud
3019 3501 3150 3541 sane
3172 3501 3201 3538 a
3237 3494 3385 3541 recta
3400 3493 3453 3540 et
3487 3487 3575 3556 pia

1992 3582 2364 3649 responsione
2400 3580 2759 3643 aberraverit,
2804 3580 2851 3634 si
2899 3593 3087 3632 vocem
3133 3576 3289 3631 Pauli
3329 3587 3571 3641 secutus,

1988 3670 2154 3737 dicat,
2216 3668 2466 3732 Beatum,
2515 3668 2660 3738 quod
2711 3667 2931 3737 proprie
2958 3677 3012 3721 et
3047 3666 3312 3736 primario
3347 3669 3454 3722 tale
3490 3668 3577 3722 di-

1989 3760 2155 3825 citur,
2194 3775 2315 3815 esse
2359 3766 2609 3812 naturam
2657 3758 2842 3822 illam,
2886 3771 3007 3826 qua:
3044 3764 3128 3811 est
3175 3772 3340 3826 super
3368 3760 3580 3824 omnia;

1988 3850 2212 3907 Beatum
2245 3866 2375 3906 vero
2433 3850 2579 3920 quod
2631 3850 2774 3903 inter
2824 3849 3073 3904 homines
3135 3850 3428 3918 reperitur,
3472 3851 3576 3904 tale

1990 3960 2115 4000 esse
2138 3943 2527 3998 communione
2559 3943 2679 4012 ejus
2714 3941 2859 4013 quod
2892 3956 3017 3995 vere
3065 3953 3187 4009 est;
3214 3941 3360 4012 quod
3390 3942 3575 3996 multi-

1994 4037 2256 4105 plicatur,
2284 4035 2499 4089 etvaria
2525 4034 2745 4089 nomina
2772 4034 2999 4088 sortitur
3023 4049 3120 4102 pro
3150 4042 3344 4087 natura
3371 4041 3425 4089 et
3448 4050 3578 4089 con-

1996 4127 2211 4180 ditione
2241 4140 2430 4181 eorum
2461 4141 2585 4195 quae
2615 4141 2709 4193 per
2731 4124 3204 4194 participationem
3241 4126 3307 4177 ab
3337 4125 3446 4180 alio
3479 4125 3577 4180 de-

1994 4219 2267 4273 rivantur.
2306 4218 2445 4287 Ergo
2489 4216 2733 4270 deﬁnitio
2794 4216 3045 4270 humanae
3088 4215 3446 4291 beatitudinis
3495 4227 3579 4272 est

1993 4308 2299 4365 similitudo
2329 4323 2451 4361 cum
2475 4307 2680 4362 divina.
2715 4306 2901 4376 Itaque
2924 4321 3047 4361 cum
3074 4322 3198 4361 vere
3216 4308 3446 4371 bonum,
3479 4324 3576 4364 seu

1993 4402 2048 4456 id
2095 4402 2240 4471 quod
2289 4412 2455 4467 supra
2500 4413 2661 4452 omne
2712 4396 2914 4450 bonum
2956 4405 3061 4464 est,
3113 4398 3288 4452 solum
3339 4399 3409 4451 sit
3460 4398 3583 4452 bea-

1994 4499 2143 4556 tum,
2205 4498 2510 4559 naturaque
2580 4490 2981 4558 appetendum,
3047 4504 3155 4558 quo
3211 4504 3373 4543 onme
3444 4490 3576 4544 illud

1993 4583 2137 4654 quod
2188 4583 2310 4651 ejus
2375 4580 2647 4650 particeps
2695 4587 2800 4643 est,
2857 4580 3074 4633 beatum
3120 4580 3374 4645 ellieitur,
3430 4589 3577 4636 recte

1992 4674 2236 4745 profecto
2301 4673 2484 4727 divina
2541 4670 2881 4725 Psalmorum
2944 4672 3215 4742 scriptura
3283 4673 3579 4730 artiﬁcioso
3640 4719 3647 4727 .

1991 4765 2153 4820 simul
2194 4774 2248 4819 et
2307 4763 2543 4817 naturali
2588 4764 2800 4829 ordine,
2864 4765 3004 4817 viam
3034 4782 3156 4836 qua:
3194 4765 3259 4819 ad
3310 4766 3415 4821 hoc
3473 4767 3579 4822 du-

1993 4857 2089 4922 cit,
2134 4858 2294 4911 nobis
2332 4856 2691 4919 demonstrat,
2748 4855 3003 4924 simplici,
3033 4860 3580 4927 utapparet,omnis-

1992 4965 2099 5020 que
2138 4954 2432 5019 apparatus
2459 4953 2679 5015 experte
2709 4945 2955 5000 doctrina
2982 4965 2997 5014 ;
3045 4951 3147 5003 etsi
3178 4950 3329 5004 varie
3360 4950 3578 5010 multis:

1997 5064 2101 5119 que
2153 5044 2332 5100 modis
2358 5045 2601 5115 apposite
2628 5042 2843 5107 doceat,
2894 5058 3004 5112 quo
3046 5052 3206 5112 pacto
3234 5043 3517 5099 beatitudo
3545 5058 3579 5099 τι

2001 5149 2255 5194 creatura
2286 5137 2356 5191 sit
2390 5133 2778 5206 comparanda.
2839 5132 3010 5203 Cujus
3048 5134 3126 5186 rei
3166 5140 3574 5203 argumentum,

2000 5249 2064 5287 ex
2097 5232 2237 5301 ipso,
2273 5230 2364 5299 qui
2420 5229 2633 5299 primus
2681 5224 2921 5281 occurrit
2962 5224 3193 5293 psalmo,
3229 5223 3296 5280 ad
3327 5225 3578 5297 proposi-

2002 5331 2117 5378 tum
2170 5329 2417 5377 nostrum
2470 5316 2904 5373 conﬁrmandum
2963 5313 3254 5372 desumere
3299 5312 3456 5381 licet,
3481 5314 3578 5372 ubi

2074 5639 2187 5709 (12)
2219 5636 2380 5693 Forte
2412 5653 2524 5709 om.
2543 5636 2654 5693 καί.

2071 5707 2116 5778 (ι
2128 5709 2181 5776 5)
2206 5708 2402 5778 Μόνον,
2434 5707 2523 5763 ed.

2069 5776 2182 5843 (14)
2210 5777 2320 5845 Τῆς
2348 5791 2457 5831 om.
2494 5776 2586 5833 ed.

2067 5846 2180 5918 (15)
2208 5844 2527 5917 Γινομένην,
2553 5844 2647 5904 ού.
