3888 6358
638 407 664 415 φ

414 468 521 525 435

1682 461 1738 515 S.
1775 460 2102 519 GREGORII
2142 462 2443 520 NYSSENI

3562 469 3662 523 εί.ῖῦ

417 591 528 636 tres
585 577 642 636 in
680 584 864 647 partes
897 573 1096 630 virtute
1124 572 1320 642 divisa,
1377 572 1538 644 cujus
1588 572 1844 629 divisioni
1895 589 1983 630 ac-

2091 577 2190 648 τῆς
2219 577 2312 631 ἐπὶ
2340 577 2400 630 τὸ
2438 575 2681 647 κρεῖττον
2706 574 2878 647 ῥοπῆς
2899 593 2912 606 ·
2956 575 3093 646 μετὰ
3115 575 3171 629 δέ
3201 575 3380 642 τοῦτο,
3422 576 3523 646 τὴν
3557 578 3662 630 τῶν

413 668 756 726 commodata
805 665 1040 737 quadam
1093 667 1309 722 ratione
1344 663 1735 720 beatitudinem
1771 665 1984 722 adscri-

416 762 494 818 bit
545 777 561 816 :
613 775 760 815 nunc
817 759 1037 833 quidem
1093 759 1451 814 remotionem
1491 764 1570 814 et
1633 757 1985 813 abalienatio-

413 865 541 908 nem
581 851 652 907 ab
695 851 1048 922 improbitate
1079 849 1436 905 beatitudinis
1471 848 1695 904 nomine
1720 847 1983 917 aﬂlciens,

413 950 602 1012 utpote
668 958 789 1014 qua:
848 943 1180 1014 principium
1242 943 1317 999 sit
1372 941 1554 998 omnis
1625 941 1692 997 ad
1762 942 1987 997 meliora

413 1050 736 1104 progressus
797 1053 810 1090 :
862 1041 1050 1104 postea
1108 1049 1292 1089 rerum
1347 1032 1655 1088 caelestium
1728 1039 1782 1087 et
1850 1031 1988 1086 divi-

412 1141 607 1180 narum
638 1127 1043 1182 meditationem
1075 1125 1288 1182 beatam
1323 1125 1605 1196 praedicat,
1639 1130 1698 1178 ut
1723 1138 1841 1179 eam
1869 1139 1989 1194 quat

2091 667 2312 738 ὑψηλῶν
2337 685 2397 722 τε
2425 669 2519 722 καὶ
2562 668 2846 738 θειοτέρων
2879 667 3127 738 μελέτην,
3158 667 3234 732 ὡς
3266 667 3380 732 ἐξιν
3404 668 3663 737 ἐμποιοῦ-

2093 775 2192 812 σαν
2229 759 2332 830 ἤδη
2379 758 2475 813 τοῦ
2522 759 2848 829 κρείττονος.
2877 754 3009 812 Εἶτα
3036 759 3134 829 τὴν
3178 758 3266 812 διὰ
3307 758 3513 812 τούτων
3554 761 3664 822 τοῖς

2091 851 2481 921 τελειουμένας
2517 851 2955 924 κατορθουμένην
3001 850 3138 921 πρὸς
3181 851 3242 904 τὸ
3271 847 3428 905 Θεῖον
3469 850 3638 920 ὁμοίω
3660 873 3677 915 ,-

2095 959 2207 996 σιν·
2243 937 2312 1013 ἦς
2345 944 2503 1014 χάριν
2530 943 2864 1010 λέγεταικαὶ
2911 944 2979 998 τὰ
3023 943 3362 1014 προλαϐόντα
3395 944 3660 1015 μακάρια.

2093 1034 2313 1105 Ταύτην
2356 1035 2411 1088 δὲ
2450 1034 2690 1088 ἀειθαλεῖ
2732 1036 2871 1106 ξυλῴ
2912 1035 3229 1100 αἰνίσσεται,
3263 1029 3309 1106 ᾧ
3354 1039 3388 1109 ἡ
3441 1037 3664 1108 (16)::-

2097 1124 2386 1178 λειωθεῖσα
2418 1126 2485 1178 δι’
2518 1127 2721 1197 ἀρετῆς
2749 1127 3030 1198 ὁμοιοῦται
3060 1128 3194 1200 ζωή.

332 1221 336 1226 ’
411 1232 595 1272 rerum
623 1219 937 1274 sublimium
977 1219 1227 1275 habitum
1263 1220 1376 1289 jam
1414 1219 1574 1275 nobis
1607 1219 1906 1290 ingeneret.
1934 1218 2018 1274 Ad
2052 1227 2355 1274 extremum
2404 1235 2524 1274 eam
2557 1236 2679 1291 quae
2727 1223 2783 1276 in
2813 1224 3071 1294 perfectis
3125 1225 3340 1281 exsistit
3382 1240 3508 1282 cum
3553 1227 3666 1282 Deo

412 1309 852 1380 similitudinem,
910 1314 967 1370 in
1023 1315 1360 1371 beatitudine
1425 1324 1698 1380 numerat,
1764 1322 1987 1385 propter
2029 1328 2192 1384 quam
2255 1314 2440 1384 priora
2496 1329 2714 1386 quoque
2743 1318 3088 1387 appellantur
3138 1320 3320 1384 beata,
3388 1337 3662 1393 quamque

413 1417 628 1472 semper
675 1403 886 1460 virente
937 1405 1085 1475 ligno
1125 1406 1390 1471 insinuat,
1451 1405 1540 1461 cui
1592 1405 1705 1460 vita
1742 1420 1840 1476 per
1867 1403 2086 1459 virtutis
2119 1403 2563 1459 exercitationem
2603 1416 3015 1473 consummata,
3050 1409 3246 1465 similis
3271 1410 3520 1467 efﬁcitur.

1019 1541 1248 1600 CAPUT
1305 1541 1372 1599 ll.

483 1707 750 1762 Caeterum
801 1714 858 1762 ut
905 1707 1115 1762 firmius
1140 1707 1401 1762 doctrinae
1454 1709 1717 1765 virtutum
1765 1711 1986 1768 insista-

414 1814 558 1862 mtts,
593 1813 756 1868 quam
791 1799 845 1852 in
874 1806 986 1854 toto
1025 1797 1366 1854 Psalmorum
1395 1800 1630 1857 decursu
1660 1803 1819 1860 nobis
1848 1820 1986 1874 prai-

415 1898 684 1946 monstrat
740 1893 938 1955 oratio,
992 1906 1099 1945 non
1129 1891 1226 1946 abs
1258 1907 1316 1947 re
1362 1890 1550 1957 fuerit,
1577 1894 1622 1949 si
1659 1895 1811 1964 prius
1839 1895 1983 1966 apud

393 1996 514 2038 nos
542 1982 962 2046 constituamus,
1013 1989 1067 2036 et
1097 1983 1245 2037 velut
1271 1984 1568 2040 artificiosa
1611 1985 1847 2056 quadam
1893 2003 1984 2042 ra-

409 2072 560 2128 tione
592 2081 646 2127 et
680 2073 786 2138 via,
823 2073 958 2127 nihil
986 2073 1053 2128 ab
1083 2073 1335 2130 instituto
1359 2091 1522 2146 Opere
1549 2078 1866 2134 recedentes
1898 2079 1986 2134 tle-

329 2235 332 2238 ,
412 2163 684 2227 finiamus,
713 2163 987 2234 quomodo
1016 2166 1234 2221 virtutis
1269 2175 1480 2221 amator
1507 2171 1680 2239 possit
1711 2170 1983 2240 ejusmodi

329 2245 336 2252 ’
414 2255 534 2309 vitae
565 2269 789 2324 compos
819 2254 935 2310 fieri
964 2272 983 2309 :
1026 2257 1106 2312 sic
1155 2259 1300 2312 enim
1329 2259 1470 2327 ejus,
1509 2277 1672 2330 quam
1710 2263 1982 2332 praemisi-

332 2345 334 2348 ’
408 2360 553 2410 mtts,
609 2344 869 2399 doctrinae
919 2346 1114 2400 seriem
1159 2354 1212 2401 et
1278 2351 1728 2418 consequentiam
1786 2352 1985 2406 melius

409 2437 824 2506 perspiciemus.
851 2436 1087 2494 Necesse
1142 2439 1308 2510 igitur
1332 2449 1439 2506 est,
1483 2457 1606 2496 eum
1638 2444 1732 2512 qui
1768 2443 1836 2498 ad
1873 2444 1983 2498 vir-

408 2535 578 2583 tutem
612 2543 732 2584 sese
760 2539 1079 2584 convertere
1120 2532 1340 2602 cogitat,
1379 2533 1532 2602 prius
1559 2533 1872 2590 discernere
1897 2550 1987 2589 ra-

408 2620 608 2675 tionem
645 2619 974 2685 honestatis,
1003 2630 1056 2676 et
1087 2623 1229 2692 ejus,
1254 2639 1375 2693 quae
1403 2623 1671 2679 honestati
1699 2635 1982 2697 repugnat,

408 2709 647 2774 malitiae,
700 2709 904 2764 notatis
947 2711 1182 2782 pr0priis
1213 2711 1501 2782 utriusque
1536 2712 1878 2777 dilfercntiis,
1927 2723 1987 2768 ut

406 2801 748 2872 impermixta
783 2817 970 2858 earum
998 2805 1150 2860 notio
1182 2815 1519 2875 permaneat,
1546 2807 1806 2878 nulloque
1833 2823 1987 2862 com-

404 2893 682 2946 munionis
711 2893 940 2948 confusa
963 2897 1240 2965 contagio.
1272 2897 1343 2949 At
1377 2907 1538 2961 noun,
1582 2914 1703 2968 quae
1737 2899 1985 2968 utrisque

404 2981 626 3052 proprie
671 2991 1010 3052 competunt,
1041 2983 1242 3040 fuerint
1271 2984 1526 3041 fortassis
1558 2997 1612 3041 et
1641 2988 1780 3050 aliae,
1824 2997 1984 3042 caete-
2012 2970 2054 3026 ί)

403 3075 480 3129 ris
538 3080 740 3139 tamen,
796 3080 857 3127 ut
916 3074 1048 3128 mihi
1102 3074 1428 3145 persuadeo,
1473 3078 1646 3147 magis
1702 3078 1984 3148 generales

404 3171 533 3220 sunt
576 3164 695 3219 istae
727 3182 739 3218 :
775 3164 1027 3220 videlicet
1066 3165 1400 3235 voluptatem
1457 3173 1509 3221 et
1545 3166 1981 3233 delectationem,

404 3267 527 3322 quae
569 3251 884 3308 hominibus
938 3251 1006 3306 ab
1049 3252 1182 3322 ipsis
1210 3253 1465 3324 obtingit,
1500 3256 1695 3326 partim
1752 3256 1820 3310 ad
1858 3272 1984 3310 sen-

404 3359 547 3408 sum,
589 3344 786 3412 partim
819 3342 886 3398 ad
937 3344 1180 3400 animum
1231 3347 1547 3416 pertinere;
1597 3363 1725 3402 nam
1774 3349 1982 3402 malitia

403 3449 624 3488 sensum
649 3433 868 3504 quidem
896 3435 1162 3502 oblectat;
1197 3435 1378 3490 virtus
1410 3438 1651 3492 animum
1693 3439 1980 3494 exhilarat.

403 3521 614 3587 Quibus
669 3536 1014 3593 consequens
1044 3532 1127 3579 est
1158 3531 1219 3578 ut
1251 3524 1723 3584 commendatione
1751 3535 1804 3584 et
1837 3531 1984 3583 vitu-

403 3613 682 3682 peratione
724 3614 1058 3669 audientium
1099 3623 1309 3672 mentes
1339 3631 1369 3670 a
1406 3619 1551 3673 vitiis
1607 3618 1826 3688 quidem
1888 3621 1985 3676 ab-

403 3710 761 3767 sterreantur,
793 3706 861 3760 ad
889 3707 1147 3762 virtutem
1176 3723 1303 3762 vero
1332 3707 1684 3765 inducantur.
1714 3711 1981 3782 Improbie

403 3791 546 3846 enim
602 3793 728 3848 vitae
759 3794 946 3850 odium
1002 3796 1286 3867 ingenerat
1317 3798 1561 3868 ejusdem
1597 3802 1978 3872 reprehensio.

400 3886 470 3937 At
500 3884 800 3942 honestatis
832 3887 1074 3943 laudatio
1107 3889 1444 3946 desiderium
1473 3893 1758 3947 meliorum
1787 3910 1983 3950 accen-

401 3972 500 4026 dit.
538 3975 736 4032 Postea
771 3987 828 4032 ut
863 3979 987 4032 vitae
1017 3979 1260 4035 honesta:
1283 3983 1688 4039 commendatio
1710 3986 1984 4042 eflicacior

403 4063 689 4133 efﬁciatur,
740 4076 795 4123 et
859 4068 1106 4124 vivacior
1162 4070 1531 4141 improbitatis
1586 4075 1980 4144 reprehensio,

404 4157 611 4212 mentio
641 4156 895 4213 facienda
925 4166 1010 4214 est
1050 4175 1262 4226 eorum,
1298 4162 1392 4233 qui
1429 4163 1651 4219 virtutis
1683 4164 1984 4234 pulchritu-

405 4248 532 4304 dine
567 4249 966 4317 excelluerunt,
1019 4267 1316 4322 eorumque
1345 4255 1440 4325 qui
1469 4255 1621 4312 vitiis
1652 4264 1708 4312 et
1763 4255 1982 4327 ﬂagitiis

405 4339 782 4396 innatuerunt.
831 4341 1088 4413 Exempla
1139 4345 1282 4400 enim
1358 4345 1702 4403 diversorum
1764 4349 1981 4406 vivendi

405 4447 660 4501 generum
720 4444 844 4505 apte
871 4436 1175 4506 proposita,
1205 4439 1370 4492 animi
1403 4438 1746 4496 affectionem
1783 4451 1836 4496 et
1866 4442 1984 4498 dis-

408 4524 734 4591 positionem
784 4527 1076 4582 intendunt
1104 4539 1160 4582 et
1195 4530 1498 4596 stabiliunt,
1532 4547 1628 4604 Spe
1658 4540 1891 4589 mentem
1917 4533 1982 4587 ad

406 4617 609 4685 optima
638 4632 865 4689 quaequv:
919 4621 1178 4676 sectanda
1233 4631 1288 4676 et
1321 4623 1550 4680 colenda
1581 4626 1888 4693 alliciente;
1932 4636 1985 4681 et

407 4707 832 4778 reprehensione
849 4724 1038 4764 eorum
1061 4712 1153 4782 qui
1178 4713 1345 4768 vitam
1379 4713 1701 4784 flagitiosam
1733 4723 1982 4787 egerunt,

409 4796 478 4852 a'd
526 4797 716 4868 fugam
773 4807 828 4854 et
893 4801 1312 4860 detestationem
1363 4807 1626 4862 similium
1676 4809 1982 4863 studiorum

407 4889 694 4943 erudiente
724 4897 778 4944 et
807 4888 1090 4945 incitante.
1119 4891 1321 4949 Praeter
1345 4895 1461 4951 haec
1507 4898 1691 4952 omnia
1726 4913 1982 4955 necessa-

406 4977 550 5033 rium
599 4981 726 5044 erit,
754 4981 1046 5054 utrobique
1085 4991 1252 5039 totam
1283 4985 1513 5042 docendi
1558 4988 1825 5044 rationem
1875 4990 1980 5043 mi-

405 5073 594 5129 nutius
627 5073 784 5143 quasi
831 5074 1110 5131 concisam
1141 5077 1456 5145 instituere;
1482 5094 1608 5132 nam
1645 5080 1728 5134 vel
1759 5078 1811 5134 id
1839 5079 1982 5151 quod

405 5169 618 5219 rectum
649 5170 704 5219 et
732 5165 1563 5237 honestumestdemonstrabit;
1598 5171 1682 5225 vel
1708 5187 1738 5225 a
1771 5173 1982 5226 facino-

405 5251 560 5310 ribus
601 5251 1014 5324 dehortabitur;
1073 5258 1146 5312 ita
1197 5265 1257 5312 ut
1286 5259 1352 5313 ad
1383 5259 1515 5313 illud
1563 5260 1780 5331 quidem
1810 5261 1981 5316 docu-

400 5344 609 5401 mentis
636 5343 968 5414 quibusdam
1014 5355 1067 5402 et
1118 5349 1344 5404 monitis
1395 5350 1551 5419 quasi
1593 5366 1754 5405 manu
1817 5351 1983 5405 ducat

403 5432 745 5502 auditorem;
779 5435 846 5490 ab
869 5436 1216 5505 improbitate
1243 5444 1424 5491 autem
1462 5439 1710 5492 eumdem
1744 5454 1838 5508 per
1861 5454 1980 5494 scr-

409 5535 602 5580 mones
641 5523 710 5578 ad
736 5524 1168 5582 dehortationem
1197 5527 1474 5597 oppositos
1513 5527 1767 5584 abducat.

483 5742 596 5815 (16)
618 5742 718 5815 ἓάο
741 5759 848 5799 οιη-
864 5747 896 5815 ἡ
913 5787 927 5801 ο

485 5811 596 5883 (17)
630 5811 792 5880 Forte
825 5811 1158 5874 κοίνούντων.

2550 1543 2944 1599 ΚΕΦΑΛΑΙΟΝ
2987 1546 3059 1600 B'.

2169 1711 2258 1773 Ὧς
2283 1710 2329 1763 δ’
2360 1711 2425 1764 ἂν
2468 1709 2856 1782 ἀκριϐέστερον
2890 1710 3252 1782 ἐπισταίημεν
3280 1713 3344 1783 τῇ
3383 1713 3510 1784 περὶ
3552 1713 3657 1766 τῶν

2085 1801 2295 1871 ἀρετῶν
2363 1800 2702 1871 διδασκαλίᾳ,
2753 1801 2819 1870 ἣν
2865 1801 3152 1870 ὑφηγεῖται
3199 1802 3286 1855 διὰ
3334 1804 3512 1874 πάσης
3561 1805 3656 1872 τῆς

2086 1892 2364 1963 ψαλμικῆς
2393 1892 2614 1962 ὁδηγίας
2653 1894 2680 1944 ὁ
2711 1891 2886 1959 λόγος,
2927 1893 3106 1956 καλῶς
3138 1893 3202 1948 ἂν
3229 1894 3362 1964 ἔχοι,
3401 1896 3657 1966 πρότερον

2087 1984 2234 2054 ἡμᾶς
2261 1984 2347 2052 ἐφ’
2373 1982 2528 2052 ἡμῶν
2573 1981 2753 2034 αὐτῶν
2785 1982 3072 2046 διελέσθαι,
3100 1978 3212 2036 οἷόν
3257 2001 3378 2038 τινα
3418 1985 3646 2055 τεχνικὸπ.

2087 2076 2242 2144 λόγον
2286 2076 2343 2127 ἐν
2367 2073 2516 2138 τάξει
2548 2073 2615 2127 δι’
2641 2073 2932 2128 ἀκολούθου
2964 2075 3324 2146 προάγοντας,
3356 2077 3470 2140 πῶς
3514 2076 3661 2129 ἔστιν

2087 2168 2146 2219 ἐν
2182 2167 2347 2238 ἀρετῇ
2395 2164 2647 2234 γενέσθαι
2677 2166 2768 2218 τὸν
2817 2167 3050 2237 ἐραστὴν
3093 2166 3185 2220 τοῦ
3231 2166 3472 2220 τοιούτου
3517 2167 3652 2236 βίου.

2088 2257 2242 2311 Οὕτω
2284 2255 2391 2328 γὰρ
2440 2258 2504 2311 ἂν
2553 2257 2905 2327 ἐπιγνοίημεν
2936 2259 3034 2329 τῆς
3080 2258 3539 2331 προδεικνυμένης
3583 2261 3656 2313 δι-

2085 2347 2378 2410 δασκαλίας
2413 2349 2542 2418 ἡμῖν
2575 2348 2634 2399 τὸ
2681 2348 2992 2402 ἀκόλουθον.
3040 2349 3160 2420 Χρὴ
3210 2350 3386 2403 τοίνυν
3417 2349 3506 2403 τὸν
3534 2350 3656 2420 μέλ-

2086 2439 2244 2491 λοντα
2276 2439 2410 2508 πρδς
2446 2439 2642 2511 ἀρετὴν
2679 2439 2917 2509 βλέπειν,
2955 2439 3218 2512 πρότερον
3250 2441 3349 2510 μέν
3391 2439 3658 2509 διακρῖναι

2085 2527 2178 2580 τὸν
2226 2527 2380 2596 λόγον
2428 2527 2518 2579 τόν
2563 2544 2622 2579 τε
2668 2528 2879 2579 ἀστεῖον
2926 2527 3019 2580 καὶ
3077 2526 3167 2580 τὸν
3210 2526 3478 2591 ὑπαίτιον,
3512 2525 3660 2586 ἰδίοις

2088 2618 2345 2689 ἑκάτερον
2403 2618 2942 2687 ἐπιπμειωσάμενον
2996 2618 3405 2689 γνωρίσμασιν,
3462 2615 3537 2678 ὡς
3594 2616 3658 2668 ἂν

2089 2709 2392 2779 ἀσύγχυτος
2419 2710 2597 2764 αὐτῶν
2631 2712 2659 2764 ὁ
2683 2710 2838 2777 λόγος
2867 2711 2952 2779 εἴη
2983 2710 3170 2780 μηδενὶ
3198 2709 3302 2762 τῶν
3344 2706 3666 2762 κοινωνούνθ

2087 2818 2194 2854 των
2213 2801 2322 2870 (17)
2345 2800 2593 2854 ὲπιθολού
2604 2818 2780 2872 μενος.
2798 2802 3004 2871 Σημεῖα
3023 2801 3080 2853 δὲ
3101 2801 3200 2870 τῆς
3217 2800 3473 2870 ἐκατέρου
3501 2800 3656 2869 (ιτ),

2087 2891 2290 2944 τούτων
2332 2891 2592 2960 ἰδιότητός
2649 2893 2762 2944 ἐστι
2797 2891 2894 2960 μὲν
2940 2891 3068 2954 ἴσως
3117 2890 3210 2942 καὶ
3249 2889 3383 2943 ἄλλα
3415 2889 3555 2942 τινὰ*
3593 2890 3660 2940 τὰ

2087 2979 2142 3034 δὲ
2168 2980 2502 3052 γενικώτερα
2530 2981 2636 3032 τῶν
2666 2981 2859 3046 ἄλλων,
2890 2980 3030 3034 κατά
3061 2997 3125 3048 γε
3159 2981 3257 3050 τὴν
3294 2979 3431 3050 ἐμὴν
3461 2979 3658 3050 ὑπόλη-

2087 3077 2200 3146 ψιν,
2248 3074 2363 3127 ἐστι
2412 3072 2610 3127 ταῦτα’
2638 3073 2712 3125 Τὸ
2756 3071 3080 3144 μεμερίσθαι
3132 3071 3268 3143 πρὸς
3315 3071 3564 3141 αἴσθησίν
3601 3087 3657 3122 τε

2087 3164 2179 3216 καὶ
2222 3163 2459 3217 διάνοιαν
2501 3161 2598 3232 τὴν
2641 3162 2993 3232 ἐγγινομένην
3040 3162 3152 3224 τοῖς
3197 3160 3499 3232 ἀνθρώποις
3533 3163 3657 3230 παρ’

2087 3255 2264 3309 αὐτῶν
2313 3255 2687 3325 εὐφροσύνην
2737 3253 2836 3322 τῆς
2872 3253 2969 3324 μὲν
3001 3252 3198 3316 κακίας
3224 3251 3523 3323 ἡδυνούσης
3562 3254 3659 3321 τὴν

2085 3346 2356 3418 αἴσθησιν,
2387 3347 2485 3416 τῆς
2527 3345 2583 3398 δὲ
2623 3343 2825 3416 ἀρετῆς
2880 3343 2980 3413 τὴν
3024 3342 3198 3413 ψυχὴν
3248 3343 3655 3414 εύφραινούσης.

2097 3439 2221 3491 Ἐπὶ
2253 3437 2460 3500 τούτοις
2499 3437 2565 3490 ἂν
2611 3436 2695 3506 εἴη
2732 3432 3021 3488 ἀκόλουθον
3057 3433 3122 3486 δι’
3155 3434 3428 3504 εὐφημίας
3459 3450 3518 3486 τε
3568 3434 3662 3486 καὶ

2083 3527 2336 3596 διαϐολῆς
2385 3526 2483 3598 τὴν
2528 3525 2635 3579 τῶν
2684 3525 2988 3579 ἀκουόντων
3043 3523 3280 3578 διάνοιαν
3327 3525 3559 3593 ἀπάγειν
3603 3541 3659 3576 τε

2084 3618 2178 3672 τοῦ
2235 3619 2496 3691 χείρονος,
2549 3617 2643 3670 καὶ
2698 3616 3073 3687 προσοικειοῦν
3121 3617 3199 3688 τῷ
3251 3616 3522 3686 βελτίονι’
3560 3617 3660 3684 τῆς

2089 3709 2188 3779 μὲν
2215 3707 2310 3761 τοῦ
2358 3705 2597 3778 πονηροῦ
2636 3706 2750 3776 βίου
2797 3707 3048 3778 διαϐολῆς
3079 3706 3140 3759 τὸ
3187 3708 3340 3776 μῖσος
3385 3705 3520 3777 πρὸς
3566 3706 3660 3775 τὴν

2086 3799 2282 3852 κακίαν
2308 3797 2578 3868 φερούσης
2598 3814 2611 3826 ·
2652 3795 2744 3848 τοῦ
2783 3795 2840 3848 δὲ
2871 3795 2977 3848 τῶν
3006 3794 3226 3864 ἀγαθῶν
3257 3793 3500 3857 ἐπαίνου,
3526 3793 3660 3864 πρὸς

2085 3890 2144 3942 τὸ
2187 3889 2560 3959 εὐφημότερον
2592 3887 2690 3958 τὴν
2739 3886 3030 3957 ἐπιθυμίαν
3067 3885 3455 3956 ἐφελκομένου.
3507 3885 3662 3938 Μετὰ

2085 3979 2242 4033 τοῦτο
2295 3979 2353 4032 δὲ
2408 3979 2483 4042 ὡς
2534 3977 2599 4032 ἂν
2645 3979 2997 4050 ἐνεργότερον
3049 3978 3143 4032 τοῦ
3196 3977 3400 4048 ἀγαθοῦ
3443 3977 3574 4048 βίου,
3602 3979 3662 4030 τδ

2085 4066 2360 4138 ἐγκώμιον
2392 4066 2622 4134 γένοιτο,
2669 4067 2762 4120 καὶ
2806 4065 3174 4137 ἐμψυχότερος
3223 4068 3250 4120 ὁ
3293 4066 3384 4119 τοῦ
3423 4066 3663 4136 χείρονος

2084 4159 2268 4230 ψόγος,
2302 4157 2481 4212 αὐτῶν
2511 4159 2780 4230 προσήκει
2805 4157 2912 4211 τῶν
2941 4159 3000 4210 ἐν
3025 4159 3190 4229 ἀρετῇ
3219 4156 3659 4228 θαυμασθέντωι,

2087 4252 2179 4303 καὶ
2208 4250 2314 4304 τῶν
2340 4252 2397 4303 ἐν
2429 4251 2596 4320 κακίᾳ
2625 4250 3090 4320 κατεγνωσμένων
3121 4249 3219 4320 τὴν
3253 4252 3472 4319 μνήμην
3510 4250 3664 4316 ποιή-

2087 4339 2301 4392 σασθαι.
2350 4339 2629 4392 Ἐπίτασιν
2671 4337 2778 4409 γάρ
2824 4353 2946 4391 τινα
2980 4337 3080 4408 τῆς
3111 4337 3168 4388 ἐν
3201 4337 3264 4406 τῇ
3297 4335 3445 4404 ψυχῇ
3489 4332 3664 4386 διαθέ-

2087 4451 2225 4496 σεως
2255 4434 2474 4503 ἐμποιεῖ
2519 4431 2613 4484 καὶ
2647 4430 2992 4502 βεϐαιότητα,
3026 4428 3368 4500 προφανέντα
3396 4426 3503 4479 τῶν
3534 4425 3663 4494 βίων

2084 4523 2152 4578 τὰ
2204 4523 2596 4594 ὑποδείγματα,
2634 4522 2770 4592 πρὸς
2817 4521 2913 4592 τὴν
2956 4521 3062 4574 τῶν
3109 4520 3346 4590 ἀρίστων
3374 4516 3664 4588 ὁμοτιμίαν

2083 4614 2184 4684 τῆς
2226 4613 2440 4677 ἐλπίδος
2478 4612 2576 4684 τὴν
2625 4611 2802 4682 ψυχὴν
2849 4610 3237 4680 ἐφελκομένης,
3293 4606 3526 4676 καὶτῆς
3570 4605 3663 4657 ἐπὶ

2085 4705 2193 4759 τῶν
2227 4703 2690 4773 κατεγνωσμένων
2720 4701 2972 4772 διαϐολῆς
2997 4701 3132 4771 πρὸς
3170 4699 3460 4768 ἀποφυγήν
3482 4714 3540 4750 τε
3569 4697 3663 4749 καὶ

2085 4797 2440 4866 ἀλλοτρίωσιν
2483 4794 2592 4848 τῶν
2630 4795 2831 4864 ὁμοίων
2884 4792 3332 4863 ἐπιτηδευμάτων
3387 4790 3664 4859 παιδοτρι-

2086 4888 2304 4957 ϐούσης.
2359 4886 2481 4939 Ἐπὶ
2510 4888 2644 4938 πᾶσι
2675 4885 2731 4937 δὲ
2761 4883 2969 4946 τούτοις
2996 4883 3289 4952 ἀναγκαῖον
3319 4881 3386 4936 ἂν
3414 4883 3500 4951 εἴη
3528 4882 3663 4952 πρὸς

2086 4979 2344 5049 ἑκάτερον
2373 4976 2577 5030 τούτων
2623 4975 2934 5048 λεπτομερῆ
2978 4993 3099 5028 τινα
3133 4975 3478 5029 διδασκαλίαν
3509 4975 3664 5042 ποιή-

2088 5070 2304 5133 σασθαι,
2354 5069 2388 5140 ἥ
2446 5069 2540 5122 καὶ⁹
2591 5068 2651 5120 τὸ
2708 5070 2954 5138 κρεῖττον
2998 5065 3264 5132 ὑποδείξει
3301 5065 3397 5120 καὶ
3431 5063 3661 5132 ἀποτρέ-

2083 5162 2173 5230 ψει
2227 5161 2338 5232 (l8)
2392 5160 2488 5213 τοῦ
2527 5160 2806 5231 χείρονος·
2850 5158 2988 5229 πρὸς
3017 5157 3175 5210 τοῦτο
3223 5157 3320 5227 μὲν
3366 5155 3665 5225 ὑποθήκαις

2084 5254 2224 5306 τισὶν
2277 5254 2370 5306 καὶ
2413 5253 2742 5322 συμϐουλαῖς
2785 5250 3054 5322 ὀδηγοῦσα
3091 5251 3189 5321 τὴν
3223 5250 3413 5321 ἀκοὴν,
3460 5247 3567 5301 ἀπὸ
3609 5247 3665 5299 δὲ

2085 5345 2191 5398 τῶν
2250 5345 2508 5416 χειρόνων
2561 5343 2650 5396 διὰ
2703 5341 2812 5395 τῶν
2861 5340 3276 5412 ἀποτρεπτικῶν
3327 5337 3667 5408 ἀπείργουσα

2083 5437 2278 5505 λόγων.

2165 5747 2300 5815 (17⁸)
2342 5746 2462 5798 Τῶν
2503 5745 2799 5814 ἑκατέρων,
2820 5744 2906 5800 ed.

2163 5817 2276 5886 (18)
2327 5817 2648 5885 Ἀποστὴσει
2683 5815 2842 5870 forte.
