3888 6352
216 442 323 501 457

1617 427 1685 482 ΙΝ
1722 420 2060 482 PSALMOS.

3368 396 3491 453 ὥθ’

286 549 513 607 Τούτων
533 547 747 603 δέούτω
773 545 1277 618 διευκρινηθέντων,
1308 540 1493 612 ἐπειδὴ
1524 536 1802 607 δυσπαρά-

1974 551 2073 607 His
2120 548 2269 605 hunc
2311 544 2368 599 in
2407 541 2628 598 modum
2667 518 3093 607 dijudicatis'ct
3138 518 3474 593 constitutis,

220 642 410 699 δεκτόν
443 642 566 694 ἐστι
593 643 663 712 τῇ
705 637 863 709 φύσει
911 638 1019 691 πᾶν
1042 635 1106 689 τὸ
1130 634 1268 705 πρὸς
1294 630 1485 703 ἡδονὴν
1511 627 1804 698 ἀλλοτρίως

222 732 349 803 ἕχον
405 728 623 801 (ἡδονὴν
668 728 726 782 δέ
777 726 920 796 λέγω
965 725 1063 797 τὴν
1100 722 1195 778 τοῦ
1240 721 1490 793 σώματος
1528 719 1687 789 φίλην
1707 733 1720 748 ³
1768 719 1803 787 ή

222 824 338 895 γὰρ
390 822 493 892 τῆς
546 820 725 890 ψυχῆς
780 817 1084 889 εὐφροσύνη
1142 813 1321 884 πολλῷ
1373 812 1451 883 τῷ
1509 810 1658 881 μέσῳ
1707 810 1805 880 τῆς

223 914 426 982 ἀλόγου
472 930 533 966 τε
586 911 682 966 καὶ¹
728 907 1167 981 ἀνδραποδώδους
1220 903 1549 977 ἡδυπαθείας
1596 900 1807 971 ἀπῴκι-

227 1004 378 1075 σται)
404 1003 515 1074 (19)
538 1020 553 1035 ·
586 1002 715 1056 ἴδιον
758 1000 814 1054 δέ
853 1001 1075 1071 σημεῖον
1105 996 1365 1068 ἐκατέρου
1394 994 1501 1048 τῶν
1537 992 1686 1063 βίων,
1709 990 1804 1046 τοῦ

227 1097 290 1150 ἐν
322 1097 492 1167 ἀρετῇ
530 1111 590 1147 τε
634 1093 729 1147 καὶ
761 1092 950 1162 κακίᾳ,
991 1088 1149 1143 τοῦτο
1179 1087 1536 1159 προλαϐόντες
1568 1085 1808 1155 ἐπέγνω-

232 1205 336 1260 μεν
364 1186 501 1257 (20),
538 1184 733 1239 ὅτιδιά
766 1184 863 1255 μὲν
881 1184 981 1254 τῆς
1012 1180 1210 1244 κακίας
1259 1177 1610 1233 κολακεύεται
1649 1176 1805 1247 ήμῶν

229 1279 301 1333 τά
328 1282 428 1350 τῆς
475 1276 675 1348 σαρκὸς
720 1274 1068 1347 αἰσθητήρια,
1104 1273 1138 1342 ή
1183 1269 1238 1323 δέ
1282 1268 1450 1341 ἀρετὴ
1492 1267 1670 1339 ψυχῆς
1703 1266 1809 1319 εύ-

231 1369 479 1442 φροσύνη
540 1370 652 1431 τοῖς
722 1363 1096 1437 κατορθώσασι
1150 1362 1377 1430 γίνεται.
1432 1360 1557 1423 Τοῖς
1609 1358 1666 1410 δὲ
1711 1355 1808 1412 νῦν

231 1459 613 1530 εἰσαγομένοις
641 1456 776 1528 πρὸς
806 1456 895 1511 τὸν
921 1454 1248 1526 ὑψηλότερον
1285 1452 1420 1524 βίον,
1459 1444 1539 1515 οἷς
1580 1449 1660 1503 ἔτι
1697 1447 1807 1519 (21)

232 1550 332 1605 τοῦ
360 1548 525 1604 καλοῦ
544 1550 823 1621 κριτήριον
846 1549 880 1618 ἡ
906 1546 1155 1617 αίσθησις
1173 1542 1495 1608 εἶναιδοκεῖ,
1522 1540 1676 1595 οὔπω
1696 1539 1808 1611 (22)

238 1640 442 1704 ἱκανῶς
470 1639 581 1710 ἔχει
611 1638 849 1709 καθορᾷν
877 1638 938 1690 τὸ
967 1636 1169 1705 ἀγαθὸν
1207 1636 1241 1706 ἡ
1274 1632 1439 1704 ψυχὴ,
1469 1631 1811 1701 ἀγύμναστος

234 1732 319 1784 ἔτι
350 1731 445 1784 καὶ
472 1730 647 1801 ἀήθης
668 1726 801 1783 οὖσα
831 1732 930 1800 τῆς
958 1727 1211 1797 τοιαύτης
1238 1724 1633 1795 κατανοήσεως.
1668 1722 1811 1793 Πρὸς

233 1823 291 1876 δέ
320 1823 383 1875 τὸ
419 1821 492 1893 μὴ
521 1820 918 1891 γνωριζόμενον
947 1820 1112 1883 ἅπαν,
1140 1818 1245 1873 κᾶν
1272 1819 1351 1872 ὅτι
1386 1816 1619 1888 μάλιστα
1648 1814 1810 1869 καλὸν

234 1908 294 1985 ᾖ,
330 1913 586 1981 ἀκίνητος
618 1911 773 1982 ήμῶν
812 1912 846 1982 ή
892 1909 1156 1978 ἐπιθυμία
1205 1908 1375 1980 μένει,
1417 1905 1711 1975 ἐπιθυμίας
1755 1904 1809 1958 δέ

239 2004 318 2075 μὴ
350 2002 831 2074 προϋπαρχούσης,
870 2002 978 2055 οὐδ’
1011 2001 1076 2056 ἂν
1108 2000 1270 2072 ἡδονή
1303 2017 1385 2060 τις
1422 1997 1694 2066 ἐγγένοιτο
1716 1995 1811 2049 τοῦ

239 2098 317 2166 μὴ
369 2095 704 2165 ποθουμένου
760 2096 1105 2166 πράγματος,
1144 2092 1261 2155 ὁδὸς
1297 2091 1406 2162 γάρ
1441 2092 1521 2154 εἰς
1546 2088 1738 2161 ἡδονὴν
1783 2090 1811 2140 ὁ

237 2185 407 2250 πόθος
433 2187 662 2255 γίνεται.
715 2184 1051 2254 Ἀναγκαίως
1084 2182 1367 2255 ἐπινοῆσαι
1402 2199 1455 2235 τι
1498 2181 1603 2253 χρὴ
1633 2178 1812 2234 τοιοῦ-

235 2293 332 2331 τον
360 2279 472 2340 τοῖς
501 2278 664 2348 μήπω
691 2280 791 2348 τῆς
832 2277 1109 2348 ἀκηράτου
1153 2276 1249 2329 καί¹
1277 2273 1425 2337 θείας
1468 2273 1658 2344 ἡδονῆς
1689 2288 1816 2342 γευ-

238 2369 517 2440 σαμένοις,
574 2371 641 2423 δι’
699 2361 760 2422 οὗ
810 2367 1392 2439 συμπαραδεχθήσεται
1450 2367 1549 2437 τῆς
1614 2365 1814 2435 ἀρετῆς

236 2461 311 2514 τά
337 2461 664 2531 διδάγματα,
683 2462 772 2515 διά
792 2477 936 2524 τινος
963 2461 1070 2513 τῶν
1096 2460 1195 2529 τὴν
1221 2456 1471 2527 αἴσθησιν
1497 2455 1816 2526 εύφραινόν-

234 2570 350 2608 των
396 2552 764 2624 ἐφηδυνόμενα
802 2550 934 2623 (25),
970 2550 1239 2621 -καθάπερ
1297 2549 1391 2603 καὶ
1446 2550 1560 2610 τοῖς
1610 2547 1816 2617 ἰατροῖς

239 2647 418 2697 ποιεῖν
462 2643 709 2715 σύνηθες,
767 2644 894 2697 ὃταν
927 2660 979 2696 τι
1029 2640 1225 2713 πικρόν
1268 2656 1328 2693 τε
1376 2638 1471 2692 καὶ
1517 2636 1816 2707 δύσληπτον

238 2735 352 2789 τῶν
422 2735 792 2806 ἀλεξητηρίων
860 2733 1167 2806 φαρμάκων
1249 2730 1514 2801 εὔληπτον
1582 2727 1791 2781 ποιοῦσι

238 2829 357 2890 τοῖς
389 2826 751 2898 ἀρρωστοῦσι,
790 2828 856 2896 τῇ
898 2823 992 2878 τοῦ
1042 2823 1255 2895 μέλιτος
1296 2823 1453 2894 ἡδονῇ
1487 2819 1818 2891 παραρτύον-

239 2934 352 2982 τες.
388 2917 452 2971 El
477 2917 534 2970 δὲ
559 2917 777 2979 τελείως
805 2916 937 2987 ἡμῖν
966 2917 999 2987 ή
1039 2913 1317 2985 εἰσαγωγὴ
1347 2912 1439 2966 τοῦ
1467 2912 1585 2965 κατ’
1618 2909 1817 2982 ἀρετήν

244 3008 362 3079 βίου
391 3008 478 3062 διὰ
505 3007 612 3091 τῶν
642 3007 943 3079 εἰρημένων
965 3006 1407 3076 τετεχνολόγηται
1447 3003 1581 3074 (24),
1608 3002 1683 3065 ὡς
1708 3002 1816 3056 δεῖν

240 3100 510 3171 πρότερον
556 3100 653 3169 μὲν
696 3099 790 3152 ἀπ’
823 3098 1067 3168 ἀλλήλων
1108 3096 1339 3168 χωρίσαι
1369 3094 1438 3148 τά
1466 3094 1683 3149 ἐναντία
1710 3092 1816 3146 τῶν

1905 657 2029 699 cum
2064 648 2275 695 naturae
2319 640 2525 691 nostrae
2566 629 2789 687 omnino
2820 627 3107 682 adversum
3137 623 3230 688 sit,
3261 635 3476 675 omnem

1905 733 2122 806 penitus
2154 730 2487 799 voluptatem
2520 722 2809 793 repudiare
2832 718 3186 789 (veluptatem
3211 712 3335 767 dico
3355 726 3473 767 coro

1905 803 2022 895 pori
2039 820 2336 893 jucundam
2359 833 2374 883 ;
2404 830 2531 871 nam
2549 813 2802 882 voluptas
2821 807 2991 864 animi
3012 806 3173 876 longo
3197 803 3482 858 intervallo

1907 893 1938 971 ξι
1982 913 2214 970 rationis
2262 915 2487 980 experte
2538 911 2594 961 et
2641 900 2828 959 servili
2876 896 3236 955 delectatione
3268 893 3479 959 distat),

1906 1006 2181 1079 propriam
2199 1016 2329 1059 vero
2351 1008 2537 1055 notam
2583 996 2872 1063 utriusque
2898 990 3044 1056 vitae,
3095 987 3237 1056 ejus,
3269 984 3481 1040 scilicet

1908 1077 2030 1168 quae
2058 1091 2465 1165 virtutijstudet,
2487 1096 2540 1145 et
2574 1087 2714 1158 ejus,
2738 1098 2858 1154 quae
2888 1079 3229 1152 improbitati
3259 1077 3481 1132 addicta

1907 1165 2010 1254 est,
2050 1199 2215 1257 supra
2268 1178 2742 1240 constituerimus,
2778 1173 2925 1244 quod
2971 1171 3084 1225 vita
3124 1168 3270 1222 vitiis
3295 1165 3479 1222 dedita

1909 1293 2106 1335 sensus
2152 1286 2453 1343 eorumque
2501 1282 2705 1339 organa
2767 1261 3104 1326 demulceat;
3153 1259 3261 1312 vita
3298 1263 3481 1311 autem

1908 1367 2125 1425 virtutis
2156 1364 2404 1423 studiosa
2433 1368 2645 1417 mentes
2668 1363 2816 1412 recte
2843 1352 3119 1423 agentium
3153 1343 3407 1403 oblectet.
3439 1346 3481 1400 li

1909 1474 2039 1515 vero
2062 1457 2156 1528 qui
2190 1454 2258 1510 ad
2300 1451 2676 1510 sublimiorem
2727 1447 2894 1503 vitam
2953 1449 3206 1499 recenter
3259 1437 3479 1497 initiati,

1912 1524 2114 1620 quibus
2136 1545 2278 1600 ratio
2305 1540 2520 1598 honesti
2548 1534 2904 1610 dignoscendi
2930 1533 3108 1588 adhuc
3127 1529 3339 1585 videtur
3362 1541 3483 1581 esse
3502 1524 3505 1529 ’

1913 1654 2132 1705 sensus,
2196 1634 2516 1690 infirmioris
2589 1637 2719 1687 sunt
2765 1627 2952 1693 animi,
3023 1638 3186 1695 quam
3248 1629 3307 1676 ut
3351 1620 3483 1675 satis

1914 1728 2206 1801 perspicue
2226 1726 2569 1781 honestatem
2609 1719 2810 1775 intueri
2840 1717 3076 1780 valeant,
3108 1726 3232 1767 cum
3253 1717 3485 1765 mentem

1920 1819 2099 1874 adhuc
2124 1815 2338 1881 rudem,
2386 1822 2439 1868 et
2466 1812 2523 1866 in
2555 1807 2867 1880 hujusmodi
2911 1806 2988 1861 rei
3024 1800 3486 1871 contemplatione

1919 1906 2335 1963 inexercitatam
2363 1903 2633 1965 habeant;
2659 1907 2715 1955 et
2744 1898 2810 1951 ad
2834 1896 2886 1950 id
2917 1895 3064 1966 quod
3094 1894 3353 1962 (ignotum
3377 1897 3481 1953 est,

1912 2000 2042 2055 licet
2096 1994 2526 2067 pulcherrimum
2576 1992 2669 2054 sit,
2728 1989 2950 2043 immota
3006 1991 3224 2039 maneat
3271 1995 3486 2050 semper

1912 2091 2140 2160 cupido;
2173 2088 2322 2143 nulla
2370 2093 2551 2140 autem
2595 2084 2834 2137 humana
2891 2083 3168 2149 praeeunte
3208 2073 3480 2143 cupidine,

1917 2181 2067 2236 nulla
2096 2180 2257 2235 etiam
2293 2176 2585 2232 delectatio
2608 2172 2687 2228 rei
2721 2186 2831 2226 non
2854 2167 3177 2224 desiderata:
3203 2173 3488 2231 exsurgat:

1915 2284 2042 2324 nam
2066 2269 2163 2324 via,
2184 2267 2251 2322 ad
2274 2264 2688 2321 delectationem
2711 2268 2796 2316 est
2824 2257 3137 2328 cupiditas;
3168 2254 3369 2308 talibus
3399 2266 3489 2305 ue-

1919 2359 2163 2417 cessario
2197 2356 2402 2427 aliquid
2429 2352 2742 2424 hujusmodi
2789 2348 3205 2418 excogitandum
3236 2353 3339 2410 est,
3394 2342 3487 2412 qui

1917 2451 2151 2507 necdum
2189 2463 2338 2519 pura:
2362 2456 2415 2503 et
2444 2446 2637 2500 divinae
2671 2443 2818 2497 illius
2850 2437 3141 2508 voluptatis
3169 2443 3298 2491 sunt
3330 2448 3488 2504 capa-

1916 2559 2028 2611 ces,
2061 2558 2170 2613 quo
2223 2549 2482 2611 tanquam
2524 2536 2707 2592 medio
2753 2532 2974 2588 virtutis
3038 2530 3367 2584 documenta
3434 2534 3489 2580 et

1916 2635 2170 2690 instituta
2209 2632 2378 2688 simul
2425 2629 2709 2700 percipere
2760 2630 2983 2695 queant,
3020 2622 3204 2691 aliquo
3256 2633 3323 2672 ex
3375 2615 3489 2670 illis

1917 2740 2040 2796 qua:
2076 2736 2298 2779 sensum
2371 2719 2638 2775 deliniunt
2713 2716 2902 2771 suavia
2950 2711 3162 2768 eﬂecta.
3218 2706 3377 2775 Quod
3436 2716 3490 2760 et

1917 2813 2146 2870 medicis
2180 2814 2236 2867 in
2260 2825 2412 2865 more
2434 2810 2673 2878 positum
2695 2813 2798 2871 est,
2829 2819 2951 2859 cum
2981 2815 3227 2855 amarum
3250 2805 3492 2867 potuque

1916 2905 2273 2975 injucundum
2334 2900 2789 2955 medicamentum
2860 2908 3027 2950 suave
3078 2901 3131 2946 et
3188 2887 3489 2959 jucundum

1918 2996 2141 3069 aegrotis
2193 2992 2455 3057 ciiiciunt,
2494 2990 2624 3045 dum
2651 2987 2782 3044 illud
2815 2986 2988 3041 mellis
3042 2983 3334 3039 dulcedine
3355 2995 3492 3036 con-

1916 3085 2096 3141 diunt.
2135 3082 2191 3138 Si
2245 3082 2409 3151 igitur
2439 3078 2679 3149 perfecte
2739 3091 2770 3129 a
2825 3074 2984 3129 nobis
3020 3071 3214 3127 tradita
3250 3078 3335 3125 est
3371 3069 3495 3125 vitae

240 3189 711 3260 ἐπιτηδευμάτων,
746 3185 862 3242 εἶτα
894 3188 1151 3258 ἑκάτερον
1191 3185 1367 3240 αὐτῶν
1401 3184 1476 3255 τῷ
1521 3185 1635 3255 ἰδίῳ
1678 3200 1817 3252 γνω-

1922 3180 2126 3231 sanctae
2173 3171 2468 3235 institutio,
2502 3167 2776 3230 videlicet,
2819 3163 2964 3234 quod
2998 3159 3365 3217 necessarium
3398 3158 3491 3221 sit,

246 3280 473 3351 ρίσματι
504 3278 933 3351 σημειώσασθαι,
970 3278 1063 3332 καὶ
1097 3277 1236 3348 μετὰ
1274 3276 1431 3330 τοῦτο
1458 3276 1519 3329 τὸ
1552 3276 1648 3345 μέν
1692 3275 1818 3328 ἀπο-

244 3369 510 3441 σεμνύναι
550 3371 627 3438 τῷ
654 3370 815 3441 λόγῳ,
845 3370 906 3423 τὸ
933 3369 988 3422 δὲ
1018 3367 1247 3438 φευκτὸν
1276 3367 1341 3420 ἐκ
1372 3366 1622 3436 διαϐολῆς
1648 3366 1821 3434 ἀπερ-

239 3460 518 3529 γάσασθαι
539 3476 553 3491 ⁸
584 3463 697 3524 τοῖς
727 3477 788 3513 τε
810 3459 920 3515 τῶν
942 3460 1227 3529 ἐπισήμων
1252 3456 1460 3529 ἀνδρῶν
1489 3455 1820 3525 ὑποδείγμα-

245 3568 332 3605 σιν
360 3551 663 3624 ἐπιρρῶσαι
696 3551 833 3623 πρὸς
862 3551 1118 3619 ἑκάτερον
1143 3547 1242 3619 τὴν
1272 3548 1532 3610 διάνοιαν,
1569 3546 1666 3599 καὶ¹
1701 3548 1822 3609 ταῖς

249 3643 504 3714 μερικαῖς
537 3641 838 3713 ὑποθήκαις
880 3641 979 3711 τήν
1005 3656 1065 3692 τε
1093 3638 1230 3710 πρὸς
1250 3637 1310 3690 τὸ
1342 3636 1542 3704 ἀγαθὸν
1582 3635 1822 3703 ἄγουσαν

244 3735 366 3789 ὁδὸν
396 3733 692 3800 ὑποδεῖξαι,
743 3733 836 3786 καὶ
873 3731 1182 3803 ἀποτρέψαι
1221 3728 1315 3782 τοῦ
1348 3729 1619 3798 χείρονος“
1666 3726 1730 3778 τό
1762 3742 1822 3778 τε

244 3825 619 3895 κατεσκληκὸς
648 3826 743 3879 καὶ
783 3823 1051 3895 ἀνδρῶδες
1089 3824 1189 3893 τῆς
1218 3820 1438 3893 ἀρετῆς,
1472 3804 1820 3890 ἡδυποιῆσαι

246 3918 363 3979 τοῖς
415 3915 760 3987 νηπιάζουσι,
808 3916 897 3969 διά
944 3932 1086 3977 τινος
1131 3913 1241 3967 τῶν
1284 3909 1681 3981 εὐφραινόντων
1722 3908 1821 3978 τὴν

249 4006 503 4078 αἴσθησιν
550 4008 704 4079 ήμῶν
733 4006 1172 4077 γλυκαινὸμενον,
1216 4003 1406 4075 καιρὸς
1442 4002 1507 4056 ἂν
1529 4000 1613 4073 εἴη
1654 4016 1823 4054 κατα-

247 4102 465 4171 νοῆσαι,
496 4099 614 4163 πῶς
661 4099 750 4152 διὰ
792 4100 890 4170 τῆς
936 4095 1304 4169 θεωρηθείσης
1348 4092 1551 4164 ταύτης
1588 4090 1834 4162 τεχνολο-

248 4188 401 4256 γίας,
424 4190 575 4242 πᾶσα
601 4190 875 4260 προῆκται
895 4190 1029 4258 ἡμῖν
1051 4188 1084 4257 ή
1109 4185 1196 4240 διὰ
1213 4183 1318 4239 τῶν
1333 4184 1562 4255 ψαλμῶν
1582 4182 1829 4236 διδασκα-

248 4280 367 4344 λία,
434 4283 535 4352 τῆς
582 4298 643 4334 τε
689 4281 888 4343 κακίας
934 4278 1267 4351 ἀπείργουσα
1309 4278 1404 4331 καὶ
1446 4276 1582 4349 πρὸς
1628 4274 1827 4346 ἀρετὴν

251 4370 619 4443 ἐφελκομένη.

1920 3268 2073 3337 prius
2095 3276 2347 3333 separare
2380 3275 2411 3314 a
2450 3273 2509 3315 se
2539 3266 2730 3312 mutuo
2758 3253 3010 3326 opposita
3043 3252 3164 3306 vita“:
3184 3263 3403 3321 genera,
3440 3258 3497 3301 et

1922 3359 2004 3414 sic
2021 3357 2282 3425 deinceps
2308 3362 2606 3421 utrumque
2627 3349 2744 3406 suis
2767 3348 2913 3403 notis
2936 3345 3250 3402 discernere
3280 3349 3334 3397 et
3359 3338 3498 3395 dcti-

1922 3451 2065 3511 nire,
2093 3455 2146 3502 ct
2177 3455 2290 3499 tum
2314 3444 2515 3498 docere
2541 3441 2771 3495 alterum
2792 3438 3040 3492 oratione
3068 3433 3401 3491 eﬂ‘erendum
3440 3439 3497 3485 et

1925 3535 2426 3600 cohonestandum;
2483 3532 2738 3596 alterum,
2785 3527 3020 3598 utquod
3067 3526 3255 3596 fugere
3288 3524 3498 3584 deceat,

1924 3627 2327 3700 vituperatione
2367 3620 2706 3678 adiciendum
2766 3634 2920 3684 esse;
2969 3617 3233 3686 exemplis
3286 3629 3504 3686 quoque

1927 3719 2222 3777 illustrium
2287 3715 2529 3769 virorum
2584 3708 2990 3764 conﬂrmandas
3036 3713 3090 3761 et
3144 3703 3501 3759 concitandas

1928 3816 2138 3865 mentes
2181 3805 2247 3860 ad
2279 3810 2589 3871 utrumque,
2648 3806 2703 3855 et
2759 3796 3090 3868 specialibus
3150 3792 3503 3849 documentis

1926 3901 2090 3962 viam,
2115 3912 2236 3967 quae
2261 3894 2412 3950 ducit
2432 3892 2497 3947 ad
2529 3898 2757 3954 rectum,
2788 3886 3199 3951 ostendendam,
3225 3892 3282 3939 et
3311 3885 3379 3938 ab
3402 3884 3505 3936 im-

1929 3987 2205 4060 probitate
2227 3983 2468 4038 animum
2494 3978 2908 4038 abducendum;
2936 3976 3266 4043 virtutisque
3297 3972 3505 4042 asperi-

1927 4089 2113 4145 tatem,
2132 4085 2186 4134 et
2206 4076 2419 4132 virilem
2441 4073 2600 4144 quasi
2625 4070 2994 4131 severitatem,
3021 4069 3171 4122 velut
3200 4064 3505 4120 infantibus

1928 4171 2360 4244 temperandam,
2391 4180 2599 4238 perque
2631 4162 2835 4233 aliquid
2870 4160 3015 4232 quod
3060 4158 3246 4215 sensui
3293 4167 3506 4227 gratum

1934 4266 2028 4334 sit,
2076 4260 2430 4334 mitigandam
2470 4272 2628 4321 esse;
2686 4262 2901 4323 tempus
2952 4252 3064 4321 jam
3112 4250 3329 4319 exigere
3363 4245 3510 4301 vide-

1933 4365 2045 4422 tu’r,
2082 4362 2141 4410 ut
2170 4352 2546 4422 explanemus,
2603 4344 2879 4416 quomodo
2931 4339 3229 4398 secundum
3263 4348 3431 4391 artem
3453 4342 3519 4389 et

251 4466 527 4523 rationem
559 4427 911 4535 explicatam,
945 4461 1145 4518 tradita
1163 4461 1321 4518 nobis
1343 4461 1415 4518 sit
1437 4476 1533 4532 per
1578 4460 1826 4517 Psalmos
1886 4452 2067 4513 omnis
2123 4443 2395 4509 doctrina,
2442 4454 2563 4510 quae
2591 4454 2622 4493 a
2672 4437 2879 4492 malitia
2929 4448 3035 4489 nos
3071 4438 3301 4494 avertat,
3327 4436 3380 4484 et
3439 4427 3508 4481 ad

253 4560 478 4618 virtutis
505 4560 745 4617 studium
776 4559 1095 4616 inﬂammet.

800 4691 1196 4749 ΚΕΦΑΛΑΙΟΝ
1232 4691 1306 4747 Γ’.

330 4858 558 4927 Πρῶτον
609 4855 822 4919 τοίνυν,
876 4855 940 4908 ἐκ
993 4853 1101 4925 γάρ
1144 4852 1253 4906 τῶν
1310 4851 1631 4906 τελευταίων
1681 4804 1843 4922 ἀρχό-

261 4947 406 5020 μεθα
435 4945 553 5018 (25)
572 4946 670 5018 τῆς
701 4945 1018 5010 ἐξετάσεως,
1049 4944 1412 5014 σκοπήσωμεν
1451 4943 1549 5014 τὴν
1579 4942 1841 5006 ἐπίνοιαν,

258 5040 328 5092 δι’
360 5032 429 5109 ἦς
455 5035 597 5090 οὕτω
626 5035 867 5106 σκληράν
902 5051 965 5087 τε
996 5033 1091 5087 καὶ
1124 5031 1371 5087 σύντονον
1396 5026 1560 5085 οὖσαν
1585 5030 1684 5101 τὴν
1724 5029 1843 5085 κατ’

262 5126 468 5198 ἀρετὴν
493 5125 785 5191 πολιτείαν,
817 5124 915 5195 τήν
961 5141 1020 5177 τε
1074 5122 1181 5176 τῶν
1229 5120 1539 5194 μυστηρίων
1584 5121 1841 5188 αἰνιγμαι-

261 5217 410 5287 τώδη
441 5216 805 5284 διδασκαλίαν,
839 5215 933 5269 καὶ
963 5215 1058 5286 τὴν
1080 5213 1387 5286 ἀπόρρητόν
1407 5206 1467 5265 τε
1486 5211 1578 5264 καί
1596 5226 1842 5280 κεκρυμ-

268 5306 441 5379 μένην
473 5305 585 5378 (26)
611 5306 949 5375 δυσεφίκτοις
990 5304 1305 5375 θεωρήμασι
1349 5300 1646 5370 θεολογίαν,
1674 5298 1845 5363 οὕτως

261 5398 534 5470 εὔληπτόν
563 5415 624 5452 τε
652 5399 746 5452 καί
762 5398 1017 5467 γλυκεῖαν
1050 5396 1327 5467 ἐποίησεν,
1352 5392 1427 5459 ὡς
1459 5393 1534 5465 μὴ
1568 5392 1725 5464 μόνον
1760 5407 1847 5443 τε-

343 5577 456 5647 (l9)
494 5577 841 5646 ’Υπέρκειται
869 5592 1010 5647 unus
1032 5574 1178 5641 cod.;
1210 5573 1516 5643 ὑπόκειται,
1544 5570 1632 5628 ed.

342 5648 458 5714 (20)
490 5647 859 5714 Ἀπέγνωμεν,
883 5646 969 5702 ed.

369 5716 464 5783 21)
490 5717 612 5768 Ἔτι
649 5730 758 5768 om.
784 5716 871 5770 (ιιι.

370 5786 460 5859 22)
484 5784 660 5849 οὕτω,
680 5783 766 5839 ed.

1862 4667 1913 4721 D

2546 4678 2772 4739 CAPUT
2810 4677 2899 4733 Ill.

2010 4848 2288 4919 Principio
2337 4843 2502 4915 igitur
2552 4843 2621 4913 (a
2667 4837 2963 4912 postremis
3010 4835 3154 4891 enim
3201 4828 3514 4901 ordiemur)

1944 4956 2166 5000 causam
2205 4936 2621 5006 indagabimus,
2656 4931 2727 4986 ob
2754 4945 2953 5001 quam,
2991 4941 3116 4981 cum
3148 4924 3422 4979 adeo'vita
3448 4934 3515 4974 ex

1945 5036 2148 5092 virtute
2197 5038 2317 5086 aeta
2370 5026 2605 5082 diiiicilis
2652 5024 2724 5079 sit
2769 5029 2823 5078 et
2867 5020 3079 5086 ardua;
3133 5013 3516 5087 mysteriorum

1947 5133 2130 5180 tamen
2183 5129 2239 5176 et
2282 5119 2594 5175 divinorum
2640 5119 2976 5170 secretorum
3024 5105 3420 5177 aenigmaticam
3464 5108 3515 5154 et

1950 5213 2300 5271 umbratilem
2326 5209 2633 5265 doctrinam
2654 5244 2669 5270 ,
2701 5213 2755 5261 et
2785 5197 3257 5271 inexplicabilibus
3308 5191 3514 5247 involu—

1951 5317 2060 5363 tam
2114 5300 2447 5375 tegumentis
2495 5295 2862 5367 theologicam
2914 5288 3357 5347 institutionem,
3409 5289 3518 5335 tam

1953 5371 2361 5463 facilem'captu
2390 5398 2437 5447 et
2465 5388 2767 5460 jucundam
2802 5380 3043 5439 elIecerit
3065 5418 3079 5445 ,
3110 5383 3170 5431 ut
3212 5390 3323 5429 non
3356 5371 3517 5428 modo

2026 5570 2140 5635 (Ξό)
2166 5569 2329 5623 Forte
2351 5569 2435 5635 ἐφ’
2533 5560 2855 5635 ἡδυνόμεθα.

2031 5634 2144 5707 (24)
2170 5634 2762 5707 Ἐοῑιείτεχνολογεῖται.

2030 5702 2143 5775 (25)
2186 5710 2241 5759 ’Λ
2252 5702 2523 5776 ρχώμεθα,
2555 5702 2618 5776 ed
2631 5740 2644 5753 .

2029 5772 2140 5847 (26)
2171 5772 2535 5845 Κεκριμένην,
2558 5772 2643 5827 ctl.
