3888 6358
248 418 368 475 441

1626 418 1692 472 IN
1732 418 1843 474 PSA

1950 417 2081 473 [05.
3422 418 3447 467 ἆ
3464 416 3529 469 ιε».

249 528 545 597 πανσόφου
577 530 873 599 κινήσεως,
899 527 998 599 τὴν
1028 526 1184 592 δόξαν
1229 526 1321 582 τοῦ
1365 527 1422 580 ὲν
1470 527 1651 590 αὐτοῖς
1682 528 1843 581 ταῦτα

1958 534 2374 582 consonantiam
2414 526 2556 594 parit
2579 564 2593 586 ,
2633 524 2793 593 cujus
2821 523 3035 579 auditor
3062 533 3146 579 est
3174 523 3421 588 animus,
3459 527 3526 580 ab

249 616 620 691 ἐνεργοῦντος
655 618 790 670 Θεοῦ
824 618 1192 688 διηγουμένων
1218 618 1617 688 ἐηκροάσατο.

1958 618 2148 672 auditu
2197 617 2300 670 hoc
2351 630 2612 685 corporeo
2650 625 2997 685 segregatus,
3039 623 3094 670 et
3132 630 3296 684 supra
3349 616 3533 673 carnis

140 749 155 753 -
246 710 436 780 hujus
466 725 834 779 sensuumque
857 725 1059 781 organa
1088 719 1309 765 evectus
1338 731 1350 765 :
1380 711 1459 766 sic
1483 710 1626 764 enim
1659 710 1967 765 caelestium
1998 716 2364 764 coneentuum
2400 709 2457 761 ﬁt
2482 723 2650 777 capax
2678 726 2694 775 ;
2751 722 2911 776 quos,
2943 720 3064 761 meo
3122 706 3348 774 judicio,
3413 720 3533 759 ma-

250 820 410 875 gnus
439 803 626 859 itidem
646 804 813 859 David
838 806 1120 873 percepit,
1143 804 1362 874 quando
1388 820 1481 874 per
1507 805 1653 858 illam
1675 844 1690 869 ,
1721 821 1842 875 quae
1903 806 1958 859 in
2016 805 2172 859 cmlis
2225 810 2480 873 apparet,
2528 801 2984 870 sapientissimam
3027 808 3080 854 et
3143 798 3530 855 artitieiosissi-

252 909 415 948 mam
477 896 806 963 motionem,
838 897 1066 966 gloriam
1119 896 1233 963 Dei,
1281 905 1489 952 motum
1541 898 1695 953 illum
1733 899 1789 952 in
1845 898 2164 953 coelestibus
2212 897 2534 967 corporibus
2583 894 2901 959 ellicientis,
2952 894 3125 949 caelos
3175 902 3525 963 enarrantes,

250 987 481 1042 audivit
510 989 582 1042 “.

351 1121 590 1192 Ἀληθῶς
621 1121 731 1192 γὰρ
758 1122 854 1193 τῆς
880 1121 1167 1190 ἀνεφίκτου
1196 1141 1255 1177 τε
1281 1124 1376 1177 καὶ
1406 1126 1682 1196 ἀφράστου
1715 1125 1849 1178 Θεοῦ

252 1213 459 1284 δόξης,
503 1212 668 1283 ὕμνος
714 1215 829 1267 ἐστὶ
854 1214 931 1284 τῷ
990 1214 1213 1285 τοιούτῳ
1264 1217 1454 1287 ῥυθμῷ
1507 1217 1851 1289 προσαγόμε-

253 1322 358 1368 νος
386 1305 519 1375 (50),
550 1308 583 1373 ἡ
610 1305 707 1375 τῆς
740 1305 967 1369 κτίσεως
996 1305 1172 1376 πάσης
1207 1307 1340 1377 πρὸς
1370 1308 1567 1377 ἑαυτὴν
1598 1308 1847 1379 συνῳδία,

251 1396 355 1450 διὰ
411 1396 520 1449 τῶν
587 1396 842 1449 ἐναντίων
914 1398 1354 1468 συγκεκραμένη.
1406 1398 1689 1459 Ἐναντίως
1741 1396 1848 1468 γὰρ

253 1484 381 1554 ἔχει
412 1486 547 1555 πρὸς
578 1485 777 1556 ἄλληλα
809 1485 995 1549 στάσις
1045 1487 1138 1539 καὶ
1189 1487 1419 1556 κίνησις.
1451 1488 1635 1541 Ταῦτα
1668 1489 1725 1542 δὲ
1760 1491 1848 1542 κέ-

252 1594 466 1647 κραται
503 1580 617 1647 μετ’
651 1578 890 1648 ἀλλήλων
933 1579 989 1629 ὲν
1032 1580 1097 1647 τῇ
1158 1577 1314 1645 φύσει
1368 1577 1477 1630 τῶν
1513 1579 1703 1633 ὄντων.
1738 1580 1848 1633 Καί

251 1686 349 1731 τις
378 1668 655 1738 ἀμήχανος
685 1670 741 1720 ἐν
768 1669 949 1731 αὐτοῖς
977 1668 1272 1740 καθορᾶται
1311 1668 1418 1721 τῶν
1459 1671 1846 1739 ἀντικειμένων

2028 1121 2169 1177 Vere
2197 1122 2343 1177 enim
2388 1122 2683 1174 inaccessa:
2710 1129 2765 1173 et
2799 1116 3199 1188 inexplicabilis
3231 1116 3417 1187 gloria:
3441 1116 3526 1171 di-

1964 1214 2099 1267 vinae
2129 1213 2365 1284 hymnus
2392 1227 2455 1266 ex
2503 1212 2604 1265 ista
2637 1210 3011 1264 convenientia
3052 1216 3246 1264 enatus
3275 1218 3358 1263 est
3381 1249 3395 1272 ,
3427 1224 3525 1263 cu-

1952 1306 2179 1376 juslibet
2208 1311 2473 1358 creaturae
2497 1318 2681 1357 secum
2707 1310 2759 1357 et
2791 1318 2915 1356 cum
2949 1302 3071 1356 aliis
3101 1309 3430 1365 concentus,
3460 1316 3526 1355 ex

1956 1393 2247 1449 contrariis
2282 1399 2695 1460 attemperatus.
2730 1388 3017 1445 Contraria
3059 1390 3205 1443 enim
3250 1399 3378 1443 sunt
3411 1404 3526 1443 mo-

1955 1494 2045 1541 tus
2076 1492 2130 1539 et
2159 1485 2337 1555 quies.
2370 1484 2437 1537 At
2480 1483 2595 1536 haec
2634 1491 2824 1535 mutuo
2860 1483 2914 1535 in
2946 1496 3128 1535 rerum
3169 1488 3362 1533 natura
3393 1488 3526 1534 tem~

1956 1582 2141 1643 perata
2188 1581 2345 1635 sunt,
2385 1571 2678 1640 videreque
2715 1578 2799 1625 est
2835 1571 2890 1623 in
2930 1570 3065 1638 ipsis
3105 1570 3521 1623 inenarrabilem

1955 1663 2246 1734 quamdam
2298 1662 2697 1715 contrariorum
2756 1661 3066 1714 mistioncm
3101 1703 3114 1725 ,
3164 1668 3225 1714 ut
3272 1661 3326 1714 in
3377 1671 3522 1715 motu

258 1759 434 1828 μίξις,
466 1759 540 1821 ὡς
575 1761 669 1812 καὶ
698 1762 754 1812 ὲν
788 1762 851 1830 τῇ
888 1760 1099 1829 κινήσει
1129 1760 1188 1812 τὸ
1234 1762 1492 1830 στάσιμον
1520 1761 1843 1827 δείκνυσθαι,

1952 1755 2111 1823 quies
2157 1754 2463 1816 elucescat,
2514 1761 2567 1805 et
2617 1752 2671 1805 in
2713 1766 2778 1805 eo
2826 1752 2971 1820 quod
3012 1768 3121 1805 non
3162 1761 3430 1815 movetur,
3472 1753 3523 1805 id

254 1850 359 1903 καὶ
392 1853 450 1903 ἐν
474 1849 550 1920 τῷ
580 1851 653 1920 μὴ
696 1851 996 1920 κινουμένῳ
1022 1850 1080 1901 τὸ
1115 1851 1441 1921 ἀεικίνητον,
1473 1852 1717 1904 Κινεῖται
1749 1852 1848 1921 μὲν

254 1942 376 2011 γὰρ
414 1942 479 1995 τὰ
512 1943 629 1993 κατ’
668 1942 892 2012 οὐρανὸν
922 1942 1007 1994 ἀεὶ
1034 1943 1229 2006 πάντα,
1269 1942 1301 2011 ἢ
1340 1941 1418 2011 τῷ
1457 1942 1687 1994 ἀπλανεῖ
1719 1960 1851 2012 συμ-

254 2031 659 2102 περιπολοῦντα
713 2030 913 2101 κύκλῳ,
950 2031 982 2101 ἢ
1035 2031 1177 2085 κατά
1224 2032 1286 2083 τὸ
1330 2032 1567 2084 ἐναντίον
1609 2031 1696 2085 διὰ
1741 2034 1849 2087 τῶν

255 2121 554 2191 πλανητῶν
614 2123 1017 2192 ἀνελισσόμενα.
1069 2123 1306 2193 Ἐστηκε
1355 2124 1411 2176 δὲ
1465 2124 1693 2176 πάντοτε
1752 2126 1849 2178 καὶ

256 2211 361 2264 ἐπὶ
406 2212 503 2281 τῆς
543 2212 866 2281 ταυτὸτητος
902 2211 1051 2281 μένει
1078 2213 1106 2263 6
1138 2214 1194 2264 ὲν
1237 2212 1446 2276 τούτοις
1486 2213 1690 2283 είρμὸς,
1726 2215 1846 2267 οὐδέ

256 2316 397 2353 ποτε
433 2298 541 2351 ἀπὸ
577 2298 670 2351 τοῦ
720 2302 777 2352 ὲν
821 2294 866 2367 ᾧ
905 2302 1050 2354 ἐστιν
1089 2302 1171 2369 ἐφ’
1206 2301 1390 2372 ἕτερόν
1418 2319 1469 2355 τι
1501 2302 1683 2355 καινὸν
1712 2304 1844 2373 μεθ-

259 2391 570 2460 ιστάμενος,
611 2390 724 2443 ἀλλ’
763 2391 849 2443 ἀεὶ
877 2392 1134 2454 ὡσαύτως
1164 2392 1321 2462 έχων,
1363 2394 1456 2446 καὶ
1488 2396 1545 2447 ὲν
1575 2394 1652 2464 τῷ
1700 2395 1846 2464 αὐτῷ

255 2481 551 2552 διαμένων.
593 2483 659 2535 Ἥ
686 2483 863 2535 τοίνυν
894 2483 985 2537 τοῦ
1018 2484 1248 2547 ἑστῶτος
1275 2485 1410 2554 πρὸς
1437 2484 1498 2536 τὸ
1531 2485 1845 2554 κινούμενον

260 2572 481 2636 σύνοδος
528 2576 585 2626 ὲν
624 2575 927 2645 τεταγμένῃ
953 2575 1058 2627 τινὶ
1089 2575 1182 2627 καὶ
1215 2576 1552 2645 ὰπαραὸἁτῳ
1589 2577 1843 2647 γινομένη

256 2658 352 2712 διὰ
386 2660 585 2722 παντὸς
618 2662 968 2733 εὐαρμοστίᾳ,
1014 2664 1244 2733 μουσική
1287 2664 1371 2726 τίς
1417 2664 1564 2715 ἐστιν
1611 2665 1845 2735 ἁρμονία

261 2745 570 2816 σύγκρατον
604 2750 696 2801 καὶ
727 2750 1015 2803 θεσπεσίαν
1059 2750 1160 2821 τῆς
1201 2751 1262 2803 τὸ
1308 2754 1415 2804 πᾶν
1452 2752 1844 2825 διακρατούσης

257 2839 544 2909 δυνάμεως
571 2841 837 2910 ὑμνῳδίαν
868 2842 1222 2896 ἀποτελοῦσα.
1262 2836 1368 2906 Ἧς
1406 2861 1494 2912 μοι
1522 2844 1668 2896 δοκεί
1698 2846 1787 2897 καὶ
1815 2848 1844 2899 6

261 2930 441 2998 μέγας
455 2930 614 2983 Δαυῒδ
633 2932 688 2983 ὲν
715 2933 976 3002 ἀκροάσει
1002 2933 1290 3003 γενόμενος
1317 2935 1489 2986 εἰπεῖν
1520 2934 1576 2988 έν
1603 2953 1706 2988 τινι
1733 2935 1842 2989 τῶν

257 3021 513 3091 ψαλμῶν,
541 3022 622 3075 ὅτι
654 3024 861 3076 αίνοῦσι
897 3024 990 3076 τὸν
1028 3024 1159 3076 Θεὸν
1197 3024 1258 3077 αἵ
1292 3025 1537 3080 τε-ἆλλαι
1563 3026 1837 3096 δυνάμεις,

260 3107 379 3174 (51)
412 3109 467 3161 αί
489 3110 606 3161 κατ’
633 3110 861 3179 οὐρανὸν
888 3112 1077 3174 πᾶσαι,
1099 3112 1188 3165 καὶ
1219 3112 1278 3164 τὸ
1300 3114 1542 3185 ἀστρῶον
1564 3115 1696 3183 φῶς,
1723 3116 1751 3168 ὅ
1780 3133 1839 3167 τε

258 3199 413 3268 ἥλιος
434 3199 577 3269 καὶὴ
599 3201 817 3271 σελήνη,
840 3202 931 3254 καὶ
950 3204 997 3255 οἱ
1016 3202 1123 3255 τῶν
1145 3204 1387 3273 οὐρανῶν
1410 3206 1645 3277 οὐρανοὶ,
1669 3207 1841 3260 καὶτὸ

261 3290 651 3361 ὑπερουράνιον
674 3291 847 3363 ὕδωρ,
884 3293 995 3361 (5'2)
1032 3294 1111 3346 ὅτι
1146 3295 1277 3346 ποτὲ
1312 3295 1370 3347 τὸ
1399 3295 1542 3367 ὔδωρ
1572 3297 1718 3365 λέγει
1749 3298 1843 3351 καὶ

257 3378 331 3431 τὰ
368 3378 493 3449 ἑξῆς
537 3380 712 3434 πάντα
756 3382 855 3434 ὅσα
882 3384 915 3452 ἡ
950 3383 1124 3445 κτίσις
1160 3383 1292 3452 ἔχει.
1337 3385 1397 3437 Ἥ
1428 3385 1537 3456 γὰρ
1564 3386 1673 3438 τῶν
1706 3387 1843 3440 πάν-

257 3484 371 3521 των
400 3469 536 3539 πρὸς
563 3469 768 3539 ἄλληλα
796 3469 1070 3539 σύμπνοιά
1103 3488 1160 3523 τε
1193 3474 1286 3525 καὶ
1330 3475 1661 3544 συμπάθεια,
1693 3476 1843 3543 τάξει

259 3558 358 3611 καὶ
385 3558 573 3630 κόσμῳ
619 3562 714 3614 καὶ
751 3561 1038 3634 ἀκολουθίᾳ
1083 3564 1447 3639 διοικουμένη,
1482 3569 1515 3637 ή
1553 3568 1743 3640 πρώτη
1782 3588 1841 3623 τε

257 3649 355 3703 καὶ
397 3650 703 3720 ἀρχέτυπος
760 3654 853 3706 καὶ
892 3654 1099 3725 ἀληθής
1145 3657 1259 3710 ἐστι
1299 3662 1559 3728 μουσική·
1593 3661 1660 3731 ἢν
1693 3663 1722 3714 6
1748 3661 1842 3714 τοῦ

260 3743 459 3805 παντὸς
496 3744 792 3815 ἁρμοστὴς,
832 3745 910 3816 τῷ
950 3748 1172 3819 ἀρρήτῳ
1206 3750 1305 3819 τῆς
1348 3751 1540 3819 σοφίας
1580 3752 1722 3823 λόγῳ
1755 3753 1842 3805 διὰ

258 3832 368 3886 τῶν
409 3832 497 3886 ἀεὶ
536 3835 897 3905 ὲγγινομένων
945 3836 1055 3907 (55)
1094 3840 1152 3891 ὲν
1196 3838 1355 3908 σοφίᾳ
1397 3842 1660 3910 τεχνικῶς
1708 3846 1842 3899 ἀνα-

259 3921 535 3992 κρούεται.
564 3925 627 3977 Et
652 3920 744 3978 οὖν
769 3926 797 3978 ὁ
828 3926 1119 3996 διάκοσμος
1144 3928 1263 3993 ὅλος
1306 3934 1536 4002 μουσική
1562 3951 1645 3997 τις
1668 3936 1841 4005 ἁρμο-

260 4013 350 4067 νία
380 4015 546 4080 ἐστὶν,
575 4009 643 4087 ἦς
678 4016 925 4088 τεχνίτης
962 4020 1055 4071 καὶ
1073 4019 1402 4091 δημιουργὸς
1426 4024 1454 4075 6
1480 4024 1630 4087 Θεὸς,
1663 4025 1842 4087 καθώς

260 4121 424 4176 φησιν
458 4108 486 4159 6
521 4108 868 4170 Ἀπόστολοςο
911 4109 1101 4179 μικρὸς
1142 4111 1199 4163 δὲ
1235 4113 1437 4184 κόσμος
1473 4117 1502 4168 6
1538 4116 1840 4185 ἄνθρωπος,

259 4197 290 4250 ὁ
330 4195 387 4249 δὲ
426 4198 584 4260 αὐτὸς
625 4193 777 4263 οὗτος
822 4202 912 4255 καὶ
953 4203 1175 4275 μίμημα
1206 4205 1298 4258 τοῦ
1338 4208 1720 4280 ἁρμοσαμένου
1753 4211 1843 4263 τὸν

250 4286 462 4368 ,κόσμον
509 4290 832 4362 πεποίηται’
884 4294 1020 4364 ὅπερ
1063 4295 1155 4348 ἐπὶ
1198 4297 1292 4348 τοῦ
1347 4299 1580 4367 μεγάλου
1638 4301 1842 4371 κόσμου

259 4373 397 4430 οἶδεν
424 4378 452 4429 6
484 4378 660 4446 λόγος,
699 4381 853 4435 τοῦτο
896 4383 1037 4436 κατὰ
1075 4384 1134 4437 τὸ
1163 4387 1307 4449 εἰκὸς
1329 4389 1422 4440 καὶ
1463 4390 1519 4442 ἐν
1552 4388 1629 4458 τῷ
1660 4391 1842 4461 μικρῷ

262 4469 484 4539 βλέπει·
521 4472 582 4525 τὸ
606 4474 715 4544 γὰρ
764 4475 929 4545 μέρος
961 4477 1053 4529 τοῦ
1092 4477 1234 4542 ὅλου,
1270 4480 1528 4549 ὁμογενές
1566 4483 1681 4534 ἐστι
1708 4483 1843 4535 πάνυ

259 4577 367 4623 τως
399 4562 475 4632 τῷ
505 4563 615 4631 (54)
666 4566 790 4635 ὅλῳ.
823 4568 1031 4638 Ὥσπερ
1068 4569 1178 4639 γὰρ
1219 4571 1278 4621 έν
1328 4571 1405 4639 τῷ
1450 4560 1561 4641 (35)
1593 4572 1841 4643 ψήγματι

261 4650 519 4722 βραχείας
553 4655 715 4708 ὑάλου
752 4657 894 4709 κατά
940 4658 1002 4710 τὸ
1049 4659 1260 4711 στίλϐον
1298 4660 1481 4729 μέρος,
1531 4662 1651 4713 ὅλον
1696 4662 1841 4714 ἔστιν

262 4743 388 4796 ἰδεῖν
405 4743 540 4815 (36),
571 4746 647 4808 ὡς
679 4748 735 4798 ὲν
762 4747 1072 4818 κατόπτρῳ,
1101 4750 1192 4802 τὸν
1214 4750 1409 4803 κύκλον
1425 4749 1517 4802 τοῦ
1551 4751 1701 4821 ἡλίου
1731 4751 1840 4803 δει-

261 4834 549 4904 κνύμενον,
595 4836 775 4901 καθὼς
812 4842 979 4908 χωρεῖ
1011 4842 1044 4910 ή
1086 4840 1359 4911 βραχύτης
1391 4840 1482 4894 τοῦ
1514 4842 1836 4907 στίλϐοντος·

259 4924 404 4979 οὕτω
444 4927 537 4979 καὶ
567 4929 625 4981 ὲν
656 4928 735 4997 τῷ
770 4929 949 5000 μικρῷ
1001 4920 1207 5000 κόσμῳ,
1248 4934 1313 5001 τῇ
1348 4932 1663 5005 ἀνθρωπίνῃ
1699 4932 1840 5001 λέγω

261 5014 440 5086 φύσει,
491 5019 643 5072 πᾶσα
687 5022 719 5089 ή
766 5022 824 5072 ὲν
876 5020 955 5091 τῷ
1000 5023 1159 5074 παντὶ
1208 5022 1550 5094 θεωρουμένη
1608 5026 1838 5093 μουσικὴ

260 5107 579 5176 καθορᾶται,
611 5109 944 5187 ἀγαλογοῦσα
994 5112 1072 5182 τῷ
1115 5113 1219 5181 ὅλῳ
1267 5113 1355 5165 διὰ
1385 5114 1477 5166 τοῦ
1520 5116 1734 5183 μέρους,
1764 5116 1838 5176 ὡς

258 5201 514 5271 γωρείται
542 5200 604 5254 τὸ
637 5202 756 5254 ὅλον
793 5202 897 5254 ὑπὸ
922 5202 1016 5255 τοῦ
1059 5204 1277 5273 μέρους.
1315 5203 1562 5257 Δείκνυσι
1594 5205 1650 5257 δὲ
1682 5205 1838 5258 τοῦτο

322 5375 537 5434 “Psal.
567 5391 718 5442 xvm,
750 5378 786 5432 2
813 5393 933 5449 sqq.
1009 5378 1216 5435 "Psal.
1253 5396 1475 5447 στω-ιιι,
1528 5382 1547 5434 l
1596 5398 1715 5452 sqq.

329 5547 441 5620 (50)
464 5550 867 5620 Προαγόμενος,
895 5552 980 5605 ed.

328 5619 442 5686 (51)
460 5619 569 5672 Kal
599 5619 724 5673 add.
755 5623 844 5675 ed.

325 5688 438 5818 E52)
473 5689 596 5741 ’Ότι
633 5689 766 5742 ποτὲ
789 5690 850 5741 τὸ
870 5689 1011 5763 ὕδωρ
1038 5703 1145 5746 0m.
1177 5690 1265 5746 ed.

347 5760 438 5818 35)
467 5759 898 5818 Γινομένων.ςώ

347 5760 438 5824 55)
467 5759 794 5830 Γινομένων,
811 5759 898 5815 cd.

1951 1847 2096 1915 quod
2153 1859 2369 1915 semper
2418 1852 2689 1898 movetur.
2738 1842 3023 1897 Moventur
3071 1843 3215 1897 enim
3267 1852 3521 1912 perpetuo

1951 1938 2136 1992 omnia
2163 1953 2284 2006 qua:
2314 1936 2366 1989 in
2396 1936 2569 2001 ccelo,
2606 1934 2688 1988 vel
2719 1949 2843 1987 cum
2878 1933 3222 1988 ﬁrmamento
3252 1936 3526 1986 circuma-

1951 2029 2154 2106 gitata,
2184 2027 2269 2079 vel
2316 2041 2346 2080 e
2394 2023 2675 2078 contrario
2723 2022 2963 2075 molibus
3020 2023 3360 2089 planetarum
3391 2035 3524 2074 con-

1949 2133 2129 2173 versa.
2156 2115 2335 2170 Manet
2356 2131 2487 2169 vero
2517 2129 2735 2183 semper
2759 2113 3058 2181 eodemque
3086 2112 3309 2180 perenni
3334 2117 3523 2164 tenore

1950 2210 2109 2264 durat
2134 2207 2443 2263 eorumdem
2479 2206 2746 2258 revolutio
2766 2244 2781 2268 ,
2812 2219 2987 2272 neque
3015 2217 3252 2271 unquam
3282 2203 3349 2254 ab
3375 2216 3437 2255 ea
3468 2202 3522 2255 in

1952 2316 2060 2369 quo
2087 2306 2170 2354 est
2199 2299 2337 2353 serie
2368 2297 2450 2351 vel
2482 2298 2649 2349 latum
2686 2309 2921 2363 unguem
2952 2293 3218 2356 discedit,
3262 2292 3355 2345 sed
3398 2308 3524 2360 per-

1951 2392 2120 2461 petim
2151 2391 2340 2445 eodem
2385 2390 2547 2443 modo
2598 2404 2719 2443 sese
2766 2388 2959 2450 habet,
3008 2386 3308 2452 eodemque
3353 2382 3523 2435 fertur

1953 2496 2143 2535 cursu.
2198 2479 2380 2549 Itaque
2427 2480 2547 2547 ejus
2594 2477 2740 2547 quod
2792 2476 3056 2546 quiescit,
3102 2490 3225 2528 cum
3275 2490 3340 2528 eo
3377 2476 3519 2542 quod

1954 2580 2203 2625 movetur
2234 2570 2577 2639 conjunctio,
2606 2570 2855 2623 ordinata
2890 2568 3122 2637 quadam
3167 2575 3220 2619 et
3260 2566 3315 2619 in
3365 2580 3524 2618 omne

1948 2677 2123 2715 aevum
2171 2662 2469 2715 inviolabili
2516 2661 2656 2715 serie
2697 2673 2979 2723 connexa,
3025 2658 3265 2711 musicus
3302 2655 3520 2725 quidam

1951 2762 2253 2807 concentus
2284 2760 2395 2818 est,
2430 2752 2671 2806 eiliciens
2710 2750 3058 2803 commixtam
3106 2749 3251 2801 illam
3301 2753 3353 2799 et
3392 2746 3523 2799 divi-

1948 2858 2074 2895 nam
2123 2843 2245 2911 ejus
2279 2844 2529 2903 virtutis,
2571 2858 2691 2912 quae
2730 2843 3048 2895 universum
3096 2840 3199 2893 hoc
3244 2839 3520 2900 continet,

1948 2933 2298 3003 hymnodiam
2329 2950 2342 2998 ;
2371 2949 2533 3002 quam
2573 2932 2704 2985 mibi
2734 2931 2919 2984 itidem
2951 2945 3181 2996 magnus
3209 2928 3372 2981 David
3404 2928 3522 2996 ejus

1955 3023 2171 3077 auditor
2204 3024 2402 3087 factus,
2437 3024 2745 3092 signiﬁcare
2776 3021 2994 3074 videtur
3022 3022 3078 3074 in
3121 3020 3354 3089 quodam
3387 3021 3520 3086 psal-

1944 3130 2034 3168 mo
2054 3157 2068 3181 ,
2096 3130 2219 3169 cum
2252 3115 2326 3168 ait
2356 3117 2400 3147 ⁹⁸
2429 3157 2444 3181 ,
2493 3115 2665 3168 Deum
2711 3113 2923 3166 laudari
2953 3127 3075 3165 cum
3106 3104 3181 3165 ab
3201 3110 3322 3165 aliis
3354 3112 3518 3163 virtu-

1946 3204 2092 3260 tibus
2112 3243 2127 3267 ,
2157 3213 2269 3258 tum
2298 3205 2364 3259 ab
2389 3204 2646 3259 omnibus
2671 3217 2791 3271 qua:
2820 3201 2875 3254 in
2901 3200 3041 3254 caelo
3068 3206 3228 3263 sunt,
3258 3213 3287 3251 a
3319 3197 3520 3251 lumine

1945 3295 2220 3361 siderum,
2252 3295 2366 3350 sole
2411 3303 2464 3349 et
2508 3295 2659 3358 luna,
2698 3301 2754 3347 et
2798 3306 2826 3345 a
2855 3291 3010 3346 caelis
3040 3291 3303 3345 caelorum
3326 3327 3341 3350 ,
3371 3295 3424 3341 et
3454 3288 3520 3340 ab

1944 3388 2102 3456 aquis
2134 3401 2299 3456 supra
2330 3387 2529 3441 caelum
2575 3385 2802 3454 positis;
2838 3384 2931 3437 ubi
2970 3391 3024 3436 et
3053 3383 3156 3435 alia
3198 3397 3317 3451 quae
3348 3379 3404 3432 in
3435 3392 3518 3432 re-

1942 3477 2047 3532 bus
2069 3479 2267 3532 creatis
2289 3479 2658 3546 reperiuntur,
2684 3483 3103 3529 commemorat:
3131 3488 3253 3526 nam
3280 3474 3519 3531 omnium

1943 3570 2087 3623 inter
2113 3583 2172 3623 se
2200 3568 2543 3637 conSpiratio
2570 3575 2623 3620 et
2655 3565 2950 3620 consensio
2970 3604 2984 3626 ,
3026 3563 3253 3629 ordine,
3295 3574 3519 3627 ornatu,

1942 3665 1998 3712 et
2024 3666 2147 3727 apta
2179 3658 2319 3711 serie
2346 3657 2613 3726 disposita
2636 3695 2651 3721 ,
2680 3656 2853 3724 prima
2879 3654 3138 3707 videlicet
3167 3660 3250 3707 est
3280 3661 3334 3707 et
3358 3655 3517 3723 origi-

1943 3748 2084 3803 nalis
2106 3755 2159 3801 et
2180 3761 2307 3800 vera
2336 3746 2544 3800 musica
2570 3761 2583 3796 :
2617 3761 2778 3814 quant
2809 3745 2976 3799 totius
3008 3744 3244 3797 universi
3288 3747 3512 3798 concin~

1944 3845 2105 3891 nator
2145 3836 2403 3891 ineffabili
2445 3836 2727 3905 sapientia:
2768 3849 2883 3891 sua:
2914 3834 3154 3899 ratione,
3185 3849 3279 3901 per
3307 3847 3369 3887 ea
3400 3849 3517 3902 qua
3558 3896 3565 3907 ι

1943 3946 2159 4000 semper
2203 3930 2483 3999 sapienter
2524 3929 2695 3992 ﬁunt,
2724 3928 2885 3983 docte
2929 3936 2983 3982 et
3022 3929 3193 3998 perite
3235 3927 3415 3981 edicit.
3460 3926 3517 3983 Si

1944 4024 2106 4093 igitur
2134 4031 2283 4077 totus
2312 4022 2401 4077 hic
2434 4021 2670 4076 mundus
2698 4022 2907 4075 musica
2941 4022 3188 4089 quardam
3218 4037 3513 4075 consonan-

1945 4112 2020 4165 tia
2048 4120 2164 4176 est,
2195 4115 2352 4179 cujus
2382 4111 2567 4181 opifex
2604 4119 2659 4165 et
2698 4110 2924 4165 effector
2968 4110 3146 4171 Deus.
3196 4120 3256 4165 ut
3298 4121 3353 4165 et
3380 4111 3514 4179 Apo-

1944 4205 2119 4260 stolus
2145 4204 2277 4258 dicit
2308 4224 2320 4256 :
2355 4218 2559 4273 parvus
2591 4218 2720 4256 vero
2750 4202 2986 4257 mundus
3010 4202 3171 4255 homo
3197 4209 3300 4267 est,
3329 4203 3515 4254 simul-

1945 4313 2052 4365 que
2084 4296 2385 4350 similitudo
2412 4303 2466 4350 et
2495 4294 2733 4347 imitatio
2764 4294 3011 4362 quaedam
3043 4295 3162 4363 ejus
3184 4336 3198 4359 ,
3230 4295 3323 4363 qui
3368 4310 3524 4348 mun-

1945 4387 2076 4441 dum
2112 4387 2507 4441 concinnavit:
2554 4399 2782 4439 necesse
2829 4394 2946 4450 est,
2996 4394 3054 4438 ut
3099 4386 3243 4453 quod
3285 4386 3426 4439 ratio
3465 4387 3515 4440 in

1947 4493 2145 4548 magno
2181 4478 2276 4531 illo
2308 4487 2363 4531 et
2408 4476 2652 4545 spatioso
2677 4475 2883 4528 mundo
2909 4474 3137 4543 reperit,
3169 4476 3270 4528 hoc
3291 4516 3304 4538 ,
3334 4482 3391 4527 ut
3423 4491 3513 4543 par

1941 4579 2055 4632 est,
2089 4570 2144 4620 in
2181 4582 2348 4636 parvo
2389 4567 2575 4619 itidem
2605 4565 2989 4633 conspicetur:
3012 4578 3138 4632 pars
3173 4564 3318 4617 enim
3351 4566 3512 4618 totius

1942 4666 2174 4729 cognata
2203 4668 2287 4712 cst
2321 4658 2441 4711 toti.
2478 4657 2614 4710 Nam
2655 4656 3112 4725 quemadmodum
3144 4656 3196 4708 in
3225 4656 3404 4725 exigui
3431 4657 3514 4709 vi-

1943 4754 2015 4805 tri
2050 4750 2357 4820 l'ragmento
2399 4765 2494 4819 per
2522 4757 2730 4817 partem
2771 4749 3122 4817 pellucidam,
3169 4755 3342 4801 totum
3383 4749 3549 4803 soliS'

1944 4842 2165 4907 orbem,
2196 4842 2341 4894 sicut
2379 4841 2434 4893 in
2482 4840 2740 4910 speculo,
2784 4854 3009 4893 cernere
3056 4840 3223 4901 licet,
3258 4847 3518 4907 quantum

1946 4934 2169 5004 quidem
2199 4934 2347 5003 capit
2374 4934 2608 4987 lucentis
2633 4933 2755 4985 vitri
2784 4932 3056 5000 parvitas:
3091 4932 3161 4984 ita
3188 4939 3241 4984 et
3270 4932 3322 4983 in
3354 4945 3520 4999 parvo

1946 5027 2186 5089 mundo,
2227 5025 2282 5078 in
2324 5026 2557 5078 humana
2590 5024 2811 5091 inquam
2843 5031 3034 5076 natura
3056 5063 3071 5087 ,
3108 5031 3251 5075 totus
3287 5022 3373 5073 ille
3406 5037 3520 5072 ma-

1946 5118 2036 5188 gni
2072 5096 2270 5171 mundi
2317 5122 2618 5170 concentus
2663 5115 2957 5176 eluccscit,
3006 5112 3353 5182 proportione
3380 5126 3518 5177 qua-

1950 5211 2075 5262 dam
2105 5209 2201 5263 toti
2232 5224 2327 5279 per
2356 5216 2564 5277 partem
2599 5205 2972 5275 respondens,
3007 5211 3268 5271 quantum
3299 5201 3515 5268 quidem

2011 5550 2123 5621 (34)
2148 5548 2245 5621 Ic?)
2275 5563 2386 5603 om.
2420 5546 2506 5601 ed.

2010 5615 2121 5688 (55)
2146 5615 2304 5671 Forte
2328 5635 2437 5688 om.
2470 5615 2563 5685 τῷ.

2008 5686 2121 5757 (56)
2152 5689 2341 5752 Είδεῖν,
2376 5686 2461 5740 ed.
