3888 6324
400 416 505 472 445
1635 417 1692 471 S.
1734 415 1994 474 GREGOI

2106 417 2405 474 NYSSENI
3560 414 3701 471 444

402 544 572 585 totum
619 544 649 582 a
698 534 852 595 parte
896 528 1015 600 capi
1060 536 1114 584 et
1154 531 1532 599 repraesentari
1581 538 1781 601 potest.
1834 532 1977 589 idem

2100 535 2174 589 ιαὶ
2202 536 2236 605 ἡ
2273 532 2537 606 ὁργανικὴ
2583 531 2675 585 τοῦ
2732 531 2981 603 σώματος
3025 533 3184 605 ἡμῶν
3220 534 3483 606 διασκευὴ
3530 532 3700 607 πρὸς

402 620 640 678 ostendit
679 620 938 690 organica
970 621 1220 690 corporis
1253 620 1428 674 nostri
1462 629 1739 677 structura
1764 663 1777 686 ,
1817 638 1982 693 quam

2100 625 2343 697 ἐργασίαν
2369 625 2634 696 μουσικῆς
2660 623 3098 695 φιλπεχνηθεῖσα
3124 627 3273 697 παρά
3305 626 3405 696 τῆς
3431 625 3697 695 φύσεως.

404 724 595 769 natura
623 713 689 766 ad
720 712 961 767 musicas
987 712 1333 782 operationes
1359 712 1497 767 scite
1520 712 1749 768 elﬁnxit.
1780 713 1985 772 Intueri

2100 719 2258 789 Ὁρᾷς
2308 717 2399 771 τὸν
2437 716 2536 788 τῆς
2586 716 2851 787 ἀρτηρίας
2897 716 3079 780 αὐλὸν,
3124 718 3224 788 τὴν
3265 717 3363 789 τῆς
3411 718 3701 789 ύπερῴας

2091 813 2309 885 μαγάδα
2358 811 2506 882 (57),
2555 811 2653 883 τὴν
2699 810 2787 865 διὰ
2835 809 3082 883 γλώττης
3124 812 3219 865 καὶ
3266 811 3507 883 παρειῶν
3567 810 3693 864 καὶ

2084 906 2370 975 στόματος,
2437 904 2513 967 ὼς
2576 902 2663 957 διά
2707 903 2912 975 χορδῶν
2981 903 3076 955 καὶ
3139 901 3419 974 πλήκτρου
3481 901 3700 971 κιθαρρ

2080 994 2243 1065 ῳδίαν
2268 1010 2283 1058 ;

401 806 545 859 enim
580 805 709 858 licet
740 804 957 859 arteria
986 804 1133 858 velut
1170 803 1360 857 tibiam
1380 844 1396 870 ,
1426 804 1597 874 palati
1634 805 1791 875 quasi
1827 805 1984 859 lami-

401 912 526 951 nam
559 911 655 951 seu
687 897 931 951 tabulam
958 935 973 961 ,
1010 910 1117 965 qua
1159 896 1317 950 nervi
1362 896 1749 961 intenduntur,
1786 897 1983 951 modu-

400 988 772 1058 lationemque
804 1002 926 1057 quae
952 986 1011 1040 lit
1039 1002 1136 1057 per
1164 988 1406 1058 linguam
1436 996 1490 1043 et
1522 988 1774 1043 maxillas
1801 995 1855 1043 et
1885 1004 1984 1059 per

403 1099 466 1141 os
494 1081 649 1153 quasi
684 1095 777 1150 per
803 1078 1055 1133 chordas.

473 1175 610 1231 Cum
641 1175 804 1245 igitur
829 1186 993 1228 omne
1018 1169 1150 1224 illud
1180 1170 1325 1241 quod
1352 1171 1603 1227 naturale
1627 1179 1711 1228 est
1730 1210 1746 1236 ,
1770 1179 1983 1226 natura:

406 1267 479 1324 sit
523 1267 761 1320 amicum
786 1303 801 1328 ,
847 1263 1400 1332 demonstratumque
1446 1264 1552 1330 sit,
1584 1265 1847 1318 musicam
1885 1279 1979 1318 uae

407 1368 547 1412 turae
575 1371 699 1412 esse
728 1361 1153 1410 consentaneum
1179 1370 1194 1418 ;
1225 1352 1295 1408 ob
1322 1352 1377 1407 id
1412 1368 1643 1424 magnus
1669 1351 1836 1408 David
1861 1354 1983 1424 phi-

406 1447 676 1515 losophiae
704 1444 773 1499 de
799 1444 1101 1499 virtutibus
1127 1443 1415 1499 melodiam
1444 1450 1499 1499 et
1524 1451 1850 1498 concentum
1880 1445 1983 1498 im-

406 1535 666 1600 miscuit,
716 1540 770 1587 et
816 1531 1071 1588 sublimia
1124 1531 1216 1585 illa
1258 1532 1553 1603 dogmata,
1601 1531 1779 1587 mellis
1824 1536 1983 1602 quasi

330 1636 343 1695 ζ
409 1626 700 1683 dulcedine
734 1624 971 1694 aspersit
996 1640 1011 1690 ;
1043 1638 1141 1693 per
1164 1638 1327 1694 quam
1352 1624 1537 1695 aliquo
1560 1623 1722 1679 modo
1745 1623 1981 1695 seipsam

409 1722 654 1776 intuetur
685 1724 740 1773 et
771 1723 929 1771 curat
963 1723 1179 1772 natura.
1213 1716 1440 1771 Curatio
1471 1717 1620 1772 enim
1655 1725 1866 1773 natura).
1900 1727 1983 1774 est

410 1813 537 1867 vita:
563 1810 940 1876 concinnitas,
964 1822 1129 1878 quam
1152 1808 1287 1862 mihi
1320 1809 1485 1864 tacite
1515 1824 1614 1880 per
1635 1810 1982 1880 aenigmatum

2100 1820 2470 1895 τυμϐουλεύειν
2515 1821 2582 1877 δι’
2622 1822 2958 1892 αἰνιγμάτων
2986 1824 3019 1892 ἡ
3057 1822 3312 1893 μελῳδία.
3362 1822 3514 1891 Τάχα
3553 1822 3689 1893 γὰρ

411 1903 639 1959 umbras
670 1901 901 1956 suadere
931 1899 1145 1954 videtur
1189 1899 1446 1953 melodia.
1489 1900 1556 1973 Et
1590 1899 1733 1957 forte
1765 1901 1867 1956 hoc
1901 1909 1982 1955 ιο⁹

2100 1912 2216 1965 ιύτὸ
2246 1911 2403 1964 τοῦτο
2434 1912 2570 1983 πρὸς
2597 1912 2696 1983 τὴν
2727 1910 3060 1982 ὑψηλοτέραν
3108 1911 3201 1965 τοῦ
3237 1910 3352 1982 βίου
3390 1909 3687 1966 κατάπα-

411 2004 529 2050 tum
580 1993 720 2049 nihil
768 1991 913 2046 aliud
959 1997 1077 2055 est,
1109 2005 1274 2060 quam
1307 1988 1376 2044 ad
1410 1991 1765 2049 excelsiorem
1810 2000 1866 2048 et
1915 1993 1987 2048 ab
2087 2021 2192 2070 σιν,
2223 2003 2547 2075 παραίνεσις
2586 2004 2818 2071 γίνεται.
2851 2003 2923 2057 Τὸ
2960 2003 3035 2074 μὴ
3074 2003 3186 2056 δεῖν
3217 2004 3450 2073 ἄμουσόν
3483 2020 3540 2056 τε
3570 2004 3689 2056 καὶ

411 2084 615 2141 inﬁmis
639 2081 992 2137 remotiorem
1022 2083 1188 2135 vitam
1216 2081 1608 2163 capessendam
1635 2083 1985 2153 cohortatio;

2100 2090 2348 2161 Ξκτροπον
2379 2092 2472 2145 καὶ
2502 2108 2722 2162 παρηχη
2732 2091 2889 2161 μένον
2915 2093 3023 2145 τῶν
3064 2094 3121 2146 ὲν
3151 2093 3316 2163 ἀρετῇ
3349 2092 3563 2156 ζώντων
3591 2088 3687 2145 εἶ-

412 2189 643 2229 monens
677 2173 966 2236 videlicet,
999 2179 1059 2225 ut
1099 2170 1153 2225 in
1191 2159 1438 2229 moribus
1466 2186 1657 2228 eorum
1687 2175 1781 2245 qui
1815 2175 1988 2229 virtu-

2100 2159 2258 2231 mtito
2283 2174 2435 2249 ἦθος,
2463 2159 2598 2250 μήτε
2789 2180 2884 2233 τοῦ
2914 2180 3114 2252 μέτρου
3139 2159 3238 2251 τῆς
3260 2159 3453 2251 χορδῆς
3480 2180 3687 2244 ὀξυτο-

2165 1185 2314 1238 Ἐπεὶ
2336 1180 2427 1238 οὖν
2453 1187 2560 1240 πᾶν
2582 1186 2643 1239 τὸ
2670 1186 2810 1240 κατά
2825 1186 2985 1257 φύσιν
3001 1189 3153 1260 φίλον
3175 1192 3239 1261 τῇ
3263 1187 3437 1260 φύσει,
3461 1187 3683 1245 ἀπεδεε
3696 1221 3712 1228 -

2082 1274 2184 1347 χθη
2211 1275 2267 1329 δὲ
2298 1275 2435 1329 κατά
2457 1276 2616 1344 φύσιν
2642 1278 2772 1347 ἡμῖν
2800 1274 2983 1351 οὖσαή
3007 1279 3258 1351 μουσικὴ,
3275 1281 3462 1333 τούτου
3483 1280 3695 1350 χάριν,

2080 1370 2109 1421 ό
2140 1368 2312 1439 μέγας
2334 1365 2500 1421 Δαυῖδ
2524 1370 2589 1439 τῇ
2609 1369 2736 1442 περὶ⁵
2753 1368 2861 1423 τῶν
2881 1367 3089 1442 ἀρετῶν
3110 1370 3395 1442 φιλοσοφίᾳ
3412 1370 3508 1442 τὴν
3534 1369 3693 1440 μελ-

2082 1460 2242 1528 ῳδίαν
2258 1459 2546 1530 κατέμιξεν
2560 1476 2574 1490 ·
2598 1455 2709 1515 οἷόν
2731 1477 2851 1515 τινα
2876 1461 3087 1532 μέλιτος
3105 1463 3297 1533 ἡδονὴν
3319 1462 3426 1516 τῶν
3445 1460 3699 1532 ὑψηλῶν

2082 1552 2354 1620 καταχέας
2393 1550 2698 1621 δογμάτων,
2744 1552 2811 1604 δι’
2857 1547 2923 1623 ῆς
2970 1536 3168 1623 έάυτὴν
3212 1553 3509 1625 ἀναθεωρεϊ
3546 1553 3689 1623 (58)

2082 1641 2283 1710 τρόπον
2322 1642 2445 1694 τινὰ
2486 1641 2582 1695 καὶ
2628 1641 2918 1711 θεραπεύει
2957 1645 2991 1714 ἡ
3036 1643 3217 1712 φύσις.
3247 1644 3518 1715 Θεραπεία
3552 1644 3694 1716 γὰρ

2084 1730 2295 1802 φύσεώς
2343 1734 2489 1785 ἐστιν
2536 1734 2569 1802 ἡ
2614 1732 2717 1803 τῆς
2759 1732 2904 1803 ζωῆς
2954 1733 3240 1805 εὐρυθμία,
3278 1736 3346 1805 ἣν
3386 1751 3473 1805 μοι
3519 1734 3692 1787 δοκεί

399 5557 408 5617 ἒ

412 2275 523 2320 tem
549 2264 773 2328 colunt,
801 2262 940 2316 nihil
972 2261 1105 2316 insit
1133 2262 1525 2318 inconcinnum
1555 2273 1610 2318 et
1636 2278 1669 2318 a
1695 2272 1850 2320 recto
1881 2266 1985 2321 ab-

415 2356 652 2410 horrens
674 2392 690 2417 ,
724 2363 820 2406 aut
850 2352 1138 2405 dissonum
1166 2369 1181 2418 ;
1220 2351 1421 2407 ﬁdibus
1462 2367 1640 2422 neque
1673 2370 1839 2424 supra
1869 2370 1992 2410 mo»

416 2446 547 2500 dum
582 2444 893 2501 contentis:
923 2443 1197 2513 rumpitur
1221 2443 1400 2509 enim,
1438 2444 1485 2498 si
1534 2444 1764 2500 nimium
1812 2447 1991 2503 inten-

415 2533 922 2592 daturcbordarum
975 2541 1101 2604 apta
1154 2535 1574 2604 convenientia;
1621 2553 1798 2607 neque
1823 2522 1987 2594 etiam

417 2625 602 2682 studio
624 2627 676 2679 in
703 2625 1043 2681 contrarium
1078 2640 1267 2690 verso,
1299 2626 1527 2681 nimium
1558 2643 1657 2699 per
1682 2630 1991 2700 voluptates

404 2720 485 2775 ‘ad
512 2718 892 2774 remissionem
921 2718 1118 2773 laxatis
1147 2736 1162 2784 ;
1190 2726 1338 2772 muta
1363 2720 1507 2773 enim
1535 2729 1589 2775 et
1616 2722 1766 2778 vocis
1792 2737 1990 2793 expers

416 2809 664 2865 redditur
698 2824 854 2864 mens
895 2809 983 2865 his
1019 2808 1404 2867 affectionibus
1441 2810 1672 2866 nimium
1712 2812 1987 2879 obnoxia;

419 2901 634 2969 aliaque
664 2899 714 2953 id
746 2914 919 2968 genus
948 2899 1134 2953 omnia
1162 2898 1358 2966 docet,
1390 2908 1451 2954 ut
1482 2908 1535 2955 et
1561 2903 1878 2971 tempestive
1906 2902 1990 2956 in-

417 2992 707 3067 tendamus
735 2998 789 3045 et
820 2989 1162 3044 remittamus
1193 3005 1423 3054 sonum,
1447 2990 1501 3044 id
1532 3006 1701 3046 unum
1738 3005 1993 3063 spectan-

418 3089 503 3137 tes
525 3122 540 3147 ,
572 3090 632 3137 ut
664 3082 825 3137 nobis
856 3088 1118 3151 perpetuo
1150 3080 1367 3135 vivendi
1398 3084 1542 3136 ratio
1583 3083 1721 3138 bene
1770 3099 1994 3155 compo-

2086 2265 2313 2336 νούσης·
2352 2270 2612 2339 ῥήγνυται
2658 2269 2766 2341 γὰρ
2812 2269 3028 2332 πάντως
3081 2270 3524 2341 ὑπερτεινόμενον
3566 2269 3687 2338 τῆς

2088 2358 2281 2429 χορδῆς
2302 2357 2363 2411 τὸ
2391 2359 2727 2430 εὐάρμοστον
2749 2376 2763 2391 '
2803 2362 2928 2431 μήτ’
2966 2356 3032 2415 αὖ
3069 2361 3202 2433 πρὸς
3247 2362 3310 2415 τὸ
3348 2361 3582 2416 ἐναντίον
3615 2362 3688 2412 ὲν

2088 2448 2324 2520 ἀμετρίᾳ
2353 2448 2419 2502 δι’
2447 2450 2639 2521 ἡδονῆς
2687 2452 2961 2522 ύποχαλᾷν
2992 2452 3083 2507 τὸν
3141 2452 3314 2509 τόνον.
3363 2453 3533 2523 Κωφὴ
3563 2453 3687 2524 γὰρ

2089 2539 2184 2595 καὶ
2221 2538 2445 2603 ἄναυδος
2478 2539 2686 2609 γίνεται
2724 2544 2756 2612 ή
2797 2542 2941 2614 ψυχὴ
2979 2546 3091 2607 τοῖς
3138 2542 3398 2608 τοιούτοις
3444 2544 3686 2597 πάθεσιν

2089 2632 2522 2703 ἐγχαυνωθεϊσα·
2557 2634 2651 2687 καὶ
2691 2634 2760 2687 τὰ
2792 2633 2928 2689 ἄλλα
2965 2634 3141 2689 πάντα
3173 2635 3433 2700 ὡσαύτως
3467 2636 3687 2689 ἐπιτεί-

2089 2738 2199 2774 νειν
2242 2737 2303 2773 τε
2351 2721 2492 2775 κατὰ
2543 2723 2733 2794 καιρὸν
2780 2724 2874 2778 καὶ
2921 2724 3134 2793 ὑφιέναι
3181 2724 3277 2778 τοῦ
3317 2725 3503 2778 τόνου’
3540 2725 3689 2795 πρὸς

2089 2809 2246 2864 τοῦτο
2272 2810 2584 2882 βλέποντας,
2633 2813 2782 2877 ὅπως
2837 2813 2903 2869 ἂν
2952 2816 3081 2885 ἡμῖν
3131 2814 3220 2868 διά
3276 2815 3476 2878 παντὸς
3508 2815 3689 2885 εὐμε-

2091 2900 2190 2971 λής
2218 2918 2278 2954 τε
2310 2901 2403 2955 καὶ
2430 2900 2700 2974 εὔρυθμος
2727 2906 2755 2957 ὁ
2785 2905 2841 2957 έν
2868 2903 3075 2968 τούτοις
3100 2904 3254 2977 ῆθεσι
3289 2905 3530 2976 διαμένοι
3554 2905 3690 2975 τρό-

2093 3006 2212 3056 πος,
2249 2991 2383 3060 μήτε
2414 2989 2667 3061 ἀμέτρως
2699 2991 2978 3063 λυὸμενος,
3005 2995 3140 3064 μήτε
3173 2994 3318 3064 πέρα
3336 2980 3442 3047 ⁸τοῖ’)
3477 2996 3683 3064 μέτρου

2095 3080 2738 3153 ὑπερτεινόμενος.”Οθεν
2762 3083 2857 3136 καὶ
2885 3083 2955 3137 τά
2982 3083 3383 3155 κατορθώματα
3407 3085 3506 3154 τῆς
3527 3084 3686 3147 θείας

328 3236 329 3241 η
420 3178 524 3234 sita
554 3185 607 3231 et
642 3180 942 3242 temperata
973 3180 1216 3236 constet,
1263 3188 1442 3242 neque
1474 3173 1595 3228 sine
1639 3174 1802 3230 modo
1844 3190 1994 3231 reso-

2100 3174 2296 3245 ταύτης
2325 3173 2587 3244 μουσικῆς
2616 3176 3025 3245 προσμαρτυρεῖ
3055 3172 3133 3243 τῷ
3165 3171 3327 3226 Δαυῖδ
3365 3175 3399 3243 ἡ
3431 3174 3642 3243 ἱστορία
3666 3189 3687 3202 ο

328 3292 331 3297 -
420 3268 572 3333 luta;
620 3278 798 3334 neque
841 3278 1007 3332 supra
1048 3262 1269 3317 modum
1302 3270 1588 3319 contenta.
1632 3262 1994 3330 Quamobrem

2100 3267 2178 3320 ὅτι
2202 3265 2514 3339 παράφορόν
2532 3274 2658 3319 ποτε
2680 3264 2998 3320 καταλαϐὼν
3023 3265 3112 3318 τὸν
3130 3265 3319 3328 Σαοὺλ,
3339 3264 3430 3317 καὶ
3460 3263 3688 3334 ἐξεστη-

421 3359 619 3414 divinae
648 3356 811 3411 huius
842 3355 1070 3411 musica:
1099 3356 1358 3425 praeclare
1385 3354 1529 3410 facta
1559 3355 1748 3412 Davidi
1778 3373 1994 3429 quoque

2100 3359 2231 3423 κότα
2263 3359 2361 3429 τῆς
2393 3357 2649 3421 διανοίας,
2703 3355 2876 3419 οὕτως
2921 3356 3175 3420 ὲξιάσατο
3226 3355 3546 3426 κατεπᾴδων
3586 3354 3687 3407 τοῦ

424 3450 675 3505 attribuit
714 3463 872 3505 sacra
904 3447 1175 3513 historia;
1205 3462 1331 3501 nam
1374 3461 1499 3501 cum
1530 3447 1825 3517 aliquando
1857 3448 1999 3505 Safr-

424 3544 528 3597 lem
562 3540 807 3597 insanire
835 3548 888 3594 et
920 3545 1192 3609 potestate
1219 3538 1421 3593 mentis
1449 3538 1631 3593 exisse
1661 3539 2001 3594 animadver-

422 3638 595 3697 teret,
628 3629 709 3686 sic
735 3636 1007 3684 concentu
1039 3627 1382 3683 atrectionem
1413 3628 1560 3682 illam
1593 3630 1997 3699 trauquillavit,

427 3733 485 3778 ut
522 3724 824 3779 naturalem
871 3722 1072 3777 mentis
1108 3720 1422 3775 facultatem
1462 3720 1754 3790 reciperet.
1792 3720 1867 3775 Ex
1914 3721 2002 3778 his

425 3816 592 3886 igitur
620 3813 969 3870 manifestum
992 3820 1382 3883 est,quorsum
1418 3812 1603 3866 tendat
1634 3812 1887 3868 melodite
1919 3813 2004 3867 in-

426 3908 669 3962 volutum
693 3905 946 3974 aenigma.
974 3902 1143 3958 Docet
1163 3902 1452 3965 videlicet,
1479 3902 1765 3971 passiones
1794 3912 1848 3958 et
1879 3919 2005 3973 per-

431 3999 770 4053 turbationes
790 3995 959 4050 animi
983 3992 1319 4049 edomandas
1345 4002 1399 4047 et
1421 3993 1821 4049 contrahendas
1846 4010 1969 4051 esse
1987 4036 2002 4062 ,

432 4102 555 4157 quae
581 4087 750 4141 variis
776 4084 1060 4140 eventibus
1090 4083 1243 4138 varie
1272 4083 1327 4137 in
1358 4084 1459 4138 hac
1484 4084 1592 4139 vita
1622 4086 1892 4141 concitari
1917 4101 2009 4143 so-

436 4180 568 4232 lent.
593 4176 795 4232 Verum
815 4174 959 4230 enim
977 4189 1106 4229 vero
1128 4189 1304 4243 neque
1324 4173 1430 4228 hoc
1447 4174 1548 4229 levi
1572 4174 1798 4231 brachio
1817 4186 2007 4247 praete-

432 4268 701 4324 reundum
725 4273 829 4333 est,
856 4280 1072 4336 nempe,
1098 4266 1199 4321 has
1223 4273 1444 4323 nostras
1466 4267 1729 4324 melodias
1752 4285 1860 4326 non
1886 4286 2010 4328 esse

431 4359 608 4416 factas
630 4374 694 4415 eo
717 4356 903 4423 modo,
933 4372 1044 4427 quo
1073 4363 1426 4413 externorum
1449 4398 1464 4424 ,
1489 4367 1545 4415 et
1567 4374 1595 4413 a
1623 4367 1811 4416 nostra
1836 4362 2006 4418 disci-

435 4450 582 4522 plina
611 4449 917 4505 alienorum
950 4448 1198 4503 carmina
1225 4450 1447 4504 condita
1481 4460 1648 4518 sunt;
1686 4466 1809 4506 nam
1836 4454 2009 4510 melos

434 4550 492 4604 et
514 4543 771 4599 modulus
796 4542 1172 4598 indictionum
1198 4556 1398 4598 sonora
1424 4545 1569 4601 serie
1588 4554 1642 4601 et
1666 4548 2010 4605 connexione

435 4649 544 4689 non
573 4634 867 4701 consistit;
900 4633 1361 4704 quemadmodum
1395 4636 1538 4705 apud
1572 4636 1698 4693 illos
1727 4638 1912 4695 videre
1942 4640 2011 4694 li-

2101 3449 2328 3511 πάθους,
2370 3447 2513 3501 ὥστε
2565 3446 2715 3518 αὐτῷ
2757 3446 2918 3501 πάλιν
2959 3447 3095 3518 πρὸς
3140 3447 3201 3500 τὸ
3237 3446 3376 3501 κατά
3401 3446 3560 3515 φύσιν
3586 3447 3689 3498 ὲπο

2101 3538 2343 3592 ανελθεῖν
2371 3538 2471 3608 τὴν
2492 3537 2749 3592 διάνοιαν,
2777 3537 2943 3608 Δῆλον
2965 3533 3058 3591 οὖν
3089 3539 3152 3591 ὲκ
3177 3537 3381 3591 τούτων
3404 3537 3520 3589 ἐστὶ
3547 3536 3685 3606 πρὸς

2100 3631 2129 3684 δ
2178 3646 2230 3682 τι
2267 3628 2450 3699 βλέπει
2478 3628 2574 3698 τῆς
2623 3627 2885 3698 μελῳδίας
2934 3628 2994 3681 τὸ
3040 3626 3268 3698 αἴνιγμα
3327 3627 3411 3680 ὅτι
3446 3627 3546 3697 τὴν
3578 3624 3693 3679 τῶν

2103 3720 2440 3791 παθημάτων
2493 3720 2827 3791 καταστολὴν
2866 3719 3218 3789 συμϐουλεύει
3263 3717 3533 3772 ποιεῖσθαι
3579 3717 3690 3770 τῶν

2104 3811 2371 3882 διαφόρως
2404 3813 2532 3881 ἡμῖν
2573 3810 2682 3880 (40)
2730 3808 3095 3879 έγγινομένων
3144 3810 3207 3862 ὲκ
3247 3799 3357 3862 τῶν
3420 3806 3690 3878 βιωτικῶν

2106 3902 2496 3973 περιστάσεων.
2527 3900 2686 3955 ’Δλλά
2712 3898 2979 3955 καὶτοῦτο
3015 3900 3279 3969 προσήκει
3313 3897 3387 3969 μὴ
3409 3897 3690 3969 παραδρα-

2109 3996 2231 4066 μεῖν
2254 3992 2583 4064 ἀθεώρητον,
2613 3993 2696 4047 δτι
2722 3994 2783 4047 οὐ
2814 3992 2953 4046 κατά
2979 3991 3104 4055 τοὺς
3146 3991 3252 4056 ἔξω
3292 3990 3389 4059 τῆς
3416 3990 3689 4060 ἡμετέρας

2110 4085 2300 4155 σοφίας
2335 4084 2652 4156 μελοποιοὺς
2671 4126 2686 4152 ,
2734 4085 2828 4138 καὶ
2871 4082 3044 4137 ταῦτα
3086 4083 3157 4136 τά
3195 4081 3330 4152 μέλη
3366 4080 3691 4146 πεποίηται’

2107 4178 2169 4232 ού
2202 4177 2311 4248 γὰρ
2343 4179 2400 4230 ὲν
2429 4175 2508 4247 τῷ
2530 4176 2637 4229 τῶν
2672 4175 2869 4243 λέξεων
2894 4176 3033 4245 τόνῳ
3065 4176 3241 4228 κεῖται
3266 4173 3326 4226 τὸ
3366 4171 3548 4240 μέλος,
3580 4170 3690 4225 ῶσ-

2110 4287 2215 4342 περ
2240 4270 2296 4321 ὲν
2328 4268 2555 4332 ἐκείνοις
2584 4268 2730 4323 ἔστιν
2771 4266 2915 4332 ίδείν,
2956 4265 3084 4337 παρ’
3114 4260 3196 4328 οἷς
3232 4266 3289 4318 ὲν
3316 4266 3383 4336 τῇ
3425 4264 3555 4333 ποιᾷ
3582 4261 3693 4315 τῶν

2110 4359 2424 4434 προσῳδιῶν
2465 4360 2723 4431 συνθήκῃ,
2752 4359 2846 4412 τοῦ
2873 4361 2929 4413 ἐν
2957 4361 3068 4423 τοῖς
3113 4357 3370 4427 φθόγγοις
3409 4355 3565 4409 τόνου
3598 4352 3693 4423 βα-

2114 4452 2406 4525 ρυνομένου
2438 4467 2500 4505 τε
2529 4450 2625 4505 καὶ
2665 4448 3035 4513 ὀξυτονοῦντος
3082 4447 3177 4503 καὶ
3210 4448 3321 4517 (41)
3354 4443 3689 4517 βραχυνομέ-

2113 4561 2203 4598 νου
2244 4561 2305 4597 τε
2360 4543 2454 4597 καὶ
2507 4542 2946 4613 παρατείνοντος,
2993 4542 3023 4594 ὁ
3061 4539 3264 4611 ῥυθμὸς
3316 4536 3687 4599 ἀπατίκτεται,

2114 4635 2253 4690 ἀλλά
2284 4636 2378 4689 καὶ⁵
2408 4633 2520 4705 (42)
2554 4632 2926 4687 ἀκατάσκευόν
2951 4648 3011 4685 τε
3036 4633 3126 4686 καὶ
3146 4629 3558 4700 ἀνεπιτήδευτον
3578 4629 3691 4689 τοῖς

434 4731 521 4779 cet
541 4764 556 4788 ,
582 4723 783 4794 quibus
809 4723 1100 4795 rhythmos
1127 4724 1416 4779 coniicitur
1438 4741 1505 4781 ex
1526 4736 1852 4787 accentuum
1881 4739 1994 4802 apta

2114 4727 2278 4791 θείοις
2310 4725 2489 4795 λόγοις
2519 4724 2731 4797 ὲνείρας
2759 4723 2823 4792 to
2858 4724 3037 4795 μέλος,
3084 4719 3407 4793 ἑρμηνεύειν
3452 4721 3519 4791 τῇ
3567 4717 3692 4789 μελ-

435 4813 834 4885 compositione
854 4854 870 4881 ,
906 4820 1037 4868 tono
1074 4814 1129 4869 in
1159 4816 1312 4872 sonis
1344 4832 1491 4871 nunc
1521 4817 1786 4889 depresso
1806 4860 1823 4889 ,
1857 4837 1994 4877 nunc

2112 4819 2249 4892 ῳδίᾳ
2273 4817 2373 4890 τὴν
2397 4817 2509 4871 τῶν
2530 4815 2837 4887 λεγομένων
2881 4814 3123 4868 διάνοιαν
3163 4812 3431 4883 βούλεται,
3459 4813 3527 4883 τῇ
3561 4810 3690 4880 ποιᾷ

434 4906 671 4972 elevato,
699 4920 848 4960 nunc
880 4905 1149 4971 breviato,
1184 4923 1331 4963 nunc
1363 4910 1676 4978 producto;
1719 4911 1815 4967 sed
1856 4913 1994 4968 nullo

2114 4909 2466 4975 συνδιαθέσει,
2494 4909 2587 4963 τοῦ
2620 4908 2760 4962 κατά
2784 4906 2880 4978 τὴν
2919 4904 3101 4977 φωνὴν
3135 4904 3287 4958 τόνου
3314 4903 3405 4956 τὸν
3436 4901 3691 4972 ἐγκείμε-

436 4999 619 5057 studio
674 4998 965 5068 quaasitum
1022 5010 1512 5070 comparatumque
1565 5001 1765 5059 divinis
1824 5004 1994 5061 verbis

2113 5020 2202 5058 vov
2228 5004 2339 5067 τοῖς
2373 5002 2577 5072 ῥήμασι
2606 4998 2750 5063 νοῦν,
2791 4997 2867 5061 ὡς
2897 4996 3137 5060 δυνατὸν,
3167 4993 3522 5049 ὲκκαλύπτων
3559 4993 3690 5063 (45).

437 5091 611 5146 melos
661 5088 977 5150 innectitur,
1034 5088 1181 5159 quod
1230 5089 1349 5159 ipsa
1393 5090 1549 5146 vocis
1595 5092 1994 5150 conﬁrmatiom

2117 5092 2191 5146 Τὸ
2222 5092 2321 5163 μὲν
2346 5086 2438 5145 οὖν
2470 5090 2799 5162 προσόψημα
2826 5087 2927 5158 τῆς
2952 5087 3149 5157 ἐδωδῆς
3180 5086 3437 5150 τοιοῦτον,
3457 5077 3503 5150 ᾧ
3527 5100 3693 5139 κατα-

441 5180 741 5237 secundum
771 5179 1164 5244 intensiouem,
1195 5189 1249 5235 et
1280 5183 1676 5251 compositione
1702 5184 1994 5255 subjectum

2118 5183 2463 5251 γλυκαίνεται
2502 5181 2750 5252 καθάπερ
2799 5181 2940 5234 τισὶν
2986 5178 3288 5251 ἡδύσμασιν
3323 5180 3358 5251 ἡ
3414 5176 3530 5250 (Η)
3581 5175 3687 5230 τῶν

440 5271 623 5326 verbis
658 5284 879 5324 sensum
901 5309 917 5334 ,
948 5268 1131 5340 quoad
1186 5269 1300 5324 ﬁeri
1332 5277 1547 5339 potest,
1578 5272 1801 5327 revelat.
1832 5271 1994 5328 Obso-

2119 5275 2271 5344 διδαγ
2278 5275 2464 5346 μάτων
2497 5276 2696 5346 τροφή.

443 5357 592 5412 nium
628 5357 793 5429 igitur
818 5359 983 5429 hujus
1010 5358 1179 5413 edulii
1206 5358 1312 5413 tale
1340 5367 1425 5415 cst
1445 5399 1460 5422 ,
1488 5376 1599 5429 quo
1632 5362 1787 5426 quasi
1818 5361 2011 5418 condi-

448 5449 647 5506 mentis
679 5450 1008 5521 quibusdam
1040 5450 1307 5506 dulcescit
1337 5451 1599 5507 doctrinae
1625 5452 1803 5508 cibus.

517 5589 632 5724 ('57;
668 5590 911 5657 Μογάδα,
940 5591 1030 5647 ed.
1974 5598 1983 5605 '

517 5658 607 5724 (58
654 5658 1085 5724 Ἀναθεωρεῖται,
1109 5659 1196 5716 ed.

2204 5592 2316 5724 (Ηζ
2344 5589 2452 5644 Καί
2473 5603 2582 5644 om.
2613 5588 2699 5643 ed.

2204 5661 2295 5724 (42
2355 5659 2464 5714 Καί
2485 5673 2593 5712 om.
2618 5658 2699 5712 ed.

517 5658 630 5740 ίέἐξὶ
654 5658 1085 5740 ἰᾼνοξθεξυρεῖῖαξι»
1109 5659 1196 5716 cd-

2204 5658 2464 5740 uasat
2485 5673 2593 5740 ρημο
2618 5658 2705 5712 ed-

517 5724 633 5800 i???)
656 5724 817 5800 Ferte
841 5724 1103 5800 ἐμμελὴς-

2202 5724 2316 5800 (45)
2332 5725 2811 5800 Ἐκκαλύπτοντος,
2835 5725 2922 5781 ed.

522 5795 633 5867 (40)
674 5797 833 5866 Ἡμῖν
865 5795 973 5853 om.
1005 5795 1091 5853 ed.

2195 5795 2306 5872 (44)
2348 5800 2414 5853 Ἦ
2440 5812 2549 5854 om.
2572 5796 2660 5853 ed.
