3888 6356
163 447 256 510 M5

696 584 1093 639 ΚΕΦΑΔᾹΙΟΝ
1130 586 1167 638 Δ
1189 624 1203 638 .

223 714 427 787 Καιρὸς
471 715 520 768 δ’
566 713 633 769 ἂν
680 716 764 786 εἴη
796 718 889 769 καὶ
917 715 1086 787 αὑτὴν
1118 716 1219 787 ήδη
1250 712 1349 785 τὴν
1378 712 1487 767 τῶν
1520 712 1732 784 ἀρετῶν

163 806 476 864 πανδαισίαν
510 808 845 880 κατανοῆσαι
869 808 950 879 τῷ
977 807 1143 879 λόγῳ,
1184 808 1325 862 κατὰ
1340 806 1443 878 ,τὴν
1468 822 1734 877 προεκτε-

162 899 335 953 θεῐσαν
376 900 513 970 ἡμῖν
576 897 828 969 τεχνικὴν
879 896 1132 969 θεωρίαν.
1197 897 1418 969 Πρῶτον
1477 897 1575 968 μὲν
1624 896 1733 968 γὰρ

161 991 404 1061 φανεροῖς
458 988 711 1061 σημείοις
757 989 1176 1060 διακεκριμένην
1222 988 1369 1041 ἐστιν
1413 989 1593 1059 εὑρεῖν
1632 988 1732 1059 τὴν

162 1080 351 1152 ἀρετὴν
397 1082 465 1133 ἐκ
505 1081 610 1149 τῆς
657 1078 856 1142 κακίας
880 1118 895 1144 ,
958 1078 1035 1143 ὠς
1090 1079 1394 1152 ἀσύγχυτον
1442 1073 1581 1132 εῖναι
1635 1076 1732 1149 τὴν

162 1148 410 1236 ἑκατέρου
440 1148 654 1219 τούτων
678 1165 814 1235 πρὸς
842 1165 903 1218 τὸ
928 1166 1165 1219 ἐναντίον
1191 1148 1471 1237 διαφοράν,
1510 1167 1603 1219 Ἐκ
1622 1148 1730 1237 γὰρ

161 1256 252 1327 τῆς
296 1256 675 1326 ἐγγινομένης
706 1258 835 1327 ἡμῖν
885 1257 980 1310 ἀπ’
1017 1256 1205 1310 ἀὐτῶν
1252 1256 1621 1329 εὐφροσύνης,
1669 1257 1731 1311 τὸ

161 1346 425 1418 ἐξαίρετον
453 1347 555 1417 τῆς
592 1345 700 1400 τῶν
741 1346 1185 1417 ἐπιτηδευμάτων
1214 1345 1475 1416 ἰδιότητος
1518 1344 1728 1398 δείκνυ-

160 1453 241 1488 ται
270 1452 284 1465 ·
332 1436 431 1507 τῆς
465 1434 572 1505 μὲν
605 1434 803 1499 κακίας
843 1435 941 1499 τὰς
974 1434 1101 1506 περὶ
1132 1435 1193 1488 τὸ
1230 1435 1388 1505 σῶμα
1429 1434 1728 1505 αἰσθήσεις,

162 1525 249 1595 τῆς
274 1524 330 1577 δὲ
361 1526 566 1597 ἀρετῆς
596 1526 694 1596 τὴν
722 1525 896 1596 ψυχὴν
924 1525 1340 1596 εὑφραινούσης.
1392 1526 1480 1590 Ὠς
1518 1525 1731 1597 ἀπλανῆ

163 1634 215 1669 τε
241 1617 328 1669 καὶ
361 1616 733 1687 ἀναμφίὸολον
770 1614 931 1680 εἶναι,
972 1618 1069 1688 τὴν
1098 1617 1162 1670 ὲκ
1192 1616 1300 1670 τῶν
1332 1617 1573 1688 σημείων
1602 1617 1725 1672 τού-

163 1723 259 1761 των
289 1708 692 1782 εὑρισκομένην
723 1707 816 1761 τοῦ
849 1708 1211 1779 ὑποκειμένου
1243 1709 1425 1777 φύσιν.

226 1839 327 1890 Καὶ
365 1836 525 1891 τοῦτο
562 1837 675 1909 (45)
731 1838 790 1903 ἐξ
840 1839 1015 1892 ἄλλων
1058 1838 1118 1893 τέ
1166 1857 1345 1905 τινων,
1393 1843 1535 1897 κατὰ
1575 1860 1636 1896 τε
1665 1843 1727 1896 τὸ

166 1927 455 1998 πρόχειρον,
486 1928 588 1981 καὶ
618 1934 758 1983 κατὰ
784 1929 884 2001 τὴν
917 1932 975 1984 ὲν
1005 1929 1082 2000 τῷ
1118 1928 1269 1999 βάθει
1303 1933 1558 2003 κειμένην
1592 1933 1728 1986 θεω-

169 2018 275 2087 ρίαν
316 2017 421 2072 τῶν
452 2019 744 2088 νοημάτων
774 2020 833 2072 ἐν
873 2020 1086 2084 πολλοῖς
1110 2023 1210 2089 τῆς
1234 2022 1552 2093 ψαλμῳδίας
1584 2025 1729 2079 ἐστιν

166 2108 349 2183 εὑρεῖν,
399 2109 495 2161 καὶ
531 2109 772 2178 μάλιστά
813 2126 877 2179 γε
925 2114 1069 2165 κατὰ
1094 2113 1187 2167 τὸν
1212 2114 1472 2183 τέταρτον
1493 2113 1725 2184 ψαλμὸν,

167 2199 217 2249 ἐν
246 2190 288 2266 ᾧ
312 2214 461 2268 φησι,
494 2198 896 2270 βαρυκαρδίους
920 2195 1060 2254 εἶναι
1087 2202 1214 2265 τοὺς
1241 2204 1302 2256 τὸ
1322 2204 1515 2273 ψεῦδος
1547 2204 1640 2256 καὶ
1666 2203 1728 2257 τὸ

169 2288 375 2357 μάταιον
406 2290 506 2360 τῆς
556 2291 816 2360 ἀληθείας
866 2292 940 2364 μὴ
994 2292 1105 2362 (46)
1155 2294 1564 2366 διακρίνοντας,
1613 2294 1727 2348 ἀλλ’

167 2380 473 2448 ἀγαπῶντας
505 2382 610 2454 μὲν
639 2382 701 2435 τὸ
729 2383 1103 2454 ἀνύπαρκτον,
1156 2386 1523 2456 περιορῶντας
1568 2386 1624 2440 δὲ
1666 2386 1728 2439 τὸ

173 2470 333 2539 μένον,
380 2462 473 2526 καῖ
513 2470 616 2525 τοῦ
659 2473 972 2541 ἀγαπᾶσθαι
1009 2474 1171 2539 ἄξιον.
1219 2475 1425 2545 Μόνην.
1454 2476 1560 2547 γὰρ
1606 2471 1727 2529 εἶπε

171 2561 464 2634 θαυμαστὴν
496 2564 719 2635 ἀληθῶς
762 2560 899 2619 εἶναι
932 2565 1029 2636 τὴν
1059 2566 1335 2637 ὁσιότητα,
1382 2567 1450 2620 τὰ
1488 2567 1546 2620 δὲ
1593 2568 1728 2621 ἄλλα

168 2650 327 2706 πάντα
354 2653 416 2707 τὰ
449 2654 565 2725 (47)
610 2655 730 2706 ἀντὶ
762 2654 871 2707 τῶν
914 2655 1133 2723 ἀγαθῶν
1177 2657 1582 2727 σπουδαζόμενα
1613 2661 1727 2721 τοῖς

169 2740 450 2812 ἀνθρώποις
475 2745 533 2798 ὲν
561 2744 826 2814 ὑπολήψει
850 2747 1086 2812 κεῖσθαι,
1111 2747 1195 2815 ἐφ’
1219 2747 1428 2802 ἑαυτῶν
1456 2750 1556 2802 οὑκ
1575 2748 1724 2818 ὄντα,

168 2831 268 2885 ἀλλ’
311 2834 366 2887 ὲν
415 2839 481 2907 τῇ
533 2837 741 2908 ματαίᾳ
774 2837 882 2889 τῶν
933 2838 1237 2909 ἀνθρώπων
1279 2839 1453 2911 οἰήσει
1497 2841 1557 2894 τὸ
1589 2838 1733 2897 εἶναι·

170 2918 293 2991 ἔχειν
328 2924 609 2983 δοκοῦντα.
660 2929 770 2981 Καὶ
796 2928 870 2992 ὡς
904 2928 970 2983 ἂν
1004 2931 1376 3002 φανερώτερον
1401 2933 1725 3002 ὲκκαλύψειε

169 3012 222 3065 τὸ
249 3017 368 3086 περὶ
402 3018 610 3072 τούτων
636 3020 833 3091 δόγμα,
877 3021 1081 3092 προϊών
1126 3041 1310 3093 φησιν,
1343 3025 1425 3078 ὅτι
1465 3025 1513 3078 οί
1545 3025 1727 3079 πολλοὶ

169 3102 222 3155 τὸ
248 3105 436 3173 ἀγαθὸν
468 3111 528 3162 ὲν
578 3112 691 3174 τοῖς
737 3112 1080 3181 φαινομένοις
1124 3113 1432 3181 ὁρίζονται,
1477 3115 1728 3184 λέγοντες

170 3191 323 3247 ἒκεῖνο
339 3197 493 3268 μόνον
510 3195 655 3253 εἶναι
679 3200 900 3268 ἀγαθὸν,
916 3202 1048 3274 ὅπερ
1068 3203 1130 3257 ἄν
1150 3221 1232 3267 τις
1247 3207 1311 3276 τῇ
1332 3205 1579 3277 αἰσθήσει
1594 3224 1725 3277 προ·

170 3279 299 3357 δείξῃ
342 3288 723 3357 (48).«Πολλοὶ
770 3290 898 3363 γὰρ,
952 3293 1107 3365 φησὶ,
1151 3293 1389 3363 λέγουσι,
1425 3297 1522 3361 Τίς
1563 3297 1723 3365 δείξει

169 3374 283 3462 ἡμῖν
310 3378 373 3431 τὰ
404 3380 639 3449 ἀγαθάν
663 3382 720 3435 '0
749 3382 806 3436 δὲ
842 3384 978 3455 πρὸς
1008 3384 1106 3456 τὴν
1140 3387 1339 3458 ἀρετὴν
1373 3387 1587 3459 βλέπων
1627 3390 1724 3462 τὴν

174 3461 260 3550 μὲν
290 3465 670 3540 ἀνδραποδώδη
697 3471 901 3542 ταύτην
926 3473 1020 3528 τοῦ
1053 3475 1216 3529 καλοῦ
1244 3478 1425 3547 κρίσιν
1456 3461 1689 3550 περιορᾷ
1706 3496 1720 3512 ’

171 3548 221 3601 ἐν
261 3550 312 3605 δὲ
349 3555 424 3626 τῷ
463 3560 611 3627 φωτὶ
642 3559 703 3612 τὸ
750 3561 912 3615 καλὸν
941 3561 1148 3632 βλέπει.
1186 3565 1297 3619 Καὶ
1325 3566 1498 3631 οὕτως
1530 3548 1724 3640 ἐπιση-

174 3643 397 3709 μειοῦται
444 3650 546 3720 τὴν
603 3650 808 3723 θεοειδῆ
854 3671 915 3706 τε
962 3656 1057 3708 καὶ
1104 3655 1313 3727 ὑψηλὴν
1362 3658 1720 3731 εὐφροσύνην.

170 3733 273 3799 Φῶς
318 3738 371 3792 δὲ
414 3743 592 3797 ἐκεῖνο
646 3742 825 3813 λέγει,
874 3746 937 3799 τὸ
979 3749 1043 3801 ὲκ
1090 3748 1182 3801 τοῦ
1236 3748 1380 3801 θείου
1433 3749 1721 3820 προσώπου

171 3822 613 3904 ἀπαυγαζόμενον,
636 3830 698 3891 οὗ
723 3836 1044 3892 καθικέσθαι
1074 3840 1183 3911 (49)
1215 3842 1247 3912 ἡ
1280 3840 1530 3913 αἴσθησις
1562 3841 1723 3911 φύσιν

172 3914 257 3969 οὐκ
282 3919 402 3990 ἔχει.
424 3943 443 3976 ι
476 3927 821 4000 Ἐσημειώθη
850 3929 980 4001 γὰρ,
1003 3932 1187 4002 φησὶν,
1220 3933 1305 4000 ἐφ’
1338 3933 1485 4002 ἡμᾶς
1519 3932 1579 3985 τὸ
1607 3934 1722 4002 φῶς

171 4009 249 4062 τοῦ
276 4015 559 4085 προσώπου
587 4035 702 4085 σου,
737 4021 930 4093 Κύριε.
964 4041 985 4074 ι
1011 4022 1144 4076 Θεοῦ
1194 4023 1303 4094 γὰρ
1346 4024 1634 4095 πρόσωπον
1665 4028 1723 4081 ἐν

172 4106 483 4178 χαρακτῆρσι
511 4110 907 4181 θεωρούμενον,
951 4112 1012 4166 οὑ
1045 4132 1135 4185 μοι
1179 4115 1326 4169 δοκεῖ
1359 4115 1543 4188 ἕτερον
1571 4119 1723 4189 παρὰ

172 4189 255 4277 τας
280 4194 468 4265 ἀρετὰς
495 4203 637 4253 νοεῖν
660 4201 689 4253 ὁ
708 4203 1005 4275 Προφήτης
1028 4219 1042 4233 ’
1088 4204 1311 4269 ταύταις
1338 4205 1446 4277 γὰρ
1489 4206 1550 4259 τὸ
1582 4207 1722 4261 θεῖον

171 4275 292 4347 εἶδος
331 4292 815 4362 χαρακτηρίζεται.
864 4295 973 4349 Καὶ
1012 4296 1171 4350 τοῦτο
1216 4275 1491 4365 εἰπὼν,ῖτδ
1520 4299 1723 4354 τέλειον

173 4373 436 4448 γνώρισμα
463 4381 612 4449 λέγει
658 4383 755 4455 τῆς
784 4384 1006 4457 ἀρετῆς.
1043 4404 1061 4438 ι
1104 4387 1348 4453 Ἔδωκας
1388 4388 1723 4461 εὐφροσύνην

172 4463 239 4525 εἷς
270 4468 360 4534 τὴν
397 4474 625 4544 καρδίαν
656 4491 757 4545 μου
780 4494 792 4507 ο
821 4496 841 4530 ι
869 4478 991 4531 ἀντὶ
1029 4478 1131 4546 τῆς
1171 4479 1349 4550 ψυχῆς
1379 4481 1471 4534 καὶ
1506 4481 1597 4534 τοῦ
1628 4480 1720 4534 νοῦ

1554 447 1621 504 IN
1661 445 1997 504 PSAIMOS.

1760 565 1811 621 Α

3295 434 3400 492 “8

2433 570 2664 630 CAPUT
2702 572 2789 629 IV.

1901 710 2139 781 Tempus
2168 720 2335 779 porro
2365 708 2632 779 postulat,
2662 716 2719 762 ut
2746 707 2883 778 jam,
2908 706 3207 763 secundum
3234 719 3401 777 supra

1842 816 1874 856 a
1927 802 2087 858 nobis
2121 800 2311 856 initam
2361 800 2653 865 rationem,
2684 799 2867 870 ipsum
2897 799 3183 865 virtutum,
3235 798 3403 854 utsic

1831 892 2033 958 dicam,
2069 892 2437 948 lautissimum
2469 892 2689 962 epulum
2720 889 3105 960 inspiciamus.
3135 888 3213 945 Ac
3245 889 3400 960 prin-

1833 986 1978 1057 cipio
2008 984 2229 1056 quidem
2261 983 2695 1039 animadvertere
2727 984 2876 1048 licet,
2901 976 3162 1038 virtutem
3189 983 3405 1053 perspi-

1833 1076 1954 1132 cuis
1986 1083 2041 1131 et
2093 1073 2443 1130 evidentibus
2472 1073 2622 1128 notis
2652 1088 2682 1126 a
2718 1073 2928 1126 malitia
2955 1081 3224 1129 secretam
3257 1087 3402 1139 esse,

1832 1164 1910 1220 ita
1944 1171 2003 1218 ut
2042 1161 2334 1218 inconfusa
2363 1161 2457 1224 sit,
2497 1171 2551 1217 et
2583 1176 2614 1215 a
2646 1161 2926 1215 contrario
2969 1176 3197 1231 prorsus
3230 1161 3401 1217 libera

1830 1257 2122 1326 utriusque
2145 1255 2345 1309 horum
2376 1252 2705 1309 differentia.
2734 1252 2812 1307 Ex
2835 1252 3201 1308 delectatione
3230 1253 3399 1319 enim,

1831 1363 1994 1419 quam
2025 1347 2133 1402 illa:
2161 1346 2217 1400 in
2255 1344 2416 1402 nobis
2465 1343 2731 1408 excitant,
2767 1343 3098 1407 ostenditur,
3150 1357 3400 1413 quaenam

1830 1441 2030 1495 borum
2085 1438 2392 1494 studiorum
2456 1435 2528 1491 sit
2595 1423 2944 1505 proprietas,
2998 1450 3121 1489 cum
3194 1434 3400 1488 malitia

1831 1541 2030 1582 sensus
2077 1526 2350 1595 corporis,
2385 1524 2564 1579 virtus
2595 1524 2841 1577 animum
2875 1523 3148 1578 oblectet:
3181 1522 3317 1578 adeo
3341 1530 3404 1576 ut

1828 1616 1989 1686 ejus,
2053 1615 2201 1686 quod
2273 1613 2582 1683 subjectum
2642 1620 2748 1677 est,
2800 1620 3019 1679 natura,
3076 1611 3197 1666 sine
3252 1611 3401 1666 omni

1828 1723 2018 1765 errore
2038 1716 2094 1764 et
2118 1708 2475 1778 ambiguitate
2495 1722 2562 1763 ex
2588 1705 2675 1761 his
2707 1703 2926 1759 indiciis
2953 1703 3188 1759 inveniri
3214 1708 3396 1774 queat.

1910 1838 1979 1894 Et
2006 1839 2111 1895 hoc
2145 1854 2253 1893 non
2285 1838 2525 1905 aliunde,
2558 1852 2719 1908 quam
2770 1853 2836 1892 ex
2879 1837 2972 1901 iis,
3036 1850 3159 1906 qua!
3210 1836 3295 1890 vel
3342 1836 3399 1892 in

1760 1899 1804 1955 Β
1830 1937 2083 2001 promptu
2116 1936 2245 1985 sunt
2279 1928 2482 1999 posita,
2512 1899 2603 1984 vel
2633 1930 2690 1983 in
2718 1927 2907 1983 multis
2946 1899 3190 1998 psalmis,
3230 1925 3389 1995 quasi

1830 2018 2106 2090 profundo
2137 2020 2530 2075 sententiarum
2583 2033 2806 2073 recessu
2843 2018 3027 2072 abdita
3079 2018 3271 2081 latent,
3309 2016 3399 2069 in-

1830 2109 2081 2181 telligere
2114 2109 2284 2177 licet;
2316 2109 2552 2163 maxime
2581 2124 2646 2164 ex
2678 2117 2875 2179 quarto
2933 2108 3165 2177 psalmo,
3200 2107 3254 2160 in
3289 2121 3401 2176 quo

1829 2199 2151 2270 pronuntiat
2194 2198 2349 2253 corde
2374 2214 2579 2269 graves,
2608 2198 2701 2268 qui
2732 2197 3077 2253 mendacium
3110 2205 3163 2251 et
3190 2197 3399 2249 vanita-

1831 2298 1938 2345 tem
1973 2304 2004 2344 a
2058 2290 2286 2345 veritate
2318 2290 2538 2360 quidem
2594 2290 3001 2354 internoscunt,
3059 2289 3154 2344 sed
3212 2295 3395 2342 tamen

1829 2380 2062 2451 diligunt
2094 2381 2147 2435 id
2185 2381 2332 2451 quod
2367 2395 2478 2435 non
2529 2380 2809 2443 subsistit,
2844 2380 3093 2449 neglecto
3137 2394 3202 2434 eo
3251 2380 3397 2449 quod

1828 2482 2134 2541 permanet,
2161 2474 2416 2543 quodque
2438 2472 2589 2527 omni
2612 2486 2798 2527 amore
2826 2470 3051 2542 dignum
3076 2477 3161 2526 est
3185 2488 3200 2537 ;
3225 2472 3396 2526 solam

1828 2564 1973 2617 enim
2007 2566 2354 2620 sanctitatem
2380 2565 2518 2620 dixit
2537 2580 2665 2620 vere
2693 2579 2817 2621 esse
2843 2564 3221 2619 admirandam
3250 2580 3264 2627 ;
3291 2564 3397 2616 alia

1828 2655 2032 2717 omnia,
2060 2671 2181 2723 qua:
2212 2670 2409 2725 magno
2439 2656 2644 2720 studio,
2673 2656 2941 2711 bonorum
2970 2656 3113 2721 vice,
3139 2671 3399 2725 quaerun-

1830 2752 1918 2800 tur
1956 2745 2025 2800 ab
2082 2745 2421 2811 hominibus,
2484 2747 2540 2800 in
2594 2749 2853 2816 Opinione
2909 2747 3014 2801 sita
3058 2752 3286 2805 esse.et
3341 2745 3394 2798 in

1828 2836 2027 2907 scipsis
2081 2850 2193 2889 non
2248 2835 2590 2902 subsistere;
2652 2836 2748 2891 sed
2800 2835 2857 2889 in
2911 2849 3053 2889 vana
3110 2834 3394 2888 hominum

1827 2925 2235 2981 existimatione
2259 2924 2454 2991 videri,
2486 2927 2647 2994 quasi
2676 2940 2800 2981 esse
2824 2923 3097 2995 quoddam
3121 2924 3393 2977 habeant:

1825 3027 1968 3075 etut
2007 3019 2314 3073 doctrinam
2355 3017 2460 3072 hac
2504 3018 2572 3073 de
2602 3033 2663 3073 re
2719 3018 3075 3072 illustriorem
3119 3016 3394 3077 redderet,

1827 3125 2120 3181 progressu
2153 3109 2424 3164 orationis
2455 3109 2531 3163 ait
2561 3128 2574 3164 :
2603 3110 2807 3165 multos
2836 3110 3041 3165 bonum
3069 3107 3299 3162 definire
3330 3107 3398 3161 iis

1827 3214 1949 3270 qua:
1998 3206 2305 3269 apparent;
2366 3209 2678 3257 asserentes
2734 3200 2870 3255 illud
2924 3201 3098 3256 solum
3134 3199 3187 3254 in
3235 3198 3397 3252 bonis

1827 3292 2249 3358 numerandum,
2281 3291 2429 3361 quod
2460 3292 2566 3347 sub
2592 3307 2816 3349 sensum
2847 3292 2994 3347 cadit
3028 3310 3041 3347 :
3087 3309 3106 3341 ‹
3146 3289 3325 3353 Multi,
3372 3307 3391 3341 ι

1824 3382 2023 3452 inquit,
2062 3401 2083 3435 ι
2134 3384 2346 3448 dicunt,
2380 3382 2517 3449 Quis
2566 3384 2817 3448 ostendet
2883 3383 3044 3438 nobis
3073 3382 3214 3436 bona
3240 3382 3338 3435 "1'
3374 3401 3391 3432 ι

1823 3475 1893 3527 At
1919 3475 2011 3543 qui
2044 3475 2234 3529 oculos
2274 3474 2342 3528 ad
2396 3475 2653 3529 virtutem
2704 3477 2998 3537 convertit,
3050 3474 3142 3528 ille
3198 3474 3398 3529 servile

1825 3568 1930 3623 hoc
1959 3568 2027 3623 de
2063 3569 2209 3623 bono
2250 3567 2520 3637 judicium
2568 3574 2915 3637 aspernatur,
2969 3575 3291 3635 rectumque
3334 3580 3397 3618 ac

1828 3659 2117 3714 honestum
2151 3659 2323 3713 multo
2353 3659 2562 3712 lumine
2593 3659 2948 3714 collustratus
2979 3659 3245 3712 intuetur.
3278 3656 3399 3722 Quo

1823 3750 2053 3805 denotat
2083 3747 2325 3804 divinam
2356 3750 2505 3803 illam
2536 3756 2591 3804 et
2626 3748 2917 3804 sublimem
2948 3748 3393 3811 exsultationem,

1823 3851 1876 3895 et
1904 3839 2089 3894 lumen
2115 3838 2272 3903 illud,
2322 3838 2469 3908 quod
2501 3853 2564 3894 ex
2612 3837 2798 3893 divina
2856 3836 2999 3893 facie
3053 3837 3392 3907 reSplendet,

1824 3932 2084 4003 quodque
2107 3947 2369 3988 sensuum
2397 3940 2611 3989 naturae
2639 3932 2862 4004 assequi
2894 3947 3005 3987 non
3052 3930 3394 3988 conceditur.

1829 4043 1848 4077 ι
1886 4022 2173 4095 Signatum
2220 4031 2307 4092 est
2355 4024 2526 4089 enim,
2578 4024 2777 4095 inquit,
2840 4039 3006 4095 super
3063 4039 3165 4080 nos
3211 4024 3397 4078 lumen

1824 4116 2008 4172 vultus
2040 4116 2143 4182 tui,
2163 4115 2414 4173 Domine.
2447 4135 2468 4169 ι
2494 4114 2600 4172 Per
2628 4116 2727 4172 Dei
2758 4115 2953 4172 faciem
2980 4115 3399 4172 characteribus

1829 4208 2161 4278 quibusdam
2211 4219 2266 4264 et
2293 4209 2442 4264 notis
2471 4208 2827 4279 descriptam,
2863 4223 2972 4264 non
3000 4208 3218 4263 videtur
3264 4209 3398 4263 mihi

1823 4298 2095 4370 Propheta
2121 4299 2272 4353 aliud
2305 4300 2553 4355 indicare
2578 4301 2739 4364 velle,
2767 4315 2931 4368 quam
2962 4300 3194 4356 virtutes
3222 4316 3235 4363 ;
3270 4316 3399 4355 nam

1823 4392 1912 4449 bis
1944 4391 2158 4462 species
2183 4391 2369 4446 divina
2392 4391 2736 4461 designatur.
2758 4390 2856 4447 His
2883 4391 3066 4453 dictis,
3097 4390 3395 4460 perfectam

1822 4483 2042 4539 virtutis
2073 4490 2256 4536 notam
2286 4481 2515 4537 adduxit
2540 4497 2553 4533 :
2582 4499 2600 4533 ι
2628 4480 2836 4536 Dedisti
2868 4481 3107 4535 laetitiam
3142 4481 3197 4535 in
3229 4480 3401 4535 corde

172 4551 256 4642 Ιξῐὴν
295 4561 515 4631 καρδίαν
556 4563 751 4633 λέγων.
798 4566 873 4620 Οὐ
920 4573 1029 4639 γὰρ
1078 4566 1195 4622 ἔστι
1243 4572 1357 4631 τοῖς
1404 4571 1469 4624 ὲκ
1520 4571 1721 4634 κακίας

1830 4587 1989 4639 meo;
2027 4590 2046 4623 ι
2083 4572 2255 4626 animi
2310 4578 2366 4628 et
2397 4573 2601 4629 mentis
2664 4572 2788 4628 loco
2838 4586 2936 4628 cor
2973 4587 3181 4642 ponens
3212 4589 3227 4625 :
3283 4588 3396 4626 non

172 4639 474 4720 δελεάσμασι
526 4652 617 4706 τὸν
646 4654 770 4707 νοῦν
793 4654 1042 4726 ἡσθῆναι.
1087 4657 1525 4711 ’Δντιδιαστέλλει
1568 4657 1625 4711 δὲ
1651 4661 1719 4730 τῇ

171 4731 257 4801 τῆς
286 4741 498 4810 καρδίας
526 4744 831 4818 εὐφροσύνῃ
861 4746 956 4818 τὴν
983 4746 1154 4820 ὑλώδη
1184 4749 1386 4822 ταύτην
1415 4752 1509 4804 καὶ
1538 4751 1721 4821 βιωτι-

174 4822 259 4895 κὴν
298 4830 545 4898 εὐθηνίαν
586 4835 727 4906 (50),
773 4835 947 4905 λέγων
988 4840 1101 4903 τοῖς
1132 4839 1192 4893 τὸ
1225 4840 1398 4911 παρὸν
1430 4841 1598 4913 ὁρῶσι
1622 4841 1721 4913 τὴν

174 4920 387 4992 γαστέρα
434 4925 528 4980 τοῦ
579 4927 744 4981 καλοῦ
796 4931 1076 5002 κριτήριον
1108 4931 1369 5000 γίνεσθαι.
1426 4935 1579 4987 Σῖτον
1612 4934 1721 5006 γὰρ

175 5007 255 5061 καὶ
281 5007 412 5068 οἶνον
446 5016 616 5071 εἰπὼν
644 5021 757 5085 τοῖς
781 5021 1043 5085 τοιούτοις
1071 5022 1457 5095 πληθύνεσθαι,
1488 5025 1597 5080 ἀπὸ
1624 5026 1720 5097 μέ·-

178 5110 284 5186 ρους
306 5103 478 5172 πάσας
502 5107 602 5171 τὰς
630 5110 758 5180 περὶ
787 5112 1028 5184 γαστέρα
1071 5113 1167 5167 καὶ
1198 5112 1381 5184 θοίνην
1417 5112 1612 5184 ήδονὰς
1643 5114 1721 5186 τῷ

174 5182 304 5287 λόγοῖ
326 5201 759 5287 Δσυμπεριέλαὸεν
788 5219 805 5237 θ
862 5207 918 5260 αἲ
960 5182 1155 5277 πάσης
1208 5182 1466 5278 ἄρχουσιν
1529 5182 1721 5277 ὖλικῆξ

174 5281 422 5354 ἀσχολίας,
454 5290 583 5362 περὶ
610 5289 646 5344 ἃ
682 5295 716 5364 ή
749 5294 955 5366 σπουδὴ
994 5297 1076 5360 εἰς
1122 5295 1275 5351 οὐδὲν
1317 5294 1593 5350 εὑοδοῦται
1622 5294 1719 5350 πέ-

232 5477 273 5511 ⁹⁸
298 5480 433 5545 Psal.
463 5506 537 5560 IV,
565 5493 598 5549 6
631 5510 752 5566 sqq.

234 5656 335 5731 (43)
370 5667 478 5722 Οὐκ
514 5672 638 5729 add.
673 5674 762 5730 ed.

234 5715 335 5865 ἔω)
366 5715 795 5810 nifoﬁi'.“éd‘.§éz
824 5744 983 5802 codd.
1018 5744 1144 5819 alii].

252 5797 330 5865 47)
356 5804 427 5857 Τὰ
460 5824 566 5865 om.
594 5813 682 5865 ed.

252 5797 330 5875 4⁷)
356 5797 566 5866 Τὰόηι.
594 5813 682 5867 ed.

1826 4663 1972 4719 enim
2004 4663 2120 4719 ﬁeri
2155 4671 2356 4734 potest,
2388 4673 2448 4720 ut
2477 4663 2700 4719 malitia:
2737 4663 3131 4719 blandimentis
3179 4664 3401 4719 animus

1827 4755 2223 4811 demulceatur.
2256 4754 2509 4827 Sejungit
2536 4770 2670 4811 vero
2699 4770 2731 4810 a
2762 4755 2949 4811 cordis
2977 4756 3165 4811 laetitia
3195 4770 3398 4826 corpo-

1828 4859 1979 4900 ream
2007 4844 2150 4900 hanc
2182 4853 2237 4901 et
2269 4846 2396 4901 vitae
2426 4845 2589 4915 hujus
2616 4846 3061 4910 oblectationem,
3090 4861 3215 4901 cum
3237 4846 3396 4909 dicit,

1828 4936 1897 4991 iis
1924 4936 2020 5006 qui
2045 4936 2335 5006 praesentia
2365 4943 2578 4992 tantum
2630 4936 2935 4999 intuentur,
2981 4945 3228 4992 ventrem
3259 4950 3397 4992 recn

1828 5027 2167 5098 dijudicandi
2214 5028 2462 5098 regulam
2515 5042 2679 5095 esse;
2738 5026 3074 5084 frumentum
3133 5027 3278 5081 enim
3344 5038 3400 5079 et

1825 5118 2015 5172 vinum
2038 5115 2128 5172 his
2153 5116 2356 5172 talibus
2387 5116 2745 5187 multiplicari
2775 5117 2853 5171 ait
2880 5133 2896 5184 ;
2922 5131 2989 5172 ex
3022 5122 3177 5186 parte
3204 5128 3396 5167 omnes

1821 5204 2218 5275 jucunditates,
2249 5218 2370 5275 qua:
2398 5203 2467 5259 ad
2517 5215 2763 5261 ventrem
2807 5212 2864 5261 et
2897 5204 3088 5274 epulas
3123 5209 3393 5272 spectant.

1824 5294 2190 5365 complexus;
2233 5309 2355 5365 quae
2408 5294 2566 5350 initia
2598 5301 2727 5351 sunt
2781 5293 2963 5349 omnis
3017 5290 3401 5363 occupationis

1896 5675 2007 5744 (48)
2036 5675 2328 5744 Προδείξει,
2368 5677 2458 5732 ed.

1894 5745 2004 5886 (49;
2044 5745 2377 5814 Ἐφικέσθαι,
2407 5746 2495 5802 ed.

1894 5814 1984 5882 [50
2046 5816 2343 5886 Εὑθυμίαν,
2373 5816 2461 5873 ed.

1890 5814 2004 5886 (50)
2046 5816 2343 5886 Εὑθυμίαν,
2373 5816 2461 5873 ed.
