3888 6358
500 436 603 495 447

1764 433 1819 488 S.
1862 432 2191 490 GRECOIHI
2228 432 2524 490 NYSSENI

3654 438 3755 490 με

500 556 650 608 circa
702 551 986 607 materiam
1044 550 1204 606 istam
1256 562 1604 622 corporatam
1658 552 1977 618 versantia;
2021 555 2076 608 in

2185 569 2301 623 ρας.
2336 552 2413 605 Οὐ
2451 549 2561 620 γάρ
2592 549 2709 602 ἐστι
2739 548 2839 619 τῆς
2865 550 2922 601 ὲν
2955 548 3152 619 ἀκαρεῖ
3190 549 3484 619 γινομένης
3520 549 3632 613 τοῖς
3665 552 3756 604 ἀν.

501 644 702 713 quibus
739 642 983 697 studium
1019 650 1073 695 et
1131 656 1354 709 operam
1405 655 1630 710 ponere,
1667 641 1805 695 nihil
1858 643 2075 711 penitus

500 735 856 789 emolumenti
889 733 1084 788 afferat
1112 752 1126 799 ;
1170 749 1278 787 non
1319 734 1463 787 enim
1496 740 1583 787 est
1615 730 1897 788 fruitionis
1928 734 2075 789 illius

499 835 554 881 et
582 827 904 896 voluptatis,
937 840 1059 896 qua:
1097 834 1377 877 momento
1407 822 1673 892 temporis
1704 822 1782 883 fit,
1813 823 1866 875 in
1899 822 2078 877 homi-

500 932 630 970 num
667 926 867 970 natura
893 932 1059 985 penu,
1083 923 1143 968 ut
1168 915 1590 969 delectationem
1620 914 1765 966 illam
1792 929 2076 969 asservare

501 1017 557 1061 et
607 1005 909 1059 recondere
943 1003 1179 1073 possint,
1224 1018 1387 1071 quam
1421 1001 1569 1055 omni
1601 1016 1704 1071 ope
1754 1015 2076 1070 comparare

502 1104 776 1150 conantur
802 1111 816 1160 ;
849 1095 942 1148 sed
968 1096 1141 1148 instar
1165 1092 1435 1146 fallacium
1463 1091 1926 1160 phantasmatum,
1951 1104 2073 1143 cum

502 1188 676 1243 teneri
713 1202 744 1240 a
803 1190 1144 1254 voluptatum
1197 1184 1534 1237 amatoribus
1594 1182 1864 1244 creditur,
1912 1182 2075 1236 dere—

502 1284 665 1346 pente
691 1276 993 1337 evanescit,
1023 1283 1075 1327 et
1101 1274 1157 1326 in
1186 1272 1418 1325 nihilum
1443 1270 1655 1325 recidit.
1691 1268 1867 1338 llujus
1893 1279 2075 1323 autem

501 1365 629 1420 vani
689 1364 888 1434 spectri
945 1364 1169 1418 unicum
1226 1361 1516 1432 vestigium
1573 1360 1901 1430 rciinquitur
1952 1368 2077 1430 post

501 1456 895 1520 recessionem,
924 1454 1101 1523 pudor
1128 1472 1142 1521 ;
1174 1454 1284 1507 alta
1307 1461 1362 1508 et
1387 1452 1663 1506 indelebili
1694 1452 1775 1506 eis
1810 1451 2076 1520 impressa

506 1552 660 1608 nota,
692 1560 793 1615 per
820 1560 940 1613 qua:
970 1542 1189 1598 transiit
1218 1560 1232 1608 ;
1265 1542 1527 1612 possibile
1552 1548 1612 1595 ut
1639 1541 1732 1605 sit,
1755 1549 2075 1594 venatorum

506 1650 661 1689 more
691 1645 745 1689 et
774 1643 909 1695 arte.
944 1650 1007 1689 ex
1043 1636 1178 1704 ipsis
1215 1632 1461 1702 vestigiis
1516 1630 1645 1685 fera:
1689 1639 1944 1684 naturam
1980 1644 2076 1683 co-

507 1742 797 1797 gnoscere.
833 1726 1044 1780 Etenim
1079 1726 1179 1791 illi,
1216 1725 1438 1795 quando
1472 1722 1587 1778 fera
1637 1722 1929 1778 manifesta
1968 1738 2077 1776 non

507 1827 613 1883 est,
646 1818 877 1888 vestigio
910 1832 1027 1872 eam
1064 1826 1424 1887 cognoscunt.

2178 641 2415 711 θρώποις
2460 638 2812 701 ἀπολαύσεως
2857 638 2916 691 ὲν
2958 640 3025 709 τῇ
3075 637 3232 706 φύσει
3286 640 3539 708 ταμιεῖον
3580 640 3758 697 οὐδὲν,

2176 734 2317 786 ὥστε
2372 730 2634 783 ἀπόθετον
2680 730 2890 792 ἑαυτοῖς
2936 728 3203 781 ποιεῖσθαι
3250 729 3351 797 τὴν
3394 730 3636 800 ἡδονὴν,
3698 734 3760 802 ἦν

2176 824 2319 877 κατὰ
2352 824 2529 875 πᾶσαν
2579 820 2810 873 κτῶνται
2859 819 3089 891 σπουδήν
3116 837 3132 853 ⁸
3185 819 3301 873 ἀλλ’
3344 820 3537 893 ὥσπερ
3564 840 3619 875 τι
3652 824 3762 875 τῶι

2178 909 2471 981 ἀπατηλῶν
2505 910 2904 979 φαντασμάτων
2941 909 3312 980 κεκρατῆσθαι
3342 911 3494 981 παρά
3526 911 3640 964 τῶν
3672 930 3764 981 ιρι-

2176 1003 2410 1073 ληδόνων
2447 1001 2622 1067 δόξαν,
2667 1000 2831 1064 εὐθὺς
2858 1000 3151 1071 ἠφανίσθη,
3206 1001 3300 1053 καὶ
3346 1004 3426 1065 είς
3474 1003 3537 1055 τὸ
3594 1005 3671 1075 μὴ
3708 1004 3764 1056 ὃν

2181 1090 2546 1161 μετεχώρησε.
2595 1089 2702 1142 Τοῦ
2754 1088 2810 1141 δὲ
2851 1088 3091 1141 τοιούτου
3146 1089 3430 1160 φάσματος
3500 1091 3562 1145 ἓν
3615 1092 3766 1161 ἴχνος

2176 1181 2557 1234 καταλείπεται
2591 1179 2727 1250 μετά
2750 1180 2846 1251 τὴν
2873 1178 3215 1250 ἀναχώρησιν
3242 1181 3276 1251 ἡ
3306 1181 3563 1251 αἰσχύνη,
3593 1182 3767 1251 βαθύν

2176 1289 2234 1324 τε
2264 1273 2356 1325 κα)⁵
2379 1269 2792 1334 δυσεξάλειπτον
2824 1272 3243 1341 ἐνσημηναμένη
3274 1272 3484 1335 τούτοις
3528 1274 3628 1325 τὸν
3668 1273 3769 1325 τύ-

2177 1378 2278 1415 πον
2309 1360 2494 1414 τοῦτον
2525 1361 2658 1429 (51),
2704 1360 2771 1413 δι’
2799 1353 2873 1412 ὧν
2900 1360 2967 1413 ἂν
2999 1359 3241 1433 παρέλθῃ
3259 1402 3274 1425 ,
3318 1360 3393 1424 ὡς
3420 1362 3654 1415 δυνατὸν
3683 1360 3767 1415 εῖ-

2178 1467 2283 1515 ναι,
2320 1449 2462 1503 κατά
2505 1450 2605 1518 τὴν
2645 1449 2839 1519 τέχνην
2885 1449 2991 1501 τῶν
3034 1449 3393 1520 θηρευόντων,
3439 1455 3556 1514 τοῖς
3590 1453 3771 1521 ἴχνεσι

2178 1539 2553 1609 διαγινώσκειν
2586 1538 2680 1591 τοῦ
2718 1539 2908 1610 θηρίου
2944 1538 3044 1610 τὴν
3072 1540 3250 1609 φύσιν.
3290 1540 3393 1593 Καὶ
3424 1542 3531 1612 γὰρ
3560 1544 3772 1595 ἐκεῖνοι

2179 1631 2306 1682 ὅταν
2349 1626 2616 1703 ἀφανὲςῇ
2664 1630 2723 1682 τὸ
2753 1629 2992 1701 θήραμα,
3025 1629 3115 1684 διὰ
3158 1631 3251 1684 τοῦ
3290 1630 3467 1702 ἴχνους
3509 1632 3575 1685 τὸ
3626 1631 3773 1696 ζῶον

2180 1721 2553 1793 γνωρίζουσιν.

582 1929 639 1984 Si
662 1931 827 2000 igitur
843 1945 972 2000 aper
991 1937 1085 1985 aut
1106 1931 1189 1984 leo
1206 1929 1441 2000 prepriis
1464 1928 1710 1999 vestigiis
1733 1929 2049 1999 agnoscitur
2063 1972 2077 1995 ,

2255 1920 2318 1972 Εἰ
2346 1914 2439 1971 οὖν
2467 1920 2496 1972 ὁ
2524 1917 2620 1981 σῦς
2651 1917 2684 1989 ἦ
2713 1919 2742 1971 ὁ
2768 1917 2905 1972 λέων
2932 1920 3043 1982 τοῖς
3074 1917 3243 1989 ἴχνεσι
3267 1919 3380 1981 τοῖς
3410 1917 3563 1980 ἰδίοις
3596 1935 3776 1971 κατα-

506 2036 852 2090 consequens
875 2029 980 2087 est,
1011 2029 1071 2076 ut
1096 2032 1151 2076 et
1177 2020 1473 2090 voluptatis
1506 2030 1700 2073 natura
1732 2019 1786 2072 in
1814 2020 2083 2089 impresso

507 2127 539 2166 a
565 2128 625 2167 se
658 2112 888 2181 vestigio
914 2112 1210 2166 elucescat.
1241 2110 1405 2181 Atqui
1442 2109 1730 2178 vestigium
1758 2109 1878 2177 ejus
1908 2112 2084 2179 pudor

506 2210 592 2258 est
628 2219 641 2254 :
685 2218 815 2272 ergo
844 2212 897 2257 et
928 2203 1067 2272 ipsa,
1102 2218 1225 2273 quae
1262 2202 1526 2271 imprimit
1548 2200 1730 2253 animo
1768 2199 2083 2269 hujusmodi

508 2302 718 2359 notam,
766 2295 850 2349 vel
894 2295 1123 2363 ipsemet
1149 2293 1326 2363 pudor
1373 2292 1558 2355 fuerit,
1614 2290 1699 2344 vel
1737 2300 1884 2345 certe
1915 2307 2083 2346 causa

507 2382 752 2439 effectrix
774 2383 1021 2453 pudoris.
1044 2382 1245 2436 Verum
1271 2383 1383 2437 haec
1414 2385 1589 2439 obiter
1615 2395 1669 2440 et
1697 2383 1841 2438 aliud
1874 2381 2083 2451 agendo

514 2486 546 2525 a
588 2473 747 2527 nobis
802 2473 948 2526 dicta
983 2478 1132 2528 sunt.
1165 2471 1333 2527 Nobis
1378 2474 1522 2527 enim
1561 2476 1906 2544 potissimum
1955 2487 2084 2543 pro-

510 2562 749 2633 positum
781 2570 899 2617 erat
932 2576 1025 2629 per
1049 2562 1293 2633 ipsorum
1332 2561 1677 2617 Psalmorutn
1712 2562 1956 2631 exempla
1987 2560 2083 2615 de-

510 2659 839 2715 monstrare,
871 2652 1050 2722 qualis
1079 2651 1153 2705 sit
1181 2652 1361 2707 exitus
1387 2653 1511 2707 vitae
1535 2662 1644 2707 tam
1675 2653 1884 2715 virtuti,
1917 2666 2082 2721 quam

508 2745 658 2798 vitiis
684 2743 934 2797 addictas.
969 2744 1158 2812 Itaque
1180 2742 1236 2797 in
1266 2743 1524 2812 praedicto
1549 2746 1756 2814 psalmo
1780 2744 1940 2797 finem
1968 2744 2082 2795 vir-

508 2836 641 2891 tutis
677 2836 871 2890 statuit
908 2851 1097 2905 pacem
1146 2844 1203 2892 et
1240 2837 1689 2906 tranquillitatem
1716 2878 1731 2902 ,
1771 2842 1826 2890 et
1876 2833 2085 2889 unifor-

509 2940 653 2980 mem
687 2926 859 2987 illaut,
889 2933 943 2980 et
972 2926 1363 2994 impermistam
1398 2926 1464 2979 ad
1494 2928 1776 2997 passiones
1804 2926 2083 2994 animique

511 3016 951 3084 perturbationes
983 3017 1321 3071 affectionem
1345 3009 1395 3071 et
1419 3018 1855 3085 dispositionem,
1884 3034 2006 3087 quae
2027 3018 2083 3071 in

511 3118 608 3173 spe
645 3104 843 3157 divina:
872 3106 1270 3160 communionis
1307 3107 1683 3160 constituitur.
1732 3106 2082 3161 Contrarium

511 3209 643 3249 vero
691 3194 817 3249 huic
856 3202 1080 3259 statum,
1136 3195 1257 3265 ipso
1303 3197 1527 3250 silentio
1581 3197 1854 3265 patefecit.
1914 3196 2084 3252 Porro

514 3287 715 3355 sacpius
736 3286 792 3340 in
808 3285 1042 3340 Psalmis
1056 3287 1283 3340 clamat:
1308 3307 1326 3338 ε
1348 3287 1537 3356 lnjusti
1560 3288 1881 3355 interibunt,
1898 3303 2084 3343 semen

512 3376 802 3445 impiorum
856 3377 1056 3447 peribit
1076 3378 1146 3431 ’⁷.
1203 3375 1307 3444 Qui
1359 3377 1537 3446 diligit
1585 3378 1924 3447 iniquitatem
1972 3380 2087 3433 odit

494 3464 755 3522 “animam
803 3483 981 3532 suam,
1025 3468 1173 3540 pluet
1216 3485 1379 3539 super
1406 3478 1721 3538 peccatores
1756 3469 2078 3540 laqueos”,t

513 3567 568 3614 et
606 3561 709 3613 alia
750 3560 957 3613 infinita
1002 3559 1089 3617 bis
1116 3560 1334 3614 similia.
1371 3559 1467 3615 Est
1519 3569 1701 3616 autem
1740 3570 1889 3616 totus
1931 3561 2087 3616 Psal-

515 3665 727 3706 morum
759 3651 897 3706 liber
938 3650 1173 3706 refertus
1209 3652 1430 3706 virtutis
1471 3652 1745 3714 laudibus,
1801 3662 1855 3707 et
1884 3652 2088 3722 impro-

514 3743 708 3797 borum
727 3743 1168 3813 reprehensione,
1188 3752 1505 3814 spectatque
1519 3744 1869 3798 historiarum
1884 3744 2087 3799 mentio

512 3834 652 3890 duos
676 3835 946 3905 prmcipue
977 3835 1144 3901 lines;
1180 3834 1348 3889 efficit
1375 3835 1576 3905 quippe
1609 3843 1667 3889 ut
1712 3843 1765 3889 et
1795 3835 2086 3890 illustrium

510 3928 753 3982 virorum
794 3929 1046 3981 virtutem
1074 3928 1349 3984 zemuleris
1385 3934 1439 3982 et
1464 3928 1756 3995 suspicias,
1804 3927 2088 3997 fugiasque

514 4032 706 4073 eorum
735 4018 1157 4086 improbitatem,
1190 4018 1283 4087 qui
1314 4033 1435 4074 sese
1453 4017 1672 4087 ﬂagitiis
1699 4026 1841 4073 lotos
1867 4018 2089 4072 dedide-

517 4121 667 4162 runt.
703 4108 836 4161 Nam
869 4124 993 4162 cum
1024 4118 1074 4164 te
1098 4110 1165 4165 ad
1198 4110 1451 4164 virtutem
1472 4124 1570 4178 per
1590 4109 1836 4177 exempla
1862 4111 2085 4175 excitat,

516 4208 633 4252 tum
663 4198 770 4253 ait:
818 4217 836 4249 ι
857 4197 1069 4269 Moyses
1092 4209 1144 4254 et
1172 4201 1354 4252 Aaron
1386 4198 1439 4251 in
1464 4198 1840 4253 sacerdotibus
1868 4199 2008 4268 ejus,
2035 4209 2090 4254 et

520 4286 741 4341 Samuel
794 4287 938 4342 inter
983 4303 1099 4352 eos,
1137 4288 1231 4357 qui
1281 4288 1537 4342 invocant
1579 4304 1776 4342 nomen
1819 4289 1958 4358 ejus.
2000 4288 2088 4343 ln-

514 4379 785 4433 vocabant
823 4377 1132 4443 Dominum,
1168 4387 1223 4434 et
1253 4381 1370 4450 ipse
1390 4380 1717 4435 exaudiebat
1746 4396 1865 4435 eos.
1907 4381 1963 4435 In
2000 4398 2087 4437 co-

515 4472 699 4524 lumna
730 4471 892 4526 nubis
914 4471 1239 4541 loquebatur
1266 4472 1333 4526 ad
1349 4472 1521 4527 eos”.
1547 4491 1566 4523 ι
1586 4472 1657 4525 At
1673 4473 1892 4542 quando
1915 4475 2090 4529 oculis

2186 2011 2500 2084 μηνύονται,
2552 2010 2845 2063 ἀκόλουθον
2890 2010 3108 2072 πάντως
3147 2011 3243 2063 καὶ
3290 2010 3391 2078 τῆς
3431 2009 3634 2079 ἡδονῆς
3670 2010 3776 2078 τὴν

2184 2102 2345 2169 φύσιν
2389 2103 2447 2152 ὲν
2492 2099 2571 2169 τῷ
2602 2099 2976 2168 ὑπολειφθέντι
3007 2100 3175 2169 αὐτῆς
3209 2099 3346 2169 ἴχνει
3372 2098 3770 2168 γνωρίζεσθαι.

2196 2193 2354 2246 Ἀλλά
2387 2192 2493 2263 μὴν
2523 2191 2582 2244 τὸ
2611 2191 2753 2260 ίχνος
2799 2191 2969 2260 αὐτῆς
3001 2189 3229 2260 αἰσχύνη
3275 2189 3436 2241 ἐστίν.
3483 2191 3636 2259 Ἀρα
3674 2190 3776 2241 καὶ

2183 2285 2216 2354 η
2247 2283 2666 2353 ἐνσημηναμένη
2708 2284 2773 2352 τῇ
2807 2282 2952 2352 ψυχῇ
3003 2282 3094 2335 τὸν
3129 2282 3240 2352 (52)
3293 2281 3528 2335 τοιοῦτον
3557 2282 3769 2347 τύπον,

2184 2373 2216 2443 ἢ
2249 2374 2377 2425 αὐτὸ
2408 2374 2519 2443 (55)
2555 2374 2770 2435 πάντως
2816 2373 3042 2443 αἰσχύνη
3082 2374 3249 2434 ἐστὶν,
3293 2372 3325 2441 ἢ
3362 2371 3620 2443 ποιητικὴ
3667 2373 3775 2442 τῆς

2183 2464 2465 2534 αἰσχύνης.
2507 2464 2666 2516 Ἀλλά
2693 2463 2851 2517 τοῦτο
2898 2464 2998 2533 μὲν
3034 2466 3165 2535 ἡμῖν
3202 2466 3259 2517 ὲν
3304 2464 3602 2535 παρεξοδίῳ
3634 2481 3774 2535 προ-

2185 2556 2462 2627 εθεωρήθη
2493 2554 2570 2625 τῷ
2612 2556 2761 2625 τόπῳ
2789 2573 2803 2588 ·
2852 2555 3020 2620 δεῖξαι
3057 2557 3166 2626 γὰρ
3213 2555 3354 2610 κατά
3399 2557 3458 2609 τὺ
3484 2556 3773 2625 προηγού-

2188 2663 2344 2718 μενον
2392 2646 2497 2698 ἔδει
2542 2646 2629 2699 διὰ
2669 2647 2771 2715 τῆς
2808 2646 3157 2717 ψαλμῳδίας,
3212 2643 3323 2701 οἷον
3355 2647 3618 2718 ἑκατέρου
3658 2649 3772 2700 τῶν

2183 2739 2303 2791 κατ’
2340 2738 2542 2809 ἀρετήν
2588 2753 2648 2789 τε
2693 2737 2788 2789 καὶ
2831 2738 3027 2790 κακίαν
3072 2738 3510 2807 ἐπιτηδευμάτων
3546 2738 3679 2790 ἐστὶ
3712 2738 3774 2790 τὸ

2163 2830 2376 2902 ’πέρας.
2422 2829 2510 2881 Ἐν
2548 2827 2727 2881 τοίνυν
2763 2828 2840 2899 τῷ
2872 2830 3255 2900 προειρημένῳ
3298 2827 3411 2898 (54)
3445 2828 3675 2899 ψαλμῷ,
3712 2829 3775 2881 τὸ

2182 2923 2283 2992 τῆς
2320 2921 2521 2991 ἀρετῆς
2555 2919 2724 2973 είπὼν
2764 2921 2915 2982 τέλος
2963 2921 3187 2991 είρηνην
3233 2916 3371 2972 εἶναι
3413 2921 3505 2973 καὶ
3548 2920 3770 2983 ἄνεσιν,

2183 3018 2277 3069 καὶ
2303 3017 2401 3088 τὴν
2433 3016 2676 3087 μονοειδῆ
2712 3033 2770 3068 τε
2816 3016 2910 3068 καὶ
2952 3015 3306 3086 ἀνεπίμικτον
3339 3015 3473 3085 πρὸς
3509 3014 3573 3067 τὰ
3614 3015 3773 3083 πάθη

2183 3108 2521 3179 κατοίκησιν,
2539 3108 2640 3178 τὴν
2664 3108 2746 3160 ἐπ’
2774 3107 2948 3159 ἐλπίδι
2967 3107 3077 3178 (55)
3096 3107 3197 3176 τῆς
3211 3106 3302 3160 τοῦ
3320 3105 3452 3158 Θεοῦ
3472 3107 3775 3174 μετουσίας

2112 3238 2154 3294 C
2186 3199 2658 3271 κατορθουμένην,
2691 3199 2756 3252 τὸ
2777 3199 3148 3269 ἀντικείμενον
3166 3197 3340 3268 τούτῳ
3371 3197 3500 3267 (55⁸)
3525 3196 3777 3251 ἐνταῦθα

2192 3293 2291 3364 μὲν
2321 3293 2408 3346 διὰ
2442 3292 2543 3361 τῆς
2573 3292 2781 3361 σιωπῆς
2813 3292 3131 3357 ἐνεδείξατο.
3164 3290 3413 3360 Πολλαχῆ
3449 3289 3504 3342 δὲ
3548 3288 3642 3341 διὰ
3670 3291 3775 3359 τῆς

2184 3383 2505 3453 ψαλμῳδίας
2529 3383 2646 3453 βοᾷ,
2672 3381 2874 3448 λέγων’
2895 3400 2913 3433 ι
2946 3383 3008 3435 Οἱ
3030 3383 3087 3436 δὲ
3118 3383 3421 3453 παράνομοι
3447 3379 3770 3449 ὲξολοθρευ-

2187 3476 2462 3544 θήσονται,
2497 3476 2591 3528 καὶ
2638 3477 2857 3546 σπέρμα
2900 3473 3114 3527 ἀσεδῶν
3163 3471 3703 3542 ὲξολοθρευθήσεται.
3747 3489 3767 3523 ι

2186 3567 2315 3631 Καὶ,
2353 3586 2371 3618 ι
2413 3565 2474 3619 '0
2503 3544 2860 3636 ἀγαπῶνήτὴν
2885 3565 3100 3618 ἀδικίαν
3135 3567 3282 3636 μισεῖ
3311 3565 3408 3634 τὴν
3438 3544 3629 3615 ἑαυτοῦ
3662 3563 3773 3632 ψυ-

2187 3658 2308 3728 χήν·
2346 3656 2440 3710 καὶ
2480 3657 2756 3727 ἐπιϐρέξει
2791 3657 2883 3708 ἐπὶ
2911 3656 3267 3725 ἁμαρτωλοὺς
3301 3654 3550 3723 παγίδας,
3589 3673 3606 3705 ι
3667 3656 3768 3707 καὶ

2187 3750 2318 3803 ἄλλα
2354 3748 2521 3819 μυρία
2546 3749 2755 3811 τούτοις
2798 3749 3152 3818 ὁμοιότροπα.
3202 3747 3366 3816 Γέμει
3398 3747 3454 3799 δὲ
3482 3748 3632 3799 πᾶσα
3669 3747 3775 3816 τῆς

2168 3838 2506 3909 Ψαλμῳδίας
2534 3840 2567 3907 ἡ
2605 3838 2783 3907 βίϐλος
2804 3837 2912 3890 τῶν
2943 3853 3002 3889 τε
3032 3837 3131 3905 τῆς
3163 3837 3361 3905 ἀρετῆς
3387 3836 3642 3899 ἐπαίνων,
3676 3837 3775 3889 καὶ

2187 3927 2286 3996 τῆς
2305 3927 2636 3997 κατηγορίας
2657 3926 2764 3978 τῶν
2788 3928 2843 3978 ὲν
2867 3926 3033 3996 κακίᾳ
3059 3924 3293 3988 ζώντων.
3319 3926 3392 3978 Ἥ
3414 3943 3472 3978 τε
3492 3925 3595 3977 τῶν
3621 3926 3772 3978 ἰστο-

2191 4016 2323 4087 ριῶν
2358 4018 2549 4087 μνήμη
2581 4016 2718 4087 πρὸς
2745 4018 2871 4079 τοὺς
2898 4016 2992 4069 δύο
3016 4016 3249 4079 σκοποὺς
3284 4015 3637 4087 μεριζομένη,
3675 4015 3773 4086 ζη-

2192 4106 2371 4177 λωτὴν
2425 4107 2524 4176 μὲν
2567 4105 2716 4159 ποιεῖ
2754 4107 2855 4178 τὴν
2889 4107 3089 4178 ἀρετὴν
3118 4106 3224 4161 τῶν
3256 4107 3554 4176 εὐδοκίμων
3593 4124 3774 4177 προσ.

2190 4196 2355 4252 ώπων
2374 4214 2388 4229 ·
2425 4198 2663 4269 φευκτὴν
2693 4199 2748 4251 δὲ
2777 4198 2864 4252 διὰ
2895 4199 3003 4253 τῶν
3031 4198 3496 4268 κατεγνωσμένων
3544 4198 3642 4267 τὴν
3674 4216 3774 4252 πο-

2191 4290 2404 4358 νηρίαν.
2438 4289 2603 4341 Ὅταν
2633 4288 2730 4357 μὲν
2761 4289 2870 4359 γάρ
2903 4306 2962 4341 σε
2999 4290 3135 4360 πρὸς
3161 4289 3360 4361 ἀρετὴν
3390 4289 3649 4361 ἐπεγείρῃ
3695 4291 3774 4361 τῷ

2192 4380 2567 4450 ὑποδείγματι·
2615 4381 2789 4448 λέγει,
2847 4402 2867 4433 ‹
2896 4382 3135 4453 Μωῦσῆς
3171 4383 3265 4435 καὶ
3303 4381 3511 4453 Ἀαρὼν
3553 4383 3610 4433 ἐν
3654 4386 3774 4446 τοῖς

2196 4472 2427 4543 ἱερεῦσιν
2457 4472 2641 4536 αὐτοῦ,
2680 4475 2774 4527 καὶ
2811 4475 3066 4544 Σαμουὴλ
3097 4477 3155 4527 ὲν
3182 4476 3294 4537 τοῖς
3319 4474 3773 4544 ἐπικαλουμένοις

517 4562 892 4618 miserandum
928 4565 1154 4618 malitiae
1178 4564 1387 4618 exitum
1425 4564 1697 4633 subjicere
1727 4566 1949 4634 cogitat,
1978 4577 2083 4619 tum

2195 4565 2378 4617 αὐτόν.
2414 4564 2806 4618 Ἐπεκαλοῦντο
2836 4567 2927 4619 τὸν
2955 4566 3277 4639 Κύριον,καὶ
3298 4566 3459 4629 αὐτὸς
3484 4567 3774 4635 είσήκουεν

519 4661 790 4721 recenset,
819 4655 1080 4723 quidnam
1116 4655 1364 4724 perpessi
1398 4656 1528 4721 sint,
1562 4656 1656 4725 qui
1683 4672 1805 4711 sese
1831 4658 2092 4725 nequitiae

521 4745 735 4813 penitus
762 4755 1162 4801 consecrarunt
1187 4764 1201 4801 :
1230 4766 1248 4796 ι
1276 4746 1476 4816 Aperta
1510 4755 1595 4800 est
1622 4755 1789 4813 terra,
1822 4758 1877 4803 et
1901 4747 2093 4817 deglu-

520 4835 640 4889 tivit
684 4834 931 4901 Dathan,
999 4846 1053 4891 et
1102 4838 1320 4907 operuit
1384 4852 1552 4906 super
1608 4840 2090 4907 congregationem

518 4926 755 4993 Abiron;
781 4926 998 4981 flamma
1031 4929 1334 4984 combussit
1358 4936 1678 4999 peccatores
1698 4929 1738 4981 ί.
1761 4947 1778 4980 ι
1805 4929 1870 4981 Et
1897 4946 1910 4982 :
1940 4947 1959 4979 ι
1984 4928 2093 4982 Fac

518 5018 643 5074 illos
673 5020 816 5074 sicut
846 5019 1058 5074 Madian
1079 5028 1133 5074 et
1161 5019 1349 5075 Sisara
1370 5022 1443 5073 ³.»
1480 5019 1574 5074 Et:
1603 5038 1621 5069 ‹
1646 5019 1793 5074 Pone
1815 5019 2091 5089 principes

516 5126 705 5166 eorum
736 5113 879 5167 sicut
907 5110 1074 5180 Oreb,
1125 5121 1179 5167 et
1217 5111 1348 5176 Zeb,
1375 5119 1428 5167 et
1459 5110 1653 5175 Zebee,
1712 5120 1766 5165 et
1810 5111 2087 5172 Salmana,

518 5220 710 5263 omnes
741 5208 1018 5278 principes
1057 5223 1248 5263 eorum
1279 5208 1338 5271 ³;
1376 5226 1395 5259 ι
1447 5217 1500 5261 et
1528 5206 1581 5261 id
1628 5221 1803 5275 genus
1840 5205 1947 5258 alia
1980 5198 2097 5258 non

2193 4656 2391 4710 αὐτῶν.
2451 4656 2540 4711 Ἐν
2590 4657 2764 4728 στύλῳ
2813 4658 3041 4729 νεφέλης
3087 4657 3265 4711 ἐλάλει
3315 4657 3449 4727 πρὸς
3491 4656 3714 4719 αὐτούς.
3751 4676 3769 4707 ι

2196 4747 2367 4799 Ὅταν
2398 4747 2457 4801 δὲ
2487 4748 2547 4800 τὸ
2577 4750 2810 4821 πονηρὸν
2836 4750 2933 4818 τῆς
2970 4748 3168 4811 κακίας
3198 4748 3537 4801 ὑποδεικνύει
3571 4755 3773 4817 πέρας,

2191 4838 2261 4891 τά
2295 4837 2439 4909 πάθη
2487 4840 2596 4893 τῶν
2629 4842 2686 4895 ὲν
2727 4841 2960 4912 πονηρίᾳ
3006 4843 3465 4910 κατεγνωσμένων
3494 4839 3770 4902 διέξεισιν.

2201 4949 2220 4980 ι
2262 4931 2514 5001 Ἠνοίχθη
2558 4935 2589 5001 ἡ
2638 4935 2709 5003 γῆ
2740 4933 2835 4985 καὶ
2863 4932 3119 4985 κατέπιεν
3151 4933 3350 4998 Δαθὰν,
3381 4933 3471 4984 καὶ
3502 4931 3777 5000 ἐκάλυψεν

2200 5024 2293 5077 ἐπὶ
2362 5024 2460 5095 τὴν
2535 5025 2853 5096 συναγωγὴν
2925 5024 3201 5095 ’Λϐειρών.
3266 5025 3399 5092 eis:
3445 5024 3776 5093 κατέφλεξεν

2198 5115 2568 5185 ἁμαρτωλούς.
2598 5135 2615 5166 ι
2641 5118 2772 5180 Καὶ,
2802 5118 3060 5188 «Ποίησον
3091 5117 3287 5180 αὐτοὺς
3317 5117 3389 5180 ώς
3414 5119 3480 5188 τῇ
3509 5117 3618 5185 (56)
3646 5117 3777 5169 Μα-

2196 5207 2311 5263 διάν
2336 5210 2425 5262 καὶ
2442 5208 2518 5278 τῷ
2545 5208 2768 5279 Σισάρα.
2787 5227 2804 5259 ι
2834 5210 2962 5275 Καὶ,
2987 5208 3120 5261 «Θοῦ
3145 5210 3267 5271 τοὺς
3284 5209 3543 5280 ἄρχοντας
3568 5206 3775 5271 αὐτῶν,

590 5408 634 5439 ⁸⁷
662 5404 808 5461 Psal.
847 5420 1032 5471 xxxvi,
1062 5404 1152 5460 58.
1219 5403 1264 5435 ’⁸
1300 5400 1442 5458 Psal.
1464 5419 1520 5470 ι,
1557 5403 1633 5458 6.~
1676 5404 1721 5437 θ’
1753 5406 1898 5467 Psal.
1921 5420 2108 5471 xcvtu,
2131 5404 2183 5459 6.
2258 5407 2271 5436 ¹
2300 5404 2444 5460 Psal.
2471 5422 2555 5470 cv,
2589 5405 2657 5461 l7
2684 5421 2806 5477 sqq.
2873 5409 2892 5441 ²
2915 5406 3058 5463 Psal.
3091 5422 3299 5477 uxvu,
3329 5406 3415 5462 10.
3478 5405 3500 5437 ⁸
3526 5405 3659 5463 ibid.
3682 5406 3774 5462 19..

598 5584 706 5647 (51)
733 5586 969 5649 Τούτων,
1002 5588 1065 5641 ed
1077 5626 1092 5639 .

601 5651 711 5717 (52)
740 5655 841 5707 Τόν
872 5671 982 5708 om.
1014 5657 1103 5710 ed.

601 5718 710 5791 (.5133)
749 5723 924 5791 Αὐτῷ,
961 5726 1047 5778 ed.

602 5786 712 5859 (54)
748 5786 1164 5863 Προηγουμένῳ,
1202 5795 1289 5851 ed.

2280 5587 2393 5650 (55)
2428 5588 2666 5651 Ἐλπίδα,
2700 5588 2786 5643 ed.

2277 5656 2411 5721 (55')
2444 5658 2680 5721 Τούτων,
2700 5660 2786 5713 ed.

2277 5725 2387 5794 (56)
2425 5727 2593 5783 Τὸν...
2627 5730 2737 5796 τόν,
2757 5729 2845 5785 ed.
