3888 6364
161 351 276 406 449

1578 340 1648 394 ίΝ
1682 339 2022 396 PSALMOS.

3323 350 3430 404 1-50

156 465 246 529 ὡς
295 464 392 517 τὸν
438 461 625 534 Ὠρὴ6,
671 460 765 515 καὶ
791 458 921 531 Ζὴὸ,
958 459 1054 513 καὶ
1089 458 1273 521 Ζεόεέ,
1316 458 1410 511 καὶ
1441 458 1747 529 Σαλμανάν,

1856 473 2049 528 pauca.
2100 456 2471 511 Particulares
2527 472 2657 513 vero
2708 459 3122 517 cohortationes
3161 461 3230 517 ab
3268 463 3426 519 initio

166 557 387 619 πάντας
436 555 562 617 τοὺς
603 554 870 623 ἄρχοντας
918 550 1118 605 αὐτῶν.
1163 570 1182 602 ι
1244 552 1353 605 Καὶ
1397 551 1566 605 πολλὰ
1592 552 1755 622 ἕτερα

164 646 434 699 τοιαῦτα·
467 644 565 706 τάς
594 660 655 697 τε
688 642 918 714 μερικὰς
964 642 1268 712 συμϐουλάς
1302 642 1482 706 πάσας
1533 659 1613 694 σοι
1658 642 1757 713 βοᾷ

166 738 269 790 ἀπ’
310 736 489 806 ἀρχῆς
539 737 618 798 εἰς
663 734 817 797 τέλος
857 729 1221 804 ἠΨαλμῳδία
1256 776 1272 799 ,
1309 731 1371 786 ἐν
1397 733 1571 786 οὐδενὶ
1600 734 1755 803 μέρει

165 828 273 898 τὴν
302 827 440 897 πρὸς
461 826 522 879 τὸ
551 824 712 879 καλὸν
743 826 949 896 τροπὴν
978 823 1089 895 (57)
1115 824 1543 895 παραλείπουσα,
1575 826 1668 878 καὶ
1690 824 1754 878 δι’

166 914 250 973 ὧν
281 921 348 974 ἄν
377 935 462 981 τις
490 919 648 988 φύγοι
682 917 781 989 τὴν
830 918 1030 971 κακίαν
1054 932 1068 946 ο
1119 918 1297 971 πάντα
1345 919 1463 980 ταῖς
1507 916 1643 987 πρὸς
1695 916 1756 969 τὸ

167 1012 344 1067 καλὸν
378 1011 698 1080 ὁδηγούσαις
727 1009 1210 1081 συμπαρέζευκται
1248 1010 1518 1079 γνὼμαις.’
1553 1009 1616 1062 Ἡ
1648 1009 1755 1080 γάρ

168 1103 270 1159 τοῦ
303 1103 512 1173 ἀγαθοῦ
547 1104 759 1173 κτῆσις,
792 1104 934 1172 φυγὴ
966 1102 1060 1155 τοῦ
1091 1102 1328 1155 ἐναντίου
1354 1103 1448 1155 καὶ
1478 1101 1754 1171 ἀναίρεσις

171 1196 408 1263 γίνεται.
446 1193 721 1263 Παρέλκον
760 1192 803 1243 δ’
832 1192 898 1245 ἂν
933 1194 1017 1261 εἴη
1057 1192 1235 1244 πάντα
1263 1192 1436 1244 ταῦτα
1484 1192 1552 1243 δι’
1593 1192 1753 1261 ἀκρι-

172 1285 329 1349 ϐείας
364 1283 693 1346 ἐκτίθεσθαι,
730 1284 970 1354 φανερᾶς
1012 1282 1177 1355 οὔσης
1222 1286 1333 1347 τοῖς
1368 1285 1751 1353 ἐντυγχάνουσι

170 1379 243 1447 τῇ
278 1377 464 1448 γραφῇ
510 1374 682 1444 ταύτῃ
712 1374 811 1443 τῆς
842 1374 971 1445 περὶ
1007 1373 1073 1426 τά
1100 1373 1324 1428 τοιαῦτα
1374 1374 1610 1446 σπουδῆς
1657 1374 1751 1429 τοῦ

170 1466 356 1535 λόγου.

710 1558 1104 1656 ΚΕΦΑΛΑΙΙΟΝ
1142 1604 1221 1658 E'.

244 1735 525 1805 Τέτμηται
564 1734 617 1787 δέ
652 1732 889 1803 πενταχῆ
926 1733 1076 1785 πᾶσα
1121 1733 1153 1802 ή
1196 1731 1304 1785 τῶν
1335 1731 1567 1803 ψαλμῶν
1614 1750 1753 1805 πρα-

170 1827 430 1899 γματεία.
502 1827 612 1880 Καὶ
654 1823 736 1888 τίς
779 1826 926 1877 ἐστιν
973 1826 1031 1876 ἐν
1073 1826 1185 1887 τοῖς
1240 1827 1490 1895 τμήμασι
1545 1825 1753 1888 τούτοις

169 1918 397 1989 τεχνικὴ
421 1917 682 1987 διασκευὴ
712 1915 805 1967 καὶ
826 1914 1108 1987 διαίρεσις.
1144 1914 1208 1967 Ἦ
1230 1914 1285 1967 δὲ
1310 1916 1623 1987 περιγραφὴ
1645 1916 1751 1969 τῶν

168 2011 478 2082 τμημάτων
512 2007 720 2079 φανερὰ
752 2007 1001 2075 γίνεται,
1047 2006 1218 2071 θείαις
1268 2009 1379 2061 τισὶ
1425 2006 1752 2077 δοξολογίαις

167 2100 546 2173 ὁμοιοτρόπως
577 2098 1023 2169 ἐναπολήγουσα,
1073 2099 1139 2163 ἃς
1190 2098 1402 2162 ἔξεστιν
1454 2101 1750 2170 ἐπιγνῶναι

170 2193 315 2247 κατὰ
354 2192 455 2262 τὴν
504 2194 635 2263 παρ’
686 2190 841 2262 ήμῶν
882 2191 1341 2264 ὑποδεικνυμένην
1380 2192 1493 2264 (58)
1533 2193 1591 2245 ἐν
1634 2196 1752 2256 ταῖς

166 2285 513 2356 ψαλμῳδίαις
559 2284 843 2354 διαίρεσιν.
901 2282 1061 2336 Ἔστι
1106 2283 1161 2336 δὲ
1192 2283 1422 2336 ἑκάστου
1465 2285 1751 2356 τμήματος

168 2374 408 2447 ἀριθμὸς
436 2372 544 2426 τῶν
574 2371 902 2444 ψαλμῳδιῶν
931 2366 1083 2436 οὗτος
1102 2390 1119 2407 ·
1142 2370 1247 2425 To?)
1282 2370 1520 2443 πρώτου,
1552 2390 1750 2425 τεσσα-

166 2466 431 2539 ράκοντα.
477 2464 581 2516 Τοῦ
616 2465 897 2536 δευτέρου,
946 2458 1026 2528 εἷς
1073 2465 1166 2517 καὶ
1210 2465 1523 2535 τριάκοντα.
1581 2465 1750 2519 Ἑπτά

167 2557 266 2610 καὶ
297 2555 429 2610 δέκα
455 2556 512 2609 δὲ
547 2556 639 2608 τοῦ
668 2557 873 2628 τρίτου,
917 2557 1009 2608 καὶ
1052 2555 1143 2608 τοῦ
1190 2555 1450 2627 τετάρτου
1485 2556 1748 2624 τοσοῦτοι,

168 2646 264 2701 τοῦ
324 2648 382 2700 δὲ
454 2647 699 2719 πέμπτου
766 2648 926 2701 πέντε
987 2647 1099 2717 (59)
1162 2650 1257 2701 καὶ
1318 2650 1745 2718 τεσσαράκοντα.

171 2737 419 2792 ’Ἱσταται
445 2732 535 2790 οὖν
566 2736 626 2789 τὸ
654 2736 867 2807 πρῶτον
894 2738 1058 2807 μέρος
1084 2737 1176 2789 ἐπὶ
1198 2739 1289 2790 τὸν
1318 2738 1750 2810 τεσσαρακοστὸν

167 2833 236 2883 ἐκ
259 2828 354 2881 τοῦ
388 2827 626 2900 πρώτου,
652 2821 712 2880 οὗ
738 2828 910 2898 πέρας
938 2829 1085 2881 ἐστίν
1112 2846 1125 2857 ·
1173 2849 1190 2880 t
1224 2829 1524 2901 Εὐλογητὸς
1547 2828 1750 2900 Κύριος

165 2918 362 2983 δβεὸς
404 2916 619 2989 Ἰσραὴλ
659 2916 765 2970 ἀπὸ
803 2916 897 2968 τοῦ
944 2916 1138 2980 αἰῶνος
1180 2918 1275 2971 καὶ
1309 2921 1387 2981 εἰς
1425 2918 1514 2971 τὸν
1554 2918 1745 2985 αἰῶνα,

166 3011 397 3079 γένοιτο,
423 3009 648 3077 γένοιτο.
683 3028 700 3060 ›
749 3007 821 3061 Τὸ
842 3008 1111 3080 δεύτερον,
1131 3010 1223 3061 ἐπὶ
1240 3009 1330 3062 τὸν
1355 3008 1749 3080 ἑϐδομηκοστόν

162 3120 227 3155 τε
247 3102 343 3156 καὶ
366 3101 601 3173 πρῶτον,
638 3092 697 3153 οὗ
726 3101 787 3153 τὸ
824 3100 974 3163 τέλος
996 3100 1166 3164 οὕτως
1204 3101 1315 3171 ἔχει
1342 3118 1356 3132 ·
1405 3120 1422 3151 t
1445 3101 1749 3170 Εὐλογητὸς

164 3193 374 3265 Κύριος
411 3194 438 3246 ὀ
459 3192 591 3255 Θεὸς
625 3192 843 3263 Ἰσραὴλ
878 3194 905 3243 ὁ
940 3190 1111 3243 ποιῶν
1135 3190 1414 3260 θαυμάσια
1451 3190 1631 3260 μόνος,
1655 3189 1747 3243 καὶ

164 3285 463 3355 εὐλογητὸν
506 3286 565 3339 τὸ
602 3285 770 3356 ὄνομα
804 3286 902 3355 τῆς
939 3282 1098 3352 δόξης
1132 3283 1296 3336 αὐτοῦ
1329 3284 1408 3345 είς
1443 3282 1533 3335 τὸν
1555 3282 1745 3345 αἰῶνα,

164 3380 263 3434 καὶ
284 3380 363 3441 είς
384 3377 475 3431 τὸν
500 3379 671 3431 αἰῶνα
691 3377 783 3430 τοῦ
816 3375 1028 3438 αἰῶνος.
1066 3374 1177 3426 Καὶ
1208 3373 1626 3445 πληρωθήσεται
1649 3372 1748 3443 τῆς

162 3472 326 3541 δόξης
350 3468 511 3523 αὑτοῦ
539 3470 735 3538 πᾶσαὴ
760 3468 851 3539 γῆ,
874 3466 1104 3534 γένοιτο,
1127 3466 1354 3533 γένοιτο.
1389 3483 1407 3514 ι
1448 3464 1521 3516 Τὸ
1545 3464 1746 3534 τρίτον,

164 3561 261 3614 ἐπὶ
290 3560 380 3615 τὸν
402 3558 752 3630 ὀγδοηκοστόν
774 3573 832 3609 τε
865 3558 958 3610 καὶ
990 3556 1194 3624 ὄγδοον,
1229 3553 1526 3624 καταλήγει
1563 3553 1621 3605 δὲ
1654 3554 1746 3606 καὶ

162 3652 327 3706 τοῦτο
365 3653 444 3715 είς
486 3651 667 3721 ὅμοιον
711 3650 903 3718 πέρας.
950 3648 1104 3717 Ἔχει
1143 3646 1248 3717 γὰρ
1288 3645 1460 3707 οὕτως
1488 3657 1501 3672 ·
1536 3663 1554 3695 t
1584 3635 1749 3697 Εὗλο-

161 3746 334 3817 γητὸς
367 3744 570 3817 Κύριος
611 3744 691 3806 είς
728 3742 816 3795 τὸν
840 3741 1033 3805 αἰῶνα,
1057 3740 1285 3808 γένοιτο,
1307 3737 1537 3805 γένοιτο.
1570 3755 1590 3787 ι
1639 3734 1746 3789 Τοῦ

162 3836 225 3890 δὲ
264 3835 525 3905 τετάρτου
575 3835 860 3905 τμήματος
906 3833 1113 3901 πέρας,
1155 3833 1184 3883 ὁ
1223 3828 1514 3892 ἐκατοστὸς
1554 3845 1613 3881 τε
1653 3828 1747 3881 καὶ

165 3928 459 3998 πέμπτος,
507 3920 567 3979 οὗ
626 3925 688 3978 τὸ
729 3924 882 3988 τέλος
932 3928 1041 3987 τοῖς
1092 3924 1298 3985 λοιποῖς
1344 3919 1743 3991 παραπλήσιονο

168 4038 189 4071 ι
222 4019 531 4089 Εὐλογητὸς
561 4017 759 4088 Κύριος
790 4019 818 4069 ὁ
852 4016 983 4080 Θεὸς
1024 4014 1237 4086 Ἰσραὴλ
1269 4013 1377 4067 ἀπὸ
1408 4013 1501 4064 τοῦ
1529 4011 1745 4078 αἰῶνος,

160 4112 263 4167 καὶ
305 4112 412 4175 ἕως
458 4111 548 4164 τοῦ
599 4111 813 4176 αἰῶνος,
852 4109 945 4163 καὶ
992 4110 1105 4181 ἐρεῖ
1137 4109 1244 4170 πᾶς
1282 4108 1309 4159 ὁ
1339 4104 1485 4170 λαὸς,
1511 4102 1745 4170 Γένοιτο,

162 4206 398 4275 γένοιτο.
428 4224 447 4256 ι
506 4205 762 4275 Πέμπτον
810 4203 865 4255 δὲ
914 4202 1077 4273 μέρος
1124 4202 1270 4254 ἐστὶν
1308 4200 1415 4252 ἀπὸ
1444 4198 1635 4251 τούτου
1668 4200 1748 4261 είς

159 4298 226 4351 τὸ
256 4297 368 4366 (60)
415 4296 657 4367 ἔσχατον,
704 4287 764 4350 οὗ
803 4294 977 4367 πέρας
1000 4336 1014 4361 ,
1063 4313 1081 4346 ι
1116 4293 1276 4347 Πᾶσα
1303 4291 1440 4363 πνοὴ
1480 4291 1747 4345 αἰνεσάτω

158 4388 257 4442 τὸν
284 4386 505 4457 Κύριον.
556 4406 574 4437 ι

1860 548 1928 604 ad
1996 548 2154 603 linem
2209 565 2385 619 usque
2435 548 2753 608 Psalmodia
2808 551 2906 604 tibi
2947 553 3231 622 suggerit;
3276 555 3427 609 nulla

1859 646 2013 709 parte
2041 639 2465 694 admonitionem
2492 638 2559 692 ad
2596 639 2898 696 honestatis
2932 641 3146 697 laudem
3175 652 3228 698 et
3258 644 3430 702 decus

1858 732 2279 802 praetermittens
2309 749 2324 797 ;
2359 740 2419 784 ut
2443 738 2497 785 et
2526 731 2683 798 illud,
2724 749 2835 802 quo
2862 741 3023 802 pacto
3057 735 3267 790 malitia
3312 722 3427 791 evi-

1857 825 1960 877 tari
1990 830 2153 893 queat
2192 842 2204 877 :
2240 824 2422 879 omnia
2451 831 2601 879 certe
2637 826 2925 881 sententiis
2964 826 3028 879 ad
3078 827 3422 883 honestatem

1858 915 2244 971 inducentibus
2274 916 2436 985 plena
2470 923 2634 971 sunt:
2668 931 2796 969 nam
2851 918 3140 986 acquisitio
3178 919 3307 972 boni
3338 926 3424 972 est

1857 1010 2048 1078 utique
2092 1010 2355 1063 contrarii
2408 1008 2534 1079 fuga
2578 1017 2632 1064 et
2682 1010 3047 1078 interemptio.
3086 1010 3425 1081 Supervaca-

1856 1117 2016 1156 neum
2050 1109 2229 1156 autem
2264 1099 2428 1156 fuerit
2454 1101 2637 1155 omnia
2665 1100 2781 1155 hare
2805 1102 3114 1157 accuratius
3140 1103 3278 1156 velle
3304 1116 3427 1171 per—

1856 1193 2032 1262 sequi,
2064 1208 2187 1247 eum
2216 1192 2345 1257 illis,
2376 1192 2468 1262 qui
2499 1191 2844 1246 Psalmorum
2868 1194 3121 1248 volumen
3143 1194 3424 1257 evolvunt,

1857 1299 1951 1352 per
1978 1300 2037 1338 se
2059 1293 2246 1337 uotum
2277 1284 2347 1340 sit
2395 1283 2450 1337 id
2481 1284 2628 1353 quod
2659 1283 2750 1337 hic
2783 1284 3035 1340 oratione
3079 1285 3427 1340 accuratiore

1855 1373 2294 1445 patefaciendttm
2335 1384 2505 1429 esset.

2472 1596 2698 1652 CAPUT
2741 1595 2807 1652 ν.

1925 1734 1991 1787 At
2040 1737 2185 1789 enim
2233 1742 2343 1789 tota
2381 1734 2721 1789 Psalmorum
2774 1737 3029 1791 tractatio
3079 1736 3136 1791 in
3185 1739 3427 1809 quinque

1786 1808 1826 1863 Β
1855 1834 2037 1896 partes
2063 1826 2358 1879 distributa
2389 1834 2494 1887 est,
2519 1827 2941 1896 contineturque
2964 1829 3018 1881 in
3047 1828 3132 1883 his
3158 1808 3425 1885 sectioni-

1855 1915 1959 1971 bus
2005 1916 2302 1970 artiliciosa
2363 1916 2610 1985 quaedam
2660 1925 2938 1971 structura
3001 1928 3054 1973 et
3109 1918 3333 1984 divisio;
3370 1929 3427 1976 et

1853 2022 2017 2077 quam
2055 2008 2161 2061 late
2193 2015 2374 2076 pateat
2423 2008 2676 2077 quaelibet
2735 2010 2930 2075 sectio,
2981 2010 3203 2079 planum
3258 2012 3319 2066 ﬁt
3355 2028 3420 2068 ex

1852 2100 2055 2154 divinis
2090 2099 2417 2170 quibusdam
2456 2099 2632 2153 laudis
2665 2098 2867 2154 divinae
2919 2102 3424 2171 praedicationibus.

1852 2191 1906 2245 in
1931 2206 2067 2265 quas
2088 2191 2279 2245 eodem
2302 2191 2465 2245 modo
2488 2204 2680 2246 omnes
2705 2191 2962 2246 desinunt
2985 2210 2999 2246 :
3023 2208 3161 2262 quas
3184 2194 3427 2264 reperire

1852 2283 1980 2338 licet
2009 2284 2310 2339 secundum
2343 2284 2775 2339 demonstratam
2818 2300 2849 2338 a
2878 2285 3040 2340 nobis
3076 2284 3434 2341 Psalmorum-

1852 2375 2316 2431 distributionem.
2359 2375 2531 2443 Quem
2577 2390 2708 2430 vero
2738 2374 3079 2431 Psalmorum
3135 2393 3424 2432 numerum

1852 2469 2112 2538 quaelibet
2147 2469 2323 2524 sectio
2379 2469 2793 2539 complectatur,
2850 2468 2933 2524 sic
2980 2470 3168 2539 accipe
3202 2469 3423 2524 :Prima

1853 2560 2015 2614 habet
2044 2560 2438 2631 quadraginta;
2459 2561 2721 2623 secunda,
2752 2577 2921 2615 unum
2956 2576 3124 2631 supra
3154 2562 3377 2632 triginta
3405 2579 3421 2628 ;

1851 2653 2035 2714 tertia,
2101 2652 2544 2722 septemdecim;
2602 2660 2819 2721 quarta,
2874 2653 3143 2716 totidem;
3208 2653 3424 2721 quinta,

1854 2744 2218 2815 quadraginta
2266 2745 2530 2814 quinque.
2585 2743 2801 2798 Finitur
2850 2744 3017 2814 igitur
3068 2744 3240 2814 prima
3296 2759 3425 2813 pars

1849 2836 2062 2905 psalmo
2092 2837 2534 2905 quadragesimo,
2567 2835 2725 2904 cujus
2755 2835 2877 2891 linis
2903 2844 3008 2900 est,
3043 2855 3061 2887 t
3097 2836 3427 2893 Benedictus

1852 2926 2117 2983 Dominus
2166 2927 2312 2982 Deus
2370 2927 2559 2991 Israel,
2608 2943 2637 2981 a
2690 2929 2890 2982 szcculo
2919 2937 2973 2982 et
3021 2930 3076 2982 in
3118 2930 3424 2985 saeculum:

1852 3019 1969 3080 ﬁat,
2007 3020 2119 3072 fiat.
2165 3037 2182 3069 ι
2221 3020 2404 3072 Altera
2441 3033 2568 3088 pars
2604 3020 2934 3073 terminatur
2971 3023 3180 3090 psalmo
3209 3034 3428 3093 septua-

1851 3112 2059 3181 gesimo
2090 3112 2290 3179 primo,
2333 3110 2492 3178 cujus
2521 3111 2644 3164 linis
2673 3128 2686 3164 :
2727 3128 2746 3161 ‹
2799 3110 3129 3168 Benedictus
3162 3112 3425 3171 Dominus

1856 3201 1999 3257 Deus
2054 3201 2241 3265 Israel,
2280 3202 2370 3270 qui
2408 3200 2537 3255 facit
2571 3201 2841 3256 mirabilia
2873 3203 3046 3267 solus,
3079 3212 3131 3258 et
3168 3204 3427 3259 benedic-

1857 3301 1972 3347 tum
2027 3308 2228 3346 nomen
2290 3293 2595 3361 majestatis
2647 3294 2768 3361 ejus
2808 3293 2861 3347 in
2928 3296 3213 3359 smculum,
3266 3304 3320 3351 et
3369 3298 3424 3351 itt

1851 3384 2108 3451 sacculum
2164 3384 2388 3451 sxcculi;
2451 3391 2504 3437 et
2569 3384 2885 3452 implebitur
2959 3385 3243 3455 majestate
3303 3387 3425 3456 ejus

1850 3474 2033 3528 omnis
2062 3481 2207 3527 terra
2238 3492 2249 3527 :
2288 3472 2400 3536 ﬁat,
2437 3474 2549 3526 ﬁat.
2586 3492 2605 3524 ›
2648 3473 2830 3528 Tertia
2862 3490 2989 3543 pars
3016 3478 3425 3532 circumscribi-

1850 3570 1940 3615 tur
1975 3564 2187 3631 psalmo
2216 3564 2552 3631 octogesimo
2582 3572 2796 3626 octavo,
2827 3572 2881 3617 et
2923 3565 2978 3617 in
3013 3566 3243 3619 similem
3300 3583 3429 3621 sen-

1851 3654 2079 3707 tentiam
2149 3655 2300 3708 exit:
2363 3655 2443 3709 sic
2504 3655 2650 3708 enim
2719 3655 2927 3710 habet:
3000 3674 3019 3706 t
3103 3656 3427 3713 Benedictus

1849 3743 2115 3799 Dominus
2144 3746 2197 3797 in
2230 3753 2528 3809 aeternum;
2562 3744 2670 3810 ﬁat,
2702 3744 2813 3797 ﬁat.
2843 3764 2862 3795 ι
2902 3743 3120 3809 Quartae
3158 3751 3425 3803 sectionis

1850 3836 2119 3890 terminus
2154 3844 2237 3889 est
2268 3834 2606 3889 centesimus
2635 3843 2687 3889 et
2720 3836 2946 3904 quintus
2970 3837 3233 3905 psalmus,
3263 3840 3423 3908 cujus

1850 3926 1976 3981 ﬁnis
2010 3927 2239 3995 reliquis
2273 3936 2356 3981 est
2393 3926 2653 3983 assimilis
2685 3944 2698 3979 :
2738 3945 2756 3978 ι
2793 3925 3119 3984 Benedictus
3161 3928 3423 3987 Dominus

1850 4017 1994 4073 Deus
2024 4019 2187 4073 Israel
2218 4034 2247 4072 a
2281 4019 2500 4081 saeculo,
2537 4031 2589 4072 et
2623 4034 2795 4088 usque
2830 4020 2884 4073 in
2917 4006 3175 4074 saeculum
3205 4040 3219 4075 :
3253 4029 3307 4076 et
3341 4022 3427 4077 di-

1849 4118 1937 4165 cet
1984 4112 2163 4166 omnis
2213 4111 2467 4180 populus,
2494 4108 2632 4174 Fiat,
2682 4111 2793 4166 ﬁat.
2827 4131 2847 4164 ι
2884 4111 3082 4177 Quinta
3132 4129 3259 4183 pars
3300 4115 3427 4171 inde

1850 4217 2026 4271 usque
2087 4201 2152 4255 ad
2214 4203 2463 4256 ultimum
2519 4204 2787 4271 psalmum
2841 4205 3204 4273 protenditur,
3267 4207 3426 4278 cujus

1852 4291 1978 4348 linis
2011 4309 2025 4345 :
2064 4310 2083 4342 t
2125 4290 2316 4345 Omnis
2344 4290 2573 4360 spiritus
2602 4290 2784 4344 laudet
2816 4289 3128 4347 Dominum.
3166 4312 3187 4345 ι

233 4501 370 4555 Τίνα
409 4500 585 4554 τοίνυν
634 4500 731 4570 τὴν
774 4500 833 4553 ἐν
876 4497 1080 4560 τούτοις
1124 4494 1373 4567 τεχνικὴν
1420 4493 1574 4560 τάξιν
1608 4507 1740 4545 κατ-

1924 4493 2055 4560 Qum
2085 4492 2250 4563 igitur
2276 4492 2453 4547 subsit
2487 4491 2615 4547 huic
2642 4492 3133 4550 distributioniars
3168 4503 3221 4549 et
3259 4496 3420 4561 ratio,

156 4594 468 4663 ενοήσαμεν
490 4630 504 4655 ,
554 4591 743 4662 καιρὸς
777 4591 841 4644 ἂν
874 4592 958 4660 εἴη
988 4591 1054 4643 δι’
1086 4589 1279 4657 ὀλίγων
1314 4589 1507 4641 εἰπεῖν.
1554 4587 1640 4638 Ἐν
1663 4584 1740 4655 τῷ

160 4685 370 4757 πρώτῳ
416 4684 540 4746 τοὺς
585 4686 643 4736 ἐν
676 4682 843 4753 κακία
872 4681 1078 4746 ζῶντας
1120 4681 1303 4749 ἵστησι
1341 4679 1438 4750 μὲν
1471 4676 1570 4747 τῆς
1615 4676 1743 4729 ἀτό-

156 4795 265 4830 που
304 4777 513 4844 πλάνης
536 4793 549 4806 ·
599 4775 888 4844 ἐφέλκεται
920 4773 976 4825 δέ
1009 4774 1144 4843 πρὸς
1175 4773 1285 4841 (6i)
1320 4771 1419 4841 τὴν
1445 4769 1535 4823 τοῦ
1569 4768 1749 4839 κρείτ-

156 4888 317 4930 τονος
350 4869 589 4940 αἰρεσιν,
624 4869 699 4931 ὡς
740 4866 936 4938 μηκέτι
963 4868 1082 4928 ταῖς
1121 4864 1227 4917 τῶν
1248 4862 1477 4916 ’ἀσεϐῶν
1509 4861 1748 4923 ἀπάταις

156 4958 590 5028 ἐπιπορεύεσθαι
644 4956 795 5025 (62),
858 4954 993 5026 μηδὲ
1027 4957 1094 5025 τῇ
1153 4954 1364 5023 πονηρᾷ
1424 4950 1595 5022 τρίϐῳ
1646 4950 1746 5019 τῆς

158 5050 438 5122 ἁμαρτίας
488 5049 574 5102 διὰ
608 5048 803 5119 βάθους
846 5045 1175 5111 ἐνίστασθαι,
1215 5044 1349 5114 μηδὲ
1384 5041 1641 5112 ἀκίνητόν
1686 5056 1746 5092 τε

155 5144 257 5196 καὶ
307 5140 708 5212 καθιδρυμένην
748 5140 963 5201 ἑαυτοῖς
996 5135 1095 5206 τὴν
1144 5136 1343 5189 κακίαν
1374 5132 1741 5203 ἐπιτηδεύειν,

153 5233 301 5289 ἀλλὰ
337 5231 417 5302 τῷ
466 5231 594 5301 θείῳ
630 5228 992 5284 συνάπτεσθαι
1022 5228 1200 5299 νόμῳ,
1250 5225 1341 5279 διὰ
1376 5225 1607 5297 μελέτης
1641 5223 1741 5294 τὴν

153 5324 382 5394 ἀπλανῆ
425 5324 649 5395 πορείαν
696 5323 911 5385 ἑαυτοῖς
944 5318 1426 5391 κατορθώσαντας,
1459 5317 1535 5380 ὼς
1567 5315 1632 5370 ἂν
1662 5317 1748 5389 ἐρ-

156 5415 423 5490 ῥιζωθείη
450 5411 618 5484 φυτοῦ
641 5412 795 5484 δίκην
821 5412 1003 5476 αὐτοῖς
1027 5413 1061 5483 ἡ
1086 5410 1221 5483 πρὸς
1248 5409 1309 5463 τὸ
1338 5411 1582 5479 κρεῖττον
1610 5406 1750 5482 ἕξις,

232 5598 346 5667 (57)
380 5597 543 5651 Forte
568 5596 900 5667 προτροήν.

230 5666 346 5737 (58)
394 5666 903 5736 Ἀποδεικνυμένην,
937 5666 1023 5723 ed.

230 5739 345 5829 (59)
372 5738 542 5793 Πέντε
570 5752 681 5797 om.
710 5738 798 5793 ed.

1848 4592 2067 4654 tempus
2093 4600 2240 4639 nunc
2262 4584 2452 4655 exigit,
2482 4592 2541 4638 ut
2564 4586 2756 4654 paucis
2780 4585 3140 4641 declaramus.
3166 4586 3220 4640 ln
3246 4589 3423 4658 prima

1851 4682 2008 4745 parte
2055 4674 2278 4727 abducit
2324 4689 2420 4730 eos
2467 4675 2560 4744 qui
2612 4675 2859 4743 improbe
2901 4676 3110 4741 vivunt,
3162 4677 3424 4732 ah'inani

1850 4766 2199 4836 absurdaque
2235 4765 2469 4831 fallacia,
2520 4766 2793 4835 simulque
2835 4765 2901 4819 ad
2945 4768 3168 4821 meliora
3209 4776 3429 4824 sectan-

1846 4857 1916 4913 da
1982 4856 2197 4920 invitat,
2263 4865 2321 4910 ut
2376 4856 2454 4910 nil
2515 4857 2749 4926 amplius
2812 4857 3102 4926 impiorum
3157 4858 3428 4927 deceptio-

1845 4950 2012 5004 nibus
2040 4947 2326 5017 adjiciant,
2362 4963 2542 5018 neque
2575 4963 2782 5018 aspera
2811 4960 3162 5018 peccatorum
3190 4950 3291 5004 viae
3320 4949 3426 5003 im-

1845 5055 2038 5112 presso
2071 5040 2302 5110 vestigio
2335 5038 2568 5095 ﬁrmiter
2592 5040 2869 5105 insistant,
2898 5056 3078 5111 neque
3117 5041 3422 5106 immotam,

1844 5132 2367 5201 corroboratamque
2418 5134 2683 5187 malitiam
2733 5134 2835 5189 sibi
2896 5147 3088 5202 parere
3140 5132 3423 5199 studeant,

1848 5225 1945 5280 sed
1976 5233 2033 5279 ut
2058 5225 2232 5294 legem
2264 5222 2360 5278 Dei
2396 5226 2828 5294 apprehendant,
2856 5225 3254 5294 diligenterque
3277 5223 3421 5275 viam

1846 5316 2054 5371 erroris
2082 5322 2363 5386 expertem
2389 5316 2493 5371 sibi
2528 5318 2799 5381 muniant,
2835 5323 2897 5370 ut
2927 5314 3188 5368 habitudo
3220 5321 3273 5369 et
3304 5328 3428 5383 pro—

1846 5409 2039 5479 pensio
2091 5408 2159 5463 ad
2210 5408 2416 5463 bonum
2464 5408 2521 5463 in
2573 5410 2708 5480 ipsis
2743 5408 2943 5479 plantae
2992 5406 3171 5463 instar
3207 5405 3425 5462 radices

1922 5590 2035 5661 (60)
2058 5592 2181 5653 Τόν,
2210 5592 2297 5647 ed.

1922 5661 2031 5731 (6|)
2051 5663 2162 5715 Kal.
2191 5662 2304 5725 ἐπί,
2335 5661 2421 5716 ed.

1926 5730 2038 5803 (62)
2081 5731 2565 5804 Ἑπισωρεύεσθαι,
2592 5732 2679 5788 ed.
