3888 6362
543 356 646 416 ταδὶ

1779 352 1843 408 S.
1887 350 2216 408 GBEGORII
2258 350 2554 409 NYSSENI

3697 365 3803 421 ‘5‘!

547 476 705 543 agat;
743 483 973 527 accessu
1007 477 1061 525 et
1086 469 1336 541 ingressu
1362 469 1431 526 ad
1466 476 1699 535 rectum,
1729 470 1825 541 qui
1862 470 1999 526 nihil
2035 479 2110 527 esl

2222 475 2343 538 ταῖς
2395 471 2566 536 θείαις
2618 471 2984 538 διδασκαλίαις
3029 474 3370 548 ἐπαρδομένη
3411 474 3578 548 (62‘).
3612 478 3679 533 Ἥ
3706 476 3801 537 οὖν

534 562 693 620 νειίιιᾶ
737 578 903 634 quam
937 577 1188 618 recessus
1220 576 1251 616 a
1287 561 1587 626 contrario,
1634 576 1733 633 per
1758 576 1920 633 quem
1949 562 2118 619 elﬁci-

544 665 633 713 tur
668 656 793 727 quis
832 669 1013 710 rerum
1045 654 1488 725 praestandorum
1539 654 1833 725 particeps.

608 788 680 843 At
700 788 794 858 qui
816 787 931 858 jam
954 787 1215 844 virtutem
1240 787 1568 860 degustavit,
1603 789 1934 861 propriaque
1961 805 2120 861 expe-

540 880 737 936 rientia
768 880 901 935 boni
935 887 1190 936 naturam
1221 881 1444 950 didicit,
1485 883 1577 938 ille
1622 898 1732 938 non
1763 889 1847 939 est
1880 883 2116 954 amplius

541 974 615 1029 ita
642 980 1020 1043 comparatus,
1050 980 1107 1028 ut
1136 987 1367 1029 necesse
1395 973 1468 1028 sit
1499 987 1624 1029 eum
1656 974 1842 1028 multis
1862 972 2120 1028 cohorta-

540 1065 784 1121 tionibus
804 1065 873 1120 ab
893 1064 1271 1121 affectionibus
1292 1064 1452 1120 malis
1473 1064 1813 1130 abstrahere,
1833 1072 1888 1120 et
1910 1064 1977 1119 ad
2001 1064 2115 1118 vir—
2144 1114 2153 1127 ,

542 1163 710 1211 tutem
731 1156 995 1223 incitare;
1021 1155 1116 1212 sed
1144 1156 1262 1225 ipse
1291 1156 1382 1212 siti
1407 1154 1641 1226 quadam
1666 1156 1795 1212 boni
1819 1164 1873 1213 et
1896 1156 2115 1212 honesti

539 1248 695 1317 quasi
723 1256 940 1304 aestuat.
971 1246 1304 1317 Cupiditatis
1330 1247 1478 1303 enim
1502 1246 1903 1304 vehementiam
1931 1256 1987 1303 et
2007 1247 2117 1304 vio-

541 1341 764 1395 lentiam
791 1339 883 1395 siti
906 1346 1190 1409 comparat
1213 1338 1556 1395 Psalmorum
1590 1342 1843 1411 scriptor,
1879 1340 2115 1397 adducta

539 1427 982 1483 siticulosissima
1014 1442 1137 1496 quae
1168 1426 1224 1481 in
1271 1427 1643 1484 animantibus
1676 1437 1759 1484 est
1797 1437 2016 1494 natura,
2055 1438 2116 1484 ut

540 1518 776 1573 maxime
808 1518 969 1572 nobis
1007 1519 1079 1572 ob
1107 1518 1299 1572 oculos
1350 1527 1515 1587 ponat
1566 1520 1929 1575 intensionem
1963 1521 2114 1592 cupi-

538 1609 728 1665 ditatis
756 1625 851 1678 per
890 1608 1114 1674 animal,
1151 1606 1297 1678 quod
1326 1623 1490 1679 supra
1518 1609 1740 1667 modum
1772 1611 1864 1665 siti
1897 1612 2112 1666 crucia-

537 1707 630 1755 tur
670 1709 725 1756 et
759 1700 946 1767 ardet;
988 1700 1093 1756 hoc
1138 1708 1320 1754 autem
1356 1700 1561 1755 animal
1591 1714 1783 1758 cervus
1803 1709 1888 1757 est
1917 1701 1977 1757 δι
2022 1701 2112 1756 cui

538 1798 887 1856 consuetum,
917 1799 1311 1846 venenataruin
1337 1792 1639 1848 bestiarum
1664 1793 1849 1847 cibatu
1874 1793 2022 1848 vesci
2055 1800 2112 1849 et

538 1882 934 1953 pinguescere;
981 1881 1145 1936 calidi
1181 1896 1314 1937 vero
1339 1890 1392 1938 et
1433 1882 1586 1953 igniti
1634 1891 1765 1938 sunt
1794 1882 2111 1953 hujusmodi

539 1973 857 2028 animalium
893 1973 1080 2041 succi;
1122 1974 1322 2044 quibus
1368 1974 1737 2045 ingurgitatus
1784 1990 2005 2040 cervus,
2052 1975 2113 2031 (it

538 2065 851 2120 necessario
881 2064 1107 2131 aridior,
1142 2064 1334 2119 talium
1371 2066 1689 2120 animalium
1730 2081 1919 2130 succo,
1950 2067 2111 2136 quasi

532 2152 721 2208 toxico
742 2152 1009 2220 infectus;
1030 2161 1083 2207 et
1102 2153 1173 2208 ob
1190 2155 1243 2208 id
1260 2155 1636 2212 vehementius
1657 2159 1864 2227 appetit
1886 2172 2110 2227 aquam,

537 2251 597 2294 ut
623 2250 776 2297 curet
806 2251 1049 2297 exortam
1081 2259 1146 2297 ex
1173 2243 1509 2313 ejuscemodi
1538 2245 1737 2316 pabulo
1772 2245 2110 2305 ariditatem.

536 2332 642 2397 Qui
672 2332 838 2401 igitur
869 2334 924 2387 in
955 2334 1129 2402 prima
1158 2332 1500 2390 Psalmorum
1537 2343 1693 2405 parte
1736 2338 1905 2392 vitam
1935 2338 2112 2393 virtu-

537 2426 609 2478 tis
640 2423 944 2477 studiosam
976 2424 1275 2491 inchoavit,
1306 2433 1580 2496 gustuque
1601 2426 1941 2482 dulcedinem
1967 2429 2107 2499 ejus,

535 2514 682 2583 quod
715 2513 993 2569 desiderat
1028 2516 1323 2583 cognovit;
1382 2526 1435 2571 et
1472 2531 1689 2572 omnem
1720 2519 1881 2589 quasi
1919 2535 2113 2590 repen-

537 2606 671 2660 tium
715 2605 1072 2675 cupiditatum
1127 2607 1361 2675 speciem
1417 2607 1474 2661 in
1535 2608 1719 2678 seipso
1782 2610 2110 2680 absumpsit,

534 2694 1017 2765 teinperantiieque
1043 2695 1191 2749 velut
1214 2695 1498 2759 dentibus,
1530 2697 1651 2753 loco
1682 2699 1983 2768 reptilium,
2018 2700 2112 2754 im-

536 2786 849 2840 moderatas
875 2784 1239 2855 appetitiones
1273 2799 1404 2842 suas
1433 2786 1735 2852 devoravit,
1765 2788 1888 2858 plus
1919 2787 2036 2844 sitit
2057 2796 2111 2843 et

534 2877 740 2945 expetit
780 2875 875 2929 Dei
922 2876 1270 2945 praesentiam
1325 2883 1380 2931 et
1436 2878 1901 2942 communionem,
1944 2893 2108 2949 quam

536 2981 731 3021 cervus
776 2965 957 3020 fontes
993 2980 1263 3034 aquarum
1298 2966 1676 3036 concupiscat.
1712 2966 1948 3023 Tantum
1980 2984 2109 3039 por-

535 3072 599 3112 ro
632 3056 741 3120 ille,
782 3056 964 3137 quiin
995 3054 1197 3110 fontem
1228 3055 1423 3110 incidit
1457 3066 1581 3127 post
1616 3056 1896 3113 ardentem
1936 3059 2106 3125 sitim,

536 3162 691 3219 aquae
719 3147 920 3212 haurit,
949 3154 1212 3217 quantum
1238 3147 1512 3217 cupiditas
1543 3151 1686 3219 potis
1707 3157 1792 3204 est
1812 3151 2107 3205 attrahere.
2137 3182 2179 3241 α

532 3239 642 3306 Qui
668 3252 797 3294 vero
841 3238 986 3293 intra
1015 3252 1076 3292 se
1111 3238 1307 3308 recipit
1348 3238 1482 3294 illud
1516 3238 1663 3309 quod
1693 3240 2025 3310 concupivit,
2062 3240 2110 3297 is

535 3330 731 3401 plenus
757 3336 841 3384 est
868 3329 990 3399 ejus
1034 3329 1181 3400 quod
1210 3330 1432 3399 appetiit
1471 3345 1489 3385 :
1531 3345 1637 3385 non
1672 3331 1819 3385 enim
1858 3347 1923 3387 eo
1952 3330 2112 3388 modo

534 3436 646 3491 quo
696 3420 751 3475 in
786 3435 1080 3490 corporum
1120 3421 1440 3491 repletione,
1479 3421 1795 3477 exinanitur
1829 3422 2008 3478 denuo
2057 3424 2113 3478 id

536 3512 681 3583 quod
714 3513 882 3568 semel
924 3512 1197 3584 repletum
1227 3511 1439 3579 fuerat,
1471 3528 1649 3583 neque
1689 3514 1900 3571 otiosus
1933 3515 1987 3569 in
2023 3530 2112 3571 se-

534 3604 658 3674 ipso
689 3614 851 3674 potus
883 3603 975 3657 ille
1021 3613 1239 3669 manet;
1280 3604 1377 3659 sed
1422 3605 1644 3662 divinus
1692 3605 1839 3669 fons,
1883 3606 1939 3661 in
1982 3621 2113 3678 quo-

534 3711 750 3767 cunque
773 3694 1064 3761 exstiterit,
1120 3694 1190 3750 ad
1228 3710 1352 3751 sese
1392 3695 1537 3768 rapit
1579 3712 1704 3752 eum
1732 3698 1826 3768 qui
1870 3712 2115 3755 accesse-

532 3788 624 3857 rit,
656 3788 832 3860 deque
860 3802 961 3846 sua
989 3787 1043 3843 vi
1072 3793 1127 3843 et
1156 3786 1420 3843 facultate
1451 3788 1658 3860 aliquid
1687 3789 1969 3863 elargitur.

1148 3912 1380 3971 CAPUT
1418 3915 1510 3972 Vl.

606 4067 883 4127 Caeterum.
904 4068 1129 4140 propria
1171 4078 1254 4125 est
1278 4067 1594 4129 Divinitatis
1621 4078 1707 4132 vis
1739 4075 2110 4146 perspiciendi

530 4163 590 4212 et
615 4155 881 4212 efﬁciendi
920 4163 1120 4213 cuncta
1162 4172 1346 4213 rerum
1390 4175 1613 4232 genera.
1650 4162 1793 4235 Ergo
1835 4166 1929 4234 qui
1964 4166 2111 4222 intra

537 4261 597 4303 se
647 4246 839 4317 recipit
875 4247 981 4303 hoc
1029 4248 1176 4318 quod
1226 4248 1599 4318 desideravit,
1652 4252 1745 4309 ille
1796 4257 1963 4310 etiam
2007 4256 2109 4312 hac

536 4332 908 4405 perspiciendi
948 4336 1208 4394 facultate
1236 4340 1497 4408 donatur,
1527 4358 1822 4416 rerumque
1852 4354 2108 4400 naturam

530 4430 956 4500 contemplatur.
988 4430 1283 4501 Propterea
1306 4435 1521 4490 tertiam
1546 4426 1888 4493 Psalmorum
1915 4438 2109 4493 sectio-

2221 564 2433 637 πρώτη,
2459 565 2595 636 πρὸς
2617 565 2678 618 τὸ
2704 565 2907 634 ἀγαθὸν
2932 565 3154 632 εἴσοδος,
3173 568 3209 639 ἢ
3241 569 3351 623 τῶν
3372 570 3638 625 ἐναντίων
3657 573 3802 629 ἐστὶν

2219 656 2537 721 ἀπόστασις,
2562 654 2630 709 δι’
2656 651 2725 726 ἧς
2754 655 2962 723 γίνεται
2984 657 3019 728 η
3051 656 3251 728 μετοχὴ
3270 657 3365 711 τοῦ
3392 658 3687 729 βελτίονος.

2301 792 2363 848 '0
2411 792 2468 847 δέ
2499 792 2833 863 γευσάμενος
2888 792 2989 863 ἤδη
3047 793 3148 862 τῆς
3190 792 3410 865 ἀρετῆς,
3449 794 3546 848 καὶ
3571 796 3643 865 τῇ
3679 796 3799 849 καθ’

2218 883 2409 938 ἐαυτὸν
2450 883 2618 953 πείρᾳ.
2664 882 2759 937 τοῦ
2802 882 3007 951 ἀγαθοῦ
3066 883 3165 954 τὴν
3212 884 3375 953 φύσιν
3433 886 3800 955 κατανοήσας.

2216 976 2400 1031 οὐκέτι
2429 974 2669 1039 τοιοῦτός
2703 975 2852 1028 ἐστιν
2876 1014 2892 1039 ,
2939 974 3015 1037 ώς
3049 973 3263 1046 ἀνάγκῃ
3306 974 3412 1028 τινὶ
3463 975 3563 1027 καὶ
3611 974 3797 1027 νουθε-

2221 1067 2315 1138 σίᾳ
2364 1066 2463 1137 τῆς
2519 1065 2658 1137 πρὸς
2719 1065 2820 1137 τὴν
2889 1065 3088 1120 κακίαν
3137 1065 3512 1136 προσπαθείας
3565 1066 3801 1136 ἀφέλκε-

2219 1158 2381 1223 σθαι,
2416 1160 2513 1212 καὶ
2550 1157 2687 1229 πρὸς
2730 1157 2829 1224 τὴν
2860 1156 3064 1227 ἀρετὴν
3095 1156 3329 1226 βλέπειν,
3364 1156 3483 1210 ἀλλ’
3521 1156 3798 1227 ὑπερδιψᾷ

2218 1248 2314 1303 τοῦ
2357 1249 2644 1320 βελτίονος.
2685 1247 2761 1301 Τὸ
2795 1246 2904 1318 γὰρ
2933 1246 3158 1316 ἀσχετόν
3208 1263 3267 1299 τε
3310 1247 3404 1301 καὶ
3440 1247 3673 1319 σφοδρὸν
3700 1249 3799 1319 τῆς

2216 1338 2512 1408 ἐπιθυμίας
2557 1340 2623 1408 τῇ
2656 1335 2779 1407 δίψῃ
2811 1333 3157 1406 προσεικάζει
3185 1334 3214 1386 ό
3239 1332 3413 1401 λόγος,
3456 1333 3800 1404 ἐπιζητήσας

2211 1431 2311 1502 τὴν
2358 1429 2760 1500 διψωδεστάτην
2793 1429 2852 1483 ἐν
2884 1430 2995 1490 τοῖς
3047 1424 3205 1491 ζώοις
3246 1425 3435 1495 φύσιν,
3478 1426 3557 1489 ὡς
3592 1424 3661 1479 ἂν
3695 1424 3801 1496 μά-

2216 1522 2375 1575 λιστα
2405 1522 2467 1574 τὸ
2496 1519 2883 1589 ἐπιτεταμένον
2909 1518 3008 1588 τῆς
3045 1517 3339 1587 ἐπιθυμίας
3377 1516 3466 1571 διὰ
3494 1517 3591 1569 τοῦ
3629 1517 3801 1587 ὕπερ-

2214 1606 2516 1670 6αλλόντως
2537 1607 2595 1659 ἐν
2618 1608 2684 1676 τῇ
2697 1604 2825 1679 δίψῃ
2841 1604 3121 1675 γινομένου
3140 1602 3278 1669 ζώου
3304 1604 3413 1675 (63)
3436 1603 3796 1675 ἐπιδειχθεξη.

2213 1695 2385 1749 Τοῦτο
2408 1696 2465 1749 δέ
2484 1695 2543 1749 τὸ
2573 1695 2712 1760 ζῶον
2733 1695 2928 1765 ἐλαφον
2955 1694 3123 1764 λέγει,
3144 1687 3189 1762 ᾧ
3212 1694 3371 1763 φύσις
3392 1694 3510 1746 ἐστὶ
3532 1696 3597 1764 τῇ
3623 1694 3795 1764 ἐδωδῇ

2213 1788 2324 1843 τῶν
2371 1787 2590 1843 ἰοϐόλων
2625 1787 2830 1859 θηρίων
2857 1785 3192 1841 πιαίνεσθαι.
3218 1785 3423 1857 Θερμοὶ
3448 1785 3510 1839 δέ
3551 1786 3649 1838 καὶ
3674 1785 3797 1837 δια-

2214 1880 2367 1942 καεῖς
2404 1878 2453 1932 οί
2481 1878 2645 1949 χυμοὶ
2667 1876 2774 1932 τῶν
2799 1875 3025 1948 θηρίων,
3050 1869 3128 1930 ὧν
3147 1872 3469 1947 ἐμφαγοῦσα
3505 1874 3540 1945 ἡ
3570 1874 3796 1944 ἔλαφος,

2214 1970 2482 2040 ξηροτέρα
2522 1969 2731 2037 γίνεται
2779 1970 2901 2023 κατ’
2934 1966 3180 2037 ἀνάγκην
3218 1964 3673 2037 φαρμακευθεῖσα
3713 1965 3799 2036 τῷ

2211 2060 2320 2113 τῶν
2356 2060 2491 2131 (63‘)
2523 2058 2726 2131 θηρίων
2755 2058 2939 2131 χυμῷ.
2990 2058 3101 2112 Καὶ
3129 2057 3218 2111 διὰ
3248 2056 3405 2111 τοῦτο
3434 2056 3797 2128 σφοδρότερον

2213 2150 2473 2221 ἐπιθυμεῖ
2496 2150 2591 2204 τοῦ
2619 2150 2828 2216 ὓδατος,
2850 2149 2938 2204 ῖνα
2959 2148 3271 2221 θεραπεύσῃ
3299 2147 3394 2218 τὴν
3414 2150 3478 2202 ἐκ
3497 2147 3598 2218 τῆς
3619 2147 3800 2201 τοιαύ-

2211 2259 2311 2313 της
2345 2242 2601 2313 βρώσεως
2633 2241 2989 2313 ἐγγινομένην
3022 2241 3315 2311 ξηρότητα.
3361 2240 3422 2293 Ὀ
3449 2239 3630 2293 τοίνυν
3658 2255 3799 2311 προ-

2210 2334 2484 2397 τελεσθεὶς
2515 2333 2615 2405 τὴν
2644 2334 2700 2387 ἐν
2725 2335 2893 2404 ἀρετῇ
2918 2332 3063 2402 ζωὴν
3086 2334 3142 2385 ἐν
3173 2329 3252 2402 τῷ
3282 2328 3478 2401 πρώτῳ
3507 2329 3666 2401 μέρει
3694 2330 3799 2399 τῆς

2211 2424 2533 2496 ψαλμῳδίας
2555 2466 2569 2489 ,
2596 2425 2691 2479 καὶ
2721 2424 2782 2477 τὺ
2812 2423 2984 2493 γλυκὺ
3016 2422 3109 2476 τοῦ
3132 2421 3465 2493 ποθουμένου
3495 2423 3563 2492 τῇ
3599 2420 3795 2488 γεύσει

2213 2516 2516 2587 γνωρίσας,
2562 2517 2878 2587 δαπανήσας
2910 2515 2967 2569 δέ
2999 2516 3109 2569 πᾶν
3136 2513 3461 2585 ἐρπυστικδν
3493 2511 3797 2581 ἐπιθυμίας

2214 2605 2351 2672 εἶδος
2392 2609 2450 2661 ἐν
2483 2606 2663 2677 ἐαυτῷ
2687 2646 2703 2670 ,
2752 2607 2848 2660 καὶ
2900 2608 3015 2669 τοῖς
3056 2606 3155 2675 τῆς
3211 2603 3561 2675 σωφροσύνης
3601 2601 3794 2657 ὀδοῦσι

2210 2698 2488 2767 διαφαγὼν
2520 2699 2640 2752 ἀντὶ
2672 2697 2874 2767 θηρίων
2923 2696 2991 2750 τὰ
3034 2695 3180 2767 πάθη
3204 2713 3217 2729 '
3244 2696 3374 2766 διψᾷ
3399 2696 3497 2765 τῆς
3523 2693 3618 2746 τοῦ
3649 2692 3794 2747 Θεοῦ

2214 2790 2504 2861 μετουσίας
2550 2789 2731 2855 πλέον,
2762 2789 2796 2861 ἦ
2834 2788 2956 2842 καθ’
2986 2788 3111 2841 ὅσον
3137 2786 3295 2840 ποθεῖ
3323 2787 3423 2849 τὰς
3461 2787 3647 2857 πηγὰς
3681 2786 3795 2838 τῶν

2212 2880 2420 2934 ὑδάτων
2451 2882 2485 2951 ἡ
2520 2861 3006 2948 ἔλαφοςξἝπεται
3049 2877 3107 2931 δὲ
3134 2876 3212 2948 τῷ
3240 2877 3339 2947 τῆς
3380 2877 3558 2947 πηγῆς
3601 2877 3797 2929 ἐπιτυ-

2210 2971 2357 3042 χόντι
2398 2970 2536 3040 μετά
2562 2969 2659 3040 τὴν
2702 2966 3143 3039 ὑπερϐάλλουσαν
3175 2965 3333 3035 δίψαν
3365 2963 3615 3017 τοσοῦτον
3648 2965 3795 3017 σπᾶ-

2212 3078 2304 3115 σαι
2327 3061 2419 3116 τοῦ
2454 3060 2664 3123 ὓδατος,
2694 3060 2817 3113 ὅσον
2850 3060 2884 3131 ὴ
2911 3057 3177 3129 ἐπιθυμία
3202 3058 3324 3111 κατ’
3349 3055 3588 3123 ἐξουσίαν
3624 3056 3795 3125 ἐφέλ-

2213 3169 2387 3208 κεται.
2440 3151 2498 3206 '0
2542 3150 2598 3205 δέ
2639 3148 2820 3205 λαϐὼν
2849 3150 2906 3203 ἐν
2943 3148 3120 3220 ἐαυτῷ
3155 3147 3216 3201 τὸ
3246 3146 3577 3218 ποθούμενον
3641 3147 3791 3217 πλή-

2214 3261 2316 3318 ρης
2341 3243 2488 3297 ἐστὶν
2535 3234 2596 3295 οὗ
2626 3239 2912 3310 ἐπόθησεν.
2959 3238 3033 3292 Οὐ
3068 3241 3177 3309 γάρ
3220 3236 3346 3291 καθ’
3371 3234 3667 3308 ὁμοιότητα
3693 3236 3795 3306 τῆς

2211 3338 2268 3392 ἐν
2305 3336 2516 3407 σώματι
2539 3333 2856 3404 πλησμονῆς
2879 3329 3129 3384 κενοῦται
3169 3328 3331 3383 πάλιν
3363 3327 3423 3381 τδ
3452 3327 3668 3397 πλῆρες
3701 3342 3798 3397 γε·

2210 3430 2463 3500 νόμενονο
2511 3426 2630 3479 ούδέ
2660 3423 2826 3495 ἀργὸν
2862 3423 2921 3475 ἐν
2965 3419 3143 3490 ἐαυτῷ
3170 3419 3231 3473 τὸ
3272 3418 3436 3472 ποτὸν
3485 3417 3751 3485 διαμένει
3775 3433 3790 3448 ·

2210 3520 2325 3575 ἀλλ’
2355 3521 2389 3591 ή
2431 3516 2548 3572 θεία
2584 3514 2756 3588 πηγὴ,
2792 3516 2850 3568 ἐν
2882 3507 3036 3584 ᾧπερ
3079 3510 3146 3565 ἀν
3176 3509 3423 3581 γένηται,
3469 3507 3602 3579 πρὸς
3660 3508 3796 3559 ἐαυ-

2209 3610 2307 3682 τὴν
2334 3611 2618 3683 μεταποιεῖ
2638 3608 2729 3662 τὸν
2765 3606 3063 3677 ἁψάμενον,
3090 3603 3184 3659 καὶ
3216 3599 3656 3675 συμμεταδίδωσι
3693 3600 3795 3672 τῆς

2210 3702 2351 3766 ιδίας
2381 3700 2684 3772 δυνάμεως.

2729 3937 3129 3996 nmmum
3162 3935 3256 4004 ς’.

2292 4082 2449 4139 una:
2480 4079 2586 4153 μὴν
2621 4078 2749 4133 ῐδιόν
2785 4078 2905 4141 ἐστι,
2934 4073 3302 4147 τῆςΘεότητος
3321 4072 3355 4142 ἡ
3384 4067 3654 4142 ἐποπτικὴ
3676 4068 3788 4125 τῶν

2207 4171 2375 4229 ὄντων
2433 4168 2660 4241 δύναμίς
2704 4184 2765 4221 τε
2810 4164 2907 4221 καὶ
2949 4163 3217 4232 ἐνέργεια.
3265 4158 3473 4213 Οὐκοῦν
3511 4159 3541 4211 ὁ
3581 4159 3645 4210 ἐν
3692 4160 3789 4212 αὑ-

2206 4262 2285 4335 τῷ
2313 4262 2424 4335 (64)
2453 4261 2612 4331 ἔχων,
2654 4258 2790 4328 ὅπερ
2833 4253 3088 4325 ἐπόθησε,
3142 4252 3235 4306 καὶ
3278 4250 3441 4315 αὐτὸς
3488 4249 3788 4313 ἐποπτικὰς

2207 4357 2436 4427 γίνεται,
2473 4354 2566 4407 καὶ
2602 4350 2703 4423 τὴν
2733 4348 2845 4402 τῶν
2880 4346 3047 4401 ὄντων
3072 4345 3441 4399 διασκοπεῖται
3472 4340 3654 4411 φύσιν.
3688 4342 3788 4395 Διά

2207 4446 2362 4504 τοῦτο
2398 4445 2492 4500 τοῦ
2538 4443 2721 4516 τρίτου
2763 4440 3051 4511 τμήματος
3096 4436 3196 4506 τῆς
3235 4432 3550 4506 ψαλμφδίας
3575 4431 3789 4503 ταύτην

530 4536 656 4575 nem
685 4522 755 4577 ab
795 4521 901 4577 hoc
930 4524 1198 4595 principio
1228 4525 1548 4597 auspicatus
1580 4536 1687 4593 est,
1735 4544 1842 4600 qua
1886 4528 2110 4599 potissi-

2215 4541 2503 4611 πεποίηται
2526 4536 2625 4607 τὴν
2653 4533 2845 4606 ἀρχὴν,
2879 4533 2938 4584 ἐν
2966 4523 3011 4599 ᾧ
3037 4528 3197 4583 τοῦτο
3225 4526 3456 4598 μάλιστα
3480 4523 3789 4590 διεξετάζει

532 4626 683 4666 mum
732 4612 981 4683 inquirit,
1021 4616 1298 4685 quomodo
1344 4617 1559 4688 justitia
1591 4619 1765 4677 divini
1815 4621 2012 4693 judicii
2051 4620 2107 4675 in

534 4701 902 4772 inaequalitate
965 4706 1129 4776 hujus
1174 4710 1300 4764 vitae
1342 4719 1615 4780 servetur,
1663 4715 2106 4789 quandoquidem

535 4795 856 4864 plerumque
875 4812 983 4854 non
1009 4813 1108 4869 pro
1133 4802 1346 4859 meritis
1376 4818 1442 4860 ex
1471 4804 1737 4876 dignitate
1762 4809 2107 4883 singulorum

534 4884 766 4942 felicitas
798 4887 855 4942 in
884 4888 986 4944 hac
1011 4890 1123 4946 vita
1149 4892 1464 4951 hominibus
1492 4897 1760 4969 obtingit;
1794 4916 1941 4973 saepe
1961 4904 2108 4959 enim

534 4976 588 5031 in
627 4976 817 5033 eodem
865 4979 976 5035 duo
1015 4989 1256 5039 extrema
1287 5000 1515 5043 cernere
1553 4988 1702 5056 licet,
1751 4991 1829 5046 ita
1868 5000 1927 5047 ut
1954 4992 2103 5049 idem

531 5067 603 5123 sit
627 5078 682 5125 et
716 5070 768 5126 in
801 5072 1030 5140 malitia,
1061 5083 1117 5129 et
1150 5076 1207 5130 in
1254 5079 1481 5147 perenni
1512 5095 1695 5136 rerum
1738 5084 2105 5155 prosperitate

530 5175 780 5220 summus
804 5182 818 5218 :
859 5181 1020 5238 quem
1048 5180 1174 5222 cum
1202 5168 1327 5238 quis
1349 5169 1573 5242 aspicit,
1606 5173 1863 5229 turbatur
1895 5176 2101 5242 animo,

529 5267 599 5307 ne
626 5251 769 5312 forte
790 5257 964 5330 magis
983 5274 1050 5314 ex
1073 5274 1135 5316 re
1156 5260 1409 5317 humanm
1436 5261 1773 5322 conditionis
1792 5266 1865 5323 sit
1895 5267 2102 5338 impro-

599 5451 782 5512 ‘Psal.
812 5471 926 5523 xu,
960 5456 1020 5511 ‘2.

601 5600 896 5679 (ὃῒλίζᾳϊς
925 5606 1106 5679 θείαις
1127 5607 1227 5661 διδ.
1265 5607 1463 5679 ἐπαρδ.
1504 5623 1617 5664 om.
1663 5610 1749 5666 ed.
1786 5610 1907 5668 Mox
1954 5611 2094 5668 idem

532 5668 887 5749 «3.33365?
908 5677 1026 5729 sine
1047 5668 1141 5749 οὖν
1166 5676 1378 5749 πρώτη.

605 5735 718 5809 (63)
747 5735 889 5795 Ζώου
918 5758 1025 5797 om.
1054 5748 1137 5801 ed.

2206 4637 2237 4690 ὁ
2282 4633 2473 4701 λόγος,
2522 4628 2639 4691 πῶς
2690 4626 2752 4678 τὸ
2781 4623 2987 4678 δίκαιον
3019 4621 3119 4691 τῆς
3150 4619 3303 4683 θείας
3349 4618 3582 4689 κρίσεως
3611 4616 3678 4669 ἐν
3720 4619 3789 4687 τῇ

2208 4721 2490 4795 ἀνωμαλίᾳ
2515 4718 2607 4774 τοῦ
2630 4717 2745 4790 βίου
2780 4712 3173 4783 διασωθήσεται
3194 4726 3210 4742 ⁸
3233 4712 3295 4764 ού
3328 4708 3472 4764 κατά
3495 4708 3591 4779 τὴν
3622 4708 3788 4774 ἀξίαν

2206 4816 2316 4871 τῶν
2334 4812 2706 4885 προαιρέσεων
2726 4806 2827 4877 τῆς
2846 4803 2987 4859 κατά
3010 4802 3101 4859 τδν
3129 4802 3240 4874 βίον
3255 4800 3444 4856 τοῦτον
3465 4799 3631 4869 εύκλη
3640 4799 3790 4869 ρίας,

2206 4907 2282 4971 ὡς
2307 4906 2376 4960 τά
2406 4901 2595 4969 πολλὰ,
2625 4902 2739 4965 τοῖς
2770 4895 3078 4969 ἀνθρώποις
3099 4892 3479 4963 ἐγγινομένης.
3514 4888 3789 4954 Πολλάκις

2210 4997 2319 5068 γὰρ
2338 4995 2467 5069 περὶ
2492 4992 2583 5047 τὸν
2613 4990 2774 5046 αὐτὸν
2803 4987 2914 5061 (65)
2942 4985 3042 5051 τὰς
3067 4983 3161 5039 δύο
3186 4982 3422 5038 κατιδεῖν
3441 4979 3586 5033 ἔστιν
3614 4979 3789 5069 ἀκρό-

2198 5068 2487 5159 ’τητας,τὺ
2518 5081 2743 5154 ἔσχατον
2763 5080 2820 5132 ἐν
2849 5076 3038 5148 κακίᾳ,
3076 5073 3170 5129 καὶ
3206 5073 3268 5127 τὸ
3291 5071 3431 5127 κατά
3454 5068 3552 5141 τὴν
3581 5068 3802 5141 εὐημε-

2214 5158 2334 5244 ρίαν
2356 5170 2674 5242 ἀκρότατον.
2696 5166 2843 5239 Πρὸς
2867 5165 2897 5220 ὃ
2922 5182 3006 5229 τις
3032 5162 3265 5252 βλέπων,
3294 5159 3511 5225 ὸκλάζει
3539 5160 3794 5252 πωςτὴν

2208 5264 2467 5331 διάνοιαν,
2507 5263 2716 5336 μήποτε
2755 5261 3002 5332 κρεῖττον
3028 5251 3065 5330 ᾖ
3096 5257 3163 5328 τῇ
3192 5253 3509 5325 ἀνθρωπίνῃ
3532 5251 3701 5321 φύσει
3738 5253 3810 5304 εὶ.

2268 5612 2403 5683 (65‘)
2428 5613 2663 5677 Τούτων,
2695 5613 2784 5668 ed.

2269 5685 2384 5747 (64)
2435 5683 2663 5747 Ἐαυτῷ,
2685 5684 2772 5738 ed.

2271 5736 2382 5822 (es)
2411 5752 2531 5804 Τῶν
2565 5736 2770 5821 aliis»,
2790 5752 2877 5809 ed.
