3888 6392
216 335 311 391 453

1585 337 1650 389 ΙΝ
1684 334 2014 396 PSALMOS.

3365 348 3471 403 451

216 454 382 526 χεῖρον
408 446 698 518 λεγόμενον
723 462 739 479 ο
771 445 947 502 καὶτὸ
970 447 1207 519 ἔμπαλιν
1232 449 1400 503 κακὸν
1439 451 1637 515 ἐκεῖνο,
1661 452 1689 506 ὂ
1717 454 1775 507 ὲν

1905 456 2065 523 bitas,
2101 471 2403 528 rursusque
2430 458 2634 516 malum
2667 467 2720 514 et
2748 460 2977 515 noxium
3008 459 3186 516 eidem
3214 476 3345 519 vere
3371 462 3462 534 sit,

214 546 274 616 τῇ
299 538 387 596 τοῦ
412 539 718 610 κρείττονος
750 538 1064 610 ἀριθμεῖται
1094 540 1275 613 μοίρᾳ.
1310 542 1373 594 Εἰ
1401 541 1508 611 γὰρ
1535 544 1777 597 ἐπαινεῖ-

214 650 295 688 ται
320 632 412 703 μὲν
438 632 470 702 ή
495 629 812 700 δικαιοσύνη
836 669 851 694 ,
878 629 1106 701 πράττει
1132 629 1190 683 δὲ
1222 632 1409 695 κακῶς
1439 634 1467 685 6
1498 632 1625 703 περὶ
1652 651 1781 685 ταυο

216 744 305 797 την
323 722 686 789 ἐσπουδακὼς,
717 722 1061 776 διαϐάλλεται
1087 723 1143 776 δὲ
1171 724 1204 795 ἡ
1226 724 1412 790 κακία,
1445 724 1538 777 καί
1564 725 1779 779 πάντων

216 818 313 869 τῶν
356 814 808 884 σπουδαζομένων
845 814 1091 886 διαρκεῖς
1139 815 1238 878 τὰς
1293 815 1624 879 ἀπολαύσεις
1665 819 1779 879 τοῖς

219 907 335 979 περὶ
360 907 526 977 αὐτὴν
553 906 914 959 ἐσπουδακόσι
942 906 1246 977 χαρίζεται,
1270 907 1388 970 πῶς
1418 903 1532 960 ἔστι
1563 906 1636 977 μὴ
1667 906 1778 977 (66)

219 996 599 1070 προτιμοτέραν
637 996 773 1067 πρὸς
811 996 927 1067 βίου
956 997 1166 1067 αἵρεσιν
1191 998 1399 1053 οἴεσθαι
1437 997 1537 1069 τὴν
1578 997 1779 1051 κακίαν

222 1092 309 1161 τῆς
331 1089 529 1161 ἀρετῆς
549 1132 564 1151 ,
593 1088 692 1159 τὴν
727 1090 1186 1161 κατεγνωσμένην
1215 1089 1316 1160 τῆς
1362 1086 1781 1160 ἐγκωμιαζομέ-

221 1195 335 1248 νης;
360 1181 386 1230 6
412 1179 589 1231 τοίνυν
615 1162 938 1249 ὑψηλὸςτὴν
960 1178 1216 1241 διάνοιαν,
1246 1178 1342 1231 καὶ
1376 1174 1487 1230 οἷον
1510 1178 1617 1231 ἀπό
1638 1193 1782 1241 τινος

219 1271 431 1333 σκοπιᾶς
472 1271 765 1341 ἐξεχούσης
807 1273 919 1334 τοῖς
963 1270 1300 1341 ἀφεστηκόσι
1356 1269 1453 1322 τὸν
1506 1268 1781 1339 ὀφθαλμὸν

217 1363 549 1426 ἐπεκτείνων,
582 1362 689 1415 ἴδεν
712 1364 768 1415 ὲν
791 1355 835 1430 ᾧ
860 1364 974 1415 ἐστι
1004 1362 1105 1432 τῆς
1140 1362 1338 1424 κακίας
1372 1360 1510 1433 πρὸς
1530 1359 1630 1432 τὴν
1651 1362 1781 1430 ἀρε-

215 1455 302 1526 τὴν
328 1455 386 1507 τὸ
412 1454 701 1524 διάφορον,
738 1456 818 1508 ὃτι
868 1455 935 1507 ἐκ
981 1454 1089 1507 τῶν
1132 1454 1411 1526 ἐσχάτων,
1452 1453 1552 1505 οὐκ
1585 1443 1649 1505 ἐκ
1674 1449 1782 1504 τῶν

216 1546 533 1617 παρόντωνή
556 1544 761 1598 τούτων
787 1545 996 1614 γίνεται
1025 1546 1224 1615 κρίσις.
1252 1544 1342 1615 Τῷ
1370 1544 1478 1617 γὰρ
1501 1541 1784 1613 ὲποπτικῷ

215 1653 266 1688 τε
288 1639 375 1689 καὶ
398 1635 691 1707 διορατικῷ
726 1637 825 1707 τῆς
858 1637 1036 1707 ψυχῆς
1063 1635 1346 1706 ὀφθαλμῷ,
1377 1636 1451 1698 ὡς
1476 1634 1649 1705 παρὸν
1679 1651 1781 1687 κα-

217 1729 485 1798 τανοήσας,
502 1727 563 1780 τὸ
589 1728 656 1781 δι’
678 1728 888 1791 ἐλπίδος
906 1730 1018 1792 τοῖς
1044 1726 1267 1796 ἀγαθοῖς
1291 1725 1668 1796 ἀποκείμενον,
1689 1725 1783 1778 καὶ

218 1818 488 1890 παρελθὼν
516 1822 582 1890 τῇ
618 1819 763 1890 ψυχῇ
796 1820 904 1873 πᾶν
934 1819 995 1871 τὸ
1026 1818 1374 1889 φαινόμενον,
1407 1817 1557 1880 ἐντός
1587 1833 1647 1868 τε
1677 1815 1782 1869 τῶν
1816 1806 1857 1861 Β

215 1910 467 1982 οὐρανίων
497 1910 707 1964 ἀδύτων
736 1910 1002 1980 παραδὺς,
1025 1908 1366 1963 καθάπτεται
1399 1908 1500 1979 τῆς
1528 1908 1785 1978 ἀκρισίας

217 2003 315 2057 τῶν
346 2001 738 2074 μικροπρεπῶς
760 2003 861 2073 τὴν
886 2000 981 2054 τοῦ
1022 1999 1190 2054 καλοῦ
1229 1999 1415 2070 κρίσιν
1452 2001 1567 2062 τοῖς
1589 1999 1751 2070 αίσθη
1769 2028 1785 2039 -

219 2097 374 2157 ἑικοῖς
397 2095 605 2165 μορίοις
632 2093 1052 2165 ἐπιτρεπόντων.
1086 2094 1161 2145 Δι’
1192 2085 1266 2145 ὧν
1297 2107 1483 2164 φησιν’
1527 2108 1546 2143 ί
1584 2091 1648 2144 Τί
1674 2091 1783 2161 γάρ

221 2202 301 2253 μοι
324 2184 556 2256 ὑπάρχει
583 2186 640 2237 ἐν
669 2184 746 2255 τῷ
767 2183 1002 2255 οὐρανῷ,
1034 2182 1128 2237 καὶ
1153 2183 1305 2254 ποιρά
1331 2182 1423 2235 σοῦ
1455 2182 1508 2235 τί
1541 2181 1785 2252 ἠθέλησα

219 2274 301 2327 ἐπὶ
342 2274 441 2344 τῆς
480 2272 625 2344 γῆς;
666 2291 684 2324 ι
738 2272 817 2342 τῷ
849 2272 997 2344 αὐτῷ
1044 2272 1216 2344 μορίῳ
1247 2272 1341 2325 τοῦ
1379 2272 1541 2342 λόγου
1578 2271 1638 2324 τὸ
1684 2270 1784 2340 μὲν

215 2366 448 2437 οὐράνιον
478 2364 871 2434 θαυμαστικῶς
897 2364 1218 2434 μεγαλύνων
1252 2382 1310 2418 τε
1339 2367 1433 2419 καὶ
1456 2363 1687 2434 ἐξαίρων
1708 2360 1785 2431 τῷ

215 2456 372 2527 λόγῳ,
415 2454 476 2510 τὸ
514 2455 574 2508 δὲ
620 2455 713 2508 ἐπὶ
748 2456 852 2525 γῆς
902 2458 1013 2518 τοῖς
1057 2457 1166 2508 τῶν
1201 2458 1443 2529 ἀνοήτων
1487 2455 1785 2524 ὀφθαλμοῖς

218 2548 638 2619 σπονδαζόμενον
682 2547 1172 2618 καταφρονητικῶς
1206 2565 1266 2600 τε
1324 2548 1420 2601 καὶ
1456 2543 1785 2608 σκωπτικῶς

217 2639 558 2705 ὲξευτελίζων
595 2656 654 2691 τε
684 2641 778 2692 καὶ
821 2639 1250 2710 μυσαττόμενος.
1289 2639 1377 2702 Ὠς
1405 2639 1559 2703 εἴτις
1593 2643 1702 2696 τῶν
1728 2644 1785 2695 ὲν

215 2733 412 2803 φυλακῇ
442 2730 747 2803 τεχθέντων
788 2731 930 2802 μέγα
956 2749 1009 2785 τι
1047 2731 1246 2803 κρίνων
1278 2732 1483 2800 ἀγαθὸν
1527 2730 1665 2788 εἶναι
1694 2735 1786 2788 τὸν

216 2820 383 2891 ζόφον,
401 2816 445 2891 ᾧ
468 2822 744 2895 ἐνετράφη
765 2840 823 2876 τε
854 2825 949 2878 καὶ
976 2822 1332 2895 συνηύξησεν,
1357 2821 1474 2878 εἶτα
1496 2826 1596 2896 τῆς
1625 2826 1788 2880 ὑπαί-

216 2916 337 2987 θρου
363 2917 586 2989 χάριτος
632 2915 920 2988 μετασχὼν
950 2915 1352 2985 καταγινώσκει
1378 2917 1480 2988 τῆς
1513 2918 1788 2990 προτέρας

215 3008 365 3063 αὐτοῦ
398 3010 658 3082 κρίσεως,
694 3008 890 3079 λέγων,
920 3002 1057 3061 Οίων
1099 3008 1388 3080 θεαμάτων
1415 3010 1567 3081 ἡλίου
1601 3028 1660 3063 τε
1693 3011 1788 3063 κα)⁹

217 3099 471 3170 ἀστέρων,
515 3101 614 3153 καὶ
656 3098 859 3163 παντὸς
883 3096 976 3152 τοῦ
1010 3099 1138 3169 περ)⁸
1174 3099 1264 3152 τὸν
1294 3100 1520 3171 οὐρανὸν
1554 3099 1787 3164 κάλλους

219 3188 496 3261 προετίθην
535 3189 649 3260 (67)
695 3188 789 3242 τὸν
839 3186 1061 3261 συνήθη¹
1089 3187 1252 3257 ζόφον
1291 3189 1359 3241 δι’
1405 3190 1661 3260 ἀπειρίαν
1692 3189 1785 3243 τοῦ

220 3281 535 3350 κρείττονος.
571 3275 644 3336 Ob
677 3281 839 3353 χάριν
875 3280 1385 3351 προκαταγινώσκει
1408 3281 1487 3352 τῷ
1514 3281 1658 3353 λόγῳ
1690 3281 1787 3352 τῆς

221 3372 335 3443 πρ).
354 3374 412 3427 τὸ
432 3374 598 3427 καλὸν
629 3373 906 3443 ἀκρισίας,
938 3371 1186 3444 κτηνώδη
1211 3371 1387 3441 λέγων
1411 3374 1601 3426 ἑαυτὸν
1625 3369 1786 3437 εἶναι,

219 3462 312 3526 ἓως
344 3464 399 3517 ἐν
447 3462 680 3526 ἐκείνοις
720 3463 781 3516 τὸ
810 3460 1012 3531 ἀγαθὸν
1057 3460 1223 3533 ἑώρα.
1268 3463 1423 3515 Ἐπεὶ
1463 3463 1520 3516 δὲ
1574 3464 1790 3532 ἐγένετο

222 3555 348 3625 μετά
372 3556 465 3609 τοῦ
493 3555 633 3609 Θεοῦ
656 3596 670 3621 ,
704 3555 835 3620 Θεὸς
872 3556 930 3610 δὲ
964 3557 993 3609 ὁ
1022 3555 1180 3623 λόγος
1200 3595 1214 3619 ,
1244 3555 1341 3609 καὶ
1370 3555 1508 3628 πρὸς
1535 3556 1595 3609 τὸ
1616 3556 1790 3623 δεξιὸν

218 3647 479 3721 ὡδηγήθη,
532 3648 731 3720 ὁδηγὸς
780 3649 838 3702 δὲ
886 3648 1097 3717 γίνεται
1143 3646 1292 3720 αὐτῷ
1342 3648 1514 3714 δεξιὸς
1560 3648 1648 3701 διά
1691 3650 1791 3720 τῆς

221 3736 401 3812 βουλῆς
434 3741 462 3792 6
491 3741 675 3809 λόγος,
704 3740 800 3795 καὶ
836 3740 942 3793 ἴδεν
968 3739 1067 3810 τὴν
1093 3740 1150 3793 ὲν
1189 3740 1357 3811 ἀρετῇ
1401 3740 1577 3807 δόξαν,
1614 3741 1682 3794 δι’
1722 3737 1791 3813 ἧς

217 3831 411 3898 γίνεται
436 3836 553 3897 τοῖς
580 3833 720 3902 πρὸς
750 3833 841 3886 τὸν
867 3832 1095 3904 οὐρανὸν
1125 3831 1413 3902 βλέπουσιν
1437 3834 1471 3905 ἡ
1499 3833 1788 3905 ἀνάληψις,

216 3921 326 3975 τότε
366 3924 571 3996 χρῆται
597 3926 716 3987 ταῖς
751 3927 955 3992 φωναῖς
991 3924 1249 3988 ἐκείναις,
1281 3916 1409 3995 ὧνὴ
1449 3925 1545 3996 μὲν
1569 3927 1626 3979 ὲν
1656 3925 1789 3980 θαύ-

222 4031 340 4083 ματι
384 4020 627 4070 ποιεῖται
677 4015 739 4068 τὸ
780 4018 838 4069 ὲν
865 4017 1123 4087 οὐρανοῖς
1162 4015 1274 4087 (68)
1310 4016 1545 4086 ἀγαθόν·
1575 4017 1609 4088 ἡ
1641 4016 1697 4069 δὲ
1729 4016 1791 4070 τὸ

218 4107 479 4162 οὐτιδανόν
518 4124 582 4161 τε
628 4106 724 4161 καὶ
755 4107 982 4186 μάταιον
1012 4109 1112 4180 τῆς
1153 4107 1511 4179 ἠπατημένης
1540 4108 1669 4178 περὶ
1699 4108 1791 4163 τὸν

221 4194 322 4265 βίον
343 4197 582 4266 σπουδῆς
609 4195 882 4251 διαπτύει.
912 4196 1065 4265 Ἔχει
1092 4196 1149 4248 δὲ
1183 4198 1332 4249 πᾶσα
1362 4197 1394 4268 ἡ
1429 4196 1573 4264 λέξις
1595 4196 1789 4261 οὕτως’

121 4365 125 4374 ⁷
227 4305 243 4338 ι
282 4289 594 4360 Κτηνώδης,
639 4308 659 4341 ι
709 4288 894 4359 φησὶν,
935 4307 953 4339 ‹
996 4288 1265 4360 ἐγενόμην
1297 4289 1450 4360 παρὰ
1484 4290 1588 4344 σοί.
1632 4310 1649 4341 ι
1680 4290 1793 4361 Τὴν

221 4379 399 4448 ἀλογον
428 4384 487 4435 ὲν
523 4383 639 4444 τοῖς
678 4379 939 4443 τοιούτοις
982 4380 1360 4450 διασημαίνων
1392 4380 1788 4451 προσπάθειαν.

1890 543 2036 611 quod
2056 559 2205 599 nunc
2226 545 2280 598 in
2312 560 2544 600 numero
2567 545 2697 601 boni
2723 556 3034 617 reputatur.
3066 547 3206 604 Nam
3230 550 3277 605 si
3302 551 3460 621 justi-

1887 633 1964 687 tia
2008 635 2288 701 laudatur,
2327 637 2376 692 is
2413 645 2598 692 autem
2634 638 2729 707 qui
2770 638 3049 707 justitiam
3093 640 3465 711 amplectitur,

1885 728 2088 783 misere
2104 724 2500 786 et'calamitose
2519 729 2675 798 vivit;
2697 732 2807 787 etsi
2838 732 3012 787 altera
3036 748 3102 788 ex
3125 742 3281 803 parte
3305 733 3466 787 mali-

1886 816 1964 871 tia
1991 818 2358 888 vituperatur,
2398 820 2678 891 simulque
2723 823 2980 878 omnibus
3028 823 3121 892 qui
3152 823 3465 879 sceleribus

1883 908 2152 980 implicati
2170 919 2319 979 sunt,
2338 913 2524 967 omnia
2541 914 2862 969 deliciarum
2885 929 3086 983 genera
3100 914 3316 969 abunde
3332 930 3465 983 sup-

1885 1009 2079 1070 petunt
2107 1017 2120 1054 :
2148 1003 2425 1074 quomodo
2451 1004 2566 1059 ﬁeri
2595 1013 2772 1075 potest
2800 1012 2860 1060 ut
2887 1006 3010 1074 quis
3030 1013 3182 1074 putet
3202 1005 3383 1073 potius
3407 1005 3461 1057 in

1884 1092 1989 1148 hac
2019 1094 2131 1147 vita
2161 1094 2468 1166 eligendam
2510 1097 2794 1162 virtutem,
2839 1111 3005 1167 quam
3036 1096 3325 1161 malitiam,
3361 1109 3461 1164 po-

1884 1182 2104 1253 tiusque
2140 1198 2282 1249 eam,
2331 1201 2455 1255 qua:
2503 1193 2586 1241 tot
2632 1186 2887 1242 laudibus
2919 1186 3244 1251 celebratur,
3294 1201 3459 1255 quam

1885 1286 2005 1326 eam
2041 1289 2165 1343 qua:
2198 1282 2279 1329 tot
2311 1277 2600 1347 vituperiis
2634 1276 2904 1331 adicitur?
2936 1275 3041 1342 Qui
3084 1277 3249 1347 igitur
3282 1284 3463 1330 mente

1885 1364 2103 1434 excelsa
2130 1377 2232 1429 est,
2266 1374 2320 1422 et
2359 1369 2510 1422 velut
2549 1367 2616 1421 ab
2648 1367 2752 1421 alta
2791 1366 3027 1437 quadam
3070 1366 3291 1436 specula
3329 1381 3457 1420 ocu-

1888 1457 1999 1509 lum
2033 1456 2087 1510 in
2115 1472 2203 1514 res
2232 1458 2462 1514 dissitas
2488 1458 2743 1523 intendit,
2768 1460 2815 1514 is
2848 1459 3018 1529 probe
3036 1458 3203 1523 videt,
3225 1472 3335 1527 quo
3360 1458 3464 1511 dis-

1886 1549 2118 1604 crimine
2160 1551 2354 1605 vitium
2389 1566 2419 1606 a
2459 1553 2665 1607 virtute
2706 1552 2901 1616 distet;
2930 1550 3060 1620 quia
3099 1549 3368 1618 judicium
3396 1548 3464 1603 de

1884 1640 1973 1695 his
2004 1655 2113 1695 non
2146 1657 2213 1695 ex
2243 1644 2629 1710 praesentibus,
2666 1643 2763 1698 sed
2795 1658 2860 1698 ex
2882 1641 3083 1697 futuris
3110 1640 3272 1705 facit;
3302 1640 3465 1695 oculo

1887 1732 2034 1786 enim
2066 1734 2265 1789 mentis
2290 1734 2358 1789 ad
2391 1734 2836 1806 perspiciendum
2864 1741 2918 1789 et
2947 1731 3341 1803 penetrandum
3372 1743 3466 1783 ac-

1888 1824 2253 1888 commodato,
2306 1833 2568 1897 tanquam
2619 1842 2862 1898 praesens
2912 1827 3160 1880 intuetur
3209 1823 3262 1878 id
3317 1823 3467 1899 quod

1886 1931 1985 1986 per
2039 1931 2190 1986 spem
2241 1916 2410 1987 justis
2475 1928 2560 1974 est
2625 1919 2971 1989 repositum,
3031 1926 3086 1972 et
3136 1915 3469 1987 cogitatione

1886 2005 2211 2072 praeteriens
2263 2021 2428 2063 omne
2474 2008 2619 2085 quod
2670 2008 2774 2062 sub
2820 2021 3045 2074 sensum
3091 2004 3259 2072 cadit,
3300 2011 3353 2059 et
3391 2003 3470 2057 in-

1886 2104 1970 2149 tra
2002 2097 2249 2152 coelestia
2286 2098 2448 2170 adyta
2487 2100 2788 2166 admissus,
2837 2098 3082 2153 stultitiae
3127 2104 3182 2151 et
3232 2094 3469 2150 vesania:

1887 2188 2012 2243 illos
2052 2190 2404 2254 condemnat,
2439 2192 2533 2261 qui
2571 2192 2788 2261 abjecto
2823 2191 3007 2245 animo
3041 2188 3308 2259 judicium
3342 2187 3470 2241 boni

1887 2279 2147 2349 potentiis
2169 2280 2236 2334 ad
2276 2280 2622 2335 sentiendum
2645 2282 2786 2351 aptis
2813 2275 3471 2345 conimittunt.'Quapro—

1887 2379 2009 2440 pter
2058 2386 2180 2425 cum
2228 2373 2361 2427 dicit
2406 2372 2619 2428 David:
2674 2393 2693 2424 ι
2727 2372 2870 2439 Quid
2919 2370 3065 2426 enim
3114 2368 3249 2423 mihi
3288 2376 3370 2422 est
3414 2368 3471 2422 in

1891 2462 2053 2527 cado,
2088 2468 2141 2516 et
2173 2477 2203 2514 a
2237 2471 2289 2517 te
2329 2463 2461 2533 quid
2500 2462 2648 2518 volui
2686 2478 2851 2532 super
2881 2470 3083 2516 terram
3112 2460 3193 2513 "'?
3231 2480 3249 2511 ι
3280 2459 3471 2515 eodem

1889 2553 2159 2607 orationis
2178 2560 2440 2608 contextu
2456 2555 2588 2609 illud
2615 2554 2761 2625 quod
2783 2554 3005 2610 cmleste
3025 2560 3130 2619 est,
3150 2552 3477 2607 mirabiliter

1888 2653 1942 2698 et
1967 2644 2231 2715 magnfice
2257 2645 2504 2711 extollit;
2538 2654 2591 2701 et
2616 2646 2761 2717 quod
2810 2645 2878 2699 ab
2902 2644 3274 2713 insipientium
3302 2641 3477 2696 oculis

1889 2737 2028 2789 tanti
2076 2735 2355 2806 penditur,
2385 2737 2545 2806 quasi
2588 2753 2686 2807 per
2717 2737 3039 2806 despectum
3071 2744 3124 2789 et
3175 2733 3474 2787 ludibrium

1889 2835 2173 2892 extenuat,
2217 2836 2271 2883 et
2306 2828 2360 2883 in
2395 2829 2582 2882 odium
2618 2827 2881 2882 adducit:
2934 2824 3394 2897 quemadmodum
3428 2823 3476 2881 si

1891 2919 2015 2989 quis
2042 2919 2097 2973 in
2123 2934 2345 2973 carcere
2374 2929 2557 2984 natus,
2601 2919 2859 2975 tenebras
2902 2918 3045 2983 illas,
3083 2917 3285 2988 quibus
3314 2917 3473 2971 innu-

1892 3012 2057 3065 tritus
2095 3019 2179 3066 est
2211 3018 2265 3064 et
2295 3013 2586 3077 educatus,
2618 3011 2807 3067 eximii
2838 3010 2966 3065 boni
3010 3010 3131 3064 loco
3163 3014 3473 3079 reputaret;

1893 3101 1985 3171 qui
2029 3100 2287 3169 deinceps
2326 3100 2552 3155 luminis
2586 3099 2718 3154 aerii
2755 3101 3032 3170 particeps
3076 3096 3293 3161 factus,
3339 3112 3478 3152 con-

1894 3193 2117 3248 demnat
2146 3193 2297 3262 prius
2331 3192 2462 3246 illud
2499 3207 2658 3248 suum
2688 3190 2980 3262 judicium,
3015 3198 3312 3259 narratquc
3342 3203 3482 3258 qua-

1895 3283 2039 3339 libus
2065 3280 2395 3352 spectaculis
2441 3281 2575 3336 solis
2600 3288 2655 3335 et
2691 3281 2975 3335 steilarum
2999 3321 3012 3344 ,
3042 3278 3331 3347 omnisque
3358 3278 3482 3347 pul-

1896 3374 2224 3430 chritudinis
2271 3388 2394 3443 quae
2448 3372 2501 3426 in
2538 3373 2679 3428 cmlo
2710 3371 3074 3442 conspicitur,
3122 3367 3479 3440 praeposuerit

1896 3464 2186 3534 caliginem
2237 3464 2325 3517 cui
2364 3470 2618 3518 assuetus
2660 3471 2814 3529 erat;
2869 3464 3016 3533 quod
3062 3464 3292 3519 meliora
3327 3465 3482 3535 igno-

1895 3564 2044 3611 raret
2076 3573 2089 3607 :
2125 3553 2334 3608 idcirco
2366 3554 2636 3626 improbat
2664 3562 2719 3608 et
2746 3554 2999 3623 repudiat
3030 3569 3190 3609 suum
3222 3554 3290 3609 de
3336 3555 3483 3609 bono

1896 3645 2681 3716 imperitumjudiciuw,seque
2709 3645 2894 3699 bestiae
2922 3646 3098 3700 instar
3125 3646 3332 3702 vixisse
3354 3662 3479 3717 pro-

1898 3736 2100 3804 ﬁtetur,
2124 3735 2368 3807 quandiu
2400 3736 2454 3788 in
2498 3736 2610 3790 illis
2644 3736 2850 3791 bonum
2885 3737 2991 3791 sibi
3034 3738 3223 3794 videre
3250 3728 3505 3794 videba-'

1895 3834 2009 3882 tur.
2040 3828 2109 3881 At
2136 3842 2260 3889 cum
2288 3824 2356 3881 ad
2384 3824 2555 3880 Deum
2587 3825 2860 3882 adductus
2886 3835 3001 3893 est,
3033 3826 3178 3883 Deus
3210 3843 3340 3883 vero
3392 3835 3480 3882 est

1897 3917 2074 3981 ratio;
2101 3922 2155 3971 et
2186 3917 2254 3971 ad
2331 3919 2610 3974 dexteram
2633 3922 2879 3989 pervenit
2900 3921 3039 3989 ;dux
3060 3930 3238 3976 autem
3261 3921 3483 3977 dextera

1897 4009 1947 4066 ei
1973 4009 2077 4065 fuit
2104 4010 2246 4066 ratio
2275 4025 2372 4081 per
2403 4010 2696 4065 consilium
2730 4021 2783 4065 et
2812 4011 3287 4076 deliberationem,
3319 4011 3485 4066 vidit-

1899 4118 2007 4175 que
2043 4104 2261 4159 virtutis
2293 4103 2548 4175 gloriam,
2583 4118 2691 4174 qua
2721 4104 2800 4158 illi
2835 4104 2927 4174 qui
2965 4106 3167 4160 etelum
3196 4111 3484 4176 spectant,

1900 4210 2118 4251 sursum
2145 4196 2483 4263 evehuntur;
2513 4202 2641 4249 tunc
2656 4196 2886 4252 vocibus
2905 4197 3015 4251 illis
3037 4197 3228 4261 utitur,
3253 4212 3485 4266 quarum

1902 4288 2073 4342 altera
2111 4287 2339 4354 bonum,
2362 4288 2508 4358 quod
2539 4288 2683 4344 inter
2708 4288 2959 4343 homines
2986 4289 3278 4358 reperitur,
3309 4287 3487 4343 extol-

1901 4380 1983 4445 lit,
2025 4386 2078 4433 et
2111 4385 2171 4432 ut
2215 4377 2602 4433 admirandum
2641 4380 2943 4450 praedicat;
2985 4380 3159 4432 altera
3193 4379 3488 4434 vanitatem

220 4468 341 4526 Εἶτα
368 4473 590 4543 ὲπάγευ
623 4493 642 4525 ι
666 4471 810 4541 Ἐγὼ
838 4472 895 4526 δὲ
920 4471 1007 4525 διὰ
1039 4472 1237 4534 παντὸς
1274 4470 1410 4542 μετά
1429 4471 1544 4525 σοῦ.
1577 4490 1596 4523 ›
1624 4472 1787 4525 Τοῦτο

1901 4479 1954 4526 et
1978 4472 2000 4524 i'
1999 4470 2286 4525 utilitatem
2305 4469 2515 4526 fallacis
2532 4472 2697 4527 studii
2715 4473 2771 4526 in
2793 4472 2894 4525 hac
2914 4471 3022 4524 vita
3043 4470 3347 4526 detestatur
3369 4488 3383 4537 ;
3409 4470 3492 4525 sic

220 4562 271 4616 δὲ
306 4565 472 4618 εἰπὼν
522 4566 620 4618 καὶ
675 4565 764 4617 τὸν
798 4564 998 4638 τρόπον
1048 4563 1149 4632 τῆς
1195 4564 1330 4635 πρὸς
1365 4562 1456 4616 τὸν
1497 4562 1628 4617 Θεὸν
1669 4580 1787 4617 συν-

1902 4571 2078 4615 autem
2103 4567 2215 4614 tota
2247 4561 2423 4615 oratio
2449 4562 2517 4615 ad
2541 4563 2768 4617 verbum
2798 4561 2960 4617 habet
2989 4580 3002 4616 :
3039 4579 3058 4612 ι
3092 4560 3158 4616 Ut
3179 4561 3490 4630 jumentum

222 4654 406 4721 αφείας
437 4653 822 4725 προστίθησιν.
855 4654 940 4716 Ὠς
972 4650 1037 4705 ἂν
1067 4653 1158 4705 καὶ
1184 4654 1344 4723 ἡμεῖς
1363 4653 1650 4724 μάθοιμεν,
1686 4652 1787 4718 πῶς

1892 4650 2072 4708 factus
2086 4667 2206 4707 sum
2227 4652 2370 4723 apud
2390 4653 2496 4708 te”.
2520 4669 2540 4702 ι
2564 4652 2663 4711 liis
2685 4654 3026 4711 aﬂ‘ectionem
3045 4653 3278 4710 rationis
3297 4669 3495 4725 exper-

221 4742 248 4793 6
277 4744 488 4815 πρῶτον
510 4742 795 4816 κτηνώδης
826 4744 963 4812 μετὰ
983 4744 1158 4797 ταῦτα
1180 4744 1257 4815 τῷ
1282 4743 1401 4815 Θεῷ
1431 4744 1761 4799 συνάπτεται
1783 4760 1799 4775 ⁸

228 4854 245 4886 ι
278 4838 616 4909 Ἐκράτησας
653 4856 672 4888 ι
716 4837 846 4907 γὰρ,
888 4837 1043 4908 φησι,
1091 4857 1109 4888 ι
1150 4837 1251 4908 τῆς
1286 4837 1467 4910 χειρὸς
1494 4840 1591 4910 τῆς
1622 4838 1802 4902 δεξιᾶς

224 4944 340 4996 μου.
374 4947 393 4981 ι
427 4928 568 4981 Θεοῦ
612 4927 901 4999 ἀντίληψιν
928 4927 1076 4996 λέγει
1098 4965 1115 4994 ,
1144 4926 1242 4998 τὴν
1274 4927 1411 4999 πρὸς
1435 4925 1502 4980 τά
1532 4926 1681 4994 δεξιά
1701 4927 1804 4999 τῆς

221 5015 449 5083 διανοίας
469 5018 672 5088 ὁρμήν.
707 5036 726 5069 ι
755 5018 864 5070 Καί¹
885 5019 942 5071 ὲν
963 5019 1028 5089 τῇ
1054 5013 1213 5088 βουλῇ
1238 5034 1330 5069 σου
1353 5016 1642 5088 ὡδήγησάς
1660 5034 1748 5089 με·
1781 5037 1801 5071 ι

223 5106 277 5157 οὐ
307 5106 416 5179 γάρ
448 5110 581 5162 ἄνευ
611 5106 762 5171 θείας
801 5106 998 5178 βουλῆς
1032 5106 1242 5175 γίνεται
1274 5106 1367 5159 ἐπὶ
1396 5105 1457 5159 τὸ
1488 5106 1648 5161 καλὸν
1676 5107 1803 5180 ὁδη-

225 5197 329 5263 γία.
367 5217 386 5251 ι
429 5201 544 5254 Καὶ
582 5199 719 5269 μετὰ
746 5198 907 5270 δόξης
936 5197 1274 5270 προσελάϐου
1297 5197 1623 5271 με.ιΚαλῶς
1654 5200 1805 5253 ἀντι-

225 5286 516 5345 διαστέλλει
563 5295 632 5361 τῇ
677 5292 909 5365 αἰσχύνῃ
951 5292 1047 5364 τὴν
1094 5290 1272 5356 δόξαν.
1342 5291 1501 5355 Ἠτις
1552 5291 1805 5365 καθάπερ

295 5468 508 5527 “Psal.
536 5487 707 5537 Lxxu,
742 5471 833 5529 ΞΒ.
910 5473 931 5505 ⁵
950 5469 1081 5528 ibid.
1106 5470 1175 5527 25
1198 5485 1321 5542 sqq.

301 5654 408 5725 (6m
433 5657 669 5725 Μήιοηι.
702 5656 787 5710 ed.

300 5726 407 5797 (67)
444 5725 749 5802 Προετίθει,
774 5726 862 5783 ed.

1902 4752 2010 4799 tem
2059 4742 2421 4801 demonstrat.
2457 4744 2624 4800 Addit
2686 4746 2884 4801 deinde
2916 4764 2930 4800 :
2972 4764 2990 4798 ι
3029 4745 3097 4800 Ει
3143 4760 3245 4817 ego
3281 4761 3497 4817 semper

1901 4842 2104 4893 tecum.
2145 4855 2164 4888 ι
2193 4834 2320 4891 Haec
2374 4836 2563 4895 dicens
2613 4838 2775 4893 etiam
2808 4837 3034 4893 modum
3083 4839 3498 4910 conjunctionis

1903 4944 2025 4984 cum
2055 4930 2165 4985 Deo
2200 4912 2411 5001 adjicit,
2438 4937 2500 4983 ut
2526 4936 2583 4987 et
2615 4944 2719 4986 nos
2750 4929 3054 4997 discamus,
3097 4930 3376 5002 quomodo
3399 4930 3496 5001 qui

1904 5020 2059 5092 prius
2088 5020 2264 5077 instar
2296 5021 2534 5093 jumenti
2567 5029 2716 5090 erat,
2759 5032 2954 5096 postea
2983 5039 3110 5081 cum
3140 5024 3251 5081 Deo
3292 5039 3498 5080 conso-

1906 5111 2104 5167 cietur.
2140 5129 2159 5161 ι
2211 5110 2499 5181 Tenuisti,
2530 5131 2549 5167 ι
2585 5114 2786 5186 inquit,
2847 5132 2866 5166 ι
2899 5114 3180 5171 dexteram
3225 5127 3425 5168 meam.
3469 5129 3492 5164 ι

1909 5201 2004 5259 Dei
2041 5202 2307 5260 auxilium
2343 5204 2522 5262 innuit
2568 5221 2664 5277 per
2694 5206 2895 5262 mentis
2922 5205 2991 5261 ad
3029 5205 3312 5260 dexteram
3343 5210 3499 5257 tranv

1910 5293 2189 5351 sitionem.
2240 5315 2259 5347 ι
2297 5293 2365 5350 Ει
2398 5296 2454 5351 in
2478 5298 2758 5355 voluntate
2784 5305 2876 5354 tua
2898 5294 3177 5354 deduxisti
3199 5309 3309 5353 me.
3341 5311 3363 5348 ι
3391 5290 3500 5350 Ne-

2002 5653 2115 5726 (68)
2146 5652 2500 5726 ’Δνθρώποις,
2539 5652 2628 5710 ed.
