3888 6360
414 345 518 401 ι55

1631 336 1691 391 S.
1740 333 2070 393 GREGOBII
2105 333 2404 392 NYSSENI

3557 326 3662 385 ιεςκ

413 474 525 532 que
543 456 687 514 enim
712 457 830 512 sine
857 456 1040 512 divina
1073 455 1352 510 voluntate
1391 454 1450 510 fit
1478 453 1546 509 ad
1573 463 1782 511 rectum
1807 465 1863 512 et
1891 457 1984 512 bo-

2104 458 2271 529 Ξχημά
2294 475 2347 511 τι
2379 456 2469 511 καὶ
2498 459 2694 528 πτερὸν
2728 455 2934 524 γίνεται
2962 451 3054 507 τοῦ
3080 451 3182 506 δπδ
3204 448 3302 520 τῆς
3321 444 3472 509 θείας
3493 431 3664 516 προσὲ

417 557 630 605 nestum
653 547 942 603 traductio.
996 563 1015 597 ε
1047 545 1112 600 Ει
1138 560 1262 600 cum
1289 545 1464 615 gloria
1486 546 1777 616 suscepisti
1814 562 1918 602 me.
1964 565 1984 598 ι

417 640 650 695 Pulchre
680 638 902 708 opponit
935 636 1130 708 pudori
1161 637 1427 708 gloriam;
1481 653 1603 708 quae
1637 637 1796 707 quasi
1835 636 1991 691 vehi-

415 733 599 786 culum
639 737 693 785 et
735 731 818 783 ala
857 730 1108 800 quaedam
1149 730 1227 784 illi
1258 738 1362 794 est,
1397 731 1491 801 qui
1535 746 1566 784 a
1607 730 1789 784 divina
1820 742 1986 781 manu

415 821 714 877 assumitur
751 831 804 874 et
845 821 1084 876 ducitur.
1141 821 1236 875 llis
1290 823 1404 876 haec
1463 821 1711 890 adjecit:
1775 837 1793 870 ι
1843 817 1988 883 Quid

416 915 559 970 enim
599 913 732 967 mihi
781 924 864 969 est
915 914 968 968 in
1007 915 1183 978 cmlo,
1219 923 1273 968 et
1305 931 1334 968 a
1380 922 1434 969 te
1465 915 1594 985 quid
1628 913 1772 968 volui
1829 927 1992 981 super

417 1005 665 1060 terram?
712 1023 731 1056 ι
802 1005 870 1058 At
917 1005 1060 1074 quod
1113 1007 1270 1059 multi
1329 1007 1636 1060 mortalium
1704 1004 1993 1072 hucusque

416 1095 581 1147 etiam
629 1093 914 1154 factitant,
953 1094 1004 1148 id
1051 1094 1299 1149 videlicet
1330 1104 1449 1156 est:
1477 1109 1598 1148 cum
1635 1101 1842 1146 tantam
1892 1092 1991 1146 bo-

417 1199 612 1238 norum
653 1186 862 1254 copiam
914 1186 966 1238 in
1003 1187 1144 1240 caelo
1180 1189 1473 1254 repositam
1508 1187 1762 1246 habeant,
1797 1185 1863 1238 ad
1903 1198 1994 1236 ar-

415 1279 639 1332 bitrium
681 1295 875 1344 suum;
922 1279 1278 1334 nihilominus
1314 1281 1566 1350 precibus
1596 1293 1816 1348 quoque
1868 1292 1995 1331 con-

414 1368 679 1433 tendunt,
737 1377 793 1422 ut
847 1385 875 1422 a
929 1369 1036 1424 Deo
1085 1371 1371 1425 obtineant
1403 1370 1720 1424 umbratiles
1774 1369 1898 1422 illas
1943 1377 1997 1423 et

419 1459 776 1527 imaginarias
805 1460 1048 1515 fallacias
1068 1503 1082 1526 ,
1119 1460 1548 1515 dominationem
1571 1502 1586 1526 ,
1619 1461 1842 1528 inquam
1863 1499 1877 1522 ,
1908 1457 1996 1512 vel

419 1550 706 1616 honorem,
737 1553 814 1606 vel
841 1551 1083 1616 divitias,
1114 1555 1199 1607 vel
1229 1553 1484 1607 miseram
1510 1553 1655 1604 illam
1682 1549 1990 1619 gloriolam,

416 1643 582 1711 eujus
629 1643 886 1711 cupidine
917 1644 1219 1698 humanum
1254 1659 1426 1713 genus
1465 1643 1690 1698 insanit.
1728 1641 1831 1708 Qui
1865 1655 1997 1695 vero

2088 548 2498 620 λαμδανομένου
2540 547 2741 617 χειρὸς,
2784 548 2912 600 ὅταν
2952 561 3037 607 τις
3067 539 3256 596 ἑαυτὸν
3289 537 3400 591 τῶν
3429 536 3551 589 κατ’
3581 535 3664 587 αἱ·

2093 643 2292 713 σχύνην
2334 640 2510 712 ἔργων
2543 638 2902 710 ἀλλοτριώση.
2949 636 3059 689 Καὶ
3097 634 3242 687 οὕτω
3273 633 3385 693 τοῖς
3424 626 3670 699 ῥηθεῖσιν

2093 734 2361 802 ἐπήγαγε·
2402 749 2421 781 ί
2455 730 2522 782 Τί
2550 729 2659 800 γάρ
2704 746 2792 799 μοι
2828 728 3064 797 ύπάρχει
3109 726 3165 777 ἐν
3192 723 3271 794 τῷ
3303 718 3541 790 οὐρανῷ,
3577 717 3671 770 καὶ

2093 824 2242 892 παρά
2284 825 2376 875 σοὺ
2403 821 2454 873 τί
2485 821 2724 890 ἠθέλησα
2769 821 2861 872 ἐπὶ
2889 819 2988 888 τῆς
3034 817 3174 885 γῆςς
3230 834 3248 864 ι
3293 814 3322 867 6
3357 811 3424 882 δὴ
3456 807 3673 863 ποιοῦσι

2097 915 2258 984 μέχρι
2293 912 2386 966 τοῦ
2437 912 2530 964 νῦν
2569 913 2618 964 οἱ
2666 911 2850 964 πολλοὶ
2896 909 3004 961 τῶν
3035 905 3340 978 ἀνθρώπων
3367 926 3383 942 ο
3417 900 3674 955 τοιούτων

2094 1008 2275 1068 αὐτοῖς
2329 1006 2446 1056 κατ’
2501 1003 2748 1070 ἐξουσίαν
2799 1001 3154 1070 ὑπαρχόντων
3205 999 3264 1050 ἐν
3307 995 3385 1066 τῷ
3435 990 3671 1064 οὐρανῷ,

2095 1097 2240 1165 ὅμως
2275 1097 2331 1147 ἐν
2364 1096 2526 1163 εὐχῆς
2567 1095 2718 1164 μέρει
2755 1091 3040 1146 ποιοῦνται
3077 1091 3138 1143 τὸ
3191 1087 3344 1160 παρά
3390 1087 3486 1139 τοῦ
3537 1082 3671 1137 Θεοῦ

2095 1183 2345 1252 γενέσθαι
2373 1184 2471 1244 τὰς
2494 1181 2885 1250 φαντασιὼδεις
2912 1181 3145 1241 ἀπάτας,
3182 1175 3500 1229 δυναστείαν
3529 1171 3670 1234 τινὰ,

2096 1278 2128 1347 ἢ
2158 1278 2343 1347 τιμὴν,
2395 1277 2427 1346 ἢ
2464 1276 2710 1338 πλοῦτον,
2747 1275 2779 1345 ἦ
2821 1275 2881 1327 τὺ
2912 1273 3170 1342 δύστηνον
3197 1270 3359 1324 τοῦτο
3404 1267 3673 1338 δοξάριον,

2098 1369 2225 1440 περὶ
2258 1369 2286 1422 ὃ
2323 1369 2561 1439 μέμηνεν
2593 1371 2625 1439 ἠ
2651 1367 2962 1436 ἀνθρωπίνη
2990 1365 3168 1435 φύσις.
3215 1363 3274 1417 Ὁ
3299 1363 3358 1415 δὲ
3380 1363 3437 1414 ἐν
3465 1359 3675 1420 τούτοις

2099 1458 2410 1529 γενόμενος,
2455 1457 2522 1510 δι’
2573 1456 2868 1510 ἀκολούθου
2911 1455 3104 1522 ἐπάγει
3139 1453 3230 1511 τὸ,
3265 1468 3285 1502 ι
3339 1449 3494 1518 Ἑμοὶ
3525 1447 3582 1500 δὲ
3615 1445 3676 1498 τὸ

2099 1549 2533 1620 προσκολλᾶσθαι
2563 1549 2643 1618 τῷ
2673 1547 2792 1618 Θεῷ
2832 1546 3032 1614 ἀγαθόν
3068 1546 3206 1606 ἐστι,
3235 1540 3480 1595 τίθεσθαι
3507 1539 3566 1590 ἐν
3597 1549 3679 1606 τῳ

2098 1643 2288 1714 Κυρίῳ
2320 1643 2418 1710 τὴν
2445 1641 2634 1694 ἐλπίδα
2658 1657 2780 1711 μου.
2819 1659 2836 1692 ι
2876 1639 3046 1692 Τοῦτο
3070 1637 3304 1698 δεικνὺς.
3330 1634 3412 1686 ὅτι
3436 1629 3679 1702 συμφύε-

417 1735 470 1788 in
493 1735 810 1790 coelestibus
838 1745 1111 1798 versatur,
1143 1736 1188 1790 is
1216 1743 1270 1790 et
1291 1736 1396 1790 hoc
1417 1730 1998 1791 ordine.conveuieute

2104 1749 2186 1786 ται
2219 1731 2415 1803 τρόπον
2445 1729 2564 1783 τινὰ
2586 1728 2663 1800 τῷ
2695 1727 2836 1797 Θεῷ,
2868 1729 2896 1780 6
2917 1726 3053 1796 πρὸς
3079 1723 3239 1776 αὑτὸν
3267 1719 3356 1774 διά
3377 1717 3484 1771 τῶν
3525 1714 3678 1770 ἐλπί-

417 1822 568 1877 addit
599 1841 612 1878 :
653 1843 671 1874 ε
710 1824 839 1878 Mihi
877 1825 1156 1880 adlimrere
1191 1823 1301 1880 Deo
1332 1825 1536 1880 bonum
1565 1833 1672 1888 est,
1705 1835 1910 1893 ponere
1940 1821 1996 1875 in

2104 1823 2203 1876 δων
2233 1793 2590 1892 κολλώμενος,
2625 1793 2720 1873 καὶ
2748 1793 2971 1890 51:96.;
2993 1819 3197 1870 ἐκεῖνον
3222 1812 3536 1882 γενόμενος.

416 1911 650 1970 ilomino
677 1930 826 1985 spem
859 1930 1074 1970 meam:
1113 1935 1132 1967 ι
1172 1915 1275 1969 hoc
1305 1914 1643 1986 significans,
1672 1915 1824 1970 illum
1859 1913 2266 1987 quodammodo
2316 1914 2426 1968 Deo
2461 1911 2720 1978 adnasci,
2783 1910 2876 1981 qui
2926 1909 3030 1984 ipsi
3080 1922 3179 1980 per
3235 1921 3387 1978 spem
3431 1904 3681 1958 adhaere-

415 2008 563 2076 scit,
597 2024 766 2064 unum
799 2024 923 2064 cum
957 2009 1078 2080 ipso
1113 2008 1311 2064 factus.

1039 2175 1266 2232 CAPUT
1305 2176 1417 2233 Vll.

492 2293 628 2364 Cum
664 2309 830 2379 igitur
857 2309 910 2363 in
937 2309 1096 2363 tertia
1119 2311 1362 2365 sectione
1395 2309 1665 2379 ejusmodi
1695 2310 1768 2365 sit
1799 2309 1868 2364 ad
1901 2326 2004 2368 su-

421 2413 554 2466 pera
583 2411 868 2464 ascensus,
899 2396 946 2451 is
967 2398 1058 2466 qui
1086 2397 1190 2453 huc
1215 2398 1563 2454 celsitudinis
1580 2407 1815 2454 mentem
1844 2413 2003 2454 suam

419 2491 690 2560 provexit,
712 2505 907 2546 rursus
931 2491 1214 2561 superiore
1233 2490 1404 2561 gradu
1427 2491 1788 2562 apprehenso,
1823 2491 2004 2562 seipso

421 2581 482 2634 fit
528 2581 702 2650 major
743 2590 794 2636 et
837 2582 1142 2648 sublimior,
1183 2583 1236 2636 in
1285 2591 1481 2653 quarta
1519 2583 1778 2638 nimirum
1813 2591 1999 2653 parte,

419 2673 566 2726 velut
589 2673 842 2738 tertium‘,
869 2683 934 2729 ut
967 2674 1170 2730 Paulus
1194 2677 1291 2744 ait,
1319 2678 1522 2732 cmlum
1559 2677 1856 2741 transiens,
1883 2691 2004 2747 spa-

419 2763 514 2818 tiis
552 2763 666 2834 jam
718 2767 870 2836 prius
930 2769 1233 2838 peragratis
1285 2769 1556 2823 excelsior
1603 2767 1885 2822 ellicitur:
1943 2768 2001 2822 in

421 2871 607 2922 quam,
644 2871 753 2910 non
773 2858 885 2926 jam
909 2859 1090 2928 quivis
1111 2859 1178 2914 de
1199 2860 1379 2928 vulgo,
1414 2859 1506 2914 sed
1534 2859 1699 2914 homo
1729 2874 1855 2913 cum
1888 2859 2002 2914 Deo

419 2946 787 3014 conjunctus,
841 2947 1108 3018 firmaque
1165 2966 1307 3004 nexu
1355 2951 1647 3020 copulatus
1699 2951 1896 3006 subit:
1932 2952 2004 3005 ita

418 3053 550 3092 vero
591 3054 712 3093 sese
743 3039 908 3093 habet
947 3042 1154 3105 oratio,
1187 3057 1309 3112 quae
1343 3043 1624 3111 sequentis
1654 3043 1826 3112 partis
1854 3043 2005 3111 prin-

2650 2168 3046 2224 ΚΕΦΔΔΑΙΟΝ
3081 2168 3154 2224 Z'.

2175 2309 2445 2380 Τοιαύτης
2488 2309 2664 2364 τοίνυν
2703 2308 3002 2379 γενομένης
3031 2309 3090 2361 ἐν
3123 2303 3204 2376 τῷ
3235 2305 3402 2378 τρίτῳ
3430 2307 3686 2377 τμήματι

2101 2402 2202 2472 τῆς
2233 2401 2324 2455 ἐπὶ
2348 2400 2410 2455 τδ
2452 2399 2584 2470 ὕψος
2616 2399 2837 2464 ἀνόδου,
2870 2399 2900 2450 6
2927 2397 3022 2450 ἐπὶ
3050 2396 3300 2450 τοσοῦτον
3349 2396 3685 2468 ἀναληφθεὶς

2099 2491 2200 2562 τὴν
2226 2489 2485 2555 διάνοιαν,
2517 2488 2680 2544 πάλιν
2713 2489 2807 2542 τοῦ
2843 2488 3240 2559 ὑπερκειμένου
3273 2486 3482 2558 βαθμοῦ
3511 2487 3682 2541 λαϐό-

2104 2599 2284 2652 μενος,
2311 2582 2520 2650 γίνεται
2550 2582 2716 2646 αὐτὸς
2742 2581 2936 2636 ἑαυτοῦ
2973 2581 3176 2651 μείζων
3200 2583 3296 2634 καὶ
3312 2581 3646 2652 ὑψηλότερος
3663 2597 3679 2612 °

2100 2675 2158 2726 ἐν
2209 2673 2288 2744 τῷ
2336 2673 2580 2744 τετάρτῳ
2629 2673 2820 2742 μέρει,
2862 2673 3027 2725 οἱονεὶ
3070 2673 3253 2743 τρίτον
3279 2673 3400 2725 τινά
3423 2675 3565 2728 κατά
3589 2673 3684 2728 τὸν

2105 2764 2316 2818 Παῦλον
2358 2763 2551 2826 διαϐὰς
2598 2763 2847 2833 οὐρανὸν,
2903 2762 2998 2814 καὶ
3042 2762 3150 2815 τῶν
3198 2763 3684 2836 προδιηνυσμένων

2107 2855 2419 2926 ύιᾷωμάτων
2474 2854 2712 2924 γεγονὼς
2761 2855 3112 2926 ὑψηλότερος.
3185 2855 3499 2925 Διαδέχεται
3573 2857 3684 2928 γάρ

2105 2946 2278 3000 ταῦτα
2316 2945 2500 2998 οὐκέτι
2535 2949 2563 2998 6
2597 2945 2772 3008 κοινὸς
2805 2943 3110 3015 ἄνθρωπος,
3137 2945 3253 2998 ἀλλ’
3279 2946 3308 2998 6
3341 2946 3684 3017 προσκολλη-

2106 3034 2218 3098 Osi;
2247 3036 2344 3107 ἤδη
2377 3037 2467 3089 καὶ
2496 3037 2837 3108 συνημμένος
2863 3037 2999 3108 Θεῷ.
3022 3041 3160 3109 Φησὶ
3188 3040 3245 3093 δὲ
3266 3039 3438 3106 οὕτως
3470 3043 3499 3094 6
3526 3042 3686 3112 λόγος

420 3127 620 3198 cipium
649 3137 734 3183 est
773 3149 786 3183 :
829 3149 846 3179 ι
883 3129 1072 3184 Oratio
1116 3131 1288 3202 Moysi
1329 3133 1538 3187 homini
1585 3132 1678 3187 Dei
1711 3134 1750 3188 ⁸.
1797 3153 1816 3184 ι
1852 3133 1998 3188 Talis

2104 3125 2198 3178 τοῦ
2233 3127 2430 3197 ἐφεξῆς
2463 3128 2661 3200 μέρους
2689 3128 3010 3199 ἀρχόμενος·
3046 3147 3066 3179 r
3107 3131 3388 3202 Προσευχὴ
3411 3131 3488 3202 τῷ
3507 3135 3684 3207 Μωσῇ

419 3215 565 3269 enim
603 3217 718 3283 jam
767 3219 866 3272 iste
897 3228 1016 3283 est,
1054 3229 1113 3273 ut
1143 3236 1250 3274 non
1287 3221 1519 3291 amplius
1571 3237 1709 3291 opus
1742 3223 1941 3276 habeat
1971 3238 2000 3276 a

419 3307 558 3378 lege,
593 3316 854 3377 tanquam
887 3326 916 3363 a
945 3310 1238 3382 paedagogo
1265 3312 1494 3378 instrui;
1525 3313 1620 3369 sed
1649 3321 1707 3366 ut
1733 3314 1848 3383 ipse
1878 3314 2001 3368 aliis

421 3400 556 3469 legis
581 3400 774 3454 doctor
796 3409 848 3456 ct
875 3404 1196 3472 explanator
1225 3403 1337 3466 fiat,
1365 3403 1674 3473 cujusmodi
1706 3414 1824 3460 erat
1855 3405 2003 3475 Μογι-

420 3505 509 3544 ses
544 3491 633 3544 ille
662 3492 949 3554 sublimis,
991 3494 1058 3549 de
1093 3510 1202 3564 quo
1227 3494 1339 3564 jam
1381 3496 1720 3561 audivimus,
1763 3496 1857 3564 qui
1907 3511 2000 3550 re-

420 3582 562 3650 giam
597 3583 938 3653 dignitatem,
966 3594 1227 3659 tanquam
1255 3588 1533 3656 pulverem
1565 3587 1794 3657 pedibus
1818 3586 2002 3641 adhae-

420 3681 723 3729 rescentem
767 3685 962 3746 sponte
997 3679 1277 3744 excussit;
1307 3679 1402 3748 qui
1439 3680 1805 3750 quadraginta
1839 3679 2002 3735 annis

419 3761 489 3816 ab
531 3763 815 3818 hominum
851 3765 1131 3820 consortio
1175 3783 1297 3822 sese
1339 3770 1678 3839 segregavit,
1714 3769 1866 3824 solus
1896 3767 2003 3822 sibi

419 3857 522 3910 soli
553 3858 762 3920 vivens,
796 3859 958 3928 inque
983 3875 1082 3913 sua
1112 3858 1296 3928 quiete
1316 3860 1793 3929 inaspectabilium
1818 3874 2001 3914 rerum

420 3947 869 4016 contemplationi
921 3962 1192 4015 suspensa
1236 3957 1416 4002 mente
1456 3965 1695 4014 vacans;
1733 3949 1827 4018 qui
1877 3955 2004 4017 post

425 4039 544 4092 haec
584 4037 844 4092 ineffabili
877 4039 1080 4093 lumine
1139 4039 1394 4108 perfusus
1425 4047 1537 4103 est,
1569 4039 1872 4107 animmque
1905 4053 2000 4108 pe-

420 4127 518 4180 des
550 4140 617 4179 ex
661 4125 915 4180 coriacco
959 4134 1012 4180 et
1058 4137 1276 4180 mortuo
1329 4134 1644 4196 legumento
1695 4126 2000 4196 expedivit;

421 4218 514 4288 qui
560 4217 875 4288 Egyptium
916 4221 1216 4273 exercitum
1258 4228 1313 4274 et
1346 4229 1635 4290 tyrannum
1665 4220 1768 4274 sibi
1811 4228 2003 4273 mutuo

423 4311 841 4365 succedentibus
874 4310 1048 4381 plagis
1078 4311 1310 4378 attrivit,
1352 4320 1540 4382 erepto
1582 4311 1782 4366 lsracle
1815 4328 1882 4367 ex
1916 4320 2000 4382 ty-

424 4401 653 4455 rannide
698 4417 794 4471 per
833 4402 1016 4456 lumen
1055 4409 1110 4456 et
1147 4418 1382 4473 aquam;
1431 4403 1519 4458 cui
1562 4414 1683 4474 post
1711 4419 2000 4468 excessum

2104 3215 2376 3287 ἀνθρώπῳ
2409 3217 2502 3270 τοῦ
2555 3217 2686 3270 Θεοῦ
2711 3236 2724 3249 ο
2774 3237 2794 3271 ι
2844 3220 3078 3284 τοιοῦτος
3105 3221 3213 3292 γάρ
3255 3223 3354 3292 ἤδη
3386 3219 3572 3290 οὗτος,
3607 3227 3685 3290 ὡς

2108 3307 2304 3378 μηκέτι
2341 3308 2804 3378 παιδαγωγεῖσθαι
2847 3311 2996 3382 νόμῳ
3017 3352 3032 3377 ,
3065 3311 3181 3365 ἀλλ’
3233 3315 3531 3384 εἰσηγητὴς
3564 3318 3686 3370 ἐτέ-

2107 3417 2219 3469 ροις
2249 3399 2494 3467 γίνεσθαι
2526 3402 2694 3470 νόμου
2720 3419 2733 3433 ο
2769 3396 2880 3465 οἷος
2917 3398 2984 3473 ἦν
3014 3404 3220 3474 Μωσῆς
3253 3406 3457 3469 ἐκεῖνος
3492 3409 3520 3460 ό
3547 3407 3685 3478 ὑψη-

2103 3491 2214 3554 λὸς,
2246 3491 2305 3542 ὃν
2331 3491 2598 3563 ἀκούομεν
2621 3509 2635 3522 ο
2677 3495 2705 3545 6
2732 3493 2832 3563 τὴν
2870 3493 3154 3566 βασιλικὴν
3197 3495 3384 3562 ἀξίαν,
3432 3497 3684 3571 καθάπερ

2103 3582 2226 3636 τινὰ
2273 3584 2422 3638 κόνιν
2467 3585 2933 3655 περισπασθείσαν
2984 3588 3051 3656 τῇ
3112 3587 3264 3656 βάσει
3317 3589 3426 3643 τῶν
3476 3592 3679 3657 ποδῶν,

2105 3676 2366 3740 ἑκουσίως
2395 3676 2835 3746 ἐκτιναξάμενος.
2875 3677 2932 3730 Ὁ
2953 3679 3360 3749 τεσσαράκοντα
3403 3680 3551 3735 ἔτεσι
3579 3685 3684 3754 τῆς

2109 3767 2246 3838 μετὰ
2263 3767 2371 3820 τῶν
2401 3767 2702 3838 ἀνθρώπων
2717 3766 2996 3839 ἐπιμιξίας
3025 3771 3214 3823 ἑαυτὸν
3243 3771 3556 3837 ἀποικίσας,
3588 3777 3686 3831 καὶ

2108 3853 2266 3923 μόνος
2293 3855 2438 3924 μόνῳ
2460 3855 2633 3920 συζῶν
2660 3855 2859 3926 ἐαυτῷ,
2896 3859 2989 3909 καὶ
3015 3856 3100 3910 διὰ
3122 3859 3349 3929 ἡσυχίας
3374 3861 3683 3935 ἀμετεωριο

2107 3959 2247 4004 στως
2272 3945 2336 4013 τῇ
2365 3943 2568 4015 θεωρίᾳ
2597 3945 2704 3998 τῶν
2734 3944 2982 4015 ἀοράτων
3015 3946 3352 4011 ἐνατενίζων·
3379 3951 3407 4002 6
3433 3951 3512 4021 τῷ
3542 3953 3684 4021 φωτὶ

2105 4031 2183 4102 τῷ
2215 4034 2438 4105 ἀρρήτῳ
2473 4035 2612 4104 μετά
2640 4035 2812 4088 ταῦτα
2845 4039 3245 4106 καταυγασθεὶς
3264 4081 3278 4105 ,
3312 4043 3405 4094 καὶ
3433 4046 3532 4114 τῆς
3561 4044 3685 4115 δερ-

2108 4125 2338 4196 ματίνης
2371 4143 2429 4178 τε
2454 4128 2546 4179 καὶ
2571 4129 2770 4198 νεκρᾶς
2799 4128 3090 4199 περιϐολῆς
3119 4130 3352 4195 ἐκλύσας
3381 4134 3482 4203 τῆς
3503 4135 3684 4206 ψυχῆς

2105 4215 2202 4289 τὴν
2238 4217 2412 4287 βάσιν.
2456 4218 2513 4271 '0
2545 4219 2638 4272 τὸν
2680 4219 2975 4287 Αίγύπτιον
3009 4221 3235 4291 στρατόν
3267 4240 3324 4276 τε
3359 4225 3450 4277 καὶ
3479 4225 3683 4296 τύράν-

2103 4324 2194 4361 νον
2223 4311 2342 4370 ταῖς
2380 4308 2467 4359 ἐπ’
2494 4307 2742 4379 ἀλλήλοις
2776 4310 3038 4381 ἐκτρίψας
3078 4313 3336 4382 πληγαῖς,
3365 4315 3458 4367 τὸν
3481 4315 3537 4368 δὲ
3580 4316 3686 4371 Ἰσ-

2111 4399 2246 4470 ραὴλ
2275 4398 2645 4470 ἐλευθερώσας
2671 4401 2768 4470 τῆς
2790 4403 3101 4471 τυραννίδος
3121 4404 3208 4457 διά
3233 4407 3326 4458 τοῦ
3357 4407 3554 4476 φωτὸς,
3587 4412 3686 4464 καὶ

421 4507 488 4546 ex
527 4491 763 4562 zEgypto
797 4500 967 4548 totum
1010 4502 1224 4564 tempus
1255 4495 1372 4550 dies
1402 4510 1510 4548 una
1550 4494 1682 4563 fuit;
1717 4511 1998 4564 nunquam

2107 4487 2200 4541 τοῦ
2227 4486 2436 4550 ὕδατοςο
2462 4481 2506 4554 ᾧ
2527 4487 2636 4558 (70)
2664 4489 2799 4558 μετά
2826 4491 2922 4561 τὴν
2952 4492 3224 4560 Αἴγυπτον
3245 4497 3272 4548 6
3299 4474 3484 4566 χρόνος
3513 4497 3685 4568 ἅπας,

423 4591 581 4637 nocte
608 4585 850 4640 tenebris
867 4584 1194 4652 obscurato;
1227 4586 1534 4655 excipiebat
1563 4587 1708 4640 enim
1725 4587 1876 4642 .solis
1909 4602 1998 4640 ra-

423 4671 546 4726 dios
567 4680 689 4740 post
715 4672 969 4725 diurnum
1003 4672 1123 4736 iter,
1157 4673 1304 4727 aliud
1345 4674 1527 4728 lumen
1557 4689 1622 4729 ex
1659 4675 1806 4728 nube
1855 4687 1998 4728 novo

423 4779 576 4818 more
605 4764 966 4832 productum;
1015 4772 1074 4819 ut
1111 4767 1192 4820 sol
1219 4765 1439 4836 quidem
1481 4767 1794 4836 praestituto
1825 4782 1997 4820 cursu

422 4854 711 4918 confecto,
754 4855 890 4925 ipsis
929 4858 1314 4918 occumberet,
1346 4856 1528 4911 lumen
1572 4871 1701 4910 vero
1729 4856 1996 4926 lampadis

421 4962 486 5002 ex
521 4946 776 5000 columna
805 4945 1125 5016 refulgentis
1155 4957 1418 5018 perpetuo
1447 4956 1501 5002 et
1528 4948 1648 5003 sine
1694 4947 1806 5001 ulla
1831 4947 1998 5001 vicis-

422 5037 662 5092 situdine
691 5050 1063 5106 permaneret,
1110 5051 1164 5094 et
1193 5042 1401 5110 absque
1429 5039 1538 5092 ulla
1568 5038 1912 5093 dubitatione
1944 5039 2000 5092 in

423 5128 602 5182 locum
638 5128 900 5183 solarium
943 5129 1222 5184 radiorum
1255 5129 1487 5184 subiret.
1532 5127 1636 5194 Qui
1671 5143 1915 5182 amaram
1946 5137 2002 5183 et

422 5215 488 5269 ad
528 5223 714 5284 potum
764 5216 1002 5287 ineptam
1034 5231 1232 5287 aquam
1278 5217 1428 5286 ligno
1469 5216 1686 5272 dulcem
1727 5216 1996 5281 reddidit,

422 5317 742 5379 petramque
781 5310 838 5364 in
875 5308 1078 5366 fontem
1123 5293 1440 5366 sitientibus
1483 5308 1874 5377 commutavit,
1900 5310 2006 5380 quil

497 5509 517 5540 ⁸
545 5507 693 5564 Psal.
721 5523 946 5576 Luxu,
981 5509 1032 5564 1.

497 5689 609 5763 (70)
641 5685 711 5759 ᾯ
737 5692 800 5748 ad
825 5693 971 5764 ζόφῳ
995 5708 1105 5748 om.
1130 5689 1218 5748 ed.

2111 4579 2208 4650 μία
2249 4581 2388 4633 κατά
2413 4581 2474 4632 τὸ
2498 4581 2717 4651 συνεχὲς
2738 4581 2919 4652 ἡμέρα
2948 4577 3014 4653 ἦν
3035 4601 3048 4614 ·
3078 4584 3333 4638 οὐδέποτε
3361 4587 3463 4658 τῆς
3491 4589 3686 4654 νυκτὸς

2111 4667 2504 4740 μελαινομένης
2559 4671 2643 4741 τῷ
2687 4669 2855 4739 ζόφῳ.
2914 4671 3191 4742 Διεδέχετο
3251 4675 3360 4743 γὰρ
3405 4676 3544 4746 μετά
3590 4678 3685 4732 τὸν

2107 4761 2404 4831 ἡμερήσιον
2421 4761 2639 4832 δρόμον,
2661 4763 2758 4826 τὰς
2780 4762 2887 4816 τῶν
2909 4763 3140 4818 ἀκτίνων
3155 4766 3350 4834 αύγάς,
3371 4767 3554 4840 ἕτερον
3569 4770 3686 4838 φῶς

2105 4853 2170 4904 ἐκ
2221 4851 2446 4922 νεφέλης
2479 4853 2982 4924 καινοτομούμενον.
3036 4855 3197 4908 Ὥστε
3244 4857 3334 4909 τὸν
3382 4859 3479 4928 μὲν
3531 4859 3684 4930 ἥλιον

2105 4942 2243 4994 κατᾶ
2272 4942 2369 5011 τὴν
2407 4943 2710 5010 ἀναγκαίαν
2743 4942 2990 5012 περίοδον
3020 4945 3202 5009 αὐτοῖς
3232 4946 3547 5002 ἐπιδύεσθαι
3577 4987 3593 5012 ,
3620 4950 3684 5003 τὸ

2103 5033 2160 5085 δὲ
2191 5034 2304 5102 φῶς
2337 5035 2556 5104 συνεχές
2587 5053 2646 5088 τε
2688 5035 2868 5106 μένειν
2901 5036 2997 5089 καὶ
3041 5036 3318 5108 ἀδιάδοχον
3353 5039 3452 5110 τῆς
3491 5041 3554 5092 ὲκ
3587 5038 3682 5092 τοῦ

2106 5123 2299 5178 στύλου
2333 5124 2672 5196 λαμπηδόνος
2691 5167 2706 5191 ,
2737 5127 3072 5194 ἀδιαστάτως
3101 5130 3211 5198 (7|)
3244 5131 3339 5196 τὰς
3364 5131 3540 5202 αὐγὰς
3573 5132 3684 5189 τῶν

2103 5214 2345 5283 ἡλιακῶν
2369 5215 2602 5270 ἀκτίνων
2639 5217 3020 5291 ἐκδεχομένης.
3064 5220 3120 5274 '0
3150 5221 3208 5274 τὸ
3249 5224 3445 5294 πικρόν
3483 5240 3542 5277 τε
3586 5225 3684 5278 καὶ

2105 5304 2303 5360 ἄποτον
2353 5305 2501 5378 ὕδωρ
2529 5307 2727 5377 ἡδύνας
2768 5309 2847 5380 τῷ
2891 5309 3066 5383 ξύλῳ,
3099 5312 3190 5368 καὶ
3219 5314 3317 5384 τὴν
3348 5314 3552 5386 πέτραν
3600 5317 3683 5382 είς

2174 5697 2285 5766 (7i)
2315 5699 2696 5765 Ἀδιστάκτως,
2713 5702 2801 5758 ed.
