3888 6380
214 373 324 435 457
1642 354 1710 411 IN
1749 352 2084 412 PSALMOS.
3395 353 3500 421 £58

214 488 405 559 πηγὴν
437 485 548 551 τοῖς
579 483 776 553 διψῶσι
805 480 1201 553 μεταποιήσας.
1240 478 1301 531 '0
1328 476 1428 549 τῆς
1447 476 1643 546 γηΐνης
1677 491 1804 545 τρο-
1830 520 1833 529 .

1938 478 2227 526 errestrem
2257 469 2442 525 cibum
2471 467 2683 525 caelesti
2718 474 3070 539 permutant,
3098 466 3191 538 qui
3227 467 3281 523 in
3313 467 3498 537 άίνὶηε

214 556 325 649 φῆς
354 556 454 649 τὴν
482 574 733 645 οὐράνιον
759 572 1208 644 διαμειψάμενος.
1249 570 1307 623 '0
1330 572 1393 623 ἒν
1419 567 1497 640 τῷ
1522 567 1653 639 θείῳ
1677 566 1802 635 γνό-

1938 562 1999 615 ila
2031 560 2264 631 caligine
2295 558 2551 614 acumine
2579 557 2782 613 mentis
2824 556 2964 612 vidit
2996 557 3331 613 lnvisibilem
3351 597 3367 624 ,
3402 561 3498 628 qui

215 647 304 745 φω
343 647 630 736 ὀξυωπῶν,
672 667 765 720 καὶ
806 665 1019 736 βλέπων
1054 666 1113 719 ὲν
1146 662 1296 734 αὐτῷ
1328 662 1418 715 τὸν
1445 660 1691 731 ἀόρατον.
1744 659 1803 719 Ὀ

1938 652 2318 713 abcrnaculum
2349 665 2458 705 non
2497 664 2664 703 manu
2690 647 2898 704 factum
2929 648 3257 719 descripsit,
3289 656 3488 707 totum.-

364 760 568 832 σκηνὴν
599 759 699 830 τὴν
735 757 1149 828 ἀχειροποίητον
1178 754 1473 825 ἱστορήσας
1498 793 1513 819 ,
1569 751 1666 807 καὶ
1710 749 1801 803 τὸν

1938 761 2014 800 ue
2050 742 2345 800 sacerdotii
2397 748 2652 798 ornatum
2699 749 2756 796 et
2796 747 3120 811 apparatum
3164 741 3271 797 rite
3313 741 3501 805 animo

217 830 321 926 τῆς
370 830 671 925 ἱερωσύνης
720 853 922 921 κόσμον
969 848 1137 917 ἀξίως
1185 848 1552 918 κατανοήσας.
1613 845 1672 897 '0
1706 844 1806 906 τὰς

1938 836 2178 906 οηοθρίι,
2212 835 2304 906 qui
2350 844 2603 905 acceptas
2646 847 2678 887 a
2718 831 2829 887 Deo
2857 830 3035 887 factas
3066 832 3287 890 tabulas
3312 874 3325 901 ,
3360 848 3498 888 con-

218 920 575 1009 θενοτεύκτους
623 920 838 1009 πλάκας
893 942 1222 1013 δεξάμενος,
1273 941 1370 995 καὶ
1421 937 1802 1011 συντριϐείσας

1938 936 2224 996 ractasque
2252 924 2322 979 de
2352 923 2565 995 integro
2584 921 2847 985 restituit,
2888 920 2984 1005 qui
3024 921 3080 975 in
3112 922 3268 977 vultu
3302 922 3502 980 divinte

222 1037 394 1092 πάλιν
456 1033 844 1107 ἀναχαράξαςο
912 1031 943 1083 ὁ
1005 1032 1104 1102 τῆς
1170 1028 1596 1101 ὲμφανισθείσης
1658 1025 1807 1097 αὐτῷ

1938 1018 2129 1073 ’ἱτιυιίε
2153 1055 2167 1081 ,
2199 1031 2323 1089 quae
2367 1014 2473 1076 sibi
2509 1020 2879 1085 apparuerat,
2920 1020 3249 1084 argumenta
3290 1014 3498 1085 ferens,

1913 1109 2125 1181 fulgore
2144 1124 2208 1163 ex
2241 1106 2401 1171 facie,
2435 1107 2585 1165 velut
2607 1106 2887 1176 radiorum
2924 1106 3177 1177 spiculis,
3203 1106 3488 1162 emicante.

1910 1203 2096 1263 vultus
2138 1216 2332 1257 eorum
2375 1200 2469 1272 qui
2511 1214 2747 1268 occursu
2784 1198 2993 1272 indigni
3047 1207 3208 1260 erant
3254 1200 3500 1255 avertit:

223 1329 335 1369 νων
389 1311 585 1378 αὐγαῖς
605 1349 619 1373 ,
653 1308 761 1361 τῶν
792 1307 1028 1374 ἀναξίως
1059 1307 1493 1381 ἐντυγχανόντων
1541 1304 1811 1377 ἀποστρέ-

1938 1296 2005 1366 [ui
2038 1299 2162 1365 igne
2189 1301 2243 1350 et
2285 1293 2439 1353 hiatu
2483 1294 2775 1354 invasores
2815 1292 3112 1357 sacerdotii
3163 1293 3503 1363 vindicavit,

226 1420 347 1474 φων
376 1402 477 1465 τὰς
507 1401 680 1470 ὄψεις.
741 1400 800 1452 Ὀ
852 1399 988 1470 πυρὶ
1027 1400 1118 1453 καὶ
1165 1401 1406 1471 χάσματι
1450 1399 1577 1463 τοὺς
1606 1399 1811 1452 ἐπανα-

1938 1401 2117 1456 εοείιιιε
2166 1386 2260 1456 qui
2318 1385 2374 1440 in
2416 1385 2660 1440 divinam
2717 1387 2950 1456 gratiam
2999 1385 3254 1455 injuriosi
3308 1395 3502 1465 erant,

228 1496 485 1558 στάντας
518 1495 585 1564 τῇ
641 1491 909 1564 ἱερωσύνῃ
947 1492 1357 1557 καταδικάσας,
1393 1492 1491 1546 καὶ
1545 1491 1672 1555 τοὺς
1730 1491 1811 1554 είς

1938 1478 2160 1543 ’unditus
2194 1477 2397 1534 delevit
2424 1497 2449 1533 ν
2473 1478 2568 1548 qui
2601 1477 3011 1537 incantationes
3042 1477 3266 1532 Balaam
3303 1479 3357 1533 in
3388 1479 3507 1549 pie-

224 1590 330 1660 τὴν
360 1588 511 1642 θείαν
538 1585 696 1661 χάριν
743 1586 1070 1659 ὑϐρίσαντας
1114 1584 1471 1655 ἐξαφανίσαςο
1508 1585 1538 1636 ὁ
1564 1584 1663 1657 τὴν
1685 1601 1816 1656 γοηη

1939 1580 2083 1629 atem
2137 1578 2193 1627 et
2237 1571 2677 1628 benedictionem
2722 1571 2921 1637 vertit,
2969 1570 3130 1639 cujus
3176 1569 3363 1627 obitus
3415 1570 3503 1639 vei

229 1681 386 1734 τείαν
423 1678 517 1732 τοῦ
562 1677 789 1748 Βαλαὰμ
828 1676 1147 1747 μεταϐαλὼν
1192 1678 1272 1740 είς
1303 1676 1608 1745 εὐσέϐειαν,
1673 1670 1749 1730 Οὐ
1779 1676 1814 1746 ή

1938 1678 2092 1734 psam
2150 1664 2316 1718 vitam
2380 1662 2774 1734 magnitudine
2826 1662 3160 1734 praestantia:
3216 1676 3509 1732 superasse

230 1768 457 1839 τελευτὴ
490 1767 589 1836 τῆς
619 1767 763 1835 ζωῆς
811 1767 1089 1838 ἱστόρηται
1122 1766 1451 1838 ὑψηλοτέρα.
1515 1764 1573 1820 Ὀ
1603 1765 1695 1819 ἐπὶ
1715 1765 1817 1836 τῆς

1938 1762 2180 1811 narratur
2208 1774 2221 1811 :
2252 1756 2457 1829 quippe
2481 1756 2571 1826 qui
2605 1753 2674 1811 ad
2701 1770 3018 1826 supremum
3044 1755 3249 1811 montis
3284 1753 3507 1821 culmen

224 1129 379 1192 θείας
417 1127 698 1196 δυνάμεως
732 1124 824 1178 ἐπὶ
877 1121 973 1177 τοῦ
1008 1122 1302 1194 προσώπου
1341 1121 1522 1194 φέρων
1569 1121 1638 1175 τὰ
1671 1118 1808 1190 σύμ-

224 1219 381 1283 ϐολα,
413 1217 509 1281 καὶ
552 1219 619 1288 τῇ
673 1215 733 1283 ἐξ
764 1215 930 1269 αὐτοῦ
974 1215 1296 1287 λαμπηδόνι,
1322 1209 1433 1271 οἷόν
1472 1231 1613 1268 τισιν
1654 1212 1807 1266 ἀκτί-

231 1827 689 1930 ἀκρωρέίαςμτοῢ
719 1827 882 1925 ϐρους
922 1827 1247 1927 γενόμενος’,
1296 1827 1391 1910 καλ
1446 1856 1612 1928 μηδὲν
1652 1827 1817 1926 ἴχνος,

1938 1827 2282 1920 progressus,
2318 1863 2498 1919 neque
2530 1849 2821 1920 vestigium
2868 1855 3508 1919 neque'monumcntum

231 1947 372 2023 μηδὲ
397 1944 738 2017 μνημόσυνον
765 1945 863 2015 τῆς
878 1946 1072 2016 γηῖνης
1099 1945 1392 2017 ἀχθηδόνος
1421 1945 1500 2017 τῷ
1525 1946 1663 2018 ἡλίῳ
1689 1946 1821 1999 ὐπο·

231 2039 575 2109 λειπόμενος.
618 2037 678 2094 Ὀ
724 2036 797 2107 μὴ
844 2036 1196 2109 παραλλάξας
1236 2039 1328 2100 τὺν
1375 2041 1700 2112 χαρακτῆρα
1726 2036 1821 2091 τοῦ

236 2132 471 2194 κάλλους
503 2130 608 2184 ὐπὸ
632 2129 726 2184 τοῦ
761 2130 955 2201 χρόνου
976 2147 993 2175 ε
1037 2130 1175 2184 ἀλλὰ
1208 2129 1482 2194 διασώσας
1510 2130 1569 2182 ἐν
1598 2132 1665 2201 τῇ
1694 2145 1824 2200 τρε-

236 2225 351 2294 πτῇ
397 2222 556 2290 φύσει
596 2222 657 2275 τὺ
702 2223 758 2274 ἐν
797 2220 949 2292 καλῷ
977 2220 1358 2276 ἀναλλοίωτον.
1392 2214 1563 2286 Οὗτός
1603 2223 1749 2275 ἐστιν
1792 2221 1823 2276 ὁ

235 2312 337 2383 τῆς
367 2309 633 2381 τετάρτης
665 2310 1105 2381 κατάρχωνήμίν
1136 2310 1472 2376 ἀναϐάσεως,
1513 2311 1609 2365 καὶ
1633 2313 1662 2365 ὁ
1696 2325 1823 2363 συν-

234 2403 488 2473 επαίρων
515 2401 692 2473 ἑαυτῷ
717 2401 807 2467 τὸν
836 2402 924 2467 διά
955 2401 1065 2456 τῶν
1092 2402 1261 2474 τριῶν
1285 2403 1385 2475 ἤδη
1406 2402 1515 2457 τῶν
1545 2402 1825 2474 προδιηνυ·

239 2496 456 2566 σμένων
485 2492 696 2548 αἰώνων
719 2495 891 2565 μέγαν
917 2494 1223 2565 γενόμενον.
1262 2494 1321 2546 '0
1338 2494 1445 2566 γὰρ
1473 2496 1531 2548 ὲν
1553 2494 1729 2565 τούτῳ
1747 2491 1826 2565 τῷ

236 2586 367 2656 ὕψει
400 2585 710 2655 γενόμενος,
740 2584 989 2656 μεθόριος
1015 2584 1215 2656 τρόπον
1240 2584 1365 2638 τινὰ
1380 2584 1480 2655 τῆς
1500 2585 1740 2656 τρεπτῆς
1766 2599 1825 2636 τε

238 2676 341 2735 καὶ
370 2675 641 2746 ἀτρέπτου
674 2673 888 2743 φύσεως
918 2674 1156 2738 ἵσταται,
1194 2673 1296 2735 ,καὶ
1326 2673 1597 2744 μεσιτεύει
1624 2671 1828 2727 καταλ-

238 2768 422 2838 λήλως
444 2768 556 2830 τοῖς
588 2766 799 2838 ἄκροις,
830 2765 909 2837 τῷ
954 2765 1205 2837 μὲν-Θεῷ
1240 2766 1520 2838 ἱκετηρίας
1552 2765 1692 2836 ὑπὲρ
1718 2764 1828 2823 τῶν

238 2857 647 2916 ἁλλοιωθέντων
680 2858 740 2922 ἐξ
775 2858 1049 2931 ἀμαρτίας
1082 2857 1404 2929 προσάγων·
1446 2858 1545 2927 τῆς
1576 2855 1632 2910 δὲ
1661 2857 1831 2930 ὑπερ-

244 2951 506 3022 κειμένης
531 2949 782 3014 ὲξουσίας
819 2950 908 3004 τὸν
942 2949 1090 3004 ἔλεον
1135 2950 1229 3002 ἐπὶ
1255 2951 1383 3014 τοὺς
1422 2948 1708 3021 δεομένους
1734 2948 1827 3007 τοῦ

244 3043 396 3098 ἐλέου
454 3041 893 3112 διαπορθμεύων.
944 3042 1027 3104 Ὣς
1080 3042 1145 3101 ἂν
1173 3042 1267 3096 καὶ
1294 3041 1384 3095 διὰ
1421 3042 1611 3103 τούτου
1644 3041 1835 3114 μάθοιτ

1922 1942 2202 1998 terrestris
2234 1941 2473 2018 triStitiae
2504 1941 2791 2012 reliquerit
2811 1982 2825 2008 ,
2856 1940 2950 2010 qui
2978 1949 3167 1999 notam
3200 1947 3255 1997 et
3292 1941 3511 2012 insigne

1924 2032 2353 2105 pulchritudinis
2381 2033 2694 2088 labentibus
2719 2031 2883 2087 annis
2918 2047 3029 2088 non
3058 2032 3386 2107 deperdidit,
3413 2033 3511 2099 sed

1924 2125 2144 2182 decoris
2179 2116 2681 2180 immutabilitatem
2710 2164 2726 2189 ,
2775 2133 3214 2196 perpetuumque
3262 2132 3510 2186 tenorem

1926 2218 1981 2280 in
2014 2219 2131 2288 ipsa
2163 2217 2329 2273 etiam
2355 2217 2606 2272 variabili
2636 2224 2836 2275 natura
2881 2219 3250 2276 conservavit.
3300 2217 3514 2281 Tantus

1927 2315 2031 2371 est,
2066 2307 2159 2378 qui
2185 2308 2243 2362 in
2272 2294 2468 2378 quarto
2500 2322 2734 2367 ascensu
2765 2310 2876 2368 dux
2904 2309 3061 2365 nobis
3093 2310 3284 2380 praeit;
3311 2309 3515 2381 quique

1929 2414 2115 2455 secum
2144 2400 2311 2459 simul
2340 2400 2540 2455 attollit
2569 2416 2694 2456 eum
2717 2442 2732 2467 ,
2762 2403 2856 2470 qui
2875 2402 2987 2471 jam
3020 2401 3075 2455 in
3105 2401 3278 2457 tribus
3312 2415 3519 2472 praece—

1928 2493 2185 2549 dentibus
2215 2493 2537 2550 ascensibus
2573 2509 2697 2553 sese
2722 2509 2888 2566 supra
2922 2494 3117 2564 vulgus
3153 2494 3367 2550 extulit.
3411 2492 3517 2562 Qui

1928 2584 2073 2639 enim
2107 2585 2173 2639 ad
2201 2585 2305 2640 hoc
2334 2584 2617 2656 fastigium
2642 2586 2839 2652 evasit,
2869 2586 2917 2642 is
2944 2585 3357 2656 quodammodo
3381 2600 3525 2649 con;-

1929 2674 2059 2733 ﬁnis
2089 2688 2175 2732 est
2202 2685 2418 2742 naturae
2439 2678 2691 2732 mutabili
2722 2685 2777 2743 et
2808 2670 3171 2752 immutabili;
3196 2677 3519 2748 mediusque

1930 2768 2225 2824 intercedit
2263 2769 2654 2824 convenienter
2683 2768 2967 2837 extremis,
3007 2768 3115 2824 Deo
3142 2769 3366 2840 quidem
3401 2784 3519 2839 pre;

1932 2874 2028 2915 ces
2063 2867 2117 2915 et
2150 2859 2583 2930 supplicationes
2615 2858 2851 2915 oﬂ'erens
2893 2872 2995 2931 pro
3027 2858 3096 2915 iis
3129 2859 3221 2927 qui
3270 2872 3366 2927 per
3389 2871 3520 2928 pec;-

1931 2963 2111 3010 catum
2146 2953 2435 3008 abalienati
2466 2961 2632 3018 sunt,
2666 2952 2926 3023 potentiae
2958 2965 3092 3007 vero
3120 2950 3266 3005 illius
3298 2949 3519 3011 miseri;

1932 3045 2179 3103 .cordiam
2208 3046 2368 3116 quasi
2397 3045 2690 3101 demittens
2712 3087 2726 3112 ,
2760 3053 2814 3101 et
2860 3043 3117 3103 derivans
3158 3043 3225 3098 ad
3271 3042 3396 3099 illos
3427 3044 3519 3113 qui

244 3148 369 3202 μεν,
400 3132 482 3185 ὅτι
514 3132 624 3202 ὅσῳ
648 3148 733 3194 τις
763 3130 923 3186 πλέον
945 3130 1056 3184 τῶν
1089 3131 1384 3202 χθαμαλῶν
1412 3149 1469 3185 τε
1497 3132 1591 3186 καὶ
1628 3132 1832 3202 γηΐνων

1938 3137 2318 3193 misericordia
2349 3137 2632 3206 indigent;
2662 3143 2721 3191 ut
2751 3145 2803 3191 et
2832 3152 2897 3191 ex
2927 3135 3014 3191 his
3043 3134 3349 3197 discamus,
3372 3133 3520 3205 quod

243 3223 564 3293 ἀφίσταται,
586 3221 826 3293 τοσούτῳ
857 3221 1056 3293 μᾶλλον
1084 3223 1523 3294 προσοικειοῖνται
1552 3226 1619 3297 τῇ
1652 3224 1830 3278 πάντα

1938 3236 2141 3299 quanto
2183 3228 2308 3298 quis
2342 3227 2520 3298 magis
2576 3242 2605 3282 a
2638 3225 2998 3293 terrestribus
3033 3224 3297 3295 humique
3330 3223 3527 3294 stratis

245 3312 374 3369 νοῦν
410 3312 748 3386 ὐπερεχούσῃ
773 3313 933 3382 φύσει
956 3329 971 3345 ⁸
1009 3316 1100 3368 καὶ
1136 3317 1384 3385 μιμεῖται
1407 3315 1473 3368 δι’
1505 3316 1752 3380 εὐποιίας
1772 3316 1833 3370 τὸ

244 3405 422 3470 Θεῖον,
454 3406 632 3459 έκεῖνο
674 3403 845 3456 ποιῶν
880 3403 909 3456 ὃ
946 3405 1044 3476 τῆς
1090 3404 1240 3469 θείας
1285 3405 1399 3459 ἐστὶ
1437 3405 1649 3474 φύσεως
1679 3406 1830 3460 ίδιον.

248 3495 415 3564 Λέγω
444 3495 500 3548 δὲ
532 3495 593 3548 τὸ
628 3496 938 3567 εὐεργετεῖν
983 3500 1092 3551 πᾶν
1121 3498 1182 3552 τὸ
1210 3498 1527 3569 εὐεργεσίας
1558 3499 1832 3571 δεόμενον,

247 3587 374 3640 ὅσον
407 3587 617 3650 ὲπιδεὲς
638 3586 739 3658 τῆς
773 3588 1020 3652 εὐποιΐας
1046 3590 1183 3643 ἐστί.
1303 3581 1306 3584 ’

320 3856 367 3909 Τ
369 3855 589 3928 οιαύτην
617 3856 681 3930 δὴ
704 3858 813 3927 (72)
839 3859 1218 3931 κατελαϐόμην
1242 3862 1340 3932 τῆς
1365 3861 1686 3933 ψαλμῳδίας
1708 3863 1840 3918 ταύ-

249 3965 351 4019 της
374 3948 474 4019 τὴν
500 3947 708 4002 ἔννοιαν
729 3988 744 4013 ,
785 3945 849 4022 ἦς
885 3952 917 4022 ἡ
952 3950 1062 4022 (73)
1091 3955 1369 4024 ἐπιγραφή
1395 3955 1544 4007 ἐστιν
1562 3995 1577 4018 ,
1620 3975 1637 4006 ι
1665 3956 1843 4028 Προσ-

249 4038 385 4112 ευχὴ
428 4039 506 4110 τῷ
535 4042 742 4109 Μωῦσῇ
777 4042 1050 4116 ἀνθρώπῳ
1081 4044 1172 4100 τοῦ
1217 4045 1374 4102 Θεοῦ.
1403 4066 1421 4099 t
1487 4047 1703 4121 Ἐπειδὴ
1734 4050 1842 4121 γὰρ

251 4132 561 4203 κεκράτητο
575 4133 686 4204 (74)
700 4132 779 4205 τῷ
798 4135 899 4205 τῆς
921 4137 1197 4208 ἁμαρτίας
1219 4139 1375 4211 κακῷ
1397 4141 1458 4193 τὸ
1478 4140 1841 4212 ἀνθρώπινον,

253 4222 350 4275 καὶ¹
375 4220 476 4292 τῆς
533 4223 667 4293 πρὸς
719 4223 780 4276 τὺ
822 4224 1025 4291 ἀγαθὸν
1071 4226 1315 4291 ἑνώσεως
1347 4229 1660 4301 ἀπορραγὲν
1684 4273 1698 4297 ,
1732 4233 1844 4295 τοῖς

252 4313 520 4376 ἐναντίοις
565 4314 897 4387 συνεφύρετο
927 4316 1162 4381 πάθεσι,
1208 4318 1299 4373 καί
1327 4337 1470 4385 τινος
1502 4321 1673 4374 ἐδεῖτο
1714 4339 1846 4394 πρε-

256 4404 448 4470 σϐείας
468 4444 485 4471 ,
516 4405 651 4477 πρὸς
678 4406 770 4462 τὸν
802 4409 1240 4467 ἀνακαλέσασθαι
1260 4412 1361 4482 τῆς
1391 4413 1668 4478 ἀπωλείας
1695 4413 1848 4469 δυνά-

1937 3318 2101 3377 rebus
2136 3316 2378 3383 absiStit,
2429 3324 2582 3373 tanto
2616 3316 2792 3386 magis
2821 3313 3225 3386 appropinquat
3255 3309 3325 3366 ad
3356 3317 3522 3369 natu-

1940 3426 2058 3469 ram
2106 3426 2228 3480 qua:
2269 3425 2487 3466 omnem
2530 3407 2945 3478 intelligentiam
2981 3413 3309 3476 exsuperat,
3343 3403 3524 3469 imiter

1937 3510 2139 3572 .lurque
2165 3501 2447 3559 beneficiis
2468 3499 2766 3571 largiendis
2790 3499 3014 3554 caeleste
3034 3493 3524 3564 numen,'illuthuc

1935 3593 2074 3663 agit,
2115 3591 2263 3663 quod
2289 3592 2488 3648 divinae
2527 3599 2738 3646 naturae
2780 3588 3062 3660 proprium
3105 3595 3225 3651 est,
3268 3586 3398 3643 dum
3428 3585 3524 3645 be-

1943 3683 2136 3739 neﬁcia
2176 3683 2392 3740 confert
2442 3684 2494 3738 in
2545 3697 2737 3738 omnes
2784 3681 2908 3739 illos
2936 3679 3046 3755 ‘qui
3091 3677 3396 3750 benefactis
3440 3677 3524 3735 in:

1941 3775 2146 3846 digerit.

2020 3868 2341 3940 llujusmodi
2370 3868 2628 3939 quiddam
2657 3869 2841 3924 animo
2868 3874 2922 3924 et
2942 3865 3275 3938 cogitatione
3304 3863 3373 3921 de
3398 3879 3525 3919 sen-

1951 3962 2121 4016 tentia
2156 3963 2350 4031 psalmi
2383 3962 2530 4018 illius
2562 3961 2874 4028 informari,
2897 3960 3056 4031 cujus
3091 3957 3378 4030 inscriptio
3399 3963 3522 4013 est:

1953 4072 1971 4104 ι
2014 4054 2204 4109 Oratio
2236 4053 2408 4126 Moysi
2444 4054 2655 4109 homini
2687 4052 2782 4108 Dei
2818 4072 2829 4106 ;
2869 4071 2888 4105 ι
2928 4058 3218 4123 postquam
3252 4048 3397 4105 enim
3431 4063 3525 4120 ge-

1947 4161 2052 4202 nus
2073 4148 2374 4203 humanum
2407 4164 2437 4200 a
2468 4146 2674 4202 malitia
2707 4159 3030 4217 oppressum
3061 4152 3164 4207 est,
3189 4141 3526 4215 sejunetum-

1947 4254 2054 4310 que
2080 4247 2135 4294 et
2158 4238 2465 4300 abscissum
2497 4252 2526 4291 a
2554 4237 2946 4308 conjunctione
2973 4250 3101 4295 cum
3143 4233 3310 4298 bono,
3346 4233 3401 4288 in
3431 4247 3526 4286 va-

1950 4330 2063 4386 rias
2108 4329 2546 4403 perturbationes
2579 4327 2802 4393 incidit,
2842 4340 3091 4397 opusque
3138 4323 3331 4381 habuit
3366 4323 3527 4377 inter-

1950 4422 2202 4479 cessione
2253 4420 2488 4492 quadam
2510 4459 2525 4485 ,
2566 4426 2625 4478 .et
2660 4419 2930 4490 legatione
2973 4417 3041 4471 ad
3076 4417 3227 4478 illum
3257 4428 3287 4469 a
3319 4427 3428 4484 quo
3459 4412 3528 4467 ab

257 4512 422 4567 μενον
438 4537 454 4562 ,
481 4497 604 4551 ἀντὶ
640 4497 923 4568 πρέσϐεως
950 4503 979 4555 6
1006 4500 1102 4554 τοῦ
1133 4502 1270 4558 Θεοῦ
1296 4502 1582 4576 ἄνθρωπος
1609 4506 1833 4575 γίνεται,

1944 4514 2171 4570 interitu
2219 4511 2462 4568 revocari
2512 4517 2747 4582 posset;
2785 4509 2946 4580 legati
2999 4520 3229 4572 munere
3280 4503 3527 4575 fungitur

255 4585 838 4657 ὐπεραπολογούμενος
879 4591 976 4660 μὲν
1008 4590 1101 4645 τοῦ
1151 4592 1259 4646 τῶν
1287 4594 1575 4665 ὁμοφύλων
1616 4594 1844 4664 πτώμα-

252 4694 349 4740 τος
370 4694 383 4707 ·
409 4679 489 4741 είς
520 4678 578 4732 δὲ
615 4679 706 4732 τὸν
731 4679 841 4735 τῶν
870 4682 1228 4747 ἀπολωλότων
1260 4672 1445 4742 ,οἶκτον
1475 4687 1741 4743 δυσωπῶν
1785 4688 1847 4742 τὸ

248 4768 433 4823 Θεῖον.
492 4769 668 4834 Εὐθὺς
733 4770 844 4844 γὰρ
911 4768 1023 4827 οἷον
1086 4774 1506 4846 ,δικαιολογεῖται
1562 4779 1699 4851 πρὸς
1754 4780 1845 4835 τὸν

254 4858 557 4926 ἀκούοντα,
590 4861 685 4917 καί
716 4879 883 4933 φησι,
918 4865 1064 4937 μόνῳ
1101 4870 1380 4938 προσεῖναι
1418 4868 1498 4940 τῷ
1523 4869 1645 4941 Θεῷ
1681 4872 1744 4924 τὸ
1786 4873 1845 4927 έν

256 4950 426 5002 παντὶ
468 4949 657 5023 ἀγαθῷ
691 4954 887 5024 πάγιόν
932 4973 992 5009 τε
1049 4958 1146 5019 καὶ
1193 4958 1450 5028 ἀκίνητον
1488 4961 1600 5033 (75)
1638 4963 1732 5026 καὶ
1757 4963 1845 5017 ἀεὶ

254 5037 520 5103 ὡσαύτως
544 5040 666 5111 ἔχον
689 5060 703 5072 ·
736 5045 796 5099 ὲν
820 5048 994 5118 τροπῇ
1022 5047 1079 5101 δὲ
1118 5049 1212 5102 καὶ
1234 5049 1515 5104 ἀλλοιώσει
1540 5052 1601 5106 τὸ
1630 5053 1845 5125 ἀνθρὼρ

245 5144 417 5211 ιοιίνον
451 5129 720 5201 κείμενον,
739 5134 1010 5206 μηδέποτε
1036 5138 1129 5193 ἐπὶ
1155 5139 1250 5194 τοῦ
1277 5140 1442 5195 αὐτοῦ
1477 5143 1680 5214 μένειν,
1707 5144 1845 5217 μηδὲ

246 5218 305 5274 εί
338 5219 476 5292 πρὸς
500 5222 561 5276 τὸ
590 5227 837 5296 κρεῖττον
858 5227 996 5283 ἀνίοι
1026 5269 1041 5293 ,
1076 5232 1212 5303 μήτε
1246 5234 1294 5286 εί
1325 5232 1579 5289 ὲκπίπτοι
1607 5234 1709 5305 τῆς
1745 5252 1843 5306 μεμ

254 5311 479 5377 τουσίας
500 5313 597 5368 τοῦ
618 5317 945 5388 κρείττονος.
978 5315 1054 5376 Οὐ
1082 5322 1243 5396 χάριν
1267 5324 1591 5399 καταφυγὴν
1629 5328 1711 5390 είς
1734 5343 1842 5382 σω·-

1946 4606 2127 4677 qnivis
2152 4604 2317 4661 homo
2350 4603 2438 4658 Dei
2466 4643 2480 4667 ,
2532 4609 2789 4672 suscepto
2822 4598 3130 4672 patrocinio
3171 4610 3272 4670 pro
3301 4610 3435 4650 casu
3475 4603 3529 4648 et

1945 4697 2101 4768 lapsu
2132 4710 2322 4752 eorum
2348 4694 2441 4765 qui
2476 4693 2722 4763 ejusdem
2742 4706 2933 4751 secum
2963 4700 3093 4746 sunt
3113 4686 3447 4745 conditionis
3476 4696 3532 4741 ct

1946 4798 2126 4846 status
2145 4828 2161 4853 ,
2188 4789 2481 4858 divinoque
2505 4785 2730 4849 numine
2754 4784 2819 4840 ad
2850 4780 3283 4839 misericordiam
3312 4779 3367 4834 in
3403 4792 3528 4857 per-

1946 4881 2094 4939 ditos
2122 4881 2285 4942 ﬂexo.
2320 4877 2514 4934 Statim
2545 4879 2713 4942 enim,
2747 4875 2903 4946 quasi
2928 4876 2983 4941 in
3014 4873 3224 4945 judicio
3257 4887 3381 4927 cum
3421 4871 3530 4934 Deo

1945 4983 2217 5046 praesente
2249 4983 2302 5028 et
2360 4972 2618 5029 audiente
2649 4970 2790 5041 agit,
2845 4968 3064 5040 ipsique
3114 4967 3215 5024 soli
3263 4975 3526 5036 tanquam

1947 5065 2194 5129 omnium
2226 5064 2496 5127 bonorum
2528 5062 2688 5130 fonti,
2717 5060 3113 5116 immutabilem
3143 5060 3296 5114 illum
3326 5065 3379 5111 et
3404 5071 3529 5125 perv

1945 5165 2109 5228 petuo
2158 5155 2267 5213 sibi
2314 5164 2659 5212 constantem
2703 5154 2805 5215 vite
2844 5159 3088 5220 tenorem
3133 5152 3316 5219 inesse
3345 5148 3515 5203 dicit:

1943 5237 2179 5311 mortale
2213 5252 2393 5303 autem
2423 5246 2704 5303 hominum
2737 5257 2909 5315 genus
2937 5239 3389 5311 conversionibus
3426 5252 3522 5290 va-

1940 5337 2043 5395 riis
2066 5344 2120 5393 et
2149 5318 2622 5395 vicissitudinibus
2657 5334 2956 5393 obnoxium
2984 5331 3187 5395 vivere,
3221 5342 3399 5398 neque
3420 5343 3525 5387 un:-

254 5401 456 5497 τηρίαν
481 5402 627 5497 ἀξιοῖ
649 5406 791 5463 κατά
816 5411 996 5466 πᾶσαν
1028 5413 1221 5495 γενεὰν
1248 5414 1495 5497 γίνεσθαι
1520 5413 1614 5469 τοῦ
1636 5416 1833 5484 πλανωι

1938 5440 2108 5496 quam
2144 5425 2197 5480 in
2230 5425 2421 5481 eodem
2454 5431 2600 5481 statu
2648 5423 2975 5496 persistere,
3008 5435 3079 5477 ne
3125 5430 3239 5477 tum
3270 5416 3521 5493 quidem,

258 5492 423 5564 μένου
446 5496 508 5550 τὸ
533 5497 888 5572 ἀμετάθετον,

355 5700 444 5772 7'2)
467 5700 631 5758 Forte
648 5704 727 5759 δέ.

322 5703 443 5846 ξπ)
470 5771 636 5829 Forte
662 5789 727 5827 on

354 5770 443 5845 73)
470 5771 636 5829 Forte
662 5789 772 5831 om.
804 5777 858 5846 ἡ.

552 5867 829 5941 Ρᾼτιιοι..
863 5871 981 5934 Gn.
1026 5873 1252 5938 XLIV.

1940 5531 2069 5581 pum
2094 5515 2207 5596 jam
2258 5515 2326 5568 ad
2367 5515 2420 5569 id
2451 5514 2596 5585 quod
2632 5513 2983 5591 praasla‘ntius
3013 5519 3099 5568 est
3143 5506 3394 5575 evaserit,
3423 5518 3521 5577 1,10:

2019 5721 2129 5793 (7,4)
2168 5721 2537 5793 κεκράτηται.
2569 5720 2657 5782 ed,

2019 5790 2133 5864 (75)
2166 5792 2275 5845 Καὶ
2294 5790 2550 5861 ἀκίνητον
2586 5805 2693 5844 om.
2719 5790 2807 5845 ed.

3129 5886 3208 5970 1.5
