3888 6354
447 332 552 389 459
1748 329 1805 385 S.
1847 327 2007 385 GREl

2111 328 2175 385 ιιι
2209 326 2505 384 NYSSENI
3604 333 3705 388 £60

447 464 558 520 que
607 420 889 504 tumcum
932 460 961 500 a
996 444 1379 500 communione
1430 445 1830 516 prazstantioris
1872 444 2020 501 illius
2062 443 2191 500 boni
2244 442 2528 505 exciderit.
2556 439 2827 509 Quocirca
2879 448 3032 511 optat
3079 456 3226 506 eum,
3259 441 3353 512 qui
3384 451 3472 501 est
3506 410 3708 500 immu-

447 542 653 609 tabilis,
684 543 802 613 ejus
830 542 920 611 qui
946 540 1076 593 hinc
1106 537 1232 593 inde
1254 537 1498 604 oberrat,
1524 538 1577 592 in
1608 536 1758 592 omni
1789 535 2139 609 generatione
2173 533 2288 589 fleri
2325 533 2616 605 refugium,
2667 531 2859 588 salutis
2900 532 3117 587 tuendae
3155 532 3346 603 gratia.

513 724 606 780 Sic
621 738 747 779 vero
760 721 958 777 Psalmi
971 719 1135 776 verba
1149 735 1268 776 sese
1280 719 1509 774 habent:
1528 738 1548 772 ι
1570 719 1733 783 Deus,
1747 719 2007 791 refugium

2198 717 2350 787 Ἔχει
2373 715 2433 770 δὲ
2455 716 2489 786 ἡ
2519 712 2663 780 λέξις
2684 713 2859 778 οὕτως
2876 728 2891 744 ο
2931 734 2949 766 ι
2976 715 3169 787 Κύριε,
3199 717 3486 790 καταφυγὴ
3512 719 3708 792 ὲγενή-

447 817 620 871 lactus
640 832 699 871 es
719 814 877 870 nobis
898 829 928 867 a
951 813 1302 883 generatione
1325 812 1379 866 in
1403 815 1808 882 generationem
1832 812 1873 866 '.
1908 831 1927 865 ι
1954 808 2007 864 Et

2125 807 2225 880 θης
2248 810 2381 879 ἡμῖν
2415 808 2473 861 ὲν
2502 808 2668 879 γενεᾷ
2700 807 2794 860 καὶ
2821 808 3002 879 γενεᾷ.
3030 827 3049 860 ι
3097 806 3197 861 Διὰ
3228 808 3279 862 τί
3310 808 3468 863 τοῦτο
3493 810 3706 881 λέγωνς

453 922 624 978 quare
638 908 743 963 hoc
763 904 993 960 afﬁrmat
1020 904 1045 959 ?
1070 902 1228 970 Quia,
1254 902 1584 972 inquit,ante
1599 910 1903 957 creaturam
1928 911 2007 963 es,

2128 901 2252 959 Ὀτι
2268 896 2667 971 σὺ,φησὶν,πρδ
2688 899 2788 971 τῆς
2810 899 3038 964 κτίσεως
3060 896 3131 965 εἱ,
3158 904 3267 956 πᾶν
3287 901 3349 955 τὸ
3368 902 3587 960 αἰώνιον
3608 908 3633 958 ὲ
3641 924 3709 975 μ-

437 1013 600 1052 omne
642 995 1029 1065 temporarium
1066 991 1410 1048 intervallum
1440 990 1776 1060 complexus,
1804 1004 1869 1045 ex
1908 1004 2007 1060 quc

2121 988 2391 1061 περιέχων
2433 989 2707 1061 διάστημα
2731 1030 2748 1057 ,
2795 991 2890 1060 ἀφ’
2917 986 2978 1049 οὗ
3019 1009 3078 1046 τε
3111 992 3286 1065 ἀρχὴν
3334 994 3491 1065 ἔσχεν
3533 998 3567 1069 ἡ
3611 996 3706 1050 τοῦ

439 1087 702 1157 temporis
725 1093 923 1141 natura
941 1083 1127 1154 coepit,
1152 1091 1205 1139 et
1232 1083 1287 1137 in
1309 1097 1690 1152 quemcunque
1721 1081 2007 1137 terminum

2121 1081 2316 1146 αἰῶνος
2368 1082 2529 1153 φύσις
2556 1122 2572 1149 ,
2620 1082 2717 1137 καὶ
2754 1084 2836 1147 είς
2879 1083 2910 1137 δ
2991 1101 3046 1138 τι
3081 1084 3472 1157 προελεύσεται
3508 1087 3702 1157 πέρας,

436 1179 741 1234 desiturum
785 1177 895 1245 sit;
927 1191 1051 1231 nam
1096 1173 1427 1230 interminati
1468 1172 1737 1228 terminus
1774 1182 1860 1228 est
1892 1171 2007 1228 infl-

2120 1175 2296 1248 πέρας
2326 1175 2385 1229 δὲ
2411 1174 2504 1229 τοῦ
2534 1176 2889 1247 ἀτελευτήτου
2918 1177 2952 1248 ἠ
2978 1178 3225 1251 ἀπειρία.
3265 1179 3409 1249 «Πρὸ
3433 1179 3529 1234 τοῦ
3552 1180 3654 1252 δρη
3680 1200 3701 1232 ο

436 1269 601 1324 nitas.
639 1287 660 1321 ι
695 1266 1046 1337 Priusquam,
1083 1283 1101 1316 ι
1138 1263 1338 1334 inquit,
1372 1280 1392 1314 ι
1431 1271 1643 1317 montes
1678 1262 1895 1328 flerent,
1926 1273 2007 1318 anl

2115 1266 2226 1336 γὰρ
2249 1305 2262 1330 ,
2292 1264 2456 1335 φησὶ,
2503 1285 2522 1318 ι
2546 1264 2843 1337 γενηθῆναι
2871 1267 2967 1321 καὶ
3008 1268 3311 1339 πλασθῆναι
3338 1269 3438 1341 τὴν
3473 1270 3581 1341 γῆν
3609 1272 3706 1325 καὶ

434 1362 765 1417 formaretur
799 1366 947 1415 terra
996 1364 1051 1413 et
1096 1355 1280 1420 orbis,
1314 1370 1346 1409 a
1378 1354 1601 1417 sacculo,
1645 1362 1701 1408 et
1753 1369 1928 1424 usque
1963 1354 2007 1408 in

2114 1354 2213 1427 τὴν
2244 1353 2569 1427 οἰκουμένην
2598 1394 2613 1419 ,
2652 1355 2748 1408 καὶ
2795 1355 2905 1409 ἀπὸ
2946 1355 3040 1409 τοῦ
3073 1356 3301 1424 αἰῶνος,
3349 1358 3442 1411 καὶ
3469 1357 3574 1422 ἕως
3604 1358 3704 1413 τοῦ

429 1451 763 1507 sacculuqu
795 1465 875 1506 es.
910 1467 929 1501 ι
973 1448 1042 1503 At
1074 1448 1219 1504 enim
1256 1462 1428 1517 genus
1454 1446 1756 1501 humanum
1786 1446 1857 1501 ob
1891 1461 2007 1499 mu-

2113 1446 2308 1511 αίῶνος
2338 1447 2402 1500 σὺ
2436 1444 2537 1501 εἴ.»
2567 1446 2640 1500 Τὸ
2668 1446 2726 1499 δὲ
2750 1446 3088 1518 ἀνθρώπινον
3121 1448 3198 1519 τῷ
3227 1449 3446 1519 τρεπτῷ
3472 1450 3572 1519 τῆς
3601 1450 3705 1520 φύ-

434 1542 755 1597 tabililatem
796 1548 1008 1595 natura:
1049 1555 1113 1595 ex
1161 1538 1485 1599 celsitudine
1527 1536 1708 1592 omnis
1751 1537 1914 1603 boui,
1948 1536 2007 1592 ad

2114 1554 2252 1601 σεως
2281 1539 2346 1591 ὲκ
2371 1537 2466 1591 τοῦ
2495 1536 2662 1607 ὕψους
2687 1536 2795 1589 τῶν
2833 1537 3053 1605 ἀγαθῶν
3082 1538 3217 1607 πρὸς
3255 1539 3314 1592 τὸ
3339 1539 3595 1593 ταπεινόν
3641 1557 3704 1593 τε

433 1633 704 1703 abiectam
736 1639 790 1687 et
818 1633 1081 1688 lubricam
1131 1629 1342 1702 peccati
1376 1627 1749 1684 conditionem
1790 1628 2007 1683 devolu«

2113 1628 2206 1681 καὶ
2248 1627 2534 1700 ὀλισθηρὸν
2577 1628 2676 1699 τῆς
2724 1627 2998 1699 ἁμαρτίας
3030 1629 3350 1700 κατενεχθὲν
3380 1630 3493 1700 (76)
3540 1648 3703 1686 κατεο

368 1709 381 1724 ”
431 1734 550 1781 tum
587 1724 827 1780 decidit:
862 1723 1032 1794 Igitur
1058 1722 1260 1793 praebe,
1287 1720 1488 1789 inquit,
1516 1736 1736 1774 manum
1775 1719 1883 1773 labi
1915 1734 2007 1774 ne-

2115 1719 2253 1791 σύρη
2273 1736 2290 1753 ο
2321 1714 2531 1774 Οὐκοῦν
2563 1720 2783 1792 ὄρεξον,
2818 1723 2954 1791 φησι
2976 1762 2991 1786 ,
3026 1724 3182 1793 χεῖρα
3204 1759 3220 1787 ,
3253 1724 3283 1776 ὀ
3320 1723 3571 1787 ἄπτωτος
3622 1724 3705 1795 τῷ

432 1816 583 1871 scius
642 1771 941 1870 vacillant}.
991 1771 1147 1880 Qiiod
1192 1771 1386 1866 natura
1433 1826 1533 1873 es,
1591 1810 1693 1865 hoc
1738 1817 1794 1864 et
1852 1809 2007 1864 nobis

2112 1771 2461 1885 siuas;
2479 1771 2496 1844 ἓ
2512 1771 2741 1885 ’δέέῥέι
2765 1771 2846 1885 ὲτῖ
2867 1771 3180 1883 ξιξὲιῖᾨὲιῐ
3202 1771 3355 1885 iam“
3365 1771 3703 1886 ἑέᾀξτξζμνὶῖ

430 1908 672 1975 efficere;
723 1923 899 1979 neque
938 1906 1197 1962 deturbes
1242 1905 1395 1959 illum
1442 1920 1506 1960 ex
1551 1904 1643 1958 illa
1694 1903 1748 1958 in
1796 1917 1903 1973 qua
1949 1910 2007 1957 tu

2117 1923 2305 1977 μενος,
2336 1906 2430 1959 καὶ
2462 1924 2481 1957 ι
2524 1906 2600 1978 μὴ
2640 1904 2993 1978 ἁποστρέψῃς
3033 1925 3051 1957 ι
3099 1906 3261 1959 αὑτὸν
3295 1909 3360 1961 ὲκ
3400 1907 3494 1961 τοῦ
3545 1909 3704 1981 παρὰ

428 2000 709 2068 versaris,
786 1997 1107 2063 altitudine,
1189 1996 1245 2051 in
1321 1996 1684 2050 humilitatem
1774 1994 2006 2064 peccati.

2115 1999 2198 2051 σοὶ
2231 1998 2398 2068 ὕψους
2420 2038 2435 2065 ,
2486 2000 2567 2062 είς
2614 1997 2712 2067 τὴν
2744 1998 2855 2068 (77)
2892 1999 2991 2069 τῆς
3026 1997 3302 2068 ἁμαρτίας
3344 2000 3698 2055 ταπείνωσιν.

428 2092 625 2148 Postea
656 2092 805 2149 vocis
845 2090 1060 2147 Domini
1087 2088 1171 2145 sui
1205 2088 1364 2158 quasi
1399 2086 1731 2143 administer
1756 2086 2004 2152 effectus,

2112 2083 2246 2142 Εἶτα
2290 2090 2389 2160 τῆς
2441 2087 2765 2158 δεσππικῆς
2799 2088 2984 2159 φωνῆς
3034 2088 3280 2153 διάκονος
3310 2089 3550 2158 γίνεται,
3604 2092 3704 2145 καὶ

430 2183 589 2243 all'ert
628 2183 849 2254 plenam
880 2181 1224 2237 humanitate
1253 2179 1585 2236 sententiam
1621 2197 1634 2234 :
1672 2197 1692 2231 ι
1736 2177 2007 2244 Quoniam

2112 2181 2376 2250 προφέρει
2422 2179 2520 2250 τὴν
2550 2178 2929 2251 φιλάνθρωπον
2963 2178 3121 2250 ῥῆσιν
3168 2177 3378 2248 λέγων·
3416 2197 3434 2230 ι
3455 2178 3578 2233 Ὅτι
3604 2184 3705 2235 καὶ

428 2276 656 2333 dixisti:
686 2274 1079 2338 Rcvertimini,
1128 2271 1225 2327 filii
1274 2271 1593 2344 hominum;
1645 2290 1665 2323 ›
1715 2286 1823 2341 qua
1876 2284 2007 2326 voce

2111 2266 2312 2335 ainac'.
2355 2270 2771 2343 Ἐπιστρέψατε,
2795 2270 2901 2323 υἱοὶ
2926 2270 3034 2324 τῶν
3056 2270 3408 2343 ἁνθρώπων.ι
3430 2273 3493 2327 Ἡ
3513 2274 3571 2327 δὲ
3588 2291 3705 2328 τοι-

428 2369 626 2438 dogma
658 2366 935 2438 quoddam
974 2365 1325 2431 continetur;
1362 2378 1486 2417 nam
1521 2363 1591 2419 ad
1621 2370 1871 2417 naturam
1905 2376 2010 2417 no-

430 2468 602 2517 stram
628 2459 805 2515 oratio
831 2457 1077 2528 respicit,
1112 2456 1491 2525 malorumque
1524 2454 1851 2510 medicinam
1880 2470 2011 2525 sug-

430 2554 590 2624 gerit.
623 2551 713 2607 Ait
737 2550 883 2606 enim
912 2568 927 2605 :
956 2549 1093 2605 Cum
1120 2562 1219 2603 vos
1245 2547 1495 2603 homines
1521 2547 1811 2602 mutationi
1843 2561 2012 2617 expo-

430 2645 521 2700 siti
558 2659 589 2698 a
624 2642 769 2698 bono
794 2640 1134 2706 decideritis,
1186 2634 1418 2694 utamini
1467 2654 1660 2694 rursus
1706 2639 2012 2696 mutatione

429 2730 499 2784 ad
530 2730 604 2797 id,
638 2736 781 2802 quod
818 2729 1107 2785 honestum
1147 2736 1252 2795 est,
1282 2737 1335 2783 et
1355 2727 1499 2783 unde
1528 2728 1836 2796 cxcidistis,
1870 2730 2011 2797 reci-

431 2838 598 2894 proco
621 2837 787 2877 cursu
819 2818 1178 2876 revertimini.
1211 2817 1332 2885 Quo
1358 2817 1434 2883 fit,
1468 2829 1526 2872 ut
1555 2820 1608 2873 in
1636 2819 1806 2874 libera
1833 2820 2010 2874 homi-

431 2931 562 2971 num
592 2914 848 2968 facultate
875 2913 968 2981 sit,
995 2922 1052 2967 ut
1087 2911 1154 2966 ad
1189 2910 1476 2966 arbitrium
1507 2910 1561 2964 in
1590 2911 1725 2982 ipsis
1754 2927 2009 2982 persevc-

429 3016 573 3072 rcut,
599 3023 719 3077 qua;
746 3010 957 3073 volunt,
982 3005 1101 3061 sive
1126 3005 1269 3059 bona
1298 3004 1410 3057 sint
1438 3004 1551 3058 sive
1579 3004 1744 3057 mala.
1776 3003 1830 3057 ld
1863 3004 2009 3074 quod

2112 2362 2248 2434 αύτη
2279 2364 2450 2436 φωνὴ,
2482 2363 2659 2435 δόγμα
2688 2363 2822 2416 ἐστί·
2856 2362 3042 2433 βλέπει
3061 2365 3170 2435 γὰρ
3186 2366 3319 2434 πρὸς
3350 2365 3448 2435 τὴν
3480 2366 3644 2435 φύσιν
3670 2366 3703 2419 6

2113 2454 2307 2522 λόγος,
2341 2456 2436 2509 καὶ
2481 2454 2580 2526 τὴν
2626 2455 2921 2527 θεραπείαν
2962 2454 3067 2509 τῶν
3121 2457 3306 2511 κακῶν
3358 2458 3697 2514 ὑποτίθεται.

2125 2545 2342 2617 Ἐπειδὴ
2372 2546 2513 2617 γὰρ,
2543 2547 2699 2617 φησὶ,
2727 2548 2951 2617 τρεπτοὶ
2978 2548 3130 2612 ὀντες
3158 2547 3254 2602 τοῦ
3287 2548 3491 2618 ἀγαθοῦ
3523 2551 3701 2623 ἀπερ-

2113 2634 2299 2705 ρύητε,
2327 2636 2603 2707 χρήσασθε
2635 2636 2793 2691 πάλιν
2822 2639 2956 2709 πρὸς
2984 2640 3047 2693 τὸ
3074 2640 3238 2695 καλὸν
3263 2644 3327 2713 τῇ
3357 2645 3532 2714 τροπῇ
3554 2658 3568 2672 ·
3604 2644 3704 2697 καὶ

2110 2726 2232 2781 ὅθεν
2255 2727 2667 2789 ὲκπεπτὼκατε.
2692 2730 2786 2782 ἐπὶ
2805 2731 2866 2782 τὸ
2885 2731 3016 2784 αὐτὸ
3044 2731 3204 2786 πάλιν
3225 2733 3698 2806 ὲπαναστρέψατε.

2122 2818 2212 2882 Ὧς
2243 2818 2302 2871 ἐν
2342 2822 2405 2890 τῇ
2442 2820 2757 2891 προαιρέσει
2804 2820 2912 2874 τῶν
2944 2821 3249 2893 ἀνθρώπων
3301 2819 3440 2880 εἶναι
3484 2825 3548 2880 τὸ
3573 2827 3707 2881 ἑαυ-

2109 2912 2221 2974 τοῖς
2252 2910 2438 2982 νέμειν
2471 2912 2580 2982 (78)
2620 2913 2739 2966 κατ’
2774 2911 3021 2976 ἐξουσίαν
3061 2913 3098 2968 ἃ
3130 2914 3449 2985 βούλονται,
3499 2919 3610 2972 εἴτε
3640 2921 3704 2973 τὸ

2111 3003 2315 3073 ἀγαθὸν
2334 3046 2349 3071 ,
2378 3005 2489 3058 εἴτε
2516 3005 2579 3058 τὸ
2606 3005 2807 3075 φαῦλον
2828 3023 2841 3037 ο
2870 3007 2933 3060 τὸ
2957 3007 3016 3060 δὲ
3043 3008 3242 3079 ἑφεξῆς
3260 3049 3275 3073 ,
3309 3010 3495 3082 ἕτερον
3522 3012 3703 3084 δόγμα

430 3101 679 3173 sequitur
714 3099 949 3153 alterum
996 3096 1193 3166 dogma
1231 3094 1642 3163 complectitur.
1684 3112 1703 3144 ι
1740 3092 2007 3159 Quoniam

2115 3096 2231 3149 ἐστί
2259 3113 2273 3127 ο
2310 3097 2446 3168 φησὶ
2472 3097 2580 3169 γὰρ
2600 3138 2615 3163 ,
2660 3118 2678 3151 ι
2704 3100 2825 3153 ’Ὀτι
2848 3100 2995 3169 χίλια
3026 3100 3120 3172 ἔτη
3166 3103 3224 3153 ἐν
3251 3102 3551 3174 ὀφθαλμοῖς
3581 3123 3699 3171 σου,

428 3197 579 3251 mille
620 3194 748 3248 anni
796 3193 851 3247 in
882 3191 1059 3246 oculis
1096 3190 1236 3255 tuis,
1289 3186 1549 3254 Domine,
1599 3197 1857 3257 tanquam
1895 3187 2012 3243 dies

426 3287 709 3349 hesterna,
745 3298 866 3354 quae
902 3281 1197 3352 prmteriit;
1226 3288 1280 3333 et
1320 3295 1440 3349 qua:
1476 3294 1575 3348 pro
1604 3279 1777 3333 nihilo
1805 3279 2011 3334 baben-

428 3389 760 3445 uinearum
791 3374 921 3429 anni
960 3381 1139 3429 erunt.
1184 3392 1201 3424 ι
1237 3372 1378 3438 Quid
1409 3372 1574 3440 igitur
1604 3371 1879 3443 dogmatis
1917 3386 2012 3425 no-

428 3470 633 3543 blsbic
662 3465 1019 3524 insinuatur?
1055 3466 1113 3519 Ei
1160 3464 1432 3531 videlicet,
1465 3466 1561 3535 qui
1594 3473 1803 3519 mutata
1846 3463 2013 3520 velifi-

428 3560 668 3626 catione,
696 3559 764 3614 ad
782 3567 985 3614 rectam
1005 3556 1224 3612 vivendi
1252 3558 1520 3612 rationem
1545 3556 1863 3620 revertitur,
1882 3556 2011 3610 licet

427 3656 540 3710 vita
568 3654 799 3711 infinitis
832 3654 1100 3731 scelerum
1136 3651 1367 3705 maculis
1398 3660 1580 3706 notata
1623 3650 1716 3715 sit,
1749 3658 1809 3706 ut
1844 3650 2011 3705 colle-

425 3746 536 3803 ctio
564 3746 654 3801 illa
687 3752 1036 3817 peccatorum
1073 3745 1221 3800 mille
1242 3760 1512 3800 annorum
1539 3759 1662 3800 esse
1691 3743 2006 3806 videantur,

425 3850 527 3907 pro
576 3835 747 3891 nihilo
781 3843 948 3890 totam
995 3832 1506 3904 illamcongeriem
1542 3840 1854 3902 reputatum
1901 3832 2006 3897 iri,

425 3927 725 3989 dummodo
753 3926 946 3996 pedem
978 3925 1219 3980 referat:
1256 3941 1382 3979 nam
1409 3926 1633 3979 divinus
1661 3925 1856 3993 oculus
1878 3939 2013 3994 pras-

429 4020 607 4074 scntia
637 3996 857 4088 semper
886 4017 1151 4083 intuetur,
1185 4017 1521 4087 praeteritum
1554 4032 1681 4072 vero
1712 4033 1822 4072 non
1859 4018 2010 4073 aesti-

427 4118 566 4173 mat,
601 4109 696 4167 sed
724 4109 914 4163 instar
944 4107 1109 4164 unius
1140 4107 1271 4172 dici,
1302 4108 1384 4162 vel
1413 4109 1591 4164 noctis
1618 4117 1842 4174 nostra,
1888 4126 2010 4180 qua:

426 4202 540 4272 jam
575 4199 857 4273 praeteriit,
898 4215 928 4254 a
969 4199 1078 4256 Deo
1115 4200 1365 4254 habetur.
1408 4199 1481 4252 At
1514 4198 1567 4254 id
1605 4198 1753 4270 quod
1780 4201 1836 4254 in
1871 4217 2011 4272 pra;-

431 4291 573 4346 senti
600 4289 925 4345 obstrictum
962 4297 1047 4345 est
1077 4289 1316 4355 malitia,
1356 4288 1571 4344 etiamsi
1624 4296 1884 4359 tanquam
1930 4291 2033 4363 ni-,

432 4381 601 4435 hilum
637 4395 668 4436 a
703 4380 1084 4451 peccatoribus
1113 4387 1472 4449 extenuetur,
1519 4378 1663 4436 Deus
1692 4386 1873 4435 tamen
1911 4395 2006 4436 ve-

2114 3187 2309 3259 Κύριε,
2334 3188 2410 3252 ὡς
2441 3190 2474 3259 ἡ
2500 3189 2681 3261 ἡμέρα
2707 3192 2739 3261 ή
2767 3191 2923 3261 ἐχθὲς
2942 3232 2955 3255 ,
2978 3192 3013 3262 ἦ
3041 3210 3124 3257 τις
3149 3192 3352 3262 διῆλθε,
3375 3194 3446 3249 τὰ
3468 3195 3525 3249 δὲ
3551 3198 3704 3264 ἐξου-

2112 3278 2396 3350 δενώματα
2441 3280 2619 3333 αὐτῶν
2667 3282 2762 3353 έτη
2807 3282 3046 3337 ἔσονται.
3082 3303 3101 3335 ι
3147 3285 3213 3337 Τί
3258 3281 3352 3339 οὖν
3399 3289 3458 3339 έν
3490 3290 3702 3355 τούτοις

2112 3370 2457 3442 δογματικῶς
2490 3373 2888 3444 παιδευόμεθα;
2919 3374 2997 3430 ὃτι
3020 3375 3099 3448 τῷ
3133 3376 3193 3442 ἐξ
3219 3379 3556 3452 ἐπιστροφῆς
3591 3383 3700 3436 πά-

2112 3462 2196 3516 λιν
2229 3464 2364 3535 πρὸς
2397 3465 2458 3518 τὸ
2487 3465 2688 3533 ἀγαθὸν
2733 3467 3096 3533 ἀναλύσαντι,
3141 3468 3247 3523 κᾶν
3278 3471 3492 3542 μυρίοις
3525 3476 3553 3526 6
3585 3474 3700 3543 βίος

2112 3558 2446 3630 καταστιχθῇ
2484 3559 2776 3630 πλημμελή
2787 3576 2951 3629 μασιν
2975 3599 2991 3624 ,
3025 3560 3102 3624 ὡς
3124 3562 3310 3632 χιλίων
3349 3564 3488 3617 ἐτῶν
3519 3564 3700 3619 δοκεῖν

2111 3646 2248 3703 εἶναι
2286 3650 2393 3704 τῶν
2427 3651 2609 3705 κακῶν
2637 3651 2719 3706 το
2742 3652 3015 3724 ἄθροισμα
3037 3694 3055 3721 ,
3095 3654 3210 3707 ἀντ’
3237 3655 3448 3720 οὐδενός
3477 3658 3596 3711 ἐστι
3621 3659 3700 3731 τῷ

2111 3742 2230 3813 Θεῷ
2266 3742 2364 3797 ἐπὶ
2403 3742 2499 3797 τοῦ
2552 3744 3013 3815 ἐπιστραφέντος·
3044 3748 3073 3801 6
3101 3745 3209 3818 γὰρ
3242 3746 3383 3811 θεῖος
3418 3749 3699 3821 ὀφθαλμὸς

2110 3835 2171 3889 τὸ
2196 3835 2429 3900 ἐνεστὼς
2457 3837 2543 3890 ἀεὶ
2585 3835 2798 3907 βλέπει,
2839 3837 2901 3892 τὸ
2928 3837 2985 3891 δὲ
3017 3839 3349 3910 παρῳχηκὸς
3388 3842 3449 3893 οὐ
3482 3841 3699 3911 λογίζε-

2109 3944 2202 3982 ται
2221 3946 2235 3960 ο
2267 3928 2382 3981 ἀλλ’
2405 3928 2526 3982 ἀντὶ
2549 3930 2677 3999 μιᾶς
2698 3929 2808 3999 (79)
2834 3929 3048 4001 ἡμέρας
3077 3931 3110 4001 ἢ
3140 3931 3338 4002 μέρους
3358 3932 3472 4004 (80)
3501 3938 3697 4000 νυκτὸς

2111 4019 2262 4091 παρὰ
2286 4019 2366 4091 τῷ
2388 4019 2508 4090 Θεῷ
2538 4021 2821 4092 κρίνεται,
2859 4022 2893 4092 ἥ
2928 4039 3011 4087 τις
3038 4018 3279 4095 παρῆλθέ
3305 4042 3363 4078 τε
3403 4026 3497 4079 καὶ
3527 4031 3699 4101 παρέ-

2108 4111 2303 4183 δραμε.
2339 4112 2412 4166 Τὸ
2439 4112 2496 4166 δὲ
2520 4111 2752 4177 ἐνεστὼς
2783 4115 2841 4167 ὲν
2864 4114 3051 4186 κακίᾳ,
3085 4114 3190 4169 κᾶν
3218 4116 3294 4180 ὡς
3334 4117 3501 4188 μηδὲν
3540 4119 3697 4192 παρὰ

2108 4205 2217 4258 τῶν
2251 4205 2669 4277 ἁμαρτανόντων
2693 4203 3092 4277 ἑξευτελίζηται
3139 4207 3353 4279 (81),ὼς
3398 4210 3538 4264 ἐτῶν
3566 4212 3697 4283 πλῆ-

2109 4297 2202 4362 θος
2222 4298 2300 4369 τῷ
2318 4298 2439 4369 Θεῷ
2467 4298 2786 4371 καθορᾶται.
2814 4300 2955 4373 Φησὶ
2979 4301 3117 4373 γάρ·
3141 4320 3159 4352 ι
3174 4300 3255 4356 Τὰ
3283 4301 3696 4375 ἔξουδενὼματα

2109 4389 2286 4445 αὐτῶν
2317 4390 2411 4463 ἐτη
2450 4391 2715 4449 ἔσονται.»
2746 4391 2943 4457 Καλῶς
2968 4393 3025 4447 δὲ
3053 4395 3153 4448 καὶ
3198 4394 3490 4471 προσφυῶς
3540 4394 3696 4461 ἐξου-

430 4473 510 4527 Ιυι
566 4472 939 4544 longissimam
975 4472 1267 4543 quamdam
1294 4486 1565 4526 annorum
1601 4471 2004 4528 multitudinem

2111 4460 2409 4554 δενώματαή
2432 4483 2688 4556 ὀνομάζει
2729 4484 2798 4539 τὰ
2832 4460 3281 4558 πλημμελήματα
3303 4503 3318 4518 ⁸
3350 4460 3433 4540 δτι
3477 4488 3697 4558 πέφυκέ

429 4564 667 4634 aspicit:
710 4563 1086 4619 dicitxenim:
1126 4581 1144 4615 ι
1183 4564 1315 4631 Quae
1346 4578 1443 4633 pro
1487 4562 1659 4618 nihilo
1706 4563 2005 4628 habentur,

429 4670 622 4711 eorum
654 4655 782 4709 anni
823 4662 1005 4710 erunt.
1042 4674 1083 4709 ι·
1115 4655 1353 4711 Pulchre
1406 4663 1590 4710 autem
1621 4664 1676 4710 et
1717 4656 2008 4728 ingeniose

431 4746 665 4817 appellat
688 4748 944 4815 peccata',
983 4764 1003 4798 ι
1033 4746 1203 4814 nihil;
1234 4766 1253 4799 ι
1300 4761 1427 4801 nam
1448 4747 1541 4817 qui
1583 4755 1811 4818 peccat,
1869 4748 2012 4805 solet

428 4836 834 4911 quodammodo
884 4852 986 4908 pro
1052 4838 1226 4893 nihilo
1276 4847 1563 4910 peccatum
1625 4841 1828 4897 ducere
1884 4860 1897 4897 :
1956 4847 2010 4896 et

428 4945 532 5001 pro
570 4929 765 5001 quovis
811 4929 1017 4986 scelere
1059 4939 1372 5002 perpetrato
1422 4930 1800 4988 defensionem
1846 4933 2008 4990 insti-

426 5033 606 5089 tuetc,
640 5030 701 5077 ut
722 5022 901 5079 cuivis
933 5023 988 5078 in
1011 5038 1342 5094 quocunque
1359 5024 1499 5080 male
1515 5026 1815 5082 commisso
1832 5042 2012 5097 prom-

425 5130 579 5191 ptum
609 5119 683 5175 sit
705 5119 888 5175 dicere
938 5129 954 5167 :
992 5110 1141 5169 Nihil
1199 5123 1286 5171 est
1340 5113 1608 5184 cupiditas
1634 5152 1652 5180 ,
1690 5114 1827 5171 nihil
1883 5116 1965 5172 ira
1994 5156 2011 5183 ,

426 5219 482 5263 et
515 5209 623 5264 alia
658 5208 824 5279 hujus
894 5208 1113 5282 generis
1166 5208 1305 5269 nihil
1366 5217 1535 5277 sunt,
1612 5221 1738 5262 cum
1771 5207 1879 5263 sint
1915 5223 2010 5263 na-

428 5307 564 5357 tum
590 5302 840 5372 quadam
866 5300 1175 5368 motiones;
1213 5306 1407 5359 natura
1431 5314 1563 5357 vero
1598 5314 1740 5371 opus
1783 5298 1900 5356 Dei.

502 5439 683 5497 'Psal.
717 5457 940 5507 LXXXIX,
977 5442 1000 5495 1
1035 5456 1155 5513 sqq.

502 5579 619 5648 (76)
644 5581 720 5633 Τὸ
743 5580 980 5648 ἐνεχθὲν,
1015 5581 1102 5636 ed.

501 5650 618 5720 (77)
662 5650 757 5720 [Εκ
782 5650 906 5706 add.
932 5652 1019 5706 ed.

500 5719 619 5791 (78)
645 5719 737 5773 Ἐν
765 5720 946 5785 αὐτοῖς
975 5720 1146 5792 μένει,
1176 5722 1264 5778 cd.

2113 4592 2231 4639 me;
2258 4577 2287 4629 6
2333 4576 2396 4629 τὸ
2438 4577 2608 4632 κακὸν
2652 4578 2892 4650 ἐνεργῶν
2918 4580 3032 4634 ἀντ’
3074 4580 3287 4643 οὐδενὸς
3334 4579 3587 4651 ἡγεῖσθαι
3633 4581 3697 4635 τὸ

2112 4665 2618 4739 πλημμελούμενον,
2646 4669 2739 4724 καί
2758 4687 2909 4734 τινας
2937 4671 3167 4725 ἑκάστου
3186 4670 3295 4723 τῶν
3325 4670 3466 4725 κατὰ
3493 4673 3698 4725 κακίαν

2112 4758 2412 4829 γινομένων
2437 4761 2825 4834 παρευρίσκειν
2866 4763 3160 4832 ἀπολογίας
3183 4803 3197 4829 ,
3235 4762 3375 4817 ὥστε
3403 4763 3698 4835 πρόχειρον

2111 4844 2252 4904 εἶναι
2293 4849 2355 4904 τὸ
2379 4851 2466 4920 ἐφ’
2505 4852 2720 4924 ἑκάστῳ
2747 4853 2929 4922 λέγειν
2951 4894 2965 4917 ,
2999 4854 3168 4908 Οὐδὲν
3196 4856 3228 4927 ὴ
3261 4853 3523 4923 ἐπιθυμία
3543 4894 3559 4920 ,
3597 4854 3699 4908 καὶ

2111 4942 2263 4997 οὐδὲν
2315 4944 2349 5012 ή
2408 4941 2580 5015 ὀργὴ,
2634 4945 2730 4999 καὶ
2785 4944 2936 4999 οὐδὲν
2987 4945 3214 5001 ἕκαστον
3270 4946 3379 4999 τῶν
3435 4944 3698 4999 τοιούτων

2111 5031 2248 5086 ἐστι.
2285 5032 2505 5099 Φύσεως
2536 5033 2643 5107 γὰρ
2681 5035 2853 5091 ταῦτα
2902 5039 3209 5109 κινήματα·
3249 5040 3283 5109 ή
3317 5037 3374 5093 δὲ
3405 5036 3566 5107 φύσις
3601 5034 3698 5110 ἔρ·

2111 5138 2207 5191 γον
2230 5124 2387 5181 Θεοῦ.

2327 5584 2645 5663 Αᾘμετέρας
2674 5590 2800 5663 add.
2837 5593 2923 5650 ed.

2183 5658 2298 5730 (80)
2326 5658 2674 5730 Μέρουςόηι.
2706 5662 2794 5718 ed.

2185 5728 2298 5802 (81)
2321 5728 2764 5802 Ἐξευτελίζεται,
2795 5734 2887 5793 ed.
