3888 6424
236 448 330 503 461

1698 434 1764 490 IN
1806 432 1930 490 PSA
1940 430 2143 491 LMOS.

3405 399 3508 494 tea
3550 453 3556 458 -

311 561 428 614 Οὐκ
465 560 531 614 ἄν
556 575 609 611 τι
641 556 752 627 (82)
784 555 991 610 τούτων
1021 553 1078 608 ἑν
1104 570 1209 607 τινι
1234 550 1515 623 νομισθείη
1565 547 1721 618 κακῴ
1751 545 1828 618 τῷ

1962 544 2132 618 Igitur
2146 561 2307 603 nemo
2324 547 2519 603 horum
2539 549 2685 605 malo
2712 548 2895 621 aliquo
2912 551 3184 623 obligatus
3200 554 3517 610 censebitur

236 652 509 727 ἐφορῶντι
533 649 631 720 τὴν
660 648 1004 721 ἀνθρωπίνην
1029 646 1175 716 ζωήν
1199 661 1211 674 ·
1234 644 1322 697 διὰ
1344 642 1500 697 τοῦτό
1526 658 1711 711 φησιν,
1741 641 1822 693 ὅτι

243 743 355 799 «τά
415 740 824 812 ἑξουδενώματα
866 759 885 791 ι
944 738 1114 793 ταῦτα
1165 736 1308 808 (85),
1366 737 1497 790 ὅταν
1557 735 1705 806 παρῇ
1756 734 1823 803 τῇ

239 832 557 907 προαιρέσει
603 832 698 885 τοῦ
744 830 1092 903 ἐνεργοῦντος
1113 869 1128 893 ,
1159 828 1252 882 καὶ
1304 827 1378 899 μὴ
1426 825 1702 898 παρέλθῃ,
1750 824 1826 887 ὡς

239 929 445 991 πλάτος
474 926 609 980 ἑτῶν
639 926 791 999 παρὰ
819 925 898 997 τῷ
923 924 1053 992 θείῳ
1074 922 1335 993 ὀφθαλμῷ
1354 921 1424 975 τὰ
1452 919 1575 974 καθ’
1598 918 1826 973 ἑκαστον

240 1019 506 1092 κρίνεται.
554 1018 726 1072 Πάλιν
787 1016 848 1071 τὸ
904 1014 1194 1087 παροδικδν
1244 1015 1343 1084 τῆς
1399 1010 1615 1081 φύσεως
1670 1008 1827 1080 ἡμῶν

244 1114 554 1184 ὑπογράφει
605 1110 683 1181 τῷ
732 1109 876 1180 λόγῳ
899 1150 913 1173 ,
952 1107 1027 1171 ὡς
1071 1107 1137 1161 ἂν
1189 1106 1388 1177 μᾶλλον
1422 1106 1502 1167 είς
1550 1102 1698 1156 ἔλεον
1736 1101 1827 1155 τὸν

243 1205 377 1259 Θεὸν
401 1204 762 1274 δυσωπήσειε.
794 1200 958 1269 Λέγει
979 1197 1088 1270 γάρ
1118 1196 1364 1268 ἐναργῶς
1392 1195 1485 1249 ὑπ’
1519 1194 1641 1265 ὄψιν
1679 1194 1827 1262 ἄγων

242 1297 322 1368 τῷ
356 1294 735 1365 ὑποδείγματι,
779 1291 832 1345 τί
866 1290 974 1364 χρὴ
1013 1289 1255 1361 νομίζειν
1287 1284 1427 1342 εῖναι
1458 1287 1569 1357 (84)
1597 1287 1697 1357 τὴν
1729 1286 1830 1355 τῆς

245 1388 464 1459 φύσεως
497 1386 653 1457 ἡμῶν
675 1383 987 1453 ἀθλιότητα,
1022 1382 1232 1453 πρωῖαν
1259 1381 1354 1434 καὶ
1378 1379 1637 1451 ἑσπέραν.
1662 1378 1831 1430 Τουτ-

245 1482 396 1546 έστι,
444 1480 672 1550 νεότητα
715 1477 810 1532 καὶ
846 1478 1055 1547 γῆρας’
1089 1473 1252 1545 χλόην
1289 1473 1348 1526 ἑν
1384 1471 1462 1543 τῷ
1489 1470 1705 1542 ὄρθρῳ,
1736 1469 1832 1522 καὶ

244 1574 440 1639 ἄνθος,
474 1572 570 1625 καὶ
613 1569 869 1641 πάροδον.
899 1567 1008 1622 Καὶ
1038 1566 1179 1638 μετά
1212 1563 1371 1619 τοῦτο
1416 1564 1514 1634 τῆς
1553 1561 1695 1616 κατά
1733 1559 1831 1632 τὴν

246 1666 466 1737 ἡλικίαν
508 1663 712 1727 νοτίδος
748 1659 1144 1729 ἀναλωθείσ-ης,
1177 1657 1272 1712 καὶ
1314 1654 1410 1710 τοῦ
1452 1654 1619 1726 φυτοῦ
1658 1654 1832 1707 ἀπαν-

248 1761 513 1831 θήσαντος
541 1795 555 1821 ,
594 1758 694 1827 τῆς
737 1772 797 1808 τε
849 1750 1129 1825 συμφυοῦς
1176 1750 1323 1822 ὥρας
1358 1745 1831 1815 διαπνευσθείσης,

249 1853 487 1924 ξηρότης
511 1850 606 1903 καὶ
641 1846 929 1920 μαρασμὸς
956 1845 1019 1898 τὸ
1048 1842 1388 1915 λειπόμενον.
1414 1840 1570 1895 Οὕτω
1597 1836 1706 1910 γάρ
1733 1853 1835 1906 φη-

251 1962 337 2001 σιν
374 1947 404 1998 ὁ
446 1942 602 2011 λόγος
633 1961 685 1995 ο(
711 1940 836 1994 Ὀτι
854 1938 917 1993 τὸ
946 1935 1091 2009 πρωϊ
1119 1935 1342 2008 ἀνθήσοι
1363 1934 1458 1988 καὶ
1495 1932 1608 2004 (85)
1636 1929 1835 2003 παρέλ-

1948 1941 2013 1981 εν
2047 1937 2309 1982 11050θηὶ6
2340 1966 2354 1989 ,

249 2040 358 2101 θοι,
398 2036 457 2089 τὸ
484 2032 724 2105 ἑσπέρας
757 2028 1052 2094 ἁποπέσοι,
1086 2024 1481 2098 σκληρυνθείη,
1516 2024 1610 2078 κα).
1639 2022 1837 2095 ξηραν-

252 2131 396 2200 θείη.
429 2148 447 2181 ι
480 2124 705 2195 Τοῦτοὴ
732 2122 1045 2194 ἀνθρωπίνη
1078 2120 1257 2189 φύσις.
1301 2119 1390 2172 Ἐν
1411 2116 1469 2171 δὲ
1493 2117 1605 2180 τοῖς
1637 2113 1836 2186 ἑφεξῆς

250 2223 414 2277 πλέον
444 2216 841 2281 κατοικτίζεται
863 2214 925 2268 τὸ
953 2212 1313 2285 ἀνθρώπινον,
1340 2209 1515 2278 λέγων
1542 2205 1837 2277 δεδαπανῆ-

250 2316 381 2369 ulla:
425 2315 492 2385 τῇ
528 2311 667 2383 ὀργῇ
719 2309 819 2381 τὴν
862 2307 972 2361 τῶν
1011 2303 1312 2375 ἀνθρώπιον
1351 2302 1496 2373 ζωὴν
1519 2341 1535 2365 ,
1584 2294 1694 2354 οἷόν
1729 2314 1837 2353 τινι

254 2406 442 2477 ἀνέμῳ
469 2407 536 2475 τῇ
564 2401 660 2456 τοῦ
698 2397 870 2471 θυμοῦ
904 2397 1176 2469 προσϐολῇ
1216 2394 1637 2467 χειμαζομένην.
1669 2392 1836 2462 Δῆλον

252 2500 332 2561 δὲ,
358 2500 440 2551 ὅτι
462 2495 554 2550 διά
569 2494 670 2566 τῆς
698 2492 868 2564 ὀργῆς
901 2490 996 2545 καὶ
1022 2488 1116 2542 τοῦ
1147 2487 1319 2559 θυμοῦ
1341 2486 1442 2557 τὴν
1469 2483 1838 2553 ἀποστατικὴν

253 2588 603 2661 διασημαίνει
642 2586 921 2656 ἐνέργειαν
945 2623 959 2648 ,
988 2581 1055 2635 δι’
1095 2575 1164 2651 ἧς
1210 2577 1450 2648 ἔκλειψις
1491 2578 1589 2648 μὲν
1628 2576 1838 2645 γίνεται

253 2685 362 2754 τῆς
391 2682 535 2751 ζωῆς
556 2680 671 2742 τοῖς
696 2672 1004 2749 ἀνθρώποις
1028 2688 1043 2703 ο
1074 2671 1288 2743 ταραχὴ
1316 2671 1374 2725 δὲ
1411 2668 1505 2723 τοῦ
1542 2669 1840 2740 ἡσυχάζον-

254 2792 370 2838 τος.
410 2771 566 2826 υῦτω
584 2771 642 2824 δὲ
672 2772 704 2840 ὴ
733 2768 875 2835 λέξις
899 2767 1039 2838 ἔχει’
1078 2785 1097 2817 ί
1121 2764 1476 2834 Ἐξελίπομεν
1514 2765 1571 2817 ὲν
1605 2765 1672 2833 τῇ
1701 2764 1837 2832 ὀργῆ

259 2886 381 2934 σου,
402 2867 497 2920 καὶ
523 2867 580 2918 ὲν
606 2862 685 2933 τῷ
703 2861 860 2934 θυμῷ
886 2877 979 2913 σου
1009 2857 1416 2930 ἐταράχθημεν.
1438 2876 1456 2909 ι
1496 2854 1605 2910 Καὶ
1632 2854 1841 2918 τούτοις

258 2960 462 3027 ἑπάγει
512 2956 579 3009 δι’
620 2952 914 3032 ἀκολούθου
966 2950 1029 3004 τὸ
1081 2950 1154 3023 μὴ
1208 2948 1438 3021 πρέπειν
1492 2946 1612 3017 Θεῷ
1665 2945 1843 3017 θέαμα

258 3049 535 3109 ποιεῖσθαι
558 3048 659 3119 τὴν
692 3043 1038 3117 ἀνθρωπίνην
1074 3042 1304 3108 κακίαν,
1340 3040 1473 3113 μηδὲ
1511 3041 1621 3094 δεῖν
1658 3040 1843 3110 φαίνε-

261 3146 391 3202 σθαι
421 3142 500 3214 τῷ
524 3139 786 3213 ἀκηράτῳ
830 3135 1106 3207 προσώπῳ
1149 3134 1241 3189 τὸν
1280 3132 1685 3205 ἑμμολυνθέντα
1725 3134 1844 3195 ταῖς

263 3232 561 3307 ἁμαρτίαις
590 3228 747 3301 ἡμῶν
798 3225 1000 3280 αἰῶνα·
1046 3224 1193 3294 λέγει
1242 3224 1299 3277 δὲ
1343 3223 1545 3277 οὑτωσὶ
1594 3225 1658 3294 τῇ
1693 3225 1842 3294 φωνῇ

260 3325 363 3398 τὴν
404 3321 657 3391 τοιαύτην
697 3316 1017 3388 ἑρμηνεύων
1045 3314 1285 3370 διάνοιαν
1307 3329 1321 3345 ⁸
1369 3332 1387 3366 ι
1412 3314 1574 3368 Ἐθου
1604 3314 1703 3378 τὰς
1729 3314 1849 3367 ἀνο-

267 3417 400 3489 μίας
424 3411 578 3486 ήμῶν
609 3408 847 3464 ἑναντίον
889 3404 1005 3461 σοῦ.
1033 3425 1052 3459 ι
1086 3407 1180 3471 Ὠς
1214 3407 1279 3461 ἂν
1305 3406 1359 3459 εί
1377 3423 1462 3470 τις
1493 3405 1555 3460 τὺ
1583 3424 1603 3459 ι
1638 3407 1723 3491 ἵνα
1752 3405 1804 3458 τί
1824 3424 1841 3457 ι

265 3506 526 3579 προσθεὶς
573 3504 667 3557 ἐπὶ
694 3502 756 3556 τὸ
789 3500 1121 3571 σαφέστερον
1158 3499 1389 3571 προάγοι
1432 3498 1519 3553 τὸν
1545 3498 1701 3567 λόγον
1727 3538 1740 3562 ,
1775 3497 1851 3560 ὡς

264 3598 411 3658 εἶναι
448 3597 701 3669 τοιαύτην
754 3592 849 3649 τοῦ
887 3594 1128 3665 ῥήματος
1179 3592 1278 3663 τὴν
1305 3591 1576 3645 διάνοιανο
1607 3591 1728 3644 Ὅτι
1769 3590 1851 3642 σο).

265 3692 562 3769 πρέπειτά
606 3676 745 3743 καλά
794 3690 852 3742 ἑν
884 3686 1180 3757 ὀφθαλμοῖς
1215 3684 1357 3755 ἔχειν
1385 3702 1399 3715 ο
1434 3683 1494 3737 τὸ
1530 3682 1586 3736 δὲ
1628 3683 1848 3753 ἄνομον,

414 3781 565 3854 παρά
592 3778 686 3833 σοῦ
709 3776 936 3851 ὁρᾶσθαι
958 3776 1193 3840 ἀνάξιον.
1230 3771 1482 3829 Τοιοῦτον
1503 3768 1595 3826 οὖν
1628 3770 1852 3842 ποίησον

266 3879 334 3933 τὺ
358 3873 696 3947 ἀνθρώπινον
718 3910 733 3935 ,
786 3869 864 3933 ὼς
906 3868 1008 3939 τῆς
1046 3867 1159 3939 (87)
1191 3866 1494 3937 ἐπισκοπῆς
1530 3863 1604 3937 μὴ
1637 3861 1853 3926 ἀνάξιον

270 3967 449 4032 εῖναι,
480 3963 616 4018 ἀλλά
648 3962 761 4033 (88)
790 3959 1045 4030 γενέσθαι
1075 3960 1168 4014 τὸν
1209 3958 1381 4013 αἰῶνα
1429 3956 1586 4028 ἡμῶν
1630 3953 1722 4008 τοῦ
1773 3955 1856 4007 σοὶ

270 4054 563 4131 φαίνεσθαι
596 4052 770 4118 ἄξιον·
804 4052 881 4116 ὼς
898 4053 959 4108 τό
974 4068 1036 4121 γε
1051 4049 1147 4105 νῦν
1164 4048 1342 4120 ἑχον,‹
1370 4049 1541 4103 πᾶσαι
1572 4047 1629 4102 at
1650 4045 1855 4119 ἡμέραι

272 4144 439 4217 ἡμῶν
473 4144 770 4210 ἑξέλιπονοι
797 4140 859 4195 τὸ
894 4142 1000 4213 γὰρ
1030 4142 1087 4195 ἑν
1123 4141 1206 4194 σοι
1239 4138 1313 4211 μὴ
1343 4138 1480 4195 εἷναι
1504 4180 1519 4203 ,
1559 4139 1680 4193 οὐδὲ
1711 4138 1857 4192 ἔστιν

271 4238 417 4301 ὅλως
448 4231 618 4289 εἶναι·
650 4228 726 4289 ὧν
780 4233 889 4305 γὰρ
944 4234 1304 4306 ἐπικρατήσει
1332 4235 1365 4304 ἡ
1400 4232 1513 4303 (89)
1553 4232 1653 4302 τῆς
1688 4231 1860 4303 ὀργῆς

273 4329 567 4387 δυναστεία
589 4370 604 4395 ,
635 4326 1005 4387 ἀνυπόστατος
1044 4325 1138 4379 κα)⁸
1173 4321 1440 4392 σκιοειδής
1468 4326 1614 4378 ἐστιν
1656 4323 1691 4395 ἡ
1726 4321 1858 4393 ζωὴ,

272 4422 401 4478 καθ’
430 4416 722 4491 ὁμοιότητα
744 4416 839 4471 τοῦ
864 4416 1121 4489 ἀραχνίου
1152 4417 1392 4487 νήματος
1412 4431 1424 4444 ·
1448 4415 1525 4479 ὡς
1555 4415 1662 4489 γὰρ
1686 4415 1861 4491 ἐκεῖνο

272 4513 528 4584 φαίνεται
563 4510 682 4583 μὲν,
717 4509 821 4573 ἓως
858 4509 924 4564 ἂν
960 4507 1231 4572 συνεστὼς
1259 4507 1394 4581 τύχῃ
1421 4525 1433 4537 ·
1466 4508 1515 4560 εί
1543 4506 1598 4559 δέ
1621 4524 1703 4570 τις
1728 4507 1863 4560 ἑπα-

1930 639 1999 712 ab
2025 655 2091 694 eo
2123 639 2216 708 qui
2246 639 2538 694 humanam
2568 640 2736 695 vitam
2773 642 3015 697 intuetur
3044 660 3058 697 :
3094 642 3165 698 ob
3210 644 3263 698 id
3296 645 3469 716 inquit
3495 665 3509 702 :

1939 751 1958 783 ι
1980 732 2110 799 Quae
2131 746 2230 802 pro
2246 732 2418 787 nihilo
2447 733 2515 788 ab
2544 734 2680 804 ipsis
2696 734 2967 791 habentur
2992 753 3004 790 :
3047 755 3065 787 ι
3084 737 3130 791 si
3163 747 3515 807 perseverent

1935 823 1989 876 in
2018 823 2302 877 voluntate
2334 830 2388 878 et
2424 824 2707 894 proposito
2760 825 3039 895 operantis
3073 840 3251 896 neque
3286 835 3514 896 praeter-

1938 916 2122 979 ierint,
2180 922 2441 985 tanquam
2482 930 2749 971 annorum
2812 916 3218 972 multitudinem
3266 934 3297 973 a
3327 919 3516 974 divino

1942 1009 2106 1064 oculo
2136 1008 2417 1079 sigillatim
2434 1009 2693 1080 judicari.
2725 1010 2939 1067 Rursus
2960 1012 3378 1068 mutabilitatem
3414 1030 3514 1068 na-

1939 1110 2077 1157 turae
2111 1110 2313 1156 nostra:
2337 1092 2585 1158 oratione
2614 1101 2896 1167 describit,
2930 1112 2989 1157 ut
3022 1103 3189 1158 Deum
3222 1106 3398 1175 magis
3446 1107 3512 1158 ad

1938 1181 2767 1251 misericordiamcommoveat.
2809 1194 3099 1251 Manifesto
3145 1196 3291 1251 enim
3330 1212 3514 1252 exem-

1936 1288 2027 1357 plo
2057 1287 2237 1352 docet,
2268 1286 2530 1355 quidnam
2579 1293 2819 1342 statuere
2872 1287 3168 1342 debeamus
3198 1288 3266 1343 de
3303 1297 3515 1345 natura:

1935 1383 2144 1436 nostra;
2192 1380 2457 1448 miseria;
2492 1394 2611 1435 eam
2663 1380 2925 1435 nimirum
2978 1382 3118 1436 nihil
3164 1383 3312 1438 aliud
3368 1399 3513 1450 esse,

1934 1489 2100 1544 quam
2135 1488 2296 1529 mane
2324 1473 2595 1544 quoddam
2630 1482 2686 1528 et
2720 1489 3024 1544 vesperam,
3052 1475 3156 1530 hoc
3193 1487 3297 1539 est,
3320 1478 3518 1547 juven-

1934 1573 2109 1622 tutem
2141 1573 2195 1621 et
2225 1573 2587 1630 senectutem,
2617 1566 2892 1637 viventem
2933 1568 3097 1622 simul
3124 1576 3181 1625 et
3222 1568 3519 1627 florescen-

1935 1667 2046 1712 tem
2079 1656 2184 1713 sub
2205 1657 2534 1723 diluculum,
2566 1656 2661 1712 sed
2691 1664 2875 1712 tamen
2908 1666 3344 1728 praetereuntem.
3366 1660 3521 1718 Post-

1938 1749 2055 1804 hasc
2088 1757 2419 1820 consumpto
2456 1748 2617 1819 quasi
2648 1749 2945 1814 vegetioris
2992 1758 3048 1806 et
3091 1751 3369 1808 viridioris
3417 1755 3517 1809 aevi

1936 1856 2084 1909 rore,
2105 1841 2401 1913 plantaque
2429 1840 2822 1897 deﬂorescente
2931 1849 2987 1895 et
3059 1839 3249 1894 innato
3320 1840 3517 1896 decore

2443 1925 2495 1982 id
2588 1926 2734 1997 quod
2819 1926 3144 1996 relinquitur
3203 1931 3341 1986 nihil
3370 1932 3518 1987 aliud

1939 2028 2026 2078 est
2060 2036 2224 2092 quam
2255 2020 2520 2076 arefactio
2564 2028 2620 2076 et
2662 2020 2980 2076 exsiccatio.
3045 2021 3137 2077 Sic
3191 2022 3337 2077 enim
3396 2025 3515 2080 ait:

1944 2128 1965 2165 ι
2005 2111 2275 2180 Quoniam
2303 2127 2462 2167 mane
2495 2120 2757 2182 tanquam
2792 2111 2962 2194 herba
2995 2121 3260 2180 transeat,
3293 2130 3520 2185 vespere

1939 2203 2178 2270 decidat,
2215 2203 2436 2261 induret
2472 2211 2529 2260 et
2570 2202 2964 2260 arescat.>Hoe
2993 2204 3248 2262 videlicet
3280 2206 3519 2263 humana

1940 2303 2137 2353 natura
2173 2306 2277 2353 est.
2307 2295 2367 2352 In
2391 2297 2460 2352 iis
2481 2311 2609 2353 vero
2631 2311 2755 2369 quae
2781 2304 3113 2369 sequuntur;
3147 2297 3321 2370 magis
3340 2299 3519 2356 adhuc

1939 2388 2253 2444 mortalium
2285 2372 2661 2444 conditionem
2695 2389 2990 2445 miseratur
3019 2398 3071 2447 et
3094 2391 3364 2461 deplorat,
3394 2408 3519 2450 cum

1941 2479 2039 2547 ait,
2081 2487 2466 2551 consumptam
2518 2495 2644 2537 esse
2688 2481 2746 2535 in
2782 2480 2865 2535 ira
2900 2482 3066 2537 vitam
3121 2482 3428 2551 hominum,
3469 2497 3525 2542 et

1943 2571 2092 2627 velut
2116 2579 2281 2627 vento
2312 2572 2552 2643 quodam
2585 2571 2791 2629 furoris
2855 2572 3193 2630 immissione
3248 2577 3521 2633 turbatam

1943 2669 1998 2717 et
2026 2663 2378 2733 exagitatam.
2416 2661 2772 2733 Perspicuum
2793 2673 2974 2720 autem
3008 2666 3249 2722 arbitror
3280 2683 3402 2723 eum
3429 2669 3525 2724 ira:

1944 2763 1999 2810 et
2030 2753 2236 2811 furoris
2267 2755 2587 2812 nominibus
2624 2755 2915 2827 designare
2967 2759 3368 2828 operationem,
3414 2777 3521 2832 qua

1947 2861 1975 2899 a
2007 2844 2118 2903 Deo
2150 2848 2472 2904 absistimus
2495 2857 2549 2904 et
2578 2848 2883 2918 deficimus,
2908 2865 3029 2921 quce
3060 2850 3375 2909 hominibus
3402 2855 3525 2909 vitae

1947 2939 2108 2995 linem
2139 2939 2328 3005 all‘ert;
2361 2940 2609 2996 turbatio
2632 2955 2764 2998 vero
2803 2941 2923 3013 ejus
2950 2952 3055 3009 est,
3090 2944 3237 3013 quod
3263 2945 3521 3015 quiescit.

1950 3030 2043 3086 Sic
2064 3039 2244 3087 autem
2275 3032 2437 3089 verba
2467 3048 2588 3090 sese
2622 3033 2861 3090 habent:
2894 3055 2912 3087 ι
2942 3036 3210 3102 Quoniam
3242 3039 3294 3093 in
3322 3039 3403 3094 ira
3436 3049 3525 3096 tua

1948 3122 2254 3205 defecimus
2280 3168 2295 3192 ,
2335 3135 2387 3181 et
2420 3126 2474 3180 in
2513 3124 2701 3183 furore
2726 3135 2823 3183 tuo
2859 3129 3064 3184 turbati
3100 3146 3313 3188 sumus.
3352 3151 3371 3185 ι
3403 3131 3529 3187 His-

1949 3230 2058 3287 que
2087 3216 2281 3273 ordine
2311 3232 2554 3290 congruo
2584 3220 2758 3285 addit,
2789 3236 2899 3277 non
2926 3221 3139 3289 decere,
3170 3231 3227 3278 ut
3258 3223 3399 3282 Deus
3429 3226 3532 3281 hu~
3646 3233 3653 3239 '

1951 3324 2171 3365 manam
2198 3312 2466 3366 malitiam
2501 3312 2607 3368 sibi
2657 3314 2789 3370 velit
2816 3329 2939 3371 esse
2969 3319 3299 3387 spectaculo,
3355 3336 3533 3392 neque

1951 3402 2216 3458 inviolato
2250 3403 2326 3458 illi
2360 3404 2536 3459 vultui
2571 3420 2835 3477 apparere
2864 3407 3063 3465 debere
3081 3424 3255 3465 aevum
3282 3419 3533 3470 nostrum

1951 3496 2194 3567 peccatis
2232 3504 2287 3552 et
2319 3496 2542 3568 ﬂagitiis
2578 3499 2961 3570 inquinatum:
2998 3501 3080 3557 sic
3125 3508 3256 3559 vero
3287 3504 3355 3560 ad
3403 3522 3527 3561 ver-

1952 3587 2082 3642 bum
2118 3589 2174 3642 in
2207 3588 2352 3643 hanc
2379 3590 2705 3645 sententiam
2742 3591 3022 3661 loquitur:
3058 3611 3078 3645 ι
3139 3592 3378 3653 Posuisti
3430 3598 3535 3653 ini-

1953 3682 2188 3750 quitates
2226 3689 2447 3738 nostras
2498 3682 2554 3737 in
2617 3693 2916 3753 conspectu
2973 3690 3087 3741 tuo.
3133 3705 3152 3738 ι
3195 3685 3266 3741 Ut
3311 3689 3357 3744 si
3409 3692 3534 3761 quis

1955 3773 2169 3842 adjecta
2199 3774 2392 3830 vocula
2430 3792 2449 3827 ι
2474 3773 2656 3840 Quare
2692 3795 2714 3830 ι
2741 3776 3030 3832 clariorem
3058 3781 3381 3836 sententiam
3413 3785 3532 3839 red-

1955 3868 2085 3922 dere
2114 3867 2263 3932 velit,
2308 3866 2399 3922 hic
2432 3868 2596 3937 hujus
2631 3868 2735 3924 loci
2789 3884 2986 3926 sensus
3019 3872 3089 3927 sit
3138 3872 3356 3930 futurus
3387 3890 3401 3926 :
3434 3874 3535 3931 De-

1957 3966 2043 4013 cet
2072 3965 2125 4013 te
2162 3957 2393 4030 pulchra
2428 3966 2554 4014 ante
2581 3959 2774 4015 oculos
2798 3960 3023 4028 habere,
3064 3961 3326 4034 iniquitas
3353 3973 3534 4020 autem

1958 4050 2183 4122 indigna
2218 4059 2325 4118 est,
2349 4065 2472 4122 qua:
2501 4066 2530 4105 a
2567 4059 2619 4107 te
2650 4054 2970 4124 aspicietur.
3006 4053 3165 4111 Tales
3201 4056 3366 4127 igitur
3389 4057 3538 4114 ellire

1959 4142 2233 4206 homines,
2264 4149 2325 4196 ut
2353 4158 2422 4198 ne
2445 4149 2541 4198 tuo
2574 4144 2777 4200 intuitu
2825 4146 2936 4203 sint
2984 4147 3191 4220 indigni
3224 4166 3239 4215 ;
3288 4148 3384 4205 sed
3429 4151 3538 4204 vita

1960 4241 2152 4289 nostra
2182 4232 2351 4306 digna
2381 4233 2453 4290 sit
2482 4235 2581 4289 tibi
2624 4237 2836 4292 ostendi
2863 4256 2877 4300 ;
2925 4246 3116 4309 utpote
3146 4249 3412 4311 quantum
3468 4243 3533 4297 ad

1963 4332 2289 4395 praesentem
2346 4332 2547 4382 statum
2581 4328 2885 4397 pertinet,¢
2944 4344 3136 4386 omnes
3189 4331 3308 4387 dies
3337 4340 3537 4389 nostra:

1963 4415 2312 4483 defecerunt;
2351 4437 2369 4468 ι
2404 4416 2549 4486 quod
2583 4418 2729 4473 enim
2776 4418 2829 4471 in
2889 4425 2944 4473 te
3000 4435 3112 4475 non
3144 4429 3271 4484 ‘est,
3308 4437 3535 4492 prorsus

1965 4523 2077 4563 non
2109 4515 2212 4564 est.
2244 4507 2454 4573 Quibus
2482 4509 2626 4564 enim
2663 4510 2760 4565 iras
2789 4511 3031 4581 potentia
3060 4518 3112 4566 et
3144 4512 3226 4568 vis
3260 4516 3539 4582 praevalet,

272 4606 441 4675 γάγοι
464 4602 562 4675 τὴν
584 4604 774 4673 χεῖρα,
825 4600 1170 4673 παραχρῆμα
1205 4599 1342 4672 πρὸς
1372 4599 1472 4671 τὴν
1506 4598 1720 4669 ἐπαφὴν
1751 4596 1844 4651 τῶι

1965 4600 2052 4657 his
2080 4601 2190 4654 vita
2219 4599 2467 4671 quadam
2499 4601 2810 4657 umbratilis
2843 4610 2897 4656 et
2950 4602 3177 4659 minime
3236 4606 3543 4663 subsistens

273 4696 559 4751 δακτύλων
592 4694 844 4767 διαρρυὲν
872 4691 1193 4762 ἀφανίζεται
1212 4709 1226 4723 ο
1262 4690 1434 4755 οὕτως
1458 4689 1551 4744 καὶ
1589 4691 1617 4742 ὁ
1648 4687 1859 4759 ἀνθρώ-

275 4804 435 4849 πινος
471 4785 583 4857 βίος
608 4789 729 4847 ταῖς
758 4785 867 4856 (90)
899 4784 1292 4846 ἀνυποστάτοις
1318 4782 1577 4843 σπουδαῖς
1598 4823 1612 4847 ,
1646 4775 1757 4834 οἷόν
1783 4797 1863 4834 τι-

277 4897 370 4933 σιν
403 4877 666 4950 ἑναερίοις
696 4874 807 4949 (91)
823 4877 1064 4947 νήμασιν
1085 4875 1172 4928 ἀεὶ
1189 4874 1657 4946 συμπλεκόμενος,
1676 4872 1863 4945 ,μάτην

277 4968 562 5040 ὲξυφαίνει
601 4968 715 5040 (92)
765 4968 864 5039 τὴν
901 4967 1250 5039 ἀνύπαρκτον
1299 4967 1633 5039 ἱστουργίαν.
1677 4958 1862 5036 Οὗπερ

277 5063 340 5118 ετ
364 5079 452 5126 τις
490 5061 784 5133 καθάψοιτο
816 5059 1028 5134 στερρῷ
1058 5042 1338 5131 λογισμῷ,
1370 5059 1735 5129 διαδιδράσκει
1766 5058 1862 5129 τὴν

276 5153 457 5225 λαΰὴν
475 5156 509 5226 ἡ
530 5155 639 5225 (95)
664 5154 866 5225 ματαία
888 5152 1114 5224 σπουδὴ,
1132 5152 1227 5206 καὶ
1256 5154 1336 5216 είς
1356 5150 1505 5205 οὐδὲν
1522 5151 1859 5220 ἀφανίζεται·

279 5245 469 5300 πάντα
489 5244 596 5314 γὰρ
629 5244 697 5299 τά
726 5244 867 5299 κατά
894 5243 991 5316 τὴν
1025 5241 1169 5314 ζωὴν
1197 5243 1402 5313 ταύτην
1433 5241 1862 5314 σπουδαζόμενα,

358 5450 473 5519 (82)
504 5452 621 5514 Τις,
648 5450 735 5508 ed.

361 5519 476 5592 (83)
501 5521 711 5592 Αρτῶν,
744 5522 831 5577 ed.

363 5587 479 5662 (84)
513 5587 669 5650 Εἶναι
693 5607 803 5647 om.
828 5593 913 5648 ed.

363 5596 457 5662 (84
513 5596 669 5650 Είναι
693 5607 803 5647 om.
828 5596 913 5648 ed.

360 5596 479 5733 (85)
504 5661 605 5733 ζΩς
632 5663 853 5733 ήνκλόην
892 5662 980 5718 edo

360 5680 478 5801 ἓξὲξ
500 5680 606 5785 ἦξὲ
629 5680 872 5787 Milli.

360 5802 479 5873 (87)
502 5802 755 5873 Σῆςεᾱύ.
785 5803 875 5873 εὐ,

359 5869 477 5934 (88)
522 5869 679 5926 Ἀλλὰ
709 5873 774 5927 ad
813 5869 950 5927 εἶναι
973 5888 1081 5928 om.
1122 5871 1210 5928 ed.
1237 5884 1457 5942 propter
1499 5873 1872 5941 repetitionem

1967 4692 2205 4760 ducitur,
2240 4691 2309 4746 ad
2328 4692 2740 4750 similitudinem
2769 4695 2888 4750 telae
2917 4710 3240 4751 aranearum
3269 4716 3284 4766 ;
3311 4707 3371 4753 ut
3396 4699 3541 4755 enim

1967 4785 2059 4839 illa
2093 4795 2318 4857 apparet
2364 4784 2585 4857 quidem
2638 4787 2820 4857 quoad
2854 4802 3102 4844 connexa
3156 4789 3355 4860 fuerit;
3397 4800 3451 4846 at
3497 4797 3543 4849 sl

1965 4875 2090 4947 quis
2120 4891 2342 4930 manum
2377 4877 2705 4945 admoverit,
2733 4878 3026 4952 derepente
3059 4882 3311 4938 contactu
3338 4883 3544 4953 digito-

1968 4984 2089 5022 rum
2120 4968 2369 5024 dilabens
2395 4969 2677 5027 evanescit
2703 4986 2718 5027 :
2753 4971 2833 5026 sic
2864 4979 2919 5027 et
2946 4973 3182 5030 humana
3217 4976 3323 5030 vita
3354 4991 3545 5046 super—

1967 5062 2225 5117 vacaneis
2256 5068 2310 5117 et
2365 5077 2476 5117 non
2528 5063 2958 5123 consistentibus
3009 5066 3228 5131 studiis,
3282 5075 3540 5137 tanquam

1970 5154 2132 5209 aeriis
2165 5154 2494 5225 quihusdam
2531 5155 2658 5223 illis,
2709 5173 2925 5231 semper
2950 5159 3246 5230 implicata,
3303 5161 3545 5220 contexit

1973 5245 2077 5301 sibi
2106 5262 2215 5301 non
2248 5247 2638 5305 subsistentem
2679 5250 2840 5305 telam
2870 5268 2885 5318 ;
2917 5264 3078 5322 quam
3111 5250 3157 5306 si
3213 5250 3334 5319 quis
3388 5248 3543 5312 ﬁrma

1971 5456 2118 5512 verbi
2148 5453 2311 5510 εἶναι.

2044 5525 2155 5596 (89)
2207 5526 2270 5578 Ἡ
2301 5540 2409 5580 om.
2452 5525 2551 5580 Ed.

2046 5597 2160 5667 (90)
2185 5597 2317 5667 ’[αῖς
2339 5612 2449 5652 om.
2487 5597 2574 5651 ed.

2047 5664 2161 5737 (9i)
2198 5664 2366 5737 Forte
2397 5666 2697 5737 ἀραχνίοις.

2044 5736 2157 5805 (92)
2180 5735 2336 5805 Λύτῶ
2363 5735 2487 5789 add.
2522 5735 2608 5793 ed.

2048 5744 2136 5802 (92
2180 5744 2336 5805 Λύτῴ
2363 5744 2487 5789 add.

2048 5744 2159 5875 (95)
2203 5807 2265 5857 Ἠ
2288 5820 2394 5859 om.
2422 5807 2512 5863 ed.
