3888 6378
441 396 542 450 ιδδ
613 428 617 432 -

1750 397 1807 452 S.
1850 395 2178 453 GRECORII
2218 397 2511 454 NYSSENI

3597 407 3695 462 Mil

438 513 772 582 cogitatione
808 513 1198 582 apprehendat,
1257 512 1444 582 effugit
1475 521 1816 600 ‘contactum
1873 530 2005 569 vana

2116 517 2292 585 οἶησίς
2333 517 2447 569 ἐστι
2474 555 2488 578 ,
2520 515 2616 568 καὶ
2648 517 2744 585 οὐχ
2796 516 3089 580 ὑπόστασις
3111 530 3125 544 ⁸
3164 520 3336 588 οἴησις
3369 522 3400 588 ἡ
3437 520 3610 592 τιμὴ,
3640 524 3698 575 τὸ

439 603 725 666 sedulitas,
761 603 927 671 inque
970 603 1206 656 nihilum
1243 603 1455 657 recidit.
1489 602 1683 658 Omnia
1719 603 1862 657 enim
1895 605 2017 674 qui-

439 697 540 750 bus
574 696 628 749 in
657 696 758 748 hac
790 695 896 747 vita
932 695 1242 749 mortalium
1275 709 1421 748 cura:
1442 695 1794 760 distinentur,
1831 695 2013 749 inanis

437 786 683 855 quaedam
722 785 910 855 opinio
935 793 1086 853 sunt,
1123 786 1370 856 nihilque
1419 787 1769 853 subsistens;
1827 787 2015 857 opinio

436 886 520 934 est
561 878 758 943 honor,
809 877 1070 948 dignitas,
1132 881 1349 948 generis
1381 879 1678 944 claritudo,
1730 880 2013 949 superbia,

435 971 620 1036 elatio,
655 970 875 1036 divitiae,
908 980 963 1025 et
1001 971 1091 1026 his
1131 972 1352 1037 similia,
1406 973 1608 1042 quibus
1664 972 1786 1026 vitae
1847 972 2014 1041 hujus

434 1063 620 1117 aranei
661 1063 914 1118 inhiant:
953 1063 1156 1118 idcirco
1191 1065 1320 1118 talia
1384 1064 1474 1119 Dei
1531 1065 1740 1120 medela
1808 1074 2009 1135 egent;

437 1155 576 1207 hanc
624 1155 768 1209 enim
830 1155 1026 1223 subjici
1062 1157 1227 1210 credo
1279 1157 1624 1232 sententiam“
1666 1158 1741 1210 illi
1792 1158 1957 1212 verbo
1997 1174 2010 1210 :

439 1264 456 1296 ι
501 1247 768 1312 Quoniam
794 1246 911 1300 dies
946 1261 1215 1300 annorum
1274 1229 1693 1301 nostrorumuin
1755 1246 1890 1316 ipsis
1927 1262 2013 1300 se-

432 1345 712 1414 ptuaginta
741 1344 867 1397 anni
900 1362 912 1398 :
945 1344 990 1400 si
1022 1351 1203 1397 autem
1233 1343 1286 1396 in
1321 1342 1689 1412 polentatibus
1724 1343 2003 1412 octoginta

434 1437 583 1499 anni,
613 1447 668 1490 et.
729 1436 962 1506 amplius
999 1450 1224 1500 eorum,
1283 1435 1437 1488 tabor
1498 1443 1549 1489 et
1583 1433 1778 1499 dolor;
1815 1452 1833 1484 ι
1905 1450 2010 1488 non

431 1529 559 1600 quia
589 1545 751 1599 supra
784 1530 1105 1599 praedictum
1158 1528 1452 1584 terminum
1508 1527 1713 1582 viventi
1769 1527 1879 1580 vita
1941 1525 2013 1580 sit

432 1621 750 1687 laboriosa;
785 1621 877 1676 sed
936 1621 1063 1690 quia
1121 1621 1260 1674 adeo
1320 1618 1503 1673 brevis
1569 1618 1694 1671 vita:
1723 1616 2010 1686 potissima

433 1729 560 1782 pars
590 1714 643 1768 in
678 1711 862 1766 labore
890 1718 942 1766 et
971 1711 1160 1765 dolore
1183 1709 1549 1764 consumitur.
1593 1703 1770 1761 Labor
1811 1713 1896 1761 est
1930 1704 2012 1758 in-

431 1807 601 1860 fantia
629 1824 642 1872 ;
681 1806 754 1859 lal
769 1819 855 1870 or,
889 1804 1189 1873 juventus;
1243 1811 1398 1867 aetas,
1434 1817 1554 1871 qua:
1586 1801 1727 1855 inter
1749 1799 1865 1854 haec
1897 1814 2010 1854 me-

2121 610 2354 678 ἀξίωμα,
2378 609 2437 674 τὸ
2459 609 2613 676 γένος
2637 647 2650 672 ,
2673 611 2701 661 ὁ
2722 609 2887 677 τῦφος
2906 649 2922 672 ,
2952 611 2982 662 ὁ
3009 609 3169 678 ὄγκος
3193 649 3207 674 ,
3235 611 3265 662 ὁ
3283 609 3514 674 πλοῦτος
3534 653 3548 676 ,
3573 613 3696 666 πάν-

2118 717 2185 754 τα
2210 700 2275 754 τὰ
2303 700 2545 764 τοιαῦτα,
2577 696 2656 764 οἷς
2682 700 3051 772 ἐμμελετῶσιν
3083 703 3137 755 αἱ
3175 702 3267 754 τοῦ
3293 702 3408 772 βίου
3441 703 3693 773 ἀράχναι·

2117 789 2176 847 οὗ
2207 793 2365 864 χάριν
2394 792 2459 846 τὰ
2489 793 2730 856 τοιαῦτα,
2759 793 2896 847 θεοῦ
2925 793 3092 847 δεῖται
3123 794 3234 864 (94)
3264 793 3696 868 θεραπεύοντος·

2117 885 2318 955 ταύτην
2349 885 2456 954 γὰρ
2487 884 2726 956 ἡγοῦμαι
2764 885 2857 938 τοῦ
2894 885 3057 957 ῥητοῦ
3095 887 3194 956 τὴν
3221 886 3460 940 διάνοιαν
3489 885 3586 940 τοῦ
3613 886 3699 941 λέ-

2117 993 2330 1045 γοντος·
2351 995 2368 1026 ι
2395 975 2516 1030 Ὅτι
2546 979 2599 1031 αί
2630 977 2834 1048 ἡμέραι
2889 975 3001 1029 τῶν
3047 976 3186 1030 ἐτῶν
3211 977 3369 1047 ἡμῶν
3411 980 3469 1030 ἐν
3519 978 3699 1042 αὐτοῖς

2117 1067 2484 1138 ἐϐδομήκοντα
2518 1067 2634 1137 ἔτη.
2679 1069 2803 1121 Ἐὰν
2831 1067 2885 1120 δὲ
2915 1069 2972 1120 ἐν
2995 1068 3337 1131 δυναστείαις
3369 1068 3696 1138 ὀγδοήκοντα

2118 1159 2208 1228 ἔτη
2231 1199 2244 1221 ,
2277 1160 2369 1212 καὶ
2427 1159 2488 1212 τὸ
2546 1160 2728 1213 πλεῖον
2777 1159 2956 1212 αὐτῶν
3006 1159 3174 1223 κόπος
3201 1160 3296 1212 καὶ
3326 1160 3506 1223 πόνος.
3531 1180 3550 1211 r
3586 1159 3699 1230 Οὐχ

2115 1253 2196 1304 ὅτι
2230 1252 2306 1321 τῷ
2335 1253 2474 1324 ὑπὲρ
2498 1251 2556 1305 τὸ
2602 1253 2800 1322 μέτρον
2824 1251 2980 1304 τοῦτο
3021 1249 3182 1314 ζῶντι
3210 1252 3239 1304 ό
3269 1250 3382 1320 βίος
3413 1253 3692 1318 ἐπίπονος,

2115 1342 2227 1394 ἀλλ’
2257 1343 2337 1394 ὅτι
2364 1345 2462 1410 τῆς
2491 1342 2634 1395 οὕτω
2675 1342 2932 1414 βραχείας
2966 1340 3112 1411 ζωῆς
3145 1342 3202 1394 ἐν
3236 1342 3390 1411 κόπῳ
3428 1342 3490 1394 τὸ
3535 1341 3697 1399 πλέον

2115 1435 2230 1487 ἐστὶ
2261 1435 2352 1488 καὶ
2379 1435 2543 1504 πόνῳ.
2564 1435 2732 1497 Πόνος
2750 1473 2764 1496 ,
2792 1435 2825 1505 ἠ
2856 1433 3118 1504 νηπιότης
3138 1451 3149 1462 ·
3185 1432 3351 1494 κόπος
3369 1474 3383 1498 ,
3415 1434 3658 1504 ήνεότης
3678 1450 3692 1465 ·

2113 1525 2142 1578 ὁ
2178 1528 2235 1579 ἐν
2260 1524 2338 1596 τῷ
2362 1527 2509 1596 μέσῳ
2531 1525 2674 1595 βίος,
2710 1526 2870 1578 πλέον
2903 1529 3015 1588 τοῖς
3049 1527 3229 1589 πόνοις
3265 1525 3691 1594 ἐνδαψιλεύεται.

2115 1619 2186 1670 Τὸ
2223 1618 2280 1671 δέ
2322 1620 2529 1688 γῆρας,
2559 1618 2921 1689 διαφερόντως
2949 1619 3084 1688 αῦτῇ
3125 1622 3190 1690 τῇ
3243 1618 3405 1690 πολιᾷ
3433 1620 3526 1672 καὶ
3572 1623 3694 1684 ταῖς

2115 1708 2312 1777 ῥυτίσι,
2334 1708 2424 1761 τὸν
2458 1708 2797 1778 πλεονασμὸν
2823 1709 2914 1762 τοῦ
2946 1709 3113 1762 κόπου
3149 1710 3486 1782 μαρτύρεται
3507 1750 3524 1766 .
3582 1711 3696 1765 Πά-

2114 1797 2195 1851 λιν
2222 1798 2404 1870 ἕτερον
2433 1799 2638 1852 ἐπινοεῖ
2662 1799 2880 1870 τρόπον,
2961 1801 3109 1861 ὅπως
3145 1801 3211 1854 ἂν
3245 1804 3357 1864 τοῖς
3384 1798 3696 1872 ἀνθρώποις

431 1897 544 1960 dia,
577 1896 748 1966 magis
775 1895 952 1949 adhuc
996 1894 1274 1948 laboribus
1307 1891 1694 1956 conﬂictatur;
1753 1897 2005 1944 senectus

2113 1889 2359 1962 ίλεωθείη
2391 1890 2449 1944 τὸ
2478 1888 2654 1944 Θεῖον.
2688 1892 2922 1962 Τοιαύτη
2963 1893 3020 1946 δὲ
3070 1892 3179 1946 τῶν
3207 1891 3512 1962 λεγομένων
3547 1894 3695 1947 ἐστὶν

431 1988 549 2057 ipsa
580 1987 784 2042 canitie
814 1994 867 2041 et
890 1986 1041 2056 rugis
1070 1986 1282 2054 copiam
1307 1991 1361 2037 et
1389 1980 1777 2037 abundantiam
1801 1979 2008 2034 laboris

432 2080 649 2151 egregie
700 2087 953 2149 testatur,
991 2078 1190 2134 lterum
1228 2076 1395 2130 alium
1455 2074 1727 2146 excogitat
1762 2072 2004 2138 modum,

428 2185 539 2238 quo
563 2170 880 2225 hominibus
907 2170 1154 2224 divinum
1172 2167 1384 2224 Numen
1407 2166 1683 2238 propitiet,
1700 2165 1800 2219 hoc
1822 2162 2010 2218 verboc

429 2275 548 2313 rum
583 2276 747 2316 sensu
786 2280 798 2314 :
829 2258 1183 2316 Peccatorum
1217 2268 1534 2315 nostrorum
1557 2257 1730 2313 moles
1754 2271 2006 2326 magnam

429 2351 589 2407 nobis
631 2351 887 2406 conciliat
920 2367 1160 2421 poenam,
1194 2360 1248 2406 et
1283 2351 1516 2406 facultas
1546 2358 1756 2404 natura:
1805 2358 2006 2404 nostra:

427 2449 540 2496 tam
583 2443 796 2498 inﬁrma
831 2451 938 2506 est,
999 2451 1056 2498 ut
1113 2443 1336 2498 minime
1378 2457 1573 2513 capere
1633 2441 1808 2512 possit
1841 2441 2004 2504 iram,

427 2549 551 2603 quae
582 2550 684 2606 pro
714 2535 910 2590 merito
938 2545 1288 2605 peccatorum
1343 2535 1617 2600 int‘ertur;
1675 2547 1848 2603 quare
1880 2532 2008 2586 licet

427 2625 557 2679 mite
587 2632 640 2679 et
677 2624 1016 2680 moderatum
1042 2627 1134 2693 sit,
1155 2623 1209 2679 id
1237 2625 1381 2696 quod
1409 2624 1662 2696 supplicii
1699 2625 1821 2678 loco
1845 2622 2004 2678 nobis

427 2715 722 2783 incutitur;
751 2717 887 2771 satis
919 2725 1104 2772 tamen
1137 2724 1221 2773 est
1259 2717 1322 2771 ad
1373 2716 1777 2785 correptionem
1833 2721 1888 2768 et
1920 2713 2006 2766 in-i

2106 1982 2138 2051 ή
2171 1979 2409 2034 διάνοιαο
2442 1982 2501 2033 '0
2539 1982 2637 2052 μὲν
2675 1982 2782 2036 τῶν
2811 1983 3096 2053 ἁμαρτιῶν
3135 1985 3166 2052 ἡ
3178 1983 3293 2053 μῶν
3326 1984 3486 2049 ὄγκος
3518 1983 3694 2052 μεγά-

2106 2067 2202 2138 λην
2230 2070 2516 2138 ἐφέλκεται
2542 2071 2641 2142 τὴν
2662 2073 2929 2143 τιμωρίαν
2947 2089 2960 2104 ο
2985 2072 3234 2143 οὐτιδανῆ
3266 2073 3322 2126 δὲ
3348 2073 3446 2144 τῆς
3475 2073 3693 2141 φύσεως

2106 2165 2138 2235 ἡ
2165 2165 2461 2227 ὑπόστασις
2481 2208 2494 2230 ,
2522 2164 2598 2228 ὼς
2628 2165 2700 2235 μὴ
2722 2165 2968 2236 χωρῆσαι
3001 2164 3097 2236 τὴν
3133 2168 3253 2218 κατ’
3281 2164 3435 2229 ἀξίαν
3461 2164 3553 2218 ἐπὶ
3579 2168 3694 2228 τοῖς

2108 2253 2580 2328 πλημμεληθεῖσιν
2617 2257 2808 2328 ὀργήν.
2843 2257 3003 2310 Ἀλλὰ
3051 2257 3152 2310 κᾶν
3202 2259 3372 2329 πρᾷον
3465 2256 3526 2310 τὸ
3554 2257 3696 2310 ἐπα-

2113 2345 2342 2414 γόμενον
2407 2349 2487 2410 είς
2534 2347 2801 2417 τιμωρίαν
2854 2349 3021 2418 ἡμῖν,
3091 2347 3273 2401 ἱκανὸν
3338 2346 3491 2401 ἔσται
3557 2347 3695 2417 πρὸς

2115 2437 2360 2491 παιδείαν
2381 2441 2491 2502 τοῖς
2523 2440 2914 2509 ὑπομένουσιν·
2958 2441 3007 2492 εί
3041 2435 3132 2493 οῦν
3173 2441 3232 2493 τὸ
3263 2442 3432 2511 πρᾷον
3461 2440 3564 2510 τῆς
3598 2442 3695 2494 ἀνα

2113 2529 2364 2593 τιδόσεως
2400 2529 2534 2601 πρὸς
2569 2531 2846 2585 παίδευσίν
2875 2549 2932 2584 τε
2961 2533 3052 2585 καὶ
3083 2533 3348 2604 τιμωρίαν
3378 2532 3694 2603 ἐξήρκεσεν,

2113 2621 2196 2684 τίς
2224 2619 2286 2675 τὸ
2313 2622 2510 2690 κράτος
2538 2623 2637 2693 τῆς
2665 2623 2832 2694 ὀργῆς
2867 2624 3256 2692 ὑποστήσεται;
3292 2623 3325 2694 ἢ
3349 2623 3432 2688 τίς
3463 2622 3697 2695 ἀριθμὸς

2111 2707 2205 2766 τοῦ
2238 2711 2410 2784 θυμοῦ
2441 2712 2532 2777 16y
2565 2714 2728 2783 φόϐον
2754 2715 3088 2785 ἐκμετρῆσαι
3113 2714 3426 2786 δυνήσεται;

426 2808 764 2865 stitutionem
802 2810 869 2866 iis
895 2812 988 2882 qui
1035 2812 1085 2866 id
1120 2813 1388 2883 patienter
1440 2813 1696 2866 tolerant.
1764 2807 1822 2863 Si
1881 2807 2048 2878 igitur
2101 2815 2388 2862 mansueta
2447 2808 2738 2862 retributio
2797 2807 2994 2862 sutlicit
3055 2807 3122 2861 ad
3191 2809 3594 2878 correptionem
3640 2814 3699 2863 et

425 2899 731 2965 mulctam;
777 2901 902 2970 quis
960 2902 1256 2971 potentiam
1319 2902 1414 2957 ira:
1475 2900 1745 2958 sutl‘eret?
1779 2899 1861 2954 vel
1911 2897 2035 2966 quis
2074 2911 2340 2952 numerus
2395 2898 2645 2952 timorem
2691 2897 2895 2954 furoris
2938 2899 3146 2954 emetiri
3201 2898 3442 2968 poterit?

497 2989 639 3061 Ergo
676 2991 721 3044 si
751 2991 1088 3048 intoleranda
1121 3002 1206 3049 est
1233 2996 1326 3049 ira:
1353 2995 1693 3066 magnitudo,
1724 2992 2007 3048 toleranda

426 3092 608 3140 autem
641 3085 781 3139 actio
810 3100 932 3140 cum
971 3085 1305 3141 humanitate
1342 3095 1396 3142 et
1429 3086 1850 3142 mansuetudine
1880 3102 2006 3142 sus-

2186 2989 2248 3041 Εί
2273 2986 2366 3042 οὖν
2397 2989 2769 3054 ἀνυπόστατος
2801 2990 2898 3061 μὲν
2926 2992 2958 3058 ἡ
2985 2989 3143 3062 ὀργὴ,
3169 2989 3387 3060 χωρητὴ
3409 2989 3463 3043 δὲ
3485 2991 3518 3060 ἡ
3551 2989 3700 3044 κατὰ

2116 3077 2526 3148 φιλανθρωπίαν
2557 3079 2836 3150 ἐνέργεια,
2875 3097 2893 3130 ι
2944 3078 3117 3144 οὕτως
3149 3079 3410 3152 γνώρισον
3437 3081 3570 3149 ἡμῖν
3597 3081 3698 3152 τὴν

423 3186 580 3248 cepta
608 3221 622 3244 ,
671 3197 688 3229 ι
722 3179 802 3233 sic
833 3187 1017 3232 notam
1050 3181 1134 3232 fac
1164 3178 1322 3233 nobis
1359 3179 1638 3233 dexteram
1677 3185 1848 3239 tuam,
1886 3196 1903 3228 ι
1950 3186 2005 3233 ιιι

2112 3163 2292 3228 δεξιάν
2343 3182 2437 3219 σου
2459 3207 2473 3231 ,
2509 3185 2526 3218 ι
2566 3167 2640 3230 ὡς
2681 3168 2925 3239 χωρῆσαι
2962 3167 3256 3238 δυνάμεθα,
3294 3171 3351 3222 ἐν
3384 3169 3567 3240 σοφίᾳ,
3594 3170 3698 3223 οὐκ

424 3269 546 3338 ejus
581 3284 809 3339 capaces
851 3269 1064 3337 simus;
1107 3270 1162 3324 in
1198 3270 1485 3340 sapientia,
1518 3285 1628 3324 non
1669 3269 1723 3324 in
1745 3268 2006 3336 vindicta,

426 3363 772 3432 correptione
805 3372 994 3417 nostra
1019 3372 1124 3418 ate
1151 3362 1312 3418 nobis
1346 3363 1720 3434 proveniente.
1751 3362 2009 3440 Exposita

427 3453 591 3519 igitur
614 3454 756 3508 hunc
788 3455 841 3508 in
879 3456 1098 3510 modum
1124 3457 1417 3520 sententia,
1443 3472 1787 3527 consequens
1821 3455 2005 3519 fuerit,

425 3545 546 3616 ipsa
579 3547 845 3604 divinitus
890 3549 1152 3620 inspirata
1183 3551 1348 3606 verba
1405 3551 1654 3617 reddere,
1680 3566 1801 3620 quae
1834 3551 1914 3606 sic
1949 3565 2010 3604 se

425 3635 666 3690 habent:
707 3656 723 3688 ι
768 3636 1040 3704 Quoniam
1075 3639 1221 3693 venit
1281 3639 1642 3694 mansuetudo
1681 3653 1844 3707 super
1883 3651 2004 3701 nos,

423 3736 477 3781 rt
509 3730 891 3799 corripiemur.
935 3729 1070 3796 Quis
1113 3731 1261 3785 novit
1297 3737 1619 3799 potestatem
1657 3731 1749 3784 ira:
1772 3713 1916 3791 tute,
1949 3737 2007 3781 et

425 3835 534 3889 pra:
574 3821 767 3876 timore
792 3832 884 3875 tuo
933 3822 1070 3876 iram
1109 3829 1258 3876 tuam
1288 3822 1682 3877 dinumerare?
1716 3821 2002 3876 Dexteram

424 3920 572 3965 tuam
604 3913 682 3968 sic
705 3922 885 3968 notam
911 3913 1018 3978 fac,
1038 3924 1091 3969 et
1107 3915 1359 3970 eruditos
1389 3915 1554 3969 corde
1584 3914 1638 3968 in
1665 3915 1958 3983 sapientia.
1981 3933 1999 3967 ι

422 3999 718 4055 Pulchrum
745 4018 874 4058 vero
899 4011 985 4057 est
1014 4002 1067 4057 id
1089 4003 1233 4073 quod
1258 4003 1451 4058 ordine
1473 4003 1851 4073 subjungitur,
1878 4017 2004 4057 cum

425 4092 501 4144 ait
535 4106 634 4146 nos
685 4093 755 4147 oh
791 4101 1002 4148 natura:
1054 4094 1482 4149 imbecillitatem
1516 4111 1625 4148 non
1659 4111 1854 4164 capere
1913 4095 2006 4150 ira:

425 4183 878 4254 magnitudinem,
905 4200 1068 4254 quam
1093 4194 1286 4240 contra
1310 4202 1411 4242 nos
1430 4187 1672 4241 concitat
1698 4195 2002 4256 peccatmn,

423 4293 548 4333 cum
587 4286 766 4333 tamen
825 4278 1165 4349 indigeamus
1200 4281 1564 4351 correptione,
1600 4281 1695 4337 sed
1742 4282 2004 4351 corripiat

419 4381 474 4430 et
505 4371 718 4426 erudiat
749 4387 849 4428 nos
884 4373 1058 4443 magis
1093 4373 1268 4438 salus,
1313 4389 1478 4444 quam
1539 4377 1866 4430 revertendo
1911 4391 2006 4430 ac-

421 4463 715 4532 quirimus,
749 4480 913 4534 quam
944 4465 1274 4536 supplicium
1305 4467 1545 4536 peccatis
1573 4465 1860 4522 inﬂictum.
1897 4467 2002 4538 lgi-

420 4563 514 4608 tur
543 4566 804 4611 converte
835 4573 957 4620 nos,
992 4557 1240 4622 Domine,
1275 4558 1423 4612 nulla
1453 4559 1720 4616 dilatione
1773 4561 1840 4614 ad
1872 4575 2000 4628 gra-
2037 4518 2080 4573 D

421 4645 553 4699 tiam
589 4647 929 4716 interposita.
963 4647 1098 4703 Illud
1144 4664 1274 4705 vero
1323 4666 1341 4701 ι
1379 4664 1688 4721 usquequo,
1733 4669 1751 4701 ι
1791 4650 2000 4720 signiti-

419 4741 510 4788 cat
544 4736 996 4791 accelerationem
1052 4739 1278 4807 gratim:
1317 4757 1336 4789 ι
1379 4737 1444 4792 Ει
1475 4739 1838 4810 deprecabilis
1879 4747 2000 4795 esto

419 4835 588 4892 super
615 4811 802 4878 servos
830 4833 974 4890 tuos,
1021 4843 1040 4875 ι
1079 4840 1187 4879 non
1222 4826 1365 4880 enim
1411 4825 1626 4891 alienis,
1665 4827 1862 4896 inquit,
1901 4826 1999 4882 sed

419 4899 658 4980 propriis
691 4911 866 4965 servis
905 4913 1371 4968 reconciliaberis.
1431 4912 1634 4969 Deinde
1689 4915 1846 4984 quasi
1881 4915 1996 4985 jam

417 4997 650 5067 gratiam
677 4997 927 5069 adeptus,
954 5001 1417 5072 conspicatusque
1470 5002 1599 5058 illud
1658 5003 1864 5066 lumen,
1902 5019 1999 5073 per

418 5084 564 5155 quod
593 5087 832 5142 tenebrae
864 5087 918 5141 in
969 5085 1071 5141 hac
1102 5088 1210 5142 vita
1267 5090 1641 5144 oberrantium
1677 5092 1995 5146 illuminan-

415 5181 530 5241 tur,
561 5181 616 5230 et
636 5173 792 5230 tunde
821 5176 1040 5232 virtutis
1067 5174 1190 5232 dies
1234 5177 1536 5232 illucescit:
1574 5197 1593 5230 ι
1636 5177 1844 5250 Repleti
1898 5196 1994 5237 su-

415 5276 560 5328 mus,
597 5281 616 5314 »
655 5264 854 5334 inquit,
889 5283 908 5318 ι
944 5279 1105 5320 mane
1135 5266 1510 5322 misericordia
1554 5276 1668 5332 tua,
1705 5276 1757 5321 ct
1813 5270 1997 5324 exsul-

414 5351 671 5418 tavimus,
703 5360 759 5408 et
784 5352 1034 5410 delectati
1077 5370 1307 5410 sumus:
1350 5375 1369 5410 ι
1403 5358 1668 5413 successit
1721 5358 1866 5412 enim
1898 5367 1993 5413 tua

411 5442 585 5506 gratia
620 5441 873 5512 tempori,
918 5457 1029 5514 quo
1062 5443 1299 5514 peccatis
1347 5443 1592 5502 immersi
1650 5446 1990 5513 tenebamur,

483 5637 594 5706 (94)
622 5638 720 5694 Ed.
741 5641 864 5695 add.
883 5646 999 5699 τοῦ.

507 5707 598 5781 95)
617 5709 700 5781 ,Ἒῇ
731 5711 934 5781 μωρίᾳ,
962 5715 1051 5771 ed-

507 5720 598 5771 95)
623 5720 700 5780 ἰῇ
735 5720 873 5781 μωρί
922 5755 934 5774 ,
962 5720 1051 5771 ed.

479 5720 592 5851 (96)
615 5730 970 5853 Ἐπίστρειῗον
1009 5800 1116 5839 om.
1140 5787 1226 5840 ed.

2113 3254 2171 3308 ἐν
2215 3255 2457 3327 τιμωρίᾳ
2487 3256 2630 3328 (95),
2681 3258 2829 3328 παρὰ
2884 3256 2977 3310 σοῦ
3024 3259 3122 3328 τῆς
3177 3257 3511 3322 παιδεύσεως
3562 3259 3696 3329 ἡμῖν

2109 3347 2531 3419 ἐνεργουμένης.
2576 3347 3008 3420 Προεκτεθείσης
3046 3349 3224 3401 τοίνυν
3257 3351 3390 3419 ἡμῖν
3428 3349 3527 3419 τῆς
3580 3349 3696 3402 δια-

2109 3437 2290 3502 νοίας,
2327 3439 2616 3492 ἀκόλουθον
2665 3440 2731 3493 ἂν
2783 3442 2906 3510 εἴη,
2957 3441 3052 3494 καὶ
3089 3439 3230 3494 αὐτὰ
3279 3441 3580 3509 ἐπαγαγεῖν
3627 3440 3695 3494 τὰ

2108 3529 2439 3586 θεόπνευστα
2505 3533 2758 3603 ῥήματα,
2819 3533 3008 3586 τοῦτον
3072 3531 3263 3603 ἔχοντα
3319 3532 3412 3584 τὸν
3468 3530 3690 3602 τρόπον’

2112 3640 2133 3675 ι
2179 3623 2300 3676 Ὅτι
2329 3621 2530 3691 ἐπῆλθε
2579 3622 2823 3694 πρᾳότης
2869 3622 2955 3692 ἐφ’
2988 3624 3169 3694 ἡμᾶς,
3198 3624 3291 3676 κα).
3332 3622 3692 3691 παιδευθησόο

2109 3708 2272 3782 μεθα.
2314 3711 2411 3774 Τίς
2441 3710 2699 3779 γινώσκει
2745 3712 2807 3764 τὸ
2852 3711 3053 3782 κράτος
3097 3712 3197 3781 τῆς
3226 3712 3399 3783 ὀργῆς
3433 3728 3527 3764 σου
3549 3751 3563 3777 ,
3599 3711 3694 3764 καὶ

2105 3801 2214 3857 ἀπὺ
2255 3801 2350 3856 τοῦ
2385 3802 2551 3871 φόϐου
2589 3819 2681 3855 σου
2713 3802 2802 3857 τὸν
2833 3802 3002 3874 θυμόν
3035 3819 3127 3856 σου
3177 3803 3690 3876 ἐξαριθμήσασθαις

2105 3894 2204 3967 τὴν
2237 3894 2414 3962 δεξιάν
2468 3913 2560 3949 σου
2615 3895 2787 3959 οὕτως
2829 3894 3096 3966 γνώρισόν
3145 3914 3233 3967 μοι
3285 3898 3378 3950 καὶ
3423 3897 3548 3960 τοὺς
3590 3915 3690 3950 πεο

2106 3989 2296 4042 παιδευ
2306 3989 2500 4060 μένους
2524 3989 2622 4060 τὴν
2646 3987 2871 4058 καρδίαν
2903 3989 2960 4041 ἐν
2991 3987 3151 4059 σοφίᾳ
3175 3987 3499 4059 ἐπίστρεψον
3522 3987 3652 4059 (96)·
3669 4008 3686 4038 ι

2106 4079 2244 4150 καλὴ
2274 4079 2328 4133 δέ
2357 4081 2390 4150 ὴ
2421 4079 2566 4145 λέξις
2603 4083 2636 4152 ἡ
2671 4083 2808 4136 κατὰ
2842 4083 2902 4135 τὸ
2931 4081 3219 4136 ἀκόλουθον
3249 4080 3550 4150 ἐπαχθεῖσα
3576 4084 3691 4142 τοῖς

2104 4171 2435 4242 εἰρημένοις.
2473 4173 2638 4241 Λέγει
2659 4173 2768 4245 γὰρ
2792 4175 2873 4226 ὅτι
2905 4175 2964 4226 οὐ
2996 4172 3282 4244 χωροῦμεν
3313 4173 3378 4225 δι’
3407 4170 3692 4225 ἀσθένειαν

2105 4261 2353 4332 φύσεως,
2397 4263 2458 4316 τὸ
2503 4264 2600 4334 τῆς
2641 4264 2811 4336 ὀργῆς
2853 4265 3110 4334 μέγεθος,
3143 4263 3171 4316 ὂ
3200 4264 3342 4316 κινεῖ
3373 4261 3491 4316 καθ’
3530 4262 3690 4333 ἡμῶν

2103 4354 2139 4426 ἡ
2167 4354 2441 4426 ἁμαρτία,
2493 4356 2769 4428 χρῄζομεν
2802 4357 2858 4410 δέ
2892 4356 2984 4410 τοῦ
3025 4355 3400 4427 παιδευθῆναι.
3452 4355 3688 4408 Παιδευ-

2106 4444 2252 4499 σάτω
2283 4445 2394 4515 (97)
2447 4449 2596 4518 ἡμᾶς
2640 4451 2672 4520 ἡ
2716 4448 2782 4501 δι’
2812 4449 3147 4520 ἐπιστροφῆς
3179 4449 3420 4545 σωτηρία
3454 4446 3689 4518 μᾶλλον,

2104 4537 2248 4607 ῆπερ
2276 4539 2307 4608 ἡ
2334 4537 2425 4590 ἐπὶ
2455 4540 2565 4601 τοῖς
2593 4540 2983 4611 ἁμαρτήμασιν
3011 4540 3171 4611 ἡμῶν
3191 4537 3449 4611 τιμωρία.
3476 4539 3690 4593 Οὐκοῦν

2099 4627 2430 4699 ἐπίστρεψον
2466 4631 2613 4700 ἡμᾶς
2665 4630 3003 4704 (98).Κύριε,
3043 4631 3207 4702 μηδὲν
3241 4630 3375 4702 πρὸς
3398 4630 3495 4702 τὴν
3527 4631 3690 4701 χάριν

2099 4719 2554 4791 ἀναϐαλλόμενος.
2613 4708 2710 4777 Τὸ-
2735 4724 2845 4798 γὰρ
2876 4743 2894 4776 ι
2932 4725 3039 4787 ἕως
3097 4723 3226 4776 πότε
3263 4741 3281 4774 ι
3338 4723 3591 4794 σημαίνει
3627 4723 3690 4776 τὸ

2099 4810 2425 4866 ἐπισπεῦσαι
2453 4815 2550 4885 τὴν
2580 4816 2764 4886 χάριν.
2799 4838 2816 4870 ι
2843 4815 2955 4875 Καὶ
2986 4814 3390 4886 παρακλήθητι,
3487 4814 3685 4885 φησὶν.

2100 4903 2193 4957 ἐπὶ
2225 4887 2335 4967 τοῖς
2370 4903 2574 4969 δούλοις
2625 4925 2741 4961 σου.
2783 4925 2802 4958 ι
2851 4907 2924 4960 Οὐ
2974 4906 3083 4978 γὰρ
3114 4906 3436 4978 ἀλλοτρίοις,
3482 4906 3683 4976 φησὶν,

2099 4995 2213 5048 ἀλλ’
2268 4997 2418 5060 ἰδίοις
2474 4998 2857 5070 καταλλαγήσῃ
2906 4999 3133 5064 δούλοις.
3197 4995 3330 5053 Εἶτα
3382 4998 3459 5061 ὡς
3505 4997 3689 5067 τυχὼν

2097 5088 2201 5159 ἤδη
2236 5089 2334 5160 τῆς
2371 5089 2592 5161 χάριτος
2611 5133 2624 5154 ,
2674 5093 2770 5145 κα)⁵
2817 5091 2939 5145 ίδὼν
2969 5093 3145 5145 ἐκεῖνο
3189 5091 3250 5145 τὸ
3281 5089 3416 5160 φῶς,
3446 5090 3515 5143 δι’
3539 5084 3599 5144 οῦ
3627 5089 3688 5143 τὸ

2101 5175 2290 5239 σκότος
2314 5176 2423 5229 τῶν
2470 5179 2528 5230 ἐν
2555 5177 2634 5248 τῷ
2666 5179 2768 5250 βίῳ
2809 5180 3182 5250 πλανωμένων
3211 5178 3686 5250 καταφωτίζεται,

2096 5267 2191 5319 καὶ
2229 5267 2350 5320 ὅθεν
2401 5286 2458 5321 τε
2501 5271 2533 5340 ή
2573 5271 2693 5324 κατ’
2729 5271 2930 5342 ἀρετὴν
2960 5271 3146 5342 ἡμέρα
3173 5271 3422 5341 ἄρχεται,
3459 5290 3477 5322 ι
3529 5271 3682 5324 Ἐνε-

2097 5356 2439 5430 πλήσθημεν,
2479 5379 2498 5411 ι
2545 5361 2730 5432 φησιν,
2769 5381 2787 5413 ι
2824 5361 2886 5414 τὸ
2911 5360 3058 5432 πρωῒ
3086 5360 3183 5415 τοῦ
3221 5361 3407 5426 ἐλέους
3442 5377 3556 5427 σου,
3589 5363 3687 5416 καὶ

2094 5449 2539 5521 ὴγαλλιασάμεθα
2559 5453 2653 5506 καὶ
2681 5440 3097 5528 ηὑφρᾶνθημεν.
3131 5473 3150 5509 r
3207 5453 3485 5521 Διεδέξατο
3517 5454 3683 5525 γὰρὴ

2167 5658 2279 5724 (97)
2309 5657 2470 5713 Forte
2504 5658 2630 5714 add.
2661 5657 2772 5716 οὖν.

2167 5659 2258 5724 (97
2309 5659 2470 5713 Forte
2504 5659 2630 5714 add.

2167 5659 2279 5800 (98;
2320 5729 2514 5801 Ὑμᾶς,
2550 5729 2636 5786 ed.
