3888 6354
279 412 390 474 465

1721 415 1789 473 IN
1817 412 2160 473 PSALMOS.

3342 480 3349 491 ι
3442 418 3553 478 466

281 534 345 592 ιν
378 534 465 589 σοὶ
490 533 636 608 χαρά
669 532 762 589 τὸν
785 533 844 590 ἑν
864 534 940 605 τῇ,
956 533 1279 589 ταπεινώσει
1306 534 1407 607 τῆς
1434 536 1712 609 ἁμαρτίας
1741 537 1870 609 χρό-

1981 544 2025 593 et
2043 536 2173 591 anni
2201 535 2421 591 malitia:
2450 536 2846 606 praeterierunt.
2888 532 2966 589 Ita
3021 548 3258 607 namque
3293 534 3551 613 intelligi-

284 646 399 693 νον,
429 628 526 683 καὶ
553 627 798 700 παρῆλθε
824 628 893 682 τὰ
919 627 1021 699 τῆς
1044 628 1245 693 κακίας
1265 627 1383 699 ἐτη.
1409 628 1565 683 Οὕτω
1601 629 1699 701 (ἀρ
1717 630 1869 684 νοοῦ-

290 735 393 790 μεν
416 718 501 777 τὸ,
524 737 544 770 ι
589 718 705 773 ἀνθ’
735 713 811 774 ὧν
839 717 1062 791 ἡμερῶν
1096 720 1464 785 έταπείνωσας
1505 722 1653 792 ἡμᾶς
1684 761 1698 784 ,
1730 722 1867 775 ἐτῶν

284 801 364 862 ὧν
394 807 607 880 εἴδομεν
655 810 816 864 κακά.
853 829 874 863 ι
930 808 1039 863 Καὶ
1093 807 1238 862 οὕτω
1263 808 1512 881 ,θαρσεῖ⁸
1546 810 1709 864 τέκνα
1760 810 1869 864 τῶν

288 898 471 972 ῑργων
494 900 587 954 τοῦ
618 900 779 967 Θεοῦ,
810 903 935 967 τοὺς
956 901 1022 954 δι’
1056 902 1390 974 ἐπιστροφῆς
1425 904 1871 974 πεφωτισμένους

289 992 700 1063 κατονομάξων.
744 1011 763 1045 ι
810 993 916 1047 Ἴδε
956 1013 976 1046 ι
1020 992 1148 1066 γὰρ,
1174 995 1359 1065 φησὶν,
1402 1012 1420 1046 t
1461 994 1553 1047 ἐπὶ
1576 996 1704 1060 τοὺς
1745 992 1869 1049 δού-

290 1083 419 1148 ὶους
472 1101 564 1138 σου
622 1085 718 1138 καὶ
770 1084 865 1139 ἐπὶ
909 1085 980 1139 τὰ
1021 1084 1158 1158 ἔργα
1210 1099 1330 1140 σου’
1379 1105 1399 1137 ι
1452 1087 1579 1150 τοὺς
1623 1087 1751 1159 περὶ
1779 1087 1871 1141 τὸν

306 1170 557 1242 Ἀϐραάμ
579 1171 922 1244 πατριάρχας
942 1173 1295 1231 ἐνδείκνυται.
1327 1168 1484 1228 Οὗτοι
1511 1174 1621 1246 γὰρ
1642 1176 1718 1239 ὠς
1745 1174 1872 1248 άλη-

292 1261 405 1326 θῶς
448 1261 583 1316 Θεοῦ
627 1262 765 1335 ἔργα
795 1264 922 1319 εἰσί.
955 1283 974 1317 ί
1011 1266 1121 1320 Καὶ
1146 1266 1413 1338 ὁδήγησον
1438 1267 1563 1331 τοὺς
1589 1268 1739 1331 υἱοὺς
1774 1268 1872 1321 αὑ-

291 1354 423 1410 τῶν.
462 1374 481 1406 ι
524 1357 589 1410 Oi
634 1355 744 1429 γὰρ
785 1356 857 1410 τὰ
910 1357 1048 1429 ἔργα
1101 1357 1380 1422 ποιοῦντες
1422 1357 1517 1412 τοῦ
1589 1359 1869 1431 Ἀϐραὰμ,

290 1446 462 1501 τέκνα
487 1447 727 1515 γίνονται
753 1448 848 1502 καὶ
875 1448 988 1519 (99)
1020 1447 1128 1504 τῶν
1156 1447 1540 1520 πατριαρχῶν,
1570 1449 1637 1503 δι’
1671 1452 1872 1521 ἀρετῆς

293 1538 435 1609 πρὸς
471 1539 546 1608 (1)
580 1536 680 1610 τὴν
720 1538 1038 1608 συγγένειαν
1065 1534 1263 1594 αὐτῶν
1288 1541 1702 1612 εἰσποιούμενοι.
1738 1537 1871 1594 Εἶτα

291 1630 346 1683 ιν
364 1626 783 1696 τοῖςτελευταῖοις
794 1632 1044 1691 συνάπτει
1071 1629 1162 1684 διὰ
1180 1630 1550 1703 καθαρότητος
1572 1632 1649 1704 τῷ
1669 1632 1790 1704 Θεῷ
1808 1634 1871 1687 τὸ

296 1717 657 1790 ἀνθρώπινον,
692 1722 1055 1794 ἐπευχόμενος
1082 1724 1176 1778 τοῦ
1210 1724 1346 1779 Θεοῦ
1383 1728 1479 1799 τὴν
1512 1728 1871 1800 λαμπρότητα

295 1808 394 1862 καὶ
435 1808 512 1881 τῷ
549 1810 802 1883 ἡμετέρῳ
848 1812 948 1884 βίῳ
978 1813 1065 1867 διὰ
1107 1814 1353 1889 καθαρᾶς
1396 1814 1539 1884 ζωῆς
1594 1817 1873 1888 ὲπαστρά-

1969 639 2093 679 mus
2119 623 2274 692 illud,
2302 642 2321 676 σ
2340 639 2440 696 pro
2458 622 2652 680 diebus
2673 623 2876 694 quibus
2898 638 3000 679 nos
3023 622 3344 688 humiliasti,
3365 624 3546 690 annis,

1969 715 2170 784 quibus
2199 715 2437 770 vidimus
2467 714 2609 768 mala
2635 733 2665 789 εί
2689 733 2709 767 ι
2749 714 2939 785 sicque
2965 713 3034 768 ad
3059 709 3549 774 ﬁduciamexeitat,

1970 815 2097 857 eum
2135 800 2275 856 ﬁlios
2297 815 2525 871 operum
2563 799 2680 867 Dei,
2711 815 2810 856 eos
2855 800 2949 870 qui
2979 815 3075 870 per
3129 799 3546 857 conversionem

1971 889 2231 945 illustrati
2263 896 2412 955 sunt,
2441 889 2695 959 appellat.
2728 887 2870 943 Dicit
2899 887 3040 943 enim
3065 906 3087 942 τ
3118 905 3137 939 ι
3176 886 3409 958 Respice
3451 903 3549 944 su-

1971 993 2068 1049 per
2098 977 2240 1033 ﬁlios
2271 983 2419 1041 tuos,
2448 985 2507 1034 et
2535 992 2700 1048 super
2731 990 2905 1047 opera
2933 984 3045 1032 tua.
3086 995 3106 1030 ι
3156 975 3276 1043 Quo
3310 976 3548 1046 patriar-

1971 1065 2104 1121 chas
2133 1064 2424 1119 Abrahami
2453 1072 2701 1134 posteros
2726 1063 2998 1135 signiﬁcat
3025 1082 3038 1118 :
3082 1077 3206 1118 nam
3233 1064 3348 1127 isti,
3380 1078 3545 1135 quam

1971 1155 2207 1210 maxime
2251 1154 2348 1208 ﬁlii
2400 1153 2632 1208 Abrahae
2664 1161 2832 1209 sunt.
2873 1170 2893 1204 ι
2934 1151 2998 1205 Ει
3052 1152 3223 1222 dirige
3256 1151 3397 1208 ﬁlios
3450 1167 3546 1207 eo-

1972 1257 2094 1297 rum
2119 1261 2134 1298 :
2164 1260 2182 1295 ι
2210 1242 2304 1313 qui
2324 1241 2470 1297 enim
2499 1256 2664 1313 opera
2687 1240 2919 1296 Abrahae
2947 1240 3174 1306 faciunt,
3204 1240 3297 1295 ﬁlii
3316 1242 3546 1311 patriar-

1972 1330 2198 1384 charum
2251 1329 2405 1395 ﬁunt,
2453 1343 2563 1399 per
2595 1327 2848 1383 virtutem
2903 1328 2958 1382 in
3008 1342 3199 1383 eorum
3258 1328 3543 1398 cognatio-

1972 1431 2095 1472 nem
2120 1416 2381 1487 adoptati.
2412 1416 2492 1471 Ad
2520 1425 2825 1473 extremum
2882 1414 3118 1486 puritate
3166 1422 3221 1470 et
3274 1414 3545 1469 munditia

1971 1503 2254 1576 conjungit
2275 1503 2574 1558 humanum
2603 1518 2776 1575 genus
2813 1517 2938 1557 cum
2974 1502 3083 1558 Deo
3104 1540 3120 1565 ,
3154 1502 3451 1557 obsecrans
3484 1507 3542 1556 ut

1974 1588 2066 1645 Dei
2118 1592 2344 1647 claritas
2383 1591 2591 1646 nostris
2621 1605 2839 1661 quoque
2889 1589 3200 1644 actionibus
3234 1604 3331 1659 per
3378 1588 3544 1645 vitam

1974 1692 2163 1748 puram
2199 1678 2438 1743 illuceat,
2483 1678 2559 1732 ait
2594 1679 2780 1733 enim:
2818 1695 2836 1730 ι
2879 1675 2962 1731 Sit
3012 1676 3273 1747 splendor
3334 1674 3547 1731 Domini

1972 1763 2067 1819 Dei
2097 1765 2271 1820 nostri
2303 1780 2468 1837 super
2501 1779 2622 1832 nos,
2660 1784 2683 1820 ›
2716 1773 2775 1820 ut
2803 1764 2990 1820 omnia
3035 1765 3159 1818 vitae
3211 1772 3412 1825 nostra
3463 1763 3549 1817 in-

1975 1860 2130 1921 cepta
2157 1851 2395 1907 fructum
2426 1853 2721 1909 salutarem
2747 1850 2948 1916 ferant,
2971 1859 3027 1907 et
3054 1851 3238 1906 omnia
3274 1866 3396 1921 qua:
3417 1850 3520 1905 laci

295 1917 483 1957 πτειν·
513 1923 532 1956 ι
571 1906 749 1958 Ἔστω
775 1925 794 1958 ι
829 1906 959 1978 γὰρ,
986 1906 1171 1980 φησὶν,
1201 1927 1220 1961 ι
1261 1909 1294 1980 ἡ
1322 1909 1642 1981 λαμπρότης
1663 1910 1870 1982 Κυρίου

1981 1956 2098 1997 mus
2126 1942 2193 1996 ad
2220 1955 2388 1994 unum
2425 1940 2584 1995 ﬁnem
2613 1939 2837 1994 tendant
2860 1956 2876 2007 ;
2900 1953 3011 2010 qua
3033 1938 3100 1994 de
3122 1951 3288 1994 causa
3319 1953 3550 1993 numero

292 1996 392 2050 τοῦ
419 1996 552 2051 Θεοῦ
587 1998 745 2070 ἡμῶν
776 2001 862 2070 ἐφ’
901 2002 1082 2072 ἡμᾶς,
1126 2020 1144 2053 ι
1183 2002 1257 2066 ὡς
1280 2001 1458 2057 πάντα
1489 2002 1556 2057 τά
1583 2002 1869 2074 ἐπιτηδεύ-

297 2105 444 2159 ματα
476 2090 574 2162 τῆς
618 2092 765 2162 ζωῆς
800 2090 959 2164 ἡμῶν
998 2092 1207 2166 καρπὸν
1243 2093 1432 2165 φέρειν
1463 2095 1744 2166 σωτήριον,
1777 2095 1871 2148 καὶ

293 2180 477 2234 πάντα
521 2181 559 2236 ἀ
599 2182 908 2253 πράττομεν
958 2185 1095 2257 πρὸς
1141 2186 1236 2240 ἕνα
1268 2186 1467 2240 σκοπὸν
1519 2185 1736 2257 βλέπειν
1767 2186 1865 2257 (2).

293 2271 397 2325 Διά
424 2271 582 2327 τοῦτο
612 2272 987 2345 πληθυντικῶς
1019 2275 1294 2340 εἰπὼν,ὅτι
1320 2297 1338 2330 ι
1366 2275 1476 2331 Καὶ
1495 2279 1563 2333 τὰ
1601 2277 1738 2349 ἔργα
1764 2276 1870 2330 τῶν

294 2363 494 2434 χειρῶν
547 2364 702 2437 ήμῶν
746 2365 1074 2421 κατεύθυνον
1129 2367 1215 2437 ἐφ’
1274 2370 1443 2440 ἡμᾶς,
1479 2389 1498 2423 ι
1574 2369 1654 2432 είς
1708 2366 1870 2440 ἒνίδ)

292 2454 455 2524 ἔργον
488 2454 556 2508 τὰ
585 2454 755 2510 πολλὰ
786 2457 1069 2521 συστείλας
1095 2458 1289 2529 ἐπάγει
1322 2460 1428 2526 ,ὅτι
1448 2460 1590 2514 «Kal
1620 2458 1681 2513 τὸ
1712 2458 1871 2530 ἔργον

1976 2043 2194 2099 quoque
2228 2028 2594 2084 multitudinis
2640 2028 2851 2105 utitur:
2911 2045 2930 2080 ι
2970 2026 3034 2080 Et
3062 2041 3228 2096 opera
3287 2039 3547 2080 manuum

1976 2122 2288 2171 nostrarum
2311 2115 2486 2187 dirige
2536 2130 2702 2186 super
2755 2129 2875 2177 nos,
2941 2133 2960 2166 ι
2996 2114 3168 2168 multa
3199 2131 3219 2165 ι
3253 2127 3479 2184 operum
3522 2132 3542 2164 ι

1976 2201 2198 2257 nomine
2235 2203 2572 2273 complexus.
2612 2220 2635 2254 ι
2671 2201 2737 2257 Ει
2765 2218 2905 2272 opus
2939 2216 3199 2256 manuum
3236 2210 3529 2256 nostraruu

1979 2286 2173 2359 dirige.
2207 2308 2226 2341 ι
2254 2289 2416 2346 Varia
2441 2291 2583 2344 enim
2614 2289 3076 2359 multiformisque
3119 2287 3388 2343 industria
3439 2286 3512 2340 Vit

1978 2376 2113 2431 tutis
2141 2375 2208 2430 ad
2237 2378 2611 2447 operationem
2642 2376 2837 2443 tendit,
2870 2377 2925 2431 in
2983 2392 3091 2450 qua
3135 2387 3285 2432 recte
3339 2373 3537 2445 agenti:

1977 2462 2128 2519 salus
2153 2465 2421 2521 consistit.

290 2546 403 2601 τῶν
428 2548 624 2619 χειρῶν
650 2549 806 2620 ἡμῶν
832 2550 1176 2607 κατεύθυνον.
1205 2568 1225 2603 ο
1243 2550 1311 2605 Ἦ
1326 2553 1434 2624 γὰρ
1466 2551 1681 2622 ποικίλη
1710 2570 1770 2606 τε
1807 2555 1900 2607 καὶ
1947 2555 2231 2629 πολυειδὴς
2265 2558 2373 2613 τῶν
2423 2559 2634 2630 ἀρετῶν
2656 2559 2944 2631 ἐπιμέλεια
2969 2557 3190 2629 ἐνεργὸς
3221 2556 3298 2627 (4)
3319 2555 3552 2626 γίνεται.

292 2638 464 2697 Τοῦτο
492 2643 548 2697 δέ
573 2644 720 2701 ἐστιν
750 2645 784 2717 ἡ
812 2644 907 2698 τοῦ
940 2644 1331 2718 κατορθοῦντος
1358 2644 1621 2717 σωτηρία.

365 2781 523 2837 Οὕτω
567 2783 621 2837 δὲ
669 2782 914 2854 τετάρτῳ
961 2781 1155 2855 βαθμῷ
1199 2783 1297 2854 τῆς
1340 2781 1621 2852 ψαλμικῆς
1664 2782 1872 2835 ἀναϐά-

292 2890 467 2941 σεως,
511 2876 723 2947 ἐπάρας
764 2876 793 2930 ὁ
834 2872 1126 2946 Προφήτης
1174 2872 1282 2928 τῶν
1327 2870 1683 2926 συνανιόντων
1726 2871 1874 2942 αὐτῷ

288 2965 391 3036 τὴν
414 2965 671 3029 διάνοιαν,
700 2965 793 3019 καὶ
822 2964 1079 3037 ὑπερθεὶς
1108 2965 1289 3035 πάσης
1316 2963 1415 3035 τῆς
1454 2963 1595 3016 κατά
1626 2962 1717 3016 τὸν
1761 2962 1875 3034 βίον

288 3056 479 3109 τοῦτον
509 3056 950 3127 σπουδαζομένης
993 3057 1103 3121 τοῖς
1146 3041 1379 3115 πολλοῖς⁸
1391 3054 1782 3126 ματαιότητος,
1816 3056 1874 3107 ὲν

2047 2781 2105 2837 ln
2167 2784 2313 2838 hunc
2367 2780 2586 2837 modum
2647 2790 2845 2853 quarto
2898 2780 3005 2837 hoc
3058 2780 3398 2837 ascensionis
3457 2796 3557 2852 per

1977 2874 2225 2931 Psalmos
2254 2874 2423 2945 gradu
2467 2875 2646 2930 elevat
2702 2872 2976 2945 Propheta
3035 2889 3219 2929 secum
3254 2874 3558 2930 ascenden—
3625 2896 3635 2919 κ

1978 2968 2113 3022 tium
2152 2976 2409 3034 mentem,
2442 2966 2734 3034 evehitque
2763 2982 2928 3036 supra
2965 2980 3207 3028 omnem,
3246 2980 3366 3037 quae
3404 2973 3555 3021 tanto

1980 3059 2164 3114 studio
2199 3058 2255 3113 in
2297 3059 2399 3113 hac
2452 3058 2562 3113 vita
2618 3073 2652 3113 a
2696 3059 2886 3114 multis
2940 3057 3195 3123 ambitur,
3234 3057 3555 3121 vanitatem,

288 3146 369 3218 τῷ
413 3147 581 3214 δεῖξαι
619 3147 718 3219 τὴν
760 3147 1066 3220 ἀραχνιὼδη
1112 3164 1172 3200 τε
1224 3146 1320 3201 κοιλ⁵
1363 3146 1730 3201 ἀνυπόστατον
1780 3145 1873 3199 τοῦ

1981 3151 2106 3207 dum
2153 3151 2412 3223 patefacit
2469 3166 2831 3215 araneosam,
2892 3149 3142 3221 fugacem
3197 3159 3251 3204 et
3310 3148 3558 3204 fallacem

291 3238 480 3293 ὑλικοῦ
543 3239 655 3311 βίου
704 3240 918 3311 ἀπάτην
976 3241 1057 3303 εἰς
1109 3239 1260 3293 οὐδὲν
1329 3238 1502 3308 πέρας
1551 3238 1753 3308 ἀγαθὸν
1797 3237 1877 3309 (5)

289 3331 589 3405 προϊοῦσαν
613 3336 726 3397 τοῖς
753 3331 1133 3404 ματαιάζουσι.

810 3562 1210 3620 ΚΕΦΛΛΑΙΟΝ
1249 3564 1297 3618 Η
1315 3601 1333 3618 .

364 3682 443 3733 Δι’
475 3678 764 3734 ἀκολούθου
793 3677 1046 3748 καθάπερ
1074 3677 1182 3731 τινὶ
1213 3676 1426 3748 κορυφῇ
1448 3674 1525 3746 τῷ
1550 3674 1880 3746 ὑψηλοτάτῳ

289 3771 395 3841 τῆς
432 3769 663 3840 θεωρίας
712 3766 903 3839 βαθμῷ
930 3765 1019 3819 διὰ
1044 3764 1141 3819 τοῦ
1181 3764 1435 3837 πέμπτου
1469 3765 1669 3837 μέρους
1703 3780 1875 3837 προσ-

292 3862 419 3931 άγει
437 3860 527 3914 τὸν
548 3858 906 3930 ἀκολουθῆσαι
928 3858 1063 3930 πρὸς
1083 3857 1144 3911 τὸ
1170 3854 1302 3927 ὕψος
1323 3856 1643 3927 δυνάμενον,
1676 3854 1767 3909 τὸν
1798 3855 1874 3926 (6)

288 3951 596 4008 διαπτάντα
626 3950 746 4014 -τάς
789 3949 899 4004 τῶν
936 3948 1203 4021 βιωτικῶν
1254 3947 1528 4020 ἀραχνίων
1577 3946 1875 4010 διαπλοκάς

295 4040 507 4114 στερρῷ
556 4041 633 4112 τῷ
667 4038 870 4112 πτερῷ.
897 4040 962 4094 Οἱ
993 4038 1104 4111 γὰρ
1134 4032 1388 4110 χνοώδεις
1414 4054 1476 4092 τε
1508 4038 1602 4092 καὶ
1640 4036 1876 4108 ἐξίτηλοι

1981 3243 2200 3299 caducae.
2246 3243 2406 3312 hujus
2449 3245 2573 3297 vitae
2602 3242 3017 3312 deceptionem,
3070 3255 3192 3304 quae
3232 3239 3301 3294 ad
3348 3239 3558 3294 nullum

1982 3337 2250 3393 honestati
2276 3344 2706 3393 consentaneum
2738 3334 2898 3390 ﬁnem
2930 3334 3362 3400 circumventos,
3391 3348 3559 3389 vane-

1980 3446 2085 3501 que
2115 3430 2309 3487 illusos
2332 3429 2503 3486 ducit.

2574 3558 2806 3616 CAPUT
2831 3558 2969 3615 VIII.

2052 3674 2317 3744 Deinceps
2346 3674 2490 3729 velut
2519 3682 2585 3727 ad
2620 3687 2939 3743 supremum
2967 3673 3251 3739 verticem,
3285 3683 3338 3729 et
3368 3675 3569 3730 celsis-'-

1980 3766 2178 3822 simum
2201 3763 2682 3834 contemplationis
2714 3764 2970 3834 gradum,
3003 3764 3197 3835 quinta
3235 3774 3387 3834 parte
3411 3767 3560 3821 ducit

1982 3871 2107 3912 eum
2147 3854 2241 3926 qui
2273 3853 2339 3908 ad
2362 3862 2568 3908 tantam
2597 3852 2941 3909 altitudinem
2974 3855 3109 3921 eniti
3144 3862 3345 3925 potest,
3383 3865 3559 3911 trans-

1979 3949 2215 4004 volando
2243 3946 2397 4001 ﬁrma
2425 3946 2584 4017 quasi
2635 3946 2742 4011 ala,
2778 3953 2833 4001 et
2864 3947 3061 4017 pennis
3090 3948 3229 4004 solvi
3259 3949 3559 4003 metuenti-

1980 4042 2086 4098 bus
2121 4056 2315 4097 omnes
2359 4039 2745 4094 araneolorum
2802 4040 2968 4111 hujus
3008 4043 3134 4096 vitae.
3187 4048 3475 4096 contextus
3509 4051 3559 4097 et

292 4135 353 4186 ὲν
400 4133 615 4188 ἀσθενεί
655 4133 749 4186 καὶ
795 4132 971 4204 ἀτόνῳ
1021 4130 1335 4203 τῇ“πτήσει
1376 4130 1551 4203 μυιῶν
1601 4129 1778 4201 δίκην,
1809 4127 1873 4182 τά

1981 4133 2415 4205 implicationes;
2450 4133 2577 4188 vani
2608 4133 2809 4189 etenim
2843 4141 2897 4189 et
2930 4131 3064 4188 l'atui
3090 4133 3323 4189 remisso
3352 4140 3407 4188 et
3445 4133 3561 4187 lan-

293 4225 532 4298 γλίσχρα
563 4224 657 4279 τοῦ
700 4224 815 4297 βίου
846 4222 1312 4296 περιλιχνεύοντες
1367 4221 1734 4294 ἐμπλέκονται
1786 4220 1873 4274 καὶ

1983 4235 2180 4297 guente
2217 4225 2403 4280 volatu
2483 4223 2618 4297 (qui
2675 4239 2989 4279 muscarum
3054 4223 3230 4280 instar
3277 4239 3366 4280 res
3399 4224 3563 4295 hujus

222 4324 227 4331 '
294 4313 708 4388 ὲνδεσμοῦνται,
734 4312 986 4383 καθάπερ
1011 4312 1120 4366 τισὶ
1145 4310 1381 4393 ίξικτύοις
1401 4351 1415 4377 ,
1451 4314 1519 4382 τῇ
1559 4310 1668 4364 τῶν
1706 4308 1873 4363 τοιού·

1982 4318 2108 4373 vitae
2136 4325 2332 4373 tenues
2363 4324 2416 4371 et
2473 4317 2648 4371 exiles
2685 4316 3218 4385 circumlambunt),
3276 4317 3562 4387 implican-

295 4425 412 4464 των
440 4409 701 4481 νημάτων
729 4406 1013 4480 περιϐολῇο
1042 4405 1187 4475 λέγω
1209 4404 1274 4476 δὴ
1298 4406 1531 4477 τρυφαῖς
1560 4403 1654 4457 καὶ
1692 4402 1873 4474 τιμαῖς

1984 4414 2075 4463 ῑυι·
2103 4416 2157 4462 et
2193 4408 2491 4478 illigantur,
2531 4407 2691 4478 quasi
2738 4407 2947 4463 retibus
2981 4407 3334 4477 quibusdam,
3368 4408 3563 4477 hujus-

296 4504 396 4556 καὶ⁹
439 4501 650 4566 δόξαις,
693 4500 788 4554 καὶ
823 4501 940 4563 ταῖς
975 4497 1246 4561 ποικίλαις
1289 4494 1602 4567 ἐπιθυμίαις
1649 4490 1759 4549 οἶόν
1794 4511 1873 4547 τι-

1985 4498 2134 4554 modi
2167 4498 2380 4554 ﬁlorum
2405 4497 2809 4568 circumjectu:
2841 4498 3074 4562 deliciis,
3110 4498 3353 4568 inquam,
3390 4499 3563 4554 hono-

298 4545 396 4645 ἓξὲξ
424 4545 1748 4663 5;;;;t;.;3;,;;.;.;;'gaianas;triga...
1785 4545 1873 4637 .a

1987 4589 2167 4654 ribus,
2203 4588 2399 4660 gloria,
2428 4545 2707 4659 variisque
2723 4588 3117 4658 cupiditatibus
3164 4545 3312 4644 velut
3339 4589 3563 4659 quibus-

299 4684 497 4757 βρῶμα
543 4682 815 4754 γινόμενοι
857 4678 951 4735 τοῦ
999 4678 1193 4752 θηρίου
1247 4678 1456 4732 ἐκείνου
1506 4675 1601 4730 τοῦ
1653 4675 1742 4730 διὰ
1770 4674 1881 4729 τῶν

297 4776 553 4832 τοιούτων
595 4773 935 4847 θηρεύοντος.
987 4773 1050 4827 El
1081 4771 1138 4825 δέ
1180 4787 1262 4835 τις
1307 4768 1547 4840 ἀετώδης
1575 4768 1674 4840 τὴν
1719 4767 1880 4837 φύσιν

297 4868 410 4931 ὢν,
440 4866 707 4938 ὀξυτέρως
745 4865 885 4938 πρὸς
920 4864 1019 4936 τὴν
1053 4865 1247 4918 ἀκτῖνα
1286 4861 1381 4914 τοῦ
1422 4860 1600 4931 φωτὸς
1631 4858 1877 4928 βλέπων,

300 4957 557 5030 ἀτρέπτῳ
597 4955 676 5029 τῷ
705 4956 807 5027 τῆς
843 4954 1021 5027 ψυχῆς
1048 4951 1313 5024 ὀφθαλμῷ
1332 4992 1346 5017 ,
1375 4951 1470 5005 καὶ
1502 4949 1638 5021 πρὸς
1663 4948 1725 5002 τὸ
1748 4946 1882 5018 ὕψος

300 5050 492 5106 ἑαυτὸν
537 5050 614 5123 (7)
671 5048 959 5103 συντείνων
1022 5049 1135 5112 τοῖς
1196 5044 1461 5107 τοιούτοις
1519 5041 1880 5113 ὲμπελάσειεν

298 5143 616 5216 ἀραχνίοις,
690 5143 824 5218 μόνῃ
860 5145 928 5215 τῇ
968 5139 1114 5213 αὔρᾳ.
1159 5138 1271 5193 τῶν
1321 5136 1657 5208 ὠκυπτέρων
1709 5137 1766 5189 ὲν
1803 5132 1882 5205 τῷ

302 5235 468 5307 ῥοίζῳ
503 5237 600 5307 τῆς
647 5236 927 5307 πτήσεως,
960 5232 1273 5303 ὲξαφανίζει
1306 5233 1414 5285 πᾶν
1449 5228 1511 5283 τὸ
1540 5226 1798 5291 τοιοῦτον,
1828 5226 1877 5289 ὅ,

297 5326 353 5381 τί
385 5344 489 5399 περ
533 5326 599 5381 ἂν
642 5327 965 5399 πλησιάσει,
1011 5329 1079 5397 τῇ
1105 5324 1212 5378 τῶν
1244 5321 1532 5395 πτερύγων
1569 5320 1736 5391 ὁρμῇ.
1774 5317 1881 5371 Τὸν

294 5413 395 5474 οὖν
434 5417 674 5473 τοιοῦτον
719 5417 896 5491 ἑαυτῷ
952 5417 1257 5489 συνεπᾴρας
1290 5416 1319 5468 ὁ
1355 5412 1557 5485 ὑψηλὸς
1592 5410 1881 5484 Προφήτης

373 5623 630 5695 (99)_Kai
654 5637 765 5695 om.
792 5624 882 5681 ed.

373 5692 453 5765 (ι)
470 5692 642 5765 [orte
665 5694 766 5765 είς.

372 5761 453 5830 (2)
492 5761 658 5819 Forte
691 5762 972 5834 φέρεσθαι.

375 5834 454 5907 (3i
491 5834 585 5889 Ἐν
606 5848 718 5890 om.
745 5836 831 5890 ed.

1986 4681 2113 4737 dam
2148 4695 2473 4736 araneorum
2537 4680 2769 4736 texturis
2828 4679 3208 4746 involvuntur,
3269 4681 3475 4751 prada.
3513 4689 3565 4735 et

1986 4788 2112 4830 esca
2146 4772 2274 4828 facti
2316 4773 2395 4827 illi
2428 4771 2577 4839 term,
2612 4786 2734 4842 quae
2766 4786 2863 4842 per
2904 4771 3022 4827 haec
3052 4772 3183 4825 talia
3224 4773 3566 4827 venationem

1987 4865 2282 4921 instituere
2310 4865 2473 4920 solet.
2508 4864 2579 4918 At
2604 4865 2649 4919 si
2678 4864 2802 4934 quis
2826 4865 3024 4935 aquilae
3058 4873 3254 4919 natura
3279 4863 3564 4935 praeditus,

1986 4956 2203 5011 acutius
2231 4955 2299 5009 ad
2320 4954 2459 5013 lucis
2489 4953 2677 5009 radios
2725 4954 3045 5010 irretortum
3101 4954 3302 5009 mentis
3346 4952 3565 5007 oculum

1988 5055 2340 5113 convertens,
2386 5061 2556 5117 seque
2586 5046 2769 5120 ipsum
2803 5046 2860 5101 in
2881 5045 3049 5100 altum
3082 5045 3329 5107 vibrans,
3376 5044 3434 5098 in
3463 5044 3568 5098 hu-

1982 5138 2230 5212 jusmodi
2258 5123 2587 5194 aranearum
2616 5137 2755 5195 telas
2804 5135 3102 5192 inciderit:
3161 5134 3277 5191 sola
3329 5148 3463 5187 aura
3512 5142 3564 5188 et

1988 5230 2230 5302 impulsu
2254 5230 2497 5301 pernicis
2527 5231 2761 5293 volatus,
2811 5229 3043 5298 soloque
3083 5227 3292 5281 alarum
3335 5226 3562 5297 impetu.

1987 5322 2257 5395 quidquid
2292 5323 2561 5391 occurrit,
2587 5322 2822 5392 dissipat
2850 5327 2904 5375 et
2929 5318 3156 5389 disjicit.
3182 5317 3367 5372 Talem
3398 5310 3564 5387 igitur

1988 5428 2175 5471 secum
2207 5414 2264 5470 in
2295 5414 2466 5469 altum
2490 5412 2727 5470 evehens
2761 5410 3012 5468 sublimis
3040 5408 3335 5480 Propheta,
3396 5422 3562 5478 supra

2083 5616 2139 5691 ξ)
2168 5615 2332 5691 orte
2352 5617 2439 5691 εἰς
2456 5613 2713 5691 ἓν-ἔργον.

2026 5694 2031 5705 ‘
2059 5685 2137 5755 (5)
2169 5685 2440 5755 Ἀγαθῶν,
2468 5685 2554 5740 ed.

2061 5755 2140 5824 (6)
2170 5757 2275 5809 Τὸν
2300 5770 2411 5809 om.
2434 5755 2522 5824 ed.

2062 5822 2138 5898 (7)
2163 5825 2259 5882 Ed.
2295 5822 2491 5896 ἑαυτῷ.
