3888 6386
364 404 467 467 467

1657 392 1728 471 s.’
1755 411 2081 471 cnnaonu
2116 413 2411 472 NYSSENI

3505 413 3608 470 $68

362 523 635 595 fastigium
671 522 875 594 quinta:
907 523 1069 594 hujus
1105 523 1446 582 ascensionis
1477 529 1688 594 slatuit,
1720 530 1776 584 in
1816 544 1924 599 qua

2037 534 2123 585 ἐπὶ
2158 533 2258 603 τὴν
2302 528 2608 601 ἀκρώρειαν
2648 531 2746 601 τῆς
2788 527 3040 599 πέμπτης
3090 527 3405 591 ἀναϐάσεως
3446 526 3603 596 άγει,

361 612 614 666 humanae
651 613 843 666 salutis
880 613 1358 680 complementum,
1414 625 1467 672 et
1534 624 1647 672 tota
1711 633 1928 677 summa

360 700 690 754 continetur.
710 700 842 754 Nam
863 701 915 756 in
940 710 1113 772 parte,
1136 720 1259 774 quae
1280 705 1422 762 hanc
1450 709 1739 773 antecedit,
1756 710 1926 765 multa

361 786 563 861 Moysis
598 805 691 845 ore
720 791 789 846 de
843 807 909 847 eo
941 794 1086 863 quod
1139 804 1223 851 est
1254 800 1538 866 mutabile,
1573 811 1627 856 et
1679 817 1746 857 eo
1781 802 1927 872 quod

358 888 445 935 est
487 881 821 936 immutabile
845 881 1258 954 philosophatus
1303 894 1427 954 est;
1461 889 1605 957 quod
1643 889 1744 944 hoc
1784 905 1929 945 sem-

358 987 452 1039 per
484 981 719 1034 maneat,
757 972 809 1026 id
848 974 993 1042 quod
1048 983 1176 1031 est:
1215 976 1349 1032 illud
1384 994 1513 1034 vero
1545 995 1761 1049 semper
1811 980 1926 1044 fiat,

296 1116 301 1130 λ
358 1062 410 1115 id
453 1062 597 1133 quod
630 1078 736 1118 non
763 1074 846 1119 est
874 1066 893 1127 (
920 1081 1044 1120 nam
1093 1071 1323 1123 mutatio
1364 1078 1453 1125 est
1479 1073 1730 1127 transitio
1763 1072 1830 1127 ab
1860 1086 1929 1127 eo

360 1154 412 1207 in
448 1170 557 1225 quo
581 1156 788 1226 aliquid
822 1165 927 1219 est,
960 1158 1017 1211 in
1052 1158 1103 1213 id
1133 1160 1187 1213 in
1218 1175 1327 1231 quo
1374 1177 1482 1217 non
1513 1164 1633 1231 est)
1656 1181 1671 1231 ;
1693 1179 1928 1234 cumque

358 1246 691 1302 ostendisset
734 1246 971 1303 hominis
1025 1256 1275 1305 naturam
1311 1251 1498 1307 eadem
1555 1252 1813 1310 facultate
1874 1264 1929 1309 ct

357 1338 526 1393 libere
555 1339 609 1392 in
650 1349 932 1410 peccatum
965 1357 1243 1406 corruere,
1270 1351 1324 1399 et
1353 1359 1546 1400 rursus
1571 1360 1666 1413 per
1698 1359 1930 1400 conver-

358 1429 567 1483 sionem
600 1428 664 1481 ad
701 1437 907 1483 rectum
939 1439 991 1485 et
1026 1431 1228 1485 bonum
1260 1431 1520 1501 redire,ut
1553 1430 1642 1486 Dei
1669 1430 1927 1501 splendor

356 1527 410 1571 et
444 1519 708 1599 majestas
735 1519 918 1574 denuo
951 1521 1203 1576 humana:
1233 1524 1355 1577 vita!
1404 1523 1726 1589 illucescat;
1781 1538 1927 1577 nunc

357 1623 599 1672 omnem,
630 1623 751 1677 qua:
781 1623 811 1663 a
847 1609 957 1665 Deo
987 1612 1146 1666 nobis
1182 1611 1353 1675 venit,
1398 1613 1628 1682 gratiam
1679 1613 1928 1668 oratione

358 1697 570 1766 pandit,
600 1699 878 1768 variisque
913 1701 1089 1755 modis
1119 1716 1237 1756 eam
1277 1701 1493 1755 illorum
1540 1701 1717 1757 oculis
1750 1702 1927 1773 subji-

357 1788 454 1850 cit,
488 1788 579 1858 qui
616 1788 708 1844 Dei
748 1790 1019 1845 mirabilia
1059 1806 1125 1845 ex
1156 1792 1268 1846 alto
1312 1791 1771 1861 contemplantur.
1805 1792 1926 1847 Non

354 1880 500 1938 enim
528 1882 667 1937 satis
706 1881 898 1937 habuit
934 1897 1045 1937 uno
1092 1883 1254 1937 modo
1292 1882 1519 1953 gratiam
1575 1881 1667 1938 Dei
1708 1882 1929 1938 manife-

356 1983 493 2028 stam
529 1974 775 2039 reddere,
814 1975 917 2030 sed
942 1973 1298 2029 multifariam
1346 1974 1617 2039 miserias,
1650 1990 1788 2043 quas
1830 1991 1928 2046 per

355 2074 637 2134 peceatum
689 2068 847 2123 nobis
902 2067 1211 2120 creavimus
1268 2068 1599 2137 exaggerat:
1652 2068 1927 2137 variisque

354 2156 539 2211 itidem
574 2158 878 2213 rationibus
903 2173 1059 2228 opem
1097 2155 1362 2223 divinam,
1414 2168 1473 2213 ut
1496 2159 1565 2213 ad
1599 2160 1800 2214 bonum
1836 2174 1926 2214 re-

351 2255 634 2301 vertantur
691 2248 939 2318 exponit,
968 2256 1030 2303 ut
1089 2263 1189 2317 pro
1227 2248 1604 2319 magnitudine
1658 2250 1926 2304 bonorum

354 2336 536 2391 varias
574 2351 794 2407 quoque
826 2338 1127 2393 habeamus
1152 2339 1453 2408 gratiarum
1481 2338 1811 2407 agendarum
1834 2352 1927 2392 oc-

355 2427 626 2492 casiones,
649 2427 1127 2498 abundantiorque
1159 2442 1289 2498 erga
1318 2427 1487 2484 Deum
1512 2429 1605 2483 iiat
1631 2443 1730 2499 pro
1760 2428 1928 2483 tantis

358 2518 518 2572 donis
557 2519 858 2588 gratiarum
886 2520 1051 2577 actio.

429 2650 622 2706 Statim
695 2652 840 2708 enim
902 2654 972 2708 ab
1008 2654 1234 2709 exordio
1293 2653 1560 2710 orationis
1606 2656 1679 2709 ita
1728 2662 1923 2711 cauit:

370 2761 385 2791 ι
423 2742 769 2798 Confitemini
818 2742 1067 2808 Domino,
1115 2745 1373 2814 quoniam
1423 2745 1621 2809 bonus,
1667 2747 1926 2816 quoniam

359 2830 412 2886 in
479 2835 739 2889 sarculum
800 2835 1179 2890 misericordia
1238 2838 1356 2907 ejus
1389 2836 1441 2889 ⁸.
1484 2855 1502 2887 ι
1554 2837 1929 2892 Confessionis

356 2928 580 2981 nomine
633 2927 931 2997 gratiarum
1001 2932 1300 2991 actionem,
1370 2942 1477 2982 non
1542 2928 1743 2982 nudam
1811 2930 1928 2983 lau-

355 3019 484 3073 dum
537 3017 844 3072 divinarum
884 3017 1382 3087 pronuntiationem
1417 3004 1760 3088 intelligens;
1802 3034 1926 3072 nam

358 3112 428 3161 ob
464 3108 636 3163 solam
671 3108 970 3163 bonitatem
1012 3107 1181 3164 Deum
1244 3107 1552 3180 glorificare
1587 3108 1740 3178 jubet
1779 3128 1791 3163 :
1828 3110 1930 3163 hoc

2028 625 2085 676 ὲν
2194 625 2342 677 πᾶσα
2369 617 2479 679 οἷόν
2526 639 2607 685 τις
2645 620 3038 691 συμπλήρωσίς
3085 636 3144 671 τε
3181 619 3274 672 καὶ
3322 620 3602 687 ἀνακεφα-

2028 712 2250 775 λαίωσις
2272 712 2369 782 τῆς
2398 709 2741 782 ἀνθρωπίνης
2765 709 3036 779 σωτηρίας
3064 710 3232 765 ἐστίν.
3274 708 3368 762 Ἐν
3396 709 3507 780 γὰρ
3532 708 3608 778 τῷ

2030 803 2137 875 πρὸ
2148 803 2350 857 τούτων
2370 803 2457 857 διὰ
2482 803 2579 872 τῆς
2603 800 2695 855 τοῦ
2724 801 3005 863 Μωῦσέως
3042 800 3248 870 φωνῆς,
3274 798 3451 853 πολλὰ
3480 802 3608 870 περὶ

2026 893 2124 948 τοῦ
2160 893 2394 963 τρεπτοῦ
2430 911 2489 947 τε
2523 894 2618 948 καὶ
2659 893 2930 963 ἀτρέπτου
2974 890 3373 962 φιλοσοφήσας,
3406 891 3484 953 ὡς
3511 891 3606 944 τοῦ

2031 983 2130 1054 μὲν
2167 983 2255 1037 ἀεὶ
2289 982 2471 1048 ὄντος,
2515 983 2652 1052 ὅπερ
2693 976 2865 1041 ἐστὶν,
2900 977 2993 1031 τοῦ
3019 977 3076 1030 δὲ
3101 978 3335 1031 πάντοτε
3379 976 3607 1048 γενομέ-

2028 1091 2119 1127 νου
2161 1073 2259 1145 (8),
2289 1075 2425 1145 ὄπερ
2466 1074 2564 1126 οὐκ
2594 1072 2768 1125 ἐστιν’
2825 1068 2979 1123 τοῦτο
3016 1069 3129 1139 γάρ
3156 1070 3304 1123 ἐστιν
3333 1070 3369 1140 ὴ
3404 1071 3604 1140 τροπὴ,

2028 1166 2061 1235 ἡ
2101 1164 2209 1219 ἀπὸ
2236 1163 2329 1217 τοῦ
2369 1165 2426 1216 ὲν
2462 1156 2506 1231 ᾧ
2550 1165 2726 1228 ἐστιν,
2779 1160 2858 1223 είς
2891 1158 2951 1212 τὸ
2995 1160 3053 1212 ὲν
3081 1152 3127 1227 ᾧ
3152 1160 3253 1212 οὐκ
3282 1158 3398 1212 ἐστι
3443 1160 3609 1229 μετά-

2028 1257 2205 1319 ϐασις.
2242 1255 2351 1308 Καὶ
2375 1253 2552 1319 δείξας
2583 1255 2665 1307 ὅτι
2699 1256 2764 1324 τῇ
2792 1253 2928 1322 αὐτῇ
2955 1250 3180 1320 δυνάμει
3209 1251 3330 1302 κατ’
3360 1248 3608 1313 ἐξουσίαν

2026 1350 2059 1417 ἢ
2097 1347 2256 1416 φύσις
2306 1346 2441 1418 πρός
2487 1362 2543 1399 τε
2595 1345 2655 1398 τὸ
2694 1344 2861 1399 κακὸν
2891 1342 3187 1415 ἀπορρέει,
3216 1343 3312 1395 καὶ
3336 1341 3502 1395 πάλιν
3538 1341 3604 1394 δι’

2030 1439 2362 1510 ἐπιστροφῆς
2402 1437 2540 1508 πρὸς
2566 1436 2627 1490 τὸ
2658 1436 2860 1505 ἀγαθὸν
2895 1436 3251 1503 ἐπανάγεται,
3282 1434 3356 1496 ὡς
3380 1433 3606 1486 δυνατὸν

2028 1525 2166 1580 εἶναι
2194 1528 2291 1597 τὴν
2316 1524 2409 1579 τοῦ
2443 1524 2578 1578 Θεοῦ
2615 1524 2978 1595 λαμπρότητα
2999 1526 3065 1595 τῇ
3102 1522 3419 1594 ἀνθρωπίνῃ
3442 1522 3605 1574 πάλιν

2029 1617 2329 1687 ἐπιλάμψαι
2364 1615 2507 1687 ζωῇ,
2552 1614 2647 1670 νῦν
2690 1617 2868 1669 πᾶσαν
2904 1616 3001 1687 τὴν
3050 1619 3114 1669 ὲκ
3152 1613 3244 1669 τοῦ
3284 1614 3421 1668 Θεοῦ
3456 1631 3603 1682 γινο-

2032 1709 2198 1780 μένην
2230 1709 2389 1779 χάριν
2407 1710 2537 1778 ἡμῖν
2567 1706 3032 1779 ἀνακαλύπτειτῷ
3060 1708 3223 1777 λόγῳ,
3247 1706 3602 1777 πολυτρόπως

2029 1798 2197 1869 αὐτὴν
2242 1799 2334 1852 ὑπ’
2374 1799 2496 1867 ὄψιν
2526 1799 2672 1867 άγων
2712 1801 2824 1862 τοῖς
2860 1798 2968 1852 άπὸ
2994 1799 3089 1851 τοῦ
3121 1798 3289 1865 ὕψους
3322 1795 3602 1866 καθορῶσι

1964 1861 2003 1916 Β
2032 1888 2100 1942 τά
2144 1861 2262 1943 θεῖα
2307 1861 2585 1959 θαύματα..
2608 1889 2683 1942 Οὐ
2723 1889 2830 1961 γάρ
2860 1888 3105 1961 ἠρκέσθη
3139 1861 3205 1941 δι’
3236 1887 3355 1950 ἑνὸς
3396 1861 3604 1956 τρόπου

2034 1978 2422 2050 παραδηλῶσαι
2471 1978 2566 2050 τὴν
2617 1982 2808 2051 χάριν,
2856 1978 2993 2032 ἀλλὰ
3046 1978 3303 2043 ποικίλως
3362 1978 3464 2047 μὲν
3492 1977 3609 2031 δια-

2034 2067 2286 2132 σκευάζει
2318 2068 2418 2132 τάς
2455 2068 2736 2139 συμφοράς
2756 2107 2772 2133 ,
2807 2062 2895 2132 αἶς
2926 2066 3015 2120 διά
3048 2067 3150 2137 τῆς
3186 2068 3324 2139 πρὸς
3350 2068 3411 2121 τὸ
3439 2066 3611 2120 κακὸν

2037 2158 2207 2228 ῥοπῆς
2228 2157 2611 2227 συνεπέσομεν.
2637 2158 2994 2227 Πολυτρόπως
3013 2157 3071 2210 δὲ
3091 2158 3191 2228 τὴν
3210 2158 3509 2228 γενομένην
3529 2157 3609 2227 (9)

2032 2252 2164 2319 ἡμῖν
2188 2250 2251 2302 ὲκ
2268 2248 2363 2302 τοῦ
2392 2249 2502 2320 (10)
2532 2248 2664 2302 Θεοῦ
2690 2250 2825 2321 πρὸς
2842 2250 2902 2302 τὸ
2927 2248 3131 2317 άγαθὺν
3154 2248 3471 2321 συμμαχίαν
3493 2249 3610 2320 (Η)

2035 2339 2396 2410 ἐκδιηγεῖται·
2431 2339 2507 2403 ὡς
2544 2339 2608 2393 ἂν
2641 2339 2741 2403 τὰς
2784 2343 2861 2404 είς
2887 2341 2946 2393 τὸ
2986 2341 3326 2412 εὐχαριστεῖν
3350 2340 3610 2410 ἀφορμὰς

2037 2430 2382 2496 πλεονάσειε,
2424 2430 2561 2502 πρὸς
2589 2430 2742 2499 λόγον
2770 2431 2875 2485 τῶν
2909 2432 3161 2499 ἀγαθῶν,
3193 2431 3290 2487 καὶ⁵
3315 2432 3413 2502 τῆς
3447 2432 3614 2502 εὐχα-

2039 2520 2246 2592 ριστίας
2276 2522 2412 2594 πρὸς
2434 2522 2524 2575 τὸν
2545 2521 2675 2575 Θεὸν
2699 2521 3115 2594 πλεοναζούσης.

2108 2658 2282 2722 Εὐθὺς
2318 2658 2425 2728 γάρ
2448 2676 2578 2729 φησι
2607 2659 2698 2713 τοῦ
2725 2659 2883 2729 λόγου
2915 2659 3235 2731 ἀρχόμενος,
3265 2678 3285 2710 ι
3334 2657 3616 2729 Ἐξομολο-

2036 2748 2217 2814 γεῐσθε
2259 2748 2337 2819 τῷ
2368 2749 2669 2819 Κυρίῳ,ὂτι
2706 2750 2940 2818 ἀγαθὸς,
2980 2752 3062 2803 ὅτι
3097 2752 3177 2815 είς
3218 2749 3309 2804 τὸν
3352 2750 3528 2804 αἰῶνα
3550 2751 3616 2803 τὺ

2036 2842 2181 2905 ἕλεος
2226 2839 2391 2894 αὐτοῦ
2411 2858 2424 2871 ⁸
2469 2858 2488 2892 ο
2521 2841 2619 2911 τῆς
2659 2842 2767 2913 γάρ
2794 2841 3229 2914 ἐξομολογήσεως
3261 2843 3354 2894 ἐπὶ
3383 2842 3485 2912 τῆς
3524 2845 3617 2897 εῦ-

2036 2932 2319 3003 χαριστίας
2338 2930 2453 2997 νῦν,
2477 2933 2577 2986 οὐκ
2607 2935 2698 2987 ἐπὶ
2731 2935 2828 3003 τῆς
2856 2934 3258 3006 ὲξαγορεύσεως
3280 2935 3611 3004 νοουμένης·

2037 3025 2129 3077 ἐπὶ
2188 3027 2253 3095 τῇ
2302 3023 2599 3093 ἁγαθότητι
2641 3026 2732 3080 τὸν
2772 3026 2904 3080 Θεὸν
2946 3025 3187 3090 δοξάζειν
3240 3024 3615 3078 διακελεύεται

2042 3116 2195 3187 μόνῃ.
2230 3115 2398 3168 Τοῦτο
2427 3117 2724 3187 σημαίνων,
2753 3117 2834 3170 ὅτι
2859 3118 2959 3171 ὅσα
2998 3117 3219 3187 γέγονεν
3251 3118 3316 3169 ἐκ
3338 3115 3473 3170 Θεοῦ
3503 3119 3615 3180 τοῖς

354 3180 605 3256 videlicet
644 3199 983 3271 signiﬁcans,
1048 3199 1193 3270 quod
1254 3198 1516 3269 quidquid
1564 3199 1691 3254 boni
1738 3208 1791 3254 et
1841 3216 1929 3255 sa-

2037 3180 2343 3279 avdpibmtc
2376 3180 2554 3277 ἀγαθά
2602 3180 2719 3263 καὶ,
2744 3180 3022 3280 σωτήρια,
3066 3180 3249 3279 χάριτι
3292 3204 3471 3260 πάντα
3522 3206 3617 3259 καὶ

358 3295 551 3351 [utaris
618 3309 649 3348 a
716 3293 827 3348 Deo
892 3292 1215 3348 mortalibus
1269 3293 1437 3359 venit,
1498 3292 1551 3346 id
1612 3294 1928 3347 universum

355 3386 567 3440 venerit
625 3385 799 3456 gratia
852 3393 906 3439 et
944 3383 1188 3439 bonitate
1248 3382 1415 3446 illius,
1471 3398 1595 3437 cum
1656 3382 1710 3435 in
1771 3383 1931 3437 nobis

361 3476 511 3531 nulla
570 3475 692 3545 ejus
751 3474 1053 3546 accipiendi
1108 3489 1277 3530 causa
1324 3474 1547 3529 inesset.
1609 3472 1649 3525 E
1708 3483 1930 3527 contra-

356 3569 463 3632 rio,
513 3580 637 3621 cum
693 3581 795 3621 nos
852 3567 1002 3621 omni
1064 3565 1434 3636 improbitatis
1487 3579 1687 3635 genere
1744 3563 1930 3617 obruti

359 3658 585 3725 fuimus,
619 3657 736 3728 ipse
768 3672 799 3711 a
832 3664 1026 3712 natura
1056 3672 1155 3713 sua
1180 3671 1524 3727 nequaquam
1556 3655 1808 3721 descivit,
1835 3654 1933 3710 sed

356 3749 411 3804 id
440 3749 588 3819 quod
618 3757 724 3815 est,
762 3749 907 3820 egit;
939 3765 1117 3819 neque
1148 3749 1293 3805 enim
1336 3748 1495 3811 decet
1524 3763 1649 3802 eum
1702 3747 1794 3817 qui
1831 3762 1932 3800 na-

356 3849 480 3895 tura
532 3842 711 3897 bonus
744 3850 848 3906 est,
894 3840 1041 3896 aliud
1072 3854 1235 3911 quam
1270 3839 1416 3910 quod
1450 3853 1520 3893 ex
1582 3847 1780 3892 natura
1833 3852 1932 3891 sua

356 3940 461 3995 est,
493 3946 673 4001 agere.
717 3950 736 3983 ι
773 3929 988 3992 Dieant,
1026 3950 1044 3982 ι
1084 3930 1282 3999 inquit,
1322 3948 1341 3980 ‹
1377 3929 1473 3999 qui
1507 3927 1774 3996 redempti
1806 3937 1934 3982 sunt

355 4036 385 4075 a
443 4021 695 4086 Domino,
735 4036 877 4091 quos
911 4021 1141 4076 redemit
1174 4021 1242 4074 de
1275 4034 1440 4074 manu
1475 4020 1707 4086 inimici,
1761 4027 1815 4074 et
1865 4019 1934 4075 de

358 4109 673 4180 regionibus
708 4111 1058 4181 congregavit
1091 4124 1206 4164 eos.
1240 4112 1286 4162 A
1317 4109 1449 4164 solis
1471 4117 1596 4163 ortu
1624 4117 1678 4164 et
1707 4124 1931 4172 occasu,

358 4201 427 4255 ah
457 4201 713 4270 aquilone
737 4208 791 4256 et
829 4200 968 4257 mari
997 4202 1039 4263 ’ς
1070 4221 1089 4255 ι
1126 4196 1429 4269 perfectum
1462 4188 1933 4254 consummatum-

2033 3302 2328 3373 ἀγαθότητι
2364 3302 2606 3370 γέγονεν,
2649 3300 2901 3370 οὐδεμίαν
2942 3299 3098 3371 ἡμῶν
3138 3299 3272 3369 πρδς
3308 3296 3368 3351 τὸ
3410 3297 3616 3366 ἀγαθὸν

2034 3394 2211 3447 αἰτίαν
2251 3394 2703 3464 παρασχομένων.
2733 3392 3055 3445 Τοὺναντίον
3096 3391 3196 3461 μὲν
3233 3384 3326 3442 οῦν
3356 3390 3414 3441 ὲν
3465 3388 3618 3460 πάσῃ

2035 3486 2205 3557 κακίᾳ.
2238 3486 2538 3554 γεγονότων
2583 3484 2773 3556 ἡμῶν,
2802 3485 3005 3546 ἐκεῖνος
3054 3483 3152 3552 τῆς
3188 3480 3325 3542 ιδίας
3361 3480 3461 3532 οὐκ
3507 3478 3619 3541 ἐξί-

2037 3594 2227 3630 σταται
2274 3576 2521 3645 φύσεως,
2558 3575 2672 3629 ἀλλ’
2715 3576 2852 3645 ὅπερ
2887 3575 3032 3638 ἐστὶ,
3064 3571 3426 3635 τοῦταποιεῖ.
3477 3569 3616 3623 Οὐδὲ

2034 3669 2143 3740 γὰρ
2165 3668 2309 3731 είκὸς
2338 3663 2404 3739 ἦν
2433 3668 2523 3721 τὸν
2551 3667 2751 3736 ἀγαθὸν
2774 3669 2839 3737 τῇ
2875 3665 3033 3735 φύσει
3063 3663 3190 3718 ἄλλο
3219 3680 3273 3715 τι
3301 3660 3431 3731 παρ’
3456 3659 3488 3712 δ
3520 3660 3619 3713 πέ-

2037 3779 2238 3831 φυκεν,
2262 3761 2576 3831 ἐνεργῆσαι.
2614 3779 2633 3812 ι
2667 3761 3014 3822 Είπάτωσαν,
3049 3776 3067 3809 ι
3109 3740 3295 3827 φησὶν,
3332 3773 3351 3805 ι
3390 3752 3621 3807 οίλελυ-

2035 3854 2305 3927 τρωμένοι
2346 3855 2451 3908 ὑπὸ
2487 3853 2717 3926 Κυρίου,
2760 3851 2855 3917 οὒς
2908 3850 3253 3923 ὲλυτρώσατο
3308 3849 3374 3902 ἐκ
3428 3848 3615 3919 χειρὸς

2035 3942 2255 4014 ἐχθροῦ,
2295 3942 2389 3997 καὶ
2421 3942 2487 3995 ὲκ
2530 3941 2639 3995 τῶν
2675 3939 2868 4011 χωρῶν
2913 3939 3219 4015 συνήγαγεν
3256 3936 3474 3999 αὐτοὺς,
3507 3933 3619 3989 ἀπὸ

2037 4033 2307 4087 ἀνατολῶν
2354 4034 2449 4085 καὶ
2479 4030 2721 4102 δυσμῶν,
2760 4030 2853 4084 καὶ
2886 4029 3086 4102 βορρᾶ,
3119 4027 3212 4082 καὶ
3253 4026 3548 4097 θαλάσσης.
3591 4044 3611 4075 ι

2038 4123 2147 4194 Τὴν
2200 4124 2441 4195 παντελῆ
2484 4122 2579 4177 τοῦ
2630 4122 2820 4192 γένους
2865 4120 2973 4175 τῶν
3014 4119 3320 4191 ἀνθρώπων
3366 4118 3502 4190 πρὸς
3553 4117 3619 4169 τὸ

2037 4215 2239 4285 ἀγαθὸν
2284 4216 2540 4270 ἐπάνοδον
2568 4215 2597 4268 ὁ
2621 4214 2778 4284 λόγος
2818 4213 3243 4283 εὐαγγελίζεται.
3290 4211 3354 4264 Ἡ
3378 4209 3489 4281 γάρ
3524 4208 3619 4261 λύ-

358 4309 464 4361 que
505 4293 729 4348 humani
755 4290 974 4364 generis
1017 4292 1084 4348 ad
1114 4292 1393 4348 meliorem
1442 4290 1653 4361 frugem
1699 4291 1929 4346 reditum

2037 4322 2258 4377 τρωσις,
2290 4305 2388 4377 τὴν
2424 4306 2533 4359 ἀπὸ
2579 4304 2681 4374 τῆς
2711 4303 3086 4375 αἰχμαλωσίας
3122 4300 3418 4371 ἀνάκλησιν
3442 4301 3622 4370 ὲρμη-
3682 4320 3692 4330 ·

357 4388 535 4441 oratio
569 4386 879 4456 pollicetur.
915 4384 1239 4456 Redemptio
1269 4384 1416 4442 enim
1461 4384 1837 4440 reductionem
1868 4399 1932 4438 ex

357 4479 677 4549 captivitate
712 4478 1026 4551 significat;
1059 4478 1212 4534 dedit
1239 4493 1368 4533 vero
1402 4476 1544 4534 Deus
1578 4477 1811 4547 pretium
1848 4491 1936 4530 re-

2038 4394 2182 4449 νεύει
2218 4395 2298 4466 τῷ
2340 4396 2562 4466 ῥήματι.
2611 4396 2668 4448 '0
2688 4394 2745 4448 δὲ
2765 4393 2897 4457 Θεὸς
2928 4391 3120 4464 λύτρον
3151 4390 3380 4443 δέδωκεν
3423 4389 3620 4441 ἑαυτὸν

2040 4487 2182 4559 ὑπὲρ
2217 4488 2326 4540 τῶν
2363 4486 2791 4560 κεκρατημένων
2834 4484 2939 4538 ὑπὸ
2982 4483 3076 4537 τοῦ
3120 4481 3351 4536 θανάτου
3388 4500 3407 4533 ι
3449 4479 3528 4549 τῷ
3553 4480 3620 4532 τὸ

358 4572 688 4642 demptionis
711 4572 952 4641 seipsum
985 4585 1086 4640 pro
1122 4570 1212 4633 iis,
1252 4569 1346 4638 qui
1401 4584 1432 4621 a
1467 4579 1642 4623 morte
1673 4567 1818 4637 capti
1852 4576 1929 4621 te-

2038 4581 2239 4652 κράτος
2283 4579 2456 4651 ἔχοντι
2506 4579 2600 4633 τοῦ
2652 4578 2882 4632 θανάτου
2903 4593 2918 4608 ’
2970 4595 2989 4630 ι
3041 4575 3135 4629 καὶ
3178 4573 3368 4644 ἐπειδὴ
3416 4572 3621 4634 πάντες

358 4663 651 4727 nebanlur.
682 4662 942 4730 deditque
972 4659 1601 4739 «illiquiinmortemjus
1617 4658 1872 4715 habebat.
1901 4678 1921 4712 ι

2036 4668 2178 4745 ἦσαν
2223 4674 2281 4726 ὲν
2312 4674 2380 4744 τῇ
2419 4669 2514 4725 τοῦ
2556 4671 2783 4725 θανάτου
2831 4669 3076 4740 φρουρᾷ,
3124 4666 3330 4735 πάντας
3372 4662 3619 4734 δηλονότι

357 4755 425 4809 Et
454 4769 579 4809 cum
604 4769 794 4810 omnes
823 4754 926 4809 sub
954 4755 1154 4831 mortis
1180 4758 1451 4823 potestate
1475 4750 1703 4814 fuerint,
1739 4764 1929 4805 omnes

2040 4763 2318 4828 ὲξωνεῖται
2345 4761 2423 4833 τῷ
2462 4762 2659 4832 λύτρῳ,
2698 4762 2773 4826 ὼς
2806 4761 3010 4833 μηδένα
3036 4757 3462 4829 καταλειφθῆναι
3498 4755 3617 4827 (12)

358 4847 536 4920 pretio
590 4845 716 4900 inde
776 4845 1029 4911 redemit,
1081 4846 1158 4900 ita
1192 4854 1252 4901 ut
1299 4843 1485 4900 nullus
1545 4841 1650 4899 sub
1707 4841 1929 4911 imperio

2037 4858 2104 4927 τῇ
2139 4855 2428 4926 δυναστείᾳ
2475 4855 2567 4909 τοῦ
2607 4855 2838 4910 θανάτου
2871 4853 3010 4925 μετὰ
3059 4852 3156 4925 τὴν
3191 4851 3479 4923 γινομένην
3518 4848 3620 4904 τοῦ

358 4938 553 4994 mortis
584 4939 929 5008 relinquatur
960 4945 1084 5009 post
1113 4938 1420 5009 generalem
1461 4936 1706 4990 omnium
1736 4934 1936 4989 libera-

357 5034 582 5087 tionem.
614 5030 735 5086 Non
764 5031 909 5085 enim
944 5030 1059 5085 ﬁeri
1095 5038 1293 5100 potest,
1329 5039 1386 5083 ut
1413 5028 1536 5100 quis
1561 5028 1722 5082 morti
1748 5026 1935 5096 subja-

356 5130 498 5187 ceat,
527 5130 704 5176 morte
737 5121 849 5190 jam
876 5121 1075 5174 abolita
1106 5119 1430 5188 penitusque
1460 5119 1696 5173 sublata.

425 5213 508 5269 0b
537 5215 588 5268 id
630 5213 1035 5285 quadripartito
1070 5224 1184 5267 toto
1244 5220 1517 5266 terrarum
1554 5212 1684 5265 orbe
1740 5225 1936 5264 secun-

360 5304 486 5359 dum
520 5308 683 5362 situm
715 5307 917 5371 diviso,
970 5306 1174 5362 nullam
1230 5314 1442 5377 partem
1481 5304 1677 5359 divinae
1723 5303 1936 5358 redem-

431 5465 452 5497 ⁸
477 5465 618 5522 Psal.
644 5472 803 5535 Cvr,1
846 5484 966 5538 sqq.
1047 5470 1067 5500 ⁹
1094 5466 1256 5522 Ilehr.
1292 5482 1350 5529 ιι,
1390 5466 1473 5519 iui.

429 5690 508 5757 (8)
537 5690 845 5758 Γινομένου,
880 5690 965 5744 ed.
1001 5688 1119 5743 Mox
1155 5690 1215 5741 ὲκ
1249 5705 1347 5759 pro
1375 5684 1494 5740 οὐκ.

431 5762 504 5827 (9)
540 5760 850 5827 Γινομένην,
884 5759 947 5812 ed
963 5796 974 5812 .

426 5833 534 5899 (ιο)
563 5829 668 5883 Τοῦ
695 5844 803 5881 om.
837 5830 922 5883 cd.

2040 4950 2242 5011 παντὸς
2268 4947 2663 5018 ἀπολύτρωσιν.
2697 4945 2835 5004 Οὐδὲ
2876 4947 2983 5016 γάρ
3009 4945 3124 4997 ἐστι
3165 4943 3386 4997 δυνατὸν
3415 4942 3471 4993 ἐν
3516 4940 3617 4993 θα-

2040 5041 2185 5112 νάτῳ
2218 5042 2335 5094 τινὰ
2365 5035 2503 5094 εἷναι
2523 5078 2538 5105 ,
2574 5038 2669 5092 τοῦ
2703 5037 2931 5091 θανάτου
2966 5036 3040 5107 μὴ
3068 5035 3242 5098 ὄντος.

2110 5226 2200 5278 Διὸ
2242 5224 2479 5296 τετραχῆ
2529 5223 2627 5293 τῆς
2671 5221 2992 5293 οἰκουμένης
3045 5220 3260 5288 ἁπάσης
3327 5211 3465 5270 κατὰ
3515 5213 3620 5283 τὴν

2040 5317 2187 5372 θέσιν
2225 5316 2594 5390 διῃρημένης,
2637 5314 2789 5367 οὐδὲν
2830 5315 2858 5367 ό
2893 5313 3051 5382 λόγος
3094 5309 3414 5389 ῥπελείπετο
3449 5305 3618 5376 μέρος

2139 5684 2219 5750 Η)
2256 5682 2420 5750 Ἡμῖν
2450 5675 2684 5750 addLed.
2728 5652 2735 5655 ‘

2139 5684 2219 5750 il)
2256 5684 2418 5750 Ἡμῖν
2450 5684 2575 5731 add.
2597 5684 2684 5731 ed.

2109 5684 2222 5820 iiii
2258 5746 2704 5818 Καταληφθῆναι,
2741 5747 2826 5802 ed.
