3888 6394
477 415 535 478 Ἠ
1672 424 1730 482 S.
1772 421 2102 481 GREGORII
2142 420 2436 478 NYSSENI

3599 411 3698 476 4ῗῖ

439 539 614 608 genus
646 550 677 590 a
715 535 921 591 lumine
950 535 1307 602 abscessisse,
1342 543 1396 594 et
1430 536 1498 591 ad
1533 545 1818 607 peceatum
1846 538 2004 593 decli-

2117 534 2454 606 ανθρωπίαν,
2502 531 2569 584 δι’
2616 524 2684 601 ἦς
2714 530 2848 600 πρὸς
2884 529 2946 582 τὸ
2977 527 3224 600 κρεῖττον
3255 527 3289 600 ἡ
3319 527 3483 598 φύσις
3523 546 3690 601 μετα-ε

439 627 624 691 nasse,
653 640 829 694 neque
863 625 914 678 in
947 632 1093 678 statu
1137 633 1287 680 recto
1321 628 1672 696 perstitisse;
1711 636 1766 683 et
1814 629 1884 684 ab
1923 628 2014 682 illa

439 729 560 786 qua:
600 731 725 769 vere
780 715 889 768 vita
925 723 1029 778 est,
1059 716 1427 771 abalienatum
1481 733 1624 774 esse.
1677 718 1766 773 Ait
1813 720 2008 774 enim:

443 827 461 857 ι
508 806 771 860 Sedentes
802 805 858 859 in
891 805 1132 861 tenebris
1160 813 1215 861 et
1249 809 1440 862 umbra
1467 810 1681 874 mortis,
1713 811 1930 866 vinctos
1959 810 2012 863 in

435 894 790 951 mendicitate
828 903 881 948 et
913 893 1098 960 ferro;
1143 914 1162 948 ›
1217 912 1345 950 nam
1397 897 1665 952 dimoveri
1711 913 1818 953 non
1855 906 2010 968 pote.

442 991 568 1038 rant
630 999 660 1037 a
691 984 857 1049 malo,
886 985 1153 1054 gravitate
1183 987 1506 1056 compcdum
1538 988 1764 1043 detenti.
1801 990 2008 1045 Catena

434 1085 519 1131 est
547 1077 680 1130 recti
715 1077 949 1145 privatio
979 1087 1032 1132 et
1058 1078 1364 1144 destitutio,
1399 1096 1520 1150 qua:
1550 1097 1608 1136 se
1657 1082 1821 1136 habet
1878 1083 2009 1138 ferri

433 1167 610 1221 instar
657 1168 976 1236 praecordiis
1025 1171 1387 1240 circumjeeti.
1445 1171 1688 1238 Quorum
1764 1175 2008 1230 omnium

433 1273 598 1312 causa
629 1266 749 1311 erat
780 1259 982 1314 divina:
1011 1261 1144 1328 legis
1168 1263 1469 1332 neglectus,
1496 1265 1819 1334 consiliique
1841 1266 2011 1322 Altis-

432 1348 555 1403 simi
619 1356 989 1420 contemptus.
1057 1351 1169 1408 lloe
1209 1355 1355 1408 enim
1417 1354 1642 1422 indicat,
1707 1372 1830 1412 cum
1889 1359 2006 1414 ait:

436 1456 455 1488 ι
495 1438 634 1505 Quia
665 1441 1132 1497 exaeerbaverunt
1177 1445 1394 1514 eloquia
1451 1444 1563 1512 Dei,
1611 1456 1664 1503 et
1717 1449 2006 1505 consilium

429 1529 695 1585 Altissimi
729 1531 1101 1590 irritaverunt.
1140 1554 1157 1586 ι
1197 1534 1313 1602 llis,
1357 1542 1415 1589 ut
1467 1552 1566 1607 par
1598 1548 1738 1603 erat,
1775 1540 1928 1597 labor
1955 1547 2008 1596 et

431 1621 669 1690 abjectio
699 1623 822 1679 vita:
857 1628 1140 1682 sueeessit.
1185 1627 1362 1684 Labor
1412 1632 1652 1702 quidem,
1690 1649 1812 1688 cum
1856 1636 2004 1690 omni

429 1711 772 1769 nutrimento
799 1714 1046 1772 destituti
1077 1728 1225 1774 sunt.
1259 1721 1510 1792 Abjectio
1537 1735 1739 1790 autem,
1788 1728 2007 1798 quando

431 1807 556 1856 eum
602 1805 882 1862 Altissimo
935 1821 1255 1880 permanere
1313 1815 1628 1871 noluerunt.
1677 1819 1765 1872 Ait
1814 1822 2002 1876 enim:

436 1909 456 1944 ι
507 1893 864 1953 llumiliatum
929 1901 1100 1957 estin
1139 1903 1420 1961 laboribus
1477 1916 1574 1961 cor
1623 1923 1836 1964 eorum.
1884 1930 1903 1964 ι
1938 1911 2005 1967 At
2042 1881 2082 1936 Β

428 1988 705 2054 separatio
732 2004 761 2042 a
795 1991 995 2048 virtute
1023 1994 1158 2048 nihil
1188 1996 1335 2050 aliud
1367 2012 1528 2067 quam
1567 2000 1856 2058 infirmitas
1881 2011 1964 2059 est
1990 2023 2004 2072 ;

428 2078 554 2145 Quis
583 2078 729 2132 enim
778 2081 898 2137 sine
933 2084 1135 2139 virtute
1184 2094 1364 2154 potest
1400 2088 1647 2144 invenire
1683 2091 1949 2145 auxilium
1988 2096 2011 2151 ἲ

429 2156 774 2240 Quapropter
825 2175 1140 2245 subjungit:
1179 2193 1198 2228 ι
1239 2175 1501 2233 lnﬁrmati
1544 2188 1704 2244 sunt,
1745 2197 1846 2238 nec
1903 2181 2009 2238 fuit

429 2259 522 2329 qui
554 2261 858 2330 adjuvaret.
903 2285 920 2317 ι
956 2267 1226 2322 Caeterum
1259 2275 1450 2324 rursus
1491 2271 1649 2325 unica
1681 2287 1814 2328 voce
1856 2275 2007 2328 cala-‘

432 2347 650 2404 mitates
712 2351 767 2405 in
820 2356 1237 2423 prosperitatem
1298 2367 1644 2414 commutata:
1691 2369 1866 2416 sunt:
1925 2362 2006 2416 ait

429 2445 574 2500 enim
606 2467 619 2503 :
657 2459 676 2500 ι
707 2437 1092 2506 Clamaveru’nt
1122 2453 1189 2506 ad
1231 2453 1520 2508 Dominum
1559 2471 1684 2510 cum
1718 2457 2007 2514 tribularet

429 2541 546 2604 cos,
594 2547 648 2595 et
697 2539 766 2595 de
811 2542 1236 2599 necessitatibus
1297 2551 1487 2599 eorum
1543 2546 1792 2600 liberavit
1825 2563 1949 2603 eos.
1981 2567 2000 2601 ι

428 2617 708 2685 Tenebras
737 2631 963 2699 disjicit,
1012 2641 1242 2688 mortem
1296 2635 1569 2703 dissolvit,
1624 2637 1844 2692 vincula
1891 2640 2007 2694 dis-

427 2719 654 2789 rumpit.-
682 2719 850 2775 Addit
875 2722 1017 2777 enim
1048 2742 1060 2775 :
1093 2743 1110 2776 ι
1144 2723 1210 2778 Ει
1243 2725 1433 2780 eduxit
1461 2741 1555 2783 eos
1584 2727 1650 2782 de
1682 2730 1924 2785 tenebris
1953 2739 2007 2785 et

429 2807 622 2863 Umbra
646 2812 863 2877 mortis,
891 2819 945 2866 et
975 2815 1194 2870 vincula
1241 2832 1429 2872 eorum
1483 2819 1735 2888 disrupit.
1779 2840 1796 2873 ι
1862 2821 2004 2892 Ergo

428 2891 566 2953 laetis
595 2901 819 2957 vocibus
853 2903 1178 2961 beneficium
1216 2907 1320 2962 hoc
1366 2909 1721 2978 praedicetur,
1755 2891 2005 2982 quando-

427 2989 649 3059 quidem
680 2991 1012 3050 inevitabilis
1043 2997 1294 3052 custodia
1327 3000 1541 3066 mortis,
1566 3002 1724 3056 aereis
1755 3005 1926 3072 portis
1951 3015 2007 3061 et

429 3079 622 3136 ferreis
644 3082 890 3138 vectibus
924 3087 1153 3153 munita,
1180 3088 1462 3144 confracta
1491 3101 1594 3156 est,
1645 3095 2003 3163 quemadmo-

2125 626 2466 690 σκευάζεται.
2507 627 2575 678 "A
2623 623 2680 676 δὲ
2720 623 2866 690 λέγει
2897 622 3126 676 τοιαῦτά
3154 624 3301 676 ἐστιν
3323 639 3338 653 ·
3364 622 3448 675 ὅτι
3486 622 3695 694 ἀπέστη

2113 718 2208 771 τοῦ
2234 717 2408 787 φωτὸς
2465 715 2527 769 τὸ
2585 713 2943 785 ἀνθρώπινον,
3007 713 3100 766 καὶ
3129 713 3263 782 πρὸς
3295 713 3395 781 τὴν
3423 714 3698 785 ἁμαρτίαν

2116 809 2446 874 συνώκλασε,
2478 808 2571 860 καὶ
2601 806 2782 859 οὐκέτι
2801 800 2872 876 ἦν
2904 806 2962 857 ὲν
2982 804 3060 875 τῷ
3085 803 3252 874 ὀρθίῳ
3283 803 3379 857 τοῦ
3418 806 3695 875 σχήματος

2114 901 2208 954 καὶ
2232 900 2329 969 τῆς
2350 899 2514 958 ὅντως
2532 895 2846 966 ἀπεξενώθη
2884 891 3051 964 ζωῆς.
3084 913 3102 944 ι
3135 893 3495 965 Καθημένους
3517 913 3537 947 ι
3564 895 3694 968 γὰρ,

2113 992 2300 1062 φησιν,
2343 1010 2360 1042 ι
2400 991 2455 1042 ὲν
2485 989 2663 1042 σκότει
2696 988 2790 1040 καὶ
2843 988 2970 1056 σκιᾷ
3016 985 3696 1057 θανάτου,πεπεδημένους

2112 1085 2171 1136 ιν
2225 1083 2486 1151 πτωχείᾳ,
2519 1081 2613 1133 καὶ
2659 1079 2882 1149 σιδήρῳ.
2921 1095 2940 1129 ι
2984 1077 3264 1146 ’Δκίνητον
3319 1075 3428 1145 γὰρ
3469 1073 3540 1146 ἦν
3588 1078 3695 1130 ἀπὸ

2109 1174 2204 1229 τοῦ
2234 1175 2402 1228 κακοῦ
2425 1178 2489 1244 τῇ
2516 1174 2706 1245 βαρείᾳ
2725 1173 3087 1244 κατεχόμενον
3115 1171 3272 1242 πέδῃε
3298 1171 3438 1241 Πὲδη
3461 1172 3517 1225 δὲ
3537 1174 3570 1242 ἡ
3598 1171 3692 1224 τοῦ

2111 1267 2274 1320 καλοῦ
2323 1267 2563 1335 πτωχεία
2599 1265 2765 1327 ἐστὶν,
2802 1259 2910 1317 οἷόν
2941 1281 3023 1326 τις
3047 1261 3263 1332 σίδηρος
3296 1263 3695 1333 περιτυπωθεὶς

2109 1363 2228 1423 ταῖς
2267 1359 2536 1430 καρδίαις.
2569 1359 2792 1411 Πάντων
2826 1357 2883 1410 δὲ
2917 1356 3126 1409 τούτων
3158 1355 3417 1418 ὑπόθεσις
3451 1351 3520 1426 ἦν
3545 1358 3577 1426 ἡ
3600 1355 3692 1409 τοῦ

2111 1449 2255 1502 θείου
2286 1451 2449 1519 νόμου
2472 1449 2742 1519 παρακοὴ,
2767 1448 2860 1500 καὶ
2888 1449 2921 1516 ἡ
2952 1447 3052 1516 τῆς
3079 1446 3275 1515 βουλῆς
3307 1445 3400 1500 τοῦ
3435 1447 3690 1515 Ὑψίστου

2107 1541 2379 1610 ἀθέτησις.
2412 1539 2592 1592 Ταῦτα
2625 1539 2734 1610 γὰρ
2760 1538 3014 1609 σημαίνει
3055 1535 3249 1606 λέγων,
3281 1537 3435 1592 «Ὅτι
3460 1539 3692 1606 παρεπίέ

2109 1649 2313 1703 κραναν
2350 1630 2417 1684 τὰ
2465 1631 2620 1699 λόγια
2645 1631 2738 1683 τοῦ
2768 1629 2902 1683 Θεοῦ
2954 1629 3047 1682 καὶ
3087 1629 3185 1699 τὴν
3215 1626 3688 1702 βουλὴντοῦ’]’ψί-

2109 1740 2233 1776 στου
2286 1721 2626 1794 παρώξυναν.
2690 1741 2707 1773 ι
2766 1722 2889 1775 Ἐπὶ
2946 1721 3154 1785 τούτοις
3211 1720 3350 1774 κατά
3402 1721 3461 1773 τὸ
3506 1721 3686 1782 εἰκὸς,

2107 1816 2292 1881 κόπος,
2327 1816 2419 1868 καὶ
2443 1815 2766 1879 ταπείνωσις
2797 1815 2894 1884 τὴν
2935 1814 3079 1884 ζωὴν
3111 1813 3218 1866 τῶν
3243 1813 3497 1866 τοιούτων
3539 1813 3687 1866 ἐκδύ-

2108 1923 2280 1977 χεται.
2308 1906 2490 1967 Κόπος
2525 1905 2645 1974 μὲν,
2671 1905 2751 1957 ὅτι
2776 1904 2874 1973 τῆς
2910 1904 3113 1974 τροφῆς
3153 1905 3264 1972 (εν)
3291 1903 3684 1974 ἐχωρίσθησαν,

2106 1997 2432 2058 ταπείνωσις
2477 1995 2552 2057 δὲ,
2589 1995 2667 2048 ὅτι
2705 1996 2761 2047 ὲν
2784 1988 2861 2061 τῷ
2883 1989 3121 2064 ’Υψίστῳ
3155 1994 3266 2064 (9.5)
3291 1995 3562 2064 διαμεῖναι
3589 1998 3687 2048 οὐκ

2106 2086 2532 2155 ἠϐουλήθησαν.‹
2556 2083 2918 2154 Ἐταπεινὼθη
2951 2101 2968 2135 ι
2996 2083 3124 2153 γὰρ,
3146 2084 3300 2152 φησὶ,
3331 2101 3348 2132 ι
3373 2084 3430 2135 ὲν
3455 2084 3565 2152 (24)
3595 2084 3686 2135 κό-

2109 2195 2228 2241 ποις
2281 2179 2312 2246 ἡ
2356 2177 2548 2247 καρδία
2596 2175 2793 2230 αὐτῶν.
2832 2193 2848 2226 ι
2902 2176 2959 2227 '0
3005 2175 3062 2226 δὲ
3094 2175 3370 2244 χωρισμὸς
3404 2175 3502 2244 τῆς
3532 2175 3688 2228 δ.)νά-

2111 2284 2254 2337 μεως
2283 2267 2432 2320 οὐδὲν
2457 2266 2584 2319 ἄλλο
2604 2265 2748 2317 ἐστὶν
2782 2264 2814 2334 ἧ
2855 2263 3108 2316 ἀσθένεια
3129 2280 3142 2294 ·
3176 2263 3258 2326 τίς
3289 2263 3396 2334 γὰρ
3423 2262 3486 2316 ἂν
3515 2265 3688 2334 χωρὶς

2105 2357 2382 2428 δυνάμεως
2424 2357 2672 2427 εὑρεθείη
2705 2355 2947 2426 βοήθεια;
2973 2357 3060 2406 Διό
3081 2372 3301 2426 φησιν’(
3327 2354 3686 2424 Ἡσθένησανσ

2107 2449 2201 2502 κα)⁸
2231 2451 2331 2502 οὐκ
2363 2445 2430 2520 ἦν
2457 2450 2484 2502 ὁ
2511 2449 2736 2519 βοηθῶν.
2785 2469 2802 2500 ι
2853 2447 3010 2501 Ἀλλὰ
3053 2448 3213 2500 πάλιν
3245 2447 3340 2517 μία
3367 2447 3518 2515 φωνὴ
3574 2447 3689 2516 (‘25)

2107 2541 2240 2610 πρὸς
2310 2542 2647 2611 εὐφροσύνην
2724 2540 2821 2602 τὰς
2899 2538 3184 2618 συμφορας
3262 2538 3686 2607 μετεσκεύασεν.

2112 2653 2130 2686 ι
2178 2633 2509 2704 Ἐκέκραξαν
2569 2653 2586 2684 ι
2617 2634 2744 2703 γὰρ,
2775 2632 2927 2704 φησὶ,
2959 2651 2975 2682 ι
3005 2633 3139 2702 πρὸς
3170 2631 3372 2702 Κύριον
3402 2632 3459 2681 ὲν
3480 2630 3559 2700 τῷ
3577 2631 3691 2683 θ).ί-ι

2106 2723 2293 2777 εἐσθαι
2322 2725 2642 2788 αὐτοὺς,καὶ
2660 2725 2768 2792 (26)
2793 2725 2857 2776 ὲκ
2878 2723 2982 2776 τῶν
2999 2722 3252 2789 ἀναγκῶν
3268 2721 3446 2773 αὐτῶν
3480 2721 3688 2774 ἔσωσεν

2105 2817 2320 2880 αύτούς.
2354 2835 2371 2868 ι
2395 2817 2669 2885 ’Λφανίξει
2718 2816 2775 2868 τὸ
2806 2817 3012 2878 σκότος,
3049 2815 3254 2868 διαλύει
3308 2814 3398 2866 τὸν
3437 2814 3688 2874 θάνατον.

2103 2911 2170 2963 τὰ
2199 2909 2372 2978 δεσμά
2399 2909 2803 2979 διαρρήγνυσιν.
2841 2927 2857 2958 ι
2919 2907 3216 2977 Ἐξήγαγεν
3256 2925 3273 2957 ι
3318 2906 3446 2976 γὰρ,
3500 2908 3687 2976 φησὶν,

2110 3017 2128 3050 ι
2160 3003 2354 3064 αὐτοὺς
2401 3001 2753 3063 ὲκ,σκότους,
2782 2999 2875 3052 καὶ
2926 3001 3083 3062 σκιᾶς
3127 2998 3380 3059 θανάτου,
3420 3000 3514 3052 καὶ
3562 3000 3690 3060 τοὺς

2105 3093 2336 3162 δεσμοὺς
2354 3092 2528 3144 αὐτῶν
2555 3091 2856 3162 διέρρηξεν.
2898 3103 2916 3142 ι
2956 3090 3163 3143 Οὐκοῦν
3206 3091 3688 3159 ἀνακηρυττέσθωε

429 3172 558 3227 dum
613 3171 884 3243 Propheta
944 3177 1092 3231 canit
1139 3215 1154 3233 .
1191 3177 1340 3235 Talis
1397 3195 1634 3252 namque
1698 3185 2002 3240 habebatur

2108 3186 2258 3254 φησὶ,
2288 3184 2355 3236 δι’
2384 3183 2654 3252 εὐφημίας
2685 3183 2716 3252 ἡ
2746 3183 2924 3253 χάρις,
2949 3183 3030 3234 ὅτι
3071 3183 3104 3251 ἡ
3127 3182 3366 3250 ἄφυκτος
3399 3180 3492 3233 τοῦ
3523 3182 3691 3234 θανα-

428 3261 625 3318 mortis
676 3265 956 3334 petentia;
1017 3266 1377 3338 quoadusque
1433 3271 1514 3325 vis
1576 3280 1686 3326 tam
1738 3275 2000 3343 violenta,

430 3353 665 3408 adventu
690 3360 742 3408 et
769 3355 1060 3423 prasentia
1088 3373 1228 3412 vera:
1256 3360 1376 3413 vitae
1399 3363 1618 3415 evanuit
1647 3380 1661 3430 ;
1695 3379 1818 3418 cum
1849 3367 2003 3434 prius

428 3455 588 3501 omne
622 3446 754 3501 illud
795 3447 941 3516 quod
973 3447 1115 3502 intra
1163 3465 1226 3506 ea
1265 3453 1670 3528 continebatur,
1740 3465 2002 3528 tanquam

429 3538 675 3594 vectibus
703 3535 917 3602 ferreis,
957 3541 1239 3612 portisque
1261 3540 1437 3613 frangi
1464 3545 1690 3613 nesciis,
1736 3547 1858 3603 sine
1913 3564 2005 3618 pe-

427 3629 604 3683 riculo
635 3627 774 3700 fuga:
807 3636 1202 3688 asservarctur.
1264 3633 1372 3688 Sed
1407 3653 1424 3686 ι
1495 3639 1759 3692 contrivit
1815 3649 2002 3710 portas

427 3735 619 3785 aereas,
655 3740 674 3773 ι
713 3723 908 3792 inquit,
948 3745 967 3776 ι
1036 3732 1090 3779 et
1122 3734 1307 3782 vectes
1370 3726 1576 3785 ferreos
1635 3731 1922 3802 confregit.
1976 3751 1994 3785 ι

429 3811 543 3868 lloc
593 3813 853 3871 nimirum
909 3822 1013 3880 est,
1071 3817 1216 3873 viam
1271 3821 1577 3890 iniquitatis
1621 3823 1863 3894 ipsorum
1900 3843 2002 3881 au-

430 3905 591 3967 ferre,
623 3906 898 3976 vitamque
925 3907 993 3960 ad
1048 3910 1264 3977 pietatis
1300 3926 1548 3966 normam
1607 3915 1998 3976 conformaret

427 3993 653 4048 abolitio
716 3995 933 4050 illarum
974 4006 1281 4067 portarum,
1343 4002 1473 4069 quid
1508 4003 1655 4057 aliud
1693 4015 1798 4068 est,
1833 4022 1999 4077 quam

427 4086 539 4138 vita
567 4100 634 4139 ex
665 4085 892 4155 iustitia:
954 4091 1276 4160 pmscripto
1335 4091 1628 4148 instituta?
1678 4095 1770 4152 Ait
1810 4099 1998 4154 enim:

436 4177 454 4228 ί
487 4175 740 4248 Suscepit
772 4193 868 4235 eos
899 4180 966 4236 de
995 4181 1080 4235 via
1113 4182 1417 4253 iniquitatis
1449 4199 1660 4241 eorum.
1693 4203 1713 4239 ι

2103 3295 2194 3329 του
2228 3275 2436 3346 φρουρά
2461 3273 2700 3343 διελύθη,
2728 3275 2760 3342 ἡ
2799 3276 2914 3335 ταῖς
2943 3272 3168 3341 χαλκαῖς
3195 3272 3391 3334 πύλαις
3444 3274 3538 3324 καὶ
3574 3274 3690 3334 τοῖς

2107 3367 2339 3436 σιδηροῖς
2365 3365 2739 3436 ὴσφαλισμένη
2779 3365 3010 3435 μοχλοῖς,
3046 3365 3225 3428 καθώς
3284 3382 3446 3434 φησιν
3483 3367 3510 3417 ό
3545 3367 3689 3434 Προ-

2105 3460 2302 3528 φήτης.
2360 3457 2594 3527 Τοιαύτη
2648 3457 2754 3528 γάρ
2796 3475 2877 3521 τις
2911 3459 2942 3526 ἡ
2979 3457 3106 3528 περὶ
3153 3458 3242 3508 τὸν
3277 3456 3689 3525 θάνατονίσχῦς

2104 3547 2401 3617 ἐνομίζετο,
2467 3547 2570 3610 ἓως
2605 3547 2756 3600 ούπω
2803 3550 2866 3618 τῇ
2899 3547 3171 3617 παρουσίᾳ
3213 3547 3310 3616 τῆς
3339 3547 3505 3609 ὅντως
3536 3547 3687 3615 ζωῆς

2105 3635 2431 3705 ἐξηψανίσθη
2461 3635 2552 3688 τοῦ
2595 3636 2830 3708 θανάτου,
2859 3637 2918 3690 τὸ
2946 3637 3166 3707 κράτος,
3194 3638 3274 3689 ὃτι
3312 3639 3416 3688 πᾶν
3447 3637 3506 3689 τὸ
3535 3637 3690 3700 ἐντὸς

2105 3727 2312 3780 ἐκείνου
2353 3727 2661 3798 γενόμενον,
2703 3728 2893 3800 ὥσπερ
2926 3731 3037 3782 τισὶ
3081 3729 3294 3800 μοχλοῖς
3328 3729 3563 3800 σιδηροῖς
3589 3732 3692 3781 καὶ

2105 3818 2298 3882 πύλαις
2313 3818 2594 3889 ἀτρίπτοις
2622 3818 3010 3890 κρατούμενον,
3042 3820 3447 3890 ἀναπόδραστον
3469 3820 3688 3891 ἔμενεν.

2117 3907 2274 3963 Ἀλλὰ
2315 3927 2334 3961 ι
2362 3909 2644 3982 συνέτριψε
2664 3947 2678 3971 ,
2711 3927 2729 3960 ι
2749 3912 2902 3981 φησὶ,
2938 3930 2957 3964 ι
2990 3911 3165 3975 πύλας
3187 3912 3417 3983 χαλκᾶς,
3447 3914 3537 3966 καὶ
3581 3928 3690 3981 μο-

2104 4001 2264 4072 χλοὺς
2311 4001 2566 4072 σιδηροῦς
2618 4003 2928 4058 συνέθλασε.
3002 4029 3020 4062 ι
3079 4008 3249 4063 Τοῦτο
3308 4005 3367 4060 δέ
3419 4006 3535 4060 ἐστι
3625 4003 3694 4055 τὸ

2102 4092 2201 4164 τὴν
2254 4091 2372 4145 ὁδὸν
2416 4093 2514 4161 τῆς
2567 4093 2797 4162 ἀνομίας
2852 4093 3031 4147 αὐτῶν
3059 4092 3338 4160 ἀφανίσαι,
3380 4093 3476 4146 καὶ
3517 4107 3693 4161 μετα-

2104 4183 2468 4254 σκευασθῆναι
2519 4185 2616 4253 τὴν
2671 4185 2816 4254 ζωὴν
2849 4185 2983 4254 πρὸς
3015 4184 3317 4238 εὐσέϐειαν.
3352 4177 3518 4246 Οὗτος
3543 4184 3695 4252 ἀφα-

2103 4265 2291 4344 νίσμὸς
2335 4274 2442 4327 τῶν
2495 4275 2680 4327 πυλῶν
2716 4275 2939 4328 ἐκείνων
2983 4276 3098 4328 ἐστὶ
3123 4275 3184 4328 τὸ
3223 4276 3304 4338 είς
3339 4273 3694 4346 δικαιοσύνην

2107 4365 2586 4436 μεταρυθμηθῆναι
2637 4366 2746 4435 (27)
2775 4366 2863 4430 τὸν
2907 4365 3040 4435 βίον.
3086 4366 3468 4420 ιἈντελάδετο
3497 4384 3517 4418 ι
3553 4364 3695 4438 γὰρ,

2104 4456 2286 4528 φησιν,
2319 4475 2338 4508 ι
2371 4457 2700 4524 αὑτῶνθς),
2737 4457 2797 4522 ἐξ
2825 4457 2944 4512 ὀδοῦ
2978 4459 3208 4530 ἀνομίας
3238 4459 3469 4512 αὐτῶν.»

493 4545 696 4602 lterum
736 4548 843 4602 alio
883 4545 1044 4602 modo
1073 4547 1328 4603 humanae
1366 4547 1490 4602 vitae
1523 4548 1798 4604 miseriam
1839 4539 1999 4601 nobis

2175 4547 2341 4600 Πάλιν
2363 4547 2565 4618 ἑτέρως
2602 4549 2700 4618 τὴν
2725 4550 3069 4620 ἀνθρωπίνην
3101 4549 3392 4620 ἀθλιότητα
3425 4549 3501 4620 τῷ
3539 4547 3696 4621 λόγῳ

426 4641 802 4706 repmsentat,
840 4646 894 4692 et
941 4638 1284 4708 iniquitatem
1328 4639 1463 4694 nihil
1509 4638 1656 4692 aliud
1695 4653 1817 4696 esse
1851 4637 1998 4692 afllr-

427 4736 560 4786 mat,
587 4741 750 4796 quam
787 4728 1221 4784 bumiliationem
1257 4739 1313 4785 et
1349 4730 1730 4799 abjectionem.
1761 4730 1826 4785 Et
1854 4740 2000 4785 recte

427 4817 669 4888 quidem.
710 4815 844 4871 Nam
879 4819 1010 4874 huic
1057 4822 1344 4876 sententiae
1393 4820 1622 4876 alterius
1663 4821 1829 4876 etiam
1873 4836 2000 4892 pro-

427 4910 601 4977 pheta:
644 4909 931 4964 oraculum
974 4911 1294 4977 subscribit,
1333 4925 1456 4967 cum
1484 4911 1580 4976 ait,
1607 4931 1626 4965 ι
1660 4911 2000 4982 iniquitatem

427 5013 594 5068 supra
642 5000 850 5070 plumbi
903 5001 1166 5057 talentdm
1229 5003 1596 5070 considere“,
1639 5024 1656 5056 ι
1699 5003 2000 5060 ostendens

423 5090 702 5156 videlicet,
740 5093 1010 5148 malitiam
1055 5110 1179 5151 esse
1217 5094 1430 5165 pondus
1469 5095 1764 5164 quoddam,
1809 5102 2003 5150 natura

429 5199 525 5239 sua
553 5184 812 5243 deorsum
837 5195 888 5242 et
922 5186 977 5241 in
1015 5187 1351 5258 profundum
1388 5200 1640 5258 vergens,
1668 5186 1882 5256 aliaque
1916 5199 2003 5241 se-

503 5371 545 5402 “
573 5364 738 5428 Zaeh.
771 5387 827 5439 v,
859 5358 908 5428 ’7.

505 5551 614 5623 (22)
634 5553 876 5623 Τρυφῆς.
911 5557 996 5609 ed.

507 5620 614 5691 (gs)
654 5620 823 5691 ’Υψει
857 5623 1012 5680 forte.

505 5686 560 5757 (Ξ
575 5686 618 5742 il
661 5686 754 5743 Ἐν
777 5706 886 5745 om.
910 5694 998 5747 ed.

532 5759 622 5831 ετξ)
656 5761 772 5831 Msa
804 5761 1092 5831 ww-

507 5763 622 5896 ίὲἓξ
647 5763 772 5884 iiii?
787 5765 1023 5883 ma

2105 4639 2418 4710 παρίστησι.
2451 4641 2614 4708 Λέγει
2640 4641 2696 4694 δὲ
2724 4641 2822 4711 τὴν
2853 4641 3091 4696 διάνοιαν
3127 4642 3349 4712 ταύτην,
3383 4643 3462 4694 ὅτι
3501 4645 3698 4696 ταπεί-

2104 4727 2266 4792 νωσίς
2299 4730 2445 4782 ἐστιν
2475 4730 2506 4801 ἡ
2533 4728 2751 4800 ἀνομία.
2789 4729 2894 4782 Καὶ
2913 4729 3090 4794 καλῶς
3119 4729 3180 4782 τὸ
3197 4729 3432 4783 τοιοῦτόν
3454 4727 3563 4798 (29)
3591 4745 3702 4798 φης

2107 4835 2191 4872 σιν
2212 4833 2227 4848 ο
2257 4819 2592 4890 συμφέρεται
2621 4820 2728 4892 γάρ
2743 4837 2826 4883 τις
2852 4821 2945 4874 καὶ
2963 4821 3121 4876 ἀλλον
3143 4823 3421 4893 προφήτου
3443 4819 3597 4885 λόγος
3610 4820 3699 4891 τῷ

2109 4908 2332 4981 τοιούτῳ
2377 4913 2626 4982 νοήματι,
2651 4914 2709 4976 ὅς
2738 4930 2924 4983 φησιν,
2957 4933 2975 4966 ι
3008 4914 3100 4966 ἐπὶ
3140 4913 3400 4966 τάλαντον
3442 4910 3700 4981 μολίὸδου

2111 5001 2382 5072 καθῆσθαι
2408 5002 2505 5074 τὴν
2547 5005 2799 5074 ἀνομίαν.
2833 5023 2852 5057 ι
2891 5003 3345 5071 Ἐνδεικνύμενος,
3376 5006 3456 5057 ὅτι
3495 5002 3703 5073 βαρεῖά

2110 5095 2192 5157 τίς
2216 5095 2436 5148 ἐστικαὶ
2451 5096 2768 5168 κατωφιρὴς
2786 5099 2816 5166 ἡ
2838 5097 3026 5161 κακία,
3045 5097 3135 5150 τὸν
3153 5095 3264 5166 (30)
3287 5098 3345 5150 ὲν
3361 5095 3582 5165 ὑψηλοῖς
3598 5094 3697 5148 διὰ

2111 5187 2210 5258 τὴν
2235 5187 2367 5257 πρὸς
2385 5185 2444 5239 τὸ
2468 5186 2618 5244 Θεῖον
2646 5189 2907 5258 ὁμοίωσιν
2934 5189 3064 5244 ὅντα
3084 5190 3164 5252 εἰς
3199 5187 3290 5242 τὸν
3316 5186 3534 5258 βόθυνον
3562 5184 3698 5239 ιαψ

2192 5551 2305 5618 (27)
2331 5551 2767 5622 Μεταρυθμίσαι,
2802 5551 2889 5606 ed.

2192 5623 2305 5690 (28)
2337 5622 2524 5674 Αὐτῶν
2553 5637 2661 5674 0m.
2689 5621 2776 5676 ed.

2190 5689 2300 5762 (29)
2327 5691 2403 5762 “lib
2428 5691 2666 5745 τοιοῦτον
2695 5707 2804 5747 om.
2847 5691 2936 5745 ed.

2196 5761 2307 5832 (sm
2339 5761 2440 5829 Τὰ,
2467 5762 2554 5817 ed.
