3888 6378
181 415 289 480 473

1602 422 1667 483 l‘N
1704 414 2044 486 PSALMOS.

3357 433 3425 487 Π
3436 434 3467 485 «ι

184 538 285 608 τῆς
306 533 781 606 συγκαθελκουσαι
815 528 948 612 φησῖ
988 540 1120 613 γάρ’
1149 541 1230 595 ὅτι
1263 559 1282 593 ι
1307 536 1396 596 διὰ
1417 541 1515 607 τὰς
1547 543 1777 615 ἀνομίας

1893 559 2005 599 :um
2034 542 2277 613 rapiens,
2315 552 2438 614 qua!
2466 546 2693 615 prdptei‘
2718 541 3137 600 similitudinem
3179 553 3232 599 et
3262 553 3467 611 cogna-

184 627 367 683 αὐτῶν
416 630 884 703 ἐταπεινώθησαν.
930 650 949 684 ι
983 631 1090 685 Καὶ
1131 630 1219 686 διὰ
1256 631 1415 687 τοῦτο
1445 633 1542 704 τὴν
1577 651 1777 688 παντο-

186 718 428 790 δύναμον
457 720 675 792 ἐκείνην
704 723 912 794 τροφὴν
934 722 1527 796 ἀπεστράφησαν,περὶ
1546 719 1613 796 ἦς
1634 724 1782 793 λέγει

188 811 329 883 πρὸς
346 813 473 876 τοὺς
506 813 757 886 πρώτους
793 817 822 869 ὁ
857 814 1032 884 λόγος,
1058 816 1140 869 ὅτι
1166 833 1184 867 ι
1220 816 1348 869 Ἀπὸ
1376 816 1572 881 παντὸς
1618 815 1778 883 ξύλου

185 904 287 958 τοῦ
315 907 374 957 ὲν
404 904 484 974 τῷ
508 902 853 978 κπσραδείσῳ
883 906 1082 978 βρώσει
1130 910 1303 980 φαγῇ.
1343 926 1362 959 ι
1409 908 1499 971 Ὧς
1524 909 1633 980 γὰρ
1662 909 1781 962 ἐκεῖ

187 998 303 1050 πᾶν
326 994 481 1062 ξύλον
503 997 756 1066 ὀνομάζει
786 999 898 1069 (51)
919 998 979 1052 τὸ
1007 999 1282 1069 πλήρωμα
1327 996 1526 1063 παντὸς
1553 998 1781 1068 ἀγαθοῦ,

185 1086 365 1153 οὕτως
392 1086 630 1143 ἐνταῦθα
659 1089 758 1161 τὴν
782 1089 956 1161 ἀληθῆ
991 1090 1084 1144 κα)⁸
1118 1090 1525 1162 παντοδύναμον
1557 1090 1782 1162 βρῶσιν,

190 1177 305 1229 πᾶν
339 1175 535 1247 βρῶμα
555 1177 810 1248 ὀνομάζει
846 1178 876 1230 ὀ
916 1177 1090 1246 λόγος,
1130 1173 1191 1234 οὗ
1227 1181 1260 1250 ή
1289 1178 1608 1251 ἀποστροφὴ
1640 1184 1786 1234 ποιεῖ

188 1267 295 1339 τὴν
337 1267 622 1322 ἀσθένειαν
674 1266 774 1342 τὴν
817 1272 896 1334 εἰς
935 1270 1165 1324 θάνατον
1189 1271 1488 1344 λήγουσαν.
1532 1273 1694 1342 Λέγει
1725 1273 1784 1327 δὲ

191 1359 398 1421 οὕτως’
429 1359 510 1414 ὃτι
544 1379 561 1410 ι
595 1348 711 1415 Πᾶν
751 1361 946 1432 βρῶμα
990 1362 1325 1428 rasamenta-
1357 1368 1389 1434 ἡ
1420 1364 1567 1435 ψυχὴ
1598 1363 1782 1417 αὐτῶν

194 1452 294 1505 καὶ
342 1452 574 1524 ἦγγισαν
612 1454 718 1519 ἕως
765 1455 872 1509 τῶν
933 1455 1117 1511 πολῶν
1171 1456 1264 1510 τοῦ
1317 1456 1568 1510 θανάτουι
1616 1475 1636 1509 ι
1672 1458 1785 1510 Καὶ

194 1541 361 1596 πάλιν
386 1542 520 1615 πρὸς
550 1543 640 1597 τὸν
668 1544 799 1598 Θεὸν
823 1545 972 1616 φωνὴ
1003 1548 1081 1610 εἰς
1112 1547 1420 1616 πανήγυριν
1450 1546 1548 1617 τὴν
1584 1564 1788 1618 συμφο-

198 1633 301 1703 ρὰν
353 1633 700 1706 ἀναστρέφει.
740 1653 759 1686 ι
802 1635 1137 1707 Ἑκέκραξαν
1178 1654 1196 1688 ι
1226 1637 1364 1708 γὰρ,
1405 1639 1559 1708 φησι,
1600 1656 1618 1688 ι
1652 1637 1785 1708 πρὸς

196 1723 408 1795 Κύριον
440 1726 499 1779 ὲν
530 1726 608 1798 τῷ
643 1726 921 1781 θλίϐεσθαι
953 1728 1169 1792 αὐτοὺς,
1194 1728 1289 1781 καὶ
1311 1729 1375 1782 ἐκ
1404 1728 1510 1782 τῶν
1530 1729 1785 1797 ἀναγκῶν

196 1816 381 1870 αὐτῶν
407 1816 608 1871 ἔσωσεν
638 1819 891 1882 αὐτούς.»
924 1821 1034 1873 Καὶ
1067 1820 1330 1891 διηγεῖται
1373 1820 1473 1889 τῆς
1513 1821 1787 1893 σωτηρίας

196 1908 292 1961 τὸν
319 1909 542 1981 τρόπον’
562 1911 893 1980 Εὐαγγέλιον
914 1911 971 1964 δὲ
994 1901 1252 1983 ἄντικρύς
1279 1913 1425 1966 ἐστιν
1455 1913 1487 1983 ἡ
1510 1912 1783 1983 διήγησις.

206 2016 226 2052 ι
267 1999 580 2054 Ἀπέστειλε
634 2020 652 2054 ι
683 2002 810 2074 γὰρ,
844 1999 1338 2072 φησὶμτὸνΛὸγον
1369 2002 1557 2067 αὐτοῦ,
1588 2005 1682 2055 καὶ
1707 2003 1787 2057 ἰά-

201 2103 338 2141 σατο
366 2087 584 2151 αὐτοὺς,
619 2090 711 2142 καὶ
739 2087 1009 2160 ἐρρύσατο
1028 2089 1225 2152 αὐτοὺς
1255 2090 1318 2142 ὲκ
1346 2090 1453 2143 τῶν
1478 2089 1786 2161 διαφθορῶν

197 2177 412 2232 αὐτῶν⁶
464 2197 483 2230 ι
525 2180 657 2251 ὁρᾷς
706 2179 883 2244 ζῶντα
939 2182 1030 2233 κα)¹
1069 2180 1311 2251 ἔμψυχον
1353 2179 1523 2248 Λόγον
1558 2180 1786 2253 enim)

198 2269 452 2341 σωτηρίᾳ
482 2268 591 2323 τῶν
639 2270 1024 2341 ἀπολλυμένων
1049 2262 1533 2342 ἀποστελλόμενοι),
1558 2272 1651 2325 καὶ
1691 2273 1789 2343 τῆς

197 2359 413 2431 φθορᾶς
452 2356 544 2414 τὸν
588 2363 646 2415 ἐν
680 2356 817 2433 αὐτῇ
856 2362 967 2434 (55)
997 2363 1254 2431 γεγονότα
1292 2364 1574 2435 ῥυόμενον.
1628 2364 1790 2428 Ποῖος

196 2451 593 2522 εὐαγγελιστὴς
609 2438 752 2506 οὕτω
784 2457 850 2521 γυ
860 2451 1004 2523 μνῶς
1028 2454 1194 2524 ἐκϐοᾷ
1210 2453 1268 2506 τὸ
1298 2455 1628 2525 μυστήριρν;
1664 2454 1790 2508 οὐκ·

197 2542 299 2595 οὖν
318 2510 775 2612 ’ἀνευφημείσθψ
795 2510 971 2615 'tplqc‘t,
985 2510 1364 2617 ⁷παρεὶιιτῶνιεῦ
1388 2510 1730 2599 πεποδθάτων
1753 2549 1787 2617 ή

196 2630 384 2702 χάρις,
413 2631 505 2685 καὶ
524 2626 689 2702 ὕμνος
720 2634 811 2687 ἐπὶ
834 2635 1171 2706 εὐεργεσίαις
1195 2637 1228 2707 ἡ
1255 2634 1499 2706 εὐφημία
1532 2634 1786 2703 γινέσθω.

204 2742 223 2776 ι
261 2723 595 2778 Θυσὰτωσαν
624 2725 732 2796 γὰρ
770 2725 943 2797 αὐτῷ,
987 2744 1010 2778 ι
1034 2726 1187 2797 φησι,
1231 2744 1250 2781 ι
1286 2725 1478 2780 θυσίαν
1507 2726 1787 2791 αἰνέσεως,

199 2816 300 2869 καὶ
333 2815 799 2885 ὲξαγγειλάτωσαν
830 2818 900 2872 τά
944 2818 1080 2891 ἔργα
1108 2817 1275 2873 αὐτοῦ
1317 2820 1372 2871 ἐν
1396 2819 1735 2887 ἀγαλλιάσει.
1765 2838 1783 2871 ι

198 2906 363 2961 Μετά
396 2908 570 2962 ταῦτα
608 2908 766 2963 πάλιν
798 2909 1140 2973 διασκευάζει
1192 2910 1260 2963 τά
1302 2911 1469 2982 πάθη,
1503 2913 1595 2964 καὶ
1630 2911 1790 2966 πάλιν

198 2998 407 3068 ἐπάγει
433 2998 526 3053 τοῦ
563 2999 697 3054 Θεοῦ
745 3000 883 3071 μετά
911 3001 980 3054 τά
1008 3001 1154 3072 πάθη
1189 3002 1287 3072 τὴν
1321 3002 1502 3073 χάριν.
1544 2999 1707 3071 Λέγει
1734 3002 1790 3056 δὲ

199 3091 304 3161 τὴν
356 3089 611 3145 ἀϐουλίαν
661 3092 768 3145 τῶν
799 3086 1122 3165 ἀνθρώπων,
1153 3094 1234 3146 ὅτι
1274 3084 1664 3157 καταλιπόντες
1693 3094 1789 3165 τὴν

1882 636 2087 691 tionem
2113 650 2238 690 eum
2266 633 2378 691 Deo
2402 637 2457 690 in
2487 636 2634 691 edito
2659 636 2782 691 loco
2812 639 2920 692 sita
2955 649 3105 692 sunt.
3142 637 3233 690 Ait
3259 636 3407 689 enim
3453 648 3469 687 :

1889 748 1907 777 ι
1940 726 2167 797 Propter
2196 726 2493 794 iujustitias
2526 741 2657 782 suas
2690 727 2962 781 humiliati
3005 734 3165 782 sunt.
3202 745 3222 777 ι
3262 724 3327 778 Et
3356 724 3462 778 hac

1868 816 1953 873 “de
1990 832 2159 873 causa
2190 816 2621 886 omnipotentem
2658 815 2807 869 illam
2855 829 3039 871 escam
3073 813 3319 868 aversari
3352 824 3461 866 cm-

1886 919 2083 983 perunt
2111 929 2123 966 :
2147 911 2214 965 de
2236 922 2344 981 qua
2379 908 2448 963 ad
2481 909 2691 979 primos
2711 917 2966 978 parentes
2995 906 3215 961 divinus
3238 916 3458 959 sermo:

1891 1020 1908 1053 I
1941 1002 2025 1056 Ab
2052 1002 2239 1057 omnis
2269 1001 2422 1072 ligni,
2447 1000 2592 1069 quod
2618 1006 2703 1054 est
2732 1000 2787 1053 in
2819 999 3095 1070 paradiso,
3127 1012 3254 1052 esca
3276 1010 3458 1050 come¢

1885 1096 1982 1150 des
2007 1094 2130 1157 ¹⁸;ι
2169 1101 2228 1148 ιιι
2260 1094 2407 1148 enim
2440 1093 2514 1147 ibi
2553 1106 2717 1147 omne
2764 1092 2969 1162 lignum
3001 1090 3248 1146 nominat
3287 1088 3460 1158 plenis

1887 1185 2132 1241 tudinem
2161 1185 2342 1240 omnis
2375 1184 2527 1248 boni,
2567 1184 2643 1238 ita
2673 1184 2762 1238 hic
2788 1194 2978 1238 verum
3006 1183 3156 1237 illum
3197 1189 3252 1237 et
3281 1181 3461 1234 omnia»

1887 1283 2165 1346 potentem
2231 1274 2414 1329 cibum
2468 1271 2705 1343 appellat
2757 1286 2977 1326 omnem
3022 1285 3239 1332 escam,
3298 1269 3460 1336 cujus

1886 1367 2037 1440 fuga,
2082 1382 2202 1423 eam
2242 1381 2366 1437 quae
2420 1364 2488 1419 ad
2528 1372 2759 1419 mortem
2801 1363 2971 1427 ducit,
3029 1360 3459 1415 imbecillitatem

1886 1460 2159 1516 conciliat.
2198 1457 2291 1513 Sic
2322 1471 2451 1512 vero
2481 1455 2558 1510 ait
2583 1474 2596 1510 :
2629 1472 2648 1507 ι
2678 1454 2907 1510 Omnem
2932 1467 3116 1508 escam
3145 1451 3458 1505 abominata

1886 1556 1971 1607 est
1997 1550 2178 1603 anima
2224 1552 2436 1610 eorum,
2479 1553 2532 1599 et
2564 1543 3141 1615 appropinquaverunt
3185 1552 3359 1607 usque
3395 1537 3461 1589 ad

1887 1652 2075 1714 portas
2106 1640 2302 1695 mortis
2332 1657 2345 1693 :
2380 1659 2399 1689 ι
2436 1635 2747 1706 iterumque
2778 1650 2881 1690 vox
2914 1633 2980 1688 ad
3005 1630 3175 1688 Deum
3206 1630 3375 1685 missa
3407 1629 3460 1681 in

1888 1733 2078 1788 laudes
2099 1741 2151 1787 et
2180 1730 2453 1802 praeconia
2491 1728 2831 1785 calamitates
2864 1725 3158 1788 convertit,
3195 1722 3340 1793 quod
3376 1722 3462 1776 his

1886 1825 2071 1882 verbis
2105 1824 2313 1878 indicat
2341 1840 2357 1881 :
2396 1842 2414 1873 ι
2448 1821 2838 1877 Clamaverunt
2882 1819 2948 1874 ad
2980 1819 3294 1881 Dominum,
3326 1815 3457 1870 dum

1890 1908 2315 1973 tribularentur,
2351 1917 2407 1964 et
2435 1924 2503 1962 ex
2535 1907 2790 1963 omnibus
2820 1905 3250 1961 necessitatibus
3271 1911 3463 1957 eorum

1890 2002 2140 2057 liberavit
2177 2014 2294 2057 eos.
2334 2020 2351 2054 ι
2407 2000 2600 2054 Narrat
2647 2011 2828 2055 autem
2877 1997 3072 2053 salutis
3116 1996 3293 2049 allatae
3339 2006 3465 2047 mo«

1889 2092 2054 2160 dum;
2101 2109 2224 2164 quae
2257 2092 2502 2149 narratio
2556 2091 2895 2163 ipsissimum
2946 2087 3299 2158 Evangelium
3329 2090 3415 2139 est
3448 2100 3463 2136 :

1896 2204 1915 2237 ι
1950 2185 2095 2242 Misit
2126 2181 2362 2240 Verbum
2379 2193 2563 2244 Suum,
2598 2203 2615 2235 ι
2647 2182 2846 2253 inquit,
2883 2200 2900 2233 ι
2929 2188 2983 2235 et
3022 2180 3238 2236 sanavit
3263 2192 3380 2238 eos,
3411 2177 3469 2230 et

1889 2275 2090 2345 eripuit
2121 2290 2214 2330 eos
2255 2274 2323 2329 de
2355 2272 2767 2328 interitionibus
2817 2286 3030 2326 eorum.
3071 2287 3090 2321 ι
3122 2266 3289 2322 Vides
3332 2264 3465 2320 Ver-

1889 2368 2020 2422 bum
2054 2368 2244 2421 vivens
2302 2373 2355 2420 et
2417 2366 2660 2435 spirans,
2715 2362 2783 2418 ad
2842 2363 3075 2418 salutem
3126 2359 3466 2430 perditorum

1890 2460 2143 2523 missum,
2179 2466 2239 2512 ut
2266 2459 2520 2511 liberaret
2547 2473 2575 2510 a
2600 2456 2955 2525 corruptione
2984 2469 3106 2509 eum
3130 2453 3224 2523 qui
3257 2453 3312 2505 in
3344 2458 3469 2505 cor-

1891 2549 2147 2619 ruptione
2198 2548 2439 2603 haerebat
2474 2589 2486 2602 .
2521 2547 2658 2615 Quis
2705 2546 3040 2618 evangelista
3097 2555 3205 2598 tam
3264 2542 3470 2598 diserte

1889 2639 1994 2694 hoc
2027 2639 2346 2710 mysterium
2372 2639 2664 2708 explanat?
2696 2639 2864 2708 Igitur
2886 2639 2956 2692 ab
2987 2636 3119 2701 illis,
3150 2636 3351 2704 inquit,
3375 2634 3468 2703 qui

1890 2730 2057 2797 tantis
2082 2729 2364 2784 beneﬁciis
2393 2729 2658 2783 cumulati
2689 2738 2841 2786 sunt.
2876 2735 3030 2781 tanta
3057 2728 3234 2797 gratia
3269 2725 3469 2795 praedi-

1890 2829 2079 2889 cetur;
2119 2833 2173 2877 et
2213 2820 2533 2891 prmdicatio
2576 2819 2968 2875 beneﬁciorum
3004 2820 3059 2873 in
3106 2819 3368 2889 hymnum
3420 2826 3476 2872 et

1890 2912 2105 2967 laudem
2148 2921 2414 2967 transeat.
2450 2932 2467 2963 ι
2505 2910 2830 2966 Sacriﬁecnt
2877 2911 2928 2965 ei
2974 2909 3308 2966 sacriﬁcium
3358 2909 3476 2962 lau-

1890 3001 1996 3065 dis,
2037 3012 2093 3057 et
2134 3002 2465 3056 annuntient
2514 3014 2681 3072 Opera
2727 3001 2850 3069 ejus
2903 3000 2960 3054 in
3006 3000 3402 3055 exsultatione.
3447 3016 3466 3050 ι

1891 3095 2140 3152 Posthzec
2172 3111 2370 3151 rursus
2400 3108 2677 3150 aerumnas
2704 3101 2759 3146 et
2789 3091 3113 3147 atllictiones
3143 3102 3479 3146 commemo-

202 3179 486 3252 σταθηρὰν
514 3182 625 3251 (54)
666 3177 761 3237 κα).
791 3182 1184 3237 ἀκλυδὼνιστον
1209 3182 1319 3252 (55)
1354 3184 1518 3254 ζωὴν,
1543 3183 1789 3252 πελάγιοι

1893 3199 2000 3252 rat,
2044 3196 2098 3243 et
2138 3195 2262 3258 post
2303 3188 2425 3242 illas
2466 3186 2561 3241 Dei
2598 3186 2855 3255 gratiam.
2904 3184 3175 3240 Describit
3207 3183 3352 3237 enim
3392 3181 3483 3234 iu-

197 3274 270 3341 τῇ
315 3271 632 3342 προαιρέσει
678 3273 943 3342 ἐγένοντο.
979 3293 997 3326 ι
1036 3276 1098 3327 Οἱ
1150 3275 1569 3338 καταϐαίνοντες
1604 3296 1622 3327 ι
1654 3275 1785 3346 γὰρ,

200 3363 395 3433 φησὶν,
427 3380 446 3415 ι
478 3364 557 3427 είς
597 3363 695 3436 τὴν
743 3364 1018 3419 θάλασσαν
1062 3367 1119 3419 ὲν
1174 3366 1398 3432 πλοίοις,
1436 3386 1452 3418 ι
1501 3368 1596 3421 καὶ
1667 3367 1789 3420 ἀντὶ

198 3455 302 3509 τοῦ
350 3456 676 3529 ἐργάζεσθαι
706 3457 797 3510 τὸν
828 3457 1175 3528 παράδεισον,
1203 3459 1260 3512 ἐν
1297 3451 1340 3526 ᾧ
1371 3460 1634 3530 πρότερον
1664 3457 1788 3510 ἐτά-

200 3553 387 3619 εγησαν
435 3550 570 3620 (56),
625 3550 954 3623 ὑποϐρύχιον
1000 3551 1308 3621 ποιούμενοι
1360 3550 1459 3621 τὴν
1507 3551 1787 3621 ἐργασίαν.

199 3640 498 3695 θάλασσαν
520 3640 577 3695 δὲ
610 3641 756 3708 λέγει
797 3640 894 3704 τὴν
928 3640 1101 3712 ὑλώδη
1130 3642 1239 3711 (57)
1271 3641 1472 3710 ταύτην
1499 3640 1664 3711 ζωὴν,
1690 3640 1791 3711 τὴν

200 3732 348 3785 πᾶσι
399 3734 511 3795 τοῖς
567 3731 677 3785 τῶν
737 3731 1057 3803 πειρασμῶν
1097 3730 1318 3802 ἀνέμοις
1358 3730 1788 3802 ταρασσομένην,

200 3824 306 3877 καὶ
358 3826 470 3889 τοῖς
535 3823 855 3895 ἐπαλλήλοις
903 3822 1099 3877 πάθεσι
1150 3822 1579 3892 κυμαινομὲνην.
1620 3840 1638 3873 ι
1669 3823 1793 3875 110t-

200 3915 400 3978 οῦντες
437 3934 454 3964 ι
496 3913 624 3986 γάρ,
653 3916 834 3987 φησιν,
870 3932 887 3965 ι
925 3914 1189 3985 ἐργασίαν
1213 3915 1271 3967 ὲν
1305 3912 1459 3984 ὕδασι
1494 3912 1726 3976 πολλοῖς.
1767 3933 1786 3966 ι

201 4007 328 4062 Καὶ
357 4026 375 4057 ι
416 4006 568 4059 αὐτοὶ
600 4002 738 4059 εἶδον
771 4007 839 4059 τὰ
867 4005 1004 4076 ἔργα
1037 4006 1264 4077 Κυρίου,
1294 4006 1387 4058 κα).
1420 4004 1489 4059 τά
1519 4005 1798 4076 θαυμάσια

202 4097 382 4152 αὐτοῦ
429 4100 486 4152 ὲν
540 4098 617 4169 τῷ
664 4097 829 4169 βυθῷ.
861 4118 878 4150 ι
921 4097 1107 4151 Βύθιοι
1151 4098 1259 4168 γὰρ
1294 4100 1352 4151 ἐν
1382 4100 1449 4168 τῇ
1489 4098 1656 4168 κακίᾳ
1682 4098 1796 4168 (58)

202 4186 311 4242 τοῦ
369 4187 486 4259 βίου
536 4190 837 4260 γενόμενοι,
891 4191 986 4244 καὶ
1047 4188 1307 4254 πολλάκις
1358 4189 1427 4242 τὰ
1466 4190 1677 4261 πονηρὰ
1700 4190 1799 4261 τῆς

201 4280 395 4352 ψυχῆς
448 4280 708 4346 παθόντες
763 4281 1018 4349 ναυάγια,
1061 4276 1199 4334 εἶδον
1231 4282 1315 4349 ἐφ’
1350 4279 1556 4334 ἑαυτῶν
1584 4280 1654 4334 τὰ
1686 4281 1800 4352 (59)

202 4374 318 4446 τῆς
356 4371 758 4443 φιλανθρωπίας
787 4371 926 4443 ἔργα
951 4370 1046 4424 τοῦ
1076 4372 1140 4424 ὲκ
1167 4370 1277 4423 τῶν
1301 4370 1477 4442 βυθῶν
1501 4372 1649 4443 ἡμᾶς
1673 4372 1804 4425 ἀνα-

207 4464 495 4528 σώσαντος
541 4464 674 4536 (40).
728 4483 747 4518 ι
798 4460 966 4517 Εἶπεν
1010 4482 1030 4515 ι
1066 4464 1209 4536 γὰρ,
1256 4463 1442 4535 φησὶν,
1475 4481 1493 4515 ι
1528 4464 1623 4516 κα).
1673 4462 1802 4533 ἔστη

1891 3278 2203 3332 consultam
2263 3277 2546 3331 hominum
2609 3274 3012 3335 temeritatem,
3075 3273 3166 3342 qui
3217 3270 3479 3326 derelicta

1890 3370 2075 3427 stabili
2105 3379 2158 3425 et
2179 3370 2346 3424 nullis
2376 3368 2800 3438 tempestatibus
2846 3366 3093 3435 exposita
3119 3365 3250 3427 vita,
3276 3362 3478 3417 volun—

1890 3470 2003 3518 tate
2034 3468 2089 3517 et
2120 3462 2406 3531 proposito
2449 3459 2610 3531 quasi
2648 3458 2847 3513 marini
2892 3457 3073 3513 elfccti
3105 3464 3256 3512 sunt.
3293 3453 3480 3524 lnquit

1895 3555 2041 3609 enim
2070 3572 2083 3608 :
2121 3572 2139 3604 ι
2175 3552 2279 3619 Qui
2310 3551 2657 3608 descendunt
2684 3551 2739 3604 in
2767 3560 2918 3603 mare
2940 3548 3195 3612 navibus,
3226 3566 3245 3599 ι
3280 3553 3334 3602 et
3361 3547 3481 3600 loco

1892 3646 2155 3717 paradisi,
2205 3659 2367 3716 quem
2403 3645 2607 3706 colant,
2653 3653 2711 3700 et
2758 3644 2812 3698 in
2852 3658 2964 3713 quo
3005 3643 3160 3713 prius
3193 3641 3478 3704 vivebant,

1894 3744 2068 3792 artem
2101 3738 2352 3792 factitant
2396 3736 2768 3793 submersioni
2807 3736 3139 3796 obnoxiam;
3175 3732 3348 3786 maris
3388 3747 3483 3801 ap—

1895 3830 2191 3901 pellatione
2245 3831 2416 3885 vitam
2464 3829 2606 3883 hanc
2655 3829 2930 3899 designat,
2988 3842 3112 3898 quae
3152 3825 3374 3894 corpori
3427 3834 3483 3877 et

1896 3920 2138 3974 materiae
2182 3919 2465 3983 immersa,
2492 3920 2861 3989 omnibusque
2906 3919 3267 3974 teutationum
3301 3915 3484 3971 ventis

1897 4012 2146 4081 exposita
2180 4018 2288 4075 est,
2313 4018 2369 4067 et
2397 4011 2752 4082 passionibus
2778 4012 2884 4067 sibi
2916 4017 3108 4065 mutuo
3133 4006 3485 4063 succedenti-

1899 4103 2004 4158 bus
2035 4104 2370 4174 exagitatur.
2411 4123 2431 4155 ι
2487 4102 2803 4169 Facientes,
2837 4124 2856 4157 ι
2901 4103 3101 4174 inquit,
3154 4119 3173 4153 ι
3202 4101 3485 4171 operatio-

1903 4209 2028 4250 nem
2060 4195 2117 4249 in
2146 4195 2305 4266 aquis
2345 4196 2555 4252 multis.
2592 4196 2704 4267 Ipsi
2740 4195 2997 4253 viderunt
3044 4210 3213 4265 opera
3243 4191 3486 4254 Domini,

1903 4292 1958 4342 et
1990 4286 2265 4343 mirabilia
2316 4287 2438 4356 ejus
2471 4286 2526 4341 in
2573 4287 2871 4357 profundo.
2911 4305 2932 4339 ο
2973 4286 3213 4342 Demersi
3247 4287 3393 4340 enim
3433 4285 3487 4338 in

1904 4376 2237 4449 profundum
2262 4376 2428 4447 hujus
2450 4377 2596 4440 vita,
2622 4378 2932 4448 saepiusque
2957 4376 3269 4447 pernicioso
3292 4376 3491 4429 anima:

1908 4468 2192 4539 naufragio
2240 4467 2441 4533 vfaeto,
2508 4467 2763 4523 viderunt
2821 4469 2877 4523 in
2917 4468 3114 4537 seipsis
3163 4481 3327 4536 opera
3399 4466 3490 4519 illa

206 4557 440 4629 πνεῦμα
484 4557 813 4627 καταιγίδος.
862 4575 881 4610 ι
920 4556 1092 4611 Τοῦτο
1143 4557 1203 4611 δὲ
1251 4559 1352 4611 οὐκ
1389 4558 1469 4621 εἰς
1513 4556 1606 4611 τὸν
1648 4555 1789 4610 Θεὸν.

1910 4560 2296 4626 humanitatis,
2343 4567 2398 4614 et
2442 4560 2799 4631 benignitatis
2841 4558 2936 4614 Dei
2968 4558 3213 4614 eruentis
3256 4558 3380 4612 illos
3425 4571 3492 4610 ex

206 4649 336 4706 ἀλλ’
381 4650 463 4713 είς
495 4648 587 4702 τὸν
622 4648 815 4720 ἐχθρὸν
854 4646 1118 4701 ἀνακτέον
1150 4647 1213 4700 τὸ
1240 4646 1437 4718 νόημα.
1479 4646 1544 4700 Ἢ
1572 4645 1682 4718 γὰρ
1706 4644 1802 4700 τοῦ

208 4741 597 4812 ἀντικειμένου
641 4739 815 4812 φωνὴ,
876 4739 937 4792 τὸ
972 4741 1070 4809 τῆς
1110 4755 1129 4789 ι
1179 4739 1490 4808 καταιγίδος
1531 4738 1750 4809 πνεῦμα
1778 4758 1797 4791 ι

210 4834 537 4908 ἐργάζεται.
576 4833 688 4903 (41)
720 4832 989 4900 Καταιγὶς
1026 4831 1083 4885 δὲ
1133 4830 1349 4900 λέγεται
1392 4830 1563 4902 βίαιος
1603 4830 1804 4902 ἄνεμος

209 4929 324 4981 οὐκ
352 4925 464 4997 (42)
498 4925 584 4978 ἐπ’
620 4923 832 4987 εὐθείας
868 4922 1246 4994 προσπίπτων,
1283 4922 1420 4977 ἀλλά
1451 4923 1580 4995 περ).
1613 4923 1804 4976 ἑαυτὸν

210 5019 603 5090 ἀνειλούμενος
631 5019 742 5092 (45)
776 5020 844 5074 δι’
864 5017 1042 5084 ὀξείας
1065 5017 1482 5089 στροφάλιγγος,
1506 5016 1564 5081 ὃς
1586 5015 1805 5070 ἐπειδὰν

209 5116 459 5187 ὲμπέσοι
497 5115 628 5170 ποτὲ
686 5113 874 5185 βιαίως
915 5112 1026 5184 (Η)
1070 5111 1147 5184 τῷ
1182 5110 1353 5178 ὕδατι,
1388 5110 1636 5182 καθάπερ
1661 5109 1806 5174 τινὸς

300 5281 343 5312 ¹⁸
372 5277 571 5335 Genes.
602 5294 663 5343 ιι,
696 5277 781 5332 16.

296 5451 415 5521 (Si)
454 5458 527 5511 ἰδ
548 5474 659 5514 om.
691 5458 779 5514 ed.

301 5528 417 5593 {52)
439 5529 550 5593 Ἐν,
586 5529 675 5584 ed.

318 5595 419 5668 ξ55)
448 5596 609 5653 Forte
636 5595 803 5668 αὐτῷ.

329 5610 419 5665 35)
448 5610 609 5653 r‘orte
636 5610 803 5668 αυτῳ.

302 5610 414 5740 (54)
433 5665 844 5740 Σταθερᾲνχοά.

308 5733 418 5805 (55)
442 5739 563 5792 Τῶν
580 5733 893 5809 ἀνθρώπων
915 5734 1040 5791 add.
1074 5733 1161 5791 edi

304 5807 805 5943 gersmegecav,
832 5808 919 5861 ed.

402 5880 417 5943 )
445 5879 610 5935 Forte
643 5875 905 5943 υδατωδη.

329 5878 417 5945 57)
445 5879 610 5935 Forte
643 5875 905 5946 ὐδατώδη.

1912 4650 2206 4721 profundo.
2257 4650 2421 4706 Addit
2466 4654 2613 4706 enim
2647 4670 2660 4706 :
2695 4671 2713 4704 ι
2750 4650 2920 4715 Dixit,
2961 4658 3018 4706 et
3066 4652 3219 4705 stetit
3262 4649 3494 4719 spiritus

1912 4743 2187 4815 procellae.
2221 4760 2239 4797 ι
2283 4744 2439 4811 Quod
2478 4744 2711 4812 dictum,
2774 4759 2884 4800 non
2925 4744 2992 4809 ad
3050 4741 3241 4810 Deum,
3288 4742 3381 4797 sed
3425 4740 3492 4794 ad

1910 4835 2197 4890 inimicum
2231 4833 2325 4890 Dei
2362 4833 2712 4890 referendum
2739 4843 2855 4901 est;
2894 4848 3021 4888 nam
3064 4831 3366 4888 adversarii
3394 4844 3496 4884 vox

1913 4928 2169 4999 spiritum
2203 4927 2461 4997 procellae
2492 4926 2684 4983 eﬂicit:
2712 4926 2953 4999 procella
2977 4941 3107 4982 vero
3135 4925 3342 4980 dicitur
3382 4923 3499 4977 vio-

1912 5020 2095 5076 lentus
2126 5026 2344 5082 ventus,
2375 5034 2487 5074 non
2522 5027 2674 5075 recta
2711 5019 2800 5073 via
2830 5019 3072 5081 irruens,
3105 5017 3196 5073 sed
3235 5015 3339 5071 sibi
3381 5014 3500 5082 ipso

1913 5109 2198 5165 involutus
2238 5108 2466 5180 obliquo
2498 5110 2742 5175 turbine,
2794 5108 2890 5181 qui
2940 5106 3164 5180 quando
3193 5112 3344 5158 tanta
3376 5099 3496 5177 rio}

1985 5435 2095 5518 (38)
2129 5442 2365 5518 Καρδίᾳ)
2408 5442 2496 5518 θᾷι

1987 5514 2096 5585 (39)
2128 5514 2233 5568 Ἐκ
2250 5514 2375 5585 add.
2403 5514 2493 5568 ed.

2149 5583 2565 5656 Ἀνασῴςοντος,
2590 5580 2679 5638 ed,

1996 5654 2108 5725 (il)
2140 5655 2250 5725 Καὶ
2275 5654 2402 5725 add.
2438 5654 2525 5709 ed.

1996 5662 2077 5725 (41
2140 5662 2250 5708 Καὶ
2275 5662 2402 5709 add.

1996 5662 2111 5859 με)
2153 5722 2310 5789 Οὐδὲ,
2336 5723 2424 5806 ed.

1997 5795 2088 5859 (43
2136 5793 2424 5859 Ἐνειλουμε

2020 5789 2111 5859 45)
2136 5792 2372 5846 Ἐνειλού
2380 5809 2559 5863 μενος,
2587 5789 2674 5848 ed.

2024 5865 2110 5936 ιι)
2137 5862 2340 5928 Βίαιος,
2363 5863 2451 5918 ed.
