3888 6364
402 417 507 476 475

1642 428 1705 486 S.
1741 427 2068 487 GREGORII
2108 430 2409 489 NYSSENI

3561 444 3663 501 ιτσ

402 539 570 593 lentia
611 539 665 594 in
687 554 857 610 aquas
884 542 1156 613 irrumpit,
1188 558 1341 602 mare
1367 546 1530 617 quasi
1575 548 1813 603 maxima
1846 563 1966 616 rupe

2083 550 2287 621 πέτρας
2354 551 2857 625 ὲγκαταϐληθείσης
2932 522 3170 628 μεγάλης
3199 598 3214 623 ,
3268 555 3665 611 ὑποκλυσθεῖσα

402 632 791 702 superiniecta,
830 636 900 688 ob
928 636 1253 704 gravitatem
1296 638 1693 709 subagitatum,
1722 652 1981 694 necessa-

402 739 484 774 rio
515 723 785 793 frangitur
838 735 1060 796 propter
1089 729 1490 784 vehementiam
1522 730 1784 800 spirantis
1809 730 1977 795 venti,

398 828 729 883 quocunque
762 815 1064 881 incumbat,
1111 827 1164 871 et
1207 817 1451 887 pondere
1482 833 1585 873 suo
1612 819 1841 873 inclinet
1886 819 1981 872 im-

397 916 577 975 petus,
615 909 759 963 mole
783 924 982 978 aquam
1015 912 1258 982 undique
1291 914 1345 966 in
1376 911 1546 967 altum
1574 912 1864 981 ejectante.
1904 912 1979 967 Ea

397 996 465 1052 de
502 1012 668 1054 causa
716 999 1024 1055 luculenter
1057 1001 1350 1056 admodum
1398 1001 1663 1058 describit
1709 1003 1825 1059 haec
1867 1011 1977 1057 tam

397 1088 660 1154 terriﬁca,
712 1091 989 1157 videlicet,
1050 1092 1383 1164 simulatque
1442 1094 1672 1165 spiritus
1725 1096 1979 1166 procellae

397 1181 588 1247 irruit,
623 1184 865 1240 elevatos
926 1200 1050 1241 esse
1091 1185 1292 1241 ﬂuctus
1353 1188 1561 1252 maris,
1614 1187 1977 1244 ascendentes

395 1291 571 1345 usque
596 1276 664 1331 ad
697 1278 889 1343 cmlos,
922 1285 973 1332 et
1001 1276 1398 1333 descendentes
1427 1293 1595 1349 usque
1622 1279 1687 1334 ad
1721 1282 1974 1352 abyssos.

395 1366 605 1424 Revera
635 1370 782 1423 enim
818 1370 1010 1423 talium
1046 1369 1307 1425 [luctuum
1338 1371 1395 1424 in
1425 1370 1595 1425 altum
1623 1371 1813 1436 elatio,
1850 1387 1980 1442 pas-

395 1463 635 1526 sionum,
669 1460 913 1529 inquam,
950 1459 1169 1526 ﬂuctus,
1219 1476 1385 1516 causa
1417 1461 1554 1516 ﬁunt
1578 1462 1881 1518 descensus
1920 1463 1975 1517 in

395 1554 676 1622 abyssum.
734 1553 982 1622 Abyssus
1023 1562 1205 1609 autem
1252 1568 1396 1624 saepe
1440 1555 1495 1608 in
1541 1553 1828 1626 Scriptura
1872 1555 1978 1610 dte-

396 1658 617 1698 monum
655 1644 1031 1698 habitaculum
1070 1646 1367 1716 signiﬁcat.
1411 1647 1482 1700 At
1523 1648 1618 1718 qui
1651 1655 1977 1718 tempestate

396 1734 499 1786 hac
528 1740 582 1788 et
616 1735 930 1790 turbatione
961 1737 1337 1806 exagitantur,
1370 1740 1570 1794 mentis
1601 1739 1834 1809 impotes
1865 1754 1975 1809 prae

393 1822 625 1891 caligine
656 1820 987 1887 efﬁciuntur,
1021 1826 1091 1880 ob
1121 1826 1474 1883 insolentiam
1518 1829 1835 1899 huiusmodi
1871 1846 1972 1885 na-

394 1908 711 1979 vigationis,
743 1912 901 1980 quasi
943 1913 1014 1968 ob
1057 1915 1379 1971 ebrietatem
1420 1918 1597 1986 capite
1632 1919 1966 1975 laborantes.

393 2001 574 2071 lnquit
632 2005 776 2057 enim
813 2020 825 2056 :
856 2024 873 2057 ι
903 2005 1129 2061 Turbati
1180 2020 1309 2063 sunt
1361 2018 1415 2064 et
1475 2012 1607 2066 moti
1658 2019 1787 2067 sunt
1825 2012 1969 2068 sicut

389 2093 599 2148 ebrius.
633 2112 653 2146 ι
677 2093 782 2160 Qui
813 2112 942 2151 vero
971 2100 1142 2153 semel
1174 2098 1242 2154 de
1277 2108 1545 2170 potestate
1584 2104 1784 2158 mentis
1818 2103 1968 2174 deje-

388 2184 461 2237 cti
496 2196 644 2249 sunt,
681 2186 751 2243 iis
788 2191 999 2244 nullum
1051 2192 1292 2262 amplius
1338 2194 1580 2263 suppetit
1627 2195 1694 2249 ad
1735 2194 1967 2250 salutem

388 2276 703 2342 consilium,
736 2280 827 2335 sed
858 2281 1037 2336 omnis
1067 2283 1287 2338 illorum
1317 2284 1587 2354 sapientia
1621 2284 1967 2358 naufragium

388 2367 546 2433 quasi
577 2368 707 2422 facit
736 2378 791 2423 et
825 2370 1031 2424 interit.

460 2457 733 2524 Quoeirca
765 2461 840 2515 ait
872 2479 885 2515 :
921 2481 939 2513 ι
972 2461 1165 2519 Omnis
1193 2463 1463 2533 sapientia
1490 2479 1681 2521 eorum
1710 2465 1969 2522 devorata

387 2558 491 2605 cst.
532 2570 551 2603 ι
590 2551 778 2608 Denuo
803 2564 983 2610 autem
1007 2565 1060 2611 et
1092 2557 1179 2611 his
1211 2572 1450 2627 quoque,
1482 2558 1576 2629 qui
1611 2559 1779 2615 tantis
1808 2561 1968 2616 malis

387 2642 794 2709 catillictantur,
827 2654 880 2701 et
907 2648 961 2700 in
1002 2647 1369 2703 inextricabili
1404 2649 1716 2705 calamitate
1743 2666 1967 2706 versan-

386 2744 494 2800 tur,
548 2751 650 2791 vox
704 2738 869 2792 .unica
917 2738 985 2792 ad
1033 2738 1201 2794 Deum
1259 2741 1430 2794 missa
1485 2742 1716 2795 salutem
1765 2742 1964 2797 affert:

2081 637 2160 709 τῷ
2191 639 2345 711 βάρει
2379 641 2413 711 ἠ
2461 640 2720 708 θάλαττα,
2770 643 3009 713 σχίζεται
3057 648 3175 701 κατ’
3202 647 3451 718 ἀνάγκην
3475 649 3543 717 τῇ
3575 646 3667 717 βίᾳ.

2081 728 2176 783 τοῦ
2219 730 2549 801 πνεύματος,
2586 733 2827 806 ὅπουπερ
2861 734 2928 788 ἂν
2974 736 3222 809 ὲνσκήψῃ
3264 736 3456 808 βρίσας
3483 738 3511 788 ό
3537 736 3661 789 ἆνε-

2084 840 2202 894 μος,
2231 823 2328 893 τῆς
2349 823 2439 876 τοῦ
2476 823 2675 895 βάρους
2704 824 3034 894 ὲμπτὼσεως
3069 828 3220 882 ἐνθεν
3256 830 3350 882 καὶ¹
3384 828 3537 882 ἔνθεν
3571 827 3664 881 ἐπὶ

2078 915 2140 968 τὸ
2166 915 2277 971 άνω
2294 917 2355 969 τὸ
2393 917 2506 988 (45)
2540 917 2685 989 ὓδωρ
2702 917 3097 990 άναπτυούσης.
3123 919 3221 987 Ara
3249 918 3405 973 τοῦτο
3436 918 3662 990 προστί-

2080 1004 2235 1073 θησιν
2259 1006 2503 1076 ἐναργῶς
2554 1006 2888 1077 ὑπογράφων
2922 1006 2992 1061 τὰ
3026 1007 3254 1079 φοϐερὰ,
3289 1009 3371 1061 ὅτι
3403 1005 3541 1077 όμοῦ
3584 1005 3662 1075 τῷ

2078 1096 2347 1167 ἐνσκῆψαι
2389 1097 2448 1151 τὸ
2497 1096 2714 1168 πνεῦμα
2752 1098 2851 1170 τῆς
2904 1097 3237 1167 καταιγίδος,
3282 1116 3301 1149 ι
3344 1095 3536 1166 ὑψώθη
3593 1094 3662 1148 τά

2078 1187 2298 1259 κύματα
2345 1208 2363 1241 ι
2398 1190 2495 1261 τῆς
2532 1188 2808 1260 θαλάσσης
2832 1207 2851 1241 ι
2882 1188 3241 1244 ἀναϐαίνοντα
3273 1189 3379 1252 ἕως
3426 1186 3536 1240 τῶν
3564 1186 3660 1239 ού-

2080 1281 2276 1350 ρανῶν,
2327 1274 2423 1334 καὶ
2475 1280 2869 1334 καταϐαίνοντα
2911 1280 3015 1344 ἕως
3042 1279 3154 1332 τῶν
3195 1278 3469 1333 ἀϐύσσων.
3510 1296 3531 1331 ι
3568 1275 3660 1347 Τῷ

2077 1369 2189 1422 ὄντι
2217 1369 2325 1441 γὰρ
2358 1372 2391 1441 ἡ
2424 1372 2501 1433 είς
2523 1371 2583 1423 τὸ
2611 1369 2741 1439 ὕψος
2769 1368 2878 1422 τῶν
2904 1367 3158 1422 τοιούτων
3188 1367 3446 1439 κυμάτων
3484 1365 3660 1436 ἐπαρ-

2079 1477 2183 1526 σις,
2225 1460 2368 1529 λέγω
2398 1460 2460 1533 δὴ
2501 1460 2568 1514 τὰ
2617 1462 2727 1513 τῶν
2767 1459 2955 1513 παθῶν
3007 1459 3250 1530 κύματα,
3278 1459 3376 1529 τῆς
3417 1459 3498 1521 είς
3559 1457 3658 1528 τὴν

2076 1550 2309 1606 ἄϐυσσον
2332 1552 2681 1613 καταϐάσεως
2711 1549 2859 1605 αῐτια
2884 1549 3114 1619 γίνεται.
3142 1549 3409 1604 ΙἈϐυσσον
3432 1548 3490 1602 δὲ
3528 1548 3661 1601 πολ-

2076 1641 2213 1712 λαχῆ
2263 1642 2362 1713 τῆς
2384 1639 2627 1713 Γραφῆς,
2667 1641 2728 1695 τὸ
2755 1642 2863 1696 τῶν
2888 1640 3156 1712 δαιμόνων
3188 1640 3506 1710 ἐνδιαίτημα
3562 1656 3659 1709 με-

2078 1735 2423 1807 μαθήκαμεν.
2480 1734 2545 1789 Οἱ
2578 1735 2635 1788 δὲ
2665 1737 2731 1805 τῇ
2771 1736 2979 1805 ταραχῇ
3033 1732 3205 1804 ταύτῃ
3244 1733 3336 1786 καὶ
3382 1730 3459 1802 τῷ
3508 1730 3659 1801 σάλῳ

2073 1826 2182 1880 τῶν
2223 1826 2481 1897 κυμάτων
2533 1827 3039 1898 ὲγκυματισθέντες,
3071 1825 3333 1897 ἔκφρονες
3373 1823 3478 1877 ὑπὸ
3531 1840 3659 1877 σκο-

2002 1886 2047 1947 Β
2074 1886 2584 1989 τύψεως-γίνονται,
2632 1886 2885 1989 καθάπερ
2930 1886 3035 1972 ὑπό
3067 1886 3237 1989 μέθης
3269 1886 3369 1988 της
3394 1915 3538 1970 κατά
3565 1914 3660 1969 τὸν

2073 2009 2240 2062 πλοῦν
2260 2010 2351 2063 τὸν
2364 2009 2601 2063 τοιοῦτον
2617 2009 2807 2080 ἀηδίας
2827 2007 3311 2079 καρηϐαρήσαντες
3327 2022 3339 2036 ·
3374 2025 3394 2058 t
3424 2006 3661 2075 Ἐταρά-

2073 2099 2278 2170 χθησαν
2299 2119 2317 2150 ι
2338 2098 2466 2171 γὰρ,
2490 2100 2704 2171 φησὶν,σ
2732 2099 2826 2153 καὶ
2841 2098 3230 2169 ὲσαλεύθησαν,
3248 2097 3367 2160 ὡςδ
3382 2096 3616 2167 μεθύων.
3634 2115 3653 2146 ι

2061 2194 2133 2246 ⁸Οἱ
2164 2193 2219 2245 δὲ
2247 2190 2395 2256 ἅπαξ
2444 2189 2535 2244 τοῦ
2562 2193 2778 2262 φρονεῖν
2804 2189 2907 2255 ἔξω
2941 2191 3243 2261 γενόμενοι,
3273 2187 3528 2258 οὐδεμιᾶς
3564 2187 3659 2239 εύ-

2073 2276 2296 2353 ποροῦσι
2350 2281 2485 2351 πρὸς
2547 2282 2820 2353 σωτηρίαν
2852 2279 3064 2351 βουλῆς.
3116 2279 3275 2333 Ἀλλὰ
3321 2279 3665 2349 προναυαγετ

2070 2374 2248 2428 αὐτῶν
2278 2377 2311 2445 ἡ
2347 2375 2507 2444 σοφία
2535 2374 2629 2427 καὶ
2654 2373 3076 2445 προαπόλλυται.

2140 2466 2238 2520 Διά
2270 2466 2427 2520 τοῦτό
2487 2482 2671 2537 φησιν,
2705 2466 2787 2519 ὅτι
2837 2465 2931 2519 καὶ
2966 2483 2984 2516 ι
3021 2463 3230 2534 πᾶσαή
3272 2461 3430 2531 σοφία
3473 2458 3658 2514 αὐτῶν

2070 2558 2365 2628 κατεπόθη.
2399 2577 2418 2611 ι
2455 2559 2567 2612 Καὶ
2598 2557 2779 2623 πάλιν,
2813 2557 2908 2610 καὶ
2950 2555 3156 2610 τούτων
3186 2556 3241 2609 ἐν
3265 2553 3540 2615 τοσούτοις
3565 2568 3658 2620 γε-

2070 2652 2304 2719 γονότων
2341 2653 2552 2715 κακοῖς,
2588 2649 2742 2714 λύσις
2767 2650 2974 2719 γίνεται
3003 2649 3102 2719 τῆς
3133 2647 3413 2718 ἀμηχάνου
3446 2643 3657 2715 ταύτης

2067 2740 2464 2810 ταλαιπωρίας,
2500 2742 2532 2810 ἡ
2560 2740 2697 2811 πρὸς
2726 2738 2787 2793 τὸ
2818 2738 2970 2792 Θεῖον
3004 2738 3112 2808 (l6)
3136 2738 3311 2807 φωνή.
3341 2753 3361 2787 t
3384 2734 3655 2806 Ἐχέκρα-

388 2827 564 2896 inquit
606 2829 752 2883 enim
802 2849 815 2884 :
865 2849 883 2882 t
913 2830 1306 2887 Clamavcrunt
1356 2833 1423 2887 ad
1480 2833 1771 2889 Dominum
1839 2851 1963 2891 cum

2070 2832 2164 2899 ξαν
2212 2852 2230 2885 ι
2277 2835 2403 2905 γὰρ,
2452 2834 2607 2902 φησι,
2645 2851 2664 2884 ι
2700 2832 2833 2901 πρὸς
2862 2830 3067 2902 Κύριον
3125 2832 3184 2881 ὲν
3234 2827 3311 2899 τῷ
3371 2827 3654 2881 θλίϐεσθαι

383 2916 807 2983 tribularentur,
849 2928 904 2974 et
950 2921 1017 2975 de
1069 2923 1498 2979 necessitatibus
1546 2940 1737 2979 eorum
1776 2926 1966 2981 eduxit

2070 2926 2285 2989 αὐτοὺς,
2302 2927 2394 2977 καὶ
2411 2926 2475 2977 ὲκ
2496 2924 2605 2976 τῶν
2627 2924 2879 2992 ἀναγκῶν
2894 2921 3071 2977 αὐτῶν
3090 2922 3357 2991 ἐξήγαγεν
3379 2919 3600 2981 αὐτούς.
3629 2936 3649 2969 ι

384 3021 499 3060 eos.
532 3025 552 3058 ι
587 3006 651 3059 Et
683 3008 980 3078 derepente
1024 3013 1186 3067 turbo
1229 3012 1321 3068 ille
1352 3014 1408 3067 in
1442 3029 1634 3069 auram
1667 3015 1963 3071 secundam

2070 3015 2178 3069 Kal
2195 3016 2451 3087 παραχρῆ
2460 3015 2583 3084 μαὴ
2606 3013 2860 3083 καταιγὶς
2877 3014 2955 3076 εἰς
2982 3010 3195 3082 πνεῦμα
3215 3009 3521 3082 μετεϐλήθη
3538 3010 3654 3079 (47)

336 3096 349 3107 ⁸
384 3109 438 3151 ct
494 3099 828 3169 navigationi
884 3101 1137 3157 idoneam
1196 3120 1501 3161 conversus
1564 3114 1672 3171 est,
1731 3123 1966 3177 moxque

2070 3105 2233 3177 φορόν
2262 3122 2322 3158 τε
2372 3105 2467 3158 καὶ
2526 3104 2769 3175 πλώϊμον
2797 3104 2931 3175 (48),
2969 3103 3063 3156 καὶ
3096 3100 3410 3172 γαληνιάζει
3449 3103 3514 3154 ὲκ
3542 3101 3654 3154 τῶν

386 3190 777 3261 tranquillatur
808 3206 839 3244 a
882 3192 1041 3249 saevis
1074 3192 1334 3251 ﬂuctibus
1382 3211 1552 3261 mare,
1597 3206 1751 3267 grata
1782 3200 1966 3269 quiete

2070 3197 2330 3266 κυμάτων
2392 3197 2885 3269 καταστορεσθεϊσα
2937 3196 3005 3250 δι’
3052 3195 3284 3267 ἡσυχίας
3315 3195 3349 3265 ἡ
3383 3192 3651 3291 θάλασσα.

385 3291 617 3336 stratum
669 3293 723 3338 et
772 3295 1048 3354 pacatum.
1085 3306 1104 3338 ‹
1146 3287 1345 3343 Statuit
1393 3291 1690 3359 procellam
1746 3292 1865 3362 ejus
1911 3292 1965 3347 in

2076 3306 2095 3339 ι
2139 3289 2414 3359 Ἔστησε»
2443 3287 2573 3357 γάρ,
2621 3288 2773 3359 φησὶ,
2808 3307 2827 3340 ι
2864 3286 2961 3358 τὴν
3001 3285 3288 3355 καταιγίδα
3328 3285 3409 3347 είς
3452 3282 3653 3352 αὔραν,

385 3388 598 3437 auram,
632 3393 650 3425 ι
722 3375 942 3446 inquit,
1014 3397 1033 3430 ι
1072 3386 1126 3435 et
1189 3381 1463 3436 siluerunt
1518 3382 1719 3438 ﬂuetus
1765 3385 1905 3455 ejus.
1942 3405 1960 3438 ι

2070 3380 2163 3433 καὶ
2186 3379 2445 3451 ἐσίγησαν
2484 3380 2555 3433 τά
2598 3380 2818 3451 κύματα
2851 3379 3041 3449 αὐτῆς.
3071 3379 3340 3452 »Τάχατῷ
3360 3375 3459 3445 τῆς
3490 3374 3668 3444 σιγῆς-

383 3463 661 3522 Fortassis
718 3467 912 3523 silcndi
985 3474 1251 3528 vocabulo
1302 3474 1500 3541 innuit,
1568 3475 1771 3533 ﬂuctus
1831 3480 1966 3534 nihil

383 3559 530 3614 aliud
564 3575 709 3626 esse,
755 3577 918 3632 quam
954 3567 1303 3635 appetitrices
1337 3569 1605 3639 quasdam
1649 3570 1961 3638 facultates,

382 3653 583 3722 quibus
614 3663 866 3710 naturam
907 3657 1263 3714 desertricem
1307 3668 1360 3714 et
1393 3660 1701 3718 desciscere
1730 3678 1963 3721 consue-

380 3754 491 3800 tam
540 3747 768 3816 indicat,
815 3750 906 3806 cui
950 3752 1219 3808 Dominus
1258 3753 1313 3807 in
1366 3752 1695 3825 Evangelio:
1735 3777 1754 3809 ι
1791 3758 1959 3825 Tace,

379 3838 777 3896 obmutesce”.
817 3860 836 3893 ι
888 3842 1089 3896 Auram
1140 3844 1379 3914 appellat
1422 3847 1651 3916 spiritus
1703 3850 1958 3918 gratiam,

379 3942 501 3995 quae
553 3930 722 3985 rectis
778 3932 1233 4000 cogitationibus,
1283 3938 1441 4004 quasi
1504 3937 1670 3999 malo,
1721 3938 1960 3993 animam

379 4018 565 4072 divino
590 4014 769 4095 portui
800 4021 1047 4090 appellit,
1071 4023 1445 4091 gubernacula
1469 4027 1684 4082 ratione
1716 4035 1957 4095 tenente,

378 4116 434 4161 et
487 4108 555 4162 ad
610 4109 1014 4181 navigationem
1055 4112 1346 4181 dirigente.
1393 4115 1532 4170 Dicit
1572 4116 1717 4172 enim
1748 4136 1762 4171 :
1799 4136 1818 4170 ι
1855 4118 1960 4174 De-

379 4200 539 4256 duxit
567 4216 665 4259 eos
704 4204 759 4258 in
801 4212 1020 4274 portum
1050 4205 1353 4262 voluntatis
1387 4223 1600 4263 eorum.
1636 4228 1654 4261 ι
1701 4208 1798 4267 llis
1836 4210 1960 4266 ﬁni-

378 4292 451 4347 tis
491 4308 688 4350 rursus
718 4294 951 4365 gratiam
999 4309 1027 4347 a
1062 4296 1266 4365 populo
1308 4305 1362 4351 et
1401 4295 1647 4353 Ecclesia
1696 4299 1959 4355 celebrari

372 4384 550 4452 jubet,
600 4394 810 4441 tantum
848 4403 958 4441 non
999 4388 1281 4457 praesentis
1326 4388 1585 4445 Ecclesiae
1621 4398 1824 4446 statum
1864 4392 1962 4448 de-

375 4478 650 4541 scribens,
693 4495 820 4534 cum
858 4480 935 4532 ait
991 4481 1106 4534 haec
1139 4477 1237 4534 Dei
1280 4481 1557 4535 mirabilia
1608 4483 1664 4536 in
1695 4483 1958 4538 cathedra

2067 3471 2290 3541 ὀνόματι
2321 3470 2709 3542 προαιρετικάς
2747 3487 2898 3533 τινας
2934 3464 3074 3524 εἶναι
3098 3468 3355 3538 δυνάμεις
3392 3466 3654 3536 σημαίνει

2065 3562 2134 3615 τὰ
2162 3561 2385 3632 κύματα
2403 3579 2416 3593 ·
2437 3561 2503 3615 δι’
2524 3555 2598 3615 ὧν
2625 3562 2724 3632 τὴν
2764 3561 3140 3633 ἀποστατικὴν
3175 3560 3340 3631 φύσιν
3374 3559 3651 3613 ἐνδείκνυ-

2064 3670 2179 3716 ται,
2200 3654 2335 3723 πρὸς
2353 3654 2419 3723 ἣν
2435 3649 2587 3706 εἶπεν
2607 3653 2664 3707 ὲν
2678 3651 2755 3723 τῷ
2779 3653 3092 3724 Εὑαγγελίῳ
3105 3654 3133 3706 ὁ
3150 3653 3371 3724 Κύριος,
3395 3670 3414 3703 ι
3434 3650 3649 3717 Σιώπα,

2066 3744 2372 3815 πεφίμωσο.
2401 3763 2418 3796 ι
2439 3744 2624 3817 Λύραν
2639 3744 2694 3797 δὲ
2721 3744 2868 3813 λέγει
2885 3745 2984 3815 τὴν
3007 3743 3100 3797 τοῦ
3136 3743 3441 3813 πνεύματος
3463 3743 3653 3813 χάριν,

2062 3836 2096 3907 ἢ
2142 3834 2231 3889 διὰ
2270 3835 2379 3889 τῶν
2435 3836 2641 3906 νοητῶν
2691 3836 2873 3889 ἱστίων
2920 3834 3033 3905 (49)
3066 3834 3143 3905 τῷ
3172 3835 3301 3904 θείῳ
3344 3833 3523 3904 λιμένι
3546 3834 3651 3904 τὴν

2061 3926 2240 3998 ψυχὴν
2276 3928 2574 3999 ὲνορμίζει,
2628 3926 3004 3999 κυϐερνῶντος
3040 3924 3133 3979 τοῦ
3164 3925 3348 3996 λόγου,
3380 3925 3475 3979 καὶ
3510 3923 3652 3993 πρὸς

2060 4019 2150 4072 τὸν
2194 4018 2360 4073 πλοῦν
2399 4019 2837 4084 κατευθύνοντος.
2878 4037 2896 4070 ι
2943 4019 3205 4091 Ὠδήγησε
3240 4037 3259 4070 ι
3284 4017 3415 4089 γὰρ,
3456 4018 3648 4086 φησὶν,

2068 4128 2086 4160 ι
2120 4110 2316 4173 αὐτοὺς
2346 4111 2437 4163 ἐπὶ
2458 4109 2651 4181 λιμένα
2679 4109 2980 4181 θελήματος
3002 4108 3207 4163 αὐτῶν.
3227 4127 3247 4162 ι
3276 4109 3399 4163 Ἐπὶ
3433 4106 3654 4173 τούτοις

2062 4200 2224 4254 πάλιν
2259 4201 2517 4272 άνυμνεῖν
2547 4201 2648 4273 τὴν
2677 4199 2837 4272 χάριν
2871 4199 3238 4254 διακελεύεται
3270 4198 3400 4252 λαόν
3449 4213 3510 4250 τε
3549 4198 3654 4251 καὶ

2076 4292 2402 4363 Ἐκκλησίαν
2422 4309 2436 4325 ο
2481 4292 2640 4364 μόνον
2678 4291 2800 4362 οὐχ).
2831 4290 2931 4359 τὴν
2951 4287 3235 4363 παροῦσαν
3260 4289 3370 4342 τῶν
3412 4287 3653 4357 Ἐκκλη-

2063 4383 2193 4436 σιῶν
2225 4383 2556 4453 ὑπογράφων
2577 4382 2656 4454 τῷ
2675 4382 2817 4454 λόγῳ
2840 4381 3286 4445 κατάστασιν,ὄτι
3310 4381 3369 4433 ὲν
3418 4380 3484 4448 τῇ
3517 4376 3655 4430 καθ-

2061 4477 2192 4549 έδρᾳ
2219 4477 2328 4532 τῶν
2352 4477 2783 4549 προηγουμένων
2804 4475 2898 4530 τοῦ
2928 4476 3084 4544 λόγου
3101 4474 3212 4546 (50)
3233 4472 3406 4528 ταῦτα
3438 4469 3655 4542 κηρύσ-

377 4564 685 4634 principum
730 4565 1036 4629 decantari,
1071 4581 1168 4635 per
1199 4581 1319 4636 quae
1349 4566 1482 4623 ﬁdes
1516 4567 1571 4621 in
1615 4568 1955 4625 audientium

2070 4585 2215 4623 σεται
2253 4568 2346 4624 τοῦ
2380 4568 2514 4623 Θεοῦ
2546 4568 2614 4623 τὰ
2648 4566 2947 4639 θαυμάσια,
2979 4567 3046 4621 δι’
3074 4559 3202 4637 ὦνὴ
3238 4565 3419 4627 πίστις
3451 4561 3654 4632 βεϐαία

375 4655 577 4710 animis
614 4659 994 4710 conﬁrmatur.
1042 4657 1209 4712 Addit
1253 4658 1399 4713 enim
1432 4676 1446 4713 :
1484 4676 1503 4710 ι
1537 4657 1789 4715 Exaltent
1829 4675 1954 4716 eum

376 4744 430 4796 in
495 4743 734 4800 ecclesia
774 4746 969 4815 plebis.
1018 4756 1070 4802 et
1106 4748 1160 4802 in
1199 4748 1453 4803 cathedra
1502 4751 1783 4806 seniorum
1835 4753 1955 4807 lau-

373 4836 506 4889 dent
535 4850 662 4890 eum
697 4853 710 4890 :
753 4854 772 4888 ι
812 4838 1206 4910 subjungitque
1234 4841 1533 4912 gratiarum
1568 4844 1803 4900 actionis
1833 4860 1958 4899 cau-

375 4941 489 4990 sas,
551 4925 698 4997 quod
759 4927 971 4983 scilicet
1033 4945 1061 4983 a
1120 4929 1228 4988 Deo
1285 4930 1534 4998 flumina,
1580 4935 1687 4988 alia
1735 4935 1957 5005 quidem

373 5025 735 5082 enascuntur,
788 5020 893 5074 alia
931 5020 1237 5088 intereunt;
1286 5039 1411 5078 nam
1462 5024 1687 5081 ﬁumina
1737 5027 1958 5081 malitiae

374 5110 733 5169 esSiccantur
776 5119 831 5165 et
889 5112 1202 5180 abolentur,
1253 5128 1306 5170 at
1342 5116 1608 5171 virtutum
1660 5115 1864 5172 fluenta
1903 5124 1959 5173 et

374 5202 575 5268 exitus,
619 5204 737 5261 loca
765 5220 1009 5275 eousque
1036 5207 1235 5262 ardore
1264 5217 1458 5263 exusta
1491 5209 1721 5280 irrigant
1753 5249 1767 5263 .
1808 5228 1825 5260 ι
1852 5206 1959 5263 Po-

378 5294 485 5345 suit
514 5291 742 5348 tlumina
777 5295 830 5349 in
852 5295 1152 5360 desertum,
1184 5315 1201 5347 ι
1229 5295 1427 5368 inquit,
1466 5315 1484 5348 ι
1512 5306 1566 5352 et
1583 5297 1764 5352 exitus
1788 5310 1959 5367 aqua-

376 5393 498 5438 rum
527 5385 580 5440 in
607 5386 779 5442 sitim.
818 5405 835 5440 ›
869 5385 1124 5444 Flumina
1156 5399 1316 5445 vocat
1354 5390 1672 5461 passionum
1704 5388 1955 5455 aﬂluxus,

453 5537 498 5567 ¹⁶
529 5536 695 5596 Marc.
736 5557 813 5606 tv,
839 5544 926 5599 '59.

449 5709 560 5774 (45)
602 5713 674 5765 Τὸ
708 5728 816 5768 om.
853 5717 940 5772 ed.

452 5780 562 5845 (ἀεὶ)
592 5782 695 5835 Τὸν
716 5783 868 5846 Θεὸν,
894 5789 979 5841 ed.

450 5850 561 5922 (ιι)
592 5851 933 5926 Κατεϐλήθη,
970 5858 1062 5911 ed.

2059 4660 2265 4728 γίνεται
2294 4664 2405 4725 τοῖς
2435 4660 2743 4715 ἁκούουσιν.
2768 4679 2787 4712 ι
2821 4660 3226 4730 ’Υψωσάτωσαν
3262 4675 3279 4709 ι
3297 4660 3426 4728 γὰρ,
3453 4655 3650 4724 φησὶν,

2067 4771 2084 4803 ι
2123 4751 2304 4817 αὐτὸν,
2337 4753 2396 4805 ὲν
2428 4752 2693 4833 ἐκκλησίᾳ
2740 4750 2894 4818 λαοῦ,
2924 4752 3019 4805 καὶ
3047 4752 3106 4803 ὲν
3128 4747 3367 4821 καθέδρᾳ
3402 4747 3651 4820 πρεσϐυ-

2059 4844 2232 4916 τέρων
2273 4844 2643 4899 αίνεσάτωσαν
2694 4843 2876 4900 αὐτόν.
2936 4861 2956 4895 ι
3009 4843 3121 4897 Kal
3161 4842 3483 4914 προστίθησι
3532 4841 3651 4894 τῶν
3734 4868 3745 4873 ~

2060 4935 2419 5008 εὐχαριστιῶν
2455 4937 2554 5000 τὰς
2586 4935 2783 5001 αἰτίας,
2816 4935 2900 4989 ὅτι
2925 4934 3076 5007 παρὰ
3107 4934 3203 4988 τοῦ
3226 4934 3359 4988 Θεοῦ
3383 4932 3646 5002 ποταμοὶ,

2058 5029 2107 5081 oi
2133 5027 2232 5099 μὲν
2248 5028 2508 5096 γίνονται,
2533 5029 2582 5081 οἱ
2606 5027 2664 5081 δὲ
2689 5025 3127 5081 άπόλλυνται.Τὰ
3144 5027 3243 5097 μὲν
3267 5026 3375 5097 γὰρ
3396 5024 3653 5098 ῥεύματα

2058 5118 2158 5188 τῆς
2190 5117 2387 5181 κακίας
2412 5116 2793 5187 ὲξαφανίζεται
2812 5134 2828 5149 ο
2856 5118 2913 5172 αί
2947 5116 3005 5170 δὲ
3030 5114 3140 5170 τῶν
3166 5116 3377 5187 ἀρετῶν
3399 5115 3646 5183 διέξοδοι,

2058 5210 2186 5272 τοὺς
2208 5209 2343 5272 τέως
2366 5209 2695 5281 αὑχμῶντας
2721 5207 3069 5273 ὲπικλύζουσι
3101 5206 3320 5271 τόπους.
3345 5225 3365 5259 t
3393 5206 3589 5260 Ἐθετο
3622 5225 3640 5257 ι

2059 5297 2192 5371 γὰρ,
2238 5298 2391 5370 φησὶ,
2429 5318 2449 5352 ι
2503 5298 2782 5370 ποταμοὺς
2833 5301 2912 5364 είς
2956 5298 3181 5371 ἔρημον,
3232 5298 3326 5352 καὶ
3377 5296 3646 5363 διεξόδους

2061 5391 2266 5447 ὑδάτων
2284 5393 2362 5454 είς
2391 5390 2570 5448 δίψαν.
2596 5410 2615 5444 ι
2642 5390 2925 5456 Ποταμοὺς
2948 5391 3004 5445 δὲ
3022 5391 3189 5462 λέγει,
3213 5391 3312 5456 τὰς
3331 5390 3437 5446 τῶν
3461 5388 3646 5462 παθη-

2137 5732 2246 5797 (48)
2280 5730 2442 5803 Forte
2472 5731 2739 5803 πρώῖμον.

2136 5804 2247 5870 (49)
2276 5802 2578 5872 Νοημάτων
2620 5802 2791 5871 ἱστίῳ,
2828 5804 2914 5861 ed.
3012 5824 3019 5829 '

2358 5875 2377 5882 ς..
2418 5872 2431 5883 \

2136 5873 2244 5943 (50)
2276 5872 2383 5924 Τοῦ
2418 5872 2573 5939 λόγου
2608 5889 2716 5927 om.
2743 5873 2829 5926 ed.
