3888 6378
140 426 229 484 677

1482 426 1548 484 ΙΝ
1586 425 1691 482 PS}

1792 426 1929 485 r105.
3263 433 3366 489 4⁸28
3450 480 3453 481 ,

142 542 303 615 μάτων
326 540 434 612 (5|)
461 541 740 615 ὲπιρροάς,
782 545 877 598 καὶ
903 546 1170 612 διεξόδους
1202 547 1430 612 ὑδάτων,
1458 547 1555 610 τὰς
1572 547 1681 600 τῶν

1792 556 1837 602 et
1874 547 2055 603 exitus
2113 559 2404 617 aquarum,
2456 547 2727 609 malorum
2772 549 3093 605 continuam
3125 566 3363 619 seriem;

140 634 300 689 κακῶν
344 633 675 699 ἀκολουθίας.
706 636 875 692 Ὅταν
905 639 992 693 ἀεὶ
1039 640 1252 712 πονηρὰ
1278 643 1530 711 πονηροῖς
1559 640 1683 693 ἔπι-

139 728 468 792 συνάπτοντες
525 727 573 780 οί
622 727 932 800 ἄνθρωποι,
990 730 1241 804 καθάπερ
1290 750 1341 785 τι
1366 730 1686 803 ρεῢμαοτὸν

137 817 270 870 ὁλκὸν
284 817 376 888 τῆς
391 817 583 880 κακίας
610 818 1054 889 ἀπομηκύνωσιν.
1074 822 1232 876 Ἀλλά
1252 823 1347 876 καὶ
1369 822 1467 893 τὴν
1487 820 1640 891 «γῆν,
1660 839 1680 872 ι

138 907 298 978 φησὶν,
332 902 353 958 ἰ
387 907 751 979 καρποφόρον,
792 911 873 973 είς
918 911 1096 982 ἆλμην
1143 932 1162 965 ι
1196 914 1449 983 ἐποίησεν
1474 929 1488 943 ο
1520 913 1686 984 ἡγὰρ

137 996 227 1050 τῶν
273 994 449 1049 κακῶν
496 994 725 1068 εὔφορος
767 996 912 1071 ψυχὴ
964 1000 1411 1071 μεταποιηθεῑσα,
1453 998 1686 1070 διψώδης

137 1088 327 1156 ἐγένετο
353 1128 368 1152 ,
419 1086 497 1159 τῷ
536 1087 664 1158 θείῳ
709 1088 863 1142 ἆλατι
903 1092 1001 1162 τῆς
1045 1092 1390 1157 διδασκαλίας
1445 1095 1685 1164 ὲπαρτυ-

139 1177 291 1243 θεῖσα,
345 1178 418 1243 ὡς
477 1178 672 1249 μηκέτι
727 1180 826 1250 τὴν
876 1181 1072 1235 κακίαν
1120 1183 1225 1237 τῶν
1292 1183 1686 1237 κατοικούντων

137 1269 364 1334 αίιξεσθαι
392 1312 407 1337 ,
469 1273 591 1333 ταῖς
640 1274 904 1341 πονηραῖς
969 1272 1074 1327 τῶν
1139 1274 1347 1329 ὑδάτων
1401 1275 1686 1347 ἐπιρροαῖς

137 1362 461 1434 τρεφομένην.
556 1363 843 1434 Ἀλμῶσαν
924 1366 981 1420 δὲ
1040 1368 1135 1422 καὶ
1219 1367 1424 1437 διψὼδη
1508 1366 1685 1438 ψυχὴν

136 1455 219 1524 τὴν
240 1456 293 1508 τὸ
318 1456 645 1528 μακαριστὸν
688 1457 839 1527 δίψος
877 1458 1272 1522 ἁναλαόοὖσαν.
1300 1459 1496 1531 λίμνην
1533 1458 1686 1528 γενέ-

140 1546 243 1598 σθαι
265 1549 324 1618 τῇ
356 1553 628 1621 συστροφῇ
652 1551 762 1606 τῶν
790 1551 998 1625 ἀρετῶν
1037 1550 1452 1620 πελαγίξουσαν.
1487 1569 1507 1602 ι
1538 1549 1689 1603 Ἐθε-

137 1654 186 1690 το
210 1638 359 1711 ιγὰρ,
392 1642 548 1710 φησὶ,
574 1660 592 1693 ι
618 1642 823 1714 ἔρημον
848 1639 928 1707 είς
948 1643 1140 1715 λίμνας
1162 1644 1368 1698 ὑδάτων
1399 1679 1414 1706 ,
1443 1643 1541 1696 καὶ
1583 1643 1683 1714 γῆν

138 1730 330 1801 ἄνυδρον
369 1733 446 1796 είς
487 1733 758 1799 διεξόδους
791 1735 1020 1791 ὑδάτων.
1060 1755 1079 1788 ι
1115 1735 1287 1790 Τοῦτο
1325 1734 1382 1788 δὲ
1418 1733 1689 1803 πόλις.γί-

138 1838 279 1888 νεται,
308 1825 370 1895 ἢν
400 1827 448 1878 oi
479 1825 743 1895 διψῶντες
770 1826 882 1897 (52)
918 1829 1016 1898 τὴν
1051 1827 1394 1897 δικαιοσύνην
1424 1825 1681 1880 οἰκοῦσιν.

138 1915 299 1979 Οὐδεὶς
327 1917 429 1987 γάρ
457 1916 761 1991 ναυτιώδης
794 1937 852 1972 τε
875 1920 969 1973 καὶ
1001 1920 1292 1991 ἀνόρεκτος
1310 1919 1409 1990 τῆς
1433 1918 1689 1990 τοιαύτης

137 2004 324 2077 λίμνης,
351 2009 444 2062 καὶ
469 2008 582 2063 τῶν
613 2010 866 2065 τοιούτων
903 2010 1108 2065 ὑδάτων
1139 2011 1425 2081 πρόσοικος
1456 2009 1683 2080 γίνεται,

136 2096 374 2167 πλήσμιον
393 2101 449 2152 ὲν
468 2101 641 2173 κακίᾳ
659 2100 756 2173 τὴν
772 2100 949 2172 ψυχὴν
971 2102 1330 2173 ἑπαγόμενος.
1355 2121 1373 2152 ι
1401 2100 1688 2173 Σπείρουσι

136 2184 182 2238 δὲ
225 2187 341 2252 τοὺς
377 2190 585 2260 ἀγροὺς
624 2192 717 2244 καὶ
766 2190 1060 2261 φυτεύουσι
1098 2194 1224 2257 τοὺς
1277 2192 1627 2263 ἀμπελῶνας.
1662 2210 1681 2243 ι

138 2275 232 2341 Τὰς
261 2279 658 2347 θείας’ὲντολάς
686 2283 780 2337 καὶ
823 2283 921 2355 τὴν
970 2285 1222 2357 ἐνάρετον
1271 2284 1543 2340 πολιτείαν
1574 2287 1688 2348 τοῖς

136 2367 368 2434 τοιούτοις
409 2372 785 2445 διασημαίνων
829 2375 1135 2447 αίνίγμασι.
1161 2376 1391 2447 Σπέρμα
1435 2374 1543 2448 γὰρ
1590 2376 1690 2446 τῆς

138 2459 403 2534 μελλούσης
447 2466 787 2537 ἐπικαρπίας
842 2468 989 2523 ἐστὶν
1022 2469 1056 2539 ή
1100 2468 1308 2540 ἐντολή.
1350 2468 1541 2541 Ἀρετὴ
1566 2468 1621 2520 δὲ
1655 2469 1689 2540 ἡ

135 2551 347 2623 ἄμπελος
377 2558 409 2628 η
438 2558 531 2612 διὰ
564 2558 673 2612 τῶν
701 2558 933 2628 λογικῶν
976 2559 1218 2632 βοτρύων
1247 2558 1324 2629 τῷ
1350 2559 1451 2629 τῆς
1498 2558 1691 2628 σοφίας

136 2647 340 2719 κρατῆρι
371 2636 460 2704 τὸν
494 2645 643 2705 οἶνον
676 2652 959 2722 ἐκχέουσα.
995 2652 1180 2706 Ταῦτα
1215 2651 1269 2705 δὲ
1304 2651 1454 2706 οὐδὲν
1479 2650 1626 2717 ἄλλο,
1654 2651 1688 2722 ἢ

138 2737 354 2809 εὐλογίας
373 2741 581 2815 πλῆθός
602 2744 772 2799 ἐστιν.
802 2762 819 2795 ι
848 2743 1122 2813 Εύλόγησε
1162 2763 1181 2797 ι
1224 2745 1352 2816 γὰρ,
1371 2743 1692 2816 φησὶν,ιαύ-

136 2831 258 2894 τοὺς,
290 2832 377 2886 καὶ
415 2832 836 2904 ὲπληθύνθησαν
878 2835 1103 2906 σφόδρα,
1141 2824 1236 2889 καὶ
1280 2834 1351 2887 τὰ
1383 2834 1556 2905 κτήνη
1586 2834 1688 2886 αὐ·

136 2919 224 2974 τῶν
272 2924 367 2977 οὐκ
416 2925 771 2995 ὲσμίκρυνεν.
821 2946 838 2979 ο
886 2928 1073 2997 Κτήνη
1125 2926 1291 2995 λέγει,
1335 2926 1434 2996 τὴν
1474 2925 1691 2995 ὑποχεί-

137 3028 231 3078 ριον
275 3014 378 3068 τῶν
424 3016 528 3087 τῆς
586 3016 762 3088 ψυχῆς
819 3020 1133 3089 κινημάτων
1190 3018 1525 3090 ὑπηρεσίαν,
1562 3018 1689 3071 ὅταν

140 3103 251 3171 πρὸς
292 3106 485 3178 ἀρετὴν
519 3106 753 3161 ’ἑκαστον
784 3109 892 3160 τῶν
927 3109 985 3161 ἐν
1029 3110 1160 3180 ἡμῖν
1209 3108 1690 3179 χρησιμεύῃοάγα-

135 3190 209 3244 Οδν
239 3194 418 3265 κτῆνός
438 3199 593 3251 ἐστιν
620 3199 649 3251 ὁ
679 3197 868 3270 θυμὸς,
898 3198 1026 3251 ὅταν
1057 3197 1151 3251 τοῦ
1189 3198 1449 3269 λογισμοῦ
1488 3198 1687 3262 ὑποζύ-

133 3297 231 3343 γιον
277 3284 518 3357 γένηταιο
561 3286 749 3359 ἕτερον
798 3288 1040 3343 τοιοῦτον
1091 3290 1286 3361 κτῆνος
1324 3288 1685 3359 ἡηκὲπιθυμία,

132 3374 484 3446 νωτοφοροῦσα
534 3377 739 3449 τρόπον
783 3376 905 3432 τινὰ
947 3377 1423 3449 καὶ-βαστάζουσα
1454 3379 1553 3449 τὴν
1591 3377 1692 3447 ψυ-

133 3454 245 3530 χὴνξ
266 3468 352 3518 καὶ
382 3468 475 3521 ἐπὶ
508 3468 574 3520 τὸ
605 3466 736 3537 ὕψος
784 3467 1078 3537 ἀνάγουσα,
1105 3470 1234 3522 ὅταν
1268 3468 1360 3521 ἐπὶ
1394 3467 1464 3537 τᾲ
1491 3467 1602 3527 ἅνω
1624 3469 1690 3539 τῇ

133 3554 239 3625 ἡνίᾳ
259 3557 361 3629 (55)
390 3560 489 3630 τῆς
518 3560 762 3625 διανοίας
789 3560 1098 3632 εύθύνηται.
1137 3563 1247 3614 Καὶ
1267 3561 1337 3614 τὰ
1358 3561 1490 3615 ἄλλα
1516 3562 1693 3615 πάντα

133 3649 281 3719 κτήνη
305 3652 448 3706 ἐστὶν
501 3651 849 3722 αὐξανόμενα
892 3656 960 3725 τῇ
1004 3654 1252 3725 εὐλογίᾳ,
1280 3655 1404 3707 ὅταν
1453 3651 1590 3723 πρὸς
1626 3655 1694 3705 τὰ

135 3741 323 3807 μεγάλα
351 3744 581 3817 γένηται
605 3748 736 3817 ἡμῖν
773 3748 806 3816 ἠ
838 3746 991 3818 παρὰ
1018 3744 1222 3801 τούτων
1249 3740 1693 3816 ὑπηρεσία.Εἷτα

134 3833 325 3889 πάντων
368 3838 479 3893 τῶν
529 3838 840 3910 εἰρημένων
876 3838 1348 3907 ἀνακεφαλαίωσιν
1373 3838 1430 3890 ὲν
1462 3837 1539 3907 τῷ
1567 3838 1694 3906 ἐφε-

133 3922 456 3993 ξῆ;’ποιεῖται
504 3929 673 4000 λόγῳ.
707 3930 1065 4001 Πολυτρόπως
1096 3931 1204 4001 γὰρ
1226 3930 1296 3984 τά
1322 3946 1381 3982 τε
1415 3928 1562 3999 πάθη
1591 3929 1696 3981 διε-

134 4015 336 4083 ξελθὼν,
360 4021 453 4074 καὶ
473 4023 578 4084 τὰς
622 4020 770 4085 Θείας
802 4022 1118 4095 εὐεργεσίας
1147 4022 1240 4075 ὑπ’
1278 4019 1400 4091 ὄψιν
1428 4022 1659 4090 ποιήσας
1679 4035 1691 4048 ·

132 4107 233 4159 νυνὶ
282 4108 345 4163 δι’
405 4111 592 4179 ὀλίγου
634 4109 794 4164 πάλιν
844 4107 1218 4181 ὲκπεριλαϐὼν
1262 4107 1374 4181 (54)
1430 4108 1699 4173 ἀνακεφα-

132 4194 351 4252 λαιοῦται
375 4200 452 4271 τῷ
478 4200 647 4272 λόγῳ.
680 4200 767 4253 Ἐν
793 4194 874 4264 οἷς
899 4216 1065 4272 φησιν
1091 4240 1107 4267 ,
1152 4199 1232 4254 ὅτι
1257 4218 1278 4254 ι
1302 4196 1695 4267 Ὠλιγώθησαν,

132 4289 211 4341 καὶ
237 4290 602 4360 ἐκακώθησαν
648 4291 757 4345 ἀπὸ
790 4290 1022 4361 θλίψεως
1059 4289 1245 4344 κακῶν
1288 4289 1384 4343 καὶ
1416 4287 1627 4358 ὀδύνης.
1672 4306 1691 4340 ι

132 4380 216 4433 Διά
256 4384 352 4453 μὲν
385 4383 478 4438 τοῦ
533 4383 716 4453 ὀλίγου
766 4382 1047 4454 σημαίνων
1093 4383 1194 4453 τὴν
1227 4382 1572 4454 βραγύτητα,
1604 4380 1699 4433 καὶ

129 4473 214 4543 τὴν
238 4477 538 4549 γενομένην
574 4475 684 4529 ἀπὸ
711 4474 804 4529 τοῦ
836 4473 1002 4544 ὕψους
1030 4491 1091 4526 τε
1113 4474 1207 4527 καὶ
1241 4471 1505 4543 μεγέθους
1532 4472 1612 4534 είς
1637 4470 1698 4524 τὸ

1787 639 2010 710 quando
2037 639 2287 695 homines
2315 638 2458 693 mala
2494 640 2657 696 malis
2686 641 3121 707 accumulantes,
3153 651 3208 698 et
3232 656 3366 697 con-

1787 739 2070 787 nectentes
2095 728 2336 787 [luminis
2369 732 2563 798 instar,
2586 734 2799 789 alveum
2829 735 3196 805 improbitatis
3225 751 3363 791 con-

1786 823 2003 877 tinuant
2033 832 2088 878 et
2115 822 2419 895 proferunt.
2456 825 2724 880 Caeterum
2758 833 2962 881 terram
2991 843 3210 899 quoque
3242 826 3364 881 fru-

1786 914 2038 970 ctiferam
2070 915 2123 969 in
2160 916 2493 987 salsuginem
2527 932 2851 974 conversam
2886 920 2995 987 ait;
3036 936 3161 976 nam
3185 921 3366 975 anima

1788 1005 2053 1060 malorum
2086 1004 2343 1071 fecunda,
2375 1021 2501 1062 cum
2532 1015 2899 1064 transmutata
2933 1018 3038 1074 cst.
3079 1012 3364 1067 siticulosa

1785 1110 2005 1165 quoque
2055 1095 2310 1162 eﬂicitur,
2359 1112 2659 1168 conspersa
2703 1100 2888 1156 divino
2930 1101 3195 1157 doctrinae
3228 1103 3364 1168 sale,

1786 1195 1846 1241 ut
1878 1205 1945 1243 ne
1972 1188 2207 1257 amplius
2247 1190 2572 1260 improbitas
2601 1191 2736 1246 inibi
2770 1191 3083 1263 degentium
3126 1201 3361 1260 crescat,

1786 1282 1956 1352 rigata
1995 1290 2049 1337 et
2076 1283 2202 1336 alita
2235 1282 2415 1337 noxiis
2448 1297 2716 1352 aquarum
2746 1283 3206 1342 conﬂuxiouibus.
3243 1285 3367 1341 Sal-

1787 1371 2100 1442 suginosam
2129 1387 2258 1427 vero
2280 1379 2334 1426 et
2363 1372 2698 1428 siticulosam
2725 1374 2985 1440 animam,
3016 1391 3179 1446 quam
3205 1378 3363 1432 beata

1788 1464 1878 1517 illa
1936 1452 2059 1520 sitis
2120 1475 2385 1536 occupat,
2451 1465 2698 1521 converti
2758 1466 2917 1523 docet
2975 1469 3367 1524 exercitatione

1786 1554 2055 1609 virtutum
2088 1555 2144 1609 in
2176 1563 2427 1625 stagnum
2458 1570 2747 1626 aquarum,
2780 1554 2950 1610 maris
2982 1556 3247 1613 assimile.
3278 1556 3368 1610 Ait

1786 1646 1932 1701 enim
1971 1664 1983 1700 :
2026 1664 2044 1697 ι
2073 1644 2263 1702 Posuit
2307 1645 2584 1702 desertum
2641 1647 2696 1702 in
2745 1657 2935 1719 stagna
2973 1661 3266 1718 aquarum,
3313 1660 3369 1703 et

1788 1744 1993 1791 terram
2037 1737 2156 1793 sine
2193 1752 2336 1808 aqua
2367 1737 2424 1792 in
2452 1738 2635 1794 exitus
2661 1750 2950 1809 aquarum.
2990 1758 3008 1792 ι
3043 1738 3159 1794 Hoc
3184 1745 3365 1794 autem

1790 1834 2044 1899 stagnum
2074 1829 2207 1885 urbs
2243 1828 2303 1883 ﬁt
2323 1844 2486 1900 quam
2523 1830 2789 1893 incolunt,
2821 1831 2914 1901 qui
2942 1830 3210 1900 justitiam
3241 1846 3367 1886 esu-

1792 1920 1980 1988 riunt;
2049 1921 2237 1977 nullus
2295 1921 2440 1979 enim
2500 1920 2927 1977 nauseabundus
2987 1921 3369 1992 appetitusque
3424 1912 3429 1917 ’

1790 2026 2007 2082 expers,
2042 2014 2222 2082 stagni
2252 2012 2417 2082 hujus
2447 2022 2501 2068 et
2530 2014 2724 2068 barum
2766 2028 3034 2084 aquarum
3066 2014 3252 2068 accola
3285 2014 3363 2077 ﬁt,

1790 2117 1913 2158 cum
1962 2111 2198 2157 mentem
2253 2103 2557 2159 sceleribus
2603 2104 2859 2160 refertam
2898 2102 3367 2160 aﬂ'erat.¢Serunt

1790 2209 1922 2249 vero
1965 2210 2148 2265 agros.
2190 2203 2245 2249 et
2293 2196 2546 2264 plantant
2574 2195 3048 2262 vineas.»Quibus
3072 2196 3391 2250 verborum‘

1791 2284 2089 2341 involucris
2119 2286 2304 2340 divina
2326 2297 2618 2357 praecepta,
2641 2294 2697 2342 et
2726 2301 2869 2352 eam,
2907 2301 3027 2355 qum
3061 2286 3364 2341 secundum

1790 2378 2048 2431 virtutem
2091 2385 2197 2440 est,
2241 2378 2460 2433 vivendi
2516 2380 2784 2435 rationem
2840 2378 3132 2449 signiﬁcat.
3171 2377 3368 2433 Semen

1790 2465 1936 2520 enim
1968 2465 2164 2521 futurae
2200 2468 2399 2523 messis
2428 2476 2515 2524 est
2543 2479 2872 2539 praeceptum
2908 2488 2920 2523 :
2953 2469 3151 2534 virtus,
3185 2468 3367 2533 vinea,

1790 2570 1917 2624 quas
1951 2571 2047 2625 per
2077 2556 2377 2612 rationales
2413 2557 2603 2613 botros
2633 2558 2913 2628 sapientia:
2955 2558 3151 2627 poculo
3181 2556 3366 2611 vinum

1790 2645 2023 2702 aﬂ‘undit
2066 2665 2079 2701 :
2121 2648 2322 2717 quibus
2367 2649 2624 2703 omnibus
2680 2648 2817 2702 nihil
2871 2648 3018 2702 aliud
3080 2648 3372 2712 innuitur,

1790 2755 1952 2809 quam
2005 2739 2402 2794 benedictionis
2452 2739 2814 2793 abundantia.
2852 2739 2942 2792 Ait
2985 2738 3128 2793 enim
3164 2756 3177 2792 :
3215 2755 3234 2789 ι
3269 2737 3371 2793 Be-

1793 2830 2002 2884 ncdixit
2032 2829 2158 2893 Illis,
2201 2838 2255 2884 et
2288 2829 2630 2897 multiplicati
2666 2838 2794 2884 sunt
2826 2828 3006 2890 valde,
3042 2834 3097 2882 et
3122 2827 3373 2897 jumenta

1788 2937 1975 2976 eorum
2025 2937 2133 2975 non
2196 2922 2507 2974 minoravit.
2542 2940 2558 2971 ι
2596 2918 2851 2974 Jumenta
2904 2920 3141 2989 appellat
3187 2919 3374 2989 subje-

1789 3024 1934 3067 ctum
1967 3014 2163 3068 animae
2201 3014 2505 3067 motionum
2552 3012 2945 3074 ministerium,
2977 3026 3100 3067 cum
3144 3010 3376 3081 quodvis

1791 3104 2010 3157 illorum
2071 3103 2137 3157 ad
2186 3103 2448 3157 virtutem
2494 3102 2654 3157 nobis
2695 3101 2986 3156 conducat.
3033 3100 3243 3156 Bonum
3286 3100 3376 3170 ju-

1794 3202 2037 3249 mentum
2068 3203 2151 3250 est
2180 3195 2281 3258 ira,
2322 3194 2542 3265 quando
2573 3194 2773 3252 rationi
2821 3194 3181 3261 obtemperat.
3211 3191 3377 3247 Aliud

1795 3286 2039 3355 ejusdem
2098 3287 2315 3356 generis
2340 3286 2649 3356 jumentum
2705 3293 2791 3341 est
2839 3284 3148 3355 cupiditas,
3212 3283 3379 3339 dorso

1792 3377 2195 3448 quodammodo
2235 3377 2417 3432 ferens
2442 3386 2496 3432 et
2524 3376 2782 3447 bajulans
2813 3376 3077 3441 animam,
3108 3383 3162 3429 et
3203 3375 3260 3429 in
3295 3375 3379 3428 al-

1792 3477 1907 3523 tum
1952 3470 2210 3533 evehens,
2247 3468 2469 3537 quando
2500 3468 2565 3522 ad
2621 3482 2859 3538 superna
2908 3466 3135 3520 habena:
3178 3466 3379 3520 mentis

1793 3563 2124 3631 diriguntur.
2165 3561 2394 3629 Reliqua
2440 3559 2569 3613 item
2600 3559 2786 3612 omnia
2816 3558 3066 3626 jumenta
3115 3556 3380 3625 multipli-

1793 3664 1911 3707 cata
1948 3660 2077 3707 sunt
2110 3666 2139 3705 a
2178 3650 2581 3713 benedictione,
2603 3647 2826 3718 quando
2854 3648 3049 3701 horum
3084 3647 3286 3702 auxilio
3310 3646 3380 3701 ad

1794 3759 1991 3814 magna
2037 3751 2092 3797 et
2121 3743 2290 3795 ardua
2326 3741 2607 3795 enitimur.
2641 3737 2851 3794 Deinde
2903 3738 3152 3793 omnium
3188 3738 3380 3808 praedi-

1794 3841 2006 3887 ctorum
2034 3833 2249 3887 brevem
2275 3830 2566 3901 quamdam
2593 3830 2969 3900 repetitionem
3004 3828 3241 3883 instituit
3266 3829 3377 3884 illis

1794 3942 1917 3997 qua?
1949 3925 2360 3995 subsequuntur
2399 3923 2582 3978 verbis
2614 3965 2626 3977 .
2673 3922 2809 3985 Cum
2855 3921 3002 3977 enim
3040 3920 3230 3975 multis
3270 3935 3382 3975 mo-

1797 4018 1883 4073 dis
1919 4016 2303 4088 perpessiones
2347 4022 2402 4069 et
2446 4014 2769 4069 aliiictiones
2801 4011 3222 4083 descripsisset,
3249 4010 3382 4065 divi-

1797 4124 1979 4178 naque
2008 4110 2272 4165 beneﬁcia
2305 4116 2434 4163 ante
2464 4109 2660 4163 oculos
2682 4106 2983 4177 posuisset,
3016 4119 3162 4159 nunc
3207 4102 3382 4159 obiter

1799 4209 1998 4257 cuneta
2041 4216 2331 4258 resumens
2368 4201 2549 4264 iterat,
2592 4215 2715 4255 cum
2757 4201 2872 4254 ait.
2915 4217 2932 4250 ι
2964 4198 3030 4253 Ει
3060 4198 3218 4268 pauci
3252 4197 3383 4252 facti

1800 4303 1950 4352 sunt.
2000 4299 2067 4349 et)
2107 4292 2286 4349 vexati
2339 4300 2469 4346 sunt
2514 4306 2545 4346 a
2592 4291 2946 4344 tribulatione
3008 4290 3274 4342 malorum
3330 4296 3384 4341 et

1799 4385 2025 4453 dolore;
2069 4405 2088 4437 ι
2118 4385 2286 4441 verbo
2328 4382 2549 4453 quidem
2592 4381 2959 4452 ὠλιγώθησαν
3004 4379 3192 4451 (pauci
3246 4378 3380 4433 facti

1801 4478 1976 4551 sunt),
2029 4476 2352 4532 brevitatem
2395 4473 2690 4545 signiﬁcat,
2738 4481 2795 4529 et
2838 4474 2986 4527 illam
3033 4488 3156 4542 qua:
3188 4481 3273 4527 est
3314 4472 3383 4526 ab

128 4568 362 4621 ταπεινὸν
413 4568 704 4639 συστολὴν.
746 4566 820 4619 Τὸ
859 4565 969 4637 γάρ
1015 4565 1216 4633 ὀλίγον,
1249 4563 1311 4616 τὸ
1362 4561 1691 4634 βραχύτατον

1801 4566 2093 4623 altitudine
2140 4571 2194 4620 et
2245 4564 2625 4636 magnitudine
2670 4564 2723 4617 in
2781 4563 2951 4616 imum
2995 4562 3380 4631 dejectionem.

131 4659 365 4728 σημαίνει
399 4659 547 4715 κατά
578 4659 674 4731 τὴν
701 4658 929 4711 ἔννοιαν.
962 4657 1040 4727 Τῇ
1069 4656 1125 4709 δὲ
1168 4651 1409 4709 κακώσει
1436 4653 1535 4723 τὴν
1563 4651 1699 4722 πρὸς

128 4747 179 4799 τὸ
204 4752 364 4807 κακὸν
405 4752 740 4822 οἰκειότητα.
772 4750 963 4820 Θλίψιν
1007 4746 1063 4803 δὲ
1111 4748 1206 4802 καὶ
1250 4746 1460 4817 ὀδύνην,
1496 4761 1700 4799 παντα-

128 4840 211 4910 χοῦ
251 4844 310 4897 τὸ
360 4845 543 4917 πέρας
571 4844 717 4913 λέγει
750 4843 849 4913 τῆς
878 4841 985 4895 τῶν
1030 4836 1252 4909 ἀγαθῶν
1294 4837 1696 4902 ἀποπτώσεως,

126 4932 192 4997 ὡς
246 4937 303 4989 ἐν
368 4939 549 5010 ἑτέρῳ
595 4935 796 5006 ψαλμῷ
844 4934 907 4988 τὸ
954 4933 1194 4987 τοιοῦτον
1236 4930 1456 4995 διέξεισι
1503 4929 1704 4997 λέγων*

132 5039 148 5071 ι
178 5024 467 5098 Περιέσχον
524 5044 593 5096 με
626 5025 816 5088 ὠδῖνες
855 5022 1109 5093 θανάτου.
1149 5022 1397 5076 Κίνδυνοι
1438 5020 1563 5092 ᾅδου
1612 5017 1702 5072 εὖ·

129 5117 275 5184 ροσάν
316 5119 428 5191 (55)
472 5137 564 5189 με.
596 5117 786 5187 Θλίψιν
835 5117 928 5169 καὶ
978 5114 1169 5183 ὀδύνην
1208 5106 1386 5183 εὗρον.
1427 5131 1446 5164 ι
1497 5111 1701 5175 Ὠδῖνας

129 5203 342 5262 θανάτου
371 5211 468 5263 καὶ
496 5209 776 5272 κινδύνους
803 5207 927 5279 ᾅδου
956 5205 1070 5277 (56)
1090 5206 1187 5269 τὰς
1210 5204 1482 5277 ἁμαρτίας
1508 5203 1699 5271 εἰπὼν,

126 5297 305 5367 ἐπάγει
328 5302 391 5355 τὸ
416 5302 594 5372 πέρας
621 5303 699 5364 εἰς
729 5300 756 5354 ὃ
785 5299 1010 5370 τελευτᾷ
1033 5297 1132 5369 τῆς
1153 5297 1425 5369 ἁμαρτίας
1449 5300 1482 5367 ή
1515 5294 1700 5366 φύσις⁸

126 5386 249 5458 ὅπερ
298 5389 455 5443 οὐδὲν
507 5389 653 5454 ἄλλο,
676 5389 708 5458 ἦ
732 5388 911 5457 θλίψις
938 5405 995 5442 τε
1025 5386 1119 5439 καὶ
1146 5386 1301 5456 ὀδύνη
1336 5386 1481 5437 ἐστίν
1509 5402 1519 5412 ·
1559 5381 1700 5435 οὕτω

126 5472 209 5527 to}
242 5474 580 5546 Εὐαγγελίου
636 5474 722 5528 διὰ
762 5473 854 5528 τοῦ
904 5493 923 5525 ι
973 5470 1271 5542 κλαυθμοᾷ
1314 5473 1407 5523 καὶ
1457 5466 1699 5538 βρυγμοῦ

189 5610 228 5642 ³⁷
250 5610 399 5668 Psal.
437 5628 571 5677 xvn,
606 5612 674 5678 5;
712 5624 858 5673 cxw,
887 5609 939 5663 5.

193 5722 297 5791 (δι)
328 5723 554 5783 Παθῶν,
583 5723 669 5777 ed.

189 5792 298 5862 (ὅέ)
323 5794 647 5858 Πεινῶντες,
678 5792 766 5847 ed.

190 5863 297 5935 (55)
324 5866 404 5917 Τά
436 5862 585 5934 ἠνία,
622 5862 707 5918 ed.

1800 4660 1874 4714 Τὸ
1892 4656 2001 4730 γὰρ
2027 4658 2230 4728 ὀλίγον,
2264 4659 2423 4728 pauci
2464 4658 2608 4713 enim
2643 4674 2738 4712 seu
2779 4658 2999 4727 paulum
3033 4656 3255 4711 notione
3284 4670 3386 4712 sua

1799 4752 2184 4810 brevissimam
2242 4767 2453 4806 moram
2503 4753 2770 4807 insinuat.
2820 4751 3001 4807 Verbo
3040 4759 3221 4806 autem
3265 4749 3387 4805 ἐκα-

1799 4845 2078 4919 κώθησαν,
2115 4864 2134 4897 ι
2165 4844 2343 4899 vexati
2379 4852 2531 4909 sunt,
2568 4843 2729 4899 malis
2757 4842 2937 4898 aITecti
2974 4850 3124 4906 sunt,
3167 4862 3188 4895 ι
3218 4842 3388 4914 signi-

1802 4940 1928 4993 ﬁcat
1978 4937 2435 4994 consuetudinem
2482 4951 2609 4991 eum
2660 4936 2829 4999 malo,
2887 4946 2938 4990 et
2974 4950 3260 4991 accessum
3318 4933 3387 4989 ad

1800 5029 1937 5085 illud
1960 5072 1974 5084 .
2000 5029 2105 5084 Per
2134 5027 2548 5083 tribulationem
2593 5036 2649 5082 et
2684 5027 2928 5083 dolorem
2959 5026 3217 5097 intelligit
3250 5040 3386 5080 con-

1801 5130 2135 5177 summatum
2174 5118 2359 5182 ﬁnem,
2393 5120 2485 5188 qui
2519 5121 2886 5175 secessionem
2917 5134 2948 5172 a
2981 5117 3127 5172 bono
3157 5114 3388 5171 comita-
3449 5104 3457 5111 ’

1801 5224 1925 5278 tur;
1958 5213 2101 5283 quod
2132 5220 2187 5268 et
2233 5213 2286 5266 in
2321 5212 2430 5266 alio
2460 5212 2703 5275 Psalmo,
2745 5210 2923 5266 simile
2966 5208 3095 5279 quid
3132 5206 3384 5271 aﬂ'erens,

1783 5304 2031 5358 affirmat
2069 5304 2155 5358 his
2188 5302 2370 5359 verbis
2407 5321 2419 5356 :
2453 5320 2472 5354 ι
2512 5301 3013 5358 Circumdederunt
3043 5314 3129 5353 me
3169 5296 3388 5352 dolores

1802 5395 2015 5458 mortis,
2066 5395 2308 5464 pericula
2358 5393 2557 5450 inferni
2611 5395 2941 5448 invenerunt
2988 5404 3094 5444 me.
3130 5387 3385 5469 Tribula-

1802 5488 2004 5541 tionem
2052 5495 2104 5541 et
2133 5485 2376 5540 dolorem
2418 5485 2597 5539 inveni
2624 5486 2686 5544 ‘7;
2722 5503 2739 5535 ο
2780 5498 2903 5538 cum
2936 5480 3156 5536 dolores
3194 5477 3387 5533 mortis

1874 5706 1928 5771 (Si
1942 5706 1985 5765 ί)
2020 5702 2179 5774 Forte
2209 5700 2613 5774 ἐμπεριλαϐὼν.

1873 5776 1985 5833 ιῖἱῖἴ)
2016 5770 2286 5843 Εὖρησαν,
2314 5770 2399 5825 ed.
2419 5841 2430 5849 _
2706 5838 2731 5849 ἡ

1876 5847 1988 5917 (ὅθ)
2021 5841 2182 5918 ᾍδου
2224 5862 2333 5901 om.
2367 5841 2488 5909 cd.;
2526 5854 2648 5894 mox
2675 5841 2789 5910 τῆς.
