3888 6356
446 416 551 478 4⁸29
1658 416 1718 471 S.
1759 416 2022 473 GHEGUE

2127 416 2164 471 N
2176 416 2212 471 Υ
2222 416 2418 473 SSENI
3621 412 3725 465 ιω

444 549 498 586 ci
558 532 800 601 pericula
853 541 1057 599 peccati
1112 530 1394 595 nominat,
1456 530 1619 586 ﬁnem
1670 532 1909 599 indicat,
1976 531 2022 586 in

2134 530 2244 585 τῶν
2278 530 2508 585 ὀδόντων
2546 547 2565 580 ι
2613 527 2674 581 τὸ
2710 523 2843 582 αὐτὸ
2881 524 3040 579 τοῦτο
3069 516 3545 592 διασημαίνοντος.
3591 518 3725 574 Εἶτα

443 638 607 691 quon
665 629 858 676 natura
907 623 1119 692 peccati
1176 622 1403 688 desinit,
1442 625 1537 694 qui
1568 638 1679 678 non
1728 631 1814 681 est
1866 623 2022 687 alius,

2127 621 2451 696 προστίθησι
2482 620 2550 675 δι’
2581 619 2876 675 ἀκολούθου
2898 617 2981 679 τὸ,
3002 612 3141 670 «Καὶ
3170 613 3402 687 ἐξεχύθη
3425 613 3725 680 ὲξουδένω-

442 728 608 784 quam
667 714 950 771 tribulatio
987 724 1042 770 et
1076 715 1270 782 dolor;
1309 712 1445 772 illud
1478 718 1657 788 ipsum
1690 718 1747 772 in
1793 716 2022 786 Evange-

2130 731 2215 778 σις
2234 716 2322 767 ἐπ’
2344 714 2615 785 ἄρχοντας
2650 711 2786 780 (57).
2823 732 2843 766 r

443 802 519 858 lio
545 818 643 875 per
670 822 689 856 ι
727 804 913 862 ﬂetum
952 817 1008 862 et
1049 807 1342 863 stridorem
1369 807 1619 862 dentium
1655 829 1676 861 ι
1710 807 1960 862 innuitur
1987 806 2055 861 “.
2088 805 2252 861 Addit
2292 805 2491 862 deinde
2524 825 2538 860 :
2581 822 2600 857 ι
2645 803 2821 861 Ell'usa
2890 810 2977 860 est
3041 801 3346 872 despectio,
3384 819 3405 852 ι
3462 806 3518 855 et
3548 798 3717 869 quasi

428 895 755 967 annullatio,
788 919 809 953 ι
853 913 1018 968 super
1047 898 1325 968 principes
1356 914 1567 954 eorum,
1608 918 1628 951 ι

513 992 725 1059 Quibus
754 989 934 1054 docet,
961 991 1110 1061 quod
1147 1006 1272 1047 esse
1305 992 1361 1045 in
1405 1006 1494 1056 eo,
1530 993 1678 1062 quod
1743 1000 1847 1056 est,
1902 1006 2033 1047 vere

442 1080 516 1132 sit
548 1093 693 1133 csse.
723 1077 882 1144 Quod
919 1078 964 1134 si
992 1081 1117 1148 quis
1167 1081 1238 1134 ab
1279 1094 1405 1136 esse
1435 1081 1675 1148 excidit,
1718 1081 1767 1136 is
1799 1096 1910 1136 non
1945 1087 2022 1137 est

2127 1080 2348 1151 ἀληθῶς
2382 1082 2530 1133 ἐστιν
2567 1076 2728 1135 εἶναι.
2766 1076 2905 1135 Είδέ
2920 1097 3006 1144 τις
3024 1077 3118 1132 τοῦ
3152 1077 3303 1140 ὄντος
3333 1076 3725 1139 ἐκπέπτωκεν,

441 1170 496 1223 in
525 1183 669 1246 esse.
722 1167 860 1224 Esse
909 1170 1058 1225 cnim
1103 1171 1159 1225 in
1212 1182 1460 1242 peccato,
1502 1188 1615 1228 non
1673 1181 1761 1229 est
1808 1174 2022 1245 proprie

2132 1173 2255 1227 οὐδὲ
2284 1175 2342 1226 ἐν
2364 1171 2443 1243 τῷ
2490 1167 2631 1226 εἶναι
2682 1173 2827 1226 ἐστι.
2854 1169 2928 1225 T6
2966 1171 3074 1243 γὰρ
3106 1171 3165 1225 ἐν
3220 1168 3390 1240 κακίᾳ
3422 1162 3585 1236 εῖναι,
3617 1169 3725 1222 οὐκ

438 1274 589 1328 esse,
626 1261 759 1332 quia
789 1261 1025 1331 ipsamet
1055 1262 1110 1317 in
1142 1278 1225 1328 se,
1257 1272 1315 1320 et
1354 1268 1661 1321 secundum
1709 1280 1772 1321 se
1818 1266 2022 1320 malitia

2132 1264 2246 1319 ἐστι
2293 1265 2500 1336 κυρίως
2536 1262 2697 1320 εἶναι.
2737 1264 2881 1318 Διότι
2926 1262 3065 1335 αὑτὴ
3099 1261 3219 1317 καθ’
3250 1261 3447 1334 ἑαυτὴν
3479 1264 3513 1333 ἠ
3542 1260 3725 1315 κακία.

441 1368 553 1407 non
584 1363 692 1417 est,
719 1367 844 1407 cum
864 1353 1075 1408 malitia
1106 1355 1179 1410 sit
1206 1355 1464 1425 privatio,
1516 1365 1575 1413 et
1612 1372 1723 1412 non
1753 1359 2022 1413 exsisten-

2131 1358 2232 1411 οὐκ
2256 1356 2424 1421 ἔστιν,
2455 1356 2568 1411 ἀλλ’
2598 1360 2632 1429 ἠ
2673 1356 2765 1410 τοῦ
2801 1355 2967 1410 καλοῦ
2998 1355 3323 1425 ἀνυπαρξία,
3355 1355 3522 1408 κακία
3557 1354 3723 1423 γίνε-

439 1447 515 1499 tia
567 1445 718 1500 boni.
774 1443 1254 1512 Quemadmodum
1314 1448 1482 1519 igitur
1519 1448 1632 1515 ille,
1689 1450 1782 1518 qui
1835 1457 1919 1503 est
1969 1450 2022 1502 in

2127 1464 2239 1504 ται.
2276 1448 2491 1519 Ὥσπερ
2518 1442 2614 1502 οὖν
2643 1450 2672 1501 6
2699 1449 2757 1500 ἐν
2783 1446 2861 1518 τῷ
2887 1448 3000 1501 ὄντι
3031 1446 3107 1500 ὣν
3151 1447 3210 1499 ἐν
3242 1444 3321 1515 τῷ
3360 1439 3500 1498 εἶναι
3537 1446 3723 1507 ἐστιν,

2209 990 2460 1044 Διδάσκει
2483 988 2539 1043 δὲ
2558 988 2649 1043 διὰ
2674 989 2900 1052 τούτων,
2921 988 3003 1042 ὅτι
3021 986 3082 1041 τὸ
3104 960 3205 1058 μὲν
3232 986 3291 1039 ἐν
3316 984 3395 1056 τῷ
3409 982 3523 1039 ὄντι
3547 979 3718 1048 εἶναι,

439 1552 506 1591 eo
540 1538 634 1607 qui
669 1547 772 1605 est,
814 1538 870 1592 in
901 1553 1024 1594 esse
1054 1546 1170 1595 est:
1222 1540 1303 1595 sic
1330 1541 1424 1610 qui
1458 1540 1515 1595 in
1560 1540 1736 1594 nihilo
1775 1546 1861 1595 est
1894 1541 2026 1607 (tale

438 1639 571 1685 Vero
596 1639 681 1685 est
704 1629 958 1701 malitia),
987 1634 1033 1687 is
1066 1631 1254 1687 itidem
1291 1633 1432 1687 nihil
1464 1631 1545 1698 lit,
1566 1641 1622 1689 et
1649 1634 2020 1697 annihilatur,

440 1731 499 1775 ιιι
534 1721 833 1791 in‘psalmo
864 1722 971 1777 isto
1001 1721 1229 1778 dicitur.
1265 1719 1364 1778 Est
1407 1731 1589 1779 autem
1638 1724 1809 1795 hujus
1860 1739 2025 1780 voca-

2129 1538 2303 1603 οὖτως
2337 1542 2366 1595 6
2412 1543 2470 1594 ἐν
2519 1539 2597 1611 τῷ
2625 1539 2799 1594 οὐδενὶ
2851 1539 3141 1610 γενόμενος
3173 1537 3350 1608 (τοῦτο
3390 1536 3447 1590 δέ
3482 1538 3636 1590 ἐστιν
3684 1539 3721 1608 ἡ

2127 1630 2318 1703 κακία)
2363 1632 2748 1698 ἐξουδένωται,
2774 1630 2957 1694 καθὼς
2995 1630 3249 1702 ὀνομάζει
3287 1633 3316 1685 ό
3344 1630 3520 1699 λόγος.
3557 1631 3631 1684 Ἡ
3661 1631 3725 1683 δέ

2127 1721 2365 1797 τοιαύτη
2380 1721 2473 1776 τοῦ
2503 1721 2662 1791 λόγου
2683 1722 2900 1796 χρῆσις,
2929 1719 3216 1795 τέτριπται
3244 1740 3362 1786 πως
3390 1726 3447 1777 ἐν
3476 1725 3541 1794 τῇ
3572 1740 3717 1776 συν-

440 1813 557 1867 buli
582 1813 754 1881 notio,
805 1815 972 1869 etiam
1004 1817 1289 1871 communi
1321 1816 1670 1887 loquentium
1721 1810 2022 1876 consuetu-

2127 1810 2286 1882 ηθείᾳ.
2312 1810 2423 1866 τῶν
2476 1812 2852 1885 κεχρημένων.
2888 1814 2975 1878 Ὧς
3026 1815 3126 1884 τὴν
3174 1813 3380 1887 τροφὴν
3429 1815 3489 1867 ἐν
3541 1815 3722 1887 σαρκὶ

418 1904 568 1959 "dine
623 1905 775 1961 trita.
832 1904 1081 1963 Dicimus
1133 1908 1280 1962 enim
1329 1908 1517 1963 cibum
1570 1909 1626 1963 in
1669 1923 1837 1971 carne
1869 1924 2025 1965 rece-

439 2004 612 2065 ptum,
645 2011 867 2053 carnem
903 1997 1044 2065 ﬁeri,
1086 2005 1143 2054 et
1166 1998 1357 2055 vinum
1382 2014 1541 2070 aqua:
1578 1999 1850 2065 infusum,
1903 2000 2017 2055 ﬁeri

436 2104 634 2158 nquam
659 2132 675 2157 ,
708 2089 1030 2162 ferrumque
1063 2092 1120 2148 in
1169 2091 1299 2165 igne
1354 2092 1672 2165 ignescere;
1729 2093 1810 2149 sic
1843 2103 1901 2148 et
1953 2094 2022 2160 is,

434 2182 530 2252 qui
566 2182 637 2237 ab
668 2198 738 2238 eo
776 2185 924 2255 quod
951 2195 1057 2250 est,
1107 2186 1315 2243 excidit
1371 2196 1427 2243 ct
1471 2187 1540 2242 ad
1575 2186 1716 2242 nihil
1758 2185 2022 2252 deﬂectit,

436 2273 493 2328 in
542 2275 779 2329 nihilum
824 2292 1048 2348 quoque
1089 2280 1345 2333 converti
1416 2287 1566 2334 recte
1611 2278 1836 2334 dicitur.
1880 2277 2027 2349 Ergo

435 2365 719 2421 annulatio
741 2376 826 2422 est
861 2384 970 2423 non
992 2369 1317 2426 exsistentia
1346 2369 1402 2424 in
1428 2370 1596 2432 bono,
1644 2384 1768 2440 quae
1803 2368 1874 2424 ad
1908 2370 2024 2439 pri-

437 2470 556 2511 mos
582 2463 837 2513 auctores
860 2459 1244 2523 malitiaerhoc
1262 2466 1371 2523 est,
1414 2458 1483 2513 ad
1510 2461 1718 2528 primos
1770 2459 2024 2514 homines

435 2560 561 2601 cum
592 2546 848 2615 venisset,
872 2549 1038 2604 etiam
1080 2551 1147 2605 ad
1192 2558 1541 2620 posterorum
1578 2551 2021 2613 successionem,

436 2636 609 2692 instar
684 2640 980 2709 perniciosi
1017 2642 1309 2712 cujusdam
1385 2638 1630 2699 ﬂuminis
1702 2642 1875 2699 ell‘usa
1916 2651 2020 2698 est.

433 2727 729 2800 Postquam
781 2732 943 2805 igitur
978 2745 1173 2790 natura
1231 2734 1553 2805 hujusmodi
1614 2750 1844 2790 munere
1884 2734 2019 2789 orba

434 2823 560 2886 fuit,
590 2822 703 2876 vita
729 2822 976 2893 inquam,
1032 2827 1306 2898 homoque
1355 2843 1385 2882 a
1442 2835 1687 2897 raptore,
1745 2828 1840 2898 qui
1886 2826 2023 2883 divi.

432 2926 561 2966 num
595 2913 1033 2972 benedictionem
1079 2918 1375 2988 surripuit,
1417 2918 1483 2973 ad
1514 2926 1897 2989 paupertatem
1940 2933 2024 2973 τοι

432 3004 631 3060 dactus
654 3014 773 3072 est;
813 3008 1099 3079 subjungit
1128 3024 1141 3064 :
1175 3029 1193 3061 ι
1226 3009 1451 3079 Adiuvit
1474 3025 1770 3080 pauperem
1802 3010 1873 3064 de
1899 3011 2021 3065 ino-

2126 1905 2425 1976 γενομένην
2452 1944 2468 1970 ,
2500 1904 2945 1976 ἁποσαρκοῦσθαι
2997 1906 3225 1977 λέγομεν
3246 1946 3261 1972 ,
3302 1906 3398 1962 καὶ⁹
3438 1906 3528 1962 τὸν
3563 1903 3721 1961 οἶνον

2126 1996 2417 2068 ἐκχεθέντα
2453 1997 2530 2068 τῷ
2566 1997 2720 2051 ὕδατι
2764 1996 3152 2069 ἐξυδαροῦσθαι
3174 2015 3189 2029 θ
3216 1997 3313 2053 καὶ
3352 2001 3409 2053 ἐν
3451 1999 3529 2069 τῷ
3563 2002 3719 2070 πυρὶ

2128 2089 2221 2144 τὸν
2244 2090 2459 2162 σίδηρον
2495 2088 2867 2161 ἐκπυροῦσθαι
2899 2106 3081 2161 φαμεν
3119 2104 3134 2119 ⁸
3163 2088 3307 2144 οὕτω
3334 2091 3429 2145 καὶ
3468 2089 3558 2145 τὸν
3589 2092 3717 2164 (58)

2128 2181 2222 2235 τοῦ
2252 2182 2405 2246 ὄντος
2445 2183 2780 2247 ἐκπεσόντα,
2808 2183 2867 2237 ἐν
2895 2182 2976 2253 τῷ
3018 2182 3195 2237 οὐδενὶ
3238 2183 3523 2254 γενόμενον
3551 2184 3717 2251 ἐξου-

2125 2272 2433 2329 δενοῦσθαι·
2459 2273 2653 2328 οὐκοῦν
2681 2276 2714 2346 ἡ
2742 2274 3090 2343 ἐξουδένωσις
3127 2276 3160 2347 ἡ
3197 2276 3254 2328 ἐν
3291 2274 3369 2346 τῷ
3395 2274 3580 2346 ἀγαθῷ
3611 2278 3717 2330 ἀν-

2125 2365 2366 2436 υπαρξία
2391 2365 2568 2427 ἐστίν..
2590 2365 2737 2439 Αὕτη
2768 2366 2823 2421 δὲ
2860 2368 2953 2419 ἐπὶ
2998 2367 3127 2430 τοὺς
3158 2367 3429 2439 ἄρξαντας
3463 2366 3563 2438 τῆς
3607 2380 3718 2422 κα-

2126 2455 2252 2521 κίας
2275 2499 2289 2524 ,
2320 2457 2621 2524 τουτέστιν,
2654 2460 2746 2511 ἐπὶ
2778 2460 2904 2522 τοὺς
2956 2456 3207 2530 πρώτους
3251 2458 3571 2531 ἀνθρώπους
3607 2460 3709 2513 ἐλ-

2127 2546 2314 2615 θοῦσα,
2353 2549 2606 2622 καθάπερ
2641 2567 2695 2603 τι
2725 2550 2902 2622 ῥεῦμα
2942 2551 3196 2624 πονηρὸν,
3222 2553 3318 2605 καὶ
3352 2552 3445 2604 ἐπὶ
3467 2552 3564 2623 τὴν
3594 2552 3717 2607 τῶν

2126 2640 2519 2713 ἐπιγινομένων
2546 2643 2796 2714 διαδοχὴν
2829 2642 3073 2714 aequm.
3117 2638 3271 2697 Ἐπεὶ
3306 2639 3400 2697 οὖν
3426 2643 3715 2713 ἐπτώχευ-

2126 2745 2217 2787 σεν
2243 2732 2275 2803 ἡ
2305 2731 2466 2801 φύσις
2509 2716 2603 2786 τοῦ
2638 2732 2880 2786 τοιούτου
2921 2734 3217 2806 κτήματος,
3238 2734 3337 2804 τῆς
3369 2734 3513 2805 ζωῆς
3540 2732 3712 2802 λέγω,

2125 2825 2221 2877 καὶ
2247 2822 2419 2895 πένης
2445 2827 2475 2877 ό
2504 2824 2787 2896 ἄνθρωπος
2819 2826 2924 2879 ὑπὸ
2943 2825 3037 2879 τοῦ
3077 2826 3311 2880 κλέπτου
3356 2826 3589 2894 ἐγένετο,
3607 2826 3713 2898 τὴν

2126 2910 2276 2969 θείαν
2304 2914 2554 2986 συληθεὶς
2581 2916 2852 2986 εὐλογίαν,
2883 2916 2973 2972 διὰ
2995 2917 3152 2972 τοῦτό
3177 2936 3362 2989 φησιν,
3391 2919 3472 2972 ὅτι
3496 2937 3516 2969 ι
3542 2918 3712 2990 ἐϐοή-

2125 3004 2260 3077 θησε
2291 3007 2484 3078 πένητι
2522 3010 2587 3062 ἐκ
2614 3009 2905 3080 πτωχείας.
2934 3029 2952 3062 ι
2986 3011 3064 3082 Τῇ
3093 3010 3202 3084 γὰρ
3229 3011 3436 3065 ἐκείνου
3464 3011 3714 3082 πτωχείᾳ

433 3098 543 3168 pia.
572 3118 592 3150 ι
636 3097 814 3168 Ipsius
851 3101 996 3155 enim
1042 3110 1288 3172 egestate
1318 3118 1422 3159 nos
1473 3102 1636 3156 dilati
1682 3118 1896 3158 sumus.
1947 3103 2015 3158 Et

2127 3098 2153 3168 ἡ
2165 3100 2284 3169 μείς
2312 3098 2740 3171 ἐπλουτήσαμεν.
2760 3101 2871 3155 Καὶ
2897 3100 3048 3155 ἔθετο
3076 3102 3270 3166 αὐτοὺς
3286 3104 3314 3156 6
3331 3101 3533 3171 ποιμὴν
3553 3101 3582 3153 6
3602 3118 3712 3154 κα,-

435 3188 623 3255 posuit
658 3167 782 3244 illos
823 3189 1001 3245 bonus
1032 3167 1241 3260 pastor,
1299 3191 1426 3246 loco
1480 3192 1787 3255 brutormn,
1845 3208 2020 3249 «oves

2127 3167 2213 3253 λος
2233 3167 2584 3261 ἀντὶθηρίω-ν,
2596 3167 2873 3261 (πρόϐατα
2890 3191 3142 3261 πατριᾶς·
3158 3185 3420 3258 »πατριὰν
3430 3167 3712 3260 όὲνόνομά-

437 3279 678 3334 l'nmiliaa.
711 3299 730 3333 ι
777 3278 1063 3337 Familiam
1088 3285 1339 3338 nominat
1378 3290 1584 3339 emtum
1638 3291 1694 3340 et
1739 3280 2023 3340 collectio-

434 3388 563 3427 nem
590 3375 868 3430 rationum
900 3376 969 3432 ad
995 3377 1244 3432 divinum
1277 3392 1481 3432 numen
1498 3377 1857 3434 obtinendum
1888 3392 2024 3433 con-

434 3462 793 3529 ducentium;
842 3467 1306 3535 quemadmodum
1368 3476 1426 3523 et
1485 3468 1686 3523 Paulus
1733 3476 2019 3524 testatur:

439 3574 458 3607 ι
493 3555 570 3609 Ex
598 3571 708 3625 quo
737 3558 920 3613 omnis
956 3557 1163 3614 familia
1198 3568 1254 3616 et
1284 3560 1337 3615 in
1370 3561 1535 3627 caelo,
1568 3569 1623 3616 et
1655 3564 1710 3616 in
1743 3570 2021 3631 terrano-

434 3649 767 3703 minatur".
808 3668 827 3702 ι
887 3650 1052 3707 Addit
1104 3660 1292 3722 postea
1324 3669 1343 3708 :
1379 3670 1398 3704 ι
1428 3652 1704 3710 Videbunt
1763 3656 1903 3711 recti
1963 3665 2020 3711 et

432 3741 723 3804 timebunt,
746 3761 770 3795 ι
804 3758 914 3814 quo
937 3745 1231 3816 signiﬁcat,
1269 3745 1507 3816 justum,
1550 3747 1680 3802 dum
1726 3749 1919 3804 oculos
1954 3747 2023 3803 ad

431 3842 642 3889 tantam
672 3835 763 3891 Dei
792 3837 1187 3907 benignitatem
1214 3841 1517 3905 convertit,
1562 3848 1812 3897 metuere
1843 3860 1857 3898 :
1891 3856 2018 3896 nam

429 3927 809 3983 custodiendis
852 3929 1012 3982 bonis
1064 3945 1175 3985 non
1227 3930 1506 3986 modicum
1563 3935 1879 4000 praesidium
1936 3942 2022 3990 est

430 4015 619 4077 timor,
660 4017 755 4084 qui
803 4020 1202 4085 praeteritorum
1248 4022 1628 4076 recordatione
1667 4023 1735 4077 ad
1789 4032 2021 4080 eventus

433 4100 654 4157 futuros
691 4103 1031 4160 moderatum
1060 4107 1225 4162 eﬂicit
1264 4124 1414 4174 eum,
1446 4124 1610 4179 quem
1642 4126 1808 4181 prava
1837 4112 2020 4182 aliqua

430 4193 651 4250 ali'ectio
707 4197 989 4264 concitat;
1045 4199 1141 4271 qui
1198 4200 1431 4271 proinde
1481 4200 1612 4256 dum
1679 4202 2018 4269 dominatur,

430 4300 762 4358 omnemque
812 4289 1089 4346 laxitatea
1120 4292 1282 4349 nobis
1331 4293 1396 4348 ad
1438 4304 1723 4365 peccatum
1761 4295 2019 4351 introdu-

429 4386 573 4433 ctam
606 4379 928 4437 facilitatem
956 4385 1291 4439 exterminat
1314 4429 1328 4452 ,
1384 4404 1405 4439 ι
1432 4403 1558 4445 mox
1589 4387 1780 4443 omnis
1810 4387 2019 4459 iniqui-

2124 3278 2228 3345 ζει,
2249 3280 2311 3333 τὸ
2334 3278 2503 3351 σῦστη
2513 3298 2589 3350 μα
2607 3280 2716 3334 τῶν
2740 3282 2819 3345 είς
2843 3281 2932 3335 τὸν
2949 3283 3089 3337 θεῖον
3122 3282 3419 3351 κατάλογον
3447 3280 3560 3352 (59)
3581 3297 3712 3333 συν-

2122 3370 2437 3426 τελούντων.
2456 3370 2650 3433 Ὠςκα“ι
2663 3372 2693 3424 ό
2715 3369 3039 3432 Ἀπόστολος
3062 3370 3382 3442 (60)λέγει·ι
3411 3372 3501 3439 Ἐξ
3522 3365 3583 3426 οὗ
3599 3371 3711 3426 πᾶ-

2127 3474 2194 3512 σα
2212 3455 2417 3528 πατριὰ
2438 3457 2495 3509 ἐν
2524 3456 2759 3529 οὐρανῷ,
2782 3459 2877 3513 καὶ
2905 3459 2998 3513 ἐπὶ
3022 3460 3125 3532 γῆς
3145 3454 3494 3530 ὀνομάζεται.
3531 3481 3549 3513 ι
3577 3458 3710 3515 Εἶτα

2124 3547 2320 3616 ἐπάγει
2348 3564 2362 3578 ·
2405 3549 2487 3602 ὅτι
2530 3566 2549 3600 ι
2596 3548 2823 3620 ὅψονται
2854 3550 3051 3617 εὑθεῖς,
3092 3553 3188 3605 καὶ
3226 3552 3648 3623 φοϐηθήσονται.
3684 3570 3706 3604 ν

2123 3641 2402 3695 Διδάσκων
2433 3641 2523 3694 διὰ
2540 3641 2651 3696 τῶν
2681 3641 2987 3713 εἰρημένων
3008 3643 3089 3696 ὅτι
3118 3643 3255 3714 πρὸς
3277 3644 3375 3716 τὴν
3405 3643 3712 3716 φιλανθρω-

2125 3732 2257 3785 πίαν
2289 3732 2492 3802 ταύτην
2522 3731 2733 3803 βλέπων
2774 3735 2803 3786 6
2848 3735 3009 3798 εὐθὺς
3043 3735 3334 3804 φοϐείσθω.
3372 3736 3446 3790 Οὐ
3476 3736 3589 3806 γὰρ
3618 3754 3708 3807 μι-

2125 3825 2256 3895 κρὸν
2284 3825 2392 3879 τῶν
2444 3824 2665 3894 ἀγαθῶν
2710 3824 3079 3899 φυλακτήριον
3109 3829 3138 3881 ὁ
3165 3826 3332 3897 φόϐος
3369 3827 3600 3898 γίνεται,
3639 3828 3706 3899 τῇ

2128 3919 2318 3989 μνήμῃ
2346 3918 2454 3972 τῶν
2494 3920 2905 3990 προγεγονότων
2943 3920 3081 3991 πρὸς
3122 3921 3186 3974 τὸ
3212 3919 3412 3991 ἐφεξῆς
3441 3919 3713 3989 σωφρονί-

2125 4008 2233 4072 ζων
2280 4009 2370 4061 τὸν
2417 4009 2476 4063 ἐν
2516 4010 2681 4064 πάθει
2723 4010 3032 4081 γενόμενον.
3084 4006 3159 4066 υἷι
3212 4011 3708 4082 κατακρατοῦντος,

2124 4099 2221 4151 καὶ
2259 4100 2440 4152 πᾶσαν
2476 4099 2576 4170 τὴν
2609 4099 2696 4154 διὰ
2734 4100 3062 4171 χαυνότητος
3090 4100 3227 4172 πρὸς
3259 4101 3318 4154 τὸ
3357 4101 3526 4156 κακὸν
3558 4116 3709 4170 γινο-

2127 4187 2294 4259 μένην
2327 4174 2578 4243 εὐκολίαν
2609 4189 2768 4261 ἡμῶν
2797 4190 3152 4262 ὲξορίζοντος,
3191 4210 3210 4239 ε
3241 4192 3413 4255 πᾶσα,
3443 4209 3462 4242 ι
3506 4192 3708 4262 φησὶν,

2130 4299 2149 4331 ι
2183 4279 2382 4350 ἀνομία
2411 4281 2680 4352 ἐμφράξει
2707 4283 2768 4337 τὸ
2793 4283 2969 4354 στόμα
2998 4284 3185 4356 αὐτῆς.
3224 4302 3243 4336 ι
3273 4285 3362 4350 Ὠς
3388 4285 3659 4357 μακάριος
3683 4287 3713 4339 ό

2127 4372 2241 4443 βίος
2272 4374 2500 4437 ἐκεῖνος,
2541 4377 2600 4429 ἐν
2631 4368 2677 4444 ᾧ
2718 4375 2780 4429 τὸ
2820 4376 2920 4448 τῆς
2951 4376 3184 4448 ἀνομίας
3224 4378 3418 4449 στόμα,
3456 4377 3712 4449 καθάπερ

433 4480 537 4535 tas,
562 4489 583 4523 ι
612 4471 811 4542 inquit,
880 4476 1193 4546 «oppilabit
1226 4493 1292 4532 os
1335 4494 1518 4534 suum.
1559 4498 1577 4532 ι
1639 4478 1812 4545 Quam
1858 4481 2020 4537 beata

2127 4482 2211 4527 τις
2254 4463 2516 4536 βορὸόρου
2565 4466 2717 4538 πηγὴ
2755 4467 2891 4538 (61),
2929 4470 3009 4532 είς
3053 4468 3115 4523 τὸ
3146 4469 3392 4540 διηνεκὲς
3424 4470 3711 4541 ἐμφραγῆ-

431 4560 526 4616 illa
556 4562 686 4629 vita,
726 4564 779 4618 in
810 4580 921 4634 qua
958 4566 1270 4637 iniquitatis
1303 4585 1387 4635 os,
1426 4572 1588 4642 quasi
1625 4573 1830 4645 aliquis
1868 4575 2019 4630 caeni

2127 4572 2299 4621 σεται,
2335 4556 2520 4610 οὐκέτι
2564 4559 2631 4627 τῇ
2690 4558 2926 4631 δυσωδίᾳ
2969 4559 3063 4614 τὸν
3114 4560 3226 4645 τῷν
3255 4558 3557 4633 ἀνθρώπων
3592 4561 3709 4632 βίον

392 4654 399 4660 ’
432 4653 581 4720 tons,
623 4655 679 4709 in
716 4668 1041 4728 perpetuum
1074 4663 1420 4729 obstruetur,
1460 4681 1571 4721 non
1607 4668 1849 4737 amplius
1870 4675 2018 4724 tetro

432 4745 536 4801 hoc
565 4746 735 4803 odore
777 4750 944 4804 vitam
991 4752 1283 4809 humanam
1336 4759 1744 4816 contaminatis.
1795 4760 1898 4817 Hic
1938 4772 2024 4818 est

428 4838 708 4893 bonorum
757 4843 1005 4898 omnium
1060 4854 1270 4910 vertex,
1330 4856 1387 4903 et
1433 4850 1617 4905 omnis
1665 4852 1779 4922 spei
1832 4859 2020 4923 caput,

432 4929 562 4986 linis
600 4931 773 4988 totius
800 4933 1187 5000 beatitudinis,
1243 4940 1508 4995 nimirum
1554 4948 1615 4997 ut
1658 4952 1856 4999 natura
1907 4960 2026 5000 am-

432 5020 579 5090 plius
619 5038 732 5077 non
772 5024 1026 5080 turbetur
1053 5042 1083 5082 a
1120 5028 1350 5095 malitia,
1394 5033 1489 5087 sed
1523 5035 1785 5090 utemnis
1820 5035 2026 5115 iniqui-

428 5121 518 5170 tas
548 5115 739 5185 procul
772 5116 1097 5187 ahlegetur;
1137 5136 1261 5191 qua:
1295 5123 1443 5178 haud
1476 5126 1581 5179 alia
1622 5125 1812 5186 fuerit,
1855 5142 2022 5199 quam

430 5205 551 5273 ipse
605 5206 921 5277 iniquitatis
978 5221 1253 5283 repertor.
1305 5214 1420 5271 Hoc
1475 5219 1620 5272 enim
1671 5219 2023 5275 collectivum

431 5292 566 5350 illud
597 5296 949 5364 vocabulum,
983 5303 1178 5370 omnis,
1224 5304 1539 5376 signiﬁcat;
1583 5309 1907 5367 obstruetur
1942 5312 2026 5367 vi-

505 5429 549 5461 “
572 5428 765 5488 Matth.
788 5450 910 5501 vm,
950 5437 1037 5492 12.
1119 5440 1162 5471 ¹⁹
1190 5438 1389 5512 Ephes.
1424 5458 1507 5509 tn,
1542 5442 1628 5501 15.

503 5562 615 5629 (57)
643 5566 832 5621 Αὐτῶν
863 5568 987 5624 add.
1015 5572 1102 5626 ed.

648 5636 773 5710 Ὲκι
792 5638 880 5693 ed'

415 5751 419 5757 ,
651 5705 724 5783 Ib
836 5711 983 5783 κατᾲ
1010 5710 1206 5783 λόγων,
1241 5716 1328 5773 ed.

511 5770 623 5834 (60)
654 5773 886 5842 Παῦλος,
918 5780 1007 5835 cd.

2124 4648 2515 4717 καταμολύνων
2537 4648 2670 4718 (62).
2688 4649 2838 4722 Αὕτη
2862 4651 3008 4706 ἐστὶν
3035 4653 3068 4723 ἡ
3091 4639 3199 4706 τῶν
3226 4652 3448 4723 ἀγαθῶν
3468 4653 3707 4724 κορυφὴ,

2122 4740 2185 4794 τὸ
2216 4741 2327 4794 τῶν
2360 4740 2591 4797 ἐλπίδων
2622 4743 2948 4812 κεφάλαιον,
2977 4743 3040 4798 τὸ
3083 4744 3258 4817 πέρας
3302 4744 3482 4817 πάσης
3531 4761 3711 4816 μακα-

2125 4834 2394 4905 ριότητος,
2430 4833 2492 4887 τὸ
2518 4834 2715 4906 μηκέτι
2742 4834 3065 4905 διοχλεῖσθαι
3089 4835 3197 4889 ὑπὸ
3242 4837 3441 4900 κακίας
3469 4836 3568 4907 τὴν
3603 4835 3708 4907 φύ-

2127 4939 2246 4977 σιν’
2290 4924 2428 4980 ἀλλὰ
2455 4924 2556 4997 τὴν
2601 4927 2782 4979 πᾶσαν
2833 4926 3062 4997 ἀνομίαν
3098 4926 3377 4999 (θὸναῦτη
3412 4927 3457 4981 δ’
3506 4926 3575 4983 ἂν
3623 4928 3707 4999 εἴη

2124 5018 2153 5069 ό
2191 5016 2420 5089 εὑρετὴς
2470 5017 2570 5088 τῆς
2622 5018 2876 5089 ἀνομίας.
2907 5016 3079 5073 Τοῦτο
3112 5017 3222 5091 γὰρ
3263 5020 3296 5090 ἡ
3340 5017 3711 5090 περιληπτικὴ

2125 5107 2471 5179 διασημαίνει
2506 5107 2681 5181 φωνὴ,
2716 5108 2996 5182 ἐμφράξαι
3022 5107 3087 5164 τὸ
3112 5108 3288 5180 στόμα
3337 5110 3538 5173 ἐκεῖνο,
3579 5103 3643 5164 οὗ
3676 5110 3709 5179 ἡ

2126 5199 2280 5270 φωνὴ
2336 5200 2398 5254 τὸ
2453 5201 2734 5272 καταρχὰς,
2800 5201 3032 5256 θανάτου
3087 5202 3186 5275 ὕλη
3245 5205 3360 5268 τοῖς
3403 5200 3712 5275 ἀνθρώποις

2125 5294 2362 5360 ἐγένετο.
2407 5293 2579 5350 Ὅταν
2608 5289 2700 5349 οὖν
2734 5293 3041 5367 ἐξαιρεθείη
3074 5297 3184 5350 πᾶν
3210 5293 3367 5367 τδτῷ
3405 5294 3517 5366 (64)
3560 5290 3707 5364 καλῷ

2220 5581 2311 5655 (il)
2341 5581 2568 5648 Quidam
2598 5584 2759 5655 τομή.

2220 5653 2312 5726 eg)
2340 5653 2752 5726 iga-capoiidvov,
2783 5656 2846 5711 ed
2858 5696 2872 5710 .

2144 5774 2157 5779 -
2344 5723 2810 5806 Ἐμφράξαιβᾶᾱ.
2841 5727 2930 5783 ed.

2200 5793 2313 5865 (66)
2344 5793 2435 5866 Τῴ
2464 5793 2574 5851 om.
2609 5798 2693 5851 ed.
