3888 6362
168 384 268 439 {Si

1590 387 1654 445 IN
1692 385 2021 444 PSALMOS.

166 497 579 566 ἀντικείμενον,
607 499 786 572 ἐκείνη
811 500 1081 568 ἐκδέξεται
1111 503 1257 573 ἡμᾶς
1277 504 1309 575 ή
1328 501 1677 568 κατάστασις,
1697 496 1766 573 ἧς

1874 499 2067 563 delicat
2100 512 2163 554 os
2188 497 2363 565 illius,
2400 498 2560 569 cujus
2620 513 2724 554 vox
2760 498 2920 555 initio
2972 500 3294 560 hominibus
3327 519 3446 561 mil-

169 591 350 655 λύδεὶς
406 589 564 660 λόγος
600 591 843 664 μηνυτὴς
892 592 1278 665 εὑρεθήσεται,
1318 594 1353 664 ἦ
1393 610 1480 657 τις
1512 591 1652 664 ὑπὲρ
1687 591 1763 644 αί-

165 679 372 751 σθησιν
420 697 481 734 τε
523 681 617 735 καὶ
664 681 864 749 γνῶσιν
896 677 1036 736 εἶναι
1075 682 1227 754 παρὰ
1254 682 1354 754 τῆς
1393 682 1544 745 θείας
1579 678 1764 751 φωνῆς

170 786 239 839 με
248 787 329 840 μα
338 769 626 842 ρτύρηται.
641 770 862 834 Τούτοις
874 771 1068 840 ὲπάγει
1085 770 1337 843 καθάπερ
1355 772 1478 826 τινὰ
1496 771 1763 842 σφραγῖδα

173 863 276 927 τὰς
325 863 423 917 ἐπὶ.
453 863 598 917 τέλει
625 862 806 932 φωνὰς
836 863 1172 932 λέγωνοιΤίς
1196 864 1379 933 σοφὸς,
1406 865 1502 919 καὶ
1541 863 1763 934 φυλάξει

166 954 356 1007 ταῦτα
381 972 394 985 ’
427 954 521 1007 καὶ
563 955 852 1025 συνήσουσι
893 954 960 1009 τὰ
995 953 1118 1025 ὲλέη
1168 953 1261 1009 τοῦ
1277 953 1522 1025 Κυρίου;
1548 953 1764 1027 »ἐπειδὴ

170 1044 290 1117 γὰρ
322 1045 487 1111 διπλῆ
525 1047 559 1117 ἡ
596 1045 694 1116 τῆς
740 1044 929 1115 σοφίας
963 1045 1244 1117 ἐνέργεια,
1272 1046 1367 1100 καὶ
1392 1047 1426 1117 ή
1477 1045 1578 1116 μέν
1617 1048 1765 1101 ἐστιν

171 1136 509 1207 ὲρευνητική
545 1154 604 1189 τε
655 1136 753 1190 καὶ
812 1135 1079 1206 ζητητικὴ
1122 1134 1234 1189 τῶν
1287 1136 1763 1208 συμφερόντων,ή

170 1226 232 1280 δὲ
272 1226 581 1298 φυλακτικὴ
635 1228 744 1297 τῶν
794 1226 1155 1299 εὑρεθέντων·
1195 1226 1261 1279 τὸ
1309 1226 1367 1279 ἓν
1423 1227 1524 1297 τῆς
1573 1227 1765 1296 σοφίας

172 1317 366 1389 ἔργον,
394 1318 454 1372 τὸ
476 1316 765 1389 ζητητικόν
792 1316 955 1386 λέγω,
980 1316 1292 1371 πεπαῦσθαι
1313 1317 1616 1388 τηνικαῦτα
1643 1317 1765 1388 βού-

174 1421 352 1464 λεται.
378 1408 471 1473 Εἰς
491 1408 544 1462 τί
561 1409 669 1479 γὰρ
693 1410 759 1480 τῇ
791 1407 1017 1480 ζητήσει
1040 1407 1357 1479 χρησόμεθα
1381 1406 1472 1460 τοῦ
1495 1407 1763 1477 ζητουμέ-

174 1521 274 1558 νου
299 1503 567 1575 παρόντος
587 1520 602 1568 ;
636 1501 694 1556 ἓν
717 1501 876 1572 ἔργον
897 1501 1008 1574 (65)
1028 1501 1082 1554 δὲ
1109 1501 1268 1572 μόνον
1287 1498 1494 1553 κελεύει
1513 1498 1574 1552 τὸ
1593 1498 1767 1552 λειπό-

176 1610 347 1664 μενον
381 1591 646 1659 γίνεσθαι,
669 1592 814 1656 ὅπως
838 1590 904 1646 ἂν
934 1590 1229 1663 φυλαχθείη
1259 1590 1321 1645 τδ
1348 1589 1601 1662 πορισθὲν
1625 1593 1756 1659 ἀγα-

177 1681 448 1750 θὸν,πρὺς
466 1682 626 1737 τοῦτο
652 1683 751 1753 τῆς
776 1682 969 1752 σοφίας
1001 1683 1132 1752 ἡμῖν
1159 1680 1546 1752 συνεργούσης.
1582 1681 1677 1744 Τίς
1709 1678 1764 1733 δὲ

178 1777 213 1846 ἢ
244 1774 430 1844 σοφία,
453 1774 546 1827 καὶ
573 1773 656 1838 τίς
686 1776 718 1846 ἡ
753 1774 860 1827 τῶν
890 1773 1110 1843 ἀγαθῶν
1139 1774 1286 1826 ἐστιν
1319 1772 1568 1844 φυλακή;
1597 1772 1659 1825 τὸ
1688 1771 1763 1843 μὴ

1863 590 2056 645 teriam
2115 589 2307 645 mortis
2366 590 2618 660 praebuit.
2676 590 2906 657 Quando
2955 592 3124 663 igitur
3159 594 3443 650 sublatum

1863 680 2031 737 fuerit
2065 695 2228 735 omne
2260 681 2394 735 illud
2424 680 2574 751 quod
2599 682 2742 737 bono
2783 681 3128 750 adversatur,
3177 694 3297 742 tum
3337 704 3441 744 nos

1864 770 2129 840 suscipiet
2166 770 2257 825 ille
2291 776 2469 827 status
2525 786 2689 842 quem
2736 773 2888 826 nulla
2937 775 3116 830 oratio
3162 777 3444 847 explicare

1863 869 2067 931 potest,
2090 861 2185 932 qui
2217 868 2277 937 et
2361 876 2584 917 sensum
2614 870 2669 917 et
2690 863 3106 936 intelligentiam
3183 867 3239 921 in
3267 868 3444 923 sacris

1865 953 2105 1009 Litteris
2123 969 2385 1024 superare
2418 954 2704 1010 dicitur”.
2727 953 2827 1012 His
2858 958 3114 1014 omnibus
3152 960 3311 1029 quasi
3357 962 3430 1016 sic

1865 1044 2052 1116 gilium
2077 1045 2177 1101 has
2200 1051 2475 1101 extremas
2494 1061 2654 1101 voces
2674 1046 2921 1120 adjungit
2940 1061 2955 1100 :
2975 1067 2995 1101 ι
3025 1049 3162 1115 Quis
3196 1051 3441 1121 sapiens,

1865 1145 1920 1192 et
1947 1138 2226 1192 custodiet
2277 1139 2418 1204 haec,
2473 1149 2527 1193 et
2556 1138 2825 1210 intelliget
2873 1142 3283 1198 misericordias
3334 1142 3442 1198 Do-

1865 1226 2042 1281 mini?
2063 1240 2080 1272 ι
2096 1222 2233 1279 Cum
2251 1222 2396 1281 enim
2418 1230 2700 1298 sapientiae
2720 1231 2867 1287 actio
2901 1231 3104 1303 duplex
3131 1235 3238 1293 sit:
3269 1236 3443 1291 altera

1867 1333 1989 1388 qua?
2012 1318 2235 1388 indagat
2257 1326 2312 1374 et
2329 1320 2527 1389 quaerit
2553 1320 2730 1387 utilia,
2766 1322 2944 1378 altera
2972 1340 3096 1394 quae
3131 1333 3444 1395 parta.ser-

1866 1415 1991 1464 vat:
2024 1409 2172 1464 illam
2205 1411 2422 1481 quidem
2447 1412 2727 1481 sapientiae
2758 1413 3053 1481 actionem,
3099 1432 3224 1486 quae
3267 1417 3323 1472 in
3357 1416 3445 1471 in—

1868 1497 2226 1570 vestigatione
2263 1501 2539 1566 consistit,
2595 1501 2798 1558 indicat
2851 1514 2984 1559 tunc
3043 1516 3385 1562 cessaturam
3428 1525 3443 1561 :

1864 1591 1997 1660 quid
2051 1592 2198 1646 enim
2238 1607 2377 1662 Opus
2436 1601 2520 1649 est
2573 1593 2960 1664 inquisitione,
3008 1610 3136 1651 cum
3191 1596 3246 1651 id
3293 1597 3444 1668 quod

1866 1683 2155 1753 quaeritur,
2183 1684 2378 1740 adest?
2416 1685 2513 1741 sed
2551 1687 2782 1741 alteram
2821 1687 3201 1744 tantummodo
3245 1689 3448 1745 durare

1867 1784 1924 1830 et
1953 1790 2115 1846 agere
2147 1778 2393 1846 postulat
2432 1785 2492 1832 ut
2531 1780 2736 1834 bonum
2765 1781 3023 1851 adeptum
3077 1781 3444 1848 custodiatur,

178 1866 457 1929 ἀσυνέτως
473 1865 569 1936 τῆς
585 1864 733 1929 θείας
755 1864 1160 1938 φιλανθρωπίας
1175 1863 1339 1935 ἔχειν.
1357 1864 1414 1917 ’0
1443 1863 1551 1935 γὰρ
1568 1862 1766 1935 συνεὶς,

1874 1866 2161 1937 adjuvante
2190 1883 2291 1925 nos
2321 1870 2387 1924 ad
2418 1870 2523 1924 hoc
2571 1871 2750 1941 ipsum
2804 1873 3095 1942 sapientia.
3143 1872 3276 1939 Quae
3314 1889 3444 1930 vero

179 1950 255 2012 ὧν
274 1956 600 2028 τετύχηκεν,
620 1958 720 2010 οὐκ
742 1957 806 2010 ἂν
826 1958 1045 2028 πρόοιτο
1061 1955 1172 2028 (66)
1192 1956 1253 2009 τὸ
1273 1955 1492 2025 ἀγαθὸν,
1510 1948 1569 2009 οὗ
1597 1956 1764 2025 ἠξίω-

179 2068 297 2104 ται.
331 2050 389 2103 Ὀ
416 2049 471 2102 δὲ
498 2048 769 2113 ἀσυνέτως
799 2048 937 2120 ἔχων
963 2048 1062 2119 τῆς
1086 2048 1325 2119 χάριτος,
1355 2046 1550 2101 ταύτὸν
1584 2048 1764 2102 πείσε-

182 2160 269 2197 ται
306 2144 420 2206 τοῖς
449 2142 685 2212 τυφλοῖς,
714 2142 764 2195 οἳ
800 2144 1145 2216 μαργαρίτην
1174 2143 1207 2214 ἢ
1232 2141 1562 2213 σμάραγδον,
1591 2141 1626 2212 ή
1645 2158 1767 2194 τινα

174 2235 288 2288 τῶν
317 2233 515 2304 τιμίων
539 2233 699 2288 λίθων
725 2235 783 2289 ὲν
803 2236 960 2305 χερσὶ
982 2234 1254 2298 λαϐόντες,
1293 2233 1368 2296 ὡς
1404 2232 1612 2303 ψηφίδα
1647 2230 1768 2286 τινὰ

178 2328 542 2410 τῶνείκαίων
577 2326 688 2398 (67)
719 2326 1170 2399 ἀπορρίπτουσιν,
1212 2324 1403 2396 ἀγνοίᾳ
1427 2322 1520 2377 τοῦ
1543 2322 1769 2385 κάλλους

184 2419 453 2482 ἀκουσίως
480 2418 847 2491 ζημιωθέντες
873 2419 966 2472 τοῦ
996 2419 1295 2489 κτήματος,

1872 1960 1987 2015 hac
2016 1969 2101 2016 est
2137 1962 2427 2033 sapientia,
2464 1971 2519 2018 et
2561 1963 2834 2019 bonorum
2873 1964 3166 2020 custodia?
3207 1963 3284 2021 Ne
3318 1967 3446 2036 quis

1870 2050 2066 2106 divina:
2118 2052 2479 2110 humanitatis
2538 2062 2594 2109 et
2660 2054 3021 2124 benignitatis
3072 2057 3144 2111 sit
3193 2056 3350 2113 rudis
3392 2065 3448 2112 et

1872 2143 2116 2213 ignarus.
2153 2142 2289 2197 Nam
2317 2145 2409 2214 qui
2442 2144 2694 2215 intelligit
2724 2160 2848 2214 qua:
2892 2152 3182 2201 assecutus
3229 2153 3334 2211 est,
3399 2146 3450 2202 is

1874 2236 2191 2304 neutiquam
2227 2235 2485 2304 abiecerit
2507 2237 2709 2290 bonum
2736 2235 2893 2302 illud,
2921 2251 3032 2306 quo
3063 2236 3303 2293 donatus
3333 2243 3441 2295 est.

1874 2325 1944 2380 At
1983 2326 2077 2395 qui
2105 2327 2335 2396 gratiam
2364 2342 2474 2382 non
2498 2328 2776 2399 intelligit,
2802 2329 2853 2384 ei
2888 2328 3029 2383 idem
3060 2327 3258 2387 accidit
3299 2329 3449 2399 quod

1875 2417 2058 2480 caecis,
2091 2410 2184 2485 qui
2218 2418 2570 2489 margaritam
2599 2418 2684 2473 vel
2703 2419 3077 2491 smaragdum,
3100 2420 3183 2475 vel
3213 2420 3452 2489 aliquem

180 2512 553 2583 pretiosorum
583 2510 821 2583 lapidum
862 2527 1027 2565 manu
1067 2519 1334 2577 tenentes,
1381 2517 1442 2566 ut
1471 2510 1741 2566 calculum
1776 2510 2012 2583 aliquem
2048 2511 2322 2581 vulgarem
2351 2520 2405 2567 et
2432 2513 2636 2582 passim
2667 2513 2887 2568 obvium
2938 2512 3223 2584 abjiciunt,
3256 2514 3345 2584 qui
3380 2514 3453 2570 ob

180 2604 548 2674 ignorantiam
594 2602 1020 2677 pulchritudinis
1077 2618 1199 2675 quae
1256 2603 1311 2658 in
1367 2610 1521 2657 tanta
1569 2617 1628 2658 re
1673 2604 1834 2670 inest,
1864 2620 1928 2661 ea
1964 2614 2161 2676 praeter
2186 2621 2343 2662 suam
2380 2607 2717 2662 voluntatem
2753 2607 3058 2677 privamur.

724 2741 1124 2821 KEeAAAION
1161 2740 1238 2795 ei.

256 2859 474 2924 Ταύτας
507 2859 565 2912 δὲ
607 2858 706 2922 τὰς
738 2856 899 2912 πέντε
937 2856 1046 2915 τῶν
1082 2856 1313 2928 ψαλμῶν
1346 2855 1667 2926 διαιρέσεις,
1699 2856 1767 2911 δι’

182 2954 265 3011 ὢν
316 2951 568 3024 καθάπερ
606 2949 758 3013 τινάς
804 2949 1044 3021 βαθμοὺς
1090 2948 1333 3018 ἀλλήλων
1389 2947 1767 3019 ὑπερανεστῶ-

186 3061 287 3107 τας
310 3042 424 3115 (68)
446 3042 586 3097 κατά
616 3058 736 3095 τινα
757 3039 963 3104 τάξεως
989 3038 1308 3092 ἀκολουθίαν
1334 3039 1770 3110 κατανοήσαντες

190 3136 257 3188 ἐκ
286 3132 396 3186 τῶν
437 3133 739 3205 εἰρημένων
766 3131 1113 3203 διεκρίναμεν
1142 3130 1404 3202 σημείων,
1433 3132 1515 3185 ὅτι
1537 3131 1768 3184 ἑκάστου

190 3226 484 3297 τμήματος
515 3227 565 3296 ή⁸
600 3223 891 3279 τελευταία
917 3223 1068 3295 φωνὴ
1105 3222 1293 3277 στάσιν
1325 3223 1450 3276 τινὰ
1483 3220 1577 3276 τοῦ
1612 3222 1770 3290 λόγου

192 3318 287 3370 καὶ
311 3316 466 3387 βάσιν
495 3315 594 3387 τῆς
622 3314 859 3379 διανοίας
888 3314 1001 3385 ἔχει
1027 3354 1042 3379 ,
1078 3310 1530 3387 περιγράφοὺσαν
1560 3315 1617 3366 ὲν
1647 3314 1774 3367 ἑαυ-

192 3410 261 3479 τῇ
295 3408 403 3460 τῶν
453 3406 880 3480 προηνυσμένων
927 3404 990 3459 τὺ
1036 3406 1231 3476 πέρας,
1264 3405 1351 3458 διά
1383 3405 1483 3476 τῆς
1504 3398 1772 3473 δοξολογι-

195 3499 299 3569 κῆς
328 3517 386 3552 τε
435 3499 529 3553 καὶ
588 3484 910 3569 εὐχαρίστου
942 3499 1125 3568 φωνῆς
1151 3498 1254 3570 τῆς
1276 3493 1773 3567 λεγούσης,‹Εὐλο-

194 3588 364 3659 τητὸς
390 3587 592 3659 Κύριος
622 3589 701 3651 εἰς
722 3586 812 3647 τὸν
841 3586 1033 3648 αἰῶνα,
1053 3588 1285 3661 γένοιτο,
1301 3587 1527 3657 γένοιτο,
1546 3584 1645 3639 »Τὸ
1665 3581 1773 3650 γὰρ

195 3680 377 3751 νόημα
407 3680 634 3744 τούτων,
677 3677 997 3749 εὐχαριστία
1029 3675 1111 3738 τίς
1140 3673 1249 3745 (69)
1283 3675 1430 3726 ἐστιν
1458 3673 1535 3736 είς
1568 3671 1629 3724 τὸ
1657 3671 1775 3741 διη-

195 3768 355 3831 νεκὲς
400 3767 832 3840 παραμένουσα-
889 3764 1073 3835 ἐπειδὴ
1121 3763 1221 3818 οὐκ
1267 3761 1499 3827 εἰσάπαξ
1545 3761 1714 3815 εἰπὼν
1745 3763 1773 3815 ὁ

194 3859 356 3927 λόγος
377 3860 645 3925 ,Γένοιτο,
664 3858 862 3926 ἔστησε
896 3854 992 3925 τὴν
1040 3854 1319 3923 εὐλογίαν,
1350 3853 1485 3907 ἀλλά
1515 3855 1581 3923 τῇ
1616 3853 1771 3924 δισσῇ

196 3947 461 4019 ἀναλήψει
498 3946 597 4017 τῆς
639 3944 824 4014 φωνῆς
854 3946 912 3997 ὲν
950 3947 1017 4015 τῇ
1063 3944 1382 4016 εὐχαριστίᾳ
1415 3941 1691 4013 νομοθετεῑ
1714 3941 1775 3994 τὸ

189 4036 394 4092 ἀΐδιον.
437 4035 524 4089 Ἐν
547 4036 762 4105 ἑκάστῳ
788 4035 846 4089 δὲ
889 4035 1045 4106 μέρει
1088 4034 1195 4091 τῶν
1229 4034 1367 4089 κατά
1398 4033 1466 4087 τὰ
1497 4034 1607 4103 (70)
1633 4032 1776 4104 τμή-

170 4112 348 4197 χματα
393 4126 565 4181 ταῦτα
607 4125 1001 4196 διαιρεθέντων,
1029 4125 1163 4178 τδιόν
1201 4142 1254 4180 τι
1298 4125 1500 4192 ἀγαθὸν
1547 4127 1575 4178 6
1616 4123 1774 4192 λόγος

198 4215 553 4288 ὲνεθεώρησε,
579 4218 646 4272 δι’
678 4212 740 4273 οὐ
771 4218 981 4287 γίνεται
1013 4219 1147 4287 ἡμῖν
1175 4217 1240 4273 ἐκ
1272 4214 1406 4270 Θεοῦ
1440 4217 1472 4287 ή
1506 4216 1774 4287 μακαριό-

196 4327 321 4380 της,
360 4309 499 4364 κατά
535 4327 658 4364 τινα
712 4308 865 4375 τάξιν
903 4306 1194 4361 ἀκόλουθον
1229 4306 1341 4361 τῶν
1391 4308 1449 4360 ὲν
1488 4306 1600 4377 (71)
1646 4306 1776 4360 ἑκά·

199 4417 315 4471 στῳ
356 4398 741 4472 θεωρουμένων
773 4396 1026 4468 ἀγαθῶν,
1054 4398 1140 4450 ἀεὶ
1169 4396 1306 4467 πρὸς
1338 4397 1402 4450 τὸ
1441 4397 1774 4468 ὑψηλότερον

2469 2740 2699 2800 CAPUT
2762 2742 2851 2799 ΙΧ.

1941 2855 2066 2910 Ista:
2126 2854 2295 2925 igitur
2341 2864 2471 2909 sunt
2529 2855 2778 2925 quinque
2832 2853 3047 2924 partitae
3097 2851 3447 2911 Psalmorum

1869 2947 2196 3014 divisiones,
2225 2963 2362 3019 quas
2396 2955 2658 3016 tanquam
2702 2945 2908 3017 gradus
2951 2945 3246 3016 quosdam,
3314 2946 3451 3000 alios

1873 3042 1999 3098 aliis
2027 3042 2274 3103 altiores,
2306 3040 2610 3095 secundum
2663 3037 2956 3109 quamdam
3008 3037 3221 3093 ordinis
3255 3038 3452 3093 seriem

1874 3132 2277 3199 consideratas,
2317 3146 2383 3185 ex
2418 3129 2658 3200 propriis
2688 3129 2862 3200 signis
2898 3136 2954 3184 et
2987 3127 3207 3184 indiciis
3236 3128 3444 3183 discre-

1871 3225 2075 3286 vimus,
2096 3222 2224 3293 quia
2257 3222 2526 3291 cujusque
2565 3221 2827 3277 sectionis
2859 3236 2960 3276 vox
2997 3220 3290 3274 terminum
3341 3234 3459 3275 ser.-

1873 3315 2024 3369 moni
2062 3324 2117 3369 et
2166 3322 2365 3368 metam
2417 3312 2738 3382 cogitationi
2784 3311 2963 3384 ponit,
3012 3310 3452 3381 circumscriptis

1873 3404 2304 3475 praecedentium
2368 3403 2593 3465 ﬁnibus,
2664 3402 2984 3471 huiusmodi
3030 3402 3347 3457 laudatione
3404 3411 3452 3462 el

1872 3499 2173 3568 gratiarum
2213 3495 2473 3551 actione:
2514 3513 2534 3545 ι
2577 3494 2905 3550 Benedictus
2936 3495 3205 3550 Dominus
3250 3495 3307 3549 in
3353 3509 3443 3550 sae-

1834 3644 1839 3649 ,
1873 3590 2081 3652 culum,
2111 3588 2222 3651 ﬁat,
2256 3589 2369 3640 liat.
2396 3605 2415 3639 ι
2457 3586 2663 3642 Sensus
2683 3587 2829 3642 enim
2862 3587 2948 3643 his
2981 3589 3299 3643 substratus
3320 3604 3444 3644 con.

1872 3680 2010 3734 tinet
2038 3679 2343 3749 gratiarum
2375 3679 2647 3733 actionem
2674 3677 2733 3732 in
2765 3686 3089 3747 perpetuum
3110 3679 3443 3751 durantem;

1874 3770 2314 3841 quandoquidem
2340 3770 2507 3825 semel
2535 3784 2744 3835 vocem,
2778 3793 2798 3826 ι
2830 3771 2942 3837 ﬁat,
2968 3789 2989 3822 ι
3033 3771 3307 3841 posuisse,
3342 3774 3452 3830 sieo

1874 3874 1982 3930 que
2032 3858 2405 3913 laudationem
2455 3859 2787 3914 terminasse
2816 3873 2928 3914 non
2969 3868 3291 3927 contentus,
3328 3878 3450 3918 eam

1873 3952 2164 4022 duplicat:
2206 3966 2313 4020 qua
2358 3950 2608 4020 ejusdem
2666 3951 2819 4007 vocis
2872 3951 3168 4009 iteratione
3210 3954 3450 4016 insinuat

1878 4044 2258 4099 etconiirmat
2339 4042 2763 4112 perpetuitatem
2825 4045 3129 4115 gratiarum
3193 4047 3451 4102 actionis.

1877 4132 2046 4188 Porro
2096 4135 2151 4188 in
2209 4131 2455 4203 qualibet
2502 4142 2661 4200 parte
2697 4131 3084 4200 praedictarum
3142 4136 3452 4194 seetionum

1874 4226 2158 4296 praprium
2217 4223 2498 4294 quoddam
2550 4223 2754 4278 bonum
2819 4224 3259 4283 animadvertere
3306 4228 3452 4295 licet,

1874 4328 1972 4383 per
2000 4312 2147 4383 quod
2178 4313 2338 4367 nobis
2370 4312 2652 4367 beatitudo
2701 4313 2945 4376 obvenit,
3001 4315 3306 4374 secundum
3361 4332 3453 4373 or.

1875 4405 2071 4461 dinem
2097 4404 2412 4475 quemdam,
2446 4403 2541 4473 qui
2585 4403 2638 4457 in
2672 4403 2906 4474 singulis
2936 4405 3047 4461 illis
3082 4406 3241 4462 bonis
3269 4409 3454 4465 inesse

198 4491 302 4564 τὴν
325 4491 499 4564 ψυχὴν
530 4489 862 4562 ὐπερτιθεὶς,
885 4488 961 4553 ὡς
999 4487 1066 4544 ἂν
1102 4488 1196 4544 ἐπὶ
1221 4487 1282 4542 τὸ
1318 4488 1617 4561 ἀκρότατον
1643 4488 1770 4558 ἀφί-

1879 4496 2266 4567 conspicitur;
2309 4509 2529 4563 semper
2581 4490 2873 4548 ad'altiora
2928 4494 3115 4550 animo
3169 4496 3450 4563 traducto,

200 4601 365 4656 κηται
387 4583 498 4654 (72)
527 4582 634 4637 τῶν
656 4581 896 4653 ἀγαθῶν.

272 4675 441 4730 Τοῦτο
475 4674 532 4728 δέ
584 4674 729 4728 ἐστιν
769 4674 798 4726 6
842 4668 990 4736 αἶνος
1029 4670 1122 4724 τοῦ
1164 4669 1299 4724 Θεοῦ
1344 4670 1457 4741 (75)
1512 4670 1571 4723 ὲν
1615 4672 1780 4725 πᾶσιν

202 4767 377 4836 ἁγίοις
397 4764 900 4837 ἀποπληρούμενος,
923 4761 1106 4824 καθὼς
1144 4761 1389 4832 περιέχει
1418 4763 1447 4814 6
1474 4762 1778 4826 τελευταῖος

194 4855 413 4929 ψαλμὸς
428 4856 621 4924 λέγων·
646 4874 664 4907 ι
677 4857 884 4909 Αἰνεῖτε
901 4853 990 4906 τὸν
1008 4852 1141 4905 Θεὸν
1157 4852 1217 4904 ὲν
1236 4855 1348 4915 τοῖς
1368 4852 1544 4921 ἁγίοις
1558 4850 1742 4907 αὐτοῦ.
1755 4872 1775 4905 ι

203 4949 379 5004 Ὅπου
415 4947 525 5020 (74)
559 4965 581 4999 ι
615 4946 677 5001 τὸ
704 4945 989 5018 στερέωμα
1013 4943 1114 5014 τῆς
1138 4942 1469 5015 δυνάμεως,ι
1507 4944 1656 4997 τὸέκ
1685 4943 1778 4999 τοῦ

201 5038 411 5110 ἀγαθοῦ
441 5038 831 5110 ἀμετάπτωτον
856 5034 1257 5115 σημαίνειηὸ),
1281 5032 1375 5087 καὶ
1396 5033 1453 5085 αἱ
1479 5032 1783 5092 δυναστεῖαι

202 5132 297 5186 τοῦ
317 5128 471 5195 Θεοῦ,
497 5128 559 5184 τὸ
579 5128 774 5201 μηκέτι
794 5127 900 5182 ὑπὸ
919 5127 1118 5190 κακίας
1131 5123 1548 5179 δυναστεύεσθαι
1567 5126 1665 5198 τὴν
1682 5125 1785 5196 φύ-

279 5289 326 5320 ³²
353 5285 591 5357 Philipp.
623 5300 697 5351 tv,
727 5282 781 5338 7.
857 5282 900 5319 "
928 5280 1071 5337 Psal.
1105 5294 1190 5345 CL,
1223 5281 1248 5333 ι
1280 5293 1403 5349 sqq.

301 5446 392 5518 65)
416 5445 692 5569 Ἐνεργόν,
718 5443 806 5499 ed.

301 5518 390 5569 66)
419 5517 534 5569 Ποο
587 5531 666 5569 το.
696 5513 784 5569 ed.

419 5513 666 5593 Προΐετο.
696 5513 784 5569 ed.
900 5583 914 5593 ‘
987 5582 997 5593 _
1138 5581 1170 5593 ῃ

281 5574 396 5660 (67)
447 5574 670 5655 Ᾰιίιιιιοι
704 5582 1035 5654 exemplaria
1087 5581 1233 5637 edita
1283 5579 1423 5634 male
1470 5574 1673 5631 habent
1700 5575 1782 5628 οξ-

216 5660 402 5798 καέῒέ)
431 5726 652 5798 Aliquot
695 5722 853 5798 codd.
884 5729 1188 5795 ὑπερανεστ
1210 5721 1358 5784 ὅσας.

280 5795 390 5871 (69)
416 5797 514 5860 Τις
537 5811 646 5853 om.
677 5795 765 5850 ed.

1879 4588 2055 4643 donec
2087 4586 2152 4641 ad
2176 4601 2495 4657 supremum
2547 4585 2792 4641 omnium
2843 4586 3113 4640 bonorum
3156 4589 3453 4660 pertingat.

1952 4678 2068 4733 Hoc
2098 4693 2230 4733 vero
2263 4679 2406 4747 quod
2440 4677 2697 4731 omnibus
2728 4692 3021 4733 commune
3041 4679 3167 4744 erit,
3196 4679 3272 4734 nil
3307 4680 3455 4736 aliud

1879 4779 1984 4835 est,
2021 4785 2187 4840 quam
2221 4770 2399 4825 laudis
2438 4770 2638 4824 divina:
2684 4769 3005 4838 celebratio,
3026 4786 3148 4841 qua!
3177 4773 3232 4827 in
3278 4773 3462 4828 omni-

1879 4862 1983 4918 hus
2022 4862 2232 4918 sanctis
2265 4862 2665 4933 complebitur;
2696 4873 2860 4932 prout
2897 4862 2955 4917 in
2994 4872 3278 4933 postremo
3307 4867 3454 4935 psal-

1881 4968 1973 5008 mo
2015 4953 2251 5008 habetur
2276 4970 2290 5006 :
2311 4952 2586 5011 «Laudate
2598 4953 2961 5011 Dominumin
2977 4950 3366 5023 sanctisejus“
3387 4967 3432 5005 ει

1882 5042 1976 5096 ubi
2022 5041 2189 5095 etiam
2229 5061 2247 5093 ι
2273 5042 2676 5097 ﬁrmamentum
2719 5042 2940 5097 virtutis
2992 5041 3114 5111 ejus
3139 5057 3160 5093 ι
3201 5039 3461 5093 immuta-

1882 5132 2047 5189 hilem
2085 5132 2455 5188 constantiam
2482 5132 2539 5186 in
2562 5133 2706 5189 bono
2733 5130 3004 5205 signiﬁcat
3033 5150 3047 5188 :
3075 5127 3455 5199 Principatus-

1957 5431 2070 5502 ('10)
2102 5432 2183 5485 Τὰ
2206 5445 2317 5485 om.
2351 5431 2447 5484 ed-

1954 5500 2067 5571 (ῙἩ)
2090 5503 2179 5555 Ἐν
2216 5516 2326 5555 om.
2350 5502 2434 5555 ed.

1956 5566 2069 5641 (72)
2099 5571 2406 5641 Ἐφίκηται,
2436 5566 2523 5641 .

1960 5633 2071 5711 (75)
2110 5633 2184 5694 ’θ’
2197 5633 2399 5712 μηκέτι
2416 5640 2523 5712 ὐπὸ
2551 5637 2746 5701 κακίας
2776 5635 2900 5692 add.
2928 5633 3013 5691 ed-

1961 5684 2074 5779 i‘li')
2101 5684 2169 5764 ΔΞ
2197 5684 2453 5764 Ξὲίὶἰῖἐὲἀῖ

1965 5781 2077 5855 (75)
2107 5779 2482 5853 Διασημαίνει,
2518 5778 2605 5833 ed.

3335 393 3441 451 482
3536 372 3545 380 ’
