3888 6358
473 360 582 417 ιεξδ

1757 355 1815 411 S.
1851 353 2182 411 GREGORII
2220 354 2514 445 NYSS‘ENI

3652 369 3782 429 εει

478 487 588 542 que
620 485 717 527 seu
746 469 975 527 virtutes
1004 467 1102 525 Dei
1151 467 1453 525 ostendunt
1493 475 1750 523 naturam
1798 483 1909 524 non
1949 484 2062 524 am-

2169 486 2252 524 σιν
2302 438 2722 542 παραδηλοῦσιν.
2762 473 2890 528 ’Ὀτε
2927 479 3095 549 χωρεῖ
3134 480 3320 539 λοιπὸν
3356 487 3391 558 ἡ
3434 487 3779 560 ἀνθρωπίνη

480 568 626 636 plius
653 564 768 617 fore
794 562 1155 617 dominationi
1193 564 1405 634 peccati
1456 561 1794 628 obnoxiam;
1843 561 2065 632 quando

480 658 719 711 humana
758 664 952 709 natura
994 655 1063 709 de
1113 664 1333 721 caetero,
1396 654 1697 711 secundum
1753 653 2064 708 multitudi-

479 765 604 803 nem
628 747 1028 818 magnitudinis
1051 748 1173 817 ejus
1210 748 1427 803 laudem
1464 747 1739 812 instituet,
1793 761 1903 802 non
1947 747 2062 817 jam

478 856 705 910 parvum
736 839 1000 910 quiddam
1037 846 1092 895 et
1119 839 1261 895 exile
1290 855 1585 903 resonans,
1634 839 1731 894 sed
1762 839 1919 893 vocis
1950 853 2065 893 ma-

478 933 771 1005 gnitudine
821 933 1008 987 tubam
1042 947 1357 1003 exaequans.
1402 931 1492 985 Ait
1556 932 1700 986 enitn
1731 948 1746 986 :
1778 949 1797 983 ι
1821 930 2066 987 Laudate

478 1027 533 1079 in
566 1040 702 1079 sono
735 1025 899 1087 tubae,
931 1043 947 1076 ι
985 1024 1206 1094 quando
1236 1025 1402 1079 etiam
1438 1024 1604 1094 hujus
1653 1024 1907 1079 universi
1938 1024 2065 1077 har-

480 1118 721 1172 moniam
753 1125 809 1172 et
841 1124 1179 1173 concentum
1223 1117 1531 1172 imitabitur
1580 1116 1749 1172 variis
1792 1123 1848 1171 et
1877 1117 2064 1171 multi-

478 1210 631 1279 genis
661 1209 984 1271 virtutibus,
1016 1208 1178 1279 quasi
1231 1223 1501 1279 organum
1538 1208 1651 1264 Deo
1712 1208 1853 1263 facta
1921 1209 2063 1279 aptis

477 1282 883 1375 con_cinnisque
946 1300 1190 1355 modulis
1250 1308 1306 1355 et
1359 1301 1741 1357 concentibus.
1806 1298 2064 1355 Nominat

478 1408 609 1447 vero
659 1393 762 1447 huc
797 1391 1029 1463 ﬁgurata
1076 1392 1314 1463 quadam
1354 1393 1617 1461 loquendi
1658 1392 1835 1447 forma
1870 1412 1889 1444 (
1916 1394 2063 1463 psal-

477 1486 678 1541 terium
708 1495 765 1540 et
819 1485 1111 1540 citharam.
1144 1505 1162 1538 ι
1216 1484 1349 1540 Post
1395 1486 1556 1555 cujus
1605 1484 2059 1550 modulationem,

478 1576 723 1645 seposito
749 1576 898 1630 omni
935 1576 1028 1630 illo
1058 1573 1202 1644 quod
1233 1583 1494 1630 terrestre
1525 1583 1632 1639 est,
1665 1582 1719 1629 et
1736 1581 1947 1627 mutum
1975 1588 2065 1628 vo-

480 1671 675 1737 cisque
717 1683 937 1737 expers,
1000 1666 1056 1720 in
1108 1675 1494 1738 tympanorum
1550 1665 1848 1737 magniﬁco
1895 1673 2060 1720 cantu

480 1760 768 1815 consociat
797 1758 1116 1814 cmlestibus
1141 1758 1328 1813 choris
1355 1757 1703 1828 propriarum
1727 1756 2061 1828 chordarum

2166 561 2395 636 δύναμις
2446 563 2589 617 κατά
2632 564 2693 618 τὸ
2745 566 2947 638 πλῆθος
2983 571 3082 642 τῆς
3135 576 3534 647 μεγαλωσύνης
3584 580 3781 637 αὐτοῦ

2168 656 2437 710 ποιεῖσθαι
2469 657 2559 711 τὸν
2584 653 2763 721 αἶνον,
2793 660 2973 714 οὐκέτι
3010 666 3182 736 μικρά
3214 668 3563 745 φθεγγομένη
3586 715 3601 738 ,
3636 677 3781 728 ἀλλ’

2166 748 2265 819 ἥδη
2303 748 2573 820 παριοῦσα
2611 752 2677 822 τῇ
2722 752 3103 827 μεγαλοφωνίᾳ
3131 758 3229 822 τάς
3268 761 3579 832 σάλπιγγας
3612 766 3773 835 (76).

2165 838 2303 910 Φησὶ
2330 840 2459 911 γάρ·
2494 859 2512 891 ι
2549 842 2757 895 Αἰνεῖτε
2784 843 2875 897 τὸν
2906 845 3110 917 Κύριον
3139 849 3196 901 ὲν
3221 850 3337 921 ἤχῳ
3366 853 3693 924 σάλπιγγος,
3743 876 3770 908 ι

2168 929 2298 982 Ὅτε
2332 932 2425 983 καὶ
2462 934 2706 1003 μιμεῖται
2735 934 2834 1004 τὴν
2864 934 2957 987 τοῦ
2988 937 3189 1001 παντὸς
3219 942 3485 1011 ἁρμονίαν
3515 944 3597 1014 τῷ
3632 963 3774 998 ποι-

2166 1018 2301 1090 κίλῳ
2319 1037 2377 1073 τε
2405 1021 2499 1074 καὶ
2537 1022 2806 1075 πολυειδεῖ
2829 1023 2936 1077 τῶν
2960 1025 3192 1096 ἀρετῶν,
3220 1028 3445 1099 ὄργανον
3469 1033 3527 1085 ὲν
3549 1033 3775 1104 pum-1;

2169 1110 2431 1181 μελῳδίας
2466 1110 2544 1183 τῷ
2572 1112 2692 1183 Θεῷ
2728 1115 2992 1187 γενομένη
3017 1118 3149 1187 (77).
3194 1119 3475 1189 Ὀνομάζει
3501 1123 3556 1175 δὲ
3590 1125 3776 1178 τοῦτο

2165 1201 2253 1254 διά
2279 1219 2421 1267 τινος
2446 1204 2999 1277 τροπικῆςσημασίας
3016 1226 3033 1259 ι
3060 1207 3355 1281 ψαλτήριόν
3385 1229 3443 1266 τε
3469 1216 3566 1267 καὶ
3592 1216 3774 1269 κιθά-

2168 1311 2266 1367 ραν
2291 1296 2321 1348 6
2353 1295 2531 1364 λόγος.
2556 1318 2574 1349 ι
2596 1296 2888 1369 Μεθ’δ(78)
2910 1300 3018 1352 πᾶν
3051 1294 3252 1369 γεῶδες
3280 1318 3336 1355 τε
3392 1306 3485 1358 καὶ
3512 1309 3738 1376 κωφὸν,

2167 1383 2261 1438 καὶ
2315 1384 2426 1457 (79)
2460 1385 2686 1440 ἄναυδον
2716 1387 3049 1460 ἀποθεμένη,
3079 1392 3136 1444 ὲν
3174 1395 3240 1463 τῇ
3284 1395 3393 1448 τῶν
3442 1401 3770 1468 τυμπάνων

2162 1482 2553 1554 ’μεγαλοφωνίᾳ
2591 1486 2712 1547 ταῖς
2745 1476 3022 1555 οὐρανίαις
3062 1488 3302 1558 χορείαις
3345 1492 3607 1546 συνάπτει
3644 1496 3769 1548 τῶν

2170 1575 2315 1628 ίδίων
2342 1574 2545 1647 χορδῶν
2571 1575 2661 1628 τὸν
2691 1570 2843 1646 ἦχον.
2883 1576 3084 1647 Χορδαὶ
3117 1579 3162 1631 δ’
3193 1579 3258 1634 ἂν
3288 1577 3396 1635 εἷεν
3417 1582 3496 1653 τῷ
3521 1583 3767 1656 ὀργάνῳ

2168 1663 2519 1734 ἐντεταμέναι
2556 1666 2695 1736 (80),
2723 1667 2785 1718 τὸ
2826 1668 2882 1720 έν
2911 1668 3114 1741 ἑκάστῃ
3160 1671 3327 1743 ἀρετῇ
3372 1674 3508 1745 πρὸς
3537 1677 3767 1729 κακίαν

2168 1752 2443 1807 ἀνένδοτόν
2476 1771 2537 1807 τε
2569 1757 2662 1809 καὶ
2707 1757 3028 1828 ἀχάλαστον.
3066 1760 3144 1813 Δι’
3175 1754 3249 1813 ὧν
3286 1763 3490 1830 γίνεται
3530 1766 3560 1836 ἡ
3601 1767 3766 1836 καλὴ

484 1867 704 1907 sonum.
771 1850 1001 1907 Chordae
1046 1858 1227 1909 autem
1272 1851 1328 1904 in
1385 1863 1592 1919 organo
1643 1855 1884 1903 extensae
1930 1824 2063 1901 nihil

2171 1843 2387 1898 συνοδία
2408 1845 2502 1899 τοῦ
2524 1824 2803 1917 κυμϐάλου
2828 1853 2947 1912 ταῖς
2985 1851 3201 1922 χορδαῖς
3241 1824 3588 1924 μιγνυμένού,
3612 1824 3765 1911 am;

480 1948 628 2003 aliud
670 1948 891 2013 fuerint,
926 1963 1090 2018 quam
1123 1947 1212 2001 ille
1241 1946 1296 2000 in
1334 1945 1580 2015 qualibet
1608 1944 1815 1998 virtute
1857 1942 2063 1997 insitus

478 2042 647 2109 rigor,
680 2054 790 2110 quo
817 2038 886 2093 ad
921 2039 1186 2093 malitiam
1218 2034 1421 2092 inﬂecti
1449 2044 1502 2091 et
1532 2032 1789 2089 inclinari
1841 2031 2058 2102 nequit.

478 2132 690 2199 Quibus
741 2131 997 2186 omnibus
1033 2129 1316 2200 jucundus
1352 2127 1444 2186 ille
1488 2125 1725 2198 cymbali
1763 2131 2065 2179 conoentus

477 2224 711 2279 chordis
743 2223 1042 2292 permistus
1071 2220 1325 2283 eﬂicitur,
1370 2216 1591 2289 quando
1629 2231 1802 2272 sonus
1842 2213 2065 2284 cymba-

478 2313 683 2378 lorum,
718 2320 954 2368 mentem
984 2313 1208 2373 excitat.
1251 2319 1309 2367 ut
1337 2311 1554 2365 divinos
1586 2309 1711 2364 illos
1752 2314 1933 2362 coetus
1962 2305 2063 2361 ob-

477 2414 588 2468 eat,
613 2412 668 2458 et
701 2402 1046 2473 frequentet;
1073 2403 1219 2473 quod
1263 2403 1487 2473 quidem
1534 2401 1674 2454 mihi
1705 2401 1937 2454 innucre
1979 2398 2066 2453 vi-

374 2502 379 2508 ‘
477 2494 638 2550 detur
668 2500 877 2547 natura:
924 2500 1128 2548 nostra:
1194 2507 1320 2545 cum
1355 2490 1561 2561 angelis
1609 2490 1945 2554 societatem,
1991 2486 2068 2542 ait

476 2586 623 2643 enim
659 2602 673 2639 :
713 2583 996 2639 «Laudate
1041 2583 1334 2638 Dominum
1391 2583 1447 2637 in
1489 2581 1759 2653 cymbalis
1792 2580 1929 2635 bene
1968 2594 2063 2635 so-

432 2702 443 2707 -
477 2680 757 2734 nantibus.
792 2697 810 2730 ι
850 2676 1171 2733 Conventus
1204 2678 1350 2733 enim
1395 2675 1488 2731 ille
1543 2675 1807 2746 angelica:
1853 2682 2065 2729 natura:

476 2786 600 2825 cum
638 2770 897 2836 humana,
930 2768 1154 2841 quando
1188 2768 1426 2823 humana
1458 2768 1522 2822 ad
1551 2767 1711 2822 ﬂnem
1747 2782 1908 2823 suum
1936 2780 2063 2836 per-

474 2863 712 2927 venerit,
748 2869 958 2933 gratam
992 2863 1141 2917 illam
1190 2862 1490 2933 gratiarum
1541 2861 1777 2916 actionis
1811 2858 2064 2915 modula-

476 2952 704 3017 tionem,
730 2960 922 3006 mutuo
952 2967 1255 3021 congressu
1283 2946 1516 3019 eﬂiciet;
1548 2952 1823 3022 simulque
1853 2949 2063 3020 junctis

458 3038 702 3095 'vocibus
728 3040 1119 3111 benignitatem
1141 3041 1230 3095 Dei
1266 3055 1432 3110 super
1462 3053 1654 3093 omnes
1691 3047 1955 3109 perpetuo
1977 3036 2060 3093 ef-

478 3129 659 3184 fusam
690 3130 1041 3196 decantabit;
1071 3130 1176 3184 hoc
1206 3129 1350 3184 enim
1385 3128 1621 3199 cymbali
1659 3143 1782 3182 cum
1811 3127 2060 3197 cymbalo

476 3220 797 3291 conjunctio
828 3220 1123 3291 signiﬁcat.
1160 3220 1479 3290 Cymbalum
1508 3235 1678 3273 unum
1712 3228 1797 3276 est
1823 3218 2060 3273 caelestis

476 3312 573 3367 illa
606 3314 923 3384 angelorum
957 3320 1188 3378 natura;
1242 3312 1475 3366 alterum
1511 3310 1819 3382 cymbalum
1858 3316 1941 3365 est
1974 3323 2064 3362 ra-

476 3404 702 3459 tionalis
729 3403 1012 3458 hominum
1040 3413 1328 3470 creatura;
1378 3402 1475 3458 sed
1509 3411 1792 3472 peccatum
1824 3401 1966 3456 hanc
1994 3402 2062 3456 ab

476 3496 571 3551 illa
593 3495 886 3565 separavit,
913 3510 1052 3565 quas
1080 3510 1204 3550 cum
1245 3493 1430 3550 denuo
1480 3492 1573 3549 Dei
1619 3493 1925 3564 benignitas
1966 3509 2062 3549 co-

475 3587 764 3658 pulaverit,
786 3594 919 3641 tunc
944 3586 1224 3643 resonabit
1259 3593 1493 3656 utraque
1518 3585 1571 3640 in
1604 3601 1773 3640 unum
1799 3584 1910 3655 jam
1927 3599 2091 3641 con-.

476 3678 622 3743 ﬂata,
653 3678 914 3748 hymnum
950 3678 1124 3744 illum,
1158 3679 1307 3747 quia,
1331 3684 1393 3732 ut
1426 3691 1662 3748 magnus
1706 3676 1783 3731 ait
1826 3677 2064 3747 Aposto-

475 3768 594 3824 lus:
635 3788 653 3821 ε
678 3769 871 3825 Omnis
907 3768 1088 3839 lingua
1131 3768 1481 3824 conﬁtebitur
1521 3769 1852 3833 ctelestium,
1889 3777 2065 3824 terre-

478 3862 702 3927 strium,
734 3870 788 3916 et
806 3860 1172 3927 infernarum,
1203 3858 1486 3915 Christum
1522 3873 1645 3915 esse
1669 3859 1723 3913 in
1767 3859 1942 3928 gloria
1961 3859 2066 3913 Pa-

473 3953 657 4008 tris".
688 3971 709 4005 ι
757 3951 877 4018 Quo
904 3951 1051 4006 facto
1086 3952 1460 4007 decantabunt
1503 3950 1620 4005 haec
1650 3950 1902 4023 cymbala
1946 3949 2066 4021 epi-

477 4043 713 4104 nicium,
760 4057 855 4096 seu
887 4055 1110 4094 carmen
1157 4039 1463 4103 vicloriale,
1512 4046 1773 4109 tanquam
1837 4038 2065 4093 victoria

480 4139 660 4203 parta,
705 4131 777 4186 ob
809 4145 1158 4185 communem
1194 4130 1308 4199 jam
1358 4116 1736 4194 concordiam,
1780 4128 1989 4191 abolito
2012 4136 2067 4185 et

483 4221 770 4295 proﬂigato
807 4222 1157 4289 adversario;
1206 4236 1318 4292 quo
1361 4221 1593 4291 depulso
1636 4227 1691 4275 et
1730 4220 1787 4275 in
1834 4219 2066 4275 nihilum

482 4314 731 4378 redacto,
760 4312 1139 4368 indesinenter
1170 4314 1240 4368 ab
1268 4311 1417 4366 omni
1461 4309 1682 4381 spiritu,
1719 4310 1839 4381 pari
1883 4310 2067 4367 studio

479 4414 535 4462 et
557 4415 757 4462 conatu
786 4406 907 4460 laus
930 4412 985 4461 et
1011 4403 1396 4490 hymnuspeo
1441 4404 1495 4458 in
1530 4418 1750 4458 omnem
1788 4404 2066 4458 aeternita-

2086 3177 2129 3236 C

2166 1935 2195 1987 6
2220 1935 2329 1988 τῶν
2357 1937 2651 2007 κυμϐάλων
2671 1935 2801 2010 ἦχος
2847 1944 2926 2003 είς
2944 1941 3041 2012 τὴν
3077 1941 3227 1995 θείαν
3258 1944 3618 2015 χοροστασίαν
3650 1948 3769 1999 ἐπ-

2166 2028 2354 2102 εγείρῃ
2384 2030 2483 2102 τὴν
2497 2031 2610 2103 (81)
2640 2033 2965 2105 προθυμίαν.
2985 2033 3162 2108 Ὅπερ
3193 2054 3281 2107 μοι
3310 2037 3456 2091 δοκεῖ
3478 2040 3573 2110 τὴν
3607 2039 3768 2112 πρὶς

2163 2118 2291 2181 τοὺς
2322 2119 2587 2189 ἀγγέλους
2612 2121 2709 2193 τῆς
2748 2122 2959 2192 φύσεως
2992 2124 3149 2194 ἡμῶν
3175 2126 3544 2198 διερμηνεύειν
3577 2131 3765 2183 συνά-

2167 2224 2346 2277 φειαν,
2384 2211 2441 2263 ὲν
2474 2204 2519 2280 ᾧ
2558 2230 2746 2283 φησιν,
2785 2231 2802 2264 t
2828 2204 3037 2267 Ᾱίνεῖτε
3067 2216 3161 2271 τὸν
3201 2218 3404 2290 Κύριον
3433 2222 3489 2274 ὲν
3520 2223 3764 2292 κυμϐά-

2166 2298 2278 2364 λοις
2301 2301 2539 2371 εὑήχοις.
2571 2322 2590 2355 ι
2627 2300 2697 2356 Ἦ
2721 2303 2828 2374 γὰρ
2849 2303 3070 2377 τοιαύτη
3090 2309 3427 2374 σύνοδος,τοῦ
3453 2313 3764 2381 ἀγγελικοῦ

2166 2390 2308 2461 λέγω
2360 2393 2496 2463 πρὸς
2520 2394 2580 2447 τὸ
2610 2394 2970 2467 ἀνθρώπινον,
3012 2401 3143 2455 ὅταν
3172 2404 3447 2477 ὲπαναχθῇ
3480 2406 3620 2478 πρὸς
3651 2409 3765 2477 τὴν

2166 2483 2396 2554 ἀρχαίαν
2409 2484 2520 2553 (8‘2)
2546 2483 2739 2558 λῆξινὴ
2756 2487 3068 2564 ἀνθρωπίνη
3084 2478 3369 2562 φύσιςξτὸν
3384 2496 3581 2565 γλυκὺν
3602 2498 3769 2551 ἐκεῖ-

2166 2590 2255 2629 νον
2287 2568 2422 2646 ἦχον
2468 2576 2554 2630 διά
2585 2577 2685 2648 τῆς
2740 2579 2876 2652 πρὸς
2922 2581 3185 2655 ἀλλήλους
3232 2587 3602 2657 συμπτώσεως
3650 2593 3766 2660 τῆς

2166 2666 2519 2739 εὐχαριστίας
2565 2668 2907 2725 ἀποτελέσει*
2958 2674 3048 2728 καὶ
3084 2675 3146 2730 δι’
3184 2676 3446 2748 ἀλλήλων,
3481 2679 3573 2731 καὶ
3628 2684 3765 2751 μετ’

2164 2758 2410 2831 ἀλλήλων
2460 2761 2559 2831 τὴν
2588 2762 2681 2815 ἐπὶ
2730 2765 2796 2834 τῇ
2846 2762 3227 2839 φιλανθρωπίᾳ
3269 2767 3618 2839 εὐχαριστίαν
3677 2773 3765 2841 τῷ

2164 2851 2283 2923 Θεῷ
2309 2853 2601 2925 γινομένην
2648 2853 2738 2907 διὰ
2770 2856 2969 2921 παντὸς
2997 2858 3318 2928 ἀνυμνήσει.
3357 2860 3524 2913 Τοῦτο
3564 2861 3687 2932 γὰρ
3729 2867 3767 2924 ἡ

2163 2944 2255 2997 τοῦ
2289 2944 2569 3015 κυμϐάλου
2598 2946 2734 3018 πρὸς
2754 2946 2815 2999 τὸ
2841 2947 3117 3019 κύμϐαλον
3138 2950 3467 3004 ἐνδείκνυται
3502 2952 3761 3019 σύνοδος.

2170 3036 2266 3089 Ἐν
2312 3036 2670 3111 κύμϐαλρνμή
2709 3039 3075 3112 ύπερκόσμιος
3118 3042 3227 3094 τῶν
3258 3043 3504 3111 ἀγγέλων
3542 3045 3721 3114 φύσις
3749 3064 3763 3076 ·

2158 3127 2350 3199 ,ἕτερον
2392 3127 2690 3199 κύμϐαλον,
2738 3134 2771 3203 ἡ
2812 3131 3006 3204 λογικὴ
3049 3132 3158 3187 τῶν
3207 3133 3506 3203 ἀνθρώπων
3546 3136 3764 3201 κτίσις.

2176 3219 2335 3274 Ἀλλά
2371 3220 2650 3292 διέστησεν
2684 3225 2718 3294 ή
2755 3225 2998 3296 ἁμαρτία
3029 3224 3189 3280 τοῦτο
3227 3226 3459 3280 ἐκείνου’
3491 3229 3618 3289 ὅταν
3659 3226 3768 3284 οὖν

2164 3311 2327 3365 πάλιν
2352 3314 2385 3384 ἡ
2416 3313 2510 3366 τοῦ
2536 3314 2673 3368 Θεοῦ
2708 3315 3088 3389 φιλανθρωπία
3122 3318 3332 3390 συνάψῃ
3359 3318 3608 3391 ἀλλήλοις
3634 3322 3761 3392 ἀμι

2166 3401 2390 3473 φότερα,
2423 3404 2545 3457 τότε
2575 3406 2772 3477 ἡχήσει
2795 3406 2885 3461 τὸν
2920 3403 3067 3462 αἶνον
3084 3410 3289 3464 ἐκεῖνον
3313 3410 3403 3463 καὶ
3423 3411 3492 3465 τὰ
3511 3410 3605 3465 δύο
3628 3414 3766 3482 μετ’

2164 3491 2404 3564 ἀλλήλων
2438 3494 2722 3567 γενόμενα,
2751 3496 2825 3562 ὥς
2877 3514 3006 3569 φησι
3053 3498 3164 3570 (85)
3198 3500 3291 3554 καὶ
3324 3503 3352 3554 6
3375 3501 3549 3571 μέγας
3591 3503 3763 3556 Ἀπό-

2167 3582 2372 3647 στολος·
2446 3586 2534 3640 ὅτι
2570 3604 2589 3637 ι
2625 3587 2782 3640 Πᾶσα
2808 3587 3030 3657 γλῶσσα
3058 3590 3510 3663 ἐξομολογήσεται
3531 3634 3547 3660 ,
3582 3593 3762 3648 ἐπου-

2167 3674 2389 3745 ρανίων,
2424 3676 2520 3730 καὶ
2553 3678 2831 3747 ἐπιγείων,
2879 3681 2973 3736 καὶ
3003 3680 3390 3753 καταχθονίων,
3436 3686 3519 3739 ὅτι
3544 3681 3761 3757 Κύριος

2179 3765 2386 3838 Ἰησοῦς
2412 3768 2647 3839 Χριστὸς
2679 3772 2760 3836 είς
2789 3771 2944 3838 δόξαν
2980 3773 3114 3828 Θεοῦ
3151 3775 3385 3847 Πατρός.
3424 3795 3444 3829 ι
3487 3769 3565 3831 Οὗ
3594 3794 3762 3846 γενο-

2170 3857 2357 3929 μένου,
2392 3861 2658 3917 ὲπινίκιον
2705 3864 2960 3931 ἀλαλάξει
3006 3869 3035 3920 6
3063 3866 3173 3921 τῶν
3206 3868 3501 3938 κυμϐάλων
3539 3869 3760 3925 τούτων

2168 3944 2318 4021 ἦχος,
2342 3948 2429 4003 διά
2464 3949 2568 4020 τῆς
2595 3951 2783 4023 κοινῆς
2818 3955 3077 4026 συνῳδίας
3106 3957 3198 4010 ἐπὶ
3228 3957 3307 4029 τῷ
3333 3958 3626 4030 ἀφανισμῷ
3652 3960 3758 4014 τοῦ

2171 4039 2558 4112 Πολεμίου(84)
2591 4044 2898 4114 γενόμενος,
2954 4046 3156 4101 Τούτου
3204 4048 3262 4102 δὲ
3300 4050 3579 4115 παντελῶς
3611 4052 3761 4122 ἀφαο

2168 4131 2442 4197 νισθέντος
2474 4134 2568 4188 καὶ
2598 4139 2679 4201 εἰς
2709 4137 2769 4191 τὸ
2811 4137 2886 4210 μὴ
2908 4132 3049 4194 εῖναι
3079 4141 3475 4214 περιελθόντος,
3511 4145 3758 4201 ἀδιαλεί-⁵

2170 4238 2320 4310 πτως
2343 4221 2454 4293 (85)
2477 4224 2535 4278 ὲν
2560 4226 2710 4300 πάσῃ
2736 4231 2872 4300 πνοῇ
2896 4230 3174 4302 ὁμοτίμως
3210 4233 3345 4304 πρὸς
3364 4234 3452 4290 τὸν
3481 4233 3615 4295 Θεὸν
3636 4236 3754 4310 (86)

2169 4312 2199 4364 6
2253 4308 2402 4377 αῐνος
2460 4314 2519 4378 ἐς
2574 4315 2663 4368 ἀεὶ
2706 4316 3165 4391 πληρωθήσεται.⁸
3219 4323 3435 4395 Ἐπειδὴ
3488 4308 3757 4397 τάριούχ

2169 4402 2369 4475 ὡραῖος
2400 4402 2511 4475 (87)
2543 4398 2688 4470 αῖνος
2711 4407 2769 4461 ὲν
2791 4409 3375 4484 πόματιάμαρτωλοῦ,
3392 4431 3409 4462 ι
3431 4412 3758 4483 ἁμαρτωλὸς

481 4506 591 4553 tem
623 4499 970 4568 persolvetur
994 4515 1010 4565 ;
1035 4512 1161 4552 cum
1185 4497 1330 4551 enim
1361 4497 1480 4552 laus
1509 4511 1622 4551 non
1660 4496 1731 4551 sit
1772 4514 1790 4547 ι
1818 4495 2063 4567 speciosa

2173 4496 2232 4550 δὲ
2262 4497 2383 4549 τότε
2408 4497 2508 4550 οὐκ
2540 4497 2727 4564 ἔσται,
2776 4500 2877 4572 τῆς
2913 4501 3186 4573 ἁμαρτίας
3231 4502 3331 4555 οὐκ
3367 4501 3552 4576 οὔσης,
3606 4507 3760 4558 πᾶσα

483 4589 541 4644 in
564 4604 661 4645 ere
696 4589 1131 4660 peccatoris“,i
1183 4594 1317 4641 tunc
1347 4593 1533 4642 autem
1578 4603 1686 4641 non
1740 4587 1815 4643 sit
1848 4587 2072 4642 futurus

2179 4587 2317 4659 πνοὴ
2340 4588 2429 4642 διὰ
2456 4591 2657 4654 παντὸς
2682 4591 2794 4663 (88)
2822 4592 2916 4646 τοῦ
2941 4593 3137 4657 αἰῶνος
3168 4595 3370 4649 αἰνέσει
3400 4596 3491 4651 τὸν
3524 4595 3755 4666 Κύριον,

486 4689 771 4750 peccator,
829 4681 1048 4736 sublato
1080 4679 1230 4735 omni
1272 4687 1522 4750 peccato,
1579 4679 1809 4735 omnino
1843 4688 2060 4750 oportet
2111 4685 2171 4734 ut
2205 4681 2387 4744 omnis
2416 4681 2666 4751 spiritus,
2721 4683 2816 4754 qui
2864 4683 2921 4738 in
2968 4686 3170 4740 saeculo
3227 4686 3320 4741 illo
3380 4686 3502 4751 erit,
3562 4686 3757 4743 Domi—

487 4783 620 4824 num
652 4768 854 4824 laudet.

556 4861 706 4919 Taiis
731 4863 896 4935 igitur
923 4865 1009 4919 via
1040 4865 1107 4920 ad
1136 4863 1530 4920 beatitudinem
1558 4862 1936 4919 demonstrata
1965 4878 2065 4918 no-

478 4956 566 5015 bis
599 4964 705 5024 est,
732 4971 764 5011 a
800 4956 1026 5014 sublimi
1057 4958 1161 5012 hac
1191 4971 1313 5027 quae
1344 4965 1430 5013 est
1456 4956 1513 5012 in
1541 4954 1780 5013 Psalmis
1820 4955 2067 5028 philoso-

544 5141 590 5175 ²²
623 5138 824 5210 Philip.
860 5154 925 5205 ιι,
951 5138 1018 5193 10
1116 5140 1162 5174 ³³
1188 5136 1334 5194 Eccl.
1368 5153 1458 5195 xv.
1480 5138 1514 5193 9

560 5316 675 5388 (76)
710 5317 825 5388 Τῆς
853 5316 1175 5388 σάλπιγγος,
1210 5315 1298 5369 ed.

555 5386 671 5458 (77)
705 5386 996 5458 Γινομένη,
1033 5386 1120 5441 ed.

555 5456 672 5520 (78)
703 5456 843 5520 "0v,
869 5457 956 5510 ed.

558 5526 671 5593 (79)
699 5526 774 5578 Τὸ
804 5525 928 5580 add.
962 5524 1049 5580 ed.

555 5595 668 5664 (80)
700 5594 1146 5664 Ἐντεταγμέναι,
1183 5593 1270 5649 ed.

556 5646 669 5733 (an
699 5646 810 5733 Τὴν
836 5646 1146 5733 dare...”
1302 5653 1308 5667 '

563 5731 678 5802 (82)
707 5731 966 5802 Ἀρχαίαν
987 5747 1095 5786 om.
1128 5731 1212 5788 ed.

2255 4865 2323 4918 Ἥ
2360 4866 2459 4937 μὲν
2487 4860 2580 4921 οὖν
2611 4867 2729 4931 ὁδὸς
2758 4868 2895 4941 πρὸς
2921 4868 2983 4923 τὸ
3018 4871 3309 4942 μακάριον,
3349 4870 3572 4941 τοιαύτη
3604 4872 3757 4942 rupi

2172 4956 2274 5027 τῆς
2307 4957 2550 5029 μεγάλης
2596 4958 2799 5030 ταύτης
2830 4960 2929 5031 τῆς
2960 4959 3073 5033 (89)
3100 4962 3158 5016 ἐν
3193 4964 3306 5026 τοῖς
3333 4961 3568 5034 ψαλμοῖς
3607 4961 3756 5032 φιλο·

2251 5308 2367 5377 (85)
2395 5306 2509 5362 Καὶ
2537 5322 2649 5364 om.
2687 5307 2776 5362 et].

2247 5379 2359 5447 (84)
2392 5377 2660 5447 Πολέμου,
2693 5379 2780 5432 ed.

2268 5446 2359 5514 85)
2389 5446 2778 5514 Ἀδιάλειπτος,
2802 5446 2887 5503 ed.

2270 5519 2360 5572 86)
2399 5519 2457 5570 'U
2484 5533 2594 5571 om.
2624 5517 2712 5572 ed.

2247 5587 2361 5647 (87)
2405 5588 2462 5641 Ὀ
2491 5587 2617 5642 add.
2652 5588 2739 5642 ed.

2247 5658 2359 5723 (88)
2388 5657 2613 5721 Πάντως
2647 5660 2680 5726 ή
2710 5657 2818 5724 διά,
2855 5657 2942 5713 et].

2246 5725 2359 5796 (89)
2395 5727 2506 5798 Τῆς
2538 5741 2645 5781 om.
2671 5725 2763 5785 ed.
