3888 6420
210 380 301 437 485
1579 372 1647 431 IN
1669 373 2003 435 PSALMOS.
3331 380 3436 435 486

212 493 375 564 σοφίας
407 492 539 563 ἡμῖν
579 490 871 563 ὑπεδείχθη
898 532 912 557 ,
956 492 1044 547 ἀεὶ
1090 491 1225 564 πρὸς
1264 491 1325 546 τὸ
1359 491 1545 565 μεῖζόν
1573 510 1632 546 τε
1663 493 1756 547 καὶ

1877 493 2007 561 )bia,
2064 511 2184 568 quae
2240 512 2457 566 semper
2497 496 2565 551 ad
2613 496 2821 565 majora
2870 502 2925 552 et
2972 496 3167 551 altiora
3220 496 3437 551 virtutis

211 584 507 656 ὑψηλότερον
550 582 653 653 τῆς
688 585 780 636 ἐπὶ
826 583 920 655 τὴν
967 584 1166 655 ἀρετὴν
1220 585 1492 649 πολιτείας
1536 588 1753 641 ἐπεισά-

1877 590 2035 644 studia
2071 604 2167 645 eos
2217 589 2475 655 traducit,
2524 587 2617 657 qui
2660 587 2729 641 ad
2771 585 3125 657 perfectionis
3160 585 3438 656 fastigium

210 693 358 745 γουσα
387 674 493 745 (90)
532 675 657 738 τοὺς
681 674 768 728 διὰ
797 674 1000 750 τούτων
1045 676 1181 749 πρὸς
1211 680 1272 730 τὸ
1304 674 1436 746 ὕψος
1458 676 1753 748 όδηγουμέ-

1877 683 1979 751 :jus
2007 682 2270 752 auspiciis
2300 681 2432 737 eniti
2465 680 2786 742 moliuntur,
2828 689 2889 733 ut
2918 678 2988 733 ad
3023 679 3175 734 illum
3204 679 3442 734 beatitu~

210 786 333 831 νους,
363 766 433 830 ὡς
458 767 520 821 ἄν
549 784 634 831 τις
663 766 748 819 ἐπ’
783 767 959 819 ἐκεῖνο
993 767 1174 837 φθάσῃ
1208 766 1267 820 τὸ
1307 768 1506 838 μέτρον
1530 771 1627 839 τῆς
1656 786 1756 839 μα-

1877 773 2005 830 linis
2035 780 2240 829 statum
2264 773 2321 828 'et
2353 771 2571 826 modum
2598 771 2762 827 homo
2786 770 3247 841 pertingat,ultra
3278 785 3439 840 quem

210 860 526 932 καριότητος,
548 851 609 912 οὗ
637 858 700 912 τὸ
721 859 979 912 ἐπέκεινα
999 857 1121 912 οὔτε
1146 861 1180 931 ἡ
1202 860 1314 931 (91)
1348 861 1557 915 διάνοια
1589 862 1758 933 χωρεῖ

209 953 512 1022 στοχασμοῖς
548 968 659 1004 τισι
693 951 787 1004 καὶ
833 949 1107 1014 ὑπονοίαις
1141 950 1567 1019 ἀναλογίσασθαι
1589 990 1602 1015 ,
1635 951 1761 1006 οὔτε

209 1044 345 1111 λόγος
373 1041 437 1094 δι’
469 1040 759 1095 ἀκολούθου
781 1040 841 1094 τὸ
878 1040 1074 1112 ἐφεξῆς
1104 1040 1429 1113 ἐξευρίσκει.
1474 1042 1634 1096 Ἀλλά
1664 1043 1760 1096 καὶ

208 1134 237 1204 ἠ
283 1133 393 1185 κατ’
434 1130 623 1184 ἐλπίδα
675 1129 885 1202 κίνησις
925 1132 957 1200 ἡ
1001 1129 1277 1201 πανταχοῦ
1318 1132 1419 1203 τῆς
1466 1133 1760 1204 ἐπιθυμίας

172 1213 346 1296 vi”).th
394 1222 824 1295 προεξαλλομένη
855 1239 914 1276 τε
947 1223 1040 1277 καὶ
1096 1220 1488 1295 προτρέχουσα,
1543 1225 1760 1280 ἐπειδὰν

207 1317 465 1389 ἐμπελάσῃ
493 1319 605 1380 τοῖς
644 1315 1005 1380 ἀνεικάστοις,
1040 1315 1182 1387 ἀργὴ
1219 1316 1386 1386 μένει.
1422 1316 1495 1371 Τὸ
1533 1318 1592 1371 δέ
1620 1319 1760 1390 ὑπὲρ

206 1406 365 1472 τοῦτο,
394 1409 641 1478 κρεῖττον
683 1407 715 1478 ἢ
766 1407 887 1460 κατ’
914 1407 1102 1462 ἐλπίδα
1148 1410 1314 1463 ἐστίν.
1366 1409 1453 1472 Ὠς
1492 1410 1585 1462 καλ⁵
1625 1410 1761 1480 αὐτὴ

204 1498 283 1553 se
310 1501 403 1571 τῆς
433 1498 802 1570 θεωρηθείσης
830 1498 1035 1563 τάξεως
1073 1499 1106 1569 ἡ
1143 1498 1285 1553 κατά
1316 1500 1416 1571 τὴν
1448 1499 1762 1570 ψαλμῳδίαν

212 1591 480 1660 φιλοσοφία
523 1590 881 1661 μαρτύρεται,
932 1586 1041 1643 οἷόν
1075 1607 1196 1644 τινα
1224 1589 1393 1662 θύραν
1425 1590 1521 1643 καὶ
1562 1590 1791 1661 εἴσοδον¹

204 1684 257 1735 ὲν
296 1682 411 1754 ratio
439 1682 672 1753 πρώτοις
720 1682 828 1735 τῶν
866 1680 1039 1750 λόγων
1080 1682 1174 1734 ἐπὶ
1200 1680 1292 1735 τὸν
1325 1681 1595 1753 μακάριον
1626 1680 1762 1751 βίον,

1859 864 2179 935 cogitationi
2203 871 2425 929 nostrae,
2455 878 2525 918 ne
2550 861 2887 931 coniecturis
2911 861 3133 932 quidem
3164 861 3439 932 aliquibus

1860 964 1914 1010 et
1946 955 2358 1026 suspicionibus
2391 953 2644 1025 progredi
2687 954 2856 1021 licet;
2888 961 2944 1007 et
2984 953 3039 1007 in
3079 967 3188 1022 quo
3208 952 3261 1008 id
3293 951 3439 1022 quod

1863 1048 2000 1101 ultra
2027 1055 2133 1111 est,
2168 1062 2325 1102 mens
2347 1050 2531 1116 hcque
2559 1046 2966 1110 ratiocinando,
2999 1046 3344 1115 alterumque
3373 1058 3441 1098 ex

1862 1140 2034 1195 altero
2057 1138 2361 1209 colligendo
2393 1137 2594 1206 reperit
2621 1152 2635 1188 :
2660 1137 2757 1192 sed
2786 1146 2842 1192 et
2871 1136 2985 1206 spei
3020 1145 3219 1191 nostrae
3247 1134 3437 1198 motio,

1862 1242 1984 1299 qua:
2018 1227 2217 1297 ubique
2256 1226 2515 1282 desiderii
2545 1227 2723 1281 nostri
2756 1225 3039 1280 antevenit
3069 1231 3122 1280 et
3155 1223 3443 1295 praecurrit

1863 1335 2108 1385 cursum,
2137 1331 2428 1391 postquam
2462 1321 2517 1375 in
2543 1320 2635 1374 illa
2662 1318 2881 1383 incidit,
2914 1333 3036 1388 qua:
3069 1318 3217 1371 nulla
3248 1315 3443 1370 simili-

1864 1412 2053 1468 tudine
2073 1413 2303 1483 exprimi
2324 1419 2555 1483 queunt,
2585 1412 2809 1483 fatigata
2833 1417 3051 1477 cessat;
3076 1424 3201 1462 nam
3218 1407 3274 1461 id
3297 1406 3442 1477 quod

1864 1520 2031 1576 supra
2061 1505 2192 1559 illud
2224 1512 2327 1569 est,
2353 1504 2501 1558 omni
2542 1518 2638 1574 spe
2664 1503 2859 1558 melius
2886 1510 2992 1569 est,
3028 1502 3175 1572 quod
3202 1499 3445 1555 Psalmo—

1864 1613 1985 1665 rum
2013 1597 2285 1661 doctrina,
2334 1597 2454 1667 ipsa
2488 1595 2873 1668 dispositione,
2908 1595 2977 1650 de
3021 1608 3130 1663 qua
3174 1593 3443 1647 hactenus

1865 1685 2251 1751 disseruimus,
2279 1692 2541 1740 testatum
2566 1683 2714 1749 facit,
2745 1699 2866 1754 quae
2888 1683 2991 1739 sub
3020 1683 3236 1737 initium
3267 1695 3448 1736 reces—

204 1775 290 1845 τὴν
314 1774 404 1828 τοῦ
451 1770 622 1828 κακοῦ
652 1772 998 1845 ἀναχώρησιν
1034 1776 1167 1845 ἡμῖν
1209 1773 1564 1840 ὑπανοίξασα.
1594 1772 1765 1827 Τοῦτο

1877 1793 1989 1832 sum
2034 1792 2065 1831 a
2119 1776 2283 1840 malo,
2333 1777 2491 1847 quasi
2537 1782 2726 1846 aperto
2765 1776 2933 1840 ostio,
2985 1783 3042 1831 et
3078 1772 3353 1844 patefacto
3378 1771 3449 1826 ad

205 1842 299 1938 γάρ
346 1867 401 1920 αί
444 1864 657 1937 πρῶται
697 1842 873 1934 φωναὶ
898 1842 1000 1935 τῆς
1027 1842 1350 1936 φαλμῳδίας
1400 1864 1761 1930 διδάσκουσιν,

1877 1868 2261 1924 beatitudinem
2286 1842 2459 1934 aditu,
2480 1842 2766 1923 constituit
2790 1866 3009 1937 (primis
3037 1842 3184 1921 enim
3209 1864 3450 1921 Psalmo-

202 1957 361 2027 ἀρχὴν
402 1955 804 2028 μακαριότητος
830 1954 1119 2023 λέγουσαι,
1164 1955 1265 2026 τὴν
1313 1954 1407 2008 τοῦ
1450 1956 1623 2009 κακοῦ
1675 1954 1766 2008 ἀλ-

202 2043 493 2116 λοτρίωσιν.
554 2041 685 2100 Εἶτα
734 2046 834 2117 τὴν
885 2048 949 2099 ἐκ
1017 2045 1111 2099 τοῦ
1169 2045 1335 2116 νόμου
1400 2047 1767 2116 χειραγωγίαν

201 2140 303 2199 τοῖς
342 2131 746 2208 ’πλανωμένοις
817 2136 1182 2207 προτείνασα,
1247 2137 1341 2206 τήν
1402 2154 1460 2189 τε
1514 2137 1650 2208 πρὸς
1707 2136 1766 2189 τὸ

198 2225 431 2290 ἀειθαλὲς
474 2227 633 2294 ξύλον
658 2228 917 2298 ὁμοίωσιν
944 2226 1030 2280 διὰ
1077 2226 1173 2280 τοῦ
1218 2226 1459 2280 τοιούτου
1497 2226 1607 2296 βίου
1640 2228 1770 2281 ὑπο-

200 2316 447 2387 σχομένη.
479 2317 578 2371 καὶ
620 2317 687 2370 τὰ
718 2316 1018 2389 σκυθρωπά
1042 2317 1149 2371 τῶν
1174 2317 1269 2389 τὴν
1297 2318 1545 2373 ἐναντίαν
1575 2336 1771 2392 τρεπο-

203 2407 367 2475 μένων
403 2408 525 2461 ὁδὸν
554 2408 900 2476 ὑποδείξασα,
952 2410 1041 2465 διὰ
1068 2411 1175 2465 τῶν
1214 2413 1413 2483 ἑφεξῆς
1453 2413 1771 2468 ἀναϐάσεων

196 2500 325 2569 πρὸς
348 2500 408 2554 τὸ
437 2501 742 2570 ἀκρότατον
777 2504 898 2573 ἄγει
931 2505 1024 2558 τοῦ
1056 2506 1402 2579 μακαρισμοῦ
1427 2509 1519 2559 τὸν
1555 2508 1622 2578 τῇ
1661 2524 1773 2577 χει-

200 2594 438 2665 ραγωγίᾳ
471 2593 649 2667 ταύτῃ
676 2588 959 2666 ἑπόμενον.
996 2596 1165 2651 Τοῦτο
1188 2600 1297 2669 γάρ
1328 2614 1409 2651 σοι
1437 2598 1773 2652 ἐνδείκνυται

193 2682 224 2751 ἡ
254 2683 346 2736 τοῦ
371 2685 688 2739 τελευταίου
716 2687 934 2759 ψαλμοῦ
964 2688 1195 2755 διάνοια,
1225 2691 1283 2743 ἐν
1311 2682 1356 2757 ᾧ
1391 2690 1529 2760 μετά
1556 2690 1647 2745 τὸν
1671 2691 1775 2761 τῆς

193 2774 386 2838 κακίας
416 2778 661 2848 παντελῆ
695 2779 1000 2851 ἀφανισμὸν
1039 2782 1218 2836 πάντα
1244 2781 1354 2854 (92)
1385 2785 1442 2837 ἐν
1473 2786 1584 2846 τοῖς
1626 2778 1775 2837 οὖσιν

194 2862 317 2932 ἇγια
338 2865 627 2935 ἐσται,καὶ
654 2870 833 2925 πάντα
876 2872 1014 2941 πρὸς
1038 2872 1129 2925 τὸν
1169 2868 1319 2927 αἶνον
1347 2872 1440 2927 τοῦ
1477 2874 1612 2928 Θεοῦ
1640 2892 1775 2944 συμ-

193 2959 450 3029 φωνήσει,
484 2962 576 3014 ἐπ’
603 2961 725 3032 ἴσης
745 2962 801 3016 ἐν
829 2961 907 3033 τῷ
928 2963 1139 3037 στερρῷ
1163 2964 1272 3036 (95)
1297 2965 1395 3035 τῆς
1417 2966 1694 3036 δυνάμεως
1716 2966 1777 3019 τὸ

190 3047 321 3120 πρὸς
356 3050 459 3122 τὴν
493 3051 696 3106 κακίαν
722 3052 991 3124 ἄτρεπτον
1023 3056 1413 3126 προσλαϐόντα,
1453 3058 1549 3111 καὶ
1578 3061 1643 3130 τῇ
1677 3074 1776 3129 με-

1868 1974 1990 2012 rum
2015 1958 2195 2014 verbis
2222 1961 2487 2013 asseritur
2518 1957 2880 2013 beatitudinis
2914 1956 3244 2027 principium
3271 1970 3451 2027 segre-

1868 2048 2016 2119 gatio
2074 2064 2103 2102 a
2153 2048 2425 2119 malitia),
2494 2048 2767 2119 simulque
2811 2047 3125 2102 errantibus
3166 2061 3345 2117 opem
3381 2060 3449 2101 ex

1870 2139 2006 2210 lege,
2052 2140 2213 2210 quasi
2241 2156 2406 2195 manu
2466 2147 2691 2204 extensa
2740 2139 3117 2204 demonstrat;
3176 2137 3449 2207 promissa

1870 2245 1968 2301 per
1997 2230 2314 2300 huiusmodi
2358 2232 2527 2286 vitam
2559 2229 2919 2286 similitudine
2954 2244 3079 2284 cum
3121 2243 3338 2299 semper
3364 2229 3447 2283 vi-
3534 2294 3541 2309 ι

1871 2330 2024 2378 rente
2041 2323 2188 2393 ligno
2208 2341 2222 2390 ;
2246 2338 2545 2393 eorumque
2570 2324 2664 2392 qui
2691 2323 2968 2378 contraria
2988 2320 3316 2393 gradiuntur
3338 2321 3447 2384 via,

1874 2412 2301 2469 adversitatibus
2336 2414 2407 2468 ob
2452 2412 2643 2469 oculos
2672 2412 2903 2483 positis,
2963 2426 3058 2481 per
3091 2408 3291 2480 gradus
3329 2424 3452 2464 sese

1874 2512 2066 2560 mutuo
2118 2513 2522 2576 consequentes
2597 2503 2663 2557 ad
2717 2518 3033 2574 supremum
3094 2501 3454 2558 beatitudinis

1875 2600 2095 2654 culmen
2126 2615 2251 2654 eum
2281 2597 2451 2665 ducit,
2478 2597 2570 2668 qui
2606 2597 2750 2652 hanc
2781 2595 3264 2650 ntanuductionem
3299 2594 3453 2665 sequi

1875 2690 2171 2746 desiderat.
2230 2689 2346 2745 Hoc
2387 2688 2534 2745 enim
2582 2688 2741 2743 docet
2776 2696 2843 2743 te
2878 2687 3053 2741 ultimi
3085 2685 3286 2742 Psalmi
3329 2698 3457 2739 sen-

1876 2782 2064 2847 tentia,
2099 2781 2155 2836 in
2188 2796 2298 2851 quo
2326 2780 2570 2851 peccatis
2600 2779 2821 2849 penitus
2852 2778 3093 2839 abolitis,
3128 2775 3309 2830 omnia
3333 2789 3457 2844 quas

1877 2876 2150 2931 exsistunt
2200 2881 2392 2930 sancta
2436 2882 2622 2937 erunt,
2680 2881 2736 2927 et
2765 2871 2949 2925 omnia
2997 2868 3065 2923 ad
3112 2868 3326 2923 laudem
3362 2867 3454 2922 Dei

1880 2964 2328 3027 concordabunt;
2389 2977 2511 3032 qua:
2563 2969 2682 3016 laus
2712 2959 2995 3030 aequaliter
3028 2958 3081 3011 in
3115 2956 3458 3009 firmamento

1879 3048 2138 3121 virtutis,’
2163 3065 2217 3111 et
2244 3054 2740 3109 immutabilitatem
2775 3052 2842 3105 ad
2874 3051 3077 3104 malum
3109 3048 3374 3110 continet,
3404 3054 3460 3099 et

188 3139 476 3233 γαλωσύνῃ
507 3141 674 3198 αὐτοῦ
728 3144 820 3199 τὸν
854 3144 1099 3218 εὔφημον
1134 3143 1267 3219 ἦχον
1305 3145 1416 3203 οἷόν
1461 3167 1566 3203 τινι
1604 3166 1770 3221 μεγα-

1882 3147 2302 3225 magnificentia
2327 3161 2440 3201 suae
2463 3152 2714 3199 nostrum
2735 3157 2928 3198 sonum
2952 3142 3098 3196 velut
3120 3152 3338 3194 canorae
3351 3137 3464 3191 cui-

187 3229 407 3304 λοφώνῳ
439 3234 712 3304 σάλπιγγι
746 3236 1159 3306 συνεπαίροντα.
1211 3238 1379 3293 Ὀταν
1414 3241 1492 3303 είς
1526 3238 1652 3309 μίαν
1686 3255 1793 3308 χοοί

186 3326 478 3391 ροστασίαν
515 3326 865 3398 συναρμοσθῇ
910 3329 1060 3381 πᾶσα
1088 3330 1120 3399 ἡ
1155 3327 1350 3393 κτίσις,
1385 3330 1492 3383 τῶν
1522 3348 1580 3383 τε
1612 3330 1779 3403 ὑπερ-

186 3417 475 3499 κειμένων,
504 3419 616 3474 τῶν
646 3437 707 3472 τε
740 3420 1155 3492 ὑποϐεϐηκότων
1189 3423 1463 3489 ἁπάντων,
1510 3424 1605 3478 καὶ
1638 3442 1781 3495 κυμ-

187 3506 347 3562 ϐάλου
385 3510 555 3581 δίκην
582 3512 617 3583 ἡ
647 3512 809 3584 νοητὴ
840 3513 1044 3580 κτίσις,
1087 3512 1183 3567 καὶ
1222 3515 1257 3583 ἡ
1286 3513 1381 3568 νῦν
1412 3514 1479 3566 δι’
1506 3515 1780 3586 ἁμαρτίας

188 3603 578 3675 μεμερισμένη
599 3644 614 3669 ,
647 3604 741 3658 καὶ
769 3605 1034 3658 διεστῶσα
1068 3604 1160 3658 τὸν
1192 3604 1396 3674 ἀγαθὸν
1423 3601 1555 3677 ἦχον
1587 3606 1651 3659 ἐκ
1683 3610 1781 3678 τῆς

183 3691 469 3763 ἡμετέρας
498 3694 820 3765 συμφωνίας
844 3693 1182 3753 ἀποτελέσει.
1207 3696 1378 3749 Ὅταν
1400 3695 1681 3768 συνδράμῃ
1704 3696 1783 3767 τῷ

183 3782 469 3856 ἀγγελικῷ
502 3785 566 3838 τὸ
594 3785 880 3858 ἡμέτερον·
920 3785 1018 3839 καὶ
1050 3786 1393 3840 ἀναλαόοῦσα
1429 3787 1539 3856 (94)
1581 3787 1782 3857 ἑαυτὴν

184 3875 248 3927 ἐκ
268 3877 371 3948 τῆς
400 3876 731 3948 συγχύσεως
748 3878 782 3948 ἡ
807 3877 927 3931 θεία
947 3877 1271 3950 παράταξις,
1297 3879 1387 3931 ἐπὶ
1406 3877 1484 3949 τῷ
1505 3878 1649 3949 φόνῳ
1669 3878 1782 3949 (95)

182 3963 290 4018 τῶν
319 3967 614 4038 πολεμίων
643 3966 897 4032 ἀλαλάξει
927 3967 1005 4039 τῷ
1029 3968 1373 4039 τροπαιούχῳ
1399 3968 1458 4022 τὸ
1495 3968 1779 4022 ἐπινίκιον.

184 4058 316 4113 Τότε
342 4061 569 4129 γίνεται
597 4059 776 4130 πάσης
806 4059 975 4131 πνοῆς
996 4060 1025 4112 ό
1045 4056 1193 4126 αἶνος
1223 4062 1304 4125 είς
1332 4061 1417 4114 ἀεὶ
1448 4060 1786 4131 παρατείνων

180 4150 281 4223 τὴν
315 4154 513 4226 χάριν,
558 4153 654 4208 καὶ
682 4153 749 4207 δι’
794 4153 1075 4222 αὐξήσεως
1112 4152 1422 4218 πλεονάζων
1454 4155 1532 4223 εἰς
1570 4153 1630 4207 τὸ
1670 4154 1788 4225 διη-

180 4245 338 4309 νεκὲς
364 4246 430 4299 τὸ
469 4246 768 4316 μακάριον,
807 4246 982 4298 ἐκεῖνο
1016 4243 1162 4314 λέγω
1188 4245 1248 4298 τὸ
1288 4244 1457 4309 ὅντως
1495 4245 1784 4317 μακάριον*

180 4337 267 4408 ἐφ’
296 4335 360 4392 οὗ
398 4340 577 4410 ἀργεῖ
620 4338 773 4409 μὲνὴ
807 4336 1135 4409 στοχαστικὴ
1165 4338 1292 4409 περὶ
1318 4337 1414 4409 τὴν
1447 4338 1647 4406 γνῶσιν
1669 4337 1786 4392 διά-

177 4444 321 4498 νοια,
368 4433 549 4503 ἀργεῖ
581 4430 637 4483 δὲ
666 4430 761 4485 καὶ
790 4431 823 4500 ή
864 4429 1150 4500 ἐλπιστικὴ
1175 4429 1330 4501 ἡμῶν
1357 4430 1624 4501 ἐνέργεια.
1663 4431 1787 4486 Δια-

1884 3238 2009 3292 dam
2067 3237 2213 3291 tubae
2264 3237 2589 3299 consociat;
2641 3230 2863 3302 quando
2908 3230 2963 3284 in
3006 3244 3174 3284 unum
3232 3229 3460 3282 chorum

1883 3329 2155 3384 coalescet
2178 3326 2359 3382 omnis
2383 3334 2660 3388 creatura,
2690 3322 2915 3378 inferior
2933 3330 2986 3376 et
3008 3319 3290 3390 superior;
3312 3333 3463 3373 cum-

1884 3437 1987 3492 que
2020 3419 2258 3492 cymbali
2304 3421 2499 3486 instar,
2549 3414 2942 3470 intellectualis
2992 3420 3211 3478 natura,
3252 3418 3305 3465 et
3343 3424 3466 3480 qua:

1882 3527 2031 3566 nunc
2054 3525 2151 3580 per
2189 3520 2466 3578 peccatum
2511 3506 2789 3577 disjuncta
2829 3514 2929 3568 est,
2971 3503 3278 3573 jucundum
3309 3501 3463 3554 illum

1885 3618 2081 3659 sonum
2126 3618 2190 3656 ex
2247 3609 2434 3655 mutua
2469 3599 2793 3670 symphonia
2841 3596 3198 3651 resultantem
3235 3592 3465 3658 eﬂiciet;

1884 3695 2106 3766 quando
2135 3700 2323 3747 nostra
2371 3701 2565 3744 natura
2596 3703 2723 3743 cum
2752 3685 2997 3757 angelica
3029 3683 3340 3745 conveniet,
3378 3682 3467 3736 di-

1884 3787 2157 3847 vinusque
2197 3783 2470 3838 exercitus
2518 3797 2581 3835 ex
2637 3779 2743 3835 ista
2789 3776 3113 3832 confusione
3154 3780 3466 3841 revocatus,

1886 3879 2064 3949 palam
2089 3884 2142 3931 et
2175 3876 2231 3930 in
2278 3881 2573 3943 conspectu
2616 3870 2855 3926 hostium
2906 3867 3199 3941 epinicium
3237 3865 3468 3919 Domino

1885 3968 2079 4025 victori
2111 3974 2289 4022 canet.
2342 3965 2499 4021 Tunc
2533 3963 2714 4020 omnis
2763 3961 2992 4031 spiritus
3025 3958 3317 4014 Dominum
3349 3956 3468 4009 lau-

1886 4060 2076 4115 dabit:
2109 4075 2230 4129 quae
2258 4057 2642 4133 lausgratiam
2683 4054 2774 4111 Dei
2811 4062 3072 4123 perpetuo
3102 4055 3467 4119 repraesenta-

1887 4149 1990 4217 bit,
2023 4159 2077 4206 et
2110 4152 2448 4206 incremento
2472 4147 2697 4219 perenni
2727 4144 3115 4201 beatitudinem
3153 4138 3467 4209 adaugebit,

1889 4243 2039 4299 illam
2070 4243 2192 4298 dico
2225 4241 2640 4304 beatitudinem,
2692 4252 2815 4307 quae
2862 4249 2991 4290 vere
3042 4231 3325 4287 beatitudo
3354 4238 3467 4295 est;

1890 4353 2054 4408 quam
2104 4336 2151 4392 si
2188 4333 2507 4402 conjectura
2557 4330 2774 4401 assequi
2828 4329 2986 4392 velis,
3032 4326 3255 4393 languet
3301 4320 3465 4384 ratio,

1891 4431 2113 4502 languet
2140 4437 2194 4484 et
2221 4430 2337 4500 ipsa
2367 4442 2490 4498 quae
2522 4426 2577 4481 in
2610 4423 2765 4499 nobis
2795 4428 2897 4485 est,
2917 4416 3174 4489 sperandi
3209 4413 3467 4468 facultas.

174 4519 400 4592 δέχεται
434 4521 498 4574 δὲ
536 4518 647 4591 (96)
678 4521 712 4591 ἡ
756 4519 996 4602 ἄρρητός
1038 4536 1098 4572 τε
1136 4520 1228 4573 καὶ
1267 4519 1656 4592 ἀκατανόητος,
1692 4522 1770 4575 κα⁴

1896 4521 2153 4576 Succedit
2182 4535 2311 4575 vero
2338 4519 2428 4573 ille
2464 4514 2757 4572 ineﬂ'abilis
2789 4521 2844 4568 et
2874 4504 3470 4579 incomprehensibilis,

175 4614 365 4683 πάσης
398 4615 664 4685 κρεῖττον
698 4611 806 4683 (97)
834 4610 1069 4674 διανοίας
1095 4613 1450 4677 κατάστασις,
1505 4632 1524 4665 ι
1564 4614 1630 4685 ἠν
1661 4613 1786 4669 οὕτε

173 4708 470 4781 ὀφθαλμὸς
501 4699 798 4770 εἷδεν,οὖτε
822 4697 915 4766 οῦς
941 4703 1189 4774 ἤκουσεν,
1243 4723 1262 4754 ι
1310 4701 1433 4757 οὔτε
1472 4702 1787 4776 ἀνθρωπίνη

171 4803 382 4875 καρδία
399 4798 719 4871 ἐχώρησεν.
746 4795 901 4850 Οὕτω
922 4795 1029 4868 γὰρ
1047 4794 1282 4867 ὡρίσατο
1303 4794 1369 4848 τά
1390 4795 1570 4863 ἀγαθά
1585 4796 1654 4850 τὰ
1679 4796 1788 4869 (98)

174 4894 235 4949 ἐν
254 4892 339 4966 τῷ
367 4888 655 4961 ἁγιασμῷ
691 4887 1030 4960 ἀποκείμενα
1057 4887 1086 4939 ὁ
1114 4885 1256 4951 θεῖος
1289 4879 1633 4946 Ἀπόστολος,

242 5089 297 5127 ³⁸
328 5090 350 5146 ι
388 5088 632 5151 Cor.'u,
660 5087 715 5142 9.
761 5072 765 5078 ’

272 5290 371 5357 90)
407 5284 853 5357 Ἐπεισάγουσα,
882 5284 969 5339 ed.

270 5353 368 5429 9η
426 5358 502 5429 ῘΗ
543 5369 662 5429 om.
693 5353 783 5429 ed,

247 5419 362 5495 392'
412 5424 637 5484 Omnia
667 5425 831 5479 verba
847 5423 917 5479 ad
937 5422 1028 5477 τὸν
1055 5436 1166 5477 om.
1190 5419 1279 5475 ed.

154 5500 157 5501 ν
244 5503 347 5568 (93
407 5496 578 5570 Πρὸς
604 5494 666 5546 τὸ
688 5495 915 5567 στεῤῥὸν
946 5494 1154 5565 aliquot
1170 5491 1279 5548 cod

250 5433 372 5645 (94;
408 5563 852 5630 Καταλαϐοῦσα,
886 5565 972 5620 ed.

407 5496 578 5570 Πρὸς
593 5494 915 5570 Δἰεὸᾳστεῤῥὸν
934 5494 1154 5570 _aliquot
1170 5489 1336 5548 codd.

250 5563 371 5651 (94)
408 5563 852 5630 καταλαϐοῦσα,
886 5565 972 5620 ed.

1897 4619 1951 4668 et
1979 4611 2128 4667 omni
2177 4610 2509 4681 cogitatione
2551 4606 2745 4663 melior
2793 4610 2991 4668 status,
3027 4614 3189 4671 quem
3247 4616 3265 4648 ι
3295 4611 3474 4667 neque

1897 4705 2092 4759 oculus
2131 4702 2289 4767 vidit,
2320 4716 2499 4772 neque
2526 4699 2675 4755 auris
2707 4696 2942 4759 audivit,
2973 4714 2992 4747 ›
3036 4707 3212 4762 neque
3233 4691 3473 4744 humana

1898 4812 2055 4852 mens
2089 4796 2329 4867 percepit
2349 4794 2415 4851 “.
2465 4792 2558 4849 Sic
2604 4792 2749 4848 enim
2794 4788 3041 4845 definivit
3074 4786 3292 4842 divinus
3323 4783 3475 4855 Apo-

1898 4887 2075 4944 stolus
2096 4886 2241 4943 bona
2280 4889 2338 4942 in
2373 4884 2727 4943 sanctissimo
2759 4880 2855 4937 illo
2885 4885 3031 4937 statu
3061 4876 3337 4949 reposita,

1971 5278 2087 5351 <95)
2116 5274 2358 5351 φανερῷ,
2389 5274 2478 5329 ed.

1997 5350 2087 5405 96)
2122 5347 2249 5411 Καί,
2284 5347 2370 5400 ed.

1997 5354 2087 5405 96)
2122 5354 2249 5411 Καί,
2284 5354 2370 5400 ed.

1977 5354 2087 5489 $97)
2117 5418 2417 5489 Κρείττων,
2450 5414 2539 5469 ed.

1977 5480 2323 5562 (98}"A'yaﬂa
2348 5485 2416 5539 τά
2440 5499 2549 5540 om.
2585 5480 2674 5537 ed.
