3888 6422
453 356 549 416 "51

1694 354 1761 412 s.
1802 355 2132 433 caecout:
2170 359 2468 418 nvsssm

3618 376 3717 434 488

467 512 3694 544 ....__.__..________._____________________________________

1436 608 1584 694 ΤΟ
1641 605 2216 698 ΔΕΥΤΕΡΟΝ
2265 612 2731 701 ΒΙΒΛΙΟΝ.

1375 869 2057 964 TRACTATUS
2140 875 2339 966 SEC
2364 879 2510 966 [ΙΝ
2537 876 2795 970 Βυὸο

963 1137 1194 1192 CAPUT
1231 1137 1526 1196 PRIMUM.

2682 1147 3078 1201 ΚΕΦΑΛΑΙΟΝ
3113 1147 3192 1200 Αι.

522 1225 620 1282 His
648 1227 793 1282 hunc
826 1227 880 1281 in
915 1227 1134 1282 modum
1171 1231 1476 1298 explicatis,
1503 1242 1718 1302 tempus
1755 1236 2035 1304 postulare

2212 1240 2429 1294 Τούτων
2455 1237 2546 1294 οὖν
2579 1240 2686 1308 (99)
2714 1237 2886 1301 οὕτως
2915 1240 3045 1308 ἡμῖν
3067 1233 3572 1306 διευκρινηθέντων,
3606 1246 3736 1283 και.

450 1322 684 1386 videtur,
708 1329 766 1374 ut
793 1331 845 1375 et
873 1320 939 1374 de
963 1322 1417 1390 inscriptionibus
1440 1339 1746 1380 sermonem
1775 1328 2032 1382 institua-

450 1430 595 1476 mus,
649 1429 770 1482 qua:
809 1428 917 1471 non
947 1413 1204 1482 exiguum
1253 1423 1586 1470 momentum
1656 1418 1722 1472 ad
1774 1421 2029 1474 virtutem

453 1506 705 1567 all‘erunt,
747 1505 894 1574 quod
947 1521 1010 1558 ex
1085 1507 1355 1565 sententia
1429 1507 1513 1562 his
1577 1508 2030 1579 inscriptionibus

452 1599 699 1668 subjecta
751 1601 1008 1670 colligere
1041 1601 1184 1655 licet.
1231 1601 1616 1659 Necessarium
1658 1614 1838 1660 autem
1869 1608 2035 1664 fuerit

453 1692 607 1759 prius
634 1691 899 1745 rationem
931 1691 1219 1761 quamdam
1249 1694 1352 1747 arti
1399 1704 1821 1751 conscntaneam
1888 1699 2035 1770 ipsa-

454 1799 574 1838 rum
604 1784 1018 1852 inscriptionum
1045 1785 1205 1850 inire,
1232 1801 1395 1854 quam
1426 1789 1668 1856 ipsorum
1692 1788 2032 1846 Psalmorum

453 1875 950 1929 considerationem
1006 1876 1408 1946 aggrediamur,
1469 1887 1526 1931 ut
1577 1894 1742 1948 quam
1796 1881 2034 1936 maxime

455 1969 674 2037 planum
712 1969 868 2022 nobis
905 1967 1014 2032 ﬁat,
1063 1969 1228 2038 hujus
1254 1970 1520 2025 divinitus
1555 1970 1834 2041 inspirata:
1867 1972 2035 2028 disci.

2143 1334 2234 1406 ρδς
2259 1333 2324 1387 ἂν
2354 1334 2438 1404 εἴη
2471 1334 2563 1386 καὶ
2592 1332 2682 1385 τὸν
2712 1331 2839 1402 περὶ
2871 1330 2979 1384 τῶν
3006 1325 3328 1397 ἐπιγραφῶν
3360 1321 3722 1392 ἐξετασθῆναι

2139 1430 2316 1500 λόγον.
2352 1431 2424 1481 Οὐ
2447 1428 2616 1500 μικρὰ
2653 1428 2726 1497 (1)
2763 1425 2872 1501 γὰρ
2897 1425 3029 1493 ἡμῖν
3059 1421 3195 1492 πρὸς
3217 1419 3316 1490 τὴν
3339 1418 3458 1475 κατ’
3481 1414 3557 1486 (Ξ)
3591 1415 3732 1482 a9"

2137 1524 2236 1592 τὴν
2258 1522 2373 1575 ὁδὸν
2400 1523 2494 1575 καὶ
2515 1521 2675 1573 αὑταὶ
2703 1535 2764 1572 συ
2774 1517 3116 1588 μὸἁλλονται,
3138 1513 3212 1576 ὡς
3234 1511 3443 1575 ἔξεστιν
3463 1506 3524 1573 ἐξ
3544 1506 3730 1574 αὐτῆς

2135 1615 2236 1684 τῆς
2259 1614 2492 1675 διανοίας
2512 1613 2618 1668 τῶν
2635 1607 3122 1680 ἐπιγεγραμμένων
3143 1603 3356 1675 μαθεῖν.
3392 1600 3731 1667 Ἀναγκαῖον

2137 1707 2181 1759 δ’
2214 1706 2279 1759 ἂν
2313 1707 2396 1775 εἴη
2428 1704 2640 1776 πρῶτον
2673 1702 2934 1773 τεχνικήν
2963 1716 3084 1762 τινα
3111 1697 3221 1750 τῶν
3247 1693 3560 1765 ἐπιγραφῶν
3584 1691 3730 1759 €2,90—

2137 1794 2225 1850 δον
2253 1795 2318 1848 δι’
2341 1794 2534 1862 ὀλίγων
2567 1793 2673 1865 πρὸ
2709 1793 2807 1862 τῆς
2833 1791 2941 1844 τῶν
2965 1788 3195 1860 ψαλμῶν
3221 1785 3450 1854 θεωρίας
3482 1784 3732 1854 stet-ﬁco.-

2141 1886 2265 1941 σθαι
2287 1903 2300 1917 ⁸
2337 1887 2413 1950 ὡς
2444 1887 2510 1940 ἂν
2545 1887 2772 1956 μάλιστα
2803 1883 3014 1953 γένοιτο
3058 1881 3217 1950 δῆλον
3247 1879 3342 1933 καὶ
3384 1875 3470 1930 διὰ
3507 1875 3730 1931 τούτων

2137 1980 2290 2048 ἡμῖν,
2325 1977 2406 2037 ὅτι
2445 1978 2552 2040 πᾶς
2590 1979 2618 2030 ὁ
2653 1975 2850 2038 σκοπὸς
2887 1977 2985 2044 τῆς
3016 1970 3369 2031 θεοπνεύστου
3397 1967 3602 2037 ταύτης
3635 1965 3728 2020 δι-

453 2061 614 2129 plinas
669 2060 828 2115 ﬁnem
888 2060 1052 2114 alium
1112 2078 1222 2118 non
1280 2077 1610 2132 esse,quam
1645 2071 1704 2117 ut
1746 2065 1809 2119 ad
1852 2081 2034 2120 veram

2142 2068 2431 2132 δασκαλίας
2494 2068 2661 2130 ἐστὶν,
2719 2068 2810 2120 ἐπὶ
2849 2066 2907 2119 τὸ
2961 2066 3128 2126 ὖντως
3176 2061 3440 2133 μακάριον
3501 2060 3728 2125 ἀναγα-

453 2154 842 2207 beatitudinem
879 2155 1120 2207 animum
1184 2154 1464 2225 perducat.
1496 2155 1840 2211 Psalmorum
1872 2157 2037 2228 igitur

453 2245 541 2296 alii
569 2243 926 2312 inscriptione
953 2247 1178 2298 omnino
1209 2254 1433 2309 carent;
1488 2246 1580 2300 alii
1611 2249 1751 2317 apud
1780 2263 1879 2303 nos
1912 2250 2037 2319 quia

449 2333 574 2386 dem
599 2336 1011 2404 inscriptionem
1038 2333 1320 2405 Propheta:
1347 2337 1577 2403 habent,
1615 2339 1755 2407 apud
1778 2339 2038 2395 Hebrazos

455 2439 564 2478 non
580 2425 801 2478 habent.
831 2426 969 2480 Aliis
1001 2426 1389 2496 inscriptionis
1412 2427 1534 2481 loco
1563 2439 1647 2482 est
1669 2431 1846 2484 solum
1882 2451 1899 2482 ‹
1934 2431 2040 2486 Da-

456 2515 596 2570 vidis
638 2535 656 2567 ›
693 2530 912 2570 nomen.
941 2515 1077 2571 Aliis
1109 2518 1271 2572 simul
1312 2532 1438 2571 cum
1489 2518 1712 2573 nomine
1759 2519 1906 2573 aliud
1939 2520 2036 2574 ad-

455 2610 740 2672 scribitur,
773 2611 856 2664 vel
897 2629 915 2661 ι
949 2612 1066 2665 laus
1091 2649 1106 2678 ,
1136 2632 1154 2666 θ
1188 2612 1270 2666 vel
1313 2631 1330 2663 ι
1368 2613 1668 2677 canticum,
1701 2633 1717 2664 ι
1751 2615 1830 2667 vel
1869 2634 1886 2666 ι
1929 2615 2041 2668 lau-

455 2706 626 2768 datio,
685 2725 703 2758 ›
745 2706 827 2760 vel
864 2724 881 2756 ι
938 2688 1204 2776 psalmus,
1245 2725 1262 2758 ι
1314 2706 1398 2760 vel
1431 2725 1449 2758 ι
1512 2707 1844 2770 intellectus,
1890 2727 1908 2759 ι
1954 2708 2038 2763 vel

457 2817 476 2848 ‹
511 2798 707 2864 oratio,
751 2817 770 2849 ι
806 2797 888 2850 vel
920 2817 938 2847 ι
969 2797 1458 2853 consummationis
1479 2799 1819 2852 tabernaculi
1846 2842 1858 2864 ,
1895 2818 1913 2849 ι
1953 2799 2037 2854 vel

458 2905 476 2938 ι
513 2887 895 2950 dedicationis.
928 2907 946 2939 ι
983 2890 1065 2942 vel
1103 2907 1121 2940 ι
1160 2890 1431 2956 exstasis,
1460 2908 1477 2940 ›
1508 2890 1591 2943 vel
1625 2909 1642 2940 ι
1687 2890 1740 2943 in
1769 2905 2038 2944 rememo-

454 2979 744 3041 rationcm,
791 2997 808 3030 ι
845 2979 928 3034 vel
973 2997 990 3028 ι
1035 2979 1088 3034 in
1134 2978 1562 3042 confessionem,
1622 3000 1639 3031 ι
1673 2982 1757 3034 vel
1795 3001 1812 3033 ι
1878 2997 2038 3037 servo

454 3065 691 3132 Domini,
725 3086 744 3119 ι
775 3067 860 3120 vel
901 3085 918 3118 ι
957 3068 1216 3132 Idithum,
1259 3088 1276 3120 ι
1320 3070 1405 3123 vel
1436 3087 1453 3118 ι
1494 3067 1666 3122 Eman
1695 3068 1968 3124 lsraelitm.
2011 3089 2031 3124 ι

455 3158 510 3213 ln
541 3159 663 3214 aliis
693 3158 1000 3228 concipitur
1031 3159 1316 3229 inscriptio
1340 3175 1464 3214 cum
1488 3159 1721 3228 quadam
1750 3161 2036 3214 nominum

455 3251 766 3320 hujusmodi
790 3260 844 3304 et
875 3251 1163 3305 verborum
1193 3259 1383 3304 mutua
1433 3252 1775 3307 connexione
1798 3261 1852 3308 et
1906 3268 2040 3308 con-

449 3343 733 3414 iugatione
800 3363 812 3397 :
862 3343 945 3396 vel
994 3345 1138 3398 enim
1195 3361 1214 3394 ι
1284 3343 1558 3398 canticum
1611 3346 1830 3414 psalmi,
1897 3365 1916 3399 ›
1953 3345 2039 3401 vel

2140 2164 2254 2230 γεῖν
2282 2161 2356 2231 (5)
2387 2161 2484 2231 τὴν
2508 2161 2762 2216 διάνοιαν,
2790 2157 2909 2212 Τῶν
2929 2156 3104 2210 τοίνυν
3131 2152 3362 2224 ψαλμῶν
3382 2153 3427 2205 οί
3455 2151 3547 2220 μέν
3575 2151 3731 2202 εἰσιν

2140 2248 2502 2319 ἀνεπίγραφοι
2534 2248 2631 2315 (5')
2674 2245 2918 2300 καθόλου·
2950 2245 3014 2296 Οί
3046 2244 3101 2296 δὲ
3149 2242 3279 2312 παρ’
3326 2242 3453 2315 ἡμῖν
3499 2237 3734 2307 ἔχοντες

2140 2340 2238 2410 τὴν
2277 2340 2588 2411 ἐπιγραφὴν
2620 2337 2714 2390 τοῦ
2745 2337 3067 2408 Προφήτου,
3097 2332 3251 2403 παρὰ
3288 2335 3399 2394 τοῖς
3443 2328 3730 2400 Ἑϐραίοις

2139 2432 2239 2485 οὐκ
2286 2431 2485 2502 ἔχουσι.
2519 2431 2643 2493 Τοῖς
2689 2429 2747 2482 δὲ
2785 2428 3060 2497 ἐπιγραφή
3111 2429 3265 2488 ἐστι,
3316 2424 3466 2495 ψιλὸν
3511 2422 3570 2474 τὸ
3623 2421 3730 2475 τοῦ

2146 2542 2164 2574 ‹
2199 2523 2359 2577 Δαυῒδ
2389 2543 2406 2574 ι
2433 2524 2620 2594 ὄνομα.
2660 2521 2874 2584 Ἀλλοις
2900 2504 3037 2589 μετὰ
3057 2519 3150 2573 τοῦ
3176 2519 3435 2590 ὀνόματος
3467 2516 3557 2570 καὶ
3585 2515 3733 2579 ἄλλο

2139 2634 2192 2668 τι
2217 2615 2772 2688 συμπαραγράφεται,
2804 2613 2837 2684 ἢ
2867 2631 2886 2664 ι
2923 2607 3122 2678 αἶνος,›
3148 2613 3182 2683 ἢ
3215 2631 3232 2664 ι
3259 2611 3390 2682 ᾠδὴ,
3420 2632 3437 2663 ι
3463 2611 3495 2683 ἢ
3524 2631 3540 2663 ι
3565 2612 3734 2666 αῖνε·

2143 2721 2247 2767 σις,
2281 2724 2297 2756 ι
2333 2704 2364 2775 ἢ
2398 2723 2415 2755 ι
2444 2704 2675 2774 ψαλμὺς,
2711 2725 2728 2756 ν
2763 2703 2837 2773 ἢ(
2871 2702 3157 2765 συνέσεως,
3191 2721 3207 2754 ι
3242 2701 3273 2772 ἢ
3309 2721 3326 2753 ‹
3366 2702 3649 2773 προσευχὴ
3675 2725 3728 2766 ,ι

2142 2796 2175 2867 ἢ
2213 2816 2230 2847 ι
2267 2795 2464 2860 ὲξοδίου
2496 2795 2720 2866 σκηνῆς,
2763 2814 2780 2846 ι
2812 2794 2844 2865 ἢ
2877 2813 2895 2846 ι
2933 2793 3313 2865 ὲγκαινισμοῦ,
3342 2812 3360 2845 ι
3399 2793 3431 2864 ἢ
3464 2812 3481 2844 ι
3516 2795 3730 2848 ἐκστάο

2144 2907 2301 2954 σεως,
2347 2908 2364 2939 ι
2409 2888 2442 2958 ἢ
2498 2906 2515 2938 ι
2547 2889 2624 2950 εἰς
2655 2886 3050 2956 ὲπανάμνησιν,
3087 2905 3104 2937 ι
3141 2886 3174 2956 ἦ
3223 2904 3241 2939 t
3278 2885 3356 2948 είς
3393 2884 3730 2956 ἐξομολόγη-

2143 2993 2248 3041 σιν,
2276 2995 2294 3026 ι
2319 2975 2350 3045 ἢ
2378 2993 2396 3024 ‹
2424 2974 2501 3044 τῷ
2525 2974 2692 3043 δούλῳ
2711 2974 2940 3046 Κυρίου,
2963 2973 3069 3044 »ῆι
3097 2974 3174 3044 τῷ
3203 2974 3451 3044 Ἰδιθοὺμ,
3480 2973 3550 3044 »ἢ
3582 2994 3606 3026 ι
3643 2976 3730 3046 τῷ

2155 3063 2323 3133 Ἐμὰν
2362 3063 2440 3133 τῷ
2489 3063 2814 3135 Ἰσραηλίτῃ.
2851 3080 2869 3113 ι
2917 3062 3154 3133 Ἑτέροις
3182 3061 3239 3115 δὲ
3281 3061 3419 3133 μετὰ
3459 3061 3734 3130 συζυγίας

2140 3157 2282 3219 τινὸς
2308 3155 2417 3208 τῶν
2445 3155 2722 3224 ὀνομάτων
2753 3153 2957 3207 τούτων
2985 3154 3018 3224 ἢ
3042 3153 3150 3210 τῶν
3179 3153 3438 3224 ῥημάτων
3466 3152 3733 3224 ἀλλήλοις

2143 3246 2607 3318 συγγραφομένων
2744 3245 3022 3315 ἐπιγραφὴ
3056 3246 3285 3313 γίνεται·
3356 3243 3388 3315 ἢ
3426 3245 3533 3316 γὰρ
3559 3264 3577 3298 ι

2140 3336 2375 3407 ψαλμοῦ,
2411 3356 2429 3389 ι
2459 3336 2491 3408 ἢ
2523 3356 2540 3388 ι
2573 3335 2784 3405 ψαλμὸς
2803 3335 2964 3407 ᾠδῆς,
2992 3355 3009 3388 ι
3038 3336 3070 3408 ἢ
3101 3356 3119 3388 ι
3147 3337 3278 3409 ᾠδὴ,
3311 3356 3331 3390 ι
3355 3338 3388 3409 ἢ
3408 3357 3426 3389 ι
3448 3338 3724 3409 ψαλμὸς,ι

458 3457 478 3490 ‹
521 3439 765 3508 psalmus
796 3438 1022 3502 cantici,
1080 3456 1098 3490 ›
1134 3439 1218 3526 vel
1257 3457 1275 3488 ‹
1321 3439 1623 3504 canticum,
1665 3460 1683 3493 ι
1715 3442 1800 3496 vel
1837 3459 1856 3494 ι
1892 3443 2038 3511 psal-

2145 3431 2177 3500 ἢ
2211 3447 2229 3480 ι
2264 3430 2322 3482 ὲν
2353 3429 2541 3499 ὕμνοις
2569 3426 2813 3497 ψαλμὸς,
2852 3447 2870 3479 ι
2909 3427 2941 3498 ἢ
2981 3448 3000 3479 ι
3036 3430 3093 3482 ὲν
3132 3428 3322 3500 ὕμνοις
3355 3429 3645 3492 συνέσεως,
3707 3452 3726 3485 ι

453 3549 597 3594 mus.
637 3552 654 3582 ι
693 3532 774 3586 vel
813 3551 830 3582 ι
872 3533 925 3584 in
948 3531 1167 3601 hymnis
1198 3531 1467 3600 psalmus,
1499 3549 1517 3582 ι
1557 3533 1640 3586 vel
1680 3552 1698 3584 ι
1737 3533 1792 3587 in
1826 3533 2042 3604 hymnis

454 3625 781 3688 intellectus,
833 3642 851 3674 ι
913 3622 997 3677 vel
1057 3642 1074 3674 ι
1133 3623 1310 3676 oratio
1367 3621 1559 3687 David,
1618 3643 1636 3675 ι
1693 3624 1774 3678 vel
1809 3643 1827 3676 ι
1867 3625 2044 3680 oratio

451 3716 699 3787 pauperi,
736 3736 754 3770 ι
822 3715 903 3770 vel
937 3734 954 3766 ι
991 3715 1110 3770 laus
1138 3714 1361 3778 cantici,
1401 3732 1420 3766 ι
1456 3715 1539 3769 vel
1583 3715 1762 3769 simile
1791 3715 1920 3786 quid
1945 3731 2043 3771 no-

451 3810 581 3865 mini
620 3808 842 3864 Davidis
895 3807 1283 3874 conjunctione
1318 3807 1553 3878 quadam
1613 3809 1929 3876 copulatum
1963 3809 2044 3862 in-

451 3901 770 3970 scriptionis
790 3901 969 3953 vicem
993 3899 1166 3954 subit.
1198 3896 1414 3953 Rursus
1442 3900 1495 3952 in
1531 3897 1653 3952 aliis
1687 3899 1793 3952 alia
1823 3914 2044 3969 quoque

450 3991 636 4046 addita
681 4005 907 4044 cernere
940 3989 1069 4041 licet
1107 4007 1119 4041 :
1165 3986 1511 4056 potissimum
1551 3985 1683 4039 illud
1744 4004 1759 4040 :
1809 4004 1828 4036 ‹
1869 3988 1923 4039 In
1979 3986 2044 4039 ﬁ-

452 4097 599 4135 nem.
648 4099 666 4131 ι
731 4077 872 4133 Huic
921 4077 1108 4132 itidem
1166 4077 1288 4130 voci
1333 4076 1540 4142 multis,
1595 4076 1876 4146 variisque
1921 4075 2044 4132 aliis

453 4172 721 4240 adjectis:
762 4179 856 4225 aut
913 4171 1058 4223 enim
1087 4168 1427 4239 adjungitur,
1465 4186 1484 4219 ι
1537 4184 1636 4238 pro
1669 4169 1735 4224 iis
1768 4169 1860 4238 qui
1895 4184 2045 4222 com-

451 4266 811 4320 mutabuntur
845 4280 858 4327 ;
904 4283 921 4314 ι
956 4271 1050 4317 aut
1086 4281 1105 4314 ι
1145 4276 1244 4332 pro
1278 4260 1516 4324 arcanis,
1554 4280 1570 4311 ι
1610 4269 1704 4314 aut
1755 4281 1773 4312 ι
1809 4275 1907 4328 pro
1950 4276 2044 4315 oc—

453 4367 598 4420 tava,
659 4375 676 4408 »
733 4363 825 4409 aut
857 4373 875 4406 ι
917 4371 1016 4424 pro
1056 4369 1119 4409 ea
1151 4368 1274 4423 quae
1325 4352 1701 4408 haeredi-tatem
1749 4353 2044 4422 consequi-

453 4454 562 4509 tur,
600 4464 619 4496 ι
672 4453 765 4500 aut
805 4464 822 4494 ‹
867 4460 967 4514 pro
1003 4443 1396 4506 torcularibus,
1441 4462 1460 4494 )
1535 4451 1630 4496 aut
1662 4461 1680 4494 ι
1715 4455 1814 4514 pro
1862 4458 2046 4498 susce-

453 4539 636 4608 ptione
655 4537 942 4598 matutina,
983 4555 1001 4588 ι
1060 4545 1154 4590 aut
1185 4556 1203 4587 ι
1244 4551 1342 4606 pro
1370 4534 1661 4598 Maheleth,
1709 4553 1728 4587 ι
1765 4544 1859 4588 aut
1894 4555 1910 4586 ι
1944 4549 2044 4605 pro

453 4627 676 4697 populo,
707 4627 798 4695 qui
830 4641 860 4678 a
903 4625 1112 4680 sanctis
1167 4624 1325 4694 longe
1381 4623 1560 4677 factus
1587 4634 1692 4688 est,
1736 4643 1758 4676 ι
1790 4631 1885 4677 aut
1917 4641 1938 4672 ι
1978 4637 2046 4677 ne

2143 3520 2177 3590 ἢ
2230 3539 2248 3571 ι
2289 3519 2597 3591 προσευχῆς
2642 3519 2720 3589 τῷ
2747 3518 2940 3585 Δαυῒδ,
2985 3538 3004 3571 ι
3060 3518 3092 3589 ἢ
3135 3541 3153 3572 ‹
3189 3521 3492 3592 προσευχῆς
3523 3520 3596 3588 (4)
3648 3523 3732 3590 τῷ

2145 3611 2366 3682 πτωχῷ,
2400 3631 2419 3665 ι
2455 3611 2487 3682 ἢ
2530 3629 2547 3661 ‹
2577 3605 2723 3673 αἶνος
2749 3609 2916 3680 ᾠδῆς·
2947 3629 2966 3662 ι
3009 3611 3043 3682 ἦ
3100 3629 3156 3665 τι
3188 3611 3297 3666 τῶν
3353 3610 3606 3665 τοιούτων
3639 3613 3733 3678 διὰ

2145 3701 2406 3771 συζυγίας
2452 3701 2900 3771 συντεταγμένων
2946 3700 3023 3772 τῷ
3062 3701 3283 3770 ὀνόματι
3320 3701 3397 3772 τῷ
3440 3702 3515 3771 (5)
3559 3701 3734 3758 Δαυῒδ

2149 3789 2429 3863 ἐπιγραφὴ
2460 3790 2693 3859 γίνεται.
2738 3789 2906 3856 Πάλιν
2945 3792 3030 3860 ἐφ’
3063 3791 3284 3863 ἐτέρων,
3318 3792 3410 3846 καὶ
3440 3792 3573 3846 ἄλλα
3599 3795 3732 3847 τινὰ

2143 3886 2354 3946 τούτοις
2403 3882 2885 3952 συνεπιγράφεταυ
2920 3882 3359 3954 προτεταγμένου
3402 3882 3521 3953 μὲν,
3548 3881 3623 3947 ὡς
3658 3885 3732 3948 τὰ

2146 3975 2350 4040 πολλὰ,
2379 3972 2470 4027 τοῦ
2519 3992 2538 4025 ι
2576 3976 2655 4036 είς
2696 3974 2756 4027 τὸ
2789 3974 2959 4040 τέλος.
3006 3995 3023 4027 ι
3061 3975 3533 4047 Συγγραφομένων
3565 3976 3621 4029 δὲ
3655 3980 3727 4048 τῇ

2148 4070 2297 4136 φωνῇ
2321 4066 2491 4136 ταύτῃ
2528 4065 2786 4119 ποικίλων
2831 4085 2891 4120 τε
2928 4069 3022 4120 καὶ
3044 4065 3542 4140 διαφόρωνοῆγὰρι
3582 4069 3728 4140 ὑπὲρ

2144 4158 2252 4210 τῶν
2282 4157 2790 4229 ἀλλοιωθησομένων
2813 4158 3183 4230 »προσγράφει
3203 4159 3350 4230 (6)·ἢ
3386 4179 3403 4210 ‹
3445 4160 3585 4231 ὑπὲρ
3613 4160 3728 4212 τῶν

2147 4247 2413 4318 κρυφίων,
2455 4265 2472 4298 ι
2502 4247 2533 4318 ἢ
2569 4266 2587 4300 ι
2619 4248 2758 4318 ὑπὲρ
2784 4248 2881 4318 τῆς
2903 4248 3365 4321 κληρονομούσης,
3406 4269 3422 4300 ι
3457 4249 3490 4320 ἢ
3528 4269 3544 4300 ι
3583 4250 3728 4321 ὑπὲρ

2144 4337 2244 4406 τῆς
2271 4337 2480 4406 ὀγδόης.
2513 4356 2530 4390 ι
2580 4337 2612 4408 ἥ
2651 4357 2667 4388 t
2704 4338 2844 4409 ὑπὲρ
2886 4338 2994 4392 τῶν
3025 4338 3220 4410 ληνῶν,
3261 4359 3278 4389 ι
3317 4339 3349 4410 ἢ
3393 4359 3410 4389 ι
3453 4340 3594 4410 ὑπὲρ

2144 4425 2480 4497 ἀντιλήψεως
2521 4427 2619 4497 τῆς
2669 4427 2918 4498 ἑωθινῆς,
2969 4448 2987 4480 ι
3024 4427 3056 4499 ἢ
3108 4446 3126 4477 ι
3169 4428 3309 4499 ὑπὲρ
3342 4427 3581 4492 Μαελὲθ,
3622 4449 3642 4482 ι
3688 4431 3723 4501 ἢ

2152 4535 2170 4568 ι
2204 4519 2340 4590 ὑπὲρ
2369 4517 2464 4572 τοῦ
2505 4515 2636 4572 λαοῦ
2681 4518 2774 4572 τοῦ
2818 4519 3070 4573 ἀπὺ-τῶν
3101 4520 3271 4588 ἁγίων
3317 4523 3726 4591 μεμακρυμμέ-

2146 4625 2289 4677 von,»
2319 4609 2352 4680 ἢ
2388 4629 2406 4662 ‹
2444 4610 2518 4681 μὴ
2557 4610 2897 4684 διαφθείρῃς,
2927 4631 2944 4664 ι
2992 4612 3024 4683 ἦ
3066 4632 3085 4664 ‹
3118 4615 3198 4676 είς
3232 4612 3664 4683 στηλογραφίαν,
3703 4634 3721 4665 ι

456 4717 797 4788 corrumpas,
838 4737 856 4770 ι
897 4726 991 4771 aut
1025 4735 1044 4767 ι
1086 4717 1143 4770 in
1189 4717 1332 4770 tituli
1383 4715 1814 4784 inscriptionem,
1881 4734 1898 4767 ι
1948 4724 2038 4769 aut

2145 4698 2306 4770 ἧκα).
2345 4701 2627 4772 ἀμφότερα
2683 4703 2872 4760 ταῦτα·
2949 4703 2982 4774 ἢ
3035 4722 3054 4755 ι
3099 4704 3180 4766 είς
3223 4705 3568 4775 Σολομῶντα,
3619 4724 3638 4758 ι
3692 4707 3726 4780 ἢ

457 4809 573 4864 haec
628 4816 860 4876 utraque
893 4806 1089 4873 simul;
1143 4815 1237 4860 aut
1289 4824 1309 4856 ι
1361 4805 1416 4858 ἱη
1457 4802 1828 4872 Salomonem,
1892 4823 1911 4856 ι
1946 4811 2038 4859 aut

2142 4793 2430 4866 ιῴδὴὺπὲρ
2448 4792 2544 4846 τοῦ
2560 4792 2952 4867 ἁγαπητοῦ,›ἢ
2989 4813 3007 4846 ‹
3051 4794 3190 4866 ὑπὲρ
3222 4795 3330 4848 τῶν
3357 4796 3603 4867 κρυφίων
3629 4797 3727 4855 τοῦ

460 4919 482 4952 ε
517 4901 792 4960 canticum
819 4913 915 4965 pro
946 4896 1167 4963 dilecto,
1205 4917 1222 4949 ι
1259 4904 1352 4951 aut
1395 4915 1414 4947 ι
1452 4911 1552 4966 pro
1590 4897 1818 4951 occultis
1847 4895 1962 4957 ﬁlii,
2015 4914 2033 4948 ι

2145 4882 2284 4947 υἱοῦ,
2310 4901 2330 4936 ι
2352 4882 2385 4954 ἦ
2410 4903 2427 4936 ι
2449 4886 2528 4946 είς
2555 4887 2959 4957 ἐξομολόγησιν.
3001 4907 3020 4940 ι
3060 4888 3132 4941 Ἤ
3157 4905 3242 4951 τις
3271 4887 3330 4953 ἐξ
3361 4890 3601 4960 ἱστορίας
3627 4907 3732 4944 πει

455 4998 549 5046 aut
583 5007 602 5040 ‹
665 4989 722 5043 in
769 4986 1209 5052 confessionem;
1244 5006 1264 5040 ι
1303 4993 1396 5040 aut
1468 4987 1648 5055 aliqua
1685 5002 1752 5040 ex
1782 4985 2035 5047 historia,

2149 4973 2410 5043 ρίστασις.
2442 4969 2565 5028 Οἷον
2587 4995 2604 5027 ι
2623 4975 2883 5049 ὅτεῆν(7)
2920 4981 2977 5031 ὲν
3011 4977 3089 5048 τῷ
3116 4979 3384 5050 σπηλαίῳ,
3407 4998 3424 5030 ι
3447 4976 3482 5049 ἢ
3503 4994 3521 5027 t
3553 4981 3640 5033 ὅτε
3666 4981 3729 5034 ὲν

455 5083 733 5150 rebusque
759 5080 930 5150 gestis
946 5078 1360 5133 circumstantia
1379 5077 1617 5132 additur.
1641 5077 1886 5146 Exempli
1909 5091 2038 5129 cau-

2144 5069 2211 5137 τῇ
2243 5067 2431 5138 ἐρήμῳ
2469 5113 2484 5138 ,
2527 5089 2544 5122 ι
2578 5070 2612 5140 ἢ
2648 5090 2666 5122 ι
2697 5070 2787 5126 ὅτε
2821 5071 3109 5125 ἀπέστειλε
3144 5072 3315 5127 Σαοὺλ
3349 5071 3441 5126 τοῦ
3486 5072 3728 5128 θανατῶρ

455 5189 536 5240 sa,
580 5172 736 5238 illud,
767 5190 785 5222 ‹
821 5171 914 5241 qui
945 5171 998 5224 in
1026 5170 1286 5240 spelunca
1317 5208 1332 5233 ,
1371 5188 1389 5222 ι
1417 5169 1522 5235 vel,
1570 5186 1589 5218 ‹
1627 5168 1844 5236 quando
1891 5167 2038 5221 misit

2147 5173 2234 5209 σαι
2267 5156 2448 5219 αὐτὸν,
2487 5176 2506 5208 ι
2555 5157 2589 5227 ἢ
2640 5175 2654 5208 l
2701 5159 2842 5230 ὑπὲρ
2879 5160 2986 5213 τῶν
3031 5159 3205 5228 λόγων
3245 5161 3435 5228 Χουσὶ,
3472 5161 3546 5232 »ἦ
3577 5180 3598 5214 ι
3633 5161 3724 5216 ὅτε

458 5263 612 5331 Saul,
661 5272 722 5319 ut
750 5264 1117 5329 occideretur,
1182 5279 1200 5313 ι
1239 5261 1326 5317 vel
1363 5279 1381 5311 ι
1412 5259 1631 5330 quando
1665 5260 1721 5314 in
1745 5256 2038 5313 solitudine

2146 5247 2406 5316 ἡλλοίωσε
2447 5249 2508 5302 τὸ
2543 5249 2830 5318 πρόσωπον
2870 5251 3034 5307 αὐτοῦ
3077 5253 3319 5309 ἐναντίον
3353 5251 3666 5324 Ἀϐιμέλεχ,
3697 5269 3719 5310 ρ

534 5456 644 5524 (99)
667 5453 774 5527 Οὖν
795 5470 904 5527 om.
937 5451 1025 5509 ed.

2322 5446 2495 5527 ρὸρος
2526 5447 2711 5527 εύχῆς,
2734 5448 2821 5502 ed.

535 5528 610 5586 (I)
629 5517 878 5594 Μικράν,
908 5527 995 5577 ed.

536 5594 613 5654 (2)
652 5595 790 5645 Κατ’
823 5608 932 5647 om.
967 5593 1058 5648 ed.

2219 5517 2274 5582 (εἰ
2331 5517 2457 5579 Τοῦ,
2503 5517 2590 5572 ed.

2222 5518 2296 5654 liii
2329 5586 2590 5654 Προγράφ

536 5594 613 5659 (2)
652 5586 790 5645 Κατ’
823 5586 932 5647 oin.
967 5593 1058 5648 ed.

2222 5586 2296 5659 (Ε)
2329 5586 2664 5659 Ηρογράφειν,
2705 5587 2794 5647 ed.

537 5655 614 5727 ('5)
640 5662 915 5728 ’Λγαγείν,
948 5663 1034 5716 ed.

2226 5655 2300 5727 ιτ)
2339 5656 2470 5728 Τήν,
2505 5659 2591 5717 ed.

539 5728 638 5800 (3‘)
674 5731 736 5782 οι
762 5729 885 5785 add.
907 5730 995 5786 ed.
