3888 6364
476 365 575 422 ιυι

1702 366 1760 425 S.
1795 363 2122 423 GREGORII
2161 364 2452 422 NYSSENI

3634 373 3743 431 ιω

476 497 654 553 quens
685 490 790 546 est,
824 483 966 539 sicut
1022 496 1185 552 supra
1242 480 1500 550 diximus,
1533 491 1589 536 ut
1615 483 2053 553 inscriptionum,

2164 499 2263 554 ραν
2309 483 2432 536 τινὰ
2475 480 2838 553 προεκθέσθαι
2879 482 3117 537 διάνοιαν
3151 498 3165 513 ο
3215 484 3326 539 τῶν
3354 483 3412 537 δὲ
3448 484 3597 538 κατά
3618 502 3743 540 τινα

477 589 601 645 quae
648 573 1060 629 similitudinem
1102 576 1396 645 quamdam
1437 575 1580 630 inter
1625 591 1685 630 se
1712 576 1935 640 habent,
1964 590 2056 645 ge-

478 665 804 722 neraliorem
846 665 1134 736 quamdam
1171 666 1587 736 explicationem
1616 668 1935 732 tradamus;
1964 680 2056 719 ea-

475 773 596 813 rum
619 774 749 814 vero
776 773 897 828 quas
924 758 1097 829 magis
1140 758 1280 814 inter
1313 773 1373 815 se
1393 758 1672 826 diﬂ'erunt,
1725 758 1896 829 magis
1936 771 2057 826 spe-

475 848 667 905 cialem
697 858 752 904 et
789 848 1195 918 particularem.

544 936 727 1004 Quare
746 954 869 993 cum
894 937 1106 994 vexilla
1132 957 1144 992 :
1173 956 1191 989 ι
1216 936 1275 992 1η
1303 938 1484 1004 linem,
1511 958 1531 991 ι
1558 939 1807 1009 plurimis
1833 941 2056 1011 psalmis

472 1030 695 1100 praeﬁxa
741 1028 834 1092 sit,
866 1028 921 1083 id
945 1028 1194 1083 videlicet
1225 1026 1317 1081 illa
1349 1042 1451 1082 nos
1484 1027 1663 1093 docet,
1686 1029 1830 1098 quod
1855 1036 1907 1083 et
1938 1028 2051 1093 alii,

475 1119 568 1189 qui
592 1117 927 1188 Scripturam
952 1116 1294 1187 interpretati
1329 1124 1478 1180 sunt,
1502 1117 1918 1184 intellexerunt;
1942 1118 2057 1187 qui-

472 1210 597 1264 dam
619 1210 763 1265 enim
790 1209 911 1263 loco
932 1208 1052 1278 ejus
1086 1226 1100 1262 :
1141 1226 1159 1258 ι
1188 1207 1247 1260 In
1272 1207 1454 1270 linem,
1490 1227 1510 1260 ι
1538 1210 1697 1262 vertit
1730 1226 1747 1259 ι
1773 1207 2000 1275 Victori;
2031 1225 2051 1260 ι

472 1299 634 1361 alius,
657 1317 677 1350 ι
699 1297 1031 1368 Epinicium;
1060 1315 1080 1349 ι
1102 1295 1264 1358 alius,
1293 1316 1312 1348 ι
1334 1296 1391 1350 1η
1419 1296 1726 1353 victoriam.
1751 1318 1768 1349 ι
1786 1295 2056 1363 Quocirca

472 1405 600 1446 cum
633 1389 816 1446 omnis
845 1389 1163 1445 certaminis
1202 1388 1428 1443 victoria
1475 1390 1548 1444 sit
1592 1386 1738 1454 ﬁnis,
1767 1388 1833 1443 ad
1868 1402 2054 1458 quam,

400 1514 407 1519 -
475 1482 569 1552 qui
625 1492 902 1537 certamen
952 1480 1353 1552 ingrediuntur,
1384 1482 1569 1537 omnia
1624 1496 1724 1537 sua
1776 1480 2054 1548 referunt,

475 1588 648 1644 eaque
678 1572 801 1628 freti
847 1587 1091 1645 pugnare
1120 1574 1411 1644 incipiunt,
1443 1574 1576 1629 mihi
1617 1574 1779 1644 plane
1827 1587 2054 1644 persua-

476 1666 583 1722 deo
643 1683 663 1718 (
701 1664 822 1722 linis
869 1682 889 1718 ο
946 1664 1189 1729 nomine,
1228 1666 1375 1720 velut
1423 1664 1573 1721 brevi
1624 1664 1859 1735 quadam
1904 1678 2056 1719 com-

475 1755 795 1822 monitione,
821 1753 1046 1811 excitari
1090 1769 1281 1812 omnes
1310 1756 1454 1820 illos,
1489 1757 1582 1827 qui
1628 1755 1682 1810 in
1724 1756 1889 1826 hujus
1932 1754 2056 1811 vitae

475 1847 656 1906 stadio
691 1819 789 1918 per
813 1846 1034 1903 virtutis
1070 1819 1523 1903 exercitationem
1559 1819 1862 1911 decertant,
1900 1854 1959 1900 ut
1992 1845 2055 1900 ὓ·
2088 1819 2130 1874 Β

475 1953 600 1994 nem
636 1937 1010 2009 respicientes,
1042 1952 1138 2007 spe
1173 1952 1389 1992 corona:
1431 1937 1759 2003 obtinendae,
1800 1940 2056 1995 certami-

474 2042 605 2083 num
638 2028 879 2084 laborem
910 2027 1091 2082 levent
1114 2034 1171 2082 et
1196 2028 1462 2082 minuant.
1492 2026 1647 2094 Quod
1676 2044 1822 2084 nunc
1866 2031 2055 2086 itidem

474 2120 532 2177 in
555 2119 947 2178 certaminibus
976 2119 1197 2177 evenire
1223 2118 1488 2175 videmus.
1513 2118 1729 2175 Corona
1751 2122 1895 2177 enim
1921 2138 2054 2195 prae-

474 2210 849 2266 demonstrata
885 2210 956 2267 iis
1006 2210 1098 2280 qui
1137 2209 1192 2263 in
1228 2209 1495 2279 palaestris
1538 2213 1906 2281 congressuri,
1940 2228 2055 2267 ma-

475 2313 688 2368 nusque
721 2300 1029 2355 conserturi
1071 2306 1221 2363 sunt,
1260 2299 1489 2353 multum
1522 2301 1735 2357 roboris
1770 2302 1956 2369 addit;
2001 2314 2055 2360 et

476 2388 810 2459 diligentiam
861 2389 927 2443 ad
968 2390 1250 2444 victoriam
1280 2391 1630 2446 obtinendam
1671 2395 1837 2457 acuit,
1894 2397 2051 2450 mole-

481 2480 598 2536 aliis
631 2480 756 2544 illis,
786 2494 907 2549 quae
936 2481 989 2534 in
1015 2478 1267 2535 conﬂictu
1299 2481 1389 2534 illo
1416 2482 1711 2537 subeundae
1739 2492 1885 2549 sunt,
1925 2499 2046 2553 spe-

481 2577 594 2624 rata
624 2570 816 2642 gloria,
850 2571 1081 2626 multum
1125 2572 1453 2627 extenuatis.
1475 2568 1618 2642 Ergo
1641 2585 1766 2625 cum
1797 2574 2054 2629 omnibus

480 2663 546 2717 ad
580 2670 856 2718 certamen
897 2662 1133 2723 stadium
1174 2670 1420 2734 apertum
1463 2663 1534 2716 sit
1563 2664 1833 2734 (stadium
1873 2672 2053 2719 autem

479 2762 562 2811 est
582 2756 887 2810 communis
914 2755 1195 2810 hominum
1225 2754 1392 2824 vita),
1423 2769 1640 2823 unaque
1677 2756 1932 2811 omnibus
1964 2755 2053 2809 ad-

481 2855 748 2911 versetur,
765 2855 817 2902 et
837 2846 1145 2902 obluctetur
1165 2846 1483 2917 improbitas
1503 2855 1556 2901 et
1581 2847 1784 2901 malitia
1804 2865 1816 2912 ;
1844 2847 2050 2904 dolosis

481 2936 722 2993 luctandi
736 2937 912 2992 modis
935 2936 1292 2993 multifariam
1308 2952 1424 3002 eos,
1444 2937 1537 3006 qui
1554 2954 1616 2992 ex
1637 2937 1867 2993 adverso
1883 2947 2052 3006 stant,

482 3026 955 3099 prosternenszob
1003 3027 1059 3081 id
1105 3029 1343 3097 Optimus
1386 3028 1692 3083 animorum
1741 3043 2052 3086 nostrorum

481 3115 744 3188 magister
762 3123 817 3174 et
846 3118 1164 3183 instructor,
1186 3117 1346 3173 ﬁnem
1369 3119 1586 3174 sudoris
1606 3126 1659 3175 et
1681 3120 1881 3177 laboris
1903 3123 2054 3193 prius

480 3207 643 3264 nobis
663 3208 900 3263 ostendit
917 3207 1195 3278 decusque
1216 3224 1284 3264 ex
1307 3223 1509 3264 corona
1529 3210 1680 3264 nasci
1703 3221 2053 3276 consuetum,

482 3303 540 3353 et
586 3297 862 3368 publicum
906 3297 1039 3353 illud
1080 3300 1449 3369 praeconium,
1493 3301 1841 3372 victoriaque
1888 3312 2058 3375 partae

478 3387 948 3458 praedicationem,
979 3397 1039 3444 ut
1068 3390 1243 3446 oculis
1270 3390 1340 3446 ad
1375 3390 1527 3446 illum
1560 3390 1720 3447 linem
1756 3396 2060 3461 conversis,

481 3479 729 3535 victoriae
770 3480 978 3536 auctori
1016 3481 1292 3548 innitaris,
1341 3481 1747 3553 epiniciumque
1790 3491 1846 3539 et
1890 3485 2063 3542 victo-

482 3569 619 3625 riale
659 3585 880 3628 carmen
923 3572 1018 3627 tibi
1064 3586 1366 3642 compares.
1409 3572 1540 3640 Quae
1573 3583 1752 3631 autem
1785 3576 1888 3631 alia
1931 3592 2063 3632 con-

482 3669 742 3721 sentanea
768 3662 839 3718 ad
867 3663 1085 3720 virtutis
1130 3664 1473 3735 disciplinam
1521 3666 1608 3722 bis
1654 3667 1870 3723 subsint
1900 3684 2060 3724 sensa

478 3762 535 3810 et
563 3755 908 3821 documenta,
936 3771 1049 3813 non
1079 3755 1216 3827 fugit
1268 3758 1391 3814 illos
1421 3758 1513 3828 qui
1556 3758 1625 3813 ab
1660 3759 1764 3814 hoc
1807 3759 1963 3815 initio
1993 3761 2061 3815 ad

479 3845 872 3915 consequentia
927 3846 1240 3918 prospicere
1297 3850 1499 3907 valent.
1537 3849 1732 3920 Liquet
1779 3852 1926 3906 enim
1983 3859 2063 3907 tot

479 3933 735 3992 hostibus
770 3937 978 3994 nostris
1015 3947 1208 3993 contra
1252 3953 1355 3995 nos
1406 3942 1703 4010 pugnandi,
1729 3943 1838 3996 imo
1881 3951 1935 3998 et
1962 3958 2063 3999 nos

479 4019 788 4077 debellandi
817 4038 939 4080 esse
968 4040 1167 4080 causas
1202 4034 1257 4081 et
1293 4041 1480 4094 ansas,
1521 4038 1654 4099 quot
1705 4043 1835 4086 sunt
1869 4033 2063 4089 animae

479 4113 940 4182 perturbationes,
980 4115 1182 4186 quibus
1216 4124 1475 4188 tanquam
1528 4122 1831 4176 membrum
1884 4123 2061 4194 quod-

481 4200 628 4269 dam,
647 4204 790 4259 ratio
815 4205 981 4260 animi
1003 4208 1177 4262 nostri
1206 4223 1351 4280 sa’pe
1376 4210 1614 4274 luxatur,
1643 4212 1766 4267 loco
1790 4222 2058 4283 movetur,

479 4298 537 4347 et
555 4291 875 4364 plerumque
899 4295 1062 4350 etiam
1087 4304 1155 4352 de
1182 4305 1330 4354 statu
1358 4315 1460 4357 suo
1488 4300 1763 4371 dejicitur,
1795 4304 1900 4360 nisi
1935 4306 2060 4377 quis

478 4383 871 4440 exercitatione
881 4384 992 4455 jam
1016 4389 1321 4457 procultus,
1340 4400 1392 4445 et
1412 4390 1648 4463 legitima
1672 4394 1951 4466 pugnandi
1972 4409 2062 4450 ra-

479 4472 651 4540 tione,
667 4482 729 4529 ut
763 4476 1002 4547 loquitur
1028 4478 1342 4549 Apostolus,
1360 4481 1463 4536 sibi
1492 4484 1632 4539 viam
1656 4478 2059 4551 tutam,‘casus-

480 4575 589 4632 que
603 4572 878 4634 expertem
893 4569 949 4621 in
967 4566 1279 4637 hujusmodi
1300 4572 1696 4629 certaminibus
1714 4576 2056 4645 praepararit,

480 4650 725 4708 victoriae
746 4655 960 4712 laudem
980 4657 1225 4729 adeptus.
1247 4675 1371 4731 quae
1387 4663 1567 4719 omnis
1589 4680 1783 4736 pugnae
1806 4666 1930 4722 linis
1951 4673 2055 4723 est.

559 4741 827 4798 Caeterum
861 4760 925 4801 ea
944 4761 1069 4817 qua:
1095 4749 1237 4815 voci,
1273 4769 1294 4802 ι
1319 4753 1383 4804 ln
1406 4750 1589 4819 ﬁnem,
1618 4773 1638 4807 ι
1669 4755 2053 4825 ascribuntur,

480 4834 808 4892 documenta
832 4835 1083 4907 quaedam
1112 4848 1262 4906 sunt,
1289 4847 1346 4897 et
1378 4844 1609 4899 consilia
1646 4846 1715 4901 ad
1742 4847 2051 4916 victoriam,

489 4926 694 5001 quibus
720 4937 952 4985 conatus
980 4937 1168 4987 noster
1211 4940 1268 4989 et
1295 4934 1534 4990 studium
1586 4952 1848 5008 prospere
1877 4940 2057 4996 cedat.

478 5016 621 5075 Nam
644 5017 778 5074 illud
804 5016 943 5075 «Pro
961 5018 1032 5077 iis
1051 5023 1143 5092 qui
1163 5026 1712 5093 commutabunturn
1827 5037 1882 5085 et
1904 5031 2059 5098 illud,

486 5129 507 5162 ι
531 5109 641 5169 Pro
656 5108 909 5179 Mahelet,
937 5130 958 5165 ι
984 5114 1128 5184 quod
1150 5116 1241 5171 alii
1262 5117 1517 5185 reddunt,
1544 5136 1563 5171 ι
1586 5118 1690 5175 Pro
1718 5121 1940 5195 chorea,
1966 5141 1985 5175 ι
2005 5129 2062 5178 et

476 5198 670 5268 illud,r
689 5201 986 5278 Respicere
1005 5206 1072 5264 ad
1099 5222 1335 5276 arcana;
1366 5228 1387 5264 ι
1412 5217 1488 5279 et,
1525 5229 1544 5263 ι
1575 5211 1680 5268 Pro
1701 5211 1903 5270 dilecto
1930 5229 2061 5272 can-

556 5383 667 5453 (18)
697 5385 771 5440 Τό
807 5386 934 5443 add.
968 5386 1057 5443 ed.

553 5455 769 5525 ι19)Τό
806 5471 917 5512 om.
952 5458 1043 5512 ed.

571 5523 664 5584 ΞΟ)
703 5523 766 5577 '0
795 5526 921 5583 add.
960 5528 1050 5584 ed.

574 5529 665 5661 :2;
693 5529 926 5661 (ἔτιἱέἒέ
954 5529 1115 5651 :gdd.
1139 5594 1405 5661 εὐδοκίας.

579 5657 672 5730 22)
710 5657 800 5730 ῘΕν
825 5657 870 5730 ᾧ
896 5680 1009 5719 om.
1040 5666 1129 5719 ed.

576 5728 667 5803 23)
697 5728 929 5795 Quidam
957 5748 1067 5789 om.
1101 5733 1247 5797 τούς.

2155 573 2417 645 διαφορὰν
2462 574 2846 644 ἐκτιθεμένων,
2907 574 3222 647 ίδικωτέραν
3273 576 3609 648 ποιήσασθαι
3641 577 3742 648 τὴν

2158 663 2425 730 ἐξέτασιν.

2241 934 2455 1005 Ἐπειδὴ
2506 934 2683 988 τοίνυν
2730 936 2763 1005 ἡ
2810 936 2889 998 εἰς
2926 934 2987 988 τὸ
3032 934 3184 998 τέλος
3229 933 3403 1005 φωνὴ,
3436 938 3553 1000 τοῖς
3587 935 3744 989 πλεί-

2159 1043 2304 1090 στοις
2345 1026 2453 1079 τῶν
2484 1025 2715 1096 ψαλμῶν
2758 1027 3196 1097 ἐπιγέγραπται,
3246 1025 3404 1078 τοῦτο
3441 1020 3595 1097 οἶμαι
3627 1027 3743 1081 δεῖν

2157 1118 2285 1189 περὶ⁵
2308 1117 2498 1171 τούτου
2526 1118 2833 1186 γινώσκειν,
2862 1119 2999 1188 ὅπερ
3022 1118 3055 1185 ἡ
3084 1116 3191 1169 τῶν
3218 1116 3421 1170 λοιπῶν
3449 1118 3744 1188 σαφηνίζει

2155 1208 2364 1264 διάνοια
2390 1208 2498 1262 τῶν
2526 1209 2625 1279 τὴν
2670 1208 2839 1279 αὐτὴν
2890 1208 3446 1280 μεθερμηνευοάντων
3488 1210 3741 1281 Γραφήν.

2134 1340 2139 1345 .
2169 1302 2226 1355 '0
2246 1302 2343 1373 μὲν
2358 1301 2466 1372 γάρ
2482 1318 2565 1364 τις
2581 1300 2702 1356 ἀντὶ
2720 1300 2813 1353 τοῦ
2836 1319 2854 1351 ι
2880 1302 2976 1364 Εἰς
2995 1299 3058 1352 τὸ
3074 1300 3244 1364 τέλος,
3258 1321 3278 1357 ›
3303 1320 3322 1353 ι
3335 1301 3424 1372 Τῷ
3442 1301 3740 1372 vntoth»

2158 1393 2341 1463 φησίνο
2372 1393 2401 1444 6
2424 1391 2480 1446 δὲ
2507 1410 2526 1442 ι
2550 1391 2911 1462 Ἐπινίκιον,›
2946 1394 2975 1446 6
3002 1392 3059 1445 δὲ
3090 1391 3150 1444 τὸ
3176 1411 3195 1443 ι
3225 1390 3320 1455 Εἰς
3347 1394 3512 1455 νῖκος.
3539 1412 3559 1445 ι
3579 1393 3746 1446 Ἐπεὶ

2155 1481 2247 1540 οὖν
2283 1483 2395 1555 (i8)
2446 1483 2601 1546 τέλος
2628 1483 2828 1548 παντὸς
2872 1482 3080 1552 ἀγῶνος
3112 1484 3144 1553 ἡ
3175 1483 3300 1553 νίκη
3336 1484 3562 1553 γίνεται,
3596 1486 3744 1557 πρὸς

2156 1575 2223 1646 ἣν
2253 1574 2542 1645 βλέποντες
2576 1573 2626 1627 οἱ
2658 1572 2795 1644 πρὸς
2823 1574 2948 1637 τοὺς
2980 1573 3194 1643 ἀγῶνας
3228 1574 3598 1645 ἀποδυόμενοι,
3635 1579 3745 1645 τῆς

2156 1664 2435 1736 ἀθλήσεως
2460 1663 2741 1729 ἅπτονται,
2773 1664 2921 1718 δοκεῖ
2947 1682 3035 1734 μοι
3070 1664 3160 1718 διὰ
3190 1664 3282 1719 τοῦ
3311 1665 3493 1732 τέλους
3519 1668 3548 1720 ὀ
3573 1666 3745 1735 λόγος

2158 1758 2222 1810 ἐκ
2268 1756 2526 1828 βραχείας
2564 1758 2749 1827 φωνῆς
2785 1758 3092 1829 ἐπεγείρειν
3141 1759 3221 1822 εἰς
3268 1760 3571 1830 προθυμίαν
3602 1764 3745 1827 τοὺς

2160 1849 2248 1903 διά
2274 1849 2383 1903 τῶν
2402 1850 2612 1923 ἀρετῶν
2639 1849 2933 1914 ἀθλοῦντας
2956 1851 3016 1903 ἐν
3041 1849 3119 1921 τῷ
3149 1851 3344 1923 σταδίῳ
3368 1852 3458 1906 τοῦ
3489 1852 3625 1923 βίου,
3659 1853 3748 1922 ὡς

2161 1937 2226 1992 ἂν
2256 1939 2337 2001 είς
2363 1939 2424 1991 τὸ
2455 1938 2564 2010 (l9)
2592 1938 2742 2001 τέλος
2768 1938 3073 2010 βλέποντες,
3102 1940 3236 2011 ὅπερ
3264 1941 3462 2012 ἐστὶνή
3493 1942 3644 2015 νίκη,
3669 1947 3745 2016 τῇ

2159 2027 2268 2082 τῶν
2316 2030 2596 2098 στεφάνων
2630 2028 2803 2083 ἐλπίδι
2851 2030 2942 2084 τὸν
2987 2032 3046 2083 ἐν
3068 2033 3181 2093 τοῖς
3215 2030 3395 2097 ἄθλοις
3426 2033 3579 2087 πόνον
3610 2037 3750 2089 ἐπι-

2160 2118 2488 2189 κουφίζοιεν.
2522 2120 2698 2190 Ὅπερ
2727 2119 2791 2190 δὴ
2819 2120 2911 2173 καλ⁵
2940 2119 3034 2176 νῦν
3063 2122 3121 2174 ἐν
3152 2123 3264 2185 τοῖς
3292 2123 3491 2191 ἀγῶσιν
3512 2124 3750 2196 ὁρῶμεν

2159 2211 2461 2282 γινόμενον.
2492 2211 2956 2281 Προδεικνύμενος
2998 2211 3106 2283 γὰρ
3152 2215 3262 2276 τοῖς
3299 2215 3433 2286 πρὸς
3470 2214 3751 2287 ἀλλήλους

2160 2300 2219 2354 ἐν
2242 2302 2354 2364 τοῖς
2384 2300 2616 2363 σταδίοις
2645 2300 3112 2371 συμπλεκομένοις
3137 2303 3249 2373 (20)
3277 2303 3552 2374 στέφανος,
3572 2307 3751 2378 ὲπιῤ-

2165 2392 2396 2463 ῥώννυσι
2424 2393 2624 2462 μᾶλλον
2649 2392 2825 2445 αὐτῶν
2854 2394 2954 2463 τὴν
2986 2393 3130 2464 ὑπὲρ
3162 2394 3262 2465 τῆς
3296 2396 3446 2466 νίκης
3474 2398 3743 2470 σπουδὴν,

2159 2481 2267 2535 τῶν
2307 2481 2605 2552 γινομένων
2655 2484 2835 2546 αὐτοῖς
2882 2482 2970 2537 διὰ
3019 2484 3118 2554 τῆς
3164 2484 3476 2555 συμπλοκῆς
3542 2484 3740 2542 πόνων

2163 2570 2266 2623 ὑπὸ
2294 2571 2395 2641 τῆς
2440 2570 2797 2643 ἐλπιζομένης
2831 2572 3070 2638 εὐδοξίας
3112 2574 3221 2644 (21)
3266 2575 3741 2645 ἐκκλεπτομένων.

2160 2661 2303 2713 Ilio:
2332 2661 2511 2715 τοίνυν
2544 2662 2888 2731 ἠνεῳγμένου
2936 2661 3030 2715 τοῦ
3080 2664 3294 2717 σταδίου
3333 2662 3466 2737 πρὸς
3506 2663 3746 2735 ἄθλησιν

2162 2747 2409 2820 (στάδιον
2445 2748 2503 2801 δὲ
2550 2751 2578 2801 6
2628 2749 2804 2812 κοινὸς
2854 2749 2961 2803 τῶν
3003 2751 3304 2823 ἀνθρώπων
3360 2753 3469 2822 βίος
3510 2754 3741 2821 ἐστὶν),

2161 2841 2219 2896 ἐν
2256 2835 2300 2908 ᾧ
2335 2841 2445 2911 (22)
2494 2836 2575 2904 εἷς
2622 2839 2914 2903 ἀντίπαλός
2946 2843 3091 2895 ἐστιν
3136 2845 3170 2913 ἡ
3213 2842 3380 2896 κακία
3405 2884 3420 2910 ,
3472 2843 3744 2919 πολυτρό·

2163 2950 2280 2995 πως
2353 2936 2465 2997 τοῖς
2541 2933 2773 3004 δολεροῖς
2846 2934 3181 3004 παλαίσμασι
3257 2934 3743 3009 καταγωνιζομένη

2161 3026 2285 3089 τοὺς
2328 3024 2436 3096 (25)
2478 3024 2977 3096 προσπαλαίονταςο
3034 3026 3120 3079 διὰ
3149 3024 3306 3079 τοῦτο
3335 3029 3362 3080 ὁ
3393 3026 3588 3095 ἀγαθὸς
3623 3028 3744 3082 τῶν

2160 3117 2347 3186 ψυχῶν
2400 3115 2750 3187 παιδοτρίϐης
2805 3113 3147 3187 προδείκνυσί
3204 3132 3285 3169 σοι
3335 3116 3442 3170 τῶν
3488 3116 3745 3187 ἱδρώτων

2160 3208 2221 3261 τὸ
2252 3208 2428 3271 τέλος,
2460 3207 2555 3261 καὶ
2586 3206 2677 3261 τὸν
2702 3209 2767 3261 ἐκ
2801 3207 2912 3261 τῶν
2949 3209 3228 3276 στεφάνων
3264 3208 3486 3278 κόσμον,
3514 3210 3603 3263 καὶ
3634 3211 3742 3281 τὴν

2161 3300 2253 3352 ἐπὶ
2281 3301 2346 3370 τῇ
2379 3299 2501 3370 νίκῃ
2529 3299 2829 3371 ἀνάρρησιν
2848 3315 2861 3328 ·
2896 3299 2983 3353 ἵνα
3010 3300 3146 3371 πρὸς
3177 3302 3350 3353 ἐκεῖνο
3378 3300 3584 3370 βλέπων
3618 3301 3741 3373 (24)

2160 3391 2219 3443 τὸ
2248 3390 2417 3457 τέλος,
2448 3389 2524 3459 τῷ
2553 3387 2810 3459 νικοποιῷ
2842 3388 3066 3442 σεαυτὸν
3091 3389 3394 3461 ἐπερείδῃς,
3423 3388 3515 3442 καὶ
3534 3389 3591 3442 τὸ
3619 3390 3738 3461 (25)

2160 3480 2424 3534 ἐπινίκιον
2464 3481 2726 3552 κήρυγμα
2774 3477 2988 3550 σεαυτῷ
3037 3479 3480 3551 παρασκευάζης.
3513 3479 3655 3532 Ὅσα
3678 3481 3741 3535 δὲ

2161 3570 2367 3633 τούτοις
2399 3570 2540 3624 κατά
2584 3570 2645 3623 τὸ
2675 3570 2967 3623 ἀκόλουθον
3001 3568 3226 3622 ὕπεστιν
3281 3570 3381 3640 τῆς
3417 3571 3498 3634 είς
3537 3571 3742 3642 ἀρετὴν

2161 3660 2504 3725 διδασκαλίας
2537 3662 2822 3733 νοήματα,
2865 3659 3071 3731 φανερά
3116 3661 3333 3723 πάντως
3379 3660 3446 3715 ἂν
3497 3660 3579 3731 εἴη
3622 3665 3745 3725 τοῖς

2160 3750 2250 3804 διά
2279 3753 2378 3823 τῆς
2406 3751 2578 3822 ἀρχῆς
2608 3750 2812 3821 ταύτης
2845 3750 2980 3821 πρὸς
3022 3750 3080 3803 τὸ
3122 3750 3410 3804 ἀκόλουθον
3457 3749 3739 3821 βλέπουσι.

2161 3843 2328 3914 Δῆλον
2358 3842 2467 3914 γὰρ
2509 3843 2591 3895 ὅτι
2634 3844 2735 3896 ὅσα
2783 3842 2883 3912 τῆς
2911 3842 3088 3911 ψυχῆς
3121 3842 3265 3913 πάθη
3301 3843 3467 3908 ἐστὶν,
3500 3842 3744 3897 τοσαῦτα

2142 3935 2490 4007 ’κρατήματα
2519 3933 2626 3987 τῶν
2659 3932 2869 4003 ἐχθρῶν
2896 3933 3102 4000 γίνεται
3133 3933 3254 3986 καθ’
3285 3932 3462 4005 ἡμῶν,
3495 3934 3589 3986 καὶ
3630 3950 3745 3988 πα-

2160 4026 2472 4097 λαίσματα·
2522 4025 2589 4079 δι’
2634 4019 2708 4079 ὧν
2740 4024 2989 4095 καθάπερ
3031 4041 3085 4076 τι
3134 4024 3295 4096 μέλος
3337 4026 3435 4095 τῆς
3477 4024 3678 4095 ψυχῆς,
3712 4028 3744 4079 6

2161 4117 2418 4187 λογισμὸς
2438 4114 2794 4188 ἐξαρθροῦται
2819 4116 3076 4181 πολλάκις
3107 4116 3200 4171 καὶ
3227 4115 3575 4187 ἐξαρμίζεται
3600 4116 3739 4185 (Ξϐ),

2162 4209 2211 4260 εὶ
2245 4209 2318 4279 μή
2349 4224 2434 4270 τις
2461 4207 2977 4278 παρεσκευασμένος
3004 4207 3092 4261 διὰ
3138 4207 3387 4278 μελέτης,
3411 4207 3472 4259 τὸ
3499 4206 3746 4276 ἀσφαλές

2160 4312 2221 4348 τε
2262 4297 2357 4349 καὶ
2398 4296 2789 4350 ἀκατάπτωτον
2830 4299 2888 4350 ἐν
2933 4300 3045 4361 τοῖς
3082 4297 3341 4361 τοιούτοις
3372 4296 3485 4368 (27)
3530 4296 3743 4365 ἀγῶσιν

2161 4387 2339 4459 ἑαυτῷ
2366 4386 2727 4459 κατορθώσειε
2761 4388 2894 4459 (28),
2918 4388 3006 4443 διὰ
3042 4390 3142 4460 τῆς
3170 4389 3398 4459 νομίμου
3436 4387 3742 4459 ἀθλήσεως,

2162 4476 2342 4542 καθώς
2386 4495 2549 4548 φησιν
2586 4480 2615 4532 6
2655 4479 2994 4544 Ἀπόστολος,
3041 4480 3140 4550 τὴν
3171 4480 3326 4551 νίκην
3366 4479 3544 4551 ἐαυτῷ
3571 4497 3747 4535 κατα-

2165 4567 2463 4639 κτώμενος,
2491 4569 2615 4639 ἥτις
2640 4569 2789 4623 ἐστὶν
2816 4569 2926 4622 τῶν
2954 4567 3179 4638 ἀγώνων
3206 4567 3267 4622 τὸ
3290 4568 3462 4631 τέλος.

2236 4761 2319 4815 Τὰ
2358 4760 2416 4815 δὲ
2453 4762 3039 4834 συμπαραγραφόμενα
3058 4766 3124 4836 τῇ
3171 4781 3190 4814 ι
3222 4765 3314 4828 Εἰς
3333 4764 3486 4829 τέλος
3510 4783 3529 4817 ι
3568 4768 3746 4836 φωνῇ,

2169 4850 2441 4922 ὑποθῆκαι
2458 4853 2603 4917 τινές
2629 4855 2735 4908 είσι
2756 4854 2850 4909 καὶ
2873 4854 3173 4925 συμϐουλαὶ
3193 4855 3329 4927 πρὸς
3349 4856 3449 4927 τὴν
3469 4856 3649 4927 νίκην
3677 4857 3748 4910 δι’

2160 4935 2236 4997 ὧν
2265 4942 2332 4997 ἂν
2356 4944 2725 5017 κατορθωθείη
2756 4946 2815 4999 τὸ
2837 4947 3289 5018 σπουδαζόμενον.
3323 4949 3396 5001 Ἥ
3415 4965 3475 5001 τε
3500 4949 3609 5020 γὰρ
3637 4950 3751 5001 τῶν

2158 5032 2672 5107 ἀλλοιωθησομένων
2701 5036 2845 5102 λέξις
2878 5037 3038 5109 [(28’)
3067 5039 3165 5110 τὴν
3199 5039 3335 5111 πρὸς
3378 5039 3440 5093 τὸ
3492 5043 3747 5111 κρεῖττον

2162 5127 2520 5204 μεταποίησιν
2589 5130 2690 5200 τῆς
2757 5128 2936 5200 ψυχῆς
3003 5130 3337 5186 ὑποτίθεται.
3401 5133 3514 5186 Καὶ
3572 5133 3605 5203 ἢ
3653 5131 3748 5185 τοῦ

2159 5215 2373 5273 Μαελὲθ
2417 5219 2684 5290 ἑρμηνεία
2728 5221 2864 5294 πρὸς
2916 5220 3137 5292 μείζονα
3169 5222 3479 5295 προθυμίαν
3525 5223 3748 5293 ἐπεγεί-

2262 5395 2354 5465 24)
2373 5396 2692 5461 Βλέποντες.
2726 5398 2813 5455 ed.

2257 5466 2348 5523 25)
2386 5467 2458 5519 Τό
2494 5483 2600 5521 om.
2633 5469 2724 5523 ed.

2234 5536 2346 5608 (εδ)
2387 5537 2789 5608 Ἐξορμίζεται,
2826 5539 2915 5594 ed.

2231 5607 2343 5671 (27)
2381 5607 2622 5671 Τούτοις,
2658 5609 2747 5663 ed.

2232 5675 2355 5746 (‘28),
2378 5677 2757 5746 Ka-rOpGobzrsz.
2794 5679 2881 5734 ed.

2233 5744 2368 5817 (28‘)
2402 5744 2578 5802 Verba
2607 5747 2771 5805 uncis
2803 5747 3012 5806 inclusa
3046 5764 3158 5805 om.
3197 5747 3289 5808 ed.
