3888 6360
198 343 291 398 ιθδ

1584 355 1652 411 ΙΝ
1684 354 2021 415 PSALMOS.

3322 347 3421 406 ιθι

197 468 273 524 ρει
312 449 400 508 τὸν
436 452 672 527 ἀθλητήν
699 472 714 487 ⁶
760 455 858 526 τὴν
904 458 1042 531 μετὰ
1092 461 1154 514 τὸ
1200 463 1369 536 πέρας
1412 464 1518 521 τῶν
1571 470 1748 525 πόνων

1857 473 2016 527 ticum
2050 492 2067 524 ι
2101 472 2383 528 instituere
2407 475 2460 522 et
2488 478 2704 528 canere,
2739 482 2757 514 ι
2802 462 2907 518 Pro
2933 461 3283 535 susceptione
3307 480 3424 518 ma.

195 544 545 615 ἐκδεχομένων
590 547 736 617 ἡμᾶς
778 551 1134 620 χοροστασίαν
1190 556 1553 626 σημαίνουσα·
1606 561 1748 615 οὕτω

195 633 353 705 γὰρὴ
398 634 560 708 λέξις]
599 637 737 709 αὕτη
776 641 925 712 παρὰ
970 643 1079 697 τῶν
1109 644 1308 701 λοιπῶν
1339 651 1747 721 σεσαφήνισται,

104 736 110 755 ν
191 724 273 778 διὰ
299 726 509 796 χορείας
531 728 744 785 Μαελὲθ
788 732 1181 803 ὲρμηνεύουσα.
1218 738 1290 791 Τό
1330 756 1391 791 τε
1437 758 1455 791 ι
1502 741 1646 812 Πρὸς
1678 742 1750 795 τὰ

193 818 383 889 κρύφια
423 820 669 892 βλέπειν,
718 842 739 877 ι
785 827 876 879 καὶ
916 845 935 878 ι
994 827 1164 897 ’Υπὲρ
1192 829 1282 883 τοῦ
1324 832 1605 904 ἀγαπητοῦ
1650 837 1748 906 τὴν

192 910 321 983 ᾠδὴν
350 913 632 977 ποιεῖσθαι,
664 934 683 967 ι
712 917 804 970 καὶ
854 935 874 970 ι
909 918 1081 989 ’Υπὲρ
1120 921 1216 991 τῆς
1256 922 1484 994 ἑωθινῆς
1529 925 1746 995 ἀντιλή-

193 998 323 1068 ψεως
343 1001 513 1072 ᾄδειν*
539 1021 557 1053 ι
578 1005 672 1057 καὶ
697 1020 717 1052 ‹
746 1003 844 1077 τὴν
876 1006 1097 1078 Ὀγδὸην
1122 1008 1226 1080 πρὸ
1238 1009 1530 1079 ὀφθαλμῶν
1548 1009 1710 1080 ἔχειν,
1735 1029 1753 1062 ι

194 1090 277 1144 καὶ
289 1109 307 1143 ι
324 1093 456 1163 πρὸς
468 1095 567 1167 τὴν
584 1090 1024 1163 κληρονομοῦσαν
1041 1096 1170 1167 ὁρᾷν
1191 1116 1209 1147 ι
1223 1134 1237 1158 ,
1252 1096 1347 1147 καὶ
1367 1108 1384 1141 ‹
1402 1094 1549 1156 ὅπως
1560 1094 1624 1148 ἂν
1647 1096 1751 1163 ἔξω

191 1181 279 1249 τῆς
305 1182 435 1253 πρὸς
461 1184 552 1237 τὸν
576 1185 725 1255 Κορὲ
749 1185 1064 1255 συγγενείας
1084 1183 1395 1256 γενοίμεθα,
1415 1205 1432 1237 ι
1455 1187 1554 1256 τήν
1572 1203 1631 1240 τε
1651 1205 1751 1258 με-

192 1270 346 1343 γάλην
373 1274 589 1345 ἐκείνην
626 1274 719 1328 τοῦ
753 1274 915 1329 Δαυτδ
950 1275 1129 1345 φωνὴν
1157 1276 1280 1347 τὴν,
1334 1294 1353 1328 ι
1391 1276 1482 1346 Μὴ
1504 1277 1746 1346 διαφθεί-

194 1381 345 1437 pug,»
397 1367 462 1437 ἣν
516 1367 653 1437 πρὸς
700 1366 791 1421 τὸν
846 1367 1191 1438 ὑπασπιστὴν
1239 1369 1559 1439 ἐποιήσατο,
1611 1369 1747 1439 πρὸς

191 1454 270 1508 τὸν
308 1455 413 1526 (29)
455 1456 629 1510 Σαοὺλ
666 1456 824 1525 φόνον
854 1458 1190 1528 ὁρμήσαντα,
1234 1457 1745 1529 ἐνστηλογραφηθῆ·

192 1562 268 1601 ναι
293 1546 398 1618 (50)
427 1550 485 1601 ὲν
523 1551 590 1619 τῇ
624 1548 853 1603 ἑκάστου
882 1548 1025 1620 ψυχῇ
1056 1549 1192 1621 πρὸς
1221 1549 1524 1619 ὑπόδειγμα
1554 1567 1749 1621 μακρο-

1855 562 2032 616 tutina
2060 581 2073 616 :
2107 581 2129 615 ι
2160 569 2213 615 et
2240 572 2363 615 ante
2393 556 2581 612 oculos
2640 570 2660 603 ι
2695 561 2943 608 octavam
2981 572 3001 606 ι
3042 552 3243 609 habere
3264 592 3280 618 ,
3312 571 3330 605 ι
3370 564 3425 611 ct

1858 647 2115 706 «intueri
2166 647 2313 701 illam
2373 659 2494 715 quae
2545 645 3425 717 haereditatemconsequitur,»et

1858 755 1876 787 ι
1901 734 2523 804 utextracognatiouem
2557 737 2699 792 Core
2730 736 3046 807 migremus,
3072 744 3157 792 iet
3176 736 3426 806 magniﬁ-

1850 840 1969 882 cam
1996 825 2143 879 illam
2174 824 2394 882 Davidis
2421 842 2631 894 vocem,
2658 845 2678 879 ι
2707 826 2786 883 Ne
2815 842 3137 899 corrumpas
3168 866 3184 893 ,
3216 846 3236 881 ι
3261 843 3422 899 quam

1853 916 1920 972 ad
1944 917 2271 987 armigerum
2295 932 2456 973 suum
2492 919 2560 973 ad
2580 918 2780 974 caedem
2817 918 2999 976 Saulis
3030 928 3275 976 ruentem
3302 935 3428 991 pro.-

1852 1007 1997 1073 tulit,
2033 1024 2140 1079 qua
2179 1024 2465 1065 monemur
2512 1010 2580 1066 ad
2622 1011 2895 1082 patientiae
2916 1019 2972 1067 et
3000 1012 3425 1083 longanimitatis

1853 1102 2189 1170 exemplum;
2232 1109 2288 1157 et
2331 1102 2496 1171 hujus
2549 1105 2764 1174 generis
2818 1105 3101 1174 complura
3152 1105 3282 1171 alia,
3332 1106 3428 1175 qui

1853 1193 2165 1247 accuratius
2205 1192 2542 1263 perpendere
2579 1194 2745 1258 v'olet,
2778 1196 2825 1250 is
2876 1195 3109 1250 libenter
3143 1194 3425 1260 fatebitur,
3466 1245 3469 1248 ι

1852 1282 1990 1336 nihil
2017 1282 2164 1336 aliud
2192 1298 2335 1350 esse,
2363 1299 2525 1353 quam
2580 1285 2870 1343 athleticas
2890 1287 3157 1356 quasdam
3182 1288 3431 1342 cohorta.

1852 1373 2053 1437 tiones,
2093 1382 2146 1429 et
2181 1376 2575 1445 praeceptiones
2627 1376 2695 1430 ab
2725 1378 3057 1435 instructore
3105 1386 3160 1434 et
3209 1380 3431 1435 doctore

1854 1466 1923 1520 ad
1963 1466 2195 1522 athletas
2228 1473 2523 1538 profectas,
2576 1480 2637 1524 ut
2667 1480 2942 1541 speratum
2993 1472 3236 1527 victoriae
3266 1472 3429 1533 ﬁnem

1857 1571 2283 1630 consequantur.
2316 1560 2581 1617 Similiter
2612 1563 2660 1619 si
2690 1563 2821 1634 quid
2840 1581 2907 1621 ex
2928 1565 3160 1620 historia
3182 1565 3430 1621 additum

192 1635 392 1707 θυμίας,
433 1640 732 1711 συμὸάλλει
760 1642 788 1693 ὁ
832 1640 1006 1709 λόγος.
1058 1642 1169 1695 Καὶ
1216 1641 1392 1696 πάντα
1421 1644 1491 1696 τὰ
1526 1642 1750 1697 τοιαῦτα

1859 1648 1929 1702 sit
1951 1650 2235 1717 vocabulo,
2261 1669 2279 1703 ι
2308 1651 2368 1706 In
2396 1652 2579 1719 ﬁnem,
2613 1672 2632 1706 ι
2659 1656 2847 1710 eodem
2876 1656 3067 1723 tendit,
3097 1667 3155 1713 ut
3174 1657 3430 1713 videlicet

192 1728 324 1807 εὖροι
352 1748 434 1794 τις
478 1731 547 1786 ἂν
586 1732 658 1785 δι’
700 1733 986 1802 ἀκριϐείας
1030 1732 1436 1805 σκοπούμενος,
1468 1734 1551 1788 ὅτι
1581 1735 1748 1807 ἀθληο

1857 1754 2035 1794 rerum
2068 1756 2284 1811 quoque
2304 1752 2580 1813 gestarum
2612 1747 2876 1817 exemplis
2903 1757 2957 1805 et
2983 1720 3329 1805 documentis
3363 1748 3433 1803 ad

191 1820 322 1875 τικαί
366 1822 509 1886 τινές
554 1824 690 1877 εἰσιν
740 1824 1119 1895 ὑποφωνήσεις
1167 1824 1318 1895 παρὰ
1343 1825 1437 1879 τοῦ
1476 1826 1751 1897 παιδοτρί-

190 1910 274 1963 ϐου
299 1913 429 1985 πρὸς
455 1915 584 1978 τοὺς
614 1915 854 1986 ἀθλητὰς
883 1916 1185 1987 γινόμεναι,
1220 1918 1369 1981 ὅπως
1398 1916 1462 1973 ἄν
1494 1935 1579 1981 τις
1614 1918 1750 1990 πρὸς

1856 1831 2153 1886 certamina
2212 1834 2648 1890 corroboremur.
2702 1835 2769 1899 Et
2828 1837 2944 1894 haec
2995 1840 3214 1911 quidem
3280 1839 3433 1901 natio

1857 1920 2103 1992 subjecta
2123 1930 2208 1978 est
2241 1924 2319 1978 illi
2343 1924 2574 1982 dictioni
2603 1946 2623 1978 ι
2661 1926 2721 1981 1η
2751 1929 2933 1989 ﬁnem,
2978 1948 2999 1982 ι

189 2006 242 2059 τὸ
290 2009 383 2080 τῆς
424 2010 583 2080 νίκης
629 2009 853 2079 φθάσειε
898 2010 1072 2075 τέλος.
1111 2010 1385 2076 Ὡσαύτως
1412 2012 1469 2066 δὲ
1512 2013 1607 2068 καὶ
1649 2012 1704 2066 εἴ
1742 2031 1795 2068 τι
1838 2016 1937 2086 τῆς
1991 2016 2228 2090 ἱστορίας
2285 2020 2854 2092 συμπαραγέγραπται
2901 2025 2968 2095 τῇ
3018 2042 3038 2076 ι
3080 2025 3176 2089 El;
3213 2023 3365 2089 τέλος
3404 2041 3425 2081 ι

189 2103 345 2172 φωνῇ,
382 2103 523 2175 πρὸς
566 2103 696 2157 αὐτὸ
724 2101 880 2158 τοῦτο
911 2103 1118 2174 βλέπει,
1154 2105 1230 2170 ὡς
1260 2105 1325 2161 ἂν
1360 2104 1450 2159 διά
1485 2105 1594 2162 τῶν
1628 2107 1913 2178 ἱστορικῶν
1941 2110 2350 2186 ὑποδειγμάτων
2379 2114 2578 2188 μᾶλλον
2617 2117 2750 2195 πρὸς
2780 2118 2906 2193 τοὺς
2938 2119 3155 2193 ἀγῶνας
3193 2118 3432 2192 smper».

190 2194 442 2267 σθείημεν.
477 2194 630 2268 Αὕτη
663 2196 760 2267 μὲν
788 2197 821 2268 ἠ
848 2215 866 2248 ι
893 2197 988 2262 Είς
1014 2197 1167 2263 τέλος
1196 2217 1216 2251 ι
1248 2197 1474 2256 διάνοια.

695 2334 1093 2392 ΚΕΦΔΛΔῘΟΝ
1135 2336 1210 2392 Γ¹.

248 2474 461 2545 Ψαλμὺς
490 2474 550 2528 δὲ
583 2472 676 2528 καὶ
706 2472 836 2547 ᾠδὴ.
885 2474 979 2529 καὶ
1026 2474 1254 2541 αῖνεσις,
1299 2476 1391 2531 καὶ
1426 2476 1611 2549 ὕμνος,
1656 2478 1750 2531 καὶ

188 2569 463 2640 προσευχὴ,
501 2568 758 2638 τοιαύτην
787 2567 923 2639 πρὸς
950 2567 1153 2639 ἄλληλα
1195 2569 1293 2640 τὴν
1327 2569 1589 2642 διαφοράν
1614 2571 1751 2641 ἔχει·

185 2658 391 2730 Ψαλμὸς
423 2659 526 2731 μὲν
557 2661 664 2731 γάρ
693 2661 873 2726 ἐστιν,
916 2662 949 2730 ἡ
992 2659 1078 2713 διὰ
1107 2661 1199 2714 τοῦ
1228 2660 1458 2733 ὀργάνου
1489 2660 1584 2716 τοῦ
1619 2679 1749 2733 μου-

190 2752 327 2805 σικοῦ
360 2750 599 2822 μελῳδία
622 2768 635 2781 ·
673 2751 782 2822 ᾠδὴ
809 2752 864 2805 δὲ
891 2753 923 2822 ἡ
951 2751 1038 2805 διὰ
1065 2753 1329 2823 στόματος
1360 2754 1625 2825 γενομένη
1653 2754 1746 2807 τοῦ

191 2843 364 2914 μέλους
405 2845 547 2916 μετὰ
588 2844 696 2899 τῶν
733 2846 845 2916 (51)
898 2846 1157 2917 ῥημάτων
1206 2845 1533 2917 ὲκξώνησις.
1586 2845 1650 2900 Ἥ
1693 2847 1751 2900 δὲ

189 2937 464 3009 προσευχὴ,
499 2937 752 3007 ἱκετηρία
784 2937 921 3000 ἐστὶ,
962 2938 1090 3008 περί
1122 2956 1265 3001 τινος
1303 2938 1410 2991 τῶν
1442 2940 1746 3009 συμφερόν-

187 3045 282 3082 των
310 3029 690 3101 προσαγομένη
718 3027 797 3099 τῷ
826 3028 935 3099 (5‘2)
973 3028 1111 3099 Θεῷ.
1152 3030 1359 3100 ’Ύμνος
1386 3030 1443 3084 δὲ
1468 3033 1501 3098 ἡ
1526 3032 1617 3084 ἐπὶ
1634 3033 1748 3095 τοῖς

189 3118 505 3191 ὑπάρχουσιν
536 3122 670 3190 ἡμῖν
719 3118 943 3188 ἀγαθοῖς
991 3119 1352 3190 άνατιθεμένη
1399 3122 1477 3191 τῷ
1510 3121 1629 3192 Θεῷ
1659 3123 1747 3174 εύ-

190 3212 366 3282 φημία.
395 3210 555 3276 Αἶνος
579 3212 657 3275 δὲ,
704 3212 821 3283 ῆτοι
848 3212 1052 3274 αῐνεσις
1088 3211 1302 3282 (ταύτὸν
1333 3212 1442 3283 γὰρ
1466 3214 1550 3265 ἐπ’
1572 3216 1749 3285 ἀμφο-

186 3303 343 3372 τέρων
373 3304 432 3358 τὸ
477 3303 934 3375 σημαινόμενον),
980 3303 1090 3357 τῶν
1121 3304 1279 3358 θείων
1313 3304 1606 3376 θαυμάτων
1650 3324 1747 3360 πε-

189 3394 341 3465 ριέχει
388 3396 477 3450 τὸν
525 3395 768 3449 ἔπαινον.
826 3396 960 3448 Οὐδὲ
1005 3394 1118 3466 (55)
1164 3395 1272 3466 γὰρ
1316 3396 1445 3451 ἄλλο
1499 3397 1553 3450 τί
1598 3399 1745 3451 ἐστιν

188 3483 425 3549 ἔπαινος,
478 3488 527 3539 εί
580 3486 656 3557 μὴ
704 3484 799 3538 τοῦ
846 3485 995 3540 αἴνου
1046 3486 1319 3549 ἐπίτασις.
1368 3484 1636 3551 Πολλάκις
1690 3487 1747 3541 δὲ

184 3573 338 3628 ταῦτα
381 3576 632 3647 ἀλλήλοις
666 3578 724 3629 ὲν
751 3578 870 3639 ταῖς
913 3577 1246 3649 ἐπιγραφαῖς
1281 3577 1369 3631 διά
1395 3594 1539 3641 τινος
1583 3578 1746 3641 συζυ-

2458 2342 2689 2402 CAPUT
2727 2344 2818 2405 lli.

1925 2478 1995 2533 At
2032 2481 2276 2548 psalmus
2303 2488 2358 2539 et
2386 2484 2681 2552 canticum,
2715 2494 2766 2542 et
2796 2486 3060 2555 laudatio,
3083 2497 3138 2544 et
3171 2488 3428 2561 hymnus,

1856 2575 1913 2624 et
1940 2570 2118 2625 oratio
2140 2571 2232 2625 tali
2261 2572 2497 2642 quodam
2522 2574 2841 2631 discrimine
2870 2576 3014 2631 inter
3044 2592 3105 2633 se
3137 2577 3426 2637 dissident;

1853 2657 2108 2715 Psalmus
2136 2668 2220 2715 est
2250 2664 2547 2717 modulatio
2570 2679 2663 2732 per
2688 2664 3111 2720 instrumentum
3133 2667 3427 2726 musicum,

1859 2749 2146 2807 Canticum
2175 2760 2257 2807 est
2278 2754 2513 2822 prolatio
2542 2762 2760 2817 cantus,
2786 2770 2909 2809 cum
2933 2756 3112 2811 verbis
3148 2771 3241 2812 ore
3262 2755 3428 2817 facta.

1857 2839 2049 2895 Oratio
2089 2851 2172 2897 est
2203 2844 2530 2913 supplicatio
2565 2844 2633 2898 ad
2668 2843 2863 2909 Deum,
2898 2860 2997 2913 pro
3027 2860 3085 2900 re
3112 2846 3298 2916 aliqua
3332 2862 3433 2900 no—

1855 2930 1940 2986 bis
1968 2926 2322 2987 conducibili.
2354 2932 2600 3005 llymnus
2625 2942 2710 2990 cst
2740 2935 3052 2991 benedictio
3076 2937 3288 2992 reddita
3321 2936 3434 2996 Deo

1855 3023 1927 3077 ob
1960 3023 2099 3078 bona
2129 3025 2289 3080 nobis
2328 3026 2591 3095 praestita.
2646 3025 2792 3081 Laus
2831 3042 2963 3082 vero
3010 3030 3125 3083 sive
3168 3028 3431 3095 laudatio,

1855 3114 1995 3169 idem
2042 3116 2188 3170 enim
2252 3119 2539 3187 utriusque
2581 3118 2950 3188 signiﬁcatum
3003 3127 3106 3185 est,
3161 3120 3434 3190 signiﬁcat

1855 3203 2169 3259 divinorum
2206 3207 2541 3262 mirabilium
2577 3208 3026 3277 praedicationem
3061 3217 3113 3264 et
3151 3224 3432 3264 commen-

1855 3294 2164 3363 dationem;
2200 3312 2325 3350 nam
2356 3298 2614 3352 exaltatio
2662 3298 2716 3352 in
2747 3299 3043 3363 laudando,
3102 3300 3237 3356 nihil
3281 3300 3433 3356 aliud

1850 3394 1931 3440 est
1961 3400 2123 3455 quam
2153 3386 2327 3442 laudis
2358 3388 2603 3445 intentio.
2639 3388 2906 3444 Caeterum
2955 3390 3069 3445 haec
3126 3405 3267 3459 saepe
3324 3390 3429 3449 sibi

1849 3484 2040 3530 mutuo
2074 3478 2129 3531 in
2171 3478 2620 3547 inscriptionibus
2649 3481 2799 3535 varia
2834 3481 3225 3550 conjunctione
3261 3497 3432 3554 c0pu-

1850 3566 2054 3632 lantur,
2089 3577 2147 3623 ut
2182 3569 2291 3623 duo
2341 3570 2682 3625 connexione
2709 3571 2764 3625 in
2786 3571 2929 3626 idem
2962 3573 3299 3629 coalescant.
3336 3571 3430 3634 Vel

116 3693 128 3705 -
185 3664 293 3730 γιας
336 3667 725 3738 συμπλέκεται,
761 3667 902 3721 ὥστε
930 3667 988 3721 ἓν
1035 3668 1106 3721 τὰ
1143 3668 1236 3721 δύο
1265 3668 1352 3723 διὰ
1376 3669 1473 3739 τῆς
1508 3668 1750 3740 συμπλο-

1857 3661 1996 3716 enim
2029 3659 2255 3723 dicitur.
2298 3679 2315 3712 ι
2354 3660 2610 3717 Psalmus
2635 3662 2857 3728 cantici,
2895 3681 2915 3715 ι
2951 3665 3056 3727 vel,
3098 3682 3115 3715 ι
3145 3663 3430 3723 Canticum

185 3751 278 3822 κῆς
299 3755 567 3822 γενέσθαι.
593 3757 662 3809 Ἦ
697 3756 806 3828 γὰρ
829 3775 848 3808 ι
876 3756 1105 3827 Ψαλμὸς
1128 3757 1292 3827 ᾠδῆς,
1313 3775 1332 3809 ι
1367 3758 1399 3828 ἢ
1425 3776 1444 3809 ι
1470 3758 1591 3828 ᾩδὴ
1621 3757 1750 3827 ψαλ.

1857 3751 2070 3820 psalmi,
2125 3769 2145 3802 ι
2179 3751 2284 3817 vel,
2336 3769 2355 3801 ι
2392 3749 2450 3803 In
2484 3750 2704 3821 hymnis
2752 3751 3018 3820 psalmus,
3060 3771 3080 3805 ι
3131 3753 3239 3817 vel,
3275 3760 3332 3810 ut
3364 3769 3432 3816 ex

189 3843 298 3912 μοῦ,
324 3865 342 3897 ι
362 3846 395 3917 ἢ
415 3865 433 3898 ι
457 3848 548 3901 Ἐν
579 3845 766 3918 ὕμνοις
790 3847 1024 3917 ψαλμὺς,
1049 3866 1068 3899 ι
1093 3848 1126 3918 ἢ
1163 3846 1347 3911 καθὼς
1386 3848 1443 3901 ὲν
1480 3847 1558 3918 τῷ
1593 3848 1750 3903 Ἀδα-

1857 3841 2108 3897 Habacuc
2161 3842 2208 3874 ”
2271 3841 2563 3897 didicimus
2593 3878 2609 3905 ,
2664 3860 2683 3893 ι
2722 3841 2909 3897 Oratio
2952 3857 3079 3897 cum
3126 3845 3364 3900 cantico.
3406 3865 3425 3897 ι

185 3936 315 4007 κοὺμ
345 3939 769 4009 μεμαθήκαμεν,
806 3940 901 3993 καὶ
925 3956 944 3991 ι
977 3938 1258 4012 Προσευχὴ
1285 3941 1401 4010 μετ’
1433 3939 1597 4010 ᾠδῆς.
1635 3957 1655 3991 ι
1684 3940 1750 3993 Ἦ

1857 3930 2063 3987 Sensus
2100 3945 2259 3995 vero,
2310 3931 2403 4001 qui
2454 3946 2557 3987 nos
2593 3946 2691 4002 per
2734 3932 2871 3988 istas
2928 3933 3316 4006 inscriptiones
3364 3939 3432 3995 ad

184 4021 236 4075 δὲ
258 4024 474 4090 διάνοια,
503 4028 627 4081 καθ’
661 4030 728 4100 ἣν
763 4029 899 4101 πρὸς
927 4029 1123 4101 ἀρετὴν
1147 4028 1490 4100 ὀδηγούμεθα
1514 4029 1617 4083 ὑπὸ
1642 4030 1750 4083 τῶν

1857 4026 2112 4082 virtutem
2143 4023 2382 4090 deducit,
2411 4023 2681 4093 ejusmodi
2707 4033 2823 4080 est:
2847 4024 3170 4084 Psalterium
3204 4035 3288 4084 est
3312 4045 3435 4085 mu.

187 4111 490 4185 ἐπιγραφῶν
517 4115 747 4181 τούτων,
778 4118 893 4172 ἐστὶ
923 4117 1168 4191 τοιαύτηο
1210 4119 1283 4173 Τὸ
1306 4118 1628 4191 ψαλτήριον,
1662 4119 1750 4192 ὅρα

184 4204 333 4268 γανόν
358 4208 471 4261 ἐστι
509 4208 768 4279 μουσικὸν
800 4210 865 4262 ἐκ
888 4209 995 4263 τῶν
1020 4209 1225 4264 ἄνωθεν
1252 4211 1435 4283 μερῶν
1460 4212 1559 4281 τῆς
1589 4229 1758 4266 κατα-

188 4295 370 4368 σκευῆς
396 4298 696 4355 ἀποτελοῦν
720 4299 808 4354 τὸν
825 4295 975 4371 ἦχον.
993 4301 1059 4354 Ἢ
1078 4301 1134 4355 δὲ
1157 4302 1249 4355 τοῦ
1269 4303 1507 4357 τοιούτου
1524 4303 1756 4375 ὀργάνου

188 4390 524 4460 μουσουργία,
567 4390 777 4462 ψαλμδς
814 4391 1053 4461 λέγεται.
1092 4394 1388 4449 Οὐκοῦνοὲκ
1421 4395 1516 4448 τοῦ
1550 4396 1761 4465 σχήμα-

184 4492 265 4540 τος
290 4480 383 4551 τῆς
404 4484 752 4554 κατασκευῆς
779 4486 808 4537 ὁ
836 4487 1229 4557 προτρεπτικὸς
1262 4488 1342 4550 είς
1367 4487 1568 4559 ἀρετὴν
1599 4488 1759 4556 λόγος

185 4565 407 4637 ἔμφασιν
444 4573 580 4644 ἔχει.
614 4573 716 4628 Τὸν
753 4575 859 4645 γὰρ
890 4576 981 4628 σὸν
1017 4576 1129 4646 βίον
1159 4576 1373 4648 ψαλμὸν
1406 4575 1546 4632 εἶναι
1579 4578 1761 4632 διακε-

184 4657 419 4727 λεύεται,
471 4665 548 4737 μὴ
590 4668 701 4729 τοῖς
741 4668 950 4737 γηῖνοις
994 4666 1249 4736 φθόγγοις
1292 4669 1755 4741 περιηχούμενον*

185 4751 438 4824 φθόγγους
473 4756 529 4809 δέ
567 4774 707 4828 φημι
728 4757 795 4812 τὰ
826 4758 1073 4829 νοήματα
1094 4774 1107 4787 ·
1145 4758 1278 4811 ἀλλὰ
1310 4759 1548 4831 καθαρόν
1572 4778 1633 4813 τε
1661 4754 1755 4815 καὶ

184 4840 493 4907 ἐξάκουστον
521 4849 587 4900 ὲκ
618 4847 727 4903 τῶν
758 4847 962 4903 ἄνωθέν
992 4866 1050 4905 τε
1080 4848 1176 4907 κα)⁴
1206 4851 1472 4920 οὐρανίων
1506 4850 1599 4906 τὸν
1622 4847 1754 4923 ἦχον

183 4929 642 5007 ἀπεργαζόμενον.
702 4938 855 5014 ᾮδὴν
897 4937 954 4994 δὲ
987 4938 1316 5004 ἀκούσαντες
1337 4978 1353 5005 ,
1403 4940 1501 5010 τὴν
1536 4941 1663 5013 περ).
1695 4939 1755 4994 τὸ

186 5026 497 5097 φαινόμενον
545 5030 962 5107 εὐσχημοσύνην
1009 5029 1103 5083 τοῦ
1140 5029 1254 5100 βίου
1311 5029 1652 5102 μανθάνομεν
1685 5030 1753 5085 δι’

185 5113 512 5187 αίνίγματος.
565 5119 774 5192 Ὥσπερ
804 5120 915 5191 γὰρ
948 5122 1013 5174 ὲκ
1056 5120 1164 5173 τῶν
1197 5120 1469 5191 μουσικῶν
1508 5122 1754 5192 ὀργάνων

189 5202 336 5270 μόνος
362 5209 391 5260 ὁ
426 5203 565 5279 ῆχος
592 5210 691 5279 τῆς
721 5208 987 5280 μελῳδίας
1015 5210 1343 5281 προσπίπτει
1373 5212 1495 5274 ταῖς
1538 5210 1752 5273 ἀκοαῖς,

186 5294 312 5349 αὐτὰ
339 5298 396 5352 δὲ
423 5300 492 5354 τὰ
523 5299 906 5372 μελῳδούμενα
932 5302 1154 5373 ῥήματα
1181 5301 1240 5354 οὐ
1267 5300 1614 5373 διαρθροῦται
1642 5305 1756 5364 τοῖς

185 5383 448 5458 φθόγγοις·
497 5391 559 5447 ὲν
599 5390 656 5449 δὲ
700 5395 768 5464 τῇ
798 5391 910 5464 ᾠδῇ
959 5391 1021 5445 τὸ
1069 5392 1476 5466 συναμφότερον
1522 5391 1751 5461 γίνεται,

246 5535 288 5566 ’⁸
322 5534 523 5592 llabac.
545 5554 626 5603 ιιι,
645 5539 695 5593 1.

392 5672 502 5725 Τοῦ
534 5672 659 5727 add.
695 5674 781 5729 ed.

247 5739 352 5874 ἱῦθ)
381 5742 919 5821 Στηλογραιρηθῆναι,
945 5745 1032 5802 ed.

267 5808 354 5874 51)
380 5811 501 5866 Των
521 5816 762 5874 om.ed..
797 5825 910 5872 tum
943 5819 1032 5873 ὲπι

234 5808 762 5887 ⁹(31)Τιλῖιὲιδιὴιὶιέιίξ,
797 5808 913 5872 tum
943 5812 1300 5889 ὲπιφώνησις,
1333 5816 1454 5873 ed.‘

1859 4118 2033 4174 sicum
2072 4115 2499 4170 instrumentum
2529 4153 2545 4181 ,
2582 4114 2729 4185 quod
2759 4130 2825 4169 ex
2861 4118 3235 4186 superioribus
3283 4127 3435 4176 stru-

1858 4219 2024 4265 eturae
2057 4222 2169 4264 sua:
2212 4207 2462 4278 partibus
2492 4222 2685 4263 sonum
2717 4208 2868 4274 edit;
2913 4208 3189 4281 hujusque
3226 4211 3434 4267 instrue

1858 4299 2028 4354 menti
2052 4306 2377 4365 concentus,
2414 4299 2719 4368 appellatur
2755 4316 2773 4350 ι
2810 4300 3075 4369 psalmus.
3118 4319 3138 4353 ›
3187 4300 3329 4372 Ergo
3366 4318 3435 4359 ex

1858 4390 1978 4459 ipsa
2024 4388 2455 4445 constructionis
2499 4388 2696 4459 ﬁgura,
2750 4390 3108 4445 commonitio
3150 4391 3312 4448 nobis
3366 4392 3435 4448 ad

1858 4481 2117 4536 virtutem
2145 4480 2384 4545 exsistit,
2419 4494 2544 4534 cum
2587 4488 2737 4535 tuam
2768 4482 2936 4535 vitam
2979 4481 3107 4537 velit
3132 4497 3255 4538 esse
3288 4484 3437 4553 psal-

1860 4588 2034 4638 mum,
2069 4588 2181 4627 non
2232 4572 2589 4629 terrestribus
2635 4573 2786 4629 sonis
2835 4583 3186 4633 resonantem
3217 4592 3232 4644 ;
3268 4590 3438 4633 sonos

1863 4668 2044 4715 autem
2071 4673 2207 4713 voco
2232 4660 2619 4730 cogitationes;
2646 4661 2741 4717 sed
2783 4662 2877 4732 qui
2910 4676 3106 4732 purum
3142 4666 3433 4721 exauditu-

1860 4766 1967 4822 que
1984 4749 2221 4816 facilem,
2251 4758 2306 4806 et
2337 4765 2404 4805 ex
2428 4750 2593 4807 rebus
2615 4751 2827 4821 superis
2852 4753 3279 4827 cmlestibusque
3305 4772 3437 4812 con-

1864 4851 2069 4917 textum
2092 4857 2287 4898 sonum
2311 4842 2526 4899 etliciat.
2546 4844 2618 4897 At
2635 4859 2757 4904 cum
2777 4844 3029 4901 audimus
3047 4864 3066 4899 ι
3085 4849 3383 4913 canticum,
3413 4868 3431 4902 υ

1861 4933 2125 4989 docemur
2153 4933 2311 5002 quasi
2331 4932 2569 5004 quodam
2592 4934 2897 4999 involucra,
2930 4935 3055 4991 vitae
3091 4936 3438 5000 honestatem

1859 5025 1918 5082 in
1951 5024 2261 5079 actionibus
2306 5024 2513 5085 nostris
2554 5027 2920 5097 praestandam
2967 5043 3109 5083 esse.
3164 5028 3428 5095 Quemad-

1858 5115 2080 5172 modum
2107 5115 2253 5171 enim
2296 5130 2363 5170 ex
2396 5116 2626 5172 musicis
2674 5117 3054 5175 instrumentis
3098 5119 3248 5175 solus
3303 5134 3437 5174 con-

1857 5213 2052 5264 centus
2081 5205 2148 5261 ad
2175 5220 2340 5265 aures
2374 5205 2666 5273 allahitur;
2708 5207 2827 5278 ipsa
2859 5215 2989 5262 vero
3029 5208 3195 5263 verba
3235 5208 3438 5265 decan-

1856 5304 1969 5352 tata
2003 5313 2100 5368 per
2128 5312 2298 5352 sonos
2343 5297 2680 5355 articulatim
2719 5314 2831 5353 non
2874 5298 3326 5369 distinguuntur;
3380 5299 3435 5355 in

1857 5392 2073 5445 cantico
2126 5396 2308 5444 autem
2365 5397 2657 5459 utrumque
2701 5396 2828 5446 est:
2878 5394 3244 5450 concentuum
3279 5388 3435 5455 sciti.

1929 5678 2039 5742 (5‘2)
2066 5678 2154 5747 Τῷ
2183 5695 2289 5732 οιιι.
2329 5678 2417 5735 ed.

1930 5749 2041 5810 (55)
2068 5749 2250 5810 Οὐδέν,
2285 5748 2373 5803 ed.
