3888 6370
437 368 542 425 495

1717 360 1774 415 S.
1817 359 2150 416 GBEGOBII
2190 360 2491 417 NYSSENI

3601 370 3716 423 406

436 491 523 540 cet
571 482 903 548 modulatio;
944 479 1341 549 verborumque
1377 480 1459 536 vis
1495 486 1548 534 ct
1588 488 1832 549 potestas
1873 495 2008 535 cum

2121 483 2212 537 καὶ
2239 486 2268 536 δ
2299 483 2396 536 τοῦ
2430 482 2623 553 μέλους
2657 481 2884 552 ῥυθμὸς,
2917 482 3010 536 καὶ
3051 479 3156 534 τῶν
3186 479 3448 553 ῥημάτων
3476 482 3512 553 ἡ
3541 481 3713 535 δύνα-

433 582 601 631 cantu
659 574 821 630 simul
870 571 1197 627 articulatim
1258 571 1492 641 prolata,
1548 586 1709 640 quam
1764 571 2017 641 ignorare

434 680 662 722 necesse
689 672 792 731 est,
824 664 868 720 si
914 663 1048 718 solis
1087 663 1469 718 instrumentis
1506 661 1736 716 musicis
1780 661 2014 717 melodia

434 756 786 813 instituatur:
814 754 993 810 simile
1017 754 1149 825 quid
1186 755 1315 819 illis,
1343 754 1437 825 qui
1488 754 1711 809 virtutis
1742 754 2013 809 exercita-

435 848 569 903 tioni
618 862 741 904 sese
764 831 994 910 dedunt,
1051 846 1332 902 indicatur
1384 845 1715 912 usuvenire;
1763 845 2013 900 nonnulli

432 938 603 1004 enim,
659 938 751 1008 qui
804 952 987 993 rerum
1044 937 1471 993 considerationi
1513 945 1567 992 et
1611 936 2015 1006 investigationi

433 1032 678 1084 animum
708 1028 1006 1099 adjiciunt;
1037 1028 1205 1084 vitam
1253 1028 1472 1099 quidem
1504 1041 1628 1082 cum
1664 1026 1865 1082 virtute
1918 1027 2017 1082 de-

435 1129 605 1192 gunt;
648 1120 745 1176 sed
810 1121 980 1191 ignoti
1044 1122 1343 1193 plerisque,
1377 1121 1609 1191 propriae
1666 1120 2016 1175 conscientia;

434 1213 686 1267 terminis
718 1219 930 1267 tantum
968 1212 1173 1267 bonum
1208 1212 1702 1268 circumscribunt:
1761 1212 1854 1283 qui
1886 1227 2015 1268 vero

433 1318 618 1360 mores
649 1320 868 1376 quoque
895 1320 1026 1360 suos
1066 1320 1165 1377 pro
1202 1306 1411 1360 viribus
1457 1312 1606 1360 recte
1653 1314 2011 1375 componunt,

433 1395 513 1450 illi
577 1396 868 1452 honestate
917 1402 972 1451 et
1017 1396 1288 1463 decentia,
1322 1394 1380 1450 in
1428 1395 1498 1450 iis
1537 1410 1660 1465 quae
1711 1402 2011 1466 apparent,

435 1486 682 1558 agendis,
717 1488 866 1542 velut
907 1488 1159 1543 oratione
1211 1487 1472 1557 quadam,
1503 1487 1629 1542 vitae
1684 1487 2016 1541 convenien-

438 1578 570 1634 tiam
631 1588 890 1650 recteque
934 1578 1331 1634 conl‘ormatam
1381 1579 1646 1632 rationem
1710 1577 2011 1647 publicant.

436 1669 670 1737 Quando
691 1672 860 1741 igitur
890 1686 988 1742 per
1008 1671 1122 1725 haec
1147 1670 1309 1724 ambo
1328 1668 1489 1724 cilicii
1518 1668 1656 1723 ratio
1682 1667 1843 1723 nobis
1877 1683 2013 1723 con-

437 1763 659 1829 stiterit,
706 1763 1002 1833 conjuncta
1030 1762 1512 1834 philosogmhiailla,
1547 1776 1669 1831 quae
1717 1761 1783 1816 ad
1834 1775 2014 1816 mores

435 1856 694 1926 pertinet,
720 1871 846 1910 cum
872 1855 963 1910 illa
987 1871 1109 1925 qua:
1148 1854 1202 1908 in
1235 1852 1697 1923 contemplatione
1734 1851 2010 1915 consistit,

434 1954 568 2001 tunc
599 1965 618 1997 ι
649 1946 936 2002 Canticum
959 1946 1187 2017 psalmi;
1228 1963 1247 1995 ι
1284 1944 1388 2009 vel,
1420 1962 1438 1990 ο
1476 1941 1727 1998 Psalmus
1757 1941 1953 1994 cantici
1989 1960 2007 1991 ι

432 2036 684 2093 ellicitur.
717 2036 947 2104 Quando
1008 2044 1188 2091 autem
1224 2036 1454 2089 alterum
1498 2034 1693 2087 horum
1743 2031 2014 2086 laudatio-

435 2129 598 2185 nibus
624 2128 888 2184 duntaxat
915 2135 1273 2197 praenotatum
1312 2125 1499 2191 fuerit,
1530 2135 1658 2179 tunc
1680 2124 1761 2178 vel
1784 2123 2009 2188 bonum,

433 2217 580 2287 quod
615 2219 670 2272 in
701 2218 883 2272 animo
918 2219 1082 2271 situm
1109 2227 1209 2280 est,
1236 2232 1332 2287 per
1360 2236 1377 2268 ι
1403 2215 1679 2269 Psalmum
1709 2233 1727 2266 ›
1756 2215 2008 2285 designa-

2126 590 2217 643 μις
2272 575 2307 645 η
2358 574 2470 645 (54)
2519 573 2972 643 συνδιεξαγομένη
3029 573 3167 643 μετὰ
3211 572 3306 625 τοῦ
3355 572 3590 642 μέλους,
3643 576 3718 644 ἣν

2122 664 2433 732 ἀγνοεῖσθαι
2463 666 2613 719 πᾶσα
2645 664 2889 733 ἀνάγκη,
2941 665 3068 716 ὅταν
3110 663 3198 717 διὰ
3232 665 3405 731 μόνων
3435 664 3547 717 τῶν
3577 682 3725 734 μου-

2124 756 2291 808 σικῶν
2318 756 2564 827 ὀργάνων
2611 757 2644 827 ἡ
2699 754 2933 826 μελῳδία
2964 754 3222 824 γένηται*
3273 755 3415 809 οὕτω
3468 757 3563 809 καὶ
3620 758 3725 808 ἐπὶ

2120 846 2230 901 τῶν
2276 847 2375 917 τὴν
2421 846 2621 918 ἀρετὴν
2666 847 2955 917 μετιόντων
2990 844 3279 915 συμϐαίνει
3319 846 3454 915 (55).
3507 849 3570 900 οι
3613 847 3729 916 μὲν

2122 938 2232 1008 γὰρ
2256 939 2324 1008 τῇ
2353 936 2660 1009 θεωρητικῇ
2693 954 2754 990 τε
2785 937 2879 991 καὶ
2903 937 3168 1006 ὲποπτικῇ
3212 936 3321 989 τῶν
3352 937 3522 991 ὄντων
3550 937 3725 1006 φιλο-

2125 1029 2284 1100 σοφίᾳ
2328 1028 2420 1082 τὸν
2466 1028 2591 1082 νοῦν
2640 1028 3089 1099 προσανέχοντες,
3121 1028 3315 1100 ἄδηλον
3339 1032 3454 1092 τοῖς
3486 1029 3729 1091 πολλοῖς

2122 1120 2219 1192 τὴν
2244 1120 2443 1191 ἀρετὴν
2474 1119 2852 1191 κατορθοῦσιν,
2884 1121 2941 1173 ὲν
2969 1119 3047 1189 τῷ
3075 1120 3184 1190 ('56)
3213 1120 3326 1191 ἰδίῳ
3354 1122 3625 1174 συνειδότι
3655 1119 3728 1171 τὸ

2122 1211 2324 1280 ἀγαθὸν
2354 1211 2785 1274 κατακλείοντες·
2834 1204 2915 1274 οἷς
2958 1210 3014 1263 δὲ
3049 1212 3142 1265 καὶ
3185 1212 3248 1265 τὸ
3287 1207 3419 1283 ἦθος
3459 1211 3551 1264 τοῦ
3586 1210 3723 1280 βίου

2122 1305 2261 1357 κατὰ
2314 1304 2548 1375 σπουδὴν
2598 1303 3062 1374 ωγκατορθοῦται
3085 1343 3101 1369 ,
3155 1298 3300 1357 οὗτοι
3350 1306 3414 1375 τῇ
3464 1305 3599 1375 περὶ
3652 1303 3725 1356 τὸ

2124 1393 2443 1463 φαινόμενον
2466 1392 2869 1463 εὐσχημοσύνῃ,
2893 1393 3145 1462 καθάπερ
3164 1393 3270 1446 τινὶ
3287 1391 3430 1462 λόγῳ
3451 1392 3548 1463 τὴν
3584 1394 3723 1463 (57)

2122 1487 2223 1557 τῆς
2267 1485 2414 1555 ζωῆς
2458 1486 2666 1539 ἑαυτῶν
2700 1485 2999 1558 εὐρυθμίαν
3048 1485 3479 1557 δημοσιεύουσιν.
3530 1486 3725 1540 Ὅταν

2122 1578 2301 1632 τοίνυν
2345 1577 2412 1631 δι’
2461 1573 2847 1651 ἀμφοτέρωνῇ
2894 1576 2958 1631 τό
2991 1577 3194 1645 ἀγαθὸν
3241 1576 3720 1648 κατορθούμενον,

2121 1670 2223 1740 τῆς
2254 1670 2450 1740 ἠθικῆς
2482 1669 2799 1739 φιλοσοφίας
2823 1668 2960 1740 πρὸς
2989 1669 3089 1739 τὴν
3117 1668 3453 1739 θεωρητικὴν
3479 1670 3727 1742 συνδρα-

2127 1759 2383 1830 μούσης,‹
2406 1759 2528 1831 ᾮδὴ
2550 1758 2765 1830 ψαλμοῦ
2792 1759 3023 1828 γίνεται,
3056 1776 3076 1810 ι
3111 1757 3145 1828 ἧ
3180 1775 3199 1808 ι
3236 1756 3459 1828 Ψαλμδς
3478 1757 3658 1828 ᾠδῆς·
3696 1779 3718 1811 ι

2123 1851 2250 1904 ὅταν
2276 1849 2333 1903 δὲ
2370 1850 2428 1903 τὸ
2458 1852 2569 1921 (58)
2611 1852 2794 1922 ἕτερον
2818 1846 2852 1925 ᾖ
2880 1850 3085 1903 τούτων
3115 1850 3200 1919 ἐφ’
3232 1848 3421 1903 ἑαυτοῦ
3457 1851 3568 1913 τοῖς
3605 1851 3727 1904 ἐπ-

2122 1943 2293 2006 αίνοις
2325 1944 2703 2015 προκείμενον,
2746 1943 2779 2013 ἦ
2821 1943 2881 1996 τὺ
2922 1930 3064 1995 κατὰ
3092 1942 3329 1995 διάνοιαν
3364 1940 3561 2007 ἀγαθὸν
3616 1943 3727 1998 διὰ

2119 2030 2210 2085 τοῦ
2246 2050 2265 2084 ι
2298 2030 2527 2103 Ψαλμοῦ
2569 2050 2588 2085 ι
2630 2034 2786 2104 μόνον
2817 2031 3170 2102 σημαίνεταιο
3202 2030 3234 2101 ἢ
3265 2030 3327 2084 τὸ
3360 2025 3489 2101 ἦθος
3528 2032 3635 2085 καὶ
3681 2035 3721 2103 ἠ

2121 2124 2248 2192 περὶ
2273 2124 2333 2176 τὸ
2368 2123 2691 2195 φαινόμενον
2730 2123 3143 2195 εὐσχημοσύνη,
3176 2121 3264 2175 διὰ
3299 2122 3397 2192 τῆς
3433 2140 3451 2174 ι
3477 2123 3651 2195 ᾮδῆς
3695 2143 3720 2177 ι

2114 2214 2495 2286 ἑρμηνεύεται.

433 2321 542 2374 tur,
574 2310 658 2364 vel
688 2324 901 2363 morum
931 2309 1215 2372 honestas,
1240 2313 1295 2360 et
1321 2306 1376 2361 in
1408 2305 1715 2361 actionibus
1745 2302 1991 2358 decentia
2022 2318 2118 2372 per
2151 2322 2169 2354 ι
2201 2303 2485 2359 Canticum
2518 2322 2536 2356 ι
2573 2304 2903 2360 insinuatur.

506 2418 753 2490 Hymnus
786 2426 969 2473 autem
993 2416 1081 2471 vel
1111 2417 1232 2471 laus
1261 2417 1307 2472 si
1337 2431 1460 2471 cum
1492 2417 1708 2471 cantico
1729 2416 2013 2485 jungatur,

434 2511 766 2566 documento
792 2515 899 2573 est,
930 2523 998 2563 ne
1023 2507 1178 2579 prius
1210 2508 1574 2579 cogitationes
1607 2507 1674 2563 de
1701 2507 1813 2560 Deo
1836 2508 2015 2561 susci-

433 2617 562 2672 pere
598 2599 1181 2671 aggrediamnr,quam
1207 2598 1450 2651 animum
1485 2606 1730 2651 nostrum
1766 2603 1917 2650 tanta
1960 2596 2020 2649 li-

430 2693 642 2750 bertate
696 2692 919 2762 dignum
963 2688 1259 2745 reddamus
1294 2707 1307 2744 :
1345 2707 1364 2741 ι
1409 2687 1528 2742 Non
1562 2702 1581 2736 ι
1612 2683 1781 2751 enim,
1815 2687 2013 2758 inquit,

437 2805 457 2839 ι
485 2786 736 2857 speciosa
767 2784 889 2838 laus
924 2781 979 2836 in
1014 2797 1110 2837 ore
1141 2780 1448 2851 peccatoris
1476 2780 1540 2832 ".
1587 2797 1606 2831 ι
1644 2777 1707 2831 Et
1739 2778 2014 2849 peccatori

429 2876 569 2931 dixit
596 2875 741 2930 Deus
774 2893 788 2929 :
822 2893 840 2927 ι
873 2872 1054 2939 Quare
1084 2880 1145 2927 tu
1174 2886 1400 2927 enarras
1429 2870 1674 2941 justitias
1701 2870 1953 2924 meas"?
1989 2888 2009 2921 ι

429 2964 577 3021 Idem
628 2981 729 3020 nos
778 2965 940 3020 docet
984 2981 1005 3016 ι
1037 2964 1214 3018 oratio
1248 2978 1371 3018 cum
1400 2962 1637 3025 cantico,
1669 2980 1688 3012 ι
1736 2960 2010 3024 νίᾱοιίοςῑ,

431 3067 492 3113 ut
525 3055 916 3111 vitaa‘rationes
942 3054 1094 3124 prius
1123 3063 1274 3109 recte
1302 3052 1739 3117 conformemus,
1769 3067 1838 3106 ne
1887 3052 2011 3121 quis

431 3149 617 3219 aegris
635 3153 689 3202 et
710 3146 974 3201 dissonus
996 3145 1111 3199 suis
1129 3145 1182 3197 in
1210 3143 1521 3197 actionibus
1544 3149 1820 3211 appareat,
1852 3148 2012 3196 tunc-

2193 2416 2399 2486 Ὕμνος
2420 2417 2475 2470 δὲ
2506 2417 2537 2487 ἦ
2573 2412 2721 2480 αἶνος
2749 2421 2812 2488 τῇ
2841 2418 2948 2489 ᾠδῇ
2985 2417 3445 2489 συμμιγνύμενος,
3474 2419 3721 2489 παράγ-

2119 2505 2295 2575 γελμα
2325 2507 2552 2575 γίνεται,
2591 2508 2663 2577 μὴ
2697 2509 2963 2580 πρότερον
3012 2511 3161 2579 ἡμᾶς
3210 2510 3550 2581 κατατολμᾷν
3582 2513 3718 2567 τῶν

2118 2615 2184 2650 πε
2192 2598 2245 2669 pl.
2266 2599 2399 2652 Θεοῦ
2421 2601 2726 2669 νοημάτων,
2743 2602 2872 2671 πρὶν
2892 2601 2955 2654 ἂν
2976 2601 3066 2655 τὸν
3092 2602 3204 2671 βίον
3225 2603 3258 2673 ἡ
3267 2602 3378 2673 μῶν
3398 2603 3493 2673 τῆς
3511 2605 3722 2659 τοιαύ-

2116 2706 2216 2759 της
2235 2690 2545 2761 παρρησίας
2570 2693 2881 2762 ποιήσωμεν
2902 2693 3069 2759 ἄξιον.
3096 2713 3115 2745 ι
3138 2694 3212 2746 Οὐ
3235 2713 3254 2746 ι
3275 2694 3383 2765 γὰρ
3404 2715 3421 2746 ι
3440 2695 3673 2764 ὡραῖος,
3689 2717 3715 2750 ο

2121 2782 2306 2851 φησὶν,
2346 2801 2365 2832 ‹
2395 2777 2541 2846 αἶνος
2569 2785 2625 2835 ἐν
2656 2784 2879 2853 στόματι
2909 2785 3254 2855 άμαρτωλοῦ.
3295 2806 3315 2840 ο
3342 2787 3449 2840 Καὶ
3471 2787 3546 2859 τῷ
3578 2789 3718 2861 (39)

2121 2870 2426 2941 ἁμαρτωλῷ
2474 2867 2625 2925 εἷπεν
2653 2874 2680 2925 ὁ
2717 2873 2869 2935 θεὸς,
2901 2890 2918 2923 ι
2946 2871 3065 2927 Ἵνα
3092 2872 3145 2925 τί
3173 2876 3240 2930 σὺ
3265 2875 3485 2947 ἐκδιηγῇ
3518 2877 3589 2929 τὰ
3624 2879 3720 2932 δι-

2117 2960 2409 3031 καιώματά
2446 2980 2580 3033 μους
2624 2983 2644 3016 ι
2689 2963 2965 3027 Ὡσαύτως
3006 2963 3061 3016 δὲ
3104 2965 3196 3017 κα).
3234 2967 3268 3036 ἡ
3306 2983 3327 3017 ι
3375 2968 3511 3019 Μετ’
3544 2965 3719 3038 ᾠδῆς

2118 3053 2391 3123 προσευχὴ
2430 3072 2446 3101 ι
2477 3054 2537 3105 τὸ
2575 3048 2692 3107 ίσον
2740 3056 2870 3123 ἡμῖν
2899 3054 3210 3108 ὑποτίθεται
3232 3097 3246 3117 ,
3276 3057 3532 3127 πρότερον
3562 3062 3716 3131 περὶ

2115 3142 2205 3195 τὸν
2240 3142 2352 3212 βίον
2396 3143 2750 3209 σπουδάζειν,
2779 3144 2852 3207 ὡς
2880 3144 2946 3197 ἂν
2983 3146 3054 3215 μή
3088 3162 3172 3209 τις
3216 3145 3454 3217 ῥᾴθυμός
3482 3148 3596 3216 (40)
3642 3168 3712 3204 τε

431 3255 538 3310 que
574 3252 678 3309 per
709 3237 1016 3293 orationem
1057 3234 1123 3289 ad
1166 3233 1334 3289 Deum
1370 3234 1712 3287 accedamus.
1755 3231 1910 3297 Quod
1939 3231 2010 3285 si-

2121 3234 2208 3287 ml.
2239 3233 2628 3303 παρηχημένος
2667 3237 2775 3298 τοῖς
2808 3234 3197 3306 ἐπιτηδεύμασι
3242 3236 3406 3310 τύχῃ.
3446 3237 3537 3291 καὶ
3568 3242 3713 3294 τότε

430 3330 711 3402 gniﬁcare,
736 3328 946 3399 judicio
967 3342 1107 3392 meo,
1128 3325 1391 3380 Dominus
1413 3324 1650 3378 voluisse
1673 3323 1886 3377 videtur
1907 3323 2013 3377 illis

429 3422 523 3492 qui
557 3421 830 3486 dicebant,
864 3435 884 3469 ι
917 3417 1163 3482 Domine,
1199 3415 1335 3469 doce
1375 3430 1475 3469 nos
1509 3428 1666 3468 orare
1686 3413 1731 3444 ³⁸
1764 3416 1834 3483 l,(
1855 3412 2015 3482 quasi

428 3513 608 3570 oratio
637 3526 747 3567 non
782 3510 836 3564 in
865 3509 1067 3572 verbis,
1093 3507 1187 3563 scd
1216 3506 1272 3560 in
1298 3506 1409 3559 vita
1432 3513 1578 3561 recte
1604 3505 1853 3560 instituta
1881 3519 2015 3558 con-

429 3587 623 3675 sistat)
680 3617 808 3658 cum
858 3602 934 3654 ait
974 3618 987 3655 :
1025 3619 1043 3651 ι
1075 3598 1131 3654 Si
1177 3598 1499 3654 dimiseritis
1544 3597 1853 3651 hominibus
1896 3612 2013 3666 pec-

428 3700 553 3750 cata
580 3707 791 3759 eorum,
833 3689 1071 3745 dimittet
1111 3695 1167 3745 et
1204 3685 1366 3742 Pater
1403 3687 1645 3743 caelestis
1673 3695 1895 3757 peccata
1917 3700 2012 3741 ve-

428 3794 543 3844 stra
563 3787 628 3839 ".
663 3803 686 3838 ι

497 3962 570 4016 At
636 3960 858 4031 quando
903 3959 1118 4030 psalmo
1172 3957 1288 4012 sola
1342 3971 1480 4021 vox,
1536 3954 1944 4020 «laudationis,
1984 3973 2003 4007 ι

425 4053 759 4126 praeﬁgitur,
817 4060 933 4106 tum
981 4051 1230 4119 subjecta
1303 4049 1572 4104 sententia
1631 4050 2008 4105 testimonium

426 4143 701 4215 quoddam
735 4142 980 4198 continet
1004 4140 1124 4213 ejus
1147 4141 1241 4209 qui
1283 4138 1395 4194 Deo
1435 4138 1779 4195 laudationes
1810 4140 2007 4196 oﬂ'crt:

428 4250 554 4291 nam
580 4234 803 4289 laudare
826 4232 995 4289 Deum
1017 4231 1242 4287 alterius
1264 4246 1372 4285 non
1395 4238 1500 4295 est,
1523 4230 1617 4285 sed
1648 4248 1666 4282 ι
1694 4230 2009 4294 Laudation

424 4326 658 4397 inquit,¢
684 4324 903 4380 Davidis
932 4342 945 4379 :
978 4342 997 4375 ι
1035 4331 1096 4379 ιιι
1128 4324 1255 4377 hinc
1292 4322 1591 4389 discamus,
1629 4337 1727 4379 nos
1757 4330 1887 4375 tunc
1914 4322 2007 4377 Dei

422 4416 684 4473 laudandi
713 4416 806 4487 jus
837 4422 892 4470 et
922 4416 1225 4471 libertatem
1261 4412 1579 4484 adepturos,
1615 4412 1662 4469 si
1703 4411 1894 4468 Davidi
1931 4415 2009 4469 si-

422 4511 580 4566 miles
606 4509 923 4565 evadamus.

500 4634 522 4671 c
574 4616 824 4674 Psalmus
875 4636 894 4669 ι
951 4630 1084 4671 vero
1144 4632 1162 4667 ι
1195 4613 1249 4668 in
1309 4611 1575 4683 hymnis:
1635 4611 1701 4666 ad
1752 4612 1999 4668 altiorem

422 4707 713 4780 quemdam
769 4717 971 4763 statum
1023 4704 1250 4772 evehit;
1285 4719 1449 4774 quem
1492 4703 1643 4757 novit
1685 4711 1739 4758 et
1781 4703 2002 4758 divinus

423 4796 741 4870 Apostolus,
765 4804 828 4852 ut
852 4804 1089 4853 testatur
1126 4795 1194 4851 ad
1233 4792 1572 4858 Corinthios,
1624 4807 1749 4847 cum
1796 4793 1867 4846 ait
1914 4806 2002 4848 se-

422 4886 604 4958 ipsum
628 4883 791 4939 modo
821 4882 1016 4954 spiritu
1038 4883 1291 4954 psallere,
1319 4879 1480 4936 modo
1514 4887 1696 4937 mente
1724 4880 1789 4934 ³⁸.
1832 4878 2003 4951 Igitur

2115 3324 2400 3394 προσιέναι
2431 3324 2518 3377 διὰ
2554 3326 2860 3397 προσευχῆς
2892 3327 2970 3397 τῷ
2999 3326 3138 3397 Θεῷ.
3166 3327 3271 3381 Καί
3305 3346 3393 3399 μοι
3420 3329 3563 3382 δοκεῖ
3592 3333 3711 3401 τὴν

2111 3414 2366 3485 τοιαύτην
2396 3418 2424 3468 ὁ
2461 3415 2663 3487 Κύριος
2696 3417 2903 3470 ἔννοιαν
2935 3419 3282 3489 παραδιδόναι
3330 3423 3437 3483 τοῖς
3477 3422 3710 3479 εἰποῦσι

2114 3506 2249 3577 πρὸς
2265 3508 2445 3572 αὑτὸν,
2467 3508 2548 3561 ὅτι
2568 3527 2587 3559 ι
2612 3507 2826 3572 Δίδαξωι
2844 3510 2989 3580 ἡμᾶς
3018 3512 3438 3582 προσεύχεσθαι·
3462 3532 3480 3564 ι
3501 3514 3575 3576 ὡς
3592 3517 3709 3570 οὐκ

2113 3600 2170 3651 ὲν
2200 3601 2406 3670 ῥήμασι
2432 3600 2531 3669 τῆς
2563 3601 2900 3671 προσευχῆς,
2931 3601 3044 3655 ἀλλ’
3073 3604 3132 3656 ὲν
3160 3604 3238 3674 τῷ
3271 3603 3369 3674 βίῳ
3394 3605 3706 3676 κατορθου-

2115 3692 2309 3762 μένης,
2329 3694 2383 3744 ὲν
2405 3687 2485 3755 οἷς
2504 3708 2684 3763 φησιν,
2716 3694 2799 3746 ὅτι
2831 3711 2849 3745 ι
2886 3694 3012 3747 Ἐάν
3038 3695 3212 3765 ἀφῆτε
3247 3698 3359 3759 τοῖς
3383 3696 3710 3767 ἀνθρώποις

2109 3782 2178 3835 τὰ
2213 3782 2631 3852 παραπτώματα
2674 3783 2881 3846 αὐτῶν,
2922 3785 3119 3857 ἀφήσει
3152 3787 3245 3841 κα).
3278 3788 3404 3858 ὑμῖν
3440 3789 3468 3841 ὁ
3498 3790 3708 3863 Πατὴρ

2108 3874 2138 3925 ὁ
2165 3873 2411 3945 οὐράνιος
2434 3873 2532 3937 τὰς
2562 3874 2832 3944 ἁμαρτίας
2862 3874 3036 3945 ὑμῶν.
3070 3894 3089 3928 ι

2183 3961 2348 4014 Ὅταν
2377 3961 2432 4015 δὲ
2462 3963 2579 4015 καθ’
2605 3963 2801 4034 ἑαυτὴν
2832 3966 2865 4035 ἡ
2919 3965 3163 4031 Αἷνεσις
3211 3966 3508 4037 γράφηται,
3543 3985 3623 4037 μα
3634 3988 3705 4040 ρ-

2107 4052 2299 4120 τυρίαν
2342 4051 2464 4105 τινὰ
2509 4052 2603 4106 τοῦ
2633 4054 2977 4118 ἀνατιθέντος
3018 4055 3096 4125 τῷ
3122 4055 3241 4125 Θεῷ
3277 4056 3403 4119 τοὺς
3432 4057 3706 4125 ἐπαίνους

2109 4140 2352 4210 περιέχει
2390 4141 2450 4194 τὸ
2478 4142 2653 4213 νόημα
2676 4141 2810 4211 (ll).
2852 4144 2930 4197 Ού
2962 4144 3072 4215 γὰρ
3095 4144 3255 4198 ἄλλου
3284 4146 3428 4210 τινός
3452 4148 3602 4200 ἐστιν
3634 4150 3707 4204 τὸ

2107 4231 2348 4281 ἐπαινεῖν
2399 4229 2509 4301 (4:2)
2560 4230 2650 4283 τὸν
2693 4231 2846 4296 Θεὸν,
2894 4232 3009 4286 ἀλλ’
3039 4235 3313 4301 Αἵνεσίς,
3359 4234 3529 4306 φησὶ,
3576 4240 3704 4295 τοῦ

2108 4320 2315 4373 Δαυΐδ·
2344 4321 2419 4384 ὡς
2450 4321 2516 4376 ἂν
2543 4323 2631 4376 διὰ
2661 4324 2848 4377 τούτου
2889 4326 3179 4396 μάθοιμεν,
3209 4328 3291 4381 ὅτι
3334 4329 3382 4380 εί
3413 4327 3525 4399 (45)
3560 4334 3702 4385 κατ’

2107 4411 2314 4465 ἐκεῖνον
2342 4412 2652 4483 γενοίμεθα,
2680 4415 2801 4467 τότε
2836 4416 2930 4487 καὶ
2956 4417 3116 4487 ἡμεῖς
3144 4416 3244 4488 τὴν
3270 4418 3364 4472 τοῦ
3397 4421 3563 4474 αἰνεῖν
3594 4425 3705 4478 τὸν

2107 4502 2239 4556 Θεὸν
2266 4503 2574 4576 παρρησίαν
2602 4505 2905 4577 ληψόμεθα.

2189 4611 2249 4664 Ὁ
2276 4610 2332 4665 δὲ
2353 4630 2374 4664 ι
2414 4613 2502 4666 Ἐν
2528 4613 2718 4685 ὕμνοις
2749 4615 2983 4688 ψαλμὸς,
3015 4636 3034 4670 ι
3057 4620 3136 4683 είς
3169 4618 3504 4692 ὑψηλοτέραν
3537 4623 3702 4692 ἡμᾶς

2109 4698 2297 4768 ἀνάγει
2332 4701 2683 4769 κατάστασιν,
2716 4705 2785 4777 ἢν
2828 4706 2943 4777 ᾔδει
2968 4707 3067 4761 καὶ
3092 4713 3120 4764 ὁ
3160 4709 3302 4774 θεῖος
3342 4711 3698 4781 Ἀπόστολος,

2108 4788 2290 4854 καθὼς
2316 4790 2450 4862 πρὸς
2489 4794 2808 4864 Κορινθίους
2852 4799 3036 4868 φησὶν,
3083 4800 3275 4855 ἑαυτὸν
3317 4801 3415 4856 νῦν
3464 4804 3563 4873 μὲν
3610 4806 3701 4877 τῷ

2107 4884 2377 4955 πνεύματι
2423 4885 2673 4955 ψάλλειν,
2723 4887 2817 4942 νῦν
2860 4889 2917 4941 δὲ
2964 4889 3044 4961 τῷ
3088 4891 3187 4945 νοΐ.
3244 4893 3453 4947 Οὐκοῦν
3497 4896 3531 4965 ἡ
3584 4898 3698 4965 μὲν

422 4973 729 5048 psalmodia
760 4974 1051 5030 commista
1074 4989 1199 5029 cum
1227 4979 1432 5037 mente,
1478 4969 1613 5027 illud
1645 4970 1825 5043 ipsum
1849 4972 1997 5042 quod

2121 4972 2183 5043 τῷ
2224 4972 2298 5044 νῷ
2333 4976 2750 5048 συμμιγνυμένη
2780 4977 3070 5049 ψαλμῳδία
3112 4979 3204 5034 τὸν
3245 4983 3701 5054 προαποδοθέντα

420 5067 578 5140 prius
607 5065 932 5122 tradidimus
959 5064 1219 5131 declarat,
1259 5064 1433 5121 videri
1462 5063 1721 5119 nimirum
1750 5063 1804 5117 id
1851 5061 1999 5133 quod

2106 5062 2264 5131 λόγον
2310 5064 2652 5137 διερμηνεύει
2706 5069 2816 5139 (44)
2842 5111 2858 5135 ,
2914 5069 3009 5123 τοῦ
3037 5132 3045 5141 _
3071 5072 3182 5127 δεῖν
3235 5074 3347 5148 (45)
3390 5074 3451 5129 τὸ
3499 5078 3701 5145 (pauid-

490 5249 539 5281 ³⁸
577 5245 861 5314 Eccli.xv,
890 5246 941 5302 9.
1020 5247 1063 5278 ⁸⁷
1096 5245 1240 5304 Psal.
1271 5260 1422 5313 χιιι,
1451 5245 1539 5300 l6.
1616 5245 1662 5278 ’⁸
1686 5245 1816 5301 Luc.
1844 5260 1921 5311 xu,
1954 5243 2002 5299 Ι.

2121 5249 2126 5272 ’
2166 5245 2355 5302 Matth.
2382 5264 2456 5311 vl,
2488 5248 2573 5303 Η.
2650 5249 2741 5304 ³⁰1
2776 5250 2901 5306 Cur.
2942 5268 3054 5319 xlv,
3078 5253 3163 5309 15.

647 5408 713 5460 Ἥ
744 5423 856 5463 om.
884 5405 968 5461 ed.

514 5410 584 5461 54
647 5410 713 5460 Ἤ
744 5423 856 5463 om.
884 5410 968 5461 ed.

514 5410 607 5547 ἔθεε)
640 5476 925 5547 Σημαίνειν
950 5475 1042 5547 βά·

494 5544 606 5613 (εει)
639 5544 867 5600 Aé'add.
898 5544 988 5599 ed.

495 5612 612 5745 ἓξὲξ
636 5613 1017 5737 ἷὲνοΞῬ⁶εῖιὶ¹ῖ

521 5679 612 5744 38)
642 5679 717 5732 Τό
749 5697 860 5737 om.
896 5682 985 5736 ed.
1010 5681 1134 5737 Mox
1165 5683 1399 5744 ἑαυτοῖς,
1428 5679 1518 5736 ed.

521 5747 612 5817 39)
646 5748 739 5819 Τῷ
765 5750 843 5817 δέ,
877 5754 971 5807 ed.

2174 5408 2285 5480 (4ο)
2321 5409 2657 5480 Ἅρρνθμος.
2684 5412 2769 5468 ed-

2176 5477 2288 5551 (ﬂ)
2316 5477 2478 5551 Forte
2504 5477 2695 5551 ὄνομα,

2176 5548 2286 5613 (4‘2)
2328 5550 2528 5609 Αίνεῖν,
2564 5548 2651 5603 ed.

2178 5617 2429 5686 (45)_Kat
2459 5618 2582 5671 add.
2619 5622 2708 5675 ed.

2177 5683 2288 5757 (44)
2304 5683 2647 5757 Ἐρμηνεύει.
2683 5690 2770 5745 ed.

2180 5756 2289 5826 (45)
2317 5756 2390 5809 T'o
2420 5757 2617 5813 δοκεῖν.
2648 5760 2745 5816 Et).
