3888 6366
241 473 350 529 ι97

1644 480 1713 537 ΙΝ
1745 480 2083 539 PSALMOS.

3402 474 3512 536 408

242 609 409 663 μενον
452 592 603 658 ἄξιον
659 587 795 648 εἶναι
850 594 944 650 τοῦ
997 598 1412 671 κεκρυμμένου,
1472 604 1559 660 ἵνα
1631 605 1664 675 ἠ
1717 603 1818 675 ᾠδῆ

1933 602 1988 658 in
2018 609 2207 674 aperto
2233 605 2338 668 est,
2364 596 2716 668 omniumque
2738 597 3056 670 conspectui
3084 597 3393 670 expositum
3421 597 3512 654 di-

241 682 488 755 σημαίνῃ
530 684 642 755 (46)
698 686 777 758 τῷ
813 689 1038 761 τοιούτῳ
1094 692 1347 763 νοήματι.
1418 692 1482 746 Ἦ
1541 694 1596 746 δὲ
1665 697 1828 751 πνεύ-

242 793 378 847 ματι
438 777 586 849 μόνῳ
647 780 1051 853 κατορθουμένη
1104 784 1434 856 ψαλμῳδία,
1495 787 1594 858 τὴν
1661 788 1829 860 ὑπερ-

238 865 474 934 έχουσαν
563 869 896 923 κατάστασιν
979 873 1087 927 τῶν
1180 874 1353 942 ἁγίων
1436 878 1771 936 ἐνδείκνυται
1808 922 1824 950 ,

238 958 373 1010 ὅταν
407 962 653 1030 κρεῖττον
768 962 866 1032 τῆς
907 962 995 1017 διὰ
1026 964 1132 1018 τῶν
1164 967 1507 1039 φαινομένων
1550 971 1829 1039 ἐνδείξεως

237 1048 304 1100 τὸ
355 1048 433 1119 τῷ
475 1049 594 1119 Θεῷ
637 1052 1065 1123 προσαγόμενον.
1108 1055 1184 1108 Οὐ
1213 1057 1323 1128 γάρ
1356 1060 1414 1112 ὲν
1437 1059 1601 1129 ᾠδαῖς
1630 1078 1772 1116 τισιν
1799 1065 1828 1117 ό

238 1138 459 1210 eam;
477 1143 593 1204 ταῖς
609 1141 696 1194 διὰ
712 1143 968 1213 ῥημάτων
991 1145 1077 1198 δια
1086 1147 1372 1217 ρθρούσαις
1397 1149 1504 1201 τῶν
1521 1151 1826 1223 νοουμένων

237 1230 342 1300 τὴν
357 1230 601 1301 δύναμιν,
620 1232 731 1285 ἀλλ’
754 1252 774 1284 ί
808 1233 895 1287 Ἐν
927 1234 1134 1306 ὕμνοις,
1172 1256 1189 1288 ι
1225 1239 1409 1308 φησιν,
1437 1260 1455 1293 ι
1484 1242 1512 1293 ὁ
1544 1241 1771 1314 ψαλμός.
1802 1263 1820 1295 ι

242 1321 417 1374 Τοῦτο
444 1322 501 1375 δέ
536 1325 669 1390 ἐστι,
702 1326 842 1380 κατά
868 1343 931 1395 γε
967 1330 1065 1398 τὴν
1092 1329 1232 1402 ἐμὴν
1262 1331 1464 1401 κρίσιν,
1485 1332 1821 1400 διδασκαλία,

237 1413 295 1465 τί
323 1413 428 1484 χρὴ
453 1415 556 1467 ὑπὸ
576 1415 666 1469 τοῦ
692 1414 860 1487 ὕμνου
886 1418 1193 1486 γινώσκειν.
1221 1421 1577 1495 Μανθάνομεν
1600 1428 1707 1498 γὰρ
1741 1429 1824 1483 ὅτι

240 1505 271 1555 ὁ
296 1503 498 1573 ὑψηλὸς
534 1505 645 1575 βίος
688 1509 779 1560 καὶ
831 1510 891 1561 τὸ
924 1510 992 1563 τά
1042 1511 1154 1564 ἄνω
1186 1516 1422 1581 φρονεῖν,
1459 1518 1553 1571 καὶ
1602 1520 1666 1573 ὲκ
1716 1520 1823 1576 τῶν

238 1593 511 1682 οὐρανίων
588 1614 646 1649 τε
709 1599 800 1651 καὶ
864 1600 1273 1673 ὑπερκειμένων
1326 1607 1434 1679 (47)
1536 1613 1822 1682 νοημάτων

131 1720 137 1727 .
240 1680 389 1751 ἔχειν
425 1684 485 1737 τὸ
536 1687 805 1758 ἡμέτερον
860 1688 1108 1761 ὄργανον,
1158 1693 1313 1748 τοῦτο
1363 1696 1528 1768 ὕμνος
1567 1680 1683 1756 ἐστὶ
1726 1704 1821 1760 τοῦ

238 1774 401 1868 Θεοῦ,
438 1777 537 1830 οὐκ
583 1781 640 1831 ἐν
684 1778 908 1852 δυνάμει
946 1786 1226 1855 ῥημάτων,
1279 1788 1392 1841 ἀλλ’
1428 1793 1484 1844 ἐν
1532 1792 1608 1863 τῷ
1659 1796 1822 1868 ὑπερ-

238 1867 436 1961 έχοντι
468 1869 897 1943 κατιρθούμενος
946 1876 1046 1947 βίῳ
1099 1878 1233 1950 (48)⁹
1289 1881 1415 1935 ὅταν
1467 1885 1523 1938 δὲ
1569 1887 1669 1958 τὴν
1720 1867 1820 1961 τῆς

1932 697 2095 768 gnius
2144 710 2267 752 esse
2301 707 2368 750 eo
2416 692 2563 764 quod
2613 696 2673 747 in
2729 692 2949 747 occulto
3012 691 3167 758 iatet,
3211 698 3273 745 ut
3322 692 3511 761 proin-

1935 787 2003 842 de
2072 787 2349 842 canticum
2424 799 2521 855 per
2563 783 2712 838 illam
2769 782 3098 839 sententiam
3144 774 3507 855 signiﬁcetur.

1930 875 2242 932 Psalmodia
2293 884 2474 930 autem
2497 888 2619 945 qua
2657 874 2776 929 solo
2799 875 2995 946 spiritu
3024 875 3304 946 perﬁcitur
3331 877 3512 932 excel—

1930 968 2131 1023 lentem
2172 975 2489 1024 sanctorum
2544 973 2747 1022 statum
2779 966 3140 1032 demonstrat,
3202 967 3349 1039 quod
3398 968 3511 1023 sci-

1929 1059 2055 1114 licet
2126 1058 2181 1113 id
2252 1057 2399 1129 quod
2457 1056 2569 1112 Deo
2634 1057 2901 1121 uﬂ‘ertur,
2964 1058 3161 1114 melius
3224 1059 3295 1113 sit
3361 1059 3511 1115 omni

1928 1149 2200 1220 illo,quod
2226 1165 2370 1204 nunc
2387 1149 2441 1203 in
2468 1147 2631 1204 rebus
2648 1150 3072 1220 aspectabilihus
3096 1150 3373 1206 elucescit.
3390 1150 3509 1206 Non

1925 1240 2072 1295 enim
2109 1240 2162 1295 in
2196 1240 2426 1296 canticis
2462 1239 2784 1310 quibusdam
2825 1248 2910 1296 est
2944 1241 3214 1310 psalmus,
3255 1257 3376 1312 quae
3413 1257 3510 1313 per

1927 1331 2091 1386 verba
2131 1346 2314 1385 rerum
2355 1330 2722 1400 subjectarum
2763 1332 2869 1385 vim
2907 1332 3228 1402 explanent,
3265 1333 3360 1389 sed
3399 1353 3418 1385 ι
3455 1335 3510 1390 in

1926 1422 2165 1494 hymnis,
2189 1442 2207 1475 ι
2241 1423 2436 1494 inquit,
2474 1440 2492 1474 ι
2521 1423 2783 1493 psalmus.
2804 1442 2822 1474 ι
2857 1421 2974 1478 Hoc
2997 1438 3143 1491 vero,
3177 1432 3235 1479 ut
3264 1424 3365 1497 ego
3389 1426 3509 1496 qui-

1925 1512 2045 1569 dem
2079 1515 2334 1581 arbitror,
2365 1515 2523 1570 docet
2556 1530 2676 1579 nos,
2718 1514 2847 1585 quid
2881 1515 3065 1586 hymni
3097 1515 3316 1573 nomine
3346 1517 3507 1572 intel-

1926 1606 2199 1677 ligendum
2226 1609 2314 1664 sit.
2347 1607 2617 1664 Discimus
2641 1609 2807 1674 enim,
2834 1592 3120 1663 sublimem
3149 1608 3295 1663 illam
3321 1609 3508 1674 vitam,

1923 1704 1976 1752 et
2015 1713 2135 1768 qum
2174 1713 2394 1754 sursum
2428 1706 2559 1753 sunt
2586 1714 2809 1770 sapere,
2844 1706 3208 1770 nostrumque
3243 1714 3511 1771 organum
3587 1691 3591 1695 ’

1921 1806 1991 1846 ex
2019 1792 2336 1848 cmlestibus
2362 1801 2416 1847 et
2442 1792 2695 1862 supernis
2728 1792 3152 1863 cogitationibus
3181 1808 3510 1862 suspensum

1924 1882 2146 1947 habere,
2174 1883 2436 1955 hymnum
2466 1881 2560 1938 Dei
2582 1898 2732 1951 esse;
2758 1883 2922 1938 vitam
2956 1882 3227 1949 videlicet,
3254 1898 3363 1937 non
3392 1898 3513 1940 ver-

243 1976 264 2007 ι
313 1959 581 2023 συνέσεως
621 1980 638 2011 ι
690 1964 873 2036 φωνὴν
914 1970 1215 2037 συγγράφοι
1253 1974 1365 2036 τοῖς
1413 1974 1634 2046 ὕμνοις,
1680 1959 1818 2053 συμ-

1926 1973 2117 2028 borum
2142 1974 2378 2029 efﬁcacia
2401 1984 2454 2030 et
2490 1974 2800 2045 splendore,
2837 1974 2932 2029 sed
2966 1989 3030 2029 eo
3054 1975 3198 2044 quod
3233 1975 3319 2029 his
3353 1975 3513 2046 longe

237 2047 459 2145 φυλίαν
527 2054 647 2145 τινὰ
712 2055 859 2109 δοκεῖ
926 2076 1017 2128 μοι
1082 2062 1351 2118 ποιεῖσθαι
1409 2069 1438 2120 ὁ
1506 2068 1686 2139 λόγος,

236 2140 519 2206 ἀσυνέτως
570 2144 711 2215 ἔχειν
755 2149 864 2202 τῶν
904 2152 983 2214 είς
1028 2152 1335 2225 δοξολογίαν
1370 2157 1445 2230 τῷ
1474 2160 1592 2233 Θεῷ
1632 2140 1822 2220 ἀνατιξ

236 2226 483 2297 θεμένων
506 2233 765 2302 ῥημάτων
789 2253 802 2268 ·
832 2240 1042 2310 μήποτε
1069 2243 1323 2317 λάθοιμεν
1348 2249 1687 2325 ἀνεξετάστῳ
1729 2259 1822 2311 καὶ

235 2321 651 2423 ἁσυνέτιμβθ)
685 2330 791 2423 τινὶ
828 2333 969 2423 ὁρμῇ
1030 2336 1095 2389 τά
1148 2338 1223 2410 μὴ
1270 2334 1548 2411 πρέποντα
1594 2321 1668 2418 τῇ*
1704 2349 1824 2423 θείᾳ

240 2409 624 2483 μεγαλειότητι
681 2409 1355 2495 ἀνατιθέντεςονοήματα·
1421 2428 1529 2485 οἷόν
1592 2409 1709 2490 ἐστι
1762 2409 1823 2493 τί)

210 2500 447 2567 ,οἴεσθαι
485 2508 596 2569 τοῖς
637 2509 776 2563 κατὰ
809 2511 939 2565 Θεὸν
974 2512 1138 2577 ζῶσιν
1171 2521 1227 2572 ἐν
1262 2524 1328 2593 τῇ
1360 2523 1455 2577 τοῦ
1488 2527 1603 2595 βίον
1631 2531 1821 2586 τούτου

234 2593 502 2692 εὐκληρίᾳ
541 2601 873 2692 προκεῖσθαι
902 2606 997 2669 τὰς
1046 2609 1301 2679 ἀμοιϐὰς,
1354 2593 1537 2671 καὶτὸ
1583 2623 1822 2692 νομίζειν

236 2683 437 2783 έκεῖνο,
471 2689 563 2740 καὶ
596 2693 745 2761 παρὰ
773 2693 849 2763 τῷ
881 2694 997 2764 Θεῷ
1024 2699 1186 2753 καλὸν
1222 2701 1503 2773 κρίνεσθαι
1538 2683 1820 2783 (50,ι’,ὅπερ

232 2771 402 2872 avi?!
453 2777 698 2849 αἰσθήσει
745 2784 849 2837 τῶν
898 2787 1199 2859 ἀνθρώπων
1238 2796 1477 2851 τοιοῦτον
1525 2798 1684 2872 δόξῃ·
1727 2771 1820 2857 καὶ

235 2863 410 2918 πολλὰ
464 2868 687 2924 τοιαῦτα
733 2873 955 2955 δυνειτόν
1000 2882 1147 2934 ἐστιν
1208 2885 1493 2957 εὑρεθῆναι
1546 2863 1814 2961 νοη-ματα,

232 2958 361 3044 ταῖς
400 2960 525 3029 περὶ
558 2961 691 3016 Θεοῦ
729 2967 1030 3039 omnem
1060 2975 1208 3044 παρὰ
1246 2977 1352 3030 τῶν
1382 2981 1655 3034 ἀσυνέτων
1686 2985 1818 3037 ἁνα-

234 3042 496 3115 τιθέμενα
540 3049 672 3123 (51).
731 3055 822 3107 Σοὶ
870 3057 926 3111 δὲ
980 3062 1135 3132 χρεία
1185 3066 1447 3131 συνέσεως
1495 3069 1588 3122 τοῦ
1638 3074 1820 3128 ἐκεῖνα

234 3136 371 3205 περὶ
403 3139 565 3193 αὑτοῦ
624 3144 919 3214 γινώσκειν,
951 3150 1048 3203 ὅσα
1104 3152 1176 3224 μὴ
1233 3156 1421 3228 μῶμον
1452 3159 1604 3230 φέρει
1659 3180 1823 3234 προσ-

233 3229 536 3323 ιρερόμενα.
594 3235 666 3288 Τὸ
721 3238 819 3307 μὲν
867 3241 976 3312 γὰρ
1029 3244 1200 3309 οὕτως
1270 3249 1417 3322 αὐτῷ
1468 3229 1819 3323 πρέπον-είς

1924 2071 2271 2145 praestantius
2305 2078 2408 2135 est,
2442 2070 2734 2125 illustrem.
2771 2070 3001 2137 Quando
3030 2081 3209 2126 autem
3255 2090 3273 2123 ι
3299 2072 3511 2128 intelle-

1920 2169 2047 2216 etus
2072 2180 2090 2213 ι
2117 2177 2219 2216 vox
2248 2162 2542 2218 ascribitur
2560 2162 3106 2233 hymnis,consilium
3128 2163 3244 2218 dari
3272 2162 3507 2227 videtur,

1924 2268 1994 2307 ne
2023 2253 2187 2308 rudes
2221 2261 2274 2309 et
2309 2253 2547 2323 imperiti
2588 2254 2760 2309 simus
2797 2254 3012 2308 illorum
3048 2254 3362 2319 verborum,
3390 2268 3512 2323 qua:

1925 2342 1994 2397 ad
2034 2343 2125 2398 Dei
2160 2344 2386 2414 gloriam
2435 2343 2831 2399 decantandam
2880 2344 3117 2409 faciunt,
3154 2359 3223 2400 ne
3261 2342 3511 2400 fortassis

1925 2434 2236 2504 improviso.
2264 2435 2464 2504 impetu
2500 2451 2568 2489 ea
2608 2450 2728 2505 quce
2765 2435 3006 2490 divinam
3051 2435 3512 2505 magniﬁcentiam

1924 2526 2150 2580 minime
2174 2526 2389 2591 decent,
2424 2526 2491 2581 de
2518 2524 2609 2579 illa
2634 2525 3045 2595 concipiamus:
3067 2524 3377 2595 cujusmodi
3404 2531 3509 2589 est,

1924 2619 2239 2675 existimare
2270 2619 2336 2674 iis
2374 2618 2467 2688 qui
2504 2618 2806 2674 secundum
2831 2617 2999 2673 Deum
3035 2618 3246 2682 vivunt,
3267 2617 3321 2671 in
3345 2617 3511 2688 hujus

1922 2710 2045 2763 vitae
2080 2710 2337 2765 felicitate
2370 2711 2639 2780 repositas
2670 2726 2792 2766 esse
2824 2709 3239 2777 retributiones;
3274 2717 3331 2763 ut
3358 2718 3411 2765 et
3444 2710 3512 2764 il-

1920 2800 2043 2866 lud,
2078 2802 2351 2866 arbitrari,
2396 2800 2489 2856 Dei
2526 2801 2755 2870 judicio,
2791 2801 2997 2856 bonum
3026 2811 3079 2855 et
3112 2809 3322 2855 rectum
3353 2814 3506 2864 esse,

1920 2893 2067 2962 quod
2110 2892 2367 2948 humanis
2415 2893 2671 2949 sensibus
2718 2892 3033 2962 hujusmodi
3080 2908 3204 2947 esse
3247 2899 3508 2960 apparet;

1922 2984 2231 3053 multasque
2272 2983 2435 3053 hujus
2477 2983 2694 3055 generis
2723 2984 2962 3053 reperire
2996 2985 3120 3038 licet
3155 2983 3220 3038 de
3251 2982 3363 3038 Deo
3397 2981 3515 3051 opi-

1920 3076 2113 3130 niones
2153 3076 2222 3131 ab
2261 3075 2647 3146 insipientibus
2685 3084 2951 3145 receptas.
2996 3074 3337 3144 Quapropter
3371 3089 3509 3143 opus

1921 3175 2005 3223 est
2033 3176 2087 3222 et
2118 3168 2213 3222 tibi
2238 3168 2617 3239 intelligentia,
2645 3176 2703 3223 ut
2733 3170 2800 3224 de
2832 3168 2923 3223 illo
2954 3182 3016 3223 ea
3042 3182 3363 3237 cognoscas,
3390 3182 3510 3236 qua:

1923 3258 1969 3312 si
2006 3258 2053 3312 ei
2086 3258 2477 3323 attribuantur,
2507 3260 2717 3313 nullam
2755 3259 3231 3328 reprehensionem
3261 3257 3506 3312 aﬂ‘erent.

229 3319 478 3387 ἔπαινον,
533 3331 777 3399 κρεῖττόν
821 3334 989 3392 ἐστιν.
1035 3335 1066 3406 ἢ
1108 3336 1249 3392 ὥστε
1307 3319 1413 3395 ὑπό
1470 3319 1817 3418 ἀνθρωπίνης

1925 3349 2059 3403 Nam
2088 3349 2138 3403 id
2160 3350 2305 3420 quod
2335 3319 2473 3406 vere
2492 3351 2557 3406 ad
2590 3319 3010 3421 laudem-ipsius
3041 3349 3188 3415 facit,
3221 3350 3398 3421 majus
3427 3358 3513 3405 est

231 3412 454 3480 φύσεως
481 3418 800 3491 εὑρεθῆναι·
828 3427 961 3494 ἡμῖν
993 3427 1049 3479 δὲ
1083 3430 1332 3484 τοσοῦτον
1359 3432 1662 3507 ἀγαπητὸν,
1697 3440 1817 3494 οὐδὲ

229 3504 296 3557 τὸ
313 3505 430 3601 δέον
453 3512 580 3582 περὶ
598 3512 765 3567 αὑτοῦ
792 3516 1078 3583 γινώσκειν
1098 3520 1209 3591 (5⁸2)
1238 3525 1440 3596 εὑρεῖν,
1461 3504 1595 3582 ἀλλὰ
1619 3529 1678 3582 τὸ
1705 3531 1815 3601 (55)

235 3598 431 3668 μηδενὶ
484 3603 590 3656 τῶν
640 3606 1092 3677 ἀπεμφαινόντων
1137 3598 1719 3694 συνενεχθῆναιοόπερ
1750 3625 1815 3696 δὴ

230 3689 331 3743 ἐπὶ
382 3692 482 3762 τῆς
544 3698 802 3762 αίνέσεως
861 3700 956 3755 τοῦ
1010 3704 1171 3757 Δαυῖδ
1226 3709 1560 3779 ὲνοήσαμεν,
1620 3712 1696 3776 ὡς
1739 3689 1818 3784 τῶ

229 3784 463 3855 τοιούτῳ
502 3788 649 3857 μόνῳ
686 3793 1001 3863 πρεπούσης
1028 3796 1128 3865 τῆς
1172 3797 1322 3863 θείας
1364 3802 1641 3866 αἰνέσεως.
1677 3805 1817 3858 Ταύ-

230 3873 327 3924 τόν
361 3892 448 3944 μοι
472 3876 618 3931 δοκεῖ
648 3882 742 3933 καὶ
769 3884 894 3954 περὶ
922 3888 1022 3955 τῆς
1057 3905 1077 3937 ι
1112 3892 1419 3961 προσευχῆς
1456 3910 1474 3943 ι
1507 3893 1817 3961 γινώσκειν,

231 3964 367 4018 ὅταν
398 3968 740 4040 ἀκούσωμεν,
775 3992 793 4025 ‹
835 3975 1115 4050 Προσευχὴ
1149 3980 1241 4032 τοῦ
1280 3983 1461 4048 Δαυῒδ,
1501 4004 1521 4038 ι
1555 3985 1631 4049 ὡς
1668 3988 1816 4051 δέον,

233 4056 331 4107 καὶ
366 4057 460 4111 τὸν
495 4061 762 4134 ἡμέτερον
794 4065 908 4134 βίον
951 4069 1091 4122 κατὰ
1128 4071 1220 4126 τὸν
1254 4074 1459 4128 ἐκείνου
1499 4077 1819 4142 σπουδάζειν

230 4145 399 4214 εἶναι,
434 4152 517 4206 ἵνα
545 4156 640 4208 τοῦ
678 4159 1075 4231 προσεύχεσθαι
1119 4168 1217 4237 τὴν
1251 4171 1560 4243 παρῤησίαν
1606 4174 1820 4245 κτησώ-

240 4242 582 4340 μεθα-Οὕτω
611 4251 703 4302 καὶ
736 4252 792 4323 (5
806 4253 850 4323 ί)
882 4255 942 4309 τὸ
980 4258 1114 4328 (55),
1151 4277 1169 4311 ι
1199 4261 1480 4335 Προσευχὴ
1515 4264 1592 4335 τῷ
1619 4242 1820 4340 πτωχῷ

229 4333 366 4431 ὅταν
378 4336 679 4431 ῌάκηδιάσῃ,
703 4344 796 4396 καὶ
825 4346 1067 4401 ἐναντίον
1090 4351 1293 4423 Κυρίου
1322 4333 1484 4427 ὲκχέῄ
1512 4333 1609 4428 την
1637 4333 1820 4431 δέησιν

228 4425 424 4483 αὐτοῦ.
440 4447 459 4480 ι
481 4430 654 4503 Πολλὴ
670 4434 782 4505 (56)
801 4436 909 4508 γὰρ
926 4440 1054 4510 ἡμῖν
1072 4442 1229 4513 χρεία
1255 4446 1356 4515 τῆς
1382 4425 1520 4500 κατὰ
1536 4425 1666 4504 Θεὸν
1693 4425 1821 4505 άνα-

232 4515 469 4615 ϐάσεως,
495 4520 581 4615 ἵνα
610 4526 911 4598 νοήσωμεν,
930 4531 1090 4586 τίνων
1119 4536 1470 4609 πτωχεύομεν
1489 4557 1503 4572 ο
1526 4541 1588 4594 οὑ
1620 4542 1730 4615 γάρ
1756 4543 1821 4599 ἂν

230 4608 317 4711 είς
354 4610 644 4711 ἐπιθυμίαν
678 4616 926 4711 ἔλθοιμεν
955 4622 1064 4677 τῶν
1091 4625 1358 4698 ἀληθινῶν
1378 4608 1641 4700 ἀγαθῶν,
1663 4608 1711 4689 εί
1742 4637 1818 4711 μὴ

228 4697 338 4770 τὴν
384 4702 445 4754 ἐν
472 4705 731 4773 τοιούτοις
767 4710 877 4782 (57)
922 4714 1132 4770 ἑαυτῶν
1163 4721 1430 4791 πτωχείαν
1474 4697 1822 4799 κατανοήσωί

236 4809 362 4863 μεν.
407 4795 544 4893 Ἀλλ’
572 4796 813 4871 ἔμψυχός
840 4820 925 4868 τις
964 4807 1208 4880 γένηται,
1250 4814 1344 4866 καὶ
1372 4814 1677 4883 ἐνδιάθετος
1699 4795 1821 4893 ⁷τῆς

230 4888 545 4984 πρρσευχῆς
569 4892 606 4984 όΔ
623 4892 793 4958 τόνος,
827 4896 951 4950 ὅταν
987 4899 1203 4972 γνῶμεν
1235 4903 1397 4958 τίνων
1442 4888 1816 4984 πτωχεύομεν,

228 4976 333 5030 καὶ
382 4978 523 5073 πρὸς.
556 4980 655 5053 τὴν
692 4984 961 5058 ἀναϐολὴν
998 4990 1106 5044 τῶν
1134 4991 1479 5065 ποθουμένων
1509 4976 1819 5073 ἀκηδιάσωξ

234 5083 378 5139 μεν’
417 5072 512 5125 καὶ
553 5073 725 5141 οὕτως
778 5079 1019 5150 ἐκχεῖται
1064 5085 1096 5154 ή
1142 5084 1324 5156 δέησις
1365 5089 1523 5160 ἡμῶν
1568 5072 1657 5149 διὰ
1712 5097 1820 5154 τῶν

226 5160 531 5234 ὀφθαλμῶν
559 5167 682 5221 ἀντὶ
712 5171 973 5242 ῥημάτων
1003 5176 1261 5250 χρωμένη
1291 5183 1404 5247 τοῖς
1430 5182 1711 5257 δάκρυσιν.

308 5530 426 5607 (
448 5532 808 5607 ξημαίνηται,
840 5554 928 5596 ea.

333 5602 425 5689 ﬂ)
449 5602 861 5689 Quidani'_codd.
898 5614 1301 5689 ὑπερκοσμίων.

331 5672 425 5735 48)
460 5672 603 5740 Βίος,
639 5679 729 5735 ed.

456 5743 846 5821 βαι-ἀσυνέτῳ
871 5766 979 5807 om.
1008 5756 1099 5813 ed.

333 5814 424 5957 50;
448 5812 680 5880 Quidam
708 5812 867 5876 codd.
900 5812 1169 5891 γίνεσθαι.

333 5884 395 5938 5|
456 5886 874 5957 ’Δποδεχόμενα,
899 5894 989 5951 ed.

301 5884 424 5957 (5|)
456 5886 874 5961 ’Δποδεχόμενα,
899 5884 989 5951 éd.

1924 3450 1977 3497 et
2018 3442 2345 3501 abstrusius.
2382 3457 2543 3511 quam
2584 3449 2643 3498 ut
2674 3442 2741 3496 ab
2772 3444 3006 3496 humana
3042 3449 3238 3496 natura
3273 3441 3507 3497 inveniri

1926 3535 2106 3599 queat.
2143 3528 2213 3583 At
2241 3529 2471 3585 nobisid
2502 3529 2647 3600 quod
2682 3530 2815 3585 adeo
2830 3530 3063 3585 amabile
3084 3540 3138 3585 et
3154 3530 3514 3586 desiderabile

1924 3627 2027 3683 est,
2051 3634 2119 3674 ne
2139 3635 2471 3689 cognoscere
2501 3620 2718 3690 quidem
2751 3620 2833 3674 fas
2866 3628 3246 3689 est,quanlum
3277 3629 3510 3691 oportet,

1925 3711 2125 3781 quippe
2154 3726 2294 3781 quos
2341 3725 2567 3765 necesse
2618 3713 2690 3765 sit
2746 3711 2897 3779 sequi
2934 3725 2996 3764 ea
3020 3727 3139 3780 qua:
3168 3712 3320 3765 nullo
3348 3713 3512 3766 modo

1925 3815 2053 3858 sunt
2085 3802 2305 3857 similia.
2347 3801 2501 3867 Quod
2552 3816 2647 3870 per
2679 3800 3045 3855 laudationem
3094 3799 3262 3853 David
3308 3800 3512 3855 intelli-

1924 3895 2158 3965 gendum
2202 3892 2470 3959 diximus,
2511 3893 2719 3948 scilicet
2758 3891 2885 3946 huic
2930 3891 3031 3947 soli
3063 3899 3402 3961 competere,
3453 3900 3512 3947 ut

1928 3986 2020 4043 Dei
2044 3986 2232 4042 laudes
2255 3994 2435 4041 canat.
2469 3986 2616 4040 Idem
2643 4001 2741 4056 per
2776 4003 2795 4036 ι
2816 3985 3117 4040 orationem
3144 4005 3162 4038 ι
3204 3985 3510 4056 intelligen—

1926 4079 2054 4134 dum
2074 4079 2282 4149 judico,
2303 4080 2524 4157 quando
2548 4078 2824 4143 audimus,
2857 4095 2874 4128 ι
2896 4075 3086 4132 Oratio
3112 4076 3276 4131 David
3295 4121 3308 4143 ,
3332 4095 3351 4128 ι
3374 4093 3514 4157 qua-

1928 4173 1973 4227 si
2004 4186 2230 4228 necesse
2256 4156 2353 4238 sit,
2379 4172 2545 4227 vitam
2572 4181 2817 4227 nostram
2841 4170 2907 4226 ad
2938 4170 3084 4225 illius
3109 4172 3233 4226 vitae
3264 4156 3510 4225 normam

1927 4264 2232 4325 instituere,
2267 4269 2327 4318 ut
2352 4263 2445 4333 jus
2472 4270 2525 4317 et
2557 4263 2860 4318 libertatem
2897 4262 3089 4317 orandi
3122 4261 3292 4318 Deum
3325 4263 3513 4333 aequi—

1926 4370 2135 4411 ramus.
2166 4353 2310 4411 Idem
2356 4352 2701 4409 sentiendum
2747 4361 2833 4409 est
2875 4353 2944 4409 de
2983 4354 3073 4407 illa
3112 4353 3510 4421 inscriptione:

1933 4463 1952 4496 ι
1975 4445 2163 4501 Oratio
2198 4443 2473 4512 pauperis,
2495 4456 2618 4497 cum
2659 4441 2858 4497 anxius
2889 4439 3069 4500 fuerit.
3099 4447 3155 4495 et
3187 4455 3372 4496 curam
3405 4439 3514 4496 Do~

1928 4531 2077 4586 mino
2108 4530 2358 4586 ell‘udcrit
2389 4545 2607 4602 precem
2639 4545 2815 4587 suam.
2837 4548 2856 4582 ι
2878 4527 3029 4600 Opus
3055 4531 3199 4585 enim
3233 4529 3393 4586 nobis
3428 4537 3515 4586 est

1928 4637 2127 4695 magno
2165 4622 2233 4677 ad
2269 4623 2436 4679 Deum
2470 4637 2724 4687 ascensu,
2747 4629 2808 4677 ut
2844 4621 3031 4678 videre
3060 4621 3357 4691 possimus,
3386 4620 3513 4692 qui-

1853 4691 1898 4748 D
1929 4714 2030 4770 bus
2051 4730 2338 4787 egeamus;
2363 4729 2472 4770 non
2494 4714 2640 4770 enim
2657 4712 2932 4771 desiderio
2954 4728 3209 4770 verorum
3240 4713 3513 4769 bonorum

1928 4805 2249 4870 alliciemur,
2268 4805 2377 4863 nisi
2409 4814 2651 4862 nostram
2686 4806 2742 4861 in
2770 4805 2858 4863 his
2878 4806 3162 4875 penuriam
3186 4806 3355 4874 probe
3386 4821 3514 4876 per-

1929 4906 2171 4969 spectam
2203 4898 2525 4953 habeamus.
2555 4896 2642 4953 Fit
2670 4906 2850 4953 autem
2882 4898 3062 4953 oratio
3090 4898 3293 4963 vivida,
3327 4899 3514 4954 valde-

1926 5004 2034 5061 que
2078 4988 2380 5043 intenditur
2406 4997 2461 5045 et
2504 4988 2896 5053 inﬂammatur,
2933 5003 3056 5045 cum
3090 4989 3512 5061 cognoscimus,

1920 5094 2155 5152 quorum
2203 5079 2374 5151 indigi
2420 5096 2647 5150 sumus;
2693 5078 3091 5151 amigimurque
3131 5091 3184 5137 et
3223 5080 3509 5147 angimur,

1920 5186 2044 5227 eum
2078 5185 2142 5225 ea
2173 5185 2297 5241 qum
2336 5172 2592 5242 petimus,
2621 5170 2963 5227 diﬂ‘eruntur.
3009 5171 3076 5226 Et
3103 5171 3184 5227 sic
3218 5170 3513 5227 effunditur

1921 5263 2238 5333 deprecatio
2261 5271 2472 5328 nostra,
2508 5263 2766 5321 adhibitis
2793 5261 2977 5332 potius
3016 5264 3301 5319 oculorum
3331 5263 3512 5333 Iaery-

1923 5353 2048 5418 mis,
2078 5367 2242 5423 quam
2271 5353 2476 5409 verbis.

2005 5556 2116 5627 (52)
2142 5557 2426 5627 Γινώσκει,
2453 5556 2543 5613 ed.

2001 5626 2116 5697 (55)
2155 5626 2270 5697 Τῷν
2304 5628 2392 5697 θός

2148 5694 2281 5767 Περὶ
2307 5694 2405 5749 τοῦ
2440 5695 2568 5767 add.
2598 5694 2687 5767 ed.

2001 5760 2116 5838 (55)
2143 5760 2359 5838 proin.
2385 5767 2473 5838 ed.
2508 5766 2589 5838 Τῇ
2620 5764 2826 5836 aliquot
2857 5760 2983 5820 cod.

2141 5835 2368 5907 ἓολλῆς,
2402 5837 2490 5907 edi.

2026 5903 2117 5973 57)
2149 5903 2394 5973 Τούτοις,
2416 5906 2503 5963 ed.

2096 5557 2116 5767 ξ
