3888 6378
420 454 529 516 ιθο

1702 452 1761 508 S.
1804 450 2135 509 GREGORII
2162 451 2462 508 NYSSENI

3586 458 3696 513 500

488 568 568 622 lta
595 563 1039 638 interpretaberis
1062 569 1116 621 et
1145 561 1313 619 illud:
1338 581 1359 616 ι
1377 562 1566 619 Oratio
1596 560 1768 634 Moysi
1792 561 1995 617 homini

2178 561 2333 617 Οὕτω
2380 564 2595 634 νοήσεις
2636 562 2729 619 καὶ
2785 564 2866 630 ea,
2932 584 2951 618 ι
3011 565 3294 641 [προσευχὴ
3338 569 3419 641 τῷ
3463 570 3702 625 Mur-Sos!

419 657 547 722 Dei,
574 678 594 711 ι
619 658 775 728 quasi
807 672 916 712 non
940 656 1101 712 liceat
1122 656 1278 711 aliter
1297 670 1393 726 per
1420 654 1721 710 orationem
1743 653 1811 709 ad
1834 652 2002 709 Deum

419 749 697 813 accedere,
723 748 829 803 nisi
854 749 979 819 quis
1014 746 1083 802 ab
1112 747 1217 804 hoc
1250 746 1456 802 mundo
1482 760 1605 803 sese
1628 759 1886 811 avocans,
1913 757 2004 799 so-

417 841 523 897 lius
551 839 645 896 Dei
686 840 854 896 homo
883 838 1171 897 elliciatur.

1028 1051 1253 1111 CAPUT
1291 1048 1381 1111 IV.

488 1262 874 1336 Atinscriptio,
902 1254 1036 1320 «Pro
1067 1265 1153 1321 his
1176 1265 1271 1337 qui
1302 1268 1835 1335 commutabuntur,»
1857 1268 2004 1325 hunc

416 1356 550 1411 mihi
577 1357 793 1413 videtur
828 1356 1030 1413 habere
1062 1373 1306 1423 sensum,
1341 1360 1512 1415 solam
1543 1359 1784 1415 divinam
1837 1369 2003 1415 natu-

418 1456 537 1502 ram
566 1449 745 1504 omnis
771 1449 1151 1506 conversionis
1178 1458 1232 1505 et
1260 1453 1579 1509 mutationis
1607 1461 1883 1523 expertem
1914 1469 2003 1510 es-

416 1556 511 1609 se;
538 1557 647 1596 non
674 1541 821 1597 enim
843 1550 927 1598 est
955 1543 1019 1597 ad
1046 1544 1191 1614 quod
1220 1547 1523 1603 mulatione
1552 1555 1758 1611 utatur,
1792 1562 1917 1601 cum
1946 1548 2001 1603 in

302 1686 305 1689 .
416 1632 735 1688 universum
759 1649 866 1688 non
895 1634 965 1690 sit
993 1648 1164 1706 capax
1189 1638 1352 1705 mali;
1376 1637 1445 1692 ad
1469 1637 1522 1693 id
1553 1653 1684 1694 vero
1713 1639 1855 1709 quod
1885 1653 2001 1695 me-

416 1720 525 1779 lius
558 1731 663 1788 est,
696 1726 1052 1781 transmutari
1088 1732 1353 1799 nequeat;
1396 1744 1520 1783 nam
1550 1730 1758 1784 nullum
1798 1730 2001 1785 bonum

415 1818 520 1878 est,
553 1822 775 1884 propter
803 1815 949 1886 quod
982 1817 1037 1871 in
1064 1830 1183 1872 eam
1222 1819 1455 1874 mutatio
1481 1818 1678 1874 cadat:
1712 1835 1821 1874 non
1854 1820 2000 1875 enim

2108 652 2381 724 ἀνθρώπῳ
2409 652 2501 705 τοῦ
2532 651 2685 715 Θεοῦ,
2750 670 2769 706 ι
2819 653 2896 718 ὡς
2922 654 3021 709 ούκ
3066 657 3183 711 ὲνὺν
3230 658 3405 723 ἄλλως
3453 660 3696 732 προσελ-

2108 743 2220 797 θεῖν
2250 744 2339 798 διὰ
2380 744 2688 816 προσευχῆς
2730 743 2807 814 τῷ
2837 744 2976 816 Θεῷ,
3007 748 3057 799 εί
3104 749 3177 819 μή
3232 765 3317 812 τις
3356 750 3451 803 τοῦ
3477 752 3698 823 κόσμου

2106 832 2299 887 τούτου
2328 832 2593 898 ἀποστὰς,
2622 833 2758 886 Θεοῦ
2797 834 2957 902 μόνου
2990 834 3198 903 γένοιτο
3226 836 3530 910 ἄνθρωπος.

2640 1050 3041 1108 ΚΕΦΔΛΔῙΟΝ
3074 1055 3149 1110 Δ¹.

2188 1265 2249 1321 Ἦ
2290 1267 2347 1321 δὲ
2378 1286 2396 1320 ι
2420 1267 2592 1339 Ὑπὲρ
2641 1268 2749 1322 τῶν
2781 1268 3293 1341 ἀλλοιωθησομινων
3326 1289 3344 1322 ι
3398 1271 3690 1349 ἐπιγραφή

2103 1360 2289 1416 τοῦτόν
2336 1377 2425 1431 μοι
2468 1360 2617 1414 δοκεῖ
2642 1360 2733 1414 τὸν
2764 1360 2889 1415 νοῦν
2923 1361 3086 1432 ἔχειν,
3112 1363 3195 1416 δτι
3238 1363 3373 1434 μόνη
3413 1365 3695 1436 κρείττων

2105 1453 2220 1505 ἐστὶ
2251 1454 2459 1522 τροπῆς
2494 1470 2556 1506 τε
2586 1453 2680 1507 καὶ
2709 1451 3047 1516 ἀλλοιώσεως
3073 1455 3107 1523 ἠ
3127 1452 3246 1507 θεία
3263 1453 3417 1522 φύσις
3440 1470 3452 1484 ·
3480 1456 3541 1509 ού
3568 1458 3694 1527 γὰρ

2105 1540 2215 1611 ἔχει
2247 1541 2383 1611 πρὸς
2411 1540 2439 1593 ὅ
2463 1558 2516 1593 τι
2561 1542 2820 1611 χρήσεται
2850 1541 2985 1609 (57')
3013 1544 3078 1612 τῇ
3103 1545 3298 1614 τροπῇ,
3329 1544 3419 1597 τοῦ
3447 1545 3542 1614 μὲν
3576 1563 3693 1599 κα-

2103 1631 2199 1685 κοῦ
2252 1630 2599 1694 ἀνεπίδεκτος
2650 1624 2784 1684 οὖσα
2829 1631 3057 1685 καθόλου
3120 1632 3232 1703 (58)
3255 1649 3270 1664 ο
3324 1633 3457 1706 πρὸς
3503 1635 3561 1689 δὲ
3620 1634 3696 1689 τὸ

2102 1724 2348 1793 κρεῖττον
2376 1720 2653 1792 τραπῆναι
2683 1719 2756 1793 μὴ
2782 1721 3084 1792 δυναμένῳ
3111 1723 3211 1775 οὐκ
3256 1722 3373 1777 ἔστι
3395 1724 3503 1796 γὰρ
3535 1725 3694 1798 πρὸς

2103 1812 2132 1864 ὅ
2185 1828 2236 1864 τι
2265 1809 2475 1874 δέξεται
2515 1810 2651 1880 (58“)
2694 1809 2792 1881 τὴν
2838 1811 3247 1865 ἀλλοίωσιν·οὐ
3300 1812 3403 1885 γὰρ
3450 1814 3561 1886 ἔχει
3620 1813 3693 1870 τὸ

415 1907 689 1976 reperitur
726 1908 894 1962 ullum
936 1907 1138 1964 bonum
1160 1949 1174 1974 ,
1208 1910 1275 1965 ad
1308 1911 1456 1981 quod
1496 1919 1770 1977 transeat,
1802 1912 1995 1967 melius

2105 1902 2300 1973 ἑαυτῆς
2329 1904 2595 1972 κρεῖττον,
2639 1902 2775 1971 πρὸς
2802 1900 2831 1954 ὃ
2866 1901 3252 1972 μεταϐήσεται.
3302 1904 3489 1974 Ἦμείς
3515 1907 3572 1961 δὲ
3631 1906 3692 1962 οἱ

414 1992 510 2051 illo
532 1996 676 2065 quod
700 1998 815 2067 ipsa
839 1991 1023 2053 habet.
1051 1997 1162 2054 Nos
1185 2015 1313 2055 vero
1336 2000 1586 2057 homines
1613 2001 1667 2057 in
1700 2003 2001 2058 mutatione

414 2089 470 2138 et
500 2083 822 2138 alteratione
844 2084 1029 2154 positi,
1055 2086 1360 2141 secundum
1387 2095 1683 2160 utrumque
1708 2103 1806 2158 per
1827 2088 2001 2143 facul-

412 2177 582 2228 tatem
607 2183 661 2228 et
684 2173 791 2229 vim
816 2176 1319 2231 trausmutatricem
1349 2177 1648 2235 deteriores
1670 2186 1724 2234 et
1746 2179 1998 2236 meliores

412 2262 723 2331 reddimur;
765 2264 1092 2332 deteriores,
1114 2268 1336 2337 quando
1356 2283 1386 2323 a
1408 2272 1795 2327 communione
1828 2273 2000 2328 bono-

412 2369 539 2409 rum
559 2356 1164 2425 exeidlmus;meliores
1188 2373 1428 2425 rursum,
1451 2361 1668 2431 quando
1687 2360 1752 2415 ad
1776 2361 1829 2416 id
1852 2362 1999 2432 quod

412 2446 612 2501 melius
657 2453 741 2502 est
778 2462 874 2516 per
915 2450 1330 2505 conversionem
1361 2450 1624 2506 redimus.
1664 2451 1802 2506 Cum
1836 2453 2000 2522 igitur

412 2538 717 2591 mutatione
763 2537 819 2592 in
871 2540 1073 2597 malum
1122 2539 1497 2608 inciderimus,
1546 2557 1685 2612 opus
1733 2543 1999 2600 habemus

410 2626 555 2682 bona
587 2627 908 2693 mutatione,
942 2636 1001 2683 ut
1035 2629 1154 2697 ejus
1179 2630 1439 2685 beneﬁcio
1462 2631 1528 2685 ad
1551 2631 1601 2684 id
1625 2630 1771 2701 quod
1802 2632 1998 2687 melius

409 2726 496 2773 est
536 2719 936 2774 transferamur
968 2738 980 2774 :
1008 2719 1220 2790 hocque
1245 2721 1593 2777 manifestum
1631 2722 1689 2776 fit
1714 2738 1779 2778 ex
1811 2724 1996 2779 verbis

410 2818 532 2876 quae
560 2807 962 2878 subjuuguntur
993 2809 1121 2874 illis,
1155 2829 1172 2859 ι
1192 2809 1299 2864 Pro
1328 2811 1413 2866 bis
1443 2813 1536 2883 qui
1568 2814 1996 2869 commutabun-

410 2902 522 2952 tur.
545 2915 564 2950 ι
593 2898 709 2953 Non
731 2902 879 2954 enim
911 2902 1088 2956 solum
1113 2904 1287 2958 oratio
1313 2906 1472 2961 nobis
1495 2905 1711 2971 suadet,
1740 2908 1997 2962 mutatio-

410 3001 533 3043 nem
576 2991 891 3045 neeessario
922 2993 1327 3063 suscipiendam
1369 3011 1510 3062 esse,
1560 2997 1657 3053 sed
1705 3006 1761 3053 et
1811 2998 1997 3068 aliquo

410 3079 574 3137 modo
610 3080 852 3146 instruit,
893 3083 1169 3152 quomodo
1208 3092 1357 3140 recte
1397 3085 1523 3149 ﬁat,
1564 3089 1828 3159 exemplis
1868 3090 1993 3159 qui-

412 3169 639 3226 busdam
673 3173 1031 3227 mutationem
1058 3173 1203 3227 illam
1236 3174 1289 3228 in
1321 3177 1516 3233 melius
1549 3177 1950 3237 demonstrans.

482 3325 575 3379 Sic
598 3340 729 3381 vero
758 3327 920 3382 verba
950 3328 1320 3399 inscriptionis
1358 3331 1559 3388 habent
1594 3351 1609 3388 :
1656 3353 1676 3387 ‹
1707 3334 1763 3389 1η
1801 3335 1986 3404 linem,

410 3432 509 3486 pro
541 3417 609 3473 iis
653 3419 746 3488 qui
786 3420 1241 3487 immutabuntur,
1274 3424 1327 3477 in
1363 3420 1503 3479 tituli
1531 3424 1662 3496 (seu
1690 3427 1991 3498 columnze)

411 3511 789 3580 inscriptione,
811 3510 994 3567 Davidi
1029 3513 1082 3567 in
1114 3513 1384 3579 doctrina,
1415 3530 1539 3569 cum
1569 3518 1853 3572 succendit
1879 3518 1992 3575 Me-

409 3601 765 3669 sopotamiam
780 3600 970 3672 Syrim,
990 3611 1043 3657 et
1060 3600 1271 3674 Syriam
1294 3603 1471 3672 Sobze,
1488 3613 1543 3661 et
1558 3606 1991 3677 convertitloab,

407 3696 461 3743 et
483 3690 757 3758 percussit
775 3690 968 3745 vallem
1001 3691 1311 3749 Salinarum
1339 3682 1626 3751 duodecim
1655 3698 1845 3753 millia.
1871 3719 1891 3752 ι
1913 3699 1991 3756 Ex

405 3779 567 3836 dictis
594 3782 741 3836 enim
775 3782 1128 3840 manifestum
1163 3794 1249 3841 est
1280 3787 1528 3843 oratione
1556 3786 1659 3843 hac
1686 3788 1993 3846 doctrinam

2102 1993 2401 2064 ἄνθρωποι,
2435 1994 2493 2045 ὲν
2520 1994 2692 2062 τροπῇ
2723 2008 2783 2044 τε
2823 1992 2917 2045 καὶ
2949 1992 3230 2047 ἀλλοιώσει
3263 1996 3520 2068 κείμενοι,
3548 1998 3691 2053 κατ’

2101 2083 2387 2153 ἀμφότερα
2410 2081 2497 2135 διὰ
2523 2081 2623 2151 τῆς
2651 2081 3006 2153 ἀλλοιωτικῆς
3035 2084 3336 2156 ἐνεργείας,
3369 2087 3401 2158 ἢ
3435 2088 3689 2160 χείρους,

2100 2173 2133 2243 ἢ
2180 2172 2421 2243 βελτίους
2461 2170 2756 2242 γινόμεθα*
2804 2172 3019 2243 χείρους
3075 2174 3197 2244 μὲν,
3249 2177 3376 2231 ὅταν
3428 2179 3536 2248 (59)
3570 2180 3690 2251 τῆς

2105 2265 2395 2336 μετουσίας
2426 2265 2532 2319 τῶν
2576 2263 2795 2332 ἀγαθῶν
2842 2265 3235 2337 ἀπορῤέωμενο
3269 2269 3525 2340 ἀμείνους
3556 2272 3688 2344 (60)

2099 2357 2155 2410 δὲ
2189 2358 2370 2423 πάλιν,
2406 2358 2532 2411 ὅταν
2577 2356 2690 2428 (6|)
2720 2355 2861 2428 πρὸς
2904 2358 2966 2410 τὸ
3005 2362 3253 2430 κρεῖττον
3303 2360 3689 2433 ἀλλοιούμενον.

2098 2447 2373 2521 τύχωμεν.
2430 2448 2583 2502 Ἐπεὶ
2614 2444 2708 2501 οὖν
2751 2447 2829 2519 τῷ
2859 2448 3014 2519 κακῷ
3051 2449 3140 2503 διὰ
3180 2450 3282 2521 τῆς
3305 2453 3511 2524 τροπῆς
3543 2462 3686 2508 συκί-

2099 2539 2426 2611 ηνέχθημεν,
2473 2538 2633 2611 χρεία
2660 2537 2762 2609 τῆς
2794 2539 3008 2610 ἀγαθῆς
3052 2542 3185 2611 ἡμῖν
3212 2541 3561 2609 ἀλλοιώσεως,
3594 2543 3707 2608 ὡς’

2099 2631 2164 2684 ἂν
2188 2631 2275 2684 διὰ
2304 2633 2505 2704 ταύτης
2530 2630 2736 2699 γένοιτο
2768 2632 2897 2701 ἡμῖν
2920 2630 2954 2701 ή
2988 2630 3123 2701 πρὸς
3146 2631 3207 2685 τὸ
3231 2635 3473 2703 κρεῖττον
3512 2650 3692 2704 μετα-

2096 2720 2249 2792 σολή·
2282 2723 2372 2775 καὶ
2400 2721 2555 2775 τοῦτο
2584 2721 2740 2791 δῆλόν
2770 2723 2916 2775 ἐστιν
2944 2722 3010 2775 ὲκ
3043 2722 3144 2793 τῆς
3174 2725 3536 2795 συμφράσεως
3561 2724 3688 2779 τῶν

2071 2824 2078 2842 ν
2101 2827 2119 2858 ι
2132 2810 2242 2873 τοῖς
2258 2808 2522 2880 ἀλλοιωθη
2531 2808 2777 2879 σομένοις
2796 2829 2815 2861 ι
2831 2825 3154 2883 συγγεγραμ
3164 2816 3357 2883 μένων·
3371 2813 3431 2865 οὐ
3445 2815 3549 2881 γὰρ
3573 2813 3688 2881 μό-

2095 2913 2183 2949 νον
2229 2898 2289 2950 τὸ
2335 2916 2352 2950 ι
2395 2898 2506 2951 δεῖν
2550 2899 2908 2970 ἀλλοιωθῆναι
2959 2898 3316 2969 συμϐουλεύει
3355 2916 3373 2951 ι
3425 2903 3453 2954 ὁ
3491 2900 3683 2969 λόγος,

2094 2986 2228 3040 ἀλλά
2259 2987 2353 3040 καὶ
2380 2987 2581 3058 τρόπον
2614 2988 2738 3042 τινὰ
2771 2988 3101 3054 ὑποτίθεται,
3131 2990 3279 3053 ὅπως
3308 2989 3375 3043 ἂν
3408 2991 3468 3043 τὸ
3494 2992 3685 3045 τοιοῦο

2091 3093 2183 3130 τον
2210 3077 2598 3149 κατορθωθείη,
2641 3081 2708 3134 δι’
2754 3080 3168 3151 ὑποδειγμάτων
3212 3081 3371 3136 τινῶν
3398 3082 3497 3154 τὴν
3533 3084 3683 3156 πρὸς

2093 3169 2152 3222 τὸ
2183 3172 2424 3240 κρεῖττον
2458 3171 2759 3242 μεταϐολὴν
2782 3173 3168 3245 προδεικνύων.

2169 3329 2319 3399 Ἔχει
2356 3329 2413 3381 δὲ
2452 3331 2484 3398 ἠ
2526 3329 2670 3396 λέξις
2702 3329 2805 3398 τῆς
2852 3329 3168 3402 ἐπιγραφῆς
3196 3328 3399 3390 οὕτως’
3440 3345 3459 3378 ι
3492 3326 3586 3389 Et:
3606 3324 3683 3381 τδ

2094 3420 2243 3483 τέλος
2280 3421 2418 3492 ὑπὲρ
2452 3420 2561 3473 τῶν
2600 3420 3110 3490 ἀλλοιωθησομένων
3150 3421 3229 3483 είς
3273 3417 3682 3489 στηλογραφίαν

2092 3512 2172 3583 τῷ
2191 3511 2354 3566 Δαυῖδ
2383 3514 2462 3576 εἰς
2487 3512 2727 3582 διδαχὴν,
2760 3512 2922 3567 ὁπότε
2950 3512 3237 3583 ἐνεπύρισε
3278 3510 3375 3581 τὴν
3414 3510 3681 3563 Macram-

2092 3603 2296 3676 ταμίαν
2324 3605 2544 3675 Συρίας,
2586 3605 2682 3658 καλ⁸
2709 3604 2808 3676 τὴν
2837 3604 3035 3673 Συρίαν
3067 3603 3261 3669 Σοὸἀιλ,
3288 3601 3680 3671 καὶ·’ὲπέστρε-

2093 3697 2192 3767 ψεν
2252 3696 2428 3762 Ἰωάϐ,
2470 3695 2565 3750 καὶ
2618 3695 2855 3760 ἐπάταξε
2904 3694 3003 3767 τὴν
3058 3696 3317 3768 φάραγγα
3367 3693 3475 3746 τῶν
3526 3690 3679 3746 ἀλῶν

2094 3786 2303 3841 δώδεκα
2335 3786 2596 3858 χιλιάδας.
2646 3803 2666 3837 ι
2726 3785 2893 3856 Δῆλον
2918 3784 3028 3857 γὰρ
3054 3784 3121 3839 ἂν
3156 3784 3240 3855 είη
3275 3781 3366 3838 διὰ
3387 3782 3495 3838 τῶν
3520 3784 3679 3854 εἰρη-

407 3880 462 3925 et
504 3871 799 3926 consilium
839 3872 1113 3941 quoddam
1143 3875 1553 3945 comprehendi,
1584 3894 1710 3932 cum
1744 3878 1948 3935 dicitur
1977 3897 1991 3934 :

2105 3880 2294 3950 μένων,
2324 3879 2406 3932 ὃτι
2426 3875 2771 3932 διδασκαλίαν
2802 3875 2925 3930 τινὰ
2960 3877 3057 3930 καὶ
3087 3874 3393 3946 συμϐουλὴν
3425 3873 3679 3945 περιέχει

413 3981 432 4015 ι
465 3960 524 4016 In
567 3963 712 4017 tituli
751 3963 1127 4033 inscriptione.
1157 3966 1347 4020 Davidi
1386 3966 1440 4020 in
1474 3966 1800 4024 doctrinam.
1827 3990 1845 4023 ι
1875 3970 1993 4027 Νοη

2105 3973 2125 4025 5
2174 3970 2331 4039 λόγος
2374 3967 2563 4036 εἰπὼν,
2616 3969 2700 4023 ὅτι
2751 3967 2863 4038 (6‘2)
2918 3986 2939 4020 ι
2992 3968 3088 4030 Εἰς
3138 3965 3538 4036 στηλογραφίαν
3588 3964 3677 4035 τῷ

407 4054 554 4109 enim
592 4053 858 4109 doctrinae
885 4054 1207 4109 vocabulum
1245 4057 1517 4125 adjectum
1549 4058 1762 4125 luisset,
1790 4063 1833 4115 si
1873 4061 1995 4120 linis

2105 4061 2258 4117 Δαυῖδ
2285 4062 2365 4125 είς
2386 4060 2628 4131 διδαχὴν.
2668 4078 2688 4111 ι
2719 4059 2793 4112 Οὐ
2827 4056 2935 4129 γὰρ
2959 4057 3024 4111 ἂν
3051 4058 3085 4128 ἡ
3117 4056 3303 4127 διδαχὴ
3330 4055 3674 4127 προσέκειτο,

408 4145 578 4200 totius
617 4144 783 4214 hujus
811 4145 1076 4201 orationis
1110 4162 1218 4201 non
1257 4158 1402 4204 esset
1437 4149 1812 4206 docere.lllud
1844 4168 1992 4221 vero,

2105 4152 2175 4225 μὴ
2208 4152 2343 4225 πρὸς
2379 4150 2723 4206 διδασκαλίαν
2751 4148 2845 4204 τοῦ
2878 4150 3034 4218 λόγου
3068 4148 3374 4220 βλέποντος
3401 4149 3436 4220 ἡ
3462 4147 3521 4201 δὲ
3555 4146 3672 4215 (63)

415 4256 434 4290 ε
464 4236 522 4293 in
564 4237 708 4293 tituli
754 4237 1131 4309 inscriptione,
1164 4258 1184 4292 ι
1221 4239 1427 4296 indicat
1479 4256 1789 4298 sermonem
1847 4244 1995 4299 hunc

2105 4261 2124 4294 ι
2160 4244 2252 4305 Et;
2299 4236 2704 4311 στηλογραφίαν
2738 4258 2758 4293 ι
2787 4239 2849 4294 τὺ
2885 4239 2977 4294 τοῦ
3009 4239 3122 4312 (64)
3158 4240 3266 4294 δεῖν
3292 4238 3677 4304 ἀνεξάλειπτὸν

406 4329 685 4385 memoria:
708 4328 1071 4387 indelebiliter
1098 4332 1426 4403 impressum
1447 4341 1502 4389 et
1523 4334 1857 4404 insculptum
1890 4336 1995 4390 cir-

2105 4348 2158 4384 τε
2209 4330 2304 4384 καὶ
2353 4330 2793 4400 ἐντετυπωμένον
2846 4329 2988 4400 ἔχειν
3028 4332 3094 4402 τῇ
3150 4331 3338 4402 μνήμῃ
3375 4327 3465 4383 τὸν
3512 4329 3676 4397 λόγον

404 4419 822 4476 cumferendum
849 4436 994 4487 esse,
1014 4431 1076 4478 ut
1103 4424 1382 4479 memoriae
1404 4425 1600 4479 anima:
1616 4435 1817 4480 nostra:
1837 4425 1993 4496 quasi

2105 4420 2450 4483 ἐνδείκνυται,
2484 4415 2560 4482 ὡς
2597 4414 2736 4472 εἶναι
2768 4419 2968 4490 στήλην
3005 4418 3105 4491 μὲν
3131 4419 3191 4473 τὸ
3223 4417 3551 4490 μνημονικὸν
3572 4419 3676 4490 τῆς

404 4511 658 4566 columna
682 4511 775 4578 sit;
799 4520 944 4569 nota:
972 4512 1098 4568 huic
1118 4514 1701 4585 inseriptae,bonorum
1723 4517 1989 4586 exempla.

2105 4510 2298 4581 ψυχῆς,
2341 4509 2411 4564 τὰ
2436 4510 2492 4563 δὲ
2539 4511 2631 4562 ὲπλ⁸
2673 4511 2770 4581 τῆς
2811 4509 2926 4582 (65)
2969 4511 3172 4581 στήλης
3223 4511 3577 4584 χαράγματα,
3602 4511 3678 4565 τὰ

405 4597 532 4653 llaec
560 4607 742 4654 autem
773 4601 1087 4671 suppeditat
1119 4603 1278 4660 nobis
1315 4603 1576 4658 fortitudo
1607 4614 1662 4660 et
1692 4607 1989 4662 strenuitas

2105 4601 2204 4654 τῶν
2270 4600 2491 4670 ἀγαθῶν
2553 4600 2943 4671 ὑποδείγματα.
3002 4602 3187 4655 Ταῦτα
3250 4603 3307 4657 δὲ
3362 4598 3431 4673 ἦν
3482 4603 3516 4672 ἡ
3574 4600 3674 4655 τοῦ

407 4687 755 4758 imperatoris
773 4690 973 4745 summi
1003 4694 1277 4748 exercitus
1304 4692 1541 4758 Davidis,
1565 4695 1765 4764 quibus
1790 4697 1990 4765 duplex

2105 4692 2534 4762 ἀρχιστρατήγου
2590 4690 2692 4760 τῆς
2742 4690 3022 4760 δυνάμεως
3062 4690 3154 4744 τοῦ
3203 4691 3366 4745 Δαυῒδ
3398 4691 3673 4763 ἀριστεία,

406 4774 660 4831 hostibus
675 4776 908 4833 infertur
928 4779 1140 4847 clades;
1171 4781 1254 4836 his
1275 4781 1492 4852 quidem
1514 4783 1638 4852 igne
1660 4784 1985 4855 absumptis,

2105 4780 2161 4832 δι’
2186 4773 2262 4833 ὧν
2291 4779 2510 4832 διπλοῦν
2545 4778 2755 4848 γίνεται
2783 4777 2925 4831 κατά
2947 4776 3055 4831 τῶν
3088 4777 3363 4849 πολεμίων
3392 4777 3455 4831 τὸ
3477 4776 3673 4840 πάθος,

408 4866 515 4921 illis
535 4866 716 4938 gladio
734 4867 986 4924 sublatis.
1016 4868 1171 4941 Syria
1190 4887 1314 4942 quas
1338 4872 1480 4927 inter
1505 4873 1647 4929 duos
1673 4874 1863 4932 ﬂuvios
1883 4878 1987 4931 sita

2105 4878 2202 4931 τῶν
2278 4877 2377 4948 μὲν
2442 4877 2572 4947 πυρὶ
2624 4875 3041 4947 δαπανηθέντων
3091 4872 3239 4943 (66),
3301 4872 3410 4925 τῶν
3469 4871 3528 4925 δὲ
3585 4870 3677 4925 διὰ

406 4968 512 5024 est,
550 4958 675 5029 igne
706 4960 1069 5029 consumitur,
1093 4968 1148 5018 et
1173 4963 1301 5018 huic
1327 4962 1557 5018 ﬁnitima
1593 4964 1855 5036 Syrorum
1889 4982 1987 5020 na-

2105 4965 2310 5036 πληγῆς
2378 4968 2435 5019 ὲν
2515 4966 2806 5038 ἀφανισμῷ
2873 4964 3199 5035 γενομένων.
3277 4964 3344 5016 Ἥ
3400 4962 3500 5033 μὲν
3562 4962 3675 5033 γὰρ

407 5052 504 5118 tio,
540 5052 796 5109 similiter
841 5061 896 5110 et
931 5054 1092 5111 vallis
1147 5056 1463 5118 Salinarum
1493 5064 1763 5126 vastatur,
1800 5058 1988 5114 multis

2105 5059 2238 5126 μέση
2270 5057 2379 5110 τῶν
2418 5057 2681 5127 ποταμῶν
2728 5057 2896 5127 Συρία
2938 5055 3027 5110 διὰ
3054 5054 3151 5109 τοῦ
3183 5054 3354 5125 πυρὸς
3380 5052 3673 5107 ἀναλίσκε-

407 5142 649 5199 millibus
673 5144 977 5200 trucidatis.
998 5143 1204 5201 Verum
1235 5154 1491 5202 accurate
1521 5146 1838 5203 historicam
1866 5162 1993 5202 nar-

2105 5166 2185 5202 ται
2219 5149 2312 5204 καὶ¹
2340 5151 2400 5204 τὸ
2431 5151 2749 5221 πρόσχωρον
2779 5151 2961 5213 αὐτοῖς
2985 5149 3097 5218 (67)
3136 5148 3300 5220 μέρος
3327 5146 3433 5200 τῶν
3457 5144 3673 5215 Σύρων»

411 5235 675 5292 rationem
705 5237 962 5308 persequi
990 5237 1164 5301 velle,
1192 5237 1413 5311 longum
1439 5236 1674 5295 fortasse
1709 5246 1764 5295 et
1799 5254 1994 5309 super-

2105 5240 2355 5305 ὡσαύτως
2386 5240 2443 5294 δὲ
2477 5243 2572 5294 καὶ
2600 5244 2633 5313 ή
2663 5240 2883 5312 φάραγξ
2920 5242 3029 5295 τῶν
3070 5240 3213 5295 ἀλῶν
3244 5243 3303 5296 ὲν
3329 5237 3550 5302 πολλαῖς
3580 5253 3673 5308 χι·-

485 5472 956 5564 ςέΖῖ).Χεήσητοξιν
983 5478 1073 5535 σαι

2165 5480 2278 5564 {92>
2304 5480 2686 5564 νιξολαι

508 5546 595 5613 58)
622 5546 841 5612 Διόλου,
854 5550 942 5605 ed.
1676 5574 1679 5577 '

509 5613 901 5685 ᾆξ’)νΔέξηται,
926 5618 1016 5674 ed.

2165 5546 2278 5685 (es)
2319 5551 2383 5602 Ἠ
2408 5550 2496 5620 δὴ]
2523 5551 2646 5620 ἢδη,
2675 5553 2763 5605 ed.

2164 5619 2256 5685 (es
2308 5618 2437 5685 Τοῦ]
2464 5621 2519 5673 δὲ
2548 5621 2627 5680 τό,
2668 5622 2756 5674 ed.

509 5615 901 5690 )A_é€1]':¢t_,
926 5618 1016 5674 ed.

2164 5615 2277 5690 (δι)
2308 5618 2437 5690 Τοῦ]
2461 5615 2519 5673 δέ
2547 5615 2627 5680 "us;
2648 5622 2756 5690 (ea.

511 5680 603 5745 59)
633 5680 788 5741 Ὀτεζ
819 5687 905 5740 ed.

486 5746 600 5814 (60)
628 5750 897 5816 Βελτίους,
929 5755 1020 5810 ed.

488 5816 597 5887 (6i)
631 5820 784 5879 ’⁸οτε,
819 5824 905 5875 ed.

2166 5689 2276 5756 (65)
2314 5688 2435 5755 Τῆς
2459 5704 2569 5741 om.
2595 5689 2683 5742 ed.

2170 5758 2279 5820 (66)
2308 5758 2748 5826 Παραδοθέντων,
2778 5757 2864 5811 ed.

2172 5827 2280 5895 (67)
2304 5826 2482 5895 Αὐτῆς
2509 5828 2673 5897 aliqui
2703 5829 2862 5883 codd.
