3888 6356
272 412 377 472 301

1658 417 1727 474 ΙΝ
1756 416 2091 475 PSALMOS.

3444 419 3550 476 502

274 527 423 583 λιάσι
454 527 884 600 καταφονεύεται
906 545 920 561 ο
946 527 1081 584 ἀλλὰ
1116 528 1177 583 τδ
1220 529 1320 602 μὲν
1350 528 1418 583 δι’
1451 528 1735 601 ἀκριϐείας
1760 529 1859 600 τὴν

1966 527 2131 583 ﬂuum
2162 523 2360 591 fuerit;
2396 539 2518 597 quae
2548 523 2693 581 enim
2716 524 2927 583 utilitas
2954 524 3080 585 inde
3108 526 3178 585 ad
3211 544 3313 588 nos
3338 530 3547 600 redeat,

276 621 562 695 ἱστορικὴν
606 622 925 677 ἀκολουθίαν
970 622 1250 687 ἐκθέσθαι,
1297 624 1505 695 μακρὸν
1532 622 1599 677 ἂν
1626 623 1735 695 εἴη,
1769 621 1862 676 καὶ

278 713 538 782 περιττὸν
589 712 728 783 ἅμα.
768 714 832 768 Τί
879 714 988 787 γάρ
1038 714 1104 769 ἂν
1150 714 1361 783 γένοιτο
1410 715 1570 769 πλέον
1616 716 1747 786 ἡμῖν
1795 714 1861 767 δι’

276 804 576 858 ἀκολούθου
622 804 722 877 τὴν
779 805 994 860 ἔκθεσιν
1037 805 1145 861 τῶν
1196 806 1494 877 γεγονότων
1561 805 1861 878 μαθοῦσιν;

278 896 419 951 ἀλλά
444 896 579 968 πρὸς
600 897 652 950 τί
678 896 831 967 φέρει
850 897 949 967 τῆς
978 898 1257 970 ἱστορικῆς
1282 900 1503 969 μνήμης
1530 898 1588 952 τὸ
1611 897 1859 969 αἴνιγμα,

279 989 529 1058 κρεῖττον
561 986 713 1057 οἶμαι
752 988 817 1041 δι’
844 989 1038 1057 ὀλίγων
1068 988 1346 1060 προθεῖναι
1384 989 1464 1059 τῷ
1503 989 1665 1060 λόγῳ,
1695 989 1771 1053 ὼς
1798 988 1866 1042 ἂν

277 1078 494 1147 γένοιτο
528 1080 659 1150 ἡμῖν
693 1080 726 1151 ἡ
756 1079 979 1151 τοιαύτη
1012 1100 1030 1133 ι
1070 1080 1444 1151 στηλογραφία
1476 1098 1495 1132 ι
1527 1082 1606 1143 εἰς
1642 1079 1865 1150 διδαχὴν

275 1170 377 1225 τοῦ
407 1170 677 1241 ἡμετέρου
730 1171 868 1241 βίου.
925 1172 990 1226 Τί
1039 1167 1134 1226 οὖν
1173 1173 1320 1227 ἐστιν
1349 1172 1377 1226 ὃ
1412 1188 1595 1243 φημι;
1641 1171 1760 1226 ὅλον
1803 1171 1866 1224 τὸ

277 1261 437 1326 ἔθνος
481 1262 680 1333 Συρίαν
737 1263 1010 1333 ὠνόμασε,
1069 1264 1281 1337 μερίζει
1325 1264 1385 1319 δὲ
1425 1262 1585 1318 τοῦτο
1642 1265 1721 1327 είς
1773 1262 1866 1317 δύο

274 1354 563 1424 τμήματα,
588 1354 817 1409 ἕκαστον
845 1355 1027 1410 αὐτῶν
1061 1356 1211 1420 ἰδίοις
1239 1356 1584 1428 γνωρίσμασι
1617 1373 1682 1426 ση
1693 1355 1867 1426 μειούο

282 1462 450 1515 μενος
480 1446 628 1517 (68)·
673 1448 706 1518 ἡ
741 1446 840 1517 μὲν
872 1447 982 1519 γὰρ
1008 1446 1208 1512 αὐτῶν,
1240 1447 1637 1519 Μεσοποταμία
1666 1447 1866 1519 Συρίας

276 1536 499 1605 λέγεται
522 1554 535 1567 ·
553 1540 586 1608 ὴ
606 1537 663 1591 δὲ
692 1537 803 1609 (69)
830 1538 1013 1610 ἑτέρα,
1038 1537 1132 1591 τοῦ
1165 1537 1339 1591 Σοὸἀλ
1367 1538 1535 1607 Συρία
1560 1537 1864 1606 κατονομά-

276 1626 470 1690 ζεταιο
503 1628 966 1700 καταπίμπραται
1012 1630 1123 1699 (70)
1147 1629 1203 1680 δὲ
1253 1629 1344 1682 καὶ
1374 1628 1533 1698 αὕτη,
1578 1630 1672 1683 καὶ
1703 1629 1863 1700 αὕτη.

276 1720 393 1773 Καὶ
421 1720 559 1791 μετά
584 1720 741 1773 τοῦτο
769 1723 827 1788 ἐξ
862 1722 1201 1792 ἐπιστροφῆς
1241 1720 1337 1775 τοῦ
1364 1722 1806 1793 ἀρχιστρατήγου
1830 1724 1865 1793 ὴ

277 1811 503 1883 φάραγξ
531 1813 638 1868 τῶν
665 1814 828 1880 ἀλῶν,
877 1816 933 1867 ἐν
961 1814 1282 1868 δυοκαίδεκα
1315 1815 1518 1886 χιλιάσι
1544 1816 1623 1887 τῷ
1652 1816 1867 1886 θανάτῳ

277 1903 738 1968 καταδικάζεταιο
769 1904 966 1961 οὐκοῦν
1010 1909 1312 1977 νοήσωμεν,
1360 1906 1444 1959 ὅτι
1482 1906 1703 1960 διπλοῦν
1748 1909 1864 1961 ἐστι
1898 1882 1939 1936 Β

273 1997 379 2067 τῆς
426 1997 627 2069 Συρίας
671 1997 743 2050 τὸ
788 1993 948 2061 εἶδος.
996 1999 1058 2052 Oi
1093 1999 1191 2069 μὲν
1232 1997 1341 2069 γὰρ
1384 1998 1562 2051 αὐτῶν
1607 2000 1713 2053 εἰσι
1753 2000 1867 2063 τοῖς

280 2095 709 2165 μεσοποταμίοις
746 2094 859 2163 (71)
910 2094 1177 2165 ῥεύμασιν
1221 2096 1279 2149 ὲν
1325 2094 1509 2164 κύκλῳ
1546 2093 1865 2165 διειλημμέ-

272 2201 395 2241 νοι*
446 2188 600 2241 αὐτοὶ
651 2188 695 2240 δ’
739 2187 806 2241 ἂν
852 2184 960 2241 εἶεν
985 2190 1034 2241 οί
1067 2191 1180 2251 τοῖς
1215 2188 1501 2259 παθήμασι
1529 2189 1864 2259 πανταχόθεν

271 2279 718 2351 περιρῤεόμενοι.
754 2280 817 2332 Οἱ
851 2279 907 2333 δὲ
949 2279 1267 2334 ἀνάκεινται
1297 2279 1374 2351 τῷ
1417 2279 1610 2344 Σοὸὰλ,
1643 2280 1731 2332 διά
1769 2279 1863 2333 τοῦ

272 2371 540 2441 ὀνόματος
594 2370 785 2425 τούτου
852 2372 951 2444 τὴν
1000 2373 1102 2443 τῆς
1145 2373 1528 2444 ἀντικειμένης
1583 2372 1865 2443 δυνάμεως

274 2463 568 2532 τυραννίδα
620 2462 715 2517 τοῦ
779 2461 938 2533 λόγου
1011 2464 1401 2535 σημαίνοντος·
1473 2464 1669 2519 οὐκοῦν
1724 2465 1863 2535 αὕτη

272 2553 489 2621 γένοιτο
523 2554 590 2609 ἂν
632 2557 765 2627 ἡμῖν
796 2558 897 2628 τῆς
925 2557 1060 2627 πρὸς
1091 2556 1150 2609 τὸ
1188 2559 1436 2628 κρεῖττον
1465 2556 1799 2620 ἀλλοιώσεως
1829 2558 1862 2625 ὴ

272 2649 415 2712 ὁδὸς.
460 2649 509 2701 εί
536 2647 612 2717 τῷ
638 2648 923 2719 καθαρσίῳ
951 2649 1080 2721 πυρὶ
1115 2648 1175 2701 τὸ
1202 2648 1422 2701 διπλοῦν
1448 2647 1613 2711 τοῦτο,
1637 2651 1735 2718 τῆς
1766 2665 1865 2701 κα-

273 2740 402 2802 κίας
433 2738 949 2808 ἓθνοςηάφανισθείη
987 2751 1003 2767 ⁶
1070 2740 1146 2803 ὡς
1183 2739 1294 2811 γὰρ
1339 2742 1372 2811 ἡ
1408 2740 1579 2810 ἀρετὴ
1630 2739 1729 2809 βίῳ
1769 2739 1863 2791 καὶ

271 2829 488 2900 διανοίᾳ
512 2827 1003 2900 χαρακτηρίζεται,
1031 2830 1174 2883 οὕτω
1207 2832 1361 2901 καὶὴ
1414 2831 1580 2884 κακία
1623 2834 1734 2895 τοῖς
1772 2830 1865 2884 δύο

271 2920 487 2985 τούτοις
510 2921 883 2991 ὲνθεωρεῖται·
902 2922 994 2973 καὶ
1024 2924 1056 2993 ἡ
1090 2923 1188 2993 μὲν
1215 2923 1358 2976 κατὰ
1386 2923 1476 2977 τὸν
1501 2923 1613 2994 βίον
1643 2924 1861 2988 ἀταξία,

273 3014 308 3085 ἢ
360 3012 426 3065 τὰ
470 3012 579 3065 τῶν
621 3012 810 3065 παθῶν
868 3012 1116 3084 ῥεύματα
1163 3014 1348 3084 κύκλῳ
1387 3014 1485 3086 τὴν
1534 3015 1710 3086 ψυχὴν
1750 3016 1865 3069 δια-

272 3102 569 3174 λαμϐάνει,
617 3105 650 3176 ή
695 3105 803 3157 τῶν
839 3104 1100 3175 ποταμῶν
1132 3104 1349 3173 λέγεται
1397 3106 1557 3177 μέση,
1604 3108 1636 3177 ή
1678 3106 1734 3158 δὲ
1774 3105 1863 3160 διὰ

1965 620 2012 676 si
2042 628 2210 675 totam
2261 633 2442 674 rerum
2472 624 2749 689 gestarum
2796 619 2994 676 seriem
3037 620 3356 679 discamus?
3397 624 3548 691 Qua-

1964 719 2186 785 propter
2207 712 2397 767 utilius
2418 725 2541 767 esse
2562 712 2823 775 arbitror,
2850 713 3092 770 breviter
3120 716 3396 786 explicare
3415 719 3550 789 quid

1964 805 2123 861 nobis
2144 804 2422 859 historica}
2451 804 2782 860 narrationis
2811 805 3096 862 involucro
3124 807 3456 874 insinuetur,
3488 818 3550 865 ut

1965 893 2082 949 haec
2114 911 2134 945 ι
2178 895 2321 950 tituli
2370 894 2659 964 inscriptio
2692 912 2710 946 ι
2767 895 2928 951 cedat
2980 896 3035 951 in
3067 897 3191 953 vitae
3234 907 3438 954 nostra:
3473 900 3579 969 ins

1966 988 2344 1045 structionem.
2378 985 2519 1052 Quid
2570 987 2738 1059 igitur
2791 988 2976 1045 dicere
3018 991 3315 1060 proposui?
3352 990 3546 1049 Totam

1966 1078 2250 1134 hominum
2300 1079 2576 1133 nationem
2622 1077 2836 1149 Syriam
2894 1080 3208 1151 appellavit,
3253 1081 3549 1155 divisitque

1967 1169 2023 1224 in
2073 1169 2212 1225 duas
2255 1176 2462 1239 partes,
2497 1169 2800 1239 quamlibet
2830 1170 3066 1240 propriis
3096 1171 3242 1228 notis
3268 1171 3547 1228 discrimi-

1967 1276 2108 1317 nans
2146 1280 2158 1316 :
2198 1261 2371 1317 altera
2405 1261 2548 1316 enim
2583 1260 2974 1332 Mesopotamia
3010 1260 3182 1335 Syria:
3220 1266 3545 1335 appellatur,

1968 1352 2140 1407 altera
2197 1351 2356 1422 Syria
2402 1349 2594 1421 Sobte;
2636 1353 2995 1409 succenditur
3041 1363 3095 1410 et
3141 1355 3257 1411 bare
3299 1365 3352 1411 ct
3398 1357 3492 1411 illa
3530 1374 3545 1411 :

1968 1450 2159 1515 postea
2187 1446 2503 1499 reversione
2532 1444 2734 1499 summi
2767 1445 3117 1517 imperatoris
3144 1447 3303 1504 vallis
3331 1450 3550 1505 Salina-

1968 1552 2090 1592 rum
2137 1544 2316 1591 morte
2366 1537 2700 1600 mulctatur,
2746 1535 3039 1592 duodecim
3095 1537 3341 1595 millibus
3375 1538 3549 1597 inter~

1967 1627 2187 1698 emptis.
2245 1626 2626 1699 lntelligamus
2675 1642 2807 1698 ergo
2865 1628 3142 1699 duplicem
3197 1644 3321 1686 esse
3378 1631 3550 1703 Syria:

1970 1721 2203 1777 formam
2236 1740 2249 1776 :
2279 1722 2532 1776 nonnulli
2564 1721 2712 1776 enim
2743 1720 3034 1778 ﬂuviorum
3072 1723 3331 1779 cursibus
3373 1723 3428 1778 in
3461 1739 3553 1779 or-

1969 1814 2092 1869 bem
2132 1814 2465 1869 circumdati
2500 1822 2650 1879 sunt,
2687 1822 2743 1870 et
2796 1814 2850 1869 hi
2902 1830 3013 1870 non
3062 1824 3193 1871 sunt
3235 1816 3350 1883 alii,
3385 1833 3550 1889 quam

1967 1923 2106 1978 quos
2141 1908 2429 1978 passiones
2480 1907 2766 1977 animique
2818 1908 3265 1978 perturbationes
3309 1911 3551 1983 undique

1968 1998 2381 2065 circumfluunt;
2413 1998 2503 2053 alii
2535 1998 2776 2068 subjecti
2809 2008 2939 2056 sunt
2978 1999 3156 2063 Sobaz.
3192 2017 3300 2072 quo
3330 2005 3551 2061 nomine

1969 2092 2313 2163 signiﬁcatur
2357 2093 2686 2148 adversaria:
2728 2095 3013 2163 potestatis
3049 2096 3297 2167 tyrannis
3337 2105 3392 2153 et
3431 2097 3551 2152 viov

1968 2185 2112 2241 lenta
2135 2184 2460 2241 dominatio.
2496 2185 2636 2257 Ergo
2662 2186 2821 2242 nobis
2859 2187 2974 2242 haec
3004 2188 3179 2259 prima
3209 2190 3295 2244 via
3327 2190 3395 2245 ad
3425 2207 3549 2248 mu-

1968 2277 2230 2330 tationem
2263 2275 2318 2329 in
2356 2276 2554 2331 melius
2598 2274 2798 2339 fuerit,
2855 2276 2901 2330 si
2949 2275 3076 2348 igne
3112 2287 3448 2349 expurgante
3493 2287 3551 2335 ct

1968 2368 2237 2422 lustrante
2269 2366 2546 2435 duplicem
2581 2366 2725 2422 hanc
2754 2366 2978 2423 malitia:
3015 2370 3292 2425 nationem
3324 2370 3551 2428 aboles-

1966 2476 2090 2515 mus
2130 2479 2143 2515 :
2192 2458 2655 2530 quemadmodum
2703 2459 2849 2516 enim
2883 2460 3063 2518 virtus
3096 2462 3207 2517 vita
3253 2470 3307 2518 et
3341 2462 3551 2520 ratione

1969 2554 2237 2622 signatur,
2275 2551 2356 2605 sic
2391 2558 2445 2606 et
2479 2550 2688 2605 malitia
2728 2550 2785 2605 in
2838 2550 2927 2608 his
2958 2552 3174 2610 duabus
3216 2554 3401 2611 inesse
3426 2570 3552 2610 cer-

1967 2646 2148 2713 nitur;
2201 2655 2256 2701 et
2291 2646 2403 2701 vita
2450 2647 2671 2717 quidem
2709 2648 2877 2702 nullis
2905 2648 3123 2720 legibus
3153 2649 3395 2713 astricta,
3429 2662 3551 2719 qua:
3602 2698 3610 2704 .

1966 2740 2286 2808 passionum
2320 2737 2550 2807 impetu,
2576 2746 2630 2794 et
2654 2736 2813 2808 quasi
2844 2738 3011 2793 ﬂuctu
3040 2739 3282 2810 undique
3303 2740 3547 2797 animum

1968 2829 2419 2899 comprehendit,
2471 2838 2525 2885 et
2563 2830 2970 2900 quodammodo
3004 2831 3059 2886 in
3095 2833 3333 2887 circuitu
3368 2832 3551 2888 inclu-

1968 2925 2067 2989 dit,
2104 2925 2263 2995 Syria
2321 2924 2503 2981 media
2555 2925 2701 2980 inter
2731 2923 2927 2980 ﬂuvios
2978 2924 3221 2991 dicitur;
3273 2924 3368 2980 illa
3417 2940 3551 2981 vero

1972 3016 2242 3086 perversis
2274 3022 2327 3069 et
2356 3014 2685 3086 perniciosis
2709 3013 3061 3087 dogmatibus
3089 3023 3145 3070 et
3173 3014 3548 3086 persuasioni-

1966 3108 2071 3163 bus
2102 3108 2337 3178 principi
2372 3107 2539 3177 hujus
2570 3106 2763 3162 mundi
2797 3105 3037 3173 addicta,
3069 3103 3227 3176 Syria
3252 3103 3411 3160 Seba:
3448 3119 3548 3175 ap-

271 3196 387 3249 τῶν
434 3196 685 3267 πονηρῶν
728 3195 1015 3267 δογμάτων
1050 3196 1383 3269 ἀνακειμένη
1412 3196 1489 3267 τῷ
1522 3196 1739 3268 ἄρχοντι
1766 3197 1861 3251 τοῦ

1968 3199 2201 3268 pellatur
2233 3215 2246 3249 :
2283 3197 2485 3269 quibus
2514 3195 2766 3252 doctrina
2798 3202 2852 3252 et
2875 3196 3088 3252 ratione
3121 3196 3190 3251 ad
3222 3196 3544 3251 illustratio-

277 3287 507 3358 κόσμου,
553 3287 727 3341 Σοὸἀλ
760 3287 958 3358 Συρίας
1004 3288 1470 3359 κατονομάζεται·
1506 3282 1580 3341 ῶν
1624 3288 1701 3360 τῷ
1730 3306 1865 3343 καυ-

275 3378 452 3450 στικῴ
501 3379 611 3450 (72)
661 3396 723 3432 τε
774 3380 868 3433 καὶ
924 3378 1209 3451 καθαρσίῳ
1250 3379 1393 3450 λόγῳ
1425 3379 1861 3450 δαπανηθέντων,

273 3473 470 3527 ἕπεται
526 3471 585 3523 τὸ
626 3472 724 3542 τὴν
765 3470 957 3540 ἀγονόν
1018 3487 1077 3523 τε
1123 3471 1219 3524 καὶ
1272 3470 1531 3541 ἀλμῶσαν
1579 3469 1704 3539 γῆν,
1743 3471 1865 3540 ἥτις

275 3562 642 3634 στρατόπεδόν
690 3565 804 3615 ἐστι
854 3560 963 3615 τῶν
1004 3561 1396 3632 ἀντικειμένων
1441 3561 1746 3633 δυνάμεων,
1796 3565 1863 3634 τῇ

270 3652 372 3707 τοῦ
422 3653 860 3725 ἀρχιστρατήγου
902 3651 1086 3723 πληγῇ
1129 3651 1507 3723 παραχθῆναν
1550 3653 1609 3706 οὐ
1652 3652 1761 3725 γὰρ
1797 3653 1863 3706 ἂν

272 3745 489 3814 γένοιτο
529 3747 661 3815 ἡμῖν
709 3745 741 3815 ἡ
776 3743 916 3797 κατὰ
947 3743 1055 3796 τῶν
1094 3742 1305 3814 ἐχθρῶν
1337 3742 1486 3813 νίκη,
1539 3742 1614 3813 μὴ
1642 3741 1737 3796 τοῦ
1773 3743 1870 3815 ἄρα

271 3851 464 3906 κοντος
508 3834 615 3887 τῶν
668 3834 934 3905 στρατιῶν
983 3833 1095 3904 (75)
1158 3833 1521 3906 ὑπερσχόντπ
1584 3837 1650 3906 τῇ
1698 3834 1860 3905 χειρί.

273 3929 358 3998 Τῇ
396 3927 452 3981 δὲ
484 3926 588 3981 τῶν
640 3926 914 3998 πολεμίων
944 3926 1191 3998 ἀπωλείᾳ
1219 3927 1411 3997 εἰρήνη
1447 3925 1586 3980 κατὰ
1626 3926 1688 3980 τὸ
1731 3927 1863 3981 ἀκό-

272 4019 467 4074 λουθον
498 4019 686 4072 ἕπεται
709 4037 721 4051 ·
758 4021 853 4073 καὶ
884 4019 1028 4073 τοῦτ’
1072 4018 1186 4071 ἔστι
1220 4020 1281 4072 τὸ
1320 4018 1613 4072 ἀκόλουθον
1645 4018 1745 4089 τῆς
1779 4018 1863 4073 νί-

275 4128 404 4182 κης,
432 4111 566 4183 πρὸς
599 4111 628 4163 0
658 4110 930 4181 βλέπουσα
960 4113 992 4181 ή
1021 4111 1302 4182 ἐπιγραφὴ
1332 4110 1466 4182 (74),
1497 4110 1862 4182 ὲνστηλιτεύει

270 4204 399 4266 ταῖς
447 4204 688 4274 μνήμαις
734 4202 890 4274 ὴμῶν
929 4202 1026 4273 τὴν
1080 4202 1215 4272 πρὸς
1258 4202 1318 4255 τὸ
1366 4201 1723 4272 ἀλλοιωθῆναι
1758 4202 1864 4271 ὑφ-

273 4297 497 4366 ήγησιν,
528 4294 617 4349 διά
641 4292 749 4347 τῶν
789 4293 1077 4363 ἱστορικῶν
1105 4292 1518 4365 ὑποδειγμάτων
1552 4292 1651 4365 τὴν
1683 4293 1862 4348 ἀπαλ-

273 4386 452 4457 λαγὴν
484 4384 593 4439 τῶν
625 4384 967 4456 παθημάτων
996 4384 1423 4439 ὑποδεικνύουσα
1463 4384 1600 4454 (75).
1643 4385 1861 4440 Μᾶλλον

271 4479 321 4533 δ’
357 4477 422 4533 ἂν
462 4480 591 4549 ἡμῖν
635 4477 870 4548 φανερὸν
902 4476 1113 4546 γένοιτο
1146 4477 1208 4531 τὸ
1246 4476 1387 4530 κατὰ
1434 4475 1533 4546 τὴν
1577 4476 1861 4531 ἀλλοίωσιν

1969 3304 2090 3344 nem
2133 3299 2186 3343 et
2221 3290 2674 3359 expurgationem
2708 3297 2835 3359 apta
2871 3286 3240 3358 consumptis,
3286 3294 3461 3343 restat
3490 3298 3549 3343 ut

1969 3380 2175 3436 sterilis
2209 3388 2263 3436 et
2314 3380 2663 3451 salsuginosa
2711 3387 2857 3436 terra
2891 3395 3014 3451 quae
3051 3379 3192 3434 nihil
3238 3386 3326 3436 est
3376 3378 3547 3444 aliud,

1968 3485 2131 3542 quam
2179 3471 2623 3527 adversariorum
2666 3472 2970 3537 exercitus,
3005 3469 3213 3527 virtute
3261 3478 3317 3527 et
3368 3469 3549 3542 gladio

1969 3562 2170 3621 sum'mi
2205 3563 2557 3634 imperatoris
2589 3561 2918 3618 conﬁciatur
2965 3578 2980 3616 :
3020 3576 3131 3619 non
3181 3561 3328 3617 enim
3371 3561 3548 3617 victo—

1968 3656 2107 3710 riam
2169 3656 2238 3708 ab
2300 3654 2556 3710 hostibus
2622 3653 3073 3724 reportabimus,
3126 3652 3236 3710 nisi
3292 3653 3549 3723 princeps

1966 3746 2244 3802 exercitus
2273 3760 2497 3800 manum
2543 3746 2842 3809 extendat;
2897 3746 3326 3801 internecionem
3367 3752 3549 3799 autem

1966 3837 2208 3893 hostium
2242 3837 2495 3909 sequitur
2523 3844 2680 3893 certo
2714 3837 2909 3893 ordine
2937 3852 3075 3907 pax;
3118 3843 3174 3892 et
3205 3836 3321 3892 haec
3352 3842 3437 3892 est
3462 3836 3547 3889 vi-

1967 3929 2160 3986 ctorite
2186 3930 2379 3996 series,
2432 3929 2500 3985 ad
2550 3944 2713 4001 quam
2768 3926 3052 4000 Scriptura
3098 3927 3399 3998 respiciens
3445 3926 3550 3982 im-

1966 4020 2178 4090 primit,
2210 4019 2370 4090 quasi
2400 4019 2458 4074 in
2493 4020 2775 4086 columna,
2806 4019 2863 4074 in
2888 4020 3154 4076 memoria
3182 4027 3371 4075 nostra
3398 4033 3549 4076 com.

1965 4112 2425 4168 memorationetn
2476 4112 2546 4168 de
2596 4111 2940 4178 mutatione,
2986 4110 3120 4167 dum
3170 4110 3435 4185 exemplis
3480 4125 3548 4166 ex

1965 4199 2198 4256 historia
2234 4198 2487 4255 adductis
2518 4199 2781 4265 ostendit,
2813 4199 3089 4269 quomodo
3119 4214 3150 4255 a
3179 4199 3550 4270 perturbatio-

1964 4292 2132 4348 nibus
2176 4292 2421 4364 expedirl
2456 4302 2510 4349 et
2552 4293 2775 4349 liberari
2822 4294 3125 4365 possimus.
3180 4292 3353 4366 Magis
3381 4307 3548 4364 porro

1966 4384 2273 4439 innotescet
2302 4384 2463 4440 nobis
2492 4382 2786 4454 disciplina
2816 4384 2885 4440 de
2921 4385 3242 4445 mutatione.
3273 4384 3319 4441 si
3353 4385 3548 4441 audia-

1963 4490 2089 4530 mus
2118 4475 2257 4529 alios
2287 4476 2616 4545 interpretes
2638 4515 2654 4541 ,
2692 4490 2929 4545 quorum
2978 4474 3069 4531 ille
3113 4473 3358 4544 quidem,
3389 4494 3408 4527 ι
3439 4473 3548 4531 Pro

274 4567 530 4640 μάθημα,
564 4569 611 4620 εί
638 4570 749 4630 τοῖς
776 4565 984 4629 λοιποῖς
1010 4565 1120 4619 τῶν
1161 4566 1442 4638 ἑρμηνέων
1472 4565 1585 4636 (76)
1633 4564 1859 4620 ἀκολου-

1968 4563 2216 4628 ﬂoribus,
2244 4584 2263 4617 ι
2291 4564 2454 4631 alius,
2488 4582 2509 4616 ι
2535 4563 2641 4619 Pro
2674 4563 2806 4619 liliis
2831 4584 2850 4617 ι
2884 4564 3070 4631 vertit,
3105 4563 3230 4620 loco
3257 4564 3377 4635 ejus
3398 4565 3545 4636 quod

273 4658 567 4730 θήσαιμεν,
594 4650 667 4713 ὧν
692 4658 720 4710 0
749 4656 846 4728 μὲν
869 4675 887 4707 ι
912 4655 1083 4726 Ὑπὲρ
1105 4655 1212 4710 τῶν
1243 4652 1440 4722 ἀνθῶν,
1467 4673 1484 4707 ι
1507 4654 1536 4706 0
1558 4653 1615 4707 δὲ
1646 4673 1665 4707 ‹
1687 4654 1881 4727 Ὑπὲρ»

270 4751 387 4807 τῶν
423 4751 642 4824 κρίνων,
672 4769 692 4803 ι
720 4742 841 4804 ἀντὶ
875 4748 975 4818 τῆς
1017 4746 1353 4811 ἀλλοιώσεως
1390 4746 1469 4818 τῷ
1512 4746 1655 4817 λόγῳ
1686 4762 1857 4818 προσ-

270 4841 520 4915 έγραψαν
579 4841 713 4913 (77).
765 4841 839 4893 Τό
898 4857 957 4893 τε
1016 4838 1122 4909 γὰρ
1182 4837 1340 4901 ἄνθος
1387 4837 1717 4891 ἐνδείκνυται
1761 4836 1854 4890 τοῦ

268 4935 544 5007 χειμῶνος
570 4935 669 5006 τὴν
685 4934 766 4996 είς
786 4932 882 5000 ἔαρ
915 4932 1237 5004 μεταϐολήν.
1266 4932 1445 5001 Ὅπερ
1470 4929 1725 5001 σημαίνει
1756 4928 1855 5000 τὴν

270 5026 384 5081 ἀπὸ
428 5024 627 5089 κακίας
664 5026 744 5088 είς
780 5025 871 5078 τὸν
923 5024 1043 5078 κατ’
1092 5023 1294 5095 ἀρετὴν
1336 5022 1449 5093 βίον
1498 5023 1848 5093 μετάστασιν.

270 5120 353 5172 ’Ἢ
380 5135 439 5171 τε
472 5117 565 5172 τοῦ
613 5118 799 5190 κρίνου
833 5116 954 5187 ὄψις
993 5116 1128 5188 πρὸς
1153 5117 1181 5169 ὃ
1227 5133 1279 5168 τι
1326 5117 1432 5185 χρὴ
1475 5114 1726 5184 γενέσθαι
1758 5114 1855 5187 τὴν

267 5209 579 5277 ἀλλοίωσιν,
612 5210 973 5283 διερμηνεύει”
1020 5210 1049 5261 0
1096 5210 1204 5277 γὰρ
1246 5208 1311 5261 δι’
1346 5205 1683 5270 ἀλλοιώσεως
1719 5206 1859 5279 λαμ-

214 5331 226 5345 -
271 5301 413 5373 πρὸς
443 5302 751 5373 γενόμενος,
788 5302 1030 5373 δηλονότι
1081 5302 1146 5354 ἐκ
1188 5301 1416 5370 μέλανός
1459 5317 1519 5353 τε
1571 5300 1666 5353 καὶ
1699 5302 1854 5354 ἐσκοο

269 5393 528 5463 τισμένου
562 5393 812 5466 λαμπρόν
854 5412 912 5448 τε
944 5394 1037 5448 καὶ
1052 5392 1307 5463 χιονῶδες
1331 5391 1469 5458 εἶδος
1500 5391 1855 5464 μεταλαμϐά-

346 5570 459 5641 (68)
492 5568 893 5641 Σημειούμενος
912 5581 1021 5623 om.
1049 5568 1139 5625 ed.

348 5640 460 5707 (69l
491 5641 557 5692 Δέ
579 5639 700 5694 om.
732 5639 820 5694 ed.

497 5709 1025 5781 Κατεμπίμπραται,
1055 5708 1144 5765 ed.

370 5778 463 5850 τι)
498 5778 812 5850 Ποταμίοις,
836 5779 921 5850 ed.

376 5847 464 5921 72)
493 5847 829 5921 Φωτιστικῷ,
859 5848 947 5905 ed.

1966 4664 2086 4722 est,
2129 4675 2149 4709 ι
2192 4654 2298 4711 Pro
2330 4655 2437 4722 bis,
2474 4655 2567 4726 qui
2598 4655 3116 4711 commutabuntur:
3160 4672 3180 4708 ι
3238 4664 3368 4713 tunc
3400 4655 3544 4711 enim

1965 4747 2067 4804 ﬂos
2096 4747 2301 4818 prodit,
2334 4762 2457 4801 cum
2491 4746 2666 4803 hiems
2695 4747 2749 4802 in
2785 4763 2882 4803 ver
2909 4754 3176 4815 mutatur,
3207 4747 3354 4820 quod
3378 4749 3550 4820 signi-

1967 4837 2093 4893 ﬁcat
2126 4837 2537 4894 transitionem
2568 4852 2600 4893 a
2654 4837 2861 4893 malitia
2912 4837 2982 4894 ad
3029 4839 3198 4894 vitam
3245 4853 3315 4894 ex
3346 4838 3550 4896 virtute

1967 4940 2170 4987 actam.
2227 4931 2297 4986 At
2346 4933 2444 4986 lilii
2486 4942 2747 5005 aspectus
2779 4939 2989 4997 monet,
3021 4929 3090 4986 ad
3133 4930 3267 5001 quid
3299 4940 3550 5002 oporteat

1964 5025 2323 5081 mutationem
2355 5025 2471 5079 ﬁeri
2506 5044 2519 5080 :
2557 5040 2681 5081 eum
2709 5024 2878 5086 enim,
2911 5024 3006 5096 qui
3041 5024 3346 5085 mutatione
3365 5026 3546 5096 splen-

1967 5115 2131 5172 didus
2160 5114 2389 5171 eﬂ‘ectus
2428 5122 2536 5181 est,
2567 5114 2738 5185 liquet
2768 5130 2845 5170 ex.
2866 5122 2987 5178 atro
3016 5121 3070 5171 et
3102 5112 3449 5170 tenebricoso
3477 5115 3543 5170 ad

1965 5208 2179 5263 niveam
2213 5207 2446 5263 formam
2479 5214 2907 5267 transmutatum
2939 5220 3082 5263 esse.
3116 5203 3177 5259 In
3208 5204 3354 5260 omni
3379 5204 3543 5276 igitur

1963 5300 2326 5372 inscriptione
2371 5314 2494 5370 quae
2524 5299 2708 5364 habet,
2761 5296 2923 5353 «'Pro
2974 5297 3059 5353 his
3104 5295 3199 5366 qui
3245 5306 3546 5351 commuta-

1962 5389 2199 5453 buntur,
2223 5407 2243 5441 ι
2294 5388 2397 5445 hoc
2423 5391 2585 5459 quasi
2616 5389 3007 5445 documentum
3034 5383 3414 5457 accipiendum
3448 5400 3545 5440 ar-

2059 5565 2148 5637 73)
2167 5564 2491 5637 Erpazsubv,
2528 5565 2617 5622 ed.

2058 5636 2145 5706 74)
2174 5635 2388 5706 Γραφή,
2416 5635 2500 5706 ed.

2060 5703 2147 5768 75)
2186 5703 2656 5768 Ἀποδεικνύουσα,
2686 5703 2772 5759 ed.

2029 5774 2143 5847 (πρ)
2179 5774 2579 5847 Ἑρμηνευτῶνο
2621 5776 2709 5847 ει-

2030 5844 2144 5918 (77)
2172 5844 2582 5917 Προσέγραφεν,
2615 5844 2707 5902 ed.
