1922 3183
195 230 246 257 5οἿ

830 221 857 248 S.
879 218 1043 248 GREGOBH
1061 217 1208 245 NYSSENI

1774 217 1825 244 568

193 288 295 315 mento,
314 281 413 317 inquit,
437 265 627 310 torcularium:
651 281 681 305 ut
704 277 752 304 tibi
778 285 826 312 per
851 277 984 305 bonorum

1045 283 1115 309 τητα,
1136 275 1168 300 ὲκ
1191 273 1241 308 τῆς
1260 272 1435 308 Σοδομιτικῆς
1460 272 1625 308 κληματίδας
1648 274 1827 308 καρπυγονών

193 336 307 364 operum
325 326 531 354 multitudinem
547 325 611 352 vino
625 324 729 358 optimo
752 328 779 350 et
800 323 913 350 odorato
929 329 985 349 tor-

195 374 298 402 cularia
328 372 502 404 redundent,
531 374 561 399 ut
587 374 681 398 monet
707 370 836 397 Salomon
864 369 891 396 in
915 368 983 396 Pro-

194 420 295 448 verbiis
302 419 337 446 ³³.

501 570 615 600 CAPUT
634 570 678 599 Vl.

232 673 388 710 Inscriptio,
406 684 415 701 ι
429 674 482 702 Pro
498 672 655 706 Maeleth".
675 684 684 701 ι
710 675 812 703 clarius
830 675 935 703 reddita
952 676 987 704 ab

197 719 252 748 illis
264 721 310 755 qui
323 728 383 747 eatn
399 719 494 748 Grteco
509 721 643 748 vocabulo
663 724 868 755 expresserunt,
888 721 986 748 alacri-

200 770 280 793 tatem
295 766 439 801 quamdam
458 766 533 793 addit
555 766 609 793 illis
632 766 679 801 qui
696 766 723 793 in
746 766 834 793 stadio
853 768 985 793 virtutttm

198 811 348 844 decertant,
369 812 433 839 dum
449 812 510 846 quis
526 812 561 839 sit
575 812 755 838 certaminum
780 812 839 839 linis
854 812 984 844 ostendit,

199 857 299 884 choros
325 862 352 884 et
376 857 550 890 saliationes,
574 863 601 884 et
625 857 811 892 jucunditates
836 857 985 886 victoribus

199 903 353 938 propositas
377 911 546 930 asseverans.
575 904 604 930 ln
631 903 701 930 hanc
724 903 797 930 enim
820 903 983 931 sententiam

1036 320 1084 355 τὴν
1105 318 1251 345 ἀπώλειαν.
1276 318 1308 344 Εἰ
1323 318 1411 344 τοίνυν
1435 318 1498 353 περὶ
1513 319 1562 353 τὴν
1583 318 1822 353 Ὀγδόηνβλέπεις,

1038 366 1170 400 μέμνησο,
1184 365 1276 398 φησὶν,
1293 364 1346 390 τῶν
1361 364 1459 398 ληνῶν,
1477 364 1514 396 ὡς
1526 364 1558 390 ἄν
1576 372 1616 390 σοι
1630 364 1675 390 διὰ
1690 363 1745 390 τῶν
1760 365 1827 397 ἁγα-

1037 410 1091 437 ῡῶν
1105 410 1192 445 ἔργων
1206 410 1252 436 τοῦ
1265 409 1411 444 ἀνθοσμίου
1422 410 1505 442 οἴνου,
1517 409 1586 437 κατὰ
1597 410 1642 436 τὸν
1654 409 1828 446 παροιμιώδη

1037 456 1126 490 λόγον,
1141 457 1167 482 αἱ
1182 455 1258 491 ληνοὶ
1273 456 1476 491 ὑπερϐλύςωσιν
1489 455 1556 491 (95).

1292 578 1498 605 ΚΕΦΑΑΑιοΝ.
1524 579 1573 612 ς’.

1079 682 1111 708 Ἦ
1121 681 1162 707 δὲ(
1175 680 1258 716 ’Υπὲρ
1266 680 1369 707 Masz
1378 690 1388 706 ι
1397 680 1534 714 ἐπιγραφὴ
1544 679 1708 715 σαφέστερον
1714 680 1832 708 ἐκδοθεῖ-

1039 734 1073 753 σα
1084 725 1158 760 παρὰ
1170 725 1224 751 τῶν
1241 724 1458 759 μεταϐαλλόντων
1471 724 1525 759 (96)
1540 725 1579 756 είς
1586 724 1634 760 τὴν
1650 725 1761 752 Ἑλλάδα
1773 735 1832 760 φω-

1039 772 1085 806 νὴν
1098 771 1199 805 ταύτην
1212 771 1261 806 τὴν
1274 770 1356 803 λέξιν,
1373 770 1525 805 προθυμίαν
1536 771 1596 798 τινὰ
1610 772 1665 802 τοῖς
1680 771 1713 798 δι’
1726 772 1831 807 ἀρετῆς

1038 817 1247 852 ἀγωνιζομένοις
1269 815 1406 851 ἐντίθησι,
1428 816 1458 842 τὺ
1481 816 1566 851 πέρας
1585 817 1639 843 τῶν
1665 816 1753 843 ἄθλων
1772 815 1832 843 οἷόν

1039 863 1112 889 ἐστιν
1129 862 1360 889 ὑποδεικνύουσιν.⁸
1383 862 1492 897 χορείας
1513 862 1566 897 (97)
1590 863 1637 889 καὶ
1660 863 1832 898 εὐφροσύνας

1039 910 1094 940 τοῖς
1130 908 1314 944 κεκρατηκόσι
1350 907 1404 934 τῶν
1440 907 1552 942 ἀγώνων
1585 909 1745 943 προκεῖσθαι
1783 909 1831 936 λὲ-
1859 934 1860 937 η

200 947 346 974 dictionem
376 948 449 974 illam
484 949 689 982 interpretatam
716 948 891 982 invenimus;
923 957 986 976 nam

1045 962 1122 988 γουσα
1135 953 1202 988 (98),
1220 953 1288 988 πρὸς
1305 952 1405 988 ταύτην
1422 953 1471 988 τὴν
1481 953 1599 988 ἔμφασιν
1614 953 1832 989 ἑρμηνευθεὶσης

200 993 284 1020 dictio
302 993 416 1021 Maeleth
431 994 500 1021 idem
527 998 579 1025 est,
597 995 668 1029 quod
689 1004 697 1020 ι
712 1003 759 1029 per
772 995 886 1022 chorum
902 1005 911 1021 ›
936 1003 985 1024 seu

203 1050 211 1065 ι
226 1041 410 1072 saltationem,
425 1051 434 1066 ι
453 1041 606 1075 cujusmodi
625 1041 749 1068 videlicet
763 1049 796 1068 ex
810 1042 987 1069 historiarum

201 1087 386 1115 monumentis
399 1089 539 1115 exstitisse
557 1088 682 1115 novimus
698 1092 759 1122 post
776 1088 884 1116 Davidis
900 1089 988 1116 victo-

202 1133 280 1165 riam,
297 1133 409 1167 quando
429 1133 464 1160 ab
479 1134 525 1160 illo
541 1134 629 1160 adhuc
650 1135 833 1166 adolescente,
857 1134 989 1170 singulari

201 1177 229 1203 in
259 1178 407 1205 certamine
436 1177 545 1205 Goliatlt
577 1183 737 1213 prostrato,
761 1179 915 1213 juvcncula:
942 1187 990 1214 per

202 1223 302 1251 choros
321 1224 413 1251 cllusze
425 1244 432 1256 ,
461 1225 569 1252 labores
585 1224 660 1252 illius
680 1225 706 1251 in
725 1232 816 1259 pugna
835 1225 880 1252 illa
895 1233 991 1253 susce-

203 1274 263 1303 ptos
279 1269 490 1297 celebrarunt“.
514 1269 577 1297 Pari
594 1270 699 1297 ratione
722 1278 829 1297 omnem
848 1271 989 1297 victoriam

203 1315 235 1342 ab
258 1315 383 1342 hostibus
410 1316 510 1343 sudore
531 1319 558 1343 et
583 1316 675 1343 labore
702 1319 887 1350 reportatam,
910 1316 990 1343 docet

203 1361 345 1396 inscriptio
363 1371 372 1386 ι
389 1362 439 1389 Pro
457 1361 582 1395 Maclcth,
595 1371 604 1388 ›
623 1362 715 1389 la:titia
735 1365 762 1389 et
784 1361 876 1389 choris
890 1363 989 1397 excipi,

202 1415 264 1434 cum
286 1407 377 1435 omnis
403 1411 529 1435 creatura
551 1407 667 1434 rationis
691 1407 828 1442 particeps
851 1407 989 1442 scipsatn,

203 1452 282 1487 quasi
308 1454 334 1480 in
351 1452 430 1481 ebori
450 1459 605 1485 concentu,
636 1453 787 1480 victoribus
803 1453 992 1479 accommodet

204 1503 227 1524 et
246 1501 417 1532 attemperct.
442 1497 561 1533 Tempus
579 1500 650 1525 enim
679 1499 739 1531 fuit,
763 1506 818 1533 quo
840 1506 911 1525 ttnus
933 1502 992 1526 erat

205 1544 305 1570 chorus
330 1548 454 1571 creatura
473 1545 624 1576 rationalis,
648 1545 674 1570 in
700 1552 783 1571 unum
807 1544 885 1571 chori
910 1552 990 1580 cory-

205 1589 311 1623 phtcum
329 1590 462 1622 intentus,
480 1598 594 1625 seseque
608 1591 749 1625 explicans
765 1594 792 1618 et
807 1591 946 1618 revolvens
958 1591 991 1618 ad

1040 1000 1088 1035 τῆς
1102 999 1208 1031 λέξεως.
1224 1000 1260 1026 Τὸ
1270 999 1324 1035 γὰρ
1336 999 1444 1026 Μαελὲθ
1455 999 1538 1034 ὄνομα
1554 1009 1563 1025 ‹
1575 999 1619 1026 διὰ
1630 1000 1736 1035 χορείας
1751 1009 1760 1025 ι
1778 1000 1832 1035 τὴν

1040 1045 1186 1081 ἑρμηνείαν
1213 1045 1280 1080 ἔχει.
1316 1042 1377 1072 Οἷον
1402 1045 1434 1080 δὴ
1458 1044 1505 1071 καὶ
1530 1045 1576 1071 ἐπὶ
1602 1045 1651 1080 τῆς
1677 1045 1753 1080 νίκης
1783 1044 1833 1071 τοῦ

1040 1091 1120 1117 Δαυῖδ
1133 1091 1175 1117 διὰ
1191 1091 1240 1127 τῆς
1254 1091 1373 1126 ἱστορίας
1385 1090 1516 1125 ἔγνωμεν,
1528 1091 1569 1117 ὅτι
1583 1090 1709 1121 πεσόντος
1724 1089 1768 1116 τοῦ
1780 1090 1833 1116 Γο-

1040 1137 1100 1163 λιὸιθ
1117 1138 1146 1163 ὲν
1162 1139 1193 1172 τῇ
1209 1137 1360 1172 μονομαχίᾳ
1373 1136 1419 1162 τοῦ
1431 1136 1502 1169 νέου,
1515 1136 1696 1172 Θεραπεύουσι
1709 1137 1765 1171 (99)
1784 1137 1833 1163 τὸν

1041 1182 1186 1216 ἐναγώνιον
1202 1182 1283 1209 αὑτοῦ
1301 1182 1380 1208 πόνον
1396 1182 1593 1209 ὑπαπαντώσαι
1613 1182 1656 1209 διὰ
1674 1182 1782 1218 χορείας
1802 1183 1834 1209 αἱ

1041 1228 1175 1260 νεάνιδες·
1195 1228 1266 1255 οὕτω
1293 1228 1383 1254 πᾶσαν
1406 1228 1484 1263 νίκην
1508 1228 1599 1264 ἱδρῶτί
1621 1237 1668 1261 τε,
1688 1229 1734 1254 καὶ
1754 1228 1833 1263 πόνῳ

1041 1274 1111 1302 κατὰ
1136 1273 1191 1301 τῶν
1216 1272 1370 1300 ἀντιπάλων
1394 1273 1625 1309 κατορθουμένην,
1651 1274 1667 1309 ἡ
1696 1273 1759 1309 περὶ
1781 1273 1833 1300 τοῦ

1041 1319 1147 1347 Μαελὲθ
1167 1319 1307 1354 ἐπιγραφὴ
1325 1319 1494 1354 εὐφροσύνην
1506 1319 1579 1353 λέγει
1593 1319 1639 1346 καὶ
1650 1319 1834 1354 χοροστασίαν

1041 1364 1207 1399 ἐκδέχεσθαι,
1224 1365 1314 1400 πάσης
1330 1364 1378 1399 τῆς
1392 1364 1489 1398 νοητῆς
1505 1364 1620 1395 κτίσεως
1635 1364 1743 1399 ἑαυτὴν,
1758 1364 1836 1391 καθ-

1042 1410 1113 1445 άπερ
1130 1410 1157 1436 ὲν
1172 1409 1252 1445 χοροῦ
1270 1410 1423 1445 συμφωνίᾳ,
1437 1411 1493 1441 τοῖς
1510 1411 1635 1445 νικηταῖς
1647 1410 1837 1445 συναρμοζού-

1043 1465 1102 1491 σης.
1114 1454 1167 1482 Ἷιν
1183 1456 1237 1491 γὰρ
1251 1456 1295 1482 ὅτε
1309 1455 1357 1490 μία
1375 1457 1423 1491 τῆς
1434 1456 1546 1490 λογικῆς
1561 1456 1666 1490 φύσεως
1680 1453 1712 1490 ἦν
1726 1456 1838 1490 ὴχορο-

1044 1501 1151 1532 στασία,
1168 1501 1235 1536 πρὸς
1248 1501 1294 1527 ἕνα
1309 1501 1444 1535 βλέπουσα
1455 1501 1500 1527 τὸν
1513 1501 1560 1527 τοῦ
1575 1501 1657 1537 χοροῦ
1673 1502 1836 1535 κορυφαῖον,

1044 1547 1089 1573 καὶ
1105 1547 1172 1582 πρὸς
1183 1547 1231 1582 τὴν
1245 1547 1349 1573 ἐκεῖθεν
1360 1547 1530 1582 ἐνδιδομένην
1543 1547 1617 1581 αὐτῷ
1628 1548 1659 1581 τῇ
1674 1547 1777 1581 κινήσει
1794 1548 1837 1580 (Ι)

1043 1592 1086 1618 διὰ
1098 1592 1147 1626 τῆς
1160 1591 1268 1625 ἐντολῆς
1285 1592 1418 1626 ἁρμονίαν
1434 1591 1477 1617 τὸν
1493 1591 1572 1627 χορὸν
1590 1592 1627 1626 ('2)
1646 1592 1838 1619 ἀνελίσσουσα.

205 1635 278 1661 illam
294 1656 301 1668 ,
329 1643 389 1670 qute
418 1635 480 1663 inde
509 1635 779 1667 subministrabatur,
799 1636 920 1663 victoria:
945 1643 991 1670 per

1051 1637 1158 1672 Ἐπειδὴ
1172 1636 1201 1663 δὲ
1214 1637 1263 1672 τὴν
1277 1637 1313 1671 (5)
1344 1636 1432 1663 ἔνθεον
1451 1637 1558 1672 ἐκείνην
1574 1636 1678 1663 διέλυσε
1692 1636 1738 1663 τοῦ
1753 1637 1838 1672 χοροῦ

206 1686 369 1717 praeceptum
392 1682 496 1714 relatm,
521 1682 692 1709 harmoniam
718 1686 744 1709 et
768 1681 989 1710 consonantiam.

207 1728 352 1764 Postquam
370 1733 462 1757 autem
471 1733 549 1757 ortus
563 1729 667 1764 peccati
680 1728 802 1755 divinum
820 1729 895 1756 illum
916 1728 993 1756 chori

206 1780 369 1803 concentum
388 1776 523 1808 dissolvit,
541 1776 710 1811 pedibusque
726 1774 877 1811 primorum
893 1783 992 1809 parcn-

207 1824 275 1852 tum,
293 1821 338 1855 qui
357 1821 427 1848 intet‘
449 1821 585 1856 angelicas
611 1825 760 1855 potestates
787 1820 931 1856 degebant,
950 1820 992 1848 lu-

207 1866 283 1893 brica
299 1866 467 1902 deceptionis
480 1867 586 1893 ratione
602 1866 752 1897 substrata,
771 1867 878 1892 ruinam
892 1865 992 1896 cll‘ecit,

208 1912 278 1940 unde
293 1912 373 1940 homo
391 1913 425 1939 ab
441 1913 486 1940 illa
513 1920 576 1939 cum
602 1912 706 1947 angelis
729 1912 860 1940 societate
882 1912 994 1939 avulsus

206 1961 259 1989 est,
280 1965 345 1985 casu
363 1957 560 1984 connexionem
576 1957 754 1989 dissolvente,
777 1957 869 1985 multis
887 1957 994 1984 sudori-

208 2004 259 2030 bus
274 2007 300 2030 et
314 2003 454 2030 laboribus
466 2003 544 2037 lapso
559 2003 663 2030 homini
678 2011 748 2037 opus
763 2006 813 2035 est,
831 2007 860 2029 ut
875 2011 936 2030 eum
947 2003 994 2037 qui

208 2048 261 2075 sibi
284 2048 338 2082 jam
366 2053 503 2083 prostrato
519 2048 670 2080 incumbit,
696 2049 812 2076 debellet
830 2052 858 2076 et
880 2053 993 2081 evertat,

209 2101 321 2128 remque
335 2093 439 2121 fortiter
456 2097 544 2129 gerat,
564 2099 724 2130 recepturus
741 2095 863 2122 muneris
881 2095 939 2122 loco
954 2095 996 2121 di-

210 2140 288 2168 vinos
310 2140 410 2167 choros
427 2141 461 2168 ob
477 2140 619 2168 victoriam
645 2141 678 2167 ab
695 2140 853 2168 adversario
874 2145 997 2175 reporta-

210 2190 275 2213 tam.
302 2185 417 2219 Quando
444 2187 525 2223 igitur
549 2186 668 2215 audieris
695 2187 912 2222 inscriptionem,
935 2195 996 2221 quae

210 2231 273 2259 illas
300 2240 391 2264 voces,
419 2232 498 2260 (Pro
524 2231 650 2264 Maeleth,
666 2241 675 2258 ι
701 2232 823 2267 adjungit
852 2233 915 2264 illis,
945 2232 997 2259 «1n

211 2278 301 2311 linem,
319 2289 327 2305 ›
347 2283 413 2306 tunc
433 2279 543 2306 noveris
560 2279 608 2306 tibi
623 2279 697 2306 velut
714 2286 762 2313 per
776 2279 891 2314 :enigma
908 2278 998 2306 consi-

212 2325 276 2351 lium
293 2324 361 2355 dari,
384 2333 418 2352 ne
439 2325 603 2352 succumbas
620 2324 646 2351 in
663 2325 842 2352 tentationum
864 2325 999 2351 Conﬂicti-

212 2370 273 2402 bus,
302 2369 349 2396 sed
376 2373 405 2396 ut
429 2370 455 2396 in
474 2370 553 2397 linem
571 2370 692 2396 vit-terim
718 2370 860 2404 respicias,
886 2370 932 2404 qui
957 2373 999 2396 est

212 2415 342 2450 angelicis
367 2415 458 2442 choris
486 2415 687 2448 annumerari;
727 2419 855 2449 tuamque
879 2415 997 2441 animam

213 2459 393 2487 tcntationum
411 2460 590 2494 impressione
613 2459 760 2494 expurgari
785 2459 903 2494 cogites,
925 2459 997 2493 quod

213 2509 240 2533 et
255 2505 357 2532 Lazaro
373 2505 507 2533 accidiSSe
525 2513 558 2532 ex
572 2506 630 2540 ipso
648 2505 762 2532 Domino
777 2505 934 2536 didicimus,
952 2505 998 2539 qui

213 2558 274 2577 cum
294 2558 341 2585 per
356 2551 514 2584 patientiam
540 2551 723 2577 calamitatum
750 2553 806 2577 toto
824 2550 885 2577 vitae
908 2551 999 2577 curri—

213 2598 275 2625 culo
286 2605 346 2625 sese
362 2597 477 2625 illzesum
493 2605 628 2632 casusque
642 2601 780 2632 expertem
797 2602 997 2627 conservasset.

250 2708 272 2725 ³³
287 2709 366 2736 Prov.
387 2716 428 2741 tn,
451 2707 492 2736 l0.
537 2707 558 2724 ιο
574 2707 646 2734 Psal.
664 2715 710 2737 ιιι,
730 2707 753 2733 -l.

251 2812 308 2849 (95‘)
325 2813 588 2849 Ὑπερεκϐλύζωσιν.

251 2847 305 2880 (96)
322 2847 544 2880 Μεταὸαλόντων,
563 2851 606 2878 cd.

250 2882 307 2915 (97)
323 2883 358 2909 Τε
374 2884 435 2909 add.
449 2884 492 2909 ed.

262 2917 307 2948 98)
324 2920 341 2944 .\
347 2918 425 2951 έγων,
440 2919 471 2944 ed
477 2938 483 2943 .

263 2952 307 2985 99)
322 2953 535 2986 Θεραπεύσουσι,
549 2953 593 2982 ed.-

1048 1682 1179 1717 συνῳδίαν
1202 1681 1416 1717 παρεμπεσοῦσα
1435 1683 1451 1717 ἡ
1476 1682 1609 1717 ἁμαρτία,
1626 1682 1673 1708 καὶ
1693 1684 1747 1713 τοῖς
1770 1683 1839 1709 ποσὶ

1046 1727 1100 1753 τῶν
1117 1726 1232 1762 πρώτων
1250 1727 1409 1763 ἀνθρώπων,
1423 1727 1476 1753 τῶν
1493 1727 1522 1754 ὲν
1542 1729 1600 1758 ταῖς
1617 1727 1773 1761 ἀγγελικαίς
1791 1727 1839 1754 δυ-

1047 1773 1144 1808 νάμεσι
1160 1774 1386 1809 συγχορευόντων,
1405 1773 1450 1800 τὸν
1464 1773 1637 1809 τῆςιὰπάτης
1650 1773 1756 1801 ὄλισθον
1770 1775 1840 1800 ὐπο-

1048 1818 1143 1853 χέασα,
1168 1818 1267 1853 πτῶμα
1286 1819 1431 1855 ἐποίησεν,
1454 1819 1515 1847 ὅθεν
1535 1819 1684 1855 διεσπάσθη
1704 1821 1753 1854 τῆς
1769 1821 1841 1855 πρὸς

1046 1865 1110 1896 τοὺς
1123 1864 1254 1900 ἀγγέλους
1273 1865 1420 1900 συναφείας
1434 1866 1449 1892 ὁ
1465 1865 1615 1901 ἄνθρωπος,
1631 1864 1676 1891 τοῦ
1691 1864 1841 1900 πτώματος

1046 1910 1096 1946 τὴν
1111 1910 1264 1946 συμϐουλὴν
1276 1912 1313 1947 (-l.)
1328 1911 1512 1942 διαλύσαντος·
1525 1910 1620 1937 τούτου
1638 1911 1718 1946 χάριν
1733 1911 1840 1938 πολλῶν

1049 1955 1166 1991 ἱδρώτων
1187 1957 1266 1992 χρεία
1287 1956 1326 1992 τῷ
1350 1956 1505 1983 πεπτωκότι
1527 1957 1574 1983 καὶ
1601 1956 1707 1988 πόνων,
1727 1957 1772 1983 ἴνα
1792 1957 1840 1983 τὸν

1048 2002 1221 2037 ἐπικείμενον
1236 2002 1318 2029 αὐτοῦ
1335 2002 1375 2037 τῷ
1392 2003 1518 2038 πτώματι
1535 2002 1792 2037 καταγωνισάμενός
1809 2011 1841 2028 τε

1049 2046 1096 2073 καὶ
1106 2046 1272 2082 ἀνατρέψας,
1288 2047 1368 2075 πάλιν
1382 2047 1521 2083 ἁνορϐωθῇ
1533 2068 1540 2080 ,
1551 2047 1634 2083 γέρας
1645 2047 1695 2081 τῆς
1709 2046 1781 2073 κατὰ
1791 2046 1840 2073 τοῦ

1050 2092 1207 2124 παλαίοντος
1227 2092 1305 2128 νίκης
1320 2093 1369 2128 τὴν
1385 2092 1459 2119 Θείαν
1477 2092 1656 2127 χοροστασίαν
1679 2091 1840 2126 δεξάμενος.

1051 2137 1135 2164 Ὅταν
1157 2135 1203 2164 οὖν
1219 2138 1337 2174 ἀκούσῃς
1359 2138 1410 2173 τῆς
1426 2139 1580 2174 ἐπιγραφῆς
1602 2138 1790 2172 συναπτούσης
1810 2140 1841 2166 τὸ

1052 2191 1061 2209 ι
1074 2183 1159 2218 Ὑπὲρ
1174 2183 1292 2217 Μαελὲο,
1302 2194 1311 2210 ι
1329 2185 1361 2219 τῇ
1374 2193 1383 2209 ι
1395 2184 1442 2215 El;
1459 2183 1534 2214 τέλος
1550 2193 1558 2209 ι
1577 2184 1667 2218 φωνῇ,
1681 2183 1741 2209 τότε
1758 2183 1842 2217 γίνω·

1052 2238 1099 2255 σκε
1114 2229 1157 2255 διὰ
1171 2229 1217 2256 τοῦ
1234 2229 1391 2264 αἰνίγματος
1406 2228 1562 2264 συμϐουλήν
1579 2237 1618 2255 σοι
1633 2228 1840 2264 προσάγεσθαι,

1053 2275 1089 2310 μὴ
1108 2274 1304 2310 ὲγχαυνοῦσθαι
1324 2277 1379 2306 τοῖς
1393 2275 1447 2302 τῶν
1464 2275 1624 2310 πειρασμῶν
1639 2275 1840 2309 ἀγωνίσμασιν,

1051 2321 1108 2347 ἀλλ’
1123 2322 1163 2352 είς
1177 2321 1206 2347 τὸ
1219 2321 1295 2353 τέλος
1306 2322 1355 2356 τῆς
1370 2322 1447 2356 νίκης
1462 2321 1580 2355 βλέπειν.
1595 2321 1680 2347 Τοῦτο
1693 2320 1720 2346 δέ
1737 2321 1796 2347 ἐστι
1812 2320 1843 2347 τὸ

1053 2366 1255 2402 καταταχθῆναι
1269 2368 1302 2402 τῇ
1318 2367 1448 2402 ἀγγελικῇ
1465 2366 1560 2402 χορείᾳ
1570 2375 1576 2381 ·
1598 2367 1644 2393 καὶ
1658 2367 1706 2401 τὴν
1723 2365 1773 2402 σὴν
1788 2366 1839 2401 ψυ-

1052 2411 1101 2446 χὴν
1122 2413 1154 2447 τῇ
1178 2411 1312 2446 προσϐολῇ
1341 2411 1395 2437 τῶν
1422 2410 1583 2446 πειρασμῶν
1611 2410 1857 2446 ὲκκαθαρϐεῖσαν.ξ

1052 2456 1113 2484 Οἴον
1133 2458 1165 2492 δὴ
1183 2457 1230 2484 καὶ
1249 2458 1296 2484 ἐπὶ
1321 2457 1368 2484 τοῦ
1394 2457 1519 2493 Λαζάρου
1545 2456 1670 2490 γενέσθαι
1691 2457 1767 2492 παρὰ
1791 2447 1856 2490 τῆςι

1052 2504 1144 2538 φωνῆς
1159 2503 1206 2530 τοῦ
1224 2504 1325 2538 Κυρίου
1351 2504 1517 2538 ἠκούσαμεν.
1546 2504 1592 2535 Ὃς
1612 2502 1704 2536 ἐπειδὴ
1724 2503 1769 2529 διὰ
1792 2503 1841 2537 τῆς

1051 2549 1190 2584 ὑπομονῆς
1206 2548 1259 2575 τῶν
1275 2549 1443 2584 παθημάτων
1457 2549 1521 2583 παρ’
1533 2548 1593 2574 ὅλον
1603 2547 1650 2574 τοῦ
1667 2547 1724 2582 βίου
1737 2546 1768 2573 τὺ
1782 2547 1834 2574 ccci

1051 2595 1105 2621 διον
1122 2595 1253 2629 ἐφύλαξεν
1270 2595 1364 2621 ἑαυτὸν
1378 2594 1586 2627 ἀκατάπτωτον,
1604 2593 1774 2628 διαλυθείσης
1790 2593 1839 2620 at)-

793 2707 812 2722 δι
829 2706 837 2732 1
854 2706 918 2742 Reg.
934 2713 1000 2739 xvtt,
1019 2705 1054 2732 ‘22
1069 2714 1129 2741 sqq.

1092 2809 1324 2844 (1)Νικήσει,ρ‹1.

1092 2846 1128 2878 (ιζ)
1143 2845 1203 2870 Τῶν
1218 2844 1323 2879 χωρῶν,
1343 2843 1386 2869 ed.

1092 2880 1130 2913 (3)
1150 2880 1203 2913 Τήν
1215 2887 1267 2905 om.
1289 2879 1330 2906 cd.

1091 2915 1127 2949 (Δ)
1144 2914 1304 2949 Συμϐολήν,’
1315 2914 1359 2941 cd.
