1922 3176
57 222 106 250 509

761 231 794 259 ΙΝ
814 232 984 263 PSALMOS.

1634 238 1687 269 5l0

57 280 93 316 τῷ
170 282 275 333 σκὶηνῆς
290 282 403 334 (ὄλ-καὶ
417 286 579 322 ἡττηθέντος
599 289 628 316 ὲν
646 290 683 325 τῷ
700 291 749 325 τῆς
773 291 845 327 ζωῆς

901 294 1077 323 tabernaculo
1094 296 1187 324 carnis
1205 296 1264 331 ejus
1282 304 1297 324 a
1311 300 1399 325 morte
1412 296 1557 331 dissoluto,
1573 306 1687 334 supera-

59 326 153 362 σταδίῳ
167 328 214 355 τοῦ
233 330 482 366 προσπαλαίοντος,
500 333 581 366 εὐθὺς
600 336 629 362 ὲν
653 336 779 370 ἀγγέλοις

61 382 71 399 ‹
93 373 216 407 Ἐγένετο
236 384 245 399 ι
268 375 333 410 γὰρ,
353 375 445 411 φησὶν,
465 388 474 404 ε
500 379 646 408 ἀποθανεῖν
663 382 708 407 τὸν
728 382 845 417 πτωχὸν,

59 419 103 445 καὶ
123 420 308 456 ἀπενεχθῆναι
324 422 376 449 ὑπὸ
396 423 450 450 τῶν
467 424 599 458 ἀγγέλων.
625 436 633 452 ι
648 426 722 463 Αὕτη
742 428 815 454 ἐστὶν
830 429 846 463 ή

60 465 159 501 χορεία,
175 467 192 501 ἡ
207 468 277 502 μετὰ
290 468 344 495 τῶν
359 469 481 503 ἀγγέλων
495 471 644 507 ὁδοιπορία,
659 474 705 499 καὶ
719 474 733 500 ὀ
748 474 848 506 κόλπος

60 511 103 537 τοῦ
125 512 314 548 πατριάρχου,
332 515 346 540 ὁ
363 515 393 540 ὲν
415 515 489 551 αὐτῷ
511 517 780 552 συμπεριλαμϐάνων
802 519 848 545 τὸν

60 557 199 592 Λάζαρον·
229 559 289 584 οὐδὲ
308 559 389 591 αὐτὸς
414 561 463 596 τῆς
488 562 603 598 φαιδρᾶς
627 564 674 590 τοῦ
702 564 782 601 χοροῦ
810 565 847 601 (6)

61 602 216 636 συμφωνίας
236 603 288 636 ἔξω
310 606 419 632 νοεῖται.
437 607 543 634 Κόλπον
560 608 614 644 γὰρ
637 609 767 642 ἀκούσας,
792 608 848 638 οἶόν

61 654 116 672 τινα
130 647 287 684 εὐρύχωρον
302 650 436 684 πελάγους
449 653 578 688 περιοχὴν
589 674 596 685 ,
615 654 645 680 τὸ
665 655 719 682 τῶν
737 656 848 690 ἀγαθῶν

62 691 205 726 πλήρωμα,
231 694 270 725 ὡς
294 695 475 732 ἐπωνομάσθη
500 699 514 724 ὁ
540 700 728 736 πατριάρχης,
749 703 848 736 νοήσας

62 746 109 768 τις,
123 737 172 764 οὐκ
192 738 226 764 ἂν
246 740 373 775 ἁμάρτοι,
394 742 422 768 ἐν
441 739 463 776 ᾧ
482 744 528 770 καὶ
543 745 556 770 ὁ
574 745 612 780 (7)
633 746 757 781 Λάζαρος
774 746 847 780 γίνε-

62 790 112 808 ται.
125 781 183 808 Τῶν
198 783 251 819 γὰρ
267 784 296 811 ἐν
309 786 362 817 τοῖς
377 786 479 821 ὁμοίοις
492 788 579 822 ἀγῶσι
593 790 786 824 διαφανέντων,
800 792 847 818 οὖ-

63 825 102 851 δέν
115 826 186 853 ἐστιν
198 828 263 854 ἴδιον
277 830 391 862 οὐδενὸς,
403 832 470 858 ἀλλὰ
483 834 570 860 κοινὸν
585 834 693 861 πάντων
704 836 734 861 τὸ
747 836 847 870 ἀγαθὸν

65 872 171 905 γίνεται,
188 874 243 900 τῶν
265 875 307 902 διὰ
327 876 377 911 τῆς
394 878 480 913 αὐτῆς
494 879 594 915 ἀρετῆς
616 881 662 907 ἐπὶ
680 882 710 908 τὸ
727 881 764 917 (8)
791 883 847 909 ἴσον

66 917 159 952 ἀγαθὸν
173 921 273 957 συνδρα
277 922 390 957 μύντων.

89 1037 166 1083 ’λῌδὲι
174 1039 313 1083 torsi/3m»:
323 1052 331 1068 ›
340 1043 438 1077 ἔχουσα
446 1052 455 1069 ι
466 1043 515 1077 τῆς
522 1044 847 1083 σκηνῆςιὲπιγραφὴ,και

67 1081 157 1113 πάλιν,
177 1092 186 1108 ι
202 1082 289 1119 ’Υπὲρ
311 1085 357 1111 τοῦ
380 1087 556 1123 ὲγκαινισμοῦ
572 1090 618 1116 τοῦ
637 1092 710 1118 οἴκου
727 1092 818 1125 Δαυῖδ,
835 1103 843 1119 ι

67 1127 210 1160 γειτνιῶσιν
230 1130 360 1165 ἀλλήλαις
380 1134 449 1159 κατὰ
466 1135 514 1169 τὴν
531 1134 604 1162 θέσιν
628 1145 657 1163 τε
678 1138 725 1164 καὶ
742 1139 790 1173 τὴν
806 1140 847 1166 ἔν-

67 1177 143 1219 νοιαν.
163 1173 239 1200 Ἔστι
258 1175 312 1210 γὰρ
333 1177 349 1211 ὴ
377 1178 425 1212 μὲν
440 1179 468 1204 ἐν
486 1180 524 1215 τῷ
549 1181 664 1217 εὶκόστῷ
682 1183 729 1209 καὶ
745 1183 845 1219 ὀγδόῳ,

67 1217 81 1251 ἡ
96 1217 125 1265 δὲ
143 1219 170 1245 ὲν
187 1219 227 1254 τῷ
247 1222 317 1256 μετὰ
338 1222 441 1251 τοῦτον.
467 1224 498 1251 Ἡ
515 1225 542 1251 δὲ
559 1226 631 1260 λέξις
647 1228 689 1263 ἐφ’
705 1217 845 1265 ἑκατέρου,

67 1263 150 1311 τοῦτον
166 1265 220 1301 ἔχει
238 1267 285 1294 τὸν
300 1270 415 1304 τρόπον’
433 1272 479 1299 ἐπὶ
500 1273 549 1307 μὲν
570 1274 620 1308 τῆς
639 1275 772 1311 προτέρας
785 1263 846 1303 επι-

68 1309 183 1355 γραφῆς,
201 1321 210 1337 ι
230 1313 345 1348 Ψαλμὺς
364 1316 403 1351 τῷ
426 1317 506 1343 Δαυῖδ
528 1318 627 1351 ἐξοδὶου
652 1309 770 1355 σκηνῆς’
791 1330 800 1346 ι
818 1323 846 1347 ὲν

67 1353 91 1401 δε
106 1355 142 1390 τῷ
156 1358 267 1393 ἐφεξῆς,
285 1369 293 1385 ι
310 1361 422 1396 Ψαλμὸς
443 1363 514 1398 ᾠδῆς
529 1363 576 1390 τοῦ
600 1353 778 1401 ἐγκαινισμοῦ
799 1367 845 1393 τοῦ

150 1404 238 1431 Δαυῖδ.
264 1414 272 1430 ι
298 1406 360 1433 Ἐὰν
381 1408 433 1443 γὰρ
456 1408 492 1444 μὴ
515 1410 565 1444 τῆς
590 1411 720 1446 αἰσθητῆς
744 1412 847 1447 σκηνῆς

68 1445 217 1491 ἐξέλθωμεν,
234 1451 249 1477 ὁ
267 1452 392 1488 ἀληθινὸς
405 1455 483 1489 ἡμῶν
497 1453 571 1487 οἶκος
585 1456 635 1483 οὐκ
652 1445 845 1491 ἐγγκαινίζεται.

69 1490 100 1540 te
110 1492 136 1519 δὲ
148 1494 303 1531 λεγόμενον,
317 1499 435 1526 τοιοῦτόν
451 1501 488 1535 (9)
500 1503 584 1528 ἐστιν·
596 1502 647 1528 Δύο
664 1490 726 1538 περῖ
737 1504 785 1540 τὴν
802 1505 848 1531 ἀν-

69 1536 195 1585 Θρωπὶνην
214 1544 316 1569 νοεῖται
331 1545 426 1577 φύσιν·
447 1546 506 1580 ἦτε
519 1548 661 1584 σαρκώδης
684 1550 751 1585 ζωὴ,
767 1552 782 1585 ἡ
803 1551 847 1577 διὰ

68 1583 114 1610 τῶν
123 1586 272 1622 αἰσθήσεων
284 1590 475 1627 ἐνεργουμένη,
485 1593 532 1619 καὶ
543 1594 558 1628 ἡ
571 1583 741 1631 πνευματικη
752 1583 782 1623 δέ
791 1597 845 1631 (10)

67 1630 109 1677 καὶ
126 1631 246 1668 ἆῡλος,“ὴ
261 1634 301 1670 τῷ
320 1636 404 1671 νοερῷ
425 1645 454 1663 τε
470 1638 515 1663 καὶ
539 1639 677 1675 ἀσωμάτῳ
693 1641 742 1676 τῆς
758 1641 846 1677 ψυχῆς

69 1672 112 1709 βίῳ
127 1677 337 1714 κατορθουμένη.
358 1680 427 1707 Ἀλλ’
439 1681 488 1708 οὐκ
501 1682 557 1708 ἔστι
575 1684 628 1710 τῶν
641 1684 686 1711 δύο
701 1686 771 1712 κατὰ
785 1672 847 1712 ταυ-

68 1719 107 1745 τὸν
119 1721 144 1748 ὲν
159 1724 288 1759 μετουσίᾳ
298 1726 434 1759 γενέσθαι.
455 1727 487 1753 Ἦ
497 1728 551 1763 γὰρ
562 1730 625 1765 περὶ
638 1730 667 1756 τὸ
681 1730 772 1766 ἕτερον
785 1732 847 1759 τού-

68 1772 115 1793 των
130 1769 239 1805 σπουδὴ,
257 1771 306 1805 τὴν
324 1771 371 1798 τοῦ
391 1773 483 1809 ἐτέρου
505 1774 632 1810 στέρησιν
647 1777 843 1812 ἀπεργάζεται.

69 1812 161 1858 ονκοῦν
176 1816 199 1841 εἰ
220 1816 364 1853 μέλλοιμεν
379 1820 535 1855 οἰκητήριον
550 1821 617 1847 Θεοῦ
634 1824 720 1849 ποιεῖν
733 1823 782 1858 τὴν
794 1823 846 1858 ψυ-

69 1856 121 1890 χὴν,
140 1859 254 1892 ἐξελθεῖν
269 1864 401 1898 προσήκει
422 1864 477 1899 (ll)
498 1865 547 1900 τῆς
563 1865 718 1901 σαρκώδους
732 1856 844 1902 σκηνῆς.

69 1901 101 1927 Οὐ
114 1904 164 1939 γὰρ
185 1905 258 1933 ἔστιν
280 1907 366 1939 ἄλλως
386 1908 590 1945 ἐγκαινισθῆναι
609 1910 655 1937 τὸν
679 1909 753 1939 οἷκον
768 1912 845 1947 ἡμῶν

70 1947 116 1974 ὑπὸ
124 1950 168 1976 τοῦ
183 1952 402 1986 ἀνακαινίζοντος
415 1956 489 1990 ἡμᾶς
503 1955 547 1982 διὰ
562 1956 611 1992 τῆς
626 1957 722 1984 ἑαυτοῦ
739 1958 847 1994 ἐνοική-

70 2001 139 2026 σεως.
152 1998 175 2023 ει
198 1999 234 2034 μὴ
254 1999 285 2025 τὺ
307 1999 405 2032 ἐξόδιον
420 2001 471 2036 τῆς
489 2003 591 2038 σκηνῆς
605 2002 649 2029 διὰ
662 2003 712 2038 τῆς
730 2003 776 2030 τοῦ
793 2013 846 2030 σω-

72 2042 174 2073 ματικοῦ
190 2043 249 2079 βίου
270 2045 472 2082 ἀλλοτριώσεως
491 2048 687 2085 κατορθωοείη.

899 343 982 374 toque
999 341 1026 368 in
1044 341 1095 369 hoc
1110 342 1238 369 conﬂictu
1255 343 1424 375 adversario,
1445 344 1537 371 statim
1553 344 1624 372 inter
1638 354 1687 373 an-

899 384 972 418 gelos
988 389 1113 420 receptus
1127 390 1178 413 est.
1195 395 1204 411 (
1217 386 1328 413 Factum
1343 390 1385 414 est
1397 387 1481 419 enim,
1492 398 1501 415 ι
1517 387 1616 422 inquit,
1627 398 1636 415 ι
1657 394 1688 417 ut

900 436 1051 458 moreretur
1061 432 1214 464 mendicus,
1226 437 1252 459 et
1265 432 1456 467 deportaretur
1469 433 1504 460 ab
1518 435 1659 469 angelis".
1673 445 1683 461 ι

899 475 1032 504 Videlicet
1053 477 1110 505 haec
1126 485 1188 505 cum
1203 479 1307 513 angelis
1328 480 1439 511 chorea,
1457 480 1524 507 nihil
1545 483 1588 507 est
1611 480 1685 509 aliud

899 529 979 556 quam
998 530 1059 549 cum
1076 523 1180 558 angelis
1203 524 1344 559 profectio,
1363 525 1494 559 sinusque
1511 524 1684 560 patriarcha),

900 568 947 602 qui
961 567 1095 595 Lazarum
1111 569 1223 604 excipit,
1239 577 1273 597 ne
1290 570 1348 605 ipse
1364 571 1474 605 quidem
1489 575 1565 599 extra
1584 571 1685 605 jucun-

899 613 960 639 dam
977 613 1048 640 hanc
1063 614 1251 649 symphoniam
1268 615 1338 642 situs
1354 619 1405 643 est.
1426 615 1493 643 Nam
1509 616 1532 643 si
1544 616 1606 651 quis
1622 623 1685 643 cum

898 658 987 684 sinum
1004 658 1089 690 audit,
1106 659 1179 686 velut
1197 663 1301 687 vastam
1327 660 1473 694 quamdam
1489 661 1576 696 pelagi
1592 661 1685 688 latitu-

899 702 1001 733 dinem,
1016 704 1148 730 honorttm
1165 704 1286 731 omnium
1303 705 1498 740 plenitudinem
1511 713 1558 740 per
1569 706 1686 740 patriar-

899 749 978 775 cham
992 749 1170 783 signiﬁcatam
1183 750 1260 782 velit,
1277 750 1299 777 is
1316 758 1486 785 nequaquam
1502 751 1684 783 aberraverit;

898 797 926 824 in
942 805 995 832 qua
1010 798 1143 824 bonorum
1162 797 1328 825 abundantia
1341 798 1461 825 Lazarus
1476 806 1584 833 quoque
1599 798 1686 825 collo-

898 847 985 870 catur.
1013 842 1080 870 Nam
1105 843 1178 878 quod
1204 844 1232 870 in
1257 844 1339 879 huius
1364 845 1473 879 generis
1489 844 1687 872 certaminibus

898 889 1040 920 elucescit,
1067 890 1169 917 nullius
1189 890 1329 924 proprium
1353 894 1416 922 est,
1440 891 1486 918 sed
1510 890 1538 917 (it
1564 890 1687 917 omnium

898 941 1043 961 commune
1056 934 1168 966 b0num,
1191 935 1322 967 omnium,
1348 936 1470 970 inquam,
1486 936 1532 970 qui
1548 943 1597 970 per
1612 942 1687 963 eam-

899 980 961 1007 dem
975 980 1104 1007 virtutem
1118 980 1151 1007 ad
1164 981 1268 1015 aequale
1282 981 1385 1008 bonum
1400 981 1580 1009 contendunt.

932 1046 966 1073 At
980 1046 1120 1081 inscriptio
1136 1055 1195 1082 qum
1209 1048 1248 1074 sic
1264 1048 1344 1074 habet
1359 1057 1365 1075 :
1386 1058 1394 1074 (
1410 1048 1503 1075 Exitus
1525 1048 1687 1075 tabernacu-

897 1091 927 1123 li,
946 1101 954 1117 I
973 1096 1000 1120 et
1015 1093 1070 1124 illa,
1096 1103 1103 1118 ι
1118 1093 1169 1120 Pro
1186 1094 1357 1120 dedicatione
1372 1094 1469 1122 domus
1486 1093 1579 1126 David,
1595 1102 1604 1119 ›
1621 1094 1688 1120 vici-

898 1137 1008 1164 nitatem
1031 1139 1176 1172 quanulam
1203 1147 1255 1165 non
1285 1139 1365 1165 modo
1391 1139 1524 1173 positione
1539 1144 1564 1166 et
1580 1138 1686 1170 ordine,

898 1183 944 1211 sed
956 1188 982 1210 ct
993 1192 1073 1211 sensu
1089 1184 1197 1211 habent.
1213 1185 1256 1210 Illa
1268 1185 1339 1212 enim
1351 1185 1429 1212 estin
1441 1185 1570 1212 vicesimo
1580 1189 1686 1217 octavo,

898 1229 955 1256 haec
974 1230 1001 1256 in
1019 1231 1142 1264 Sequt‘tlli
1163 1231 1276 1264 psalmo.
1294 1231 1323 1258 In
1339 1235 1455 1265 utroque
1470 1235 1559 1258 autem
1577 1230 1610 1257 ad
1628 1238 1689 1257 ver-

897 1277 961 1304 bum
983 1277 1019 1303 ita
1041 1283 1081 1304 est
1101 1281 1230 1311 coucepta
1245 1277 1396 1312 inscriptio.
1413 1277 1441 1303 In
1457 1277 1539 1311 priori
1555 1276 1662 1311 quidem
1679 1284 1687 1302 :

901 1332 910 1347 ι
925 1322 1049 1350 Psalmus
1068 1323 1167 1354 David,
1184 1323 1273 1350 exitus
1296 1323 1476 1350 tabernaculi.
1494 1332 1502 1347 ι
1521 1322 1548 1348 In
1565 1320 1688 1355 proxime

898 1368 1022 1402 sequenti
1038 1369 1088 1394 hoc
1102 1368 1181 1394 modo
1199 1377 1205 1394 :
1224 1367 1363 1395 «Psalmus
1379 1368 1488 1400 cantici,
1507 1365 1687 1393 dedicationis

898 1414 995 1440 domus
1013 1413 1105 1440 David.
1126 1423 1133 1438 ι
1160 1413 1216 1440 Nisi
1240 1413 1312 1440 enim
1334 1421 1367 1440 ex
1386 1413 1508 1440 sensibili
1528 1412 1579 1439 hoc
1596 1411 1686 1438 taber-

898 1459 996 1485 naculo
1011 1451 1192 1492 egrediantur,
1220 1466 1280 1485 vera
1298 1462 1393 1485 nostra
1410 1459 1508 1485 domus
1534 1464 1587 1483 non
1612 1456 1688 1482 dedi-

898 1509 984 1531 catur.
1001 1505 1076 1537 Quod
1095 1513 1158 1530 \‘cro
1176 1505 1218 1531 his
1231 1505 1395 1535 insinuatur,
1409 1503 1542 1538 ejusmodi
1558 1503 1685 1538 quiddam

898 1555 964 1577 est:
984 1550 1049 1576 Dote
1067 1551 1093 1576 in
1112 1551 1229 1576 humana
1257 1555 1354 1577 natura
1382 1550 1549 1576 considerari
1574 1553 1688 1583 possunt

899 1596 970 1627 vitm,
990 1596 1075 1623 altera
1100 1597 1221 1624 carnalis
1236 1600 1263 1624 et
1286 1596 1395 1630 corpori
1420 1596 1541 1625 addicta,
1564 1603 1624 1630 qua:
1641 1602 1690 1629 per

900 1650 997 1669 sensus
1013 1647 1155 1676 operatur;
1175 1643 1259 1669 altera
1278 1642 1428 1677 spiritualis
1444 1645 1470 1669 et
1489 1640 1688 1672 immaterialis.

901 1696 960 1723 qute
978 1688 1003 1714 in
1020 1688 1127 1715 vivendi
1142 1696 1241 1723 genere
1256 1696 1271 1715 a
1292 1689 1433 1724 corporeis
1454 1689 1537 1716 rebus
1553 1688 1688 1722 sejuncto,

899 1737 926 1760 et
942 1733 993 1760 sub
1007 1734 1091 1761 solam
1108 1734 1315 1769 intelligentiam
1330 1735 1445 1762 cadente
1466 1735 1602 1767 consistit,
1618 1734 1691 1761 tieri-

899 1788 952 1815 que
978 1788 1032 1807 non
1056 1785 1162 1815 potest,
1188 1785 1218 1808 ut
1238 1781 1295 1809 haac
1320 1782 1375 1809 duo
1391 1782 1452 1809 vitae
1475 1789 1574 1817 genera
1594 1786 1689 1809 mutua

899 1826 1093 1853 communione
1115 1827 1275 1861 iungantur.
1303 1826 1369 1853 Nam
1390 1827 1522 1859 studium,
1543 1827 1616 1862 quod
1641 1826 1690 1853 uni

900 1870 1076 1905 impenditur,
1095 1872 1210 1899 alterum
1225 1880 1240 1899 e
1256 1872 1345 1899 medio
1359 1873 1429 1899 tollit
1450 1882 1456 1899 :
1475 1873 1499 1900 si
1520 1873 1604 1908 igitur
1629 1872 1689 1898 ani-

898 1925 970 1944 mam
995 1921 1118 1945 nostram
1144 1917 1192 1945 Dei
1213 1917 1400 1944 habitaculum
1424 1917 1532 1945 elIiccre
1559 1917 1688 1950 velimus,

898 1966 1016 1997 oportet,
1035 1969 1063 1991 ut
1079 1971 1163 1991 carne
1184 1964 1357 1999 egrediamur
1375 1971 1408 1991 ex
1430 1963 1533 1991 carnali
1558 1963 1689 1990 taberna-

898 2008 1058 2036 culo.Aliter
1068 2010 1141 2038 enim
1155 2009 1213 2037 lieri
1228 2010 1331 2044 nequit,
1350 2013 1380 2036 ut
1396 2009 1493 2036 domus
1510 2012 1602 2036 nostra
1617 2008 1690 2035 dedi-

898 2059 977 2082 cetur
988 2056 1023 2082 ab
1034 2056 1091 2088 illo,
1115 2056 1162 2091 qui
1177 2063 1228 2083 nos
1243 2063 1289 2091 per
1308 2063 1385 2083 suam
1400 2055 1623 2082 inhabitationem
1642 2054 1690 2081 de-

897 2100 981 2133 dicat,
1003 2102 1056 2129 nisi
1070 2102 1161 2129 exitus
1176 2110 1209 2130 ex
1225 2102 1402 2129 tabernaculo
1418 2109 1465 2137 per
1478 2102 1647 2129 aversionem
1662 2104 1691 2128 et

71 2130 152 2167 fugam
166 2136 226 2163 vitte
241 2137 595 2173 corporisjucunditatibus
609 2140 717 2174 deditae,
730 2141 849 2178 legitime
864 2130 1035 2174 instituatur.

106 2204 131 2231 '0
146 2205 173 2231 δὲ
185 2207 233 2242 τῆς
242 2216 252 2232 ι
263 2206 433 2238 Ἕκα-τάσεως
444 2216 454 2233 ι
466 2207 572 2244 ψαλμδς
584 2209 598 2235 ὁ
611 2208 679 2243 μετὰ
693 2208 738 2235 τὸν
751 2210 846 2243 ἐγκαι-

70 2250 154 2284 νισμὸν
176 2253 351 2288 τεταγμένος,
371 2251 402 2280 οὗ
424 2253 584 2288 πρόσκειται
600 2254 654 2289 (12)
675 2255 846 2290 ἡέπιγραφὴ

71 2295 140 2331 αὕτη,
158 2307 166 2323 ι
184 2300 231 2331 Εἰς
241 2299 272 2325 τὸ
284 2299 360 2331 τέλος
375 2299 481 2334 eam;
496 2299 535 2334 τῷ
551 2300 631 2326 Δαυῒδ
650 2301 819 2333 ἐκστάσεως,
835 2310 844 2326 ι

71 2341 203 2376 σύμφωνός
216 2346 274 2371 ἐστι
284 2347 340 2377 τοῖς
355 2345 491 2381 προτεθεω
496 2345 632 2380 ρημένοις.
640 2346 769 2381 ἐκστῆναι
779 2355 810 2373 συ
815 2356 848 2382 μ-

71 2386 193 2416 ϐουλεύων
209 2391 330 2424 ἐκείνων,
344 2388 381 2418 ὧν
399 2392 548 2427 ὲπιόλαϐής
559 2392 630 2418 εστιν
646 2393 661 2427 ἠ
675 2392 815 2426 συνάφεια.

103 2452 145 2486 Οἷς
155 2456 181 2482 δὲ
193 2457 357 2493 παράκειται
373 2458 412 2490 τὸ,
429 2467 437 2483 ι
451 2458 497 2489 Εἰς
515 2457 667 2493 ἀνάμνησιν
677 2480 684 2493 ,
697 2467 705 2483 ι
719 2458 849 2492 σύντομόν

72 2501 299 2530 τιναδιδασκαλίαν
309 2504 322 2529 ὁ
336 2503 413 2537 λόγος
425 2504 495 2538 ὑπὲρ
502 2504 549 2538 τῆς
560 2503 694 2539 σωτηρίας
706 2504 770 2538 ἡμῖν
782 2504 848 2531 ὑπο-

74 2543 174 2572 τίθεται.
183 2545 290 2582 Ἐπειδὴ
296 2548 348 2584 γὰρ
355 2549 372 2581 ή
379 2548 505 2583 παρακοὴ
513 2549 561 2583 τῆς
571 2548 646 2580 θείας
659 2549 778 2583 ἐντολῆς,
790 2549 849 2581 ὁδὸς

74 2588 106 2618 εὶς
117 2589 248 2619 ἀπώλειαν
262 2595 316 2625 τοῖς
331 2593 485 2629 ἀνθρώποις
496 2594 603 2628 ἐγένετο
622 2595 661 2627 (οὐ
674 2594 728 2630 γὰρ
742 2594 774 2621 ἂν
787 2595 851 2621 ἀπο-

74 2630 195 2671 λώλαμεν,
210 2641 234 2666 εἰ
248 2641 280 2675 τῇ
302 2641 395 2675 μνήμῃ
409 2640 457 2675 τὴν
480 2640 587 2675 ἐντολὴν
601 2639 793 2675 ὲφνλάξαμεν),
808 2640 852 2667 διὰ

937 2211 1061 2240 Psalmus
1096 2222 1105 2238 ι
1121 2213 1280 2244 Exstaseos,
1301 2222 1310 2238 ι
1337 2212 1383 2247 qui
1408 2218 1469 2248 post
1490 2212 1689 2240 dedicationem

900 2257 1086 2293 subjungitur,
1110 2259 1153 2285 cui
1174 2258 1232 2286 haec
1258 2258 1400 2293 inscriptio
1425 2263 1467 2286 est
1492 2259 1613 2293 praeﬁxa,
1634 2267 1643 2285 ι
1659 2258 1690 2286 In

901 2302 981 2329 tinam
995 2303 1116 2336 psalmus
1131 2302 1214 2329 David
1226 2302 1343 2330 cxstasis
1353 2302 1386 2334 ⁸³,
1404 2312 1413 2328 ›
1437 2306 1570 2329 consonat
1586 2301 1619 2329 iis
1630 2309 1691 2337 quae

899 2347 954 2382 jam
971 2348 1113 2382 pra‘missa
1130 2352 1205 2381 sunt,
1222 2356 1336 2376 monens
1353 2353 1382 2375 ut
1396 2348 1429 2375 ab
1443 2348 1496 2378 illis
1512 2348 1690 2380 absistantus,

900 2401 1017 2428 quorum
1035 2393 1194 2428 conjunctio
1210 2394 1322 2428 periculi
1340 2394 1419 2429 plena
1436 2398 1487 2421 est.

939 2459 1043 2492 Quibus
1064 2467 1128 2486 vero
1147 2461 1314 2494 praeponitur
1336 2460 1402 2487 illud
1424 2470 1430 2487 :
1459 2471 1467 2486 ι
1482 2461 1510 2487 ln
1528 2468 1692 2488 rememora-

903 2504 1050 2537 tionetn“;
1063 2514 1072 2529 ι
1086 2504 1125 2531 illi
1142 2505 1373 2539 compendiariam
1385 2506 1529 2540 quamdam
1540 2507 1691 2533 doctrinam

904 2550 1001 2577 salutis
1015 2554 1115 2576 nostrae
1126 2550 1306 2584 procuranda}
1320 2551 1439 2578 tradunt.
1451 2551 1517 2578 Nam
1528 2559 1588 2578 cum
1604 2555 1692 2578 trans-

903 2595 1008 2630 gressio
1020 2595 1104 2621 divini
1122 2596 1249 2630 prtecepti
1271 2595 1426 2623 hominibus
1450 2597 1518 2623 viam
1542 2596 1574 2622 ad
1597 2596 1691 2623 interi-

906 2646 962 2667 tum
974 2641 1110 2675 aperuerit
1125 2640 1189 2674 (non
1205 2641 1277 2668 enim
1293 2642 1480 2676 periissemus,
1491 2641 1513 2670 si
1529 2645 1691 2677 prmceptum

106 2733 197 2765 "Luc.
212 2747 267 2771 xvr,
285 2739 330 2767 ‘22.
368 2740 390 2756 ⁸³
406 2739 477 2767 Psal.
492 2747 555 2772 xxx,
573 2741 595 2767 Ι.
634 2740 657 2756 ⁸⁸
676 2740 748 2769 Psal.
765 2747 867 2773 xxxv”,
886 2739 914 2773 1;
929 2747 1002 2772 inx,
1018 2741 1042 2768 l.

109 2831 143 2871 ἐξ)
162 2833 268 2871 Καινῆς,
281 2835 325 2871 ed-

111 2862 142 2906 ςρ)
164 2868 215 2906 ςιξοῡ
226 2862 303 2906 ίᾰροῦ
317 2878 373 2897 om.
395 2869 439 2898 ed.

108 2897 143 2933 (7)
164 2902 191 2929 '0
208 2897 264 2932 om:
281 2906 325 2933 ed.

109 2932 142 2970 (ὅ)
155 2937 188 2963 Τό
200 2947 250 2967 om.
263 2940 305 2968 ed.

945 2836 983 2871 (9)
996 2837 1089 2868 Τοῦτο,
1111 2837 1154 2863 ed.

944 2873 1000 2906 (to)
1014 2872 1060 2904 Τε,
1074 2872 1117 2898 ed.

942 2907 998 2940 (Hi
1015 2907 1053 2942 Τῇ
1067 2907 1148 2941 σαρκί
1164 2907 1226 2933 add.
1245 2906 1287 2934 ed.

943 2942 997 2976 (t2)
1011 2942 1167 2977 ῐίρόκειται,
1183 2943 1225 2969 ed.
