1922 3192
198 167 254 195 515

840 170 869 197 S.
891 168 1057 198 GREGORII
1073 171 1223 201 NYSSENI

1791 176 1842 203 515

198 225 299 257 trices,
314 225 363 253 sed
385 226 455 262 apud
478 226 605 255 Hebraeos
619 235 673 255 non
695 231 774 260 sunt,
793 228 993 256 convenienter

1050 230 1114 257 κατὰ
1126 231 1175 266 τὴν
1192 232 1376 268 γεγενημένην
1392 232 1422 258 ὲν
1440 232 1479 268 τῷ
1500 232 1659 268 Εὐαγγελίῳ
1674 232 1737 259 κατ’
1754 232 1843 259 αὐτῶν

198 271 326 299 videlicet
346 272 386 299 illi
408 273 434 299 in
458 272 605 308 Evangelio
631 274 763 301 adversus
777 274 853 309 ipsos
873 282 991 302 accusa-

198 316 268 344 tioni
284 326 290 344 :
307 327 316 343 ι
337 317 473 350 Quoniam
489 319 575 353 legem
590 320 723 352 tulerunt,
747 324 777 346 ut
790 320 812 347 si
827 320 889 354 quis
902 320 990 348 conﬁ-

197 357 448 396 teaturCliristum,
459 369 536 391 extra
548 373 714 400 synagogam
731 365 812 392 fiat”.
827 375 836 391 ι
849 365 990 398 Quascun-

196 416 250 443 que
272 408 354 443 igitur
371 409 566 444 inscriptiones
578 411 627 444 ipsi
638 410 888 437 animadverterunt
899 410 989 436 conti-

197 463 261 482 nere
270 455 533 483 demonstrationem
546 455 692 491 quamdam
708 456 829 491 mysterii
841 455 987 487 Dominici,

197 500 259 527 illas
282 501 472 536 repudiarunt.
500 502 560 534 Qua
584 501 618 528 de
642 508 725 528 causa
750 505 878 528 accurate
906 501 988 528 etiam

197 547 290 579 verba,
308 556 368 582 qua:
384 548 493 575 lectioni
508 547 695 581 inscriptionis
710 547 904 575 ecclesiasticae
921 555 988 581 pric-

197 594 250 620 ﬁxa
267 598 344 627 sunt,
367 597 494 626 monent,
521 598 548 620 et
570 598 665 620 contra
691 594 752 621 illos
769 598 881 625 notant,
898 593 991 627 hujus-

195 641 269 667 modi
296 640 417 675 psalmos
444 639 516 675 apud
544 639 671 666 llebrrcos
699 639 927 674 inscriptionibus
944 647 989 666 ca-

1044 275 1222 309 κατηγορίαν,
1234 286 1244 302 ί
1257 278 1316 304 Ὅτι
1328 277 1417 312 δόγμα
1431 276 1533 310 ἔθεντο,
1543 277 1576 303 Εἰ
1597 285 1640 308 τις
1662 276 1843 312 ὁμολογήσειε

1044 320 1089 346 τὸν
1108 321 1236 356 Χριστὸν,
1252 321 1465 356 ἀποσυνάγωγος
1482 322 1604 358 γένηται.
1622 331 1632 348 ι
1648 323 1739 354 Ὅσας
1755 323 1843 350 τοίνυν

1044 366 1142 392 ἐκεῖνοι
1168 366 1222 393 τῶν
1246 367 1406 403 ἐπιγραφῶν
1432 368 1609 402 κατενόησαν,
1641 368 1757 401 ἔνδειξεν
1786 378 1843 395 τινα

1044 412 1180 447 περιέχειν
1201 413 1247 439 τοῦ
1270 414 1437 449 μυστηρίου,
1462 415 1563 446 ταύτας
1593 415 1622 441 οὺ
1646 414 1842 450 παρεδέξαντο.

1043 457 1088 483 Διὸ
1107 458 1153 484 καὶ
1174 460 1388 495 παρεσημήνατο
1413 460 1446 487 δι’
1471 461 1612 496 ἀκριϐείας
1638 461 1681 486 ἐπ’
1703 461 1797 487 αὐτῶν
1815 461 1843 487 τὸ

1043 502 1161 529 τοιοῦτον
1181 505 1195 530 ὁ
1215 504 1293 538 λόγος
1315 507 1347 540 τῇ
1369 506 1519 540 ἀναγνώσει
1540 506 1590 541 τῆς
1609 506 1842 541 ἐκκλησιαστιχῆς

1043 548 1197 584 ἐπιγραφῆς
1221 550 1376 586 προστιθεὶς
1390 552 1456 586 (52),
1471 552 1511 578 ὁτι
1528 552 1593 586 παρ’
1609 552 1749 587 Ἑϐραίοις
1770 553 1842 578 ἐστὶν

1044 596 1239 631 ἀνεπίγραφος.
1254 596 1308 632 Τῆς
1330 598 1418 624 τοίνυν
1434 598 1590 634 διαιρέσεως
1607 599 1710 632 ταύτης
1736 600 1766 625 ἐν
1790 600 1842 629 τοῖς

1042 641 1239 676 ἀνεπιγράφοις
1251 644 1473 678 προεκτεθείσης,
1491 645 1584 680 καιρὸς
1599 644 1631 671 ἂν
1647 645 1689 680 εἴη
1703 644 1738 671 δι’
1755 645 1841 671 αὐτῶν

196 694 266 713 rere.
287 686 365 712 llunc
380 686 408 712 in
428 685 539 712 modum
559 685 686 719 θη)οείιο
702 684 874 711 Psalmorum
889 684 988 712 discri-

1050 686 1095 712 :in
1112 688 1201 722 ῥητῶν
1218 689 1309 715 δοῦναι
1326 690 1364 723 τῷ
1378 689 1448 725 λόγῳ
1463 691 1511 725 τὴν
1528 691 1691 726 μαρτυρίαν.

195 734 279 766 mine,
299 734 346 768 qui
364 733 543 767 inscriptione
555 740 609 759 non
627 736 828 767 praenotantur,
846 736 956 768 tempus
971 734 1079 769 exigere
1097 735 1215 768 videtur,
1234 742 1262 764 ut
1278 737 1304 764 id
1320 737 1392 773 quod
1408 738 1569 771 asserjmus,
1589 738 1655 773 ipsis
1671 738 1839 773 psalmorum

195 780 288 809 verbis
306 779 514 807 conlirmenms.

1011 818 1031 844 Β

233 846 304 881 Ergo
321 845 427 881 primus
445 845 566 872 omnium
585 845 707 880 psalmus
726 845 906 880 inscriptione
922 853 991 881 opus

196 901 251 921 non
268 892 380 924 habuit;
399 899 460 918 nam
476 892 538 926 quis
550 891 586 919 sit
602 892 663 919 linis
687 899 798 925 eorum,
813 900 874 927 qua:
894 892 922 919 in
945 893 991 920 illo

196 940 336 971 dicuntur,
357 938 532 965 manifestum
560 942 602 966 est
625 938 783 966 lectoribus.
799 938 846 965 Est
874 946 992 973 namque

195 987 270 1014 velut
283 985 450 1013 introductio
462 984 496 1012 ad
514 984 715 1020 philosophiam
729 983 910 1019 spiritualem,
927 991 992 1012 sua-

195 1033 264 1061 dens
277 1038 306 1061 ut
323 1040 339 1060 a
355 1032 427 1060 malo
444 1031 624 1064 recedamus,
649 1034 676 1058 et
701 1030 734 1058 ad
752 1030 853 1057 bonum
878 1030 991 1058 acceda-

196 1088 267 1112 mus,
283 1084 310 1107 et
322 1083 351 1107 ut
363 1086 413 1114 pro
426 1078 529 1106 viribus
544 1077 577 1104 ad
593 1076 800 1104 similitudinem
819 1076 863 1103 Dei
878 1080 992 1104 conten-

196 1127 304 1155 damus.

230 1192 381 1228 Postquam
404 1196 493 1220 autem
518 1193 548 1221 in
571 1193 633 1228 ipso
660 1193 838 1220 beatitudinis
858 1192 992 1227 principio

197 1239 293 1267 moniti
308 1246 416 1272 sumus,
432 1243 460 1265 ut
475 1239 510 1266 ab
523 1238 663 1274 impietate
683 1239 867 1271 desistamus,
884 1239 948 1265 hinc
964 1243 992 1265 ut

197 1284 232 1312 ab
246 1292 277 1312 ea
294 1284 452 1316 liberemur,
464 1283 566 1318 profert
580 1283 660 1311 nobis
674 1283 840 1318 insonalque
857 1284 992 1311 secundus

196 1331 318 1366 psalmus
335 1330 520 1362 evangelicum
538 1329 710 1365 mysterium,
721 1334 749 1356 ut
762 1331 874 1364 proinde
888 1330 992 1365 primus

197 1377 318 1413 psalmus
332 1376 367 1404 sit
379 1376 580 1411 quodammodo
599 1376 741 1412 inscriptio
762 1377 885 1404 secundi.
902 1376 990 1411 Expo-

196 1423 236 1448 nit
247 1422 318 1449 enim
332 1421 502 1448 nativitatem
516 1421 668 1448 secundum
681 1430 790 1448 carnem
803 1422 873 1456 ejus,
886 1422 932 1457 qui
948 1422 994 1448 ho-

197 1469 241 1495 die
258 1471 366 1503 propter
382 1475 432 1495 nos
450 1472 532 1494 natus
552 1472 594 1495 est
609 1468 682 1502 (nam
700 1468 766 1494 illud
783 1478 791 1493 ‹
808 1469 888 1496 hodie
901 1478 910 1494 )
928 1476 992 1504 pars

198 1514 328 1549 temporis
344 1513 463 1547 est),qui
482 1511 590 1547 semper
607 1522 638 1540 ex
655 1513 750 1544 Patre,
767 1519 790 1540 cl
808 1515 834 1540 in
850 1514 931 1542 Patre
948 1514 993 1542 Fi-

199 1561 253 1588 lius
272 1564 330 1593 est,
360 1564 386 1586 ct
411 1559 493 1586 Deus.
521 1559 663 1594 Simulque
690 1560 807 1594 explicat
831 1568 943 1595 regnum
967 1564 995 1587 et

198 1607 343 1639 imperium
364 1606 392 1632 in
409 1613 456 1633 eos
469 1605 515 1640 qui
535 1605 586 1632 sub
601 1605 716 1640 imperio
736 1610 817 1632 antea
833 1614 888 1633 non
902 1611 993 1640 erant,

199 1653 246 1687 qui
265 1660 296 1679 ea
311 1651 345 1679 de
357 1659 440 1679 causa
450 1671 458 1684 ,
472 1651 545 1686 quod
562 1650 616 1678 Deo
629 1659 683 1678 non
700 1651 846 1683 servirent,
864 1653 993 1687 gentibus

200 1698 463 1729 annumerabantur,
490 1697 532 1724 sui
553 1697 623 1732 juris
649 1703 675 1724 et
696 1697 819 1732 exleges,
838 1700 879 1725 vel
906 1699 995 1732 potius

1008 1535 1028 1563 C

201 1745 298 1780 iniqui,
314 1752 347 1772 eo
360 1743 433 1779 quod
444 1743 564 1771 divinam
581 1743 666 1778 legem
689 1751 744 1770 non
764 1743 930 1778 reciperent,
947 1743 996 1771 sed

197 1790 295 1827 jugum
316 1798 331 1818 a
358 1798 388 1819 se
409 1791 560 1823 abiicerent
578 1798 584 1816 :
599 1790 695 1825 jugum
720 1794 810 1817 autem
827 1793 907 1817 vocat
923 1796 995 1824 pra:-

200 1830 327 1873 ceptum:

235 1905 285 1933 llis
298 1909 388 1933 autem
403 1905 429 1932 in
448 1913 696 1941 regnum-quoque,
711 1905 784 1941 quod
805 1905 936 1933 omnibus
949 1912 997 1932 su-

200 1952 352 1987 pereminet
363 1971 371 1983 ,
386 1952 492 1985 ascitis,
513 1951 581 1979 ﬁunt
597 1952 635 1979 illi
654 1952 700 1986 qui
716 1952 781 1979 olim
804 1951 864 1979 sine
880 1951 996 1978 Domino

200 1997 340 2030 vivebant,
354 1997 477 2024 haeredes
495 1996 541 2024 Dei
554 2005 601 2031 per
619 1997 697 2024 [idem
714 1997 743 2024 in
762 1997 837 2023 illum
853 1996 900 2031 qui
915 1996 997 2023 hodie

201 2042 312 2077 genitus
336 2046 388 2073 est,
403 2047 430 2069 et
449 2042 495 2076 qui
509 2049 556 2068 rex
577 2050 661 2076 super
676 2042 738 2069 illos
751 2042 921 2069 constitutus
934 2044 976 2069 est
987 2062 995 2075 ,

202 2087 249 2122 qui
264 2079 291 2114 et
302 2087 353 2122 ipsi
366 2087 452 2114 renati
468 2091 495 2114 et
508 2094 585 2122 reges
599 2086 662 2113 facti
677 2091 750 2119 sunt,
767 2087 795 2113 in
806 2086 906 2121 quibus
920 2087 995 2121 virga

202 2131 307 2163 ferrea,
324 2132 377 2159 hoc
390 2137 449 2165 est,
465 2131 646 2159 immutabilis
661 2131 706 2158 illa
729 2132 862 2166 potentia,
880 2131 906 2157 id
922 2131 995 2166 quod

202 2181 334 2205 terrestre
348 2181 374 2205 et
396 2177 499 2205 luteum
517 2181 575 2205 erat
593 2181 747 2209 conterens,
766 2177 793 2203 in
808 2177 993 2210 incorruptam

201 2227 329 2252 naturam
345 2231 392 2251 eos
411 2224 562 2256 transtulit,
578 2224 714 2258 simulque
727 2223 832 2255 docuit,
850 2223 877 2250 in
894 2222 994 2249 ﬁducia

201 2277 267 2304 erga
289 2269 373 2297 Deum
397 2269 595 2297 beatitudinem
621 2269 703 2296 sitam
727 2276 799 2296 esse.
821 2268 891 2296 Cum
912 2268 995 2303 igitur

202 2315 271 2348 haec,
284 2323 366 2350 quam
382 2316 507 2350 exposui,
521 2315 556 2343 sit
570 2315 669 2350 psalmi
685 2315 836 2347 sententia,
857 2314 995 2349 integrum

203 2363 247 2388 est
270 2361 402 2392 cuilibet,
418 2361 466 2396 qui
481 2361 618 2393 voluerit,
634 2368 668 2388 ex
687 2361 756 2396 ipsis
781 2360 882 2388 divinis
905 2359 997 2387 verbis

202 2406 320 2442 probare
334 2407 490 2441 opinionem
504 2412 531 2434 et
547 2406 767 2442 explanationem
777 2411 912 2437 nostram,
930 2412 997 2432 num

203 2459 236 2480 ea
252 2459 312 2487 qua
327 2452 465 2485 diximus,
490 2452 620 2481 divinitus
640 2453 780 2488 inspiratis
795 2452 911 2479 vocibus
927 2458 997 2486 qua-

202 2498 293 2526 drent.
305 2498 413 2533 Reliqui
424 2499 522 2534 psalmi
533 2499 759 2534 inscriptionibus
771 2503 907 2530 carentes,
918 2498 996 2533 juxta

202 2551 235 2571 ea
257 2552 319 2580 qua:
337 2551 421 2579 supra
437 2544 617 2577 tradidimus,
640 2545 790 2580 Synagoga:
805 2545 917 2580 quidem
942 2543 998 2572 lie-

203 2590 350 2623 brzeorum,
364 2598 418 2619 non
434 2591 563 2620 Ecclesiae
579 2591 627 2618 Dei
648 2592 718 2619 tales
734 2595 809 2619 sunt.
824 2591 852 2618 ln
869 2591 997 2618 omnibus

202 2637 275 2664 enim
292 2637 414 2673 reperire
426 2641 469 2665 est
483 2637 691 2673 inscriptionem
705 2637 835 2673 aliquam,
853 2645 935 2674 quam
948 2636 996 2664 Ju-

239 2726 263 2744 "’
275 2728 353 2756 Joan.
369 2736 408 2760 ix,
428 2728 474 2755 Ἡ.

243 2815 298 2848 (52)
312 2816 484 2875 Προστεθείς.
505 2816 548 2844 ed.

244 2850 299 2875 (53)
314 2850 334 2875 Γ
350 2858 452 2875 ννησιν.
468 2852 511 2875 ρὰ

314 2850 452 2885 Γέννησιν,
468 2852 511 2878 ed.

245 2883 301 2919 (τι)
324 2884 368 2910 Ἐν
384 2883 437 2912 om.
454 2886 497 2913 ed.

1087 850 1115 877 '0
1141 851 1361 886 προτεταγμένος
1381 851 1435 878 τῶν
1462 851 1529 878 ὅλων
1551 851 1658 887 ψαλμδς
1685 852 1840 888 Ern-(pawn;

1044 895 1093 922 οὐκ
1111 895 1216 931 ἐδεήθη.
1233 897 1349 932 Φανερδς
1371 897 1424 932 γάρ
1449 897 1505 923 ἐστι
1529 898 1585 928 τοῖς
1608 896 1839 931 ἀναγινώσκουσιν

1044 943 1058 968 ὁ
1073 941 1126 968 τῶν
1142 941 1294 977 λεγομένων
1316 942 1425 975 σκοπὸς,
1445 943 1486 970 ὅτι
1509 943 1691 977 εἰσαγωγικὺς
1714 943 1784 978 πρὸς
1800 952 1840 978 φι-

1044 986 1171 1021 λοσοφίαν
1187 987 1271 1017 ἐστὶν.
1290 987 1439 1023 ἀποστῆναι
1461 987 1507 1014 τοῦ
1532 987 1617 1015 κακοῦ
1635 988 1839 1024 συμϐουλεύων,

1045 1032 1092 1058 καὶ
1107 1032 1134 1058 ὲν
1150 1031 1189 1067 τῷ
1204 1032 1298 1068 ἀγαθῷ
1318 1033 1455 1068 γενέσθαι,
1479 1033 1525 1062 καὶ
1548 1033 1708 1069 ὁμοιοῦσθαι
1726 1033 1767 1069 τῷ
1783 1034 1841 1069 Θεῷ

1045 1076 1116 1104 κατὰ
1130 1077 1254 1113 δύναμιν.

1087 1191 1156 1218 Ἀλλ’
1172 1191 1266 1227 ἐπειδὴ
1286 1191 1316 1218 τὸ
1342 1191 1379 1227 μὴ
1404 1191 1458 1218 δεῖν
1470 1190 1588 1223 ἀσεϐεῖν,
1604 1192 1632 1218 ὲν
1650 1192 1683 1227 τῇ
1706 1192 1779 1228 ἀρχῇ
1794 1192 1841 1219 τοῦ

1047 1238 1223 1273 μακαρισμοῦ
1248 1238 1412 1273 προετάχθη,
1431 1238 1445 1264 ὁ
1469 1238 1604 1273 δεύτερος,
1630 1238 1705 1270 ὅπως
1732 1239 1766 1265 ἂν
1789 1239 1841 1271 ἔξω

1044 1283 1095 1318 τῆς
1120 1284 1245 1315 ἀσεϐείας
1260 1283 1410 1319 γενώμεθα,
1431 1284 1587 1310 ὑποτίθεται
1611 1284 1641 1310 τὸ
1664 1285 1842 1319 εὐαγγελικδν

1046 1330 1282 1365 προαναφωνήσας
1309 1330 1467 1365 μυστήριον·
1486 1329 1556 1356 ὥστε
1581 1330 1682 1366 τρόπον
1702 1330 1766 1357 τινὰ
1787 1332 1842 1357 ἐπι-

1046 1376 1154 1409 γραφὴν
1168 1375 1215 1401 τοῦ
1232 1375 1357 1410 δευτέρου
1372 1375 1480 1410 ψαλμοῦ
1501 1376 1546 1403 τὸν
1567 1376 1675 1412 πρῶτον
1694 1374 1780 1403 εἶναι·
1796 1376 1842 1402 λέ-

1046 1429 1089 1454 γει
1099 1421 1153 1456 γὰρ
1161 1421 1210 1456 τὴν
1217 1421 1261 1448 διὰ
1272 1421 1372 1456 σαρκὸς
1386 1422 1443 1448 ἐκεῖ
1457 1422 1561 1455 γένεσιν
1583 1423 1630 1449 τοῦ
1648 1423 1702 1457 (55)
1722 1423 1842 1458 σήμερον

1048 1467 1098 1502 μὲν
1112 1467 1288 1502 γεννηθέντος
1304 1468 1337 1494 δι’
1350 1468 1424 1502 ἡμᾶς
1447 1468 1552 1503 (χρόνου
1575 1468 1602 1494 δὲ
1624 1468 1705 1503 μέρος
1730 1469 1788 1494 ἐστὶ
1812 1468 1843 1494 τὸ

1050 1523 1058 1539 ι
1072 1514 1192 1549 σήμερον
1204 1511 1238 1549 ἰ),
1252 1514 1294 1540 ἀεὶ
1311 1514 1338 1540 δὲ
1356 1515 1388 1540 ὲκ
1404 1513 1451 1540 τοῦ
1470 1514 1575 1549 [ἰατρὸς
1591 1515 1637 1540 καὶ
1652 1515 1680 1541 ἐν
1694 1514 1734 1549 τῷ
1753 1515 1843 1550 Πατρὶ

1045 1559 1121 1590 ὄντος
1146 1559 1211 1585 Υἱοῦ
1236 1559 1283 1585 καὶ
1312 1558 1389 1585 Θεοῦ.
1419 1560 1475 1594 Τήν
1499 1567 1528 1585 τε
1555 1559 1692 1593 βασιλείαν
1718 1561 1764 1587 ἐπὶ
1788 1562 1844 1588 τῶν

1046 1604 1241 1637 ἀϐασιλεύτων,
1264 1605 1288 1631 οἵ
1315 1605 1359 1631 διὰ
1384 1604 1414 1631 τὸ
1429 1605 1465 1640 μὴ
1489 1605 1625 1631 δουλεύειν
1642 1605 1711 1640 Θεῷ,
1738 1607 1768 1632 ὲν
1787 1607 1843 1641 (54)

1047 1650 1150 1676 ἔθνεσιν
1169 1647 1237 1685 ἦσαν
1251 1650 1453 1685 κατειλεγμένοι
1466 1658 1472 1665 ·
1497 1649 1640 1684 αὐτόνομοί
1663 1659 1736 1682 τινες
1754 1651 1842 1684 ὄντες,

1048 1695 1148 1730 μᾶλλον
1166 1695 1194 1723 δὲ
1218 1696 1322 1730 ἄνομοι,
1347 1696 1386 1731 τῷ
1409 1695 1455 1721 τὸν
1480 1695 1550 1721 θεῖον
1579 1694 1615 1729 μὴ
1638 1697 1843 1731 παραδέξασθαι

1046 1740 1138 1777 νόμον,
1154 1742 1211 1768 ἀλλ’
1228 1741 1378 1777 ἀπορῤίψαι
1394 1742 1440 1777 ἀφ’
1457 1742 1563 1769 ἑαυτῶν
1580 1743 1625 1769 τὸν
1645 1743 1736 1777 ζυγόν·
1759 1743 1842 1777 ζυγὸν

1046 1788 1075 1815 δὲ
1089 1788 1164 1823 λέγει
1178 1788 1226 1824 τὴν
1238 1788 1359 1824 ἐντολήν.

1083 1903 1138 1938 Τῆς
1149 1903 1176 1930 δὲ
1190 1902 1236 1929 τοῦ
1249 1902 1348 1935 παντὸς
1357 1903 1558 1939 ὑπερκειμένης
1574 1903 1721 1938 βασιλείας,
1731 1905 1779 1931 καὶ
1795 1905 1842 1932 ἐπὶ

1047 1950 1152 1981 τούτοις
1172 1949 1312 1984 ἐλθούσης,
1327 1950 1350 1975 οἱ
1371 1950 1435 1975 ποτὲ
1449 1949 1601 1981 ἀδέσποτοι,
1623 1949 1691 1976 Θεοῦ
1711 1950 1842 1986 κληρονο-

1049 1995 1098 2030 μία
1114 1995 1169 2030 (55)
1180 1995 1298 2029 γίνονται
1314 1994 1358 2020 διὰ
1372 1996 1420 2029 τῆς
1435 1994 1474 2025 είς
1487 1994 1532 2020 τὸν
1546 1995 1665 2030 σήμερον
1677 1996 1841 2030 γεννηθέντα

1048 2041 1165 2071 πίστεως
1175 2048 1181 2054 ·
1197 2040 1295 2066 ’τοῦτον
1318 2040 1398 2073 λέγω,
1418 2039 1463 2066 τὴν
1487 2040 1659 2067 καταστάντα
1674 2040 1784 2075 βασιλέα
1798 2042 1841 2068 ἐπ’

1048 2085 1137 2112 αὐτῶν
1147 2094 1153 2101 ·
1169 2086 1216 2112 καὶ
1232 2086 1308 2112 αὐτοὶ
1324 2084 1499 2120 γεννηθέντες
1522 2085 1569 2112 καὶ
1593 2085 1711 2121 βασιλεῖς
1727 2087 1842 2122 γενόμε-

1049 2140 1098 2159 νοι.
1118 2132 1175 2166 Ἐφ’
1189 2127 1226 2157 ὧν
1238 2132 1254 2166 ἡ
1268 2132 1364 2167 σιδηρᾶ
1386 2131 1492 2166 ῥάϐδος,
1509 2132 1656 2163 τουτέστιν,
1675 2133 1691 2167 ὴ
1708 2133 1842 2168 ἄτρεπτος

1048 2177 1162 2213 δύναμις
1175 2177 1365 2213 περιθρύψασα
1374 2177 1404 2203 τὸ
1419 2178 1511 2212 γήῖνόν
1520 2186 1549 2203 τε
1560 2178 1607 2204 καὶ
1619 2178 1785 2213 ὀστράκινον,
1803 2181 1841 2210 είς

1047 2223 1095 2259 τὴν
1104 2224 1240 2259 ἀκήρατον
1252 2223 1332 2257 φύσιν
1347 2223 1579 2258 μετεστοιχείωσε,
1588 2223 1693 2256 διδάξας
1707 2224 1746 2250 ὅτι
1759 2227 1841 2259 μόνον

1048 2269 1106 2296 ἐστὶ
1132 2269 1267 2304 μακάριον
1291 2268 1322 2294 τὸ
1343 2268 1385 2294 ἐπ’
1410 2268 1483 2303 αὐτῷ
1506 2268 1561 2302 (56)
1585 2269 1752 2296 πεποιθέναι.
1769 2269 1842 2296 Ταύ-

1047 2324 1097 2350 της
1110 2315 1138 2341 δὲ
1153 2314 1236 2350 οὔσης
1249 2314 1296 2341 τοῦ
1309 2313 1417 2349 ψαλμοῦ
1439 2314 1487 2349 τῆς
1507 2313 1635 2346 διανοίας,
1652 2315 1684 2349 ἣν
1698 2313 1840 2349 ἐξεθέμην,

1048 2361 1136 2394 ἔξεστι
1153 2361 1191 2396 τῷ
1211 2360 1366 2396 βουλομένῳ
1386 2360 1420 2386 δι’
1440 2360 1528 2386 αὐτῶν
1548 2359 1601 2387 τῶν
1617 2360 1696 2386 θείων
1712 2360 1841 2395 ῥημάτων

1049 2407 1194 2442 δοκιμάσαι
1213 2407 1262 2443 τὴν
1282 2407 1419 2442 ἡμετέραν
1436 2405 1578 2441 ὑπόληψιν,
1595 2406 1674 2443 εἴπερ
1693 2406 1841 2441 ἐφαρμόζει

1049 2453 1084 2479 τὰ
1104 2453 1168 2488 παρ’
1182 2452 1260 2488 ἡμῶν
1277 2453 1409 2488 εἰρημένα
1426 2454 1460 2488 τῇ
1476 2453 1647 2487 θεοπνεύστῳ
1666 2453 1758 2488 Γραφῇ
1773 2453 1838 2487 (57).

1050 2500 1082 2526 Ol
1107 2499 1136 2525 δὲ
1161 2499 1248 2525 λοιποὶ
1266 2498 1320 2525 τῶν
1340 2499 1534 2535 ἀνεπιγράφων
1554 2499 1624 2525 κατὰ
1644 2499 1689 2525 τὸν
1715 2507 1841 2534 προαπο-

1049 2544 1159 2572 δοθέντα
1182 2545 1259 2579 λόγον
1282 2545 1366 2579 ἡμῖν,
1389 2546 1421 2581 τῇ
1453 2546 1596 2580 συναγωγῇ
1624 2544 1677 2571 τῶν
1698 2544 1838 2580 Ἐϐραίων,

1049 2590 1080 2617 οὒ
1104 2591 1137 2626 τῇ
1165 2590 1213 2617 τοῦ
1236 2590 1303 2617 Θεοῦ
1334 2590 1501 2626 Ἐκκλησία,
1532 2588 1647 2616 τοιοῦτοί
1677 2591 1756 2616 εἰσιν.
1782 2590 1840 2616 Ἐπὶ

1049 2636 1158 2664 πάντων
1186 2636 1241 2673 γὰρ
1260 2636 1333 2663 ἐστιν
1352 2637 1441 2673 εὑρεῖν
1461 2645 1520 2663 τινα
1544 2636 1652 2668 πάντως
1674 2636 1837 2672 ἐπιγραφὴη,

1090 2813 1146 2848 (35)
1159 2814 1217 2848 Κλη
1223 2814 1340 2849 ρονόμοι,
1352 2815 1395 2844 ed.

1089 2850 1143 2882 (56)
1160 2850 1254 2879 Αὐτόν,
1267 2850 1309 2876 ed.

1089 2884 1144 2918 457)
1159 2884 1246 2919 «rem,
1261 2885 1304 2911 ed.
