1922 3174
82 162 131 192 ΗΠ

780 160 815 188 ΙΝ
834 158 1004 188 PSALMOS.

1651 159 1704 188 518

83 224 113 260 ἢν
126 224 139 250 6
156 222 277 259 Ἑϐραῖος
298 222 328 248 οὐ
350 222 456 257 δέχεται
474 221 519 249 διὰ
536 221 581 249 τὸν
599 222 648 257 τῆς
664 221 803 254 εὐσεϐείας
816 221 862 249 λό-

918 221 990 248 timus
1008 228 1062 248 non
1076 219 1173 255 recipit
1186 220 1221 247 ob
1235 221 1344 255 pietatis
1369 228 1430 256 quae
1448 220 1475 248 in
1491 227 1523 249 ea
1539 219 1605 248 latet
1620 221 1705 248 ratio-

83 277 135 303 γον,
149 268 194 295 καὶ
216 268 254 303 ἢν,
270 267 322 293 ὑπό
344 268 472 299 ἀπιστίας
494 268 523 293 οὺ
547 267 738 303 παρεδέξαντο.
756 267 817 294 Εἰσὶ
835 267 862 294 δὲ

82 315 104 341 οἱ
124 314 234 341 τοιοῦτοι
256 313 368 349 ψαλμοὶ,
388 314 427 345 ὡς
439 314 468 340 ἐν
482 314 622 349 κεφαλαίῳ
635 314 684 349 μὲν
703 314 800 345 εἰπεῖν,
818 314 863 340 τὸν

82 360 189 396 ἀριθμὸν
203 360 248 386 δύο
264 359 310 386 καὶ
324 359 406 391 δέκα,
425 359 463 390 ὡς
476 359 498 386 δ’
515 359 570 392 (58)
588 359 619 385 ἂν
636 360 682 386 καὶ
700 359 861 394 ὰχριὸἐστε-

83 413 124 441 ρον
134 405 166 431 τὰ
183 405 246 439 περὶ
261 404 350 430 αὐτῶν
363 404 498 439 ἐκτεοείη,
524 405 570 431 καὶ
584 404 632 440 τὴν
649 405 725 438 τάξιν
738 405 786 440 τῆς
800 406 863 432 ἀκο-

81 450 182 482 λουθίας
206 450 248 484 ἐφ’
271 450 379 485 ἑκάστῳ
405 450 599 485 γνωρίσωμεν·
627 451 640 476 6
670 450 794 485 δεύτερος
817 451 863 477 κα)⁴

81 496 242 531 τριακοστὸς,
252 495 299 522 καὶ
306 496 521 530 τεσσαρακοστὸς
535 497 580 522 καὶ
595 495 728 531 δεύτερος.
742 497 795 522 Καὶ
807 497 862 530 (59)

82 542 123 569 ἐπὶ
133 542 233 574 τούτοις
245 543 260 568 6
272 542 480 577 ὲόδομηκοστὸς,
492 540 551 568 εἶτα
568 542 581 568 ὁ
595 543 684 577 τρίτος
698 543 756 576 μετ’
772 543 861 575 αὑτὸν,

82 588 124 614 καὶ
140 588 206 623 μετὰ
219 588 328 619 τούτους
344 588 357 613 6
380 588 579 622 ὲννενηκοστός.
599 586 665 614 Εἶτα
681 588 735 623 (ίυ)
747 589 761 614 6
775 588 865 614 δεύτε-

83 643 133 669 ρος,
149 634 193 660 καὶ
216 632 331 668 καθεξῆς
351 634 403 665 ἕως
421 634 468 660 τοῦ
492 634 581 661 ἕκτου.
606 634 652 660 καὶ
676 635 756 661 πάλιν
776 635 790 661 6
807 634 863 669 (41)

82 680 165 714 ὄγδοος
186 681 233 707 καὶ
255 680 408 711 τελευταῖος
425 681 453 706 ἐν
474 682 530 711 τοῖς
552 681 746 716 ἀνεπιγράφοις
768 680 835 716 (42),
850 681 864 706 6

83 727 217 758 ἑκατοστάς
232 735 261 753 τε
276 729 322 753 καὶ
340 727 439 762 τρίτος.
461 727 491 753 Ἥ
508 727 556 762 μὲν
576 725 622 754 οὖν
637 727 712 760 τάξις
730 727 783 754 τῶν
800 728 864 762 παρ’

87 771 214 807 Ἑϐραίοις
231 772 426 807 ἀνεπιγράφων
441 772 556 807 ψαλμῶν
568 773 646 808 αὕτη.
662 773 716 809 Τὴν
733 773 760 800 δὲ
776 774 865 800 αἰτίαν

82 817 123 844 τοῦ
148 817 183 853 μὴ
208 818 409 853 παραδεχθῆναι
433 819 498 855 παρ’
523 819 612 845 αὐτῶν
638 819 686 851 τὰς
710 821 866 855 ἐπιγραςιὰς

82 862 182 894 ταύτας,
197 864 248 889 οὐκ
272 863 354 899 ἄλλην
374 861 451 899 οἶμαί
474 873 534 892 τινα
560 865 635 900 παρὰ
652 866 701 900 τὴν
718 867 865 902 εἰρημένην

83 907 153 936 εἶναι.
182 909 288 936 Μᾶλλον
310 909 332 936 δ’
354 909 386 936 ἂν
408 911 472 945 ἡμῖν
493 911 507 936 6
529 911 591 946 περὶ
610 911 710 938 τούτων
732 911 810 946 λόγος
828 914 866 944 είς

82 955 205 988 ἀπόδειξιν
220 953 302 991 ἦλθεν
320 955 387 990 (45),
408 957 431 982 εἰ
450 956 482 982 δι’
497 956 594 990 ὀλίγων
614 957 690 989 τινὰς
703 957 757 984 τῶν
776 959 867 985 ἀνεπι-

82 1002 185 1037 γράφων
201 1002 316 1037 ψαλμῶν
339 1002 368 1034 ἐξ
389 1002 538 1038 ἐπιδρομῆς
558 1002 730 1039 θεωρήσομεν
747 1003 814 1039 (44),
828 1004 866 1037 ὡς

82 1048 111 1074 ἂν
130 1049 144 1084 ὴ
168 1048 319 1084 κατηγορία
343 1048 390 1084 τῆς
404 1048 458 1075 τῶν
475 1049 607 1076 Ἰουδαίων
623 1051 817 1086 ἀγνωμοσύνης
831 1051 864 1078 δι’

83 1094 160 1129 αὑτῆς
174 1096 221 1130 τῆς
241 1095 296 1130 (45)
308 1094 361 1120 τῶν
373 1095 462 1130 ῥητῶν
480 1095 594 1131 θεωρίας
609 1095 638 1122 16
654 1097 747 1123 πιστὸν
763 1097 829 1132 ἔχοι.

118 1183 222 1220 Ἐπειδὴ
243 1185 281 1220 τῷ
298 1185 326 1218 ἐξ
344 1185 465 1220 οὐρανῶν
490 1185 535 1211 ἐπὶ
551 1185 598 1221 τὴν
624 1186 675 1221 γῆν
696 1186 799 1214 ἐλθόντι
823 1196 867 1214 κε-

82 1229 169 1257 λεύειὸ
182 1230 287 1265 ψαλμὺς
305 1231 513 1264 ἔπαγάλλεσθαι,
531 1230 625 1264 λέγων,
645 1241 654 1256 ι
677 1231 864 1265 ’Λγαλλιᾶσθε,

84 1273 173 1300 δίκαιοι
188 1274 215 1300 ὲν
232 1274 338 1309 Κυρίῳ,
363 1284 372 1300 ι
392 1274 429 1306 ὡς
441 1274 486 1300 τοῦ
503 1275 602 1306 παντὸς
613 1276 765 1302 ἐπιστατῶν
786 1278 864 1312 (45⁸),

86 1320 128 1346 καὶ
141 1319 168 1352 ἐξ
183 1320 231 1346 οὐκ
246 1320 321 1351 ὄντος
335 1320 366 1347 16
378 1322 430 1347 πᾶν
444 1322 483 1352 εἰς
496 1321 526 1347 τὸ
541 1318 608 1347 εἶναι
625 1321 804 1357 παραγαγὼν,
819 1323 866 1349 καὶ

88 1366 217 1401 συν-τηρῶν
233 1366 289 1401 (46)
312 1367 340 1392 ἐν
362 1366 401 1401 τῷ
426 1364 494 1392 εἶναι
516 1366 549 1392 τὰ
571 1367 675 1393 πάντων
696 1366 725 1394 οὒ
740 1368 770 1393 16
784 1368 867 1403 πρόσ-

86 1420 169 1446 ταγμα
192 1412 271 1438 οὐσία
293 1411 406 1445 γίνεται.
427 1412 498 1446 Αὕτη
517 1412 571 1447 γὰρ
596 1413 648 1438 τῶν
676 1413 754 1440 θείων
777 1414 866 1449 ῥημά-

84 1465 133 1483 των
147 1459 162 1493 ἠ
178 1458 277 1489 ἔννοια,
289 1459 329 1484 ὅτι
350 1467 359 1483 (
378 1458 463 1489 Αὐτὸς
477 1457 537 1484 εἷπε
550 1459 594 1484 καὶ
608 1460 806 1494 ἐγεννήθησαν(
816 1459 865 1494 i7),

85 1502 158 1534 αὐτὸς
170 1503 322 1530 ἐνετείλατο
341 1503 388 1529 καὶ
403 1503 576 1539 ἐκτίσθησαν.
600 1514 609 1530 ι
632 1502 714 1536 Οὗτος
733 1506 866 1540 μακάριον

85 1550 152 1574 ποιεῖ
164 1549 193 1575 τὸ
214 1549 291 1580 ἔθνος
311 1549 340 1575 τὸ
355 1549 400 1574 ἐπὶ
414 1548 453 1584 τῷ
468 1549 577 1584 ὀνόματι
598 1550 679 1576 αὐτοῦ
703 1551 866 1585 στηριζόμε-

85 1603 134 1625 νον,
152 1596 224 1630 ἡμᾶς
242 1595 329 1628 λέγων
343 1594 373 1621 16
395 1596 479 1627 ἔθνος,
495 1594 564 1631 οἷςή
582 1596 658 1627 ἐλπὶς
669 1596 719 1631 τῆς
733 1597 869 1632 σωτηρίας

85 1640 112 1666 τδ
121 1641 202 1676 ὄνομα
214 1641 261 1668 τοῦ
277 1641 395 1676 Χριστοῦ
409 1642 492 1673 ἐστιν,
502 1638 523 1675 ᾧ
535 1642 773 1677 συνονομαζόμεθα
783 1644 807 1669 οἱ
820 1651 868 1669 πε-

86 1688 264 1719 πιστευκότες.
285 1697 294 1713 ι
314 1688 373 1714 ’Ότι
390 1687 419 1719 ἐξ
435 1688 548 1722 οὐρανοῦ
568 1687 715 1722 ἐπέϐλεψεν
729 1689 741 1714 6
756 1688 868 1723 Κύριος,

85 1733 127 1759 τοῦ
145 1733 206 1760 ἰδεῖν
223 1734 328 1765 πάντας
349 1734 420 1765 uio-3;
437 1733 489 1759 τῶν
504 1733 663 1768 ἀνθρώπων,
684 1734 715 1760 ἑκ
738 1734 785 1759 τοῦ
802 1734 870 1760 ὲτοί-

87 1787 132 1813 μοι)
153 1779 361 1814 κατοικητηρίου
385 1779 467 1805 αὐτοῦ
482 1779 549 1814 (48).
569 1788 579 1804 ›
599 1779 817 1814 Κατοικητήριον
841 1779 869 1806 δὲ

86 1824 160 1851 αὐτοῦ
179 1825 289 1859 ἕτοιμον
308 1825 337 1851 16
355 1823 397 1850 ἀεὶ
418 1823 458 1855 ὃν,
483 1825 529 1850 τὸν
546 1825 654 1859 Πατέρα
673 1825 824 1859 ὠνόμασεν,
839 1823 868 1852 οὗ

86 1870 112 1896 16
125 1868 190 1897 εἶναι
205 1871 248 1897 ἀεί
265 1871 349 1901 ἐστιν,
366 1870 415 1896 οὐκ
428 1870 458 1896 ἐκ
470 1878 541 1901 τινος
557 1871 711 1905 γενόμενον,
725 1871 792 1898 ἀλλὰ
807 1872 869 1898 πάν-

86 1924 141 1942 τοτε
163 1917 289 1951 ἕτοιμον·
316 1917 363 1942 καὶ
391 1916 421 1942 οὐ
452 1916 620 1950 ξενιζόμεοα,
649 1917 689 1942 ὅτι
712 1916 741 1949 ἐξ
765 1917 867 1943 ἐκείνου

86 1962 128 1988 τοῦ
143 1962 196 1997 (49)
209 1962 419 1997 κατοικητηρίου
435 1964 489 1993 τοῖς
504 1962 557 1988 τῶν
574 1962 724 1997 ἀνθρώπων
741 1964 808 1994 υἱοῖς
821 1972 869 1990 κα-

87 2008 256 2042 ταμίγνυται,
275 2008 337 2039 Υἱὸς
364 2007 506 2043 ἀνθρώπου
532 2008 689 2042 γενόμενος,
705 2008 747 2035 διὰ
771 2008 802 2034 τὸ
819 2017 868 2035 πε-

86 2054 198 2084 πεῖσθαι,
214 2055 254 2080 ὅτι
273 2054 353 2085 αὐτὸς
369 2055 442 2080 ἐστιν
458 2063 466 2079 ι
479 2053 506 2079 '0
525 2053 630 2085 πλάσας
648 2054 803 2088 καταμόνας
820 2054 868 2086 τὰς

86 2099 190 2134 καρδίας
210 2099 290 2135 ἡμῶν
306 2100 372 2134 (50).
393 2109 401 2126 ι
423 2099 453 2126 Et
467 2100 520 2134 γὰρ
540 2100 643 2126 ἐκείνου
667 2100 806 2135 πλάσμαὴ
820 2101 867 2127 ἀν-

85 2143 202 2180 θρωπίνη
219 2145 310 2179 φύσις,
328 2146 354 2171 τί
374 2145 467 2172 καινὸν
485 2146 516 2171 ἐκ
534 2145 579 2171 τοῦ
600 2145 748 2180 μυστηρίου
766 2145 869 2180 μανθά-

86 2197 178 2224 νομεν;
194 2190 255 2216 Ὅτι
265 2190 423 2224 ὁΔεσπότης
432 2189 481 2222 τῆς
495 2189 601 2224 φύσεως
613 2190 652 2221 εἰς
666 2190 700 2216 τὰ
711 2190 763 2216 ἴδια
775 2188 866 2225 ἦλθεν·

85 2233 138 2260 ἀλλ’
156 2236 180 2261 οἱ
201 2235 323 2270 Ἑϐραῖοι
340 2234 420 2260 αὑτὸν
437 2234 486 2260 οὐκ
507 2234 642 2266 ἐδέξαντο.
663 2235 708 2261 Διὸ
731 2235 836 2266 τούτοις
851 2236 867 2270 ἡ
883 2231 907 2260 D

87 2281 219 2316 ἐπιγραφὴ
236 2281 286 2307 οὐκ
312 2280 396 2311 ἐστιν,
410 2280 471 2306 οὐδὲ
492 2281 506 2306 6
525 2280 600 2315 ἥλιος
616 2280 654 2315 τῷ
669 2280 706 2316 μὴ
733 2280 869 2315 βλέποντι.

87 2325 162 2353 Ὅθεν
173 2327 218 2353 τὸν
234 2327 304 2354 κατὰ
318 2326 406 2362 σάρκα
422 2325 468 2352 τοῦ
489 2326 571 2362 νόμου
584 2326 694 2362 δρόμον,
708 2327 737 2352 ὃν
760 2336 769 2352 ι
785 2327 868 2363 ψευδῆ

87 2372 162 2400 ἵππον
179 2383 188 2398 ι
205 2373 291 2407 λέγει,
311 2374 358 2400 καὶ
380 2373 437 2408 (iii)
459 2374 548 2399 πᾶσαν
570 2373 620 2407 τὴν
640 2373 790 2408 σωματώδη
816 2373 870 2400 τῶν

87 2419 195 2447 ιντολῶν
208 2419 371 2455 κατανόησιν
388 2419 477 2455 (τοῦτο
494 2419 516 2445 δ’
532 2418 564 2445 ἆν
578 2419 620 2453 εἴη
635 2419 648 2445 6
664 2419 766 2453 γίγας),
782 2420 869 2455 ἀχρη-

87 2473 143 2492 στον
161 2467 200 2498 εὶς
220 2464 357 2501 σωτηρίαν
389 2465 528 2501 κρίνομεν·
558 2464 650 2496 καθὼς
675 2464 813 2492 διαϐάλλει
834 2465 870 2493 τὰ

119 2543 139 2559 ⁸⁸
151 2543 223 2572 Psal.
241 2551 328 2577 nm,
350 2544 362 2571 i
379 2551 440 2580 sqq.

119 2621 173 2656 (58)
188 2621 216 2649 A‘
228 2630 283 2649 om.
300 2624 344 2651 ed.

119 2657 173 2691 (39)
186 2658 241 2684 Καί
259 2667 313 2685 om.
328 2659 372 2686 ed.

118 2692 173 2725 (ιο)
187 2693 240 2719 Καί
257 2693 319 2721 add.
335 2694 378 2721 ed.

119 2727 172 2762 (41)
192 2729 221 2754 Ὀ
232 2735 287 2755 om.
304 2729 348 2756 ed.

120 2762 173 2795 (12)
182 2764 370 2798 Ἑπιγράφοις,
386 2767 430 2791 cd.

131 2797 172 2830 45)
190 2798 291 2830 Ἕλθοι,
307 2799 350 2825 ed.

131 2833 173 2869 44)
185 2834 382 2869 Θεωρήσωμεν,
400 2834 444 2861 et].

130 2868 170 2900 45)
182 2869 238 2902 Τῆς
254 2876 307 2895 Olll.
324 2870 363 2896 ed.

914 274 993 297 nem,
1016 273 1098 300 quam
1123 268 1235 300 propter
1258 266 1445 293 inﬁdelitatem
1456 266 1522 301 ’_ipsi
1548 265 1704 300 repudiant.

914 311 1077 346 Hujusmodi
1099 311 1197 346 psalmi
1220 311 1248 338 in
1274 312 1433 339 universum
1459 316 1525 339 sunt
1548 312 1704 345 duodecim,

916 359 961 387 (ut
978 357 1134 385 summatim
1149 365 1293 385 numerum
1309 358 1409 390 dicant,
1427 365 1481 392 quo
1494 361 1521 385 et
1535 358 1704 390 accuratius,

916 412 976 438 qua:
999 404 1031 430 ad
1054 404 1177 438 singulos
1196 404 1343 438 pertinent,
1366 404 1547 438 explicentur,
1569 403 1706 438 simulque

915 450 1066 484 cujuslibet
1087 450 1155 476 ordo
1177 455 1204 476 et
1221 449 1368 485 dispositio
1384 450 1556 485 innotescat)
1571 471 1578 483 ,
1595 458 1704 485 nempe,

916 495 1071 522 tricesimus
1087 495 1242 527 secundus,
1259 499 1284 522 et
1300 495 1530 530 quadragesimus
1554 496 1703 523 secundus.

915 540 981 568 Post
997 542 1046 568 hos
1062 542 1281 576 septuagesimus
1293 562 1300 574 ,
1324 545 1352 568 et
1369 542 1466 569 tertius
1481 542 1515 569 ab
1529 542 1593 570 isto.
1606 542 1705 570 Postea

915 585 1110 622 nonagesimus
1123 608 1130 621 ,
1158 587 1257 614 deinde
1276 587 1413 614 secundus
1435 587 1470 615 ab
1490 588 1541 614 hoc
1562 596 1649 622 usque
1671 589 1704 615 ad

915 636 1033 660 sextum.
1056 632 1164 660 Rursus
1182 638 1295 660 octavus
1306 653 1313 665 ,
1328 637 1354 660 et
1369 632 1480 660 ultimus
1496 634 1567 660 inter
1579 634 1642 661 illos
1658 634 1705 669 qui

916 678 1094 712 inscriptione
1111 682 1217 710 carent,
1236 679 1402 706 centesimus
1417 679 1526 706 tertius.
1546 678 1608 707 Haec
1622 679 1706 715 igitur

915 728 958 752 est
971 724 1057 751 series
1069 723 1249 758 psalmorum,
1268 724 1314 759 qui
1330 723 1402 759 apud
1421 723 1551 752 Hebraeos
1563 724 1647 752 nullis
1663 725 1707 752 in-

917 770 1116 805 scriptionibus
1132 770 1330 804 insigniuntur.
1354 771 1473 797 Causam
1490 777 1541 797 cur
1557 778 1612 798 non
1632 771 1706 799 reci-

916 817 993 852 piant
1010 817 1078 844 istas
1094 816 1291 851 inscriptiones
1317 816 1398 843 aliam
1415 824 1470 844 non
1492 816 1612 844 arbitror
1627 825 1704 850 esse,

917 870 998 898 quam
1010 870 1070 890 eam
1086 870 1147 897 quae
1159 869 1242 897 supra
1252 869 1266 888 a
1283 869 1326 889 me
1340 861 1458 889 adducta
1473 865 1525 889 est.
1538 861 1592 889 Sed
1606 862 1707 889 clarior

917 913 944 937 et
959 909 1105 936 dilucidior
1120 909 1203 944 hujus
1220 908 1260 935 rei
1278 908 1478 936 demonstratio
1494 908 1557 941 erit,
1572 908 1596 936 si
1611 909 1707 944 paucis

918 955 1050 990 quosdam
1066 955 1188 990 psalmos
1214 954 1405 990 inscriptionis
1422 958 1563 989 expertes,
1583 955 1662 990 quasi
1678 955 1705 982 in

918 1006 1080 1029 transcursu
1096 1001 1275 1036 inspiciamus
1286 1021 1293 1033 ,
1312 1006 1340 1028 ut
1359 1001 1536 1035 reprehensio
1550 1005 1576 1027 et
1593 1009 1706 1028 accusa-

918 1048 1061 1083 tio,quam
1080 1047 1108 1074 in
1132 1047 1251 1082 perﬁdos
1268 1052 1294 1074 et
1316 1047 1477 1082 insipientes
1496 1047 1604 1074 Judzeos
1625 1046 1706 1073 insli-

917 1094 1030 1127 tuimus,
1049 1101 1081 1122 ex
1098 1093 1157 1128 ipsa
1171 1094 1315 1120 verborum
1328 1097 1354 1120 et
1370 1093 1567 1120 sententiarum
1580 1093 1706 1120 conside-

917 1139 1024 1166 ratione
1035 1139 1226 1171 conﬁrnietnr,
1245 1138 1380 1172 ﬁdemque
1393 1137 1446 1166 sibi
1462 1138 1603 1165 conciliet.

954 1184 1079 1212 Venienti
1093 1185 1176 1220 igitur
1194 1193 1225 1211 ex
1247 1185 1316 1211 etelo
1332 1184 1359 1211 in
1377 1187 1477 1210 terram
1489 1184 1567 1218 jubet
1582 1184 1706 1219 psalmus

917 1232 1082 1266 applauderc
1090 1231 1134 1259 his
1143 1232 1233 1258 verbis
1243 1240 1249 1258 :
1261 1241 1269 1256 ι
1284 1231 1505 1266 Exsultate,justi
1516 1231 1540 1257 in
1554 1231 1678 1262 Domino,
1695 1241 1704 1256 ι

917 1280 943 1303 et
961 1277 1125 1312 applaudite,
1140 1280 1268 1311 tanquam
1286 1277 1472 1304 universitatis
1487 1277 1568 1311 hujus
1585 1277 1707 1304 modera-

917 1323 980 1354 tori,
996 1323 1042 1357 qui
1058 1331 1088 1349 ωε
1105 1322 1189 1349 nihilo
1203 1330 1284 1349 omne
1293 1322 1366 1357 quod
1375 1326 1426 1354 est,
1442 1323 1474 1349 ad
1488 1331 1548 1350 esse
1559 1322 1665 1354 eduxit,
1680 1329 1706 1349 et

917 1368 1008 1395 omnia
1024 1368 1049 1394 in
1069 1375 1119 1395 suo
1130 1376 1190 1394 esse
1206 1372 1366 1399 conservat,
1383 1367 1462 1402 cujus
1487 1374 1650 1403 praeceptum
1666 1372 1707 1394 est

917 1414 1183 1440 rerumsubslantia.
1204 1413 1264 1439 Ιίιρρ
1273 1414 1344 1440 enim
1360 1414 1434 1440 notio
1444 1415 1590 1448 subjicitur
1608 1415 1707 1441 divinis

918 1458 1070 1485 illisverbis
1080 1468 1085 1485 :
1097 1468 1105 1483 ‹
1119 1457 1253 1492 ipse-dixit
1263 1463 1287 1484 t'l
1304 1460 1371 1484 laeta
1383 1464 1457 1489 sunt,
1467 1459 1523 1492 ipse
1533 1459 1671 1485 inandmit
1682 1463 1708 1485 et

918 1508 1010 1532 creata
1022 1508 1097 1531 sunt.
1116 1503 1187 1530 illic
1203 1504 1309 1530 beatam
1321 1504 1385 1530 facit
1395 1508 1513 1539 gentem,
1526 1512 1586 1539 quae
1599 1505 1710 1532 nomine

881 1562 902 1590 ο
919 1551 1004 1585 ipsius
1022 1551 1126 1582 nititur,
1151 1558 1201 1577 nos
1218 1558 1266 1586 per
1286 1556 1393 1585 gentem
1416 1551 1584 1586 intelligens,
1606 1551 1707 1586 quibus

921 1605 982 1631 spes
998 1597 1094 1624 salutis
1115 1597 1141 1623 in
1161 1598 1272 1624 nomine
1289 1597 1391 1624 Christi
1406 1597 1495 1632 posita
1506 1618 1513 1631 ,
1530 1597 1630 1632 quique
1646 1592 1708 1625 cuin

919 1643 1098 1675 credidimus,
1110 1651 1124 1669 a
1136 1642 1247 1670 Christo
1257 1650 1355 1670 nomen
1366 1643 1534 1678 accepimus.
1549 1653 1559 1669 ‹
1575 1642 1709 1676 Quoniam

920 1690 954 1717 de
973 1690 1044 1716 emlo
1066 1690 1186 1724 respexit
1205 1690 1337 1717 Dominus
1350 1709 1356 1720 ,
1373 1694 1403 1716 ut
1419 1689 1509 1717 videat
1529 1696 1625 1717 omnes
1642 1688 1710 1716 ﬁlios

920 1736 1062 1763 hominum
1075 1756 1081 1768 ,
1096 1736 1128 1762 de
1146 1740 1300 1770 prasparato
1313 1732 1565 1762 habitaculosuo“.
1580 1743 1589 1759 ›
1603 1734 1712 1770 Praepa—

920 1786 1009 1809 ratnm
1025 1782 1085 1816 ejus
1107 1781 1309 1813 habitaculum,
1326 1781 1455 1815 quodque
1469 1788 1578 1815 semper
1590 1784 1648 1814 est,
1664 1780 1712 1807 Pa‘

920 1832 989 1854 trem
1005 1827 1167 1862 appellavit,
1185 1827 1265 1861 cujus
1280 1834 1341 1854 esse
1353 1834 1460 1861 semper
1475 1830 1532 1859 est;
1546 1826 1648 1861 quippe
1663 1825 1711 1861 qui

920 1881 953 1901 ex
975 1874 1048 1899 nullo
1070 1873 1104 1900 sit
1123 1873 1251 1908 genitus,
1271 1872 1319 1899 sed
1340 1879 1449 1906 semper
1466 1876 1651 1906 praeparatum
1668 1875 1711 1899 est

920 1920 971 1946 hoc
985 1919 1181 1951 habitaculum;
1200 1927 1288 1953 neque
1305 1918 1508 1950 aberrabimus,
1526 1918 1548 1945 si
1566 1918 1712 1946 credamus

920 1973 982 1992 eum
1005 1973 1036 1992 ex
1061 1964 1108 1991 illo
1127 1970 1280 2000 przeparato
1301 1964 1460 1991 habitaeulo
1482 1963 1712 1996 descendentem,

921 2011 984 2038 ﬁliis
1008 2010 1148 2038 hominum
1165 2014 1342 2045 aggregatunt
1363 2017 1439 2041 esse,
1468 2011 1569 2036 factum
1592 2009 1712 2037 hominis

919 2056 1029 2089 Filium,
1047 2064 1079 2084 eo
1096 2056 1168 2091 quod
1186 2057 1265 2084 nobis
1281 2060 1356 2083 certo
1373 2063 1533 2090 persuasum
1546 2055 1600 2085 sit,
1623 2055 1713 2089 ipsum

919 2110 980 2130 esse
991 2104 1035 2137 qui
1047 2111 1056 2127 ‹
1074 2101 1153 2128 ﬁnxit
1166 2101 1304 2136 sigillatim
1320 2101 1401 2128 corda
1418 2101 1550 2135 ipsorum.
1572 2109 1581 2126 ι
1599 2099 1628 2127 Si
1640 2100 1713 2127 enim

918 2148 1006 2183 ipsius
1024 2148 1183 2182 ﬁgmentum
1200 2151 1243 2174 est
1263 2147 1382 2173 humana
1395 2151 1504 2178 natura,
1524 2146 1622 2174 merito
1637 2153 1714 2180 qua:-

918 2198 962 2221 rat
976 2194 1047 2228 quis.
1071 2193 1141 2226 Quid
1158 2193 1222 2220 novi
1238 2193 1291 2219 hoc
1314 2192 1445 2226 mysterio
1463 2191 1625 2219 discamus?
1644 2191 1713 2218 lllud

921 2240 1066 2271 videlicet,
1084 2238 1229 2266 Dominum
1248 2242 1353 2265 natura:
1374 2239 1400 2265 in
1418 2238 1528 2273 propria
1545 2238 1666 2270 venisse,
1685 2242 1713 2265 et

920 2285 954 2312 ab
967 2284 1089 2313 Hebraeis
1104 2289 1243 2320 receptum
1263 2292 1315 2311 non
1332 2292 1402 2312 esse.
1421 2283 1557 2317 Quocirca
1570 2283 1714 2318 inscriptio

921 2331 975 2358 illis
993 2331 1085 2363 nulla,
1102 2336 1132 2358 ut
1155 2338 1206 2358 nec
1231 2331 1272 2358 sol
1296 2331 1350 2363 illi,
1372 2330 1418 2365 qui
1436 2330 1504 2357 nihil
1522 2330 1605 2357 videt.
1636 2329 1714 2357 Unde

921 2382 1031 2402 cursum
1051 2376 1119 2411 legis
1137 2375 1287 2403 secundum
1304 2382 1416 2402 carnem
1430 2395 1437 2407 ,
1461 2382 1541 2410 quem
1563 2384 1572 2401 ι
1589 2374 1714 2403 fallacem

920 2428 1020 2455 equum
1037 2431 1046 2447 ι
1061 2422 1195 2454 nominat,
1210 2425 1237 2450 et
1249 2429 1357 2449 omnem
1369 2421 1443 2448 illam
1456 2421 1627 2456 corporalem
1637 2428 1716 2449 man-

920 2467 1048 2494 datorum
1062 2467 1282 2503 intelligentiam,
1301 2475 1363 2503 qua:
1375 2466 1504 2495 fortassis
1517 2466 1600 2495 fuerit
1614 2466 1660 2494 ille
1671 2466 1713 2501 gi-

957 2621 1025 2657 (ἠδ’)
1045 2621 1258 2651 Ἐπιστατοῦντι,
1271 2621 1319 2657 red.

958 2653 1219 2693 (ᾇξγηαραγαγόντι
1235 2656 1281 2683 καὶ
1299 2654 1485 2692 συντηροῦντι,
1503 2653 1549 2681 ed.

957 2691 1014 2726 (67)
1029 2691 1221 2726 Ἐγενήθησαν,
1236 2694 1279 2718 ed.

970 2727 1014 2760 48)
1027 2727 1113 2753 Αὑτοῦ
1130 2734 1185 2753 om.
1203 2726 1246 2753 ed.

971 2762 1016 2795 49)
1037 2761 1162 2796 Ἑτοίμου
1176 2761 1240 2788 add.
1254 2761 1297 2788 ed.

961 2796 1016 2831 (50)
1031 2797 1139 2829 Αὐτῶν,
1154 2796 1196 2823 ed.

961 2832 1016 2868 (51)
1030 2832 1107 2859 Κατά
1118 2831 1228 2867 quidam
1243 2830 1324 2859 codd.
