1922 3207
187 192 241 220 5l9

834 182 863 209 ε.
879 178 1044 209 GREGORII
1063 178 1209 208 NYSSENI

1773 174 1824 202 εεεο

189 254 251 284 gas,
267 244 336 272 nihil
354 243 387 271 ad
401 243 517 272 salutem
535 241 662 269 conferre
673 240 848 276 judicamus;
865 242 945 274 prout
959 241 986 264 et

1049 237 1147 264 τοιαῦτα
1161 237 1175 263 ὁ
1186 235 1340 272 Ψαλμῳδὸς
1355 236 1388 263 δι’
1402 235 1560 271 αἰνίγματος
1573 234 1672 269 λέγων·
1690 243 1700 260 ι
1717 234 1825 269 Ψευδὴς

193 293 252 327 ipse
275 291 444 318 Psalmorum
470 288 589 322 scriptor
615 287 680 314 talia
698 286 844 321 aenigmate
863 284 983 319 quodam

191 336 329 367 traducit,
348 342 410 362 cum
428 334 465 360 ait
486 342 492 360 :
514 342 522 358 ι
543 332 637 359 Fallax
654 340 743 366 equus
757 331 790 358 ad
807 330 941 362 salutem,
960 333 988 356 et

192 382 268 417 gigas
284 389 339 408 non
355 380 506 408 salvabitur
523 379 549 405 in
567 378 742 406 multitudine
762 377 873 404 virtutis
889 383 954 403 suae.
973 384 983 401 ι

192 427 383 462 Respicientes
397 434 461 453 vero
476 428 502 452 in
515 433 577 452 cum
587 446 595 458 ,
609 425 656 460 qui
677 425 774 452 liberat
788 431 802 449 a
823 427 912 450 morte
928 422 988 448 ani-

192 481 251 500 mas
267 478 377 500 nostras
390 480 438 506 per
454 471 594 498 cmlestem
614 470 717 501 cibum,
740 468 986 506 (quemadmodum

191 517 329 552 Propheta
352 517 419 543 dicit
441 525 475 542 ε(
502 515 579 542 Oculi
604 515 712 541 Domini
727 522 810 549 super
835 517 988 541 metuentes

195 571 269 594 eum,
287 568 314 590 ct
332 562 358 589 in
369 562 409 589 eis
422 561 468 596 qui
486 565 598 596 sperant
612 568 696 595 super
710 559 902 588 misericordia
915 559 986 593 ejus,

193 614 222 635 ut
239 608 336 635 liberet
360 615 374 634 a
392 611 479 634 morte
497 606 604 633 animas
624 613 737 637 eorum,
758 610 785 632 et
811 605 866 631 alat
890 613 937 632 eos
959 605 986 632 in

194 655 265 682 fame
275 654 298 689 ι)
315 654 381 681 illud
398 653 575 688 proferimus,
589 661 598 678 ε
611 652 710 679 Anima
727 656 821 679 nostra
838 652 987 680 sustinebit

194 700 350 732 Dominum,
372 700 417 734 qui
442 707 475 727 ex
499 699 578 726 caelis
599 707 650 727 nos
661 699 872 734 intuetur,ietc
894 698 987 731 :Fiat,

192 746 319 778 Domine,
337 745 529 773 misericordia
550 749 596 772 tua
620 752 703 779 super
723 751 785 777 nos,
810 744 989 779 quemadmo-

194 792 259 819 dum
277 791 448 826 speravimus
466 790 492 817 in
508 794 543 817 te.
567 799 577 815 ι

230 853 346 888 Propter
366 852 424 879 haec
442 852 568 886 repudiat
585 851 697 879 Judaeus
719 852 818 886 psalmi
842 852 917 880 illius
948 852 990 879 in-

196 899 382 933 scriptionem.
399 897 506 925 Rursus
523 897 559 924 ob
571 897 697 924 eamdem
714 898 849 924 rationem
868 897 990 932 psalmus

195 944 422 979 quadragesimus
431 943 570 971 secundus
584 943 656 978 apud
668 942 798 970 llebrmos
810 942 991 978 inscriptione

198 998 253 1017 non
272 993 451 1024 praenotatur.
466 986 601 1019 Ostendit,
616 987 747 1019 arbitror,
766 987 825 1021 ipsa
840 987 990 1014 verborum

195 1036 294 1071 psalmi
310 1034 405 1066 series,
422 1034 544 1069 mysterii
558 1033 584 1060 in
596 1033 701 1067 psalmo
714 1033 765 1060 hoc
778 1033 918 1067 explicati,
932 1028 989 1064 eo's,

195 1083 242 1116 qui
261 1086 342 1108 secta:
359 1081 480 1108 .luilaicze
497 1080 597 1107 addit-ti
617 1084 695 1111 sunt,
715 1087 830 1114 capacos
842 1087 897 1106 non
914 1086 989 1111 esse,

196 1128 362 1155 Cultor-tatur
380 1133 518 1161 namque,
538 1130 566 1151 ut
586 1130 717 1152 renovata
737 1125 883 1159 jurentute
906 1125 993 1151 intro-

198 1180 293 1199 camus
310 1171 344 1199 ad
361 1172 459 1198 altare.
476 1170 529 1198 Sed
545 1170 666 1197 .llltltL'lllll
684 1171 757 1196 nulla
775 1170 855 1203 hujus
871 1169 909 1196 rei
927 1177 994 1195 cura

198 1218 294 1253 tangit.
309 1217 368 1244 Non
381 1217 454 1244 enim
469 1216 596 1243 renovari
611 1224 672 1242 sese
690 1216 792 1249 patitur
810 1215 940 1250 mysterio
956 1221 997 1242 sa-

199 1265 265 1291 lutis
283 1272 332 1298 per
347 1269 498 1298 supernam
514 1261 764 1297 regenerationem.

234 1326 380 1361 Inscriptio
401 1325 500 1360 psalmi
525 1324 731 1359 septuagesimi,
752 1332 812 1358 qu:e
831 1324 857 1350 in
876 1323 995 1351 editione

201 1373 330 1401 Ecclesiae
344 1373 383 1400 sic
404 1371 503 1399 habet:
519 1380 527 1396 ι
543 1370 596 1397 Pro
612 1370 673 1397 lillis
685 1371 819 1400 .loumlal»,
832 1374 858 1397 et
872 1371 994 1404 priorum

199 1420 381 1454 captivorum,
397 1428 404 1443 ι
421 1418 455 1443 ab
473 1416 593 1443 llclu'atis
605 1416 716 1443 omnino
732 1416 868 1450 praeterita
881 1419 931 1442 est.
945 1415 996 1442 Cu-

197 1465 243 1500 jus
256 1472 338 1492 causa
352 1465 427 1491 clare
443 1463 537 1497 liquet.
554 1462 619 1488 Nam
638 1470 699 1488 eum
720 1463 745 1488 in
763 1462 804 1489 his
820 1466 874 1488 tam
889 1461 996 1496 perspi-

200 1519 251 1537 cua
270 1511 325 1537 sint
342 1510 374 1536 de
392 1509 505 1535 Domino
523 1513 615 1535 nostro
637 1508 759 1538 oracula,
777 1507 934 1542 (oargttllur
948 1507 996 1534 Ju-

201 1557 320 1583 (latorum
346 1554 457 1589 perfidia
475 1559 501 1581 et
520 1554 709 1582 incredulitas,
731 1558 824 1587 utpote
844 1553 891 1586 qui
912 1553 996 1579 nolint

201 1607 256 1628 tam
276 1600 450 1627 manifestam
473 1601 505 1626 de
524 1598 655 1633 mysterio
673 1599 723 1624 hoc
748 1594 908 1624 doctrinam
925 1598 997 1625 reci-

201 1654 275 1682 pere.
294 1645 531 1679 Quemadmodum
549 1645 621 1672 enim
639 1644 678 1670 illi
694 1644 740 1679 qui
760 1645 848 1672 oculis
861 1644 997 1676 laborant,

202 1692 245 1720 vel
255 1691 399 1719 alTectione
410 1691 455 1717 illa
468 1694 606 1721 tenentur,
623 1697 683 1724 qua:
695 1697 772 1724 aqua:
784 1694 873 1716 metus
886 1689 997 1722 dicitur,

202 1745 294 1772 neque
309 1737 409 1764 solaris
426 1736 495 1763 radii
511 1735 709 1766 accessionem,
723 1743 811 1769 neque
822 1741 998 1770 conspectuin

203 1791 281 1820 aqum
299 1783 415 1810 tolerare
430 1786 556 1818 possunt,
572 1781 618 1809 sed
633 1781 758 1808 tremulis
775 1782 942 1815 superciliis,
961 1782 999 1808 illi

204 1829 314 1864 quidem
332 1828 401 1855 male
418 1827 507 1855 allecti
521 1828 616 1854 oculos
639 1834 653 1853 a
676 1827 779 1860 radiis;
801 1827 839 1853 illi
862 1835 938 1859 vero,
953 1829 999 1862 qui

205 1883 303 1910 aquam
324 1878 467 1905 metuunt,
486 1874 520 1901 ab
545 1881 622 1908 aquae
645 1873 746 1900 intuitu
772 1877 922 1900 avertunt:
942 1873 999 1908 pari

204 1922 285 1949 modo
298 1926 325 1948 et
337 1920 494 1948 Judzrorum
508 1919 670 1954 improbitas
684 1919 792 1947 silentio
804 1920 945 1947 veritatcm
958 1927 1001 1946 re—

204 1967 313 2003 probat,
329 1974 361 1994 eo
375 1966 448 2004 quod
460 1966 558 1993 divina:
568 1966 771 2001 praedicationis
783 1966 897 2001 gloriam
914 1966 1001 1993 conli-

206 2014 255 2041 leri
271 2013 352 2040 nolit.
368 2012 444 2040 Licet
457 2019 538 2046 porro
553 2020 584 2038 ex
603 2012 662 2046 ipsa
679 2012 775 2045 psalmi
792 2012 864 2039 serie
880 2013 999 2047 prophe-

207 2061 252 2088 tiae
269 2060 344 2087 illius
361 2066 461 2086 arcana
475 2066 649 2093 cognoscere.
670 2058 738 2085 Dicit
757 2059 829 2086 enim
851 2059 878 2086 iu
896 2060 1001 2093 psalmo

208 2105 423 2141 septuagesimo,
436 2104 517 2139 cujus
539 2104 682 2138 inscriptio
696 2108 737 2131 est
753 2113 761 2131 :
780 2113 789 2130 ι
808 2104 846 2131 De
863 2105 1001 2139 prioribus

208 2151 337 2186 captivis,
349 2159 358 2175 ι
370 2154 500 2185 tanquam
512 2157 544 2177 ex
554 2156 671 2184 persona
683 2150 865 2184 captivorum,
877 2157 939 2177 cum
950 2150 1002 2178 alia

209 2196 333 2233 quaedam
349 2195 530 2230 supplicantis
546 2195 665 2222 orationi
685 2199 949 2227 consentanea,tum
971 2196 1003 2223 il-

208 2243 273 2270 lud:
289 2251 298 2268 ι
313 2242 393 2277 Eripe
407 2249 449 2268 me
467 2241 500 2268 de
519 2248 600 2267 manu
621 2241 786 2275 peccatoris,
798 2241 831 2268 de
843 2249 924 2267 manu
936 2250 1002 2268 con-

209 2294 251 2317 tra
265 2289 350 2324 legem
363 2288 469 2323 agentis
480 2291 506 2314 et
519 2287 618 2322 iniqui.
631 2297 640 2313 ›
656 2286 761 2319 Quibus
773 2287 864 2315 verbis
880 2287 1004 2323 designat

210 2336 299 2366 illum,
320 2335 365 2369 qui
382 2334 465 2360 vitam
481 2337 604 2361 nostram
622 2334 649 2360 in
670 2334 857 2368 captivitatem
890 2331 1002 2365 redegit.

210 2379 245 2407 Et
260 2380 439 2415 sequentibus
459 2380 561 2412 verbis,
586 2384 648 2414 post
671 2380 773 2407 multas
788 2380 822 2407 ad
835 2379 1003 2407 consolatio-

210 2433 274 2453 nem
298 2425 518 2453 accommodatas
545 2433 640 2456 voces,
660 2426 776 2452 reditum
797 2433 829 2452 ex
849 2425 1005 2460 captivitate

211 2471 353 2504 describit,
362 2478 423 2497 cum
435 2471 490 2497 ait:
504 2481 513 2496 ι
526 2470 648 2503 Quantas
659 2471 803 2498 ostendisti
814 2471 879 2498 mihi
891 2471 1003 2498 tribula-

212 2517 311 2547 tiones,
324 2516 424 2542 inuitas
434 2520 460 2542 et
473 2516 569 2547 malas,
581 2519 607 2543 et
617 2523 768 2543 conversus
782 2516 927 2543 vivificasti
943 2524 984 2543 me
993 2537 1000 2549 ,

211 2566 238 2590 et
246 2563 280 2590 de
289 2562 397 2597 abyssis
408 2565 488 2589 terra:
496 2562 594 2588 iterum
605 2561 737 2589 reduxisti
750 2569 803 2595 me,
814 2562 1002 2596 multiplicasti

212 2608 446 2643 magniﬁcentiam
463 2611 537 2634 tuam
554 2614 641 2642 super.
651 2615 704 2640 me,
723 2612 749 2635 et
767 2615 917 2635 conversus
933 2616 999 2635 cou-

212 2654 317 2681 solatus
326 2660 356 2681 es
365 2660 418 2680 me.
429 2653 553 2681 iClarius
564 2660 628 2681 vero
641 2661 674 2681 ex
687 2653 776 2689 magni
789 2653 863 2681 Pauli
879 2653 1003 2681 doctrina

249 2752 306 2786 (52)
324 2752 386 2778 ’Ότι
399 2759 453 2779 om.
466 2752 511 2780 ed.

263 2787 307 2821 55)
324 2787 380 2812 Καί
398 2786 459 2814 add.
475 2788 519 2814 ed.

264 2822 307 2857 se)
322 2821 603 2857 Ἀνανεῶσιιιψιίτίιιω
619 2822 699 2851 codd.

329 2856 417 2881 Ἐστιν
430 2856 491 2884 add.
502 2854 550 2885 'ed.

300 2891 310 2922 )
328 2890 360 2915 Οἱ
377 2896 430 2916 om.
443 2891 486 2920 ed.

266 2889 310 2923 56)
328 2890 360 2915 Οἱ
377 2896 430 2916 om.
443 2891 486 2920 ed.

1037 284 1120 315 ἵππος
1143 284 1184 315 εις
1206 283 1352 319 σωτηρίαν,
1377 282 1425 309 καὶ
1453 282 1539 316 γίγας.
1561 281 1592 307 οὺ
1616 280 1771 315 σωθήσεται
1799 282 1827 307 ὲν

1036 329 1134 364 πλήθει
1145 328 1236 363 ἰσχύος
1245 328 1338 355 αὑτοῦ.
1360 337 1369 354 ι
1380 327 1530 357 Βλέποντες
1541 326 1570 353 δὲ
1581 326 1627 352 ἐπὶ
1638 326 1685 353 τὸν
1696 326 1828 362 ῥυόμενον

1035 375 1069 401 ἐκ
1089 374 1203 401 θανάτου
1226 374 1275 406 τὰς
1288 374 1376 409 ψυχὰς
1389 372 1469 408 ήμῶν
1491 372 1534 399 διὰ
1550 373 1600 407 τῆς
1621 372 1752 407 οὐρανίας
1766 380 1829 406 τρο-

1038 420 1090 455 φῆς
1108 420 1209 454 (καθώς
1223 419 1325 454 φησινό
1342 418 1499 453 Προφήτης,
1517 418 1556 444 ὄτι
1572 417 1627 452 (5'1)
1644 426 1653 442 ‹
1677 416 1830 451 Ὀφθαλμοὶ

1037 466 1141 501 Κυρίου
1156 466 1201 492 ἐπὶ
1216 465 1278 496 τοὺς
1294 463 1475 499 φοϐουμένους
1493 463 1583 495 αὑτὸν,
1603 463 1658 497 (ἷέὅ)
1673 464 1738 494 τοὺς
1752 462 1831 488 ἐλπί-

1037 511 1133 543 ζοντας
1148 511 1193 536 ἐπὶ
1208 510 1237 536 τὸ
1252 510 1324 540 ἕλεος
1341 508 1434 540 αὑτοῦ,
1449 508 1582 544 ῥύσασθαι
1596 510 1628 534 ὲκ
1646 507 1764 535 θανάτου
1782 506 1834 537 τὰς

1037 557 1126 592 ψυχὰς
1142 556 1241 587 αὐτῶν,
1256 556 1303 582 καὶ
1322 555 1466 591 διαθρέψαι
1484 555 1582 586 αὐτοὺς
1599 555 1627 581 ὲν
1644 553 1718 589 λιμῷ
1730 555 1765 586 ›),
1782 561 1835 586 φα-

1040 604 1088 639 μὲν
1103 604 1200 633 ἐκεῖνο,
1214 603 1254 629 ὅτι
1271 613 1280 628 ι
1298 602 1329 629 'H
1343 602 1416 637 ψυχὴ
1431 602 1508 637 ἡμῶν
1526 602 1656 635 ὑπομενεῖ
1668 600 1708 635 τῷ
1724 599 1834 634 Κυρίῳ,

1038 651 1077 686 τῷ
1092 651 1120 684 ἐξ
1130 650 1252 686 οὐρανῶν
1267 650 1341 685 ἡμᾶς
1351 649 1535 683 ἐπιϐλέψαντι.
1547 657 1555 673 τ
1565 647 1672 678 Καὶ,’ἁτι
1687 656 1697 672 ‹
1712 644 1834 677 Γένοιτο,

1039 697 1136 733 Κύριε,
1156 697 1186 723 τὸ
1208 696 1282 727 ἔλεός
1306 704 1353 722 σου
1372 695 1415 730 ἐφ’
1431 695 1514 730 ἡμᾶς,
1535 693 1661 728 καθάπερ
1676 692 1836 728 ἠλπίσαμεν

1039 744 1086 770 ἐπὶ
1099 744 1139 771 σέ.
1157 753 1166 770 ι

1077 854 1125 881 Διὰ
1148 853 1234 879 ταῦτα
1258 852 1306 888 τὴν
1323 851 1478 888 ἐπιγραφὴν
1505 850 1551 877 τοῦ
1573 849 1680 884 ψαλμοῦ
1708 848 1806 875 τούτου
1823 849 1839 875 ό

1006 908 1027 936 Β
1046 901 1171 936 Ἐϐραῖος
1183 901 1214 926 οὺ
1227 900 1342 935 δέχεται.
1356 899 1439 925 Πάλιν
1459 897 1530 925 κατὰ
1543 897 1588 923 τὸν
1602 897 1683 923 αὑτὸν
1705 895 1809 931 τρόπον
1823 895 1840 920 ὁ

1042 944 1257 981 τεσσαρακοστός
1281 953 1311 970 τε
1331 944 1377 970 καὶ
1399 943 1523 978 δεύτερος
1544 943 1599 973 τοῖς
1620 941 1759 977 Ἑϐραίοις
1779 941 1841 967 ἐπι-

1042 991 1152 1026 γραφὴν
1163 989 1212 1016 οὐκ
1226 989 1291 1025 ἔχει,
1309 989 1469 1019 δεικνύντος,
1482 985 1570 1022 οἶμαι,
1585 987 1631 1013 τοῦ
1643 986 1736 1020 λόγου,
1754 986 1797 1012 ὅτι
1810 985 1841 1012 τὸ

1043 1037 1072 1062 ἐν
1085 1037 1122 1071 τῷ
1133 1035 1232 1070 ψαλμῷ
1243 1034 1329 1069 τούτῳ
1344 1034 1490 1069 μυστήριον
1500 1035 1555 1065 τοῖς
1572 1032 1746 1068 Ἐϐραῖζουσι
1766 1031 1841 1058 κατὰ

1043 1083 1092 1118 ’τὴν
1107 1082 1210 1117 αἵρεσιν
1224 1080 1412 1115 ἅπαράδεκτον
1430 1076 1473 1114 ἦν.
1491 1077 1702 1104 Εἰσελεύσεσϐαι
1724 1077 1782 1112 γὰρ
1800 1078 1841 1107 εἰς

1043 1128 1074 1154 τὺ
1089 1127 1280 1162 θυσιαστήριον
1293 1125 1500 1159 ἐπαγγέλλεται,
1511 1124 1570 1155 νέος
1581 1124 1738 1158 γενόμενος.
1756 1122 1841 1149 Ἀλλὰ

1044 1173 1083 1209 τῷ
1104 1173 1222 1209 Ἑϐραίῳ
1234 1172 1311 1198 τοῦτο
1324 1172 1374 1198 οὐκ
1388 1171 1469 1198 ἔστιν,
1482 1172 1519 1197 Οὑ
1537 1171 1591 1206 γὰρ
1607 1170 1717 1205 δέχεται
1731 1169 1772 1204 τῷ
1791 1177 1842 1204 μυ-

1046 1220 1149 1255 στηρίῳ
1165 1221 1214 1253 τῆς
1229 1218 1363 1253 σωτηρίας
1376 1217 1420 1244 διὰ
1432 1217 1480 1253 τῆς
1493 1213 1595 1244 ἄνωθεν
1608 1217 1765 1250 γεννήσεως
1777 1216 1843 1242 ἁνα-

1048 1266 1141 1293 νεάσαι
1157 1265 1224 1299 (Si).

1088 1329 1132 1356 Ἐν
1147 1329 1174 1356 δὲ
1189 1328 1228 1364 τῷ
1243 1327 1432 1363 ἑϐδομηκοστῷ
1445 1327 1493 1363 τῆς
1515 1326 1748 1362 ὲκκλησιαστικῖδς
1765 1325 1842 1352 ἐκδό-

1049 1384 1117 1407 σεως
1134 1375 1289 1410 ἐπιγραφὴν
1303 1374 1428 1410 ἐχούσης,
1454 1383 1463 1399 ι
1485 1374 1571 1408 ’Υπὲρ
1592 1372 1646 1398 τῶν
1660 1372 1727 1398 υἱῶν
1751 1372 1842 1399 Ἰωνα-

1047 1420 1112 1456 δὰμ,
1139 1421 1186 1447 καὶ
1211 1420 1265 1447 τῶν
1291 1420 1407 1455 πρώτων
1429 1418 1712 1454 αἰχμαλωτισθέντων,
1735 1427 1745 1443 ›
1767 1418 1842 1451 παρὰ

1048 1470 1103 1499 τοῖς
1135 1467 1270 1502 Ἑϐραίοις
1295 1466 1373 1493 τοῦτο
1398 1465 1549 1500 σεσίγηται.
1579 1465 1609 1491 Ἡ
1635 1464 1663 1491 δὲ
1690 1464 1768 1491 αἰτία
1795 1472 1843 1490 σα-

1050 1515 1102 1550 φὴς
1118 1514 1184 1549 (55),
1201 1514 1241 1540 ὅτι
1261 1512 1450 1548 φανερωτέρας
1470 1513 1519 1547 τῆς
1536 1512 1576 1543 εἰς
1594 1512 1639 1538 τὸν
1655 1511 1759 1546 Κύριον
1774 1519 1842 1546 προ-

1011 1574 1033 1603 C
1050 1559 1164 1593 φητείας
1179 1560 1207 1585 ὲν
1227 1558 1331 1589 τούτοις
1344 1558 1436 1593 οὔσης,
1452 1558 1468 1593 ἡ
1493 1557 1605 1583 ἀπιστία
1630 1557 1685 1583 τῶν
1704 1556 1843 1583 Ἰουδαίων

1050 1605 1252 1639 κατηγορεῖται,
1266 1604 1304 1635 ὡς
1322 1603 1448 1636 δέξασθαι
1461 1603 1510 1638 τὴν
1525 1602 1644 1637 φανερὰν
1660 1602 1708 1628 τοῦ
1735 1611 1842 1637 μυστη-

1049 1651 1108 1686 ρίου
1120 1649 1293 1677 διδασκαλίαν
1309 1649 1345 1684 μὴ
1356 1648 1534 1683 δυνηθέντων.
1550 1648 1655 1683 ’Ὠσπερ
1671 1648 1727 1683 γὰρ
1744 1648 1767 1674 οἱ
1779 1649 1843 1679 τοὺς

1050 1696 1204 1731 ὀφθαλμοὺς
1224 1694 1374 1726 νοσοῦντες,
1390 1693 1406 1728 ἢ
1425 1694 1449 1719 οἱ
1470 1692 1526 1728 (5’5)
1544 1693 1581 1727 τῷ
1603 1693 1683 1720 πάθει
1696 1694 1748 1727 τῆς
1765 1693 1842 1728 ὐδρο-

1051 1742 1136 1777 96611;
1151 1740 1353 1776 περιπεσόντες,
1368 1739 1429 1765 clins
1446 1740 1494 1774 τῆς
1507 1739 1615 1769 ἀκτῖνος
1628 1735 1700 1765 οὗτοι
1717 1738 1773 1773 (57)
1793 1738 1842 1771 τὴν

1051 1788 1214 1825 προσϐολὴν,
1241 1787 1302 1813 οὔτε
1322 1786 1369 1812 τοῦ
1396 1785 1491 1817 ὕδατος
1512 1786 1610 1811 ἐκεῖνοι.
1637 1784 1686 1819 τὴν
1699 1784 1761 1818 ὄψιν
1786 1786 1842 1815 τοῖς

1050 1834 1199 1869 ὀερΘαλμοῖς
1229 1832 1410 1867 ὑποφέρουσιν
1434 1831 1500 1867 (58),
1523 1830 1591 1857 ἀλλὰ
1620 1830 1755 1866 μεμυκόσι
1787 1832 1843 1861 τοῖς

1052 1878 1207 1914 βλεφάροις.
1223 1877 1247 1903 οἰ
1271 1876 1320 1911 μὲν
1337 1876 1469 1911 ἐμπαθεῖς
1484 1875 1518 1901 τὰ
1537 1876 1649 1910 ὄμματα
1669 1875 1718 1909 τῆς
1733 1876 1843 1906 ἀκτῖνος

1051 1924 1227 1960 χωρίζονται,
1253 1923 1277 1949 οἱ
1302 1922 1331 1948 δὲ
1360 1921 1569 1957 ὑδροφοὸοὖντες
1599 1922 1647 1956 τῆς
1673 1921 1720 1948 τοῦ
1747 1921 1842 1953 ὕδατος

1051 1968 1149 2003 ὅψεως.
1168 1968 1219 1994 Τὸν
1234 1967 1314 1993 αὐτὸν
1327 1966 1436 2002 τρόπον,
1453 1966 1499 1992 καὶ
1513 1967 1529 2001 ὴ
1541 1966 1595 1992 τῶν
1614 1965 1746 1992 Ἰουδαίων
1759 1967 1842 1993 κακία

1051 2014 1094 2041 διὰ
1114 2013 1143 2040 τὺ
1162 2013 1216 2048 (59)
1234 2012 1270 2048 μὴ
1288 2012 1374 2038 θέλειν
1391 2011 1530 2046 ὁμολογεῖν
1545 2012 1594 2047 τὴν
1611 2011 1690 2043 δόξαν
1709 2012 1755 2038 ’τοῦ
1770 2011 1841 2038 θείου

1052 2060 1239 2095 κηρύγματος,
1262 2057 1450 2093 ὰπαρὰδεκτον
1467 2059 1538 2084 ποιεῖ
1549 2058 1591 2084 διὰ
1611 2058 1660 2092 τῆς
1676 2058 1780 2092 σιωπῆς
1793 2059 1842 2093 τὴν

1052 2105 1190 2140 ἀλήθειαν.
1206 2103 1314 2136 Ἔξεστι
1332 2104 1360 2130 δὲ
1377 2103 1424 2129 καὶ
1444 2102 1477 2128 δι’
1499 2103 1584 2137 αὐτῆς
1606 2103 1655 2138 τῆς
1676 2103 1731 2138 (60)
1751 2103 1841 2138 ψαλμ-

1052 2151 1132 2186 ῳδίας
1143 2149 1290 2183 ἐπιγνῶναι
1300 2149 1333 2175 τὰ
1346 2150 1394 2184 τῆς
1407 2150 1576 2184 προφητείας
1591 2150 1749 2184 αἰνίγματα.
1762 2150 1841 2183 Λέγει

1052 2197 1105 2233 γὰρ
1127 2198 1155 2223 ὲν
1175 2196 1212 2231 τῷ
1227 2195 1428 2231 ἑϐδομηκοστῷ,
1446 2196 1474 2221 ὲν
1532 2205 1542 2221 t
1563 2196 1631 2231 Περὶ
1647 2196 1701 2222 τῶν
1726 2197 1841 2231 πρώτων

1017 2243 1040 2270 Ι)
1055 2241 1325 2277 αἰχμαλωτισθέντων
1341 2251 1348 2266 ι
1373 2241 1447 2268 ἐστὶν
1462 2243 1478 2276 ἡ
1495 2242 1644 2277 ἐπιγραφὴ,
1658 2243 1694 2273 ὡς
1709 2243 1741 2269 ὲκ
1758 2251 1841 2277 προσ-

1053 2287 1128 2314 ώπου
1148 2287 1195 2313 τοῦ
1220 2286 1392 2321 αἰχμαλώτου
1411 2288 1425 2313 ὁ
1448 2288 1535 2321 λόγος,
1558 2288 1625 2314 ἄλλα
1648 2288 1677 2314 τὲ
1700 2297 1761 2315 τινα
1776 2289 1841 2324 πρέ-

1054 2342 1138 2360 ποντα
1151 2334 1184 2368 τῇ
1195 2332 1240 2359 τοῦ
1254 2332 1340 2359 ἱκέτου
1356 2334 1441 2368 φωνῇ,
1453 2334 1500 2360 καὶ
1510 2334 1551 2360 ὃτι
1567 2344 1576 2360 ε
1587 2334 1681 2360 Ῥὖσαί
1694 2343 1728 2369 με
1741 2335 1773 2361 ἐκ
1789 2344 1843 2370 χει-

1056 2380 1099 2415 ρὺς
1107 2378 1279 2414 ἁμαρτωλοῦ,
1294 2379 1326 2405 ὲκ
1337 2379 1426 2414 χειρὸς
1434 2379 1654 2414 παρανομοῦντος
1663 2380 1709 2406 καὶ
1720 2380 1842 2407 ἀδικοῦν-

1054 2434 1108 2457 τος·
1122 2435 1131 2451 ι
1147 2424 1251 2456 τούτοις
1261 2426 1317 2456 τοῖς
1329 2425 1442 2459 ὀνόμασι
1453 2425 1498 2451 τὸν
1512 2426 1752 2461 αἰχμαλωτίσαντα
1766 2427 1841 2462 ἡμῶν

1054 2471 1102 2506 τὴν
1122 2470 1194 2506 ζωὴν
1210 2471 1413 2505 ἐνδεικνύμενος
1426 2470 1492 2506 (Gl).
1505 2472 1560 2497 Καὶ
1574 2472 1602 2498 ὲν
1618 2473 1675 2503 τοῖς
1689 2472 1840 2503 ὑπολοίποις

1057 2518 1124 2553 μετὰ
1140 2517 1239 2549 πολλὰς
1253 2517 1303 2548 τὰς
1320 2517 1526 2553 παρακλητικὰς
1549 2518 1656 2550 ὲκείνας
1670 2518 1773 2552 φωνὰς,
1796 2520 1840 2554 τὴν

1054 2565 1086 2591 ὲκ
1100 2564 1149 2600 τῆς
1165 2563 1349 2599 αἰχμαλωσίας
1363 2563 1511 2598 γενομένην
1531 2564 1659 2590 ἐπάνοδον
1671 2564 1840 2599 διασημαίνει

1053 2610 1092 2645 τῷ
1105 2610 1189 2644 λόγῳξ·
1206 2606 1282 2644 ἐνςοῖς
1292 2617 1384 2643 φησιν,
1400 2609 1439 2635 ὅτι
1455 2610 1554 2642 (Ὅσας
1563 2610 1665 2643 ἔδειξας
1682 2620 1727 2646 μοι
1741 2611 1840 2646 θλίψεις

1057 2654 1156 2686 πολλὰς
1187 2654 1234 2680 καὶ
1263 2653 1362 2685 κακὰς,
1389 2653 1437 2680 καὶ
1467 2654 1631 2690 ἐπιστρέψας
1659 2654 1839 2692 ὲζωοποίησάς

1095 2754 1151 2787 (57)
1169 2750 1247 2780 Οὗτοι
1260 2762 1314 2781 om.
1332 2754 1376 2782 ed.

1095 2789 1151 2822 (58)
1169 2789 1371 2825 ᾎΥπομένοοσιν
1383 2791 1494 2825 quidam
1504 2791 1584 2820 codd.

1106 2825 1149 2859 59)
1165 2824 1230 2855 Τοῦ,
1244 2826 1288 2852 ed.

1106 2860 1150 2893 60)
1166 2859 1222 2893 Τῆς
1237 2867 1292 2887 om.
1309 2859 1353 2887 ed.

1096 2894 1151 2929 (6t)
1163 2894 1396 2930 Ἐκδεικνύμενοςι
1415 2895 1462 2924 0d-
