3844 6374
160 385 246 442 521
1112 399 1118 403 ‘
1540 392 1606 447 IN
1645 392 1713 447 PE

1827 393 1989 450 MOS.

2085 281 2197 291 -.υ-θ.

3289 398 3399 454 52.2

160 525 240 580 με,
262 506 349 561 καὶ
375 507 437 561 ἐκ
466 507 574 561 τῶν
603 506 856 562 άϐύσσων
876 509 976 580 τῆς
1003 510 1106 580 γῆς
1129 510 1288 564 πάλιν
1312 510 1587 580 ἀνήγαγες
1622 526 1711 580 με,

1823 524 2224 582 cognoscemus
2247 550 2262 575 ,
2289 511 2563 584 quomodo
2590 526 2657 568 ex
2690 513 2909 584 abyssis
2941 513 3259 580 reducatur,
3301 516 3397 584 qui
3478 559 3484 566 .

159 599 458 661 ἐπλεόνασας
500 599 586 651 ἐπ’
615 600 716 670 ἐμὲ
757 600 858 672 τὴν
885 600 1273 672 μεγαλωσύνην
1314 618 1430 663 σου,
1463 601 1557 654 καὶ
1586 602 1709 654 ἐπι-

1807 602 2048 672 pondere
2072 602 2281 671 peccati
2313 603 2367 656 in
2393 603 2724 673 profundum
2753 606 3036 661 detractus
3059 617 3162 670 est,
3194 607 3262 661 de
3288 621 3399 676 quo

161 690 372 762 στρέψας
402 690 780 760 παρεκάλεσάς
806 709 895 762 με.
938 710 956 743 ι
995 692 1166 746 Τοῦτο
1192 691 1250 745 δὲ
1285 692 1616 764 σαφέστερον
1646 694 1711 746 ἐκ

1823 692 1989 761 inquit
2023 709 2038 747 :
2079 711 2098 743 ι
2135 691 2214 747 Ne
2239 692 2393 747 dicas
2425 694 2476 745 in
2507 694 2672 749 corde
2714 704 2808 749 tuo
2840 695 3012 762 :Quis
3052 696 3312 751 ascendet
3341 712 3398 750 ιη

156 782 242 853 τῆς
268 781 354 836 τοῦ
385 783 629 853 μεγάλου
656 784 869 837 Παύλου
893 784 1244 848 διδασκαλίας
1279 787 1566 855 νοήσομεν,
1595 784 1714 846 πῶς

156 875 213 928 ὲκ
234 873 333 926 τῶν
355 874 602 928 ἀϐύσσων
634 874 894 945 ἀνάγεται
930 879 960 930 ὁ
992 877 1072 947 τῷ
1106 877 1263 950 βάρει
1306 878 1409 949 τῆς
1436 877 1713 948 ἁμαρτίας

157 966 517 1031 καθελκυσθεὶς
559 969 640 1031 είς
688 970 786 1040 τὴν
820 969 1056 1025 ἄϐυσσον
1089 970 1178 1024 διὰ
1225 970 1320 1023 τοῦ
1359 970 1714 1034 κατελθόντος

154 1056 213 1108 δι’
254 1058 393 1126 ἡμᾶς
437 1058 516 1122 είς
562 1058 662 1129 τὴν
707 1058 944 1114 ἄϐυσσον
979 1105 992 1115 .
1032 1061 1169 1132 Περὶ
1211 1054 1272 1114 οὗ
1320 1077 1520 1132 φησιν’
1558 1080 1578 1113 ι
1620 1061 1711 1133 Μὴ

153 1145 294 1217 εἴπης
319 1149 375 1200 ἐν
410 1151 474 1219 τῇ
522 1149 722 1223 καρδίᾳ
753 1167 869 1214 σου,
905 1152 1001 1214 Τίς
1034 1151 1367 1222 ἀναϐήσεται
1394 1155 1474 1216 είς
1504 1152 1596 1205 τὸν
1622 1153 1714 1205 οὐ·

156 1239 327 1308 ρανόν;
363 1240 608 1293 τουτέστι
636 1240 873 1314 Χριστὸν
906 1246 1263 1312 καταγαγεῖν.
1304 1245 1375 1297 Ἦ
1414 1244 1501 1309 τίς
1534 1260 1708 1296 κατα-

153 1328 356 1398 ϐήσεται
384 1332 462 1394 εἰς
490 1331 587 1402 τὴν
620 1331 858 1387 ἄϐυσσον
882 1351 899 1401 ;
941 1335 1220 1397 Τουτέστι,
1238 1364 1241 1369 -
1262 1334 1498 1405 Χριστὸν
1527 1336 1592 1388 ἐκ
1622 1350 1710 1386 νε-

153 1421 281 1490 κρῶν
298 1424 606 1493 ἀναγαγεῖν.
635 1443 656 1477 ι
688 1425 851 1481 Ὅθεν
876 1426 986 1498 γὰρ
1007 1426 1255 1498 εἰσῆλθεν
1282 1428 1362 1490 είς
1388 1426 1479 1479 τὸν
1509 1429 1713 1498 κόσμον

150 1514 175 1564 ὁ
199 1512 428 1577 Θάνατος,
461 1515 675 1569 ἐκεῖθεν
709 1516 872 1572 πάλιν
915 1516 1013 1570 καὶ
1064 1515 1354 1588 ὲξῳκίσθη.
1390 1517 1468 1568 Δι’
1497 1514 1711 1587 ἀνθρώ-

153 1620 242 1656 που
273 1606 501 1676 εἰσῆλθε,
533 1609 601 1663 δι’
632 1608 921 1680 ἀνθρώπου
955 1610 1050 1663 καὶ
1077 1608 1419 1674 ὲξοικίζεται.
1460 1609 1520 1660 '0
1554 1606 1708 1679 πρῶ-

1809 783 2051 838 coelum?
2079 784 2226 853 quod
2255 792 2341 838 est
2369 783 2651 840 Christum
2698 786 2990 843 deducere.
3021 788 3128 842 Aut
3149 788 3274 857 quis
3304 785 3400 841 de-

1811 874 2038 932 scendet
2083 877 2139 930 in
2187 875 2493 947 abyssum?
2523 877 2639 932 Hoc
2673 887 2757 933 est
2798 879 3076 933 Chriswm
3102 894 3131 932 a
3168 879 3399 947 mortuis

1814 981 2078 1023 revocare
2098 967 2166 1024 δ’.
2194 988 2212 1019 ι
2241 969 2397 1024 Unde
2419 971 2562 1023 enim
2590 970 2832 1025 introivit
2858 971 2915 1025 in
2939 969 3202 1024 mundum
3227 985 3397 1031 mors,

1813 1057 1942 1113 inde
1979 1058 2179 1114 iterum
2210 1060 2383 1129 ejecta
2413 1070 2518 1115 est.
2571 1059 2674 1117 Per
2706 1061 2981 1117 hominem
3014 1061 3268 1127 intravit,
3307 1076 3401 1130 per

1812 1148 2090 1204 hominem
2153 1150 2317 1205 etiam
2369 1151 2610 1222 ejicitur.
2681 1152 2898 1210 Primus
2968 1154 3134 1209 homo
3189 1155 3399 1209 aditum

1811 1242 1974 1295 morti
2000 1241 2285 1312 patefecit;
2317 1259 2412 1314 per
2437 1246 2739 1301 secundum
2767 1248 2876 1301 vita
2907 1247 3208 1312 reducitur,
3239 1247 3402 1317 cujus

1810 1331 2097 1403 ingressus
2132 1335 2485 1390 abolitionem
2517 1339 2710 1393 mortis
2736 1338 2918 1395 efficit.
2951 1339 3180 1412 Propter
3208 1340 3313 1395 hoc
3344 1339 3400 1394 in

1821 1422 2079 1492 abyssum
2103 1424 2297 1479 mortis
2325 1424 2611 1482 descendit
2637 1444 2734 1498 per
2761 1431 3098 1500 passionem,
3131 1439 3187 1484 ut
3213 1446 3400 1486 secum

1820 1512 1888 1566 ad
1924 1528 2161 1584 superna
2198 1517 2489 1572 reduceret
2522 1534 2645 1573 eum
2688 1521 2782 1592 qui
2822 1522 2876 1575 in
2908 1521 3243 1593 profundum
3273 1535 3397 1575 cor-

1815 1613 2023 1660 ruerat.

149 1713 226 1759 τος
248 1696 527 1767 ἄνθρωπος
556 1700 734 1770 ἦνοιξε
759 1700 840 1771 τῷ
870 1700 1086 1770 θανάτῳ
1109 1700 1208 1771 τὴν
1233 1699 1439 1752 εἴσοδον
1460 1715 1473 1729 ·
1512 1696 1601 1751 διὰ
1624 1697 1719 1752 τοῦ
1751 1697 2004 1769 δευτέρου
2043 1699 2077 1769 ἡ
2148 1697 2263 1771 ζωὴ
2315 1700 2715 1771 άντεισάγεται,
2757 1696 2825 1774 ἧς
2866 1705 2899 1774 ὴ
2933 1702 3137 1765 εἴσοδος
3206 1706 3402 1775 ἀφανι-

151 1787 271 1856 σμὸν
285 1789 374 1842 τοῦ
404 1790 634 1845 θανάτου
663 1793 975 1863 ἐργάζεται.
999 1794 1097 1846 Διά
1126 1792 1283 1846 τοῦτο
1306 1795 1363 1846 ὲν
1392 1795 1458 1864 τῇ
1519 1792 1743 1862 άϐύσσῳ
1780 1791 1874 1845 τοῦ
1908 1790 2162 1855 Θανάτου,
2210 1795 2579 1867 κατεχομένου
2616 1797 2710 1850 τοῦ
2754 1796 3103 1869 αἰχμαλώτου
3145 1799 3250 1852 ὑπ’)
3308 1799 3401 1852 τοῦ

151 1885 385 1954 θανάτου,
438 1890 643 1961 κατέϐη
690 1891 782 1944 διὰ
827 1890 922 1945 τοῦ
956 1890 1161 1955 πάθους
1214 1894 1297 1955 είς
1348 1892 1448 1961 τὴν
1487 1892 1724 1946 ἄϐυσσον
1752 1889 1981 1960 ταύτην,
2008 1883 2159 1960 ἐφ’ᾇ)
2211 1908 2268 1944 τε
2295 1896 2619 1962 συναγαγεῖν
2653 1893 2831 1965 ἑαυτῷ
2868 1894 3028 1949 πάλιν
3060 1897 3151 1949 ἐπὶ
3172 1897 3239 1950 τὰ
3290 1897 3403 1952 ἄνω

148 1979 228 2033 τὸν
253 1980 445 2050 βύθιον.

211 2073 380 2128 Ταῦτα
404 2075 514 2147 γὰρ
538 2074 605 2127 δι’
630 2074 917 2148 ἀκριϐείας
946 2077 980 2147 ἡ
1013 2076 1221 2146 μεγάλη
1254 2072 1349 2127 τοῦ
1390 2072 1715 2127 ’Λποστόλου

149 2165 282 2237 φωνὴ
308 2166 653 2235 διεσάφησεν,
682 2166 818 2221 ἄλλα
851 2183 901 2219 τε
933 2166 1259 2238 πολλὰιπερὶ
1290 2165 1493 2220 τούτων
1522 2162 1713 2228 εἰπὼν,

148 2255 266 2325 φησὶ
299 2256 390 2311 καὶ¹
419 2256 600 2309 τοῦτο·
638 2276 656 2307 ι
694 2256 904 2328 Ὥσπερ
939 2258 997 2310 ἐν
1024 2256 1102 2327 τῷ
1140 2255 1312 2327 Ἀδάμ
1340 2256 1543 2318 πάντες
1575 2255 1711 2308 ἀπο.

150 2345 462 2418 θνήσκομεψ
515 2347 691 2412 οὕτως
734 2349 791 2400 ὲν
823 2347 902 2419 τῷ
938 2347 1160 2420 Χριστῷ
1204 2347 1404 2409 πάντες
1449 2344 1716 2414 ζωοποιη-

149 2438 402 2510 θησόμεθα
423 2439 560 2511 (62).
577 2464 597 2497 ›
616 2441 715 2495 Διὰ
731 2432 885 2498 τοῦτο
898 2441 994 2510 τῆς
1013 2440 1326 2511 ἐπιγραφῆς
1354 2458 1372 2491 ι
1410 2438 1580 2509 ’Υπὲρ
1608 2435 1717 2488 τῶν

152 2531 360 2601 πρώτων
395 2532 507 2606 (65)
549 2533 1095 2604 αἰχμαλωτισθέντων
1137 2552 1154 2584 ι
1196 2529 1440 2601 γίνεσθαι
1477 2529 1575 2600 τὴν
1627 2527 1715 2582 διὰ

150 2623 331 2693 σαρκὸς
370 2625 687 2696 οἰκονομίαν
719 2622 811 2676 τοῦ
846 2624 1050 2695 Κυρίου
1107 2621 1337 2694 βοώσης,
1380 2619 1566 2692 βύουσι
1617 2619 1716 2692 τὴν

149 2714 299 2785 ἀκοὴν
359 2717 635 2789 Ἑϐραῖοι,
693 2716 785 2769 καὶ
837 2717 935 2788 τὴν
979 2718 1290 2789 ἐπιγραφὴν
1341 2714 1402 2768 ού
1461 2711 1715 2785 προσίεν-

148 2817 226 2856 ται
238 2804 361 2875 (64).

211 2894 383 2961 Οὕτως
420 2900 478 2951 ὲν
506 2897 588 2968 τῷ
618 2898 985 2969 ἐννενηκοστῷ
1014 2897 1114 2969 τὴν
1149 2897 1317 2969 αὐτὴν
1342 2898 1597 2968 εὑρήσεις
1625 2899 1715 2953 αἰ-

149 2985 253 3038 τίαν
278 2987 366 3041 τοῦ
404 2989 480 3063 μὴ
517 2988 917 3060 παραδέχεσθαι
965 2992 1093 3053 τοὺς
1128 2990 1412 3061 Ἐϐραίους
1449 2989 1560 3061 (65)
1614 2990 1715 3062 τὴν

146 3074 426 3152 δηλωτικὴν
470 3083 570 3152 τῆς
616 3080 710 3133 τοῦ
744 3082 979 3152 Χριστοῦ
1008 3083 1324 3152 θεοφανείας
1376 3084 1710 3154 ἐπιγραφήν.

158 3164 301 3235 Ἡμῖν
329 3170 428 3239 μὲν
458 3186 570 3240 γαρ
587 3171 613 3221 ὁ
638 3186 740 3239 μνη
751 3172 1023 3238 μονευθεὶς
1044 3169 1277 3240 ψαλμὸς,
1299 3189 1316 3219 ι
1339 3165 1495 3236 Αἷνῦς
1518 3192 1535 3223 ι
1563 3174 1712 3225 ἐστιν

147 3274 165 3305 ι
183 3257 359 3328 ᾠδῆς.»
387 3260 497 3324 Πᾶς
518 3261 630 3331 γὰρ
656 3257 803 3325 αἶνος
838 3264 918 3325 εἰς
955 3263 1089 3316 Θεὸν
1128 3263 1228 3335 τὴν
1255 3263 1534 3336 ἀναφορὰν
1575 3264 1711 3334 ἔχει.

1892 2071 2015 2126 llaec
2050 2081 2307 2129 accurate
2342 2090 2571 2145 magnus
2598 2077 2899 2147 Apostolus
2928 2078 3183 2148 patefecit
3206 2120 3221 2143 ,
3255 2090 3316 2135 ut
3347 2090 3401 2136 et

1817 2162 1923 2216 alia
1943 2164 2135 2228 multa,
2164 2172 2218 2217 ct
2241 2173 2436 2232 praeter
2458 2174 2652 2221 caetera
2678 2166 2809 2221 illud
2837 2188 2849 2221 :
2883 2188 2901 2219 ι
2930 2167 3400 2234 Quemadmodum

1816 2253 1871 2307 in
1916 2254 2090 2308 Adam
2142 2270 2335 2310 omnes
2368 2259 2656 2324 morimur,
2706 2261 2787 2314 sic
2836 2260 2890 2313 in
2935 2260 3161 2316 Christo
3209 2276 3400 2317 omnes

1818 2345 2163 2399 vivificamnr
2183 2345 2252 2399 ³⁸³.
2288 2365 2306 2398 ι
2335 2346 2606 2413 Quocirca
2624 2365 2748 2403 cum
2774 2351 3111 2420 inscriptio,c
3144 2349 3251 2405 Pro
3273 2367 3403 2421 cap—

1817 2435 1967 2500 tivis,
2000 2453 2017 2485 ι
2050 2435 2197 2490 clara
2234 2452 2366 2492 voce
2400 2441 2687 2495 annuntiet
2714 2440 2930 2496 Domini
2956 2444 3132 2496 nosui
3158 2443 3211 2496 in
3237 2459 3401 2497 carne

1818 2526 2182 2581 oeconomiam
2220 2535 2273 2581 et
2297 2529 2787 2599 dispensationem,
2824 2549 2987 2590 aures
3016 2534 3279 2589 obturant
3305 2534 3402 2588 Ju—

1818 2614 1941 2682 daei,
1970 2616 2498 2690 inscriptionemquc
2521 2623 2801 2692 rejiciunt.

1889 2889 1981 2945 Sic
2011 2889 2066 2944 in
2099 2892 2455 2963 nonagesimo
2476 2893 2686 2963 psalmo
2707 2894 2954 2949 eamdem
2981 2910 3033 2946 re
3044 2893 3249 2965 pereris
3271 2912 3403 2951 cau-

1816 2993 1956 3044 sam,
2015 2979 2269 3033 videlicet
2321 2980 2736 3051 inscriptionem
2787 2984 2984 3038 divinae
3042 2986 3403 3055 apparitionis
3448 3018 3455 3024 -

1815 3070 2020 3126 Christi
2072 3072 2127 3125 in
2181 3087 2347 3127 carne
2389 3074 2853 3144 significatricem.
2899 3077 3056 3146 Apud
3113 3092 3214 3133 nos
3257 3079 3401 3133 enim

1819 3161 2114 3231 prmdictus
2146 3165 2390 3234 psalmus
2422 3165 2494 3218 ita
2522 3167 2683 3221 habet
2717 3186 2730 3220 :
2766 3188 2783 3217 ι
2815 3168 2959 3222 Laus
2984 3169 3239 3224 cantici.»
3267 3168 3403 3223 Nam

1816 3254 1995 3308 omnis
2050 3254 2170 3309 laus
2217 3255 2285 3308 ad
2336 3255 2502 3310 Deum
2541 3256 2796 3312 refertur.
2832 3260 2897 3313 At
2934 3260 3146 3314 llcbra'i
3186 3261 3402 3316 laudem

147 3350 200 3398 Ui
226 3348 277 3401 δὲ
316 3352 555 3425 Ἑϐραῖοι
586 3353 780 3422 σιγῶσι
811 3355 902 3407 τὸν
928 3350 1096 3419 αἶνον,
1129 3357 1355 3420 καὶτοῖς
1378 3356 1589 3410 αἰνοῦσι
1621 3358 1712 3410 τὸν

1823 3343 2072 3406 reticent,
2111 3344 2509 3415 Dominumque
2544 3349 2895 3406 laudantibus
2926 3352 3204 3406 silentium
3236 3353 3407 3422 impe-

147 3440 329 3512 Κύριον
360 3448 521 3518 σιγᾷν
574 3446 973 3515 ἐγκελεύονται.
1013 3447 1259 3502 Κωλύειν
1281 3447 1411 3516 γοῦν
1444 3447 1554 3519 (66)
1594 3451 1713 3502 επις

146 3535 397 3606 χειροῦσιν
451 3542 510 3591 ὲν
558 3539 636 3608 τῷ
691 3539 820 3611 ἱερῷ
852 3540 978 3604 τοὺς
1012 3540 1209 3604 παῖδας
1254 3543 1423 3595 αἰνεῖν
1456 3541 1549 3593 ἐπὶ
1594 3543 1712 3605 ταῖς

145 3628 392 3696 εὐποιίαις
429 3633 523 3686 τὸν
566 3632 791 3703 Κύριον,
828 3632 1011 3696 καθὼς
1054 3631 1356 3703 στηλιτεύει
1404 3632 1586 3685 αὐτῶν
1612 3633 1713 3702 τὴν

145 3719 519 3795 ἀγνωμοσύνην
550 3724 610 3777 τὸ
636 3724 987 3793 Εὐαγγέλιον.
1019 3724 1167 3777 Αὑτά
1202 3724 1259 3777 δὲ
1306 3724 1399 3778 τοῦ
1431 3723 1582 3776 αἴνου
1614 3722 1714 3793 τῆς

144 3807 271 3881 ᾠδῆς
295 3815 497 3885 ταύτης
520 3815 592 3867 τὰ
616 3816 856 3886 ῥήματα,
888 3815 1140 3884 περιττὸν
1159 3815 1226 3869 ἂν
1248 3816 1333 3887 εἴη
1357 3813 1446 3867 διὰ
1469 3814 1566 3884 τῆς
1588 3811 1717 3866 θεω-

147 3902 253 3969 ρίις
278 3905 674 3967 ἀποδεικνύειν,
704 3907 841 3978 πρὸς
864 3908 954 3960 τὸν
983 3908 1186 3979 Κύριον
1210 3907 1494 3979 βλέποντα,
1523 3906 1718 3976 γυμνό-

143 4010 281 4065 τερον
309 3999 477 4071 αὐτῆς
506 4000 608 4069 τῆς
638 3999 836 4065 λέξεως
855 3999 963 4053 τῶν
987 4000 1388 4073 γεγραμμένων
1416 3998 1515 4071 τὴν
1536 3998 1718 4052 τοιαύ-

144 4101 230 4157 την
259 4090 521 4162 ὲμφαινού
532 4109 631 4162 σης
658 4092 920 4148 διάνοιαν.

223 4330 276 4385 ’0
302 4331 358 4385 δὲ
388 4334 531 4404 μετὰ
567 4332 657 4386 τὸν
693 4332 911 4403 πρῶτον
945 4334 1038 4387 καὶ
1089 4334 1492 4406 ἐννενηκοστὸν,
1522 4334 1633 4404 ἔχει
1664 4352 1718 4387 τι

144 4422 235 4474 πά)
247 4442 291 4475 ιν
325 4429 380 4478 ὲν
415 4428 482 4498 τῇ
520 4426 803 4498 ἐπιγραφῇ
832 4426 1230 4500 φανερώτερον,
1258 4421 1319 4503 οὗ
1341 4428 1501 4499 χάριν
1528 4427 1718 4497 φεύγει

142 4513 168 4563 ὀ
203 4512 492 4582 Ἰουδαῖζων
533 4520 633 4589 τὴν
679 4519 777 4590 τῆς
813 4519 1126 4591 ἐπιγραφῆς
1166 4520 1580 4588 συγκατάθεσιν.
1612 4521 1719 4589 Φη-

146 4607 220 4659 οὶν
255 4609 361 4680 γὰρ
391 4612 427 4682 ἡ
470 4611 618 4678 λέξις
645 4610 838 4674 οὕτως’
871 4631 889 4663 ι
923 4607 1082 4675 Αἶνος
1108 4612 1250 4683 ᾠδῆς
1298 4612 1393 4664 τοῦ
1427 4610 1609 4675 Δαυῖδ,
1635 4613 1716 4675 είς

1817 3445 1963 3491 rant.
1992 3436 2204 3493 Etenim
2245 3448 2300 3494 et
2329 3456 2530 3508 pueros
2564 3442 2615 3496 in
2649 3444 2853 3511 templo
2885 3441 3174 3498 Dominum
3207 3445 3279 3499 ob
3312 3446 3411 3499 ben

1816 3534 2010 3586 neiicia
2043 3533 2363 3594 laudantes.
2397 3536 2659 3591 cohibere
2702 3546 2998 3601 conantur,
3035 3549 3196 3608 prout
3230 3539 3406 3593 Evan-

1816 3623 2017 3692 getium
2046 3625 2113 3679 de
2144 3625 2246 3679 hac
2276 3626 2495 3679 illorum
2544 3628 2883 3696 insipientia,
2927 3629 3074 3682 velut
3104 3629 3155 3682 in
3189 3631 3401 3684 colum~

1818 3730 1886 3766 na
1976 3716 2170 3777 incisa,
2202 3717 2605 3771 testificatur“.
2633 3717 2976 3788 Superfluum
3005 3734 3132 3774 vero
3151 3719 3403 3774 fortassis

1819 3802 2002 3867 fuerit,
2035 3805 2081 3858 si
2110 3805 2225 3874 ipsa
2260 3805 2436 3861 laudis
2471 3808 2672 3861 cantici
2708 3807 2871 3876 hujus
2905 3810 3090 3872 verba,
3120 3825 3216 3879 per
3269 3826 3401 3865 con-

1819 3893 2205 3950 siderationem
2279 3897 2665 3968 singulorum,
2728 3900 3017 3955 ostendere
3098 3915 3266 3954 coner
3333 3902 3399 3954 ad

1823 3985 2111 4042 Dominum
2161 3995 2432 4058 spectare,
2476 4006 2601 4046 cum
2648 3993 2765 4061 ipsa
2814 3991 3202 4063 descriptionis
3234 3993 3403 4047 dictio

1819 4089 1874 4133 et
1903 4083 2081 4136 oratio
2129 4082 2347 4152 planius
2394 4092 2448 4139 et
2482 4085 2687 4140 clarius
2730 4085 2876 4140 hunc
2927 4100 3147 4140 sensum
3204 4100 3405 4156 reprae-

1821 4178 2022 4226 sentet.

1892 4324 2291 4397 Nonagesimus
2320 4328 2599 4383 secundus
2645 4337 2827 4385 autem
2858 4330 3064 4401 aliquid
3106 4332 3160 4386 in
3205 4333 3405 4389 inscri-

1822 4418 2009 4488 ptione
2064 4418 2414 4476 manifestius
2480 4436 2590 4491 pra:
2647 4438 2709 4477 se
2769 4422 2914 4491 fert,
2980 4435 3199 4495 propter
3255 4429 3401 4497 quod

1820 4510 2043 4566 Judzeus
2105 4512 2520 4581 inscriptionem
2597 4514 2745 4569 illam
2813 4532 2924 4570 non
2984 4518 3239 4573 admittit.
3311 4519 3404 4575 Sic

1821 4603 1966 4657 enim
1998 4603 2066 4658 ad
2097 4604 2320 4658 verbum
2356 4605 2519 4661 habet
2567 4625 2580 4660 :
2632 4624 2648 4658 ι
2695 4606 2841 4663 Laus
2891 4610 3090 4664 cantici
3128 4610 3292 4666 David
3348 4614 3403 4666 in

143 4695 234 4767 τὴν
259 4700 469 4774 ἡμέραν
516 4704 613 4756 τοῦ
646 4703 947 4772 Σαϐϐάτου,
981 4705 1069 4759 ὅτε
1114 4704 1450 4775 κατῴκισται
1488 4706 1520 4775 ἡ
1556 4704 1647 4773 γῆ.
1695 4723 1712 4753 ι

1823 4696 1966 4750 diem
2014 4695 2278 4761 Sabbati,
2332 4698 2553 4768 quando
2601 4698 2824 4754 fundata
2859 4711 2943 4756 est
2997 4712 3159 4757 terra.
3206 4722 3223 4753 ι
3270 4703 3405 4771 Quis

144 4788 231 4851 Τίς
256 4790 364 4861 γὰρ
396 4795 499 4847 οὐκ
537 4790 648 4848 οἶδε
678 4796 787 4848 τῶν
828 4795 1317 4867 παραδεδεγμένων
1345 4796 1434 4847 τὸν
1462 4795 1591 4865 περὶ
1622 4794 1713 4864 τῆς

1823 4788 1966 4843 enim
2000 4804 2067 4842 ex
2107 4788 2218 4843 illis
2243 4829 2258 4853 ,
2296 4791 2387 4859 qui
2430 4791 2650 4860 pietatis
2692 4792 2979 4860 disciplina
3025 4794 3219 4850 imbuti
3255 4809 3401 4861 sunt,

147 4881 414 4951 εὐσεϐείας
436 4887 618 4956 λόγον,
642 4889 722 4942 ὅτι
744 4892 807 4960 τῇ
839 4888 1023 4960 ἡμέρᾳ
1045 4888 1137 4941 τοῦ
1171 4887 1472 4949 Σαϐϐάτου,
1500 4888 1559 4941 τὸ
1580 4889 1713 4942 κατά

1823 4882 2016 4944 nescit,
2067 4882 2156 4937 die
2201 4882 2464 4947 Sabbati,
2522 4885 2654 4939 illud
2696 4895 2887 4939 contra
2924 4895 3154 4942 mortem
3203 4900 3406 4961 myste-

144 4969 226 5021 τὸν
246 4970 474 5030 θάνατον
514 4977 793 5048 ὲνηργήθη
837 4978 1153 5049 μυστήριον,
1185 4977 1428 5048 ἀκριϐῶς
1472 4978 1611 5032 κατὰ
1633 4979 1713 5032 τοι

1824 4976 1963 5029 rium
2006 4984 2288 5045 peractum
2325 4990 2470 5041 esse,
2503 4976 2767 5032 inunobili
2817 4972 3071 5033 trianente
3106 4980 3403 5034 secundum

147 5059 296 5132 νόμον
322 5065 584 5137 ἀκινήτου
616 5068 899 5139 μείναντος
933 5068 1044 5138 (67)
1073 5069 1130 5119 ἐν
1158 5063 1234 5137 τῷ
1267 5069 1509 5137 μνήματι
1539 5068 1713 5136 κοίτης

1829 5069 1964 5137 legis
2002 5066 2477 5136 prmscriptiunem
2507 5105 2521 5127 ,
2561 5068 2613 5120 in
2667 5068 2836 5122 cubili
2868 5069 3106 5138 sepulcri
3173 5082 3406 5138 corpore

147 5152 343 5210 ἐκείνου
367 5158 464 5211 τοῦ
499 5158 614 5227 (68)
650 5161 932 5230 σώματος;
965 5159 1074 5213 Καὶ
1108 5160 1207 5230 τὴν
1235 5160 1450 5230 ἡμέραν
1486 5158 1713 5228 ἐκείνην1

1828 5159 1959 5213 illo?
1985 5159 2120 5224 Quis
2158 5158 2285 5212 item
2314 5160 2529 5222 nescit,
2561 5175 2681 5227 quae
2706 5160 2798 5212 sit
2833 5159 2973 5222 dies,
3007 5157 3227 5227 quando
3257 5165 3402 5210 terra

149 5243 228 5299 ὅτε
259 5250 576 5321 κατῳκίσθη
624 5254 656 5322 ἡ
690 5254 762 5324 γῆ
803 5253 909 5306 ὑπὸ
932 5252 1025 5307 τοῦ
1060 5250 1301 5306 οἰκιστοῦ
1342 5250 1521 5321 ἡμῶν,
1558 5250 1615 5314 ὃς
1637 5251 1713 5304 διὰ

1825 5258 2010 5305 creata
2049 5258 2103 5303 et
2133 5247 2359 5301 fundata
2383 5255 2469 5303 est
2503 5264 2532 5303 ιι
2559 5250 2848 5304 conditore
2880 5256 3092 5313 nostro,
3119 5247 3208 5317 qui
3246 5261 3406 5301 crer-

209 5432 252 5465 "
284 5436 438 5495 Rom.
482 5456 538 5502 ι,
580 5439 708 5500 6,’1.
786 5440 882 5495 ⁸⁸1
932 5443 1058 5495 Cor.
1114 5458 1204 5508 xv,
1242 5440 1334 5496 22.
1412 5441 1454 5472 ⁸¹
1514 5439 1708 5497 Matth.

1823 5456 1849 5504 ι,
1883 5440 1935 5507 7,
1963 5439 2018 5495 8.

214 5610 321 5690 ίέίὲ)
350 5614 833 5690 Ζωρποιησόμεθαι
858 5620 947 5675 ed-

351 5669 603 5758 Πρώτων

354 5753 776 5827 Προσδέχονται,
807 5760 893 5815 ed.

212 5824 315 5896 (65)
349 5824 476 5890 Τοῖς
517 5824 806 5899 Ἑϐραίοις,
842 5832 929 5888 ed.

418 5929 697 5986 PnnoL.
734 5926 851 5988 Gn.
888 5926 939 5986 Χ
955 5924 1028 5986 Ll
1040 5926 1115 5989 ι’.

1904 5616 2018 5689 (66)
2055 5616 2192 5689 Γάρο
2213 5616 2303 5673 ed.

1903 5686 2018 5755 (67)
2051 5686 2175 5758 ΪΕιτὶ
2223 5688 2324 5758 τῆς
2348 5702 2457 5742 om.
2486 5686 2577 5744 ed.

1907 5759 2019 5829 (68)
2052 5757 2161 5815 Τοῦ
2196 5757 2307 5815 om.
2338 5759 2426 5814 ed.

3012 5917 3086 5980 1⁵1
