3844 6358
448 359 559 415 523

1680 364 1737 417 S.
1769 364 2094 419 GllEGOllll
2134 363 2423 419 NYSSENI

3615 380 3717 439 524

455 481 622 533 tendo
646 480 997 537 habitationis
1022 488 1221 535 nostra:
1242 495 1575 546 eversorem,
1599 498 1795 538 rursus
1813 484 1864 537 id
1882 483 2021 553 quod

2133 482 2192 533 τὸ
2242 483 2356 554 (69)
2408 487 2710 543 καταλῦσαι
2754 490 2845 544 τὸν
2902 492 3233 565 καθαιρέτην
3288 494 3391 565 τῆς
3441 493 3719 566 ἡμετέρας

457 573 573 626 solo
600 579 874 641 aequatum
903 581 1044 639 eral,
1068 589 1132 628 ex
1169 573 1539 628 fundamentis
1573 574 1843 629 restituit?
1866 576 2031 628 Ever-

452 678 544 718 sor
564 670 747 715 autem
777 671 965 719 noster
996 678 1147 719 mors
1185 671 1326 729 erat,
1358 680 1521 734 quam
1557 672 1689 719 tunc
1721 665 2026 727 evacuavit,

450 751 670 818 quando
714 751 874 805 nobis
922 751 1143 821 quidem
1192 751 1579 822 requiescere,
1629 761 1683 806 et
1729 750 2027 808 Sabbatum

450 854 611 909 agere
642 838 953 905 videbatur,
987 855 1217 896 manens
1245 841 1298 895 in
1330 856 1440 910 quo
1483 850 1604 896 erat
1638 842 1757 897 loco
1778 881 1794 903 ,
1828 842 2027 896 immo-

449 930 595 984 bilis.
627 927 821 985 Mortis
842 945 973 985 vero
995 932 1293 1001 potentiam
1324 932 1639 996 debellavit,
1673 933 1856 1002 seipse
1884 934 2025 988 viam

444 1030 704 1076 sternens
744 1020 1002 1076 omnibus
1051 1024 1287 1076 mortuis
1336 1021 1404 1076 ad
1461 1024 1915 1083 resurrectionem
1961 1039 2027 1077 cx

443 1120 641 1167 morte.
671 1112 775 1166 Sed
806 1127 913 1166 non
941 1113 1138 1181 recipit
1162 1113 1386 1168 Sabbati
1412 1115 1736 1185 mysterium
1763 1115 2026 1171 inimicus

449 1205 633 1259 crucis
682 1205 911 1261 Christi.
953 1203 1302 1276 Quapropter
1347 1213 1404 1260 et
1443 1206 1556 1260 haec
1596 1206 1838 1261 laudatio
1881 1206 2025 1277 apud

446 1296 596 1365 ipsos
629 1296 991 1367 inscriptione
1021 1307 1201 1363 caret;
1232 1311 1340 1352 non
1365 1299 1510 1353 enim
1541 1299 1852 1354 concedunt
1882 1299 2028 1354 hunc

443 1403 568 1442 esse
607 1388 916 1449 Dominum.
953 1386 1043 1456 qui
1076 1402 1200 1441 cum
1226 1387 1465 1456 seipsum
1500 1387 1658 1444 nobis
1690 1386 2030 1443 conformas—

445 1490 560 1543 ενι,
599 1486 955 1549 nostramque
1000 1477 1377 1533 confusionem
1432 1478 1486 1532 in
1524 1478 1700 1533 forma
1740 1479 1883 1535 set-vi
1937 1480 2026 1534 in-

446 1569 690 1631 duisset,
724 1585 918 1624 rursus
947 1569 1212 1639 regnavit,
1248 1577 1302 1624 et
1336 1570 1616 1641 proprium
1642 1569 1898 1626 decorem
1935 1571 2024 1625 in-

447 1660 585 1721 duit,
617 1668 671 1713 ct
702 1661 1003 1729 potentiam
1052 1660 1154 1713 sibi
1191 1658 1574 1741 circuitidedit.
1616 1658 1865 1715 Potentia
1893 1675 2025 1715 vero

446 1759 502 1805 et
529 1750 693 1805 decor
736 1746 895 1813 Filii,
930 1747 1088 1804 Pater
1125 1761 1228 1805 est.
1285 1749 1383 1805 Hic
1434 1750 1758 1806 dissolutam
1805 1762 2028 1821 peccato

2131 575 2416 645 οἰκήσεως,
2443 577 2606 631 πάλιν
2626 579 2688 633 τὸ
2715 581 3015 651 spumosi,
3052 583 3112 648 ἐξ
3149 583 3402 655 ὑπαρχῆς
3428 582 3720 655 ᾠκοδόμη-

2133 681 2227 719 σεν
2264 685 2282 734 ;
2316 668 2372 723 Ὀ
2391 668 2448 722 δὲ
2471 668 2803 743 καθαιρέτης
2839 675 2872 743 ἡ
2883 672 2998 743 μῶν
3024 675 3054 726 6
3104 673 3335 739 θάνατος
3358 669 3450 746 ἦν,
3470 674 3546 729 δν
3595 676 3723 730 τότε

2134 758 2505 829 κατήργησεν,
2549 763 2639 815 ὅτε
2677 764 2808 833 ἡμῖν
2844 765 2942 834 μὲν
2970 764 3319 830 σαϐϐατίζειν
3351 764 3468 836 (70)
3517 766 3721 831 ἐδόκει,

2135 847 2312 917 μένων
2342 851 2400 903 ὲν
2437 844 2483 918 ᾧ
2518 846 2587 921 ἦν
2616 854 2767 923 τόπῳ
2809 854 3082 926 ἀκίνητος.
3119 856 3231 927 Τὴν
3262 856 3320 909 δὲ
3352 855 3446 910 τοῦ
3480 856 3723 912 θανάτου

2132 938 2536 1008 κατηγωνίζετο
2570 941 2823 1010 δύναμιν,
2852 944 3111 998 ὁδοποιῶν
3150 945 3216 999 δι’
3255 946 3447 1001 ἑαυτοῦ
3484 948 3603 1011 τοῖς
3636 965 3728 1001 τε·

2133 1026 2328 1085 θνεῶσι
2377 1033 2512 1085 πᾶσι
2557 1031 2656 1103 τὴν
2688 1035 2753 1087 ὲκ
2782 1034 2877 1087 τοῦ
2928 1034 3161 1090 θανάτου
3204 1036 3525 1091 ἀνάστασιν.
3578 1039 3726 1092 Ἀλλ’

2131 1119 2193 1172 οὐ
2222 1119 2440 1191 δέχεται
2469 1122 2533 1175 τὸ
2560 1123 2654 1178 τοῦ
2687 1124 2968 1181 Σαϐϐάτου
3001 1128 3298 1200 μυστήριον
3329 1130 3359 1183 6
3400 1128 3600 1201 ὲχθρδς
3624 1130 3724 1183 τοῦ

2132 1212 2368 1282 σταυροῦ
2401 1212 2496 1268 τοῦ
2529 1215 2789 1284 Χριστοῦ.
2837 1219 2930 1271 Διὸ
2979 1219 3073 1272 κα)⁸
3113 1211 3270 1285 οὗτός
3312 1221 3461 1275 ἐστιν
3487 1223 3519 1274 6
3570 1217 3726 1284 αἶνος

2129 1305 2263 1373 παρ’
2317 1305 2502 1369 αὐτοῖς
2546 1307 2939 1379 ἀνεπίγραφος.
2994 1310 3071 1365 Οὐ
3125 1312 3237 1384 γάρ
3285 1312 3599 1367 συντίθεται
3636 1314 3723 1367 ὅτι

2127 1386 2284 1459 οὗτός
2315 1396 2464 1450 ἐστιν
2496 1399 2525 1451 6
2561 1399 2787 1471 Κύριος,
2812 1400 2842 1453 6
2866 1401 2979 1470 (7|)
3007 1402 3131 1455 καθ’
3158 1404 3309 1474 ἡμᾶς
3348 1404 3547 1459 ἑαυτὸν
3586 1422 3723 1476 σχη-

2131 1482 2386 1553 ματίσας,
2428 1487 2525 1541 καὶ
2561 1488 2662 1559 τὴν
2702 1490 2977 1562 ἡμετέραν
3009 1493 3269 1565 αἰσχύνην
3313 1495 3721 1566 περιϐαλλόμε-

2127 1589 2215 1637 νος
2250 1574 2362 1645 (72)
2393 1578 2451 1629 ὲν
2477 1580 2543 1649 τῇ
2577 1579 2673 1632 τοῦ
2712 1580 2900 1636 δούλου
2933 1584 3136 1654 μορφῇ,
3174 1585 3339 1639 πάλιν
3367 1585 3718 1651 ἐϐασίλευσε,

2128 1665 2222 1718 καὶ
2246 1667 2345 1734 τὴν
2376 1666 2513 1721 ἰδίαν
2540 1670 2875 1742 εὐπρέπειαν
2914 1674 3217 1739 ἐνεδύσατο,
3257 1676 3353 1729 καὶ
3379 1677 3481 1746 τὴν
3520 1678 3717 1732 ἑαυτοῦ

2128 1756 2488 1826 περιεϐάλετο
2510 1758 2760 1830 δύναμιν.
2802 1762 3040 1833 Δύναμις
3070 1764 3127 1818 δὲ
3153 1767 3251 1818 καὶ
3276 1765 3589 1835 εὐπρέπεια
3624 1769 3722 1822 τοῦ

449 1849 697 1894 naturam
722 1840 919 1894 iterum
943 1840 1342 1901 corroboravit,
1370 1849 1427 1894 ut
1457 1856 1527 1896 ne
1549 1842 1786 1911 amplius
1809 1842 1877 1896 ad
1902 1858 2021 1912 pec-

2132 1845 2261 1900 Υίοῦ
2292 1848 2321 1900 6
2350 1848 2560 1919 Πατήρ.
2592 1829 2763 1915 Οὗτος
2794 1829 3047 1907 λυθεῖσαν
3075 1854 3143 1908 δι’
3179 1829 3457 1927 ἁμαρτίας
3483 1855 3590 1927 τὴν
3620 1859 3718 1911 ἀν-

447 1941 627 1987 catum
664 1931 1051 1996 delaberetur,
1091 1946 1268 1999 neque
1314 1931 1571 2001 procellis
1615 1932 1761 1994 illis,
1811 1948 1929 2003 quae
1967 1934 2022 1987 in

446 2030 672 2092 peccato
690 2023 985 2089 exsistunt,
1019 2023 1353 2094 agitaretur;
1387 2023 1665 2093 multaque
1692 2023 1799 2077 alia
1827 2024 2026 2079 divinae

444 2116 632 2185 gratiae
667 2115 966 2183 beneﬁcia,
1009 2131 1132 2170 cum
1174 2130 1270 2186 per
1311 2116 1602 2187 aenigmata
1637 2114 2021 2184 decantassct,

443 2209 639 2263 ﬂuvios
667 2209 934 2279 quosdam
965 2209 1123 2264 valde
1151 2219 1412 2264 sonantes
1449 2207 1658 2263 inducit
1684 2251 1698 2275 ,
1731 2209 2020 2279 Evangeli-

444 2314 559 2362 cas,
593 2309 650 2353 ut
684 2299 942 2365 arbitror,
980 2314 1145 2355 voces
1164 2299 1483 2369 designans.
1516 2296 1583 2350 Et
1614 2297 1744 2366 quid
1770 2312 1909 2367 opus
1936 2307 2022 2354 est

445 2389 682 2459 singula,
715 2403 837 2457 qua:
871 2388 925 2441 in
955 2387 1259 2456 psalmodia
1289 2387 1495 2457 scripta
1526 2394 1691 2449 sunt,
1726 2389 2018 2456 persequi;

444 2497 569 2533 cum
593 2481 738 2534 nulla
775 2481 845 2537 sit
880 2481 933 2534 in
975 2479 1181 2533 divinis
1209 2478 1374 2534 dictis
1409 2478 1707 2545 dubitatio,
1745 2481 1877 2550 quin
1907 2488 2019 2534 tota

443 2571 534 2623 illa
584 2570 879 2639 hymnodia
916 2571 970 2624 in
1013 2570 1165 2623 illum
1205 2576 1516 2636 competat,
1552 2569 1645 2638 qui
1681 2569 1933 2623 ascendit
1968 2570 2022 2624 in

438 2658 787 2729 jubilatione,
811 2660 902 2729 qui
934 2660 1248 2714 testimonia
1280 2674 1377 2713 sua
1414 2657 1655 2726 legitima
1676 2657 2026 2713 confessione

441 2751 624 2805 ﬁrmat
650 2790 664 2813 ,
706 2750 800 2820 qui
842 2750 1280 2805 sanctificatione
1318 2748 1544 2818 spiritus
1591 2748 1869 2820 propriam
1920 2748 2023 2805 Ec-

442 2842 623 2896 clesiae
665 2841 886 2895 domum
931 2840 1193 2910 insignire
1227 2838 1556 2895 constituit?

2130 1934 2410 2008 θρωπίνην
2439 1939 2551 2009 (73)
2584 1941 2768 2009 φύσιν,
2816 1943 2978 1997 πάλιν
3013 1945 3249 2017 στεῤῥάν
3294 1946 3714 2018 ἀπειργάσατο·

2128 2029 2205 2092 ὡς
2236 2029 2432 2100 μηκέτι
2465 2031 2637 2100 αὐτὴν
2670 2033 2806 2103 πρὸς
2849 2035 3048 2090 κακίαν
3075 2036 3421 2108 ἀπωσθῆναι,
3457 2038 3601 2109 μηδὲ
3627 2038 3721 2092 τὸν

2128 2118 2188 2171 ἐν
2225 2121 2472 2192 ἁμαρτίᾳ.
2526 2121 2780 2189 δέξασθαι
2826 2124 2941 2196 (74)
2982 2126 3164 2183 σάλον.
3218 2128 3333 2182 Καὶ
3382 2129 3563 2183 πολλά
3604 2130 3717 2201 (75)

2128 2210 2263 2265 ἄλλα
2305 2212 2373 2265 δι’
2398 2213 2737 2284 αἰνιγμάτων
2767 2216 3161 2290 ἀνευφημήσας
3191 2219 3291 2291 τὴν
3325 2220 3513 2292 χάριν,
3552 2238 3719 2275 ποτα-

2129 2302 2264 2374 μούς
2306 2320 2461 2369 τινας
2504 2306 2718 2376 μεγάλα
2760 2308 3022 2378 ὴχοῦντας
3044 2309 3124 2380 τῷ
3171 2310 3317 2383 λόγῳ
3358 2314 3714 2386 προστίθησι,

2123 2393 2222 2457 τάς
2251 2394 2362 2465 (76)
2421 2394 2529 2449 τῶν
2562 2397 2932 2467 Εὑαγγελίων,
2961 2401 3039 2465 ὡς
3078 2396 3255 2473 οἶμαι,
3285 2402 3462 2472 λέγων
3506 2406 3715 2474 φωνάς.

2126 2485 2237 2539 Καὶ
2264 2486 2315 2537 τί
2331 2489 2436 2559 χρὴ
2452 2486 2521 2540 τά
2550 2487 2671 2541 καθ’
2688 2488 2918 2544 ἕκαστον
2942 2490 3192 2555 διεξιέναι
3217 2491 3327 2545 τῶν
3350 2494 3412 2547 έν
3444 2497 3514 2565 τῇ
3539 2485 3720 2566 ψαλμ-

2122 2576 2256 2648 ῳδίᾳ
2294 2578 2730 2650 γεγραμμένων,
2773 2581 3032 2651 οὐδεμιᾶς
3076 2582 3244 2653 οὔσης
3290 2586 3350 2638 ιν
3390 2588 3509 2650 τοῖς
3552 2588 3715 2653 θείοις

2125 2667 2309 2737 ῥητοῖς
2336 2666 2665 2737 ἀμφιϐολίας
2709 2669 2805 2723 τοῦ
2838 2673 2920 2735 είς
2949 2673 3157 2725 ἐκεῖνον
3182 2672 3399 2743 βλέπειν
3446 2676 3550 2747 τὴν
3583 2678 3714 2749 ύμν-

2121 2757 2307 2828 ῳδίαν,
2337 2757 2428 2810 τὸν
2455 2757 2731 2814 ἀναϐάντα
2756 2760 2887 2815 Θεὸν
2916 2763 2973 2815 ἐν
2995 2763 3316 2837 ἀλαλαγμῷ,
3344 2767 3443 2820 καὶ
3466 2767 3540 2821 τὰ
3573 2786 3716 2841 μαρ-

2119 2845 2281 2917 τύρια
2307 2847 2472 2901 αὐτοῦ
2501 2847 2589 2903 διά
2632 2851 2733 2921 τῆς
2761 2852 2974 2922 ἀγαθῆς
3000 2854 3293 2926 ὁμολογίας
3333 2857 3710 2924 πιστώσαντα,

443 2932 536 2985 καὶ
559 2930 619 2985 :6
639 2931 884 3004 ἀγίασμα
908 2930 1002 2987 τοῦ
1032 2930 1341 3003 πνεύματος
1360 2930 1440 3003 τῷ
1464 2929 1579 3003 ἰδίῳ
1600 2930 1735 3002 οίγ.ῳ
1762 2930 1861 3003 τῆς
1904 2932 2229 3006 Ἐκκλησίας
2261 2940 2544 3012 ἐμπρέψαι
2572 2944 3101 3014 παρασκευάσαντα;

517 3103 783 3164 Similiter
806 3109 1145 3179 nmiagesimi
1170 3108 1313 3163 tertii
1340 3109 1749 3179 inscriptionem
1779 3110 2022 3167 eamdem

388 3224 401 3234 ι
443 3202 514 3256 ob
537 3215 760 3256 causam
789 3198 1013 3255 Iudaeus
1040 3215 1150 3255 non
1184 3200 1398 3270 recipit,
1423 3215 1545 3271 quae
1571 3200 1656 3255 his
1682 3200 1862 3256 verbis
1887 3216 2022 3256 eon-

443 3299 600 3363 cepta
630 3300 735 3357 est,
777 3311 795 3343 ι
826 3291 1013 3347 Davidi
1043 3299 1239 3361 quarta
1268 3269 1490 3345 sabbati
1521 3291 1638 3347 sine
1668 3292 2023 3363 inscriptione
2049 3269 2092 3327 θ

444 3383 588 3454 apud
625 3382 900 3439 ﬂebraaos.
946 3402 964 3435 ι
1072 3456 1073 3459 η

514 3610 787 3666 Caeterum
834 3609 1177 3682 mysterium,
1224 3608 1369 3679 quod
1408 3609 1613 3666 in'boc
1645 3610 1857 3681 psalmo
1884 3625 2020 3666 con-

441 3702 674 3767 tinetur,
704 3701 1070 3755 crconomiam
1119 3700 1391 3771 passionis
1422 3701 1676 3772 explicat.
1708 3701 1845 3755 Cum
1873 3703 2017 3757 enim

456 3792 721 3847 Dominus
759 3792 949 3862 quinta
996 3789 1221 3845 Sabbati
1263 3804 1294 3845 a
1338 3788 1479 3845 Juda
1526 3791 1775 3861 proditus
1828 3790 1919 3856 sit,
1962 3792 2017 3845 in

400 3886 405 3891 ’
441 3899 528 3945 ea,
569 3899 692 3955 qum
728 3883 873 3939 hanc
923 3882 1070 3937 diem
1120 3880 1413 3945 antecedit,
1442 3881 1492 3935 is
1520 3881 1614 3951 qui
1650 3870 1823 3936 totum
1855 3897 2019 3935 mun-

440 3973 570 4027 dum
630 3973 814 4042 seipso
858 3970 1136 4032 redemit,
1197 3984 1227 4022 a
1272 3969 1549 4039 proditore
1611 3970 2020 4040 quodammodo

439 4064 695 4119 venditus
742 4071 876 4127 est;
941 4063 1024 4116 sic
1066 4064 1211 4116 enim
1267 4069 1321 4115 ct
1387 4076 1417 4115 a
1476 4061 1739 4130 propheta
1780 4058 2015 4115 Jeremia

443 4154 645 4208 factum
689 4154 793 4207 hoc
824 4154 1160 4215 nominatur,
1197 4167 1321 4207 cum
1369 4150 1445 4204 ait
1479 4169 1492 4204 :
1531 4169 1550 4202 ι
1583 4149 1649 4204 Et
1683 4160 2018 4221 acceperunt

440 4244 663 4313 triginta
689 4251 977 4313 argenteos
1002 4243 1236 4314 pretium
1266 4241 1558 4311 appretiati
1581 4241 1649 4295 ".
1675 4261 1693 4294 ι
1728 4240 1804 4296 Eo
1834 4250 2014 4297 autem

2210 3120 2486 3187 ζΩσαύτως
2517 3123 2609 3178 καὶ
2638 3123 2734 3179 τοῦ
2781 3125 2967 3197 τρίτου
3016 3128 3156 3198 μετά
3195 3128 3285 3185 τὸν
3328 3131 3710 3204 ὲννενηκοστδν

2126 3211 2215 3267 διὰ
2246 3214 2344 3282 τὴν
2382 3214 2552 3287 αὐτὴν
2589 3218 2765 3272 αἰτίαν
2796 3219 2826 3271 6
2870 3218 3119 3290 Ἐϐραῖος
3285 3225 3606 3298 ἐπιγραφὴν
3648 3230 3708 3282 οὗ

2125 3303 2489 3373 παραδέχεται
2509 3322 2523 3337 ο
2557 3304 2669 3377 ἔχει
2705 3307 2762 3361 δὲ
2790 3311 2824 3378 ἡ
2854 3308 2998 3374 λέξις
3023 3311 3124 3381 τῆς
3155 3311 3470 3384 ἐπιγραφῆς
3495 3315 3707 3381 οὕτως’

2129 3411 2150 3445 r
2189 3393 2277 3466 Τῷ
2311 3394 2493 3462 Δαυῒδ,
2533 3398 2750 3471 τετράδι
2798 3399 3112 3472 Σαϐϐάτων,
3156 3404 3533 3478 ἀνεπίγραφος
3579 3411 3709 3480 παρ’

2135 3484 2427 3559 Ἑϐραίοις.
2467 3508 2485 3540 ι

2191 3622 2264 3675 T6
2292 3621 2350 3676 δὲ
2382 3626 2441 3678 ὲν
2486 3626 2658 3699 τούτῳ
2693 3630 3009 3703 μυστήριον,
3042 3634 3141 3706 τὴν
3174 3635 3302 3707 περ).
3332 3637 3394 3691 τὸ
3432 3638 3610 3704 πάθος
3632 3642 3707 3694 ol-

2120 3713 2380 3784 κονομίαν
2413 3719 2794 3790 προαγορεύει.
2832 3722 2909 3794 Τῇ
2941 3723 3051 3795 γάρ
3082 3725 3305 3798 πέμπτῃ
3353 3726 3447 3781 τοῦ
3492 3730 3707 3784 Σαϐϐά-

2118 3819 2213 3856 του
2234 3803 2336 3874 τῆς
2359 3806 2650 3877 προδοσίας
2673 3811 2824 3882 παρά
2844 3812 2937 3867 τοῦ
2967 3814 3136 3871 ’ἰούδα
3154 3816 3313 3887 [(76⁵)
3330 3821 3704 3891 γεγενημένης

2119 3893 2178 3982 έν
2224 3897 2292 3965 τῇ
2341 3896 2448 3966 πρὸ
2491 3898 2696 3969 ταύτης
2728 3901 2912 3974 ἡμέρᾳ
2948 3905 2978 3958 6
3020 3906 3200 3961 πάντα
3244 3909 3335 3962 τὸν
3377 3911 3588 3982 κόσμον
3637 3913 3701 3966 δι’

2120 3981 2339 4056 ἑαυτοῦ]
2377 3984 2761 4058 λυτρούμενος,
2791 3991 2895 4045 ὑπὸ
2934 3993 3029 4046 τοῦ
3063 3996 3320 4066 προδότου
3351 3981 3555 4070 τρόπον
3584 4003 3701 4056 τινά

2119 4072 2408 4128 πωλεῖται⁹
2437 4076 2580 4132 οὕτω
2624 4080 2733 4153 γάρ
2765 4082 2857 4136 καὶ
2906 4086 3056 4154 παρά
3091 4088 3195 4158 τῆς
3230 4092 3569 4161 προφητείας
3608 4096 3703 4149 Ἱε-

2121 4162 2312 4233 ρεμίου
2368 4164 2432 4219 τὸ
2484 4169 2706 4237 γεγονὸς
2757 4172 3081 4245 ὀνομάζεται
3107 4193 3122 4207 ’
3161 4196 3180 4230 ι
3229 4181 3339 4235 Καὶ
3387 4182 3584 4238 ἔλαϐον
3634 4187 3699 4241 τά

2115 4253 2410 4324 τριάκοντα
2437 4258 2674 4332 ἀργύρια
2707 4262 2807 4335 τὴν
2827 4268 2992 4338 τιμὴν
3017 4268 3111 4323 τοῦ
3133 4274 3523 4343 τετιμημένου.
3555 4297 3576 4330 ι
3604 4279 3699 4333 Διὰ

442 4336 700 4399 consilio,
737 4344 798 4392 ut
834 4336 964 4390 mihi
1018 4334 1342 4405 persuadeo,
1384 4330 1673 4392 venditur.’
1692 4341 1753 4388 ut
1783 4348 1882 4389 nos
1912 4334 2016 4390 sub

2128 4344 2276 4398 τοῦτο
2305 4346 2383 4410 δὲ,
2413 4344 2586 4420 οἶμαι,
2610 4354 2889 4421 πωλεῖται,
2921 4359 3011 4413 ἴνα
3037 4363 3100 4431 τῇ
3138 4362 3328 4418 ἑαυτοῦ
3349 4365 3550 4435 πράσει
3574 4371 3697 4432 τοὺς

441 4436 664 4496 peccato
692 4428 962 4492 venditos,
986 4442 1087 4483 sua
1119 4426 1430 4481 venditione
1452 4434 1618 4481 emat.
1648 4424 2012 4492 Quamobrem

440 4519 745 4588 praevidens
801 4519 1093 4588 Propheta,
1150 4517 1202 4573 id
1241 4517 1385 4587 quod
1442 4515 1687 4571 futurum
1736 4525 1876 4581 erat,
1932 4517 2012 4570 ira

2116 4434 2223 4486 ὑπὸ
2252 4436 2368 4530 ,τῆς
2408 4440 2685 4514 ἁμαρτίας
2732 4450 3119 4520 πεπραμένους
3160 4452 3486 4530 ἐξαγοράσῃ.
3537 4460 3696 4514 Ὅθεν

2117 4527 2349 4622 προίδὼν
2380 4531 2409 4584 6
2435 4533 2721 4609 Προφήτης
2757 4539 2819 4593 τὸ
2849 4541 3125 4613 ἐσόμενον,
3157 4545 3315 4618 θυμῷ
3343 4527 3619 4622 τινι-πρὸς
3641 4553 3695 4607 :6

440 4611 672 4678 quadam
707 4612 764 4665 in
797 4609 1009 4668 facinus
1040 4609 1173 4665 illud
1205 4608 1534 4671 concitatur,
1582 4607 1750 4663 Deum
1788 4607 2013 4664 ultionis

2128 4619 2404 4713 γενόμενον
2450 4607 2806 4699 διεγείρεται,
2858 4607 2990 4688 Θεδν
3030 4607 3357 4709 ἐκδικήσεων
3394 4642 3508 4713 (77)
3526 4607 3695 4698 ⁵αὑτὸν

440 4700 592 4755 illum
636 4701 907 4767 vocitans,
964 4710 1020 4756 et
1069 4713 1129 4756 ut
1170 4700 1462 4763 exaltetur,
1514 4700 1607 4768 qui
1658 4706 1879 4769 pr0pter
1912 4712 2014 4752 nes

438 4791 762 4847 humiliatus
800 4801 906 4855 est,
960 4805 1341 4856 commoneas,
1372 4806 1483 4860 quo
1524 4790 1718 4845 reddat
1758 4790 2014 4859 superbis

436 4883 655 4951 dignam
706 4883 1139 4948 retributionem,
1172 4898 1240 4937 ne
1276 4882 1333 4935 in
1381 4896 1481 4936 sua
1533 4880 1742 4935 malitia
1771 4880 2014 4951 glorien-

435 4984 525 5029 tur
559 4982 878 5044 peccatores
922 4994 934 5028 :
973 4974 1041 5029 ad
1091 4989 1232 5046 quos
1278 4973 1498 5038 clamat,
1538 4973 1737 5027 stultos
1781 4981 1836 5026 et
1879 4972 2016 5029 insi-

434 5066 644 5123 uicntes
685 5066 807 5121 illos
852 5067 1166 5137 appellans,
1231 5066 1324 5137 qui
1383 5065 1526 5137 ejus,
1580 5064 1678 5135 qui
1725 5064 2011 5136 apparuit,

503 5236 547 5268 "
594 5236 785 5306 Matth.
817 5253 986 5305 xxv",
1021 5241 1074 5297 9.

504 5397 614 5465 (69)
648 5398 779 5457 Τοῦ,
805 5397 893 5452 ed.

503 5469 616 5538 (70)
644 5468 765 5538 Σωμ
777 5467 998 5532 ατίζειν,
1017 5468 1104 5522 ed.

504 5536 765 5599 (71)’⁸ος,
794 5538 879 5591 ed.

646 5606 1102 5677 Περιϐαλὸμενος,
1144 5607 1232 5661 ed.

646 5670 1019 5747 ᾌνθρωπίῖιην
1048 5692 1159 5730 om.
1192 5676 1281 5732 ed.

511 5736 560 5804 (7
574 5738 621 5805 4)
640 5736 916 5811 Δέχεσθαι,
948 5736 1039 5800 ἑά.

2117 4710 2418 4781 ὀνομάζων,
2461 4718 2557 4772 καὶ
2590 4719 2872 4794 ὑψωθῆναι
2899 4724 2991 4780 τόν
3014 4728 3082 4780 δι’
3110 4731 3257 4800 ἡμᾶς
3293 4710 3693 4790 ταπεινωθέντα

2116 4803 2469 4894 παρακαλῶν,
2486 4809 2780 4867 ἀποδοῦναι
2791 4817 2900 4879 τοῖς
2913 4817 3281 4891 ὑπερηφάνοις
3296 4824 3393 4894 τὴν
3408 4828 3532 4881 κατ’
3544 4828 3693 4894 ἀξίαν

2117 4890 2402 4989 ἀντίδοσιν,
2433 4898 2510 4963 ὡς
2539 4901 2607 4955 ἂν
2643 4902 2717 4975 μὴ
2747 4904 3125 4979 ὲπικαυχοῖντο
3148 4911 3259 4985 (78)
3293 4890 3360 4967 οί-
3383 4890 3692 4989 ἁμαρτωλοὶ

2115 4983 2182 5081 fil
2213 4985 2396 5081 κίξξίᾳ·
2428 4988 2477 5041 Π
2483 4990 2573 5081 ρὸς
2600 4993 2695 5057 οὓς
2720 4994 2840 5068 βοᾷ,
2865 4998 3107 5071 ἄφρονας
3129 4983 3325 5068 αὐτοὺς
3349 4983 3447 5061 κα)
3482 4983 3692 5081 μωροὺς

2116 5070 2418 5147 ὀνομάζων,
2435 5078 2561 5146 τοὺς
2596 5081 2672 5156 μὴ
2696 5070 3174 5162 παραδεξαμένους
3199 5093 3299 5166 τὴν
3326 5096 3420 5150 τοῦ
3442 5070 3692 5169 ἀρθέντος

2209 5409 2301 5476 75)
2333 5411 2402 5465 Δέ
2431 5412 2558 5469 add.
2594 5418 2684 5472 ed.

2188 5477 2301 5545 (76)
2324 5482 2434 5545 Τάς
2462 5498 2574 5540 om.
2603 5486 2691 5543 ed.

2187 5549 2327 5622 (ξδ’)
2366 5549 2537 5609 Uncis
2568 5556 2783 5613 inclusa
2822 5575 2930 5615 non
2965 5562 3127 5621 habet
3157 5566 3249 5622 ed.

2187 5618 2715 5758 (77)Ἐκδικήσεως,
2737 5627 2825 5683 ed.

2214 5687 2302 5758 78)
2333 5690 2788 5758 Ἐπικαυχῶνται,
2811 5717 2825 5756 t

2214 5687 2302 5760 78)
2333 5687 2788 5766 Ἐπικαυχῶνται,
2811 5700 2898 5757 ed.
