3844 6376
171 395 268 450 5‘25

1551 393 1620 450 IN
1659 392 1997 450 PSALMOS.

3296 391 3401 446 526

170 475 404 575 θεότητα.
425 504 582 559 Ἵδιον
601 505 709 577 γάρ
725 506 838 560 ἐστι
849 505 944 560 τοῦ
965 507 1216 576 ἄφρονος,
1230 508 1305 572 ὡς
1331 509 1556 581 ἑτέρωθί
1568 527 1722 581 φησι,

1836 506 2166 562 divinitatem
2207 504 2542 560 inﬁciantur.
2588 502 2722 559 Nam
2769 505 3082 576 insipientis
3123 506 3399 577 proprium

170 596 225 649 τὸ
245 596 330 648 τὸν
371 595 497 648 ὄντα
523 595 654 649 Θεὸν
689 596 764 668 μὴ
799 593 937 652 εἶναι
975 599 1171 667 λέγειν.
1198 598 1305 670 Βοᾷ
1330 601 1387 654 δὲ
1419 600 1554 670 πρὸς
1600 603 1726 666 τοὺς

167 687 445 751 τοιούτους,
476 687 558 740 ὅτι
581 707 597 738 ι
628 687 842 754 Σύνετε,
869 689 1100 762 ἄφρονες
1120 694 1179 745 έν
1203 692 1281 763 τῷ
1298 693 1432 763 λαῷ,
1462 695 1579 760 καὶ,
1611 711 1729 764 μω-

171 779 270 850 ροὶ,
305 779 433 831 ποτὲ
456 781 780 849 φρονήσατε.
813 799 831 833 ι
869 782 964 845 Τίς
995 782 1025 834 6
1054 785 1326 852 φυτεύσας
1351 785 1412 838 τὸ
1442 781 1534 848 οὖς
1555 803 1569 850 ;
1593 785 1677 850 τίς
1699 788 1728 839 6

173 869 369 931 πλάσας
406 869 497 922 τὸν
529 869 840 940 όφθαλμόν;
869 873 955 936 τίς
978 874 1008 926 6
1048 875 1318 928 παιδεύων
1352 876 1421 929 τά
1454 875 1616 947 ἔθνης
1643 876 1729 940 τίς

167 956 195 1008 6
219 954 496 1023 γινώσκων
543 958 671 1022 τοὺς
706 959 1088 1032 διαλογισμοὺς
1118 963 1226 1017 τῶν
1264 963 1602 1037 ἀνθρὼπωη
1641 964 1730 1018 διὰ

168 1047 358 1100 τούτων
387 1047 496 1119 γὰρ
511 1045 664 1120 οἶμαι
686 1052 904 1106 πάντων
934 1055 1026 1108 τὸν
1055 1054 1343 1126 Προφήτην
1374 1055 1442 1108 τὰ
1469 1055 1612 1109 κατά
1629 1055 1729 1120 τὰς

171 1138 330 1202 ίάσεις
369 1139 592 1210 μηνύειν
625 1141 898 1213 θαύματα,
927 1143 993 1198 δι’
1023 1138 1099 1198 ὧν
1138 1147 1408 1218 ὀφθαλμοί
1436 1165 1495 1200 τε
1523 1147 1728 1201 ἐπλάσ-

170 1247 311 1283 σοντο
339 1230 428 1284 διὰ
450 1230 544 1284 τοῦ
584 1232 902 1303 πτύσματος
933 1236 1027 1288 καὶ
1060 1236 1159 1305 τῆς
1189 1238 1292 1307 γῆς
1319 1237 1731 1308 πηλουργούμε-

167 1337 239 1373 νοι
265 1360 279 1384 ,
319 1321 412 1374 καὶ
443 1322 604 1375 ἀκοαὶ
645 1323 847 1394 τρόπον
887 1327 1008 1378 τινὰ
1054 1330 1166 1389 τοῖς
1210 1328 1592 1398 ἐστερημένοις
1631 1329 1731 1397 τῆς

167 1412 459 1482 αἰσθήσεως
512 1413 717 1485 ταύτης
755 1415 842 1468 διὰ.
876 1416 984 1469 τῶν
1013 1418 1289 1471 δακτύλων
1329 1420 1725 1488 ὲνεφυτεύοντο.

167 1502 267 1554 Καὶ
308 1502 407 1554 ὅσα
440 1503 499 1556 ἐν
537 1503 616 1573 τῷ
662 1505 890 1576 κρυπτῷ
940 1507 1050 1560 τῶν
1097 1509 1386 1578 νοημάτων
1421 1510 1728 1574 ἐλάνθανεν,

166 1590 308 1661 παρά
326 1591 421 1644 τοῦ
449 1591 737 1661 βλέποντος
757 1594 858 1658 τὰς
876 1594 1205 1666 ἐνθυμήσεις
1232 1597 1408 1652 αὐτῶν
1440 1598 1727 1667 διελέγετο.

177 1682 382 1753 Ἐπειδὴ
417 1683 626 1747 τούτοις
659 1683 872 1753 ὲμὸοῶν
900 1687 999 1739 οὐκ
1025 1686 1289 1758 ἠκούσθη,
1326 1689 1460 1758 πρὸς
1499 1690 1589 1742 τὸν
1618 1689 1728 1742 Κύ-

163 1791 267 1844 ριον
293 1775 610 1845 ἐπιστρέφει
630 1776 718 1828 τὸν
746 1776 903 1845 λόγον
935 1779 1026 1832 καί
1057 1794 1240 1848 φησιν·
1271 1798 1289 1830 ι
1331 1781 1608 1854 Μακάριος
1633 1783 1728 1836 άν-

164 1866 392 1936 θρωπος,
423 1867 484 1920 ὃν
531 1867 596 1922 ἃν
629 1868 949 1941 παιδεύσῃς,
975 1872 1179 1941 Κύριε,
1211 1873 1304 1924 καὶ⁵
1332 1873 1396 1926 ἐκ
1423 1873 1518 1926 τοῦ
1561 1874 1727 1943 νόμου

163 1975 248 2011 σου
272 1959 487 2031 διδάξῃς
516 1961 676 2014 αὐτόν
701 1979 716 1994 ο
750 1980 768 2011 ι
802 1960 881 2024 ὡς
908 1961 1000 2014 τοῦ
1029 1965 1196 2031 νόμου
1225 1964 1344 2017 καθ’
1377 1965 1565 2018 ἑαυτὸν
1587 1965 1730 2033 ὠφεο

161 2048 363 2114 λοῦντος
399 2050 575 2113 οὐδὲν,
611 2053 659 2103 εί
691 2051 763 2121 μή
795 2069 878 2124 τις
922 2051 1042 2106 Θεία
1081 2054 1270 2126 διδαχὴ
1311 2056 1374 2108 τὸ
1405 2056 1725 2125 ἐγκείμενον

160 2141 298 2212 αὐτῷ
341 2143 642 2212 μυστήριον
698 2143 1046 2214 σαφηνίσειε’
1088 2143 1272 2208 καθὼς
1314 2141 1466 2199 εἶπεν
1495 2147 1523 2198 6
1565 2143 1730 2209 αὐτὸς

160 2224 301 2293 οὗτος
331 2232 639 2302 Προφήτης,
668 2231 748 2284 ὃτι
777 2248 796 2282 ι
844 2233 1216 2302 Ἀποκάλυψον
1256 2237 1382 2298 τοὺς
1419 2235 1729 2306 ὀφθαλμούς

164 2335 275 2386 μου,
301 2321 392 2370 καὶ
413 2321 736 2389 κατανοήσω
758 2320 825 2373 τὰ
856 2319 1134 2391 θαυμάσια
1152 2324 1216 2376 ἐκ
1237 2323 1329 2376 τού
1361 2325 1525 2394 νόμου
1554 2343 1670 2380 σου.
1705 2345 1724 2378 ›

155 2405 226 2460 Ἢ
276 2405 413 2474 τάχα
465 2407 753 2476 μακαρίζει
797 2407 889 2461 τὸν
949 2407 1009 2473 ἐξ
1049 2409 1219 2462 ὲονῶν
1257 2410 1335 2481 τῷ
1371 2413 1728 2483 πνευματικῷ

164 2494 302 2564 νόμῳ
348 2494 672 2549 πιστεύοντα
693 2538 707 2563 ,
741 2497 800 2559 ὃς
835 2495 1119 2567 ἀνθρωπος
1149 2496 1225 2551 ὢν
1265 2499 1356 2551 τὸν
1394 2499 1499 2570 πρὸ
1536 2500 1725 2552 τούτου

161 2586 360 2657 χρόνον,
402 2586 693 2658 σαρκώδης
737 2605 795 2640 τε
837 2590 931 2642 καὶ
978 2590 1583 2661 συμπαραϐεϐλημένος
1615 2594 1729 2656 τοῖς

162 2681 421 2748 κτήνεσιν,
470 2678 528 2731 ἐν
566 2681 631 2748 τῇ
670 2679 949 2733 παιδεύσει
978 2681 1072 2733 τοῦ
1110 2681 1255 2734 θείου
1285 2681 1473 2751 νόμου,
1501 2683 1600 2752 τῆς
1630 2700 1730 2734 κα⁶

161 2767 320 2838 τάρας
348 2771 428 2833 εἰς
464 2770 714 2837 εὐλογίαν
759 2773 1120 2843 ἀναλυθείσης
1143 2813 1156 2835 ,
1189 2774 1456 2846 μακάριος
1495 2774 1726 2842 γίνεται.

162 2857 274 2910 Ὀτι
324 2857 478 2928 αὐτῷ
520 2859 617 2930 μὲν
655 2860 762 2913 ἀπὸ
816 2861 924 2914 τῶν
970 2863 1193 2934 ἡμερῶν
1233 2863 1342 2916 τῶν
1389 2865 1641 2936 πονηρῶν
1693 2867 1726 2936 ή

162 2948 288 3019 ὀργὴ
319 2950 643 3020 πραΰνεται,
674 2951 884 3005 ἐκείνου
925 2953 984 3006 δὲ
1009 2956 1038 3007 6
1064 2954 1173 3022 (79)
1202 2953 1393 3026 βόθρος
1417 2955 1724 3026 ὀρύσσεται’

161 3035 273 3094 εἶτα
332 3042 530 3113 μικρὸν
591 3043 836 3108 ὑποϐὰς,
871 3045 962 3097 τὸν
1012 3046 1213 3099 σκοπὸν
1265 3047 1410 3115 λέγει
1446 3050 1546 3117 τῆς
1592 3047 1733 3101 κατὰ

1827 605 1934 661 est,
1985 597 2132 667 quod
2178 597 2308 651 alibi
2357 597 2544 660 tradit,
2593 610 2908 651 asseverare
2941 612 3088 662 eum,
3137 596 3234 667 qui
3279 613 3408 651 vera

1829 686 1974 743 Deus
2016 693 2123 750 est,
2178 701 2287 741 non
2339 701 2499 751 esse;
2544 686 2747 755 quibus
2805 687 3036 757 proinde
3089 688 3401 743 acclamat:

1836 795 1855 829 ι
1890 777 2197 847 lntelligite,
2251 777 2576 846 insipientes
2620 778 2675 831 in
2715 778 2938 847 populo,
2989 786 3064 843 et,
3100 779 3273 844 stulti,
3305 779 3406 832 ali-

1831 869 2052 939 quando
2098 868 2293 938 sapite.
2330 887 2348 919 ι
2400 867 2535 932 Quis
2580 876 2686 932 est,
2733 869 2826 937 qui
2876 869 3141 936 plantavit
3182 871 3410 924 aurem?

1829 962 1954 1028 quis
1997 960 2092 1029 qui
2124 961 2281 1014 tinxit
2311 960 2531 1013 oculum
2557 960 2581 1012 ?
2604 959 2731 1028 quis
2759 959 2943 1013 erudit
2989 961 3256 1030 populos?
3282 962 3406 1030 quis

1831 1056 1938 1112 est,
1986 1049 2078 1118 qui
2114 1049 2401 1119 cognoscit
2427 1049 2787 1118 cogitationes
2817 1051 3141 1104 hominum?
3173 1050 3270 1106 llis
3298 1066 3408 1104 om-

1832 1139 1998 1194 nibus
2041 1146 2172 1208 puto
2204 1138 2526 1207 Prophetam
2555 1138 2865 1208 signiﬁcare
2913 1141 3184 1195 mirabilia
3215 1140 3268 1193 in
3317 1155 3408 1195 sa-

1831 1230 2152 1284 nationibus
2189 1228 2520 1298 peragendis
2571 1237 2804 1297 patrata,
2854 1229 3075 1298 quando
3119 1230 3264 1284 oculi
3314 1245 3411 1299 per

1832 1329 2054 1390 sputum
2087 1327 2140 1374 et
2193 1328 2394 1372 terram
2447 1320 2568 1372 illiti
2610 1317 3051 1373 reformabantur
3083 1328 3136 1374 et
3181 1319 3408 1388 refinge-

1831 1409 2052 1472 bantur,
2101 1408 2323 1477 quando
2373 1407 2600 1463 auditus
2630 1409 2813 1476 aliquo
2849 1409 3014 1463 modo
3053 1409 3120 1463 iis
3161 1409 3252 1478 qui
3305 1408 3409 1461 hoc

1832 1516 1998 1555 sensu
2045 1499 2242 1569 privati
2297 1507 2477 1564 erant,
2523 1514 2620 1568 per
2664 1499 2866 1568 digitos
2924 1501 3082 1570 quasi
3129 1499 3406 1554 inserebav

1832 1599 1941 1655 tur,
1969 1599 2024 1646 et
2065 1591 2285 1660 quando
2309 1605 2372 1644 ea
2409 1607 2531 1661 qua:
2575 1592 2628 1644 in
2680 1592 2899 1645 occulto
2935 1592 3196 1654 latebant,
3240 1590 3407 1645 animi

1832 1698 2017 1745 sensa,
2052 1684 2120 1737 ab
2161 1698 2227 1738 e0
2255 1684 2347 1753 qui
2385 1684 2725 1754 singulorum
2754 1684 3116 1753 cogitationes
3159 1683 3323 1748 videt,
3355 1684 3410 1736 in

1833 1785 2081 1846 apertum
2103 1777 2318 1846 prolata
2348 1787 2496 1832 sunt.
2529 1780 2597 1831 At
2621 1793 2748 1833 cum
2783 1778 2868 1831 his
2905 1779 3218 1834 acclamans
3242 1793 3410 1834 exau-

1831 1869 1980 1923 ditus
2020 1884 2126 1922 non
2169 1875 2342 1931 esset,
2392 1869 2459 1922 ad
2509 1867 2796 1922 Domimun
2840 1883 3092 1923 sermone
3143 1883 3409 1925 converso

1832 1958 2050 2026 inquit:
2089 1978 2106 2008 ι
2150 1958 2370 2020 Beatus,
2407 1973 2569 2028 quem
2617 1966 2670 2012 tu
2720 1958 3015 2022 erudieris,
3077 1958 3324 2025 Domine,
3355 1969 3410 2014 et

1829 2047 1898 2103 de
1928 2049 2044 2119 lege
2077 2058 2168 2102 tua
2200 2049 2452 2103 docueris
2481 2063 2630 2113 eum,
2664 2067 2682 2099 ι
2719 2049 2876 2118 quasi
2911 2048 2994 2102 lex
3032 2063 3127 2118 per
3171 2063 3231 2104 se
3273 2050 3408 2103 nihil

1829 2139 2024 2210 prosit,
2060 2139 2167 2194 nisi
2199 2139 2382 2193 divina
2410 2139 2595 2208 aliqua
2623 2138 2898 2194 institutio
2929 2139 3175 2192 abditum
3200 2139 3255 2193 in
3287 2142 3406 2209 ipsa

1831 2245 2056 2286 sensum
2091 2229 2402 2284 manifestet
2438 2252 2450 2285 :
2486 2229 2946 2299 quemadmodum
2995 2230 3083 2284 hic
3117 2231 3233 2299 ipse
3279 2246 3407 2301 pro-

1831 2322 1994 2392 pheta
2025 2327 2260 2376 testatus
2298 2328 2414 2385 est,
2460 2340 2479 2372 ‹
2513 2319 2732 2383 Revela,
2766 2339 2785 2372 ι
2821 2321 3098 2390 inquiens,
3153 2339 3170 2370 ι
3213 2321 3404 2376 oculos

1831 2427 2003 2474 meos,
2028 2421 2082 2466 et
2102 2410 2468 2465 considerabo
2492 2411 2764 2466 mirabilia
2787 2411 2854 2465 de
2876 2412 2992 2481 lege
3025 2420 3115 2465 tua
3147 2412 3215 2466 ⁸³.
3254 2401 3275 2461 ἰ
3309 2409 3407 2464 Vel

1833 2499 2088 2555 fortassis
2141 2500 2358 2554 beatum
2398 2498 2657 2568 pradicat
2704 2498 2878 2562 illum,
2915 2500 3009 2569 qui
3058 2515 3121 2554 ex
3157 2500 3409 2571 gentibus

1831 2590 2103 2661 spirituali
2137 2590 2241 2660 legi
2269 2605 2558 2645 assensum
2606 2591 2829 2660 praabet,
2865 2591 2960 2660 qui
3004 2607 3126 2646 cum
3157 2599 3409 2645 anteactn

1831 2691 2080 2752 tempore
2126 2688 2276 2737 esset
2321 2682 2484 2736 homo
2527 2682 2680 2735 carni
2719 2681 2994 2746 addictus,
3039 2683 3410 2752 jumemisque

1832 2774 2068 2840 similis;
2120 2775 2179 2826 in
2224 2773 2570 2828 institutione
2599 2773 2737 2843 legis
2763 2773 2983 2839 divinm,
3030 2776 3408 2829 exsecratione

1831 2865 1886 2918 in
1920 2863 2354 2918 benedictionem
2377 2871 2732 2926 commutata,
2758 2864 2952 2920 beatus
2971 2864 3236 2933 edicitur;
3274 2882 3408 2935 quo-

1833 2955 1977 3009 niam
2031 2953 2137 3023 ipsi
2181 2954 2399 3022 quidem
2440 2953 2522 3007 ira
2568 2968 2598 3006 a
2645 2955 2838 3009 diebus
2886 2955 3044 3008 malis
3087 2955 3406 3026 mitigatur;

1833 3046 1988 3100 alteri
2041 3061 2170 3099 vero
2210 3045 2364 3099 fovea
2407 3045 2628 3100 foditur.
2684 3045 2892 3100 Deinde
2943 3047 3224 3116 paululum
3284 3064 3402 3118 pro-

162 3129 243 3181 τὸν
266 3131 371 3200 (80)
388 3130 678 3200 ἄνθρωπον
695 3132 786 3184 τοῦ
812 3133 1015 3203 Κυρίου
1031 3133 1359 3205 οἰκονομίας.
1403 3153 1421 3185 ι
1456 3134 1516 3187 Εἰ
1547 3136 1620 3205 μὴ
1651 3135 1730 3188 ὅτι

1836 3153 2058 3208 gressus
2108 3138 2267 3191 tinem
2319 3135 2563 3192 declarat
2607 3135 2930 3191 meonomiae
2978 3137 3332 3192 humanitatis
3381 3155 3409 3190 a

163 3220 356 3291 Κύριος
399 3221 677 3292 ὲϐοήθησέ
729 3239 817 3293 μοι
842 3263 858 3287 ,
894 3222 1046 3294 παρὰ
1097 3223 1269 3296 βραχὺ
1326 3225 1621 3297 παρῴκησε
1655 3223 1732 3294 τῷ

168 3310 260 3383 ᾄδῃ
292 3314 324 3382 ἡ
355 3313 503 3384 ψυχή
533 3330 656 3382 μου.
707 3333 725 3365 ι
771 3314 836 3366 Ἦ
875 3313 984 3386 γὰρ
1019 3315 1240 3386 βοήθεια
1262 3316 1355 3369 τοῦ
1377 3317 1604 3386 Κυρίου,
1633 3316 1733 3368 οὐκ

162 3402 362 3474 ἀφῆκεν
383 3405 534 3474 ἡμᾶς
557 3403 650 3456 τοῦ
679 3404 806 3474 ᾅδου
837 3406 1134 3477 παροίκους
1154 3402 1316 3461 εἶναι.
1350 3409 1458 3460 Καὶ
1479 3411 1560 3462 ὅτι
1591 3405 1733 3460 κατὰ

162 3493 218 3545 τδ
251 3493 454 3564 πλῆθος
491 3493 598 3547 τῶν
626 3497 688 3547 ἐκ
714 3495 818 3565 τῆς
848 3497 1123 3566 ἁμαρτίας
1158 3483 1378 3562 ὀδυνῶν,
1405 3500 1734 3572 ἁντίρῤοπος

163 3584 366 3652 ἐγένετο
407 3587 542 3656 ἡμῖν
585 3587 618 3654 ἡ
655 3585 866 3657 ἰατρεία
898 3588 1048 3658 παρὰ
1081 3589 1175 3642 τοῦ
1216 3590 1654 3662 ίατρεύοντος⁵ὲν
1688 3583 1734 3658 ᾧ

164 3691 211 3727 τι
238 3675 366 3746 (80‘)
403 3678 502 3730 καὶ
539 3676 722 3748 μεῖζον
749 3679 1053 3750 φιλοσοφεῖ,
1090 3682 1150 3734 τὸ
1185 3683 1260 3754 μὴ
1291 3681 1349 3747 ἐξ
1389 3682 1561 3736 ἀϊδίου
1592 3678 1732 3737 εἶναι

164 3765 219 3818 τὸ
247 3767 408 3821 κακὸν
437 3767 799 3838 δογματίζων.
835 3770 972 3840 Φησὶ
1015 3771 1144 3842 γὰρ,
1182 3773 1262 3824 ὃτι
1299 3792 1316 3823 ι
1346 3773 1421 3826 Οὐ
1452 3789 1733 3844 συμπροσ-

165 3857 405 3911 ἐσταισοι
431 3857 621 3928 θρόνος
643 3860 891 3930 ἀνομίας,
917 3861 945 3913 ό
972 3861 1227 3915 πλάσσων
1256 3862 1419 3916 κόπον
1451 3863 1542 3916 ἐπὶ
1568 3864 1736 3935 πρόσι-

165 3961 361 4019 ταγμα.
401 3967 419 3998 ι
453 3948 626 4001 Τοῦτο
669 3948 726 4002 δέ
757 3949 922 4013 ἐστιν,
945 3950 1026 4002 ὅτι
1052 3953 1127 4006 Ού
1157 3951 1538 4022 συνθεωρεῖταί
1584 3969 1667 4005 σοι
1701 3953 1734 4023 ἡ

164 4034 258 4105 τῆς
293 4037 495 4100 κακίας
531 4038 694 4110 ἀρχή.
741 4040 910 4110 Ἀρχὴ
939 4040 1050 4111 γὰρ
1072 4043 1100 4093 6
1133 4041 1340 4113 θρόνος,
1376 4044 1404 4096 6
1426 4041 1524 4114 τὴν
1554 4044 1736 4114 ἀμαρ-

165 4125 278 4178 τίαν
306 4127 509 4192 κτίζων
538 4127 626 4182 διὰ
654 4130 1092 4200 προστάγματος.
1128 4132 1206 4184 Δι’
1247 4125 1321 4186 ὧν
1347 4132 1406 4184 τὸ
1443 4133 1517 4204 μὴ
1559 4133 1619 4196 ἐξ
1654 4135 1738 4187 ἀϊ-

164 4214 269 4268 δίου
281 4217 380 4288 τὴν
403 4218 605 4274 κακίαν
637 4214 800 4283 εἶναι,
826 4221 960 4292 μηδὲ
992 4224 1070 4285 εἰς
1099 4223 1185 4275 ἀεὶ
1207 4225 1542 4294 παραμένειν
1568 4225 1738 4295 αὐτὴν

167 4307 479 4375 ἐνεδείξατο.
510 4311 575 4363 ’Ὀ
596 4311 704 4382 γὰρ
732 4312 808 4383 μὴ
838 4314 926 4366 ἀεὶ
953 4309 1040 4384 ἦν,
1071 4314 1189 4368 οὐδὲ
1214 4316 1294 4378 είς
1315 4317 1402 4369 ἀεὶ
1423 4316 1596 4371 ἔσται.
1625 4318 1738 4371 Καὶ

163 4399 252 4452 τὸν
293 4403 495 4471 τρόπον
543 4404 641 4472 τῆς
681 4403 776 4456 τού
831 4405 1004 4458 κακοῦ
1053 4406 1386 4478 ἀναιρέσεως
1433 4407 1734 4478 διηγεῖται,

1836 3229 2068 3284 Domino
2097 3235 2369 3298 susceptae
2402 3228 2486 3283 his
2515 3221 2698 3282 verbis
2735 3243 2748 3278 :
2783 3246 2801 3279 ι
2836 3226 2948 3282 Nisi
2985 3229 3113 3296 quia
3148 3227 3411 3284 Dominus

1835 3321 2059 3390 adjuvet
2116 3336 2223 3384 me,
2282 3319 2447 3390 paulo
2495 3319 2676 3373 minus
2728 3319 2783 3373 in
2839 3319 3054 3374 inferno
3114 3320 3411 3376 habitasset

1836 3413 2016 3466 anima
2060 3427 2199 3466 mea.
2239 3430 2257 3463 ι
2299 3410 2578 3464 Auxiliqu
2621 3411 2764 3464 enim
2811 3409 3025 3466 Domini
3066 3427 3172 3467 non
3213 3413 3412 3482 permi-

1836 3505 1908 3559 sit
1944 3520 2047 3558 nos
2080 3502 2279 3558 inferni
2313 3503 2522 3558 incolas
2549 3516 2705 3568 esse;
2731 3503 3003 3572 simulque
3033 3505 3252 3569 asserit,
3281 3505 3414 3556 mul-

1837 3594 2056 3649 titudini
2093 3593 2368 3654 dolorum,
2393 3592 2484 3660 qui
2512 3607 2578 3645 ex
2604 3593 2844 3660 peccatis
2883 3599 3206 3654 nascuntur,
3231 3607 3412 3662 aequa-

1837 3686 1941 3739 lem
2004 3682 2331 3738 medicinam
2380 3697 2410 3735 a
2465 3681 2680 3735 medico
2727 3688 2970 3750 paratam
3015 3696 3156 3736 esse.
3210 3680 3312 3736 Ubi
3359 3691 3413 3737 et

1836 3772 2101 3844 grandius
2137 3770 2399 3840 quiddam
2432 3769 2634 3832 innuit,
2669 3785 2792 3823 cum
2824 3769 2972 3823 velut
3001 3769 3253 3840 dogmate
3277 3786 3410 3839 quo-

1837 3865 1961 3919 dam
1993 3862 2208 3926 statuit,
2237 3861 2440 3914 malum
2475 3875 2583 3914 non
2613 3875 2736 3915 esse
2764 3860 2832 3914 ab
2859 3867 3084 3914 aeterno.
3111 3859 3200 3914 Ait
3229 3860 3373 3915 enim
3397 3880 3413 3915 :

1846 3976 1864 4008 ι
1902 3953 2021 4009 Non
2086 3955 2332 4008 adhaeret
2380 3953 2479 4007 tibi
2527 3953 2686 4006 sedes
2732 3951 3057 4021 iniquitatis,
3115 3952 3210 4021 qui
3255 3951 3412 4023 ﬁngis

1839 4046 2079 4100 laborem
2135 4043 2190 4096 in
2235 4051 2530 4112 praecepto.
2569 4059 2588 4091 ι
2631 4039 2839 4095 Sensus
2878 4051 2963 4095 est
3009 4059 3022 4094 :
3068 4040 3270 4095 Tecum
3307 4057 3412 4096 una

1839 4134 2176 4191 considerari
2237 4141 2292 4188 et
2354 4133 2571 4202 concipi
2626 4133 2815 4202 nequit
2874 4132 3002 4186 mali
3063 4127 3407 4203 principium.

1841 4227 2180 4296 Principium
2229 4225 2373 4279 enim
2429 4223 2752 4293 intelligitur
2806 4225 3027 4278 nomine
3083 4225 3248 4290 sedis,
3295 4240 3416 4293 qua:

1842 4327 2128 4388 peccatum
2181 4332 2278 4387 per
2326 4322 2658 4386 praeceptum
2689 4314 2870 4369 etiicit.
2905 4314 3115 4381 Quibus
3153 4317 3414 4377 ostendit,

1844 4417 2132 4481 peccatum
2179 4422 2356 4475 neque
2404 4407 2474 4461 ab
2521 4417 2726 4460 aeterno
2757 4421 2903 4468 esse,
2946 4422 3120 4475 neque
3160 4408 3212 4460 in
3257 4417 3410 4461 ρειαί·-
3515 4460 3518 4463 _

164 4491 219 4544 ὲν
239 4496 303 4564 τῇ
333 4493 444 4546 τῶν
488 4495 756 4548 Ἰουδαίων
789 4497 930 4550 κατὰ
959 4495 1054 4550 τοῦ
1084 4499 1289 4569 Κυρίου
1321 4499 1621 4572 μιαιφονίᾳ,
1645 4499 1732 4553 τὸν

1845 4518 1976 4557 num
2007 4507 2509 4570 perseveraturum.
2543 4497 2700 4563 Quod
2723 4498 2868 4552 enim
2898 4512 3003 4550 non
3029 4511 3242 4566 semper
3275 4507 3415 4559 erat,

163 4585 466 4656 ἀφανισμὸν
510 4587 608 4656 τῆς
641 4589 836 4650 κακίας
864 4589 1270 4659 προαγορεύων.
1300 4592 1464 4660 Λέγει
1499 4593 1628 4664 γὰρ,
1656 4593 1737 4645 ὅτι

173 4693 189 4723 ι
215 4668 367 4728 Οὗτοι
394 4676 493 4743 μὲν
531 4673 846 4746 θηρεύουσιν
878 4679 969 4732 ἐπὶ
995 4679 1170 4753 ψυχὴν
1206 4681 1442 4746 δικαίου,
1474 4683 1566 4736 καὶ
1599 4677 1737 4753 αἷμα

166 4763 333 4816 ἀθῶον
367 4766 848 4823 καταδικάσονται.
867 4787 885 4821 ι
917 4770 1084 4825 Τοῦτο
1107 4773 1166 4826 δὲ
1181 4770 1304 4841 ἐμοὶ
1343 4773 1610 4843 σωτήριον
1653 4771 1738 4839 γί-

166 4872 330 4910 νεται.
359 4859 421 4911 '0
452 4859 563 4930 γὰρ
591 4861 1010 4926 καταδικασθεὶς
1040 4862 1120 4934 τῷ
1153 4861 1367 4934 θανάτῳ
1396 4864 1620 4934 Κύριος,
1653 4864 1741 4918 διὰ

165 4946 346 5001 τούτου
384 4950 594 5018 γίνεταί
629 4969 718 5021 μοι
746 4955 1055 5023 καταφυγή.
1111 4955 1221 5006 Καὶ
1258 4949 1412 5018 οὗτος
1441 4957 1470 5007 6
1501 4956 1631 5018 Θεὸς
1661 4956 1741 5018 είς

174 5037 360 5108 βοηθὸν
387 5041 504 5110 (81)
528 5041 740 5106 ἐλπίδος
762 5048 872 5106 τοῖς
890 5045 1278 5098 πεπιστευκόσι
1305 5045 1628 5099 καθίσταται
1645 5087 1658 5110 ,
1685 5045 1742 5109 ὃς

171 5131 449 5196 ἀποδιδοὺς
474 5135 533 5187 ἐν
560 5137 626 5205 τῇ
661 5135 844 5206 δικαίᾳ
878 5137 1056 5206 κρίσει
1091 5136 1152 5192 τὸ
1174 5138 1293 5190 κατ’
1317 5137 1474 5201 ἀξίαν
1505 5137 1741 5206 ἑκάστῳ,

169 5222 381 5289 ἀφανιεῖ
422 5224 524 5294 τὴν
567 5228 833 5299 πονηρίαν
866 5227 976 5281 τῶν
1019 5230 1438 5300 ἡμαρτηκότων,
1481 5230 1602 5300 οὐχὶ
1647 5229 1744 5298 τὴν

174 5319 344 5386 φύσιν.
365 5321 558 5387 Οὕτως
586 5324 754 5378 εἰπὼν
785 5327 850 5396 τῇ
881 5324 1043 5391 λέξει,
1073 5324 1617 5381 ι”υτικαὶάποδώσει
1650 5324 1746 5376 αύ-

241 5518 287 5549 "
325 5517 477 5574 Psal.
515 5535 706 5588 cum,
732 5521 819 5577 18.

239 5717 351 5779 «τοι
373 5717 600 5787 Ἐκείνῳ
625 5717 711 5787 δέ,
739 5715 827 5770 ed.

243 5787 350 5857 (80)
374 5787 481 5840 Τόν
507 5785 616 5842 oni.
647 5785 737 5842 ed.

1846 4595 1898 4649 id
1928 4608 2107 4662 neque
2136 4605 2350 4659 semper
2375 4590 2513 4652 erit;
2543 4589 2893 4657 modumque,
2920 4604 3029 4659 quo
3051 4589 3252 4642 malum
3285 4589 3419 4644 abo-

1847 4685 2011 4744 letur,
2057 4681 2328 4750 explicat;
2366 4679 2419 4732 in
2465 4676 2776 4732 Judazorum
2822 4677 3136 4748 parricidio,
3169 4678 3314 4748 quod
3364 4678 3418 4731 iu

1848 4773 2140 4829 Dominum
2183 4770 2546 4832 admiserunt,
2592 4768 2803 4838 peccati
2843 4769 3190 4824 abolitionem
3227 4767 3421 4839 praedi-

1846 4880 1982 4921 cens
2027 4883 2041 4919 :
2092 4877 2216 4917 cum
2249 4860 2431 4930 inquit
2471 4874 2488 4914 :
2525 4878 2542 4910 ι
2571 4858 2883 4929 Captabunt
2917 4860 2973 4915 in
3006 4860 3239 4915 animam
3262 4860 3420 4930 justi.

1847 4966 1902 5012 et
1928 4960 2246 5025 sanguinem
2281 4956 2625 5006 innocentem
2663 4951 3125 5008 condemnabunt.
3167 4971 3184 5002 ι
3219 4953 3289 5006 At
3319 4952 3420 5007 hoc

1847 5049 1980 5103 mihi
2020 5049 2078 5100 iit
2121 5046 2321 5100 salutis
2350 5058 2541 5100 causa.
2577 5039 2840 5099 Dominus
2877 5045 3020 5099 enim
3075 5052 3251 5098 morte
3274 5043 3422 5098 dam-

1849 5149 2033 5201 natus,
2061 5140 2162 5192 hoc
2184 5137 2303 5208 ipso
2327 5137 2596 5206 refugium
2629 5136 2758 5189 mihi
2783 5134 3047 5201 edicitur;
3072 5143 3124 5189 et
3148 5135 3248 5189 iste
3277 5131 3421 5187 Deus

1851 5234 1904 5286 in
1963 5230 2294 5299 adjutorium
2352 5229 2470 5299 spei
2509 5225 2861 5282 credentibus
2917 5223 3287 5284 constituitur,
3327 5223 3417 5290 qui

1851 5326 1905 5376 in
1933 5322 2025 5377 illo
2059 5321 2212 5391 justo
2232 5318 2442 5390 judicio
2475 5317 2771 5388 unicuique
2796 5331 2894 5387 pro
2922 5313 3130 5369 meritis
3165 5310 3420 5376 reddens,

1922 5711 2055 5780 (80‘)
2095 5711 2190 5774 Τε,
2215 5711 2304 5765 ed.

1921 5779 2034 5851 (81)
2071 5781 2354 5853 Βοήθειαν,
2385 5779 2471 5836 ed.
