3844 6374
421 394 526 450 5‘27

1668 385 1724 440 S.
1748 385 2074 441 GREGUBII
2105 384 2404 442 NYSSENI

3576 390 3675 444 528

428 514 666 569 abolebit
695 521 749 567 ct
802 513 853 565 in
897 512 1125 565 nihilum
1174 510 1381 578 rediget
1423 510 1686 563 malitiam
1738 516 1991 577 peccato-

2100 513 2205 572 τοϊς
2241 510 2442 579 Κύριος
2473 512 2571 582 τὴν
2607 512 2835 582 ἀνομίαν
2881 509 3080 569 αὐτῶν,
3119 510 3212 562 καὶ
3248 510 3394 562 κατὰ
3434 508 3536 579 τὴν
3568 511 3673 577 (82)

427 619 569 662 rum,
621 618 727 655 non
782 609 1071 663 naturam;
1122 603 1199 654 sic
1256 601 1399 652 enim
1460 598 1526 650 ad
1581 598 1804 652 verbum
1867 597 1988 650 ait:

431 713 451 747 ι
486 694 749 759 Quoniam
778 692 963 746 reddet
991 692 1100 745 illis
1125 691 1385 744 Dominus
1407 690 1745 758 iniquitatem
1779 703 1991 749 eorum,

427 796 479 839 et
501 787 553 839 in
579 786 781 838 malitia
812 799 1001 838 corum
1035 782 1314 852 disperdet
1340 783 1461 837 illos
1494 782 1753 836 Dominus
1789 780 1948 835 Deus.
1970 797 1987 829 ι

425 873 634 939 Quibus
668 872 959 943 signiﬁcat,
1013 887 1110 926 eos
1152 870 1243 940 qui
1289 885 1433 924 nunc
1483 881 1705 940 peccato
1750 871 1993 940 insigniti

424 973 551 1020 sunt
591 971 647 1018 et
678 963 1023 1034 conﬁgurati,
1076 963 1414 1018 destruetuni
1464 962 1561 1028 iri;
1620 976 1742 1015 nam
1777 961 1996 1031 quando

424 1055 632 1110 malitia
675 1070 782 1108 non
815 1057 942 1117 erit,
986 1065 1098 1108 tum
1148 1069 1323 1123 neque
1364 1055 1412 1108 is
1449 1055 1540 1123 qui
1589 1054 1808 1109 malitiae
1838 1054 1995 1125 quasi

427 1144 656 1199 formam
678 1147 833 1219 gerit,
854 1145 1057 1200 durare
1084 1146 1302 1215 poterit.
1333 1144 1550 1200 Perdita
1573 1146 1738 1215 igitur
1767 1146 1993 1209 malitia,

424 1237 653 1306 ejusque
679 1240 848 1304 ﬁgura
881 1238 936 1290 in
972 1237 1121 1290 nullo
1145 1237 1358 1305 penitus
1385 1237 1665 1298 derelicta,
1699 1251 1889 1293 omnes
1918 1250 1997 1293 se-

423 1329 661 1382 cundum
693 1327 972 1381 Christum
1006 1325 1384 1387 formabimur,
1420 1334 1474 1380 et
1505 1326 1557 1379 in
1599 1327 1855 1382 omnibus
1890 1342 1995 1380 una

423 1418 702 1489 cﬁulgebit
727 1417 921 1481 forma,
946 1431 1067 1486 qua:
1089 1415 1157 1468 ab
1186 1414 1341 1467 initio
1363 1424 1569 1469 natura!
1594 1426 1793 1471 nostrae
1822 1416 1993 1469 indita

426 1506 622 1559 iuerat.

1060 1594 1288 1651 CAPUT
1328 1595 1416 1648 IX.

506 1773 632 1826 Post
664 1773 777 1825 haec
807 1773 872 1827 ad
907 1773 1011 1825 alia
1041 1775 1302 1842 procedit,
1329 1773 1577 1827 instituto
1605 1773 1814 1835 ordine,
1845 1774 1996 1826 nullo

2096 602 2360 671 πονηρίαν
2383 601 2561 654 αὐτῶν
2587 603 2804 670 ἀφανιεϊ
2831 603 3025 664 αὐτοὺς
3059 599 3261 671 Κύριος
3280 602 3309 652 ὁ
3330 601 3470 663 Θεὸς
3487 619 3502 632 ·
3545 621 3562 652 ι
3594 619 3677 670 σηο

2099 690 2302 759 μαίνων
2346 690 2434 743 διά
2483 692 2592 743 τῶν
2625 693 2949 763 εἰρημένων,
2985 692 3066 744 ὅτι
3092 692 3139 743 oi
3184 689 3280 743 νῦν
3329 692 3401 759 τῇ
3428 689 3676 760 ἁμαρτίᾳ

2099 784 2515 851 μεμορφωμένοι
2542 782 3021 866 ἀφανισθήσονται.
3050 781 3163 850 Τῆς
3209 780 3319 851 γάρ
3347 781 3556 842 κακίας
3578 778 3675 831 οὐκ

2094 871 2294 942 οὐσης.
2347 873 2469 925 οὐδὲ
2515 875 2544 925 ό
2601 872 2718 925 κατ’
2767 872 2936 940 αὐτὴν
2983 869 3421 942 μεμορφωμένος
3478 868 3671 922 ἔσται’

2095 963 2438 1035 ἀπολομένης
2500 960 2591 1017 οὖν
2639 964 2737 1034 τῆς
2796 963 3013 1026 κακίας,
3070 963 3165 1015 καὶ
3221 963 3280 1016 ὲν
3337 960 3533 1032 μηδενὶ
3584 960 3674 1014 τοῦ

2094 1055 2334 1109 τοιούτου
2386 1055 2733 1126 χαρακτῆρος
2778 1052 3214 1121 ὑπολειφθέντος,
3270 1052 3482 1113 πάντες
3534 1051 3674 1102 κατά

2096 1146 2327 1216 Χριστὸν
2363 1146 2832 1216 μορφωθήσονται,
2880 1144 2972 1196 καὶ
3006 1144 3103 1214 μία
3134 1144 3298 1196 πᾶσιν
3324 1140 3666 1215 ἐξαπράιέιει

2100 1237 2301 1308 μορφὴ,
2330 1240 2362 1308 ἡ
2403 1236 2460 1301 ἐξ
2491 1237 2664 1307 ἀρχῆς
2692 1235 3040 1306 ὲπιὸληθεῖσα
3067 1236 3133 1305 τῇ
3165 1234 3344 1303 φύσει.

2614 1594 3001 1652 ΚΕΦΑΛΑΙΟΝ
3028 1591 3108 1650 Θ’.

2165 1775 2319 1829 Μετὰ
2358 1773 2530 1829 ταῦτα
2572 1773 2785 1844 πρόεισι
2832 1771 2972 1824 κατά
3012 1770 3070 1824 τὸ
3116 1769 3433 1834 ἀκόλουθον,
3488 1770 3675 1841 μηδενὶ

428 1863 641 1917 musico
678 1863 1039 1917 instrumento
1071 1870 1249 1926 utens,
1288 1863 1382 1917 scd
1427 1862 1643 1931 propria
1683 1877 1813 1915 voce
1860 1862 1992 1916 bene

2100 1865 2205 1918 τῶν
2236 1864 2509 1936 μουσικῶν
2536 1881 2809 1936 συγκεχρη
2821 1863 2978 1933 μένος
3001 1862 3267 1934 ὀργάνων,
3298 1861 3439 1914 ἀλλά
3465 1861 3557 1914 διὰ
3579 1861 3675 1930 τῆς

427 1962 708 2008 sonantem
776 1952 990 2007 laudem
1044 1952 1153 2008 Deo
1205 1969 1493 2021 reponens.
1562 1951 1741 2022 Inquit
1786 1953 1929 2006 enim
1977 1971 1988 2005 :

431 2063 448 2093 ι
490 2042 634 2097 Laus
655 2044 850 2098 cantici
886 2043 989 2113 ipsi
1019 2042 1185 2098 David
1216 2044 1263 2075 “
1295 2064 1306 2097 :
1344 2064 1361 2094 ι
1398 2060 1516 2113 qua:
1544 2044 1828 2113 inscriptio
1852 2046 1992 2114 apud

426 2133 679 2188 Hebraeos
722 2149 828 2188 non
879 2135 1168 2205 reperitur.
1218 2134 1483 2191 Provocat
1523 2136 1666 2189 enim
1716 2135 1994 2192 auditores

428 2226 493 2278 ad
539 2227 982 2280 communionem
1045 2227 1451 2283 exsultationis.
1493 2236 1547 2280 et
1598 2228 1665 2282 ad
1714 2228 1993 2296 jubilatio—

429 2330 548 2369 nem
600 2316 901 2369 victoribus
944 2326 1390 2370 consentaneam.
1431 2337 1448 2367 ι
1488 2317 1694 2381 Venite,
1729 2339 1746 2371 ι
1794 2320 1992 2389 inquit,

432 2422 451 2452 ι
483 2405 820 2458 exsultemus
868 2403 1119 2467 Domino,
1160 2405 1457 2473 jubilemus
1496 2408 1604 2461 Deo
1642 2409 1869 2462 salutari
1898 2425 1996 2463 no-

428 2503 566 2549 stro.
612 2514 630 2546 ι
688 2495 801 2549 Sub
849 2494 1009 2548 ﬁnem
1061 2497 1362 2563 graviorem
1425 2506 1479 2550 et
1533 2498 1991 2555 vehementiorem

429 2587 721 2656 quamdam
741 2588 1215 2642 comminationem
1236 2601 1424 2642 contra
1445 2590 1757 2646 incredulos
1776 2592 1997 2661 subjun-

426 2681 526 2749 git,
557 2678 648 2748 qui
686 2692 945 2748 perverso
976 2688 1129 2731 erant
1172 2689 1406 2748 pectore,
1448 2681 1808 2751 quadraginta
1837 2686 1996 2739 annis

425 2768 876 2822 commorationis
922 2766 974 2820 in
1021 2767 1276 2829 deserto,
1346 2771 1546 2838 quibus
1592 2771 1992 2828 benefactorem

427 2861 734 2922 irritarunt,
767 2861 968 2928 quique
986 2868 1174 2929 postea
1225 2862 1464 2916 oblatam
1508 2878 1602 2932 per
1636 2862 1991 2935 Evangelium

427 2949 805 3003 remissionem
851 2957 1195 3016 peccatorum
1228 2960 1588 3019 respuerunt;
1624 2953 1827 3021 quibus
1858 2953 1988 3007 liceo

433 3039 522 3091 l-at
570 3042 615 3111 (ι
633 3041 676 3094 si
712 3041 873 3095 hodie
900 3041 1089 3095 audire
1120 3044 1418 3098 voluissent
1445 3058 1634 3099 vocem
1660 3045 1802 3114 ejus,
1838 3064 1857 3096 ι
1899 3047 1993 3117 qui

434 3125 484 3181 in
524 3129 665 3182 hunc
717 3130 979 3200 temporis
1025 3139 1226 3186 statum
1258 3133 1425 3195 venit,
1462 3141 1517 3187 et
1543 3148 1607 3188 ex
1664 3135 1993 3204 sempiterna

426 3219 518 3272 ilia
565 3233 618 3273 et
672 3221 1052 3276 antesaeculari
1084 3222 1484 3291 magniﬁcentia
1536 3224 1605 3277 ad
1638 3226 1991 3293 temporalem

426 3311 762 3365 nativitatem
795 3311 1099 3380 descendit)
1155 3313 1369 3380 aperire
1391 3312 1493 3368 sibi
1521 3314 1655 3383 ipsis
1687 3315 1992 3384 ingressum

428 3402 481 3455 in
519 3402 790 3470 requiem;
846 3401 940 3457 sed
987 3418 1225 3457 errorem
1274 3410 1330 3455 et
1392 3403 1847 3469 incredulitatem,
1879 3414 1997 3459 tan-

422 3508 585 3562 quam
640 3493 808 3547 duces
849 3507 1063 3562 semper
1123 3494 1296 3547 secuti
1376 3502 1519 3557 sunt,
1570 3503 1680 3548 tam
1725 3495 1995 3564 prioribus

425 3600 586 3652 quam
638 3583 1034 3653 posterioribus
1091 3584 1463 3653 temporibus;
1503 3597 1786 3655 propterea
1822 3601 1851 3639 a
1884 3587 1992 3642 Deo

426 3677 494 3728 ab
543 3674 790 3739 ingressu
834 3675 890 3728 in
934 3675 1078 3729 illam
1126 3675 1393 3744 requiem,
1436 3678 1599 3731 etiam
1632 3678 1993 3748 jurejurando

427 3766 769 3835 interposito,
802 3766 1005 3821 exclusi
1030 3776 1178 3821 sunt.
1210 3766 1495 3832 Quomodo
1529 3771 1672 3823 enim
1703 3772 1994 3825 introirent

424 3858 474 3910 in
529 3858 791 3926 requiem,
836 3857 927 3926 qui
978 3858 1221 3913 volentes
1265 3859 1602 3930 libentesque
1651 3877 1709 3915 se
1750 3877 1778 3914 a
1828 3862 1994 3917 bene-

422 3950 658 4027 dictione
682 3949 1091 4003 abalienarunt?

497 4129 551 4181 Id
574 4129 720 4197 quod
744 4130 884 4184 intra
906 4135 1143 4184 testatur
1168 4131 1410 4199 psalmus
1427 4134 1810 4203 nonagesimus
1831 4136 1994 4204 quin-

424 4228 531 4277 tus.
556 4228 609 4271 ct
647 4220 762 4288 ipse
793 4217 1032 4274 Hebraeis
1061 4220 1207 4274 nulla
1240 4221 1595 4292 inscriptione
1636 4236 1990 4292 prmnotatus.

423 4307 591 4365 Nobis
627 4316 807 4365 autem
848 4318 932 4365 est
976 4309 1219 4380 psalmus
1248 4311 1337 4367 ille
1371 4312 1646 4368 canticum
1680 4313 1788 4370 Deo
1811 4328 1994 4371 canta-

426 4406 539 4452 tum
575 4407 697 4470 post
725 4400 951 4454 reditum
980 4414 1045 4455 ex
1075 4401 1405 4470 captivitate,
1427 4403 1646 4470 quando
1672 4406 1993 4461 readiﬁcata

2099 1957 2230 2020 ἰδίας
2268 1956 2450 2025 φωνῆς
2477 1955 2567 2007 τὸν
2620 1954 2863 2025 εὔφημον
2892 1949 3039 2007 αἶνον
3069 1952 3160 2005 διὰ
3184 1952 3286 2021 τῆς
3315 1951 3463 2023 ᾠδῆς
3492 1954 3676 2005 ἀνατι-

2095 2045 2208 2108 θεὶς
2246 2044 2325 2114 τῷ
2371 2043 2509 2113 Θεῷ.
2545 2043 2682 2113 Φησὶ
2713 2044 2842 2113 γάρ·
2881 2060 2901 2092 ι
2936 2039 3093 2106 Αἶνος
3134 2040 3279 2111 ᾠδῆς
3322 2039 3403 2110 τῷ
3430 2040 3618 2094 Δαϐίδ.
3653 2060 3671 2092 ι

2096 2136 2207 2188 Καὶ
2245 2133 2384 2204 αὓτη
2430 2135 2486 2185 δὲ
2531 2137 2642 2196 τοῖς
2688 2133 2954 2204 Ἑϐραίοις
2999 2134 3032 2202 ἡ
3079 2130 3359 2201 ἐπιγραφὴ
3400 2132 3505 2183 οὐκ
3538 2131 3671 2182 ἔστι.

2097 2227 2452 2297 Προκαλείται
2481 2227 2591 2297 γάρ
2611 2227 2738 2288 τοὺς
2770 2225 3065 2288 ἀκούοντας
3093 2225 3170 2285 εἰς
3197 2222 3483 2276 κοινωνίαν
3503 2224 3675 2291 ἀγαλ-

2097 2317 2389 2385 λιάματος,
2417 2318 2515 2369 καὶ
2544 2319 2625 2380 είς
2655 2316 2971 2386 ἀλαλαγμὸν
3017 2314 3308 2373 ἐπινίκιον,
3348 2331 3367 2363 ι
3404 2313 3608 2373 Δεῦτε,
3650 2335 3670 2365 ι

2096 2405 2299 2471 λέγων,
2347 2424 2366 2456 ι
2421 2404 2876 2473 ἀγαλλιασώμεθα
2923 2402 3002 2474 τῷ
3051 2403 3268 2471 Κυρίῳσ
3317 2401 3676 2470 ἀλαλάξωμεν

2096 2497 2175 2566 τῷ
2205 2497 2323 2566 Θεῷ
2348 2496 2424 2563 τῷ
2457 2497 2656 2565 σωτῆρι
2681 2495 2857 2565 ἡμῶν.
2905 2514 2922 2545 ι
2956 2494 3066 2548 Καί
3098 2510 3221 2546 τινα
3251 2492 3386 2563 πρὸς
3424 2492 3501 2562 τῷ
3527 2492 3673 2544 τέλει

2098 2589 2609 2659 καταφορικωτέραν
2664 2586 2889 2657 ἀπειλὴν
2946 2586 3085 2639 κατά
3136 2585 3244 2638 τῶν
3299 2583 3677 2638 ἀπιστούντων

2099 2679 2232 2749 ἔχει,
2264 2679 2373 2731 τῶν
2399 2677 2500 2748 τὴν
2527 2680 2697 2748 αὐτὴν
2737 2676 3160 2747 ἐπιδειξαμένων
3184 2676 3469 2731 κακόνοιαν
3488 2718 3503 2739 ,
3531 2676 3592 2728 ἐν
3612 2693 3675 2728 τε

2098 2773 2206 2831 τοῖς
2234 2770 2639 2839 τεσσαράκοντα
2671 2770 2812 2821 ἔτεσι
2839 2768 2937 2836 τῆς
2970 2770 3025 2821 ὲν
3055 2771 3120 2839 τῇ
3152 2769 3343 2839 ἐρήμῳ
3372 2767 3676 2836 διαγωγῆς,

2101 2863 2157 2913 ὲν
2191 2855 2271 2921 οἷς
2306 2860 2397 2913 τὸν
2446 2860 2740 2930 εὐεργέτην
2784 2857 3128 2929 παρώξυναν,
3173 2859 3269 2911 καὶ
3320 2859 3454 2927 μετά
3490 2858 3678 2911 ταῦτα.

2100 2950 2198 3018 τὴν
2238 2947 2483 2999 δοθεῖσαν
2516 2951 2656 3018 -ήμίν
2685 2948 2771 3001 διὰ
2803 2946 2898 3000 τοῦ
2946 2946 3275 3015 Εὐαγγελίου
3325 2946 3679 3000 κατάπαυσιν

2098 3041 2195 3109 τῆς
2227 3040 2498 3110 ἁμαρτίας
2531 3040 2604 3111 μὴ
2626 3039 3042 3109 προσδεχόμενοι
3069 3053 3083 3066 ⁸
3117 3032 3198 3101 οἷς
3228 3036 3352 3107 ἐξῆν
3383 3054 3401 3087 ι
3431 3037 3679 3106 σήμερον

2099 3132 2361 3184 ἀκούσασι
2406 3134 2504 3202 τῆς
2537 3131 2720 3199 φωνῆς
2749 3130 2841 3182 τοῦ
2895 3148 2912 3180 ι
2948 3129 3016 3182 δι’
3046 3130 3194 3199 ἡμᾶς
3228 3131 3306 3192 εἰς
3347 3128 3406 3180 τὸ
3432 3128 3678 3197 σήμερον

2101 3223 2465 3285 εἰσελθόντος,
2502 3224 2595 3275 καὶ
2629 3225 2691 3275 ἐκ
2717 3222 2816 3291 τῆς
2857 3220 3183 3291 προαιωνίου
3220 3236 3278 3272 τε
3320 3218 3429 3289 (85)
3458 3218 3552 3270 καὶ
3587 3220 3679 3271 ἀϊ-

2097 3314 2208 3365 δίου
2236 3313 2650 3383 μεγαλειότητος
2689 3314 2765 3375 εἰς
2793 3310 3044 3382 χρονικὴν
3068 3312 3281 3378 γένεσιν
3316 3309 3676 3375 καταόἀντος,

2099 3403 2305 3467 ἀνοῖξαι
2352 3403 2563 3465 ἑαυτοῖς
2602 3396 2700 3471 τὴν
2740 3401 2943 3453 εἴσοδον
2983 3401 3081 3468 τῆς
3110 3399 3479 3462 ἀναπαύσεως.
3524 3400 3678 3453 Ἀλλ’

2097 3496 2184 3548 ἀεὶ
2227 3495 2326 3564 τὴν
2365 3494 2570 3563 πλάνην
2620 3495 2717 3547 καὶ,
2758 3492 2855 3562 τὴν
2906 3491 3162 3545 ἀπιστίαν
3222 3492 3412 3562 ὁδηγὸν
3459 3492 3679 3546 ἑαυτῶν

2099 3584 2545 3653 προβαλλόμενοι,
2578 3583 2634 3635 ἔν
2671 3600 2727 3636 τε
2758 3584 2868 3644 τοῖς
2901 3580 3137 3653 πρώτοις
3166 3583 3261 3635 καὶ
3301 3585 3356 3635 ὲν
3374 3587 3481 3647 τοῖς
3518 3585 3674 3653 μετά

2095 3676 2270 3729 ταῦτα
2301 3675 2544 3745 χρόνοις,
2578 3677 2726 3746 ὅρκῳ
2766 3674 2867 3743 τῆς
2900 3674 3108 3727 εἰσόδου
3138 3676 3235 3746 τῆς
3262 3675 3340 3739 εἰς
3371 3675 3463 3746 τὴν
3491 3676 3677 3730 κατά-

2098 3783 2297 3819 παυσιν
2324 3766 2419 3819 τοῦ
2450 3766 2581 3819 Θεοῦ
2610 3764 3060 3836 ἀπεκλείσθησαν.
3095 3766 3219 3830 Πῶς
3242 3765 3349 3836 γὰρ
3384 3765 3447 3819 ἂν
3484 3766 3678 3820 εἰσέλ-

2099 3858 2241 3910 θοιεν
2275 3859 2355 3919 είς
2380 3859 2479 3926 τὴν
2521 3857 2882 3920 κατάπαυσιν,
2917 3858 2967 3909 οἱ
3006 3858 3267 3921 ἑκουσίως
3308 3857 3525 3919 ἑαυτοὺς
3568 3860 3675 3931 τῆς

2098 3950 2345 4018 εὐλογίας
2374 3948 2864 4019 ἀλλοτριώσαντες;

2167 4131 2323 4185 Οὕτω
2338 4133 2426 4184 καὶ
2443 4133 2470 4184 ὁ
2488 4131 2597 4200 (84)
2618 4132 2754 4202 μετά
2777 4131 2998 4196 τούτους
3023 4136 3050 4186 ὁ
3076 4134 3320 4205 πέμπτος
3342 4136 3432 4189 καὶ
3453 4137 3676 4209 ivvqu-

2096 4226 2305 4288 κοστὸς,
2339 4227 2449 4287 τοῖς
2475 4224 2573 4294 μὲν
2617 4224 2989 4297 Ἐὗραῖζουσιν
3023 4226 3387 4300 ἀνεπίγραφος
3417 4225 3641 4297 λέγεται
3661 4249 3673 4261 ’

2097 4319 2228 4387 ἡμῖν
2255 4316 2311 4368 δέ
2341 4318 2487 4368 ἐστιν
2518 4317 2627 4387 ᾠδὴ
2659 4316 2797 4385 μετά
2820 4317 2919 4387 τὴν
2958 4317 3218 4372 ἐπάνοδον
3248 4318 3342 4390 τὴν
3369 4321 3431 4372 ὲκ
3455 4320 3554 4387 τῆς
3582 4324 3675 4376 αξ-

2095 4410 2412 4479 χμαλωσίας
2432 4408 2507 4478 τῷ
2529 4408 2646 4478 Θεῷ
2675 4409 2923 4480 ᾀσθεῖσα,
2954 4410 3042 4462 ὅτε
3076 4410 3463 4483 ἀνῳκοδομήθη
3490 4412 3676 4467 διαλυ-

419 4500 503 4544 est
544 4490 810 4545 dissoluta
840 4501 1052 4547 natura:
1084 4501 1285 4549 nostrae
1327 4493 1529 4549 fabrica
1561 4513 1575 4548 :
1610 4496 1690 4550 sic
1726 4499 1871 4552 enim
1910 4499 1992 4552 in-

2100 4502 2251 4556 θεϊσα
2280 4505 2313 4572 ἡ
2353 4503 2453 4572 τῆς
2490 4502 2701 4570 φύσεως
2735 4501 2895 4572 ἡμῶν
2935 4505 3271 4575 κατασκευή*
3314 4503 3462 4559 ὀὕτω
3495 4506 3609 4576 γὰρ
3642 4509 3673 4578 ἡ

422 4582 647 4649 Scriptio
689 4582 756 4634 ad
801 4584 1024 4639 verbum
1053 4584 1216 4638 habet
1246 4602 1258 4638 :
1296 4604 1313 4636 ι
1350 4583 1495 4639 Laus
1523 4588 1744 4652 cantici,
1770 4591 1996 4658 quando

421 4664 616 4720 domus
648 4667 913 4724 aediﬁcata
940 4677 1022 4726 est
1046 4679 1167 4740 post
1208 4673 1599 4741 captivitatem,
1639 4677 1994 4747 inscriptione

422 4757 564 4826 apud
597 4756 849 4817 Ilebrazos
886 4775 1100 4815 carens.
1128 4779 1146 4812 ι
1184 4760 1286 4827 Qui
1316 4762 1558 4831 psalmus
1580 4767 1769 4821 statim
1789 4777 1994 4839 mystc-

424 4848 563 4899 rium
587 4845 722 4900 Novi
751 4847 1083 4905 Testamenti
1110 4853 1418 4916 annuntiat,
1447 4869 1570 4909 eum
1593 4856 1698 4911 ait:
1727 4876 1745 4908 ι
1767 4858 1994 4918 Cantate

420 4934 649 4991 Domino
663 4940 932 4994 canticum
944 4955 1163 4995 novum.
1178 4961 1196 4993 ι
1216 4942 1411 4999 Merito
1422 4955 1600 5004 autem
1615 4952 1805 5018 psalmi
1826 4951 1989 5022 hujus

419 5028 711 5099 inscriptio
735 5030 875 5100 apud
903 5029 1160 5087 Hebraeos
1183 5034 1473 5099 omittitur,
1504 5040 1634 5107 quia
1658 5049 1783 5109 post
1813 5041 1988 5098 Evan-

430 5120 637 5187 gelicas
669 5134 850 5186 voces,
887 5136 1027 5192 quas
1056 5122 1212 5178 initio
1245 5125 1438 5195 psalmi
1480 5132 1755 5199 praemisit,
1793 5135 1861 5189 ad
1892 5152 1988 5193 eos

416 5210 507 5276 qui
538 5225 602 5265 ex
638 5211 892 5282 gentibus
917 5220 1066 5277 sunt,
1091 5217 1431 5271 convertitur
1453 5217 1737 5291 PrOphetae
1771 5240 1983 5285 sermo:

425 5317 443 5348 ι
475 5300 672 5359 All‘erte
706 5301 958 5371 Domino,
995 5303 1185 5374 patriae
1212 5305 1489 5376 gentium;
1540 5310 1726 5370 aﬁ'erte
1759 5314 1988 5376 Domino

485 5489 534 5521 “
562 5491 707 5550 Psal.
741 5510 865 5551 χειν
898 5511 1021 5567 sqq.

496 5648 605 5722 (δὲ)
632 5653 740 5722 Τήν
762 5672 868 5711 om.
902 5659 990 5713 ed.

491 5718 598 5786 ιδὸ)
621 5718 821 5777 Τεύηι.
844 5728 931 5781 ed.

2098 4595 2195 4664 τῆς
2220 4595 2530 4665 ἐπιγραφῆς
2563 4594 2674 4665 ἔχει
2710 4593 2852 4659 λέξις
2874 4611 2887 4624 '
2917 4613 2934 4645 ι
2956 4590 3113 4658 Λίνος
3141 4596 3301 4667 ᾠδῆς,
3331 4597 3418 4650 ὅτε
3455 4600 3484 4651 ό
3523 4593 3675 4662 οἶκος

2096 4685 2415 4757 ᾠκοδομήθη
2442 4686 2581 4756 μετὰ
2606 4685 2703 4755 τὴν
2726 4686 3120 4755 αἰχμαλωσίαν,
3145 4687 3513 4759 ἀνεπίγραφος
3537 4690 3671 4760 παρ’

2110 4776 2398 4848 Ἑϐραίοις.
2427 4796 2443 4826 ι
2463 4775 2633 4839 Εὐθὺς
2648 4775 2782 4829 δὲτὸ
2803 4775 2905 4843 τῆς
2927 4776 3137 4846 Καινῆς
3162 4777 3433 4849 Διαθήκης
3461 4781 3671 4851 μυστή-

2100 4885 2215 4939 ριον
2260 4869 2320 4921 ὲν
2366 4868 2673 4938 προοιμίοις
2704 4871 2737 4939 ἡ
2774 4866 3064 4938 ψαλμῳδία
3107 4868 3537 4937 εὐαγγελίζεται,
3583 4871 3673 4924 λέ-

2095 4974 2288 5027 γουσα·
2328 4960 2563 5030 «ᾊσατε
2592 4957 2670 5027 τῷ
2698 4958 2887 5029 Κυρίῳ
2921 4954 3072 5030 ᾆσμα
3102 4961 3306 5015 καινόν.
3346 4981 3365 5012 ι
3430 4961 3671 5025 Εἰκότως

2095 5049 2151 5103 δὲ
2172 5051 2204 5120 ἡ
2226 5048 2502 5120 ἐπιγραφὴ
2517 5047 2610 5101 τοῦ
2631 5047 2847 5122 ψαλμοῦ
2860 5049 3047 5103 τούτου
3084 5050 3233 5121 παρά
3263 5053 3375 5115 τοῖς
3401 5052 3670 5123 Ἐὅραίοις

2098 5139 2401 5209 σεσίγηται,
2436 5140 2517 5193 ὅτι
2549 5139 2688 5209 μετὰ
2728 5139 2825 5204 τάς
2870 5142 3233 5211 εὐαγγελικάς
3275 5144 3486 5216 φωνὰς,
3515 5143 3580 5208 ἃς
3612 5147 3669 5198 ὲν

2097 5231 2406 5302 προοιμίοις
2434 5233 2533 5301 τῆς
2573 5230 2891 5302 ψαλμῳδίας
2923 5234 3249 5305 πεποίηται,
3299 5235 3436 5305 πρὸς
3460 5235 3589 5299 τοὺς
3610 5237 3669 5301 ἐξ

2095 5321 2263 5377 ἐθνῶν
2315 5321 2611 5393 ἐπιγράφει
2653 5322 2743 5379 τὸν
2782 5322 2940 5392 λόγον
2979 5325 3011 5394 ἡ
3060 5326 3365 5398 προφητεία
3413 5324 3664 5395 λέγουσα’

2167 5679 2276 5751 (84)
2310 5682 2366 5736 '0
2395 5697 2504 5738 om.
2542 5685 2627 5739 ed.
