3844 6346
168 369 268 426 629

1537 366 1605 422 IN
1640 367 1975 424 PSALMOS.

3314 372 3419 431 550

175 500 193 533 ι
237 477 518 545 Ἐνέγκατε
545 473 622 545 τῷ
652 474 860 547 Κυρίῳ,
884 476 940 529 αί
979 477 1207 550 πατριαὶ
1235 478 1343 545 τῷν
1370 476 1559 548 ἐθνῶν,
1589 480 1731 549 ὲνέγ·

1844 480 2073 550 gloriam
2108 488 2162 534 et
2199 479 2483 545 honorem,
2524 487 2578 534 et
2612 479 2836 535 adorate
2862 478 3150 535 Dominum
3183 482 3238 536 in
3277 490 3419 538 atrio

169 591 294 629 κατε
310 570 385 641 τῷ
403 570 590 640 Κυρίῳ
609 569 765 636 δόξαν
788 570 881 623 κα)⁵
905 571 1094 642 τιμὴν,
1118 573 1210 624 καὶ
1229 573 1643 644 προσκυνήσατε
1661 573 1739 645 τῷ

170 664 351 736 Κυρίῳ
373 666 429 717 ἐν
453 661 590 734 αὐλῇ
616 663 746 733 ἁγίᾳ
792 661 957 717 αὐτοῦ
986 703 1001 728 ,
1039 663 1152 734 (85)
1189 664 1282 718 καὶ
1327 664 1495 735 ἄρατε
1552 664 1739 729 θυσίας

169 757 256 811 καὶ
288 753 668 826 είσπορεύεσθε
708 756 787 816 είς
815 753 917 817 τὰς
942 753 1112 817 αὐλάς
1154 754 1340 808 αὐτοῦ.
1375 773 1392 807 ο
1434 756 1543 809 Καὶ
1578 758 1686 821 πᾶς
1710 758 1738 809 ὁ

166 844 356 917 ἐφεξῆς
380 844 534 916 λόγος
554 843 789 908 τοιοῦτός
815 846 953 908 ἐστι,
978 846 1076 917 τὴν
1105 846 1196 898 ἐπὶ
1217 846 1285 898 τά
1308 846 1434 916 ἔθνη
1462 846 1559 917 τῆς
1582 848 1735 901 εὐλοο

168 939 282 1006 γίας
301 938 627 1006 μετάστασιν
659 937 1067 1008 προαγορεύων.
1092 958 1110 987 ι
1134 937 1368 990 Εἴπατε»
1399 939 1525 1010 γάρ,
1550 940 1733 1010 φησὶν,

172 1048 190 1080 ε
224 1030 280 1082 ἐν
308 1032 420 1092 τοῖς
451 1029 689 1092 ἔθνεσιν,
712 1029 793 1081 ὅτι
843 1028 1044 1099 Κύριος
1080 1029 1424 1082 ἐΰασίλευσεο
1471 1049 1489 1081 ι
1524 1032 1618 1083 καὶ
1646 1030 1735 1083 λυ-

167 1120 340 1174 θεῖσαν
365 1122 470 1174 ὑπὸ
496 1121 692 1184 κακίας
724 1121 821 1192 τὴν
839 1121 1161 1191 οἰκουμένην
1182 1119 1561 1191 κατώρθωσεν,
1594 1121 1735 1175 ὥστε

167 1213 453 1267 ἀσάλευτον
481 1215 560 1276 εἰς
582 1213 643 1266 τὸ
668 1212 914 1283 διηνεκὲς
960 1213 1140 1282 μένειν
1160 1230 1171 1242 ·
1207 1213 1293 1282 ἐφ’
1326 1207 1405 1276 οἷς
1431 1213 1540 1284 (86)
1570 1232 1588 1264 ι
1627 1215 1730 1266 Eo-

128 1360 133 1371 λ
168 1304 476 1373 φραίνονται
517 1304 567 1356 οἱ
605 1304 855 1374 οὐρανοὶ,
886 1305 981 1357 καὶ
1018 1303 1314 1371 ἀγάλλεται
1361 1306 1511 1358 πᾶσα
1550 1308 1583 1375 ἡ
1622 1306 1731 1375 γῆ,

122 1393 133 1421 ³
168 1393 527 1466 σαλευομένων
551 1394 659 1447 τῶν
682 1394 984 1448 θαλασσίων
1010 1395 1217 1448 ὑωτων
1236 1397 1333 1449 σὺν
1350 1395 1429 1466 τῷ
1457 1395 1571 1466 ἰδίῳ
1594 1396 1731 1467 πλη-

168 1484 388 1555 ρώματι.
425 1504 443 1536 ι
479 1486 556 1537 Δι’
585 1479 660 1538 ὧν
689 1485 965 1554 τροπικῶς
992 1486 1089 1555 τὴν
1120 1486 1365 1538 ἐναντίαν
1390 1487 1726 1540 ἐνδείκνυται

166 1575 403 1645 δύναμιν,
457 1576 868 1647 ταραττομένην
902 1594 963 1630 τε
1022 1578 1114 1630 καὶ
1141 1576 1487 1631 άστατοῦσαν
1538 1579 1629 1630 ἐπὶ
1666 1580 1729 1648 τῇ

164 1665 397 1735 ἡμετέρᾳ.
428 1662 564 1734 ζωῇ,
603 1665 729 1717 ὅταν
769 1665 992 1736 οὐρανοὶ⁹
1032 1666 1315 1734 γενώμεθα
1339 1665 1435 1736 τὴν
1459 1666 1614 1733 δόξαν
1639 1665 1730 1719 τοῦ

165 1753 291 1806 Θεοῦ
332 1754 715 1826 διηγούμενοι,
765 1754 797 1824 ἢ
839 1754 950 1824 (87)
997 1756 1067 1823 γῆ
1114 1755 1201 1808 διὰ
1243 1756 1342 1826 τῆς
1387 1755 1494 1810 τῶν
1522 1757 1731 1827 ἀρετῶν

1845 579 2035 626 sancto
2061 571 2207 640 ejus;
2238 589 2256 622 ι
2289 580 2341 625 et
2368 578 2479 624 tota
2511 584 2631 640 quae
2660 572 2911 642 sequitur
2940 573 3116 628 oratio
3144 574 3415 645 ejusmodi

1846 670 1954 729 est,
1991 669 2050 716 ut
2099 659 2503 716 benedictionis
2537 660 2602 714 ad
2643 671 2832 730 gentes
2880 661 3295 717 translationem
3332 664 3418 718 de-

1842 762 2149 811 monstret:
2180 752 2357 823 inquit
2380 752 2525 807 enim
2560 767 2573 802 :
2608 768 2626 801 ι
2666 751 2836 806 Dicite
2873 751 2926 805 in
2956 753 3247 822 gentibus:
3276 754 3416 820 Quia

1841 844 2105 900 Dominus
2127 844 2397 915 regnavit;
2426 863 2443 895 ι
2476 853 2755 913 totamque
2790 858 2971 898 rerum
3004 844 3412 900 universitatem

1838 938 1905 992 ab
1939 936 2289 1006 improbitate
2309 935 2638 991 destructam
2672 936 2928 1002 restituit,
2966 945 3025 989 ut
3054 938 3107 990 in
3133 946 3411 1007 posterum

1840 1040 2103 1099 perpetuo
2146 1028 2475 1083 inconcussa
2516 1028 2809 1091 consistat,
2856 1028 2924 1082 ob
2978 1044 3100 1098 qua:
3156 1047 3173 1080 ι
3203 1028 3415 1084 Lactan-

1839 1131 1928 1175 tur
1963 1120 2111 1184 caeli,
2146 1128 2201 1173 et
2233 1119 2472 1173 exsultat
2519 1119 2699 1173 omnis
2735 1130 2902 1184 terra,
2930 1121 3217 1174 commotis
3256 1120 3415 1189 aquis

1839 1211 2013 1266 maris
2052 1226 2175 1265 cum
2214 1226 2316 1264 sua
2367 1210 2723 1281 plenitudine.
2765 1229 2783 1262 ι
2819 1209 3029 1275 Quibus
3056 1212 3415 1267 translatione

1838 1303 2076 1372 quadam
2122 1304 2417 1368 sermonis,
2451 1302 2821 1356 adversariam
2870 1310 3195 1372 potestatem
3239 1304 3412 1374 signi-

1839 1398 1988 1459 licat,
2030 1394 2306 1450 turbatam
2345 1395 2555 1449 scilicet
2592 1404 2646 1450 et
2693 1396 2813 1450 loco
2847 1404 3049 1450 motam
3091 1410 3255 1465 super
3300 1396 3412 1450 vita

1838 1495 2046 1550 nostra,
2079 1487 2304 1558 quando
2328 1504 2429 1542 nos
2457 1487 2865 1557 quoiammodo
2885 1489 3006 1543 caeli
3034 1487 3159 1541 lacti
3182 1488 3411 1558 gloriam

1837 1575 1932 1631 Dei
1966 1591 2310 1643 enarramus,
2347 1579 2440 1647 qui
2473 1590 2615 1632 terra
2658 1594 2850 1634 smnus
2880 1594 2975 1647 per
3006 1579 3267 1631 virtutum
3306 1580 3413 1633 fer-

1840 1666 2094 1719 tilitatem
2131 1666 2400 1720 benedicti
2432 1685 2445 1720 :
2482 1666 2612 1721 dicit
2639 1669 2784 1721 enim
2817 1686 2830 1721 :
2894 1685 2911 1717 ι
2954 1666 3236 1720 Movcatur
3266 1682 3415 1721 mare

1839 1768 1893 1812 et
1925 1758 2207 1829 plenitudo
2229 1760 2365 1829 ejus.
2393 1778 2411 1811 ι
2439 1757 2636 1814 Lzrtari
2674 1774 2799 1814 vero
2827 1758 2902 1813 ait
2933 1778 2949 1810 ι
2980 1773 3238 1827 campos;
3263 1778 3281 1810 ι
3319 1774 3414 1828 per

164 1846 535 1916 καρποφορίας
565 1846 957 1918 εὐλογουμένη.
1000 1869 1018 1899 ι
1062 1848 1386 1917 Σαλευθήτω
1417 1869 1435 1901 ι
1475 1850 1605 1919 γὰρ,
1634 1867 1731 1920 φη-

1840 1865 2065 1919 campos
2088 1852 2409 1919 aequabilem
2455 1850 2603 1904 illam
2635 1851 2855 1903 virtutis
2888 1852 3031 1904 viam
3070 1852 3409 1920 signiﬁcans.

165 1934 263 1995 σὶν,
311 1957 330 1988 ι
360 1938 395 2005 ἡ
427 1934 700 1998 θάλασσα,
732 1934 910 1988 καὶτὸ
945 1936 1220 2006 πλήρωμα
1259 1936 1451 2005 αὐτῆς.
1495 1956 1516 1990 ι
1550 1939 1736 2008 Χαρή-

164 2026 340 2079 σεσθαι
372 2026 433 2079 δὲ
463 2025 531 2079 τά
568 2026 724 2078 πεδία
758 2025 926 2094 λέγει.
970 2025 1075 2079 Τὸν
1104 2026 1304 2096 ὁμαλὸν
1332 2029 1390 2081 ἐν
1416 2029 1584 2098 ἀρετῇ
1622 2028 1734 2097 βίον

166 2114 314 2169 πεδία
346 2115 544 2184 λέγων,
574 2108 635 2168 οὗ
669 2115 763 2168 καὶ
794 2118 822 2168 ὁ
878 2115 1100 2180 Ἡσαΐας
1146 2118 1204 2168 ἐν
1230 2120 1344 2181 τοῖς
1378 2118 1528 2181 ίδίοις
1557 2119 1734 2187 λόγοις

164 2204 297 2276 ἄλλῳ
337 2206 614 2277 μέμνηται
643 2209 852 2278 τρόπῳ,
894 2207 1337 2278 ἀναπληροῦσθαι
1366 2209 1462 2279 μὲν
1491 2210 1734 2262 κελεύων

163 2298 253 2359 τὰς
282 2298 595 2368 φάραγγας,
622 2297 1007 2352 καταστέλλειν
1040 2298 1095 2351 δὲ
1132 2299 1257 2361 τοὺς
1281 2298 1522 2368 βουνοὺς,
1557 2300 1733 2353 καὶτὰ

163 2386 274 2457 ὅρη.
316 2390 493 2459 Ὅπερ
529 2387 680 2439 οὐδὲν
713 2387 899 2456 ’ἐτερόν
933 2403 1026 2456 μοι
1052 2386 1236 2449 δοκεῖ,
1266 2387 1299 2458 ἢ
1340 2388 1437 2451 τὰς
1473 2388 1734 2457 ἐλλείψεις

165 2493 216 2529 τε
241 2479 329 2530 καὶ
359 2477 742 2547 ὑπερπτώσεις
767 2478 875 2530 τῶν
906 2478 1024 2531 κατ’
1052 2477 1252 2547 ἀρετὴν
1282 2479 1734 2549 ἐπιτηδευμάτων

166 2568 478 2639 θεραπεύειν
506 2568 848 2640 βουλόμενος,
881 2569 1053 2623 ταῦτα
1085 2569 1285 2637 λέγειν,
1319 2568 1464 2622 ὥστε
1493 2572 1632 2641 μήτε
1667 2571 1731 2623 δι’

164 2659 440 2729 ἐλλείψεως
470 2659 565 2713 τοῦ
607 2659 812 2727 ἀγαθοῦ
853 2661 942 2713 τὸν
975 2661 1072 2728 τῆς
1102 2660 1301 2731 ἀρετῆς
1340 2659 1493 2728 λόγον
1522 2660 1732 2713 κοιλαί-

165 2748 332 2802 νεσθαι
352 2768 366 2781 ·
395 2751 534 2821 μήτε
564 2749 869 2819 άνωμαλεῖν
890 2749 978 2803 διὰ
1002 2748 1101 2818 τῆς
1132 2749 1553 2819 ῦπερπτώσεως.
1586 2769 1603 2797 ι
1623 2751 1733 2802 Χα-

166 2840 375 2909 ρήσεται
394 2861 412 2891 ι
447 2841 575 2910 γάρ,
615 2842 775 2909 φησιν
797 2881 811 2905 ,
854 2858 872 2890 ι
895 2839 966 2893 τὰ
995 2840 1171 2906 πεδία,
1204 2840 1297 2893 καὶ
1321 2840 1498 2894 πάντα
1526 2841 1592 2893 τά
1622 2840 1730 2911 (88)

170 2933 219 2983 ἐν
245 2934 445 2995 αὐτοῖς.
483 2952 502 2981 ι

228 3109 629 3180 Παραπλησίως
658 3107 713 3160 δὲ
752 3108 843 3160 καὶ
869 3109 896 3161 ὁ
934 3106 1225 3178 μετάὐτὸν
1253 3104 1465 3178 ψαλμὸς
1495 3109 1553 3160 ού
1589 3126 1727 3179 παρ-

166 3174 346 3270 εδέχθη
396 3174 492 3270 τῇ-
518 3198 627 3252 τῶν
672 3174 1277 3270 Ἐϐραίωντέπιγραφῇξ
1309 3174 1441 3253 διδ-ει
1482 3201 1551 3253 τά
1591 3174 1724 3271 ἡμε-
1760 3174 1801 3230 C

164 3306 288 3360 τερα
331 3292 502 3358 λέγει,
545 3290 641 3342 καὶ
674 3290 771 3359 τῆς
804 3288 1079 3358 ἡμετέρας
1110 3291 1212 3360 γῆς
1252 3291 1349 3361 τὴν
1393 3292 1729 3344 κατάστασιν

167 3382 238 3452 τῷ
288 3383 429 3455 λόγῳ
463 3380 900 3450 εὐαγγελίζεται.
951 3381 1261 3452 Ἀνατίθησι
1306 3383 1415 3453 γάρ
1453 3382 1532 3448 τῷ
1570 3382 1734 3437 Δαυῖδ

164 3475 254 3544 τὴν
283 3474 602 3546 ψαλμῳδίαν
650 3475 682 3544 ἡ
733 3474 1014 3542 ἐπιγραφὴ
1041 3511 1056 3536 ,
1091 3471 1265 3537 οὕτως
1311 3474 1529 3544 ἐχουσαο
1576 3492 1593 3524 ι
1640 3473 1731 3543 Τῷ

164 3567 332 3629 Δαυῖδ,
361 3567 522 3619 ὁπότε
551 3568 585 3635 ἡ
617 3565 687 3633 γῆ
706 3562 869 3616 αὑτοῦ
900 3562 1204 3634 κατεστάθη
1257 3584 1276 3616 ι
1306 3566 1377 3618 Τὸ
1397 3565 1453 3618 δὲ
1481 3585 1499 3617 ι
1521 3566 1685 3618 αὑτοῦ
1707 3585 1723 3615 ι

164 3658 413 3727 δηλονότι,
454 3662 520 3713 οὐ
574 3659 711 3729 πρὸς
743 3657 833 3709 τὸν
867 3656 1051 3722 Δαϐὶδ,
1097 3656 1233 3709 ἀλλὰ
1282 3658 1418 3727 πρὸς
1468 3658 1560 3710 τὸν
1600 3658 1730 3709 θεὸν

165 3753 253 3822 τὴν
301 3752 581 3823 σημασίαν
631 3752 763 3823 ἔχει.
814 3754 878 3805 'H
922 3754 1030 3824 γάρ
1077 3753 1340 3822 πρότερον
1386 3752 1475 3804 διὰ
1531 3751 1730 3815 κακίας

165 3842 441 3897 ἀποστᾶσα
468 3843 562 3913 γῆ,
588 3842 682 3895 νῦν
713 3843 800 3897 διὰ
825 3842 924 3912 τῆς
948 3841 1296 3911 ἐπιγνώσεως
1324 3840 1419 3893 τοῦ
1446 3840 1583 3893 Θεοῦ
1604 3840 1730 3910 ἔσχε

164 3934 219 3985 τὸ
246 3934 525 4005 στάσιμον.
567 3934 756 4004 Ἡμεῖς
784 3934 842 3986 δὲ
871 3936 1069 3997 πάντες
1098 3934 1263 4002 ἐσμὲν
1291 3934 1324 4002 ἡ
1355 3932 1423 4002 γῆ
1446 3932 1540 3985 τοῦ
1569 3932 1727 3996 Θεοῦ,

163 4024 208 4073 οἱ
241 4024 500 4095 πρότερον
555 4024 612 4076 ἐν
654 4023 732 4094 τῷ
774 4023 966 4093 ἀγαθῷ
1013 4024 1452 4092 ἀστατήσαντες,
1512 4022 1603 4073 καὶ
1643 4021 1731 4075 διὰ

164 4115 308 4169 τοῦτο
341 4118 398 4169 ἐν
425 4116 640 4199 κατάρᾳ
688 4118 995 4185 γενόμενον
1024 4113 1164 4185 μετὰ
1191 4116 1348 4166 τοῦτο
1375 4114 1430 4166 δὲ
1474 4116 1573 4184 τῆς
1597 4131 1730 4166 κατ-

164 4204 293 4273 άρας
341 4204 734 4274 ἐξαιρεθέντες,
772 4205 865 4258 καὶ
887 4204 985 4272 τῆς
1011 4206 1070 4256 ἐν
1093 4203 1173 4272 τῷ
1195 4201 1385 4271 ἀγαθῷ
1419 4201 1580 4255 πάλιν
1610 4204 1733 4255 ἐπι-

162 4295 400 4364 τυχόντες
424 4295 689 4358 στάσεως.
708 4295 816 4347 Καὶ
839 4295 996 4348 τοῦτο
1025 4294 1187 4357 εὐθὺς
1212 4296 1244 4363 ἠ
1268 4293 1411 4365 ἁρχὴ
1437 4294 1534 4364 τῆς
1549 4294 1730 4364 ψαλμ-

161 4385 314 4453 ῳδίας
337 4386 770 4455 εὐαγγελίζεται,
801 4386 880 4438 ὅτι
907 4402 924 4433 ι
948 4382 1040 4437 τοῦ
1063 4382 1265 4455 Κυρίου
1284 4384 1725 4454 βασιλεύσαντος,

162 4476 193 4544 ἡ
225 4479 291 4547 γῆ
319 4476 822 4549 εὐφραίνεται.›Ὡς
855 4476 920 4529 ἂν
954 4475 1008 4527 εί
1036 4493 1119 4539 τις
1147 4476 1314 4543 λέγοι,
1347 4477 1429 4529 ὃτι
1455 4475 1550 4528 τοῦ
1580 4476 1729 4545 ἡλίου

162 4564 459 4637 λάμψαντος
480 4570 514 4639 ἡ
549 4568 620 4638 γῆ
650 4567 944 4637 φωτίζεται
963 4582 978 4598 ο
1009 4566 1183 4630 οὕτως
1212 4565 1615 4636 ἐπικρατούσης
1636 4566 1730 4619 τοῦ

161 4661 356 4731 Κυρίου
388 4666 491 4734 τῇς
536 4661 833 4731 βασιλείας,
873 4661 930 4711 ἐν
965 4660 1096 4729 ἡμῖν
1141 4661 1289 4711 ἐστιν
1340 4660 1373 4728 ὴ
1425 4657 1731 4729 εὐφροσύνη

161 4752 251 4822 τῆς
289 4754 587 4823 βασιλείας.
628 4754 782 4823 Ἔχει
812 4752 866 4804 δὲ
910 4754 943 4821 ἡ
973 4750 1116 4816 λέξις
1149 4749 1339 4813 οὕτως’
1382 4770 1400 4802 ι
1447 4750 1504 4804 Ὀ
1530 4751 1731 4821 Κύριος

163 4841 535 4906 ἐϐασίλευσεν,
563 4840 912 4909 άγαλλιάσθω
945 4841 1056 4910 (89)
1119 4840 1152 4910 ἡ
1201 4840 1310 4910 γῆ·
1375 4841 1730 4911 ἐφρανθὴτω-

164 4946 256 4984 σαν
281 4934 435 5003 νῆσοι
467 4933 915 4995 πολλαί,›Καλῶς
941 4933 1038 4996 τὰς
1058 4932 1235 5003 ψυχάς
1261 4932 1369 4984 τῶν
1395 4934 1453 4984 ὲν
1475 4935 1586 4996 τοῖς
1612 4950 1731 4987 πει-

164 5028 383 5094 ρασμοῖς
422 5026 485 5078 τὸ
515 5025 726 5096 ἐδραῖόν
768 5043 827 5078 τε
873 5025 965 5077 καὶ
995 5023 1328 5095 ἀμετάθετον
1359 5024 1731 5095 ἐπιδεικνυμέ-

160 5134 277 5182 νων,
300 5120 493 5189 νήσους
512 5119 811 5189 ὠνόμασεν,
830 5118 897 5182 ἃς
918 5119 1177 5172 πάντοθεν
1197 5119 1293 5189 μὲν
1313 5118 1666 5188 διαλαμϐάνει
1695 5121 1730 5190 ἡ

161 5205 250 5275 τῆς
286 5210 484 5272 κακίας
516 5209 682 5280 ἅλμη,
716 5212 776 5262 οὑ
821 5211 928 5279 μὴν
978 5210 1229 5262 τοσοῦτον
1271 5206 1450 5279 ἰσχύει
1495 5211 1729 5280 προσπί-

162 5310 374 5362 πτουσα,
392 5298 466 5362 ὡς
487 5300 578 5352 καὶ
598 5300 756 5352 σάλον
775 5299 895 5352 τινὰ
905 5299 981 5369 τῷ
994 5299 1175 5370 παγίῳ
1188 5299 1281 5370 τῆς
1295 5298 1491 5369 ἀρετῆς
1503 5302 1526 5350 ἐ
1534 5300 1732 5369 μποιῆο

164 5382 485 5442 σαι-εἷταδιὲ
501 5389 666 5458 μέσον
688 5389 888 5442 τούτων
911 5389 971 5442 τὸ
991 5388 1299 5461 ἀθεώρητον
1322 5389 1421 5459 τῆς
1446 5389 1592 5453 θείας
1617 5390 1730 5463 (90)

230 5520 273 5553 ³⁸
305 5524 406 5579 lsa.
455 5540 542 5589 XL,
585 5527 639 5582 4.
715 5527 760 5559 ⁵⁸
788 5525 932 5582 Psal.
985 5539 1123 5579 xcvr.

229 5657 334 5729 (85)
358 5660 552 5729 ania
587 5665 750 5719 verba
779 5665 841 5717 ad
872 5664 1034 5718 αὐτοῦ
1066 5680 1173 5718 om.
1207 5665 1296 5719 ed.

370 5724 475 5803 illi;
503 5735 722 5803 quidam
755 5734 912 5787 codd.

232 5799 337 5865 (87)
378 5800 466 5869 Ἢ,
496 5799 582 5859 ed.

1835 1941 2010 2008 Cujus
2041 1951 2094 1994 et
2132 1941 2304 1994 Isaias
2350 1941 2466 1996 suis
2498 1940 2552 1993 in
2588 1940 2933 1995 sermonibus
2967 1940 3073 1994 alio
3105 1940 3267 1994 modo
3299 1955 3413 1994 me-

1839 2030 2028 2094 minit,
2088 2045 2210 2084 cum
2257 2029 2412 2098 jubet
2463 2030 2660 2100 repleri
2711 2029 2914 2095 valles,
2974 2037 3027 2081 ct
3073 2028 3410 2098 complanari

1837 2118 2006 2173 colles
2036 2127 2089 2173 et
2137 2130 2349 2174 montes
2381 2120 2425 2150 ⁸⁵
2466 2137 2478 2173 :
2511 2119 2657 2189 quod
2684 2119 2815 2174 mihi
2855 2120 3005 2173 nullo
3046 2120 3153 2172 alio
3181 2119 3413 2173 consilio

1837 2206 2043 2262 dixisse
2089 2208 2323 2271 videtur,
2377 2223 2538 2277 quam
2593 2217 2652 2261 ut
2706 2209 3037 2274 ostenderet,
3085 2210 3138 2262 in
3195 2209 3413 2263 virtutis

1837 2296 2020 2350 studio
2052 2312 2340 2350 excessum
2387 2297 2788 2366 delectumque,
2832 2312 2925 2351 seu
2964 2298 3190 2351 nimium
3231 2307 3286 2352 et
3318 2314 3415 2367 pa-

1837 2404 1982 2452 rum,
2029 2387 2323 2457 diligenter
2372 2387 2758 2443 attendendum
2820 2402 2963 2454 esse,
3006 2397 3065 2441 ut
3102 2403 3277 2458 neque
3317 2403 3413 2457 per

1837 2480 2113 2536 defectum
2145 2481 2295 2546 boni,
2327 2481 2545 2538 virtutis
2578 2480 2845 2534 rationem
2873 2481 3029 2551 quasi
3059 2497 3407 2545 excavcmus,

1835 2579 1889 2626 et
1922 2573 2303 2627 exinaniamus
2335 2590 2347 2624 :
2394 2587 2572 2641 neque
2610 2572 2772 2625 etiam
2816 2587 2911 2641 per
2944 2587 3232 2625 excessum
3285 2571 3411 2625 red-

1836 2665 1965 2718 dere
2016 2664 2335 2733 inzequalcm
2391 2678 2655 2717 conemur
2703 2681 2714 2714 :
2762 2662 2895 2716 dicit
2935 2664 3079 2716 cnim
3125 2680 3137 2714 :
3192 2679 3210 2712 ι
3244 2660 3414 2715 Licia-

1837 2756 2042 2810 buntur
2080 2756 2280 2824 campi,
2315 2763 2370 2809 et
2404 2755 2586 2809 omnia
2616 2770 2735 2826 quae
2775 2755 2829 2809 in
2864 2754 2942 2809 eis
2988 2765 3133 2809 sunt.
3174 2774 3191 2805 ι

1907 3106 2171 3160 Similiter
2204 3114 2257 3159 et
2299 3107 2346 3160 is
2389 3106 2481 3175 qui
2518 3106 2765 3174 sequitur
2809 3106 3052 3173 psalmus
3102 3103 3148 3134 ”
3196 3104 3263 3157 ab
3310 3102 3415 3160 lle-

1838 3198 1999 3253 braeis
2033 3198 2356 3268 repudiatus
2406 3206 2509 3260 cst,
2555 3211 2619 3250 co
2649 3195 2791 3264 quod
2824 3204 3041 3250 nostras
3082 3211 3188 3259 res,
3234 3205 3414 3250 terra:-

1836 3304 1941 3358 que
1978 3298 2177 3341 nostra:
2211 3287 2657 3342 constitutionem
2698 3288 2965 3348 decantet,
3018 3295 3070 3339 et
3103 3289 3409 3340 annuntiet.

1836 3382 2130 3452 Inscriptio
2174 3378 2318 3436 enim
2348 3382 2707 3452 psalmodiam
2742 3381 2883 3434 hanc
2917 3382 3015 3448 ipsi
3060 3381 3224 3433 David
3260 3383 3414 3433 altri-

1837 3475 1975 3536 buit,
2011 3488 2130 3542 qum
2158 3474 2238 3527 sic
2290 3488 2349 3527 se
2377 3474 2539 3526 liabet
2568 3490 2581 3524 ε
2614 3491 2632 3523 ι
2663 3472 2764 3542 Ipsi
2795 3472 2980 3534 David,
3022 3474 3240 3539 Quando
3271 3483 3414 3525 terra

1835 3565 1955 3633 ejus
1990 3564 2244 3619 restituta
2290 3570 2393 3617 est.
2432 3581 2449 3612 ι
2488 3562 2621 3614 Illud
2675 3577 2821 3624 vero,
2884 3581 2900 3612 ι
2937 3564 3076 3629 ‹·]ιιε,
3112 3582 3132 3612 ›
3183 3578 3287 3614 non
3347 3562 3413 3615 ad

1840 3655 2034 3718 David,
2082 3653 2176 3708 sed
2232 3652 2297 3706 ad
2332 3652 2499 3705 Deum
2550 3650 2893 3705 referendum
2933 3659 3036 3705 est.
3088 3651 3411 3717 Namtcrra,

1835 3762 1957 3814 qua:
2002 3754 2161 3799 antea
2210 3761 2308 3814 per
2354 3745 2614 3798 malitiam
2666 3743 2960 3809 defecerat,
3001 3760 3147 3797 nunc
3196 3761 3247 3813 ρ(
3267 3761 3289 3795 ι·
3325 3744 3413 3797 Dei

1835 3836 2205 3906 cognitionem
2242 3835 2493 3891 stabilem
2530 3843 2733 3889 sortem
2762 3843 2815 3888 et
2850 3834 3220 3888 conditionem
3254 3844 3414 3889 nacta

1834 3938 1937 3982 est.
1977 3927 2087 3983 Nos
2126 3944 2254 3983 vero
2292 3943 2484 3982 omnes
2536 3926 2628 3981 Dei
2667 3934 2811 3981 terra
2864 3942 3075 3992 sumus,
3132 3928 3223 3996 qui
3263 3928 3415 3996 prius

1836 4022 1889 4075 in
1941 4021 2084 4075 bono
2125 4014 2519 4085 instabiles,ct
2550 4028 2840 4090 propterea
2890 4021 2941 4074 in
2977 4022 3413 4074 male-dictionem

1837 4113 2072 4182 cunjecti
2125 4113 2359 4179 fuimus;
2422 4121 2613 4183 postea
2660 4128 2792 4167 vero
2840 4113 3222 4168 maledictioue
3251 4113 3417 4166 soluti

1838 4219 2031 4258 rursus
2055 4213 2373 4258 constantes
2405 4213 2459 4259 et
2510 4204 2734 4260 stabiles
2762 4204 2815 4257 in
2846 4206 2986 4259 bono
3006 4203 3180 4259 eifecti
3203 4218 3416 4266 smnus,

1839 4304 1894 4349 et
1925 4296 2028 4347 line
2060 4296 2216 4349 initio
2256 4296 2438 4349 statim
2467 4296 2769 4365 psalmodia
2794 4297 2897 4351 ista
2923 4296 3234 4357 annuntiat,
3269 4302 3413 4364 quod

1843 4409 1860 4435 ς
1902 4386 2133 4440 Domino
2174 4398 2438 4456 regnante
2470 4390 2705 4442 exsultet
2737 4396 2879 4442 terra
2906 4407 2918 4442 :
2954 4408 2972 4441 ι
2993 4389 3150 4458 quasi
3179 4389 3304 4457 quis
3333 4388 3417 4441 dio

1839 4483 1950 4540 cat,
1998 4484 2056 4528 ut
2102 4477 2319 4530 lucente
2360 4477 2473 4530 sole
2504 4484 2647 4531 terra
2696 4478 3042 4542 illustratur,
3085 4477 3164 4532 sic
3214 4493 3417 4546 praeva-

1763 4535 1807 4589 D
1840 4568 1983 4621 lente
2040 4583 2208 4635 regno
2260 4566 2497 4632 Domini,
2541 4569 2760 4623 exsistit
2792 4568 2846 4620 in
2884 4567 3042 4621 nobis
3095 4566 3415 4635 jucnnditas

1838 4662 2031 4730 regni;
2074 4656 2234 4714 verba
2282 4676 2412 4715 vero
2456 4661 2537 4715 sic
2584 4678 2643 4717 se
2676 4662 2924 4716 habent:
2975 4679 2993 4705 ι
3034 4659 3302 4714 Dominus
3338 4674 3418 4714 re-

1834 4753 2043 4821 gnavit,
2100 4753 2337 4807 exsultet
2383 4759 2551 4818 terra,
2600 4753 2851 4807 laetentur
2900 4752 3092 4806 insula:
3156 4751 3360 4803 multae.
3394 4768 3411 4800 ι

1836 4844 2067 4898 Pulchre
2113 4844 2346 4908 animas,
2400 4861 2521 4914 qua:
2571 4846 2696 4899 licet
2739 4845 3131 4900 tentationibus
3171 4844 3411 4912 agitatae,

1840 4937 2195 4991 stabilitatem
2261 4944 2315 4989 ct
2366 4937 2756 4991 lirmitudinem
2805 4937 3060 4997 retinent,
3101 4953 3117 4985 ι
3152 4934 3362 4988 insulas
3389 4952 3404 4981 ι
3448 4942 3461 4951 ‘

1841 5029 2151 5099 appellavit,
2187 5044 2325 5097 quas
2371 5028 2612 5098 umlique
2656 5028 2875 5096 quidem
2916 5024 3218 5081 circumdat
3264 5023 3415 5076 mulio

1841 5123 1929 5175 tia:
1970 5121 2211 5191 salsugo,
2264 5121 2356 5175 sed
2400 5130 2611 5175 tantum
2648 5122 2859 5190 allapso
2911 5136 3012 5174 suo
3060 5132 3165 5170 non
3217 5124 3412 5183 potest,

1847 5223 1906 5267 ut
1958 5222 2094 5266 aestu
2163 5213 2346 5282 aliquo
2392 5213 2609 5267 virtutis
2670 5210 3038 5266 constantiam
3103 5204 3413 5259 labefactrt.

1843 5302 2047 5357 Deinde
2098 5318 2192 5371 per
2225 5319 2286 5356 ea
2323 5318 2443 5371 quae
2479 5302 2771 5369 intcrjerit,
2811 5310 3058 5354 naturam
3105 5305 3256 5347 extra
3295 5307 3415 5345 om~

1842 5396 1993 5451 nium
2033 5405 2312 5464 aspectum
2366 5396 2594 5465 positam
2634 5393 2794 5446 nubis
2823 5402 2868 5444 el
2912 5387 3163 5457 caliginis
3204 5383 3417 5439 involat-

1905 5666 2017 5725 (88)
2053 5665 2134 5717 Τά
2153 5680 2262 5718 orn.
2296 5665 2382 5718 ed.

1904 5736 2016 5801 (89)
2049 5734 2479 5802 ’Λγαλλιάσεται.
2518 5730 2579 5783 rd
2592 5772 2602 5783 .

1906 5806 2016 5872 r90)
2043 5806 2203 5867 Θείας
2240 5820 2347 5857 om.
2375 5805 2461 5856 cd.
