3844 6352
405 385 497 444 531
1659 392 1720 448 S.
1748 391 2074 449 GREGORII
2101 389 2398 447 NYSSENI
3572 390 3691 448 $33

409 522 509 561 cro
542 503 782 577 quodam
829 505 1090 562 describit
1119 526 1131 562 :
1169 526 1186 558 ι
1211 506 1394 563 Nubes
1428 509 1571 563 enim
1618 517 1673 565 et
1718 511 1893 581 caligo
1923 509 1977 563 in

2109 508 2298 572 ›ύσεως
2341 509 2399 561 ὲν
2433 510 2500 579 τῇ
2538 507 2736 580 νεφέλῃ
2774 509 2869 561 καὶ
2909 507 2986 576 τῷ
3019 507 3204 579 γνόφῳ
3237 507 3306 562 δι’
3355 507 3693 580 αἰνίγματος

411 599 646 653 circuitu
681 599 818 668 ejus,
846 618 865 652 ι
900 599 1172 668 simulque
1207 601 1501 656 terribilem
1559 601 1706 657 illam
1749 605 1984 674 speciem

2109 598 2452 668 ὶ-ποσημαίνει
2475 599 2586 668 (9|)
2623 600 2652 651 6
2677 598 2853 666 λόγος.
2883 617 2902 649 ι
2931 598 3145 668 Νεφέλη
3168 598 3299 670 γὰρ,
3335 618 3356 652 ι
3397 600 3537 670 φησὶ
3569 601 3693 670 (92)

413 687 670 751 ostendit,
714 689 936 757 quando
987 692 1218 754 venerit,
1269 699 1325 744 ut
1379 691 1673 762 unicuique
1725 695 1988 762 rependat

2099 707 2117 740 ι
2148 689 2241 742 καὶ
2258 687 2458 757 γνόφος
2486 687 2670 759 κύκλῳ
2694 687 2881 753 αὐτοῦ,
2913 707 2931 739 ι
2963 690 3058 742 καὶ
3092 689 3161 743 τὰ
3191 689 3403 762 φοϐερά
3446 692 3550 760 τῆς
3586 692 3694 744 ἀν-

417 794 515 848 pro
546 780 776 842 meritis,
823 797 949 834 eum
1001 783 1116 836 ait:
1153 801 1171 834 ι
1229 781 1372 853 Ignis
1411 783 1466 837 in
1521 796 1818 854 conspectu
1865 786 1985 855 ejus

2109 777 2451 847 ταποδοτικῆς
2495 777 2775 848 δυνάμεως
2817 779 3101 843 ὑποδείξας
3124 819 3140 844 ,
3167 779 3234 832 δι’
3265 774 3340 832 ῶν
3371 797 3564 855 φησιν,
3597 782 3698 833 ὅτι

415 869 684 937 praecedet
707 878 762 925 et
785 869 1144 926 inﬂammabit
1173 873 1227 927 in
1251 874 1486 928 circuitu
1517 874 1768 930 inimicos
1790 876 1930 950 ejus.
1965 894 1983 927 ι

413 960 609 1015 Postea
655 959 1033 1031 Evangelicam
1086 962 1298 1027 lucem,
1352 963 1601 1032 lucisque
1646 963 1988 1020 diﬁusionem

416 1052 780 1117 demonstrat,
811 1053 1025 1124 fulgura
1059 1055 1342 1124 appellans
1370 1054 1567 1109 divina:
1591 1054 1992 1125 praedicationis

418 1158 723 1207 sermones,
763 1146 880 1213 qui‘
912 1161 1010 1216 per
1060 1154 1232 1200 totum
1274 1153 1544 1199 terrarum
1597 1145 1782 1200 orbem
1838 1146 1993 1202 ell'ul-

419 1244 566 1302 gent.
603 1234 743 1289 Dicit
773 1236 960 1291 enim:
1013 1256 1032 1289 ι
1079 1237 1386 1292 llluxerunt
1412 1239 1824 1294 coruscationes
1871 1238 1991 1293 orbi

420 1334 616 1390 teme,
664 1344 683 1378 ι
733 1327 1186 1398 altitudinemque
1222 1327 1676 1397 Evangelicorum
1713 1330 1995 1400 mysterio-

420 1431 541 1470 rum
567 1419 927 1486 sequentibus
959 1419 1147 1475 verbis
1194 1420 1454 1484 ostendit,
1502 1436 1626 1474 eum
1671 1421 1782 1473 ait:
1822 1439 1841 1471 ι
1883 1421 1996 1474 An-

421 1505 811 1560 nuntiaverunt
837 1507 960 1562 cmli
982 1507 1252 1577 justitiam
1284 1508 1424 1576 ejus,
1455 1517 1507 1563 et
1534 1508 1778 1562 viderunt
1803 1522 1996 1562 omnes

420 1593 604 1666 populi
628 1593 854 1664 gloriam
881 1597 1022 1665 ejus.
1051 1617 1070 1649 ι
1103 1596 1451 1652 Eversionem
1485 1611 1614 1652 vero
1650 1596 1915 1650 idolorum
1944 1605 1998 1648 et

421 1687 773 1742 abolitionem
821 1687 1202 1756 hujuscemodi
1241 1686 1577 1758 de'ceptionis
1621 1685 1870 1755 prsedixit
1910 1685 1996 1741 his

421 1777 604 1833 verbis
635 1795 648 1833 :
689 1796 708 1829 ι
729 1776 1148 1833 Confundantur
1175 1793 1365 1834 omnes
1388 1779 1478 1848 qui
1503 1779 1736 1834 adorant
1767 1779 1997 1850 sculpti-

2098 886 2117 918 ι
2150 867 2267 941 Πῦρ
2290 866 2516 919 ἐνώπιον
2553 867 2715 921 αὑτοῦ
2747 866 3302 939 προπορεύσεται(95)
3324 910 3339 934 ,
3363 871 3457 922 καὶ
3472 852 3701 936 ῴλογιεῖ

2093 956 2278 1028 κύκλῳ
2303 959 2428 1021 τοὺς
2451 958 2676 1028 ἐχθροὺς
2700 958 2884 1022 αὑτοῦ,
2906 977 2924 1009 ι
2966 958 3297 1012 ὲκκαλύπτει
3316 960 3417 1030 τὴν
3430 961 3700 1028 Εὐαγγε-

2093 1047 2252 1119 λικὴν
2293 1049 2672 1118 φωταγωγίαν,
2702 1049 2990 1120 ἀστραπὰς
3031 1050 3204 1118 λέγων
3240 1051 3367 1113 τοὺς
3405 1050 3501 1103 τοῦ
3535 1051 3699 1104 θείου

2095 1137 2446 1208 κηρύγματος
2486 1138 2679 1205 λόγους
2701 1178 2718 1203 ,
2757 1138 2805 1190 οἳ
2840 1137 2980 1190 κατά
3007 1139 3190 1208 πάσης
3218 1138 3320 1207 τῆς
3347 1139 3701 1208 οἰκουμένης

2095 1227 2486 1298 ὲκλὰμπουσινσ
2521 1229 2794 1296 «Ἐφαναν
2826 1245 2845 1278 ι
2879 1226 3006 1299 γὰρ,
3041 1227 3225 1298 φησὶν,
3256 1230 3360 1290 «ῗαὶ
3397 1229 3702 1300 ἀστραπαὶ

2095 1319 2261 1373 αὐτοῦ
2290 1320 2356 1388 τῇ
2390 1317 2680 1390 οἰκουμένῃ
2700 1335 2713 1350 ·
2755 1335 2773 1368 ι
2829 1317 2924 1370 καὶ
2970 1317 3030 1371 τὸ
3085 1317 3219 1386 ὕψος
3243 1318 3352 1370 τῶν
3377 1319 3700 1388 Εὖαγγελι-

2095 1409 2208 1463 κῶν
2243 1408 2557 1478 μυστηρίων
2609 1408 2688 1479 τῷ
2733 1408 2930 1478 ἐφεξῆς
2961 1408 3245 1475 ὑποδείξας
3274 1411 3331 1462 ὲν
3355 1409 3437 1478 τῷ
3487 1413 3699 1470 εἰπεῖν.

2094 1499 2176 1552 ὅτι
2213 1516 2232 1548 ι
2277 1496 2628 1567 Ἀνήγγειλαν
2643 1497 2693 1549 οἱ
2719 1496 2938 1567 οὐρανοὶ
2967 1495 3068 1566 τὴν
3103 1497 3453 1568 δικαιοσύνην
3479 1497 3656 1550 αὐτοῦ
3682 1513 3697 1526 '

2097 1590 2192 1643 καὶ
2220 1587 2431 1641 εἴδοσαν
2453 1588 2654 1651 πάντες
2677 1589 2726 1641 οἱ
2748 1588 2865 1640 λαοὶ
2899 1587 2997 1657 τὴν
3023 1587 3180 1652 δόξαν
3214 1588 3403 1641 αὐτοῦ.
3435 1608 3455 1640 ι
3489 1589 3606 1658 Τήν
3632 1606 3702 1642 τε

2096 1679 2206 1733 τῶν
2251 1677 2486 1732 είδὼλων
2533 1678 2873 1750 καθαίρεσιν,
2925 1679 3021 1731 καὶ
3075 1679 3168 1732 τὸν
3225 1680 3542 1750 ἀφανισμὸν
3590 1683 3702 1748 τῆς

2096 1769 2349 1839 τοιαύτης
2390 1769 2598 1840 πλάνης
2631 1769 3043 1840 προαγορεύσας
3067 1809 3083 1831 ,
3113 1769 3173 1820 ὲν
3201 1765 3282 1832 οἷς
3313 1770 3490 1838 λέγει·
3528 1787 3548 1820 ι
3590 1771 3701 1821 ΑΞ-

421 1867 520 1932 lia,
542 1875 599 1922 et
629 1869 721 1938 qui
752 1868 1058 1939 gloriantur
1087 1870 1140 1923 in
1184 1870 1525 1925 simulacris.
1567 1888 1586 1922 ι
1622 1870 1876 1940 Moxque,
1915 1885 1998 1924 ve-

2109 1860 2485 1932 σχυνθήτωσαν
2510 1861 2710 1922 πάντες
2735 1864 2784 1912 οἱ
2817 1859 3244 1931 προσκυνοῦντες
3263 1862 3378 1924 τοῖς
3399 1861 3698 1928 γλυπτοῖς,

422 1959 502 2014 lut
528 1960 770 2015 omnium
810 1961 1082 2016 bonorum
1125 1961 1489 2032 signaculum,
1527 1961 1749 2016 adducit
1782 1961 1996 2016 Domini

420 2066 518 2122 per
565 2065 786 2106 carnem
837 2059 1173 2122 assumptam
1218 2052 1361 2107 inter
1408 2053 1658 2108 homines
1703 2053 1999 2124 apparitio-

421 2157 545 2197 nem
576 2159 590 2196 :
629 2161 648 2194 ι
685 2140 828 2206 Lux,
868 2160 887 2194 ι
921 2142 1197 2212 inquiens,
1235 2159 1257 2196 ι
1290 2151 1412 2200 orta
1447 2157 1528 2200 est
1556 2145 1730 2215 justo,
1755 2154 1807 2200 et
1830 2144 2000 2200 rectis

422 2229 588 2288 corde
617 2231 823 2287 laetitia.
850 2249 869 2282 ι

496 2407 662 2464 Recte
698 2424 864 2475 porro
909 2416 964 2466 et
1011 2410 1292 2480 ingeniose
1347 2411 1630 2480 sequentis
1673 2411 1871 2482 psalmi
1925 2412 1997 2478 ι’,

423 2499 520 2569 qui
553 2507 608 2554 et
649 2499 766 2569 ipse
811 2501 1174 2572 inscriptione
1218 2509 1390 2567 caret,
1437 2501 1652 2555 initium
1716 2494 1859 2555 cum’
1897 2501 2002 2556 ﬁne

423 2591 589 2661 hujus
626 2592 992 2646 connectitur.
1026 2592 1285 2662 Ejusdem
1316 2592 1461 2646 enim
1492 2592 1748 2662 potentia:
1777 2601 1895 2656 est,
1942 2600 2002 2646 ut

420 2688 476 2734 et
511 2680 663 2748 justo
697 2681 788 2735 lux
832 2694 895 2737 ac
927 2681 1147 2748 laetitia,
1181 2682 1474 2738 Incredulae
1497 2691 1676 2737 autem
1713 2684 1855 2754 plebi
1920 2685 2000 2738 ira

420 2776 477 2822 et
508 2769 814 2838 indignatio
847 2772 1076 2827 oriatur.
1111 2771 1292 2843 Inquit
1319 2775 1466 2828 enim
1497 2793 1510 2829 :
1549 2792 1568 2826 ι
1619 2773 1880 2830 Dominus
1915 2791 2000 2830 re-

421 2859 630 2929 gnavit,
664 2861 974 2917 irascantur
1001 2864 1206 2934 populi.
1248 2883 1267 2916 ι
1298 2865 1433 2931 Quis
1461 2864 1585 2928 iste,
1631 2865 1725 2935 qui
1754 2865 2000 2934 regnavit

428 2949 716 3015 Dominus,
745 2953 1048 3022 angelicam
1082 2961 1138 3007 et
1169 2962 1480 3009 terrestrem
1513 2962 1763 3008 naturam
1795 2970 2001 3024 super—

424 3041 692 3111 gressus?
721 3040 854 3094 Nam
889 3057 985 3111 per
1013 3041 1310 3097 Cherubim
1345 3045 1670 3099 excellentia
1710 3046 2000 3113 potestatis

425 3132 574 3186 illius
600 3146 765 3202 supra
798 3132 1060 3186 mundum
1089 3133 1233 3187 hunc
1261 3141 1460 3188 evecta:
1487 3134 1860 3204 significatur:
1897 3150 1994 3189 cu-

2099 1953 2149 2006 οί
2182 1951 2590 2022 ἐγκαυχὼμενοι
2629 1953 2686 2003 ἐν
2735 1953 2846 2014 τοῖς
2883 1949 3122 2014 εἰδώλοις
3172 1951 3374 2016 αὐτῶν,
3421 1971 3440 2004 ι
3491 1953 3701 2020 ἐπάγει

2099 2045 2207 2096 τῶν
2231 2043 2449 2109 ἀγαθῶν
2471 2043 2569 2113 τὴν
2594 2041 2884 2112 σφραγῖδα,
2912 2040 3010 2111 τὴν
3038 2041 3125 2094 διά
3157 2041 3359 2112 σαρκὸς
3380 2041 3702 2112 γενομένην

2098 2133 2194 2187 τοῦ
2233 2133 2438 2205 Κυρίου
2463 2136 2574 2197 τοῖς
2606 2132 2912 2204 ἀνθρώποις
2940 2133 3238 2203 ἐμφάνειαν
3267 2131 3471 2200 λέγων’
3512 2151 3535 2183 ι
3573 2132 3700 2192 Φῶς

2099 2225 2340 2279 ἀνέτειλε
2369 2224 2446 2295 τῷ
2479 2224 2674 2294 δικαίῳ
2695 2264 2708 2288 ,
2746 2225 2841 2276 καὶ
2880 2226 2990 2287 τοῖς
3037 2221 3220 2276 εύθέσι
3254 2225 3320 2294 τῇ
3359 2222 3572 2293 καρδίᾳ
3601 2222 3699 2274 εύ-

2101 2316 2365 2386 φροσύνη.
2397 2333 2415 2364 ι
3725 2385 3730 2390 .

2171 2407 2366 2469 Καλῶς
2391 2405 2447 2458 δὲ
2483 2405 2578 2459 καὶ
2616 2403 2904 2476 προσφυῶς
2960 2405 2992 2474 ἡ
3039 2403 3130 2458 τοῦ
3161 2403 3359 2474 ἑφεξῆς
3385 2404 3701 2474 ἀνεπιγρᾶο

2102 2513 2202 2566 φου
2259 2497 2400 2567 ἀρχὴ
2465 2495 2600 2564 πρὸς
2647 2495 2709 2548 τὸ
2753 2495 2925 2566 πέρας
2968 2494 3174 2566 ταύτης
3217 2495 3318 2566 τῆς
3365 2494 3701 2565 ψαλμψδίας

2102 2585 2448 2638 συνάπτεται.
2501 2585 2565 2636 Ἠ
2610 2583 2720 2654 γὰρ
2759 2583 2898 2653 αὑτὴ
2943 2582 3192 2654 δύναμις,
3230 2583 3310 2653 τῷ
3349 2584 3452 2654 μὲν
3496 2584 3700 2654 δικαίῳ

2102 2677 2217 2747 φῶς
2266 2693 2325 2728 τε
2357 2676 2451 2728 καὶ
2496 2675 2801 2746 εὐφροσύνη
2851 2675 3096 2744 γίνεται,
3140 2677 3274 2747 ὀργὴ
3314 2675 3372 2729 δὲ
3435 2676 3519 2746 τῷ
3563 2679 3700 2730 ἀπι-

2103 2766 2311 2820 στοῦντι
2342 2765 2473 2836 λαῷ.
2499 2785 2516 2816 ι
2537 2766 2596 2818 '0
2625 2766 2824 2837 Κύριος
2850 2785 2867 2816 ι
2901 2768 3030 2837 γὰρ,
3055 2767 3236 2837 φησὶν,
3262 2785 3278 2817 ι
3301 2766 3661 2820 ἐϐασίλευσεν
3683 2807 3698 2827 .

2101 2857 2506 2929 ὀργιζέσθωσαν
2537 2857 2677 2909 λαοί.
2713 2877 2730 2907 ι
2759 2857 2854 2918 Τίς
2894 2851 3046 2919 οὗτος
3069 2857 3096 2908 ὁ
3119 2855 3439 2926 βασιλεύσας
3465 2857 3696 2929 Κύριος,

2101 2951 2129 3002 6
2161 2949 2261 3018 τῆς
2289 2949 2584 3020 ἁγγελικῆς
2605 2966 2662 3000 τε
2689 2949 2782 3002 καὶ
2809 2948 3068 3018 οὐρανίας
3091 2948 3553 3019 ὑπερκαθήμενος
3575 2948 3697 3003 K6-

2103 3056 2252 3110 ριος;
2303 3038 2405 3090 Διά
2431 3041 2538 3111 γὰρ
2570 3039 2678 3092 τῶν
2704 3039 2983 3109 Χερουϐὶμ
3007 3039 3067 3092 τὸ
3112 3037 3293 3108 ὲξέχον
3319 3039 3419 3107 τῆς
3448 3039 3697 3110 ὑπερκο-

2101 3128 2260 3198 σμίου
2302 3128 2580 3198 δυνάμεως
2617 3129 2644 3180 6
2685 3129 2842 3198 λόγος
2869 3129 3203 3182 ἐνδείκνυται
3226 3167 3242 3191 ,
3274 3120 3334 3181 οὗ
3370 3129 3403 3198 ἡ
3437 3126 3700 3197 βασιλεία

419 3223 514 3292 jus
547 3238 797 3294 regnum,
825 3223 878 3277 id
913 3223 1058 3293 quod
1087 3225 1228 3279 male
1251 3224 1476 3289 coaluit,
1508 3239 1703 3281 rursus
1725 3225 1993 3281 dissolvit.

2109 3219 2342 3272 διάλυσιν
2394 3218 2488 3271 τοῦ
2537 3217 2726 3282 κακῶς
2777 3217 3110 3281 συνεστῶτος
3151 3219 3314 3271 ποιεῖ.
3367 3217 3443 3269 υύ
3488 3218 3602 3288 γὰρ
3637 3219 3700 3270 τὸ

425 3313 544 3368 Νοιι
576 3315 724 3368 enim
758 3314 810 3368 id
838 3315 982 3385 quod
1015 3315 1236 3370 cceleste
1261 3315 1316 3368 in
1343 3316 1499 3371 nobis
1521 3323 1634 3379 est,
1656 3317 1750 3372 sed
1777 3316 1828 3370 id
1855 3317 1997 3386 quod

427 3411 694 3458 terrestre
723 3411 827 3468 est,
862 3414 1188 3469 commovet,
1228 3412 1288 3458 ut
1327 3413 1559 3459 testatur
1594 3405 1680 3459 his
1715 3407 1846 3475 ipsis
1881 3423 2001 3461 ver-

425 3493 512 3549 bis
547 3512 561 3549 :
597 3512 616 3545 ι
655 3493 758 3559 Qui
809 3493 981 3548 sedes
999 3509 1164 3562 super
1193 3493 1486 3550 Cherubim
1519 3514 1533 3550 :
1572 3506 1854 3551 moveatur
1895 3505 2004 3551 ter-

427 3599 509 3638 ra.
550 3603 570 3636 »
618 3582 847 3654 Reliqua
897 3585 1111 3647 omitto,
1163 3600 1231 3639 ne
1275 3585 1634 3654 expositionis
1683 3588 2000 3641 continuata

425 3675 569 3730 serie
592 3674 797 3743 aliquid
829 3673 1096 3729 molestia:
1118 3673 1361 3728 aﬂ'eram.
1395 3673 1507 3728 lloc
1537 3683 1749 3728 tantum
1780 3675 2003 3730 addide—

425 3764 552 3828 rim,
585 3765 768 3818 omnia
820 3762 889 3817 ad
927 3778 1096 3818 unum
1147 3762 1510 3832 eumdemque
1545 3764 1705 3818 linem
1756 3763 1999 3828 tendere,

425 3872 600 3925 usque
625 3856 691 3909 ad
719 3855 878 3908 tinem
905 3855 1122 3924 psalmi.
1155 3853 1410 3909 Testatur
1434 3857 1578 3910 enim
1609 3857 1772 3909 istum
1809 3854 2002 3917 Deum,

424 3944 517 4014 qui
577 3944 850 4013 regnavit,
894 3943 1200 3997 nonnobis
1230 3946 1462 4013 primum
1513 3945 1854 4014 apparuisse,
1907 3943 2002 3998 sed

425 4034 779 4089 manifestum
834 4032 1007 4087 fuisse
1049 4033 1226 4103 magni
1281 4034 1519 4088 nominis
1571 4044 1620 4087 et
1671 4034 2004 4088 celebritatis

431 4125 716 4196 prephetis
746 4141 760 4178 :
792 4123 864 4178 ob
894 4123 945 4176 id
979 4123 1145 4177 Mosis
1176 4123 1420 4178 meminit
1446 4133 1499 4177 et
1531 4124 1784 4188 Aaronis,
1820 4133 1874 4178 et
1899 4125 2001 4176 Sa-

427 4217 661 4282 muelis;
689 4229 920 4284 quorum
945 4214 1175 4284 quilibet
1209 4222 1430 4284 propter
1461 4214 1711 4283 pietatem
1747 4215 1800 4268 in
1833 4213 2002 4268 Deum

427 4310 610 4366 clarus
665 4314 750 4362 est
801 4314 856 4359 et
906 4305 1298 4360 memorabilis.
1349 4304 1553 4374 Adjicit
1596 4312 1776 4358 autem
1815 4313 1869 4360 et
1907 4321 2004 4359 co-

425 4403 669 4456 lumnam
706 4398 886 4460 nubis,
925 4398 978 4452 in
1015 4413 1122 4466 qua
1157 4397 1301 4452 Deus
1335 4412 1476 4459 cum
1511 4397 1618 4452 illis
1658 4398 2002 4467 loquebatur,

425 4495 655 4559 docens,
681 4493 784 4546 nisi
812 4491 992 4554 fallor,
1020 4489 1356 4553 incredulos,
1401 4506 1467 4544 ne
1495 4491 1631 4544 adeo
1669 4491 2004 4545 abhorreant

2103 3311 2350 3380 οὐράνιον
2378 3310 2484 3363 τῶν
2509 3312 2564 3362 ὲν
2592 3312 2743 3379 ἡμῖν,
2767 3309 2904 3363 ἀλλὰ
2934 3309 2995 3362 τὸ
3022 3311 3209 3380 γήϊνον
3238 3309 3318 3372 είς
3349 3308 3519 3361 σάλον
3541 3309 3695 3377 ἄγει,

2102 3401 2300 3454 οὑτωσὶ
2348 3400 2521 3468 λέγων
2565 3399 2642 3470 τῷ
2683 3400 2907 3471 ῥήματι,
2943 3417 2961 3450 ι
2985 3399 3046 3452 Ὁ
3087 3397 3399 3469 καθήμενος
3441 3399 3540 3452 ἐπὶ
3585 3401 3699 3452 τῶν

2103 3491 2383 3561 Χερουείμ
2405 3508 2418 3520 ·
2483 3489 2794 3560 σαλευθήτω
2825 3493 2857 3560 ή
2889 3491 2984 3560 γῆ.
3022 3509 3040 3541 ι
3083 3487 3193 3542 Καὶ
3224 3489 3290 3542 τὰ
3313 3487 3514 3559 ἑφεξῆς
3545 3507 3697 3561 παρ-

2107 3581 2248 3651 ίημι,
2292 3581 2368 3644 ὼς
2401 3581 2466 3635 ἂν
2507 3581 2580 3650 μὴ
2617 3580 2784 3634 πολὺν
2827 3579 2980 3650 ὄχλον
3011 3581 3272 3650 ὲπάγοιμι
3305 3581 3370 3650 τῇ
3399 3580 3700 3652 ἀκολουθίᾳ

2102 3675 2200 3742 τῆς
2230 3671 2541 3742 ἐξηγήσεως
2563 3687 2576 3701 ·
2606 3671 2859 3723 τοσοῦτον
2890 3668 3080 3731 εἰπὼν,
3112 3669 3194 3722 ὅτι
3229 3669 3404 3722 πάντα
3431 3670 3569 3742 πρὸς
3600 3672 3698 3725 ἕνα

2105 3763 2199 3816 καὶ
2233 3763 2325 3816 τὸν
2363 3761 2528 3817 αὑτὸν
2571 3759 2770 3814 σκοπὸν
2803 3760 2988 3831 βλέπει
3030 3761 3190 3832 μέχρι
3229 3759 3326 3813 τοῦ
3353 3760 3545 3824 τέλους
3594 3762 3699 3830 τῆς

2104 3852 2446 3922 ψαλμῳδίας.
2486 3851 2926 3922 Διαμαρτύρεται
2954 3851 3063 3922 γὰρ
3091 3853 3172 3904 ὅτι
3197 3845 3350 3914 οὗτος
3377 3853 3408 3904 6
3437 3850 3698 3920 βασιλεύ-

2107 3961 2204 4007 σας
2228 3944 2380 4008 Θεὸς,
2409 3944 2470 3996 οὐ
2499 3943 2594 3998 νῦν
2635 3945 2766 4013 ἡμῖν
2793 3943 3000 4012 πέφηνε
3027 3942 3263 4013 πρῶτον.
3290 3942 3426 3995 ἀλλά
3458 3942 3554 3994 καὶ
3579 3945 3698 4005 τοῖς

2105 4034 2420 4104 ὀνομαστοῖς
2444 4034 2551 4087 τῶν
2590 4033 2876 4105 προφητῶν
2908 4035 3156 4104 ἐμφανὴς
3182 4036 3209 4086 ὁ
3239 4034 3399 4096 αὑτός
3429 4035 3568 4086 ἐστι.
3599 4033 3695 4084 Διὸ

2105 4125 2386 4188 Μωῦσέως
2429 4124 2719 4195 μέμνηται,
2774 4125 2868 4177 καὶ
2917 4125 3126 4194 Ἃαρὼν
3161 4125 3254 4188 καὶ
3281 4123 3379 4177 τοῦ
3410 4124 3694 4192 Σαμουὴλ,

2108 4209 2182 4270 ὧν
2202 4217 2428 4278 ἕκαστος
2456 4215 2563 4268 ἀπὸ
2595 4215 2696 4285 τῆς
2725 4217 2805 4278 είς
2833 4216 2965 4268 Θεὸν
3008 4215 3286 4278 εὐσεϐείας
3331 4214 3696 4284 περίϐλεπτός

2107 4306 2226 4358 ἐστι
2257 4306 2351 4360 καὶ
2369 4305 2627 4374 ἀοίδιμος.
2662 4306 2990 4376 Προστίθησι
3015 4306 3070 4358 δὲ
3091 4305 3170 4375 τῷ
3192 4305 3353 4374 λόγῳ.
3378 4304 3470 4355 καὶ
3493 4304 3593 4373 τῆς
3615 4321 3698 4356 νεα

2108 4399 2277 4469 φέλης
2300 4397 2390 4448 τὸν
2417 4397 2625 4461 στύλον,
2655 4398 2712 4449 ἐν
2738 4389 2784 4464 ᾧ
2809 4396 2943 4467 πρὸς
2966 4397 3163 4459 αὐτοὺς
3189 4399 3216 4448 6
3237 4394 3368 4457 Θεὸς
3395 4393 3692 4462 διελέγετο,

2106 4489 2392 4551 διδάσκων,
2426 4484 2600 4558 οἶμαι,
2631 4477 2763 4552 τοὺς
2792 4487 3052 4550 ἀπίστους
3083 4487 3170 4540 διά
3203 4487 3416 4552 τούτου,
3447 4487 3521 4556 μὴ
3551 4486 3692 4550 ξενί-

423 4587 651 4642 crcdere
682 4586 773 4640 Dei
811 4585 876 4638 ad
916 4585 1166 4638 homines
1197 4583 1512 4637 adventum.
1542 4581 1677 4636 Nam
1710 4582 1852 4639 Deus
1889 4585 1997 4647 ille,

2112 4581 2298 4645 ζεοθαι
2332 4557 2493 4650 πρὸς
2517 4580 2617 4648 τὴν
2663 4579 2730 4632 δι’
2765 4577 3052 4650 ἀνθρώπου
3091 4578 3388 4648 γενομένην
3431 4580 3567 4647 ἡμῖν
3599 4575 3694 4629 τοῦ

424 4680 517 4748 qui
554 4688 682 4732 tunc
709 4677 762 4730 in
798 4677 1050 4730 columna
1084 4675 1245 4728 nubis
1275 4674 1490 4729 locutus
1521 4685 1624 4737 est,
1661 4684 1848 4744 postea
1882 4691 1999 4728 ma-

426 4769 725 4825 nifestatus
768 4775 853 4822 est
895 4767 949 4820 in
998 4781 1181 4820 carne.
1228 4765 1416 4834 Itaque
1468 4765 1514 4818 si
1559 4765 1683 4833 quis
1725 4765 2002 4835 indignam

425 4875 552 4918 esse
576 4859 723 4913 dicat
751 4871 993 4920 carnem,
1030 4871 1127 4926 per
1158 4870 1322 4924 quam
1349 4855 1507 4910 nobis
1547 4855 1690 4910 Deus
1726 4856 2000 4925 loquatur,

424 4952 474 5007 is
515 4963 696 5018 neque
728 4947 1038 5002 columnam
1095 4947 1258 5001 nubis
1307 4945 1526 5016 dignam
1570 4947 1741 5001 fuisse
1791 4957 2004 5001 asserat

423 5048 680 5113 oportet:
711 5037 845 5109 quid
876 5037 1019 5091 enim
1045 5037 1098 5091 in
1127 5040 1242 5106 ipsa
1275 5036 1545 5106 ejusmodi
1579 5046 1718 5102 erat,
1749 5047 1808 5091 ut
1834 5039 1999 5108 digna

427 5140 750 5189 censeretur
780 5129 963 5184 divina
1004 5128 1442 5198 magniﬁcentia?
1475 5127 1529 5182 Si
1565 5139 1748 5184 autem
1787 5129 1920 5182 nihil
1971 5145 2000 5182 a

425 5227 528 5281 Iide
560 5225 800 5280 alienmn
837 5222 1073 5288 videtur,
1101 5221 1307 5276 Judmis
1336 5219 1504 5274 Deum
1535 5222 1588 5274 in
1621 5222 1878 5275 columna
1907 5236 2002 5274 nu-

426 5318 511 5372 bis
551 5319 796 5373 locutum
839 5331 998 5379 esse;
1036 5329 1214 5384 neque
1249 5313 1306 5367 in
1353 5327 1523 5366 carne
1573 5313 1816 5367 locutum
1857 5327 2001 5376 esse,

427 5407 713 5478 indignum
747 5406 920 5461 videri
973 5406 1171 5472 debet,
1222 5402 1524 5474 praesertim
1573 5418 1696 5458 cum
1732 5414 1786 5459 et
1834 5405 2004 5459 Isaias

497 5568 540 5598 ⁸⁷
571 5567 717 5624 Psal.
749 5583 914 5622 scvn.

496 5704 607 5776 (91)
637 5707 1042 5776 Ἀποσεμνύνει,
1077 5708 1164 5762 ed.

497 5774 608 5842 (ωε)
635 5775 768 5845 tit-qvi
795 5774 902 5828 om.
936 5779 1024 5831 ed.

2111 4673 2246 4727 Θεοῦ
2281 4673 2517 4742 ὁμιλίαν.
2561 4673 2618 4725 '0
2649 4671 2758 4741 γὰρ
2785 4671 2906 4724 τότε
2936 4671 2994 4722 ὲν
3021 4669 3098 4739 τῷ
3122 4669 3296 4738 στύλῳ
3327 4669 3425 4737 τῆς
3460 4668 3695 4736 νεφέλης

2109 4765 2347 4834 λαλήσας
2365 4763 2516 4828 Θεὸς,
2541 4763 2677 4834 μετά
2702 4762 2871 4815 ταῦτα
2896 4760 3209 4830 ἐφανερώθη
3241 4761 3297 4813 ὲν
3323 4758 3506 4830 σαρκί.
3528 4759 3693 4810 ’Ὥστε

2112 4858 2166 4910 εί
2195 4874 2278 4919 τις
2306 4855 2528 4920 ἀναξίαν
2548 4855 2697 4921 λέγοι
2718 4854 2818 4922 τὴν
2849 4854 3026 4922 σάρκα
3049 4850 3142 4903 τοῦ
3158 4850 3222 4902 δι’
3252 4850 3418 4918 αὐτῆς
3440 4850 3573 4918 ἡμῖν
3599 4848 3693 4900 τὸν

2111 4950 2242 5004 Θεὸν
2271 4949 2534 5018 λαλῆσαι,
2589 4945 2695 5000 οὐδ’
2735 4945 2814 5014 ,ἂν
2841 4943 2920 5013 τῷ
2962 4942 3137 5012 στύλῳ
3173 4942 3272 5012 τῆς
3318 4941 3547 5010 νεφέλης
3591 4942 3692 5012 τὴν

2109 5041 2268 5106 ἀξίαν
2300 5039 2866 5112 προσμαρτυρήσειεν.
2911 5035 2977 5088 Τί
3021 5035 3130 5105 γὰρ
3167 5035 3224 5086 ὲν
3250 5033 3386 5102 αὐτῇ
3427 5031 3688 5094 τοιοῦτον,

2107 5133 2183 5196 ὡς
2213 5133 2313 5204 τῆς
2343 5131 2491 5195 θείας
2533 5129 2950 5199 μεγαλειότητος
2982 5126 3130 5190 ἄξιον
3165 5123 3480 5196 κρίνεσθαι;
3530 5124 3594 5176 Ei
3633 5122 3691 5174 δὲ

2109 5225 2298 5277 πιστὸν
2330 5225 2444 5286 τοῖς
2497 5221 2772 5284 Ἰουδαίοις
2805 5219 2921 5272 ἐστὶ
2954 5219 3016 5271 τὸ
3047 5220 3106 5270 ἐν
3133 5216 3308 5285 στύλῳ
3339 5215 3570 5284 νεφέλης
3597 5214 3690 5267 τὸν

2108 5315 2240 5366 Θεὸν
2275 5313 2524 5382 λαλῆσαι,
2579 5311 2712 5382 μηδὲ
2747 5311 2809 5363 τὸ
2857 5311 2915 5362 ὲν
2947 5308 3112 5380 σαρκὶ
3152 5306 3313 5361 αὑτὸν
3335 5304 3688 5374 λελαληκέναι

2109 5408 2336 5462 ἄπιστον
2367 5406 2507 5459 ἔστω
2531 5421 2545 5434 ο
2594 5404 2768 5467 ἄλλως
2795 5419 2856 5456 τε
2893 5403 2985 5456 καὶ
3015 5400 3107 5454 τοῦ
3152 5400 3372 5453 Ἡσαΐου
3393 5398 3492 5470 τὴν
3513 5396 3690 5467 σάρδια

2202 5705 2313 5776 (95)
2347 5702 2769 5776 Προπορεύεται,
2806 5702 2894 5756 ed.
