3844 6404
167 426 260 483 ϐ’ἱδ

1540 428 1603 484 ΙΝ
1632 429 1715 485 PS
1731 426 1966 485 \LMOS.

3280 422 3385 481 55.2

166 542 240 596 διὰ
261 541 352 612 τῆς
381 542 608 612 νεφέλης
631 544 937 616 νοήσαντος·
975 564 997 597 ι
1020 546 1148 600 Ἰδοὺ
1180 566 1198 599 ι
1233 546 1359 618 γὰρ,
1384 550 1536 618 φησὶ,
1566 549 1706 602 «Κύο
1737 600 1741 610 ,

1849 564 2031 605 arnem
2058 549 2219 606 nubis
2243 549 2463 606 nomine
2492 547 2782 620 signiﬁcet.
2812 547 2992 620 lnquit
3020 545 3164 602 enim
3191 564 3204 600 :
3243 564 3261 596 ι
3294 544 3391 600 Ec-

166 648 265 703 ριος
288 632 510 703 κάθηται
537 635 628 688 ὲπ¹ι
659 635 888 706 νεφέλης
909 636 1138 707 κούφης.
1165 656 1186 690 ι
1230 639 1338 692 Καὶ
1363 640 1487 702 τοὺς
1509 638 1708 710 ἑπομέ-

166 738 273 789 νους
294 725 438 796 αὐτῷ’
455 726 616 779 πάλιν
631 728 659 779 ὀ
679 714 842 790 αὐτὸς
869 728 1152 799 προφήτης
1180 728 1434 798 ὀνομάζει
1457 727 1706 797 νεφέλας,

164 821 214 872 ὲν
238 813 310 880 οἷς
336 835 493 888 φησιν
513 834 527 847 ’
584 837 602 869 ι
623 819 779 882 Τίνες
822 819 956 881 οἶδε,
983 819 1059 882 ὼς
1082 819 1320 888 νεφέλαι,
1359 819 1654 884 πέτανται;
1685 837 1704 870 ι

164 910 229 974 ὡς
250 908 330 962 διὰ
354 908 448 977 τῆς
472 908 581 962 τῶν
604 909 841 979 νεφελῶν
866 909 1206 981 ὁμωνυμίας,
1237 910 1299 962 τὸ
1328 910 1588 977 συγγενὲς
1611 910 1711 981 τῆς

163 999 242 1053 τοῦ
271 999 465 1068 Κυρίου
503 1000 704 1070 σαρκὸς
735 1000 872 1071 πρὸς
917 1000 1017 1071 τὴν
1044 999 1238 1070 λοιπὴν
1280 999 1388 1052 τῶν
1414 999 1714 1068 ἀνθρώπων

164 1090 308 1158 φύσιν
346 1089 702 1155 ἐνδείξασθαι.
766 1090 909 1161 Πρὸς
952 1090 1140 1144 τοῦτον
1179 1087 1272 1144 οὖν
1313 1091 1404 1143 τὸν
1435 1090 1588 1155 Θεὸν,
1622 1092 1714 1145 τόν

161 1196 277 1233 ποτε
310 1181 405 1250 μὲν
443 1181 532 1233 διὰ
577 1179 839 1251 νεφέλης,
890 1179 1028 1251 μετὰ
1073 1180 1244 1234 ταῦτα
1281 1181 1339 1233 δὲ
1388 1179 1479 1233 διὰ
1514 1181 1715 1252 σαρκὸς

161 1274 261 1334 τοῖς
297 1269 601 1345 ἀνθρώποις
638 1271 982 1342 λαλήσαντα,
1039 1272 1175 1343 φησὶ
1214 1270 1418 1341 προῖὼν
1440 1273 1469 1325 ὁ
1517 1271 1713 1325 Δαυῖδ·

166 1384 183 1415 ι
205 1363 361 1434 Κύριε
392 1365 420 1416 ὁ
460 1363 593 1427 Θεὸς
620 1363 797 1434 ήμῶν,
834 1365 900 1418 σὺ
945 1364 1217 1435 ἐπήκουες
1250 1362 1451 1421 αὐτῶν.
1490 1368 1548 1422 '0
1567 1365 1718 1430 Θεὸς,

112 1446 121 1474 ¹
164 1456 220 1508 σὺ
244 1456 482 1519 εῠῖλατος
515 1455 692 1524 ὲγίνου
720 1456 922 1521 αὐτοῖς,
953 1456 1049 1509 καὶ
1073 1454 1303 1510 ἐκδικῶν
1329 1453 1422 1507 ἐπὶ
1457 1452 1633 1510 πάντα
1650 1454 1719 1510 τὰ

162 1547 553 1618 ἐπιτηδεύματα
601 1547 800 1603 αὐτῶν.
842 1565 861 1599 ι

235 1641 365 1705 Ὧςδ’
380 1639 446 1693 ἂν
466 1641 541 1711 μή
557 1656 638 1702 τις
665 1639 801 1709 πρὸς
818 1639 917 1709 τὴν
942 1640 1255 1710 οἰκονομίαν
1276 1639 1489 1710 βλέπων
1518 1640 1599 1702 είς
1625 1655 1721 1693 τα-

163 1732 334 1795 πεινάς
352 1749 505 1794 τινας
526 1733 618 1785 καὶ
634 1731 983 1803 ἀνθρωπίνας
1012 1730 1306 1801 ὑπολήψεις
1346 1731 1474 1803 περὶ
1491 1731 1551 1785 τὸ
1569 1730 1724 1784 Θεῖον

164 1823 604 1894 κατολισθήσειεν,
637 1818 849 1894 ταύτην
859 1823 952 1877 ἐπὶ
965 1823 1107 1877 τέλει
1130 1824 1230 1893 τῆς
1248 1823 1568 1895 ψαλμῳδίας
1589 1823 1726 1877 ἐπά-

1813 656 1876 696 ce
1900 640 2165 696 Dominus
2190 641 2342 696 sedet
2376 641 2431 695 in
2462 642 2607 695 nube
2636 640 2740 695 levi
2770 639 2840 695 ⁸⁸.
2880 659 2898 690 ι
2949 638 3163 708 Eosque
3193 637 3290 708 qui
3324 637 3388 690 il-

1816 732 1926 786 lum
1973 738 2280 802 sequuntur
2332 747 2528 788 rursus
2563 731 2707 786 idem
2745 729 3011 801 propheta
3063 728 3238 782 nubes
3290 742 3389 780 no-

1816 824 2010 887 minat,
2041 838 2164 876 cum
2199 823 2314 878 ait:
2347 841 2366 874 ι
2404 821 2636 890 Quinam
2684 821 2796 887 isti,
2834 819 2926 890 qui
2981 828 3037 874 ut
3078 808 3251 873 nubes
3290 832 3390 871 voc

1817 914 1933 968 lant
1966 915 2014 947 δ’
2047 913 2070 966 ’ί
2110 933 2129 966 ι
2164 912 2234 968 Ut
2281 928 2375 983 per
2412 913 2738 968 vocabulum
2794 911 2956 966 nubis
3010 910 3388 980 cognationem

1819 1002 2114 1059 Dominicze
2143 1004 2326 1059 carnis
2350 1018 2474 1057 cum
2507 1003 2716 1072 reliqua
2750 1003 3031 1057 hominum
3063 1007 3257 1053 natura
3290 997 3389 1053 de-

1822 1104 2109 1150 monstret.
2140 1094 2224 1149 Ad
2264 1095 2410 1149 hunc
2429 1095 2595 1165 igitur
2628 1094 2822 1153 Deum.
2863 1092 2957 1162 qui
2991 1093 3142 1163 prius
3171 1090 3390 1160 quidem

1822 1203 1918 1260 per
1944 1187 2164 1250 nubem,
2194 1196 2381 1257 postea
2409 1202 2539 1241 vero
2568 1201 2663 1255 per
2683 1201 2903 1240 carnem
2931 1201 3052 1240 cum
3080 1183 3394 1238 hominibus

1825 1280 2044 1334 locutus
2088 1286 2190 1345 est,
2243 1279 2319 1334 ait
2360 1293 2659 1349 progressu
2692 1277 2957 1331 orationis
2985 1275 3191 1329 David:
3240 1296 3258 1326 ι
3292 1273 3391 1327 Do-

1825 1367 1971 1422 mine
2015 1366 2157 1422 Deus
2194 1375 2404 1430 noster,
2442 1376 2497 1420 tu
2530 1365 2860 1421 exaudiebas
2908 1379 3003 1419 eos
3060 1383 3072 1417 :
3128 1362 3290 1425 Deus,
3337 1370 3393 1415 tu

1826 1459 2094 1530 propitius
2124 1460 2273 1515 fuisti
2303 1459 2405 1523 eis.
2442 1469 2496 1514 et
2523 1458 2795 1514 ulciscens
2829 1457 2883 1511 in
2917 1471 3107 1512 omnes
3138 1455 3398 1512 adiuvem

1826 1550 2003 1604 tiones
2029 1564 2236 1604 eorum.
2270 1570 2288 1600 ι

1902 1640 1970 1696 Ut
2004 1642 2105 1698 nisi
2132 1642 2254 1713 quis
2281 1644 2331 1697 in
2367 1643 2729 1700 oeconomiam
2764 1641 3001 1696 divinam
3031 1647 3085 1694 et
3113 1639 3401 1709 diSpensa-

1831 1733 2034 1788 tionem
2062 1734 2252 1788 oculos
2284 1744 2583 1799 convertat,
2609 1749 2731 1788 eum
2761 1747 2987 1789 necesse
3017 1731 3088 1787 sit
3120 1732 3172 1786 in
3213 1731 3404 1784 buma-

1830 1840 1931 1880 nas
1961 1825 2226 1896 quasdam
2256 1833 2308 1879 et
2337 1824 2588 1896 indignas
2632 1826 2699 1881 de
2732 1825 2839 1879 Deo
2872 1823 3228 1894 cegitationes
3271 1822 3403 1876 inci-

163 1931 240 1982 γει
263 1916 358 1987 τήν
374 1915 580 1987 φωνὴν,
608 1916 744 1987 πρὸς
765 1916 910 1987 ἡμᾶς
925 1914 1129 1986 τρέψας
1148 1916 1238 1969 τὸν
1252 1916 1428 1985 λόγον·
1457 1934 1476 1967 ι
1496 1914 1725 1984 ’Υψοῦτε

1849 1918 1978 1984 lere,
2014 1919 2126 1972 haec
2148 1925 2324 1971 autem
2346 1916 2413 1972 ad
2432 1917 2589 1972 ﬁnem
2634 1918 2825 1988 psalmi
2856 1916 3024 1979 addit,
3057 1930 3307 1971 sermone
3338 1912 3404 1966 ad

164 2005 346 2077 Κύριον
369 2008 460 2062 τὸν
473 2007 913 2077 Θεὸνὴμῶν,καὶ
952 2008 1305 2076 προσκυνεῖτε
1343 2006 1419 2077 τῷ
1454 2005 1729 2077 ὑποποδίῳ

163 2098 260 2151 τῶν
272 2098 441 2152 ποδῶν
452 2096 736 2161 αὑτοῦ,ὄτι
754 2097 906 2165 ἅγιός
927 2097 1089 2151 ἐστιν.
1104 2116 1122 2147 ι
1147 2097 1258 2168 Τὴν
1281 2097 1338 2150 δὲ
1360 2097 1595 2151 διάνοιαν
1623 2096 1730 2149 τῶν

165 2189 470 2260 εἰρημένων,
505 2188 709 2259 ταύτην
729 2183 867 2241 εἶναι
899 2186 1254 2258 ὑπονοοῦμεν,
1287 2189 1393 2254 ὅτι,
1417 2184 1489 2241 Ὦ
1519 2186 1730 2260 ἄνθρω-

166 2293 265 2342 ποι,
307 2280 614 2350 μεμήνυται
658 2278 756 2349 μὲν
788 2278 937 2348 ὑμῖν,
966 2276 1041 2340 ὡς
1086 2278 1307 2332 δυνατὸν
1351 2278 1603 2344 δέξασθαι
1633 2276 1731 2349 τὴν

165 2367 496 2439 ἀνθρωπίνην
530 2366 718 2437 ἀκοήν,
745 2366 813 2422 τὰ
845 2366 966 2420 θεῖα
1002 2369 1295 2439 μυστήρια.
1343 2368 1532 2439 Ὑμεῖς
1560 2368 1618 2423 δὲ
1645 2367 1733 2422 διὰ

165 2458 354 2514 τούτων
394 2458 756 2530 ὸδηγηθέντες
802 2457 941 2529 πρὸς
988 2458 1089 2528 τὴν
1134 2459 1336 2530 εὐσεϐῆ
1381 2458 1730 2528 Θεογνωσίαν,

165 2548 279 2601 ὅσον
307 2553 473 2621 χωρεῖ
520 2549 673 2620 ὑμῶν
696 2550 728 2601 ὁ
757 2548 1037 2620 λογισμὸς,
1068 2550 1319 2606 τοσοῦτον
1340 2551 1433 2606 τοῦ
1462 2551 1602 2605 Θεοῦ
1631 2551 1734 2623 τὴν

167 2637 312 2704 δόξαν
336 2638 613 2710 ὑψώσατε,
648 2639 865 2705 εἰδότες,
908 2642 990 2695 δτι
1020 2642 1145 2696 ὅσον
1175 2642 1243 2695 ἂν
1270 2641 1549 2712 ὑπερταθῇ
1582 2640 1735 2711 ὑμῶν

168 2731 440 2801 ἠδιάνοια,
484 2732 581 2786 καὶ
607 2734 785 2786 πᾶσαν
813 2732 1058 2805 παρέλθῃ
1102 2730 1309 2802 ὑψηλὴν
1341 2732 1640 2800 φαντασίαν
1678 2732 1736 2785 ὲν

169 2823 273 2885 ταις
297 2825 420 2895 περὶ
448 2822 589 2876 Θεοῦ
629 2822 950 2894 ὑπολήψεσι,
981 2823 1117 2877 τότε
1152 2821 1215 2874 τὸ
1241 2822 1371 2893 παρ’
1402 2820 1557 2892 ὑμῶν
1584 2822 1737 2892 εὑρι-

172 2912 418 2982 σκόμενον
449 2914 550 2969 καὶ
583 2912 1073 2986 προσκυνούμενον,
1101 2914 1204 2967 οὐκ
1235 2913 1374 2984 αὐτὴ
1404 2914 1437 2983 ἠ
1465 2913 1740 2983 μεγαλειό-

171 3019 259 3072 της
296 3004 386 3059 τοῦ
432 3005 770 3077 ζητουμένου
817 3005 985 3070 ἐστὶν,
1041 3004 1177 3060 ἀλλὰ
1219 3003 1284 3057 τὸ
1322 3003 1608 3057 ὑποπόδιον
1628 3003 1740 3056 τῶν

172 3095 333 3149 ποδῶν
368 3098 570 3153 αὐτοῦ’
615 3097 677 3151 τὸ
716 3097 1055 3168 ὑποϐεϐηκὸς
1099 3096 1188 3150 διὰ
1233 3097 1423 3151 τούτου
1455 3097 1550 3150 καὶ
1591 3098 1741 3151 κάτω

1831 2025 1933 2064 nos
1962 2024 2228 2063 converso
2253 2026 2267 2062 :
2297 2027 2316 2062 ι
2348 2007 2595 2063 Exaltate
2623 2007 2911 2061 Dominum
2938 2007 3106 2060 Deum
3128 2014 3402 2067 nostrum,

1830 2106 1884 2154 et
1911 2098 2137 2152 adorate
2177 2097 2475 2152 scabellum
2523 2096 2717 2167 pedum
2756 2096 2907 2166 ejus,
2968 2096 3226 2165 quoniam
3269 2109 3401 2147 san-

1831 2198 1978 2245 ctum
2010 2201 2111 2245 est.
2168 2208 2188 2241 ι
2227 2188 2457 2244 Sensum
2499 2189 2661 2257 hujus
2711 2189 2813 2241 loci
2846 2188 2991 2242 hunc
3038 2203 3160 2242 esse
3183 2185 3410 2239 arbitra-

1832 2296 1972 2347 mur,
2011 2279 2168 2351 quasi
2202 2279 2351 2335 dicat
2382 2300 2394 2335 :
2426 2277 2470 2334 Ο
2495 2279 2771 2342 ιιιοηείυε,
2805 2279 2958 2333 vobis
2989 2278 3208 2349 quidem
3236 2291 3409 2344 quan-

1835 2382 1947 2429 tum
1988 2373 2205 2428 auditus
2252 2372 2523 2427 humanus
2565 2372 2844 2443 percipere
2890 2379 3097 2440 potest,
3145 2368 3410 2438 ιιιιιυίιιριιι

1834 2475 1963 2525 sunt
1999 2467 2184 2522 divina
2217 2467 2474 2538 mysteria
2525 2484 2540 2522 :
2573 2481 2687 2531 vos,
2708 2466 2793 2521 his
2822 2464 2978 2535 quasi
3023 2464 3087 2518 ad
3132 2463 3272 2532 piam
3318 2460 3410 2514 Dei

1836 2556 2205 2628 cognitionem
2258 2555 2614 2621 manuducti,
2665 2561 2930 2624 quantum
2978 2554 3194 2606 animus
3233 2558 3412 2605 vester

1837 2647 2001 2715 capit,
2030 2653 2240 2700 tantum
2277 2645 2502 2715 gloriam
2536 2643 2631 2700 Dei
2671 2644 2934 2705 extolfite,
2973 2643 3105 2697 certi
3137 2641 3278 2710 quod
3306 2655 3413 2709 quo

1839 2738 2005 2792 altius
2084 2737 2346 2807 cogitatio
2397 2744 2577 2791 vestra
2637 2751 2758 2790 sese
2804 2734 3050 2797 elevarit,
3099 2742 3150 2785 et
3197 2746 3411 2785 onmem

1837 2828 2188 2897 quantumvis
2232 2828 2502 2883 excelsam
2537 2826 2994 2881 existimationem
3029 2824 3094 2879 de
3120 2824 3228 2877 Deo
3261 2838 3416 2891 supc-

1841 2920 2064 2983 raverit,
2102 2928 2280 2973 tamen
2314 2919 2368 2974 id
2402 2918 2553 2989 quod
2579 2934 2609 2972 a
2643 2918 2797 2972 vobis
2833 2917 3107 2971 invenitur
3138 2924 3190 2970 rt
3221 2916 3414 2970 adora—

1842 3016 1952 3074 tur,
1987 3024 2098 3063 non
2138 3009 2258 3080 ipsa
2306 3008 2450 3077 ejus,
2485 3008 2578 3078 qui
2610 3008 2979 3076 quzerebatur,
3017 3006 3415 3077 magnificentia

1844 3110 1951 3171 est,
1989 3102 2084 3157 sed
2117 3100 2498 3155 tantummodo
2538 3100 2840 3155 scabellum
2892 3098 3088 3169 pedum
3119 3100 3276 3168 ejus:
3324 3113 3417 3167 per

174 3184 406 3255 κείμενον
421 3188 526 3258 τῆς
554 3187 793 3252 διανοίας
816 3187 998 3258 ἡμῶν,
1017 3187 1302 3259 συγκρίσει
1324 3186 1423 3258 τῆς
1449 3187 1740 3257 ἀνεφίκτου

1849 3180 1950 3245 hoc
1976 3190 2291 3262 signiﬁcans
2309 3180 2508 3246 mentis
2527 3199 2580 3244 et
2600 3188 2948 3260 cogitationis
2967 3198 3165 3243 nostra:
3181 3188 3420 3241 submis-

174 3277 540 3351 καταλήψεως,
574 3279 653 3333 διε
659 3278 965 3351 ρμηνεύων.

236 3446 366 3505 Εἶτα
415 3450 558 3522 μετὰ
610 3449 768 3504 τοῦτο
820 3450 921 3503 οὐκ
951 3448 1148 3517 ὀλίγων
1197 3450 1257 3502 ὲν
1297 3446 1377 3519 τῷ
1415 3447 1564 3520 μέσῳ
1602 3463 1745 3518 παρ-

176 3539 392 3596 εθέντων
433 3541 692 3613 ψαλμῶν,
719 3544 778 3611 έν
825 3540 1103 3611 ἑκατοστῷ
1133 3540 1325 3611 τρίτῳ,
1354 3538 1412 3592 δν
1458 3534 1748 3592 πολλοστὸν

175 3632 228 3686 ὲν
289 3635 399 3697 τοῖς
465 3635 602 3705 παρ’
682 3632 966 3703 Ἐϐραίους
1035 3631 1430 3702 ἀνεπιγράφοις
1505 3626 1704 3693 ἔδειξεν
1731 3666 1746 3690 ,

176 3722 457 3798 διαρρήδην
505 3725 749 3792 Θεολογεῖ
792 3724 883 3778 τὸν
929 3723 1190 3794 μονογενῆ
1223 3721 1377 3783 Θεὸν,
1420 3719 1614 3789 ἐκείνῳ
1648 3718 1751 3787 τῆς

175 3813 263 3868 τοῦ
290 3817 491 3882 παντὸς
538 3816 850 3878 συστάσεως
895 3813 1169 3876 ἀνατιθεὶς
1206 3800 1306 3883 τήν
1337 3810 1534 3864 αἰτίαν.
1591 3807 1752 3876 Λέγει

179 3904 278 3977 γὰρ
306 3907 397 3960 ἐπὶ
424 3907 527 3978 τῆς
559 3904 656 3960 τοῦ
685 3905 891 3976 κόσμου
917 3904 1167 3966 κτίσεως,
1192 3902 1286 3955 τοῦ
1318 3899 1482 3954 Δαϐὶδ
1509 3898 1638 3951 ὄντα
1664 3898 1753 3952 τὸν

176 3993 377 4066 ψαλμὸν
418 3996 643 4059 τοῦτον,
683 3995 1056 4066 ἀνεπίγραφον
1100 3987 1239 4047 εἶναι
1270 3991 1419 4062 ’παρ’
1461 3990 1753 4060 Ἑϐραίοις.

180 4086 432 4157 Σημαίνει
470 4088 529 4141 δὲ
561 4087 623 4141 τὸ
650 4086 890 4149 ἐκείνους
918 4083 1010 4137 τὸν
1048 4083 1249 4138 σκοπὸν
1278 4081 1377 4152 τῆς
1422 4080 1757 4151 προφητείας

179 4174 372 4247 ταύτης
390 4177 468 4249 μὴ
485 4176 911 4249 παραδέχεσθαι.
941 4176 1096 4247 Ἔχει
1125 4174 1185 4228 δὲ
1205 4176 1237 4244 ἡ
1259 4172 1538 4244 ἐπιγραφὴ
1559 4169 1753 4234 οὕτως’

186 4288 204 4319 ι
232 4267 334 4325 Τοῦ
347 4270 513 4325 Δαϐὶδ
527 4271 621 4323 ἐπὶ
636 4268 735 4340 τῆς
744 4267 838 4322 τοῦ
855 4268 1058 4338 κόσμου
1071 4265 1334 4335 γενέσεως
1352 4304 1367 4329 ,
1390 4264 1760 4334 ἀνεπίγραφος

184 4360 306 4430 παρ’
346 4360 643 4433 Ἑϐραίοις.
672 4377 691 4409 ι
718 4356 826 4411 Τοῦ
850 4356 907 4410 δὲ
925 4354 1141 4427 ψαλμοῦ
1163 4353 1351 4408 τούτου
1378 4354 1477 4424 τὴν
1523 4353 1761 4410 διάνοιαν

184 4448 272 4505 ἐπὶ
300 4451 494 4522 καιροῦ
535 4448 902 4520 ἐκθησόμεθα.
925 4446 1039 4500 Νῦν
1076 4446 1134 4499 δὲ
1162 4447 1292 4517 ἡμῖν
1324 4444 1608 4516 ἐξαρκέσει
1640 4462 1763 4498 τοσ-

1770 3237 1812 3295 C
1845 3237 2056 3338 sionen:
2079 3290 2134 3336 et
2160 3281 2504 3345 tenuitatem,
2536 3237 2946 3352 comparatione
2971 3279 3115 3334 illius
3139 3279 3289 3333 nullo
3308 3285 3422 3332 stu-

1845 3372 1938 3428 dio
1968 3372 2326 3443 assequendae
2355 3370 2887 3440 comprehensionis.

1913 3464 2111 3520 Postea
2149 3479 2258 3518 non
2294 3463 2482 3533 paucis
2519 3462 2740 3517 omissis
2774 3461 2993 3531 psalmis
3034 3459 3087 3513 in
3127 3456 3426 3520 centesimo

1850 3558 2036 3620 tertio,
2070 3570 2230 3626 quem
2264 3555 2428 3610 etiam
2458 3553 2625 3611 refert
2669 3552 2723 3606 ia
2754 3566 2941 3607 eorum
2993 3564 3303 3614 numerum,
3335 3548 3425 3618 qui

1850 3650 1995 3726 apud
2032 3647 2286 3703 Hebraeos
2317 3642 2675 3712 inscriptione
2713 3641 3140 3707 carent,discrle
3175 3639 3429 3709 praedicat

1853 3730 2140 3813 unigenam
2176 3735 2538 3798 illumbeum,
2569 3734 2729 3802 eique
2763 3732 2926 3802 hujus
2958 3731 3198 3786 universi
3223 3730 3428 3785 conditi

1853 3845 2076 3888 causam
2100 3829 2360 3898 assignat.
2383 3824 2525 3879 Dicit
2544 3824 2689 3879 enim
2710 3823 2763 3877 in
2786 3822 2971 3876 mundi
2995 3822 3270 3875 creatione
3292 3820 3431 3889 psal-

1856 3939 2004 3978 mum
2036 3922 2185 3977 hune
2226 3916 2448 3974 Davidis
2476 3931 2620 3980 esse,
2666 3925 2719 3970 et
2755 3914 3110 3983 inscriptione
3141 3910 3284 3982 apud
3331 3910 3429 3965 Hc-

1855 4015 2032 4070 braeos
2062 4028 2171 4068 non
2190 4009 2503 4083 praenotari.
2530 4007 2815 4079 Signiﬁcat
2844 4016 3026 4061 autem
3053 4006 3175 4060 illos
3208 4018 3432 4072 scopum

1858 4117 1912 4165 et
1940 4106 2280 4181 prepositum
2303 4104 2423 4174 ejus
2454 4102 2751 4174 prophetiae
2779 4115 2885 4154 non
2920 4100 3175 4168 recipere.
3199 4096 3289 4150 Sic
3310 4110 3435 4147 νιιιη

1860 4214 1921 4255 se
1948 4199 2112 4253 habet
2144 4195 2428 4271 inscriptio
2457 4212 2469 4247 :
2507 4211 2526 4242 ι
2566 4191 2740 4266 Ipsius
2763 4190 2953 4253 David,
2991 4186 3250 4243 inmundi
3281 4200 3431 4243 crea-

1861 4291 2032 4353 tione,
2068 4284 2444 4356 inscriptionis
2476 4298 2670 4355 expers
2708 4281 2852 4354 apud
2887 4281 3162 4339 llebrmos.
3208 4300 3225 4330 ι
3269 4276 3436 4347 Hujus

1863 4378 2058 4451 psalmi
2112 4391 2334 4433 sensum
2371 4387 2473 4429 suo
2527 4374 2648 4427 loco
2690 4381 2743 4426 et
2792 4381 3033 4441 tempore
3082 4383 3435 4439 exponemus.

1866 4470 2022 4525 Nunc
2048 4469 2184 4525 satis
2211 4475 2295 4523 est
2333 4467 2437 4519 hoc
2464 4464 2763 4527 monuisse,
2794 4463 3039 4517 eamdem
3074 4476 3319 4523 causam,
3353 4460 3436 4512 in-

184 4539 332 4596 οὖτον
363 4544 563 4603 εἰπεῖν,
595 4542 677 4595 ὅτι
701 4542 735 4612 ή
767 4537 903 4609 αὑτὴ
933 4537 1102 4603 αίτία,
1125 4539 1159 4608 ἡ
1189 4534 1333 4621 κατὰ
1378 4535 1478 4606 τήν
1505 4535 1741 4590 ἀπιστίαε

1867 4561 2266 4623 credulitatem,
2316 4557 2563 4627 inquam,
2601 4553 2913 4610 Judeeorum
2948 4551 3213 4619 eﬁ‘ecisse,
3263 4559 3319 4605 ut
3358 4550 3437 4612 inv

186 4631 321 4701 λέγω
346 4633 457 4686 τῶν
493 4632 790 4692 Ἰουδαίων,
816 4632 912 4684 καὶ
936 4628 1126 4683 τούτου
1154 4629 1254 4699 τὴν
1283 4629 1593 4699 ἐπιγραφὴν
1622 4628 1765 4684 ἀπα-

191 4721 442 4791 ρὰδεκτον
469 4724 587 4785 τοῖς
622 4718 890 4791 Ἑϐραίοις
919 4719 1163 4789 ἐποίησε.

749 4828 1140 4883 ΚΕΦΔΔΑΙΟΝ
1180 4829 1234 4882 ιι.

255 4922 373 4993 Χρὴ
394 4920 453 4979 δὲ
488 4921 626 4993 μηδὲ
644 4920 706 4974 τὸ
724 4918 1006 4989 διαψαλμα
1031 4918 1412 4989 παραδραμεῖν
1432 4917 1766 4991 ἀθεώρητον.

188 5014 307 5076 Τοῖς
322 5015 421 5085 μὲν
435 5010 535 5069 οὖν
551 5013 656 5084 πρὸ
671 5012 827 5085 ήμῶν
842 5009 1141 5082 μεταϐολὴν
1151 5008 1249 5063 τοῦ
1259 5012 1545 5081 νοήματος,
1564 5011 1776 5082 ἢπροσο

190 5102 388 5176 ὠπου,ἢ
410 5104 761 5176 πράγματος,
793 5102 1079 5173 σημαίνειν
1100 5101 1356 5172 ἐνομίσθη
1380 5102 1443 5154 τὸ
1462 5100 1767 5172 διάψαλμασ

193 5196 347 5265 ἡμεῖς
367 5197 425 5250 δὲ
454 5196 557 5259 τάς
578 5211 639 5249 τε
675 5191 783 5246 τῶν
803 5193 1058 5264 Πατέρων
1083 5192 1379 5262 ὑπολήψεις
1414 5191 1516 5245 οὐκ
1541 5192 1775 5247 ἀποϐάλ-

193 5284 371 5356 λομεν,
388 5286 483 5340 καί
505 5304 563 5339 τι
590 5286 685 5340 καὶ
710 5285 843 5355 παρ’
871 5283 1080 5336 ἑαυτῶν
1103 5282 1374 5351 ἐννοῆσαι,
1398 5280 1533 5353 πρὸς
1558 5280 1656 5351 τήν
1680 5280 1774 5334 τοῦ

196 5374 352 5443 ῥητοῦ
380 5374 578 5429 τούτου
605 5373 900 5445 σημασίαν,
929 5373 992 5426 οὐ
1033 5372 1464 5442 κατοκνήσομεν.
1509 5371 1777 5443 Τοιαύτην

195 5458 283 5517 οὗν
296 5482 415 5519 τινα
423 5465 520 5519 τοῦ
533 5464 812 5535 διαψάλμα
822 5481 904 5527 τος
920 5462 1291 5533 κατελάϐομεν
1309 5461 1407 5533 τὴν
1419 5462 1678 5526 διάνοιαν,
1694 5463 1777 5516 ὅτι

198 5555 483 5626 προϊούσης
530 5555 673 5609 κατὰ
714 5555 774 5608 τὸ
810 5553 1099 5609 ἀκόλουθον
1126 5554 1225 5623 τῆς
1259 5552 1597 5623 ψαλμῳδίας,
1655 5555 1778 5623 ’ήτις

261 5665 304 5695 ⁸⁵³
333 5665 435 5722 lsa.
469 5681 587 5727 xix,
618 5666 665 5719 l.
742 5666 787 5698 δ’
820 5666 920 5721 Isa.
949 5679 1037 5725 ιχ.
1064 5667 1114 5720 8.

266 5798 377 5872 (ﬁt)
411 5804 557 5874 Lege
592 5800 647 5854 S.
682 5800 899 5857 llieren.
934 5801 1102 5874 Epist.
1136 5802 1201 5856 ad
1238 5799 1565 5856 Marcellam.

1880 4653 2233 4726 scriptionem
2266 4651 2406 4704 hanc
2436 4663 2544 4703 non
2585 4645 2955 4700 admitterent.

2494 4796 2724 4855 CAPUT
2761 4794 2831 4852 X.

1945 4915 2131 4985 Neque
2153 4913 2279 4984 quid
2312 4911 2386 4968 sit
2414 4912 2718 4983 diapsalma
2743 4909 3115 4969 indiscussum
3145 4910 3449 4980 relinquere

1877 5019 2109 5078 oportet.
2152 5008 2266 5063 Illis
2310 5006 2476 5078 igitur
2508 5004 2604 5075 qui
2646 5019 2747 5059 nos
2792 5012 3226 5065 antecesserunt,
3275 5003 3447 5057 visum

1879 5108 1964 5158 est
2021 5100 2323 5170 diapsalma
2369 5097 2680 5168 signiﬁcare
2721 5095 2807 5151 vel
2856 5095 3215 5149 mutationem
3247 5092 3453 5162 cogita-

1881 5194 2046 5250 tionis
2078 5209 2174 5249 seu
2219 5193 2456 5258 consilii,
2499 5192 2583 5247 vel
2613 5188 2973 5260 personze,vel
3016 5187 3117 5241 rei.
3171 5183 3282 5237 Nos
3329 5198 3456 5236 vero

1881 5281 2103 5337 Patrum
2149 5281 2406 5353 opinione
2444 5295 2551 5335 non
2601 5277 2812 5347 abiecta
2864 5274 3000 5345 (94),
3038 5287 3146 5327 non
3178 5270 3446 5325 cunctabi-

1884 5390 2008 5429 mur
2036 5372 2239 5441 aliquid
2279 5372 2440 5428 etiam
2478 5386 2543 5426 ex
2576 5369 2732 5423 nobis
2764 5368 2831 5421 de
2861 5364 3111 5419 vocabuli
3158 5361 3324 5430 hujus
3375 5364 3449 5414 si-

1882 5463 2230 5533 gniﬁcatione
2276 5462 2605 5531 excogitare.
2657 5451 2979 5527 llujusmodi
3015 5453 3181 5521 igitur
3220 5450 3452 5520 quadam

1885 5550 1952 5607 de
1978 5550 2338 5621 diapsalmate
2382 5547 2783 5605 existimatione
2828 5543 3021 5596 imbuti
3073 5556 3282 5604 sumus,
3333 5555 3455 5594 cum
