3844 6362
405 344 510 403 555

1671 356 1728 410 S.
1769 355 2099 413 GREGORII
2138 358 2179 412 N
2192 358 2431 414 YSSENI

3569 361 3673 419 5'36

403 485 570 525 cursu
621 485 724 524 suo
759 479 813 525 et
857 470 1069 541 ordine,
1114 472 1419 542 psalmodia
1473 476 1825 545 procedente,
1872 478 1978 531 alia

2088 478 2298 546 ἐγένετο
2331 479 2535 551 μεταξὺ
2566 480 2998 551 προφητεύοντος
3034 478 3128 533 τοῦ
3157 480 3343 545 Δασὶδ,
3386 480 3553 553 ἑτέρα
3575 481 3674 535 τοῦ

403 561 649 630 quaedam
683 561 823 614 inter
861 561 1294 630 prophetandum
1324 570 1379 618 et
1410 565 1741 630 canendum,
1786 583 1815 621 a
1852 566 1978 637 Spi-

404 656 511 707 ritu
539 663 728 708 sancto
752 652 1070 717 illustratio,
1100 662 1153 708 et
1180 654 1324 708 velut
1356 654 1785 711 additamentum
1814 657 1981 728 quod-

402 746 527 799 dam
560 746 800 811 cmlestis
829 745 1163 815 cognitionis
1198 747 1426 809 veniret,
1459 746 1526 801 ad
1562 747 1851 802 utilitatem
1883 763 1977 803 eo-

400 852 523 891 rum
569 837 663 908 qui
710 838 935 892 oracula
995 838 1109 892 haec
1164 838 1438 907 recepturi
1483 847 1662 904 erant,
1719 841 1981 895 cohibens

402 945 555 983 suam
577 945 765 985 vocem
794 929 984 994 David,
1009 930 1246 999 spatium
1280 929 1462 984 animo
1487 930 1652 985 dabat
1674 930 1979 1000 excipiendi

400 1021 772 1091 cognitionem
802 1022 1107 1076 caelestium
1140 1035 1471 1076 arcanorum
1500 1037 1529 1076 a
1562 1022 1746 1077 divina
1777 1022 1981 1076 illumi-

399 1115 624 1170 natione
652 1114 900 1168 missam.
954 1111 1020 1166 Et
1041 1113 1503 1183 quemadmodum
1533 1114 1811 1179 nonnulli,
1847 1112 1979 1168 dum

398 1207 481 1261 vel
516 1206 621 1262 iter
645 1206 810 1262 simul
844 1206 1073 1270 faciunt,
1114 1206 1197 1260 vel
1233 1206 1286 1260 in
1318 1206 1590 1265 conviviis
1617 1215 1671 1261 et
1703 1208 1979 1263 conventi-

400 1299 547 1354 tibns
594 1298 757 1354 simul
806 1298 1217 1367 colloquuntur,
1261 1297 1306 1355 si
1354 1314 1421 1354 ex
1473 1298 1771 1369 improviso
1807 1314 1978 1355 sonus

397 1387 668 1457 quispiam
707 1386 773 1441 ad
806 1400 967 1441 aures
1009 1385 1242 1451 accidat,
1274 1386 1507 1456 abrupto
1536 1380 1812 1451 sermone,
1853 1385 1977 1440 ani-

399 1494 547 1533 mum
584 1486 640 1532 ct
676 1478 1063 1548 cogitationem
1094 1475 1159 1530 ad
1188 1477 1485 1531 excitatum
1520 1474 1811 1546 strepitum
1845 1491 1979 1531 con-

398 1578 640 1634 vertunt,
672 1570 955 1640 otiumque
988 1568 1392 1639 quodammodo
1425 1584 1523 1639 per
1550 1571 1788 1640 quietem
1827 1571 1976 1624 auri-

399 1663 505 1717 hns
535 1662 863 1730 largiuntur,
914 1670 974 1717 ut
1024 1661 1093 1717 ad
1137 1677 1335 1719 sonum
1370 1678 1436 1718 eo
1486 1664 1760 1720 intensius
1802 1665 1977 1719 inten-

398 1755 552 1819 dant,
587 1755 784 1811 deinde
815 1754 1003 1811 sedato
1030 1756 1287 1826 strepitu,
1317 1770 1605 1813 sermones
1637 1756 1975 1825 interruptos

400 1858 687 1903 resumunt
718 1867 730 1903 :
773 1848 855 1904 sic
889 1856 942 1903 et
967 1863 1196 1919 magnus
1223 1847 1392 1903 David
1428 1847 1661 1919 Spiritui
1704 1861 1896 1904 saneto
1919 1850 1973 1903 in

398 1941 639 1996 oraculis
699 1940 1015 2012 promendis
1067 1942 1445 2006 subserviens,
1499 1958 1622 2012 qua:
1686 1941 1973 2006 didicerat,

398 2047 495 2102 per
535 2031 827 2087 meiodiam
858 2032 1188 2101 explicabat,
1230 2038 1285 2086 et
1330 2032 1375 2087 si
1406 2032 1538 2104 quid
1572 2033 1715 2087 inter
1750 2034 1976 2104 loquen-

397 2125 526 2177 dum
558 2122 910 2187 edocebatur,
960 2123 1163 2179 cedens
1208 2124 1255 2179 ei
1308 2124 1400 2194 qui
1432 2123 1789 2194 spiritualiter
1821 2123 1975 2177 audi-

396 2222 514 2267 tum
545 2215 745 2269 mentis
774 2214 1083 2278 insonabat,
1120 2224 1457 2286 cautumque
1488 2217 1712 2279 sistens,
1750 2233 1872 2271 cum
1900 2217 1978 2271 di-

398 2307 544 2361 vinis
583 2307 1012 2378 cogitationibus
1041 2323 1236 2364 rursus
1263 2310 1506 2380 repletns
1529 2317 1697 2373 esset,
1724 2325 1818 2363 eas
1844 2325 1977 2379 pau-

398 2396 596 2464 debat;
624 2410 994 2468 acceptosque
1027 2414 1317 2455 sermones
1346 2400 1591 2455 melodiae
1619 2408 1674 2455 et
1706 2400 1980 2456 concenti-

398 2489 503 2544 bus
526 2489 643 2545 suis
669 2489 980 2558 adaptabat.
1010 2488 1107 2546 Est
1144 2489 1312 2560 igitur
1340 2490 1663 2561 diapsalma,
1692 2493 1736 2547 si
1770 2493 1895 2562 quis
1927 2492 1978 2547 id

398 2580 717 2637 dciinitione
745 2581 1209 2652 comprehendere
1247 2582 1395 2645 velit,
1430 2583 1665 2638 cessatio
1693 2600 1788 2639 seu
1820 2584 1978 2654 quies

396 2676 691 2746 derepente
728 2676 871 2732 inter
901 2675 1241 2746 psallendum
1274 2674 1435 2742 facta,
1489 2676 1555 2731 ad
1610 2678 1974 2748 receptionem

395 2767 659 2824 divinitus
724 2768 905 2824 missae
963 2766 1372 2823 illustrationis.
1435 2767 1531 2822 Vel
1582 2769 1794 2824 rectius
1860 2770 1978 2823 dia-

396 2860 607 2929 psalma
657 2859 761 2915 hcc
794 2859 955 2913 modo
1005 2859 1131 2930 quis
1178 2858 1504 2922 deﬁniverit,
1560 2859 1604 2913 si
1646 2860 1813 2922 dicat,
1856 2875 1979 2915 esse

396 2952 704 3007 doctrinam
748 2966 777 3005 a
809 2951 1019 3021 Spiritu
1052 2959 1249 3006 sancto
1293 2951 1490 3005 animas
1538 2951 1590 3005 in
1640 2953 1858 3007 occulto
1894 2952 1976 3006 iu~

398 3043 684 3112 spiratam,
724 3043 954 3097 melodia
991 3058 1085 3113 per
1116 3042 1469 3098 attentionem
1498 3041 1562 3095 ad
1592 3042 1733 3097 hanc
1767 3044 1976 3098 instru-

2083 571 2238 641 ἁγίου
2292 572 2610 642 Πνεύματος
2657 571 2941 642 ἔλλαμψις,
2996 574 3091 626 καὶ
3134 574 3422 646 προσθήκη
3460 591 3547 636 τις
3580 574 3677 627 τοῦ

2082 664 2224 717 κατὰ
2253 662 2350 733 τὴν
2371 662 2573 731 γνῶσιν
2606 664 2965 734 χαρίσματος,
3002 664 3089 717 ἐπ’
3123 664 3363 735 ὠφελείᾳ
3396 666 3508 718 τῶν
3525 665 3679 735 δεχο-

2082 754 2261 825 μένων
2289 756 2386 824 τὴν
2414 755 2750 825 προφητείαν
2775 771 2789 784 °
2838 755 3052 826 ἐπέχων
3093 755 3288 810 ἑαυτοῦ
3315 756 3418 826 τὴν
3462 757 3677 827 φωνὴν,

2083 845 2274 914 καιρὸν
2302 845 2470 898 ἐδίδου
2499 848 2566 916 τῇ
2599 837 2807 916 δίανοίᾳ
2832 845 3089 921 δέξασθαι
3112 847 3223 900 τῶν
3249 848 3543 917 νοημάτων
3572 849 3678 916 τὴν

2080 935 2283 1002 γνῶσιν
2315 935 2424 989 τῶν
2465 937 2767 1007 γινομένων
2807 938 2865 991 ἐν
2909 938 3059 1008 αὐτῷ
3105 939 3258 1009 παρὰ
3278 939 3382 1009 τῆς
3408 938 3563 1000 θείας
3589 939 3679 991 ὲ).-

2080 1025 2359 1096 λάμψεως.
2395 1027 2504 1081 Καὶ
2543 1026 2733 1098 ὥσπερ
2762 1027 3020 1091 πολλάκις
3048 1028 3248 1099 τινξςῆ
3295 1031 3355 1082 ἐν
3390 1029 3501 1099 ὁδῷ
3532 1045 3681 1098 συμ-

2082 1116 2411 1180 ϐαδίζοντες,
2446 1116 2480 1187 ἢ
2530 1119 2588 1170 ὲν
2633 1117 2955 1186 συμποσίοις
2993 1117 3154 1179 τισὶν,
3194 1117 3228 1189 ἢ
3276 1118 3338 1171 ὲν
3388 1116 3680 1183 συλλόγοις

2083 1210 2200 1279 μετ’
2229 1208 2477 1280 ἀλλήλων
2505 1208 2901 1279 διαλεγόμενοι,
2948 1210 3002 1263 εἴ
3040 1208 3203 1263 ποθεν
3232 1208 3445 1280 ἁθρόως
3470 1209 3679 1280 fumat;

2079 1301 2199 1363 ταῖς
2229 1300 2418 1363 ἀκοαῖς
2452 1301 2771 1371 προσϐάλοι,
2818 1301 3159 1371 παυσάμενοι
3192 1299 3286 1353 τοῦ
3321 1299 3499 1369 λόγου.
3532 1300 3679 1371 πρὸς

2079 1392 2170 1445 τὸν
2198 1386 2330 1462 ἦχον
2350 1395 2414 1463 τῇ
2443 1393 2652 1463 διανοίᾳ
2677 1393 3038 1446 συντείνονται
3056 1431 3073 1457 ,
3108 1392 3305 1463 σχολὴν
3333 1392 3681 1461 παρέχοντες

2080 1481 2147 1534 δι’
2181 1481 2409 1551 ἡσυχίας
2440 1485 2508 1553 τῇ
2547 1484 2685 1552 ἀκοῇ
2717 1482 2808 1535 τοῦ
2842 1481 3043 1551 γνῶναι
3076 1482 3171 1535 τοῦ
3218 1482 3351 1553 ἡχου
3378 1482 3479 1553 τὴν
3504 1481 3677 1534 δύνα-

2084 1590 2204 1643 μιν,
2235 1569 2353 1627 εἶτα
2378 1574 2732 1644 παυσαμένης
2762 1575 2863 1645 τῆς
2904 1574 3289 1645 προσηκούσης
3324 1575 3535 1643 φωνῆς,
3566 1575 3677 1626 πά-

2080 1665 2162 1718 λιν
2188 1666 2296 1718 τῶν
2313 1666 2449 1737 πρὸς
2475 1666 2739 1737 ἀλλήλους
2759 1666 2971 1736 ἔχονται
2999 1666 3174 1735 λόγων
3195 1682 3207 1694 ·
3235 1666 3412 1730 οὕτως
3434 1667 3465 1718 ὁ
3493 1666 3678 1735 μέγας

2084 1757 2248 1810 Δαῦὶδ
2267 1756 2621 1829 ὑποφητεύων
2649 1755 2944 1828 Πνεύματι,
2966 1758 3059 1813 ἅτε
3087 1758 3302 1827 φθάσας
3333 1758 3673 1828 μεμαθήκει.

2018 1819 2058 1874 Β
2084 1849 2280 1920 διεξῄει
2312 1819 2642 1921 τῇμελῳδίᾳ
2661 1866 2677 1882 ·
2707 1819 2809 1903 καί
2826 1850 2881 1903 εῐ
2898 1819 2949 1903 τι
2980 1819 3184 1920 μεταξὺ
3209 1819 3385 1919 λέγων
3409 1819 3675 1904 ’ἐπεδιδά-

2082 1958 2268 2006 σκετο,
2305 1941 2522 2011 ὑπέχων
2559 1941 2637 2011 τῷ
2679 1940 3066 2011 πνευματικῶς
3101 1940 3385 2012 ὲνηχοῦντι
3430 1941 3536 2013 τὴν
3571 1943 3676 2010 τῆς

2078 2030 2253 2102 ψυχῆς
2282 2031 2471 2099 ἀκοὴν,
2499 2033 2593 2083 καὶ⁷
2621 2029 3004 2098 κατασιγάζων
3024 2030 3085 2084 τὸ
3126 2031 3307 2099 μέλος.
3335 2028 3413 2085 ὧν
3440 2031 3511 2086 ἀν
3536 2033 3679 2103 πλή-

2083 2139 2180 2193 ρης
2203 2122 2421 2190 ὲγένετο
2456 2122 2763 2193 νοημάτων,
2804 2122 2977 2176 ταῦτα
3025 2121 3229 2193 διεξῄει
3254 2123 3421 2176 πάλιν
3444 2125 3677 2194 ὲνείρων

2078 2216 2144 2285 τῇ
2179 2213 2416 2285 μελῳδίᾳ
2440 2214 2568 2276 τοὺς
2596 2213 2805 2282 λόγους.
2850 2215 3036 2268 Ἔστιν
3059 2209 3152 2268 οὖν
3176 2214 3238 2268 τὸ
3260 2214 3571 2285 διάψαλμα,
3598 2216 3678 2279 ὡς

2079 2304 2143 2358 ἀν
2168 2321 2253 2367 τις
2302 2305 2412 2375 ὅρῳ
2442 2304 2750 2375 περιλαϐὼν
2788 2304 2953 2369 είποι,
2983 2304 3184 2374 μεταξὺ
3219 2304 3317 2374 τῆς
3346 2304 3675 2375 ψαλμῳδίας
3704 2304 3710 2308 ’

2079 2396 2347 2465 γενομένη
2377 2395 2518 2448 κατά
2547 2396 2608 2449 τὸ
2635 2395 2828 2467 ἀθρόον
2853 2396 3216 2467 ὲπηρέμησις,
3236 2396 3373 2466 πρὸς
3398 2396 3674 2464 ὑποδοχὴν

2079 2485 2173 2541 τοῦ
2198 2486 2379 2540 θεόθεν
2416 2487 2833 2559 ὲπικρινομένου
2862 2487 3156 2557 νοήματος.
3188 2487 3259 2540 Ἢ
3282 2487 3426 2540 οἶτω
3466 2486 3676 2557 μᾶλλον

2080 2579 2147 2634 ἀν
2176 2596 2262 2643 τις
2287 2578 2531 2651 ὁρίσαιτο
2560 2577 2623 2632 τὸ
2650 2577 2926 2649 διάψαλμα
2948 2574 3085 2632 εἶναι
3134 2576 3490 2632 διδασκαλίαν
3518 2579 3674 2650 παρά

2079 2670 2174 2724 τοῦ
2211 2669 2522 2741 Πνεύματος
2558 2672 2625 2740 τῇ
2656 2670 2802 2741 ψυχῇ
2844 2668 3066 2723 κατὰτὸ
3105 2670 3417 2743 ἀπόρρητον
3453 2673 3673 2739 ἐγγινο-

2083 2762 2373 2834 μένην,τῆς
2404 2761 2534 2833 περὶ
2561 2761 2620 2814 τὸ
2643 2761 2821 2831 νόημα
2852 2760 3009 2815 τοῦτο
3031 2760 3308 2830 προσοχῆς
3328 2761 3390 2813 τὸ
3447 2763 3673 2833 συνεχὲς

2079 2856 2179 2925 τῆς
2209 2852 2473 2924 μελῳδίας
2499 2852 2915 2922 ὲπικοπτούσης.
2977 2854 3064 2916 Ὦς
3099 2852 3143 2906 δ’
3169 2852 3238 2906 ἂν
3279 2851 3355 2923 μὴ
3382 2853 3671 2923 νομισθείη

2078 2949 2191 3010 τοῖς
2222 2943 2433 3008 πολλοῖς
2459 2947 2683 3015 σημεῖον
2712 2943 2956 3012 γίνεσθαι
3000 2944 3100 3015 τὴν
3130 2942 3344 3014 σιωπὴν
3366 2943 3461 2996 τοῦ
3488 2945 3672 2997 ἐπιλε-

2080 3036 2325 3091 λοιπέναι
2353 3034 2443 3087 τὸν
2470 3034 2880 3105 προφητεύοντα
2905 3035 3009 3105 τὴν
3040 3034 3135 3089 τοῦ
3163 3033 3321 3101 ἁγίου
3347 3036 3673 3106 Πνεύματος

399 3137 637 3191 ctionem
673 3135 999 3204 interrupta,
1054 3142 1113 3187 ut
1148 3136 1425 3189 silentium
1458 3135 1562 3191 hoc
1587 3134 1801 3190 dederit
1836 3136 1972 3189 mul-

2088 3130 2306 3200 δύναμιν
2324 3171 2340 3194 ,
2378 3128 2567 3181 τούτου
2593 3127 2754 3197 χάριν
2780 3128 2923 3189 τινὲς
2953 3127 3062 3179 τῶν
3103 3128 3390 3199 ἑρμηνέων
3418 3129 3542 3181 ἀντὶ
3576 3127 3672 3181 τοῦ

399 3225 470 3281 tis
517 3222 867 3279 occasionem
908 3222 1287 3289 existimandi,
1333 3225 1657 3294 prophetam
1702 3239 1732 3278 a
1779 3223 1980 3280 virtute

2088 3221 2442 3291 Βιαψάλματος
2466 3220 2526 3272 τὸ
2557 3240 2573 3269 ι
2598 3220 2709 3271 Ἀεὶ
2735 3238 2755 3270 ι
2788 3220 2903 3281 τοῖς
2957 3218 3310 3289 διαλείμμασι
3343 3219 3558 3283 τούτοις
3589 3222 3675 3287 ἑγ-

401 3312 641 3384 Spiritus
670 3313 845 3369 sancti
872 3314 1195 3370 destitutum
1227 3313 1420 3372 fuisse.
1457 3316 1724 3382 Quocirca
1755 3315 1976 3385 quidam

400 3410 733 3478 interpretes
780 3406 899 3461 loco
939 3405 1316 3474 diapsalmatis
1356 3408 1641 3463 ascribunt
1667 3406 1979 3478 hujusmodi

400 3497 729 3561 intervallis,
757 3511 853 3553 seu
883 3495 1078 3565 spatiis
1107 3497 1454 3561 vocabulum,
1500 3516 1518 3548 ι
1559 3498 1806 3567 Semper.
1851 3515 1868 3548 ι
1923 3504 1982 3551 ut

398 3606 464 3646 ex
509 3591 611 3646 hoc
657 3589 957 3654 discamus,
1008 3588 1170 3644 istam
1214 3603 1243 3642 a
1282 3589 1491 3661 Spiritu
1544 3599 1736 3646 sancto
1782 3590 1979 3644 anima!

400 3684 704 3739 immissam
745 3681 1050 3738 doctrinam
1083 3664 1298 3751 semper
1326 3681 1634 3747 exstitisse;
1671 3695 1976 3737 sermonem

397 3789 531 3830 vero
559 3773 653 3844 qui
684 3773 843 3829 nobis
877 3771 1123 3842 explicat
1156 3786 1318 3826 sensa
1346 3770 1619 3828 divinitus
1649 3773 1847 3827 animae
1881 3770 1982 3824 im-

399 3880 611 3935 pressa,
652 3879 764 3918 non
804 3877 1022 3933 semper
1051 3859 1242 3915 fuisse.
1289 3860 1558 3915 Caeterum
1600 3862 1799 3926 partim
1855 3860 1977 3929 qui-

400 3958 521 4010 dem
572 3954 770 4010 mentis
821 3968 983 4008 sensa
1027 3951 1294 4022 propheta
1351 3951 1733 4020 eloquebatur,
1785 3949 1980 4019 partim

401 4042 507 4094 alia
541 4040 761 4094 cmlitus
789 4038 1118 4107 excipiebat.
1153 4036 1436 4103 Quatenus
1465 4040 1632 4110 igitur
1660 4040 1930 4095 eﬂ'ahatur
1953 4053 1982 4091 a

352 4111 371 4133 ’
403 4133 514 4187 Deo
539 4133 839 4202 impressas
866 4131 971 4186 sibi
1004 4130 1285 4195 notiones,
1314 4132 1649 4201 procedebat
1673 4148 1782 4187 non
1823 4131 2081 4187 intercisa
2125 4135 2270 4188 serie
2301 4133 2636 4204 psalmodia;

2077 3312 2397 3381 γράφουσιν.
2443 3310 2530 3372 Ὡς
2581 3308 2650 3362 ἂν
2702 3308 2790 3361 διὰ
2845 3308 3036 3361 τούτου
3068 3310 3353 3380 μάθοιμεν,
3383 3311 3528 3381 ὅτιὴ
3572 3312 3675 3381 μὲν

2084 3400 2236 3471 παρὰ
2281 3399 2373 3452 τοῦ
2420 3400 2578 3466 ἁγίου
2614 3399 2929 3469 Πνεύματος
2973 3400 3031 3451 ἐν
3073 3403 3141 3470 τῇ
3169 3400 3313 3471 ψυχῇ
3348 3401 3673 3455 διδασκαλία

2079 3492 2307 3544 πάντοτε
2340 3484 2408 3560 ἦν
2433 3506 2445 3519 ·
2495 3492 2523 3542 ὁ
2551 3488 2607 3541 δὲ
2655 3489 2973 3560 ἑρμηνεύων
3017 3491 3086 3544 τὰ
3131 3491 3458 3563 ὲγγινόμενα
3484 3492 3676 3547 θεόθεν

2080 3585 2147 3652 τῇ
2180 3582 2326 3651 ψυχῇ
2354 3582 2599 3651 νοήματα
2630 3580 2804 3647 λόγος,
2832 3582 2892 3635 οὐ
2917 3582 3145 3636 πάντοτε
3170 3579 3258 3654 ἦν’
3294 3584 3429 3637 ἀλλά
3470 3584 3533 3637 τὸ
3571 3584 3674 3652 μὲν

2082 3671 2340 3741 ἐξεφώνει
2368 3672 2467 3742 τῆς
2517 3672 2787 3735 διανοίας,
2829 3671 2891 3724 τὸ
2924 3672 2980 3725 δὲ
3016 3673 3322 3743 ὑπεδέχετο.
3372 3673 3461 3726 Ἐν
3484 3666 3530 3741 ᾧ
3569 3674 3675 3743 μὲν

2082 3761 2176 3818 οὖν
2208 3762 2502 3834 ἐξηγόρευε
2543 3763 2613 3817 τά
2650 3761 3027 3816 ὲντυπωθέντα
3054 3766 3121 3835 τῇ
3147 3762 3353 3833 διανοίᾳ
3394 3764 3671 3833 νοήματα,

2085 3850 2315 3922 προσῄει
2336 3850 2400 3905 δι’
2437 3850 2730 3905 ἀκολούθου
2761 3851 2794 3919 ἠ
2817 3849 3129 3921 ψαλμῳδίαο
3169 3852 3222 3903 εἰ
3241 3852 3299 3905 δέ
3321 3868 3373 3904 τι
3400 3850 3509 3904 τῶν
3531 3849 3674 3903 θειο-

2085 3947 2257 4015 τέρων
2281 3941 2448 3996 αὐτοῦ
2479 3942 2578 4013 τὴν
2598 3943 2698 4013 τῆς
2728 3942 2908 4012 ψυχῆς
2948 3942 3121 4012 ἀκοὴν
3158 3942 3513 4013 περιήχησεν,
3542 3938 3671 4003 ὅλος

2086 4039 2187 4108 τῆς
2207 4038 2525 4109 ἀκροάσεως
2551 4033 2638 4109 ῆν,
2669 4037 3053 4105 κατασιγάζων
3075 4037 3139 4091 τὸ
3163 4038 3340 4108 μέλος.

2720 4134 2766 4188 si
2806 4133 2934 4203 quid
2986 4147 3115 4186 vero
3174 4149 3239 4187 ex
3304 4130 3675 4187 divininribus

405 4228 569 4284 rebus
614 4225 859 4282 auditum
896 4223 1100 4281 mentis
1145 4224 1604 4294 circumsonaret,
1646 4236 1818 4281 totum
1894 4244 2015 4284 sese
2054 4230 2120 4286 ad
2152 4227 2578 4284 auscultandum
2612 4228 2991 4296 eoi-parabat,
3026 4227 3342 4282 intermisso
3404 4235 3598 4281 cantu.

474 4320 530 4377 Si
562 4321 750 4391 igitur,
793 4316 1000 4388 Spiritu
1033 4328 1226 4374 saneto
1256 4321 1420 4376 etiam
1450 4320 1570 4391 ipso
1597 4321 1800 4376 silentii
1840 4331 1978 4379 tem-

403 4427 536 4483 pore
566 4412 622 4464 in
666 4423 735 4464 eo
766 4410 1043 4479 ioquentc,
1082 4408 1259 4464 oratio
1297 4408 1458 4479 quasi
1504 4409 1855 4466 intervallum
1886 4413 1984 4467 ha-

403 4504 568 4560 bebat
613 4499 987 4573 (intervallum
1039 4507 1220 4555 autem
1269 4500 1340 4554 ab
1381 4499 1775 4571 interpretibus
1807 4506 1982 4559 nomi-

2168 4323 2279 4378 Ἀεὶ
2298 4322 2476 4376 τοίνυν
2519 4321 2615 4373 τοῦ
2643 4321 2799 4387 ἀγίου
2817 4319 3130 4389 Πνεύματος
3150 4321 3245 4375 καὶ
3274 4319 3424 4391 παρά
3447 4319 3540 4373 τὸν
3568 4325 3671 4394 τῆς

2087 4415 2302 4485 σιωπῆς
2335 4413 2528 4484 καιρὸν
2559 4415 2616 4465 ὲν
2663 4411 2811 4482 αὑτῴ
2847 4411 3170 4476 λαλοῦντος,
3213 4414 3242 4466 ό
3268 4411 3424 4480 λόγος
3462 4413 3520 4464 ὲν
3548 4411 3673 4467 δια-

2086 4508 2380 4578 λείμμασιν
2418 4500 2487 4575 ἦν
2522 4503 2618 4572 (τὸ
2649 4503 2706 4555 δὲ
2742 4503 3040 4573 διάλειμμα
3073 4501 3223 4574 παρά
3261 4501 3369 4554 τῶν
3402 4503 3678 4572 ἑρμηνευ-

404 4603 593 4651 natum
617 4603 704 4651 est
755 4612 774 4647 ι
806 4594 1110 4666 diapsalma
1148 4595 1217 4666 ι),
1252 4593 1563 4665 divisioque
1602 4597 1771 4653 totius
1811 4597 1975 4668 hujus

2088 4601 2296 4655 σάντων
2343 4596 2636 4667 ὠνομάσθη
2682 4594 3155 4665 διάψαλμαΓτῆς
3195 4594 3254 4648 δὲ
3304 4593 3672 4665 θεωρηθείσης

404 4687 530 4742 libri
559 4687 613 4741 in
647 4687 892 4757 quinque
919 4696 1101 4757 partes
1140 4686 1421 4743 distributi
1464 4695 1612 4743 recte
1644 4703 1675 4741 a
1705 4689 1867 4744 nobis
1900 4691 1984 4743 in-

406 4778 599 4835 stituta
633 4786 738 4841 est,
773 4776 963 4832 licebit
992 4792 1127 4832 sane
1157 4792 1222 4831 ex
1256 4776 1342 4833 his
1370 4776 1537 4832 etiam
1581 4776 1984 4846 demonstrare,

398 4881 591 4923 veram
632 4881 755 4922 esse
787 4870 1050 4922 rationem
1087 4883 1251 4936 quam
1281 4867 1562 4934 dedimus;
1585 4869 1728 4938 quod
1755 4870 1987 4936 scilicet,

405 4959 566 5034 quasi
600 4958 1012 5014 introductione
1040 4959 1274 5029 quadam
1308 4974 1527 5030 semper
1571 4961 1638 5015 ad
1667 4962 1990 5017 sublimiora

407 5069 504 5124 per
522 5052 823 5123 quamlibet
850 5052 1150 5107 sectionem
1193 5052 1447 5120 ducatur,
1484 5053 1803 5125 quicunque
1843 5056 1991 5125 psal-

408 5159 622 5199 morum
674 5142 941 5214 auspiciis
1004 5143 1070 5197 ad
1126 5144 1522 5215 perfectionem
1587 5146 1802 5200 nititur.
1862 5145 1989 5201 Sola

407 5237 555 5293 enim
593 5238 785 5292 ultima
822 5238 1160 5309 psalmorum
1201 5238 1373 5292 sectio
1404 5238 1472 5291 ab
1514 5238 1671 5293 initio
1711 5255 1886 5309 usque
1921 5241 1987 5296 ad

411 5328 570 5383 tinem
619 5329 939 5384 continuam
992 5329 1289 5399 quamdam
1343 5337 1399 5384 ct
1452 5345 1561 5384 non
1621 5331 1985 5401 interruptam

410 5420 760 5492 hymnodiam
790 5420 1057 5483 continet,
1105 5429 1158 5476 et
1200 5435 1467 5490 nusquam
1504 5421 1864 5491 diapsalmate
1907 5424 1990 5477 in-

413 5512 688 5576 tercisam,
725 5520 783 5567 ut
816 5512 998 5567 videre
1025 5522 1111 5566 cst
1145 5512 1198 5565 in
1244 5512 1500 5567 omnibus
1536 5514 1826 5581 graduum,
1869 5530 1991 5583 qua:

305 5596 313 5607 '
415 5608 612 5654 vocant
652 5603 906 5667 canticis,
939 5610 993 5656 et
1037 5604 1090 5656 iu
1126 5604 1213 5666 iis,
1262 5619 1499 5673 quorum
1551 5605 1839 5674 inscriptio
1887 5612 1993 5668 est,

423 5708 442 5735 ι
467 5688 712 5743 Alleluia.
748 5710 766 5741 ι
800 5692 1124 5747 Ostenditur
1160 5694 1328 5758 enim,
1362 5703 1421 5748 ut
1452 5694 1710 5757 arbitror,
1755 5696 1857 5749 hac
1899 5696 1996 5750 ob-

421 5779 751 5845 servatione,
792 5781 844 5834 iu
874 5783 997 5837 aliis
1029 5783 1268 5851 quidem,
1309 5796 1366 5840 ut
1401 5782 1774 5851 inferioribus,
1814 5786 1992 5841 locum

2092 4697 2222 4766 ἡμῖν
2261 4691 2577 4763 διαιρέσεως
2621 4691 2679 4742 ὲν
2714 4690 2863 4761 πάσῃ
2909 4691 2976 4759 τῇ
3022 4686 3188 4760 βίϐλῳ
3229 4686 3329 4757 τῆς
3354 4687 3674 4757 ψαλμῳδίας

2092 4782 2235 4858 [τῆς]
2264 4781 2504 4853 πενταχῆ
2534 4780 2892 4855 διῃρημένης,
2913 4780 3135 4833 δυνατόν
3149 4782 3265 4833 ἐστι
3282 4779 3376 4833 καὶ
3394 4778 3674 4832 ὲκτούτων

2086 4872 2260 4944 ἀληθῆ
2292 4872 2393 4943 τὴν
2443 4871 2623 4924 αἰτίαν
2673 4869 3079 4938 ἀποδειχθῆναι,
3119 4870 3187 4939 ἥν
3228 4870 3551 4939 ὲνοήσαμεν,
3591 4869 3670 4922 ὃτι

2084 4966 2173 5020 διά
2215 4981 2361 5028 τινος
2410 4961 2781 5035 προσαγωγῆς
2812 4954 2900 5014 ἀεὶ
2942 4962 3080 5031 πρὸς
3126 4960 3188 5014 τὸ
3237 4960 3572 5029 ὑψηλότερον
3607 4959 3663 5013 δι’

2087 5057 2318 5112 ἑκάστου
2358 5055 2468 5109 τῶν
2514 5055 2818 5125 τμημάτων
2866 5055 3287 5125 χειραγωγεῖται
3328 5054 3357 5104 ό
3401 5050 3470 5103 δι’
3512 5051 3671 5104 αὐτόν

2088 5148 2472 5220 ὁδηγούμενος.
2506 5148 2685 5203 Μόνον
2725 5146 2835 5217 γὰρ
2881 5146 3193 5200 τελευταίαν
3222 5143 3330 5196 τῶν
3369 5143 3671 5215 τμημάτων

2093 5243 2187 5295 ἀπ’
2232 5241 2408 5311 ἀρχῆς
2445 5241 2525 5303 είς
2551 5239 2703 5301 τέλος
2742 5239 2828 5307 ἐφ’
2859 5237 3090 5291 ἑκάστου
3123 5233 3338 5304 ψαλμοῦ
3386 5235 3584 5304 συνεχῆ
3614 5248 3669 5282 τε

2095 5335 2188 5388 καὶ
2216 5332 2581 5395 ἀδιάσπαστον
2600 5330 2700 5400 τὴν
2730 5328 3002 5399 ὑμνῳδίαν
3027 5326 3159 5397 ἔχει.
3186 5324 3422 5394 οὐδαμοῦ
3440 5326 3669 5395 διαιρουι

2098 5426 2265 5495 μένην
2294 5424 2372 5493 τῷ
2419 5421 2769 5493 διαψάλματι.
2829 5421 2905 5472 Ἥ
2934 5436 2994 5472 τε
3023 5420 3132 5490 γὰρ
3161 5417 3245 5487 ἐφ’
3285 5418 3519 5471 ἑκάστου
3568 5414 3673 5466 τῶν

2096 5514 2427 5585 ἀναϐαθμῶν
2471 5513 2582 5583 ᾠδὴ
2643 5511 2831 5565 τοῦτον
2885 5510 2999 5579 ἔχει
3044 5509 3135 5562 τὸν
3182 5507 3410 5579 τρόπον,
3466 5508 3559 5558 καὶ
3602 5497 3671 5555 ὢν

2096 5603 2374 5672 ἐπιγραφή
2404 5604 2520 5653 ἐστι
2552 5600 2612 5653 τὸ
2644 5620 2662 5650 ι
2698 5598 3035 5670 Ἀλληλούῖα.
3064 5619 3080 5649 ι
3114 5598 3401 5653 Δείκνυται
3427 5596 3555 5666 γὰρ,
3601 5594 3673 5655 ὡς

2094 5689 2271 5763 οἶμαι,
2317 5693 2404 5746 διὰ
2443 5693 2540 5760 τῆς
2584 5690 2841 5761 τοιαύτης
2875 5693 3332 5760 παρατηρήσεως,
3367 5690 3452 5742 ὅτι
3486 5691 3541 5741 ὲν
3576 5685 3671 5756 μὲν

2095 5788 2204 5848 τοῖς
2240 5784 2447 5848 ἄλλοις,
2507 5784 2597 5837 fit:
2641 5784 2705 5855 δὴ
2753 5783 3077 5852 κατωτέροες
3121 5777 3257 5843 οὖσι,
3292 5778 3475 5852 χώραν
3504 5780 3609 5850 ἔχει
3644 5779 3670 5829 ὁ
