3844 6346
200 364 308 421 537

1607 373 1675 431 IN
1714 374 2051 432 PSALMOS.

3363 385 3467 445 538

198 481 269 532 τὰ
299 479 602 551 ὑψηλότερα
650 482 1056 541 ὲπεκδιδάσκων
1108 489 1387 560 νοήματα,
1437 492 1530 544 καὶ
1585 491 1765 562 μεταξὶ

1892 493 2092 548 habere
2120 493 2213 564 qui
2251 492 2572 549 sublimiora
2607 492 2856 557 edoceat,
2891 508 3277 564 sermonisque
3307 496 3468 550 seriei

200 573 540 644 παρενείρων
579 578 646 646 τῇ
681 576 973 649 ἀκολουθίᾳ
1022 582 1116 633 τοῦ
1167 581 1326 650 λόγου
1383 581 1493 635 τῶν
1537 582 1673 653 πρὸς
1720 582 1780 636 τὸ

201 664 447 733 κρεῖττον
490 663 803 736 δυναμένων
840 669 1134 738 ἀναγαγεῖν
1172 672 1272 741 τὴν
1295 672 1550 726 διάνοιαν.
1620 672 1685 725 Ἦ
1725 672 1781 726 δὲ

196 753 285 807 διά
299 752 409 808 τῶν
436 774 455 806 ι
479 756 833 828 Ἀναϐαθμῶν
860 780 880 812 ι
921 760 1219 829 τελείωσις,
1256 764 1350 818 καὶ
1377 757 1458 827 οἷς
1487 765 1778 836 προγραφή

194 845 313 897 ἐστι
354 845 415 899 τὸ
452 867 470 898 ι
512 847 858 920 ’Δλληλούῖα,
897 870 916 905 ι
954 851 1051 906 ἅτε
1078 853 1142 924 δὴ
1182 855 1276 908 τοῦ
1317 855 1619 926 ἀκροτάτου
1672 856 1780 910 τῶν

197 938 333 1010 πρὸς
380 940 440 994 τὸ
491 941 693 1010 ἀγαθὸν
721 946 1029 1015 νοουμένων
1066 946 1477 1018 ὲπειλημμένη,
1524 948 1780 1018 οὐδεμιᾶς

195 1032 516 1103 προσθήκης
540 1034 687 1088 ἐστὶν
705 1035 942 1107 ἐπιδεὴς,
962 1037 1099 1108 αὐτὴ
1119 1039 1176 1089 ὲν
1197 1038 1363 1108 ἑαυτῄ
1388 1038 1476 1091 διὰ
1494 1039 1672 1111 πάσης
1690 1057 1782 1094 κα-

200 1123 538 1193 τηρτισμένη
561 1124 659 1193 τῆς
676 1125 733 1179 ὲν
758 1125 836 1195 τῷ
854 1124 1043 1198 ἀγαθῷ
1064 1127 1396 1194 τελειώσεως
1415 1146 1428 1158 '
1450 1130 1588 1201 ὅπερ
1602 1130 1667 1202 δὴ
1686 1132 1780 1186 καὶ

192 1213 225 1280 ή
243 1210 453 1266 διάνοια
471 1215 781 1286 ἐπιγραφῆς
794 1217 885 1270 ἐπὶ
901 1218 1103 1272 τούτων
1123 1218 1629 1291 μαρτύρεται,αῐνον
1645 1222 1777 1276 Θεοῦ

191 1302 253 1355 τὸ
285 1303 843 1376 ὑπερκείμενονᾶπαν
868 1310 1327 1380 κατονομάζουσα.
1358 1313 1569 1385 ’Ὠσπερ
1598 1315 1706 1386 γάρ
1743 1317 1775 1387 ή

193 1392 334 1447 κατά
355 1393 465 1459 ’τὰς
485 1397 700 1466 ἡλικίας
740 1399 848 1453 τῶν
881 1402 1152 1473 σωμάτων
1193 1404 1472 1475 ἀναδρομὴ
1503 1407 1627 1477 ὅρον
1661 1407 1774 1478 ἔχει

192 1484 253 1537 τὸ
268 1487 366 1555 τῆς
387 1486 602 1555 φύσεως
621 1492 903 1562 στάσιμον,
922 1494 1039 1563 μεθ’
1060 1494 1197 1565 ὂτὴν
1222 1496 1313 1549 ἐπὶ
1330 1497 1390 1548 τὸ
1407 1496 1590 1567 μεῖζον
1616 1517 1779 1572 προσ-

191 1577 367 1648 θήκην
396 1580 458 1632 ού
494 1583 883 1653 παραδέχεται,
920 1586 1032 1640 ἀλλ’
1063 1588 1120 1640 ὲν
1154 1586 1331 1659 ἐαυτῷ
1361 1588 1605 1660 διαμένει
1638 1592 1774 1662 πρὸς

191 1670 367 1723 πάντα
406 1672 498 1725 τὸν
541 1674 834 1730 ὑπόλοιπον
886 1678 1103 1748 χρόνονο
1138 1677 1313 1743 οὕτως
1362 1683 1479 1735 ἐστὶ
1536 1684 1629 1736 καὶ
1666 1684 1776 1738 τῶν

190 1760 348 1815 θείων
375 1761 722 1834 διδαγμάτων
748 1766 976 1838 αύξησίς
1003 1786 1062 1823 τε
1096 1772 1188 1824 καὶ
1213 1773 1424 1840 στάσις,
1451 1774 1518 1827 δι’
1553 1768 1627 1827 ὦν
1648 1776 1774 1839 τούς

1889 593 1943 638 et
1975 582 2157 638 ordini
2186 583 2484 652 interjiciat
2510 600 2574 638 ea
2606 600 2726 654 quae
2754 596 2987 640 mentem
3022 586 3091 640 ad
3116 586 3341 641 meliora
3368 587 3470 642 ele-

1889 691 2018 730 vare
2049 685 2101 730 et
2135 664 2442 730 subducere
2492 685 2744 745 possunt.
2797 676 2867 730 At
2900 692 3027 731 vero
3071 696 3089 729 ι
3129 676 3407 732 Graduum
3443 697 3461 728 ι

1888 766 2372 831 consummationi,
2406 773 2462 820 et
2508 767 2711 836 quibus
2756 785 2776 819 ι
2809 768 3062 833 Alleluia,
3103 789 3122 821 ι
3162 769 3467 840 praescribi-

1887 864 1999 921 tur,
2034 865 2296 926 tanquam
2347 857 2411 912 ad
2451 873 2726 911 summum
2768 861 3012 914 omnium
3057 860 3324 915 bonorum
3352 867 3467 916 cul-

1887 964 2012 1004 men
2052 949 2166 1019 jam
2205 951 2532 1021 progressis,
2569 953 2722 1006 nullo
2757 953 3131 1008 additameuto
3177 971 3315 1024 opus
3356 964 3461 1013 est.

1887 1041 2035 1095 velut
2071 1040 2127 1093 in
2159 1040 2359 1109 seipsis
2378 1040 2491 1110 jam
2522 1043 2671 1096 onini
2701 1044 2971 1098 bonorum
3011 1047 3168 1113 copia
3207 1045 3465 1115 perlectis

1885 1139 1939 1187 et
1962 1131 2230 1186 absolutis
2256 1150 2269 1185 :
2296 1133 2442 1202 quod
2474 1144 2527 1188 et
2557 1137 2672 1203 ipse
2696 1149 2894 1191 sensus
2917 1136 3311 1206 inscriptionis,
3342 1154 3464 1207 qua:

1887 1221 1973 1276 bis
2005 1221 2328 1293 prteligitur,
2364 1224 2584 1291 planum
2632 1223 2783 1291 facit,
2824 1240 2951 1281 cum
2994 1234 3165 1280 totum
3201 1228 3463 1297 quodse-

1885 1312 2094 1381 quitur,
2128 1312 2345 1368 laudem
2388 1312 2479 1367 Dei
2514 1314 2778 1369 nominat.
2816 1315 3285 1382 Quemadmodum
3314 1321 3460 1373 enim

1884 1420 2175 1474 corporqu
2213 1421 2310 1476 per
2343 1415 2531 1462 aetates
2570 1408 2968 1463 incrementum
3007 1411 3299 1465 terminum
3351 1419 3463 1467 sta-

1884 1497 2046 1551 bilem
2074 1512 2105 1550 a
2130 1505 2323 1551 natura
2350 1499 2716 1567 praestitutum
2743 1498 2928 1563 habet,
2957 1509 3082 1569 post
3107 1516 3268 1571 quem
3297 1502 3465 1570 majo-

1884 1586 1962 1641 ris
1989 1588 2266 1657 augmenti
2298 1602 2403 1641 non
2439 1598 2525 1642 est
2555 1588 2791 1658 amplius
2823 1604 3017 1659 capax,
3050 1591 3144 1645 sed
3171 1598 3285 1644 toto
3313 1593 3462 1645 inse-

1882 1679 2070 1748 quenti
2096 1687 2344 1748 tempore
2370 1680 2423 1733 in
2459 1680 2651 1735 cedent
2679 1688 2825 1736 statu
2860 1691 3063 1737 manet:
3097 1683 3177 1737 sic
3199 1683 3364 1738 etiam
3390 1682 3468 1736 di-

1886 1772 2027 1825 vinae
2052 1771 2316 1825 doctrina:
2346 1782 2400 1826 et
2447 1772 2811 1829 institutionis
2851 1773 3245 1829 incrementum
3286 1775 3463 1845 quod—

188 1870 246 1907 τε
272 1855 568 1926 νηπιώδεις
598 1859 689 1911 καὶ
720 1860 927 1924 ἀτελεῖς
972 1863 1073 1933 τὴν
1100 1864 1337 1917 διάνοιαν
1362 1868 1482 1927 ταῖς
1506 1866 1765 1937 καταλλή-

1887 1861 2008 1916 dam
2051 1871 2135 1917 est
2168 1872 2222 1917 et
2254 1872 2451 1917 status.
2502 1862 2740 1920 Infantes
2782 1866 2928 1920 enim
2976 1867 3155 1921 adhuc
3196 1876 3250 1921 et
3279 1868 3462 1921 animo

189 1942 296 2008 λοις
322 1950 554 2017 τροφαῖς
579 1948 960 2021 τιθηνουμένη,
1010 1953 1099 2007 διά
1126 1955 1399 2023 γάλακτός
1428 1973 1484 2009 τε
1526 1958 1621 2009 καὶ
1662 1956 1771 2012 τῶν

188 2037 467 2105 τοιούτων,
495 2041 588 2095 καὶ
618 2043 696 2105 είς
739 2042 966 2115 αὔξησιν
996 2044 1142 2113 ἄγει,
1166 2047 1260 2099 καὶ
1284 2050 1394 2110 τοῖς
1429 2048 1528 2119 ἤδη
1545 2048 1772 2113 τελείοις

188 2131 283 2201 τὴν
306 2132 541 2203 στερεὰν
572 2135 857 2206 προτίθησι
876 2137 1178 2209 τράπεζαν,
1212 2142 1327 2202 τοῖς
1355 2140 1442 2193 διὰ
1461 2140 1569 2193 τῶν
1598 2140 1771 2195 ἄλλων

189 2224 525 2296 μαθημάτων
541 2228 1006 2299 προγυμνασθεὶσι
1022 2230 1089 2283 τά
1104 2230 1203 2301 τῆς
1221 2231 1396 2303 ψυχῆς
1421 2232 1768 2304 αἰσθητήρια.

251 2407 467 2462 Οὐκοῦν
482 2406 545 2463 τὸ
569 2408 821 2480 μηδαμοῦ
845 2411 1034 2482 χρείαν
1054 2412 1331 2479 γενέσθαι,
1356 2411 1500 2465 κατά
1524 2411 1584 2464 τὸ
1610 2412 1771 2482 ἔσχα-

109 2556 113 2564 ,
185 2517 272 2554 τον
298 2499 517 2566 τμῆμκ,
544 2500 640 2554 τοῦ
688 2502 746 2554 ἐν
793 2501 1129 2573 διαψάλματι
1180 2503 1287 2557 τῶν
1336 2504 1684 2575 ὑψηλοτέρων
1717 2521 1769 2557 τι

184 2591 475 2661 νοημάτων
487 2589 867 2661 ἐκδιδαχθῆναι
888 2592 979 2646 τὸν
1006 2594 1291 2664 ὑποφήτην
1310 2594 1405 2647 τοῦ
1430 2594 1568 2647 Πνεύ
1577 2612 1764 2664 ματος,

186 2682 351 2753 σαφὲς
374 2681 449 2737 ἂν
476 2683 562 2752 εἴη
588 2685 885 2756 τεκμήριον
918 2685 1009 2739 τὸν
1040 2687 1166 2756 περὶ
1196 2686 1385 2739 τούτου
1411 2686 1567 2754 λόγον
1600 2704 1768 2739 κατα-

182 2773 386 2845 νοῆσαι,
423 2773 732 2845 προσθέντα
756 2777 938 2828 ὲκεῖνα
967 2776 1066 2846 τῆς
1087 2775 1407 2846 ψαλμῳὸίας
1433 2777 1501 2829 τά
1529 2777 1670 2848 μέρη
1699 2777 1767 2829 τὰ

180 2865 540 2936 διεσταλμένα
583 2866 660 2937 τῷ
698 2865 1048 2938 διαψάλματι.
1102 2869 1190 2921 Ἐν
1219 2867 1296 2938 τῷ
1331 2867 1439 2938 γὰρ
1476 2868 1643 2938 τρίτῳ
1669 2868 1766 2938 τὴν

184 2957 477 3028 γενομένην
516 2958 581 3011 ὲκ
626 2957 725 3030 τῆς
759 2957 867 3011 τῶν
901 2958 1112 3030 ἐχθρῶν
1157 2960 1576 3022 ἐπαναστάσεως
1617 2957 1765 3029 αὖτῴ

184 3050 407 3118 συνοχὴν
431 3067 493 3103 τε
525 3050 617 3103 καί¹
649 3050 959 3120 ἀμηχανίαν
988 3048 1288 3121 προειπὼν,
1314 3045 1433 3102 εἶτα
1459 3048 1764 3111 διαστείλας

180 3139 237 3193 τὸ
265 3142 429 3212 μέρος
452 3140 532 3212 τῷ
555 3140 908 3212 διαψάλματι.
952 3141 1049 3213 τὴν
1102 3143 1367 3213 σωτήριον
1396 3142 1612 3212 ἐκείνην
1645 3159 1762 3210 qam-

181 3232 273 3304 νὴν
322 3233 701 3305 ὲπιθαρσήσας
745 3233 824 3305 τῷ
862 3232 1002 3287 κατὰ
1034 3233 1095 3286 τὸ
1137 3234 1445 3305 ἀπόρρητον
1486 3232 1634 3303 αὐτῷ
1679 3233 1763 3283 ὲν-

181 3324 461 3395 ηχήσαντι,
494 3324 579 3378 ὅτι
621 3342 639 3374 ε
678 3324 750 3377 Σὺ
782 3324 859 3387 δὲ,
890 3323 1096 3395 Κύριε,
1127 3323 1476 3394 ἀντιλήπτωρ
1535 3341 1635 3392 μου
1690 3317 1759 3380 εἴ,

177 3417 300 3483 δᾶξα
349 3435 476 3489 μου,
496 3417 592 3471 καὶ
637 3416 787 3487 ύψῶν
824 3416 924 3487 τὴν
956 3417 1199 3485 κεφαλήν
1244 3430 1366 3485 μου’
1410 3434 1427 3465 ι
1488 3414 1651 3467 πάλιν
1705 3415 1761 3466 ὲν

180 3508 525 3580 διαλείμματι
551 3506 648 3578 τὴν
683 3505 949 3577 μελῳδίαν
991 3506 1253 3575 ποιήσας,
1297 3507 1436 3574 μετά
1474 3503 1571 3573 τὴν
1600 3504 1763 3572 εὐχᾶ-

184 3617 357 3671 ριστον
391 3600 609 3670 ἐκείνην
652 3600 837 3669 φωνὴν
875 3597 941 3666 ἣν
986 3596 1275 3665 πεποίηται
1304 3594 1364 3647 λέ
1379 3611 1500 3662 ,’ων’
1554 3614 1571 3644 ι
1604 3595 1758 3665 Φωνῇ

183 3711 277 3764 μου
304 3692 443 3764 πρὸς
477 3690 684 3762 Κύριον
729 3690 1043 3759 ἐκέκραξα,
1088 3688 1184 3742 καὶ
1228 3687 1502 3759 ἐπήκουσέ
1558 3705 1659 3758 μου
1702 3688 1761 3755 ἐξ

175 3786 329 3858 ὅρους
357 3785 517 3856 ἁγίου
542 3781 728 3837 αὐτοῦ’
766 3800 783 3833 ι
820 3781 1127 3834 διδάσκεται
1156 3779 1234 3843 τίς
1270 3782 1385 3832 ἐστι
1434 3779 1532 3850 τῆς
1573 3779 1760 3849 κοινῆς

177 3878 279 3933 τῶν
318 3875 678 3949 ἀνθρωπίνων
722 3874 907 3929 κακῶν
935 3873 1247 3946 ἀμηχανίας
1293 3875 1326 3945 ἡ
1354 3873 1530 3936 λύσις.
1563 3873 1674 3927 Καὶ
1700 3873 1761 3927 τὸ

177 3968 313 4023 κατά
365 3968 429 4021 τὸ
477 3964 649 4029 πάθος
700 3964 795 4018 τοῦ
851 3964 1057 4036 Κυρίου
1114 3963 1411 4035 μυστήριον
1461 3960 1759 4033 διδαχθεὶς,

178 4060 232 4114 ὲν
284 4061 350 4129 τῇ
424 4057 694 4128 γενομένῃ
750 4056 892 4110 κατὰ
950 4056 1011 4110 τὸ
1072 4054 1267 4125 ἀθρόον
1333 4053 1600 4124 ἐλλάμψει
1666 4052 1760 4107 τοῦ

179 4150 511 4222 Πνεύματος,
542 4148 674 4202 αὐτὸ
700 4147 761 4200 τὸ
792 4146 1086 4218 πρὸσωπον
1102 4145 1163 4199 τὸ
1179 4145 1507 4199 Δεσποτικὸν
1535 4144 1760 4210 ὑποδύε-

174 4260 281 4304 ται,
312 4244 403 4298 καί
435 4259 620 4313 φησιν·
655 4260 671 4293 ι
711 4239 854 4310 Ἐγὼ
892 4238 1193 4310 ὲκοιμήθην
1236 4238 1330 4292 καὶ
1369 4237 1595 4291 ὖπνωσα
1622 4255 1637 4270 ·
1667 4237 1755 4301 ἐξ-

175 4335 431 4407 ηγέρθην,
487 4336 570 4389 ὅτι
607 4331 812 4404 Κύριος
849 4328 1199 4400 ἀντιλήψεταί
1238 4346 1361 4399 μου.
1402 4348 1419 4378 ι
1477 4327 1550 4381 Τὸ
1599 4326 1655 4380 δὲ
1695 4327 1760 4381 δι’

177 4429 452 4501 ἀκριϐείας
474 4424 788 4481 ἐκτίθεσθαι
811 4425 912 4495 τὴν
933 4424 1147 4492 ἑκάστῳ
1167 4422 1275 4476 τῶν
1297 4424 1364 4494 ρη
1374 4421 1561 4491 μάτων
1585 4421 1763 4489 ἐγκει-

180 4516 344 4588 μένην
385 4517 650 4581 διάνοιαν,
692 4513 966 4585 παρέλκον
1014 4512 1080 4566 ἂν
1112 4511 1220 4583 εἴη,
1271 4509 1367 4564 τοῦ
1413 4511 1574 4578 λόγου
1625 4510 1761 4580 πρὸς

176 4608 335 4679 ἕτερα
376 4607 723 4670 σπεύδοντος.
770 4605 892 4676 Χρὴ
926 4604 1034 4675 γὰρ
1070 4602 1447 4657 πιστώσασθαι
1493 4602 1591 4674 τὴν
1623 4602 1759 4655 ἀπο-

175 4700 415 4756 δοθεῖσαν
433 4701 565 4774 περὶ
583 4698 679 4755 τοῦ
705 4698 1078 4769 διαψάλματος
1095 4697 1323 4759 ἔννοιαν,
1358 4696 1417 4764 ἐξ
1446 4694 1626 4748 αὐτῶν
1652 4693 1758 4747 τῶν

179 4793 573 4864 γεγραμμένων
608 4790 975 4854 συνιστῶντας
1007 4791 1100 4844 τὸν
1126 4789 1305 4857 λόγον,
1348 4790 1442 4842 καὶ
1478 4789 1535 4840 ἐν
1569 4787 1649 4858 τῷ
1676 4805 1760 4839 τε-

178 4883 715 4955 τάρτῳξδιαψάλματι,
729 4882 795 4935 δι’
810 4876 871 4937 οὗ
892 4880 954 4935 τὸ
974 4882 1086 4935 ἴσον
1107 4879 1468 4951 μανθάνομεν.
1487 4878 1640 4948 Πάση
1653 4877 1761 4947 γὰρ

178 4974 373 5044 τρόπον
402 4973 527 5029 τινὰ
555 4976 621 5045 τῇ
652 4972 966 5045 ἀνθρωπίνῃ
999 4972 1160 5042 φύσει
1179 4972 1311 5043 περὶ
1335 4970 1434 5040 τῆς
1456 4969 1564 5022 τῶν
1592 4986 1749 5022 σπου-

179 5063 485 5137 δαζομένων
520 5066 879 5138 ματαιότητος
908 5065 1104 5135 ἐμϐοᾷ,
1141 5061 1533 5134 βαρυκαρδίους
1560 5061 1750 5131 ὀνομά-

181 5152 283 5217 ζων
300 5158 425 5220 τοὺς
449 5157 599 5220 υἱοὺς
632 5156 742 5209 τῶν
771 5153 1097 5225 ἀνθρώπων,
1127 5149 1209 5218 οἷς
1245 5153 1306 5206 τὸ
1334 5152 1561 5222 μάταιόν
1580 5169 1640 5204 τε
1664 5149 1758 5203 καὶ

186 5248 546 5303 ἀνυπόστατον
574 5248 766 5318 ψεῦδος
798 5248 855 5299 ἐν
884 5247 1074 5317 ἀγάπῃ
1105 5245 1240 5299 ἐστί.
1270 5245 1438 5298 Πάλιν
1471 5243 1755 5314 ὲπηρεμή-

190 5338 691 5400 σιἰςνὺιιιοδείκνυσιν
714 5341 771 5391 ὲν
785 5337 889 5390 τίνι
907 5336 1111 5406 ἐστὶνὴ
1137 5335 1380 5406 ἀλήθεια.
1415 5353 1433 5385 ι
1465 5335 1703 5402 Ἐγνωτε
1732 5351 1751 5384 ι

187 5429 308 5501 γὰρ,
333 5430 521 5500 φησιν,
543 5448 560 5480 ‹
595 5430 678 5484 ὅτι
707 5430 1098 5501 ὲθαυμάστωσε
1135 5428 1335 5500 Κύριος
1366 5428 1457 5480 τὸν
1489 5427 1634 5479 ὅσιον
1660 5426 1759 5479 αύ-

187 5518 303 5573 τοῦσ
345 5540 362 5573 ι
394 5521 629 5584 δεικνὺς,
656 5516 831 5592 οἶμαι,
863 5520 951 5574 διὰ
978 5519 1073 5572 τοῦ
1102 5519 1249 5572 ὁσίου
1280 5519 1368 5571 τὸν
1404 5517 1631 5587 Κύριον,
1665 5534 1757 5570 κα-

188 5607 288 5675 θώς
317 5613 918 5683 φησινΜωῦσῆςθιὊτι
937 5612 1144 5673 δίκαιος
1162 5611 1254 5663 καὶ
1287 5610 1429 5671 ὅσιος
1453 5608 1715 5680 ὀΚύριος.
1734 5629 1750 5660 ι

253 5787 317 5819 ⁸⁹⁹
353 5786 496 5844 Psal.
530 5803 613 5851 tu,
657 5790 672 5841 ί
708 5804 857 5858 seqq.

1875 1952 2229 2023 imperfectos
2279 1971 2374 2024 per
2405 1957 2487 2009 lac
2529 1967 2583 2009 et
2626 1956 2848 2021 similia,
2903 1966 3162 2026 tanquam
3215 1974 3311 2028 per
3360 1960 3463 2011 ali-

1876 2054 2056 2099 menta
2085 2054 2480 2108 censcntanea,
2516 2048 2582 2102 ad
2616 2048 3014 2102 incrementum
3044 2048 3216 2111 ducit,
3252 2064 3315 2103 ac
3339 2065 3462 2118 per-

1875 2133 2032 2189 fectis
2072 2134 2302 2189 solidam
2330 2137 2559 2205 apponit
2598 2150 2868 2198 mensam,
2909 2138 3017 2192 illis
3048 2138 3321 2202 videlicet,
3363 2140 3458 2207 qui

1868 2225 1979 2294 jam
2006 2240 2204 2279 sensus
2233 2225 2355 2279 aliis
2394 2226 2702 2297 disciplina:
2737 2225 3033 2297 generibus
3070 2226 3273 2282 habent
3303 2242 3460 2283 exer-

1870 2316 2092 2371 citatus.

1942 2407 2109 2476 Igitur
2139 2407 2194 2461 in
2227 2407 2412 2461 ultima
2454 2408 2791 2477 psalmorum
2840 2411 3118 2473 sectione,
3161 2425 3300 2481 opus
3348 2426 3459 2465 non

1869 2517 1991 2557 esse
2024 2500 2413 2570 diapsalmate,
2466 2508 2524 2553 ut
2554 2500 2873 2556 sublimiora
2903 2516 3065 2556 sensa
3093 2517 3158 2555 ex
3202 2501 3322 2571 ejus
3354 2502 3458 2556 tui-

1870 2595 2094 2649 nisterio
2122 2602 2175 2648 et
2201 2594 2438 2663 alloquio
2467 2592 2860 2662 percipiantur,
2893 2593 3114 2662 planum
3149 2592 3259 2655 ﬁet,
3293 2594 3337 2649 si
3363 2608 3457 2649 eas

1871 2696 2056 2756 partes
2097 2687 2436 2740 adducamus
2484 2700 2550 2738 ex
2600 2685 2863 2754 psalmis,
2921 2700 3045 2753 qua:
3096 2684 3459 2753 diapsalmate

1868 2784 1995 2831 sunt
2048 2780 2382 2845 interruptae.
2432 2775 2492 2828 In
2540 2776 2701 2830 tertio
2732 2776 2875 2829 enim
2922 2776 3166 2844 psalmo,
3198 2790 3322 2829 cum
3368 2775 3460 2831 de-

1867 2876 2143 2923 cantasset
2192 2868 2538 2921 aﬂlictionem
2588 2874 2641 2920 et
2680 2868 3025 2936 angustiam,
3069 2883 3191 2936 qua:
3230 2869 3331 2921 sibi
3388 2883 3454 2920 (ιχ

1868 2960 2102 3014 hostium
2152 2960 2509 3027 impressione
2552 2967 2846 3020 evenerat,
2907 2974 3029 3012 mox
3097 2959 3456 3027 diapsalmate

1868 3064 2075 3123 partem
2120 3051 2265 3105 illam
2296 3051 2718 3119 interruntpens,
2750 3049 3045 3103 salutarem
3084 3049 3229 3101 illatn
3264 3063 3453 3101 νοω-ιιι

1878 3142 2087 3206 edidit,
2127 3142 2517 3194 corroboratus
2560 3139 2809 3193 videlicet
2852 3138 2921 3191 ab
2968 3154 3063 3199 eo,
3112 3138 3204 3207 qui
3251 3138 3351 3191 sibi
3398 3138 3453 3192 in

1866 3236 2082 3291 occulto
2132 3233 2338 3304 aliquid
2372 3233 2670 3302 inspirarat
2707 3247 2722 3284 :
2753 3247 2772 3281 ι
2807 3230 2890 3285 Tu
2919 3238 3099 3283 autem
3121 3269 3137 3293 ,
3188 3229 3414 3284 Domine
3435 3268 3450 3289 ,

1866 3335 2154 3394 susceptor
2178 3340 2333 3379 meus
2359 3340 2418 3379 es
2443 3362 2458 3386 ,
2482 3324 2653 3394 gloria
2691 3336 2809 3375 mea
2840 3363 2855 3389 ,
2906 3330 2961 3376 et
3005 3321 3250 3375 exaltaus
3289 3327 3455 3390 caput

1867 3431 2044 3469 nurum
2069 3414 2151 3468 “9‘.
2176 3436 2194 3467 ι
2225 3413 2428 3470 Rursus
2448 3410 2721 3468 intervallo
2753 3412 3075 3482 interposito
3103 3421 3228 3481 post
3264 3427 3452 3466 vocem

1864 3507 2009 3560 illam
2067 3508 2366 3577 gratiarum
2414 3506 2646 3559 actionis
2704 3505 2958 3573 plenam:
3036 3522 3054 3556 ι
3118 3502 3265 3558 Voce
3332 3518 3453 3557 mea

1865 3600 1931 3653 ad
1977 3598 2261 3653 Dominum
2322 3597 2588 3661 clamavi,
2635 3605 2690 3650 et
2724 3596 3006 3650 exaudivit
3053 3611 3137 3649 me
3176 3597 3244 3651 de
3272 3606 3455 3650 monte

1864 3699 2057 3745 sancto
2105 3705 2240 3755 suo;
2295 3709 2313 3741 ι
2354 3689 2829 3757 discit,qua:nam
2878 3688 2949 3742 sit
2995 3688 3131 3741 ratio
3184 3686 3451 3741 evadendi

1863 3797 1927 3836 ex
1980 3780 2367 3835 communibus
2420 3781 2784 3834 humanarum
2840 3779 3216 3834 calamitatum
3282 3795 3451 3847 angu.

1863 3872 1985 3928 stiis
2048 3881 2102 3928 et
2152 3872 2578 3940 afﬂictionibus;
2628 3872 2967 3943 edoctusque
3010 3873 3283 3942 passionis
3344 3873 3452 3927 Do-

1864 3965 2079 4019 minira:
2104 3965 2422 4034 mysterium
2457 3964 2511 4018 in
2541 3979 2602 4019 ea
2636 3980 2758 4035 quae
2791 3964 2895 4020 sibi
2923 3979 2988 4019 ex
3026 3964 3326 4032 improviso
3357 3980 3451 4019 ve-

1865 4067 2020 4112 nerat
2054 4073 2085 4111 a
2117 4057 2322 4127 Spiritu
2363 4067 2552 4113 sancto
2582 4059 2964 4123 illustratione,
3008 4058 3183 4128 ipsam
3234 4057 3447 4113 Domini

1865 4164 2153 4219 personam
2183 4150 2380 4215 induit,
2413 4151 2466 4204 in
2503 4150 2617 4205 haec
2642 4152 2807 4205 verba
2834 4166 3201 4220 prorumpens
3234 4170 3246 4204 :
3284 4170 3303 4201 ι
3341 4149 3451 4220 Ego

1865 4238 2132 4305 dormivi,
2167 4247 2221 4293 et
2247 4248 2543 4309 soporatos
2578 4257 2723 4305 sum,
2758 4250 2813 4296 et
2844 4241 3155 4308 exsurrexi,
3183 4241 3311 4309 quia
3346 4240 3450 4294 Do-

1865 4332 2047 4386 minus
2077 4331 2321 4399 suscepit
2347 4347 2452 4385 me.
2496 4351 2514 4382 i
2556 4329 2893 4386 Sententiam
2926 4340 3105 4386 autem
3127 4373 3142 4396 ,
3178 4347 3301 4401 (Illa)
3333 4333 3449 4387 sin-

1865 4422 2006 4490 gulis
2036 4420 2219 4476 verbis
2256 4420 2466 4482 subest,
2503 4419 2819 4475 accuratius
2852 4435 3150 4490 exponere,
3182 4437 3449 4489 superva-

1866 4527 2096 4566 caneum
2127 4510 2383 4565 fortassis
2407 4509 2592 4574 fuerit,
2619 4526 2741 4563 cum
2772 4512 2952 4564 oratio
2973 4511 3039 4564 ad
3064 4511 3168 4563 alia
3205 4511 3445 4565 festinet.

1865 4601 2250 4658 Conlirmanda
2281 4603 2425 4655 enim
2452 4613 2538 4656 est
2568 4603 2946 4672 diapsalmatis
2976 4604 3126 4657 notio
3159 4618 3450 4674 argumen-

1868 4696 1939 4749 tis
1972 4710 2035 4748 ex
2068 4694 2205 4769 ipsis
2240 4694 2467 4764 psalmis
2501 4694 2724 4763 petitis;
2755 4695 2958 4750 etenim
2996 4695 3136 4750 idem
3168 4713 3234 4749 ex
3269 4698 3447 4765 quarti

1869 4786 2060 4856 psalmi
2089 4785 2442 4855 diapsalmate
2471 4801 2804 4857 cognoscere
2825 4802 3142 4857 possumus.
3168 4791 3451 4844 Aeclamat

1869 4892 2104 4946 namque
2131 4877 2228 4931 toti
2252 4877 2656 4946 quodammodo
2685 4879 2941 4934 humana:
2965 4881 3216 4935 societati
3249 4882 3319 4935 ob
3352 4898 3445 4934 va-

1865 4969 2092 5024 nitatem
2143 4984 2331 5025 earum
2366 4986 2570 5031 rerum,
2600 4972 2800 5041 quibus
2829 4972 2990 5028 unice
3035 4974 3246 5035 studet,
3279 4975 3448 5027 ﬁlios-

1865 5076 1971 5128 que
2020 5060 2305 5116 hominum
2345 5062 2499 5131 gravi
2552 5063 2720 5118 corde
2755 5080 3053 5134 oppressos
3097 5066 3444 5134 pronuntiat;

1864 5152 2064 5223 quippe
2107 5152 2310 5221 quibus
2358 5169 2558 5207 vanum
2614 5162 2668 5208 et
2715 5171 2821 5208 non
2875 5155 3184 5210 subsistens
3223 5154 3444 5220 menda-

1865 5244 2010 5299 cium
2046 5259 2193 5298 cura:
2226 5246 2300 5298 sit
2328 5252 2382 5299 et
2407 5245 2593 5312 cordi;
2628 5246 2937 5317 iterumque
2969 5245 3406 5316 interquiescens
3428 5287 3442 5310 ,

1865 5330 2206 5388 demonstrat
2254 5333 2307 5386 in
2361 5349 2602 5403 quonam
2656 5335 2727 5388 sit
2777 5336 3001 5390 veritas.
3055 5335 3193 5389 Dicit
3241 5335 3387 5388 enim
3429 5353 3442 5389 :

1870 5441 1890 5475 ι
1948 5423 2155 5477 Scitote
2206 5424 2462 5493 quoniam
2508 5424 2822 5477 miriﬁcavit
2872 5423 3138 5478 Dominus
3191 5434 3445 5476 sanctum
3510 5428 3517 5439 '

1865 5531 2049 5577 suum,
2086 5534 2105 5566 ι
2169 5516 2504 5586 signiﬁcans,
2567 5524 2627 5569 ut
2677 5515 2936 5576 arbitror,
2970 5514 3157 5568 Sancti
3200 5515 3445 5575 nomine,

1869 5608 2197 5674 Dominum;
2239 5607 2700 5677 quemadmodum
2734 5614 2788 5661 ct
2818 5606 3030 5667 Movses
3067 5607 3183 5663 ait:
3229 5624 3248 5656 ι
3298 5606 3450 5672 Quo-
