3844 6356
300 399 462 456 ’859

1620 392 1679 448 S.
1716 389 2044 448 GREGORII
2085 389 2377 448 NYSSENI

3508 393 3615 451 διο

356 518 505 571 niam
535 512 716 584 justus
755 520 810 567 et
841 518 1066 568 sanctus
1098 509 1384 567 Dominus.
1438 529 1457 563 ι
1505 509 1725 568 Deinde
1752 510 1933 565 consi-

2050 505 2171 564 Εἶτα
2207 510 2516 583 συμϐουλὴν
2546 512 2932 583 καταθέμενος,
2957 512 3025 567 δι’
3055 509 3130 566 ὦν
3150 513 3216 568 ἄν
3237 530 3318 578 τις
3352 512 3411 566 ἐν
3438 512 3613 569 καθα-

355 607 491 664 lium
520 607 634 664 dat.
662 605 936 675 quomodo
963 604 1088 674 quis
1110 603 1275 657 vitam
1308 619 1465 659 suam
1499 619 1633 673 pure
1660 610 1713 659 et
1742 611 1934 660 sancte

357 700 661 771 transigat;
691 698 968 768 judexque
1011 705 1067 752 et
1106 699 1384 767 inspector
1417 696 1810 768 cogitationum
1852 695 1932 750 fa-

356 800 510 851 ctus.
544 791 653 844 ait:
699 808 718 841 ι
759 788 893 855 Qua:
920 788 1106 843 dicitis
1139 788 1191 841 in
1228 786 1489 842 cordibus
1517 787 1753 851 vestris,
1785 795 1842 843 et
1874 787 1929 843 in

357 882 630 938 cubilibus
666 880 869 936 vestris
902 879 1372 950 compungitnini;
1423 897 1442 930 ι
1492 886 1546 931 et
1589 892 1713 932 mox
1760 877 1830 931 ad
1862 891 1934 946 ,se

268 970 271 973 ’
358 989 614 1028 reversus
663 972 915 1042 legalium
956 970 1303 1023 victimarum
1339 968 1692 1022 abolitionem
1721 974 1775 1022 et
1817 968 1936 1038 ipse

359 1065 601 1128 audivit,
634 1063 866 1132 aliisque
895 1061 1223 1116 audiendam
1269 1059 1636 1129 promulgavit
1685 1078 1700 1114 :
1749 1066 1937 1114 monet

358 1156 527 1221 enim,
564 1161 622 1207 ut
645 1169 713 1208 ne
741 1159 924 1223 speret
946 1152 998 1204 in
1023 1151 1338 1205 animaliqu
1370 1150 1600 1204 rationis
1631 1151 1935 1220 expertium

358 1244 633 1307 caedibus,
679 1242 771 1297 Ille
807 1241 898 1311 qui
937 1250 1059 1309 eget
1100 1239 1493 1294 emundatioue
1535 1246 1591 1294 et
1626 1239 1939 1310 expiatione

361 1335 584 1397 mentis,
605 1333 701 1390 sed
734 1341 795 1387 ut
814 1340 1136 1403 cognoscat,
1158 1331 1360 1400 quibus
1382 1330 1670 1385 sacrificiis
1692 1330 1941 1400 placetur

363 1427 532 1481 lleus.
569 1426 784 1480 idcirco
832 1424 1031 1494 inquit,
1072 1442 1091 1475 ι
1146 1421 1468 1477 Sacrificate
1495 1421 1825 1477 sacrificium
1852 1421 1940 1490 ju-

365 1518 562 1581 stitiae,
599 1526 656 1572 et
687 1525 902 1586 sperate
932 1517 987 1570 in
1019 1514 1271 1569 Domino.
1313 1534 1331 1567 ι
1379 1512 1472 1569 Sic
1511 1521 1566 1570 et
1604 1513 1659 1568 in
1706 1514 1941 1584 septimo

365 1609 579 1681 psalmo
599 1607 854 1679 praecedit
871 1606 1088 1677 quidem
1113 1605 1407 1661 collocutio
1425 1621 1548 1660 cum
1577 1604 1705 1670 Deo,
1723 1604 1942 1675 quando

252 1708 253 1711 ‘
365 1715 550 1754 coram
578 1700 730 1770 justo
768 1699 858 1754 illo
886 1698 1069 1769 judice
1098 1706 1329 1753 testatur
1362 1696 1624 1750 malitiam
1661 1696 1732 1751 ab
1761 1695 1944 1750 inimi-

366 1791 450 1847 cis
476 1804 582 1844 non
616 1790 905 1860 provenire
954 1788 1292 1844 retribuendi
1316 1797 1373 1842 et
1405 1788 1579 1842 vicem
1608 1786 1942 1858 rependendi

365 1896 533 1937 causa
555 1924 569 1948 ,
603 1881 697 1938 sed
747 1882 893 1952 ipsos
925 1883 1147 1938 malitia:
1195 1889 1248 1936 ct
1283 1880 1654 1951 improbitatis
1692 1887 1946 1935 auctores

365 1987 489 2028 csse
510 2014 524 2038 ,
556 1962 723 2043 seque
762 1974 953 2028 eodem
983 1974 1207 2029 sceleris
1243 1973 1364 2028 loco
1414 1972 1650 2037 habere,
1687 1980 1743 2028 et
1775 1971 1947 2026 malo-

366 2075 486 2115 rum
523 2069 801 2116 auctorem
833 2077 957 2117 esse
977 2102 990 2125 ,
1031 2062 1443 2131 requalibusque
1476 2060 1635 2115 malis
1666 2067 1944 2115 auctorem

367 2154 592 2220 ulcisci;
628 2162 682 2209 et
711 2170 835 2209 cum
871 2154 984 2208 haec
1017 2153 1280 2219 dixisset,
1327 2167 1521 2208 rursus
1555 2152 1806 2207 auditum
1855 2165 1948 2205 ac-

365 2245 677 2300 commodat
709 2245 790 2308 ei,
825 2246 918 2316 qui
950 2260 1205 2316 magnum
1236 2245 1457 2314 pietatis
1494 2244 1818 2315 mysterium
1851 2258 1948 2313 pa-

368 2335 554 2391 tofacit
573 2377 588 2400 ,
617 2352 712 2406 per
740 2337 885 2406 quod
918 2337 978 2390 fit
1007 2344 1199 2391 contra
1237 2352 1401 2392 veros
1431 2336 1618 2391 hostes
1646 2350 1675 2390 a
1717 2334 1948 2389 Domino

367 2427 614 2481 vindicta
656 2444 670 2482 :
702 2427 861 2481 aliter
896 2426 1046 2480 enim
1082 2426 1198 2481 fieri
1237 2442 1345 2480 non
1373 2434 1573 2497 potest,
1606 2432 1666 2479 ut
1692 2425 1949 2480 adversa-

370 2517 466 2573 τίω
489 2519 778 2590 potestatis
811 2527 1134 2574 coerceatur
1173 2520 1256 2573 vis
1286 2526 1339 2573 et
1369 2519 1662 2581 acerbitas,
1704 2518 1810 2573 nisi
1844 2516 1948 2572 Do-

368 2611 551 2666 minus
601 2625 698 2681 pro
732 2612 890 2666 nobis
922 2620 1194 2682 resurgat.
1238 2608 1478 2667 lNecesse
1515 2618 1698 2666 autem
1726 2619 1832 2677 est,
1888 2619 1948 2665 ut

366 2702 826 2757 resurrectionem
860 2717 1011 2758 mors
1045 2703 1337 2773 prmccdat.
1372 2703 1473 2769 Qui
1502 2702 1668 2774 igitur
1702 2719 1948 2759 resurre-

369 2793 605 2848 ctionem
639 2791 852 2847 Domini
877 2793 1234 2865 significavit,
1266 2794 1356 2849 ille
1386 2794 1551 2849 etiam
1577 2794 1947 2851 manifestavit

369 2884 424 2939 id
452 2884 596 2955 quod
631 2899 753 2938 cum
782 2887 1187 2940 resurrectione
1210 2886 1564 2956 conjunctmn
1600 2894 1706 2952 est,
1742 2897 1947 2959 mystc-

371 2976 551 3037 rium,
585 2974 806 3044 inquam
833 3014 849 3038 ,
881 2975 1181 3044 passionis.
1212 2975 1481 3041 Quocirca
1514 2975 1626 3032 Deo
1654 2978 1848 3047 plenus
1878 2979 1947 3032 ob

372 3065 612 3135 Spiritus
633 3066 807 3120 sancti
831 3066 1318 3121 inhabitationem:
1352 3085 1371 3119 ι
1399 3066 1666 3136 Exsurge,
1697 3088 1715 3120 ›
1745 3069 1943 3138 inquit,

374 3173 395 3207 ι
427 3155 673 3220 Domine,
708 3156 761 3210 in
795 3156 876 3209 ira
909 3165 1024 3221 tua,
1047 3165 1101 3212 et
1125 3157 1368 3212 exaltare
1395 3158 1449 3211 in
1477 3158 1677 3213 finibus
1703 3159 1948 3215 inim‘ico-
1977 3196 2021 3256 ε

370 3263 492 3303 rum
534 3254 792 3313 tuormn;
829 3266 847 3298 ι
883 3246 1137 3303 indicans
1166 3248 1262 3302 ira:
1299 3249 1521 3318 quidem
1548 3249 1832 3315 vocabulo,
1876 3250 1949 3305 fa-

371 3344 630 3397 cultatem
676 3341 1035 3407 rctribucndi,
1072 3359 1179 3413 qua
1219 3343 1399 3413 justus
1438 3343 1603 3413 judex
1639 3344 1812 3411 valet;
1855 3359 1952 3414 per

373 3432 583 3501 reliqua
601 3442 778 3486 autem
803 3432 1149 3488 abolitionem
1174 3440 1228 3488 et
1252 3432 1524 3488 excidium
1552 3434 1790 3490 malitiae.
1816 3433 1948 3490 Nam

374 3532 583 3577 naturae
611 3522 741 3577 illud
775 3524 951 3578 solum
982 3506 1066 3578 est
1100 3523 1406 3589 inimicum,
1435 3525 1578 3594 quod
1612 3526 1757 3580 bono
1782 3541 1952 3596 oppo-

373 3616 540 3670 situm
567 3616 924 3685 conspicitur,
947 3615 1092 3686 quod
1115 3625 1200 3671 est
1227 3618 1456 3682 malitia,
1488 3619 1649 3687 cujus
1676 3619 1800 3674 linis
1826 3620 1952 3674 abo-

266 3721 274 3731 ’
373 3706 522 3769 lilio,
575 3716 629 3761 et
680 3707 734 3761 in
787 3707 1015 3761 nihilum
1068 3709 1327 3764 reversio.
1383 3709 1486 3776 Qui
1538 3711 1705 3781 igitur
1757 3710 1946 3766 dixit:

378 3817 397 3848 ι
437 3797 691 3854 Ιηῖιιοιιιιτε
720 3800 772 3853 in
808 3800 1008 3855 finibus
1050 3801 1401 3858 inimicorum
1440 3813 1682 3866 tuorum,
1722 3824 1742 3858 ι
1780 3806 1827 3860 is
1856 3819 1953 3874 per

374 3889 477 3942 hoc
502 3890 647 3958 quod
669 3892 746 3945 ait
773 3891 1039 3945 malitiam
1068 3892 1415 3946 inimicorum
1449 3892 1654 3949 finitam
1686 3910 1830 3959 esse,
1867 3896 1952 3949 in-

373 3979 548 4043 dicat,
579 3995 688 4034 non
729 3981 966 4048 amplius
1010 3982 1245 4052 relinqui
1287 3985 1412 4038 vilre
1449 3995 1650 4040 nostra;
1683 3985 1752 4040 ad
1787 3986 1947 4039 mali-

373 4070 504 4123 tiam
562 4071 823 4125 reditum.
863 4071 1341 4142 Quemadmodnm
1398 4076 1542 4130 enim
1598 4076 1722 4132 finis
1775 4075 1948 4131 morbi

375 4160 586 4215 sanitas
612 4169 728 4224 est,
773 4171 828 4216 et
857 4163 1034 4216 somni
1068 4162 1191 4219 finis
1235 4164 1513 4235 evigilatio
1541 4166 1560 4235 (
1588 4182 1764 4236 neque
1805 4168 1949 4222 enim

374 4251 924 4324 dortnieus,quandju
957 4268 1152 4308 somno
1182 4264 1418 4319 tentetur,
1451 4259 1628 4311 somni
1657 4259 1814 4312 finem
1857 4259 1951 4313 ha-

377 4338 498 4404 bet,
536 4354 710 4410 neque
746 4340 911 4394 etiam
945 4348 1247 4412 mgrotans,
1283 4342 1411 4396 dum
1443 4357 1567 4398 cum
1602 4345 1790 4400 morbo
1818 4361 1952 4401 con-

373 4428 634 4492 flictatur,
666 4430 720 4485 in
750 4430 855 4485 fine
883 4432 1058 4486 morbi
1088 4442 1371 4498 versatur;
1401 4424 1497 4489 sed
1530 4435 1573 4490 si
1620 4450 1823 4506 aegrum
1858 4453 1949 4493 sa-

2041 603 2227 674 ρότητι
2256 604 2513 676 παρέλθοι
2544 604 2635 658 τὸν
2671 605 2802 676 βίον.
2844 607 3035 677 κριτής
3064 623 3122 659 τε
3158 606 3252 660 καὶ
3285 605 3616 676 ἐπιγνώμων

2040 695 2147 748 τῶν
2173 695 2271 764 τῆς
2296 695 2473 766 ψυχῆς
2497 694 2873 765 διανοημάτων
2898 694 3205 766 γενόμενος,
3228 696 3286 748 ἐν
3313 690 3395 759 oi;
3427 712 3612 766 φησιν,

2039 785 2121 839 ὅτι
2155 804 2174 836 ι
2221 787 2290 839 ’Λ
2324 786 2511 854 λέγετε
2558 787 2616 840 ἐν
2665 789 2787 851 ταῖς
2828 787 3077 858 καρδίαις
3132 787 3305 857 ὑμῶν,
3353 787 3447 840 ἐπὶ
3493 788 3619 849 ταῖς

2041 874 2248 938 κοίταις
2273 874 2429 945 ὑμῶν
2453 874 2816 947 κατανύγητε”
2852 896 2870 930 ι
2914 877 3073 932 πάλιν
3097 875 3231 947 πρὸς
3260 876 3453 929 ἐαυτὸν
3479 876 3617 928 ἀνα-

2041 968 2315 1038 χωρήσας.
2345 967 2444 1038 τὴν
2476 968 2754 1039 ἀναίρεσιν
2780 967 2878 1038 τῆς
2900 968 3133 1039 νομικῆς
3161 967 3484 1033 ζωοθυσίας,
3515 967 3618 1020 αύ-

2040 1058 2132 1123 τός
2160 1075 2219 1112 τε
2254 1059 2456 1129 ἢκουσε
2474 1099 2488 1120 ,
2515 1058 2610 1113 καὶ
2640 1059 2815 1130 ἐμϐοᾷ
2844 1061 2954 1123 τοῖς
2985 1059 3276 1113 ἀκούουσι·
3306 1058 3456 1126 λέγει
3482 1057 3616 1128 γὰρ.

2045 1152 2179 1223 μηδὲ
2210 1154 2267 1205 ἐν
2305 1154 2429 1216 ταῖς
2454 1151 2563 1205 τῶν
2596 1151 2811 1221 ἀλόγων
2839 1150 2992 1217 ζώων
3027 1150 3339 1215 ἐπελπίζειν
3378 1150 3621 1217 σφαγαῖς

2041 1242 2133 1295 τὸν
2159 1241 2252 1296 τοῦ
2282 1243 2517 1313 ψυχικοῦ
2545 1243 2843 1316 καθαρσίου
2869 1242 3140 1313 δεόμενον,
3179 1242 3293 1296 ἀλλ’
3319 1240 3620 1310 ἐπιγνῶναι

2045 1333 2226 1397 ποίαις
2249 1335 2277 1387 6
2304 1333 2436 1398 Θεὸς
2470 1335 2843 1406 εὐαρεστεῖται
2866 1335 3097 1397 θυσίαις.
3129 1334 3219 1387 Διό
3248 1349 3433 1403 φησιν’
3466 1352 3484 1383 ε
3509 1331 3622 1384 Θύ-

2048 1441 2176 1477 σατε
2197 1423 2386 1478 θυσίαν
2415 1424 2757 1492 δικαιοσύνης
2780 1468 2795 1492 ,
2824 1427 2916 1478 καὶ
2934 1424 3188 1479 ἐλπίσατε
3211 1425 3304 1478 ἐπὶ
3332 1423 3561 1494 Κύριον.
3593 1443 3621 1474 ι

2046 1514 2231 1578 Οὕτως
2256 1516 2349 1570 καὶ
2367 1517 2506 1570 κατά
2524 1517 2613 1569 τὸν
2639 1516 2867 1587 ἕϐδομον
2888 1515 2995 1570 τῶν
3017 1514 3268 1585 ψαλμῶν,
3292 1517 3627 1585 προηγεῖται

2051 1607 2151 1677 μέν
2175 1608 2204 1660 6
2229 1610 2328 1678 τῆς
2351 1606 2642 1672 ἐντεύξεως
2678 1608 2855 1676 λόγος,
2886 1608 2944 1661 ἐν
2971 1599 3015 1675 ᾧ
3035 1607 3453 1674 δικαιολογεῖται
3485 1605 3626 1677 πρὸς

2046 1698 2137 1751 τὸν
2166 1698 2371 1752 δίκαιον
2407 1697 2620 1769 κριτὴν,
2649 1699 2731 1752 ὅτι
2753 1698 2851 1752 οὐκ
2880 1696 2938 1761 ἐξ
2966 1697 3377 1761 ἀνταποδόσεως
3406 1696 3628 1764 γίνεται

2051 1790 2202 1862 παρά
2225 1790 2334 1844 τῶν
2371 1790 2580 1861 ἐχθρῶν
2605 1792 2638 1861 ἡ
2666 1790 2854 1853 κακία,
2889 1789 3002 1843 ἀλλ’
3030 1791 3225 1843 ἐκεῖνοι
3252 1789 3483 1861 ἀρχηγοὶ
3520 1786 3626 1858 τῆς

2048 1881 2310 1953 πονηρίας
2334 1881 2593 1950 γίνονται·
2620 1882 2714 1935 καὶ
2743 1881 2825 1935 ὅτι
2856 1881 2968 1934 ἴσον
3006 1881 3085 1944 είς
3119 1880 3394 1950 ἁμαρτίαν
3423 1878 3622 1943 οἴεται,

2047 1973 2141 2027 καὶ
2181 1972 2555 2042 προκατάρξαι
2591 1971 2810 2035 κακίας,
2854 1971 2949 2025 καὶ
2980 1972 3093 2035 τοῖς
3140 1969 3278 2033 ίσοις
3309 1969 3626 2039 ἀμύνασθαι

2045 2067 2136 2119 τὸν
2168 2066 2501 2136 ἀπάρχοντα.
2528 2066 2639 2119 Καὶ
2663 2064 2835 2119 ταῦτα
2872 2062 3061 2127 εἰπὼν,
3101 2064 3264 2117 πάλιν
3292 2063 3483 2134 ὑπέχει
3521 2063 3631 2134 τὴν

2046 2157 2215 2229 ἀκοὴν
2246 2156 2326 2227 τῷ
2360 2156 2421 2210 τδ
2454 2156 2595 2228 μέγα
2626 2153 2946 2226 φανεροῦντι
2983 2155 3082 2225 τῆς
3109 2153 3393 2217 εὐσεϐείας
3416 2156 3626 2225 μυστή-

2051 2266 2183 2320 ριον,
2222 2248 2290 2303 δι’
2328 2241 2390 2303 οὗ
2434 2248 2642 2317 γίνεται
2690 2248 2724 2317 ἡ
2759 2246 2902 2301 κατά
2949 2246 3056 2300 τῶν
3094 2245 3360 2316 ἀληθινῶν
3412 2246 3638 2317 ἐχθρῶν

2048 2340 2198 2412 παρά
2225 2337 2318 2393 τοῦ
2348 2338 2553 2410 Κυρίου
2583 2337 2880 2409 ἐκδίκησις.
2906 2337 2980 2391 Οὑ
2999 2336 3107 2407 γὰρ
3135 2335 3279 2389 ἐστιν
3293 2334 3467 2399 ἄλλως
3497 2334 3624 2389 καθ-

2049 2433 2332 2504 αιρεθῆναι
2374 2431 2484 2485 τῶν
2528 2430 2916 2502 ἀντικειμένων
2953 2431 3014 2483 τὸ
3045 2413 3351 2500 στῖφοςξμὴ
3383 2428 3479 2482 τοῦ
3512 2430 3628 2482 Κυ-

2050 2527 2166 2598 ρίου
2193 2526 2333 2598 ὑπέρ
2360 2524 2519 2597 ἡμῶν
2538 2524 2890 2587 ἀναστάντοςθ
2918 2524 3018 2593 τῆς
3061 2524 3117 2577 δέ
3153 2521 3500 2587 ἀναστάσεως
3531 2522 3633 2576 8:2—
3718 2590 3723 2597 _

2047 2634 2203 2671 νατον
2233 2615 2313 2670 δεῖ
2354 2615 2570 2679 πάντως
2602 2613 3041 2687 προηγήσασθαι.
3076 2612 3135 2668 '0
3153 2615 3333 2668 τοίνυν
3363 2613 3461 2685 τὴν
3489 2614 3628 2668 ἀνά-

2050 2724 2236 2760 στασιν
2260 2706 2354 2760 τοῦ
2384 2705 2589 2777 Κυρίου
2623 2706 2869 2777 μηνύσας
2891 2746 2904 2768 ,
2938 2705 2996 2759 τὸ
3031 2705 3372 2775 συνημμένον
3401 2707 3466 2775 τῇ
3496 2707 3628 2759 ἀνα-

2050 2799 2236 2851 στάσει
2268 2796 2781 2869 συμπαρεδήλωσεν,
2813 2796 2956 2864 λέγω
2986 2795 3048 2868 δὴ
3092 2795 3152 2849 τὸ
3198 2795 3339 2849 κατά
3365 2796 3427 2849 τδ
3454 2797 3629 2860 πάθος

2052 2888 2371 2959 μυστήριον.
2413 2880 2488 2940 Ob
2521 2885 2681 2957 χάριν
2722 2883 3070 2954 θεοφορηθεὶς
3109 2885 3171 2937 ἐκ
3194 2885 3294 2955 τῆς
3327 2884 3421 2938 τοῦ
3449 2886 3625 2939 Πνεύ-

2052 2997 2219 3051 ματος
2242 2977 2336 3032 τοῦ
2359 2978 2512 3046 ἁγίου
2541 2975 2981 3047 ἐπισκηνώσεως,
3014 2993 3032 3027 ι
3072 2976 3378 3048 Ἀνάστηθι,
3413 2996 3432 3030 ι
3467 2980 3628 3048 φησὶ,

2055 3096 2073 3127 ι
2114 3074 2307 3144 Κύριε,
2340 3076 2396 3126 ἐν
2429 3074 2566 3143 ὀργῇ
2605 3088 2699 3125 σου
2728 3111 2742 3134 ,
2772 3071 3016 3141 scisam
3049 3073 3105 3123 ἐν
3138 3073 3252 3134 τοῖς
3293 3071 3491 3143 πέρασι
3520 3071 3630 3125 τῶν

2053 3162 2262 3233 ἐχθρῶν
2285 3177 2378 3213 σου
2396 3174 2410 3187 ⁸
2443 3179 2461 3212 ι
2497 3159 2778 3230 σημαίνων
2800 3157 2886 3210 διὰ
2917 3158 3013 3228 μὲν
3032 3160 3129 3228 τῆς
3157 3157 3343 3229 ὀργῆς,
3375 3157 3472 3229 τὴν
3500 3159 3630 3211 ἀντ-

2052 3252 2380 3325 αποδοτικὴν
2412 3251 2644 3324 δύναμιν
2682 3250 2775 3305 τοῦ
2823 3248 3030 3305 δικαίου
3070 3248 3281 3321 κριτοιῖν
3323 3248 3493 3305 διὰ.δέ
3520 3249 3634 3302 τῶν

2051 3344 2270 3416 ἐφεξῆς,
2302 3345 2392 3399 τὸν
2422 3344 2726 3417 ἀφανισμὸν
2756 3343 2856 3415 τῆς
2888 3343 3106 3405 κακίας.
3161 3341 3385 3412 Ἐχθρδν
3422 3341 3532 3413 γὰρ
3560 3343 3634 3414 τῇ

2053 3434 2212 3505 φύσει
2251 3435 2410 3506 μόνον
2437 3434 2498 3489 τὸ
2529 3435 2587 3502 ἐξ
2629 3434 2873 3490 ἐναντίου
2902 3432 2979 3506 τῷ
3018 3432 3208 3504 ἀγαθῷ
3233 3431 3628 3503 θεωρούμενον,

2051 3528 2187 3599 ὅπερ
2218 3527 2421 3598 ἐστἰνή
2453 3526 2642 3590 κακία,
2663 3522 2732 3599 ἦς
2756 3526 2818 3579 τὸ
2846 3525 3020 3598 πέρας
3043 3524 3346 3596 ἀφανισμός
3376 3523 3514 3586 ἐστι,
3539 3525 3632 3576 καὶ

2051 3620 2131 3684 είς
2167 3620 2227 3672 τὸ
2280 3620 2353 3691 μὴ
2398 3618 2458 3673 ’ὃν
2511 3619 2908 3692 μεταχώρησις.
2977 3620 3036 3672 Ὀ
3083 3617 3262 3673 τοίνυν
3307 3613 3501 3681 εἰπὼν,
3549 3615 3632 3669 ὅτι

2057 3730 2077 3764 ι
2121 3709 2397 3783 ’Υψώθητι
2436 3711 2492 3763 ἐν
2524 3713 2637 3775 τοῖς
2667 3711 2865 3783 πέρασι
2894 3708 3004 3764 τῶν
3037 3707 3247 3779 ἐχθρῶν
3291 3725 3406 3771 σου,
3444 3727 3462 3759 ι
3500 3725 3632 3777 προ-

2054 3803 2248 3877 μηνύει
2274 3802 2362 3857 διά
2384 3803 2476 3858 τοῦ
2509 3802 2890 3875 περατωθῆναι
2918 3801 3024 3855 τῶν
3049 3799 3257 3873 ἐχθρῶν
3285 3798 3382 3871 τὴν
3410 3799 3630 3860 κακίαν,

2050 3897 2112 3951 τὸ
2147 3897 2346 3968 μηκέτι
2380 3896 2471 3949 τὸν
2508 3896 2586 3958 είς
2618 3895 2815 3949 κακίαν
2861 3893 3058 3967 δρόμον
3092 3896 3157 3963 τῇ
3190 3891 3302 3962 ζωῇ
3347 3890 3633 3944 ὑπολείπε-

2053 3990 2200 4044 σθαι.
2233 3990 2322 4054 Ὠς
2350 3989 2460 4060 γὰρ
2491 3989 2662 4060 πέρας
2689 3987 2901 4058 νόσουή
2931 3985 3108 4056 ὑγεία,
3136 3984 3229 4038 καὶ
3260 3983 3434 4056 πέρας
3456 3983 3626 4036 ὕπνου

2053 4082 2085 4152 ἡ
2132 4082 2460 4153 ἐγρήγορσις
2498 4079 2706 4147 γίνεται
2756 4077 2912 4148 (οὔτε
2943 4077 2998 4130 δέ
3030 4078 3058 4130 6
3093 4075 3387 4135 καθεύδων.
3436 4074 3542 4137 ἕως
3578 4075 3632 4125 ἐν

2050 4171 2127 4242 τῷ
2160 4172 2314 4243 ὕπνῳ
2360 4172 2496 4230 ἐστὶ.
2529 4170 2703 4241 πέρας
2735 4169 2826 4222 τοῦ
2868 4167 3035 4221 ὕπνου
3071 4168 3201 4238 ἔχει⁸
3230 4164 3352 4219 οὔτε
3386 4166 3415 4218 6
3462 4164 3634 4218 νοσῶν

2050 4263 2150 4334 τῆς
2189 4262 2375 4331 ὑγείας
2405 4263 2463 4314 ἐν
2498 4262 2695 4331 πέρατι
2721 4258 2872 4330 παρά
2900 4258 2993 4313 τοῦ
3024 4258 3458 4328 ἀρρωστήματος
3482 4256 3632 4324 γίνε-

2049 4370 2161 4405 ταιο
2184 4351 2318 4405 ἀλλά
2342 4348 2727 4419 διαδεξαμένης
2758 4347 2848 4400 τὸν
2874 4346 2973 4417 μὲν
3000 4347 3279 4418 ἄρρωστον
3300 4345 3400 4413 τῆς
3424 4344 3632 4410 ὑγείας,

2050 4441 2141 4495 τὸν
2168 4440 2224 4494 δέ
2250 4438 2581 4493 καθεύδοντα
2608 4437 2708 4507 τῆς
2735 4437 3146 4507 ἐγρηγόρσεως,
3178 4433 3406 4503 λέγομεν
3438 4433 3632 4494 αὐτοὺς

375 4517 519 4573 nitas
562 4520 836 4589 excipiat,
882 4521 1240 4577 dormientem
1297 4539 1426 4579 vero
1473 4527 1781 4597 evigilatio,
1814 4537 1945 4587 tunc

2050 4536 2107 4586 ἐν
2142 4533 2337 4605 πέρατι
2367 4530 2696 4601 γεγενῆσθαι
2716 4521 2807 4582 τοῦ
2835 4530 2892 4581 ἐν
2915 4522 2960 4596 ᾧ
2988 4527 3245 4598 ἑκάτερος
3273 4521 3342 4595 ἦν
3362 4562 3379 4586 ,
3406 4523 3500 4576 τὸν
3533 4522 3635 4592 μὲν

373 4608 609 4664 dicimus
655 4611 779 4666 illos
837 4612 996 4666 finem
1047 4622 1331 4671 assecutus
1373 4616 1530 4686 ejus,
1567 4635 1674 4689 quo
1714 4628 1945 4692 uterque

374 4699 590 4753 illorum
620 4702 924 4764 tenebatur,
949 4705 1100 4760 illum
1134 4706 1353 4775 quidem
1380 4710 1583 4774 somni,
1619 4711 1763 4775 hunc
1789 4698 1949 4783 aegri?

372 4789 654 4861 tudinis);
690 4792 762 4845 ita
804 4802 859 4848 et
909 4796 961 4848 in
1008 4799 1287 4865 proposito
1336 4802 1691 4855 mutationem
1736 4814 1948 4859 natura:

376 4881 626 4937 humanae
650 4883 703 4936 in
737 4891 938 4939 statum
975 4884 1188 4941 felicem
1213 4897 1269 4943 et
1301 4888 1537 4953 beatum,
1572 4892 1732 4947 finem
1762 4891 1959 4961 initniﬁ

372 4988 562 5027 corum
598 4974 905 5042 appellavit.
939 4975 1108 5031 Porro
1159 4994 1328 5032 unum
1368 4979 1631 5035 duntaxat
1666 4981 1944 5039 diversum

373 5062 444 5116 ab
470 5061 595 5117 aliis
622 5062 842 5117 modum
866 5063 1265 5133 diapsalmatis,
1291 5075 1408 5122 toto
1438 5067 1777 5125 Psalmorum
1808 5072 1949 5127 libro

371 5155 810 5218 observavimus,
856 5155 910 5208 in
941 5171 1051 5210 uno
1080 5157 1316 5225 quodam
1352 5174 1415 5212 ex
1462 5161 1688 5228 psalmis
1722 5162 1798 5228 ‘°;
1839 5178 1947 5218 non

371 5247 514 5299 cnim
545 5245 622 5298 ait
646 5245 969 5315 simpliciter
997 5265 1014 5298 ι
1048 5246 1376 5317 Diapsalma,
1414 5268 1433 5301 ι
1473 5252 1567 5307 sed
1601 5272 1618 5302 ι
1656 5253 1946 5309 Canticum

371 5335 783 5406 (liapsalmatis,
816 5356 835 5388 ι
866 5349 921 5392 et
951 5338 1090 5394 forte
1110 5342 1289 5395 oratio
1320 5342 1526 5397 librarii
1553 5344 1711 5414 culpa
1732 5344 1947 5402 inversa

371 5434 476 5487 est,
507 5432 566 5480 ut
599 5424 888 5481 dicendum
924 5429 1107 5497 potius
1131 5429 1222 5494 sit,
1256 5449 1275 5482 ι
1315 5430 1528 5485 Cantici
1563 5432 1885 5504 diapsalma,
1924 5454 1942 5488 ι

372 5521 428 5566 et
450 5531 559 5571 non
593 5516 867 5571 canticum
899 5516 1301 5584 diapsalmatis.

442 5606 711 5661 Caeterum
734 5624 857 5662 cum
886 5617 1014 5664 ante
1043 5612 1232 5668 oculos
1260 5614 1461 5668 versari
1485 5615 1675 5671 debeat
1705 5616 1946 5673 divinum

447 5759 492 5791 "
524 5759 665 5814 Psal.
704 5776 753 5823 χ,
784 5759 829 5811 l.

2051 4623 2145 4678 τοῦ
2183 4623 2374 4685 ὕπνου,
2407 4622 2498 4674 τὸν
2523 4621 2580 4675 δὲ
2602 4623 2703 4690 τῆς
2734 4620 2889 4675 νόσου
2914 4620 2955 4686 )’
2986 4616 3130 4671 οὑτω
3158 4618 3252 4671 καὶ
3274 4614 3508 4669 ἐνταῦθα
3537 4614 3634 4685 τὴν

2051 4714 2134 4777 είς
2167 4712 2227 4765 τὸ
2255 4712 2523 4782 μακάριον
2550 4710 2649 4780 τῆς
2683 4707 3031 4780 ἀνθρωπίνης
3060 4704 3277 4775 φύσεως
3308 4702 3630 4775 μεταϐολὴν,

2053 4805 2228 4876 πέρας
2284 4804 2392 4858 τῶν
2444 4802 2653 4874 ἐχθρῶν
2706 4799 3115 4870 κατωνόμασεν.
3173 4793 3308 4849 "Eva
3354 4792 3411 4846 δὲ
3475 4793 3634 4863 μόνον

2053 4894 2452 4966 ἐξηλλαγμένον
2480 4894 2681 4964 τρόπον
2702 4889 3074 4959 διαψάλματος
3098 4889 3157 4939 ἐν
3184 4885 3332 4957 πάσῃ
3362 4885 3427 4954 τῇ
3468 4882 3634 4954 βίϐλῳ

2053 4987 2163 5041 τῶν
2197 4984 2443 5055 Ψαλμῶν
2493 4982 2635 5038 κατά
2670 4982 2761 5036 τὸν
2804 4981 3017 5036 ἔννατον
3059 4976 3273 5048 ψαλμὸν
3323 4975 3635 5047 παρετηρὴ-

2055 5094 2249 5148 σαμεν.
2299 5074 2374 5128 Οὑ
2429 5073 2539 5144 γὰρ
2593 5070 2800 5133 ἁπλῶς,
2835 5088 2854 5121 ‹
2892 5068 3204 5139 Διάψαλμα,
3239 5085 3257 5116 ι
3293 5065 3478 5134 φησιν,
3519 5064 3633 5120 ἀλλ’

2058 5187 2077 5220 ι
2120 5166 2243 5238 ᾮδὴ
2278 5165 2671 5237 διαψάλματος.
2714 5181 2733 5214 ι
2786 5160 2941 5231 Τάχα
2976 5159 3075 5229 μὲν
3125 5155 3217 5212 οὖν
3267 5157 3635 5228 ἀνέστραπται

2054 5260 2195 5313 κατά
2225 5277 2278 5312 τι
2320 5258 2544 5328 σφάλμα
2568 5252 2839 5326 γραφικδν
2871 5254 2900 5305 6
2928 5251 3113 5320 λόγος.
3145 5249 3283 5303 ὥστε
3328 5247 3438 5301 δεῐν
3481 5246 3634 5313 λέγε-

2056 5348 2180 5401 σθαι
2229 5346 2447 5418 μᾶλλον,
2488 5363 2509 5396 ι
2531 5344 2685 5416 ᾨδῆς
2713 5339 3014 5412 διάψαλμα,
3043 5357 3062 5390 ι
3095 5338 3189 5392 καὶ
3221 5337 3319 5390 οὑκ
3346 5335 3489 5406 ᾠδὴν
3520 5335 3635 5388 δια-

2054 5436 2162 5507 ψάλ
2167 5452 2355 5507 ματος.

2130 5618 2277 5689 Πλὴν
2305 5614 2490 5686 ἐπειδὴ
2531 5613 2798 5686 προσήκει
2834 5610 2940 5683 πρὸ
2971 5607 3262 5679 ὀφθαλμῶν
3291 5606 3434 5677 ἔχειν
3495 5603 3555 5659 rb
3578 5606 3635 5658 ἐν
