3844 6348
208 369 302 423 5H

1550 362 1641 445 in
1674 389 2008 452 essurus.

3339 418 3444 473 542

210 488 275 590 vi!
316 487 676 598 Ἀποκιλύψει
720 492 815 549 τοῦ
870 496 1115 555 Ἰωάννου
1143 503 1392 576 κείμενον
1423 510 1601 581 κρῖμα
1628 510 1765 564 κατὰ

1874 514 2010 570 illttd
2075 517 2130 572 in
2187 517 2412 577 Joannis
2468 522 2790 596 Apocalypsi
2855 527 3124 596 prolatum
3171 530 3441 600 judicium

207 576 311 630 τῶν
346 583 784 649 μεταποιούντων
812 587 887 642 τὰ
928 589 1046 645 θεῖα
1083 594 1149 648 ἐκ
1191 576 1577 672 προσθήκης-ἥ
1615 602 1775 671 ὑφαι-

207 671 424 765 ρέσεως,
448 675 812 744 φυλάσσοντες
866 681 964 753 τὴν
1004 686 1397 756 παραδοθεῖσαν
1434 691 1565 761 ἡμῖν
1596 693 1654 745 ἐν
1695 692 1773 765 τῷ

209 764 361 834 μέρει
403 766 581 839 τούτῳ
628 769 728 840 τῆς
754 771 980 844 Γραφῆς
1031 776 1373 844 ἀκολουθίαν,
1437 782 1772 852 ἀναζητῆσαι

205 857 573 929 πειρασόμεθα
603 860 704 932 τὴν
731 864 912 918 αἰτίαν
940 866 1034 920 τοῦ
1054 867 1157 949 τῆς
1195 871 1352 943 ᾭδῆς
1383 871 1769 944 διαψάλματος,

202 949 320 1019 ﬁn;
361 952 529 1005 ἐστίν.
574 953 915 1026 Λογιζόμεθα
946 961 1147 1024 τοίνυν.
1190 963 1273 1016 ὅτι
1316 964 1426 1017 ἀπὸ
1451 965 1640 1018 τούτου
1678 967 1773 1020 καὶ

205 1041 391 1114 μέχρις
410 1044 510 1098 τοῦ
541 1047 739 1118 ἐφεξῆς
768 1049 1150 1123 διαψάλματος,
1184 1053 1242 1107 ἒν
1264 1054 1539 1126 διάψαλμα
1566 1052 1654 1127 ἦν,
1676 1055 1770 1111 τοῦ

203 1135 351 1202 ἁγίου
383 1136 701 1207 Πνεύματος
733 1141 1030 1197 ἐντιθέντος
1058 1143 1134 1215 τῷ
1185 1144 1348 1199 Δαυῒδ
1391 1146 1462 1200 τὰ
1500 1148 1601 1218 τῆς
1634 1164 1771 1219 προ-

202 1223 420 1294 φητείας
449 1227 717 1297 νοήματα,
768 1229 908 1282 Ἀλλ’
934 1230 1032 1301 οὐχ
1065 1231 1255 1303 ὥσπερ
1284 1233 1378 1287 ἐπὶ
1414 1234 1521 1288 τῶν
1545 1234 1767 1302 λοιπῶν,

198 1314 334 1369 οὕτω
361 1318 456 1370 καὶ
480 1317 713 1372 ἐνταῦθα
741 1319 977 1388 ἐγένετο.
1037 1323 1128 1376 Ἐν
1163 1323 1266 1395 μὲν
1296 1324 1406 1396 γάρ
1441 1329 1555 1390 τοῖς
1590 1326 1769 1391 ἄλλοις

197 1408 254 1460 οὐ
292 1407 435 1462 κατὰ
471 1409 669 1463 ταύτὸν
706 1412 986 1482 ἐνηργεῖτο
1021 1414 1056 1485 ἦ
1102 1431 1161 1468 τε
1190 1417 1493 1487 κατήχησις
1536 1420 1569 1488 ὴ
1624 1420 1769 1474 κατὰ

197 1500 253 1553 τὸ
277 1500 589 1572 ἀπόρρητον
615 1504 682 1572 τῇ
715 1502 860 1574 ψυχῇ
902 1504 1052 1576 παρὰ
1080 1505 1175 1560 τοῦ
1204 1507 1521 1578 ΙΙνεύματος
1564 1510 1769 1578 ἐγγινο-

200 1596 348 1667 μένη,
370 1597 464 1650 καὶ
490 1598 528 1668 ἠ
559 1597 659 1669 τῆς
687 1598 992 1670 ἐντεθείσης
1015 1600 1164 1671 αὐτῷ
1199 1601 1454 1671 γνώσεως
1477 1603 1770 1677 ἐξαγόρευ-

198 1701 294 1747 σις·
316 1685 452 1740 ἀλλά
488 1688 591 1757 τῆς
622 1687 846 1758 καρδίας
876 1688 1084 1745 ἔνδοθεν
1112 1692 1522 1763 διδασκομένοις.
1551 1696 1581 1748 ὁ
1611 1696 1767 1764 λόγος

196 1772 475 1844 ἡσύχαζεν.
522 1776 785 1830 Ἐνταῦθα
812 1778 868 1832 δὲ
898 1778 1033 1849 ὁμοῦ
1057 1780 1125 1834 τὰ
1149 1781 1242 1835 δύο
1279 1783 1373 1837 καὶ
1404 1785 1545 1838 κατὰ
1571 1786 1764 1840 ταύτὸν

194 1842 511 1937 ἐνεργεῖται,
542 1868 637 1921 καὶ
689 1842 1052 1940 παραγίνεται
1100 1872 1249 1943 αύτῷ
1297 1874 1497 1944 μεταξὺ
1552 1893 1766 1948 προφη-
1795 1842 1839 1898 Β

194 1956 392 2010 τεύοντι
421 1959 456 2029 ἡ
475 1957 590 2012 τῶν
608 1959 950 2033 ὑψηλοτέρων
967 1963 1251 2033 νοημάτων
1269 1965 1586 2020 διδασκαλία
1618 1985 1692 2021 πα
1700 1968 1767 2038 ρὰ

194 2046 281 2100 τοῦ
304 2047 643 2119 Πνεύματος,
672 2050 766 2103 καὶ
784 2051 844 2104 τὺ
869 2052 1091 2122 συνεχὲς
1119 2053 1221 2123 τῆς
1258 2054 1520 2125 μελῳδίας
1549 2057 1611 2110 οὐ
1652 2057 1769 2111 δια-

194 2139 463 2194 κόπτεταια
524 2141 638 2194 ἀλλ’
665 2142 875 2211 ἐμφυὲν
913 2143 993 2213 τῷ
1021 2145 1235 2215 ὀργάνῳ
1266 2145 1360 2199 τοῦ
1392 2149 1671 2220 προφήτου
1704 2149 1767 2204 τὸ

195 2231 405 2303 Πνεῦμα
433 2232 495 2285 τὸ
527 2231 702 2301 ἅγιον,
739 2233 873 2287 αὐτὸ
898 2235 1039 2288 κατὰ
1065 2237 1164 2307 τὴν
1206 2237 1343 2290 ἰδίαν
1380 2237 1604 2311 γνώμην
1630 2245 1771 2295 κινεῖ

198 2323 253 2377 τὰ
268 2324 549 2394 φωνητικὰ
571 2325 919 2398 αἰσθητήρια,
939 2326 1015 2390 ὼς
1040 2330 1179 2398 μήτε
1201 2328 1299 2399 τὴν
1319 2329 1461 2401 ᾠδὴν
1475 2331 1764 2398 διαλιπεῖν,

196 2418 324 2487 μήτε
371 2416 768 2488 ἐμπώισθῆναι
815 2417 915 2489 τὴν
971 2418 1323 2475 διδασκαλίαν
1383 2422 1462 2493 τῷ
1519 2422 1766 2493 φθόγγῳ·

196 2510 323 2582 αῦτη
352 2510 460 2582 γὰρ
558 2508 876 2562 διδασκαλία
913 2509 1009 2563 τοῦ
1046 2511 1361 2582 Πνεύματος
1394 2513 1457 2567 τὸ
1487 2515 1647 2584 μέλος
1673 2512 1762 2588 ἦν,

198 2602 363 2667 καθὼς
385 2601 646 2673 ὀνομάζει
675 2604 705 2655 ὁ
736 2602 1051 2673 Σύμμαχος.
1099 2604 1189 2657 Ἐν
1214 2603 1426 2669 πολλοῖς
1451 2606 1508 2660 δὲ
1547 2607 1768 2678 μέρεσιν

200 2697 285 2765 τῆς
310 2693 630 2765 ψαλμῳδίας
655 2694 1049 2765 εὑρισκομένης
1069 2696 1169 2765 τῆς
1186 2696 1440 2769 τοιαύτης
1460 2697 1763 2769 διαστολῆς,

197 2782 385 2853 ἀρκοῦν
412 2784 478 2837 ἂν
512 2784 626 2855 εἴη,
655 2783 744 2838 διὰ
783 2783 890 2837 τῶν
912 2785 1215 2856 εἰρημένων
1241 2786 1429 2858 ἔφοδον
1454 2790 1636 2861 κοινὴν
1666 2791 1766 2862 τῆς

198 2873 281 2927 τοῦ
312 2874 687 2945 διαψάλματος
726 2877 1108 2947 κατανοήσεως
1133 2880 1586 2950 παρασχομένους
1606 2921 1622 2945 ,
1657 2898 1762 2953 μη-

198 2963 303 3016 κέτι
332 2966 495 3019 πᾶσιν
531 2965 596 3018 δι’
629 2965 917 3037 ἀκριϐείας
961 2966 1236 3031 ἐπεξιέναι
1269 2970 1380 3032 τοῖς
1403 2969 1760 3041 διαψάλμασι.

199 3054 459 3126 Παρὲλκον
478 3055 593 3126 γὰρ
622 3057 736 3125 ἅμα
756 3057 852 3110 καὶ
881 3058 1135 3128 περιττὸν
1155 3060 1630 3130 ἐμφιλοχωροῦντα
1651 3065 1765 3125 τοῖς

1874 615 2067 662 contra
2113 609 2259 675 illos,
2286 611 2381 680 qui
2409 612 2590 667 divina
2627 616 2851 670 oracula
2891 617 3171 674 additione
3201 621 3282 675 vel
3313 623 3441 677 suh-

1874 699 2141 752 tractione
2174 699 2461 756 immutant
2494 702 2580 768 ⁶¹;
2616 705 2892 759 custodito
2939 721 3006 761 eo
3045 707 3138 776 qui
3184 708 3343 765 nobis
3386 708 3443 764 in

1874 786 1977 842 hac
2021 800 2173 859 parte
2220 788 2515 861 Scriptura:
2560 795 2794 852 traditus
2822 805 2906 851 est
2933 798 3124 851 ordine
3150 838 3166 862 ,
3224 799 3444 853 investi-

1871 894 2000 949 gare
2030 880 2351 937 conabimur
2378 898 2626 953 quamam
2657 886 2728 940 sit
2758 901 2925 941 causa
2957 889 3152 943 cantici
3201 890 3436 958 diapsal-

1871 970 2053 1024 matis.
2088 969 2145 1025 In
2182 982 2416 1028 mentem
2450 974 2616 1044 igitur
2654 991 3007 1045 revocemus,
3038 982 3105 1032 ab
3134 981 3235 1035 hoc
3271 999 3442 1052 usque
3557 970 3567 979 ’

1870 1060 1939 1114 ad
1988 1077 2224 1131 sequens
2285 1064 2621 1135 diapsalrna,
2676 1083 2844 1123 unum
2889 1071 3191 1138 diapsalma
3231 1072 3440 1134 fuisse.

1873 1150 2080 1218 Spiritu
2115 1163 2307 1207 sancto
2351 1154 2534 1209 Davidi
2611 1159 2908 1228 prophetiae
2948 1169 3002 1215 et
3034 1163 3441 1219 vaticinationis

1870 1260 2030 1300 sensa
2053 1254 2108 1300 et
2132 1248 2384 1302 notiones
2407 1247 2740 1318 inspirante;
2764 1250 2857 1306 sed
2888 1267 2994 1306 non
3016 1268 3080 1307 eo
3107 1269 3213 1322 quo
3241 1255 3293 1308 in
3319 1256 3441 1309 aliis

1869 1337 2075 1392 solebat
2109 1339 2270 1393 modo
2298 1378 2313 1403 ,
2343 1339 2416 1392 ita
2442 1348 2496 1393 et
2537 1340 2626 1396 hic
2653 1342 2759 1411 egit
2799 1341 2883 1398 :in
2920 1344 3040 1399 aliis
3083 1348 3227 1400 enim
3275 1348 3437 1401 simul

1868 1444 1976 1481 non
2003 1437 2159 1483 erant
2206 1430 2476 1486 institutio
2521 1431 2588 1487 de
2628 1434 2944 1490 tzmlestibus
2982 1439 3199 1493 arcanis
3235 1438 3371 1493 facta
3409 1454 3438 1491 a

1870 1516 2075 1585 Spiritu
2123 1527 2346 1585 sancto,
2394 1528 2448 1574 et
2498 1522 2845 1592 cogitationis
2897 1524 3161 1581 divinitus
3202 1536 3440 1595 accepta:

1867 1609 2123 1676 elocutio,
2155 1618 2209 1665 et
2237 1609 2529 1680 patefactio
2549 1653 2564 1677 ,
2597 1614 2692 1667 scd
2727 1629 2850 1669 cum
2879 1630 2974 1670 cor
2997 1616 3229 1672 interius
3256 1618 3438 1673 erudi-

1866 1709 2039 1769 retur,
2092 1719 2275 1759 sermo
2321 1705 2454 1760 foris
2484 1706 2820 1776 quiescebat.
2856 1706 2956 1763 llic
2992 1726 3121 1764 vero
3174 1709 3283 1764 dno
3327 1711 3441 1764 haec

1866 1791 2277 1863 conjunguntur
2306 1793 2467 1848 simul
2501 1804 2554 1849 et
2589 1795 2780 1850 eodem
2813 1805 3075 1867 tempore.
3110 1796 3245 1853 Nam
3275 1806 3330 1853 et
3352 1798 3441 1853 di-

1870 1883 2100 1951 sciplina
2150 1884 2526 1938 sublimiorum
2569 1895 2903 1941 secretorum
2952 1889 3093 1944 inter
3144 1889 3442 1943 vaticinan-

1868 1974 1996 2031 dum
2031 1977 2105 2030 illi
2142 1975 2316 2041 adest,
2348 1978 2630 2049 seriesque
2662 1980 2922 2035 continua
2950 1981 3195 2035 melodiaa
3225 1997 3332 2035 non
3356 1982 3440 2034 in-

1869 2069 2252 2137 terrumpitur,
2302 2069 2431 2139 quia
2481 2067 2716 2139 Spiritus
2750 2083 2974 2127 sanctus
3026 2074 3305 2142 prophetat
3356 2089 3440 2127 or-

1869 2172 2011 2225 gano
2049 2159 2206 2228 quasi
2251 2160 2658 2225 inlitercscens,
2701 2164 2926 2218 arbitrio
2970 2179 3071 2219 suo
3109 2165 3314 2221 vocalia
3358 2166 3439 2219 in-
3494 2196 3495 2199 η

1870 2257 2175 2304 stramenta
2206 2258 2406 2317 movet,
2441 2264 2499 2305 ut
2533 2269 2709 2322 neque
2737 2264 2911 2309 cesset
2934 2255 3231 2320 canticum,
3266 2270 3440 2324 neque

1868 2342 2031 2395 etiam
2083 2355 2351 2399 concentu
2410 2344 2740 2414 impediatur
2790 2346 3062 2401 doctrina.
3119 2347 3241 2417 Ipsa
3292 2350 3436 2400 enim

1868 2431 2116 2486 doctrina
2152 2432 2388 2504 Spiritus
2435 2438 2609 2490 sancti
2669 2445 2862 2490 cantus
2911 2450 3007 2490 seu
3056 2437 3226 2491 melos
3282 2445 3436 2497 erat,

1869 2532 2029 2592 prout
2057 2531 2110 2578 et
2140 2539 2170 2579 a
2206 2525 2533 2597 Symmacho
2567 2527 2902 2581 nominatur.
2933 2525 3002 2579 At
3046 2541 3174 2580 vero
3216 2540 3339 2579 eum
3384 2525 3436 2577 in

1869 2615 2057 2670 multis
2092 2618 2425 2685 psalmorum
2474 2619 2722 2687 partibus
2765 2618 3079 2687 huiusmodi
3116 2618 3440 2686 iltlcrt'ttpllo

1868 2707 2189 2775 reperiatur,
2217 2709 2351 2763 satis
2376 2708 2609 2764 fortasse
2641 2709 2805 2763 fuerit
2829 2725 2923 2778 per
2942 2724 3005 2763 ea
3034 2723 3153 2776 qua:
3175 2708 3435 2769 diximus,

1867 2812 2208 2851 communem
2247 2800 2403 2869 quasi
2434 2800 2575 2853 viam
2622 2800 2882 2855 stravisse
2913 2800 2978 2853 ad
3033 2799 3436 2868 percipiendam

1865 2888 2239 2959 diapsalmatis
2274 2892 2569 2954 notionem,
2596 2899 2656 2944 ut
2686 2891 2912 2962 proinde
2937 2892 3167 2962 smgnlis
3199 2892 3438 2959 diapSaI-

1865 2982 2025 3035 matis
2043 2969 2380 3052 explicandis
2403 2998 2509 3037 non
2542 2984 2612 3038 sit
2642 2984 3077 3050 immorandum;
3113 2984 3271 3036 inane
3292 2984 3437 3036 enim

1866 3075 2026 3128 simul
2074 3082 2126 3130 ct
2164 3090 2563 3143 supervacuum
2623 3074 2803 3141 foret,
2857 3075 3051 3130 sedulo
3095 3073 3437 3129 insistentem

198 3145 550 3218 ἐγνωσμένοις
587 3147 675 3201 διὰ
720 3147 828 3221 τῶν
866 3147 1309 3221 ὁμολογουμένων
1359 3151 1624 3223 μηκύνειν
1670 3138 1762 3210 τὸν

1867 3164 2030 3219 rebus
2053 3164 2164 3234 jam
2202 3166 2372 3228 notis,
2416 3166 2734 3235 protrahere
2761 3181 3069 3221 sermonem
3104 3180 3198 3235 per
3223 3181 3286 3220 ea
3318 3179 3439 3232 quae

198 3233 361 3304 λόγον.

716 3369 1110 3426 ΚΕΦΛΛΑΙΟΝ
1142 3372 1245 3428 IA'.

274 3477 428 3534 Ἀλλά
476 3480 573 3535 ml.
619 3478 779 3533 τοῦτο
818 3479 885 3534 ἄν
922 3496 1006 3543 τις
1036 3480 1261 3546 εἰκότως
1292 3483 1670 3555 ἐπιζητήσειε,
1707 3484 1761 3539 τί

199 3569 381 3643 δήποτε
409 3574 476 3644 τῇ
510 3571 804 3642 ἀκολουθία
843 3571 943 3643 τῆς
978 3572 1219 3644 ίστορίας
1249 3573 1578 3645 ἁσύμφωνός
1612 3576 1761 3628 ἐστιν

201 3663 231 3732 ή
264 3662 406 3728 τάξις
440 3664 543 3734 τῆς
568 3662 907 3734 ψαλμῳδίας.
941 3665 1006 3718 Et
1036 3665 1145 3737 γάρ
1186 3682 1272 3729 τις
1308 3664 1564 3737 προσέχοι
1586 3663 1664 3736 τῷ
1698 3683 1759 3719 τε

200 3755 421 3827 χρονικῷ
454 3756 805 3825 διαστήματι,
833 3757 892 3808 ἐν
918 3749 964 3824 ᾧ
994 3756 1216 3824 γέγονεν
1242 3757 1276 3826 ἡ
1309 3755 1422 3826 ζωὴ
1451 3754 1546 3810 τοῦ
1573 3756 1756 3822 Δαυῒδ,

200 3848 286 3899 καὶ
318 3850 381 3919 τῇ
402 3846 511 3901 τῶν
541 3847 884 3918 πραγμάτων
911 3847 1226 3919 ἀκολουθία,
1253 3848 1351 3901 οὐκ
1384 3847 1449 3901 ἂν
1476 3847 1626 3919 εὖροι
1661 3847 1760 3920 τὴν

200 3936 298 3989 τῶν
317 3937 545 4009 ψαλμῶν
565 3937 725 3990 θέσινι
764 3940 829 4009 τῇ
858 3937 1009 4003 τάξει
1037 3939 1134 4010 τῆς
1168 3939 1405 4009 ἱστορίας
1437 3938 1761 4010 συμϐαίνου⁹

202 4044 310 4083 σαν.
343 4031 524 4102 Φαμὲν
565 4031 746 4084 τοίνυν
782 4030 876 4084 ἐπὶ
901 4030 993 4084 τὸν
1035 4030 1252 4101 πρῶτον
1280 4033 1314 4103 ἡ
1322 4031 1438 4100 μῶν
1463 4031 1558 4085 τοῦ
1598 4032 1759 4101 λόγου

203 4121 390 4174 σκοπὸν
417 4122 837 4193 ἀνατρέχοντες,
898 4122 981 4175 ὃτι
1012 4122 1225 4187 οὐδενὸς
1252 4122 1456 4177 τούτων
1490 4122 1640 4194 μέλει
1682 4122 1761 4194 τῷ

200 4208 488 4284 διδασκάλῳ
527 4212 703 4283 ἡμῶν.
752 4210 1080 4266 Διδάσκαλον
1107 4212 1236 4284 γὰρ,
1270 4208 1443 4281 οἶμαι,
1476 4213 1762 4283 ὀνομάζειν

201 4299 355 4355 δεῖτὸ
389 4303 615 4374 Πνεῦμα
644 4303 706 4356 τὸ
740 4302 914 4370 ἅγιον,
948 4301 1132 4366 καθώς
1169 4320 1334 4374 φησιν
1365 4303 1395 4354 ό
1425 4303 1648 4373 Κύριος⁹
1680 4304 1760 4359 ὅτι

206 4406 226 4441 ι
280 4392 509 4458 Ἐκεῖνος
534 4393 732 4460 διδάξει
780 4393 924 4463 ὑμᾶς
951 4394 1146 4447 πάντα.
1186 4412 1204 4445 i
1238 4393 1424 4464 Τούτῳ
1460 4394 1639 4447 τοίνυν
1682 4394 1763 4464 τῷ

1861 3254 2106 3309 omnium
2136 3269 2410 3310 consensu
2448 3256 2843 3326 approbantur.

2466 3387 2700 3444 CAPUT
2741 3386 2831 3444 XI.

1931 3476 2037 3534 Sed
2068 3486 2123 3534 et
2153 3478 2257 3535 hoc
2288 3480 2485 3534 merito
2504 3481 2628 3550 quis
2659 3488 2886 3550 qumrat,
2917 3494 3080 3548 quam
3113 3477 3333 3533 tandem
3365 3478 3437 3532 ob

1859 3585 2082 3625 causam
2110 3570 2245 3626 ordo
2291 3569 2629 3625 Psalmorum
2664 3586 2787 3624 cum
2823 3571 3068 3625 historia:
3099 3569 3295 3624 ordine
3330 3584 3436 3622 non

1859 3660 2166 3715 consentiat
2195 3677 2208 3713 :
2242 3658 2289 3713 si
2321 3659 2446 3729 quis
2482 3660 2628 3714 enim
2661 3660 2903 3714 animum
2940 3660 3188 3714 advertat
3212 3660 3279 3713 ad
3313 3675 3439 3729 spa-

1861 3754 1997 3806 tium
2033 3751 2293 3820 temporis
2321 3766 2430 3820 quo
2465 3750 2633 3805 David
2670 3753 2826 3817 vixit,
2861 3758 2914 3806 et
2936 3751 3003 3805 ad
3038 3767 3217 3806 rerum
3253 3759 3436 3819 gesta-

1862 3858 1981 3896 rum
2013 3841 2241 3907 seriem,
2271 3856 2379 3896 non
2416 3857 2549 3897 sane
2591 3844 2830 3899 inveniet
2866 3842 3210 3898 Psalmorum
3251 3842 3439 3896 distri~

1862 3933 2139 3989 butionem
2183 3943 2238 3988 et
2272 3934 2594 4003 positionem
2630 3950 2754 3989 eum
2788 3936 3047 4004 temporis
3080 3935 3273 3990 ordine
3315 3951 3438 3990 con-

1860 4026 2069 4081 venire.
2112 4023 2334 4081 Reversi
2379 4027 2445 4081 ad
2476 4028 2803 4097 principium
2836 4028 3114 4103 sermonis
3150 4028 3319 4082 nostri
3352 4043 3436 4081 res

1861 4115 2227 4186 spondemus,
2263 4116 2395 4169 nihil
2425 4116 2618 4171 hormn
2650 4117 2862 4172 doctori
2895 4125 2949 4172 et
2976 4118 3296 4187 przeceptori
3339 4130 3436 4171 no-

1862 4218 1979 4264 stro
2006 4224 2152 4263 cura:
2179 4224 2337 4275 esse;
2372 4209 2651 4264 doctorem
2681 4210 2849 4276 enim,
2893 4211 2998 4265 nisi
3033 4209 3215 4272 fallor,
3263 4209 3440 4263 nomi-

1861 4315 1996 4354 nare
2013 4306 2228 4368 oportet
2255 4298 2519 4368 Spiritum
2538 4307 2809 4363 sanctum,
2842 4309 3001 4369 prout
3031 4298 3295 4353 Dominus
3323 4299 3434 4351 ait:

1867 4409 1886 4441 ι
1925 4389 2017 4443 Ille
2041 4404 2139 4445 vos
2176 4388 2397 4442 docebit
2427 4388 2633 4441 omnia.
2673 4407 2692 4439 ι
2737 4387 2878 4443 lluie
2928 4390 3093 4458 igitur
3127 4388 3436 4443 animorum

201 4481 474 4556 καθηγητῇ
496 4485 605 4539 τῶν
635 4485 821 4556 ψυχῶν
851 4488 885 4557 η
893 4485 1007 4556 μῶν
1036 4486 1129 4540 καὶ
1155 4485 1460 4556 διδασκάλῳ
1509 4485 1761 4557 πάρεργα

1868 4490 2179 4537 nostrorum
2208 4479 2522 4535 ‘iustitutori
2567 4479 2752 4533 omnia
2783 4480 2887 4534 alia
2918 4480 2985 4534 ad
3022 4496 3133 4535 rem
3165 4480 3439 4550 pertinere

199 4573 262 4626 τὰ
280 4574 410 4629 ἄλλα
432 4577 609 4631 πάντα
633 4577 798 4643 δοκεῖ,
824 4578 1027 4649 σπουδὴ
1049 4578 1106 4631 δέ
1125 4577 1188 4631 τὸ
1205 4576 1611 4649 περισώσασθαι
1637 4578 1762 4640 τοὺς

201 4663 255 4716 ἐν
278 4668 341 4737 τῇ
390 4670 715 4741 ματαιότητι
742 4671 842 4740 τῆς
871 4669 1018 4739 ζωῆς
1046 4669 1461 4741 πλανωμένους,
1507 4669 1599 4723 καὶ
1630 4668 1763 4740 πρὸς

199 4752 291 4824 τὴν
316 4757 488 4830 άληθῆ
516 4759 660 4833 ζωὴν
701 4760 1119 4829 ἐφελκύσασθαι.
1149 4762 1319 4814 Παντὶ
1357 4760 1464 4832 γάρ
1505 4759 1584 4830 τῷ
1622 4758 1765 4813 κατά

199 4859 313 4900 τινα
336 4849 534 4904 σκοπὸν
566 4850 1006 4923 κατορθουμένῳ,
1034 4852 1187 4918 τάξις
1213 4868 1299 4916 τις
1338 4850 1526 4904 ἔπεστι
1560 4850 1762 4921 φυσική

200 4949 257 4994 τε
293 4938 384 4991 καὶ
424 4941 727 5010 ἀναγκαία,
779 4944 813 5013 ή
857 4942 923 4996 δι’
974 4943 1269 4997 ἀκολούθου
1328 4940 1665 5013 κατορθοῦσα
1703 4941 1766 4995 τὸ

203 5029 640 5102 σπουδαζόμενον.
687 5034 899 5105 Ὠσπερ
946 5034 1122 5088 τοίνυν
1152 5033 1247 5088 ἐπὶ
1282 5031 1393 5086 τῶν
1411 5028 1761 5100 λιθογλύφων,

205 5117 391 5183 σκοπὸς
423 5122 521 5192 μὲν
545 5124 726 5188 αὐτοῖς
758 5126 854 5195 τῆς
886 5125 1148 5196 ἐργασίας
1175 5124 1293 5177 ἐστὶ
1320 5122 1382 5176 τὸ
1408 5123 1545 5193 πρός
1574 5140 1625 5174 τι
1656 5120 1764 5174 τῶν

202 5202 360 5260 ῦντων
395 5212 657 5281 ὁμοιῶσαι
701 5213 795 5267 τὸν
830 5215 997 5278 λίθον,
1047 5216 1147 5268 οὐκ
1188 5213 1351 5277 εὐθὺς
1395 5212 1451 5266 δὲ
1501 5212 1563 5265 τὸ
1607 5209 1764 5282 ἔργον

204 5295 303 5350 ἀπὸ
321 5300 414 5354 τοῦ
448 5304 680 5374 πέρατος
705 5304 952 5377 ἄρχεται,
992 5306 1106 5359 ἀλλ’
1131 5304 1435 5376 ἐπιτίθησιν
1464 5305 1765 5372 ἀναγκαίαν

202 5386 314 5440 τινὰ
355 5391 420 5460 τῇ
464 5393 664 5465 σπουδῇ
704 5394 858 5459 τάξιν
890 5395 924 5465 ἡ
953 5394 1151 5464 τέχνη,
1195 5390 1263 5465 ἧς
1301 5394 1430 5447 ἄνευ
1477 5393 1577 5446 οὐκ
1609 5394 1676 5447 ἂν
1706 5394 1766 5447 τὸ

207 5475 621 5548 σπουδαζόμενον
652 5481 866 5549 γένοιτο
893 5482 1034 5553 (χρὴ
1066 5481 1176 5552 γὰρ
1208 5481 1422 5552 πρῶτον
1459 5480 1557 5550 μὲν
1589 5481 1764 5552 ἀποῤ⁸

207 5561 356 5633 ῥῆξαι
383 5572 480 5639 τῆς
507 5571 784 5642 συμφυοῦς
824 5572 1031 5642 πέτρας
1063 5573 1153 5626 τὸν
1184 5572 1350 5626 λίθονο
1388 5566 1505 5625 εἶτα
1537 5572 1763 5642 περικό·

209 5652 293 5723 θαι
318 5658 412 5723 τὰς
443 5664 710 5731 προϐολὰς
737 5665 843 5718 τῶν
881 5666 1189 5745 ἀχρήστων,
1226 5663 1357 5734 πρὸς
1383 5664 1479 5734 τὴν
1507 5663 1601 5716 τοῦ
1630 5679 1763 5733 προ-

273 5807 314 5839 ⁶¹
349 5813 511 5884 Apoc.
558 5833 687 5885 xxii,
731 5818 814 5873 i9.

1868 4589 1979 4627 non
2007 4571 2281 4635 videntur,
2308 4571 2362 4625 in
2395 4570 2448 4625 id
2480 4586 2649 4625 unmn
2677 4570 3035 4635 incumbenti,
3065 4579 3123 4625 ut
3148 4579 3439 4627 conservet

1862 4679 1960 4719 eos
1985 4663 2076 4732 qui
2110 4661 2164 4715 in
2195 4661 2298 4716 hac
2328 4661 2453 4715 vitae
2489 4662 2729 4716 vanitate
2768 4662 3046 4725 oberrant,
3078 4670 3133 4716 et
3159 4661 3224 4714 ad
3250 4676 3437 4716 veram

1862 4755 2028 4810 vitam
2058 4752 2312 4808 adducat.
2343 4751 2502 4808 Omni
2540 4752 2686 4807 enim
2731 4752 2841 4817 illi,
2873 4753 3035 4822 cujus
3074 4754 3276 4808 actioni
3312 4753 3437 4807 linis

1861 4845 2202 4916 praestitutus
2244 4853 2366 4907 est,
2396 4843 2560 4898 simul
2597 4843 2762 4898 etiam
2807 4844 2945 4898 ordo
2987 4854 3043 4898 et
3078 4845 3341 4899 naturalis
3384 4852 3438 4898 et

1863 4936 2211 4993 necessarius
2240 4934 2499 5006 praeﬁxas
2537 4943 2640 5001 est,
2675 4934 2768 5003 qui
2803 4935 2945 4991 serie
2968 4936 3205 5006 quadam
3250 4936 3302 4988 id
3328 4934 3438 4987 olli-

1862 5029 1958 5092 cit,
1999 5026 2144 5098 quod
2190 5027 2293 5083 sibi
2342 5025 2613 5096 proponit.
2655 5025 3123 5092 Quemadmodum
3158 5026 3323 5095 igitur
3360 5025 3435 5077 la-

1865 5120 2048 5188 pidum
2077 5118 2448 5187 sculptoribus
2477 5125 2532 5173 et
2560 5118 2864 5179 statuariis,
2904 5116 3027 5171 linis
3066 5115 3301 5170 actionis
3327 5122 3432 5177 est,

1866 5208 2096 5278 lapidem
2120 5209 2186 5264 ad
2212 5208 2444 5277 alicujus
2466 5208 2880 5264 similitudinem
2911 5205 3255 5260 eonformare
3280 5223 3293 5258 :
3327 5219 3434 5258 non

1863 5312 2044 5357 autem
2084 5299 2270 5356 statim
2304 5300 2374 5353 ab
2401 5300 2522 5370 ipso
2553 5299 2658 5355 line
2680 5313 2822 5369 opus
2851 5297 3161 5360 inchoatur,
3186 5295 3279 5350 sed
3309 5309 3437 5365 pro-

1871 5390 2164 5446 cedendum
2193 5396 2280 5445 est
2310 5391 2413 5444 arti
2453 5390 2764 5445 necessario
2792 5387 3027 5458 quodam
3061 5386 3284 5451 ordine,
3317 5386 3437 5441 sine

1862 5496 1971 5552 quo
2018 5481 2225 5537 nullum
2259 5495 2439 5551 operae
2472 5481 2705 5550 pretium
2755 5477 2952 5540 iaciat,
2989 5484 3085 5530 aut
3139 5474 3434 5545 quidquam

1864 5574 2152 5644 proﬁciat:
2211 5580 2425 5644 oportet
2474 5570 2623 5627 enim
2678 5569 2855 5638 primo
2910 5566 3141 5650 lapidem
3178 5565 3434 5621 excidere

1864 5662 1932 5714 ab
1982 5660 2048 5716 iis
2084 5661 2348 5732 partibus,
2400 5673 2523 5713 cum
2579 5657 2778 5729 quibus
2818 5655 3139 5711 naturaliter
3188 5654 3430 5712 coaluit:
