3844 6358
416 351 528 411 543

1683 363 1741 417 S.
1782 364 2107 422 GREGORII
2145 368 2440 425 NYSSENI

3574 368 3672 423 544

415 467 613 522 deinde
656 467 1046 527 circumcidere
1078 467 1402 527 eminentias
1429 514 1443 538 ,
1482 481 1536 527 et
1574 490 1838 531 excursus
1870 493 1979 547 part

2103 482 2354 551 κειμένου
2384 464 2632 555 ’μίμησιν
2661 484 2971 554 ὲξεχόντων·
3015 483 3109 538 καὶ
3154 483 3330 547 οὕτως
3360 482 3551 554 κοιλᾷν
3589 482 3674 537 διὰ

416 559 552 611 tium
602 558 867 613 inutilium
902 558 967 613 ad
1002 569 1270 631 suscepta;
1302 563 1554 632 imaginis
1604 567 1985 631 imitationem,

416 649 605 719 sicque
632 649 817 704 labore
843 658 897 704 et
933 651 1114 706 studio
1150 668 1346 710 cavare
1385 656 1507 711 illas
1542 656 1739 727 lapidis
1768 667 1984 728 partes,

415 739 614 807 quibus
636 738 866 795 sublatis
902 741 1088 812 incipit
1122 745 1367 800 eminere
1394 747 1447 800 in
1477 762 1540 802 eo
1565 750 1708 816 quod
1741 751 1985 805 relictum

412 836 517 889 est,
543 828 723 896 aliqua
756 830 967 898 species
996 833 1271 897 animalis,
1306 837 1395 890 cui
1421 837 1761 894 conficiendo
1792 842 1987 896 artifex

410 932 630 986 operam
681 927 864 975 natat.
912 920 1040 976 Post
1092 924 1205 978 haec
1247 926 1626 982 subtilioribus
1659 931 1986 999 quilmsdam

411 1019 465 1062 et
500 1010 841 1067 tenuioribus
886 1015 1263 1068 instrumentis
1296 1017 1725 1086 circumradere,
1757 1030 1810 1075 et
1846 1023 1989 1076 laevi-

412 1116 542 1170 gare
581 1102 776 1171 lapidis
827 1105 1178 1173 asperitatem
1229 1108 1563 1178 aggreditur,
1618 1111 1989 1182 subiectatque

412 1193 653 1247 materiae
692 1196 1054 1266 exemplaris,
1091 1212 1187 1251 seu
1247 1203 1515 1272 prototypi
1567 1204 1984 1259 similitudinem

410 1280 621 1346 indere,
660 1291 713 1337 et
744 1293 1005 1353 praeterea
1050 1288 1245 1357 lapidis
1278 1292 1618 1360 superﬁciem
1653 1296 1894 1364 expolire
1934 1303 1988 1350 et

408 1369 654 1433 elimare,
687 1380 740 1426 et
772 1373 1042 1429 laeviorem
1072 1377 1317 1443 reddere,
1351 1395 1580 1448 quorum
1612 1384 1850 1437 omnium
1883 1385 1986 1437 mi-

406 1460 638 1515 nisterio
660 1476 750 1517 ars
773 1462 1084 1534 hujusmodi
1112 1474 1364 1522 ornatum
1389 1473 1536 1540 operi
1561 1472 1731 1526 addit.
1785 1472 1984 1527 Eodem

407 1551 568 1619 plane
601 1554 762 1607 modo
787 1595 803 1619 ,
835 1570 957 1608 cum
1007 1565 1117 1611 tota
1154 1561 1314 1615 nobis
1340 1571 1535 1616 natura
1569 1565 1640 1617 ob
1682 1564 1987 1632 voluptates

408 1656 703 1711 corporeas
742 1646 905 1699 veluti
950 1648 1002 1701 in
1046 1649 1276 1719 lapidem
1310 1667 1573 1707 conversa
1612 1653 1704 1718 sit,
1730 1655 1905 1708 oratio
1933 1666 1986 1710 et

408 1731 705 1799 institutio,
740 1752 860 1805 qua:
889 1754 989 1794 nos
1021 1740 1085 1794 ad
1115 1742 1353 1796 divinam
1390 1745 1801 1800 similitmliuem
1828 1750 1983 1817 quasi

2092 570 2192 640 τῆς
2226 573 2487 642 ἐργασίας
2513 576 2697 628 ἐκεῖνα
2724 573 2816 628 τοῦ
2862 572 3010 627 λίθου
3043 572 3113 627 τά
3148 573 3295 644 μέρη
3318 610 3334 636 ,
3363 564 3445 626 ὧν
3474 572 3674 641 ἐξαιρε-

2091 661 2313 725 θέντων,
2370 665 2595 734 ἄρχεται
2638 666 2762 735 περὶ
2803 664 2866 717 τὸ
2909 664 3229 733 λειπόμενον
3276 662 3572 733 ἐνορᾶσθαι
3615 663 3677 715 τὸ

2093 754 2276 822 σχῆμα
2296 753 2388 807 τοῦ
2417 754 2579 818 ζώου,
2613 756 2737 825 περὶ
2766 755 2793 809 ὃ
2820 756 2920 825 τὴν
2949 756 3186 827 σπουδὴν
3208 757 3237 808 ὁ
3257 755 3512 824 τεχνίτης
3536 754 3669 823 ἔχει·

2090 841 2183 892 καὶ
2234 842 2371 911 μετά
2412 841 2570 895 τοῦτο
2628 844 2972 914 λεπτοτέροις
3019 844 3129 896 τισὶ
3166 843 3262 896 καὶ
3301 842 3675 913 ὁμαλωτέροις

2090 930 2341 1002 ὀργάνοις
2373 933 2643 1002 περιξὲειν
2674 951 2731 987 τε
2765 935 2858 988 καὶ
2882 934 3224 987 ἀπολεαίνειν
3259 934 3357 1003 τὴν
3394 933 3489 986 τοῦ
3526 933 3674 986 λίθου

2088 1021 2434 1092 τραχύτητα,
2470 1026 2563 1077 καὶ
2601 1025 2719 1078 τότε
2770 1025 2867 1094 τῆς
2917 1023 3225 1095 ἀρχετύπου
3284 1024 3504 1094 μορφῆς
3556 1025 3675 1074 ἐπι-

2090 1111 2302 1165 σάλλειν
2350 1114 2425 1181 τῷ
2454 1114 2893 1184 ὑπολελειμμένῳ
2934 1117 3032 1185 τὴν
3070 1115 3380 1184 ὁμοιότητα’
3418 1114 3675 1185 λαμπρύ-

2088 1218 2199 1255 νειν
2240 1219 2298 1254 τε
2333 1203 2469 1273 μετά
2516 1203 2689 1257 ταῦτα
2718 1203 2810 1256 καὶ
2843 1203 3120 1273 λειοτέραν
3167 1205 3342 1255 ποιεῖν
3379 1200 3477 1253 τοῦ
3524 1201 3674 1254 λίθου

2086 1293 2185 1363 τὴν
2224 1295 2561 1364 ἐπιφάνειαν·
2607 1296 2675 1350 δι’
2703 1289 2779 1349 ὧν
2827 1291 2965 1349 οἶδεν
3007 1297 3042 1366 ἡ
3087 1294 3248 1365 τέχνη
3296 1297 3388 1347 τὸν
3431 1294 3675 1347 τοιοῦτον

2089 1384 2396 1440 ἐπιϐάλλειν
2425 1387 2626 1457 κόσμον
2668 1386 2746 1457 τῷ
2774 1386 2975 1457 ἔργῳγ
3014 1384 3155 1439 κατά
3199 1386 3292 1438 τὸν
3330 1385 3495 1438 αὑτὸν
3545 1386 3673 1455 τρό-

2090 1493 2189 1529 πον
2238 1476 2419 1546 πάσης
2466 1476 2652 1546 ὴμῶν,
2714 1475 2803 1530 διὰ
2849 1478 2950 1547 τῆς
2999 1476 3191 1547 ὑλικῆς
3249 1475 3628 1546 προσπαθείας
3656 1514 3672 1535 ,

2088 1564 2276 1635 ὥσπερ
2333 1565 2761 1638 ἀπολιθωθείσης
2831 1566 2930 1636 τῆς
2988 1567 3232 1636 φύσεως,
3286 1569 3315 1620 ὁ
3382 1566 3523 1635 πρδς
3574 1565 3675 1634 τὴν

2088 1652 2237 1705 θείαν
2273 1653 2529 1723 ὁμοίωσιν
2567 1653 2818 1725 λατομῶν
2852 1656 2998 1725 ημᾶς
3040 1655 3220 1724 λόγος,
3272 1653 3378 1724 ὁδῷ
3421 1671 3531 1706 τινι
3580 1653 3675 1705 καὶ

2090 1744 2380 1815 ἀκολουθίᾳ.
2477 1744 2611 1816 πρὸς
2672 1746 2734 1799 τὸ
2787 1745 2880 1800 τοῦ
2940 1744 3142 1799 σκοποῦ
3185 1744 3361 1817 πέρας
3406 1742 3674 1815 προέρχε-

405 1825 705 1880 erudiendo
733 1827 912 1883 edolat
936 1839 989 1884 et
1030 1832 1314 1898 cll‘ormat,
1352 1835 1433 1888 via
1476 1837 1713 1903 quadam
1748 1851 1800 1894 et
1837 1851 1985 1895 certa
2020 1818 2059 1876 Β
2087 1852 2198 1889 ται.

409 1915 622 1970 ratione
642 1917 707 1971 ad
738 1921 1078 1990 propositum
1110 1924 1269 1978 linem
1298 1925 1561 1994 procedit.

475 2006 718 2064 Primum
771 2011 917 2066 enim
970 2023 1188 2085 separat
1243 2033 1344 2073 nos
1399 2033 1430 2071 a
1486 2027 1719 2088 cognato
1770 2021 1983 2091 lapide,

407 2114 436 2152 a
470 2099 673 2154 malitia
691 2140 707 2165 ,
737 2101 958 2173 inquam
981 2147 996 2171 ,
1024 2106 1092 2160 ad
1114 2122 1275 2177 quam
1300 2124 1398 2178 per
1426 2109 1666 2164 habitum
1694 2112 1985 2181 quemdam

406 2190 591 2245 adnati
637 2208 849 2251 sumus.
901 2195 1103 2252 Deinde
1151 2207 1397 2269 amputat
1442 2202 1768 2271 superlluam
1816 2212 1987 2260 mate-

408 2280 585 2348 riam;
619 2293 807 2352 postea
836 2284 1074 2342 formare
1114 2288 1305 2358 incipit
1352 2290 1654 2359 subiectam
1704 2294 1985 2348 materiam

410 2371 477 2422 ad
514 2372 934 2429 similitudinem
972 2372 1302 2447 exemplaris
1325 2418 1339 2443 ,
1372 2384 1717 2451 exemptione
1757 2392 1811 2437 et
1838 2399 1989 2437 amo.

403 2460 559 2516 tione
581 2477 771 2516 eorum
808 2481 930 2533 quae
961 2468 1372 2524 similitudinem
1422 2473 1753 2539 prohibent,
1800 2478 1986 2546 sicque

416 2566 514 2620 per
537 2553 880 2610 subtiliorem
908 2559 1300 2627 cogitationum
1335 2568 1389 2615 et
1423 2563 1706 2618 uotionum
1736 2565 1986 2637 discipli-

410 2659 537 2697 nam
560 2685 575 2709 ,
609 2645 808 2702 limans
839 2656 893 2702 et
925 2650 1136 2719 poliens
1171 2661 1417 2708 nostram
1466 2666 1701 2710 mentem
1748 2674 1842 2727 per
1875 2663 1983 2713 vir-

404 2735 539 2790 tutis
571 2744 794 2808 typum,
829 2739 1081 2797 ell‘ormat
1126 2743 1178 2796 in
1227 2745 1387 2801 nobis
1428 2744 1706 2800 Christum
1732 2787 1745 2813 ,
1785 2764 1982 2803 secun-

400 2826 531 2880 dum
563 2829 723 2897 cujus
755 2831 1171 2889 similitudinem
1207 2835 1274 2889 ab
1305 2836 1463 2890 initio
1497 2836 1823 2892 conformati
1859 2856 1981 2894 era-

403 2933 528 2971 mus
550 2958 563 2980 ,
602 2920 668 2973 ad
705 2937 871 2990 quam
906 2922 1087 2977 denuo
1121 2926 1726 2995 conformamur..Quis
1759 2939 1842 2985 est
1882 2931 1981 3002 igi-

402 3015 495 3059 tur
532 3010 828 3079 sculpturze
872 3021 1073 3067 nostrae
1113 3014 1293 3068 ordo?
1332 3016 1387 3069 In
1432 3019 1603 3086 prima
1648 3020 1980 3086 psalmormn

403 3098 648 3153 sectione
696 3100 765 3153 ab
823 3100 1071 3170 improba
1109 3104 1243 3167 vita,
1280 3106 1437 3175 quasi
1478 3106 1709 3161 abscissi
1750 3123 1977 3175 smnus;

401 3186 457 3240 in
491 3190 851 3259 sequentibus
884 3206 1012 3246 vero
1034 3231 1048 3255 ,
1087 3193 1348 3249 continua
1385 3195 1555 3259 serie,
1589 3198 1843 3254 omnibus
1878 3215 1980 3252 nu.

402 3280 568 3334 meris
618 3278 871 3335 absoluta
903 3291 988 3338 est
1020 3284 1276 3339 imitatio.
1321 3286 1551 3341 Constat
1582 3303 1712 3356 ergo
1743 3290 1983 3356 psalmo-

400 3386 523 3424 rum
556 3372 729 3437 ordo,
760 3388 884 3427 cum
924 3373 1160 3445 Spiritus
1204 3387 1466 3441 sanctus,
1505 3386 1563 3432 ut
1608 3378 1814 3433 dictum
1860 3393 1979 3445 est,

400 3476 510 3516 non
544 3461 598 3517 id
649 3466 992 3534 propositum
1029 3466 1259 3531 habeat,
1300 3478 1358 3522 ut
1407 3484 1507 3522 nos
1559 3469 1760 3522 nudam
1812 3471 1983 3525 histo-

400 3553 540 3605 riam
588 3553 816 3615 doceat,
847 3556 940 3610 sed
984 3566 1043 3610 ut
1080 3558 1293 3613 animas
1337 3568 1558 3614 nostras
1598 3574 1697 3628 per
1729 3559 1980 3613 virtutem

398 3643 699 3699 secundum
756 3644 923 3701 Deum
979 3648 1214 3711 formet,
1271 3657 1331 3703 ut
1385 3650 1615 3719 proinde
1675 3666 1874 3706 sensus
1927 3652 1981 3705 in

398 3732 626 3800 psalmis
676 3734 846 3791 abditi
879 3738 1051 3793 series
1084 3739 1380 3807 quaerenda
1412 3754 1519 3793 non
1556 3739 1663 3802 sit,
1713 3749 1875 3808 prout
1906 3740 1982 3795 hi-

397 3825 584 3881 storia:
618 3833 672 3880 et
714 3843 896 3883 rerum
935 3839 1212 3899 gestarant
1249 3829 1386 3884 ordo
1417 3831 1668 3900 requirit.
1702 3832 1976 3896 Quemad-

399 3918 618 3970 modum
653 3918 798 3973 enim
836 3919 893 3972 in
933 3921 1097 3974 allato
1130 3935 1161 3973 a
1192 3921 1352 3975 nobis
1383 3921 1451 3975 de
1480 3923 1765 3992 sculptura
1797 3937 1980 3977 exem-

396 4007 523 4075 plo,
556 4022 648 4064 ars
678 4009 745 4063 ad
778 4017 973 4064 statum
1014 4011 1355 4066 effectionem
1396 4011 1584 4067 multis
1617 4019 1740 4082 eget
1773 4013 1979 4066 instru—

397 4097 598 4153 mentis
626 4114 642 4163 ;
676 4097 1042 4153 instrumenta
1074 4115 1204 4155 vero
1238 4100 1354 4156 haec
1395 4116 1503 4156 non
1544 4102 1728 4157 omnia
1767 4103 1976 4158 similia

318 4258 322 4267 ‘
397 4194 528 4241 sunt
563 4188 737 4257 figura
766 4198 822 4245 et
852 4190 1071 4259 specie,
1103 4190 1200 4246 sed
1233 4191 1380 4246 aliud
1412 4191 1633 4261 quidem
1664 4207 1878 4248 summa
1920 4195 1974 4250 in

396 4278 622 4347 cuspide
653 4280 705 4333 in
732 4281 848 4352 gyri
882 4281 1101 4337 modum
1135 4281 1478 4337 ell'ormatum
1511 4291 1630 4348 est,
1657 4284 1762 4338 alia
1787 4286 1976 4355 cuspi-

393 4369 517 4426 dem
546 4370 749 4427 habent
779 4373 958 4428 instar
983 4388 1151 4429 serra:
1173 4412 1188 4438 ,
1217 4374 1323 4428 alia
1349 4375 1547 4446 scalpri
1576 4377 1745 4449 figura
1778 4395 1888 4449 prae
1916 4395 1977 4435 se

393 4459 612 4528 ferunt,
667 4464 774 4518 alia
831 4474 999 4530 sunt,
1055 4481 1290 4536 quorum
1345 4466 1520 4523 forma
1565 4471 1972 4527 semieirculum
2008 4495 2051 4549 ο

396 4550 562 4607 refert
593 4571 609 4620 ;
642 4556 826 4610 omnia
855 4564 1039 4612 autem
1073 4558 1188 4617 hinc
1214 4564 1269 4614 et
1296 4558 1424 4612 talia
1455 4561 1704 4630 apposito
1731 4570 1974 4632 tempore

393 4643 593 4699 artiﬁci
622 4645 962 4703 inserviunt:
992 4648 1074 4703 sic
1100 4663 1232 4703 vero
1264 4658 1453 4704 nostro
1480 4651 1659 4720 opifici
1689 4692 1705 4718 ,
1731 4653 1824 4721 qui
1852 4653 1973 4708 ani-

393 4748 514 4788 mas
558 4741 778 4789 nostras
829 4736 967 4791 scite
1016 4737 1083 4790 ad
1136 4737 1230 4793 Dei
1289 4739 1700 4793 similitudinem
1746 4741 1970 4810 ellingit,

393 4824 711 4894 psalmodia:
745 4835 906 4893 sunt,
949 4830 1097 4883 velut
1134 4829 1434 4898 sculptoria
1473 4831 1721 4900 quzedam
1761 4831 1970 4887 instru-

392 4923 620 4983 menta;
672 4932 830 4971 usum
887 4926 1068 4974 autem
1116 4919 1429 4988 bujusmodi
1477 4921 1970 4977 instrumentorum

388 5006 611 5061 ordinat
644 5008 949 5062 necessitas
979 5010 1232 5064 actionis.
1260 5009 1447 5080 Neque
1483 5012 1715 5067 sollicite
1741 5012 1971 5081 inquirit

389 5099 624 5165 artifex,
669 5098 946 5170 quodnam
1003 5117 1066 5155 ex
1126 5102 1233 5156 illis
1286 5102 1664 5156 instrumentis
1705 5104 1858 5173 prius
1892 5103 1969 5158 sit

390 5191 793 5257 fabrefactum,
827 5203 885 5247 ut
912 5193 964 5247 id
993 5194 1138 5263 quod
1173 5193 1323 5264 prius
1352 5193 1711 5249 fabrefactum
1745 5204 1866 5261 est,
1897 5195 1970 5250 sit

388 5283 552 5338 etiam
597 5284 833 5352 primum
877 5287 929 5338 in
972 5285 1191 5339 actione
1230 5285 1545 5355 sculpturae.
1589 5283 1722 5338 Nam
1763 5286 1855 5354 qui
1898 5286 1967 5340 ad

391 5372 770 5428 necessitatem
801 5382 1009 5430 tantum
1042 5375 1391 5436 attendit,ille
1424 5374 1656 5444 quodvis
1683 5383 1736 5430 et
1761 5376 1963 5445 primo,

388 5473 445 5517 et
470 5463 715 5523 secundo
737 5505 752 5529 ,
783 5472 838 5520 et
862 5481 1192 5535 quocunque
1220 5467 1327 5521 alio
1357 5469 1474 5520 loco
1504 5466 1771 5532 collocat,
1805 5473 1968 5536 prout

391 5552 586 5608 suadet
612 5569 744 5608 usus
771 5565 825 5610 et
859 5558 1178 5612 necessitas.
1228 5557 1355 5614 Sive
1384 5558 1549 5626 igitur
1580 5557 1667 5610 illa
1693 5573 1816 5626 quae
1848 5572 1967 5611 eve-

396 5654 596 5699 nerant
620 5661 744 5700 cum
773 5644 987 5701 Goliatb
1036 5660 1093 5703 ct
1138 5648 1341 5716 Saule,
1397 5649 1738 5703 collocentur
1788 5649 1965 5719 primo

398 5731 548 5794 loco.
578 5733 692 5787 sive
722 5735 909 5789 ultimo
935 5754 995 5790 ea
1026 5755 1143 5807 qua?
1173 5756 1296 5794 cum
1333 5740 1605 5794 Ahsalonc
1635 5752 1685 5794 ct
1717 5738 1839 5793 Uria
1873 5754 1963 5793 ac—

2158 2007 2379 2083 Πρῶτον
2414 2008 2661 2081 χωρίζων
2704 2011 2874 2080 ἡμᾶς,
2921 2005 3033 2063 οἷόν
3072 2027 3217 2073 τινος
3248 2009 3533 2080 συμφυοῦς
3573 2011 3671 2063 πέ-

2086 2118 2221 2172 τρας
2260 2102 2358 2171 τῆς
2405 2102 2603 2164 κακίας
2654 2101 2814 2170 λέγω,
2933 2101 3022 2155 διά
3060 2119 3204 2165 τινος
3238 2102 3476 2172 σχέσεως
3529 2097 3673 2171 ἦμεν

2089 2193 2565 2263 προσπεφυκότεςο
2620 2186 2741 2246 εἶτα
2793 2192 3113 2262 περικόπτει
3162 2194 3259 2264 τῆς
3310 2193 3442 2262 ῦλης
3477 2193 3548 2246 τὰ
3577 2211 3672 2246 πε-

2089 2286 2245 2358 ριττά
2265 2303 2277 2316 ·
2313 2287 2452 2355 μετά
2475 2286 2631 2340 τοῦτο
2650 2285 2855 2338 τυποῦν
2878 2285 3104 2357 ἄρχεται
3130 2286 3266 2357 πρὸς
3289 2286 3387 2358 τὴν
3410 2289 3673 2357 ὁμοίωσιν

2086 2374 2179 2427 τοῦ
2228 2375 2429 2428 σκοποῦ
2459 2376 2520 2427 τὸ
2576 2375 2894 2446 ἐγκείμενον
2935 2378 3001 2446 τῇ
3045 2377 3383 2447 περιαιρέει-ει
3403 2377 3513 2429 τῶν
3562 2396 3673 2430 κως

2086 2465 2316 2523 λυόντων
2343 2465 2439 2536 τὴν
2466 2464 2695 2536 μίμησιν
2723 2481 2735 2493 ·
2760 2468 2853 2518 καὶ
2883 2463 3053 2528 οὕτως
3089 2464 3177 2518 διὰ
3208 2466 3305 2535 τῆς
3336 2464 3669 2532 λεπτοτέρας

2085 2556 2192 2608 τῶν
2250 2556 2537 2626 νοημάτων
2587 2555 2952 2620 διδασκαλίας,
3004 2553 3238 2619 ὲπιξύων
3276 2570 3336 2608 τε
3369 2556 3463 2608 καὶ
3502 2573 3669 2608 κατα-

2084 2646 2307 2699 λεαίνων
2339 2645 2494 2717 {ipan
2518 2634 2617 2717 τῆν
2655 2647 2915 2715 διάνοιαν,
2954 2648 3066 2700 τότε
3107 2647 3194 2700 διά
3223 2646 3315 2700 τὸν
3340 2647 3440 2717 τῆς
3467 2647 3670 2717 ἀρετῆς

2084 2739 2250 2791 τύπον
2302 2739 2577 2808 ὲμμορφοῖ
2604 2740 2732 2808 ἡμῖν
2763 2738 2851 2791 τὸν
2875 2738 3109 2810 Χριστόν
3130 2756 3143 2769 ·
3169 2732 3228 2791 οῦ
3247 2740 3363 2791 κατ’
3393 2738 3583 2791 εἰκόνα
3613 2740 3669 2805 ἐξ

2083 2830 2257 2901 ἀρχῆς
2308 2846 2367 2881 τε
2404 2824 2545 2899 ἦμεν
2597 2830 2691 2882 καὶ
2740 2830 2903 2884 πάλιν
2953 2829 3235 2899 γινόμεθα.
3274 2829 3369 2893 Τίς
3402 2825 3496 2882 οὖν
3518 2831 3669 2882 ἐστιν

2084 2922 2116 2990 ἠ
2159 2921 2259 2991 τῆς
2305 2919 2514 2989 γλυφῆς
2541 2919 2646 2972 τῶν
2679 2920 2961 2991 ἡμετέρων
3006 2920 3192 2990 ψυχῶν
3237 2920 3425 2987 τάξιςς
3472 2920 3562 2972 Ἑν
3592 2920 3668 2990 τῷ

2084 3009 2282 3081 πρώτῳ
2326 3012 2569 3081 τμήματι
2614 3011 2710 3080 τῆς
2740 3010 3079 3082 ψαλμῳδίας,
3117 3011 3215 3081 τῆς
3242 3013 3297 3064 ἐν
3321 3012 3493 3083 κακία
3516 3013 3668 3082 ζωῆς

2084 3101 2494 3172 ἀπεσχίσθημεν
2519 3120 2530 3132 ·
2570 3104 2626 3153 ὲν
2665 3101 2720 3154 δὲ
2750 3104 2859 3166 τοῖς
2892 3101 3090 3171 ἑφεξῆς
3122 3103 3209 3155 διὶ
3236 3103 3334 3167 τῆς
3364 3103 3667 3173 προσεχοῦς

2009 3164 2050 3219 (³
2082 3164 2409 3256 hostem;
2455 3191 2548 3244 ιπι
2587 3192 2645 3244 τὸ
2675 3164 2875 3245 τέλειον
2902 3164 3208 3263 epotis“
3243 3164 3491 3263 μίμησις.
3526 3164 3667 3262 Eax;

2086 3300 2258 3337 κειται
2307 3284 2486 3337 τοίνυν
2511 3283 2619 3335 τῶν
2650 3282 2880 3352 ψαλμῶν
2913 3286 2945 3354 ὴ
2985 3284 3157 3348 τάξις,
3194 3283 3378 3354 ἐπειδὴ
3408 3285 3470 3336 τὸ
3501 3302 3668 3337 σπου-

2081 3373 2370 3444 δαζόμενον
2420 3374 2534 3426 ἐστι
2579 3372 2657 3443 τῷ
2695 3374 2991 3444 Πνεύματι,
3055 3373 3237 3437 καθὼς
3284 3377 3519 3446 εἴρηται,
3565 3378 3667 3445 οὐχ

2086 3465 2325 3535 ἱστορίαν
2355 3466 2499 3535 ἡμᾶς
2538 3465 2746 3530 διδάξαι
2782 3465 2964 3536 ψιλὴν,
2997 3465 3135 3519 ἀλλὰ
3163 3465 3261 3530 τὰς
3292 3466 3469 3537 ψυχάς
3507 3470 3666 3539 ἡμῶν

2079 3557 2146 3610 δι’
2175 3558 2372 3628 ἀρετῆς
2427 3558 2568 3611 κατά
2623 3558 2757 3612 Θεὸν
2825 3557 3136 3629 μορφῶσαι·
3170 3558 3247 3623 ὡς
3315 3559 3566 3631 ἐπιζητεί
3603 3562 3666 3614 τὸ

2080 3648 2178 3717 τῆς
2198 3647 2431 3711 διανοίας
2455 3648 2563 3702 τῶν
2594 3650 2651 3702 ὲν
2695 3650 2807 3712 τοῖς
2832 3648 3067 3719 ψαλμοῖς
3104 3650 3507 3721 γεγραμμένων
3531 3651 3665 3704 ἀκό-

2079 3738 2286 3803 λουθον,
2312 3741 2409 3809 οὐχ
2436 3739 2512 3803 ὡς
2537 3740 2834 3811 ὴὶστορικὴ
2863 3740 3108 3810 βούλεται
3136 3740 3444 3795 ἀκολουθία.
3473 3741 3662 3794 Καθά-

2081 3848 2186 3903 περ
2215 3832 2323 3902 γὰρ
2356 3831 2448 3884 ἐπὶ
2474 3831 2568 3885 τοῦ
2612 3831 2923 3895 ἐκτεθέντος
2951 3834 3085 3903 ἡμῖν
3108 3832 3205 3885 τοῦ
3237 3832 3377 3886 κατὰ
3404 3832 3505 3903 τὴν
3534 3834 3665 3900 γλυ-

2080 3926 2186 3996 φὴν
2238 3924 2652 3994 ὑποδείγματος,
2696 3924 2905 3979 πολλῶν
2939 3926 3089 3978 ἐστιν
3123 3926 3369 3997 ὁργάνων
3396 3926 3532 3996 πρὸς
3559 3926 3662 3995 τὴν

2078 4013 2170 4067 τοῦ
2216 4014 2530 4085 ἀγάλματος
2577 4017 2921 4087 ἀπεργασίαν
2970 4017 3129 4086 χρεία
3165 4020 3227 4087 τῇ
3262 4017 3429 4088 τέχνῃ
3464 4016 3573 4084 (τά
3602 4017 3661 4070 δὲ

2075 4103 2283 4174 ὄργανα
2306 4104 2500 4170 ταῦτα,
2523 4107 2620 4176 οὐχ
2640 4105 2841 4177 ὁμοίως
2852 4105 2974 4176 ἔχει
3004 4107 3139 4178 πρὸς
3162 4106 3364 4175 ἄλληλα
3393 4106 3537 4160 κατὰ
3564 4107 3661 4160 τὸν

2075 4192 2244 4245 τύπον
2271 4193 2363 4247 τοῦ
2390 4196 2685 4265 σχήματος,
2716 4194 2851 4248 ἀλλά
2882 4195 2944 4249 τὸ
2963 4196 3063 4264 μὲν
3086 4196 3395 4258 ἐλικοειδῶς
3428 4195 3570 4249 κατά
3597 4197 3660 4248 τὸ

2075 4282 2243 4352 ἄκρον
2279 4283 2587 4337 τετύπωται
2608 4325 2622 4350 ,
2658 4283 2729 4335 τά
2754 4283 2809 4336 δὲ
2841 4282 3112 4353 πριονώδη
3141 4285 3238 4354 τὴν
3283 4283 3464 4354 ἀκμὴν
3505 4284 3622 4354 ἔχει
3642 4301 3656 4314 '

2074 4373 2210 4427 ἄλλα
2239 4373 2549 4442 σμιλοειδῶς
2579 4372 3033 4428 κατεσκεύασται.
3081 4374 3314 4440 Ἑτέροις
3365 4378 3657 4445 περιῆκται

2074 4466 2136 4520 τὸ
2159 4462 2299 4528 είδος
2326 4468 2405 4529 είς
2433 4465 2782 4536 ἡμικύκλιον.
2820 4466 3006 4520 Πάντα
3044 4465 3103 4518 δὲ
3123 4465 3298 4518 ταῦτα
3329 4467 3423 4518 καὶ
3450 4466 3521 4519 τὰ
3541 4483 3657 4539 τοι·

2074 4554 2235 4620 αῦτα,
2287 4554 2428 4609 κατὰ
2482 4556 2574 4609 τὸν
2627 4556 2758 4609 ἴδιον
2791 4557 3017 4610 ἕκαστον
3049 4556 3241 4627 καιρὸν
3286 4542 3657 4626 ὑπουργεῗτῷ

2073 4647 2312 4717 τεχνίτῃ)
2334 4663 2348 4677 ⁸
2381 4646 2556 4711 οὕτως
2606 4646 2684 4716 τῷ
2716 4646 2954 4717 ἀληθινῷ
2992 4646 3256 4716 ἐπιστάτῃ
3285 4644 3363 4715 τῷ
3390 4645 3656 4714 τεχνικῶς

2073 4738 2417 4806 διαγλύφοντι
2444 4738 2598 4808 ἡμῶν
2647 4737 2748 4802 τὰς
2774 4738 2954 4809 ψυχὰς
3012 4738 3147 4809 πρὸς
3199 4739 3298 4808 τὴν
3355 4737 3451 4789 τοῦ
3494 4737 3653 4790 Θείου

2072 4831 2350 4900 ὁμοίωσιν,
2389 4823 2501 4883 οἷον
2535 4829 2745 4901 ὄργανά
2785 4848 2905 4885 τινα
2942 4827 3297 4898 λιθογλυςρικὰ
3352 4828 3408 4880 αἱ
3464 4827 3651 4897 ψαλμ-

2071 4922 2226 4993 ῳδίαι
2256 4921 2928 4993 παρεσκευάσθησανιτὴν
2956 4923 3013 4975 δὲ
3039 4921 3144 4974 τῶν
3170 4920 3415 4991 ὀργάνων
3447 4919 3653 4972 τούτων

2072 5012 2266 5082 χρῆσιν
2322 5014 2355 5083 ἡ
2382 5013 2542 5083 χρεία
2572 5012 2672 5083 τῆς
2701 5011 2962 5084 ἐργασίας
3003 5012 3082 5075 είς
3112 5010 3264 5076 τάξιν
3284 5010 3425 5076 ἄγει.
3462 5009 3572 5061 Καὶ
3590 5008 3652 5061 οὐ

2082 5103 2227 5167 ,ιέλει
2258 5102 2337 5175 τῷ
2386 5104 2603 5175 τεχνίτῃ
2633 5102 3126 5174 πολυπραγμονεῖν.
3163 5103 3311 5153 ποῖον
3352 5100 3409 5151 ὲν
3429 5101 3540 5160 τοῖς
3563 5098 3655 5166 ὀρ-

2072 5194 2257 5260 γάνοις
2302 5194 2408 5266 πρὸ
2457 5193 2550 5246 τοῦ
2601 5193 2788 5263 ἐτέρου
2836 5192 3215 5263 κεχάλκευται,
3268 5190 3354 5243 ἴνα
3402 5189 3462 5242 τὸ
3493 5191 3550 5241 ὲν
3582 5191 3649 5258 τῇ

2071 5289 2379 5356 κατασκευῄ
2408 5285 2648 5356 πρῶτον,
2678 5284 2770 5336 καὶ
2798 5286 2856 5336 ἐν
2898 5286 2964 5354 τῇ
3000 5282 3289 5353 συνεργείᾳ
3308 5282 3404 5351 τῆς
3436 5278 3648 5349 γλυφῆς

2070 5374 2292 5446 γένηται
2311 5374 2545 5445 πρῶτον.
2577 5376 2635 5428 ’0
2666 5374 2775 5446 γὰρ
2801 5377 2866 5444 τῇ
2899 5374 3057 5445 χρείᾳ.
3092 5373 3393 5442 προσέχων,
3429 5370 3647 5441 πρῶτον

2072 5469 2162 5521 καὶ
2190 5465 2461 5536 δεύτερον,
2511 5466 2602 5519 καὶ
2634 5464 2918 5518 πολλοστὸν
2967 5466 3142 5519 ἐκεῖνο
3171 5464 3313 5515 ποιεῖ
3358 5461 3386 5512 ὂ
3406 5459 3647 5530 συμϐου-

2067 5558 2209 5611 λεύει
2258 5560 2291 5628 ἡ
2340 5558 2521 5627 χρεία.
2576 5557 2698 5609 Εἴτε
2751 5550 2844 5608 οὖν
2878 5557 2934 5606 ὲν
2985 5553 3221 5623 πρώτοις
3280 5553 3345 5604 τὰ
3389 5551 3646 5604 κατάντὸν

2068 5649 2260 5703 Ιόλιὰθ
2295 5650 2386 5702 καὶ
2412 5649 2503 5700 τὸν
2531 5648 2702 5701 Σαούλ
2734 5648 2851 5699 ἐστι
2888 5646 3185 5715 πράγματα
3207 5683 3220 5703 ,
3249 5645 3354 5695 εἴτε
3400 5645 3457 5694 ὲν
3495 5643 3645 5712 ἐσχά-

2070 5758 2178 5803 τοις
2200 5741 2267 5794 τὰ
2297 5738 2436 5793 κατὰ
2464 5741 2552 5792 τὸν
2597 5738 2949 5807 ’Λϐεσσαλὼμ
2986 5737 3079 5788 καὶ
3108 5736 3195 5788 τὸν
3231 5735 3452 5803 Οὐρίαν,
3482 5734 3571 5785 καὶ
3596 5731 3645 5783 of
