3844 6344
166 406 270 462 545

1558 393 1625 448 IN
1664 391 1997 449 PSALMOb.

3309 390 3412 445 546

156 518 246 571 τοῦ
276 515 449 570 Χουσὶ
466 515 631 583 λόγοι,
659 514 753 567 καὶ
786 514 818 584 ἡ
848 511 988 565 κατὰ
1015 512 1112 581 τὴν
1144 512 1416 584 Βερσαὸεὲ
1456 514 1729 584 συντυχία-

1843 512 2116 577 cideruut,
2154 519 2204 565 et
2236 512 2398 565 verba
2429 509 2596 566 Chusi
2620 551 2635 575 ,
2669 519 2724 565 et
2756 523 3089 578 congressus
3121 524 3246 563 cum
3274 508 3410 563 Ber-

162 609 310 679 μέλει
368 605 571 659 τούτων
617 604 768 657 οὐδὲν
813 602 892 671 τῷ
936 602 1229 674 μορφοῦντι
1269 604 1356 657 διὰ
1399 603 1602 657 τούτων
1629 604 1729 667 τὰς

159 700 377 770 καρδίας
436 697 626 769 ἡμῶν,
674 697 789 751 ἀλλ’
844 699 991 760 ὅπως
1026 698 1091 749 ἂν
1135 698 1204 749 δι’
1253 698 1481 752 ἑκάστου
1528 698 1730 751 τούτων

159 788 364 855 γένοιτό
413 805 500 850 τις
550 785 687 857 πρὸς
732 787 796 839 τὸ
840 786 1042 854 ἀγαθὸν
1068 787 1200 856 ἡμῖν
1250 787 1535 856 συνεργία.
1588 786 1730 856 Πρὸς

158 879 310 934 τοῦτο
353 879 544 949 βλέπει
599 879 691 931 καὶ
741 880 774 947 ἠ
821 876 957 947 πρὸς
992 877 1089 946 τὴν
1123 877 1394 947 σωτηρίαν
1419 876 1727 929 ἀκολουθία·

159 972 249 1023 καὶ
298 971 455 1036 τάξις
511 969 706 1039 ἀρίστη
734 968 941 1035 γίνεται
978 968 1087 1020 τῶν
1116 969 1196 1028 είς
1241 968 1372 1021 αὐτὸ
1414 966 1573 1020 τοῦτο
1607 983 1731 1019 συν-

161 1062 462 1131 εργούντων
482 1063 615 1131 ἡμῖν
653 1058 941 1113 ἀκολουθία
970 1059 1063 1112 καὶ
1088 1058 1258 1122 τάξις.
1288 1052 1433 1121 Οἷον,
1470 1060 1499 1111 6
1522 1057 1734 1127 πρῶτος

161 1153 461 1222 ἀπέστησεν
493 1153 593 1223 τῆς
631 1149 767 1221 πρὸς
807 1150 868 1202 τὸ
900 1149 1069 1203 κακδν
1108 1149 1381 1217 συμφυΐας
1407 1149 1497 1203 τὸν
1522 1147 1733 1219 ἄνθρω-

161 1260 273 1299 πον.
315 1245 375 1297 ’0
408 1242 682 1313 δεύτερος,
726 1241 831 1294 τίνι
874 1240 1371 1312 προσκολληθῶμεν
1420 1240 1731 1307 ὑπέδειξεν,

161 1336 255 1406 τὴν
280 1335 369 1388 διὰ
410 1336 615 1405 σαρκὸς
640 1332 735 1386 τοῦ
768 1333 977 1403 Κυρίου
1023 1331 1379 1402 προμηνύσας
1410 1330 1729 1402 ἐμφάνειαν,

162 1427 251 1479 καὶ
302 1425 505 1491 δείξας,
542 1426 623 1479 ὄτι
678 1424 836 1478 τοῦτό
894 1425 1009 1477 ὲστι
1061 1423 1331 1493 μακάριον
1363 1423 1425 1475 τὸ
1463 1425 1549 1476 ἐπ’
1587 1423 1734 1494 αὐτῷ

165 1517 493 1572 πεποιθέναι.
555 1519 614 1572 '0
657 1517 856 1587 τρίτος,
919 1516 1010 1569 τὸν
1043 1516 1195 1586 παρᾶ
1245 1514 1336 1568 τοῦ
1419 1515 1612 1586 ἐχθροῦ
1652 1533 1734 1570 σοι

164 1608 516 1677 ἐφιστάμενον
539 1607 843 1677 πειρασμὸν
884 1604 1244 1676 προμηνύσει.
1290 1606 1377 1668 Ὠς
1403 1605 1501 1675 ἤδη
1530 1622 1586 1657 σε
1617 1622 1728 1674 χρι-

168 1692 348 1759 σθέντα
379 1695 459 1754 εἰς
494 1691 767 1761 βασιλείαν
815 1691 902 1744 διὰ
929 1690 1028 1760 τῆς
1062 1690 1317 1752 πίστεως,
1349 1691 1442 1742 καὶ
1492 1690 1571 1758 τῷ
1599 1689 1733 1760 ἀλη-

165 1781 287 1853 θινῷ
324 1782 549 1853 Χριστῷ
598 1781 1085 1852 συμϐασιλεύοντα,
1115 1780 1216 1833 οὐκ
1245 1779 1441 1845 ἔξωθεν
1473 1781 1738 1849 ἐπιχειρεῖ

1831 605 2025 667 sabee,
2067 604 2200 657 nihil
2230 604 2421 657 horum
2455 617 2601 656 curae
2626 610 2711 657 est
2742 602 2819 655 ill‘i
2839 640 2855 665 ,
2888 601 2982 670 qui
3012 601 3179 655 corda
3221 607 3411 656 nostra

1830 711 1927 765 per
1957 696 2069 748 haec
2103 694 2345 759 format;
2399 692 2492 747 sed
2540 693 2593 747 id
2643 692 2821 747 solum
2875 692 3222 758 considerat,
3274 705 3413 760 quo-

1830 785 1989 838 modo
2035 784 2264 852 singulis
2300 782 2495 835 horum
2536 781 2602 835 ad
2650 781 2908 836 virtutem
2959 778 3264 850 adiumenti
3312 779 3412 832 ali-

1833 876 1963 945 quid
1996 874 2184 929 afferat
2211 892 2224 926 :
2258 872 2324 926 ad
2352 871 2497 942 quod
2534 872 2698 927 etiam
2731 872 2850 939 ipse
2894 870 3090 923 salutis
3121 871 3258 922 ordo
3292 876 3414 923 teu-

1831 966 1911 1019 dit
1940 985 1953 1020 :
1991 966 2340 1034 Optimusque
2369 965 2504 1019 ordo
2537 972 2623 1019 est
2654 963 2975 1018 continuata
3012 961 3185 1017 series
3219 975 3410 1015 eorum

1831 1071 1950 1125 quae
1979 1055 2045 1108 ad
2088 1055 2191 1109 hoc
2222 1054 2398 1125 ipsum
2434 1054 2638 1126 aliquid
2679 1056 2797 1123 opis
2837 1053 3218 1108 eontribuunl.
3246 1048 3411 1107 Verbi

1831 1145 2004 1215 gratia
2025 1183 2038 1206 ,
2067 1144 2274 1213 primus
2298 1144 2543 1214 psalmus
2579 1143 2802 1197 abducit
2835 1142 3111 1196 hominem
3142 1154 3173 1193 a
3202 1154 3411 1208 cogna-

1833 1236 2000 1296 tione,
2030 1248 2190 1302 quam
2222 1247 2347 1287 cum
2379 1231 2523 1286 malo
2561 1232 2837 1287 contraxit
2863 1249 2879 1298 ;
2909 1230 3188 1287 secundus
3227 1237 3413 1283 osten-

1832 1322 1944 1387 dit,
1993 1323 2081 1376 cui
2131 1322 2201 1377 sit
2232 1321 2652 1387 adhaerendum,
2719 1320 2847 1375 dum
2899 1321 2972 1375 ob
3017 1320 3209 1375 oculos
3258 1318 3414 1388 ponit

1831 1412 2035 1467 Christi
2075 1413 2131 1467 in
2159 1426 2325 1468 carne
2373 1412 2908 1476 manifestationem,
2948 1412 3223 1481 simulque
3254 1411 3415 1464 docet

1835 1496 2088 1553 ﬁduciam
2126 1515 2251 1568 erga
2290 1501 2468 1570 ipsum
2520 1501 2912 1556 beatitudinem
2956 1509 3199 1555 nostram
3245 1515 3412 1566 esse;

1834 1591 2027 1644 tertius
2062 1591 2297 1659 explicat
2328 1591 2428 1645 tibi
2459 1592 2830 1647 imminentem
2863 1592 2933 1645 ab
2966 1591 3125 1646 hoste
3157 1593 3416 1667 tentatio-

1836 1695 1982 1733 nem.
2013 1679 2197 1749 Itaque
2225 1688 2278 1735 te
2306 1681 2419 1750 jam
2451 1693 2673 1737 unctum
2712 1684 2766 1737 in
2797 1699 2980 1754 regem
3011 1699 3107 1754 per
3136 1684 3294 1737 fidem
3316 1724 3331 1747 ,
3362 1692 3417 1738 et

1838 1788 1961 1826 cum
2010 1787 2138 1826 vero
2179 1780 2346 1827 uncto
2378 1782 2693 1844 regnantem
2718 1815 2733 1838 ,
2790 1776 3031 1844 dejicere
3076 1784 3309 1830 conatur
3348 1775 3419 1831 de

166 1873 251 1926 τοῦ
285 1871 600 1943 ἀξιώματός
634 1890 694 1925 σε
743 1872 1049 1936 ἐκϐάλλειν,
1092 1870 1206 1924 ἀλλ’
1240 1870 1302 1934 ἐξ
1329 1870 1490 1923 αὐτοῦ
1518 1870 1610 1923 τοῦ
1642 1869 1735 1922 σοῦ

1843 1870 2003 1917 tantae
2034 1862 2315 1933 dignitatis
2342 1862 2595 1933 fastigio,
2630 1880 2739 1918 non
2769 1864 2904 1921 f0ris
2924 1906 2940 1930 ,
2974 1864 3068 1919 sed
3099 1880 3164 1919 ex
3206 1874 3257 1920 te
3296 1867 3416 1935 ipso

167 1964 463 2032 γενόμενος,
517 1964 589 2015 Οὐ
630 1963 741 2032 γὰρ
796 1961 1059 2032 ἑτέρωθεν
1111 1960 1223 2028 ἔχει
1269 1960 1368 2028 τὴν
1422 1960 1573 2029 ἰσχὺν
1614 1960 1735 2013 καθ’

170 2054 313 2123 ἡμῶν
372 2054 401 2105 6
454 2052 735 2122 πολέμιος,
774 2052 895 2105 οὐδὲ
942 2050 1072 2122 παρ’
1104 2050 1266 2104 άλλου
1318 2049 1461 2112 τινὸς
1498 2049 1608 2102 ἀπὸ
1641 2048 1734 2101 τοῦ

170 2143 467 2213 ἀξιώματος
533 2141 927 2212 ὲκὸαλλόμεθα,
976 2143 1024 2193 εί
1076 2141 1149 2211 μὴ
1195 2140 1346 2192 αὐτοὶ
1386 2140 1619 2210 πατέρες
1644 2138 1736 2192 τοῦ

172 2231 330 2285 κακοῦ
354 2234 693 2303 γεννήματος
716 2232 805 2285 διὰ
830 2232 929 2301 τῆς
953 2248 1090 2302 πονη
1101 2233 1201 2302 ρᾶς
1222 2232 1409 2294 ὠδῖνος
1424 2230 1733 2301 γενοίμεθα.

176 2324 262 2385 ’ος
282 2323 528 2392 ἁνταίρει
555 2324 620 2392 τῇ
645 2321 891 2393 βασιλείᾳ
916 2321 1096 2393 ήμῶν,
1126 2322 1218 2374 καὶ
1244 2322 1597 2374 ἐπανίσταται
1618 2321 1737 2373 τότε

172 2413 280 2466 καθ’
308 2414 464 2484 ἡμῶν
517 2413 584 2467 τὸ
642 2414 843 2484 κράτος
896 2412 1206 2483 λαμϐάνων,
1236 2413 1365 2466 ὅταν
1404 2412 1605 2483 μολύνῃ
1642 2411 1739 2474 τὰς

174 2504 515 2567 συνοικούσας
553 2505 706 2572 ἡμῖν,
735 2505 792 2556 ὲν
830 2503 1080 2576 ὑπαίθρῳ
1132 2504 1193 2557 τὸ
1229 2506 1358 2572 ἄγος
1404 2503 1741 2573 κατεργασά-

179 2610 322 2663 μενος
344 2611 358 2625 ο
383 2595 535 2648 τοῦτ’
573 2594 742 2656 ἐστιν,
781 2594 910 2649 ὅταν
928 2594 1261 2665 δημοσιεύση
1284 2594 1382 2666 τὴν
1400 2595 1505 2647 τῶν
1529 2594 1740 2664 ἀρετῶν

176 2685 318 2753 ἡμῶν
350 2684 672 2754 διαφθορὰν,
702 2677 789 2746 αἶς
813 2700 941 2737 ποτε
968 2686 1382 2754 συνῳκὴσαμεν.

252 2942 396 2996 Ἐπεὶ
419 2938 516 2997 οὖν
573 2945 632 2996 ἐν
674 2947 784 3009 τοῖς
820 2945 1054 3015 πρώτοις
1112 2945 1264 3000 οὔπω
1295 2949 1584 3003 τετόνωται
1610 2952 1744 3021 πρὸς

180 3030 291 3095 τοὺς
319 3033 534 3100 ἀγῶνας
583 3034 713 3104 ἡμῖν
757 3036 792 3105 ἡ
836 3035 1085 3106 δύναμις,
1128 3037 1204 3101 ὡς
1238 3040 1380 3092 κατὰ
1431 3041 1604 3111 στόμα
1626 3045 1745 3104 ταῖς

182 3122 487 3191 προσϐολαῖς
550 3123 644 3177 τοῦ
696 3125 974 3195 ἀλλοτρίου
1038 3127 1466 3196 συμπλέκεσθαι,
1513 3131 1608 3183 καὶ
1650 3131 1744 3184 τοῦ

1839 1952 2151 2007 exsistens:
2180 1966 2289 2005 non
2317 1952 2462 2007 enim
2495 1951 2715 2006 aliunde
2747 1953 2854 2005 vim
2890 1959 3082 2006 contra
3119 1967 3221 2006 nos
3250 1952 3417 2008 habet

1836 2042 2243 2110 hostis,neque
2275 2041 2345 2095 ab
2394 2041 2502 2095 alio
2544 2040 2782 2110 quodam
2831 2055 2897 2095 ex
2947 2039 3211 2110 dignitate
3262 2048 3417 2110 parta

1836 2132 2207 2198 exturbamur,
2241 2132 2348 2186 nisi
2375 2146 2477 2187 nos
2505 2132 2607 2201 ipsi
2636 2132 2766 2186 mali
2801 2131 2966 2200 hujus
2994 2134 3177 2199 gnati,
3209 2132 3415 2188 infelici

1840 2224 2051 2294 partu,’
2080 2226 2239 2294 quasi
2295 2233 2481 2295 patres
2537 2226 2769 2289 fiamus,
2817 2225 2911 2295 qui
2950 2227 3006 2281 in
3043 2242 3273 2298 regnum
3316 2242 3416 2281 no-

1840 2324 2013 2371 strum
2050 2317 2284 2386 insurgit
2318 2324 2373 2371 et
2419 2330 2567 2369 arma
2620 2318 2797 2386 capit,
2842 2317 2936 2386 qui
2983 2325 3113 2372 tunc
3150 2318 3418 2373 adversus

1840 2421 1941 2460 nos
1969 2406 2311 2475 potissimum
2342 2405 2659 2470 invalescit,
2689 2419 2811 2458 cum
2840 2406 3294 2460 contaminaverit
3321 2421 3416 2460 eas

1840 2510 1962 2565 quae
2000 2496 2285 2549 nobiseum
2323 2494 2607 2560 habitant,
2661 2495 2783 2548 lucc
2833 2495 3045 2564 palam,
3091 2504 3147 2550 et
3195 2494 3249 2549 in
3301 2509 3420 2549 om-

1843 2588 1996 2640 nium
2049 2595 2382 2655 conspectu,
2440 2594 2593 2638 tanto
2641 2586 2858 2655 piaculo
2909 2594 3255 2655 perpetrato,
3315 2586 3419 2640 hoc

1841 2686 1963 2738 est,
1995 2676 2217 2745 quando
2249 2676 2314 2729 ad
2346 2675 2624 2745 publicum
2674 2676 2823 2730 velut
2881 2682 3150 2742 quaestum
3196 2676 3420 2747 exponit

1844 2768 2111 2821 virtutum
2173 2775 2488 2820 nostrarum
2546 2764 2984 2834 corruptionem,
3043 2763 3241 2834 quibus
3288 2764 3418 2819 olim

1790 2872 1798 2881 ·
1844 2854 2302 2911 collabitavimus.

1913 2943 2050 2999 Cuni
2084 2944 2245 3013 igitur
2276 2944 2344 2998 ab
2379 2943 2536 2997 initio
2586 2945 2766 2997 virtus
2813 2950 3002 2997 nostra
3050 2943 3294 2998 nondum
3345 2943 3418 2998 ita

1846 3036 1912 3089 ad
1949 3050 2184 3106 pugnam
2223 3036 2295 3089 sit
2326 3034 2714 3097 corroborata,
2752 3041 2810 3086 ut
2854 3041 3042 3103 aperte
3085 3043 3140 3089 et
3180 3035 3326 3089 velut
3365 3035 3420 3090 in

1849 3127 2041 3182 faciem
2073 3125 2421 3196 impressioni
2460 3125 2634 3180 hostis
2680 3125 2939 3180 resistere
2968 3126 3282 3191 valeamus,
3323 3128 3420 3182 sed

184 3217 356 3280 φυγεῖν
382 3216 474 3268 τοῦ
511 3216 753 3283 τοιούτου
790 3219 889 3284 τὴν
931 3216 1139 3284 ἔφοδον,
1168 3219 1230 3269 οὐ
1265 3219 1458 3291 μικρὸν
1496 3223 1575 3284 είς
1601 3221 1738 3290 ὠφέ-

1849 3232 2073 3272 necesse
2102 3218 2173 3271 sit
2214 3215 2399 3285 fugere
2429 3215 2744 3283 hujusmodi
2785 3214 3132 3279 conflictum,
3178 3231 3284 3269 non
3327 3230 3424 3285 pa-

183 3297 314 3350 λιιαν
358 3304 467 3364 τοῖς
518 3300 943 3371 πολεμουμένοις
976 3305 1006 3356 6
1047 3303 1202 3371 λόγος
1229 3306 1505 3371 ὑπέδειξεν
1531 3308 1620 3361 διὰ
1646 3309 1741 3363 τοῦ

185 3389 312 3443 νατὰ
345 3391 442 3462 τὴν
474 3391 699 3462 Γραφὴν
725 3391 1141 3464 ὑποδείγματος,
1183 3396 1339 3451 τοῦτό
1367 3415 1426 3451 σε
1449 3398 1739 3468 διδάσκων,

185 3479 255 3533 ὅτι
280 3481 400 3535 ὅταν
433 3501 515 3536 σοι
543 3483 768 3553 γένηται
819 3484 1178 3557 Ἀϐεσσαλὼμ
1199 3489 1228 3541 6
1263 3491 1329 3559 τῇ
1353 3489 1519 3560 κακίᾳ
1534 3489 1740 3560 κομῶν,

188 3572 212 3620 ὁ
251 3572 654 3644 ἀδελφοκτόνος,
711 3577 832 3630 τότε
895 3577 1095 3648 τιμίοις
1138 3595 1233 3632 σου
1295 3580 1493 3650 γάμοις
1541 3580 1635 3634 καὶ
1675 3584 1739 3653 τῇ

187 3660 416 3734 ἀμιάντῳ
462 3665 622 3738 κοίτῃ
669 3666 1058 3739 ὲπιλυσσήσας,
1098 3667 1288 3737 φεῦγε,
1314 3669 1495 3734 καθώς
1527 3688 1691 3739 φησιν
1713 3672 1744 3724 6

189 3748 389 3820 Κύριος,
453 3755 565 3807 ἀπὸ
615 3755 820 3819 πόλεως
852 3758 933 3820 είς
964 3757 1138 3812 πόλιν.
1181 3759 1268 3811 Ἐν
1309 3760 1414 3831 γὰρ
1450 3759 1528 3830 τῷ
1553 3760 1741 3814 ἀποδι-

189 3837 421 3910 δράσκειν
476 3846 589 3899 ἀπὸ
666 3845 955 3916 προσώπου
1029 3848 1381 3919 Ἀὅεσσαλὼμ
1438 3850 1606 3918 ἐστιν,
1646 3851 1742 3905 τοῦ

190 3932 407 3987 τοιούτου
436 3936 577 3998 υἱοῦ,
596 3937 685 3990 τὸν
704 3935 1092 4007 συλλεξάμενον
1138 3937 1331 3992 ἑαυτοῦ
1361 3938 1458 4002 τὰς
1488 3938 1745 4011 δυνάμεις

190 4029 250 4097 τῇ
303 4031 555 4101 συνεργίᾳ
597 4030 689 4083 τοῦ
749 4029 908 4096 ξύλου
956 4032 1050 4086 τοῦ
1090 4035 1148 4087 ἐν
1179 4034 1327 4105 αὐτῷ
1366 4034 1466 4106 τὴν
1500 4039 1744 4108 πονηρὰν

191 4118 338 4172 αὐτοῦ
368 4123 543 4193 κόμην
575 4122 933 4193 ὲκδήσαντος,
967 4124 1055 4178 διὰ
1096 4125 1204 4178 τῶν
1233 4124 1400 4192 τριῶν
1433 4127 1602 4198 βελῶν
1647 4129 1744 4181 ἀν-

192 4210 317 4263 ελεῖν
355 4216 443 4271 τὸν
487 4216 767 4287 πολέμιον.
798 4217 967 4286 Δῆλον
992 4217 1049 4271 δέ
1076 4235 1158 4272 σοι
1186 4219 1401 4284 πάντως
1432 4223 1548 4274 ἐστὶ
1574 4223 1634 4274 τὸ
1656 4222 1743 4274 διὰ

192 4299 278 4369 τῆς
325 4304 556 4376 ἱστορίας
614 4308 1060 4378 ὑποδεικνύμενον
1102 4312 1348 4380 αἴνιγμα,
1380 4313 1530 4364 ποῖον
1570 4314 1745 4365 ἐκεῖνο

192 4388 246 4441 τὸ
276 4390 439 4459 ξύλον,
465 4388 509 4463 ᾧ
541 4396 866 4467 προσηλώοη
920 4400 1018 4467 τῆς
1051 4401 1249 4461 κακίας
1288 4403 1321 4470 ή
1357 4403 1524 4472 κόμη.
1553 4403 1689 4471 ὅπερ
1716 4405 1744 4453 ὁ

206 4479 501 4550 Ἀπόστολος
554 4488 912 4558 χειρόγραφον
941 4491 1224 4559 ἁμαρτιῶν
1258 4492 1530 4560 ὀνομάζει,
1563 4494 1744 4556 καθώς

1849 3323 1969 3361 rum
2036 3306 2288 3361 utilitatis
2348 3307 2416 3360 iis
2468 3307 2563 3376 qui
2616 3306 2759 3361 bello
2814 3314 3164 3375 appetuntur,
3207 3306 3424 3361 divinus

1849 3413 2031 3455 sermo
2080 3414 2177 3468 per
2229 3400 2456 3452 allatum
2513 3396 2812 3468 Scriptum
2857 3399 3161 3469 exemplum
3210 3400 3422 3463 attulit,

1848 3489 1952 3543 hoc
2001 3488 2256 3541 videlicet
2293 3495 2347 3540 te
2399 3487 2636 3550 docens,
2689 3496 2749 3538 ut
2794 3486 3012 3554 quando
3046 3486 3143 3539 tibi
3180 3486 3425 3541 nascitur

1848 3579 2083 3633 Absalou
2108 3618 2122 3640 ,
2158 3579 2378 3632 malitia:
2426 3580 2577 3632 velut
2607 3592 2763 3632 coma
2812 3579 3043 3647 insignis
3067 3619 3081 3644 ,
3126 3578 3425 3650 fratrisque

1850 3669 2187 3732 interfector,
2215 3671 2419 3739 quique
2446 3670 2763 3723 venerando
2793 3677 2888 3722 tuo
2934 3669 3092 3722 thoro
3133 3677 3188 3724 et
3230 3671 3424 3724 imma-

1849 3761 2031 3814 cuiato
2054 3760 2218 3815 cubili
2250 3760 2456 3813 furiose
2498 3759 2758 3823 insultet,
2788 3758 2967 3828 fugias
2992 3798 3007 3821 ,
3059 3766 3119 3813 ut
3161 3758 3424 3817 Dominus

1850 3859 2065 3914 monet,
2095 3851 2164 3905 de
2192 3850 2413 3905 civitate
2446 3850 2499 3904 in
2538 3852 2814 3905 civitatem
2853 3852 2919 3905 °'.
2968 3849 3247 3922 Fugiendo
3275 3853 3422 3908 enim

1850 3959 1880 3997 a
1914 3943 2051 3998 facie
2081 3945 2372 4001 Absalonis
2405 3944 2529 3998 talis
2571 3944 2666 3998 filii
2692 3986 2705 4011 ,
2750 3945 3102 4015 cogendoque
3148 3946 3202 4000 in
3253 3961 3422 4001 unum

1850 4036 2038 4106 copias
2071 4043 2226 4099 tuas,
2256 4050 2359 4106 ope
2392 4036 2561 4105 ligni,
2586 4035 2730 4106 quod
2766 4037 2819 4089 in
2850 4037 3030 4106 seipso
3061 4037 3422 4107 perniciosam

1850 4128 1998 4181 illam
2028 4142 2240 4181 comam
2267 4128 2462 4196 religat
2487 4138 2537 4183 et
2572 4131 2864 4199 appendit,
2913 4131 3089 4186 tribus
3132 4131 3258 4185 telis
3296 4131 3427 4185 lice-

1854 4218 1930 4270 bit
1962 4218 2059 4272 tibi
2105 4220 2372 4288 perimere
2409 4219 2704 4274 inimicum.
2753 4217 3032 4275 Neminem
3068 4222 3225 4285 latet,
3259 4238 3425 4291 quor.
3516 4289 3526 4298 ἢ

1852 4324 1973 4363 sum
2008 4309 2109 4363 hoc
2141 4324 2203 4363 ex
2249 4308 2598 4363 historiarum
2632 4311 2997 4364 monumentis
3029 4312 3255 4381 aenigma
3292 4313 3425 4379 peti-

1853 4412 1964 4454 tum
1986 4404 2284 4470 pertineat,
2314 4411 2367 4455 et
2388 4403 2547 4470 quale
2569 4402 2773 4473 lignum
2803 4402 2872 4457 sit
2893 4442 2906 4464 ,
2932 4404 3017 4457 cui
3048 4405 3203 4471 quasi
3231 4403 3424 4469 clavis,

1854 4493 2073 4545 malitiae
2107 4506 2261 4545 coma
2301 4491 2455 4544 aﬂixa
2491 4500 2608 4557 est,
2645 4493 2788 4562 quod
2832 4493 3256 4563 chirographum
3294 4508 3426 4565 pee-

195 4587 374 4641 φησιν,
408 4578 485 4631 ὅτι
541 4581 636 4632 καὶ
689 4601 705 4630 ι
744 4581 882 4634 Αὐτὸ
1129 4585 1193 4636 ὲκ
1222 4584 1317 4637 τοῦ
1353 4558 1537 4655 μέσου,
1578 4603 1738 4658 προσ-

1850 4588 2094 4632 calorum
2127 4580 2444 4632 nominatur
2473 4580 2540 4633 ab
2568 4580 2856 4649 Apostolo,
2890 4584 2983 4651 qui
3022 4596 3074 4638 et
3113 4585 3186 4637 ait
3213 4600 3226 4638 :
3256 4602 3276 4635 ι
3298 4558 3423 4639 ’1100

194 4660 389 4729 ηλὼσας
416 4666 491 4738 τῷ
516 4668 732 4740 σταυρῷ
756 4686 767 4698 ·
808 4690 827 4721 ι
861 4671 1004 4723 τοῦτ’
1038 4672 1183 4725 ἔστιν
1211 4673 1288 4744 τῷ
1320 4674 1482 4745 ξύλῳ.
1524 4677 1633 4729 Καὶ
1659 4680 1743 4741 τίς

196 4750 354 4818 ἡτῶν
412 4756 578 4825 βελῶν
632 4759 866 4830 τριὰς,η
911 4761 1083 4831 μέσην
1111 4760 1379 4831 βάλλουσα
1409 4764 1502 4817 τοῦ
1545 4765 1739 4836 ἐχθροῦ

195 4841 278 4911 rip
304 4847 538 4914 καρδίαν,
568 4850 632 4903 δι’
661 4846 729 4920 ἧς
752 4851 959 4917 γίνεται
983 4850 1077 4903 τοῦ
1109 4852 1336 4921 ἐσχάτου
1371 4855 1566 4926 ἐχθροῦ
1592 4859 1621 4908 6
1648 4856 1743 4908 θά-

199 4946 373 5001 νατος;
414 4939 497 5002 ὀς
518 4940 561 4992 δ’
592 4940 658 4994 ἂν
715 4941 922 5010 καίριον
966 4941 1192 5010 γένηται
1224 4945 1353 5013 ἡμῖν
1395 4945 1455 4996 τὸ
1495 4946 1620 5015 περὶ
1648 4945 1743 4999 τοῦ

200 5020 370 5091 βέλους
385 5029 575 5101 νόημα,
602 5036 667 5102 τῇ
696 5033 1001 5101 προφητεία
1022 5032 1115 5086 τοῦ
1142 5035 1363 5086 Ἡσαΐου
1390 5036 1745 5105 προσέξομεν,

199 5113 250 5175 ὃς
267 5134 418 5188 φησιν
438 5124 500 5177 ὲκ
522 5123 812 5195 προσώπου
835 5125 1152 5196 Κυρίου,ὃτι
1181 5145 1197 5177 ι
1213 5126 1447 5195 Ἐοηκέν
1477 5146 1542 5197 με
1569 5128 1644 5191 ὡς
1661 5129 1748 5198 βέ-

199 5202 278 5270 λος
301 5210 562 5275 ἐκλεκτὸν,
589 5217 683 5269 καὶ
703 5218 761 5269 ὲν
784 5218 852 5287 τῇ
884 5219 1131 5290 φαρέτρα
1157 5217 1321 5271 αὑτοῦ
1358 5217 1571 5287 ὓψωσέν
1599 5237 1686 5288 με.
1721 5239 1740 5272 ι

201 5294 352 5353 Τοῦτο
373 5305 543 5357 τοίνυν
569 5307 629 5360 τὸ
657 5308 857 5378 βέλος,ι
878 5311 906 5362 6
929 5307 1034 5372 ζῶν
1057 5328 1076 5360 ι
1100 5309 1192 5363 τοῦ
1216 5309 1410 5381 Κυρίου
1431 5308 1586 5379 λόγος
1606 5313 1743 5374 ἐστὶ,

201 5394 282 5445 καὶ
305 5414 321 5445 ι
361 5400 659 5473 τομώτερος
688 5405 828 5476 ὑπὲρ
863 5411 1043 5461 πᾶσαν
1075 5407 1349 5477 μάχαιραν
1405 5404 1676 5474 δίστομον
1715 5423 1735 5455 ι

200 5477 226 5528 ό
256 5477 305 5532 δὲ
347 5483 494 5553 λόγος
535 5490 681 5543 ἐστὶν
706 5495 735 5545 6
757 5493 988 5563 Χριστός
1014 5510 1027 5524 ’
1054 5494 1135 5563 τῷ
1152 5496 1209 5548 δὲ
1233 5496 1456 5564 ὀνόματι
1479 5492 1652 5563 τούτῳ
1679 5493 1740 5547 τὸ

201 5566 286 5636 τῆς
322 5571 539 5642 Τριάδος
587 5580 925 5649 ὁμολογεῖται
976 5587 1289 5654 μυστήριον.
1336 5585 1423 5635 Ἐν
1460 5575 1505 5651 ᾧ
1530 5582 1623 5636 κα⁴ι
1652 5583 1742 5635 τὸν

202 5661 462 5728 χρισθέντα
509 5671 597 5723 καὶ
628 5673 720 5725 τὸν
769 5673 1050 5744 χρίσαντα,
1083 5677 1175 5729 καὶ
1201 5676 1261 5728 τὸ
1290 5669 1332 5743 ᾧ
1358 5676 1581 5745 ὲχρίσθη
1601 5675 1742 5729 διδα-

1846 4685 1877 4724 e
1910 4670 2090 4723 medio
2120 4670 2393 4724 sublatum
2416 4710 2430 4733 ,
2464 4672 2726 4742 cruciquc
2757 4672 2973 4727 aliixum
3021 4690 3141 4730 esse
3174 4674 3238 4741 “,
3272 4695 3289 4728 ι
3320 4678 3423 4733 hoc

1847 4769 1931 4816 est
1979 4761 2143 4830 ligno.
2189 4760 2255 4814 Et
2298 4777 2543 4832 quasnam
2575 4770 2662 4817 est
2702 4763 2793 4817 illa
2832 4766 2967 4819 trias
3000 4767 3268 4833 telorum,
3301 4785 3424 4839 qua:

1851 4852 2087 4907 medium
2124 4852 2298 4908 hostis
2334 4862 2527 4923 pectus
2561 4857 2970 4911 transverberat
2994 4898 3008 4921 ,
3038 4874 3160 4929 qum
3190 4871 3421 4915 mortem

1844 4944 2031 5013 jurato
2059 4953 2112 4998 et
2139 4945 2359 5015 capitali
2390 4946 2533 5001 hosti
2568 4946 2769 5003 affert?
2800 4947 2864 5003 Ut
2900 4952 2988 5004 teli
3024 4940 3189 5021 hujus
3220 4952 3422 5005 intelli-

1848 5038 2086 5107 gentiam
2119 5039 2407 5093 commode
2438 5056 2817 5110 assequamur,
2857 5044 3101 5097 animum
3132 5042 3422 5097 advertere

1845 5135 2058 5197 oportet
2098 5129 2164 5181 ad
2202 5131 2538 5198 prophetiam
2574 5133 2763 5195 Isaiae,
2800 5134 2890 5201 qui
2928 5150 2990 5188 ex
3042 5148 3273 5201 persona
3315 5132 3419 5187 Do-

1845 5220 1975 5273 mini
2007 5222 2075 5273 ait
2099 5239 2111 5274 :
2136 5238 2155 5271 ι
2185 5221 2371 5276 Posuit
2402 5238 2488 5277 me
2517 5225 2679 5278 lclum
2708 5226 2940 5280 electum
2964 5264 2978 5287 ,
3003 5234 3055 5279 et
3084 5226 3135 5277 iu
3163 5224 3417 5294 pharetra

1844 5325 1941 5365 sua
1975 5313 2233 5366 exaltavit
2264 5328 2349 5367 me
2378 5315 2442 5367 “.
2482 5333 2498 5367 ι
2527 5314 2639 5370 Hoc
2668 5316 2832 5386 igitur
2861 5317 3023 5369 telum
3046 5357 3060 5379 ,
3092 5324 3174 5369 est
3208 5312 3417 5368 Domini

1848 5415 2065 5464 sermo,
2104 5421 2123 5453 ι
2159 5405 2351 5469 vivus,
2404 5407 2792 5474 penetrabilior
2841 5409 2987 5460 omni
3036 5405 3213 5476 gladio
3267 5405 3419 5461 anci-

1851 5494 1945 5562 piti
1974 5494 2055 5545 "z
2092 5513 2111 5545 ι
2135 5510 2316 5551 sermo
2362 5509 2541 5552 autem
2598 5498 2701 5552 iste
2750 5497 3000 5550 Cltt'iSltts
3030 5507 3112 5552 est
3133 5538 3147 5561 ,
3180 5512 3288 5564 quo
3320 5511 3420 5551 no-

1852 5585 1996 5639 mine
2048 5584 2332 5642 Trinitatis
2394 5590 2706 5659 mysterium
2766 5589 3122 5659 significatur.
3183 5589 3422 5644 “evocat

1850 5676 1992 5729 enim
2027 5677 2080 5731 in
2115 5691 2369 5743 mentem,
2391 5690 2444 5735 et
2478 5696 2600 5735 eum
2635 5682 2726 5751 qui
2761 5684 2936 5742 unxit,
2961 5691 3014 5735 et
3043 5698 3165 5737 eum
3198 5683 3287 5756 qui
3316 5698 3420 5739 un-

261 5795 301 5825 “
332 5798 507 5857 Matth.
539 5824 586 5872 ιι,
623 5808 724 5873 25;
767 5806 805 5861 ll
836 5807 967 5878 Reg.
1001 5826 1153 5876 xvm,
1184 5811 1215 5865 9
1248 5828 1368 5882 sqq.
1447 5809 1493 5845 "
1521 5810 1736 5867 Coloss.

1872 5810 1954 5865 Η.
2034 5812 2079 5843 ⁸⁵
2104 5810 2207 5869 lsa.
2244 5831 2388 5885 χιιι,
2419 5817 2473 5869 2.
2552 5818 2594 5847 ⁸⁵
2623 5816 2785 5873 Hebr.
2821 5834 2890 5885 Iv,
2915 5817 2992 5872 12.
