3844 6384
385 384 489 439 567

1658 386 1714 438 S.
1749 384 2076 442 GREGORII
2121 387 2414 442 IVYSS‘FNI

3546 389 3658 444 548

386 515 512 561 rtus
533 514 636 572 est,
665 519 898 574 eumque
928 517 1036 572 quo
1065 509 1263 556 unctus
1290 511 1406 567 est;
1439 503 1483 558 si
1510 503 1654 556 enim
1680 505 1762 556 vel
1794 520 1960 558 unum

2097 508 2325 577 ’κόμεθα.
2367 511 2428 562 Εί
2457 508 2564 578 γάρ
2591 507 2650 561 έν
2672 525 2724 560 τι
2757 508 2958 561 τούτων
2982 508 3260 574 λείποι,τὸ
3289 508 3386 561 τοῦ
3416 509 3663 580 Χριστοῦ

390 598 584 652 horum
620 595 796 657 desit,
829 593 1028 650 Christi
1061 609 1261 648 nomen
1312 610 1421 647 non
1472 594 1744 650 subsistit.
1798 593 1973 664 llujus

388 689 555 760 igitur
581 702 778 741 nomen
810 686 1031 755 quando
1063 688 1117 738 in
1147 685 1408 755 pharetra
1440 694 1629 740 nostra
1676 687 1974 750 exaltatur,

385 782 490 836 hoc
514 787 602 834 est
619 820 635 846 ,
659 781 882 849 quando
910 778 964 832 in
993 778 1178 831 anima
1207 785 1398 832 nostra
1423 792 1518 847 per
1546 778 1703 832 fidem
1725 778 1974 833 exoritur

387 873 552 937 (nam
579 867 833 937 pharetra
861 863 1134 920 sermonis
1155 873 1240 919 est
1259 864 1497 934 anima),
1529 873 1662 920 tunc
1683 864 1973 921 confestim

387 957 775 1021 adversarius,
813 956 908 1026 qui
945 970 1048 1010 nos
1079 955 1389 1024 insequitur
1419 962 1474 1009 et
1509 955 1752 1030 impetit,
1789 955 1976 1010 interit

385 1060 440 1107 et
465 1050 777 1114 occumbit,
807 1049 970 1118 cujus
999 1048 1258 1104 interitus
1285 1048 1340 1101 in
1367 1048 1513 1118 ligno
1540 1047 1765 1103 accidit.
1792 1048 1976 1115 Quare

385 1159 511 1198 cum
541 1144 666 1212 quis
696 1143 750 1196 in
794 1151 1041 1210 tempore
1083 1138 1218 1209 fugit
1263 1139 1476 1194 hostem
1518 1140 1648 1210 (qui
1680 1156 1825 1196 unus
1853 1140 1976 1210 qui-

386 1235 508 1289 dem
536 1241 618 1288 est
643 1241 835 1288 natura
856 1271 874 1300 ,
901 1231 1182 1300 multiplex
1211 1245 1340 1285 vero
1370 1230 1429 1284 lit
1451 1231 1722 1286 malorum
1751 1231 1974 1287 auxiliis

385 1333 441 1380 et
464 1324 911 1394 suppetiis:hinc
939 1322 1073 1376 illud
1093 1341 1106 1375 :
1128 1339 1146 1371 ι
1173 1319 1442 1384 Quoniam
1476 1322 1822 1391 multiplicati
1847 1327 1977 1376 sunt

386 1418 480 1487 qui
507 1417 774 1470 trihulant
802 1429 910 1479 me,
935 1414 1089 1467 multi
1115 1415 1408 1484 insurgunt
1431 1413 1724 1468 adversum
1750 1428 1835 1468 me
1857 1413 1925 1478 “,
1949 1430 1969 1463 ι

386 1517 445 1563 et
467 1508 519 1563 id
546 1522 722 1578 genus
742 1507 852 1560 alia
872 1547 888 1572 ,
913 1521 1034 1575 quae
1060 1506 1114 1558 in
1141 1506 1350 1576 psalmo
1374 1505 1466 1560 illo
1490 1520 1613 1561 sese
1632 1519 1977 1574 consequun-

389 1598 502 1669 tur)
517 1640 532 1661 ,
553 1608 684 1653 tunc
700 1597 760 1652 ﬁt
779 1599 934 1667 quasi
951 1597 1162 1650 initium
1183 1597 1424 1652 victoriae
1444 1616 1457 1651 :
1487 1598 1812 1669 tempestiva
1827 1597 1974 1652 enim

392 1695 463 1748 ab
485 1691 734 1748 hostibus
764 1689 889 1760 fuga
917 1703 1084 1744 causa
1117 1690 1334 1744 exsistit
1358 1689 1600 1744 victoriae
1631 1689 1700 1744 ab
1722 1688 1977 1743 hostibus

391 1787 704 1850 reportatae.
726 1778 996 1844 Quocirca
1029 1778 1270 1846 psalmus
1301 1776 1394 1846 qui
1424 1777 1693 1846 sequitur,
1721 1777 1864 1830 hanc
1891 1776 1975 1830 in-

392 1870 746 1940 scriptionem
773 1868 967 1923 habet:
994 1887 1012 1918 ι
1041 1867 1098 1921 In
1132 1869 1292 1922 linem
1321 1868 1421 1920 ⁸⁷.»
1450 1867 1605 1922 Finis
1634 1877 1818 1922 autem
1851 1881 1973 1920 om-
2006 1851 2047 1906 Β

392 1965 478 2018 nis
509 1977 706 2032 pugna:
735 1969 820 2016 est
852 1961 1082 2014 victoria
1106 1999 1120 2020 ,
1153 1959 1616 2030 quemadmodum
1653 1974 1822 2028 supra
1847 1956 1963 2026 jam

391 2055 766 2121 ostendimus;
788 2067 1021 2122 cumque
1039 2051 1208 2107 semel
1225 2049 1568 2106 dulcedinem
1589 2051 1831 2106 victoriae
1849 2051 1974 2121 quis

393 2145 724 2216 gustaverit,
767 2159 891 2197 mox
925 2143 1045 2196 alia:
1072 2149 1126 2196 et
1155 2142 1278 2196 alia:
1313 2141 1560 2197 victoriae
1610 2142 1679 2196 ab
1724 2141 1974 2198 hostibus

393 2232 627 2288 feliciter
656 2231 990 2287 referuntur.
1038 2230 1096 2284 In
1128 2231 1303 2300 prima
1335 2230 1482 2285 enim
1516 2231 1775 2295 victoria,
1809 2230 1970 2284 dimi-

399 2324 647 2380 :antibus
680 2323 844 2392 hujus
879 2321 1000 2375 vita:
1026 2320 1469 2389 jucunditatibus
1503 2335 1627 2374 cum
1666 2321 1825 2376 bouis
1860 2321 1976 2374 ani-

397 2429 536 2478 mae,
568 2412 852 2481 praevaluit
881 2412 937 2466 in
969 2420 1056 2473 te,
1093 2420 1256 2480 atque
1299 2412 1436 2466 adeo
1479 2412 1689 2466 domuit
1729 2415 1976 2482 corporis

397 2506 772 2574 deceptionem
829 2513 884 2558 et
932 2502 1205 2568 ludibria,
1265 2502 1549 2556 inclinatio
1603 2503 1670 2557 ad
1728 2505 1974 2558 meliora.

399 2595 686 2651 Damnatis
740 2596 886 2650 enim
941 2595 1051 2648 illis
1105 2593 1199 2664 qui
1246 2603 1501 2663 quaerunt
1543 2595 1874 2660 vanitatem,
1924 2603 1978 2650 et

398 2687 630 2758 diligunt
666 2685 1043 2750 mendacium,
1075 2686 1422 2742 commutasti
1454 2687 1760 2757 voluptates
1795 2702 1976 2741 rerum

399 2795 520 2849 qua:
548 2779 652 2832 sub
681 2784 962 2846 aSpectum
993 2775 1232 2841 cadunt,
1278 2789 1405 2829 cum
1439 2773 1712 2832 desiderio
1757 2791 1976 2841 rerum,

401 2886 524 2941 quae
555 2869 746 2923 oculos
777 2865 1064 2936 emugiunt.

473 2957 530 3011 ln
590 2954 839 3024 sequenti
889 2954 1163 3023 psalmo“
1197 2954 1301 3008 alia
1350 2953 1563 3008 ratione
1601 2955 1796 3009 vincis.
1843 2955 1979 3008 Cum

403 3050 548 3105 enim
581 3047 692 3100 duo
719 3046 828 3100 sint
859 3045 954 3115 qui
997 3059 1096 3113 pro
1125 3043 1443 3099 haereditate
1490 3047 1737 3100 veritatis
1786 3055 1981 3100 mutuo

405 3151 679 3213 pugnant;
739 3139 833 3193 illo
885 3138 1106 3208 quidem
1164 3138 1464 3208 objiciente
1515 3139 1709 3208 legem,
1768 3147 1821 3194 te
1852 3155 1982 3194 vero

411 3236 599 3293 ﬁdem;
633 3234 820 3302 justus
874 3230 1200 3299 agonotheta
1255 3230 1378 3292 tibi,
1431 3231 1679 3299 neglecto
1728 3231 1844 3296 illo,
1887 3231 1986 3282 tri-

409 3325 528 3381 buit
557 3324 798 3379 victoriae
829 3321 1049 3392 praemia
1070 3359 1086 3384 ,
1117 3327 1173 3373 ut
1205 3321 1430 3390 proinde
1461 3337 1632 3390 purus
1663 3322 1857 3374 animze
1882 3331 1986 3374 tua:

409 3425 588 3473 status
628 3416 700 3470 sit
725 3415 872 3470 velut
910 3421 1065 3468 ortus
1093 3413 1248 3476 solis,
1279 3415 1371 3482 qui
1414 3415 1512 3466 tibi
1546 3429 1576 3467 a
1613 3412 1854 3467 tenebris
1892 3427 1980 3466 re-

411 3509 626 3564 cedenti
655 3506 957 3562 diluculum
991 3505 1200 3570 aﬂerat,
1241 3505 1385 3574 quod
1421 3505 1664 3574 psalmus
1707 3522 1725 3554 ι
1751 3517 1913 3557 mane
1941 3523 1986 3567 ι,

412 3599 690 3665 nominat;
727 3607 781 3653 et
809 3598 890 3652 sic
930 3597 1159 3652 victoria
1186 3613 1252 3651 ex
1279 3597 1507 3651 victoria
1541 3597 1762 3651 athletae
1799 3596 1984 3650 nasci-

413 3701 524 3755 tur,
554 3704 770 3760 semper
792 3688 859 3742 ad
889 3688 940 3742 id
969 3686 1114 3757 quod
1143 3688 1322 3757 majus
1362 3697 1418 3742 et
1451 3688 1726 3744 illustrius
1778 3695 1864 3742 est
1905 3687 1988 3740 vi-

413 3783 626 3846 ctorimh
663 3780 926 3850 trophaeis
984 3786 1039 3834 et
1098 3780 1439 3835 ornamentis
1479 3778 1987 3849 progredientibus.

416 3875 627 3930 ﬂursus
676 3874 783 3927 alia
838 3873 1069 3927 victoria
1123 3872 1318 3927 ordine
1368 3873 1750 3942 consequitur,
1793 3886 1892 3941 per
1927 3885 1992 3924 ea

413 3980 536 4037 quae
565 3968 983 4034 praecesserunt,
1000 3969 1173 4030 parta.
1199 3960 1334 4014 Nam
1365 3962 1460 4030 qui
1485 3961 1859 4026 bzereditatem
1895 3976 1993 4015 no-

415 4065 527 4110 tam
561 4055 710 4118 fecit,
733 4053 823 4106 ille
855 4051 1018 4106 etiam
1065 4069 1084 4102 ι
1113 4048 1331 4104 Οοισναε
1357 4051 1402 4085 δ’
1431 4071 1450 4104 ι
1485 4051 1756 4115 meminit,
1779 4066 1902 4122 quae
1939 4060 1995 4106 et

421 4148 546 4202 finis
575 4152 659 4199 est
685 4143 975 4213 prmsentis
1006 4142 1154 4207 vitae,
1193 4148 1249 4196 et
1281 4140 1614 4211 principium
1647 4141 1748 4195 aevi
1797 4141 1991 4196 futuri.

417 4235 709 4306 Proprium
752 4249 880 4289 vero
925 4250 944 4285 ι
971 4233 1190 4288 Octava:
1216 4253 1234 4284 ι
1265 4240 1373 4298 est,
1427 4247 1534 4288 non
1574 4234 1812 4303 amplius
1864 4235 1997 4290 sub-

420 4327 738 4382 ministrare
768 4324 836 4380 iis
859 4324 953 4394 qui
986 4323 1040 4377 in
1067 4322 1187 4393 ipsa
1216 4324 1442 4393 degunt,
1468 4323 1821 4379 occasionem
1862 4341 1989 4396 per-

419 4414 671 4486 petrandi
706 4413 847 4468 bona
884 4410 970 4465 vel
995 4411 1159 4475 mala,
1189 4410 1282 4466 sed
1325 4426 1668 4480 quaecunque
1710 4414 1835 4482 quis
1875 4429 2002 4484 ope-

421 4519 544 4559 rum
574 4502 780 4558 semina
829 4501 919 4556 hic
969 4499 1257 4570 sparserit,
1308 4499 1526 4552 illorum
1565 4499 1637 4555 ibi
1687 4501 1997 4570 manipulos

425 4593 595 4662 capit.
641 4590 1009 4657 Quamobrem
1071 4587 1162 4642 hic
1203 4588 1580 4657 paenitentiam
1633 4604 1796 4659 agere
1844 4591 2000 4660 jubet

423 4681 591 4753 (quod
634 4683 688 4736 in
726 4679 942 4735 inferno
985 4677 1301 4748 bujusmodi
1355 4680 1541 4734 studio
1572 4681 1709 4735 nihil
1763 4683 2001 4752 amplius

425 4774 528 4828 loci
569 4772 818 4825 relictum
851 4770 944 4841 sit)
989 4785 1138 4834 eum,
1173 4771 1266 4840 qui
1301 4770 1541 4842 hisipsis
1578 4773 1826 4828 victoriis
1843 4789 2008 4828 exer-

422 4866 626 4921 citatus
671 4869 778 4918 est.
829 4859 1313 4923 Verumenimvero
1388 4865 1586 4918 iterum
1669 4866 1734 4918 ad
1789 4881 2002 4935 pugnas

426 4958 661 5014 deﬂectit
689 4955 888 5018 oratio,
955 4971 1149 5010 rursus
1178 4957 1334 5026 ungit
1383 4973 1482 5012 nos
1528 4957 1594 5012 ad
1640 4960 2000 5014 tentatiouum

428 5055 726 5126 incursusa
764 5046 910 5103 Idem
947 5048 1094 5102 enim
1150 5049 1347 5114 hostis,
1403 5049 1642 5104 Absalon
1677 5051 1790 5114 ille,
1846 5052 2004 5120 quasi

427 5162 491 5201 ex
523 5143 683 5198 nobis
710 5147 957 5205 renatus,
984 5139 1164 5195 denuo
1205 5141 1404 5195 bellum
1443 5158 1510 5195 ex
1561 5142 1717 5196 nobis
1765 5143 2007 5196 redinte-

428 5247 570 5308 grat,
621 5249 785 5304 quem
819 5231 988 5289 caedis
1036 5242 1240 5290 nostrae
1278 5232 1537 5302 cupidum
1580 5233 1777 5287 avertit
1815 5242 2007 5287 nostra

430 5331 497 5386 de
527 5331 632 5384 hac
685 5342 746 5382 re
792 5326 1020 5396 provida
1069 5340 1203 5380 cura
1236 5333 1291 5378 et
1337 5323 1675 5387 sollicitudo,
1713 5325 1794 5377 vel
1823 5325 2007 5393 potius

435 5418 746 5476 subsidium
781 5414 897 5470 Dei.
921 5414 1056 5469 Nam
1083 5429 1308 5470 causam
1331 5414 1408 5469 rei
1428 5413 1661 5468 feliciter
1685 5423 1851 5482 gestae
1881 5429 2010 5483 pro-

438 5517 558 5578 pter
597 5506 760 5560 verba
793 5503 1026 5560 Chusi"o
1060 5503 1168 5561 Deo
1202 5505 1470 5574 assignat,
1510 5503 1672 5572 eique
1706 5509 1911 5573 gratias
1949 5520 2009 5557 a-

440 5599 537 5667 git.
593 5596 699 5650 Sed
751 5595 1004 5653 fortassis
1067 5596 1402 5665 superfluum
1472 5594 1641 5649 fuerit
1693 5596 2012 5651 accuratius

443 5701 712 5756 exponere
745 5686 900 5750 velle,
960 5685 1236 5758 quomodo
1277 5685 1617 5754 Chusi,cum
1653 5685 1864 5742 amicus
1911 5687 2012 5742 Da-

2070 599 2242 668 ὄνομα
2277 601 2374 670 οὐχ
2405 601 2714 668 ὑφίσταται.
2747 599 2918 653 Τοῦτο
2935 600 3114 653 τοίνυν
3142 599 3204 654 τὸ
3235 600 3408 670 ὄνομα
3439 601 3578 654 ὅταν
3604 603 3666 652 ἐν

2069 695 2134 763 τῇ
2164 693 2406 763 ἡμετέρᾳ
2430 690 2617 761 ὑψωθῇ
2658 691 2908 762 φαρέτρα
2928 705 2943 720 ⁸
2973 691 3120 744 τοῦτ’
3143 689 3315 754 ἐστιν,
3342 692 3473 744 ὅταν
3504 693 3572 744 ἐν
3595 695 3665 760 τῇ

2069 785 2214 856 ψυχῇ
2261 787 2294 853 ἠ
2304 784 2420 854 μῶν
2468 783 2556 836 διὰ
2589 782 2824 844 πίστεως
2851 781 3074 850 γένηται
3101 782 3119 852 (
3143 781 3392 852 φαρέτρα
3417 781 3533 851 γάρ
3562 781 3664 834 τοῦ

2071 874 2230 942 λόγου
2242 874 2388 927 ἐστὶν
2405 874 2438 943 η
2455 873 2624 944 ψυχὴ)
2634 910 2648 936 ,
2665 871 2784 924 τότε
2799 872 3139 941 ἀναιρετικὸν
3153 873 3361 940 γίνεται
3376 872 3473 926 τοῦ
3491 874 3669 925 ἐπανο

2072 963 2361 1032 ισταμένου
2417 963 2548 1033 ἡμῖν
2594 962 2688 1016 καί⁵
2724 961 3032 1028 διώκοντος,
3073 954 3137 1014 οὗ
3179 962 3209 1014 6
3257 961 3574 1032 ἀφανισμὸς
3607 965 3668 1015 ἐν

2069 1055 2148 1126 τῷ
2177 1055 2337 1126 ξύλῳ.
2368 1054 2468 1108 Διά
2500 1051 2660 1107 τοῦτο
2687 1054 2823 1122 μετά
2855 1054 2917 1107 τὸ
2945 1057 3142 1124 φυγεῖν,
3169 1055 3228 1107 ἐν
3247 1052 3327 1124 τῷ
3355 1052 3543 1123 καιρῷ
3568 1052 3668 1105 τὸν

2072 1146 2501 1216 ἐπανιστάμενον
2529 1145 2608 1214 (δς
2655 1139 2734 1206 είς
2770 1144 2867 1215 μέν
2896 1147 3012 1198 ἐστι
3045 1147 3112 1215 τῇ
3154 1143 3334 1213 φύσει,
3364 1144 3581 1214 πλῆθος
3607 1139 3667 1196 δέ

2072 1235 2280 1304 γίνεται
2311 1237 2378 1305 τῇ
2408 1237 2549 1304 κακῇ
2581 1233 2917 1306 συμμαχία),
2937 1235 3028 1290 καὶ
3065 1235 3260 1296 εἰπεῖν,
3288 1234 3444 1284 «Ὅτι
3493 1233 3670 1303 ἐπλη-

2073 1322 2342 1392 θύνθησαν
2389 1326 2438 1377 οί
2468 1321 2738 1386 θλίϐοντες
2758 1339 2824 1392 με
2849 1361 2865 1385 ,
2917 1323 3012 1377 καὶ
3048 1322 3231 1375 πολλοὶ
3272 1314 3669 1376 ἐπανίστανται

2073 1418 2160 1471 ἐπ’
2202 1419 2323 1487 ἐμὲ,
2359 1435 2378 1468 ι
2410 1416 2506 1469 καὶ
2548 1416 2651 1469 ὅσα
2707 1416 2771 1468 ἐκ
2825 1414 2920 1468 τοῦ
2972 1413 3267 1468 ἀκολούθου
3300 1417 3334 1484 ἡ
3368 1413 3671 1484 ψαλμῳδία

2075 1508 2345 1577 περιέχει·
2397 1505 2521 1558 τότε
2546 1504 2754 1572 γίνεται
2782 1507 2815 1575 ἠ
2846 1503 2940 1558 τοῦ
2971 1505 3128 1574 νικᾷν
3155 1503 3406 1575 ἀρχή.Ἥ
3434 1505 3555 1575 γὰρ
3580 1503 3670 1556 εὔ-

2074 1613 2262 1668 καιρος
2327 1596 2435 1649 ἀπὸ
2489 1595 2598 1648 τῶν
2668 1595 3114 1664 ἐπανισταμένων
3151 1597 3318 1663 φυγὴ.
3361 1594 3460 1664 τῆς
3521 1594 3668 1646 κατά

2072 1689 2182 1742 τῶν
2211 1687 2422 1760 ἐχθρῶν
2448 1686 2603 1756 νίκης
2631 1686 2776 1740 αἰτία
2809 1687 3040 1754 γίνεται.
3075 1684 3174 1737 Διά
3201 1683 3358 1736 τοῦτο
3387 1687 3422 1755 ή
3456 1684 3670 1760 ἐφεξῆς

2074 1781 2381 1852 ψαλμῳδία,
2405 1799 2422 1831 ι
2453 1780 2548 1842 Εἰς
2564 1777 2624 1832 τὸ
2650 1777 2826 1841 τέλος,
2853 1796 2872 1828 ι
2890 1777 2987 1847 τὴν
3013 1775 3325 1846 ἐπιγραφὴν
3345 1775 3478 1844 ἔχει.
3500 1776 3669 1838 Τέλος

2075 1868 2132 1920 δὲ
2164 1866 2361 1929 παντὸς
2409 1865 2617 1934 ἀγῶνος
2669 1867 2704 1936 ἡ
2755 1865 2879 1936 νίκη
2933 1864 3120 1918 ἐστίν·
3167 1862 3351 1927 καθὼς
3395 1863 3616 1930 φθάσας
3642 1867 3670 1917 6

2077 1959 2234 2027 λόγος
2268 1961 2399 2030 ἡμῖν
2450 1962 2582 2030 περὶ
2611 1961 2816 2010 τούτων
2867 1954 3283 2026 ἐτεχνολόγησεν
3302 1972 3316 1986 ·
3351 1956 3447 2008 καὶ
3475 1955 3668 2025 ἐπειδὴ

2081 2048 2148 2103 ἂν
2180 2050 2327 2114 ἅπαξ
2358 2049 2451 2103 τοῦ
2481 2050 2637 2120 νικᾷν
2661 2048 2855 2120 γεύσῃ.
2885 2046 3177 2116 ἐπάλληλοι
3204 2046 3352 2100 νίκαι
3379 2045 3530 2100 κατά
3561 2045 3668 2100 τῶν

2080 2139 2290 2212 ἐχθρῶν
2345 2138 2752 2212 κατορθοῦνται.
2773 2139 2860 2191 Ἐν
2892 2138 3001 2209 γὰρ
3044 2139 3110 2208 τῇ
3142 2136 3334 2209 πρώτῃ
3370 2136 3527 2207 νίκῃ,
3558 2135 3666 2188 τῶν

2081 2232 2223 2285 κατά
2276 2231 2366 2284 τὸν
2399 2230 2510 2300 βίον
2537 2230 2712 2302 ἡδέων
2744 2229 2883 2300 πρὸς
2913 2228 2983 2282 τά
3008 2231 3108 2298 τῆς
3138 2228 3319 2298 ψυχῆς
3342 2228 3532 2295 ἀγαθά
3588 2227 3665 2280 δι-

2081 2322 2492 2394 αμιλλωμένων,
2518 2323 2574 2374 ἐν
2609 2322 2691 2374 σοὶ
2711 2321 3012 2392 ἐκράτησεν
3055 2321 3153 2390 τῆς
3174 2318 3366 2388 ὑλικῆς
3387 2319 3612 2388 ἀπάτης
3634 2319 3666 2386 ἡ

2083 2413 2219 2484 πρὸς
2259 2413 2326 2465 τὰ
2385 2411 2616 2482 κρείττω
2661 2411 2822 2481 ῥοπή.
2854 2409 3172 2478 Καταγνοὺς
3199 2408 3304 2478 γὰρ
3330 2407 3442 2460 τῶν
3475 2409 3540 2460 τὸ
3571 2408 3667 2477 μά-

2081 2518 2233 2555 ταιον
2257 2499 2581 2572 ζητούντων,
2617 2500 2710 2553 καὶ
2747 2497 3087 2567 ἀγαπώντων
3119 2499 3182 2550 τὸ
3213 2496 3428 2566 ψεῦδος,
3454 2495 3666 2564 ἠλλάξω

2083 2594 2182 2664 τῆς
2207 2595 2334 2664 περὶ
2357 2593 2425 2646 τά
2448 2591 2745 2662 φαινόμενα
2773 2589 3150 2662 προσπαθείας
3166 2589 3266 2661 τὴν
3287 2588 3396 2644 τῶν
3419 2589 3662 2660 ἀοράτωι

2086 2686 2399 2755 ἐπιθυμίαν.
3622 2686 3625 2689 ’

2171 2967 2258 3020 Ἐν
2278 2964 2356 3035 τῷ
2383 2962 2579 3032 ἐφεξῆς
2607 2962 2765 3018 ἄλλον
2791 2962 2992 3034 τρόπον
3015 2961 3190 3032 νικᾷς.
3227 2959 3329 3014 Δύο
3363 2961 3475 3031 γὰρ
3495 2960 3660 3014 όντων

2087 3057 2197 3111 τῶν
2227 3056 2368 3128 ὑπὲρ
2395 3055 2498 3124 τῆς
2547 3052 2804 3123 ἀληθείας
2853 3051 3217 3120 κληρονομίας
3256 3050 3666 3121 διαμαχομένων

2089 3148 2227 3220 πρὸς
2265 3145 2548 3216 ἀλλήλους,
2597 3143 2692 3197 καὶ
2730 3141 2824 3195 τοῦ
2855 3143 2952 3212 μὲν
2983 3140 3418 3212 προϐαλλομένου
3457 3141 3554 3194 τὸν
3588 3139 3666 3193 νό-

2093 3255 2212 3310 μον,
2258 3237 2352 3290 τοῦ
2393 3236 2450 3289 δὲ
2495 3236 2594 3306 τὴν
2627 3235 2842 3287 πίστιν·
2888 3234 2916 3285 6
2957 3231 3164 3295 δίκαιος
3201 3230 3549 3302 ἀγωνοθέτης
3589 3247 3664 3283 σοι

2087 3330 2301 3385 δίδωσιν
2347 3330 2466 3383 κατ’
2518 3325 2726 3380 ἐκείνου
2778 3324 2847 3377 τά
2883 3325 3193 3395 νικητήρια.
3226 3323 3386 3376 Ὥστε
3443 3341 3530 3377 σοι
3575 3324 3666 3391 τὴν

2089 3421 2340 3492 καθαρὰν
2363 3421 2462 3490 τῆς
2483 3419 2661 3489 ψυχῆς
2690 3419 3045 3482 κατάστασιν,
3067 3416 3325 3487 ἀνατολὴν
3343 3415 3502 3486 ἡλίου
3533 3414 3666 3484 γενέ-

2090 3512 2236 3576 σθαι,
2261 3511 2593 3582 ἀφεστηκότι
2621 3509 2716 3562 τοῦ
2741 3509 2984 3571 σκότους,
3010 3507 3100 3560 τδν
3126 3506 3321 3579 όρθρον
3350 3507 3663 3576 ἐπάγοντος.

2095 3599 2195 3656 Ὃν
2229 3620 2248 3654 ι
2284 3603 2497 3673 πρωίαν
2535 3621 2554 3653 ι
2585 3600 2838 3671 ὀνομάζει
2889 3601 2922 3670 ἡ
2979 3599 3285 3670 ψαλμῳδία.
3346 3600 3457 3653 Καὶ
3507 3599 3666 3659 οὕτως

2091 3690 2237 3744 ἐστιν
2261 3691 2348 3744 ἀεὶ
2382 3691 2564 3762 εὑρεῖν
2592 3691 2748 3759 νίκην
2776 3691 2840 3742 ἐκ
2869 3689 3024 3758 νίκης
3046 3688 3124 3759 τῷ
3161 3689 3364 3761 ἀθλητῇ
3395 3704 3666 3760 προσγινο-

2095 3783 2285 3853 μένην,
2339 3779 2475 3851 πρὸς
2500 3779 2562 3832 τὸ
2594 3782 2776 3849 μεῖζον
2803 3779 3034 3832 πάντοτε
3079 3779 3175 3831 καὶ
3210 3781 3664 3849 περιφανέστερον

2093 3874 2390 3945 προϊόντων
2423 3871 2530 3924 τῶν
2563 3873 2628 3924 ἐκ
2675 3871 2775 3942 τῆς
2817 3870 2974 3940 νίκης
3018 3871 3471 3941 κατορθωμάτων.
3513 3871 3664 3924 Πάλιν

2094 3965 2257 4036 ἐτέρα
2293 3963 2593 4032 διαδέχεται
2629 3961 2752 4032 νίκη
2802 3961 2942 4014 κατά
2995 3960 3055 4013 τὸ
3093 3961 3400 4024 ἀκόλουθον,
3431 3962 3524 4014 διά
3569 3960 3664 4013 τῶν

2095 4053 2570 4127 προδεικνυμένων
2601 4050 3032 4122 κατορθουμὲνη.
3067 4051 3126 4104 '0
3154 4053 3261 4123 γάρ
3289 4052 3387 4123 τὴν
3417 4053 3661 4124 κληρονο-

2100 4147 2228 4216 μίαν
2251 4144 2544 4215 γνωρίσας,
2581 4143 2743 4207 αύτὸς
2772 4143 2861 4196 καὶ
2885 4143 2982 4212 τῆς
3015 4163 3031 4195 ι
3055 4144 3273 4214 Ὀγδόης
3310 4165 3328 4196 ι
3364 4145 3628 4216 μέμνηται
3648 4159 3662 4174 ’

2094 4239 2216 4308 ἥτις
2265 4235 2438 4307 πέρας
2484 4253 2544 4288 τε
2589 4234 2683 4288 τοῦ
2733 4235 3026 4299 ἐνεστῶτος
3069 4237 3262 4306 χρόνου
3311 4239 3543 4304 γίνεται,
3580 4235 3664 4288 καὶ

2099 4329 2242 4400 ἀρχὴ
2269 4327 2364 4381 τοῦ
2395 4326 2676 4398 μέλλοντος
2700 4327 2914 4388 αἰῶνος.
2939 4327 3096 4381 Ἶδιον
3127 4327 3181 4380 δὲ
3209 4328 3306 4398 τῆς
3331 4348 3349 4379 ι
3381 4329 3618 4398 Ὀγδόης,
3641 4348 3657 4376 ι

2099 4418 2161 4471 τὸ
2217 4417 2414 4488 μηκέτι
2461 4415 2649 4487 καιρὸν
2677 4417 2757 4479 είς
2796 4416 3150 4487 παρασκευὴν
3175 4415 3452 4487 ἀγαθῶνῆ
3491 4415 3662 4472 κακῶν

2101 4507 2358 4562 ἐνδιδόναι
2413 4510 2525 4571 τοῖς
2573 4509 2632 4560 ἐν
2677 4507 2812 4578 αὐτῇ
2865 4507 3196 4576 γινομένοις’
3233 4506 3346 4560 ἀλλ’
3387 4501 3462 4561 ὧν
3495 4509 3560 4562 ἀν
3591 4521 3664 4564 τις

2104 4597 2283 4669 ἐαυτῷ
2328 4597 2734 4668 καταϐάλληται
2783 4596 2874 4650 διά
2920 4596 3029 4650 τῶν
3061 4597 3234 4668 ἔργων
3272 4599 3337 4652 τὰ
3366 4598 3660 4669 σπέρματα,

2101 4691 2307 4744 τούτων
2357 4689 2740 4759 ἀντιπαρέχειν
2791 4687 2860 4740 τά
2906 4687 3210 4759 δράγματα.
3269 4683 3345 4742 οὗ
3389 4690 3546 4761 χάριν
3585 4690 3662 4742 ἐν·

2103 4781 2281 4836 ταῦθα
2332 4781 2575 4851 ἐνεργεῖν
2629 4778 2908 4848 νομοθετεῖ
2943 4779 3041 4848 τὴν
3072 4779 3356 4849 μετάνοιαν
3386 4779 3482 4850 (ὼς
3515 4781 3569 4832 ἐν
3596 4774 3661 4844 τῷ

2107 4872 2209 4944 ᾅδῃ
2230 4871 2329 4940 τῆς
2362 4869 2617 4940 τοιαύτης
2639 4869 2872 4939 σπουδῆς
2894 4870 3325 4941 ἀπρακτούσης),
3347 4873 3465 4934 ταῖς
3489 4868 3663 4927 αὐταῖς

2102 4964 2278 5026 νίκαις
2305 4959 2770 5031 ὲγγυμνασθέντα.
2796 4960 2963 5014 Πάλιν
2983 4960 3272 5030 ἀπαλείφει
3298 4960 3433 5032 πρὸς
3463 4960 3661 5031 ἐτέρους

2103 5050 2319 5119 ἀγῶνας
2369 5051 2398 5102 ό
2443 5049 2600 5118 λόγος
2623 5065 2640 5081 ο
2691 5049 2853 5102 πάλιν
2887 5048 3098 5119 ἀλείφει
3134 5053 3199 5120 τῇ
3228 5050 3336 5103 τῶν
3361 5046 3661 5123 πειρασμῶν

2105 5140 2400 5212 προσϐολῇ.
2464 5139 2522 5192 Ὀ
2581 5138 2743 5202 αὐτὸς
2789 5138 2900 5210 γὰρ
2943 5139 3198 5210 πολέμιος
3249 5140 3278 5192 6
3331 5135 3662 5202 Ἀσεσσαλὼμ

2107 5235 2308 5294 ἐκεῖνος
2327 5229 2515 5300 ὥσπερ
2540 5228 2926 5298 ἀναγεννηθεὶς
2947 5227 3052 5298 ἐξὴ
3060 5228 3198 5299 μῶν,
3225 5229 3387 5283 αὐτὸν
3413 5230 3504 5284 τὸν
3527 5226 3660 5281 πόλε-

2118 5341 2216 5392 μον
2243 5323 2334 5375 τὸν
2381 5321 2440 5384 ἐξ
2467 5319 2623 5391 ἡμῶν
2645 5318 2982 5390 ἐξαρτύεται,
3023 5320 3082 5373 ὃν
3118 5321 3414 5392 ἀποτρέπει
3442 5320 3658 5391 φονῶντα

2115 5419 2235 5472 καθ’
2266 5417 2423 5489 ἡμῶν
2453 5419 2486 5487 ὴ
2519 5418 2759 5488 ἡμετέρα
2787 5417 2915 5487 περὶ
2945 5415 3040 5470 τοῦ
3069 5417 3386 5489 πράγματος
3419 5414 3658 5471 εὐϐουλία.

2123 5509 2320 5580 μᾶλλον
2361 5508 2418 5561 δὲ
2475 5511 2509 5579 ἡ
2556 5507 2707 5580 παρά
2767 5507 2863 5560 τοῦ
2918 5505 3055 5560 Θεοῦ
3087 5509 3393 5579 συμμαχία.
3433 5507 3550 5562 Τῶν
3570 5505 3659 5574 γὰρ

2120 5601 2556 5673 κατορθωμάτων
2588 5599 2737 5670 αὐτῷ
2762 5599 3016 5671 χρηστῶν
3041 5598 3131 5652 διά
3157 5599 3268 5654 τῶν
3296 5600 3468 5668 λόγων
3493 5594 3656 5656 Χουσὶ.

2117 5691 2194 5761 τῷ
2222 5690 2340 5760 Θεῷ
2363 5691 2461 5760 τὴν
2483 5689 2662 5742 αἰτίαν
2689 5689 2982 5757 ἀνατιθεὶς,
3014 5690 3185 5762 ταύτῃ
3214 5692 3312 5762 τὴν
3339 5686 3660 5762 εὐχαριστίαν

512 5790 558 5822 ⁸⁸
591 5790 733 5848 Psal.
769 5809 826 5847 ut
876 5794 914 5847 2
1010 5795 1055 5829 ⁸⁷
1080 5795 1224 5852 Psal.
1255 5813 1328 5862 Iv,
1359 5801 1408 5852 l.
1485 5797 1529 5829 ⁸⁸
1559 5795 1703 5854 Psal.
1735 5813 1788 5862 v,
1817 5799 1864 5852 l.
1945 5800 1986 5833 θ’

2097 5801 2168 5856 al.
2196 5817 2272 5868 vl,
2307 5801 2357 5855 Ι.
2435 5799 2480 5830 τ⁰
2505 5799 2650 5854 Psal.
2687 5817 2784 5868 vn,
2819 5801 2870 5856 l.
