3844 6370
177 402 279 457 M9

1554 388 1618 443 ΙΝ
1661 387 1998 444 PSALMOS.

3342 380 3447 436 550

175 513 493 583 πεποίηται.
536 509 794 583 Περιττὸν
837 509 882 562 δ’
937 508 1002 562 ἂν
1045 507 1132 576 εἴη
1162 506 1258 570 τὰς
1300 505 1542 577 ἱστορίας
1585 521 1668 557 σοι
1696 499 1761 555 δι’

1882 501 2012 556 vidis
2069 509 2123 555 et
2159 499 2331 556 ﬁdelis
2354 508 2520 565 esset,
2572 499 2820 569 interque
2862 495 3144 566 adjutores
3168 504 3221 548 et
3249 495 3444 551 defen-

174 605 463 678 ἀκριϐείας
482 603 786 658 ἐκτίθεσθαι
810 618 821 630 ·
860 601 976 664 πῶς
1003 599 1190 662 πιστὸς
1209 600 1238 650 ὁ
1268 598 1430 651 Δαϐὶδ
1458 597 1534 651 ὢν
1565 598 1622 650 ἐν
1649 596 1761 658 τοῖς

175 701 570 760 ὑπασπισταῖς,
594 691 747 758 οὗτος
769 696 797 747 ὁ
825 693 993 747 Χουσὶ
1016 693 1074 746 ἐν
1106 695 1217 754 τοῖς
1238 691 1412 761 φίλοις
1441 688 1535 741 τοῦ
1570 688 1762 740 Ἀϐεσ-

177 791 366 862 σαλὼμ
409 789 839 860 καταμίγνυται,
896 786 992 838 καὶ
1038 784 1406 854 πιθανώτερος
1447 781 1656 850 γίνεται
1687 779 1765 850 τῷ

177 882 424 952 τυράννῳ
446 882 544 950 τῆς
563 879 658 932 τοῦ
695 876 978 948 Ἀχιτόφελ
1006 874 1335 946 συμϐουλῆς.
1371 873 1533 926 Ὅθεν
1566 871 1762 941 συνέϐη

177 976 371 1029 τούτου
395 971 541 1026 κατά
579 969 680 1041 τὴν
706 969 992 1039 εἰσήγησιν
1013 966 1114 1036 τῆς
1142 963 1370 1036 γνώμης
1415 963 1765 1034 κατακρατή-

180 1083 388 1129 σαντος,
441 1063 609 1116 αὐτὸν
659 1060 748 1129 ὑφ’
795 1057 988 1112 ἑαυτοῦ
1037 1056 1459 1125 καταπνιγῆναι,
1506 1055 1597 1108 τὸν
1627 1053 1766 1107 κατά

178 1159 269 1212 τοῦ
312 1155 484 1209 Δαϐὶδ
527 1151 606 1223 τῷ
645 1148 1000 1219 Ἀϐεσσαλὼμ
1045 1145 1542 1216 συμϐουλεύσαντα.
1583 1144 1766 1210 ’Ἄξιον

179 1251 222 1305 δ’
241 1251 305 1303 ἂν
327 1247 415 1316 εἴη
453 1244 829 1315 προσαγαγεῖν
854 1239 931 1311 τῷ
955 1241 1075 1294 κατ’
1101 1238 1302 1309 ἀρετὴν
1329 1237 1427 1308 βίῳ
1455 1237 1549 1290 καὶ
1569 1236 1638 1288 τά
1668 1235 1766 1307 τῆς

183 1339 420 1410 ἱστορίας
467 1335 790 1405 αἰνίγματα.
837 1329 963 1394 Πῶς
1010 1330 1043 1400 ἡ
1089 1329 1338 1394 σώζουσα
1378 1329 1522 1398 ἡμᾶς
1547 1325 1761 1395 γνώμη,

181 1432 381 1502 ἀγχόνη
403 1428 621 1497 γίνεται
640 1423 734 1478 τοῦ
753 1421 1129 1491 ἀντικειμένου
1149 1437 1162 1450 ο
1189 1420 1296 1490 ἠδὲ
1333 1418 1598 1488 σωτήριος
1627 1415 1767 1485 αὕτη

180 1522 390 1592 γνώμη,
425 1521 459 1590 ἡ
489 1519 591 1590 μὲν
619 1519 684 1587 τῇ
710 1513 942 1587 ἱστορίᾳ,
968 1512 1002 1584 ὴ
1026 1512 1082 1566 δὲ
1099 1514 1166 1582 τῇ
1181 1511 1471 1581 ψαλμῳδίᾳ
1503 1509 1770 1580 ἐγγέγρα-

184 1631 328 1667 πται.
359 1613 526 1681 Ἡμῖν
549 1609 606 1662 δὲ
641 1605 840 1668 σκοπός
875 1606 990 1657 ἐστι
1021 1603 1112 1656 τὸν
1137 1605 1195 1655 ἐν
1221 1601 1372 1668 τάξει
1407 1601 1514 1653 τῶν
1540 1598 1768 1670 ψαλμῶν

115 1714 119 1717 ’
183 1704 368 1774 εἱρμὸν
425 1700 789 1770 κατανοῆσαι,
821 1696 887 1750 δι’
915 1687 978 1749 οὗ
1009 1694 1086 1765 τῷ
1117 1692 1308 1764 ἀγαθῷ
1365 1689 1764 1766 προσαγόμεθα.

184 1794 385 1848 Ούκοῦν
424 1793 532 1862 τὴν
573 1787 807 1844 ἐνταῦθα
859 1786 1085 1858 γνώμην
1139 1785 1239 1856 τὴν
1288 1782 1639 1854 ἀναιρετικὴν
1671 1780 1767 1836 τοῦ

185 1881 624 1945 ἐπιϐουλεύοντος
643 1881 774 1952 ἡμῖν
795 1877 1252 1948 κατανοήσωμεν.

250 2041 344 2104 Τίς
377 2036 472 2095 οὖν
507 2040 656 2093 ἐστιν
689 2035 861 2107 α’ύτης
905 2033 967 2088 τὺ
1011 2032 1124 2087 ἴσον
1157 2035 1236 2096 είς
1270 2031 1466 2087 κακίαν
1517 2029 1765 2102 ἡγεῖσθαι

186 2133 366 2203 ἄρχειν
414 2149 476 2184 τε
533 2129 744 2192 ἀδικίας
793 2127 887 2180 καὶ
933 2123 1236 2196 ἀμύνεσθαι
1287 2123 1377 2176 τὸν
1425 2121 1762 2192 ἀπάρξαντα.

189 2225 420 2295 Τιμᾶται
481 2220 596 2292 γὰρ
651 2218 828 2289 ἑαυτῷ
860 2217 1126 2287 ἐσχάτων,
1158 2215 1253 2268 καὶ
1291 2213 1392 2283 τῆς
1422 2213 1540 2266 καθ’
1572 2210 1765 2265 ἐαυτοῦ

187 2315 446 2385 τιμωρίας
493 2310 718 2382 ὁριστὴς
747 2309 976 2377 γίνεται,
1019 2308 1067 2361 εί
1097 2305 1348 2377 εὑρεθείη
1378 2301 1548 2357 κακοῦ
1576 2301 1638 2355 τὸ
1668 2319 1770 2354 κα-

190 2406 298 2471 κδν,
345 2406 540 2474 ὥσπερ
587 2405 645 2456 ἐν
697 2397 1563 2471 συναλλάγματι,διαμείψας,καὶ
1620 2397 1768 2450 ἀντι-

189 2492 302 2556 δοὺς
347 2495 461 2557 τοῖς
515 2488 1067 2562 προπαρεσχημὼοις
1105 2486 1134 2539 ὃ
1180 2486 1392 2541 ἐλαϐεν.
1443 2485 1555 2538 Καὶ
1599 2483 1769 2548 οὕτως

196 2583 324 2654 μετὰ
348 2585 478 2647 τοὺς
523 2581 744 2652 ἀγῶνας
790 2581 1048 2644 τούτους,
1101 2579 1263 2633 πάλιν
1301 2575 1527 2649 νικητὴς
1555 2576 1764 2631 ἀναδεί-

194 2691 390 2727 κνυται.
418 2672 741 2742 Διαδὲχεται
784 2671 894 2742 γὰρ
928 2669 1215 2740 ἐπιγραφὴ
1237 2709 1252 2733 ,
1298 2668 1359 2719 τὸ
1397 2685 1416 2716 ι
1465 2665 1636 2734 ’Υπὲρ
1662 2664 1771 2717 τῶν

193 2765 414 2834 ληνῶν,ο
469 2763 910 2835 προδεικνύουσα
957 2760 1130 2824 τέλος.
1180 2758 1256 2811 Τὸ
1287 2758 1344 2811 δὲ
1390 2756 1500 2810 τῶν
1542 2755 1770 2824 ἀγώνων

196 2858 357 2921 τέλος,
381 2857 513 2926 νίκη
543 2855 710 2908 ἐστίν.
738 2853 908 2908 Πάλιν
924 2853 980 2907 δὲ
1008 2852 1106 2923 τὴν
1141 2870 1159 2904 t
1202 2850 1373 2921 ’Υπὲρ
1395 2849 1504 2903 τῶν
1533 2848 1708 2919 ληνῶν
1747 2867 1765 2897 ι

197 2948 394 3000 ἔννοιαν
447 2945 814 3012 ἐξαπλοῦσθαι
870 2943 947 3016 τῷ
1001 2943 1175 3014 λόγῳ,
1243 2942 1495 3014 περιττὸν
1543 2941 1608 2994 ἂν
1653 2940 1771 3010 εἴη,

200 3039 388 3102 ἱκανῶς
429 3038 488 3090 ἐν
536 3039 649 3100 τοῖς
682 3034 825 3088 κατά
860 3035 951 3088 τὸν
994 3035 1122 3088 ῖδιον
1161 3033 1324 3086 τόπον
1381 3031 1775 3103 ἐξητασμένοις

199 3128 652 3199 προδηλωθεῖσαν.
703 3127 914 3197 ’Ὠσπερ
939 3127 996 3179 δὲ
1026 3125 1163 3196 μετὰ
1188 3125 1285 3195 τὴν
1319 3124 1542 3194 πρώτην
1585 3125 1648 3176 ἐκ
1680 3121 1774 3176 τοῦ

206 3217 561 3288 Ἀϐεσσαλὼμ
613 3215 790 3286 φυγὴν
830 3218 889 3269 ἐν
930 3215 1010 3286 τῷ
1048 3215 1322 3286 διακρῖναι
1369 3215 1477 3268 τῶν
1509 3212 1778 3284 ἀληθινῶν

201 3311 540 3380 πραγμάτων
565 3307 662 3378 τὴν
681 3306 916 3378 ματαίαν
943 3305 1197 3378 σπουδὴν,
1217 3304 1462 3372 ἀξιοῦται
1478 3307 1575 3376 τῆς
1591 3306 1746 3375 νίκης
1763 3322 1776 3336 ’

200 3400 364 3466 οὕτως
389 3402 485 3455 καὶ
509 3399 606 3454 νῦν
635 3399 774 3470 μετὰ
794 3400 921 3462 τοὺς
947 3398 1165 3468 ὁμοίους
1191 3397 1430 3466 ἀγῶθας,
1460 3396 1539 3468 τῷ
1569 3416 1588 3448 ι
1610 3397 1778 3468 ’Υπὲρ

203 3494 304 3548 τῶν
353 3494 533 3565 ληνῶν
563 3513 582 3546 ι
636 3493 781 3562 λόγῳ
845 3491 1119 3562 συμμάχῳ
1161 3491 1298 3562 πρὸς
1345 3490 1438 3543 τὸν
1487 3489 1780 3542 ἀντίπαλον

202 3583 509 3654 χρώμενος,
545 3582 773 3653 νικητὴς
823 3581 1032 3650 γίνεται
1087 3579 1176 3633 διὰ
1209 3579 1303 3632 τοῦ
1351 3578 1650 3634 καταλῦσαι
1689 3578 1780 3633 τὸν

204 3673 388 3744 ἐχθρὸν
413 3674 533 3745 ἀμα
554 3673 646 3726 καὶ
679 3671 992 3741 ἐκδικητὴν.
1031 3672 1125 3734 Ὃς
1151 3669 1239 3724 διὰ
1286 3669 1442 3724 τοῦτο
1469 3670 1563 3723 καὶ
1589 3670 1781 3743 ἐχθρὸς

203 3767 292 3819 καὶ
321 3767 614 3837 ἐκδικητὴς
645 3763 1004 3836 ὀνομάζεται,
1037 3763 1117 3816 ὃτι
1148 3763 1285 3815 αὐτὰ
1325 3762 1392 3815 τά
1427 3763 1562 3833 πρὸς
1600 3763 1783 3834 ἀμαρ-

206 3859 315 3913 τίαν
346 3860 514 3914 αὐτοῦ
551 3859 895 3927 δελεάσματα
916 3897 930 3921 ,
960 3855 1203 3926 τιμωρία
1227 3857 1339 3918 τοῖς
1367 3854 1781 3924 αἰσθανομένοις

206 3951 572 4023 ήπικροτάτη
617 3949 772 4003 ἐστί·
812 3949 906 4002 καὶ
947 3947 1012 4000 δι’
1059 3941 1135 4000 ὧν
1182 3946 1470 4016 ἐφέλκεται
1517 3945 1654 4016 πρὸς
1683 3945 1782 4016 τὴν

206 4045 293 4096 τοῦ
322 4044 490 4099 κακοῦ
537 4043 823 4097 κοινωνίαν
875 4043 932 4092 ἐν
972 4040 1155 4112 ἀπάτῃ
1183 4040 1274 4094 τὸν
1311 4039 1618 4110 ἄνθρωπον,
1652 4039 1784 4093 αὐτὸ

211 4136 374 4190 ἐκεῖνο
419 4137 482 4190 τὸ
524 4133 907 4206 χαλεπώτατον
953 4133 1052 4204 τῆς
1098 4132 1372 4204 τιμωρίας
1420 4127 1561 4196 εἶδός
1611 4133 1779 4184 ἐστιν.

211 4225 387 4290 υύτως
419 4225 714 4298 ἑρμηνεύει
745 4223 843 4295 τὴν
875 4224 1114 4278 διάνοιαν
1147 4222 1350 4292 ταύτην
1377 4224 1405 4276 ὁ
1439 4223 1577 4286 θεῖος
1625 4222 1785 4278 Ἀπό-

215 4315 419 4380 στολος,
455 4314 662 4378 εἰπών,
721 4315 805 4367 ὅτι
856 4331 874 4362 ι
906 4313 1019 4384 Τὴν
1062 4311 1410 4383 ἀντιμισθίαν
1441 4312 1507 4384 ἢν
1539 4311 1647 4364 ἔδει
1686 4310 1786 4380 τῆς

214 4404 414 4476 πλάνης
480 4403 664 4460 αὐτῶν
719 4405 778 4456 ἐν
828 4403 1040 4464 ἑαυτοῖς
1088 4402 1587 4473 ἀπολαμϐάνοντες.
1633 4421 1651 4452 ι
1689 4401 1786 4464 Τίς

213 4496 314 4568 γὰρ
364 4498 430 4551 ἂν
477 4497 688 4566 γένοιτο
745 4494 884 4566 πρὸς
929 4495 1200 4567 τιμωρίαν
1239 4495 1372 4565 άλλη
1425 4493 1784 4564 χαλεπωτέρα

215 4587 418 4642 ἐπίνοια
444 4589 544 4657 τῆς
588 4587 730 4641 κατά
764 4585 862 4655 τὴν
893 4585 1282 4657 ἀσχημοσύνην
1322 4584 1683 4655 ἀκαθαρσίας,
1717 4586 1783 4656 ἢν

215 4676 268 4728 ἐν
305 4678 515 4738 ἑαυτοῖς
565 4674 998 4748 κατεργάζονται
1031 4677 1081 4728 οἱ
1118 4676 1217 4746 τῆς
1259 4676 1646 4746 ἀσχημοσύνης
1695 4676 1784 4745 ἐρ-

217 4768 406 4834 γάταις
439 4770 499 4823 Ὀ
518 4766 614 4822 οὖν
643 4767 950 4831 καταλύσας
971 4769 1029 4820 ἐν
1049 4765 1126 4837 τῷ
1152 4767 1265 4837 ἰδίῳ
1297 4766 1397 4836 βίῳ
1426 4767 1518 4819 τοῦ
1542 4767 1785 4820 τοιούτου

216 4859 307 4928 τὴν
347 4861 597 4931 δύναμιν,
630 4860 690 4923 ὃς
716 4861 1036 4931 τιμωρεῖται
1067 4857 1159 4912 τὸν
1196 4860 1252 4911 ἐν
1286 4859 1454 4930 κακίᾳ
1496 4859 1786 4929 γενόμενον

215 4947 276 5001 δι’
304 4952 466 5004 αύτοῦ
501 4951 595 5004 τοῦ
649 4953 942 5022 μετασχεῖν
979 4949 1078 5018 τῆς
1113 4950 1342 5012 κακίας,
1386 4950 1489 5020 ὁρᾷ
1521 4949 1648 5012 τοὺς
1693 4951 1787 5003 ἀν-

216 5038 478 5109 θρώπους,
515 5043 611 5096 καὶ
653 5042 749 5114 τὴν
785 5042 894 5095 τῶν
924 5041 1172 5112 οὐρανῶν
1197 5041 1662 5111 ύπερκαθημένην
1692 5059 1790 5113 με-

218 5130 644 5205 γαλοπρέπειαν,
675 5133 768 5187 καὶ
796 5133 856 5185 τὸ
883 5132 982 5202 τῆς
1015 5131 1227 5200 φύσεως
1250 5131 1471 5203 ἀξίωμα
1490 5172 1504 5196 ,
1533 5132 1696 5185 τίνων
1727 5149 1786 5185 τε

219 5219 366 5291 ἄρχει
409 5226 503 5278 καὶ
554 5225 666 5278 τίσι
716 5223 1123 5294 συντεταγμένη
1162 5223 1332 5278 ἐστίν.
1367 5222 1458 5294 Τῷ
1498 5223 1608 5295 γὰρ
1640 5223 1790 5295 αὐτῷ

221 5314 308 5366 καὶ
336 5316 425 5368 ἐπὶ
457 5316 565 5370 τῶν
600 5317 810 5386 ἀλόγων
836 5304 1184 5386 ἡγεμονεύει,
1231 5314 1325 5367 καὶ
1353 5316 1469 5378 τοῖς
1536 5312 1789 5381 ἀγγέλοις

223 5402 304 5458 διὰ
361 5409 697 5481 συγκρίσεως
762 5406 1143 5480 παρισουμὲνη
1201 5406 1396 5478 μικρὸν
1446 5404 1785 5460 ἐλαττοῦται.

225 5494 400 5552 Τοίνυν
444 5500 601 5568 λόγος
649 5501 797 5554 ἐστὶν
844 5500 912 5552 δι’
955 5493 1016 5554 οὗ
1069 5498 1278 5566 γίνεται
1319 5499 1353 5570 ή
1399 5497 1545 5552 κατὰ
1583 5499 1790 5552 τούτοιν

225 5585 391 5657 ἀρχὴ,
449 5593 542 5645 καὶ
585 5592 721 5662 πρὸς
779 5592 906 5654 τοὶς
964 5590 1229 5659 ἀγγέλους
1274 5589 1568 5654 οἰκείωσις.
1619 5588 1792 5644 Πάλιν

225 5673 486 5748 ἐκδέχεται
533 5680 690 5751 νίκης
741 5681 935 5753 ἐτέρας
984 5681 1214 5753 τρόπος,
1255 5680 1387 5735 ὅταν
1431 5681 1678 5753 ὑπερϐὰς
1723 5680 1792 5736 τά

290 5875 334 5907 "
373 5877 416 5932 ll
455 5878 583 5954 Reg.
623 5898 712 5950 xv,
772 5880 838 5937 16
881 5891 1000 5952 sqq.
1079 5881 1126 5913 ⁷³
1168 5878 1330 5934 Rom.
1385 5895 1422 5949 ι,
1468 5879 1561 5933 27.

1864 610 2039 658 sores,
2068 593 2262 648 amicis
2294 593 2590 647 Absalouis
2615 590 3009 654 admisceatur,
3055 587 3286 657 ejusque
3310 602 3447 642 con-

1865 682 2046 738 silium
2083 690 2315 751 tyranno
2336 681 2744 736 conducibilius
2763 681 2938 735 visum
2970 679 3060 738 sit,
3089 695 3252 748 quam
3278 679 3444 733 Aelu-

1863 773 2096 840 t0phelis
2114 774 2156 803 τί
2181 791 2194 825 :
2215 771 2358 825 unde
2386 769 2589 823 factum
2611 777 2718 829 est.
2745 777 2804 822 ut
2827 783 2952 821 eum
2981 766 3272 821 consilium
3300 765 3448 821 illius

1865 862 2265 934 praevaluisset,
2309 863 2356 917 is
2385 862 2478 931 qui
2506 871 2700 915 contra
2731 858 2986 913 Davidem
3027 857 3287 911 Absaloni
3315 872 3447 912 con-

1867 955 2055 1010 silium
2113 953 2362 1017 dederat,
2422 967 2452 1005 a
2513 953 2700 1021 seipso
2755 945 3084 1020 praefocatus
3153 948 3445 1003 interierit.

1868 1039 2108 1110 Equum
2137 1055 2305 1110 porro
2343 1039 2508 1092 fuerit
2558 1022 2805 1092 historia:
2833 1037 2998 1092 etiam
3053 1036 3344 1106 aenigmata
3395 1047 3449 1092 et

1867 1130 2155 1184 involucra
2196 1129 2264 1184 ad
2294 1129 2459 1182 vitam
2508 1127 2698 1180 virtuti
2734 1126 3006 1181 addictam
3054 1125 3446 1180 illustrandum

1867 1222 2146 1286 adhibere,
2207 1220 2484 1291 quomodo
2537 1220 2793 1274 videlicet
2833 1234 2987 1274 mens
3043 1227 3096 1273 et
3164 1217 3448 1288 cogitatio,

1870 1329 1992 1383 qute
2026 1328 2128 1368 nos
2160 1321 2454 1369 conservat
2482 1356 2498 1380 ,
2531 1313 2760 1382 laqueus
2803 1310 3100 1364 adversarii
3143 1310 3260 1379 ﬁat;
3299 1309 3449 1364 salu-

1866 1408 2036 1469 taris,
2069 1407 2314 1476 inquam,
2344 1406 2433 1459 illa
2466 1420 2619 1458 mens
2659 1411 2713 1457 et
2752 1403 3041 1465 sententia,
3080 1416 3202 1472 quae
3249 1402 3447 1470 partim

1872 1499 2135 1561 historiae,
2202 1502 2400 1568 partim
2457 1495 2779 1566 psahnodite
2831 1493 3205 1549 monumentis
3260 1494 3449 1546 consi—

1873 1597 2038 1658 gnata
2069 1597 2176 1642 est.
2213 1586 2382 1643 Nobis
2405 1595 2586 1641 autem
2646 1585 2987 1656 propositum
3033 1592 3118 1639 est
3177 1585 3447 1638 rationem

1873 1678 2109 1740 ordinis,
2146 1677 2241 1748 qui
2294 1679 2347 1732 in
2377 1676 2607 1748 psalmis
2637 1685 2885 1745 apparet,
2937 1689 3046 1743 quo
3090 1674 3156 1728 ad
3194 1673 3454 1726 honesta-

1874 1776 1981 1825 tem
2013 1771 2293 1838 ducimur,
2325 1768 2684 1842 perscrutari.
2715 1767 2885 1838 lgitur
2910 1768 2962 1821 in
3003 1766 3259 1837 praesenti
3304 1765 3451 1819 aliud

1874 1861 2180 1930 intelligere
2230 1877 2339 1916 non
2400 1859 2686 1923 debemus,
2729 1873 2893 1928 quam
2950 1865 3188 1911 mentem
3244 1863 3298 1911 et
3328 1871 3455 1910 sen-

1874 1954 2101 2010 tentiam
2141 1953 2288 2008 illam
2318 1967 2442 2022 quae
2476 1953 2856 2006 insidiatorem
2887 1960 3135 2004 nostrum
3165 1947 3452 2002 interimit.

1945 2045 2077 2112 Quae
2112 2045 2283 2116 igitur
2306 2045 2451 2100 ista?
2487 2043 2690 2098 Eodem
2721 2042 2842 2096 loco
2883 2048 3139 2111 reputare
3172 2049 3455 2094 auctorem

1875 2136 2209 2206 iniquitatis,
2274 2143 2328 2190 et
2368 2142 2651 2188 auctorem
2702 2133 2900 2188 ulcisci
2950 2133 3089 2187 velle
3118 2149 3131 2184 :
3165 2131 3284 2200 ipse
3303 2129 3450 2183 enim

1875 2241 1998 2284 sese
2031 2226 2292 2283 extremis
2324 2227 2504 2297 pmnis
2549 2226 2856 2288 ulciscitur,
2921 2236 2976 2280 et
3041 2223 3309 2278 adversus
3367 2236 3454 2275 se-

1873 2318 2052 2387 ipsum
2088 2331 2306 2388 paruam
2358 2315 2461 2371 sibi
2501 2315 2750 2370 decernit
2793 2325 2847 2370 et
2871 2313 3082 2379 deﬁnit,
3130 2312 3175 2367 si
3209 2311 3356 2366 velut
3389 2326 3456 2364 ex

1875 2417 2063 2463 mutua
2101 2410 2350 2479 pactione
2379 2417 2433 2463 et
2465 2416 2754 2462 contractu
2791 2406 2993 2460 malum
3022 2405 3165 2460 malo
3197 2419 3458 2473 compen-

1877 2507 1984 2565 sat,
2009 2498 2188 2567 iisque
2220 2497 2425 2568 quibus
2460 2495 2691 2550 aﬁ‘ectus
2716 2504 2797 2549 est
2825 2494 3065 2563 injuriis,
3099 2493 3334 2562 injurias
3373 2508 3458 2545 re-

1879 2590 2084 2661 pendit.
2114 2588 2294 2654 Quare
2308 2599 2430 2658 post
2462 2588 2565 2642 ista
2597 2587 2899 2643 certamina
2926 2585 3312 2640 rursnsvictor
3332 2597 3461 2651 pro-

1879 2680 2160 2733 nuntiatus
2181 2679 2271 2732 sit.
2292 2677 2549 2748 Sequitur
2568 2678 2710 2730 enim
2733 2675 3020 2744 inscriptio
3047 2692 3061 2728 :
3096 2692 3112 2722 ι
3137 2672 3244 2726 Pro
3267 2682 3458 2726 torcu-

1879 2769 2157 2830 laribus,»
2215 2784 2335 2838 quae
2416 2768 2573 2821 ﬁnem
2626 2767 2988 2821 demonstrat.
3055 2765 3209 2819 Finis
3275 2773 3456 2816 autem

1879 2861 2242 2915 certaminum
2284 2859 2510 2914 victoria
2542 2867 2650 2914 est.
2700 2859 2769 2912 At
2805 2857 3143 2928 superﬂuum
3195 2856 3360 2912 fuerit
3394 2859 3464 2911 de

1881 2968 2048 3009 sensu
2108 2951 2508 3019 inscriptionis,
2573 2970 2592 3002 ι
2634 2949 2741 3003 Pro
2797 2948 3235 3008 torcularibus.»
3285 2948 3461 3004 fusius

1880 3043 2183 3114 disputare,
2216 3057 2339 3095 cum
2376 3040 2443 3095 de
2476 3056 2538 3095 ea
2567 3041 2678 3109 jam
2706 3040 2823 3096 suis
2859 3041 2992 3094 locis
3016 3039 3233 3093 abunde
3252 3039 3460 3092 dictum

1885 3133 1976 3188 sit.
2008 3131 2180 3186 Porro
2222 3129 2682 3200 quemadmodum
2727 3137 2851 3198 post
2895 3129 3124 3198 primam
3159 3127 3228 3182 ab
3282 3127 3461 3182 Absa-

1884 3227 2007 3279 Ione
2037 3224 2240 3294 fugam,
2294 3223 2423 3277 dum
2450 3237 2649 3275 vanum
2687 3221 2929 3276 studium
2977 3228 3030 3274 et
3067 3219 3282 3274 inanem
3329 3235 3463 3288 ope-

1882 3332 1999 3370 ram
2032 3330 2061 3368 a
2098 3314 2243 3369 veris
2273 3321 2327 3368 et
2371 3313 2531 3368 seriis
2557 3313 2789 3383 negotiis
2833 3322 2886 3366 et
2916 3311 3079 3366 rebus
3118 3312 3461 3372 internoscit,

1883 3408 2127 3462 victoriae
2156 3407 2496 3459 ornamentis
2536 3405 2860 3474 insignitur:
2904 3403 2978 3457 ita
3009 3411 3064 3458 et
3095 3418 3240 3456 nunc
3266 3401 3464 3457 simili-

1883 3499 1987 3554 bus
2019 3499 2230 3553 exactis
2264 3496 2480 3568 pugnis,
2520 3496 2768 3549 oratione
2809 3514 2826 3545 ι
2858 3492 2966 3548 Pro
3007 3493 3401 3558 torcularibus,
3442 3512 3460 3542 ι

1885 3591 2032 3642 velut
2063 3589 2426 3654 auxiliatrice,
2458 3595 2648 3641 contra
2676 3586 3054 3640 adversarium
3083 3600 3240 3649 usus,
3286 3585 3467 3638 victor

1882 3680 2084 3745 evadit,
2107 3695 2171 3733 eo
2193 3679 2338 3748 quod
2373 3679 2634 3732 deleverit
2673 3679 2884 3731 hostem
2918 3677 3082 3730 simul
3111 3684 3164 3731 et
3206 3691 3468 3746 persecu-

1885 3779 2079 3832 torem,
2111 3771 2202 3838 qui
2234 3769 2305 3823 ob
2329 3768 2379 3822 id
2407 3769 2571 3822 etiam
2599 3766 2776 3822 hostis
2832 3775 2886 3820 et
2917 3767 3061 3820 ultor
3120 3767 3461 3831 nominatur,

1883 3861 2012 3933 quia
2053 3861 2228 3931 ipsius
2257 3861 2323 3914 ad
2356 3867 2640 3930 peccatum
2672 3859 2942 3914 illecebrae
2985 3858 3344 3913 acerbissima
3372 3859 3468 3912 de-

1884 3953 2240 4026 gustantibus
2301 3961 2430 4007 sunt
2477 3966 2662 4023 pmna,
2706 3958 2760 4006 et
2798 3967 2861 4006 ea
2909 3951 3107 4020 quibus
3147 3950 3211 4005 ad
3246 3951 3494 4006 malitias'

1885 4046 2326 4100 communionem
2360 4044 2608 4098 homines
2634 4041 2894 4112 deceptos
2925 4039 3223 4110 pertrahit,
3253 4040 3462 4110 gravis-

1887 4136 2012 4190 simi
2057 4135 2313 4205 supplicii
2346 4133 2582 4203 speciem
2627 4131 2847 4185 habent.
2881 4128 2996 4186 Iloc
3034 4129 3198 4183 modo
3246 4144 3467 4183 sensum
3500 4128 3516 4140 ‘

1888 4229 2032 4283 lutnc
2087 4227 2312 4298 exponit
2362 4226 2584 4287 divinus
2633 4223 2951 4293 Apostolus,
3000 4236 3124 4276 cum
3180 4221 3290 4274 ait:
3325 4219 3471 4275 «Eos

1889 4335 2052 4390 quam
2087 4326 2368 4372 merentur
2414 4315 2718 4371 mercedem
2775 4313 3002 4375 erroris,
3058 4311 3112 4365 in
3163 4311 3471 4380 semetipsis

1887 4411 2222 4481 occipere“.
2257 4429 2274 4460 ι
2317 4409 2456 4474 Quid
2479 4407 2622 4460 enim
2649 4406 2715 4460 ad
2753 4403 3083 4474 supplicium
3121 4405 3347 4472 gravius
3377 4419 3474 4456 cx-

1820 4530 1863 4585 D
1894 4503 2125 4571 cogitari
2155 4511 2336 4571 queat,
2364 4515 2525 4570 quam
2563 4498 2694 4552 illud
2729 4495 3089 4550 immunditiis
3136 4495 3474 4549 dehonesta-

1897 4603 2137 4648 mentum
2175 4600 2228 4645 et
2255 4590 2512 4653 dedecus,
2550 4587 2695 4658 quod
2738 4587 2792 4640 in
2830 4587 3027 4652 seipsis
3060 4585 3298 4641 efﬁciunt
3348 4603 3475 4657 pro-

1895 4685 1977 4740 bri
2010 4693 2062 4737 et
2096 4683 2378 4737 dedecmis
2411 4679 2738 4735 eﬁ‘ertores?
2777 4679 2878 4745 Qui
2910 4694 3038 4749 ergo
3067 4679 3189 4732 vitae
3229 4695 3340 4732 sure
3389 4679 3475 4732 in-

1895 4777 2090 4830 stituto
2117 4774 2223 4828 vim
2250 4774 2371 4844 ejus
2401 4782 2646 4835 enervat,
2696 4772 2787 4841 qui
2824 4771 3043 4824 malitiae
3084 4771 3475 4825 communione

1895 4867 1998 4922 sibi
2035 4865 2388 4934 conjunetum
2414 4865 2515 4917 hac
2545 4864 2660 4933 ipsa
2702 4863 3118 4933 participatione
3151 4861 3327 4931 punit,
3385 4862 3475 4916 ille

1897 4960 1951 5007 et
1988 4953 2255 5014 homines,
2302 4958 2356 5007 et
2389 4951 2534 5004 illam
2576 4966 2698 5019 qua:
2745 4967 2910 5020 super
2961 4952 3131 5004 caelos
3167 4963 3352 5017 erecla
3392 4959 3477 5004 est

1898 5042 2382 5112 magniﬁcentiam,
2409 5043 2840 5112 dignitatemque
2871 5052 3100 5106 naturte,
3141 5043 3339 5112 quibus
3373 5043 3475 5094 im-

1897 5143 2070 5204 peret,
2105 5143 2308 5188 etcum
2339 5133 2540 5202 quibus
2567 5135 2812 5204 ejusdem
2849 5134 3136 5188 sitclassis
3163 5141 3214 5186 et
3241 5131 3474 5196 ordinis,

1901 5227 2325 5295 contemplatur.
2365 5225 2565 5281 Eadem
2591 5227 2734 5281 enim
2789 5240 2940 5296 parte
2973 5233 3028 5279 et
3064 5224 3368 5278 dominium
3417 5222 3473 5275 iu

1898 5318 2058 5373 bruta
2097 5318 2278 5382 habet,
2309 5328 2362 5373 el.
2401 5334 2524 5373 cum
2560 5319 2768 5390 angelis
2793 5316 3204 5385 comparatione
3240 5314 3476 5370 collatus

1896 5410 2176 5479 paululum
2205 5410 2311 5466 illis
2338 5410 2934 5479 inferiorennspieitur.
2970 5408 3126 5461 Ratio
3148 5407 3330 5476 itaque
3369 5415 3475 5466 est,

1861 5547 1867 5552 .
1895 5515 2002 5571 qua
2034 5509 2087 5554 et
2125 5501 2303 5557 brutis
2328 5503 2701 5556 animantibus
2748 5506 2965 5569 praeest,
3009 5506 3063 5552 et
3095 5512 3220 5551 cum
3267 5497 3477 5566 angelis

1896 5593 2308 5648 necessitudine
2353 5593 2589 5664 quadam
2654 5591 2928 5662 jungitur.
2976 5588 3191 5643 Rursus
3249 5589 3355 5642 alia
3395 5587 3478 5640 vi-

1897 5685 2085 5741 ctoria:
2113 5686 2326 5757 species
2353 5685 2618 5753 succedit,
2650 5683 2865 5755 quando
2896 5682 3009 5738 haec
3043 5697 3165 5752 quat
3184 5682 3287 5736 sub
3319 5695 3480 5751 aspe-
