3844 6356
400 388 497 445 551
1661 386 1720 438 S.
1765 381 1984 437 GREGC

2135 381 2178 435 Ν
2188 379 2432 436 YSSENI
3566 379 3681 435 ιω

398 512 547 556 ctum
579 501 782 555 cadunt
824 513 1234 570 supergressus,
1289 499 1561 553 rationem
1607 498 1660 551 in
1693 511 1897 551 arcana
1935 506 1984 551 et

2095 496 2400 565 φαινόμενα
2447 495 2560 556 τοῖς
2613 492 2945 563 ἀπορρήτοις
3003 491 3321 564 ἐμϐατεύει-ῃ
3375 492 3456 562 τῷ

400 593 680 649 recondita
733 592 972 658 inseris;
1021 590 1168 645 filius
1226 604 1354 646 vero
1405 592 1544 645 ratio
1590 597 1697 657 est,
1739 589 1984 659 satisque

2095 588 2125 642 Ϊ
2140 588 2217 651 ίὸς
2237 588 2295 640 δὲ
2314 590 2344 640 ὁ
2370 586 2528 655 λόγος
2547 624 2563 651 ,
2585 583 2690 639 κᾶν
2714 585 2917 649 ίκανῶς
2937 585 3039 656 ἤδη
3060 586 3193 657 γένῃ
3217 587 3341 649 ταῖς
3368 586 3677 657 προλασού-

396 686 508 756 jam
540 683 970 754 praecedentibus
994 683 1240 739 victoriis
1265 683 1602 738 exercitatus
1627 701 1646 735 ι
1676 697 1777 753 pro
1797 681 1984 737 occul-

2095 697 2214 743 οαις
2243 679 2423 742 νίκαις
2451 679 2874 748 ἐγγυμνασθεὶς,
2911 696 2930 728 ι
2953 678 3125 749 ’Υπέρ
3157 669 3269 731 τῶν
3299 680 3551 750 κρυφίων
3577 678 3681 732 τοῦ

402 775 474 829 tis
506 773 690 828 Filii”
720 793 739 825 ι
769 774 977 844 psallis,
1017 788 1116 841 per
1150 773 1466 827 continuam
1508 786 1915 841 consonamque
1934 777 1984 827 et

2095 773 2221 826 Υίοῦ
2259 791 2279 824 ι
2307 772 2551 841 ψάλλεις,
2581 772 2670 825 διὰ
2703 771 2803 841 τῆς
2828 770 3168 841 εὐαρμόστου
3198 787 3257 824 τε
3283 770 3379 824 καὶ
3400 770 3683 841 ἐμμελοῦς

399 866 701 922 studiosam
722 864 1251 935 contemplationem
1299 882 1312 918 :
1353 865 1663 933 iterumque
1706 863 1859 917 illum
1893 862 1984 931 qui

2095 860 2347 930 θεωρίας.
2398 861 2508 913 Καὶ
2559 858 2723 914 πάλιν
2772 860 3005 930 νικήσας
3035 858 3129 913 τὸν
3184 860 3243 912 ἐν
3278 861 3535 931 κρυφίοις
3585 864 3681 916 ἐν.

402 958 455 1009 in
489 959 708 1010 occulto
750 954 1014 1009 venandis
1060 962 1114 1007 et
1147 953 1431 1024 capiendis
1460 953 1620 1007 nobis
1673 951 1985 1015 insidiatur,

400 1049 678 1117 prodigas,
713 1062 779 1101 ne
806 1060 911 1116 qua
946 1046 1182 1116 amplius
1205 1044 1345 1099 hosti
1372 1052 1563 1097 contra
1589 1057 1689 1097 nos
1712 1042 1987 1113 gloriandi

400 1138 742 1208 relinquatur
768 1139 987 1193 occasio
1015 1179 1029 1203 ,
1063 1153 1082 1187 ι
1110 1145 1170 1190 ut
1193 1151 1301 1189 non
1334 1143 1574 1205 apponat
1597 1135 1742 1188 ultra
1777 1135 1990 1205 magni-

404 1231 566 1284 ﬁcare
603 1245 661 1284 se
693 1230 857 1284 homo
885 1243 1051 1297 super
1085 1238 1307 1282 terram.
1341 1245 1359 1277 ι
1409 1225 1563 1281 Tunc
1614 1241 1679 1281 ex
1737 1226 1988 1293 victoria,

402 1337 522 1392 qua:
545 1321 803 1390 deinceps
826 1320 923 1374 tibi
962 1319 1205 1380 obvenit,
1237 1319 1432 1386 majori
1484 1333 1611 1389 erga
1648 1316 1818 1373 Deum
1848 1333 1988 1373 con-

400 1424 555 1482 cepta
589 1411 783 1465 ﬁducia
806 1410 944 1465 dicis
983 1429 995 1464 :
1039 1429 1057 1461 ι
1094 1408 1154 1463 ln
1185 1407 1416 1463 Domino
1454 1407 1804 1477 confido";n
1832 1426 1990 1465 mox-

399 1520 540 1575 que,
584 1505 729 1559 inea
782 1517 904 1572 quae
944 1501 1196 1572 sequitur
1225 1500 1478 1563 victoria,
1542 1516 1742 1557 rursus
1787 1501 1843 1555 in
1875 1516 1991 1554 me-

399 1598 631 1653 moriam
666 1609 895 1650 revocas
931 1611 951 1645 ι
977 1592 1262 1663 Octavam;
1287 1611 1307 1646 ι
1339 1592 1393 1646 in
1423 1607 1531 1662 qua
1588 1610 1607 1643 ι
1638 1592 1826 1663 lingua
1879 1608 1996 1645 tua-

399 1690 655 1761 gniloqua
700 1688 918 1757 penitus
971 1685 1305 1748 destruetur,
1334 1694 1390 1740 et
1475 1684 1618 1739 labia
1650 1685 1864 1749 dolosa,
1887 1704 1905 1736 ι
1937 1694 1990 1739 et

398 1782 579 1838 omnis
604 1788 795 1835 contra
818 1778 983 1834 Deum
1015 1778 1232 1834 insania
1249 1777 1317 1831 τ’.
1352 1775 1839 1832 Conservabuntur
1858 1788 1990 1830 vero

398 1887 428 1924 a
457 1869 811 1940 generatione
846 1868 947 1921 hac
978 1866 1032 1920 in
1067 1867 1358 1928 saeculum,
1395 1866 1491 1936 qui
1524 1864 1580 1918 in
1615 1864 1850 1919 circuitu
1882 1864 1986 1918 im-
2022 1848 2062 1901 Β

398 1962 617 2034 pietatis
650 1976 759 2015 non
790 1959 1092 2023 ambulant,
1142 1960 1237 2015 sed
1274 1965 1480 2013 rectam
1516 1957 1782 2014 insistunt
1817 1959 1983 2024 viam,

395 2066 560 2122 quam
603 2049 750 2106 Deus
793 2051 953 2105 nobis
993 2064 1190 2105 novam
1228 2050 1472 2120 praaivit,
1517 2051 1662 2105 viam
1705 2058 1982 2105 recentem

395 2154 452 2200 et
488 2145 785 2199 viventem.
810 2143 877 2197 Et
907 2142 1042 2213 quid
1102 2156 1244 2213 opus
1291 2151 1377 2197 est
1424 2143 1644 2214 singula
1680 2142 1980 2215 explicare,

395 2249 523 2288 cum
585 2249 707 2303 qua:
740 2234 1007 2289 hactenus
1053 2232 1488 2291 introductionis
1536 2233 1698 2304 quasi
1731 2235 1855 2289 loco
1900 2235 1984 2287 al-

397 2326 506 2380 lata
535 2334 667 2380 sunt
700 2325 838 2382 satis
871 2339 1148 2395 superque
1207 2325 1304 2381 tibi
1351 2327 1648 2382 ostendant
1699 2327 1841 2379 viam
1874 2339 1983 2395 qua

399 2431 500 2486 per
550 2416 887 2486 psalmorum
941 2416 1189 2472 ordinem
1247 2425 1303 2473 et
1367 2419 1757 2487 inscriptiones
1799 2418 1865 2472 ad
1926 2418 1979 2473 id

399 2505 546 2577 quod
573 2506 776 2560 bonum
805 2513 858 2560 et
870 2514 1080 2559 rectum
1104 2512 1189 2561 est
1205 2505 1538 2561 deducaris?
1564 2521 1672 2561 non
1701 2521 1891 2576 parum
1916 2506 1984 2560 ad

402 2598 544 2651 hanc
596 2597 763 2652 etiam
815 2596 1228 2666 intelligentiam
1274 2598 1617 2654 eonducente
1655 2598 1767 2663 illa,
1820 2611 1984 2667 quam

411 2705 579 2762 supra
612 2689 997 2761 prazmisimus,
1031 2688 1453 2760 inscriptionum
1485 2687 1873 2759 explicatione.

972 2844 1201 2901 CAPUT
1270 2844 1390 2899 XII.

472 2951 649 3007 Finita
679 2953 853 3023 prima
888 2955 1133 3010 sectione
1184 2955 1535 3011 ascensionis
1587 2971 1684 3025 per
1718 2956 1985 3026 psalmos,

2090 952 2380 1024 εδρεύοντα
2410 951 2533 1005 καθ’
2556 951 2713 1021 ἡμῶν
2744 950 2908 1021 θῆρα,
2947 950 3089 1003 ὥστε
3124 950 3322 1020 μηκέτι
3352 951 3449 1004 τοῦ
3475 951 3681 1022 ἐχθροῦ

2087 1046 2150 1098 τὸ
2195 1043 2317 1098 καθ’
2341 1043 2498 1114 ήμῶν
2529 1042 2792 1113 καύχημα
2824 1041 3242 1112 περιλειφθῆναι
3278 1046 3329 1106 (ι
3366 1043 3486 1096 Ἵνα
3522 1061 3542 1094 ι
3565 1043 3685 1114 γὰρ

2096 1154 2113 1186 ι
2157 1136 2231 1207 μὴ
2262 1136 2474 1207 προσθῇ
2502 1135 2581 1189 ἔτι
2603 1134 2698 1188 τοῦ
2741 1134 3108 1205 μεγαλαυχεῖν
3138 1134 3426 1205 ἄνθρωπος
3454 1135 3547 1188 ἐπὶ
3572 1136 3685 1204 τῆς

2090 1228 2194 1297 γῆς
2231 1247 2250 1279 ι
2275 1228 2292 1297 )
2316 1245 2329 1258 ·
2360 1229 2482 1281 τότε
2510 1227 2599 1281 διὰ
2642 1226 2743 1296 τῆς
2771 1229 2834 1280 ἐκ
2863 1225 2956 1279 τοῦ
2979 1226 3273 1281 ἀκολούθου
3315 1242 3411 1279 σου
3444 1243 3684 1296 προσγι-

2091 1317 2323 1388 νομένης
2354 1318 2544 1387 νίκης,
2579 1317 2919 1388 τελειοτέραν
2968 1316 3069 1386 τὴν
3117 1319 3198 1380 είς
3246 1317 3340 1370 τὸν
3392 1315 3529 1369 Θεὸν
3579 1332 3685 1368 πε-

2090 1409 2343 1479 ποίθησιν
2363 1410 2502 1481 ἔχων
2530 1408 2728 1478 λέγεις’
2769 1429 2787 1461 ι
2842 1410 2966 1462 Ἐπὶ
3007 1409 3086 1479 τῷ
3117 1408 3309 1480 Κυρίῳ
3333 1406 3597 1461 πέποιθα.
3656 1425 3676 1458 ι

2103 1503 2192 1554 Ἐν
2217 1504 2282 1572 τῇ
2304 1501 2663 1573 ἐφεξῆςνίκῃ,
2691 1500 2970 1571 πάλιν.τῆς
2991 1519 3010 1551 ι
3036 1501 3287 1571 Ὀγδόηςι
3313 1501 3597 1571 μεμνήσῃ,
3622 1501 3685 1552 ἐν

2091 1590 2125 1668 ᾖ
2158 1595 2559 1667 ἐξολοθρεύεται
2590 1594 2688 1664 μὲν
2720 1595 2754 1667 ἡ
2789 1613 2807 1645 ι
2838 1592 3272 1665 μεγαλοῤῥήμων
3299 1592 3547 1661 γλῶσσα.
3582 1593 3685 1644 καὶ

2090 1688 2160 1743 τὰ
2194 1688 2345 1759 χείλη
2378 1685 2446 1741 τὰ
2529 1686 2711 1750 δόλια,
2744 1706 2761 1739 ι
2790 1686 2886 1740 καὶ
2934 1688 2968 1758 ἡ
3016 1685 3160 1741 κατά
3187 1684 3280 1739 τοῦ
3310 1683 3448 1737 Θεοῦ
3481 1684 3681 1754 μανία⁸

2094 1777 2528 1848 φυλαχθήσονται
2576 1779 2633 1833 δὲ
2680 1780 2788 1833 ἀπὸ
2834 1782 2932 1850 τῆς
2973 1778 3171 1847 γενεᾶς
3219 1776 3428 1846 ταύτης
3460 1777 3558 1831 καὶ
3597 1778 3683 1839 εἰς

2092 1871 2183 1925 τὸν
2205 1870 2399 1934 αἰῶνα,
2428 1872 2479 1925 oi
2512 1871 2587 1942 μὴ
2613 1872 2672 1923 ἐν
2698 1870 2886 1942 κύκλῳ
2907 1872 3008 1941 τῆς
3035 1869 3294 1933 ἀσεϐείας
3324 1886 3685 1940 συμπεριπα-

2093 1961 2312 2025 τοῦντες
2330 2002 2345 2023 .
2383 1962 2522 2015 ἀλλὰ
2552 1964 2651 2033 τῆς
2682 1963 2898 2027 εὐθείας
2942 1963 3219 2033 ἐχόμενοι,
3246 1960 3313 2032 ἢν
3341 1963 3683 2016 ἐνεκαίνισεν

2092 2053 2225 2122 ἡμῖν
2250 2054 2278 2106 ὁ
2300 2051 2432 2116 Θεὸς
2489 2053 2608 2105 ὁδὸν
2642 2053 2953 2124 πρόσφατον
2978 2054 3074 2107 καὶ⁵
3101 2052 3301 2119 ζῶσαν.
3347 2053 3459 2108 Καὶ
3487 2054 3545 2107 τί
3572 2055 3683 2124 χρὴ

2091 2141 2159 2193 τὰ
2204 2140 2326 2193 καθ’
2369 2141 2598 2193 ἕκαστον
2643 2141 2925 2206 διεξιέναι,
2982 2142 3183 2205 ἱκανῶς
3228 2159 3311 2195 σοι
3349 2142 3450 2213 τῆς
3482 2142 3679 2212 ἐφόδου

2091 2234 2293 2302 ταύτης
2340 2233 2441 2302 τὴν
2482 2233 2577 2285 ἐπὶ
2617 2234 2684 2286 τὰ
2734 2233 2967 2305 κρείττω
3020 2233 3245 2305 πρόοδον
3297 2234 3387 2287 διὰ
3430 2235 3539 2304 τῆς
3565 2235 3679 2288 τῶν

2090 2324 2324 2394 ψαλμῶν
2362 2324 2569 2389 τάξεώς
2610 2343 2668 2378 τε
2720 2328 2814 2380 καὶ
2845 2328 3156 2398 ἐπιγραφῆς
3190 2329 3684 2399 προδεικνυούσης;

2090 2417 2151 2468 οὺ
2189 2416 2399 2488 μικρῶς
2435 2419 2568 2488 ἡμῖν
2602 2419 2738 2488 πρὸς
2792 2420 2891 2491 τὴν
2932 2420 3186 2492 τοιαύτην
3219 2421 3676 2493 συμϐαλλομένης

2089 2506 2326 2560 διάνοιαν
2377 2509 2477 2579 τῆς
2536 2511 2934 2583 προϐληθείσης
2975 2515 3087 2577 τοῖς
3140 2511 3450 2586 ἔμπροσθεν
3497 2515 3682 2582 λόγοις

2092 2598 2201 2651 τῶν
2236 2601 2558 2672 ἐπιγραφῶν
2593 2603 2910 2675 ἑρμηνείας.

2582 2853 2980 2907 ΚΕΦΑΛΔῙΟΝ
3019 2854 3117 2909 IB'.

2180 2961 2319 3015 Ἀλλ’
2348 2963 2430 3016 ὅτι
2467 2965 2837 3038 συνεπεράνθη
2885 2967 2948 3020 τὸ
2979 2966 3196 3038 πρῶτον
3228 2965 3423 3038 τμῆμα
3458 2967 3564 3039 τῆς
3592 2968 3685 3022 διὰ

402 3045 597 3101 rursus
619 3043 1040 3114 quadragesimo
1058 3046 1269 3114 psalmo
1310 3046 1604 3099 resumitur
1636 3046 1984 3101 beatitudinis

2097 3053 2203 3106 τῶν
2233 3053 2464 3125 ψαλμῶν
2493 3057 2834 3120 ἀναδάσεως.
2867 3058 2924 3110 ἐν
2956 3058 3034 3129 τῷ
3066 3058 3487 3129 τεσσαρακοστῷ
3514 3059 3685 3112 πάλιν

402 3140 629 3194 mentio.
662 3137 835 3192 Aliter
877 3147 1055 3193 tamen
1087 3139 1143 3193 in
1186 3138 1342 3193 initio
1375 3138 1637 3195 delinitur
1681 3140 1987 3208 beatitudo,

400 3237 505 3291 sub
537 3237 752 3291 initium
788 3237 933 3291 enim
961 3235 1084 3307 fuga
1107 3244 1161 3291 et
1198 3238 1414 3293 aversio
1462 3253 1493 3291 a
1531 3238 1677 3291 malo
1714 3240 1768 3291 in
1813 3239 1990 3293 beati-

404 3330 591 3383 tudine
624 3328 1037 3382 uumerabatur.
1072 3329 1142 3382 At
1173 3328 1264 3382 hic
1294 3328 1451 3383 beata
1490 3327 1823 3399 praedicatur
1855 3330 1983 3384 boui

400 3431 457 3475 et
500 3421 632 3475 recti
667 3419 928 3490 cognitio.
989 3419 1121 3474 Boni
1170 3436 1300 3475 vero
1362 3430 1583 3484 natura,
1632 3422 1720 3477 vel
1760 3423 1804 3477 si
1843 3423 1987 3491 quod

401 3512 762 3568 excellentius
792 3516 916 3579 hoc,
955 3513 1035 3567 vel
1069 3527 1289 3579 nomen,
1317 3513 1402 3567 vel
1434 3514 1732 3583 cogitatum
1760 3515 1987 3584 reperiri

404 3613 606 3676 potest,
648 3603 785 3658 nihil
812 3604 1086 3667 estaliud,
1129 3618 1291 3673 quam
1322 3603 1638 3674 unigenitus
1660 3603 1757 3659 Dei
1796 3602 1988 3667 Filius,

402 3699 494 3769 qui
531 3713 655 3753 cum
692 3697 846 3753 dives
876 3708 1041 3762 esset,
1095 3705 1317 3768 propter
1348 3713 1450 3752 nos
1502 3695 1685 3752 factus
1738 3707 1822 3752 est
1867 3712 1992 3767 ege-

402 3806 529 3844 nus.
556 3788 729 3860 Cujus
789 3790 842 3843 in
916 3807 1085 3845 carne
1144 3796 1447 3860 egestatem
1474 3788 1822 3861 Evangelicis
1851 3791 1991 3845 scri-

352 3928 363 3937 .
403 3883 511 3953 ptis
551 3884 710 3938 nobis
740 3881 1194 3943 demonstratam,
1236 3882 1415 3936 oratio
1446 3881 1547 3935 hoc
1568 3882 1687 3936 loco
1711 3882 1992 3951 praesigni-

405 3975 552 4036 ﬁeat,
580 3988 706 4027 eum
742 3972 962 4027 beatum
1000 3972 1285 4040 praedicat,
1314 3974 1408 4041 qui
1437 3972 1624 4027 debita
1678 3974 1989 4044 intelligen-

404 4063 479 4116 tia
513 4068 889 4133 paupertatem
911 4062 1061 4115 illam
1086 4063 1389 4131 cognoscit,
1411 4063 1505 4131 qui
1536 4078 1744 4133 pauper
1770 4065 1989 4133 quidem

405 4163 525 4209 erat
546 4151 844 4208 secundum
886 4152 1029 4207 servi
1062 4151 1313 4216 formam,
1350 4153 1673 4209 benedictus
1696 4164 1874 4210 autem
1905 4171 1991 4211 se-

408 4246 647 4302 cundum
679 4243 989 4300 divinitatis
1016 4253 1291 4300 naturam.
1325 4246 1543 4316 Egenus
1576 4249 1725 4303 enim
1768 4255 1823 4303 et
1851 4265 1989 4319 pau-

2094 3145 2127 3213 ὴ
2154 3143 2246 3195 τοῦ
2279 3146 2628 3216 μακαρισμοῦ
2653 3147 2990 3217 ἐπανάληψις
3019 3148 3255 3216 γίνεται,
3287 3148 3462 3213 ἄλλως
3481 3150 3579 3203 τοῦ
3604 3150 3685 3202 λό-

2094 3250 2189 3293 γου
2216 3233 2366 3303 παρὰ
2386 3234 2681 3305 τὴνζάρχὴν
2699 3237 3020 3308 ὁριζομένου
3037 3239 3168 3308 ἡμῖν
3184 3239 3243 3290 τὸ
3274 3238 3570 3310 μακάριον.
3591 3240 3684 3293 Ἑν

2094 3325 2200 3393 γὰρ
2230 3326 2343 3386 τοῖς
2372 3323 2631 3395 πρώτοις,
2656 3325 2717 3379 τὸ
2752 3326 3053 3397 ἀποστῆναι
3078 3327 3171 3381 τοῦ
3204 3327 3374 3381 κακοῦ
3402 3331 3684 3401 μακάριον

2090 3411 2159 3486 ἦν
2180 3434 2191 3446 ·
2230 3416 2464 3469 ἐνταῦθα
2487 3417 2544 3469 δέ
2566 3418 2626 3469 τὸ
2647 3417 2943 3486 ἐπιγνῶναι
2982 3417 3043 3472 τὸ
3065 3419 3269 3487 ἀγαθὸν
3291 3420 3682 3492 μακαρίζεται.

2105 3509 2165 3562 Ἦ
2198 3509 2255 3562 δὲ
2301 3509 2395 3562 τοῦ
2441 3508 2647 3579 ἀγαθοῦ
2695 3509 2887 3578 φύσις,
2935 3511 2968 3582 ἢ
3009 3511 3145 3564 εἴτι
3182 3512 3276 3564 καὶ
3318 3513 3460 3584 ὑπὲρ
3486 3513 3684 3568 τούτου

2090 3598 2315 3652 δυνατόν
2358 3600 2505 3652 ἐστιν
2539 3598 2783 3671 ἐξευρεῖν
2812 3601 2963 3672 ῥῆμα
2991 3602 3025 3670 ἢ
3057 3602 3254 3673 νόημα,
3284 3598 3437 3668 οὗτος
3462 3604 3491 3656 ὁ
3519 3622 3686 3675 μονο-

2092 3691 2255 3759 γενής
2294 3691 2410 3743 ἐστι
2438 3690 2572 3754 Θεὸς
2593 3730 2607 3754 ,
2639 3691 2699 3754 ὃς
2728 3691 2796 3744 δι’
2844 3693 2992 3761 ἡμᾶς
3035 3692 3379 3763 ἐπτώχευσεν
3419 3694 3686 3760 πλούσιος

2091 3780 2188 3835 ὢν.
2224 3777 2297 3836 Οὔ
2342 3782 2442 3853 τὴν
2478 3786 2536 3836 ἐν
2570 3785 2733 3855 σαρκὶ⁵
2766 3786 3038 3856 πτωχείαν
3072 3786 3171 3858 τὴν
3197 3787 3284 3843 διὰ
3313 3787 3413 3859 τῆς
3446 3789 3673 3857 εὐαγγεσ

2090 3874 2249 3945 λικῆς
2287 3877 2527 3948 ἱστορίας
2566 3878 2698 3947 ἡμῖν
2749 3877 3147 3948 ἐπιδειχθεῖσαν
3188 3878 3417 3932 ἐνταῦθα
3459 3897 3684 3950 προμηιο

2091 3968 2207 4019 νύει
2240 3970 2267 4020 ὁ
2312 3968 2500 4035 λόγος,
2562 3969 2886 4041 μακαρίζων
2922 3971 3013 4023 τὸν
3074 3968 3211 4041 μετὰ
3262 3969 3528 4033 συνέσεως
3581 3972 3685 4043 τὴν

2093 4060 2365 4130 πτωχείαν
2399 4060 2614 4131 ἐκείνην
2638 4061 3005 4133 γνωρίσαντα.
3043 4064 3139 4127 Ὃς
3159 4063 3373 4133 πτωχὸς
3403 4062 3505 4133 μὲν
3534 4064 3688 4118 κατὰ.

2090 4152 2189 4223 τὴν
2222 4152 2315 4204 τοῦ
2347 4151 2535 4207 δούλου
2582 4154 2797 4226 μορφὴν
2817 4193 2832 4215 ,
2868 4154 3158 4226 εὐλογητὸς
3190 4154 3244 4208 δὲ
3274 4154 3413 4208 κατὰ
3448 4155 3549 4225 τὴν
3579 4157 3684 4227 τῆς

2092 4242 2342 4313 θεότητος
2395 4242 2591 4313 φύσιν.“
2624 4246 2840 4316 Πένητα
2872 4246 2980 4318 γὰρ
3020 4247 3182 4301 αὑτὸν
3220 4248 3315 4302 καὶ
3357 4248 3578 4318 πτωχὸν
3624 4252 3686 4303 ἐν

410 4352 507 4406 per
564 4336 836 4407 principio
880 4336 1047 4407 hujus
1087 4338 1406 4408 psalmodia:
1444 4340 1796 4406 nominatur;
1835 4351 1888 4394 at
1935 4342 1984 4394 in

2095 4335 2399 4405 προοιμίοις
2441 4335 2539 4407 τῆς
2570 4335 2886 4408 ψαλμῳδίας
2914 4339 3186 4409 ὀνομάσας
3213 4340 3241 4393 ὁ
3267 4337 3452 4408 λόγος,
3486 4341 3581 4393 ἐπὶ
3605 4342 3685 4409 τῷ

410 4430 514 4484 line
544 4428 808 4484 sectionis
828 4428 1048 4484 additur
1077 4447 1090 4484 :
1122 4447 1141 4481 ι
1170 4426 1502 4486 Benedictus
1539 4432 1800 4487 Dominus
1837 4431 1980 4486 Deus

2095 4426 2236 4479 τέλει
2260 4426 2354 4479 τοῦ
2371 4428 2657 4499 τμήματός
2680 4445 2866 4500 φησιν·
2893 4449 2910 4479 ι
2943 4426 3242 4500 Εὐλογητὸς
3266 4430 3469 4503 Κύριος
3495 4431 3523 4483 ὁ
3543 4432 3684 4497 Θεὸς
3760 4423 3770 4433 ’

409 4521 574 4576 Israel
604 4537 633 4574 a
674 4521 874 4575 smeulo
907 4521 961 4575 in
990 4521 1274 4586 szeculum,
1310 4520 1419 4590 ﬁat,
1444 4520 1553 4577 ﬁat.
1580 4540 1598 4573 ι
1627 4521 1727 4589 Qui
1754 4521 1912 4593 igitur
1934 4523 1984 4578 in

2095 4515 2185 4570 τοῦ
2236 4517 2453 4590 Ἰσραὴλ
2483 4518 2592 4571 ἀπὸ
2611 4518 2703 4572 τοῦ
2730 4517 2929 4582 αἰῶνος
2985 4520 3080 4572 καλ⁵
3112 4522 3190 4583 εἰς
3215 4520 3304 4573 τὸν
3332 4519 3530 4580 αἰῶνα.
3575 4522 3677 4589 γέ·

409 4613 551 4666 hanc
587 4612 929 4667 altitudinem
962 4612 1158 4677 evasit,
1190 4596 1280 4667 ille
1330 4614 1558 4668 alteram
1603 4618 1984 4671 ascensionem

2095 4625 2253 4675 νοιτο,
2284 4609 2507 4679 γένοιτο.
2550 4631 2569 4663 ι
2610 4612 2669 4665 '0
2700 4612 2880 4666 τοίνυν
2900 4614 2991 4667 ἐπὶ⁵
3015 4613 3172 4667 τοῦτο
3199 4612 3410 4683 φθάσας
3431 4614 3494 4667 τὸ
3521 4614 3681 4684 ὖψος,

412 4703 621 4772 incipit.
666 4701 803 4756 Nam
848 4704 1044 4759 relicto
1073 4712 1227 4774 patre
1253 4704 1416 4770 Core,
1465 4706 1559 4775 qui
1603 4722 1698 4775 per
1722 4722 1990 4777 arrogan-

334 4778 343 4785 ’
410 4795 543 4847 tiam
566 4794 932 4849 sacerdotium
971 4795 1073 4848 sibi
1110 4796 1421 4865 usurpavit,
1455 4806 1509 4850 et
1547 4797 1618 4851 ob
1652 4796 1702 4851 id
1742 4798 1865 4868 igne
1894 4813 1994 4852 ex-

408 4894 588 4949 ustus,
621 4892 674 4939 et
705 4885 773 4938 ah
794 4884 942 4937 hiatu
978 4886 1294 4955 ahsorptus,
1317 4893 1371 4940 et
1398 4888 1503 4942 sub
1525 4895 1726 4941 terram
1758 4897 1980 4959 propter

406 4976 612 5029 scelera
637 4974 855 5029 abditus
876 4983 960 5029 est
988 4976 1056 5041 ⁷⁸,
1077 4991 1206 5030 vero
1226 4988 1279 5030 et
1300 4977 1543 5048 legitimo
1563 4976 1706 5031 Patri
1730 4995 1789 5034 se
1811 4995 1904 5048 per
1926 4978 1987 5032 [ἰν

405 5065 527 5135 dem
557 5065 930 5137 adoptandum
955 5067 1271 5131 committit,
1318 5083 1425 5122 non
1478 5069 1725 5138 ignarus,
1781 5081 1987 5141 quanto

406 5158 726 5213 discrimine
777 5158 981 5213 distent
1015 5157 1109 5213 Dei
1179 5156 1350 5213 ﬁlium
1401 5159 1537 5223 ﬁeri,
1595 5172 1648 5215 et
1688 5160 1856 5215 lilium
1894 5162 1989 5216 de—

408 5252 636 5307 sertoris
658 5252 801 5306 Core
828 5250 1124 5307 nominari.
1153 5250 1398 5323 Adeptus
1451 5269 1582 5324 ergo
1614 5254 1771 5308 linem
1820 5255 1991 5308 victo-

410 5342 522 5403 rias.
573 5344 845 5415 simulque
897 5344 1211 5414 intelligens
1258 5354 1463 5414 quanta
1530 5348 1602 5401 sit
1649 5347 1792 5400 inter
1842 5347 1990 5400 hunc

409 5442 462 5488 et
483 5438 680 5490 malum
723 5436 872 5489 illum
929 5444 1139 5506 patrem
1176 5436 1505 5499 differentia,
1554 5448 1992 5507 cousumptoque

414 5524 466 5576 in
503 5542 560 5579 se
587 5536 641 5580 et
678 5526 942 5581 devorato
973 5542 1039 5581 eo
1072 5526 1215 5597 quod
1250 5527 1425 5581 ferum
1455 5536 1609 5583 estet
1636 5524 1987 5586 venenatum;

415 5626 565 5669 more
596 5630 905 5679 cervorum,
944 5618 1151 5685 quibus
1174 5618 1388 5688 replilia
1422 5633 1745 5674 consumere
1780 5620 1864 5675 vis
1908 5621 1993 5673 in-

482 5806 528 5837 "
557 5807 705 5864 Psal.
745 5824 816 5875 Ix,
851 5811 902 5867 l.
978 5815 1025 5846 ⁷⁵
1055 5814 1202 5871 Psal.
1245 5833 1296 5882 χ,
1333 5817 1387 5871 2.
1468 5817 1511 5849 ⁷⁸
1547 5817 1691 5874 Psal.
1720 5834 1795 5882 xu,
1828 5817 1877 5871 2.

2093 4702 2285 4772 ἐτέρας
2312 4703 2632 4768 ἀναϐάσεως
2664 4706 2911 4776 ἄρχεται.
2945 4704 3275 4759 Καταλιπὼν
3301 4705 3410 4778 γὰρ
3446 4706 3539 4759 τὸν
3572 4725 3682 4761 πα·

2092 4793 2223 4862 τέρα
2248 4793 2338 4845 τὸν
2374 4794 2553 4865 Κορὲ,
2600 4796 2693 4848 τὸν
2726 4795 2793 4848 δι’
2840 4795 3252 4867 ὑπερηφανείας
3292 4798 3683 4852 ἐπαναστάντα

2095 4884 2159 4953 τῇ
2192 4883 2479 4955 ἱερωσύνῃ,
2514 4885 2605 4937 καὶ
2634 4884 2722 4938 διὰ
2745 4884 2903 4938 τοῦτο
2930 4888 3387 4957 καταπρησθέντα
3411 4887 3491 4958 τῷ
3519 4894 3681 4961 πυρὶ,

2097 4974 2188 5026 καὶ
2239 4975 2658 5045 καταχωσθέντα
2709 4978 2787 5046 τῷ
2833 4980 3111 5049 χάσματι,
3158 4982 3250 5033 καὶ
3299 4981 3559 5050 ὑπόγειον
3622 4985 3683 5048 ἐξ

2097 5067 2372 5137 ἁμαρτίας
2398 5070 2691 5140 γενόμενον
2712 5111 2726 5135 ,
2763 5071 2840 5142 τῷ
2876 5072 3115 5144 ἀληθινῴ
3145 5074 3317 5143 Πατρὶ
3348 5074 3541 5126 ἐαυτὸν
3568 5078 3682 5128 εἰσ-

2099 5160 2243 5211 ποιεῖ
2269 5159 2356 5212 διὰ
2400 5163 2498 5232 τῆς
2526 5161 2780 5227 πίστεως.
2808 5165 2991 5228 Συνεὶς
3022 5166 3145 5219 ὅσον
3176 5167 3291 5218 ἐστὶ
3330 5166 3391 5220 τὸ
3422 5166 3684 5242 διάφορον

2096 5247 2231 5301 Θεοῦ
2281 5251 2471 5305 τέκνον
2520 5252 2808 5320 γενέσθαι,
2838 5254 2869 5326 ἦ
2906 5254 2997 5308 τοῦ
3032 5258 3339 5312 άττοστάτου
3375 5259 3521 5330 Κορέ
3568 5262 3682 5316 υἱὸν

2094 5343 2472 5413 χρηματίζειν.
2519 5344 2711 5416 Τυχὼν
2758 5348 2936 5400 τοίνυν
2987 5348 3081 5402 τοῦ
3127 5349 3311 5415 τέλους
3354 5354 3451 5423 τῆς
3489 5354 3681 5427 νίκης,

2094 5437 2190 5489 καὶ
2228 5440 2386 5506 γνοὺς
2415 5439 2538 5491 ὅσον
2570 5439 2687 5493 ἐστὶ
2719 5441 2925 5511 μεταξὺ
2959 5441 3151 5495 τούτου
3184 5445 3277 5497 καὶ
3314 5444 3409 5497 τοῦ
3439 5448 3681 5519 πονηροῦ

2094 5530 2301 5602 πατρὸς
2336 5531 2397 5583 τὸ
2442 5531 2731 5601 διάφορον,
2766 5534 3044 5603 διαφαγὼν
3094 5552 3151 5587 τε
3201 5537 3291 5589 καὶ
3331 5538 3681 5604 ἐξαναλώσας

2094 5624 2152 5672 εν
2183 5622 2357 5688 ἐαυτῷ
2398 5624 2503 5676 πᾶν
2535 5622 2799 5696 θηριῶδες
2834 5626 2927 5679 καὶ
2970 5625 3171 5680 ίοίὶόλον
3206 5627 3297 5680 νότ
3312 5645 3382 5680 αα
3417 5627 3563 5681 κατὰ
3588 5627 3682 5692 τὴν

1962 5819 2005 5849 ⁷⁸
2036 5818 2198 5875 Num.
2230 5837 2341 5888 xu,
2378 5823 2438 5876 l7
2467 5838 2584 5895 sqq.
