3844 6366
132 384 226 443 553

1517 380 1584 436 ΙΝ
1621 378 1960 439 PSALMOS.

3264 387 3370 444 55%

131 499 229 553 τῶν
272 494 481 565 ἐλάφων
526 494 722 568 φύσιν,
774 490 855 561 οἷς
898 496 1231 569 ἀφανιστικὴ
1284 497 1395 553 τῶν
1447 497 1687 570 ἑρπετῶν

1794 504 1919 553 nata
1950 497 2117 570 viget,
2155 498 2401 557 imitatur
2443 501 2533 558 siti
2561 516 2781 574 quoque
2821 516 3065 571 cervum,
3107 512 3161 560 et
3185 504 3255 560 ad
3282 506 3355 561 di-

133 588 469 644 συνουσίωται
524 587 782 659 δύναμις,
848 592 1109 660 μιμεῖται
1151 591 1248 643 καὶ
1294 589 1370 659 τῷ
1422 588 1563 658 δίψει
1598 588 1690 644 τὸν
1724 643 1735 661 η

131 677 331 747 ἔλαφον,
360 676 456 731 καὶ
492 676 632 748 πρὸς
669 676 769 741 τὰς
808 678 958 743 θείας
991 678 1197 749 πηγὰς,
1226 678 1365 749 αὕτη
1405 678 1451 731 δ’
1499 677 1566 732 ἂν
1603 678 1687 748 εἴη

130 768 239 822 θεία
264 766 456 836 φύσις,
509 767 807 839 διψητικῶς
857 770 969 841 ἔχει
992 812 1007 835 ,
1034 771 1067 842 ἡ
1104 770 1205 841 μία
1234 787 1294 823 τε
1326 764 1460 823 οὖσα
1506 769 1600 823 καὶ
1630 770 1690 821 ὲν

129 859 290 930 τριάδι
342 858 709 929 θεωρουμένη.
770 877 791 911 ι
835 861 932 913 Ὃν
986 861 1186 932 τρόπον
1225 880 1244 913 ι
1295 861 1438 931 γὰρ,
1500 862 1686 932 φησὶν,

136 967 153 1000 ι
189 948 431 1001 ἐπιποθεῖ
464 950 493 1002 ό
546 948 743 1020 ἔλαφος
783 950 877 1004 ἐπὶ
933 950 1031 1015 τὰς
1080 951 1264 1023 πηγάς
1314 952 1424 1007 τῶν
1458 951 1685 1017 ὑδάτων,

130 1038 286 1102 οὕτως
314 1038 563 1092 ἐπιποθεῖ
588 1042 621 1109 ή
649 1040 795 1112 ψυχή
835 1058 937 1112 μου
971 1042 1106 1113 πρὸς
1148 1042 1227 1109 σὲ,
1256 1042 1284 1096 6
1321 1041 1473 1106 Θεός.
1505 1062 1524 1094 ι
1554 1042 1688 1099 Εἶτα

131 1132 515 1204 παραμυθεῖται
554 1134 654 1205 τὴν
680 1134 839 1204 δίψαν
884 1135 1246 1207 συνεχομένην
1271 1139 1338 1208 τῇ
1389 1135 1685 1209 ἐπιθυμίᾳ,

129 1224 212 1276 καὶ
254 1222 556 1277 σπεύδουσα
596 1223 690 1278 τοῦ
739 1224 1077 1297 ποθουμένου
1116 1231 1329 1298 τυχεῖν,
1366 1230 1460 1283 καὶ
1487 1229 1588 1301 τὴν
1626 1232 1685 1284 ὲν

126 1312 276 1385 ὀλίγῳ
302 1312 404 1382 τῆς
445 1313 556 1367 τῶν
587 1314 809 1382 ἀγαθῶν
842 1316 1131 1385 μετουσίας
1170 1318 1437 1390 ἀναϐολὴν
1465 1319 1524 1373 ἐν
1548 1336 1689 1390 συμ-

128 1406 257 1476 φορᾷ
296 1403 595 1476 ποιουμένη
642 1404 790 1474 λέγει
838 1407 981 1461 κατά
1025 1424 1086 1460 τε
1133 1407 1194 1462 τὸ
1229 1409 1413 1479 μέσον,
1459 1410 1555 1464 καὶ
1595 1411 1688 1464 ἐπὶ

126 1494 254 1547 τέλει
301 1497 401 1566 τῆς
446 1493 798 1565 ψαλμῳδίαςο
849 1514 869 1547 ι
917 1497 1035 1551 Ἵνα
1081 1497 1135 1551 τί
1189 1499 1488 1570 περίλυπος
1524 1495 1596 1565 εἴ,
1649 1500 1684 1571 ἠ

124 1585 256 1657 ψυχὴ
288 1603 427 1657 μου;
465 1604 484 1638 ³
538 1588 666 1652 καὶ,
698 1606 718 1640 ι
758 1589 1018 1643 Ἔλπισον
1071 1590 1165 1644 ἐπὶ
1209 1590 1303 1646 τὸν
1351 1591 1516 1646 Θεόν·
1554 1611 1573 1646 ι
1610 1592 1688 1656 ὡς

125 1676 323 1747 ἀληθῶς
368 1680 504 1750 ἡμῖν
548 1680 649 1752 τὴν
679 1680 890 1752 ἀγαθὴν
930 1682 1231 1738 ἀπόλαυσιν
1275 1685 1375 1753 τῆς
1411 1684 1560 1748 Θείας
1598 1685 1687 1739 ὲλ-

127 1769 263 1833 πίδος
292 1771 670 1842 ἐγγυωμένης.
703 1774 814 1826 Καὶ
837 1771 1009 1838 οὕτως
1047 1775 1140 1827 ἑπί
1164 1774 1226 1829 τὸ
1261 1775 1389 1847 ἑξῆς
1414 1776 1682 1848 πρόεισιν,

1791 588 1954 644 vinos
1985 587 2186 653 fontes,
2225 605 2367 661 quos
2401 591 2655 662 equidem
2697 593 2875 664 ipsam
2916 594 3160 650 divinam
3200 605 3366 652 natu-

1791 689 1909 729 ram
1935 690 2059 732 esse
2102 677 2365 744 arbitror,
2399 679 2482 735 sic
2511 690 2751 737 aestuans
2780 682 2973 749 fertur,
3007 701 3130 755 quae
3167 694 3367 743 natura

1792 781 1898 820 una
1929 768 2148 837 quidem
2165 784 2395 826 numero
2415 780 2518 837 est,
2545 782 2599 827 et
2631 781 2811 829 tamen
2850 775 2906 830 in
2928 774 3195 833 Trinitate
3230 780 3364 834 sub-

1791 857 1960 913 sistit.
2022 860 2115 914 Ait
2147 861 2293 916 enim
2329 880 2341 915 :
2376 861 2885 930 «Quemadmodum
2919 867 3194 924 desiderat
3241 884 3363 923 cer-

1789 965 1891 1004 vus
1922 950 1988 1005 ad
2017 948 2198 1007 fontes
2227 967 2514 1023 aquarum,
2552 956 2626 1009 ita
2681 954 2957 1011 desiderat
3009 960 3191 1014 anima
3243 976 3363 1016 mea

1789 1037 1857 1092 ad
1882 1046 1955 1105 te,
1982 1038 2125 1095 Deus
2149 1041 2215 1094 ⁷⁷.
2248 1060 2269 1095 ι
2302 1040 2509 1098 Deinde
2541 1045 2748 1100 solatur
2778 1047 2925 1102 sitim
2949 1049 3232 1119 cupiditati
3268 1066 3364 1105 co-

1787 1127 2053 1197 pulatam,
2116 1128 2495 1202 festinansque
2561 1133 2616 1188 id
2665 1136 2811 1204 quod
2857 1135 3204 1195 desiderabat
3237 1156 3365 1197 cou-

1789 1216 1965 1287 sequi,
2025 1225 2082 1273 et
2111 1220 2196 1274 vel
2242 1222 2493 1292 exiguam
2544 1223 2886 1295 dilationem,
2927 1244 3050 1299 quae
3090 1229 3360 1287 bonorum

1788 1307 2005 1365 illorum
2041 1314 2490 1369 communionem
2530 1324 2799 1383 moratur,
2833 1319 2890 1374 in
2924 1320 3126 1377 damno
3150 1338 3362 1393 ponens

1786 1398 1865 1453 ait
1914 1401 2064 1457 circa
2110 1405 2374 1473 medium,
2430 1414 2487 1462 et
2533 1407 2639 1463 sub
2666 1408 2828 1465 tinem
2865 1413 3064 1482 psalmi
3094 1432 3109 1470 :
3136 1432 3156 1466 ι
3180 1415 3364 1481 Quare

1785 1490 1962 1548 tristis
1998 1507 2081 1559 es,
2107 1495 2290 1550 anima
2319 1510 2438 1552 mea
2457 1497 2483 1551 2
2511 1515 2531 1550 ι
2565 1496 2634 1552 Ει
2667 1518 2682 1554 :
2721 1517 2741 1551 ι
2765 1498 2935 1571 Spera
2955 1501 3013 1558 in
3042 1502 3173 1568 Deo,
3202 1512 3364 1562 itan-

1786 1596 1952 1652 quam
1995 1585 2250 1642 videlicet
2296 1603 2440 1644 verae
2478 1589 2682 1660 quietis
2716 1591 2956 1648 fructum
3014 1594 3199 1651 divina
3237 1613 3364 1668 spes

1785 1673 1947 1730 nobis
1979 1675 2325 1744 polliceatur.
2359 1675 2563 1749 Sicque
2591 1680 2658 1735 ad
2686 1681 2740 1737 id
2772 1682 2921 1753 quod
2956 1685 3209 1755 sequitur
3228 1701 3364 1757 pro-

1786 1764 1929 1819 cedit
1955 1765 2025 1831 ⁷³,
2059 1766 2151 1822 ubi
2181 1782 2279 1838 per
2308 1768 2554 1824 divinum
2583 1771 2757 1827 altare
2786 1773 2967 1830 denuo
2997 1775 3219 1845 juvenis
3250 1778 3367 1834 eiii-

126 1862 175 1914 ὲν
270 1860 355 1925 διὰ
400 1861 497 1914 τοῦ
545 1861 688 1916 θείου
736 1862 1122 1937 θυσιαστηρίου
1173 1867 1381 1936 γίνεται
1409 1868 1557 1933 νέος*
1589 1867 1685 1922 καὶ

1791 1855 1952 1921 citur,
1988 1863 2044 1913 et
2072 1857 2128 1912 in
2155 1867 2419 1930 sequente
2444 1876 2639 1917 rursus
2674 1862 2797 1919 illos
2830 1865 2924 1934 qui
2958 1882 3133 1937 genus
3160 1883 3192 1924 a
3221 1869 3365 1927 Core

125 1950 250 2004 κατὰ
273 1952 331 2006 τὸ
360 1951 491 2024 ἑξῆς
537 1953 696 2007 πάλιν
727 1956 851 2019 τοὺς
882 1957 948 2009 ὲκ
978 1956 1072 2009 τοῦ
1101 1958 1246 2031 Κορὲ
1272 1958 1332 2013 τὸ
1365 1959 1521 2029 γένος
1549 1976 1684 2014 κατ-

125 2042 365 2112 ἄγοντας,
430 2044 656 2116 νικητάς
701 2046 1109 2118 ἀπεργάζεται·
1181 2049 1396 2114 δεικνὺς
1447 2051 1530 2104 ὅτι
1583 2051 1685 2105 οὐκ

125 2134 369 2205 ἀμϐλύνει
417 2139 485 2207 τῇ
524 2136 809 2209 δυσγενείᾳ
845 2138 953 2192 τῶν
1006 2139 1288 2211 πατέρων,
1322 2142 1357 2212 ἡ
1402 2140 1554 2212 παρά
1604 2140 1685 2212 τῷ

125 2227 230 2299 θεῷ
256 2228 627 2300 εύδοκίμησις.
668 2230 778 2283 Καὶ
808 2231 866 2283 ὲν
898 2232 964 2302 τῇ
1009 2229 1296 2303 ψαλμῳδίᾳ
1320 2230 1376 2284 δὲ
1407 2230 1578 2303 ταύτῃ
1606 2231 1685 2302 τῷ

124 2316 229 2388 Θεῷ
245 2319 338 2389 τῆς
351 2319 463 2372 τῶν
486 2318 697 2391 ἐχθρῶν
723 2320 1096 2392 καθαιρέσεως
1114 2321 1333 2386 ἀναθεὶς
1357 2322 1456 2394 τὴν
1482 2323 1683 2390 αἰτίαν,

125 2404 177 2459 ἑν
208 2400 283 2469 οἷς
309 2421 496 2477 φησιν·
534 2426 553 2459 ι
587 2408 835 2471 Ἐσωσας
855 2409 966 2480 γὰρ
988 2409 1135 2480 ἡμᾶς
1163 2410 1226 2464 ὲκ
1252 2409 1361 2463 τῶν
1396 2409 1686 2464 θλιϐόντων

125 2496 272 2564 ἡμᾶς,
296 2495 387 2549 καὶ
410 2496 539 2559 τοὺς
565 2496 854 2566 μισοῦντας
877 2500 1022 2568 ἡμᾶς
1049 2499 1412 2577 κατῄσχυνας·
1446 2519 1466 2554 ι
1493 2499 1687 2573 μετέρ-

124 2601 260 2656 χεται
279 2589 353 2651 είς
382 2587 486 2658 τὴν
514 2587 605 2641 τοῦ
635 2588 919 2659 ἀγαπητοῦ
939 2589 1102 2662 ᾠδήν.
1131 2591 1224 2644 Ἰν’
1253 2593 1303 2644 οἱ
1331 2592 1590 2665 πρότερον
1618 2595 1687 2649 ὲκ

125 2678 209 2732 τοῦ
231 2680 538 2734 ἀποστὰτου
571 2680 887 2753 γενόμενοι,
924 2677 1044 2737 εἶτα
1071 2684 1290 2754 νικηταὶ
1321 2683 1417 2737 τοῦ
1442 2685 1683 2757 πονηροῦ

126 2772 497 2835 καταστάντες,
519 2771 606 2827 διὰ
639 2771 905 2837 συνέσεως
936 2775 1015 2838 είς
1043 2775 1104 2828 τὸ
1129 2776 1227 2846 τῆς
1250 2775 1407 2847 νίκης
1437 2775 1685 2845 φθάσωσι

126 2860 279 2924 τέλος.
310 2881 328 2913 ι
351 2861 450 2926 Εἰς
468 2861 531 2917 τὸ
548 2863 700 2929 τέλος
734 2882 753 2917 ι
772 2867 881 2937 γὰρ
900 2884 918 2917 ι
943 2865 1021 2930 είς
1050 2864 1263 2920 σύνεσιν
1277 2864 1388 2936 ᾠδὴ
1418 2865 1558 2937 ὑπὲρ
1589 2863 1685 2918 τοῦ

129 2952 417 3024 ἀγαπητοῦ.
451 2971 472 3006 ι
512 2948 653 3027 Ἑνῇ
689 2954 784 3006 καὶ
814 2954 1192 3025 διδασκόμεθα,
1217 2956 1302 3019 τίς
1331 2957 1429 3027 μέν
1458 2956 1604 3012 ἐστιν
1624 2948 1685 3011 οὗ

130 3042 155 3092 6
180 3041 353 3113 θρόνος
375 3042 433 3109 ἐξ
471 3042 645 3095 ἀϊδίου
671 3044 952 3096 ἐπιστατεῖ
985 3043 1095 3097 τῶν
1128 3045 1318 3101 ὄντων.
1346 3045 1441 3111 Τίς
1463 3046 1520 3100 δὲ
1546 3063 1688 3118 παρ-

132 3131 267 3197 θένος
284 3150 341 3188 νυ
348 3134 729 3205 μφοστολεῖται
742 3135 888 3205 αύτῷ
903 3135 1037 3205 πρὸς
1057 3135 1379 3207 συμϐίωσιν,
1398 3138 1498 3192 οὐκ
1513 3137 1686 3203 ἄλλως

131 3223 400 3297 ἀξιουμένη
424 3227 527 3298 τῆς
549 3228 713 3297 τιμῆς
737 3225 962 3300 ταύτης,
994 3228 1043 3280 εί
1072 3227 1145 3301 μὴ
1168 3228 1261 3283 τοῦ
1286 3230 1490 3301 πατρὸς
1516 3230 1687 3299 αὐτῆς

132 3315 289 3390 λήθην
336 3317 520 3373 λάϐοι.
558 3318 669 3373 Καὶ⁸
696 3317 901 3391 ταύτην
941 3320 1160 3384 ἀναθεὶς
1186 3319 1264 3392 τῷ
1301 3321 1565 3394 ἀγαπητῷ
1588 3322 1687 3393 τὴν

132 3406 277 3478 ᾠδὴν,
300 3408 460 3462 πάλιν
496 3406 764 3463 ἐπινίκιον
794 3407 935 3479 ὑπὲρ
956 3409 1065 3462 τῶν
1102 3410 1232 3465 υἱῶν
1252 3411 1398 3484 Κορὲ
1415 3410 1682 3477 διέξεισιν,

132 3498 208 3551 διὰ
226 3500 327 3551 τῶν
369 3498 825 3571 ἀποῤῥητοτέρων
843 3497 1100 3568 προάγων
1115 3498 1207 3553 τὸν
1221 3499 1399 3570 λόγον.
1424 3518 1442 3551 ι
1475 3500 1645 3572 ’Υπὲρ
1664 3524 1683 3556 ι

133 3589 230 3660 γὰρ
258 3608 276 3641 ι
311 3589 418 3644 τῶν
443 3590 693 3662 κρυφίων
731 3610 750 3643 ι
784 3590 929 3643 ἐστὶν
958 3590 991 3661 ἡ
1034 3591 1132 3661 τῆς
1156 3591 1477 3663 ψαλμῳδίας
1516 3593 1689 3661 ἐπαγ-

135 3680 291 3747 γελία.
337 3682 427 3737 Ἐν
472 3677 556 3744 οἷς
596 3698 615 3732 ι
651 3676 784 3752 ἦχον
824 3681 1062 3745 ὑδάτων,
1097 3682 1191 3737 καὶ
1233 3684 1444 3756 κίνησιν
1484 3684 1684 3748 ἐθνῶν,

134 3772 218 3825 καὶ
260 3772 519 3844 βασιλέων
560 3772 782 3843 κλῆσιν,
830 3773 925 3825 καὶ
974 3770 1134 3825 σάλον
1179 3772 1283 3842 γῆς
1314 3792 1334 3825 ›
1366 3768 1588 3824 διελθὼν
1611 3771 1688 3842 τῷ

132 3857 280 3934 λόγῳ,
304 3865 396 3918 καὶ
416 3883 435 3917 ι
464 3861 558 3917 τὸν
577 3860 782 3933 Κύριον
808 3861 988 3939 πάσης
1022 3861 1300 3934 δυνάμεως
1326 3859 1443 3935 μεθ’
1473 3859 1629 3932 ἡμῶν
1663 3881 1682 3914 ι

133 3949 260 4008 εἶναι
287 3953 475 4009 εἰπών.

191 4046 264 4099 Δι’
294 4037 367 4100 ὧν
394 4044 655 4099 ἁπάντων
684 4042 783 4116 τὴν
822 4042 911 4099 διὰ
940 4043 1142 4117 σαρκὸς
1193 4042 1555 4116 προαγορεύει
1591 4043 1687 4101 τοῦ

132 4133 320 4205 Κυρίου
364 4134 688 4206 ἐμφάνειαν.
734 4135 860 4188 Ὅτι
898 4134 1023 4205 ὴχεῖ
1077 4133 1174 4204 μὲν
1204 4135 1237 4203 ἡ
1285 4133 1480 4202 φύσις,
1525 4150 1692 4204 μετα-

130 4224 289 4280 ϐαίνει
316 4246 374 4281 τε
418 4228 516 4282 καὶ
550 4226 652 4299 ὅρη
681 4226 751 4281 τὰ
788 4226 963 4297 γεώδη
988 4225 1086 4296 τῆς
1118 4225 1316 4289 κακίας
1344 4227 1688 4297 φρονήματα,

130 4317 346 4388 ἀκίνητα
387 4313 533 4372 εἶναι
579 4317 837 4372 δοκοῦντα
874 4319 985 4381 τοῖς
1022 4316 1191 4370 πάλαι
1234 4317 1328 4371 καὶ
1358 4316 1688 4387 άμετάθετα.

139 4406 192 4461 '0
212 4409 265 4462 δὲ
289 4411 386 4480 τῆς
407 4407 749 4481 εὐφροσύνης
781 4408 1022 4479 ποταμὸς
1083 4408 1365 4478 εὐφραίνει
1413 4407 1505 4461 τοῦ
1553 4407 1689 4461 Θεοῦ

1790 1946 2010 2001 trahunt
2049 1948 2287 2005 victores
2329 1950 2527 2016 reddit,
2580 1953 2879 2011 ostendens
2921 1971 3034 2012 non
3076 1958 3364 2017 obscurari

1787 2037 2128 2109 ignobilitate
2166 2049 2383 2110 patrum
2423 2044 2795 2101 celebritatem
2824 2055 2881 2101 et
2903 2048 3157 2119 gloriam,
3190 2068 3359 2123 quam

1787 2129 1912 2199 quis
1958 2130 2102 2201 apud
2156 2130 2324 2188 Deum
2378 2134 2610 2200 obtinet,
2670 2136 2946 2209 simulque
2989 2140 3092 2195 hoc
3145 2145 3362 2214 psalmo

1785 2229 2191 2293 peremptorum
2221 2224 2463 2281 hostium
2495 2241 2717 2283 causam
2773 2228 2887 2284 Deo
2946 2233 3230 2290 ascribeus
3274 2235 3362 2291 his

1788 2310 1969 2367 verbis
2001 2330 2014 2365 :
2050 2331 2070 2364 ι
2098 2312 2370 2371 Liberasti
2400 2317 2545 2373 enim
2578 2332 2683 2374 nos
2726 2320 2797 2376 de
2848 2321 3217 2393 aﬂligentibus
3257 2341 3360 2382 nos

1787 2402 2110 2479 etodientes
2157 2421 2261 2465 nos
2315 2407 2701 2478 confudisti",
2740 2431 2761 2466 ι
2806 2417 3003 2471 transit
3050 2417 3119 2473 ad
3177 2417 3363 2475 dilecti

1787 2495 2091 2561 canticum,
2136 2499 2320 2571 utqui
2353 2501 2508 2573 prius
2538 2501 2818 2562 desertore
2874 2514 3028 2577 patre
3083 2513 3361 2582 prognati,

1787 2585 1986 2643 deinde
2036 2588 2274 2647 victores
2326 2591 2503 2648 hostis
2542 2595 2767 2667 maligni
2822 2596 2999 2653 eti'ecti
3053 2608 3203 2667 sunt,
3261 2618 3363 2674 per

1788 2676 2122 2734 intellectum
2153 2681 2208 2736 iu
2233 2680 2395 2737 tinem
2418 2684 2663 2739 victoriae
2678 2687 3014 2756 perveniant.
3041 2707 3060 2741 ι
3086 2687 3142 2743 lu
3171 2691 3358 2759 tinem,

1787 2766 1856 2822 ad
1891 2769 2250 2835 intellectum,
2291 2773 2569 2828 canticum
2604 2790 2702 2845 pro
2730 2773 2933 2834 dilecto
2962 2778 3038 2848 ⁸ος
3065 2800 3085 2833 ι
3104 2781 3185 2836 sic
3212 2782 3361 2837 enim

1788 2858 2075 2930 inscriptio
2100 2861 2282 2917 habet.
2323 2864 2441 2930 Quo
2467 2864 2626 2920 docet
2656 2865 2823 2921 etiam
2847 2868 2972 2939 quis
2995 2869 3067 2925 sit
3098 2868 3358 2939 thronus’,

1787 2949 1880 3019 qui
1908 2950 1975 3006 ab
2008 2959 2214 3009 aeterno
2247 2954 2414 3010 rebus
2445 2954 2720 3024 praesidet,
2761 2966 2816 3018 et
2846 2959 2915 3017 ad
2938 2975 3061 3030 quae
3102 2963 3255 3034 virgo
3291 2965 3361 3021 ad

1789 3041 2130 3098 consortium
2167 3043 2269 3114 ipsi
2297 3048 2452 3116 quasi
2488 3060 2689 3116 sponsa
2721 3058 3019 3117 quaeratur,
3062 3067 3171 3107 non
3199 3056 3361 3112 aliter

1789 3131 1895 3187 hoc
1921 3132 2129 3190 honore
2179 3134 2342 3207 digna
2374 3137 2479 3193 nisi
2519 3146 2729 3208 patrem
2772 3155 2932 3196 suum
2980 3144 3358 3215 obliviscatur,

1789 3222 2003 3294 hocque
2026 3223 2230 3282 dilecto
2276 3228 2551 3284 canticum
2610 3245 2944 3291 consecratis
2992 3245 3046 3291 et
3075 3238 3360 3306 dedicans,

1790 3329 1986 3384 rursus
2014 3317 2289 3388 epinicion
2323 3321 2481 3385 texit,
2511 3327 2566 3376 et
2589 3323 2908 3393 exsequitur
2922 3341 3023 3396 pro
3045 3327 3171 3385 ﬁliis
3197 3329 3358 3399 Core,

1789 3420 2043 3463 sermone
2075 3423 2173 3480 per
2201 3409 2545 3466 abstrusiora
2583 3412 2834 3470 instituto
2861 3434 2881 3473 :
2907 3425 2991 3473 est
3021 3420 3168 3475 enim
3202 3441 3220 3473 ι
3252 3421 3361 3481 Pro

1788 3498 2052 3554 arcanis:
2096 3499 2293 3570 psalmi
2343 3499 2509 3571 hujus
2560 3511 2940 3573 argumentum
2995 3516 3053 3565 et
3112 3525 3359 3581 summa;

1787 3589 1883 3644 ubi
1917 3607 1936 3641 ι
1966 3603 2161 3646 sonum
2194 3606 2489 3662 aquarum,
2520 3599 2575 3649 et
2602 3594 2966 3651 turbationem
2999 3601 3267 3670 gentium,
3304 3612 3360 3658 et

1786 3695 1977 3751 regum
2046 3685 2389 3740 vocationem
2435 3693 2757 3758 motumque
2811 3697 2970 3744 terrae
3008 3709 3027 3743 ι
3071 3690 3356 3757 describit,

1792 3783 1810 3816 ι
1834 3766 2239 3843 Dominumque
2255 3772 2434 3829 omnis
2457 3773 2679 3830 virtutis
2694 3773 2983 3834 nobiscum
3001 3796 3143 3851 esse,
3167 3804 3185 3838 ›
3209 3800 3362 3842 assc-

1792 3866 1960 3915 vcrat.

1860 4038 2068 4109 Quibus
2101 4038 2354 4096 omnibus
2407 4038 2622 4097 Domini
2646 4058 2743 4115 per
2784 4059 3006 4101 carnem
3038 4045 3362 4101 manifesta-

1791 4137 1994 4191 tionem
2044 4134 2308 4205 pragdici‘t,
2333 4136 2552 4207 quando
2595 4144 2795 4193 natura
2838 4137 3057 4209 quidem
3106 4148 3361 4202 resonat;

1791 4234 2076 4283 transeunt
2113 4241 2243 4282 vero
2291 4238 2343 4282 et
2379 4226 2789 4285 transferuntur
2835 4236 3070 4297 montes,
3101 4228 3206 4284 hoc
3257 4239 3363 4294 est,

1789 4326 1966 4374 terrea
2015 4331 2176 4374 sensa
2214 4325 2268 4373 et
2305 4318 2562 4388 COgitata,
2589 4333 2711 4389 quae
2738 4317 2869 4372 olim
2894 4308 3366 4373 videbantur'imo

1790 4407 2011 4465 mobilia
2040 4417 2096 4465 et
2132 4409 2251 4465 loco
2273 4406 2466 4465 cedere
2511 4410 2716 4465 nescia.
2760 4405 2986 4463 Laetitia
3058 4417 3236 4463 autem
3269 4408 3366 4464 ﬂu-

130 4497 218 4570 τὴν
236 4500 404 4565 πόλιν,
427 4500 527 4552 καὶ
551 4498 612 4551 τὸ
637 4498 828 4552 ἑαυτοῦ
846 4501 1109 4570 σκήνωμα
1126 4499 1339 4567 ἁγιάζει
1363 4500 1391 4552 6
1409 4499 1686 4569 ’Ύψιστοςο

1791 4500 1917 4556 vius
1950 4494 2188 4554 laetiﬁcat
2220 4493 2496 4555 civitatem
2530 4497 2712 4565 Dei,et
2740 4498 3152 4554 tabernaculum
3201 4514 3363 4555 suum

130 4590 215 4642 καὶ
242 4591 340 4644 ὅσα
380 4575 486 4663 τῆξ
523 4590 842 4653 ἀκολουθίας
881 4590 1062 4661 ἔχεται
1100 4590 1336 4661 ταύτης,
1372 4589 1438 4643 δι’
1465 4583 1539 4644 ὧν
1581 4593 1693 4654 τοῖς

131 4678 401 4752 αἰνίγμασι
415 4681 627 4745 τούτοις
645 4681 1007 4753 προαγορεύει
1031 4683 1058 4734 6
1073 4681 1228 4751 λόγος
1246 4681 1313 4735 τὰ
1328 4679 1553 4752 κρύφια.
1577 4679 1691 4736 Πά-

129 4767 206 4823 λιν
240 4773 324 4843 ὲφ’
370 4773 565 4844 ἑτέραν
620 4772 938 4844 μεταϐαίνει
987 4773 1145 4842 νίκην
1179 4771 1208 4823 ὁ
1230 4772 1413 4840 λόγος,
1517 4773 1694 4827 πάντα

131 4860 392 4935 ὲπικροτεῖ
431 4864 500 4918 τὰ
546 4862 672 4937 ἔθνη
714 4864 806 4918 καὶ
860 4863 1254 4931 ὲπαγάλλεται,
1286 4864 1417 4917 διότι
1457 4881 1477 4916 ι
1521 4864 1693 4936 ἀνέϐη

132 4951 157 5003 6
179 4952 303 5017 Θεὸς
331 4957 389 5008 ὲν
415 4953 738 5026 ἀλαλαγμῷ.
775 4974 794 5006 ι
828 4953 1012 5024 Σαφὴς
1036 4954 1095 5008 δέ
1132 4970 1212 5008 σοι
1240 4953 1458 5018 πάντως
1484 4953 1631 5008 ἐστὶν
1665 4955 1695 5008 6

137 5044 218 5112 τῆς
259 5046 578 5110 ἀναϐάσεως
618 5047 805 5115 λόγος,
846 5045 935 5099 διὰ
964 5046 1063 5116 τῆς
1099 5046 1393 5117 ἑρμηνείας
1425 5045 1517 5099 τοῦ
1546 5045 1695 5099 Παύ-

131 5132 235 5198 λου,
280 5138 338 5201 ὃς
389 5154 576 5209 φησιν,
611 5156 630 5189 ι
669 5137 743 5211 μὴ
783 5131 921 5193 εἶναι
954 5138 1174 5193 δυνατὴν
1204 5138 1494 5208 ἀναϐῆναι,
1525 5139 1573 5191 εί
1618 5138 1693 5209 μὴ

132 5223 187 5277 τὸ
223 5226 526 5298 καταϐῆναι
564 5225 1041 5298 προκαθηγήσατο.
1089 5247 1124 5301 ι.
1160 5229 1256 5288 Ὃς
1302 5227 1522 5298 ψάλλειν
1556 5232 1695 5298 μετά

136 5318 387 5382 συνέσεως
427 5320 638 5382 πάντας
681 5318 1044 5387 ὲγκελεύσας,
1088 5318 1400 5391 μεταϐαίνει
1443 5317 1524 5389 τῷ
1550 5318 1696 5390 λόγῳ

135 5407 258 5476 πρὸς
293 5408 631 5481 ὑψηλοτέραν
671 5409 1002 5464 κατάστασιν
1024 5451 1039 5477 ,
1084 5428 1103 5463 ι
1149 5410 1248 5481 τὴν
1295 5410 1551 5479 δευτέραν
1597 5408 1692 5461 τοῦ

134 5498 392 5555 Σαϐϐἀτου
428 5522 447 5554 ι
480 5500 734 5555 ὑπόθεσιν
764 5502 864 5572 τῆς
889 5503 1031 5574 ᾠδῆς
1056 5504 1445 5575 ποιησάμενος.
1466 5499 1614 5573 Αὕτη
1636 5499 1694 5554 δὲ

133 5593 179 5644 εί
207 5592 300 5662 μὲν
336 5592 481 5647 κατὰ
508 5593 605 5664 τὴν
634 5594 856 5666 πρώτην
880 5595 1136 5652 σύστασιν
1162 5595 1439 5668 θεωροίτο,
1463 5589 1691 5664 ούρανοῦ

228 5708 271 5779 7⁷
295 5706 438 5763 Psal.
475 5722 586 5768 xu,
611 5707 668 5761 2.
776 5710 820 5742 ⁷⁸
838 5709 983 5766 Psal.
1011 5727 1142 5779 xui,
1167 5711 1221 5779 ἓ,
1250 5711 1305 5776 5,
1362 5709 1414 5765 (i.

136 5775 177 5810 "
204 5775 343 5834 Psal.
386 5792 558 5841 vatt,
593 5779 641 5832 l.

446 5873 721 5935 ΡΑτιιοι..
752 5874 868 5935 Gn.
908 5873 1126 5934 XLIV.

1519 5709 1564 5739 "’
1591 5705 1739 5763 Psal.
1777 5719 1931 5770 mu,
1975 5701 2009 5757 8
2041 5717 2161 5773 sqq.

1790 4591 2094 4648 sanctificat
2118 4590 2452 4656 Altissimus,
2484 4597 2539 4645 et
2562 4589 2666 4643 alia
2692 4604 2814 4658 quae
2859 4589 2927 4643 ad
2969 4590 3215 4645 eamdem
3248 4605 3364 4645 ora

1786 4680 1955 4737 tionis
1984 4676 2178 4735 seriem
2218 4680 2510 4750 pertinent,
2540 4678 2740 4749 quibus
2790 4685 3051 4748 tanquam
3108 4679 3374 4751 aenigma—

1789 4772 1882 4838 tis,
1924 4778 1992 4827 et
2047 4767 2344 4828 involucris
2395 4770 2675 4826 nonnullis
2724 4768 3096 4840 prmdicuntur
3141 4784 3367 4826 arcana.

1791 4864 2004 4920 Rursus
2024 4861 2092 4917 ad
2118 4862 2276 4918 aliam
2295 4861 2578 4918 victoriam
2598 4877 2721 4918 sese
2751 4859 2987 4924 confert,
3015 4860 3106 4914 cui
3138 4862 3367 4932 applau-

1795 4948 1932 5012 dunt
1952 4969 2144 5010 omnes
2163 4962 2373 5025 gentes,
2403 4962 2459 5010 et
2479 4953 2641 5009 simul
2667 4954 2966 5018 exsultant,
2982 4957 3110 5030 quia
3138 4972 3158 5006 ι
3180 4969 3371 5010 ascen-

1798 5048 1880 5104 dit
1913 5045 2056 5102 Deus
2104 5045 2158 5100 in
2195 5044 2536 5117 jubilatione.
2586 5064 2606 5098 ι
2665 5044 2834 5103 Plana
2862 5063 3030 5117 porro
3061 5047 3161 5103 tibi
3210 5046 3373 5100 fuerit

1800 5135 2142 5211 ascensionis
2175 5135 2379 5191 mentio
2424 5150 2521 5205 per
2559 5135 2736 5207 ipsius
2788 5135 2945 5193 Pauli
2975 5134 3373 5207 interpretatio-

1800 5220 1946 5292 nem.
1978 5226 2071 5299 qui
2105 5227 2238 5282 dicit
2267 5244 2281 5281 :
2314 5245 2332 5279 σ
2369 5226 2613 5287 ﬁerinon
2646 5245 2826 5299 posse,
2859 5238 2918 5285 ut
2940 5231 3064 5299 quis
3091 5226 3371 5286 ascendat,

1799 5319 1906 5375 nisi
1934 5317 2272 5389 praecesserit
2299 5317 2599 5375 descensus
2618 5320 2682 5373 ει.
2704 5339 2722 5372 ι
2745 5319 2871 5373 llaec
2891 5333 3014 5375 cum
3033 5317 3103 5373 ab
3119 5316 3374 5372 omnibus

1803 5410 2167 5480 intelligenter
2187 5415 2243 5463 et
2277 5407 2557 5478 sapienter
2615 5406 2894 5463 decantari
2944 5405 3223 5475 jussisset,
3250 5419 3375 5459 ora-

1747 5520 1766 5539 ο
1801 5502 2004 5556 tionem
2030 5498 2095 5554 ad
2132 5498 2506 5555 sublimiorem
2547 5498 2834 5569 quemdam
2887 5505 3086 5553 statum
3112 5495 3373 5563 traducit,

1806 5607 1824 5640 ι
1878 5588 2129 5645 Secunda
2189 5585 2411 5642 Sabbati
2455 5583 2523 5651 ⁸³,
2579 5602 2599 5637 ι
2635 5600 2734 5656 pro
2792 5593 3114 5654 argumento
3174 5585 3376 5642 cantici

2268 5698 2315 5731 ιο
2348 5697 2493 5753 Ρδαι,
2543 5712 2686 5763 xuv,
2730 5699 2780 5752 l.
2892 5697 2934 5729 ⁸¹
2972 5696 3171 5767 Epltes.
3207 5716 3281 5764 Iv,
3315 5704 3375 5757 9..

3021 5864 3097 5926 18
