3844 6368
474 425 581 483 555

1719 416 1773 471 s.
1809 414 2133 473 GREGOttll
2171 415 2462 474 NYSSENI
2499 480 2505 489 I

3628 415 3726 476 5'36

474 536 786 593 constituta.
811 532 941 599 Qua:
970 531 1011 586 si
1039 529 1102 583 ad
1133 529 1359 600 primam
1393 544 1574 584 rerum
1614 530 2043 600 procreationem

2150 547 2207 581 τε
2239 532 2331 583 καὶ
2361 530 2736 601 στερεὼματός
2762 531 2893 603 ,ἐστι
2928 530 3271 602 κατασκευὴ,
3297 531 3392 586 καὶ
3422 531 3536 585 τῶν
3565 535 3723 589 ὲπουυ

474 629 760 692 referatur.
797 625 925 679 nihil
950 632 1032 679 est
1059 622 1227 683 aliud,
1261 638 1423 692 quam
1460 623 1583 676 coeli
1614 630 1667 676 et
1716 621 2043 676 ﬁrmamenti

473 717 704 782 effectio,
738 715 1149 785 coclestiumque
1177 729 1441 785 aquarum
1470 714 1538 767 ab
1576 714 1735 783 aquis
1765 713 2044 769 terrestri-

472 808 572 863 bus
600 807 880 863 discretio.
917 803 1012 859 Sin
1040 813 1223 859 autem
1258 804 1325 858 ad
1358 803 1709 874 Evangelium
1754 803 2042 874 respicias,

472 913 596 954 vere
623 898 737 969 ipse
760 907 864 963 est,
889 898 979 967 qui
1002 898 1200 951 coelum
1224 896 1379 950 nobis
1393 897 1654 951 condidit.
1680 895 1812 950 Nam
1843 899 2042 953 coelum

471 1004 501 1043 a
532 988 642 1043 Deo
691 988 1092 1042 ﬁrmamentum
1145 986 1468 1055 appellatur.
1504 986 1703 1042 Paulus
1737 996 1915 1041 autem
1952 1003 2047 1057 per

472 1078 869 1131 ﬁrmamentum
932 1075 1067 1129 nihil
1099 1074 1246 1128 aliud
1296 1090 1456 1144 quam
1492 1075 1649 1128 lidem
1686 1077 1735 1128 in
1765 1074 2045 1129 Christum

471 1168 743 1235 intelligit.
802 1167 953 1219 Tunc
987 1166 1131 1221 enim
1190 1166 1347 1219 nobis
1391 1180 1515 1219 vere
1548 1163 1847 1219 secundum
1884 1163 2044 1219 ﬁdem

470 1259 665 1313 caalum
690 1268 931 1310 creatmn
958 1263 1041 1310 est
1069 1256 1135 1321 ⁸³,
1168 1270 1292 1310 cum
1322 1253 1542 1309 Sabbati
1574 1256 1879 1310 obscuritas
1910 1269 2046 1324 prce-

472 1348 638 1412 teriit,
661 1345 900 1415 illudque
928 1345 1083 1399 ﬁdele
1096 1354 1146 1399 et
1165 1345 1495 1415 acceptabile
1514 1344 1709 1399 accidit
1730 1345 2043 1413 mysterium

470 1441 590 1511 ejus
616 1440 709 1510 qui
741 1437 1161 1508 prmdestinatus
1212 1446 1295 1492 est
1338 1436 1509 1491 Filius
1560 1436 1652 1490 Dei
1716 1437 1771 1490 in
1824 1436 2044 1498 virtute,

471 1531 773 1587 secundum
809 1530 1058 1599 spiritum
1091 1528 1571 1590 sanctiﬁcationis;
1594 1529 1933 1599 mysterium,
1971 1528 2049 1580 iu-

471 1639 657 1695 quam,
681 1621 1099 1679 resurrectionis
1126 1636 1191 1676 ex
1214 1622 1445 1674 mortuis
1466 1619 1677 1673 Domini
1700 1620 1871 1674 nostri
1893 1620 2044 1683 .lcsu,

470 1716 564 1784 qui
621 1729 745 1769 vere
779 1720 863 1769 est
896 1729 1121 1783 magnus
1163 1711 1305 1767 Deus
1334 1719 1387 1765 et
1434 1711 1727 1765 laudabilis
1769 1711 1964 1773 nimis;
1993 1718 2047 1765 et

471 1806 691 1870 similia,
730 1821 855 1875 qua:
908 1812 1022 1858 toto
1081 1804 1313 1858 decursu
1367 1804 1611 1873 psalmus
1665 1803 1754 1856 ille
1782 1802 2041 1855 continet.

2152 619 2347 690 ρανίων
2369 619 2574 673 ὑδάτων
2599 621 2706 674 ἀπὸ
2723 619 2831 673 τῶν
2857 621 3085 689 ἐγγείων
3106 622 3395 689 διάκρισις.
3418 622 3485 676 Et
3507 623 3566 676 δὲ
3597 624 3722 693 πρὸς

2146 710 2208 762 τὸ
2242 710 2573 780 Εὑαγγέλιον
2617 711 2867 782 βλέποις,
2916 712 3128 784 ἀληθῶς
3174 712 3311 784 αῦτη
3362 714 3514 766 ἐστὶν
3551 716 3585 783 ἡ
3636 715 3725 769 τὸν

2146 798 2375 869 οὐρανὸν
2416 800 2547 869 ἡμῖν
2599 802 3076 855 κατασκευάσασα.
3131 802 3189 854 ’0
3234 803 3343 872 γὰρ
3390 804 3624 873 οὐρανὸς
3669 806 3725 858 ab

2149 892 2435 962 στερέωμα
2478 894 2627 964 παρά
2662 893 2757 946 τοῦ
2797 894 2931 947 Θεοῦ
2960 895 3302 965 ὀνομάζεται.
3351 897 3408 951 '0
3428 899 3492 951 δὲ
3523 899 3725 963 Παῦλος

2147 987 2258 1036 νοεῖ
2288 984 2387 1054 τὴν
2420 987 2499 1047 εἰς
2544 986 2635 1039 τὸν
2668 985 2902 1056 Χριστὸν
2945 988 3128 1041 πίστιν
3152 988 3213 1042 τὸ
3253 989 3568 1061 στερέωμα.
3601 994 3723 1045 Τότε

2148 1072 2257 1143 γὰρ
2298 1075 2428 1143 ἡμῖν
2474 1074 2643 1137 ὅντως
2672 1075 2813 1129 κατά
2852 1076 2952 1146 τὴν
2994 1078 3175 1130 πίστιν
3211 1079 3440 1149 οὐρανὸς
3467 1080 3723 1150 δημιουρς

2147 1167 2351 1232 γείται,
2380 1166 2466 1218 ὅτε
2499 1166 2832 1238 παρῆλθενή
2866 1167 2956 1221 τοῦ
2994 1169 3272 1224 Σαϐϐἀτου
3308 1173 3617 1240 κατήφεια·
3639 1173 3723 1225 καὶ

2147 1254 2363 1322 ἐγένετο
2406 1257 2536 1326 ἡμῖν
2583 1258 2770 1311 πιστὸν
2815 1258 2877 1311 τὸ
2943 1262 3237 1330 μυστήριον
3278 1261 3373 1314 τοῦ
3414 1262 3723 1330 ὁρισθέντος

2144 1346 2277 1401 Υίοῦ
2308 1346 2443 1399 Θεοῦ
2486 1349 2541 1400 ὲν
2582 1347 2807 1417 δυνάμει
2854 1349 2996 1404 κατά
3040 1351 3253 1421 πνεῦμα
3296 1353 3645 1423 ἁγιωσύνης,
3671 1354 3723 1417 ἐξ

2148 1436 2495 1499 ἀναστάσεως
2521 1437 2728 1507 νεκρῶν
2767 1438 2940 1509 Ἰησοῦ
2966 1438 3058 1491 τοῦ
3086 1441 3288 1509 Κυρίου
3318 1442 3505 1512 ἡμῶν,
3534 1444 3594 1505 ὃς
3619 1446 3722 1496 ἐστι

2148 1526 2224 1597 τῷ
2253 1526 2363 1580 ὄντι
2406 1526 2580 1595 μέγας
2622 1527 2826 1597 Κύριος
2874 1528 2966 1582 καὶ
3005 1530 3212 1592 αἰνετδς
3254 1529 3483 1599 σφόδρα.
3524 1531 3634 1583 Καὶ
3662 1532 3721 1583 τὰ

2147 1616 2247 1668 ὅσα
2295 1614 2434 1668 κατά
2481 1615 2541 1668 τὸ
2601 1616 2890 1670 ἀκόλουθον
2934 1619 2962 1669 ό
3004 1618 3218 1688 ψαλμὺς
3260 1620 3533 1690 περιέχει,
3580 1639 3600 1669 ‹
3635 1619 3722 1690 τὴν

2146 1705 2298 1758 Θείαν
2325 1705 2477 1758 πόλιν
2500 1706 2746 1777 ἐκείνην,
2793 1727 2812 1759 ι
2846 1709 2915 1779 ἦν
2955 1727 2975 1759 ι
3015 1704 3108 1761 καὶ
3138 1709 3264 1781 ὅρος
3298 1709 3523 1782 εῦριζον
3567 1731 3586 1764 ι
3613 1712 3721 1764 ὀνο-

2153 1797 2341 1867 μάζει,
2388 1799 2483 1851 καὶ
2532 1799 2712 1870 πάσης
2751 1799 2855 1871 γῆς
2889 1801 3234 1872 ἀγαλλίαμα,
3284 1803 3379 1857 καὶ
3427 1803 3575 1856 Σιὼν
3609 1803 3719 1875 ὅρη.

471 1897 787 1967 Cujusmodi
818 1902 946 1951 sunt
980 1913 999 1946 ι
1034 1894 1216 1949 divina
1250 1894 1467 1958 civitas,
1513 1914 1531 1944 ι
1566 1909 1726 1964 quam
1759 1902 1807 1947 et
1842 1910 1859 1942 ι
1896 1907 2043 1945 mon-

2162 1890 2276 1958 Ἐφ’
2324 1886 2393 1962 ἧς
2441 1891 2675 1961 μάλιστα
2721 1892 2782 1945 τὸ
2830 1893 3046 1947 πάντων
3092 1895 3535 1965 παραδοξότατον
3590 1873 3718 1949 sie.

469 1996 577 2047 tem
617 1991 753 2046 bene
792 1988 1077 2043 fundatum
1122 2007 1140 2037 ι
1186 1989 1452 2051 nominat,
1496 1987 1841 2041 ctuniversze
1888 1993 2046 2040 terrae

466 2081 877 2145 cxsultationes,
910 2091 965 2135 et
984 2088 1198 2134 montes
1239 2077 1393 2140 Sion,
1425 2079 1491 2133 de
1514 2093 1619 2147 qua
1647 2078 1779 2131 urbe
1812 2077 2045 2131 maxime

469 2173 785 2228 admirabile
817 2170 1079 2242 quiddam
1134 2169 1324 2234 tradit,
1358 2169 1501 2240 quod
1529 2183 1649 2239 qute
1681 2168 1807 2222 olim
1842 2187 1860 2219 ι
1904 2168 2046 2223 latus

468 2265 737 2335 aquilonis
798 2283 816 2315 ι
859 2270 1001 2329 erat,
1054 2276 1202 2315 nunc
1245 2261 1385 2315 facta
1444 2260 1516 2314 sit
1583 2278 1601 2310 ι
1667 2260 1864 2313 civitas
1901 2257 2046 2329 regis

470 2356 651 2426 magni
693 2374 705 2409 :
746 2373 765 2407 ι
796 2354 1048 2424 quodque
1080 2369 1099 2403 ι
1141 2351 1282 2407 Deus
1311 2352 1365 2405 in
1416 2351 1668 2406 domibus
1697 2350 1817 2419 ejus
1842 2365 2045 2419 cogno-

470 2454 655 2500 scatur
701 2463 715 2498 :
753 2463 770 2494 ι
826 2443 1117 2499 manifeste
1162 2456 1259 2512 per
1293 2441 1408 2496 haec
1436 2441 1695 2495 Ecclesiae
1719 2440 2046 2496 Christiana:

470 2548 665 2593 statmn
695 2545 748 2591 et
770 2536 1090 2605 dignitatem
1123 2533 1440 2602 designans.
1472 2530 1606 2585 Nam
1634 2531 1873 2588 borealis
1915 2548 2045 2603 pars

468 2638 626 2683 teme
646 2642 712 2683 ex
748 2628 857 2682 illis
881 2633 984 2688 est,
1012 2641 1133 2696 qua:
1165 2623 1404 2680 nubibus
1443 2623 1722 2694 perpetuis
1758 2632 2043 2694 urgentur,

464 2727 518 2771 et
554 2716 777 2789 frigore,
811 2725 863 2773 et
894 2717 1035 2788 gelu.
1068 2718 1185 2773 sine
1202 2717 1512 2787 splendore,
1536 2730 1843 2787 expersque
1865 2716 2047 2771 radio-

468 2825 587 2867 rum
615 2809 877 2864 solarium
904 2829 917 2864 :
948 2811 1019 2865 ob
1042 2810 1098 2864 id
1129 2809 1445 2865 adversaria
1500 2810 1591 2863 illa
1622 2818 1866 2879 potestas
1896 2812 2047 2881 aqui-

469 2899 608 2954 lonis
638 2900 853 2954 nomine
879 2898 1191 2955 denotatur.
1227 2899 1400 2970 igitur
1437 2915 1559 2970 qua:
1580 2900 1708 2953 olim
1740 2900 1808 2954 ad
1835 2902 2046 2972 aquilo-

469 3004 590 3041 nem
637 2988 936 3059 vergebat;
988 2988 1120 3054 imo,
1150 3004 1271 3060 qua:
1322 2991 1497 3060 ipsius
1536 2990 1679 3044 latus
1733 2998 1870 3058 erat,
1929 2991 2045 3047 baac

471 3079 733 3134 translata
777 3093 808 3132 a
864 3079 1207 3135 tenebricosa
1243 3093 1295 3135 et
1324 3081 1499 3152 algida
1550 3082 1678 3145 vita,
1729 3082 1923 3139 civitas
1952 3083 2046 3139 Dei

470 3171 561 3237 ﬁt,
607 3179 660 3225 et
716 3170 857 3242 regis
909 3170 1209 3234 habitatio,
1267 3172 1424 3241 cujus
1478 3171 1533 3225 in
1588 3172 1840 3228 domibus
1902 3173 2045 3230 Deus

468 3263 844 3332 cognoscitur.
923 3262 1123 3334 Βάρεις
1187 3270 1347 3318 vocat
1426 3265 1622 3318 aedium
1700 3265 2047 3323 circumscri-

473 3356 735 3426 ptionem,
763 3367 815 3412 et
846 3356 1014 3411 situm
1063 3356 1237 3410 forma
1288 3363 1343 3411 et
1393 3357 1575 3426 specie
1623 3357 2045 3430 quadrangula:

473 3445 673 3516 quibus
701 3452 959 3517 tanquam
992 3446 1288 3502 involucris
1309 3446 1634 3517 quibusdam
1688 3449 1934 3503 insinuat
1966 3450 2050 3504 ﬁr-

470 3553 589 3594 mas
618 3545 671 3592 et
701 3540 946 3595 excelsas
976 3540 1234 3594 virtutum
1269 3548 1448 3595 turres
1470 3548 1520 3595 et
1541 3541 1894 3607 munitiones,
1928 3558 2049 3612 qua:

470 3628 524 3681 in
555 3637 867 3683 sanctorum
909 3629 1184 3684 mentibus
1218 3628 1664 3699 conspiciuntur;
1704 3630 1862 3700 quasi
1918 3632 2049 3687 solis

469 3719 621 3776 hisce
650 3719 868 3775 vivendi
898 3721 1187 3791 generibus
1220 3719 1363 3776 Deus
1391 3730 1776 3792 cognoscatur:
1820 3720 2048 3793 Reliqua

470 3826 590 3881 qum
620 3820 924 3881 sequuntur
955 3828 1080 3867 cum
1132 3813 1408 3882 praedictis
1437 3821 1748 3870 consonant
1778 3832 1792 3870 :
1823 3829 2045 3886 congre-

467 3903 575 3972 gati
615 3918 850 3974 namque
896 3910 1025 3958 sunt
1071 3904 1128 3957 in
1160 3904 1277 3973 ipsa
1320 3920 1475 3975 reges
1502 3913 1663 3961 terra:
1711 3921 1863 3960 :non
1899 3906 2047 3961 enim

470 4006 777 4056 servorum,
847 3992 941 4046 sed
987 4006 1178 4060 regum
1242 4000 1545 4048 conventus
1584 3993 1861 4048 civitatem
1894 3993 2044 4047 illam

470 4082 702 4144 habitat,
738 4102 757 4133 ι
794 4082 908 4152 qui,
955 4101 974 4134 ι
1025 4081 1224 4152 inquit,
1284 4100 1303 4133 ι
1344 4082 1591 4139 videntes
1645 4084 1759 4138 haec
1794 4082 2049 4137 admirati

471 4181 618 4227 sunt.
672 4192 690 4224 ι
729 4172 1077 4243 Causamque
1125 4171 1503 4229 admirationis
1550 4173 1719 4228 addit.
1762 4170 1898 4227 Nam
1954 4173 2047 4243 qui

470 4266 621 4334 prius
674 4265 953 4319 civitatem
1007 4263 1149 4319 hanc
1181 4263 1401 4335 indigne
1447 4266 1779 4332 incolebant,
1828 4266 2048 4336 quando

470 4366 591 4413 erat
630 4358 770 4413 latus
808 4357 1103 4428 aquilonis,
1163 4357 1240 4412 illi
1274 4377 1291 4409 ι
1326 4357 1657 4423 eonturbati,
1691 4365 1745 4413 et
1786 4356 2046 4413 commoti

469 4455 616 4515 sunt,
668 4457 722 4504 et
770 4456 974 4503 tremor
1034 4448 1391 4519 apprehendit
1445 4463 1561 4504 eos.
1619 4466 1638 4501 ι
1673 4446 1785 4504 Nec
1842 4456 2048 4504 tremor

2146 1985 2379 2053 ηγεϊται,
2415 1984 2551 2054 ὃτιή
2589 1984 2717 2037 ποτὲ
2745 1981 2877 2038 οὖσα
2906 2003 2924 2035 ι
2964 1985 3171 2058 πλευρά
3211 1986 3306 2039 τοῦ
3333 1987 3546 2058 βορρᾶ,
3582 2006 3601 2039 ι
3637 1988 3717 2041 νῦν

2147 2074 2341 2142 γέγονε
2386 2093 2406 2125 ι
2460 2075 2614 2138 πόλις
2663 2075 2757 2128 τοῦ
2811 2075 3073 2146 βασιλέως
3105 2077 3198 2131 τοῦ
3250 2079 3517 2149 μεγάλου.
3564 2099 3583 2132 ι
3625 2081 3718 2133 Καὶ

2152 2186 2171 2217 ι
2204 2166 2233 2217 ὁ
2260 2165 2392 2229 Θεὸς
2426 2168 2481 2219 ὲν
2522 2168 2642 2231 ταῖς
2683 2166 2904 2240 βάρεσιν
2947 2170 3117 2239 αὐτῆς
3161 2169 3530 2237 γινώσκεται·
3583 2191 3600 2223 ι
3636 2189 3717 2225 σαι

2147 2258 2260 2326 φῶς
2307 2258 2396 2311 διὰ
2446 2259 2650 2313 τούτων
2705 2260 2767 2312 τὸ
2825 2260 2967 2314 κατὰ
3003 2261 3102 2332 τὴν
3163 2260 3496 2332 Ἐκκλησίαν
3551 2263 3714 2332 θαῦμα

2150 2349 2371 2421 μηνύων
2430 2349 2507 2420 τῷ
2549 2350 2711 2421 λόγῳ.
2778 2351 2851 2404 Τὸ
2884 2352 2994 2423 γὰρ
3041 2353 3248 2424 βόρειον
3299 2354 3475 2425 κλίμα
3511 2356 3610 2426 τῆς
3628 2357 3715 2424 γῆς

2143 2439 2253 2493 τῶν
2302 2441 2779 2510 κατεσκιασμένων
2822 2459 2881 2494 τε
2930 2443 3024 2497 καὶ
3075 2444 3511 2516 κατεψυγμένων
3563 2449 3711 2512 ἐστὶν,

2146 2531 2397 2610 ἀλαμπὲς
2436 2533 2526 2587 ἀεὶ
2555 2534 2735 2603 μένον,
2780 2535 2875 2588 καὶ
2912 2535 3021 2588 τῶν
3057 2536 3299 2606 ἡλιακῶν
3319 2539 3561 2594 ἀκτίνων
3593 2539 3709 2609 ἀμέ-

2144 2640 2321 2693 τοχον.
2368 2617 2443 2678 Οῦ
2511 2625 2699 2696 χάριν,
2745 2628 2778 2698 ἡ
2841 2626 3187 2701 ἀντικειμένη
3240 2631 3474 2702 δύναμις
3528 2635 3585 2686 ὲν
3640 2632 3705 2700 τῷ

2145 2713 2367 2784 ὀνόματι
2407 2714 2501 2767 τοῦ
2546 2716 2756 2786 βορείου
2802 2718 3237 2790 διασημαίνεται.
3280 2722 3345 2775 Ἡ
3378 2724 3561 2777 τοίνυν
3588 2724 3709 2776 tvo:-

2145 2804 2318 2859 κοῦσά
2343 2822 2471 2857 ποτε
2508 2805 2587 2878 τῷ
2632 2806 2806 2878 popae
2848 2808 2942 2862 καὶ
2966 2805 3100 2862 οῦσα
3127 2809 3291 2865 αὑτοῦ
3325 2812 3557 2884 πλευρὰ,
3589 2812 3705 2881 αῦτη

2149 2897 2565 2968 μεταταξαμένη
2598 2898 2707 2951 ἀπὸ
2737 2897 2832 2952 τοῦ
2877 2901 3147 2954 σκοτεινοῦ
3175 2919 3232 2955 τε
3259 2903 3351 2957 καὶ
3377 2904 3706 2974 κατεψυγμέ-

2145 3005 2237 3041 νου
2266 2986 2406 3059 βίου,
2435 2988 2570 3042 Θεοῦ
2615 2989 2768 3054 πόλις
2816 2991 3047 3059 γίνεται,
3093 2994 3187 3046 καὶ
3220 2993 3505 3064 βασιλείας
3532 2995 3706 3049 ἐνδιαί-

2146 3097 2318 3151 τημα.
2350 3074 2457 3144 Ἷῐς
2484 3081 2541 3134 ὲν
2565 3083 2687 3145 ταῖς
2713 3081 2933 3153 βάρεσιν
2951 3083 2979 3135 ὁ
3004 3083 3137 3148 Θεὸς
3163 3084 3513 3153 γινώσκεται.
3534 3088 3705 3157 Βάρεις

2149 3172 2204 3225 δὲ
2234 3172 2402 3240 λέγει,
2434 3173 2532 3234 τὰς
2560 3172 2670 3226 τῶν
2697 3176 3139 3245 οἰκοδομημάτων
3184 3179 3534 3248 περιγραφάς
3557 3182 3609 3232 ἐν
3630 3196 3704 3231 τε·

2149 3260 2413 3332 τραγώνῳ
2447 3262 2524 3331 τῷ
2551 3264 2809 3333 σχήματι,
2828 3262 2893 3315 δι’
2915 3256 2990 3316 ὧν
3013 3262 3111 3326 τὰς
3134 3264 3374 3335 ἑδραίας,
3390 3266 3489 3318 καὶ
3521 3265 3702 3335 ὑψηλὰς

2148 3351 2256 3405 τῶν
2296 3352 2505 3422 ἀρετῶν
2559 3355 2938 3425 πυργοποιῖας,
2962 3353 3059 3419 τάς
3108 3356 3166 3409 ὲν
3201 3359 3320 3419 ταῖς
3371 3356 3570 3427 ψυχαῖς
3612 3357 3702 3409 τῶν

2149 3444 2320 3512 ἁγίων
2378 3444 2777 3518 θεωρουμένας,
2817 3446 3117 3518 παραδηλοῖ
3144 3448 3211 3500 δι’
3260 3448 3576 3518 αἰνίγματος
3600 3489 3612 3510 ,
3638 3447 3701 3509 ὡς

2152 3536 2332 3605 μόνοις
2355 3538 2467 3600 τοῖς
2495 3537 2755 3601 τοιούτοις
2788 3538 2921 3607 βίοις
2962 3538 3059 3591 τοῦ
3098 3540 3232 3593 Θεοῦ
3282 3541 3697 3611 γινωσκομένου·

2149 3625 2242 3678 καὶ
2272 3624 2339 3678 τὲ
2389 3624 2585 3698 ἐφεξῆς
2613 3626 2822 3696 συνῳδά
2864 3631 2976 3692 τοῖς
3014 3630 3535 3700 προαποδεδομένοις
3555 3629 3696 3682 ἐστίν.

2150 3715 2499 3786 Συνήχθησαν
2529 3717 2637 3790 γὰρ
2658 3720 2713 3772 ὲν
2729 3719 2901 3793 ταύτῃ
2931 3722 2979 3773 οἰ
3006 3720 3347 3789 βασιλεῖςθοὺ
3374 3721 3487 3792 γὰρ
3514 3720 3699 3774 δουλευ-

2149 3805 2335 3869 όντων,
2362 3807 2498 3861 ἀλλά
2518 3808 2903 3878 βασιλευόντων
2926 3812 3195 3883 συνδρομὴ
3217 3813 3313 3884 τὴν
3336 3812 3489 3867 θείαν
3513 3812 3698 3879 ἐκείνην

2151 3897 2445 3962 συνοικίζει
2479 3900 2653 3955 πόλιν.
2694 3921 2714 3951 ι
2754 3901 2969 3964 Ὀἴτινες
2990 3943 3005 3967 ,
3036 3920 3055 3951 ι
3095 3903 3284 3972 φησὶν,
3312 3921 3328 3953 ι
3369 3902 3596 3966 ίδόντες,
3625 3899 3697 3952 οὔ·

2148 4003 2256 4051 τως
2295 3987 2670 4059 ἐθαύμασαν.»
2690 3988 2800 4043 Καὶ
2833 3987 2929 4061 τὴν
2944 3991 3121 4044 αἰτίαν
3154 3991 3422 4062 διηγεῖται
3454 3991 3542 4045 τοῦ
3588 3990 3695 4044 θαύ-

2153 4096 2339 4150 ματος,
2377 4079 2565 4151 ὲπειδὴ
2596 4081 2645 4133 οἱ
2677 4080 2936 4152 πρότερον
2957 4080 3333 4147 κατοικοῦντες
3374 4084 3599 4148 ἀναξίως
3618 4081 3694 4148 τὴν

2150 4171 2301 4224 πόλιν
2330 4171 2550 4243 ταύτην,
2568 4173 2655 4225 ὅτε
2682 4167 2749 4243 ἦν
2783 4171 2989 4242 πλευρὰ
3007 4171 3102 4225 τοῦ
3130 4172 3322 4244 βορρᾶ,
3359 4193 3379 4225 ι
3419 4172 3694 4245 ἐταράχθη·

2151 4279 2271 4326 σαν,
2292 4263 2386 4316 καὶ
2418 4262 2804 4334 ὲσαλεύθησαν,
2820 4264 2913 4316 καὶ
2951 4263 3150 4334 τρόμος
3176 4264 3473 4319 ἐπελάϐετο
3488 4265 3689 4320 αὐτῶν.»

2149 4354 2258 4406 Καὶ
2291 4355 2350 4407 οὑ
2404 4355 2563 4425 μόνον
2599 4355 2799 4425 τρόμος
2822 4393 2837 4418 ,
2870 4354 3004 4407 ἀλλά
3050 4356 3147 4408 καὶ
3199 4356 3348 4410 πόνοι
3401 4355 3691 4427 μιμούμενοι

2149 4443 2344 4508 ὠδῖνας
2387 4444 2694 4514 τικτούσης.
2746 4446 2928 4515 Ἀπερ
2954 4444 3131 4499 πάντα
3165 4448 3296 4516 φησί
3332 4448 3474 4502 κατά
3520 4446 3691 4499 τούτων

469 4549 698 4604 tantum,
725 4539 818 4594 sed
844 4548 896 4593 et
920 4539 1182 4595 molestia:
1207 4538 1412 4594 similes
1434 4538 1711 4594 doloribus
1740 4539 2043 4607 parturien-

2152 4535 2479 4604 γεγενῆσθαι
2518 4535 2623 4589 ὑπὸ
2652 4533 2745 4589 τοῦ
2783 4535 2956 4606 βιαίου
2989 4537 3317 4608 πνεύματος,
3342 4539 3438 4591 τοῦ
3469 4538 3531 4593 ra
3559 4536 3687 4589 πλοῖα

470 4629 623 4682 tium.
657 4628 788 4694 Quae
833 4629 1013 4683 omnia
1081 4628 1343 4685 adversus
1393 4630 1529 4685 istos
1570 4629 1817 4685 evenisse
1848 4627 1982 4683 dicit
2013 4644 2043 4683 a

471 4720 665 4789 spiritu
720 4720 1024 4776 vehementi
1076 4721 1168 4791 qui
1205 4720 1463 4791 lugitivas
1502 4736 1668 4776 naves
1723 4719 2039 4791 confringit,

471 4826 592 4878 quae
619 4811 866 4880 improbo
900 4812 1035 4867 mari
1068 4810 1229 4881 hujus
1256 4812 1381 4866 vitae
1405 4811 1669 4866 innatant.
1702 4829 1722 4863 ι
1757 4811 1815 4865 ln
1848 4806 2047 4880 spiritu

468 4899 772 4954 vehementi
788 4899 1466 4956 conteresnavesTharsis.
1482 4886 1690 4955 ιΡοιϊο
1712 4899 1803 4954 cui
1825 4900 1970 4970 quod
1992 4900 2044 4954 in

470 4991 844 5060 apostolorum
882 4991 1031 5046 Actis
1069 4992 1341 5061 proditum
1365 5001 1467 5050 est.
1502 4993 1764 5045 memoria
1799 5006 1906 5046 non
1942 5008 2041 5047 ex-

466 5081 619 5145 cidit,
680 5082 771 5138 ille
800 5098 911 5137 non
943 5081 1159 5153 ignorat
1187 5083 1435 5151 spiritum
1470 5083 1619 5136 illum
1643 5082 2040 5147 vehementem,

468 5173 560 5241 qui
627 5172 909 5243 discipulis
972 5174 1027 5227 in
1078 5174 1361 5228 caenaculo
1411 5173 1754 5244 congregatis
1795 5175 2043 5243 cognitus

467 5262 632 5318 est“
692 5265 945 5335 :quique
972 5265 1311 5334 prophetiam
1360 5262 1509 5318 Jonze
1565 5272 1771 5319 attente
1819 5265 1969 5335 legit,
1998 5265 2044 5320 is

472 5357 756 5427 perspicue
778 5358 1116 5426 exploratum
1142 5356 1324 5421 habet,
1360 5371 1482 5409 eum
1511 5355 1601 5425 qui
1629 5369 1658 5408 a
1691 5353 1799 5409 Deo
1834 5354 2040 5419 deﬁcit,

472 5462 716 5516 quierere
759 5463 951 5501 navem
991 5447 1047 5501 in
1078 5445 1306 5503 Tharsis
1348 5454 1563 5501 euntem
1595 5446 1661 5497 ⁸⁸.
1690 5445 1892 5501 Deinde
1925 5460 2043 5499 ser-

472 5549 630 5592 mone
656 5539 814 5607 quasi
846 5539 898 5592 in
926 5538 1063 5595 duas
1093 5554 1354 5610 personas
1405 5537 1720 5602 distributo,
1764 5539 1817 5591 in
1846 5539 2045 5607 priori-

473 5621 574 5679 bus
600 5625 817 5693 quidem
858 5644 1145 5698 personam
1192 5638 1245 5683 et
1277 5626 1523 5682 habitum
1551 5627 1670 5696 ejus
1715 5626 1910 5691 induit,
1950 5626 2041 5696 qui

539 5795 807 5855 8“ti-cnes.
832 5817 871 5870 ι,
904 5804 956 5860 8.
1034 5805 1081 5838 ⁸³
1113 5804 1233 5859 Aet.
1265 5821 1323 5871 ιι,
1350 5804 1404 5857 ‘2.
1480 5804 1525 5836 ⁸⁸
1563 5801 1686 5857 Jon.
1734 5818 1774 5869 ι,
1796 5801 1830 5857 5
1859 5814 1986 5871 sqq.

2149 4627 2250 4696 τῆς
2280 4625 2613 4689 ἀποστασίας
2655 4625 3048 4699 συντρίϐοντος,
3077 4628 3143 4681 τὰ
3164 4628 3346 4692 κακῶς
3384 4633 3450 4701 τῇ
3482 4628 3688 4694 θαλάσσῃ

2150 4718 2243 4772 τοῦ
2286 4718 2400 4789 βίον
2435 4718 2847 4783 ἐπιπολάζοντα.
2871 4737 2889 4770 ι
2913 4720 2999 4773 Ἐν
3030 4719 3299 4791 πνεύματι
3328 4738 3347 4771 ι
3380 4722 3505 4793 γὰρ,
3533 4716 3685 4789 φησὶν,

2158 4828 2177 4861 ι
2226 4808 2384 4880 βιαίῳ
2418 4810 2729 4882 συν-τρίψεις
2764 4811 2923 4865 πλοῖα
2967 4811 3219 4883 Θαρσεῖς.
3262 4831 3280 4864 ι
3320 4813 3382 4867 Ὀ
3405 4814 3462 4867 δὲ
3495 4812 3585 4880 τῆς
3602 4807 3686 4860 τῶν

2152 4901 2411 4971 Πράξεων
2444 4902 2681 4974 ἱστορίας
2710 4901 2806 4974 τὴν
2839 4905 3056 4975 μνήμην
3084 4903 3239 4972 ἔχων,
3259 4904 3358 4957 οὑκ
3401 4904 3576 4972 ἀγνοεῖ
3610 4898 3685 4967 τὴν

2156 4992 2337 5063 βιαίαν
2376 4992 2540 5064 πνοὴν
2565 4994 2665 5065 τὴν
2696 4993 2754 5047 ἐν
2783 4993 2860 5065 τῷ
2890 4994 3122 5064 ὑπερῴῳ
3148 4996 3260 5057 τοῖς
3291 4993 3549 5064 μαθηταῖς
3571 5004 3684 5056 γνω’

2153 5086 2446 5158 ρισθεῖσαν.
2487 5086 2597 5139 Καὶ
2624 5088 2652 5140 ὁ
2676 5088 2742 5157 τῇ
2771 5086 3078 5156 προφητεία
3111 5083 3203 5138 τοῦ
3240 5086 3392 5138 Ἰωνᾶ
3417 5093 3681 5154 προσεσχη-

2147 5178 2278 5243 κὼς,
2315 5177 2573 5247 γινώσκει
2606 5177 2840 5241 πάντως,
2874 5178 2954 5230 ὅτι
2986 5179 3013 5230 ό
3042 5175 3133 5229 τοῦ
3168 5175 3305 5229 Θεοῦ
3351 5173 3579 5236 ἀποστὰς
3604 5169 3679 5236 ξη-

2146 5273 2230 5323 τεῖ
2250 5271 2430 5324 πλοῖον
2454 5270 2513 5323 τὸ
2542 5270 2635 5323 ἐπὶ
2663 5271 2894 5341 Θαρσεῖς
2926 5268 3352 5339 ναυτιλλόμενον.
3378 5263 3505 5320 Εἶτα
3527 5262 3679 5325 ὥσπερ

2148 5361 2239 5415 δύο
2293 5361 2599 5434 προσώποις
2652 5360 3025 5432 ὲπιμερισθείς
3072 5362 3101 5413 ὁ
3133 5360 3307 5428 λόγος,
3334 5362 3390 5411 ὲν
3455 5358 3544 5428 μὲν
3591 5351 3678 5408 τοῖς

2152 5450 2512 5521 προλαϐοῦσιν
2535 5452 2594 5503 τὸ
2627 5448 2718 5504 τοῦ
2749 5448 3208 5520 ’προαγορεύοντος
3238 5447 3519 5500 ὑποδύεται
3545 5439 3677 5509 πρόϐα

2151 5556 2296 5592 ωπον
2322 5580 2335 5603 ,
2375 5542 2433 5592 ὲν
2470 5539 2527 5591 δὲ
2576 5542 2687 5603 τοῖς
2734 5538 2965 5607 ἐφεξῆς,
3008 5536 3108 5599 τὰς
3153 5534 3262 5587 τῶν
3307 5525 3675 5597 ὑποδεξαμένων

2152 5628 2240 5682 τὸν
2270 5630 2424 5700 λόγον
2450 5631 2631 5699 φωνὰς
2662 5629 3030 5699 ὑποκρίνεται.
3073 5627 3235 5696 Λέγει
3266 5624 3374 5697 γὰρ
3405 5614 3675 5685 συντιθέμε-
