3844 6352
162 376 256 433 557

1552 381 1618 437 IN
1659 379 1992 436 PSALMOS.

3300 380 3400 437 558

161 512 242 559 νος
370 494 593 567 ἀληθείᾳ
636 494 747 548 τῶν
785 499 1221 569 προηγουμένων,
1251 499 1448 553 ὡσανεὶ
1490 500 1619 569 παρ’
1642 496 1728 552 ἀλ-

1838 497 2082 552 oratione
2132 497 2344 567 aliquos
2402 504 2659 569 tanquam
2705 494 2815 550 dux
2875 496 3175 557 antecedit;
3214 504 3403 566 postea

160 583 243 638 λου
265 584 407 647 τινὸς
430 585 497 639 τὰ
534 587 797 657 εἰρημένα
832 586 1037 658 μαθὼν,
1065 588 1167 651 ὅτι,
1194 607 1213 643 ι
1254 588 1521 659 Καθάπερ
1556 587 1721 658 ἡκού-

161 692 360 747 σαμεν,
389 677 561 741 οὕτως
619 678 715 732 καὶ
766 678 966 750 τδομεν.
1030 678 1118 734 Ἐν
1168 679 1321 733 πόλει
1363 678 1568 750 Κυρίου
1613 677 1723 731 τῶν

155 768 447 837 δυνάμεων,
488 770 545 822 ὲν
579 769 730 823 πόλει
755 771 847 824 τοῦ
876 770 1011 824 Θεοῦ
1039 770 1214 842 ήμῶν.
1254 790 1272 823 ι
1304 770 1397 824 Διὸ
1427 769 1519 823 καὶ
1548 786 1723 840 παρα-

159 860 537 932 κελευομένους
582 864 832 935 ἀλλήλοις
871 864 1127 935 ἐποίησεν
1168 866 1293 927 τοὺς
1322 866 1378 916 ὲν
1408 864 1567 934 ἡδονῇ
1599 863 1724 916 θεα-

160 951 436 1022 σαμένους,
465 952 501 1007 ἃ
531 955 869 1026 ἠκούσαμεν.
945 954 1010 1008 Ἦ
1039 955 1096 1008 δὲ
1126 949 1726 1025 παρακέλευσιςῆν,τὸ,

163 1064 180 1097 ι
215 1043 545 1100 Κυκλώσατε
569 1043 708 1097 Σιὼν
747 1044 842 1098 καὶ
865 1042 1189 1115 περιλάϐετε
1218 1040 1415 1110 αὐτήν.
1451 1044 1725 1113 Διηγήσα-

160 1131 245 1184 σθε
268 1133 324 1185 ὲν
348 1134 460 1194 τοῖς
489 1131 720 1201 πύργοις
747 1133 936 1203 αὐτῆς.
969 1131 1138 1185 Θέσθε
1181 1132 1282 1195 τὰς
1316 1132 1540 1202 καρδίας
1569 1132 1722 1203 ὑμῶν

160 1223 232 1286 εἰς
270 1223 365 1294 τὴν
388 1222 617 1293 δύναμιν
645 1224 834 1295 αὐτῆς,
867 1224 961 1276 καὶ
1003 1223 1380 1277 καταδιέλεσθε
1411 1223 1509 1287 τὰς
1536 1223 1722 1295 βάρεις

157 1313 314 1384 αὐτῆς
340 1331 352 1343 υ
392 1333 411 1364 ι
449 1315 544 1366 καὶ
578 1314 677 1369 ὅσα
724 1314 865 1368 κατὰ
895 1314 954 1367 τὸ
979 1314 1268 1370 ἀκόλουθον
1318 1316 1560 1387 περιέχει
1590 1320 1617 1370 6
1643 1318 1725 1370 λό-

159 1420 262 1473 τος,

222 1677 372 1731 Μετὰ
423 1677 584 1732 τοῦτο
627 1678 685 1732 δὲ
728 1680 794 1733 δι’
828 1680 1121 1734 ἀκολούθου
1158 1682 1236 1744 είς
1278 1683 1459 1735 πᾶσαν
1494 1682 1591 1753 τὴν
1620 1685 1720 1753 γῆν

159 1766 392 1838 διαφοιτᾷ
424 1766 524 1820 τοῦ
561 1767 720 1836 λόγου
749 1769 810 1822 τὸ
849 1771 1130 1841 κήρυγμα,
1171 1770 1263 1822 καὶ
1300 1770 1489 1841 ῶσπερ
1517 1767 1584 1841 ἦν
1618 1773 1722 1843 πρὸ

158 1860 246 1929 τῆς
295 1859 606 1930 συγχύσεως
640 1862 745 1914 τῶν
791 1861 1052 1930 γλωσσῶν
1104 1862 1279 1931 χεῖλος
1322 1862 1380 1915 ἓν
1433 1864 1598 1917 πᾶσιν
1632 1866 1725 1917 καὶ

162 1949 249 2015 μία
279 1952 424 2023 φωνή
466 1967 482 1982 ο
512 1951 655 2005 οὕτω
686 1953 778 2004 καὶ
807 1952 903 2005 νῦν
952 1953 1131 2007 πάντα
1166 1953 1234 2006 τὰ
1266 1953 1392 2025 ἔθνη
1417 1993 1431 2018 ,
1465 1957 1559 2009 καὶ
1588 1958 1621 2026 ἠ
1651 1958 1727 2009 οἰ-

159 2040 383 2112 κουμένη
429 2043 581 2094 πᾶσα
628 2042 724 2095 καὶ
770 2042 973 2108 πάντες
1017 2044 1293 2116 ἄνθρωποι
1339 2047 1438 2117 μία
1487 2049 1726 2117 γίνονται

160 2132 302 2205 ἀκοὴ,
339 2136 433 2189 καὶ
483 2135 681 2205 καρδία
716 2134 848 2204 μία,
884 2136 1003 2199 ἑνὸς
1050 2139 1163 2199 τοῖς
1201 2137 1366 2191 πᾶσιν
1408 2139 1727 2210 ὲνηχοῦντος

163 2223 248 2279 τοῦ
275 2225 450 2295 λόγου.
482 2226 671 2279 Πᾶσαν
703 2227 810 2297 γὰρ
853 2226 993 2280 κατά
1017 2227 1215 2280 ταύτὸν
1245 2227 1343 2299 τὴν
1381 2229 1727 2302 ἀνθρωπίνην

162 2318 309 2386 φύσιν
336 2319 739 2389 ἐκκλησιάσας,
775 2319 870 2373 καὶ
911 2319 1136 2390 θέατρον
1164 2320 1223 2374 ἓν
1253 2321 1345 2375 τὸν
1372 2323 1574 2394 κόσμον
1608 2324 1729 2378 ὅλον

162 2408 324 2479 ἐαυτῷ
353 2410 709 2480 περιστήσας,
738 2411 888 2479 κοινῇ
921 2412 1033 2473 τοῖς
1062 2412 1227 2464 πᾶσιν
1252 2411 1425 2483 ἐμϐοᾷ
1440 2413 1531 2468 τὸν
1546 2414 1724 2485 λόγον’

168 2517 184 2548 ι
220 2499 539 2566 Ἀκούσατε,
578 2499 786 2569 λέγων,
835 2501 1013 2555 πάντα
1059 2502 1127 2555 τὰ
1178 2503 1327 2573 ἔθνη,
1376 2506 1725 2573 ἐνωτίσασθε,

162 2591 346 2657 πάντες
376 2594 425 2646 οἱ
461 2593 842 2656 κατοικοῦντες
874 2592 972 2664 τὴν
1011 2595 1351 2665 οἰκουμένην.
1384 2598 1452 2651 Οί
1473 2615 1532 2651 τε
1561 2617 1727 2670 γηγε-

160 2684 259 2744 νεῖς
297 2684 387 2736 καὶ
420 2683 532 2736 υἱοὶ
570 2682 678 2737 τῶν
726 2683 1027 2755 ἀνθρώπων
1048 2701 1061 2716 °
1111 2685 1206 2739 καὶ
1254 2687 1499 2744 πλουτῶν
1549 2706 1632 2754 τις
1669 2694 1728 2745 ὲν

162 2774 297 2845 ἡμῖν,
331 2773 433 2827 κᾶν
457 2774 755 2845 πενόμενος
777 2775 935 2847 τύχῃ.
963 2794 982 2829 ι
1024 2776 1260 2841 Ταύταις
1290 2779 1398 2850 γὰρ
1424 2782 1546 2845 ταῖς
1580 2784 1729 2855 τρισὶ

165 2863 429 2933 συζυγίαις
476 2866 658 2918 πᾶσαν
685 2865 918 2933 γενικῶς
959 2866 1313 2938 διαλαμϐάνει
1338 2869 1437 2940 τὴν
1468 2873 1609 2926 κατά
1637 2873 1729 2927 τὸν

165 2951 265 3021 βίον
297 2954 401 3006 τῶν
439 2953 685 3025 οὐρανῶν
735 2956 1014 3028 διαφοράν.
1054 2959 1140 3012 Ἐν
1171 2961 1234 3029 τῇ
1264 2957 1455 3031 πρώτῃ
1480 2962 1727 3033 συζυγίᾳ,

163 3043 277 3121 ξθνη
307 3045 453 3113 λέγει
480 3046 682 3110 πάντα,
711 3049 804 3101 καὶ
840 3049 966 3113 τοὺς
990 3050 1377 3115 κατοικοῦντας
1415 3052 1512 3124 τὴν
1551 3056 1730 3108 οἰκου-

1759 1831 1798 1883 Β

1824 602 1986 643 voces
2058 587 2506 658 subsequentium
2565 593 2939 656 repraesentat.
3000 585 3179 656 Inquit
3231 587 3401 649 enim,

1825 677 2130 733 assentiens
2194 678 2403 733 veritati
2462 692 2649 732 eorum
2705 693 2825 748 quae
2877 677 3189 746 supradicta
3250 684 3400 738 sunt,

1825 771 1984 840 quasi
2039 770 2108 825 ab
2165 769 2272 824 alio
2315 768 2550 839 quodam
2610 784 2731 838 qua:
2783 768 3015 832 dixerat,
3079 767 3400 824 didicisset:

1829 878 1849 910 ι
1885 858 2350 926 Quemadmodum
2393 858 2721 924 audivimus,
2761 859 2841 915 sic
2882 866 2937 914 et
2963 858 3221 924 vidimus,
3250 858 3306 913 in
3326 860 3404 914 ci-

1825 951 1993 1007 vitate
2030 950 2245 1007 Domini
2282 951 2580 1015 virtutum,
2620 951 2673 1005 in
2725 951 2945 1006 civitate
2992 950 3085 1006 Dei
3138 952 3333 1006 nostri.
3379 971 3399 1002 ι

1824 1042 1941 1110 Qua
1963 1044 2030 1099 de
2049 1059 2215 1098 causa
2250 1043 2556 1098 introduxit
2590 1044 2753 1099 etiam
2791 1052 2979 1098 mutuo
3011 1059 3070 1098 se
3110 1043 3405 1097 cohortan-

1825 1145 1928 1200 tes,
1958 1136 2100 1202 illos,
2135 1135 2228 1206 qui
2269 1149 2393 1189 cum
2444 1134 2806 1189 delectatione
2843 1134 3113 1200 viderant,
3152 1151 3273 1205 qua!
3306 1150 3404 1188 au-

1825 1220 2056 1282 dierant.
2083 1225 2399 1281 Cohortatio
2424 1232 2601 1281 autem
2621 1225 2929 1296 hujusmodi
2965 1235 3046 1280 est
3076 1243 3129 1278 ε(
3156 1226 3403 1280 Circum-

1824 1319 1949 1374 date
1987 1318 2142 1380 Sion,
2176 1325 2230 1373 et
2263 1316 2692 1386 complectimini
2731 1333 2874 1381 eam,
2903 1327 3121 1372 narrate
3150 1321 3204 1371 in
3235 1316 3404 1371 turri-

1824 1410 1926 1465 bus
1940 1409 2280 1478 ejus,ponite
2298 1407 2461 1461 corda
2489 1415 2668 1463 vestra
2687 1408 2738 1461 in
2757 1408 2960 1463 virtute
2990 1409 3128 1478 ejus,
3155 1418 3208 1464 et
3229 1411 3406 1464 distri-

1824 1501 1970 1555 buite
2000 1502 2193 1555 domus
2224 1500 2365 1570 ejus,
2393 1517 2410 1549 ›
2436 1506 2489 1554 et
2510 1508 2701 1555 cretera
2718 1500 3054 1571 quaeibidem
3080 1510 3403 1570 sequuntur.

1895 1681 2024 1737 Post
2069 1682 2185 1737 haec
2211 1683 2467 1739 diﬁ'undit
2498 1684 2939 1755 przedicationem
2963 1700 3118 1740 suam
3145 1685 3199 1740 in
3231 1693 3404 1739 totum

1826 1780 2093 1827 terrarum
2128 1774 2333 1841 orbem,
2372 1784 2426 1831 et
2479 1775 2938 1844 quemadmodum
2970 1785 3094 1831 ante
3128 1777 3408 1832 confusio-

1827 1879 1950 1918 nem
1981 1865 2288 1935 linguarum
2324 1867 2578 1922 omnibus
2616 1875 2735 1921 erat
2765 1881 2935 1922 unum
2976 1868 3180 1923 labium
3216 1879 3270 1924 et
3301 1886 3407 1923 una

1825 1969 1950 2019 vox,
1980 1955 2060 2010 sic
2082 1962 2136 2009 et
2176 1971 2325 2010 nunc
2368 1972 2559 2012 omnes
2613 1964 2828 2027 gentes,
2883 1968 2935 2013 et
2971 1965 3118 2013 totus
3152 1960 3324 2026 orbis,
3355 1969 3411 2014 et

1826 2060 2015 2100 omnes
2076 2046 2348 2113 homines,
2411 2049 2549 2102 ﬁunt
2609 2063 2753 2102 unus
2811 2050 2959 2103 velut
3025 2050 3291 2115 auditus,
3354 2060 3407 2104 et

1826 2152 1995 2190 unum
2026 2152 2139 2199 cor,
2180 2152 2306 2190 una
2339 2136 2587 2192 oratione
2616 2139 2895 2203 omnibus,
2918 2149 2972 2195 et
3000 2140 3068 2195 ad
3097 2155 3288 2196 omnes
3322 2141 3407 2193 in-

1827 2237 2079 2283 sonante.
2113 2227 2349 2282 Colleeta
2401 2228 2544 2283 enim
2594 2244 2759 2283 unum
2825 2229 2880 2284 in
2930 2230 3108 2285 locum
3154 2239 3266 2285 tota
3306 2231 3406 2285 Ιιιι-

1827 2336 1986 2375 mana
2010 2320 2291 2384 societate,
2349 2334 2565 2389 unoque
2615 2321 2770 2397 quasi
2823 2321 3035 2375 theatro
3056 2338 3119 2376 ex
3152 2314 3407 2378 omnibus

1828 2417 2098 2466 terrarum
2140 2408 2252 2463 oris
2293 2415 2594 2471 exstructo,
2626 2409 2881 2465 omnibus
2938 2411 3141 2479 pariter
3194 2426 3405 2465 sermo-

1829 2517 1952 2557 nem
2016 2501 2167 2554 illum
2201 2499 2411 2554 intonat
2441 2515 2453 2549 :
2490 2519 2508 2551 ι
2541 2501 2739 2556 Audite
2765 2501 2912 2563 lucc,
2949 2518 3138 2557 omnes
3191 2511 3405 2574 gentes,

1830 2593 2056 2649 auribus
2087 2593 2368 2663 percipite,
2403 2607 2593 2649 omnes
2630 2594 2723 2663 qui
2762 2594 3017 2649 habitatis
3051 2594 3260 2659 orbem,
3294 2596 3410 2665 qui-

1828 2703 1935 2757 que
1959 2686 2247 2756 terrigena:
2267 2694 2321 2740 et
2344 2684 2435 2738 ﬁlii
2456 2681 2940 2751 hominum,simul
2958 2685 3011 2740 in
3039 2701 3228 2749 unum,
3254 2687 3406 2740 dives

1827 2787 1884 2834 et
1921 2792 2124 2847 pauper
2158 2776 2224 2829 ⁸⁸.
2267 2794 2285 2828 ι
2323 2774 2418 2829 llis
2446 2776 2593 2830 enim
2625 2776 2804 2831 tribus
2832 2776 3314 2847 conjugationibus
3350 2787 3407 2832 et

1830 2868 2115 2924 ordinibus
2153 2866 2454 2937 generatim
2482 2866 2797 2936 complexus
2854 2873 2937 2920 est
2978 2882 3195 2922 omnem
3226 2867 3407 2921 diver-

1832 2960 2070 3018 sitatem,
2101 2971 2221 3026 quae
2267 2955 2323 3009 in
2356 2955 2457 3009 hac
2487 2954 2597 3010 vita
2643 2954 2953 3009 mortalium
2997 2965 3240 3025 apparet.
3272 2954 3406 3010 Nam

1833 3053 2010 3122 primo
2038 3051 2228 3106 ordine
2260 3056 2415 3103 vocat
2459 3062 2650 3102 omnes
2682 3054 2892 3116 gentes,
2923 3048 3127 3117 quique
3159 3046 3408 3100 habitant

168 3136 349 3207 μένην*
377 3139 455 3201 ὠς
501 3141 615 3202 τοῖς
650 3140 745 3209 μὲν
787 3140 1012 3210 ὀνόμασι
1056 3142 1163 3195 τῶν
1195 3143 1390 3208 ἐθνῶν,
1420 3145 1520 3209 τὰς
1571 3164 1727 3218 περι-

1833 3144 2040 3206 orbem,
2072 3148 2131 3195 ut
2169 3138 2411 3210 gentium
2445 3135 2663 3207 quidem
2700 3137 2920 3191 nomine
2952 3135 3410 3207 circumscriptio-

164 3228 361 3296 γραφὰς
386 3228 498 3281 τῶν
522 3228 702 3282 τόπων
738 3230 1099 3301 σημαίνεσθαι
1117 3249 1131 3263 ·
1148 3231 1225 3302 τῷ
1248 3233 1306 3286 δὲ
1334 3234 1533 3304 ἑφεξῆς
1562 3236 1724 3308 λόγῳ,

163 3320 279 3383 τοὺς
303 3321 409 3375 τῶν
457 3322 642 3376 τόπων
694 3324 998 3395 οἰκήτορας.
1043 3327 1297 3397 Γηγενεῖς
1322 3327 1381 3381 δὲ
1423 3330 1590 3383 εἰπὼν
1635 3332 1728 3384 καὶ

165 3405 449 3477 ἀνθρώπων
484 3411 657 3475 υἱοὺς,
686 3412 814 3476 τοὺς
844 3412 1142 3484 σαρκώδεις
1165 3433 1221 3469 τε
1255 3417 1347 3470 καὶ¹
1376 3420 1590 3488 χοῖκοὺς
1634 3423 1729 3474 καὶ

167 3495 521 3570 ἁλογωτέρους
551 3500 814 3573 διακρίνει
839 3505 946 3557 ἀπὸ
974 3504 1082 3560 τῶν
1114 3507 1457 3580 σωζομένων,
1493 3514 1586 3567 καί
1608 3532 1728 3567 τινα

167 3590 218 3641 ὲν
243 3589 415 3655 αὐτοῖς
454 3593 780 3666 χαρακτῆρα
813 3596 911 3666 τῆς
954 3597 1300 3672 ἀνθρωπίνης
1339 3602 1554 3672 φύσεως
1582 3606 1730 3675 ἐχόν-

167 3696 281 3736 των.
311 3684 468 3749 Ἴδιος
513 3685 568 3738 δὲ
609 3688 897 3759 χαρακτὴρ
927 3689 1288 3762 ἀνθρώπου,ή
1332 3694 1469 3765 πρὸς
1504 3693 1735 3748 τὸΘεῖον

86 3830 88 3833 .
166 3774 422 3846 ὁμοίωσις.
473 3778 539 3832 Ἠ
565 3778 623 3831 δὲ
652 3777 793 3833 κατὰ
834 3781 1022 3835 πενίαν
1056 3800 1116 3836 τε
1150 3784 1245 3837 καὶ
1287 3783 1518 3839 πλοῦτον
1551 3785 1743 3839 ἄνισά--

166 3880 256 3935 της
283 3867 373 3919 τοῦ
402 3867 544 3938 βίου,
582 3868 643 3921 τὸ
672 3869 1033 3936 γενικώτατόν
1061 3874 1207 3927 ἐστιν
1237 3876 1404 3929 αἴτιον
1427 3876 1526 3948 τῆς
1550 3878 1731 3931 ποικί-

166 3952 255 4025 λης
284 3975 338 4010 τε
366 3960 459 4011 καὶ
483 3958 798 4025 πολυειδοῢς
823 3961 928 4015 τῶν
959 3964 1015 4015 ἐν
1043 3963 1348 4034 ἀνθρώποις
1392 3967 1732 4039 πραγμάτων

167 4046 483 4117 ἀνωμαλίας.
518 4051 613 4113 Τίς
662 4047 817 4115 οὗτος
854 4054 881 4105 6
912 4054 969 4104 ὲν
1014 4054 1254 4126 τοσούτῳ
1293 4058 1385 4111 καὶ
1429 4059 1732 4129 τηλικούτῳ

168 4134 500 4212 ἀκροατηρίῳ
537 4142 866 4213 δημηγορῶν
903 4144 1041 4209 ;Τίς
1074 4146 1248 4212 ἄλλος,
1283 4149 1314 4220 ἣ
1358 4152 1385 4202 6
1439 4152 1733 4222 μαρτυρῶν

168 4229 220 4283 ὲν
246 4232 407 4304 αὐτῷ,
447 4236 532 4287 ὅτι
573 4236 763 4304 σοφίαν
806 4236 1026 4308 λαλήσει
1072 4240 1166 4293 καὶ
1201 4241 1414 4296 σύνεσιν
1448 4259 1462 4308 ;
1495 4244 1645 4298 λαλεί
1676 4246 1732 4298 δὲ

167 4320 314 4389 αὐτὰ,
359 4326 387 4378 6
426 4325 564 4396 ἔχων
592 4327 813 4398 Πνεῦμα
853 4328 1043 4399 σοφίας
1082 4347 1138 4383 τε
1177 4334 1270 4387 καί
1306 4335 1596 4402 συνέσεως,
1634 4339 1731 4409 τὴν

172 4415 401 4486 μεγάλην
434 4418 638 4487 ταύτην
692 4419 870 4488 χάριν,
902 4420 1000 4491 τὴν
1034 4423 1098 4475 ἐκ
1136 4426 1409 4496 προσοχῆς
1438 4431 1533 4482 καὶ
1575 4430 1733 4500 μελέ-

1834 3250 1957 3290 nem
1981 3234 2224 3305 locorum
2275 3227 2698 3299 signiﬁcaverit;
2734 3227 3084 3298 sequentibus
3131 3242 3259 3282 vero
3287 3242 3408 3282 ver-

1834 3329 1919 3384 bis
1977 3326 2221 3381 loeorum
2261 3321 2490 3378 incolas.
2550 3320 2687 3376 Cum
2745 3329 2926 3376 autem
2992 3320 3296 3390 terrigenas
3355 3327 3409 3373 et

1834 3420 1972 3475 ﬁlios
2002 3418 2282 3472 hominum
2312 3413 2579 3480 nominat,
2644 3413 2881 3467 secernit
2934 3412 3184 3468 carnales
3209 3420 3262 3467 et
3295 3427 3412 3468 cor-

1833 3510 2013 3580 poreis
2057 3509 2220 3565 rebus
2260 3505 2525 3571 addictos,
2556 3511 2607 3559 et
2634 3519 2664 3558 a
2701 3505 2912 3559 ratione
2957 3504 3189 3560 alienam
3238 3505 3404 3560 vitam

1833 3604 2111 3671 degentes,
2154 3599 2222 3654 ab
2268 3597 2354 3652 his
2389 3597 2482 3666 qui
2521 3596 2820 3661 salvantur,
2856 3603 2910 3650 et
2965 3597 3199 3665 aliquem
3224 3598 3411 3653 chara-

1834 3703 2032 3748 cterem
2056 3697 2266 3745 naturae
2300 3688 2550 3742 humanae
2593 3689 2646 3741 in
2692 3702 2750 3742 se
2790 3688 3105 3741 continent:
3154 3688 3408 3758 proprius

1833 3788 1962 3843 ve'ro
1995 3784 2233 3839 hominis
2258 3783 2542 3838 character
2563 3788 2647 3836 est
2694 3780 2994 3835 similitudo
3021 3795 3146 3834 cum
3185 3780 3315 3835 Deo.
3340 3782 3410 3835 At

1835 3875 2173 3944 inaequalitas
2199 3873 2346 3927 circa
2404 3878 2775 3942 paupertatem
2823 3880 2875 3925 et
2908 3869 3126 3926 divitias
3175 3871 3410 3925 maxime

1835 3969 2102 4042 generalis
2133 3981 2296 4022 causa
2327 3975 2411 4021 est
2435 3965 2598 4019 variae
2663 3972 2716 4017 et
2763 3962 3113 4019 multiformis
3151 3964 3298 4019 illius
3328 3964 3407 4017 di-

1834 4060 2129 4121 versitatis,
2161 4073 2282 4128 quae
2311 4059 2364 4111 in
2415 4057 2693 4112 hominum
2738 4053 2968 4125 negotiis
3015 4053 3294 4109 elueescit.
3344 4056 3409 4109 Et

1835 4157 1958 4227 quis
1979 4155 2101 4214 iste.
2141 4153 2230 4222 qui
2275 4152 2327 4205 in
2369 4151 2461 4205 tali
2510 4165 2573 4203 ac
2611 4155 2761 4201 tanto
2806 4146 3080 4201 auditorio
3124 4147 3411 4201 conciona-

1837 4248 1964 4302 tur?
1989 4245 2111 4315 quis
2145 4243 2306 4305 alius,
2339 4256 2499 4312 quam
2527 4238 2620 4310 qui
2672 4239 2726 4292 in
2758 4239 2943 4309 seipso
2972 4244 3204 4292 testatur
3238 4253 3297 4292 se
3326 4239 3407 4291 lo-

1835 4348 2089 4394 euturum
2118 4332 2436 4403 sapientiam
2463 4339 2516 4387 et
2572 4327 2957 4400 prudentiain?
2983 4326 3245 4396 Loquitur
3277 4343 3408 4382 vero

1836 4434 1951 4487 lure
1981 4430 2089 4494 ille,
2119 4427 2210 4497 qui
2232 4424 2393 4478 habet
2410 4420 2672 4491 Spiritum
2694 4420 2972 4490 sapientice
2993 4428 3045 4474 et
3076 4406 3403 4483 intellectus,

168 4520 260 4576 της
287 4509 744 4580 κατορθουμένην.
778 4511 851 4564 Ού
891 4513 996 4583 γὰρ
1035 4515 1295 4585 πρότερον
1324 4513 1477 4572 εἶπεν
1497 4520 1728 4589 ἀνοίγειν

1835 4522 2088 4580 eximiam
2118 4519 2276 4574 istam
2320 4514 2569 4583 gratiam,
2600 4526 2721 4579 quae
2749 4526 2815 4566 ex
2845 4517 3048 4565 attenta
3064 4524 3193 4564 cura
3218 4517 3271 4564 et
3294 4525 3407 4566 me-

170 4595 225 4648 τὸ
242 4598 429 4668 στόμα,
453 4601 581 4672 πρὶν
608 4601 892 4654 ύποκλῖναι
916 4605 1014 4673 τὴν
1049 4606 1217 4677 ἀκοὴν
1238 4606 1314 4677 τῷ
1332 4610 1730 4680 παραϐάλλοντι

170 4682 299 4757 λόγῳ
322 4702 335 4716 ·
366 4708 386 4740 ι
416 4690 490 4741 Τὸ
532 4690 705 4760 στόμα
752 4708 875 4770 μου,
913 4709 930 4741 ι
962 4693 1144 4763 φησὶν,
1197 4714 1214 4745 ι
1254 4697 1475 4768 λαλήσει
1507 4701 1698 4769 σοφίαν
1718 4740 1731 4761 ,

169 4776 255 4829 καὶ
283 4779 315 4848 ἡ
349 4780 545 4852 μελέτη
569 4780 664 4850 τῆς
695 4782 919 4853 καρδίας
951 4801 1049 4853 μου
1078 4785 1310 4843 σύνεσιν.
1351 4809 1369 4840 ι
1421 4790 1530 4845 Καὶ
1580 4792 1733 4864 πρῶ-

170 4882 251 4919 τον
285 4886 305 4920 ι
345 4866 512 4924 κλινῶ
540 4872 620 4934 είς
644 4872 960 4943 παραϐολὴν
997 4875 1058 4928 τὸ
1096 4872 1187 4940 οὖς
1243 4894 1373 4948 μου,
1412 4897 1431 4930 ι
1470 4881 1563 4934 καὶ
1611 4883 1731 4936 τότε

175 4974 193 5008 ι
228 4959 415 5024 ἀνοίξω
449 4962 509 5012 ἐν
556 4960 839 5034 ψαλτηρίῳ
871 4964 931 5043 τὸ
966 4966 1257 5037 πρόϐλημά
1293 4986 1413 5038 μου.
1464 4990 1482 5022 ι
1521 4972 1613 5035 Τίς
1641 4971 1733 5028 οὖν

171 5046 199 5116 ἡ
237 5048 463 5118 σύνεσις,
491 5053 581 5105 καὶ
618 5054 670 5106 τί
700 5053 762 5106 τὸ
794 5056 1116 5128 πρόϐλημα;
1142 5057 1254 5111 Οὐκ
1281 5056 1441 5125 οἶδεν,
1480 5064 1663 5134 φησὶν,
1698 5068 1730 5135 ἡ

168 5139 253 5228 τοῦ
285 5140 417 5194 Θεοῦ
447 5143 619 5207 κτίσις
663 5148 905 5217 πονηρᾶς
936 5164 1077 5212 τινος
1110 5149 1321 5221 ἡμέρας
1368 5156 1728 5228 κατασκευὴν,

171 5225 236 5288 ὡς
255 5233 516 5302 μαρτυρεί
539 5236 635 5303 τῆς
660 5238 1041 5305 κοσμογενείας
1070 5237 1407 5307 ὁλόγος,ἀλλ’
1433 5245 1464 5313 ἡ
1493 5225 1733 5318 ἁμαρτία

170 5319 259 5389 τὴν
283 5322 670 5395 ἀγαλλιάσιμον
709 5328 939 5398 ἡμέραν,
965 5330 1129 5398 φόϐου
1169 5332 1266 5387 καὶ
1302 5338 1567 5406 τιμωρίας
1605 5340 1731 5409 ἡμέσ

176 5424 264 5477 ραν
308 5413 580 5484 ἐποίησεν,
611 5416 677 5487 ἢν
717 5416 845 5488 ἐξῆν
894 5420 968 5490 μὴ
1007 5421 1319 5490 φοϐεῖσθαι,
1351 5427 1400 5478 εἰ
1448 5427 1522 5500 μὴ
1561 5430 1589 5480 6
1631 5429 1729 5500 τὴν

171 5501 393 5590 πτέρναν
424 5503 581 5575 ἡμῶν
606 5506 878 5579 ἐπιτηρῶν
908 5510 1049 5580 ὄφις,
1086 5506 1130 5581 ᾧ
1160 5514 1331 5586 ὄνομά
1371 5518 1518 5573 ἐστιν
1549 5520 1581 5590 ἡ
1609 5521 1759 5577 ἀνο-,

173 5588 284 5660 μία,
314 5594 497 5665 κύκλῳ
529 5595 628 5664 τὴν
661 5600 884 5671 πορείαν
910 5602 1005 5656 τοῦ
1042 5603 1158 5673 βίου
1193 5606 1468 5678 διέλαϐεν,
1504 5588 1582 5682 τῷ
1613 5612 1727 5684 ἰδίῳ

235 5763 277 5795 ⁸⁸
300 5766 441 5823 Psal.
482 5785 674 5837 vam,
702 5774 736 5826 2
766 5789 885 5846 sqq.

1832 4613 2093 4670 ditatione
2121 4607 2384 4678 provenit.
2421 4602 2538 4657 Non
2569 4602 2712 4657 enim
2746 4603 2897 4671 prius
2926 4601 3062 4655 dixit
3091 4616 3149 4655 se
3193 4600 3405 4669 aperire

1832 4725 1916 4774 os,
1950 4721 2113 4777 quam
2164 4698 2507 4756 inclinaverit
2537 4712 2722 4752 aurem
2780 4695 2847 4749 ad
2887 4710 3197 4751 sermonem
3236 4695 3404 4759 illius,

1835 4797 1928 4868 qui
1960 4795 2009 4850 ci
2049 4790 2373 4863 suggerebat
2405 4786 2607 4842 omnia.
2636 4783 2815 4854 lnquit
2837 4785 2979 4839 enim
3023 4803 3035 4837 :
3079 4802 3097 4834 ι
3131 4781 3205 4838 Os
3230 4800 3405 4839 meum

1835 4892 2088 4958 loquetur
2128 4882 2470 4952 sapientiam,
2528 4889 2583 4932 et
2612 4877 2894 4931 meditatio
2922 4878 3105 4933 cordis
3138 4879 3242 4934 mei
3274 4894 3406 4947 pru-

1833 4979 2093 5041 dentiam,
2131 4995 2148 5027 ι
2205 4990 2301 5029 seu
2335 4973 2666 5026 intellectum
2695 4990 2706 5024 :
2740 4971 3088 5041 primumque
3120 4989 3139 5022 ι
3178 4970 3409 5025 inclina»

1834 5071 1903 5125 ho
1939 5070 1994 5124 in
2046 5066 2357 5137 parabolam
2404 5078 2589 5118 aurem
2628 5078 2822 5126 meam,
2860 5080 2878 5113 ι
2920 5070 2975 5117 et
3023 5070 3154 5116 tunc
3210 5080 3227 5111 ‹
3287 5076 3409 5129 ape-

1832 5162 1969 5215 riam
2019 5159 2074 5212 in
2114 5155 2370 5227 psalterio
2417 5154 2842 5224 propositionem
2874 5169 3068 5207 meam.
3104 5171 3120 5202 ι
3157 5152 3288 5217 Quae
3309 5150 3406 5221 igi-

1836 5262 1922 5305 tur
1948 5260 2029 5304 est
2060 5250 2162 5304 ista
2193 5246 2499 5317 prudentia,
2531 5245 2745 5316 etquod
2777 5246 3054 5315 problema
3080 5260 3181 5302 seu
3210 5259 3408 5313 propo-

1836 5338 1991 5397 sitio?
2038 5336 2155 5392 Νοιι
2208 5336 2362 5400 vidit,
2389 5334 2585 5405 inquit,
2612 5335 2705 5390 Dei
2735 5344 2983 5389 creatura
3014 5334 3140 5388 mali
3174 5335 3406 5404 alicujus

1834 5432 1938 5487 dici
1974 5429 2333 5494 eﬁ‘ectionein,
2378 5434 2440 5481 ut
2478 5435 2707 5481 testatur
2737 5426 2978 5481 narratio
3001 5425 3188 5503 mundi
3217 5441 3407 5481 recens

1832 5521 2061 5588 conditi,
2095 5519 2190 5576 sed
2242 5525 2524 5588 peccatum
2594 5517 2875 5573 laetabilem
2909 5518 3053 5571 illam
3078 5516 3133 5573 et
3191 5519 3404 5588 plenam

1830 5609 2214 5673 exsultationis
2242 5608 2385 5665 diem
2411 5606 2591 5663 eﬁecit
2623 5607 2781 5662 nobis
2810 5606 2952 5662 diem
2983 5607 3196 5664 timoris
3231 5616 3287 5663 ct
3316 5606 3407 5680 ju-
