3844 6356
451 382 557 440 559

1694 377 1751 433 s.
1794 374 2123 433 cnsconu
2145 372 2443 433 stssm
3232 442 3239 455 ε
3589 368 3679 424 550

452 497 605 565 dicii,
641 511 805 566 quam
834 503 1148 568 poteramus
1180 511 1288 551 non
1327 496 1598 561 timuisse,
1632 498 1740 551 nisi
1769 509 2018 566 serpens,

2128 493 2267 563 ὁλκῷ
2294 495 2414 557 ταῖς
2442 490 2714 554 ποικίλαις
2739 489 2846 544 τῶν
2866 488 3050 544 παθῶν
3078 490 3285 561 φολίσιν
3315 490 3551 563 φοϐερῶς
3570 458 3681 544 ⁶ἑτι-ι

398 652 416 666 ρ
450 590 547 659 qui
576 588 836 644 calcaneo
880 595 1073 643 nostro
1124 588 1437 655 insidiatur,
1489 589 1648 658 cujus
1690 603 1887 643 nomen
1915 586 2025 640 ini-

2132 582 2374 656 φρίσσων
2414 580 2752 652 πανταχόθεν
2796 580 2892 633 καὶ
2925 580 3347 653 τραχυνόμενος.

450 682 661 752 quitas,
722 680 970 749 undique
1024 679 1167 733 viam
1218 680 1341 735 vitae
1425 680 1584 736 nobis
1630 676 2075 747 circumsepisset
2112 672 2336 743 proprio
2371 686 2474 727 suo
2517 678 2699 726 rotatu
2753 679 2807 726 ct
2850 685 3005 742 gyro,
3063 680 3118 727 et
3170 671 3337 727 variis
3392 672 3681 743 passionum

450 770 606 841 quasi
634 770 907 840 squamis,
933 770 1166 824 terribili
1195 777 1420 840 aspectu
1454 771 1697 841 undique
1718 767 2037 824 infrendens
2073 770 2129 818 et
2168 762 2574 818 inhorrescens.

520 864 725 919 Deinde
771 864 984 934 psalmo
1040 864 1291 943 induas
1331 872 1517 934 partes
1573 864 1914 928 distributo,
1971 861 2031 915 in

451 961 627 1032 prima
674 959 897 1030 quidem
944 968 1101 1029 parte
1142 960 1434 1016 consilium
1492 960 1606 1026 dat,
1647 976 1717 1016 ne
1740 959 1806 1013 ad
1858 958 2028 1013 alium

450 1051 744 1123 quemdam
772 1052 1125 1109 liberatorem
1152 1052 1451 1122 respiciant
1476 1070 1491 1118 ;
1538 1067 1713 1122 neque
1737 1051 1884 1107 enim
1918 1048 2031 1104 fra-

449 1151 556 1207 ter,
582 1143 780 1214 inquit,
815 1143 1071 1206 redimet,
1106 1158 1206 1198 nec
1231 1142 1372 1198 alius
1413 1142 1686 1213 quispiam
1717 1140 2023 1204 hominum,

450 1234 546 1291 sed
579 1233 809 1304 quilibet
848 1247 949 1304 pro
982 1233 1166 1302 seipso
1198 1233 1468 1298 exorabit,
1521 1232 1569 1288 si
1623 1250 1642 1282 ι
1663 1230 1874 1287 dederit
1915 1229 2026 1286 Deo

448 1326 839 1398 placatiouem,
869 1335 923 1381 et
944 1324 1182 1395 pretium
1217 1324 1603 1394 redemptionis
1629 1325 1826 1379 animae
1850 1338 2017 1379 suae.»

448 1417 607 1482 Quod
653 1415 877 1486 quidem
910 1415 1128 1471 consilii
1178 1415 1300 1469 loco
1352 1414 1419 1469 ad
1451 1415 1668 1469 illorum
1709 1414 2024 1485 superbiam
2066 1464 2081 1477 ε

449 1504 857 1577 coarguendam
887 1502 1041 1570 dicit,
1075 1506 1168 1576 qui
1201 1503 1406 1559 frustra
1437 1518 1657 1574 operam
1684 1505 1741 1559 in
1772 1504 1876 1558 hac
1918 1505 2026 1558 vita

452 1605 807 1662 consumunt,
842 1596 1196 1666 studiumque
1226 1597 1281 1651 in
1321 1595 1682 1651 infructuosis
1719 1596 1884 1651 rebus
1924 1610 2023 1665 po-

448 1699 608 1747 nunt.
640 1690 814 1758 Quam
835 1691 1006 1746 variis
1033 1690 1312 1748 laboribus
1338 1706 1460 1747 sese
1488 1690 1717 1761 fatigant
1748 1689 2020 1755 homines,

449 1783 608 1853 quasi
638 1796 851 1853 semper
883 1783 1081 1838 victuri
1132 1790 1316 1839 essent
1340 1801 1355 1850 ;
1381 1798 1544 1856 quam
1581 1784 1772 1853 procul
1802 1784 1871 1839 ab
1915 1784 2024 1840 illis
2058 1819 2099 1873 Β

447 1875 712 1947 cogitatio
740 1873 1133 1945 corruptionis,
1165 1889 1283 1944 quae
1312 1882 1542 1930 mortem
1575 1874 1891 1939 comitatur,
1925 1876 2019 1946 qui

446 1965 692 2038 qu0tidie
735 1974 863 2021 ante
906 1966 1098 2022 oculos
1142 1980 1273 2020 suos
1312 1963 1496 2019 vident
1534 1965 1670 2021 alios
1698 1966 2016 2030 morientes,

446 2054 699 2125 quodque
730 2053 1097 2109 certissimum
1137 2061 1191 2109 et
1220 2054 1568 2110 verissimum
1597 2055 1844 2111 stultitiae
1863 2063 1915 2113 et
1945 2057 2022 2111 in-

446 2144 716 2214 sipientia:
762 2155 1143 2214 argumentum
1194 2152 1300 2206 est,
1359 2144 1453 2215 qui
1500 2146 1753 2200 nesciunt
1785 2161 1847 2203 se
1894 2155 2020 2217 post

447 2235 590 2307 bam:
637 2234 804 2290 vitam
860 2237 980 2292 aliis
1018 2236 1239 2294 divitias
1291 2237 1391 2292 bas
1442 2238 1753 2303 relicturos,
1810 2241 2020 2311 seipsos

449 2335 631 2382 autem
671 2327 727 2381 in
778 2328 1046 2397 sepulcris
1105 2329 1162 2383 in
1200 2336 1523 2399 perpetuum
1568 2345 1885 2398 mansuros,
1926 2333 2021 2402 qui

448 2419 672 2473 nomina
719 2433 818 2475 sua
858 2419 1158 2489 per-vitam
1200 2420 1576 2475 sublimiorem
1628 2420 1682 2474 in
1728 2423 1870 2477 caelo
1912 2438 2021 2477 non

449 2508 898 2579 descripserunt;
942 2508 1036 2564 sed
1067 2524 1194 2565 cum
1221 2511 1275 2565 in
1312 2519 1457 2565 terra
1502 2511 1616 2567 fieri
1647 2512 1887 2568 celebres
1921 2529 2021 2569 cu-

447 2612 661 2673 perent,
691 2601 938 2659 fecerunt
965 2602 1177 2671 seipsos
1205 2601 1262 2657 in
1302 2603 1512 2659 caelesti
1541 2604 1630 2657 illa
1663 2604 1884 2660 civitate
1922 2605 2023 2661 ob-

430 2692 642 2750 'scuros
671 2700 725 2749 et
754 2695 871 2749 sine
903 2693 1145 2749 nomine.
1187 2691 1395 2747 Horum
1432 2694 1674 2749 omnium
1715 2710 1880 2750 causa
1914 2706 2019 2760 est,

445 2781 592 2853 quod
624 2781 787 2837 homo
808 2781 1092 2851 proprium
1126 2797 1285 2836 suum
1309 2782 1569 2839 honorem
1598 2799 1707 2839 non
1731 2786 2016 2857 intelligat,

447 2872 543 2929 sed
573 2871 639 2925 ad
672 2872 861 2927 brutas
893 2872 1201 2942 voluptates
1247 2882 1441 2942 sponte
1486 2888 1586 2929 sua
1623 2889 1744 2930 sese
1776 2876 2016 2946 abjiciat,

447 2958 721 3013 obnoxius
750 2958 891 3029 gula:
929 2967 983 3013 et
1013 2960 1206 3022 ventri,
1246 2961 1423 3031 iisque
1455 2977 1576 3033 quae
1604 2973 1847 3020 ventrem
1888 2980 2020 3021 con-

447 3056 775 3120 sequuntur,
810 3047 1091 3104 sordibus.
1128 3048 1251 3104 llaec
1282 3066 1410 3121 pars
1447 3061 1532 3108 est
1570 3054 1757 3123 prima:
1792 3054 2019 3112 divisio—

447 3141 536 3198 nis
581 3141 742 3212 hujus
782 3139 997 3211 psalmi.
1048 3139 1275 3211 Reliqua
1310 3157 1435 3211 pars
1474 3143 1543 3199 ad
1586 3146 1689 3199 alia
1724 3147 2015 3215 reprehen-
2046 3166 2088 3223 ο

448 3234 660 3289 sionem
697 3240 753 3288 et
782 3233 1190 3289 accusationem
1220 3234 1448 3307 dirigit;
1482 3252 1788 3307 rursusque
1825 3239 2019 3295 iisdem

446 3326 632 3381 verbis
672 3325 1001 3380 terminatur
1042 3326 1254 3392 oratio;
1293 3327 1551 3384 videlicet
1600 3328 1706 3384 hoc
1740 3328 1902 3386 nobis
1937 3331 2023 3386 iu-

451 3418 633 3471 sinuat
669 3414 963 3486 Propheta,
986 3416 1217 3485 primam
1253 3432 1478 3473 causam
1512 3420 1642 3474 mali
1667 3421 1723 3474 in
1755 3421 2022 3477 mundum

449 3499 685 3578 ingrcssi
714 3505 907 3573 fuisse,
933 3506 1078 3577 quod
1108 3505 1273 3561 homo
1298 3507 1474 3563 brutis
1502 3516 1558 3564 et
1588 3522 1619 3562 a
1648 3508 1864 3564 ratione
1890 3511 2024 3565 alie-

447 3588 537 3655 nis
566 3597 954 3669 cupiditatibus
979 3596 1180 3654 similis
1208 3597 1280 3653 sit
1307 3597 1532 3655 effcctus
1554 3597 1851 3669 jumentis;
1895 3615 2021 3656 cum

447 3699 629 3747 autem
670 3696 863 3744 contra
904 3688 1106 3742 malum
1138 3688 1411 3745 medicina
1459 3698 1650 3760 parata
1682 3690 1844 3748 nobis
1873 3701 2022 3748 esset

446 3784 515 3838 ab
562 3797 648 3848 eo,
704 3781 797 3852 qui
843 3779 1147 3835 humanum
1205 3795 1376 3852 genus
1412 3781 1791 3838 misericordia
1837 3776 2022 3842 motus

444 3873 722 3941 visitavit;
771 3872 1047 3939 homines,
1093 3872 1310 3928 deserto
1344 3890 1541 3931 rursus
1577 3874 1723 3931 bono
1776 3884 2021 3945 pastore,

445 3968 608 4020 morti
643 3964 950 4034 pascendos
999 3978 1059 4019 se
1085 3963 1331 4031 tradunt,
1381 3981 1494 4021 non
1534 3967 1602 4021 ad
1637 3967 1885 4023 caelestia
1917 3984 2020 4039 pa-

445 4056 599 4123 bula,
649 4054 745 4111 sed
791 4054 859 4109 ad
901 4052 1077 4109 infera
1112 4054 1416 4123 tendentes,
1454 4056 1651 4112 inferni
1699 4073 1830 4114 ovcs
1869 4059 2020 4115 facti.

446 4145 594 4201 Dicit
639 4145 815 4200 enim:
852 4162 882 4196 ἰ
906 4142 1062 4199 Sicut
1113 4160 1244 4202 oves
1295 4146 1351 4201 in
1401 4147 1616 4203 inferno
1662 4149 1826 4220 positi
1872 4159 2021 4217 sunt,

448 4253 596 4295 mors
617 4237 871 4308 depascet
900 4252 1050 4293 eos.»
1089 4237 1184 4293 Sic
1212 4238 1393 4295 denuo
1426 4257 1525 4311 per
1549 4249 1831 4311 peccatum
1858 4243 2023 4298 indu-

447 4329 593 4384 citur
627 4328 830 4384 oblivio
863 4326 983 4397 ejus
1024 4326 1328 4399 dignitatis,
1361 4345 1485 4401 quae
1518 4331 1678 4387 nobis
1711 4331 1898 4386 divino
1928 4331 2025 4393 be-_

446 4417 644 4473 neiicio
671 4416 886 4487 obtigit,
916 4423 971 4472 et
995 4416 1062 4471 ad
1096 4418 1260 4472 vitam
1292 4420 1526 4476 rationis
1552 4428 1829 4491 expertem
1867 4422 2022 4477 incli-

446 4511 597 4564 natio
626 4509 907 4565 exoritur:
938 4521 1100 4564 omne
1122 4508 1268 4564 enim
1291 4509 1449 4574 illud,
1481 4511 1629 4582 quod
1651 4520 1805 4568 extra
1834 4527 2020 4568 veram
2052 4495 2101 4556 υ

447 4601 713 4655 rationem
736 4610 841 4664 est,
873 4601 1100 4665 rationis
1123 4601 1409 4659 destitutio
1431 4610 1547 4659 est:
1581 4603 1866 4676 proprium
1889 4618 2020 4662 vero

443 4692 676 4763 jumenti
705 4700 789 4747 est
821 4694 1033 4749 ratione
1063 4704 1117 4749 et
1149 4701 1331 4749 mente
1358 4707 1566 4751 carere.

750 4783 754 4787 ’
1034 4781 1263 4839 CAPUT
1290 4782 1430 4840 XIII.

520 4872 718 4927 Verum
771 4872 952 4928 omnia
1006 4888 1127 4943 quae
1163 4878 1220 4928 in
1267 4874 1481 4944 psalmo
1531 4881 1682 4940 sunt,
1740 4874 2017 4945 sigillatim

443 4965 582 5020 velle
620 4967 900 5035 prosequi,
957 4976 1013 5024 et
1046 4981 1499 5036 commemorare,
1549 4983 2019 5039 supervacaneum

442 5053 629 5117 fuerit,
662 5069 785 5108 cum
819 5069 881 5110 ea
904 5070 1026 5125 quae
1054 5058 1256 5113 omissa
1283 5067 1431 5123 sunt,
1466 5058 1612 5114 facili
1643 5058 1829 5114 labore
1857 5074 1923 5113 ex
1950 5059 2019 5113 iis

443 5162 566 5216 quae
598 5145 838 5203 diximus
879 5148 1093 5218 possint
1139 5150 1505 5217 innotescere,
1553 5158 1615 5205 ut
1641 5150 1873 5220 proinde
1906 5165 2016 5205 non

444 5238 679 5293 arbitrer
701 5238 1005 5295 orationem
1031 5239 1249 5310 longius
1282 5240 1706 5310 protrahendam
1734 5256 1876 5306 esse,
1912 5240 2016 5296 nisi

445 5330 584 5384 forte
618 5330 749 5386 illud
786 5332 1167 5387 tantummodo
1193 5335 1546 5402 repetendum
1577 5334 1646 5389 sit
1673 5350 1738 5389 ex
1767 5335 1856 5398 iis,
1896 5350 2018 5404 qua:

440 5414 551 5483 jam
608 5433 775 5488 supra
820 5419 1099 5490 disputata
1153 5430 1305 5487 sunt,
1359 5437 1615 5494 magnum
1653 5421 1911 5481 Davidem
1960 5425 2018 5481 in

447 5501 743 5559 humanum
799 5523 971 5578 genus
1023 5518 1257 5579 utroque
1301 5509 1466 5565 modo
1512 5510 1819 5566 beneficum
1871 5527 2015 5578 esse,

450 5596 580 5642 tunc
625 5593 852 5662 scilicet,
900 5611 1029 5653 cum
1068 5600 1299 5654 salutem
1341 5608 1588 5654 nostram
1635 5616 1734 5672 per
1769 5602 2017 5672 symbolo

451 5679 694 5746 quaedam
726 5682 973 5741 eiformat
1002 5699 1055 5743 et
1083 5688 1394 5757 adumbrat,
1425 5698 1481 5745 et
1512 5697 1643 5745 tunc
1674 5708 1797 5747 cum
1836 5693 2016 5747 bomi-

450 5765 614 5823 nibus
641 5771 859 5827 modum
891 5777 1223 5846 poenitentia:
1259 5780 1635 5839 demonstrat:
1677 5784 1764 5838 cui
1802 5783 2017 5855 egregie

2192 852 2336 911 Ἐἴτα
2367 858 2488 928 διχῆ
2522 856 2744 913 διελθὼν
2785 858 2965 912 πᾶσαν
3000 857 3098 930 τὴν
3116 857 3469 930 ψαλμῳδίαν,
3502 860 3558 912 ὲν
3597 859 3682 931 μὲν

2129 946 2206 1018 τῷ
2231 947 2432 1021 πρώτῳ
2478 934 2632 1019 μέρει
2654 988 2669 1014 o
2715 948 3022 1021 συμϐουλὴν
3074 951 3454 1016 κατατίθεται,
3482 950 3573 1004 τοῦ
3619 956 3681 1022 μὴ

2128 1041 2266 1113 πρὸς
2297 1041 2453 1097 ἄλλον
2485 1041 2702 1112 βλέπειν
2736 1042 2858 1096 τινὰ
2901 1043 3184 1115 λυτρωτὴν
3214 1060 3227 1072 ο
3262 1042 3385 1099 οὐτε
3415 1046 3525 1115 γὰρ
3550 1044 3683 1099 ἀδελ-

2130 1132 2230 1202 φὸς
2256 1131 2564 1203 λυτροῠται,
2591 1132 2782 1205 φησὶν,
2813 1131 2935 1188 οὔτε
2964 1133 3121 1198 ἄλλος
3146 1151 3231 1198 τις
3254 1134 3555 1206 ἄνθρωπος,
3585 1134 3684 1190 ἀλλ’

2129 1222 2163 1293 ἢ
2193 1222 2355 1287 αὐτὸς
2380 1223 2610 1288 ἕκαστος
2644 1223 2836 1278 ἑαυτὸν
2873 1223 3364 1296 ἐξαιτήσεταιοὲάν
3390 1242 3457 1296 γε
3492 1245 3511 1278 ι
3542 1225 3683 1280 δώσει

2127 1314 2206 1385 τῷ
2229 1315 2350 1386 Θεῷ
2383 1315 2652 1387 ὲξίλασμα
2673 1314 2891 1383 ἑαυτοῦ,
2928 1317 3023 1371 καὶ
3057 1317 3156 1389 τὴν
3186 1316 3354 1389 τιμὴν
3376 1319 3478 1389 τῆς
3498 1316 3684 1388 λυτρώ-

2129 1424 2267 1471 σεως
2312 1408 2414 1478 τῆς
2448 1408 2628 1480 ψυχῆς
2671 1409 2856 1463 αὐτοῦ.
2907 1427 2926 1461 ι
2984 1410 3051 1463 ὐ
3085 1408 3333 1479 βούλεται
3396 1410 3685 1480 συμϐουλὴν

2128 1498 2264 1569 πρὸς
2295 1499 2599 1570 ὑπεροψίαν
2620 1501 2732 1555 τῶν
2766 1500 2942 1571 μάτην
2977 1500 3423 1573 σπουδαζομένων
3455 1502 3685 1572 γενέσθαι

2127 1585 2227 1657 τὴν
2257 1589 2694 1661 σπουδαζομένην
2719 1592 2776 1644 ὲν
2797 1589 2876 1660 τῷ
2902 1591 3001 1662 βίῳ
3023 1591 3197 1664 τούτῳ
3216 1593 3357 1648 κατά
3383 1594 3447 1646 τὸ
3478 1594 3682 1669 μάταιον

2131 1675 2476 1732 ἀκολουθίαν.
2499 1678 2625 1743 Πῶς
2656 1681 2714 1733 έν
2749 1680 2998 1750 ἀνοήτοις
3017 1682 3262 1751 διάγουσι
3310 1685 3502 1748 κόποις
3524 1685 3571 1738 oi
3607 1684 3685 1739 ἂν·

2134 1764 2377 1838 θρωποι,
2408 1768 2484 1832 ὡς
2535 1770 2623 1823 ἀεὶ
2660 1769 2917 1842 ζήσεσθαι
2968 1773 3404 1844 προσδοκῶντεςς
3448 1775 3567 1841 Πῶς
3602 1776 3685 1844 τὴν

2126 1858 2214 1912 διὰ
2239 1859 2334 1912 τοῦ
2359 1858 2590 1915 θανάτου
2616 1863 2964 1935 καταφθοράν
3010 1866 3111 1919 οὐκ
3139 1866 3474 1932 ἐλπίζουσιν,
3495 1870 3544 1922 οἱ
3574 1872 3682 1932 τώς

2129 1950 2235 2022 πρὸ
2253 1952 2432 2007 αὐτῶν
2470 1954 2911 2027 ἀποθνήσκοντας
2935 1958 3221 2029 βλέποντες
3254 1977 3269 2026 ;
3302 1960 3396 2015 καὶ
3418 1962 3503 2015 ὅτι
3534 1963 3683 2032 ἄφρο-

2127 2040 2217 2105 νές
2254 2043 2393 2096 είσιν
2423 2041 2499 2107 ὡς
2536 2044 2772 2116 ἀληθῶς,
2816 2049 2911 2101 καὶ
2948 2050 3166 2119 ἀνόητοι
3188 2089 3203 2113 ,
3233 2052 3284 2104 οί
3334 2052 3438 2105 οὐκ
3484 2052 3683 2117 εἰδότες,

2126 2132 2208 2185 ὅτι
2236 2134 2375 2203 μετά
2399 2134 2489 2189 τὸν
2513 2136 2637 2207 τῇδε
2661 2137 2773 2207 βίον
2802 2139 2980 2204 ἄλλοις
3004 2142 3389 2213 καταλείψουσι
3418 2145 3514 2198 τὸν
3544 2144 3687 2197 πλοῦ-

2126 2239 2218 2276 τον
2245 2224 2424 2278 αὐτῶν
2445 2243 2457 2255 ·
2485 2226 2639 2281 αὐτοὶ
2662 2228 2722 2281 δὲ
2744 2229 2938 2299 τάφοις
2966 2232 3045 2295 εἰς
3080 2232 3142 2285 τὸ
3165 2232 3408 2304 διηνεκὲς
3445 2238 3686 2306 παροική-

2131 2329 2334 2381 σουσιν,
2359 2316 2410 2368 oi
2436 2315 2504 2369 τὰ
2524 2318 2763 2396 ὀνόματα
2788 2320 2968 2375 αὐτῶν
2994 2321 3095 2375 οὐκ
3119 2324 3177 2376 ὲν
3204 2324 3458 2394 οὐρανοῖς
3485 2326 3568 2379 διὰ
3601 2327 3687 2396 τῆς

2129 2403 2465 2475 ὑψηλοτέρας
2493 2406 2637 2479 ζωῆς
2662 2395 3100 2484 ἀπογράψαντες,
3134 2413 3248 2467 ἀλλ’
3266 2417 3324 2470 ἐν
3352 2419 3417 2487 τῇ
3458 2420 3528 2489 γῇ
3555 2420 3685 2487 γενέ-

2130 2491 2251 2546 σθαι
2288 2493 2576 2566 ὀνομαστοὶ
2606 2498 2977 2570 ποθήσαντες,
3016 2504 3333 2575 ἀνωνύμους
3384 2506 3606 2571 ἑαυτοὺς
3636 2509 3686 2559 ὲν

2125 2586 2192 2656 τῇ
2228 2585 2340 2640 ἀνω
2363 2587 2513 2641 πόλει
2538 2588 2821 2662 ἐποίησαν.
2854 2591 3070 2648 Τούτων
3103 2594 3160 2649 δὲ
3182 2597 3404 2652 πάντων
3432 2598 3617 2661 αἴτιον,
3634 2596 3686 2649 τὸ

2131 2681 2205 2752 μὴ
2233 2680 2468 2734 συνιέναι
2488 2680 2578 2734 τὸν
2604 2682 2888 2753 ἄνθρωπον
2910 2685 3008 2756 τῆς
3038 2686 3171 2751 ιδίας
3199 2689 3380 2760 τιμῆς,
3396 2688 3540 2743 ἀλλὰ
3568 2689 3685 2759 πρὸς

2126 2772 2225 2835 τὰς
2254 2770 2550 2841 κτηνώδεις
2573 2772 2765 2845 ἡδονὰς
2798 2776 3060 2842 ἑκουσίως
3093 2782 3492 2852 καταπρῆναι,
3524 2780 3685 2851 λαιμῷ

2128 2865 2223 2921 καὶ
2268 2867 2498 2939 γαστρὶ,
2532 2869 2627 2922 καὶ
2667 2867 2745 2939 τῷ
2779 2870 2918 2940 μετά
2960 2873 3199 2943 γαστέρα
3228 2873 3385 2946 ῥύπῳ
3415 2877 3687 2946 γενόμενον

2128 2958 2363 3014 ἔκδοτον.
2395 2958 2566 3013 Τοῦτο
2596 2961 2696 3029 τῆς
2728 2960 2950 3033 πρώτης
2991 2965 3310 3035 διαιρέσεως
3348 2966 3446 3022 τοῦ
3488 2965 3685 3037 ψαλμοῦ

2126 3047 2189 3102 τὸ
2219 3049 2403 3120 μέρος.
2430 3050 2504 3103 Τὸ
2522 3050 2578 3104 δὲ
2619 3050 2937 3123 λειπόμενον
2976 3055 3036 3108 ὲν
3074 3055 3254 3121 ἄλλοις
3285 3056 3397 3127 εχει
3439 3058 3537 3129 τὴν
3574 3071 3685 3111 κατ-

2126 3141 2374 3213 ηγορίαν.
2392 3141 2559 3196 Πάλιν
2593 3143 2649 3197 δὲ
2676 3146 2756 3208 είς
2778 3146 2839 3198 τὸ
2861 3146 2992 3200 αὐτὸ
3024 3146 3177 3219 ῥῆμα
3204 3148 3528 3219 περαιοῦται
3557 3150 3583 3202 ό
3607 3147 3693 3201 λό-.

2123 3248 2237 3299 γος.
2270 3231 2441 3285 Τοῦτο
2461 3271 2475 3294 ,
2504 3227 2689 3302 οἶμαι,
2722 3233 3117 3305 φιλοσοφούσης
3164 3237 3297 3306 ἡμῖν
3349 3236 3455 3307 τῆς
3488 3251 3684 3307 προφη-

2121 3319 2291 3383 τείας,
2322 3320 2405 3373 an
2453 3320 2516 3374 τὸ
2548 3321 2763 3393 πρῶτον
2794 3323 2964 3377 αίτιον
2998 3323 3099 3394 τῆς
3127 3324 3233 3378 τῶν
3256 3324 3447 3380 κακῶν
3468 3324 3683 3386 εἰσόδου,

2123 3411 2184 3464 τὸ
2225 3411 2680 3483 ἀποκτηνωθῆναι
2724 3413 2816 3467 τὸν
2849 3412 3135 3486 ἄνθρωπον
3162 3418 3275 3479 τοῖς
3302 3414 3687 3485 ζωωδεστέροις

2122 3504 2461 3574 παθήμασιν.
2498 3504 2801 3577 Γενομένης
2819 3505 2877 3559 δὲ
2905 3507 3035 3576 ἡμῖν
3067 3506 3133 3559 ὲκ
3166 3505 3387 3577 χάριτος
3416 3509 3521 3576 τῆς
3542 3505 3685 3575 θερα-

2124 3596 2286 3661 πείας
2333 3596 2427 3650 τοῦ
2482 3595 2722 3650 τοιούτου
2780 3596 2952 3651 κακοῦ
2994 3596 3081 3650 διὰ
3117 3597 3212 3650 τοῦ
3260 3598 3686 3669 ὲπισκεψαμένου

2122 3687 2393 3759 οἰκτιρμῷ
2416 3687 2478 3741 τὸ
2503 3685 2861 3758 ἀνθρώπινον,
2906 3688 3067 3742 πάλιν
3122 3689 3351 3759 ἀφέντες
3378 3689 3474 3744 τὸν
3504 3688 3686 3759 ἀγαθὸν

2125 3781 2377 3855 ποιμένα,
2401 3780 2507 3835 ὑπὸ
2530 3779 2625 3835 τοῦ
2658 3780 2886 3836 θανάτου
2913 3781 3290 3852 ποιμαίνονται
3309 3798 3325 3812 ο
3355 3782 3416 3834 οὐ
3452 3782 3582 3854 πρὸς
3601 3780 3687 3851 τὴν

2122 3873 2393 3946 οὐράνιον,
2423 3873 2558 3928 ἀλλά
2586 3874 2718 3946 πρὸς
2746 3873 2843 3946 τὴν
2873 3876 2930 3927 ὲν
2963 3874 3091 3945 ᾅδου
3124 3873 3291 3945 νομὴν
3324 3874 3549 3937 ἑαυτοὺς
3581 3875 3685 3925 im.

2124 3966 2423 4034 κλίναντες,
2465 3967 2714 4039 πρόϐατα
2763 3967 2855 4022 τοῦ
2902 3967 3033 4040 ᾅδου
3070 3968 3371 4038 γενόμενοι.
3401 3969 3539 4041 Φησὶ
3567 3967 3681 4036 γάρ,

2124 4061 2230 4125 ὅτι,
2259 4072 2281 4107 ι
2313 4057 2404 4123 Ὦς
2431 4058 2679 4131 πρόϐατα
2710 4062 2770 4116 έν
2802 4062 2902 4135 ᾄδῃ
2938 4062 3140 4126 ἔθεντο,
3176 4061 3407 4125 θάνατος
3447 4061 3688 4132 ποιμανεί

2123 4152 2336 4216 αὐτούς.
2366 4172 2385 4207 ι
2423 4153 2535 4207 Καὶ
2573 4153 2744 4218 οὕτως
2772 4156 2839 4209 ὲκ
2870 4154 3121 4225 δευτέρου
3165 4153 3376 4222 γίνεται
3408 4153 3570 4207 πάλιν
3610 4151 3687 4205 διὰ

2123 4245 2225 4316 τῆς
2260 4244 2534 4317 ἁμαρτίας
2565 4246 2599 4317 ἡ
2639 4244 2741 4316 τῆς
2767 4247 2935 4319 τιμῆς
2958 4247 3056 4318 τῆς
3093 4246 3231 4300 κατά
3262 4246 3421 4317 χάριν
3450 4248 3580 4317 ἡμῖν
3601 4260 3685 4314 γε·

2124 4335 2356 4407 νομένης
2382 4335 2727 4407 ἀναισθησία,
2750 4338 2844 4393 καὶ
2884 4338 3021 4407 πρὸς
3046 4337 3138 4391 τὸν
3171 4337 3364 4404 ἄλογον
3393 4336 3508 4407 βίον
3540 4348 3689 4388 κατα·

2124 4427 2287 4497 φορά.
2330 4427 2448 4481 Πᾶν
2491 4426 2600 4500 γὰρ
2637 4429 2697 4482 τὸ
2734 4428 2840 4493 ἔξω
2878 4427 2968 4481 τοῦ
3005 4426 3257 4498 ἀληθινοῦ
3287 4426 3445 4496 λόγου
3484 4424 3689 4497 γινόμε-

2126 4533 2236 4582 νον,
2258 4517 2449 4585 ἀλογία
2475 4517 2643 4576 ἐστίν.
2678 4518 2837 4575 ἰδιον
2864 4520 2921 4573 δὲ
2946 4517 3041 4573 τοῦ
3066 4520 3296 4593 κτήνους
3324 4519 3389 4573 τὸ
3414 4518 3605 4589 ἄλογόν
3634 4529 3685 4570 τι

2128 4604 2224 4659 καὶ
2265 4605 2509 4675 ἀνόητον.

2666 4789 3060 4845 ΚΕΦΑΛΔῙΟΝ
3088 4791 3185 4844 ΙΓ’.

2196 4874 2277 4930 Τὰ
2300 4875 2358 4929 δὲ
2400 4877 2521 4932 καθ’
2551 4877 2780 4932 ἕκαστον
2801 4879 2910 4935 τῶν
2951 4882 3009 4935 ἐν
3036 4883 3102 4951 τῇ
3132 4880 3418 4953 ψαλμῳδὶᾳ
3452 4881 3523 4935 δι’
3548 4881 3689 4951 ἀκρι-

2126 4964 2279 5029 ϐείας
2306 4965 2399 5033 ἐπὶ
2425 4964 2622 5031 λέξεως
2644 4968 3001 5040 ἀναγράφειν,
3028 4970 3280 5042 περιττὸν
3320 4972 3386 5025 ἂν
3414 4973 3524 5043 εἴη,
3568 4970 3688 5025 πολ-

2125 5056 2223 5128 λῆς
2272 5057 2521 5122 εὐκολίας
2552 5057 2718 5129 οὐσης
2771 5058 2848 5129 τῷ
2898 5058 3204 5132 βουλομένῳ
3257 5060 3347 5114 διὰ
3396 5061 3508 5114 τῶν
3550 5063 3687 5131 εἰρη-

2128 5149 2304 5217 μένων
2371 5147 2566 5203 καὶτὰ
2620 5149 2925 5223 παρεθέντα
2976 5151 3333 5221 κατανοῆσαι.
3356 5151 3520 5205 Ὥστε
3548 5150 3686 5204 οὐδὲν

2123 5236 2276 5309 οἶμαι
2321 5240 2431 5294 δεῖν
2481 5242 2742 5312 μηκύνειν
2788 5242 2878 5296 διὰ
2935 5242 3253 5312 πολυλογίας
3298 5245 3389 5298 τὸν
3442 5242 3683 5313 λόγονοῆ

2122 5330 2277 5385 τοῦτο
2323 5332 2483 5402 μόνον
2528 5335 2823 5402 ἀναγκαῖόν
2880 5337 3026 5389 ἐστιν
3079 5337 3435 5391 ἐπαναλαϐεῖν
3479 5340 3546 5391 ὲκ
3591 5336 3686 5391 τῶν

2124 5421 2637 5493 προεξητασμένων,
2659 5426 2738 5479 ὃτι
2760 5424 3049 5497 δι’ἀμφοτέ
3058 5444 3164 5498 ρων
3184 5428 3460 5500 εὐεργετεῖ
3486 5429 3585 5499 τὴν
3603 5429 3686 5481 ἀνι

2123 5511 2400 5584 θρωπίνην
2422 5514 2584 5583 φύσιν
2619 5516 2650 5569 ὁ
2685 5517 2861 5587 μέγας
2905 5517 3090 5582 Δαϐὶδ,
3119 5518 3187 5571 δι’
3215 5511 3291 5571 ὧν
3330 5535 3388 5571 τε
3426 5516 3687 5589 «parum?

2123 5602 2465 5672 συμϐολικῶς
2490 5604 2589 5676 τὴν
2624 5608 2900 5679 σωτηρίαν
2931 5607 3122 5679 ἡμῶν,
3153 5608 3245 5661 καὶ
3273 5607 3339 5661 δι’
3376 5602 3451 5662 ὧν
3487 5603 3686 5660 ὑποδεί-

2120 5709 2281 5747 κνυσι
2310 5695 2422 5757 τοῖς
2450 5695 2759 5767 ἀνθρώποις
2778 5698 2878 5769 τῆς
2907 5698 3189 5768 μετανοίας
3226 5698 3316 5751 τὸν
3340 5698 3560 5768 τρόπον,
3585 5691 3684 5748 οἶόν

2120 5803 2241 5841 τινα
2288 5785 2480 5858 τέχνην
2527 5789 2829 5846 ἐπιϐάλλων
2871 5791 3043 5863 τούτῳ
3079 5792 3153 5864 τῷ
3186 5790 3562 5863 κατορθώματι
3602 5783 3683 5842 διὰ
