3844 6362
188 424 292 481 56!

1054 458 1103 487 ἃς,

1607 432 1675 488 ΙΝ
1711 432 2050 491 PSALMOS.

3349 423 3455 481 562

119 544 127 565 ⁵
192 544 297 617 τῆς
332 542 704 615 πεντηκοστῆς
748 544 1083 618 ψαλμῳδίας,
1109 547 1176 602 δι’
1197 541 1265 623 ἧς
1298 547 1431 620 άλλη
1464 550 1585 620 νίκη
1634 549 1776 603 κατά

1892 549 2027 605 iacto
2043 558 2098 604 et
2129 546 2386 604 laudabili
2422 544 2597 618 operi,
2630 543 2780 601 velut
2820 549 2992 600 artem
3024 539 3316 615 quamdam
3349 543 3452 600 ad-

186 636 289 690 τοῦ
317 634 614 690 ἀντιπάλου
646 637 777 708 ἡμῖν
802 638 1166 710 ὲτοιμάξεται.
1191 638 1264 693 Τὸ
1292 639 1398 712 γάρ
1432 641 1632 695 εἰδέναι
1665 640 1776 697 τῶν

191 726 385 779 κακῶν
414 726 639 790 ἑαυτοὺς
666 727 1035 800 ἐκκαθαίρειν,
1065 733 1165 801 τῆς
1195 729 1475 802 διηνεκοῦς
1506 730 1651 785 κατά
1677 730 1771 785 τοῦ

195 816 394 888 ἐχθροῦ
416 817 572 886 νίκης
596 819 915 890 παρασκευὴ
944 819 1149 889 γίνεται
1176 822 1269 874 καὶ
1301 820 1574 886 ὑπόθεσις.
1605 822 1781 877 Ἀδια-

195 911 419 964 λείπτου
461 910 569 983 γὰρ
618 912 749 982 ἡμῖν
785 910 952 984 οὔσης
981 914 1040 965 ὲν
1076 912 1156 983 τῷ
1195 912 1295 983 βίῳ
1330 914 1430 984 τῆς
1463 914 1642 985 πάλης
1682 915 1782 984 τῆς

201 1002 498 1074 γενομένης
528 1001 665 1073 πρὸς
698 1004 791 1057 τὸν
816 1005 1235 1076 κοσμοκράτορα
1276 1005 1370 1059 τοῦ
1404 1006 1628 1070 σκότους
1655 1005 1780 1059 τού-

194 1111 314 1156 του,
348 1094 443 1146 καὶ⁵
491 1094 627 1164 πρὸς
666 1093 737 1147 τά
775 1094 1125 1166 πνευματικὰ
1149 1095 1250 1167 τῆς
1285 1097 1548 1168 πονηρίας
1572 1098 1631 1150 ὲν
1667 1099 1781 1161 τοῖς

197 1183 545 1256 ἐπουρανίοις
580 1201 596 1216 ο
638 1184 822 1257 ἐπειδὴ
869 1184 928 1238 ἓν
976 1186 1137 1256 μόνον
1189 1185 1635 1257 ἀντιπάλαισμα,
1680 1186 1778 1241 καὶ

198 1276 339 1347 πρὸς
366 1277 547 1329 πᾶσαν
569 1276 919 1346 πειρατηρίου
946 1276 1247 1347 προσϐολὴν
1272 1276 1466 1348 ἔχομεν
1486 1280 1586 1351 τὴν
1615 1281 1781 1351 μετά-

199 1383 387 1430 νοιαν,
426 1369 455 1420 6
488 1366 646 1421 τοῦτο
677 1368 733 1419 ὲν
780 1367 960 1438 ἑαυτῷ
1006 1368 1390 1440 κατορθώσας,
1434 1370 1525 1425 διὰ
1576 1372 1782 1438 παντὸς

200 1458 429 1529 νικητὴς
465 1458 673 1527 γίνεται
693 1457 787 1512 τοῦ
816 1459 902 1513 ἀεὶ
929 1460 1411 1531 προσπαλαίοντος.
1442 1463 1596 1517 Μετὰ
1622 1464 1779 1520 τοῦτο

200 1551 261 1605 δὲ
295 1551 442 1620 καὶὴ
476 1550 683 1622 ἱστορία
722 1552 780 1605 ὲν
808 1554 927 1615 ταῖς
953 1553 1287 1624 ἐπιγραφαῖς
1325 1553 1386 1606 τὸ
1422 1554 1781 1612 ἀνακόλουθον

202 1642 339 1711 ἔχει,
365 1641 529 1695 ἀλλ’ό
576 1640 698 1706 νοῦς
732 1642 869 1713 πρὸς
909 1641 1005 1713 τὴν
1054 1643 1371 1698 ἀκολουθίαν
1427 1648 1777 1718 συνήρτηται.

203 1736 348 1791 Πολὺ
402 1736 508 1807 γὰρ
558 1737 1009 1807 μεταγενέστερον
1048 1736 1107 1789 τὺ
1163 1737 1304 1791 κατὰ
1353 1737 1450 1808 τὴν
1499 1738 1780 1808 Βηρσαϐεέ

202 1826 302 1878 καὶ
336 1824 427 1879 τὸν
460 1826 661 1896 Οὐρίαν
702 1824 894 1894 ἔργον,
924 1823 1019 1878 τοῦ
1059 1825 1201 1879 κατά
1225 1828 1317 1878 τόν
1353 1827 1645 1897 Ἱδουμαῖον
1689 1828 1780 1881 τὸν

204 1916 367 1985 Δωήκ
412 1916 558 1968 ἐστιν
596 1914 658 1968 τὸ
687 1915 951 1987 διήγημα.
984 1915 1154 1969 Τοῦτο
1195 1917 1292 1987 μὲν
1337 1917 1446 1987 γὰρ
1489 1919 1547 1972 ὲν
1590 1919 1785 1988 ἀρχαῖς

203 2006 308 2076 τῆς
356 2004 451 2059 τοῦ
481 2006 652 2060 Σαοὺλ
675 2006 984 2077 τυραννίδος
1014 2007 1250 2074 ἐγένετο,
1293 2008 1471 2061 έκεῖνο
1500 2008 1556 2062 δὲ
1590 2008 1784 2080 μικρὸν

206 2096 317 2169 πρὸ
345 2096 439 2149 τοῦ
464 2096 648 2160 τέλους
669 2097 771 2167 τῆς
793 2097 886 2151 τοῦ
912 2097 1075 2151 Δαϐὶδ
1099 2098 1374 2168 βασιλείας
1399 2099 1616 2172 συνέϐη.
1647 2099 1785 2154 Ἀλλ’

203 2188 269 2241 ού
318 2186 470 2257 μέλει
501 2185 579 2257 τῷ
625 2187 901 2258 Πνεύματι
939 2187 1083 2257 λόγῳ
1132 2188 1231 2260 τῆς
1275 2189 1532 2260 χρονικῆς
1570 2206 1631 2242 τε
1687 2191 1783 2243 καὶ

206 2278 472 2350 σαρκίνης
499 2277 608 2332 τῶν
634 2277 972 2350 πραγμάτων
1003 2278 1227 2344 τάξεως.
1261 2279 1326 2332 Τί
1348 2279 1459 2350 γάρ
1491 2297 1559 2351 με
1592 2279 1785 2334 τοσοῦ-

204 2385 299 2421 τον
350 2366 589 2438 ὀνίνησιν
638 2367 697 2419 ἐν
750 2365 986 2437 πρώτοις
1037 2367 1099 2421 τὸ
1149 2367 1291 2421 κατὰ
1336 2368 1430 2422 τὸν
1490 2369 1786 2440 Ἰδουμαῖον

210 2459 423 2530 μαθεῖν,
454 2459 549 2514 καὶ
580 2457 719 2531 μετά
764 2458 939 2514 ταῦτα
975 2460 1036 2514 τὸ
1081 2461 1222 2516 κατά
1259 2461 1358 2534 τὴν
1386 2463 1666 2536 Βηρσαϐεὲ
1708 2463 1787 2517 δι-

204 2550 469 2623 δαχθῆναι
507 2567 524 2616 ;
767 2608 773 2617 ,

280 2643 374 2704 Τίς
399 2641 567 2714 ἀρετὴ
597 2641 684 2696 διὰ
707 2643 933 2709 τούτου;
962 2643 1089 2698 ποία
1122 2644 1259 2716 πρὸς
1283 2642 1349 2698 τὸ
1377 2647 1623 2717 κρεῖττον
1653 2646 1785 2700 ἀνά-

207 2728 396 2796 ϐασις;
438 2731 523 2795 τίς
575 2732 713 2806 πρὸς
741 2732 838 2803 τὴν
872 2733 982 2787 τῶν
1021 2733 1239 2805 ὑψηλῶν
1279 2734 1585 2807 ἐπιθυμιῶν
1635 2736 1785 2790 διδα-

208 2822 476 2890 exaltari;
526 2825 574 2876 εί
627 2824 683 2878 δὲ
733 2825 917 2896 μαθὼν
945 2826 1015 2879 τά
1052 2827 1110 2879 ὲν
1158 2825 1236 2897 τῷ
1279 2828 1629 2898 πεντηκοστῷ
1681 2847 1786 2901 μυ-

209 2913 431 2984 στήρια,
461 2914 558 2967 ὅσα
586 2914 727 2969 κατὰ
749 2915 810 2969 τὸ
842 2914 1134 2989 βαθύτερον
1160 2917 1402 2989 περιέχει
1433 2919 1462 2972 6
1483 2919 1660 2987 λόγος,
1693 2918 1787 2973 καὶ

212 3002 333 3073 μετ’
366 3004 573 3057 ἐκείνου
615 3006 676 3060 τὸ
710 3005 846 3076 πρὸς
878 3005 976 3078 τὴν
1014 3007 1309 3064 κατάλυσιν
1355 3008 1449 3063 τοῦ
1493 3010 1785 3065 ἀντιπάλου

206 3093 365 3148 δοθὲν
444 3096 575 3166 ἡμῖν
638 3096 928 3168 φάρμακον
1013 3098 1318 3172 διδαχθείην
1352 3142 1367 3167 ,
1435 3103 1492 3155 ὲν
1552 3103 1631 3174 τῷ
1688 3104 1787 3175 τῆς

1879 640 2083 711 dit.per
2111 638 2380 711 psalmum
2419 635 2954 707 quinquagesimum,
3007 650 3123 705 quo
3143 634 3251 689 alia
3285 634 3455 691 victo-

1881 731 1963 785 ria
2013 738 2206 786 contra
2254 729 2627 785 adversarium
2674 727 2834 782 nobis
2883 734 3244 797 praeparatur.
3279 724 3456 783 Nosse

1878 821 2023 877 enim
2056 821 2296 891 seipsum
2342 832 2669 891 expurgare,
2714 817 2862 874 cedit
2895 817 2951 871 in
2997 818 3453 887 praeparationem

1880 921 1935 968 et
1977 911 2543 968 subministrationem
2578 917 2855 981 perpetuae
2900 907 3142 963 victoriae
3181 908 3250 963 ab
3297 908 3457 964 hoste

1879 1002 2239 1074 reportandae.
2290 1001 2424 1057 Nam
2476 1016 2599 1057 cum
2647 1001 2702 1055 in
2755 1000 2862 1055 hac
2897 1000 3007 1054 vita
3057 999 3455 1055 indesinentem

1880 1095 2084 1150 luctam
2150 1096 2431 1165 suscipere
2481 1092 2784 1149 debeamus
2832 1092 3103 1148 adversus
3154 1091 3455 1163 principem

1880 1187 2233 1241 tenebrarhm
2256 1185 2472 1250 harum,
2501 1192 2556 1241 et
2584 1185 2853 1240 adversus
2873 1183 3179 1254 spiritualia
3201 1183 3459 1254 nequitia:

1882 1277 1939 1332 in
1963 1277 2301 1342 coelestibus,
2345 1291 2591 1348 cumque—
2629 1277 2847 1332 unicam
2899 1282 3108 1331 tantum
3163 1273 3456 1331 resistendi

1881 1369 2169 1433 rationem,
2192 1384 2389 1440 nempe
2411 1368 2811 1440 paenitentiam,
2831 1376 2885 1423 et
2903 1368 3123 1439 quidem
3149 1367 3215 1423 ad
3237 1381 3458 1422 omnem

1883 1458 2057 1516 hostis
2102 1460 2412 1515 invadentis
2464 1459 2887 1530 impressionem
2935 1459 3257 1523 habeamus,
3311 1465 3460 1513 certe

1882 1550 1977 1619 qui
2003 1550 2095 1604 illa
2123 1557 2271 1606 recte
2296 1552 2492 1615 utitur,
2528 1552 2575 1606 is
2606 1551 2660 1605 ﬁt
2688 1561 2987 1621 perpetuus
3013 1554 3186 1607 victor
3212 1552 3457 1622 perpetui

1883 1640 2059 1695 nostri
2097 1640 2419 1696 adversarii.
2461 1641 2733 1698 Caeterum
2786 1642 3034 1697 historia:
3071 1644 3125 1696 in
3160 1643 3248 1698 his
3294 1642 3459 1696 etiam

1883 1745 2005 1800 quae
2028 1742 2353 1801 sequuntur,
2378 1731 2514 1789 ordo
2546 1749 2655 1788 non
2687 1740 2924 1797 constat,
2962 1735 3056 1789 sed
3086 1735 3238 1791 solus
3265 1749 3462 1791 sensus

1885 1826 2013 1889 apto
2061 1820 2256 1876 ordine
2306 1836 2587 1877 connexus
2619 1830 2674 1878 et
2727 1824 3029 1893 dispositus
3057 1831 3162 1879 est.
3220 1823 3356 1878 Nam
3405 1825 3459 1879 id

1885 1910 2034 1979 quod
2065 1926 2192 1966 cum
2229 1910 2533 1967 Bethsabee
2564 1921 2619 1968 et
2652 1913 2781 1969 Uria
2814 1915 3014 1970 accidit
3051 1916 3118 1982 ν’,
3158 1916 3321 1986 longe
3362 1932 3461 1987 pe-

1885 2003 2089 2060 sterius
2117 2010 2221 2068 est,
2254 2017 2415 2074 quam
2457 2004 2589 2059 illud
2626 2005 2696 2061 de
2734 2004 2881 2077 Doeg
2909 2006 3164 2073 ldumaeo,
3194 2007 3321 2077 quia
3359 2009 3463 2063 hoc

1884 2093 2043 2149 initio
2075 2094 2381 2165 tyrannidis
2424 2091 2608 2150 Saulis
2639 2096 2874 2163 accidit;
2932 2095 3067 2150 illud
3121 2096 3287 2167 paulo
3336 2105 3462 2150 ante

1886 2183 2049 2239 ﬁnem
2099 2184 2251 2253 regni
2300 2182 2470 2238 David
2493 2184 2572 2239 3':
2626 2186 2720 2240 sed
2770 2186 3085 2254 temporalis
3125 2195 3178 2241 et
3223 2187 3461 2241 carnalis

1885 2290 2066 2330 rerum
2092 2274 2226 2330 ordo
2249 2274 2476 2344 Spiritui
2497 2286 2691 2331 sancto
2720 2290 2829 2331 non
2849 2285 2933 2332 est
2957 2290 3123 2332 curae.
3148 2276 3286 2343 Quid
3314 2278 3460 2332 enim

1885 2367 2137 2423 utilitatis
2181 2366 2308 2422 inde
2342 2367 2412 2421 ad
2462 2382 2549 2423 me
2599 2367 2826 2431 rediret,
2884 2368 2930 2423 si
2972 2369 3207 2440 priurum
3243 2368 3460 2439 quidem

1885 2463 2145 2519 edoceret
2173 2478 2256 2529 ea,
2288 2478 2409 2534 quae
2436 2477 2563 2517 cum
2593 2460 2828 2516 ldumaeo
2866 2462 3238 2534 contigerunt,
3272 2468 3462 2532 postea

1884 2553 1998 2617 illa,
2025 2568 2153 2623 quas
2174 2568 2310 2608 cum.
2330 2551 2666 2608 Bethsabee?

1957 2645 2088 2711 Quae
2126 2660 2223 2715 per
2252 2644 2368 2698 hac
2394 2643 2569 2700 virtus
2597 2643 2730 2698 mihi
2758 2644 3210 2714 compararetur?
3244 2657 3367 2712 quae
3396 2641 3464 2695 ad

1885 2736 2114 2791 meliora
2167 2733 2458 2789 ascensio?
2505 2748 2627 2803 quae
2670 2734 2923 2789 doctrina
2972 2736 3040 2789 ad
3080 2734 3461 2790 sublimior-um

1886 2826 2285 2898 cupiditatem?
2345 2825 2393 2882 si
2457 2840 2587 2882 vero
2644 2825 2852 2882 discam
2907 2827 2962 2882 in
3010 2826 3465 2898 quinquagesimo

1887 2920 2100 2990 psalmo
2134 2920 2414 2991 mysteria,
2456 2934 2577 2990 quas
2596 2919 2650 2973 in
2674 2934 2740 2974 eo
2762 2919 2946 2975 abdita
2977 2920 3170 2985 latent,
3198 2925 3253 2972 et
3277 2924 3465 2987 postea

1888 3009 1958 3065 ad
1986 3012 2326 3066 eversionem
2352 3010 2653 3067 adversarii
2681 3009 2871 3065 datum
2906 3009 3067 3065 nobis
3096 3009 3466 3065 medicamen-

1890 3111 2006 3158 tum
2049 3104 2103 3156 in
2137 3103 2232 3157 illo
2272 3103 2615 3173 paenitentia
2641 3117 2896 3158 sermone
2927 3102 3242 3172 intelligam,
3285 3107 3343 3155 ut
3372 3114 3468 3170 per

213 3185 503 3256 μετανοὶας
543 3185 685 3258 λόγῳ
706 3228 722 3253 ,
776 3187 917 3242 ὥστε
955 3189 1045 3244 διὰ
1074 3190 1263 3245 τούτου
1293 3210 1361 3263 με
1405 3192 1632 3247 πάντοτε
1661 3195 1787 3268 νίκῃ

247 3280 274 3296 θ
372 3295 377 3296 ,
429 3277 440 3296 !
488 3295 495 3296 κ
522 3295 529 3296 ,
546 3275 571 3287 "’
613 3281 625 3296 I
677 3280 701 3296 Λ
754 3277 803 3296 νυ
965 3280 1051 3296 Ala
1118 3281 1142 3296 Λ
1191 3282 1204 3296 ι
1400 3284 1413 3296 ι
1458 3286 1471 3296 ι
1683 3286 1736 3296 ..Α

1892 3193 1996 3247 hoc
2016 3206 2104 3246 me
2121 3206 2339 3262 semper
2363 3191 2605 3247 victoriae
2628 3199 2820 3247 contra
2842 3190 3054 3246 hostem
3079 3190 3467 3258 assuefaciam,

207 3280 277 3348 τῇ
312 3277 453 3332 κατὰ
478 3275 572 3331 τοῦ
610 3277 805 3351 ὲχθροῦ
835 3280 1204 3346 συνεθίζεσθαί
1236 3301 1297 3337 τε
1329 3284 1423 3338 καὶ
1454 3286 1792 3356 ἐγγυμνάζε-

210 3370 358 3437 σθαι,
392 3369 668 3442 σκόπησον
715 3371 862 3436 ὅπως
909 3372 1221 3443 προσϐαίνω
1245 3375 1386 3430 κατά
1414 3375 1478 3430 τό
1503 3377 1792 3433 ἀκόλουθον

208 3462 278 3530 τῇ
323 3461 522 3531 ἐφεξῆς
565 3462 757 3529 ἀνόδῳ,
813 3463 969 3535 νίκην
1022 3466 1087 3518 ἐκ
1132 3465 1289 3536 νίκης
1341 3468 1790 3540 μεταλαμδάνων.

223 3552 634 3624 ’Δναγνώσομαι
679 3554 735 3608 δέ
768 3572 851 3610 σοι
885 3555 988 3626 τῆς
1022 3557 1300 3629 ἱστορικῆς
1345 3559 1656 3630 ἐπιγραφῆς
1695 3560 1793 3632 τὴν

150 3664 154 3667 ·
210 3643 533 3697 ἀκολουθίαν
561 3642 789 3715 ἔχουσαν
819 3644 992 3709 οὕτως
1015 3661 1028 3675 ·
1085 3663 1103 3696 ι
1132 3648 1223 3710 Et;
1248 3647 1309 3700 τὺ
1336 3647 1490 3711 τέλος
1526 3649 1793 3715 συνέσεως

210 3734 293 3805 τῷ
320 3735 501 3801 Δαϐὶδ,
530 3738 588 3789 ὲν
615 3735 695 3807 τῷ
723 3736 901 3791 ἐλθεῖν
929 3737 1090 3809 Δωὴκ
1108 3737 1199 3793 τὸν
1241 3739 1555 3811 Ἰδουμαῖον,
1580 3741 1674 3796 καὶ
1702 3743 1794 3795 ἀν-

210 3824 462 3893 αγγεῖλαι
492 3823 568 3895 τῷ
606 3825 798 3891 Σαοὺλ,
845 3828 941 3881 καὶ
978 3830 1151 3884 εἰπεῖν
1194 3830 1362 3901 αὐτῷ,
1388 3826 1591 3885 τΗλθεν
1631 3830 1794 3884 Δαῦὶδ

210 3917 294 3978 είς
326 3915 417 3968 τὸν
465 3911 613 3970 οἷκον
656 3916 961 3990 Ἀϐιμέλεχ.
1001 3938 1020 3973 ι
1076 3921 1154 3974 Δι’
1202 3915 1277 3976 ὧν
1319 3921 1662 3994 διδάσκομαι,
1712 3923 1793 3975 ὅτι

209 4005 374 4061 τοῦτο
400 4008 498 4077 μὲν
538 4009 618 4072 εἰς
659 4008 721 4061 τὸ
761 4009 913 4073 τέλος
937 4011 1038 4079 τῆς
1064 4011 1220 4084 νίκης
1248 4013 1391 4083 ἄγει,
1423 4015 1551 4069 ὅταν
1582 4013 1796 4079 σύνεσις

211 4100 535 4170 καθηγεῖται
581 4100 674 4154 τοῦ
716 4100 829 4172 βίου
855 4143 870 4164 ,
914 4103 1039 4157 καθ’
1076 4105 1368 4178 ὁμοιότητα
1408 4105 1502 4160 τοῦ
1556 4107 1794 4178 μεγάλου

211 4191 394 4246 Δαϐίδ.
438 4194 550 4247 Καὶ
602 4194 722 4248 τότε
753 4194 986 4266 μάλιστα
1026 4196 1184 4251 λυπῶ
1232 4198 1323 4252 τὸν
1360 4199 1521 4271 Δωὴκ
1564 4200 1658 4256 τὸν
1693 4201 1795 4272 τῆς

211 4284 359 4354 ἐμῆς
408 4285 682 4357 σωτηρίας
723 4285 1022 4359 τύραννον,
1060 4291 1120 4343 ὲν
1168 4289 1247 4362 τῷ
1294 4290 1432 4363 οἴκῳ
1463 4290 1558 4346 τοῦ
1606 4294 1797 4365 ἱερέως

210 4374 526 4446 γενόμενος,
570 4378 664 4432 καὶ
689 4378 817 4433 ὅταν
846 4379 1086 4450 ἡμιόνων
1118 4381 1422 4454 ὑπηρέτης,
1469 4383 1667 4453 μηκέτι
1704 4402 1795 4456 μοι

211 4467 357 4520 κατὰ
399 4466 687 4536 πρόσωπον
720 4469 1130 4540 συμπλέκεσθαι
1156 4470 1384 4544 δύναμιν
1413 4472 1577 4545 ἔχων,
1618 4475 1796 4547 λάθρα

1891 3293 1946 3339 et
1972 3282 2027 3337 in
2050 3296 2115 3337 ea
2149 3297 2235 3337 me
2265 3277 2574 3348 exerceam,
2609 3283 2812 3338 mirum
2844 3282 2994 3337 dictu
3017 3290 3121 3347 est,
3146 3296 3309 3352 quam
3340 3289 3478 3350 apto

1893 3383 1948 3431 et
1968 3375 2331 3431 conveniente
2354 3376 2547 3432 ordine
2571 3374 2829 3431 accedam
2856 3374 2921 3430 ad
2947 3381 3264 3444 sequentem
3288 3388 3472 3429 ascen-

1893 3482 2038 3533 sum,
2077 3467 2364 3522 victoriam
2397 3482 2461 3522 ει
2491 3466 2721 3521 victoria
2759 3473 3071 3537 reportans.
3109 3464 3310 3536 Legam
3342 3478 3479 3519 vero-

1895 3555 1992 3609 tibi
2036 3555 2210 3625 ipsam
2249 3554 2527 3609 historica:
2557 3554 2939 3625 inscriptionis
2976 3555 3197 3619 seriem,
3239 3569 3369 3624 quae
3390 3555 3472 3609 sic

1894 3646 2096 3700 habet:
2140 3644 2238 3699 «ln
2284 3645 2445 3700 ﬁnem
2487 3646 2800 3706 intellectus
2833 3644 3023 3709 David,
3073 3646 3294 3716 quando
3323 3645 3474 3701 venit

1896 3735 2043 3806 Doeg
2067 3736 2354 3799 ldutnaaus,
2386 3742 2441 3789 et
2470 3735 2819 3789 annuntiavit
2844 3732 2994 3789 Sauli
3020 3742 3075 3789 et
3103 3734 3272 3789 dixit:
3312 3732 3475 3789 Venit

1897 3827 2066 3882 David
2119 3826 2175 3881 in
2228 3827 2450 3881 domum
2505 3825 2877 3881 Ahimelech.»
2935 3826 3147 3892 Quibus
3185 3826 3472 3892 docemur,
3515 3862 3528 3876 .

1899 3928 2011 3973 tum
2033 3917 2099 3972 ad
2121 3916 2283 3973 ﬁnem
2310 3917 2555 3973 victoriae
2586 3917 2883 3987 perveniri,
2915 3917 3138 3987 quando
3162 3916 3474 3972 intellectus

1897 4012 2066 4068 vitam
2094 4011 2232 4083 regit
2255 4010 2555 4066 secundum
2580 4008 2995 4064 similitudinem
3023 4010 3204 4080 magni
3230 4008 3473 4075 Davidis,

1898 4112 2125 4174 tumque
2176 4103 2412 4157 maxime
2460 4101 2683 4158 tristitia
2729 4099 2866 4157 allici
2908 4102 3055 4172 Doeg
3100 4102 3297 4159 salutis
3343 4116 3477 4157 mea:

1899 4197 2136 4263 hostem,
2200 4196 2420 4268 quando
2465 4195 2520 4251 in
2578 4196 2742 4251 domo
2804 4195 3107 4251 sacerdotis
3151 4209 3361 4261 versor,
3421 4202 3477 4250 et

1898 4289 2118 4360 quando
2166 4290 2443 4345 mulorum
2498 4287 2736 4343 famulus
2775 4302 2887 4342 non
2912 4287 3148 4356 amplius
3188 4295 3375 4357 aperte
3424 4294 3480 4342 et

1900 4379 2079 4448 palam
2131 4392 2344 4433 mecum
2378 4377 2635 4448 congredi
2669 4377 2854 4442 audet,
2912 4376 3010 4432 sed
3038 4377 3254 4433 occulte
3279 4384 3476 4433 contra

1900 4484 1987 4525 me
2027 4468 2258 4525 insidias
2304 4469 2455 4533 texit,
2482 4469 2613 4524 dum
2643 4468 2850 4523 indicat
2894 4469 2942 4523 ei
2969 4469 3061 4538 qui
3092 4470 3295 4524 eaedem
3342 4468 3480 4525 mihi

210 4558 338 4612 κατ’
381 4558 514 4628 ἐμοῦ
548 4559 644 4632 τὴν
673 4561 965 4634 ὲπιὸουλὴν
1008 4562 1354 4634 ἐξαρτύεται,
1398 4565 1477 4636 τῷ
1507 4569 1628 4621 κατ’
1659 4567 1788 4638 ἐμοῦ

1899 4561 2262 4627 machinatur,
2284 4574 2459 4615 meam
2483 4559 2537 4613 in
2566 4558 2871 4615 sacerdotis
2894 4558 3059 4613 domo
3089 4559 3480 4613 commoratio-
3512 4616 3520 4639 .

212 4649 469 4720 φονῶντι,
518 4652 618 4720 τὴν
669 4652 824 4724 παρά
864 4654 944 4725 τῷ
1003 4657 1140 4727 ἱερεῖ
1178 4656 1452 4730 διαγωγήν
1489 4676 1592 4729 μου
1633 4677 1799 4714 κατα-

214 4740 461 4811 μηνύων.
504 4743 671 4813 Δῆλον
701 4744 744 4797 δ’
771 4743 839 4798 ἂν
885 4745 970 4815 εἴη
1009 4745 1152 4811 τίνες
1191 4749 1328 4802 εἰσὶν
1367 4750 1423 4803 αί
1458 4749 1689 4822 ἡμίονοι,
1723 4745 1800 4808 ὧν

210 4835 500 4887 ἐπιστατεῖ
529 4828 681 4899 οὗτος
704 4837 732 4888 6
773 4834 1087 4907 Ἰδουμαῖος,
1114 4839 1143 4891 6
1169 4838 1274 4909 τὴν
1306 4838 1498 4907 ἄγονον
1528 4840 1800 4912 βουκολῶν

210 4924 400 4995 φύσιν,
428 4926 486 4980 ὲν
582 4925 675 4980 τοῦ
716 4925 852 4980 Θεοῦ
888 4929 923 4997 ή
960 4927 1180 4997 εὐλογία
1212 4930 1376 4984 τόπον
1407 4932 1506 5002 οὐχ
1538 4924 1721 5004 εὗρεν,
1759 4933 1796 5005 ἦ

210 5033 382 5085 φησιν
410 5014 471 5081 ἐξ
512 5017 684 5087 ἀρχῆς
727 5016 820 5071 τὸν
849 5017 1167 5089 πληθυσμὸν
1199 5019 1471 5075 ὲντιθεῖσα
1504 5024 1570 5093 τῇ
1602 5021 1798 5088 κτίσει,

209 5107 317 5171 δτι,
362 5125 380 5159 ι
410 5106 716 5171 Αὐξάνεσθε
755 5107 850 5161 καὶ
878 5107 1238 5179 πληθύνεσθε.
1273 5129 1293 5163 ι
1331 5112 1405 5165 Οὐ
1439 5111 1548 5181 γὰρ
1580 5113 1643 5165 ὲκ
1669 5111 1803 5166 Θεοῦ

210 5203 243 5254 6
277 5199 601 5271 πληθυσμὸς
624 5202 690 5271 τῇ
721 5200 893 5273 κακίᾳ.
915 5218 929 5233 '
973 5201 1051 5266 ὡς
1077 5202 1199 5257 οὐδὲ
1228 5203 1286 5270 ἐξ
1313 5203 1559 5275 ἀλλήλων
1584 5206 1737 5260 ἐστὶν
1768 5207 1802 5277 ἡ

208 5291 309 5346 τοῦ
340 5291 533 5360 γένους
553 5291 663 5345 τῶν
693 5292 930 5364 ἡμιόνων
961 5294 1202 5367 διαδοχὴ,
1226 5295 1341 5349 ἀλλ’
1372 5295 1462 5351 ἀεὶ
1493 5301 1809 5370 καινοτομεῖ

208 5382 276 5436 τὸ
304 5381 446 5447 ζῶον
477 5384 511 5453 ἡ
555 5380 718 5452 φύσις
761 5382 822 5436 τὺ
854 5382 929 5456 μὴ
974 5383 1033 5437 ὃν
1077 5386 1136 5438 ὲν
1174 5387 1242 5456 τῇ
1283 5385 1458 5440 κτίσει
1494 5385 1561 5439 δι’
1601 5389 1803 5461 ἑαυτῆς

212 5470 725 5543 παρασοφιζομένη,
747 5474 842 5526 καὶ
858 5475 1290 5546 παρεισάγουσα.
1315 5476 1483 5549 Δῆλον
1503 5477 1561 5530 δὲ
1584 5478 1803 5545 πάντως

209 5560 302 5617 διὰ
326 5559 438 5614 τῶν
466 5561 773 5632 εἰρημένων
807 5564 927 5617 ἐστὶ
956 5566 1093 5635 πρὸς
1138 5565 1261 5620 τίνα
1314 5568 1520 5624 σκοπὸν
1553 5568 1739 5641 βλέπει
1770 5573 1802 5625 6

207 5649 395 5721 λόγος.
434 5650 498 5705 Εἰ
534 5650 644 5724 γὰρ
676 5652 853 5707 πάντα
897 5656 1001 5709 ὅσα
1044 5657 1303 5729 ἐποίησεν
1338 5660 1367 5712 ό
1413 5657 1617 5731 Κύριος
1660 5661 1800 5716 καλὰ

282 5830 336 5866 ⁸⁷
368 5830 415 5887 ll
463 5830 595 5906 Reg.
629 5846 691 5900 ιι,
738 5832 775 5887 2
799 5846 919 5904 sqq.
995 5834 1040 5867 "
1071 5833 1247 5906 lReg.
1276 5851 1415 5904 ml,
1458 5837 1493 5893 9.
1531 5854 1652 5910 sqq.

1902 4664 2050 4704 nem.
2098 4648 2294 4720 Liquet
2344 4665 2510 4720 porro
2540 4649 2763 4720 quinam
2797 4649 2909 4705 sint
2957 4650 3111 4718 muli,
3143 4651 3347 4720 quibus
3377 4651 3481 4707 iste

1900 4738 2172 4796 ldumzeus
2208 4749 2427 4812 praeest,
2483 4742 2577 4811 q-ui
2624 4741 2971 4797 infecundam
3038 4743 3185 4797 illam
3229 4751 3480 4798 naturam

1903 4830 2109 4902 pascit,
2139 4832 2194 4886 in
2247 4847 2353 4902 qua
2397 4833 2580 4887 locum
2626 4847 2737 4887 non
2794 4832 2963 4887 habet
3010 4831 3106 4888 Dei
3146 4824 3480 4899 benedictio,

1905 4938 2068 4993 quam
2121 4924 2348 4993 protulit
2397 4922 2466 4978 ab
2513 4922 2690 4989 initio,
2745 4938 2871 4977 cum
2905 4932 3215 4979 creaturam
3269 4925 3322 4978 vi
3361 4940 3484 4980 sese

1903 5013 2301 5084 multiplicandi
2329 5013 2559 5069 donaret
2581 5013 2668 5069 his
2697 5014 2907 5070 verbis:
2948 5033 2969 5065 ι
2989 5014 3236 5071 Crescite
3261 5024 3313 5069 et
3341 5015 3483 5068 mul-

1902 5104 2349 5177 tiplicamini".i
2410 5102 2553 5159 Nam
2607 5104 2993 5176 multiplicatio
3045 5105 3266 5159 malitiae
3298 5119 3328 5157 a
3374 5103 3483 5159 Deo

1900 5214 2013 5254 non
2050 5197 2437 5269 proﬁciscitur.
2473 5195 2660 5267 Itaque
2689 5211 2869 5266 neque
2903 5212 2968 5251 ex
2996 5212 3055 5252 se
3079 5205 3270 5249 mutuo
3307 5195 3485 5250 mulo-

1901 5306 2024 5346 rum
2057 5305 2230 5360 genus
2263 5289 2535 5355 nascitur,
2566 5288 2663 5344 sed
2695 5296 2890 5343 natura
2926 5302 3142 5358 semper
3176 5300 3315 5341 nova
3345 5300 3483 5357 qua-

1905 5385 2031 5441 dam
2071 5383 2283 5440 ratione
2324 5388 2650 5454 progenerat
2690 5382 2794 5436 hoc
2833 5379 3057 5440 animal.
3106 5378 3159 5434 id
3202 5376 3479 5440 videlicet,

1908 5476 2056 5549 quod
2085 5477 2141 5532 in
2171 5484 2367 5531 natura
2404 5490 2513 5529 non
2537 5482 2641 5537 est,
2675 5479 2870 5544 suopte
2891 5469 3110 5540 ingenio
3148 5467 3305 5541 quasi
3336 5484 3485 5525 com-

1907 5570 2210 5626 miniscens
2243 5575 2299 5625 et
2333 5566 2791 5639 superinducens.
2827 5562 2904 5618 Ex
2935 5562 3096 5618 dictis
3144 5569 3327 5617 autem
3361 5576 3484 5616 om-

1904 5662 2038 5718 nino
2089 5661 2437 5735 perspicuum
2501 5656 2765 5726 arbitror,
2814 5668 3081 5729 quorsum
3133 5654 3250 5711 haec
3298 5652 3485 5715 tendat

1765 5839 1810 5873 ⁶⁹
1836 5839 1969 5896 Gen.
2006 5857 2046 5908 ι,
2074 5839 2168 5895 28.
