3844 6352
497 401 603 458 565

1766 401 1823 458 S.
1865 398 2067 458 GREC!

2176 401 2195 456 ι
2223 399 2267 454 Ν
2274 400 2519 458 YSSENI
3634 395 3720 449 53$

500 516 708 572 oratio:
759 513 806 568 si
854 500 996 569 enim
1045 512 1228 567 omnia
1274 526 1394 582 quae
1427 510 1688 569 Dominus
1733 512 1881 577 fecit,
1926 513 2065 568 bona

2174 511 2307 578 λίαν,
2350 515 2384 585 ἡ
2433 513 2490 567 δὲ
2536 512 2757 585 ἡμίονος
2805 514 2911 581 ἔξω
2949 512 3046 567 τοῦ
3077 513 3377 582 καταλόγου
3421 513 3533 568 τῶν
3577 516 3630 568 ἐν
3669 519 3721 585 τῇ

496 604 655 660 valde
681 614 830 668 sunt,
876 604 1057 660 mulus
1102 618 1231 660 vero
1272 611 1426 660 extra
1472 618 1698 661 censum
1747 611 1801 660 et
1834 603 2070 660 classem

496 711 685 751 eorum
725 702 829 760 est,
864 710 988 765 quae
1027 695 1083 749 in
1113 696 1390 751 creatione
1430 703 1559 752 sunt
1582 694 1822 761 condita,
1854 693 2069 766 perspi-

495 803 660 842 cuum
691 802 824 843 sane
857 788 938 852 lit,
966 787 1034 842 ad
1066 788 1326 842 malitiam
1360 787 1843 845 demonstrandam
1870 802 2069 841 nomen

495 879 597 933 hoc
623 893 651 931 a
677 893 832 934 saera
864 878 1094 933 historia
1137 885 1456 949 usurpatum
1490 893 1632 935 esse.
1662 878 1850 949 Neque
1896 893 1927 933 a
1961 876 2070 933 Deo

493 969 662 1039 igitur
707 969 1072 1025 substantiam
1116 970 1299 1038 habet,
1336 985 1516 1040 neque
1545 987 1669 1027 cum
1704 971 1762 1027 fit
1803 987 1868 1027 eo
1907 970 2070 1026 modo

496 1074 607 1129 quo
660 1058 738 1124 fit,
779 1059 985 1115 sufficit
1032 1060 1153 1130 ipse
1186 1061 1289 1117 sibi
1326 1075 1423 1131 per
1448 1077 1603 1118 suam
1656 1062 2068 1119 subsistentiam

496 1152 563 1206 ad
593 1152 673 1208 sui
703 1153 1201 1208 conservationem.
1231 1152 1697 1219 Quemadmodum
1719 1155 1863 1209 enim
1894 1153 2071 1208 mulo-

495 1260 616 1299 rum
646 1252 840 1299 natura
893 1246 1130 1315 seipsam
1170 1260 1266 1315 per
1312 1246 1548 1316 seipsam
1602 1262 1712 1303 non
1755 1252 2066 1310 conservat,

495 1333 575 1388 sic
601 1349 779 1404 neque
811 1334 1015 1389 malitia
1055 1334 1292 1404 seipsam
1332 1336 1580 1391 durando
1612 1349 1940 1392 conservare
1973 1349 2069 1405 po-

496 1430 623 1479 test.
648 1422 752 1476 Sed
780 1434 1045 1494 perpctuo
1060 1439 1124 1479 ex
1149 1425 1255 1479 alio
1276 1426 1532 1497 quapiam
1557 1427 1821 1491 exoritur,
1846 1424 2067 1497 quando

497 1514 586 1567 illa
620 1516 836 1571 excelsa
863 1524 919 1571 et
954 1517 1212 1572 volubilis
1247 1518 1445 1573 animae
1473 1529 1677 1575 nostra-
1707 1535 1836 1590 pars
1870 1519 1938 1574 ad
1967 1534 2069 1575 cu-

495 1605 773 1671 piditatem
805 1614 1036 1663 terrenae
1069 1615 1123 1664 et
1168 1610 1502 1667 irrationalis
1546 1611 1949 1681 coniunctionis
1974 1614 2069 1671 de-

498 1696 723 1751 labitur.
759 1697 901 1768 Ergo
945 1698 1247 1770 alienigena
1289 1701 1379 1757 ille
1422 1699 1590 1773 Doeg,
1629 1703 1855 1761 nuntius
1887 1704 2068 1763 Saulis

498 1796 688 1843 contra
720 1787 998 1855 Davidem,
1037 1790 1313 1847 infecundi
1340 1794 1522 1864 gregis
1553 1795 1824 1850 mulorum
1856 1807 2063 1868 pastor,

493 1880 771 1937 alius'non
803 1891 907 1948 est,
941 1899 1103 1952 quam
1133 1886 1311 1940 malus
1343 1887 1590 1957 angelus,
1622 1888 1716 1957 qui
1758 1903 1854 1957 per
1886 1890 2067 1945 varias

495 1975 707 2044 peccati
761 1975 1100 2045 affectiones,
1154 1994 1330 2049 genus
1381 1979 1682 2035 humanum
1736 1981 1803 2036 ad
1862 1983 2070 2038 scelera

496 2068 785 2136 pertrahit,
816 2071 910 2138 qui
942 2072 1164 2140 quando
1194 2071 1390 2128 viderit
1419 2072 1656 2144 aliquem
1679 2088 1804 2130 esse
1829 2075 1885 2129 in
1906 2074 2072 2130 domo

493 2159 609 2213 veri
650 2162 976 2225 sacerdotis,
1016 2177 1252 2233 eumque
1283 2164 1522 2219 stimulis
1556 2165 1830 2220 mulorum
1871 2180 2071 2235 percu-

493 2258 611 2305 tere
657 2252 984 2321 nequiverit,
1030 2261 1163 2309 tunc
1212 2256 1431 2310 nuntiat
1476 2255 1533 2309 id
1580 2255 1812 2326 principi
1851 2256 2072 2311 malitiae

495 2342 727 2411 spiritus
776 2345 1058 2412 Operantis
1103 2345 1159 2399 in
1197 2345 1322 2402 filiis
1372 2345 1706 2402 difﬁdentiae.
1743 2346 1843 2404 llle
1887 2357 2069 2403 autem

496 2433 626 2487 altis
674 2432 955 2490 radicibus
1010 2436 1169 2502 actis,
1218 2444 1279 2491 ut
1323 2439 1464 2493 oliva
1500 2437 1781 2494 fructifera
1820 2440 1872 2493 in
1909 2440 2073 2495 domo

494 2518 732 2587 Domini,
774 2522 900 2578 illos
927 2530 1117 2577 contra
1149 2531 1444 2595 tyrannum
1479 2527 1719 2582 instituit
1766 2543 2069 2595 sermones,

495 2627 637 2679 quos
670 2611 724 2665 in
758 2613 973 2683 psalmo
999 2615 1333 2681 audivimus,
1361 2632 1485 2672 cum
1516 2619 1627 2672 ait:
1669 2618 1849 2685 (Quid
1878 2619 2072 2690 gloria-

495 2704 572 2759 ris
607 2704 663 2758 in
709 2705 942 2773 malitia,
992 2706 1085 2777 qui
1134 2716 1331 2779 potens
1366 2724 1425 2765 es
1454 2711 1510 2764 in
1547 2711 1869 2781 iniquitate?
1896 2712 2070 2781 Cujus

491 2794 680 2865 lingua
718 2804 824 2865 est,
876 2798 1021 2852 sicut
1072 2800 1341 2855 novacula
1387 2810 1568 2865 acuta,
1596 2821 1615 2853 ›
1659 2804 1901 2872 spolians
1948 2818 2065 2869 eos,

493 2901 634 2956 quos
664 2888 929 2959 tetigerit,
971 2890 1181 2946 honore
1210 2898 1264 2946 et
1301 2891 1501 2948 decore
1543 2893 1798 2959 crinium,
1848 2896 2069 2950 abscin-

492 2977 741 3048 densque
770 2988 975 3049 septem
1022 2980 1145 3037 illos
1175 2982 1499 3053 capillorum
1542 2999 1739 3052 nexus,
1780 2986 1835 3039 in
1867 2986 2070 3055 quibus

2172 602 2348 654 κτίσει
2373 602 2673 670 γεγονότων
2693 601 2861 668 ἐστὶν,
2880 602 3036 674 δῆλον
3056 601 3121 656 ἂν
3146 604 3254 675 εἴη,
3278 603 3362 656 ὅτι
3384 602 3529 675 πρὸς
3550 606 3723 667 κακίας

2173 691 2394 759 ἔνδειξιν
2433 692 2493 745 τὸ
2528 692 2698 763 ὄνομα
2726 694 2886 746 τοῦτο
2932 693 3036 747 ὑπὸ
3068 694 3166 764 τῆς
3205 694 3445 765 ἱστορίας
3484 694 3724 765 παρείλη-

2173 801 2322 837 πται.
2360 782 2496 837 Οῦτε
2526 785 2590 837 ἐκ
2618 783 2753 837 Θεοῦ
2780 781 2874 838 οὖν
2900 785 2997 857 τὴν
3020 784 3251 854 ὓπαρξιν
3275 786 3409 856 ἔχει,
3442 784 3565 838 οὔτε
3598 803 3725 854 γενο-

2176 863 2311 945 μένη
2342 874 2417 939 ὡς
2452 875 2660 943 γίνεται
2681 875 2894 946 διαρκεῖ
2924 879 2991 948 τῇ
3016 876 3308 951 ὑποστάσει
3344 877 3484 947 πρὸς
3505 876 3565 930 τὸ
3593 876 3722 930 ἴδιον.

2184 968 2271 1031 Ὡς
2331 967 2439 1040 γὰρ
2497 969 2557 1021 ού
2611 970 2863 1039 συντηρεῐ
2922 968 2989 1021 δι’
3055 969 3252 1040 ἐαυτῆς
3302 968 3505 1039 ἑαυτὴν
3536 970 3570 1039 ἡ
3626 967 3717 1021 τῶν

2174 1060 2412 1131 ἡμιόνων
2444 1060 2638 1130 φύσις,
2676 1058 2848 1124 οὕτως
2890 1061 3012 1114 οῦδέ
3042 1061 3076 1130 ἡ
3122 1060 3290 1114 κακία
3329 1061 3483 1131 μένει
3516 1058 3652 1113 κατά
3676 1058 3727 1112 τὸ

2170 1154 2417 1224 διηνεκὲς
2449 1155 2586 1225 αὐτῇ
2634 1154 3036 1224 φυλασσομένη,
3084 1153 3219 1207 ἀλλά
3262 1154 3496 1207 πάντοτε
3542 1152 3726 1220 γίνεται

2174 1247 2265 1299 ὑπ’
2289 1245 2448 1301 ἄλλου
2473 1246 2902 1317 ζωογονουμένη,
2933 1247 3059 1301 ὅταν
3081 1244 3141 1298 τὸ
3162 1244 3401 1313 εὐγενὲς,
3429 1245 3528 1296 καὶ
3548 1244 3726 1316 γαῦρον

2170 1339 2270 1409 τῆς
2306 1341 2363 1392 ἐν
2397 1340 2527 1411 ἡμῖν
2554 1338 2788 1409 φύσεως,
2838 1341 2931 1394 καὶ
2958 1341 3117 1410 ταχὺ,
3148 1341 3242 1393 καί⁵
3279 1338 3584 1408 ὑψαύχενον
3611 1338 3727 1407 πρὸς

2171 1429 2465 1500 ἐπιθυμίαν
2496 1429 2594 1499 τῆς
2621 1429 2856 1492 ἀνώδους
2882 1446 2942 1483 τε
2983 1430 3079 1483 καὶ
3107 1429 3302 1496 ἀλόγου
3332 1427 3598 1494 συζυγίας
3619 1444 3726 1480 κατ-

2171 1523 2451 1595 ολισθήσῃ.
2500 1523 2559 1576 '0
2599 1521 2774 1575 τοίνυν
2810 1520 3103 1590 ἀλλόφυλος
3135 1522 3342 1583 ἐκεῖνος
3385 1519 3551 1591 Δωὴκ
3581 1522 3610 1573 ὁ
3648 1517 3724 1571 τοῦ

2171 1613 2345 1668 Σαοὺλ
2394 1614 2532 1668 κατά
2584 1612 2678 1667 τοῦ
2724 1612 2887 1666 Δαϐὶδ
2930 1612 3218 1683 γενόμενος
3265 1609 3537 1680 ἄγγελος,
3587 1611 3616 1662 ὁ
3646 1609 3725 1677 τῆς

2170 1709 2365 1777 ἀγόνου
2417 1707 2619 1779 ἀγέλης
2665 1706 2774 1761 τῶν
2821 1707 3058 1778 ἡμιόνων
3087 1706 3306 1775 νομεὺς,
3335 1705 3439 1757 οὐκ
3470 1704 3537 1758 ἂν
3564 1702 3723 1771 ἕτερος

2099 1847 2144 1903 Β
2171 1800 2254 1870 εἴη
2291 1799 2441 1870 παρά
2465 1799 2553 1851 τὸν
2582 1798 2815 1869 πονηρὸν
2844 1794 3094 1865 ἄγγελον,
3112 1794 3203 1847 τὸν
3228 1793 3315 1847 διὰ
3343 1791 3457 1903 τών
3495 1790 3724 1903 ποικίλων

2170 1893 2272 1963 τῆς
2326 1891 2599 1962 ἁμαρτίας
2646 1889 2986 1959 παθημάτων
3032 1887 3129 1958 τὴν
3179 1884 3529 1957 ἀνθρωπίνην
3572 1880 3724 1961 ψυχὴν

2174 1983 2310 2053 πρὸς
2339 1982 2400 2034 τὸ
2428 1981 2595 2036 κακὸν
2628 1980 2985 2050 ἐφελκόμενον
3007 1993 3020 2007 °
3070 1978 3137 2029 ἵν’
3171 1978 3299 2030 ὅταν
3341 1976 3447 2049 ἴδῃ.
3483 1977 3566 2030 ὅτι
3590 1975 3641 2025 ἐν
3664 1972 3727 2040 τῷ

2172 2078 2304 2147 οἴκῳ
2350 2075 2445 2129 τοῦ
2479 2072 2738 2144 ἀληθινοῦ
2774 2072 2962 2143 ἱερέως
3000 2071 3182 2134 ἐστὶν,
3230 2067 3512 2123 ἀδυνατῶν
3553 2066 3723 2136 πλῆξαι

2172 2169 2335 2224 αὐτὸν
2370 2170 2481 2232 τοῖς
2529 2166 2637 2221 τῶν
2680 2165 2919 2236 ἡμιόνων
2960 2164 3321 2233 λακτίσμασιν
3345 2202 3361 2228 ,
3411 2161 3535 2214 τότε
3577 2176 3723 2213 κατα-

2175 2258 2370 2331 μηνύει
2402 2256 2538 2328 πρὺς
2566 2256 2658 2309 τὸν
2684 2256 2919 2327 ἄρχοντα
2948 2253 3047 2324 τῆς
3074 2251 3340 2323 πονηρίας
3372 2248 3473 2303 τοῦ
3509 2248 3721 2319 πνεύμα-

2170 2370 2263 2415 τος
2290 2350 2381 2404 τοῦ
2412 2347 2759 2422 ἐνεργοῦντος
2787 2349 2845 2400 ἐν
2871 2346 2983 2409 τοῖς
3028 2344 3165 2408 υἱοῖς
3206 2343 3305 2413 τῆς
3340 2340 3636 2404 ἀπειθείας.
3674 2339 3724 2391 Ὁ

2170 2445 2228 2498 δὲ
2266 2442 2653 2516 ἐρριζωμένος,
2688 2440 2764 2503 ὡς
2803 2438 2955 2495 ἐλαία
2997 2436 3350 2507 κατάκαρπος
3394 2435 3458 2488 ἐν
3497 2433 3573 2503 τῷ
3610 2430 3721 2499 οἴκῳ

2170 2536 2263 2591 τοῦ
2291 2535 2446 2593 Θεοῦ,
2478 2534 2716 2597 ἐκείνους
2763 2534 2996 2585 ποιεῖται
3041 2530 3181 2584 κατά
3212 2527 3304 2582 τοῦ
3329 2527 3594 2598 τυράννου
3620 2523 3719 2584 τοὺς

2171 2629 2397 2697 λόγους,
2442 2626 2536 2690 οὒς
2582 2626 2641 2681 ἐν
2683 2628 2751 2695 τῇ
2803 2623 3091 2694 ψαλμῳδίᾳ
3136 2619 3488 2692 ἠκούσαμεν,
3535 2616 3718 2685 λέγων·

2177 2722 2273 2774 «Τί
2297 2720 2543 2790 ἐγκαυχᾷ
2572 2720 2629 2771 ἐν
2655 2716 2823 2788 κακίᾳ
2847 2718 2874 2770 ὁ
2896 2715 3119 2778 δυνατὸς
3150 2712 3400 2783 ἀνομίαν,
3429 2702 3495 2765 οὗ
3523 2712 3556 2780 ἡ
3583 2705 3721 2776 γλῶσ-

2175 2831 2242 2867 σα
2270 2814 2401 2867 ὡσεὶ
2434 2812 2594 2884 ξυρὸν
2634 2810 2997 2881 ἠκονημένον,
3039 2826 3057 2859 ι
3084 2800 3164 2870 οἷς
3198 2804 3263 2858 ἂν
3304 2803 3519 2873 ἐπαχθῇ
3549 2802 3718 2854 (mow-

2171 2908 2337 2963 λοῦσα
2365 2905 2472 2959 τῶν
2495 2904 2697 2975 τριχῶν
2721 2904 2820 2974 τὴν
2845 2900 3195 2971 εὐπρέπειαν,
3229 2898 3323 2951 καὶ
3346 2895 3448 2959 τὰς
3475 2893 3608 2947 ἐπτά
3632 2889 3718 2942 τῶν

2173 2999 2483 3071 βοστρύχων
2520 2996 2729 3067 σειρὰς,
2777 2996 2836 3046 ἐν
2882 2987 2969 3056 αἷς
3014 2993 3163 3044 ἐστιν
3211 2991 3245 3060 ἡ
3297 2987 3527 3056 δύναμις
3568 2980 3714 3053 ἡμῶν.

490 3070 673 3126 omnis
714 3073 892 3127 virtus
945 3072 1172 3129 residet.
1225 3073 1508 3145 intelligis,
1570 3075 1786 3147 opinor,
1841 3092 1908 3132 ex
1947 3078 2067 3148 ipso

2174 3070 2569 3158 ἀποτέμνουσα.
2602 3087 2760 3149 Νοεῖς
2781 3084 2839 3137 δέ
2867 3084 3085 3146 πάντως
3114 3084 3177 3135 ἐκ
3210 3080 3309 3149 τῆς
3335 3078 3619 3149 ἑϐδομάδος
3633 3073 3718 3127 τῶν

492 3161 807 3232 septenario
828 3177 1081 3229 numero,
1121 3163 1489 3233 spiritualium
1530 3165 1911 3221 cincinnorum
1940 3183 2067 3223 sen-

2174 3180 2553 3252 πνευματικῶν
2586 3177 2896 3249 βοστρύχων
2922 3176 3022 3245 τὴν
3044 3174 3268 3235 ἔννοιαν,
3301 3169 3489 3234 καθὼς
3523 3167 3718 3227 Ἡσαΐας

491 3267 637 3316 sum,
696 3260 858 3321 prout
905 3251 1158 3308 videlicet
1202 3253 1371 3310 Isaias
1415 3254 1788 3325 septiformem
1839 3258 2067 3327 spiritus

2174 3273 2268 3342 τὴν
2298 3271 2506 3341 ἐπταχῆ
2540 3269 2830 3341 γινομένην
2879 3266 2973 3321 τοῦ
3014 3265 3321 3334 πνεύματος
3349 3263 3513 3335 χάριν
3546 3264 3717 3329 ἀπηρι-

490 3343 723 3411 gratiam
758 3354 1045 3399 enumerat
1067 3344 1139 3410 ’°;
1174 3344 1380 3415 quibus
1406 3344 1688 3413 abscissis,
1727 3352 1787 3401 ut
1814 3347 2067 3404 Samsoni

2174 3365 2198 3418 θ
2207 3366 2417 3436 μήσατο
2436 3380 2451 3396 ο
2482 3356 2556 3416 ὧν
2587 3360 3035 3432 ἀποτμηθέντων,
3059 3356 3240 3421 καθὼς
3271 3358 3364 3410 ἐπὶ
3391 3356 3491 3410 τοῦ
3512 3351 3719 3425 Σαμψὼν

489 3432 778 3496 accidit“,
817 3433 1065 3502 sequitur
1094 3434 1381 3489 oculorum
1416 3435 1676 3492 interitus
1714 3444 1768 3492 et
1810 3437 2064 3508 perditio,

2174 3432 2392 3526 συνέϐη,
2438 3456 2630 3509 ἕπεται
2676 3454 2785 3508 τῶν
2831 3451 3123 3523 ὀφθαλμῶν
3174 3453 3208 3521 ἡ
3246 3447 3510 3513 ἀπώλεια,
3554 3446 3637 3500 καὶ
3670 3443 3718 3495 τὺ

484 3523 709 3594 jamque
756 3526 1072 3582 temulentis
1117 3536 1171 3583 et
1199 3526 1370 3584 ebriis
1403 3528 1729 3601 alienigenis
1766 3529 2065 3586 ludibrium

2174 3523 2522 3616 ἐπιγέλαστον
2557 3543 2695 3599 εἶναι
2727 3546 2837 3607 τοῖς
2862 3542 3196 3612 ἀλλοφύλοις,
3224 3541 3352 3593 ὅταν
3383 3538 3661 3610 μεθύωσιν.

488 3616 746 3672 efﬁcitur.

556 3708 808 3766 Posthaec
836 3711 1097 3768 describit
1121 3712 1266 3783 ejus,
1297 3713 1392 3783 qui
1421 3713 1477 3767 in
1508 3713 1713 3769 malitia
1738 3722 1934 3785 potens
1955 3724 2063 3781 est,

391 3845 402 3856 .
486 3809 647 3857 notas
703 3811 758 3856 et
815 3804 1179 3874 proprietates
1224 3824 1237 3859 :
1274 3805 1537 3875 quoniam
1582 3824 1603 3858 ι
1631 3804 1777 3863 Deus
1820 3808 2067 3889 destruet

488 3892 635 3946 hunc
665 3892 720 3946 in
748 3892 944 3949 linem:
980 3909 1129 3950 nunc
1163 3910 1296 3951 vero
1318 3897 1514 3952 evellet
1541 3903 1596 3952 et
1627 3898 1916 3969 emigrahit
1939 3914 2067 3955 eum

488 3997 518 4036 a
550 3984 733 4039 divino
763 3984 1132 4050 habitaculo,»
1163 3992 1218 4041 et
1247 3986 1316 4041 de
1345 3994 1490 4043 terra
1513 3988 1813 4044 viventium
1847 3991 2069 4045 exscin-

2252 3727 2479 3797 Ἐπάγει
2510 3727 2569 3781 δὲ
2602 3725 2742 3796 μετά
2770 3725 2833 3779 τὸ
2857 3726 3051 3786 εἰπεῖν,
3076 3722 3144 3777 δι’
3174 3715 3249 3776 ὧν
3274 3721 3642 3790 ὑπογράφεται
3664 3713 3716 3766 τὰ

2167 3820 2264 3876 τοῦ
2296 3824 2355 3875 ἐν
2380 3821 2547 3890 κακίᾳ
2576 3816 2801 3873 δυνατοῦ
2835 3816 3129 3888 ἰδιώματα·
3167 3816 3248 3867 δτι
3295 3833 3313 3866 ι
3345 3812 3375 3866 ό
3404 3812 3535 3875 Θεὸς
3560 3808 3717 3863 τοῦτον

2173 3915 2272 3986 μὲν
2301 3912 2622 3983 καθαιρήσει
2652 3913 2731 3975 εἰς
2761 3910 2912 3975 τέλος
2940 3927 2954 3938 ·
3003 3908 3144 3971 τέως
3172 3906 3228 3959 δὲ
3273 3904 3368 3960 νῦν
3408 3904 3605 3957 ἐκτιλεῖ
3642 3896 3717 3950 καὶ

2173 4006 2569 4078 μεταναστήσει
2614 4003 2721 4057 ἀπὸ
2750 3998 2849 4055 τοῦ
2880 4001 3026 4054 θείου
3057 3996 3437 4069 σκηνώματος,
3473 4014 3493 4046 ι
3544 3992 3629 4048 καὶ
3667 3990 3715 4040 ἐκ

489 4075 581 4129 det
611 4074 832 4129 malitiae
855 4076 1002 4131 illius
1023 4084 1078 4132 et
1112 4077 1433 4133 acerbitatis
1461 4079 1699 4143 radices,
1733 4090 1787 4135 et
1809 4082 1861 4136 id
1894 4098 2067 4153 genus

2167 4100 2266 4169 τῆς
2291 4097 2399 4150 τῶν
2427 4096 2643 4161 ζώντων
2670 4096 2773 4165 γῆς
2795 4093 3045 4164 ἀνορύξει
3076 4092 3145 4145 τὰ
3168 4092 3264 4162 τῆς
3293 4089 3558 4161 πονηρίας
3581 4085 3715 4138 αὐτου

489 4166 621 4228 alia,
642 4180 764 4235 qua).
799 4167 1044 4235 psalmus
1082 4167 1174 4222 ille
1204 4175 1321 4222 toto
1350 4183 1450 4222 suo
1482 4169 1720 4226 decursu
1748 4174 2067 4243 complecti-

2171 4194 2265 4246 καὶ
2295 4190 2519 4260 πικρίας
2549 4186 2854 4261 ῥιζώματα,
2888 4186 2983 4238 καὶ
3012 4186 3111 4238 ὅσα
3138 4182 3345 4245 τούτοις
3377 4181 3521 4234 κατά
3544 4178 3598 4232 τὸ
3618 4170 3715 4228 ἀκό-

490 4269 598 4324 tur,
632 4261 698 4315 ad
727 4260 980 4316 eumdem
1007 4260 1170 4318 ﬁnem
1202 4265 1542 4333 spectantia;
1581 4265 1783 4335 quibus
1809 4275 2067 4324 constan-

2174 4283 2352 4337 λουθον
2379 4260 2619 4353 περιέχει
2643 4281 2676 4350 ή
2704 4277 3009 4348 ψαλμῳδία,
3035 4276 3170 4347 πρὸς
3190 4275 3290 4345 τὴν
3312 4275 3487 4345 αὐτὴν
3514 4272 3717 4327 διάνοιαν

487 4353 561 4405 tia
594 4361 647 4406 ct
697 4353 968 4407 stabilitas
1008 4368 1198 4408 eorum
1253 4355 1555 4438 perficitur,
1606 4359 2065 4428 quemadmodum

2174 4375 2433 4445 βλέποντα
2453 4388 2465 4401 ·
2505 4371 2574 4424 δι’
2602 4363 2679 4424 ὧν
2707 4367 3062 4438 κατορθοῦται
3094 4366 3157 4419 τὸ
3187 4363 3424 4435 βέϐαιον,
3457 4362 3628 4424 καθὼς
3654 4354 3714 4409 εἶ-

484 4445 705 4500 divinns
752 4444 828 4498 ait
860 4444 1175 4514 Apostolus,
1218 4447 1312 4516 qui
1348 4447 1618 4503 «radicati
1661 4459 1790 4505 sunt
1834 4451 1891 4506 in
1939 4451 2062 4507 fide.

2174 4444 2269 4520 πεν
2316 4468 2344 4519 ὁ
2395 4464 2536 4527 θεῖος
2576 4460 2915 4523 Ἀπόστολος,
2947 4458 3054 4512 τῶν
3114 4477 3132 4509 ι
3161 4455 3544 4529 ἐρῤιζωμένων
3587 4455 3636 4504 ἐν
3663 4449 3714 4518 τῇ

487 4536 598 4607 Ego
623 4537 789 4603 enim,
822 4538 1016 4609 inquit,
1048 4514 1309 4610 tanquam
1333 4540 1479 4595 oliva
1511 4540 1794 4600 fructifera
1817 4544 1873 4599 in
1900 4543 2064 4600 domo

2368 4596 2382 4609 .
2590 4554 2719 4624 γὰρ,
2756 4571 2775 4604 ι
2793 4514 2980 4621 φησλν,
3009 4568 3026 4600 ι
3048 4514 3381 4603 contactis
3397 4514 3714 4615 κἀτάκαρπῦξ

487 4626 581 4683 Dei
613 4630 739 4694 mei,
780 4631 995 4699 speravi
1028 4632 1084 4685 in
1116 4630 1496 4688 misericordia
1525 4632 1619 4689 Dei
1654 4635 1710 4689 in
1739 4636 2057 4700 saeculum,»

2174 4651 2226 4702 έν
2257 4649 2336 4718 τῷ
2365 4649 2498 4719 οἴκῳ
2546 4648 2639 4701 τοῦ
2669 4646 2805 4701 Θεοῦ
2844 4664 2967 4717 μου,
3000 4645 3206 4715 ἧλπισα
3236 4645 3328 4695 ἐπὶ
3358 4642 3420 4695 τὸ
3462 4642 3603 4702 ἕλεος
3640 4632 3712 4688 τοῦ

484 4727 539 4775 et
564 4721 707 4775 ultra
748 4722 849 4776 hoc
892 4725 1149 4792 Spatium,
1184 4725 1343 4795 cujus
1392 4740 1651 4783 mensura
1688 4736 1772 4784 est
1799 4729 2063 4795 inﬁnitas,

2174 4741 2302 4795 Θεοῦ
2332 4743 2412 4804 εἰς
2446 4738 2535 4794 τὸν
2562 4738 2761 4801 αἰῶνα,
2789 4757 2808 4791 ›
2873 4738 2975 4793 καὶ
2998 4736 3058 4789 τὸ
3084 4735 3223 4805 ὑπὲρ
3263 4733 3424 4797 (τοῦτο
3452 4732 3712 4797 διάστημα,

485 4813 630 4883 quod
682 4822 841 4868 vocat
897 4818 1259 4872 «sreculorum
1301 4819 1621 4874 saculuma
1674 4820 1958 4893 Simulque
2005 4838 2066 4879 sc

2174 4827 2227 4887 οὗ
2275 4833 2470 4903 μέτρον
2506 4831 2655 4884 ἐστὶν
2682 4833 2715 4900 ἡ
2743 4830 2988 4900 ἀπειρία,
3019 4830 3156 4899 ὅπερ
3204 4845 3223 4880 ι
3255 4826 3468 4881 αἰώνων
3495 4817 3713 4893 ὀνομάζει

486 4904 598 4961 Deo
627 4916 916 4975 perpetuas
943 4909 1152 4978 gratias
1182 4922 1435 4965 acturum
1464 4911 1774 4980 pollicetur,
1800 4930 1924 4970 cum
1955 4917 2061 4972 ait:
2104 4926 2109 4933 ’

490 4997 846 5052 «Confitebor
877 4999 978 5053 tibi
1004 5001 1055 5053 in
1089 5002 1346 5057 saeculum
1370 5018 1417 5054 ε»
1453 5011 1514 5058 tu
1544 5005 1689 5060 enim
1726 5005 1901 5062 fecisti
1929 5010 2062 5064 mihi

484 5088 648 5162 digna
684 5090 984 5161 gratiarum
1026 5093 1262 5157 actione,
1304 5113 1322 5145 ι
1348 5102 1404 5150 et
1432 5099 1812 5165 exspectabo,»
1862 5101 2059 5172 inquit,

489 5198 734 5238 «nomen
781 5191 1001 5238 tuumn
1056 5184 1198 5239 bona
1236 5192 1321 5241 est
1371 5189 1518 5241 enim
1564 5189 1679 5246 haec
1725 5196 2064 5262 exspectatio

484 5274 692 5329 sanctis
724 5275 861 5330 tuis;
894 5274 1367 5341 Quemadmodum
1401 5286 1582 5333 autem
1624 5281 1826 5337 diversi
1860 5286 2063 5344 coloris

487 5364 745 5430 splendor
774 5366 845 5420 ob
874 5366 1125 5422 tinctura:
1152 5367 1496 5436 varietatem,
1526 5372 1697 5428 variis
1725 5375 1885 5443 quasi
1915 5375 2063 5432 flori-

390 5438 405 5455 ‘
486 5449 589 5505 bus
616 5453 908 5521 distinctae,
939 5457 1143 5511 sensim
1169 5457 1238 5511 ad
1265 5457 1541 5513 diversum
1573 5463 1816 5517 colorem
1841 5469 2061 5537 transit,

491 5536 640 5605 ipsas
672 5556 836 5598 auras
862 5547 1110 5600 colorum
1152 5547 1458 5603 alternante
1486 5548 1698 5620 fulgore
1721 5554 1857 5611 scite
1889 5536 2066 5627 pictu-

496 5640 660 5685 rans:
717 5631 796 5685 sic
846 5644 901 5689 et
929 5637 1114 5692 videre
1160 5645 1244 5694 est
1291 5640 1488 5696 osalmi
1520 5641 1689 5712 hujus
1737 5661 1933 5707 sensus
1966 5667 2061 5709 ex—

567 5800 611 5833 "
643 5801 765 5859 lsai.
794 5823 868 5875 xi,
900 5814 951 5865 2.
1030 5816 1074 5846 ἰ
1105 5813 1280 5870 Judic.
1305 5834 1411 5886 rvi,
1438 5822 1500 5875 τι
1539 5838 1659 5895 sqq.

2169 4924 2359 4978 αἰῶνα.
2397 4944 2415 4976 ›
2460 4924 2549 4977 Ἑν
2598 4922 2772 4993 τούτῳ
2816 4923 2911 4975 καὶ
2957 4920 3055 4992 τὴν
3105 4918 3457 4991 εὐχαριστίαν
3501 4913 3630 4969 κατά
3666 4905 3713 4960 τὸ

2171 5016 2341 5068 ἀΐδιον
2387 5015 2466 5085 τῷ
2508 5013 2627 5085 Θεῷ
2660 5015 2966 5085 προσοίσειν
3008 5010 3503 5079 κατεπαγγέλλεται
3532 5006 3709 5073 λέγων’

2177 5126 2194 5158 ι
2239 5106 2735 5177 Ἑξομολογήσομαί
2764 5122 2847 5158 σοι
2895 5107 2975 5169 είς
3005 5104 3094 5159 τὸν
3135 5104 3326 5157 αἰῶνα.
3361 5122 3381 5155 ι
3418 5101 3491 5154 Σὺ
3518 5099 3615 5170 γάρ
3641 5108 3710 5163 μοι

2170 5200 2238 5253 τὰ
2266 5200 2387 5266 ἄξια
2406 5194 2513 5269 θτῆς
2542 5199 2891 5271 εὐχαριστίας
2915 5199 3193 5269 ἐποίησας.
3239 5216 3258 5247 ι
3279 5195 3390 5249 Καὶ
3420 5186 3671 5262 ὑπομενῶ,
3694 5200 3707 5231 ι

2173 5295 2326 5364 φησὶ,
2364 5295 2452 5346 «τὸ
2485 5293 2657 5364 ὅνομά
2683 5310 2798 5347 σου.
2831 5312 2848 5345 ι
2889 5291 3117 5360 Ἀγαθὸν
3142 5290 3250 5361 γάρ
3278 5291 3426 5342 ἐστιν
3447 5290 3479 5359 η
3503 5274 3709 5352 ὑπομονὴ

2086 5442 2095 5451 κ
2171 5388 2283 5449 τοῖς
2311 5386 2475 5449 ὁσίοις
2522 5403 2635 5438 σου.
2675 5385 2886 5455 ’Ὠσπερ
2922 5384 2977 5437 δὲ
3025 5384 3059 5454 ἡ
3108 5381 3467 5451 πολύχρωμος
3496 5373 3639 5444 αἴγλη
3664 5369 3710 5420 ἓν

2170 5476 2411 5547 διαφόρῳ
2436 5477 2511 5547 τῷ
2540 5476 2641 5547 τῆς
2672 5476 2849 5548 βαφῆς
2874 5474 3021 5529 ἀνθει
3051 5472 3354 5545 λεληθότως
3378 5471 3513 5542 πρὸς
3538 5466 3593 5520 τὺ
3616 5464 3708 5516 ἐτε-

2175 5571 2399 5640 ρὸχρουν
2428 5569 2758 5639 μεταϐαίνει,
2792 5567 3087 5640 προσφυῶς
3128 5565 3227 5628 τὰς
3256 5564 3431 5635 ἄκρας
3463 5560 3564 5616 τῶν
3591 5568 3709 5627 χραν

2176 5661 2357 5731 μάτων
2383 5660 2556 5729 αύγάς
2587 5661 2845 5734 ἀλλήλαις
2875 5659 3320 5732 καταμιγνύουσα
3345 5675 3359 5689 ·
3402 5654 3565 5715 οὕτως
3594 5644 3709 5698 ἔστιν
