3844 6368
171 363 278 418 585

1595 372 1661 428 IN
1699 372 2030 430 PSALMOS.

3325 367 3431 426 566

179 485 305 542 ἰδεῖν
333 481 440 553 τῆς
470 479 784 552 ψαλμῳδίας
826 479 1028 550 ταύτης
1075 479 1212 534 κατά
1239 481 1299 535 τὸ
1334 480 1502 554 ἀκρον
1527 482 1626 553 τὴν
1653 483 1748 536 τοῦ

1877 483 2010 540 remi
2041 482 2198 554 quasi
2223 481 2457 550 radium,
2491 479 2648 538 initio
2670 481 2953 552 sequentis
2987 481 3187 552 psalmi
3209 482 3278 546 ".
3311 491 3432 538 tan-

179 577 454 648 νοήματος
481 575 693 638 ἀκτῖνα,
724 570 801 643 τῷ
823 571 1090 643 προοιμίῳ
1107 573 1206 644 τῆς
1225 571 1318 626 τοῦ
1346 577 1752 645 παρακειμένου

177 665 397 738 ψαλμοῦ
423 663 785 735 λαμπηδόνος,
813 662 881 716 δι’
910 663 1202 718 ἀκολούθου
1238 667 1718 738 προσμιγνυμένην
1737 683 1750 698 ⁸

179 758 314 812 ὥστε
359 755 642 809 λανθάνειν
682 753 744 807 τὸ
791 754 954 824 μέσον
1001 754 1238 821 τούτων,
1286 755 1608 826 αὐτομάτως
1656 757 1757 828 τῆς

177 847 417 909 διανοίας
451 844 558 900 ἀπὸ
601 843 789 898 τούτου
836 843 972 914 πρὸς
1024 843 1123 915 τὴν
1171 843 1535 916 ὑποκειμένην
1572 844 1756 916 ψαλμ-

179 937 339 1008 ῳδίαν
372 934 821 1006 καταμιχθείσης.
871 936 928 988 Ὁ
954 933 1062 1005 γάρ
1103 934 1178 998 ὡς
1216 934 1370 988 ὲλαία.
1403 936 1757 1004 κατάκαρπος

185 1027 432 1100 ριζωθεὶς
460 1027 520 1080 ὲν
540 1025 617 1096 τῷ
642 1028 774 1097 οἴκῳ
807 1025 900 1089 τοῦ
929 1027 1086 1090 Θεοῦ,
1122 1027 1216 1080 καὶ
1247 1028 1307 1080 τὸ
1340 1027 1547 1096 ἑδραῖον
1575 1045 1636 1080 τε
1662 1027 1756 1082 καὶ

184 1120 578 1192 ἀμετακίνητον
622 1117 714 1171 τοῦ
766 1119 908 1172 κατά
945 1117 1042 1188 τὴν
1078 1119 1256 1174 πίστιν
1294 1121 1669 1190 στερεώματος
1699 1121 1756 1172 ἐν

185 1211 354 1282 ἑαυτῷ
384 1207 711 1281 βεϐαιώσας.
735 1209 829 1264 καὶ
852 1209 948 1280 τὴν
979 1209 1166 1264 ἐλπίδα
1195 1209 1288 1264 τοῦ
1316 1209 1459 1264 θείου
1489 1211 1668 1264 ἐλαίου
1690 1211 1757 1264 δι’

187 1302 532 1373 εὐχαριστίας
565 1305 630 1374 τῇ
659 1301 881 1375 ἀπειρίᾳ
915 1301 1024 1355 τῶν
1056 1301 1265 1356 αἰώνων
1291 1303 1752 1374 συμπαρατείνας,

189 1395 338 1464 θυμῷ
365 1393 571 1464 χρῆται
603 1393 742 1448 κατά
785 1393 894 1446 τῶν
938 1395 1328 1464 ἀφραινόντων,
1359 1387 1436 1449 ὧν
1465 1397 1757 1465 κεφάλαιον

188 1485 281 1554 τῆς
307 1483 642 1556 ἀφροσύνης,
688 1483 748 1538 τὸ
771 1483 862 1538 τὸν
893 1483 1162 1556 ἀληθινῶς
1195 1485 1346 1553 ὄντα,
1380 1486 1472 1540 τὸν
1498 1489 1590 1540 ἐπὶ
1619 1487 1756 1542 πάν-

189 1590 312 1638 των,
339 1573 436 1626 καὶ
459 1574 518 1626 ὲν
547 1574 730 1640 πᾶσιν,
761 1572 946 1627 τοῦτον
983 1575 1058 1646 μὴ
1089 1570 1228 1628 εἶναι
1255 1576 1456 1646 λέγειν.
1489 1577 1758 1632 Τοιούτων

190 1662 314 1734 γὰρ,
359 1664 548 1735 φησὶν,
592 1663 687 1718 καὶ
719 1665 971 1720 τοιούτων
995 1667 1162 1721 ὄντων
1211 1666 1468 1740 (πρῶτον
1497 1669 1590 1722 τοῦ
1624 1669 1760 1723 Θεοῦ

193 1753 418 1807 δείκνυσι
455 1754 558 1823 τὴν
587 1755 727 1826 ὑπὲρ
754 1756 862 1812 τῶν
907 1741 1208 1828 ἀνθρώπων
1251 1759 1593 1831 προμήθειαν
1620 1775 1634 1791 ⁸
1675 1762 1758 1829 ἐφ’

193 1837 250 1896 οὗ
281 1843 340 1897 τὸ
365 1843 473 1897 τῶν
509 1817 738 1898 ἐλπίδων
767 1845 981 1916 βέϐαιον
1007 1817 1187 1911 οὕτως·
1217 1817 1550 1919 ἀμετάθετον
1593 1817 1760 1917 ἐστιν,
1797 1817 1840 1878 Β

196 1937 264 2000 ὡς
291 1937 365 2008 μὴ
395 1937 630 2008 κάμνειν
653 1940 719 2008 τῇ
751 1938 1010 2008 ἀῖδιότητι
1040 1939 1146 1994 τῶν
1189 1941 1421 2008 αἰώνων,
1465 1943 1555 1996 τὸν
1599 1943 1767 1998 πόθον

199 2029 706 2098 συνεκτεινόμενον),
732 2027 850 2092 πῶς
879 2048 897 2081 ι
939 2028 1090 2098 λέγει
1117 2032 1146 2084 6
1175 2031 1363 2104 ἄφρων
1389 2037 1447 2088 ἐν
1475 2037 1538 2106 τῇ
1569 2035 1764 2108 καρδίᾳ

197 2116 389 2170 αὐτοῦ·
437 2119 558 2170 Οὐκ
605 2119 721 2172 ἔστι
772 2119 942 2186 Θεός;
991 2121 1358 2194 διεφθάρησαν
1409 2125 1502 2179 καὶ
1544 2125 1764 2179 ἐϐδελύι

199 2203 416 2275 χθησαν,
458 2227 477 2258 ι
534 2208 592 2262 ὲν
621 2211 734 2272 τοῖς
768 2208 1022 2276 τοιούτοις
1065 2213 1164 2284 τῆς
1205 2213 1441 2279 διανοίας
1481 2217 1761 2288 ἐπιτηδεύ-

203 2307 380 2360 μασιν.

262 2383 438 2454 Φθορά
478 2385 592 2456 γάρ
639 2389 786 2441 ἐστιν
819 2389 894 2452 ὡς
925 2390 1140 2460 άληθῶς
1165 2433 1182 2460 ,
1237 2394 1330 2447 καὶ
1381 2396 1622 2462 διάλυσις
1671 2399 1765 2453 τοῦ

202 2475 542 2542 σδνεστῶτος,
578 2479 612 2548 ἡ
647 2480 740 2532 τοῦ
765 2479 930 2544 ὅντως
961 2481 1111 2546 ὄντος
1145 2485 1477 2552 ἀπόπτωσιςέ
1513 2488 1635 2553 Πῶς
1659 2490 1768 2561 γὰρ

201 2566 260 2618 ἄν
287 2586 366 2632 τις
392 2571 449 2623 ἐν
475 2569 558 2641 τῷ
585 2567 724 2625 εἶναι
749 2572 856 2643 εἴη,
887 2575 960 2645 μὴ
987 2576 1045 2628 ἐν
1073 2575 1151 2646 τῷ
1183 2576 1295 2630 ὄντι
1321 2577 1427 2646 ὥν;
1477 2580 1602 2643 Πῶς
1633 2581 1677 2632 δ’
1703 2581 1768 2636 ἄν

201 2678 278 2726 τις
299 2663 438 2733 μένοι
469 2667 532 2718 ὲν
551 2664 628 2734 τῷ
659 2665 790 2732 δντι,
818 2667 891 2736 μὴ
919 2669 1188 2723 πιστεύων
1217 2670 1295 2740 τῷ
1321 2671 1452 2737 ὄντι,
1481 2673 1560 2726 ὅτι
1593 2674 1767 2739 ἔστινς

214 2753 267 2806 ’0
303 2755 358 2807 δὲ
382 2755 600 2828 ἀληθῶς
645 2755 740 2822 ῶν,
771 2758 900 2822 Θεός
931 2745 1050 2813 ’ἐστι
1084 2761 1321 2827 πάντως,
1349 2763 1531 2827 καθὼς
1559 2765 1636 2836 τῷ
1670 2783 1769 2836 με-

205 2846 341 2918 γάλῳ
374 2850 567 2902 Μωσεί
592 2851 625 2920 ἡ
655 2851 888 2906 ὀπτασία
918 2852 1018 2923 τῆς
1060 2853 1374 2921 θεοφανείας
1410 2858 1766 2930 μαρτύρεται.

215 2937 269 2990 '0
293 2935 382 2992 οὖν
408 2940 690 2994 ἐκϐάλλων
733 2942 832 3012 τῆς
879 2943 1072 2998 ἑαυτοῦ
1117 2943 1353 3010 διανοίας
1399 2947 1491 3002 τοῦ
1543 2951 1676 3004 Θεοῦ
1712 2951 1772 3004 τὸ

207 3023 352 3096 εἶναι,
378 3031 442 3084 ἐκ
464 3030 560 3084 τοῦ
591 3033 795 3086 ἐκεῖνον
829 3033 904 3106 μὴ
932 3030 1069 3089 εἶναι
1094 3034 1293 3107 λέγειν,
1323 3039 1516 3094 ἑαυτοῦ
1543 3041 1603 3094 τὸ
1632 3038 1772 3097 εἶναι

207 3121 516 3195 διέφθειρεν,
544 3123 651 3190 ἔξω
671 3123 763 3178 τοῦ
785 3125 936 3189 ὄντος
961 3127 1263 3200 γενόμενος.
1287 3129 1385 3183 Διά
1405 3129 1562 3185 τοῦτό
1584 3151 1768 3204 φησιν,

210 3213 416 3288 Ἐπειδὴ
438 3217 548 3270 ἀπὸ
572 3215 668 3270 τοῦ
695 3216 828 3272 Θεοῦ
851 3219 1148 3286 ἐξέκλιναν,
1169 3241 1188 3274 ‹
1208 3223 1366 3286 εὐθὺς
1396 3224 1774 3298 ἡχρειώθησαν

211 3307 256 3359 ei
279 3307 493 3373 πάντες,
514 3328 534 3361 ι
583 3307 696 3364 οἷον
731 3327 788 3362 τι
818 3309 1012 3376 σκεῦος
1038 3312 1362 3385 ἀπόϐλητον,
1392 3317 1776 3384 καταγνωσθὲν

213 3399 520 3470 ἀχρηστίαν.
567 3401 642 3454 T6
687 3400 744 3454 δὲ
788 3400 866 3472 τῷ
911 3402 1060 3473 καλῷ
1089 3403 1381 3478 ἄχρηστον,
1415 3407 1514 3478 τὴν
1549 3407 1686 3480 πρὸς
1716 3409 1782 3462 τὸ.

214 3490 368 3544 κακὸν
393 3491 826 3563 ἐπιτηδειότητα,
867 3492 953 3546 διὰ
994 3494 1094 3565 τῆς
1123 3496 1261 3568 πρὸς
1300 3497 1361 3549 τὺ
1393 3501 1639 3568 κρεῖττον
1681 3501 1778 3552 άν-

216 3582 522 3651 αρμοστίας,
557 3583 742 3652 σαφῶς
774 3583 1153 3640 ἐπιδείκνυσιν.
1198 3588 1349 3641 Ἐπεὶ
1375 3583 1468 3642 οὖν
1495 3589 1582 3643 διὰ
1606 3588 1779 3642 ταῦτα

215 3673 242 3723 6
266 3673 460 3744 Κύριος
513 3695 532 3726 ι
564 3675 630 3728 ἐκ
658 3675 750 3728 τοῦ
795 3676 1024 3747 οὐρανοῦ
1072 3677 1165 3730 ἐπὶ
1209 3679 1335 3741 τοὺς
1368 3679 1518 3743 υἱοὺς
1551 3679 1657 3734 τῶν
1688 3681 1780 3733 άν-

181 3753 436 3831 ’θρώπων
471 3762 725 3834 διέκυψεν
750 3781 766 3795 ⁸
797 3783 817 3816 ι
870 3767 898 3820 6
926 3765 983 3820 δὲ
1016 3765 1254 3830 τοιοῦτος
1281 3767 1438 3836 λόγος
1470 3767 1568 3840 τὴν
1599 3771 1656 3823 ὲν
1683 3771 1777 3824 άν-

218 3849 442 3922 θρὼποις
481 3855 578 3909 τοῦ
613 3857 820 3928 Κυρίου
850 3857 1294 3930 συναναστροφὴν
1329 3860 1656 3932 προμηνύει,
1691 3863 1780 3916 ὅτε

219 3946 321 4008 τοῖς
368 3947 908 4019 προκαθηγουμένοις
953 3949 1088 4020 πρὸς
1124 3949 1222 4021 τὴν
1255 3951 1513 4004 ἀπιστίαν
1559 3953 1670 4016 τοῖς
1703 3953 1780 4006 ie-

224 4035 391 4105 ρεῦσίν
429 4055 489 4092 τε
521 4039 618 4092 καὶ
644 4039 954 4111 Φαρισαίοις
1007 4039 1100 4092 καὶ
1146 4041 1588 4111 γραμματεῦσιν,
1636 4043 1782 4098 ὄιπαν

221 4127 610 4204 ἐπηκολούθησε
641 4131 704 4184 τὸ
731 4132 968 4202 ὑπήκοον
993 4146 1008 4162 °
1057 4133 1254 4186 ἐκεῖνοι
1281 4133 1390 4204 γάρ
1421 4130 1560 4204 ἦσαν
1588 4134 1638 4186 oi
1673 4137 1784 4199 τοῖς

224 4217 552 4293 βλασφήμοις
577 4223 783 4278 ἑαυτῶν
812 4223 992 4278 ὀδοῦσι
1019 4224 1110 4278 τὸν
1141 4223 1266 4279 λαὸν
1293 4227 1700 4298 σπαράσσοντές
1723 4244 1783 4280 τε

223 4313 309 4366 καὶ
349 4313 698 4378 διεσθίοντεςο
733 4315 822 4372 διά
845 4315 1002 4370 τοῦτό
1033 4334 1218 4388 φησιν,
1245 4320 1330 4373 ὅτι
1386 4337 1406 4372 ‹
1437 4320 1584 4374 Ἐκεῖ
1615 4320 1786 4392 φοϐη-

224 4399 464 4473 θήσονται
511 4405 696 4474 φόϐον,
729 4399 790 4460 οὗ
819 4407 920 4460 οὐκ
949 4401 1016 4478 ἦν
1041 4407 1236 4476 φόϐος,
1287 4409 1336 4462 oi
1381 4409 1650 4474 ἐσθίοντες
1694 4409 1785 4465 τὸν

223 4494 338 4550 λαόν
364 4515 463 4570 μου
495 4499 696 4572 βρώσει
727 4499 918 4570 ἄρτου,
946 4517 965 4552 ι
1014 4499 1198 4570 ὅμοιον
1231 4499 1535 4571 πάσχοντες
1565 4499 1642 4572 τῷ
1678 4501 1772 4558 τά·

1889 4497 2248 4554 devorabant.
2305 4493 2379 4546 Ea
2430 4491 2496 4546 de
2554 4504 2723 4545 causa
2780 4489 2856 4541 ait
2911 4507 2922 4542 :

227 4585 301 4640 θει
330 4590 434 4644 τῶν
467 4591 922 4662 ὑδροφοϐούντων.
955 4585 1050 4654 Οἷς
1077 4592 1128 4644 ετ
1165 4610 1282 4657 πως
1325 4593 1576 4664 δυνηθείη
1607 4610 1787 4665 παραν-

225 4679 466 4752 δεχθῆναι
513 4683 572 4738 τὸ
605 4683 748 4754 ὕδωρ
771 4725 789 4750 ,
839 4683 1124 4755 ίαματικὺν
1175 4683 1326 4737 ἔσται
1355 4684 1448 4737 τοῦ
1478 4684 1683 4748 πάθους
1711 4683 1788 4756 τῷ

229 4771 474 4842 κάμνοντι
509 4791 522 4804 ’
577 4775 713 4830 ἀλλά
773 4773 1066 4844 φοϐοῦνταί
1117 4792 1234 4838 πως
1284 4775 1346 4828 τὸ
1393 4774 1485 4828 ἐπὶ
1545 4776 1789 4847 σωτηρίᾳ

230 4867 596 4939 προκείμενον,
639 4867 734 4922 καὶ
757 4866 1162 4940 ἀλλοτριοῦνται
1189 4867 1284 4921 τοῦ
1318 4866 1601 4932 σώζοντος,
1641 4868 1789 4938 φόϐῳ

227 4954 313 5009 τού
343 4961 414 5030 μὴ
439 4959 732 5014 ἀπολέσθαι
761 4959 1255 5024 κατασκευάζοντες
1280 4959 1492 5024 ἑαυτοῖς
1517 4960 1615 5030 τὴν
1645 4959 1790 5014 ἀπώο

229 5043 386 5102 λειαν.
417 5049 602 5115 Οὕτως
634 5053 900 5116 κάκεῖνοι,
920 5051 1020 5124 τῆς
1041 5051 1224 5124 πηγῆς
1243 5051 1426 5114 αὐτοῖς
1467 5050 1745 5122 ἐκϐοώσης
1771 5069 1789 5082 ο

239 5135 342 5189 ιΕἴ
370 5155 453 5204 τις
483 5139 630 5214 διψᾷ,
661 5139 904 5212 ἐρχέσθω
949 5139 1086 5210 πρὸς
1133 5139 1234 5210 μὲ,
1282 5140 1375 5196 καὶ
1419 5141 1637 5206 πινέτω,
1669 5160 1686 5193 ι
1719 5145 1786 5214 τῇ

231 5223 390 5302 λύσσῃ
416 5231 510 5302 τῆς
543 5233 798 5297 ἀπιστίας
843 5231 1370 5304 προκατειλημμένοι
1397 5232 1466 5286 τὰ
1487 5233 1586 5304 τῆς
1610 5232 1789 5304 ψυχῆς

235 5319 568 5394 αἰσθητήρια,
595 5322 886 5395 ἐφοϐοῦντο
926 5323 1112 5394 φόϐον,
1157 5318 1217 5378 οὗ
1259 5325 1357 5377 οὐκ
1386 5319 1455 5396 ἦν
1495 5324 1690 5393 φόϐος,
1727 5325 1788 5378 τὸ

237 5411 384 5464 ποτὸν
407 5415 504 5484 τῆς
530 5416 804 5487 σωτηρίας
831 5414 1314 5486 ἀποστρεφόμενοι,
1345 5414 1444 5468 οὐκ
1465 5415 1686 5481 εἰδότες,
1710 5417 1790 5470 ὅτι

239 5499 471 5589 ἐνγενεᾷ
493 5505 712 5560 δικαίων
739 5509 768 5560 ὁ
793 5505 924 5570 Θεὸς
954 5505 1183 5574 γίνεται,
1213 5507 1242 5558 ὁ
1269 5504 1442 5568 διδοὺς
1467 5505 1532 5558 ἐκ
1563 5504 1700 5560 Σιὼν
1731 5506 1792 5558 τὸ

242 5595 488 5668 σωτήριον
513 5599 590 5670 τῷ
627 5597 864 5673 Ἰσραὴλ,
889 5599 983 5652 καὶ
1015 5597 1112 5669 τὴν
1137 5596 1516 5668 αἰχμαλωσίαν
1538 5598 1631 5653 τοῦ
1660 5597 1790 5654 λαοῦ

315 5770 516 5836 "Psal.
544 5796 636 5838 ιιι.
712 5783 756 5818 9³
779 5780 937 5836 Joan.
978 5797 1075 5846 vtt,
1107 5781 1194 5836 37.

1801 3173 1846 3234 C

1857 590 2020 644 quam
2072 577 2312 630 lucernae
2347 573 2740 645 consequentia
2781 573 3041 644 quadam,
3092 575 3330 630 allucere
3379 585 3430 630 et

1855 667 2196 738 permisceri,
2255 674 2316 720 ut
2372 666 2632 732 medium,
2699 665 2847 737 quod
2900 666 3253 736 interjicitur,
3321 683 3430 723 non

1857 767 2136 828 appareat,
2179 763 2375 827 sponte
2417 773 2516 812 sua
2553 757 2736 812 animo
2764 755 2834 811 ab
2874 757 2977 812 hac
3025 758 3095 812 ad
3125 759 3429 828 subiectam

1857 848 2216 920 psalmodiam
2264 847 2566 903 delabente.
2599 847 2722 914 Qui,
2745 849 2892 903 enim
2923 855 2983 902 ut
3011 849 3152 903 oliva
3185 849 3332 906 ferax
3375 852 3428 906 in

1857 939 2022 993 domo
2059 937 2272 992 Domini
2325 938 2536 994 radices
2577 937 2713 1002 ﬁxit,
2753 941 3028 1010 ﬁxumque
3076 939 3209 995 illud
3241 949 3295 997 et
3325 941 3430 996 im-

1859 1037 2064 1082 motum
2102 1027 2224 1082 ﬁdei
2258 1027 2660 1082 ﬁrmamentum
2700 1027 2804 1083 sibi
2835 1029 3191 1098 comparavit,
3235 1037 3290 1086 et
3338 1033 3428 1101 qui

1858 1135 2010 1189 spem
2043 1119 2214 1174 divini
2245 1119 2353 1175 olei
2389 1134 2486 1188 per
2511 1119 2810 1188 gratiarum
2841 1121 3110 1174 actionem
3142 1121 3211 1176 ad
3251 1121 3430 1176 inﬁni-

1859 1217 2024 1265 tatem
2049 1211 2374 1266 smeulorum
2403 1210 2672 1276 extendit,
2699 1210 2750 1266 is
2779 1211 3060 1266 iracundia
3087 1201 3141 1266 in
3167 1212 3430 1283 insipien-

1859 1309 1943 1358 tes
1971 1303 2296 1368 exardescit,
2332 1317 2565 1373 quorum
2596 1301 2921 1372 insipientia:
2951 1310 3117 1374 caput
3149 1313 3251 1369 est,
3281 1318 3432 1360 asse-

1858 1411 1981 1451 rere
2013 1411 2137 1450 eum
2165 1410 2272 1451 non
2301 1411 2445 1462 esse,
2611 1410 2737 1450 vere
2759 1407 2862 1461 est,
2895 1405 2947 1451 et
2977 1411 3144 1466 super
3169 1411 3359 1452 omnes
3381 1407 3434 1451 Μ

1859 1487 1916 1542 in
1946 1487 2224 1544 omnibus.
2259 1485 2396 1542 Cum
2426 1487 2572 1542 enim
2607 1494 2686 1542 tot
2715 1496 2768 1542 et
2800 1487 2929 1541 talia
2960 1488 3092 1551 sint,
3137 1487 3336 1558 inquit,
3367 1505 3435 1543 ex,

1859 1579 2058 1650 quibus
2083 1577 2176 1634 Dei
2207 1587 2402 1634 natura
2435 1578 2712 1649 colligitur
2743 1577 3009 1649 (primum
3051 1579 3143 1634 Dei
3173 1593 3302 1650 erga
3339 1580 3428 1632 ho.

1859 1670 2037 1724 mines
2076 1667 2415 1722 demonstrat
2459 1667 2878 1737 providentiam,
2937 1667 3024 1721 cui
3066 1668 3182 1737 spei
3235 1675 3435 1722 nostrae

1867 1760 2271 1816 ﬁrmamentum
2326 1758 2462 1814 adeo
2519 1759 2880 1814 immobiliter'
2906 1757 3180 1820 innititur,
3219 1765 3280 1812 ut
3325 1775 3433 1812 non
3499 1781 3508 1788 ~

1865 1851 2143 1922 fatigetur,
2193 1849 2414 1921 quando
2442 1849 2718 1904 desiderio
2759 1863 2863 1904 suo
2907 1857 3080 1902 totum
3116 1849 3437 1904 aeternitatis

1865 1945 2130 2001 ambitum
2185 1940 2592 2012 amplectitur),
2632 1939 2905 2010 quomodo
2942 1958 2962 1991 ι
2995 1939 3124 1994 dicit
3173 1941 3436 2010 insipiens

1866 2039 1924 2093 in
1951 2036 2118 2092 corde
2149 2050 2250 2090 suo
2279 2053 2292 2089 :
2327 2033 2444 2088 Non
2469 2040 2554 2089 est
2577 2033 2756 2090 Deus?
2775 2032 3015 2101 corrupti
3052 2039 3198 2098 sunt,
3233 2041 3287 2087 et
3315 2033 3440 2087 abo-

1867 2130 2154 2184 minabiles
2197 2127 2325 2183 facti
2360 2133 2544 2192 sunt,»
2595 2124 2652 2178 in
2696 2122 2898 2178 talibus
2949 2123 3296 2194 cogitationis
3327 2138 3444 2179 sure

1867 2220 2088 2277 studiis.

1939 2398 2080 2455 Vere
2108 2397 2253 2453 enim
2295 2396 2417 2467 ejus
2456 2394 2604 2466 quod
2637 2392 2909 2459 subsistit,
2945 2391 3226 2461 corruptio
3272 2400 3324 2446 et
3361 2392 3441 2444 inv

1868 2490 2066 2546 teritus
2097 2497 2201 2558 est,
2235 2488 2486 2544 decidere
2525 2488 2593 2543 ab
2633 2502 2700 2543 eo
2733 2487 2827 2556 qui
2862 2501 2987 2541 vere
3025 2492 3130 2541 est.
3157 2484 3442 2550 Quomodo

1870 2583 2017 2639 cnim
2050 2582 2176 2652 quis
2206 2595 2308 2635 suo
2341 2582 2396 2636 in
2426 2595 2552 2636 csse
2578 2580 2760 2645 duret,
2797 2578 2889 2648 qui
2915 2594 3024 2632 non
3057 2583 3140 2632 est
3173 2577 3226 2630 in
3251 2592 3316 2631 eo
3347 2578 3440 2645 qui

1870 2675 1996 2731 est?
2055 2673 2342 2741 Quomodo
2368 2673 2492 2743 quis
2523 2679 2742 2727 maneat
2785 2670 2838 2723 in
2878 2684 2944 2724 eo
2971 2669 3064 2739 qui
3097 2677 3202 2732 est,
3248 2669 3292 2724 si
3335 2683 3441 2722 non

1871 2764 2061 2822 credat
2086 2765 2136 2820 ei
2171 2764 2264 2834 qui
2304 2774 2407 2830 est,
2449 2763 2592 2834 quod
2625 2762 2734 2818 sit?
2759 2761 2860 2827 Qui
2884 2770 3065 2815 autem
3098 2774 3226 2816 vere
3265 2767 3369 2824 est,
3399 2760 3444 2814 is
3484 2783 3498 2807 ι

1871 2857 2099 2912 omnino
2136 2855 2280 2912 Deus
2308 2863 2392 2912 est
2423 2873 2434 2908 :
2472 2853 2931 2924 quemadmodum
2962 2858 3016 2907 et
3050 2865 3244 2921 magno
3273 2849 3443 2922 Moysi

1874 2948 2013 3006 visio
2038 2947 2235 3003 divinae
2259 2946 2619 3018 apparitionis
2651 2952 2910 3002 testatum
2941 2942 3088 2998 fecit.
3130 2941 3234 3008 Qui
3274 2942 3440 3012 igitur

1874 3056 1940 3096 cx
1987 3053 2088 3096 suo
2125 3039 2307 3094 animo
2353 3037 2542 3106 abiicit
2587 3052 2712 3092 esse
2756 3035 2876 3100 Dei,
2914 3035 2963 3089 is
3008 3035 3114 3088 hoe
3151 3033 3271 3104 ipso
3300 3033 3441 3102 quod

1875 3130 2046 3186 Deum
2077 3145 2198 3186 esse
2235 3135 2420 3198 negat,
2457 3126 2736 3198 proprium
2777 3138 2937 3180 suum
2970 3137 3094 3178 esse
3123 3122 3444 3192 corrumpit,

1877 3224 2080 3295 quippe
2129 3221 2471 3276 abalienatus
2517 3220 2586 3274 ab
2629 3233 2696 3274 eo
2742 3215 2838 3287 qui
2877 3221 2964 3271 est
2999 3231 3010 3268 :
3043 3215 3112 3268 ob
3155 3213 3206 3267 id
3249 3211 3447 3274 innuit,

1877 3316 2174 3387 Postquam
2215 3328 2246 3367 a
2278 3313 2387 3370 Deo
2403 3311 2838 3375 declinaverunt,
2858 3308 3150 3376 derepente
3182 3323 3200 3355 ι
3233 3303 3453 3359 inutiles

1879 3406 2007 3462 facti
2049 3412 2180 3460 sunt
2209 3418 2422 3468 omnes,
2452 3422 2471 3456 ι
2516 3401 2666 3456 velut
2703 3413 2802 3454 vas
2831 3396 3107 3468 quoddam
3155 3394 3450 3465 abjectum,

1879 3497 2218 3568 cognitaque
2267 3493 2583 3550 inutilitatis
2621 3491 2736 3560 jam
2779 3489 3119 3544 damnatum.
3158 3485 3455 3556 Perspicue

1880 3598 2060 3645 autem
2105 3601 2288 3644 sermo
2323 3586 2410 3640 hic
2452 3585 2632 3648 docet,
2663 3581 2718 3636 id
2763 3581 2907 3652 quod
2941 3581 3086 3634 bono
3119 3587 3203 3634 est
3236 3578 3454 3642 inutile,

1879 3679 2017 3734 nihil
2049 3675 2200 3731 aliud
2229 3690 2352 3732 esse
2374 3688 2538 3745 quam
2567 3669 2922 3742 aptitudinem
2954 3674 3007 3722 ct
3038 3666 3454 3737 propensionem

1881 3769 1948 3825 ad
1993 3773 2300 3839 peccatum,
2339 3773 2557 3836 propter
2589 3757 3105 3822 inconvenientiam,
3145 3771 3309 3826 quam
3357 3755 3456 3809 ha;

1879 3861 1972 3917 bet
2001 3874 2125 3914 cum
2162 3873 2247 3924 eo,
2293 3856 2440 3928 quod
2473 3863 2557 3911 est
2591 3860 2801 3908 rectum
2835 3857 2889 3904 et
2919 3850 3232 3903 honestum.
3267 3845 3456 3901 Domi-

1883 3969 1990 4010 nus
2039 3952 2206 4024 igitur
2245 3957 2471 4020 propter
2515 3947 2632 4002 hmc
2670 3963 2688 3995 ι
2728 3943 2796 3999 dc
2827 3943 2967 3997 coelo
3009 3939 3252 4011 respexit
3293 3953 3458 4008 super

1884 4047 2026 4101 ﬁlios
2058 4043 2360 4098 hominum.
2398 4058 2416 4091 ι
2449 4036 2583 4104 Qua:
2606 4036 2771 4091 verba
2802 4033 3012 4088 Domini
3039 4033 3181 4087 inter
3212 4031 3460 4087 homines

1885 4133 2359 4192 conversationem
2418 4129 2704 4190 indicant,
2755 4125 2976 4196 quando
3025 4131 3330 4194 praeeuntes
3395 4123 3460 4178 ad

1885 4224 2330 4282 incredulitatem
2357 4218 2675 4276 sacerdotes
2707 4224 2761 4272 et
2783 4215 3110 4277 Pharisreos,
3141 4225 3190 4269 et
3216 4213 3462 4277 Scribas,

1887 4329 2078 4372 omnes
2133 4311 2338 4369 subditi
2393 4307 2568 4364 secuti
2617 4313 2746 4362 sunt
2781 4323 2793 4358 :
2826 4305 2902 4358 illi
2945 4305 3089 4359 enim
3143 4310 3322 4383 erant,
3369 4303 3460 4372 qui

1885 4405 2226 4477 blasphemis
2284 4401 2402 4458 suis
2451 4397 2709 4454 dentibus
2759 4396 3021 4466 populum
3079 4393 3366 4449 laniabant
3410 4403 3464 4447 et

2975 4506 2990 4538 ι
3028 4485 3464 4556 Trepidaverunt

1889 4591 2107 4654 timore,
2152 4587 2246 4642 ubi
2291 4599 2401 4640 non
2436 4590 2554 4638 erat
2595 4581 2782 4644 timor,
2817 4579 2909 4649 qui
2953 4577 3216 4634 devorant
3252 4576 3461 4646 plebem

1889 4695 2087 4745 meam,
2120 4688 2179 4734 ut
2202 4678 2384 4732 cibum
2411 4675 2590 4746 panis,
2626 4691 2644 4724 ι
2677 4671 2772 4742 qui
2805 4671 2944 4725 idem
2971 4669 3196 4724 morbus
3227 4676 3311 4723 est
3341 4683 3463 4724 cum

1889 4775 2020 4840 illis,
2059 4773 2150 4844 qui
2177 4786 2374 4843 aquam
2404 4773 2656 4824 metuunt
2691 4783 2704 4818 :
2741 4764 2834 4836 qui
2871 4763 2918 4819 si
2945 4778 3052 4834 quo
3081 4762 3244 4818 modo
3269 4776 3465 4832 aquam

1891 4866 2179 4922 admittere
2225 4868 2476 4934 possent,
2515 4858 2979 4914 medicamentum
3020 4857 3210 4925 utique
3250 4853 3466 4924 aliquod
3523 4848 3529 4854 ’

1893 4972 2007 5014 sua:
2033 4953 2374 5026 aegritudinis
2399 4952 2681 5014 haberent,
2715 4949 2808 5004 sed
2836 4956 3088 5004 metuunt
3116 4963 3179 5004 ea
3205 4948 3319 5018 ipsa
3349 4959 3468 5016 qua:

1894 5049 1963 5105 ad
1999 5049 2232 5105 salutem
2268 5053 2398 5101 sunt
2431 5042 2734 5115 proposita,
2786 5049 2841 5096 et
2891 5041 3072 5097 alieno
3116 5048 3245 5096 sunt
3282 5039 3464 5092 animo

1895 5143 1964 5198 ab
1995 5157 2062 5198 co
2088 5137 2233 5210 quod
2265 5144 2578 5198 conservat,
2637 5141 2896 5204 metuque
2923 5149 2990 5187 ne
3016 5137 3258 5202 pereant,
3298 5129 3466 5182 inter-

1896 5235 2030 5288 itum
2063 5231 2170 5287 sibi
2202 5237 2411 5286 creant.
2443 5226 2536 5282 Sic
2561 5233 2614 5281 et
2641 5226 2738 5291 illi,
2774 5225 3042 5279 clamante
3065 5221 3128 5274 ad
3155 5236 3248 5275 eos
3279 5217 3464 5272 fonte:

1901 5342 1921 5376 ι
1959 5322 2015 5377 Si
2048 5319 2172 5394 quis
2215 5320 2350 5387 sitit,
2391 5319 2578 5373 veniat
2621 5316 2687 5370 ad
2733 5330 2818 5369 me
2869 5321 2924 5368 et
2962 5312 3112 5366 bibat
3134 5309 3202 5374 9’,
3235 5327 3253 5358 ι
3287 5305 3470 5382 furore

1895 5413 2298 5472 incredulitatis
2333 5411 2388 5466 in
2414 5410 2610 5464 animae
2643 5405 2900 5478 potentiis
2933 5401 3322 5474 praeoccupati,
3357 5406 3470 5452 tre-

1893 5506 2154 5578 pidabant
2184 5503 2380 5559 timore
2406 5501 2498 5557 ubi
2529 5514 2638 5554 non
2671 5504 2789 5552 erat
2828 5495 3013 5557 timor,
3053 5503 3236 5561 potum
3273 5490 3469 5546 salutis

1897 5593 2198 5666 aspernati,
2222 5591 2527 5648 nescientes
2549 5589 2604 5644 in
2631 5581 3272 5658 generationejustorum
3297 5579 3470 5634 Deum
