3844 6374
462 322 571 381 567

1694 352 1750 408 S.
1794 353 2121 414 GREGORII
2157 360 2456 424 NYSSENI

3617 393 3717 450 568

455 458 601 507 ⁸⁸ης
637 450 730 517 ‘lui
762 450 855 507 dat
899 469 965 511 ex
1018 455 1152 514 Sion
1183 460 1426 520 salutare
1460 464 1664 537 Israel;
1710 473 1917 546 quique
1944 492 1996 533 ea

458 537 762 580 nlivilntam
805 544 978 580 nlnlﬁc
1011 563 1124 580 οιιηι
1175 552 1242 580 ηις
1277 568 1339 580 ιη.
1372 557 1461 580 -..ε
1493 573 1593 580 _-_
1624 576 1716 580 ..-η
1752 579 1771 580 η
1919 574 1931 580 -

2100 520 2108 542 ι
2133 482 2324 549 αὐτοῦ,
2356 486 2467 542 ἀπὸ
2493 488 2588 544 τοῦ
2615 494 2868 566 πονηρῶς
2890 496 2980 553 διά
3015 500 3111 573 τῆς
3140 502 3417 577 άμαρτίας
3447 509 3599 580 ἡμᾶς
3627 512 3715 566 al-

456 537 763 604 ptivitatem
803 544 981 614 plebis
1010 563 1144 615 sua},
1174 552 1243 607 ab
1274 568 1343 610 eo
1368 557 1463 627 qui
1493 573 1596 615 nos
1623 537 2032 634 per-peccatum

461 626 711 699 improbe
738 633 795 687 in
824 638 1145 697 servitutem
1183 626 1441 716 coniecit,
1476 626 1672 708 rursus
1697 626 1765 709 ad
1788 655 2032 728 seipsum

455 722 748 791 convertit,
775 728 997 796 quando
1040 746 1206 789 verus
1230 733 1471 793 Israelita
1507 749 1563 797 et
1599 722 1903 814 spiritualis
1938 747 2032 805 Ja-

452 810 556 864 cob
585 812 771 869 lanitia
800 828 854 873 et
891 822 1265 882 exsultatione
1310 831 1570 899 repletur.
1617 810 1827 893 Sensus
1864 838 2029 911 igitur

452 902 676 969 psalmi,
732 919 999 979 quantum
1050 916 1268 985 quidem
1317 920 1647 994 investigare
1699 933 1880 998 potui,
1931 948 2029 1002 per

450 990 568 1062 ipsa
608 997 803 1065 psalmi
834 1003 1021 1069 verba,
1055 1006 1102 1061 is
1133 1018 1240 1075 est,
1280 1026 1441 1081 quem
1480 1015 1615 1080 dixi,
1648 1035 1885 1091 cumque
1923 1024 2028 1080 hoc

449 1099 619 1140 sensu
652 1094 910 1146 convenit
943 1095 1235 1165 inscriptio
1263 1105 1479 1172 psalmi.
1512 1105 1645 1163 Nam
1683 1114 1879 1181 psalmi
1904 1131 2027 1171 ora-

450 1175 654 1232 tionem
715 1197 838 1238 esse
892 1186 1189 1255 epinicium
1255 1201 1489 1251 testatur
1546 1200 1864 1273 inscriptio,
1929 1223 2025 1278 per

447 1263 675 1321 chorum
718 1271 772 1324 in
827 1271 1107 1330 intellectu
1167 1285 1557 1353 compositum.
1641 1309 1658 1341 σ
1693 1290 1748 1345 In
1799 1294 1958 1350 linem
1998 1316 2017 1349 ι

444 1358 610 1424 enim,
643 1361 839 1432 inquit,
877 1385 896 1418 ‹
927 1383 1025 1437 pro
1051 1368 1304 1440 Maeletb,
1335 1394 1353 1427 ι
1388 1378 1534 1447 quod
1572 1400 1589 1432 ι
1622 1397 1716 1451 per
1737 1384 1964 1442 chorum
2000 1409 2017 1442 ι

327 1489 330 1492 .
444 1450 798 1522 interpretari
837 1458 981 1514 licet.
1015 1459 1122 1517 Pro
1165 1464 1258 1519 illo
1295 1483 1315 1519 ι
1349 1468 1403 1522 in
1437 1469 1622 1540 ﬁnem,
1660 1494 1678 1527 ι
1729 1477 1818 1532 alii
1854 1478 2024 1534 inter-

444 1550 628 1613 pretes
664 1546 1019 1605 reddiderunt
1051 1572 1064 1607 :
1097 1571 1115 1606 ι
1153 1556 1471 1627 epinicium,
1503 1581 1522 1615 ι
1561 1563 1663 1621 hoc
1707 1576 1813 1635 est,
1850 1589 1868 1620 ι
1900 1587 2022 1627 car-

439 1649 566 1690 men
598 1636 857 1694 victoriar.
890 1660 911 1694 ι

509 1726 726 1787 Rursus
783 1733 1035 1791 instituto
1091 1741 1284 1807 ordine
1327 1759 1526 1805 cursus
1578 1753 1845 1812 orationis
1893 1775 2019 1830 pro-

435 1832 699 1889 gressus,
744 1836 1111 1887 consentanee
1167 1836 1592 1906 cogitationibus
1650 1862 1863 1915 eorum,
1923 1854 2016 1923 qui

432 1909 748 1981 proﬁciunt,
780 1922 1159 1978 accommodat
1182 1924 1425 1986 historia:
1446 1934 1736 2005 aenigmata
1765 1951 1820 1994 et
1854 1909 2012 1998 inv-o-

432 2001 607 2071 lucra,
641 2010 861 2077 quando
916 2015 1053 2071 nihil
1101 2018 1371 2079 adversus
1420 2040 1523 2081 nos
1558 2001 1715 2101 boeg
1758 2032 1849 2088 ille
1885 2033 2014 2090 Idu-

428 2112 604 2157 maeas
655 2105 899 2173 molitur,
937 2107 992 2164 in
1055 2114 1241 2183 seipse
1289 2116 1598 2190 ambiguam
1638 2123 1809 2190 illam,
1858 2134 1913 2182 et
1954 2129 2009 2183 in

427 2188 629 2260 duplici
657 2194 897 2251 conﬁnio
918 2201 1152 2268 positam
1176 2188 1457 2264 mulorum
1476 2220 1726 2269 naturam
1752 2230 2005 2286 pascens.

431 2276 642 2335 Dictum
694 2295 775 2338 est
829 2297 1011 2343 autem
1061 2301 1115 2347 et
1164 2308 1354 2365 supra,
1414 2310 1701 2370 peceatum
1750 2322 1847 2377 per
1903 2309 2007 2366 hoc

425 2371 631 2428 animal
665 2376 961 2446 significari
997 2403 1010 2439 :
1043 2388 1504 2454 quemadmodum
1540 2396 1688 2450 enim
1721 2409 2003 2468 peccatum

426 2460 643 2519 fructus
671 2476 755 2523 est
784 2471 912 2540 ligni
950 2472 1099 2531 illius
1127 2477 1182 2532 in
1215 2488 1508 2553 utrumque
1532 2460 1751 2556 penduli
1776 2500 1829 2546 et
1861 2494 2005 2549 anci-

423 2552 593 2619 pitis,
638 2557 784 2626 quod
828 2560 1031 2617 bonum
1075 2572 1131 2620 et
1170 2568 1372 2624 malum
1421 2552 1727 2645 appellatur
1759 2582 2001 2640 :bonum

420 2640 679 2710 quidem,
739 2650 883 2718 quod
935 2659 1080 2724 tegat
1142 2665 1427 2724 peccatum
1454 2640 1773 2736 voluptatis
1833 2688 1996 2739 esca,

361 2760 369 2773 -
417 2748 581 2802 quam
624 2741 872 2809 corporis
901 2743 1062 2798 amici
1095 2744 1219 2801 loco
1252 2749 1378 2805 boni
1405 2756 1750 2827 corripiunt;
1792 2765 1995 2819 malum

416 2841 568 2893 vero,
612 2830 740 2898 quia
770 2833 827 2888 in
871 2849 1118 2894 amarum
1161 2853 1319 2898 exeat
1348 2844 1533 2914 linem,
1567 2851 1713 2919 quod
1755 2868 1905 2910 nunc
1936 2864 1996 2912 ut

414 2917 618 2974 bonum
670 2929 726 2977 et
781 2927 1072 2994 pulchrum
1121 2941 1277 2991 tanto
1330 2940 1514 2995 studio
1563 2917 1829 3012 qumritur
1865 2963 1877 2998 :
1914 2947 1992 3004 sic

413 3009 577 3063 etiam
608 3012 795 3070 videre
834 3017 960 3074 licet
983 3022 1273 3096 utriusque
1309 3036 1540 3098 naturae,
1582 3036 1708 3105 equi
1736 3036 1994 3095 videlicet

411 3109 466 3157 et
508 3103 672 3170 asini,
711 3109 959 3179 symbola
1005 3121 1060 3168 et
1100 3125 1262 3174 notas
1309 3120 1364 3174 in
1412 3137 1498 3190 eo,
1541 3123 1610 3180 de
1636 3103 1749 3197 quo
1798 3128 1993 3200 loquor

412 3193 658 3262 animali,
709 3206 771 3252 ut
811 3202 1039 3270 perinde
1092 3206 1236 3263 idem
1284 3211 1468 3268 mulus
1511 3215 1584 3270 sit
1625 3193 1679 3272 et
1720 3193 1896 3291 equus
1941 3231 1997 3279 et

412 3284 628 3350 asinus,
659 3305 771 3345 non
811 3293 1033 3363 quidem
1066 3298 1284 3355 divisim
1328 3311 1642 3377 utrumque,
1671 3311 1765 3365 sed
1810 3312 1994 3378 simul,

409 3377 467 3430 in
504 3393 671 3434 unam
718 3382 926 3454 duplici
972 3389 1295 3448 animalium
1329 3403 1524 3453 natura
1567 3400 1635 3455 ad
1670 3403 1798 3458 novi
1829 3405 1995 3475 hujus

408 3470 662 3529 animalis
731 3479 1181 3555 constitutionem
1254 3489 1543 3546 commista
1613 3500 1668 3549 et
1738 3496 1990 3553 confusa.

408 3559 641 3633 Quando
669 3564 837 3635 igitur
876 3571 1181 3644 alienigena
1227 3575 1338 3645 ille,
1384 3579 1451 3635 de
1483 3596 1596 3653 quo
1631 3585 1867 3656 agimus,
1907 3596 1994 3660 ty-

404 3668 583 3711 ranno
656 3668 901 3717 nostram
975 3667 1120 3736 apud
1189 3671 1528 3731 sacerdotem
1602 3683 1991 3738 commoratio-

401 3761 528 3802 nem
572 3757 627 3804 et
659 3757 1135 3815 conversationem
1183 3761 1410 3837 indicat,
1444 3767 1646 3826 deinde
1693 3787 1796 3829 nos
1837 3789 1986 3841 eum,

400 3837 498 3907 qui
530 3837 585 3894 in
616 3842 825 3898 malitia
854 3845 1145 3915 gloriatur,
1177 3860 1232 3908 et
1275 3855 1332 3909 in
1359 3856 1654 3928 iniquitate
1683 3866 1987 3932 potentiam

397 3936 454 3985 et
480 3930 626 3987 vires
655 3949 788 3991 suas
817 3938 1075 4006 collocat,
1110 3941 1296 3999 divina
1325 3962 1429 4017 ope
1453 3930 1899 4022 superaverinius
1930 3964 1986 4014 et

399 4036 467 4078 ex
524 4023 903 4085 dominatione
950 4031 1450 4105 deturbaverimus,
1511 4040 1872 4115 funditusque
1916 4063 1985 4104 ex

401 4120 545 4169 terra
579 4116 879 4175 viventium
930 4126 1319 4193 evulserimus,
1365 4128 1495 4186 facti
1536 4133 1702 4202 oliva,
1736 4137 1985 4193 multitu-

397 4206 526 4263 dine
556 4207 835 4266 fructuum
863 4213 982 4270 laeta
1015 4226 1065 4273 et
1095 4229 1315 4285 onusta,
1344 4231 1397 4276 et
1427 4238 1523 4294 per
1544 4239 1696 4296 spem
1726 4228 1781 4283 in
1812 4227 1979 4286 Deum

392 4302 766 4368 corroborati,
814 4314 945 4363 tunc
979 4310 1386 4371 celebrabimus
1428 4314 1485 4369 in
1518 4317 1738 4374 choreis
1782 4319 1977 4378 adver-

391 4410 489 4452 sus
538 4397 814 4455 devictum
853 4416 883 4457 a
918 4404 1081 4461 nobis
1128 4404 1338 4464 hostem
1387 4411 1646 4481 epinicia,
1688 4424 1819 4471 tunc
1864 4432 1976 4473 me-

2134 574 2609 648 χμαλωτίσαντος,
2639 584 2802 641 πάλιν
2832 588 2971 661 πρὸς
3006 574 3196 652 ἑαυτὸν
3224 574 3595 670 ἐπιστρέᾷυν.
3629 604 3713 657 δτι

2132 664 2338 733 γίνεται
2384 670 2443 722 ἑν
2485 671 2792 748 εὐφροσύνῃ
2833 680 2929 733 καὶ
2976 682 3341 757 ἀγαλλιάματι
3461 664 3715 763 ἀληθινὸς

2130 755 2506 833 Ἰσραηλίτης,
2560 764 2656 819 καὶ
2688 769 3059 841 πνευματικὸς
3097 755 3312 835 Ἰακώϐ.
3371 780 3435 834 Ἦ
3487 755 3592 852 μὲν
3624 755 3714 839 οὖν

2127 844 2334 902 διάνοια
2358 853 2456 921 τῆς
2478 852 2819 927 ψαλμῳδίας,
2854 862 3035 929 καθὼς
3062 865 3269 931 ἔξεστιν
3301 844 3597 945 εὑρεῖν-διὰ
3626 878 3713 930 τὸν

2127 939 2386 1007 προϊόντα
2414 943 2521 996 τῶν
2554 946 2751 1011 λέξεων
2776 951 2877 1022 τῆς
2896 953 3233 1028 ψαλμῳδίας,
3264 939 3517 1034 τοιαύτη.
3565 965 3634 1018 Ἡ
3660 967 3712 1021 δὲ

2126 1030 2405 1105 ἐπιγραφὴ
2456 1036 2551 1090 τοῦ
2576 1038 2792 1113 ψαλμοῦ
2824 1047 3109 1117 συμϐαίνει
3140 1051 3276 1123 πρὸς
3315 1054 3416 1125 τὴν
3442 1030 3709 1114 διάνοιαν.

2138 1123 2431 1180 Ἐπινίκιον
2456 1128 2565 1201 γάρ
2586 1127 2725 1187 εἶναι
2746 1136 2839 1191 τὸν
2866 1138 3022 1208 λόγον
3046 1146 3146 1214 τῆς
3170 1123 3513 1218 ψαλμῳδίας,
3532 1153 3570 1223 ἡ
3595 1153 3712 1207 ἑπι-

2124 1213 2311 1286 γραφὴ
2358 1219 2632 1288 σημαίνει,
2664 1222 2753 1277 διὰ
2794 1228 3013 1299 χορείας
3042 1213 3110 1284 ὲν
3139 1213 3352 1288 συνέσει
3379 1213 3707 1309 γινόμενον

2121 1327 2142 1363 ι
2173 1310 2266 1375 Εἰς
2294 1309 2354 1365 τὸ
2375 1311 2530 1378 τέλος
2558 1333 2578 1368 ι
2606 1315 2738 1388 γὰρ,
2765 1319 2951 1391 φησὶν.
2979 1339 3001 1375 t
3039 1324 3183 1397 ὑπὲρ
3207 1327 3446 1397 Maeli-.0,
3478 1348 3500 1384 ι
3524 1332 3556 1385 6
3584 1350 3608 1386 ι
3631 1332 3718 1390 διὰ

2122 1397 2346 1470 χορείας
2375 1417 2394 1451 ι
2430 1400 2817 1473 ἑρμηνεύεται.
2847 1407 2956 1463 Kal.
2979 1410 3101 1466 ἀντὶ
3127 1411 3222 1467 τοῦ
3246 1434 3264 1467 ι
3297 1417 3377 1481 είς
3399 1416 3463 1471 τδ
3488 1418 3674 1489 τέλος,
3691 1444 3713 1477 ι

2113 1488 2291 1559 ἕτεροι
2330 1488 2447 1546 τῶν
2476 1492 2762 1565 ἑρμηνέων
2796 1516 2816 1550 ι
2845 1499 3115 1558 ἐπινίκιον
3153 1522 3174 1556 ι
3210 1504 3605 1568 ἑκδεδὼκασιν.

2192 1765 2361 1819 Πάλιν
2388 1765 2477 1821 διά
2505 1768 2613 1823 τῶν
2661 1770 2969 1827 ἀκολούθων
3003 1775 3211 1845 προῖὼν
3234 1778 3262 1831 ό
3286 1777 3464 1847 λόγος,
3508 1784 3704 1837 καταλο

2052 1832 2094 1887 Β
2118 1855 2291 1927 λήλως
2317 1860 2428 1925 τοῖς
2454 1858 2539 1913 διὰ
2562 1861 2662 1933 τῆς
2676 1854 2973 1935 ⁴προκοπῆς
2999 1832 3385 1939 εόρισκόμενος
3421 1832 3708 1944 μασιν

2117 1950 2418 2020 ἐφαρμόζει
2444 1951 2513 2006 τά
2538 1953 2637 2024 τῆς
2665 1954 2905 2026 ἱστορίας
2929 1956 3248 2028 αἰνίγματα,
3270 1959 3396 2013 ὅταν
3417 1959 3701 2032 ἄπρακτος

2113 2041 2340 2114 γένηται
2365 2042 2486 2097 καθ’
2519 2045 2676 2117 ἡμῶν
2699 2048 2728 2100 6
2757 2047 2916 2120 Δωὴκ
2942 2052 3149 2114 ἐκεῖνος
3176 2053 3205 2104 6
3245 2053 3573 2125 Ἰδουμαῖος,
3608 2057 3702 2129 τὴν

2112 2134 2656 2205 ὲπαμφοτερίζουσαν
2686 2137 2794 2192 τῶν
2839 2140 3078 2211 ἡμιόνων
3122 2142 3281 2212 φύσιν
3312 2145 3369 2197 ὲν
3403 2146 3593 2217 ἐαυτῷ
3622 2165 3700 2200 νοο

2112 2222 2313 2294 μεύων.
2363 2225 2591 2298 Εἴρηται
2636 2227 2693 2281 δὲ
2734 2227 2891 2282 τοῦτο
2935 2231 3027 2285 καὶ
3072 2234 3133 2286 ἐν
3173 2234 3443 2305 φθάσασιν
3469 2278 3485 2302 ,
3538 2238 3622 2292 ὅτι
3663 2240 3694 2307 ἡ

2107 2314 2352 2386 ἁμαρτία
2382 2315 2472 2369 διά
2515 2317 2610 2370 τοῦ
2646 2317 2785 2383 ζώου
2817 2321 3007 2374 τούτου
3057 2324 3401 2394 σημαίνεται.
3465 2329 3563 2393 Ὧς
3594 2330 3697 2400 γάρ

2106 2406 2248 2478 αὑτὴ
2283 2409 2813 2487 ἐπαμφοτερίζοντας
2842 2412 3054 2467 ἐκείνου
3096 2414 3191 2469 τοῦ
3220 2415 3374 2481 ξύλου
3404 2418 3529 2473 ἐστὶ
3564 2438 3692 2493 κειρ⁴

2104 2497 2228 2563 πὸς,
2256 2497 2315 2551 δν
2349 2484 2513 2574 καλὸν
2549 2502 2642 2555 καὶ
2676 2504 2910 2574 πονηρὸν
2939 2504 3195 2577 ὀνομάζει
3231 2510 3259 2561 6
3285 2508 3463 2578 λόγος,
3504 2484 3690 2574 καλὸν,

2103 2591 2196 2643 καὶ
2224 2589 2312 2643 διὰ
2342 2590 2404 2644 τὸ
2434 2591 2773 2662 κεκαλύφθαι
2806 2593 2907 2664 τὴν
2938 2594 3215 2668 ἁμαρτίαν
3252 2596 3329 2669 τῷ
3360 2599 3462 2669 τῆς
3497 2602 3692 2673 ἠδυνῆς

2099 2682 2427 2755 δελεάσματα.
2453 2724 2467 2748 ,
2507 2685 2576 2757 ἢν
2605 2686 2726 2740 ἀντὶ
2767 2687 2935 2742 καλοῦ
2986 2690 3341 2763 μετέρχονται
3372 2694 3423 2746 οἱ
3455 2696 3559 2749 τοῦ
3595 2696 3693 2750 σώ-

2104 2792 2275 2846 ματος
2306 2776 2475 2845 φίλοι⁹
2503 2777 2739 2849 πονηρὸν
2772 2778 2828 2832 δὲ
2860 2780 3044 2846 πάλιν,
3073 2782 3157 2835 ὅτι
3180 2785 3260 2848 εἰς
3299 2785 3497 2857 πικρὸν
3535 2806 3692 2845 κατα.

2096 2866 2253 2938 λήγει
2281 2867 2475 2939 πέρας,
2504 2867 2566 2921 τὸ
2586 2866 2682 2922 νῦν
2713 2869 2789 2934 ὡς
2816 2870 2980 2925 καλὸν
3012 2874 3481 2947 σπουδαζόμενοψ
3517 2880 3690 2944 οὕτως

2095 2959 2242 3013 ἐστιν
2280 2958 2545 3030 ἑκατέρας
2577 2958 2814 3030 φύσεως,
2847 2960 3018 3015 ἵππου
3044 2979 3104 3016 τε
3137 2965 3232 3018 καὶ
3254 2966 3399 3032 δνου,
3442 2967 3517 3022 τὰ
3559 2972 3691 3040 σύμ-

2094 3047 2225 3102 ϐολα
2269 3051 2399 3122 περὶ
2432 3049 2494 3104 τὸ
2528 3050 2885 3123 ὑποκείμενον
2913 3052 3053 3118 ζῶον
3085 3054 3212 3110 ίδεῖν
3232 3072 3247 3085 ’
3293 3058 3370 3121 ὡς
3412 3053 3560 3114 εἶναι
3593 3061 3685 3132 τὴν

2021 3179 2064 3238 C
2097 3141 2318 3212 ἡμίονον
2354 3140 2416 3195 τὺ
2436 3142 2578 3224 ,αὐτὸ
2609 3143 2707 3197 καὶ
2740 3144 2910 3199 ἵππον
2964 3147 3058 3200 καὶ
3086 3147 3226 3213 ὄνον,
3255 3151 3316 3203 οὐ
3341 3149 3685 3224 διῃρημένης

2101 3233 2379 3305 ἑκάτερον,
2421 3220 2537 3289 ἀλλ’
2572 3235 2629 3290 ἐν
2659 3236 2739 3291 ἑνὶ
2770 3237 2837 3291 τὰ
2870 3239 2985 3304 δύο,
3020 3240 3120 3311 τῆς
3159 3241 3355 3313 διπλῆς
3384 3220 3683 3311 ⁷ζώων

2097 3323 2313 3393 φύσεως
2354 3324 2494 3397 πρὸς
2528 3325 2628 3398 τὴν
2676 3326 2770 3381 τοῦ
2822 3327 2962 3394 ζώου
3011 3330 3354 3403 ἀπεργασίαν
3401 3352 3682 3409 κατακρα-

2095 3412 2304 3487 θείσης.
2349 3417 2521 3470 Ὅταν
2554 3418 2735 3472 τοίνυν
2791 3422 3033 3493 μηνυτὴς
3065 3424 3288 3496 γένηται
3323 3426 3400 3498 τῷ
3432 3433 3679 3501 τυράννῳ

2092 3504 2190 3576 τῆς
2228 3505 2382 3577 παρά
2441 3505 2521 3578 τῷ
2576 3509 2713 3580 ἱερεί
2762 3508 3045 3582 διαγωγῆς
3091 3514 3247 3585 ἡμῶν
3300 3517 3329 3569 6
3381 3516 3679 3587 ἀλλόφυλος

2091 3597 2320 3664 ἐκεῖνος,
2351 3598 2410 3653 ὃν
2443 3600 2769 3671 ὲνοήσαμεν.
2801 3597 2921 3655 εἶτα
2948 3605 3111 3673 ἡμεῖς
3143 3606 3233 3661 τὸν
3261 3608 3318 3660 ὲν
3348 3608 3520 3682 κακίᾳ
3549 3627 3678 3664 καυ-

2090 3688 2338 3759 χώμενον
2360 3728 2376 3754 ,
2422 3691 2518 3746 καὶ
2556 3694 2616 3745 ὲν
2662 3693 2864 3766 ἀνομίᾳ
2913 3698 3257 3768 κεκτημένον
3294 3698 3392 3769 τὴν
3420 3700 3673 3771 δύναμιν,

2088 3779 2177 3833 διὰ
2210 3780 2311 3852 τῆς
2358 3779 2508 3845 θείας
2552 3783 2870 3855 συμμαχίας
2912 3785 3232 3858 καθέλωμέν
3278 3805 3339 3841 τε
3384 3789 3488 3860 τῆς
3516 3789 3674 3845 δυνα-

2088 3869 2294 3933 στείας.
2325 3870 2420 3925 καὶ
2449 3870 2821 3943 προθέλυμνον
2853 3872 3016 3927 αὑτὸν
3045 3876 3109 3928 ὲκ
3136 3874 3236 3946 τῆς
3271 3875 3376 3945 γῆς
3399 3875 3515 3929 τῶν
3545 3876 3674 3941 ζών-

2086 3977 2198 4015 των
2230 3959 2719 4033 ἀναρῤιζὼσωμεν,
2752 3961 2911 4017 ὲλαία
2934 3964 3216 4036 γενόμενοι
3244 3964 3324 4036 τῷ
3346 3963 3544 4037 πλήθει
3566 3964 3670 4018 τῶν

2084 4055 2314 4129 καρπῶν
2343 4055 2688 4128 ἀγαλλομένη
2723 4057 2819 4111 καὶ
2864 4056 3145 4129 βρίθουσα,
3189 4058 3284 4112 καὶ
3327 4058 3415 4112 διὰ
3462 4059 3567 4129 τῆς
3594 4060 3671 4121 είς

2083 4149 2218 4205 Θεὸν
2258 4147 2471 4213 ἐλπίδος
2522 4148 2931 4221 δυναμωθέντες
2989 4150 3341 4222 χορεύσωμεν
3386 4152 3533 4207 κατὰ
3576 4149 3666 4204 τοῦ

2081 4241 2411 4315 ἡττηθέντος
2447 4240 2515 4296 τὰ
2549 4242 2821 4296 ἐπινίκια·
2857 4242 2980 4297 τότε
3015 4242 3158 4297 κατά
3194 4243 3496 4346 λόγον-τοίς
3526 4244 3666 4346 ὑψηί

2079 4332 2323 4405 λοτέροις
2387 4329 2792 4405 προσσαίνομεν
2818 4375 2833 4399 ,
2887 4334 3058 4399 ὅντως
3116 4335 3259 4389 κατά
3312 4336 3413 4409 τὴν
3469 4336 3527 4413 sv
3588 4334 3667 4406 τῷ

2087 4424 2331 4496 Ἀσματι
2354 4423 2561 4496 φωνὴν,
2584 4443 2604 4478 ι
2630 4425 2735 4498 ὅρη
2749 4426 3118 4500 διαπηδῶντες
3144 4429 3238 4485 καὶ
3269 4427 3481 4500 βουνοῖς
3502 4428 3666 4500 ἐφαλ-

392 4489 501 4544 rito
528 4491 760 4562 gradum
792 4495 859 4550 ad
884 4497 1080 4553 altiora
1108 4497 1399 4568 faciemus,
1427 4519 1573 4574 vere,
1607 4515 1667 4561 ut
1698 4507 1755 4562 in
1783 4508 1971 4564 Canti-
2004 4519 2049 4574 D
2076 4515 2311 4587 λόμενοι.
2347 4536 2369 4570 ι

388 4582 469 4637 cis
501 4583 729 4650 dicitur,
770 4605 791 4639 ι
831 4589 1094 4647 salientes
1129 4592 1183 4648 in
1235 4596 1517 4656 montibus
1570 4606 1626 4656 et
1660 4603 1976 4661 transilien-

387 4680 471 4729 tcs
500 4677 671 4732 colles
686 4678 757 4732 “.
797 4698 815 4731 ι
1166 4750 1171 4754 δ

454 4765 723 4833 Quisnam
758 4771 923 4842 igitur
953 4776 1056 4832 iste
1093 4794 1250 4837 mons
1284 4790 1387 4847 est,
1430 4785 1497 4841 ad
1531 4801 1694 4857 quem
1724 4805 1871 4846 nunc
1900 4806 1966 4846 ex

381 4859 587 4929 prioris
647 4866 873 4929 montis,
923 4871 1082 4939 quasi
1126 4875 1467 4940 nolionibus,
1510 4881 1745 4937 resultat
1785 4882 1969 4939 denuo

382 4954 494 5008 alia
520 4954 775 5022 victoria,
809 4966 864 5013 et
892 4961 986 5015 alii
1011 4962 1198 5033 hymni
1232 4982 1399 5037 super
1422 4970 1650 5026 victoria
1679 4989 1779 5044 per
1804 4976 1966 5032 intel-

377 5045 656 5118 ligentiam
689 5048 880 5105 Davidi
904 5052 1185 5109 confecti?
1217 5057 1319 5124 Qui
1339 5059 1452 5128 jam
1487 5062 1689 5119 bellum
1721 5076 1961 5134 movent,

330 5192 345 5202 ,
376 5153 486 5193 non
541 5149 672 5195 sunt
718 5142 955 5213 amplius
1003 5144 1071 5200 de
1120 5162 1286 5221 grege
1329 5153 1624 5221 mulorum,
1668 5155 1765 5211 sed
1812 5158 1964 5212 natio

375 5224 765 5297 Ziplmorum,
836 5234 931 5304 qui
983 5238 1270 5307 angustias
1317 5242 1523 5299 arentis
1572 5253 1628 5300 et
1684 5247 1963 5305 siticulosi

374 5320 641 5377 transitus
682 5322 959 5390 obsident,
991 5335 1047 5381 et
1090 5328 1316 5397 quando
1357 5342 1638 5403 nequeunt
1668 5337 1961 5407 prohibere
1996 5368 2003 5371 -

375 5412 624 5463 nostrum
653 5426 751 5481 per
781 5416 1068 5484 angustias
1109 5418 1232 5474 illas
1262 5420 1386 5486 iter,
1416 5422 1600 5480 tristes
1630 5427 1701 5482 ob
1725 5429 1959 5483 salutem

376 5504 646 5563 nostram,
684 5517 1091 5574 prosperosque
1131 5523 1427 5568 successus
1479 5512 1738 5570 evadunt.
1774 5517 1960 5589 inquit

380 5585 525 5638 cuitu
559 5606 572 5641 :
610 5606 630 5640 ι
661 5588 720 5644 In
751 5592 911 5651 linem
964 5597 1277 5659 intellectus
1307 5603 1364 5660 in
1401 5604 1742 5664 carminibus
1764 5585 1958 5675 David,

453 5759 497 5791 "
543 5759 751 5817 Cantic.
798 5784 858 5838 ιι,
906 5777 968 5830 8.

2145 4793 2212 4847 Τί
2237 4787 2331 4848 οὖν
2367 4794 2483 4847 ἐστι
2536 4792 2696 4848 τοῦτο
2735 4792 2798 4846 τὸ
2828 4792 2955 4864 δρος
2985 4793 3070 4862 ἐφ’
3105 4785 3182 4848 ὧν
3212 4791 3306 4848 νῦν
3337 4792 3367 4845 6
3403 4791 3563 4862 λόγος
3594 4794 3655 4846 ἐκ

2070 4884 2166 4938 τοῦ
2192 4882 2460 4955 προτέρου
2499 4882 2659 4957 ὅρους
2686 4881 2794 4937 τῶν
2837 4884 3125 4957 νοημάτων
3169 4883 3492 4955 μεθάλλεται
3522 4885 3653 4954 ἄλλη

2076 4975 2202 5047 νίκη
2243 4974 2434 5040 πάλιν,
2466 4976 2559 5029 καὶ
2595 4974 2743 5030 ἄλλοι
2791 4975 2886 5029 ἐπὶ
2935 4978 3002 5047 τῇ
3059 4976 3185 5049 νίκῃ
3218 4975 3377 5047 ὕμνοι
3401 4977 3491 5031 διὰ
3533 4995 3654 5031 συν-

2071 5066 2242 5130 έσεως
2278 5064 2355 5132 τίς,
2376 5065 2541 5120 Δαόὶδ
2574 5065 3036 5137 κατορθούμενοι;
3066 5067 3117 5119 οἱ
3138 5066 3197 5120 δὲ
3222 5066 3499 5133 κινοῦντες
3529 5068 3653 5131 τοὺς

2070 5157 2289 5227 ἀγῶνάς
2326 5159 2465 5212 εἰσιν
2506 5157 2688 5211 οὐκέτι
2721 5158 2959 5229 ἡμιόνων
2992 5158 3162 5231 ἀγέλη
3182 5199 3199 5223 ,
3228 5158 3367 5213 ἀλλά
3397 5160 3649 5231 Ζηφαίων

2067 5249 2242 5316 ἔθνος.
2296 5250 2360 5303 Οἱ
2409 5250 2525 5313 τοῖς
2575 5250 2785 5313 στενοῖς
2822 5249 2922 5321 τῆς
2975 5249 3295 5322 αὐχμώδους
3348 5251 3648 5314 διαϐάσεως

2068 5340 2496 5413 προκαθήμενοι,
2532 5340 2661 5395 ὅταν
2688 5339 2929 5396 κωλῦσαι
2958 5340 3058 5412 τὴν
3095 5340 3185 5396 διά
3222 5341 3317 5395 τοῦ
3347 5343 3531 5446 στενοδ
3558 5359 3647 5446 πο-

2065 5435 2217 5506 ρείαν
2238 5433 2400 5506 ἡμῶν
2421 5432 2850 5503 ἀδυνατήσωσιν,
2883 5432 2975 5487 τὸν
3004 5432 3096 5487 ἐπὶ
3117 5435 3184 5504 τῇ
3217 5434 3460 5505 σωτηρίᾳ
3486 5432 3642 5505 ἡμῶν

2061 5526 2427 5598 λυπούμενονο
2459 5527 2583 5589 «Εἰς
2606 5525 2667 5579 τὸ
2697 5525 2850 5588 τέλος
2876 5544 2895 5577 ι
2939 5524 3079 5597 γὰρ,
3109 5525 3297 5597 φησιν,
3336 5543 3357 5576 σ
3382 5526 3639 5587 συνέσεως

2062 5620 2119 5673 ὲν
2145 5617 2333 5690 ὕμνοις
2358 5616 2437 5690 τῷ
2463 5615 2646 5673 Δαόὶδ.
2680 5618 2737 5670 ὲν
2769 5615 2845 5688 τῷ
2870 5615 3046 5671 ὲλθείν
3070 5615 3195 5680 τοὺς
3211 5616 3512 5688 Ζηφαίους,
3544 5613 3638 5668 καὶ
