3844 6384
205 413 318 473 569

1634 434 1701 492 ΙΝ
1743 435 1868 494 PSA
1878 436 2085 494 LMOS.

3374 442 3477 501 570

199 537 384 592 εἰπεῖν
413 534 499 608 τῷ
522 537 859 604 Σαοὺλ,Ἰδοὺ
886 540 1052 597 Δαϐὶδ
1084 542 1390 616 κέκρυπται
1421 546 1552 618 παρ’
1583 546 1735 617 ἡμῖν.

1896 556 2022 597 cum
2052 541 2333 598 venissent
2360 541 2586 613 Ziphzei,
2633 552 2689 600 et
2722 543 2996 600 dixissent
3021 545 3089 601 ad
3123 547 3254 605 Saul
3293 537 3311 605 Ξ
3336 551 3478 608 Ecce
3512 548 3521 557 “

194 627 443 692 Πάντως
473 630 529 684 δέ
565 633 594 684 ὁ
631 631 730 703 τὴν
778 632 1019 705 ἱστορίαν
1045 635 1145 688 οὐκ
1170 635 1408 704 ἀγνοῶν,
1440 632 1581 690 οῐδεν
1609 637 1793 691 στενὸν

194 719 296 774 καὶ
317 720 592 793 αὐχμώδη
619 722 783 777 τόπον
811 724 871 777 ἐν
900 724 981 796 τῷ
1003 725 1157 797 μέρει
1183 726 1360 799 τούτῳ
1386 727 1791 798 μνημονευόμε-

193 825 310 864 νον.
343 812 453 865 Διά
481 811 538 865 δὲ
566 812 671 883 τῆς
698 814 1152 888 ἀπεστενωμένης
1181 816 1354 870 διόδου
1379 858 1395 884 ,
1427 816 1526 889 τὴν
1559 818 1793 887 εὐαγγε·

193 899 361 972 λικὴν
397 903 504 973 τῆς
559 903 834 973 βασιλείας
860 905 979 959 όδὸν
1028 908 1366 979 ἐνοήσαμεν,
1420 907 1489 979 ἢν
1522 907 1789 962 κωλύουσι

197 993 301 1063 μὲν
320 995 373 1046 oi
407 997 661 1066 Ζηφαῖοι,
688 996 833 1051 τοῦτ’
859 997 1026 1064 ἔστιν,
1056 999 1117 1053 τὸ
1145 999 1442 1068 ἀλλόφυλον
1466 999 1577 1053 τῶν
1601 999 1790 1071 δαιμόο

194 1100 302 1137 νων
332 1084 525 1153 ἔθνος,
567 1088 614 1141 oi
638 1088 909 1160 ὑπηρέται
931 1090 1031 1161 τῆς
1061 1091 1443 1163 ἀντικειμένης
1469 1090 1749 1163 δυνάμεως
1768 1107 1783 1122 ⁸

194 1176 555 1248 εὑρίσκουσιν
582 1179 639 1233 δέ
670 1182 718 1233 οί
748 1182 920 1250 ὀλίγοι
950 1184 999 1236 οἱ
1020 1183 1118 1253 τὴν
1150 1182 1409 1237 πλατεῖαν
1447 1182 1787 1253 ἀποστρεφό-

197 1285 370 1339 μενοι.
413 1270 572 1340 Ἔχει
604 1271 721 1342 δέἡ
770 1271 917 1338 λέξις
947 1273 1048 1345 τῆς
1096 1274 1334 1345 ἱστορίας
1375 1272 1583 1338 οὕτως’
1630 1274 1785 1329 «Οὐκ

196 1360 309 1413 ἰδοὺ
361 1362 540 1415 Δαϐὶδ
573 1363 882 1433 κέκρυπται
914 1365 973 1418 ἐν
1002 1366 1231 1436 Μασερά
1267 1368 1398 1437 παρ’
1426 1367 1555 1437 ἡμῖν
1582 1366 1640 1420 ἐν
1668 1368 1784 1430 τοῖς

194 1454 406 1513 στενοῖς
437 1452 501 1505 ἐν
527 1451 606 1523 τῷ
634 1452 834 1524 βουνῷ;
863 1472 880 1505 ι
929 1453 1146 1524 ἀληθῶς
1186 1454 1295 1525 γὰρ
1332 1456 1398 1525 τῇ
1426 1457 1585 1526 στενῇ
1609 1454 1779 1526 ταύτῃ

192 1544 239 1594 οί
271 1540 422 1594 κατὰ
479 1542 612 1595 Θεὸν
652 1543 851 1608 ζῶντες
885 1545 1407 1617 ἐναποκρύπτονται.
1435 1545 1686 1600 Δείκνυσι
1723 1546 1781 1599 δὲ

190 1633 400 1704 ταύτην
453 1636 585 1705 ἡμῖν
611 1635 710 1706 τὴν
756 1634 928 1707 όδὸνὴ
962 1636 1136 1709 Καινὴ
1164 1637 1405 1709 Διαθήκη
1429 1679 1443 1703 ,
1470 1638 1537 1691 δι’
1567 1634 1636 1709 ἧς
1665 1639 1777 1694 ἐστι

193 1726 331 1795 πρὸς
352 1726 459 1796 τὴν
487 1726 798 1799 ἀκροτάτην
824 1728 919 1781 τοῦ
948 1727 1109 1798 ὅρους
1136 1729 1379 1801 κορυφὴν
1408 1728 1652 1785 ἀνελθεῖν
1675 1773 1688 1795 ,
1711 1733 1778 1802 ῆν

194 1816 383 1886 βουνὸν
412 1817 675 1887 ὀνομάζει
698 1821 726 1872 ὁ
749 1819 906 1887 λόγος
927 1819 1025 1889 τῆς
1065 1820 1323 1891 ἱστορίας.
1358 1820 1527 1875 Ὅταν
1556 1816 1648 1875 οὖν
1677 1820 1777 1894 τὴν

1899 630 2069 687 David
2109 632 2469 689 absconditus
2500 642 2583 690 est
2618 635 2762 705 apud
2809 651 2912 691 nos
2937 636 3006 690 ’⁵.
3038 656 3057 690 ι
3092 637 3329 695 Omnino
3377 656 3477 696 au-

1898 730 2006 778 tem
2049 724 2097 780 is
2125 724 2220 795 qui
2248 723 2495 780 historiae
2533 725 2759 796 ignarus
2793 742 2904 781 non
2950 714 3055 792 est,
3103 729 3273 798 probe
3304 730 3473 795 videt,

1896 831 1995 887 per
2048 823 2340 888 angustum
2394 824 2450 873 et
2497 825 2739 873 arentem
2792 819 2997 885 locum,
3057 819 3218 890 cujus
3271 820 3364 877 hic
3410 821 3470 876 ﬁt

1894 907 2127 973 mentio,
2179 914 2235 964 et
2278 923 2376 979 per
2426 908 2719 965 transitum
2775 908 2912 965 adeo
2969 909 3037 965 ad
3070 913 3467 982 penetrandum

1892 996 2188 1062 ditiicilem,
2237 998 2605 1068 evangelicam
2644 997 2791 1052 illam
2824 1000 2977 1070 regni
3025 1001 3267 1056 cmlestis
3301 1001 3467 1059 semi-

1893 1094 2003 1142 tam
2047 1087 2457 1157 intelligendam
2504 1102 2661 1152 esse,
2713 1106 2821 1160 qua
2852 1106 2953 1146 nos
2988 1092 3208 1162 quidem
3259 1091 3465 1162 Ziphaei

1891 1180 2207 1252 prohibent,
2254 1181 2361 1236 hoc
2415 1187 2523 1244 est,
2571 1182 2875 1253 alienigena
2927 1183 3233 1239 daemonum
3288 1186 3461 1250 natio,

1890 1272 2131 1328 ministri
2161 1272 2493 1329 adversariae
2518 1275 2822 1344 potestatis.
2863 1266 3151 1331 Inveniunt
3178 1293 3307 1333 vero
3338 1293 3461 1333 eam

1890 1365 2050 1433 pauci
2097 1364 2194 1428 illi,
2238 1366 2330 1435 qui
2373 1366 2537 1418 latam
2573 1365 2714 1420 viam
2759 1373 3097 1422 aversantur.
3143 1367 3235 1423 Sic
3279 1378 3460 1425 autem

1888 1453 2135 1508 historia:
2178 1469 2300 1510 sese
2358 1455 2505 1510 illius
2560 1457 2803 1511 narratio
2851 1458 2918 1512 ad
2966 1460 3192 1513 verbum
3239 1461 3455 1515 habet:

1892 1559 1911 1595 ι
1939 1541 2133 1599 Nonne
2152 1559 2281 1601 ecce
2302 1544 2472 1601 David
2498 1547 2854 1604 absconditus
2888 1558 2970 1604 est
2999 1551 3052 1605 in
3080 1550 3289 1607 Masera
3314 1552 3458 1622 apud

1887 1649 1990 1690 nos
2020 1636 2077 1688 in
2112 1637 2403 1705 angustiis,
2435 1636 2489 1691 in
2523 1639 2701 1693 colle?
2730 1659 2748 1690 ι
2783 1655 2913 1695 vere
2951 1642 3097 1696 enim
3140 1642 3193 1697 in
3224 1651 3457 1713 angusta

1887 1723 1989 1780 hac
2026 1727 2115 1781 via
2164 1727 2600 1795 absconduntur,
2648 1732 2742 1801 qni
2789 1733 2956 1786 vitam
3003 1732 3112 1788 Deo
3161 1743 3457 1789 consenta-

1884 1831 2045 1871 neam
2090 1818 2321 1875 ducunt.
2370 1818 2525 1876 Hanc
2572 1823 2712 1875 viam
2758 1825 2998 1881 ostendit
3044 1825 3205 1880 nobis
3244 1825 3454 1880 Novum

195 1907 390 1978 στενὴν
409 1908 632 1978 ἐκείνην
662 1908 779 1963 ὁδὸν
809 1910 1217 1980 ἀνεμποδίστως
1255 1910 1634 1981 παρέλθωμεν,
1668 1913 1766 1984 Ζη-

1879 1907 2313 1977 Testamentum,
2344 1913 2504 1982 cujus
2527 1914 2793 1969 beneficio
2815 1914 2882 1969 ad
2911 1918 3455 1987 supremun't-montis

192 2002 341 2068 φαῖοι
377 1998 462 2071 τῷ
490 2001 741 2072 τυράννῳ
775 1999 873 2071 τὴν
906 2002 1179 2072 σωτηρίαν
1206 2001 1362 2072 ἡμῶν
1394 2001 1776 2074 καταμηνύου-

195 2109 296 2145 σιν.
342 2093 543 2163 Ἡμεῖς
589 2092 648 2146 δὲ
693 2091 771 2161 τῷ
805 2093 1028 2165 ὀνόματι
1062 2093 1157 2147 τοῦ
1190 2094 1489 2158 σεσωκότος
1510 2134 1527 2160 ,
1555 2093 1653 2163 τὴν
1682 2094 1772 2147 δυο

194 2184 449 2238 ναστείαν
472 2184 577 2255 τῆς
601 2185 682 2247 είς
704 2183 767 2237 τὸ
806 2183 968 2238 καλὸν
996 2185 1229 2255 κρίσεως
1261 2185 1417 2256 ήμῶν
1454 2185 1775 2254 ἀνατίθεμεν

195 2276 468 2344 λέγοντες⁸
501 2295 519 2328 ι
543 2276 603 2331 Ὀ
629 2274 781 2341 Θεὸς,
802 2278 862 2330 ἐν
888 2276 965 2347 τῷ
997 2276 1220 2347 ὀνόματί
1242 2294 1336 2331 σου
1362 2277 1535 2332 σῶσόν
1558 2295 1647 2349 με,
1680 2278 1774 2332 καὶ

192 2367 248 2418 ὲν
271 2369 338 2438 τῇ
371 2366 607 2438 δυνάμει
634 2384 727 2420 σου
759 2370 964 2439 κρινεῖς
994 2385 1116 2439 με.»
1149 2368 1221 2422 Τὸ
1243 2368 1353 2442 γὰρ
1376 2369 1686 2442 γενόμενον,
1698 2369 1775 2437 ὡς

196 2459 667 2531 προσδοκώμενον,
695 2460 801 2513 ὑπὸ
827 2459 921 2514 τοῦ
947 2461 1105 2531 λόγου
1125 2462 1603 2533 διεσχημάτισται,
1634 2464 1773 2519 οὕτω

190 2549 285 2619 τῆς
314 2552 547 2625 Γραφῆς
567 2552 666 2623 τῆς
694 2553 834 2607 κατά
863 2553 954 2629 τὸν
980 2555 1171 2627 χρόνον
1191 2555 1477 2627 ἀκριϐείας
1503 2556 1776 2629 ὑπερορώ-

196 2658 310 2712 σης.
341 2643 454 2696 Καὶ
484 2642 597 2715 γὰρ
631 2644 692 2697 τὸ
719 2644 976 2715 ἐσόμενον
1001 2647 1035 2717 ἡ
1068 2647 1375 2718 προφητεία
1409 2646 1669 2712 πολλάκις
1695 2648 1772 2712 ὠς

196 2736 528 2809 παρῳχηκὸς
558 2736 856 2808 διηγήσατο
880 2777 896 2801 ,
927 2739 1021 2793 καὶ
1050 2739 1112 2792 τὸ
1151 2740 1370 2808 γεγονὸς
1387 2780 1401 2804 ,
1431 2739 1507 2803 ὡς
1543 2739 1773 2811 προσδο-

196 2826 565 2899 κώμενον.Ὥς
595 2830 690 2883 καὶ
719 2832 777 2885 ἐν
808 2830 979 2903 ταύτῃ
1004 2835 1072 2903 τῇ
1092 2831 1377 2903 ψαλμῳδίᾳ
1411 2833 1555 2888 κατὰ
1579 2833 1640 2886 τὸ
1666 2830 1770 2885 πέ-

197 2937 290 2991 ρας
325 2920 480 2979 ἰδεῖν.
525 2923 598 2975 Οὐ
625 2922 736 2994 γὰρ
775 2918 962 2988 εἶπεν,
1005 2925 1087 2978 ὅτι
1130 2944 1148 2976 ι
1172 2925 1231 2977 ἐν
1266 2927 1380 2989 τοῖς
1410 2924 1622 2997 ἐχθροῖς
1664 2943 1768 2997 μου

197 3011 451 3081 ἐπόψεται
475 3031 490 3044 ·
519 3031 538 3064 ι
568 3012 684 3068 ἀλλ’
721 3033 740 3066 ι
765 3015 976 3069 ἐπεῖδεν
1003 3017 1031 3069 ό
1055 3015 1332 3087 ὀφθαλμός
1363 3033 1484 3088 μου,
1510 3035 1531 3069 ι
1575 3017 1646 3070 δι’
1691 3011 1767 3074 ὧν

195 3101 359 3156 ταῦτα
388 3103 770 3175 μανθάνομεν,
799 3106 881 3161 ὅτι
906 3105 985 3177 τῷ
1021 3106 1141 3179 Θεῷ
1179 3105 1305 3160 οὔτε
1335 3124 1386 3161 τι
1416 3106 1763 3180 παρῴχηκεν,

196 3193 302 3247 ἀλλ’
337 3197 395 3249 ἐν
419 3196 500 3269 τῷ
538 3197 792 3251 ἐνεστῶτι
818 3198 888 3252 τὰ
920 3198 1100 3253 πάντα
1131 3198 1298 3255 ἐστίν.
1334 3200 1497 3253 Ὥστε
1539 3199 1643 3254 κᾶν
1669 3199 1763 3253 τοῦ

197 3261 583 3358 παρῳχηκότος
604 3328 620 3349 ,
651 3288 745 3340 καὶ
775 3287 870 3341 τοῦ
898 3288 1179 3359 μέλλοντος
1211 3289 1339 3360 περί¹
1371 3289 1468 3360 τῆς
1498 3289 1648 3353 θείας
1671 3289 1764 3343 δυ·
1791 3261 1834 3319 C

195 3374 401 3444 νάμεως
428 3377 669 3448 ἕμφασίν
694 3394 813 3431 τινα
834 3376 935 3451 ἐχῃ
954 3376 1023 3431 τὰ
1048 3379 1268 3450 ῥήματα
1287 3421 1302 3441 ,
1342 3377 1439 3431 τοῦ
1470 3378 1766 3442 ἐνεστῶτος

195 3467 288 3519 οὐκ
313 3467 539 3536 ἐξῆλθεν
587 3470 621 3540 ἡ
654 3467 853 3523 ἔννοια.
880 3468 1043 3537 Λέγει
1064 3469 1241 3525 τοίνυν
1267 3470 1403 3541 πρὸς
1444 3469 1536 3524 τόν
1571 3469 1705 3523 Θεὸν
1736 3471 1766 3524 ὁ

196 3560 286 3628 τῆς
321 3559 643 3630 αὐχμώδους
672 3577 734 3614 τε
765 3560 861 3615 καὶ⁸
894 3560 1086 3632 στενῆς
1113 3561 1340 3626 ἐπιϐὰς,
1371 3562 1466 3617 καὶ
1500 3561 1766 3631 φυγαδεύ-

199 3665 288 3714 σας
326 3652 387 3706 τὸ
416 3654 528 3707 τῶν
569 3653 824 3725 Ζηφαίων
863 3653 1251 3726 συγκρότημα,
1283 3655 1366 3708 ὅτι
1419 3654 1511 3709 Ἐν
1560 3654 1641 3725 τῷ
1685 3654 1764 3726 σῷ

197 3738 406 3812 ὀνόματι
429 3744 655 3813 γέγονεν
681 3746 809 3816 ἡμῖν
838 3746 872 3817 ἡ
896 3744 1160 3817 σωτηρία,
1192 3746 1287 3799 καὶ
1305 3745 1363 3798 ἐν
1381 3748 1449 3817 τῇ
1476 3745 1764 3818 δυναστείᾳ

200 3847 285 3885 σου
340 3836 374 3906 ἡ
403 3838 460 3890 ἐν
478 3835 562 3907 τῷ
591 3835 743 3906 καλῷ
768 3836 946 3907 κρίσις
976 3836 1075 3907 τὴν
1104 3836 1256 3906 ίσχὺν
1281 3835 1414 3906 ἔχει,
1444 3836 1536 3890 καὶ
1563 3838 1643 3900 είς
1674 3837 1763 3890 ἀεὶ

197 3923 361 3981 ταῦτα
380 3930 692 4000 γενήσεται.
719 3928 829 3981 Καὶ
859 3926 1251 4000 προσκαλεῖται
1276 3927 1417 3999 ὑπὲρ
1438 3927 1641 3981 τούτων
1661 3926 1762 3999 τὴν

200 4013 335 4070 θείαν
363 4018 533 4087 ἀκοὴν
546 4019 682 4091 πρὸς
694 4018 791 4091 τὴν
806 4018 906 4089 τῆς
923 4018 1268 4090 εὐχαριστίας
1287 4018 1567 4089 ἀκρόασιν,
1586 4019 1760 4089 λέγων

198 4107 295 4161 τῶν
318 4110 615 4185 ἀλλοτρίων
660 4112 760 4184 τὴν
796 4111 1160 4166 ἐπανάστασιν
1181 4151 1196 4177 ,
1222 4112 1316 4166 καὶ
1346 4111 1456 4165 τῶν
1500 4112 1558 4165 ἐν
1591 4112 1761 4185 κακίᾳ

200 4203 463 4269 κραταιῶν
542 4203 644 4276 τὴν
694 4206 797 4275 τῆς
847 4204 1026 4275 ψυχῆς
1071 4202 1234 4257 αὐτοῦ
1280 4202 1542 4275 ζήτησιν,
1583 4196 1659 4258 ὧν
1696 4205 1757 4258 οὑ

202 4294 512 4361 προηγεῖται
539 4292 702 4358 Θεὸς,
738 4293 853 4346 ἀλλ’
878 4293 907 4345 ό
939 4296 1002 4347 ἐκ
1040 4293 1133 4346 τοῦ
1175 4291 1418 4346 ἐναντίου
1446 4290 1755 4363 νοούμενος.

203 4377 293 4432 Διὰ
321 4381 475 4436 τοῦτο
528 4379 639 4451 γάρ
670 4393 870 4448 φησιν*
910 4377 1141 4433 Ἐκεῖνοι
1185 4379 1286 4453 μὲν
1322 4401 1341 4434 ι
1379 4382 1440 4435 οὐ
1467 4381 1758 4453 προέθεντο

202 4467 284 4521 τὸν
305 4472 430 4526 Θεὸν
460 4471 688 4526 ἐνώπιον
716 4458 896 4525 οἷὺτῶν
913 4486 928 4502 ο
950 4490 968 4522 ι
1002 4473 1125 4542 ἐμοὶ
1148 4471 1206 4526 δὲ
1244 4474 1273 4526 6
1313 4472 1444 4536 Θεὸς
1469 4472 1682 4544 βοηθεῖ,
1727 4475 1756 4528 6

204 4558 611 4635 ἐπαναστρέφων
646 4561 718 4616 τὰ
768 4561 915 4616 κα.κά
954 4564 1067 4626 τοῖς
1112 4563 1211 4634 τῆς
1260 4563 1457 4628 κακίας
1484 4565 1751 4636 εὑρεταῖς,
1785 4590 1831 4648 ι)

204 4656 221 4688 ι
247 4644 332 4697 καὶ
356 4648 442 4706 διὰ
470 4654 570 4725 τῆς
581 4651 839 4722 ἀληθείας
852 4653 1192 4726 ἐξαφανίζων
1216 4674 1235 4708 ι
1255 4655 1424 4720 ἅπαν,
1441 4655 1567 4709 ὅσον
1606 4657 1754 4710 ἐστὶν

197 4733 287 4803 τῆς
321 4740 572 4813 ἀληθείας
599 4743 813 4816 ἐχθρὸν,
837 4746 933 4799 καὶ
961 4745 1275 4816 ἀλλόφυλον.
1301 4746 1442 4816 Ἐγὼ
1462 4746 1538 4811 δέ,
1567 4747 1752 4817 φησὶν,

199 4817 238 4890 ᾧ
261 4828 460 4904 ἐσώθην
485 4836 711 4908 ὀνόματι
733 4875 749 4900 ,
773 4837 947 4909 τούτῳ
972 4838 1353 4909 εὐχαριστήσω
1380 4877 1396 4905 ,
1428 4841 1511 4894 ὅτι
1551 4839 1755 4908 ἀγαθὸν

199 4915 229 4982 ἡ
253 4919 576 4994 εὐχαριστία.
606 4929 721 4998 Ἐφ’
743 4924 825 4992 οἷς
854 4927 960 4993 ἐξω
991 4946 1051 4982 τε
1070 4928 1180 4981 τῶν
1206 4928 1438 4999 θλίψεων
1463 4929 1751 5001 ἐγενόμην,

199 5008 281 5059 καὶ
309 5013 394 5067 τὸν
415 5017 722 5089 ἀφανισμὸν
772 5019 882 5073 τῶν
901 5019 1110 5092 ἐχθρῶν
1149 5021 1261 5083 τοῖς
1290 5019 1585 5091 ὀφθαλμοῖς
1617 5038 1752 5073 κατα

200 5098 399 5170 ενόησα.
438 5108 559 5163 Ἐπὶ
602 5109 757 5163 τοῦτο
782 5109 891 5180 γὰρ
918 5113 947 5163 ὀ
992 5109 1328 5181 προφητικὸς
1357 5109 1632 5180 ὀφθαλμὸς
1662 5110 1756 5163 εὐ-

200 5189 505 5262 φραίνεται,
533 5198 658 5251 ὅταν
713 5199 910 5269 μηκέτι
960 5198 1125 5269 μηδὲν
1170 5200 1235 5253 ἐκ
1270 5198 1364 5251 τοῦ
1393 5199 1637 5253 ἐναντίου
1687 5201 1754 5272 τῇ

199 5275 351 5352 ἀρετῇ
375 5285 655 5358 θεωρεῖται
676 5290 815 5360 ’πῆς
836 5289 948 5360 γὰρ
986 5290 1181 5353 κακίας
1209 5289 1603 5361 ἐξαιρεθείσης,
1634 5292 1758 5361 ἥτις

201 5365 324 5453 πρὸς
362 5373 456 5445 τὴν
488 5380 686 5450 ἀρετὴν
716 5382 797 5444 εἰς
844 5379 1042 5453 ἐχθροῦ
1086 5381 1240 5449 τάξιν
1286 5380 1752 5449 ἀντικαθίσταται,

201 5452 363 5513 οὐκέτι
391 5465 450 5519 τὸ
500 5469 605 5523 τῶν
645 5470 856 5542 ἐχθρῶν
890 5452 1344 5543 ὑπολειφθήσεται
1390 5471 1561 5541 ὄνομα
1582 5489 1595 5502 ·
1631 5473 1748 5538 πῶς

202 5544 298 5618 γάρ
314 5567 391 5618 τις
415 5557 602 5632 ἐχθρὸς
623 5561 702 5616 ἔτι
718 5562 1068 5635 κληθήσεται,
1086 5564 1282 5636 μηκέτι
1304 5564 1406 5636 τῆς
1425 5563 1624 5637 ἔχθρας
1641 5563 1746 5630 ζὼ-

264 5848 309 5884 ”
332 5852 468 5919 Psal.
498 5880 614 5938 un,
642 5868 705 5938 l;
753 5870 774 5926 l
806 5869 937 5942 Reg.
970 5888 1127 5942 xxiii,
1156 5873 1231 5933 l9.

1880 1998 2143 2055 verticem
2181 2002 2470 2071 pervenire
2533 2018 2865 2072 possumus,
2907 2021 3069 2075 quem
3123 2006 3317 2061 collem
3366 2008 3453 2060 hi-

1878 2090 2063 2145 storia:
2106 2099 2395 2148 contextus
2448 2094 2717 2149 nominat.
2757 2097 2988 2162 Quando
3036 2097 3201 2169 igitur
3245 2098 3453 2166 absque

1875 2177 2268 2249 impedimento
2323 2191 2613 2252 angustam
2673 2184 2819 2238 illam
2869 2186 3013 2241 viam
3068 2188 3454 2256 pertransieri-

1876 2288 2021 2336 mus,
2058 2271 2262 2344 Ziphaai
2302 2275 2532 2330 salutem
2562 2284 2811 2331 nostram
2844 2283 2899 2332 et
2929 2278 3348 2349 prosperitatcm
3383 2279 3450 2333 ad

1874 2370 2168 2436 tyrannum
2213 2364 2506 2433 deferunt;
2540 2382 2641 2425 nos
2686 2380 2865 2423 autem
2912 2369 3122 2423 nomini
3167 2369 3309 2440 ejus,
3350 2373 3449 2440 qui

1874 2470 1978 2509 nos
2007 2455 2257 2524 salvavit,
2295 2465 2619 2527 potestatem
2667 2467 2815 2515 recte
2866 2459 2932 2514 de
2978 2462 3135 2516 nobis
3162 2461 3446 2530 judicandi

1874 2545 2194 2615 deferimus,
2241 2549 2528 2607 dicentes;
2567 2568 2587 2603 ι
2629 2550 2791 2615 Deus,
2845 2551 2903 2606 in
2951 2553 3173 2607 nomine
3213 2560 3306 2607 tuo
3336 2553 3447 2607 sal-

1873 2653 2002 2693 vum
2050 2654 2138 2694 me
2178 2639 2286 2707 l‘ac,
2338 2650 2393 2697 et
2442 2643 2496 2697 in
2545 2644 2747 2699 virtute
2790 2654 2880 2699 tua
2903 2646 3113 2715 judica.
3153 2665 3173 2698 ι
3226 2645 3360 2699 Nam
3391 2646 3446 2700 id

1871 2731 2018 2800 quod
2054 2731 2255 2787 factum
2301 2733 2415 2803 jam
2454 2742 2593 2800 erat,
2650 2737 2901 2792 oratione
2949 2740 3022 2792 ita
3069 2747 3443 2808 reprresentat,

1869 2823 2025 2893 quasi
2080 2824 2257 2879 adhuc
2300 2824 2545 2881 futurum
2591 2838 2758 2884 esset.
2788 2829 2879 2883 Sic
2923 2831 3069 2886 enim
3109 2832 3248 2887 solet
3296 2830 3444 2886 Scri-

1869 2921 2035 2984 ptura
2082 2926 2396 2973 accuratam
2442 2927 2705 2990 temporis
2751 2924 3019 2978 rationem
3069 2924 3229 2994 quasi
3278 2926 3448 2995 negli-

1869 3017 2018 3073 gere.
2061 3002 2197 3059 Nam
2241 3007 2422 3062 divina
2466 3011 2691 3065 oracula
2744 3011 2797 3066 id
2837 3014 2984 3082 quod
3040 3011 3286 3067 futurum
3332 3021 3440 3079 est,

1869 3108 2013 3165 saepe
2041 3105 2094 3151 ut
2127 3098 2466 3169 praeteritum
2497 3100 2765 3167 referunt,
2796 3110 2850 3158 et
2885 3102 2936 3157 id
2983 3104 3131 3174 quod
3156 3105 3267 3173 jam
3300 3118 3441 3174 pra:-

1870 3189 2040 3254 teriit,
2071 3198 2130 3244 ut
2161 3189 2407 3246 futurum
2441 3211 2456 3247 :
2483 3194 2939 3262 quemadmodum
2970 3202 3026 3249 et
3058 3195 3112 3248 in
3145 3194 3249 3250 ﬁne
3277 3195 3441 3263 hujus

1866 3280 2064 3351 psalmi
2096 3281 2281 3338 videre
2326 3284 2492 3338 licet:
2524 3299 2633 3339 non
2663 3285 2807 3340 enim
2852 3284 3029 3340 dixit:
3067 3303 3087 3336 ι
3119 3283 3294 3354 Super
3333 3285 3440 3338 ini-

1866 3373 2042 3429 micos
2085 3389 2239 3429 meos
2287 3373 2587 3446 despiciet;
2619 3393 2637 3427 ι
2698 3376 2815 3439 sed,
2875 3394 2894 3429 ι
2940 3375 3192 3446 Despexit
3246 3375 3439 3431 oculus

1866 3481 2043 3521 meus.
2081 3485 2100 3520 ι
2144 3467 2353 3533 Quibus
2402 3469 2684 3532 docemur,
2734 3468 2842 3524 Deo
2880 3469 3016 3523 nihil
3061 3468 3301 3523 futurum
3344 3476 3440 3522 aut

1865 3561 2198 3629 praeteritum
2225 3575 2368 3624 esse,
2406 3561 2502 3617 sed
2530 3560 2711 3615 omnia
2752 3562 3040 3631 praesentia
3079 3560 3290 3616 adesse.
3328 3559 3438 3614 Ita-

1864 3668 1972 3723 que
2006 3650 2125 3706 sive
2164 3648 2448 3719 praeteriti,
2485 3649 2602 3705 sive
2641 3648 2810 3703 futuri
2842 3650 2950 3704 vim
2990 3657 3044 3705 et
3077 3650 3437 3721 signiﬁcatio-

1864 3758 1990 3799 nem
2040 3742 2281 3798 habeant
2329 3741 2495 3796 verba
2538 3740 2608 3796 de
2652 3741 2839 3795 divina
2889 3749 3158 3810 potestate
3197 3743 3431 3809 prolata,

1863 3836 2079 3890 animus
2109 3843 2292 3889 tamen
2334 3832 2480 3887 haud
2513 3831 2791 3902 egreditur
2818 3840 2972 3887 extra
3014 3832 3296 3901 praesentis
3328 3840 3438 3885 ter-

1860 3925 2060 3981 minos.
2104 3925 2196 3979 Ait
2224 3924 2388 4001 igitur
2427 3924 2495 3979 ad
2538 3922 2706 3977 Deum
2756 3923 2867 3986 ille,
2922 3923 3012 3992 qui
3049 3937 3144 3992 per
3186 3930 3429 3976 arentem

1859 4026 1915 4073 et
1954 4027 2242 4088 angustam
2283 4017 2533 4072 semitam
2588 4014 2783 4082 evasit,
2819 4012 3272 4085 Ziphaaorumque
3309 4024 3432 4068 tur-

1858 4108 1983 4164 bam
2022 4116 2078 4164 et
2108 4108 2399 4164 coitionem
2453 4107 2665 4179 fugavit
2705 4124 2719 4160 :
2762 4106 2822 4161 In
2868 4107 3089 4161 nomine
3135 4115 3227 4160 tuo
3280 4106 3431 4161 salus

1858 4199 2021 4256 nobis
2049 4201 2223 4265 venit,
2253 4208 2309 4254 et
2343 4201 2399 4255 in
2437 4201 2641 4254 virtute
2680 4208 2771 4253 tua
2797 4198 3067 4269 judicium
3102 4198 3170 4254 de
3205 4199 3347 4253 bono
3375 4205 3432 4253 et

1857 4300 2009 4347 recto
2037 4291 2207 4347 robur
2244 4291 2426 4356 habet,
2464 4291 2516 4345 id
2548 4290 2694 4361 quod
2725 4305 2939 4359 semper
2972 4290 3184 4345 eveniet
3212 4306 3226 4342 :
3256 4295 3305 4344 et
3334 4303 3431 4358 per

1858 4381 1963 4436 hoc
1997 4381 2227 4436 advocat
2254 4380 2346 4437 Dei
2376 4381 2524 4435 velut
2549 4396 2733 4443 aures,
2763 4388 2822 4435 ut
2852 4381 3148 4451 gratiarum
3183 4382 3428 4435 actiones

1856 4472 2100 4535 audiant,
2125 4486 2454 4528 enumerans
2475 4471 2751 4541 quomodo
2773 4471 2934 4525 alieni
2964 4472 3228 4525 adversus
3246 4471 3424 4541 ipsum

1857 4561 2280 4625 insurrexerint,
2328 4568 2382 4615 et
2433 4560 2709 4630 quomodo
2766 4559 2936 4616 fortes
2986 4568 3041 4614 et
3081 4568 3329 4631 potentes
3370 4560 3441 4615 in

1855 4653 2064 4708 malitia
2090 4652 2328 4707 animam
2360 4651 2480 4722 ejus
2511 4652 2883 4723 quaesiverint,
2914 4653 3112 4723 quibus
3147 4651 3291 4708 Deus
3319 4668 3430 4708 non

1856 4745 2010 4814 praeit
2055 4743 2191 4808 dux,
2242 4743 2341 4799 sed
2390 4745 2437 4799 is
2488 4745 2579 4814 qui
2619 4743 2730 4800 Deo
2767 4745 3081 4800 contrarius
3127 4754 3228 4801 est.
3261 4744 3345 4801 οι)
3375 4743 3430 4800 id

1856 4834 1990 4889 dicit
2023 4852 2038 4890 :
2071 4833 2152 4889 Illi
2189 4852 2209 4887 ι
2239 4850 2349 4890 non
2392 4843 2798 4905 proposuerunt
2840 4834 3010 4891 Deum
3042 4844 3170 4892 ante
3197 4851 3431 4908 conspe-

1854 4935 2005 4982 ctum
2045 4943 2231 4994 suum,
2262 4947 2281 4980 )
2317 4944 2405 4983 me
2443 4943 2573 4983 vero
2622 4927 2767 4984 Deus
2814 4929 3057 4999 adjuvat,
3104 4936 3429 4985 convertens

1855 5018 1998 5073 mala
2040 5017 2110 5073 ad
2142 5019 2294 5088 ipsos
2337 5019 2563 5074 malitia;
2602 5027 2861 5077 auctores
2894 5038 2909 5075 :
2937 5027 3011 5084 et,
3048 5040 3066 5073 ι
3100 5021 3160 5075 in
3198 5021 3428 5076 veritate

1853 5124 1952 5163 sua
1980 5110 2258 5180 disperdet
2289 5128 2308 5163 ι
2341 5126 2503 5166 omne
2551 5111 2684 5167 illud
2712 5113 2857 5182 quod
2888 5112 3101 5168 veritati
3142 5111 3426 5165 inimicum

1852 5208 1938 5258 est
1971 5210 2028 5256 et
2068 5209 2414 5258 extraneum.
2476 5200 2587 5272 Ego
2633 5208 2818 5258 autem
2862 5200 3091 5266 nomini,
3120 5198 3316 5270 inquit,
3369 5199 3425 5254 in

1851 5307 1962 5363 quo
1991 5294 2236 5350 salvatus
2259 5310 2404 5362 sum,
2427 5296 2634 5365 gratias
2661 5309 2840 5365 agam,
2864 5293 3124 5363 quoniam
3160 5293 3304 5347 bona
3339 5299 3426 5347 est

1853 5386 2153 5456 gratiarum
2206 5387 2372 5454 actio,
2435 5388 2563 5457 quia
2620 5400 2896 5442 aerumnas
2940 5393 2994 5441 et
3042 5384 3426 5441 tribulatione:

1853 5477 2025 5542 evasi,
2058 5478 2349 5548 oculisque
2390 5478 2527 5534 meis
2553 5477 2899 5533 inimicorum
2940 5485 3184 5530 meorum
3220 5475 3429 5545 disper-

1850 5566 2115 5624 ditionem
2150 5567 2283 5623 vidi.
2310 5565 2435 5623 Ideo
2456 5566 2601 5624 enim
2626 5564 2912 5636 Propheta
2946 5562 3143 5620 oculus
3163 5564 3422 5632 exsultat,
3503 5568 3525 5636 ξ

3510 5629 3527 5691 i
