3844 6356
430 366 531 425 δτι

1636 371 1691 426 S.
1715 369 2043 427 GREGORII
2084 370 2380 427 NYSSENI

3587 376 3698 432 572

431 480 580 551 quod
641 480 781 536 nihil
844 478 1325 554 amplius'virtuti
1388 485 1700 557 oppositum
1763 497 1999 541 cernat:

2138 504 2235 557 ης,
2279 487 2344 556 ἠν
2379 485 2753 558 ἀπέκτεινενή
2787 488 3015 560 εἰρήνη,
3049 485 3230 552 καθώς
3265 503 3433 558 φησιν
3464 490 3494 542 ὁ
3526 489 3697 542 Ἀπί,-

431 572 645 626 sublata
692 574 834 627 enim
873 576 1098 641 malitia,
1132 592 1255 647 qua:
1288 577 1497 632 inimici
1536 576 1658 632 loco
1690 582 1745 630 et
1779 576 2000 631 nomine

2110 578 2293 640 στολος
2305 590 2320 639 ;

430 664 620 719 virtuti
653 666 995 729 adversatur,
1030 685 1143 725 non
1207 671 1447 742 amplius
1515 671 1859 742 relinquetur
1916 670 2269 727 inimicorum
2322 687 2524 728 nomen
2595 680 2650 728 et
2699 674 2985 729 memoria.
3037 672 3324 741 Quomodo
3374 675 3522 728 enim
3572 675 3701 743 quis

430 758 686 815 inimicus
730 764 1116 831 appellaretur,
1166 780 1277 822 non
1353 767 1588 838 amplius
1663 766 2026 839 gliscentibus
2083 777 2138 823 et
2206 768 2514 824 virentibus
2558 766 2901 837 inimicitiis,
2951 783 3090 839 quas
3132 768 3411 822 interemit
3448 783 3591 839 pax,
3645 779 3699 823 ut

430 849 508 903 ait
546 851 880 923 Apostolus?

499 947 767 1006 Caeterum
798 958 858 1007 ut
889 964 1011 1024 apte
1055 964 1110 1011 et
1158 957 1342 1013 debito
1373 959 1566 1017 ordine
1616 976 1832 1027 sensus,
1866 974 2005 1031 quos

430 1039 699 1099 hactenus
729 1047 1109 1116 exposuimus,
1138 1052 1324 1107 verbis
1359 1053 1553 1121 psalmi
1582 1056 2005 1111 accommoden-

434 1140 545 1198 tur,
578 1134 750 1204 ipsam
782 1138 849 1192 ad
883 1140 1108 1195 verbum
1145 1142 1277 1213 lege,
1313 1159 1435 1214 quas
1481 1146 1674 1219 ordine
1702 1155 1786 1202 est
1842 1148 2006 1217 quin-

435 1228 752 1296 quagesinta
802 1230 984 1295 tertia,
1059 1233 1441 1301 psalmodiam,
1499 1238 1721 1306 quando
1772 1236 2009 1308 Ziphazis

435 1318 689 1387 superior
722 1319 970 1383 eﬁ‘ectus.
1001 1326 1513 1397 contemplatusque
1561 1328 1780 1382 malitiae
1828 1329 2009 1383 omni-

435 1408 658 1466 modum
699 1411 998 1476 interitum,
1038 1430 1232 1472 rursus
1259 1418 1314 1473 in
1352 1419 1627 1474 intellectu
1656 1421 1879 1490 superni
1913 1435 2011 1475 au-

434 1499 559 1553 xilii
592 1502 946 1566 constitutus,
978 1504 1085 1560 Deo
1122 1507 1382 1578 hymnum
1435 1511 1753 1580 epinicium.
1802 1519 1855 1565 et
1885 1526 2011 1565 caro

439 1606 566 1646 men
593 1593 875 1651 victoriale
911 1596 1206 1656 decantat:
1255 1601 1335 1657 sic
1397 1605 1542 1658 enim
1575 1604 1779 1659 habent
1815 1606 2013 1660 inscri-

438 1684 646 1753 ptionis
680 1688 841 1743 verba
870 1709 883 1744 :
930 1708 949 1741 ι
988 1690 1044 1749 1η
1079 1692 1236 1748 ﬁnem
1262 1697 1313 1750 in
1341 1698 1680 1754 carminibus
1705 1699 2011 1756 intellectus

440 1773 635 1831 David.
682 1798 701 1831 ι
736 1777 908 1837 Porro
941 1785 1085 1840 sicut
1115 1786 1169 1840 in
1198 1789 1609 1853 certaminibus,
1633 1807 1754 1861 qua:
1784 1806 2013 1861 corpore

2191 957 2281 1021 Ὧς
2302 956 2348 1010 δ’
2372 956 2439 1011 ἂν
2471 954 2778 1019 ἀκολούθως
2801 956 3175 1028 ὲφαρμοσθείη
3207 956 3280 1010 τὰ
3310 957 3552 1028 ῥηθέντα
3587 958 3704 1029 νοήι

2113 1065 2256 1120 ματα
2282 1050 2396 1111 τοῖς
2423 1048 2629 1118 ῥήμασι
2670 1047 2770 1116 τῆς
2795 1046 3138 1120 ψαλμῳδίας,
3168 1048 3340 1119 αὐτὴν
3375 1050 3470 1102 ἐπὶ
3498 1049 3705 1112 λέξεως

2110 1137 2382 1208 ἀνάγνωθι
2435 1136 2535 1209 τὴν
2577 1136 2919 1209 ψαλμῳδίαν,
2967 1140 3066 1210 τὴν
3102 1142 3161 1194 ὲν
3211 1138 3291 1210 τῷ
3343 1142 3706 1210 πεντηκοστῷ

2109 1230 2277 1301 τρίτῳ
2293 1230 2434 1283 κατὰ
2452 1227 2512 1283 τὺ
2532 1229 2823 1283 ἀκόλουθον
2840 1231 3197 1302 τεταγμένην,
3216 1232 3304 1285 ὅτε
3314 1232 3423 1285 τῶν
3438 1234 3707 1304 Ζηιραίων

2116 1318 2215 1389 ἠδη
2248 1318 2514 1389 κρείττων
2540 1317 2851 1388 γενόμενος,
2876 1316 3074 1373 ἐπιδὼν
3094 1319 3191 1391 τὴν
3215 1324 3315 1392 τῆς
3342 1322 3543 1385 κακίας
3571 1341 3712 1376 παν-

2114 1408 2400 1479 ωλεθρίαν,
2450 1408 2612 1462 πάλιν
2661 1411 2719 1462 ἐν
2754 1409 2965 1464 συνέσει
3009 1410 3113 1480 τῆς
3160 1412 3365 1467 ἄνωθεν
3425 1415 3710 1478 καταστὰς

2119 1498 2456 1569 συμμαχίας,
2492 1496 2661 1569 ὕμνον
2684 1500 2951 1571 προσάγει
2982 1500 3061 1572 τῷ
3081 1502 3202 1573 Θεῷ
3229 1503 3515 1558 ἐπινίκιον.
3551 1505 3710 1561 Οὕτω

2119 1589 2228 1660 γὰρ
2256 1592 2284 1643 ὁ
2313 1590 2411 1661 τῆς
2446 1591 2760 1662 ἐπιγραφῆς
2798 1592 3039 1664 περιέχει
3076 1594 3264 1662 λόγος’
3289 1614 3309 1647 ι
3340 1597 3436 1659 Ei;
3458 1597 3523 1650 τὸ
3555 1599 3710 1661 τέλος

2119 1681 2177 1735 ὲν
2208 1680 2398 1751 ὕμνοις
2436 1683 2703 1746 συνέσεως
2726 1683 2805 1755 τῷ
2836 1684 3015 1739 Δασίδ.
3054 1705 3073 1738 ι
3100 1686 3312 1758 Ὠσπερ
3333 1688 3391 1740 δὲ
3413 1689 3564 1743 κατὰ
3586 1690 3710 1754 τοὺς

2122 1774 2465 1843 σωματικοὺς
2511 1774 2748 1842 ἀγῶνας,
2797 1777 2857 1828 ού
2909 1779 3021 1840 τοῖς
3068 1778 3253 1842 αὐτοῖς
3291 1780 3616 1846 ἀντιπάλοις
3663 1784 3711 1835 ei

442 1866 825 1944 perﬁciuntur,
845 1888 954 1927 non
982 1879 1408 1945 congrediuntur
1435 1880 1647 1952 pugiles
1672 1898 1795 1937 cum
1821 1884 2011 1938 iisdem

2138 1863 2346 1934 ιθληταὶ
2391 1865 2819 1936 παραμένουσιν,
2855 1860 2930 1922 ὧν
2958 1868 3025 1922 ἂν
3070 1871 3130 1923 ὲν
3175 1871 3387 1941 νεότητι
3427 1873 3582 1927 κατὰ
3614 1874 3711 1944 τὴν

443 1957 796 2029 adversariis,
827 1979 967 2033 quos
1020 1964 1323 2037 iuventutis
1386 1978 1630 2040 tempore
1677 1973 2013 2039 devicerant,

443 2048 540 2104 sed
568 2059 728 2105 aucto
758 2054 972 2123 robore,
1009 2058 1326 2129 viribusque
1373 2063 1729 2131 conﬁrmatis,
1781 2065 2017 2135 majores

441 2145 498 2193 et
535 2140 825 2198 validiores
856 2147 1235 2215 antagonistas
1266 2149 1370 2207 sibi
1400 2151 1742 2222 deposcunt;
1782 2154 1891 2211 illis
1923 2154 2021 2210 de-

441 2229 627 2297 victis,
697 2250 822 2289 cum
884 2238 1361 2296 excellentioribus
1414 2242 1595 2299 adhuc
1650 2246 1703 2299 in
1741 2247 2020 2316 pulverem

444 2320 810 2390 descendunt,
835 2342 1051 2398 semper
1082 2330 1278 2385 virium
1318 2333 1656 2390 incremento
1691 2338 2023 2393 convenien-

445 2419 532 2467 ter
566 2429 689 2468 cum
723 2417 1137 2477 robustioribus
1198 2423 1528 2480 adversariis
1560 2441 1781 2481 manum
1829 2444 2023 2486 conse-

450 2512 636 2561 rentes
665 2524 678 2560 :
712 2510 829 2577 pari
865 2511 1047 2581 modo,
1078 2513 1171 2583 qui
1203 2522 1334 2570 tota
1363 2518 1531 2573 tantis
1563 2518 1813 2575 hostibus
1853 2522 2025 2577 victo-

450 2599 562 2655 rias
588 2603 906 2671 reportavit,
939 2604 1264 2664 illustriores
1293 2608 1474 2664 adhuc
1510 2612 1770 2670 victorias
1814 2616 1882 2672 ab
1917 2615 2024 2672 illis

448 2689 636 2757 refert,
669 2707 997 2765 congressus
1034 2713 1159 2753 cum
1211 2701 1628 2768 celebrioribus,
1691 2706 2025 2779 majorisque

448 2784 690 2840 nominis
716 2792 770 2840 et
806 2784 962 2842 famae
1009 2793 1392 2860 antagonistis,
1430 2801 1485 2849 et
1528 2797 1600 2852 ob
1636 2798 1688 2853 itl
1724 2802 2026 2869 agouothe-

450 2880 561 2925 tam
593 2873 662 2927 ad
729 2876 1058 2932 audiendum
1118 2879 1372 2947 advocat,
1401 2898 1527 2939 cum
1576 2886 1689 2942 ait:
1725 2907 1744 2940 ι
1793 2890 2023 2955 Exaudi,

453 2959 619 3027 Deus,
650 2963 954 3020 orationem
985 2982 1184 3034 meam,
1216 2978 1270 3025 et
1308 2987 1378 3027 ne
1411 2972 1732 3044 despexeris
1761 2976 2026 3048 depreca-

456 3054 659 3109 tionem
691 3071 865 3115 meam
905 3058 993 3115 ":
1035 3079 1056 3112 ι
1086 3073 1378 3135 rogatque,
1420 3074 1482 3121 ut
1516 3067 1583 3121 ad
1622 3083 1860 3141 pugnam
1903 3073 2027 3128 ani—

456 3161 605 3200 mum
638 3146 921 3205 advertat:
956 3170 974 3204 ι
1021 3151 1267 3221 Intende,
1305 3175 1324 3209 ι
1386 3157 1583 3229 inquit,
1625 3180 1644 3213 ι
1680 3163 1813 3217 mihi
1845 3172 1900 3221 et
1932 3181 2029 3222 ex-

458 3240 581 3293 audi
620 3254 726 3307 me,
771 3259 791 3293 »
818 3251 1197 3316 monstratque
1226 3252 1589 3307 certaminum
1626 3270 1851 3311 suorum
1882 3258 2031 3314 labo-

459 3344 571 3394 res,
611 3345 882 3388 enarrans
916 3336 1195 3391 tristitiam
1225 3347 1279 3394 et
1316 3343 1792 3402 conturbationem
1814 3386 1829 3412 ,
1860 3356 1915 3404 et
1946 3364 2036 3404 vo-

461 3437 581 3477 cem
636 3421 877 3489 inimici,
939 3435 994 3482 et
1052 3428 1461 3488 tribulationem
1520 3439 1844 3505 peccatoris.
1903 3439 2037 3508 Qua:

461 3514 646 3569 omnia
677 3516 917 3572 ostendit
938 3521 1254 3579 certaminis
1286 3524 1502 3592 praasidi
1531 3528 1678 3583 velut
1700 3531 2037 3600 palaestricus

461 3605 727 3676 quasdam
752 3608 1012 3667 victorias
1037 3612 1105 3667 ab
1141 3613 1477 3673 adversariis
1504 3619 1728 3686 relatas,
1750 3629 1804 3677 et
1826 3622 1894 3677 ad
1922 3623 2039 3680 haec

463 3697 627 3753 etiam
655 3701 1131 3759 conturbationem
1156 3706 1360 3769 cordis,
1381 3715 1434 3763 et
1450 3707 1796 3769 formidinem
1821 3716 2037 3786 mortis,

464 3801 518 3848 et
542 3793 817 3859 timorem,
842 3802 896 3850 et
923 3805 1239 3863 tremorem,
1267 3808 1323 3853 et
1361 3802 1614 3860 tenebras
1645 3806 1812 3860 vitam
1865 3808 2039 3878 ipsius

465 3882 706 3953 undique
733 3886 1087 3955 complexas;
1119 3889 1323 3958 quibus
1350 3894 1607 3950 omnibus
1660 3913 1830 3953 unum
1869 3901 1923 3955 id
1956 3917 2042 3958 re-

466 3973 631 4029 medii
660 3974 889 4038 invenit,
913 3991 1022 4043 quo
1053 3993 1119 4032 ex
1142 3979 1308 4035 rebus
1336 3988 1446 4034 tam
1473 3985 1690 4041 alllictis
1716 4001 2038 4061 emergeret,

468 4076 528 4117 ut
554 4064 808 4133 pernices
840 4064 1107 4122 columba:
1135 4069 1251 4125 alas
1281 4083 1607 4140 assumeret,
1643 4087 1698 4132 et
1757 4081 1813 4133 in
1873 4083 2040 4139 altum

471 4167 593 4209 sese
625 4153 859 4219 tolleret,
906 4162 960 4210 et
1006 4157 1061 4211 in
1119 4173 1186 4213 eo
1242 4160 1363 4216 loco
1420 4165 1660 4221 volatum
1725 4169 1947 4228 sisteret
1980 4190 2045 4231 ac

470 4243 907 4313 conquiesceret,
934 4247 1086 4317 quia
1127 4251 1286 4306 malis
1330 4254 1585 4311 omnibus
1630 4273 1880 4325 securus,
1919 4278 2045 4332 per-

470 4342 635 4405 petuo
664 4334 1026 4393 divinioribus
1060 4339 1223 4397 rebus
1247 4342 1600 4401 circumﬂuit.
1634 4345 1818 4419 Inquit
1845 4355 1992 4408 enim
2027 4372 2042 4410 :

475 4445 496 4479 ι
539 4426 713 4484 Mausi
743 4428 801 4482 in
843 4429 1161 4496 solitudine,
1219 4452 1240 4486 ι
1294 4442 1353 4489 ιιι
1402 4436 1476 4491 ibi
1507 4453 1539 4492 a
1598 4442 2048 4511 pusillanimitate

2121 1953 2458 2026 παλαίστραν
2490 1957 2858 2026 κρατήσωσιν,
2899 1957 3015 2011 ἀλλ’
3041 1959 3365 2031 αὐξηθείσης
3395 1962 3590 2026 autat;
3614 1964 3711 2033 τῆς

2119 2048 2420 2119 δυνάμεως,
2460 2049 2598 2119 πρὸς
2628 2048 2877 2120 μείζονάς
2908 2068 2967 2103 τε
3002 2052 3096 2104 καὶ
3152 2053 3542 2124 ἰσχυροτέρους
3586 2056 3710 2108 ἀντ-

2121 2139 2428 2208 αγωνιστὰς
2445 2139 2787 2206 ἁποδύονται,
2810 2140 2910 2196 κᾶν
2927 2141 3150 2195 ἐκείνων
3171 2144 3549 2215 κρατήσωσιν,
3574 2145 3713 2198 κατὰ

2120 2231 2231 2287 τῶν
2268 2232 2642 2304 ὑπερεχόντων
2677 2234 2999 2303 κονίζονται,
3039 2236 3270 2289 πάντοτε
3307 2240 3370 2308 τῇ
3419 2238 3711 2309 προσθήκῃ

2119 2328 2220 2397 τῆς
2259 2325 2539 2397 δυνάμεως
2585 2326 2935 2398 καταλλήλως
2969 2327 3103 2399 πρὸς
3140 2329 3264 2392 τοὺς
3304 2328 3711 2401 δυνατωτέρους

2123 2419 2231 2474 τῶν
2262 2419 2569 2474 ἀντιπάλων
2608 2420 3032 2492 ἀγωνιζόμενοι·
3076 2420 3223 2475 κατὰ
3263 2420 3354 2475 τὸν
3395 2422 3567 2475 αὐτὸν
3598 2422 3714 2494 τρό-

2124 2529 2247 2578 πον,
2278 2512 2374 2565 καὶ
2393 2513 2421 2565 ό
2444 2510 2534 2566 διὰ
2560 2511 2828 2566 τοσούτων
2851 2514 2969 2576 ταῖς
2991 2512 3132 2567 κατὰ
3157 2513 3266 2566 τῶν
3297 2512 3512 2584 ἐχθρῶν
3536 2514 3713 2576 νίκαις

2125 2604 2543 2677 ὲγγυμνασθεὶς,
2577 2604 2981 2676 ὲπισημοτέρας
3012 2604 3110 2668 τὰς
3129 2603 3285 2669 νίκας
3308 2604 3523 2660 ἑαυτῶν
3548 2606 3706 2667 ποιεῖ,

2128 2697 2265 2769 πρὸς
2292 2698 2420 2760 τοὺς
2448 2696 2880 2767 ὲπισημοτέρους
2910 2712 2969 2748 τε
3018 2696 3113 2748 καὶ
3148 2695 3401 2765 μείζονας
3442 2695 3560 2749 τῶν
3594 2697 3714 2749 ἀντ-

2125 2787 2442 2856 αγωνιστῶν
2464 2787 2928 2858 συμπλεκόμενος.
2960 2786 3071 2839 Καὶ
3099 2785 3187 2839 διὰ
3200 2786 3357 2839 τοῦτο
3380 2786 3714 2858 προσκαλεῖ-

2125 2897 2217 2935 ται
2244 2880 2343 2953 τὴν
2370 2880 2539 2952 ἀκοὴν
2567 2879 2660 2933 τοῦ
2686 2878 3045 2947 ἀγωνοθέτου,
3073 2878 3274 2947 λέγων’
3297 2898 3316 2929 ι
3339 2877 3654 2944 Ἐνώτισον,
3675 2870 3719 2929 ὦ

2127 2972 2281 3041 Θεὸς,
2301 2974 2399 3044 τὴν
2426 2974 2736 3045 προσευχήν
2763 2988 2887 3043 μου,
2910 2972 3006 3025 καὶ
3030 2970 3105 3043 μὴ
3131 2970 3387 3042 ύπερίδης
3407 2971 3508 3042 τὴν
3538 2969 3716 3039 δέησίν

2133 3082 2256 3136 μου.
2288 3084 2308 3116 ι
2347 3065 2459 3119 Καὶ
2500 3066 2785 3135 προσέχειν
2816 3063 2978 3117 αὐτοῦ
3013 3066 3079 3133 τῇ
3123 3061 3345 3132 ἀθλήσει
3383 3061 3715 3133 παρακαλεῖ,

2137 3180 2155 3209 ι
2188 3155 2428 3228 Πρόσχες
2470 3173 2581 3227 μοι,
2640 3175 2659 3209 ι
2709 3155 2907 3225 λέγων,
2949 3174 2968 3207 ι
3018 3156 3114 3209 καὶ
3161 3154 3480 3209 είσάκουσόν
3531 3171 3657 3225 μου.
3695 3171 3715 3203 ο

2133 3248 2245 3304 Καὶ
2265 3248 2608 3302 ὑποδείκνυσι
2635 3247 2725 3302 διὰ
2760 3247 2855 3301 τοῦ
2886 3247 3044 3315 λόγου
3081 3246 3191 3300 τῶν
3218 3245 3445 3315 ἀγώνων
3473 3247 3607 3308 τοὺς
3632 3243 3720 3297 πό-

2134 3357 2279 3405 νους,
2308 3339 2483 3411 λύπην
2550 3340 2645 3395 καὶ
2673 3338 3007 3410 ἀδολεσχίαν,
3060 3339 3152 3393 καὶ
3193 3337 3438 3409 ταραχὴν
3475 3336 3723 3408 καρδίας,

2136 3436 2232 3488 καὶ
2261 3434 2445 3504 φωνὴν
2479 3432 2696 3505 ἐχθροῦ,
2732 3433 2828 3488 καὶ
2861 3432 3037 3501 θλίψιν
3073 3430 3396 3503 ἁμαρτωλοῦ
3432 3430 3721 3501 διηγούμε-

2137 3541 2246 3589 νος,
2269 3519 2381 3579 οίὸν
2408 3507 2529 3579 τινα
2558 3525 2888 3597 κρατήματα
2921 3524 3289 3595 παλαιστρικὰ
3320 3523 3725 3593 καταγινόμενα

2138 3615 2290 3688 παρὰ
2316 3615 2424 3670 τῶν
2454 3615 2972 3686 ἀνταγωνιζομένων
2999 3614 3149 3686 αὑτῷ
3175 3614 3252 3685 τῷ
3276 3615 3595 3686 ἀγωνοθέτῃ
3621 3616 3725 3666 ἐπι-

2138 3703 2505 3775 δεικνύμενος.
2534 3706 2644 3759 Καὶ
2681 3705 2760 3757 ἔτι
2796 3703 2934 3775 πρὸς
2962 3704 3175 3768 τούτοις
3201 3703 3432 3774 καρδίας
3459 3703 3722 3775 ταραχὴν,

2141 3795 2235 3848 καὶ
2260 3793 2461 3848 δειλίαν
2493 3793 2747 3858 θανάτους
2778 3795 2874 3847 καὶ
2907 3794 3089 3864 φόϐον,
3122 3795 3219 3848 καὶ
3255 3793 3480 3865 τρόμον,
3521 3795 3620 3847 καὶ⁹
3645 3793 3723 3857 ζό-

2143 3904 2242 3959 φον
2283 3886 2379 3957 τὴν
2411 3884 2555 3957 ζωὴν
2603 3884 2767 3940 αὑτοῦ
2800 3887 2981 3940 πᾶσαν
3026 3884 3363 3951 διαλαϐόντα,
3392 3876 3469 3937 ὧν
3511 3885 3725 3938 πάντων

2147 3975 2275 4046 μίαν
2308 3973 2549 4028 ἐπίνοιαν
2597 3972 2795 4044 εύρατο
2827 3973 2963 4045 πρὸς
3006 3973 3066 4026 τὸ
3095 3975 3339 4045 κρεῖττόν
3377 3991 3438 4027 τε
3469 3976 3568 4028 καὶ
3597 3973 3724 4028 sua.

2142 4084 2300 4139 τερον
2330 4067 2429 4136 τῆς
2453 4065 2721 4136 τοσαύτης
2743 4063 2972 4134 συνοχῆς
2998 4063 3353 4133 γενέσθαι,τὸ
3382 4065 3723 4136 πτερωθῆναι

2145 4158 2309 4212 αὐτὸν
2347 4160 2461 4222 τοῖς
2496 4156 2598 4225 τῆς
2634 4156 2962 4227 περιστερᾶς
3005 4154 3363 4227 ὠκυπτέροις,
3393 4156 3489 4208 καὶ
3533 4155 3725 4226 μετάρο

2147 4266 2260 4304 σιον
2288 4250 2577 4320 γενόμενον
2602 4249 2718 4302 ἐκεῖ
2747 4249 2954 4304 παῦσαι
2993 4248 3092 4321 τὴν
3123 4250 3319 4320 πτῆσιν
3342 4250 3399 4302 ὲν
3433 4250 3631 4320 ἐκείνῳ
3657 4248 3725 4319 τῷ

2146 4339 2316 4410 τόπῳ,
2343 4334 2403 4401 ὃς
2435 4336 2542 4391 τῶν
2572 4336 2757 4391 κακῶν
2783 4338 3000 4391 πάντων
3025 4335 3230 4406 ἕρημος
3259 4333 3353 4399 ὢν,
3388 4334 3563 4407 θαλής
3591 4338 3729 4388 ἐστιν

2146 4434 2261 4496 τοῖς
2305 4430 2616 4502 θειοτέροις.
2651 4447 2672 4480 ‹
2701 4427 2984 4490 Αὺλισθεὶς
3026 4445 3045 4478 ι
3096 4427 3226 4497 γὰρ,
3276 4427 3460 4495 φησὶν,
3499 4447 3519 4479 ι
3559 4429 3618 4481 ἐν
3667 4427 3727 4496 τῇ

471 4520 701 4591 spiritus
732 4536 854 4592 quae
883 4522 937 4577 in
970 4532 1138 4591 terra,
1173 4533 1227 4581 et
1272 4541 1303 4580 a
1337 4530 1595 4598 procellis
1654 4539 2030 4606 tentationum1

2152 4525 2342 4595 ἐρήμῳ
2376 4541 2396 4575 ›
2426 4523 2535 4578 ἀπὸ
2558 4523 2658 4594 τῆς
2686 4523 2835 4576 κάτω
2862 4518 3227 4589 ὁλιγσψυχίας,
3250 4519 3343 4571 καὶ
3366 4518 3474 4571 ἀπὸ
3499 4520 3600 4591 τῆς
3628 4518 3727 4573 τῶν

474 4611 572 4668 Dei
594 4628 717 4684 ope,
747 4630 1016 4683 servarer,
1039 4618 1133 4673 ubi
1158 4622 1437 4677 evanescit
1459 4625 1638 4681 omnis
1658 4628 1885 4683 malitia.
1912 4630 2049 4686 Nam

477 4707 837 4776 praecipitatio
892 4709 947 4763 in
988 4725 1159 4778 mare,
1192 4713 1543 4772 abolitionem
1593 4728 1647 4775 et
1681 4720 2049 4781 interitionem

477 4794 766 4864 signiﬁcat.
802 4795 943 4862 Quia
991 4813 1155 4855 omne
1201 4801 1355 4865 illud,
1415 4805 1561 4875 quod
1623 4807 1679 4861 in
1718 4808 2052 4878 profundum

476 4885 830 4957 demergitur,
894 4892 1193 4955 evanescit,
1233 4900 1287 4948 et
1314 4908 1382 4949 ex
1414 4906 1712 4967 conspectu
1766 4900 2051 4957 hominum

475 4977 717 5049 eripitur
741 4996 756 5046 ;
789 4979 1106 5037 submersio
1138 4982 1306 5054 igitur
1331 4993 1387 5041 et
1410 4989 1680 5058 pernicies
1705 4994 1936 5061 peccati,
1967 5000 2053 5049 est

474 5070 766 5128 dissolutio
807 5073 1186 5130 concretionis
1216 5080 1448 5146 peccati.
1484 5078 1781 5153 Pr0pterea
1812 5083 1967 5151 dicit,
2019 5100 2050 5139 a

474 5164 587 5221 Deo
619 5164 951 5235 praecipitari
979 5166 1241 5222 malitiam
1272 5168 1326 5225 in
1365 5185 1536 5236 mare,
1566 5188 1690 5228 cum
1725 5174 1923 5231 dividit
1952 5176 2054 5232 lin-

473 5271 611 5327 guas
660 5271 854 5311 eorum
900 5257 994 5327 qui
1053 5244 1111 5312 in
1167 5260 1315 5315 malo
1366 5264 1708 5333 conspirant.
1744 5265 1863 5321 Alia
1918 5268 2049 5323 item

476 5348 664 5403 omnia
689 5363 812 5419 qua:
841 5349 897 5403 in
925 5350 1118 5407 ordine
1149 5352 1396 5421 psalmus
1435 5355 1701 5421 continet,
1739 5367 1800 5411 ut
1831 5367 1916 5414 est
1953 5359 2051 5415 de-

479 5438 704 5508 scriptio
735 5439 977 5496 civitatis
1009 5442 1268 5497 habitata:
1299 5456 1329 5497 a
1360 5445 1520 5499 malis
1552 5454 1606 5500 et
1634 5448 1822 5517 pravis
1850 5451 2050 5507 studiis

479 5534 536 5580 et
561 5528 850 5597 institutis,
880 5532 1075 5589 eodem
1104 5535 1403 5603 pertinent.
1445 5534 1638 5593 Refert
1690 5540 1835 5593 enim
1877 5542 2052 5598 malos

485 5613 651 5684 hujus
672 5615 912 5676 civitatis
941 5622 1171 5690 incolas,
1203 5624 1547 5697 iniquitatem
1585 5628 1816 5696 scilicet,
1846 5640 1900 5688 et
1919 5646 2049 5689 cen-

566 5770 615 5804 ⁹⁶
661 5772 805 5827 Psal.
848 5792 953 5845 uv,
982 5779 1038 5832 ‘2.

2152 4613 2477 4684 πειρασμῶν
2515 4610 2848 4679 καταιγίδος,
2881 4610 2998 4662 ἐκεῖ
3047 4606 3437 4678 προσδέξασθαι
3480 4608 3575 4662 τοῦ
3602 4605 3727 4662 Θεοῦ

2151 4704 2249 4777 τὴν
2281 4704 2574 4777 σωτηρίαν,
2606 4705 2738 4758 ὅπου
2768 4700 3088 4771 ἀφανίζεται
3113 4698 3366 4773 ή”κακία.
3406 4701 3464 4755 Ὀ
3495 4702 3607 4774 γὰρ
3636 4720 3728 4757 κα-

2151 4798 2517 4869 ταποντισμὸς
2561 4798 2653 4851 τὸν
2681 4794 2985 4865 ἀφανισμὸν
3010 4794 3300 4865 ἑρμηνεύει
3324 4810 3338 4824 ·
3369 4793 3505 4847 διότι
3546 4799 3651 4850 πᾶν
3675 4795 3729 4848 τὸ

2152 4892 2212 4945 ὲν
2235 4890 2382 4962 βυθῷ
2412 4890 2652 4959 γεγονὸς,
2676 4886 3013 4958 ἀφανίζεται.
3040 4886 3314 4958 Βυθισμδς
3341 4881 3435 4940 οὖν
3462 4889 3729 4960 ἁμαρτίας

2154 4984 2269 5037 ἐστὶ
2307 4983 2402 5038 καὶ
2430 4981 2696 5048 ἀπώλεια,
2729 4983 2763 5053 ἡ
2785 4980 2880 5035 τοῦ
2911 4980 3245 5043 συνεστῶτος
3266 4980 3363 5050 τῆς
3392 4982 3594 5046 κακίας
3619 4980 3728 5036 διάι

2150 5074 2327 5138 λύσις.
2360 5075 2458 5129 Διὰ
2508 5074 2667 5130 τοῦτό
2712 5091 2844 5146 φησι
2892 5070 3382 5136 καταποντίζεσθαι
3439 5074 3593 5146 παρὰ
3642 5072 3727 5128 τοῦ

2154 5168 2291 5223 Θεοῦ
2319 5168 2379 5223 τὺ
2423 5169 2593 5223 κακὸν
2637 5170 2696 5222 ἐν
2727 5167 2805 5239 τῷ
2846 5165 3309 5237 καταδιαιρεῖσθαι
3356 5166 3457 5230 τὰς
3490 5169 3728 5237 γλώσσας

2157 5261 2267 5315 τῶν
2294 5259 2390 5314 ἐπὶ
2421 5260 2576 5331 κακῷ
2622 5258 3092 5331 συμφρονούντων.
3126 5256 3230 5311 Καὶ
3269 5258 3369 5311 ὅσα
3412 5260 3609 5331 ἐφεξῆς
3643 5275 3728 5315 πε⁶

2165 5354 2333 5425 ριέχει
2348 5356 2380 5425 ἡ
2397 5352 2610 5423 τῆςψαλ
2620 5352 2823 5423 μῳδίας
2838 5351 3040 5420 ταύτης
3057 5349 3286 5415 διάνοια,
3306 5350 3404 5421 τὴν
3417 5352 3517 5421 τῆς
3533 5353 3725 5413 πόλεως

2164 5446 2505 5517 ὑπογραφὴν,
2525 5445 2622 5515 τὴν
2641 5444 2746 5498 ὑπὸ
2756 5443 2864 5497 τῶν
2886 5459 3021 5513 πονη
3031 5440 3136 5511 ρῶν
3151 5441 3402 5512 ὲπιτηδευ
3412 5443 3595 5513 μάτων
3610 5458 3726 5495 συν⁴

2164 5539 2498 5611 ῳκισμένην,
2522 5536 2698 5590 πάντα
2718 5533 2856 5606 πρὸς
2880 5533 2939 5587 τὸ
2953 5532 3086 5587 αὐτὸ
3108 5531 3490 5601 βλέπει.Λέγει
3513 5531 3618 5602 γὰρ
3641 5530 3728 5584 καὶ

2159 5630 2550 5702 ἀπαριθμεῖται
2588 5629 2713 5693 τοὺς
2737 5626 2940 5690 κακοὺς
2976 5624 3075 5695 τῆς
3103 5622 3308 5688 πόλεως
3337 5623 3541 5695 ταύτης
3584 5622 3723 5690 οἰκή-
