3844 6384
161 428 271 484 575

1601 426 1666 482 ΙΝ
1706 427 1759 482 Pi

1865 427 2043 486 .MOS.
3344 422 3450 477 5ἳᾶ

160 563 356 618 τορας,
397 544 639 617 ἀνομίαν
681 544 851 614 λέγων
888 545 983 598 καὶ
1026 542 1332 613 ἀντιλογίαν
1374 545 1432 597 ἐν
1474 546 1542 615 τῇ
1611 544 1759 600 πόλει

1872 544 2279 608 tradictionem,
2312 557 2436 615 quae
2467 548 2635 598 noctu
2659 540 2902 596 civitatis
2954 553 3142 595 muros
3200 538 3449 594 circum-

160 637 251 690 διά
290 635 502 700 νυκτδς
557 633 958 705 περιπολούσας
1000 635 1062 687 τὸ
1092 636 1290 705 τεῖχος,
1324 633 1418 688 καὶ
1457 633 1619 687 πάλιν
1644 635 1768 686 ἀνο-

165 730 322 801 μίαν,
359 728 464 782 καί
494 728 684 790 κόπον,
722 728 817 779 καὶ
861 725 1074 779 ἀδικίαν
1110 726 1553 797 ἀνατρεφομένας
1592 725 1652 777 ἐν
1687 724 1766 797 τῷ

166 819 323 892 μέσῳ
347 818 457 872 τοῦ
490 819 695 881 ἄστεος.
735 818 983 871 Δείκνυσι
1020 818 1078 871 δὲ
1116 818 1210 871 καὶ
1241 817 1333 871 τὸν
1366 816 1535 871 κακὸν
1572 817 1763 888 δῆμον,

163 906 255 960 τὸν
282 906 389 969 τάς
415 906 683 969 πλατείας
717 905 890 975 αὐτῆς
926 905 1237 976 πληροῦντα
1258 922 1274 937 θ
1301 906 1584 977 ὀνομάζων
1609 908 1766 962 τόκον

165 997 260 1051 καὶ
306 997 473 1051 δόλον
495 1009 513 1027 ⁹
545 998 635 1051 καὶ
680 997 885 1051 τούτων
921 996 1031 1050 τῶν
1079 996 1387 1068 εἰρημένων
1437 997 1655 1052 πάντων
1705 999 1767 1052 τὺ

168 1087 511 1159 βαρύτατον,
544 1088 643 1158 τὴν
666 1076 955 1159 ύπόκρισιν
983 1083 1122 1142 εἶναι
1159 1088 1329 1158 λέγει,
1356 1089 1389 1159 ἢ
1421 1086 1481 1143 τὸ
1514 1089 1766 1159 ίσόψυχόν

165 1196 223 1229 τε
262 1179 359 1230 καὶ
393 1178 741 1249 ἀγαπητικὸν
785 1178 1123 1249 ὑποδυομένη
1168 1180 1375 1249 σχῆμα,
1408 1177 1639 1250 κρύπτει
1672 1180 1764 1233 τὸν

166 1269 317 1324 δόλον
361 1271 445 1342 τῷ
492 1270 711 1343 χρηστῷ
745 1270 1191 1342 προκαλύμματι.
1228 1272 1328 1325 Διά
1380 1271 1540 1326 τοῦτο
1582 1273 1763 1339 ἀξίους

166 1363 275 1417 τῶν
304 1362 574 1417 τοιούτων
602 1362 824 1416 ἐνοίκων
858 1365 887 1416 ό
917 1362 1123 1427 δίκαιος
1150 1364 1342 1435 κριτὴς
1364 1367 1490 1429 τοὺς
1514 1364 1765 1430 ἐποίκους

168 1454 482 1524 ἐκπέμπει.
516 1453 701 1507 Βούλει
735 1452 925 1524 μαθεῖν
958 1454 1027 1508 τὰ
1055 1454 1167 1509 τῶν
1201 1456 1458 1510 ἐποικίων
1489 1444 1760 1527 ὀνόματα;

173 1564 193 1598 ι
231 1545 503 1610 Ἐλθέτω,
539 1563 557 1596 ι
582 1546 767 1615 φησὶν,
805 1563 823 1596 ι
860 1544 1088 1610 θάνατος
1114 1547 1439 1613 ἐπάύτοὺς,
1461 1547 1555 1601 καὶ
1590 1565 1762 1602 κατα-

171 1636 429 1707 ϐήτωσαν
453 1636 535 1700 είς
564 1635 691 1708 ᾅδου
723 1635 938 1700 ζῶντες.
974 1655 993 1689 ι
1019 1638 1130 1691 Καὶ
1150 1638 1325 1692 πάντα
1349 1640 1476 1709 περὶ
1497 1639 1675 1693 αὐτῶν
1695 1640 1764 1694 τὰ

106 1766 109 1769 ς
172 1726 486 1796 σκυθρωπά
504 1726 590 1779 διὰ
608 1724 698 1779 τοῦ
731 1726 889 1796 λόγου
917 1727 1265 1796 παραδείξας,
1289 1729 1483 1798 ἐπάγει
1508 1730 1607 1801 τὴν
1627 1730 1760 1799 γλυ-

169 1818 323 1870 κεῖαν
340 1817 566 1886 ἐκείνην
584 1817 786 1888 φωνὴν,
813 1818 869 1870 ἐν
900 1809 933 1891 ᾖ
950 1819 1045 1869 καὶ
1064 1816 1313 1886 νενίκηκε
1329 1819 1427 1889 τὴν
1444 1818 1595 1873 πόλιν
1611 1819 1759 1891 αύτῷ

1873 642 2045 702 cunt;
2086 649 2282 689 rursus
2308 632 2674 703 iniquitatem,
2720 639 2775 687 et
2808 631 3073 695 laborem,
3121 638 3178 686 et
3231 630 3450 699 injusu-

1873 728 2005 781 tiam
2036 727 2332 780 enutritam
2367 725 2422 778 in
2450 723 2630 778 medio
2659 723 2897 778 civitatis
2925 741 2935 775 :
2975 722 3215 777 ostendit
3245 730 3300 776 et
3346 722 3452 775 im-

1873 813 2107 884 probum
2147 811 2408 882 populum
2451 812 2545 881 qui
2579 812 2788 881 plateas
2825 810 2945 879 ejus
2996 811 3253 880 complet,
3283 825 3446 880 quem

1873 906 2124 960 nominat
2151 918 2375 959 usuram
2438 911 2495 958 et
2551 902 2759 971 dolum,
2792 919 2888 960 seu
2918 901 3185 966 fraudem,
3220 911 3274 957 et
3327 916 3449 970 quae

1874 998 2119 1052 omnium
2164 996 2490 1067 gravissima
2530 997 2701 1066 pestis
2754 1007 2858 1061 est,
2922 996 3279 1067 hypocrisim,
3330 1008 3450 1064 quae

1875 1088 2043 1142 animi
2074 1087 2494 1142 consensionem
2551 1094 2606 1141 et
2635 1085 2984 1141 dilectionem
3043 1084 3231 1140 habitu
3269 1083 3446 1137 simu-

1874 1182 2015 1245 laus,
2055 1179 2297 1233 fraudem
2328 1179 2558 1249 pulchro
2591 1185 2903 1248 tegumento
2945 1179 3122 1233 velut:
3155 1182 3447 1246 propterea

1873 1273 2071 1343 dignos
2094 1272 2407 1343 hujusmodi
2441 1271 2637 1327 incolis
2669 1271 2838 1326 mittit
2866 1271 3050 1339 justus
3088 1269 3252 1337 judex
3292 1266 3449 1320 adve-

1871 1381 1991 1421 nas.
2025 1363 2121 1419 Vis
2153 1365 2296 1418 scire
2323 1377 2573 1433 quaenam
2612 1362 2725 1417 sint
2767 1363 2959 1416 horum
2989 1369 3321 1417 advenarum
3353 1374 3447 1413 no-

1872 1457 2063 1512 mina?
2089 1474 2107 1507 ι
2153 1454 2345 1511 Veniat
2377 1471 2527 1511 mors
2559 1470 2726 1524 super
2756 1455 2900 1514 illos.
2942 1460 2996 1508 et
3028 1452 3362 1507 descendant
3390 1452 3445 1504 in

1871 1548 2146 1603 infernum
2168 1547 2443 1604 viventes.
2459 1569 2476 1601 ι
2492 1548 2743 1617 Cumque
2764 1547 2947 1601 omnia
2975 1546 3152 1600 tristia
3179 1551 3231 1599 et
3254 1559 3447 1612 aspera

1869 1639 2007 1710 ipsis
2032 1644 2293 1695 eventura
2325 1636 2780 1701 demonstrasset,
2832 1637 3018 1691 emisit
3050 1635 3264 1689 dulcem
3299 1635 3446 1688 illam

1867 1745 2055 1786 vocem
2077 1770 2092 1795 ,
2128 1744 2235 1799 qua
2270 1736 2324 1784 et
2361 1729 2635 1783 civitatem
2665 1728 2816 1783 illam
2850 1742 2973 1783 cum
3015 1734 3129 1782 tota
3171 1741 3270 1782 sua
3308 1725 3449 1781 mul-

1868 1820 2102 1876 titudine
2127 1821 2258 1876 vicit
2287 1840 2301 1875 :
2336 1838 2355 1873 ‹
2392 1820 2505 1891 Ego
2535 1827 2717 1876 autem
2760 1821 2816 1874 in
2856 1828 2909 1876 te
2940 1820 3195 1890 sperabo.
3233 1838 3254 1871 ι
3308 1817 3448 1873 Tur-

171 1908 536 1980 πληρώματι,
561 1909 770 1977 λέγων’
790 1927 807 1960 ι
856 1908 997 1976 Ἐγὼ
1033 1908 1090 1962 δὲ
1124 1909 1294 1962 ἐλπιῶ
1334 1910 1425 1963 ἐπὶ
1459 1911 1539 1963 σέ.
1572 1931 1590 1963 ι
1620 1912 1759 1983 Πλή-

1865 1914 1988 1967 bam
2041 1927 2174 1966 vero
2227 1911 2465 1965 civitatis
2528 1913 2779 1966 nominat
2821 1912 2969 1966 viros
3024 1910 3351 1981 sanguinum
3392 1923 3447 1965 et

172 2018 331 2073 ρωμα
369 2001 431 2053 δὲ
466 2000 616 2069 λέγει
644 2002 739 2073 τῆς
769 2002 972 2065 πόλεως
1008 2001 1233 2072 ταύτης,
1260 2001 1457 2072 ἄνδρας
1487 2003 1758 2073 αἱμάτων,

171 2091 261 2143 καὶ
290 2090 625 2161 δολιότητος,
652 2092 775 2154 τοὺς
801 2091 951 2146 οὐδὲν
975 2088 1110 2156 εἶδος
1141 2093 1381 2162 πονηρᾶς
1405 2092 1619 2163 ἡμέρας
1642 2095 1763 2164 ἡμι-

172 2182 455 2247 σεύοντας,
487 2183 610 2239 οὐδὲ
635 2184 800 2254 ἀτελῆ
832 2184 930 2255 τὴν
966 2186 1229 2256 πονηρίαν
1262 2186 1763 2256 ἐπιδεικνυμένους,

173 2272 286 2326 ἀλλ’
356 2275 418 2329 ἐν
456 2274 538 2345 τῷ
572 2273 726 2345 κακῷ
755 2276 814 2328 τὸ
838 2276 1039 2329 τέλειον
1068 2276 1307 2347 ἔχοντας,
1335 2270 1408 2328 ὧν
1433 2276 1648 2331 πάντων
1684 2296 1762 2331 νι-

172 2365 341 2434 κητὴς
379 2365 595 2434 γίνεται
634 2368 698 2436 τῇ
738 2367 836 2437 μιᾷ
860 2364 1032 2440 ταύτῃ
1057 2368 1230 2436 φωνῇ,
1265 2358 1325 2417 οὗ
1368 2366 1468 2435 τὴν
1504 2366 1640 2435 πρὸς
1669 2366 1761 2419 τὸν

174 2454 302 2508 Θεὸν
337 2456 682 2529 καταμηνύει
717 2457 977 2522 διάθεσιν,
1021 2458 1194 2525 λέγων
1219 2474 1232 2486 ·
1266 2475 1283 2508 t
1336 2457 1477 2525 Ἐγὼ
1504 2458 1560 2510 δὲ
1591 2457 1761 2511 ἐλπιῶ

173 2546 262 2600 ἐπὶ
296 2551 377 2601 σέ.
426 2568 445 2600 ο

699 2640 1097 2694 ΚΕΦΑΛΑΙΟΝ
1137 2641 1234 2693 ΙΔν.

240 2726 467 2792 Τούτοις
498 2727 740 2783 ἐπελθὼν
777 2732 889 2793 τοῖς
913 2730 1179 2802 νοήμασιν
1216 2731 1243 2782 ό
1268 2729 1573 2799 φιλόπονος,
1601 2728 1760 2792 αὐτὸς

176 2817 470 2887 ἀναγνώτω
513 2821 581 2874 τά
628 2820 959 2875 θεόπνευστα
997 2822 1098 2892 τῆς
1145 2821 1464 2892 ψαλμῳδίας
1517 2822 1758 2892 ῥήματα,

174 2911 245 2975 ὡς
271 2914 335 2967 ἂν
362 2915 439 2986 μὴ
469 2916 536 2969 δι’
567 2915 720 2987 ἡμῶν
745 2916 899 2987 ὄχλος
922 2918 1295 2989 ἐπεισαχθείη,
1322 2917 1398 2987 τῷ
1422 2917 1598 2970 πάντα
1618 2916 1760 2970 κατά

176 3000 314 3066 λέξιν
371 3005 710 3076 ἐκτιθεμένῳ
762 3008 854 3059 καὶ
909 3007 1202 3078 μηκύνοντι
1249 3008 1349 3079 τὴν
1404 3010 1491 3078 ἐφ’
1544 3007 1759 3078 ἑκάστῳ

177 3096 403 3166 νοήματι
457 3098 707 3169 θεωρίαν.
747 3100 957 3172 ’Ὠσπερ
991 3100 1047 3153 δέ
1095 3104 1143 3155 οἱ
1193 3100 1291 3173 τὴν
1334 3103 1588 3174 ἀνωφερῆ
1664 3101 1760 3155 xai.

178 3185 538 3259 δυσπόρευτον
591 3189 708 3243 ὁδὸν
759 3191 1021 3257 ἀνιόντες,
1066 3193 1194 3246 ὅταν
1247 3194 1450 3264 μεταξὺ
1488 3194 1757 3264 καθέδρας

178 3277 314 3341 τινὸς
347 3280 703 3350 ἐπιτυχόντες
738 3282 799 3333 τὸ
825 3280 957 3335 πολύ
988 3299 1047 3334 τε
1069 3283 1163 3336 καὶ
1193 3282 1441 3335 σύντονον
1461 3282 1553 3336 τοῦ
1585 3283 1756 3337 κόπου

181 3369 582 3436 ἀναπαύσωσιν,
624 3372 784 3426 πάλιν
814 3373 916 3444 τῆς
963 3373 1243 3445 δυνάμεως
1278 3376 1460 3439 αὐτοῖς
1506 3375 1757 3448 ἀναρρω-

183 3459 415 3533 σθείσης,
452 3464 592 3535 πρὸς
619 3466 715 3537 τὴν
741 3465 922 3518 ἄνοδον
949 3465 1056 3519 τῶν
1087 3466 1500 3537 ὑπερκειμένων
1536 3467 1758 3529 ἑαυτοὺς

183 3553 587 3627 ἐπεγείρουσίν·
641 3556 813 3621 οὕτως
861 3557 953 3610 καὶ
985 3559 1013 3611 ό
1062 3558 1161 3628 τῆς
1199 3559 1398 3629 ἀρετῆς
1455 3557 1754 3628 ὁδοιπόρος,

183 3635 238 3696 οὗ
261 3645 326 3699 τὰ
348 3648 665 3719 διαδήματα
692 3650 836 3702 νῖκαι
861 3649 999 3702 κατά
1024 3647 1132 3701 τῶν
1158 3649 1466 3703 ἀντιπάλων
1499 3649 1655 3714 εἰσὶν,
1682 3651 1755 3715 ὡς

184 3735 217 3805 ἠ
244 3736 521 3811 ἐπιγραφὴ
547 3738 641 3792 τοῦ
675 3738 1037 3811 παρελθόντος
1078 3739 1432 3810 μαρτύρεται,
1463 3743 1528 3811 τῇ
1561 3758 1757 3811 κατορ-

186 3825 339 3882 θώσει
371 3834 438 3903 τῇ
466 3834 593 3904 νίκῃ
618 3833 806 3885 ἐαυτὸν
832 3830 1088 3897 τονώσας,
1115 3831 1275 3887 πάλιν
1303 3831 1438 3904 πρὸς
1464 3833 1561 3904 τὴν
1595 3834 1759 3904 ὑπερ-

185 3923 440 3995 κειμένην
474 3925 826 3979 συντείνεται.
869 3925 1129 3999 Μεγάλης
1157 3925 1265 3997 γὰρ
1295 3924 1463 3997 οὔσης
1509 3926 1601 3978 καὶ
1623 3924 1757 3979 ταύ-

186 4027 276 4081 της
299 4016 397 4085 τῆς
422 4015 685 4083 ἀγωνίας,
700 4011 767 4087 ἦς
787 4016 846 4069 ἐν
870 4016 948 4087 τῷ
966 4034 1068 4087 μνη
1078 4015 1390 4087 μονευθέντι
1415 4015 1612 4087 ψαλμῷ
1634 4034 1759 4069 κατ-

188 4107 499 4179 εκράτησεν,
544 4108 740 4179 λύπης,
798 4108 893 4162 καὶ
945 4109 1295 4179 ἀδολεσχίας,
1346 4109 1440 4163 καὶ
1487 4108 1754 4181 ταραχῆς,

187 4193 374 4268 ἔχθρας
400 4217 459 4253 τε
489 4200 583 4253 καὶ
614 4198 786 4269 ἀκοῆς
810 4214 822 4227 '
856 4198 1014 4253 τοῦτο
1051 4200 1159 4270 γάρ
1192 4202 1339 4253 ἐστιν
1368 4200 1401 4271 ἡ
1426 4199 1576 4271 φωνὴ
1602 4203 1634 4272 ἡ
1662 4200 1754 4253 τού

188 4286 369 4359 ἐχθροῦ
389 4310 403 4322 ·
426 4292 642 4363 καὶτῆς
664 4294 728 4345 ἐκ
758 4292 865 4345 τῶν
893 4292 1232 4363 ἁμαρτωλῶν
1264 4292 1516 4363 θλίψεως,
1545 4293 1757 4362 καὶτῆς

188 4379 287 4432 τῶν
332 4382 699 4453 ἐγκοτούντων
745 4382 933 4455 ὀργῆς,
975 4385 1041 4437 δι’
1076 4377 1148 4437 ὧν
1180 4384 1384 4453 γίνεται
1435 4386 1648 4455 ταραχή
1696 4401 1755 4435 τε

188 4470 429 4544 διανοίας,
450 4478 544 4530 καὶ
558 4474 727 4530 δειλία
744 4476 993 4541 θανάτου,
1010 4476 1103 4529 καὶ
1116 4475 1298 4545 φόϐος,
1313 4477 1404 4528 καὶ
1422 4477 1642 4547 τρόμος,
1665 4475 1758 4528 καὶ

1863 2001 2194 2068 dolositatis,
2217 2002 2310 2071 qui
2344 2001 2547 2055 nullam
2577 2001 2814 2071 speciem
2841 2001 2973 2055 mali
2995 2000 3104 2056 dici
3134 2000 3447 2067 dimidiam,

1862 2109 2042 2165 neque
2093 2093 2465 2165 imperfectam
2515 2094 2778 2147 malitiam
2825 2109 2949 2149 esse
2993 2093 3218 2156 sinunt,
3250 2092 3345 2147 sed
3389 2093 3442 2145 in

1861 2185 2072 2239 malitia
2104 2199 2295 2240 omnes
2326 2199 2588 2238 numeros
2617 2183 2821 2238 habent
2858 2203 2871 2239 :
2915 2198 3148 2253 quorum
3197 2183 3442 2236 omnium

1860 2274 2036 2329 victor
2071 2274 2129 2328 iit
2156 2289 2264 2328 una
2296 2274 2387 2328 illa
2417 2288 2573 2338 voce,
2606 2288 2713 2343 qua
2747 2288 2902 2328 suam
2943 2289 3070 2343 erga
3103 2271 3273 2327 Deum
3308 2271 3443 2326 atie-

1861 2366 2096 2420 ctionem
2132 2365 2336 2436 prodit,
2375 2379 2501 2420 cum
2541 2363 2619 2419 ait
2652 2382 2664 2419 :
2713 2382 2733 2416 ι
2771 2362 2884 2435 Ego
2921 2371 3102 2419 autem
3144 2366 3200 2417 in
3237 2372 3286 2419 te
3323 2378 3443 2432 spe-

1862 2456 2015 2513 rabo.
2058 2476 2079 2510 ι

2458 2641 2688 2697 CAPUT
2715 2640 2858 2695 XIV.

1930 2733 2217 2789 Pracdictis
2245 2732 2504 2790 sensibus
2543 2734 2831 2795 insistens,
2866 2732 3182 2802 quicunque
3249 2730 3442 2784 harum

1861 2840 2044 2879 rerum
2067 2826 2354 2881 studiosus
2386 2833 2492 2889 est,
2539 2825 2658 2896 ipse
2697 2841 2799 2881 suo
2824 2824 3007 2880 studio
3057 2823 3322 2878 divinitus
3360 2822 3446 2876 in-

1862 2918 2066 2989 spirata
2102 2918 2421 2987 psalmodiae
2456 2917 2622 2986 hujus
2680 2917 2845 2972 verba
2905 2925 3231 2986 percurrat:
3293 2930 3363 2969 ne
3412 2928 3443 2968 a

1861 3010 2021 3065 nobis
2077 3008 2333 3064 confusio
2371 3011 2559 3080 potius
2603 3008 3013 3074 introducatur,
3051 3007 3098 3063 si
3156 3007 3339 3061 umnia
3375 3008 3440 3060 ad

1860 3102 2088 3157 verbum
2143 3116 2448 3172 exponam,
2513 3099 3058 3172 disputationemque
3116 3098 3175 3153 in
3249 3100 3443 3168 quovis

1861 3204 2028 3246 sensu
2065 3191 2283 3262 longius
2340 3190 2678 3261 protraham.
2735 3190 3208 3255 Quemadmodum
3262 3198 3442 3244 autem

1863 3283 1964 3344 illi,
1993 3281 2087 3353 qui
2118 3281 2390 3339 difﬁcilem
2424 3295 2477 3339 et
2519 3283 2856 3353 praecipitem
2923 3283 3066 3337 viam
3113 3282 3441 3346 ascendunt,

1858 3377 1902 3432 si
1937 3377 2143 3431 interea
2181 3372 2365 3433 sedem
2395 3377 2632 3447 aliquam
2684 3378 2981 3447 reperiant,
3035 3376 3441 3430 contentionem

1860 3469 2007 3523 illam
2052 3468 2256 3524 laboris
2286 3469 2593 3535 remittunt,
2630 3477 2692 3522 ut
2719 3468 3019 3538 resumptis
3077 3475 3131 3522 et
3166 3468 3443 3537 reparatis

1857 3550 2068 3618 viribus
2098 3562 2310 3631 seipsos
2344 3560 2411 3614 ad
2446 3560 2759 3631 superanda
2795 3560 3030 3616 celsiora
3075 3574 3197 3629 quae
3232 3566 3443 3615 restant

1858 3651 2074 3724 fastigia
2107 3653 2349 3707 excitent
2392 3669 2406 3706 :
2442 3651 2523 3707 sic
2570 3660 2625 3707 et
2676 3652 2894 3706 virtutis
2953 3659 3216 3718 sectator,
3280 3651 3442 3721 cujus

1858 3745 2212 3801 ascensiones
2253 3750 2385 3797 sunt
2412 3742 2658 3800 victoriae
2691 3743 2760 3796 ab
2819 3742 3153 3797 adversariis
3216 3744 3436 3806 relatae,

1857 3832 2318 3906 quemadmodum
2348 3834 2635 3907 inscriptio
2658 3833 3018 3904 praecedentis
3041 3834 3236 3903 psalmi
3274 3841 3444 3889 testa-

1857 3936 1965 3994 tur,
1999 3927 2292 3998 adeptione
2331 3926 2581 3981 victoriae
2636 3926 2878 3997 seipsum
2919 3926 3281 3990 conlirmans,
3316 3942 3442 3979 rur-

1859 4035 1980 4077 sum
2015 4019 2082 4075 ad
2110 4019 2358 4075 altiorem
2389 4026 2443 4074 et
2475 4019 2880 4090 praeclariorem
2903 4017 3226 4087 accingitur.
3247 4016 3441 4087 Magna

1858 4110 2078 4181 quidem
2109 4111 2257 4164 lucta
2286 4110 2341 4164 in
2370 4110 2702 4179 praecedenti
2738 4109 2951 4179 psalmo
2990 4107 3266 4178 descripta
3313 4117 3398 4163 est
3423 4148 3438 4171 ,

1857 4218 1922 4258 ex
1959 4217 2067 4272 qua
2093 4200 2271 4256 victor
2305 4202 2439 4257 abiit
2468 4219 2481 4255 :
2516 4201 2683 4266 lucta,
2716 4201 2964 4271 inquam,
2996 4200 3258 4263 tristitiae,
3290 4214 3440 4254 exer-

1859 4294 2162 4359 citationis,
2197 4293 2660 4359 conturbationis,
2724 4292 3134 4347 inimicitiarum
3197 4300 3253 4346 et
3285 4291 3440 4344 andi-

1859 4386 2024 4441 tionis
2052 4404 2065 4440 :
2096 4385 2176 4441 sic
2197 4385 2343 4440 enim
2394 4398 2585 4439 vocem
2620 4383 2831 4438 inimici
2865 4385 3237 4453 interpretor:
3263 4389 3316 4435 et
3342 4382 3441 4435 tri-

1857 4478 2160 4535 bulationis
2195 4493 2226 4531 a
2257 4477 2641 4548 peccatoribus
2662 4474 2938 4546 profectae,
2962 4486 3016 4529 et
3038 4475 3132 4528 ira:
3160 4473 3442 4544 indignan-

194 4566 401 4633 σκότος,
438 4571 532 4624 καὶ
568 4569 638 4623 τὰ
677 4568 919 4623 τοιαῦτα.
955 4570 1014 4622 Ὀ
1049 4570 1227 4624 τοίνυν
1263 4568 1523 4621 τοιούτων
1566 4586 1623 4621 τε
1665 4570 1758 4623 καὶ

1865 4571 2020 4634 tium,
2058 4570 2261 4641 quibus
2314 4569 2665 4624 concitantur
2699 4566 2936 4621 turbatio
2969 4566 3174 4628 cordis,
3222 4572 3279 4620 et
3331 4564 3442 4618 for-

191 4658 442 4714 τοσούτων
478 4659 760 4733 ὑπερσχὼν
786 4660 1114 4726 ἀντιπάλων,
1147 4662 1205 4713 ἐν
1243 4658 1320 4731 τῷ
1346 4659 1529 4731 πτερῷ
1554 4660 1654 4730 τῆς
1682 4660 1758 4725 ὡς

194 4753 506 4823 περιστερᾶς
534 4750 884 4820 ἐπιφανείσης
906 4748 984 4820 τῷ
1012 4749 1132 4820 βίῳ,
1157 4748 1252 4803 καὶ
1277 4749 1618 4819 μεταναστὰς
1649 4749 1758 4803 ἀπὸ

193 4835 291 4889 τῶν
318 4841 372 4894 ἐν
399 4844 465 4913 τῇ
502 4841 669 4913 κακίᾳ
703 4839 1132 4911 ύλομανούντων,
1170 4840 1264 4893 ἐπὶ
1289 4840 1386 4910 τὴν
1420 4840 1627 4911 ἔρημον
1659 4840 1759 4913 τῆς

197 4933 443 5001 πονηρίας
470 4934 578 4987 τῶν
606 4933 859 5000 ζιζανίων
895 4932 1151 5004 βλάστης,
1186 4932 1244 4986 ἐν
1278 4926 1323 5001 ᾧ
1360 4932 1568 5002 γίνεται
1598 4935 1631 5004 ἡ
1661 4950 1760 4986 κα-

195 5016 466 5088 τάπαυσις,
517 5023 596 5095 τῷ
645 5025 801 5079 πόλιν
846 5024 976 5095 ὃλην
1029 5023 1137 5077 τῶν
1177 5024 1567 5094 ἀντικειμένων
1611 5022 1759 5095 αὐτῷ

199 5107 505 5186 πληρώματι
544 5116 655 5169 τῶν
686 5115 1047 5172 ἐποικούντων
1086 5115 1323 5187 νικῆσαι,
1353 5110 1421 5187 ἦς
1455 5115 1757 5187 οἰκήτορες,

201 5199 399 5276 ἀνομία,
426 5208 521 5263 καὶ
542 5209 728 5273 κόπος,
750 5211 841 5263 καὶ
870 5208 1166 5278 ἀντιλογία,
1199 5208 1357 5271 τόκος
1386 5224 1467 5271 τε,
1490 5207 1583 5261 καὶ
1613 5207 1761 5271 δόλος

203 5296 285 5347 καὶ
315 5298 557 5369 θάνατος,
599 5302 693 5356 καὶ
726 5301 872 5372 ζωῆς
914 5302 994 5364 είς
1028 5286 1158 5372 ᾇδού
1190 5299 1491 5363 κατάϐασις
1515 5314 1528 5328 ·
1579 5299 1761 5352 καὶτὸ

205 5384 401 5446 πάντων
451 5395 709 5448 κάκιστον
761 5392 936 5462 γένος,
994 5392 1102 5446 τῶν
1151 5392 1239 5445 ἀεὶ
1292 5391 1688 5446 κατοικούντων
1726 5393 1759 5463 ἡ

207 5473 490 5552 ὑπόκρισις,
524 5487 558 5557 ἡ
586 5489 655 5558 τῇ
684 5485 904 5551 ἐνδείξει
940 5486 1040 5558 τῆς
1066 5484 1371 5557 ὁμοψυχίας
1410 5485 1510 5557 τὴν
1548 5485 1767 5539 ἐπιϐου-

207 5562 290 5637 λὴν
314 5574 619 5647 ἐνεργοῦσα.
646 5577 758 5642 ’Ἡς
786 5579 1048 5649 κρείττων
1075 5580 1281 5647 γίνεται
1310 5581 1338 5631 ό
1375 5577 1539 5630 παντὶ
1562 5577 1640 5647 τῷ
1666 5576 1765 5646 τῆς

212 5654 327 5726 ιδίας
358 5666 498 5740 ζωῆς
519 5671 698 5741 χρόνῳ
724 5687 787 5724 συ
796 5671 1177 5743 μπαρατείνων
1205 5671 1303 5743 τὴν
1326 5673 1405 5733 είς
1419 5669 1479 5723 τὸ
1496 5667 1649 5723 Θεῖον
1674 5685 1764 5720 πε-

212 5752 459 5825 ποίθησιν.
492 5760 760 5833 Ἑσπέραν
781 5763 889 5833 γὰρ
911 5763 1004 5816 καὶ
1030 5764 1266 5833 πρωῖαν,
1294 5762 1388 5814 καὶ
1418 5759 1762 5832 μεσημϐρίαν

212 5839 379 5913 εἷπὼν,
410 5851 528 5905 ὅλον
578 5845 1073 5926 περιλαμΰάνειτὸ
1105 5855 1405 5926 ἡμερήσιον
1461 5852 1676 5925 μέτρον,
1706 5853 1761 5903 ἐν

1862 4661 2010 4716 mido
2048 4661 2264 4725 mortis,
2301 4669 2355 4716 et
2403 4662 2589 4725 timor,
2645 4668 2701 4715 et
2729 4667 2956 4726 tremor,
2992 4667 3043 4713 et
3082 4657 3344 4722 tenebrae,
3387 4668 3442 4712 et

1859 4752 2083 4807 similia.
2114 4752 2218 4819 Qui
2247 4753 2416 4824 igitur
2445 4759 2524 4805 tot
2559 4766 2624 4806 ac
2671 4759 2856 4808 tantos
2906 4750 3184 4820 superavit
3230 4750 3442 4811 hostes,

1861 4843 2058 4915 pennis
2097 4844 2219 4915 ejus
2252 4844 2572 4913 assumptis,
2604 4845 2698 4914 qui
2725 4843 2779 4898 in
2806 4844 2989 4914 specie
3021 4844 3291 4900 columbae.
3318 4843 3442 4898 vita:

1862 4944 2064 4990 nostra:
2096 4936 2368 5005 apparuit,
2405 4935 2452 4991 is
2484 4933 2743 4991 transfert
2775 4950 2899 4990 sese
2920 4935 2989 4990 ab
3019 4934 3088 4990 iis
3138 4934 3231 5004 qui
3282 4934 3443 4988 mali-

1861 5027 1951 5081 tia:
1980 5026 2165 5081 studio
2198 5025 2540 5090 inserviunt,
2571 5026 2627 5080 in
2670 5025 3026 5081 solitudinem
3081 5040 3311 5080 vacuam
3375 5025 3445 5080 ab

1863 5118 2010 5172 omni
2068 5117 2297 5184 malitia,
2334 5123 2388 5171 et
2427 5117 2740 5189 pernicioso
2797 5118 3139 5172 zizaniorum
3180 5116 3441 5187 germine,

1871 5212 1965 5265 ubi
2011 5211 2228 5283 requies
2264 5212 2591 5280 acquiritur,
2629 5210 2842 5265 devicta
2878 5212 2989 5280 jam
3026 5217 3140 5264 tota
3185 5208 3446 5262 adversa-

1863 5306 2073 5359 riorum
2107 5304 2330 5359 civitate
2369 5319 2496 5358 cum
2529 5304 2677 5358 omni
2712 5303 3015 5358 incolarum
3047 5301 3232 5365 turba,
3283 5300 3445 5368 cujus

1866 5397 2060 5451 incola:
2124 5402 2255 5451 sunt
2309 5395 2572 5465 iniquitas
2617 5402 2671 5451 et
2730 5395 2905 5456 labor,
2952 5401 3006 5447 et
3049 5390 3443 5451 contradictio.

1866 5502 2056 5554 usura,
2082 5498 2134 5543 et
2162 5486 2343 5549 dolus,
2380 5496 2436 5541 et
2462 5502 2634 5549 mors,
2674 5494 2729 5540 et
2761 5485 3065 5539 viventium
3128 5482 3197 5536 ad
3236 5480 3448 5536 inferos

1865 5582 2188 5647 descensus,
2238 5588 2292 5634 et
2323 5578 2471 5650 quod
2510 5578 2754 5632 omnium
2790 5578 3058 5631 malorum
3100 5573 3448 5630 teterrimum

1865 5687 2036 5741 genus
2095 5678 2211 5736 est,
2271 5670 2575 5724 incolarum
2632 5677 2894 5738 perpetua
2928 5666 3269 5740 hypocrisis,
3323 5680 3447 5736 qua:

1864 5763 2041 5833 specie
2078 5761 2388 5816 concordiae
2415 5769 2469 5816 et
2498 5759 2901 5823 unanimitatis,
2932 5757 3167 5816 insidias
3195 5757 3443 5820 molitur,

1874 5871 1979 5926 qua
2013 5855 2265 5924 Superior
2297 5852 2475 5909 evadit
2512 5852 2623 5919 illc,
2662 5853 2755 5925 qui
2785 5853 2955 5910 totius
2986 5850 3137 5907 'vitae
3185 5864 3298 5905 suae
3347 5850 3444 5907 dc-
