3844 6352
385 5727 410 5774 Jl

455 364 564 421 575

1700 375 1755 432 S.
1783 377 2110 433 CREGORII
2151 375 2444 430 NYSSENI

3616 381 3706 435 576

455 503 622 542 cursu
654 502 803 556 spem
836 495 889 540 et
922 486 1176 543 ﬁduciam
1211 503 1279 544 ex
1309 488 1421 545 Deo
1463 505 1792 561 suspensam
1843 494 2024 550 habet.

2134 489 2172 562 ᾧ
2195 494 2368 549 ταῦτα
2392 495 2559 562 λέγει,
2579 486 2652 547 ὧν
2669 496 2698 547 ὁ
2719 495 2850 559 Θεὸς
2879 496 3172 551 ἐπακούειν
3189 496 3444 567 ἀνέχεται
3466 511 3481 525 ⁶
3500 495 3708 565 λυτρούο

455 577 752 648 Vesperam
787 581 929 634 enim
958 587 1014 634 et
1053 595 1234 645 mane,
1277 590 1332 637 et
1364 582 1648 638 meridiem
1701 585 2025 650 nominans,

454 677 629 724 totum
657 670 912 724 diurnum
969 686 1194 727 cursum
1257 673 1694 743 comprehendit,
1761 690 1869 746 quo
1898 677 2028 731 talia

459 766 666 823 narrat,
698 775 819 829 quae
851 760 996 816 Deus
1019 762 1280 817 exaudire
1329 763 1590 828 sustinet,
1648 764 1924 822 redimens
1973 767 2028 820 in

459 865 588 919 pace
619 850 786 904 vitam
822 852 888 905 ab
916 853 1002 917 iis,
1041 854 1135 921 qui
1175 853 1278 922 ipsi
1313 868 1510 924 magno
1558 869 1788 909 numero
1833 870 2032 925 appro-

455 943 744 1009 pinquant,
776 957 916 1011 quos
957 962 976 994 c
1021 943 1170 999 viros
1229 944 1556 1013 sanguinum
1592 963 1613 996 ι
1674 945 1940 1006 nominat,
1975 952 2030 1000 et

460 1051 477 1082 ι
517 1031 738 1086 dolosos
769 1042 824 1087 et
853 1033 906 1086 in
938 1035 1146 1088 malitia
1177 1041 1614 1090 consummatos.
1653 1053 1672 1087 ι
1697 1033 1833 1088 Cum
1864 1035 2030 1106 igitur

457 1121 653 1177 ﬁducia
695 1123 748 1176 in
791 1122 955 1177 Deum
988 1131 1069 1178 tot
1103 1139 1167 1179 ac
1212 1131 1396 1180 tantos
1421 1123 1612 1180 hostes
1665 1124 2027 1192 debellasset,

456 1229 650 1270 rursus
679 1215 836 1284 quasi
861 1214 1124 1268 oblivioni
1160 1215 1440 1284 prioribus
1474 1215 1753 1270 laboribus
1788 1216 2028 1280 traditis,

455 1305 509 1356 in
537 1305 828 1360 validiores
862 1304 1317 1373 robustioresque
1346 1305 1724 1374 antagonistas
1767 1305 2027 1376 insurgit.

456 1396 595 1452 Vide
623 1397 791 1461 enim,
821 1411 959 1466 quos
991 1397 1097 1451 sibi
1132 1397 1352 1452 labores
1380 1411 1476 1466 per
1504 1399 1805 1452 certamina
1833 1413 2032 1467 propo-

457 1497 587 1542 nat:
627 1508 644 1539 ε
677 1487 782 1542 Pro
811 1488 1032 1557 populo,
1068 1507 1085 1536 ι
1109 1487 1372 1556 inquit",
1408 1505 1426 1538 ι
1463 1488 1611 1557 quia
1640 1489 1850 1542 sanctis
1874 1489 2032 1558 longe

459 1580 638 1633 factus
677 1587 782 1634 est.
815 1598 835 1630 ι
881 1578 1124 1649 Populus
1165 1581 1269 1634 iste
1296 1587 1382 1634 est
1435 1587 1548 1632 tota
1579 1579 1860 1633 hominum
1891 1580 2032 1633 mulo

426 1671 658 1733 'titudo,
685 1686 850 1739 quam
893 1670 1164 1740 separatio
1212 1684 1241 1723 a
1282 1669 1488 1724 sanctis
1524 1667 1797 1724 mandatis
1826 1668 2031 1738 ingenti

454 1761 690 1831 quodam
723 1769 776 1815 et
813 1763 1025 1815 inﬁnito
1069 1761 1358 1815 intervallo
1384 1775 1413 1812 a
1449 1758 1562 1814 Deo
1591 1761 1847 1830 sejunxit.
1875 1758 2030 1814 Hunc

454 1869 585 1923 ergo
614 1853 872 1923 populum
905 1862 1127 1907 revocat
1155 1867 1250 1922 per
1280 1852 1566 1906 victoriam
1599 1850 1667 1905 ab
1713 1851 2029 1906 adversario

454 1946 700 2010 relatam,
734 1946 1016 2014 proposita
1055 1945 1107 1999 in
1152 1945 1435 2015 praemium
1487 1945 1851 2002 certaminum
1913 1944 2028 2014 ipsa

454 2037 793 2104 perditorum
825 2037 1022 2103 salute,
1050 2035 1210 2104 cuius
1238 2036 1414 2105 gratia
1441 2037 1494 2089 in
1526 2035 1784 2089 columna
1811 2051 2030 2104 quoque

452 2129 705 2182 inscribit
729 2129 1052 2198 praeclarum
1103 2128 1206 2182 hoc
1242 2125 1476 2189 facinus,
1514 2127 1790 2196 scriptura
1822 2125 2030 2181 indele-

453 2220 569 2282 liili,
608 2221 842 2274 durante
871 2220 924 2273 in
966 2234 1130 2273 omne
1176 2233 1350 2273 aevum
1385 2233 1568 2272 rerum
1602 2227 1876 2288 gestarum
1917 2233 2029 2273 me-

452 2314 646 2366 moria.
681 2309 889 2381 Obtigit
920 2313 1086 2381 igitur
1121 2309 1310 2364 Davidi
1360 2310 1593 2364 victoria
1628 2311 1683 2363 in
1725 2310 1888 2374 tituli,
1930 2325 2028 2366 seu

453 2402 720 2456 columnae
775 2402 1151 2471 inscriptione,
1197 2419 1214 2452 ι
1273 2399 1526 2467 Quando,
1568 2419 1587 2452 ι
1636 2401 1836 2470 inquit,
1893 2420 1911 2452 ι
1949 2409 2028 2456 te-

454 2503 693 2548 nuerunt
732 2509 857 2549 eum
917 2493 1189 2562 Allophyli
1230 2493 1285 2547 in
1337 2490 1494 2547 Gelh.
1544 2510 1562 2543 ι
1624 2491 1702 2547 Ne
1749 2506 1879 2547 vero
1926 2507 2028 2548 nos

454 2593 741 2656 praetereat
776 2599 976 2639 sensus
1008 2584 1327 2654 subjectus,
1358 2591 1413 2638 .et
1454 2583 1612 2653 quasi
1663 2583 1906 2640 intextus
1945 2584 2029 2638 hi-

452 2681 638 2734 storiae
665 2675 1174 2740 involucris,'l‘acto
1207 2675 1390 2731 verbis
1447 2677 1796 2746 compendio,
1837 2679 2026 2747 paucis

451 2769 890 2824 commemorabo
921 2769 1206 2824 historiam
1230 2768 1297 2820 ’⁸.
1332 2767 1537 2821 Invidia
1563 2767 1831 2824 adversus
1868 2768 2027 2823 Davi-

451 2862 575 2916 dcm
613 2861 889 2915 invaserat
917 2861 1263 2931 tyrannicum
1297 2859 1515 2914 Saulem
1542 2861 1613 2916 ob
1645 2862 1924 2915 victoriam
1958 2861 2028 2916 de

454 2959 728 3022 prostrato
749 2950 964 3006 Goliath
1001 2959 1359 3022 reportatam,
1393 2953 1654 3022 quodque
1681 2953 1910 3008 victoria
1934 2953 2026 3008 illa

453 3061 550 3112 per
588 3044 808 3110 choros,
833 3043 1075 3097 omnium
1109 3043 1399 3112 applausu,
1431 3044 1820 3098 celebraretur.
1846 3044 2027 3110 Quare

456 3136 586 3189 Saul
625 3135 775 3189 omni
808 3133 1013 3196 studio,
1063 3134 1200 3189 clam
1231 3141 1286 3190 et
1313 3135 1513 3203 palam,
1551 3135 1830 3189 interitum
1865 3136 1914 3190 ei
1947 3134 2028 3189 af-
2056 3157 2102 3221 ο

453 3227 599 3281 ferre
623 3227 1065 3289 macliinabatur,
1094 3241 1240 3280 nunc
1271 3226 1490 3296 quidem
1531 3229 1746 3283 occulte
1802 3228 2029 3284 structis

455 3316 694 3378 insidiis,
727 3331 924 3370 rursus
969 3324 1155 3386 aperte
1189 3317 1356 3371 armis
1417 3298 1472 3370 in
1532 3316 1684 3370 illum
1736 3319 2026 3386 correptis,

455 3407 796 3474 subditisque
830 3416 1019 3461 contra
1061 3409 1210 3460 illum
1243 3408 1558 3464 concitatis.
1589 3409 1660 3462 At
1691 3424 1816 3464 cum
1857 3412 2029 3467 variis

456 3497 751 3566 multisque
782 3496 958 3552 modis
994 3497 1161 3552 David
1195 3513 1224 3551 a
1268 3498 1434 3553 Saule
1462 3501 1771 3570 exagitatus
1809 3510 1863 3556 et
1907 3509 2028 3557 ten-

454 3599 601 3644 tatus
626 3597 793 3653 esset,
836 3589 1056 3644 tandem
1108 3590 1176 3645 ad
1216 3589 1468 3647 Gethaaos
1509 3593 1808 3662 prolectus,
1859 3610 2026 3650 unam

452 3695 520 3734 ex
548 3680 861 3734 civitatibus
905 3682 1335 3750 alienigenarum
1386 3683 1678 3748 incolebat,
1738 3694 1934 3755 sponte
1978 3687 2029 3742 ei

453 3769 506 3822 id
531 3769 640 3826 illis
668 3769 1119 3837 concedent-ilius,
1150 3771 1204 3826 in
1233 3787 1339 3841 qua
1371 3788 1479 3827 una
1507 3788 1632 3827 cum
1669 3775 1834 3830 sociis
1862 3775 2028 3846 dege-

454 3862 567 3925 bat,
605 3862 820 3917 duabus
864 3861 1094 3931 junctus
1147 3863 1402 3934 legitimis
1456 3866 1744 3932 uxoribus,
1791 3883 2026 3937 quarum

451 3950 672 4020 quidem
709 3953 801 4005 illa
833 3949 1097 4007 lsraelitis
1125 3961 1265 4016 erat,
1297 3954 1388 4007 illa
1415 3970 1546 4009 vero
1570 3957 1808 4024 potentis
1837 3959 2026 4029 cujus-

453 4043 578 4096 dam
607 4043 662 4095 iu
695 4042 947 4098 Carmelo
975 4043 1179 4113 conjux
1247 4044 1446 4111 fuerat,
1486 4061 1598 4116 quo
1627 4059 1864 4117 mortuo,
1925 4051 2031 4106 Dav

453 4133 567 4188 vidi
599 4143 882 4203 nupserat.
922 4133 1048 4190 Haec
1078 4136 1322 4191 historiae
1351 4138 1524 4194 series
1550 4139 1815 4194 continet.

525 4226 680 4292 Quod
712 4227 875 4297 igitur
929 4227 1184 4283 detentus
1238 4237 1323 4283 est
1350 4229 1494 4299 apud
1555 4229 1909 4303 alienigenas,
1972 4233 2028 4289 id

454 4332 561 4372 non
589 4325 674 4374 est
707 4326 1051 4388 argumento,
1081 4319 1258 4389 ipsum
1307 4321 1376 4374 ab
1411 4321 1758 4390 improbitate
1787 4338 2026 4394 occupa-

456 4417 567 4462 tum
603 4418 657 4464 et
681 4409 958 4464 detentum
987 4410 1198 4476 fuisse;
1231 4427 1340 4466 non
1370 4412 1514 4467 enim
1557 4414 1664 4468 tale
1701 4415 1833 4485 quid
1878 4418 2027 4472 acci-

2133 605 2294 660 μενος
2316 587 2404 641 διά
2429 588 2657 658 εἰρήνης
2680 586 2778 658 τὴν
2801 587 2946 660 ζωὴν
2976 589 3084 643 ἀπὸ
3110 589 3220 644 τῶν
3245 586 3390 642 οὕτω
3424 603 3711 659 προσεγγι-

2129 679 2333 745 ζόντων
2362 679 2514 750 αὑτῷ
2550 680 2608 734 ἐν
2640 679 2822 750 πολλῷ
2863 680 2942 752 τῷ
2977 683 3305 752 συστήματι,
3336 679 3438 744 οὓς
3471 699 3491 733 ι
3529 679 3710 750 ἄνδρας

2130 772 2380 844 αίμάτων
2421 792 2438 826 ι
2473 771 2753 844 ὀνομάζει,
2781 773 2877 827 καὶ
2913 791 2933 825 ι
2973 773 3304 844 δολιότητος,
3337 773 3437 827 καὶ
3475 773 3535 826 ὲν
3563 771 3713 842 κακίᾳ

2128 865 2394 928 τελείους.
2419 883 2437 916 ι
2461 863 2748 919 Τοσούτων
2767 865 2947 919 τοίνυν
2959 865 3055 918 καί⁸
3068 863 3325 918 τοιούτων
3339 864 3433 918 διὰ
3457 863 3554 916 τοῦ
3576 863 3706 915 ἐλπί·

2130 948 2243 1012 ζειν
2277 949 2371 1002 ἐπὶ
2397 949 2487 1001 τὸν
2519 949 2652 1002 Θεὸν
2679 949 3118 1018 κατακρατήσας,
3155 948 3336 1013 πάλιν,
3359 946 3558 1016 ὥσπερ
3595 944 3702 997 τινὰ

2129 1039 2299 1110 λήθην
2346 1039 2458 1093 τῶν
2505 1039 2872 1108 δεικνυμένων
2923 1039 3288 1108 ποιησάμενος
3346 1037 3553 1092 πόνων,
3604 1038 3702 1097 τοῖς

2133 1130 2499 1200 ἰσχυροτέροις
2535 1145 2595 1182 τε
2625 1130 2718 1182 καὶ
2743 1128 2984 1200 μείζοσιν
3010 1128 3118 1180 τῶν
3159 1124 3582 1194 ἀνταγωνιστῶν
3627 1125 3705 1175 ἐπ-

2129 1221 2420 1290 εγείρεται.
2466 1219 2596 1273 Ἰδοὺ
2629 1220 2736 1290 γὰρ
2772 1215 2882 1272 οἷον
2910 1220 3068 1273 πόνον
3093 1216 3269 1288 ἐαυτῷ
3296 1216 3383 1270 διά
3433 1215 3548 1268 τῶν
3578 1211 3705 1280 ἀγώσ

2128 1327 2234 1363 νων
2265 1309 2650 1380 προστίθησιν·
2691 1329 2708 1360 ι
2742 1306 2919 1377 ’Υπὲρ
2937 1307 3034 1361 τοῦ
3069 1308 3226 1368 λαοῦ,
3270 1325 3288 1358 r
3338 1306 3536 1375 φησὶν,
3569 1325 3586 1356 ι
3621 1303 3702 1365 τοῦ

2128 1399 2236 1455 ἀπὸ
2264 1400 2372 1454 τῶν
2402 1401 2572 1469 ἁγίων
2612 1399 3104 1471 μεμακρυμμένου.
3149 1415 3169 1450 ι
3219 1397 3275 1450 Ὁ
3300 1397 3355 1450 δέ
3384 1396 3520 1459 λαὸς
3541 1387 3701 1456 οὗτος,

2130 1489 2276 1543 ἀπαν
2317 1489 2464 1547 ἐστὶν
2507 1488 2566 1541 τὸ
2595 1488 2934 1559 ἀνθρώπινον
2983 1488 3277 1558 πλήρωμα,
3305 1489 3447 1558 ὅπερ
3478 1489 3505 1539 ό
3558 1502 3703 1556 χωρι·

2131 1577 2267 1647 σμὸς
2296 1577 2403 1631 τῶν
2439 1577 2609 1645 ἁγίων
2653 1576 2880 1630 ἐντολῶν
2912 1576 3089 1647 πολλῷ
3113 1594 3220 1629 τινι
3259 1577 3352 1629 καὶ
3393 1577 3612 1646 ἀπείρῳ
3638 1574 3702 1643 τῷ

2133 1669 2337 1740 μεταξὺ
2363 1669 2689 1740 διαστήματι
2714 1671 2808 1722 τοῦ
2829 1669 2963 1722 Θεοῦ
2989 1669 3322 1739 διετείχισεν.
3357 1668 3566 1721 Τοῦτον
3589 1669 3701 1723 ἀνα-

2131 1760 2375 1814 καλεῖται
2402 1761 2490 1814 διά
2526 1761 2626 1830 τῆς
2653 1761 2788 1831 πρὸς
2819 1761 2910 1814 τὸν
2946 1762 3236 1814 ἀντίπαλον
3277 1759 3460 1830 νίκης,
3488 1760 3700 1812 ἔπαθλον

2063 1831 2103 1884 Β
2131 1852 2240 1904 τῶν
2279 1850 2504 1920 ἀγώνων
2540 1851 2638 1922 τὴν
2674 1851 2781 1904 τῶν
2812 1851 3161 1905 ἀπολωλότων
3210 1852 3488 1920 σωτηρίαν
3539 1850 3700 1904 ποιούο

2135 1960 2314 2013 μενος,
2341 1935 2403 1996 οὗ
2442 1943 2599 2014 χάριν
2623 1942 2714 1996 καὶ
2742 1942 3171 2013 ἐνστηλιτεύεται
3207 1943 3265 1996 τὸ
3299 1943 3627 2014 κατόρθωμα
3653 1945 3697 1994 ἐν

2131 2031 2500 2100 ἁνεξαλείπτῳ
2547 2033 2730 2103 γραφῇ
2781 2031 3190 2102 διαιωνιζούσης
3245 2033 3352 2085 τῶν
3415 2035 3700 2102 γεγονότων

2130 2123 2229 2193 τῆς
2262 2123 2502 2193 μνήμης.
2534 2123 2746 2176 Γίνεται
2774 2119 2866 2177 οὖν
2895 2124 2928 2194 ἡ
2960 2123 3079 2195 νίκη
3109 2124 3187 2194 τῷ
3217 2124 3379 2177 Δαῦὶδ
3415 2127 3499 2188 είς
3531 2126 3698 2192 στηλο-

2131 2215 2392 2284 γραφίαν,
2429 2232 2448 2265 t
2481 2213 2739 2281 Ὀπότε,ι
2785 2217 2970 2286 φησὶν,
3012 2235 3030 2268 ι
3083 2217 3396 2286 ἐκράτησαν
3450 2217 3610 2269 αὑτὸν
3656 2218 3695 2269 oi

2144 2307 2536 2374 Ἀλλόφυλοιὲν
2566 2307 2686 2360 Γέθ.
2729 2327 2748 2360 ι
2795 2309 2881 2371 Ὠς
2911 2307 2956 2361 δ’
2991 2308 3056 2361 ἂν
3083 2309 3159 2379 μὴ
3200 2309 3542 2380 παραδράμῃ
3572 2310 3696 2379 ἡμᾶς

2131 2399 2162 2468 ἡ
2194 2397 2281 2451 διά
2307 2399 2416 2451 τῶν
2453 2399 2790 2468 αἰνιγμάτων
2818 2399 2916 2469 τῆς
2956 2399 3195 2471 ἱστορίας
3235 2401 3575 2471 ὑφαινομένη
3600 2401 3697 2453 διά-

2130 2509 2249 2546 νοια
2293 2493 2370 2562 τῷ
2415 2492 2576 2563 λόγῳ,
2620 2493 2927 2561 συντέμνων
2967 2490 3034 2543 δι’
3082 2491 3261 2559 ὀλίγου
3303 2491 3695 2562 ἐπιδραμοῦμαι

2130 2585 2228 2653 τὴν
2261 2584 2520 2653 ἱστορίαν.
2559 2583 2753 2646 Φθόνος
2787 2582 3000 2650 ἐνεφύει
3029 2583 3170 2636 κατά
3193 2582 3285 2636 τοῦ
3316 2582 3488 2636 Δαεὶδ
3517 2582 3591 2652 τῷ
3618 2599 3695 2633 τυ-

2132 2673 2367 2744 ραννικῴ
2399 2673 2572 2726 Σαοὺλ
2613 2674 2704 2726 ἐπὶ
2735 2676 2800 2746 τῇ
2834 2675 2960 2746 νίκῃ
2992 2674 3084 2727 τοῦ
3113 2675 3153 2725 Γ
3157 2672 3326 2739 ολιάθ,
3361 2673 3424 2726 ἐν
3459 2677 3526 2743 τῇ
3552 2675 3695 2741 εὐφη-

2134 2767 2234 2836 μία
2266 2765 2373 2820 τῶν
2419 2766 2506 2819 διὰ
2555 2766 2771 2837 χορείας
2819 2767 3258 2839 φαιδρυνομένων
3308 2769 3373 2835 τῇ
3429 2768 3587 2835 νίκῃ’
3620 2763 3695 2815 καὶ

2133 2859 2338 2922 πάσαις
2379 2860 2643 2923 ἐπινοίαις
2671 2859 2843 2930 λάθρα
2874 2877 2933 2912 τε
2971 2859 3063 2912 καὶ
3092 2859 3156 2910 ἐκ
3190 2857 3283 2910 τοῦ
3314 2857 3584 2927 προδήλου
3621 2855 3694 2906 τὸν

2132 2953 2251 3003 κατ’
2286 2951 2446 3004 αὐτοῦ
2477 2951 2635 3019 φόνον
2679 2953 2708 3004 ό
2743 2950 2915 3004 Σαοὺλ
2961 2949 3272 3020 ἐξηρτύετο.
3305 2948 3423 3000 Νῦν
3459 2949 3555 3020 μὲν
3581 2945 3695 3016 κρύ-

2133 3041 2264 3111 6δην
2292 3040 2391 3104 τὰς
2435 3040 2724 3104 ἐπιϐουλὰς
2772 3040 3119 3105 συσκευάζων
3142 3056 3155 3070 ·
3199 3035 3352 3101 αὖθις
3386 3037 3448 3091 δὲ
3500 3037 3582 3090 διὰ
3612 3033 3690 3087 τοῦ

2133 3132 2400 3203 προδήλου
2429 3131 2538 3186 τῶν
2577 3132 2756 3187 ὅπλων
2789 3131 3111 3202 ἁπτόμενος,
3153 3130 3244 3184 καὶ
3288 3129 3567 3198 συγκικῶν
3591 3126 3691 3180 κατ’

2137 3221 2301 3276 αὑτοῦ
2334 3222 2396 3275 τὸ
2421 3222 2677 3292 ὑπήκοον.
2705 3221 2913 3291 Πολλῆς
2940 3221 2997 3274 δὲ
3025 3220 3280 3283 πολλάκις
3311 3217 3692 3288 προσαχθείσης

2137 3314 2332 3385 πείρας
2373 3315 2525 3384 παρά
2561 3313 2654 3366 τοῦ
2695 3315 2865 3367 Σαοὺλ
2894 3312 2970 3384 τῷ
3014 3312 3197 3376 Δαϐὶδ,
3229 3312 3378 3374 τέλος
3423 3309 3572 3381 παρὰ
3599 3307 3691 3366 τοῖς

2136 3406 2382 3469 Γεθαίοις
2431 3406 2738 3476 γενόμενος,
2773 3406 2926 3459 πόλιν
2978 3404 3191 3476 ᾤκησεν
3240 3405 3348 3457 τῶν
3398 3400 3690 3470 ἀλλοφύλων

2139 3494 2290 3564 μίαν,
2330 3494 2589 3556 ἑκουσίως
2637 3495 3155 3565 παραχωρησάντων
3201 3493 3373 3564 αὐτῷ,
3414 3496 3476 3547 ἐν
3575 3487 3690 3562 μετᾶ

2135 3587 2244 3640 τῶν
2271 3587 2652 3640 συνασπιστῶν
2676 3583 2763 3658 ἦν,
2791 3586 2883 3640 δύο
2911 3586 3160 3657 νομίμοις
3186 3587 3396 3655 γυναιξὶ
3425 3583 3686 3646 συνοικῶν,

2136 3670 2212 3729 ὧν
2245 3679 2278 3747 ὴ
2312 3678 2409 3748 μὲν
2435 3673 2502 3749 ἦν
2543 3677 2884 3748 Ίσραηλῖτις,
2919 3680 2951 3747 ἡ
2982 3677 3038 3730 δὲ
3066 3677 3174 3729 τῶν
3198 3677 3337 3730 κατά
3367 3677 3462 3731 τὸν
3495 3678 3688 3747 Κάρμι-

2135 3769 2226 3822 λόν
2254 3785 2398 3833 τινος
2441 3769 2867 3824 δυναστευόντων
2894 3769 3154 3840 γενομένη
3185 3767 3340 3839 γυνὴ,
3381 3770 3522 3838 μετά
3551 3768 3689 3820 θάνα-

2135 3877 2226 3914 τον
2257 3861 2463 3914 ἐκείνου
2509 3861 2588 3933 τῷ
2622 3860 2783 3914 Δαὸὶδ
2818 3862 3200 3932 συνοικήσασα.
3243 3860 3427 3914 Ταῦτα
3474 3859 3692 3929 περιέχει

2139 3953 2172 4022 ὴ
2199 3953 2426 4024 ἱστορία.

2204 4223 2280 4277 Τὸ
2309 4222 2489 4277 τοίνυν
2530 4222 2902 4295 κεκρατῆσθαι
2936 4223 3096 4278 αὑτὸν
3131 4223 3189 4277 ἐν
3221 4225 3331 4287 τοῖς
3370 4221 3687 4292 ἀλλοφύλοκ.

2134 4315 2194 4370 ού
2228 4317 2326 4388 τὴν
2358 4316 2449 4369 ἐπὶ
2473 4315 2629 4386 κακῷ
2649 4316 2948 4386 γενομένην
2976 4315 3234 4385 σύλληψιν
3265 4315 3389 4386 περὶ
3417 4313 3579 4368 αύτοῦ
3598 4313 3690 4365 δια-

2135 4407 2419 4480 σημαίνει·
2452 4409 2513 4461 οὑ
2560 4407 2668 4480 γὰρ
2702 4407 2875 4471 οὕτως
2905 4407 3153 4476 ἐγένετο·
3190 4407 3322 4461 ἀλλὰ
3356 4407 3454 4476 τὴν
3493 4408 3687 4474 ἀγαπη-

452 4500 671 4564 dit;sed
713 4500 921 4556 indicat
969 4502 1179 4571 plenam
1211 4503 1503 4573 quamdm
1555 4519 1741 4560 amore
1779 4506 2027 4562 humani-

2134 4501 2291 4572 τικὴν
2317 4500 2709 4572 φιλοφροσύνην
2732 4517 2790 4552 τε
2819 4499 2915 4554 καὶ
2939 4500 3195 4556 διάθεσιν.
3231 4500 3332 4551 Τὸν
3359 4499 3467 4571 γὰρ
3507 4500 3568 4550 ἐκ
3604 4495 3686 4563 τῆς

452 4599 616 4647 tatem
650 4601 706 4647 et
732 4592 1094 4659 alIeetionem,
1128 4609 1236 4664 qua
1275 4595 1589 4665 alienigenas
1627 4612 1754 4652 eum
1784 4599 2026 4669 comple-

451 4683 766 4737 ctebantur.
803 4683 936 4739 Nam
985 4701 1146 4755 quem
1193 4703 1258 4741 ex
1290 4687 1534 4756 paternis
1577 4688 1800 4745 sedibus
1853 4691 2029 4760 ejece-

455 4783 606 4838 rant,
638 4775 781 4830 hunc
811 4775 1015 4830 Gethaei
1046 4778 1161 4832 suis
1191 4777 1245 4830 in
1283 4775 1505 4831 sedibus
1545 4779 1837 4836 collocant.
1885 4781 2029 4847 Quid

453 4868 616 4938 igitur
647 4866 751 4922 iste
784 4865 975 4928 David.
1010 4866 1151 4922 ﬁlius
1173 4865 1350 4933 Jcsse,
1380 4869 1542 4923 homo
1571 4884 1636 4923 ex
1668 4871 1986 4928 hominibus
2009 4911 2026 4938 ,

449 4957 588 5012 adeo
623 4957 857 5026 propriis
881 4957 1274 5012 certaminibus
1315 4957 1513 5022 ell'ecit,
1551 4967 1611 5012 ut
1639 4968 1807 5014 totam
1861 4974 2028 5018 natu-

449 5064 566 5104 ram
595 5049 909 5111 humanam,
962 5049 1396 5118 transgressione
1449 5050 1762 5107 divinorum
1798 5055 2025 5109 manda-

449 5151 652 5206 torum,
682 5155 714 5194 a
749 5139 858 5197 Deo
898 5140 1115 5211 longius
1169 5140 1442 5204 abactam,
1495 5157 1807 5208 revocasse,
1862 5147 2024 5216 eique

447 5232 590 5286 tituli
623 5248 719 5288 seu
751 5235 1020 5288 columnae
1051 5233 1330 5302 inscripta:
1359 5234 1644 5304 aenigmata
1702 5237 2021 5306 nuntiasse,

449 5323 734 5390 praedicari
767 5325 984 5394 possit?
1016 5323 1434 5396 lnscriptionem
1473 5340 1605 5379 vero
1639 5327 1928 5394 columnae,
1973 5331 2022 5386 si

447 5415 574 5482 quis
597 5415 866 5472 divinitus
897 5416 1223 5488 inspiratam
1272 5415 1614 5486 Scripturam
1645 5420 1910 5486 nominet,
1972 5424 2020 5480 is

451 5504 672 5561 minime
697 5506 1052 5564 aberraverit.
1089 5509 1172 5564 An
1215 5508 1356 5562 forte
1380 5523 1448 5563 ex
1480 5508 1597 5578 ipsa
1633 5509 1876 5568 historiae
1901 5530 2022 5569 nar-

453 5594 665 5650 ratione
712 5596 904 5666 liquet,
936 5601 1101 5655 talem
1143 5608 1467 5670 tantumquc
1496 5602 1686 5665 fuisse,
1731 5604 1824 5674 qui
1869 5615 2021 5662 extra

558 5769 601 5804 ’⁷
636 5767 786 5824 Psal.
812 5785 900 5838 ιν,
943 5772 993 5827 1.
1069 5774 1113 5804 ’⁸
1144 5774 1161 5828 ι
1202 5774 1332 5847 Reg.
1367 5793 1478 5842 xxi,
1535 5778 1615 5833 l2.

2134 4591 2392 4663 πατρῴας
2438 4593 2542 4662 γῆς
2581 4591 2936 4662 ἐλαυνόμενον
2977 4592 3026 4643 οἱ
3075 4591 3284 4643 Γεθαῖοι
3338 4591 3470 4661 παρ’
3499 4589 3686 4647 ἑαυτοῖς

2135 4685 2556 4748 κατοικίζουσιν.
2584 4685 2649 4738 Τί
2693 4682 2784 4738 οὖν
2808 4684 2919 4756 ἀρα
2944 4679 3097 4748 οὗτος
3133 4686 3160 4738 ό
3185 4683 3278 4736 τοῦ
3318 4681 3485 4737 ’ῐεσσὲ
3523 4679 3683 4740 ama,

2134 4781 2163 4832 ό
2195 4778 2255 4843 ἐξ
2285 4777 2585 4850 ἀνθρώπων
2611 4777 2915 4848 ἅνθρωπος,
2939 4775 3190 4830 τοσοῦτον
3219 4777 3327 4838 τοῖς
3357 4775 3504 4839 ίδίοις
3530 4774 3685 4832 ἆθλος

2138 4869 2522 4941 κατώρθωσεν,
2566 4869 2642 4933 ὡς
2674 4855 2855 4922 πᾶσαν
2896 4868 2996 4940 τὴν
3037 4867 3380 4939 ἀνθρωπίνην
3431 4867 3587 4936 φύσιν
3613 4863 3683 4916 διὰ

2133 4965 2232 5034 τῆς
2278 4963 2384 5016 τῶν
2419 4963 2588 5030 ἁγίων
2626 4960 2852 5014 ἐντολῶν
2903 4949 3267 5031 παραϐάσεως
3309 4958 3683 5030 μακρυνθεῖσαν

2135 5056 2241 5108 ἀπὸ
2271 5054 2365 5108 τοῦ
2387 5054 2543 5120 Θεοῦ,
2576 5054 2739 5107 πάλιν
2774 5053 3234 5119 ἀνακαλέσασθαι,
3272 5050 3508 5122 κάκείνῳ
3538 5046 3681 5120 μηνύ-

2138 5166 2228 5201 σαι
2254 5148 2324 5201 τὰ
2355 5146 2456 5217 τῆς
2497 5145 2898 5216 στηλογραφίας
2933 5145 3258 5214 αἰνίγματα;
3305 5138 3681 5212 στηλογραφίαν

2134 5240 2192 5293 δέ
2220 5257 2305 5302 τις
2329 5240 2428 5309 τὴν
2460 5237 2815 5290 θεόπνευστον
2837 5233 3057 5306 Γραφὴν
3083 5232 3360 5303 ὀνομάζων
3387 5233 3484 5301 οὐχ
3522 5231 3679 5298 ἀμαρ-

2128 5335 2372 5404 τήσεται.
2405 5331 2478 5383 Ἢ
2524 5328 2680 5400 δῆλόν
2719 5329 2835 5379 ἐστι
2885 5325 2973 5378 διὰ
3013 5323 3113 5393 τῆς
3166 5325 3307 5377 κατά
3338 5322 3434 5393 τὴν
3465 5319 3676 5389 ἱστορίαν

2131 5423 2516 5494 συμφράσεως,
2557 5420 2638 5473 ὅτι
2663 5416 2914 5480 τοσοῦτός
2941 5417 3086 5468 ἐστιν
3117 5415 3146 5467 ό
3170 5414 3274 5478 ἔξω
3299 5413 3404 5466 τῶν
3434 5413 3528 5483 τῆς
3562 5411 3669 5462 Ἰουο
3696 5481 3700 5486 ν

2128 5515 2284 5578 δαίας
2319 5515 2459 5582 ὅρων
2489 5511 2795 5581 γενόμενος,
2827 5509 2920 5561 καὶ
2959 5506 3110 5558 πόλιν
3149 5506 3205 5557 ἐν
3244 5502 3549 5572 ἀλλοφύλοις
3567 5500 3668 5552 ἐαυ-

2131 5607 2208 5679 τῷ
2248 5605 2576 5670 συνοικίσας,
2619 5603 2714 5658 καὶ
2750 5599 2920 5672 διπλῷ
2963 5595 3469 5667 συναναπαυόμενος
3511 5591 3672 5664 γάμῳ,
