3844 6344
149 367 243 423 577

1530 364 1594 420 IN
1632 363 1964 422 PSALMOS.

149 491 236 559 τὴν
272 487 367 558 μὲν
393 485 482 538 τοῦ
525 482 919 556 Ίσραηλιτικοῦ
947 484 1154 553 γένους,
1187 483 1284 553 τὴν
1321 483 1376 537 δέ
1409 484 1471 536 ἐκ
1499 483 1605 536 τῶν
1639 484 1705 536 ἀλ

1826 482 2028 537 Judacre
2052 481 2186 537 ﬁnes
2239 481 2431 553 pulsus
2459 490 2600 548 erat,
2638 483 2840 556 quique
2870 483 3013 539 inter
3060 483 3396 555 alienigenis

149 579 378 643 λοφύλων
425 576 502 654 τῷ
539 576 768 646 θαλάμῳ
810 573 1267 646 παραδεξάμενος.
1306 574 1467 626 Ὥστε
1511 574 1560 625 εί
1609 574 1712 645 χρὴ

147 669 231 722 τὸν
279 668 404 739 περὶ
457 666 648 719 τούτου
696 666 852 734 λόγον
904 664 1243 736 τρανώτερον
1299 665 1710 734 ἀπογυμνώσαι,

151 753 290 820 οὗτος
318 757 522 820 ἐκεῖνός
551 758 698 810 ἐστιν
745 759 774 810 6
800 757 1027 826 νικητής
1061 772 1120 808 τε
1160 754 1423 825 ὀμοῦκαὶ
1460 747 1709 824 νυμφίος.

151 850 218 903 Δι’
243 843 314 902 ὧν
344 850 441 918 μὲν
487 848 592 919 γὰρ
623 849 1033 916 κατηγωνίσατο
1068 846 1158 899 τὸν
1202 845 1263 898 τὸ
1303 846 1500 916 κράτος
1526 844 1714 914 ἔχοντα

150 942 234 996 τοῦ
261 943 508 1006 θανάτου,
541 942 570 993 6
593 940 815 1002 δυνατὸς
843 942 901 992 ἐν
931 937 1174 1007 πολέμῳ,
1207 936 1300 989 τὸν
1333 936 1558 1007 ἄπειρον
1592 935 1714 987 τοῦ-

150 1050 230 1086 τον
254 1032 393 1093 λαὸν,
433 1031 524 1084 τὸν
553 1032 611 1083 ἐν
639 1030 715 1100 τῷ
737 1029 837 1100 ᾅδῃ
867 1026 1256 1097 κρατούμενον,
1290 1027 1368 1088 είς
1401 1024 1711 1095 ἐλευθερίαν

151 1123 386 1190 ἐξείλετο.
420 1121 527 1175 Τοῦ
569 1121 624 1175 δὲ
673 1120 1006 1192 Ἰσραηλίτου
1049 1117 1175 1172 λαοῦ
1210 1116 1390 1186 φθόνῳ
1423 1116 1516 1169 καὶ
1553 1115 1710 1188 ζηλο-

149 1217 302 1286 τυπίᾳ.
329 1215 466 1286 πρὸς
499 1213 588 1266 τὸν
629 1214 747 1266 κατ’
783 1211 948 1266 αὐτοῦ
989 1211 1146 1280 φόνον
1181 1211 1545 1280 ὁρμήσαντος,
1576 1227 1709 1281 κρα-

148 1310 303 1359 τεῖται
331 1304 396 1357 δι’
418 1304 631 1366 εὐνοίας
657 1303 808 1375 παρά
835 1303 943 1355 τῶν
971 1302 1304 1370 ἀλλοφύλων,
1333 1302 1427 1354 καὶ
1457 1301 1612 1354 πόλιν
1650 1301 1710 1353 ἐν

149 1399 313 1460 αὐτοῖς
352 1397 690 1466 συνίστησιν,
724 1394 822 1466 τὴν
862 1393 1188 1464 Ἐκκλησίαν
1235 1393 1397 1460 λέγω,
1427 1393 1485 1444 ἐν
1576 1409 1710 1463 κρα-

147 1490 278 1544 τύνει
325 1490 422 1560 τὴν
469 1487 661 1542 ἐαυτοῦ
715 1488 1062 1559 βασιλείαν,ὁ
1105 1484 1274 1540 εἰπὼν
1309 1489 1423 1549 τοῖς
1471 1487 1577 1539 ὑπὸ
1614 1484 1708 1538 τοῦ

148 1585 301 1638 Σαοὺλ
327 1583 701 1652 τεταγμένοις,
730 1582 833 1642 ὅτι,
862 1600 879 1631 ι
903 1579 1228 1650 Ἀρθήσεται
1253 1577 1347 1646 ἀφ’
1372 1577 1523 1648 ὑμῶν
1550 1579 1582 1646 ἡ
1613 1577 1710 1646 βα-

148 1675 324 1739 σιλεία,
359 1677 454 1729 καὶ
495 1674 777 1744 δοθήσεται
811 1671 952 1726 ἔθνει
1001 1669 1238 1723 ποιοῦντι
1292 1670 1416 1731 τοὺς
1467 1667 1710 1738 καρποὺς

146 1765 315 1834 αὐτῆς.
343 1785 360 1816 ι
387 1765 478 1817 Ἐν
499 1763 670 1833 ταύτῃ
696 1761 865 1824 πόλει,
895 1761 1010 1812 ἐστὶ
1039 1759 1135 1829 μὲν
1153 1775 1201 1810 τι
1228 1757 1320 1810 καὶ
1343 1757 1438 1827 τῆς
1456 1754 1711 1826 Ἰσραηλι-

1824 576 2024 628 itcrum
2051 572 2234 627 sedem
2268 572 2406 637 ﬁxit,
2430 573 2636 642 duplici
2664 589 2760 643 per
2781 574 3187 630 matrimonium
3205 573 3394 642 juncta

1822 680 2013 730 uxore,
2047 664 2219 720 altera
2255 664 2474 734 quidem
2507 663 2794 719 lsraelitici
2825 665 3062 736 generis,
3119 667 3292 720 altera
3324 681 3393 718 ex

1820 756 2142 826 alienigenis
2173 756 2228 810 in
2261 755 2559 809 thalamum
2611 755 2921 809 advocata?
2956 755 3143 824 Itaque
3188 757 3235 810 si
3268 769 3395 810 ora-

1819 849 2026 904 tionem
2055 848 2122 904 de
2153 849 2240 904 his
2275 848 2492 918 planius
2517 859 2571 902 et
2596 847 2909 902 distinctius
2946 848 3228 903 instituere
3259 848 3394 902 veli-

1819 955 1965 1004 mus,
2007 939 2096 993 hic
2127 939 2378 994 videlicet
2412 939 2503 994 ille
2536 947 2620 994 est
2650 939 2825 992 victor
2855 939 3015 994 simul
3049 946 3102 993 et
3132 954 3390 1008 sponsus,

1817 1033 1912 1102 qui
1954 1040 2150 1102 potens
2180 1032 2235 1085 in
2266 1031 2432 1095 bello,
2471 1031 2796 1101 validusque
2850 1031 3060 1086 viribus
3121 1029 3391 1085 debellato

1817 1122 1933 1187 illo,
1967 1123 2059 1192 qui
2092 1123 2282 1177 mortis
2311 1123 2609 1192 potentiam
2656 1123 2990 1192 possidebat,
3041 1122 3388 1176 innumerum

1817 1212 1971 1267 illum
2011 1213 2266 1284 populum
2310 1229 2470 1283 quem
2509 1213 2671 1268 inferi
2703 1214 2980 1279 tenebant,
3006 1214 3058 1266 in
3083 1213 3387 1268 libertatem

1816 1303 2091 1357 asseruit:
2151 1317 2276 1356 cum
2334 1311 2514 1356 autem
2551 1302 2785 1373 papulas
2824 1301 3154 1357 lsraeliticus
3187 1301 3389 1356 invidia

1815 1402 1868 1448 et
1896 1394 2241 1448 aemulatione
2277 1393 2544 1448 incitatus
2578 1402 2746 1459 esset,
2785 1394 3047 1461 recipitur
3076 1407 3268 1462 magna
3294 1391 3390 1446 be-

1817 1483 2132 1538 nevolentia
2178 1483 2247 1537 ab
2282 1483 2622 1554 alienigenis,
2656 1492 2709 1538 et
2732 1483 3007 1537 civitatem
3070 1483 3212 1552 apud
3266 1482 3389 1536 illos

1817 1573 2024 1637 condit,
2061 1573 2382 1634 Ecclesiam,
2411 1577 2666 1644 inquam,
2702 1575 2756 1628 in
2802 1588 2909 1643 qua
2965 1582 3112 1628 tenet
3162 1587 3388 1641 regnum

1815 1672 1870 1719 ct
1909 1665 2198 1734 imperium
2231 1682 2390 1721 suum
2432 1667 2525 1720 ille
2598 1665 2692 1736 qui
2730 1665 2966 1720 subditis
2998 1664 3182 1718 Saulis
3209 1663 3341 1717 dixit
3370 1681 3385 1717 :

1821 1771 1841 1804 ι
1871 1753 2166 1808 Auferetur
2195 1769 2226 1807 a
2271 1755 2428 1810 vobis
2461 1771 2711 1825 regnum,
2767 1761 2823 1810 et
2852 1753 3072 1808 dabitur
3103 1752 3249 1820 genti
3309 1750 3389 1804 fe-

145 1859 286 1928 τικῆς
317 1856 612 1924 εὐγενείας,
649 1853 788 1907 κατά
827 1852 929 1922 τὴν
971 1850 1312 1922 προφητικὴν
1341 1847 1704 1917 ἀναφώνησιν,

1813 1845 1953 1899 renti
1981 1844 2190 1899 fructus
2218 1845 2336 1912 ejus
2358 1845 2425 1899 ".
2457 1862 2477 1897 ι
2507 1845 2566 1901 In
2595 1847 2698 1901 ista
2721 1847 2944 1902 civitate
2979 1842 3185 1913 aliquid
3219 1841 3386 1897 etiam

143 1943 173 2010 ἦ
200 1960 372 2012 φησιν,
404 1943 488 1995 ὅτι
522 1959 539 1990 ι
571 1941 662 1994 Ἐν
689 1939 1007 2010 ἐκκλησίαις
1035 1939 1302 2006 εὐλογεῖτε
1323 1937 1414 1989 τὸν
1439 1937 1570 1989 Θεὸν
1603 1935 1709 1988 Κύ-

147 2049 247 2102 ριον
293 2035 356 2085 ἐκ
394 2032 586 2101 πηγῶν
632 2031 868 2101 Ἰσραήλ.
909 2049 929 2082 ι
965 2031 1028 2082 Οί
1056 2029 1164 2101 γὰρ
1212 2029 1580 2100 κατάρξαντες
1611 2027 1706 2081 τοῦ

145 2120 287 2187 λόγου
317 2123 410 2192 τῆς
444 2121 698 2182 πίστεως,
734 2121 782 2173 οί
825 2121 1062 2189 κήρυκες
1106 2119 1203 2188 τῆς
1233 2119 1509 2188 ἀληθείας,
1549 2117 1596 2170 οί
1621 2116 1710 2169 θε-

150 2212 390 2280 μελιωταὶ
409 2216 510 2282 τῆς
539 2211 881 2282 Ἐκκλησίας,
913 2213 961 2263 οί
996 2211 1253 2281 μαθηταὶ,
1273 2211 1433 2278 λέγω,
1455 2210 1549 2263 καὶ
1578 2209 1708 2262 ἀπό-

148 2304 325 2368 στολοι,
363 2308 426 2358 ἐκ
456 2304 648 2374 πηγῶν
679 2300 818 2375 ἦσαν
861 2303 954 2356 τοῦ
1002 2304 1234 2374 Ἰσραήλ.
1269 2323 1289 2355 ι
1329 2305 1643 2374 Ἀρχοντες,
1680 2322 1700 2356 ι

146 2396 312 2463 φησιν,
333 2413 351 2446 ›
373 2394 564 2459 Ἰούδα,
591 2396 856 2465 ἡγεμόνες
883 2395 1380 2466 αύτῶν.”Αρχοντες
1402 2395 1702 2460 Ζαϐουλὼν,

146 2478 382 2549 ἄρχοντες
413 2481 750 2552 Νεφθαλείμ.
789 2501 807 2534 ι
837 2482 935 2535 Διά
970 2484 1210 2553 σημείων
1252 2483 1411 2537 τινῶν
1443 2485 1534 2536 καὶ
1569 2501 1706 2554 συμ-

147 2571 302 2624 ϐόλων
347 2574 711 2643 προσημαίνει
741 2576 774 2644 ή
808 2575 1110 2645 προφητεία
1150 2575 1220 2628 τά
1245 2575 1338 2628 τοῦ
1371 2576 1561 2644 γένους
1596 2576 1706 2628 τῶν

149 2664 387 2735 μαθητῶν
420 2665 707 2735 ἰδιώματα.
725 2667 812 2718 Ἐν
833 2661 912 2729 οἷς
936 2669 1049 2720 ἐστι
1081 2668 1173 2720 καὶ
1199 2669 1228 2720 6
1252 2667 1516 2739 νεώτερος
1540 2685 1556 2717 ι
1586 2668 1706 2720 Bev-

148 2757 284 2826 ιαμὶν
331 2757 418 2810 διὰ
453 2758 554 2826 τῆς
585 2757 892 2820 ἐκστάσεως
925 2776 943 2808 ι
975 2758 1283 2821 παιδευθεὶς
1309 2758 1376 2812 τά
1407 2758 1702 2828 μυστήρια.

146 2849 230 2900 καὶ
274 2851 334 2902 ἐκ
368 2849 682 2919 σπέρματος
736 2849 1006 2920 Ἀϐραὰμ,
1055 2849 1148 2902 καὶ
1204 2849 1374 2920 φυλῆς
1424 2850 1700 2920 Βενιαμὶν,

145 2939 334 3004 Παῦλος
359 2941 387 2993 6
418 2939 564 3003 θεῖος
592 2940 906 3004 ἀπόστολος.

1815 1934 2127 1990 Israelitica:
2153 1936 2400 1991 civitatis
2433 1935 2675 2006 reperire
2718 1936 2866 1998 licet,
2897 1935 3054 2004 juxta
3105 1933 3386 2002 pr0plieti—

1813 2041 1935 2079 cam
1979 2027 2124 2080 illam
2153 2043 2364 2092 vocem,
2394 2043 2516 2097 quae
2543 2028 2620 2082 ait
2660 2046 2673 2083 :
2715 2046 2733 2079 ‹
2773 2027 2828 2082 In
2866 2026 3116 2082 ecclesiis
3163 2024 3386 2080 benedi-

1812 2119 1919 2173 cite
1941 2117 2112 2173 Deum
2147 2118 2435 2174 Dominum
2464 2120 2532 2174 de
2563 2119 2805 2174 fontibus
2830 2119 2995 2174 Israel
3018 2119 3067 2182 1;
3095 2140 3112 2169 ι
3141 2134 3267 2173 nam
3289 2116 3383 2187 qui

1814 2211 1970 2265 initio
2010 2210 2129 2265 ﬁdei
2167 2211 2474 2265 doctrinam
2513 2212 2876 2277 tradiderunt,
2913 2226 3190 2281 prmcones
3241 2209 3380 2264 veri-

1815 2304 1966 2368 tatis,
2026 2302 2283 2359 Ecclesim
2315 2303 2656 2366 fundatorcs,
2709 2304 2991 2373 discipuli.
3033 2303 3288 2372 inquam,
3325 2309 3380 2355 et

1813 2394 2068 2464 apostoli,
2099 2393 2501 2449 descenderunt
2530 2410 2596 2448 ex
2655 2393 2899 2448 fontibus
2942 2391 3129 2448 Israel.
3170 2411 3188 2442 ι
3227 2389 3385 2444 Prin-

1813 2485 1982 2553 cipes,
2016 2504 2034 2536 ›
2073 2486 2272 2555 inquit,
2315 2505 2333 2536 ι
2365 2485 2530 2550 Juda,
2566 2485 2843 2556 principes
2867 2500 3077 2544 eorum,
3107 2483 3385 2555 principes

1813 2577 2079 2643 Zabulon,
2107 2587 2162 2631 et
2200 2578 2475 2648 principes
2513 2577 2882 2648 Nephthalim.
2918 2599 2937 2632 ι
2967 2577 3071 2633 Ubi
3106 2593 3202 2647 per
3227 2579 3382 2647 signa

1811 2668 2058 2738 quaedam
2091 2676 2145 2723 et
2174 2669 2419 2738 symbola
2452 2669 2722 2740 Propheta
2768 2664 3114 2732 vaticinans;
3141 2669 3380 2738 generis,

1812 2775 1878 2814 ex
1915 2775 2025 2829 quo
2057 2762 2162 2814 orti
2221 2768 2381 2814 erant
2442 2761 2722 2830 discipuli,
2763 2761 3127 2830 proprietates
3160 2758 3385 2812 demon-

1813 2858 1970 2907 strat.
2006 2851 2148 2905 Inter
2187 2866 2324 2922 quos
2374 2851 2646 2920 reperitur
2711 2850 2916 2905 itidem.
2942 2848 3386 2902 adolescentulus

1812 2945 1905 2999 ille
1955 2963 1974 2996 ι
2043 2943 2349 3012 Benjamin,
2411 2943 2468 2996 in
2504 2942 2708 2997 mentis
2755 2956 2984 2996 excessu
3047 2957 3065 2990 ›
3127 2938 3386 3008 mysteria

1811 3037 2179 3100 edoctus;cx
2234 3035 2443 3088 semine
2498 3033 2798 3099 Abraham,
2861 3032 3007 3086 tribu
3063 3028 3384 3098 Bcnjauiin,

1813 3127 2016 3182 Paulus
2045 3127 2262 3181 divinus
2286 3127 2374 3180 ille
2401 3126 2705 3195 apostolus.

206 3209 363 3281 Πλὴν,
396 3211 444 3262 εἰ
475 3208 568 3262 καὶ
592 3210 657 3278 τῇ
709 3207 1054 3278 Ἰσραηλίτιδι
1083 3211 1352 3263 συνοικεῖν
1382 3211 1410 3264 6
1451 3211 1704 3281 βασιλεὺς

1878 3217 2147 3272 Οωιετυη]
2183 3215 2311 3269 licet
2347 3190 2470 3268 curn
2505 3211 2808 3268 Israelitica
2845 3225 3063 3282 quoque
3098 3225 3188 3264 rex
3225 3208 3385 3262 habi-

146 3301 441 3372 ἱστορεῖται,
469 3301 585 3353 ἀλλ’
611 3303 890 3369 ἀγαπᾶται
925 3301 1108 3355 πλεῖον
1140 3304 1174 3370 ή
1215 3301 1487 3370 Ἀϐιγαία,
1582 3321 1706 3357 συν·

144 3393 262 3461 ᾠκει
297 3396 356 3446 τὸ
401 3395 666 3465 πρότερον
719 3395 747 3445 6
784 3394 1102 3464 Καρμήλιος
1133 3394 1357 3458 Νάϐαλ,
1409 3397 1437 3448 6
1488 3396 1706 3459 κυνικὸς

145 3487 375 3557 ἐπίκλην,
408 3489 438 3540 6
472 3487 677 3556 τραχὺς
709 3487 913 3548 ἐκεῖνος
942 3487 1034 3539 καὶ
1064 3485 1261 3556 ὄρειος,
1295 3488 1322 3539 6
1355 3487 1423 3540 τὰ
1457 3488 1706 3557 πρόϐατα

144 3578 347 3648 κείρων.
371 3573 444 3632 Οῦ
463 3575 870 3646 διαφθαρέντος,
898 3579 1134 3629 συνοικεῖ
1153 3576 1228 3645 τῷ
1251 3577 1460 3646 βασιλεῖ
1488 3579 1520 3647 ἡ
1543 3580 1701 3649 γυνὴ,

146 3670 229 3720 καὶ
269 3669 528 3738 βασιλέων
565 3668 773 3734 γίνεται
811 3668 1012 3738 μήτηρ.
1057 3668 1122 3719 'H
1163 3667 1260 3736 μὲν
1297 3663 1390 3720 οὖν
1425 3670 1705 3742 ἐπιγραφὴ

146 3761 233 3830 τῆς
267 3761 586 3832 ψαλμῳδίας
673 3760 908 3814 τοσαῦτα
966 3760 1208 3832 περιέχει
1257 3761 1567 3832 μυστήρια,
1606 3764 1706 3834 τὴν

147 3853 273 3923 ὑπὲρ
312 3853 403 3907 τοῦ
455 3853 586 3908 λαοῦ
633 3852 728 3905 τοῦ
777 3851 1180 3923 μακρυνθέντος
1227 3852 1334 3905 ἀπὸ
1395 3853 1495 3909 τῶν
1539 3855 1707 3923 ἁγίων

147 3946 491 4013 σημαίνουσα,
529 3946 622 3998 καὶ
662 3944 760 4016 τὴν
795 3944 885 3996 ἐπὶ
917 3947 1029 4006 τοῖς
1069 3943 1490 4014 κατορθώμασιν
1565 3947 1705 4017 ὑπὲρ

144 4036 242 4088 τῶν
269 4037 578 4106 ἀλλοφύλων
609 4037 829 4106 στήλην,
859 4037 978 4106 ἥτις
1007 4035 1094 4088 διὰ
1121 4036 1228 4088 τῶν
1255 4037 1313 4089 ὲν
1344 4037 1478 4107 αὐτῇ
1521 4055 1704 4110 γραμ-

148 4126 339 4193 μάτων,
386 4131 498 4188 τοῖς
541 4125 639 4196 μὲν
691 4126 798 4178 ἀπὸ
831 4126 929 4194 τῆς
975 4126 1231 4188 ἀπιστίας
1269 4125 1377 4178 τῶν
1419 4126 1703 4190 Ἰουδαίων,

147 4217 334 4280 Ενειδος
377 4219 638 4287 ἕστηκεν,
686 4218 799 4280 τοῖς
840 4217 896 4269 δὲ
941 4216 1028 4270 διὰ
1077 4219 1312 4282 πίστεως
1358 4218 1703 4288 σωζομένοις,

143 4307 320 4377 ὀδηγία
348 4310 486 4379 πρὸς
523 4309 585 4361 τὸ
620 4307 821 4376 ἀγαθὸν
857 4307 950 4360 καὶ
989 4308 1312 4380 ὑπόδειγμα.
1347 4309 1496 4362 Αὐτά
1524 4309 1580 4362 δὲ
1610 4310 1706 4380 τῆς

145 4400 447 4470 ψαλμῳδίας
471 4402 539 4454 τὰ
572 4402 790 4471 ῥήματα
823 4399 1021 4470 μᾶλλόν
1053 4415 1166 4464 πως
1189 4401 1334 4453 δοκεῖ
1359 4401 1420 4453 ού
1451 4401 1704 4454 τοσοῦτον

147 4491 272 4560 πρὸς
299 4492 388 4544 τὸν
415 4492 753 4559 ἀναφανέντα
781 4490 1003 4558 βασιλέα
1033 4489 1268 4558 βλέπειν,
1293 4490 1415 4543 ὅσον
1442 4490 1580 4560 πρὸς
1605 4490 1704 4543 αύ-

145 4580 228 4632 τὸν
254 4581 339 4634 τὸν
368 4582 536 4634 Δαϐὶδ
567 4582 657 4634 τὸν
688 4580 829 4633 κατὰ
868 4579 969 4650 τῆς
1011 4581 1207 4643 κακίας
1238 4581 1564 4650 ἀγωνιστὴν,
1609 4581 1704 4634 καὶ

144 4669 233 4738 τῆς
259 4671 457 4741 ἀρετῆς
483 4671 739 4741 ἐργάτην.
777 4671 892 4722 Ούκ
922 4669 988 4722 ἂν
1018 4669 1074 4722 δέ
1102 4687 1184 4733 τις
1212 4671 1436 4742 ἀπᾴδειν
1467 4671 1612 4723 εἴποι
1636 4669 1706 4723 τά

144 4759 234 4829 τῆς
267 4760 584 4831 ψαλμῳδίας
612 4761 863 4830 νοήματα
885 4797 900 4821 ,
947 4759 1081 4830 πρὸς
1121 4758 1189 4812 τά
1223 4759 1322 4829 τῆς
1357 4759 1581 4830 Γραφῆς
1621 4761 1706 4812 αἱ-

145 4852 390 4922 νίγματα.
453 4854 508 4908 Ὀ
555 4853 664 4925 γὰρ
710 4853 848 4923 πρὸς
885 4853 986 4924 τὴν
1032 4852 1306 4920 θεολογίαν
1338 4852 1574 4922 ἀληθῶς,
1610 4852 1706 4907 καὶ

145 4945 255 4997 καθ’
283 4946 340 4999 ὃν
370 4945 450 4998 δεῖ
471 4947 669 5018 τρόπον
699 4945 931 5015 βλέπων,
964 4943 1252 5014 σύμφωνον
1274 4943 1544 5008 ἀποδείξει
1568 4945 1706 4998 πάν-

144 5052 243 5100 τως
272 5037 362 5091 τὸν
407 5037 518 5108 βίον
542 5041 608 5109 τῇ
638 5037 841 5092 πίστει.
873 5036 1044 5090 Τοῦτο
1083 5036 1139 5090 δὲ
1169 5037 1268 5088 οῦκ
1298 5035 1502 5099 ἄλλως,
1544 5038 1593 5089 εί
1629 5036 1703 5107 μὴ

145 5125 235 5195 τῆς
283 5129 548 5199 σαρκικῆς
598 5127 1014 5190 ἐπαναστάσεως
1062 5126 1149 5179 διὰ
1199 5125 1310 5178 τῶν
1357 5125 1458 5194 τῆς
1504 5125 1704 5196 ἀρετῆς

147 5217 574 5290 ἐπιτηδευμάτων
595 5220 1027 5290 καταπεσούσης.
1064 5219 1287 5290 Ἀρετῆς
1307 5219 1364 5271 δέ
1391 5218 1702 5286 κεφάλαιον,

149 5309 178 5377 ἡ
223 5311 309 5361 τοῦ
352 5311 486 5364 Θεοῦ
540 5312 856 5381 συμμαχία,
886 5306 952 5382 ἧς
986 5309 1229 5376 ἀξιοῦται
1272 5311 1300 5362 6
1349 5309 1491 5362 θεῖον
1529 5309 1705 5363 ἔλαιον

149 5398 314 5470 ἐαυτῷ
339 5402 428 5454 διὰ
457 5404 553 5472 τῆς
596 5401 740 5472 ζωῆς
783 5402 1170 5472 οἰκειούμενος.
1207 5402 1416 5471 Ὥσπερ
1460 5400 1516 5452 δὲ
1549 5399 1603 5452 εἴ
1624 5417 1706 5463 τις

150 5487 333 5559 λῃστοῦ
397 5511 538 5556 τινος
591 5493 905 5556 ἐπελθόντος
950 5493 983 5564 ἢ
1042 5493 1398 5562 ἀνδροφόνου,
1457 5490 1599 5545 κατά
1646 5492 1707 5544 τὸ

149 5578 349 5651 ἀθρόον,
373 5584 683 5637 ἐπικαλοῖτο
699 5583 807 5637 τῶν
833 5585 1000 5652 φίλων
1026 5583 1176 5646 τινάς
1199 5587 1278 5647 εἰς
1306 5582 1582 5656 βοήθειαν,
1606 5584 1706 5636 ούκ

150 5809 156 5811 ,
215 5760 258 5794 ³³
300 5759 485 5817 Matth.
523 5776 641 5827 xxi,
680 5762 766 5818 45.
844 5764 859 5795 ¹
896 5762 1040 5818 Psal.
1074 5777 1241 5828 uvn,
1292 5762 1386 5820 27.

1807 3317 1929 3365 tare
1981 3318 2468 3370 commemoretur,
2525 3314 2766 3360 attamen
2829 3303 3110 3357 ardentius
3171 3309 3386 3354 amatur

1805 3401 2047 3470 Abigail,
2102 3414 2266 3470 quam
2308 3399 2462 3468 prius
2496 3411 2721 3450 uxorem
2758 3395 3026 3450 habuerat
3077 3392 3386 3447 Carmelius

1809 3494 1899 3547 ille
1919 3492 2116 3558 Nabal,
2144 3490 2384 3562 Cynicus
2412 3488 2851 3559 cognominatus,
2889 3501 3050 3554 asper
3081 3485 3193 3547 ille,
3225 3499 3385 3537 mon-

1807 3585 1956 3639 tibus
1979 3591 2256 3646 assuetus,
2285 3581 2513 3636 tondere
2540 3581 2738 3636 solitus
2765 3594 2916 3634 oves.
2948 3579 3068 3643 Quo
3099 3577 3383 3640 defuncto,

1805 3678 2055 3747 jungitur
2112 3677 2203 3730 illa
2269 3675 2469 3730 mulier
2527 3675 2733 3743 nuptiis
2786 3673 2952 3742 regis,
3009 3671 3176 3740 ﬁtque
3210 3680 3384 3724 mater

1807 3782 2018 3836 regum.
2085 3766 2256 3836 Igitur
2322 3765 2614 3833 inscriptio
2673 3762 2870 3832 psalmi
2943 3762 3071 3814 talia
3134 3761 3384 3814 continet

1809 3858 2089 3930 mysteria,
2123 3857 2375 3911 indicans
2405 3837 2659 3910 videlicet
2692 3855 2910 3908 titulum
2935 3868 3031 3907 seu
3069 3853 3380 3906 columnam

1809 3967 1908 4020 pro
1939 3951 2143 4020 populo
2183 3964 2212 4002 a
2249 3949 2460 4004 sanctis
2491 3949 2768 4017 elongato,
2809 3954 2863 4000 et
2894 3945 3111 4016 egregia
3159 3943 3250 3996 illa
3281 3959 3382 4014 pro

1807 4041 2132 4110 alienigenis
2164 4039 2411 4094 facinora
2439 4057 2452 4106 ;
2491 4055 2614 4110 quae
2645 4054 2740 4109 per
2770 4039 2981 4093 litteras
3028 4037 3132 4093 sibi
3185 4037 3383 4092 inscri~

1809 4139 1950 4200 ptas,
1981 4129 2184 4187 Judaeis
2213 4131 2432 4200 quidem
2480 4132 2550 4185 ob
2577 4130 2854 4200 perﬁdiam
2917 4129 2970 4182 in
3027 4128 3379 4197 opprobrium

1808 4234 1992 4278 erecta
2027 4231 2150 4278 est:
2187 4225 2293 4279 illis
2325 4239 2474 4286 vero,
2508 4222 2600 4292 qui
2637 4238 2733 4292 per
2766 4221 2926 4275 ﬁdem
2986 4222 3288 4282 salvantur,
3327 4221 3380 4272 in

1807 4317 2002 4371 ducem
2050 4325 2106 4372 et
2153 4317 2460 4386 exemplum
2496 4313 2565 4369 ad
2595 4329 2814 4368 onmem
2861 4314 3221 4368 honestatem.
3260 4313 3382 4381 Ipsa

1810 4419 1988 4463 autem
2039 4407 2236 4478 psalmi
2273 4406 2438 4460 verba
2497 4420 2608 4459 non
2654 4411 2764 4456 tam
2815 4403 3093 4472 respicere
3127 4401 3382 4456 videntur

1809 4513 1988 4568 regem
2039 4497 2214 4559 illum,
2248 4494 2344 4565 qui
2401 4509 2525 4550 sese
2573 4494 2734 4549 nobis
2763 4507 2794 4547 e
2844 4493 2984 4547 caelo
3039 4491 3382 4547 descendens

1809 4589 2091 4660 patefecit,
2125 4603 2292 4658 quam
2329 4587 2508 4658 ipsum
2563 4585 2846 4647 Davidem,
2880 4583 3061 4638 omnis
3118 4582 3386 4651 improbi-

1809 4678 1939 4733 tatis
1971 4677 2388 4741 debellatorem,
2425 4674 2753 4744 virtutisque
2806 4680 3156 4728 sectatorem.
3192 4670 3381 4742 Neque

1808 4781 1938 4821 vero
1979 4765 2178 4820 dixerit
2233 4763 2356 4834 quis
2387 4761 2712 4818 sententiam
2767 4759 2963 4829 psalmi
2996 4774 3026 4812 a
3083 4757 3382 4827 Scriptura:

1809 4857 2115 4929 aanigmatis
2147 4856 2512 4925 obscurisque
2558 4852 2816 4909 sensibus
2850 4851 3185 4918 discrepare.
3247 4847 3382 4902 Nam

1809 4949 2064 5020 quivere
2119 4954 2174 5001 et
2225 4961 2292 5001 eo
2340 4960 2448 5016 quo
2508 4945 2666 4999 decet
2701 4941 2887 5006 modo,
2915 4943 2981 4995 ad
3031 4940 3381 5009 theologiam,

1811 5054 2108 5108 rerumque
2148 5039 2454 5093 caelestium
2480 5037 2848 5107 cognitionem
2872 5035 3064 5090 oculos
3085 5033 3380 5095 convertit,

1813 5132 1906 5186 ille
1926 5131 2094 5184 vitam
2122 5145 2246 5185 cum
2279 5130 2384 5184 ﬁde
2414 5127 2761 5184 conformat:
2787 5126 2932 5196 quod
2965 5124 3124 5177 aliter
3157 5137 3264 5176 non
3301 5122 3379 5181 ﬁt,

1813 5239 1979 5294 quam
2013 5224 2058 5277 si
2091 5223 2344 5278 carnales
2385 5221 2755 5292 appetitiones
2809 5217 2993 5274 studio
3039 5216 3298 5268 virtutum
3332 5223 3386 5266 et

1813 5313 2204 5370 exercitatione
2249 5313 2701 5381 comprimantur,
2739 5315 2792 5362 et
2822 5308 3166 5361 etlomeutnr.
3199 5303 3379 5370 Caput

1812 5418 1944 5458 vero
1965 5402 2190 5457 virtutis
2230 5411 2314 5457 est
2345 5401 2436 5456 Dei
2468 5399 2773 5455 subsidium
2819 5405 2874 5450 et
2920 5394 3206 5456 auxilium,
3236 5391 3382 5461 quod

1812 5494 1861 5548 ei
1900 5493 2152 5564 obtingit,
2183 5493 2276 5562 qui
2323 5491 2562 5545 divinam
2607 5485 3040 5543 misericordiam
3093 5499 3189 5552 per
3219 5485 3385 5537 vitam

1814 5585 1920 5640 sibi
1949 5585 2230 5640 conciliat.
2260 5578 2729 5650 Quemadmodum
2759 5586 2940 5630 autem
2969 5575 3183 5631 latrone
3203 5582 3258 5633 et
3289 5575 3386 5629 ho.

3296 362 3402 417 5178

3433 5722 3459 5740 ,.

3498 5608 3528 5630 α
