3844 6356
473 355 577 411 579
1704 352 1764 408 s.
1795 332 2121 408 Gnaeos“
2141 351 2437 411 NYSSENI
3611 354 3693 410 ιιι)

469 478 670 532 micida
692 473 947 545 quopiam
974 488 1038 526 cx
1071 470 1372 541 improviso
1391 470 1656 535 irruente,
1677 474 1897 526 invocat
1916 471 2041 542 quis

2150 469 2325 543 ἀρκῶν
2352 472 2530 543 ἐαυτῷ
2562 473 2696 545 πρὸς
2724 473 2821 543 τὴν
2852 473 2959 527 τῶν
2989 473 3250 529 κινδύνων
3282 475 3592 547 ἀποφυγήν
3618 478 3691 529 οὗ·

462 568 702 632 amicos,
737 573 793 619 ut
820 563 1101 633 suppetias
1138 561 1341 627 ferant,
1376 575 1484 617 non
1522 570 1820 639 contentus
1861 564 2047 633 seipso

469 660 537 715 ad
589 657 816 729 periculi
873 657 1021 711 illius
1052 657 1234 726 fugam
1266 669 1279 704 :
1309 656 1385 709 ita
1420 662 1475 709 et
1527 656 1618 710 hic
1658 656 1713 709 in
1746 656 2047 710 certamine

468 752 849 814 constitutus,
913 758 1142 820 propter
1208 748 1629 816 impressionem
1692 747 1763 802 ab
1823 746 2047 802 bomine

466 845 690 908 factam,
726 844 1025 912 (hominem
1076 842 1394 900 nominans,
1439 848 1652 893 naturae
1688 846 1893 894 nostrae
1923 854 2046 908 per-

469 935 811 990 turbationes
858 944 911 990 et
940 932 1259 988 aiTectiones
1307 932 1518 987 indicat
1562 946 1697 986 voce
1734 928 2044 997 collectiva)

466 1028 684 1082 invocat
734 1040 1040 1097 supernum
1081 1025 1372 1087 auxilium,
1427 1023 1743 1080 conculcari
1802 1040 1925 1080 sese
1977 1023 2046 1077 ab

466 1120 689 1175 inimico
720 1120 932 1180 dicens,
964 1118 1292 1188 fatigarique
1321 1126 1376 1172 et
1393 1116 1674 1180 tribulari,
1705 1129 1886 1186 pugna
1912 1129 2046 1169 con-

466 1212 649 1266 tinuos
679 1212 798 1265 dies
831 1210 1085 1264 durante.

533 1301 721 1371 Neque
750 1301 896 1355 enim
936 1314 1103 1352 unum
1132 1297 1404 1351 duntaxat
1436 1296 1815 1352 adversarium
1854 1313 2045 1353 secum

458 1391 791 1462 conﬂigendi
828 1404 996 1444 causa
1028 1388 1313 1458 congredi,
1369 1389 1463 1443 sed
1501 1389 1725 1442 unicum
1762 1389 2044 1443 hominem

460 1485 639 1538 instar
665 1480 1033 1534 multitudinis
1061 1479 1303 1533 hostium
1333 1493 1478 1532 esse.
1500 1478 1593 1532 Ait
1611 1478 1760 1532 cnim
1783 1496 1797 1532 :
1834 1496 1853 1528 ι
1894 1478 2044 1532 Cou-

464 1573 821 1627 culcaverunt
852 1585 939 1624 me
994 1568 1203 1623 inimici
1257 1569 1365 1623 mei
1401 1576 1516 1622 tota
1547 1568 1658 1631 die,
1700 1585 1719 1618 ι
1756 1567 1947 1623 missis
1976 1568 2045 1623 ab

463 1668 573 1720 alto
593 1664 812 1735 jaculis,
836 1678 901 1717 eo
927 1663 1073 1731 quod
1097 1662 1408 1731 superiores
1430 1663 1542 1717 sint
1568 1676 1674 1726 me,
1693 1660 1788 1729 qui
1819 1659 2044 1714 concul-

464 1773 579 1811 cor.
602 1755 788 1825 Neque
811 1755 862 1809 id
888 1755 1033 1824 quod
1064 1753 1288 1817 accidit,
1311 1753 1379 1807 de
1402 1753 1491 1807 die
1516 1752 1571 1805 lit
1594 1762 1649 1808 et
1670 1752 1793 1806 luce
1817 1752 1996 1821 palam
2025 1770 2040 1804 :

463 1864 572 1901 non
602 1848 746 1903 enim
800 1845 1132 1909 timuissem,
1183 1844 1227 1899 si
1260 1845 1442 1914 palam
1480 1858 1695 1899 mecum
1753 1844 2040 1913 congressi

464 1953 670 1995 essent.
724 1938 809 1993 Ob
868 1939 919 1992 id
975 1938 1171 1992 addit:
1236 1956 1255 1988 ι
1299 1936 1373 1992 De
1410 1936 1501 1991 die
1554 1951 1666 1991 non
1725 1936 1973 1999 timebo;
2013 1952 2034 1988 ι

463 2031 631 2084 tacite
662 2029 953 2084 insinuans
987 2028 1041 2081 in
1077 2026 1319 2081 tenebris
1367 2040 1426 2080 se
1464 2025 1532 2081 ab
1569 2025 1823 2081 hostibus
1856 2034 2041 2081 exter-

462 2121 665 2187 refleri,
704 2130 756 2175 et
791 2118 1109 2174 formidine
1135 2117 1378 2187 percelli.
1420 2115 1525 2171 Sed
1582 2117 1709 2171 talis
1741 2117 1885 2172 diem
1923 2117 2042 2187 ipse

462 2213 568 2270 sibi
619 2219 896 2283 procreat,
950 2209 1231 2279 sperando
1284 2216 1339 2263 In
1390 2208 1588 2274 lucem,
1640 2223 1750 2279 qua
1801 2210 2042 2265 tenebras

462 2303 822 2373 dispellantur
851 2320 864 2355 :
907 2318 926 2351 ι
968 2300 1044 2355 De
1071 2300 1162 2355 die
1196 2316 1306 2354 non
1339 2300 1569 2367 timebo,
1601 2315 1705 2371 ego
1736 2316 1868 2355 vero
1898 2302 1954 2355 in
1988 2311 2042 2358 te

416 2452 419 2455 Α
461 2395 716 2467 sperabo.
758 2412 777 2445 ι
811 2392 974 2448 Forte
1003 2402 1185 2447 autem
1228 2394 1559 2448 sententiam
1591 2380 1803 2458 eorum,
1833 2406 1957 2461 quae
1985 2392 2042 2447 in

465 2489 569 2541 hoc
606 2486 819 2556 psalmo
849 2485 1056 2555 scripta
1086 2492 1239 2549 sunt,
1270 2484 1448 2553 magis
1475 2490 1822 2553 assequetur,
1845 2483 1940 2553 qui
1974 2482 2042 2537 ad

463 2578 846 2648 inscriptionis
875 2577 1105 2646 aenigma
1131 2590 1254 2631 sese
1277 2582 1562 2630 convertet
1585 2590 1600 2642 ;
1626 2573 1869 2645 quandiu
1894 2574 2040 2630 enim

460 2670 700 2724 lmmana
740 2668 891 2723 natio
921 2682 952 2721 a
982 2667 1193 2723 sanctis
1222 2665 1433 2736 angelis
1477 2667 1639 2737 longe
1670 2665 1866 2721 dissita
1897 2673 2037 2732 erat,

457 2758 892 2814 conculcabatur
966 2757 1035 2813 ab
1108 2755 1599 2812 immoderatarum
1688 2754 2040 2810 aﬂectionum

460 2853 679 2909 natura,
709 2845 1125 2917 angebaturque
1159 2851 1217 2899 et
1247 2843 1658 2915 defatigabalur
1694 2859 1892 2916 pugnae
1918 2860 2043 2914 per-

459 2936 726 3007 petuitate
757 2951 822 2991 cx
854 2935 1017 2991 editis
1056 2945 1112 2991 et
1142 2936 1521 3006 superioribus
1556 2936 1695 2991 locis
1730 2935 1993 3006 impedita
2022 2953 2036 2990 :

460 3036 752 3097 propterea
805 3037 975 3081 noctu
1038 3028 1278 3083 maxime
1323 3028 1764 3097 pertimescebat.
1808 3027 2040 3094 Quando

460 3127 643 3173 autem
685 3119 925 3189 speravit
977 3118 1033 3172 in
1069 3117 1202 3183 Deo,
1263 3134 1361 3190 spe
1400 3120 1494 3173 illa
1547 3120 1603 3174 in
1657 3120 1816 3175 vanis
1876 3120 2040 3175 rebus

459 3210 661 3281 posita,
692 3211 842 3265 velut
878 3210 1120 3280 pondere
1167 3210 1431 3280 quodam,
1487 3211 1745 3280 abiecta;
1801 3220 1931 3265 tunc
1984 3210 2041 3265 in

462 3301 656 3357 laudes
690 3301 897 3371 proprii
932 3302 1206 3358 sermonis
1225 3304 1407 3373 eritpit
1461 3304 1555 3373 qui
1590 3303 1726 3358 nihil
1756 3304 1902 3359 aliud
1936 3311 2040 3369 est,

424 3407 432 3416 ·
460 3408 625 3464 quam
657 3391 936 3449 confessio
967 3393 1112 3449 ﬁdei.
1146 3394 1239 3449 Ait
1267 3396 1414 3452 enim
1448 3414 1462 3450 :
1503 3415 1522 3448 ι
1566 3395 1625 3450 1η
1665 3395 1775 3451 Deo
1805 3395 2045 3451 laudabo

463 3500 749 3543 sermones
804 3501 975 3543 meos.
1015 3507 1033 3540 ι
1074 3485 1180 3543 Sed
1219 3488 1318 3545 hos
1372 3504 1528 3546 meos
1563 3504 1850 3545 sermones
1882 3489 2045 3543 laude

461 3578 659 3649 dignos
694 3589 1059 3635 exsecrantur
1089 3580 1297 3636 inimici
1333 3581 1463 3647 mei,
1500 3582 1594 3652 qui
1639 3595 1857 3636 omnem
1891 3580 2045 3650 cogi-

464 3672 727 3727 tationem
763 3686 920 3729 suam
970 3686 1036 3728 eo
1089 3680 1442 3739 convertunt,
1479 3680 1539 3727 ut
1592 3671 1726 3727 mihi
1787 3680 2044 3737 noceant,

460 3763 819 3835 occultasque
846 3771 901 3819 et
927 3764 1282 3821 absconditas
1315 3765 1573 3832 insidias,
1594 3765 1724 3821 dum
1754 3780 1878 3821 cum
1908 3766 2046 3836 ipsis

463 3853 670 3915 habito,
701 3861 959 3920 struant;
994 3856 1091 3924 qui
1135 3869 1289 3909 suam
1325 3864 1499 3910 artem
1537 3854 1875 3922 iactitantes,
1934 3872 2043 3911 non

461 3953 683 3999 cessant
733 3945 1031 4000 observare
1080 3945 1403 4001 calcaneum
1460 3962 1681 4002 meum:
1741 3946 1846 4002 hoc
1897 3946 2045 4001 enim

465 4048 607 4104 Opus
644 4042 729 4089 est
753 4034 895 4103 ejus,
918 4034 1013 4104 qui
1044 4035 1115 4089 ab
1147 4035 1305 4089 initio
1338 4034 1614 4089 homicida
1644 4035 1751 4090 fuit
1775 4037 1827 4103 ³,
1853 4035 2047 4091 obser-

463 4139 592 4179 vare
636 4108 963 4180 'calcaneum
1022 4124 1334 4190 hominis‘:
1373 4132 1430 4179 at
1489 4126 1635 4180 enim
1684 4124 1814 4181 licet
1868 4125 2046 4181 hostis

468 4216 761 4285 impressio
811 4216 996 4286 gravis
1053 4215 1147 4280 sit,
1185 4216 1483 4285 repelletur
1529 4226 1712 4271 tamen
1778 4215 2046 4273 beneﬁcio

465 4308 656 4362 auxilii
692 4307 772 4361 tui
800 4325 813 4359 :
847 4321 973 4362 nam
1002 4306 1175 4377 gratis
1211 4308 1524 4362 hominibus
1556 4308 1708 4363 salus
1738 4317 1844 4364 ate
1874 4310 2043 4377 venit,

464 4412 574 4452 non
601 4412 667 4452 ex
695 4397 955 4466 operibus
987 4397 1235 4467 justitize,
1288 4396 1383 4452 sed
1411 4413 1477 4453 ex
1528 4399 1646 4453 sola
1700 4408 1793 4453 tua
1823 4401 1996 4471 gratia
2026 4420 2039 4456 :

2147 580 2226 617 τω
2271 565 2364 617 καὶ
2407 563 2641 619 ἐνταῦθα
2690 564 2983 634 ἐναγώνιος
3035 566 3132 629 ὢν,
3175 567 3264 620 διὰ
3314 568 3418 637 τῆς
3464 568 3594 639 πρὸς
3619 569 3694 622 τὸν

2147 654 2433 723 ἄνθρωπον
2463 655 2785 725 συμπλοκῆς
2809 657 2829 725 (
2848 656 3135 727 ἄνθρωπον
3157 657 3215 710 δέ
3244 656 3441 725 λέγων,
3472 662 3536 728 τῇ
3565 675 3694 727 περι-

2147 744 2385 815 ληπτικῇ
2426 749 2575 817 φωνῇ
2627 746 2698 799 τὰ
2745 748 2844 818 τῆς
2891 747 3105 815 φύσεως
3147 748 3481 801 ἐνδείκνυται
3524 748 3692 819 πάθη)

2150 838 2491 890 ἐπικαλεῖται
2523 839 2623 909 τὴν
2662 840 2868 893 ἄνωθεν
2900 838 3174 910 βοήθειαν,
3220 839 3513 893 πατεῖσθαι
3548 839 3694 907 λέγων

2148 929 2298 995 παρὰ
2318 929 2411 982 τοῦ
2433 928 2817 998 πολεμοῦντος,
2849 931 2946 982 καὶ
2971 929 3045 1000 τῷ
3075 930 3403 1002 πανημερίῳ
3426 930 3522 1001 τῆς
3543 929 3694 1001 μάχης

2146 1022 2507 1092 ἀπαγορεύειν
2537 1040 2596 1077 τε
2629 1023 2722 1077 καὶ
2749 1022 3108 1078 ἐκθλίϐεσθαι.

2215 1295 2363 1367 Μηδέ
2404 1295 2515 1367 γὰρ
2568 1296 2726 1365 μόνον
2774 1295 3062 1365 τυγχάνειν
3093 1295 3186 1349 τὸν
3230 1296 3318 1349 διὰ
3347 1297 3460 1350 τῶν
3500 1296 3694 1366 ἀγώνων

2145 1390 2295 1458 αὐτῷ
2330 1388 2801 1460 συμπλεκόμενον,
2839 1388 2975 1442 ἀλλὰ
3012 1389 3180 1459 δῆμον
3226 1388 3438 1459 ἐχθρῶν
3466 1385 3596 1443 εἶναι
3623 1389 3694 1443 τὸν

2144 1480 2241 1533 ἕνα
2269 1478 2572 1549 ἄνθρωπον.
2601 1496 2620 1529 ι
2655 1478 3057 1549 Κατεπάτησαν
3081 1478 3190 1548 γάρ
3220 1496 3310 1549 με,
3348 1498 3368 1530 ι
3401 1479 3582 1549 φησὶν,
3614 1496 3631 1530 ι
3656 1480 3694 1532 οἱ

2145 1570 2331 1642 ἐχθροί
2363 1588 2465 1641 μου
2494 1570 2623 1641 ὅλην
2652 1569 2748 1641 τὴν
2781 1570 2993 1641 ἡμέραν
3030 1588 3049 1622 δ
3083 1570 3192 1623 ἀπὸ
3223 1570 3393 1641 ὕψους
3423 1571 3692 1640 βάλλοντες,

2142 1662 2231 1715 διὰ
2252 1660 2347 1715 τοῦ
2373 1661 2625 1729 γενέσθαι
2654 1660 2750 1714 τοῦ
2777 1661 3114 1733 πατουμένου
3146 1660 3457 1732 ὑπέρτεροι.
3489 1662 3593 1714 Καὶ
3615 1662 3693 1713 οὐκ

2147 1757 2204 1808 ἐν
2240 1754 2424 1825 ἡμέρᾳ
2456 1754 2624 1818 ἐστὶν,
2657 1753 2778 1806 οὐδὲ
2813 1755 2870 1807 ἐν
2900 1753 3041 1822 φωτὶ
3084 1753 3146 1806 τὸ
3175 1753 3492 1823 γινόμενον,
3520 1752 3575 1806 οὐ
3606 1752 3694 1821 γὰρ

2148 1842 2216 1896 ἂν
2262 1842 2535 1914 ἐφοϐήθην
2578 1842 2687 1895 ἀπὸ
2726 1841 2819 1894 τοῦ
2872 1840 3049 1910 φωτὸς
3097 1841 3568 1911 συμμαχούμενος.
3615 1842 3693 1893 Διά

2148 1932 2306 1986 τοῦτό
2360 1951 2523 2004 φησιν
2547 1950 2562 1965 ·
2598 1952 2617 1986 ι
2665 1932 2908 2003 Ἡμέρας
2945 1933 3005 1985 οὐ
3042 1932 3442 2004 φοϐηθήσομαι.
3478 1951 3498 1984 ι
3540 1930 3692 2001 Δηῶν

2149 2023 2291 2078 κατὰ
2320 2024 2381 2078 τὸ
2416 2024 2793 2094 σιωπώμενον,
2820 2024 2881 2077 τὸ
2905 2023 2995 2078 διὰ
3020 2024 3115 2078 τοῦ
3148 2025 3372 2088 σκότους
3400 2022 3547 2094 αύτῷ
3568 2023 3691 2094 παρὰ

2147 2115 2257 2167 τῶν
2285 2112 2498 2184 ἐχθρῶν
2528 2113 2620 2167 τὸν
2652 2112 2815 2183 φόϐον
2846 2113 3168 2182 ἐπάγεσθαι.
3212 2112 3352 2167 Ἀλλ’
3378 2113 3552 2185 ἐαυτῷ
3584 2115 3693 2185 ἠμέ-

2151 2221 2253 2277 ραν
2288 2207 2317 2258 ὁ
2353 2204 2590 2268 τοιοῦτος
2627 2207 2788 2269 ποιεῖ,
2826 2202 2914 2258 διὰ
2947 2200 3045 2258 τοῦ
3081 2203 3320 2269 ἐλπίζειν
3365 2207 3457 2259 ἐπὶ⁵
3492 2206 3550 2258 τὸ
3580 2206 3688 2275 φῶς,

2146 2297 2212 2352 δι’
2239 2291 2299 2351 οὗ
2330 2296 2391 2349 τὸ
2423 2297 2612 2360 σκότος
2641 2296 3040 2365 ἐξαφανίζεται.
3078 2315 3098 2348 ι
3135 2297 3380 2368 Ἡμέρας
3400 2298 3461 2351 οὐ
3490 2297 3690 2367 φοϐηθή-

2151 2407 2333 2461 σομαι’
2367 2388 2478 2457 ἐγὼ
2510 2388 2567 2442 δέ
2595 2389 2767 2442 ἐλπιῶ
2787 2389 2882 2441 ἐπὶ
2909 2389 2993 2442 σέ.
3023 2408 3043 2442 ι
3070 2389 3223 2460 Τάχα
3248 2390 3305 2443 δὲ
3329 2390 3396 2444 άν
3426 2407 3508 2454 τις
3525 2389 3690 2459 μᾶλλον

2148 2481 2427 2535 καθίκοιτο
2473 2478 2576 2549 τῆς
2626 2478 2735 2531 τῶν
2784 2477 3185 2549 γεγραμμένων
3220 2478 3481 2543 διανοίας,
3519 2477 3573 2530 τὸ
3613 2476 3691 2545 τῆς

2147 2570 2460 2645 ἐπιγραφῆς
2489 2570 2716 2640 αἴνιγμα
2757 2567 2991 2639 βλέπων.
3022 2569 3167 2632 Ἕως
3196 2568 3305 2639 γὰρ
3337 2564 3407 2641 ἦν
3432 2571 3460 2622 ό
3487 2568 3586 2621 τῶν
3614 2568 3691 2619 ἀνα

2147 2664 2380 2735 θρώπων
2414 2662 2542 2725 λαὸς
2584 2660 2692 2716 τῶν
2731 2660 2901 2728 ἁγίων
2937 2660 3184 2728 ἀγγέλων
3234 2658 3686 2733 μεμακρυμμένος,

2148 2756 2243 2811 καὶ
2271 2757 2528 2809 ἐπατεῖτο
2552 2753 2657 2808 ὑπὸ
2683 2752 2792 2807 τῶν
2818 2751 3157 2822 παθημάτων
3179 2751 3282 2822 τῆς
3308 2751 3541 2822 φύσεως,
3564 2752 3612 2804 ἐν
3628 2746 3686 2816 τῷ

2146 2849 2360 2920 διαρκεῖ
2380 2845 2477 2900 τοῦ
2502 2845 2740 2917 πολέμου
2767 2842 3129 2913 ἀπαγορεύων
3153 2843 3248 2897 καὶ
3277 2843 3683 2914 συνθλιϐόμενος,

2146 2942 2242 2995 καὶ
2272 2941 2339 2993 ἐκ
2366 2938 2473 2992 τῶν
2519 2935 2934 3007 ὑπερκειμένων
2966 2935 3312 3006 βαλλόμενος.
3355 2937 3451 2990 καὶ
3482 2937 3534 2988 ἐν
3562 2931 3686 2988 νυκτὶ

2146 3030 2238 3085 τὸν
2271 3029 2435 3100 φόϐον
2472 3026 2649 3097 ἔχων·
2680 3027 2769 3080 ὅτε
2798 3026 2857 3079 δὲ
2893 3025 3120 3096 ἤλπισεν
3161 3025 3254 3078 ἐπὶ
3297 3026 3394 3079 τὸν
3432 3026 3585 3087 Θεὸν,
3609 3022 3684 3093 τὴν

2150 3124 2278 3194 περὶ
2303 3123 2370 3175 τὰ
2394 3121 2598 3192 μάταια
2626 3117 3053 3189 πεπλανημένην
3079 3116 3287 3180 ἐλπίδα,
3318 3114 3430 3172 οἷον
3453 3118 3510 3170 τὸ
3536 3115 3683 3185 ἄχθος.

2147 3212 2599 3283 ἀποσεισάμενος,
2622 3210 2743 3264 τότε
2762 3208 3025 3279 ἐπῄνεσεν
3048 3211 3175 3273 τοὺς
3192 3209 3391 3264 ἐαυτοῦ
3417 3210 3607 3278 λόγους,
3631 3206 3686 3260 οῖ-

2145 3306 2289 3371 τινές
2316 3308 2454 3359 εἰσιν
2482 3307 2517 3375 ὴ
2544 3302 2803 3375 ὁμολογία
2826 3302 2927 3372 τῆς
2955 3303 3209 3367 πίστεως.
3243 3322 3263 3355 ι
3305 3303 3433 3356 Ἐπὶ
3450 3302 3523 3372 τῷ
3544 3300 3642 3369 θεῷ
3666 3315 3680 3348 ι

2146 3398 2276 3470 γὰρ,
2302 3397 2488 3467 φησὶν,
2518 3414 2536 3447 ι
2559 3396 2838 3449 ἐπαινέσω
2855 3393 2978 3457 τοὺς
3001 3393 3191 3462 λόγους
3203 3410 3337 3465 μου.
3368 3412 3388 3446 ι
3425 3393 3573 3448 Ἀλλὰ
3589 3388 3684 3445 τού-

2144 3505 2292 3552 τους,
2335 3487 2530 3559 φησὶν,
2563 3487 2688 3551 τοὺς
2721 3486 3037 3548 ἐπαινετοὺς
3065 3484 3277 3553 λόγους,
3313 3487 3365 3539 οί
3396 3484 3567 3557 ἐχθροί
3605 3498 3682 3552 μου

2150 3581 2552 3653 βδελύσσονται,
2569 3583 2697 3644 τοὺς
2717 3582 2833 3634 κατ’
2854 3578 2989 3649 ἐμοῦ
3017 3579 3309 3651 λογισμοὺς
3339 3583 3420 3645 εἰς
3450 3579 3600 3636 κακὸν
3617 3577 3682 3630 εὑο

2149 3674 2445 3745 ρίσκοντες,
2480 3675 2577 3727 καὶ
2602 3671 2968 3727 λανθάνουσαν
3008 3672 3103 3725 καὶ
3141 3673 3526 3744 κεκρυμμένην
3551 3670 3601 3722 ἐν
3624 3664 3684 3734 τῷ

2150 3766 2434 3836 παροικεῖν
2464 3764 2563 3835 τὴν
2601 3763 2892 3836 ἐπιϐουλὴν
2918 3764 3388 3829 διασκευάζοντες.
3418 3763 3478 3817 Οἳ
3503 3762 3557 3815 τὸ
3581 3760 3683 3812 ἴδιον

2147 3857 2356 3911 ἑαυτῶν
2382 3856 2721 3927 ἐπιτήδευμα
2754 3854 3069 3920 ποιοῦντες,
3099 3857 3159 3911 οὐ
3205 3856 3467 3910 παύονται
3499 3853 3576 3907 ἀεί
3604 3864 3681 3919 μου

2146 3949 2246 4020 τὴν
2288 3950 2529 4020 πτέρναν
2574 3947 3055 4018 ἐπιφυλάσσοντες.
3092 3948 3262 4001 Τοῦτο
3304 3948 3415 4018 γάρ
3450 3948 3505 4013 ἐξ
3544 3942 3682 4012 dmi;

2147 4041 2596 4112 άνθρωποκτόνου
2625 4040 2686 4093 τὺ
2710 4039 2892 4111 ἔργον,
2922 4040 2984 4093 τὸ
3012 4042 3289 4109 ἐπιτηρεῖν
3314 4040 3410 4094 τοῦ
3436 4036 3680 4109 ἀνθρώπω

2147 4132 2246 4204 τὴν
2279 4133 2539 4203 πτέρναν.
2603 4131 2741 4185 Ἀλλ’
2785 4134 2834 4185 εί
2876 4131 2970 4185 καὶ
3005 4132 3197 4201 βαρεῖα
3228 4131 3338 4185 τῶν
3373 4131 3622 4201 πολεμίων
3656 4125 3680 4194 ἡ

2149 4224 2448 4296 προσϐολὴ,
2476 4224 2566 4278 διὰ
2591 4224 2693 4294 τῆς
2721 4223 3037 4294 συμμαχίας
3065 4223 3165 4290 τῆς
3196 4223 3296 4293 σῆς
3317 4222 3678 4291 άπωθήσ-οντειι⁸

2147 4317 2348 4386 προῖκα
2383 4316 2493 4377 τοῖς
2525 4314 2836 4386 ἀνθρώποις
2863 4313 3015 4385 παρὰ
3049 4313 3143 4369 σοῦ
3175 4316 3465 4387 γινομένης
3486 4315 3574 4383 τῆς
3598 4326 3679 4364 σω·

2147 4406 2360 4477 τηρίας.
2406 4406 2520 4458 Οὐκ
2556 4404 2617 4467 ἐξ
2652 4404 2829 4475 ἐργων
2860 4403 2970 4457 τῶν
3004 4406 3068 4458 ἐκ
3113 4406 3478 4476 δικαιοσύνης,
3511 4402 3610 4458 ἀλλ’
3632 4400 3680 4450 ἐκ

467 4501 489 4536 ι
528 4482 635 4539 Pro
656 4484 830 4539 nihilo
857 4485 1001 4539 extim
1028 4485 1213 4541 salvos
1240 4485 1409 4541 facies
1432 4488 1577 4541 illos.
1613 4506 1631 4538 ι
1660 4485 1799 4542 Tota
1830 4498 2037 4550 autem,

2150 4498 2319 4567 μόνης
2350 4496 2448 4566 τῆς
2475 4495 2577 4565 σῆς
2599 4497 2840 4566 χάριτος.
2866 4513 2885 4546 ι
2911 4495 3079 4565 ’Υπὲρ
3107 4496 3215 4566 γὰρ
3238 4495 3331 4550 τοῦ
3364 4496 3574 4568 μηδενὸς
3597 4490 3679 4544 σὼ·

464 4592 587 4647 quze
614 4576 889 4646 sequitur,
935 4577 1135 4647 psalmi
1178 4578 1369 4641 series,
1422 4579 1827 4635 revocationem
1853 4588 1908 4635 et
1959 4583 2045 4637 in-

468 4669 858 4725 staurationem
890 4668 1115 4722 humani
1141 4670 1359 4740 generis
1384 4671 1664 4740 explanat,
1688 4672 1848 4741 cujus
1876 4685 2044 4743 caput

469 4770 572 4824 est,
598 4760 828 4814 victoria
856 4760 925 4814 ab
951 4760 1271 4816 adversario
1303 4762 1471 4816 relata
1494 4803 1509 4828 ,
1542 4763 1853 4830 indelebile,
1886 4768 2042 4836 quasi

468 4852 524 4907 in
555 4853 837 4906 columoa'
860 4852 1137 4923 quapiam,
1175 4853 1374 4908 divinze
1422 4870 1551 4923 erga
1605 4855 1858 4912 homines
1895 4858 2046 4913 beni-

467 4944 695 5015 gnitatis
751 4952 1189 5011 monumentum,
1239 4948 1388 5000 omni
1452 4956 1721 5002 creaturae
1777 4957 2042 5015 tanquam

470 5034 700 5088 materia
731 5033 991 5089 laudandi
1025 5034 1139 5097 Dei,
1171 5043 1226 5091 et
1255 5037 1570 5093 celebrandi
1606 5040 1972 5110 propositum,

540 5125 754 5181 idcirco
785 5126 1056 5183 extremis
1096 5127 1263 5197 hujus
1314 5130 1515 5198 psalmi
1548 5130 1732 5186 verbis
1763 5132 1844 5187 sic
1872 5133 2043 5197 canit,

396 5276 399 5277 ν
468 5214 537 5270 ad
588 5217 733 5272 hanc
781 5216 928 5273 velut
990 5217 1302 5272 columnam
1361 5221 1705 5289 respiciens:
1747 5238 1765 5272 ι
1811 5223 1873 5277 In
1935 5222 2045 5277 Deo

471 5306 707 5363 laudabo
742 5309 996 5375 verbum,
1028 5310 1083 5363 in
1135 5308 1365 5365 Domino
1421 5312 1660 5369 laudabo
1708 5329 2044 5379 sermonem,

2152 4602 2265 4649 σεις
2289 4584 2504 4648 αὐτούς.
2542 4603 2563 4637 ι
2599 4585 2710 4639 Καὶ
2751 4587 2903 4640 πᾶσα
2942 4586 3175 4657 καθεξῆς
3211 4589 3243 4656 ἡ
3287 4587 3389 4658 τῆς
3412 4583 3680 4658 MM!“

2151 4676 2470 4746 ἀκολουθία,
2502 4676 2602 4747 τὴν
2639 4675 2938 4745 ἀνάκλησιν
2977 4677 3078 4745 τῆς
3118 4677 3463 4750 ἀνθρωπίνης
3505 4676 3680 4747 φύσεως

2151 4767 2464 4839 ἐρμηνεύει.
2499 4761 2607 4831 Ἦς
2642 4767 2957 4835 κεφάλαιον,
2987 4768 3088 4835 τῆς
3121 4770 3263 4824 κατὰ
3299 4771 3392 4825 τοῦ
3428 4765 3677 4824 ἀντιπάλου

2151 4861 2308 4931 νίκης
2353 4860 2501 4912 ἐστὶν
2549 4858 2969 4928 ἁνεξάλειπτον,
3014 4858 3201 4930 ὥσπερ
3240 4861 3439 4932 στήλης
3481 4860 3571 4928 τῆς
3605 4852 3677 4907 τοῦ

2149 4950 2285 5005 Θεοῦ
2313 4950 2721 5020 φιλανθρωπίας
2745 4951 3105 5022 μνημόσυνον,
3131 4955 3281 5025 πάσῃ
3300 4957 3366 5024 τῇ
3393 4954 3554 5007 κτίσει
3573 4947 3677 5018 πρὸς

2149 5041 2406 5098 ὑπόθεσιν
2441 5041 2747 5110 δοξολογίας
2778 5042 3157 5113 προκείμενον.

2217 5133 2309 5186 Διό
2355 5151 2487 5205 φησι
2534 5135 2649 5196 τοῖς
2678 5130 3007 5194 τελευταίοις
3046 5133 3147 5201 τῆς
3188 5134 3526 5205 ψαλμῳδίας,
3570 5126 3675 5198 πρὸς

2146 5224 2353 5294 ταύτην
2381 5224 2480 5295 τὴν
2514 5222 2716 5294 στήλην
2762 5222 2997 5293 βλέπων,
3044 5243 3065 5275 ι
3101 5225 3226 5279 Ἐπὶ
3265 5226 3344 5295 τῷ
3366 5226 3481 5294 Θεῷ
3517 5220 3674 5276 αἰνέσει)

2153 5316 2323 5387 ῥῆμα,
2361 5314 2460 5367 ἐπὶ
2485 5312 2564 5383 τῷ
2598 5312 2788 5383 Κυρίῳ
2825 5313 3024 5367 αἰνέσω
3051 5312 3228 5381 λόγον,
3258 5316 3350 5368 ἐπὶ
3376 5315 3452 5387 τῷ
3473 5313 3577 5382 Θεῷ
3599 5307 3671 5378 ηλ.

472 5397 525 5453 in
551 5398 661 5455 Deo
682 5401 896 5470 speravi
921 5417 934 5454 :
956 5419 976 5452 ›
998 5409 1223 5471 propter
1247 5417 1411 5471 quem
1436 5418 1545 5458 non
1568 5405 1804 5475 amplius
1825 5406 2041 5461 incessit

2151 5423 2306 5460 πισα.
2344 5424 2364 5458 ι
2400 5404 2475 5458 Δι’
2506 5404 2567 5459 ὃν
2596 5404 2688 5457 τὸν
2718 5403 2819 5472 τῆς
2851 5403 3053 5474 σαρκὸς
3076 5404 3238 5473 φόϐον
3272 5408 3448 5461 οὐκέτι
3483 5404 3670 5459 δέδοικα.

465 5502 555 5543 me
584 5489 819 5543 formido
845 5489 1053 5545 carnis.
1080 5506 1100 5540 ι
1123 5488 1190 5543 Ει
1208 5489 1262 5544 in
1290 5506 1402 5555 me,
1433 5511 1453 5543 ι
1481 5492 1682 5561 inquit,
1711 5512 1730 5544 ι
1755 5501 1905 5560 vota,
1935 5510 2041 5565 qua

2156 5516 2174 5547 ί
2213 5498 2324 5551 Καὶ
2357 5498 2414 5549 ἐν
2460 5496 2604 5565 ἐμοὶ,
2647 5513 2666 5547 ι
2721 5494 2906 5565 φησὶν,
2958 5513 2977 5546 ι
3024 5495 3201 5565 εὐχαὶ,
3251 5497 3319 5562 ἃς
3364 5495 3600 5553 ἀποδώσω
3622 5487 3671 5542 δι’

468 5580 694 5634 reddam
717 5594 814 5649 per
839 5581 1206 5645 laudationes,
1239 5583 1499 5652 quoniam
1537 5584 1782 5642 liberasti
1813 5586 2041 5642 animan

2157 5589 2434 5653 αἰνέσεως.
2470 5588 2590 5642 ’Ὁτι
2620 5583 2836 5657 ἐρρύσω
2871 5581 2970 5655 τὴν
3015 5582 3192 5659 ψυχήν
3221 5607 3325 5660 μου
3367 5591 3432 5646 ἐκ
3468 5584 3669 5643 θανάτου,

539 5758 562 5788 ³
603 5754 764 5808 Joan.
804 5758 1039 5822 “11,44.
1117 5758 1136 5789 ³
1166 5758 1299 5813 Gen.
1335 5776 1417 5825 ill,
1462 5760 1545 5817 ιέἳε
