3844 6348
186 370 304 428 B81

1611 371 1681 428 IN
1712 372 2046 430 PSALMOS.

189 489 298 543 καὶ
338 456 462 551 rei);
508 489 672 552 πόδας
721 506 820 559 μου
860 490 965 545 ἀπὸ
999 488 1377 560 ὀλισθήματος.
1418 508 1437 541 ι
1484 490 1784 560 Ὀλίσθημα

1889 502 2063 543 meam
2091 502 2155 543 ex
2186 486 2425 553 inferno,
2449 494 2502 543 et
2523 486 2691 557 pedes
2713 501 2863 543 meos
2887 487 2954 543 de
2981 487 3161 559 lapsu:
3190 504 3211 541 ι
3238 487 3451 557 lapsum

187 578 260 633 δὲ
289 580 461 648 λέγει,
494 580 591 650 τὴν
636 579 991 651 παρατροπὴν
1021 581 1121 651 τῆς
1149 580 1238 634 διὰ
1264 580 1372 633 τῶν
1404 581 1631 633 ἐντολῶν
1677 598 1779 633 πο-

108 709 149 754 Ἷ
194 672 380 742 ρείας,
418 672 509 739 ἀφ’
545 667 613 743 ἧς
636 671 698 724 τὸ
734 672 933 742 πτῶμα
971 673 1206 741 ἐγένετο.
1247 672 1658 741 Ἐλευθερωθεὶς
1686 669 1781 725 οὖν

189 762 298 816 τοῦ
351 762 579 817 θανάτου
601 802 615 825 ,
658 764 749 817 καὶ
778 763 1105 836 ἀνορθωθεὶς
1136 766 1199 817 ὲκ
1240 764 1335 817 τοῦ
1367 763 1686 834 πτώματος.
1718 765 1782 816 ἐκ

193 854 503 925 προσώπου
533 856 738 924 γίνεται
777 856 870 909 τοῦ
909 856 1065 921 Θεοῦ,
1093 850 1154 909 οὗ
1184 855 1246 909 τὸ
1289 854 1501 927 πρῶτον
1528 855 1636 907 τῶν
1678 854 1782 907 ὑπὸ

192 947 306 1016 τῆς
330 947 549 1016 ἐντολῆς
572 948 1066 1020 ἀπηγορευομένων
1092 948 1376 1019 ἐμφαγὼν,
1410 947 1778 1017 ἁπεφύτησεν,

194 1042 273 1109 τῇ
305 1041 434 1110 σκιᾷ
475 1041 573 1111 τῆς
602 1044 769 1111 συκῆς
817 1041 1007 1094 ἑαυτὸν
1047 1041 1137 1094 ὑπ’
1181 1040 1439 1112 αἰσχύνης
1478 1039 1774 1111 ἐγκρύψας·

206 1130 531 1184 Ἀπολαόὼν
562 1127 654 1185 οὖν
682 1133 843 1187 πάλιν
867 1134 964 1203 τὴν
994 1134 1326 1204 παρρησίαν,
1351 1133 1781 1186 ἀποκαθίσταται

196 1220 285 1291 τῷ
310 1222 450 1290 φωτὶ
469 1222 545 1293 τῷ
572 1222 754 1286 ζῶντι.
786 1243 805 1274 α
843 1225 1209 1295 Εὑαρεστὴσω
1237 1244 1255 1276 ι
1284 1224 1416 1294 γὰρ,
1442 1224 1595 1293 φησὶ,
1624 1243 1641 1275 ι
1680 1226 1786 1276 Κυ-

202 1312 312 1384 ρίῳ
341 1313 400 1363 ὲν
426 1314 564 1381 φωτὶ
586 1312 821 1378 ζώντων,
852 1334 872 1365 ο
910 1316 1030 1368 ὅθεν
1060 1318 1339 1385 καταρχὰς
1365 1315 1452 1369 διὰ
1479 1316 1577 1385 τῆς
1601 1315 1783 1386 ἀμαρ-

197 1403 328 1466 τίας
361 1404 694 1475 ἁπεξενὼθη.
742 1408 849 1461 Καὶ
887 1409 1015 1479 περὶ
1048 1409 1145 1479 μὲν
1185 1407 1392 1461 τούτων
1420 1408 1677 1462 τοσαῦτα.
1708 1410 1780 1461 Οὐ

198 1493 319 1563 γὰρ
356 1490 505 1563 οἶμαι
538 1494 646 1549 δεῖν
671 1496 739 1549 τὰ
785 1498 908 1550 καθ’
948 1499 1178 1551 ἕκαστον
1226 1497 1651 1567 φιλοπονώτερον
1692 1497 1782 1562 ἐξ·

201 1585 470 1649 ετάζοντα
493 1627 507 1649 ,
536 1589 614 1650 είς
643 1589 907 1658 ἀμετρίαν
950 1590 1297 1660 παρατείνειν
1328 1589 1418 1643 τὸν
1442 1588 1619 1657 λόγον.
1652 1588 1785 1642 [Ιολ-

202 1676 318 1729 λῶν
348 1677 402 1730 δὲ
433 1678 600 1730 ὄντων
629 1680 685 1731 ὲν
707 1682 825 1743 ταῖς
854 1681 1026 1750 ίεραῖς
1054 1680 1346 1749 ὑμνῳδίαις
1371 1680 1477 1733 τῶν
1504 1681 1784 1735 ἐπινικίων

194 1769 460 1840 ψαλμῶν,
489 1769 583 1833 οὓς
608 1771 641 1841 ἡ
672 1770 951 1844 ἐπιγραφὴ
987 1789 1005 1823 ι
1032 1769 1127 1823 τοῦ
1159 1769 1348 1835 τέλους
1383 1789 1401 1822 ι
1428 1770 1787 1835 ἐνδείκνυται,

1881 580 2465 635 vocataberrationem
2492 596 2522 635 ο
2547 584 2635 636 via
2660 582 3065 658 ntattdatorum,
3093 595 3214 651 quae
3236 587 3452 635 ruinam

1881 672 2085 725 attulit.
2138 670 2428 726 Liberatus
2484 672 2652 742 igitur
2704 688 2733 726 a
2787 680 2982 736 morte,
3017 681 3071 726 et
3120 681 3339 727 erectus
3385 688 3454 726 ex

1880 773 2036 825 casu,
2058 774 2087 812 a
2117 768 2271 829 parte
2297 760 2386 814 Dei
2412 768 2542 827 stat,
2568 776 2597 815 a
2622 777 2731 831 quo
2758 763 2990 831 primum
3014 764 3259 816 omnium
3295 764 3453 833 quasi

1882 851 2320 919 transplantatus
2344 850 2540 919 fuerat,
2558 867 2681 905 cum
2704 868 2824 907 sese
2849 853 2916 908 iis
2940 853 3309 923 ingurgitavit,
3333 870 3454 923 qua:

1881 942 2128 996 divinum
2191 944 2510 997 mandatum
2561 945 2941 1015 prohibuerat,
3009 947 3294 1001 occultans
3322 943 3454 1002 sese

1883 1047 1995 1102 prae
2030 1032 2241 1103 pudore
2267 1036 2373 1089 sub
2405 1036 2596 1089 umbra
2631 1036 2787 1091 ﬁcus.
2824 1036 3063 1107 Recepta
3091 1053 3219 1108 ergo
3258 1054 3453 1096 rursus

1883 1124 2155 1188 libertate,
2187 1125 2392 1178 viventi
2448 1126 2642 1179 lumini
2673 1126 3001 1181 restituitur.
3063 1127 3241 1182 Induit
3266 1131 3448 1184 enim:

1887 1234 1907 1267 ε
1940 1213 2177 1270 Placebo
2208 1215 2442 1271 Domino
2464 1218 2522 1271 in
2555 1217 2762 1271 lumine
2791 1218 3109 1281 viventium,
3152 1238 3172 1272 ι
3212 1223 3358 1275 unde
3384 1226 3453 1277 ab

1883 1304 2042 1359 initio
2080 1322 2175 1375 per
2208 1314 2496 1376 peccatum
2529 1316 2853 1363 recesserat.
2891 1308 2956 1362 Et
3003 1310 3069 1364 de
3121 1310 3205 1366 his
3233 1312 3453 1380 quidem

1884 1397 1985 1453 ista
2016 1416 2028 1451 :
2065 1413 2177 1453 non
2206 1400 2350 1454 enim
2389 1400 2626 1455 arbitror
2656 1415 2794 1468 Opus
2829 1416 2953 1456 esse
2989 1403 3203 1470 singula
3241 1406 3452 1459 studio-

1883 1489 1998 1545 sius
2056 1492 2334 1559 persequi,
2390 1506 2459 1546 ne
2514 1491 2759 1545 nimium.
2792 1504 3009 1548 crescat
3064 1496 3262 1549 oratio.
3316 1496 3451 1550 Cum

1884 1588 2064 1635 autem
2099 1584 2152 1636 in
2186 1582 2386 1637 divinis
2420 1583 2541 1639 istis
2582 1584 2798 1654 hymnis
2831 1585 2985 1638 multi
3019 1586 3126 1640 sint
3174 1587 3366 1655 psalmi
3397 1589 3453 1642 in

1882 1674 2191 1737 victoriam,
2216 1690 2356 1745 quos
2377 1676 2717 1731 demonstrat
2739 1678 3054 1748 inscriptio:
3084 1697 3103 1730 ι
3134 1679 3189 1733 In
3219 1680 3400 1747 tinctu;
3429 1700 3448 1731 ι

1885 1769 2090 1816 etcum
2146 1764 2200 1817 in
2255 1765 2340 1819 his
2390 1766 2558 1820 variis
2608 1766 2784 1821 modis
2827 1768 3055 1821 victoria
3088 1768 3158 1821 ab
3209 1769 3455 1823 hostibus

197 1861 302 1914 xui.
323 1860 679 1932 πολυτρόπως
691 1862 791 1933 τῆς
812 1864 953 1916 κατὰ
971 1862 1078 1916 τῶν
1100 1862 1410 1916 ἀντιπάλων
1426 1863 1581 1935 νίκης
1597 1865 1655 1916 ὲν
1670 1861 1784 1915 τού-

1889 1861 2163 1922 reportata
2186 1856 2419 1923 spectari
2440 1856 2634 1925 possit,
2661 1858 2937 1927 prepriam
2960 1870 3139 1913 tamen
3163 1860 3454 1929 quamdam

193 1969 319 2015 τοις
343 1952 744 2023 θεωρουμένης,
781 1954 909 2007 ἴδιόν
935 1972 1055 2007 τινα
1078 1953 1238 2022 λόγον
1267 1953 1442 2009 ἔοικεν
1472 1954 1617 2025 ἔχειν
1646 1956 1678 2025 ἡ
1704 1952 1784 2007 διὰ

1891 1943 2160 1998 rationem
2188 1945 2391 2000 habere
2418 1947 2639 2001 videtur
2689 1949 2917 2003 victoria
2963 1950 3053 2003 illa
3082 1952 3150 2003 ab
3206 1951 3455 2007 hostibus

202 2037 320 2089 τῶν
350 2038 446 2107 τῆς
476 2040 712 2109 ἱστορίας
737 2042 1072 2111 αἰνιγμάτων
1098 2046 1467 2115 σημαινομένη
1496 2046 1635 2099 κατὰ
1660 2045 1787 2109 τοὺς

204 2128 686 2198 προσπαλαίοντας
718 2131 862 2201 νίκη.
903 2132 1118 2201 Ταύτης
1151 2134 1293 2201 λέγω
1324 2136 1421 2204 τῆς
1455 2134 1715 2206 ἱστορίας,

202 2218 281 2269 τὰ
308 2218 436 2289 περὶ
466 2219 558 2271 τοῦ
592 2220 761 2273 Σαοὺλ
782 2222 1133 2295 διεξέρχεται’
1166 2225 1224 2276 ἐν
1254 2219 1332 2288 οἷς
1357 2227 1391 2295 ἡ
1423 2224 1530 2277 τῶν
1556 2225 1786 2295 ψαλμῶν

203 2310 364 2375 τάξις
392 2311 490 2363 οὐκ
516 2313 579 2364 ὲκ
606 2315 705 2383 τῆς
741 2313 1063 2378 ἀκολουθίας
1099 2314 1206 2368 τῶν
1242 2316 1784 2388 ίστορικῶνσυνέστη

205 2403 581 2471 πραγμάτων,
624 2404 759 2457 ἀλλὰ
796 2408 908 2469 τοῖς
955 2406 1094 2460 κατὰ
1142 2409 1425 2479 προκοπὴν
1474 2409 1543 2460 δι’
1586 2409 1787 2479 ἀρετῆς

204 2493 605 2565 τελειουμένοις
649 2496 1084 2567 ἐπηκολούθησεν
1109 2515 1121 2527 ·
1161 2498 1390 2553 ἕκαστον
1427 2498 1538 2551 τῶν
1582 2500 1640 2552 ἐν
1673 2500 1787 2561 τοῖς

206 2582 501 2653 πράγμασι
551 2583 922 2655 δηλουμένων,
964 2587 1044 2649 είς
1089 2586 1315 2651 ἔνδειξιν
1347 2586 1449 2655 τῆς
1495 2585 1639 2639 κατὰ
1687 2585 1787 2657 τὴν

206 2665 414 2736 ἀρετὴν
447 2665 726 2736 αὐξήσεως
751 2668 1097 2739 καταλλήλως
1123 2671 1434 2741 ἁρμόσασα,
1467 2670 1562 2723 καὶ
1595 2670 1786 2740 πρῶτα

207 2758 310 2809 καὶ
344 2757 620 2810 τελευταῖα
645 2758 785 2811 κατὰ
811 2759 901 2812 τὸν
928 2758 1084 2827 λόγον
1107 2760 1208 2829 τῆς
1236 2761 1435 2831 ἀρετῆς
1456 2760 1522 2813 δι’
1560 2761 1785 2815 ἀκολού-

208 2848 307 2901 θου
350 2850 631 2919 ταχθῆναι,
667 2850 763 2903 καὶ
809 2851 883 2922 μὴ
917 2855 985 2921 τῇ
1016 2852 1172 2923 ύλικῇ
1214 2854 1469 2923 συντυχίᾳ
1496 2853 1602 2907 τῶν
1642 2870 1784 2923 πρα-

207 2942 438 3011 γμάτων
468 2943 750 2997 δουλεῦσαι
782 2945 879 3016 τὴν
906 2947 1079 3013 τάξιν.
1112 2947 1212 3001 Διὰ
1253 2946 1409 2999 τοῦτο
1441 2947 1576 3017 μετὰ
1618 2947 1786 3002 πολλὰ

209 3033 574 3103 ἑρμηνεύεται
614 3036 646 3105 ἡ
678 3037 785 3105 πρὸ
817 3036 1025 3090 πολλῶν
1054 3037 1396 3110 πραγμάτων
1447 3040 1786 3110 γεγενημένη

207 3123 356 3176 κατὰ
383 3123 442 3175 τὸ
473 3125 733 3194 σπήλαιον
768 3128 1037 3201 συνδρομὴ
1070 3128 1165 3181 τοῦ
1194 3146 1254 3181 τε
1290 3129 1481 3193 Σαοὺλ,
1516 3130 1611 3182 τοῦ
1650 3132 1787 3200 πρὸς

205 3215 306 3268 τὸν
343 3215 498 3283 φόνον
534 3215 818 3281 διώκοντος
841 3260 854 3284 ,
892 3220 986 3272 καὶ
1037 3218 1131 3272 τοῦ
1168 3219 1333 3274 Δαϐὶδ
1370 3220 1465 3274 τοῦ
1494 3222 1583 3274 τὸν
1627 3223 1785 3291 φόνον

208 3304 575 3369 ἐκκλίναντος.
630 3308 717 3359 Ἐν
743 3301 787 3374 ᾧ
813 3309 948 3379 πρὸς
976 3309 1036 3361 τὸ
1066 3310 1306 3363 ἐναντίον
1344 3312 1655 3384 άνεστράφη
1693 3312 1785 3366 τοῦ

209 3395 379 3463 φόνου
417 3396 449 3465 ἡ
499 3396 734 3463 ἐξουσία,
772 3400 847 3462 ὼς
892 3402 984 3454 τὸν
1034 3403 1125 3455 ἐπὶ
1172 3402 1389 3474 θανάτῳ
1436 3405 1784 3475 διωκόμενον,

205 3486 402 3540 τοῦτον
430 3488 717 3556 ἐφεστάναι
746 3493 812 3561 τῇ
845 3492 939 3545 τοῦ
974 3494 1242 3561 φονῶντος
1277 3500 1480 3568 σφαγῇ,
1513 3498 1604 3551 καὶ
1631 3497 1785 3562 ἐξου-

210 3579 337 3633 σίαν
377 3581 571 3651 σχόντα
608 3581 706 3651 τὴν
750 3585 890 3637 κατὰ
924 3585 1018 3638 τοῦ
1057 3586 1317 3657 πολεμίου
1356 3589 1626 3660 τιμωρίαν
1658 3591 1785 3660 στῆ-

210 3687 329 3733 σαι,
371 3672 462 3724 καὶ
502 3672 641 3741 μετὰ
683 3675 786 3744 τῆς
824 3674 1069 3739 ἐξουσίας
1102 3678 1203 3748 τὴν
1231 3677 1480 3748 δύναμιν,
1529 3681 1649 3733 ἀντὶ
1691 3680 1784 3734 τοῦ

208 3762 472 3832 πολεμίου
504 3765 594 3819 τὸν
632 3766 823 3819 ἑαυτοῦ
853 3766 1023 3836 θυμὸν
1057 3769 1114 3820 ἐν
1146 3768 1325 3840 ἑαυτῷ
1366 3771 1781 3826 ἀποκτείναντα.

283 3948 367 4001 Τά
402 3948 498 4018 μὲν
526 3944 616 4002 οὖν
659 3951 757 4019 τῆς
804 3950 1046 4020 ἱστορίας
1080 3953 1212 4005 πᾶσι
1268 3951 1530 4022 πρόδηλον
1570 3953 1787 4018 πάντως

205 4041 384 4101 ἐστὶν,
437 4034 519 4102 οἷς
555 4041 655 4093 οὐκ
707 4042 765 4095 ὲν
810 4044 1074 4113 παρέργῳ
1120 4044 1187 4097 τὰ
1235 4043 1352 4096 θεῖα
1405 4045 1782 4109 σπουδάζεται.

221 4130 487 4201 Ἐροῦμεν
517 4130 573 4183 δὲ
603 4130 692 4183 διὰ
724 4131 985 4202 βραχέων,
1017 4133 1092 4196 ὡς
1115 4133 1181 4185 ἂν
1210 4127 1320 4186 οἷόν
1346 4151 1405 4185 τε
1498 4136 1787 4205 συντεμόν-

202 4239 305 4286 τες
338 4224 395 4276 ὲν
430 4223 593 4291 ὀλίγῳ
635 4224 697 4275 τὸ
733 4224 862 4293 περὶ
891 4224 1078 4277 τούτου
1118 4225 1382 4296 διήγημα.
1422 4228 1668 4297 Ἔρημός
1703 4245 1786 4291 τις

201 4310 280 4384 ἧν
309 4313 472 4377 τόπος
500 4313 639 4365 κατὰ
667 4313 765 4384 τὴν
800 4313 1076 4378 Ἰουδαίαν,
1105 4316 1162 4366 ὲν
1193 4308 1237 4382 ᾧ
1262 4315 1588 4385 διωκόμενος
1619 4318 1648 4368 ὁ
1679 4320 1785 4369 Δα-

204 4404 300 4456 6ὶδ
323 4403 428 4455 ὑπὸ
462 4404 771 4474 ἀμηχανίας
804 4402 1073 4473 ηὐλίζετο.
1123 4404 1210 4456 Ἐν
1235 4404 1409 4474 τούτῳ
1436 4420 1492 4457 τι
1522 4405 1784 4477 σπήλαιον

1888 2035 2078 2099 relata,
2093 2051 2216 2105 qua:
2237 2052 2332 2106 per
2350 2038 2593 2094 historiae
2611 2042 2878 2096 velamina
2897 2043 3058 2097 nobis
3079 2043 3451 2115 signiﬁcatur:

1889 2125 2035 2179 illam
2066 2127 2191 2181 dico
2223 2128 2533 2194 historiam,
2563 2146 2668 2200 qua
2699 2133 3018 2203 exsequitur
3046 2149 3108 2188 ea
3164 2151 3283 2205 qua:
3329 2151 3453 2191 cum
3550 2132 3559 2141 ’

1890 2213 2055 2269 Saule
2088 2218 2429 2287 occiderunt,
2462 2221 2516 2273 in
2548 2222 2748 2290 quibus
2794 2226 3129 2293 psalmorum
3180 2227 3313 2280 ordo
3346 2242 3454 2281 non

1888 2317 2104 2360 constat
2136 2324 2199 2361 ex
2246 2323 2428 2362 rerum
2484 2319 2759 2380 gestarum
2809 2314 2952 2369 serie
2989 2323 3041 2369 ct
3096 2316 3308 2379 ordine,
3363 2316 3456 2371 sed

1888 2397 2157 2467 profectni
2190 2416 2404 2463 eorum,
2443 2402 2535 2470 qui
2566 2406 2770 2458 virtute
2814 2405 3192 2475 perficiuntur,
3238 2422 3457 2461 accom—

1888 2489 2164 2546 modatur.
2190 2490 2485 2557 Quodlibet
2505 2494 2649 2546 enim
2677 2510 2867 2550 eorum
2901 2513 3020 2567 qua:
3049 2513 3144 2567 per
3165 2514 3251 2553 res
3275 2506 3456 2568 gestas

1888 2581 2269 2650 insinuantur,
2296 2585 2362 2639 ad
2390 2586 2879 2643 demonstrandum
2911 2589 2966 2643 in
2996 2590 3294 2647 virtutibus
3330 2609 3459 2661 prn-

1890 2672 2097 2728 feetum
2144 2678 2536 2731 convenienter
2589 2686 2761 2747 aptat,
2797 2686 2855 2732 ut
2905 2679 3135 2749 proinde
3181 2682 3353 2751 prima
3406 2694 3460 2737 et
3532 2754 3544 2763 .

1888 2770 2164 2831 postrema
2197 2764 2499 2818 secundum
2526 2765 2747 2820 virtutis
2784 2765 3051 2822 rationem
3095 2777 3151 2822 et
3200 2771 3458 2838 pratscri-

1888 2853 2127 2922 ptionem
2172 2854 2276 2908 sibi
2309 2861 2500 2908 mutuo
2524 2869 2770 2910 connexa
2805 2856 2955 2921 sint;
3013 2874 3188 2928 neque
3235 2875 3461 2915 necesse

1891 2944 2057 2999 fuerit
2110 2946 2358 3001 ordinem
2426 2947 2694 3001 materiali
2767 2949 2924 3017 quasi
2996 2965 3176 3004 rerum
3241 2951 3459 3007 eventui

1888 3036 2110 3090 servire.
2145 3036 2276 3101 Quae
2305 3051 2472 3091 causa
2508 3046 2611 3101 est,
2648 3051 2747 3090 cur
2774 3045 2898 3107 post
2932 3039 3099 3091 multa
3134 3040 3237 3093 alia
3263 3056 3461 3095 recen-

1891 3136 2075 3181 seatur
2117 3127 2169 3181 id
2217 3126 2363 3196 quod
2421 3128 2596 3181 multo
2653 3136 2780 3182 ante
2831 3137 3127 3196 evenerat,
3185 3132 3461 3199 quomodo

1890 3217 2099 3273 scilicet
2128 3216 2258 3274 Saul
2282 3224 2334 3271 et
2368 3215 2535 3273 David
2563 3219 2616 3271 in
2643 3218 2906 3288 spelunca
2930 3221 3308 3284 convenerint,
3335 3238 3460 3276 cum

1891 3309 2021 3363 Saul
2058 3308 2312 3364 Davidem
2341 3310 2407 3364 ad
2442 3318 2671 3365 mortem
2709 3318 2998 3380 quareret,
3044 3319 3098 3366 et
3143 3310 3308 3366 David
3342 3314 3461 3368 exi-

1887 3400 2024 3453 tium
2054 3399 2283 3470 fugeret.
2313 3401 2434 3467 Quo
2466 3416 2597 3455 casu
2625 3401 2678 3454 in
2730 3404 3071 3456 contrarium
3096 3404 3268 3457 evasit
3292 3406 3459 3459 caedis

1885 3493 2165 3557 violentia,
2197 3494 2423 3558 cumis,
2483 3494 2575 3563 qui
2637 3493 2702 3547 ad
2736 3494 2937 3548 cuidem
2983 3496 3346 3565 quaerebatur,
3402 3498 3458 3551 in

1887 3591 2160 3651 potestate
2179 3597 2279 3637 sua
2306 3597 2428 3637 eum
2456 3582 2699 3643 haberet.
2730 3585 2821 3653 qui
2847 3585 3167 3653 sanguinem
3193 3586 3457 3654 spirabat,

1887 3675 2068 3727 oblata
2100 3674 2148 3728 ei
2178 3672 2442 3727 facultate
2498 3674 2831 3743 supplicium
2868 3674 2920 3727 in
2954 3674 3161 3729 hostem
3188 3678 3458 3742 vertendi,

1886 3764 2245 3833 ejusdemque
2289 3765 2589 3834 potentiam
2638 3764 3074 3833 comprimendi:
3125 3765 3219 3821 sed
3278 3777 3461 3823 tamen

1890 3854 2010 3907 loco
2044 3853 2220 3908 hostis
2257 3854 2532 3907 interemit
2567 3854 2620 3906 in
2653 3854 2834 3923 seipso
2869 3868 3022 3908 suam
3056 3853 3214 3908 iram.

1958 3945 2089 4010 Quae
2143 3945 2310 4013 igitur
2367 3945 2435 3999 ad
2484 3944 2774 3999 historiam
2839 3946 3461 4013 pertinent,'omnibus

1887 4047 2015 4090 nota
2050 4046 2197 4099 sunt,
2236 4038 2328 4105 qui
2358 4052 2467 4089 non
2496 4036 2673 4091 obiter
2702 4044 2912 4090 tantum
2939 4052 3118 4093 rerum
3147 4036 3457 4093 divinarum

1889 4126 2069 4182 studio
2098 4135 2316 4181 vacant.
2346 4126 2812 4183 Percensebimus
2836 4127 3196 4183 nihilominus
3223 4144 3310 4194 ea,
3344 4136 3460 4183 tota

1888 4220 2203 4272 narratiune
2233 4232 2396 4288 quam
2435 4219 2550 4273 ﬁeri
2577 4226 2759 4288 potest
2812 4219 3164 4288 paucissimis
3205 4235 3460 4290 compre-

1886 4310 2082 4365 hensa.
2116 4308 2378 4367 Desertus
2399 4318 2515 4363 erat
2540 4310 2698 4363 locus
2724 4310 2779 4362 in
2806 4308 3015 4374 Judaea,
3047 4310 3103 4363 in
3127 4325 3237 4379 quo
3266 4309 3460 4377 David,

1887 4415 2011 4454 cum
2042 4400 2112 4455 ab
2144 4400 2400 4456 hostibus
2421 4401 2540 4455 suis
2568 4400 2962 4469 cxagitarctur,
2985 4416 3096 4469 prae
3116 4402 3297 4471 inopia
3327 4416 3461 4457 con-

205 4494 526 4566 εὒρύχωρον
549 4490 635 4565 ἦν,
669 4494 735 4546 δι’
769 4496 887 4557 ἑνὸς
919 4495 1138 4565 στομίου
1169 4496 1295 4556 τοὺς
1324 4496 1383 4548 ἐν
1420 4495 1568 4566 αὐτῷ
1612 4514 1781 4551 κατα-

1889 4494 1995 4547 silii
2021 4493 2334 4548 oherrabat.
2364 4493 2423 4547 In
2452 4493 2554 4547 hoc
2586 4494 2695 4546 late
2723 4500 2918 4562 patens
2960 4494 3221 4562 spelunca
3249 4493 3462 4549 viseba-

202 4586 505 4656 δυομένους
537 4584 995 4656 παραδεχόμενον.
1040 4584 1147 4638 Τοῦ
1173 4585 1229 4639 δὲ
1256 4585 1427 4639 Σαοὺλ
1458 4587 1786 4657 ἀναζητοῦν-

202 4696 305 4741 τος
352 4679 441 4731 τὸν
475 4678 668 4741 Δαδὶδ,
708 4681 803 4732 καὶ
838 4681 1180 4750 πανστρατιᾷ
1222 4680 1644 4751 διερευνωμένου
1690 4679 1787 4750 τὴν

204 4768 438 4839 ἔρημον,
468 4766 904 4836 καταφεύγουσιν
938 4768 1030 4820 ὑπ’
1060 4768 1305 4837 ἀνάγκης
1345 4768 1507 4832 αὑτός
1543 4785 1600 4821 τε
1629 4772 1657 4822 ὁ
1684 4770 1788 4821 Δα-

204 4861 320 4923 διδ,
355 4859 444 4911 καὶ
470 4860 518 4912 οἱ
550 4858 668 4929 μετ’
689 4858 920 4921 ἐκείνου,
956 4858 1059 4911 ὑπὸ
1089 4858 1151 4911 τὸ
1177 4859 1455 4929 σπήλαιον.
1495 4860 1702 4913 Ὄντων
1730 4859 1788 4912 δὲ

203 4952 313 5023 ἤδη
349 4950 549 5004 τούτων
588 4952 645 5004 ὲν
680 4950 760 5020 τῷ
794 4950 1072 5022 σπηλαίῳ,
1115 4950 1244 5003 εἵσω
1283 4950 1488 5019 γίνεται
1530 4949 1625 5003 τοῦ
1670 4966 1788 5003 στο-

211 5040 343 5112 μίου
371 5040 463 5092 καὶ
490 5042 520 5093 ὁ
543 5041 715 5094 Σαοὺλ
748 5041 863 5110 μετ’
888 5039 1147 5104 ἐκείνους,
1176 5040 1261 5108 ἐφ’
1280 5033 1323 5107 ᾧ
1348 5056 1405 5093 τε
1437 5039 1572 5110 πρός
1597 5057 1650 5093 τι
1677 5040 1787 5093 τῶν

205 5131 527 5199 ἀναγκαίων
548 5129 1091 5202 παρασκευάσασθαι,
1114 5129 1325 5197 ἀγνοῶν
1346 5129 1446 5199 τὴν
1467 5129 1788 5200 αὐτομάτως

208 5221 500 5291 συμϐᾶσαν
550 5221 692 5274 κατὰ
736 5220 839 5289 τῆς
891 5220 1164 5291 σωτηρίας
1216 5219 1382 5273 αὐτοῦ
1430 5221 1783 5291 στρατηγίαν.

218 5313 313 5375 Ὧς
340 5308 432 5364 οὖν
455 5312 540 5380 ἐφ’
565 5310 762 5364 ἑαυτοῦ
784 5307 873 5381 ἦν,
903 5311 998 5363 καὶ
1017 5310 1117 5381 τὴν
1135 5309 1380 5363 διπλοΐδα
1406 5309 1786 5380 περιελόμενος

208 5404 347 5472 παρ’
370 5403 558 5455 ἑαυτὸν
586 5418 688 5455 που
723 5400 980 5455 κατέθετο
998 5439 1014 5465 ,
1040 5400 1358 5470 καταφανὴς
1384 5398 1460 5452 ὢν
1482 5399 1572 5452 διὰ
1597 5400 1700 5469 τῆς
1723 5403 1788 5453 ἐκ

206 5494 306 5549 τοῦ
350 5495 569 5563 στομίου
604 5494 809 5561 αὐγῆς,
840 5496 952 5556 τοῖς
983 5491 1129 5546 ἔνδον
1171 5491 1671 5563 ὑποκρυπτομένοις
1708 5492 1787 5563 τῷ

206 5584 383 5653 ζόφιιγ
405 5586 516 5647 τοῖς
546 5584 644 5653 μὲν
672 5582 851 5647 ἄλλοις
876 5578 942 5654 ἦν
968 5582 1162 5653 γνώμη
1191 5583 1359 5635 πᾶσιν
1387 5584 1500 5645 τοῖς
1532 5581 1668 5651 μετὰ
1692 5583 1785 5635 τοῦ

203 5673 378 5728 dum
414 5674 731 5744 ἐπιδραμεῖν
767 5673 845 5744 τῷ
870 5672 1069 5745 ἐχθρῷ,
1104 5670 1198 5726 καὶ
1236 5670 1544 5743 ἀμύνασθαι
1575 5671 1665 5723 τὸν
1696 5672 1788 5724 ἐπὶ

204 5765 267 5819 τὸ
297 5764 560 5834 φονεῦσαι
601 5764 1059 5836 παραγενόμενον,
1097 5764 1172 5829 ὡς
1199 5762 1293 5817 τοῦ
1325 5762 1462 5816 Θεοῦ
1496 5761 1788 5824 δεδωκότος

1889 4592 1998 4651 tur,
2031 4599 2141 4638 uno
2171 4583 2321 4638 aditu
2355 4583 2791 4654 ingredientibus
2844 4592 3050 4653 aperta.
3086 4582 3249 4639 Saule
3277 4592 3459 4640 autem

1880 4672 2139 4726 Davidem
2167 4685 2463 4743 quaerente,
2489 4682 2715 4744 totoque
2746 4689 2852 4730 suo
2886 4690 3013 4729 cum
3048 4673 3295 4732 exercitu
3331 4677 3466 4733 soli-

1880 4763 2124 4818 tudinem
2159 4765 2557 4834 perlustrante,
2588 4765 2922 4837 confugiunt
2952 4769 3285 4825 necessitate
3308 4783 3464 4824 eom-

1878 4855 2025 4927 pulsi
2058 4855 2254 4923 David,
2277 4869 2332 4913 et
2358 4859 2598 4929 quicum
2621 4874 2711 4925 eo,
2737 4858 2791 4913 in
2824 4860 3167 4931 speluncam.
3191 4862 3327 4917 Cum
3347 4861 3464 4932 jam

1877 4948 2133 5005 essentia
2147 4950 2438 5019 spelunca,
2467 4949 2775 5023 ingreditur
2796 4961 2920 5023 post
2939 4953 3064 5008 illos
3086 4963 3142 5008 et
3166 4953 3285 5025 ipse
3301 4953 3456 5018 Saul,

1879 5041 2089 5109 utquid
2109 5056 2293 5097 rerum
2324 5044 2767 5101 necessariarum
2796 5054 3004 5115 ageret,
3032 5044 3297 5115 ignorans
3317 5044 3463 5100 illam
3542 5050 3552 5070 ‘

1887 5137 2007 5192 qua
2036 5123 2262 5178 fortuito
2293 5134 2483 5178 contra
2511 5140 2665 5180 suam
2694 5126 2926 5181 salutem
2957 5138 3311 5190 convenerat,
3340 5142 3459 5181 ma-

1887 5228 2038 5267 num.
2073 5212 2217 5283 Ergo
2252 5228 2376 5267 cum
2414 5215 2565 5269 solus
2590 5223 2758 5282 esset,
2782 5217 3268 5286 eomplicatamque
3294 5216 3457 5270 tuni—

1886 5317 2007 5357 cam
2027 5302 2184 5372 juxta
2208 5319 2268 5359 se
2290 5305 2488 5359 alicubi
2511 5304 2873 5375 deposuisset,
2903 5305 3222 5361 manifestus
3246 5315 3299 5362 et
3323 5321 3457 5362 cono

1888 5396 2132 5465 spicuus,
2163 5396 2235 5450 ob
2259 5397 2603 5466 splendorem
2643 5413 2740 5467 per
2773 5398 2976 5451 ostium
3019 5397 3293 5466 speluncae
3325 5399 3458 5454 sub-

1886 5494 2102 5541 euntem
2139 5487 2265 5551 illis,
2295 5503 2432 5557 quos
2468 5487 2612 5542 intus
2641 5488 2875 5543 tenebrae
2920 5487 3262 5553 occulebant,
3288 5489 3456 5545 sociis

1887 5577 2104 5646 quidem
2133 5575 2354 5633 Davidis
2392 5578 2606 5633 animus
2635 5588 2747 5632 erat
2778 5579 2988 5633 irruere
3025 5578 3081 5632 in
3115 5577 3350 5646 hostem,
3373 5580 3459 5634 ul-

1887 5669 2130 5737 ciscique
2155 5682 2302 5732 eum,
2324 5669 2425 5738 .qui
2458 5668 2621 5723 caedis
2643 5667 2935 5724 inferendae
2955 5682 3122 5725 causa
3142 5668 3456 5736 advenerat,

1888 5761 2044 5831 quasi
2075 5761 2331 5816 nimirum
2360 5762 2475 5830 ipse
2503 5760 2649 5818 Deus
2684 5760 2739 5816 in
2771 5775 2967 5818 manus
3004 5763 3320 5822 tradidisset
3356 5761 3457 5818 bo.
