3844 6368
417 379 520 436 585

1650 374 1707 431 S.
1739 372 2072 431 GliEGORll
2105 372 2396 430 NYSSENI

3596 370 3688 423 53‘

417 505 559 549 stem
591 492 660 549 iis
685 493 776 564 qui
807 491 872 547 ad
915 491 1116 548 caedem
1155 492 1560 563 quzerebantur.
1595 495 1661 548 At
1689 495 1858 550 David
1890 495 2002 549 ho-

2114 498 2215 560 τοῖς
2242 497 2334 549 ἐπὶ
2359 493 2575 564 θανάτῳ
2615 493 2961 565 διωκομένοις
2993 491 3084 546 τὸν
3121 490 3312 564 ἐχθρὸν
3359 488 3685 562 ὑποχείριον.

425 600 545 638 rum
581 585 838 656 impetum
875 584 1223 654 compressit,
1255 586 1517 655 injustam
1551 601 1673 643 esse
1701 597 1853 642 ratus
1883 587 2000 641 illo-

422 693 544 732 rum
579 677 631 728 in
672 690 852 744 regem
899 675 1380 730 machinationem.
1426 677 1632 730 Stricto
1671 678 1856 747 itaque
1886 677 2002 747 gla-

425 768 521 822 dio
553 767 859 820 clanculum
895 784 924 818 a
977 773 1130 835 tergo
1183 765 1332 820 Sauli
1379 767 1583 829 astitit,
1629 783 1751 822 cum
1788 766 2002 821 nemine

419 860 643 914 conscio
675 873 798 911 eum
848 857 1105 912 invadere
1141 865 1360 927 posset,
1398 858 1636 912 tenebrae
1670 859 1813 912 enim
1856 857 2000 910 antri

419 950 596 1003 oculis
637 947 824 1002 offusae
887 947 1147 1001 arcebant
1186 962 1375 1001 eorum
1404 987 1418 1010 ,
1454 962 1574 1016 quae
1610 947 1830 1011 ﬁebant,
1866 961 2000 1000 con-

419 1053 665 1108 speetum
723 1047 777 1093 et
833 1035 1366 1093 manifestationem.
1420 1037 1554 1092 Cum
1603 1039 1772 1107 igitur
1809 1036 1996 1091 liceret

418 1144 530 1181 uno
568 1129 700 1191 ictu,
734 1127 914 1181 medio
943 1125 1131 1190 dorso,
1164 1141 1260 1194 per
1303 1127 1480 1196 ipsum
1518 1141 1614 1180 cor
1642 1127 1878 1196 gladium
1918 1135 2000 1178 to-

418 1227 534 1270 tum
569 1218 808 1286 adigere,
848 1230 1048 1283 corpus
1083 1215 1302 1284 quidem
1346 1214 1526 1272 Saulis
1579 1232 1754 1287 neque
1791 1216 1997 1287 tetigit,

418 1323 596 1374 neque
632 1314 861 1374 tangere
900 1304 1125 1357 omnino
1166 1305 1353 1358 voluit.

491 1396 746 1451 Praecidit
786 1404 965 1450 autem
999 1396 1228 1450 silenler
1260 1395 1440 1465 gladio
1465 1412 1619 1451 oram
1657 1395 1998 1466 chlamydis,

422 1499 482 1544 ut
513 1491 566 1542 in
599 1499 874 1558 posterum
902 1487 986 1542 vel
1013 1487 1258 1557 chlamys
1286 1488 1441 1543 testis
1470 1499 1616 1542 esset
1647 1502 1760 1542 suae
1789 1489 1840 1540 in
1871 1486 2004 1539 Sau-

424 1582 528 1634 lem
564 1577 959 1641 humanitatis,
1010 1577 1306 1630 ostendens
1354 1576 1473 1646 ipsa
1521 1575 1749 1631 fimbriae
1791 1575 1999 1629 abscis-

425 1675 580 1729 sione
613 1678 935 1740 potestatem
957 1709 974 1733 ,
1010 1684 1172 1738 quam
1218 1667 1487 1721 habuerat
1532 1667 1585 1719 in
1629 1681 1833 1735 corpus
1859 1665 1998 1733 ejus.

425 1764 638 1830 Quibus
670 1761 1020 1816 manifestum
1067 1759 1278 1821 evasit,
1321 1773 1485 1828 quant
1531 1757 1777 1826 insignes
1823 1756 2003 1826 profe-

421 1867 547 1911 ctus
582 1854 748 1907 David
796 1853 851 1906 in
889 1849 1304 1921 longanimitate
1351 1858 1406 1903 et
1455 1847 1880 1901 mansuetudine
1925 1847 2006 1901 fe-
2035 1835 2078 1890 Β

421 1949 558 2002 eerit
578 1990 592 2014 ,
621 1946 715 2016 qui
752 1959 914 1998 manu
947 1943 1153 1997 nudum
1184 1941 1424 2009 gladium
1455 1948 1650 1994 tenens
1672 1979 1686 2002 ,
1716 1939 2002 2008 supposito

421 2039 606 2093 manui
638 2037 704 2090 ad
741 2037 907 2090 ictum
937 2035 1058 2105 ipso
1089 2031 1266 2087 hostis
1295 2046 1526 2100 corpore
1547 2071 1562 2096 ,
1601 2045 1727 2084 cum
1757 2038 2002 2101 potestas

337 2143 341 2148 ‘
421 2127 729 2183 trucidandi
765 2142 888 2180 eum
925 2130 1276 2194 suppeteret,
1318 2132 1574 2190 superato
1604 2136 1701 2190 per
1733 2121 2001 2176 rationem

422 2221 624 2290 impetu
662 2218 756 2272 irae
779 2257 793 2280 ,
825 2225 878 2272 et
914 2216 1102 2270 divino
1135 2215 1332 2268 timore
1368 2211 1715 2266 interimendi
1746 2211 2006 2266 facultate

423 2324 768 2378 compressa,
801 2323 909 2361 non
938 2307 1116 2362 solum
1149 2305 1230 2358 ira
1268 2319 1369 2359 sua
1406 2305 1603 2358 fortior
1637 2304 1882 2367 exstitit,
1908 2302 2005 2360 sed

424 2415 477 2455 et
516 2402 848 2468 armigerum
879 2414 1039 2453 suum
1068 2396 1181 2466 jam
1216 2403 1464 2449 ruentem
1509 2395 1562 2448 in
1597 2393 1780 2449 Saulis
1824 2393 2007 2464 perni-

425 2491 562 2542 t-iem
619 2488 900 2550 cohibuit,
955 2484 1298 2539 memorabili
1352 2485 1440 2540 illa
1487 2499 1622 2538 voce
1655 2485 1842 2540 edita:
1877 2503 1895 2534 ι
1931 2482 2008 2538 Ne

425 2595 750 2648 corrumpas
783 2579 1049 2633 christum
1087 2575 1322 2630 Domini.
1361 2595 1379 2626 ›
1423 2574 1545 2628 Exit
1588 2591 1720 2646 ergo
1764 2574 1893 2628 Saul
1939 2591 2004 2629 ex

423 2673 682 2742 Spelunca
717 2673 938 2740 ignarus
971 2667 1214 2722 omnium
1248 2681 1368 2736 quae
1400 2666 1752 2731 acciderant,
1785 2665 2009 2719 indutus

421 2766 618 2821 accisae
635 2780 743 2818 orre
769 2761 1076 2834 chlamyde.
1097 2762 1168 2814 At
1194 2759 1358 2814 David
1383 2775 1521 2830 pone
1539 2759 1788 2815 eumdem
1815 2759 2010 2815 subse-

329 2913 334 2916 .
423 2873 599 2929 quens
621 2898 634 2922 ,
669 2871 794 2911 cum
823 2870 886 2909 ea
917 2871 1024 2924 qua
1052 2861 1269 2922 poterat
1301 2853 1630 2916 securitate,
1661 2861 1715 2907 et
1741 2860 2010 2922 occupato

423 2951 597 3011 colle,
634 2948 726 3018 qui
769 2947 1090 3001 imminebat
1140 2946 1454 3015 speluncze,
1500 2960 1657 2999 oram
1691 2945 2009 3000 vestimenti

423 3046 652 3094 extensa
685 3051 850 3091 manu
890 3036 1235 3089 monstravit.
1273 3033 1396 3088 llaec
1431 3041 1612 3089 autem
1668 3035 1805 3088 nihil
1859 3036 2010 3091 aliud

423 3141 573 3194 erat,
605 3145 767 3201 quam
803 3128 1102 3196 trophaaum
1140 3125 1487 3180 incruentum
1523 3136 1717 3180 contra
1749 3126 2011 3182 adversa-

424 3222 538 3276 rios
581 3226 872 3283 ercctum;
916 3225 970 3271 et
1023 3215 1340 3269 acclatnans
1390 3213 1544 3268 Sauli
1598 3231 1791 3283 magna
1842 3231 2010 3281 voce,

427 3330 624 3368 novam
660 3313 802 3365 hanc
837 3317 889 3363 et
923 3306 1304 3361 admirabilem
1328 3347 1342 3371 ,
1377 3306 1471 3364 sed
1505 3309 1760 3363 eximiam
1793 3308 2014 3362 fortitu-

425 3407 575 3462 dinis
608 3414 660 3458 et
690 3400 1038 3458 strcnuitatis
1069 3399 1310 3467 explicat
1343 3400 1582 3470 speciem
1608 3439 1622 3461 ,
1647 3415 1811 3469 quam
1847 3414 2013 3454 cruor

426 3515 538 3554 non
573 3496 906 3557 ftedaverat,
937 3509 1046 3564 qua
1082 3502 1134 3547 et
1174 3491 1511 3548 fortissimus
1544 3493 1694 3562 pugil
1729 3492 1897 3556 vicit,
1930 3491 2014 3544 vi-

426 3600 661 3659 ctusque
689 3596 940 3644 servatus
973 3596 1057 3642 est
1098 3587 1411 3641 incolumis.
1447 3583 1566 3638 Non
1596 3584 1744 3638 enim
1783 3584 1837 3637 in
1878 3598 2012 3638 casu

425 3693 480 3752 e_t
512 3685 735 3738 interitu
777 3683 952 3737 hostis
987 3690 1095 3736 tam
1149 3681 1472 3750 praeclarum
1527 3678 1748 3733 Davidis
1799 3676 2012 3732 facinus

424 3778 708 3841 consistit,
745 3776 838 3832 sed
870 3777 922 3829 in
961 3774 1063 3828 hoc
1097 3773 1444 3842 potissimum
1484 3771 1612 3824 facti
1646 3771 1796 3825 illius
1827 3771 2011 3825 excel-

425 3869 590 3925 lentia
629 3878 682 3922 et
711 3866 1028 3936 magnitudo
1064 3865 1242 3934 posita
1274 3872 1392 3930 est,
1433 3862 1579 3931 quod
1629 3862 2010 3916 adversarium

427 3977 494 4016 ex
523 3961 766 4030 periculo
803 3957 1004 4027 eripuit
1031 3971 1048 4018 ;
1080 3957 1168 4009 cui
1205 3964 1418 4009 tantum
1454 3955 1666 4007 ﬁduciae
1701 3955 1915 4015 inerat,
1955 3959 2014 4005 ut

333 4075 348 4092 ι
430 4065 585 4104 suam
611 4049 841 4102 salutem
871 4045 971 4097 niti
1001 4045 1170 4098 nollet
1199 4058 1399 4098 occasu
1431 4051 1484 4096 et
1513 4044 1736 4095 interitu
1765 4041 2016 4094 adversa-

427 4141 669 4200 riorum,
704 4135 801 4191 sed
833 4134 1000 4187 salvis
1025 4134 1274 4202 vivisque
1309 4133 1723 4186 insidiatoribus
1755 4131 2014 4199 Sperabat

430 4245 491 4284 se
526 4230 640 4282 fore
673 4240 929 4281 securum
957 4264 969 4285 ,
999 4225 1157 4294 quasi
1191 4239 1349 4278 nemo
1379 4231 1560 4286 esset,
1590 4222 1682 4291 qui
1715 4223 2012 4291 quidquam

431 4318 693 4374 molestia:
733 4315 982 4370 inferret.
1021 4314 1284 4380 Quamvis
1318 4315 1419 4368 hac
1452 4313 1682 4368 historia
1717 4314 1900 4382 potius
1930 4312 2014 4366 di-

431 4413 592 4465 vinus
622 4425 806 4465 sermo
832 4409 1033 4465 docere
1061 4409 1190 4463 velit
1254 4423 1378 4463 eum
1411 4407 1502 4476 qui
1531 4407 1733 4461 virtute
1758 4406 2010 4471 excellit,

430 4516 540 4556 non
569 4511 760 4555 contra
799 4500 922 4555 illos
954 4503 1046 4568 qui
1082 4498 1328 4568 ejusdem
1365 4513 1552 4553 secum
1587 4505 1718 4552 sunt
1750 4500 1930 4567 gentis
1959 4504 2012 4550 et

429 4592 620 4660 stirpis
640 4631 655 4652 .
689 4591 783 4646 sed
813 4597 1007 4645 contra
1036 4589 1432 4643 immoderatas
1459 4587 1781 4644 affectiones
1811 4587 2010 4642 fortem

431 4691 486 4736 et
518 4690 802 4737 strenuum
836 4696 981 4736 esse.
1023 4679 1365 4736 interimitur
1397 4695 1530 4749 ergo
1575 4695 1672 4750 per
1700 4679 1804 4734 hoc
1845 4693 2013 4747 gene-

432 4771 781 4827 rosissimum
813 4769 1034 4825 Davidis
1065 4769 1282 4826 facinus
1311 4770 1366 4824 in
1401 4771 1652 4839 utrisque
1689 4770 1974 4824 iracundia
1995 4807 2012 4831 ,

433 4865 564 4920 dum
604 4863 695 4917 ille
732 4861 952 4931 quidem
991 4861 1206 4916 ratione
1241 4861 1524 4932 proprium
1560 4862 1824 4932 impetum
1857 4861 2015 4916 cohi-

433 4957 553 5013 buit
576 4997 592 5022 ,
627 4955 874 5022 iramque
906 4953 973 5007 ad
1003 4953 1302 5008 vindictam
1334 4961 1619 5020 ruentem,
1651 4953 2014 5023 compressit;

434 5049 564 5106 Saul
594 5061 723 5103 vero
754 5046 826 5100 ob
859 5045 1251 5099 humanitatem
1274 5086 1287 5108 ,
1315 5059 1480 5115 quatn
1507 5054 1767 5114 expertus
1799 5043 1975 5098 fuerat
2000 5083 2015 5107 ,

398 5141 695 5196 ‘malitiam
723 5146 777 5193 et
805 5137 1208 5206 improbitatem
1238 5137 1505 5192 adversus
1533 5135 1790 5190 Davidem
1821 5135 2020 5190 exstir-

432 5235 600 5302 pavit.
653 5231 848 5297 Qualia
893 5228 1037 5283 enim
1081 5227 1323 5297 posthaec
1371 5225 1439 5279 ad
1491 5226 1754 5282 victorem
1802 5225 2020 5280 locutus

435 5326 539 5388 sit,
569 5323 745 5378 oculis
778 5337 890 5391 prze
917 5319 1126 5390 pudore
1155 5333 1346 5372 eorum
1371 5359 1386 5382 ,
1419 5333 1540 5387 qua:
1571 5324 1839 5379 tentarat,
1868 5315 2020 5369 humi

436 5415 667 5476 delixis,
704 5424 756 5469 et
789 5411 1066 5482 quomodo
1123 5410 1378 5464 lamentis
1425 5416 1480 5462 et
1527 5407 1787 5476 lacrymis
1841 5415 2022 5460 mente

438 5513 758 5572 conceptam
794 5519 824 5558 a
859 5504 1064 5558 malitia
1083 5503 1426 5557 aversionem
1449 5506 1684 5578 testatus
1721 5497 1920 5559 fuerit,
1954 5513 2020 5551 ex

445 5591 674 5645 historia
704 5593 819 5660 ipsa
854 5595 1068 5648 discere
1102 5593 1248 5646 licet.
1285 5592 1684 5662 Argumentum
1719 5601 1851 5658 ergo
1883 5588 2022 5641 sexti

445 5687 502 5732 et
529 5679 965 5751 quinquagesimi
1017 5682 1214 5750 psalmi
1267 5681 1414 5738 istud
1467 5688 1581 5744 est,
1639 5687 1901 5748 quantum
1955 5693 2020 5731 ex

454 5767 569 5834 ipsa
593 5780 770 5821 rerum
793 5781 1068 5840 gestarum
1095 5773 1409 5828 narratione
1436 5780 1673 5828 constat.
1705 5769 2021 5839 Inscriptio-

2118 584 2178 641 Ὀ
2206 587 2262 639 δέ
2290 586 2454 640 Δαϐὶδ
2477 585 2686 648 τούτοις
2722 585 2820 654 μὲν
2849 584 3048 637 ἀπεῖπε
3077 582 3178 654 τήν
3202 581 3405 653 ὁρμὴν.
3444 581 3690 650 ἀθέμιτον

2105 677 2295 747 κρίνας
2335 676 2434 748 τήν
2473 676 2614 730 κατά
2656 675 2752 729 τοῦ
2800 674 3064 745 βασιλέως
3104 673 3280 728 αὐτῶν
3328 671 3688 742 ἐπιχείρησιν.

2104 765 2403 837 Γυμνώσας
2443 767 2500 819 δέ
2546 767 2648 836 τῆς
2699 766 2871 836 θήκης
2913 764 2975 817 τὸ
3021 763 3193 833 ξίφος,
3246 764 3341 817 καὶ
3397 761 3692 831 λεληθότως

2103 857 2389 928 παραστὰς
2431 857 2510 927 τῷ
2546 856 2718 910 Σαοὺλ
2751 855 3012 918 κατόπιν,
3037 855 3354 925 ἀμάρτυρον
3389 852 3538 922 ἔχων
3585 860 3690 902 κατ’

2101 947 2268 1001 αὑτοῦ
2307 948 2406 1018 τὴν
2443 947 2787 1017 ἐγχείρησιν·
2821 945 2850 996 6
2886 945 2994 1016 γὰρ
3029 945 3088 996 ἐν
3132 944 3210 1014 τῷ
3248 943 3513 1012 σπηλαίῳ
3546 940 3692 1006 ζόφος

2104 1037 2463 1107 ἐπικρύπτων
2495 1036 2595 1108 τὴν
2639 1036 2761 1105 ὄψιν
2807 1039 3088 1107 περιεῖργε
3121 1034 3230 1088 τῶν
3262 1031 3575 1101 γινομένων
3615 1029 3693 1080 τὸν

2101 1129 2342 1199 ἔλεγχον.
2398 1129 2703 1198 Δυνάμενος
2752 1127 2932 1180 τοίνυν
2989 1129 3088 1196 μιᾷ
3147 1125 3328 1195 πληγῇ
3389 1122 3544 1175 κατά
3598 1121 3692 1172 τῶν

2105 1219 2457 1290 μεταφρένων
2484 1218 2572 1271 διὰ
2602 1219 2702 1288 τῆς
2731 1218 2955 1289 καρδίας
2984 1218 3103 1270 ὅλον
3130 1215 3380 1270 διελάσαι
3415 1214 3481 1265 τὸ
3519 1213 3690 1280 ξίφος,

2100 1310 2194 1364 τοῦ
2225 1311 2324 1380 μὲν
2355 1309 2605 1380 σώματος
2633 1311 2808 1364 Σαοὺλ
2835 1310 2956 1364 οὔτε
2981 1309 3180 1380 ἥψατο,
3212 1305 3334 1358 οὔτε
3365 1304 3688 1374 ἐμέλλησεν.

2185 1403 2504 1472 Ἀποτέμνει
2535 1402 2593 1455 δὲ
2642 1401 2721 1472 τῷ
2747 1401 2892 1470 ξίφει
2931 1400 3110 1455 λαθὼν
3136 1400 3341 1451 ἐκεῖνον
3382 1397 3449 1448 τὺ
3480 1397 3584 1465 τῆς
3625 1395 3693 1446 δι-

2102 1493 2313 1558 πλοΐδος
2341 1493 2655 1565 πτερύγιον,
2690 1493 2766 1557 ώς
2806 1493 2872 1547 ἂν
2919 1493 3288 1563 μαρτυρήσειε
3337 1488 3490 1559 μετὰ
3533 1485 3692 1540 ταῦτα

2101 1584 2204 1654 τῆς
2232 1587 2312 1648 εἰς
2351 1585 2442 1638 τὸν
2484 1583 2655 1638 Σαοὺλ
2702 1583 3114 1654 φιλανθρωπίας
3155 1582 3189 1651 ὴ
3236 1580 3453 1650 χλανὶς,
3480 1579 3582 1646 τῆς
3610 1577 3690 1628 τοῦ

2103 1675 2400 1748 πτερυγίου
2424 1675 2594 1745 τομῆς
2626 1675 2727 1744 τῆς
2769 1674 2910 1728 κατά
2943 1672 3038 1726 τοῦ
3077 1672 3330 1741 σώματος
3360 1669 3539 1724 αὑτοῦ
3570 1668 3692 1737 πληο

2103 1769 2206 1839 γῆς
2232 1769 2329 1837 τὴν
2356 1765 2602 1832 ἐξουσίαν
2624 1765 2962 1820 δεικνύουσα.
2989 1767 3066 1817 Δι’
3086 1759 3154 1835 ἦς
3182 1762 3406 1830 ἐγένετο
3441 1758 3688 1829 (pavr-:9)»,

2109 1861 2256 1922 ὅπως
2275 1860 2303 1911 6
2326 1858 2490 1911 Δαϐὶδ
2511 1857 2610 1928 τήν
2634 1856 3017 1928 μακροθυμίαν
3045 1854 3428 1916 ἐπεπαίδευτο,
3463 1852 3524 1913 ὃς
3554 1852 3690 1916 ξίφος

2109 1949 2250 2021 ἔχων
2279 1951 2336 2002 ἐν
2367 1951 2433 2019 τῇ
2483 1947 2713 2020 παλάμῃ
2753 1947 2989 2018 γυμνὸν,
3045 1946 3416 2015 ὑποκειμένου
3449 1945 3516 2012 τῇ
3562 1941 3690 2010 χειρὶ

2109 2042 2204 2096 τοῦ
2244 2041 2502 2112 πολεμίου
2536 2039 2817 2110 σώματος,
2862 2041 2920 2092 ἐν
2952 2037 3171 2108 ἐξουσίᾳ
3209 2036 3302 2090 τοῦ
3338 2035 3560 2089 ἀνελεῖν
3599 2035 3689 2086 ὑπ-

2111 2131 2316 2202 άρχων,
2351 2131 2581 2200 νικήσας
2623 2129 2718 2182 καὶ
2751 2128 2829 2199 τῷ
2849 2125 3095 2197 λογισμῷ
3130 2125 3221 2179 τὸν
3252 2124 3449 2194 θυμὸν,
3490 2124 3583 2176 καὶ
3622 2121 3688 2190 τῷ

2113 2222 2242 2293 θείῳ
2275 2222 2422 2292 φόϐῳ
2459 2221 2555 2293 τὴν
2580 2223 2678 2291 τῆς
2717 2220 2930 2290 πληγῆς
2960 2217 3238 2283 ἐξουσίαν,
3279 2217 3338 2270 ού
3371 2216 3542 2285 μόνον
3575 2215 3686 2268 ίδίον

2113 2311 2286 2383 θυμοῦ
2325 2313 2588 2384 κρείττων
2620 2312 2865 2381 ἐγένετο,
2908 2310 3042 2364 ἀλλά
3093 2309 3187 2362 καὶ
3230 2307 3320 2363 τὸν
3347 2306 3686 2373 ὑπασπιστὴν

2113 2403 2251 2473 πρὸς
2295 2402 2386 2455 τὸν
2429 2401 2522 2454 τοῦ
2549 2401 2720 2454 Σαοὺλ
2762 2402 2920 2469 φόνον
2969 2400 3292 2469 ὁρμήσαντα
3345 2395 3688 2450 κατέστειλεν

2113 2493 2295 2563 ἐκείνῃ
2335 2492 2560 2562 ἀοιδίμῳ
2607 2495 2778 2563 φωνῇ,
2809 2490 2976 2544 εἰπὼν
3014 2490 3150 2561 πρὸς
3184 2490 3343 2543 αὐτόν
3365 2505 3380 2519 ⁶
3427 2509 3445 2539 ι
3468 2487 3562 2559 Μὴ
3590 2489 3686 2540 δια-

2113 2581 2343 2652 φθείρῃς
2389 2581 2481 2634 τὸν
2531 2581 2750 2651 χριστὸν
2793 2582 3018 2652 Κυρίου.
3063 2599 3082 2632 ι
3162 2580 3501 2650 Προέρχεται
3543 2575 3628 2631 οὖν
3661 2579 3686 2628 ό

2115 2673 2289 2727 Σαοὺλ
2318 2673 2382 2725 ἐκ
2411 2671 2506 2725 τοῦ
2539 2672 2802 2743 σπηλαίου
2838 2670 3121 2740 γινώσκων
3149 2670 3258 2722 τῶν
3290 2672 3599 2738 γεγονότων
3616 2670 3684 2720 0'3-

2114 2765 2201 2818 δὲν
2229 2765 2325 2818 καὶ
2358 2762 2830 2835 περικεκομμένον
2862 2761 3172 2832 περιϐαλὼν
3213 2760 3396 2831 ἐαυτῷ
3434 2761 3496 2814 τὸ
3525 2759 3685 2831 χλανί-

2114 2857 2242 2911 διον.
2297 2857 2358 2908 '0
2409 2855 2465 2908 δὲ
2508 2854 2686 2919 Δαϐὶδ,
2739 2852 3068 2918 συνεξελθὼν
3101 2853 3247 2922 αὐτῷ
3293 2855 3530 2906 κατόπιν
3564 2852 3684 2921 μετᾶ

2113 2949 2213 3018 τῆς
2246 2947 2366 3000 καθ’
2408 2946 2599 3000 ἑαυτὸν
2646 2945 2964 3015 ἀσφαλείας,
2995 2946 3090 2997 καὶ
3133 2945 3570 3014 προκαταλαϐὼν
3606 2943 3683 2995 τὸν

2117 3040 2509 3112 ὑπερκείμενον
2548 3038 2638 3092 τοῦ
2690 3037 2951 3109 σπηλαίου
2991 3037 3280 3107 γεώλοφον,
3315 3038 3588 3108 προτείνει
3624 3037 3678 3104 τῇ

2117 3131 2258 3202 χειρὶ
2273 3130 2583 3201 πτερύγιον.
2614 3129 2785 3183 Τοῦτο
2798 3128 2852 3182 δὲ
2881 3129 3032 3182 οὐδὲν
3059 3130 3244 3199 ἓτερον
3263 3125 3351 3198 ἦν,
3378 3130 3414 3200 ἦ
3443 3130 3680 3200 τρόπαιον

2116 3221 2258 3276 κατά
2284 3221 2390 3274 τῶν
2421 3220 2730 3274 ἀντιπάλων
2767 3221 3125 3290 ἀναίμακτον.
3168 3219 3276 3273 Καὶ
3310 3219 3590 3289 ἐμϐοήσας
3615 3215 3680 3284 τῷ

2114 3312 2287 3366 Σαοὺλ
2319 3311 2528 3382 μεγάλῃ
2557 3313 2731 3381 φωνῇ,
2759 3310 2857 3381 τὴν
2887 3310 3078 3380 καινὴν
3111 3309 3313 3379 ταύτην
3352 3312 3451 3363 καὶ
3491 3311 3681 3378 θαυμα-

2116 3403 2247 3473 στὴν
2291 3401 2570 3474 ἀριστείαν
2613 3401 2964 3472 ἐκδιηγεῖται,
3011 3401 3078 3470 ἢν
3109 3399 3303 3470 λύθρος
3336 3401 3573 3469 αἵματος
3597 3399 3680 3450 οὐκ

2114 3491 2355 3562 ἐμίανεν,
2465 3493 2560 3546 καὶ
2585 3494 2614 3544 6
2659 3492 2916 3560 ἀριστεὺς
2958 3491 3228 3561 ἐνίκησεν,
3266 3491 3357 3543 καὶ
3385 3493 3414 3542 ὁ
3449 3488 3682 3561 ἡττηθεὶς

2116 3582 2498 3654 περισώζεται.
2532 3584 2605 3636 υύ
2635 3584 2742 3654 γάρ
2762 3581 2840 3652 τῷ
2867 3581 3120 3651 πτώματι
3142 3581 3236 3634 τοῦ
3264 3582 3529 3650 πολεμίου
3562 3596 3681 3650 μαρ·

2114 3675 2361 3745 τυρεῖται
2389 3673 2482 3726 τοῦ
2505 3673 2667 3726 Δαϐὶδ
2685 3675 2718 3743 ή
2751 3673 3000 3742 ἀριστεία
3022 3689 3035 3703 ο
3067 3672 3180 3724 ἀλλ’
3206 3673 3263 3724 ἐν
3288 3672 3363 3740 τῷ
3385 3673 3680 3744 περισώσα-

2117 3763 2240 3816 σθαι
2273 3763 2367 3816 τοῦ
2403 3763 2648 3816 κινδύνου
2684 3763 2774 3816 τὸν
2805 3763 3195 3833 ἀντικείμενον.
3221 3766 3576 3835 φανερωτέρα
3607 3761 3679 3829 γί-

2115 3873 2262 3910 νεται
2288 3857 2379 3909 καὶ
2406 3855 2646 3927 ὑπεροχὴ
2673 3857 2772 3926 τῆς
2806 3856 3109 3927 δυνάμεως,
3135 3850 3179 3924 ᾧ
3218 3856 3474 3909 τοσοῦτον
3509 3854 3679 3925 περιῆν

2113 3948 2210 4018 τῆς
2243 3948 2643 4017 πεποιθήσεως,
2687 3947 2766 4019 μὴ
2802 3952 2868 4020 τῇ
2899 3949 3145 4020 ἀπωλείᾳ
3173 3948 3281 4002 τῶν
3307 3946 3680 4016 ἀντιτεταγμέ-

2114 4055 2219 4091 νων
2253 4038 2530 4092 πιστεύειν
2551 4039 2648 4109 τὴν
2673 4040 2865 4095 ἑαυτοῦ
2894 4041 3186 4112 σωτηρίαν,
3207 4041 3340 4094 ἀλλὰ
3359 4042 3457 4094 καὶ
3491 4039 3679 4110 περιόν-

2113 4145 2220 4181 των
2259 4128 2366 4182 τῶν
2416 4130 2895 4197 ἐπιϐουλευόντων,
2925 4131 3000 4194 ώς
3037 4131 3248 4195 οὐδενὸς
3276 4131 3590 4194 λυποῦντος.
3629 4128 3678 4180 τὸ

2114 4221 2356 4290 ἀσφαλὲς
2388 4221 2553 4292 ἔχειν.
2581 4222 2800 4278 Μᾶλλον
2823 4222 2878 4274 δὲ
2908 4222 3064 4276 τοῦτο
3088 4222 3176 4275 διὰ
3196 4223 3293 4293 τῆς
3316 4224 3555 4296 ἱστορίας
3581 4238 3680 4274 παις

2113 4312 2258 4365 δεύει
2294 4315 2322 4366 6
2360 4313 2540 4380 λόγος,
2571 4313 2653 4366 ὃτι
2694 4315 2722 4367 6
2757 4315 2877 4367 κατ’
2915 4313 3116 4385 ἀρετὴν
3145 4315 3414 4383 προέχων.
3467 4317 3528 4367 ού
3559 4311 3677 4366 κατὰ

2113 4405 2221 4458 τῶν
2263 4405 2582 4475 ὁμοφύλων,
2631 4405 2766 4458 ἀλλὰ
2810 4406 2952 4459 κατά
3000 4405 3110 4460 τῶν
3139 4405 3326 4458 παθῶν
3366 4407 3673 4478 ἀνδρίζεται.

2044 4527 2088 4580 D
2129 4496 2457 4567 Ἀναιρεῖται
2482 4493 2575 4550 οὖν
2595 4496 2682 4549 διὰ
2701 4497 2801 4565 τῆς
2820 4497 3075 4568 τοιαύτης
3103 4498 3196 4551 τοῦ
3218 4497 3381 4552 Δαϐὶδ
3420 4495 3679 4568 ἀριστείας

2117 4586 2146 4637 ὁ
2176 4588 2235 4640 ἐν
2267 4587 2598 4656 ἀμφοτέροις
2643 4586 2812 4656 θυμός
2836 4602 2850 4615 ⁶
2891 4585 2986 4639 τοῦ
3039 4588 3138 4658 μὲν
3184 4587 3273 4640 διὰ
3308 4587 3402 4640 τοῦ
3435 4583 3675 4656 λογισμοῦ

2115 4677 2214 4748 τὴν
2246 4676 2382 4731 ἰδίαν
2424 4677 2639 4740 ἑλόντος
2683 4677 2877 4748 ὀργὴν,
2915 4678 3010 4730 καλ⁵
3058 4679 3154 4749 τὴν
3202 4679 3506 4750 ἀμυντικὴν
3531 4675 3676 4746 ὀργὴν

2118 4766 2664 4831 κατασκευάσαντοςο
2708 4766 2804 4820 τοῦ
2831 4766 2888 4819 δέ
2917 4767 3091 4821 Σαοὺλ
3134 4767 3223 4820 διὰ
3269 4769 3364 4838 τῆς
3399 4769 3675 4839 γενομένης

2119 4857 2266 4928 αὐτῷ
2296 4857 2705 4930 φιλανθρωπίας
2729 4860 2830 4931 τὴν
2849 4860 2990 4914 κατὰ
3018 4859 3111 4913 τοῦ
3141 4859 3301 4913 Δαϐὶδ
3339 4863 3537 4915 κακίαν
3557 4862 3673 4914 ἀπο-

2119 4949 2508 5020 νεκρώσαντος.
2547 4944 2649 5003 Οἷα
2681 4950 2790 5021 γὰρ
2823 4951 2959 5022 μετά
2982 4950 3153 5004 ταῦτα
3181 4953 3318 5020 πρὸς
3355 4953 3443 5006 τὸν
3477 4950 3674 5021 νικητὴν

2121 5039 2550 5110 ἀποφθέγγεται,
2575 5043 2666 5094 ὑπ’
2687 5041 2949 5113 αἰσχύνης
2967 5041 3078 5095 τῶν
3101 5043 3521 5114 τετολμημένων
3544 5056 3676 5095 κατα-

2119 5131 2393 5202 δυόμενος,
2447 5133 2542 5185 καὶ
2589 5131 2790 5204 θρήνῳ,
2843 5133 2938 5187 καὶ
2977 5133 3204 5204 δάκρυσι
3252 5135 3351 5204 τὴν
3402 5134 3674 5187 ἐνδιάθετον

2121 5222 2286 5275 αὑτοῦ
2309 5224 2406 5293 τῆς
2439 5223 2638 5285 κακίας
2657 5225 3009 5294 ἀποστροφὴν
3039 5224 3465 5295 ἐνδεικνύμενος,
3495 5226 3674 5291 ἔξεστιν

2123 5314 2180 5379 ἐξ
2211 5314 2379 5385 αὐτῆς
2424 5315 2666 5385 ἱστορίας
2712 5316 2920 5385 μαθεῖν.
2985 5316 3051 5368 Ἦ
3082 5316 3182 5383 μὲν
3209 5313 3302 5370 οὖν
3324 5317 3572 5378 ὑπόθεσις
3595 5313 3671 5378 τῆς

2123 5404 2288 5474 ἕκτης
2315 5405 2410 5459 καὶ
2444 5407 2816 5477 πεντηκοστῆς
2847 5405 3188 5476 ψαλμῳδίας,
3215 5408 3336 5460 ὅσον
3365 5409 3430 5459 ὲκ
3457 5407 3560 5462 τῶν
3589 5399 3674 5454 ὑπὸ

2123 5497 2223 5565 τῆς
2267 5497 2509 5568 ἱστορίας
2560 5496 2932 5568 δηλουμένων,
2977 5497 3202 5566 τοιαύτη
3248 5497 3415 5550 ἐστίν.
3467 5494 3601 5550 Auri
3627 5488 3671 5541 δὲ

2124 5587 2222 5656 τῆς
2249 5588 2562 5659 ἐπιγραφῆς
2586 5589 2654 5642 τὰ
2677 5591 2916 5660 ῥήματα,
2935 5589 3003 5641 δι’
3030 5582 3106 5643 ὧν
3135 5592 3167 5660 ή
3195 5589 3336 5642 κατὰ
3355 5589 3417 5642 τὺ
3442 5586 3672 5656 σπήλαιον

2128 5681 2384 5748 συντυχία
2412 5678 2686 5758 δηλοῦται,
2732 5679 2921 5733 τοῦτον
2968 5679 3078 5750 ἔχει
3107 5681 3198 5733 τὸν
3229 5680 3478 5752 τρόπον’(
3517 5680 3601 5738 Εἰς
3623 5670 3671 5724 τδ

2124 5773 2275 5833 τέλος
2329 5771 2402 5840 μὴ
2450 5770 2786 5842 διαφθείρῃς,
2839 5771 2917 5842 τῷ
2960 5771 3123 5824 Δαϐὶδ
3155 5774 3234 5835 εἰς
3280 5766 3667 5842 στηλογραφεαυ,
