3844 6346
135 355 228 412 585

1525 352 1594 411 1N
1624 353 1965 415 PSALMOS.

3269 345 3373 404 586

134 467 188 521 tv
211 463 282 537 τῷ
309 465 469 520 αὐτὸν
499 430 910 540 ἀποδιδράσκειν
950 469 1058 549 ἀπὸ
1087 473 1376 542 προσώπου
1403 471 1576 528 Σαοὺλ
1608 474 1689 539 είς

1797 475 1877 531 nis
1905 482 2084 532 autem
2114 475 2278 532 verba
2296 512 2311 538 ,
2346 474 2546 545 quibus
2574 485 2880 528 concursus
2914 468 3004 527 ille
3030 468 3086 524 in
3111 466 3370 540 spelunca

133 559 188 612 τὸ
222 557 498 624 σπήλαιον.
531 577 552 612 ι
617 560 705 623 Ὠς
736 561 784 615 δ’
835 561 902 616 ἂν
941 564 1309 636 ὲφαρμοσθείη
1353 567 1462 628 τοῖς
1503 566 1696 635 ἐπιγε-

133 646 458 717 γραμμένοις
500 647 566 702 τὰ
602 650 702 720 τῆς
748 649 1067 722 ψαλμῳδίας
1110 653 1376 724 νοήματα,
1408 653 1598 726 καιρὸς
1628 655 1695 710 ἀν

139 736 215 805 εἴη
245 737 309 789 δι’
335 736 529 806 ὀλίγων
557 740 651 792 καὶ
689 739 789 809 τὴν
837 743 894 796 tv
936 741 1146 805 τούτοις
1173 742 1402 813 θεωρίαν
1435 745 1696 815 κατανοῆο

136 844 243 894 σαι,
260 829 729 899 προδιεξελθόντας
743 830 814 884 τά
840 831 1173 886 θεόπνευστα
1205 835 1444 904 ῥήματα.
1472 853 1490 886 ι
1514 835 1697 906 Ἐλέη-
1737 829 1739 832 ⁴

136 920 216 973 σόν
250 939 336 988 με,
369 923 397 974 6
443 922 595 985 Θεὸς,
623 922 842 993 ἐλέησόν
885 939 972 992 με,
1017 924 1098 977 ᾶτι
1141 925 1233 978 ἐπὶ
1271 927 1353 978 σοὶ
1379 926 1634 980 πέποιθεν
1661 929 1695 998 ἡ

133 1014 262 1082 ψυχή
300 1031 420 1083 μου,
457 1014 552 1066 καὶ
582 1014 640 1066 ὲν
663 1016 729 1085 τῇ
764 1016 890 1085 σκιᾷ
929 1015 1036 1068 τῶν
1061 1015 1350 1087 πτερύγων
1381 1035 1475 1070 σου
1503 1017 1693 1084 ὲλπιῶ,

135 1105 226 1165 ἓως
246 1099 302 1158 οὗ
338 1104 582 1176 παρέλθῃ
609 1106 642 1174 ὴ
676 1105 894 1177 ἀνομία.
924 1124 944 1159 ι
985 1109 1096 1176 Τῆς
1129 1108 1208 1170 είς
1233 1107 1322 1160 τὸν
1351 1105 1484 1160 Θεὸν
1513 1125 1697 1162 πεποι·

133 1202 324 1272 θήσεως
343 1200 370 1251 ὁ
385 1197 684 1269 Ψαλμῳδὸς
704 1205 798 1254 καὶ
828 1196 928 1268 τῆς
960 1198 1179 1269 βεϐαίας
1201 1200 1281 1262 είς
1305 1199 1466 1252 αὑτὸν
1485 1200 1696 1265 ἐλπίδος

135 1285 214 1338 τὸν
236 1285 369 1338 θεῖον
399 1285 547 1338 έλεον
586 1285 925 1354 ἀντιδοθῆναι
959 1286 1299 1358 παρακαλεῖ,
1343 1305 1361 1339 ι
1384 1288 1529 1352 Ἕως
1557 1283 1638 1354 οὗ,
1669 1307 1688 1341 ι

133 1377 300 1446 φησιν,
337 1377 410 1447 «ἡ
442 1377 641 1448 ἀνομία
671 1377 935 1450 παρέλθῃ.
966 1396 985 1430 ι
1031 1379 1120 1442 Ὣς
1143 1378 1190 1430 δ’
1225 1377 1292 1432 ἂν
1319 1378 1696 1452 φανερώτερον

131 1469 250 1538 ἡμῖν
279 1467 337 1521 τὸ
363 1468 542 1538 νόημα
579 1469 820 1537 γένοιτο,
871 1469 1070 1523 οὑτωσὶ¹
1103 1470 1193 1523 τὸν
1237 1469 1394 1538 λόγον
1430 1470 1698 1540 armed;-

137 1560 282 1629 μεθαο
324 1561 589 1626 Ἀστατός
629 1563 746 1614 ἐστι
788 1562 882 1615 καὶ
916 1561 1184 1633 παροδικὴ
1223 1563 1322 1634 τῆς
1356 1563 1631 1634 ἁμαρτίας
1658 1566 1692 1635 ὴ

138 1652 280 1720 φύσις
303 1693 316 1715 ,
347 1650 468 1705 οὔτε
502 1652 643 1706 κατὰ
668 1653 733 1706 τὸ
765 1652 978 1723 πρῶτον
1011 1654 1392 1708 συνυποστᾶσα
1417 1656 1482 1725 τῇ
1521 1653 1695 1706 κτίσει

134 1745 268 1813 παρὰ
302 1743 394 1798 τοῦ
447 1745 510 1798 τὸ
544 1747 654 1798 πᾶν
697 1745 1145 1816 ύποστησαμένου
1185 1745 1280 1799 καὶ
1313 1743 1692 1809 ούσιώσαντος,

131 1805 242 1887 οὔτε
275 1835 405 1905 πρὸς
438 1836 498 1888 τὸ
531 1835 774 1903 διηνεκὲς
809 1805 922 1900 τοῖς
959 1805 1076 1889 ούσι
1113 1836 1560 1906 συνδιαμένουσα.
1612 1805 1694 1890 Τᾶ
1725 1805 1767 1860 Β

137 1927 224 1995 μὲν
247 1927 348 1997 γὰρ
385 1928 448 1980 ὲκ
471 1926 568 1980 τοῦ
597 1927 747 1990 ὄντος
766 1926 914 1992 ὄντα,
946 1928 1039 1981 καὶ
1067 1929 1126 1980 tv
1157 1926 1234 1998 τῷ
1267 1923 1406 1982 εἶναι
1427 1929 1514 1982 διὰ
1552 1947 1689 1983 παν-

133 2017 212 2081 τὸς
236 2019 471 2089 διαμένει
491 2037 504 2050 ·
543 2021 591 2072 εί
633 2018 686 2071 δέ
722 2036 776 2071 τι
810 2017 914 2083 ἔξω
941 2019 1036 2072 τοῦ
1064 2019 1215 2082 ὄντος
1242 2019 1409 2083 ἐστὶν,
1433 2012 1508 2073 ὀὗ
1535 2021 1690 2074 ούσία

133 2107 219 2160 οὐκ
240 2109 293 2160 ἐν
319 2109 394 2178 τῷ
422 2105 582 2172 εἶναι,
607 2109 718 2162 ἀλλ’
750 2111 808 2162 ἐν
838 2107 916 2179 τῷ
943 2108 1146 2177 ἀγαθὸν
1183 2107 1257 2179 μὴ
1283 2105 1421 2162 εἶναι
1449 2108 1546 2180 τὴν
1567 2110 1692 2163 ὑπό-

135 2216 303 2253 στασιν
334 2200 464 2270 ἔχει,
491 2199 652 2253 τοῦτό
675 2200 820 2254 ἐστιν
843 2201 870 2252 ὁ
896 2199 1260 2269 έπιδωμάτιος
1287 2198 1502 2269 χόρτος,
1538 2200 1696 2270 ἄρριο

135 2291 212 2355 ζός
235 2309 333 2358 τις,
354 2292 446 2345 καὶ
479 2293 759 2363 ἄσπαρτος
790 2292 884 2346 καὶ
907 2292 1187 2363 ἀνήροτος,
1220 2291 1322 2344 κᾶν
1347 2291 1484 2362 πρὸς
1505 2291 1565 2344 τὸ
1585 2308 1695 2344 παο

136 2385 215 2454 ρον
249 2386 496 2457 διοχλήσῃ
549 2389 615 2456 τῇ
654 2385 1010 2455 ἀνυποστάτῳ
1066 2385 1302 2456 βλάστῃ,
1354 2386 1464 2447 τοῖς
1511 2383 1695 2454 μέντοι

133 2478 407 2548 καθήκουσι
436 2477 672 2548 χρόνοις,
711 2479 768 2530 ἐν
797 2479 862 2548 τῇ
895 2476 988 2530 τοῦ
1023 2477 1222 2539 παντὸς
1251 2476 1384 2546 πρὸς
1409 2476 1470 2529 τὸ
1493 2475 1696 2543 ἀγαθὸν

133 2568 582 2635 ἀποκαταστάσεις
639 2568 970 2640 παρέρχεταί
997 2585 1057 2621 τε
1103 2568 1196 2621 καὶ
1221 2567 1576 2635 ἀφανίζεται,
1621 2565 1696 2630 ὡς

135 2659 283 2728 μηδὲν
309 2661 449 2730 ίχνος
474 2660 571 2714 τοῦ
594 2659 688 2714 νῦν
727 2660 1146 2722 ἐπιπολάζοντος
1172 2660 1305 2728 ἡμῖν
1331 2656 1501 2711 κακοῦ
1548 2659 1604 2710 ὲν
1627 2661 1692 2729 τῇ

135 2748 238 2801 κατ’
267 2749 448 2803 ἐλπίδα
479 2749 814 2822 προκειμένῃ
856 2747 966 2819 ζωῇ
1020 2746 1429 2821 ἀπολείπεσθαι.
1475 2764 1495 2794 σ
1525 2747 1644 2800 Ἔτι
1669 2766 1689 2800 ι

134 2838 227 2909 γὰρ
259 2857 274 2890 ι
317 2841 518 2908 ὀλίγον,
551 2859 571 2891 ›
613 2841 774 2910 φησιν
794 2879 809 2902 ,
861 2859 877 2890 ι
904 2840 996 2892 καὶ
1021 2839 1082 2893 ού
1114 2838 1186 2910 μὴ
1217 2838 1434 2910 ὑπάρξῃ
1465 2839 1492 2891 6
1515 2839 1696 2911 ἀμαρ-

133 2931 314 2996 τωλὸς,
354 2935 444 2986 καὶ
496 2933 756 3016 ζητήσεις
807 2933 896 2985 τὸν
927 2931 1088 2984 τόπον
1128 2929 1314 2994 αὐτοῦ,
1366 2931 1460 2984 καὶ
1507 2932 1568 2984 ού
1618 2931 1691 3000 μὴ

135 3023 328 3096 εὑρεθῇ.
362 3046 380 3079 ι

1796 567 2124 630 declaratur,
2167 567 2249 624 sic
2278 580 2339 622 se
2365 565 2568 620 habent
2597 583 2610 620 :
2643 583 2662 616 ι
2693 563 2751 619 In
2798 563 2961 619 ﬁnem
2984 605 2999 630 ,
3044 576 3116 617 ne
3160 559 3371 630 disper-

1796 657 1926 722 das,
1960 657 2150 712 Davidi
2183 657 2239 712 in
2271 656 2416 711 tituli
2451 655 2866 726 inscriptionem
2889 694 2906 721 ,
2939 668 3063 710 cum
3096 651 3307 722 fugeret
3341 666 3374 705 a

1797 747 1936 804 faeie
1964 749 2092 803 Saul
2124 749 2179 802 in
2214 747 2553 818 speluncam.
2583 766 2602 800 ι
2629 745 2699 801 Ut
2740 761 2874 803 vero
2917 745 3205 815 inscriptio
3245 758 3371 799 cum

1797 840 2063 894 sententia
2114 838 2308 908 psalmi
2350 839 2622 894 cohaereat
2664 847 2718 893 et
2761 838 3102 901 consentiat,
3154 845 3372 905 tempus

1798 932 2074 1001 postulare
2099 929 2336 998 videtur,
2383 937 2440 984 ut
2487 930 2678 1000 paucis
2710 943 2959 1000 quaenam
2994 929 3174 984 verbis
3203 927 3370 996 hujus

1797 1023 1991 1092 psalmi
2028 1023 2298 1078 sententia
2333 1022 2683 1091 subjiciatur,
2714 1020 3123 1078 consideremus
3146 1060 3161 1084 ,
3191 1021 3370 1090 ipsas-

1797 1127 1904 1182 que
1935 1111 2201 1168 divinitus
2232 1112 2529 1182 inspiratas
2575 1126 2739 1167 voces
2772 1112 3128 1184 explicemus.
3158 1129 3177 1162 ι
3210 1107 3373 1166 Mise-

1797 1220 1918 1260 rere
1949 1204 2092 1269 mei,
2128 1204 2302 1268 Deus,
2343 1205 2604 1260 miserere
2637 1204 2774 1271 mei,
2807 1204 2935 1275 quia
2969 1202 3024 1258 in
3059 1210 3113 1258 te
3145 1200 3371 1257 conlidit

1799 1294 1980 1350 anima
2012 1311 2132 1351 mea
2161 1314 2175 1364 ;
2208 1305 2262 1352 et
2291 1300 2348 1351 In
2379 1297 2571 1352 umbra
2608 1296 2816 1351 alarum
2850 1303 3067 1350 tuarum
3099 1294 3366 1364 sperabo,

1796 1385 1970 1442 donec
1993 1395 2237 1443 transeat
2253 1386 2532 1456 iniquitas.
2549 1386 2803 1458 iPropter
2817 1386 3068 1442 ﬁduciam
3087 1385 3142 1440 in
3168 1384 3332 1440 Deum
3350 1419 3366 1446 ,

1795 1483 1851 1530 et
1883 1476 1956 1530 ob
1987 1476 2196 1530 ﬁrmam
2227 1477 2282 1531 in
2312 1477 2676 1547 ipsum'spem
2698 1517 2714 1544 ,
2763 1477 2912 1545 cupit
2946 1474 3050 1530 sibi
3079 1471 3370 1528 Psalmista

1796 1565 2036 1621 divinam
2077 1567 2515 1623 misericordiam
2550 1568 2749 1635 tribui,
2780 1587 2798 1619 ι
2832 1566 3008 1621 donec
3033 1569 3315 1627 transeat,
3347 1581 3365 1612 ι

1797 1658 2010 1728 inquit,
2030 1676 2050 1708 ι
2075 1659 2358 1727 iniquitas.
2388 1679 2406 1711 ι
2428 1658 2499 1713 Ut
2528 1668 2706 1714 autem
2739 1659 2948 1728 planior
2977 1657 3139 1712 nobis
3173 1670 3369 1711 sensus

1799 1748 1926 1812 ﬁat,
1969 1747 2096 1802 inde
2128 1749 2394 1804 orationis
2438 1748 2722 1804 exordium
2753 1761 3055 1805 sumemus:
3094 1745 3369 1802 instabilis

1795 1842 1880 1891 est
1908 1843 1962 1890 et
1997 1837 2310 1892 transitoria
2345 1839 2554 1908 peccati
2595 1846 2824 1903 natura,
2859 1853 3035 1907 neque
3069 1836 3123 1890 in
3160 1834 3370 1906 princio

1796 1927 1886 1997 pio
1933 1943 2058 1982 cum
2089 1937 2340 1984 creatura
2373 1939 2556 1985 creata
2595 1939 2650 1984 ct
2690 1929 2913 1984 fundata
2949 1928 3018 1982 ab
3051 1941 3117 1982 eo
3146 1927 3238 1996 qui
3281 1937 3371 1980 res

1797 2034 1986 2075 omnes
2013 2019 2354 2089 procreavit,
2379 2027 2432 2076 et
2455 2021 2708 2076 essentiis
2734 2021 2850 2075 suis
2872 2018 3160 2083 instruxit;
3194 2031 3372 2086 neque

1795 2109 1852 2164 in
1883 2111 2239 2180 longinquum
2275 2118 2489 2181 tempus
2522 2127 2647 2165 eum
2680 2110 2846 2166 rebus
2878 2116 3180 2181 permanet.
3231 2106 3368 2162 Nam

1792 2211 1914 2265 qua:
1961 2205 2090 2250 sunt
2133 2198 2186 2252 in
2225 2212 2290 2252 eo
2337 2199 2480 2268 quod
2526 2207 2646 2263 est,
2693 2214 2909 2268 semper
2949 2199 3113 2254 etiam
3161 2197 3218 2252 in
3267 2213 3369 2260 suo

1793 2301 1915 2342 esse
1944 2296 2312 2357 perseverant.
2362 2288 2516 2354 Quod
2563 2291 2607 2343 si
2646 2289 2776 2360 quid
2819 2299 2904 2345 est
2949 2297 3107 2345 extra
3139 2288 3192 2344 id
3223 2290 3368 2360 quod

1793 2385 1908 2442 est,
1945 2377 2102 2447 cujus
2132 2377 2274 2432 ratio
2301 2393 2409 2432 non
2455 2378 2516 2449 in
2560 2394 2712 2445 esse,
2763 2380 2860 2435 sed
2903 2379 2958 2434 in
3007 2394 3117 2434 non
3165 2379 3368 2434 bonum

1795 2485 1917 2526 esse
1945 2471 2242 2526 consistit:
2276 2471 2380 2526 hoc
2419 2487 2477 2527 se
2508 2471 2671 2527 habet
2739 2479 2800 2525 ut
2844 2485 3066 2542 gramen
3115 2471 3170 2524 in
3210 2471 3370 2526 tectis

1796 2562 2084 2618 domorum
2109 2563 2260 2619 nasci
2284 2574 2636 2628 consuetum,
2663 2564 2782 2619 sine
2807 2564 2990 2618 radice
3009 2605 3023 2627 ,
3055 2580 3162 2617 non
3191 2573 3366 2620 satum

1796 2667 1849 2712 et
1879 2657 2180 2720 inaratum,
2211 2657 2427 2712 etiamsi
2463 2657 2527 2710 ad
2564 2657 2726 2712 breve
2757 2665 2969 2726 tempu‘s
3001 2657 3245 2726 germine
3274 2655 3369 2709 illo

1796 2747 1969 2802 trullis
1995 2746 2364 2802 fundamentis
2407 2747 2643 2810 subnixo
2686 2747 2962 2812 exsultet;
3006 2753 3245 2802 attamen
3283 2745 3369 2799 [ιιι

1797 2839 1936 2894 turis
1970 2837 2340 2908 temporibus,
2396 2837 2451 2891 in
2499 2837 2846 2893 restitutione
2894 2851 3076 2892 rerum
3123 2835 3366 2890 omnium

1797 2933 1852 2987 in
1887 2933 2158 3003 integrum
2183 2971 2196 2995 ,
2234 2931 2430 2986 transit
2455 2937 2508 2986 et
2537 2931 2854 2998 evanescit;
2883 2937 2943 2984 ut
2975 2944 3046 2984 ne
3077 2929 3366 3000 vestigiqu

1717 3004 1760 3064 (ἶ
1792 3023 2012 3093 quidem
2065 3023 2230 3087 mali,
2273 3021 2420 3092 quod
2470 3024 2705 3078 nuncin
2751 3023 2910 3078 nobis
2966 3019 3263 3086 redundat,
3314 3021 3368 3072 in

135 3119 230 3171 vita
277 3118 363 3173 illa
417 3120 533 3189 spei
597 3125 797 3174 nostra:
847 3115 1124 3187 proposita
1174 3129 1558 3170 remansurum
1608 3115 1699 3170 sit.
1749 3134 1766 3167 ι
1797 3115 1989 3170 Adhuc
2017 3117 2293 3186 pusillum,
2316 3117 2531 3187 iinquit
2554 3157 2566 3180 ,
2592 3135 2610 3168 ι
2645 3125 2696 3171 et
2731 3129 2838 3170 non
2874 3115 2974 3170 erit
3013 3120 3285 3181 peccator,
3315 3123 3369 3167 et

134 3225 322 3277 qumres
355 3211 534 3266 locum
581 3210 726 3280 ejus.
766 3217 818 3265 et
851 3223 960 3264 non
992 3208 1238 3262 invenies
1271 3209 1314 3261 ‘.
1351 3229 1368 3260 ι

194 3303 459 3373 Φιλοσοφεῖ
506 3303 690 3356 τοίνυν
733 3302 790 3354 ὲν
830 3300 1133 3370 προοιμίοις
1180 3300 1280 3369 τῆς
1315 3299 1631 3370 ψαλμῳδίας
1663 3303 1692 3354 6

134 3392 268 3460 λόγος
306 3397 360 3449 ὲν
399 3395 626 3464 ὑψηλοῖς
663 3393 892 3462 δόγμασι
938 3391 1270 3460 φυσιολογῶν
1319 3393 1418 3461 τὴν
1470 3393 1686 3444 κακίαν.

136 3484 358 3538 Διδάσκει
380 3487 507 3557 γὰρ,
527 3486 622 3537 ’ὃτι
655 3484 844 3555 μέχρις
873 3484 1079 3536 ἐκείνου
1105 3485 1203 3554 τῆς
1227 3483 1319 3536 τοῦ
1349 3483 1532 3546 ἐλέους
1563 3501 1693 3553 συμ⁹

139 3577 315 3645 μαχίας
351 3578 602 3648 δεόμεθα,
656 3577 760 3638 ἓως
805 3576 870 3630 ἂν
913 3574 1156 3646 παρέλθῃ
1191 3575 1281 3628 τὸν
1328 3575 1439 3644 βίον
1469 3573 1624 3644 ἡμῶν
1655 3576 1689 3644 ἡ

137 3669 297 3733 κακῶς
328 3669 401 3739 τῷ
427 3670 525 3739 βίῳ
560 3668 944 3738 ἐπιδημήσας-οι
967 3667 1184 3736 ἀνομία.
1215 3664 1324 3735 Τὴν
1345 3665 1401 3718 δὲ
1433 3665 1689 3734 τοιαύτην

135 3763 250 3827 ἡμῖν
278 3760 589 3832 συμμαχίαν
623 3758 906 3830 χαρίζεται
933 3759 995 3811 τὺ
1029 3757 1343 3811 πεποιθέναι
1371 3759 1436 3828 τῇ
1465 3757 1690 3827 δυνάμει

137 3851 217 3903 τοῦ
249 3853 676 3922 συμμαχοῦντος.
718 3851 812 3903 καὶ
853 3852 918 3920 τῇ
965 3850 1092 3920 σκιᾷ
1137 3847 1244 3901 τῶν
1282 3846 1564 3918 πτερύγων
1595 3847 1688 3901 τοῦ

137 3941 253 3994 Θεοῦ
280 3945 710 4011 καθοπλίζεσθαι.
758 3945 924 3999 Σκιάν
959 3945 1016 3998 δὲ
1057 3944 1212 3998 θείων
1255 3942 1540 4013 πτερύγων
1572 3943 1692 3996 ἀντὶ

138 4033 402 4106 περιϐολῆς
429 4040 566 4108 ἡμῖν
592 4037 903 4107 γινομένην,
939 4035 1037 4099 τὰς
1067 4034 1267 4106 ἀρετάς
1291 4051 1373 4098 τις
1401 4033 1558 4099 νοῶν,
1591 4034 1690 4102 ούχ

138 4123 506 4196 ἁμαρτήσεται.
543 4128 684 4180 Λύτὸ
739 4128 836 4198 μὲν
888 4126 996 4197 γὰρ
1024 4125 1085 4180 τὸ
1113 4125 1266 4180 Θεϊον
1301 4126 1330 4179 ὂ
1373 4125 1426 4178 τί
1461 4142 1588 4178 ποτε
1620 4127 1686 4195 τῇ

138 4211 274 4278 φύσει
319 4218 491 4281 ἐστὶν,
547 4217 835 4285 ἀνέφικτον
889 4217 1037 4287 μένει
1071 4219 1135 4287 τῇ
1183 4215 1498 4288 ἀνθρωπίνῃ
1530 4215 1688 4283 φύσει

139 4306 219 4358 καὶ
245 4307 494 4378 ἄληπτον,
545 4309 658 4363 ἄνω
709 4327 810 4362 που
843 4309 984 4362 κατὰ
1007 4309 1066 4363 τὸ
1109 4309 1385 4378 ἄφραστον
1423 4307 1514 4360 τοῦ
1544 4307 1691 4375 λογι-

140 4397 258 4465 σμοῦ
298 4399 399 4452 τῶν
444 4399 746 4470 ἀνθρώπων
789 4399 1246 4470 ὑπερπετόμενον.
1288 4397 1585 4469 Χαρακτὴρ
1634 4395 1691 4450 δέ

1869 3301 1926 3356 In
1963 3301 2151 3356 arduis
2181 3301 2349 3372 igitur
2379 3300 2756 3371 dogmatibus,
2794 3300 2951 3370 quasi
2976 3298 3368 3370 phi1030phan~

1795 3394 1896 3457 do,
1941 3393 2098 3449 initio
2130 3393 2326 3463 psalmi
2357 3401 2608 3448 versatur
2644 3394 2856 3457 oratio,
2902 3393 3229 3461 malitiaeque
3276 3407 3370 3444 na-

1793 3491 1972 3538 turam
2022 3484 2303 3539 describit.
2356 3483 2522 3538 Docet
2559 3485 2702 3540 enim
2754 3498 2862 3538 nos
2889 3498 3131 3552 eousque
3172 3481 3369 3536 divina:

1796 3577 2188 3632 misericordiae
2245 3575 2449 3631 auxilio
2500 3577 2780 3644 indigere,
2825 3573 3004 3644 quoad
3051 3574 3216 3627 vitam
3264 3589 3367 3626 no-

1797 3674 1965 3720 stram
2007 3673 2348 3735 pertranseat
2379 3666 2678 3734 iniquitas,
2709 3679 2830 3733 quae
2869 3680 2964 3732 per
3011 3663 3152 3717 hanc
3199 3663 3365 3718 vitam

1791 3765 2022 3827 vagatur
2073 3764 2127 3811 et
2173 3758 2412 3812 oberrat.
2464 3755 2578 3811 lloc
2623 3772 2752 3811 vero
2799 3756 3064 3810 auxilium
3111 3755 3364 3810 conciliat

1794 3850 1951 3904 nobis
1988 3849 2184 3904 ﬁducia
2211 3864 2340 3921 erga
2370 3849 2477 3904 vim
2508 3858 2561 3902 et
2586 3849 2884 3920 potentiam
2910 3848 3052 3918 ejus,
3081 3848 3172 3917 qui
3203 3847 3364 3902 nobis

1794 3953 1950 4008 opem
1999 3938 2140 3994 ferre
2182 3939 2361 4006 solet;
2401 3946 2456 3994 et
2503 3939 2547 3993 si
2580 3939 2773 3992 umbra
2819 3938 3028 4008 alarum
3063 3936 3161 3993 Dei
3191 3947 3368 3990 arme-

1795 4045 1938 4084 mur.
1967 4027 2072 4084 Per
2101 4030 2350 4084 umbram
2385 4029 2593 4082 alarum
2623 4027 2713 4098 Dei
2737 4069 2750 4091 ,
2779 4046 2899 4098 quae
2927 3993 3213 4084 veiamenti
3248 4029 3368 4082 loco

1794 4119 1956 4174 nobis
1987 4127 2071 4175 est
2091 4162 2105 4184 ,
2139 4120 2186 4176 si
2216 4121 2340 4190 quis
2366 4120 2596 4175 virtutes
2625 4119 2923 4190 intelligat;
2958 4120 3181 4174 minime
3209 4119 3366 4174 aber-

1797 4211 2022 4267 raverit.
2059 4211 2232 4277 Quale
2262 4212 2406 4267 enim
2439 4211 2740 4267 secundum
2785 4227 2941 4266 suam
2993 4223 3243 4265 naturam
3298 4211 3369 4262 sit

1798 4305 1975 4372 ipsum
2029 4302 2273 4356 divinum
2325 4317 2560 4366 numen,
2614 4301 2849 4354 humana
2883 4309 3093 4354 natura
3147 4299 3366 4369 assequi

1797 4403 1851 4449 et
1901 4391 2357 4462 comprehendere
2397 4393 2618 4462 nequit,
2665 4407 2787 4445 cum
2836 4391 3092 4446 ineﬂ‘abili
3131 4391 3366 4460 quodam

137 4501 209 4549 τις
234 4490 323 4560 τῆς
351 4491 630 4562 ἀφράστου
659 4490 874 4561 φύσεως
907 4490 996 4544 διὰ
1023 4491 1124 4560 τῆς
1155 4491 1258 4544 τῶν
1292 4489 1502 4560 ἀρετῶν
1537 4506 1690 4542 σκια-

1801 4485 1961 4538 modo
1991 4499 2205 4539 omnem
2235 4484 2527 4537 humanam
2565 4483 2947 4553 cogitationem
2981 4481 3366 4544 transcendat,

138 4582 351 4650 γραφίας
379 4586 490 4648 τοῖς
525 4583 660 4655 πρὸς
693 4583 858 4654 αὐτὴν
879 4583 1077 4654 ὁρῶσιν
1100 4581 1393 4650 ἐγγίνεται,
1417 4581 1492 4643 ὡς
1515 4582 1692 4633 πᾶσαν

141 4674 333 4742 σορίαν,
385 4680 478 4732 καὶ
530 4679 816 4750 φρόνησιν,
876 4676 970 4729 καὶ
1019 4675 1352 4744 ἐπιστήμην,
1388 4673 1481 4726 καὶ
1515 4674 1695 4724 πᾶσαν

139 4763 304 4831 ἔφοδον
329 4769 424 4838 τῆς
475 4767 888 4838 καταληπτικῆς
928 4765 1191 4826 ἐπινοίας,
1221 4763 1321 4814 οὐκ
1356 4761 1522 4824 αὐτὰς
1555 4757 1693 4812 εἶναι

139 4853 222 4917 τὰς
247 4855 388 4921 θείας
414 4859 722 4930 πτέρυγας,
759 4857 895 4910 ἀλλὰ
941 4855 1041 4925 τὴν
1069 4854 1178 4906 τῶν
1222 4853 1380 4905 θείων
1408 4851 1692 4922 πτερύγων

142 4947 295 5001 σκιάν.
322 4951 548 5019 Μεγάλη
577 4951 633 5003 δὲ
685 4951 812 5019 ἡμῖν
862 4945 999 5016 αὕτη
1031 4946 1176 4998 ἐστὶν
1221 4946 1254 5014 ἡ
1287 4943 1571 5014 εὐεργεσία
1601 4942 1695 4995 καὶ

143 5037 270 5090 σκιά.
320 5059 336 5090 ι
365 5041 719 5112 Κεκρὰξομαι
742 5059 760 5090 ι
805 5038 936 5110 γὰρ,
977 5038 1162 5107 φησὶν,
1215 5055 1232 5085 ε
1261 5035 1397 5106 πρὸς
1423 5033 1512 5086 τὸν
1538 5033 1692 5097 Θεὸν,

140 5126 218 5177 τον
245 5128 481 5199 ὕψιστον,
521 5133 612 5185 τὸν
637 5132 768 5184 Θεὸν
815 5127 1253 5201 εὐεργετήσαντὰ
1289 5143 1375 5196 με,
1409 5145 1426 5177 δ
1471 5124 1560 5178 διὰ
1593 5124 1694 5191 τῆς

143 5221 280 5283 σκιᾶς
309 5222 530 5292 ταύτης,
561 5223 624 5293 ἢν
656 5221 714 5287 ἐξ
746 5222 913 5291 ὕψους
945 5217 1259 5274 ἀπέστειλεν
1281 5216 1360 5288 τῷ
1387 5216 1538 5269 κάτω
1573 5213 1690 5283 βίῳ.

145 5307 362 5366 Ἔσωσέν
395 5333 462 5384 με
487 5315 575 5368 διὰ
604 5315 697 5369 τοῦ
717 5313 1134 5375 έπισκιάσαντος
1157 5312 1214 5364 ὲν
1241 5313 1306 5381 τῇ
1323 5307 1521 5378 νεφέλῃ
1543 5306 1699 5359 πνεύ-

147 5413 310 5468 ματος,
337 5407 429 5458 καὶ
451 5407 577 5470 τοὺς
610 5409 666 5460 ὲν
692 5409 812 5468 ταῖς
846 5400 1142 5475 προτέραις
1163 5399 1500 5472 ψαλμῳδίαις
1527 5413 1695 5452 κατα-

144 5492 484 5560 τιη’τὴσαντας,
503 5496 598 5550 νῦν
621 5499 698 5560 είς
723 5497 822 5567 τὴν
853 5496 961 5549 τῶν
983 5492 1391 5562 ὀνειδιζομένων
1420 5491 1696 5559 ἀντιπερι-

143 5578 324 5650 ἠγαγεν
363 5588 532 5655 τάξιν.
577 5587 1022 5654 ιἘξαπέστειλεν
1067 5585 1172 5656 γὰρ
1213 5586 1240 5638 6
1274 5583 1404 5647 Θεὸς
1442 5583 1502 5636 τὸ
1551 5581 1695 5643 ἕλεος

215 5755 234 5785 ⁸
263 5760 400 5818 Psal.
431 5781 619 5830 xxxvr,
657 5764 746 5819 10.

431 5858 702 5919 ΡΑτνιοι.
743 5856 857 5916 Gn.
906 5851 1126 5936 XLIV.

1797 4584 1852 4630 et
1884 4576 2038 4645 quasi
2069 4575 2402 4644 supervolet.
2459 4577 2526 4627 At
2570 4575 2740 4644 ﬁgura
2783 4574 3032 4644 qumdam
3085 4569 3368 4634 inenarra-

1799 4670 1923 4724 bilis
1965 4669 2112 4722 illius
2159 4674 2400 4731 naturae,
2454 4682 2548 4736 per
2592 4666 2934 4720 umbratilem
2978 4667 3241 4723 virtutum
3273 4671 3370 4726 de-

1797 4761 2151 4831 scriptionem
2211 4759 2426 4814 exsistit
2494 4760 2548 4812 in
2596 4758 2666 4813 iis
2713 4759 2806 4826 qui
2861 4759 3050 4816 oculos
3102 4763 3169 4816 ad
3221 4763 3366 4818 illam

1799 4861 2162 4915 convertunt,
2193 4860 2254 4906 ut
2307 4850 2534 4921 proinde
2581 4851 2762 4906 omnis
2818 4852 2909 4904 illa
2960 4854 3264 4922 sapientia,
3318 4869 3369 4911 t‘t

1799 4947 2064 5006 scientia,
2113 4954 2166 4999 et
2205 4945 2384 4999 omnis
2425 4956 2717 5014 apparatus
2763 4947 2936 5014 partis
2975 4947 3128 5016 ejus,
3167 4965 3285 5018 quae
3315 4951 3367 5004 in

1797 5036 2234 5107 apprehensione
2267 5035 2552 5101 consistit,
2599 5036 2826 5090 minime
2869 5038 2979 5092 sint
3012 5039 3142 5108 ipsae
3175 5041 3369 5093 divinae

1796 5127 1931 5191 alae,
1963 5125 2057 5180 sed
2095 5124 2402 5181 divinarum
2439 5125 2647 5179 alarum
2697 5126 2944 5194 quaedam
2993 5129 3204 5182 umbra.
3258 5128 3371 5181 Ma~

1795 5233 1962 5288 gnum
1992 5231 2123 5270 vero
2150 5216 2264 5270 haec
2294 5216 2412 5285 ipsa
2443 5217 2638 5271 umbra
2669 5217 2992 5272 beneﬁcium
3023 5227 3146 5283 est,
3179 5219 3367 5274 nobis-

1795 5322 1901 5377 que
1931 5320 1960 5358 a
1996 5304 2105 5359 Deo
2132 5305 2389 5360 collatum
2419 5323 2432 5359 :
2457 5305 2774 5372 «Clamabo,
2807 5325 2826 5358 ι
2852 5307 3046 5375 inquit,
3074 5307 3168 5360 «ad
3199 5305 3364 5361 Deum

1796 5397 2158 5462 altissimum,
2210 5395 2376 5451 Deum
2422 5397 2515 5466 qui
2558 5396 2825 5452 benefecit
2854 5396 2984 5450 mihi
3013 5413 3028 5458 ;
3062 5415 3081 5448 ι
3115 5411 3210 5466 per
3249 5413 3369 5451 um-

1795 5489 1946 5543 bram
1983 5489 2122 5543 hanc
2142 5531 2157 5555 ,
2187 5503 2349 5559 quam
2385 5505 2451 5543 ex
2487 5487 2598 5542 alto
2628 5487 2754 5542 huic
2785 5488 2908 5541 vita:
2939 5487 3163 5544 caducae
3195 5487 3370 5544 demi-

1799 5576 1890 5641 sit,
1937 5577 2173 5634 servavit
2203 5584 2257 5633 et
2291 5575 2542 5632 liberavit
2577 5589 2665 5630 me
2693 5589 2857 5645 opera
2891 5575 3153 5646 spiritus,
3187 5576 3282 5646 qui
3314 5575 3367 5631 in

3064 5841 3134 5906 19
