3844 6356
410 360 513 416 587

1677 345 1732 400 S.
1778 343 2106 402 GREGORII
2141 341 2432 400 NYSSENI

3573 333 3678 390 588

413 474 560 533 nube
587 463 968 522 umbraculum
994 460 1224 532 praebuit
1243 465 1344 524 ,et
1375 472 1470 514 eos
1501 455 1595 527 qui
1626 470 1711 510 me
1739 455 1989 525 superio-

2109 455 2257 512 ιὺτοῦ
2307 454 2402 512 καὶ
2447 452 2544 523 τὴν
2593 450 2849 521 ἀλήθειαν
2884 449 3086 517 αὑτοῦ,
3133 451 3227 506 καὶ
3273 452 3546 524 ἐρρύσατο
3579 452 3678 522 τὴν

413 565 564 618 ribus
609 555 835 626 psalmis
874 554 1262 609 conculcarant
1285 591 1299 614 ,
1333 549 1482 604 dedit
1516 548 1569 603 in
1601 546 1992 618 opprobrium,

411 659 466 704 et
497 647 708 719 pudore
737 644 935 699 affecit.
966 662 984 695 ι
1015 642 1162 697 Misit
1197 642 1342 696 enim
1388 639 1532 694 Deus
1561 636 1993 694 misericordiam

413 753 602 803 suam,
652 743 708 792 et
758 735 1046 791 veritatem
1102 747 1290 795 suam,
1340 737 1395 785 et
1454 729 1710 784 liberavit
1758 729 1995 782 animam

411 843 589 885 meam
639 827 708 882 de
755 825 938 880 medio
993 824 1319 878 catulorum.
1352 839 1372 872 ι
1402 818 1544 875 Vere
1575 820 1736 873 catuli
1777 818 1999 871 fuerunt
2043 820 2047 824 ’

416 919 553 974 mihi
611 917 766 987 prius
817 921 1071 984 peccata,
1123 913 1208 966 vel
1257 910 1423 965 catuli
1476 910 1729 974 leonum,
1763 909 1858 978 qui
1912 922 1998 961 me

414 1006 653 1062 terriﬁco
689 1005 784 1060 illo
821 1003 973 1058 hiatu
1008 1009 1063 1057 et
1092 999 1356 1071 unguium
1402 999 1750 1053 acuminibus
1793 997 1998 1051 dilace—

415 1101 610 1154 rabant
636 1139 651 1165 ,
678 1096 774 1153 sed
821 1103 1093 1151 venerunt
1137 1091 1496 1148 auxiliatores
1542 1088 1915 1145 misericordia
1945 1095 2000 1143 et

413 1192 639 1246 veritas.
683 1187 922 1242 Pulchra
970 1184 1329 1255 coniunctio;
1364 1198 1541 1252 neque
1573 1182 1717 1237 enim
1762 1182 1880 1236 sine
1913 1181 2001 1249 ju-

413 1284 558 1337 dicio
583 1279 967 1335 misericordia
996 1285 1114 1339 est,
1163 1290 1339 1345 nequc
1383 1275 1583 1329 veritas
1630 1274 1750 1329 sine
1785 1273 2001 1328 miseri-

415 1373 604 1430 cordia
629 1390 643 1424 :
681 1372 988 1440 harumque
1017 1367 1264 1423 subsidio
1293 1365 1570 1420 liberabor
1601 1380 1632 1419 a
1665 1363 1920 1419 convictu
1947 1371 2000 1417 et

416 1463 822 1522 consuetudine
851 1461 1184 1516 catulorum.
1217 1458 1341 1514 Ista:
1373 1457 1562 1514 bestiae
1591 1464 1752 1520 sunt,
1786 1455 1996 1524 inquit,

420 1577 438 1608 ι
465 1557 560 1610 lilii
592 1555 874 1610 hominum
897 1593 913 1619 ,
942 1573 961 1605 ι
989 1567 1262 1623 αυοιιυιηι
1285 1550 1738 1613 όοηιεεςβτωοιει
1767 1545 1998 1617 sagittae,

414 1659 466 1702 et
500 1649 683 1719 lingua
709 1662 897 1703 eorum
923 1645 1139 1716 gladius
1163 1651 1379 1700 acutus.
1408 1663 1426 1696 ι
1447 1641 1566 1698 Non
1597 1641 1764 1696 habet
1791 1648 2002 1694 natura

416 1749 620 1796 nostrae
664 1739 870 1794 fabrica
916 1738 1044 1792 talia
1089 1736 1368 1800 membra,
1425 1733 1706 1789 hominum
1750 1730 1833 1785 ori
1881 1731 2001 1784 loco

2094 548 2274 618 ψυχήν
2304 563 2404 616 μου
2447 545 2511 598 ἐκ
2563 545 2730 614 μέσου
2775 543 3052 613 σκύμνων.
3085 561 3104 595 ι
3154 543 3392 614 Σκύμνοι
3421 543 3479 596 δὲ
3510 543 3680 607 ὄντως

2099 656 2187 710 μοι
2219 633 2357 708 ἦσαν
2386 637 2442 689 αἱ
2499 634 2764 705 ἁμαρτίαι
2812 633 2874 686 τὸ
2924 633 3222 706 πρότερον,
3283 634 3402 704 ἦτοι
3448 633 3681 705 σκύμνοι

2096 729 2344 792 λεόντων,
2391 727 2441 780 οἳ
2490 726 2566 797 τῷ
2599 725 2816 797 φοϐερῷ
2848 726 3111 795 χάσματι,
3155 727 3250 780 καὶ
3278 728 3400 788 ταῖς
3431 727 3541 780 τῶν
3567 726 3682 779 όνύο

2095 840 2206 892 χων
2228 822 2433 892 ἀκμαῖς
2457 819 2929 886 κατεσπάρασσον.
2961 817 3100 870 Ἀλλ’
3122 815 3285 889 ἦλθον
3304 819 3352 872 οί
3379 818 3680 892 σύμμαχοι,

2096 887 2128 965 ό
2151 887 2379 975 ἕλεόςντε
2408 911 2502 965 καὶ
2525 913 2558 981 ἡ
2586 909 2832 980 ἀλήθεια,
2868 911 2901 979 ή
2934 908 3074 978 καλὴ
3104 887 3354 977 συζυγία.
3397 887 3539 962 Οὐτε
3573 887 3687 979 γὰρ

2098 1002 2318 1074 ἄκριτος
2361 1004 2390 1055 ὁ
2423 1002 2569 1064 ἔλεος
2591 1042 2607 1065 ,
2659 999 2784 1052 οὐτε
2819 999 3044 1069 ἀνελεὴς
3081 1001 3114 1069 ἠ
3157 999 3404 1069 ἀλήθεια.
3456 1001 3571 1053 Καὶ
3595 1000 3684 1052 διὰ

2097 1092 2300 1147 τούτων
2335 1091 2618 1161 ἐλευθεροῦ
2629 1109 2725 1161 μαι
2756 1090 2857 1160 τῆς
2887 1089 3025 1160 μετά
3055 1089 3162 1144 τῶν
3195 1090 3448 1160 σκύμνων
3478 1091 3686 1145 τούτων

2097 1184 2390 1253 διαγωγῆς.
2432 1182 2510 1235 Τὰ
2535 1181 2590 1234 δὲ
2625 1180 2789 1250 θηρία
2815 1179 3008 1242 ταῦτα,
3035 1180 3221 1250 φησὶν,
3263 1200 3282 1232 ι
3330 1181 3436 1234 υἱοὶ
3467 1181 3687 1252 ἀνθρώ-

2098 1293 2215 1328 πων
2244 1295 2261 1326 ι
2294 1275 2451 1336 εἰσιν,
2505 1260 2581 1323 ὧν
2607 1284 2626 1316 ε
2661 1272 2711 1324 οἱ
2754 1271 2962 1334 ὀδόντες
3011 1271 3150 1324 ὅπλα
3187 1271 3279 1324 καὶ
3313 1271 3467 1342 βέλη,
3517 1273 3616 1325 καὶ
3650 1273 3686 1343 ἡ

2097 1365 2317 1433 γλῶσσα
2347 1364 2526 1418 αὐτῶν
2560 1363 2805 1434 μάχαιρα
2837 1362 3003 1429 ὀξεῖα.
3033 1381 3050 1412 ι
3091 1362 3204 1415 Οὐκ
3228 1357 3421 1432 οἷδενή
3451 1365 3552 1432 τῆς
3582 1362 3689 1433 φύ-

2101 1470 2234 1517 σεως
2261 1452 2419 1523 ἡμῶν
2453 1451 2768 1521 κατασκευὴ
2815 1449 2883 1502 τὰ
2916 1449 3150 1519 αἰσθητά
3200 1449 3332 1521 μέλη
3373 1450 3548 1503 ταῦτα
3574 1453 3688 1513 τοῖς

2100 1544 2458 1615 ἀνθρωπίνοις
2495 1542 2755 1614 στόμασιν
2794 1543 2915 1596 ἀντὶ
2959 1541 3188 1596 ὀδόντων
3217 1541 3538 1610 ἐγκείμενοι,
3569 1541 3687 1596 ἀλλ’

2099 1636 2176 1690 ὅτ’
2199 1637 2265 1691 ἄν
2293 1654 2377 1700 τις
2409 1637 2650 1708 ὁμοιωθῇ
2678 1636 2813 1708 πρὸς
2851 1635 2912 1689 τὸ
2944 1633 3134 1698 πάθος.
3156 1634 3250 1687 καὶ⁸
3277 1635 3686 1707 μεταμορφωθῇ

2103 1727 2240 1798 πρὸς
2275 1729 2373 1799 τὴν
2416 1727 2814 1799 ἐπικρατοῦσαν
2845 1727 3066 1789 κακίαν,
3106 1727 3377 1790 ἀπολέσας
3405 1727 3506 1798 τὴν
3543 1728 3690 1781 κατά

416 1832 662 1887 dentium
716 1829 922 1893 indita,
974 1828 1070 1885 sed
1123 1842 1246 1881 cum
1295 1825 1418 1896 quis
1461 1824 1662 1879 similis
1694 1823 1782 1888 iit,
1816 1821 1999 1891 quoad

2109 1820 2267 1890 φύσιν
2320 1821 2568 1892 μορφὴν,
2623 1820 2811 1904 θηρίον
2856 1821 3086 1888 γίνεται.
3128 1819 3226 1872 Διά
3267 1819 3426 1874 τοῦτο
3449 1819 3691 1873 ’λεόντων

416 1921 766 1984 aﬂectiones,
812 1928 865 1975 et
908 1917 1333 1973 transformatus
1376 1913 1545 1970 fuerit
1588 1912 1640 1968 in
1690 1913 1991 1977 malitiam,

415 2014 696 2084 deperdita
737 2011 972 2066 naturali
1019 2008 1193 2064 forma
1218 2047 1232 2072 ,
1289 2007 1462 2063 bestia
1500 2004 1732 2061 edicitur
1772 2018 1786 2056 :
1830 2004 1899 2058 ob
1941 2002 1998 2057 id

2106 1911 2361 1982 μνησθεὶς
2376 1913 2501 1974 τοὺς
2523 1913 2671 1974 υἱοὺς
2697 1911 2805 1966 τῶν
2827 1911 2924 1966 ἀνθ
2934 1912 3130 1981 ρώπων
3145 1913 3448 1984 ὠνόμασεν,
3471 1904 3517 1982 ᾧ
3544 1912 3690 1966 656v-

2106 2020 2193 2067 τες
2223 2003 2316 2057 καὶ
2347 2001 2588 2071 γλῶσσα,
2617 2002 2685 2056 τὰ
2711 2003 2802 2056 τοῦ
2834 2004 3071 2075 πολέμου
3093 2005 3322 2076 ὄργανα.

417 2108 689 2163 mentione
717 2105 933 2160 leonum
963 2101 1128 2167 facta,
1157 2101 1298 2155 ﬁlios
1326 2098 1607 2153 hominum
1645 2096 1927 2161 nominat,
1971 2094 2170 2165 quibus
2199 2095 2391 2150 dentes
2420 2104 2476 2150 et
2503 2096 2685 2167 lingua
2717 2104 2848 2151 sunt
2883 2097 3010 2152 belli
3043 2097 3433 2152 instrumenta.

483 2197 588 2264 Qui
624 2197 792 2266 igitur
818 2195 1149 2265 cogitatione
1179 2199 1391 2246 tantum
1428 2191 1754 2246 sublevatus
1783 2197 1887 2254 est,
1926 2195 1990 2243 ut

415 2290 520 2344 sub
569 2289 759 2342 umbra
818 2287 1030 2340 alarum
1078 2285 1388 2339 divinarum
1422 2282 1686 2346 habitet,
1738 2291 1907 2351 utque
1961 2295 1992 2334 a

417 2389 563 2433 terra
598 2378 653 2431 in
695 2377 977 2432 caelestem
1014 2383 1216 2429 sortem
1249 2382 1564 2429 assumatur
1611 2372 1766 2443 (dicit
1807 2372 1990 2427 enim:

423 2491 441 2523 ι
488 2470 637 2526 Misit
665 2468 733 2523 de
763 2468 926 2530 cmlo,
963 2472 1018 2521 et
1058 2464 1308 2519 liberavit
1339 2479 1426 2520 me
1461 2464 1528 2535 ι),
1548 2463 1596 2519 is
1617 2478 1727 2517 non
1773 2461 1996 2532 respicit

418 2562 654 2632 amplius
691 2559 756 2614 ad
807 2567 1052 2622 terrena,
1097 2556 1194 2611 sed
1233 2557 1282 2611 ei
1313 2572 1433 2625 quae
1475 2565 1558 2611 est
1595 2558 1653 2610 in
1682 2555 1998 2611 coelestibus

419 2656 604 2724 gloria:
625 2653 809 2709 studet
837 2693 850 2706 .
887 2670 907 2704 ι
934 2650 1240 2713 Exaltare,»
1271 2648 1545 2718 inquiens,
1573 2667 1590 2702 ι
1624 2663 1788 2718 super
1807 2647 1996 2708 caelos,

420 2748 583 2812 Deus,
619 2755 674 2802 et
709 2759 874 2814 super
917 2759 1134 2798 omnem
1166 2753 1366 2797 terram
1399 2741 1572 2812 gloria
1617 2749 1734 2806 tua;
1778 2759 1797 2792 ι
1842 2754 2003 2795 enar-

419 2852 660 2907 ransque
714 2835 958 2891 hostium
1025 2835 1434 2904 impressiones,
1496 2832 1630 2902 ipsis
1681 2833 1796 2888 suis
1844 2831 2005 2886 malis

419 2945 517 2984 eos
547 2925 851 2996 circumagi
889 2925 1044 2992 dicit,
1093 2935 1150 2980 et
1173 2925 1322 2981 velut
1368 2924 1425 2978 in
1459 2921 1671 2979 foveam
1705 2921 2001 2988 decidere;

423 3021 498 3074 ait
527 3033 801 3088 namque:
841 3036 859 3068 ι
893 3016 1171 3086 Laqueum
1213 3022 1544 3086 paraverunt
1573 3014 1805 3085 pedibus
1843 3017 2002 3084 meis,

2183 2188 2240 2240 Ὀ
2271 2183 2364 2242 οὐν
2398 2187 2651 2244 τοσοῦτον
2687 2190 3013 2261 ὑπεραρθεὶς
3045 2191 3144 2260 τὴν
3184 2191 3442 2254 διάνοιαν,
3473 2189 3550 2253 ὡς
3585 2189 3693 2244 ὑπὸ

2100 2281 2199 2349 τὴν
2232 2279 2388 2333 σκιὰν
2421 2280 2531 2335 τῶν
2560 2280 2718 2334 θείων
2755 2281 3042 2352 πτερύγων
3067 2282 3409 2348 αὐλίζεσθαι,
3452 2285 3548 2337 καὶ
3583 2283 3692 2338 ἀπὸ

2101 2374 2200 2443 τῆς
2227 2372 2332 2440 γῆς
2347 2372 2426 2436 εἰς
2453 2372 2550 2442 τὴν
2578 2372 2828 2444 οὐράνιον
2846 2370 2997 2444 λῆξιν
3019 2373 3391 2450 ἀναληφθῆναι
3415 2375 3461 2444 (ι
3493 2375 3696 2440 Ἐξαπ-

2107 2465 2346 2518 έστειλεν
2382 2483 2400 2516 ι
2461 2465 2602 2537 γὰρ,
2639 2467 2833 2536 φησὶν,
2891 2485 2910 2518 ι
2939 2466 2998 2530 ἐξ
3041 2465 3300 2536 οὐρανοῦ,
3347 2467 3442 2521 καὶ⁸
3487 2467 3694 2520 ἔσωσεν

2109 2576 2174 2628 με
2217 2551 2479 2622 »),οὐκέτι
2517 2557 2652 2629 πρὸς
2692 2559 2760 2613 τὰ
2789 2561 3040 2632 περίγεια
3076 2560 3284 2626 Βλέπει,
3318 2559 3453 2612 ἀλλὰ
3491 2559 3590 2635 τὴν
3637 2561 3694 2612 ὲν

2106 2654 2216 2714 τοῖς
2238 2651 2580 2723 ἐπουρανίοις
2610 2651 2765 2718 δόξαν
2800 2654 3244 2724 περιεργάζεται,
3287 2671 3307 2704 ι
3339 2652 3636 2723 ’Υψὼθητι,
3669 2672 3689 2704 ι

2103 2740 2328 2807 λέγων,ι
2350 2741 2442 2795 ἐπὶ
2467 2742 2591 2804 τοὺς
2623 2741 2681 2794 οὑ
2693 2743 2905 2812 ρανοὺς,
2928 2745 2956 2796 ό
2975 2742 3126 2807 Θεὸς,
3146 2743 3237 2796 καὶ
3271 2742 3361 2795 ἐπὶ
3389 2743 3570 2796 πᾶσαν
3595 2743 3695 2811 τὴν

2103 2835 2205 2905 γῆν
2245 2836 2277 2904 ἡ
2304 2833 2432 2898 δόξα
2478 2851 2594 2886 σου.
2627 2852 2644 2884 ι
2696 2833 2806 2888 Καὶ
2835 2833 3192 2904 διηγούμενος
3221 2833 3319 2897 τὰς
3347 2834 3455 2886 τῶν
3482 2833 3694 2904 ἐχθρῶν

2104 2923 2431 2993 προσϐολὰς,
2461 2923 2690 2986 ἐκείνοις
2720 2923 2881 2991 φησὶν
2912 2923 3094 2987 αὐτοῖς
3121 2926 3234 2986 τοῖς
3260 2922 3468 2976 ἑαυτῶν
3501 2925 3696 2984 κακοῖς

2106 3013 2562 3086 περιστρέφεσθαι
2617 3017 2730 3078 τοῖς
2782 3013 2996 3085 βόθροις
3043 3015 3498 3078 καταπίπτοντας.
3554 3017 3696 3085 Φησὶ

422 3126 476 3169 et
508 3116 949 3169 incurvaverunt
985 3112 1222 3165 animam
1254 3125 1453 3175 meam,
1487 3108 1742 3165 foderunt
1772 3115 1896 3162 ante
1931 3107 2000 3160 fa-

2109 3106 2231 3176 γάρ,
2254 3106 2336 3158 ὅτι
2359 3124 2378 3156 ι
2412 3105 2624 3174 Παγίδα
2651 3105 2952 3176 ἡτοίμασαν
2982 3107 3095 3169 τοῖς
3128 3106 3254 3159 ποσί
3282 3123 3402 3176 μου,
3439 3108 3534 3161 καὶ¹
3563 3124 3697 3160 κατ-

423 3207 564 3258 ciem
615 3218 790 3258 meam
829 3202 1060 3267 foveam,
1107 3209 1161 3256 et
1198 3199 1512 3254 inciderunt
1556 3199 1611 3252 in
1653 3212 1796 3253 eam.
1831 3215 1849 3248 ›
1887 3195 2004 3273 Ipse

422 3311 554 3351 vero
599 3310 660 3351 se
691 3301 940 3365 paratum
982 3295 1059 3347 ait
1110 3292 1368 3346 laudibus
1416 3290 1728 3346 celebrandi
1762 3289 2003 3343 divinam

423 3387 675 3456 gloriam.
713 3386 888 3451 Quam
925 3385 1120 3439 beatus
1155 3385 1264 3447 ille,
1319 3384 1390 3439 ob
1437 3390 1643 3437 tantam
1675 3389 1885 3435 naturae
1922 3379 2006 3434 in-

424 3476 667 3544 genitam
697 3475 1046 3539 felicitatem,
1077 3474 1164 3528 cui
1200 3488 1300 3528 cor
1327 3472 1397 3527 ad
1429 3471 1826 3526 decantandam
1868 3468 2006 3524 divi-

427 3581 552 3621 nam
584 3565 818 3637 gloriam
849 3574 1218 3636 praeparatum
1253 3573 1356 3628 est,
1392 3565 1664 3636 recipiens
1694 3562 1838 3616 intra
1867 3577 1926 3616 se
1952 3561 2005 3615 id

427 3660 573 3730 quod
619 3661 739 3730 capi
792 3658 1001 3728 nequit.
1052 3657 1374 3728 Expeditum
1427 3665 1606 3713 autem
1659 3662 1712 3710 et
1757 3661 2005 3725 paratum

427 3767 549 3807 sese
579 3751 879 3812 allirmans,
917 3765 1024 3804 non
1060 3749 1241 3804 dill‘ert
1269 3749 1428 3803 odam
1455 3765 1548 3806 seu
1580 3748 1880 3810 canticum,
1911 3745 2005 3801 sed

429 3844 666 3896 animata
709 3842 798 3895 illa
844 3857 967 3910 qua:
990 3841 1231 3896 habebat
1269 3841 1634 3896 instrumenta
1669 3840 1733 3894 ad
1765 3839 2008 3894 celebra-

429 3935 595 3990 tionis
623 3933 985 3988 ministerium
1024 3931 1278 3990 advocat.
1312 3950 1330 3982 ι
1361 3931 1628 4001 Exsurge,
1665 3949 1684 3981 ν
1731 3931 2006 4000 inquiens,

435 4046 452 4074 ι
488 4024 803 4094 psalterium
830 4035 883 4078 ct
913 4024 1146 4089 cithara,
1178 4041 1197 4075 ι
1229 4022 1282 4076 id
1312 4022 1458 4092 quod
1481 4022 1715 4092 duplicis
1744 4021 2004 4084 hominis,

430 4117 552 4182 ejus
581 4117 674 4184 qui
710 4115 946 4177 videtur,
977 4123 1031 4168 et
1055 4115 1148 4184 qui
1180 4115 1372 4170 oculos
1403 4114 1560 4185 fugit,
1593 4114 1934 4169 harmoniam
1956 4122 2010 4168 et

432 4213 761 4261 concentum
804 4205 1020 4260 divinas
1067 4205 1327 4262 eﬂ‘erendi
1369 4208 1580 4272 laudes,
1629 4207 1854 4271 indicat,
1890 4207 2011 4261 obe-

432 4299 700 4369 diuntque
725 4298 946 4353 vocanti
992 4313 1216 4369 organa.
1249 4297 1486 4368 Tempus
1518 4313 1648 4354 vero
1695 4297 2009 4366 hujusmodi

432 4389 673 4444 musices
711 4387 1012 4444 diluculum
1054 4396 1177 4453 est;
1207 4403 1386 4458 neque
1410 4389 1554 4443 enim
1591 4388 1678 4444 his
1724 4387 1816 4458 qui
1843 4403 2007 4458 opera

2106 3197 2359 3268 ἐκαμψαν
2390 3198 2488 3267 τὴν
2507 3197 2686 3268 ψυχήν
2719 3215 2842 3267 μου.
2871 3196 3108 3268 Ὠρυξαν
3128 3198 3235 3268 πρὸ
3262 3197 3557 3270 προσώπου
3591 3216 3695 3268 μου

2109 3287 2318 3358 βόθρον,
2344 3287 2438 3341 καὶ
2463 3287 2720 3340 ἐνέπεσον
2748 3289 2829 3350 είς
2859 3287 3039 3342 αὐτόν.
3068 3306 3086 3340 ι
3116 3288 3286 3352 Αὐτὸς
3315 3289 3372 3343 δὲ
3399 3291 3456 3343 ἐν
3489 3291 3696 3362 ἑτοίμῳ

2107 3375 2246 3434 εἷναί
2274 3396 2436 3450 φησιν
2468 3377 2561 3431 τοῦ
2595 3379 2694 3450 τὴν
2728 3378 2876 3432 θείαν
2904 3378 3059 3444 δόξαν
3083 3379 3148 3432 δι’
3177 3380 3457 3452 εὐφημίας
3482 3382 3694 3452 ὑμνεῖν.

2118 3469 2204 3533 Ὠς
2229 3470 2494 3539 μακάριος
2527 3470 2625 3538 τῆς
2653 3469 2920 3541 τοσαύτης
2936 3473 3322 3541 ’μεγαλοφυΐας
3362 3474 3592 3536 ἐκεῖνος,
3637 3467 3698 3527 οὗ

2105 3563 2138 3632 ἡ
2175 3561 2372 3630 καρδία
2404 3561 2539 3632 πρὸς
2565 3561 2842 3631 εὐφημίαν
2863 3562 2960 3632 τῆς
2989 3561 3138 3626 θείας
3162 3562 3322 3633 δόξης
3346 3563 3696 3634 ἡτοίμασται,

2108 3651 2364 3724 χωροῦσα
2393 3653 2451 3705 ὲν
2494 3653 2657 3723 ἑαυτῇ
2686 3653 2746 3706 τὸ
2785 3652 3071 3724 ἀχὼρητον
3097 3665 3113 3684 ⁸
3148 3654 3420 3724 εὐτρεπής
3459 3671 3520 3706 τε
3557 3651 3700 3707 εἶναι

2107 3745 2280 3814 λέγων
2327 3746 2418 3800 καὶ
2469 3745 2707 3815 ἕτοιμος,
2753 3745 2846 3798 καὶ
2876 3745 2976 3798 οὐκ
3007 3745 3372 3799 ἀναϐάλλεται
3399 3744 3498 3815 τὴν
3527 3745 3695 3816 ᾠδὴν,

2109 3838 2244 3892 ἁλλά
2278 3837 2667 3909 προσκαλεῖται
2706 3837 2773 3890 τὰ
2805 3836 2990 3900 ζῶντα
3018 3837 3182 3890 αὑτοῦ
3208 3838 3415 3907 ὄργανα
3437 3837 3699 3908 ὀνομαστὶ

2110 3929 2243 3999 πρὸς
2265 3927 2361 3998 τὴν
2397 3930 2496 3997 τῆς
2528 3925 2800 3996 ὑμνῳδίαις
2827 3925 3129 3997 ὑπηρεσίαν
3164 3926 3364 3992 καλῶν,
3390 3945 3408 3978 ι
3442 3925 3699 3998 Ἐξεγέρ-

2111 4020 2253 4090 θητι,
2295 4038 2312 4071 ι
2343 4018 2534 4086 λέγων,
2571 4037 2588 4068 ι
2621 4016 2915 4088 ψαλτήριον
2958 4017 3050 4070 καὶ
3078 4017 3296 4090 κιθάρα.
3327 4037 3346 4070 ι
3391 4017 3574 4087 Ὅπερ
3602 4015 3698 4070 τοῦ

2113 4110 2298 4165 διπλοῦ
2322 4108 2610 4180 ἀνθρώπου
2635 4107 2727 4160 τοῦ
2749 4104 3072 4176 φαινομένου
3093 4125 3152 4159 τε
3177 4108 3269 4159 καὶ
3289 4107 3697 4178 κεκρυμμένου,

2108 4201 2209 4270 τὴν
2239 4200 2556 4271 ἐναρμόνιον
2598 4197 2863 4268 συνῳδίαν
2897 4197 3033 4269 πρὸς
3078 4199 3176 4266 τὴν
3211 4198 3359 4251 θείαν
3387 4197 3701 4266 δοξολογίαν

2112 4291 2466 4354 ἐνδείκνυται,
2519 4291 2613 4344 καὶ
2656 4291 2919 4344 ὑπακούει
2963 4290 3041 4360 τῷ
3072 4290 3324 4344 καλοῦντι
3371 4289 3441 4343 τὰ
3469 4289 3695 4361 ὄργανα.

2127 4384 2185 4436 ⁸0
2223 4383 2279 4435 δὲ
2326 4382 2515 4453 καιρὸς
2549 4383 2648 4453 τῆς
2680 4381 2933 4454 τοιαύτης
2983 4383 3246 4453 μουσικῆς
3284 4382 3476 4453 ὄρθρος
3529 4383 3700 4434 ἐστίν.

432 4482 784 4538 tenebrarum
833 4497 943 4536 non
971 4482 1262 4552 abjiciunt,
1290 4456 1464 4552 gloria
1491 4481 1582 4537 Dei
1611 4456 2003 4539 essu—scitatur.

2116 4473 2249 4527 Οὐδὲ
2279 4471 2388 4543 γὰρ
2417 4472 2526 4525 τῶν
2579 4473 2654 4543 μὴ
2683 4473 3033 4548 ἀποθεμένων
3078 4473 3146 4527 τὰ
3179 4473 3315 4544 ἔργα
3356 4473 3446 4525 τοῦ
3477 4473 3703 4535 σκότους

442 4591 460 4622 ‹
504 4572 808 4648 Exsurgam
848 4592 867 4626 ι
924 4573 1092 4644 igitur
1142 4591 1162 4624 ι
1197 4572 1462 4638 diluculo,
1512 4593 1531 4626 ι
1562 4574 1760 4628 clamat
1807 4574 2010 4643 psalte-

436 4665 578 4718 rium
611 4671 666 4718 et
695 4663 908 4718 cithara
948 4663 1015 4719 ad
1047 4673 1359 4726 vocantem,
1408 4665 1597 4734 sicque
1638 4664 1925 4735 pollicetur
1951 4680 2010 4720 se

441 4753 550 4806 Deo
585 4751 882 4821 gratiarum
917 4752 1183 4808 actionem
1212 4753 1641 4822 persoluturum,
1685 4768 1848 4822 quam
1878 4769 2011 4808 con-

440 4843 731 4898 fessionem
772 4843 1019 4897 nominat
1045 4846 1372 4913 completam
1418 4843 1470 4897 in
1506 4845 1720 4914 populis
1754 4851 1808 4899 et
1839 4836 2012 4913 genti-

439 4935 564 4989 bus.
593 4933 860 4988 Dividitur
885 4936 1028 4990 enim
1052 4935 1207 5006 juxta
1236 4937 1346 4991 duo
1381 4937 1497 4991 haec
1534 4936 1754 4990 nomina
1789 4935 2013 5006 aequali-

439 5033 524 5079 ter
554 5024 727 5094 gratia
781 5024 904 5079 ﬁdei
944 5025 1011 5079 ad
1059 5017 1289 5096 populos
1339 5034 1394 5081 et
1433 5034 1646 5096 gentes.
1695 5025 1816 5082 Non
1866 5027 2012 5081 enim

437 5113 751 5172 Judaeorum
783 5117 962 5171 solum
1000 5116 1162 5180 Deus,
1200 5117 1294 5174 sed
1325 5124 1380 5171 et
1419 5119 1684 5186 gentium,
1708 5132 1832 5172 cum
1870 5131 2013 5174 unus

441 5205 514 5260 sit
551 5225 570 5257 ι
619 5205 784 5266 Deus.
829 5207 920 5277 qui
944 5207 1218 5276 justiﬁcat
1257 5208 1732 5263 circumcisionem
1778 5223 1843 5262 ex
1886 5206 2012 5266 ﬁde.

442 5299 768 5368 praputium
799 5315 897 5368 per
934 5298 1095 5355 ﬁdem
1124 5301 1167 5354 ⁸.
1212 5320 1230 5352 ι
1282 5299 1576 5370 Propterea
1618 5301 1774 5370 quasi
1807 5298 2015 5370 duplici

443 5391 592 5444 fonte
635 5390 831 5446 divinae
875 5390 1275 5448 benedictionis
1307 5407 1473 5461 super
1512 5397 1777 5460 utrosque
1817 5390 2013 5452 eﬂ‘uso,

443 5490 498 5536 et
520 5490 675 5550 parte
722 5483 944 5552 quidem
985 5483 1041 5538 in
1092 5484 1314 5553 populo,
1360 5494 1511 5552 parte
1560 5497 1692 5537 vero
1735 5482 1790 5535 in
1825 5489 2016 5551 gentes

444 5569 662 5634 diffusa,
699 5587 796 5641 pro
822 5581 1054 5643 utraque
1082 5575 1432 5644 propheticus
1461 5589 1644 5630 sermo
1667 5574 1874 5645 gratias
1905 5573 2016 5643 agit

525 5744 544 5776 ⁵
581 5742 739 5799 Rom.
775 5763 856 5809 Ill,
901 5749 988 5802 30.

2116 4567 2151 4635 ἡ
2179 4563 2305 4630 δόξα
2332 4562 2424 4616 τοῦ
2453 4563 2587 4616 Θεοῦ
2617 4564 2963 4635 διεγείρεται.
2989 4583 3007 4615 ‹
3053 4563 3513 4634 Ἐξεγερθήσομαι
3555 4583 3571 4614 ι
3609 4560 3702 4617 οὖν

2124 4659 2211 4709 «ἐν
2239 4655 2317 4726 τῷ
2337 4655 2542 4727 ὄρθρῳ,
2567 4674 2584 4706 ι
2613 4656 2745 4726 φησι
2782 4656 2919 4727 πρὸς
2939 4655 3028 4708 τὸν
3044 4655 3316 4708 καλοῦντα
3330 4655 3391 4708 τὸ
3402 4654 3702 4724 ψαλτήριόν

2117 4766 2178 4801 τε
2196 4748 2292 4801 καὶ
2318 4750 2349 4816 ἡ
2389 4747 2612 4819 κιθάρα.
2643 4749 2752 4801 Καὶ
2775 4747 2946 4811 οὕτως
2978 4747 3370 4817 ἐπαγγέλλεται
3393 4746 3703 4818 πληρώσειν

2119 4837 2196 4908 τῷ
2224 4837 2342 4907 Θεῷ
2371 4836 2468 4908 τὴν
2493 4837 2865 4909 εὐχαριστίαν,
2913 4838 2980 4908 ἢν
3015 4838 3403 4909 ἐξομολόγησιν
3445 4837 3613 4906 λέγει,
3647 4840 3705 4892 ἐν

2119 4929 2264 4992 λαοῖς
2300 4929 2684 4999 πληρουμένην
2719 4929 2814 4982 καὶ
2851 4928 3047 4982 ἔθνεσι.
3090 4929 3387 5000 Μερίζεται
3428 4927 3537 4998 γὰρ
3566 4927 3704 4998 πρὸς

2117 5022 2186 5075 τά
2214 5021 2306 5074 δύο
2330 5019 2503 5074 ταῦτα
2544 5020 2782 5090 ὀνόματα
2812 5021 2956 5075 κατά
2993 5020 3052 5074 τὸ
3087 5021 3200 5074 ἴσον
3231 5021 3264 5091 ἡ
3294 5019 3453 5089 χάρις
3471 5018 3569 5086 τῆς
3610 5019 3705 5071 πί-

2123 5130 2309 5175 στεως,
2337 5113 2474 5182 πρός
2503 5127 2562 5162 τε
2597 5111 2721 5174 τούς
2747 5111 2910 5174 λαοὺς
2935 5111 3028 5164 καὶ
3053 5111 3122 5167 τὰ
3156 5111 3303 5178 ἔθνη.
3330 5110 3404 5163 Οὐ
3426 5109 3536 5179 γὰρ
3568 5109 3705 5160 Ἰου-

2119 5201 2282 5255 δαίων
2305 5203 2333 5254 ό
2360 5199 2491 5262 Θεὸς
2521 5200 2698 5268 μόνον,
2735 5199 2870 5254 ἀλλά
2904 5199 2999 5252 καὶ
3029 5198 3217 5252 ἐθνῶν.
3261 5192 3524 5262 Ἐπείπερ
3540 5184 3647 5252 εἷς(
3673 5187 3700 5237 ὁ

2122 5293 2286 5356 Θεὸς,
2332 5292 2389 5356 ὃς
2427 5290 2705 5345 δικαιώσει
2751 5292 3050 5363 περιτομὴν
3085 5292 3149 5344 ἐκ
3179 5291 3434 5353 πίστεως,
3468 5288 3704 5360 ἀκροϐυο

2125 5385 2277 5438 στίαν
2305 5383 2394 5438 διὰ
2431 5384 2532 5454 τῆς
2582 5384 2992 5448 πίστεως.»Διά
3033 5383 3190 5437 τοῦτο
3232 5383 3485 5453 καθάπερ
3513 5379 3704 5434 διπλοῦ

2122 5497 2264 5544 τινος
2289 5459 2560 5550 ῥεύματος
2581 5479 2679 5548 τῆς
2705 5477 2855 5542 θείας
2875 5477 3121 5544 εὐλογίας
3141 5476 3410 5546 ἐπ’ἆμφω
3424 5473 3705 5544 χυθείσης,

2126 5569 2202 5638 πῆ
2243 5570 2339 5639 μὲν
2391 5569 2482 5623 ἐπὶ
2514 5569 2641 5634 τοὺς
2667 5567 2848 5632 λαοὺς,
2884 5569 2959 5638 πῆ
2998 5567 3054 5621 δὲ
3091 5568 3226 5637 πρὸς
3255 5566 3325 5622 τὰ
3351 5567 3480 5639 ἔθνη
3501 5563 3702 5640 διαιρε-
