3844 6350
194 350 289 406 589

1597 347 1666 404 lN
1697 346 2040 406 PSALMOS.

3349 357 3453 414 590

195 467 386 538 θείσης,
421 467 561 539 ὑπὲρ
592 467 919 540 ἀμφοτέρων
945 471 979 542 ἡ
1019 469 1324 542 προφητεία
1355 467 1430 542 τῷ
1463 468 1582 540 Θεῷ
1603 484 1745 541 προσ

1868 468 2000 536 Deo,
2049 467 2179 540 quia
2225 475 2453 538 peccato
2484 467 2538 523 in
2587 467 2866 523 inﬁnitum
2919 467 3175 536 adaucto,
3228 483 3453 544 superat

193 559 304 627 άγει
333 559 430 629 τὴν
473 558 846 629 εὐχαριστίαν,
867 561 948 614 ὅτι
979 559 1079 630 τῆς
1119 559 1391 632 ἁμαρτίας
1433 560 1514 623 είς
1534 559 1763 631 ἄπειρον

191 651 526 722 αὐξηθείσης,
561 651 816 723 ὑπερέχει
839 653 896 706 ἐν
933 650 1012 724 τῷ
1055 651 1169 722 ἰδίῳ
1201 651 1418 723 μεγέθει
1448 653 1477 705 6
1505 649 1601 705 τοῦ
1622 651 1760 706 Θεοῦ

189 745 345 807 ἔλεος,
381 745 472 797 καὶ
509 744 674 797 αὐτοῦ
713 745 806 799 τοῦ
842 745 1089 817 οὐρανίου
1124 744 1290 815 ὕψους
1321 744 1578 816 ὑπεράνω
1610 742 1762 813 γενό-
1791 813 1793 815 ι

191 853 357 906 μενος.
416 854 433 886 ι
457 836 614 904 Μέγα
637 856 656 888 ο
689 836 820 910 γὰρ,
858 838 1042 909 φησὶν,
1090 857 1109 891 ι
1151 838 1336 892 ἐπάνω
1372 838 1479 890 τῶν
1515 835 1760 908 οὐρανῶν

185 930 240 982 τὸ
265 929 407 992 ἔλεός
437 947 549 983 σου.
575 949 593 982 ι
638 929 718 983 Τά
742 932 962 1002 ῥήματα
997 930 1098 1002 τῆς
1140 930 1282 1002 ὑπὲρ
1309 929 1515 984 τούτων
1553 927 1761 995 δοξολο-

185 1022 299 1090 γίας
317 1017 470 1092 οἶμαι
492 1023 590 1087 τὰς
609 1024 924 1087 τελευταίας
940 1019 1077 1077 εἶναι
1098 1025 1197 1094 τῆς
1215 1022 1536 1094 ψαλμῳδίας
1553 1019 1759 1087 φωνὰς,

184 1113 236 1164 ἐν
266 1107 345 1176 οἷς
376 1130 540 1182 φησιν
560 1131 574 1144 ο
626 1133 646 1166 ‹
680 1113 959 1185 ’Υψώθητι
989 1116 1082 1168 ἐπὶ
1106 1115 1232 1177 τοὺς
1259 1113 1586 1184 οὐρανοὺς,ὀ
1603 1110 1758 1178 Θεὸς,

183 1203 267 1258 καὶ
295 1206 384 1258 ἐπὶ
423 1208 603 1260 πᾶσαν
622 1206 720 1279 τὴν
747 1209 904 1279 γῆνὴ
932 1207 1059 1272 δόξα
1090 1224 1204 1261 σου.
1234 1225 1252 1258 ι
1283 1207 1448 1259 Ὅσον
1473 1204 1582 1276 γὰρ
1607 1204 1760 1257 πλεο·

182 1297 320 1361 νάζει
350 1299 491 1352 κατά
516 1301 621 1370 γῆν
647 1301 680 1371 ἡ
711 1299 805 1354 τοῦ
830 1299 966 1354 Θεοῦ
987 1299 1264 1368 δοξολογία
1291 1299 1323 1367 ἠ
1352 1298 1439 1350 διὰ
1459 1295 1568 1349 τῶν
1596 1293 1759 1359 σωζο-

183 1389 348 1458 μένων
367 1391 433 1442 ἐκ
451 1391 687 1454 πίστεως
705 1390 1073 1462 ἐπαυξομένη,
1088 1389 1341 1444 τοσοῦτον
1358 1389 1415 1442 αἱ
1433 1387 1757 1457 ὑποκόσμιοι

179 1481 426 1551 δυνάμεις
480 1484 573 1536 ἐπὶ
608 1486 674 1554 τῇ
721 1483 969 1556 σωτηρίᾳ
1005 1483 1167 1554 ἡμῶν
1200 1480 1630 1552 ἀγαλλιώμεναι,
1665 1477 1758 1532 τὸν

178 1572 302 1625 Θεὸν
329 1575 629 1644 ἀνυμνοῦσί
656 1592 715 1628 τε
737 1575 830 1628 καὶ
854 1573 1249 1643 δοξολογοῦσιν,
1269 1571 1450 1636 καθώς
1477 1588 1640 1642 φησιν
1664 1568 1760 1622 ἐπὶ

1867 567 2048 616 tamen
2089 559 2311 630 prapria
2357 573 2459 614 sua
2501 559 2877 629 magnitudine
2917 559 3105 616 divina
3141 562 3455 620 misericor-

1865 651 1975 715 dia,
1993 652 2111 723 ipsa
2136 651 2301 707 etiam
2321 650 2531 708 caelesti
2558 650 2849 707 altitudine
2869 651 3031 708 altior
3049 651 3264 722 eﬁ‘ecta;
3286 657 3458 714 verba

1866 749 2049 796 autem
2101 740 2437 796 laudationis
2469 755 2568 811 pro
2600 739 2688 796 bis
2731 741 3016 806 institutae,
3050 742 3291 798 arbitror
3317 744 3454 800 ulti-

1865 847 1985 890 mas
2011 848 2136 890 esse
2163 847 2329 889 voces
2356 833 2578 904 psalmi,
2622 847 2747 887 cum
2778 832 2857 887 ait
2891 848 2906 887 :
2942 851 2962 885 ι
2999 831 3257 889 Exaltare
3283 849 3451 905 super

1864 925 2054 991 caelos,
2087 923 2255 990 Deus,
2283 931 2337 979 et
2367 937 2533 994 super
2567 938 2785 979 omnem
2817 931 3022 980 terram
3062 924 3234 996 gloria
3268 934 3382 982 tua.
3423 945 3444 979 ο

1861 1015 2137 1083 Quantum
2181 1018 2328 1074 enim
2361 1017 2417 1071 in
2462 1015 2627 1073 terris
2675 1016 2919 1071 abundat
2966 1015 3062 1070 Dei
3096 1018 3446 1089 gloriﬁcatio,

1860 1117 2073 1164 tantum
2106 1109 2339 1164 virtutes
2374 1109 2480 1164 illae
2525 1122 2692 1179 supra
2735 1107 3002 1178 mundum
3041 1119 3246 1165 evectae
3283 1125 3450 1181 super

1859 1202 2038 1258 salute
2094 1208 2287 1258 nostra
2335 1203 2698 1266 exsultantes,
2731 1199 2900 1256 Deum
2927 1201 3341 1269 concelebrant,
3391 1211 3450 1261 et

1862 1293 2195 1364 gloriﬁcant,
2226 1301 2392 1365 prout
2424 1293 2490 1349 ad
2523 1304 2772 1364 pastores
2805 1293 3208 1355 dicitcoelestis
3238 1297 3451 1352 exerci-

1863 1392 1974 1448 tus,
2005 1385 2227 1454 quando
2281 1385 2460 1456 angeli
2492 1385 2749 1442 viderunt
2781 1400 2995 1457 pacem,
3031 1402 3156 1458 qua:
3191 1389 3320 1444 vita:
3349 1403 3452 1444 no-

1865 1484 1993 1531 strae
2021 1475 2078 1530 in
2108 1475 2427 1532 hominibus
2469 1477 2629 1532 bona;
2659 1478 2965 1535 voluntatis
2997 1479 3201 1547 illuxit,
3246 1480 3453 1537 decan-

1866 1575 2168 1639 taruntque
2194 1586 2208 1622 :
2245 1586 2264 1619 ι
2303 1569 2490 1624 Gloria
2518 1569 2574 1624 in
2599 1570 2837 1627 excelsis
2858 1569 2970 1627 Deo
2993 1571 3036 1627 ⁸.
3076 1591 3098 1626 ι

178 1664 277 1719 τῶν
317 1665 591 1737 ποιμένων
631 1669 665 1738 ἠ
699 1667 1020 1740 ἐπουράνιος
1055 1666 1302 1738 στρατιὰ,
1333 1666 1424 1718 ὅτε
1457 1665 1564 1718 ῐδον
1595 1662 1644 1715 οἱ
1683 1657 1906 1730 ἄγγελοι
1949 1659 2043 1713 ἐπὶ
2079 1660 2182 1731 γῆς
2214 1659 2312 1730 τὴν
2352 1662 2580 1734 εἰρήνην
2610 1661 2712 1732 τὴν
2743 1662 2884 1736 ὑπὲρ
2921 1662 3025 1736 τῆς
3055 1663 3114 1718 ὲν
3138 1662 3454 1737 ἀνθρώποις

178 1758 410 1823 εὐδοκίας
437 1758 517 1829 τῷ
539 1759 646 1830 βίῳ
669 1760 826 1830 ἡμῶν
859 1761 1235 1830 ἐπιφανεῖσαν,
1265 1761 1346 1813 ὅτι
1382 1779 1399 1812 ι
1426 1759 1566 1824 Δόξα
1596 1758 1654 1809 ἐν
1671 1751 1916 1823 ὑψίστοις
1941 1751 2079 1823 Θεῷ.
2117 1769 2138 1806 ι

677 1839 1083 1908 ΚΕΦΑΑΑιοΝ
1130 1855 1230 1908 lE'.
1527 1901 1534 1906 .
1785 1851 1830 1908 Β

239 1943 440 1998 Τούτου
462 1944 518 1998 δὲ
545 1945 637 1998 τοῦ
664 1945 831 2015 ὕψους
854 1949 951 2018 τῆς
973 1946 1293 2018 ψαλμῳδίας
1321 1947 1354 2017 ἡ
1383 1942 1755 2017 ὑπερκειμένη

173 2037 378 2110 διαδοχὴ
410 2036 664 2091 τοσοῦτον
697 2038 790 2091 ἐπὶ
811 2038 870 2091 τδ
892 2039 1308 2109 μεγαλειότερον
1331 2036 1600 2108 διαφέρει,
1630 2036 1754 2089 ὅσον

174 2127 228 2192 ἐξ
250 2129 429 2181 αὐτῶν
465 2127 584 2180 ἔστι
615 2127 721 2180 τῶν
750 2129 1152 2200 γεγραμμένων
1184 2129 1395 2200 μαθεῖν.
1426 2127 1537 2181 Καὶ
1563 2127 1753 2199 ὥσπερ

172 2220 226 2271 ὲν
256 2221 368 2282 τοῖς
399 2215 693 2289 δρομεῦσιν
713 2220 741 2272 6
763 2220 854 2274 τὸν
883 2220 1112 2291 νικητὴν
1135 2220 1243 2274 τῶν
1269 2218 1442 2274 ἄλλων
1471 2219 1754 2292 παραδρα-

174 2309 301 2379 μὼν,
336 2311 563 2380 μείζονα
594 2311 688 2366 τοῦ
724 2311 991 2385 προτέρου
1021 2313 1122 2385 τὴν
1149 2311 1306 2376 δόξαν
1327 2313 1532 2384 ῆρατο,
1565 2310 1750 2383 κρείτ-

167 2418 270 2456 των
325 2403 658 2474 ἐπιδειχθεὶς
681 2405 775 2459 τοὺ
821 2406 1248 2477 προτρέχοντος·
1299 2404 1474 2468 οὑτως
1514 2405 1747 2476 ἓοικενή

169 2495 359 2567 ἐϐδόμη
389 2514 452 2550 τε
494 2499 590 2550 καὶ
623 2500 964 2570 πεντηκοστὴ
993 2497 1283 2569 ψαλμῳδία
1305 2538 1319 2562 ,
1353 2497 1596 2569 μεγάλης
1627 2499 1748 2551 ἐπι-

164 2583 466 2658 δειχθείσης
506 2589 625 2642 κατ’
658 2587 866 2642 ἔννοιαν
916 2587 1015 2658 τῆς
1045 2586 1517 2660 προδιηνυσμένης
1545 2629 1558 2653 ,
1593 2587 1750 2658 νικᾷν

164 2681 323 2749 αὐτὴν
348 2684 418 2751 τῇ
452 2681 796 2751 μεγαλοφυῖᾳ
842 2683 953 2744 τοῖς
997 2680 1149 2744 ἰδίοις
1196 2681 1498 2751 νοήμασιν
1532 2679 1608 2743 ὡς
1637 2679 1749 2753 γάρ

165 2772 338 2844 ἐκείνη
366 2775 514 2828 κοιτά
548 2773 658 2827 τῶν
707 2773 882 2828 ἄλλων
932 2769 1044 2844 εἷχε
1093 2773 1162 2827 τά
1214 2778 1506 2844 νικητήρια
1532 2816 1546 2839 ,
1574 2771 1750 2839 οὑτως

165 2864 296 2936 αὕτη
316 2866 417 2935 τῆς
449 2866 829 2936 ὑπερεχούσης
850 2866 958 2919 τῶν
986 2865 1162 2920 ἄλλων
1193 2865 1254 2918 τὸ
1283 2864 1443 2918 πλέον
1474 2864 1586 2936 ἔχει
1609 2882 1624 2898 ο
1651 2865 1747 2918 καὶ

163 2952 328 3026 ταύτῃ
351 2955 456 3024 γάρ
484 2957 754 3025 μαρτυρεῖ
781 2954 878 3025 τὴν
901 2955 1058 3026 νίκην
1091 2957 1124 3026 ή
1147 2975 1165 3006 ι
1185 2957 1280 3018 Εἰς
1304 2955 1364 3008 τὸ
1395 2954 1546 3018 τέλος
1567 2973 1584 3005 ι
1623 2955 1746 3008 ἐπι-

165 3049 364 3116 γραφή.
410 3046 554 3099 Ἀλλ’
584 3045 726 3100 ἔοικε
764 3047 840 3118 μὴ
871 3045 1122 3101 τοσοῦτον
1157 3047 1256 3118 τὴν
1288 3046 1398 3100 τῶν
1437 3046 1746 3100 ἀντιπάλων

163 3130 343 3207 ἧτταν,
379 3137 520 3191 ἀλλά
553 3137 645 3191 τὸν
665 3139 722 3191 ἐν
749 3141 860 3202 τοῖς
888 3139 1114 3206 ἀγαθοῖς
1136 3138 1474 3209 πλεονασμὸν
1502 3139 1595 3193 ἐπὶ
1621 3137 1747 3194 ταύ-

161 3246 254 3300 της
278 3231 375 3300 τῆς
410 3230 572 3300 νίκης
601 3231 630 3282 ὁ
656 3229 813 3298 λόγος
853 3229 1340 3300 διαμαρτύρεσθαι.
1381 3228 1532 3298 Ἔχει
1563 3229 1620 3282 δὲ
1644 3229 1744 3298 τῆς

161 3316 467 3388 ἐπιγραφῆς
498 3318 670 3382 οὕτως
694 3319 726 3389 ἡ
751 3319 896 3386 λέξις
917 3333 931 3348 °
962 3338 981 3370 ι
1011 3321 1106 3383 Εἰς
1129 3321 1190 3372 τὸ
1210 3320 1388 3384 τέλος,
1420 3319 1494 3391 μὴ
1509 3319 1745 3389 διαφθεί-

163 3425 272 3482 ρῃς,
290 3409 366 3480 τῷ
393 3409 561 3464 Δαϐῖδ
591 3412 670 3473 εἰς
690 3409 1118 3480 στηλογραφίαν.
1153 3429 1170 3460 ι
1205 3411 1444 3474 Ποσάκις
1464 3404 1606 3480 ὁτῆς
1638 3426 1746 3480 μα-

160 3502 456 3573 κροθυμίας
478 3502 789 3573 ἀγωνιστὴς
816 3503 908 3556 ἐπὶ
934 3503 1012 3574 τῷ
1035 3503 1284 3573 στεφάνῳ
1310 3503 1408 3573 τῆς
1436 3501 1593 3572 νίκης
1619 3501 1745 3554 ταύ-

158 3611 251 3665 της
277 3596 368 3648 ὑπ’
411 3597 580 3649 αὐτοῦ
627 3593 720 3648 τοῦ
755 3595 1092 3663 ἀγωνοθέτου
1132 3593 1610 3667 ἀνακηρύσσεται;
1647 3593 1743 3648 καὶ

159 3685 313 3740 αὐτοῦ
344 3688 487 3757 τάχα
527 3684 619 3739 τοῦ
646 3685 961 3758 Πνεύματος
993 3687 1084 3742 τοῦ
1139 3688 1292 3757 ἁγίου
1337 3687 1729 3757 θαυμαστικῶς

157 3777 248 3846 τὴν
301 3778 490 3850 φωνὴν
536 3778 741 3850 ταύτην
789 3778 1052 3842 πολλάκις
1100 3779 1612 3850 ἀναλαμϐάνοντος,
1665 3777 1742 3843 ὡς

156 3868 435 3936 κρείττονα
487 3863 651 3922 οὖσαν
685 3868 784 3940 τῆς
827 3869 936 3924 τῶν
963 3868 1266 3943 ἀνθρώπων
1302 3869 1614 3940 δυνάμεως,
1646 3869 1742 3921 καὶ

154 3960 255 4012 τῶν
292 3961 390 4031 τῆς
421 3960 643 4031 φύσεως
667 3962 808 4032 ὅρων
839 3962 1375 4033 ὑπερεκπίπτουσαν.
1412 3962 1598 4034 Μόνης
1629 3961 1738 4032 γάρ

151 4052 244 4122 τῆς
272 4055 569 4124 ἀσωμάτου
603 4070 661 4107 τε
695 4055 790 4108 καὶ
833 4054 998 4108 ἀΰλου
1033 4054 1249 4124 φύσεως
1274 4055 1350 4127 ,τὸ
1394 4053 1637 4107 τοιοῦτον
1669 4047 1740 4125 ἦν

153 4145 318 4199 εἰπεῖν
339 4189 353 4212 ,
389 4143 460 4220 ἦς
494 4147 646 4201 οὐδὲν
688 4148 860 4210 πάθος
905 4147 1015 4201 τῶν
1047 4146 1400 4219 ἀνθρωπίνων
1427 4146 1741 4218 προσάπτε-

152 4253 256 4291 ται.
287 4238 613 4310 Ἀνθρωπος
639 4239 698 4292 δέ
731 4257 814 4303 τις
840 4238 915 4292 ὣν
949 4239 1044 4293 καὶ⁴
1090 4239 1262 4311 θυμὸν
1307 4236 1740 4308 συνουσιωμένον

152 4325 284 4397 ἔχων
309 4331 376 4400 τῇ
401 4329 598 4398 φύσει,
619 4329 844 4400 πάσχων
865 4347 926 4382 τε
953 4329 1140 4393 κακῶς
1167 4328 1320 4400 παρὰ
1343 4328 1436 4382 τοῦ
1469 4327 1739 4399 μηδεμίαν

155 4417 248 4487 μὲν
275 4419 561 4490 εἰληφότος
607 4422 687 4484 είς
723 4421 787 4474 τὸ
836 4421 1008 4476 κακον
1061 4421 1352 4493 ἀφορμὴν,
1394 4419 1607 4475 πολλῶν
1645 4424 1740 4477 καὶ

2458 1844 2690 1902 CAPUT
2728 1845 2845 1904 XV.

1930 1930 2108 2003 Hujus
2140 1949 2271 1990 vero
2311 1935 2526 2005 psalmi,
2563 1937 2656 2007 qui
2707 1936 2980 2008 sequitur,
3019 1939 3292 1997 celsitudo
3324 1949 3453 1998 tan-

1857 2033 1973 2080 tum
2017 2026 2427 2098 magniﬁcentia
2477 2029 2718 2098 priorem
2768 2038 3012 2100 superat,
3068 2040 3338 2103 quantum
3379 2049 3449 2091 ex

1857 2117 1995 2186 ipsis
2018 2134 2142 2188 quae
2160 2119 2482 2174 scribuntur
2511 2120 2694 2175 verbis
2716 2121 2976 2192 colligere
3005 2122 3156 2192 licet,
3179 2131 3234 2181 et
3263 2141 3450 2196 quem-

1855 2211 2149 2266 admodum
2205 2212 2351 2268 inter
2398 2229 2680 2278 cursores,
2739 2214 2834 2284 qui
2877 2215 3144 2274 victorem
3207 2219 3443 2274 aliorum

1849 2304 2129 2359 currendo
2170 2306 2323 2369 vicit,
2353 2307 2650 2363 clariorem
2699 2325 2864 2380 quam
2893 2312 3048 2382 prior
3079 2313 3314 2383 gloriam
3351 2329 3443 2369 re-

1854 2398 2000 2463 tulit,
2049 2398 2245 2454 melior
2280 2398 2508 2455 etfectus
2555 2415 2622 2456 eo
2661 2401 2756 2471 qui
2807 2412 3246 2471 praecucurrerat
3287 2422 3303 2459 :
3365 2405 3446 2462 sic

1849 2490 2070 2546 videtur
2099 2492 2364 2562 septimus
2394 2499 2450 2548 et
2470 2493 2964 2566 quinquagesimus
2991 2495 3241 2567 psalmus
3269 2497 3444 2552 multo

1851 2583 2049 2653 majori
2081 2583 2447 2649 incremento,
2481 2585 2662 2654 quoad
2700 2587 3055 2652 sententiam,
3083 2587 3442 2658 magniﬁcen-

1849 2677 1925 2730 tia
1957 2677 2166 2746 proprii
2202 2692 2402 2732 sensus
2433 2676 2834 2748 praecedentem
2860 2693 3122 2748 superare
3148 2695 3162 2732 :
3205 2687 3266 2733 ut
3289 2679 3439 2735 enim

1849 2763 1942 2821 ille
1973 2764 2097 2820 aliis
2133 2765 2372 2835 palmam
2407 2765 2714 2835 praeripuit,
2756 2765 2836 2821 sic
2866 2767 2972 2822 iste
3011 2767 3134 2836 plus
3168 2767 3334 2824 habet
3372 2768 3440 2823 de

1847 2873 1935 2923 eo,
1985 2873 2096 2928 quo
2128 2859 2348 2915 caeteris
2382 2859 2681 2925 antecellit,
2722 2860 2885 2930 eique
2936 2861 3311 2916 testiinonium
3354 2861 3440 2917 vi-

1847 2951 2035 3007 ctoria:
2064 2951 2267 3021 praebet
2293 2952 2411 3022 ipsa
2446 2952 2737 3021 inscriptio
2763 2972 2776 3008 :
2807 2972 2825 3005 ι
2856 2951 2913 3008 In
2945 2951 3130 3009 ﬁnem.
3170 2973 3190 3006 ι
3227 2953 3335 3012 Sed
3363 2956 3440 3012 vi-

1847 3044 2009 3098 detur
2049 3043 2230 3097 oratio
2261 3059 2372 3098 non
2415 3055 2524 3098 tam
2555 3043 3002 3100 adversariorum
3043 3044 3438 3110 devictionem,

1849 3150 2012 3206 quam
2044 3135 2438 3190 abundantiam
2471 3135 2762 3201 bonorum,
2811 3151 2932 3206 quae
2969 3150 3032 3191 ex
3069 3136 3174 3194 hac
3204 3138 3435 3194 victoria

1848 3229 2229 3298 consequitur,
2270 3229 2568 3282 contestari
2617 3246 2631 3282 :
2684 3227 2768 3284 sic
2817 3243 2949 3283 vero
3000 3228 3068 3284 ad
3108 3228 3336 3285 verbum
3375 3245 3438 3284 se

1849 3321 2051 3376 habent
2095 3319 2477 3391 inscriptionis
2510 3319 2718 3376 verba:
2763 3337 2782 3372 ι
2833 3319 2896 3375 In
2944 3319 3153 3375 ﬁnem:
3201 3320 3284 3376 Ne
3316 3320 3436 3375 dis—

1847 3411 2067 3481 perdas,
2119 3410 2290 3466 David
2331 3411 2387 3466 in
2438 3411 2580 3466 tituli
2629 3411 3068 3482 inscriptionem.
3129 3431 3148 3465 ι
3203 3411 3435 3480 Quoties

1847 3503 2283 3573 longanimitatis
2315 3505 2416 3559 iste
2451 3503 2623 3574 pugil,
2660 3505 2732 3560 ob
2765 3519 3032 3560 coronam
3068 3505 3233 3575 hujus
3263 3507 3437 3562 victo-

1846 3597 1975 3657 riae,
2035 3611 2066 3650 a
2127 3598 2312 3666 seipsa
2362 3605 2622 3667 tauquam
2677 3598 3009 3668 agonotheta
3065 3600 3437 3669 praedicatur?

1844 3690 1966 3758 ipso
2017 3686 2272 3743 fortassis
2321 3687 2530 3756 Spiritu
2593 3695 2788 3742 sancto
2838 3689 3166 3746 mirabiliter
3203 3693 3434 3762 saepius

1843 3793 2031 3833 vocem
2060 3777 2209 3831 hanc
2240 3777 2494 3842 iterante,
2530 3778 2689 3849 quasi
2727 3781 3080 3849 praestantior
3124 3782 3195 3836 sit
3234 3783 3437 3838 virtute

1845 3871 2085 3924 humana
2111 3877 2168 3925 et
2206 3884 2373 3939 supra
2407 3879 2617 3924 naturae
2649 3869 2786 3928 ﬁnes
2819 3879 3008 3927 evecta
3036 3893 3048 3928 :
3084 3875 3258 3929 solius
3285 3875 3434 3930 enim

1843 3961 2186 4031 incorporeze
2231 3967 2285 4016 et
2332 3960 2713 4017 immaterialis
2762 3969 2974 4017 natura:
3025 3961 3130 4019 hoc
3185 3971 3306 4020 erat
3349 3965 3436 4020 di-

1841 4068 1994 4116 ccre,
2028 4068 2192 4122 quam
2237 4052 2386 4106 nulla
2419 4053 2786 4108 humanarum
2831 4052 3182 4109 at'fectionum
3233 4056 3430 4126 tangit.

1841 4144 2080 4201 Protulit
2111 4155 2294 4200 tamen
2332 4145 2476 4200 hanc
2520 4159 2710 4200 vocem
2744 4146 2931 4213 homo,
2963 4147 3055 4217 qui
3099 4148 3235 4202 iram
3271 4164 3302 4204 a
3333 4163 3435 4203 na-

1842 4251 1966 4298 tura
1989 4255 2104 4295 sum
2125 4227 2450 4295 substantiae
2481 4237 2728 4292 innatam
2762 4238 2944 4304 habet,
2975 4239 3070 4309 qui
3096 4239 3268 4294 multa
3287 4241 3433 4296 mala

1841 4332 2250 4406 perpetiebatur
2284 4330 2352 4385 ab
2381 4345 2444 4384 eo
2473 4328 2565 4384 cui
2596 4329 2804 4384 nullam
2837 4329 2968 4384 mali
3001 4329 3312 4400 cuiuspiam
3344 4330 3434 4385 in-

1842 4424 2052 4481 ferendi
2102 4421 2452 4477 occasionem
2501 4419 2729 4474 dederat
2755 4439 2767 4474 :
2794 4420 2904 4475 imo
2947 4420 3019 4476 ab
3059 4435 3124 4476 eo
3171 4422 3227 4477 in
3266 4437 3431 4490 quem

153 4506 401 4579 μεγάλων
429 4511 650 4580 ἀγαθῶν
681 4512 990 4584 ἠξιωμένου
1010 4554 1025 4578 ,
1057 4515 1199 4586 ὑπέρ
1229 4533 1289 4569 τε
1317 4517 1416 4587 τῆς
1443 4517 1608 4589 κενῆς
1637 4518 1735 4589 ἀρ-

1850 4517 2016 4571 multa
2044 4522 2099 4568 et
2131 4511 2369 4582 insignia
2399 4509 2665 4567 beneﬁcia
2703 4511 3046 4578 contulerat;
3077 4515 3170 4582 qui
3207 4521 3432 4584 propter

151 4599 366 4671 χῆςκαὶ
391 4604 534 4676 ὑπὲρ
559 4603 668 4657 τῶν
693 4606 773 4668 είς
797 4605 960 4659 αὐτὸν
983 4607 1187 4660 ἐκεῖνον
1211 4607 1614 4679 γεγενημένων,
1645 4603 1736 4663 οὗ·

148 4707 236 4755 τος
266 4695 610 4766 μετανάστης
643 4695 735 4748 ὑπ’
770 4695 934 4748 αὑτοῦ
972 4695 1067 4749 τοῦ
1099 4699 1198 4768 τῆς
1230 4698 1477 4763 εὐποιίας
1506 4717 1738 4772 τετυχη-

149 4781 300 4846 κότος
352 4783 450 4836 καὶ
478 4783 655 4853 φυγὰς
686 4784 896 4852 γίνεται
925 4783 1025 4853 τῆς
1053 4784 1259 4847 οἰκείας
1295 4785 1481 4848 ἑστίας
1510 4787 1604 4839 ἐπὶ
1640 4785 1738 4839 θα-

147 4874 291 4946 νάτῳ
323 4875 480 4947 παρά
507 4876 600 4930 τοῦ
628 4871 687 4930 εὗ
722 4875 1057 4939 πεπονθότος
1085 4876 1562 4947 συνελαυνόμενος.
1604 4877 1735 4930 Ἀλ-

147 4966 262 5020 λοτε
288 4968 450 5023 ἀλλον
475 4969 580 5023 ὑπὸ
607 4968 918 5040 ἀμηχανίας
946 4967 1120 5022 ἐπιὼν
1142 4968 1306 5022 τόπον
1329 4970 1558 5040 ἐρήμοις
1579 4971 1737 5023 ἐναυ-

148 5058 424 5132 λιζόμενος
445 5101 461 5126 ,
489 5061 822 5132 ἀκρωρείαις
859 5060 1219 5134 προσφεύγων
1238 5099 1254 5125 ,
1283 5059 1596 5129 ἀλλοφύλων
1631 5060 1738 5115 ίκέο

147 5167 244 5222 της
299 5154 624 5224 γενόμενος,
671 5155 730 5206 ἐν
765 5153 943 5225 ἐνδείᾳ
979 5153 1090 5206 τῶν
1117 5151 1432 5220 ἀναγκαίων
1483 5169 1734 5206 κακοπα-

149 5242 270 5310 θῶν,
305 5244 574 5318 ὕπαιθρος
603 5245 674 5299 τὰ
702 5245 872 5299 πολλά
897 5245 1295 5317 διακαρτερῶν,
1315 5244 1574 5308 πολλάκις
1599 5245 1731 5316 παρ’

148 5335 307 5390 αὐτοῦ
331 5337 425 5390 τὸν
470 5338 630 5409 μέχρι
662 5337 894 5393 θανάτου
923 5338 1166 5391 κίνδυνον
1198 5336 1438 5400 ὑποστάς
1462 5377 1476 5400 ,
1504 5336 1600 5388 νῦν
1633 5336 1733 5405 μὲν

147 5427 398 5500 αὐτόχειρ
427 5429 517 5483 διά
547 5434 644 5502 τῆς
675 5429 873 5503 λόγχης
904 5431 1040 5500 πρὸς
1079 5431 1167 5484 τὸν
1195 5432 1314 5484 κατ’
1358 5429 1524 5482 αὑτοῦ
1574 5430 1732 5497 φόνον

145 5521 486 5592 ὁρμήσαντος
505 5539 517 5552 ·
536 5525 700 5578 πάλιν
725 5524 783 5576 δὲ
813 5525 904 5578 τὸν
934 5520 1101 5588 οἷκον,
1130 5525 1189 5577 ἐν
1217 5519 1261 5591 ᾧ
1281 5524 1486 5594 διῆγεν,
1511 5523 1598 5576 διὰ
1623 5521 1732 5576 τῶν

144 5609 458 5684 δορυφόρων
488 5614 859 5680 διαλαϐόντος,
886 5615 960 5682 ὡς
989 5616 1054 5670 ἀν
1080 5614 1154 5686 μὴ
1178 5614 1336 5683 φύγοι
1362 5615 1450 5668 τὸν
1475 5613 1722 5669 θάνατον.

182 5786 200 5814 ⁸
244 5785 377 5842 Luc.
416 5803 477 5850 ti,
511 5788 596 5846 i6.

1835 4614 2001 4667 inane
2029 4606 2314 4671 imperium
2337 4644 2351 4668 ,
2374 4611 2428 4658 et
2453 4603 2525 4657 ob
2549 4603 2640 4658 illa
2670 4603 2808 4672 ipsa,
2831 4619 2954 4673 quae
2981 4603 3131 4660 illius
3154 4605 3328 4673 gratia
3352 4605 3432 4660 fe-

1835 4709 2010 4764 cerat,
2041 4695 2200 4753 exsul
2225 4694 2460 4752 eﬁicitur
2491 4697 2562 4750 ab
2599 4694 2691 4750 illo
2722 4695 2842 4764 ipso
2865 4696 2958 4764 qui
2987 4695 3268 4754 beneﬁciis
3299 4696 3431 4754 atie-

1836 4802 1960 4849 ctus
2004 4791 2218 4852 fuerat;
2261 4786 2639 4857 profugusque
2671 4786 2749 4851 lit,
2789 4786 3009 4856 propria
3045 4787 3234 4853 domo,
3267 4788 3338 4842 ab
3364 4804 3430 4845 eo

1835 4884 1905 4939 de
1956 4893 2068 4952 quo
2116 4877 2258 4933 bene
2309 4877 2541 4931 meritus
2593 4885 2734 4940 erat,
2787 4875 3021 4946 ejectus,
3070 4877 3208 4932 alias
3259 4877 3426 4933 alium

1841 4988 1957 5045 prae
1999 4968 2388 5039 desperatione
2422 4967 2603 5021 locum
2651 4974 2866 5038 petens,
2909 4967 2964 5022 in
2994 4969 3294 5025 solitudine
3333 4969 3430 5025 de-

1835 5081 1990 5137 gens,
2046 5063 2102 5116 in
2153 5060 2421 5115 montium
2469 5059 2705 5114 vertices
2751 5075 2812 5114 se
2854 5061 3148 5130 recipiens,
3195 5060 3427 5130 supplex

1834 5152 2160 5224 alienigenis
2228 5151 2439 5215 factus,
2473 5151 2656 5221 inopia
2724 5167 2909 5206 rerum
2985 5150 3424 5206 necessariarum

1833 5248 2090 5312 amictus,
2126 5245 2230 5301 sub
2255 5244 2347 5299 dio
2375 5244 2699 5315 plerumque
2732 5258 2920 5314 agens,
2945 5257 3090 5313 saepe
3119 5243 3420 5313 periculum

1831 5340 2030 5396 mortis
2058 5339 2127 5394 ab
2151 5338 2371 5409 ingrato
2390 5343 2637 5392 creatum
2663 5335 2876 5402 adiens,
2907 5337 2999 5406 qui
3027 5349 3176 5390 nunc
3200 5332 3420 5404 quidem

1839 5449 1942 5490 sua
1974 5447 2162 5497 manu,
2196 5430 2352 5485 hasta
2382 5437 2621 5499 arrepta,
2659 5427 2861 5483 caedem
2895 5427 2974 5482 illi
3004 5427 3256 5496 intentat,
3295 5442 3422 5482 rur-

1839 5538 2048 5594 susque
2079 5522 2302 5576 domum
2337 5519 2392 5574 in
2422 5534 2530 5590 qua
2565 5519 2817 5587 degebat,
2862 5518 3198 5574 satellitibus
3229 5518 3420 5589 stipat,

1840 5628 1912 5668 ne
1942 5620 2170 5668 mortem
2206 5610 2507 5682 eﬁ'ugeret:
2541 5608 2634 5680 qui
2681 5607 2878 5665 dcinde
2919 5601 3148 5658 sollicite
3164 5600 3410 5675 inquirit.
