3844 6360
427 357 522 411 ελεγι

1699 349 1756 406 S.
1797 343 2128 406 GREGORII
2157 346 2454 403 NYSSENI

3590 354 3707 411 592

426 481 519 537 ubi
558 482 801 536 locorum
833 486 1167 540 versaretur,
1210 477 1303 532 ubi
1347 477 1528 531 cibum
1566 476 1912 544 sumpsisset.
1955 480 2007 525 et

2119 466 2243 525 Εἶτα
2270 473 2546 545 πανταχοῦ
2579 475 3160 548 πολυπραγμονοῦντος
3181 517 3194 540 ,
3229 477 3287 530 ἐν
3320 474 3402 541 οἷς
3449 477 3709 550 ηὐλίζετο

427 573 567 644 apud
600 587 740 642 quos
775 578 980 641 ageret,
1019 579 1072 624 et
1101 570 1166 623 ad
1199 584 1338 639 quos
1374 567 1730 637 confugisset,
1757 574 1809 620 et
1857 574 2008 634 post-

426 679 588 735 quam
623 662 704 717 bis
751 661 854 730 ipsi
898 661 1080 716 oblata
1129 668 1214 714 est
1262 659 1382 728 ejus
1423 655 1707 712 occidendi
1746 661 2010 725 Opportu-

423 758 588 818 nitas,
630 760 763 806 tunc
792 751 1014 822 quidem
1056 766 1180 804 cum
1224 749 1566 818 in-spelunca
1615 763 1680 800 ex
1717 745 2011 815 improviso

425 848 552 900 Saul
591 847 645 899 in
680 859 877 899 manus
910 842 1131 896 Davidis
1170 840 1476 901 incidisset,
1509 853 1705 893 rursus
1743 837 1798 890 in
1830 835 2012 889 taber-

425 940 656 1002 naculo,
712 937 933 1009 quando
990 950 1183 990 somno
1239 934 1485 1002 sepultus
1531 931 1777 1000 iacebat;
1845 927 2009 980 David

425 1046 556 1088 vero
584 1031 877 1085 dormienti
907 1027 1103 1089 astitit,
1146 1026 1368 1095 quando
1396 1038 1611 1078 omnem
1649 1021 1844 1075 licebat
1873 1021 2007 1073 iram

427 1128 480 1180 in
523 1126 670 1180 οπιιιο
717 1123 801 1179 sui
842 1121 1214 1193 persecutoris
1268 1126 1626 1180 exsaturare;
1675 1129 1849 1182 neque
1896 1113 2011 1183 ipse

425 1234 622 1273 manus
659 1219 707 1271 ei
744 1215 945 1276 attulit,
989 1223 1040 1269 et
1069 1214 1142 1266 illi
1175 1213 1265 1281 qui
1327 1211 1392 1264 ad
1441 1210 1642 1264 caedem
1695 1207 2008 1267 festinabat,

425 1310 580 1374 illud,
621 1329 638 1359 ι
682 1307 758 1361 Ne
804 1304 1111 1375 disperdas,
1148 1323 1165 1354 ι
1205 1303 1373 1356 dixit:
1419 1300 1530 1354 Deo
1557 1299 1719 1369 digna
1757 1306 1842 1352 est
1879 1311 2006 1358 vox,

426 1419 546 1473 qua:
575 1400 813 1455 hominis
841 1396 1120 1452 interitum
1154 1403 1318 1448 vetat.

497 1585 768 1652 Quocirca
801 1580 1265 1654 quemadmodum
1295 1579 1396 1642 illi,
1427 1578 1518 1648 qui
1557 1577 1887 1630 illustriores
1913 1589 2010 1628 no-

427 1686 512 1731 tas
551 1677 606 1730 in
659 1674 932 1745 lapidibus
975 1672 1338 1741 exsculpunt,
1377 1669 1432 1724 in
1470 1666 1800 1739 profundum
1848 1665 2009 1719 catla-

425 1783 547 1824 tura
585 1768 834 1822 incidunt
877 1766 1272 1820 elementorum
1315 1761 1683 1816 characteres.
1729 1757 1870 1827 stylo
1913 1770 2007 1809 sae-

2113 567 2206 619 καὶ
2229 562 2310 629 οἷς
2336 567 2664 637 κατέφαγεν,
2693 569 2846 639 παρά
2863 568 3013 632 τίνας
3037 568 3144 638 εἴη,
3167 569 3258 622 καὶ
3283 569 3420 640 πρὸς
3443 569 3539 632 οὓς
3567 587 3707 638 μετ-

2112 656 2383 711 ανίστατο.
2451 659 2562 711 Καὶ
2614 657 2800 728 ἐπειδὴ
2847 657 2930 721 δὶς
2976 658 3124 729 αὐτῷ
3169 657 3566 729 συνέδραμενή
3605 658 3706 712 τοῦ

2113 747 2431 799 ἀποκτεῖναι
2460 747 2551 799 τὸν
2576 747 2768 818 ἐχθρὸν
2803 747 3075 818 εὐκαιρία,
3110 748 3202 802 νῦν
3229 748 3327 819 μὲν
3357 751 3414 802 ἐν
3446 747 3527 820 τῷ
3559 765 3708 822 σπη-

2113 835 2248 904 λαίῳ
2279 837 2600 906 άπξοόπτως
2631 837 2726 890 τοῦ
2755 840 2929 892 Σαοὺλ
2970 843 3091 903 ταῖς
3116 838 3209 893 τοῦ
3238 840 3402 894 Δαϐὶδ
3432 842 3710 912 ἐμπεσόν-

2111 945 2201 991 τος
2224 927 2437 998 χερσίν⁸
2471 929 2633 982 πάλιν
2661 929 2718 982 δὲ
2748 930 2888 983 κατά
2913 929 3010 1000 τὴν
3050 931 3274 1004 σκηνὴν,
3311 932 3399 986 ὅτε
3428 933 3457 984 ὁ
3490 933 3595 1002 μὲν

2115 1018 2266 1090 ὕπνῳ
2300 1017 2650 1092 πάρετος“ἧν,
2682 1023 2710 1074 ὁ
2748 1021 2803 1075 δέ
2831 1021 2995 1075 Δαϐὶδ
3019 1024 3332 1096 ἐφειστήκει
3360 1024 3707 1086 καθεύδοντι.

2111 1112 2198 1164 ὅτε
2230 1113 2409 1166 πᾶσαν
2439 1111 2566 1182 ἐξῆν
2591 1111 2740 1181 αὐτῷ
2764 1112 2861 1183 τὴν
2893 1113 3061 1184 ὀργὴν
3087 1115 3143 1166 ἐν
3168 1113 3246 1184 τῷ
3279 1114 3424 1184 φόνῳ
3455 1103 3551 1167 τόὗ
3580 1115 3712 1168 διώ-

2113 1221 2299 1268 κοντος
2350 1204 2512 1258 αὐτὸν
2558 1205 2988 1276 ἀποπληρῶσαι·
3032 1205 3157 1260 οὐτε
3205 1206 3366 1270 αὐτὸς
3406 1207 3506 1276 τὴν
3540 1210 3710 1278 χεῖρα

2113 1297 2410 1366 ἐπήγαγεν,
2469 1299 2560 1350 καὶ
2616 1296 2693 1366 τῷ
2741 1296 2878 1366 πρὸς
2925 1295 3023 1366 τὴν
3069 1297 3346 1368 ἀναίρεσιν
3387 1298 3703 1360 σπεύδοντι,

2117 1405 2136 1436 ι
2173 1386 2264 1458 Μὴ
2301 1386 2646 1460 διαφθείρῃς,
2670 1405 2688 1437 ι
2719 1387 2883 1455 λέγει.
2925 1387 3060 1440 Θεοῦ
3088 1405 3171 1452 τις
3201 1388 3460 1458 ἄντικρύς
3492 1390 3648 1442 ἐστιν
3671 1392 3706 1460 ἡ

2113 1472 2281 1544 φωνὴ,
2307 1475 2404 1544 τὴν
2439 1475 2644 1546 φθορὰν
2679 1477 2769 1530 ἐπὶ
2793 1475 2886 1530 τοῦ
2917 1476 3204 1548 ἀνθρώπου
3230 1477 3536 1533 κωλύουσα.

2179 1565 2278 1618 Διά
2307 1565 2463 1619 τοῦτο
2489 1567 2738 1639 καθάπερ
2760 1571 2809 1623 οἱ
2838 1571 3215 1640 ἐπισημότερα
3242 1569 3523 1634 ποιοῦντες
3543 1570 3614 1624 τὰ
3648 1573 3707 1624 ἐν

2108 1660 2221 1720 τοῖς
2276 1657 2443 1721 λίθοις
2497 1660 2863 1730 χαράγματα,
2911 1662 2990 1724 εἰς
3047 1659 3208 1730 βάθος
3259 1661 3580 1730 ἐντέμνουσι
3633 1665 3704 1732 τῇ

2110 1750 2286 1822 γλυφῇ
2335 1753 2444 1806 τῶν
2495 1754 2772 1822 στοιχείων
2820 1754 2946 1816 τοὺς
2997 1755 3384 1825 χαρακτῆρας,
3435 1754 3706 1820 πολλάκις

425 1863 550 1930 pius
591 1859 779 1915 formis
822 1857 1082 1922 inducto;
1128 1856 1208 1910 sic
1241 1860 1503 1925 perpetua
1539 1848 1860 1920 repetitione
1893 1847 2008 1918 Spi-

2119 1843 2407 1911 ἐπάγοντες
2446 1845 2544 1916 τὴν
2586 1845 2825 1916 γραφίδα
2857 1847 2969 1909 τοῖς
2998 1817 3438 1916 τύποιςί·”οὐτως
3477 1847 3566 1901 διὰ

424 1954 565 2007 ritus
607 1958 855 2014 sanctus,
906 1949 1209 2019 planiorem
1249 1953 1303 2000 et
1343 1941 1805 2003 manifestiorem,
1849 1941 2006 2010 quasi

423 2045 477 2100 in
507 2045 759 2099 columna
786 2040 1063 2096 memoria:
1090 2045 1312 2103 nostrae,
1349 2034 1693 2106 magnificam
1725 2033 1884 2086 istam
1912 2045 2008 2085 vo-

421 2151 541 2190 cem
585 2135 796 2192 efficere
838 2140 1093 2197 conatur,
1136 2139 1195 2184 ut
1241 2129 1389 2184 clare
1435 2135 1488 2182 et
1522 2127 1641 2182 sine
1686 2124 2010 2180 confusione

425 2227 755 2296 scripturam
806 2224 951 2277 hanc
985 2221 1144 2276 nobis
1185 2219 1538 2289 insculptam,
1577 2224 1824 2284 tempore
1858 2215 2014 2269 cala-

425 2316 677 2368 mitatum
726 2321 782 2369 et
825 2311 1301 2382 perturbationum
1348 2309 1594 2379 legamus
1642 2325 1657 2361 :
1703 2306 1805 2358 hoc
1862 2305 2010 2358 enim

428 2415 680 2461 sanctum
716 2403 986 2475 Spiritum
1021 2402 1316 2457 consilium
1360 2405 1613 2470 spectare
1641 2397 1903 2460 arbitror,
1953 2401 2011 2447 ut

429 2498 688 2567 praeclare
720 2495 865 2549 facta
913 2501 1232 2549 sanctorum
1283 2491 1527 2546 virorum
1569 2489 1680 2544 sint
1725 2489 1778 2542 in
1829 2503 2010 2543 exem-

428 2592 599 2658 plum,
628 2597 682 2643 et
712 2587 872 2659 quasi
899 2585 1160 2641 ducatum
1188 2581 1481 2654 posteriori
1504 2581 1648 2640 vitae,
1683 2581 1748 2634 ad
1780 2580 2009 2634 similem

423 2680 798 2750 praestantiam
829 2676 1137 2731 imitatione
1163 2690 1266 2730 nos
1292 2674 1579 2728 invitante.
1611 2671 1840 2737 Quando
1862 2671 2007 2725 enim

425 2774 493 2827 ad
521 2759 666 2840 ejus,
700 2771 792 2842 qui
831 2785 934 2825 nos
969 2769 1050 2823 ira
1104 2766 1548 2829 inflammaverit,
1592 2765 1855 2820 ultionem
1899 2765 2012 2818 ani-

424 2879 550 2918 mus
575 2868 860 2923 exaestuat,
891 2868 944 2915 et
966 2858 1320 2915 excandescit
1348 2858 1528 2934 iratus
1547 2857 1772 2926 sanguis
1800 2857 2009 2910 circum

427 2954 750 3024 praecordia,
799 2953 856 3007 in
899 2952 1053 3006 illum
1081 2951 1174 3021 qui
1218 2964 1322 3005 nos
1356 2948 1607 3003 molestia
1638 2946 1838 3010 affecit,
1881 2957 2011 3001 tunc

427 3049 494 3102 ad
538 3045 1045 3107 hanc-columnam,
1074 3057 1239 3112 quam
1288 3039 1531 3112 Spiritus
1563 3047 1794 3094 sanctus
1822 3037 2010 3092 Daridi

2113 1935 2368 2006 συνεχοῦς
2401 1937 2826 2008 ἐπαναλήῴεως,
2859 1939 2920 1991 τὸ
2947 1937 3171 2009 Πνεῦμα
3209 1937 3270 1992 τὸ
3298 1939 3454 2007 ἆγιον
3484 1939 3704 2008 τρανὼ-

2111 2047 2264 2101 τερον
2293 2031 2385 2084 καὶ
2413 2030 2631 2101 εὔδηλον
2660 2033 2718 2084 ἐν
2739 2035 2803 2102 τῇ
2831 2031 3001 2104 στήλῃ
3033 2034 3132 2104 τῆς
3161 2033 3383 2103 μνήμης
3411 2032 3573 2104 ἡμῶν
3595 2033 3702 2104 τὴν

2115 2123 2357 2193 μεγάλην
2386 2123 2589 2190 ταύτην
2638 2123 2797 2196 ῥῆσιν
2843 2123 3096 2192 γενέσθαι
3143 2123 3553 2194 παρασκευάζει
3577 2141 3589 2154 ·
3619 2127 3703 2189 ὡς

2113 2213 2178 2266 ἂν
2199 2230 2226 2265 τ
2235 2212 2394 2284 ρανόν
2412 2216 2587 2268 τεκαὶ
2607 2214 2908 2284 ἀσύγχυτον
2927 2215 3363 2287 ἐντετυπωμένον
3383 2218 3516 2286 ἡμῖν
3537 2217 3705 2271 τοῦτο

2110 2305 2171 2356 τὸ
2198 2306 2431 2376 γράμμα
2455 2347 2470 2370 ,
2501 2307 2559 2358 ἐν
2597 2305 2676 2376 τῷ
2709 2307 2887 2378 καιρῷ
2917 2307 3026 2361 τῶν
3054 2307 3391 2379 παθημάτων
3422 2309 3700 2378 ἀναγινώ-

2115 2412 2316 2450 σκοιτο.
2343 2397 2486 2466 Πρὸς
2512 2397 2670 2451 τοῦτο
2691 2399 2804 2470 γὰρ
2829 2395 2981 2470 οἶμαι
3009 2400 3110 2471 τὴν
3141 2400 3234 2454 τοῦ
3264 2401 3416 2470 ἁγίου
3445 2402 3702 2472 Πνεύμαο

2113 2507 2203 2554 τος
2227 2492 2538 2562 οἰκονομίαν
2566 2495 2720 2564 ὁρᾷν.
2746 2492 2885 2546 ὥστε
2911 2493 2980 2547 τὰ
3011 2493 3349 2566 προλαϐόντα
3379 2494 3489 2548 τῶν
3525 2496 3702 2564 ἁγίων

2115 2583 2323 2652 ἀνδρῶν
2359 2583 2758 2656 κατορθώματα
2784 2627 2797 2648 ,
2836 2586 2916 2650 είς
2972 2587 3195 2656 ὁδηγίαν
3239 2589 3560 2660 προκεῖσθαι
3621 2590 3701 2660 τῷ

2118 2675 2255 2742 μετά
2291 2675 2464 2729 ταῦτα
2499 2675 2600 2746 βίῳ
2626 2719 2639 2741 ,
2666 2678 2801 2748 πρὸς
2832 2678 2892 2731 τὸ
2927 2677 3038 2731 ἴσον
3059 2674 3126 2731 ’τε
3158 2679 3250 2732 καὶ
3275 2680 3458 2750 ὅμοιον
3490 2681 3699 2749 ἀγαθὸν

2117 2765 2464 2838 προαγούσης
2483 2769 2631 2839 ἡμᾶς
2657 2771 2761 2840 τῆς
2788 2769 3093 2839 μιμήσεως.
3115 2770 3232 2824 ’Ὀτ“
3247 2771 3312 2825 ἂν
3328 2771 3436 2842 γὰρ
3449 2771 3696 2844 διοιδήσῃ

2115 2856 2253 2926 πρὸς
2284 2857 2385 2926 τὴν
2437 2856 2530 2910 τοῦ
2586 2856 2979 2927 παροξύνοντος
3023 2860 3304 2931 ἀμυνανή
3359 2861 3546 2932 ψυχὴ,
3599 2863 3701 2916 καὶ

2115 2946 2249 3018 ζέσῃ
2276 2947 2353 3017 τῷ
2388 2947 2542 3019 θυμῷ
2585 2949 2646 3002 τὸ
2676 2950 3022 3022 περικάρδιον
3053 2946 3192 3022 αἷμα
3239 2952 3378 3006 κατά
3401 2952 3496 3006 τοῦ
3541 2953 3701 3006 λελυ-

2116 3039 2353 3109 πηκότος
2380 3079 2394 3102 ,
2421 3041 2543 3094 τότε
2580 3042 2717 3112 πρὸς
2747 3041 2954 3113 ταύτην
2980 3059 3063 3106 τις
3109 3043 3416 3113 ἀναϐλέψας
3434 3043 3532 3116 τὴν
3571 3047 3700 3116 στή-

425 3140 620 3200 erexit,
676 3134 998 3206 respiciens,
1049 3140 1105 3187 et
1154 3131 1322 3187 verba
1367 3129 1423 3184 in
1479 3129 1568 3183 illa
1617 3129 1844 3198 scripta,
1893 3143 2010 3198 quae

2121 3131 2240 3200 λην,
2273 3132 2338 3203 ἣν
2375 3134 2435 3186 τὸ
2473 3133 2626 3202 διγιον
2659 3135 2882 3205 Πνεῦμα
2906 3135 2982 3205 τῷ
3007 3136 3170 3190 Δαϐὶδ
3197 3137 3534 3207 ἀνεστήσατο
3553 3176 3571 3200 ,
3603 3138 3701 3190 καὶ

426 3228 600 3284 David
645 3242 745 3299 pro
787 3227 874 3282 sui
921 3222 1293 3280 interfectoris
1339 3221 1718 3277 incolumitate
1763 3221 2009 3290 protulit,

427 3323 714 3393 relegens,
771 3317 1154 3390 tranquillabit
1213 3315 1442 3370 omnino
1499 3313 1796 3366 tumultum
1859 3312 2011 3366 illum

429 3415 847 3488 cogitationum,
893 3426 1015 3484 qua:
1066 3413 1120 3464 in
1172 3409 1359 3463 animo
1403 3408 1774 3470 exstiterunt;
1821 3414 2013 3475 pacata

428 3509 577 3562 omni
603 3504 1035 3577 perturbatione,
1069 3501 1344 3556 desiderio
1384 3497 1711 3554 imitationis
1750 3507 1857 3550 tam
1888 3497 2016 3551 insi-

429 3599 617 3668 gnium
667 3596 996 3651 facinorum.
1036 3593 1207 3647 Porro
1253 3591 1687 3662 magnitudinem
1736 3588 2014 3660 profectus

426 3691 550 3758 ejus
585 3688 676 3757 qui
716 3701 882 3756 super
919 3685 1084 3754 hujus
1121 3683 1316 3754 psalmi
1361 3681 1590 3753 gradum
1641 3680 1911 3742 ascendit,
1946 3695 2010 3734 ex

428 3779 564 3849 ipsis
593 3777 778 3832 itidem
823 3775 1024 3846 psalmi
1061 3773 1244 3828 verbis
1296 3773 1608 3842 perspicere
1656 3771 1803 3834 licet,
1839 3784 2015 3838 quan-

425 3879 542 3922 tum
587 3868 840 3923 videlicet
880 3864 1256 3936 magnitudine
1312 3872 1367 3917 et
1395 3862 1711 3918 excelsitate
1765 3860 2016 3931 superio-

423 3979 540 4018 rem
588 3966 881 4029 exsuperet
922 3977 935 4011 :
971 3972 1081 4011 non
1109 3956 1254 4009 enim
1303 3955 1540 4024 amplius
1572 3970 1632 4010 se
1661 3955 1730 4008 ah
1774 3953 2016 4008 inimicis

413 4052 754 4107 conculcari
805 4048 1187 4118 conqueritur,
1239 4063 1416 4116 neque
1472 4046 1909 4101 misericordiam
1959 4045 2015 4098 in

430 4143 740 4198 subsidium
774 4140 1030 4201 advocat,
1067 4139 1162 4194 sed
1207 4139 1263 4192 in
1309 4139 1478 4192 altum
1525 4145 1770 4203 evectus,
1807 4137 1957 4191 velut
1985 4151 2015 4190 e

431 4234 657 4305 specula
707 4232 947 4304 quadam
991 4232 1235 4294 excelsa,
1283 4231 1370 4286 his
1423 4230 1516 4300 qui
1567 4227 1710 4283 infra
1762 4230 1816 4282 in
1849 4228 2016 4298 hujus

431 4329 687 4381 humanae
721 4326 844 4380 vita:
876 4324 1112 4378 vallibus
1142 4323 1369 4394 degunt,
1405 4320 1860 4392 reprehensionis
1897 4335 2015 4373 mo-

428 4422 499 4476 do
543 4421 647 4474 ista
687 4419 902 4474 intonat
933 4435 945 4471 :
978 4415 1165 4471 Heus!
1202 4415 1483 4476 mortales,
1519 4413 1651 4484 quid
1689 4412 2018 4483 loquimini?

2116 3225 2214 3296 τὴν
2243 3225 2300 3276 ἐν
2329 3225 2478 3295 αὐτῷ
2524 3227 2707 3296 φωνὴν
2748 3228 3013 3294 ἀναγνοὺς
3041 3266 3054 3289 ,
3075 3228 3141 3298 ἢν
3181 3230 3210 3281 ό
3242 3227 3403 3281 Δαϐὶδ
3427 3228 3575 3298 ὑπὲρ
3605 3229 3700 3282 τοῦ

2117 3317 2386 3384 φονῶντος
2435 3317 2735 3386 ἐφθέγξατο
2769 3335 2781 3348 ·
2819 3320 3205 3391 καταστορέσει
3252 3321 3469 3384 πάντως
3501 3321 3603 3392 τὴν
3644 3324 3702 3374 ἐν

2115 3411 2181 3478 τῇ
2203 3408 2346 3479 ψυχῇ
2367 3410 2473 3462 τῶν
2495 3409 2771 3480 λογισμῶν
2794 3413 3055 3484 ταραχὴν,
3083 3413 3229 3484 πόθῳ
3248 3416 3345 3485 τῆς
3363 3413 3472 3466 τῶν
3494 3414 3700 3486 ὁμοίων

2121 3501 2403 3572 μιμήσεως
2437 3503 2840 3572 καταπραΰνων
2892 3503 2952 3554 τὸ
3000 3502 3190 3566 πάθος.
3233 3506 3470 3576 Πάρεστι
3525 3506 3584 3558 δὲ
3642 3507 3701 3559 τὸ

2119 3590 2346 3660 μέγεθος
2375 3589 2469 3642 τοῦ
2498 3589 2586 3643 διά
2608 3593 2888 3661 προκοπῆς
2914 3591 3006 3644 ἐπὶ
3031 3591 3120 3645 τὸν
3153 3591 3358 3663 βαθμὸν
3387 3596 3486 3664 τῆς
3515 3593 3701 3665 ψαλμε·

2119 3681 2282 3751 ῳδίας
2331 3679 2533 3750 ταύτης
2581 3682 3016 3751 ἀναϐεϐηκότος,
3051 3685 3144 3735 καὶ
3199 3684 3266 3738 δι’
3331 3684 3513 3738 αὐτῶν
3562 3703 3698 3740 κατ-

2081 3817 2094 3822 -
2118 3772 2245 3824 ιδεῖν
2273 3771 2381 3824 τῶν
2411 3771 2509 3841 τῆς
2521 3772 2840 3842 ψαλμῳδίας
2869 3775 3149 3845 ῥημάτων,
3179 3776 3302 3829 ὅσον
3327 3777 3420 3830 τοῦ
3447 3797 3702 3849 παρῳχη-

2116 3865 2272 3926 κότος
2301 3865 2566 3935 μεγέθους
2596 3867 3052 3937 ὐπερανέστησεν.
3091 3867 3289 3921 Οὐκέτι
3326 3868 3434 3941 γὰρ
3467 3870 3599 3924 οὐτε
3641 3872 3702 3924 τὸ

2116 3955 2405 4007 πατεῖσθαι
2437 3954 2587 4026 παρά
2617 3956 2724 4008 τῶν
2751 3956 2961 4028 ἐχθρῶν
2990 3958 3250 4023 αἰτιᾶται,
3279 3957 3401 4012 οὔτε
3430 3960 3522 4013 τὸν
3549 3961 3701 4014 ἔλεον

2115 4050 2195 4110 εἰς
2225 4047 2539 4117 συμμαχίαν
2563 4046 2869 4117 ἐφέλκεται,
2899 4049 3013 4101 ἀλλ’
3039 4051 3149 4104 ἄνω
3169 4051 3458 4121 γενόμενος
3473 4094 3487 4117 ,
3509 4052 3701 4124 ὥσπερ

2117 4138 2180 4191 ἐκ
2212 4139 2598 4212 τινοςκύψηλῆς
2630 4142 2900 4205 σκοπιᾶς,
2931 4144 3045 4204 τοῖς
3080 4143 3230 4196 κάτω
3256 4144 3395 4198 κατά
3433 4144 3504 4198 τά
3546 4147 3702 4200 κοῖλα

2114 4231 2214 4300 τῆς
2257 4229 2353 4283 τοῦ
2405 4229 2520 4299 βίου
2577 4231 2684 4284 τῶν
2740 4231 3043 4304 ἀνθρώπων
3099 4233 3377 4305 ὑπωρείας
3421 4235 3702 4304 διάγουσιν

2115 4321 2443 4390 ἐλεγκτικῶς
2471 4322 2643 4394 ἐμϐοᾷ
2671 4323 2842 4377 ταῦτα
2871 4323 3063 4392 λέγων’
3089 4321 3160 4377 Ὦ
3200 4325 3500 4398 ἄνθρωποι,
3523 4328 3579 4381 τί
3608 4331 3704 4384 λα-

2117 4412 2257 4465 λεῖτε
2289 4413 2380 4465 καὶ
2420 4414 2729 4483 πράττετε;
2769 4411 2877 4486 ἆρα
2912 4415 3224 4487 δικαιοσύνη
3259 4417 3376 4471 ἐστί
3409 4419 3472 4472 τὸ
3512 4419 3704 4474 λαλού-

427 4511 560 4582 quid
596 4510 821 4587 facitis?
859 4523 990 4562 num
1014 4507 1248 4576 justitia:
1279 4513 1549 4561 consonat
1585 4506 1635 4559 id
1660 4505 1807 4576 quod
1838 4505 2010 4576 loqui-

2129 4522 2322 4576 μενον;
2363 4501 2473 4578 ἆρα
2515 4506 2582 4560 δι’
2633 4506 2926 4578 εὐθύτητος
2974 4509 3074 4580 τὴν
3123 4511 3308 4580 κρίσιν
3359 4511 3700 4580 προσάγετε;

428 4604 603 4657 mini?
631 4618 759 4657 num
785 4609 995 4657 rectum
1017 4600 1285 4669 judicium
1321 4599 1643 4654 instituitis?
1664 4599 1826 4667 Atqui
1855 4599 2014 4654 video

429 4702 615 4748 vestra
647 4692 813 4746 corda
857 4693 911 4744 in
965 4698 1111 4744 terra
1146 4704 1290 4747 esse.
1339 4689 1630 4758 omnisque
1681 4689 1911 4759 agitatio
1961 4699 2015 4744 et

431 4785 601 4837 motio
633 4783 817 4837 cordis
856 4797 997 4852 opus
1027 4790 1133 4842 est,
1166 4797 1273 4836 non
1311 4781 1603 4852 cogitatio;
1642 4782 1806 4836 simul
1850 4791 2014 4854 atque

430 4876 633 4928 malum
678 4881 876 4929 vestrae
927 4873 1095 4926 tuenti
1150 4874 1416 4936 occurrit,
1469 4873 1826 4943 conjungitur
1873 4890 2012 4942 opus

427 4985 552 5023 cum
608 4965 1070 5037 cogitationibus,
1119 4980 1332 5019 summa
1389 4965 1672 5019 celeritate
1723 4981 2008 5018 manuum.

425 5065 554 5120 Ilzec
589 5075 656 5114 ex
689 5058 903 5129 psalmo
934 5057 1203 5112 claritatis
1236 5072 1405 5112 causa
1437 5057 1600 5112 latius
1630 5057 1878 5111 nonnihil
1912 5072 2011 5111 ex-

430 5156 652 5222 planare
681 5152 852 5207 volui.
891 5148 1072 5206 Verba
1105 5151 1185 5204 sic
1218 5165 1278 5204 se
1320 5150 1562 5204 habent:
1607 5169 1625 5199 ι
1663 5148 1718 5202 Si
1751 5164 1880 5203 vere
1905 5148 2012 5201 uti-

427 5259 534 5313 que
557 5245 832 5314 justitiam
864 5241 1182 5311 loquimini,
1210 5248 1362 5295 recte
1392 5240 1656 5307 judicate,
1702 5239 1797 5292 filii
1842 5239 2012 5293 homi-

429 5349 582 5390 num.
619 5333 835 5388 Etenim
883 5334 939 5387 ln
983 5332 1150 5387 corde
1202 5329 1522 5399 iniquitates
1565 5328 1908 5398 operamini;
1956 5327 2008 5380 in

428 5433 576 5480 terra
611 5425 860 5494 Justitias
890 5438 1088 5477 manus
1114 5429 1314 5476 vestra:
1353 5421 1706 5474 concinnant.
1748 5439 1765 5470 ι
1809 5418 2012 5472 Deinde

430 5515 725 5582 deplorans
762 5529 857 5569 eos
884 5515 975 5581 (lui
1000 5527 1029 5565 a
1060 5512 1240 5566 salute
1283 5509 1621 5573 exciderant,
1646 5509 1763 5562 hinc
1790 5509 2015 5576 subjun-

439 5597 550 5665 git:
590 5622 608 5654 ‹
657 5605 891 5658 Alienati
918 5611 1046 5657 sunt
1074 5610 1394 5672 peccatores
1424 5614 1452 5652 a
1484 5601 1640 5653 vulva
1671 5609 1728 5655 et
1758 5610 1931 5655 utero.
1966 5620 1983 5652 ι

512 5780 639 5836 Haec
696 5783 1050 5848 intellexeris,
1119 5787 1162 5840 si
1214 5782 1484 5853 inquiras,
1535 5771 1786 5852 quamam
1831 5782 2006 5852 prima

2118 4597 2226 4648 Kal.
2260 4595 2368 4667 μὴν
2408 4595 2519 4665 ὁρῶ
2545 4597 2626 4650 ὅτι
2679 4600 2736 4650 ἐν
2787 4601 2856 4669 γῇ
2894 4599 2994 4669 μὲν
3021 4599 3174 4670 ὑμῶν
3202 4603 3340 4654 εἰσιν
3372 4603 3428 4654 αἱ
3457 4603 3699 4673 καρδίαι,

2117 4689 2213 4740 καὶ
2266 4690 2375 4741 πᾶν
2431 4689 2717 4763 ἐγκάρδιον
2769 4689 3010 4760 κίνημα,
3072 4690 3231 4762 ἔργον
3284 4691 3403 4746 ἐστὶ
3459 4695 3557 4748 καὶ
3584 4697 3704 4766 οὐχὶ

2117 4782 2314 4852 νόημα.
2349 4781 2524 4845 Εὐθὺς
2547 4784 2655 4854 γὰρ
2682 4783 2818 4852 ὁμοῦ
2846 4784 2924 4854 τῷ
2959 4785 3219 4854 συστῆναι
3250 4785 3311 4838 τὸ
3338 4787 3513 4841 κακὸν
3553 4791 3616 4841 ἐν
3640 4793 3702 4860 τῇ

2115 4871 2356 4942 διανοίᾳ,
2389 4873 2762 4942 συμπλέκεται
2790 4875 2851 4926 τὺ
2895 4874 3056 4944 ἔργον
3091 4874 3179 4928 διά
3213 4874 3321 4927 τῶν
3353 4875 3553 4946 χειρῶν
3594 4882 3703 4942 τοῖς

2116 4964 2405 5034 νοήμασιν.
2437 4965 2623 5019 Ταῦτα
2651 4966 2950 5037 σαφηνείας
2980 4968 3143 5040 χάριν
3164 5009 3179 5031 ,
3225 4969 3418 5040 μικρόν
3446 4987 3499 5021 τι
3529 4988 3705 5038 παρα-

2119 5057 2333 5125 φράσας
2389 5058 2489 5128 τῆς
2537 5057 2818 5129 ψαλμικῆς
2869 5059 3108 5126 λέξεως,
3169 5061 3434 5133 ἐξεθέμην
3483 5063 3704 5134 ῥήματα

2119 5148 2310 5217 ἔχοντα
2345 5148 2540 5212 οὕτως·
2571 5169 2588 5199 ι
2611 5151 2672 5203 Et
2703 5151 2920 5221 ἀληθῶς
2950 5153 3058 5224 ἄρα
3085 5153 3432 5224 δικαιοσύνην
3465 5154 3701 5219 λαλεῖτε,

2119 5239 2334 5303 εὐθείας
2364 5241 2601 5312 κρίνετε,
2617 5241 2721 5295 υἱοὶ
2733 5243 2840 5296 τῶν
2864 5243 3188 5315 ἀνθρώπων.
3214 5246 3320 5299 Καὶ
3353 5244 3462 5316 γὰρ
3485 5248 3544 5300 ἐν
3568 5264 3704 5318 καρ-

2118 5332 2206 5401 δίᾳ
2246 5334 2474 5402 ἀνομίαν
2526 5335 2824 5402 ἐργάζεσθε
2862 5338 2921 5389 ἐν
2947 5339 3012 5408 τῇ
3043 5341 3112 5410 γῇ
3134 5377 3148 5398 ,
3179 5338 3391 5392 ἀδικίαν
3441 5340 3499 5391 αἱ
3526 5343 3703 5410 χεῖρες

2121 5422 2272 5490 ὑμῶν
2301 5423 2724 5493 συμπλέκουσιν,
2755 5446 2772 5478 ι
2807 5423 2939 5482 Εἶτα
2967 5428 3161 5497 ἐπάγει
3198 5429 3530 5499 σχετλιάζων
3563 5431 3702 5499 ὑπὲρ

2120 5512 2226 5564 τῶν
2275 5515 2374 5584 τῆς
2423 5517 2698 5589 σωτηρίας
2739 5520 3173 5573 ἐκπεπτωκότων
3224 5520 3323 5583 τὰς
3359 5521 3501 5590 μετὰ
3533 5520 3700 5574 ταῦτα

2122 5605 2324 5672 φωνάς,
2345 5626 2362 5657 ι
2402 5607 2970 5681 Ἀπηλλοτριὼθησαν,
2992 5630 3008 5662 ι
3043 5611 3235 5680 λέγων,
3274 5631 3292 5662 ι
3317 5613 3366 5664 oi
3389 5612 3699 5683 ἁμαρτωλοὶ

2119 5695 2226 5747 ἀπὸ
2251 5696 2461 5766 μήτρας
2480 5736 2494 5758 ,
2523 5699 2616 5751 καὶ
2650 5700 2759 5753 ἀπὸ
2787 5703 2884 5772 τῆς
2917 5702 3153 5773 γαστρὸς
3176 5701 3580 5773 ἐπλανήθησαν.
3609 5721 3628 5753 ι

2212 5789 2400 5858 Γνοέης
2429 5789 2474 5844 δ’
2504 5790 2568 5843 ἂν
2597 5793 2658 5846 τὸ
2685 5793 2977 5864 λεγόμενον
3017 5795 3279 5862 ἐξετάσας
3304 5796 3389 5860 τίς
3431 5799 3462 5867 ὴ
3512 5795 3693 5867 πρώτη
