3844 6380
188 394 283 457 593

1568 397 1646 453 ΙΝ·
1672 397 2009 455 PSALMOS.

3325 401 3427 458 593

184 517 281 587 τῆς
302 509 644 584 ἀνθρωπίνης
665 511 978 578 συστάσεως
1003 515 1206 587 μήτρα,
1233 516 1327 571 καλ¹
1353 516 1436 581 τίς
1478 517 1690 587 γαστὴρ
1716 517 1749 587 ὴ
1778 567 1781 576 ι

1894 530 2107 570 ιιηιαιιω
2132 515 2549 586 compositionis
2570 515 2963 587 quasimatrix
3001 516 3186 585 fuerit,
3223 526 3277 575 et
3305 522 3430 590 quis

189 605 554 676 κυοφορήσασα
580 604 642 659 τὸ
684 604 1011 678 ἀθρὼπινον.
1043 603 1209 680 Οἶμαι
1234 609 1344 680 γὰρ
1380 610 1453 681 μὴ
1481 609 1647 681 ἀλλην
1678 605 1753 662 εἷ-

189 714 266 751 ναι
290 694 435 766 παρά
456 695 557 766 τὴν
583 694 676 749 τοῦ
706 694 842 749 Θεοῦ
864 697 1275 770 φιλανθρωπίαν
1302 700 1395 753 κα)⁹
1420 699 1752 771 ἀγαθότητα,

189 784 273 855 ἀφ’
291 779 352 858 ἧς
382 783 733 855 ὲπλάσθημέν
761 802 821 839 τε
872 787 965 839 κα)⁵
1007 787 1397 859 ἐγεννήθημεν.
1434 785 1600 841 Εἶπεν
1624 789 1753 860 γάρ·

196 877 536 946 «Ποιήσωμεν
560 874 847 947 ἄνθρωπον
874 878 993 930 κατ’
1014 878 1198 932 είκόνα
1222 878 1609 950 ήμετέραν,κα“ι
1634 879 1757 933 καθ’

190 966 452 1037 ὁμοίωσιν,
472 978 497 1018 ι
518 963 763 1030 ὃπλάσας
776 968 1087 1038 καταμόνας
1118 968 1218 1032 τὰς
1251 969 1476 1041 καρδίας
1545 972 1745 1028 αὐτῶν.

192 1058 291 1112 Καὶ
313 1056 470 1111 πάλιν
503 1057 702 1141 φησίνς
738 1078 758 1110 ι
776 1058 931 1123 Υίοὺς
960 1060 1224 1130 ἐγέννησα
1253 1063 1346 1116 καὶ
1377 1062 1585 1132 ὕψωσα,
1606 1066 1762 1119 αὐτοὶ

192 1147 243 1200 δέ
277 1164 340 1217 με
391 1146 684 1218 ἠθέτησαν,
716 1167 735 1200 ι
771 1150 881 1203 Καὶ
922 1151 1120 1221 μυρίας
1150 1151 1268 1206 ἔστι
1293 1155 1546 1220 τοιαύτας
1580 1156 1761 1226 φωνὰς

194 1240 253 1292 ἐκ
287 1241 383 1310 τῆς
430 1238 589 1307 ἁγίας
622 1240 844 1312 Γραφῆς
872 1240 1265 1307 ἀναλέξασθαι,
1297 1244 1365 1298 δι’
1399 1239 1473 1300 ὧν
1504 1248 1762 1316 ἐπιγινώ-

196 1346 390 1393 σκεται,
424 1329 508 1393 τίς
534 1331 567 1401 ἡ
595 1331 850 1385 πλάσασα
877 1334 1025 1403 ἡμᾶς
1050 1335 1262 1407 γαστὴρ
1283 1375 1296 1399 ,
1324 1336 1419 1389 καὶ
1452 1337 1533 1400 τίς
1562 1340 1594 1408 ἡ
1636 1357 1653 1388 ί
1669 1340 1766 1409 μή·

193 1438 288 1492 τηρ
318 1422 350 1491 ή
399 1422 479 1486 είς
508 1421 622 1492 φῶς
649 1424 1039 1494 προαγαγοῦσα
1070 1426 1158 1479 διὰ
1202 1429 1523 1498 γεννήσεως.
1561 1448 1578 1479 ι
1623 1429 1766 1499 Πρὸς

193 1510 354 1564 ταῦτα
379 1507 473 1566 οὖν
505 1511 719 1583 βλέπων
743 1516 772 1567 6
801 1515 1129 1585 σχετλιάζων
1156 1517 1249 1571 ἐπὶ
1280 1521 1347 1590 τῇ
1387 1519 1631 1591 ἀπωλείᾳ
1659 1520 1766 1573 τῶν

195 1602 598 1674 ἀφεστηκότων,
632 1600 915 1676 ὀδύρεταιο
944 1607 1140 1679 θρῆνος
1178 1608 1285 1680 γὰρ
1331 1610 1589 1683 ἄντικρύς
1622 1613 1768 1665 ἐστιν

194 1697 227 1765 ἡ
257 1696 425 1766 φωνὴ,
458 1696 524 1749 δι’
556 1692 624 1769 ἧς
660 1699 788 1762 τοὺς
815 1699 1177 1771 ἁμαρτωλοὺς
1214 1700 1554 1773 ὀλοφύρεται.
1592 1721 1610 1754 ι
1645 1704 1770 1764 Πῶς

197 1785 624 1858 ήλλοτριὼθησαν
649 1790 701 1841 ot
730 1790 1044 1862 ἀμαρτωλοί
1066 1791 1174 1844 ἀπὸ
1196 1794 1443 1863 μήτρας;
1479 1813 1496 1844 ι
1524 1793 1637 1857 πῶς
1662 1794 1769 1847 ἀπὸ

1855 614 2069 672 venter,
2094 607 2188 677 qui
2234 608 2535 663 humanum
2585 624 2761 680 genus
2797 608 3018 676 tulerit;
3058 612 3430 681 neque-enim

1855 699 2022 753 alium
2055 714 2181 757 esse
2230 700 2471 757 arbitror
2526 708 2722 772 praeter
2756 701 3145 772 benignitatem
3189 714 3243 759 et
3275 703 3435 758 bonis

1855 798 2022 846 tatem
2051 790 2171 855 Dei,
2223 806 2252 846 a
2285 806 2394 861 qua
2440 791 2553 847 ﬁcti
2604 801 2657 846 et
2720 793 2973 863 prognati
3017 808 3233 850 sumus.
3289 793 3435 847 Dixit

1857 883 2041 951 enim;
2097 901 2116 935 ι
2142 881 2433 939 Faciamus
2463 884 2743 940 hominem
2786 885 3090 940 secundum
3139 887 3433 956 imaginem

1858 982 1912 1030 et
1965 974 2383 1031 similitudinem
2443 978 2782 1041 nostra’m',»
2824 979 2916 1048 qui
2966 978 3433 1049 ﬁnxitsigillatim

1857 1068 2022 1122 corda
2058 1081 2272 1122 eorum.
2360 1067 2576 1125 Rursus
2605 1072 2679 1125 ait
2712 1091 2726 1124 .-
2766 1070 2974 1126 «Filios
3011 1071 3175 1140 genui
3206 1080 3260 1126 et
3288 1070 3437 1125 exal-

1859 1158 1992 1216 tavi,
2045 1156 2149 1226 ipsi
2194 1171 2325 1212 vero
2376 1171 2462 1211 me
2512 1152 2928 1229 spreverunt";t
2951 1168 3004 1215 et
3035 1159 3247 1213 inﬁnita
3272 1158 3439 1227 hujus

1861 1248 2079 1318 generis
2104 1263 2169 1304 ex
2193 1248 2368 1304 sacris
2393 1246 2613 1305 Litteris
2643 1250 2897 1321 colligere
2915 1252 3059 1316 licet,
3087 1250 3291 1320 quibus
3326 1262 3440 1303 ma.

1864 1337 2125 1394 nil‘estum
2158 1338 2443 1401 reddatur,
2469 1339 2726 1409 quisnam
2759 1341 2831 1394 sit
2857 1349 3045 1395 venter
3075 1343 3167 1409 qui
3210 1355 3316 1394 nos
3341 1341 3445 1393 ﬁn-

1866 1429 2451 1500 xit,etqutecmatrix,
2489 1444 2611 1500 quae
2644 1430 2700 1484 in
2749 1430 2926 1485 lucem
2982 1446 3082 1486 nos
3128 1430 3444 1502 generando

1867 1517 2096 1578 edidit.»
2116 1518 2416 1591 llmcigitttt'
2447 1500 2943 1583 considet-abstine,
2973 1523 3067 1592 qui
3088 1500 3159 1576 ob
3188 1519 3448 1591 perditio-

1869 1623 1992 1664 nem
2025 1608 2386 1665 hominum‘a
2414 1610 2524 1667 Deo
2580 1610 3007 1667 desciscentium
3063 1611 3229 1683 luget,
3273 1612 3330 1666 in
3377 1612 3450 1665 la-

1879 1704 2064 1755 menta
2095 1701 2337 1771 erumpit
2363 1719 2379 1769 ;
2410 1717 2535 1757 nam
2568 1703 2982 1759 lamentationis
3002 1704 3190 1759 instar
3234 1710 3317 1760 est
3346 1718 3449 1757 vox

1874 1791 1988 1854 illa,
2022 1808 2130 1862 qua
2159 1801 2476 1862 peccatores
2517 1794 2767 1864 deplorat
2806 1811 2819 1849 :
2851 1813 2871 1847 ι
2896 1796 3186 1861 Quomodo
3229 1796 3449 1851 alienati

195 1879 284 1949 τῆς
304 1878 539 1950 γαστρὸς
568 1880 971 1953 ἐπλανήθησαν,
989 1881 1049 1934 τὸ
1078 1882 1133 1936 δὲ
1155 1881 1350 1954 ψεῐδος
1381 1884 1487 1956 πρὸ
1517 1885 1767 1956 τῆςλὰλη-

1887 1891 2341 1952 suntpeccatores
2366 1898 2396 1938 a
2431 1875 2658 1937 vulva’?
2679 1884 2992 1954 aquomodo
3023 1886 3091 1940 ab
3126 1893 3284 1940 utero
3300 1900 3452 1940 erra-

197 1967 336 2033 θείας
365 1972 732 2042 τιμήσαντες,
760 1967 835 2026 ὧν
862 1976 890 2027 6
927 1974 1100 2045 θυμὸς
1144 1976 1281 2047 πρὸς
1315 1972 1637 2049 τὸνᾟτατέρα
1677 1977 1769 2030 τοῦ

194 2060 413 2129 ψεύδους
462 2064 555 2118 τὸν
610 2064 825 2135 πρῶτον
870 2066 982 2137 ἔχει
1030 2067 1127 2138 τὴν
1179 2068 1493 2140 όμοιότητα;
1554 2089 1572 2120 ι
1628 2069 1774 2124 Ὠσεὶ

196 2155 466 2220 ἀσπίδος,ι
502 2158 684 2228 φησὶν,
723 2176 741 2210 t
762 2160 949 2231 κωφῆς
976 2161 1069 2213 καὶ
1096 2159 1328 2231 βυούσης
1354 2162 1422 2215 τά
1441 2156 1555 2215 ὦτα
1581 2163 1770 2232 αὐτῆς,

194 2246 308 2317 ήτις
369 2246 473 2301 οὐκ
514 2248 893 2303 εἰσακούσεται
940 2252 1123 2322 φωνὴν
1164 2252 1504 2323 ἐπᾳδόντων,
1550 2271 1772 2325 φαρμα-

197 2336 285 2389 κοῦ
333 2354 391 2390 τε
448 2340 915 2410 φαρμακευομὲνη
946 2341 1096 2411 παρὰ
1146 2342 1332 2412 σοφοῦ.
1366 2362 1383 2394 ι
1425 2343 1639 2414 Ταύτην
1668 2344 1776 2416 γὰρ

198 2427 360 2484 ὲνίδον
388 2428 485 2483 τοῦ
529 2429 718 2503 θηρίου
757 2431 855 2503 τὴν
902 2432 1063 2501 φύσιν
1093 2436 1140 2487 οἱ
1185 2435 1313 2506 περὶ
1359 2435 1533 2489 ταῦτα
1588 2437 1773 2505 σοφοί·

197 2520 274 2572 ὅτι
323 2521 500 2593 θυμὸν
551 2521 1046 2594 διαπιμπραμένη,
1109 2527 1415 2596 ἀποκρατεῖ
1465 2529 1525 2580 τὸ
1562 2528 1778 2600 πνεῦμα

197 2613 567 2685 ’τῇ-φάρυγγι,
613 2616 707 2670 καὶ
749 2616 810 2670 οὐ
860 2618 1143 2688 προΐεται,
1200 2620 1370 2673 ἀσκοῦ
1407 2621 1560 2692 δίκην
1594 2624 1658 2693 τῇ
1685 2621 1777 2676 τοῦ

198 2705 506 2776 πνεύματος
554 2708 612 2760 ὲν
644 2706 921 2778 ἀπολήψει
952 2708 1419 2779 περιοιδαίνουσα,
1478 2712 1561 2774 ὡς.
1603 2712 1778 2764 πάντα

198 2795 277 2847 ἐπ’
323 2796 497 2867 αὐτῆς
548 2798 697 2870 ἀργὰ
752 2799 932 2870 μένειν
984 2802 1080 2855 καὶ
1111 2803 1401 2872 ἄπρακτα,
1444 2804 1546 2858 ὅσα
1578 2804 1780 2877 θηρίων

200 2887 466 2962 θέλγητρα
495 2890 586 2944 διά
636 2907 780 2955 τινος
818 2895 1051 2964 φυσικῆς
1099 2893 1448 2957 ἀντιπαθείας
1493 2896 1644 2968 παρὰ
1675 2897 1782 2950 τῶν

201 2979 265 3031 τὰ
296 2980 522 3035 τοιαῦτα
550 2979 731 3050 σοφῶν
758 2981 1045 3055 ἐξηυρέθη.
1075 2984 1232 3037 Νοείν
1257 2984 1312 3037 δὲ
1344 2984 1525 3039 δίδωσι
1550 2986 1637 3040 διὰ
1662 2988 1783 3041 τού-

202 3089 324 3138 των,
354 3073 435 3127 ὅτι
469 3073 703 3145 ἀνήκοος
741 3074 890 3145 μένει
920 3074 1026 3128 τῶν
1069 3076 1127 3129 ἐν
1153 3078 1323 3149 κακίᾳ
1358 3080 1782 3150 κεκρατημένων

203 3167 241 3233 ἠν
257 3167 471 3238 καρδία,
501 3170 600 3239 τῆς
623 3167 772 3240 παρά
803 3168 911 3222 τῶν
946 3168 1277 3225 διδασκάλων
1307 3174 1655 3245 ὲπαγομένης
1688 3176 1784 3228 αὺ-

202 3231 308 3320 τοῖς
329 3231 676 3326 θεραπείας.
699 3231 819 3311 ’Καὶ
855 3260 1005 3312 πᾶσα
1037 3260 1094 3313 δὲ
1121 3261 1153 3332 ὴ
1187 3261 1286 3332 τῆς
1309 3231 1783 3335 ψαλμωδίας-ἀκο-
1812 3231 1855 3288 C

205 3347 386 3400 λουθία
405 3347 499 3401 διὰ
529 3347 730 3420 θρήνου
758 3352 1028 3421 προῆκται
1056 3350 1134 3421 τῷ
1166 3354 1233 3422 τῇ
1266 3353 1510 3426 ἀπωλείᾳ
1543 3355 1651 3409 τῶν
1682 3356 1789 3410 δει-

204 3432 366 3491 λαίων
414 3437 848 3503 ὲπιστενάζοντι.
878 3440 1274 3510 Προαναφωνεί
1308 3443 1417 3515 γὰρ
1460 3446 1579 3498 κατ’
1611 3446 1790 3499 αὐτῶν

204 3527 264 3581 τὸ
298 3529 582 3601 ἐσόμενον,
618 3528 789 3598 λέγων
815 3545 830 3560 ·
877 3547 896 3581 ι
920 3530 977 3584 'O
1014 3530 1147 3595 Θεὸς
1186 3535 1467 3605 συντρίψει
1493 3536 1620 3600 τοὺς
1646 3536 1793 3590 ὀδόν-

205 3634 301 3682 τας
326 3619 511 3675 αὐτῶν
538 3622 596 3674 ἐν
636 3619 713 3691 τῷ
748 3621 975 3692 στόματι
1003 3622 1205 3679 αὐτῶν.
1230 3643 1249 3676 ι
1293 3625 1490 3690 Ποίους
1526 3628 1743 3692 ὀδόντας
1774 3669 1791 3695 ,

205 3709 238 3775 ἢ
275 3710 477 3784 δηλαδὴ
516 3711 642 3777 τοὺς
693 3714 792 3783 τῆς
828 3725 1110 3791 παρακοῆς
1161 3715 1453 3788 βρωτῆρας
1476 3757 1489 3783 ,
1530 3721 1655 3782 τοὺς
1684 3719 1792 3773 τῶν

206 3801 405 3870 ἡδονῶν
431 3805 534 3875 τῆς
576 3802 816 3875 γαστρὸς
854 3804 1135 3875 ὑπηρέτας
1168 3805 1306 3877 (οὓς
1351 3806 1489 3859 ὅπλα
1519 3808 1613 3861 καὶ
1663 3808 1790 3879 βέλη

170 3876 177 3891 ﬁ
205 3889 290 3946 διὰ
325 3893 428 3964 τῆς
457 3892 837 3965 προλαόούσης
886 3876 1211 3966 ψαλμῳδίας
1235 3876 1680 3967 ὠνόμασενη),,διλ
1719 3876 1794 3951 ὧν

207 3984 302 4053 τῆς
335 3983 600 4056 ἀληθείας
622 3983 778 4052 λόγος
802 3985 1351 4056 κατασπαράττεταω
1385 4004 1401 4037 ι
1426 3986 1533 4039 Καὶ
1565 3988 1662 4051 τὰς
1696 3987 1795 4058 μύ-

207 4073 303 4139 λας
333 4076 447 4130 τῶν
491 4077 753 4139 λεόντων,
774 4096 794 4129 ι
829 4076 994 4146 φησὶ,
1038 4095 1056 4127 ι
1087 4076 1414 4130 συνέθλασεν
1449 4080 1478 4131 6
1513 4078 1738 4151 Κύριος.
1772 4100 1789 4132 ι

208 4166 399 4239 Γνοίης
444 4169 489 4222 δ’
536 4169 605 4223 ἂν
631 4168 780 4231 τίνας
811 4168 1061 4238 ὠνόμασε
1096 4167 1347 4233 λέοντας,
1381 4170 1428 4222 εί
1469 4170 1659 4240 μάθοις
1692 4170 1798 4225 τῶν

210 4259 414 4332 θηρίων
446 4259 652 4315 τούτων
686 4261 757 4315 τὰ
801 4260 1085 4332 ἰδιώματα.
1102 4261 1339 4329 Λέγουσι
1369 4261 1477 4332 γὰρ
1499 4256 1637 4317 εἶναι
1674 4265 1800 4328 τοὺς

1874 1982 2092 2038 verunt,
2134 1972 2597 2042 mendaciumque
2637 1974 2854 2029 veritati
2883 1977 3240 2046 praetulerunt
3264 2016 3280 2043 ,
3316 1991 3454 2045 quo-

1874 2078 1994 2117 rutn
2027 2062 2181 2117 furor
2202 2080 2326 2119 cum
2359 2064 2538 2134 primo
2557 2064 2830 2122 mendacii
2853 2076 3008 2137 patre
3029 2068 3452 2123 similitudinem

1875 2152 2073 2210 habet?
2090 2173 2107 2205 ι
2133 2154 2415 2227 Tanquam
2438 2158 2668 2228 aspidis,
2703 2179 2723 2211 ι
2756 2159 2956 2230 inquit,
2980 2178 3000 2211 ι
3026 2159 3208 2217 surdae
3229 2170 3282 2215 et
3301 2161 3456 2215 obtu-

1876 2248 2056 2302 rantis
2099 2263 2262 2305 aures
2301 2264 2453 2312 suas,
2485 2266 2606 2321 quae
2636 2266 2747 2307 non
2778 2238 3033 2308 exaudiet
3058 2267 3245 2307 vocem
3276 2253 3458 2306 incan-

1876 2342 2112 2395 tantium
2176 2349 2232 2397 et
2298 2344 2526 2399 veneﬁci
2580 2344 2919 2400 incantantis
2959 2345 3313 2415 sapienter”
3364 2344 3458 2397 tali

1877 2434 2023 2489 enim
2059 2444 2254 2489 natura
2293 2434 2577 2504 praeditam
2618 2436 2775 2491 aiunt
2803 2436 2947 2491 hanc
2980 2436 3213 2491 bestiam
3250 2435 3326 2488 illi
3366 2435 3459 2503 qui

1881 2523 1968 2579 bis
1998 2533 2225 2581 vacant:
2280 2525 2387 2579 ira;
2419 2533 2644 2596 turgens
2690 2531 2745 2580 et
2788 2525 3144 2580 inardescens
3200 2522 3454 2577 faucibus

1881 2615 2139 2685 spiritum
2178 2618 2512 2687 comprimit,
2565 2632 2743 2687 neque
2791 2617 3031 2693 emittit;
3073 2616 3213 2670 utris
3262 2616 3458 2679 instar,

1882 2710 1953 2763 ob
1995 2710 2223 2780 spiritus
2260 2711 2649 2781 receptionem,
2724 2709 3118 2775 intumescens,
3147 2722 3257 2778 quo
3285 2708 3362 2773 ﬁt,
3402 2717 3460 2760 ut

1882 2800 2065 2853 omnia
2090 2798 2386 2855 inefﬁcacia
2417 2799 2732 2855 etinutilia
2797 2803 2927 2866 sint,
2982 2813 3330 2870 quaecunque
3371 2812 3463 2852 sa-

1884 2889 2099 2960 pientes
2151 2891 2218 2945 ad
2277 2891 2644 2948 demulcenda
2696 2899 2751 2947 et
2795 2890 3109 2947 delinienda
3140 2887 3462 2960 huiusmodi

1887 2982 2143 3037 animalia
2192 2983 2532 3054 escogitant.
2587 2981 2876 3054 Signiﬁcat
2920 2983 3012 3039 his
3073 2997 3171 3038 cor
3221 2981 3463 3041 illorum,

1886 3074 1982 3142 qui
2015 3089 2043 3126 a
2067 3074 2307 3142 peccatis
2354 3075 2612 3145 occupati
2651 3082 2802 3138 sunt,
2850 3090 3028 3145 neque
3058 3075 3153 3129 ad:
3174 3088 3336 3129 aures
3374 3073 3469 3125 ad-

1890 3164 2108 3220 mittere
2136 3162 2467 3218 medicinam
2514 3164 2686 3229 illam,
2734 3179 2858 3234 quae
2903 3164 3038 3233 ipsis
3064 3179 3117 3217 af
3144 3162 3468 3218 doctoribus

1890 3263 1943 3309 et
1998 3255 2277 3326 magistris
2310 3255 2621 3310 adhibetur.
2667 3254 2803 3309 Tota
2858 3270 3005 3310 vero
3048 3254 3242 3324 psalmi
3293 3252 3466 3309 series
3531 3284 3540 3303 .

1889 3345 2278 3401 lamentatione
2303 3346 2633 3409 contexitur,
2662 3343 2793 3400 dum
2825 3346 3151 3400 miserorum
3176 3332 3462 3398 interitum

1890 3439 2161 3510 deplorct,
2190 3448 2386 3494 contra
2425 3452 2567 3509 quos
2609 3438 2664 3492 id
2708 3437 2874 3493 etiam
2902 3436 3051 3507 quod
3086 3434 3334 3499 futurum
3361 3443 3467 3498 est,

1892 3530 2153 3586 inclamat
2203 3548 2219 3586 :
2277 3531 2485 3594 tDeus,
2519 3548 2541 3582 ι
2585 3528 2862 3599 inquiens,
2919 3533 3216 3582 «conteret
3283 3525 3475 3580 dentes

1892 3604 2083 3679 eorum
2125 3621 2185 3677 in
2211 3637 2306 3678 ore
2365 3622 2684 3692 ipsorum.)
2741 3617 2946 3685 Quales
2992 3616 3319 3673 dentes‘lan
3354 3632 3473 3678 eos.

1899 3714 1995 3785 qui
2029 3713 2459 3769 inobedientiam
2495 3712 2785 3775 mandunt,
2819 3710 3105 3766 ministros
3133 3710 3477 3780 voluptatum

1895 3806 2128 3870 ventris,
2167 3820 2310 3877 quos
2344 3819 2499 3859 arma
2529 3814 2584 3860 et
2612 3804 2843 3875 sagittas
2876 3802 3219 3873 praecedente
3266 3801 3479 3869 psalmo
3532 3822 3539 3825 -

1896 3900 2230 3964 nominarat,
2284 3898 2493 3970 quibus
2551 3896 2802 3952 veritatis
2861 3910 3047 3952 sermo
3108 3891 3481 3963 discerpitur?

1903 4014 1922 4046 ι
1944 3992 2013 4048 Et
2038 3994 2211 4049 molas
2241 3994 2459 4048 leonum
2491 4011 2536 4058 ι,
2567 3991 2766 4061 inquit,
2807 4009 2825 4040 σ
2848 3989 3109 4045 contrivit
3134 3986 3402 4061 Dominus
3427 4024 3440 4040 .
3459 4005 3477 4037 ι

1898 4074 2048 4153 Quos
2079 4105 2099 4139 ι
2130 4087 2353 4142 leones:
2392 4083 2776 4145 nominaverit,
2802 4082 3101 4152 intelliges,
3137 4080 3184 4135 si
3214 4095 3338 4150 quae
3370 4079 3483 4133 leo-

1905 4194 2038 4234 num
2078 4177 2197 4234 sint
2224 4178 2588 4250 proprietates
2615 4176 2819 4232 discas.
2868 4173 3038 4227 Aiunt
3074 4173 3262 4226 leones
3311 4170 3487 4224 oculis

1908 4282 2039 4324 esse
2055 4267 2331 4329 distortis,
2361 4266 2682 4322 carnivoros
2700 4272 2899 4320 natura
2914 4270 2970 4318 et
2986 4261 3193 4329 amicos
3209 4259 3483 4331 sanguini.

209 4349 429 4416 λέοντας
448 4395 464 4419 ,
500 4351 914 4423 ὲνδιαστρόφους
962 4352 1023 4404 τὸ
1063 4351 1218 4423 ὄμμα
1240 4392 1254 4417 ,
1299 4345 1375 4405 ὧν
1404 4352 1739 4426 σαρκοϐόρος
1765 4358 1798 4427 ή
1843 4358 2003 4428 φύσις
2022 4397 2053 4422 ,,
2073 4358 2168 4413 καὶ
2191 4356 2270 4428 τῷ
2307 4357 2499 4428 αἵματι
2533 4355 2684 4427 φίλη.

170 4424 179 4430 ’
281 4440 445 4509 Οἶδας
472 4443 533 4498 δὲ
553 4443 770 4507 πάντως
793 4444 854 4497 τὸ
881 4442 1108 4515 αἴνιγμα
1133 4443 1235 4516 τῆξ
1259 4444 1369 4500 τῶν
1392 4424 1658 4517 ὀμμάτων
1681 4448 1781 4502 διαη

1974 4451 2192 4518 Cernis,
2224 4424 2440 4521 opinor,
2501 4424 2795 4551 quid—siy't
2840 4447 2972 4503 velit
3011 4446 3243 4517 aenigma
3271 4444 3339 4499 de
3370 4442 3489 4498 dis—

213 4540 486 4610 στροφῆς,
521 4537 628 4591 τῶν
660 4538 734 4609 μὴ
766 4537 902 4610 πρὸς
941 4536 1004 4590 τὸ
1031 4536 1161 4591 εὐθὺ
1197 4537 1502 4608 βλεπόντων
1526 4580 1541 4604 ,
1578 4541 1674 4595 καὶ
1705 4545 1805 4613 τῆς

213 4629 407 4699 ἀηδίας
429 4629 527 4684 τοῦ
558 4629 837 4701 ἄσθματος
855 4670 870 4695 ,
905 4629 1013 4682 τῶν
1043 4629 1124 4693 είς
1157 4629 1503 4701 βλασφημίαν
1531 4618 1807 4704 κεχρημέ-

211 4739 317 4776 νων
344 4721 426 4794 τῴ
449 4722 700 4793 στόματι,
718 4721 814 4776 καὶ
835 4721 923 4776 διά
945 4721 1104 4775 τοῦτο
1129 4724 1402 4792 συγγενῶς
1417 4725 1651 4795 ἐχόντων
1673 4729 1807 4800 πρὸς

211 4816 310 4888 τὴν
333 4819 437 4889 τῆς
470 4816 747 4887 ἁμαρτίας
784 4815 1067 4870 δυσωδίαν.
1101 4816 1211 4869 Καὶ
1233 4817 1335 4870 ὅσα
1356 4819 1681 4873 νοεῖταιμδιά
1713 4819 1808 4873 τοῦ

213 4908 528 4980 ἄσθματος,
551 4909 634 4961 δτι
676 4906 811 4980 σὰρξ
857 4908 949 4961 καὶ
979 4902 1141 4978 αἷμα,
1191 4907 1330 4979 ὅπερ
1359 4909 1591 4977 μάλιστα
1622 4911 1808 4981 τρέφει

212 5001 322 5055 τῶν
349 5001 587 5057 λεόντων
610 5000 711 5074 τὴν
733 5000 915 5070 φύσιν,
950 5001 1122 5054 ταῦτα
1142 5002 1221 5065 είς
1241 5000 1494 5054 τοῦΘεοῦ
1532 5001 1809 5072 βασιλείαν

214 5094 526 5164 ἀπόῦλητα.
573 5094 663 5149 Ἐν
710 5092 819 5166 γὰρ
850 5093 928 5163 τῷ
961 5090 1137 5163 καιρῷ
1167 5094 1265 5163 τῆς
1291 5093 1397 5147 τῶν
1428 5092 1595 5160 ἀξίων
1618 5098 1805 5166 τιμῆς,

222 5207 241 5238 ι
270 5181 465 5251 υῦτοι,
499 5204 517 5237 ι
574 5186 767 5257 φησὶν,
819 5176 1392 5255 ιὲξουδενωθήσονται,
1416 5202 1434 5236 ι
1489 5187 1554 5256 τῇ
1591 5186 1809 5257 ἀστάτῳ

218 5279 380 5348 φύσει
405 5277 521 5333 τῶν
552 5276 753 5331 ὑλικῶν
796 5276 1140 5349 πραγμάτων
1174 5271 1256 5339 οἷς
1290 5276 1806 5349 προσῳκειώθησαν,

219 5371 363 5425 κατά
395 5370 494 5424 τὸν
525 5368 636 5440 βίον
671 5366 1806 5442 συγκαταρριέοντεςάἙξουδενωθήσονται.»

222 5466 363 5537 γὰρ,
410 5438 581 5534 φησίν
610 5502 626 5529 ,
681 5480 699 5513 ι
721 5438 804 5526 ἶὶις
853 5438 995 5532 ὕδωρ
1030 5459 1500 5532 διαπορευόμενον.
1538 5438 1575 5511 »ί
1606 5461 1665 5515 '0
1704 5460 1814 5532 γὰρ

224 5556 465 5628 πονηρὸς
499 5552 641 5607 κατὰ
668 5552 777 5606 τῶν
804 5551 991 5622 ψυχῶν
1027 5551 1184 5622 ἡμῶν
1211 5550 1464 5620 τοξότης,
1499 5553 1526 5603 6
1550 5549 1617 5603 τὰ
1644 5566 1817 5603 πεπυ-

226 5649 454 5721 ρωμένα
501 5645 626 5718 βέλη
672 5648 773 5716 τῆς
824 5643 1096 5715 ἁμαρτίας
1138 5642 1279 5698 κατὰ
1324 5645 1423 5713 τῆς
1467 5642 1812 5714 ἀνθρωπίνης

297 5825 489 5882 'Gcn.
534 5823 687 5891 niti.
763 5820 959 5879 "Ps-al.
996 5836 1168 5887 xxxii,
1219 5819 1279 5872 “’.
1353 5818 1501 5877 ’lsa.
1537 5836 1594 5888 ιι,
1640 5822 1687 5875 ι.

1905 4544 2065 4601 tortis
2111 4543 2289 4599 oculis
2324 4557 2554 4605 eorum,
2607 4538 2897 4612 qui'recta
2934 4538 3139 4594 intueri
3188 4547 3489 4607 nequeunt,

1904 4632 2302 4706 quidque—sibi
2350 4632 2480 4687 velit
2534 4630 2911 4703 graveolentia
2950 4629 3233 4684 anhelitus
3275 4643 3492 4690 eorum,

1907 4727 2001 4798 qui
2032 4740 2128 4781 ore
2160 4740 2263 4781 suo
2292 4724 2361 4779 ad
2405 4723 2782 4795 blasphemias
2815 4728 3046 4777 utuntur
3080 4729 3135 4777 et
3169 4721 3242 4776 ob
3281 4720 3333 4774 id
3367 4735 3493 4775 cum

1908 4818 2119 4890 peccati
2171 4816 2343 4874 fetore
2400 4816 2783 4888 cognationem
2829 4814 3132 4884 quamdam
3176 4812 3399 4875 habent,
3437 4822 3497 4863 ιιι

1914 4919 2235 4980 praeteream
2305 4908 2433 4971 alia,
2497 4922 2621 4978 qum
2696 4906 2903 4961 halitus
2965 4905 3189 4960 nomine
3270 4903 3497 4971 intelligi

1914 5008 2144 5071 queunt,
2191 5000 2317 5071 quia
2351 5013 2483 5053 caro
2519 5008 2574 5053 et
2596 4997 2848 5066 sanguis,
2891 4996 3095 5067 quibus
3146 5002 3339 5048 natura
3388 4992 3500 5046 leo—

1915 5109 2047 5149 num
2077 5093 2312 5148 maxime
2345 5093 2533 5157 alitur,
2577 5090 2763 5161 inepta
2808 5097 2940 5146 sunt
2971 5087 3059 5143 ad-
3087 5086 3183 5142 Dei
3239 5099 3498 5154 regnum:

1916 5199 1985 5240 eo
2018 5183 2164 5238 enim
2198 5191 2465 5253 tempore,
2499 5197 2611 5251 quo
2631 5181 2782 5251 .justi
2811 5180 3056 5234 debitum
3080 5178 3344 5231 honorem
3375 5187 3505 5228 cono

1918 5284 2242 5345 sequentur,
2280 5275 2442 5337 misti,
2464 5292 2486 5327 ι
2528 5274 2733 5344 inquit,
2754 5272 2871 5327 ead
2894 5270 3127 5325 nihilum
3149 5267 3462 5332 devenient,
3478 5286 3496 5318 ι
3520 5262 3529 5265 ν

1921 5368 2222 5425 deﬂuentes
2252 5369 2417 5423 simul
2447 5383 2573 5423 cum
2606 5364 2851 5421 instabili
2889 5377 3074 5417 rerum
3126 5359 3495 5414 materialium

1923 5469 2143 5526 natura,
2165 5461 2364 5532 quibus
2403 5475 2463 5515 se
2496 5460 2552 5514 in
2594 5459 2697 5513 ista
2733 5458 2844 5511 vita
2877 5453 3100 5525 penitus
3140 5449 3493 5514 addixeram,

1924 5561 1980 5607 et
2012 5552 2220 5608 similes
2257 5551 2569 5608 effecerant.
2604 5567 2622 5600 ι
2646 5546 2727 5602 Ad
2762 5546 2993 5600 nihilum
3023 5543 3333 5607 devenient,
3365 5560 3384 5592 ι
3420 5541 3508 5595 in-

1926 5645 2064 5716 quit,
2091 5663 2109 5698 ι
2136 5645 2280 5702 sicut
2314 5658 2456 5715 aqua
2491 5642 2791 5699 decurrens
2821 5657 2838 5711 ;
2866 5658 2885 5691 ι
2920 5636 3191 5694 scelestus
3223 5634 3372 5690 enim
3422 5630 3511 5686 ille

3393 5858 3421 5877 κ
