3844 6416
381 385 485 444 595

1620 375 1675 430 S.
1715 373 2041 432 GREGORII
2080 374 2369 431 NYSSENI

3541 385 3644 440 596

374 497 672 566 iaculator,
727 494 820 565 qui
860 491 1074 547 animas
1134 499 1354 546 nostras
1391 491 1514 547 telis
1555 493 1670 547 suis
1712 491 1945 558 infestat1

2060 491 2300 544 εὐθύνων
2330 490 2476 562 ζωῆς
2495 530 2509 553 ,
2539 491 2599 543 οὐ
2647 490 2882 544 παύεται
2907 491 3026 544 κατ’
3057 489 3237 544 αὕτῶν
3266 488 3645 561 τοξαζόμενος,

377 589 583 660 quique
615 586 785 658 ignita
813 585 919 640 tela
955 582 1163 655 peccati
1211 591 1403 637 contra
1439 583 1737 637 humanum
1779 598 1953 653 genus

377 679 584 750 dirigit,
618 691 727 731 non
760 675 913 746 prius
945 673 1162 728 absistit
1195 672 1265 727 ab
1293 672 1362 726 iis
1398 671 1746 743 impetendis,
1786 686 1950 741 quam

376 772 594 826 illorum
633 769 779 824 vires
839 766 1134 822 enervarit.
1199 763 1497 818 tlntendet
1547 765 1691 818 enim
1763 777 1952 818 arcum

373 877 557 926 suum,
589 861 763 916 donec
791 857 1166 924 inﬁrmentur;
1202 875 1221 910 ι
1255 864 1310 912 et
1344 856 1498 921 ﬁunt,
1543 864 1603 910 ut
1633 871 1756 910 cera
1781 855 1952 925 lique-

372 968 557 1017 scens,
593 952 660 1007 ad
686 966 902 1007 onmem
934 950 1163 1004 formam
1199 948 1684 1019 improbitatisque
1719 947 1946 1018 ﬁguram

372 1045 587 1100 faciles.
625 1043 722 1100 llis
770 1041 921 1096 addit
957 1039 1337 1095 lamentabiles
1388 1040 1510 1095 illas
1553 1039 1816 1095 adversus
1859 1037 1954 1092 mi-

372 1149 526 1191 seros
558 1149 725 1189 voces
755 1154 768 1188 :
817 1152 836 1184 ι
863 1131 1241 1202 Supercecidit
1275 1130 1418 1202 ignis
1441 1141 1498 1185 et
1532 1146 1640 1185 non
1694 1129 1952 1184 viderunt

370 1229 562 1283 solem.
603 1244 622 1278 ι
670 1225 917 1281 Declarat
948 1225 1144 1279 horum
1179 1223 1505 1280 sententiam
1551 1223 1692 1294 alius
1729 1221 1949 1293 quidam

369 1319 753 1388 interpretum,
824 1315 918 1386 qui
972 1315 1414 1384 intempestivum
1472 1314 1623 1369 illum
1668 1314 1748 1372 ab,
1791 1319 1952 1366 utero

368 1413 607 1481 lapsum,
656 1417 819 1464 vocat
865 1408 1142 1478 abortum.
1192 1406 1289 1462 llis
1325 1408 1470 1463 enim
1515 1406 1694 1462 verbis
1744 1406 1946 1460 utitur:

378 1519 396 1551 ι
417 1499 680 1563 Abortus,
706 1517 724 1550 ι
756 1497 956 1568 inquit,
991 1517 1010 1549 ι
1037 1497 1284 1554 mulieris
1339 1512 1447 1552 non
1472 1496 1676 1552 videbit
1706 1497 1896 1552 solem.
1926 1515 1946 1548 ι

373 1590 511 1645 Cum
546 1588 712 1660 igitur
734 1588 893 1643 initio
921 1588 1118 1659 psalmi
1163 1586 1397 1643 dixisset
1426 1606 1438 1640 :
1477 1605 1496 1638 ι
1526 1586 1764 1642 Alienati
1821 1595 1952 1644 sunt

371 1690 690 1752 peccatores
725 1694 757 1735 a
792 1680 983 1745 vulva,
1017 1688 1072 1736 et
1098 1681 1166 1734 ab
1201 1686 1357 1735 utero
1389 1686 1734 1743 erraverunt,
1763 1699 1783 1733 ι
1805 1695 1952 1735 nunc

369 1774 562 1829 eodem
599 1789 766 1831 sensu
792 1773 1037 1844 adiungit
1063 1773 1145 1840 τὸ,
1170 1772 1562 1845 ὴμϐλώθησαν,
1606 1793 1625 1825 ι
1658 1789 1755 1844 per
1785 1775 1950 1828 abor-

372 1873 491 1918 tum
515 1863 673 1934 ejecti
704 1837 911 1921 sunt.)
959 1837 1374 1921 causamuvero
1423 1837 1590 1934 hujus
1643 1837 1772 1920 mali
1816 1865 1949 1920 dicit
1982 1837 2026 1892 Β

368 1969 494 2011 esse
535 1956 948 2012 similitudinem
981 1970 1144 2026 quam
1182 1972 1306 2012 cum
1343 1957 1689 2026 serpentibus
1726 1957 1946 2013 habent.

367 2047 546 2114 Quare
569 2048 804 2104 similem
866 2049 1172 2104 orationem
1226 2063 1520 2118 usurpans,
1580 2049 1659 2103 ait
1701 2064 1796 2105 eos
1826 2065 1950 2106 esse

365 2139 719 2212 imperfectos
746 2141 800 2196 in
827 2142 1042 2198 ratione
1069 2149 1300 2208 naturae,
1329 2153 1384 2199 et
1407 2143 1686 2199 abortivos
1718 2159 1814 2214 per
1833 2159 1949 2198 ma-

357 2230 540 2285 titiam
564 2233 831 2299 redditos,
881 2234 1249 2306 delapsosque
1313 2244 1367 2291 et
1425 2235 1699 2293 excidisse
1745 2236 1814 2292 ab
1855 2237 1947 2291 illa

365 2335 529 2389 quam
571 2336 739 2392 supra
768 2321 1010 2380 diximus
1050 2323 1299 2390 matrice,
1347 2324 1565 2395 sibique
1606 2326 1790 2396 ignem
1821 2327 1949 2381 eﬁ‘c—

366 2418 484 2465 ctos
512 2425 656 2480 esse,
687 2412 759 2467 ob
792 2413 1014 2468 carnale
1041 2421 1094 2468 et
1119 2413 1358 2468 materiae
1390 2413 1706 2472 immersum
1735 2415 1948 2470 vivendi

366 2501 700 2571 insﬁtutum,
761 2503 930 2574 hujus
967 2506 1143 2575 gratia
1192 2504 1382 2560 oculos
1414 2506 1482 2561 ad
1522 2507 1694 2563 solem
1728 2524 1835 2562 non
1868 2509 1945 2564 le-

364 2609 544 2650 vasse.
576 2593 721 2652 Solis
751 2597 974 2653 nomine
1002 2597 1278 2668 signiﬁcat
1317 2613 1498 2653 veram
1535 2599 1684 2653 illam
1742 2601 1942 2666 lucem,

361 2700 530 2756 quam
557 2683 918 2754 imperfectus
957 2685 1050 2741 ille
1079 2683 1394 2740 Judaeorum
1439 2686 1584 2742 Ictus
1640 2694 1695 2742 et
1743 2701 1945 2742 conce-

359 2787 488 2850 ptus
521 2777 748 2834 minime
779 2778 1049 2836 sustinuit
1086 2779 1292 2834 videre.
1320 2777 1602 2835 Consonat
1649 2795 1814 2850 porro
1861 2796 1947 2836 sc-

359 2884 537 2939 quens
593 2869 772 2924 oratio
799 2885 925 2925 cum
973 2871 1356 2941 praecedente;
1417 2887 1545 2927 nam
1575 2873 1720 2943 quod
1779 2888 1947 2944 supra

359 2961 666 3017 nominavit
701 2981 721 3015 ι
745 2963 993 3033 aspidem
1028 2963 1275 3030 surdam,
1304 2984 1326 3018 ι
1365 2964 1468 3021 hoc
1522 2979 1674 3020 nunc
1709 2966 1948 3035 appellat

360 3054 578 3125 spinam
609 3069 718 3109 non
742 3054 1138 3125 intelligentem
1165 3072 1179 3110 :
1208 3071 1334 3110 nam
1363 3072 1431 3113 ex
1465 3057 1654 3112 auditu
1695 3060 1946 3112 nascitur

360 3146 750 3220 intelligentia,
821 3146 1029 3219 quique
1071 3148 1412 3203 auditionem
1469 3165 1580 3203 non
1626 3151 1839 3220 recipit,
1898 3153 1944 3208 is
1975 3183 2018 3240 ο

361 3239 526 3294 simul
589 3239 757 3295 etiam
832 3253 960 3294 cum
1030 3239 1317 3296 auditione
1383 3240 1800 3313 intelligentiam
1859 3261 1948 3302 re-

355 3328 499 3399 jicit.

433 3411 705 3480 Quocirca
739 3420 885 3478 sicut
937 3423 1032 3481 ubi
1098 3425 1343 3496 generali
1394 3427 1672 3498 serpentis
1725 3429 1950 3485 nomine

356 3513 560 3586 posito,
580 3515 1047 3588 aadduxitpostea
1081 3519 1322 3588 speciem
1359 3518 1528 3590 hujus
1569 3519 1850 3587 animalis,
1893 3532 1948 3577 et

360 3606 585 3677 quidem
606 3608 780 3676 illam,
835 3625 957 3679 quae
986 3610 1046 3665 in
1079 3626 1145 3667 eo
1174 3626 1374 3683 genere
1394 3622 1479 3670 est
1513 3615 1762 3670 omnium
1812 3631 1947 3687 per—

361 3701 753 3769 niciosissima,
793 3703 1044 3774 aspidem
1075 3705 1307 3772 scilicet,
1345 3705 1423 3761 ita
1455 3716 1509 3763 et
1531 3707 1619 3763 hic
1643 3710 1945 3780 generatim

359 3793 532 3865 spina
567 3795 840 3851 vocabulo
877 3800 1080 3868 posito,
1135 3797 1295 3855 aﬂ‘ert
1333 3800 1596 3871 deinceps
1647 3817 1769 3858 eam
1817 3818 1947 3874 spe-

358 3886 522 3953 ciem,
561 3903 682 3958 quae
716 3889 863 3942 inter
893 3889 1086 3959 spinas
1109 3891 1354 3946 omnium
1394 3900 1482 3949 est
1526 3895 1946 3963 molestissima,

358 3992 556 4048 nempe
614 3980 932 4042 rhamnutn,
975 3981 1137 4051 cujus
1173 3991 1351 4037 acutae
1400 3991 1532 4039 sunt
1566 3986 1846 4056 cuspides,
1895 3998 1949 4042 et

359 4070 640 4126 continuae
668 4069 1056 4142 prominentia:
1087 4075 1154 4128 ad
1187 4075 1496 4130 nocendum
1523 4078 1949 4147 propinquanti-

359 4162 466 4218 bus
497 4173 655 4232 aptae,
683 4162 962 4234 plagasque
994 4164 1210 4219 inﬂictae
1231 4180 1540 4221 venenosae.
1557 4153 1946 4223 Verumtamen

358 4253 519 4323 opina
549 4253 743 4317 eratis,
772 4253 868 4320 ait,
899 4260 956 4310 et
989 4253 1045 4309 in
1079 4254 1281 4325 spinis,
1315 4254 1606 4321 rhamnus,
1629 4263 1690 4310 ut
1711 4256 1948 4326 proinde

356 4345 656 4402 videamini
687 4346 892 4402 vivere.
920 4345 1039 4402 Non
1079 4349 1226 4403 enim
1268 4364 1397 4406 vere
1427 4349 1584 4414 vivit,
1632 4349 1728 4420 qui
1759 4365 1945 4404 veram

354 4441 526 4496 vitam
559 4455 671 4497 non
705 4440 890 4497 habet.
916 4439 1003 4496 Ira
1046 4441 1364 4499 absorbebit
1402 4458 1500 4500 vos
1535 4461 1548 4498 :
1580 4451 1636 4500 et
1677 4445 1946 4515 quemad-

2054 580 2158 645 ἕως
2182 580 2361 634 αὐτῶν
2388 580 2700 653 ἐκνευρὼσῃ
2729 581 2829 652 τὴν
2854 581 3107 652 δύναμιν.
3151 601 3170 634 ι
3194 582 3435 634 Ἑντενεῖ
3469 582 3598 655 γάρ,
3624 601 3642 633 ι

2056 672 2219 741 φησὶν
2240 713 2256 736 ,
2288 690 2308 724 t
2335 671 2396 726 τὸ
2425 673 2579 738 τόξον
2604 673 2790 740 αὑτοῦ,
2820 675 2926 738 ἕως
2954 667 3014 728 οὗ
3042 673 3451 744 ἀσθενήσουσιν.
3481 691 3502 723 ι
3541 673 3650 727 Καὶ

2063 761 2302 830 γίνονται
2334 764 2503 833 κηρὸς
2525 765 2846 834 τηκόμενος,
2886 763 3022 836 πρὸς
3056 765 3162 816 πᾶν
3185 759 3323 826 εἶδος
3367 761 3461 815 τοῦ
3509 763 3650 816 irati

2051 851 2152 922 τὴν
2177 853 2450 926 ἁμαρτίαν
2473 858 2821 927 χαρακτῆρος
2842 856 3079 919 εὐκόλως
3113 853 3322 925 μορφού
3333 870 3517 924 μενος
3552 857 3647 907 καὶ

2054 945 2260 1008 τούτοις
2290 944 2370 999 ἔτι
2407 947 2730 1016 προστίθησι
2758 949 2857 1011 τὰς
2899 947 3188 1019 ὀδυρτικάς
3239 946 3457 1007 ἐκείνας
3505 946 3650 1000 κατά

2053 1035 2162 1088 τῶν
2185 1035 2430 1090 δειλαίων
2453 1037 2685 1105 φωνὰς,‹
2706 1035 2945 1092 Ἔπεσεν
2977 1039 3104 1109 πῦρ,
3127 1057 3146 1089 ι
3176 1038 3401 1104 λέγων,‹
3426 1038 3523 1090 καί⁸
3549 1038 3648 1091 οὐκ

2055 1127 2160 1182 [δον
2185 1127 2276 1181 τὸν
2301 1128 2499 1199 ⁴ἣλιον.)
2520 1129 2812 1199 Σαφηνίζει
2839 1129 2894 1182 δὲ
2915 1129 3009 1182 τοῦ
3039 1127 3201 1200 ῥητοῦ
3223 1128 3414 1181 τούτου
3439 1128 3539 1198 τὴν
3559 1127 3647 1181 ἕν-

2053 1237 2202 1274 νοιαν
2220 1220 2404 1291 ἕτερος
2425 1220 2533 1275 τῶν
2559 1222 2864 1292 ἑρμηνέων.
2888 1222 2986 1292 τὴν
3019 1221 3168 1290 παρὰ
3197 1223 3390 1292 καιρὸν
3420 1221 3649 1291 γενομέ-

2053 1328 2151 1382 νην
2177 1312 2284 1365 ἀπὸ
2310 1314 2412 1383 τῆς
2447 1314 2659 1384 μήτρας
2702 1313 2980 1382 ὀλίσθησιν
3026 1312 3119 1365 τοῦ
3153 1311 3522 1383 ἀμϐλὼματος
3561 1314 3651 1384 ἐρ-

2056 1404 2330 1476 μηνεύσας
2361 1405 2570 1467 τούτοις
2615 1407 2729 1467 τοῖς
2766 1407 3003 1475 ῥήμασιν
3024 1419 3038 1434 ⁸
3077 1422 3094 1455 ι
3134 1405 3454 1475 Ἔκτρωμα,
3488 1422 3506 1454 ι
3541 1421 3648 1474 φη-

2053 1497 2159 1560 civ,
2199 1513 2219 1549 ι
2261 1497 2518 1561 γυναικὸς
2557 1497 2655 1568 οὐχ
2673 1496 3176 1568 ὁραματισθήσεται
3204 1495 3375 1566 ⁴ἤλιον.
3419 1515 3437 1548 ι
3486 1497 3643 1548 Ἐπεί

2050 1589 2230 1643 τοίνυν
2259 1590 2410 1661 παρὰ
2437 1589 2537 1660 τὴν
2575 1589 2747 1660 ἀρχὴν
2785 1589 2886 1659 τῆς
2935 1587 3252 1658 ψαλμῳδίας
3298 1586 3501 1656 φησὶν,
3566 1588 3646 1640 ὅτι

2060 1700 2078 1734 ι
2121 1681 2664 1753 Ἀπηλλοτριώθησαν
2696 1685 2744 1734 oi
2770 1681 3085 1752 ἁμαρτωλοὶ
3106 1681 3212 1734 ἀπὸ
3243 1682 3476 1752 μήτρας,
3553 1681 3646 1734 καὶ

2053 1773 2162 1827 ἀπὸ
2214 1773 2450 1845 γαστρὸς
2507 1771 2923 1844 ἐπλανήθησαν,
2982 1793 3000 1825 ι
3054 1775 3190 1845 ὅπερ
3260 1773 3457 1827 ταύτόν
3530 1777 3646 1827 ἐστι

2056 1863 2134 1934 τῷ
2159 1863 2527 1935 ἡμϐλώθησαν
2547 1909 2558 1926 ,
2594 1863 2764 1917 αἴτιον
2795 1865 2851 1916 δέ
2893 1863 2984 1916 τοῦ
3013 1864 3254 1917 τοιούτου
3304 1863 3513 1926 πάθους
3548 1864 3646 1917 αὑ-

2057 1954 2165 2007 τῶν
2214 1955 2360 2023 λέγει
2411 1955 2506 2026 τὴν
2554 1955 2692 2027 πρὸς
2735 1956 2826 2008 τὸν
2877 1957 3000 2026 ὅφιν
3047 1974 3105 2009 τε
3155 1958 3251 2011 καὶ
3293 1957 3393 2028 τὴν
3439 1956 3648 2009 ἀσπίδα

2055 2047 2336 2118 ὁμοίωσιν,
2356 2049 2445 2102 διά
2471 2047 2634 2102 τοῦτο
2661 2049 2755 2102 καὶ¹
2787 2049 2882 2103 νῦν
2903 2048 2993 2102 τὸν
3020 2049 3132 2101 ἴσον
3167 2047 3530 2102 ἐπαναλαὸὼν
3557 2048 3646 2100 λό-

2057 2156 2173 2208 γον,
2213 2141 2367 2211 φησῖ,
2399 2141 2482 2194 ὃτι
2522 2141 2730 2205 ἀτελεῖς
2772 2142 2831 2196 ἐν
2874 2140 2952 2212 τῷ
2990 2140 3134 2211 λόγῳ
3167 2141 3265 2210 τῆς
3298 2141 3516 2208 φύσεως
3556 2141 3648 2193 καὶ

2057 2233 2452 2306 ἀμϐλωθρίδιοι
2493 2233 2583 2290 διὰ
2613 2235 2810 2298 κακίας
2839 2236 3146 2304 γενόμενοι,
3184 2233 3560 2304 ἐξωλίσθησὰν
3589 2251 3646 2287 τε

2057 2327 2150 2378 καὶ
2202 2325 2401 2379 ἔπεσαν
2451 2326 2606 2380 αὐτοὶ
2646 2325 2755 2380 ἀπὸ
2785 2327 2886 2397 τῆς
2920 2327 3205 2398 νοηθείσης
3255 2327 3385 2396 ἡμῖν
3427 2326 3647 2396 ἐκείνης

2059 2418 2294 2489 μήτρας,
2329 2417 2441 2490 πῦρ
2475 2418 2593 2472 καθ’
2631 2417 2838 2474 ἑαυτῶν
2868 2417 3168 2488 γενόμενοι,
3199 2417 3288 2472 διὰ
3325 2419 3425 2486 τῆς
3455 2417 3648 2485 ὑλικῆς

2057 2510 2463 2581 προαιρέσεως·
2521 2503 2581 2563 οὗ
2615 2509 2774 2581 χάριν
2841 2510 2941 2562 οὐκ
2995 2508 3295 2578 ἁνέὸλεψαν
3365 2509 3502 2580 πρὸς
3560 2507 3648 2560 τὸν

2056 2601 2224 2672 ἥλιον.
2272 2600 2634 2655 Ἐνδείκνυται
2656 2601 2712 2653 δὲ
2747 2603 2810 2654 ἐκ
2830 2599 2922 2654 τοῦ
2953 2601 3105 2672 ἡλίου
3138 2600 3199 2653 τὸ
3228 2599 3483 2670 ἀληθινὸν
3511 2600 3646 2668 φῶς,

2057 2694 2194 2766 πρὸς
2245 2693 2272 2747 ὂ
2329 2695 2364 2764 ἡ
2415 2693 2846 2765 ἀτελεσφόρητος
2888 2693 2996 2747 τῶν
3043 2693 3316 2747 Ἰουδαίων
3364 2693 3497 2763 γονὴ
3552 2691 3647 2744 οὐκ

2055 2785 2369 2854 ἀνέϐλεψεν.
2421 2785 2532 2838 Καὶ
2577 2786 2606 2838 ό
2662 2785 2859 2854 ἐφεξῆς
2904 2785 3061 2854 λόγος
3111 2786 3340 2858 ἁρμόζει
3391 2785 3537 2837 κατὰ
3589 2782 3646 2834 τὸ

2054 2876 2346 2931 ἀκόλουθον
2381 2875 2456 2947 τῷ
2489 2877 2802 2949 προάγοντι.
2836 2877 2900 2928 Ὃ
2934 2877 3043 2946 γὰρ
3078 2877 3194 2929 ἐκεῖ
3226 2875 3414 2946 κωφὴν
3445 2875 3647 2927 ἀσπίδα

2053 2967 2356 3038 ὠνόμασεν,
2385 2967 2544 3020 τοῦτο
2575 2966 2671 3021 νῦν
2718 2966 3056 3037 μεταϐαλὼν,
3105 2966 3360 3020 ἀσύνετον
3402 2965 3677 3049 ἄκανθαν.

2052 3059 2235 3128 λέγει·
2278 3063 2344 3112 ἐκ
2363 3059 2473 3130 γὰρ
2508 3059 2604 3113 τοῦ
2641 3058 2873 3113 ἀκοῦσαι
2905 3059 2964 3111 τὸ
2990 3059 3232 3112 συνιέναι
3265 3059 3475 3128 γίνεται
3502 3076 3516 3088 ·
3545 3061 3572 3112 ὁ
3591 3059 3645 3112 δὲ

2051 3150 2149 3220 τὴν
2175 3150 2344 3223 ἀκοὴν
2373 3152 2432 3204 οὐ
2466 3149 2780 3222 δεξάμενος,
2813 3151 3207 3205 συναποϐἀλλει
3243 3152 3462 3215 πάντως
3496 3151 3638 3223 μετά

2051 3244 2150 3314 τῆς
2184 3243 2362 3313 ἀκοῆς
2389 3244 2484 3297 καὶ
2515 3244 2616 3314 τὴν
2652 3244 2886 3296 σύνεσιν.

2123 3423 2223 3477 Διά
2253 3422 2410 3478 τοῦτο
2440 3423 2629 3495 ὥσπερ
2657 3425 2774 3478 ἐκεῖ
2807 3425 2906 3495 μὲν
2936 3425 3298 3499 γενικώτερον
3331 3428 3642 3498 μνημονεύ-

2053 3533 2153 3580 σας
2190 3515 2284 3569 τοῦ
2313 3515 2455 3568 κατὰ
2483 3515 2573 3568 τὸν
2591 3515 2715 3584 ὅφιν
2743 3515 3028 3586 ὀνόματος,
3065 3517 3259 3585 ἐπάγει
3292 3516 3354 3570 τὸ
3377 3512 3521 3580 εἶδος
3549 3514 3643 3570 τοῦ

2027 3607 2244 3678 ’θηρίου
2270 3608 2332 3661 τὸ
2359 3609 2416 3660 ἐν
2436 3607 2513 3678 τῷ
2539 3607 2685 3675 γένει
2716 3607 3064 3677 πικρότατον,
3090 3608 3187 3680 τὴν
3213 3608 3413 3662 ἀσπίδα
3433 3608 3608 3678 λέγων
3625 3623 3638 3638 ·

2049 3701 2194 3754 οὕτω
2227 3699 2321 3752 καὶ
2353 3697 2599 3759 ἐνταῦθα,
2625 3692 2737 3752 οἷον
2764 3700 2822 3753 ἐν
2853 3699 3000 3764 γένει
3035 3701 3142 3754 τινὶ
3168 3699 3228 3753 τὸ
3261 3701 3362 3770 τῆς
3396 3701 3643 3772 ἀκάνθης

2049 3793 2224 3863 ὄνομα
2247 3789 2672 3862 προεκθέμενος,
2713 3789 2909 3858 ἐπάγει
2940 3791 3002 3844 τὸ
3033 3792 3411 3864 χαλεπώτερον
3441 3794 3500 3847 ἐν
3526 3797 3644 3857 ταῖς

2042 3883 2313 3949 ,ἀκάνθαις
2373 3879 2531 3947 εἶδος,
2585 3884 2684 3957 τὴν
2715 3886 2920 3957 ῥάμνον
2949 3884 3141 3950 εἰπὼν,
3188 3881 3257 3958 ἦς
3311 3885 3484 3950 ὀξεῖαι
3548 3887 3641 3958 μὲν

2051 3977 2159 4051 [αἱ]
2181 3979 2379 4050 ἀκμαὶ,
2401 3981 2643 4050 συνεχεῖς
2674 3979 2730 4034 δὲ
2755 3981 2811 4034 αἱ
2833 3979 3117 4051 προϐολαὶ,
3146 3979 3438 4050 βλαπτικαὶ
3455 3981 3513 4035 δὲ
3537 3981 3641 4034 τῶν

2039 4069 2521 4141 ’προσεγγιζόντων
2541 4071 2636 4127 καὶ
2663 4072 2835 4136 ίὼδεις
2866 4075 2920 4126 αί
2951 4073 3182 4145 ἀμυχαί.
3219 4073 3362 4144 Πλὴν
3385 4073 3525 4127 ἀλλά
3549 4074 3641 4126 καὶ

2049 4162 2260 4218 ἄκανθα
2283 4159 2402 4234 ἦτε,
2439 4164 2622 4236 φησὶν,
2657 4163 2764 4220 κᾶν
2816 4167 2874 4220 ἐν
2918 4165 3182 4226 ἀκάνθαις
3227 4166 3517 4238 ἡράμνος,
3567 4167 3640 4229 ὡς

2047 4254 2128 4308 ἔτι
2161 4254 2370 4308 οἴεσθαι
2405 4251 2541 4331 ζῇν·
2579 4256 2640 4309 οὐ
2676 4255 2784 4328 γὰρ
2835 4256 3052 4327 ἀληθῶς
3095 4257 3184 4329 ζῇ,
3218 4258 3312 4329 τὴν
3346 4257 3521 4330 ἀληθῆ
3567 4257 3638 4328 μὴ

2048 4346 2187 4417 ἔχων
2233 4346 2400 4415 ζωήν.
2447 4348 2511 4399 Ἡ
2543 4348 2679 4420 ὀργὴ
2736 4349 3062 4402 καταπίεται
3105 4351 3277 4421 ὑμᾶς·
3313 4350 3405 4403 καὶ
3455 4351 3640 4420 ὥσπερ

2047 4439 2158 4492 τῶν
2188 4437 2528 4512 ἁμαρτωλῶν
2563 4441 2596 4510 ἡ
2627 4440 2742 4512 ζωὴ
2816 4441 2918 4495 οὐκ
2953 4441 3020 4496 ἂν
3066 4441 3281 4512 άληθῶς
3312 4443 3461 4496 ἐστιν
3497 4443 3524 4495 ὃ
3557 4442 3638 4495 λέ-

355 4534 579 4590 modum
637 4535 752 4589 vita
805 4542 1156 4604 peccatorum
1187 4551 1298 4590 non
1348 4551 1478 4592 vere
1523 4544 1627 4602 est,
1669 4536 1816 4608 quod
1855 4536 1942 4592 di-

2054 4547 2224 4599 γεται,
2270 4529 2384 4582 ἀλλ’
2431 4529 2756 4600 ὀνομάζεται
2797 4533 2956 4602 μόνον
2996 4531 3078 4601 (τὸ
3108 4531 3216 4603 γάρ
3245 4535 3344 4603 τῆς
3379 4531 3638 4601 ἀληθινῆς

358 4625 524 4691 citur,
578 4625 676 4681 sed
715 4624 1102 4681 tantummodo
1146 4625 1273 4681 talis
1301 4625 1509 4682 dicitur
1557 4628 1708 4699 (nam
1747 4641 1872 4698 quae
1913 4641 1944 4681 a

356 4732 489 4772 vera
516 4717 628 4772 vita
653 4717 903 4787 seiuncta
927 4723 1035 4782 est,
1072 4718 1166 4773 illa
1193 4718 1385 4790 utique
1418 4734 1561 4775 veras
1595 4721 1717 4776 vitae
1739 4736 1944 4776 nomen

357 4825 468 4866 non
503 4809 792 4879 meretur),
823 4811 906 4866 sic
937 4818 994 4865 et
1026 4809 1081 4865 in
1098 4809 1208 4867 Deo
1240 4813 1323 4866 ira
1349 4812 1522 4866 nihilo
1545 4814 1721 4884 magis
1741 4814 1942 4880 iraest,

358 4903 488 4957 licet
517 4915 546 4954 a
579 4902 964 4972 peccatoribus
987 4901 1113 4958 talis
1137 4912 1191 4959 et
1215 4903 1504 4971 habeatur,
1527 4911 1582 4960 et
1603 4905 1939 4962 nominetur.

355 4993 476 5050 Non
510 5001 597 5051 est
623 4993 728 5059 ira,
756 4992 853 5049 sed
891 5010 912 5046 ι
938 4993 1086 5050 sicut
1113 4995 1218 5061 ira,
1240 5013 1260 5049 ι
1297 4995 1608 5067 appellatur
1623 4997 1938 5062 retributio,

359 5101 526 5158 quam
557 5084 704 5142 Deus
729 5084 1000 5156 rependit,
1033 5095 1196 5156 prout
1225 5086 1318 5157 jus
1358 5086 1550 5158 fasque
1577 5089 1768 5160 exigit.
1824 5088 1941 5145 hoc

355 5179 525 5248 igitur
573 5183 660 5234 est
710 5176 845 5232 illud
877 5193 890 5230 :
926 5193 946 5228 ι
973 5173 1129 5230 Sicut
1199 5177 1489 5244 viventes;
1519 5195 1538 5230 ι
1602 5185 1658 5233 et
1693 5194 1707 5232 :
1739 5195 1758 5229 ι
1785 5174 1942 5232 Sicut

354 5267 409 5322 in
453 5273 533 5328 ira
564 5272 883 5328 absorbebit
905 5285 1026 5335 vos,
1053 5288 1074 5323 ι
1110 5272 1204 5342 qui
1234 5273 1288 5328 in
1317 5287 1447 5329 vera
1487 5274 1600 5328 vita
1635 5289 1743 5330 non
1775 5276 1935 5340 estis,

355 5365 472 5436 ipse
497 5375 682 5421 tamen
721 5380 850 5420 vere
899 5364 1077 5419 iratus
1131 5380 1241 5419 non
1286 5375 1391 5422 est.
1448 5364 1657 5424 Deinde
1705 5367 1936 5425 subdit:

358 5474 378 5510 ι
423 5454 724 5512 Laetabitur
757 5455 943 5526 justus
984 5470 1111 5510 cum
1165 5455 1364 5521 viderit
1415 5457 1778 5522 vindictam,»
1829 5474 1938 5513 non

353 5546 499 5617 quod
523 5553 747 5618 propter
763 5547 1010 5618 perditos
1027 5547 1284 5618 gaudeat,
1303 5547 1397 5605 sed
1423 5549 1570 5620 quod
1589 5564 1657 5606 ex
1685 5551 1939 5621 opposito

354 5651 445 5692 res
488 5651 620 5691 suas
659 5651 786 5690 cum
820 5637 988 5692 rebus
1032 5637 1252 5692 illorum
1285 5653 1646 5708 componens,
1691 5648 1826 5696 tunc
1852 5656 1938 5697 se-

364 5723 546 5795 ipsum
579 5726 800 5782 beatum
828 5728 1232 5800 praedicaturus
1266 5731 1358 5799 sit,
1391 5731 1462 5788 ob
1490 5742 1641 5789 recta
1679 5733 1932 5802 consilia,

371 5813 572 5882 quibus
595 5815 793 5889 eﬂ‘ecit,
824 5835 897 5878 ne
928 5835 1070 5879 unus
1103 5837 1170 5880 ex
1202 5822 1438 5900 illorum
1478 5841 1706 5890 numero
1760 5828 1930 5895 ﬁeret,

2054 4621 2199 4692 ζωῆς
2246 4619 2656 4691 διεζευγμένον,
2679 4621 2793 4694 ζωὴ
2815 4623 2915 4676 οὐκ
2943 4622 3111 4695 ἔστιν)
3140 4641 3154 4656 ο
3191 4624 3362 4689 οὕτως
3401 4626 3500 4679 καὶ
3550 4627 3636 4679 ἐπὶ

2051 4713 2143 4767 τοῦ
2182 4712 2323 4766 θεοῦ
2376 4715 2410 4784 ἡ
2467 4713 2627 4785 ὀργὴ,
2652 4713 2756 4769 κᾶν
2803 4717 2916 4780 τοῖς
2963 4716 3304 4789 ἁμαρτωλοῖς
3330 4717 3488 4770 τοῦτο
3548 4718 3636 4771 καὶ

2053 4807 2302 4877 φαίνεται
2354 4805 2448 4859 καὶ
2482 4807 2611 4878 παρ’
2647 4807 2825 4860 αὐτῶν
2862 4808 3210 4879 ὀνομάζεται,
3247 4809 3399 4862 οὐδὲν
3435 4810 3633 4881 μᾶλλόν

2051 4900 2199 4952 ἐστιν
2239 4897 2396 4970 ὀργὴ,
2442 4899 2558 4953 ἀλλ’
2597 4915 2621 4952 ι
2670 4899 2746 4964 ὡς
2780 4899 2917 4971 ὀργὴ
2980 4919 2998 4952 ι
3037 4902 3150 4964 τοῖς
3180 4899 3322 4954 οὕτω
3365 4901 3462 4972 τὴν
3500 4899 3633 4955 κατὰ

2048 4993 2110 5045 τὺ
2153 4992 2361 5046 δίκαιον
2407 4991 2502 5046 τοῦ
2542 4991 2692 5047 Θεοῦ
2731 4991 3135 5066 ἀντιδιδομένην
3169 4992 3403 5064 ἀμοιϐὴν
3437 4994 3631 5064 ὀνομά-

2051 5085 2226 5150 ζουσι.
2254 5085 2426 5139 Τοῦτο
2471 5079 2564 5139 οὖν
2611 5086 2760 5137 ἐστιν
2792 5084 2873 5150 τὸ,
2912 5103 2930 5136 ι
2981 5084 3126 5139 Ὠσεὶ
3165 5085 3394 5150 ζῶντας.
3431 5105 3451 5137 ι
3505 5085 3630 5150 Καὶ,

2057 5197 2078 5232 ι
2123 5179 2212 5244 Ὠς
2267 5181 2324 5233 ἐν
2369 5180 2506 5251 ὀργῇ
2555 5178 2882 5232 καταπίεται
2927 5180 3090 5250 ὑμᾶς,
3131 5203 3148 5230 ρ
3180 5179 3282 5233 οὐκ
3311 5181 3368 5232 ἐν
3406 5179 3629 5250 ἀληθινῇ

2050 5273 2162 5344 ζωῇ
2209 5273 2388 5338 ὄντας,
2422 5271 2544 5325 οὔτε
2592 5270 2807 5342 ἀληθῶς
2834 5271 3040 5334 ἐκεῖνος
3071 5272 3129 5324 ἐν
3161 5271 3296 5344 ὀργῇ
3324 5270 3631 5344 θεωρούμε-

2050 5383 2161 5431 νος.
2224 5362 2360 5421 Εἶτά
2426 5382 2612 5436 φησιν·
2655 5384 2674 5416 ι
2729 5359 3182 5436 Εὐφρανθήσεται
3222 5365 3429 5428 δίκαιος
3459 5367 3534 5419 ὅτ’
3568 5364 3630 5418 ἂν

2049 5459 2132 5530 ῐδῃ
2161 5458 2458 5530 ἐκδίκησιν.
2502 5475 2522 5510 ι
2561 5456 2671 5526 Οὐχ
2705 5454 2781 5520 ὡς
2824 5456 3125 5530 ἐπικαίρων
3166 5461 3280 5521 τοῖς
3326 5453 3628 5526 ἀπολλυμέο

2045 5569 2176 5615 νοις,
2224 5549 2339 5605 ἀλλ’
2385 5549 2460 5613 ὡς
2510 5549 2576 5603 ἐκ
2625 5547 2971 5620 παραλλήλου
3018 5547 3086 5602 τὰ
3129 5547 3324 5602 ἑαυτοῦ
3378 5549 3511 5618 πρὸς
3562 5545 3628 5599 τά

2046 5643 2272 5698 ἐκείνων
2305 5640 2600 5710 ἀνατιθεὶς,
2643 5641 2765 5695 τότε
2820 5642 3115 5714 μακαρίσει
3167 5640 3360 5694 ἑαυτὸν
3391 5641 3489 5712 τῆς
3535 5640 3625 5692 εὖ·

2045 5736 2285 5801 ϐουλίας,
2332 5736 2415 5789 ὅτι
2446 5733 2522 5806 μὴ
2554 5735 2614 5789 ἐν
2647 5734 2879 5800 ἐκείνοις
2924 5736 3162 5805 ἐγένετο,
3192 5736 3250 5788 ἐν
3292 5729 3374 5798 οἷς
3399 5735 3499 5806 ὁρᾷ
3520 5732 3625 5786 τῶν

2045 5827 2386 5903 ἁμαρτωλῶν
2416 5827 2517 5900 τὴν
2562 5826 2862 5900 ἐκδίκησιν.
2911 5827 3022 5901 Τὴν
3053 5827 3160 5901 γὰρ
3201 5827 3309 5882 τῶν
3343 5825 3623 5906 ἱδίωνίχει-
