3844 6346
187 383 284 440 597

1587 382 1649 434 IN
1695 381 2030 436 PSALMOS.

3333 388 3436 446 598

190 507 292 580 ρῶν
323 505 688 576 καθαρότητα,
721 507 788 576 τῇ
819 503 954 577 πρὸς
978 505 1039 558 τὸ
1064 505 1259 576 λύθρον
1281 503 1386 558 τῶν
1417 505 1754 575 ἁμαρτωλῶν

1886 519 1914 556 ιι
1949 504 2149 573 quibus
2178 503 2294 572 ipse
2335 511 2682 572 peccatorum
2719 504 3018 560 vindictam
3047 507 3442 574 conspicatur;

189 596 551 660 ἀντεξετάσει,
584 595 780 665 μᾶλλον
815 594 1127 663 κατόψεται.
1166 612 1185 646 ι
1236 596 1440 666 Χεῖρας
1490 595 1676 658 αὑτοῦ,
1734 616 1752 647 ο

190 692 368 760 φησιν,
414 707 434 739 ι
485 688 694 756 νίφεται
744 680 802 740 ἐν
845 687 924 758 τῷ
971 687 1162 758 αἵματι
1198 686 1292 740 τοῦ
1346 687 1688 758 ἀμαρτωλοῦ.
1736 706 1753 737 ι

191 779 416 849 Οἴδαμεν
443 777 520 844 δὲ,
553 777 633 830 ὃτι
665 777 766 830 οὑκ
809 775 969 830 ἄλλου
1001 775 1146 838 τινὸς
1171 775 1329 845 χάριν
1358 773 1676 844 νιπτόμεθα,
1725 774 1782 843 ἢν

193 870 274 923 ἵνα
318 867 394 939 τῷ
437 868 588 922 ὕδατι
628 867 720 920 τὸν
777 866 948 938 ῥύπον
997 864 1468 936 ἀποκλυσώμεθα·
1500 867 1530 918 6
1567 865 1624 918 δὲ
1666 864 1762 918 τοῦ

191 958 414 1028 αἵματος
434 955 706 1027 μολυσμὸς
727 940 827 1008 οὐκ
845 953 1208 1022 ἀποκαθαίρει
1235 953 1324 1008 τὸν
1343 954 1766 1026 προῦπάρχοντα

193 1049 376 1122 ῥύπον,
411 1047 525 1101 ἀλλ’
560 1046 722 1109 αὐτὸς
763 1046 971 1116 γίνεται
1006 1044 1198 1114 ῥύπος.
1244 1044 1456 1110 Οὐκοῦν
1487 1043 1676 1115 ὥσπερ
1703 1044 1764 1097 τὸ

117 1185 128 1194 .
191 1140 376 1192 λευκὸν
407 1137 606 1209 χρῶμα
645 1139 715 1206 τῇ
753 1135 1178 1205 ἀντιπαραθέσει
1223 1134 1317 1188 τοῦ
1347 1135 1577 1205 αἵματος
1607 1136 1765 1204 ἐκδη-

191 1231 400 1301 λότερον
434 1229 662 1297 γίνεται,
698 1227 870 1290 οὕτως
902 1227 993 1281 καὶ
1023 1228 1055 1296 ὴ
1085 1225 1192 1278 τῶν
1213 1225 1410 1296 χειρῶν
1434 1224 1526 1277 τοῦ
1555 1225 1766 1279 δικαίου

194 1322 520 1392 καθαρότης,
547 1320 637 1373 διὰ
659 1321 758 1389 τῆς
801 1318 896 1372 τοῦ
930 1317 1170 1371 ἐναντίου
1216 1317 1572 1388 συγκρίσεως,
1623 1316 1763 1385 λαμ-

196 1415 431 1486 προτέρα
475 1411 816 1466 καθίσταται.
859 1411 932 1463 Τὸ
965 1411 1074 1481 γὰρ
1101 1409 1196 1464 νῦν
1238 1409 1650 1480 ἀπιστούμενον,
1685 1411 1766 1462 ὅτι

181 1506 273 1571 ,τίς
319 1507 433 1557 ἐστι
481 1506 592 1565 τοῖς
637 1502 726 1556 διὰ
771 1503 877 1555 τῶν
913 1502 1015 1570 τῆς
1046 1501 1248 1573 ἀρετῆς
1289 1500 1466 1553 πόνων
1507 1500 1767 1564 ἑκουσίως

194 1594 602 1665 κακοπαθήσασι
635 1592 892 1664 μετουσία
923 1591 1018 1644 τοῦ
1051 1591 1378 1662 κρείττονος.
1408 1589 1529 1642 τότε
1554 1589 1640 1643 διὰ
1669 1590 1768 1660 τῆς

195 1685 380 1754 πείρας
415 1682 897 1753 φανερωθήσεται·
944 1683 972 1734 6
1009 1680 1118 1751 γὰρ
1167 1680 1338 1733 ταῦτα
1371 1678 1583 1748 βλέπων
1627 1679 1765 1748 ἐρεῖ,

194 1775 270 1828 ὅτι
298 1770 384 1844 ἦν,
418 1774 499 1838 ὡς
539 1772 733 1838 ἔοικεν,
752 1771 828 1842 τῷ
857 1771 1048 1842 δικαίῳ
1079 1772 1290 1842 καρπὸς
1323 1770 1682 1840 ἀποκείμενος
1712 1770 1768 1821 ἐν

1862 592 2207 664 propriarum
2239 593 2384 646 enim
2412 607 2670 646 manuum
2707 596 3004 663 puritatem
3038 597 3213 666 magis
3236 611 3441 667 cogno-

1862 693 1999 750 scet,
2050 684 2097 741 si
2123 697 2242 738 eam
2287 697 2412 738 cum
2468 684 2782 754 iniquorum
2821 687 3077 741 sordibus
3128 697 3441 757 componat.

1868 791 1887 825 ι
1912 775 2130 840 Manus,
2159 790 2180 824 ι
2220 774 2418 844 inquit,
2445 793 2466 826 ι
2504 790 2635 831 suas
2664 776 2869 831 lavabit
2913 778 2968 831 in
3007 777 3275 850 sanguine
3313 794 3444 848 pec-

1864 864 2092 920 catoris.
2125 863 2374 920 t-Notum
2425 873 2530 930 est,
2586 883 2688 924 nos
2734 885 2844 923 non
2899 869 3008 925 alio
3061 869 3170 925 ﬁne
3243 886 3444 924 manus

1865 955 2108 1019 abluere,
2173 972 2338 1026 quam
2375 964 2435 1011 ut
2474 958 2666 1015 sordes
2710 976 2806 1030 per
2856 977 3054 1033 aquam
3117 963 3442 1027 abluamus;

1865 1054 1919 1100 at
1945 1047 2232 1115 sanguinis
2265 1050 2516 1118 aspcrsio
2547 1066 2658 1106 non
2712 1053 2979 1106 emundat
3018 1055 3287 1121 maculas,
3323 1070 3445 1123 quae

1865 1137 2018 1206 prius
2039 1137 2278 1200 inerant,
2311 1153 2435 1194 cum
2473 1141 2590 1211 ipse
2617 1144 2842 1212 sanguis
2872 1144 2943 1198 sit
2975 1144 3222 1213 quaedam
3248 1153 3443 1198 conta-

1866 1230 2120 1286 minatio.
2158 1231 2430 1298 Quocirca
2465 1237 2928 1304 quemadmodum
2976 1238 3129 1292 color
3155 1237 3313 1291 albus
3353 1251 3443 1304 op-

1868 1323 2078 1392 positus
2123 1326 2376 1395 sanguini
2427 1327 2764 1396 splendidior
2809 1336 3056 1398 apparet,
3108 1330 3190 1384 sic
3241 1336 3294 1384 et
3329 1344 3444 1382 ma-

1867 1428 2034 1467 nuum
2061 1414 2197 1483 justi
2217 1417 2513 1474 mundities
2547 1419 2887 1490 splendidior
2913 1421 3132 1477 exsistit
3157 1420 3445 1476 collatione

1868 1512 1922 1556 et
1980 1502 2418 1575 juxtapositione
2450 1510 2736 1565 contrarii.
2771 1510 2904 1564 Nam
2936 1510 3083 1581 quod
3124 1527 3270 1565 nunc
3295 1526 3435 1581 azgrc

1869 1594 2142 1661 ere-ditur,
2195 1613 2317 1655 esse
2362 1600 2615 1657 videlicet
2648 1602 2756 1658 illis
2788 1603 2879 1672 qui
2924 1617 3021 1672 per
3064 1601 3286 1656 virtutis
3328 1610 3448 1654 stu.

1869 1686 2018 1740 dium
2086 1686 2287 1746 multos
2342 1691 2558 1746 labores
2628 1694 2931 1757 exantlant,
3005 1691 3447 1747 communionem

1872 1778 2168 1846 quamdam
2218 1783 2626 1839 excellentioris
2677 1783 2966 1853 cujusdam
3015 1783 3164 1850 boni,
3216 1781 3271 1837 id
3323 1791 3452 1835 tunc

193 1870 254 1937 τῇ
289 1866 473 1937 δικαίᾳ
521 1864 615 1920 τοῦ
664 1864 798 1919 Θεοῦ
839 1864 1039 1936 κρίσει.
1086 1863 1250 1934 Ὁρᾷς
1287 1862 1405 1926 οἵας
1447 1861 1774 1931 ἐπιϐέϐηκεν

1886 1869 1996 1938 ipso
2030 1873 2408 1940 experimento
2441 1873 2793 1929 manifestum
2831 1875 2952 1937 ﬁet;
3014 1875 3106 1945 qui
3152 1874 3297 1930 cnim
3328 1874 3452 1927 liazc
3504 1897 3512 1904 -

194 1957 503 2028 ἀκρωρείας
545 1957 574 2009 ό
621 1956 808 2024 λόγος;
838 1957 960 2009 ὅσον
990 1955 1279 2026 ὑπεραίρει
1317 1953 1426 2007 τῶν
1453 1952 1768 2025 προδεικνυ-

199 2047 369 2118 μένων
401 2047 461 2099 ἐν
489 2046 600 2109 τοῖς
627 2045 876 2118 Ψαλμοῖς
907 2045 966 2098 τὸ
998 2045 1258 2116 μέγεθος;

1877 1958 2095 2024 viderit,
2140 1961 2188 2016 is
2217 1961 2363 2018 dicet
2398 1979 2541 2029 esse,
2591 1972 2650 2017 ut
2675 1964 2852 2030 decet,
2895 1965 3046 2032 justo
3073 1963 3318 2018 fructum
3359 1979 3450 2018 rc-

1877 2049 2117 2117 positum
2142 2053 2198 2108 in
2232 2052 2386 2122 justo
2424 2054 2516 2110 Dei
2565 2055 2793 2125 judicio.
2832 2052 2992 2110 Vides
3028 2055 3279 2126 in-quam
3323 2052 3450 2108 alti-

197 2139 432 2193 tudinem
505 2136 810 2196 ascenderit
875 2138 1076 2203 oratio,
1138 2145 1408 2208 quantum
1471 2135 1707 2194 excedat
1744 2135 2130 2197 celsitudinem
2179 2161 2394 2210 eorum,
2458 2163 2581 2217 quae
2609 2149 2664 2201 in
2722 2147 3160 2218 praecedentibus
3225 2140 3452 2210 psalmis

199 2244 420 2293 tractata
459 2237 634 2292 sunt?

499 2333 510 2338 “
705 2328 1101 2382 ΚΕΦΑΛΑΙΟΝ
1141 2331 1260 2395 ις’.

276 2421 409 2473 Ἀλλ’
439 2419 568 2472 οὐδὲ
598 2413 751 2483 οὗτος
782 2421 905 2491 ὄρος
950 2421 1048 2490 τῆς
1094 2423 1173 2485 εἰς
1204 2422 1264 2474 τὸ
1295 2421 1426 2490 ὕψος
1457 2420 1771 2482 ἀναϐάσεως

197 2515 300 2576 τοῖς
343 2512 410 2565 δι’
445 2512 652 2582 ἀρετῆς
699 2512 1066 2581 προκόπτουσι
1109 2513 1336 2580 γίνεται.
1379 2513 1438 2564 ὐ
1481 2511 1588 2581 γὰρ
1635 2511 1772 2580 μετά

198 2603 374 2657 τοῦτον
403 2607 469 2672 τῇ
505 2604 794 2674 ἀκολουθίᾳ
819 2604 920 2675 τῆς
945 2604 1172 2672 τάξεως,
1204 2606 1342 2676 ὑπὲρ
1370 2606 1557 2660 τοῦτον
1583 2606 1684 2658 καὶ
1706 2608 1770 2674 τῇ

201 2693 538 2763 perclareat;
587 2693 687 2763 τῆς
737 2691 968 2763 θεωρίας
1023 2694 1357 2764 εὑρίσκεται.
1413 2694 1582 2747 Πάλιν
1626 2695 1683 2748 δὲ
1738 2697 1771 2764 ἡ

199 2783 470 2863 ἐπιγραφὴ
531 2782 985 2854 ἀνακηρύσσουσα
1041 2783 1134 2838 τὸν
1199 2785 1555 2856 στεφανίτην
1613 2785 1773 2839 πάλιν

199 2875 280 2926 ἐπ’
308 2874 490 2928 αὐτῶν
521 2873 688 2944 στήλη
715 2873 775 2925 τὸ
809 2874 948 2943 ὑπὲρ
983 2875 1268 2946 ἄνθρωπον
1297 2872 1435 2931 εἶναι
1467 2879 1565 2949 τὴν
1592 2878 1774 2932 τοιαύ-

143 3039 153 3050 _
199 2983 292 3037 την
311 2955 476 3037 ’νίκην
515 2966 867 3038 μαρτύρεται.
913 2986 931 3019 ι
968 2969 1063 3032 Εἰς
1096 2969 1156 3020 τὸ
1199 2969 1351 3034 τέλος
1385 2989 1404 3022 ι
1447 2971 1581 3041 γὰρ,
1619 2972 1773 3040 φησι,

207 3077 226 3110 ι
271 3059 343 3130 μὴ
371 3058 716 3131 διαφθείρῃς.
755 3078 774 3111 ι
811 3060 1040 3130 Εἴρηται
1073 3061 1352 3127 πολλάκις,
1383 3064 1464 3117 ὅτι
1496 3064 1618 3135 νίκη
1663 3065 1776 3118 ἐστὶ

2441 2327 2672 2382 CAPUT
2713 2327 2847 2385 XVI.

1944 2415 2144 2471 Verum
2193 2435 2370 2488 neque
2417 2421 2506 2474 hic
2563 2423 2834 2476 terminus
2875 2421 3220 2476 ascensionis
3271 2421 3450 2492 [igitur

1872 2507 2004 2573 illis,
2058 2509 2153 2578 qui
2187 2525 2284 2579 per
2307 2511 2567 2566 virtutem
2627 2511 2944 2582 proﬁciunt.
2989 2511 3132 2564 Nam
3174 2511 3447 2581 psalmus,

1871 2599 1965 2669 qui
1999 2600 2190 2655 ordine
2217 2604 2487 2671 sequitur,
2509 2602 2657 2658 hunc
2690 2618 2954 2672 superare
2990 2602 3213 2657 videtur
3230 2601 3446 2670 magni-

1880 2693 2070 2748 tudine
2105 2693 2422 2748 abditorum
2454 2709 2718 2750 sensuum
2756 2713 2769 2748 :
2803 2694 2896 2748 ubi
2929 2708 3127 2747 rursus
3161 2690 3452 2760 inscriptio

1878 2783 2148 2839 victorem
2183 2798 2388 2840 corona
2431 2785 2753 2854 insignitum
2789 2783 3054 2854 praedicat
3092 2800 3106 2835 :
3141 2797 3334 2836 rursus
3362 2795 3455 2835 co-

1881 2875 2069 2928 lumna
2093 2882 2330 2928 testatur
2361 2890 2528 2945 supra
2551 2876 2848 2929 humanam
2897 2874 3216 2928 facultatem
3259 2872 3455 2942 hujus-

1881 2964 2028 3018 modi
2051 2965 2338 3020 victoriam
2369 2981 2512 3022 esse.
2533 2966 2622 3019 Ait
2647 2966 2794 3022 enim
2831 2985 2844 3020 :
2879 2986 2896 3018 ι
2935 2965 2995 3020 1η
3028 2948 3212 3028 ﬁnem,
3245 2980 3312 3019 ne
3345 2965 3458 3018 dis-

1883 3058 2162 3127 perdas".
2185 3077 2205 3111 ι
2247 3060 2401 3129 Saepe
2436 3059 2643 3113 dictum
2683 3066 2786 3123 est,
2823 3078 2841 3111 ι
2875 3059 2996 3114 ﬁnis
3030 3078 3049 3111 ι
3093 3057 3456 3128 signiﬁcatum

201 3150 289 3204 τοῦ
327 3150 520 3214 τέλους
561 3150 621 3202 τὸ
657 3149 1074 3221 σημαινόμενον,
1123 3155 1218 3208 καὶ
1262 3155 1415 3209 οὐδὲν
1463 3157 1570 3228 χρὴ
1619 3156 1777 3210 πάλιν

1886 3166 2006 3206 εεεε
2039 3150 2360 3216 victoriam;
2397 3165 2574 3220 neque
2601 3166 2739 3222 opus
2767 3160 2850 3206 εει
2878 3151 3058 3206 denuo
3083 3150 3364 3220 explicare
3405 3149 3457 3201 id

206 3241 596 3314 ἐφερμηνεύειν
625 3240 704 3312 τῷ
742 3242 884 3314 λόγῳ
921 3243 982 3297 τὺ
1009 3246 1369 3317 ἐγνωσμένον.
1410 3248 1481 3300 Τὸ
1512 3248 1590 3311 δὲ,
1631 3267 1650 3300 ι
1689 3249 1780 3319 Μὴ

206 3335 542 3409 διαφθείρῃς,
579 3355 598 3388 ι
631 3338 664 3406 ἡ
693 3336 1072 3408 φιλάνθρωπος
1098 3338 1236 3410 αὕτη
1280 3339 1450 3410 φωνὴ,
1479 3341 1574 3393 καὶ
1602 3342 1782 3394 πᾶσαν

211 3425 584 3497 μακροθυμίας
619 3426 923 3498 ὑπερϐολὴν
968 3428 1263 3498 παριοῦσα,
1308 3423 1550 3500 μείζόνος
1602 3432 1784 3484 ἐπιϐέ-

210 3515 370 3587 ϐηκεν
395 3519 453 3570 ἐν
481 3517 561 3588 τῷ
587 3517 734 3584 τόπῳ
764 3519 938 3590 τούτῳ
981 3520 1079 3590 τῆς
1122 3521 1378 3584 διανοίας.
1411 3508 1508 3585 ’Τίς
1538 3522 1647 3593 γὰρ
1685 3524 1786 3577 οὐκ

210 3603 374 3671 οἶδεν,
439 3608 524 3661 ὃτι
591 3608 906 3680 πρόχειρος,
940 3611 1037 3680 μὲν
1085 3611 1165 3675 είς
1217 3611 1461 3666 εὐποιίαν
1521 3614 1639 3667 ἐστὶ
1693 3615 1787 3668 καὶ

213 3698 312 3752 τῶν
346 3700 715 3771 ἐπιτυχόντων
743 3702 970 3765 ἕκαστος
1015 3701 1107 3755 ἐπὶ
1151 3703 1260 3757 τῶν
1287 3703 1554 3774 μηδεμίαν
1596 3722 1787 3776 προεν-

211 3791 535 3863 δειξαμένων
576 3794 810 3847 κακίανο
851 3794 1113 3859 πολλάκις
1159 3795 1215 3848 δὲ
1257 3796 1352 3850 καὶ
1400 3799 1603 3868 μικρᾶς
1641 3813 1788 3862 τινος

213 3883 404 3955 λύπης,
434 3886 992 3957 προσγεγενημένης,.
1033 3887 1062 3939 ό
1114 3886 1214 3957 μὲν
1265 3887 1787 3960 μεγαλοψυχότερος,

213 3975 406 4046 ἧνεγκε
456 3975 557 4047 τὴν
611 3975 705 4028 ἐπὶ
759 3978 870 4039 τοῖς
923 3979 1137 4048 μικροῖς
1197 3977 1408 4049 ἀηδίαν,
1461 3981 1557 4033 καὶ
1608 3981 1666 4033 ἐν
1711 3980 1792 4052 τῷ

215 4066 383 4138 καιρῷ
411 4068 512 4138 τῆς
539 4067 785 4130 εὐποιίας
812 4067 912 4122 ούκ
943 4069 1236 4142 ἀπετράπη
1262 4070 1419 4125 τοῦτο
1443 4071 1666 4143 ποιῆσαι
1692 4090 1787 4126 καο

215 4159 338 4224 λῶς,
379 4159 469 4212 τὸν
502 4159 598 4212 ἐπὶ
630 4159 872 4230 μετρίοις
911 4159 1258 4232 λυπήσανταο
1304 4165 1334 4217 ό
1379 4163 1435 4216 δὲ
1484 4167 1794 4237 μικροφυὴς

215 4249 308 4321 τὴν
333 4251 594 4315 διάνοιαν,
631 4250 738 4303 κᾶν
779 4249 951 4320 βραχύ
977 4269 1031 4304 τι
1068 4252 1129 4306 τὸ
1158 4253 1456 4325 παροξύνον
1483 4256 1640 4328 τύχῃ,
1685 4260 1792 4311 πάρ

218 4358 312 4394 σαν
351 4341 648 4412 ἐπαφίησιν
673 4341 821 4413 αὐτῷ
865 4342 961 4414 τὴν
990 4343 1291 4415 ἀμυντικὴν
1321 4346 1571 4417 δύναμιν,
1603 4348 1792 4420 καιροῦ

216 4449 357 4494 τινος
392 4435 473 4496 εἰς
503 4432 823 4486 κακοποιίαν
861 4432 1175 4503 λαϐόμενος.
1211 4435 1419 4491 Οὐκοῦν
1452 4439 1551 4491 οὐκ
1592 4440 1702 4492 ἴσον
1734 4441 1794 4493 τὸ

219 4522 420 4593 θαῦμα,
451 4523 557 4577 κᾶν
583 4523 768 4594 ὅμοιον
812 4523 871 4576 τὸ
897 4524 1243 4596 εὐεργέτημα
1269 4525 1428 4600 τύχῃ,
1472 4528 1564 4580 ἐπί
1600 4547 1660 4582 τε
1701 4530 1796 4584 τοῦ

223 4615 386 4682 μηδὲν
434 4614 873 4684 προπεπονθότος
904 4615 1093 4682 κακὸν,
1137 4617 1231 4671 καὶ
1261 4619 1353 4670 ἐπὶ
1380 4617 1472 4670 τοῦ
1529 4620 1796 4685 εύποιίαις

212 4705 592 4776 ,ἀμειψαμένου
637 4706 728 4761 τὸν
769 4706 1213 4778 προλυπήσαντα.
1249 4709 1451 4763 Τούτου
1490 4711 1671 4781 χάριν,
1721 4713 1796 4775 ὠς

221 4795 284 4849 ἂν
333 4797 568 4867 μάλιστα
615 4798 677 4851 τὸ
718 4798 1066 4868 ἀπαράθετόν
1116 4817 1176 4852 τε
1217 4801 1312 4854 καὶ
1358 4801 1634 4872 ἀζήλωτον
1676 4805 1799 4858 ἐπι·

222 4885 455 4959 δειχθείη
498 4889 599 4960 τῆς
640 4889 734 4944 τοῦ
778 4890 942 4944 Δαϐὶδ
978 4891 1378 4962 μακροθυμίας,
1433 4895 1557 4965 ἥτις
1601 4897 1795 4967 αὐτὴν,

227 4980 422 5052 μικροῦ
471 4979 601 5045 δεῖν,
654 4984 901 5052 μιμεῖται
944 4983 1044 5054 τῆς
1089 4982 1240 5048 Θείας
1275 4984 1490 5052 φύσεως
1525 4987 1624 5052 τὴν
1654 4989 1800 5043 ἀπά·

228 5070 396 5138 θειαν,
433 5072 763 5144 παρατίθησι
785 5073 883 5144 τὴν
934 5075 1176 5146 πονηρὰν
1217 5075 1436 5147 ἐκείνην
1487 5077 1582 5130 τοῦ
1630 5079 1803 5135 Σαοὺλ

233 5163 449 5232 μανίαν.
483 5165 713 5237 Εἴρηται
742 5166 874 5238 γὰρ,
914 5167 1100 5236 φησιν,
1133 5168 1212 5239 τῷ
1257 5169 1423 5222 Δαϐὶδ
1453 5172 1487 5241 ἡ
1515 5171 1611 5226 τοῦ
1655 5193 1674 5225 ι
1706 5175 1798 5244 Μὴ

229 5254 546 5327 διαφθείρῃς
577 5276 598 5310 ι
636 5257 817 5330 φωνὴ,
840 5259 908 5329 ἣν
943 5261 1008 5330 τῇ
1057 5261 1242 5333 μνήμῃ
1271 5261 1377 5314 τῶν
1405 5262 1803 5335 ἐπιγενομένων

232 5348 612 5421 ἐνστηλιτεύῃ,
659 5352 757 5421 οὺχ
808 5351 897 5404 ὅτε
940 5351 1166 5420 φιλικῶς
1202 5352 1336 5423 πρὸς
1387 5353 1548 5407 αὐτὸν
1589 5352 1732 5426 εῖχεν
1772 5358 1802 5410 6

233 5437 526 5509 τύραννος,
574 5441 688 5494 ἀλλ’
718 5442 820 5513 ἤδη
866 5444 1246 5515 γεγενημένων
1295 5445 1538 5513 ἐκείνων,
1584 5449 1673 5500 ὅτε
1700 5451 1805 5503 ἀπ-

235 5530 468 5586 έστειλεν
497 5533 669 5588 Σαοὺλ
695 5535 776 5598 εἰς
826 5535 917 5589 τὸν
946 5533 1093 5590 οἷκον
1142 5535 1306 5590 αὐτοῦ
1355 5538 1448 5592 τοῦ
1500 5539 1804 5596 θανατῶσαι

237 5620 416 5676 αὐτόν.
437 5623 660 5688 Πάντως
685 5625 742 5680 δὲ
768 5625 868 5681 οὐκ
885 5627 1120 5696 ἀγνοεῖς,
1151 5630 1180 5684 6
1207 5628 1530 5702 φιλομαθὴς,
1559 5633 1621 5685 τὸ
1638 5633 1802 5706 μέρος

349 5801 559 5858 "Psal.
602 5820 756 5874 LVIII,
801 5805 887 5860 ιι.
959 5806 996 5836 ιι
1032 5783 1205 5876 ιιιοέ.
1235 5822 1345 5873 xix,
1386 5807 1470 5862 ιι.

1883 3244 2030 3314 quod
2076 3245 2189 3314 jam
2237 3245 2427 3315 liquet.
2483 3245 2621 3300 lllud
2674 3259 2802 3300 vero
2829 3288 2844 3312 ,
2886 3263 2905 3296 ι
2942 3243 3021 3300 Νε
3066 3242 3380 3314 disperdas,
3442 3266 3458 3297 ι

1885 3335 2064 3390 amica
2096 3337 2187 3390 illa
2219 3346 2274 3392 et
2291 3336 2541 3407 jucunda
2574 3351 2680 3391 vox
2714 3346 2818 3399 est,
2875 3351 3093 3392 onmem
3133 3332 3463 3405 longanimi-

1885 3431 2014 3485 tatis
2060 3437 2116 3484 et
2176 3431 2454 3499 patientia:
2507 3430 2894 3485 excellentiam
2953 3442 3328 3500 supergressa,
3375 3427 3462 3480 cui

1888 3522 2065 3592 major
2095 3521 2348 3592 quaedam
2375 3531 2429 3577 et
2461 3522 2778 3591 praeclarior
2801 3522 2905 3576 hoc
2938 3522 2993 3576 in
3019 3523 3140 3576 loco
3163 3519 3462 3589 subjicitur

1887 3614 2062 3670 notio.
2083 3614 2218 3681 Quis
2237 3615 2381 3669 enim
2411 3613 2628 3685 ignorat
2644 3613 2966 3684 quemlibet,
2993 3613 3160 3666 etiam
3190 3627 3255 3666 ex
3276 3611 3463 3678 vulgo.

1889 3720 2121 3778 pronum
2146 3720 2271 3760 esse
2293 3705 2362 3760 ad
2389 3704 2655 3762 beneﬁcia
2682 3704 3016 3761 conferenda
3039 3704 3170 3767 illis,
3200 3718 3230 3755 a
3263 3703 3467 3772 quibus

1891 3799 2029 3854 nihil
2075 3799 2393 3854 uocumenti
2453 3799 2704 3868 accepit;
2761 3811 2905 3866 saepe
2962 3810 3094 3850 vero
3123 3795 3210 3849 vel
3265 3794 3467 3861 exigua

1890 3890 2194 3947 oil'ensione
2240 3897 2297 3946 et
2353 3890 2604 3945 molestia
2628 3889 2973 3958 interposita,
3020 3889 3068 3942 is
3107 3884 3328 3956 quidem
3366 3884 3464 3953 qui

1893 3983 2077 4038 animo
2103 3975 2451 4037 censtantior
2476 3988 2582 4049 est,
2611 3980 2891 4036 moderate
2924 3978 3030 4034 l’ert
3063 3978 3323 4046 exiguam
3361 3973 3469 4028 ali-

1892 4091 2057 4147 quam
2097 4075 2428 4138 molestiam,
2457 4081 2511 4130 et
2537 4083 2782 4144 tempore
2819 4069 3199 4128 benefaciendi
3239 4066 3472 4121 minime

1896 4167 2238 4229 intermittit,
2263 4181 2374 4236 quo
2405 4166 2589 4221 minus
2617 4165 2890 4235 benignus
2926 4165 2998 4218 sit
3027 4162 3082 4216 in
3109 4176 3260 4226 eum,
3306 4174 3336 4213 a
3362 4171 3474 4228 quo

1896 4255 2149 4311 nonnihil
2176 4255 2438 4310 molestiae
2467 4254 2684 4323 accepit
2723 4271 2737 4307 :
2772 4261 2826 4306 at
2859 4253 2955 4323 qui
2994 4253 3179 4306 animo
3211 4261 3295 4305 est
3325 4249 3474 4316 abie-

1897 4357 1986 4403 cto
2015 4356 2070 4404 et
2091 4347 2310 4412 humili,
2339 4346 2468 4400 licet
2497 4346 2796 4409 modicum,
2847 4343 2995 4415 quod
3031 4344 3234 4405 irritat,
3281 4340 3470 4402 fuerit,

1899 4452 2092 4493 omnes
2117 4434 2290 4489 furori
2323 4437 2391 4488 ad
2420 4433 2796 4489 ulciscendum
2832 4433 3075 4488 habenas
3103 4435 3270 4496 laxat,
3294 4431 3475 4485 oblata

1903 4528 2030 4582 mali
2061 4526 2392 4596 rependendi
2419 4523 3134 4596 opportunitate.Quocirca
3161 4538 3269 4576 non
3294 4536 3448 4590 aequa
3466 4549 3478 4559 -

1902 4617 2318 4680 lisadmiratio,
2363 4631 2542 4686 neque
2576 4632 2672 4686 per
2710 4615 3059 4672 benefactum
3103 4614 3476 4683 reputabitur,

1900 4717 2156 4780 respectu
2185 4709 2306 4779 ejus
2335 4710 2430 4779 qui
2460 4709 2596 4763 nihil
2620 4707 2818 4763 hostile
2838 4714 2998 4761 antea
3013 4721 3239 4776 passus,
3256 4713 3311 4760 et
3328 4719 3480 4759 com-

1902 4803 2190 4873 paratione
2213 4801 2334 4872 ejus
2364 4800 2459 4871 qui
2492 4801 2633 4854 male
2660 4800 2730 4854 de
2767 4814 2828 4855 se
2871 4800 3128 4854 meritum
3174 4795 3481 4852 benefactis

1905 4900 2243 4948 remunerat.
2278 4890 2456 4962 Hujus
2504 4891 2700 4962 gratia,
2730 4899 2792 4945 ut
2849 4890 3090 4944 maxime
3136 4889 3482 4955 incompara-

1898 4976 2067 5042 bilem
2095 4992 2150 5040 et
2188 4984 2574 5040 inimitabilem
2609 4981 2834 5037 Davidis
2868 4980 3281 5052 patientianwt
3311 4976 3481 5030 animi

1903 5076 2338 5134 moderationem
2364 5076 2639 5140 ostendat,
2699 5089 2822 5146 quae
2871 5087 3069 5144 parum
3117 5071 3294 5134 abest,
3347 5068 3482 5136 quin

1905 5175 2088 5245 ipsum
2121 5171 2321 5227 divina:
2367 5178 2602 5234 natura',
2654 5165 2836 5221 omnis
2878 5162 3157 5234 passionis
3205 5169 3482 5229 expertem

1905 5273 2109 5322 statum
2151 5263 2431 5327 imitetur,
2459 5260 2530 5316 ob
2553 5258 2746 5316 oculos
2791 5257 2948 5328 ponit
2986 5251 3289 5322 improbam
3329 5250 3480 5303 illam

1915 5358 2104 5415 Saulis
2150 5355 2483 5412 insaniam“
2521 5394 2534 5408 .
2568 5352 2722 5406 Dicta
2749 5357 2835 5405 est
2863 5346 3036 5411 enim,
3059 5343 3260 5412 inquit,
3311 5355 3343 5394 a
3375 5339 3484 5391 Da-

1911 5448 2043 5504 vide
2087 5447 2179 5501 illa
2228 5461 2333 5500 vox
2372 5441 2543 5499 :rNe
2585 5439 2905 5510 disperdas;
2934 5455 2954 5488 ι
2999 5447 3160 5504 quam
3205 5428 3486 5485 memoria:

1911 5537 2256 5612 posteritatis
2287 5533 2604 5601 insculpsit,
2667 5543 2779 5583 non
2809 5525 3031 5598 quando
3075 5538 3199 5578 cum
3245 5522 3485 5612 benevo-

1913 5610 2080 5688 lentia
2125 5627 2563 5700 prosequebatur
2616 5630 2910 5694 tyrannus,
2957 5616 3052 5674 sed
3101 5614 3318 5672 sublata
3373 5610 3483 5682 jam
