3844 6398
378 407 485 463 599
1651 410 1709 466 S.
1753 409 2080 467 GREGORH
2117 408 2411 467 NYSSENI
3547 406 3661 462 600

376 520 531 576 omni
583 520 848 583 amicitia,
902 527 1188 590 postquam
1249 523 1398 581 misit
1456 522 1586 579 Saul
1625 524 1682 579 in
1732 524 1991 586 domum.

2098 527 2160 598 ῆς
2206 526 2466 598 ἱστορίας,
2500 525 2561 579 τὸ
2587 524 2693 579 ὑπὸ
2723 525 2822 594 τῆς
2857 524 3171 597 ἐπιγραφῆς
3221 524 3657 598 σημαινόμενον.

378 613 523 679 ejus,
559 618 619 665 ut
654 611 1074 666 interﬁceretur.
1131 611 1370 668 Omnino
1408 622 1593 669 autem
1624 613 1811 685 ignota
1859 613 1956 670 tibi

2098 619 2178 681 τῶς
2209 617 2398 688 ἐπειδὴ
2434 617 2672 686 κατέστη
2701 615 2778 686 τῷ
2824 617 2997 671 Σαοὺλ
3041 619 3075 688 ἡ
3121 620 3188 673 ὲκ
3228 619 3322 672 τοῦ
3369 619 3661 688 δαιμονίου

381 717 490 757 non
522 709 632 767 est,
660 703 914 772 quisquis
963 703 1213 760 discendi
1265 705 1503 776 cupidus
1556 722 1636 771 es,
1685 721 1817 777 pars
1866 706 1958 760 illa

2098 707 2373 779 νεύματος
2401 708 2647 778 πτόησις,
2677 707 2771 761 τοῦ
2805 707 2962 776 ἁγίου
2998 709 3160 762 Δαϐιδ
3201 709 3289 764 διὰ
3317 709 3410 762 τοῦ
3439 709 3663 779 ψαλτη-

370 794 648 855 .historia:.
681 809 802 864 qua:
833 795 902 850 ab
935 795 1296 866 inscriptione
1324 799 1662 864 insinuatur,
1684 798 1961 868 quomodo

2104 798 2182 851 ίου
2237 798 2334 869 τὴν
2383 801 2448 852 ἐκ
2492 797 2587 851 τοῦ
2637 797 2844 861 πάθους
2893 801 3140 870 ταραχὴν
3189 800 3661 860 κατευνάσαντος,

384 893 676 958 postquam
730 887 864 942 Saul
919 903 950 941 a
987 889 1131 945 malo
1167 889 1368 960 spiritu
1430 900 1706 960 arreptus,
1758 888 1962 943 Davide

2098 889 2427 962 παρεστῶσαν
2457 889 2633 958 ἐαυτῷ
2657 889 2755 959 τὴν
2801 888 3002 960 λόγχην
3047 889 3224 960 εὑρὼν
3259 890 3288 940 ὁ
3340 888 3510 942 Σαοὺλ
3573 887 3665 958 τῷ

379 971 837 1037 ΡδοΙιθείἰόειιιιιι
875 979 1246 1066 turbationem
1303 996 1370 1036 ex
1409 980 1610 1036 aﬂectu
1642 981 1736 1034 illo
1758 987 1960 1046 ortam,

2098 983 2328 1056 ύεργέτῃ
2366 982 2559 1036 ἑαυτοῦ
2585 983 2902 1053 ἐπαφίησιν,
2936 981 3164 1046 εὐθύνας
3203 982 3320 1035 κατ’
3352 979 3510 1034 αὑτοῦ
3552 979 3667 1050 τὴν

380 1071 631 1136 sedante,
664 1072 910 1128 lanceam
941 1073 1103 1142 juxta
1137 1089 1197 1128 se
1230 1072 1370 1127 forte
1401 1071 1663 1142 positam,
1697 1072 1753 1126 in
1790 1072 1959 1126 bene-

2107 1075 2307 1145 ίχμήν·
2342 1075 2436 1135 τοῦ
2481 1075 2538 1128 δὲ
2592 1074 2733 1128 κατὰ
2775 1074 2925 1128 θείαν
2965 1073 3281 1144 συμμαχίαν
3345 1076 3444 1143 τῆς
3488 1071 3668 1141 βολῆς

381 1159 648 1216 factorem
683 1176 843 1216 suum
881 1162 1133 1229 vibrarit,
1169 1162 1379 1217 directa
1422 1162 1478 1216 in
1510 1162 1665 1216 illum
1707 1159 1962 1230 cuspide,

2098 1166 2258 1221 αυτὸν
2289 1167 2752 1244 ὑπεκστήσαντος,
2787 1165 2864 1236 τῷ
2893 1166 3058 1236 τοίχῳ
3093 1165 3180 1218 διὰ
3220 1164 3416 1234 βάθους
3461 1163 3666 1234 ὲμπή-
3715 1180 3724 1186 ·

382 1267 507 1306 cum
532 1252 624 1307 ille
653 1265 836 1308 autem
885 1254 1073 1308 divina
1113 1269 1216 1324 ope
1261 1263 1519 1310 conatum
1571 1253 1722 1308 illum
1763 1254 1967 1308 evitas-

2098 1271 2260 1311 ’νυται
2294 1259 2328 1328 ἡ
2367 1258 2468 1327 τῆς
2510 1243 2714 1328 αἰχμῆς
2745 1256 3042 1329 προσϐολή.
3088 1256 3412 1326 Ἐξέδραμεν
3452 1255 3507 1308 δὲ
3538 1255 3670 1308 τῶν

383 1349 486 1407 set,
511 1343 784 1413 profunde
841 1345 897 1400 in
950 1361 1166 1400 murum
1226 1346 1498 1416 impactus
1555 1352 1640 1400 est
1684 1343 1967 1398 mucronis

2098 1349 2355 1402 ασιλείων
2403 1352 2460 1402 ἐν
2507 1348 2585 1420 τῷ
2635 1349 2747 1420 ἰδίῳ
2797 1347 2952 1420 οἴκῳ.
3010 1347 3512 1418 μεταϐληθήσεσθαι
3559 1344 3670 1399 τοῦ

391 1433 651 1503 impetus,
674 1435 769 1490 illo
808 1435 862 1491 in
889 1437 1140 1507 proprias
1173 1437 1318 1493 aedes
1344 1437 1690 1508 ditiugiente.
1723 1450 1850 1490 cum
1882 1451 1968 1490 rc-

2098 1440 2336 1503 »ασιλέως
2367 1441 2460 1494 τὸν
2489 1439 2659 1513 θυμὸν
2689 1440 2776 1494 διὰ
2811 1441 3099 1512 μετανοίας
3137 1438 3381 1503 ἐλπίσας.

388 1524 474 1592 gis
503 1523 640 1576 iram
672 1532 1061 1594 sperassetper
1079 1525 1463 1595 paenitentiam
1486 1527 1836 1580 immutatum
1868 1523 1963 1578 iri.

459 1610 529 1667 At
571 1631 693 1670 cum
723 1617 854 1670 Saul
885 1618 1124 1688 undique
1153 1618 1376 1674 domum
1415 1617 1637 1673 Davidis
1665 1617 1970 1672 circumde-

2142 1622 2250 1677 Τοῦ
2283 1622 2340 1676 δὲ
2371 1623 2542 1676 Σαοὺλ
2573 1623 2906 1694 δορυφόρους
2935 1622 2994 1676 ἐν
3045 1622 3230 1692 κύκλῳ
3275 1623 3340 1692 τῇ
3381 1620 3526 1692 οἰκία
3556 1619 3672 1674 τοῦ

389 1703 584 1768 disset,
645 1706 1084 1778 satellitibusque
1141 1714 1196 1762 et
1252 1707 1542 1763 lictoribus
1592 1707 1792 1762 caedem
1847 1707 1970 1776 ejus

2098 1715 2237 1768 ιαϐὶδ
2285 1717 2743 1786 περιστήσαντος,
2791 1715 2884 1768 καὶ
2928 1714 3142 1784 δημίοις
3185 1714 3275 1766 τὸν
3321 1713 3436 1766 κατ’
3487 1710 3671 1764 αὑτοῦ

391 1798 738 1866 imperasset,
763 1799 850 1855 vix
889 1816 986 1871 per
1020 1799 1311 1858 fenestram
1342 1801 1606 1872 dejiciens
1641 1802 1881 1870 seipsum
1914 1801 1968 1853 in

2098 1808 2234 1874 μόνον
2262 1806 2657 1878 ἐντειλάμενος,
2695 1807 2846 1877 μόλις
2878 1804 2964 1859 διὰ
3008 1804 3220 1875 θυρίδος
3243 1804 3386 1866 τινὸς
3411 1802 3672 1855 καταϐα-

390 1889 698 1959 auhjectum
729 1870 933 1960 locum,
963 1894 1270 1964 fallensque
1309 1870 1638 1960 custodiam,
1663 1893 1967 1963 periculum

2098 1870 2182 1951 ζὼν
2207 1898 2398 1951 ἐαυτὸν
2443 1870 2522 1962 είς
2547 1899 2609 1952 τὸ
2644 1870 2907 1969 ὕπαιθρον
2951 1870 3217 1950 διαλαθὼν
3254 1896 3352 1967 τὴν
3390 1894 3671 1966 φρουράν,

391 1983 588 2049 evasit,
639 1983 876 2054 indeque
923 1985 1205 2056 digressus
1243 1984 1403 2040 modo
1434 1988 1582 2039 hunc
1614 1985 1775 2039 modo
1817 1983 1969 2038 illum

2098 1988 2183 2054 ἕξω
2215 1989 2322 2043 τῶν
2366 1988 2625 2043 κινδύνων
2651 1988 2886 2060 κατέστη
2907 2005 2921 2018 ⁸
2955 1988 3050 2042 καὶ
3085 1986 3425 2057 μεταναστὰς
3469 1985 3675 2037 ἄλλοτε

391 2077 574 2136 locum
617 2078 859 2147 petebat,
906 2078 1174 2133 oberrans
1206 2091 1318 2146 prae
1350 2075 1568 2131 consilii
1607 2075 1788 2144 inopia
1831 2073 1972 2128 inter

2098 2079 2236 2133 ἱλλον
2285 2077 2556 2152 ἐπήρχετο
2595 2079 2780 2146 τόπον,
2813 2079 2917 2132 ὑπὸ
2948 2079 3260 2149 ἀμηχανίας
3307 2079 3418 2139 τοῖς
3461 2076 3675 2144 ἠθάσιν

391 2176 552 2229 notos
587 2177 642 2223 et
667 2167 992 2237 familiares,
1041 2168 1372 2238 tandemque
1415 2166 1796 2238 deprehensus
1829 2172 1973 2220 esta

2098 2170 2386 2241 ίνθρώποις
2419 2169 2882 2242 ἐπιπλανὼμενος.
2917 2171 3028 2224 Καὶ
3060 2169 3232 2232 οὕτως
3261 2168 3318 2222 δὲ
3347 2165 3675 2235 κατελήφθη

393 2262 594 2327 Saule;
637 2275 762 2316 cum
806 2261 1000 2315 collem
1040 2268 1155 2316 toto
1193 2261 1438 2317 exercitu
1479 2259 1970 2322 circumvallasset,

2098 2262 2186 2316 ὕπὸ
2214 2261 2305 2314 τοῦ
2332 2260 2503 2314 Σαοὺλ
2541 2261 2881 2331 πανστρατιᾷ
2925 2258 3306 2321 κυκλώσαντος
3336 2257 3426 2309 τὸν
3460 2254 3675 2324 γεώλο-

393 2353 448 2407 in
482 2367 645 2423 quem
675 2367 798 2407 cum
833 2353 951 2408 suis
983 2352 1152 2408 David
1183 2366 1244 2408 se
1268 2357 1573 2421 receperat,
1604 2364 1838 2420 cumque
1866 2353 1984 2403 nor

392 2445 716 2501 dilationem
760 2446 826 2499 ad
867 2443 1149 2498 interitum
1188 2444 1432 2500 dedisset
1475 2431 1786 2513 (distulerat
1829 2443 1975 2497 enim

397 2535 534 2594 Saul
564 2549 755 2592 necem
785 2536 927 2607 ejus,
959 2551 1122 2607 quem
1148 2538 1583 2607 persequebatur
1607 2536 1663 2590 in
1695 2542 1974 2606 posterum

396 2625 590 2697 diem),
625 2625 934 2698 ingreditur
971 2628 1275 2682 tentorium
1310 2627 1487 2683 hostis
1517 2627 1625 2692 sui,
1656 2642 1818 2697 quem
1851 2639 1976 2680 cum

395 2730 593 2770 somno
643 2715 882 2787 sopitum
927 2717 982 2771 in
1021 2716 1164 2772 lecto
1207 2717 1445 2788 quodam
1499 2716 1976 2787 deprehendisset,

397 2821 516 2888 ιιοιι⁵
536 2807 713 2861 solum
744 2808 1020 2863 continuit
1066 2809 1346 2878 propriam
1393 2823 1639 2871 manum,
1681 2822 1978 2878 properan-

397 2907 508 2957 tem
545 2898 819 2965 iortassis,
858 2909 918 2955 ut
964 2901 1060 2956 irae
1113 2899 1422 2971 indulgeret
1462 2908 1518 2956 et
1557 2901 1977 2971 obsequeretur,

399 2990 496 3050 ded
526 2999 576 3046 et
603 2992 932 3061 armigerum
959 2992 1188 3062 jamjam
1243 2993 1309 3048 ad
1337 2992 1724 3048 trucidandum
1761 2993 1981 3048 Saulem

402 3082 756 3140 festinantem
797 3086 819 3155 (
849 3103 867 3134 ι
900 3083 1214 3140 Percntiam
1261 3101 1408 3150 cum,
1444 3104 1462 3142 ι
1517 3085 1717 3154 inquit,
1757 3104 1774 3136 ι
1807 3094 1860 3141 et
1894 3101 1984 3142 se-

399 3173 582 3230 cunda
604 3175 722 3230 vice
746 3189 886 3246 opus
917 3188 1027 3229 non
1056 3175 1160 3230 erit
1195 3194 1212 3227 ι
1243 3174 1262 3246 )
1292 3174 1516 3229 abducit
1542 3175 1610 3230 ab
1636 3175 1730 3228 illo
1754 3175 1980 3244 impetu,

403 3267 616 3337 adjecta
653 3266 858 3338 insigni
899 3266 991 3321 illa
1019 3273 1074 3322 et
1103 3266 1305 3336 ubique
1337 3265 1631 3322 decantata
1652 3281 1786 3321 voce
1812 3285 1826 3322 :
1857 3286 1876 3317 ‹
1906 3265 1985 3320 Ne

405 3357 694 3428 diSperdas
723 3373 873 3426 eum,
912 3376 931 3410 ι
963 3359 1059 3429 qui
1109 3373 1210 3414 nos
1239 3357 1558 3427 disperdere
1584 3365 1739 3411 tanto
1785 3363 1986 3411 conatu

404 3453 653 3510 molitur.
686 3451 875 3524 Neque
905 3453 1012 3509 hoc
1060 3453 1238 3510 solum
1283 3452 1385 3507 hac
1431 3452 1485 3505 in
1521 3465 1580 3507 re
1626 3449 1990 3506 admiratione

347 3556 354 3568 ί
404 3543 634 3616 dignum
665 3550 773 3610 est,
804 3544 951 3615 quod
973 3543 1140 3600 vitam
1182 3544 1449 3615 largiatur
1475 3543 1546 3608 ei,
1577 3541 1675 3613 qui
1714 3542 1850 3597 nihil
1879 3555 1990 3596 non

407 3645 603 3692 contra
635 3637 801 3696 vitam
840 3637 1016 3708 ipsius
1045 3637 1485 3701 machinabatur,
1522 3637 1618 3692 sed
1644 3636 1789 3707 quod
1818 3635 1992 3690 David

407 3731 517 3801 jam
558 3739 762 3787 unctus
810 3732 865 3786 in
914 3746 1122 3803 regem,
1161 3739 1216 3786 et
1244 3731 1415 3801 probe
1449 3745 1677 3800 gnarus,
1721 3746 1784 3787 se
1833 3730 1994 3786 aliter

407 3824 695 3895 dignitatis
747 3823 914 3893 hujus
955 3834 1265 3894 compotem
1323 3822 1440 3878 ﬁeri
1496 3837 1607 3878 non
1659 3837 1844 3893 posse,
1883 3821 1993 3877 nisi

379 3913 546 3968 ‘Saul
592 3928 623 3968 e
671 3912 856 3969 medio
898 3913 1222 3979 tolleretur;
1264 3911 1438 3966 satius
1483 3917 1666 3965 tamen
1707 3910 1992 3979 judicarit,

410 4004 679 4074 patientia
731 4011 787 4062 et
821 4004 1078 4074 aequitate
1124 4018 1251 4058 eum
1291 4003 1516 4073 privatae
1548 4002 1673 4057 vitae
1715 4002 1996 4058 laboribus

413 4094 747 4158 conﬂictari,
777 4109 942 4165 quam
991 4093 1203 4164 expleta
1245 4093 1300 4146 in
1346 4092 1723 4150 adversarium
1769 4092 1874 4156 ira,
1910 4107 1997 4147 re-

417 4182 538 4255 gale
579 4182 776 4237 solium
820 4183 1210 4240 conscendere.
1262 4182 1536 4249 Quocirca
1581 4183 2000 4239 humanissima:

415 4273 495 4335 illi
551 4273 914 4330 commotioni
973 4275 1223 4345 adjungit
1277 4275 1413 4330 illud
1450 4293 1462 4329 :
1499 4293 1518 4326 ι
1555 4275 1792 4342 Quando
1850 4275 2002 4330 misit

421 4362 554 4421 Saul
595 4364 651 4419 in
697 4365 918 4420 domum
955 4364 1145 4432 David,
1174 4373 1235 4420 ut
1285 4365 1619 4423 interﬁceret
1646 4381 1795 4433 eum,
1839 4385 1858 4419 ι
1890 4381 2000 4421 non

415 4455 563 4512 enim
583 4465 719 4515 tunc
749 4457 854 4514 hoc
882 4456 1091 4519 dictum
1120 4467 1224 4525 est,
1253 4474 1380 4513 cum
1408 4458 1524 4515 haec
1552 4464 1875 4521 evenerunt,
1901 4457 1998 4513 sed

2083 2371 2201 2423 φον,
2239 2355 2295 2406 ἐν
2323 2346 2367 2420 ᾦ
2400 2352 2536 2421 μετὰ
2572 2351 2680 2404 τῶν
2709 2353 2837 2422 περὶ
2867 2351 3031 2404 αὑτὸν
3058 2351 3086 2402 ὁ
3111 2348 3274 2402 Δαὸὶδ
3307 2345 3677 2418 προσφεύγει,

2083 2446 2177 2499 καὶ
2223 2445 2414 2508 νυκτὸς
2449 2443 2714 2515 ἀναϐολὴν
2748 2443 2886 2515 πρὸς
2917 2443 3008 2496 τὸν
3048 2441 3276 2495 θάνατον
3301 2437 3446 2509 αὐτῷ
3491 2453 3680 2508 παρα-

2086 2539 2356 2608 σχομένης
2384 2536 2702 2607 (ὑπερέθετο
2728 2535 2838 2606 γὰρ
2859 2537 2887 2589 ὁ
2907 2533 3081 2588 Σαοὺλ
3113 2533 3205 2588 ἐπὶ
3233 2533 3323 2585 τὸν
3347 2530 3541 2602 ὄρθρον
3567 2529 3678 2599 τὴν

2084 2630 2177 2683 τοῦ
2225 2629 2556 2699 διωκομένου
2601 2628 2835 2697 σφαγὴν)
2887 2627 3172 2696 ἐφίσταται
3229 2627 3298 2694 τῇ
3351 2623 3523 2691 σκηνῇ
3569 2619 3677 2673 τοῦ

2087 2722 2369 2792 πολεμίου,
2404 2721 2499 2774 καὶ
2537 2719 2861 2774 καταλαϐὼν
2895 2719 2987 2771 ἐπί
3015 2735 3160 2780 τινος
3190 2716 3351 2785 εὐνῆς
3377 2712 3681 2782 λελυμένον

2086 2811 2164 2883 τῷ
2199 2812 2370 2882 ὕπνῳ,
2402 2812 2462 2864 ού
2493 2810 2650 2882 μόνον
2674 2811 2772 2881 τὴν
2810 2810 2946 2865 ἰδίαν
2972 2808 3203 2877 ἐπέσχεν
3230 2809 3383 2877 χεῖρα
3409 2803 3680 2855 σπεύδου-

2091 2922 2189 2958 σαν
2232 2907 2361 2968 ἴσως
2414 2903 2492 2974 τῷ
2537 2903 2696 2974 θυμῷ
2742 2900 3091 2973 χαρίσασθαι,
3123 2899 3259 2953 ἀλλὰ
3297 2897 3390 2950 καὶ
3426 2895 3518 2948 τὸν
3567 2895 3679 2946 ὑπο

2089 2997 2360 3069 ασπιστὴν
2385 2998 2484 3068 ἤδη
2520 2995 2664 3050 κατὰ
2693 2995 2786 3049 τοῦ
2815 2995 2989 3050 Σαοὺλ
3020 2993 3155 3065 πρὸς
3177 2991 3275 3063 τὴν
3317 2987 3533 3060 σφαγὴν
3554 2989 3683 3040 ἐπι-

2091 3091 2341 3159 κύψαντα
2391 3090 2439 3161 (ι
2491 3089 2724 3154 Πατάξω
2757 3109 2776 3142 ι
2818 3090 2948 3160 γὰρ,
2993 3088 3179 3158 φησὶν,
3227 3104 3246 3137 ι
3282 3084 3372 3138 καὶ
3401 3083 3462 3135 ού
3491 3082 3684 3134 δευτε-

2094 3180 2254 3252 ρὼσω
2301 3182 2350 3253 ι)
2392 3183 2597 3250 ἀπάγει
2639 3183 2739 3253 τῆς
2783 3181 2960 3253 ὁρμῆς
3005 3183 3071 3250 τῇ
3121 3176 3330 3250 μεγάλῃ
3365 3173 3540 3246 ταύτῃ
3583 3173 3683 3226 καὶ

2094 3273 2326 3343 ἀοιδίμῳ
2357 3276 2531 3344 φωνῇ,
2569 3292 2588 3325 ι
2629 3273 2725 3344 Μὴ
2767 3271 3106 3344 διαφθείρης,
3146 3287 3166 3322 ι
3199 3267 3390 3334 εἰπὼν,
3417 3266 3511 3319 τὸν
3541 3264 3684 3334 πρὸς

2092 3365 2192 3435 τὴν
2223 3364 2346 3418 καθ’
2373 3364 2530 3437 ἡμῶν
2570 3363 2866 3436 διαφθορὰν
2909 3361 3285 3432 ἐπειγόμενον.
3336 3359 3410 3412 Ού
3439 3356 3597 3411 τοῦτο
3623 3356 3684 3409 δὲ

2097 3457 2257 3527 μόνον
2315 3455 2464 3532 ἐστίν
2505 3456 2564 3509 τὸ
2613 3455 2922 3526 θαυμαστὸν
2973 3456 3032 3507 ἐν
3083 3452 3162 3524 τῷ
3218 3451 3542 3522 πράγματι,
3599 3448 3684 3501 ὅτι

2095 3545 2239 3618 ζωὴν
2277 3546 2560 3618 χαρίζεται
2598 3545 2676 3614 τῷ
2720 3545 2860 3599 κατὰ
2907 3544 3008 3614 τῆς
3055 3543 3201 3615 ζωῆς
3245 3539 3408 3595 αὑτοῦ
3463 3539 3687 3593 ἅπαντα

2096 3640 2418 3712 πράσσοντι,
2467 3639 2583 3693 ἀλλ’
2611 3640 2694 3694 ὅτι
2728 3638 2864 3711 πρὸς
2894 3637 3171 3708 βασιλείαν
3195 3633 3436 3708 χρισθεὶς
3462 3634 3490 3686 ὀ
3520 3630 3684 3684 Δαϐιδ

2098 3734 2194 3787 καὶ
2215 3731 2393 3798 είδὼς,
2421 3731 2498 3804 μὴ
2527 3731 2639 3804 [ἂν]
2663 3731 2837 3794 ἄλλως
2862 3731 3150 3802 μετασχεῖν
3170 3726 3263 3781 τοῦ
3283 3725 3612 3797 ἀξιώματος,
3639 3721 3686 3772 εἰ

2101 3824 2178 3896 μὴ
2207 3826 2272 3878 ἐκ
2299 3825 2474 3878 ποδῶν
2505 3815 2715 3891 γένοιτο
2740 3823 2769 3874 ὁ
2798 3820 2970 3875 Σαούλ
2995 3837 3011 3851 ο
3059 3821 3306 3890 κρεῖττον
3337 3817 3556 3886 ἔκρινεν
3599 3811 3689 3864 διὰ

2096 3916 2199 3986 τῆς
2241 3913 2621 3987 μακροθυμίας
2653 3912 2987 3968 κακοπαθεῖν
3034 3913 3092 3966 ἐν
3139 3910 3378 3978 ἰδιωτικῇ
3427 3905 3688 3958 ταπεινό-

2098 4025 2242 4079 τητι,
2277 4005 2310 4077 ἢ
2336 4004 2506 4076 θυμὸν
2537 4003 2682 4058 κατὰ
2707 4002 2802 4056 τοῦ
2841 3999 3205 4071 λελυπηκότος
3232 3995 3537 4066 ἐκπλήσας,
3569 3994 3690 4044 ἐπι-

2101 4099 2261 4168 ϐῆναι
2291 4097 2392 4167 τῆς
2443 4095 2738 4167 βασιλείας.
2788 4094 2888 4148 Διὰ
2932 4092 3094 4146 τοῦτο
3140 4086 3590 4161 συμπεριγράφει
3620 4085 3689 4153 τῇ

2100 4167 2199 4259 τῆς
2227 4183 2639 4258 φιλανθρωπίας
2659 4184 2832 4254 φωνῇ,
2863 4181 2947 4247 τὸ,
2967 4198 2986 4230 ι
3007 4180 3138 4232 Ὅτε
3165 4172 3483 4230 ἀπέστειλεν
3514 4167 3691 4223 Σαοὺλ

2102 4281 2183 4344 είς
2212 4280 2305 4332 τὸν
2336 4272 2484 4331 οἷκον
2519 4274 2705 4338 Δαϐὶδ,
2738 4273 2827 4328 τοῦ
2860 4269 3166 4326 θανατῶσαι
3199 4263 3382 4320 αὐτόν.
3413 4283 3432 4316 ι
3475 4262 3552 4316 Οὐ
3582 4260 3692 4330 γὰρ

2103 4374 2228 4427 τότε
2268 4368 2492 4443 ἐρρέθη,
2543 4349 2631 4421 ὅτε
2670 4364 2844 4420 ταῦτα
2899 4363 3132 4433 ἐγένετο,
3175 4357 3311 4414 ἀλλὰ
3357 4354 3624 4428 προφέρει
3641 4352 3695 4443 *ὁ

2105 4440 2362 4535 λόγος
2392 4461 2489 4533 τὴν
2523 4459 2616 4514 τοῦ
2653 4459 2929 4530 θαύματος
2961 4456 3229 4517 ἐπίτασιν,
3273 4451 3355 4504 ὅτι
3399 4447 3578 4502 ταῦτα
3615 4440 3694 4499 εἶ-

415 4549 656 4619 additur,
695 4545 1011 4610 ut‘crcscat
1045 4551 1358 4618 admiratio,
1391 4551 1537 4622 quod
1572 4553 1687 4606 haec
1715 4550 1916 4607 dixerit
1950 4551 1991 4607 is

2111 4577 2231 4625 πεν,
2258 4559 2287 4610 ὁ
2317 4559 2500 4610 ἐκεῖνα
2535 4552 2742 4607 παθών.
2777 4548 3040 4622 Περιττδν
3067 4545 3125 4599 δέ
3164 4541 3318 4614 οἶμαι
3363 4539 3459 4595 νῦν
3484 4554 3694 4633 Ϋπαρενξ

417 4643 513 4713 qui
553 4643 686 4699 talia
715 4659 780 4702 ac
811 4652 964 4704 tanta
1011 4659 1210 4716 passus
1249 4643 1449 4700 fuerat.
1483 4641 1835 4714 Superﬁuum
1870 4658 1999 4699 vero

418 4734 680 4802 arbitror,
724 4751 846 4791 cum
901 4736 970 4793 ad
1016 4736 1122 4790 alia
1163 4735 1442 4799 festinem,
1505 4749 1800 4804 exponere,
1840 4734 2002 4805 quid-

418 4840 548 4880 nam
583 4827 682 4891 sit,
717 4825 862 4894 quod
905 4826 965 4882 in
1003 4827 1104 4880 hac
1138 4825 1366 4881 historia
1409 4825 1698 4894 quaeritur,
1725 4826 2002 4895 quomodo

418 4933 548 4976 cum
577 4917 796 4974 dicatur
836 4915 966 4972 Saul
1000 4919 1346 4988 percussisse
1375 4919 1566 4973 lancea
1601 4916 1882 4982 Davidem,
1921 4917 2004 4971 hi-

418 5011 599 5069 storia
647 5009 818 5068 addat
870 5011 924 5065 in
974 5011 1239 5085 parietem
1297 5011 1509 5066 hastam
1572 5009 1809 5065 delatam
1853 4998 1998 5073 esse,

417 5103 680 5166 Davitlem
726 5111 911 5160 autem
959 5112 1240 5159 servatum
1274 5102 1572 5174 :quodque
1613 5104 1665 5157 in
1708 5104 1851 5158 lecto
1888 5104 2004 5173 ipse

417 5205 672 5270 repertus
725 5211 837 5252 non
887 5195 1075 5260 fuerit,
1108 5195 1208 5252 scd
1250 5195 1376 5251 loco
1420 5195 1541 5265 ejus
1583 5195 1912 5265 cenotaphia
1949 5201 2005 5249 et

419 5293 687 5364 imagines
719 5289 968 5361 quaedam
1010 5287 1355 5353 umbratiles,
1401 5294 1456 5342 et
1491 5287 1660 5356 bepar
1687 5301 2002 5356 caprarum,

422 5399 575 5440 more
625 5391 763 5438 tunc
814 5389 1039 5453 recepto
1087 5380 1156 5436 ad
1211 5378 1562 5437 evertendam
1611 5385 1880 5441 mortem,
1944 5382 2006 5430 ut

422 5473 675 5532 inﬁrmus
713 5489 744 5530 a
783 5475 930 5530 lecto
975 5475 1328 5536 liberaretur,
1374 5471 1546 5527 vestis
1595 5486 1724 5526 vero
1770 5469 2006 5525 mortuis

423 5564 802 5634 super-imponi
825 5565 988 5620 solita
1007 5564 1238 5636 grabato
1259 5561 1825 5633 s'uperimponeretur,
1841 5559 2006 5637 simul

351 5681 372 5690 ι
428 5668 547 5708 cum
579 5656 778 5724 hepate
819 5670 1131 5726 caprarum.
1183 5653 1533 5710 Manifestum
1565 5659 1649 5707 est
1700 5661 1880 5707 autem
1911 5650 2003 5716 iis,

426 5746 520 5804 ‘lui
555 5745 917 5804 studiosiores
956 5754 1088 5805 sunt
1115 5747 1344 5811 laboris,
1381 5752 1552 5800 totam
1592 5745 1736 5800 hanc
1764 5742 2004 5814 prOphe-

431 5833 582 5904 tiam,
619 5835 909 5896 historiam
958 5853 1084 5895 esse
1127 5853 1342 5905 eorum,
1386 5850 1507 5908 quae
1542 5835 1773 5893 Domino
1816 5840 2040 5900 nostro.

2105 4654 2276 4707 θεῖναι
2323 4649 2402 4720 τῷ
2443 4647 2588 4717 λόγῳ
2618 4644 2756 4716 πρὸς
2792 4644 2961 4712 ἕτερα
3009 4637 3312 4699 σπεύδοντι,
3359 4633 3412 4685 τί
3447 4632 3508 4685 τὸ
3538 4634 3598 4684 ἐν
3625 4632 3690 4699 τῇ

2105 4739 2318 4812 ἱστορίᾳ
2371 4735 2734 4809 ζητούμενον,
2782 4731 2901 4795 πῶς
2944 4729 3188 4792 εἰπόντος
3227 4723 3322 4778 τοῦ
3372 4721 3557 4790 λόγου,
3609 4720 3691 4773 ὅτι

2103 4833 2343 4900 ἐπάταξε
2378 4828 2550 4885 Σαοὺλ
2576 4827 2666 4880 τὸν
2704 4824 2868 4879 Δαὸὶδ
2907 4825 2974 4893 τῇ
3018 4821 3208 4891 λόγχῃ.
3250 4814 3448 4883 ἐπάγει
3488 4814 3521 4882 ὴ
3553 4812 3694 4864 ἱστο-

2107 4929 2219 5000 ρία,
2261 4927 2344 4980 ὅτι
2377 4923 2520 4978 κατὰ
2565 4921 2746 4991 τοίχου
2791 4914 2924 4989 ἦλθε
2972 4914 3033 4968 τὸ
3074 4913 3228 4984 δόρυ,
3271 4910 3299 4962 ὁ
3329 4904 3691 5000 Belia-616m-

2103 4994 2285 5086 εσώθη
2305 5033 2318 5046 ·
2357 5015 2454 5069 καὶ
2497 5014 2579 5067 ὅτι
2606 5011 2698 5064 ἐπὶ
2721 5009 2820 5079 τῆς
2841 5007 3032 5076 κλίνης
3065 5001 3160 5057 τοῦ
3188 5001 3350 5056 Δαϐὶδ
3390 4997 3555 5059 αὐτὸς
3593 4994 3690 5086 μὲν

2103 5109 2202 5178 ούχ
2237 5080 2581 5179 εύρίσκεται,
2627 5101 2744 5155 ἀλλ’
2777 5100 2893 5153 ἀντ’
2937 5096 3145 5150 ἐκείνου
3180 5088 3610 5179 κενοτάφια-καλἶ
3628 5080 3691 5157 ἦ·

2103 5174 2218 5268 παρ
2253 5174 2446 5264 αίγῶν,
2487 5193 2623 5262 ὅπερ
2665 5192 2777 5253 τοῖς
2819 5189 2940 5242 τότε
2985 5187 3066 5249 είς
3097 5174 3687 5268 ἀποσροπιασμὸνμθα-

2104 5266 2286 5352 νάτου,
2325 5286 2386 5339 ἐκ
2422 5300 2566 5347 τινος
2596 5280 2904 5352 συνηθείας,
2933 5277 2995 5330 τὸ
3019 5274 3260 5332 τοιοῦτον
3289 5270 3519 5339 ἐγίνετο,
3547 5266 3686 5320 ὥστε

2103 5381 2194 5435 τὸν
2237 5379 2520 5451 appium»;
2555 5372 2924 5442 ὐπεξάγεσθαι
2970 5369 3068 5441 μέν
3110 5369 3210 5437 τῆς
3253 5363 3458 5432 κλίνης,
3488 5359 3587 5430 τὴν
3632 5359 3685 5451 δέ

2103 5474 2216 5536 τοῖς
2237 5449 2553 5541 τεθνηκόσιν
2590 5462 3022 5535 ἐπισαλλομένην
3055 5458 3248 5528 στολὴν
3280 5453 3581 5508 ἐπιτιθέναι
3611 5449 3686 5520 τῷ

2103 5556 2531 5630 κραϐϐάτῳ,καὶ
2573 5550 2727 5628 ἧπαρ
2771 5551 2961 5622 αἰγῶν.
2999 5550 3168 5620 Δῆλον
3199 5547 3310 5617 γὰρ
3348 5544 3415 5598 ἂν
3449 5542 3536 5612 εἴη
3576 5541 3683 5601 τοῖς

2106 5651 2596 5723 φιλοπονωτέροις,
2666 5648 2749 5702 ὅτι
2839 5640 3142 5716 προφητεία
3202 5637 3301 5708 τῆς
3376 5633 3521 5688 κατὰ
3550 5631 3681 5723 ῌτδν

2105 5720 2312 5814 Κύριον
2353 5720 2670 5811 οἰκονομίας
2724 5738 2872 5792 ἐστὶν
2916 5739 2950 5808 ἡ
2991 5731 3222 5806 ἱστορία.
3254 5728 3518 5800 Δαίμονες
3545 5720 3677 5795 ἦσαν

2107 5833 2164 5889 ἐν
2204 5831 2377 5888 Σαοὺλ
2405 5829 2484 5902 τῷ
2512 5829 2759 5903 τυράννῳ
2779 5846 2792 5860 ·
2840 5826 3060 5888 τούτους
3086 5821 3378 5880 ἀπελαύνει
3407 5820 3435 5872 ό
3473 5819 3548 5881 είς
3583 5815 3673 5892 βα-
