3844 6362
223 403 311 464 601

1612 403 1678 459 ΙΝ
1709 402 2044 461 PSALMOS.

3356 408 3456 464 ﬁt)?

220 514 416 567 σιλείαν
439 514 702 585 χρισθεὶς,
729 515 806 587 τῷ
835 517 934 589 τῆς
955 517 1186 590 κιθάρας
1211 519 1428 592 ὀργάνῳ
1467 519 1585 572 κατ’
1603 518 1739 572 αύτᾶ

1849 566 1856 577 .
1883 528 2201 575 evenerunt.
2230 518 2450 576 Saulem
2485 527 2776 591 tyrannum
2804 519 3079 576 daemones
3102 536 3452 593 occuparant,

217 606 505 677 ἐνεργήσας
540 607 640 678 τὴν
680 608 940 678 πτόησινο
964 611 992 663 6
1023 609 1080 664 66
1118 611 1482 680 καταληφθεὶς
1519 611 1626 664 ὑπὸ
1669 611 1778 664 τῶν

1878 610 1980 666 hos
2016 611 2266 682 profligat
2321 620 2522 667 unctus
2569 613 2622 665 in
2677 628 2929 682 regnum,
2963 614 3334 671 instrumento
3377 621 3452 671 ci-

217 698 476 750 συνόντων
499 697 648 768 αύτῷ
672 699 968 770 δαιμόνων,
1000 702 1264 756 πατάσσει
1296 705 1361 773 τῇ
1385 702 1552 775 λόγχῃ
1576 703 1666 755 τὸν
1691 702 1739 754 δι

1877 702 2050 756 tharaa
2078 703 2300 758 incussa
2339 703 2448 758 illis
2484 703 2809 771 formidine;
2846 713 2901 757 at
2939 705 3030 760 ille
3058 721 3086 759 a
3114 707 3455 767 daemonibus

215 789 307 858 τῆς
337 787 564 858 κιθάρας
591 787 689 858 τὴν
722 789 864 843 κατὰ
904 791 1014 844 τῶν
1052 791 1324 862 δαιμόνων
1358 794 1510 862 ἰσχὺν
1539 793 1776 856 ἐνδειξά-

217 891 386 946 μενον,
406 877 518 931 ἀλλ’
538 880 567 931 6
581 881 757 948 τοῖχος
769 880 984 950 δέχεται
999 882 1122 936 ἀντὶ
1136 883 1228 936 τοῦ
1245 883 1409 936 Δαϐὶδ
1424 883 1520 954 τὴν
1538 884 1772 956 πληγήνο

209 971 236 1020 6
269 967 324 1020 66
373 968 717 1034 διασώζεται.

271 1149 419 1204 Μετὰ
451 1149 622 1204 ταῦτα
666 1153 695 1210 6
759 1153 1162 1218 ἐπιϐουλευθεὶς
1235 1155 1388 1227 παρὰ
1447 1156 1542 1209 τοῦ
1599 1158 1770 1212 Σαοὺλ

205 1243 436 1312 ζητεῖται
506 1244 600 1297 ἐπὶ
664 1245 764 1313 τῆς
824 1245 1044 1316 κλίνης,
1110 1246 1206 1300 καὶ
1267 1249 1296 1300 6
1357 1248 1456 1318 μὲν
1523 1249 1620 1320 οὐχ
1683 1251 1772 1303 εὑ-

205 1334 436 1403 ρίσκεται
462 1347 476 1364 '
562 1337 855 1404 κενοτάφια
913 1337 971 1388 δὲ
1047 1337 1162 1390 ἀντ’
1241 1339 1449 1391 ἐκείνου
1501 1341 1534 1408 ἡ
1613 1340 1767 1412 κλίνη

201 1424 338 1494 ἔχει,
378 1427 472 1479 καὶ
513 1421 667 1499 ἦπαρ
712 1428 906 1496 αἰγῶν.
955 1429 1165 1497 Φανερά
1201 1429 1258 1481 δὲ
1301 1431 1518 1494 πάντως
1551 1432 1696 1484 ἐστὶν
1733 1433 1766 1502 ἡ

198 1517 395 1570 διάνοια
416 1519 774 1587 αἰνιγμάτων,
804 1520 904 1572 καῖ
918 1519 1016 1588 τῆς
1044 1520 1284 1590 ἱστορίας
1315 1521 1606 1576 ἀκολουθία
1630 1525 1767 1594 πρὸς

196 1609 244 1662 τί
277 1609 476 1678 βλέπει.
525 1610 646 1662 Ὅτι
686 1610 784 1680 μὲν
831 1611 918 1663 διὰ
951 1611 1044 1663 τοῦ
1089 1611 1252 1665 Δαϐὶδ
1293 1614 1322 1665 6
1361 1614 1427 1666 ὲκ
1475 1614 1568 1666 τοῦ
1601 1615 1765 1668 Δαϐὶδ

196 1702 555 1771 προμηνύεται
575 1741 591 1768 ,
615 1703 706 1756 16v
731 1703 787 1756 66
813 1703 1044 1772 Χριστὸν
1065 1705 1092 1757 6
1115 1703 1354 1774 χρισθεὶς
1374 1705 1724 1776 διασημαίνει
1743 1722 1759 1739 ο

194 1793 279 1844 καὶ
315 1794 394 1845 ὃτι
442 1795 477 1865 ἡ
510 1793 741 1864 κιθάρα,
775 1795 836 1846 16
867 1792 1202 1865 ἀνθρώπινόν
1229 1795 1376 1848 ἐστιν
1406 1795 1636 1866 ὄργανον
1663 1813 1677 1826 ⁶
1723 1798 1755 1866 ὴ

190 1884 242 1936 δὲ
271 1887 331 1937 ὲκ
363 1885 568 1956 ταύτης
608 1886 742 1957 ᾠδὴ,
778 1889 806 1940 6
843 1887 930 1938 διὰ
967 1885 1061 1939 τοῦ
1100 1887 1474 1958 σαρκωθέντος
1507 1906 1757 1960 φανερω-

191 1975 296 2038 θείς
343 1979 476 2046 ἡμῖν
521 1977 706 2046 λόγος,
757 1973 818 2032 o6
865 1978 1024 2049 ἔργον
1061 1979 1208 2031 ἐστὶν
1253 1978 1513 2046 ἀφανίσαι
1551 1982 1650 2049 τὴν
1694 1983 1758 2033 ἐκ

189 2069 445 2140 δαιμόνων
478 2073 836 2144 παραφορὰν,
885 2072 972 2124 ἵνα
1013 2071 1211 2142 μηκέτι
1251 2065 1385 2124 ὦσιν
1417 2073 1465 2123 οἱ
1509 2071 1622 2124 θεοὶ
1648 2071 1757 2124 τῶν

189 2162 345 2215 ἐθνῶν
395 2165 465 2218 τά
501 2164 794 2236 δαιμόνια..
836 2163 976 2216 Ἀλλ’
1013 2164 1043 2214 6
1079 2162 1331 2232 βασιλεὺς
1377 2164 1583 2224 ἐκεῖνος
1621 2163 1649 2214 6
1698 2164 1756 2214 ὲν

189 2254 353 2325 ἑαυτῷ
388 2255 519 2319 τοὺς
569 2255 829 2326 δαίμονας
879 2255 1037 2325 ἔχων,
1086 2253 1164 2308 ὅτ’
1208 2254 1272 2307 ἂν
1321 2255 1650 2324 ὑποχωρήση
1689 2252 1757 2307 τὰ

187 2345 463 2416 πνεύματα
503 2348 568 2417 τῇ
599 2347 740 2417 ᾠδῇ,
777 2347 933 2399 τοῦτο
964 2347 1194 2417 ὄργανον
1246 2347 1337 2398 ἐπὶ
1375 2345 1549 2415 τούτῳ
1583 2347 1754 2415 ἁρμο-

187 2437 405 2506 σάμενον
440 2438 710 2491 πατάσσει
739 2436 817 2507 τῷ
847 2437 1032 2508 δόρατι
1063 2437 1144 2508 (τὸ
1168 2437 1223 2488 66
1253 2436 1379 2508 δόρυ
1399 2476 1413 2499 ,
1441 2436 1596 2500 ξύλον
1631 2437 1748 2488 ἐστὶ

186 2527 375 2598 σιδήρῳ
401 2527 899 2597 καθωπλισμένον),
929 2527 1066 2580 ἀλλὰ
1094 2527 1310 2598 δέχεται
1339 2527 1454 2579 ἀντ’
1483 2526 1690 2578 ἐκείνου
1723 2527 1752 2578 6

182 2620 343 2686 τοῖχος
378 2618 440 2676 16
479 2618 627 2688 δόρυ.
660 2620 848 2688 Τοῖχον
875 2619 931 2672 66
971 2619 1220 2689 νοοῦμεν,
1249 2618 1347 2688 τὴν
1377 2618 1572 2687 γηϊνην
1605 2619 1750 2669 οίκο-

180 2706 355 2777 δομὴν,
389 2710 456 2761 δι’
497 2704 564 2781 ἦς
602 2709 662 2762 τὸ
697 2709 856 2778 σῶμα
903 2708 1416 2778 καταμανθάνομεν,
1460 2706 1587 2774 περὶ
1617 2706 1645 2757 ὃ
1688 2706 1749 2758 τὸ

181 2797 324 2862 ξύλον
354 2799 626 2870 βλέπομεν
657 2799 752 2853 τοῦ
796 2799 1029 2871 σταυροῦ
1061 2801 1153 2852 καὶ
1191 2799 1282 2851 16v
1322 2799 1560 2869 σίδηρον.
1603 2797 1659 2850 'O
1691 2798 1747 2850 66

177 2890 330 2942 Δαϐὶδ
375 2893 587 2954 ἐκεῖνος
619 2892 648 2943 6
695 2891 915 2961 χριστός
954 2907 1010 2943 τε
1052 2891 1148 2944 καὶ
1192 2889 1478 2959 βασιλεὺς,
1510 2889 1615 2954 ἔξω
1649 2890 1745 2943 τοῦ

176 2980 368 3043 πάθους
398 2980 570 3033 ἐστίν.
633 2979 696 3032 Ἦ
725 2980 834 3052 γάρ
879 2979 1069 3050 θεότης
1101 2981 1158 3032 ἐν
1186 2979 1263 3050 τῷ
1291 2980 1508 3051 σταυρῷ
1549 2998 1608 3033 τε
1651 2981 1744 3034 καὶ

175 3075 273 3134 τοῖς
307 3072 457 3142 ἥλοις
485 3072 545 3124 ού
578 3071 804 3140 γίνεται.
843 3071 1056 3142 Μελχὸλ
1090 3072 1147 3124 δὲ
1175 3072 1524 3137 ἀκούσαντες,
1551 3073 1650 3144 τὴν
1678 3076 1742 3127 ὲκ

1877 792 1980 847 sibi
2034 793 2399 850 familiaribus
2440 794 2736 861 distentus,
2776 795 2963 850 lancea
3006 799 3243 867 percutit
3273 799 3453 867 illum,

1873 882 1967 950 qui
1995 883 2103 935 vim
2150 898 2306 938 suam
2340 892 2531 938 contra
2570 883 2846 939 daemones
2879 901 2974 954 per
3007 888 3271 942 citharam
3302 901 3441 957 pate-

1873 975 2144 1043 faciebat;
2180 979 2273 1033 sed
2303 993 2519 1043 murus,
2553 979 2675 1033 loco
2713 978 2957 1045 Davidis,
3001 982 3171 1036 ictum
3215 987 3448 1055 recipit;

1873 1066 1963 1120 ille
1991 1067 2277 1124 incolumis
2307 1070 2506 1126 evadit.

1943 1153 2192 1211 Posthazc
2241 1158 2470 1213 insidias
2519 1173 2548 1212 a
2601 1159 2766 1216 Saule
2804 1176 3023 1230 passus,
3077 1165 3339 1234 quaeritur
3389 1167 3446 1220 in

1871 1244 2014 1300 lecto
2055 1266 2067 1300 :
2107 1255 2162 1300 at
2197 1264 2305 1302 non
2344 1249 2650 1319 reperitur;
2683 1252 2980 1306 simulacra
3029 1271 3159 1310 vero
3194 1259 3443 1326 quaedam

1869 1338 1988 1394 vice
2025 1339 2171 1396 illius
2234 1342 2412 1395 lectus
2466 1342 2733 1406 continet,
2787 1352 2843 1398 et
2905 1345 3074 1415 hepar
3129 1363 3442 1417 caprarum.

1867 1428 2160 1500 Perspicue
2201 1440 2381 1486 autem
2425 1433 2616 1502 liquet,
2647 1450 2910 1504 quorsum
2952 1437 3146 1491 horum
3181 1441 3442 1509 :enigma-

1867 1525 1981 1570 tum
2021 1518 2402 1589 intelligentia,
2447 1530 2501 1574 et
2531 1523 2702 1578 totius
2734 1526 2976 1580 historiae
3011 1528 3183 1582 series
3229 1530 3436 1593 tendat,

1864 1607 2113 1662 videlicet
2161 1625 2256 1679 per
2306 1610 2559 1667 Davidem
2608 1613 2951 1684 signiﬁcatur
2989 1618 3036 1672 is
3091 1618 3183 1686 qui
3233 1629 3319 1673 est
3371 1637 3438 1674 ex

1862 1699 2087 1767 Davide,
2125 1709 2178 1756 et
2224 1701 2529 1769 Christum,
2577 1704 2681 1760 hoc
2722 1715 2828 1771 est,
2862 1716 3085 1762 unctum
3128 1710 3439 1781 prmﬁgurat

1869 1800 2104 1858 unctus;
2181 1802 2234 1848 at
2286 1795 2552 1848 citharam
2616 1810 2740 1851 esse
2797 1797 3092 1852 humanam
3149 1809 3435 1869 naturam,

1865 1884 2010 1938 velut
2042 1884 2468 1940 instrumentum
2495 1887 2789 1955 quoddam.
2825 1888 2999 1957 Hujus
3027 1903 3326 1947 concentus
3354 1904 3438 1948 est

1859 1974 2108 2029 doctrina
2138 1992 2236 2045 per
2265 1991 2412 2043 eum,
2443 1977 2534 2047 qui
2564 1979 2884 2034 incarnatus
2921 1988 3026 2045 est,
3064 1981 3224 2037 nobis
3257 1984 3434 2036 mani-

1861 2063 2080 2131 festata;
2115 2066 2278 2134 cujus
2310 2068 2460 2132 linis,
2489 2068 2710 2123 abolere
2742 2085 2984 2136 omnem,
3020 2089 3142 2140 qum
3173 2089 3201 2126 a
3225 2074 3431 2128 daemo-

1858 2157 2020 2210 nibus
2054 2158 2364 2211 concitatur
2389 2160 2767 2228 agitationem,
2803 2178 2870 2216 ne
2920 2165 3157 2232 amplius
3186 2164 3260 2218 dii
3300 2182 3429 2234 gen.

1857 2246 1990 2298 tium
2034 2247 2142 2301 sint
2177 2247 2486 2315 dmmonia;
2522 2251 2620 2304 sed
2654 2267 2746 2305 rex
2772 2251 2885 2316 ille,
2915 2254 3007 2322 qui
3041 2269 3069 2307 a
3095 2253 3431 2313 daemonibus

1857 2347 2106 2406 arreptus
2143 2347 2247 2402 est,
2295 2355 2416 2394 cum
2469 2343 2700 2410 spiritus
2730 2343 2805 2397 illi
2859 2347 3154 2399 concentui
3206 2347 3428 2411 cedunt,

1855 2443 2118 2497 organum
2150 2431 2255 2485 hoc
2279 2431 2530 2501 fugandis
2561 2433 2900 2490 daemonibus
2931 2438 3427 2501 accommodatum,

1854 2521 2087 2588 percutit
2104 2521 2287 2576 lancea
2311 2540 2324 2589 ;
2357 2523 2545 2578 lancea
2570 2532 2750 2578 autem
2774 2526 2978 2595 lignum
2994 2535 3080 2580 est
3099 2527 3243 2581 ferro
3257 2543 3432 2580 arma-

1854 2618 1992 2679 tum,
2013 2611 2107 2666 sed
2133 2614 2335 2684 excipit
2365 2614 2513 2670 illius
2536 2615 2657 2669 loco
2685 2631 2874 2670 murus
2893 2616 3167 2681 lanceam;
3195 2632 3290 2686 per
3310 2633 3428 2671 mu-

1851 2716 1973 2754 rum
1992 2703 2625 2772 intelligimusterrenam
2643 2705 3080 2767 aediﬁcationem,
3096 2718 3204 2773 qua
3222 2719 3425 2775 corpus

1850 2794 2008 2850 nobis
2047 2796 2314 2859 innuitur,
2357 2797 2504 2849 circa
2539 2797 2685 2865 quod
2722 2797 2968 2851 videmus
2996 2795 3202 2866 lignum
3240 2797 3424 2854 crucis

1848 2898 1902 2943 et
1938 2887 2165 2944 ferrum.
2204 2890 2270 2944 At
2300 2889 2469 2946 David
2517 2891 2607 2945 ille
2647 2906 2674 2944 a
2710 2889 2942 2944 Domino
2977 2899 3174 2946 unctus
3212 2899 3265 2944 et
3303 2907 3420 2958 rex,

1848 2993 1877 3031 a
1925 2979 2180 3048 passione
2226 2980 2386 3049 longe
2436 2979 2612 3046 abest,
2659 2979 2918 3034 divinitas
2949 2978 3095 3032 enim
3155 2993 3320 3032 cruce
3368 2985 3422 3031 et

1847 3071 2021 3124 clavis
2060 3086 2170 3124 non
2205 3071 2460 3141 aﬂigitur.
2494 3069 2666 3126 Porro
2697 3087 2820 3125 cum
2858 3071 3114 3124 audimus
3148 3068 3376 3124 Melchol
3404 3089 3417 3124 :

171 3162 254 3212 τοῦ
284 3163 459 3216 Σαοὺλ
495 3163 811 3232 γινομένην,
903 3162 1068 3215 Δαϐὶδ
1102 3162 1480 3234 ἐκοινώνησεν,
1509 3165 1570 3216 ού
1601 3164 1739 3228 ξενι-

1849 3179 1966 3233 qua:
1990 3179 2054 3218 ex
2089 3162 2253 3218 Saule
2278 3162 2562 3232 progenita
2603 3170 2743 3227 erat,
2775 3177 2936 3232 quam
2974 3161 3140 3216 David
3175 3162 3420 3229 despon-

171 3251 398 3323 ζώμεθα,
435 3253 576 3324 πρὸς
600 3252 973 3306 τδάκόλουθον
1008 3253 1321 3324 βλέποντες.
1359 3253 1592 3324 Οἴδαμεν
1630 3254 1738 3326 γὰρ

1849 3272 1958 3311 sam
1990 3256 2262 3322 habebat;
2309 3270 2378 3310 ne
2403 3254 2694 3308 turbemur
2714 3263 2768 3308 et
2801 3254 3198 3318 abalienemur,
3228 3254 3322 3308 sed
3363 3251 3414 3306 id

167 3344 241 3396 ὅτι
275 3345 303 3397 6
332 3343 466 3408 Θεὸς
504 3343 734 3397 θάνατον
765 3345 862 3396 οὐκ
893 3345 1170 3416 ἐποίησεν,
1219 3345 1356 3398 ἀλλὰ
1400 3346 1579 3418 πατὴρ
1618 3348 1734 3415 ὲγέ-

166 3453 278 3490 νετο
304 3437 398 3492 τοῦ
433 3437 669 3491 θανάτου
716 3439 744 3490 6
780 3439 877 3508 τῆς
909 3438 1107 3500 κακίας
1144 3436 1416 3507 βασιλεὺς,
1468 3441 1496 3492 6
1545 3439 1735 3492 ἑαυτὸν

165 3527 256 3596 τῆς
282 3529 423 3600 ζωῆς
456 3530 744 3600 στερήσας.
789 3529 972 3600 Φθόνῳ
999 3530 1106 3600 γάρ
1153 3529 1397 3584 διαϐόλου
1447 3531 1474 3582 6
1504 3529 1734 3596 θάνατος

164 3620 432 3691 εἰσῆλθενο
477 3621 793 3675 ἐϐασίλευσε
833 3622 890 3674 δὲ
934 3625 962 3676 6
1003 3622 1232 3686 θάνατος
1275 3623 1383 3676 άπὸ
1428 3623 1600 3694 Ἀδὰμ
1638 3625 1729 3679 καὶ

161 3713 254 3778 ἕως
284 3713 374 3768 τοῦ
418 3715 610 3785 νόμου.
646 3715 720 3769 Οὐ
771 3714 1016 3784 βούλεται
1063 3716 1257 3786 μηκέτι
1314 3713 1619 3783 βασιλεύειν
1671 3719 1728 3768 ἐν

159 3807 281 3874 ἡμῖν
319 3809 347 3860 6
403 3806 731 3871 Ἀπόστολος
785 3808 842 3861 ὲν
891 3807 966 3878 τῷ
1023 3807 1203 3878 θνητῷ
1257 3807 1416 3878 ἡμῶν
1485 3807 1714 3878 σώματι.

171 3897 220 3952 '0
251 3895 339 3953 οὖν
370 3901 516 3972 ὑπὲρ
554 3901 756 3964 παντὸς
788 3899 880 3952 τοῦ
916 3900 1145 3954 θανάτου
1176 3900 1538 3970 γευσάμενος,
1569 3901 1627 3954 ὲν
1650 3901 1726 3971 τῷ

157 3990 280 4060 οἴκῳ
316 3991 415 4061 τῆς
468 3991 574 4044 ὑπὸ
607 3989 709 4051 ζτοῦ
747 3990 1028 4059 νοηθέντος
1087 3992 1219 4061 ἡμῖν
1274 3990 1446 4043 Σαοὺλ
1479 3990 1722 4058 γίνεται,

156 4078 314 4151 δνομα
367 4082 423 4134 66
469 4082 605 4152 αὐτῇ
659 4080 892 4150 Μελχόλ.
939 4079 1046 4132 Τοῦ
1099 4080 1154 4132 δὲ
1205 4079 1471 4150 ὀνόματος
1532 4081 1724 4134 τούτου

153 4173 209 4226 16
235 4175 633 4245 σημαινόμενον
668 4175 944 4246 βασιλείας
980 4177 1148 4239 ἐστὶν,
1183 4174 1272 4228 διά
1297 4174 1358 4227 16
1395 4175 1556 4246 μέχρι
1601 4176 1724 4229 τότε

155 4262 455 4332 βασιλεύειν
494 4267 594 4337 τὴν
631 4265 905 4338 ἁμαρτίαν
951 4267 1053 4336 τῆς
1084 4266 1319 4336 φύσεως.
1364 4267 1627 4320 Ἐνταῦθα
1668 4269 1724 4322 δὲ

153 4355 459 4424 γενόμενος,
485 4355 648 4418 αὐτὸς
683 4356 779 4426 μὲν
807 4355 895 4408 διὰ
935 4355 1147 4424 θυρίδος
1174 4352 1474 4424 ἐξέρχεται.
1511 4355 1725 4425 Σημαί-⁹

154 4461 229 4499 νει
263 4447 318 4502 δὲ
345 4451 379 4520 ἡ
411 4449 572 4519 θυρὶς
592 4490 606 4512 ,
648 4447 748 4518 τὴν
781 4448 874 4500 ἐπὶ
899 4446 958 4500 τὸ
991 4445 1109 4514 φῶς
1156 4447 1318 4500 πάλιν
1347 4446 1602 4499 ἐπάνοδον
1629 4446 1722 4499 τοῦ

1837 3348 1983 3419 quod
2039 3348 2288 3417 sequitur
2346 3347 2750 3416 respiciamus:
2785 3346 2994 3401 scimus
3037 3345 3181 3400 enim
3226 3359 3256 3398 a
3309 3343 3422 3398 Deo

1837 3448 2066 3493 mortem
2102 3454 2212 3493 non
2242 3454 2366 3494 esse
2399 3437 2621 3501 factam,
2653 3436 2746 3492 sed
2785 3438 2982 3491 mortis
3013 3452 3211 3506 parens
3243 3436 3419 3490 exsti-

1835 3532 1900 3583 tit
1957 3547 2050 3586 rex
2077 3531 2170 3585 ille
2204 3529 2446 3593 malitiae,
2483 3529 2576 3599 qui
2609 3527 2850 3597 seipsum
2890 3527 2997 3580 vita
3030 3527 3296 3597 privavit;
3335 3527 3420 3580 in-

1832 3622 1980 3676 vidia
2018 3621 2162 3676 enim
2205 3621 2408 3676 diaboli
2451 3635 2600 3675 mors
2635 3619 2863 3674 intravit
2897 3637 2910 3673 :
2945 3619 3195 3689 regnavit
3235 3629 3417 3672 autem

1834 3730 1982 3769 mors
2017 3714 2084 3768 ab
2104 3713 2275 3768 Adam
2302 3727 2482 3782 usque
2509 3712 2576 3766 ad
2609 3712 2782 3781 legem
2805 3712 2871 3776 ",
2904 3726 3067 3780 quam
3097 3709 3335 3779 amplius
3362 3710 3416 3763 in

1829 3804 2048 3858 mortali
2087 3811 2280 3858 nostro
2309 3816 2541 3871 corpore
2588 3815 2824 3870 regnare
2872 3814 2980 3852 non
3023 3797 3142 3852 vult
3175 3797 3417 3867 Aposto-

1828 3897 1914 3952 lus
1940 3897 2002 3949 ¹⁸.
2034 3893 2084 3949 Is
2114 3895 2298 3964 igitur,
2329 3893 2422 3964 qui
2459 3908 2557 3962 pro
2588 3893 2848 3948 omnibus
2880 3899 3110 3946 mortem
3143 3891 3412 3976 gustavit9

1826 3996 2075 4042 versatur
2117 3987 2172 4040 in
2221 3986 2384 4040 domo
2423 3985 2566 4054 ejus,
2609 4000 2772 4055 quam
2822 3984 2868 4039 is
2906 3984 3001 4053 qui
3065 3999 3160 4052 per
3195 3981 3414 4037 Saulem

1826 4079 2053 4147 mystice
2101 4079 2442 4149 signiﬁcatur
2478 4078 2790 4148 progenuit,
2836 4077 2996 4146 cujus
3046 4091 3244 4138 nomen
3281 4074 3413 4130 Mel-

1825 4169 1972 4233 chol,
2013 4169 2118 4224 hoc
2155 4175 2264 4232 est,
2317 4183 2570 4238 regnum,
2611 4167 2757 4237 quod
2808 4182 2873 4222 co
2921 4182 3096 4235 usque
3129 4173 3410 4236 peccatum

1826 4269 2037 4316 naturae
2070 4261 2378 4330 imperarit.
2414 4259 2513 4314 Hic
2544 4259 2710 4329 igitur
2741 4260 3096 4321 constitutus,
3140 4259 3254 4327 ipse
3283 4259 3412 4327 qui-

1826 4352 1950 4405 dem
1985 4366 2083 4420 per
2126 4351 2424 4406 fenestram
2462 4351 2594 4404 exit.
2631 4350 2917 4420 Signiﬁcat
2947 4358 3130 4405 autem
3165 4349 3406 4404 fenestra

1830 4443 2062 4496 reditum
2095 4442 2149 4495 in
2186 4442 2361 4496 lucem
2392 4441 2534 4509 ejus,
2577 4441 2672 4510 qui
2727 4441 2968 4510 seipsum
3005 4441 3320 4496 sedentibus
3352 4443 3407 4496 in

153 4540 334 4594 ἑαυτὸν
367 4545 479 4607 τοῖς
512 4545 570 4598 ὲν
600 4542 780 4596 σκότει
831 4543 924 4596 καὶ
956 4543 1085 4612 σκιᾷ
1121 4541 1354 4594 θανάτου
1393 4540 1722 4611 καθημένοις

1851 4531 2070 4587 enebris
2099 4540 2153 4586 et
2185 4530 2378 4584 umbra
2410 4531 2603 4585 mortis
2624 4530 2941 4585 ostenderat
2967 4549 2980 4584 :
3014 4530 3408 4599 atcenotaphia

151 4629 440 4698 δείξαντος.
480 4633 561 4687 Τὰ
606 4634 662 4687 δὲ
709 4635 1006 4703 κενοτάφια
1048 4631 1211 4685 αὐτοῦ
1262 4632 1352 4685 ἐπὶ
1389 4632 1490 4701 τῆς
1535 4633 1721 4702 κλίνης

150 4724 359 4794 ὁρᾶται.
387 4726 530 4796 Φησὶ
574 4725 671 4796 γὰρ
703 4726 798 4778 καὶ
825 4727 853 4778 6
882 4724 1113 4793 ἄγγελος
1138 4725 1253 4787 τοῖς
1279 4725 1337 4776 ὲν
1365 4722 1444 4793 τῷ
1480 4725 1723 4793 μνήματι

151 4815 366 4888 ζητοῦσι
417 4820 506 4874 τὸν
557 4819 786 4892 Κύριον·
828 4838 846 4870 ι
880 4819 944 4870 Τί
978 4819 1190 4889 ζητεῖτε
1226 4817 1318 4869 τὸν
1364 4816 1542 4880 ζῶντα
1579 4815 1720 4886 μετὰ

149 4909 251 4962 τῶν
279 4913 516 4982 νεκρῶν;
549 4912 648 4965 οὐκ
681 4911 826 4964 ἔστιν
856 4903 980 4971 ὦδε,
1011 4908 1240 4980 ἠγέρθη.
1272 4908 1378 4960 Ἴδε
1408 4910 1436 4960 6
1459 4908 1621 4971 τόπος
1666 4909 1724 4961 ὲν

148 4991 190 5067 ᾧ
213 5001 408 5058 ἔκειτο.
448 5023 466 5058 ι
499 5003 602 5056 Τὸν
624 5003 816 5070 τάφον,
841 5004 897 5054 έν
922 4994 966 5068 ᾧ
994 5001 1190 5072 ἐτάφη,
1221 5000 1328 5053 [δον
1356 5002 1402 5052 οἱ
1434 5000 1722 5071 ζητοῦντες

149 5093 235 5146 τὸν
280 5095 506 5168 Κύριον,
542 5095 696 5148 κενὸν
729 5093 823 5148 τοῦ
869 5094 1203 5164 ζητουμένου
1251 5094 1520 5164 σώματος.
1567 5094 1722 5148 Μόνα

149 5183 202 5237 δὲ
232 5181 297 5256 ἦν
326 5189 384 5238 ὲν
416 5185 562 5256 αὐτῷ
590 5185 660 5239 τὰ
690 5185 937 5254 ἐντάφια.
972 5185 1182 5238 Οὐκοῦν
1227 5184 1476 5254 νοοῦμεν,
1509 5185 1590 5236 ὅτι
1621 5184 1720 5256 τὴν

150 5275 437 5330 ἀνάστασιν
470 5277 564 5331 τοῦ
604 5279 811 5349 Κυρίου
845 5278 1098 5349 σημαίνει
1143 5277 1239 5348 τὴν
1279 5278 1369 5330 ἐπὶ
1408 5276 1502 5329 τοῦ
1545 5277 1717 5347 τάφου

148 5364 214 5420 τὰ
241 5368 331 5420 ἐπὶ
363 5369 468 5438 τῆς
486 5369 673 5442 κλίνης
695 5370 790 5423 τοῦ
821 5369 984 5422 Δαϐὶδ
1017 5369 1333 5438 κενοτάφια,
1366 5368 1432 5422 δι’
1465 5362 1540 5421 ὧν
1573 5369 1718 5436 γίνε-

148 5471 233 5510 ται
261 5462 288 5512 6
321 5461 572 5533 ἀληθινὸς
598 5463 690 5516 τοῦ
721 5462 950 5517 θανάτου
981 5463 1137 5534 ἡμῶν
1170 5463 1640 5534 ἀποτροπιασμὸς.

212 5619 318 5675 Τοῦ
359 5623 417 5676 δὲ
462 5623 758 5696 τρωθέντος
787 5625 964 5694 τοίχου
987 5664 1002 5690 ,
1049 5624 1108 5678 ὃν
1159 5624 1280 5679 ἀντὶ
1319 5623 1412 5678 τοῦ
1461 5623 1710 5696 σώματος

218 5801 258 5832 ’³
288 5802 444 5857 Rom.
477 5821 528 5871 ν,
562 5804 647 5859 M.
764 5807 805 5839 "
833 5803 989 5860 Rom.
1031 5823 1102 5871 τι,
1143 5807 1222 5861 12.

1343 5808 1383 5838 ¹”
1414 5804 1578 5862 Mure.
1621 5823 1730 5872 im,
1761 5805 1808 5861 6.

1826 4635 1882 4682 et
1919 4624 2218 4680 simulacra
2248 4622 2672 4692 conspiciuntur
2721 4621 2775 4675 in
2826 4622 2947 4692 ejus
2985 4623 3146 4676 lecto.
3186 4619 3320 4674 Nam
3353 4629 3409 4676 et

1787 4717 2057 4786 ‘angelus
2103 4714 2484 4786 quaerentibus
2529 4714 2823 4769 Dominum
2877 4717 2932 4770 in
2985 4717 3239 4786 sepulcro
3293 4717 3404 4774 ait:

1837 4826 1848 4855 ι
1885 4807 2026 4875 Quid
2061 4807 2307 4876 quaeritis
2337 4807 2608 4862 viventem
2652 4822 2778 4862 cum
2835 4808 3107 4862 mortuis?
3165 4824 3274 4862 non
3323 4815 3408 4862 est

1829 4892 1945 4963 hic;
1990 4896 2234 4951 surrexit
2276 4914 2291 4951 :
2342 4910 2475 4967 ecce
2521 4895 2678 4950 locus
2738 4897 2790 4949 in
2846 4911 2956 4965 quo
3009 4897 3226 4966 jacebat
3256 4897 3343 4950 “z
3383 4917 3400 4949 ι

1829 5003 1958 5046 ecce
2019 4991 2358 5059 sepulcrum,
2399 4989 2454 5043 in
2510 5004 2620 5060 quo
2663 4990 2914 5058 sepultus
2943 4997 3082 5044 erat.
3115 4987 3403 5055 Viderunt,

1826 5081 1918 5150 qui
1971 5079 2287 5149 quaarebant
2346 5080 2681 5148 sepulcrum,
2738 5079 2835 5134 sed
2885 5095 3117 5134 vacuum
3178 5093 3407 5147 corpore

1826 5171 1971 5242 quod
1997 5172 2315 5241 quxrebant
2347 5189 2361 5226 :
2388 5171 2504 5226 sola
2527 5178 2707 5225 autem
2739 5170 3064 5239 sepulcralia
3089 5169 3405 5223 linteamina

1827 5264 2239 5334 comparebant.
2297 5262 2661 5332 Intelligimus
2706 5261 2874 5331 igitur
2923 5259 3201 5314 funebrem
3253 5259 3404 5313 illum

1826 5358 1880 5412 in
1915 5357 2056 5411 lecto
2088 5355 2309 5410 Davidis
2332 5363 2679 5425 apparatum,
2705 5352 3016 5423 signiﬁcare
3047 5351 3407 5405 resurrectio-

1826 5462 1948 5502 nem
1981 5462 2048 5501 ex
2090 5446 2346 5515 sepulcro
2373 5463 2388 5512 ;
2417 5445 2621 5515 quibus
2650 5459 2778 5499 vere
2805 5457 2953 5498 mors
2979 5457 3011 5496 a
3049 5440 3211 5496 nobis
3241 5455 3402 5496 aver-

1821 5538 1958 5593 titur
1979 5543 2032 5591 et
2064 5535 2302 5606 fugatur.

1889 5626 2063 5685 Venio
2094 5627 2177 5700 .ad
2201 5627 2566 5699 vulneratum
2613 5634 2899 5698 parietem,
2933 5639 3094 5698 quem
3138 5638 3238 5696 pro
3280 5636 3405 5679 cor-
