  <div class='ocr_page' id='page_1' title='image "/cluster/home/n/w/nwhite01/storage/ocr_20150623/44:no.1/coo.31924054869445/309.png"; bbox 0 0 3844 6374; ppageno 0'>
   <div class='ocr_carea' id='block_1_1' title="bbox 421 401 615 465">
    <p class='ocr_par' dir='ltr' id='par_1_1' title="bbox 421 401 615 465">
     <span class='ocr_line' id='line_1_1' title="bbox 421 401 615 465; baseline 0.005 -1"><span class='ocrx_word' id='word_1_1' title='bbox 421 407 529 465; x_wconf 77' lang='lat'><strong>605</strong></span> <span class='ocrx_word' id='word_1_2' title='bbox 608 401 615 409; x_wconf 80' lang='grc'><em>’</em></span> 
     </span>
    </p>
   </div>
   <div class='ocr_carea' id='block_1_2' title="bbox 1688 414 2104 471">
    <p class='ocr_par' dir='ltr' id='par_1_2' title="bbox 1688 414 2104 471">
     <span class='ocr_line' id='line_1_2' title="bbox 1688 414 2104 471; baseline 0.005 -3"><span class='ocrx_word' id='word_1_3' title='bbox 1688 415 1744 469; x_wconf 90' lang='lat' dir='ltr'><strong>S.</strong></span> <span class='ocrx_word' id='word_1_4' title='bbox 1776 414 2104 471; x_wconf 64' lang='lat' dir='ltr'><strong>GliliGOlill</strong></span> 
     </span>
    </p>
   </div>
   <div class='ocr_carea' id='block_1_3' title="bbox 2163 413 3675 474">
    <p class='ocr_par' dir='ltr' id='par_1_3' title="bbox 2163 413 3675 474">
     <span class='ocr_line' id='line_1_3' title="bbox 2163 413 3675 474; baseline 0.003 -4"><span class='ocrx_word' id='word_1_5' title='bbox 2163 414 2206 470; x_wconf 82' lang='lat' dir='ltr'><strong>N</strong></span> <span class='ocrx_word' id='word_1_6' title='bbox 2217 413 2424 471; x_wconf 66' lang='lat' dir='ltr'><strong>ISSEN</strong></span> <span class='ocrx_word' id='word_1_7' title='bbox 2433 416 2459 468; x_wconf 75' lang='lat' dir='ltr'><strong>l‘</strong></span> <span class='ocrx_word' id='word_1_8' title='bbox 3581 419 3675 474; x_wconf 73' lang='grc' dir='ltr'><strong>6θό</strong></span> 
     </span>
    </p>
   </div>
   <div class='ocr_carea' id='block_1_4' title="bbox 423 525 2007 615">
    <p class='ocr_par' dir='ltr' id='par_1_4' title="bbox 423 525 1994 606">
     <span class='ocr_line' id='line_1_4' title="bbox 423 525 1994 606; baseline 0.01 -27"><span class='ocrx_word' id='word_1_9' title='bbox 423 541 556 597; x_wconf 90' lang='lat' dir='ltr'><strong>pore</strong></span> <span class='ocrx_word' id='word_1_10' title='bbox 604 525 922 597; x_wconf 81' lang='lat' dir='ltr'><strong>accipimus,</strong></span> <span class='ocrx_word' id='word_1_11' title='bbox 963 530 1214 599; x_wconf 79' lang='lat' dir='ltr'><strong>quamvis</strong></span> <span class='ocrx_word' id='word_1_12' title='bbox 1260 531 1546 604; x_wconf 84' lang='lat' dir='ltr'><strong>sanguinis</strong></span> <span class='ocrx_word' id='word_1_13' title='bbox 1586 545 1886 606; x_wconf 77' lang='lat' dir='ltr'><strong>expertem,</strong></span> <span class='ocrx_word' id='word_1_14' title='bbox 1927 554 1994 594; x_wconf 93' lang='lat' dir='ltr'><strong>ne</strong></span> 
     </span>
    </p>
   </div>
   <div class='ocr_carea' id='block_1_5' title="bbox 2111 525 3676 615">
    <p class='ocr_par' dir='ltr' id='par_1_5' title="bbox 2111 532 3676 615">
     <span class='ocr_line' id='line_1_5' title="bbox 2111 532 3676 615; baseline 0.003 -23"><span class='ocrx_word' id='word_1_15' title='bbox 2111 541 2415 610; x_wconf 69' lang='grc' dir='ltr'>ενοήσαμεν,</span> <span class='ocrx_word' id='word_1_16' title='bbox 2449 532 2588 609; x_wconf 75' lang='grc' dir='ltr'>αἷμα</span> <span class='ocrx_word' id='word_1_17' title='bbox 2616 538 2690 609; x_wconf 83' lang='grc' dir='ltr'>μὴ</span> <span class='ocrx_word' id='word_1_18' title='bbox 2729 539 2962 608; x_wconf 75' lang='grc' dir='ltr'>ἔχοντος,</span> <span class='ocrx_word' id='word_1_19' title='bbox 2997 540 3073 604; x_wconf 88' lang='grc' dir='ltr'><strong>ώς</strong></span> <span class='ocrx_word' id='word_1_20' title='bbox 3097 541 3163 594; x_wconf 77' lang='grc' dir='ltr'>ἂν</span> <span class='ocrx_word' id='word_1_21' title='bbox 3189 541 3262 612; x_wconf 79' lang='grc' dir='ltr'>μὴ</span> <span class='ocrx_word' id='word_1_22' title='bbox 3292 541 3400 613; x_wconf 78' lang='grc' dir='ltr'>ἄρα</span> <span class='ocrx_word' id='word_1_23' title='bbox 3434 542 3676 615; x_wconf 76' lang='grc' dir='ltr'>λειφθείη</span> 
     </span>
    </p>
   </div>
   <div class='ocr_carea' id='block_1_6' title="bbox 424 617 2002 695">
    <p class='ocr_par' dir='ltr' id='par_1_6' title="bbox 424 617 2002 695">
     <span class='ocr_line' id='line_1_6' title="bbox 424 617 2002 695; baseline 0.007 -24"><span class='ocrx_word' id='word_1_24' title='bbox 424 618 477 671; x_wconf 90' lang='lat' dir='ltr'><strong>id</strong></span> <span class='ocrx_word' id='word_1_25' title='bbox 510 617 656 687; x_wconf 85' lang='lat' dir='ltr'><strong>quod</strong></span> <span class='ocrx_word' id='word_1_26' title='bbox 689 618 926 672; x_wconf 81' lang='lat' dir='ltr'><strong>maxime</strong></span> <span class='ocrx_word' id='word_1_27' title='bbox 955 618 1023 672; x_wconf 89' lang='lat' dir='ltr'><strong>ad</strong></span> <span class='ocrx_word' id='word_1_28' title='bbox 1057 623 1380 691; x_wconf 75' lang='lat' dir='ltr'><strong>mysterium</strong></span> <span class='ocrx_word' id='word_1_29' title='bbox 1409 633 1780 695; x_wconf 87' lang='lat' dir='ltr'><strong>opportunum</strong></span> <span class='ocrx_word' id='word_1_30' title='bbox 1807 637 1912 694; x_wconf 89' lang='lat' dir='ltr'><strong>est,</strong></span> <span class='ocrx_word' id='word_1_31' title='bbox 1947 637 2002 684; x_wconf 91' lang='lat' dir='ltr'><strong>et</strong></span> 
     </span>
    </p>
   </div>
   <div class='ocr_carea' id='block_1_7' title="bbox 422 707 2002 790">
    <p class='ocr_par' dir='ltr' id='par_1_7' title="bbox 422 707 2002 790">
     <span class='ocr_line' id='line_1_7' title="bbox 422 707 2002 790; baseline 0.01 -32"><span class='ocrx_word' id='word_1_32' title='bbox 422 724 532 776; x_wconf 87' lang='lat' dir='ltr'><strong>quo</strong></span> <span class='ocrx_word' id='word_1_33' title='bbox 581 707 850 776; x_wconf 88' lang='lat' dir='ltr'><strong>redempti</strong></span> <span class='ocrx_word' id='word_1_34' title='bbox 886 723 1115 774; x_wconf 89' lang='lat' dir='ltr'><strong>sumus,</strong></span> <span class='ocrx_word' id='word_1_35' title='bbox 1159 714 1486 782; x_wconf 90' lang='lat' dir='ltr'><strong>sanguinem</strong></span> <span class='ocrx_word' id='word_1_36' title='bbox 1510 755 1524 780; x_wconf 96' lang='lat'><strong>,</strong></span> <span class='ocrx_word' id='word_1_37' title='bbox 1559 716 1816 788; x_wconf 88' lang='lat' dir='ltr'><strong>inquam,</strong></span> <span class='ocrx_word' id='word_1_38' title='bbox 1863 734 2002 790; x_wconf 75' lang='lat' dir='ltr'><strong>prae-</strong></span> 
     </span>
    </p>
   </div>
   <div class='ocr_carea' id='block_1_8' title="bbox 326 797 1998 876">
    <p class='ocr_par' dir='ltr' id='par_1_8' title="bbox 326 797 1998 876">
     <span class='ocr_line' id='line_1_8' title="bbox 326 797 1998 876; baseline 0.01 -29"><span class='ocrx_word' id='word_1_39' title='bbox 326 860 334 870; x_wconf 39' lang='lat'><em>.</em></span> <span class='ocrx_word' id='word_1_40' title='bbox 423 805 720 858; x_wconf 76' lang='lat' dir='ltr'><strong>tereamus,</strong></span> <span class='ocrx_word' id='word_1_41' title='bbox 759 797 850 851; x_wconf 92' lang='lat' dir='ltr'><strong>hic</strong></span> <span class='ocrx_word' id='word_1_42' title='bbox 882 797 938 852; x_wconf 91' lang='lat' dir='ltr'><strong>in</strong></span> <span class='ocrx_word' id='word_1_43' title='bbox 983 799 1094 854; x_wconf 84' lang='lat' dir='ltr'><strong>illis</strong></span> <span class='ocrx_word' id='word_1_44' title='bbox 1134 801 1269 870; x_wconf 89' lang='lat' dir='ltr'><strong>ipsis</strong></span> <span class='ocrx_word' id='word_1_45' title='bbox 1304 806 1652 875; x_wconf 79' lang='lat' dir='ltr'><strong>cenotaphiis</strong></span> <span class='ocrx_word' id='word_1_46' title='bbox 1684 809 1998 876; x_wconf 84' lang='lat' dir='ltr'><strong>reperitur:</strong></span> 
     </span>
    </p>
   </div>
   <div class='ocr_carea' id='block_1_9' title="bbox 423 889 2002 967">
    <p class='ocr_par' dir='ltr' id='par_1_9' title="bbox 423 889 2002 967">
     <span class='ocr_line' id='line_1_9' title="bbox 423 889 2002 967; baseline 0.013 -33"><span class='ocrx_word' id='word_1_47' title='bbox 423 891 595 939; x_wconf 65' lang='lat' dir='ltr'><strong>mlum</strong></span> <span class='ocrx_word' id='word_1_48' title='bbox 646 889 791 941; x_wconf 90' lang='lat' dir='ltr'><strong>enim</strong></span> <span class='ocrx_word' id='word_1_49' title='bbox 840 889 1013 959; x_wconf 87' lang='lat' dir='ltr'><strong>hepar</strong></span> <span class='ocrx_word' id='word_1_50' title='bbox 1064 891 1211 946; x_wconf 84' lang='lat' dir='ltr'><strong>inter</strong></span> <span class='ocrx_word' id='word_1_51' title='bbox 1263 896 1507 950; x_wconf 89' lang='lat' dir='ltr'><strong>membra</strong></span> <span class='ocrx_word' id='word_1_52' title='bbox 1548 898 1833 967; x_wconf 84' lang='lat' dir='ltr'><strong>sanguinis</strong></span> <span class='ocrx_word' id='word_1_53' title='bbox 1877 900 2002 954; x_wconf 85' lang='lat' dir='ltr'><strong>fons</strong></span> 
     </span>
    </p>
   </div>
   <div class='ocr_carea' id='block_1_10' title="bbox 422 977 2002 1057">
    <p class='ocr_par' dir='ltr' id='par_1_10' title="bbox 422 977 2002 1057">
     <span class='ocr_line' id='line_1_10' title="bbox 422 977 2002 1057; baseline 0.009 -29"><span class='ocrx_word' id='word_1_54' title='bbox 422 991 503 1030; x_wconf 67' lang='lat' dir='ltr'><strong>est</strong></span> <span class='ocrx_word' id='word_1_55' title='bbox 538 985 592 1031; x_wconf 83' lang='lat' dir='ltr'><strong>et</strong></span> <span class='ocrx_word' id='word_1_56' title='bbox 633 977 873 1042; x_wconf 84' lang='lat' dir='ltr'><strong>ollicina,</strong></span> <span class='ocrx_word' id='word_1_57' title='bbox 917 981 1038 1036; x_wconf 86' lang='lat' dir='ltr'><strong>sine</strong></span> <span class='ocrx_word' id='word_1_58' title='bbox 1069 997 1178 1052; x_wconf 92' lang='lat' dir='ltr'><strong>quo</strong></span> <span class='ocrx_word' id='word_1_59' title='bbox 1226 983 1340 1038; x_wconf 83' lang='lat' dir='ltr'><strong>ﬁeri</strong></span> <span class='ocrx_word' id='word_1_60' title='bbox 1372 986 1583 1055; x_wconf 79' lang='lat' dir='ltr'><strong>nequit,</strong></span> <span class='ocrx_word' id='word_1_61' title='bbox 1612 993 1674 1040; x_wconf 88' lang='lat' dir='ltr'><strong>ut</strong></span> <span class='ocrx_word' id='word_1_62' title='bbox 1718 989 2002 1057; x_wconf 84' lang='lat' dir='ltr'><strong>sanguinis</strong></span> 
     </span>
    </p>
   </div>
   <div class='ocr_carea' id='block_1_11' title="bbox 423 1071 2001 1148">
    <p class='ocr_par' dir='ltr' id='par_1_11' title="bbox 423 1071 2001 1148">
     <span class='ocr_line' id='line_1_11' title="bbox 423 1071 2001 1148; baseline 0.008 -29"><span class='ocrx_word' id='word_1_63' title='bbox 423 1079 618 1123; x_wconf 75' lang='lat' dir='ltr'><strong>natura</strong></span> <span class='ocrx_word' id='word_1_64' title='bbox 663 1072 952 1126; x_wconf 88' lang='lat' dir='ltr'><strong>subsistat.</strong></span> <span class='ocrx_word' id='word_1_65' title='bbox 989 1071 1045 1126; x_wconf 92' lang='lat' dir='ltr'><strong>Si</strong></span> <span class='ocrx_word' id='word_1_66' title='bbox 1083 1074 1250 1143; x_wconf 78' lang='lat' dir='ltr'><strong>igitur</strong></span> <span class='ocrx_word' id='word_1_67' title='bbox 1288 1091 1352 1129; x_wconf 82' lang='lat' dir='ltr'><strong>ex</strong></span> <span class='ocrx_word' id='word_1_68' title='bbox 1395 1077 1590 1146; x_wconf 85' lang='lat' dir='ltr'><strong>hepate</strong></span> <span class='ocrx_word' id='word_1_69' title='bbox 1618 1079 1840 1147; x_wconf 78' lang='lat' dir='ltr'><strong>sanguis</strong></span> <span class='ocrx_word' id='word_1_70' title='bbox 1871 1094 2001 1148; x_wconf 86' lang='lat' dir='ltr'><strong>pro-</strong></span> 
     </span>
    </p>
   </div>
   <div class='ocr_carea' id='block_1_12' title="bbox 423 1162 2004 1238">
    <p class='ocr_par' dir='ltr' id='par_1_12' title="bbox 423 1162 2004 1238">
     <span class='ocr_line' id='line_1_12' title="bbox 423 1162 2004 1238; baseline 0.006 -25"><span class='ocrx_word' id='word_1_71' title='bbox 423 1162 562 1222; x_wconf 77' lang='lat' dir='ltr'><strong>ﬂuit,</strong></span> <span class='ocrx_word' id='word_1_72' title='bbox 613 1163 780 1231; x_wconf 90' lang='lat' dir='ltr'><strong>hepar</strong></span> <span class='ocrx_word' id='word_1_73' title='bbox 813 1173 994 1217; x_wconf 91' lang='lat' dir='ltr'><strong>autem</strong></span> <span class='ocrx_word' id='word_1_74' title='bbox 1051 1165 1194 1220; x_wconf 87' lang='lat' dir='ltr'><strong>inter</strong></span> <span class='ocrx_word' id='word_1_75' title='bbox 1227 1167 1555 1237; x_wconf 88' lang='lat' dir='ltr'><strong>cenotapbia</strong></span> <span class='ocrx_word' id='word_1_76' title='bbox 1602 1169 1898 1238; x_wconf 80' lang='lat' dir='ltr'><strong>reperitur,</strong></span> <span class='ocrx_word' id='word_1_77' title='bbox 1946 1171 2004 1222; x_wconf 88' lang='lat' dir='ltr'><strong>lit</strong></span> 
     </span>
    </p>
   </div>
   <div class='ocr_carea' id='block_1_13' title="bbox 425 1256 2002 1331">
    <p class='ocr_par' dir='ltr' id='par_1_13' title="bbox 425 1256 2002 1331">
     <span class='ocr_line' id='line_1_13' title="bbox 425 1256 2002 1331; baseline 0.005 -26"><span class='ocrx_word' id='word_1_78' title='bbox 425 1266 480 1305; x_wconf 86' lang='grc' dir='ltr'><strong>ιιι</strong></span> <span class='ocrx_word' id='word_1_79' title='bbox 511 1269 687 1321; x_wconf 82' lang='lat' dir='ltr'><strong>neque</strong></span> <span class='ocrx_word' id='word_1_80' title='bbox 743 1257 972 1322; x_wconf 83' lang='lat' dir='ltr'><strong>sanguis</strong></span> <span class='ocrx_word' id='word_1_81' title='bbox 1005 1256 1147 1310; x_wconf 85' lang='lat' dir='ltr'><strong>desit</strong></span> <span class='ocrx_word' id='word_1_82' title='bbox 1179 1258 1250 1320; x_wconf 91' lang='lat' dir='ltr'><strong>ei,</strong></span> <span class='ocrx_word' id='word_1_83' title='bbox 1288 1273 1410 1328; x_wconf 86' lang='lat' dir='ltr'><strong>quae</strong></span> <span class='ocrx_word' id='word_1_84' title='bbox 1460 1260 1774 1314; x_wconf 76' lang='lat' dir='ltr'><strong>mortalium</strong></span> <span class='ocrx_word' id='word_1_85' title='bbox 1814 1260 2002 1331; x_wconf 86' lang='lat' dir='ltr'><strong>generi</strong></span> 
     </span>
    </p>
   </div>
   <div class='ocr_carea' id='block_1_14' title="bbox 423 1345 2002 1419">
    <p class='ocr_par' dir='ltr' id='par_1_14' title="bbox 423 1345 2002 1419">
     <span class='ocr_line' id='line_1_14' title="bbox 423 1345 2002 1419; baseline 0.007 -24"><span class='ocrx_word' id='word_1_86' title='bbox 423 1345 666 1406; x_wconf 78' lang='lat' dir='ltr'><strong>obvenit,</strong></span> <span class='ocrx_word' id='word_1_87' title='bbox 699 1346 897 1399; x_wconf 83' lang='lat' dir='ltr'><strong>mortis</strong></span> <span class='ocrx_word' id='word_1_88' title='bbox 933 1346 1340 1416; x_wconf 84' lang='lat' dir='ltr'><strong>proﬂigationi;</strong></span> <span class='ocrx_word' id='word_1_89' title='bbox 1391 1358 1446 1403; x_wconf 88' lang='lat' dir='ltr'><strong>at</strong></span> <span class='ocrx_word' id='word_1_90' title='bbox 1489 1351 1704 1419; x_wconf 86' lang='lat' dir='ltr'><strong>species</strong></span> <span class='ocrx_word' id='word_1_91' title='bbox 1749 1351 2002 1406; x_wconf 87' lang='lat' dir='ltr'><strong>animalis</strong></span> 
     </span>
    </p>
   </div>
   <div class='ocr_carea' id='block_1_15' title="bbox 422 1435 2005 1512">
    <p class='ocr_par' dir='ltr' id='par_1_15' title="bbox 422 1435 2005 1512">
     <span class='ocr_line' id='line_1_15' title="bbox 422 1435 2005 1512; baseline 0.006 -25"><span class='ocrx_word' id='word_1_92' title='bbox 422 1435 606 1502; x_wconf 83' lang='lat' dir='ltr'><strong>hujus,</strong></span> <span class='ocrx_word' id='word_1_93' title='bbox 651 1437 810 1503; x_wconf 90' lang='lat' dir='ltr'><strong>cujus</strong></span> <span class='ocrx_word' id='word_1_94' title='bbox 864 1439 1033 1506; x_wconf 87' lang='lat' dir='ltr'><strong>hepar</strong></span> <span class='ocrx_word' id='word_1_95' title='bbox 1081 1442 1396 1509; x_wconf 90' lang='lat' dir='ltr'><strong>appositum</strong></span> <span class='ocrx_word' id='word_1_96' title='bbox 1451 1443 1576 1508; x_wconf 81' lang='lat' dir='ltr'><strong>fuit,</strong></span> <span class='ocrx_word' id='word_1_97' title='bbox 1629 1441 1886 1512; x_wconf 86' lang='lat' dir='ltr'><strong>deputata</strong></span> <span class='ocrx_word' id='word_1_98' title='bbox 1919 1450 2005 1496; x_wconf 85' lang='lat' dir='ltr'><strong>est</strong></span> 
     </span>
    </p>
   </div>
   <div class='ocr_carea' id='block_1_16' title="bbox 424 1528 2004 1605">
    <p class='ocr_par' dir='ltr' id='par_1_16' title="bbox 424 1528 2004 1605">
     <span class='ocr_line' id='line_1_16' title="bbox 424 1528 2004 1605; baseline 0.008 -28"><span class='ocrx_word' id='word_1_99' title='bbox 424 1528 832 1596; x_wconf 83' lang='lat' dir='ltr'><strong>propitiatoriis</strong></span> <span class='ocrx_word' id='word_1_100' title='bbox 866 1531 1157 1588; x_wconf 85' lang='lat' dir='ltr'><strong>sacriﬁciis</strong></span> <span class='ocrx_word' id='word_1_101' title='bbox 1183 1549 1281 1603; x_wconf 90' lang='lat' dir='ltr'><strong>pro</strong></span> <span class='ocrx_word' id='word_1_102' title='bbox 1315 1536 1558 1605; x_wconf 85' lang='lat' dir='ltr'><strong>peccatis</strong></span> <span class='ocrx_word' id='word_1_103' title='bbox 1583 1537 1646 1588; x_wconf 84' lang='lat'><strong>&quot;.</strong></span> <span class='ocrx_word' id='word_1_104' title='bbox 1680 1534 1865 1605; x_wconf 84' lang='lat' dir='ltr'><strong>Neque</strong></span> <span class='ocrx_word' id='word_1_105' title='bbox 1900 1536 2004 1589; x_wconf 92' lang='lat' dir='ltr'><strong>hoc</strong></span> 
     </span>
    </p>
   </div>
   <div class='ocr_carea' id='block_1_17' title="bbox 423 1619 2000 1695">
    <p class='ocr_par' dir='ltr' id='par_1_17' title="bbox 423 1619 2000 1695">
     <span class='ocr_line' id='line_1_17' title="bbox 423 1619 2000 1695; baseline 0.005 -23"><span class='ocrx_word' id='word_1_106' title='bbox 423 1619 624 1681; x_wconf 90' lang='lat' dir='ltr'><strong>solum,</strong></span> <span class='ocrx_word' id='word_1_107' title='bbox 655 1621 749 1674; x_wconf 92' lang='lat' dir='ltr'><strong>sed</strong></span> <span class='ocrx_word' id='word_1_108' title='bbox 781 1635 848 1675; x_wconf 82' lang='lat' dir='ltr'><strong>ex</strong></span> <span class='ocrx_word' id='word_1_109' title='bbox 875 1622 1067 1677; x_wconf 89' lang='lat' dir='ltr'><strong>eodem</strong></span> <span class='ocrx_word' id='word_1_110' title='bbox 1108 1641 1306 1695; x_wconf 83' lang='lat' dir='ltr'><strong>genere</strong></span> <span class='ocrx_word' id='word_1_111' title='bbox 1350 1627 1417 1681; x_wconf 92' lang='lat' dir='ltr'><strong>ad</strong></span> <span class='ocrx_word' id='word_1_112' title='bbox 1457 1626 1671 1684; x_wconf 86' lang='lat' dir='ltr'><strong>Pascha</strong></span> <span class='ocrx_word' id='word_1_113' title='bbox 1712 1627 2000 1682; x_wconf 84' lang='lat' dir='ltr'><strong>celebran-</strong></span> 
     </span>
    </p>
   </div>
   <div class='ocr_carea' id='block_1_18' title="bbox 423 1708 2000 1789">
    <p class='ocr_par' dir='ltr' id='par_1_18' title="bbox 423 1708 2000 1789">
     <span class='ocr_line' id='line_1_18' title="bbox 423 1708 2000 1789; baseline 0.006 -27"><span class='ocrx_word' id='word_1_114' title='bbox 423 1708 582 1774; x_wconf 90' lang='lat' dir='ltr'><strong>dum,</strong></span> <span class='ocrx_word' id='word_1_115' title='bbox 618 1712 821 1766; x_wconf 83' lang='lat' dir='ltr'><strong>animal</strong></span> <span class='ocrx_word' id='word_1_116' title='bbox 851 1714 1123 1784; x_wconf 88' lang='lat' dir='ltr'><strong>quoddam</strong></span> <span class='ocrx_word' id='word_1_117' title='bbox 1159 1718 1433 1787; x_wconf 85' lang='lat' dir='ltr'><strong>seligitur,</strong></span> <span class='ocrx_word' id='word_1_118' title='bbox 1478 1719 1735 1789; x_wconf 90' lang='lat' dir='ltr'><strong>idemque</strong></span> <span class='ocrx_word' id='word_1_119' title='bbox 1776 1719 2000 1782; x_wconf 80' lang='lat' dir='ltr'><strong>animal,</strong></span> 
     </span>
    </p>
   </div>
   <div class='ocr_carea' id='block_1_19' title="bbox 426 1800 1998 1878">
    <p class='ocr_par' dir='ltr' id='par_1_19' title="bbox 426 1800 1998 1878">
     <span class='ocr_line' id='line_1_19' title="bbox 426 1800 1998 1878; baseline 0.004 -24"><span class='ocrx_word' id='word_1_120' title='bbox 426 1801 506 1854; x_wconf 90' lang='lat' dir='ltr'><strong>ait</strong></span> <span class='ocrx_word' id='word_1_121' title='bbox 546 1800 746 1866; x_wconf 84' lang='lat' dir='ltr'><strong>Moses,</strong></span> <span class='ocrx_word' id='word_1_122' title='bbox 783 1805 1099 1860; x_wconf 82' lang='lat' dir='ltr'><strong>auferendis</strong></span> <span class='ocrx_word' id='word_1_123' title='bbox 1129 1808 1316 1877; x_wconf 87' lang='lat' dir='ltr'><strong>populi</strong></span> <span class='ocrx_word' id='word_1_124' title='bbox 1361 1809 1603 1878; x_wconf 89' lang='lat' dir='ltr'><strong>peccatis</strong></span> <span class='ocrx_word' id='word_1_125' title='bbox 1637 1807 1998 1871; x_wconf 89' lang='lat' dir='ltr'><strong>destinatum,</strong></span> 
     </span>
    </p>
   </div>
   <div class='ocr_carea' id='block_1_20' title="bbox 2102 630 3676 705">
    <p class='ocr_par' dir='ltr' id='par_1_20' title="bbox 2102 630 3676 705">
     <span class='ocr_line' id='line_1_20' title="bbox 2102 630 3676 705; baseline 0.005 -23"><span class='ocrx_word' id='word_1_126' title='bbox 2102 631 2163 683; x_wconf 82' lang='grc' dir='ltr'>τὸ</span> <span class='ocrx_word' id='word_1_127' title='bbox 2188 630 2547 702; x_wconf 88' lang='grc' dir='ltr'>καιριώτατον</span> <span class='ocrx_word' id='word_1_128' title='bbox 2577 631 2682 683; x_wconf 88' lang='grc' dir='ltr'><strong>τῶν</strong></span> <span class='ocrx_word' id='word_1_129' title='bbox 2711 633 2792 693; x_wconf 89' lang='grc' dir='ltr'><strong>εἰς</strong></span> <span class='ocrx_word' id='word_1_130' title='bbox 2823 631 2884 684; x_wconf 83' lang='grc' dir='ltr'><strong>τὸ</strong></span> <span class='ocrx_word' id='word_1_131' title='bbox 2917 633 3213 704; x_wconf 86' lang='grc' dir='ltr'>μυστήριον</span> <span class='ocrx_word' id='word_1_132' title='bbox 3252 635 3583 705; x_wconf 79' lang='grc' dir='ltr'><strong>νοουμένων,</strong></span> <span class='ocrx_word' id='word_1_133' title='bbox 3611 636 3676 690; x_wconf 77' lang='grc' dir='ltr'>δι’</span> 
     </span>
    </p>
   </div>
   <div class='ocr_carea' id='block_1_21' title="bbox 2102 716 3676 795">
    <p class='ocr_par' dir='ltr' id='par_1_21' title="bbox 2102 716 3676 795">
     <span class='ocr_line' id='line_1_21' title="bbox 2102 716 3676 795; baseline 0.003 -21"><span class='ocrx_word' id='word_1_134' title='bbox 2102 716 2164 775; x_wconf 76' lang='grc' dir='ltr'><strong>οὗ</strong></span> <span class='ocrx_word' id='word_1_135' title='bbox 2191 720 2465 794; x_wconf 85' lang='grc' dir='ltr'>ἐλυτρώοη</span> <span class='ocrx_word' id='word_1_136' title='bbox 2476 739 2593 792; x_wconf 88' lang='grc' dir='ltr'>μεν,</span> <span class='ocrx_word' id='word_1_137' title='bbox 2626 721 2686 776; x_wconf 83' lang='grc' dir='ltr'>τὸ</span> <span class='ocrx_word' id='word_1_138' title='bbox 2711 717 2852 792; x_wconf 74' lang='grc' dir='ltr'>αἷμα</span> <span class='ocrx_word' id='word_1_139' title='bbox 2876 721 3040 788; x_wconf 85' lang='grc' dir='ltr'>λέγω,</span> <span class='ocrx_word' id='word_1_140' title='bbox 3064 723 3222 776; x_wconf 89' lang='grc' dir='ltr'>τοῦτο</span> <span class='ocrx_word' id='word_1_141' title='bbox 3245 726 3426 795; x_wconf 78' lang='grc' dir='ltr'><strong>ῥητοῖς</strong></span> <span class='ocrx_word' id='word_1_142' title='bbox 3458 740 3676 779; x_wconf 77' lang='grc' dir='ltr'>κενοτα-</span> 
     </span>
    </p>
   </div>
   <div class='ocr_carea' id='block_1_22' title="bbox 2104 814 3678 887">
    <p class='ocr_par' dir='ltr' id='par_1_22' title="bbox 2104 814 3678 887">
     <span class='ocr_line' id='line_1_22' title="bbox 2104 814 3678 887; baseline 0.004 -21"><span class='ocrx_word' id='word_1_143' title='bbox 2104 814 2248 883; x_wconf 73' lang='grc' dir='ltr'>φίοις</span> <span class='ocrx_word' id='word_1_144' title='bbox 2279 815 2591 886; x_wconf 83' lang='grc' dir='ltr'>εὑρίσκεται</span> <span class='ocrx_word' id='word_1_145' title='bbox 2619 831 2632 844; x_wconf 90' lang='grc'><strong>·</strong></span> <span class='ocrx_word' id='word_1_146' title='bbox 2696 815 2856 885; x_wconf 86' lang='grc' dir='ltr'>μόνον</span> <span class='ocrx_word' id='word_1_147' title='bbox 2891 815 2997 886; x_wconf 84' lang='grc' dir='ltr'><strong>γὰρ</strong></span> <span class='ocrx_word' id='word_1_148' title='bbox 3031 817 3089 869; x_wconf 87' lang='grc' dir='ltr'><strong>ἐν</strong></span> <span class='ocrx_word' id='word_1_149' title='bbox 3120 819 3234 880; x_wconf 79' lang='grc' dir='ltr'>τοῖς</span> <span class='ocrx_word' id='word_1_150' title='bbox 3264 818 3595 887; x_wconf 79' lang='grc' dir='ltr'><strong>σπλάγχνοις</strong></span> <span class='ocrx_word' id='word_1_151' title='bbox 3623 821 3678 872; x_wconf 80' lang='grc' dir='ltr'><strong>τὸ</strong></span> 
     </span>
    </p>
   </div>
   <div class='ocr_carea' id='block_1_23' title="bbox 2101 903 3676 979">
    <p class='ocr_par' dir='ltr' id='par_1_23' title="bbox 2101 903 3676 979">
     <span class='ocr_line' id='line_1_23' title="bbox 2101 903 3676 979; baseline 0.002 -20"><span class='ocrx_word' id='word_1_152' title='bbox 2101 903 2254 978; x_wconf 81' lang='grc' dir='ltr'>ἧπαρ</span> <span class='ocrx_word' id='word_1_153' title='bbox 2308 905 2538 975; x_wconf 77' lang='grc' dir='ltr'>αἵματός</span> <span class='ocrx_word' id='word_1_154' title='bbox 2583 907 2700 958; x_wconf 90' lang='grc' dir='ltr'>ἐστι</span> <span class='ocrx_word' id='word_1_155' title='bbox 2738 907 2889 976; x_wconf 85' lang='grc' dir='ltr'>πηγή</span> <span class='ocrx_word' id='word_1_156' title='bbox 2939 923 2999 960; x_wconf 84' lang='grc' dir='ltr'><strong>τε</strong></span> <span class='ocrx_word' id='word_1_157' title='bbox 3049 908 3143 961; x_wconf 75' lang='grc' dir='ltr'>καὶ</span> <span class='ocrx_word' id='word_1_158' title='bbox 3195 909 3583 979; x_wconf 83' lang='grc' dir='ltr'>ἐργαστήριον,</span> <span class='ocrx_word' id='word_1_159' title='bbox 3621 903 3676 962; x_wconf 79' lang='grc' dir='ltr'><strong>οῦ</strong></span> 
     </span>
    </p>
   </div>
   <div class='ocr_carea' id='block_1_24' title="bbox 2103 997 3678 1071">
    <p class='ocr_par' dir='ltr' id='par_1_24' title="bbox 2103 997 3678 1071">
     <span class='ocr_line' id='line_1_24' title="bbox 2103 997 3678 1071; baseline 0.001 -19"><span class='ocrx_word' id='word_1_160' title='bbox 2103 1000 2271 1071; x_wconf 68' lang='grc' dir='ltr'>χωρὶς</span> <span class='ocrx_word' id='word_1_161' title='bbox 2303 997 2564 1050; x_wconf 83' lang='grc' dir='ltr'>ἀδύνατόν</span> <span class='ocrx_word' id='word_1_162' title='bbox 2595 999 2711 1049; x_wconf 90' lang='grc' dir='ltr'>ἐστι</span> <span class='ocrx_word' id='word_1_163' title='bbox 2748 997 3007 1066; x_wconf 81' lang='grc' dir='ltr'>συστῆναι</span> <span class='ocrx_word' id='word_1_164' title='bbox 3053 998 3150 1068; x_wconf 80' lang='grc' dir='ltr'><strong>τὴν</strong></span> <span class='ocrx_word' id='word_1_165' title='bbox 3185 999 3347 1068; x_wconf 79' lang='grc' dir='ltr'>φύσιν</span> <span class='ocrx_word' id='word_1_166' title='bbox 3379 999 3477 1053; x_wconf 85' lang='grc' dir='ltr'><strong>τοῦ</strong></span> <span class='ocrx_word' id='word_1_167' title='bbox 3519 1000 3678 1069; x_wconf 75' lang='grc' dir='ltr'>αἵμα-</span> 
     </span>
    </p>
   </div>
   <div class='ocr_carea' id='block_1_25' title="bbox 2101 1082 3676 1158">
    <p class='ocr_par' dir='ltr' id='par_1_25' title="bbox 2101 1082 3676 1158">
     <span class='ocr_line' id='line_1_25' title="bbox 2101 1082 3676 1158; baseline 0.001 -15"><span class='ocrx_word' id='word_1_168' title='bbox 2101 1106 2214 1152; x_wconf 89' lang='grc' dir='ltr'>τος.</span> <span class='ocrx_word' id='word_1_169' title='bbox 2246 1089 2308 1140; x_wconf 73' lang='lat' dir='ltr'><strong>Et</strong></span> <span class='ocrx_word' id='word_1_170' title='bbox 2337 1083 2428 1140; x_wconf 79' lang='grc' dir='ltr'>οὖν</span> <span class='ocrx_word' id='word_1_171' title='bbox 2459 1088 2523 1140; x_wconf 87' lang='grc' dir='ltr'><strong>ἐκ</strong></span> <span class='ocrx_word' id='word_1_172' title='bbox 2553 1085 2647 1138; x_wconf 88' lang='grc' dir='ltr'><strong>τοῦ</strong></span> <span class='ocrx_word' id='word_1_173' title='bbox 2681 1086 2890 1156; x_wconf 77' lang='grc' dir='ltr'>ἥπατος</span> <span class='ocrx_word' id='word_1_174' title='bbox 2927 1087 2989 1140; x_wconf 84' lang='grc' dir='ltr'>τὺ</span> <span class='ocrx_word' id='word_1_175' title='bbox 3019 1082 3178 1158; x_wconf 72' lang='grc' dir='ltr'>αἷμα,</span> <span class='ocrx_word' id='word_1_176' title='bbox 3209 1091 3267 1142; x_wconf 90' lang='grc' dir='ltr'><strong>ἐν</strong></span> <span class='ocrx_word' id='word_1_177' title='bbox 3296 1090 3354 1142; x_wconf 84' lang='grc' dir='ltr'>δὲ</span> <span class='ocrx_word' id='word_1_178' title='bbox 3383 1093 3502 1152; x_wconf 78' lang='grc' dir='ltr'>τοῖς</span> <span class='ocrx_word' id='word_1_179' title='bbox 3531 1108 3676 1144; x_wconf 86' lang='grc' dir='ltr'>κενο-</span> 
     </span>
    </p>
   </div>
   <div class='ocr_carea' id='block_1_26' title="bbox 2103 1172 3676 1250">
    <p class='ocr_par' dir='ltr' id='par_1_26' title="bbox 2103 1172 3676 1250">
     <span class='ocr_line' id='line_1_26' title="bbox 2103 1172 3676 1250; baseline 0.001 -18"><span class='ocrx_word' id='word_1_180' title='bbox 2103 1177 2314 1246; x_wconf 84' lang='grc' dir='ltr'>ταφίοις</span> <span class='ocrx_word' id='word_1_181' title='bbox 2347 1176 2406 1230; x_wconf 79' lang='grc' dir='ltr'><strong>τὸ</strong></span> <span class='ocrx_word' id='word_1_182' title='bbox 2455 1172 2642 1248; x_wconf 81' lang='grc' dir='ltr'>ἧπαρ,</span> <span class='ocrx_word' id='word_1_183' title='bbox 2673 1178 2795 1230; x_wconf 76' lang='grc' dir='ltr'>οὐδέ</span> <span class='ocrx_word' id='word_1_184' title='bbox 2823 1179 2884 1230; x_wconf 74' lang='grc' dir='ltr'>τὸ</span> <span class='ocrx_word' id='word_1_185' title='bbox 2913 1174 3051 1249; x_wconf 73' lang='grc' dir='ltr'>αἷμα</span> <span class='ocrx_word' id='word_1_186' title='bbox 3079 1179 3256 1232; x_wconf 81' lang='grc' dir='ltr'>λείπει</span> <span class='ocrx_word' id='word_1_187' title='bbox 3287 1179 3363 1250; x_wconf 82' lang='grc' dir='ltr'><strong>τῷ</strong></span> <span class='ocrx_word' id='word_1_188' title='bbox 3398 1181 3676 1250; x_wconf 80' lang='grc' dir='ltr'><strong>γενομένῳ</strong></span> 
     </span>
    </p>
   </div>
   <div class='ocr_carea' id='block_1_27' title="bbox 2103 1266 3673 1341">
    <p class='ocr_par' dir='ltr' id='par_1_27' title="bbox 2103 1266 3673 1341">
     <span class='ocr_line' id='line_1_27' title="bbox 2103 1266 3673 1341; baseline 0.002 -19"><span class='ocrx_word' id='word_1_189' title='bbox 2103 1269 2168 1337; x_wconf 81' lang='grc' dir='ltr'><strong>τῇ</strong></span> <span class='ocrx_word' id='word_1_190' title='bbox 2202 1268 2362 1337; x_wconf 82' lang='grc' dir='ltr'>φύσει</span> <span class='ocrx_word' id='word_1_191' title='bbox 2392 1267 2499 1322; x_wconf 91' lang='grc' dir='ltr'><strong>τῶν</strong></span> <span class='ocrx_word' id='word_1_192' title='bbox 2527 1266 2829 1338; x_wconf 88' lang='grc' dir='ltr'>ἀνθρώπων</span> <span class='ocrx_word' id='word_1_193' title='bbox 2852 1270 3285 1341; x_wconf 81' lang='grc' dir='ltr'>ἀποτροπιασμῷ</span> <span class='ocrx_word' id='word_1_194' title='bbox 3305 1271 3673 1325; x_wconf 53' lang='grc' dir='ltr'>τοῦμθανάτου·</span> 
     </span>
    </p>
   </div>
   <div class='ocr_carea' id='block_1_28' title="bbox 2102 1355 3674 1434">
    <p class='ocr_par' dir='ltr' id='par_1_28' title="bbox 2102 1355 3674 1434">
     <span class='ocr_line' id='line_1_28' title="bbox 2102 1355 3674 1434; baseline 0.001 -22"><span class='ocrx_word' id='word_1_195' title='bbox 2102 1361 2164 1412; x_wconf 85' lang='grc' dir='ltr'><strong>τὸ</strong></span> <span class='ocrx_word' id='word_1_196' title='bbox 2200 1360 2256 1412; x_wconf 82' lang='grc' dir='ltr'>δὲ</span> <span class='ocrx_word' id='word_1_197' title='bbox 2298 1359 2464 1426; x_wconf 85' lang='grc' dir='ltr'>γένος</span> <span class='ocrx_word' id='word_1_198' title='bbox 2502 1358 2596 1412; x_wconf 88' lang='grc' dir='ltr'><strong>τοῦ</strong></span> <span class='ocrx_word' id='word_1_199' title='bbox 2632 1356 2771 1421; x_wconf 80' lang='grc' dir='ltr'>ζώου</span> <span class='ocrx_word' id='word_1_200' title='bbox 2797 1359 3008 1426; x_wconf 81' lang='grc' dir='ltr'>τούτου,</span> <span class='ocrx_word' id='word_1_201' title='bbox 3046 1355 3108 1414; x_wconf 79' lang='grc' dir='ltr'><strong>οὗ</strong></span> <span class='ocrx_word' id='word_1_202' title='bbox 3143 1362 3206 1414; x_wconf 83' lang='grc' dir='ltr'><strong>τὸ</strong></span> <span class='ocrx_word' id='word_1_203' title='bbox 3238 1358 3390 1434; x_wconf 77' lang='grc' dir='ltr'>ἧπαρ</span> <span class='ocrx_word' id='word_1_204' title='bbox 3445 1362 3674 1433; x_wconf 77' lang='grc' dir='ltr'>ἐλήφθη,</span> 
     </span>
    </p>
   </div>
   <div class='ocr_carea' id='block_1_29' title="bbox 2103 1450 3676 1523">
    <p class='ocr_par' dir='ltr' id='par_1_29' title="bbox 2103 1450 3676 1523">
     <span class='ocr_line' id='line_1_29' title="bbox 2103 1450 3676 1523; baseline 0.003 -19"><span class='ocrx_word' id='word_1_205' title='bbox 2103 1453 2225 1514; x_wconf 87' lang='grc' dir='ltr'>ταῖς</span> <span class='ocrx_word' id='word_1_206' title='bbox 2267 1451 2574 1513; x_wconf 82' lang='grc' dir='ltr'>ίλεωτικαῖς</span> <span class='ocrx_word' id='word_1_207' title='bbox 2611 1451 2752 1522; x_wconf 84' lang='grc' dir='ltr'>ὑπὲρ</span> <span class='ocrx_word' id='word_1_208' title='bbox 2777 1450 2886 1504; x_wconf 89' lang='grc' dir='ltr'><strong>τῶν</strong></span> <span class='ocrx_word' id='word_1_209' title='bbox 2919 1453 3205 1523; x_wconf 85' lang='grc' dir='ltr'>ἁμαρτιῶν</span> <span class='ocrx_word' id='word_1_210' title='bbox 3232 1453 3443 1518; x_wconf 88' lang='grc' dir='ltr'>θυσίαις</span> <span class='ocrx_word' id='word_1_211' title='bbox 3486 1457 3676 1509; x_wconf 80' lang='grc' dir='ltr'>ἀποτε-</span> 
     </span>
    </p>
   </div>
   <div class='ocr_carea' id='block_1_30' title="bbox 2102 1538 3676 1609">
    <p class='ocr_par' dir='ltr' id='par_1_30' title="bbox 2102 1538 3676 1609">
     <span class='ocr_line' id='line_1_30' title="bbox 2102 1538 3676 1609; baseline 0.001 -17"><span class='ocrx_word' id='word_1_212' title='bbox 2102 1538 2370 1608; x_wconf 85' lang='grc' dir='ltr'>ταγμένον</span> <span class='ocrx_word' id='word_1_213' title='bbox 2398 1538 2581 1591; x_wconf 85' lang='grc' dir='ltr'>ἐστίν.-</span> <span class='ocrx_word' id='word_1_214' title='bbox 2605 1540 2680 1592; x_wconf 86' lang='grc' dir='ltr'><strong>Οὐ</strong></span> <span class='ocrx_word' id='word_1_215' title='bbox 2713 1539 2872 1609; x_wconf 87' lang='grc' dir='ltr'>μόνον</span> <span class='ocrx_word' id='word_1_216' title='bbox 2901 1539 2960 1592; x_wconf 83' lang='grc' dir='ltr'>δὲ</span> <span class='ocrx_word' id='word_1_217' title='bbox 2983 1539 3161 1605; x_wconf 89' lang='grc' dir='ltr'>τοῦτο,</span> <span class='ocrx_word' id='word_1_218' title='bbox 3196 1539 3332 1593; x_wconf 80' lang='grc' dir='ltr'>ἀλλὰ</span> <span class='ocrx_word' id='word_1_219' title='bbox 3367 1543 3464 1594; x_wconf 74' lang='grc' dir='ltr'>καὶ</span> <span class='ocrx_word' id='word_1_220' title='bbox 3496 1544 3561 1594; x_wconf 84' lang='grc' dir='ltr'><strong>ἐκ</strong></span> <span class='ocrx_word' id='word_1_221' title='bbox 3589 1543 3676 1594; x_wconf 86' lang='grc' dir='ltr'><strong>τοῦ</strong></span> 
     </span>
    </p>
   </div>
   <div class='ocr_carea' id='block_1_31' title="bbox 2102 1625 3674 1699">
    <p class='ocr_par' dir='ltr' id='par_1_31' title="bbox 2102 1625 3674 1699">
     <span class='ocr_line' id='line_1_31' title="bbox 2102 1625 3674 1699; baseline 0.001 -19"><span class='ocrx_word' id='word_1_222' title='bbox 2102 1625 2266 1680; x_wconf 80' lang='grc' dir='ltr'>αὐτοῦ</span> <span class='ocrx_word' id='word_1_223' title='bbox 2313 1626 2504 1693; x_wconf 88' lang='grc' dir='ltr'>γένους</span> <span class='ocrx_word' id='word_1_224' title='bbox 2552 1627 2648 1679; x_wconf 66' lang='grc' dir='ltr'>καὶ</span> <span class='ocrx_word' id='word_1_225' title='bbox 2695 1629 2774 1690; x_wconf 87' lang='grc' dir='ltr'><strong>είς</strong></span> <span class='ocrx_word' id='word_1_226' title='bbox 2807 1627 2870 1680; x_wconf 85' lang='grc' dir='ltr'><strong>τὸ</strong></span> <span class='ocrx_word' id='word_1_227' title='bbox 2921 1627 3108 1698; x_wconf 83' lang='grc' dir='ltr'><strong>πάσχα</strong></span> <span class='ocrx_word' id='word_1_228' title='bbox 3153 1629 3674 1699; x_wconf 72' lang='grc' dir='ltr'>παραλαμϐάνεται·</span> 
     </span>
    </p>
   </div>
   <div class='ocr_carea' id='block_1_32' title="bbox 2104 1711 3678 1794">
    <p class='ocr_par' dir='ltr' id='par_1_32' title="bbox 2104 1711 3678 1794">
     <span class='ocr_line' id='line_1_32' title="bbox 2104 1711 3678 1794; baseline 0.003 -27"><span class='ocrx_word' id='word_1_229' title='bbox 2104 1716 2200 1794; x_wconf 69' lang='grc' dir='ltr'>καὶ</span> <span class='ocrx_word' id='word_1_230' title='bbox 2231 1711 2650 1786; x_wconf 84' lang='grc' dir='ltr'>ἀποπεμπτικὸν</span> <span class='ocrx_word' id='word_1_231' title='bbox 2686 1715 2786 1786; x_wconf 84' lang='grc' dir='ltr'><strong>τῆς</strong></span> <span class='ocrx_word' id='word_1_232' title='bbox 2817 1715 2912 1769; x_wconf 92' lang='grc' dir='ltr'><strong>τοῦ</strong></span> <span class='ocrx_word' id='word_1_233' title='bbox 2955 1715 3084 1769; x_wconf 91' lang='grc' dir='ltr'>λαοῦ</span> <span class='ocrx_word' id='word_1_234' title='bbox 3117 1718 3394 1788; x_wconf 83' lang='grc' dir='ltr'>ἁμαρτίας</span> <span class='ocrx_word' id='word_1_235' title='bbox 3441 1720 3508 1771; x_wconf 82' lang='grc' dir='ltr'>τὸ</span> <span class='ocrx_word' id='word_1_236' title='bbox 3546 1719 3678 1783; x_wconf 79' lang='grc' dir='ltr'>ζῶον</span> 
     </span>
    </p>
   </div>
   <div class='ocr_carea' id='block_1_33' title="bbox 2103 1805 3678 1878">
    <p class='ocr_par' dir='ltr' id='par_1_33' title="bbox 2103 1805 3678 1878">
     <span class='ocr_line' id='line_1_33' title="bbox 2103 1805 3678 1878; baseline 0.002 -19"><span class='ocrx_word' id='word_1_237' title='bbox 2103 1806 2262 1860; x_wconf 89' lang='grc' dir='ltr'>τοῦτό</span> <span class='ocrx_word' id='word_1_238' title='bbox 2287 1823 2420 1876; x_wconf 83' lang='grc' dir='ltr'>φησι</span> <span class='ocrx_word' id='word_1_239' title='bbox 2453 1809 2563 1859; x_wconf 85' lang='grc' dir='ltr'>δεῖν</span> <span class='ocrx_word' id='word_1_240' title='bbox 2585 1809 2614 1860; x_wconf 84' lang='grc' dir='ltr'>ὁ</span> <span class='ocrx_word' id='word_1_241' title='bbox 2645 1805 2883 1876; x_wconf 86' lang='grc' dir='ltr'>Μωῡσῆς</span> <span class='ocrx_word' id='word_1_242' title='bbox 2915 1808 3220 1861; x_wconf 84' lang='grc' dir='ltr'>ποιεῖσθαι·</span> <span class='ocrx_word' id='word_1_243' title='bbox 3251 1808 3342 1861; x_wconf 84' lang='grc' dir='ltr'>ὅτε</span> <span class='ocrx_word' id='word_1_244' title='bbox 3377 1810 3458 1872; x_wconf 79' lang='grc' dir='ltr'><strong>είς</strong></span> <span class='ocrx_word' id='word_1_245' title='bbox 3489 1809 3678 1878; x_wconf 82' lang='grc' dir='ltr'>διπλῆν</span> 
     </span>
    </p>
   </div>
   <div class='ocr_carea' id='block_1_34' title="bbox 425 1877 2007 1969">
    <p class='ocr_par' dir='ltr' id='par_1_34' title="bbox 425 1877 2002 1962">
     <span class='ocr_line' id='line_1_34' title="bbox 425 1877 2002 1962; baseline 0.004 -14"><span class='ocrx_word' id='word_1_246' title='bbox 425 1893 632 1962; x_wconf 88' lang='lat' dir='ltr'><strong>duplici</strong></span> <span class='ocrx_word' id='word_1_247' title='bbox 673 1898 876 1951; x_wconf 87' lang='lat' dir='ltr'><strong>actioni</strong></span> <span class='ocrx_word' id='word_1_248' title='bbox 927 1900 1146 1954; x_wconf 88' lang='lat' dir='ltr'><strong>servit:</strong></span> <span class='ocrx_word' id='word_1_249' title='bbox 1182 1877 1399 1956; x_wconf 77' lang='lat' dir='ltr'><strong>duobus</strong></span> <span class='ocrx_word' id='word_1_250' title='bbox 1450 1902 1598 1956; x_wconf 89' lang='lat' dir='ltr'><strong>enim</strong></span> <span class='ocrx_word' id='word_1_251' title='bbox 1641 1901 1817 1956; x_wconf 85' lang='lat' dir='ltr'><strong>hircis</strong></span> <span class='ocrx_word' id='word_1_252' title='bbox 1849 1909 2002 1956; x_wconf 84' lang='lat' dir='ltr'><strong>sorte</strong></span> 
     </span>
    </p>
   </div>
   <div class='ocr_carea' id='block_1_35' title="bbox 2111 1877 3750 1969">
    <p class='ocr_par' dir='ltr' id='par_1_35' title="bbox 2111 1895 3750 1969">
     <span class='ocr_line' id='line_1_35' title="bbox 2111 1895 3750 1969; baseline 0.001 -20"><span class='ocrx_word' id='word_1_253' title='bbox 2111 1897 2389 1968; x_wconf 77' lang='grc' dir='ltr'>ἐνέργειαν</span> <span class='ocrx_word' id='word_1_254' title='bbox 2426 1895 2730 1967; x_wconf 77' lang='grc' dir='ltr'><strong>μερίζεται.</strong></span> <span class='ocrx_word' id='word_1_255' title='bbox 2762 1898 2874 1950; x_wconf 76' lang='grc' dir='ltr'><strong>Καὶ</strong></span> <span class='ocrx_word' id='word_1_256' title='bbox 2897 1895 2991 1950; x_wconf 86' lang='grc' dir='ltr'>δύο</span> <span class='ocrx_word' id='word_1_257' title='bbox 3025 1897 3398 1967; x_wconf 84' lang='grc' dir='ltr'><strong>προτεθέντων</strong></span> <span class='ocrx_word' id='word_1_258' title='bbox 3429 1900 3680 1969; x_wconf 82' lang='grc' dir='ltr'><strong>χιμάρων</strong></span> <span class='ocrx_word' id='word_1_259' title='bbox 3743 1905 3750 1914; x_wconf 92' lang='grc'><strong><em>“</em></strong></span> 
     </span>
    </p>
   </div>
   <div class='ocr_carea' id='block_1_36' title="bbox 420 1987 2003 2058">
    <p class='ocr_par' dir='ltr' id='par_1_36' title="bbox 420 1987 2003 2058">
     <span class='ocr_line' id='line_1_36' title="bbox 420 1987 2003 2058; baseline 0.004 -20"><span class='ocrx_word' id='word_1_260' title='bbox 420 1987 744 2055; x_wconf 86' lang='lat' dir='ltr'><strong>propositis,</strong></span> <span class='ocrx_word' id='word_1_261' title='bbox 800 1991 939 2045; x_wconf 88' lang='lat' dir='ltr'><strong>alter</strong></span> <span class='ocrx_word' id='word_1_262' title='bbox 986 1989 1098 2045; x_wconf 91' lang='lat' dir='ltr'><strong>Deo</strong></span> <span class='ocrx_word' id='word_1_263' title='bbox 1131 1992 1502 2058; x_wconf 79' lang='lat' dir='ltr'><strong>sacriﬁcatur,</strong></span> <span class='ocrx_word' id='word_1_264' title='bbox 1555 1993 1696 2047; x_wconf 88' lang='lat' dir='ltr'><strong>alter</strong></span> <span class='ocrx_word' id='word_1_265' title='bbox 1726 2006 1832 2046; x_wconf 90' lang='lat' dir='ltr'><strong>una</strong></span> <span class='ocrx_word' id='word_1_266' title='bbox 1877 2005 2003 2045; x_wconf 91' lang='lat' dir='ltr'><strong>cum</strong></span> 
     </span>
    </p>
   </div>
   <div class='ocr_carea' id='block_1_37' title="bbox 421 2077 2005 2152">
    <p class='ocr_par' dir='ltr' id='par_1_37' title="bbox 421 2077 2005 2152">
     <span class='ocr_line' id='line_1_37' title="bbox 421 2077 2005 2152; baseline 0.006 -25"><span class='ocrx_word' id='word_1_267' title='bbox 421 2083 648 2144; x_wconf 88' lang='lat' dir='ltr'><strong>peccato</strong></span> <span class='ocrx_word' id='word_1_268' title='bbox 694 2077 748 2130; x_wconf 94' lang='lat' dir='ltr'><strong>in</strong></span> <span class='ocrx_word' id='word_1_269' title='bbox 793 2079 1146 2134; x_wconf 87' lang='lat' dir='ltr'><strong>solitudinem</strong></span> <span class='ocrx_word' id='word_1_270' title='bbox 1180 2081 1571 2136; x_wconf 80' lang='lat' dir='ltr'><strong>dimittitur&quot;.</strong></span> <span class='ocrx_word' id='word_1_271' title='bbox 1612 2082 1841 2152; x_wconf 87' lang='lat' dir='ltr'><strong>Propter</strong></span> <span class='ocrx_word' id='word_1_272' title='bbox 1887 2081 2005 2136; x_wconf 72' lang='lat' dir='ltr'><strong>hmc</strong></span> 
     </span>
    </p>
   </div>
   <div class='ocr_carea' id='block_1_38' title="bbox 422 2164 2005 2240">
    <p class='ocr_par' dir='ltr' id='par_1_38' title="bbox 422 2164 2005 2240">
     <span class='ocr_line' id='line_1_38' title="bbox 422 2164 2005 2240; baseline 0.005 -24"><span class='ocrx_word' id='word_1_273' title='bbox 422 2164 590 2234; x_wconf 87' lang='lat' dir='ltr'><strong>igitur</strong></span> <span class='ocrx_word' id='word_1_274' title='bbox 623 2168 807 2221; x_wconf 88' lang='lat' dir='ltr'><strong>omnia</strong></span> <span class='ocrx_word' id='word_1_275' title='bbox 849 2176 1004 2222; x_wconf 88' lang='lat' dir='ltr'><strong>tanta</strong></span> <span class='ocrx_word' id='word_1_276' title='bbox 1049 2184 1114 2224; x_wconf 91' lang='lat' dir='ltr'><strong>ac</strong></span> <span class='ocrx_word' id='word_1_277' title='bbox 1147 2171 1298 2236; x_wconf 90' lang='lat' dir='ltr'><strong>talia,</strong></span> <span class='ocrx_word' id='word_1_278' title='bbox 1333 2171 1501 2240; x_wconf 88' lang='lat' dir='ltr'><strong>hujus</strong></span> <span class='ocrx_word' id='word_1_279' title='bbox 1540 2171 1795 2227; x_wconf 88' lang='lat' dir='ltr'><strong>animalis</strong></span> <span class='ocrx_word' id='word_1_280' title='bbox 1834 2171 2005 2240; x_wconf 86' lang='lat' dir='ltr'><strong>hepar</strong></span> 
     </span>
    </p>
   </div>
   <div class='ocr_carea' id='block_1_39' title="bbox 423 2257 2004 2334">
    <p class='ocr_par' dir='ltr' id='par_1_39' title="bbox 423 2257 2004 2334">
     <span class='ocr_line' id='line_1_39' title="bbox 423 2257 2004 2334; baseline 0.004 -24"><span class='ocrx_word' id='word_1_281' title='bbox 423 2257 685 2326; x_wconf 79' lang='lat' dir='ltr'><strong>sanguini</strong></span> <span class='ocrx_word' id='word_1_282' title='bbox 726 2260 1089 2328; x_wconf 77' lang='lat' dir='ltr'><strong>signiﬁcando</strong></span> <span class='ocrx_word' id='word_1_283' title='bbox 1129 2273 1470 2333; x_wconf 87' lang='lat' dir='ltr'><strong>assumptum</strong></span> <span class='ocrx_word' id='word_1_284' title='bbox 1505 2270 1611 2329; x_wconf 92' lang='lat' dir='ltr'><strong>est,</strong></span> <span class='ocrx_word' id='word_1_285' title='bbox 1649 2278 1759 2334; x_wconf 91' lang='lat' dir='ltr'><strong>quo</strong></span> <span class='ocrx_word' id='word_1_286' title='bbox 1789 2263 1859 2317; x_wconf 87' lang='lat' dir='ltr'><strong>ab</strong></span> <span class='ocrx_word' id='word_1_287' title='bbox 1895 2262 2004 2316; x_wconf 87' lang='lat' dir='ltr'><strong>illis</strong></span> 
     </span>
    </p>
   </div>
   <div class='ocr_carea' id='block_1_40' title="bbox 425 2348 2006 2426">
    <p class='ocr_par' dir='ltr' id='par_1_40' title="bbox 425 2348 2006 2426">
     <span class='ocr_line' id='line_1_40' title="bbox 425 2348 2006 2426; baseline 0.008 -29"><span class='ocrx_word' id='word_1_288' title='bbox 425 2349 520 2416; x_wconf 87' lang='lat' dir='ltr'><strong>qui</strong></span> <span class='ocrx_word' id='word_1_289' title='bbox 551 2348 786 2404; x_wconf 86' lang='lat' dir='ltr'><strong>letaliter</strong></span> <span class='ocrx_word' id='word_1_290' title='bbox 814 2351 1261 2421; x_wconf 85' lang='lat' dir='ltr'><strong>inlirmabantur,</strong></span> <span class='ocrx_word' id='word_1_291' title='bbox 1311 2371 1461 2412; x_wconf 90' lang='lat' dir='ltr'><strong>mors</strong></span> <span class='ocrx_word' id='word_1_292' title='bbox 1491 2355 1720 2426; x_wconf 85' lang='lat' dir='ltr'><strong>depulsa</strong></span> <span class='ocrx_word' id='word_1_293' title='bbox 1768 2355 1874 2409; x_wconf 81' lang='lat' dir='ltr'><strong>fuit</strong></span> <span class='ocrx_word' id='word_1_294' title='bbox 1905 2370 2006 2424; x_wconf 90' lang='lat' dir='ltr'><strong>per</strong></span> 
     </span>
    </p>
   </div>
   <div class='ocr_carea' id='block_1_41' title="bbox 422 2440 2003 2514">
    <p class='ocr_par' dir='ltr' id='par_1_41' title="bbox 422 2440 2003 2514">
     <span class='ocr_line' id='line_1_41' title="bbox 422 2440 2003 2514; baseline 0.004 -23"><span class='ocrx_word' id='word_1_295' title='bbox 422 2441 894 2494; x_wconf 85' lang='lat' dir='ltr'><strong>resurrectionem</strong></span> <span class='ocrx_word' id='word_1_296' title='bbox 932 2440 1148 2496; x_wconf 88' lang='lat' dir='ltr'><strong>Domini</strong></span> <span class='ocrx_word' id='word_1_297' title='bbox 1180 2444 1377 2509; x_wconf 89' lang='lat' dir='ltr'><strong>nostri,</strong></span> <span class='ocrx_word' id='word_1_298' title='bbox 1411 2460 1577 2514; x_wconf 88' lang='lat' dir='ltr'><strong>quam</strong></span> <span class='ocrx_word' id='word_1_299' title='bbox 1613 2445 2003 2513; x_wconf 85' lang='lat' dir='ltr'><strong>cenotaphium</strong></span> 
     </span>
    </p>
   </div>
   <div class='ocr_carea' id='block_1_42' title="bbox 424 2530 2005 2606">
    <p class='ocr_par' dir='ltr' id='par_1_42' title="bbox 424 2530 2005 2606">
     <span class='ocr_line' id='line_1_42' title="bbox 424 2530 2005 2606; baseline 0.004 -22"><span class='ocrx_word' id='word_1_300' title='bbox 424 2530 722 2597; x_wconf 72' lang='lat' dir='ltr'><strong>signiﬁcat.</strong></span> <span class='ocrx_word' id='word_1_301' title='bbox 752 2530 856 2585; x_wconf 86' lang='lat' dir='ltr'><strong>Sed</strong></span> <span class='ocrx_word' id='word_1_302' title='bbox 887 2538 1109 2601; x_wconf 89' lang='lat' dir='ltr'><strong>tempus</strong></span> <span class='ocrx_word' id='word_1_303' title='bbox 1134 2540 1240 2597; x_wconf 84' lang='lat' dir='ltr'><strong>est,</strong></span> <span class='ocrx_word' id='word_1_304' title='bbox 1273 2542 1406 2589; x_wconf 87' lang='lat' dir='ltr'><strong>utet</strong></span> <span class='ocrx_word' id='word_1_305' title='bbox 1441 2535 1768 2590; x_wconf 89' lang='lat' dir='ltr'><strong>sententiam</strong></span> <span class='ocrx_word' id='word_1_306' title='bbox 1807 2537 2005 2606; x_wconf 87' lang='lat' dir='ltr'><strong>psalmi</strong></span> 
     </span>
    </p>
   </div>
   <div class='ocr_carea' id='block_1_43' title="bbox 423 2622 2006 2694">
    <p class='ocr_par' dir='ltr' id='par_1_43' title="bbox 423 2622 2006 2694">
     <span class='ocr_line' id='line_1_43' title="bbox 423 2622 2006 2694; baseline 0.003 -18"><span class='ocrx_word' id='word_1_307' title='bbox 423 2622 665 2678; x_wconf 83' lang='lat' dir='ltr'><strong>breviter</strong></span> <span class='ocrx_word' id='word_1_308' title='bbox 698 2638 1110 2694; x_wconf 88' lang='lat' dir='ltr'><strong>percurramus,</strong></span> <span class='ocrx_word' id='word_1_309' title='bbox 1159 2626 1241 2681; x_wconf 91' lang='lat' dir='ltr'><strong>sic</strong></span> <span class='ocrx_word' id='word_1_310' title='bbox 1276 2641 1399 2681; x_wconf 89' lang='lat' dir='ltr'><strong>sese</strong></span> <span class='ocrx_word' id='word_1_311' title='bbox 1436 2626 1756 2681; x_wconf 80' lang='lat' dir='ltr'><strong>habentem.</strong></span> <span class='ocrx_word' id='word_1_312' title='bbox 1806 2626 2006 2680; x_wconf 80' lang='lat' dir='ltr'><strong>Dividit</strong></span> 
     </span>
    </p>
   </div>
   <div class='ocr_carea' id='block_1_44' title="bbox 421 2709 2006 2786">
    <p class='ocr_par' dir='ltr' id='par_1_44' title="bbox 421 2709 2006 2786">
     <span class='ocr_line' id='line_1_44' title="bbox 421 2709 2006 2786; baseline 0.007 -25"><span class='ocrx_word' id='word_1_313' title='bbox 421 2709 694 2779; x_wconf 87' lang='lat' dir='ltr'><strong>Propheta</strong></span> <span class='ocrx_word' id='word_1_314' title='bbox 763 2713 1100 2782; x_wconf 89' lang='lat' dir='ltr'><strong>orationem;</strong></span> <span class='ocrx_word' id='word_1_315' title='bbox 1159 2730 1284 2769; x_wconf 90' lang='lat' dir='ltr'><strong>nam</strong></span> <span class='ocrx_word' id='word_1_316' title='bbox 1333 2717 1506 2771; x_wconf 89' lang='lat' dir='ltr'><strong>altera</strong></span> <span class='ocrx_word' id='word_1_317' title='bbox 1567 2732 1666 2786; x_wconf 91' lang='lat' dir='ltr'><strong>pro</strong></span> <span class='ocrx_word' id='word_1_318' title='bbox 1723 2717 1884 2772; x_wconf 87' lang='lat' dir='ltr'><strong>nobis</strong></span> <span class='ocrx_word' id='word_1_319' title='bbox 1936 2717 2006 2772; x_wconf 90' lang='lat' dir='ltr'><strong>ad</strong></span> 
     </span>
    </p>
   </div>
   <div class='ocr_carea' id='block_1_45' title="bbox 423 2802 2007 2862">
    <p class='ocr_par' dir='ltr' id='par_1_45' title="bbox 423 2802 2007 2862">
     <span class='ocr_line' id='line_1_45' title="bbox 423 2802 2007 2862; baseline 0.005 -8"><span class='ocrx_word' id='word_1_320' title='bbox 423 2802 591 2856; x_wconf 88' lang='lat' dir='ltr'><strong>Deum</strong></span> <span class='ocrx_word' id='word_1_321' title='bbox 636 2803 948 2859; x_wconf 88' lang='lat' dir='ltr'><strong>instituitur</strong></span> <span class='ocrx_word' id='word_1_322' title='bbox 974 2807 1252 2861; x_wconf 88' lang='lat' dir='ltr'><strong>communi</strong></span> <span class='ocrx_word' id='word_1_323' title='bbox 1283 2809 1531 2862; x_wconf 89' lang='lat' dir='ltr'><strong>omnium</strong></span> <span class='ocrx_word' id='word_1_324' title='bbox 1559 2808 1877 2862; x_wconf 87' lang='lat' dir='ltr'><strong>mortalium</strong></span> <span class='ocrx_word' id='word_1_325' title='bbox 1911 2822 2007 2862; x_wconf 85' lang='lat' dir='ltr'><strong>no-</strong></span> 
     </span>
    </p>
   </div>
   <div class='ocr_carea' id='block_1_46' title="bbox 421 2895 2005 2970">
    <p class='ocr_par' dir='ltr' id='par_1_46' title="bbox 421 2895 2005 2970">
     <span class='ocr_line' id='line_1_46' title="bbox 421 2895 2005 2970; baseline 0.003 -23"><span class='ocrx_word' id='word_1_326' title='bbox 421 2895 598 2960; x_wconf 87' lang='lat' dir='ltr'><strong>mine;</strong></span> <span class='ocrx_word' id='word_1_327' title='bbox 630 2897 802 2949; x_wconf 87' lang='lat' dir='ltr'><strong>altera</strong></span> <span class='ocrx_word' id='word_1_328' title='bbox 844 2897 909 2950; x_wconf 87' lang='lat' dir='ltr'><strong>ad</strong></span> <span class='ocrx_word' id='word_1_329' title='bbox 939 2912 1038 2952; x_wconf 92' lang='lat' dir='ltr'><strong>nos</strong></span> <span class='ocrx_word' id='word_1_330' title='bbox 1072 2897 1334 2969; x_wconf 86' lang='lat' dir='ltr'><strong>dirigitur</strong></span> <span class='ocrx_word' id='word_1_331' title='bbox 1373 2915 1438 2954; x_wconf 85' lang='lat' dir='ltr'><strong>ex</strong></span> <span class='ocrx_word' id='word_1_332' title='bbox 1471 2915 1709 2968; x_wconf 88' lang='lat' dir='ltr'><strong>persona</strong></span> <span class='ocrx_word' id='word_1_333' title='bbox 1733 2900 1877 2970; x_wconf 83' lang='lat' dir='ltr'><strong>ejus,</strong></span> <span class='ocrx_word' id='word_1_334' title='bbox 1911 2898 2005 2969; x_wconf 90' lang='lat' dir='ltr'><strong>qui</strong></span> 
     </span>
    </p>
   </div>
   <div class='ocr_carea' id='block_1_47' title="bbox 421 2985 2004 3060">
    <p class='ocr_par' dir='ltr' id='par_1_47' title="bbox 421 2985 2004 3060">
     <span class='ocr_line' id='line_1_47' title="bbox 421 2985 2004 3060; baseline 0.006 -25"><span class='ocrx_word' id='word_1_335' title='bbox 421 2998 522 3052; x_wconf 92' lang='lat' dir='ltr'><strong>pro</strong></span> <span class='ocrx_word' id='word_1_336' title='bbox 569 2985 729 3038; x_wconf 84' lang='lat' dir='ltr'><strong>nobis</strong></span> <span class='ocrx_word' id='word_1_337' title='bbox 764 2987 950 3042; x_wconf 88' lang='lat' dir='ltr'><strong>varios</strong></span> <span class='ocrx_word' id='word_1_338' title='bbox 997 2987 1278 3042; x_wconf 88' lang='lat' dir='ltr'><strong>cruciatus</strong></span> <span class='ocrx_word' id='word_1_339' title='bbox 1308 2989 1500 3044; x_wconf 91' lang='lat' dir='ltr'><strong>subiit.</strong></span> <span class='ocrx_word' id='word_1_340' title='bbox 1533 2991 1668 3055; x_wconf 64' lang='lat' dir='ltr'><strong>Quae</strong></span> <span class='ocrx_word' id='word_1_341' title='bbox 1713 3005 1846 3060; x_wconf 88' lang='lat' dir='ltr'><strong>ergo</strong></span> <span class='ocrx_word' id='word_1_342' title='bbox 1898 3004 2004 3059; x_wconf 89' lang='lat' dir='ltr'><strong>pro</strong></span> 
     </span>
    </p>
   </div>
   <div class='ocr_carea' id='block_1_48' title="bbox 423 3075 2006 3149">
    <p class='ocr_par' dir='ltr' id='par_1_48' title="bbox 423 3075 2006 3149">
     <span class='ocr_line' id='line_1_48' title="bbox 423 3075 2006 3149; baseline 0.004 -21"><span class='ocrx_word' id='word_1_343' title='bbox 423 3075 603 3139; x_wconf 80' lang='lat' dir='ltr'><strong>nobis,</strong></span> <span class='ocrx_word' id='word_1_344' title='bbox 650 3075 766 3131; x_wconf 77' lang='lat' dir='ltr'><strong>haec</strong></span> <span class='ocrx_word' id='word_1_345' title='bbox 813 3087 988 3132; x_wconf 90' lang='lat' dir='ltr'><strong>sunt:</strong></span> <span class='ocrx_word' id='word_1_346' title='bbox 1029 3097 1048 3129; x_wconf 82' lang='grc' dir='ltr'><strong>ι</strong></span> <span class='ocrx_word' id='word_1_347' title='bbox 1079 3078 1242 3149; x_wconf 85' lang='lat' dir='ltr'><strong>Eripe</strong></span> <span class='ocrx_word' id='word_1_348' title='bbox 1274 3096 1361 3136; x_wconf 90' lang='lat' dir='ltr'><strong>me</strong></span> <span class='ocrx_word' id='word_1_349' title='bbox 1406 3081 1475 3136; x_wconf 88' lang='lat' dir='ltr'><strong>de</strong></span> <span class='ocrx_word' id='word_1_350' title='bbox 1525 3081 1791 3142; x_wconf 86' lang='lat' dir='ltr'><strong>inimicis,</strong></span> <span class='ocrx_word' id='word_1_351' title='bbox 1845 3090 1900 3135; x_wconf 90' lang='lat' dir='ltr'><strong>et</strong></span> <span class='ocrx_word' id='word_1_352' title='bbox 1938 3081 2006 3135; x_wconf 90' lang='lat' dir='ltr'><strong>ab</strong></span> 
     </span>
    </p>
   </div>
   <div class='ocr_carea' id='block_1_49' title="bbox 423 3157 2006 3242">
    <p class='ocr_par' dir='ltr' id='par_1_49' title="bbox 423 3157 2006 3242">
     <span class='ocr_line' id='line_1_49' title="bbox 423 3157 2006 3242; baseline 0.006 -22"><span class='ocrx_word' id='word_1_353' title='bbox 423 3167 842 3237; x_wconf 78' lang='lat' dir='ltr'><strong>insurgentibus</strong></span> <span class='ocrx_word' id='word_1_354' title='bbox 893 3171 946 3223; x_wconf 94' lang='lat' dir='ltr'><strong>in</strong></span> <span class='ocrx_word' id='word_1_355' title='bbox 983 3186 1070 3225; x_wconf 90' lang='lat' dir='ltr'><strong>me</strong></span> <span class='ocrx_word' id='word_1_356' title='bbox 1101 3172 1270 3226; x_wconf 91' lang='lat' dir='ltr'><strong>libera</strong></span> <span class='ocrx_word' id='word_1_357' title='bbox 1311 3187 1419 3239; x_wconf 90' lang='lat' dir='ltr'><strong>me,</strong></span> <span class='ocrx_word' id='word_1_358' title='bbox 1455 3181 1510 3227; x_wconf 88' lang='lat' dir='ltr'><strong>et</strong></span> <span class='ocrx_word' id='word_1_359' title='bbox 1551 3173 1618 3228; x_wconf 91' lang='lat' dir='ltr'><strong>de</strong></span> <span class='ocrx_word' id='word_1_360' title='bbox 1649 3157 2006 3242; x_wconf 84' lang='lat' dir='ltr'><strong>operantibus</strong></span> 
     </span>
    </p>
   </div>
   <div class='ocr_carea' id='block_1_50' title="bbox 424 3258 2009 3335">
    <p class='ocr_par' dir='ltr' id='par_1_50' title="bbox 424 3258 2009 3335">
     <span class='ocr_line' id='line_1_50' title="bbox 424 3258 2009 3335; baseline 0.005 -24"><span class='ocrx_word' id='word_1_361' title='bbox 424 3258 801 3328; x_wconf 87' lang='lat' dir='ltr'><strong>iniquitatem,</strong></span> <span class='ocrx_word' id='word_1_362' title='bbox 842 3270 896 3316; x_wconf 91' lang='lat' dir='ltr'><strong>et</strong></span> <span class='ocrx_word' id='word_1_363' title='bbox 937 3262 1005 3317; x_wconf 89' lang='lat' dir='ltr'><strong>de</strong></span> <span class='ocrx_word' id='word_1_364' title='bbox 1034 3262 1167 3318; x_wconf 91' lang='lat' dir='ltr'><strong>viris</strong></span> <span class='ocrx_word' id='word_1_365' title='bbox 1207 3264 1563 3334; x_wconf 83' lang='lat' dir='ltr'><strong>sanguinum,</strong></span> <span class='ocrx_word' id='word_1_366' title='bbox 1595 3265 1689 3332; x_wconf 86' lang='lat' dir='ltr'><strong>qui</strong></span> <span class='ocrx_word' id='word_1_367' title='bbox 1741 3273 2009 3335; x_wconf 90' lang='lat' dir='ltr'><strong>ceperunt</strong></span> 
     </span>
    </p>
   </div>
   <div class='ocr_carea' id='block_1_51' title="bbox 424 3345 2006 3418">
    <p class='ocr_par' dir='ltr' id='par_1_51' title="bbox 424 3345 2006 3418">
     <span class='ocr_line' id='line_1_51' title="bbox 424 3345 2006 3418; baseline 0.006 -21"><span class='ocrx_word' id='word_1_368' title='bbox 424 3345 666 3399; x_wconf 90' lang='lat' dir='ltr'><strong>animam</strong></span> <span class='ocrx_word' id='word_1_369' title='bbox 704 3362 901 3412; x_wconf 90' lang='lat' dir='ltr'><strong>meam,</strong></span> <span class='ocrx_word' id='word_1_370' title='bbox 935 3367 953 3400; x_wconf 75' lang='grc' dir='ltr'><strong>ι</strong></span> <span class='ocrx_word' id='word_1_371' title='bbox 985 3355 1042 3403; x_wconf 92' lang='lat' dir='ltr'><strong>et</strong></span> <span class='ocrx_word' id='word_1_372' title='bbox 1088 3351 1183 3418; x_wconf 90' lang='lat' dir='ltr'><strong>qui</strong></span> <span class='ocrx_word' id='word_1_373' title='bbox 1231 3351 1286 3404; x_wconf 90' lang='lat' dir='ltr'><strong>in</strong></span> <span class='ocrx_word' id='word_1_374' title='bbox 1328 3366 1415 3406; x_wconf 90' lang='lat' dir='ltr'><strong>me</strong></span> <span class='ocrx_word' id='word_1_375' title='bbox 1455 3350 1669 3406; x_wconf 80' lang='lat' dir='ltr'><strong>fortiter</strong></span> <span class='ocrx_word' id='word_1_376' title='bbox 1705 3355 2006 3417; x_wconf 85' lang='lat' dir='ltr'><strong>irruerunt,</strong></span> 
     </span>
    </p>
   </div>
   <div class='ocr_carea' id='block_1_52' title="bbox 424 3438 2006 3514">
    <p class='ocr_par' dir='ltr' id='par_1_52' title="bbox 424 3438 2006 3514">
     <span class='ocr_line' id='line_1_52' title="bbox 424 3438 2006 3514; baseline 0.006 -23"><span class='ocrx_word' id='word_1_377' title='bbox 424 3438 564 3491; x_wconf 86' lang='lat' dir='ltr'><strong>nihil</strong></span> <span class='ocrx_word' id='word_1_378' title='bbox 608 3440 736 3492; x_wconf 86' lang='lat' dir='ltr'><strong>mali</strong></span> <span class='ocrx_word' id='word_1_379' title='bbox 780 3454 808 3492; x_wconf 91' lang='lat' dir='ltr'><strong>a</strong></span> <span class='ocrx_word' id='word_1_380' title='bbox 856 3441 1019 3496; x_wconf 91' lang='lat' dir='ltr'><strong>nobis</strong></span> <span class='ocrx_word' id='word_1_381' title='bbox 1072 3443 1250 3510; x_wconf 85' lang='lat' dir='ltr'><strong>passi;</strong></span> <span class='ocrx_word' id='word_1_382' title='bbox 1295 3458 1474 3513; x_wconf 90' lang='lat' dir='ltr'><strong>neque</strong></span> <span class='ocrx_word' id='word_1_383' title='bbox 1517 3445 1664 3498; x_wconf 90' lang='lat' dir='ltr'><strong>enim</strong></span> <span class='ocrx_word' id='word_1_384' title='bbox 1704 3444 2006 3514; x_wconf 89' lang='lat' dir='ltr'><strong>quidquam</strong></span> 
     </span>
    </p>
   </div>
   <div class='ocr_carea' id='block_1_53' title="bbox 428 3529 2010 3604">
    <p class='ocr_par' dir='ltr' id='par_1_53' title="bbox 428 3529 2010 3604">
     <span class='ocr_line' id='line_1_53' title="bbox 428 3529 2010 3604; baseline 0.004 -22"><span class='ocrx_word' id='word_1_385' title='bbox 428 3529 485 3582; x_wconf 91' lang='lat' dir='ltr'><strong>in</strong></span> <span class='ocrx_word' id='word_1_386' title='bbox 518 3530 644 3584; x_wconf 91' lang='lat' dir='ltr'><strong>illos</strong></span> <span class='ocrx_word' id='word_1_387' title='bbox 669 3531 888 3594; x_wconf 86' lang='lat' dir='ltr'><strong>admisi,</strong></span> <span class='ocrx_word' id='word_1_388' title='bbox 922 3547 1101 3602; x_wconf 85' lang='lat' dir='ltr'><strong>neque</strong></span> <span class='ocrx_word' id='word_1_389' title='bbox 1133 3532 1398 3601; x_wconf 86' lang='lat' dir='ltr'><strong>iniquitas</strong></span> <span class='ocrx_word' id='word_1_390' title='bbox 1430 3533 1541 3588; x_wconf 89' lang='lat' dir='ltr'><strong>ulla</strong></span> <span class='ocrx_word' id='word_1_391' title='bbox 1577 3548 1607 3586; x_wconf 91' lang='lat' dir='ltr'><strong>a</strong></span> <span class='ocrx_word' id='word_1_392' title='bbox 1649 3549 1734 3588; x_wconf 90' lang='lat' dir='ltr'><strong>me</strong></span> <span class='ocrx_word' id='word_1_393' title='bbox 1768 3535 2010 3604; x_wconf 82' lang='lat' dir='ltr'><strong>profecta</strong></span> 
     </span>
    </p>
   </div>
   <div class='ocr_carea' id='block_1_54' title="bbox 425 3623 2006 3698">
    <p class='ocr_par' dir='ltr' id='par_1_54' title="bbox 425 3623 2006 3698">
     <span class='ocr_line' id='line_1_54' title="bbox 425 3623 2006 3698; baseline 0.003 -22"><span class='ocrx_word' id='word_1_394' title='bbox 425 3629 530 3686; x_wconf 88' lang='lat' dir='ltr'><strong>est,</strong></span> <span class='ocrx_word' id='word_1_395' title='bbox 581 3637 702 3691; x_wconf 67' lang='lat' dir='ltr'><strong>qua:</strong></span> <span class='ocrx_word' id='word_1_396' title='bbox 748 3624 803 3676; x_wconf 91' lang='lat' dir='ltr'><strong>in</strong></span> <span class='ocrx_word' id='word_1_397' title='bbox 853 3623 1112 3678; x_wconf 88' lang='lat' dir='ltr'><strong>damnum</strong></span> <span class='ocrx_word' id='word_1_398' title='bbox 1163 3625 1404 3680; x_wconf 89' lang='lat' dir='ltr'><strong>hostium</strong></span> <span class='ocrx_word' id='word_1_399' title='bbox 1454 3641 1703 3680; x_wconf 89' lang='lat' dir='ltr'><strong>meorum</strong></span> <span class='ocrx_word' id='word_1_400' title='bbox 1739 3635 2006 3698; x_wconf 83' lang='lat' dir='ltr'><strong>vergeret,</strong></span> 
     </span>
    </p>
   </div>
   <div class='ocr_carea' id='block_1_55' title="bbox 426 3716 2012 3785">
    <p class='ocr_par' dir='ltr' id='par_1_55' title="bbox 426 3716 2012 3785">
     <span class='ocr_line' id='line_1_55' title="bbox 426 3716 2012 3785; baseline 0.004 -18"><span class='ocrx_word' id='word_1_401' title='bbox 426 3729 534 3784; x_wconf 90' lang='lat' dir='ltr'><strong>qua</strong></span> <span class='ocrx_word' id='word_1_402' title='bbox 561 3724 767 3777; x_wconf 89' lang='lat' dir='ltr'><strong>tamen,</strong></span> <span class='ocrx_word' id='word_1_403' title='bbox 801 3719 962 3785; x_wconf 88' lang='lat' dir='ltr'><strong>quasi</strong></span> <span class='ocrx_word' id='word_1_404' title='bbox 1003 3716 1186 3771; x_wconf 74' lang='lat' dir='ltr'><strong>allecti</strong></span> <span class='ocrx_word' id='word_1_405' title='bbox 1221 3723 1433 3783; x_wconf 87' lang='lat' dir='ltr'><strong>essent,</strong></span> <span class='ocrx_word' id='word_1_406' title='bbox 1473 3718 1846 3772; x_wconf 89' lang='lat' dir='ltr'><strong>concitantur.</strong></span> <span class='ocrx_word' id='word_1_407' title='bbox 1881 3717 2012 3773; x_wconf 90' lang='lat' dir='ltr'><strong>Sine</strong></span> 
     </span>
    </p>
   </div>
   <div class='ocr_carea' id='block_1_56' title="bbox 427 3807 2012 3880">
    <p class='ocr_par' dir='ltr' id='par_1_56' title="bbox 427 3807 2012 3880">
     <span class='ocr_line' id='line_1_56' title="bbox 427 3807 2012 3880; baseline 0.002 -20"><span class='ocrx_word' id='word_1_408' title='bbox 427 3807 715 3876; x_wconf 80' lang='lat' dir='ltr'><strong>iniquitate</strong></span> <span class='ocrx_word' id='word_1_409' title='bbox 783 3811 945 3864; x_wconf 87' lang='lat' dir='ltr'><strong>nobis</strong></span> <span class='ocrx_word' id='word_1_410' title='bbox 1012 3811 1224 3880; x_wconf 88' lang='lat' dir='ltr'><strong>primus</strong></span> <span class='ocrx_word' id='word_1_411' title='bbox 1277 3825 1478 3866; x_wconf 89' lang='lat' dir='ltr'><strong>cursus</strong></span> <span class='ocrx_word' id='word_1_412' title='bbox 1545 3810 1836 3865; x_wconf 88' lang='lat' dir='ltr'><strong>institutus</strong></span> <span class='ocrx_word' id='word_1_413' title='bbox 1905 3818 2012 3864; x_wconf 90' lang='lat' dir='ltr'><strong>est.</strong></span> 
     </span>
    </p>
   </div>
   <div class='ocr_carea' id='block_1_57' title="bbox 441 3896 2010 3976">
    <p class='ocr_par' dir='ltr' id='par_1_57' title="bbox 441 3896 2010 3976">
     <span class='ocr_line' id='line_1_57' title="bbox 441 3896 2010 3976; baseline 0.004 -25"><span class='ocrx_word' id='word_1_414' title='bbox 441 3896 548 3957; x_wconf 88' lang='lat' dir='ltr'><strong>Sed</strong></span> <span class='ocrx_word' id='word_1_415' title='bbox 589 3904 746 3968; x_wconf 90' lang='lat' dir='ltr'><strong>vide,</strong></span> <span class='ocrx_word' id='word_1_416' title='bbox 817 3903 1025 3974; x_wconf 92' lang='lat' dir='ltr'><strong>inquit,</strong></span> <span class='ocrx_word' id='word_1_417' title='bbox 1091 3903 1316 3970; x_wconf 88' lang='lat' dir='ltr'><strong>omnia,</strong></span> <span class='ocrx_word' id='word_1_418' title='bbox 1375 3918 1501 3976; x_wconf 58' lang='lat' dir='ltr'><strong>qua;</strong></span> <span class='ocrx_word' id='word_1_419' title='bbox 1553 3909 1609 3958; x_wconf 92' lang='lat' dir='ltr'><strong>et</strong></span> <span class='ocrx_word' id='word_1_420' title='bbox 1643 3902 1827 3972; x_wconf 81' lang='lat' dir='ltr'><strong>qualia</strong></span> <span class='ocrx_word' id='word_1_421' title='bbox 1879 3903 2010 3958; x_wconf 86' lang='lat' dir='ltr'><strong>sint.</strong></span> 
     </span>
    </p>
   </div>
   <div class='ocr_carea' id='block_1_58' title="bbox 429 3991 2014 4063">
    <p class='ocr_par' dir='ltr' id='par_1_58' title="bbox 429 3991 2014 4063">
     <span class='ocr_line' id='line_1_58' title="bbox 429 3991 2014 4063; baseline 0.004 -19"><span class='ocrx_word' id='word_1_422' title='bbox 429 3991 566 4044; x_wconf 88' lang='lat' dir='ltr'><strong>Vide</strong></span> <span class='ocrx_word' id='word_1_423' title='bbox 610 3999 665 4045; x_wconf 91' lang='lat' dir='ltr'><strong>et</strong></span> <span class='ocrx_word' id='word_1_424' title='bbox 699 3993 944 4058; x_wconf 89' lang='lat' dir='ltr'><strong>intende,</strong></span> <span class='ocrx_word' id='word_1_425' title='bbox 1005 4002 1066 4046; x_wconf 91' lang='lat' dir='ltr'><strong>ut</strong></span> <span class='ocrx_word' id='word_1_426' title='bbox 1115 4009 1202 4047; x_wconf 88' lang='lat' dir='ltr'><strong>me</strong></span> <span class='ocrx_word' id='word_1_427' title='bbox 1236 3992 1522 4058; x_wconf 82' lang='lat' dir='ltr'><strong>defendas,</strong></span> <span class='ocrx_word' id='word_1_428' title='bbox 1577 4009 1758 4063; x_wconf 84' lang='lat' dir='ltr'><strong>neque</strong></span> <span class='ocrx_word' id='word_1_429' title='bbox 1792 3993 2014 4050; x_wconf 65' lang='lat' dir='ltr'><strong>diﬂstras</strong></span> 
     </span>
    </p>
   </div>
   <div class='ocr_carea' id='block_1_59' title="bbox 428 4083 2013 4156">
    <p class='ocr_par' dir='ltr' id='par_1_59' title="bbox 428 4083 2013 4156">
     <span class='ocr_line' id='line_1_59' title="bbox 428 4083 2013 4156; baseline 0.003 -19"><span class='ocrx_word' id='word_1_430' title='bbox 428 4099 525 4150; x_wconf 88' lang='lat' dir='ltr'><strong>per</strong></span> <span class='ocrx_word' id='word_1_431' title='bbox 581 4084 978 4138; x_wconf 87' lang='lat' dir='ltr'><strong>humanitatem</strong></span> <span class='ocrx_word' id='word_1_432' title='bbox 1035 4092 1294 4141; x_wconf 74' lang='lat' dir='ltr'><strong>expetere</strong></span> <span class='ocrx_word' id='word_1_433' title='bbox 1341 4083 1605 4138; x_wconf 81' lang='lat' dir='ltr'><strong>ultionem</strong></span> <span class='ocrx_word' id='word_1_434' title='bbox 1660 4089 1728 4142; x_wconf 89' lang='lat' dir='ltr'><strong>ab</strong></span> <span class='ocrx_word' id='word_1_435' title='bbox 1780 4087 1871 4142; x_wconf 90' lang='lat' dir='ltr'><strong>his</strong></span> <span class='ocrx_word' id='word_1_436' title='bbox 1916 4087 2013 4156; x_wconf 89' lang='lat' dir='ltr'><strong>qui</strong></span> 
     </span>
    </p>
   </div>
   <div class='ocr_carea' id='block_1_60' title="bbox 429 4173 2011 4245">
    <p class='ocr_par' dir='ltr' id='par_1_60' title="bbox 429 4173 2011 4245">
     <span class='ocr_line' id='line_1_60' title="bbox 429 4173 2011 4245; baseline 0.004 -17"><span class='ocrx_word' id='word_1_437' title='bbox 429 4175 780 4243; x_wconf 88' lang='lat' dir='ltr'><strong>delinquunt.</strong></span> <span class='ocrx_word' id='word_1_438' title='bbox 818 4193 836 4225; x_wconf 77' lang='grc' dir='ltr'><strong>ι</strong></span> <span class='ocrx_word' id='word_1_439' title='bbox 872 4173 992 4227; x_wconf 84' lang='grc' dir='ltr'><strong>Νοη</strong></span> <span class='ocrx_word' id='word_1_440' title='bbox 1019 4174 1360 4238; x_wconf 85' lang='lat' dir='ltr'><strong>miserearis,</strong></span> <span class='ocrx_word' id='word_1_441' title='bbox 1395 4193 1413 4226; x_wconf 70' lang='grc' dir='ltr'><strong>ι</strong></span> <span class='ocrx_word' id='word_1_442' title='bbox 1441 4175 1644 4245; x_wconf 88' lang='lat' dir='ltr'><strong>inquit,</strong></span> <span class='ocrx_word' id='word_1_443' title='bbox 1684 4194 1704 4228; x_wconf 76' lang='grc' dir='ltr'>ι</span> <span class='ocrx_word' id='word_1_444' title='bbox 1735 4177 2011 4244; x_wconf 90' lang='lat' dir='ltr'><strong>omnibus,</strong></span> 
     </span>
    </p>
   </div>
   <div class='ocr_carea' id='block_1_61' title="bbox 431 4263 1315 4332">
    <p class='ocr_par' dir='ltr' id='par_1_61' title="bbox 431 4263 1315 4332">
     <span class='ocr_line' id='line_1_61' title="bbox 431 4263 1315 4332; baseline 0.003 -19"><span class='ocrx_word' id='word_1_445' title='bbox 431 4263 522 4332; x_wconf 90' lang='lat' dir='ltr'><strong>qui</strong></span> <span class='ocrx_word' id='word_1_446' title='bbox 553 4273 853 4332; x_wconf 87' lang='lat' dir='ltr'><strong>operantur</strong></span> <span class='ocrx_word' id='word_1_447' title='bbox 894 4263 1264 4332; x_wconf 80' lang='lat' dir='ltr'><strong>iniquitatem.</strong></span> <span class='ocrx_word' id='word_1_448' title='bbox 1296 4283 1315 4316; x_wconf 67' lang='grc' dir='ltr'><strong>ι</strong></span> 
     </span>
    </p>
   </div>
   <div class='ocr_carea' id='block_1_62' title="bbox 502 4354 2010 4426">
    <p class='ocr_par' dir='ltr' id='par_1_62' title="bbox 502 4354 2010 4426">
     <span class='ocr_line' id='line_1_62' title="bbox 502 4354 2010 4426; baseline 0.002 -19"><span class='ocrx_word' id='word_1_449' title='bbox 502 4354 706 4409; x_wconf 86' lang='lat' dir='ltr'><strong>Deinde</strong></span> <span class='ocrx_word' id='word_1_450' title='bbox 731 4355 992 4410; x_wconf 79' lang='lat' dir='ltr'><strong>transfert</strong></span> <span class='ocrx_word' id='word_1_451' title='bbox 1025 4370 1330 4410; x_wconf 89' lang='lat' dir='ltr'><strong>sermonem</strong></span> <span class='ocrx_word' id='word_1_452' title='bbox 1368 4356 1434 4410; x_wconf 89' lang='lat' dir='ltr'><strong>ad</strong></span> <span class='ocrx_word' id='word_1_453' title='bbox 1474 4356 1846 4412; x_wconf 87' lang='lat' dir='ltr'><strong>sublimiorem</strong></span> <span class='ocrx_word' id='word_1_454' title='bbox 1881 4372 2010 4426; x_wconf 86' lang='lat' dir='ltr'><strong>per-</strong></span> 
     </span>
    </p>
   </div>
   <div class='ocr_carea' id='block_1_63' title="bbox 428 4446 2012 4518">
    <p class='ocr_par' dir='ltr' id='par_1_63' title="bbox 428 4446 2012 4518">
     <span class='ocr_line' id='line_1_63' title="bbox 428 4446 2012 4518; baseline 0 -16"><span class='ocrx_word' id='word_1_455' title='bbox 428 4461 641 4509; x_wconf 86' lang='lat' dir='ltr'><strong>sonam,</strong></span> <span class='ocrx_word' id='word_1_456' title='bbox 672 4446 912 4516; x_wconf 87' lang='lat' dir='ltr'><strong>dicitque</strong></span> <span class='ocrx_word' id='word_1_457' title='bbox 935 4448 1092 4516; x_wconf 89' lang='lat' dir='ltr'><strong>quasi</strong></span> <span class='ocrx_word' id='word_1_458' title='bbox 1129 4447 1246 4502; x_wconf 87' lang='lat' dir='ltr'><strong>loco</strong></span> <span class='ocrx_word' id='word_1_459' title='bbox 1279 4447 1397 4517; x_wconf 88' lang='lat' dir='ltr'><strong>ejus</strong></span> <span class='ocrx_word' id='word_1_460' title='bbox 1425 4449 1518 4518; x_wconf 91' lang='lat' dir='ltr'><strong>qui</strong></span> <span class='ocrx_word' id='word_1_461' title='bbox 1557 4463 1747 4518; x_wconf 89' lang='lat' dir='ltr'><strong>preces</strong></span> <span class='ocrx_word' id='word_1_462' title='bbox 1783 4449 2012 4503; x_wconf 85' lang='lat' dir='ltr'><strong>exaudi-</strong></span> 
     </span>
    </p>
   </div>
   <div class='ocr_carea' id='block_1_64' title="bbox 2034 3211 2080 3272">
    <p class='ocr_par' dir='ltr' id='par_1_64' title="bbox 2034 3211 2080 3272">
     <span class='ocr_line' id='line_1_64' title="bbox 2034 3211 2080 3272; baseline 0 -2"><span class='ocrx_word' id='word_1_463' title='bbox 2034 3211 2080 3272; x_wconf 88' lang='lat' dir='ltr'><strong><em>C</em></strong></span> 
     </span>
    </p>
   </div>
   <div class='ocr_carea' id='block_1_65' title="bbox 2105 1983 3678 2054">
    <p class='ocr_par' dir='ltr' id='par_1_65' title="bbox 2105 1983 3678 2054">
     <span class='ocr_line' id='line_1_65' title="bbox 2105 1983 3678 2054; baseline -0.001 -17"><span class='ocrx_word' id='word_1_464' title='bbox 2105 1987 2169 2037; x_wconf 85' lang='grc' dir='ltr'><strong>ἐκ</strong></span> <span class='ocrx_word' id='word_1_465' title='bbox 2208 1983 2625 2054; x_wconf 88' lang='grc' dir='ltr'>διακληρώσεως</span> <span class='ocrx_word' id='word_1_466' title='bbox 2645 2023 2661 2049; x_wconf 91' lang='grc'><strong>,</strong></span> <span class='ocrx_word' id='word_1_467' title='bbox 2712 1983 2776 2036; x_wconf 84' lang='grc' dir='ltr'><strong>τὸ</strong></span> <span class='ocrx_word' id='word_1_468' title='bbox 2808 1983 2908 2054; x_wconf 89' lang='grc' dir='ltr'>μὲν</span> <span class='ocrx_word' id='word_1_469' title='bbox 2958 1983 3273 2037; x_wconf 83' lang='grc' dir='ltr'><strong>ἀνατίθεται</strong></span> <span class='ocrx_word' id='word_1_470' title='bbox 3305 1983 3382 2054; x_wconf 83' lang='grc' dir='ltr'><strong>τῷ</strong></span> <span class='ocrx_word' id='word_1_471' title='bbox 3436 1984 3594 2054; x_wconf 81' lang='grc' dir='ltr'>Θεῷ,</span> <span class='ocrx_word' id='word_1_472' title='bbox 3623 1985 3678 2036; x_wconf 76' lang='grc' dir='ltr'><strong>τὸ</strong></span> 
     </span>
    </p>
   </div>
   <div class='ocr_carea' id='block_1_66' title="bbox 2104 2075 3676 2148">
    <p class='ocr_par' dir='ltr' id='par_1_66' title="bbox 2104 2075 3676 2148">
     <span class='ocr_line' id='line_1_66' title="bbox 2104 2075 3676 2148; baseline -0.001 -18"><span class='ocrx_word' id='word_1_473' title='bbox 2104 2076 2161 2130; x_wconf 87' lang='grc' dir='ltr'>δὲ</span> <span class='ocrx_word' id='word_1_474' title='bbox 2219 2079 2285 2147; x_wconf 79' lang='grc' dir='ltr'><strong>τῇ</strong></span> <span class='ocrx_word' id='word_1_475' title='bbox 2337 2077 2582 2148; x_wconf 74' lang='grc' dir='ltr'>ἁμαρτίᾳ</span> <span class='ocrx_word' id='word_1_476' title='bbox 2617 2075 2961 2146; x_wconf 76' lang='grc' dir='ltr'><strong>ἐκπέμπεται</strong></span> <span class='ocrx_word' id='word_1_477' title='bbox 3034 2075 3128 2128; x_wconf 67' lang='grc' dir='ltr'><strong>ἐπ)⁸</strong></span> <span class='ocrx_word' id='word_1_478' title='bbox 3173 2075 3270 2146; x_wconf 83' lang='grc' dir='ltr'><strong>τὴν</strong></span> <span class='ocrx_word' id='word_1_479' title='bbox 3322 2075 3550 2146; x_wconf 73' lang='grc' dir='ltr'>ἔρημον.</span> <span class='ocrx_word' id='word_1_480' title='bbox 3586 2076 3676 2128; x_wconf 76' lang='grc' dir='ltr'>Διὰ</span> 
     </span>
    </p>
   </div>
   <div class='ocr_carea' id='block_1_67' title="bbox 2105 2165 3678 2230">
    <p class='ocr_par' dir='ltr' id='par_1_67' title="bbox 2105 2165 3678 2230">
     <span class='ocr_line' id='line_1_67' title="bbox 2105 2165 3678 2230; baseline -0.001 -10"><span class='ocrx_word' id='word_1_481' title='bbox 2105 2167 2282 2221; x_wconf 81' lang='grc' dir='ltr'>πάντα</span> <span class='ocrx_word' id='word_1_482' title='bbox 2307 2165 2400 2224; x_wconf 83' lang='grc' dir='ltr'>οὖν</span> <span class='ocrx_word' id='word_1_483' title='bbox 2421 2167 2593 2222; x_wconf 88' lang='grc' dir='ltr'>ταῦτα</span> <span class='ocrx_word' id='word_1_484' title='bbox 2619 2168 2711 2221; x_wconf 75' lang='grc' dir='ltr'>καὶ</span> <span class='ocrx_word' id='word_1_485' title='bbox 2737 2167 2807 2221; x_wconf 85' lang='grc' dir='ltr'>τά</span> <span class='ocrx_word' id='word_1_486' title='bbox 2832 2167 3077 2230; x_wconf 87' lang='grc' dir='ltr'>τοιαῦτα,</span> <span class='ocrx_word' id='word_1_487' title='bbox 3109 2165 3302 2219; x_wconf 80' lang='grc' dir='ltr'>τούτου</span> <span class='ocrx_word' id='word_1_488' title='bbox 3330 2166 3426 2218; x_wconf 86' lang='grc' dir='ltr'><strong>τοῦ</strong></span> <span class='ocrx_word' id='word_1_489' title='bbox 3457 2165 3596 2230; x_wconf 80' lang='grc' dir='ltr'>ζώου</span> <span class='ocrx_word' id='word_1_490' title='bbox 3623 2165 3678 2218; x_wconf 81' lang='grc' dir='ltr'><strong>τὸ</strong></span> 
     </span>
    </p>
   </div>
   <div class='ocr_carea' id='block_1_68' title="bbox 2103 2257 3675 2333">
    <p class='ocr_par' dir='ltr' id='par_1_68' title="bbox 2103 2257 3675 2333">
     <span class='ocr_line' id='line_1_68' title="bbox 2103 2257 3675 2333; baseline -0.002 -21"><span class='ocrx_word' id='word_1_491' title='bbox 2103 2257 2257 2333; x_wconf 77' lang='grc' dir='ltr'>ἧπαρ</span> <span class='ocrx_word' id='word_1_492' title='bbox 2286 2261 2368 2322; x_wconf 86' lang='grc' dir='ltr'><strong>είς</strong></span> <span class='ocrx_word' id='word_1_493' title='bbox 2399 2261 2498 2331; x_wconf 82' lang='grc' dir='ltr'><strong>τὴν</strong></span> <span class='ocrx_word' id='word_1_494' title='bbox 2528 2258 2624 2313; x_wconf 88' lang='grc' dir='ltr'><strong>τοῦ</strong></span> <span class='ocrx_word' id='word_1_495' title='bbox 2666 2260 2894 2330; x_wconf 76' lang='grc' dir='ltr'>αἵματος</span> <span class='ocrx_word' id='word_1_496' title='bbox 2939 2259 3166 2325; x_wconf 75' lang='grc' dir='ltr'>ἔνδειξιν</span> <span class='ocrx_word' id='word_1_497' title='bbox 3235 2257 3582 2330; x_wconf 74' lang='grc' dir='ltr'>παρελήφθη,</span> <span class='ocrx_word' id='word_1_498' title='bbox 3615 2257 3675 2309; x_wconf 84' lang='grc' dir='ltr'>δι’</span> 
     </span>
    </p>
   </div>
   <div class='ocr_carea' id='block_1_69' title="bbox 2105 2349 3675 2423">
    <p class='ocr_par' dir='ltr' id='par_1_69' title="bbox 2105 2349 3675 2423">
     <span class='ocr_line' id='line_1_69' title="bbox 2105 2349 3675 2423; baseline -0.002 -19"><span class='ocrx_word' id='word_1_499' title='bbox 2105 2349 2167 2405; x_wconf 77' lang='grc' dir='ltr'><strong>οῦ</strong></span> <span class='ocrx_word' id='word_1_500' title='bbox 2211 2351 2318 2406; x_wconf 88' lang='grc' dir='ltr'><strong>τῶν</strong></span> <span class='ocrx_word' id='word_1_501' title='bbox 2352 2351 2715 2415; x_wconf 88' lang='grc' dir='ltr'>ἐπιθανατίως</span> <span class='ocrx_word' id='word_1_502' title='bbox 2758 2352 3126 2423; x_wconf 83' lang='grc' dir='ltr'>νενοσηκότων</span> <span class='ocrx_word' id='word_1_503' title='bbox 3179 2352 3207 2404; x_wconf 87' lang='grc' dir='ltr'>ὁ</span> <span class='ocrx_word' id='word_1_504' title='bbox 3235 2349 3675 2421; x_wconf 68' lang='grc' dir='ltr'><strong>ἀποτροπιασμὸς</strong></span> 
     </span>
    </p>
   </div>
   <div class='ocr_carea' id='block_1_70' title="bbox 2105 2443 3676 2513">
    <p class='ocr_par' dir='ltr' id='par_1_70' title="bbox 2105 2443 3676 2513">
     <span class='ocr_line' id='line_1_70' title="bbox 2105 2443 3676 2513; baseline -0.001 -17"><span class='ocrx_word' id='word_1_505' title='bbox 2105 2444 2203 2497; x_wconf 74' lang='grc' dir='ltr'><strong>τοῦ⁴</strong></span> <span class='ocrx_word' id='word_1_506' title='bbox 2233 2443 2465 2498; x_wconf 86' lang='grc' dir='ltr'>θανάτου</span> <span class='ocrx_word' id='word_1_507' title='bbox 2499 2443 2737 2511; x_wconf 88' lang='grc' dir='ltr'>ἐγένετο,</span> <span class='ocrx_word' id='word_1_508' title='bbox 2759 2443 2847 2497; x_wconf 77' lang='grc' dir='ltr'><strong>διὰ</strong></span> <span class='ocrx_word' id='word_1_509' title='bbox 2875 2443 2972 2513; x_wconf 86' lang='grc' dir='ltr'>τῆς</span> <span class='ocrx_word' id='word_1_510' title='bbox 3001 2445 3064 2497; x_wconf 88' lang='grc' dir='ltr'><strong>ἐκ</strong></span> <span class='ocrx_word' id='word_1_511' title='bbox 3095 2443 3307 2510; x_wconf 81' lang='grc' dir='ltr'>νεκρῶν</span> <span class='ocrx_word' id='word_1_512' title='bbox 3335 2443 3676 2503; x_wconf 78' lang='grc' dir='ltr'>ἀναστάσεως</span> 
     </span>
    </p>
   </div>
   <div class='ocr_carea' id='block_1_71' title="bbox 2105 2531 3677 2605">
    <p class='ocr_par' dir='ltr' id='par_1_71' title="bbox 2105 2531 3677 2605">
     <span class='ocr_line' id='line_1_71' title="bbox 2105 2531 3677 2605; baseline -0.004 -17"><span class='ocrx_word' id='word_1_513' title='bbox 2105 2533 2200 2588; x_wconf 84' lang='grc' dir='ltr'><strong>τοῦ</strong></span> <span class='ocrx_word' id='word_1_514' title='bbox 2230 2534 2436 2605; x_wconf 82' lang='grc' dir='ltr'>Κυρίου</span> <span class='ocrx_word' id='word_1_515' title='bbox 2459 2535 2490 2604; x_wconf 82' lang='grc' dir='ltr'><strong>ή</strong></span> <span class='ocrx_word' id='word_1_516' title='bbox 2501 2534 2638 2604; x_wconf 90' lang='grc' dir='ltr'>μῶν,</span> <span class='ocrx_word' id='word_1_517' title='bbox 2667 2533 2735 2604; x_wconf 80' lang='grc' dir='ltr'>ἢν</span> <span class='ocrx_word' id='word_1_518' title='bbox 2763 2534 3019 2604; x_wconf 80' lang='grc' dir='ltr'>σημαίνει</span> <span class='ocrx_word' id='word_1_519' title='bbox 3043 2536 3104 2588; x_wconf 82' lang='grc' dir='ltr'><strong>τὸ</strong></span> <span class='ocrx_word' id='word_1_520' title='bbox 3138 2534 3473 2602; x_wconf 76' lang='grc' dir='ltr'>κενοτάφιον.</span> <span class='ocrx_word' id='word_1_521' title='bbox 3528 2531 3677 2584; x_wconf 64' lang='grc' dir='ltr'>Ἀλλά</span> 
     </span>
    </p>
   </div>
   <div class='ocr_carea' id='block_1_72' title="bbox 2107 2620 3676 2696">
    <p class='ocr_par' dir='ltr' id='par_1_72' title="bbox 2107 2620 3676 2696">
     <span class='ocr_line' id='line_1_72' title="bbox 2107 2620 3676 2696; baseline -0.002 -19"><span class='ocrx_word' id='word_1_522' title='bbox 2107 2623 2297 2696; x_wconf 87' lang='grc' dir='ltr'>καιρὸς</span> <span class='ocrx_word' id='word_1_523' title='bbox 2316 2622 2382 2676; x_wconf 85' lang='grc' dir='ltr'>ἂν</span> <span class='ocrx_word' id='word_1_524' title='bbox 2407 2621 2517 2692; x_wconf 82' lang='grc' dir='ltr'>εἴη,</span> <span class='ocrx_word' id='word_1_525' title='bbox 2543 2624 2636 2676; x_wconf 68' lang='grc' dir='ltr'><strong>καὶ</strong></span> <span class='ocrx_word' id='word_1_526' title='bbox 2665 2623 2758 2676; x_wconf 84' lang='grc' dir='ltr'>τὸν</span> <span class='ocrx_word' id='word_1_527' title='bbox 2788 2625 2846 2676; x_wconf 90' lang='grc' dir='ltr'><strong>ἐν</strong></span> <span class='ocrx_word' id='word_1_528' title='bbox 2878 2625 2944 2694; x_wconf 79' lang='grc' dir='ltr'>τῇ</span> <span class='ocrx_word' id='word_1_529' title='bbox 2972 2622 3265 2694; x_wconf 79' lang='grc' dir='ltr'>ψαλμῳδίᾳ</span> <span class='ocrx_word' id='word_1_530' title='bbox 3283 2622 3407 2676; x_wconf 88' lang='grc' dir='ltr'>νοῦν</span> <span class='ocrx_word' id='word_1_531' title='bbox 3428 2622 3522 2675; x_wconf 87' lang='grc' dir='ltr'><strong>διά</strong></span> <span class='ocrx_word' id='word_1_532' title='bbox 3556 2620 3676 2692; x_wconf 83' lang='grc' dir='ltr'>βρα-</span> 
     </span>
    </p>
   </div>
   <div class='ocr_carea' id='block_1_73' title="bbox 2105 2712 3671 2786">
    <p class='ocr_par' dir='ltr' id='par_1_73' title="bbox 2105 2712 3671 2786">
     <span class='ocr_line' id='line_1_73' title="bbox 2105 2712 3671 2786; baseline -0.002 -18"><span class='ocrx_word' id='word_1_533' title='bbox 2105 2715 2246 2785; x_wconf 88' lang='grc' dir='ltr'>χέων</span> <span class='ocrx_word' id='word_1_534' title='bbox 2275 2713 2618 2786; x_wconf 87' lang='grc' dir='ltr'>ἐπιδραμεῖν,</span> <span class='ocrx_word' id='word_1_535' title='bbox 2649 2712 2840 2784; x_wconf 75' lang='grc' dir='ltr'>ἔχοντα</span> <span class='ocrx_word' id='word_1_536' title='bbox 2868 2713 3060 2777; x_wconf 75' lang='grc' dir='ltr'>οὕτως’</span> <span class='ocrx_word' id='word_1_537' title='bbox 3090 2714 3317 2784; x_wconf 74' lang='grc' dir='ltr'>Μερίζει</span> <span class='ocrx_word' id='word_1_538' title='bbox 3336 2713 3428 2766; x_wconf 83' lang='grc' dir='ltr'>τὸν</span> <span class='ocrx_word' id='word_1_539' title='bbox 3464 2713 3617 2778; x_wconf 85' lang='grc' dir='ltr'>λόγον</span> <span class='ocrx_word' id='word_1_540' title='bbox 3643 2715 3671 2781; x_wconf 80' lang='grc' dir='ltr'>ἡ</span> 
     </span>
    </p>
   </div>
   <div class='ocr_carea' id='block_1_74' title="bbox 2107 2804 3674 2877">
    <p class='ocr_par' dir='ltr' id='par_1_74' title="bbox 2107 2804 3674 2877">
     <span class='ocr_line' id='line_1_74' title="bbox 2107 2804 3674 2877; baseline -0.001 -19"><span class='ocrx_word' id='word_1_541' title='bbox 2107 2805 2440 2877; x_wconf 81' lang='grc' dir='ltr'>προφητεία.</span> <span class='ocrx_word' id='word_1_542' title='bbox 2497 2805 2554 2857; x_wconf 85' lang='lat'><strong>&#39;0</strong></span> <span class='ocrx_word' id='word_1_543' title='bbox 2589 2805 2688 2874; x_wconf 87' lang='grc' dir='ltr'>μὲν</span> <span class='ocrx_word' id='word_1_544' title='bbox 2726 2805 2835 2875; x_wconf 82' lang='grc' dir='ltr'><strong>γὰρ</strong></span> <span class='ocrx_word' id='word_1_545' title='bbox 2875 2805 3016 2876; x_wconf 83' lang='grc' dir='ltr'>ὑπὲρ</span> <span class='ocrx_word' id='word_1_546' title='bbox 3052 2805 3206 2875; x_wconf 79' lang='grc' dir='ltr'>ἡμῶν</span> <span class='ocrx_word' id='word_1_547' title='bbox 3246 2805 3382 2876; x_wconf 84' lang='grc' dir='ltr'>πρὸς</span> <span class='ocrx_word' id='word_1_548' title='bbox 3418 2805 3512 2859; x_wconf 82' lang='grc' dir='ltr'>τὸν</span> <span class='ocrx_word' id='word_1_549' title='bbox 3555 2804 3674 2858; x_wconf 82' lang='grc' dir='ltr'>Θεὸν</span> 
     </span>
    </p>
   </div>
   <div class='ocr_carea' id='block_1_75' title="bbox 2105 2893 3672 2967">
    <p class='ocr_par' dir='ltr' id='par_1_75' title="bbox 2105 2893 3672 2967">
     <span class='ocr_line' id='line_1_75' title="bbox 2105 2893 3672 2967; baseline 0 -19"><span class='ocrx_word' id='word_1_550' title='bbox 2105 2895 2350 2963; x_wconf 84' lang='grc' dir='ltr'>γίνεται,</span> <span class='ocrx_word' id='word_1_551' title='bbox 2383 2897 2448 2947; x_wconf 90' lang='grc' dir='ltr'><strong>ἐκ</strong></span> <span class='ocrx_word' id='word_1_552' title='bbox 2479 2893 2571 2947; x_wconf 88' lang='grc' dir='ltr'><strong>τοῦ</strong></span> <span class='ocrx_word' id='word_1_553' title='bbox 2615 2895 2796 2948; x_wconf 85' lang='grc' dir='ltr'>κοινοῦ</span> <span class='ocrx_word' id='word_1_554' title='bbox 2837 2895 2937 2965; x_wconf 80' lang='grc' dir='ltr'>τῆς</span> <span class='ocrx_word' id='word_1_555' title='bbox 2981 2895 3196 2964; x_wconf 78' lang='grc' dir='ltr'>φύσεως</span> <span class='ocrx_word' id='word_1_556' title='bbox 3235 2895 3672 2967; x_wconf 75' lang='grc' dir='ltr'>προσαγομένης·</span> 
     </span>
    </p>
   </div>
   <div class='ocr_carea' id='block_1_76' title="bbox 2105 2983 3676 3055">
    <p class='ocr_par' dir='ltr' id='par_1_76' title="bbox 2105 2983 3676 3055">
     <span class='ocr_line' id='line_1_76' title="bbox 2105 2983 3676 3055; baseline -0.003 -17"><span class='ocrx_word' id='word_1_557' title='bbox 2105 2985 2136 3038; x_wconf 85' lang='grc' dir='ltr'>ὁ</span> <span class='ocrx_word' id='word_1_558' title='bbox 2162 2985 2219 3038; x_wconf 82' lang='grc' dir='ltr'>δὲ</span> <span class='ocrx_word' id='word_1_559' title='bbox 2249 2985 2384 3055; x_wconf 82' lang='grc' dir='ltr'>πρὸς</span> <span class='ocrx_word' id='word_1_560' title='bbox 2416 2986 2565 3054; x_wconf 82' lang='grc' dir='ltr'>ἡμᾶς</span> <span class='ocrx_word' id='word_1_561' title='bbox 2597 2985 2662 3037; x_wconf 87' lang='grc' dir='ltr'><strong>ἐκ</strong></span> <span class='ocrx_word' id='word_1_562' title='bbox 2703 2983 2796 3037; x_wconf 87' lang='grc' dir='ltr'><strong>τοῦ</strong></span> <span class='ocrx_word' id='word_1_563' title='bbox 2829 2985 2970 3054; x_wconf 84' lang='grc' dir='ltr'>ὑπὲρ</span> <span class='ocrx_word' id='word_1_564' title='bbox 3002 2987 3035 3050; x_wconf 82' lang='grc' dir='ltr'><strong>ἡ</strong></span> <span class='ocrx_word' id='word_1_565' title='bbox 3046 2984 3162 3054; x_wconf 89' lang='grc' dir='ltr'><strong>μῶν</strong></span> <span class='ocrx_word' id='word_1_566' title='bbox 3194 2983 3600 3054; x_wconf 78' lang='grc' dir='ltr'>ἀναδεξαμένου</span> <span class='ocrx_word' id='word_1_567' title='bbox 3623 2983 3676 3035; x_wconf 82' lang='grc' dir='ltr'><strong>τὸ</strong></span> 
     </span>
    </p>
   </div>
   <div class='ocr_carea' id='block_1_77' title="bbox 2109 3072 3672 3146">
    <p class='ocr_par' dir='ltr' id='par_1_77' title="bbox 2109 3072 3672 3146">
     <span class='ocr_line' id='line_1_77' title="bbox 2109 3072 3672 3146; baseline -0.002 -17"><span class='ocrx_word' id='word_1_568' title='bbox 2109 3074 2298 3137; x_wconf 83' lang='grc' dir='ltr'>πάθος.</span> <span class='ocrx_word' id='word_1_569' title='bbox 2336 3075 2416 3128; x_wconf 86' lang='grc' dir='ltr'><strong>Τά</strong></span> <span class='ocrx_word' id='word_1_570' title='bbox 2449 3076 2547 3144; x_wconf 82' lang='grc' dir='ltr'>μὲν</span> <span class='ocrx_word' id='word_1_571' title='bbox 2584 3072 2678 3128; x_wconf 76' lang='grc' dir='ltr'>οὖν</span> <span class='ocrx_word' id='word_1_572' title='bbox 2707 3075 2845 3146; x_wconf 81' lang='grc' dir='ltr'>ὑπὲρ</span> <span class='ocrx_word' id='word_1_573' title='bbox 2875 3074 3056 3145; x_wconf 86' lang='grc' dir='ltr'>ἡμῶν,</span> <span class='ocrx_word' id='word_1_574' title='bbox 3105 3075 3223 3128; x_wconf 72' lang='grc' dir='ltr'>ἐστὶ</span> <span class='ocrx_word' id='word_1_575' title='bbox 3268 3074 3461 3128; x_wconf 76' lang='grc' dir='ltr'>ταῦτα’</span> <span class='ocrx_word' id='word_1_576' title='bbox 3499 3095 3518 3127; x_wconf 75' lang='grc' dir='ltr'><strong>ι</strong></span> <span class='ocrx_word' id='word_1_577' title='bbox 3565 3073 3672 3137; x_wconf 81' lang='grc' dir='ltr'><strong>Ἐξ-</strong></span> 
     </span>
    </p>
   </div>
   <div class='ocr_carea' id='block_1_78' title="bbox 2111 3164 3676 3238">
    <p class='ocr_par' dir='ltr' id='par_1_78' title="bbox 2111 3164 3676 3238">
     <span class='ocr_line' id='line_1_78' title="bbox 2111 3164 3676 3238; baseline -0.001 -20"><span class='ocrx_word' id='word_1_578' title='bbox 2111 3167 2232 3220; x_wconf 88' lang='grc' dir='ltr'>ελοῦ</span> <span class='ocrx_word' id='word_1_579' title='bbox 2266 3184 2355 3238; x_wconf 89' lang='grc' dir='ltr'><strong>με,</strong></span> <span class='ocrx_word' id='word_1_580' title='bbox 2384 3185 2402 3217; x_wconf 76' lang='grc' dir='ltr'><strong>ι</strong></span> <span class='ocrx_word' id='word_1_581' title='bbox 2439 3166 2662 3235; x_wconf 78' lang='grc' dir='ltr'>λέγων,ι</span> <span class='ocrx_word' id='word_1_582' title='bbox 2698 3166 2887 3220; x_wconf 85' lang='grc' dir='ltr'>ἐκτῶν</span> <span class='ocrx_word' id='word_1_583' title='bbox 2918 3164 3127 3237; x_wconf 78' lang='grc' dir='ltr'>ἐχθρῶν</span> <span class='ocrx_word' id='word_1_584' title='bbox 3146 3183 3266 3236; x_wconf 89' lang='grc' dir='ltr'>μου,</span> <span class='ocrx_word' id='word_1_585' title='bbox 3285 3165 3485 3229; x_wconf 81' lang='grc' dir='ltr'>ὁΘεὸς,</span> <span class='ocrx_word' id='word_1_586' title='bbox 3517 3165 3604 3220; x_wconf 71' lang='grc' dir='ltr'>καὶ</span> <span class='ocrx_word' id='word_1_587' title='bbox 3619 3167 3676 3216; x_wconf 81' lang='grc' dir='ltr'><strong>ἐκ</strong></span> 
     </span>
    </p>
   </div>
   <div class='ocr_carea' id='block_1_79' title="bbox 2109 3256 3673 3329">
    <p class='ocr_par' dir='ltr' id='par_1_79' title="bbox 2109 3256 3673 3329">
     <span class='ocr_line' id='line_1_79' title="bbox 2109 3256 3673 3329; baseline -0.003 -18"><span class='ocrx_word' id='word_1_588' title='bbox 2109 3258 2218 3311; x_wconf 89' lang='grc' dir='ltr'><strong>τῶν</strong></span> <span class='ocrx_word' id='word_1_589' title='bbox 2251 3258 2697 3328; x_wconf 76' lang='grc' dir='ltr'>ἐπανισταμένων</span> <span class='ocrx_word' id='word_1_590' title='bbox 2743 3259 2829 3311; x_wconf 79' lang='grc' dir='ltr'><strong>ἐπ’</strong></span> <span class='ocrx_word' id='word_1_591' title='bbox 2877 3259 2976 3326; x_wconf 80' lang='grc' dir='ltr'>ἐμὲ</span> <span class='ocrx_word' id='word_1_592' title='bbox 3009 3256 3286 3328; x_wconf 84' lang='grc' dir='ltr'>λύτρωσαί</span> <span class='ocrx_word' id='word_1_593' title='bbox 3330 3275 3420 3327; x_wconf 91' lang='grc' dir='ltr'><strong>με.</strong></span> <span class='ocrx_word' id='word_1_594' title='bbox 3470 3257 3581 3329; x_wconf 72' lang='grc' dir='ltr'><strong>Καὶ</strong></span> <span class='ocrx_word' id='word_1_595' title='bbox 3617 3259 3673 3308; x_wconf 82' lang='grc' dir='ltr'><strong>ἐκ</strong></span> 
     </span>
    </p>
   </div>
   <div class='ocr_carea' id='block_1_80' title="bbox 2108 3347 3675 3422">
    <p class='ocr_par' dir='ltr' id='par_1_80' title="bbox 2108 3347 3675 3422">
     <span class='ocr_line' id='line_1_80' title="bbox 2108 3347 3675 3422; baseline -0.001 -20"><span class='ocrx_word' id='word_1_596' title='bbox 2108 3350 2216 3404; x_wconf 87' lang='grc' dir='ltr'><strong>τῶν</strong></span> <span class='ocrx_word' id='word_1_597' title='bbox 2243 3350 2624 3422; x_wconf 81' lang='grc' dir='ltr'>ἐργαζομένων</span> <span class='ocrx_word' id='word_1_598' title='bbox 2657 3349 2754 3420; x_wconf 84' lang='grc' dir='ltr'><strong>τὴν</strong></span> <span class='ocrx_word' id='word_1_599' title='bbox 2793 3349 3041 3419; x_wconf 78' lang='grc' dir='ltr'>ἀνομίαν,</span> <span class='ocrx_word' id='word_1_600' title='bbox 3075 3349 3170 3402; x_wconf 75' lang='grc' dir='ltr'>καὶ</span> <span class='ocrx_word' id='word_1_601' title='bbox 3201 3349 3261 3414; x_wconf 80' lang='grc' dir='ltr'>ἐξ</span> <span class='ocrx_word' id='word_1_602' title='bbox 3287 3348 3498 3419; x_wconf 86' lang='grc' dir='ltr'>ἀνδρῶν</span> <span class='ocrx_word' id='word_1_603' title='bbox 3523 3347 3675 3418; x_wconf 74' lang='grc' dir='ltr'>αἱμά-</span> 
     </span>
    </p>
   </div>
   <div class='ocr_carea' id='block_1_81' title="bbox 2109 3440 3678 3513">
    <p class='ocr_par' dir='ltr' id='par_1_81' title="bbox 2109 3440 3678 3513">
     <span class='ocr_line' id='line_1_81' title="bbox 2109 3440 3678 3513; baseline -0.004 -17"><span class='ocrx_word' id='word_1_604' title='bbox 2109 3460 2238 3506; x_wconf 87' lang='grc' dir='ltr'>των,</span> <span class='ocrx_word' id='word_1_605' title='bbox 2273 3442 2321 3494; x_wconf 82' lang='grc' dir='ltr'>οἳ</span> <span class='ocrx_word' id='word_1_606' title='bbox 2355 3440 2656 3512; x_wconf 84' lang='grc' dir='ltr'>ἐθήρευσαν</span> <span class='ocrx_word' id='word_1_607' title='bbox 2702 3443 2801 3513; x_wconf 83' lang='grc' dir='ltr'><strong>τὴν</strong></span> <span class='ocrx_word' id='word_1_608' title='bbox 2835 3442 3015 3512; x_wconf 78' lang='grc' dir='ltr'>ψυχήν</span> <span class='ocrx_word' id='word_1_609' title='bbox 3055 3458 3182 3512; x_wconf 79' lang='grc' dir='ltr'>μου,</span> <span class='ocrx_word' id='word_1_610' title='bbox 3227 3458 3256 3492; x_wconf 67' lang='grc' dir='ltr'><strong>ι</strong></span> <span class='ocrx_word' id='word_1_611' title='bbox 3299 3442 3392 3494; x_wconf 64' lang='grc' dir='ltr'><strong>καί¹</strong></span> <span class='ocrx_word' id='word_1_612' title='bbox 3435 3440 3678 3494; x_wconf 79' lang='grc' dir='ltr'>ἐπέθεντο</span> 
     </span>
    </p>
   </div>
   <div class='ocr_carea' id='block_1_82' title="bbox 2114 3531 3672 3606">
    <p class='ocr_par' dir='ltr' id='par_1_82' title="bbox 2114 3531 3672 3606">
     <span class='ocr_line' id='line_1_82' title="bbox 2114 3531 3672 3606; baseline -0.003 -18"><span class='ocrx_word' id='word_1_613' title='bbox 2114 3533 2379 3605; x_wconf 75' lang='grc' dir='ltr'>ἰσχυρῶς,</span> <span class='ocrx_word' id='word_1_614' title='bbox 2403 3534 2553 3587; x_wconf 79' lang='grc' dir='ltr'>οὐδὲν</span> <span class='ocrx_word' id='word_1_615' title='bbox 2582 3537 2712 3606; x_wconf 79' lang='grc' dir='ltr'>παρ’</span> <span class='ocrx_word' id='word_1_616' title='bbox 2741 3534 2898 3606; x_wconf 77' lang='grc' dir='ltr'>ἡμῶν</span> <span class='ocrx_word' id='word_1_617' title='bbox 2925 3534 3362 3605; x_wconf 82' lang='grc' dir='ltr'>προπεπονθότες</span> <span class='ocrx_word' id='word_1_618' title='bbox 3391 3533 3579 3587; x_wconf 82' lang='grc' dir='ltr'>κακόν.</span> <span class='ocrx_word' id='word_1_619' title='bbox 3607 3531 3672 3585; x_wconf 78' lang='grc' dir='ltr'><strong>Οὐ</strong></span> 
     </span>
    </p>
   </div>
   <div class='ocr_carea' id='block_1_83' title="bbox 2111 3624 3674 3698">
    <p class='ocr_par' dir='ltr' id='par_1_83' title="bbox 2111 3624 3674 3698">
     <span class='ocr_line' id='line_1_83' title="bbox 2111 3624 3674 3698; baseline -0.002 -18"><span class='ocrx_word' id='word_1_620' title='bbox 2111 3627 2220 3698; x_wconf 86' lang='grc' dir='ltr'><strong>γὰρ</strong></span> <span class='ocrx_word' id='word_1_621' title='bbox 2234 3624 2478 3697; x_wconf 77' lang='grc' dir='ltr'>ἥμαρτόν</span> <span class='ocrx_word' id='word_1_622' title='bbox 2491 3643 2541 3679; x_wconf 92' lang='grc' dir='ltr'>τι</span> <span class='ocrx_word' id='word_1_623' title='bbox 2555 3628 2673 3680; x_wconf 87' lang='grc' dir='ltr'>κατ’</span> <span class='ocrx_word' id='word_1_624' title='bbox 2692 3626 2935 3691; x_wconf 89' lang='grc' dir='ltr'>ἐκείνων,</span> <span class='ocrx_word' id='word_1_625' title='bbox 2954 3625 3074 3678; x_wconf 81' lang='grc' dir='ltr'>οὐδέ</span> <span class='ocrx_word' id='word_1_626' title='bbox 3088 3628 3234 3679; x_wconf 90' lang='grc' dir='ltr'>ἐστιν</span> <span class='ocrx_word' id='word_1_627' title='bbox 3255 3626 3450 3696; x_wconf 81' lang='grc' dir='ltr'>ἀνομία</span> <span class='ocrx_word' id='word_1_628' title='bbox 3466 3643 3548 3689; x_wconf 88' lang='grc' dir='ltr'>τις</span> <span class='ocrx_word' id='word_1_629' title='bbox 3559 3625 3674 3694; x_wconf 76' lang='grc' dir='ltr'>παρ’</span> 
     </span>
    </p>
   </div>
   <div class='ocr_carea' id='block_1_84' title="bbox 2110 3713 3677 3790">
    <p class='ocr_par' dir='ltr' id='par_1_84' title="bbox 2110 3713 3677 3790">
     <span class='ocr_line' id='line_1_84' title="bbox 2110 3713 3677 3790; baseline -0.001 -20"><span class='ocrx_word' id='word_1_630' title='bbox 2110 3717 2270 3789; x_wconf 82' lang='grc' dir='ltr'>ἡμῶν</span> <span class='ocrx_word' id='word_1_631' title='bbox 2300 3717 2391 3770; x_wconf 75' lang='grc' dir='ltr'>ἐπὶ</span> <span class='ocrx_word' id='word_1_632' title='bbox 2419 3717 2594 3789; x_wconf 77' lang='grc' dir='ltr'>βλάϐῃ</span> <span class='ocrx_word' id='word_1_633' title='bbox 2617 3717 2725 3771; x_wconf 87' lang='grc' dir='ltr'><strong>τῶν</strong></span> <span class='ocrx_word' id='word_1_634' title='bbox 2757 3717 2967 3787; x_wconf 84' lang='grc' dir='ltr'>ἐχθρῶν</span> <span class='ocrx_word' id='word_1_635' title='bbox 2994 3717 3350 3788; x_wconf 60' lang='grc' dir='ltr'>ἐνεργηθεωα</span> <span class='ocrx_word' id='word_1_636' title='bbox 3369 3757 3383 3781; x_wconf 90' lang='grc'><strong>,</strong></span> <span class='ocrx_word' id='word_1_637' title='bbox 3414 3717 3502 3787; x_wconf 81' lang='grc' dir='ltr'>ἐφ’</span> <span class='ocrx_word' id='word_1_638' title='bbox 3594 3717 3677 3770; x_wconf 78' lang='grc' dir='ltr'>καὶ</span> 
     </span>
    </p>
   </div>
   <div class='ocr_carea' id='block_1_85' title="bbox 2112 3803 3676 3879">
    <p class='ocr_par' dir='ltr' id='par_1_85' title="bbox 2112 3803 3676 3879">
     <span class='ocr_line' id='line_1_85' title="bbox 2112 3803 3676 3879; baseline -0.001 -18"><span class='ocrx_word' id='word_1_639' title='bbox 2112 3808 2527 3879; x_wconf 80' lang='grc' dir='ltr'>παροξύνονται.</span> <span class='ocrx_word' id='word_1_640' title='bbox 2568 3810 2730 3861; x_wconf 75' lang='grc' dir='ltr'>’Ἄνευ</span> <span class='ocrx_word' id='word_1_641' title='bbox 2759 3809 2986 3878; x_wconf 88' lang='grc' dir='ltr'>ἀνομίας</span> <span class='ocrx_word' id='word_1_642' title='bbox 3011 3803 3079 3879; x_wconf 76' lang='grc' dir='ltr'>ἦν</span> <span class='ocrx_word' id='word_1_643' title='bbox 3106 3810 3238 3879; x_wconf 76' lang='grc' dir='ltr'>ἡμῖν</span> <span class='ocrx_word' id='word_1_644' title='bbox 3265 3810 3294 3860; x_wconf 87' lang='grc' dir='ltr'><strong>ὀ</strong></span> <span class='ocrx_word' id='word_1_645' title='bbox 3327 3810 3545 3879; x_wconf 83' lang='grc' dir='ltr'>πρῶτος</span> <span class='ocrx_word' id='word_1_646' title='bbox 3570 3808 3676 3879; x_wconf 86' lang='grc' dir='ltr'>δρό-</span> 
     </span>
    </p>
   </div>
   <div class='ocr_carea' id='block_1_86' title="bbox 2116 3891 3676 3968">
    <p class='ocr_par' dir='ltr' id='par_1_86' title="bbox 2116 3891 3676 3968">
     <span class='ocr_line' id='line_1_86' title="bbox 2116 3891 3676 3968; baseline -0.001 -20"><span class='ocrx_word' id='word_1_647' title='bbox 2116 3911 2235 3965; x_wconf 91' lang='grc' dir='ltr'>μος.</span> <span class='ocrx_word' id='word_1_648' title='bbox 2291 3895 2430 3948; x_wconf 83' lang='grc' dir='ltr'>Ἀλλ’</span> <span class='ocrx_word' id='word_1_649' title='bbox 2457 3895 2566 3949; x_wconf 80' lang='grc' dir='ltr'>ἰδοὺ</span> <span class='ocrx_word' id='word_1_650' title='bbox 2591 3896 2660 3950; x_wconf 84' lang='grc' dir='ltr'>τὰ</span> <span class='ocrx_word' id='word_1_651' title='bbox 2690 3897 2888 3961; x_wconf 84' lang='grc' dir='ltr'>πάντα,</span> <span class='ocrx_word' id='word_1_652' title='bbox 2920 3896 3106 3968; x_wconf 68' lang='grc' dir='ltr'>φησιν,</span> <span class='ocrx_word' id='word_1_653' title='bbox 3158 3891 3248 3950; x_wconf 74' lang='grc' dir='ltr'>οἷά</span> <span class='ocrx_word' id='word_1_654' title='bbox 3275 3898 3410 3951; x_wconf 90' lang='grc' dir='ltr'>ἐστι.</span> <span class='ocrx_word' id='word_1_655' title='bbox 3448 3899 3555 3953; x_wconf 85' lang='grc' dir='ltr'><strong>Ἴδε</strong></span> <span class='ocrx_word' id='word_1_656' title='bbox 3595 3897 3676 3950; x_wconf 82' lang='grc' dir='ltr'>καὶ</span> 
     </span>
    </p>
   </div>
   <div class='ocr_carea' id='block_1_87' title="bbox 2113 3987 3675 4062">
    <p class='ocr_par' dir='ltr' id='par_1_87' title="bbox 2113 3987 3675 4062">
     <span class='ocr_line' id='line_1_87' title="bbox 2113 3987 3675 4062; baseline -0.001 -21"><span class='ocrx_word' id='word_1_657' title='bbox 2113 3988 2352 4060; x_wconf 85' lang='grc' dir='ltr'>πρόσχες</span> <span class='ocrx_word' id='word_1_658' title='bbox 2404 3987 2499 4041; x_wconf 87' lang='grc' dir='ltr'><strong>τοῦ</strong></span> <span class='ocrx_word' id='word_1_659' title='bbox 2545 3988 2966 4059; x_wconf 74' lang='grc' dir='ltr'>ἐπισκέψασθαι.</span> <span class='ocrx_word' id='word_1_660' title='bbox 3034 3990 3145 4044; x_wconf 74' lang='grc' dir='ltr'><strong>Καὶ</strong></span> <span class='ocrx_word' id='word_1_661' title='bbox 3193 3989 3267 4061; x_wconf 80' lang='grc' dir='ltr'>μὴ</span> <span class='ocrx_word' id='word_1_662' title='bbox 3315 3989 3556 4062; x_wconf 72' lang='grc' dir='ltr'>ἀναβάλῃ</span> <span class='ocrx_word' id='word_1_663' title='bbox 3600 3988 3675 4042; x_wconf 80' lang='grc' dir='ltr'>διὰ</span> 
     </span>
    </p>
   </div>
   <div class='ocr_carea' id='block_1_88' title="bbox 2115 4079 3676 4152">
    <p class='ocr_par' dir='ltr' id='par_1_88' title="bbox 2115 4079 3676 4152">
     <span class='ocr_line' id='line_1_88' title="bbox 2115 4079 3676 4152; baseline 0 -19"><span class='ocrx_word' id='word_1_664' title='bbox 2115 4079 2521 4149; x_wconf 85' lang='grc' dir='ltr'>φιλανθρωπίας</span> <span class='ocrx_word' id='word_1_665' title='bbox 2553 4079 2696 4133; x_wconf 85' lang='grc' dir='ltr'>κατὰ</span> <span class='ocrx_word' id='word_1_666' title='bbox 2729 4079 2838 4135; x_wconf 86' lang='grc' dir='ltr'><strong>τῶν</strong></span> <span class='ocrx_word' id='word_1_667' title='bbox 2883 4080 3428 4152; x_wconf 85' lang='grc' dir='ltr'>πεπλημμεληκότων</span> <span class='ocrx_word' id='word_1_668' title='bbox 3472 4082 3676 4147; x_wconf 81' lang='grc' dir='ltr'>ἐκδίκη-</span> 
     </span>
    </p>
   </div>
   <div class='ocr_carea' id='block_1_89' title="bbox 2116 4170 3680 4245">
    <p class='ocr_par' dir='ltr' id='par_1_89' title="bbox 2116 4170 3680 4245">
     <span class='ocr_line' id='line_1_89' title="bbox 2116 4170 3680 4245; baseline -0.002 -21"><span class='ocrx_word' id='word_1_669' title='bbox 2116 4189 2220 4225; x_wconf 90' lang='grc' dir='ltr'>σιν.</span> <span class='ocrx_word' id='word_1_670' title='bbox 2253 4189 2271 4222; x_wconf 77' lang='lat' dir='ltr'><strong>t</strong></span> <span class='ocrx_word' id='word_1_671' title='bbox 2314 4171 2407 4241; x_wconf 84' lang='grc' dir='ltr'><strong>Μὴ</strong></span> <span class='ocrx_word' id='word_1_672' title='bbox 2434 4172 2831 4245; x_wconf 75' lang='grc' dir='ltr'>οἰκτειρήσῃς,›</span> <span class='ocrx_word' id='word_1_673' title='bbox 2869 4171 3014 4243; x_wconf 84' lang='grc' dir='ltr'>γὰρ,</span> <span class='ocrx_word' id='word_1_674' title='bbox 3048 4173 3234 4244; x_wconf 81' lang='grc' dir='ltr'>φησὶν,</span> <span class='ocrx_word' id='word_1_675' title='bbox 3271 4192 3290 4224; x_wconf 85' lang='grc'><strong>(</strong></span> <span class='ocrx_word' id='word_1_676' title='bbox 3325 4173 3534 4238; x_wconf 82' lang='grc' dir='ltr'>πάντας</span> <span class='ocrx_word' id='word_1_677' title='bbox 3561 4170 3680 4230; x_wconf 74' lang='grc' dir='ltr'>τοὺς</span> 
     </span>
    </p>
   </div>
   <div class='ocr_carea' id='block_1_90' title="bbox 2113 4262 2965 4334">
    <p class='ocr_par' dir='ltr' id='par_1_90' title="bbox 2113 4262 2965 4334">
     <span class='ocr_line' id='line_1_90' title="bbox 2113 4262 2965 4334; baseline 0.002 -20"><span class='ocrx_word' id='word_1_678' title='bbox 2113 4263 2512 4334; x_wconf 80' lang='grc' dir='ltr'>ἐργαζομένους</span> <span class='ocrx_word' id='word_1_679' title='bbox 2535 4262 2632 4332; x_wconf 80' lang='grc' dir='ltr'>τὴν</span> <span class='ocrx_word' id='word_1_680' title='bbox 2659 4263 2906 4333; x_wconf 85' lang='grc' dir='ltr'>ἀνομίαν.</span> <span class='ocrx_word' id='word_1_681' title='bbox 2946 4283 2965 4316; x_wconf 80' lang='grc' dir='ltr'><strong>ι</strong></span> 
     </span>
    </p>
   </div>
   <div class='ocr_carea' id='block_1_91' title="bbox 2183 4352 3676 4428">
    <p class='ocr_par' dir='ltr' id='par_1_91' title="bbox 2183 4352 3676 4428">
     <span class='ocr_line' id='line_1_91' title="bbox 2183 4352 3676 4428; baseline -0.001 -20"><span class='ocrx_word' id='word_1_682' title='bbox 2183 4352 2316 4408; x_wconf 76' lang='grc' dir='ltr'>Εἶτα</span> <span class='ocrx_word' id='word_1_683' title='bbox 2349 4354 2574 4426; x_wconf 79' lang='grc' dir='ltr'>μετάγει</span> <span class='ocrx_word' id='word_1_684' title='bbox 2589 4356 2678 4408; x_wconf 86' lang='grc' dir='ltr'>τὸν</span> <span class='ocrx_word' id='word_1_685' title='bbox 2696 4355 2852 4424; x_wconf 87' lang='grc' dir='ltr'>λόγον</span> <span class='ocrx_word' id='word_1_686' title='bbox 2869 4357 2960 4410; x_wconf 78' lang='grc' dir='ltr'>ἐπὶ</span> <span class='ocrx_word' id='word_1_687' title='bbox 2983 4355 3042 4409; x_wconf 80' lang='grc' dir='ltr'><strong>τὸ</strong></span> <span class='ocrx_word' id='word_1_688' title='bbox 3061 4356 3458 4428; x_wconf 80' lang='grc' dir='ltr'>ὑπερκείμενον</span> <span class='ocrx_word' id='word_1_689' title='bbox 3483 4356 3676 4428; x_wconf 53' lang='grc' dir='ltr'>πρόσω-</span> 
     </span>
    </p>
   </div>
   <div class='ocr_carea' id='block_1_92' title="bbox 2114 4444 3676 4519">
    <p class='ocr_par' dir='ltr' id='par_1_92' title="bbox 2114 4444 3676 4519">
     <span class='ocr_line' id='line_1_92' title="bbox 2114 4444 3676 4519; baseline -0.002 -19"><span class='ocrx_word' id='word_1_690' title='bbox 2114 4465 2234 4511; x_wconf 89' lang='grc' dir='ltr'>πον,</span> <span class='ocrx_word' id='word_1_691' title='bbox 2253 4447 2345 4500; x_wconf 87' lang='grc' dir='ltr'><strong>καί</strong></span> <span class='ocrx_word' id='word_1_692' title='bbox 2367 4464 2531 4516; x_wconf 83' lang='grc' dir='ltr'>φησιν</span> <span class='ocrx_word' id='word_1_693' title='bbox 2551 4448 2625 4511; x_wconf 88' lang='grc' dir='ltr'><strong>ώς</strong></span> <span class='ocrx_word' id='word_1_694' title='bbox 2657 4449 2722 4500; x_wconf 90' lang='grc' dir='ltr'><strong>ἐκ</strong></span> <span class='ocrx_word' id='word_1_695' title='bbox 2742 4447 3030 4518; x_wconf 85' lang='grc' dir='ltr'>προσώπου</span> <span class='ocrx_word' id='word_1_696' title='bbox 3051 4448 3143 4501; x_wconf 89' lang='grc' dir='ltr'><strong>τοῦ</strong></span> <span class='ocrx_word' id='word_1_697' title='bbox 3156 4449 3251 4519; x_wconf 83' lang='grc' dir='ltr'>τῆς</span> <span class='ocrx_word' id='word_1_698' title='bbox 3266 4448 3430 4518; x_wconf 80' lang='grc' dir='ltr'>εὐχῆς</span> <span class='ocrx_word' id='word_1_699' title='bbox 3460 4444 3676 4501; x_wconf 80' lang='grc' dir='ltr'>ἐπακού-</span> 
     </span>
    </p>
   </div>
   <div class='ocr_carea' id='block_1_93' title="bbox 428 4531 2007 4612">
    <p class='ocr_par' dir='ltr' id='par_1_93' title="bbox 428 4537 2007 4607">
     <span class='ocr_line' id='line_1_93' title="bbox 428 4537 2007 4607; baseline 0.005 -21"><span class='ocrx_word' id='word_1_700' title='bbox 428 4537 585 4600; x_wconf 85' lang='lat' dir='ltr'><strong>verit,</strong></span> <span class='ocrx_word' id='word_1_701' title='bbox 615 4539 752 4591; x_wconf 92' lang='lat' dir='ltr'><strong>istos</strong></span> <span class='ocrx_word' id='word_1_702' title='bbox 780 4537 963 4592; x_wconf 86' lang='lat' dir='ltr'><strong>hostes</strong></span> <span class='ocrx_word' id='word_1_703' title='bbox 987 4537 1052 4590; x_wconf 92' lang='lat' dir='ltr'><strong>ad</strong></span> <span class='ocrx_word' id='word_1_704' title='bbox 1072 4553 1351 4607; x_wconf 88' lang='lat' dir='ltr'><strong>vesperam</strong></span> <span class='ocrx_word' id='word_1_705' title='bbox 1380 4553 1703 4594; x_wconf 85' lang='lat' dir='ltr'><strong>conversum</strong></span> <span class='ocrx_word' id='word_1_706' title='bbox 1730 4539 1817 4592; x_wconf 91' lang='lat' dir='ltr'><strong>iri.</strong></span> <span class='ocrx_word' id='word_1_707' title='bbox 1854 4539 2007 4605; x_wconf 84' lang='lat' dir='ltr'><strong>Quod</strong></span> 
     </span>
    </p>
   </div>
   <div class='ocr_carea' id='block_1_94' title="bbox 2111 4531 3676 4612">
    <p class='ocr_par' dir='ltr' id='par_1_94' title="bbox 2116 4531 3676 4612">
     <span class='ocr_line' id='line_1_94' title="bbox 2116 4531 3676 4612; baseline -0.001 -21"><span class='ocrx_word' id='word_1_708' title='bbox 2116 4556 2326 4605; x_wconf 84' lang='grc' dir='ltr'>σαντος,</span> <span class='ocrx_word' id='word_1_709' title='bbox 2344 4540 2424 4592; x_wconf 84' lang='grc' dir='ltr'>ὅτι</span> <span class='ocrx_word' id='word_1_710' title='bbox 2439 4531 2585 4592; x_wconf 73' lang='grc' dir='ltr'>οὗτοι</span> <span class='ocrx_word' id='word_1_711' title='bbox 2599 4541 2650 4592; x_wconf 72' lang='lat' dir='ltr'><strong>oi</strong></span> <span class='ocrx_word' id='word_1_712' title='bbox 2666 4539 2850 4612; x_wconf 79' lang='grc' dir='ltr'>ἐχθροὶ</span> <span class='ocrx_word' id='word_1_713' title='bbox 2864 4543 2943 4604; x_wconf 87' lang='grc' dir='ltr'>εἰς</span> <span class='ocrx_word' id='word_1_714' title='bbox 2966 4540 3065 4610; x_wconf 79' lang='grc' dir='ltr'><strong>τὴν</strong></span> <span class='ocrx_word' id='word_1_715' title='bbox 3081 4540 3317 4611; x_wconf 85' lang='grc' dir='ltr'>ἐσπέραν</span> <span class='ocrx_word' id='word_1_716' title='bbox 3334 4541 3540 4593; x_wconf 87' lang='grc' dir='ltr'>ἐαυτῶν</span> <span class='ocrx_word' id='word_1_717' title='bbox 3571 4540 3676 4591; x_wconf 84' lang='grc' dir='ltr'>ἐπι-</span> 
     </span>
    </p>
   </div>
   <div class='ocr_carea' id='block_1_95' title="bbox 429 4628 2007 4702">
    <p class='ocr_par' dir='ltr' id='par_1_95' title="bbox 429 4628 2007 4698">
     <span class='ocr_line' id='line_1_95' title="bbox 429 4628 2007 4698; baseline 0.003 -16"><span class='ocrx_word' id='word_1_718' title='bbox 429 4628 562 4682; x_wconf 88' lang='lat' dir='ltr'><strong>nihil</strong></span> <span class='ocrx_word' id='word_1_719' title='bbox 597 4628 743 4682; x_wconf 88' lang='lat' dir='ltr'><strong>aliud</strong></span> <span class='ocrx_word' id='word_1_720' title='bbox 776 4639 879 4691; x_wconf 85' lang='lat' dir='ltr'><strong>est,</strong></span> <span class='ocrx_word' id='word_1_721' title='bbox 915 4643 1077 4696; x_wconf 90' lang='lat' dir='ltr'><strong>quam</strong></span> <span class='ocrx_word' id='word_1_722' title='bbox 1130 4628 1279 4698; x_wconf 82' lang='lat' dir='ltr'><strong>ipsos</strong></span> <span class='ocrx_word' id='word_1_723' title='bbox 1324 4629 1379 4683; x_wconf 85' lang='lat' dir='ltr'><strong>in</strong></span> <span class='ocrx_word' id='word_1_724' title='bbox 1422 4630 1676 4685; x_wconf 84' lang='lat' dir='ltr'><strong>tenebras</strong></span> <span class='ocrx_word' id='word_1_725' title='bbox 1714 4631 2007 4686; x_wconf 85' lang='lat' dir='ltr'><strong>exteriores</strong></span> 
     </span>
    </p>
   </div>
   <div class='ocr_carea' id='block_1_96' title="bbox 2111 4628 3676 4702">
    <p class='ocr_par' dir='ltr' id='par_1_96' title="bbox 2120 4629 3676 4702">
     <span class='ocr_line' id='line_1_96' title="bbox 2120 4629 3676 4702; baseline -0.001 -20"><span class='ocrx_word' id='word_1_726' title='bbox 2120 4629 2643 4700; x_wconf 77' lang='grc' dir='ltr'>στρέψουσιν.”οπερ</span> <span class='ocrx_word' id='word_1_727' title='bbox 2653 4629 2940 4685; x_wconf 77' lang='grc' dir='ltr'>οὺδένᾶλλο</span> <span class='ocrx_word' id='word_1_728' title='bbox 2957 4629 3161 4702; x_wconf 74' lang='grc' dir='ltr'>ἐστὶν,ἢ</span> <span class='ocrx_word' id='word_1_729' title='bbox 3175 4633 3254 4684; x_wconf 85' lang='grc' dir='ltr'><strong>ὅτι</strong></span> <span class='ocrx_word' id='word_1_730' title='bbox 3266 4635 3346 4696; x_wconf 83' lang='grc' dir='ltr'><strong>είς</strong></span> <span class='ocrx_word' id='word_1_731' title='bbox 3359 4633 3420 4684; x_wconf 82' lang='grc' dir='ltr'><strong>τὸ</strong></span> <span class='ocrx_word' id='word_1_732' title='bbox 3436 4631 3676 4700; x_wconf 79' lang='grc' dir='ltr'>ἐξώτερον</span> 
     </span>
    </p>
   </div>
   <div class='ocr_carea' id='block_1_97' title="bbox 429 4718 2007 4794">
    <p class='ocr_par' dir='ltr' id='par_1_97' title="bbox 429 4723 2007 4794">
     <span class='ocr_line' id='line_1_97' title="bbox 429 4723 2007 4794; baseline 0.001 -19"><span class='ocrx_word' id='word_1_733' title='bbox 429 4723 714 4791; x_wconf 75' lang='lat' dir='ltr'><strong>expulsum</strong></span> <span class='ocrx_word' id='word_1_734' title='bbox 750 4723 814 4775; x_wconf 91' lang='lat' dir='ltr'><strong>iri</strong></span> <span class='ocrx_word' id='word_1_735' title='bbox 839 4740 852 4775; x_wconf 74' lang='grc' dir='ltr'><strong><em>τ</em></strong></span> <span class='ocrx_word' id='word_1_736' title='bbox 884 4738 1009 4776; x_wconf 91' lang='lat' dir='ltr'><strong>nam</strong></span> <span class='ocrx_word' id='word_1_737' title='bbox 1038 4738 1261 4794; x_wconf 75' lang='lat' dir='ltr'><strong>veSpera</strong></span> <span class='ocrx_word' id='word_1_738' title='bbox 1287 4724 1538 4793; x_wconf 86' lang='lat' dir='ltr'><strong>caliginis</strong></span> <span class='ocrx_word' id='word_1_739' title='bbox 1569 4724 1896 4793; x_wconf 90' lang='lat' dir='ltr'><strong>principium</strong></span> <span class='ocrx_word' id='word_1_740' title='bbox 1925 4732 2007 4779; x_wconf 85' lang='lat' dir='ltr'><strong>est</strong></span> 
     </span>
    </p>
   </div>
   <div class='ocr_carea' id='block_1_98' title="bbox 2111 4718 3676 4794">
    <p class='ocr_par' dir='ltr' id='par_1_98' title="bbox 2120 4718 3676 4794">
     <span class='ocr_line' id='line_1_98' title="bbox 2120 4718 3676 4794; baseline 0 -23"><span class='ocrx_word' id='word_1_741' title='bbox 2120 4719 2308 4783; x_wconf 84' lang='grc' dir='ltr'>σκότος</span> <span class='ocrx_word' id='word_1_742' title='bbox 2329 4718 2834 4791; x_wconf 79' lang='grc' dir='ltr'>συνελασθήσονται.</span> <span class='ocrx_word' id='word_1_743' title='bbox 2865 4721 3053 4792; x_wconf 83' lang='grc' dir='ltr'>Ἠγάρ</span> <span class='ocrx_word' id='word_1_744' title='bbox 3073 4722 3281 4794; x_wconf 80' lang='grc' dir='ltr'>ἑσπέρα</span> <span class='ocrx_word' id='word_1_745' title='bbox 3300 4724 3520 4786; x_wconf 83' lang='grc' dir='ltr'>σκότους</span> <span class='ocrx_word' id='word_1_746' title='bbox 3549 4724 3676 4791; x_wconf 60' lang='grc' dir='ltr'>γίνερ</span> 
     </span>
    </p>
   </div>
   <div class='ocr_carea' id='block_1_99' title="bbox 429 4813 2010 4884">
    <p class='ocr_par' dir='ltr' id='par_1_99' title="bbox 429 4813 2010 4884">
     <span class='ocr_line' id='line_1_99' title="bbox 429 4813 2010 4884; baseline 0.002 -16"><span class='ocrx_word' id='word_1_747' title='bbox 429 4821 486 4868; x_wconf 83' lang='grc' dir='ltr'><strong>ει</strong></span> <span class='ocrx_word' id='word_1_748' title='bbox 520 4813 774 4882; x_wconf 73' lang='lat' dir='ltr'><strong>genitrix.</strong></span> <span class='ocrx_word' id='word_1_749' title='bbox 811 4832 827 4862; x_wconf 77' lang='grc' dir='ltr'><strong>ι</strong></span> <span class='ocrx_word' id='word_1_750' title='bbox 851 4814 915 4866; x_wconf 86' lang='grc' dir='ltr'><strong>Ει</strong></span> <span class='ocrx_word' id='word_1_751' title='bbox 940 4813 1132 4869; x_wconf 82' lang='lat' dir='ltr'><strong>famem</strong></span> <span class='ocrx_word' id='word_1_752' title='bbox 1169 4815 1442 4884; x_wconf 85' lang='lat' dir='ltr'><strong>patientur</strong></span> <span class='ocrx_word' id='word_1_753' title='bbox 1467 4822 1524 4868; x_wconf 89' lang='lat' dir='ltr'><strong>ut</strong></span> <span class='ocrx_word' id='word_1_754' title='bbox 1553 4830 1770 4870; x_wconf 62' lang='lat' dir='ltr'><strong>canes.»</strong></span> <span class='ocrx_word' id='word_1_755' title='bbox 1799 4814 2010 4881; x_wconf 86' lang='lat' dir='ltr'><strong>Quibus</strong></span> 
     </span>
    </p>
   </div>
   <div class='ocr_carea' id='block_1_100' title="bbox 431 4903 2010 4974">
    <p class='ocr_par' dir='ltr' id='par_1_100' title="bbox 431 4903 2010 4974">
     <span class='ocr_line' id='line_1_100' title="bbox 431 4903 2010 4974; baseline 0.002 -17"><span class='ocrx_word' id='word_1_756' title='bbox 431 4904 578 4957; x_wconf 80' lang='lat' dir='ltr'><strong>enim</strong></span> <span class='ocrx_word' id='word_1_757' title='bbox 615 4903 810 4956; x_wconf 88' lang='lat' dir='ltr'><strong>salutis</strong></span> <span class='ocrx_word' id='word_1_758' title='bbox 839 4903 1092 4956; x_wconf 88' lang='lat' dir='ltr'><strong>viaticum</strong></span> <span class='ocrx_word' id='word_1_759' title='bbox 1126 4919 1235 4958; x_wconf 91' lang='lat' dir='ltr'><strong>non</strong></span> <span class='ocrx_word' id='word_1_760' title='bbox 1268 4905 1529 4974; x_wconf 88' lang='lat' dir='ltr'><strong>&#39;suppetit,</strong></span> <span class='ocrx_word' id='word_1_761' title='bbox 1567 4906 1668 4960; x_wconf 86' lang='lat' dir='ltr'><strong>hos</strong></span> <span class='ocrx_word' id='word_1_762' title='bbox 1700 4906 2010 4960; x_wconf 83' lang='lat' dir='ltr'><strong>necessario</strong></span> 
     </span>
    </p>
   </div>
   <div class='ocr_carea' id='block_1_101' title="bbox 432 4993 2013 5064">
    <p class='ocr_par' dir='ltr' id='par_1_101' title="bbox 432 4993 2013 5064">
     <span class='ocr_line' id='line_1_101' title="bbox 432 4993 2013 5064; baseline 0 -14"><span class='ocrx_word' id='word_1_763' title='bbox 432 5001 801 5062; x_wconf 88' lang='lat' dir='ltr'><strong>consequetur</strong></span> <span class='ocrx_word' id='word_1_764' title='bbox 829 5009 896 5048; x_wconf 84' lang='lat' dir='ltr'><strong>ex</strong></span> <span class='ocrx_word' id='word_1_765' title='bbox 921 4993 1062 5049; x_wconf 77' lang='lat' dir='ltr'><strong>fame</strong></span> <span class='ocrx_word' id='word_1_766' title='bbox 1087 4997 1311 5064; x_wconf 81' lang='lat' dir='ltr'><strong>penuria</strong></span> <span class='ocrx_word' id='word_1_767' title='bbox 1347 4997 1634 5050; x_wconf 89' lang='lat' dir='ltr'><strong>bonorum.</strong></span> <span class='ocrx_word' id='word_1_768' title='bbox 1666 4994 1758 5051; x_wconf 92' lang='lat' dir='ltr'><strong>Sic</strong></span> <span class='ocrx_word' id='word_1_769' title='bbox 1785 4997 2013 5051; x_wconf 90' lang='lat' dir='ltr'><strong>esurivit</strong></span> 
     </span>
    </p>
   </div>
   <div class='ocr_carea' id='block_1_102' title="bbox 434 5085 2018 5156">
    <p class='ocr_par' dir='ltr' id='par_1_102' title="bbox 434 5085 2018 5156">
     <span class='ocr_line' id='line_1_102' title="bbox 434 5085 2018 5156; baseline -0.001 -14"><span class='ocrx_word' id='word_1_770' title='bbox 434 5089 489 5142; x_wconf 92' lang='lat' dir='ltr'><strong>in</strong></span> <span class='ocrx_word' id='word_1_771' title='bbox 522 5086 740 5141; x_wconf 83' lang='lat' dir='ltr'><strong>inferno</strong></span> <span class='ocrx_word' id='word_1_772' title='bbox 765 5085 918 5141; x_wconf 85' lang='lat' dir='ltr'><strong>dives</strong></span> <span class='ocrx_word' id='word_1_773' title='bbox 945 5086 1129 5140; x_wconf 90' lang='lat' dir='ltr'><strong>divino</strong></span> <span class='ocrx_word' id='word_1_774' title='bbox 1157 5085 1451 5141; x_wconf 90' lang='lat' dir='ltr'><strong>destitutus</strong></span> <span class='ocrx_word' id='word_1_775' title='bbox 1481 5102 1626 5150; x_wconf 89' lang='lat' dir='ltr'><strong>rore,</strong></span> <span class='ocrx_word' id='word_1_776' title='bbox 1673 5095 1728 5141; x_wconf 90' lang='lat' dir='ltr'><strong>et</strong></span> <span class='ocrx_word' id='word_1_777' title='bbox 1769 5087 1898 5156; x_wconf 89' lang='lat' dir='ltr'><strong>quia</strong></span> <span class='ocrx_word' id='word_1_778' title='bbox 1949 5088 2018 5141; x_wconf 90' lang='lat' dir='ltr'><strong>ab</strong></span> 
     </span>
    </p>
   </div>
   <div class='ocr_carea' id='block_1_103' title="bbox 435 5177 2018 5248">
    <p class='ocr_par' dir='ltr' id='par_1_103' title="bbox 435 5177 2018 5248">
     <span class='ocr_line' id='line_1_103' title="bbox 435 5177 2018 5248; baseline -0.001 -15"><span class='ocrx_word' id='word_1_779' title='bbox 435 5181 520 5234; x_wconf 91' lang='lat' dir='ltr'><strong>his</strong></span> <span class='ocrx_word' id='word_1_780' title='bbox 563 5179 720 5233; x_wconf 82' lang='lat' dir='ltr'><strong>bonis</strong></span> <span class='ocrx_word' id='word_1_781' title='bbox 757 5179 1058 5248; x_wconf 89' lang='lat' dir='ltr'><strong>imparatus</strong></span> <span class='ocrx_word' id='word_1_782' title='bbox 1103 5184 1240 5239; x_wconf 86' lang='lat' dir='ltr'><strong>erat,</strong></span> <span class='ocrx_word' id='word_1_783' title='bbox 1273 5177 1395 5232; x_wconf 90' lang='lat' dir='ltr'><strong>ideo</strong></span> <span class='ocrx_word' id='word_1_784' title='bbox 1420 5178 1653 5234; x_wconf 83' lang='lat' dir='ltr'><strong>ﬂammis</strong></span> <span class='ocrx_word' id='word_1_785' title='bbox 1684 5178 1794 5233; x_wconf 92' lang='lat' dir='ltr'><strong>illis</strong></span> <span class='ocrx_word' id='word_1_786' title='bbox 1824 5193 2018 5232; x_wconf 80' lang='lat' dir='ltr'><strong>exure-</strong></span> 
     </span>
    </p>
   </div>
   <div class='ocr_carea' id='block_1_104' title="bbox 434 5267 2015 5336">
    <p class='ocr_par' dir='ltr' id='par_1_104' title="bbox 434 5267 2015 5336">
     <span class='ocr_line' id='line_1_104' title="bbox 434 5267 2015 5336; baseline -0.002 -12"><span class='ocrx_word' id='word_1_787' title='bbox 434 5269 669 5324; x_wconf 80' lang='lat' dir='ltr'><strong>batur&quot;.</strong></span> <span class='ocrx_word' id='word_1_788' title='bbox 693 5268 796 5323; x_wconf 87' lang='lat' dir='ltr'><strong>Sed</strong></span> <span class='ocrx_word' id='word_1_789' title='bbox 816 5280 871 5324; x_wconf 91' lang='lat' dir='ltr'><strong>et</strong></span> <span class='ocrx_word' id='word_1_790' title='bbox 889 5288 908 5319; x_wconf 79' lang='grc' dir='ltr'>ι</span> <span class='ocrx_word' id='word_1_791' title='bbox 933 5267 1245 5322; x_wconf 88' lang='lat' dir='ltr'><strong>circuibunt</strong></span> <span class='ocrx_word' id='word_1_792' title='bbox 1283 5268 1579 5332; x_wconf 83' lang='lat' dir='ltr'><strong>civitatem,</strong></span> <span class='ocrx_word' id='word_1_793' title='bbox 1601 5285 1621 5320; x_wconf 83' lang='grc'><strong>›</strong></span> <span class='ocrx_word' id='word_1_794' title='bbox 1664 5268 1861 5336; x_wconf 86' lang='lat' dir='ltr'><strong>inquit.</strong></span> <span class='ocrx_word' id='word_1_795' title='bbox 1914 5269 2015 5323; x_wconf 85' lang='lat' dir='ltr'><strong>Cui</strong></span> 
     </span>
    </p>
   </div>
   <div class='ocr_carea' id='block_1_105' title="bbox 435 5358 2020 5427">
    <p class='ocr_par' dir='ltr' id='par_1_105' title="bbox 435 5358 2020 5427">
     <span class='ocr_line' id='line_1_105' title="bbox 435 5358 2020 5427; baseline 0.001 -15"><span class='ocrx_word' id='word_1_796' title='bbox 435 5360 598 5413; x_wconf 90' lang='lat' dir='ltr'><strong>talem</strong></span> <span class='ocrx_word' id='word_1_797' title='bbox 623 5361 924 5427; x_wconf 86' lang='lat' dir='ltr'><strong>subjectam</strong></span> <span class='ocrx_word' id='word_1_798' title='bbox 953 5359 1281 5414; x_wconf 89' lang='lat' dir='ltr'><strong>sententiam</strong></span> <span class='ocrx_word' id='word_1_799' title='bbox 1312 5358 1572 5412; x_wconf 89' lang='lat' dir='ltr'><strong>arbitror.</strong></span> <span class='ocrx_word' id='word_1_800' title='bbox 1610 5359 1744 5413; x_wconf 90' lang='lat' dir='ltr'><strong>Cum</strong></span> <span class='ocrx_word' id='word_1_801' title='bbox 1773 5374 1937 5414; x_wconf 91' lang='lat' dir='ltr'><strong>omne</strong></span> <span class='ocrx_word' id='word_1_802' title='bbox 1967 5359 2020 5413; x_wconf 90' lang='lat' dir='ltr'><strong>id</strong></span> 
     </span>
    </p>
   </div>
   <div class='ocr_carea' id='block_1_106' title="bbox 437 5447 2019 5517">
    <p class='ocr_par' dir='ltr' id='par_1_106' title="bbox 437 5447 2019 5517">
     <span class='ocr_line' id='line_1_106' title="bbox 437 5447 2019 5517; baseline 0.001 -15"><span class='ocrx_word' id='word_1_803' title='bbox 437 5449 583 5517; x_wconf 90' lang='lat' dir='ltr'><strong>quod</strong></span> <span class='ocrx_word' id='word_1_804' title='bbox 610 5449 974 5515; x_wconf 81' lang='lat' dir='ltr'><strong>abjiciendum</strong></span> <span class='ocrx_word' id='word_1_805' title='bbox 1003 5457 1060 5504; x_wconf 89' lang='lat' dir='ltr'><strong>et</strong></span> <span class='ocrx_word' id='word_1_806' title='bbox 1089 5449 1283 5502; x_wconf 90' lang='lat' dir='ltr'><strong>inutile</strong></span> <span class='ocrx_word' id='word_1_807' title='bbox 1304 5457 1390 5503; x_wconf 88' lang='lat' dir='ltr'><strong>est</strong></span> <span class='ocrx_word' id='word_1_808' title='bbox 1414 5447 1480 5501; x_wconf 90' lang='lat' dir='ltr'><strong>ad</strong></span> <span class='ocrx_word' id='word_1_809' title='bbox 1510 5447 1808 5502; x_wconf 85' lang='lat' dir='ltr'><strong>viventium</strong></span> <span class='ocrx_word' id='word_1_810' title='bbox 1835 5465 2019 5513; x_wconf 92' lang='lat' dir='ltr'><strong>usum,</strong></span> 
     </span>
    </p>
   </div>
   <div class='ocr_carea' id='block_1_107' title="bbox 440 5536 2022 5606">
    <p class='ocr_par' dir='ltr' id='par_1_107' title="bbox 440 5536 2022 5606">
     <span class='ocr_line' id='line_1_107' title="bbox 440 5536 2022 5606; baseline 0.003 -18"><span class='ocrx_word' id='word_1_811' title='bbox 440 5536 693 5606; x_wconf 88' lang='lat' dir='ltr'><strong>ejiciatur</strong></span> <span class='ocrx_word' id='word_1_812' title='bbox 732 5547 887 5592; x_wconf 78' lang='lat' dir='ltr'><strong>extra</strong></span> <span class='ocrx_word' id='word_1_813' title='bbox 922 5539 1220 5602; x_wconf 89' lang='lat' dir='ltr'><strong>civitatem,</strong></span> <span class='ocrx_word' id='word_1_814' title='bbox 1261 5539 1376 5592; x_wconf 88' lang='lat' dir='ltr'><strong>sive</strong></span> <span class='ocrx_word' id='word_1_815' title='bbox 1402 5537 1636 5592; x_wconf 86' lang='lat' dir='ltr'><strong>cadaver</strong></span> <span class='ocrx_word' id='word_1_816' title='bbox 1687 5538 1870 5602; x_wconf 82' lang='lat' dir='ltr'><strong>fuerit,</strong></span> <span class='ocrx_word' id='word_1_817' title='bbox 1908 5544 2022 5593; x_wconf 85' lang='lat' dir='ltr'><strong>sive</strong></span> 
     </span>
    </p>
   </div>
   <div class='ocr_carea' id='block_1_108' title="bbox 441 5625 2021 5699">
    <p class='ocr_par' dir='ltr' id='par_1_108' title="bbox 441 5625 2021 5699">
     <span class='ocr_line' id='line_1_108' title="bbox 441 5625 2021 5699; baseline 0.003 -22"><span class='ocrx_word' id='word_1_818' title='bbox 441 5625 571 5694; x_wconf 88' lang='lat' dir='ltr'><strong>quid</strong></span> <span class='ocrx_word' id='word_1_819' title='bbox 593 5625 742 5678; x_wconf 88' lang='lat' dir='ltr'><strong>aliud</strong></span> <span class='ocrx_word' id='word_1_820' title='bbox 761 5636 1103 5697; x_wconf 88' lang='lat' dir='ltr'><strong>corruptum,</strong></span> <span class='ocrx_word' id='word_1_821' title='bbox 1134 5628 1250 5684; x_wconf 87' lang='lat' dir='ltr'><strong>sive</strong></span> <span class='ocrx_word' id='word_1_822' title='bbox 1278 5627 1598 5699; x_wconf 82' lang='lat' dir='ltr'><strong>graveolens</strong></span> <span class='ocrx_word' id='word_1_823' title='bbox 1616 5642 1854 5695; x_wconf 67' lang='lat' dir='ltr'><strong>caenum,</strong></span> <span class='ocrx_word' id='word_1_824' title='bbox 1873 5631 2021 5685; x_wconf 85' lang='lat' dir='ltr'><strong>circa</strong></span> 
     </span>
    </p>
   </div>
   <div class='ocr_carea' id='block_1_109' title="bbox 515 5797 1567 5876">
    <p class='ocr_par' dir='ltr' id='par_1_109' title="bbox 515 5797 1567 5876">
     <span class='ocr_line' id='line_1_109' title="bbox 515 5797 1567 5876; baseline 0.004 -21"><span class='ocrx_word' id='word_1_825' title='bbox 515 5797 741 5855; x_wconf 80' lang='lat' dir='ltr'><strong>&quot;Num.</strong></span> <span class='ocrx_word' id='word_1_826' title='bbox 770 5814 862 5872; x_wconf 81' lang='lat' dir='ltr'><strong>vn,</strong></span> <span class='ocrx_word' id='word_1_827' title='bbox 892 5803 958 5856; x_wconf 75' lang='grc'><strong>10</strong></span> <span class='ocrx_word' id='word_1_828' title='bbox 985 5814 1166 5874; x_wconf 85' lang='lat' dir='ltr'><strong>sqq.et</strong></span> <span class='ocrx_word' id='word_1_829' title='bbox 1190 5805 1316 5861; x_wconf 87' lang='lat' dir='ltr'><strong>alibi</strong></span> <span class='ocrx_word' id='word_1_830' title='bbox 1342 5806 1567 5876; x_wconf 87' lang='lat' dir='ltr'><strong>passim.</strong></span> 
     </span>
    </p>
   </div>
   <div class='ocr_carea' id='block_1_110' title="bbox 1682 5804 2294 5882">
    <p class='ocr_par' dir='ltr' id='par_1_110' title="bbox 1682 5804 2294 5882">
     <span class='ocr_line' id='line_1_110' title="bbox 1682 5804 2294 5882; baseline 0.003 -21"><span class='ocrx_word' id='word_1_831' title='bbox 1682 5808 1723 5840; x_wconf 71' lang='grc'><strong>⁸⁸</strong></span> <span class='ocrx_word' id='word_1_832' title='bbox 1750 5807 1921 5864; x_wconf 86' lang='lat' dir='ltr'><strong>chit.</strong></span> <span class='ocrx_word' id='word_1_833' title='bbox 1944 5826 2051 5874; x_wconf 73' lang='lat' dir='ltr'><strong>XVI,</strong></span> <span class='ocrx_word' id='word_1_834' title='bbox 2083 5804 2144 5866; x_wconf 72' lang='grc'><strong>15</strong></span> <span class='ocrx_word' id='word_1_835' title='bbox 2175 5826 2294 5882; x_wconf 74' lang='lat' dir='ltr'><strong>sqq.</strong></span> 
     </span>
    </p>
   </div>
   <div class='ocr_carea' id='block_1_111' title="bbox 2116 4807 3677 4882">
    <p class='ocr_par' dir='ltr' id='par_1_111' title="bbox 2116 4807 3677 4882">
     <span class='ocr_line' id='line_1_111' title="bbox 2116 4807 3677 4882; baseline 0.004 -18"><span class='ocrx_word' id='word_1_836' title='bbox 2116 4828 2205 4864; x_wconf 91' lang='grc' dir='ltr'>ται</span> <span class='ocrx_word' id='word_1_837' title='bbox 2226 4811 2366 4882; x_wconf 87' lang='grc' dir='ltr'>ἀρχή</span> <span class='ocrx_word' id='word_1_838' title='bbox 2388 4827 2446 4863; x_wconf 89' lang='grc' dir='ltr'><strong>τε</strong></span> <span class='ocrx_word' id='word_1_839' title='bbox 2462 4811 2552 4863; x_wconf 76' lang='grc' dir='ltr'>καὶ</span> <span class='ocrx_word' id='word_1_840' title='bbox 2575 4813 2777 4882; x_wconf 86' lang='grc' dir='ltr'>μήτηρ.</span> <span class='ocrx_word' id='word_1_841' title='bbox 2805 4812 2944 4864; x_wconf 76' lang='grc' dir='ltr'><strong>«Καὶ</strong></span> <span class='ocrx_word' id='word_1_842' title='bbox 2965 4811 3290 4882; x_wconf 80' lang='grc' dir='ltr'>λιμώξουσιν</span> <span class='ocrx_word' id='word_1_843' title='bbox 3305 4813 3379 4875; x_wconf 89' lang='grc' dir='ltr'><strong>ώς</strong></span> <span class='ocrx_word' id='word_1_844' title='bbox 3393 4811 3558 4869; x_wconf 81' lang='grc' dir='ltr'>κύων.</span> <span class='ocrx_word' id='word_1_845' title='bbox 3572 4807 3677 4870; x_wconf 75' lang='grc' dir='ltr'><strong>»Οἷς</strong></span> 
     </span>
    </p>
   </div>
   <div class='ocr_carea' id='block_1_112' title="bbox 2131 4897 3674 4972">
    <p class='ocr_par' dir='ltr' id='par_1_112' title="bbox 2131 4897 3674 4972">
     <span class='ocr_line' id='line_1_112' title="bbox 2131 4897 3674 4972; baseline -0.003 -20"><span class='ocrx_word' id='word_1_846' title='bbox 2131 4900 2227 4971; x_wconf 72' lang='grc' dir='ltr'><strong>γὰρ</strong></span> <span class='ocrx_word' id='word_1_847' title='bbox 2253 4901 2352 4954; x_wconf 83' lang='grc' dir='ltr'>οὐκ</span> <span class='ocrx_word' id='word_1_848' title='bbox 2377 4900 2494 4953; x_wconf 83' lang='grc' dir='ltr'>ἐστι</span> <span class='ocrx_word' id='word_1_849' title='bbox 2517 4901 2790 4972; x_wconf 84' lang='grc' dir='ltr'>σωτηρίας</span> <span class='ocrx_word' id='word_1_850' title='bbox 2812 4901 3046 4969; x_wconf 82' lang='grc' dir='ltr'>ἐφόδιον,</span> <span class='ocrx_word' id='word_1_851' title='bbox 3075 4901 3134 4968; x_wconf 79' lang='grc' dir='ltr'>ἐξ</span> <span class='ocrx_word' id='word_1_852' title='bbox 3162 4901 3406 4970; x_wconf 83' lang='grc' dir='ltr'>ἀνάγκης</span> <span class='ocrx_word' id='word_1_853' title='bbox 3438 4905 3470 4970; x_wconf 83' lang='grc' dir='ltr'>ἡ</span> <span class='ocrx_word' id='word_1_854' title='bbox 3510 4902 3569 4952; x_wconf 82' lang='grc' dir='ltr'><strong>ἐκ</strong></span> <span class='ocrx_word' id='word_1_855' title='bbox 3599 4897 3674 4950; x_wconf 85' lang='grc' dir='ltr'><strong>τοῦ</strong></span> 
     </span>
    </p>
   </div>
   <div class='ocr_carea' id='block_1_113' title="bbox 2118 4985 3676 5063">
    <p class='ocr_par' dir='ltr' id='par_1_113' title="bbox 2118 4985 3676 5063">
     <span class='ocr_line' id='line_1_113' title="bbox 2118 4985 3676 5063; baseline -0.001 -21"><span class='ocrx_word' id='word_1_856' title='bbox 2118 4989 2278 5059; x_wconf 90' lang='grc' dir='ltr'>λιμοῦ</span> <span class='ocrx_word' id='word_1_857' title='bbox 2315 4989 2425 5043; x_wconf 89' lang='grc' dir='ltr'><strong>τῶν</strong></span> <span class='ocrx_word' id='word_1_858' title='bbox 2461 4990 2684 5059; x_wconf 89' lang='grc' dir='ltr'>ἀγαθῶν</span> <span class='ocrx_word' id='word_1_859' title='bbox 2717 4992 3150 5063; x_wconf 81' lang='grc' dir='ltr'>ἐπακολουθήσει</span> <span class='ocrx_word' id='word_1_860' title='bbox 3193 4991 3558 5062; x_wconf 80' lang='grc' dir='ltr'>ταλαιπωρία.</span> <span class='ocrx_word' id='word_1_861' title='bbox 3594 4985 3676 5040; x_wconf 78' lang='grc' dir='ltr'><strong>Οὖ-</strong></span> 
     </span>
    </p>
   </div>
   <div class='ocr_carea' id='block_1_114' title="bbox 2118 5081 3672 5156">
    <p class='ocr_par' dir='ltr' id='par_1_114' title="bbox 2118 5081 3672 5156">
     <span class='ocr_line' id='line_1_114' title="bbox 2118 5081 3672 5156; baseline -0.006 -20"><span class='ocrx_word' id='word_1_862' title='bbox 2118 5101 2224 5146; x_wconf 86' lang='grc' dir='ltr'><strong>τως</strong></span> <span class='ocrx_word' id='word_1_863' title='bbox 2254 5083 2516 5154; x_wconf 79' lang='grc' dir='ltr'>ἐλίμωξεν</span> <span class='ocrx_word' id='word_1_864' title='bbox 2538 5085 2595 5136; x_wconf 90' lang='grc' dir='ltr'><strong>ἐν</strong></span> <span class='ocrx_word' id='word_1_865' title='bbox 2616 5082 2692 5154; x_wconf 81' lang='grc' dir='ltr'><strong>τῷ</strong></span> <span class='ocrx_word' id='word_1_866' title='bbox 2717 5083 2820 5156; x_wconf 72' lang='grc' dir='ltr'><strong>ᾅδῃ</strong></span> <span class='ocrx_word' id='word_1_867' title='bbox 2846 5086 2874 5137; x_wconf 85' lang='grc' dir='ltr'>ὁ</span> <span class='ocrx_word' id='word_1_868' title='bbox 2896 5083 3172 5149; x_wconf 88' lang='grc' dir='ltr'>πλούσιος,</span> <span class='ocrx_word' id='word_1_869' title='bbox 3200 5085 3297 5153; x_wconf 81' lang='grc' dir='ltr'><strong>τῆς</strong></span> <span class='ocrx_word' id='word_1_870' title='bbox 3321 5082 3470 5145; x_wconf 88' lang='grc' dir='ltr'>θείας</span> <span class='ocrx_word' id='word_1_871' title='bbox 3499 5081 3672 5151; x_wconf 77' lang='grc' dir='ltr'>δρόσου</span> 
     </span>
    </p>
   </div>
   <div class='ocr_carea' id='block_1_115' title="bbox 2119 5167 3672 5246">
    <p class='ocr_par' dir='ltr' id='par_1_115' title="bbox 2119 5167 3672 5246">
     <span class='ocr_line' id='line_1_115' title="bbox 2119 5167 3672 5246; baseline -0.005 -19"><span class='ocrx_word' id='word_1_872' title='bbox 2119 5175 2217 5246; x_wconf 80' lang='grc' dir='ltr'>ἕρη</span> <span class='ocrx_word' id='word_1_873' title='bbox 2227 5193 2324 5245; x_wconf 90' lang='grc' dir='ltr'><strong>μος</strong></span> <span class='ocrx_word' id='word_1_874' title='bbox 2347 5175 2444 5228; x_wconf 77' lang='grc' dir='ltr'><strong>ὤν’</strong></span> <span class='ocrx_word' id='word_1_875' title='bbox 2470 5176 2562 5229; x_wconf 78' lang='grc' dir='ltr'>καὶ</span> <span class='ocrx_word' id='word_1_876' title='bbox 2576 5176 2663 5228; x_wconf 87' lang='grc' dir='ltr'>διὰ</span> <span class='ocrx_word' id='word_1_877' title='bbox 2680 5176 2740 5228; x_wconf 85' lang='grc' dir='ltr'><strong>τὸ</strong></span> <span class='ocrx_word' id='word_1_878' title='bbox 2755 5176 3142 5246; x_wconf 83' lang='grc' dir='ltr'>ἀπαράσκευον</span> <span class='ocrx_word' id='word_1_879' title='bbox 3159 5175 3252 5228; x_wconf 88' lang='grc' dir='ltr'><strong>τοῦ</strong></span> <span class='ocrx_word' id='word_1_880' title='bbox 3271 5173 3512 5228; x_wconf 80' lang='grc' dir='ltr'>τοιούτου</span> <span class='ocrx_word' id='word_1_881' title='bbox 3535 5167 3672 5229; x_wconf 84' lang='grc' dir='ltr'>εἶναι,</span> 
     </span>
    </p>
   </div>
   <div class='ocr_carea' id='block_1_116' title="bbox 2119 5265 3671 5337">
    <p class='ocr_par' dir='ltr' id='par_1_116' title="bbox 2119 5265 3671 5337">
     <span class='ocr_line' id='line_1_116' title="bbox 2119 5265 3671 5337; baseline -0.009 -14"><span class='ocrx_word' id='word_1_882' title='bbox 2119 5269 2187 5337; x_wconf 79' lang='grc' dir='ltr'>τῇ</span> <span class='ocrx_word' id='word_1_883' title='bbox 2250 5267 2408 5336; x_wconf 77' lang='grc' dir='ltr'>φλογὶ</span> <span class='ocrx_word' id='word_1_884' title='bbox 2459 5267 2844 5335; x_wconf 85' lang='grc' dir='ltr'>κατεφλέγετο.</span> <span class='ocrx_word' id='word_1_885' title='bbox 2900 5267 3059 5320; x_wconf 85' lang='grc' dir='ltr'>Ἀλλά</span> <span class='ocrx_word' id='word_1_886' title='bbox 3108 5268 3203 5321; x_wconf 76' lang='grc' dir='ltr'><strong>καὶ</strong></span> <span class='ocrx_word' id='word_1_887' title='bbox 3262 5285 3281 5319; x_wconf 80' lang='grc' dir='ltr'><strong>ι</strong></span> <span class='ocrx_word' id='word_1_888' title='bbox 3337 5265 3671 5319; x_wconf 84' lang='grc' dir='ltr'>Κυκλώσουσι</span> 
     </span>
    </p>
   </div>
   <div class='ocr_carea' id='block_1_117' title="bbox 2117 5353 3672 5428">
    <p class='ocr_par' dir='ltr' id='par_1_117' title="bbox 2117 5353 3672 5428">
     <span class='ocr_line' id='line_1_117' title="bbox 2117 5353 3672 5428; baseline -0.002 -21"><span class='ocrx_word' id='word_1_889' title='bbox 2117 5356 2298 5419; x_wconf 78' lang='grc' dir='ltr'>πόλιν,</span> <span class='ocrx_word' id='word_1_890' title='bbox 2323 5375 2341 5407; x_wconf 70' lang='grc' dir='ltr'><strong>ι</strong></span> <span class='ocrx_word' id='word_1_891' title='bbox 2377 5358 2558 5426; x_wconf 75' lang='grc' dir='ltr'>φησίν.</span> <span class='ocrx_word' id='word_1_892' title='bbox 2599 5358 2777 5428; x_wconf 83' lang='grc' dir='ltr'>Ὅπερ</span> <span class='ocrx_word' id='word_1_893' title='bbox 2800 5356 3042 5410; x_wconf 87' lang='grc' dir='ltr'>τοιοῦτόν</span> <span class='ocrx_word' id='word_1_894' title='bbox 3079 5357 3167 5427; x_wconf 89' lang='grc' dir='ltr'><strong>μοί</strong></span> <span class='ocrx_word' id='word_1_895' title='bbox 3197 5373 3319 5410; x_wconf 89' lang='grc' dir='ltr'>τινα</span> <span class='ocrx_word' id='word_1_896' title='bbox 3334 5353 3457 5409; x_wconf 90' lang='grc' dir='ltr'>νοῦν</span> <span class='ocrx_word' id='word_1_897' title='bbox 3491 5355 3672 5418; x_wconf 83' lang='grc' dir='ltr'>ὑποση-</span> 
     </span>
    </p>
   </div>
   <div class='ocr_carea' id='block_1_118' title="bbox 2123 5438 3666 5520">
    <p class='ocr_par' dir='ltr' id='par_1_118' title="bbox 2123 5438 3666 5520">
     <span class='ocr_line' id='line_1_118' title="bbox 2123 5438 3666 5520; baseline -0.005 -19"><span class='ocrx_word' id='word_1_898' title='bbox 2123 5449 2334 5518; x_wconf 79' lang='grc' dir='ltr'>μαίνειν</span> <span class='ocrx_word' id='word_1_899' title='bbox 2371 5449 2542 5502; x_wconf 87' lang='grc' dir='ltr'>δοκεῖ.</span> <span class='ocrx_word' id='word_1_900' title='bbox 2599 5449 2820 5520; x_wconf 85' lang='grc' dir='ltr'>Ἐπειδὴ</span> <span class='ocrx_word' id='word_1_901' title='bbox 2869 5451 2980 5503; x_wconf 83' lang='grc' dir='ltr'><strong>πᾶν</strong></span> <span class='ocrx_word' id='word_1_902' title='bbox 3015 5449 3075 5502; x_wconf 84' lang='grc' dir='ltr'>τὸ</span> <span class='ocrx_word' id='word_1_903' title='bbox 3103 5449 3320 5520; x_wconf 85' lang='grc' dir='ltr'>ἀχρείόν</span> <span class='ocrx_word' id='word_1_904' title='bbox 3348 5464 3409 5500; x_wconf 86' lang='grc' dir='ltr'><strong>τε</strong></span> <span class='ocrx_word' id='word_1_905' title='bbox 3437 5446 3529 5500; x_wconf 57' lang='grc' dir='ltr'><strong>καὶ⁵</strong></span> <span class='ocrx_word' id='word_1_906' title='bbox 3559 5438 3666 5496; x_wconf 76' lang='grc' dir='ltr'>ἀπὸ·</span> 
     </span>
    </p>
   </div>
   <div class='ocr_carea' id='block_1_119' title="bbox 2118 5528 3667 5610">
    <p class='ocr_par' dir='ltr' id='par_1_119' title="bbox 2118 5528 3667 5610">
     <span class='ocr_line' id='line_1_119' title="bbox 2118 5528 3667 5610; baseline -0.001 -21"><span class='ocrx_word' id='word_1_907' title='bbox 2118 5538 2330 5608; x_wconf 82' lang='grc' dir='ltr'>ϐλητον,</span> <span class='ocrx_word' id='word_1_908' title='bbox 2382 5540 2457 5602; x_wconf 86' lang='grc' dir='ltr'><strong>ώς</strong></span> <span class='ocrx_word' id='word_1_909' title='bbox 2501 5540 2638 5610; x_wconf 84' lang='grc' dir='ltr'>πρὸς</span> <span class='ocrx_word' id='word_1_910' title='bbox 2677 5540 2776 5609; x_wconf 86' lang='grc' dir='ltr'><strong>τὴν</strong></span> <span class='ocrx_word' id='word_1_911' title='bbox 2813 5538 2922 5592; x_wconf 88' lang='grc' dir='ltr'><strong>τῶν</strong></span> <span class='ocrx_word' id='word_1_912' title='bbox 2968 5537 3184 5603; x_wconf 84' lang='grc' dir='ltr'>ζώντων</span> <span class='ocrx_word' id='word_1_913' title='bbox 3214 5538 3429 5609; x_wconf 83' lang='grc' dir='ltr'>χρῆσιν,</span> <span class='ocrx_word' id='word_1_914' title='bbox 3471 5535 3572 5598; x_wconf 78' lang='grc' dir='ltr'>ἐξω</span> <span class='ocrx_word' id='word_1_915' title='bbox 3600 5528 3667 5600; x_wconf 83' lang='grc' dir='ltr'>ῥί-</span> 
     </span>
    </p>
   </div>
   <div class='ocr_carea' id='block_1_120' title="bbox 2123 5621 3671 5702">
    <p class='ocr_par' dir='ltr' id='par_1_120' title="bbox 2123 5621 3671 5702">
     <span class='ocr_line' id='line_1_120' title="bbox 2123 5621 3671 5702; baseline -0.004 -21"><span class='ocrx_word' id='word_1_916' title='bbox 2123 5645 2310 5682; x_wconf 83' lang='grc' dir='ltr'>πτεται</span> <span class='ocrx_word' id='word_1_917' title='bbox 2347 5631 2443 5699; x_wconf 83' lang='grc' dir='ltr'><strong>τῆς</strong></span> <span class='ocrx_word' id='word_1_918' title='bbox 2469 5631 2695 5697; x_wconf 85' lang='grc' dir='ltr'>πόλεως,</span> <span class='ocrx_word' id='word_1_919' title='bbox 2747 5634 2861 5689; x_wconf 75' lang='grc' dir='ltr'>εἴτε</span> <span class='ocrx_word' id='word_1_920' title='bbox 2892 5630 3084 5702; x_wconf 86' lang='grc' dir='ltr'>νεκρὸν</span> <span class='ocrx_word' id='word_1_921' title='bbox 3113 5631 3208 5684; x_wconf 77' lang='grc' dir='ltr'>καὶ</span> <span class='ocrx_word' id='word_1_922' title='bbox 3244 5627 3540 5700; x_wconf 81' lang='grc' dir='ltr'>διεφθορὸς,</span> <span class='ocrx_word' id='word_1_923' title='bbox 3580 5621 3671 5676; x_wconf 74' lang='grc' dir='ltr'>εἶτε</span> 
     </span>
    </p>
   </div>
   <div class='ocr_carea' id='block_1_121' title="bbox 2413 5811 2883 5879">
    <p class='ocr_par' dir='ltr' id='par_1_121' title="bbox 2413 5811 2883 5879">
     <span class='ocr_line' id='line_1_121' title="bbox 2413 5811 2883 5879; baseline 0.002 -16"><span class='ocrx_word' id='word_1_924' title='bbox 2413 5814 2448 5841; x_wconf 76' lang='grc' dir='ltr'><strong>’τ</strong></span> <span class='ocrx_word' id='word_1_925' title='bbox 2483 5811 2613 5867; x_wconf 86' lang='lat' dir='ltr'><strong>Luc.</strong></span> <span class='ocrx_word' id='word_1_926' title='bbox 2649 5826 2760 5879; x_wconf 63' lang='lat' dir='ltr'><strong>Ut,</strong></span> <span class='ocrx_word' id='word_1_927' title='bbox 2791 5811 2883 5865; x_wconf 68' lang='grc' dir='ltr'>Ἡ.</span> 
     </span>
    </p>
   </div>
  </div>
