3844 6350
174 404 277 466 605

1514 406 1579 463 IN
1614 402 1953 460 PSALMOS.

3297 385 3399 437 606

172 524 395 598 δυσώδης
426 542 507 590 τις
541 527 774 599 κόπρος·
805 527 936 598 περὶ
961 526 999 582 ἃ.
1021 525 1127 582 ὑπὸ
1147 527 1246 596 τῆς
1271 524 1366 580 τοῦ
1398 523 1561 595 λιμοῦ
1592 518 1723 577 ἀνά-

1835 531 1945 588 quae
1986 528 2096 585 prae
2141 510 2303 567 lamis
2343 504 2732 580 magnitudine,
2777 512 2944 558 canes
2981 505 3277 568 occupatos
3311 498 3396 552 in-

173 636 303 688 γκης
343 619 390 672 οἱ
433 617 589 683 κύνες
614 618 1018 690 ἐξευρίσκονται
1046 657 1063 682 ,
1113 616 1192 689 τῷ
1225 615 1383 689 ῥύπῳ
1416 613 1495 685 τῷ
1528 614 1593 666 ὲκ
1623 613 1725 682 τῆς

173 704 365 772 πόλεως
388 707 764 779 ἐκϐαλλομένῳ
792 707 1234 777 έμὸιοτεύοντες·
1278 705 1368 759 διὰ
1396 704 1589 758 τούτου
1614 699 1723 755 τῶν

171 801 225 853 έν
250 800 409 871 ἀρετῇ
447 800 541 854 καὶ
574 800 743 871 κακίᾳ
773 799 991 865 ζώντων
1028 798 1127 870 τὴν
1163 797 1426 868 διαφορὰν
1455 795 1724 849 διδάσκων

170 893 198 944 ὁ
227 891 404 960 λόγος,
436 894 494 946 ὲν
542 891 621 961 τῷ
655 895 756 963 τῆς
792 892 999 955 πόλεως
1041 890 1384 962 διασημαίνει
1417 887 1720 956 αἰνίγματι’

172 984 318 1036 πόλιν
343 982 531 1052 λέγων.
562 983 661 1053 τὴν
695 984 801 1037 ὑπὸ
836 983 937 1054 τῆς
968 984 1171 1054 ἀρετῆς
1200 978 1608 1052 συνῳκισμένην
1636 976 1723 1030 εὑ-

171 1076 338 1145 πρεπῆ
373 1091 431 1127 τε
469 1075 563 1127 καὶ
596 1075 902 1129 εὐδιάθετον
944 1075 1220 1129 πολιτείαν
1244 1089 1258 1104 ⁸
1291 1072 1359 1126 τὰ
1400 1071 1459 1125 δὲ
1493 1069 1599 1134 ἔξω
1623 1070 1724 1139 τῆς

172 1164 392 1227 πόλεως,
418 1164 515 1235 τὴν
548 1167 613 1218 ὲκ
643 1164 738 1218 τοῦ
775 1164 1019 1218 ἐναντίου
1056 1160 1590 1236 παραθεωρουμένην
1620 1175 1721 1211 κα-

171 1248 283 1300 κίαν
309 1248 473 1318 δηλοῖ,
514 1252 571 1302 ὲν
678 1246 892 1320 πᾶσαή
920 1249 1014 1303 τοῦ
1045 1249 1388 1321 ἀστειοτέρου
1431 1245 1545 1317 βίου
1582 1245 1720 1298 ἀπο-

169 1340 285 1412 ϐολή
312 1341 391 1403 τίς
411 1343 557 1394 ἐστιν
584 1340 825 1413 δυσώδης
854 1341 1116 1412 ἁμαρτία,
1148 1341 1182 1411 ἢ
1213 1339 1277 1394 ἐκ
1295 1357 1354 1393 τε
1374 1339 1474 1409 τῆς
1509 1336 1724 1408 σήψεως
1752 1340 1759 1343 ⁷

169 1430 265 1483 τῶν
291 1430 572 1502 σωμάτων,
604 1432 699 1485 καὶ
727 1433 791 1485 ὲκ
817 1432 914 1501 τῆς
944 1433 1192 1503 ρυπαρᾶς
1225 1430 1430 1501 κόπρου
1466 1444 1720 1483 συνιστα-

154 1520 296 1603 μένη
324 1520 656 1592 εὑρίσκεται.
705 1519 915 1575 Οὐκοῦν
945 1522 1046 1592 τῆς
1094 1521 1193 1593 μὲν
1241 1520 1451 1584 πόλεως
1484 1520 1723 1590 οἰκήτωρ

169 1612 303 1665 ἐστὶν
323 1651 339 1677 ,
369 1613 431 1666 τὸ
470 1613 618 1683 μέγα
646 1614 742 1667 καὶ
779 1610 958 1684 τίμιον
991 1613 1203 1689 χρῆμα,
1244 1615 1273 1668 ὁ
1316 1613 1483 1679 ὅντως
1516 1610 1726 1682 ἄνθρω-

169 1720 279 1767 πος,
308 1704 400 1759 καὶ
447 1705 542 1757 τὸν
581 1704 641 1771 ἐξ
681 1704 856 1775 ἀρχῆς
896 1703 1255 1776 ἐπιϐληθέντα
1286 1703 1610 1775 χαρακτῆρα
1653 1704 1721 1774 τῇ

169 1793 312 1863 φύσει
340 1792 425 1847 διὰ
455 1792 550 1848 τοῦ
585 1793 700 1862 βίου
751 1792 1183 1864 μεμορφωμένον
1213 1793 1371 1864 ἔχων.
1415 1794 1471 1847 '0
1499 1792 1556 1844 δὲ
1598 1792 1724 1863 περὶ

1827 607 2011 664 venire
2031 605 2187 669 licet,
2217 607 2497 657 vereantes
2525 599 2580 653 in
2606 593 2861 652 sordibus
2886 596 3038 647 extra
3063 589 3251 645 urbem
3283 602 3403 643 eve-

1827 698 1884 754 hi
1917 695 2126 762 solitis;
2151 700 2440 763 propterea
2461 672 2648 744 eorum
2673 685 2766 755 qui
2796 698 2920 739 cum
2952 681 3172 743 virtute,
3216 687 3270 732 et
3304 693 3401 733 eo-

1825 805 1946 846 rum
1993 787 2087 858 qui
2134 786 2190 840 in
2233 782 2533 841 sceleribus
2568 779 2780 841 vivunt,
2822 773 3117 830 discrimen
3157 770 3401 824 indicare

1823 881 2013 936 volens
2035 877 2232 940 oratio,
2271 875 2326 929 id
2358 871 2596 928 civitatis
2616 870 2902 939 aenigmate
2934 864 3239 934 signiﬁcat;
3267 858 3401 913 civi-

1825 979 1988 1027 tatem
2018 968 2163 1025 enim
2191 966 2436 1022 nominat
2467 963 2614 1016 illam
2652 958 2863 1014 vivendi
2898 957 3184 1015 rationem,
3216 966 3336 1020 quae
3368 964 3398 1001 a

1823 1061 2025 1117 virtute
2049 1059 2206 1130 quasi
2225 1056 2504 1119 incolitur,
2531 1059 2586 1108 et
2628 1050 2697 1105 ad
2719 1063 2934 1105 omnem
2980 1044 3281 1101 decentiam
3314 1057 3400 1095 re-

1824 1159 2081 1221 ctumque
2107 1148 2351 1204 ordinem
2381 1143 2777 1199 conformatur.
2813 1142 2879 1193 At
2913 1154 3033 1207 qua
3064 1145 3217 1191 extra
3265 1134 3401 1189 civi-

1828 1250 1990 1300 tatem
2025 1248 2173 1302 sunt,
2208 1237 2520 1309 signiﬁcant
2545 1236 2850 1303 oppositam
2893 1229 3077 1283 virtuti
3115 1228 3399 1289 malitiam,

1824 1335 1880 1390 in
1915 1349 2021 1404 qua
2054 1330 2297 1387 invenire
2331 1336 2417 1383 est
2452 1339 2669 1385 omnem
2716 1319 3132 1393 graveolentiam
3162 1316 3396 1386 peccati,

1823 1424 1982 1495 quasi
2013 1418 2325 1476 urbanioris
2358 1418 2481 1471 vitae
2512 1414 2915 1475 retrimeutum,
2965 1410 3080 1464 sive
3117 1424 3181 1463 ex
3217 1419 3402 1477 putre-

1824 1514 1952 1570 dine
1980 1527 2296 1583 corporum,
2319 1510 2435 1565 sive
2464 1524 2531 1563 ex
2573 1503 2856 1561 immundo
2902 1516 3060 1556 emno
3113 1499 3400 1554 conlletur.

1825 1604 2094 1672 Quocirca
2109 1600 2348 1655 civitatis
2376 1597 2552 1652 incola
2567 1593 2824 1650 eximium
2843 1589 3099 1661 quiddam
3126 1594 3209 1642 est
3227 1594 3281 1640 et
3310 1601 3403 1641 ve-

1825 1695 2153 1759 nerandum,
2190 1707 2315 1747 vere
2349 1691 2536 1752 homo,
2590 1699 2847 1755 eumque,
2899 1696 3061 1752 quem
3119 1679 3189 1734 ab
3248 1677 3404 1731 initio

1826 1791 2035 1841 natura:
2081 1784 2406 1851 impressum
2443 1776 2651 1846 accepit
2687 1774 3083 1835 characterem,
3127 1768 3246 1838 ipsa
3293 1765 3405 1820 vita

80 1913 92 1925 ο
167 1858 229 1937 τὰ
254 1883 350 1948 ἔξω
376 1885 473 1955 τῆς
502 1858 711 1947 πόλεως
743 1858 1405 1954 ἀναστρεφύμενοςίκύων
1433 1883 1599 1967 ἐστὶν,
1632 1858 1724 1936 καὶ

1835 1894 1922 1934 sua
1951 1890 2269 1946 expressum
2303 1867 2721 1926 circumferens.
2788 1864 2859 1918 At
2910 1861 3005 1933 qui
3060 1874 3182 1916 sese
3234 1859 3290 1912 in
3336 1858 3406 1912 iis

166 1975 256 2027 οὐκ
284 1975 585 2046 ἄνθρωπος,
624 1974 765 2028 ὥστε
811 1974 1043 2047 φανερὸν
1073 1970 1212 2029 εἶναι
1243 1973 1427 2037 παντὶ,
1470 1971 1588 2036 πῶς
1620 1972 1725 2043 χρὴ

167 2064 445 2136 διακρίνειν
492 2066 619 2129 τοὺς
648 2065 814 2128 κύνας
849 2065 955 2118 ἀπὸ
982 2064 1092 2119 τῶν
1138 2065 1280 2120 κατὰ
1306 2064 1468 2134 φύσιν
1515 2062 1727 2135 ἀνθρὼ-

167 2174 291 2221 πων,
324 2158 421 2211 οὐκ
460 2160 527 2211 ἐκ
559 2157 653 2211 τοῦ
711 2159 987 2230 σχήματος
1028 2156 1297 2227 λέγωτῆς
1329 2158 1423 2210 τοῦ
1464 2140 1726 2227 ’σώματος

166 2247 510 2314 διαπλάσεως,
547 2247 661 2302 ἀλλ’
691 2251 756 2303 ὲκ
780 2251 876 2321 τῆς
902 2249 1043 2304 κατὰ
1070 2250 1163 2303 τὸν
1202 2249 1312 2319 βίον
1344 2249 1625 2318 διαφορᾶς.
1669 2248 1726 2301 Ὀ

166 2338 264 2411 γὰρ
299 2340 393 2411 τῆς
442 2340 704 2413 ἐναρέτου
754 2341 959 2405 πόλεως
1021 2340 1263 2405 ἔνοικος,
1314 2340 1532 2411 ἀληθῶς
1580 2342 1727 2393 ἐστιν

167 2432 437 2504 ἄνθρωπος
456 2447 470 2462 ⁸
509 2434 558 2487 εί
584 2432 642 2486 δέ
669 2450 753 2496 τις
784 2432 914 2502 περὶ
951 2432 1049 2502 τὴν
1086 2430 1297 2502 δυσώδη
1340 2429 1658 2494 ἀκολασίαν,
1690 2428 1724 2498 ἢ

167 2523 254 2595 τὴν
282 2524 756 2597 περιττωμα-τικὴν
798 2522 1128 2588 πλεονεξίαν,
1170 2523 1237 2594 ἢν
1281 2522 1485 2593 κυρίως
1532 2522 1596 2575 ἄν
1626 2538 1706 2584 τις

169 2613 435 2684 ὀνομάσειε
483 2614 709 2685 κόπρον,
741 2612 774 2684 ἢ
815 2611 1038 2682 περὶτὰ
1078 2611 1212 2665 ἄλλα
1242 2612 1343 2681 τῆς
1379 2609 1579 2674 κακίας
1614 2610 1729 2679 εἴδη

167 2703 256 2774 τὴν
282 2705 510 2775 σπουδὴν
540 2703 673 2774 ἔχοι,
698 2703 803 2769 ἔξω
821 2703 916 2755 τοῦ
941 2702 1142 2756 κύκλου
1163 2703 1262 2772 τῆς
1287 2700 1490 2764 πόλεως
1513 2699 1729 2768 ἐκείνης

169 2793 501 2865 πλανώμενος
548 2811 607 2847 τε
640 2793 733 2847 καὶ
767 2793 1101 2864 περιέρπων,
1141 2792 1240 2863 βοᾷ
1276 2791 1395 2846 καθ’
1436 2789 1631 2844 ἑαυτοῦ
1670 2788 1730 2840 τὸ

172 2886 311 2939 κύων
338 2883 475 2940 εἶναι
506 2926 520 2950 ,
574 2885 1052 2957 μεταπλασθείσης
1080 2883 1188 2938 ἀπὸ
1216 2883 1315 2952 τῆς
1358 2885 1438 2946 είς
1478 2881 1568 2933 τὸν
1602 2880 1732 2933 Θεὸν

167 2976 500 3048 ὁμοιότητος,
552 2976 646 3030 ἐπὶ
691 2976 756 3029 τὸ
797 2975 1037 3043 κυνῷδες
1068 2975 1169 3046 τῆς
1216 2974 1451 3044 φύσεως.
1487 2973 1647 3035 Νοεῖς
1677 2967 1733 3024 δὲ

168 3070 377 3134 πάντως
395 3069 483 3124 διὰ
514 3069 622 3123 τῶν
649 3074 825 3123 κυνων
853 3067 944 3121 τὸν
972 3068 1266 3139 ἀρχέγονον
1296 3066 1453 3131 κύνα,
1487 3065 1576 3118 τὸν
1604 3081 1735 3135 σαρ-

168 3159 378 3231 κοόόρον
429 3177 491 3215 τε
540 3159 634 3215 καὶ
691 3157 1172 3231 ἅνθρωποκτόνονι,
1237 3155 1417 3219 καθώς
1485 3171 1648 3225 φησιν
1698 3153 1729 3221 ἡ

169 3251 366 3323 Γραφή.

233 3452 336 3504 Καὶ
372 3449 441 3504 τὰ
483 3447 686 3519 ἐφεξῆς
716 3446 809 3527 τοῦ
836 3445 1049 3518 ψαλμοῦ
1077 3446 1368 3518 διαγράφει
1395 3445 1493 3514 τὴν
1520 3441 1733 3513 κυνώδη

172 3538 323 3613 ζωήν.
372 3542 518 3596 Ἀντὶ
562 3540 671 3612 γὰρ
697 3538 1031 3612 τῆς-ὑλακῆς
1061 3536 1298 3609 φθόγγον
1328 3536 1452 3591 τινὰ
1496 3536 1586 3589 διὰ
1617 3535 1737 3588 στό-

176 3650 327 3701 ματος
350 3634 529 3687 αὐτῶν
562 3632 814 3701 γενέσθαι
856 3632 1026 3701 λέγει,
1057 3632 1167 3685 καὶ
1180 3628 1300 3683 ἀντὶ
1341 3627 1448 3681 τῶν
1483 3626 1726 3681 κυνοδόν-

169 3740 267 3776 των
309 3724 580 3797 ῥομφαίαν
637 3726 750 3787 τοῖς
796 3723 1030 3794 χείλεσιν
1081 3719 1493 3791 ὑποκεκρύφθαι
1548 3718 1734 3788 φησιν,

170 3815 300 3870 οὕτω
327 3819 501 3887 λέγων
530 3819 639 3880 τοῖς
668 3816 929 3887 ῥήμασιν’
969 3833 988 3867 ι
1043 3814 1174 3868 Ἰδοὺ
1204 3809 1636 3881 ἁποφθέγξονται
1679 3809 1737 3862 ἐν

104 3910 109 3915 ’
170 3907 240 3977 τῷ
287 3909 512 3981 στόματι
565 3908 767 3974 αὐτῶν,
814 3908 910 3962 καὶ
957 3906 1198 3979 ῥομφαία
1244 3907 1303 3958 ἐν
1338 3907 1451 3967 τοῖς
1502 3902 1737 3981 χείλεσιν

170 3976 352 4055 αύτῶν.
382 3976 413 4059 ἰ
476 3998 639 4053 Ἀλλὰ
672 3998 743 4051 τὰ
781 3976 987 4070 φοὸερα
1019 3976 1193 4051 ταῦτα
1230 3998 1343 4059 τοῖς
1389 3994 1480 4048 τὸν
1513 3976 1647 4047 Θεὸν
1678 3995 1738 4047 ἐν

169 4089 369 4155 ἑαυτοῖς
400 4091 581 4163 έχουσι
602 4090 774 4160 γέλως
807 4091 973 4146 ἐστίν.
997 4109 1016 4141 ι
1042 4090 1112 4142 Σὺ
1138 4107 1157 4139 ι
1185 4088 1314 4159 γὰρ,
1349 4086 1531 4158 φησὶν,
1576 4103 1594 4137 ι
1624 4086 1740 4139 Κύ-

172 4197 277 4251 ριος
296 4221 311 4247 ,
336 4183 610 4255 ἐκγελάσῃ
644 4183 863 4246 αὐτούς’
889 4181 999 4249 ἐγὼ
1027 4180 1086 4235 δὲ
1124 4181 1187 4234 τὸ
1218 4180 1418 4252 κράτος
1460 4194 1561 4249 μου
1602 4176 1739 4246 πρὸς

171 4271 226 4324 σὲ
252 4272 485 4341 φυλάξω.
527 4291 545 4324 ι
583 4273 693 4325 Καὶ
719 4272 833 4342 μετ’
864 4270 1020 4339 ὀλίγα
1047 4268 1349 4341 προμηνύει
1379 4267 1477 4339 τὴν
1505 4265 1739 4338 ὁρισθεί-

171 4380 263 4416 σαν
295 4365 396 4418 ὑπὸ
427 4365 523 4419 τοῦ
572 4364 708 4418 Θεοῦ
737 4364 831 4417 ἐπὶ
872 4361 966 4415 τοῦ
1000 4361 1131 4414 ἰδίου
1172 4361 1491 4431 πλάσματος
1531 4360 1740 4411 οἰκονο-

172 4452 310 4524 μίαν.
335 4457 472 4527 Φησὶ
500 4456 609 4526 γάρ
629 4472 642 4486 ·
674 4454 766 4525 Μὴ
797 4434 1120 4525 ἀποκτείνῂς
1162 4453 1380 4516 αὐτοὺς,
1414 4450 1551 4504 ἀλλά
1579 4448 1742 4503 κατά-

1829 1985 1948 2041 quae
1974 1977 2127 2024 extra
2157 1966 2430 2021 civitatem
2460 1968 2610 2027 sunt,
2651 1963 2903 2027 occupat,
2938 1942 3109 2008 'canis
3142 1958 3248 2017 est,
3298 1963 3404 2002 non

1825 2040 2010 2127 homo,
2044 2068 2102 2115 ut
2130 2056 2357 2130 proinde
2385 2052 2643 2109 omnibus
2674 2050 2893 2120 planum
2934 2046 3026 2109 sit,
3051 2058 3155 2114 qua
3196 2040 3407 2096 ratione

1824 2154 2137 2211 discernere
2164 2154 2414 2220 Oporteat
2444 2159 2631 2207 canes,
2661 2142 2730 2195 ab
2760 2139 2868 2193 illis
2886 2136 2989 2207 qui
3034 2143 3228 2188 natura
3275 2138 3405 2185 sunt

1827 2246 2107 2302 homines:
2145 2258 2256 2298 non
2286 2240 2431 2295 enim
2460 2236 2754 2303 discrimen
2787 2232 2890 2285 hoc
2917 2244 2979 2283 ex
3013 2226 3188 2281 elIicla
3211 2236 3406 2291 corpo-

1826 2340 1904 2395 ris
1927 2338 2100 2394 l‘orma
2130 2334 2419 2406 petendum
2445 2339 2551 2395 est,
2568 2328 2663 2385 sed
2687 2343 2753 2382 ex
2770 2320 3073 2379 diﬁ‘erentia
3093 2317 3212 2372 vitae
3241 2330 3402 2385 quam

1825 2430 2035 2485 vivunt.
2063 2425 2196 2480 Nam
2219 2423 2311 2495 qui
2346 2421 2581 2477 civitatis
2604 2419 2805 2477 virtute
2833 2412 3074 2485 prmditae
3127 2406 3404 2463 inhabita—

1826 2531 1916 2580 tor
1945 2531 2050 2586 est,
2084 2523 2171 2577 ille
2204 2535 2331 2576 vere
2361 2518 2526 2572 homo
2551 2524 2661 2588 est.
2691 2510 2844 2578 Quod
2877 2509 2920 2564 si
2951 2506 3076 2577 quis
3113 2505 3258 2558 circa
3287 2498 3409 2555 leti-

1828 2618 1952 2673 dam
1986 2612 2481 2683 intemperantiam,
2522 2614 2615 2661 aut
2649 2605 2797 2659 circa
2828 2599 3155 2669 superlluam
3188 2591 3406 2661 cupidi-

1829 2714 2016 2768 tatem,
2047 2718 2208 2773 quam
2238 2700 2362 2770 quis
2397 2697 2615 2767 proprie
2661 2688 3022 2746 nominaverit
3051 2699 3290 2749 cmnum,
3321 2680 3408 2734 vel

1830 2799 1887 2852 in
1905 2796 2027 2851 aliis
2043 2791 2406 2863 improbitatis
2433 2786 2724 2859 generibus
2742 2781 2983 2837 studium
3003 2788 3057 2833 et
3083 2774 3406 2830 industriam

1830 2891 2079 2952 collocat,
2108 2894 2260 2941 extra
2284 2883 2546 2937 ambitum
2578 2876 2815 2934 civitatis
2851 2873 2997 2927 illius
3042 2870 3329 2925 oberrans.
3363 2865 3413 2920 is

1831 2983 1899 3037 de
1924 2981 2106 3049 seipso
2132 2978 2279 3032 clara
2309 2989 2442 3029 voce
2463 2978 2714 3034 testatur,
2740 2980 2799 3023 se
2838 2979 3027 3020 canem
3054 2975 3195 3021 esse,
3229 2967 3412 3012 trans-

1832 3072 2062 3128 lbrmata
2105 3070 2218 3133 illa,
2261 3082 2423 3138 quam
2465 3079 2589 3119 cum
2618 3061 2729 3116 Deo
2757 3058 3011 3119 habebat,
3062 3050 3413 3109 similitudine

1782 3182 1787 3185 '
1836 3165 1891 3218 in
1925 3162 2177 3217 caninam
2202 3166 2473 3213 naturam.
2502 3153 2609 3208 Nec
2625 3149 2888 3221 est,quod
2924 3161 3020 3218 per
3050 3158 3214 3199 canes
3243 3142 3407 3195 alium

1768 3241 1810 3299 ο
1845 3255 2134 3323 intelligas,
2185 3264 2346 3320 quam
2370 3246 2685 3317 primatvum
2721 3242 2870 3295 illum
2902 3251 3123 3296 canem,
3160 3231 3413 3287 carnivo-

1837 3361 1957 3401 rum
1991 3319 2045 3399 et
2068 3319 2418 3403 homicidam,
2446 3345 2506 3391 ut
2541 3334 2824 3403 Scriptura
2854 3319 3181 3399 loquitur".

1907 3433 2135 3504 Reliqua
2162 3430 2345 3486 itidem
2371 3426 2566 3496 psalmi
2597 3423 2916 3480 describunt
2941 3417 3192 3474 caninam
3224 3414 3410 3466 vitam.

1836 3525 1971 3581 Nam
2000 3525 2119 3579 loco
2147 3522 2380 3576 latratus
2407 3532 2602 3572 sonum
2632 3512 2919 3586 quemdam
2958 3525 3026 3564 ex
3066 3522 3161 3562 ore
3196 3505 3412 3558 illorum

1835 3616 2075 3688 prodire,
2103 3621 2156 3669 et
2184 3613 2307 3666 loco
2359 3609 2602 3665 dentium
2655 3605 2976 3660 caninorum
3028 3597 3265 3670 gladium
3314 3595 3417 3650 sub

1836 3707 1997 3762 labiis
2021 3719 2208 3760 eorum
2233 3700 2610 3758 absconditum
2632 3696 2788 3751 dicit.
2817 3692 2909 3747 Sic
2931 3691 3073 3745 enim
3100 3687 3265 3743 verba
3294 3700 3416 3740 sese

1837 3800 2079 3854 habent:
2118 3793 2289 3849 «Ecce
2315 3794 2606 3862 loquentur
2640 3789 2694 3842 in
2716 3802 2811 3842 ore
2840 3799 2960 3847 suo,
3013 3792 3067 3837 et
3097 3779 3310 3850 gladius
3361 3775 3416 3829 in

1796 3902 1806 3914 ‘
1836 3891 1997 3946 labiis
2024 3902 2266 3943 eorum.»
2296 3882 2401 3938 Sed
2433 3880 2669 3936 terrilica
2702 3878 2817 3932 haec
2842 3875 2988 3929 risus
3011 3877 3138 3928 sunt
3169 3868 3297 3930 illis,
3323 3866 3417 3933 qui

1839 3981 2007 4039 Deum
2042 3994 2224 4035 secum
2257 3975 2491 4040 habent;
2538 3972 2614 4026 ait
2638 3971 2783 4025 enim
2811 3985 2824 4021 :
2879 3984 2896 4017 ι
2918 3964 2983 4018 Et
3017 3972 3105 4029 tu,
3155 3948 3415 4018 Domine,

1838 4072 2114 4130 deridebis
2140 4081 2398 4136 eos;ego
2429 4077 2560 4120 vero
2586 4059 2964 4116 fortitudinem
3015 4067 3191 4109 meam
3238 4048 3305 4102 ad
3364 4057 3420 4102 te

1840 4165 2204 4223 custodiam.»
2245 4160 2309 4213 Et
2339 4165 2465 4229 post
2496 4169 2668 4226 pauca
2702 4146 3089 4222 prazsigniﬁcat
3139 4141 3415 4197 deﬁnitam

1839 4272 1872 4313 a
1904 4256 2016 4312 Deo
2043 4268 2208 4324 super
2233 4266 2333 4307 suo
2354 4248 2612 4319 ﬁgmento
2643 4241 3004 4299 meonomiam
3032 4244 3085 4292 et
3107 4231 3421 4304 dispositio-

1823 4365 2001 4428 'nem;
2036 4347 2165 4402 dicit
2201 4346 2343 4399 enim
2371 4361 2384 4396 :
2430 4339 2511 4394 Ne
2533 4337 2752 4394 occidas
2785 4350 2901 4399 eos,
2924 4331 3016 4387 sed
3045 4328 3267 4384 detrahe
3298 4325 3422 4378 illos

1840 4441 1910 4496 ab
1939 4415 2223 4493 altitudine
2248 4433 2469 4487 malitia:
2496 4430 2554 4483 in
2585 4425 2905 4496 aequabilem
2938 4429 2992 4477 et
3021 4420 3235 4491 planam
3265 4415 3413 4468 illam

169 4557 298 4610 γαγε
329 4504 528 4607 αὐτοὺς
561 4504 668 4597 ius
692 4504 784 4618 toi")
815 4541 982 4612 ὕψους
1008 4504 1323 4613 τῖίςνκακίας
1340 4504 1425 4603 ⁸ε’ίς
1450 4539 1512 4591 τὸ
1543 4538 1732 4591 ἐπίπε-

1839 4527 2057 4585 vivendi
2096 4526 2394 4586 rationem,
2439 4534 2561 4591 qua:
2602 4515 2902 4573 secundum
2952 4509 3120 4565 Deum
3168 4504 3415 4561 institui-

2147 4618 2161 4627 '
2256 4626 2261 4627 ν
2321 4614 2360 4627 ﬁ
2440 4614 2452 4627 -
2598 4621 2809 4627 ίαν-α
2864 4605 2953 4627 ιιι-
3002 4600 3280 4627 unum.”
3367 4602 3415 4627 Α.

170 4600 261 4686 δόν-
278 4650 337 4686 τε
373 4637 476 4688 καὶ
509 4600 720 4705 ’ὁμαλὸν
761 4600 1026 4704 τῆςκατὰ
1053 4600 1187 4684 δεὺν
1221 4600 1514 4705 πολιτείας.
1560 4629 1732 4699 Ὅπερ

1845 4631 1980 4677 tur:
2017 4618 2162 4689 quod
2217 4626 2271 4671 et
2321 4614 2525 4667 Paulus
2581 4621 2812 4680 magnus
2864 4605 2955 4658 ille
3000 4600 3312 4672 apostolus.
3365 4602 3420 4651 et

171 4719 230 4791 δὴ
260 4723 352 4776 καὶ
396 4699 610 4788 Παῦλος
642 4726 670 4777 ὁ
701 4699 907 4795 μέγας,
941 4721 1036 4775 κοιλ⁸
1084 4722 1111 4773 ὁ
1139 4699 1740 4789 ΒαπτιστὴςἾωάννης

170 4809 438 4884 ἐποίησεν.
508 4815 597 4868 Ἐν
651 4813 848 4883 Παύλῳ
901 4811 1021 4882 μὲν,
1064 4809 1493 4880 καθαιρουμένου
1541 4807 1740 4870 παντὸς

174 4899 477 4975 ὗψώματος,
518 4904 612 4959 τοῦ
650 4904 790 4959 κατὰ
834 4904 932 4974 τῆς
965 4901 1115 4966 θείας
1158 4900 1410 4970 γνώσεως
1440 4897 1739 4970 ἐπαιρομέ-

173 5005 257 5044 νου
281 5011 295 5024 ·
329 4994 432 5047 ὑπὸ
453 4995 510 5048 δὲ
549 4995 817 5058 Ἰωάννου,
847 4992 988 5046 κατὰ
1005 4993 1102 5063 τὴν
1129 4990 1463 5063 προφητείαν
1495 4989 1741 5053 Ἡσαΐου,

177 5084 364 5148 παντὸς
399 5086 588 5157 ὅρους,
632 5087 726 5140 καὶ
760 5084 953 5156 βουνοῦ
993 5084 1130 5155 πρὸς
1166 5083 1227 5136 τὸ
1271 5080 1527 5135 ταπεινὸν
1576 5098 1747 5136 κατα-

177 5177 475 5247 σπωμένου.
494 5179 569 5232 Δι’
597 5170 672 5232 ὧν
701 5176 1064 5249 μανθάνομεν,
1088 5175 1170 5228 ὅτι
1196 5175 1305 5227 τῶν
1330 5174 1427 5243 μὲν
1449 5171 1748 5244 ἀνθρώπων

176 5262 473 5337 ἀφανισμὺς
494 5267 594 5321 οὐκ
622 5266 793 5330 ἔσται,
830 5265 917 5318 ἵνα
951 5267 1025 5337 μὴ
1047 5264 1108 5318 τὺ
1126 5264 1265 5317 θεῖον
1288 5263 1447 5334 ἔργον
1477 5262 1746 5334 ἀχρειωθῇ

176 5354 250 5424 τῷ
276 5357 607 5430 ἀνυπάρκτῳ
636 5356 1050 5428 ἀφανιζόμενον.
1102 5356 1241 5409 Ἀλλ’
1263 5357 1376 5409 ἀντ’
1400 5355 1578 5408 αὐτῶν
1611 5355 1750 5407 ἀπο-

179 5441 340 5502 λεῖται
373 5450 405 5519 ἡ
435 5449 699 5523 ἁμαρτία,
750 5449 845 5501 καὶ
883 5448 963 5511 είς
1004 5447 1064 5500 τὸ
1104 5446 1203 5527 μὴ’
1230 5446 1290 5500 ὃν
1335 5452 1739 5518 περιστήσεται.

185 5552 205 5590 ι
239 5537 511 5613 ’Δμαρτία
539 5559 557 5593 ι
594 5540 725 5613 γὰρ,
758 5538 944 5610 φησὶν,
987 5558 1006 5592 ι
1043 5538 1309 5609 στόματος
1330 5538 1510 5593 αὐτῶν
1538 5539 1634 5592 καὶ
1660 5537 1745 5591 λό-

179 5640 270 5695 γος
298 5629 519 5700 χειλέων
541 5628 741 5685 αὐτῶν.
784 5647 803 5681 ι
839 5628 950 5681 Καὶ
975 5627 1342 5700 ὑπερηφανία,
1381 5627 1478 5683 καὶ
1499 5627 1631 5700 ἀρὰ,
1657 5625 1752 5681 καὶ

288 5805 507 5865 "Jcan.
533 5824 652 5876 rm,
684 5809 771 5865 Η.
888 5804 985 5859 "ll
1027 5785 1154 5863 Cor.
1198 5822 1251 5867 κ.
1287 5805 1342 5861 5.

1860 4684 2100 4767 Joannes
2131 4706 2371 4777 Baptista
2405 4704 2649 4757 fecerunt
2674 4718 2688 4753 :
2724 4695 2927 4750 Paulus
2956 4691 3173 4762 quidem
3204 4687 3297 4759 qui
3328 4684 3424 4740 de-

1847 4799 2273 4857 struxitomnem
2304 4792 2645 4848 altitudinem
2676 4786 3026 4842 extollentem
3066 4797 3125 4836 se
3156 4780 3428 4834 adversus

1849 4891 2134 4950 scientiam
2164 4888 2256 4943 Dei
2276 4888 2349 4953 ";
2379 4883 2616 4939 Joannes
2639 4894 2769 4947 vero
2791 4874 3089 4932 secundum
3116 4870 3269 4925 Isaiae
3292 4884 3418 4939 pro-

1848 4986 2130 5059 phetiam,
2183 4994 2376 5036 omnes
2422 4983 2640 5030 montes
2688 4979 2743 5025 et
2795 4969 2964 5025 colles
3018 4962 3326 5020 humiliatit
3369 4969 3424 5015 et

1845 5051 2238 5145 complanavit.
2282 5068 2358 5123 Ex
2391 5066 2593 5137 quibus
2657 5059 3013 5129 intelligimus
3054 5056 3293 5123 ipsorum
3324 5051 3420 5103 ho-

1846 5168 2053 5224 minum
2104 5177 2212 5218 non
2262 5160 2378 5214 fore
2430 5157 2824 5219 abolitionem,
2874 5165 2941 5204 ne
2984 5146 3224 5201 divinum
3283 5156 3426 5211 opus

1847 5260 2042 5315 inutile
2088 5254 2372 5319 reddatur,
2410 5251 2457 5307 si
2494 5247 2704 5305 recidat
2751 5247 2805 5299 in
2858 5240 3119 5302 nihilum,
3165 5235 3257 5290 sed
3303 5234 3425 5288 loco

1846 5354 2091 5424 ipsorum
2125 5346 2326 5417 peribit
2356 5348 2638 5414 peccatum
2661 5377 2675 5401 ,
2704 5344 2761 5391 et
2793 5335 2847 5389 in
2878 5330 3108 5386 nihilum
3138 5333 3427 5380 converte-

1852 5422 1941 5499 tur
1967 5461 1981 5498 :
2019 5460 2038 5495 ι
2066 5440 2333 5495 Delictum
2381 5434 2494 5489 oris
2539 5443 2727 5487 eorum
2749 5465 2764 5490 ,
2793 5444 2813 5477 ›
2844 5422 3059 5491 inquit,
3090 5438 3109 5471 ι
3138 5427 3190 5473 et
3243 5429 3426 5472 sermo

1851 5535 2123 5591 labiorum
2169 5533 2413 5602 ipsorum
2463 5532 2549 5581 est
2577 5541 2596 5575 ι
2628 5515 2924 5588 superbia,
2981 5508 3323 5575 exsecratio,
3371 5515 3427 5558 et

1849 5625 2229 5691 mendacium,
2258 5638 2277 5676 ι
2302 5622 2356 5677 in
2401 5619 2483 5676 ira
2516 5604 3010 5672 consummationis
3039 5619 3153 5662 non
3176 5604 3352 5656 erunt.
3403 5608 3423 5642 ι
