3844 6356
465 393 570 449 607

1709 404 1767 459 S.
1803 405 2130 463 GREGORII
2169 406 2461 464 NYSSENI
3617 403 3703 462 θοι

465 503 599 571 Qua!
627 515 751 561 cum
783 506 1017 576 amplius
1047 522 1157 562 non
1186 506 1390 565 fuerint
1416 527 1428 563 :
1458 529 1475 562 ι
1496 510 1844 583 Cognoscent
1868 558 1884 583 ,
1911 536 1929 569 ι
1956 519 2037 572 iu-

2145 518 2352 587 ψεῦδος,
2383 539 2401 571 ι
2429 521 2487 573 ἐν
2511 521 2575 591 τῇ
2598 520 2734 592 ὀργῇ
2752 521 2851 592 τῆς
2868 519 3175 584 συντελείας
3187 517 3287 591 οὐχ
3303 517 3658 592 ὑπάρξουσιν.
3685 539 3704 570 ι

464 596 615 667 quit,
643 614 663 649 ι
690 598 818 668 quia
869 597 1014 654 Deus
1060 598 1436 656 dominabitur
1478 601 1682 670 Iacob,
1737 615 1792 662 et
1840 608 2033 665 finium

465 696 628 743 terra:
648 730 664 755 ,
693 707 713 741 ι
735 690 887 743 nulla
920 692 1071 745 enim
1106 707 1341 763 usquam
1380 695 1575 750 relicta
1606 697 1816 753 malitia
1841 738 1857 764 ,
1914 715 2034 755 om-

461 780 611 833 nium
670 781 861 835 tinium
910 793 1088 838 rector
1134 782 1398 841 Dominus
1448 787 1585 855 erit,
1634 804 1759 844 cum
1797 805 1862 845 ea
1911 807 2035 863 qua

459 884 606 924 nunc
641 872 830 929 multis
872 872 1107 944 imperat
1153 874 1448 946 iniquitas,
1476 876 1544 933 de
1577 880 1757 935 medio
1786 882 2028 937 tolletur.

461 959 665 1016 Deinde
694 977 891 1019 rursus
925 980 1236 1021 sermonem
1269 970 1466 1040 repetit
1494 970 1561 1025 de
1589 972 1821 1028 canibus
1845 974 1913 1030 iis
1937 973 2033 1045 qui

465 1070 486 1102 ι
511 1052 577 1106 ad
605 1069 890 1124 vesperam
916 1065 1322 1124 convertentur,
1350 1078 1368 1111 ι
1388 1060 1593 1131 quique
1613 1064 1858 1119 esurient
1883 1081 2035 1123 more

360 1174 381 1195 ς
459 1160 695 1211 canum,
724 1148 1110 1219 civitatemque
1148 1150 1497 1216 circuibunt;
1548 1154 1899 1210 manifestum
1944 1172 2035 1211 ar-

460 1234 636 1289 bitror
666 1251 733 1291 ex
762 1236 865 1292 hac
894 1238 1166 1295 sermonis
1199 1238 1486 1296 iteratione
1508 1280 1535 1306 ,
1572 1242 1824 1299 homines
1865 1244 1920 1298 in
1955 1245 2034 1300 al-

458 1335 706 1392 terutro,
739 1345 834 1385 seu
881 1330 1056 1397 bono,
1104 1346 1203 1386 seu
1241 1332 1415 1396 malo,
1448 1333 1503 1387 in
1533 1349 1643 1403 quo
1670 1349 1821 1390 nunc
1862 1343 2028 1400 sunt,

459 1414 579 1470 fore
627 1417 811 1472 itidem
865 1426 989 1487 post
1035 1419 1177 1473 lianc
1217 1420 1381 1473 vitam
1410 1436 1424 1473 :
1458 1421 1552 1490 qui
1586 1421 1732 1477 enim
1779 1438 1927 1478 nunc
1976 1423 2034 1479 in

459 1506 773 1577 impietate,
804 1510 962 1578 quasi
989 1510 1045 1564 in
1075 1510 1308 1565 circuitu
1339 1511 1615 1576 ambulat,
1655 1527 1831 1583 neque
1857 1514 1913 1568 in
1942 1515 2035 1570 illa

458 1597 683 1652 civitate
705 1599 884 1668 degit,
905 1616 1081 1671 neque
1102 1601 1402 1657 humanum
1428 1601 1803 1659 characterem
1828 1606 1882 1660 in
1915 1621 2036 1677 pro-

458 1688 576 1758 pria
610 1690 715 1744 vita
749 1692 1020 1761 custodit,
1058 1694 1153 1749 sed
1185 1693 1466 1762 efferatur,
1497 1696 1764 1766 canisque
1798 1697 2034 1753 efﬁcitur

458 1782 738 1838 voluntate
766 1792 820 1839 et
851 1788 1171 1856 proposito;
1208 1787 1255 1843 is
1285 1795 1340 1842 et
1369 1803 1518 1858 nunc
1556 1804 1587 1843 a
1628 1805 1865 1860 superna
1898 1790 2035 1847 civi-

2136 602 2237 663 Ὧν
2269 610 2467 681 μηκέτι
2497 610 2720 677 δντων,ι
2750 612 3111 677 Γνώσονται,»
3137 613 3325 684 φησὶν,
3360 631 3379 664 ι
3412 613 3497 666 ὅτι
3524 613 3555 665 δ
3586 611 3706 675 Θεὸς

2134 704 2383 770 δεσπόξει
2411 706 2508 760 τοῦ
2533 706 2747 773 Ἰακὼϐ,
2770 709 2985 763 καὶτῶν
3004 709 3258 779 περάτων
3281 709 3383 781 τῆς
3402 713 3530 781 γῆς.
3560 734 3580 767 ι
3601 718 3707 790 Mr;-

2134 793 2322 865 δαμῶς
2348 794 2458 867 γὰρ
2492 798 2913 869 ὑπολειφθείσης
2952 800 3170 864 κακίας,
3190 799 3410 865 πάντως
3435 801 3594 856 ἔσται
3613 806 3710 858 τῶν

2135 887 2386 957 περάτων
2397 889 2660 960 δεσπότης
2676 890 2704 941 ὁ
2722 889 2943 959 Κύριος,
2969 889 3067 959 τῆς
3086 887 3183 942 νῦν
3201 888 3601 960 βασιλευούσης
3611 893 3709 946 τῶν

2134 981 2343 1034 πολλῶν
2359 980 2633 1052 ἁμαρτίας
2655 982 2718 1033 ὲκ
2740 979 2917 1032 ποδῶν
2933 975 3386 1051 γενομένης.Εἷτα
3411 980 3710 1052 mihth

2135 1072 2296 1126 αὐτὸν
2319 1071 2763 1141 ἐπαναλαμϐάνει
2797 1070 2955 1139 λόγον
2973 1068 3099 1140 περὶ
3110 1067 3255 1123 τῶνι
3276 1070 3709 1140 ἐπιστρεφόντων

2134 1157 2514 1231 είςὲσπέραν,›
2530 1157 3095 1229 καὶλιμωττόντωνὼς
3108 1158 3305 1225 κυνῶν,
3324 1162 3422 1214 καὶ
3441 1166 3502 1217 ὲν
3534 1164 3709 1234 κύκλῳ

2135 1252 2571 1323 περιερχομένων
2597 1250 2697 1321 τὴν
2723 1249 2877 1303 πόλιν
2896 1265 2911 1279 ·
2943 1248 3136 1321 δηλῶν,
3172 1248 3344 1324 οἶμαι,
3365 1254 3458 1308 διὰ
3490 1254 3592 1325 τῆς
3621 1255 3707 1309 τοῦ

2133 1345 2294 1413 λόγου
2330 1343 2738 1415 ὲπαναλήψεως,
2771 1343 2853 1396 ἃτι
2887 1342 3008 1397 καθ’
3038 1344 3297 1415 ἑκάτερον
3334 1345 3385 1398 οί
3436 1346 3710 1417 ἄνθρωποι

2134 1436 2278 1490 κατά
2306 1453 2366 1489 τε
2393 1436 2456 1489 τὸ
2493 1435 2728 1506 πονηρὸν
2765 1436 2859 1488 καὶ
2913 1436 2975 1488 τὸ
3002 1438 3271 1507 κρεῖττον,
3299 1439 3356 1490 ὲν
3392 1432 3483 1501 οἷς
3529 1437 3594 1492 ἂν
3629 1430 3710 1492 νῦν

2133 1528 2417 1597 γένωνται,
2451 1528 2511 1581 ἐν
2536 1528 2659 1589 τοῖς
2674 1527 2858 1591 αὐτοῖς
2890 1527 2985 1579 καὶ
3007 1527 3146 1598 μετά
3165 1526 3338 1581 ταῦτα
3365 1532 3707 1598 γενήσονται.

2146 1617 2205 1670 '0
2225 1618 2333 1689 γὰρ
2362 1616 2457 1670 νῦν
2476 1617 2543 1669 δι’
2571 1616 2825 1679 ἀσεόείας
2851 1615 3035 1686 κύκλῳ
3061 1616 3400 1688 περιπατῶν,
3433 1619 3519 1689 μὴ
3539 1618 3712 1689 ὲμὸιο-

2132 1702 2306 1756 τεύων
2335 1704 2400 1773 τῇ
2450 1701 2631 1765 πόλει,
2673 1701 2808 1772 μηδὲ
2842 1700 2936 1755 τὸν
2967 1700 3307 1773 ἀνθρώπινον
3337 1703 3431 1755 ἐπὶ
3459 1703 3559 1756 τοῦ
3590 1703 3710 1756 ίδίον

2137 1792 2251 1863 βίου
2279 1793 2602 1865 χαρακτῆρα
2621 1791 2935 1862 φυλάσσων,
2961 1791 3097 1846 ἀλλά
3128 1791 3605 1862 ἀποθηριούμενος
3633 1792 3712 1845 διὰ

458 1882 572 1929 tate
597 1876 858 1933 excidens
882 1918 895 1941 ,
927 1880 1172 1933 omnium
1208 1877 1480 1935 bon‘orum
1512 1882 1742 1951 penuria
1792 1892 1846 1937 et
1889 1882 2033 1938 fame

2145 1854 2233 1960 τῆς
2256 1854 2649 1960 προαιρέσεως,
2681 1888 2777 1941 καὶ
2794 1854 2940 1940 κύων
2968 1885 3278 1956 γενόμενος,
3478 1854 3711 1939 καὶήτότε

458 1968 735 2037 punietur.
767 1971 836 2022 At
871 1970 965 2040 qui
994 1971 1274 2026 contraria
1305 1973 1476 2027 vincit
1498 2013 1512 2036 ,
1551 1974 1905 2046 proceditque
1932 1974 2033 2046 (ut

458 2060 585 2114 alibi
657 2060 948 2119 Psalmista
992 2063 1312 2135 loquitur),
1350 2064 1460 2122 «de
1507 2066 1708 2122 virtute
1754 2068 1811 2122 in
1860 2068 2034 2122 virtu-

456 2159 567 2207 tem
589 2153 653 2219 ",
670 2172 688 2207 ι
714 2154 1106 2227 victoriamque
1124 2156 1286 2212 aliam
1318 2159 1421 2212 alia
1451 2165 1743 2228 permutat,
1768 2160 1837 2224 is,
1862 2158 2036 2214 «Can-

457 2244 623 2310 tabo,
657 2265 674 2297 ι
704 2246 810 2312 ait,
838 2266 858 2300 ‹
890 2248 1197 2305 fortitudini
1235 2259 1377 2314 tuae;
1415 2252 1703 2307 exsultabo
1730 2267 1892 2307 mane
1924 2252 2034 2306 mi-

458 2339 815 2395 sericordiam
849 2340 1028 2409 tuam,
1062 2363 1078 2396 ι
1110 2344 1371 2413 quoniam
1414 2343 1593 2400 factus
1623 2359 1683 2400 es
1728 2345 1953 2414 adjutor
1982 2353 2037 2399 et

458 2428 729 2500 refugium
759 2447 936 2486 meum
956 2473 973 2495 ,
1005 2443 1059 2489 et
1084 2442 1137 2489 te
1165 2433 1319 2491 decet
1351 2436 1520 2506 gloria
1548 2435 1604 2491 in
1634 2437 1833 2493 saecula
1864 2452 2039 2493 saecu-

459 2518 660 2577 lorum.
693 2522 888 2576 Amen.

530 2677 577 2710 '°
607 2676 753 2734 Psal.
787 2694 1027 2744 unm,
1061 2679 1115 2735 8.

2135 1982 2239 2051 τῆς
2269 1982 2381 2036 ἀνω
2411 1981 2622 2045 πόλεως
2658 1976 2931 2041 ἐκπεσὼν,
2968 1979 3025 2030 ὲν
3051 1975 3197 2047 λιμῷ
3225 1976 3335 2030 τῶν
3366 1976 3597 2045 ἀγαθῶν
3629 1994 3713 2030 κο-

2138 2071 2486 2142 λασθήσεται.
2530 2069 2589 2123 Ὀ
2608 2069 2663 2122 δὲ
2690 2069 2917 2139 νικητὴς
2944 2064 3052 2120 τῶν
3079 2067 3337 2121 ἐναντίων
3385 2067 3486 2120 καὶ
3521 2066 3713 2138 προῖὼν

2143 2160 2360 2232 (καθώς
2392 2176 2558 2229 φησιν
2595 2158 2823 2230 ἑτέρωθί
2875 2173 2979 2209 που
3008 2157 3037 2209 ὁ
3067 2156 3444 2227 Ψαλμῳδὸς)‹
3476 2155 3546 2207 ἐκ
3566 2157 3713 2209 δυνά-

2146 2269 2291 2323 μεως
2319 2253 2400 2316 είς
2435 2246 2686 2322 δύναμιν,
2709 2248 3004 2319 »καὶνίκην
3036 2247 3472 2318 διαμειδόμενος,
3516 2266 3536 2299 ι
3570 2248 3715 2319 ’ᾼσο-

2146 2362 2265 2416 μαι,
2294 2362 2313 2395 ι
2348 2343 2516 2412 λέγει,
2554 2358 2574 2393 ι
2614 2344 2681 2412 τῇ
2710 2340 2938 2413 δυνάμει
2968 2356 3085 2406 σου,
3114 2342 3210 2393 καὶ
3231 2338 3636 2409 ἀγαλλιάσομαι
3660 2339 3713 2391 re

2141 2436 2289 2509 πρωῒ
2335 2436 2397 2489 τὸ
2447 2434 2597 2497 ἔλεός
2643 2449 2752 2487 σου.
2818 2452 2839 2485 ο
2887 2433 3011 2486 Ὀτι
3058 2431 3324 2502 ὲγενήθης
3370 2431 3712 2502 ἀντιλήπτωρ

2147 2545 2270 2600 μου,
2304 2527 2398 2581 καὶ
2429 2527 2720 2596 καταφυγή
2767 2542 2869 2596 μου
2892 2564 2907 2590 ,
2939 2524 3033 2578 καί
3065 2540 3146 2577 σοι
3176 2523 3379 2595 πρέπει
3409 2525 3443 2594 ἡ
3482 2522 3612 2588 δόξα
3640 2522 3712 2583 είς

2142 2618 2268 2683 τοὺς
2302 2616 2502 2681 αἰῶνας
2526 2616 2634 2672 τῶν
2664 2615 2896 2672 αἰώνων.
2937 2615 3128 2686 Ἀμήν.

958 2947 1187 3033 ΤΟΥ
1256 2944 1636 3037 ΑΥΤΟΥ
1707 2950 1880 3037 ΕΙΣ
1950 2954 2037 3037 Tt

2145 2953 2180 3038 ί
2250 2952 2631 3038 ΕΚΤΟΝ
2703 2947 3187 3037 ΨΑΛΜΟΝ
3212 3011 3241 3041 ,κ

1738 3130 1921 3185 ΠΕΡΙ
1958 3132 2097 3185 ΤΗΣ
2135 3132 2441 3186 ΟΓΔΟΗΣ.

1048 3436 1590 3530 EJUSDEM
1672 3442 1797 3533 IN
1899 3422 2387 3535 SEXTUM
2505 3439 3121 3577 PSALMUM,

1844 3634 1961 3695 DE
1993 3631 2339 3698 OCTAVA.

1696 3786 1965 3837 Laurentio
1990 3787 2158 3838 Sil'ano
2180 3789 2475 3850 interprete.

535 4082 641 4153 Qui
694 4080 995 4138 secundum
1048 4079 1422 4150 propheticam
1475 4081 1912 4137 benedictionem
1971 4097 2037 4138 ex

2084 3955 2154 3973 ﬂ

2219 4087 2282 4139 υἱ
2333 4086 2398 4139 ὲκ
2443 4085 2726 4157 δυνάμεως
2770 4087 2858 4150 είς
2889 4085 3120 4158 δύναμιν
3173 4089 3555 4160 πορευόμενοι,
3591 4088 3718 4144 κατά

464 4179 673 4235 virtute
702 4175 758 4231 in
786 4175 1048 4229 virtutem
1077 4173 1524 4243 progrediuntur,
1552 4183 1718 4244 atque
1746 4174 2037 4245 praeclaros

2146 4175 2243 4247 τὴν
2276 4177 2620 4248 προφητικὴν
2653 4177 2922 4245 εὐλογίαν,
2971 4178 3064 4232 καὶ
3096 4178 3194 4243 τὰς
3238 4179 3406 4243 καλὰς
3436 4181 3718 4244 ἀναϐάσεις

466 4284 731 4327 ascensus
783 4269 838 4323 in
872 4266 1136 4324 cordibus
1179 4266 1295 4323 suis
1335 4267 1635 4339 disponunt
1661 4269 1729 4336 “,
1783 4285 1908 4325 cum
1945 4270 2044 4325 ali-

466 4378 630 4433 quem
660 4361 862 4416 bonum
895 4360 1232 4415 intellectum
1266 4361 1743 4431 apprehenderint,
1793 4378 1889 4433 per
1916 4378 2043 4420 eum

467 4454 537 4510 ad
575 4454 954 4510 sublimiorem
984 4453 1317 4508 intellectum
1350 4453 1508 4523 quasi
1539 4470 1706 4509 manu
1729 4455 2039 4525 ducuntur;

465 4562 565 4618 per
591 4561 753 4618 quem
805 4546 1002 4600 anima:
1049 4544 1340 4601 conﬁcitur
1370 4561 1635 4603 ascensus
1672 4548 1728 4602 in
1770 4548 2041 4618 sublime;

469 4647 633 4709 atque
668 4639 742 4692 ita
767 4640 858 4709 qui
890 4652 1108 4707 semper
1133 4637 1199 4690 ad
1223 4652 1286 4691 ea
1310 4653 1432 4708 quae
1466 4647 1595 4692 sunt
1625 4640 1831 4709 priora,
1864 4655 1924 4696 se
1950 4657 2044 4696 ex-

467 4729 732 4796 tendit",
790 4737 1089 4798 nunquam'
1123 4742 1151 4781 a
1204 4727 1347 4783 bona
1404 4730 1729 4784 ascensione
1779 4730 2040 4796 cessabit,

468 4822 597 4878 dum
635 4835 850 4890 semper
885 4835 982 4890 per
1009 4819 1316 4875 intellectus
1358 4821 1644 4885 sublimes,
1678 4820 1745 4875 ad
1773 4837 2043 4892 superno-

467 4928 591 4969 rum
618 4912 838 4967 ducitur
858 4912 1373 4984 contemplationem
1401 4922 1457 4968 et
1486 4913 2039 4970 animadversionem.

468 5006 596 5061 Haec
636 5004 771 5071 dixi,
822 5003 1042 5065 fratres.
1093 5005 1160 5060 ad
1208 5020 1327 5069 vos,
1359 5015 1512 5060 sexto
1557 5007 1766 5076 psalmo
1805 5015 2042 5065 mentem

468 5099 758 5164 adhibens,
816 5106 871 5154 et
918 5100 1283 5154 necessariam
1331 5098 1545 5154 ordinis
1593 5101 2043 5171 consequentiam

467 5209 721 5259 cernens,
755 5189 1215 5263 quemadmodum
1240 5200 1364 5261 post
1384 5205 1504 5246 eam
1528 5207 1651 5262 qua:
1673 5192 2042 5248 haereditatem

468 5286 846 5357 consequitur,
901 5283 971 5339 de
1012 5281 1215 5338 Octava
1250 5282 1406 5337 nobis
1440 5297 1621 5337 sermo
1659 5284 1908 5353 adjectus
1945 5284 2042 5339 sit.

471 5375 708 5432 Prorsus
737 5384 919 5431 autem
950 5376 1270 5447 mysterium
1293 5371 1510 5428 Octava:
1531 5373 1577 5406 "
1611 5389 1718 5428 non
1752 5374 2041 5445 ignoratis.

2150 4267 2209 4321 ὲν
2253 4270 2374 4331 ταῖς
2412 4267 2621 4322 ἑαυτῶν
2665 4269 2915 4340 καρδίαις
2960 4269 3340 4342 διατιθέμενοι,
3374 4272 3449 4324 ὅτ’
3480 4274 3548 4326 ἄν
3590 4288 3719 4333 τινος

2150 4361 2360 4429 ἀγαθοῦ
2416 4363 2688 4433 νοήματος
2740 4362 3075 4434 δράξωνται,
3137 4363 3604 4435 χειραγωγοῦνται
3658 4364 3717 4417 δι’

2154 4452 2362 4507 ἐκείνου
2414 4452 2549 4523 πρὸς
2598 4452 2928 4525 ὑψηλότερον
2965 4455 3145 4524 νόημα
3192 4455 3260 4507 δι’
3306 4447 3368 4507 οὗ
3417 4454 3631 4524 γίνεται
3659 4455 3716 4525 τῇ

2150 4544 2295 4616 ψυχῇ
2347 4544 2387 4623 ἡ.
2427 4544 2521 4623 ἐπὶ
2564 4541 2628 4597 τὸ
2684 4544 2816 4614 ὕψος
2863 4544 3148 4610 ἀνάϐασις.
3196 4546 3308 4599 Καὶ
3346 4545 3521 4610 οὕτως
3570 4548 3599 4600 ὁ
3641 4546 3719 4599 ἀεὶ

2148 4641 2263 4702 τοῖς
2303 4622 2613 4709 ἔμπροσθεν
2661 4638 3137 4710 ἐπεκτεινόμενος,
3175 4638 3426 4692 οὐδέποτε
3453 4640 3556 4704 τῆς
3594 4642 3720 4707 ἀγα·

2150 4729 2250 4798 θῆς
2294 4726 2482 4781 ἀνόδου
2525 4727 2794 4781 παύσεται
2817 4766 2831 4791 ,
2868 4727 2954 4779 ἀεὶ
3004 4726 3093 4780 διὰ
3122 4726 3231 4779 τῶν
3263 4727 3484 4799 ὑψηλῶν
3528 4728 3718 4799 νοημά-

2147 4835 2258 4871 των
2303 4815 2442 4885 πρὶς
2486 4816 2586 4886 τὴν
2632 4816 2741 4871 τῶν
2772 4816 3187 4888 ὑπερκειμένων
3237 4818 3567 4888 κατανόησιν
3610 4819 3719 4887 ὁδηο

2149 4908 2435 4979 γούμενος.
2468 4907 2654 4962 Ταῦτα
2683 4903 2856 4973 εἷπον,
2901 4908 3121 4979 ἀδελφοὶ
3138 4948 3155 4973 ,
3178 4908 3257 4979 τῷ
3286 4909 3431 4981 ἕκτῳ
3459 4911 3568 4965 τῶν
3601 4910 3717 4980 ψαλ-

2151 5000 2267 5072 μῶν
2295 5000 2576 5072 προσέχων
2611 5000 2708 5071 τὴν
2751 5000 3007 5065 διάνοιαν,
3057 5001 3151 5054 καὶ
3201 5000 3411 5071 βλέπων
3453 5002 3553 5072 τὴν
3600 5004 3716 5056 ἀνα-

2148 5093 2349 5161 γκαίαν
2377 5092 2475 5163 τῆς
2505 5091 2710 5158 τάξεως
2730 5091 3073 5157 ἀκολουθίαν,
3104 5094 3222 5156 πῶς
3270 5091 3411 5162 μετά
3448 5095 3550 5165 τὴν
3582 5094 3716 5163 Κλη-

2152 5184 2482 5257 ρονομοῦσαν
2502 5186 2530 5237 ὁ
2551 5183 2799 5255 περὶτῆς
2823 5184 3046 5255 Ὀγδόης
3070 5185 3103 5255 ἡ
3112 5186 3200 5254 μίν
3226 5185 3529 5256 προσετέθη
3555 5185 3714 5253 λόγος.

2151 5277 2375 5339 Πάντως
2396 5276 2454 5329 δὲ
2479 5278 2579 5331 οὐκ
2595 5278 2839 5344 ἀγνοεῖτε
2856 5275 3029 5345 τὸτῆς
3067 5275 3289 5346 Ὀγδόης
3314 5279 3627 5349 μυστήριον.
3650 5276 3712 5329 οὐ

2151 5368 2259 5440 γὰρ
2301 5368 2365 5440 δὴ
2404 5368 2539 5440 πρὸς
2580 5367 2879 5431 Ἰουδαῖκάς
2909 5366 3204 5438 ὑπολήψεις
3236 5369 3382 5431 εἰκός
3430 5370 3575 5423 ἐστιν
3603 5368 3711 5421 ὑπο-

471 5462 594 5521 Non
625 5467 770 5522 enim
802 5466 988 5545 utique
1016 5466 1272 5522 convenit
1302 5464 1688 5521 nonnullorum
1713 5473 1947 5520 mentem
1975 5465 2037 5519 ad

2159 5460 2416 5532 φέρεσθαῖ
2456 5477 2617 5514 τινων
2652 5459 2749 5523 τὴν
2792 5460 3050 5514 διάνοιαν·
3090 5460 3139 5513 οἳ
3179 5461 3308 5517 περὶ
3335 5460 3401 5514 τα
3443 5462 3711 5531 ἀσχήμονα

471 5546 783 5605 Iudaeorum
828 5552 1107 5608 labascere
1134 5562 1187 5608 et
1226 5553 1340 5624 rapi
1375 5553 1690 5622 Opinioncs,
1725 5555 1817 5623 qui
1855 5555 1920 5608 ad
1958 5555 2047 5609 in-

480 5636 707 5695 decoras
759 5644 1005 5708 corporis
1055 5644 1231 5699 nostri
1287 5653 1493 5716 partes,
1552 5634 1797 5714 mysterii
1832 5645 2050 5701 Octava:

590 5793 630 5824 ²¹
667 5799 808 5856 Psal.
833 5815 1058 5873 unm,
1095 5808 1206 5865 6-8.
1320 5814 1362 5843 "
1388 5811 1725 5884 Philipp.llt,
1758 5814 1840 5870 l5.

2153 5552 2247 5603 τοῦ
2281 5549 2531 5620 σώματος
2551 5550 2702 5621 ἡμῶν
2734 5550 2797 5603 τὸ
2821 5550 3163 5621 μεγαλοφυὲς
3188 5549 3280 5604 τοῦ
3309 5552 3605 5623 μυστηρίου
3628 5549 3714 5619 τῆς

2169 5643 2394 5713 Ὀγδόης
2424 5640 2784 5713 κατάγοντες,
2826 5643 2915 5697 τὸν
2944 5642 3044 5715 τῆς
3074 5642 3376 5715 περιτομῆς
3403 5642 3588 5715 νόμον,
3635 5636 3712 5691 καὶ

1954 5813 1997 5846 ⁸⁷
2022 5812 2167 5869 Psal.
2205 5830 2257 5876 ν.
2300 5816 2346 5868 l.
