3844 6364
146 351 236 405 609

1539 349 1608 406 IN
1642 348 1983 406 PSALMOS.

3285 362 3392 421 610

144 464 198 518 τὸ
222 459 353 535 μετά
376 458 472 531 τὴν
519 461 734 534 λοχείαν
792 462 1109 536 καθάρσιον,
1144 465 1238 520 καὶ
1278 464 1346 520 τά
1369 466 1597 521 τοιαῦτα
1616 467 1707 521 λέ-

1829 465 2189 522 excellentiam
2243 463 2605 532 deducentes,
2666 463 3112 525 circumcisionis
3167 476 3224 525 et
3273 482 3398 542 post

144 570 280 623 γουσι
299 553 373 624 τῷ
396 553 618 626 ἀριθμῷ
641 557 742 627 τῆς
776 555 998 627 Ὀγδόης
1015 558 1481 629 καταμηνύεσθαι.
1516 560 1705 629 Ἡμεῖς

145 646 194 699 δέ
220 648 358 716 παρὰ
383 646 477 699 τοῦ
516 647 753 716 μεγάλου
782 646 998 702 Παύλου
1037 649 1329 719 μαθόντες,
1364 652 1447 704 ὅτι
1491 652 1519 704 6
1544 651 1708 721 νόμος

149 737 489 809 πνευματικός
523 740 662 804 ἐστι,
702 740 807 794 κᾶν
833 744 892 796 ἐν
932 744 1046 807 τοῖς
1078 741 1495 814 μνημονευθεῖσι
1522 742 1708 813 νόμοις

144 828 172 886 δ
195 830 408 902 ἀριθμὸς
433 825 591 895 οὗτος
632 831 964 905 ἐμφέρηται,
1015 832 1322 905 νομοθετῶν
1360 832 1455 887 καὶ
1486 832 1564 904 τῷ
1606 832 1708 903 ἄῤ-

153 923 248 993 ρενι
275 922 365 993 τὴν
410 924 734 995 περιτομὴν.
773 925 869 978 καὶ
897 927 962 996 τῇ
1008 925 1229 994 γυναικὶ
1274 925 1373 996 τὴν
1402 924 1496 977 ἐπὶ⁸
1540 922 1712 977 καθα-

149 1011 323 1084 ρισμοῦ
368 1012 557 1066 Θυσίαν
582 1031 596 1044 ’
645 1012 770 1068 οὔτε
800 1014 1180 1086 ἀποϐάλλομεν
1218 1015 1310 1068 τὸν
1351 1014 1537 1085 νόμον,
1583 1010 1709 1066 οὔτε

145 1103 390 1168 ταπεινῶς
427 1104 760 1177 ἐκδεχόμεθα
780 1144 795 1170 ,
830 1107 1031 1171 εἰδότες
1060 1146 1073 1172 ,
1107 1108 1190 1162 ὅτι
1213 1105 1430 1181 ἀληθῶς
1456 1108 1522 1178 τῇ
1546 1105 1710 1178 ὀγδόῃ

148 1195 332 1264 γίνεται
357 1196 389 1266 ή
414 1194 644 1269 ἀληθινὴ
659 1197 954 1269 περιτομὴ,
976 1198 1065 1251 διά
1097 1198 1195 1268 τῆς
1226 1196 1486 1268 πετρίνης
1515 1196 1713 1267 μαχαί-

149 1303 237 1358 ρας
256 1288 638 1358 ἐνεργουμένη.
664 1289 826 1352 Νοεῖς
854 1287 910 1342 δέ
934 1291 1151 1353 πάντως
1174 1288 1263 1343 διά
1288 1289 1386 1361 τῆς
1405 1287 1712 1359 τεμνούσης

147 1380 198 1433 τὸ
220 1378 519 1451 ἀκάθαρτον
552 1382 780 1452 πέτρας,
823 1381 993 1453 αὐτὴν
1016 1383 1116 1455 τὴν
1156 1382 1363 1453 πέτραν
1410 1382 1531 1453 ἣτις
1561 1381 1713 1435 ἐστὶν

144 1471 170 1523 6
198 1468 419 1540 Χριστὸς
440 1511 455 1536 ,
484 1473 764 1541 τουτέστι,
806 1474 909 1544 τῆς
939 1474 1198 1547 ἀληθείας
1226 1475 1255 1528 6
1289 1474 1466 1542 λόγος·
1495 1473 1592 1528 καὶ
1629 1473 1713 1527 ὅτι

147 1558 255 1612 τότε
298 1560 529 1616 παύεται
570 1563 604 1633 ὴ
654 1564 883 1634 ῥυπῶσα
920 1563 1027 1617 τῶν
1067 1562 1161 1618 τοῦ
1218 1563 1336 1634 βίου
1374 1562 1715 1634 πραγμάτων

149 1650 317 1721 ῥύσις,
380 1654 482 1725 τῆς
528 1653 878 1727 ἀνθρωπίνης
933 1656 1079 1726 ζωῆς
1134 1654 1718 1728 μεταστοιχειωθείσης

1809 557 2162 629 puerperium
2203 556 2605 627 puriﬁcationis
2662 557 2859 627 legem,
2922 573 2987 613 ac
3038 559 3163 614 talia
3202 559 3398 617 dicunt

1811 662 2043 704 numero
2079 644 2300 701 Octava;
2350 645 2671 715 signiﬁcari.
2707 644 2822 702 Nos
2872 653 3058 701 autem
3109 661 3141 699 a
3196 662 3399 719 magno

1810 738 1981 794 Paulo
2028 738 2198 806 docti,
2243 737 2391 809 quod
2423 737 2510 793 lex
2538 736 2843 808 spiritualis
2874 738 2946 793 sit
2967 738 3035 803 “,
3076 738 3295 795 etiamsi
3343 741 3401 795 iu

1811 830 2129 885 memoratis
2152 828 2389 900 .legibus
2414 828 2507 883 hic
2550 843 2816 884 numerus
2846 830 3216 903 contineatur,
3260 846 3403 901 prae-

1813 921 2066 978 scribens
2119 927 2175 976 et
2224 919 2473 975 masculo
2504 918 3014 984 circumcisionem,
3073 927 3128 975 et
3181 922 3401 978 mulieri

1814 1010 2215 1083 puriﬁcationis
2274 1010 2497 1066 nomine
2548 1010 2882 1066 sacrificium
2930 1018 2986 1067 et
3040 1013 3400 1080 oblationem,

1815 1118 1996 1174 neque
2025 1102 2221 1158 humili
2248 1110 2413 1173 atque
2437 1103 2649 1174 abjecta
2678 1110 2863 1159 mente
2888 1118 3008 1160 eam
3033 1103 3403 1171 admittimus,

1816 1196 2057 1254 scientes
2089 1195 2236 1268 quod
2289 1196 2485 1267 procul
2541 1195 2710 1251 dubio
2748 1204 2945 1252 octavo
2991 1196 3080 1252 die
3128 1212 3260 1254 vera
3294 1198 3407 1253 cir-

1815 1288 2081 1343 cumcisio
2130 1286 2246 1353 ﬁat,
2277 1303 2400 1359 quae
2430 1302 2529 1359 per
2567 1287 2843 1358 lapideum
2876 1288 3116 1343 cultrum
3168 1288 3409 1344 admini-

1815 1387 2047 1437 stratur.
2082 1379 2349 1451 lntelligis
2380 1387 2564 1435 autem
2606 1396 2835 1451 prorsus
2882 1396 2980 1451 per
3035 1380 3273 1450 lapidem
3312 1381 3410 1452 qui

1819 1472 2094 1543 impurum
2147 1479 2201 1528 et
2252 1472 2597 1527 immundum
2633 1471 2857 1537 scindit,
2912 1473 3095 1542 ipsum
3143 1472 3406 1543 lapidem,

1818 1564 1914 1634 qui
1948 1569 2032 1619 est
2061 1560 2318 1618 Christus
2340 1563 2409 1627 “,
2439 1564 2546 1618 hoc
2585 1569 2669 1618 est
2691 1563 2940 1618 veritatis
2966 1576 3170 1625 sermo,
3190 1562 3407 1633 etquod

1823 1658 1956 1711 tunc
2012 1655 2252 1710 humana
2287 1655 2399 1710 vita
2455 1654 2525 1710 ad
2572 1655 2898 1711 diviniorem
2929 1664 2984 1711 et
3033 1655 3412 1726 augustiorem

147 1743 270 1813 πρὸς
324 1745 381 1798 τὸ
445 1746 737 1819 θειότερον.
801 1749 890 1811 Ὠς
928 1747 980 1801 δ’
1013 1747 1079 1802 ἂν
1121 1748 1258 1802 πᾶσι
1306 1748 1519 1817 γένοιτο
1556 1747 1715 1818 δῆλον

1829 1745 2055 1803 formam
2081 1745 2355 1813 traducta,
2384 1745 2606 1802 ﬁnietur
2631 1747 2888 1803 sordidus
2918 1750 3260 1819 negotiorum
3285 1747 3414 1804 vita:

144 1830 199 1883 τὸ
232 1832 286 1884 ἐν
326 1834 438 1895 τοῖς
483 1832 747 1897 τοιούτοις
784 1832 1109 1904 νοούμενον,
1157 1834 1511 1907 σαφέστερον,
1569 1834 1719 1899 ὅπως

1829 1837 2027 1892 ﬂuxus.
2076 1835 2146 1891 Ut
2190 1811 2370 1890 autem
2410 1836 2667 1892 omnibus
2700 1811 3055 1893 manifestu'm
3095 1836 3215 1904 ﬁat,
3264 1838 3415 1908 quod

145 1918 203 1973 ἂν
234 1916 337 1987 οἷός
368 1940 426 1977 τε
518 1963 533 1990 ,
560 1924 651 1978 τὸν
677 1924 834 1994 λόγον
861 1925 1186 1998 ἐκθήσομαι.
1230 1927 1289 1981 '0
1322 1925 1418 1981 τοῦ
1455 1926 1573 1997 βίου
1602 1924 1722 1980 τού-

146 2025 227 2064 του
270 2013 459 2083 χρόνος
505 2015 564 2067 ἐν
614 2017 681 2088 τῇ
740 2015 936 2090 πρώτῃ
983 2016 1318 2090 δημιουργίᾳ
1357 2018 1459 2090 τῆς
1486 2018 1722 2083 κτίσεως

145 2100 222 2155 διὰ
249 2106 369 2174 μιᾶς
406 2106 701 2178 ἑϐδομάδος
728 2107 952 2179 ἡμερῶν
982 2108 1398 2182 συνεπληρὼθη⁸
1431 2108 1634 2181 ἤρξατό
1658 2126 1719 2163 τε

144 2192 241 2264 γὰρ
272 2196 374 2249 ἀπὸ
408 2196 513 2267 τῆς
563 2197 787 2270 πρώτης
830 2200 864 2270 ή
909 2198 1017 2253 τῶν
1040 2200 1215 2255 δντων
1243 2201 1591 2273 δημιουργία,
1624 2201 1720 2256 καὶ

146 2288 203 2356 τῇ
230 2287 423 2363 ἑϐδόμῃ
447 2290 818 2362 συγκατέληξε
835 2292 896 2345 τὸ
923 2294 1101 2365 πέρας
1128 2293 1229 2364 τῆς
1252 2295 1533 2358 κτίσεως.‹
1568 2293 1723 2363 Ἐγέ-
1770 2354 1781 2359 ν

148 2396 282 2433 vero»
304 2382 406 2454 γὰρ
431 2402 450 2434 ι
477 2383 665 2457 ἡμέρα
688 2385 805 2455 μία,
820 2404 838 2437 ι
867 2387 1126 2457 φησὶν,ἐν
1196 2385 1267 2441 τὰ
1278 2386 1473 2459 πρῶτα
1488 2387 1724 2456 ἐγένετο⁶

148 2470 233 2524 καὶ
254 2470 417 2536 οὕτως
449 2475 509 2527 ἐν
533 2478 602 2547 τῇ
627 2475 860 2547 δευτέρᾳ
882 2476 950 2530 τὰ
982 2476 1213 2549 δεύτερα
1232 2517 1248 2542 ,
1272 2478 1368 2532 καὶ
1411 2476 1722 2542 ἀκολούθως

149 2561 242 2626 ἕως
278 2567 381 2621 τῶν
413 2566 472 2635 ἐξ
503 2568 741 2623 ἅπαντα.
806 2571 869 2623 Ἠ
916 2569 972 2624 δέ
1007 2570 1207 2643 ἑϐδόμη
1255 2571 1431 2643 πέρας
1452 2570 1720 2642 γενομένη

146 2656 235 2724 τῆς
256 2658 503 2723 κτίσεως,
541 2661 599 2713 ἐν
629 2660 796 2732 ἑαυτῇ
830 2662 1171 2735 περιέγραψε
1203 2662 1293 2717 τὸν
1321 2680 1727 2735 συμπαρεκτει-

148 2745 352 2817 νόμενον
380 2753 443 2823 τῇ
478 2756 794 2825 κατασκευῇ
823 2752 919 2813 τοῦ
950 2754 1159 2825 κόσμου
1187 2754 1397 2826 χρόνον.

1827 1943 1925 1998 per
1955 1927 2086 1982 talia
2126 1926 2463 1997 intelligatur
2487 1969 2501 1993 ,
2532 1941 2647 1981 rem
2679 1926 2748 1982 de
2780 1942 2889 1998 qua
2917 1928 3117 1999 agitur,
3151 1942 3253 1998 pro
3278 1927 3417 1982 viri-

1826 2021 1931 2076 bus
1962 2019 2207 2090 apertius
2232 2033 2525 2088 exponam.
2550 2016 2726 2089 Hujus
2757 2018 2882 2074 vitae
2908 2026 3124 2090 tempus
3150 2020 3204 2074 in
3234 2020 3417 2091 prima

1828 2112 1920 2168 illa
1961 2110 2310 2167 institutione
2355 2118 2623 2166 creatura:
2668 2125 2764 2181 per
2796 2126 2961 2165 unam
2995 2111 3207 2167 dierum
3240 2112 3416 2182 septi-

1828 2216 2047 2257 manam
2075 2202 2407 2272 completum
2444 2209 2550 2259 cst.
2588 2201 2724 2257 Nam
2755 2210 2810 2258 et
2840 2217 2870 2257 a
2906 2203 2993 2258 die
3015 2203 3191 2274 prima
3224 2218 3415 2258 rerum

1827 2292 2214 2347 universarum
2282 2289 2562 2361 opiﬁcium
2624 2290 2941 2346 institutum
3000 2296 3106 2356 est,
3169 2296 3225 2345 et
3284 2304 3415 2345 cum

1829 2379 2063 2450 septima
2095 2378 2221 2434 ﬁnis
2249 2379 2549 2435 creationis
2583 2378 2687 2435 fuit
2708 2380 2774 2434 “.
2818 2378 3058 2436 «Factus
3086 2389 3211 2436 est»
3244 2379 3415 2445 enim,

1830 2474 2031 2544 inquit,
2064 2491 2083 2524 ι
2105 2472 2225 2529 dies
2251 2488 2448 2537 unus,»
2482 2472 2536 2527 in
2563 2488 2673 2544 quo
2696 2474 2871 2544 prima
2898 2473 3043 2528 facta
3070 2480 3231 2531 sunt:
3256 2484 3423 2545 atque

1830 2568 1907 2624 ita
1948 2569 2006 2623 in
2064 2566 2331 2635 secundo,
2391 2568 2672 2624 secunda:
2723 2582 2788 2623 ac
2825 2567 3085 2637 deinceps
3131 2583 3308 2637 usque
3349 2566 3420 2622 ad

1831 2667 2072 2726 sextum,
2109 2660 2390 2715 universa.
2427 2658 2709 2730 Septimus
2757 2671 2938 2716 autem
2983 2676 3108 2715 cum
3147 2661 3422 2715 terminus

1830 2748 2487 2831 creationisexstitisset,
2522 2750 2580 2804 in
2610 2764 2669 2805 se
2698 2748 3140 2819 circumscripsit
3176 2757 3421 2820 tempus.
3528 2808 3539 2817 _

148 2844 280 2912 quod
329 2845 548 2903 interim
599 2848 730 2904 dum
791 2850 1033 2906 mundus
1083 2859 1388 2917 crearetur,
1442 2850 1872 2921 transigebatur.

222 2934 304 2999 Ὦς
352 2938 534 2991 τοίνυν
565 2936 691 2992 οὗτε
721 2938 950 3012 οὐρανὸς
978 2940 1038 3007 ἑξ
1065 2940 1273 2994 ἐκείνου
1318 2941 1561 3011 γέγονεν,
1595 2939 1721 2995 οὔτε

146 3041 193 3080 τι
217 3026 392 3100 ἕτερον
431 3030 542 3083 τῶν
576 3028 673 3083 τοῦ
713 3030 920 3102 κόσμου
958 3032 1141 3104 μερῶν
1175 3032 1482 3105 προσετέθη
1515 3035 1629 3099 τοῖς
1663 3032 1723 3099 ἐξ

1902 2933 1973 2989 Ut
2000 2934 2173 3005 igitur
2217 2950 2398 3005 neque
2428 2936 2631 2991 coelum
2667 2951 2734 2992 ex
2770 2935 2865 2991 illo
2893 2944 3138 3006 tempore
3192 2935 3421 3004 factum,

1831 3041 2011 3096 neque
2059 3024 2252 3079 mundi
2303 3026 2488 3095 aliqua
2520 3041 2652 3095 pars
2690 3026 2759 3081 iis
2792 3040 2916 3096 qua:
2958 3026 3027 3080 ab
3066 3025 3225 3081 initio
3276 3026 3425 3082 facta

147 3117 307 3189 ἀρχῆς
354 3120 657 3190 γεγονόσιν·
701 3122 816 3176 ἀλλ’
874 3122 1006 3194 ἑστη
1062 3125 1147 3195 ἐφ’
1197 3125 1399 3195 ἑαυτῆς
1452 3124 1720 3197 ήκτίσις,

1833 3124 1980 3181 sunt,
2015 3114 2229 3185 adjecta
2255 3122 2361 3183 est,
2394 3116 2490 3171 sed
2528 3117 2774 3172 constitit
2808 3117 2865 3172 in
2895 3116 3076 3187 seipsa
3102 3117 3307 3172 nullius
3337 3117 3427 3171 in-

148 3210 435 3285 ἁπροσδεὴς
464 3213 561 3267 καὶ
592 3212 863 3285 ἀμείωτος
894 3216 952 3270 ἐν
974 3218 1087 3279 τοῖς
1119 3215 1341 3287 μέτροις
1373 3217 1576 3288 ἑαυτῆς
1608 3217 1722 3271 δια-

153 3301 367 3372 μείνασα
388 3322 400 3334 ·
429 3305 605 3368 οὕτως
630 3304 754 3359 οὔτε
781 3308 973 3378 χρόνος
1003 3308 1161 3375 ἄλλος
1194 3308 1300 3362 ὑπὸ
1329 3309 1419 3363 τὸν
1449 3312 1516 3382 τῇ
1548 3328 1725 3383 παρα-

151 3396 302 3466 σκευῇ
349 3395 442 3450 τοῦ
489 3396 700 3467 κόσμου
749 3398 1235 3470 συναναδειχθέντα
1282 3400 1533 3469 ἐγένετοο
1594 3401 1728 3456 ἀλλὰ

151 3488 471 3559 περιωρίσθη
523 3491 588 3559 τῇ
630 3489 885 3560 ἑϐδομάδι
931 3490 1038 3545 τῶν
1090 3492 1310 3564 ἡμερῶν
1344 3492 1500 3564 ήτοῦ
1534 3494 1725 3565 χρόνου

152 3574 316 3643 φύσις.
368 3579 480 3633 Kal.
528 3578 718 3633 τούτου
758 3580 921 3651 χάριν
968 3582 1047 3634 ὅτ’
1087 3581 1154 3635 ἂν
1202 3582 1564 3655 ἐκμετρῶμεν
1605 3586 1729 3648 ταῖς

152 3671 370 3742 ἡμέραις
406 3676 498 3729 τὸν
527 3676 741 3748 χρόνον,
778 3675 887 3729 ἀπὸ
915 3676 1015 3744 τῆς
1053 3677 1182 3747 μιᾶς
1212 3674 1505 3746 ἀρχόμενοι
1537 3675 1633 3729 καὶ
1660 3676 1726 3746 τῇ

154 3761 342 3839 ἑϐδόμῃ
386 3768 477 3821 τὸν
525 3752 759 3839 ἀριθμὸν
797 3767 1237 3831 κατακλείοντες*
1281 3767 1444 3821 πάλιν
1495 3767 1588 3819 ἐπὶ
1630 3765 1728 3838 τὴν

112 3858 117 3861 ⁷
153 3854 272 3922 μίαν
298 3859 717 3931 ἀναποδίζομεν,
754 3859 843 3913 ἀεὶ
871 3858 964 3913 διὰ
991 3858 1087 3912 τοῦ
1118 3858 1318 3913 κύκλου
1358 3859 1466 3913 τῶν
1503 3858 1732 3930 ἑϐδομά-

151 3945 248 4001 δων
289 3951 727 4026 ἀναμετροῦντες
776 3953 899 4006 ὅλον
946 3952 1008 4006 τὸ
1058 3951 1152 4005 τοῦ
1193 3952 1387 4023 χρόνου
1429 3952 1726 4022 διάστημα’

154 4034 249 4102 ῑως
280 4040 345 4095 ἂν
379 4043 762 4115 παρελθόντων
804 4043 911 4097 τῶν
938 4042 1295 4114 κινουμένων,
1326 4043 1421 4096 καὶ
1450 4040 1734 4112 παυσαμέ‹

150 4146 241 4200 νης
264 4135 389 4188 ποτέ
411 4136 513 4207 τῆς
536 4134 771 4206 ῥοώδους
796 4136 1084 4205 κινήσεως,
1115 4136 1298 4199 καθώς
1330 4152 1493 4207 φησιν
1511 4137 1539 4188 6
1574 4135 1734 4187 Ἀπό-

154 4223 347 4290 στολος,
382 4226 512 4302 ἔλθῃ
541 4227 608 4281 τά
641 4227 1217 4299 μηκέτισαλευόμενα,
1242 4222 1315 4282 ὧν
1340 4225 1611 4297 μεταϐολὴ
1639 4227 1735 4279 καὶ

151 4311 422 4381 ἀλλοίωσις
473 4316 657 4371 οὐκέτι
695 4316 928 4371 ἅπτεται
950 4356 968 4381 ,
1020 4320 1082 4371 ἑν
1113 4321 1224 4381 τοῖς
1256 4318 1441 4381 αὐτοῖς
1473 4316 1735 4380 ὡσαύτως

154 4402 233 4454 ἀεὶ
259 4405 391 4477 πρὸς
417 4409 544 4471 τοὺς
564 4407 765 4477 ἑφεξῆς
789 4406 995 4472 αἰῶνας
1018 4407 1377 4480 διαμενούσης
1400 4408 1613 4478 ἐκείνης
1636 4407 1735 4477 τῆς

1829 3224 1997 3279 super
2047 3207 2125 3263 rei
2179 3222 2352 3278 egena
2401 3206 2894 3280 diminutiouisque
2942 3225 3139 3280 etpers
3190 3210 3247 3264 in
3308 3210 3426 3266 suis

1829 3300 2009 3355 modis
2057 3314 2386 3370 permanens
2412 3308 2666 3355 creatura
2704 3319 2717 3355 :
2771 3301 2845 3355 ita
2880 3316 3056 3372 neque
3084 3310 3301 3373 tempus
3331 3318 3426 3358 ex-

1832 3390 1970 3446 stitit
2003 3390 2174 3444 ullum
2215 3390 2363 3445 aliud
2412 3398 2614 3460 praeter
2641 3390 2716 3457 id,
2756 3392 2903 3462 quod
2930 3408 3037 3447 una
3083 3408 3207 3448 cum
3254 3391 3429 3448 fabri-

1831 3484 2049 3537 catione
2084 3481 2277 3537 mundi
2316 3482 2664 3553 designatum
2696 3492 2800 3548 est,
2853 3482 2950 3538 sed
2998 3484 3211 3539 dierum
3252 3486 3425 3556 septi—

1832 3590 1995 3630 mana
2050 3576 2315 3645 temporis
2358 3584 2556 3630 natura
2597 3575 2822 3631 deﬁnita
2861 3584 2965 3631 est.
3007 3577 3186 3648 Atque
3221 3579 3323 3633 hac
3358 3579 3428 3634 de

1831 3678 2020 3731 causa,
2064 3679 2190 3719 cum
2233 3663 2430 3721 diebus
2462 3673 2679 3735 tempus
2722 3667 3001 3730 metimur,
3031 3668 3101 3722 ab
3143 3684 3253 3724 uno
3288 3669 3428 3726 inci-

1832 3754 2048 3826 pientes
2083 3763 2139 3812 et
2178 3757 2418 3826 septimo
2444 3772 2735 3813 numerum
2768 3759 3187 3825 concludentes,
3230 3776 3427 3817 rursus

1834 3846 1901 3902 ad
1940 3864 2109 3903 unum
2145 3849 2510 3920 regredimur,
2542 3866 2638 3921 per
2672 3851 2938 3906 ambitum
2967 3853 3426 3922 septimanarum.

1835 3954 2055 4010 semper
2084 3948 2261 3997 totum
2292 3942 2559 4013 temporis
2583 3943 2823 4014 spatium
2847 3944 3221 4010 remetientes,
3250 3944 3428 4000 donec

1833 4031 2128 4100 praeteritis
2158 4033 2225 4089 iis
2254 4049 2376 4105 qua:
2403 4042 2717 4099 moventur,
2750 4032 3005 4105 ﬂuxoque
3041 4043 3216 4102 motu,
3252 4044 3309 4090 ut
3342 4037 3430 4091 in-

1836 4123 1956 4194 quit
1995 4123 2292 4195 Apostolus
2313 4128 2380 4192 ”,
2411 4127 2711 4198 aliquando
2759 4136 3037 4192 cessante,
3068 4130 3320 4183 venerint
3340 4144 3427 4194 ea,

1838 4231 1961 4287 quae
2017 4233 2129 4273 non
2190 4220 2429 4290 amplius
2482 4219 2773 4284 ﬂuctuant,
2831 4227 2886 4275 et
2932 4220 3236 4291 agitantur;
3309 4234 3431 4290 quae

1836 4312 2099 4383 deinceps
2128 4313 2381 4368 alteratio
2411 4315 2754 4385 mutatioque
2795 4329 2905 4368 non
2939 4314 3177 4383 amplius
3210 4315 3432 4385 attingit

1836 4404 1894 4459 in
1915 4406 2144 4469 eisdem,
2183 4408 2374 4463 eodem
2400 4408 2566 4462 modo
2594 4421 2811 4477 semper
2845 4406 2899 4461 in
2922 4406 3206 4477 sequentia
3232 4407 3432 4462 saecula

154 4494 394 4563 κτίσεως,
431 4502 490 4553 ἐν
598 4500 809 4567 γίνεται
854 4501 888 4571 ἡ
928 4498 1158 4572 ἀληθινὴ
1193 4499 1465 4571 περιτομὴ
1502 4500 1599 4570 τῆς
1637 4499 1724 4551 ἀν-

1843 4510 2097 4555 manente
2131 4501 2218 4554 illa
2248 4509 2526 4568 creatura,
2553 4501 2607 4555 in
2636 4516 2745 4571 qua
2773 4515 2904 4555 vera
2937 4499 3190 4554 humanae
3225 4508 3434 4554 naturae

156 4583 420 4661 θρωπίνης
443 4590 659 4655 φύσεως
688 4590 748 4642 ἐν
775 4591 841 4659 τῇ
864 4588 965 4658 τῆς
994 4588 1315 4659 σωματικῆς
1343 4587 1488 4656 ζωῆς
1520 4604 1733 4658 περιαι-

154 4677 312 4747 ρέσει,
337 4683 431 4735 καὶ
455 4682 516 4735 τὸ
538 4680 792 4751 ἀληθινὸν
813 4680 1109 4753 καθάρσιον
1130 4679 1224 4732 τοῦ
1245 4678 1500 4749 ἀληθινοῦ
1534 4679 1729 4751 ῥύπου.

166 4771 352 4836 Ῥύπος
384 4775 438 4829 δὲ
471 4774 760 4846 ἀνθρώπου
792 4775 825 4845 ἡ
860 4773 1123 4845 ἁμαρτία,
1165 4775 1198 4843 ἡ
1231 4773 1730 4844 συναποτικτομὲνη

161 4865 216 4933 τῇ
250 4865 562 4937 ἀνθρωπίνῃ
586 4865 747 4935 φύσει
783 4864 886 4934 (ὅτι
925 4882 942 4915 ι
971 4864 1029 4916 ἐν
1054 4863 1351 4934 ἁμαρτίαις
1379 4864 1638 4935 ὲκίσσησέ
1664 4882 1731 4934 με

159 4956 189 5025 ὴ
216 4959 391 5028 μήτηρ
424 4975 524 5028 μου
559 4977 578 5010 ι
598 4958 639 5024 ),
674 4958 741 5027 ἢν
773 4959 801 5010 6
826 4957 915 5011 τὸν
947 4937 1287 5028 καθαρισμὸν
1316 4954 1425 5008 τῶν
1450 4956 1732 5028 ἁμαρτιῶν

156 5045 302 5114 ἡμῶν
362 5048 756 5120 ποιησάμενος,
807 5047 930 5099 τότε
984 5047 1066 5108 εἰς
1116 5045 1177 5099 τὸ
1224 5046 1333 5098 πᾶν
1392 5046 1730 5117 ἐκκαθαίρει,

159 5139 515 5205 ἐξαναλίσκων
552 5143 615 5193 ἐκ
650 5139 748 5211 τῆς
778 5137 885 5192 τῶν
910 5137 1078 5191 ὅντων
1113 5136 1327 5205 φύσεως
1359 5137 1466 5190 πᾶν
1492 5138 1614 5191 ὅσον
1647 5139 1733 5190 αἱ·

164 5232 395 5301 pateat;
424 5250 485 5286 τε
524 5233 617 5287 καὶ
656 5230 901 5303 ῥυπαρὸν
930 5230 1027 5284 καὶ
1068 5229 1423 5302 ἀκρόϐυστον.
1454 5228 1566 5282 Καὶ
1593 5227 1735 5282 οὕτω

161 5323 416 5397 δεχόμεθα
440 5325 535 5380 τὸν
556 5326 683 5398 περὶ
713 5325 816 5396 τῆς
847 5323 1070 5394 Ὀγδόης
1085 5323 1373 5394 νόμον,τὸν
1404 5322 1737 5394 καθαίροντα

162 5430 217 5467 τε
260 5417 351 5469 καὶ
381 5416 804 5488 περιτέμνοντα’
847 5415 981 5468 διότι
1015 5414 1108 5468 τοῦ
1137 5414 1495 5485 ἑϐδοματικοῦ
1536 5431 1742 5469 παυσα-

168 5505 316 5570 μένου
359 5508 588 5579 χρόνου,
639 5510 962 5579 ἐνστήσεται
1018 5506 1200 5579 ἡμέρα
1245 5507 1406 5577 ὀγδόη
1462 5506 1600 5579 μετά
1639 5509 1741 5578 τὴν

168 5596 411 5667 ἑϐδόμην
439 5600 601 5672 ὀγδόη
630 5600 729 5673 μὲν
756 5600 1026 5671 λεγομένη
1052 5640 1067 5665 ,
1094 5600 1176 5654 ὅτι
1211 5590 1350 5671 μετὰ
1380 5598 1477 5671 τὴν
1503 5600 1739 5672 ἑϐδόμην

237 5750 280 5785 ’θ
304 5751 464 5812 Rom.
484 5769 581 5824 vn,
612 5757 697 5813 Η.

1841 4590 2194 4645 circumcisio
2246 4607 2344 4659 per
2394 4590 2800 4662 ademptionem
2840 4591 2965 4645 vitae
2998 4591 3326 4661 corporalis.
3379 4598 3434 4647 et

1840 4699 1968 4737 vera
1999 4682 2310 4752 puriﬁcatio
2336 4699 2593 4739 verarum
2617 4685 2863 4740 sordium
2893 4684 2969 4740 ﬁt.
3011 4684 3217 4740 Sordes
3248 4692 3432 4740 autem

1842 4774 2082 4830 hominis
2114 4785 2402 4846 peccatum
2437 4784 2542 4840 cst,
2575 4775 2722 4848 quod
2750 4792 2858 4831 una
2893 4792 3018 4831 cum
3051 4776 3293 4831 humana
3314 4776 3434 4833 edi-

1840 4876 1931 4923 tur
1953 4877 2171 4935 natura,
2196 4870 2454 4940 quoniam
2488 4889 2507 4921 ι
2529 4871 2586 4924 in
2615 4870 2855 4940 peccatis
2879 4871 3132 4940 concepit
3155 4886 3241 4925 me
3263 4877 3436 4924 mater

1838 4976 1959 5015 mea
1983 4961 2058 5015 ²⁸ε
2083 4981 2100 5012 ι
2140 4962 2285 5032 quod
2319 4973 2603 5033 peccatum
2637 4963 2685 5018 is
2710 4963 2804 5033 qui
2838 4962 3279 5032 puriﬁcationem
3305 4977 3437 5031 pec-

1832 5058 2081 5104 catorum
2108 5062 2422 5106 nostrorum
2450 5052 2709 5119 confecit,
2746 5060 2878 5108 tunc
2906 5054 2961 5109 in
2996 5053 3313 5109 universum
3339 5066 3435 5107 ex-

1833 5150 2050 5212 purgat,
2087 5143 2387 5199 absumens
2408 5159 2473 5199 ac
2499 5145 2700 5200 tollens
2726 5162 2796 5200 ex
2825 5159 3011 5199 rerum
3034 5152 3232 5197 natura
3266 5142 3429 5211 quid-

1838 5231 1968 5302 quid
2018 5233 2102 5287 vel
2141 5244 2429 5289 cruentum
2478 5237 2561 5290 vel
2595 5236 2876 5290 sordidum
2908 5235 2993 5289 vel
3040 5232 3431 5303 prmputiosum

1837 5332 1942 5379 est.
1996 5323 2175 5395 Atque
2227 5327 2302 5381 ita
2338 5327 2646 5395 accipimus
2686 5327 2863 5397 legem
2920 5326 2989 5381 de
3026 5323 3269 5379 Octava:
3310 5337 3437 5394 quae

1848 5417 1936 5473 lex
1969 5427 2162 5489 purget
2211 5419 2420 5489 pariter
2452 5428 2506 5474 et
2548 5417 2929 5481 circumcidat,
2969 5421 3257 5486 propterea
3286 5412 3435 5484 quod

1847 5512 2244 5582 septimauario
2274 5519 2521 5583 tempore
2554 5511 2730 5577 ﬁnito,
2770 5519 2893 5581 post
2941 5507 3441 5578 septimum-insta-
3502 5530 3539 5573 ιχ

1849 5601 1929 5657 bit
1949 5602 2069 5658 dies
2108 5610 2377 5671 octavus;
2408 5603 2500 5673 qui
2533 5610 2763 5658 octavus
2793 5600 3013 5672 quidem
3049 5597 3272 5666 dicitur,
3303 5599 3436 5670 quia

810 5756 1046 5814 "'lCor.
1085 5772 1139 5822 ι,
1172 5756 1223 5810 Α.
1302 5758 1349 5788 ²⁶
1382 5755 1515 5812 Gen.
1544 5771 1582 5824 ι,
1619 5756 1671 5811 5.

1829 5758 1849 5813 ι
1880 5757 2008 5814 Cor.
2039 5772 2136 5826 vn,
2173 5756 2264 5811 ⁵51.
2341 5756 2385 5787 ’⁸
2416 5752 2563 5809 Psal.
2590 5770 2641 5822 ι,
2667 5755 2721 5808 7.
