3844 6358
418 353 525 407 fill‘

1620 351 1679 408 S.
1734 351 2061 410 GREGORH
2099 354 2396 415 NYSSENI

3576 358 3703 414 612

416 475 540 539 post
567 468 862 541 septimum
886 466 1134 534 exsistit;
1160 465 1373 523 numeri
1402 479 1531 521 vero
1557 465 1993 524 vicissitudinem

2100 475 2325 546 γίνεται,
2356 474 2538 530 ούκέτι
2563 475 2619 531 δέ
2642 475 2741 548 τὴν
2765 472 2860 530 τοῦ
2891 472 3127 549 ἀριθμοῦ
3158 473 3406 549 διαδοχὴν
3436 475 3524 544 ἐφ’
3553 475 3701 528 tau-

418 578 473 618 tn
513 578 633 617 sese
669 578 776 617 non
811 561 1044 631 amplius
1095 559 1354 614 admittit.
1386 556 1544 614 Unus
1579 559 1723 613 enim
1763 560 1818 614 in
1870 576 1996 631 per-

419 664 637 726 petuum
668 650 815 709 nulla
842 669 1079 722 unquam
1117 662 1387 708 nocturna
1422 653 1657 723 caligine
1678 648 1995 727 'diremptus

415 755 718 816 permanet.
767 746 923 801 Alius
967 745 1110 799 enim
1152 759 1275 798 eum
1310 743 1482 799 efficit
1526 746 1639 811 sol;
1680 744 1774 814 qui
1811 760 1995 800 veram

414 854 516 894 suo
541 839 749 907 fulgore
780 840 955 892 lucem
985 839 1116 901 edit,
1148 839 1239 908 qui
1264 845 1620 909 posteaquam
1645 838 1805 893 nobis
1827 839 1997 893 semel

416 931 674 993 illuxerit,
728 940 785 985 ut
820 930 1021 1001 .iuquit
1050 930 1349 1001 Apostolus
1370 931 1437 993 ",
1489 930 1747 1000 deinceps
1794 945 1995 985 occasu

414 1034 523 1073 non
555 1021 885 1081 occultatur,
923 1020 1019 1076 sed
1050 1020 1239 1074 omnia
1269 1021 1655 1074 illuminatrice
1680 1020 1731 1074 vi
1754 1035 1851 1075 sua
1880 1035 1998 1073 am-

413 1110 604 1181 plexus
646 1119 966 1180 perpetuum
1008 1111 1215 1179 pariter
1248 1125 1313 1163 ac
1348 1108 1753 1165 vicissitudinis
1799 1123 1996 1179 expers

414 1200 594 1255 lumen
626 1201 806 1271 dignis
840 1201 1142 1271 ingenerat,
1181 1200 1346 1254 etiam
1390 1199 1559 1270 ipsos,
1603 1200 1696 1270 qui
1729 1199 1875 1254 illius
1911 1200 1997 1253 lu-

411 1289 577 1343 minis
604 1290 900 1359 participes
927 1288 1153 1355 fuerint,
1182 1289 1322 1344 alios
1339 1289 1484 1342 soles
1500 1287 1781 1344 efficiens:
1806 1303 1998 1359 quem‘

412 1384 706 1438 admodum
751 1385 807 1438 in
840 1383 1137 1455 Evangelia
1184 1383 1376 1440 Sermo
1423 1384 1587 1441 dicit:
1630 1405 1647 1437 ι
1675 1386 1831 1440 Tunc
1858 1385 1997 1457 justi

410 1472 696 1545 fulgebunt
745 1483 803 1529 ut
844 1476 927 1532 sol
947 1474 1013 1528 ³⁸.
1028 1468 1067 1527 ι’

481 1568 944 1640 Quoniamigitur
984 1572 1039 1626 in
1072 1571 1345 1642 superiori
1381 1571 1591 1642 psalmo
1630 1586 1730 1641 pro
1762 1586 1846 1639 ea,
1877 1587 1999 1643 quae

410 1659 785 1714 [nereditatem
809 1663 974 1731 capit,
989 1677 1296 1718 sermonem
1320 1661 1480 1716 fecit:
1504 1662 1792 1717 hmreditas
1816 1671 1996 1717 autem

410 1753 467 1809 in
482 1751 688 1808 Octava
704 1752 885 1824 dignis
901 1756 1136 1826 reposita
1157 1766 1321 1825 atque
1340 1755 1623 1811 recondita
1636 1765 1718 1811 est
1739 1775 1751 1810 :
1771 1766 1932 1828 atque
1944 1758 1997 1813 in

411 1841 1244 1917 hacjustumquoquejudicium
1256 1842 1372 1915 Dei,
1387 1846 1684 1917 unicuique
1697 1848 1771 1913 id,
1788 1835 1896 1919 quo
1912 1849 1997 1904 di-

409 1952 550 2007 gnus
576 1936 759 2001 fuerit,
783 1939 1028 1995 tribuens
1059 1948 1346 1996 exercetur
1366 1958 1381 1997 :
1404 1949 1552 1995 recte
1574 1938 1843 2011 Propheta
1873 1957 1996 1996 cum

415 2030 695 2085 mentione
717 2030 957 2095 Octavaz,
977 2032 1045 2087 dc
1062 2033 1379 2102 pmnitentia
1402 2033 1564 2088 simul
1586 2032 1765 2087 intulit
1786 2048 1998 2089 sermo-

406 2136 553 2176 nem.
586 2122 720 2188 Quis
743 2124 887 2179 enim
916 2124 1380 2196 terribilisiudicii
1410 2124 1616 2182 ChriSIi
1650 2126 1994 2185 recordatus.

404 2228 515 2268 non
554 2216 738 2269 statim
782 2216 834 2270 in
861 2218 1198 2273 conscientia
1231 2234 1329 2273 sua
1361 2218 1520 2288 quasi
1557 2218 1997 2285 convellitur,'ac

404 2310 615 2362 terrore
651 2316 705 2362 et
728 2323 928 2381 angore
954 2326 1063 2365 non
1090 2312 1532 2382 constringitur?
1561 2320 1725 2383 atque
1752 2313 1915 2368 etiam
1950 2311 1995 2369 si

405 2399 531 2454 vitae
569 2402 765 2457 melius
811 2418 974 2473 quam
1005 2403 1249 2459 deterius
1281 2412 1419 2459 actae
1451 2406 1554 2459 sibi
1586 2406 1849 2461 conscius
1891 2406 1992 2459 sit:

404 2497 646 2546 attamen
681 2492 749 2546 ad
775 2504 1025 2547 exactam
1058 2494 1398 2564 diligentiam
1430 2505 1483 2550 et
1538 2496 1770 2566 rigorem
1805 2496 1996 2566 judicii

407 2584 733 2654 respiciens,
768 2584 821 2638 in
857 2600 968 2655 quo
1001 2585 1241 2641 minimae
1285 2603 1506 2658 quoque
1536 2589 1712 2658 culpae
1742 2588 1796 2642 in
1843 2603 1996 2663 quac-

404 2674 637 2727 stionem
667 2674 1041 2738 adducuntur,
1089 2690 1152 2729 ac
1181 2690 1413 2746 prorsus
1439 2678 1851 2749 exspectatione
1883 2688 1995 2733 ter-

405 2764 652 2819 ribilium
688 2781 974 2835 poenarum
1004 2768 1397 2837 pcrhorrescit,
1447 2771 1708 2841 ignorans
1740 2770 1993 2841 quisnam

404 2855 508 2910 sibi
558 2856 750 2925 judicii
787 2859 969 2913 exitus
1008 2865 1061 2913 et
1097 2868 1332 2915 eventus
1368 2859 1590 2916 futurus
1641 2861 1733 2915 sit.
1779 2861 1992 2916 Idcirco

402 2946 560 3017 quasi
611 2946 667 3000 in
712 2949 890 3004 oculis
925 2950 1138 3004 habens
1162 2951 1432 3007 terribilia
1468 2953 1759 3023 supplicia,
1789 2953 1994 3023 gehen-

404 3054 530 3093 nam
558 3039 704 3093 illam
730 3047 784 3094 et
810 3043 1160 3096 tenebrosum
1191 3044 1393 3115 ignem,
1416 3055 1466 3100 et
1493 3045 1846 3099 conscientiae
1866 3059 1991 3099 ver-

2094 568 2194 639 τῆς
2222 568 2510 639 δεχομένη.
2543 569 2659 623 Μία
2701 569 2809 642 γὰρ
2850 572 2929 635 είς
2963 569 3025 623 τὸ
3058 569 3301 640 διηνεκὲς
3342 567 3700 639 παραμένει,

2095 659 2353 712 οὐδέποτε
2395 659 2697 732 νυκτερινῷ
2741 660 3096 733 διαιρουμένη
3139 659 3310 730 ζόφῳ.
3348 658 3540 722 Ἀλλος
3573 657 3701 729 γὰρ

2097 749 2266 818 αὐτὴν
2291 752 2436 805 ποιεῖ
2463 751 2493 804 6
2527 750 2698 821 ἥλιος,
2728 753 2758 804 ό
2790 751 2852 804 τὸ
2885 751 3138 824 ἀληθινὸν
3170 751 3286 820 φῶς
3318 750 3702 821 ἀπολάμπωνο

2094 843 2155 906 ὃς
2185 843 2404 896 ἐπειδὰν
2434 843 2577 909 ἅπαξ
2611 845 2847 915 ἐπιφανῇ
2879 846 3035 915 ἡμῖν,
3056 842 3238 906 καθώς
3264 860 3427 913 φησιν
3455 844 3485 896 6
3522 842 3704 894 Ἀπό-

2099 932 2301 997 στολος,
2333 933 2515 987 οὐκέτι
2542 936 2601 987 ἐν
2629 934 2860 1005 δυσμαῖς
2892 934 3215 1007 κρύπτεται,
3242 933 3377 987 ἀλλά
3410 932 3588 986 πάντα
3622 934 3700 1002 τῇ

2097 1028 2398 1097 φωτιστικῇ
2417 1025 2608 1080 ἑαυτοῦ
2625 1027 2850 1098 δυνάμει
2866 1045 2931 1080 πε
2938 1010 3615 1099 ριπτυξάμενοςβιψεκές
3632 1039 3701 1077 τε

2098 1119 2193 1173 καὶ
2223 1118 2502 1188 ἀδιάδοχον
2532 1121 2645 1182 τοῖς
2675 1119 2845 1185 ἀξίοις
2874 1120 2933 1173 τὸ
2961 1118 3076 1189 φῶς
3102 1120 3338 1190 ἐμποιεῖ·
3370 1118 3460 1171 καὶ
3489 1118 3704 1179 αὐτοὺς

2097 1213 2224 1274 τοὺς
2256 1209 2583 1281 μετέχοντας
2626 1211 2721 1263 τού
2758 1211 2934 1280 φωτὸς
2985 1212 3197 1263 ἐκείνου
3220 1250 3236 1275 ,
3270 1209 3459 1272 ἄλλους
3503 1209 3705 1273 ἡλίοις

2099 1303 2568 1375 ἀπεργαζόμενος,
2603 1302 2787 1367 καθώς
2815 1320 2977 1374 φησιν
3000 1304 3059 1356 ἐν
3086 1302 3163 1372 τῷ
3186 1300 3505 1371 Εὐαγγελίῳ
3530 1302 3558 1354 6
3582 1298 3690 1350 Λό-

2099 1411 2215 1463 γος,
2250 1396 2334 1448 ὅτι
2376 1413 2395 1447 ι
2434 1394 2568 1448 Τότε
2597 1396 2645 1448 ot
2677 1393 2877 1449 δίκαιοι
2907 1393 3212 1465 λάμψουσιν
3242 1393 3316 1457 ὡς
3340 1394 3368 1446 6
3391 1393 3559 1463 ἥλιος.
3594 1410 3616 1442 ο

2181 1570 2334 1624 Ἐπεὶ
2360 1564 2453 1624 οὖν
2484 1568 2626 1642 ὑπὲρ
2660 1570 2757 1639 τῆς
2807 1569 3254 1642 κληρονομούσης
3279 1570 3338 1622 ἐν
3378 1568 3457 1641 τῷ
3486 1568 3700 1641 προλα-

2100 1662 2246 1716 ϐόντι
2282 1661 2485 1733 ψαλμῷ
2522 1661 2613 1715 τὸν
2640 1662 2799 1731 λόγον
2831 1654 3129 1733 πεποίηταί
3141 1702 3157 1728 ,
3198 1664 3231 1735 ὴ
3264 1661 3322 1715 δὲ
3351 1661 3698 1733 κληρονομία

2102 1757 2161 1809 ἐν
2188 1758 2256 1826 τῇ
2303 1753 2492 1826 Ὀγδόῃ
2530 1757 2645 1819 τοῖς
2676 1755 2848 1820 ἀξίοις
2873 1755 3184 1821 ἀπόκειται,
3217 1755 3277 1807 ἐν
3300 1753 3473 1826 ταύτῃ
3499 1753 3558 1807 δέ
3594 1753 3699 1807 καὶ

2101 1850 2133 1919 ἡ
2166 1847 2346 1900 δικαία
2383 1845 2478 1899 τοῦ
2524 1846 2659 1900 Θεοῦ
2692 1846 2902 1915 γίνεται
2932 1848 3149 1917 κρίσις,
3204 1846 3421 1916 ἑκάστῳ
3462 1845 3526 1897 τὸ
3565 1847 3697 1898 κατ’

2101 1936 2260 2002 ἀξίαν
2316 1936 2575 2007 νέμουσα·
2636 1935 2819 2000 καλῶς
2874 1938 2903 1989 6
2945 1937 3240 2008 Προφήτης
3286 1937 3353 2006 τῇ
3405 1935 3533 2006 περὶ
3586 1935 3697 2005 τῆς

2114 2025 2340 2097 Ὀγδόης
2413 2026 2606 2098 μνήμῃ
2644 2024 2736 2079 τὸν
2800 2024 2931 2097 περὶ
2982 2025 3270 2097 μετανοίας
3323 2026 3696 2093 συνεισήγαγε

2099 2115 2275 2185 λόγον.
2318 2116 2415 2179 Τίς
2458 2115 2567 2187 γὰρ
2600 2115 2696 2185 τῆς
2750 2115 2987 2186 φοϐερᾶς
3035 2116 3127 2169 τοῦ
3174 2114 3412 2186 Χριστοῦ
3453 2115 3697 2186 κρίσεως

2103 2208 2324 2280 μνήμην
2362 2205 2564 2272 λαϐὼν,
2598 2207 2698 2260 οὐκ
2731 2206 2894 2271 εὐθὺς
2918 2207 2978 2260 ἐν
3022 2206 3101 2278 τῷ
3152 2208 3411 2260 συνειδότι
3443 2206 3524 2277 τῷ
3572 2205 3695 2279 ἰδίῳ

2101 2301 2475 2372 σπαράσσεται
2500 2338 2516 2364 ,
2547 2300 2640 2354 καὶ
2673 2300 2826 2371 φόϐῳ
2864 2302 2961 2354 καὶ
2998 2301 3189 2372 ἀγνοίᾳ
3232 2301 3516 2370 συνέχεται
3538 2316 3556 2366 ;
3582 2300 3693 2353 xiv

2100 2395 2237 2465 πρὸς
2261 2393 2323 2447 τὸ
2364 2395 2611 2463 κρεῖττον
2654 2392 2832 2462 ἐαυτῷ
2865 2392 3221 2461 συνεγνωκὼς
3247 2392 3384 2465 τύχῃ
3410 2391 3504 2444 τὸν
3536 2391 3690 2463 βίον,

2040 2498 2041 2501 ‘
2099 2485 2215 2539 ἀλλ’
2248 2480 2339 2538 οὖν
2371 2484 2510 2556 πρὸς
2536 2484 2635 2554 τὴν
2662 2483 2945 2558 ἀκρίϐειαν
2970 2485 3070 2554 τῆς
3101 2484 3333 2555 κρίσεως
3368 2484 3602 2554 βλέπων,
3631 2488 3690 2539 ἐν

2098 2570 2132 2650 ᾖ
2171 2576 2267 2629 καὶ
2301 2575 2369 2629 τὰ
2399 2575 2705 2628 λεπτότατα
2740 2573 2850 2628 τῶν
2895 2578 3305 2652 παροραμάτων
3334 2579 3413 2641 είς
3443 2576 3692 2651 ἐξέτασιν

2044 2682 2047 2687 ‘
2098 2673 2309 2741 ἄγεται·
2346 2673 2735 2725 καταπτοεϊται
2765 2671 2983 2737 πάντως
3007 2676 3075 2744 τῇ
3106 2673 3213 2726 τῶν
3241 2673 3490 2747 φοϐερῶν
3516 2692 3691 2747 προσ-

2095 2764 2269 2835 δοκίᾳ,
2299 2765 2396 2817 οὐκ
2421 2762 2577 2827 εἰδὼς
2604 2764 2683 2827 είς
2718 2764 2747 2817 ὃ
2778 2781 2832 2817 τι
2862 2764 3013 2834 αύτῷ
3041 2764 3103 2817 τὸ
3129 2766 3228 2837 τῆς
3257 2765 3493 2838 κρίσεως
3522 2782 3693 2819 κατα-

2096 2857 2248 2929 λήξει
2276 2857 2469 2929 πέρας.
2500 2856 2703 2910 Τούτου
2731 2857 2891 2931 χάριν
2914 2857 2990 2919 ὡς
3010 2858 3068 2911 ἐν
3090 2857 3388 2929 ὀφθαλμοῖς
3410 2857 3597 2911 λαϐὼν
3621 2857 3694 2912 τὰ

2097 2945 2304 3017 φοϐερὰ
2337 2945 2690 3018 κολαστήρια,
2724 2946 2823 3017 τὴν
2848 2946 3072 3016 γέενναν
3105 2949 3320 3020 ἐκείνην
3346 2949 3439 3001 καὶ
3471 2948 3533 3001 τὺ
3564 2964 3691 3002 σκο-

2094 3039 2269 3092 τεινὸν
2317 3036 2462 3108 πῦρ,
2508 3038 2604 3091 καὶ
2635 3037 2727 3091 τὸν
2766 3038 3125 3110 ἀτελεύτητον
3176 3040 3277 3111 τῆς
3331 3040 3688 3112 συνειδήσεως

404 3146 548 3186 mem
589 3145 868 3200 nunquam
903 3133 1265 3188 emorientem
1288 3134 1331 3165 "
1383 3136 1477 3205 qui
1514 3136 1751 3189 animam
1780 3150 1993 3205 semper

2100 3128 2359 3200 σκώληκα
2377 3171 2392 3194 ,
2434 3129 2526 3183 τὸν
2552 3131 2640 3184 ἀεὶ
2669 3130 2925 3200 μυζῶντα
2954 3130 3055 3202 τὴν
3082 3131 3261 3204 ψυχὴν
3292 3131 3360 3185 δι’
3392 3132 3685 3204 αἰσχύνης,

402 3224 616 3293 pudore
654 3224 896 3295 sugillat,
962 3238 1028 3278 ac
1076 3224 1457 3281 recordatione
1489 3227 1631 3281 male
1683 3234 1818 3280 actae
1868 3228 1996 3281 vita

404 3316 688 3372 cruciatus
715 3323 944 3371 renovat
977 3326 1142 3387 atque
1166 3317 1542 3388 redintegrat:
1582 3316 1690 3373 Deo
1717 3317 1828 3387 jam
1864 3334 1997 3389 sup-

409 3408 531 3479 plex
557 3409 637 3474 lit,
664 3421 830 3462 orans
860 3409 1012 3463 neein
1042 3408 1136 3462 illo
1158 3406 1345 3463 furore
1374 3409 1626 3462 tradatur
1648 3408 1715 3462 ad
1739 3408 1998 3477 quaestio-

407 3515 533 3554 nem
581 3506 637 3554 et
669 3498 963 3570 judicium,
1021 3515 1125 3555 neu
1160 3516 1259 3570 per
1308 3500 1455 3554 illam
1489 3501 1626 3554 iram
1673 3499 1998 3555 adhibeatur

364 3580 371 3587 κ
407 3592 513 3648 sibi
566 3592 853 3663 castigatio
893 3604 1114 3663 propter
1159 3592 1361 3649 delicta
1385 3593 1428 3626 ³’
1475 3592 1638 3666 (nam
1691 3592 1761 3648 ab
1800 3593 1866 3649 iis
1901 3592 1996 3664 qui

405 3686 603 3739 acerba
652 3672 1015 3756 castigatione
1048 3685 1312 3741 terribilis
1364 3685 1513 3740 illius
1569 3685 1824 3756 supplicii
1861 3700 1998 3739 con-

404 3776 644 3833 denmati
695 3786 843 3840 sunt,
896 3777 1102 3834 furoris
1140 3793 1263 3833 esse
1312 3794 1452 3849 opus
1502 3785 1558 3834 et
1597 3780 1693 3834 irae
1726 3778 1995 3848 judicium

401 3868 537 3924 illud
568 3868 961 3940 existimatur).
1006 3870 1182 3940 Atque
1216 3869 1424 3925 idcirco
1473 3871 1633 3941 quasi
1670 3872 1783 3942 jam
1815 3871 1871 3926 in
1896 3871 1997 3927 do-

401 3959 613 4015 loribus
664 3971 827 4029 atque
879 3960 1218 4016 cruciatibus
1270 3963 1632 4028 constitutus,
1689 3964 1992 4019 dolentium

400 4065 566 4107 voces
596 4052 866 4115 imitatur,
921 4052 1124 4121 quibus
1172 4052 1326 4108 furor
1372 4068 1496 4109 esse
1549 4055 1764 4110 videtur
1789 4063 1843 4112 et
1887 4056 1990 4122 ira,

401 4142 669 4215 quidquid
721 4142 788 4197 ad
848 4142 1189 4212 puniendum
1245 4143 1445 4214 impios
1499 4144 1813 4200 adhibetur.
1853 4144 1994 4201 Dicit

402 4237 608 4308 igitur:
652 4234 768 4289 Non
796 4244 1056 4306 exspecto
1090 4235 1266 4291 donec
1302 4252 1365 4291 ex
1400 4238 1494 4293 illo
1534 4238 1718 4295 furore
1747 4255 1843 4310 per
1876 4249 1992 4296 ter-

398 4328 583 4383 ribilia
608 4326 818 4397 flagella
840 4326 908 4381 de
927 4342 1013 4381 me
1033 4327 1375 4382 occultorum
1404 4329 1733 4384 delictorum
1755 4330 1992 4402 quaestio

398 4420 686 4487 habeatur,
744 4420 838 4475 sed
872 4435 1199 4491 praeoccupo
1246 4421 1580 4477 revelatione
1625 4429 1790 4493 atque
1824 4438 1992 4494 spon-

2098 3222 2191 3275 καὶ
2216 3224 2284 3292 τῇ
2317 3221 2506 3293 μνήμῃ
2529 3221 2642 3275 τῶν
2669 3220 2855 3285 κακῶς
2888 3220 3236 3294 βεϐιωμένων
3266 3223 3367 3288 τὰς
3388 3224 3689 3297 ἀλγηδόνας

2097 3314 2534 3379 ἀνακαινίζοντα·
2558 3313 2660 3386 ἤδη
2692 3313 2785 3368 τοῦ
2813 3312 2950 3367 Θεοῦ
3003 3315 3189 3388 ίκέτης
3219 3316 3427 3386 γίνεται
3449 3357 3464 3381 ,
3499 3318 3691 3391 δεόμεσ

2096 3424 2207 3473 νος,
2249 3406 2324 3479 μὴ
2365 3406 2444 3478 τῷ
2495 3405 2654 3477 θυμῷ
2705 3406 2899 3478 ἐκείνῳ
2940 3408 3313 3479 παραδοθῆναι
3351 3409 3489 3482 πρὸς
3538 3409 3689 3479 ἔλεγ-

2096 3515 2213 3569 χον,
2250 3499 2386 3569 μήτε
2412 3498 2500 3551 διὰ
2521 3499 2619 3569 τῆς
2644 3498 2817 3572 ὀργῆς
2840 3498 3056 3569 ἐκείνης
3077 3499 3382 3571 ἐπαχθῆναι
3410 3500 3564 3572 αὐτῷ
3590 3502 3688 3573 τὴν

2098 3589 2238 3660 ὑπὲρ
2267 3583 2344 3642 ὧν
2379 3587 2771 3662 ἐπλημμέλησε
2814 3589 3115 3647 παίδευσιν.
3151 3591 3277 3654 Τοῖς
3309 3592 3419 3664 γὰρ
3462 3592 3687 3646 καταδι-

2097 3680 2346 3735 κασθεῖσι
2389 3683 2458 3755 τῇ
2509 3681 2683 3751 πικρᾷ
2727 3680 3008 3735 παιδεύσει
3049 3682 3153 3753 τῆς
3191 3682 3428 3755 φοϐερᾶς
3472 3684 3690 3759 ἐκείνης

2096 3774 2393 3837 κολάσεως,
2439 3772 2614 3844 θυμοῦ
2662 3772 2823 3845 ἔργον
2867 3775 3151 3845 νομίζεται
3182 3776 3277 3829 καὶ
3304 3775 3476 3848 ὀργῆς
3507 3777 3543 3848 ἡ
3577 3778 3690 3832 διά-

2098 3883 2298 3937 κρισις.
2331 3865 2442 3920 Καὶ
2468 3864 2557 3918 διὰ
2578 3863 2737 3918 τοῦτο
2757 3904 2771 3928 ,
2819 3864 2897 3929 ὡς
2940 3868 2999 3919 ἐν
3026 3869 3140 3930 τοῖς
3178 3867 3447 3936 ἀλγεινοῖς
3474 3868 3579 3939 ήδη
3604 3886 3689 3939 γι-

2096 3956 2348 4027 νόμενος,
2391 3953 2493 4018 τὰς
2529 3954 2637 4010 τῶν
2670 3955 3024 4026 ὀδυνωμένων
3066 3957 3252 4025 φωνὰς
3292 3959 3686 4031 ὑποκρίνεται,

2093 4045 2177 4112 οἷς
2205 4047 2376 4119 θυμὸς
2418 4043 2559 4101 εἶναι
2592 4049 2744 4102 δοκεῖ
2773 4049 2867 4102 καὶ
2908 4050 3046 4121 ὀργὴ
3086 4050 3148 4104 τὸ
3178 4051 3271 4105 ἐπὶ
3310 4052 3557 4125 τιμωρίᾳ
3583 4054 3689 4108 τῶν

2095 4138 2309 4193 ἀσεϐῶν
2337 4139 2701 4211 ἐπαγόμενον.
2738 4141 2901 4209 Λέγει
2924 4143 3126 4208 τοίνυν,
3161 4144 3245 4198 ὅτι
3281 4144 3399 4200 Ούκ
3430 4147 3692 4218 ἀναμένω

2094 4225 2170 4287 ἐκ
2189 4232 2283 4287 τοῦ
2314 4232 2488 4304 θυμοῦ
2512 4234 2721 4289 ἐκείνου
2754 4233 2841 4288 διὰ
2868 4235 2977 4289 τῶν
3006 4237 3253 4309 φοϐερῶν
3281 4241 3565 4310 μαστίγων
3597 4259 3692 4311 γε-

2092 4324 2280 4379 νέσθαι
2308 4322 2397 4397 μοι
2419 4325 2528 4379 τῶν
2558 4326 2958 4399 κεκρυμμένων
2987 4328 3079 4382 τὸν
3109 4328 3353 4401 ἔλεγχον·
3384 4331 3522 4386 ἀλλά
3553 4351 3691 4406 ’προ⁴

2092 4415 2357 4488 λαμϐάνω
2387 4419 2457 4489 τῇ
2483 4416 2838 4490 ἐξαγορεύσει
2884 4419 2987 4494 τὴν
3018 4420 3084 4474 ἐκ
3118 4421 3219 4493 τῆς
3252 4423 3424 4495 ὀργῆς
3470 4425 3691 4498 ἐκείνης

398 4523 557 4570 tanea
590 4512 943 4569 confessione
971 4513 1356 4570 necessitatem
1383 4530 1452 4570 ex
1478 4514 1570 4569 illa
1605 4514 1689 4569 ira
1724 4515 1857 4570 mibi
1887 4515 1983 4570 im-

2100 4509 2361 4580 ἀνάγκην.
2414 4509 2594 4581 Ὅπερ
2650 4512 2683 4581 ἡ
2732 4509 2894 4582 ὀδύνη
2948 4511 3041 4565 ἐπὶ
3079 4511 3188 4567 τῶν
3235 4516 3691 4587 μαστιγουμένων

398 4605 730 4677 ponendam.
770 4604 930 4672 Quod
959 4606 1240 4661 cruciatus
1272 4603 1404 4660 facit
1437 4608 1490 4661 in
1536 4607 1645 4662 illis
1672 4607 1767 4678 qui
1792 4608 1986 4664 verbe-

398 4696 615 4760 rantur,
642 4697 829 4765 invitis
855 4698 937 4753 eis
958 4698 1175 4754 occulta
1203 4698 1413 4754 scelera
1439 4699 1729 4755 manifesta
1754 4699 1985 4767 faciens,

400 4789 453 4847 id
480 4805 511 4844 a
560 4804 620 4844 se
652 4790 773 4860 ipso
802 4791 1039 4847 liberum
1089 4792 1382 4847 arbitrium
1410 4791 1560 4858 facit,
1614 4795 1855 4865 seipsum
1891 4810 1988 4865 per

396 4882 780 4956 penitentiam
810 4892 865 4938 et
892 4883 1176 4954 ﬂagellans
1203 4893 1257 4940 et
1291 4887 1548 4955 puniens,
1585 4887 1988 4958 publicansque

397 4980 562 5041 atque
588 4968 880 5041 divulgans
905 4972 958 5026 in
988 4972 1222 5028 occultis
1249 4974 1638 5031 absconditum
1668 4985 1982 5048 peccatum.

395 5061 534 5119 Cum
569 5061 801 5119 dixisset
838 5065 1025 5135 igitur,
1072 5083 1091 5118 ι
1113 5064 1300 5138 Neque
1343 5067 1396 5122 in
1429 5067 1616 5125 furore
1657 5078 1753 5126 tuo
1782 5084 1987 5140 arguas

397 5170 504 5218 me,
559 5170 739 5225 neque
788 5156 845 5211 in
889 5156 970 5211 ira
995 5165 1107 5219 .tua
1141 5159 1380 5231 castiges
1435 5177 1574 5228 me,»
1617 5173 1989 5233 congruenter

397 5245 657 5318 deinceps
683 5249 933 5320 confugit
973 5248 1042 5305 ad
1098 5250 1558 5317 misericordiam,
1615 5270 1724 5309 non
1762 5262 1874 5310 tam
1931 5254 1985 5309 in

399 5337 628 5395 liberam
659 5340 994 5398 voluntatem
1034 5350 1092 5399 et
1119 5343 1433 5408 arbitrium,
1468 5361 1632 5417 quam
1665 5348 1723 5402 in
1752 5346 1984 5402 inﬁrmi-

402 5438 562 5483 tatem
592 5438 805 5487 naturae
839 5447 1065 5489 causam
1104 5435 1233 5489 mali
1265 5434 1581 5492 conferens.
1635 5435 1694 5491 ln
1724 5436 1874 5492 vitiis
1904 5451 1991 5494 me

403 5526 610 5588 natum,
665 5521 865 5591 inquit,
916 5524 1300 5583 misericordia
1346 5542 1516 5595 cura;
1570 5542 1637 5583 ex
1673 5526 1992 5584 infirmitate

403 5604 546 5662 enim
589 5610 761 5665 incidi
792 5612 846 5667 in
886 5614 1160 5671 morbum.
1195 5616 1454 5684 Quaenam
1488 5626 1669 5676 autem
1695 5618 1991 5676 inﬁrmitas

2095 4604 2259 4667 ποιεῖ,
2281 4601 2525 4657 ἀκόντων
2553 4602 2735 4655 αὐτῶν
2760 4602 2826 4656 τὰ
2848 4603 3066 4675 κρυπτά
3092 4604 3192 4673 τῆς
3221 4606 3449 4676 ἀνομίας
3465 4608 3690 4679 ἐμφανῆ

2096 4693 2347 4748 ποιοῦσα·
2377 4693 2537 4747 τοῦτο
2563 4696 2708 4747 ποιεῖ
2738 4694 2833 4765 ἀφ’
2878 4695 3080 4766 ἑαυτῆς
3109 4697 3142 4767 ἠ
3187 4697 3529 4769 προαίρεσις,
3562 4702 3693 4753 ἐαυ-

2093 4784 2193 4857 τὴν
2221 4784 2311 4838 διὰ
2342 4784 2443 4856 τῆς
2468 4784 2758 4854 μετανοίας
2787 4786 3125 4857 μαστίζουσά
3147 4803 3207 4841 τε
3235 4789 3326 4842 καὶ
3360 4789 3690 4859 κολάζουσα,

2093 4879 2188 4933 καὶ
2206 4878 2604 4950 δημοσιεύουσα
2627 4878 2729 4950 τὴν
2764 4878 3187 4951 κεκαλυμμένην
3215 4881 3273 4933 ἐν
3300 4883 3413 4945 τοῖς
3441 4898 3694 4955 κεκρυμ-

2095 4969 2276 5041 μένοις
2311 4969 2607 5041 ἀμαρτίαν.
2638 4970 2825 5024 Εἰπὼν
2855 4970 3056 5036 τοίνυν,
3087 4972 3170 5026 ὅτι
3212 4989 3231 5023 ι
3254 4972 3411 5044 Μήτε
3428 4974 3509 5045 τῷ
3531 4974 3692 5048 θυμῷ

2094 5077 2187 5114 σου
2237 5060 2463 5133 ἐλέγξῃς
2493 5078 2583 5132 με,
2623 5062 2765 5134 μήτε
2796 5065 2865 5135 τῇ
2893 5062 3033 5141 ὀργῇ
3083 5080 3177 5118 σου
3208 5064 3509 5139 παιδεύσῃς
3540 5084 3634 5138 με,
3669 5088 3687 5120 ι

2091 5154 2403 5218 ἀκολούθως
2440 5154 2781 5224 καταφεύγει
2809 5156 2903 5210 ἐπὶ
2924 5156 3018 5211 τὸν
3044 5157 3214 5224 ἔλεον,
3237 5159 3299 5211 οὐ
3324 5159 3584 5215 τοσοῦτον
3613 5165 3693 5223 είς

2096 5246 2437 5318 προαίρεσιν,
2482 5246 2605 5299 ὅσον
2643 5247 2724 5310 είς
2763 5246 3053 5303 ἀσθένειαν
3096 5248 3345 5318 φύσεως,
3378 5250 3472 5304 τοῦ
3513 5249 3688 5306 κακοῦ

2093 5338 2192 5409 τὴν
2217 5339 2394 5392 αἰτίαν
2418 5338 2658 5407 ἀνάγων·
2708 5338 2795 5392 Ἐν
2831 5343 3023 5405 κακοῖς
3051 5341 3332 5410 γεγονότα,
3356 5342 3492 5413 ἐλέῳ
3525 5342 3690 5414 θερά-

2091 5448 2311 5485 πευσον·
2353 5431 2412 5497 ἐξ
2432 5430 2716 5496 ἀσθενείας
2748 5431 2858 5504 γὰρ
2877 5428 3041 5504 ἦλθον
3069 5432 3162 5486 ἐπὶ
3183 5433 3245 5487 τὸ
3274 5433 3467 5498 πάθος.
3497 5434 3595 5498 Τίς
3628 5433 3684 5487 δὲ

2092 5524 2125 5592 ἡ
2165 5522 2457 5587 ἀσθένεια;
2499 5522 2852 5595 Ἐξηρθρώθη
2881 5522 2950 5577 τὰ
2994 5524 3129 5579 ὀστᾶ
3176 5541 3299 5595 μου,
3334 5526 3430 5578 καὶ
3459 5523 3677 5594 διελύθη

2092 5614 2199 5669 ἀπὸ
2224 5615 2324 5685 τῆς
2349 5615 2465 5686 μετ’
2491 5615 2736 5688 ἀλλήλων
2763 5616 3049 5689 ἁρμονίας.
3093 5618 3258 5673 Ὀστᾶ
3274 5617 3333 5671 δὲ
3354 5617 3524 5687 λέγει,
3551 5616 3675 5679 τοὺς

471 5777 512 5807 ἐ
538 5777 584 5835 ll
611 5778 745 5835 Cor.
777 5795 850 5845 tv,
875 5786 924 5841 4.
1003 5789 1046 5819 ³ο
1073 5789 1262 5849 Matth.
1285 5810 1405 5862 xm,
1430 5795 1517 5853 4'5.
1598 5796 1640 5830 ³¹
1682 5794 1878 5855 Malth-
1913 5812 1993 5853 νιιι

2100 5798 2118 5853 2
2147 5815 2160 5867 ;
2190 5795 2359 5857 Marc.
2395 5795 2584 5871 11,}2,
2617 5795 2706 5853 ιδ.
2787 5795 2831 5829 ³³
2861 5780 3008 5852 Psal.
3035 5809 3112 5862 vr,
3146 5791 3181 5849 2
3220 5808 3341 5865 sqq.
