3844 6362
156 349 254 404 615
1552 344 1621 401 IN
1650 343 1674 399 ῐ

1891 342 1988 399 DS.
2832 364 2841 371 ί
3102 346 3115 353 ’
3303 352 3409 410 6H

154 464 429 536 σώφρονας
458 463 771 535 λογισμοὺς,
811 465 940 529 τοὺς
984 465 1082 537 τὴν
1119 464 1297 537 ψυχὴν
1336 459 1666 533 διερείδοντσ

1891 458 1951 512 t?
2004 455 2150 512 Loco
2191 460 2338 513 mota
2383 462 2512 513 sunt
2550 471 2678 513 ossa
2732 472 2875 525 mea,
2929 463 3095 533 atque
3141 474 3172 521 a
3214 472 3409 522 mutua

161 577 176 608 ι
201 553 376 610 Ἰασαί
399 570 487 624 με,
514 553 709 624 Κύριε,
737 554 818 608 ὅτι
840 554 1116 626 ἐταράχθη
1144 552 1214 607 τὰ
1238 552 1374 606 ὀστᾶ
1406 568 1528 622 μου.
1558 568 1576 603 ι
1613 551 1679 605 Kc

1889 550 2285 621 invenientique
2322 548 2466 607 inter
2495 564 2619 607 sese
2644 564 2905 623 compage
2934 551 3223 615 dissoluta.
3266 553 3407 614 Ossa

154 645 437 721 ἐρμηνεύει
464 643 558 699 τοῦ
590 645 748 715 λόγου
778 645 838 698 τὸ
860 646 1109 717 αἴνιγμα,
1142 644 1210 699 δι’
1235 637 1310 699 ὧν
1339 644 1587 713 ἐπήγαγε
1613 658 1672 693 το

1885 653 2009 700 item
2043 642 2182 699 dicit
2205 656 2369 699 sanas
2391 648 2448 699 et
2479 650 2794 701 constantes
2835 643 3192 714 cogitationes
3225 655 3280 703 et
3315 664 3403 704 ra—

155 743 476 815 εἰρημένοις,
501 742 585 795 ὅτι
614 760 635 794 ι
667 742 733 797 Ἡ
754 742 900 812 ψυχή
929 758 1030 813 μου
1056 740 1332 812 ἐταράχθη
1365 738 1621 808 σφόδρα.»
1660 736 1673 754 ⁹

1888 734 2206 790 minationes
2238 734 2473 795 animam
2507 733 2914 793 conﬁrmantes.
2938 755 2957 790 ι
2981 736 3127 794 Sana
3157 756 3266 808 me,
3299 739 3406 796 Do-

153 830 239 888 οῦν
263 833 539 905 ἀναϐάλλῃ
558 874 572 898 ,
598 834 782 904 φησὶν,
812 834 949 905 πρὸς
966 833 1065 904 τὴν
1090 833 1253 896 ῐασιν,
1286 832 1351 884 σὺ
1380 827 1551 900 Κύριε
1574 845 1589 892 ;
1621 827 1671 880 ἐι

1889 825 1991 891 ine,
2017 825 2279 896 quoniam
2317 839 2445 881 ossa
2471 839 2590 881 mea
2617 825 2834 881 turbata
2860 836 3012 883 sunt.
3038 848 3057 881 ι
3093 829 3272 901 Atque
3320 832 3407 887 in-

155 924 280 978 πότε
320 923 420 977 οὐκ
449 924 677 991 ἐπάγεις
711 923 804 977 τὸν
832 923 1010 991 ελεον;
1040 922 1137 992 οὐχ
1168 922 1299 993 ὁρᾷς
1324 919 1425 990 τῆς
1454 918 1673 990 ἀνθρωπ

1887 924 2161 987 rpretatur
2186 918 2461 973 sermonis
2488 916 2835 975 involucrum
2858 936 2954 992 per
2978 936 3062 986 ea,
3096 938 3218 995 quae
3242 924 3405 983 dictis

152 1034 242 1089 νης
275 1015 419 1086 ζωῆς
463 1016 524 1069 τὸ
552 1015 874 1087 ὠκύμορονς
908 1002 1153 1087 Πῴλαὸε
1179 1016 1247 1085 τῇ
1282 1012 1584 1082 ἐπιστροφῇ
1626 1009 1670 1063 τί

1881 1008 2123 1079 ibjungit,
2144 1008 2421 1073 videlicet,
2443 1025 2464 1061 ι
2485 1008 2677 1063 Anima
2701 1026 2821 1067 mea
2844 1010 3058 1070 turbata
3083 1027 3167 1071 est
3188 1017 3362 1072 valde.
3378 1036 3399 1071 ι

150 1109 319 1180 ψυχῆς
345 1124 448 1178 μου
468 1107 530 1161 τὸ
552 1109 846 1176 ἀναγκαῖον
882 1108 984 1177 τῆς
1003 1107 1148 1177 ζωῆς
1168 1104 1345 1177 ἡμῶν⁸
1374 1105 1449 1175 μή
1478 1121 1608 1161 ποτε
1628 1121 1668 1157 τε

1888 1101 1965 1159 tid
1992 1101 2160 1171 igitur
2178 1100 2389 1166 diﬂers,
2418 1102 2619 1174 inquit,
2650 1106 2994 1163 sanationem
3024 1115 3105 1169 tu,
3138 1107 3406 1167 Domine?

153 1198 369 1253 θανάτου
391 1198 742 1262 ἐπιλαϐόντος
760 1199 907 1270 ἀργῇ
938 1199 1088 1252 πᾶσα
1120 1198 1258 1269 πρὸς
1285 1196 1584 1269 θεραπείαν
1605 1200 1671 1251 ἐπ

1888 1209 2111 1264 musque
2141 1194 2357 1253 tandem
2394 1196 2831 1254 misericordiam
2863 1215 2972 1255 non
3023 1201 3285 1259 adhibes?
3305 1219 3406 1257 an-

150 1307 276 1345 νοια.
309 1290 507 1344 Οὐκέτι
539 1290 647 1362 γὰρ
679 1289 831 1345 ἔσται
858 1292 918 1345 ἐν
948 1289 1025 1362 τῷ
1057 1291 1272 1360 θανάτῳ
1295 1292 1324 1344 6
1351 1290 1439 1344 διὰ
1458 1290 1556 1361 τῆς
1590 1308 1668 1360 μνπ

1886 1302 1934 1340 ιιι
1980 1286 2135 1344 vides
2168 1302 2331 1358 quam
2363 1287 2546 1343 brevis
2589 1290 2712 1357 aevi,
2765 1306 2929 1362 quam
2970 1293 3271 1363 praecipitis
3304 1293 3404 1348 fati

148 1399 250 1453 μης
279 1381 373 1435 τοῦ
409 1382 545 1435 Θεοῦ
580 1380 916 1454 θεραπεῦσαι
951 1382 1248 1453 δυνάμενος
1273 1382 1374 1451 τὴν
1415 1384 1481 1436 ἐκ
1521 1382 1666 1436 κακίι

1888 1383 1933 1429 ta
1964 1376 2203 1431 humana
2237 1377 2348 1433 sit?
2399 1393 2720 1450 praeoccupat
2762 1381 2999 1436 anima’m
3053 1398 3230 1438 meam
3270 1398 3406 1438 con-

147 1468 288 1539 αὐτῷ
330 1470 629 1541 γενομένην
669 1470 844 1525 νόσον.
878 1470 1022 1525 Διότι
1067 1472 1162 1525 ἐπὶ
1211 1474 1316 1543 γῆς
1361 1470 1460 1541 μὲν
1507 1471 1661 1541 ίσχὺν

1893 1467 2086 1524 rtendo
2131 1469 2258 1524 vitae
2297 1479 2501 1525 nosme
2545 1471 2953 1538 necessitatem,
3002 1488 3074 1527 ne
3102 1488 3226 1527 cum
3257 1488 3407 1528 mors

147 1560 522 1633 ἐξομολόγησις
562 1562 697 1632 ἔχει’
735 1564 794 1617 ἐν
840 1564 899 1618 δὲ
929 1563 1008 1635 τῷ
1046 1562 1183 1635 ᾅδῃ,
1223 1562 1381 1617 τοῦτο
1412 1562 1512 1616 οὐκ
1551 1561 1665 1616 ἐστι

1888 1559 2043 1617 ndem
2078 1577 2182 1617 nos
2207 1561 2491 1629 invaserit,
2520 1566 2702 1620 omnis
2730 1564 2798 1621 ad
2833 1565 3139 1619 curandum
3184 1565 3406 1639 excogi-

148 1646 270 1706 Εῒτα
312 1653 389 1717 ὡς
429 1653 675 1718 εἰπόντος
718 1654 866 1719 τινός
886 1670 901 1688 ·
937 1655 1063 1719 Πῶς
1095 1654 1280 1718 καλεῖς
1305 1655 1398 1707 ἐπὶ
1428 1653 1666 1725 θεραπείι

1890 1659 1938 1706 la
1968 1652 2107 1708 ratio
2139 1653 2348 1708 nullius
2384 1668 2521 1710 usus
2546 1655 2640 1710 sit.
2696 1653 2814 1709 Non
2853 1655 2997 1711 enim
3036 1656 3271 1727 amplius
3301 1657 3408 1711 erit

146 1744 247 1799 τῶν
271 1745 764 1818 πλημμελημάτων
788 1746 881 1801 τὸν
906 1747 1087 1814 ἕλεονς
1117 1747 1256 1818 ποίῳ
1278 1747 1467 1817 τρόπῳ
1492 1746 1552 1799 τὸ
1565 1746 1664 1799 Θείι

1909 1748 2107 1809 morte,
2139 1743 2235 1814 qui
2260 1743 2513 1798 morbum
2543 1759 2609 1800 ex
2636 1743 2941 1800 vitiositate
2970 1752 3135 1815 atque
3163 1746 3409 1817 nequitia

147 1803 499 1908 ίλεωσάμένος
516 1856 531 1905 ;
708 1840 891 1910 φησὶν,
918 1840 1001 1893 ὅτι
1024 1858 1044 1892 ι
1075 1803 1375 1893 ζΙεὶκοπίασα
1400 1803 1457 1893 ἐν
1481 1837 1558 1909 τῷ
1592 1856 1665 1892 στι

1886 1835 1926 1890 si
1944 1842 2293 1890 contractum
2313 1851 2410 1900 per
2427 1837 2861 1893 recordationem
2881 1836 2978 1893 Dei
2996 1854 3190 1894 curare
3209 1839 3404 1908 possit,

142 1927 326 1999 ναγμῷ
351 1946 476 1999 μου,
507 1930 602 1983 καί¹
636 1930 889 1985 ἐκπλυνῶ
911 1930 1010 2002 τὴν
1034 1931 1094 1998 ἐξ
1122 1923 1395 2003 ἁμαρτίας
1426 1930 1660 2004 στρωμνὶ

1886 1928 2078 1983 ιοιιίοω
2108 1927 2164 1983 in
2195 1935 2341 1983 terra
2363 1928 2585 1999 quidem
2609 1928 2890 1987 confessio
2934 1930 3083 1985 vires
3110 1931 3308 1986 habet:
3347 1930 3404 1984 in

149 2016 215 2088 τῷ
246 2019 349 2073 τῶν
375 2019 630 2092 δακρύων
657 2020 827 2075 ὕδατι.
853 2042 873 2079 ι

1886 2018 2033 2075 ferno
2087 2029 2264 2075 autem
2313 2036 2425 2075 non
2475 2021 2687 2077 itidem.
2738 2020 2946 2077 Deinde
2999 2022 3155 2092 quasi
3203 2022 3404 2092 aliquis

144 2112 389 2168 dixisset:
428 2112 718 2178 Quomodo
738 2112 1002 2169 curandis
1035 2112 1256 2171 delictis
1280 2111 1716 2169 misericbrdiam
1751 2109 2057 2180 imploras?
2088 2124 2196 2180 qua
2238 2110 2452 2165 ratione
2492 2125 2697 2166 numen
2742 2110 2988 2165 divinum
3018 2111 3291 2182 placasti?
3326 2112 3406 2167 ita

138 2204 285 2271 dicit,
321 2224 339 2258 ι
359 2205 633 2261 Laboravi
679 2209 731 2261 in
763 2208 967 2279 gemitu
996 2223 1140 2275 meo,
1167 2215 1222 2265 et
1245 2210 1613 2281 lacrymarum
1655 2182 1879 2261 [lumine
1918 2205 2101 2260 eluam
2142 2221 2206 2259 ex
2235 2214 2461 2275 peccato
2491 2213 2831 2262 constratum
2862 2207 3063 2262 lectum
3086 2207 3151 2260 ³³.
3193 2225 3214 2259 ι

204 2300 298 2356 Διά
323 2303 375 2355 τί
391 2301 567 2357 ταῦτα
586 2320 601 2369 ;
622 2303 745 2357 Ὀτι
774 2306 832 2357 ἐν
861 2304 1039 2375 θυμῷ,
1063 2308 1248 2377 φησὶν,
1264 2308 1293 2359 6
1310 2306 1588 2376 ὀφθαλμός
1610 2322 1710 2377 μου

1886 2300 2014 2356 Haec
2045 2300 2400 2372 quamobrem
2424 2297 2446 2351 ?
2474 2297 2744 2365 Quoniam
2783 2303 2841 2358 in
2870 2303 3057 2359 furore
3086 2311 3145 2358 et
3182 2304 3402 2359 iracun-

141 2393 424 2465 ἐταράχθη,
471 2396 563 2448 καὶ
591 2395 676 2449 διὰ
720 2395 878 2450 τοῦτο
927 2396 1156 2461 παλαιός
1189 2416 1271 2461 τις
1310 2399 1404 2453 καὶ
1447 2400 1659 2471 ἐῤῥυτιι]

1888 2409 1928 2460 ι,
1955 2393 2154 2464 inquit,
2187 2393 2443 2449 turbatus
2469 2402 2554 2449 est
2578 2393 2773 2448 oculus
2802 2408 2978 2459 meus,
2999 2402 3166 2465 atque
3194 2386 3406 2450 idcirco

142 2483 415 2554 ἐγενόμην,
454 2483 547 2536 τοῦ
595 2482 769 2556 θυμοῦ
813 2485 906 2540 τοῦ
943 2487 1093 2557 παρᾶ
1122 2486 1233 2541 τῶν
1263 2487 1471 2559 ἐχθρῶν
1510 2505 1597 2559 μοι
1625 2488 1660 2540 ἐι

1886 2493 2069 2541 tustus
2101 2484 2324 2555 quidam
2366 2499 2430 2539 ac
2458 2484 2739 2541 marcidus
2794 2485 2977 2543 factus
3004 2501 3148 2549 sum,
3200 2488 3403 2559 quippe

142 2574 420 2646 γενομένου
466 2578 532 2645 τῇ
569 2574 713 2647 ψυχῇ
743 2576 841 2648 τὴν
892 2578 1158 2648 σηπεδόνα
1190 2580 1534 2649 ποιήσαντος.
1570 2579 1660 2633 Είι

1885 2592 1947 2631 im
1981 2577 2153 2643 furor,
2180 2584 2234 2633 et
2268 2576 2557 2631 iracundia
2606 2589 2704 2645 per
2737 2576 2996 2632 inimicos
3029 2578 3085 2631 in
3121 2593 3207 2632 me
3237 2593 3403 2649 gene-

141 2664 298 2735 θυμδς
345 2667 508 2737 μόνος
560 2666 810 2721 τοσοῦτον
862 2668 1083 2737 ἐμποιεῖ
1118 2668 1284 2738 φόϐον
1327 2669 1405 2741 τῷ
1448 2669 1516 2724 δι’
1544 2669 1659 2723 αὑτ‹

1877 2674 1942 2723 ita
1986 2669 2223 2723 animam
2260 2669 2549 2740 putredine
2588 2667 2841 2722 infecerit
2872 2677 3035 2738 atque
3063 2669 3395 2737 corruperit.

141 2756 606 2830 πλημμελήσαντι,
645 2759 796 2831 πόσῳ
840 2759 1038 2830 μᾶλλον
1085 2761 1231 2823 είκός
1276 2761 1423 2814 ἐστιν
1469 2763 1525 2814 ἐν
1571 2762 1659 2816 ἀπε

1877 2760 1977 2816 uod
2012 2761 2059 2816 si
2090 2759 2248 2814 furor
2281 2766 2335 2814 et
2365 2758 2653 2813 iracundia
2712 2758 2829 2813 sola
2886 2766 3096 2813 tantum
3132 2765 3395 2814 terrorem

139 2846 324 2913 γνώσει
346 2841 602 2916 γενέσθάι
630 2849 728 2920 τῆς
763 2848 1042 2921 σωζούσης
1081 2851 1315 2916 ἐλπίδος,
1344 2853 1470 2917 τοὺς
1504 2852 1579 2925 μὴ
1612 2871 1657 2924 με

1882 2891 1899 2918 ,_
1920 2854 2015 2923 qui
2048 2865 2146 2921 per
2174 2865 2294 2906 eam
2324 2850 2638 2920 deliquerit,
2677 2850 2901 2914 incutit,
2963 2858 3173 2920 quanto
3226 2853 3400 2921 magis

137 2944 218 2992 ἣν
238 2938 304 2993 τὰ
324 2942 387 2993 ἐκ
408 2939 505 2993 τοῦ
530 2939 700 3012 θυμοῦ
725 2941 872 3013 πάθη
902 2941 980 3013 τῷ
1004 2943 1116 3015 ἰδίῳ
1147 2944 1247 3016 βίῳ
1273 2946 1655 3014 συνεγνωκόται

1882 2942 2121 2997 :risimile
2176 2948 2261 2996 est
2310 2940 2542 2996 salutem
2575 2940 2966 3010 desperaturos
2995 2955 3118 2996 esse
3155 2954 3272 3003 eos,
3304 2940 3400 3009 qui

138 3030 261 3085 ἀλλὰ
307 3032 399 3086 καὶ
450 3033 552 3086 ὅσα
599 3033 863 3103 ἐπιθυμία
904 3035 1219 3104 ἐργάζεται,
1263 3038 1356 3091 καὶ
1409 3037 1656 3105 πλεονεξίι

1878 3048 1929 3087 ιιι
1962 3031 2127 3086 modo
2153 3047 2251 3102 per
2280 3029 2622 3086 iracundiam
2663 3032 2717 3084 in
2779 3031 2891 3085 vita
2937 3032 3361 3085 commissorum
3382 3074 3396 3098 ,

142 3122 229 3173 καὶ
253 3121 438 3190 τῦφος,
471 3123 566 3177 καὶ
594 3123 895 3195 φιλοτιμία,
941 3126 1036 3179 καὶ
1075 3126 1290 3196 φθόνος,
1323 3127 1417 3181 καὶ
1456 3129 1485 3181 6
1527 3128 1660 3182 λοιπί

1881 3140 2007 3178 rum
2031 3124 2195 3178 etiam
2214 3138 2425 3184 eorum,
2452 3138 2572 3192 quae
2593 3122 2888 3191 cupiditas,
2916 3138 3038 3194 quae
3063 3124 3213 3177 fraus
3233 3132 3399 3193 atque

138 3211 293 3281 ἐσμὸς
462 3187 819 3283 ἀνθρωπίνων
847 3187 1031 3271 κακῶν
1052 3236 1066 3283 ;
1086 3187 1205 3272 ’Διὰ
1237 3187 1393 3272 τοῦτο
1418 3219 1553 3291 πρὸς
1586 3222 1656 3274 τοί

1879 3216 2070 3280 'aritia,
2109 3230 2231 3286 quae
2264 3187 2481 3277 fastus,
2526 3187 2950 3283 quae-ambitio,
2986 3231 3108 3283 qua:
3168 3187 3397 3278 invidia,

139 3302 499 3366 παντοδαποὺς
535 3303 757 3376 ἐχθροὺς
780 3307 1127 3379 ἀποστρέψας
1155 3308 1246 3362 τὸν
1274 3308 1454 3377 λόγον,
1490 3329 1508 3362 ι
1552 3310 1657 3362 ‘Am

1874 3326 1939 3365 tae
1970 3309 2244 3379 reliquum
2280 3307 2646 3361 humanorum
2672 3306 2929 3361 vitiorum
2957 3315 3231 3377 perpetrat
3261 3321 3392 3362 exa-

146 3409 348 3463 στητε,›
378 3394 568 3466 φησὶν,
594 3414 612 3446 ι
654 3396 748 3449 ἀπ’
771 3395 927 3467 ἐμοῦ,
953 3398 1151 3461 πάντες
1170 3400 1218 3452 oi
1240 3398 1593 3471 ἐργαζόμενοι
1611 3398 1664 3453 τί

1881 3417 1965 3465 en,
2011 3408 2368 3471 peccatorum
2424 3398 2528 3453 sibi
2588 3397 2796 3451 conscii
2856 3398 3030 3452 sunt?
3065 3398 3276 3452 Idcirco
3329 3396 3399 3452 ad

137 3483 373 3553 ἀνομίαν.
420 3503 440 3536 ι
474 3484 729 3540 Δείκνυσι
769 3486 826 3539 δὲ
858 3486 936 3557 τῷ
970 3488 1168 3559 ἐφεξῆς
1196 3489 1337 3560 λόγῳ
1365 3490 1463 3559 τὴν
1501 3489 1655 3557 ἀγαθέ

1875 3494 1949 3548 ιΓῘῘ
1977 3493 2196 3563 generis
2217 3490 2473 3545 inimicos
2492 3503 2688 3544 averso
2711 3503 2966 3543 sermone
2984 3504 3027 3540 ει
3055 3488 3348 3552 Discedite.
3374 3506 3393 3541 ι

137 3574 315 3629 ἐλπίδα
344 3575 438 3630 τοῦ
481 3576 549 3629 ἐκ
582 3577 865 3647 μετανοίας
899 3578 1330 3649 προσγινομένου
1355 3582 1487 3650 ἡμῖν
1515 3596 1655 3645 κατο1

1874 3583 2013 3653 quit,
2036 3601 2055 3634 ι
2090 3596 2119 3635 a
2140 3597 2245 3647 me,
2276 3595 2468 3635 omnes
2488 3579 2579 3649 qui
2602 3577 2903 3648 operamini
2930 3576 3349 3646 iniquitatem“.
3372 3596 3392 3630 ι

138 3664 394 3737 θώματος.
416 3667 596 3733 Εὐθὺς
619 3668 727 3738 γὰρ
747 3668 883 3739 ὁμοῦ
909 3686 967 3721 τε
989 3671 1113 3733 τοὺς
1138 3670 1278 3741 ὑπὲρ
1301 3673 1399 3742 τῆς
1423 3670 1656 3739 μετανοίι

1880 3674 2066 3729 ιιεηίιίι
2114 3680 2293 3728 autem
2348 3670 2597 3741 proxime
2653 3669 2904 3736 sequenti
2970 3683 3136 3723 versu
3197 3668 3398 3722 bonam

134 3757 205 3828 τῷ
224 3759 337 3831 Θεῷ
359 3760 685 3832 προσήγαγε
709 3760 922 3829 λόγους.
948 3762 1040 3815 καὶ⁵
1065 3763 1143 3825 είς
1167 3761 1516 3833 συναίσθησιν
1542 3760 1652 3814 ἐλθέ

1884 3783 1966 3821 em
1997 3780 2293 3823 successus
2326 3762 2578 3834 prosperi
2608 3761 2770 3815 nobis
2800 3775 2866 3814 ex
2908 3760 3232 3830 poenitentia
3270 3775 3399 3831 pro-

136 3849 223 3919 τῆς
247 3850 338 3904 τοῦ
369 3850 505 3905 Θεοῦ
556 3851 682 3922 περὶ
729 3853 892 3906 αὑτὸν
925 3852 1230 3924 εὐμενείας,
1275 3852 1583 3924 δημοσιεύει
1613 3851 1654 3905 τέ

1883 3858 2108 3913 nientis.
2148 3854 2346 3910 Statim
2380 3853 2526 3925 enim
2560 3849 2723 3908 simul
2764 3857 2927 3920 atque
2957 3849 3122 3904 verba
3158 3848 3268 3904 Deo
3299 3865 3398 3920 pro

136 3941 302 4010 χάριν,
330 3944 426 3995 καὶ
453 3944 522 4013 τῇ
538 3942 717 4014 δωρεᾷ
734 3943 1118 4017 ἐπαγάλλεται,
1152 3944 1323 4013 λέγων
1339 3961 1352 3975 ο
1377 3944 1654 4015 «Είσήκουι

1878 3948 2139 4005 eniteritia
2167 3948 2390 4014 obtulit,
2416 3960 2541 3999 cum
2579 3942 3015 3999 benevolentiam
3045 3940 3139 3996 Dci
3174 3957 3396 4013 erga,se

136 4030 326 4103 Κύριος
357 4034 460 4104 τῆς
510 4033 692 4104 φωνῆς
740 4033 837 4104 τῆς
886 4033 1120 4105 δεήσεὼς
1163 4052 1263 4104 μου
1302 4049 1315 4062 ⁸
1364 4035 1566 4105 Κύριος
1612 4036 1654 4089 τέ

1879 4044 2010 4106 nsit,
2051 4051 2164 4099 tum
2200 4040 2432 4111 gratiam
2469 4038 2715 4107 divulgat
2757 4050 2823 4091 ac
2880 4033 3163 4105 praedicat,
3219 4042 3274 4088 et
3326 4035 3397 4090 ob

136 4126 435 4195 προσευχήν
494 4142 595 4194 μου
642 4125 1022 4195 προσεδέξατο.
1068 4144 1087 4177 ι
1126 4125 1214 4187 Ὠς
1268 4124 1334 4177 ἂν
1384 4120 1477 4178 οὖν
1523 4127 1603 4189 είς
1649 4146 1654 4160 ι

1879 4149 2018 4188 unum
2046 4133 2150 4187 sibi
2184 4133 2362 4202 placet
2397 4139 2563 4201 atque
2595 4132 2832 4193 laetatur,
2868 4129 3102 4184 dicens:
3145 4146 3165 4180 ι
3212 4128 3397 4184 Exau-

135 4213 366 4284 διηνεκὲς
400 4215 550 4287 αὐτῷ
580 4216 640 4270 τὸ
683 4215 885 4285 ἀγαθὸν
923 4218 1246 4287 παραμένοι,
1280 4217 1343 4270 τὸ
1389 4218 1453 4270 ὲκ
1481 4218 1581 4288 τῆς
1612 4236 1651 4288 μ

1881 4227 1950 4279 vit
1985 4223 2250 4279 Dominus
2310 4238 2496 4278 vocem
2556 4222 2964 4292 deprecationis
3023 4235 3209 4276 mea:
3275 4220 3399 4275 Do—

141 4305 350 4369 τανοίας
379 4307 531 4377 αὐτῷ
559 4306 1009 4378 προσγενόμενον,
1041 4308 1136 4361 καὶ⁹
1168 4308 1242 4379 μὴ
1259 4309 1517 4379 δευτέρας
1550 4309 1657 4363 πάλ

1877 4320 1995 4373 inus
2070 4316 2380 4371 orationem
2462 4329 2639 4370 meam
2735 4311 3157 4383 suscepit.‘)Ut
3228 4312 3395 4383 igitur

138 4397 415 4477 μετανοίας
461 4397 649 4467 χρείαν
694 4399 721 4451 6
754 4396 867 4466 βίος
896 4397 1051 4451 λάθοι
1078 4413 1091 4426 ·
1128 4398 1544 4470 ἀποστραφῆναι
1583 4399 1656 4453 τοὶ

1910 4415 2233 4479 perpetuum
2275 4405 2420 4477 apud
2476 4420 2535 4461 se
2564 4413 2782 4459 maneat
2839 4403 2891 4459 id
2930 4404 3079 4474 quod
3110 4420 3176 4459 ex
3220 4406 3395 4475 paeni—

134 4486 350 4559 ἐχθροῦς
395 4488 561 4542 αὑτοῦ
605 4489 781 4541 δεῖται
816 4489 884 4542 δι’
918 4490 1179 4561 αίσχύνης
1220 4492 1651 4562 μαστιγουμένου

1877 4499 1984 4552 ntia
2020 4499 2225 4553 bonum
2259 4497 2365 4567 ipsi
2398 4494 2653 4556 accessit,
2685 4509 2749 4548 ac
2782 4494 2891 4548 vita
2926 4509 3035 4548 non
3065 4496 3235 4550 altera
3271 4512 3395 4550 rur-

146 4577 200 4631 ὐ
222 4579 328 4649 γὰρ
351 4579 663 4652 αίσχυνθεὶς
693 4581 785 4633 ἐπὶ
810 4582 875 4651 τῇ
896 4580 990 4634 τοῦ
1016 4581 1189 4635 κακοῦ
1219 4583 1549 4654 ἐγχειρήσει,
1581 4600 1656 4636 πα

1885 4605 1910 4645 s
1948 4588 2269 4659 poenitentia
2304 4602 2444 4657 opus
2479 4586 2699 4652 habeat,
2727 4591 2872 4648 orat,
2927 4617 2937 4627 ι
2974 4592 3035 4639 ιιι
3065 4584 3272 4640 inimici
3308 4587 3395 4641 sui

133 4666 354 4741 δαγωγῷ
379 4670 518 4742 πρὸς
550 4671 611 4724 τὸ
644 4670 838 4741 μηκέτι
865 4673 975 4733 τοῖς
1010 4670 1192 4734 αὐτοῖς
1223 4673 1603 4744 συνενεχθῆναι
1637 4688 1651 4721 π

1873 4681 2025 4736 ulnre
2053 4679 2306 4751 castigati
2335 4685 2677 4734 avertantur.
2715 4676 2850 4730 Nam
2892 4676 2985 4746 qui
3037 4677 3108 4731 ob
3144 4677 3198 4731 id
3246 4677 3391 4747 quod

138 4760 359 4833 αἰσχύνῃ
389 4760 705 4833 χρώμενος,
751 4763 849 4833 τῆς
895 4761 1002 4815 τῶν
1052 4762 1252 4832 ὁμοίων
1285 4763 1477 4831 πείρας
1509 4765 1587 4825 είς
1613 4762 1656 4815 τί

1872 4773 2017 4827 alnm
2073 4772 2255 4827 facere
2295 4785 2464 4826 ausus
2513 4770 2604 4832 sit,
2662 4767 2905 4830 erubuit,
2961 4767 3177 4838 pudore
3233 4771 3390 4839 quasi

135 4851 323 4924 ἐφεξῆς
345 4854 540 4924 χρόνον
565 4853 840 4922 ἀφέξεται.
866 4854 1013 4924 Αὕτη
1037 4856 1138 4923 τῆς
1161 4854 1369 4924 ἀγαθῆς
1388 4843 1653 4909 ἀναϐάσειι

1876 4863 2164 4920 oderatore
2190 4871 2353 4919 utens
2388 4862 2457 4917 ad
2486 4862 2611 4925 hoc,
2643 4876 2713 4915 ne
2738 4858 2977 4931 amplius
2998 4858 3191 4915 iisdem
3235 4861 3394 4917 malis

136 4941 502 5008 ήάκολουθία.
564 4944 624 4997 '0
654 4943 912 5016 τέταρτος
955 4942 1166 5014 ψαλμδς
1198 4944 1259 4996 τὸ
1298 4944 1460 4998 ἄῦλον
1502 4944 1654 5014 ἀγαθὲ

1873 4956 2183 5021 milictetur,
2231 4971 2261 5011 a
2313 4954 2616 5011 tentatione
2673 4951 2938 5009 similium
3000 4951 3059 5006 in
3113 4962 3391 5021 posterum

135 5031 234 5085 ἀπὸ
264 5032 359 5087 τοῦ
404 5034 724 5103 σωματικοῦ
769 5036 864 5088 καὶ
912 5034 1350 5105 σαρκωδεστέρου
1396 5036 1653 5107 διέκρινεν

1869 5048 2128 5104 istinebit.
2158 5046 2284 5103 Haec
2308 5047 2464 5102 bonae
2487 5045 2836 5101 ascensionis
2859 5043 3260 5114 consequentia
3283 5049 3387 5097 est.

134 5121 230 5186 δέ,
253 5122 346 5175 τοῦ
366 5123 612 5177 τοιούτου
639 5124 843 5193 ἀγαθοῦ
877 5126 974 5197 τὴν
996 5126 1359 5197 κληρονομίαν
1389 5127 1652 5197 ἐπηύξατι

1871 5148 2054 5196 nartus
2078 5140 2322 5212 psalmus
2357 5137 2719 5193 imr'nateriale
2752 5137 3254 5205 incorporeumque
3290 5132 3389 5186 bo-

141 5215 336 5283 ὀέκτος
358 5218 452 5275 τὸν
476 5221 665 5291 καιρὸν
711 5221 809 5291 τῆς
854 5222 1219 5293 κληρονομίας
1269 5222 1516 5289 ὑπέδειξε
1542 5262 1557 5287 ,
1604 5223 1659 5277 τί

1867 5244 1942 5283 rm
1990 5243 2019 5281 a
2071 5243 2336 5298 corporeo
2397 5242 2711 5297 carneoque
2766 5218 3072 5290 discrevit;
3137 5220 3385 5293 quintus,

136 5310 350 5381 Ὅγδὰης
368 5312 647 5383 μνησθείς·
659 5315 692 5383 ὴ
705 5311 920 5381 Ὀγδόη,
933 5313 1023 5367 τὸν
1034 5314 1131 5385 τῆς
1144 5313 1378 5386 κρίσεως
1390 5313 1554 5382 ὲφανέ
1562 5332 1654 5385 ρως

1870 5318 2082 5373 usmodi
2122 5317 2247 5373 boni
2296 5318 2676 5373 baereditatem
2732 5321 2988 5386 precatus
3016 5321 3143 5378 est;
3198 5317 3388 5367 sextus

138 5401 288 5468 φόϐον
307 5420 321 5434 ν
353 5405 388 5474 ἡ
421 5402 624 5473 κρίσις,
656 5407 767 5467 τοῖς
796 5405 918 5458 καθ’
952 5407 1098 5475 ἡμᾶς
1128 5405 1474 5475 ἁμαρτωλοῖς
1490 5405 1656 5487 ’προλο

1873 5419 2031 5465 :tavae
2065 5411 2208 5465 facta
2242 5411 2543 5477 mentione,
2576 5416 2795 5478 tempus
2822 5403 3159 5461 haereditatis
3197 5410 3391 5459 osten-

138 5487 240 5543 δεῖν
265 5493 330 5562 τῇ
366 5492 627 5564 μετανοίᾳ
668 5494 734 5547 τὰ
774 5494 978 5564 φοϐερὰ
1010 5495 1445 5549 συνεϐούλευσεν.
1484 5491 1637 5559 Εἶτα,

1871 5515 1931 5573 t;
1962 5504 2165 5561 Octava
2199 5504 2394 5574 judicii
2428 5512 2693 5559 terrorem
2754 5508 2881 5555 ante
2925 5497 3119 5553 oculos
3176 5496 3384 5574 posuit;

140 5581 406 5649 μετάνοια,
434 5583 469 5652 ή
501 5582 640 5638 κατὰ
677 5584 834 5653 λόγον
870 5584 947 5655 τῷ
977 5584 1096 5653 Θεῷ
1130 5586 1523 5659 προσαχθεῖσα,
1555 5588 1613 5642 τὸ
1642 5590 1658 5640 ἐ

1862 5572 2076 5651 ιόἱοίιιηι
2103 5572 2213 5653 nos
2242 5602 2564 5668 peccatores
2614 5588 2920 5655 admonuit,
2961 5595 3024 5643 ut
3057 5572 3380 5653 paenitentia

203 5755 246 5788 ³³
267 5757 416 5819 Psa}.
446 5754 527 5824 "v1,
568 5761 617 5814 7.
704 5763 746 5795 ³³
770 5761 961 5819 Πειῑιίι.
990 5779 1087 5831 vn,
1117 5764 1206 5820 ‘25.
