3844 6358
447 355 556 410 615

1666 346 1724 404 5.
1765 346 2093 404 GREGORII
2119 347 2406 407 NYSSENI

3616 353 3718 410 616

449 467 720 526 terribilia
769 463 1208 536 przeveniamus;
1278 460 1476 517 deinde
1513 461 1843 531 paenitentia
1909 479 2077 525 cum,

2138 467 2308 538 αὐτῆς
2333 468 2465 538 ἡμῖν
2494 466 2770 538 γινόμενον
2797 464 2985 538 κέρδος
3011 466 3417 538 εὐηγγελίσατο,
3447 469 3683 525 εἰποῦσα
3699 512 3716 537 ,

450 563 664 616 ratione
693 557 805 612 Deo
852 557 1060 620 oblata,
1122 556 1360 621 lucrum,
1416 553 1566 623 quod
1621 569 1686 609 ex
1738 569 1800 610 ea
1861 557 2036 627 magis

451 654 612 708 nobis
647 651 938 722 contingit,
972 648 1340 713 denuntiavit,
1372 663 1497 704 cum
1535 648 1712 703 dixit:
1742 667 1762 700 ‹
1794 647 2035 703 Exaudi-

450 747 526 799 vit
559 744 824 798 Dominus
857 757 1049 796 vocem
1089 757 1216 796 cum
1245 741 1508 811 lacrymis
1536 755 1596 795 se
1631 739 1698 795 ad
1737 755 1862 794 eum
1901 755 2037 795 con-

446 835 728 891 vertentis.
773 853 794 886 ι
833 833 954 900 Quo
988 833 1134 887 facto
1168 839 1226 886 ut
1263 833 1465 887 bonum
1499 831 1634 886 illud
1663 832 1718 886 in
1755 839 2034 903 posterum

448 928 608 983 nobis
662 926 1099 982 illabefactatum
1137 938 1203 978 ac
1260 924 1459 980 stabile
1517 933 1858 994 permaneat,
1916 933 2038 980 orat

447 1018 741 1088 PrOpbeta,
772 1025 834 1071 ut
864 1017 1214 1072 inimicorum
1254 1031 1518 1072 sensuum
1549 1024 1713 1086 atque
1747 1017 2037 1088 cogitatio-

447 1126 578 1165 num
609 1126 706 1180 per
736 1109 1000 1179 pudorem
1063 1108 1292 1163 abolitio
1352 1109 1658 1179 contingat.
1718 1107 1837 1163 Non
1889 1109 2033 1164 enim

448 1203 554 1256 alia
585 1203 800 1256 ratione
840 1200 1100 1255 inimicus
1131 1199 1331 1270 aliquis
1360 1209 1414 1254 et
1444 1200 1668 1270 iniquus
1697 1201 1864 1256 animi
1899 1217 2034 1257 con-

446 1301 643 1360 ceptus
668 1307 732 1346 ac
761 1306 958 1347 sensus
995 1291 1272 1359 exstingui
1314 1297 1517 1360 potest,
1555 1291 1661 1346 nisi
1696 1291 1874 1363 pudor
1913 1291 2033 1362 ejus

447 1384 806 1437 abolitionem
838 1383 1174 1437 intrinsecus
1205 1380 1469 1437 elIecerit.
1500 1381 1694 1438 Hiatus
1722 1384 1868 1438 enim
1926 1384 2034 1439 alte

449 1475 750 1546 depressus
805 1482 973 1544 atque
1007 1475 1283 1529 contritus
1314 1475 1494 1545 pudor
1554 1476 1625 1530 ob
1659 1476 1825 1530 vitam
1892 1475 2034 1532 male

448 1578 629 1623 actam
661 1568 901 1631 exsistit,
941 1567 1009 1622 ab
1067 1568 1287 1623 homine
1327 1576 1610 1637 peccatum
1664 1569 1832 1623 veluti
1873 1583 2033 1623 muro

447 1677 546 1732 per
585 1677 706 1716 sesc
739 1660 1003 1718 dirimens
1039 1668 1204 1731 atque
1233 1661 1570 1716 discludens.
1627 1659 1884 1716 Dicamus
1917 1661 2032 1731 igi-

448 1763 559 1818 tur,
593 1773 610 1804 ι
646 1754 988 1808 Erubescant
1011 1764 1066 1808 et
1096 1761 1444 1809 revertantur
1465 1753 1816 1808 vehementer
1839 1769 2030 1809 omnes

446 1846 652 1902 inimici
686 1848 810 1901 mei.
855 1867 873 1899 ι
939 1846 1148 1901 Inimici
1181 1856 1384 1908 autem,
1423 1845 1678 1900 videlicet
1736 1845 2024 1901 domestici

445 1936 588 2003 ejus,
628 1936 723 2006 qui
757 1952 821 1991 ex
855 1937 1024 1991 corde
1054 1938 1360 2006 procedunt
1409 1945 1463 1991 et
1516 1937 1809 2006 inquinant
1853 1937 2030 1991 homi-

447 2043 591 2092 iem,
623 2027 825 2097 quibus
858 2029 1110 2084 celeriter
1133 2045 1256 2083 cum
1291 2029 1499 2099 pudore
1529 2029 1761 2094 aversis,
1794 2030 2029 2099 excipiet

2141 559 2227 611 ὅτι
2260 559 2592 630 «Εῑσήκουσε
2623 560 2829 631 Κύριος
2855 561 2952 630 τῆς
2971 562 3152 632 φωνῆς
3181 561 3274 616 τοῦ
3309 562 3444 633 μετὰ
3464 563 3720 634 δακρύων

2139 649 2278 718 πρὸς
2304 648 2468 702 αὐτὸν
2485 645 3044 720 ὲπιστρέφοντος.»οὖ
3062 653 3376 722 γενομένου,
3393 652 3465 715 ὡς
3491 652 3562 706 ἂν
3585 654 3722 728 πρὸς

2136 741 2230 794 τὸν
2263 742 2458 813 ἑφεξῆς
2486 744 2677 813 χρόνον
2702 744 3093 816 ἀμετάπτωτον
3124 747 3256 816 ἡμῖν
3284 745 3345 799 τὸ
3370 745 3575 814 ἀγαθὸν
3619 763 3723 800 πα-

2141 831 2401 901 ραμένοι,
2435 831 2526 884 τὸν
2574 833 2882 904 ἀφανισμὸν
2912 833 3021 888 τῶν
3067 835 3276 906 ἐχθρῶν
3321 835 3616 906 νοημάτων
3656 834 3721 887 δι’

2137 919 2399 991 αἰσχύνης
2427 923 2679 990 γενέσθαι
2729 924 3038 994 παρακαλεί
3081 927 3109 979 ὁ
3140 927 3448 996 Προφήτης.
3500 927 3580 979 Οὐ
3613 927 3720 997 γὰρ

2137 1012 2286 1066 ἐστιν
2314 1013 2488 1076 ἄλλως
2516 1013 2710 1084 ἐχθρόν
2732 1031 2784 1076 τι
2811 1015 2903 1068 καὶ
2925 1014 3236 1086 παράνομον
3256 1015 3434 1085 νόημα
3457 1016 3725 1068 κατασὸεο

2137 1103 2354 1176 σθῆναι,
2405 1105 2481 1176 μὴ
2510 1107 2772 1176 αἰσχύνης
2805 1104 2970 1159 αὑτοῦ
3005 1105 3095 1158 τὸν
3123 1105 3428 1176 ἀφανισμὸν
3457 1103 3721 1175 ἐμποιού-

2137 1214 2258 1268 σης.
2298 1198 2501 1268 Χάσμα
2533 1197 2643 1268 γὰρ
2685 1200 2892 1267 γίνεται
2941 1197 3029 1251 διὰ
3062 1197 3261 1268 βάθους
3301 1197 3720 1268 ὲστηριγμένον,

2135 1291 2170 1360 ἡ
2212 1291 2307 1343 ἐπὶ
2337 1294 2450 1354 τοῖς
2480 1291 2664 1355 κακῶς
2699 1291 3052 1362 βεϐιωμένοις
3093 1287 3356 1361 αἰσχύνη,
3402 1289 3470 1342 δι’
3518 1289 3721 1360 ἑαυτῆς

2132 1382 2227 1435 τοῦ
2271 1381 2561 1454 ἀνθρώπου
2609 1382 2709 1454 τὴν
2756 1383 3031 1455 ἁμαρτίαν
3081 1379 3515 1451 ἀποτειχιζουσα.
3568 1379 3722 1432 Εἴπω

2135 1470 2226 1528 οὖν
2251 1515 2268 1540 ,
2301 1476 2384 1530 ὅτι
2423 1495 2442 1528 t
2477 1475 2907 1547 Αἰσχυνθείησαν
2938 1477 3031 1530 καὶ
3073 1475 3469 1546 ὲντραπεῐησαν
3512 1473 3723 1544 σφόδρα.

2135 1567 2335 1632 πάντες
2362 1568 2412 1621 οἱ
2435 1569 2619 1640 ἐχθροί
2649 1586 2806 1639 μου.)
2829 1569 3043 1639 Ἐχθροὶ
3072 1568 3127 1620 δὲ
3146 1567 3395 1637 δηλονότι
3417 1567 3465 1619 οἱ
3481 1565 3722 1618 οἰκιακοὶ

2133 1659 2321 1725 αὐτοῦ,
2353 1661 2402 1714 οἱ
2453 1663 2518 1714 ὲκ
2543 1661 2642 1732 τῆς
2691 1661 2916 1731 καρδίας
2958 1659 3402 1732 ἐκπορευόμενοι,
3449 1657 3546 1710 καὶ
3605 1673 3719 1709 κοι-

2133 1750 2349 1815 νοῦντες
2369 1753 2458 1805 τὸν
2486 1751 2773 1823 ἄνθρωπον
2796 1769 2808 1782 ·
2843 1745 2917 1804 ὧν
2941 1751 3228 1821 διατάχους
3257 1746 3720 1818 ἀποστραφέντων

2060 1808 2104 1867 Β
2137 1845 2256 1914 μετ’
2289 1808 2571 1916 αξσχύνης,
2594 1808 2900 1910 διαδέξεται
2930 1808 3135 1916 huic;
3165 1808 3320 1906 sint;
3473 1808 3656 1909 δέξηςς
3689 1837 3720 1904 ἦ

2134 1937 2213 1999 εἰς
2244 1937 2509 2008 αἰσχύνην
2540 1937 2615 2009 μὴ
2642 1938 3023 2007 καταλήγουσα
3044 1977 3058 1998 ,
3106 1936 3288 2007 χάριτι
3329 1931 3425 1986 τοῦ
3469 1929 3679 2002 Κυρίου
3703 1942 3718 1956 °

2134 2021 2178 2094 ᾦ
2211 2030 2244 2098 ή
2275 2028 2401 2092 δόξα
2433 2031 2514 2092 εἰς
2548 2031 2672 2093 τοὺς
2701 2029 2925 2092 αἰῶνας.
2973 2029 3164 2099 Ἀμήν.

445 2132 545 2171 nos
575 2131 702 2186 spes
723 2117 929 2187 gloriae,
959 2133 1080 2188 quae
1108 2133 1219 2172 non
1240 2118 1443 2174 desinit
1467 2119 1518 2173 in
1550 2118 1837 2190 pudorem,
1858 2121 2034 2190 gratia
2065 2118 2305 2185 Domini,
2333 2121 2423 2174 cui
2455 2121 2634 2192 gloria
2663 2121 2718 2176 in
2755 2121 2956 2178 sarcula
2985 2121 3335 2187 saeculorum,
3367 2121 3568 2177 Amen.

460 2305 1802 2340 mm

1415 2326 1717 2337 -σ-ο-α-

1812 2315 3697 2344 m

1830 2463 1968 2515 ΤΟΥ
1997 2463 2087 2515 ΕΝ
2118 2463 2341 2516 ΑΓΙΟΙΣ

1320 2652 2183 2769 ΓΡΗΓΟΡΙΟΥ
2246 2655 2828 2768 ΝΥΣΣΗΣ

1700 2918 2084 2972 ΕΞΙΙΓΠΣΙΣ
2122 2921 2454 2977 ΑΚΡΙΒΗΣ

789 3107 962 3194 ΕΙΣ
1033 3088 1258 3192 TON
1331 3105 2200 3192 ΕΚΚΑΗΣΙΑΣΤΗΝ
2276 3106 2504 3194 ΤΟΥ
2577 3103 3360 3200 ΣΑΛΟΜΩΝΤΟΣ.

1289 3481 1408 3594 S.
1493 3481 2169 3599 GREGORII
2260 3486 2879 3602 NYSSENI

1563 3720 1576 3730 '
1658 3707 1939 3764 ACCURA
1952 3709 2038 3764 TA
2082 3709 2500 3771 EXPOSITIO

887 3970 894 3994 ,
972 3875 1112 3966 IN
1205 3876 2225 3970 ECCLESIASTEN
2331 3883 3185 3984 SALOMONIS.

1662 4091 1908 4141 Gentiano
1933 4093 2154 4149 Herveto
2175 4099 2470 4161 interprete.

1028 4477 1312 4534 HOMILIA
1358 4479 1400 4534 1.

2735 4493 2978 4547 υΜῐΛῐΑ
3015 4497 3092 4550 A'.

459 4575 622 4630 Verba
669 4571 1010 4628 Ecclesiasta:
1047 4572 1150 4641 lilii
1174 4571 1381 4660 'Davjd,
1419 4574 1553 4643 regis
1601 4573 1776 4627 Israel
1826 4571 2021 4627 lliero-
2049 4556 2077 4612 ί

2141 4575 2392 4644 Ῥήματα
2438 4579 3101 4660 Ἐπιιςλησςαστοῦηυὶοὗ
3157 4587 3350 4660 Δαεὶὸ,
3403 4591 3701 4660 ,βασιλέως

1104 4643 1344 4711 solymis.

522 4733 744 4787 Vanitas
767 4735 1080 4795 vanitatum,
1117 4736 1297 4788 omnia
1328 4735 1554 4796 vanitas,
1586 4733 1722 4787 dixit
1751 4733 2020 4789 Ecclesia-

440 4835 567 4882 stes.
610 4826 664 4879 5.
700 4825 841 4904 Quid
871 4836 1104 4894 superest
1131 4825 1330 4880 homini
1375 4827 1428 4879 in
1479 4827 1620 4880 omni
1651 4825 1833 4880 labore
1882 4843 1978 4881 suo
2001 4866 2018 4889 ,

441 4934 543 4987 quo
575 4917 784 4970 laborat
810 4916 904 4970 sub
928 4917 1086 4973 sole?
1117 4918 1170 4972 4.
1203 4916 1482 4971 Gcneratio
1519 4918 1733 4981 transit,
1779 4927 1827 4972 et
1861 4935 2018 4988 gene-

441 5011 584 5064 ratio
603 5008 810 5064 advenit
835 5024 854 5062 :
891 5018 1033 5062 terra
1069 5019 1242 5063 autem
1275 5011 1328 5062 in
1355 5020 1611 5064 azternum
1648 5018 1772 5063 stat.
1810 5010 1862 5063 5.
1897 5008 2021 5063 Ori-

442 5112 528 5158 tur
557 5103 640 5158 sol
673 5112 722 5156 et
747 5102 962 5165 occidit,
988 5112 1036 5156 et
1072 5101 1142 5155 ad
1177 5101 1352 5155 locant
1405 5118 1562 5156 suum
1612 5103 1862 5155 trahitur.
1900 5101 2021 5170 Ipse

441 5194 513 5248 ibi
548 5197 721 5249 oriens
755 5194 897 5250 vadit
922 5193 990 5248 ad
1019 5205 1284 5257 austrum,
1307 5202 1357 5246 et
1395 5203 1550 5263 gyrat
1581 5193 1650 5247 ad
1693 5195 2016 5262 aquilonem.

441 5286 493 5338 6.
525 5285 785 5342 Lustrans
816 5289 1062 5341 universa
1107 5287 1272 5356 pergit
1305 5287 1546 5353 spiritus,
1596 5296 1645 5340 et
1696 5287 1753 5340 in
1787 5289 2017 5342 circulos

443 5389 566 5427 suos
598 5378 876 5429 revertitur
901 5377 1141 5444 spiritus.
1173 5375 1225 5428 7.
1255 5373 1447 5430 Omnes
1502 5385 1759 5430 torrentes
1815 5378 2018 5430 intrant

444 5461 496 5512 in
531 5479 696 5525 mare,
726 5475 775 5518 et
797 5481 947 5519 mare
979 5482 1083 5518 non
1111 5474 1188 5518 est
1221 5464 1492 5532 repletum.
1535 5463 1618 5515 Ad
1655 5465 1826 5517 locum
1883 5466 2018 5518 unde

442 5561 631 5604 exeunt
663 5555 888 5622 ﬂumina
940 5564 1291 5621 revertuntur,
1357 5566 1410 5608 ut
1458 5555 1652 5607 iterum
1709 5564 1916 5608 exeant.
1959 5556 2014 5608 8.

448 5639 642 5696 Omnes
674 5661 935 5700 sermones
967 5647 1243 5713 laboriosi,
1275 5663 1378 5700 non
1405 5647 1596 5714 poterit
1634 5647 1712 5698 vir
1731 5654 1818 5699 eos
1855 5648 2014 5716 loqui.

445 5727 572 5786 Non
603 5735 934 5789 saturabitur
985 5739 1166 5791 oculus
1214 5739 1349 5800 visu,
1387 5755 1476 5791 nec
1510 5739 1657 5791 auris
1697 5737 1884 5791 auditu
1916 5740 2017 5790 int-

439 5820 693 5886 plebitur.
725 5825 777 5880 9.
810 5825 952 5889 Quid
977 5836 1053 5882 est
1103 5827 1243 5886 quod
1265 5828 1410 5895 fuit?
1444 5827 1626 5896 Ipsum
1663 5830 1802 5899 quod
1859 5832 2008 5899 fulu-

2523 4651 2770 4719 Ἰσραὴλ
2812 4654 2882 4706 ἐν
2922 4657 3327 4728 Ἰερουσαλήμ.

2199 4741 2535 4809 Ματαιότης
2565 4744 2997 4812 ματαιοτήτων,
3031 4750 3104 4802 τὰ
3137 4749 3332 4804 πάντα
3361 4759 3697 4821 ματαιότης,

2127 4825 2296 4884 εἶπεν
2337 4833 2371 4885 ό
2413 4834 2909 4904 Ἐκκλησιαστής.
2963 4837 3063 4906 Τίς
3113 4843 3428 4909 περισσεία
3481 4823 3698 4911 τῷανο

2128 4921 2336 4990 θρώπῳ
2363 4925 2433 4978 ἑνν-
2463 4928 2640 4982 παντὶ
2663 4929 2867 4997 μόχθῳ
2897 4931 3103 4996 αὐτοῦ,
3139 4925 3187 4998 ᾦ
3209 4935 3427 5004 μοχθεῖ
3461 4939 3582 4991 ὑπὸ
3610 4937 3699 4991 τὸν

2126 5013 2338 5080 ἣλιον;
2387 5018 2577 5071 Γενεὰ
2632 5022 2964 5088 πορεύεται,
3010 5025 3187 5093 γενεὰ
3230 5025 3487 5094 ἔρχεται,
3530 5029 3625 5083 καὶ
3667 5027 3696 5092 ἡ

2125 5105 2200 5175 γῆ
2255 5109 2342 5172 εὶς
2394 5107 2503 5161 τὸν
2555 5109 2740 5163 αἰῶνα
2801 5111 3080 5176 ἕστηκεν.
3134 5115 3242 5169 Καὶ
3307 5117 3624 5174 ἀνατέλλει
3672 5121 3698 5171 ό

2124 5199 2322 5264 ἣλιος,
2361 5201 2460 5254 καὶ
2502 5203 2587 5267 εἰς
2621 5201 2729 5255 τὸν
2758 5204 2948 5256 τόπον
2987 5205 3170 5259 αὐτοῦ
3200 5206 3386 5261 ἕλκει.
3432 5209 3697 5263 Ἀννατέλ-

2122 5293 2250 5343 λων
2276 5292 2458 5358 αὐτὸς
2482 5292 2624 5361 ἐκεῖ,
2678 5296 2990 5362 πορεύεται
3031 5300 3180 5365 πρὸς
3229 5299 3428 5365 νότον,
3478 5303 3578 5355 καὶ
3608 5318 3696 5354 κυ-

2125 5382 2270 5434 κλοῖ
2299 5383 2448 5450 πρὸς
2465 5383 2718 5452 βορρᾶν.
2751 5387 3033 5441 Κυκλοῦν
3061 5390 3372 5457 πορεύεται
3419 5392 3486 5444 τὸ
3527 5389 3694 5446 arsit-

2119 5489 2225 5540 μα,
2248 5476 2342 5527 καὶ
2372 5475 2471 5526 ἐπὶ
2499 5475 2764 5543 κύκλους
2784 5479 2969 5532 αὑτοῦ
2991 5479 3332 5550 ἐπιστρέφει
3360 5483 3426 5536 τὸ
3451 5485 3690 5553 πνεῦιαι.

2125 5561 2357 5628 Πάντες
2384 5567 2437 5618 οὶ
2466 5565 2772 5634 χείμαρροι
2812 5569 3165 5637 πορεύονται
3212 5573 3297 5638 εἰς
3339 5571 3454 5639 τὴν
3482 5575 3694 5628 θάλασ-

2125 5667 2276 5717 σαν,
2322 5656 2423 5709 καὶ
2463 5657 2503 5724 ἡ
2551 5657 2836 5712 θάλασσα
2884 5661 2996 5714 οὐκ
3048 5660 3221 5714 ἐστιν
3262 5662 3688 5733 ἐμπιπλαμένη.

2125 5745 2228 5808 Εἰς
2256 5744 2360 5796 τὸν
2387 5747 2573 5802 τόπον
2601 5745 2672 5805 οὗ
2723 5753 2772 5804 οὶ
2815 5751 3121 5822 χείμαρροι
3165 5755 3539 5822 πορεύονται,
3587 5753 3694 5809 ἐκεῖ

2121 5835 2288 5889 αὐτοὶ
2329 5837 2759 5910 ἐπιστρέφουσι
2807 5842 2912 5898 τοῦ
2967 5843 3350 5914 πορευθῆναι.
3390 5845 3619 5914 Πάντες
3645 5843 3688 5900 οἱ
