3844 6384
141 533 234 589 617

1235 522 1301 576 IN
1340 507 1878 577 ECCLESIASTEN.
1920 508 2204 572 HOMILIA
2241 515 2281 571 l.

3279 511 3384 572 GlB

134 649 292 718 ’λόγοι
329 644 589 717 ἕγκοποι,
634 641 706 696 οὐ
752 639 1079 707 δυνήσεται
1122 639 1277 708 ἀνὴρ
1315 640 1420 694 τοῦ
1465 637 1698 694 λαλεῖν.

1805 651 1922 688 rum
1953 644 2049 689 est.
2080 634 2222 701 Quid
2245 642 2322 688 est
2358 632 2497 704 quod
2525 633 2726 704 factum
2758 636 2884 689 est?
2913 631 3098 701 Ipsum
3135 632 3276 703 quod
3305 631 3385 700 fa-

141 739 236 796 Kai
258 739 364 793 οὐκ
391 729 880 806 ἐμπλὴσθήσεται
927 731 1234 802 ὀφθαλμὸς
1260 731 1364 786 τοῦ
1397 728 1573 816 όρᾷνη
1599 729 1696 782 καὶ

141 833 204 886 οὐ
228 827 673 898 πληρωθήσεται
702 819 812 891 οὖς
839 823 958 878 ἀπὸ
989 823 1352 892 ἀκροάσεως.
1399 822 1460 874 Τί
1503 819 1568 873 τὸ
1605 837 1699 888 γε·-

138 923 294 993 τονός
311 923 335 985 “;
359 919 502 974 αὐτὸ
527 918 595 972 τὸ
619 917 1104 988 γενηθησόμενον
1121 931 1141 990 ’ἢ
1168 912 1265 967 καί
1290 912 1346 965 τί
1355 909 1436 966 ’τὸ
1467 924 1703 978 πεποιη-

134 1013 340 1084 μένον;
379 1008 524 1064 αὐτό
569 1008 636 1062 τὸ
690 996 1200 1076 ποιηθησόμενον.
1260 1003 1369 1057 Καὶ
1410 1003 1522 1056 οὐκ
1568 1000 1700 1054 ἔστι

137 1099 249 1158 πᾶν
273 1100 618 1168 πρόσφατον
644 1097 762 1153 ὑπὸ
813 1097 920 1150 τὸν
963 1095 1140 1162 ἧιιον
1179 1093 1248 1174 ὃς
1288 1091 1550 1159 λαλήσει
1599 1091 1698 1144 xui

137 1190 270 1262 ἐρεῖο
300 1181 446 1245 Ἰδοὺ
497 1191 672 1244 τοῦτο
724 1188 936 1242 καινὸν
954 1227 968 1253 ,
990 1185 1106 1255 ἤδη
1159 1185 1407 1254 γέγονεν
1459 1184 1529 1236 ἐν
1577 1182 1700 1248 τοῖς

1801 728 2045 783 ciendum
2072 737 2170 782 est.
2207 727 2296 782 10.
2338 725 2491 781 Nihil
2516 735 2593 782 est
2621 727 2716 781 sub
2747 727 2856 781 sole
2904 742 3103 781 recens.
3139 723 3251 780 Nec
3303 732 3385 779 est

1800 821 1890 890 qui
1935 820 2185 890 loquatur
2211 829 2259 874 et
2285 820 2454 888 ροεείι
2485 817 2658 874 dicere
2709 821 2774 874 de
2815 836 2869 874 re
2899 819 3150 892 qualibet,
3173 817 3279 874 Hoc
3303 827 3384 875 est

1804 928 2001 968 recens.
2049 911 2180 966 Ecce
2219 912 2358 966 enim
2385 911 2482 965 hoc
2510 928 2684 966 recens
2703 913 2821 981 jam
2853 912 3053 982 factum
3083 921 3160 966 est
3191 912 3247 966 in
3281 927 3384 966 ειε-

1803 1004 1936 1057 ειιίὶε
1967 1019 2083 1072 qua:
2109 1003 2327 1074 fuerunt
2359 1013 2480 1058 ante
2524 1022 2640 1060 nos.
2674 1005 2758 1059 11.
2822 1004 2945 1060 Non
2993 1015 3072 1060 est
3125 1005 3383 1060 memoria

1804 1094 1990 1162 primis
2013 1105 2062 1148 et
2089 1096 2161 1148 iis
2183 1098 2272 1167 qui
2307 1097 2520 1165 [uerunt
2548 1096 2743 1150 ultimi.
2776 1095 2899 1152 Non
2928 1099 3030 1152 erit
3070 1114 3250 1152 eorum
3301 1113 3382 1153 re-

1807 1186 2044 1240 cordatio
2067 1204 2184 1240 cum
2225 1191 2291 1242 iis
2318 1189 2408 1256 qui
2445 1188 2615 1257 futuri
2637 1199 2758 1243 sunt
2786 1189 2840 1252 in
2871 1191 3174 1244 novissimo.

137 1281 290 1337 αἰῶσι
315 1281 438 1348 τοῖς
462 1280 801 1351 γενομένοις
837 1281 1181 1348 ἔμπροσθεν
1203 1276 1398 1346 ἡμῶν·
1431 1278 1541 1330 οὐκ
1579 1275 1711 1329 ἐστι
1739 1275 1946 1347 μνήμη
1989 1279 2112 1346 τοῖς
2137 1281 2408 1348 πρώτοις,
2437 1281 2540 1334 καί
2585 1297 2648 1350 γε
2680 1281 2802 1348 τοῖς
2831 1281 3106 1350 ἐσχάτοις
3149 1281 3386 1351 γενομέ-

133 1368 276 1442 νοις·
301 1375 407 1428 οὐκ
437 1372 605 1427 ἔσται
628 1370 826 1427 αὐτῶν
846 1370 1053 1441 μνήμη
1083 1369 1233 1440 μετὰ
1255 1368 1374 1424 τῶν
1408 1367 1748 1440 γενομένων
1776 1369 1862 1435 είς
1890 1370 2002 1438 τὴν
2033 1371 2319 1441 ἐσχάτην-ι

198 1469 477 1541 ῌρόκειται
513 1467 668 1538 ’ἡμῖν
725 1467 752 1518 ὁ
803 1462 1233 1536 Ἐκκλητίαστὴς
1295 1467 1374 1528 εἰς
1437 1464 1698 1536 ἐξήγησιν

134 1554 236 1614 ἴσον
271 1561 404 1631 ἔχων
443 1557 522 1630 τῷ
564 1558 782 1630 μεγέθει
816 1559 913 1630 τῆς
952 1555 1217 1626 ὠφελείας
1252 1557 1344 1610 τὸν
1395 1557 1555 1610 πόνον
1599 1556 1700 1628 τῆς

131 1655 359 1726 θεωρίας.
392 1652 512 1706 Τῶν
551 1651 658 1722 γὰρ
701 1648 1080 1722 παροιμιακῶν
1113 1649 1402 1721 νοημάτων
1429 1648 1532 1720 ἠδη
1561 1657 1697 1720 προ*

132 1742 502 1812 γυμνασὰντων
527 1741 616 1795 τὸν
652 1741 796 1806 νοῦν,
831 1733 907 1794 ὧν
933 1741 982 1794 οἱ
1017 1740 1282 1794 σκοτεινοὶ
1325 1741 1472 1810 λόγοι
1513 1741 1606 1794 καὶ
1641 1741 1698 1793 ai

130 1836 280 1906 σοφαὶ
301 1837 483 1907 ῥήσεις
515 1834 610 1887 καὶ
642 1833 708 1888 τὰ
735 1834 1056 1904 αἰνίγματα,
1091 1833 1184 1886 καὶ
1225 1835 1280 1886 αἱ
1314 1832 1557 1887 ποικίλαι
1589 1831 1698 1885 τῶν

128 1925 286 1994 λόγων
328 1925 683 1996 ἀναστροφαὶ,
735 1923 914 1988 καθὼς
969 1925 1213 1996 περιέχει
1255 1924 1317 1978 τὸ
1357 1924 1450 1978 τοῦ
1493 1923 1698 1995 βιϐλίου

131 2017 320 2072 ἐκείνου
348 2017 649 2088 προοῖμιον,
677 2016 796 2069 τότε
828 2019 938 2080 τοῖς
969 2015 1105 2088 πρὸς
1147 2017 1216 2070 τὰ
1251 2016 1561 2088 τελειότερα
1589 2015 1699 2069 τῶν

133 2107 453 2179 μαθημάτων
491 2104 824 2177 αὑξηθεῖσινς
855 2106 946 2159 ἐπὶ
985 2107 1188 2178 ταύτην
1217 2107 1315 2176 τὴν
1349 2107 1570 2177 Γραφὴν
1600 2105 1700 2174 τὴν

126 2188 320 2270 ὖψηλὴν
341 2183 515 2262 οὕτως
546 2198 642 2252 καὶ
679 2194 1053 2263 θεόπνευστον,
1080 2201 1113 2270 ή
1150 2198 1334 2262 ἄνοδος
1366 2198 1598 2267 γίνεται..
1636 2199 1700 2252 Εἰ

125 2289 266 2361 οὖνὴ
296 2291 564 2364 παροιμία
601 2279 696 2344 καὶ
745 2291 778 2362 ἡ
826 2291 1026 2362 μελέτη
1073 2293 1105 2362 ἡ
1157 2292 1292 2362 πρὸς
1341 2291 1514 2344 ταῦτα
1551 2292 1699 2362 ἡμᾶς

132 2374 468 2457 ἐτοιμάζουσα
516 2383 586 2438 τὰ
619 2383 940 2455 μαθήματα,
972 2383 1144 2448 οὕτως
1183 2384 1437 2448 ἐπίπονος
1467 2384 1549 2448 τίς
1583 2387 1698 2438 ἐστι

129 2477 212 2530 καὶ
249 2476 642 2550 δυσθεώρητος,
703 2477 868 2529 πόσον
925 2476 1031 2548 χρὴ
1071 2477 1233 2531 πόνον
1275 2477 1458 2540 αὐτοῖς
1505 2479 1699 2550 ὲνορᾷν

135 2568 227 2630 τοῖς
262 2567 480 2638 ὑψηλοῖς
513 2565 723 2630 τούτοις
763 2568 1022 2637 νοήμασι,
1051 2571 1165 2631 τοῖς
1192 2567 1288 2622 νῦν
1319 2567 1700 2640 προκειμένοις

129 2659 199 2722 εἰς
233 2658 456 2732 θεωρίαν
499 2661 672 2731 milia;
708 2659 920 2732 Ὥσπερ
965 2659 1075 2732 γὰρ
1134 2662 1183 2712 οἱ
1243 2661 1302 2740 ἐν
1357 2661 1696 2732 παιδοτρίϐου

132 2747 506 2822 παλαιστρικὴν
540 2749 961 2821 ἐκπονήσαντες,
1000 2749 1136 2821 πρὸς
1184 2750 1434 2820 μείζονας
1467 2750 1698 2821 ἱδρῶτας

127 2836 210 2890 καὶ
240 2840 426 2903 πόνους
456 2841 517 2894 ὲν
543 2842 654 2903 τοῖς
686 2838 865 2908 ἀγῶσι
893 2842 1003 2903 τοῖς
1037 2843 1323 2911 γυμνικοῖς
1354 2841 1696 2895 ἀποθύονται·

127 2925 256 2983 οὕτω
283 2937 370 3002 μοι
395 2931 548 2986 δοκεῖ
575 2929 774 3004 μελέτη
806 2948 890 2995 τις
917 2926 1058 2986 εἶναι
1087 2933 1120 3004 ἡ
1149 2933 1523 3004 παροιμιώδης
1555 2933 1700 2986 διδα-

129 3021 327 3088 σκαλία,
362 3024 500 3098 πρὸς
535 3025 662 3089 τοὺς
714 3025 1200 3096 ἐκκλησιαστικοὺς
1247 3025 1459 3094 ἀγῶνας
1514 3027 1701 3080 παιδο-

128 3116 368 3185 τριϐοῦσα
405 3119 507 3182 τὰς
549 3117 726 3190 ψυχὰς
767 3117 922 3190 ἡμῶν
973 3117 1066 3171 καὶ
1118 3118 1597 3191 προμαλάσσουσα.
1637 3119 1700 3172 Et

1868 1463 2038 1522 Nobis
2082 1467 2440 1537 experiendus
2495 1470 2814 1540 propositus
2859 1479 2942 1526 est
2973 1452 3381 1536 Ecclesiastes,

1797 1557 1892 1626 qui
1943 1559 2312 1630 magnitudini
2358 1561 2616 1616 utilitatis
2687 1561 2850 1617 habet
2915 1577 3101 1632 parem
3140 1564 3381 1618 laborem

1796 1650 2299 1721 contemplationis.
2330 1649 2463 1706 Nam
2489 1668 2613 1706 cum
2643 1669 2807 1708 sensa
2835 1653 3246 1723 proverbiorum
3269 1655 3384 1725 jam

1797 1749 2034 1798 mentem
2071 1742 2226 1813 prius
2271 1745 2644 1812 exercuerim,
2681 1761 2916 1816 quorum
2955 1746 3204 1802 obscura:
3256 1757 3386 1802 sunt

1730 1865 1773 1920 Β
1799 1833 2068 1899 rationes,
2098 1841 2154 1888 et
2185 1833 2330 1888 dicta
2374 1836 2647 1906 sapientia
2677 1846 2732 1890 et
2781 1837 3106 1908 aenigmata,
3137 1846 3191 1891 et
3244 1837 3384 1893 varii

1802 1924 2092 1980 verberum
2127 1924 2322 1994 ﬂexus,
2379 1928 2524 1983 sicut
2575 1929 2698 1984 libri
2748 1929 2896 1985 illius
2928 1930 3172 1984 continet
3202 1944 3384 2000 prooe-

1801 2015 1995 2079 mium,
2031 2023 2163 2070 tunc
2192 2015 2283 2081 iis,
2313 2016 2517 2086 quibus
2548 2019 2613 2071 ad
2679 2017 3033 2087 perfectiores
3065 2015 3384 2086 disciplinas

1802 2101 1946 2158 facta
2005 2103 2170 2159 fuerit
2207 2107 2477 2174 accessio,
2513 2113 2569 2162 et
2587 2105 2655 2161 ad
2677 2107 2820 2162 hanc
2855 2107 3223 2178 Scripturam,
3261 2122 3384 2178 quae

1801 2211 1928 2252 vere
1983 2209 2069 2252 εει
2111 2198 2329 2254 excelsa
2391 2207 2446 2256 et
2500 2199 2770 2256 divinitus
2814 2199 3103 2270 inspirata,
3163 2199 3384 2255 exsistit

1802 2291 2089 2340 ascensus.
2124 2286 2184 2340 Si
2215 2302 2348 2359 ergo
2381 2290 2753 2359 proverbium,
2794 2300 2848 2345 et
2875 2305 2997 2360 quae
3030 2305 3134 2346 nos
3173 2288 3243 2344 ad
3280 2289 3384 2346 has

1801 2376 2126 2448 disciplinas
2157 2391 2422 2451 praeparat
2447 2381 2754 2450 meditatio,
2787 2393 2872 2440 est
2912 2383 3050 2440 adeo
3105 2383 3385 2438 laboriosa

1801 2477 1854 2522 et
1895 2471 2270 2542 contemplatu
2336 2472 2592 2538 dillicilis,
2660 2478 2927 2546 quantum
2980 2475 3385 2546 inspiciendum

1801 2559 1886 2614 est
1921 2561 2106 2617 inesse
2140 2563 2380 2619 laborem
2435 2565 2491 2620 in
2529 2565 2615 2622 his
2642 2567 2972 2622 sublimibus
3019 2568 3230 2633 sensis,
3262 2581 3385 2636 quae

1803 2667 1949 2706 nunc
1975 2656 2393 2725 contemplanda
2457 2659 2616 2713 nobis
2679 2668 2809 2714 sunt
2869 2659 3190 2728 proposita?
3229 2656 3382 2724 Quo-

1802 2744 1965 2799 modo
1986 2747 2134 2800 enim
2163 2748 2255 2816 qui
2284 2749 2425 2818 apud
2456 2751 2810 2820 predotribam
2841 2753 2894 2804 in
2925 2749 3230 2820 palaestrica
3263 2757 3383 2804 arte

1801 2832 2213 2902 laboraverunt,
2273 2837 2342 2892 ad
2398 2836 2637 2908 majores
2691 2841 2922 2896 sudores
2965 2848 3019 2896 et
3059 2840 3277 2896 labores
3325 2840 3383 2894 in

1803 2927 2198 2984 certaminibus
2232 2929 2518 2999 gymnicis'
2539 2945 2599 2984 se
2653 2938 2906 2985 exuunt:
2956 2932 3029 2985 ita
3062 2930 3386 3002 proverbio—

1804 3033 1924 3070 rum
1957 3016 2210 3071 doctrina
2239 3019 2371 3072 mihi
2399 3019 2614 3074 videtur
2635 3035 2758 3075 esse
2791 3021 3038 3091 quaedam
3070 3021 3382 3092 meditatio,
3433 3021 3443 3029 ’

1803 3117 2026 3165 nostros
2055 3111 2270 3166 animos
2318 3123 2577 3182 tanquam
2635 3129 2838 3184 pueros
2882 3115 2950 3168 ad
3005 3116 3384 3172 ecclesiastica

125 3201 208 3260 οὖν
246 3209 278 3279 ἡ
331 3209 532 3281 μελέτη
580 3210 718 3280 μετὰ
759 3208 1026 3262 τοσούτων
1064 3207 1304 3280 ἱδρώτων
1341 3209 1698 3281 κατορθοῦται

1807 3201 2109 3256 certamina
2158 3217 2422 3258 exercens
2471 3212 2524 3256 et
2577 3206 2964 3274 praemetuens.
2996 3205 3053 3260 Si
3089 3222 3222 3277 ergo
3253 3223 3382 3262 cum

127 3299 211 3353 καὶ
253 3301 444 3368 πόνων,
477 3301 533 3354 τί
566 3301 672 3374 χρὴ
704 3301 833 3372 napi.
875 3299 1054 3354 αὐτῶν
1086 3299 1195 3354 τῶν
1228 3299 1454 3369 ἀγώνων
1483 3301 1702 3370 λογίσα-

129 3389 277 3458 σθαι;
311 3395 467 3448 Ἤτοι
501 3383 662 3446 ποίαν
693 3410 779 3458 τις
822 3393 1124 3464 ὑπερϐολὴν
1167 3395 1444 3465 ἐννοήσας,
1489 3395 1588 3448 οὐκ
1635 3395 1700 3448 ἂν

129 3487 482 3556 παραστήσειε
511 3485 630 3540 κατ’
649 3483 806 3550 ἀξίαν
827 3484 905 3556 τῷ
937 3485 1098 3556 λόγῳ,
1131 3468 1334 3549 πόσους
1358 3485 1700 3540 ὑποδείκνυσι

127 3577 304 3642 πόνους
332 3579 390 3632 τὺ
430 3580 530 3648 τῆς
573 3577 794 3649 Γραφῆς
828 3575 1030 3648 ταύτης
1063 3577 1275 3630 στάδιον
1300 3581 1409 3641 τοῖς
1441 3577 1702 3644 ἀγωνιζο-

131 3667 294 3734 μένοις
317 3669 453 3740 apo;
481 3668 582 3740 τὴν
611 3667 716 3720 τῶν
737 3667 944 3738 νοητῶν
969 3665 1267 3734 ἀσφάλειαν
1291 3665 1376 3718 διὰ
1413 3667 1511 3736 τῆς
1537 3665 1701 3735 ἀθλη-

127 3757 269 3829 τικῆς
299 3757 614 3830 ἐμπειρίας,
651 3755 728 3820 ὡς
774 3757 849 3827 μὴ
897 3757 954 3810 ὲν
998 3754 1251 3824 πτώματι
1289 3754 1458 3820 δεῖξαι
1491 3756 1580 3808 τὸν
1613 3755 1700 3808 λό-

127 3861 232 3915 γον,
279 3850 389 3904 ἀλλ⁸
433 3853 492 3904 ὲν
535 3848 684 3921 πάσῃ
735 3849 1004 3918 νοήματος
1048 3847 1334 3918 συμπλοκῇ
1371 3846 1550 3917 ὄρθιον
1587 3847 1700 3900 δια-

129 3937 284 3993 σῶσαι
313 3940 401 3994 διὰ
432 3941 537 4010 τῆς
581 3939 838 4010 ἀληθείας
867 3935 956 3990 τὸν
983 3937 1128 3990 νοῦν.
1180 3937 1326 4007 Πλὴν
1365 3937 1480 3989 ἀλλ’
1513 3937 1696 4004 ἐπειδὴ

127 4031 391 4088 καὶτοῦτο
425 4033 540 4086 τῶν
580 4029 915 4086 δεσποτικῶν
951 4029 1426 4102 παραγγελμάτων
1480 4030 1613 4092 ἐστὶ,
1643 4031 1700 4083 τὸ

126 4117 223 4174 δεῖν
255 4123 478 4195 ἐρευνᾷν
503 4122 602 4187 τὰς
627 4121 870 4194 Γραφὰς.
901 4123 1114 4194 ἀνάγκη
1149 4123 1318 4184 πᾶσα,
1342 4121 1446 4176 κᾶν
1475 4121 1699 4175 κατόπιν

125 4213 216 4283 τῆς
239 4215 494 4286 ἀληθείας
531 4217 560 4270 ὁ
584 4215 850 4286 ἡμέτερος
875 4215 1138 4287 ὲρευνηθῇ
1165 4215 1287 4278 νοῦς
1316 4214 1408 4268 τοῦ
1438 4213 1698 4284 μεγέθους

127 4304 226 4360 τῶν
256 4311 548 4379 νοημάτων
583 4307 684 4360 οὐκ
726 4305 1132 4376 ὲφικνούμενος,
1179 4305 1329 4376 ὅμως
1375 4305 1462 4360 διὰ
1506 4307 1567 4360 τὸ
1625 4303 1698 4377 μὴ

126 4395 288 4453 δοκεῖν
309 4399 560 4474 παρορᾷν
587 4401 684 4472 τὴν
705 4398 925 4470 ἐντολὴν
946 4399 1040 4452 τοῦ
1068 4399 1296 4470 Κυρίου,
1321 4397 1409 4451 διὰ
1435 4398 1532 4468 τῆς
1560 4397 1700 4452 κατὰ

125 4488 338 4562 δύναμιν
384 4493 518 4564 περὶ
557 4489 646 4546 τὸν
687 4490 842 4560 λόγον
885 4489 1120 4561 σπουδῆς
1149 4489 1508 4560 κατορθῶσαι.
1555 4491 1698 4542 Οὐκ-

125 4549 624 4655 οῦνέρευνῇσωμεν
650 4549 1146 4652 τῆν’προκειμένην
1187 4549 1404 4652 Γραφὴν
1441 4579 1514 4644 ὡς
1541 4581 1698 4635 δυνάο
1733 4549 1774 4600 D

130 4673 276 4741 μεθα.
317 4675 545 4740 Πάντως
577 4675 685 4744 γὰρ
721 4665 750 4727 ό
781 4675 870 4728 τοῦ
905 4676 1129 4746 ἐρευνᾷν
1163 4674 1260 4744 τὴν
1293 4673 1510 4744 ἐντολὴν
1533 4671 1690 4726 δεδω-

126 4757 248 4826 κὼς,
277 4766 368 4819 καὶ
401 4761 501 4836 τὴν
535 4761 668 4836 πρὸς
703 4758 834 4817 αὐτὸ
866 4763 1024 4816 τοῦτο
1059 4762 1287 4833 δύναμιν
1317 4761 1492 4827 δώσει,
1515 4761 1696 4825 καθὼς

125 4851 452 4925 γέγραπταιο
488 4855 571 4909 ὅτι
604 4872 622 4906 ι
658 4851 860 4924 Κύριος
891 4849 1052 4906 δώσει
1085 4851 1235 4922 ῥῆμα
1263 4851 1372 4913 τοῖς
1415 4850 1695 4918 εὐαγγελιο

127 4941 364 5015 ζαμένοις
389 4945 620 5017 δυνάμει
644 4943 832 5015 πολλῇ.
875 4961 893 4994 ι

189 5214 295 5269 Καὶ
323 5215 540 5287 πρῶτόν
566 5232 630 5284 γε
661 5216 795 5286 ἡμῖν
823 5215 856 5285 ἡ
891 5208 1172 5284 ἐπιγραφὴ
1202 5209 1295 5264 τοῦ
1335 5210 1538 5283 βιϐλίου
1568 5228 1697 5282 προ-

127 5305 322 5378 τεθήτω
359 5311 442 5372 εἰς
477 5306 732 5378 θεωρίαν.
770 5305 922 5360 Κατὰ
963 5306 1140 5358 πᾶσαν
1185 5303 1510 5375 Ἐκκλησίαν
1537 5303 1696 5358 Μωῦ-

127 5395 218 5466 σῆς
237 5399 328 5452 καὶ
359 5403 388 5454 ό
414 5397 577 5470 νόμος
602 5392 1052 5468 ἀναγινώσκεται,
1079 5397 1130 5449 οἱ
1175 5395 1472 5467 προφῆται,
1499 5396 1532 5466 ἡ
1560 5395 1696 5464 ita),

127 5485 310 5556 μῳδία,
334 5489 548 5560 ἱστορία
579 5490 752 5554 πᾶσα,
781 5487 874 5542 καῖ⁵
895 5487 961 5542 ,εἴ
981 5500 1034 5538 τι
1074 5485 1328 5556 Ἀρχαίας
1366 5501 1426 5538 τε
1469 5487 1561 5568 καὶ
1593 5486 1694 5556 τῆς

127 5576 321 5649 Καινῆς
357 5578 634 5652 Διαθήκης
681 5578 818 5643 ἐστὶ,
864 5578 1041 5633 πάντα
1079 5578 1170 5631 ἐπὶ
1221 5576 1330 5630 τῶν
1366 5576 1697 5649 Ἐκκλησιῶν

127 5669 566 5738 καταγγέλλεται.
607 5670 732 5734 Πῶς
771 5665 864 5725 οὖν
908 5669 1065 5724 τοῦτο
1109 5669 1267 5740 μόνον
1297 5667 1390 5721 καὶ
1421 5667 1698 5739 ἐξαίρετον

129 5740 195 5821 τῇ
230 5758 507 5834 ἐπιγραφῇ
545 5761 637 5816 τοῦ
671 5760 1092 5832 Ἐκκλησιαστοῦ
1147 5757 1580 5824 καλλωπίζεται;
1627 5760 1690 5812 Ti

195 5937 238 5972 ³⁸
267 5939 429 5997 Joan.
466 5955 530 6006 v,
555 5940 644 5998 59.
725 5941 771 5973 "
796 5942 939 5997 Psal.
967 5956 1137 6007 uvn,
1167 5943 1250 5998 i2.

397 6029 400 6034 ’
443 6031 716 6096 ΡΑτειοι..
749 6034 866 6096 Gn.
907 6034 1110 6095 XLIV.

1805 3293 1976 3348 tantis
2008 3294 2310 3350 sudoribus
2365 3306 2417 3350 et
2458 3296 2759 3351 'lahoribus
2796 3297 2854 3350 iit
2911 3297 3024 3360 lucc
3078 3299 3380 3362 meditatio.

1802 3385 1932 3453 quid
1991 3385 2416 3441 existimandum
2477 3396 2562 3442 est
2618 3388 2685 3442 de
2750 3387 2894 3458 ipsis
2937 3391 3382 3447 certaminibus?

1803 3475 2170 3543 Quantumvis
2201 3493 2346 3536 certe
2391 3483 2568 3552 magni
2605 3482 2916 3552 cogitantur
2964 3491 3016 3538 et
3076 3484 3378 3548 immodici,

1805 3569 1984 3623 verbis
2021 3585 2120 3640 pro
2143 3571 2408 3640 dignitate
2448 3589 2608 3627 nemo
2637 3573 2860 3643 assequi
2897 3583 3098 3643 potest,
3145 3583 3382 3646 quantos

1801 3661 2059 3714 ostendat
2093 3661 2308 3716 labores
2342 3661 2508 3731 hujus
2555 3665 2854 3734 Scriptura:
2914 3669 3156 3724 stadium
3189 3670 3256 3725 iis
3287 3670 3381 3740 qui

1802 3750 2118 3814 decertant,
2153 3762 2211 3806 ut
2253 3770 2348 3822 per
2391 3756 2705 3810 athleticam
2773 3759 3166 3828 experientiam
3197 3777 3382 3816 rerum

1802 3857 1923 3912 qum
1955 3843 2160 3898 eadunt
2191 3845 2296 3900 sub
2333 3846 2772 3914 intelligentiam,
2808 3857 2978 3904 tutam
3015 3861 3383 3920 assequentur

1802 3935 2078 3996 not'tiam,
2117 3928 2300 4004 nequé
2319 3937 2602 3993 cadentem
2635 3941 2929 3994 ostendant
2961 3941 3252 4003 rationem,
3284 3944 3382 3999 sed

1804 4028 1856 4080 in
1889 4028 2036 4080 omni
2071 4043 2358 4083 sensorum
2384 4031 2727 4087 connexione
2750 4049 2845 4102 per
2867 4035 3146 4090 veritatem
3175 4043 3379 4091 rectam

1803 4128 2129 4175 censervent
2157 4121 2597 4191 intelligentiam.
2659 4126 2932 4183 (Ia-terum
2983 4133 3244 4198 quoniam
3297 4141 3382 4188 est

1805 4211 1908 4264 hoc
1965 4227 2186 4282 quoque
2242 4213 2488 4267 divinum
2549 4227 2900 4287 prmi-cptum,
2966 4228 3022 4274 ut
3071 4229 3382 4277 scrutemur

1805 4300 2120 4372 Seripturas
2142 4303 2208 4367 ³⁵,
2242 4321 2467 4360 necesse
2495 4315 2579 4361 est
2614 4311 2859 4370 omnino,
2893 4317 2951 4364 ιιι
2989 4312 3034 4367 si
3071 4320 3192 4382 post
3233 4315 3381 4370 veri.

1803 4403 1968 4448 tatem
1995 4395 2280 4451 ambulans
2312 4413 2468 4453 mens
2513 4407 2703 4454 nostra
2753 4401 2974 4456 inventa
3031 4401 3214 4466 fuerit,
3271 4421 3380 4460 non

1805 4501 2107 4556 assequeris
2144 4503 2432 4543 sensorum
2473 4491 2930 4561 magnitudinem.
2981 4510 3049 4550 ne
3096 4497 3384 4551 videamur

1803 4587 1983 4632 tamen
2013 4578 2224 4633 Domini
2254 4591 2584 4651 praeceptum
2615 4583 2921 4654 despicere,
2956 4602 3055 4656 pro
3093 4589 3304 4646 viribus
3327 4592 3382 4645 in

1802 4669 1990 4723 divino
2029 4685 2282 4726 sermone
2311 4672 2550 4728 studium
2581 4687 2845 4744 ponentes
2869 4687 3060 4732 nostro
3093 4679 3385 4750 fungamur

1801 4760 1996 4816 ollicio.
2037 4758 2362 4817 Scrutcmur
2407 4779 2560 4835 ergo,
2601 4775 2658 4818 nt
2687 4784 3006 4836 possumus,
3043 4774 3381 4842 propositam

1803 4851 2164 4923 Scripturam.
2200 4855 2302 4922 Qui
2337 4858 2483 4912 enim
2523 4860 2803 4914 scrutandi
2837 4861 2984 4918 dedit
3017 4873 3380 4936 praeceptum.

1803 4944 1867 4996 ad
1901 4944 2006 5000 hoc
2037 4946 2200 5001 etiam
2240 4949 2464 5004 omnino
2521 4950 2674 5006 dabit
2707 4955 2874 5018 vires,
2937 4956 3084 5010 sicut
3119 4958 3381 5026 scriptum
3447 4997 3458 5001 -

1801 5044 1885 5091 est
1931 5054 1945 5090 :
1993 5055 2012 5088 ι
2080 5036 2346 5096 Dominus
2393 5039 2548 5096 dabit
2603 5043 2828 5098 verbum
2876 5046 3385 5118 evangelizantibus

1803 5125 2004 5181 virtute
2033 5129 2200 5182 multa
2229 5127 2296 5182 ⁸⁸.
2348 5149 2368 5182 ι

1873 5216 1952 5272 Ac
2017 5219 2256 5290 primum
2329 5223 2548 5292 quidem
2621 5224 2778 5281 nobis
2831 5235 3171 5296 proponatur
3243 5236 3382 5277 con-

1805 5308 2097 5364 sideranda
2179 5311 2302 5367 libri
2385 5315 2691 5387 inscriptio.
2775 5317 2836 5372 In
2909 5313 3058 5371 omni
3133 5313 3383 5370 Ecclesia

1801 5396 2016 5471 Moyses
2051 5410 2106 5457 et
2135 5402 2219 5457 lex
2251 5404 2468 5475 legitur,
2499 5407 2776 5476 propheta:
2795 5451 2810 5471 ,
2837 5406 3174 5478 psalmodia,
3201 5405 3382 5460 omnis

1803 5493 2055 5557 historia,
2084 5503 2138 5549 et
2163 5497 2206 5552 si
2234 5498 2364 5567 quid
2397 5506 2490 5554 est.
2510 5495 2722 5555 Veteris
2753 5510 2805 5554 et
2834 5497 2968 5553 Novi
3003 5497 3340 5554 Testameuti
3364 5539 3380 5561 ,

1805 5585 2204 5640 annuntiantur
2227 5589 2410 5642 omnia
2439 5590 2490 5641 in
2515 5588 2796 5644 Ecclesiis.
2817 5589 3105 5656 Quomodo
3125 5602 3256 5658 ergo
3276 5588 3386 5644 hoc

1805 5675 1982 5728 solum
2008 5684 2062 5729 et
2081 5679 2344 5733 exin'iium
2370 5679 2728 5750 inscriptione
2751 5688 2982 5736 ornatur
3004 5680 3385 5736 Ecclesiastes?

1809 5763 1950 5831 Quid
1984 5782 2114 5837 ergo
2140 5777 2220 5824 est
2261 5771 2402 5842 quod
2434 5787 2532 5826 uos
2561 5771 2630 5826 de
2657 5773 2744 5828 his
2775 5766 3202 5828 existimamus?
3227 5771 3384 5839 Quod

2997 6042 3078 6103 20
