3844 6366
413 477 519 529 619

1645 465 1702 518 s.
1743 462 2071 519 oneconu
2113 414 2404 521 ﬁssam

3565 458 3680 537 σεο

412 597 539 649 aliis
563 590 780 662 quidem
824 588 1080 642 omnibus
1124 585 1457 655 Scripturis,
1508 584 1863 653 ltistoriisque
1912 596 1976 635 ac

2115 578 2171 636 ὗν
2218 586 2367 637 ἐστιν
2414 584 2442 636 6
2493 583 2619 654 περὶ
2657 581 2860 635 τούτων
2888 581 3051 650 ἡμεῖς
3100 577 3519 649 ὑπειλήφαμεν;
3552 578 3681 632 "Cit

411 682 743 754 propltetiis,
771 679 834 732 ad
866 678 1110 748 quaedam
1144 678 1246 730 alia
1284 691 1404 745 qum
1435 674 1688 729 Ecclesia:
1723 690 1827 725 non
1860 681 1986 726 sunt

411 775 566 829 valde
601 773 792 834 utilia,
836 785 1037 839 scopus
1072 769 1413 837 proponitur.
1470 765 1607 831 Quid
1656 766 1798 819 enim
1843 778 1989 816 cura:

387 874 490 919 'est
542 864 807 917 Ecclesi.’er
842 869 1034 916 exacte.
1081 869 1132 915 et
1168 868 1425 914 accurate
1474 859 1689 912 discere
1724 859 1985 911 bellorum

410 954 780 1014 calamitates,
816 959 909 1005 aut
936 952 1157 1021 quinam
1193 948 1413 1004 fuerunt
1439 950 1679 1019 gentium
1712 947 1989 1016 principes

407 1054 462 1099 et
495 1045 711 1099 urbium
742 1041 1094 1101 conditores,
1132 1048 1183 1092 et
1216 1040 1442 1108 quinant
1476 1054 1504 1091 a
1535 1037 1861 1107 quibusdam
1890 1035 1989 1089 de-

410 1138 560 1193 ducti
595 1144 720 1192 sunt
755 1136 808 1187 in
845 1134 1129 1194 colonias,
1162 1138 1214 1184 et
1243 1146 1491 1201 quamam
1533 1144 1695 1199 regna
1731 1128 1989 1198 deinceps

411 1239 544 1285 sunt
585 1231 899 1290 exoritura,
938 1236 987 1280 et
1026 1239 1364 1294 quzccunque
1399 1222 1745 1275 matriu‘onia
1786 1220 1989 1273 libero-

409 1336 640 1391 rumque
679 1319 1091 1390 procreationes
1125 1324 1254 1371 suut
1291 1316 1599 1368 litterarum
1637 1312 1990 1366 monimentis

409 1415 699 1483 diligenter
735 1411 993 1464 mandata
1018 1450 1031 1473 ,
1068 1418 1119 1462 et
1153 1421 1495 1477 qtuccunque
1538 1404 1724 1460 doceri
1757 1412 1991 1473 possunt

411 1504 466 1557 in
498 1502 740 1572 qualibet
771 1500 1095 1570 Scriptura;
1125 1499 1257 1569 quid
1293 1497 1356 1551 ad
1386 1512 1611 1567 sc0pum
1640 1496 1858 1565 pietatis
1889 1494 1990 1547 Ec.-

411 1593 590 1646 clesiae
637 1604 964 1660 magnopere
1013 1587 1389 1642 contulerint?
1432 1585 1606 1654 llujus
1650 1591 1830 1639 autem
1865 1582 1990 1637 lilri

412 1684 661 1738 doctrina
710 1682 775 1733 ad
809 1681 980 1735 solam
1030 1679 1463 1735 ecclesiasticam
1513 1677 1987 1731 conversationem

414 1775 680 1846 pertinet,
718 1781 777 1827 ut
808 1788 926 1843 quae
957 1787 1019 1827 ea
1050 1772 1284 1841 explicet
1314 1785 1410 1839 per
1439 1785 1560 1839 qua:
1594 1768 1719 1840 quis
1752 1774 1903 1822 recte
1937 1774 1991 1820 et

413 1883 478 1921 ex
512 1867 712 1920 virtute
746 1866 909 1920 vitam
956 1865 1228 1920 instituat.
1284 1863 1485 1918 Eorum
1533 1862 1675 1915 enim
1732 1876 1855 1931 qum
1903 1858 1993 1915 ltic

414 1959 670 2013 dicuntur
700 1968 781 2013 est
814 1972 1048 2026 scopus,
1108 1965 1343 2035 mentem
1398 1968 1563 2023 supra
1614 1967 1833 2008 scnsuzu
1887 1951 1994 2005 cri-
2027 1936 2065 1989 Β

413 2068 539 2124 gere,
560 2094 573 2115 ,
618 2059 669 2105 et
706 2059 762 2104 ut
795 2052 1042 2120 quiescat
1070 2048 1313 2109 edicere,
1350 2044 1556 2099 relictis
1587 2044 1843 2099 omnibus
1874 2058 1995 2113 quae

415 2159 609 2215 magna
643 2151 696 2199 et
728 2144 988 2214 praaclara
1020 2140 1275 2194 videntur
1323 2140 1376 2193 in
1427 2139 1622 2201 rebus,
1664 2136 1730 2191 ad
1775 2152 1839 2193 ea
1874 2154 1995 2207 qua:

415 2252 608 2291 sensus
643 2232 1060 2304 comprehensio
1099 2231 1323 2285 minime
1372 2237 1549 2300 potest
1597 2230 1854 2299 assequi,
1902 2245 1993 2283 as-

418 2344 678 2400 surgere,
734 2335 787 2382 et
836 2327 1054 2380 illorum
1103 2324 1275 2377 teneri
1331 2321 1606 2377 desiderio
1640 2336 1760 2392 qum
1799 2337 1996 2375 sensus

419 2434 527 2474 non
576 2420 814 2488 attingit.
866 2415 1029 2470 Forte
1079 2423 1261 2468 autem
1313 2423 1367 2467 et
1401 2414 1465 2467 ad
1499 2413 1693 2467 ducem
1736 2411 1997 2467 Ecclesize

418 2511 665 2565 intuetur
697 2508 1005 2578 inscriptio.
1040 2504 1218 2561 Verus
1267 2506 1411 2560 enim
1458 2504 1853 2567 Ecclesiastes,
1901 2504 1996 2573 qui

419 2603 668 2671 dispersa
710 2600 763 2654 in
796 2613 965 2653 unum
1000 2607 1201 2652 emtum
1233 2596 1474 2666 colligit,
1513 2601 1567 2648 ct
1600 2610 1696 2649 eos
1730 2597 1823 2663 qui
1860 2596 1998 2648 mul-

344 2710 347 2713 ‘
419 2694 654 2750 tifariam
694 2691 860 2746 variis
892 2689 1104 2745 seducti
1144 2697 1272 2745 sunt
1300 2686 1585 2741 erroribus
1621 2686 1673 2739 in
1705 2701 1871 2739 unum
1908 2702 1999 2741 co-

420 2785 499 2855 git
536 2790 897 2843 conventum,
938 2778 1192 2849 quisnam
1239 2777 1380 2831 alius
1429 2776 1592 2830 fuerit
1637 2792 1800 2846 quam
1838 2792 1999 2831 verus

421 2889 513 2927 rex
545 2867 931 2934 lsrael,Filius
962 2868 1084 2930 Dei,
1134 2864 1222 2918 cui
1276 2865 1446 2929 ,dixit
1486 2864 1831 2920 Natltanael:
1867 2884 1886 2916 ι
1919 2865 1997 2919 Tu

423 2978 482 3019 es
526 2960 699 3016 Filius
735 2959 867 3012 Dei:
919 2967 973 3010 tu
1029 2973 1091 3012 es
1129 2972 1220 3009 rex
1250 2956 1422 3010 Israel
1455 2956 1497 2987 ⁸⁷
1524 2957 1547 3009 ?
1579 2975 1597 3008 ›
1634 2957 1688 3011 Si
1725 2973 1856 3027 ergo
1887 2958 2000 3010 hare

424 3059 555 3107 sunt
607 3049 768 3103 verba
816 3048 961 3116 regis
1007 3047 1210 3109 Israel,
1259 3044 1401 3100 idem
1438 3046 1600 3100 etiam
1648 3056 1877 3100 vocatur
1909 3047 1999 3101 Dei

424 3138 613 3202 Filius,
641 3138 783 3192 sicut
817 3136 953 3190 dicit
982 3133 1337 3204 Evangelium
1367 3151 1381 3187 :
1414 3151 1544 3205 ergo
1594 3135 1733 3190 idem
1786 3153 2004 3208 quoque

2086 680 2205 739 ταῖς
2255 677 2351 746 μὲν
2398 675 2581 739 ἄλλαις
2626 675 2827 736 πάσαις
2867 674 3125 744 Γραφαῖς.
3157 671 3422 743 ἱστορίαις
3467 687 3528 723 τε
3578 669 3685 724 καὶ

2088 768 2463 837 προφητείαις,
2495 769 2588 821 καὶ
2630 767 2765 835 πρὸς
2812 767 2943 819 ἄλλα
2990 766 3110 820 τινὰ
3149 766 3256 819 τῶν
3300 764 3374 835 μὴ
3421 764 3569 818 πάνυ
3607 765 3683 834 τῇ

2098 860 2432 927 Ἱυῖκκκλητίῖι
2457 860 2739 930 χρησίμων
2768 859 2795 911 6
2821 858 3022 920 σκοπὸς
3054 857 3259 926 βλέπει.
3287 857 3354 911 Τί
3383 856 3491 927 γὰρ
3520 854 3686 926 μέλει

2086 955 2151 1020 τῇ
2197 952 2488 1021 Ἐκκλησία
2532 950 2629 1013 τὰς
2671 950 2772 1002 τῶν
2811 949 3060 1019 πολέμων
3105 947 3385 1018 συμφορὰς
3415 947 3481 999 δι’
3512 949 3687 1016 ἀκρι-

2089 1042 2237 1103 ϐείας
2283 1042 2490 1110 μαθεῖν,
2548 1040 2576 1111 ῆ
2629 1040 2771 1101 τίνες
2812 1038 2977 1090 ἐθνῶν
3016 1037 3274 1107 ἄρχοντες
3319 1038 3410 1088 καὶ
3461 1034 3687 1087 πόλεων

2089 1133 2374 1200 γεγόνασιν
2412 1130 2669 1191 οἰκισταὶ,
2700 1130 2793 1183 καὶ
2833 1130 2974 1192 τίνες
3012 1129 3171 1181 τίνων
3198 1128 3430 1181 ἄποικοι.
3456 1126 3488 1195 ἢ
3517 1126 3686 1177 ποῖαι

2093 1224 2359 1295 βασιλεῖαι
2407 1223 2544 1275 κατὰ
2589 1222 2681 1273 τὸν
2731 1220 2926 1290 ἐφεξῆς
2976 1220 3167 1290 χρόνον
3214 1218 3686 1287 διαφανήσονται,

2091 1312 2186 1370 καὶ
2212 1312 2324 1363 ὅσοι
2347 1310 2515 1380 γάμοι
2557 1309 2652 1362 καὶ
2694 1308 3026 1361 παιδοποιΐαι
3059 1306 3123 1359 δι’
3150 1305 3464 1376 ἐπιμελείας
3495 1306 3683 1373 ἒμνη·

2096 1403 2452 1474 μονεύθησαν,
2512 1403 2604 1455 καὶ
2662 1400 2837 1453 πάντα
2884 1398 2952 1451 τὰ
2996 1398 3241 1457 τοιαῦτα,
3285 1398 3385 1451 ὅσα
3431 1397 3690 1464 ἑκάστης

2091 1494 2207 1548 ἐστὶ
2254 1493 2563 1563 διδαχθῆναι
2600 1488 2842 1562 Γραφῆς.
2897 1492 2948 1545 τί
2989 1490 3056 1544 ἂν
3107 1489 3356 1543 τοσοῦτον
3398 1489 3535 1561 πρὸς
3590 1488 3690 1541 τὶν

2093 1586 2290 1638 σκοπὸν
2320 1586 2416 1654 τῆς
2455 1585 2736 1647 εὐσεϐείας
2764 1586 2828 1655 τῇ
2870 1580 3165 1653 Ἐκκλησία
3207 1580 3689 1650 συναγωνίσαιτος

2104 1676 2167 1728 Ἥ
2197 1676 2251 1729 δὲ
2290 1675 2382 1727 τοῦ
2415 1675 2617 1745 βιϐλίον
2648 1675 2833 1727 τούτου
2872 1672 3186 1727 διῖασκαλία
3224 1670 3356 1743 πρὸς
3382 1671 3547 1741 μόνην
3579 1670 3691 1740 τὴν

2092 1768 2548 1838 ὲκκλησιαστικὴν
2589 1767 2861 1820 πολιτείαν
2891 1765 3093 1835 βλέπει,
3136 1764 3202 1817 δι’
3232 1756 3306 1816 ὧν
3344 1760 3407 1815 ἂν
3446 1760 3535 1813 τὸν
3588 1762 3691 1814 ἐν-

2093 1860 2283 1931 ἀρετόν
2323 1875 2400 1923 τις
2438 1859 2806 1930 κατορθώσειε
2846 1856 3162 1927 βίον,ταῦτα
3202 1852 3578 1924 ὑφηγουμένη.
3622 1851 3693 1906 '0

2096 1952 2203 2025 γὰρ
2236 1954 2435 2015 σκοπὸς
2476 1951 2583 2003 τῶν
2623 1950 2856 2004 ἐνταῦοα
2900 1948 3206 2017 λεγομένων
3244 1946 3376 2008 ἐστὶ,
3410 1943 3469 1997 τὸ
3499 1944 3696 2015 ὑπερ-

2096 2045 2268 2099 οεῐναι
2305 2046 2392 2098 τὸν
2435 2043 2558 2098 νοῦν
2605 2044 2703 2113 τῆς
2754 2040 3076 2111 αἰσθήσεως,
3127 2039 3220 2092 καὶ
3260 2034 3458 2091 παῦσαι
3502 2053 3696 2090 κατα-

2094 2136 2319 2190 λιπόντα
2344 2138 2448 2188 πᾶν
2470 2135 2660 2205 ὃτιπέρ
2683 2136 2798 2186 ἐστι
2832 2133 2971 2204 μέγα
2998 2148 3055 2184 τε
3087 2130 3179 2184 καὶ
3206 2128 3451 2199 λαμπρὸν
3474 2128 3530 2179 ἐν
3565 2131 3696 2191 τοῖς

2096 2226 2215 2283 οὖσι
2247 2229 2601 2297 φαινόμενον
2656 2225 2791 2298 πρὸς
2843 2225 2911 2278 τὰ
2960 2224 3221 2289 ἀνέφικτα
3267 2222 3332 2291 τῇ
3382 2220 3692 2292 αίσθητικῇ

2098 2318 2399 2388 καταλήψει
2442 2316 2529 2369 διὰ
2577 2316 2674 2385 τῆς
2709 2315 2884 2384 ψυχῆς
2916 2311 3247 2383 ὑπερκῦψαι,
3282 2309 3544 2363 κάκείνων
3578 2309 3693 2379 τὴν
3752 2372 3761 2378 ⁸

2098 2410 2389 2480 ἐπιθυμίαν
2441 2405 2645 2467 λαϐεῖν,
2692 2397 2766 2457 ὧν
2820 2405 2917 2455 οὐκ
2971 2404 3267 2471 ἐφικνεῖται
3314 2402 3344 2470 ἡ
3399 2398 3692 2468 αἴσθησις.

2099 2504 2248 2573 Τάχα
2280 2502 2335 2555 δὲ
2369 2501 2459 2553 καὶ
2487 2499 2620 2568 πρὸς
2652 2498 2743 2551 τὸν
2777 2496 3128 2567 καθηγεμόνα
3156 2496 3254 2562 τῆς
3293 2491 3622 2561 Ἐκκλησίας
3655 2494 3694 2562 ἡ

2098 2592 2378 2665 ἐπιγραφὴ
2408 2591 2613 2661 βλέπει.
2656 2590 2711 2642 'U
2736 2590 2844 2659 γὰρ
2886 2586 3135 2657 ἀληθινὸς
3170 2584 3627 2655 Ἰεῖκκλησιαστὴς,
3662 2586 3696 2637 6

2098 2686 2166 2740 τὰ
2206 2683 2613 2757 ὲσκορπισμένα
2659 2680 2979 2749 συναγαγὼν
3029 2682 3105 2742 εἰς
3147 2678 3204 2731 ἒν
3248 2678 3532 2748 πλήρωμα.
3586 2677 3697 2730 καὶ

2099 2782 2225 2842 τοὺς
2284 2777 2526 2846 πολλαχῆ
2577 2776 2713 2827 κατὰ
2768 2774 2863 2835 τὰς
2912 2772 3157 2834 ποικίλας
3200 2771 3410 2832 ἀπάτας
3455 2768 3698 2820 πεπλα-

2102 2872 2367 2942 νημένους
2422 2872 2501 2932 εἰς
2547 2868 2641 2921 ἕνα
2697 2866 2950 2933 σύλλογον
3006 2861 3416 2932 ἐκκλησιάζων.
3468 2860 3549 2923 τίς
3621 2861 3696 2913 ἂν

2103 2966 2256 3026 ἄλλος
2290 2963 2391 3032 εἴη.
2441 2962 2487 3013 εἰ
2537 2960 2609 3030 μὴ
2648 2961 2676 3012 6
2723 2957 2975 3027 ἀληθινὸς
3018 2950 3269 3024 βασιλεὺς
3307 2952 3398 3005 τοῦ
3440 2953 3693 3022 Ἰσραὴλ,

2104 3059 2131 3109 ὁ
2162 3050 2283 3118 Υἱὸς
2332 3052 2425 3106 τοῦ
2478 3051 2634 3109 Θεοῦ.
2684 3050 2819 3121 πρὸς
2875 3049 2932 3101 ὃν
2985 3044 3135 3101 εἶπεν
3183 3049 3211 3099 6
3251 3044 3560 3116 Ναθαναὴλ,
3602 3047 3698 3098 ὅτι

2109 3167 2126 3199 ι
2170 3148 2241 3200 Σὺ
2292 3141 2342 3199 εί
2389 3148 2418 3199 6
2472 3144 2599 3207 Υἱὸς
2640 3142 2730 3196 τοῦ
2793 3141 2959 3194 Θεοῦ·
3003 3143 3066 3193 σὺ
3124 3134 3175 3192 εἴ
3228 3140 3255 3191 6
3301 3137 3544 3207 βασιλεὺς
3588 3137 3696 3190 τοῦ

425 3240 651 3285 vocatur
686 3228 1068 3282 Ecclesiastes.
1118 3226 1377 3301 Fortasse
1431 3234 1611 3280 autem
1658 3244 1763 3281 non
1814 3230 1913 3284 abs
1947 3246 2001 3285 re

2120 3237 2369 3308 ἰσραήλς
2407 3255 2425 3287 ο
2461 3237 2523 3288 Εἰ
2569 3230 2661 3288 οὖν
2700 3233 2769 3286 τὰ
2809 3234 3029 3304 ῥήματα
3069 3230 3240 3284 ταῦτα
3290 3228 3383 3282 τοῦ
3420 3228 3699 3297 βασιλέως

426 3323 493 3376 ad
531 3323 678 3375 hunc
711 3334 936 3375 sensum
980 3317 1361 3389 inscriptionis
1399 3317 1689 3374 referimus
1729 3321 2005 3392 significa-

428 3415 627 3469 tionem
651 3455 664 3477 ,
697 3424 754 3467 ut
794 3426 892 3482 per
929 3410 983 3465 id
1024 3411 1339 3478 discamus,
1366 3411 1511 3481 quod
1543 3411 1608 3465 ad
1636 3427 1758 3465 eum
1785 3413 1879 3483 qui
1907 3413 2002 3469 Ec-

427 3503 651 3559 clesiam
682 3502 799 3556 fixit
829 3517 927 3571 per
960 3499 1311 3571 Evangelium
1336 3543 1350 3562 ,
1383 3502 1575 3556 borum
1608 3502 1894 3557 verborum
1928 3505 2010 3560 vis

426 3596 715 3652 referatur.
747 3613 766 3645 ι
790 3591 966 3649 Verba
1000 3612 1020 3646 ι
1045 3594 1222 3658 enim,
1255 3592 1431 3661 inquit
1450 3633 1463 3655 ,
1494 3611 1512 3643 «
1539 3591 1887 3649 Ecclesiastre
1916 3595 2006 3648 lilii

431 3685 616 3740 David.
651 3705 669 3737 ι
696 3685 772 3738 lta
800 3684 963 3739 etiam
1002 3681 1285 3738 Matthaaus
1321 3682 1374 3736 in
1409 3682 1679 3753 principto
1725 3685 2002 3756 Evangelii

428 3778 605 3847 ipsum
637 3775 883 3830 nominat
914 3773 1084 3829 filium
1131 3772 1299 3829 David
1328 3813 1343 3838 ,
1376 3774 1569 3830 dicens
1614 3774 1929 3831 Dominum.

2108 3331 2223 3383 ἐστὶ
2266 3329 2360 3382 τοῦ
2403 3327 2636 3398 Ἰσραὴλ,
2680 3328 2709 3378 ὁ
2753 3326 2810 3378 δὲ
2861 3325 3023 3385 αὐτὸς
3068 3315 3219 3384 οὗτος
3265 3322 3360 3373 καὶ¹
3403 3318 3535 3373 Θεοῦ
3556 3315 3700 3383 Υἱός

2104 3413 2243 3480 ἐστι.
2273 3418 2642 3486 καθὼς·λέγει
2690 3416 2747 3469 τό
2792 3414 3154 3484 Εὑαγγέλιονο
3189 3413 3295 3483 ἄρα
3334 3411 3426 3462 καὶ
3457 3411 3485 3462 6
3521 3408 3700 3473 αὐτὸς

2118 3510 2548 3582 Ἐκκλησιαστὴς
2602 3509 2944 3578 ὀνομάζεται.
3000 3507 3151 3575 Τάχα
3196 3504 3253 3557 δὲ
3298 3503 3395 3555 οὐκ
3439 3500 3542 3565 ἔξω
3591 3502 3698 3554 τοῦ

2107 3603 2316 3665 εἰκότος
2349 3602 2429 3665 είς
2461 3600 2665 3669 ταύτην
2702 3599 2800 3670 τὴν
2843 3597 3079 3650 διάνοιαν
3106 3596 3203 3664 τὴν
3244 3594 3343 3663 τῆς
3375 3593 3700 3664 ἐπιγρανξῆς

2109 3689 2451 3759 ἀναφέρομεν
2492 3687 2788 3757 σημασίαν,
2834 3687 2919 3737 ἵνα
2962 3684 3052 3737 διὰ
3091 3684 3245 3737 τοῦτο
3291 3683 3568 3753 μάθωμεν,
3607 3683 3699 3736 ὅτι

2109 3782 2189 3843 είς
2232 3780 2393 3833 αὐτὸν
2441 3781 2530 3833 τὸν
2575 3779 2661 3832 διὰ
2705 3779 2799 3832 τοῦ
2855 3777 3187 3845 Εὖαγγελίου
3233 3776 3331 3845 τὴν
3364 3776 3700 3844 Ἐκκλησίαν

427 3846 757 3939 πηξάμενον.
799 3868 833 3936 ἡ
878 3865 987 3957 τῷν
1027 3866 1284 3935 ῥημάτων
1327 3867 1530 3921 τούτων
1563 3868 1890 3939 ἀναφέρεται
1918 3868 2193 3941 δύναμις.ι
2214 3873 2456 3943 Ῥήματα
2469 3872 2621 3942 ιγὰρ,
2651 3871 2835 3941 φησὶν,
2854 3888 2870 3915 ι
2893 3867 3313 3938 Ἐκκλησιαστοῦ
3340 3846 3698 3919 υἰοῧΔαεῖδδ

429 3958 585 4015 Οὕτω
611 3959 667 4013 δὲ
700 3958 858 4011 αὑτὸν
886 3957 977 4010 καὶ
1004 3957 1278 4015 Mareotis:
1305 3958 1363 4012 ὲν
1393 3959 1586 4029 ἀρχαῖς
1623 3960 1715 4013 τοῦ
1755 3958 2084 4030 Εὑαγγελίου
2116 3965 2493 4032 κατονομάζει,
2530 3963 2641 4015 υἱὸν
2674 3962 2856 4030 Δαόὶδ,
2887 3960 3060 4028 λέγων
3091 3962 3180 4013 τὸν
3219 3958 3445 4030 Κύριον.

506 4073 525 4105 ι
557 4053 785 4106 Vanitas
827 4051 1128 4104 vanitatum
1148 4089 1162 4114 ,
1194 4069 1212 4103 ι
1241 4050 1375 4107 dicit
1426 4053 1812 4120 Ecclesiastes,
1840 4073 1859 4106 ‹
1886 4072 2007 4110 om.

431 4148 523 4202 nia
557 4145 789 4199 vanitas.
823 4162 842 4195 ι
870 4141 1079 4197 Vanum
1115 4143 1440 4213 intelligitur
1487 4144 1636 4215 quod
1676 4162 1783 4202 non
1834 4159 2011 4218 potest

435 4241 765 4299 consistere,
795 4235 937 4307 quod
970 4235 1025 4289 in
1057 4236 1172 4291 sola
1203 4236 1492 4291 verborum
1526 4238 1830 4307 prolatione
1853 4256 2007 4295 suam

436 4329 597 4384 habet
618 4326 912 4383 essentiam
940 4342 955 4392 ;
987 4339 1075 4379 res
1102 4331 1284 4379 autem
1311 4340 1433 4396 quae
1460 4325 1764 4394 consistat,
1797 4346 1904 4383 non
1936 4330 2012 4385 si-

437 4420 547 4474 mul
599 4425 825 4489 apparet
871 4431 994 4470 cum
1047 4415 1287 4471 nominis
1336 4415 1771 4487 significatione,
1806 4419 1900 4474 sed
1930 4427 2013 4473 est

434 4513 649 4568 otiosus
677 4509 897 4579 quidam
925 4515 979 4561 et
1011 4507 1191 4562 inanis
1220 4523 1392 4564 sonus
1412 4548 1425 4572 ,
1455 4510 1548 4579 qui
1579 4510 1682 4565 sub
1713 4511 1895 4580 specie
1922 4512 2014 4566 ali-

437 4603 597 4673 cujus
629 4599 890 4655 dictionis
936 4606 1141 4653 temere
1185 4597 1461 4668 profertur
1501 4615 1597 4670 per
1641 4602 1907 4673 syllabas,
1956 4603 2011 4658 in

443 4708 604 4749 aures
653 4692 940 4745 incurrens
988 4689 1200 4759 absque
1256 4689 1693 4760 significatione,
1732 4694 1877 4748 sicut
1917 4709 2014 4763 per

445 4784 628 4839 ludum
661 4780 910 4835 nonnulli
941 4781 1150 4850 lingunt
1178 4781 1401 4834 nomina
1428 4821 1443 4844 ,
1475 4797 1596 4851 qua!
1628 4782 1763 4836 nihil
1795 4783 2011 4853 signiti-

439 4883 585 4933 cant.
618 4872 733 4929 Hoc
761 4880 846 4927 est
866 4885 995 4941 ergo
1032 4887 1198 4925 unum
1227 4886 1400 4941 genus
1425 4872 1706 4927 vanitatis.
1732 4871 1896 4926 Aliud
1922 4887 2014 4926 au-

438 4979 548 5027 tem
574 4965 779 5023 dicitur
821 4963 1065 5027 vanitas,
1108 4978 1300 5018 eorum
1343 4979 1575 5034 quorum
1624 4964 1808 5021 nullus
1844 4981 2015 5030 usus,

440 5076 561 5133 quae
601 5071 801 5128 magno
828 5054 1013 5110 studio
1041 5064 1095 5110 et
1127 5058 1480 5112 contentione
1525 5056 1667 5113 facta
1712 5068 1840 5112 sunt
1867 5059 2018 5112 nullo

440 5168 609 5225 scopo
656 5148 979 5223 proposito:
1021 5148 1203 5218 qualia
1247 5157 1376 5204 sunt
1427 5167 1722 5221 puerorum
1764 5153 1819 5207 in
1851 5166 2019 5206 arena

440 5247 667 5303 tediﬁcia
689 5285 703 5310 ,
740 5258 861 5314 quae
891 5243 948 5295 tit
975 5240 1241 5299 adversus
1275 5243 1462 5299 stellas
1502 5245 1799 5315 jaculatio,
1833 5255 2022 5301 vento-

442 5354 562 5395 rum
596 5335 810 5393 venatio
832 5373 846 5397 ,
870 5333 1115 5389 cursoris
1144 5334 1408 5389 adversus
1439 5351 1594 5390 suam
1623 5338 1871 5393 umbram
1896 5352 2021 5392 con-

444 5428 700 5490 certatio,
755 5423 977 5495 quando
1012 5426 1294 5479 contendit
1340 5427 1612 5497 quispiam
1660 5427 1869 5482 umbrae
1906 5442 2021 5483 sua:

446 5521 704 5575 verticem
738 5515 1037 5573 ascendere
1058 5554 1072 5576 ,
1099 5523 1154 5568 et
1177 5517 1221 5568 si
1259 5517 1390 5586 quid
1416 5517 1681 5585 ejusmodi
1712 5519 2019 5573 invenimus

450 5609 503 5663 in
548 5613 617 5665 iis
657 5625 778 5679 qua:
809 5608 951 5662 facta
984 5616 1116 5660 sunt
1151 5616 1385 5672 temere,
1423 5625 1545 5679 qua:
1580 5610 1799 5680 quidem
1835 5611 2020 5665 omnia

450 5700 703 5755 vanitatis
735 5699 900 5754 verbo
929 5693 1316 5763 subjiciuntur.
1344 5700 1438 5756 Est
1463 5709 1641 5757 autent
1670 5702 1773 5757 hoc
1801 5715 2020 5773 quoque

523 5866 563 5902 ³⁷
588 5875 747 5935 Joan.
781 5895 820 5946 ι,
853 5882 945 5940 49.

2188 4079 2206 4110 ι
2231 4058 2541 4128 Ματαιότης
2568 4057 2961 4126 ματαιοτήτων,
2990 4074 3005 4104 ι
3023 4049 3174 4106 εἶπεν
3190 4055 3217 4106 6
3240 4051 3696 4123 Ἐκκλησιαστὴς,

2117 4170 2137 4203 ι
2159 4151 2228 4204 τὰ
2249 4148 2425 4203 πάντα
2452 4145 2765 4219 ματαιότης.
2781 4165 2797 4196 ι
2817 4146 3058 4199 Μάταιον
3078 4146 3275 4196 νοεῖται
3301 4141 3360 4195 τὸ
3382 4141 3696 4195 ἀνυπόστα-

2111 4259 2223 4306 τον,
2261 4240 2289 4294 6
2339 4243 2396 4293 ἐν
2444 4240 2580 4311 μόνῃ
2624 4239 2690 4309 τῇ
2733 4236 2825 4289 τοῦ
2874 4237 3117 4307 ῥήματος
3167 4234 3416 4306 προφορᾷ
3451 4233 3514 4286 τὸ
3554 4229 3700 4287 εἶναι

2114 4333 2250 4405 ἔχει·
2280 4332 2511 4403 πρᾶγμα
2533 4330 2589 4384 δὲ
2610 4328 2840 4397 ὑφεστὸς
2858 4330 2929 4399 τῇ
2959 4321 3049 4380 τοῦ
3080 4326 3339 4396 ὀνόματος
3361 4326 3607 4397 σημασίᾳ
3635 4326 3699 4379 οὗ

2117 4426 2238 4478 συνε
2247 4424 2555 4496 μφαίνεται,
2574 4421 2685 4475 ἀλλ’
2709 4420 2822 4474 ἔστι
2845 4437 2925 4483 τις
2942 4417 3113 4487 ψόφος
3131 4416 3297 4488 ἀργὸς
3316 4416 3409 4469 καὶ
3428 4416 3697 4480 διάκενος.

2115 4518 2173 4570 ὲν
2194 4518 2430 4588 σχήματι
2456 4513 2653 4579 λέξεώς
2680 4529 2846 4574 τινος,
2871 4510 2959 4564 διὰ
2986 4507 3262 4563 συλλαϐῶν
3296 4508 3700 4578 προφερόμενος

2114 4609 2259 4678 εἰκῇ,
2304 4605 2657 4677 προσπίπτων
2689 4605 2755 4674 τῇ
2798 4604 2934 4672 ἀκοῇ
2980 4600 3148 4672 χωρὶς
3192 4599 3486 4670 σημασίας,
3514 4595 3603 4652 οἷα
3634 4599 3698 4671 δὴ

2117 4698 2398 4763 παίζοντές
2422 4715 2563 4760 τινες
2592 4692 3085 4766 ὀνοματοποιοῦσιν,
3109 4685 3181 4744 ὧν
3214 4692 3272 4745 τὸ
3302 4691 3699 4761 σημαινόμενόν

2116 4791 2261 4843 ἐστιν
2299 4788 2469 4841 οὐδέν.
2509 4789 2603 4841 Ἓν
2644 4788 2741 4858 μὲν
2788 4784 2945 4839 τοῦτο
2988 4779 3122 4847 εἶδος
3170 4783 3269 4852 τῆς
3320 4782 3697 4853 ματαιότητος.

2090 4879 2285 4952 ’Ἄλλη
2318 4879 2375 4933 δὲ
2408 4879 2701 4949 ματαιότης
2732 4876 2949 4944 λέγεται
2982 4875 3089 4928 τῶν
3131 4875 3273 4928 κατά
3307 4891 3427 4927 τινα
3464 4872 3700 4943 σπουδὴν

2122 4970 2259 5040 πρὸς
2303 4969 2491 5023 οὐδένα
2548 4968 2745 5021 σκοπὸν
2784 4965 3082 5035 γινομένων
3114 4967 3146 5035 ἠ
3184 4964 3473 5035 ἀχρηστια,
3522 4962 3597 5026 ὡς
3634 4962 3703 5015 τὰ

2121 5060 2230 5115 τῶν
2264 5063 2319 5114 ὲν
2348 5060 2559 5131 ψάμμῳ
2589 5059 2816 5114 παιδίων
2866 5056 3291 5127 οἰκοδομήματα,
3334 5057 3427 5108 καὶ
3475 5057 3508 5126 ἡ
3562 5053 3702 5109 κατὰ

2123 5152 2229 5205 τῶν
2259 5153 2470 5223 ἄστρων
2500 5150 2699 5215 τοξεία,
2737 5150 2831 5204 καὶ
2869 5151 2901 5221 ἡ
2932 5148 3039 5202 τῶν
3085 5148 3298 5219 ἀνέμων
3349 5147 3511 5218 θήρα,
3546 5146 3640 5199 καὶ⁸
3669 5146 3701 5215 ἡ

2125 5232 2263 5316 πρὸς
2302 5243 2399 5315 τὴν
2429 5243 2561 5298 ἰδίαν
2595 5242 2751 5295 σκιὰν
2779 5240 2873 5293 τοῦ
2907 5240 3148 5312 δρομέως
3177 5239 3406 5309 ἅμιλλα,
3429 5239 3519 5291 ὅτε
3553 5237 3703 5307 φιλο-

2126 5337 2278 5405 νεικῇ
2317 5351 2401 5397 τις
2433 5333 2525 5387 τοῦ
2557 5332 3025 5402 σκιάσματοςοτῆς
3058 5329 3299 5402 κορυφῆς
3317 5328 3591 5399 ἐπιϐῆναι,
3611 5327 3702 5382 καὶ

2129 5424 2181 5476 εί
2204 5441 2256 5476 τι
2295 5422 2532 5475 τοιοῦτον
2580 5423 2765 5492 ἕτερον
2809 5423 2866 5473 ὲν
2908 5424 3019 5483 τοῖς
3058 5422 3179 5491 εἰκῇ
3216 5419 3525 5489 γενομένοις
3566 5416 3704 5487 εὑρί-

2129 5530 2350 5584 σκομεν,
2387 5512 2528 5582 ἆπερ
2560 5512 2734 5567 πάντα
2782 5510 2859 5582 τῷ
2901 5512 2998 5580 τῆς
3040 5508 3397 5580 ματαιότητος
3437 5508 3703 5574 ὑπάγεται

2130 5607 2354 5678 ῥήματι.
2384 5604 2538 5657 Ἔστι
2588 5603 2645 5656 δὲ
2702 5602 2959 5666 πολλάκις
3003 5601 3220 5656 κάκεῖνο
3272 5599 3499 5669 μάταιον
3537 5600 3595 5649 ὲν
3637 5599 3701 5665 τῇ

2132 5695 2390 5769 συνηθείᾳ
2451 5695 2777 5767 λεγόμενον,
2830 5696 2958 5749 ὅταν
3012 5694 3147 5764 πρός
3207 5709 3325 5746 τινα
3378 5690 3580 5745 σκοπᾶν
3622 5703 3706 5755 τις
