3844 6348
211 430 308 488 621

1296 430 1363 489 1N
1407 426 1941 488 ECCLESIASTEN.
1983 428 2262 490 llOMlLIA
2306 431 2345 487 1.

3353 427 3462 496 (3ἳῖ

212 547 375 620 ὀρῶν,
424 543 519 600 καὶ
568 542 643 610 ὥς
687 552 739 600 τι
786 544 1055 611 λυσιτελὲς
1091 545 1197 600 τῶν
1233 546 1604 619 προκειμένων
1643 543 1784 599 κατὰ

1892 560 2030 614 smpe
2065 546 2300 616 positum
2341 545 2395 600 in
2431 544 2856 609 consuetudine.
2892 553 2948 601 ut
2981 561 3178 602 vanum
3225 546 3458 620 dicatur,

216 638 447 709 σπουδὴν
479 637 698 708 μετιὼν,
728 639 932 692 ἕκαστα
961 639 1194 710 πράττῃ,
1226 634 1346 691 εἶτα
1368 653 1511 700 τινος
1542 635 1781 689 ἐναντίου

217 729 597 799 γεγενημένου,
627 730 705 791 είς
726 729 978 798 ἀνόνητον
1007 729 1265 800 περιέλθῃ
1292 730 1320 781 ὁ
1351 728 1528 789 πόνος,
1552 726 1642 778 καὶ
1665 725 1783 778 τότε

216 820 307 871 καὶ
338 821 431 873 ἐπὶ
465 819 651 889 μηδενὶ
689 818 1068 890 κατορθώματι
1097 819 1195 889 τὴν
1230 818 1461 887 σπουδὴν
1496 815 1785 886 προχωρῆ-

217 927 304 963 σαι
351 909 430 979 τῷ
468 912 684 993 ῥήματι
735 910 827 963 τοῦ
879 910 1107 981 ματαίου
1156 908 1585 979 διασημαίνεται.
1623 906 1783 973 Λέγει

216 1003 320 1071 γὰρ
350 1003 441 1054 ἐπὶ
485 1001 591 1054 τῶν
642 1002 895 1055 τοιούτων
943 1004 976 1073 ἡ
1025 1000 1283 1072 συνήθεια
1327 1003 1409 1068 τὸ,
1446 1001 1634 1067 Μάτην
1665 1000 1785 1052 ἑκο-

215 1092 401 1155 πίασα,
451 1093 545 1146 καὶ
597 1084 772 1163 μάτην
813 1094 1108 1161 ἐπήλπισα,
1154 1093 1247 1146 καὶ
1286 1093 1377 1144 ἐπὶ
1416 1092 1628 1161 ματαίῳ
1661 1094 1785 1153 τοὺς

218 1182 439 1243 πολλοὺς
489 1183 726 1252 ὑπέστην
775 1184 1073 1251 καμάτους.
1123 1183 1232 1235 Καὶ
1285 1182 1369 1234 ἵνα
1430 1181 1504 1250 μὴ
1550 1182 1618 1232 τὰ
1663 1178 1782 1232 καθ’

215 1274 436 1325 ἕκαστον
461 1273 761 1343 διεξίωμεν,
796 1276 880 1341 ἐφ’
910 1267 987 1338 οἷς
1017 1274 1077 1326 τὸ
1110 1273 1279 1344 ὄνομα
1307 1272 1405 1341 τῆς
1429 1272 1783 1343 ματαιότητος

215 1365 411 1435 κυρίως
465 1364 699 1431 λέγεται,
756 1367 812 1417 ἐν
866 1364 1028 1435 ολίγῳ
1081 1365 1177 1435 τὴν
1215 1364 1418 1417 ἔννοιαν
1462 1365 1558 1434 τῆς
1603 1363 1784 1432 φωνῆς

214 1456 409 1526 ταύτης
463 1456 906 1528 περιληψώμεθα.
969 1455 1279 1524 Ματαιότης
1332 1455 1495 1517 ἐστὶν,
1552 1454 1583 1524 ἢ
1636 1454 1784 1524 ῥῆμα

213 1547 543 1616 ἀδιανόητον,
571 1547 601 1615 ἢ
636 1550 865 1616 πρᾶγμα
908 1547 1183 1617 ἀνόνητον,
1214 1546 1248 1615 ἢ
1282 1544 1441 1613 βουλὴ
1480 1544 1783 1597 ἀνυπόστα-

212 1653 318 1700 τος,
358 1637 390 1706 ἢ
433 1636 635 1707 σπουδὴ
687 1638 851 1708 πέρας
898 1637 992 1689 οὐκ
1024 1637 1237 1706 ἔχουσα,
1269 1635 1302 1705 ἢ
1344 1634 1567 1687 καθόλου
1596 1633 1655 1685 τὸ
1690 1633 1784 1685 ἐπὶ

216 1730 371 1781 παντὶ
397 1729 760 1781 λυσιτελοῦντι
789 1729 1152 1798 ἀνύπαρκτον.
1189 1729 1250 1779 El
1285 1727 1347 1798 δὴ
1376 1728 1620 1796 νενόηται
1656 1726 1784 1794 ἡμῖν

213 1818 301 1872 τοῦ
335 1819 565 1889 ματαίου
591 1821 623 1891 ὴ
654 1820 847 1880 ἔννοια,
877 1818 1183 1884 ἐξεταστέον
1211 1819 1274 1872 ἂν
1316 1818 1424 1889 εἴη,
1454 1817 1505 1869 τί
1540 1816 1784 1886 βούλεται

215 1911 246 1979 ἠ
297 1909 595 1979 ματαιότης
641 1907 748 1960 τῶν
811 1910 1201 1979 ματαιοτήτων.
1251 1907 1404 1976 Τάχα
1458 1906 1501 1957 δ’
1549 1906 1613 1958 ἂν
1661 1906 1790 1973 ἡμῖν
1825 1893 1865 1945 Β

213 1998 628 2071 γνωριμώτερον
656 1996 715 2051 τὸ
761 1998 1087 2068 ζητούμενον
1136 1999 1311 2068 νόημα
1356 1998 1581 2066 γένοιτο,
1616 1998 1664 2047 εί
1692 1997 1790 2066 τὴν

215 2091 486 2159 γραφικὴν
526 2088 809 2159 συνήθειαν
844 2090 935 2140 ἐπὶ
963 2088 1070 2141 τῶν
1114 2087 1247 2157 πρὸς
1286 2087 1344 2139 τὸ
1374 2089 1617 2156 κρεῖττον
1645 2103 1793 2139 νοου-

219 2179 420 2248 μένων,
453 2178 926 2248 συνεξετάσαιμεν.
972 2178 1033 2230 'll
1082 2177 1188 2229 τῶν
1232 2176 1542 2242 ἀναγκαίων
1588 2191 1647 2225 τε
1698 2173 1793 2226 καὶ

220 2269 600 2340 συμφερόντων
625 2270 839 2339 πρᾶξις,
890 2269 1047 2338 ἔργον
1095 2266 1247 2337 παρὰ
1289 2267 1385 2337 τῆς
1426 2264 1648 2335 Γραφῆς
1679 2265 1789 2317 ὀνο-

219 2363 474 2431 μάζεται·
526 2361 663 2414 ἀλλὰ
709 2362 774 2414 τὰ
820 2360 1214 2431 ὑπερϐαίνοντα
1265 2358 1370 2410 τῶν
1424 2356 1790 2426 σπουδαζομέ-

218 2470 336 2507 νων.
361 2455 458 2505 ὅσα
494 2454 575 2515 είς
605 2452 769 2522 αὐτὴν
804 2454 902 2524 ὁρᾷ
934 2455 1030 2521 τὴν
1061 2451 1152 2503 τοῦ
1178 2450 1311 2504 Θεοῦ
1352 2450 1626 2516 λατρείαν,
1656 2450 1791 2519 ἔργα

218 2544 384 2613 ἔργων
415 2545 657 2612 λέγεται,
695 2543 876 2607 καθὼς
924 2546 955 2614 ἡ
1005 2543 1213 2614 ἱστορία
1259 2543 1427 2611 δηλοῖ,
1465 2542 1788 2602 δεικνύντος,

217 2631 381 2707 οἶμαι,
412 2636 506 2688 τοῦ
542 2636 720 2703 λόγου,
764 2636 851 2689 διά
896 2653 1037 2697 τινος
1079 2633 1366 2702 ἀναλογίας
1412 2635 1542 2702 ἡμῖν
1592 2632 1655 2683 ὲκ
1697 2632 1790 2684 τοῦ

218 2726 371 2797 ἔργου
400 2727 506 2780 τῶν
535 2726 733 2798 ἔργων,
766 2726 818 2778 τί
848 2728 909 2779 τὸ
948 2728 1006 2778 ἐν
1050 2729 1160 2788 τοῖς
1201 2723 1647 2794 σπουδαζομένοις
1678 2724 1791 2775 ἐστὶ

220 2819 622 2889 προτιμότερον.
670 2818 765 2870 Ὃν
804 2818 912 2887 γὰρ
942 2816 1124 2887 ἐπέχει
1160 2816 1314 2883 λόγον
1351 2815 1485 2886 πρὸς
1530 2816 1628 2885 τὴν
1667 2814 1788 2867 καθ·

219 2909 332 2961 ὀλου
366 2908 565 2979 ἀργίαν
612 2909 644 2977 ἡ
684 2908 806 2977 περὶ
852 2908 920 2959 τὰ
963 2905 1100 2977 ἔργα
1144 2904 1364 2975 σπουδὴ,
1400 2903 1637 2956 τοιοῦτον
1680 2903 1793 2973 ἔχει

218 2990 365 3068 λόγον
394 2999 532 3069 πρὸς
558 2998 628 3050 τὰ
667 2996 829 3077 λοιπθι
860 2996 996 3066 ἔργα
1034 2998 1066 3066 ἡ
1107 2996 1240 3067 πρὸς
1263 2996 1331 3048 τὰ
1361 2994 1663 3065 ὑψηλότερα
1699 2995 1792 3048 καὶ

222 3091 583 3161 προτιμότερα
611 3089 716 3141 τῶν
744 3087 1189 3157 σπουδαζομένων
1224 3086 1487 3157 ἐνέργεια.
1519 3086 1674 3138 Οῦτω
1700 3086 1792 3138 καὶ

1888 637 2107 706 quando
2138 636 2407 708 quiSpiam
2443 636 2510 691 ad
2546 652 2769 707 scopum
2801 636 3037 707 aliquem
3070 638 3376 708 aspiciens,
3405 648 3464 697 et

1889 733 2150 803 tanquam
2192 725 2325 779 utile
2358 725 2635 794 quidpiam
2671 742 2736 780 ex
2769 726 2836 781 iis
2869 743 2990 796 qua:
3023 738 3150 782 sunt
3182 731 3460 799 proposita

1887 818 2066 871 studio
2095 817 2396 871 vehementi
2430 832 2792 886 persequens,
2828 820 2939 887 agit
2970 819 3183 888 singula
3212 837 3228 886 ;
3262 821 3462 875 deinde

1885 924 2009 962 cum
2042 908 2246 977 aliquid
2281 908 2612 962 contrarium
2645 910 2920 972 evenerit,
2954 911 3111 964 labor
3139 911 3302 966 fuerit
3334 913 3462 967 irri~

1888 1010 2006 1055 tus:
2029 1007 2083 1053 ct
2101 1008 2229 1053 tunc
2252 999 2395 1069 quod
2422 1016 2483 1054 ex
2507 1015 2570 1054 eo
2587 1017 2783 1070 magno
2804 1003 2990 1057 labore
3014 1003 3148 1056 nihil
3176 1014 3319 1059 recte
3343 1019 3468 1060 suc-

1884 1091 2150 1153 cesserit,
2183 1090 2288 1145 hoc
2321 1092 2444 1146 vani
2482 1093 2647 1147 verbo
2682 1093 3041 1162 significatur.
3083 1093 3155 1149 De
3200 1095 3267 1150 iis
3314 1096 3463 1171 enim

1885 1196 2005 1249 qum
2037 1189 2164 1236 sunt
2192 1182 2462 1249 ejusmodi
2494 1184 2633 1239 solet
2666 1184 2775 1238 dici
2807 1204 2818 1238 :
2854 1182 2914 1240 in
2949 1202 3146 1240 vanum
3180 1187 3420 1242 laboravi
3444 1225 3461 1249 ,

1885 1272 1938 1325 in
1983 1286 2179 1325 vanum
2217 1274 2464 1343 speravi,
2522 1281 2577 1327 et
2628 1274 2682 1328 in
2741 1291 2939 1330 vanum
2994 1279 3195 1334 mullos
3248 1280 3462 1337 labores

1885 1363 2048 1418 subii.
2079 1365 2142 1417 Et
2172 1381 2240 1420 ne
2265 1366 2476 1436 singula
2501 1382 2911 1438 persequamur,
2941 1370 2996 1424 in
3024 1373 3224 1441 quibus
3251 1374 3464 1429 Vanita-

1885 1455 1956 1511 tis
1988 1472 2183 1511 nomen
2216 1461 2494 1528 proprium
2528 1461 2749 1524 dicitur,
2776 1468 2966 1532 paucis
2983 1465 3144 1534 hujus
3159 1469 3309 1521 vocis
3331 1482 3462 1522 sen-

1885 1559 2004 1599 sum
2035 1546 2583 1615 comprehendamus.
2613 1547 2834 1605 Vanitas
2857 1561 2941 1605 est
2962 1553 3044 1606 vel
3073 1554 3293 1608 verbum
3316 1554 3463 1624 quod

1885 1648 1991 1685 non
2024 1634 2168 1688 cadit
2194 1636 2297 1689 sub
2328 1639 2715 1707 cogitationem
2762 1647 2816 1693 ct
2868 1640 3322 1712 intelligentiam,
3378 1647 3464 1699 vel

1883 1739 1974 1779 res
2003 1725 2211 1779 inutilis
2233 1766 2247 1789 ,
2282 1728 2365 1781 vel
2413 1730 2701 1784 consilium
2732 1732 2876 1800 quod
2909 1748 3015 1788 non
3048 1744 3223 1804 potest
3252 1737 3465 1791 consis-

1886 1821 2001 1867 tere
2021 1856 2034 1879 ,
2072 1817 2156 1870 vel
2188 1817 2428 1871 studium
2460 1820 2603 1889 quod
2636 1835 2743 1874 non
2777 1823 3017 1890 pervenit
3048 1825 3115 1878 ad
3145 1823 3304 1879 tinem
3329 1866 3344 1888 ,
3377 1826 3465 1881 vel

1892 1911 1951 1956 ut
1978 1905 2031 1957 in
2064 1921 2278 1959 summa
2304 1908 2481 1961 dicam
2506 1948 2519 1971 ,
2550 1908 2604 1963 id
2633 1911 2777 1979 quod
2813 1912 2864 1965 in
2897 1914 3089 1983 quavis
3117 1931 3173 1969 re
3206 1917 3320 1970 utili
3352 1931 3462 1971 non

1894 2002 2076 2063 potest
2106 1998 2429 2053 consistere.
2478 2003 2652 2069 Atque
2688 2002 2733 2055 si
2765 2002 2877 2070 jam
2923 2005 3142 2073 quidem
3187 2007 3463 2062 intellexi-

1891 2100 2013 2139 mus
2043 2088 2292 2155 quisnam
2336 2089 2406 2145 sit
2454 2092 2580 2145 vani
2633 2107 2859 2160 sensus,
2914 2097 3331 2153 examinandum
3380 2110 3463 2155 est

1892 2176 2018 2244 quid
2056 2178 2160 2232 sibi
2193 2179 2325 2233 velit
2356 2182 2569 2237 vanitas
2604 2184 2926 2241 vanitatum.
2972 2186 3235 2254 Quisnam
3280 2199 3457 2246 autem

1891 2268 1960 2319 sit
2017 2269 2107 2336 qui
2157 2271 2421 2338 quaeritur
2466 2288 2700 2339 sensus,
2748 2275 2912 2330 fuerit
2953 2281 3111 2334 nobis
3148 2283 3365 2348 notius,
3413 2285 3459 2338 si

1894 2358 2191 2428 Scriptura:
2236 2364 2682 2421 consuetudinem
2733 2370 3108 2427 examinemus
3162 2374 3215 2427 in
3246 2375 3313 2431 iis
3340 2392 3464 2446 qua:

1893 2450 2269 2520 intelliguntur
2301 2469 2423 2510 esse
2456 2458 2679 2511 meliora
2714 2474 2778 2515 ac
2813 2464 3210 2529 prsestantiora.
3260 2465 3459 2521 Eorum

1890 2556 2012 2609 qua:
2062 2552 2190 2596 sunt
2227 2546 2538 2599 necessaria
2571 2556 2626 2602 et
2686 2549 2838 2603 utilia
2883 2553 3048 2615 actio,
3102 2569 3239 2625 opus
3281 2559 3463 2611 nomi-

1891 2639 2054 2684 natur
2107 2647 2137 2686 a
2196 2634 2512 2704 Scriptura;
2563 2639 2656 2693 sed
2701 2654 2889 2694 eorum
2945 2643 2998 2696 in
3046 2660 3166 2714 qua:
3221 2649 3459 2701 studium

1890 2724 2189 2791 confertur,
2221 2744 2561 2798 quaecunque
2594 2731 2893 2797 excellunt,
2942 2744 2995 2790 et
3044 2753 3165 2806 qua;
3212 2748 3462 2809 spectant

1891 2814 1959 2868 ad
1993 2817 2170 2886 ipsum
2206 2817 2297 2873 Dei
2330 2821 2536 2873 cultum
2558 2861 2573 2887 ,
2604 2822 2861 2877 dicuntur
2889 2840 3049 2894 opera
3093 2843 3317 2895 operum
3340 2872 3355 2895 ,
3386 2835 3461 2887 si-

1891 2915 1985 2961 cut
2014 2909 2254 2963 declarat
2285 2912 2567 2981 Scriptura
2592 2953 2607 2976 ,
2637 2915 2961 2973 ostendente
2981 2961 2995 2984 ,
3049 2929 3105 2974 ut
3159 2931 3290 2991 puto
3312 2966 3327 2990 ,
3359 2925 3462 2980 hac

1891 2998 2162 3063 dictione,
2197 3018 2291 3070 per
2318 3005 2605 3072 quamdam
2640 3008 2974 3078 analogiam,
3020 3026 3083 3066 ex
3125 3029 3289 3082 opere
3327 3031 3459 3087 ope-

1892 3105 2012 3143 rum
2035 3131 2050 3154 ,
2077 3093 2335 3160 quidnam
2370 3095 2441 3150 sit
2480 3100 2986 3163 praestantissimum
3020 3119 3083 3157 ex
3137 3104 3203 3159 iis
3246 3106 3297 3159 in
3342 3124 3463 3177 qua:

220 3187 363 3255 ἅγιόν
406 3205 457 3239 τι
491 3186 642 3256 παρᾶ
675 3188 742 3255 τῇ
777 3185 964 3257 Γραφῇ
1010 3183 1252 3250 λέγεται·
1293 3182 1386 3234 καὶ
1430 3180 1589 3233 πάλιν
1638 3180 1788 3247 ἆγιον

1895 3182 2134 3236 studium
2167 3186 2462 3241 confertur.
2510 3185 2644 3241 Nam
2693 3205 2856 3258 quam
2905 3192 3064 3247 habet
3097 3196 3358 3251 rationem
3394 3202 3462 3254 ad

220 3265 398 3345 ἀέξων,
428 3278 505 3341 ὡς
550 3279 648 3345 τσῳ
695 3277 771 3344 τῷ
802 3276 985 3346 μέτρῳ
1036 3274 1129 3327 τοῦ
1152 3286 1204 3322 τε
1231 3272 1290 3336 ἐξ
1332 3272 1485 3340 ἁγίου
1533 3273 1593 3324 τὸ
1637 3274 1787 3338 ἅγιον

221 3371 493 3441 ὑπερέχων
541 3370 598 3420 ὲν
646 3368 918 3437 ἁγιότητι·
974 3365 1069 3419 καὶ
1118 3363 1303 3416 τούτου
1347 3364 1528 3419 πάλιν.
1574 3364 1634 3415 το
1680 3363 1787 3415 τῶν

220 3452 380 3530 ἁγίων
420 3463 599 3531 ἅγιον,
642 3460 703 3513 τὸ
748 3459 868 3513 καθ’
916 3455 1203 3527 ὑπέρθεσιν
1253 3456 1311 3508 ὲν
1358 3454 1612 3525 ἁγιασμῷ
1657 3455 1790 3508 θεω-

222 3555 309 3624 ρού
319 3572 496 3623 μενον.

1894 3275 2063 3328 otium
2090 3276 2142 3330 in
2168 3292 2362 3344 genere
2385 3279 2434 3335 id
2460 3280 2601 3347 quod
2628 3282 2681 3334 in
2704 3296 2866 3351 opera
2891 3286 3167 3341 confertur
3187 3290 3422 3345 studium
3444 3324 3462 3354 ί

1896 3367 2139 3420 eamdem
2170 3368 2333 3422 habet
2356 3372 2625 3426 rationem
2659 3373 2722 3426 ad
2751 3374 2855 3427 alia
2886 3391 3047 3445 opera
3079 3395 3198 3447 quae
3229 3381 3280 3434 in
3311 3384 3464 3438 allis-

1897 3458 2053 3511 simis
2082 3470 2130 3512 et
2178 3462 2645 3529 prmstantissiiuis
2678 3479 2900 3528 eorum,
2949 3468 3002 3522 in
3052 3486 3173 3539 qua:
3219 3477 3459 3530 studium

1897 3546 2196 3609 confertur.
2230 3552 2451 3619 ponitur
2478 3554 2738 3621 operatio.
2779 3554 2855 3609 Ita
2886 3558 3049 3612 etiam
3086 3571 3334 3619 sanctum
3362 3568 3462 3621 ali-

221 3648 343 3714 quid
390 3648 595 3701 dicitur
639 3646 691 3700 in
742 3646 1025 3712 Scriptura
1052 3680 1069 3710 ,
1109 3651 1163 3697 et
1204 3656 1397 3696 rursus
1441 3649 1691 3696 sanctum
1750 3650 2100 3705 sanctorum,
2150 3643 2286 3696 adeo
2337 3653 2394 3699 ut
2430 3647 2544 3715 pari
2579 3662 2832 3702 mensura
2864 3658 2917 3704 et
2960 3660 3208 3706 sanctum
3240 3667 3462 3728 superet

223 3741 498 3808 profanum
543 3743 597 3795 in
627 3743 936 3804 sanctitate,
994 3747 1047 3794 et
1078 3739 1184 3794 hoc
1245 3753 1438 3792 rursus
1465 3744 1712 3819 sanctum
1744 3744 2057 3791 sanctorum
2081 3777 2095 3802 ,
2127 3739 2270 3808 quod
2303 3755 2512 3795 summe
2543 3748 2597 3796 et
2640 3757 2737 3811 per
2765 3746 3238 3814 cxsuperationem
3272 3752 3459 3806 consi-

220 3833 436 3888 deratur
463 3834 519 3887 in
553 3815 1006 3888 sanctificatiohe.

289 3925 463 3996 Ὅπερ
496 3919 591 3979 οῦν
635 3925 725 3977 ἐπὶ
756 3925 850 3977 τοῦ
884 3927 1191 3997 κρείττονος
1223 3925 1576 3995 ἐδιδάχθημεν
1607 3926 1783 3993 λόγου,

220 4015 312 4083 τῆς
342 4017 622 4087 γραφικῆς
660 4016 946 4085 συνηθείας
976 4016 1054 4087 τῷ
1084 4014 1308 4087 τοιούτῳ
1352 4017 1480 4067 εῖδει
1523 4016 1621 4086 τὴν
1667 4018 1787 4070 ἐπί-

220 4122 368 4159 τασιν
387 4106 482 4159 τοῦ
515 4107 878 4177 ὑποκειμένου
908 4109 1176 4178 νοήματος
1212 4109 1599 4180 σημαινούσης,
1634 4109 1791 4161 τοῦτο

221 4197 311 4250 καὶ
335 4199 428 4251 ἐπὶ
458 4200 558 4269 τῆς
587 4199 694 4252 τῶν
720 4201 1094 4269 ματαιοτὴτων
1129 4202 1486 4270 ματαιότητος
1523 4200 1787 4263 νοοῦντες,

221 4286 274 4339 οὐ
312 4290 717 4359 σφαλησόμεθα.
748 4291 909 4359 Λέγει
941 4291 1047 4362 γὰρ
1074 4292 1171 4362 οὐχ
1202 4291 1386 4355 ἁπλῶς
1414 4286 1553 4345 εἶναι
1590 4294 1793 4362 μάταια

224 4380 278 4430 ὲν
314 4384 422 4443 τοῖς
460 4377 581 4433 οὖσι
622 4382 942 4452 φαινόμενα,
974 4383 1107 4436 ἀλλὰ
1140 4384 1281 4438 κατὰ
1327 4383 1617 4455 ὑπέρθεσίν
1671 4400 1793 4438 τινα

221 4470 314 4541 τῆς
351 4472 492 4526 κατὰ
542 4474 604 4525 τὸ
654 4474 883 4541 μάταιον
922 4475 1197 4545 σημασίας
1232 4470 1370 4529 εἶναι
1403 4475 1659 4529 τοιαῦταο
1713 4475 1789 4539 ὠς

222 4559 379 4624 εἴτις
416 4562 566 4629 λέγοι
600 4563 693 4616 τοῦ
726 4564 920 4634 νεκροῦ
955 4552 1294 4637 νεκρότερον.
1330 4567 1424 4619 καὶ
1461 4564 1553 4619 τοῦ
1586 4565 1790 4636 ἀψύχου

1964 3924 2116 3990 Quod
2146 3940 2274 3993 ergo
2308 3925 2598 3981 didicimus
2632 3928 2684 3981 in
2720 3943 2778 3980 re
2832 3929 3053 3985 meliore
3093 3946 3156 3985 ac
3196 3943 3459 4003 prze'sta‘n-

1891 4016 2037 4079 tiori,
2072 4015 2367 4085 Scriptura:
2408 4019 2802 4073 consuetudine
2841 4022 3183 4090 significante
3235 4025 3337 4081 hac
3377 4012 3461 4081 ra-

1892 4109 2039 4162 tione
2080 4108 2436 4163 inteutionem
2487 4110 2561 4173 rei
2611 4125 2731 4179 qu:e
2775 4110 3133 4181 intelligitur:
3169 4115 3270 4180 hoc
3294 4118 3457 4172 etiam

1892 4197 1946 4250 in
1973 4200 2273 4250 vanitatum
2308 4199 2545 4253 vanitate
2574 4199 2958 4269 intelligentes,
2990 4204 3209 4260 minime
3242 4207 3461 4262 aberra-

1895 4285 2091 4340 bimus.
2130 4286 2261 4339 Dicit
2310 4287 2454 4341 enim
2493 4301 2601 4341 non
2646 4289 2896 4344 absolute
2924 4306 3047 4346 esse
3075 4308 3212 4348 vana
3247 4312 3368 4366 quas
3401 4299 3457 4352 in

1892 4377 2058 4431 rebus
2104 4385 2407 4446 apparent,
2452 4379 2545 4432 sed
2598 4395 2660 4432 ea
2694 4394 2817 4435 esse
2864 4380 3134 4449 ejusmodi
3178 4384 3231 4439 in
3278 4387 3461 4456 aliqua

1892 4471 2310 4540 exsuperatione
2354 4472 2479 4524 vani
2533 4472 2992 4541 signiﬁcationis:
3048 4476 3271 4544 perinde
3315 4493 3379 4531 ac
3413 4479 3461 4533 si

1893 4560 2016 4630 quis
2044 4561 2186 4613 dicat
2219 4568 2434 4614 mortuo
2462 4562 2634 4631 magis
2663 4570 2960 4627 mortuum,
2996 4572 3049 4617 et
3079 4566 3322 4621 inanimo
3348 4583 3466 4622 ma-

222 4646 580 4723 ἀψυχὸτερον·
631 4654 724 4706 καί
772 4669 854 4707 τοι
890 4657 921 4726 ἡ
964 4657 1287 4729 συγκριτικὴ
1333 4659 1578 4720 ἐπίτασις
1608 4657 1788 4729 χώραν

1894 4649 1976 4718 gis
2044 4648 2385 4703 inanimum:
2430 4650 2643 4704 etiamsi
2689 4654 3059 4721 comparativa
3109 4654 3337 4711 intentio
3386 4659 3463 4712 lo-

227 4743 313 4795 ἐπὶ
341 4746 446 4797 τῶν
475 4744 732 4798 τοιούτων
761 4746 862 4799 οὑκ
891 4746 1021 4815 ἔχει,
1055 4749 1169 4801 ἀλλ’
1199 4749 1348 4818 ὅμως
1377 4749 1592 4817 λέγεται
1620 4749 1793 4821 τούτῳ

225 4832 298 4902 τῷ
322 4836 549 4905 ῥήματι·
580 4835 718 4905 πρὸς
750 4836 848 4905 τὴν
876 4838 974 4906 τῆς
1010 4839 1313 4909 ὑπερϐολῆς
1336 4840 1434 4893 τοῦ
1466 4840 1795 4911 δηλουμένου

228 4927 538 4994 σαφήνειαν.
559 4927 763 4999 Ὥσπερ
782 4925 873 4982 οῦν
892 4932 1005 4982 ἐστι
1023 4931 1089 4984 τὰ
1112 4930 1248 5000 ἔργα
1275 4931 1381 4984 τῶν
1405 4932 1601 5002 ἔργων,
1617 4933 1793 4986 καὶτὰ

227 5017 353 5082 ἅγια
380 5019 490 5072 τῶν
519 5020 690 5088 ἁγίων
722 5022 1007 5092 νοούμενα,
1035 5017 1109 5077 ὦν
1146 5025 1178 5093 ἡ
1210 5022 1538 5093 ὑπερθετικὴ
1574 5025 1709 5095 πρὸς
1734 5025 1794 5078 τὸ

226 5112 463 5175 κρεῖττον
494 5109 718 5175 ἔνδειξις
745 5113 1106 5183 ἑρμηνεύεται
1132 5131 1145 5145 ·
1172 5113 1315 5166 οὓτω
1352 5114 1443 5167 καὶ
1472 5116 1503 5183 ἡ
1540 5114 1647 5166 τῶν
1690 5132 1793 5184 μα-

226 5201 519 5269 ταιοτήτων
548 5203 863 5272 ματαιότης,
900 5205 953 5256 τὸ
970 5202 1332 5275 ἀνυπέρθετον
1356 5205 1594 5258 δείκνυσι
1620 5209 1717 5276 τῆς
1736 5208 1794 5259 ὲν

228 5288 300 5356 τῷ
322 5295 537 5363 ματαίῳ
562 5295 882 5367 ὑπερϐολῆς.
916 5298 1023 5350 Καὶ
1050 5298 1237 5368 μηδεὶς
1265 5298 1527 5351 ὑπολάϐοι
1556 5316 1797 5368 κατηγο-

230 5382 344 5450 ρίαν
366 5381 621 5462 εἷναιβῆς
640 5388 869 5451 κτίσεως
885 5389 950 5440 τὰ
969 5389 1236 5460 λεγόμενα
1254 5407 1268 5420 ·
1290 5392 1383 5444 καὶ
1399 5390 1508 5460 γὰρ
1523 5390 1587 5443 ἂν
1605 5392 1684 5454 είς
1703 5391 1793 5443 τὸν

230 5476 562 5544 πεποιηκότα
606 5478 784 5532 πάντα
818 5479 1082 5533 διαϐαίνοι
1122 5481 1182 5534 τὸ
1208 5480 1479 5551 ἔγκλημα,
1512 5482 1561 5533 εί
1588 5480 1794 5535 τούτων

229 5564 355 5630 ἡμῖν
385 5566 714 5640 δημιουργὸς
737 5572 1055 5644 ἀναφανείη,
1103 5575 1131 5625 ὀ
1161 5573 1570 5641 συστησάμενος
1604 5572 1662 5638 ἐξ
1690 5574 1791 5626 οὑκ

232 5652 389 5711 ὅντων
417 5660 486 5712 τὰ
531 5660 725 5725 πάντα,
757 5664 913 5733 εἰπερ
950 5665 1308 5733 ματαιότητος
1358 5664 1439 5731 εἴη
1476 5663 1544 5716 τὰ
1592 5664 1788 5719 πάντα.

245 5740 373 5795 Ἀλλ’
403 5747 589 5819 ἐπειδὴ
627 5751 791 5821 διπλῆ
814 5751 910 5821 μέν
936 5756 1081 5805 ἐστιν
1115 5754 1147 5822 ἡ
1177 5752 1269 5805 τοῦ
1304 5751 1588 5824 ἀνθρώπου
1624 5769 1790 5808 κατα-

237 5836 413 5905 σκευὴ,
443 5837 619 5907 ψυχῆς
651 5841 858 5909 σώματι
895 5842 1300 5911 συνδραμούσης
1321 5859 1332 5871 '
1381 5845 1701 5915 μεμέριπται
1736 5845 1789 5896 δὲ

1894 4755 2019 4794 cum
2067 4755 2172 4793 non
2206 4740 2368 4794 habet
2400 4740 2453 4794 in
2496 4740 2564 4795 iis
2598 4757 2718 4809 qua:
2770 4752 2899 4797 sunt
2943 4744 3249 4813 ejusmodi;
3291 4754 3345 4801 et
3383 4756 3469 4804 lac

1894 4848 2015 4887 men
2050 4834 2153 4886 hoc
2177 4834 2341 4888 verbo
2362 4834 2563 4888 dicitur
2585 4834 2649 4889 ad
2679 4834 3060 4890 declarandam
3089 4843 3466 4909 exsuperatio-

1895 4941 2019 4979 nem
2064 4926 2186 4995 ejus
2217 4926 2362 4995 quod
2399 4926 2762 4997 significatur.
2794 4927 3081 4993 Quomodo
3111 4947 3242 5001 ergo
3273 4931 3469 4987 intelli-

1891 5019 2072 5087 gimus
2108 5012 2270 5088 Opera
2305 5035 2556 5088 operum,
2607 5027 2662 5074 et
2712 5030 2903 5075 saneta
2946 5019 3283 5087 sanctorum,
3328 5040 3466 5093 quo-

1895 5127 2014 5165 rum
2049 5113 2353 5181 explicatur
2381 5114 2728 5178 exsuperatio
2751 5113 2802 5165 in
2833 5127 2898 5168 eo
2930 5114 3073 5183 quod
3104 5122 3188 5168 est
3232 5115 3462 5170 melius:

1898 5212 1967 5255 ita
1999 5201 2164 5256 etiam
2195 5202 2410 5257 vanitas
2436 5204 2737 5258 vanitatum
2764 5205 3002 5258 ostendit
3048 5204 3464 5272 insuperabilem

1899 5296 1954 5349 in
1989 5294 2233 5348 vanitate
2263 5296 2765 5364 exsuperationem.
2792 5295 2978 5364 Neque
3012 5310 3140 5349 vero
3189 5296 3469 5351 existimet

1896 5389 2168 5460 quispiam
2211 5404 2273 5443 ea
2325 5405 2446 5458 qua!
2494 5390 2785 5453 dicuntur,
2826 5397 3090 5444 creatura:
3142 5403 3264 5443 esse
3303 5404 3468 5442 accuo

1898 5482 2185 5533 sationem.
2231 5479 2440 5535 Revera
2478 5480 2627 5534 enim
2660 5481 2713 5533 in
2746 5494 2870 5532 eum
2899 5478 2994 5547 qui
3032 5478 3235 5532 creavit
3262 5480 3467 5542 omnia,

1895 5572 2153 5627 transiret
2176 5572 2511 5635 criminatio,
2543 5572 2588 5624 si
2621 5584 2808 5625 eorum
2846 5569 3001 5623 nobis
3032 5569 3317 5624 exsisteret
3347 5571 3468 5640 Opl—

1895 5661 2004 5720 fex,
2042 5662 2133 5730 qui
2166 5677 2230 5714 ex
2276 5661 2346 5716 iis
2383 5675 2505 5729 quae
2536 5674 2644 5713 non
2687 5666 2845 5715 erant
2886 5659 3134 5714 condidit
3178 5660 3383 5720 omnia,
3421 5659 3471 5714 si

1896 5754 2113 5822 quidem
2159 5760 2342 5805 essent
2378 5751 2560 5805 omnia
2590 5751 2863 5805 vanitatis.
2914 5751 3019 5805 Sed
3068 5752 3325 5820 quoniam
3368 5751 3468 5806 du-

1899 5848 2016 5916 pli-1
2053 5854 2136 5897 est
2182 5845 2421 5898 hominis
2461 5844 2821 5909 constructio,
2864 5860 2987 5897 cum
3024 5846 3202 5897 anima
3236 5854 3469 5898 concur-
