3844 6394
413 428 523 483 623

1618 424 1672 477 S.
1708 418 2038 477 GllEGURll
2078 419 2370 481 iVYSSENl

3565 426 3682 485 6'24

417 560 502 604 rat
540 561 662 601 cum
697 560 943 615 corpore,
988 542 1374 599 convenienter
1413 547 1593 596 autem
1644 542 1861 610 utrique
1886 553 1975 631 co-

2087 540 2437 613 καταλλήλως
2480 545 2724 617 ἑκατέρῳ
2758 545 2868 601 τῶν
2898 548 2956 600 ἐν
2984 547 3118 618 ἡμῖν
3148 545 3540 617 θεωρουμένων
3573 544 3678 600 καὶ

418 656 536 694 rum
580 653 701 707 quae
740 637 792 691 in
833 636 993 692 nobis
1037 636 1478 700 considerantur,
1513 633 1862 703 dispertitum
1903 638 1986 685 est

420 733 538 786 vitae
566 744 776 799 genus:
820 728 924 782 alia
949 728 1093 784 enim
1124 736 1207 783 est
1247 727 1462 792 animae,
1495 725 1600 779 alia
1652 726 1758 779 vita
1793 738 1988 793 corpo-

412 825 491 877 ris
519 840 530 875 :
563 835 687 875 nam
721 820 833 875 haec
865 820 1085 890 quidem
1109 828 1194 875 est
1222 818 1489 883 mortalis,
1527 824 1582 871 et
1610 818 1663 870 in
1703 830 1821 871 eam
1843 814 2007 869 cadit-

415 916 668 971 interitus
704 933 717 969 :
758 914 847 967 illa
889 921 1069 970 autem
1110 910 1432 981 impatihilis
1476 917 1531 963 et
1568 908 1744 962 aliena
1785 907 1854 961 ab
1915 905 1990 958 in-

414 1009 615 1066 teritu.
651 1013 706 1062 et
747 1005 859 1060 haec
891 1004 1109 1074 quidem
1144 1003 1341 1072 aspicit
1376 1008 1588 1055 tantum
1630 997 1775 1069 quod
1811 998 1985 1060 adest,

414 1111 467 1157 et
493 1097 640 1170 quod
672 1112 914 1169 praesens
953 1103 1037 1151 est
1062 1113 1076 1161 ;
1113 1095 1259 1149 illius
1283 1102 1465 1148 autem
1491 1106 1692 1160 scopus
1719 1089 1891 1145 tendit
1919 1089 1986 1143 ad

413 1190 793 1245 mter-nitatem.
830 1186 1100 1253 Quoniam
1130 1200 1260 1255 ergo
1294 1184 1522 1238 multum
1556 1181 1735 1237 diﬂ'ert
1764 1182 1989 1236 immor-

410 1266 581 1337 tale'a
620 1279 860 1342 mortali,
902 1286 957 1333 et
995 1284 1256 1332 aeternum
1288 1292 1317 1329 a
1348 1275 1649 1346 temporali,
1675 1273 1783 1328 huc
1816 1271 1990 1327 tendit

414 1388 514 1427 vox
558 1371 924 1434 Ecclesiastes,
977 1383 1085 1422 non
1135 1373 1389 1437 Oportere
1437 1367 1503 1421 ad
1551 1366 1693 1420 hanc
1732 1363 1988 1421 sensilem

415 1463 620 1520 intueri
650 1464 818 1517 vitam
845 1480 857 1515 :
886 1476 1005 1531 quae
1034 1459 1079 1515 si
1120 1458 1437 1513 conferatur
1459 1471 1585 1511 cum
1620 1469 1835 1525 eaquae
1864 1468 1989 1510 vere

410 1566 499 1613 est
530 1556 666 1620 vita,
696 1569 805 1607 non
837 1560 941 1620 est,
982 1566 1083 1607 nec
1116 1558 1293 1621 potest
1320 1548 1643 1604 consistere.
1676 1546 1783 1602 Sed
1816 1546 1990 1601 nihilo

412 1649 597 1705 secius
641 1645 843 1701 dixerit
889 1644 1164 1716 quispiam
1212 1645 1315 1696 hoc
1346 1656 1568 1712 quoque
1618 1639 1825 1694 dictum
1869 1652 1989 1694 esse

416 1755 526 1795 non
560 1738 697 1793 citra
722 1736 988 1793 creatoris
1026 1733 1490 1797 criminationem,
1525 1732 1745 1803 quando
1769 1730 1986 1799 quidem

416 1833 485 1887 ab
510 1848 576 1887 eo
604 1839 687 1887 est
716 1831 901 1885 anima
934 1835 987 1883 et
1016 1842 1241 1897 corpus.
1265 1824 1400 1879 Nam
1424 1826 1471 1881 si
1497 1839 1620 1894 qua:
1649 1836 1744 1893 per
1767 1838 1985 1877 carnem

414 1925 592 1994 agitur
625 1922 756 1988 vita,
812 1926 1125 1985 accusatur,
1169 1916 1357 1972 carnis
1402 1924 1585 1970 autem
1635 1921 1854 1968 creator
1903 1921 1986 1967 est

416 2019 577 2076 Deus.
629 2016 684 2069 in
735 2013 889 2068 illum
935 2008 1251 2066 necessario
1298 2006 1578 2062 confertur
1636 2006 1752 2060 hanc
1802 2020 1985 2075 repre-

413 2107 624 2163 hensio.

482 2200 589 2254 Sed
632 2198 745 2251 luec
796 2195 1014 2265 quidem
1073 2193 1218 2247 dicet
1265 2192 1489 2245 omnino
1537 2190 1833 2260 quispiam,
1891 2189 1984 2259 qui

412 2290 651 2345 nondum
695 2294 778 2342 est
809 2295 962 2340 extra
999 2297 1240 2343 carnem,
1280 2296 1454 2352 neque
1499 2281 1567 2335 ad
1610 2280 1984 2336 sublimiorem

413 2379 911 2447 vitam-diligenter
960 2385 1014 2430 et
1056 2380 1315 2428 accurate
1352 2372 1586 2443 aspexit.
1621 2373 1753 2426 Nam
1796 2371 1888 2442 qui
1930 2371 1984 2427 in

414 2473 618 2529 divinis
641 2479 725 2527 est
749 2469 999 2525 eruditus
1026 2466 1327 2537 mysteriis,
1357 2480 1467 2520 non
1490 2467 1703 2536 ignorat
1734 2465 1981 2530 omnino,

408 2564 555 2636 quod
586 2561 899 2630 hominibus
942 2558 1165 2630 quidem
1205 2557 1539 2612 conveniens
1579 2563 1635 2611 et
1681 2554 1982 2612 secundum

406 2665 662 2711 naturam
709 2659 795 2710 est
823 2653 954 2713 vita,
990 2664 1113 2720 quae
1140 2648 1342 2704 divinae
1372 2654 1455 2703 est
1483 2654 1695 2703 natura
1736 2646 1935 2702 similis
1966 2662 1981 2699 :

406 2748 515 2802 vita
568 2753 750 2800 autem
792 2742 1034 2809 sensilia,
1089 2756 1212 2810 quae
1248 2755 1346 2811 per
1374 2753 1636 2796 sensuum
1664 2738 1982 2793 traducitur

402 2838 802 2908 operationem,
834 2834 899 2889 ad
927 2835 1031 2889 hoc
1058 2832 1185 2888 data
1208 2841 1293 2888 est
1312 2839 1544 2895 naturae,
1567 2837 1626 2884 ut
1650 2845 1838 2886 eorum
1861 2845 1983 2900 qua:

326 2944 333 2955 ν
406 2928 511 2984 sub
538 2935 815 2997 aspectum
860 2925 1066 2980 cadunt
1112 2923 1376 2994 cognitio,
1432 2923 1543 2977 dux
1575 2923 1647 2978 sit
1687 2922 1884 2977 animae
1914 2922 1981 2975 ad

404 3018 656 3074 notitiam
690 3030 883 3070 eorum
933 3029 1055 3084 quas
1097 3029 1207 3069 non
1256 3020 1388 3069 sunt
1427 3012 1804 3083 aspectabilia,
1839 3016 1980 3081 qu‘o-

406 3112 582 3167 modo
607 3109 741 3164 dicit
777 3106 1058 3176 Sapientia
1077 3105 1149 3156 '3:
1170 3123 1188 3157 ι
1215 3104 1292 3158 Ex
1333 3104 1708 3175 magnitudine
1737 3104 1978 3175 pulchri—

2087 633 2185 702 τῆς
2213 632 2358 704 ζωῆς
2391 632 2548 701 εἶδος.
2583 639 2750 710 Ἀλλη
2781 639 2892 711 γὰρ
2919 639 3116 710 ψυχῆς,
3146 640 3242 693 καὶ
3279 638 3443 709 ἑτέρα
3477 636 3678 707 σώμα-

2086 724 2177 789 τός
2211 728 2326 780 ἐστι
2360 728 2471 799 ζωή
2497 746 2513 759 ·
2550 732 2582 801 η
2636 732 2733 802 μὲν
2768 731 2897 803 γὰρ.
2930 731 3096 803 θνητὴ
3147 733 3239 786 καὶ
3283 731 3585 803 ιπίκηρος·
3640 731 3677 799 ἡ

2085 819 2161 879 δὲ,
2193 820 2412 893 ἀπαθὴς
2439 824 2533 875 καὶ
2560 824 2855 896 ἀκήρατος·
2885 825 2981 880 καὶ¹
3008 822 3149 893 αὕτη
3182 825 3279 895 μὲν
3307 826 3389 887 είς
3410 825 3473 878 τὸ
3492 822 3678 894 παρὸν

2089 909 2275 979 βλέπει
2306 912 2486 982 μόνον,
2518 916 2617 983 τῆς
2636 916 2693 968 δὲ
2722 918 2752 969 ό
2781 918 2981 982 σκοπὸς
3010 920 3089 982 εἰς
3121 917 3182 970 τὸ
3204 917 3448 988 διηνεκὲς
3484 929 3676 989 παρα·-

2086 1004 2339 1057 τείνεται.
2390 1004 2539 1059 Ἐπεὶ
2571 1004 2665 1059 οὖν
2689 1008 2854 1080 πολλὴ
2894 1009 3127 1081 διαφορά
3158 1008 3255 1061 τοῦ
3289 1007 3482 1080 θνητοῦ
3526 1006 3680 1082 πρὸς

2086 1092 2146 1146 τὸ
2197 1094 2482 1157 ἀθάνατον,
2522 1098 2615 1150 καὶ
2653 1098 2749 1151 τοῦ
2799 1100 3135 1172 προσκαίρου
3181 1100 3320 1170 πρὸς
3362 1098 3424 1152 τὺ
3468 1099 3675 1164 ἀΐδιον,

2089 1184 2225 1258 πρὸς
2250 1188 2409 1241 τοῦτο
2440 1190 2593 1261 φέρει
2622 1191 2717 1245 τοῦ
2759 1193 3179 1264 Ἐκκλησιαστοῦ
3212 1196 3245 1263 ἡ
3289 1192 3459 1264 φωνὴ,
3483 1192 3543 1246 τὺ
3589 1193 3677 1264 μὴ

2087 1277 2197 1331 δεῖν
2229 1278 2365 1350 πρὸς
2392 1279 2492 1350 τὴν
2525 1282 2788 1355 αἰσθητὴν
2832 1284 3034 1356 ταύτην
3077 1284 3294 1355 βλέπειν
3322 1286 3497 1356 ζωήν
3536 1287 3679 1356 ητις

2090 1374 2490 1441 συγκρινομένη
2526 1374 2661 1444 πρὸς
2684 1375 2784 1446 τὴν
2816 1377 2984 1439 ὅντως
3018 1375 3182 1446 ζωὴν,
3214 1376 3552 1448 ἀνύπαρκτός
3580 1394 3681 1441 τις

2089 1461 2183 1515 καὶ
2211 1464 2580 1529 ἀνυπόστατός
2614 1467 2783 1524 ἐστιν.
2833 1466 2971 1519 Ἀλλ’
3014 1467 3167 1522 οὐδὲν
3209 1464 3372 1541 ἦττον
3404 1469 3544 1522 εἴποι
3578 1486 3679 1533 τις

2088 1551 2154 1606 ἂν
2185 1553 2258 1625 μὴ
2289 1554 2392 1621 ἔξω
2421 1554 2519 1627 τῆς
2545 1556 2641 1609 τοῦ
2669 1558 3000 1629 δημιουργοῦ
3040 1562 3371 1635 κατηγορίας
3407 1563 3500 1617 καὶ
3529 1562 3679 1616 τοῦ-

2087 1661 2179 1697 τον
2222 1642 2361 1699 εἶναι
2394 1647 2486 1700 τὸν
2523 1648 2700 1715 λόγον,
2775 1654 2908 1711 διότι
2956 1651 3087 1725 παρ’
3112 1654 3287 1727 αὐτοῦ¹
3314 1655 3404 1709 καὶ
3435 1656 3467 1727 ἡ
3510 1656 3675 1728 ψυχὴ

2090 1738 2184 1791 καὶ
2208 1738 2267 1791 τὸ
2298 1738 2475 1809 σῶμα.
2528 1740 2614 1804 Ὠς
2638 1743 2685 1794 εί
2710 1744 2740 1812 ἡ
2772 1741 2857 1794 διὰ
2878 1744 3088 1816 ,σαρκὸς
3117 1749 3497 1818 κατηγορεῖται
3521 1749 3672 1816 ζωὴ,

2091 1829 2292 1901 σαρκὸς
2328 1830 2383 1883 δὲ
2419 1832 2646 1903 ποιητὴς
2671 1836 2698 1886 ό
2729 1833 2880 1901 Θεὸς,
2927 1838 3007 1900 είς
3037 1838 3245 1891 ἐκεῖνον
3268 1838 3578 1906 ἀναγκαίως
3633 1842 3674 1911 ἡ

2088 1922 2309 1993 τοιαύτη
2343 1924 2549 1994 μέμψις
2575 1924 2674 1997 τὴν
2703 1926 2980 1997 ἀναφορὰν
3016 1928 3148 1998 ἔχοι.

2171 2197 2327 2252 Ἀλλά
2355 2198 2522 2252 ταῦτα
2554 2199 2652 2270 μὲν
2678 2203 2791 2271 ἐρεῖ
2819 2202 3033 2266 πάντως
3077 2201 3105 2256 ὀ
3133 2205 3205 2274 μή
3235 2222 3318 2259 πω
3336 2203 3433 2277 τῆς
3454 2211 3669 2279 σαρκές

2086 2289 2190 2356 ἔξω
2223 2291 2529 2361 γενόμενος,
2562 2291 2696 2362 μηδὲ
2745 2294 2987 2362 ἀκριΰῶς
3023 2296 3157 2367 πρὸς
3193 2299 3290 2369 τὴν
3322 2298 3669 2370 ὑψηλοτέραν

2083 2380 2353 2449 διακύψας
2397 2380 2561 2452 ζωήν.
2615 2383 2766 2437 Ἐπεὶ
2803 2380 2831 2437 ὅ
2867 2403 2928 2453 γε
2975 2388 3399 2460 πεπαιδευμένος
3434 2391 3503 2445 τά
3536 2392 3665 2447 θεῖα

2088 2475 2381 2545 μυστήρια,
2433 2475 2533 2528 οὐκ
2581 2476 2766 2543 ἀγνοεῖ
2813 2478 3048 2543 πάντως,
3079 2480 3159 2533 ὅτι
3191 2480 3364 2536 οίκεία
3407 2482 3505 2554 μὲν
3560 2488 3663 2540 καὶ

2083 2566 2223 2619 κατὰ
2268 2565 2430 2634 φύσιν
2456 2569 2569 2631 τοῖς
2600 2567 2905 2639 ἀνθρώποις
2937 2569 3141 2642 ἐστὶνὴ
3179 2570 3290 2644 ζωὴ
3318 2576 3351 2644 ἡ
3392 2574 3528 2646 πρὸς
3552 2578 3662 2647 τὴν

2083 2653 2235 2708 θείαν
2275 2655 2434 2724 φύσιν
2474 2656 2800 2728 ὡμοιωμένη
2826 2676 2838 2689 ’
2891 2660 2922 2729 ἡ
2968 2660 3023 2713 δὲ
3067 2658 3355 2735 αἰσθητικὴ
3400 2665 3531 2737 ζωὴ,
3566 2668 3662 2723 διὰ

2082 2745 2180 2815 τῆς
2230 2745 2338 2800 τῶν
2389 2747 2757 2819 αἰσθητηρίων
2809 2752 3085 2823 ἐνεργείας
3134 2754 3522 2829 διεξαγομένη,
3562 2761 3661 2813 ἐπὶ

2083 2837 2255 2909 τούτῳ
2305 2838 2464 2907 φύσει
2516 2840 2743 2903 δέδοται,
2800 2844 2884 2911 ἐφ’
2930 2837 2975 2911 ᾧ
3016 2845 3114 2915 τὴν
3159 2847 3268 2900 τῶν
3316 2850 3661 2920 φαινομένων

2082 2931 2281 2999 γνῶσιν
2318 2930 2510 3001 ὁδηγὸν
2559 2932 2812 3000 γενέσθαι
2856 2935 2955 3005 τῆς
3002 2936 3182 3006 ψυχῆς
3233 2938 3367 3010 πρὸς
3413 2941 3511 3012 τὴν
3543 2943 3659 2995 τῶν

2080 3023 2323 3090 ἀοράτων
2351 3023 2642 3090 ἐπίγνωσιν
2663 3039 2675 3052 ⁸
2704 3022 2885 3090 καθώς
2916 3043 3079 3095 φησιν
3104 3030 3137 3099 ή
3164 3026 3350 3096 Σοφία.
3376 3051 3396 3083 ι
3439 3032 3534 3087 Ἐκ
3559 3052 3659 3104 με-

2079 3113 2272 3180 γέθους
2317 3113 2577 3181 καλλονῆς
2611 3116 2943 3186 κτισμάτων,
2987 3119 3265 3187 ἀναλόγως
3304 3122 3395 3175 τὸν
3438 3125 3657 3179 πάντων

404 3199 613 3256 tudinis
670 3206 1051 3252 creaturarum
1112 3209 1209 3264 per
1256 3193 1674 3264 proportionem
1728 3194 1975 3264 conspici

2080 3204 2455 3274 γενεσιουργὸν
2486 3205 2876 3277 καθορᾶσθαι.»
2897 3206 2960 3260 Ἥ
2986 3206 3042 3258 δὲ
3065 3210 3377 3283 ἀνθρωπίνη
3406 3214 3654 3281 ἀϐουλία,

396 3290 648 3354 omnium
676 3287 1003 3358 genitorem,
1027 3293 1082 3341 et
1110 3292 1437 3341 creatorem.
1468 3303 1487 3336 ι
1519 3283 1768 3339 llumana
1797 3294 1978 3340 autem
2018 3350 2021 3355 ι

404 3379 625 3437 consilii
650 3387 891 3448 egestas,
923 3393 1030 3432 non
1057 3393 1151 3447 per
1179 3391 1264 3441 ea,
1292 3391 1414 3446 quae
1443 3376 1805 3446 aspiciuntur,
1834 3377 1983 3431 videt

403 3486 530 3526 eum
568 3470 662 3539 qui
704 3470 935 3524 habetur
978 3469 1033 3523 in
1054 3469 1454 3530 admiratione,
1495 3469 1591 3522 sed
1627 3468 1773 3539 quod
1806 3468 1985 3547 videt,

404 3561 729 3616 admiratur.
770 3559 1038 3626 Quoniam
1080 3574 1209 3630 ergo
1242 3566 1327 3613 est
1372 3561 1726 3628 temporaria,
1760 3567 1814 3614 et
1854 3575 1977 3628 quae

403 3668 528 3707 mox
557 3652 765 3716 interit,
791 3666 1047 3708 sensuum
1084 3651 1353 3721 operatio,
1382 3666 1479 3721 per
1508 3652 1795 3706 sublimem
1835 3650 1975 3705 hanc

400 3759 588 3800 vocem
613 3744 719 3799 hoc
747 3742 1036 3804 discimus.
1071 3744 1215 3813 quod
1256 3743 1346 3813 qui
1384 3743 1452 3797 ad
1481 3743 1597 3798 haec
1631 3743 1848 3814 aspicit,
1886 3744 1973 3797 ni-
2006 3738 2013 3745 ’

402 3837 475 3890 hil
500 3836 716 3907 aspicit.
762 3835 863 3900 Qui
897 3846 1076 3891 autem
1111 3852 1206 3906 per
1252 3837 1363 3890 liazc
1394 3835 1687 3892 deducitur
1720 3837 1787 3890 ad
1826 3836 1970 3904 ejus,

399 3925 543 3995 quod
582 3935 684 3986 est,
717 3925 1157 3992 intelligentiam,
1183 3934 1236 3979 et
1261 3941 1356 3995 per
1383 3942 1448 3982 ea
1494 3943 1616 3996 quae
1658 3934 1975 3996 praetercur-

399 4006 548 4083 r'unt,
585 4015 839 4070 stabilem
868 4016 1123 4084 intelligit
1178 4028 1459 4083 naturam,
1498 4025 1552 4072 et
1583 4026 1766 4073 mente
1802 4019 1971 4089 agitat

396 4107 452 4161 id
479 4106 622 4176 quod
653 4119 870 4174 semper
899 4105 1152 4160 similiter
1196 4115 1250 4160 et
1283 4109 1471 4170 eodem
1501 4109 1662 4163 modo
1695 4123 1755 4163 se
1789 4109 1968 4173 habit,

401 4197 544 4252 videt
577 4205 632 4251 et
676 4195 820 4266 quod
857 4210 981 4250 vere
1010 4204 1094 4251 est
1118 4195 1341 4258 bonum,
1380 4207 1434 4252 et
1470 4198 1614 4267 quod
1643 4198 1808 4263 videt,
1849 4213 1972 4267 pos-

394 4290 559 4354 sidet,
599 4288 802 4345 ctenim
846 4288 1130 4358 possessio
1174 4290 1302 4343 boni
1351 4291 1516 4361 hujus
1557 4291 1963 4360 contemplatio.

398 4400 420 4433 ι
455 4379 597 4447 Quid
632 4379 778 4436 enim
820 4388 1070 4450 superest
1104 4380 1334 4447 homini,
1377 4401 1396 4434 ι
1432 4381 1629 4452 inquit,
1665 4400 1682 4433 ι
1733 4382 1785 4435 in
1819 4382 1965 4437 omni

390 4471 581 4527 labore
620 4485 734 4540 quo
787 4470 999 4525 laborat
1044 4471 1149 4526 sub
1178 4471 1354 4526 οωιοῖ
1400 4490 1419 4522 ι
1457 4473 1589 4539 Quae
1629 4473 1684 4526 in
1736 4487 1967 4549 corpore

2081 3296 2141 3348 οὐ
2176 3294 2234 3348 τὸ
2268 3295 2355 3348 διὰ
2390 3294 2500 3349 τῶν
2530 3297 2867 3368 φαινομένων
2909 3298 3322 3373 θαυμαζόμενον
3353 3299 3513 3368 εἶδεν,
3539 3306 3657 3360 ἀλλ’

2077 3386 2105 3439 δ
2149 3381 2286 3439 εἶδεν
2340 3385 2670 3457 ἐθαύμασεν.
2738 3390 2888 3444 Ἐπεὶ
2929 3387 3022 3445 οὖν
3078 3394 3409 3467 πρόσκαιρός
3454 3414 3514 3449 τε
3559 3399 3656 3452 καὶ

2076 3476 2364 3548 ὠκύμορος
2396 3478 2428 3549 ή
2455 3479 2565 3531 τῶν
2598 3479 2969 3552 αἰσθητηρίων
2998 3484 3267 3556 ἐνέργεια,
3323 3487 3478 3541 τοῦτο
3512 3506 3653 3560 μανψ

2077 3565 2310 3636 θάνομεν
2352 3568 2441 3621 διὰ
2487 3569 2585 3639 τῆς
2618 3570 2825 3641 ὑψηλῆς
2858 3573 3063 3643 ταύτης
3096 3576 3295 3645 φωνῆς,
3328 3578 3408 3631 ὅτι
3452 3582 3479 3632 ό
3514 3582 3655 3653 πρὸς

2074 3655 2244 3709 ταῦτα
2273 3657 2505 3727 βλέπων,
2538 3659 2723 3729 βλέπει
2754 3662 2923 3716 οὐδέν.
2968 3664 3027 3717 Ὀ
3070 3665 3125 3718 δὲ
3165 3666 3252 3721 διὰ
3278 3668 3481 3722 τούτων
3514 3674 3653 3743 πρὸς

2073 3748 2292 3818 τὴν-τοῦ
2322 3750 2472 3814 ὄντος
2501 3752 2828 3823 κατανόησιν
2868 3754 3246 3826 όδηγούμενος,
3292 3760 3384 3812 καὶ
3427 3760 3514 3815 διὰ
3541 3763 3651 3816 τῶν

2074 3844 2526 3914 παρατρεχόντων
2552 3845 2651 3915 τὴν
2678 3847 2939 3916 στάσιμον
2968 3846 3129 3914 φύσιν
3162 3853 3523 3921 κατανοήσας,
3553 3855 3649 3907 καὶ

2071 3935 2165 3988 τοῦ
2196 3936 2282 3989 ἀεὶ
2313 3936 2572 4001 ὡσαύτως
2603 3936 2819 4007 ἔχοντος
2848 3940 2904 3990 ὲν
2933 3939 3181 4012 περινοίᾳ
3207 3942 3515 4013 γενόμενος.
3540 3942 3650 4001 εἶδέ

2069 4045 2130 4081 τε
2163 4029 2224 4081 τὸ
2249 4028 2416 4091 ὅντως
2444 4027 2503 4081 δν
2528 4027 2745 4096 ἀγαθὸν.
2778 4028 2870 4080 καὶ
2897 4029 2925 4081 δ
2958 4025 3096 4083 εἶδεν
3123 4032 3389 4103 ἐκτήσατο
3413 4051 3426 4064 ·
3454 4034 3653 4101 κτῆσις

2072 4122 2179 4191 γάρ
2222 4124 2337 4173 ἐστι
2363 4119 2455 4172 τοῦ
2486 4119 2688 4187 ἀγαθοῦ
2720 4120 2905 4173 τούτου
2945 4123 2977 4192 ἠ
3013 4122 3233 4193 είδησις.
3262 4143 3283 4175 ι
3317 4123 3414 4188 Τίς
3452 4145 3472 4177 ι
3510 4129 3642 4198 γι-ἲρ,

2072 4214 2224 4282 φησὶ,
2271 4231 2289 4262 ι
2336 4214 2624 4282 περισσεία
2669 4210 2746 4280 τῷ
2799 4211 3091 4284 ἀνθρώπῳ,
3143 4214 3202 4265 ὲν
3250 4217 3411 4269 παντὶ
3444 4216 3649 4290 ’μόχθῳ

2070 4303 2236 4357 αὑτοῦ
2270 4298 2315 4371 ᾧ
2347 4303 2537 4372 μοχθεῖ
2569 4303 2672 4355 ὑπὸ
2698 4303 2789 4356 τὸν
2822 4303 3009 4374 ἧλιον;
3046 4324 3065 4356 ι
3105 4306 3216 4376 Τὴν
3243 4308 3301 4359 ὲν
3326 4307 3404 4378 τῷ
3432 4308 3647 4379 σώματι

2070 4392 2215 4464 ζωὴν
2245 4392 2657 4465 προσηγόρευσε
2684 4392 2902 4463 μόχθον,
2929 4394 3022 4446 ἐπὶ
3049 4396 3235 4467 μηδεν)⁵
3261 4398 3649 4470 κατορθώματι

2072 4483 2257 4554 κέρδος
2289 4483 2876 4554 σπουδαζόμενονΑΤίς
2906 4483 3016 4555 γὰρ
3043 4483 3347 4558 περισσεία,
3378 4488 3533 4559 φησὶ,
3568 4490 3647 4561 τῷ

392 4561 573 4629 agitur
619 4562 747 4625 vita,
798 4561 1093 4630 appellavit
1145 4560 1411 4625 laborem,
1465 4563 1557 4631 qui
1612 4563 1762 4616 nullo
1816 4570 1964 4617 recte

2078 4572 2711 4644 ἀνθρώπῳμΤουτέστι,
2761 4575 2815 4627 τί
2865 4574 3201 4645 περιγίνεται
3252 4579 3319 4648 τῇ
3367 4577 3510 4650 ψυχῇ
3559 4560 3649 4634 διά

366 4651 539 4713 ,facto
579 4652 793 4705 lucrum
819 4652 1033 4719 quaerit.
1069 4670 1089 4702 ι
1136 4651 1278 4718 Quid
1321 4652 1467 4707 enim
1513 4661 1785 4722 superest,
1824 4672 1841 4703 ι
1877 4652 1964 4706 in—

386 4743 529 4812 quit,
583 4760 603 4793 ι
636 4742 889 4796 homini?
921 4762 940 4793 ι
979 4743 1083 4799 hoc
1123 4750 1229 4806 est,
1263 4745 1394 4814 quid
1442 4746 1580 4800 rezlit
1623 4745 1691 4800 ad
1725 4747 1961 4800 animam

391 4848 490 4906 per
518 4833 760 4888 laborem
784 4833 878 4903 qui
906 4849 1004 4903 pro
1032 4835 1180 4889 victu
1207 4836 1528 4907 suscipitur,
1558 4837 1626 4893 iis
1647 4838 1741 4909 qui
1770 4838 1963 4893 vivunt

389 4931 707 4998 spectantes
746 4924 800 4979 id
834 4926 977 4995 quod
1010 4927 1265 4984 videtur?
1292 4926 1348 4982 In
1379 4945 1615 4999 quonam
1661 4940 1745 4985 est
1778 4938 1959 4986 autem

385 5019 536 5074 vita?
577 5017 849 5084 Quidnam
893 5034 956 5073 ex
1011 5019 1079 5073 iis
1127 5035 1248 5089 quae
1291 5021 1395 5076 sub
1427 5032 1706 5091 aspectum
1756 5023 1961 5077 cadunt

383 5111 567 5176 bonis,
602 5110 746 5165 idem
789 5111 1008 5165 manet?
1046 5110 1139 5165 Sol
1183 5129 1343 5168 suum
1390 5117 1598 5187 peragit
1637 5115 1955 5179 circuitum,

382 5201 629 5257 vicissim
671 5200 1030 5270 resplendens
1057 5212 1113 5258 et
1144 5205 1498 5269 obscuratus,
1548 5215 1601 5261 et
1638 5208 1957 5265 illuminans

382 5294 476 5364 qui
509 5309 678 5362 super
708 5309 810 5349 nos
835 5302 921 5350 est
959 5310 1164 5363 aerem,
1199 5311 1323 5350 cum
1358 5312 1418 5353 se
1442 5299 1605 5353 terris
1632 5300 1952 5365 ostenderit,

379 5391 436 5438 et
459 5384 715 5439 tenebras
750 5399 845 5453 per
874 5400 1133 5442 occasum
1159 5387 1463 5442 attrahens.
1498 5387 1617 5442 Stat
1641 5399 1819 5446 autem
1845 5399 1955 5445 ter-

382 5486 465 5536 ra,
490 5481 546 5528 et
569 5474 623 5526 in
653 5472 832 5528 stabili
863 5482 1048 5530 manet
1078 5475 1409 5541 immobilis;
1432 5484 1485 5532 et
1513 5479 1656 5545 quod
1683 5488 1812 5542 stat,
1846 5495 1952 5534 non

384 5570 653 5625 movetur,
685 5568 740 5615 et
769 5578 878 5617 non
904 5571 1014 5621 stat
1051 5564 1197 5632 quod
1220 5573 1494 5621 movetur.
1521 5566 1716 5622 Omnia
1763 5585 1858 5639 per
1896 5586 1956 5626 se

384 5646 438 5701 in
467 5649 617 5704 omni
660 5650 945 5709 intervallo
986 5658 1271 5725 temporis,
1313 5656 1450 5712 nihil
1494 5673 1619 5713 esse
1651 5660 1952 5717 ostendun-

453 5821 496 5855 ³⁸
518 5822 651 5894 Sap.
676 5834 797 5889 xm,
836 5828 923 5881 ib.

2067 4663 2161 4718 τοῦ
2191 4662 2444 4734 βιωτικοῦ
2468 4662 2667 4733 μόχθου
2696 4665 2812 4725 τοῖς
2843 4665 2980 4736 πρὸς
3009 4664 3070 4717 τὸ
3100 4665 3423 4736 φαινόμενον
3444 4667 3644 4735 (dictv;

2081 4758 2169 4809 Ἐν
2199 4755 2308 4808 τίνι
2334 4756 2391 4808 δὲ
2426 4756 2521 4809 καλ⁸
2553 4755 2700 4808 ἐστιν
2733 4755 2765 4825 ἡ
2798 4752 2944 4825 ζωῆς
2978 4756 3021 4807 Τ
3027 4755 3043 4806 ι
3069 4755 3218 4825 μένει
3253 4756 3359 4809 τῶν
3394 4760 3648 4830 φαινομέο

2067 4865 2173 4901 νων
2194 4845 2374 4901 καλῶν
2401 4847 2460 4898 ὲν
2481 4845 2792 4916 ταυτότητις
2818 4844 3007 4908 ’Ἤλιος
3027 4845 3373 4917 περιέρχεται
3396 4848 3487 4901 τὸν
3513 4849 3646 4902 ῐδιον

2064 4937 2260 5008 δρόμον
2310 4935 2538 5006 λάμπων
2569 4934 2673 4988 ἀνά
2704 4934 2868 5005 μέρος
2908 4935 3002 4989 καὶ
3046 4936 3447 5007 σκοτιζόμενος,
3480 4939 3643 5006 φωτία

2064 5027 2175 5093 ζων
2226 5028 2318 5082 τὸν
2373 5027 2766 5099 ὑπερκείμενον
2797 5028 2931 5097 ἡμῖν
2981 5027 3139 5098 ἀέρα,
3184 5028 3312 5080 ὅταν
3366 5029 3510 5098 ὑπὲρ
3539 5030 3644 5099 γῆς

2064 5118 2256 5172 ἑαυτὸν
2290 5116 2458 5187 δείξῃ,
2493 5116 2587 5168 καὶ
2628 5114 2817 5177 σκότος
2840 5113 2927 5168 διὰ
2958 5114 3066 5167 τῶν
3100 5114 3318 5185 δυσμῶν
3343 5116 3643 5187 ὲφελκόμευ

2062 5227 2169 5274 νος.
2204 5209 2441 5277 Ἔστηκε
2468 5207 2525 5258 δὲ
2555 5208 2588 5277 ἡ
2615 5206 2706 5276 γῆ,
2738 5205 2832 5258 καὶ
2862 5205 3012 5275 μένει
3041 5207 3096 5257 ὲν
3122 5204 3201 5274 τῷ
3233 5205 3415 5276 παγίῳ
3447 5206 3643 5278 axem-

2059 5317 2172 5364 τος,
2205 5297 2393 5353 καὶτὸ
2436 5298 2591 5360 ἑστὸς
2637 5298 2699 5350 οὑ
2746 5298 2996 5362 κινεῖται,
3034 5296 3127 5349 καὶ
3169 5297 3269 5368 οὐχ
3314 5297 3528 5352 ἵσταται
3582 5300 3642 5353 τὸ

2062 5391 2396 5461 κινούμενον.
2440 5389 2626 5443 Πάντα
2663 5386 2730 5441 δι’
2763 5387 2942 5440 αὐτῶν
2986 5388 3046 5441 ὲν
3078 5387 3241 5441 παντὶ
3284 5387 3363 5459 τῷ
3402 5390 3639 5461 χρονικῷ

2059 5483 2384 5552 διαστήματι
2431 5479 2701 5533 δείκνυται
2754 5481 2873 5531 κατ’
2908 5478 3081 5542 οὐδὲν,
3126 5478 3213 5532 διὰ
3250 5480 3348 5549 τῆς
3389 5480 3530 5552 πρὸς
3574 5483 3638 5535 τὸ

2060 5572 2372 5641 καινότερον
2423 5563 2724 5639 μεταϐολῆς
2768 5567 3187 5639 ἁλλασσόμενον.
3255 5570 3472 5640 Δοχεῖόν
3518 5573 3636 5625 ἐστι

2059 5664 2167 5717 τῶν
2196 5660 2530 5732 πανταχόθεν
2562 5659 2897 5732 συρρεόντων
2933 5660 3139 5715 ὑδάτων
3172 5663 3206 5730 ή
3237 5660 3504 5727 θάλασσα,
3539 5660 3633 5717 καὶ
