3844 6380
151 370 245 425 6'25

1234 375 1300 429 IN
1343 371 1876 431 ECCLESIASTEN.
1920 369 2201 426 HOMILIA
2244 368 2282 424 1.

3284 362 3389 420 ϐἱέϐ

149 485 317 555 οὗτεὴ
361 485 585 556 σύρροια
617 484 791 557 λήγει,
819 487 941 540 οὔτε
978 492 1007 560 ἡ
1043 488 1287 543 Θάλασσα
1332 491 1568 558 αὔξεται.
1614 491 1709 553 Τίς

1821 497 1921 553 tur,
1966 495 2024 541 ut
2054 502 2172 557 quas
2197 491 2477 538 mutantur
2514 498 2606 551 per
2633 498 2749 537 eam
2780 497 2899 552 qua)
2928 481 2985 534 fit
3019 480 3084 533 ad
3118 481 3390 535 recentius

151 576 393 640 όσκοπὸς
426 577 518 630 τοῦ
564 578 763 649 δρόμου
819 582 933 643 τοῖς
986 581 1171 635 ὕδασιν
1214 584 1298 636 ἀεὶ
1344 583 1611 653 πληροῦσι
1651 583 1708 636 τὸ

154 667 541 738 πληρούμενον;
593 670 713 722 Ἐπὶ
758 671 860 724 τίνι
905 672 1116 741 δέχεται
1163 674 1262 737 τὰς
1303 675 1560 746 ἐπιρροὰς
1604 673 1708 726 τῶν

152 759 345 814 ὑδάτων
386 761 420 832 ἡ
456 759 720 825 θάλασσα,
762 763 997 835 ἁναυξὴς
1042 764 1129 818 διὰ
1157 767 1253 837 τῆς
1285 767 1600 838 προσθήκης
1630 769 1709 831 εἰς

154 850 230 904 ἀεὶ
254 848 582 920 διαμένουσα
602 868 616 910 ς

215 1117 589 1201 Ταύταιλέγει,
624 1121 711 1174 ἵνα
755 1120 813 1185 ἐξ
854 1122 1030 1176 αὑτῶν
1062 1123 1168 1175 τῶν
1209 1125 1506 1194 στοιχείων,
1548 1127 1603 1177 ὲν
1631 1125 1710 1190 οἷς

153 1211 286 1263 ἐστιν
321 1211 355 1280 ἡ
390 1208 503 1280 ζωὴ
541 1202 671 1263 τῶν’
695 1210 1018 1281 ἀνθρώπων,
1068 1214 1483 1286 προερμηνεύσῃ
1519 1215 1624 1269 τῶν
1656 1219 1710 1269 ἐν

153 1305 271 1373 ἡμῖν
304 1301 751 1372 σπουδαζομένων
779 1303 839 1356 τὸ
868 1304 1254 1359 ἀνυπόστατον.
1290 1307 1351 1358 Ei
1386 1307 1493 1377 γὰρ
1526 1310 1553 1360 ὁ
1581 1325 1710 1361 συν-

152 1393 465 1463 τεταγμένος
497 1386 653 1456 οὗτος
684 1393 778 1447 τοῦ
821 1394 974 1465 ἡλίου
1012 1395 1210 1467 δρόμος
1249 1398 1373 1468 ὅρον
1416 1398 1515 1451 οὑκ
1557 1398 1706 1468 ἔχει’

151 1485 264 1539 οὒτε
302 1487 338 1557 ἡ
366 1486 470 1539 ἀνὰ
512 1486 676 1558 μέρος
723 1488 901 1557 φωτός
950 1505 1009 1541 τε
1055 1490 1149 1543 καὶ
1196 1491 1419 1555 σκότους
1472 1491 1710 1563 διαδοχὴ,

63 1584 70 1591 ·
153 1576 327 1630 στάσιν
359 1576 656 1646 ἐκδέχεται,
686 1578 720 1647 ἡ
746 1594 804 1631 τε
839 1579 908 1648 γῆ
935 1581 1435 1653 καταδεδικασμένη
1464 1584 1560 1655 τὴν
1586 1584 1714 1637 στάς

153 1686 250 1731 σιν,
296 1669 450 1740 μένει
484 1672 542 1723 ὲν
587 1671 665 1742 τῷ
714 1673 896 1742 παγίῳ
925 1674 1197 1745 ἀκίνητος,
1243 1674 1482 1747 ἀνήνυτα
1513 1678 1568 1731 δὲ
1620 1696 1714 1746 μο-

150 1759 360 1832 χθοῦσιν
397 1763 446 1814 οἱ
479 1763 733 1833 ποταμοὶ,
766 1766 831 1833 τῇ
879 1764 1143 1835 ἀπλήστῳ
1172 1767 1330 1833 φύσει
1376 1767 1472 1837 τῆς
1514 1766 1713 1819 Θαλάσ-

1816 578 2191 632 mutationem.
2224 576 2367 629 Marc
2401 584 2484 629 est
2514 576 2917 644 receptaculum
2955 588 3243 642 aquarum,
3271 588 3390 643 qua:

1817 668 2056 738 undique
2083 664 2399 721 conﬂuunt:
2435 674 2488 717 et
2527 679 2702 734 neque
2731 662 3264 726 desinitconl'luxus,
3297 680 3388 718 ne-

1815 776 1922 832 que
1965 773 2116 815 mare
2156 764 2402 828 augetur.
2437 755 2571 821 Quis
2611 771 2877 826 aquarum
2911 771 3113 811 cursus
3146 764 3232 810 est
3266 771 3390 810 sco-

1818 869 1938 922 pus,
1971 866 2093 922 qua
2125 865 2339 920 semper
2364 848 2575 918 replent
2600 848 2652 903 id
2692 847 2836 917 quod
2866 848 3161 918 impletur?
3195 846 3391 913 Quam-

1817 944 2004 998 obrem
2049 957 2314 1012 aquarum
2350 940 2550 994 ﬂuxus
2582 940 2815 1010 suspicit
2851 955 3020 1003 mare,
3074 956 3169 1010 pen
3204 955 3390 994 acccs.

1818 1037 2028 1091 sionem
2068 1035 2278 1090 nullum
2310 1033 2588 1102 accipiens
2619 1032 3012 1103 augmentan

1890 1125 2013 1180 Hrec
2044 1125 2200 1189 dicit,
2231 1131 2290 1178 ut
2335 1139 2401 1178 ex
2432 1124 2565 1192 ipsis
2597 1123 2904 1183 elementis.
2940 1123 2994 1177 in
3035 1123 3236 1193 quibus
3268 1140 3392 1178 con-

1819 1220 1964 1275 sistit
2011 1218 2119 1272 vita
2163 1215 2468 1277 hominum,
2519 1215 2906 1281 interpretetur
2953 1230 3115 1284 quam
3170 1216 3392 1270 minime

1818 1313 2118 1368 consistant
2148 1324 2210 1363 ea
2238 1324 2359 1378 quae
2385 1309 2529 1361 inter
2560 1321 2663 1361 nos
2688 1321 2886 1376 magno
2921 1307 3102 1362 studio
3136 1316 3400 1378 appetun-

1819 1412 1927 1458 tur.
1961 1402 2018 1456 Si
2053 1401 2198 1456 enim
2225 1400 2316 1454 hic
2341 1398 2679 1454 constitutus
2707 1398 2840 1453 solis
2861 1413 3066 1453 cursus
3097 1413 3203 1451 non
3233 1399 3393 1453 habet

1819 1495 2148 1557 terminum;
2195 1508 2370 1562 neque
2402 1490 2564 1554 lucis,
2593 1498 2648 1544 et
2672 1490 3019 1544 tenebrarum
3052 1505 3172 1558 qua:
3213 1489 3270 1543 ﬁt
3316 1491 3394 1544 vi-

1818 1588 2003 1643 cissim
2054 1586 2357 1647 successio,
2398 1590 2600 1639 statum
2652 1583 2871 1652 accipit,
2909 1590 2963 1636 et
2994 1589 3138 1636 terra
3176 1595 3299 1652 quin
3338 1586 3396 1634 ut

1821 1686 1928 1735 stet
1965 1687 2052 1734 est
2093 1677 2478 1737 condemnata,
2521 1680 2705 1729 manet
2753 1674 2807 1729 iu
2846 1674 3025 1729 stabili
3075 1673 3393 1735 immobilis,

1823 1770 2024 1826 frustra
2058 1777 2236 1824 autem
2290 1768 2540 1823 laborant
2568 1766 2740 1833 ﬂuvii,
2765 1774 2825 1821 ut
2853 1766 2946 1836 qui
2983 1766 3052 1820 ab
3097 1764 3394 1820 insatiabili

152 1868 242 1921 σης
274 1850 690 1923 δαπανώμενοι·
729 1854 905 1925 μάτην
954 1855 1010 1908 δὲ
1040 1857 1134 1920 τὰς
1189 1858 1450 1929 ἐπιρῤοὰς
1502 1854 1714 1929 δέχεται

1821 1861 1986 1916 maris
2034 1869 2230 1914 natura
2282 1866 2712 1921 consumantur,
2775 1857 3143 1926 nequidquam
3207 1863 3390 1909 autem

150 1942 248 1995 τῶν
279 1942 488 1997 ὑδάτων
529 1945 562 2016 ἡ
604 1944 866 2003 Θάλασσα,
905 1948 985 2010 εἰς
1013 1947 1162 1999 οὐδὲν
1194 1948 1353 2001 πλέον
1392 1949 1712 2020 ὑπολαμϐά-

150 2052 301 2088 νουσα
320 2036 433 2099 τοϊς
456 2035 674 2100 κόλποις
694 2036 753 2090 τὸ
773 2037 1030 2092 διαπαντο
1043 2056 1062 2101 ;
1084 2039 1456 2109 εἰσχεόμενον·
1478 2043 1524 2093 εἰ
1541 2041 1714 2096 ταῦτα

150 2128 202 2181 ὲν
235 2125 445 2190 τούτοις
474 2127 644 2194 ἐστὶν,
677 2130 736 2181 ὲν
761 2127 866 2180 τίνι
903 2128 1047 2191 εἰκὸς
1077 2129 1137 2181 τὸ
1167 2128 1503 2200 ἀνθρώπινον
1550 2126 1710 2196 εἶναι,

147 2217 175 2270 δ
215 2219 269 2270 ὲν
309 2218 522 2281 τούτοις
570 2217 665 2290 τὴν
696 2219 840 2289 ζωὴν
874 2219 1008 2290 ἔχει,
1059 2221 1152 2273 καὶ
1199 2222 1250 2274 τί
1288 2220 1626 2292 ξενιζόμεοα,
1666 2223 1714 2275 εἰ

149 2309 299 2376 γενεὰ
325 2307 616 2381 πορεύεται
638 2310 732 2363 καὶ
755 2310 915 2379 γενεὰ
938 2310 1178 2383 ἔρχεται,
1207 2311 1299 2365 καὶ
1326 2314 1425 2366 οὑκ
1448 2313 1714 2366 ἐπιλείπει

148 2401 239 2472 τὴν
282 2400 446 2471 φύσιν
489 2393 642 2464 οὗτος
673 2404 700 2454 ὁ
739 2401 954 2473 δρόμος,
1008 2404 1103 2475 τῆς
1148 2404 1494 2474 ὲπεισιούσης
1522 2406 1716 2473 γενεᾶς

147 2493 249 2544 τῶν
294 2491 621 2565 ἀνθρώπων,
676 2495 737 2548 τό
772 2513 831 2549 τε
866 2496 1214 2566 προεισελθὸν
1260 2496 1586 2567 ἐξωθούσης.
1624 2497 1715 2550 καὶ

149 2583 244 2637 ὑπὸ
274 2584 366 2636 τοῦ
417 2585 748 2648 ἐπεισιόντος
795 2586 1208 2657 ὲξωθουμένηςς
1258 2587 1323 2640 Τί
1374 2583 1466 2640 οὖν
1497 2590 1593 2658 βοᾷ
1628 2587 1717 2641 δτὰ

146 2672 341 2727 τούτων
372 2677 441 2745 τῇ
488 2674 786 2746 Ἐκκλησία
833 2677 861 2728 ὁ
910 2676 1100 2745 λόγος;
1146 2679 1262 2744 ὅτι,
1306 2671 1376 2725 Ὦ
1417 2678 1712 2748 ἄνθρωποι,

146 2767 220 2835 εἰς
245 2765 303 2819 τὸ
335 2768 445 2820 πᾶν
466 2767 887 2832 ἀποϐλέποντες,
909 2769 1007 2840 τὴν
1036 2768 1243 2824 ἑαυτῶν
1274 2770 1433 2840 φύσιν
1462 2775 1712 2842 νοήσατε.

151 2859 213 2910 Ἀ
241 2860 369 2930 περὶ
407 2859 500 2912 τὸν
535 2858 766 2929 οὐρανὸν
802 2859 896 2915 καὶ
929 2861 1027 2933 τὴν
1065 2861 1168 2930 γῆν
1199 2859 1437 2930 βλέπεις,
1468 2862 1503 2916 ἃ
1541 2865 1598 2916 ἐν
1639 2864 1716 2934 τῷ

144 2945 274 3017 ἡλίῳ
303 2948 570 3018 καθορᾷς,
603 2948 639 3002 ἃ
664 2950 722 3001 ἐν
746 2951 811 3019 τῇ
838 2948 1082 3021 θαλάσσῃ
1107 2954 1406 3017 κατανοεῖς,
1440 2952 1611 3005 ταῦτά
1636 2970 1718 3007 σοι

145 3039 233 3093 καὶ
273 3039 372 3110 τὴν
427 3038 526 3110 σὴν
582 3038 742 3107 φύσιν
796 3040 1165 3111 ἑρμηνευέτω.
1226 3042 1380 3096 Ἔστι
1427 3043 1535 3113 γὰρ
1596 3045 1715 3098 καθ’

1816 1965 2081 2021 aquarum
2111 1949 2291 2005 ﬂuxus
2314 1960 2465 2004 mare
2486 1948 2718 2018 suscipit
2749 1949 2801 2001 in
2830 1948 3011 2002 sinum
3038 1963 3221 2008 suum,
3246 1946 3395 1999 nulla

1816 2043 1956 2097 facta
1995 2042 2122 2097 inde
2168 2040 2507 2106 accessione,
2552 2041 2862 2109 suscipiens
2913 2040 2966 2094 id
2997 2040 3141 2109 quod
3178 2053 3396 2108 semper

1815 2120 2156 2189 infundittir:
2196 2132 2239 2186 si
2270 2132 2383 2187 haec
2424 2132 2500 2185 ita
2546 2146 2605 2187 se
2640 2131 2875 2190 habent.
2935 2130 3393 2201 quemadmodum

1817 2225 2088 2280 hominem
2127 2240 2185 2280 se
2219 2224 2422 2278 habere
2465 2231 2550 2279 est
2597 2228 3049 2286 consentaneum,
3087 2222 3181 2291 qui
3234 2220 3288 2274 in
3324 2220 3394 2273 iis

1814 2316 1975 2372 etiam
2017 2314 2183 2370 vitam
2227 2313 2410 2377 habet,
2458 2320 2511 2367 et
2543 2328 2642 2368 cur
2672 2313 2831 2368 nobis
2876 2312 3090 2368 videtur
3129 2313 3390 2374 alienum,

1816 2407 1861 2464 si
1912 2407 2189 2478 generatio
2226 2407 2448 2470 transit,
2499 2414 2553 2459 et
2592 2407 2875 2476 generatio
2925 2404 3166 2467 advenit,
3217 2420 3397 2474 neque

1816 2508 2067 2555 naturam
2097 2499 2301 2554 deserit
2341 2499 2430 2553 hic
2463 2513 2682 2562 cursus,
2717 2497 3065 2565 generatione
3104 2496 3387 2551 hominum

1817 2606 1940 2662 quae
1975 2590 2300 2660 ingreditur,
2338 2597 2452 2643 tum
2504 2590 2555 2644 id
2587 2590 2732 2659 quod
2775 2591 2928 2657 prius
2962 2598 3040 2644 cst
3086 2589 3393 2658 ingressum

1816 2682 2158 2748 extrudente,
2192 2690 2245 2739 et
2268 2692 2488 2738 extrusa
2519 2682 2588 2737 ab
2616 2698 2681 2737 eo
2711 2683 2854 2751 quod
2889 2680 3227 2751 ingreditur?
3255 2680 3394 2745 Quid

1817 2788 1944 2845 ergo
1978 2788 2073 2842 per
2116 2773 2233 2828 haec
2272 2771 2531 2827 Ecclesiae
2569 2773 2770 2827 clamat
2812 2770 3025 2825 oratio?
3066 2769 3110 2823 Ο
3144 2768 3396 2823 homines

1817 2865 1909 2933 qui
1943 2863 2359 2918 universitatem
2399 2864 2670 2933 aspicitis,
2705 2870 2943 2919 vestram
2973 2858 3214 2932 ipsorum
3248 2871 3397 2915 natu-

1820 2973 1934 3013 ram
1961 2956 2263 3027 intelligite.
2288 2957 2420 3022 Quae
2441 2958 2493 3010 in
2513 2957 2652 3011 caelo
2672 2966 2727 3012 et
2747 2956 2799 3010 in
2817 2962 2959 3010 terra
2984 2953 3315 3023 eernis,qu:e
3343 2954 3394 3005 in

1820 3049 1935 3104 sole
1964 3048 2184 3118 aspicis,
2222 3064 2344 3118 quae
2381 3049 2435 3102 in
2470 3049 2607 3102 mari
2640 3047 2979 3109 consideras.
3011 3061 3073 3101 ea
3102 3046 3266 3101 etiam
3298 3044 3393 3099 tibi

145 3129 431 3202 ὁμοιότητα
479 3130 570 3183 τοῦ
600 3131 751 3202 ἡλίου
785 3134 880 3184 καὶ
913 3132 1010 3201 τῆς
1044 3132 1256 3199 φύσεως
1288 3133 1446 3203 ἡμῶν
1482 3136 1712 3208 ἀνατολὴ

146 3222 789 3240 __--_....,-,....
915 3225 936 3240 ..
1045 3225 1069 3239 ..
1263 3223 1521 3240 1...
1652 3229 1677 3239 -

1821 3146 1969 3192 tuam
1995 3139 2422 3208 interpretentur
2444 3146 2719 3192 naturam.
2748 3138 2843 3193 Est
2878 3137 3023 3192 enim
3060 3135 3128 3190 ad
3161 3136 3292 3191 solis
3317 3136 3395 3190 si-

144 3236 197 3271 τε
236 3223 328 3275 καὶ
356 3223 511 3285 δύσις
533 3236 547 3250 ·
587 3222 685 3292 μία
716 3222 831 3286 ὁδὸς
854 3225 963 3286 τοῖς
993 3225 1180 3287 πᾶσιν,
1234 3223 1314 3288 εἷς
1341 3227 1367 3278 ὁ
1398 3226 1592 3289 κύκλος
1618 3229 1714 3299 τῆς

144 3312 231 3365 τοῦ
259 3313 374 3382 βίου
428 3314 672 3383 πορείας.
710 3314 876 3367 Ὅταν
918 3314 1004 3367 διὰ
1033 3315 1298 3382 γενέσεως
1330 3318 1713 3389 ἀνατείλωμεν,

145 3405 301 3458 πάλιν
347 3409 430 3470 είς
484 3406 546 3458 τὸ
598 3407 855 3472 συγγενὲς
884 3407 1082 3478 χωρίον
1127 3407 1285 3479 ἡμῶν
1319 3409 1714 3481 καθελκόμεθα.

145 3495 249 3566 Τῆς
287 3498 399 3568 γὰρ
450 3497 596 3567 ζωῆς
641 3497 799 3568 ἡμῶν
852 3499 1182 3570 ἐπιδυείσης,
1233 3500 1490 3570 ὑπόγειον
1530 3504 1624 3556 καὶ
1658 3505 1719 3557 τὸ

144 3586 405 3660 ἡμέτερον
456 3588 661 3655 γίνεται
713 3590 938 3658 φέγγος,
991 3592 1118 3644 ὅταν
1165 3594 1197 3663 ἡ
1237 3593 1595 3666 ἀντιληπτικὴ
1623 3596 1717 3651 τοῦ

142 3672 313 3742 φωτδς
336 3679 501 3750 ἡμῶν
532 3679 1027 3749 αἴσθησις-γίνηται
1046 3695 1060 3710 ⁸
1091 3683 1304 3746 πάντως
1329 3684 1385 3736 δὲ
1417 3685 1449 3753 ἡ
1479 3685 1546 3755 γῆ
1583 3686 1719 3757 πρὸς

141 3765 198 3818 τὺ
215 3767 479 3835 συγγενὲς
494 3767 805 3830 ἀναλύεται,
820 3769 911 3821 καὶ
925 3764 1077 3832 οὗτος
1103 3768 1301 3832 κύκλος
1320 3769 1437 3822 ἐστὶ
1456 3770 1718 3839 διηνεκῶς

140 3857 195 3908 ὲν
250 3860 364 3922 τοῖς
420 3859 608 3921 αὐτοῖς
662 3859 1027 3928 ἑλισσόμενος.
1078 3858 1344 3930 Καθάπερ
1400 3860 1491 3912 ἐπὶ
1540 3860 1715 3930 ἡλίου,

141 3951 319 4019 φησὶν,
350 3950 380 4001 ό
415 3950 637 4021 δρόμος.
664 3953 745 4006 ὅτι
774 3950 1077 4004 ἀνατέλλων
1102 3950 1200 4021 μὲν
1227 3951 1365 4003 κατὰ
1395 3951 1455 4003 τὸ
1492 3952 1601 4005 ἅνω
1623 3953 1716 4021 τῆς

139 4041 238 4110 γῆς
279 4043 456 4113 μέρος
486 4044 597 4105 τοῖς
643 4041 839 4105 νοτίοις
862 4041 1169 4103 ὲνδιοδεύει,
1201 4042 1452 4110 ὑπόγειος
1484 4042 1540 4094 δὲ
1579 4042 1720 4095 κατὰ

138 4133 196 4185 τὸ
239 4134 623 4205 ἀντικείμενον
666 4133 727 4185 τὺ
761 4132 1006 4203 βόρῤειον
1040 4132 1336 4202 ὑπέρχεται
1391 4132 1587 4204 μέρος·
1626 4132 1720 4187 καὶ

134 4225 320 4279 τοῦτον
375 4227 473 4280 τὸν
527 4225 730 4296 τρόπον
774 4224 854 4286 είς
902 4222 989 4276 dei.
1032 4223 1361 4295 περιοδεύων
1413 4224 1600 4277 κυκλοῖ
1629 4226 1719 4277 τὸν

135 4315 330 4369 ἑαυτοῦ
361 4316 591 4389 δρόμον,
634 4316 727 4368 καὶ
774 4314 937 4367 πάλιν
977 4314 1299 4389 ἀνακυκλῶν
1349 4314 1721 4386 περιέρχεται·

132 4407 339 4461 Κυκλοῖ
370 4385 507 4478 γὰρ,
553 4406 708 4476 φησὶ,
738 4406 954 4458 κυκλῶν
979 4421 993 4435 ·
1021 4385 1162 4461 οὕτω
1205 4407 1384 4459 τοίνυν
1419 4385 1510 4459 καὶ
1539 4407 1600 4459 τὸ
1626 4406 1718 4459 σὸν

1819 3231 2179 3286 militudinem
2202 3237 2403 3287 nostra:
2428 3246 2644 3301 quoque
2668 3236 2874 3285 natura:
2895 3238 3048 3285 ortus
3068 3241 3121 3283 et
3140 3243 3393 3283 occasus.

1790 3321 1937 3377 ~Una
1960 3329 2047 3379 est
2076 3322 2331 3377 omnibus
2360 3322 2470 3387 via,
2496 3337 2635 3375 unus
2671 3321 2951 3390 ingressus
2982 3321 3105 3375 vita:
3134 3319 3393 3375 circulus.

1818 3413 2046 3481 Quando
2098 3429 2196 3485 per
2258 3413 2656 3484 generationem
2711 3411 2815 3465 orti
2893 3411 3196 3473 fuerimus,
3255 3427 3398 3464 rur-

1817 3520 1914 3561 sus
1967 3504 2033 3559 ad
2072 3514 2361 3576 cognatum
2413 3503 2570 3561 nobis
2617 3503 2793 3557 locum
2841 3501 3202 3556 detrahimur.
3257 3500 3391 3557 Nam

1819 3608 1943 3647 cum
1976 3607 2137 3663 passa
2169 3591 2334 3647 fuerit
2361 3608 2620 3648 occasum
2648 3592 2757 3646 vita
2805 3599 3013 3654 nostra,
3059 3591 3162 3645 sub
3198 3599 3395 3645 terram

1819 3687 1909 3739 lux
1934 3684 2099 3740 etiam
2148 3692 2338 3739 nostra
2378 3682 2684 3747 descendit,
2718 3668 2938 3754 quando
2986 3682 3161 3736 lucem
3209 3688 3397 3735 noster

1819 3790 2016 3832 sensus
2049 3773 2444 3845 apprehendit:
2481 3771 2706 3826 omnino
2744 3780 2925 3826 autem
2963 3770 3014 3823 in
3056 3770 3108 3824 id
3139 3770 3283 3840 quod
3312 3778 3396 3822 est

1819 3874 2109 3936 cognatum
2136 3872 2279 3919 terra
2315 3863 2629 3929 resolvitur,
2656 3869 2710 3917 et
2742 3862 2830 3916 hic
2858 3861 3102 3916 circulus
3133 3866 3396 3930 perpetuo

1820 3958 1875 4012 in
1908 3955 2101 4012 iisdem
2138 3955 2553 4025 circumagitur.
2582 3953 2866 4019 Quomodo
2904 3959 3008 4016 est,
3051 3953 3248 4022 inquit,
3278 3968 3398 4004 cur-

1818 4064 1913 4103 sus
1943 4048 2099 4108 solis,
2148 4056 2205 4102 ut
2238 4047 2330 4116 qui
2361 4045 2548 4101 oriens
2598 4045 2651 4097 in
2684 4043 2952 4113 superiori
3004 4055 3156 4113 parte
3209 4051 3390 4104 terrae.

1821 4138 1874 4192 in
1895 4136 2124 4191 australi
2151 4137 2373 4205 regione
2394 4134 2728 4204 ingreditur;
2749 4132 2966 4203 quando
2988 4142 3167 4185 autem
3190 4140 3271 4186 cst
3291 4133 3396 4186 suis

1821 4236 1989 4289 terra,
2020 4240 2140 4281 eam
2169 4241 2291 4295 qua:
2321 4239 2386 4278 ex
2424 4223 2655 4277 adverso
2694 4224 2801 4276 sita
2836 4228 2940 4284 est,
2977 4236 3171 4290 nempe
3202 4222 3395 4275 borea-

1819 4320 1948 4381 lem.
1992 4319 2140 4374 subit
2183 4326 2415 4387 partem,
2450 4325 2504 4370 et
2549 4315 2652 4368 hoc
2689 4315 2850 4369 modo
2891 4329 3106 4383 semper
3151 4324 3391 4378 vertens,

1820 4427 1979 4469 suum
2004 4412 2059 4464 in
2083 4408 2271 4465 orbem
2304 4406 2515 4476 peragit
2536 4419 2777 4468 cursum,
2810 4414 2866 4458 et
2894 4419 3088 4458 rursus
3122 4404 3175 4457 in
3206 4404 3392 4457 orbem
3480 4430 3483 4431 ν

134 4497 428 4567 πορεύεται
480 4497 696 4567 πνεῦμα
730 4486 860 4565 (ἀπὸ
909 4496 1109 4567 μέρους
1155 4495 1302 4549 ἆπαν
1336 4496 1617 4567 ὀνομάζων
1656 4498 1714 4550 τὸ

1821 4509 2098 4557 revertens
2128 4499 2326 4554 circuit
2347 4495 2564 4567 :Gyrat,
2595 4496 2792 4564 inquit,
2823 4495 2877 4548 in
2902 4494 3122 4548 orbem:
3160 4495 3235 4549 sic
3264 4510 3395 4565 ergo

131 4587 477 4659 ἀνθρώπινον
519 4590 758 4659 πνεῦμα)
791 4588 889 4658 τὴν
928 4589 1216 4657 ἐγκύκλιον
1242 4589 1447 4661 ταύτην
1478 4589 1566 4643 διὰ
1604 4589 1717 4643 τῶν

132 4678 331 4747 ὁμοίων
362 4677 690 4750 περιτρέχον
716 4678 1405 4753 φοράν.‹Πορεύεται»γὰρ,
1436 4683 1615 4757 φησὶ,‹
1656 4681 1718 4736 τὸ

133 4770 389 4844 πνεῦμα,
450 4775 546 4827 καὶ
604 4774 697 4828 ἐπὶ
753 4771 986 4835 κύκλους
1050 4770 1217 4824 αὑτοῦ
1284 4772 1602 4842 ἐπιστρέφει
1657 4772 1718 4825 τὸ

132 4864 400 4934 πνεῦμαδ
423 4865 485 4916 ὐ
504 4862 560 4916 δὲ
587 4865 757 4918 ταῦτα
796 4865 1135 4933 κατανοήσας
1159 4863 1260 4916 οὐκ
1288 4862 1354 4916 ἂν
1387 4863 1557 4934 μικρὰ
1583 4863 1718 4934 πρὸς

129 4956 216 5010 τὸν
245 4957 449 5011 ἑαυτοῦ
483 4958 593 5026 βίον
622 4956 947 5026 ὠφεληθείη.
982 4956 1045 5008 Τί
1071 4955 1449 5027 λαμπρότερον
1482 4955 1574 5008 τοῦ
1605 4974 1717 5024 φω-

128 5047 252 5113 τός;
303 5049 374 5102 Τί
416 5049 532 5103 τῶν
577 5047 809 5103 ἀκτίνων
863 5047 1273 5118 φανερώτερον;
1324 5047 1439 5100 ἀλλ’
1473 5048 1622 5118 ὅμως
1668 5049 1717 5100 εἰ

129 5137 231 5192 ὑπὸ
256 5140 364 5211 γῆν
412 5142 444 5193 ὁ
488 5140 635 5209 ἥλιος
680 5138 835 5209 ἔλθῃ,
861 5137 1160 5209 κρύπτεται
1190 5138 1251 5191 τὸ
1294 5138 1516 5207 φέγγος,
1550 5140 1642 5192 καὶ
1680 5141 1711 5208 ἡ

129 5228 285 5295 ἀκτὶς
314 5233 470 5299 ἁφαν
478 5228 669 5294 ίζεται.

193 5323 342 5395 Πρὸς
362 5323 543 5376 ταῦτά
570 5340 655 5385 τις
684 5322 915 5389 βλέπων,
942 5321 1381 5393 σωφρονέστερον
1403 5319 1493 5371 τὸν
1520 5320 1715 5372 ἑαυτοῦ

128 5414 499 5485 παρερχέσθω
520 5412 652 5483 βίον,
686 5411 1044 5482 καταφρονῶν
1067 5412 1167 5479 τῆς
1200 5404 1301 5464 ὦδε
1326 5410 1680 5479 περιφανείας
1702 5427 1714 5440 σ

130 5504 316 5574 μαθὼν
364 5506 437 5559 ὲκ
487 5504 594 5558 τῶν
629 5504 941 5575 ὁρωμένων,
991 5505 1073 5557 ὅτι
1118 5503 1178 5555 ού
1223 5503 1434 5573 διαρκεῖ
1480 5501 1616 5571 πρὸς
1658 5501 1720 5554 τὸ

126 5595 374 5667 διηνεκὲς
423 5595 492 5650 τὸ
545 5594 848 5662 ἐπίσημον·
897 5592 1034 5647 ἀλλὰ
1070 5592 1424 5664 ἀγχίστροφοί
1470 5594 1608 5645 εἰσιν
1658 5593 1714 5644 at

126 5687 232 5742 τῶν
270 5687 541 5743 ἐναντίων
568 5686 839 5756 διαδοχαί·
876 5668 1028 5757 μένει
1052 5685 1109 5738 δὲ
1152 5685 1303 5739 οὐδὲν
1333 5686 1411 5747 εἰς
1447 5684 1509 5737 τὸ
1540 5683 1707 5737 τοιοῦ-

127 5793 236 5843 τον,
262 5773 381 5833 οἷον
414 5779 478 5832 ὲν
508 5777 585 5849 τῷ
611 5776 834 5849 παρόντι
871 5777 1037 5843 ἐστὶν,
1070 5776 1134 5830 ού
1166 5776 1375 5849 νεότης,
1408 5776 1467 5829 οὐ
1494 5775 1721 5841 κάλλος,

1818 4601 1946 4649 tuus
1972 4606 2192 4667 qugque
2228 4589 2529 4659 ingreditur
2564 4590 2790 4658 spiritus
2818 4589 2869 4657 (a
2912 4596 3064 4655 parte
3092 4594 3265 4640 totum
3299 4603 3394 4641 no-

1818 4683 2033 4737 minans
2067 4680 2321 4749 spiritum
2361 4678 2620 4747 hominis)
2660 4678 2806 4731 hunc
2854 4678 2907 4730 in
2948 4677 3137 4730 orbem
3184 4683 3393 4730 motum

1816 4788 1915 4844 per
1944 4772 2145 4828 similia
2178 4785 2463 4841 peragens.
2493 4788 2510 4820 ε
2545 4769 2731 4840 Pergit
2775 4764 2969 4828 :cnim,
3004 4768 3201 4837 inquit,
3241 4786 3259 4818 ι
3290 4769 3397 4839 spi-

1816 4864 1977 4927 ritus,
2006 4870 2059 4915 et
2099 4861 2165 4915 ad
2207 4861 2447 4914 circulos
2487 4874 2620 4914 suos
2668 4858 2982 4912 revertitur.
3022 4877 3041 4908 ι
3079 4856 3184 4921 Qui
3212 4864 3392 4911 autem

1820 4955 1933 5008 haec
1982 4951 2436 5015 consideraverit,
2493 4950 2559 5003 ad
2614 4964 2769 5002 suam
2802 4950 2964 5002 vitam
3009 4962 3119 5000 non
3170 4961 3391 5015 parvam

1819 5045 2033 5112 accepit
2061 5042 2377 5104 utilitatem,
2412 5040 2554 5106 Quid
2587 5049 2670 5093 est
2700 5040 2820 5093 luce
2851 5038 3226 5109 splendidius?
3252 5037 3393 5103 Quid

1819 5137 1990 5192 radiis
2022 5135 2265 5190 clarius?
2293 5142 2347 5189 et
2377 5145 2558 5187 tamen
2587 5132 2632 5187 si
2656 5132 2738 5187 sol
2766 5132 2870 5185 sub
2901 5139 3044 5185 terra
3077 5129 3260 5193 fuerit,
3302 5129 3391 5183 lux

1818 5227 2199 5289 absconditur,
2229 5234 2282 5279 et
2315 5240 2421 5279 non
2454 5232 2680 5295 apparet
2707 5223 2919 5278 radius.

1888 5319 1968 5374 Ad
2018 5319 2132 5372 haec
2162 5317 2435 5387 aspiciens
2473 5315 2777 5371 modestius
2826 5322 2976 5367 tuam
3016 5310 3273 5365 traduces
3307 5309 3388 5362 vi-

1754 5420 1757 5423 ‘
1815 5423 1949 5477 tam,
1974 5410 2064 5483 qui
2098 5408 2185 5465 hic
2216 5417 2322 5475 est,
2363 5407 2708 5479 splendorem
2748 5403 3079 5472 despiciens,
3117 5409 3176 5454 ut
3202 5398 3295 5468 qui
3326 5413 3389 5451 ex

1818 5504 1891 5557 iis
1948 5518 2069 5570 quae
2117 5500 2397 5565 videntur,
2441 5497 2724 5559 didiceris,
2775 5494 2922 5564 quod
2971 5507 3080 5545 non
3130 5498 3391 5561 perpetuo

1820 5592 2049 5649 duratid
2083 5590 2228 5661 quod
2250 5599 2335 5646 est
2364 5592 2572 5643 clarum
2591 5594 2644 5641 et
2670 5580 3007 5647 illustre,sed
3025 5579 3260 5634 subinde
3275 5594 3391 5633 mu-

1822 5685 2014 5739 tabiles
2031 5691 2159 5737 sunt
2179 5680 2579 5735 contrariorum
2603 5674 3019 5733 successiones:
3048 5670 3182 5727 nihil
3207 5678 3390 5725 autem

1822 5782 2005 5831 manet
2053 5773 2163 5829 tale
2193 5772 2351 5843 quale
2382 5780 2465 5827 est
2500 5770 2557 5825 in
2604 5766 2914 5840 praesentia,
2965 5780 3076 5820 non
3104 5761 3396 5837 juventus.
