3844 6356
412 349 518 406 σετ

1612 359 1669 416 S.
1711 361 2034 420 CREGORII
2078 366 2368 423 NYSSENI

3559 371 3668 429 623

412 476 524 517 non
564 463 936 534 pulchritudo,
988 481 1095 519 non
1140 475 1473 535 potestatum
1506 480 1560 525 et
1604 473 1973 530 dominatuun

2090 483 2187 551 οὑχ
2214 483 2326 553 ἡὲκ
2353 483 2458 535 τῶν
2474 482 2805 536 δυναστειῶν
2824 482 3168 553 περιφάνεια.
3204 484 3313 537 Καὶ
3338 484 3514 538 ταῦτα
3541 487 3667 556 μὲν,

412 554 658 609 claritas.
688 554 749 608 Et
782 556 892 609 haec
920 557 1137 627 quidem
1165 558 1232 612 iis
1255 560 1456 629 quibus
1482 562 1536 615 in
1559 564 1668 617 vita
1700 581 1821 622 sors
1846 569 1984 622 obti-

412 643 489 712 git
520 660 801 714 prospera.
830 647 1044 712 Quibus
1075 656 1258 703 autem
1292 652 1508 707 videtur
1539 655 1833 722 laboriosa,
1865 676 1986 730 quae

409 750 474 788 cx
504 737 705 791 virtute
734 739 915 807 agitur
945 741 1074 803 vita,
1109 742 1175 796 iis
1216 751 1374 799 terra:
1400 748 1647 817 exemplo
1680 750 1746 804 ad
1779 766 1839 805 ea
1867 768 1986 822 quae

409 832 537 878 sunt
594 829 779 895 gravia
830 828 1045 883 fortiter
1102 832 1357 897 ferenda,
1434 838 1723 892 erudiatur
1782 843 1982 896 anima.

413 935 432 968 ι
464 915 635 972 Terra
664 927 773 974 stat
805 922 858 974 in
884 932 1170 977 arternum.
1213 942 1231 976 ι
1270 924 1409 992 Quid
1442 936 1528 981 est
1573 930 1673 983 hac
1717 931 1983 1001 immobili

408 1007 666 1063 ﬁrmitate
697 1026 758 1065 ac
790 1013 1092 1068 stabilitate
1120 1016 1481 1073 laboriosius?
1509 1027 1562 1074 et
1602 1028 1782 1077 tamen
1810 1040 1985 1094 usque

408 1095 464 1152 in
491 1105 753 1151 aeternum
791 1103 1104 1156 extenditur
1131 1104 1251 1173 ejus
1290 1108 1609 1163 statio:tibi
1635 1119 1815 1165 autem
1860 1130 1984 1183 per-

403 1186 660 1256 exiguum
689 1197 775 1243 est
815 1201 1030 1261 tempus
1062 1194 1403 1249 certaminis.
1439 1194 1514 1249 Ne
1543 1199 1620 1253 sis
1662 1201 1835 1270 magis
1866 1202 1983 1255 ina-

402 1277 587 1333 nimus
610 1295 775 1349 quam
807 1291 972 1336 terra.
1008 1280 1085 1338 Ne
1114 1284 1193 1339 sis
1227 1285 1294 1341 iis
1332 1302 1454 1356 qua:
1480 1303 1645 1343 sensu
1677 1301 1866 1346 carent
1896 1292 1983 1347 in-

403 1369 711 1439 sipientior,
747 1374 840 1442 qui
874 1390 933 1431 es
960 1376 1191 1431 rationis
1224 1379 1520 1449 particeps,
1550 1389 1602 1435 ct
1629 1383 1724 1452 qui
1772 1385 1981 1461 ratione

295 1512 308 1527 ,
405 1459 571 1515 vitam
609 1465 755 1532 regis
783 1472 837 1517 et
868 1464 1225 1522 administras
1258 1487 1271 1522 :
1312 1469 1407 1524 sed
1441 1487 1460 1521 ι
1494 1485 1675 1537 mane,
1706 1492 1725 1524 ι
1762 1459 1820 1527 ut
1847 1473 1981 1529 dicit

401 1550 720 1621 Apostolus,
760 1571 778 1604 ι
820 1555 876 1609 in
921 1556 990 1611 iis
1020 1573 1141 1628 qua:
1167 1558 1431 1625 didicisti,
1476 1570 1529 1616 et
1566 1577 1688 1633 quae
1721 1571 1850 1619 sunt
1880 1566 1979 1621 tibi

403 1643 614 1700 credita
637 1646 703 1710 ³³,
747 1665 766 1698 ι
819 1648 873 1702 in
905 1656 1051 1704 statu
1085 1650 1241 1706 ﬁrmo
1267 1658 1319 1706 et
1370 1653 1657 1709 immobili.
1697 1654 1832 1711 Nam
1875 1658 1979 1712 hoc

404 1749 623 1807 quoque
664 1747 749 1793 est
781 1740 834 1793 in
878 1740 1082 1797 divinis
1116 1744 1442 1813 praeceptis:
1482 1744 1723 1801 «'Estote
1751 1749 1977 1804 stabiles

2086 576 2197 637 τοῖς
2241 576 2301 627 ὲν
2351 574 2611 646 εὐκληρίᾳ
2657 576 2762 625 τινὶ
2812 574 3006 638 ζῶσιν·
3049 575 3194 639 ὅσοις
3237 575 3295 628 δὲ
3345 577 3606 640 ἐπίπονος
3638 579 3671 630 ὁ

2086 664 2221 735 πρὸς
2268 664 2466 735 ἀρετὴν
2510 664 2658 716 δοκεῖ
2703 663 2834 731 βίος.
2877 662 2954 732 τῷ
2999 664 3098 733 τῆς
3148 666 3250 733 γῆς
3298 664 3671 735 ὑποδείγματι

2086 756 2221 825 πρὸς
2256 755 2317 807 τὸ
2364 757 2717 825 ἐγκαρτερεῖν
2749 757 2860 816 τοῖς
2888 754 3100 818 δεινοῖς,
3129 756 3161 825 ἡ
3200 755 3346 825 ψυχὴ
3381 757 3668 827 παιδοτρι-

2084 844 2329 898 cessem
2354 842 2413 896 Ἡ
2435 844 2505 912 γῆ
2534 846 2609 905 εἰς
2634 844 2724 896 τὸν
2747 845 2915 896 αίῶνα
2937 845 3217 914 ἔστηκεν.»
3237 846 3303 898 Τί
3332 847 3673 918 μοχθηρότεο

2085 950 2178 1003 ρον
2236 935 2335 1004 τῆς
2390 936 2650 1005 ἀκινήτου
2694 936 2898 1005 ταύτης
2952 938 3309 1009 παγιότητοςς
3368 940 3463 992 καὶ
3510 941 3670 1009 ὅμως

2086 1027 2470 1096 παρατείνεται
2512 1026 2702 1098 μέχρις
2729 1028 2922 1091 αίῶνος
2955 1031 2987 1099 ἡ
3028 1029 3234 1092 στάσις.
3277 1030 3369 1082 Σοὶ
3391 1030 3446 1082 δὲ
3480 1030 3671 1098 ὀλίγος

2081 1119 2110 1170 ό
2146 1118 2245 1188 τῆς
2285 1117 2562 1189 ἀθλήσεως
2591 1119 2798 1191 χρόνος.
2832 1119 2922 1190 Μὴ
2962 1120 3113 1187 γίνου
3145 1121 3242 1189 τῆς
3267 1121 3671 1191 γῆςάψυχότε-

2086 1222 2208 1277 ρος·
2256 1207 2329 1277 μὴ
2377 1206 2528 1275 γίνου
2576 1207 2684 1260 τῶν
2717 1208 3058 1278 ἀναισθήτων
3101 1210 3469 1280 άνοητότερος.
3505 1215 3532 1264 ὀ
3570 1213 3669 1265 λο⁸

2080 1298 2277 1367 γισμὸν
2317 1298 2547 1368 εἰληχὼς
2586 1298 2682 1352 καὶ
2709 1297 2853 1369 λόγῳ
2887 1299 3022 1370 πρὸς
3049 1299 3145 1369 τὴν
3174 1301 3321 1371 ζωὴν
3352 1301 3673 1373 διοικούμε-

2079 1404 2198 1451 νος’
2230 1386 2363 1441 ἀλλὰ
2396 1407 2414 1439 ι
2454 1389 2601 1459 μένε,
2647 1408 2664 1440 ι
2699 1388 2879 1453 καθώς
2911 1392 3124 1459 φησινό
3167 1391 3501 1457 Ἀπόστολος,
3540 1414 3562 1445 ι
3608 1397 3673 1447 ἐν

2079 1472 2160 1543 οἷς
2203 1478 2405 1549 ἔμαθες
2437 1481 2530 1533 καὶ
2561 1480 2895 1550 ἐπιστώθης,
2943 1483 3000 1534 ὲν
3033 1481 3223 1553 ὲδραίᾳ
3251 1484 3343 1537 καὶ
3390 1486 3669 1554 ἀμετακί-

2079 1572 2225 1642 νήτῳ
2263 1574 2325 1642 τῇ
2359 1572 2563 1625 στάσει.
2606 1591 2624 1623 ι
2676 1573 2827 1626 Ἐπεὶ
2864 1574 2957 1626 καὶ
2987 1573 3147 1628 τοῦτο
3178 1575 3285 1628 τῶν
3329 1576 3483 1629 θείων
3510 1595 3673 1648 παρ-

2080 1661 2441 1731 αγγελμάτων
2492 1664 2630 1725 ἐστὶ,
2674 1663 2754 1726 τὸ,
2797 1682 2815 1714 ι
2865 1665 3099 1736 Ἐδραῖοι
3146 1669 3239 1720 καὶ
3264 1669 3669 1741 ἀμετακίνητοι

2079 1751 2314 1819 γίνεσθε.
2366 1771 2385 1804 ι
2438 1754 2719 1817 ’Δσειστος
2755 1753 2812 1806 ἐν
2859 1771 2938 1807 σοι
2984 1756 3190 1824 μενέτω
3234 1760 3267 1827 ἡ
3309 1760 3663 1831 σωφροσύνη.

403 1837 458 1885 et
488 1831 795 1887 immobiles
820 1833 883 1888 “.
923 1852 941 1885 ι
978 1832 1035 1888 In
1063 1843 1115 1890 te
1145 1838 1472 1889 inconcussa
1508 1844 1762 1891 maneant
1788 1845 1973 1908 tempe.

2085 1844 2258 1912 παγία
2298 1847 2330 1916 ἠ
2381 1846 2583 1910 πίστις,
2619 1846 3017 1917 ἀμετάθετοςή
3065 1824 3273 1919 ἀγάπην
3308 1824 3561 1921 altilium:

403 1923 602 1988 rantia,
634 1923 791 1979 ﬁrma
831 1926 987 1989 ﬁdes,
1042 1925 1403 1982 immutabilis
1452 1928 1719 1992 charitas,
1764 1932 1977 1987 stabilis

400 2023 457 2070 et
488 2017 782 2074 immobilis
809 2018 865 2073 in
899 2019 1049 2073 omni
1081 2018 1226 2073 bono
1253 2021 1440 2083 statio,
1483 2020 1627 2075 sicut
1660 2031 1712 2077 et
1749 2038 1869 2093 quae
1894 2034 1979 2079 est

401 2105 457 2161 in
482 2115 552 2175 te,
584 2116 731 2163 terra
766 2117 875 2165 stat
906 2110 960 2164 in
986 2117 1273 2168 arternurn.
1301 2112 1356 2167 Si
1379 2113 1504 2183 quis
1534 2122 1713 2168 autem
1744 2116 1975 2169 avaritia

401 2197 662 2254 laborans
687 2201 937 2270 pluribus
960 2203 1172 2258 divitiis
1201 2205 1393 2269 inhiat,
1421 2212 1474 2259 et
1503 2206 1667 2260 veluti
1699 2206 1974 2276 quoddam

401 2303 552 2345 mare
588 2290 908 2348 immensam
956 2294 1255 2351 extendens
1307 2297 1659 2365 cupiditatem
1687 2336 1705 2362 ,
1738 2298 1976 2368 undique

403 2385 755 2443 afﬂuentibus
802 2388 973 2445 lucris
1010 2405 1120 2443 non
1168 2398 1343 2460 potest
1386 2391 1594 2454 satiari,
1638 2392 1685 2445 is
1730 2392 1795 2446 ad
1827 2408 1977 2447 mare

399 2477 544 2548 quod
578 2487 661 2532 est
690 2478 801 2540 bic,
835 2479 1133 2549 aspiciens,
1164 2481 1412 2534 morbum
1445 2488 1618 2534 curet.
1648 2479 1769 2546 Quo
1814 2481 1976 2535 modo

399 2569 542 2622 enim
574 2568 705 2623 illud
740 2569 793 2622 in
829 2569 1323 2626 innumerabilibus
1353 2586 1617 2641 aquarum
1658 2569 1975 2625 inﬁuxioni-

400 2661 501 2715 bus
552 2668 711 2715 suum
769 2676 878 2714 non
930 2662 1333 2732 transgreditur
1385 2662 1627 2729 modum,
1672 2662 1767 2719 sed
1823 2678 1985 2735 aeque

394 2753 613 2822 plenum
640 2769 856 2824 semper
886 2763 1149 2818 remanet,
1179 2755 1406 2825 perinde
1447 2764 1611 2825 atque
1636 2755 1680 2810 si
1720 2771 1785 2810 ex
1816 2754 1973 2825 aquis

394 2843 541 2898 nulla
572 2844 664 2897 ﬁat
695 2849 941 2902 accessio
970 2866 981 2901 :
1018 2849 1090 2902 ita
1136 2848 1296 2902 etiam
1333 2847 1568 2901 humana
1599 2854 1793 2900 natura
1818 2847 1871 2900 in
1905 2846 1973 2902 iis

393 2949 517 3003 quae
554 2936 757 2991 adsunt
792 2938 1065 3002 fruendis,
1105 2940 1222 2993 suis
1271 2936 1511 2992 modulis
1552 2938 1968 3006 comprehensa,

394 3039 496 3093 per
527 3035 889 3095 proventuum
917 3045 978 3083 ac
1020 3029 1367 3094 vectigalium
1405 3028 1831 3088 multitudinem,
1859 3041 1969 3080 non

2038 1932 2137 1987 ’ὲν
2169 1936 2329 1988 παντὶ
2361 1936 2511 2005 καλῷ
2558 1939 2767 2002 στάσις,
2814 1938 2889 2001 ὡς
2934 1939 3000 1991 ἂν
3044 1939 3200 2009 καὶὴ
3244 1940 3299 1991 ἐν
3346 1957 3423 1993 σοι
3455 1942 3522 2012 γῆ
3574 1945 3667 2007 είς

2076 2027 2168 2079 τὸν
2210 2026 2381 2080 αίῶνα
2428 2029 2687 2099 εἱστήκει.
2745 2029 2809 2082 El
2856 2030 2913 2083 δέ
2962 2046 3046 2093 τις
3094 2031 3336 2104 κεχῃνὼς
3372 2033 3499 2100 πρὸς
3544 2035 3667 2103 τὴν

2077 2117 2406 2182 πλεονεξίαν,
2454 2120 2548 2172 καὶ
2591 2119 2844 2187 καθάπερ
2885 2122 3006 2173 τινὰ
3052 2120 3324 2175 θάλασσαν
3362 2122 3453 2193 τὴν
3501 2124 3661 2192 άμε-

2074 2209 2231 2281 τρίαν
2256 2210 2356 2279 τῆς
2408 2210 2700 2281 ἐπιθυμίας
2731 2211 3006 2275 ἀπλώσας,
3045 2214 3183 2284 πρὸς
3211 2215 3277 2266 τὰ
3316 2214 3665 2283 πανταχόθεν

2075 2300 2354 2369 είσρέοντα
2403 2300 2566 2372 κέρδη
2611 2303 2900 2374 ἀπλήστως
2951 2304 3083 2374 ἔχοι,
3163 2300 3317 2369 οὗτος
3367 2305 3495 2377 πρὸς
3542 2306 3660 2378 τὴν

2074 2392 2241 2454 ὅντως
2282 2392 2556 2446 Θάλασσαν
2607 2393 2849 2463 βλέπων,
2902 2395 3281 2466 θεραπευέσθω
3326 2397 3419 2467 τὴν
3465 2397 3657 2453 νόσον.

2087 2483 2172 2546 Ὠς
2201 2484 2306 2554 γὰρ
2337 2484 2533 2555 ἐκείνη,
2563 2484 2624 2539 τό
2668 2474 2864 2556 ἑαυτῆς
2895 2488 2954 2539 οὑ
2987 2488 3324 2558 παρέρχεται
3366 2488 3559 2558 μέτρον
3593 2491 3662 2541 ἐν

2073 2575 2193 2637 ταῖς
2247 2575 2468 2645 μυρίαις
2522 2575 2629 2628 τῶν
2680 2577 2888 2629 ὑδάτων
2944 2579 3251 2647 ἐπιρροαῖς,
3303 2577 3413 2630 ἀλλ’
3450 2578 3507 2629 ὲν
3566 2577 3662 2648 τῷ

2076 2665 2175 2735 iam
2225 2664 2468 2735 διαμένει
2516 2666 2867 2737 πληρώματι,
2906 2667 3156 2737 καθάπερ
3202 2668 3453 2738 οὐδεμιᾶς
3499 2668 3658 2745 αὐτῇ

2073 2756 2133 2820 ἐξ
2176 2757 2383 2810 ὑδάτων
2433 2758 2726 2828 γινομένης
2775 2758 3127 2829 προσθήκης’
3176 2762 3317 2812 κατά
3356 2759 3442 2811 τὸν
3479 2758 3660 2812 αὑτὸν

2071 2848 2270 2919 τρόπον
2304 2850 2397 2901 καὶ
2433 2851 2465 2920 ὴ
2506 2848 2819 2921 ἀνθρωπίνη
2864 2850 3026 2918 φύσις
3058 2850 3206 2913 ίδίοις
3250 2851 3459 2920 μέτροις
3487 2852 3544 2902 ὲν
3577 2855 3655 2924 τῇ

2074 2937 2369 2990 ἀπολαύσει
2390 2938 2498 2990 τῶν
2528 2939 2835 3007 προσόντων
2864 2938 3241 3009 διειλημμένη,
3270 2939 3658 3007 συμπλατῦναι

2073 3026 2149 3096 τῷ
2178 3027 2368 3097 πλήθει
2397 3028 2507 3079 τῶν
2544 3029 2816 3099 προσόδων
2842 3030 2939 3100 τὴν
2976 3029 3381 3098 ἀπολαυστικὴν
3410 3030 3659 3103 λαιμάρ-

395 3123 575 3184 potest
639 3117 804 3172 simul
840 3120 1065 3174 dilatare
1101 3118 1312 3173 avidam
1367 3129 1561 3187 praeter
1606 3127 1816 3173 natura:
1854 3134 1970 3172 mo-

2076 3135 2187 3189 γως
2228 3121 2288 3172 οὑ
2336 3120 2577 3182 δύναται,
2610 3121 2744 3173 ἀλλά
2782 3123 2842 3174 τὸ
2875 3122 2970 3189 μὲν
3005 3122 3214 3193 εἰσρέον
3247 3122 3490 3181 παύεται,
3520 3123 3555 3191 ἡ
3590 3122 3659 3176 δὲ

392 3205 521 3258 dum
579 3207 796 3261 fruendi
844 3210 1222 3278 cupiditatem,
1274 3210 1367 3263 sed
1405 3216 1585 3265 cessat
1638 3208 1856 3276 quidem
1915 3209 1968 3262 id

391 3298 537 3368 quod
580 3298 795 3366 influit;
828 3300 911 3355 vis
936 3310 1115 3354 autem
1153 3300 1367 3353 fruendi
1400 3310 1648 3354 servatur
1673 3300 1724 3353 in
1752 3299 1973 3369 proprio

393 3390 649 3445 termino.
688 3390 745 3444 Si
776 3408 909 3461 ergo
943 3393 995 3445 in
1032 3391 1266 3446 fruendo
1304 3406 1412 3445 non
1447 3399 1624 3459 potest
1660 3388 1971 3444 redundare

393 3481 552 3550 cepia
591 3490 785 3550 praeter
835 3492 1044 3536 naturm
1077 3483 1298 3537 modum
1354 3498 1455 3537 cur
1497 3482 1843 3552 vectigalium
1884 3490 1967 3534 ab

393 3574 663 3629 trahimus
697 3574 956 3653 inﬁuxus,
1003 3590 1102 3646 pro
1143 3576 1211 3630 iis
1252 3575 1796 3645 qum'ingrediuntur
1830 3590 1972 3627 nun-

393 3680 557 3735 quam
592 3666 748 3721 eﬁ'usi
791 3670 856 3721 ad
893 3667 1346 3723 benefaciendnm
1389 3668 1550 3721 aliis?
1578 3665 1844 3731 Qumiiam
1880 3680 1972 3718 an-

390 3765 501 3812 tem
536 3760 930 3814 convenienter
977 3773 1004 3812 a
1042 3759 1200 3813 nobis
1236 3759 1376 3813 datae
1406 3760 1664 3812 vanitatis
1694 3758 1966 3811 definitio-

390 3848 470 3912 ni,
500 3858 585 3904 est
619 3850 700 3904 vel
730 3850 957 3904 verbum
986 3850 1201 3911 inutile,
1232 3849 1314 3902 vel
1349 3866 1436 3903 res
1476 3849 1686 3902 inutilis
1715 3849 1781 3902 ad
1816 3847 1971 3901 vani-

389 3947 555 3995 tatem
591 3941 845 4010 pertinet,
879 3956 943 3996 ex
971 3956 1038 3996 eo
1069 3942 1294 4010 pulchre
1320 3957 1480 3993 suum
1517 3941 1717 3994 librum
1752 3939 1963 4007 incipit.

391 4028 465 4083 Ut
505 4044 682 4098 neque
708 4030 1007 4099 quidquam
1043 4028 1199 4085 exiis
1231 4045 1352 4099 quae
1396 4030 1551 4090 ﬁunt,
1599 4044 1775 4097 neque
1802 4027 1970 4095 quid-

390 4134 557 4188 quam
602 4136 668 4175 ex
719 4122 787 4175 iis
823 4137 943 4191 quae
974 4121 1253 4180 dicuntur,
1292 4121 1336 4174 si
1380 4119 1712 4189 aspiciemus
1743 4118 1808 4172 ad
1843 4134 1968 4173 eum

390 4212 486 4281 qui
522 4211 611 4265 hic
636 4213 964 4282 proponitur
1003 4227 1253 4280 scopum,
1297 4220 1557 4280 tanquam
1601 4209 1745 4278 quod
1782 4208 1970 4261 consi-

390 4309 521 4367 stat,
579 4312 915 4374 reputemus.
972 4302 1107 4356 Nam
1157 4316 1319 4355 omne
1365 4300 1606 4356 studium
1660 4298 1967 4364 hominum,

387 4392 535 4465 quod
572 4406 828 4449 versatur
873 4395 927 4448 in
963 4394 1030 4449 iis
1070 4409 1191 4463 quae
1235 4392 1300 4444 ad
1338 4392 1503 4444 vitam
1548 4389 1842 4458 pertinent,
1884 4399 1970 4441 est

2073 3212 2174 3281 τῆς
2206 3211 2556 3277 ἀπολαύσεως
2600 3212 2828 3283 δύναμις
2861 3216 2917 3265 ὲν
2965 3212 3043 3283 τῷ
3075 3214 3189 3283 ίδίῳ
3227 3214 3338 3283 ὅρῳ
3377 3213 3659 3282 φυλάσσεο

2069 3319 2179 3355 ται.
2215 3303 2275 3353 Et
2309 3298 2457 3373 οὖνὴ
2492 3302 2789 3365 ἀπόλαυσις
2822 3302 3112 3355 πλεονάσαι
3154 3305 3215 3354 οὑ
3244 3302 3458 3354 δύναται
3489 3300 3659 3370 παρὰ

2069 3392 2131 3444 τὸ
2181 3393 2376 3463 μέτρον
2424 3392 2523 3461 τῆς
2568 3392 2803 3461 φύσεως,
2856 3394 2933 3455 είς
2968 3392 3025 3445 τί
3062 3392 3161 3455 τὰς
3208 3389 3315 3443 τῶν
3366 3389 3657 3461 προσόδων

2070 3486 2329 3555 ὲπιρροἀς
2357 3483 2715 3552 ὲφελκόμεθα,
2752 3483 3006 3537 οὐδέποτε
3038 3483 3174 3553 πρὸς
3197 3483 3438 3535 εὐποιΐαν
3467 3480 3659 3534 ἄλλων

2071 3577 2214 3647 ὑπὲρ
2259 3576 2366 3628 τῶν
2417 3577 2764 3629 ἐπεισιόντων
2829 3576 3253 3646 ὑπερχεόμενοι;
3320 3573 3530 3643 Ἐπειδὴ
3586 3573 3654 3627 δὲ

2070 3667 2210 3721 κατὰ
2246 3667 2335 3720 τὸν
2365 3667 2695 3721 ἀποδοθέντα
2728 3670 2869 3737 ἡμῖν
2886 3667 2985 3737 τῆς
3023 3668 3377 3737 ματαιότητος
3406 3664 3585 3731 λόγον,
3614 3664 3654 3736 ἦ

2068 3756 2129 3809 τὺ
2166 3757 2425 3827 ἀνόνητον
2452 3758 2621 3828 ῥῆμα,
2654 3756 2686 3827 ἢ
2718 3736 2778 3809 τδ
2812 3736 3070 3826 ἀνόνητον
3097 3758 3326 3825 πρᾶγμα
3354 3754 3658 3825 ματαιότη-

2068 3866 2158 3911 τος
2219 3850 2385 3912 ἐστὶν,
2431 3848 2609 3911 καλῶς
2662 3848 2872 3901 ἐκεῖθεν
2929 3848 3024 3901 τοῦ
3064 3848 3224 3916 λόγου
3267 3832 3507 3917 ἄρχεται.
3553 3846 3658 3912 Ὠς

2069 3936 2134 3991 ἂν
2167 3939 2300 4008 μήτε
2331 3955 2384 3992 τι
2420 3938 2530 3990 τῶν
2566 3938 2885 4007 γινομένων,
2925 3939 3061 4008 μήτε
3090 3955 3142 3990 τι
3178 3936 3286 3990 τῶν
3314 3936 3650 4004 λεγομένων,

2070 4029 2225 4093 εἴτις
2273 4030 2407 4100 πρὸς
2452 4031 2542 4083 τὸν
2576 4024 2677 4083 ὧδε
2713 4030 2899 4099 βλέπει
2932 4029 3153 4091 σκοπὸν,
3187 4029 3261 4090 ὡς
3294 4026 3516 4095 ὑφεστὸς
3554 4027 3654 4081 λο-

2069 4120 2373 4191 γισώμεθα.
2427 4122 2583 4175 Πᾶσα
2628 4121 2735 4191 γὰρ
2791 4120 3091 4191 ἀνθρώπων
3139 4119 3360 4189 σπουδὴ,
3409 4119 3543 4189 πρός
3592 4137 3655 4173 τι

2068 4211 2176 4264 τῶν
2219 4214 2349 4282 περὶ
2390 4213 2481 4265 τὸν
2523 4212 2636 4281 βίον
2693 4210 3085 4280 άσχολουμένη,
3135 4209 3342 4278 νηπίων
3386 4210 3657 4281 ἄντικρύς

2070 4303 2277 4356 ἐστιτὰ
2307 4304 2398 4355 ἐπὶ
2430 4303 2655 4374 ψάμμον
2684 4302 2995 4371 ἀθύρματα,
3034 4297 3116 4365 οἷς
3144 4304 3177 4371 ὴ
3212 4301 3319 4353 τῶν
3347 4301 3657 4369 γινομένων

2070 4396 2363 4458 ἀπόλαυσις
2383 4398 2449 4465 τῇ
2480 4396 2608 4466 περ)⁵
2637 4395 2705 4448 τά
2724 4396 2983 4464 γινόμενα
3019 4394 3220 4464 σπουδῇ
3255 4391 3651 4462 συναπέληξεν.

386 4489 550 4556 plane
580 4502 880 4556 puerorum
912 4485 1075 4540 ludus
1107 4486 1160 4538 in
1197 4498 1386 4543 arena,
1422 4482 1476 4535 in
1513 4496 1622 4551 quo
1655 4495 1776 4549 quae
1803 4495 1866 4533 ex
1899 4479 1967 4532 iis

2075 4488 2223 4556 ’Ἅμα
2262 4505 2322 4540 τε
2367 4489 2475 4559 γὰρ
2524 4487 2618 4542 τοῦ
2674 4490 2855 4539 πονεῖν
2888 4486 3186 4545 ἐπαύσατο,
3228 4487 3320 4538 καὶ
3354 4486 3386 4555 ἡ
3418 4483 3654 4553 ψάμμος

388 4592 514 4646 qua:
563 4581 699 4633 ﬁunt
749 4579 963 4649 capitur
1004 4576 1328 4635 oblectatio.
1382 4574 1543 4629 simul
1594 4572 1795 4627 desinit
1835 4587 1960 4625 cum

388 4668 574 4723 studio
601 4672 744 4740 quod
778 4671 997 4740 ponitur
1027 4670 1081 4723 in
1113 4669 1183 4722 iis
1210 4682 1330 4737 quae
1366 4665 1507 4720 facta
1539 4672 1687 4718 sunt.
1719 4662 1853 4717 Nam
1887 4664 1963 4718 si-

2068 4575 2207 4646 πρὸς
2233 4575 2399 4645 αὑτὴν
2431 4578 2723 4647 συρῤυεῖσα
2747 4575 2900 4628 οὐδὲν
2931 4575 3071 4645 ίχνος
3105 4574 3214 4626 τῶν
3255 4570 3657 4641 πεπονημένων

2072 4668 2412 4720 ὑπελείπετο.

392 4762 509 4817 mul
538 4772 701 4831 atque
746 4776 774 4813 a
817 4762 1004 4815 labore
1040 4767 1312 4816 cessatum
1349 4766 1455 4823 est,
1490 4755 1654 4811 simul
1691 4770 1860 4809 arena
1926 4755 2168 4828 collapsa
2236 4759 2445 4812 nullum
2494 4757 2756 4827 relinquit
2791 4758 3080 4829 vestigium
3143 4772 3328 4811 eorum
3368 4770 3491 4826 quae
3528 4752 3653 4810 fue-

393 4860 520 4907 rant
546 4852 841 4906 elaborata.

468 4945 582 5002 lloc
608 4955 691 4999 est
723 4946 959 5000 humana
986 4947 1118 5013 vita,
1162 4959 1326 5001 arena
1362 4954 1447 5000 est
1494 4944 1744 5006 ambitio,
1797 4959 1965 5000 arena

364 5046 476 5097 -est
498 5036 773 5109 potentia,
802 5050 967 5090 arena
1004 5037 1205 5090 divitiae
1225 5075 1240 5097 ,
1277 5044 1561 5089 arenaest
1589 5033 1853 5103 quidquid
1883 5041 1967 5087 est

386 5146 453 5185 ex
482 5129 550 5183 iis
570 5128 774 5197 quibus
808 5143 1005 5197 magno
1047 5128 1229 5181 studio
1281 5143 1376 5195 per
1436 5140 1657 5179 carnem
1705 5124 1962 5188 fruimur,

383 5224 440 5287 in
471 5222 692 5293 quibus.
726 5227 785 5274 ut
817 5235 939 5289 qua:
967 5221 1188 5272 minime
1213 5220 1429 5271 valeant
1462 5217 1791 5279 consistere,
1819 5232 1962 5271 vane

385 5313 702 5367 laborantes
738 5310 1017 5365 infantiles
1049 5311 1267 5371 anima),
1296 5317 1351 5362 et
1389 5309 1442 5361 in
1495 5314 1829 5377 unoquoque
1867 5322 1962 5361 eo-

387 5417 508 5456 rum
542 5405 746 5457 multos
775 5403 994 5456 labores
1025 5402 1349 5463 tolerantes,
1389 5401 1434 5454 si
1466 5401 1642 5453 solum
1674 5413 1857 5452 arena:
1878 5400 1965 5452 lo-

390 5508 512 5548 cum
547 5495 891 5563 reliquerint.
924 5508 1044 5562 quae
1069 5494 1124 5545 in
1151 5507 1336 5553 carne,
1361 5492 1607 5558 inquam,
1633 5490 1963 5558 transigitur

390 5581 524 5646 vita,
583 5593 718 5636 tunc
747 5591 1043 5652 agnoscent
1078 5597 1241 5653 quam
1292 5582 1347 5635 in
1390 5582 1492 5634 hac
1532 5594 1591 5634 re
1626 5594 1829 5634 vanum
1866 5594 1965 5649 pou:

464 5753 507 5797 δ’
537 5752 840 5818 llTimoth.
874 5770 955 5824 Ill,
992 5754 1079 5809 Η.
1154 5756 1197 5789 ⁵⁸
1227 5754 1387 5810 lCor.
1420 5771 1505 5821 xv,
1531 5755 1618 5819 58.

2136 4940 2303 4994 Τοῦτό
2331 4942 2479 4992 ἐστιν
2519 4941 2547 4993 ὁ
2585 4938 2923 5008 ἀνθρώπινος
2954 4937 3087 5007 βίος.
3121 4938 3348 5008 ψάμμος
3376 4940 3409 5009 ἡ
3438 4939 3649 5008 φιλοτι-

2069 5032 2193 5102 μία,
2221 5031 2444 5101 ψάμμος
2485 5033 2518 5101 ή
2553 5029 2858 5093 δυναστεία,
2900 5028 3122 5098 ψάμμος
3148 5031 3176 5081 ό
3216 5028 3459 5092 πλοῦτος,
3494 5030 3653 5101 ψάμ-

2071 5141 2167 5194 μος
2207 5124 2435 5177 ἕκαστον
2482 5123 2591 5175 τῶν
2622 5121 2763 5176 κατά
2794 5121 3030 5190 σπουδὴν
3053 5120 3138 5173 διὰ
3177 5122 3377 5192 σαρκὸς
3405 5124 3647 5177 ἀπολαυ-

2065 5215 2274 5285 ομένων
2293 5258 2306 5282 ,
2354 5218 2412 5268 ὲν
2444 5212 2525 5280 οἷς
2562 5214 2658 5268 νῦν
2689 5216 2743 5268 αἱ
2777 5213 3065 5284 νηπιὼδεις
3094 5213 3263 5284 ψυχαὶ
3294 5218 3403 5278 τοῖς
3444 5217 3649 5269 ἀνυπο-

2072 5309 2286 5370 στάτοις
2314 5308 2810 5376 ὲκματαιάζουσαι,
2858 5308 2953 5360 καὶ
2985 5307 3212 5370 πολλοὺς
3246 5309 3372 5378 περὶ
3414 5308 3646 5361 ἕκαστον

2069 5400 2274 5452 τούτων
2306 5399 2671 5469 ὑπομένουσαι
2711 5399 2930 5464 πόνους,
2965 5402 3014 5452 εί
3048 5400 3207 5469 μόνον
3241 5399 3556 5452 ἀπολίποιεν
3582 5399 3648 5451 τὸ

2068 5490 2166 5560 τῆς
2194 5490 2417 5559 ψάμμου
2452 5490 2671 5561 χωρίον,
2714 5489 2811 5559 τὴν
2855 5491 2912 5541 ἐν
2943 5489 3106 5561 σαρκὶ
3148 5488 3295 5557 λέγω
3325 5488 3489 5557 ζωὴν,
3521 5488 3644 5541 τότε

2067 5580 2125 5633 τὸ
2154 5580 2381 5650 μάταιον
2405 5580 2503 5649 τῆς
2527 5574 2628 5635 ὦδε
2656 5579 2938 5652 διατριϐῆς
2968 5578 3381 5651 ἐπιγνώσονται.
3421 5578 3509 5650 Τῷ
3535 5572 3650 5650 γάρ
