3844 6348
185 312 289 369 629

1276 311 1337 365 IN
1364 311 1903 371 ECCLESMSTEN.
1945 313 2233 370 HOMILIA
2273 316 2314 369 1.

3333 312 3435 366 630

186 426 353 497 ὑλικῷ
386 426 485 496 βίῳ
511 426 603 478 καὶ
627 420 657 490 ἠ
696 445 753 477 ατ
776 422 996 490 όλαισκς
1027 443 1179 479 συνατ
1205 431 1417 497 ἔμεινεν
1438 446 1451 460 ’
1499 429 1757 497 ἐφέλκον-

1868 432 2073 486 suerint
2124 432 2387 488 studium.
2438 430 2575 487 Nam
2626 446 2751 487 cum
2806 433 2916 487 vita
2968 430 3230 486 materiali
3275 430 3436 486 simut

185 536 271 572 ται
300 518 355 571 δὲ
386 517 504 588 μεθ’
532 518 738 571 ἑαυτῶν
781 518 931 571 οὲδὲν
963 520 1045 571 ὅτι
1081 518 1155 589 μὴ
1196 520 1293 591 τὴν
1326 520 1629 591 συνείδησιν
1660 520 1754 592 μό-

186 626 300 680 νην.
332 608 398 662 Ὀ
428 624 517 679 μοι
542 607 687 661 δοκεῖ
712 608 804 660 καὶ
831 609 859 660 6
885 607 1059 676 μέγας
1093 608 1538 680 Ἐκκλησιαστὴς,
1568 609 1755 681 ὥσπερ

187 702 285 774 ἤδη
315 700 520 753 τούτων
563 700 668 766 ἔξω
699 700 1011 770 γενόμενος,
1051 702 1145 754 καὶ
1177 704 1358 772 γυμνῇ
1386 704 1453 771 τῇ
1484 701 1628 771 ψυχῇ
1656 702 1755 771 τῆς

188 795 350 847 ἁΰλου
380 790 523 862 ζωῆς
551 790 909 853 ἐπιϐατεύων,
947 792 1130 845 ἐκεῖνα
1157 788 1325 854 εἶπεν,
1372 790 1407 845 ἀ
1448 791 1592 854 εἰκός
1626 809 1753 844 ποτε

189 887 280 940 καὶ
305 887 452 956 ἡμᾶς
484 887 676 948 εἰπεῖν,
719 885 847 937 ὅταν
892 884 996 949 ἔξω
1034 883 1127 937 τοῦ
1157 884 1421 954 παραλίου
1456 885 1645 937 τούτου
1672 884 1758 937 τό·

194 996 288 1032 που
322 977 626 1048 γενώμεθα,
666 979 790 1049 περὶ
821 976 879 1030 ὃν
921 979 953 1047 ἠ
981 977 1207 1047 ψάμμος
1251 977 1417 1039 ἐστὶν,
1463 977 1625 1047 ὴύπὸ
1659 976 1759 1047 τῆς

185 1072 278 1124 τοῦ
328 1071 442 1141 βίου
488 1070 762 1140 θαλάσσης
794 1070 1137 1140 ἐκπτυομένη
1158 1109 1172 1131 ,
1222 1070 1317 1122 καὶ
1350 1071 1568 1122 πάντων
1596 1065 1807 1138 χωρι-ετ

190 1163 400 1232 σθῶμεν
454 1163 561 1216 τῶν
616 1161 1095 1233 περικτυπούντων
1147 1163 1293 1231 ἡμᾶς
1347 1161 1441 1213 κα)⁵
1485 1161 1759 1229 καταϐομ-

189 1255 423 1308 ϐούντων
451 1255 726 1325 κυμάτων,
750 1257 814 1308 ὲκ
842 1256 939 1325 τῆς
973 1253 1257 1324 νοηθείσης
1284 1252 1558 1323 θαλάσσης
1593 1251 1758 1321 μόνην

188 1349 283 1418 τὴν
314 1349 535 1419 μνήμην
560 1346 668 1399 τῶν
697 1341 797 1399 ὦδε
834 1345 1274 1400 σπουδασθέντων
1316 1344 1647 1413 ἐπαγόμενοι
1675 1341 1761 1393 λέ-

187 1454 350 1513 γομεν
386 1437 479 1502 τὸ,
532 1460 557 1488 ι
578 1438 889 1507 Ματαιότης
927 1437 1319 1508 ματαιοτήτων,
1365 1436 1459 1488 καὶ
1488 1434 1557 1486 τὰ
1587 1434 1762 1486 πάντα

192 1526 531 1597 ματαιότης,
570 1527 662 1580 καὶ
717 1523 865 1589 οὔτις
925 1522 1216 1596 περισσεία
1273 1522 1351 1593 τῷ
1397 1522 1670 1592 ἀνθρώπῳ
1717 1514 1762 1588 ᾧ

192 1619 382 1691 μοχθεῖ
422 1619 528 1673 ὑπὸ
560 1619 648 1672 τὸν
681 1619 849 1689 ἤλιον.
900 1639 918 1670 ι
976 1617 1162 1681 Οὕτως
1194 1616 1324 1689 γὰρ,
1375 1616 1516 1670 κατά
1559 1633 1624 1684 γε
1670 1615 1761 1668 τὸν

190 1711 315 1781 ἐμὸν
342 1711 529 1780 λόγον,
576 1712 756 1783 πάσης
786 1712 902 1764 ἐστὶ
942 1710 1120 1780 ψυχῆς
1162 1702 1317 1772 οὗτος
1347 1711 1375 1761 6
1404 1708 1591 1778 λόγος,
1636 1708 1761 1761 ὅταν

1844 1530 2217 1596 “ουιιιιιίὶηιιιε,
2269 1531 2501 1585 dicimus
2565 1549 2577 1583 :

1855 534 2038 577 manet
2066 523 2376 590 delectatio,
2409 539 2594 579 secum
2633 530 2813 578 autem
2850 522 2987 577 nihil
3024 523 3251 576 trahunt
3294 538 3435 591 pra:-

1850 623 1939 667 ter
1971 615 2140 668 solam
2187 614 2602 669 conscientiam.
2640 613 3006 680 Quamobrem
3054 613 3187 667 mihi
3224 613 3438 666 videtur

1859 719 2094 774 magnus
2126 704 2517 769 Ecclesiastes,
2563 711 2625 758 ut
2658 704 2749 774 qui
2779 705 2891 775 jam
2930 715 3082 759 extra
3131 685 3246 757 haec
3268 713 3436 766 esset,

1857 804 1909 849 et
1951 796 2095 850 nuda
2133 811 2198 849 ac
2251 805 2504 866 separata
2559 796 2741 857 anima
2796 796 2849 850 in
2904 796 3013 849 vita
3064 796 3305 849 materia:
3343 810 3439 848 ex-

1858 894 2009 955 perte
2039 886 2325 949 insideret,
2364 886 2455 940 illa
2487 887 2692 941 dixisse
2725 901 2845 957 quae
2872 901 2972 942 nos
3002 900 3221 955 quoque
3259 885 3439 939 dictu-

1859 994 1948 1032 ros
1978 987 2071 1033 est
2092 986 2545 1043 consentaneum,
2579 980 2798 1049 quando
2824 979 3088 1033 fuerimus
3110 988 3263 1032 extra
3287 978 3434 1032 hunc

1861 1087 2037 1126 mcum
2080 1072 2433 1133 maritimum,
2467 1071 2520 1124 in
2569 1087 2679 1140 quo
2717 1081 2800 1125 est
2836 1085 3020 1132 arena,
3069 1084 3190 1139 qua:
3221 1085 3250 1123 a
3296 1069 3435 1123 mari

1862 1164 2026 1233 hujus
2056 1164 2179 1216 vita:
2202 1163 2508 1231 exspuitur,
2553 1169 2606 1215 et
2638 1161 2876 1230 separati
2912 1159 3179 1213 fuerimus
3211 1161 3277 1212 ab
3318 1173 3436 1212 om-

1860 1257 2022 1310 nibus
2056 1254 2309 1310 fluctibus
2343 1254 2432 1323 qui
2462 1270 2560 1308 nos
2577 1254 3053 1307 circumsonantet
3085 1252 3432 1305 circumstre-

1860 1357 2014 1418 punt,
2051 1363 2116 1401 ex
2147 1346 2281 1400 mari
2305 1345 2452 1416 quod
2489 1345 2576 1399 hic
2624 1345 3000 1414 intelligimus,
3050 1344 3220 1398 solam
3256 1359 3437 1413 repor-

1862 1448 2038 1494 tantes
2075 1440 2391 1493 memoriam
2421 1453 2606 1492 eorum
2642 1438 2693 1489 in
2738 1453 2858 1506 qua:
2899 1436 3141 1490 studium
3186 1444 3434 1489 nostrum

2645 1528 2921 1584 «Vanitas
2982 1527 3307 1591 vanitatum,
3387 1535 3438 1582 et

1863 1623 2045 1678 omnia
2077 1623 2313 1675 vanitas.
2362 1619 2548 1691 Neque
2588 1620 2887 1690 quidquam
2938 1627 3191 1689 superest
3234 1617 3437 1671 homini

1863 1733 1929 1772 ex
1965 1715 2113 1769 onmi
2161 1715 2347 1768 labore
2394 1714 2487 1783 qui
2536 1722 2618 1768 est
2652 1713 2757 1766 sub
2806 1712 2943 1765 sole.
2973 1729 2990 1762 ι
3025 1708 3233 1764 Revera
3267 1707 3435 1770 enim,

189 1802 538 1872 γυμνωθεῖσα
566 1802 674 1855 τῶν
701 1802 827 1873 τῇδε
864 1803 999 1872 πρὸς
1026 1802 1115 1853 τὸν
1143 1798 1493 1869 ἐλπιζόμενον
1526 1815 1763 1869 μετοικι-

1868 1814 1921 1860 υι
1982 1822 2082 1877 ειδο
2134 1806 2354 1875 quidem
2394 1805 2600 1874 judico,
2648 1803 2892 1872 cujusvis
2936 1801 3131 1854 anima:
3186 1808 3270 1854 est
3325 1799 3439 1853 haec

190 1893 286 1962 σθῇ
322 1892 458 1963 βίον.
507 1895 628 1946 Εἴτε
675 1893 782 1964 γάρ
816 1910 868 1944 τι
900 1892 1005 1945 τῶν
1041 1891 1386 1962 ὑψηλοτέρων
1432 1891 1489 1943 ὲν
1540 1893 1606 1960 τῇ
1647 1889 1759 1960 ζωῇ

189 1982 357 2057 ταύτῃ
402 1984 750 2054 κατώρθωσε,
800 1985 1096 2053 κατηγορεῖ
1140 1979 1327 2034 τούτου
1375 1982 1432 2033 ἐν
1482 1974 1525 2048 ᾧ
1567 1978 1656 2051 ἦν,
1694 1983 1759 2050 τῇ

192 2076 323 2147 πρὸς
366 2077 430 2129 τὸ
471 2075 687 2148 εὑρεθὲν
736 2077 1052 2147 συγκρίσει,
1088 2074 1148 2129 τὸ
1179 2072 1444 2146 παρελθόν
1472 2090 1523 2126 τι
1566 2072 1761 2141 ἀτιμά-

194 2168 376 2231 ζουσα,
400 2168 510 2221 εἴτε
533 2168 626 2219 καὶ
652 2165 981 2238 προσπαθῶς
1002 2166 1130 2236 περὶ
1158 2166 1255 2236 τὴν
1282 2164 1413 2234 ὓλην
1436 2162 1760 2226 διατεθεῖσα,

194 2261 287 2313 [δοι
320 2258 387 2314 τά
415 2259 820 2331 ἀπροσδόκητα,
847 2259 940 2313 καὶ
973 2262 1037 2330 τῇ
1074 2260 1239 2329 πείρᾳ
1271 2258 1432 2329 μάθοι
1463 2256 1572 2309 τῶν
1601 2273 1766 2309 σπου-

191 2351 490 2405 δασθέντων
540 2351 668 2422 περὶ
715 2352 805 2404 τὸν
854 2350 966 2421 βίον
1008 2350 1144 2420 αὐτῇ
1195 2349 1255 2402 τὸ
1300 2348 1554 2417 ἀνόνητον
1583 2364 1597 2377 ’
1645 2346 1764 2400 τότε

193 2442 461 2514 θρηνοῦσα
509 2444 608 2515 τὴν
661 2443 842 2513 φωνὴν
888 2441 1093 2510 ταύτην
1156 2439 1469 2511 προοίσεται
1496 2479 1510 2503 ,
1566 2434 1654 2492 οἷα
1699 2438 1764 2508 δὴ

194 2534 450 2605 ποιοῦμεν
483 2535 547 2587 ὲκ
590 2534 951 2605 μεταμελείας
977 2534 1026 2586 οἰ
1056 2532 1353 2603 ἄνθρωποι,
1384 2531 1483 2594 τὰς
1516 2530 1766 2593 ἀϐουλίας

194 2628 396 2683 ἑαυτῶν
427 2630 487 2681 ὲν
524 2631 634 2691 τοῖς
668 2627 989 2696 ὀλοφυρμοῖς
1019 2624 1384 2695 διηγούμενοι,
1410 2618 1768 2683 τὸμΜαταιό-

193 2736 288 2789 της
339 2720 715 2790 ματαιοτήτων
742 2719 902 2776 ,ικαὶ
946 2716 1015 2769 τὰ
1056 2716 1369 2786 λειπόμενα.
1430 2733 1447 2764 ι
1478 2714 1687 2776 Πάντες
1716 2715 1766 2772 oi

193 2811 355 2881 λόγοι,
378 2830 399 2867 ι
434 2810 631 2881 φησὶν,
660 2830 677 2861 ι
702 2809 943 2878 ἔγκοποι.
984 2809 1075 2863 καὶ
1106 2810 1164 2862 ού
1194 2808 1477 2878 δυνήσεται
1509 2806 1646 2878 ἀνὴρ
1673 2805 1765 2859 τοῦ

194 2900 384 2954 λαλεῖν.
420 2920 438 2952 ι
485 2900 595 2953 Καὶ
630 2900 753 2968 μὴν,
785 2899 936 2951 οὐδὲν
966 2899 1029 2951 ὲκ
1056 2896 1149 2950 τοῦ
1174 2895 1458 2967 προχείρου
1489 2895 1768 2966 νομίζεται

195 2993 283 3047 τοῦ
318 2992 500 3046 λαλεῖν
525 2991 909 3061 εὐκολώτερον.
944 2991 1040 3052 Τίς
1072 2989 1181 3060 γάρ
1215 2991 1329 3041 ἐστι
1361 2988 1528 3051 κόπος
1562 2987 1640 3058 τῷ
1674 2987 1769 3040 λα-

195 3083 368 3138 λοῦντι
410 3086 440 3138 ὅ
474 3101 557 3147 τις
588 3083 863 3153 βούλεται;
907 3081 1081 3152 ’Υγρὰ
1176 3081 1394 3149 γλῶσσα
1422 3079 1516 3132 καὶ
1545 3079 1768 3148 εὔστρο-

197 3192 310 3244 ςος,
340 3177 436 3230 καὶ
469 3176 602 3247 πρὸς
640 3174 833 3243 ὅτιπερ
870 3173 1041 3225 ὲθέλοι
1077 3173 1336 3242 ῥημάτων
1378 3167 1518 3232 εἶδος
1558 3169 1770 3230 ἀπόνως

198 3269 388 3340 ἑαυτὴν
417 3267 756 3338 σχηματίζοι)
768 3283 833 3319 σα
858 3282 873 3298 ο
922 3264 1197 3327 ἀκώλυτος
1225 3266 1258 3334 ἠ
1302 3263 1433 3334 ὁλκὴ
1459 3261 1553 3315 τοῦ
1585 3261 1768 3333 ἀερίου

197 3360 518 3430 πνεύματος,
539 3352 582 3425 ᾧ
600 3374 873 3427 συγκεχρη
883 3356 1016 3427 μένη
1035 3358 1159 3420 τοὺς
1177 3356 1442 3424 φθόγγους
1459 3354 1769 3427 ἐργάζεται·

198 3452 396 3515 ἄλυπος
422 3454 544 3515 ταῖς
601 3452 851 3521 παρειαῖς
879 3453 911 3518 ἡ
954 3448 1244 3519 ὑπουργία,
1281 3448 1375 3501 καὶ⁵
1402 3450 1514 3511 τοῖς
1540 3446 1771 3517 χείλεσιν

198 3543 309 3611 ἅμα
339 3544 372 3613 ή
405 3542 544 3612 πρὸς
574 3541 995 3612 τὴνὲκιρώνησιν
1016 3538 1110 3592 τοῦ
1144 3539 1434 3608 λεγομένου
1460 3539 1767 3609 συνέργεια.

197 3635 326 3688 Τίνα
364 3630 460 3689 οὖν
502 3635 665 3705 ἐνορᾷ
730 3633 809 3705 τῷ
858 3633 1002 3703 λόγῳ
1039 3631 1130 3685 τὸν
1164 3631 1358 3695 κόπονς
1408 3630 1482 3685 Ού
1522 3631 1632 3701 γὰρ
1668 3629 1771 3699 γῆν

199 3729 549 3790 σκάπτοντες,
576 3726 610 3797 ἢ
642 3726 843 3797 πέτρας
872 3723 1275 3786 ἀνακυλίοντες,
1301 3722 1334 3792 ἢ
1360 3723 1453 3775 ἐπὶ
1480 3721 1587 3775 τῶν
1606 3721 1794 3793 ὤμωνι

197 3817 647 3890 ἀχθοφοροῦντες,
683 3817 716 3886 ἢ
749 3815 877 3869 ἀλλο
908 3834 961 3869 τι
992 3816 1103 3868 τῶν
1134 3814 1405 3868 ἐπιπόνων
1438 3813 1771 3885 κατεργαζό-

201 3926 366 3980 μενοι,
413 3908 509 3961 τὸν
559 3907 714 3976 λόγον
758 3906 1163 3977 διεξοδεύομενο
1221 3905 1355 3958 ἀλλὰ
1399 3905 1461 3958 τὸ
1492 3907 1688 3959 συστὰν
1715 3908 1772 3959 έν

197 4003 325 4071 ἡμῖν
352 4000 533 4071 νόημα
565 3999 652 4052 διὰ
694 3997 877 4067 φωνῆς
924 3995 1284 4063 ἐκκαλυφθὲν,
1331 3995 1487 4065 λόγος
1534 3996 1769 4064 ἐγένετο.

210 4093 343 4146 Ἀλλ’
369 4092 558 4163 ἐπειδὴ
585 4094 613 4146 6
640 4089 875 4153 τοιοῦτος
905 4089 1061 4158 λόγος
1086 4089 1253 4142 κόπον
1274 4088 1372 4144 οὐκ
1394 4088 1525 4158 ἔχει,
1556 4088 1773 4157 νοητέον

200 4182 264 4236 ἂν
291 4184 375 4254 εἴη
406 4184 551 4247 τίνες
592 4184 649 4237 οί,
686 4180 984 4242 κοπιῶντες
1027 4179 1203 4248 λόγοι,
1254 4172 1334 4241 οἷς
1385 4178 1773 4257 ούηδυνήσεται

201 4277 335 4349 ἀνὴρ
365 4252 472 4330 τοῦ
508 4276 704 4329 λαλεῖν.
737 4295 755 4327 ι
790 4276 853 4329 Oi
880 4273 1255 4346 πρεσϐύτεροι,
1290 4291 1309 4323 ι
1337 4252 1489 4342 φησὶ,
1532 4292 1549 4323 ι
1578 4271 1772 4342 διπλῆς

200 4369 360 4438 τιμῆς
387 4367 780 4432 ἀξιούσθωσαν,
814 4366 1047 4437 μάλιστα
1074 4368 1122 4417 οἱ
1148 4365 1448 4427 κοπιῶντες
1479 4366 1535 4416 ὲν
1560 4364 1723 4433 λόγῳ.
1750 4384 1766 4414 ι

1862 1903 2059 1966 oratio,
2084 1902 2303 1972 quando
2331 1902 2397 1955 iis
2424 1917 2542 1971 quin
2572 1900 2659 1953 hic
2693 1908 2819 1952 sunt
2850 1898 3104 1968 spoliata,
3155 1896 3222 1949 ad
3266 1895 3435 1948 vitam

1864 2009 1984 2063 quae
2013 2002 2266 2064 speratur
2304 1992 2640 2061 migraverit.
2674 1990 2807 2044 Nam
2844 1992 2957 2044 sive
2989 1987 3123 2059 quid
3149 1993 3294 2041 recte
3312 2000 3439 2055 ges-

1865 2088 1934 2139 sit
1956 2102 2031 2141 ex‘
2054 2087 2122 2141 iis
2149 2103 2271 2157 quae
2302 2087 2355 2139 in
2389 2086 2491 2139 hac
2521 2084 2628 2136 vita
2661 2092 2789 2137 sunt
2813 2082 3156 2143 sublimiora,
3182 2078 3237 2133 id
3269 2092 3436 2132 accu-

1865 2187 1949 2234 sat
1978 2180 2030 2233 in
2066 2194 2178 2249 quo
2199 2186 2339 2241 erat,
2383 2177 2427 2232 si
2451 2174 2765 2229 conferatur
2799 2189 2922 2227 cum
2954 2188 3018 2226 eo
3058 2170 3203 2241 quod
3231 2177 3315 2223 est
3351 2168 3437 2221 in-

1866 2268 2431 2336 ventum,dcspicatui
2476 2266 2684 2319 habens
2718 2265 2768 2317 id
2800 2262 2944 2332 quod
2981 2260 3257 2331 praeteriit.
3314 2257 3440 2314 Sive

1866 2359 2029 2435 etiam
2066 2373 2189 2412 cum
2219 2358 2377 2411 valde
2403 2355 2592 2411 affecta
2637 2355 2799 2408 fuerit
2826 2354 2880 2406 in
2913 2352 3219 2415 materiam,
3246 2350 3442 2404 viderit

1866 2466 1928 2504 ea
1956 2464 2077 2517 qua}
2107 2458 2407 2503 evenerunt
2455 2457 2650 2518 prwter
2677 2444 3166 2514 eXSpectatiouem,
3200 2449 3250 2496 et
3280 2457 3439 2510 expe-

1867 2544 2062 2595 rientia
2088 2542 2366 2615 didicerit,
2399 2549 2601 2611 quanta
2652 2540 2720 2593 sit
2759 2538 2986 2592 stultitia
3033 2535 3087 2589 in
3134 2536 3201 2589 iis
3241 2536 3293 2588 in
3321 2549 3442 2603 quae

1869 2636 2109 2690 studium
2144 2633 2427 2689 confertur
2478 2634 2531 2685 in
2564 2632 2665 2685 hac
2697 2632 2805 2683 vita
2842 2650 2853 2683 :
2888 2638 3018 2683 tunc
3072 2628 3260 2695 lugens
3302 2626 3442 2679 hanc

1868 2727 2077 2782 emittet
2130 2741 2340 2788 vocem,
2394 2725 2578 2795 qualia
2631 2738 2732 2777 nos
2779 2722 3026 2777 homines
3077 2717 3330 2781 facimus,
3374 2733 3439 2771 ex

1869 2818 2187 2889 pmnitentia
2219 2818 2383 2872 stulta
2421 2824 2607 2870 nostra
2630 2813 2862 2868 consilia
2890 2812 2943 2864 in
2977 2809 3179 2864 nostris
3207 2823 3441 2861 narran-

1870 2919 1953 2965 tes
1979 2910 2294 2979 ejulatibus,
2323 2918 2375 2964 et
2403 2910 2646 2963 dicentes
2681 2926 2693 2960 :
2728 2926 2745 2958 ι
2780 2905 3007 2959 Vanitas
3060 2903 3384 2966 vanitatum,
3420 2922 3437 2953 ν

1870 3009 1922 3056 et
1944 3016 2007 3055 ea
2047 3017 2168 3071 quae
2207 3007 2532 3070 sequuntur.
2584 3017 2601 3051 ι
2630 2995 2852 3059 Omnes,
2880 3015 2897 3045 ›
2932 2996 3128 3065 inquit,
3188 3015 3204 3045 ι
3232 3010 3442 3048 sermo-

1873 3109 1970 3149 nes
2002 3103 2132 3148 sunt
2158 3091 2436 3154 laboriosi,
2467 3099 2521 3145 et
2558 3104 2664 3143 non
2718 3089 2922 3158 poterit
2965 3087 3049 3140 vir
3102 3102 3196 3140 eos
3220 3086 3388 3155 loqui.
3421 3105 3439 3137 ι

1872 3183 2033 3253 Atqui
2082 3198 2182 3237 nec
2232 3183 2283 3236 in
2331 3190 2580 3251 promptu
2604 3186 2859 3234 censetur
2888 3176 3183 3246 quidquam
3231 3175 3446 3230 facilius

1872 3291 2035 3345 quam
2069 3276 2239 3345 loqui.
2275 3275 2408 3340 Quis
2434 3281 2516 3328 est
2547 3274 2691 3328 enim
2742 3273 2896 3326 labor
2925 3271 2973 3324 ei
3006 3270 3097 3339 qui
3138 3267 3307 3337 quod
3332 3268 3446 3321 vult

1864 3366 2160 3437 loquitur?
2193 3366 2403 3437 Lingua
2442 3374 2522 3421 est
2559 3365 2806 3427 humida,
2840 3371 2892 3416 et
2919 3362 3216 3424 versatilis,
3238 3361 3445 3412 etcitra

1872 3461 2112 3516 laborem
2171 3475 2230 3513 se
2266 3459 2473 3528 fingens
2522 3457 2585 3511 ad
2628 3455 2996 3525 quodcunque
3028 3468 3202 3521 genus
3248 3451 3445 3503 verbo-

1872 3567 1994 3605 rum
2031 3572 2043 3607 ;
2086 3553 2225 3607 citra
2273 3550 2725 3619 impedimentum
2784 3554 2868 3602 est
2907 3546 3162 3599 attractio
3214 3544 3443 3613 Spiritus

1873 3646 2042 3708 aerii,
2092 3660 2204 3714 quo
2266 3654 2429 3698 utens
2479 3656 2647 3696 sonos
2706 3638 2869 3694 eﬂi‘cit
2904 3658 2916 3693 :
2952 3640 3092 3693 citra
3142 3636 3446 3691 molestiam

1874 3751 2026 3805 gena:
2057 3744 2185 3789 sunt
2215 3734 2263 3787 ei
2296 3734 2635 3787 administra‘.
2675 3742 2728 3786 et
2752 3731 2901 3785 labra
2939 3730 3101 3784 simul
3156 3743 3314 3797 opem
3364 3725 3445 3780 fe-

1875 3834 2003 3880 runt
2057 3826 2122 3879 ad
2180 3841 2315 3879 voce
2363 3825 2767 3878 enuntiandum
2814 3822 2864 3876 id
2921 3819 3067 3890 quod
3115 3820 3337 3873 dicitur.
3388 3814 3446 3869 ln

1874 3930 2128 3972 sermone
2168 3930 2299 3985 ergo
2335 3929 2628 3984 quemnam
2658 3913 2804 3967 videt
2836 3910 3117 3966 laborem?
3151 3908 3268 3962 Non
3300 3907 3446 3961 enim

1874 4018 2078 4064 terram
2108 4007 2399 4069 fodientes.
2437 4013 2529 4061 aut
2570 4012 2754 4076 petras
2780 4005 3083 4065 volventes,
3117 4010 3211 4055 aut
3242 4000 3297 4054 in
3337 3999 3442 4052 hu-

1877 4102 2045 4156 meris
2075 4114 2243 4155 onera
2300 4098 2558 4163 ferentes,
2611 4106 2705 4150 aut
2740 4098 2923 4166 aliquo
2960 4096 3070 4149 alio
3119 4093 3306 4147 labore
3349 4106 3448 4145 nos

1876 4201 2196 4251 exercentes
2236 4207 2545 4249 sermonem
2595 4191 3051 4253 transmittimus,
3109 4186 3202 4242 sed
3240 4201 3360 4256 quae
3396 4185 3447 4237 iu

1877 4288 2039 4342 nobis
2072 4285 2333 4340 consistit
2360 4284 2653 4352 conceptio
2698 4283 2896 4337 mentis
2934 4297 3030 4351 per
3057 4294 3245 4334 vocem
3295 4294 3450 4332 reve-

1879 4379 2011 4443 lata,
2048 4392 2153 4429 vox
2192 4375 2432 4437 exsistit,
2464 4375 2559 4429 sed
2597 4375 2858 4445 quoniam
2898 4373 2987 4426 hic
3014 4385 3195 4428 sermo
3235 4369 3447 4424 nullum

201 4458 609 4529 Ῑίρεσϐύτερος,
655 4458 795 4512 κατά
849 4459 948 4529 τὴν
1006 4457 1334 4527 συνήθειαν,
1382 4458 1411 4508 6
1460 4454 1627 4517 ἐκϐὰς
1674 4455 1766 4523 τὴν

1880 4468 2047 4522 habet
2077 4466 2339 4526 laborem,
2389 4466 2743 4535 cogitandum
2792 4471 2875 4518 est
2908 4466 3133 4533 quinam
3187 4461 3297 4516 sint
3333 4476 3451 4515 ser-

202 4550 430 4605 ἄτακτον
460 4552 673 4622 ἡλικίαν
702 4552 795 4606 καὶ
828 4552 888 4604 ὲν
915 4551 1091 4621 γηρεᾷ
1129 4548 1456 4603 καταστάσει
1486 4547 1774 4615 γενόμενος

202 4639 437 4709 λέγεται,
479 4642 553 4704 ὼς
583 4641 637 4696 εἴ
663 4642 727 4711 γέ
759 4659 841 4705 τις
875 4641 1131 4711 ἀστατοίη
1174 4640 1253 4710 τῷ
1292 4637 1557 4709 λογισμῷ,
1591 4639 1685 4690 καὶ
1716 4638 1773 4689 ἐν

204 4731 396 4804 ἀταξίᾳ
426 4734 517 4787 τὸν
559 4734 670 4804 βίον
698 4734 833 4804 ἔχοι,
863 4732 1017 4787 οὔπω
1046 4733 1413 4804 πρεσϐύτερος
1450 4732 1477 4781 ὀ
1510 4728 1771 4791 τοιοῦτος,

206 4824 303 4880 κᾶν
330 4830 388 4882 ὲν
419 4828 581 4899 πολιᾷ
607 4827 760 4898 τύχοι
788 4827 1130 4898 φαινόμενος,
1164 4824 1275 4878 ἀλλ’
1307 4824 1386 4877 ἔτι
1427 4825 1584 4893 ἀνήρ.
1634 4822 1776 4874 Οὐκ-

205 4918 293 4971 οῦν
324 4921 372 4970 οί
400 4917 546 4986 λόγοι
577 4919 630 4972 οἵ
659 4935 721 4986 γε
755 4917 968 4990 άληθῶς
1006 4918 1176 4985 λόγοι.
1211 4917 1260 4969 οἱ
1305 4915 1439 4986 πρὸς
1484 4914 1545 4966 τὸ
1588 4913 1775 4982 £1”sz-

208 5010 360 5077 φελές
376 5027 438 5063 τε
462 5011 553 5066 καὶ
574 5012 840 5082 χρήσιμον
865 5010 970 5063 τῶν
993 5010 1089 5062 ἀνθ
1098 5008 1293 5080 ρώπων
1316 5006 1606 5075 γινόμενοι,
1631 4997 1776 5057 οὗτοι

207 5101 430 5173 πλήρεις
468 5102 703 5173 ἱδρώτων
731 5102 836 5155 sici.
860 5101 953 5155 καὶ
983 5101 1179 5165 πόνων,
1215 5100 1308 5152 καὶ
1342 5098 1506 5151 πολὺν
1542 5096 1776 5164 ἐπάγον-

208 5208 292 5246 ται
319 5194 510 5257 κόπον,
542 5196 628 5250 ἴνα
657 5195 916 5262 γένωνται
948 5192 1116 5260 λόγοι.
1175 5210 1193 5241 ι
1235 5190 1336 5242 Τὸν
1364 5191 1470 5257 γὰρ
1502 5188 1777 5241 κοπιῶντα

209 5286 448 5355 γεωργὸν
514 5285 593 5339 δεῖ
657 5285 869 5357 πρῶτον
925 5284 1017 5337 τὸν
1081 5280 1290 5353 καρπὸν
1316 5277 1769 5349 ἐιπο).αμϐἀνειν,ι

212 5376 369 5446 φησὶν
399 5380 429 5431 6
456 5377 562 5431 τῶν
590 5378 843 5431 τοιούτων
890 5376 1061 5445 λόγων
1109 5374 1382 5445 τεχνίτης,
1430 5371 1506 5433 ὦ(
1549 5370 1665 5423 δέον
1702 5370 1777 5442 μὴ

215 5466 359 5540 ῥῆμα
385 5468 625 5524 νοεῖσθαι
655 5469 745 5523 τὸν
777 5468 968 5538 λόγον,
1018 5465 1153 5521 ἀλλὰ
1194 5465 1293 5535 τὴν
1340 5465 1397 5518 ἐν
1442 5463 1554 5526 τοῖς
1596 5460 1777 5533 ἔργοις

284 5749 324 5781 δ’
355 5750 377 5804 ι
415 5748 656 5805 Timoth.
681 5767 732 5818 v,
776 5750 862 5809 l7.

1876 4570 2066 4610 mones
2090 4555 2423 4619 laborantes,
2444 4567 2583 4623 quos
2620 4554 2703 4607 vir
2720 4551 2867 4620 loqui
2892 4566 2999 4603 non
3026 4548 3243 4618 poterit.
3268 4564 3287 4598 ι
3316 4544 3450 4600 Pre-

1877 4645 2142 4715 sbytcri,»
2192 4643 2388 4712 inquit,
2447 4642 2695 4710 «duplici
2737 4640 2942 4693 honore
2990 4638 3142 4707 digni
3207 4636 3452 4690 habean-

1876 4743 1986 4795 tur,
2018 4732 2253 4786 maxime
2282 4732 2375 4800 qui
2406 4731 2655 4784 laborant
2692 4728 2746 4782 in
2788 4743 3044 4784 sermone
3062 4727 3127 4778 ⁸⁵³.
3160 4745 3176 4777 ι
3209 4724 3447 4795 Presby—

1876 4833 1979 4887 ter,
2013 4823 2065 4877 id
2082 4831 2167 4877 est
2199 4825 2403 4887 senior,
2437 4822 2545 4877 dici
2576 4822 2734 4887 solet,
2782 4820 2873 4891 qui
2914 4817 3240 4874 insolentem
3275 4825 3327 4871 et
3369 4816 3453 4871 in-

1879 4915 2187 4971 ordinatam
2219 4915 2461 4974 excessit
2492 4922 2733 4976 actatem,
2768 4922 2822 4968 et
2856 4912 2947 4981 qui
2984 4911 3050 4967 ad
3069 4911 3296 4967 senilem
3331 4917 3450 4966 sta-

1877 5016 1992 5062 tum
2026 5010 2291 5079 pervenit.
2323 5007 2442 5074 Quo
2470 5009 2527 5061 tit
2567 5015 2626 5061 ut
2674 5010 2718 5062 si
2755 5007 2881 5077 quis
2916 5006 2989 5060 sit
3041 5011 3223 5059 mente
3276 5003 3451 5058 insta-

1876 5100 2024 5163 bilis,
2071 5108 2125 5152 et
2152 5098 2321 5152 vitam
2374 5105 2498 5168 agat
2545 5096 2937 5159 inordinatam,
2988 5095 3036 5148 is
3077 5092 3317 5147 nondum
3366 5099 3453 5147 est

1877 5191 2184 5262 presbyter,
2214 5190 2428 5245 etiamsi
2464 5190 2717 5243 videatur
2755 5188 2959 5242 habere
2987 5200 3180 5246 canos,
3217 5182 3314 5239 sed
3354 5184 3452 5239 ad-

1877 5283 1986 5337 huc
2013 5282 2098 5335 vir
2129 5288 2236 5335 est.
2271 5279 2565 5334 Sermones
2600 5294 2731 5348 ergo
2774 5270 2851 5330 illi
2882 5275 2973 5346 qui
3007 5289 3132 5328 vere
3166 5280 3295 5328 sunt
3338 5285 3454 5328 ser-

1878 5383 2092 5437 mones,
2121 5371 2212 5442 qui
2266 5371 2403 5425 fiunt
2424 5371 2490 5425 ad
2531 5371 2836 5424 animarum
2863 5366 3245 5431 utilitatem,et
3273 5362 3453 5419 homi-

1866 5464 2053 5553 \nibus
2081 5470 2217 5519 sunt.
2242 5461 2637 5524 conducibiles,
2678 5458 2711 5512 ii
2745 5456 2886 5528 pleni
2922 5462 3051 5510 sunt
3076 5454 3373 5512 sudoribus
3397 5461 3461 5515 et.
