3844 6400
314 309 411 367 635i

1550 320 1604 375 S.
1644 321 1973 383 GREGORII
2015 323 2301 383 NYSSENl

3482 324 3609 381 63%

315 425 619 493 laboribus,
651 440 704 483 et
733 434 935 488 multos
968 435 1181 491 labores
1212 436 1478 493 inducunt
1518 448 1576 495 ιιι
1612 441 1724 496 sint
1765 459 1886 498 scr-

2016 443 2194 514 ιρετὴν
2220 481 2235 507 ,
2285 444 2365 505 εἰς
2411 442 2763 496 διδασκαλίαν
2817 442 2930 512 βίου
2979 446 3093 505 τοῖς
3150 442 3352 514 ὁρῶσιν
3402 459 3609 513 προτι-

316 532 529 576 mones.
565 539 582 571 ι
611 521 973 581 Laborantem
1010 529 1157 583 enim
1188 532 1485 600 agricolam
1520 542 1735 604 oportet
1779 535 1891 604 pri-

1998 533 2255 604 θεμένην,
2291 535 2411 586 ἀντὶ
2436 533 2595 603 λόγου
2622 533 2877 602 γενέσθαι
2909 536 3021 597 τοῖς
3051 534 3480 604 διδασκομένοις.

316 626 465 668 mum
497 615 729 673 fructum
780 621 1095 692 accipere,»
1134 624 1309 695 inquit
1377 627 1571 683 horum
1622 645 1936 685 sermonum
1978 632 2260 694 artifex",
2329 639 2514 700 utpote
2548 631 2693 702 quod
2735 640 2987 702 Oporteat
3020 646 3129 686 non
3170 632 3393 687 verbum
3434 631 3611 685 intel-

317 704 409 774 ligi
439 721 771 772 sermonem,
798 713 893 767 sed
926 714 1183 770 virtutem
1212 732 1333 786 qua:
1362 728 1446 773 est
1487 720 1541 773 in
1596 722 1878 792 operibus,
1961 725 2242 794 pr0posita
2314 726 2379 777 ad
2428 725 2551 778 vita:
2600 723 2911 779 doctrinam
2970 723 3039 781 iis
3089 723 3181 794 qui
3231 723 3439 790 vident,
3487 736 3606 794 pro

318 809 568 851 sermone
595 814 717 855 esse
741 802 829 868 iis,
867 805 958 874 qui
991 805 1286 862 docentur.

386 890 591 947 Omnes
622 910 754 965 ergo
801 896 1073 967 ejusmodi
1108 917 1393 960 sermones
1452 913 1581 961 sunt
1630 906 1894 962 laboriosi

316 998 503 1044 eorum
533 987 625 1055 qui
671 989 926 1061 virtutem
959 1002 1263 1063 exponunt,
1311 1003 1370 1050 ut
1423 997 1516 1067 qui
1555 999 1790 1067 primum
1836 1000 1896 1056 in

319 1076 589 1146 scipsisjd
605 1089 749 1136 recte
777 1093 1167 1154 exsequantur,
1187 1088 1334 1157 quod
1363 1089 1580 1145 docent.
1611 1091 1725 1147 Hoc
1750 1092 1895 1149 enim

320 1178 403 1224 est
433 1179 688 1241 oportere
721 1176 957 1244 primum
1000 1178 1248 1248 accipere
1281 1197 1344 1236 ex
1383 1179 1657 1238 fructibus
1680 1197 1896 1253 eorum,

321 1278 443 1331 qttze
469 1272 596 1319 ante
631 1267 769 1324 alios
817 1269 975 1325 nobis
1011 1270 1143 1340 ipsis
1196 1289 1294 1342 per
1334 1274 1590 1328 virtutem
1638 1275 1896 1330 colimus.

319 1355 427 1408 Aut
462 1354 603 1412 forte
628 1358 792 1412 etiam
829 1360 1037 1414 ratione
1070 1363 1313 1430 praeditas
1341 1375 1556 1419 natura:
1608 1364 1900 1419 imbecilli-

323 1454 485 1503 tatem
513 1449 907 1520 interpretatur
937 1456 1079 1524 quod
1115 1456 1202 1510 hic
1241 1455 1461 1511 dicitur.
1495 1457 1727 1523 Quando
1750 1458 1898 1513 enim

321 1547 532 1595 remota
569 1557 599 1595 a
627 1544 903 1607 sensibus,
932 1547 1330 1616 qui'nominati
1376 1558 1506 1605 sunt
1552 1552 1786 1618 vanitas,
1814 1566 1898 1606 eo-

2086 908 2291 971 Πάντες
2347 902 2438 960 οὖν
2500 908 2549 959 oi
2590 904 2824 959 τοιοῦτοι
2871 906 3018 974 λόγοι
3059 905 3282 975 ἔγκοποι
3330 906 3438 959 τῶν
3488 905 3611 978 τὴν

1998 1001 2198 1074 ἀρετὴν
2230 998 2625 1071 ὑφηγουμένων
2654 998 2871 1070 πρῶτον
2902 1002 2959 1052 ὲν
3000 1000 3212 1063 ἑαυτοῖς
3261 999 3606 1071 κατορθούν-

1998 1113 2105 1149 των
2132 1097 2269 1165 ὅπερ
2297 1092 2630 1147 διδάσκουσι.
2659 1092 2830 1145 Τοῦτο
2859 1092 2969 1165 γάρ
2995 1095 3111 1146 ἐστι
3137 1092 3197 1145 τὸ
3228 1092 3339 1146 δεῖν
3370 1093 3604 1163 πρῶτον

2000 1186 2108 1239 τῶν
2162 1184 2391 1256 καρπῶν
2448 1181 2885 1254 μεταλαμϐάνειν
2908 1221 2923 1247 ,
2979 1176 3054 1237 ὧν
3106 1183 3211 1253 πρὸ
3257 1182 3365 1237 τῶν
3409 1184 3604 1237 ἄλλων

2003 1278 2212 1341 ἑαυτοῖς
2244 1274 2334 1328 διὰ
2365 1274 2463 1343 τῆς
2505 1272 2706 1344 ἀρετῆς
2739 1272 3116 1344 γεωργοῦμεν,
3160 1274 3193 1344 ἢ
3227 1273 3365 1344 τάχα
3400 1276 3495 1326 καὶ
3526 1272 3606 1327 τδ

2004 1369 2226 1432 ἀσθενὲς
2268 1368 2368 1438 τῆς
2420 1366 2645 1436 λογικῆς
2692 1365 2907 1432 φύσεως
2957 1365 3301 1438 διερμηνεύει
3341 1369 3370 1419 ό
3403 1366 3598 1434 λόγος.

2018 1460 2264 1513 Ἐπειδέω
2290 1459 2400 1528 γὰρ
2442 1457 2546 1522 ἔξω
2595 1458 2876 1528 γενόμενοι
2920 1458 3027 1511 τῶν
3064 1456 3428 1528 αἰσθητηρίων
3471 1456 3507 1510 ἃ
3557 1459 3603 1527 ἡ

2010 1553 2305 1625 ματαιότης
2332 1551 2666 1620 ὠνόμασται,
2699 1551 2779 1613 είς
2802 1550 2898 1621 τὴν
2931 1548 3039 1602 τῶν
3076 1548 3323 1619 ἀοράτων
3354 1536 3601 1618 θεωρίαν

324 1644 446 1689 rum
486 1647 608 1701 quae
660 1634 761 1687 suh
802 1646 1080 1705 aspectum
1137 1654 1243 1693 non
1293 1640 1528 1705 cadunt,
1570 1642 1904 1711 contempla-

2016 1641 2283 1696 Βιαδυείσά
2341 1658 2449 1703 πως
2482 1642 2516 1711 ἡ
2563 1639 2771 1693 διάνοια
2814 1638 3164 1709 παραστῆσαι
3216 1636 3293 1708 τῷ
3337 1636 3478 1707 λόγῳ
3525 1637 3604 1690 τὸ

324 1720 530 1781 tionem
583 1724 988 1791 quodammodo
1036 1729 1339 1797 pervadens
1388 1732 1666 1799 cogitatio,
1712 1747 1902 1802 aggre-

2016 1734 2192 1804 θοηθὲν
2243 1733 2593 1802 ἐγχειρήσει,
2648 1730 2768 1783 τότε
2823 1729 2991 1793 πολὺς
3051 1729 3257 1798 γίνεται
3300 1730 3461 1791 κόπος
3508 1728 3603 1797 τῷ

324 1810 507 1867 dietur
533 1829 788 1877 sermone
817 1819 1091 1888 expiicare
1122 1824 1263 1889 quo!
1297 1831 1477 1877 mente
1508 1822 1671 1876 fuerit
1717 1839 1905 1877 conce~

325 1908 503 1970 ptum,
537 1911 669 1958 tunc
692 1908 928 1961 Sermoni
962 1924 1191 1980 magnus
1224 1913 1437 1966 exstitit
1466 1913 1620 1967 labor
1646 1929 1740 1982 per
1762 1914 1903 1968 hanc

324 2008 512 2049 vocem
562 1996 1065 2068 interpretativam,
1111 2018 1230 2070 quae
1263 2004 1463 2057 nullam
1503 2005 1710 2059 invenit
1739 2007 1904 2060 ratio-

324 2101 447 2147 nem
473 2089 525 2159 in
557 2089 623 2157 iis
652 2092 992 2161 explicandis
1024 2110 1145 2164 qua:
1184 2104 1311 2149 sunt
1334 2095 1647 2151 inelTabilia.
1690 2098 1903 2153 Ccelutn

325 2179 573 2251 videmus
589 2182 962 2243 ,luminarium
985 2186 1328 2257 splendorem
1362 2204 1527 2243 sensu
1546 2190 1901 2261 percipimus,

327 2289 424 2348 per
461 2281 659 2341 terram
693 2276 1045 2347 ingredimur,
1083 2293 1261 2334 acrem
1307 2295 1402 2335 ore
1433 2282 1726 2345 trahimus,
1752 2297 1894 2352 aqua

327 2364 399 2431 ad~
437 2363 490 2417 id
522 2365 668 2434 quod
702 2375 913 2421 natura:
958 2368 1172 2423 videtur
1239 2372 1464 2436 utimur,
1527 2372 1706 2442 ignem
1758 2375 1903 2428 acci-

329 2452 507 2522 pimus
539 2455 605 2507 ad
635 2455 759 2509 vitae
789 2459 1366 2527 communicationem,
1398 2469 1452 2516 et
1482 2462 1525 2515 si
1558 2463 1689 2531 quid
1720 2462 1788 2517 de
1816 2462 1905 2518 his

328 2545 562 2605 velimus
595 2547 860 2616 cogitare,
911 2547 1173 2618 quidnam
1226 2551 1295 2606 sit
1330 2553 1764 2623 unumquodque
1807 2570 1903 2609 eo-

244 2634 251 2641 ”
328 2652 450 2690 rum
481 2652 601 2707 quae
631 2648 938 2693 cernuntur
973 2641 1023 2694 in
1057 2642 1270 2697 ratione
1318 2658 1431 2699 suae
1472 2646 1726 2699 essentim
1756 2664 1767 2700 :
1802 2663 1904 2701 un-

329 2728 524 2785 denam
562 2738 656 2784 aut
699 2731 973 2802 quomodo
1024 2733 1219 2788 habeat
1266 2737 1412 2806 quod
1466 2738 1750 2802 consistat,
1797 2753 1902 2792 non

328 2821 531 2891 poterit
567 2821 645 2875 vir
680 2822 850 2893 loqui.
886 2824 1104 2881 etiamsi
1128 2841 1320 2884 omnes
1354 2828 1492 2884 alios
1509 2838 1751 2900 superet,
1779 2846 1903 2884 cum

329 2913 509 2969 omnis
578 2916 1080 2984 comprehendendi
1135 2918 1364 2973 scientia
1406 2921 1471 2974 ad
1525 2935 1587 2973 ea
1623 2936 1744 2991 quae
1795 2936 1905 2975 non

330 3013 507 3073 potest
539 3008 760 3074 assequi
785 3007 1146 3072 enuntianda,
1181 3009 1253 3063 sit
1282 3010 1577 3065 imbecilla.
1623 3010 1678 3065 Si
1717 3021 1903 3067 autem

2010 1826 2152 1896 λόγῳ
2179 1824 2266 1877 διὰ
2291 1825 2385 1913 τῆς
2415 1824 2816 1895 ὲρμηνευτικῆς
2851 1821 3053 1895 ταύτης
3081 1825 3283 1892 φωνῆς,
3319 1821 3559 1892 μηδεμία
3578 1838 3602 1871 δ

2015 1917 2259 1989 μηχανὴν
2291 1915 2707 1985 ὲξευριτκούσης
2744 1915 2873 1987 περὶ
2903 1914 3000 1985 τὴν
3039 1913 3147 1966 τῶν
3192 1913 3601 1982 ἀνεκιξωνήτων

2014 2010 2325 2079 σαφήνειαν.
2356 2006 2598 2078 Οὐρανὸν
2626 2004 2864 2077 ὁρῶμεν,
2901 2004 2999 2068 τὰς
3032 2004 3140 2056 τῶν
3171 2004 3463 2076 φωστήρων
3493 2002 3601 2054 αὖ-

2012 2100 2113 2168 γὰς
2146 2102 2210 2170 τῇ
2255 2099 2504 2169 αἰσθήσει
2549 2096 2837 2167 δεχόμεθα,
2884 2096 2986 2164 γῆς
3030 2094 3459 2164 ὲπιϐεϐἠκαμεν,
3495 2092 3603 2145 τὸν

2010 2191 2153 2262 ἀέρα
2184 2189 2260 2259 τῷ
2293 2190 2521 2260 στόματι
2551 2188 2803 2258 ἕλκομεν,
2836 2188 2987 2240 ὕδατι
3030 2184 3263 2259 πρόςςτὸ
3305 2182 3490 2235 δοκοῦν
3516 2184 3595 2252 τῇ

2013 2281 2166 2351 φύσει
2204 2280 2540 2351 κεχρήμεθα,
2582 2279 2644 2333 τὸ
2676 2278 2785 2351 πῦρ
2821 2280 2899 2340 είς
2944 2276 3231 2330 κοινωνίαν
3263 2274 3376 2342 βίου
3406 2288 3592 2341 παρα-

2010 2372 2296 2443 δεχόμεθα,
2340 2372 2442 2426 κάν
2475 2369 2529 2424 τι
2558 2372 2685 2442 περὶ
2722 2369 2926 2422 τούτων
2968 2369 3217 2438 ἐννοῆσαι
3248 2365 3590 2435 θελήσωμεν,

2012 2465 2066 2519 τί
2095 2463 2200 2517 τῶν
2236 2462 2580 2534 φαινομένων
2628 2462 2859 2514 ἕκαστον
2903 2460 3110 2529 πέφυκε
3153 2457 3230 2527 τῷ
3271 2456 3370 2525 τῆς
3399 2453 3595 2516 οὐσίας

2011 2557 2173 2627 λόγῳ,
2193 2555 2352 2609 πόθεν
2374 2556 2406 2627 ἢ
2433 2556 2579 2617 ὅπως
2596 2554 2693 2625 τὴν
2717 2552 3011 2606 ὑπόστασιν
3029 2552 3208 2621 ἔσχεν,
3226 2551 3285 2603 οὐ
3303 2549 3591 2620 δυνήσεται

2012 2651 2151 2721 ἀνὴρ
2178 2647 2271 2701 τοῦ
2316 2646 2546 2716 λαλῆσαι
2580 2662 2593 2675 ’
2642 2644 2744 2699 κᾶν
2782 2643 2923 2714 ὑπὲρ
2952 2644 3077 2705 τοὺς
3104 2641 3294 2703 ἀλλουῖ
3323 2637 3397 2692 ὢν
3422 2638 3589 2711 τύχον

2015 2741 2196 2810 πάσης
2223 2736 2637 2808 καταληπτικῆς
2663 2739 2970 2805 ἐπιστήμης
2996 2733 3131 2802 πρὸς
3153 2732 3253 2801 τὴν
3281 2729 3388 2783 τῶν
3412 2729 3595 2812 avspi-

2015 2848 2157 2885 κτων
2198 2828 2550 2900 ὲξαγόρευσιν
2592 2827 2908 2896 ἀτονούσης.
2956 2825 3018 2878 Et
3063 2825 3119 2879 δὲ
3161 2827 3189 2877 ὁ
3221 2824 3350 2894 περὶ
3383 2821 3593 2875 τούτων

2014 2922 2169 2990 λόγος
2198 2922 2364 2974 κόπον
2402 2919 2516 2990 ἔχει
2559 2917 2956 2990 ὑπερϐαίνοντα
2998 2917 3097 2987 τὴν
3123 2914 3463 2987 ἀνθρωπείαν
3493 2914 3592 2966 τοῦ

2013 3012 2192 3065 λαλεῖν
2218 3010 2444 3081 δύναμίν
2471 3026 2530 3063 τε
2558 3010 2654 3063 καὶ
2678 3008 2859 3077 φύσιν,
2894 3007 2944 3060 τί
2978 3005 3043 3061 ἀν
3070 3024 3155 3070 τις
3190 3007 3334 3060 εἴποι
3361 3005 3594 3081 πάσχειν

332 3095 425 3165 qui
474 3095 543 3150 de
581 3096 665 3151 his
694 3106 778 3152 est
820 3114 1021 3165 sermo,
1078 3100 1241 3155 habet
1280 3101 1545 3165 laborem,
1588 3105 1680 3173 qui
1715 3103 1904 3158 huma-

2016 3102 2135 3165 τοὺς
2164 3105 2289 3173 περὶ
2311 3098 2477 3153 αὑτοῦ
2510 3099 2603 3151 τοῦ
2636 3098 2808 3166 Λόγου
2833 3096 3042 3163 λόγους,
3078 3096 3110 3165 ἢ
3144 3093 3238 3147 τοῦ
3262 3094 3475 3165 Πατρός
3497 3093 3592 3145 τοῦ

331 3202 458 3243 nam
495 3188 753 3258 loquendi
777 3191 885 3244 vim
913 3199 966 3245 et
996 3199 1249 3246 naturam
1280 3205 1522 3263 superat,
1542 3196 1671 3265 quid
1689 3195 1910 3250 evenire

334 3280 670 3351 censendum
707 3289 790 3336 cst
822 3282 889 3336 iis
924 3283 1015 3353 qui
1047 3282 1115 3337 de
1163 3284 1279 3352 ipso
1304 3283 1480 3339 Verbo
1524 3296 1656 3342 sunt
1700 3302 1909 3342 sermo-

334 3371 519 3443 nibus,
556 3381 648 3427 aut
679 3373 745 3427 de
775 3372 938 3429 Patre
968 3372 1166 3429 Verbi?
1199 3375 1414 3441 Quaevis
1446 3390 1593 3432 certe
1624 3385 1909 3447 quantum-

334 3464 419 3519 vis
450 3463 701 3519 sublimis
740 3467 936 3532 oratio,
965 3476 1018 3521 et
1051 3480 1153 3519 vox
1186 3469 1541 3535 quantmuvis
1589 3478 1910 3539 magnumst

334 3552 643 3623 obscuritas
675 3553 922 3625 quaedam
953 3563 1006 3610 et
1037 3555 1340 3619 silentium,
1372 3557 1416 3611 si
1459 3557 1526 3611 ad
1563 3573 1746 3614 veram
1789 3560 1907 3629 ejus

336 3647 483 3716 quod
520 3650 804 3717 quaeritur.
836 3648 1112 3717 judicelur
1151 3649 1632 3720 signiﬁcationem,
1681 3649 1816 3705 adeo
1844 3667 1903 3714 ut

334 3740 439 3805 hoc
474 3741 648 3795 solum
687 3745 907 3794 verbum
943 3741 1009 3795 dc
1029 3756 1094 3796 eo
1126 3743 1344 3811 prOprie
1375 3742 1483 3795 dici
1530 3742 1726 3811 possit,
1759 3741 1906 3811 quod

334 3832 438 3890 etsi
460 3847 649 3888 omnes
686 3840 1012 3887 moveantur
1057 3832 1439 3901 cogitationes,
1483 3841 1536 3885 et
1567 3832 1701 3886 nihil
1747 3832 1909 3886 omit-

331 3930 482 3977 tatur
517 3940 582 3980 cx
622 3925 688 3980 iis
725 3940 851 3995 qua:
880 3923 1048 3979 Deum
1097 3925 1291 3979 decent
1344 3924 1542 3979 mentis
1592 3925 1911 3994 conceptio-

334 4016 521 4083 uibus,
554 4017 600 4069 si
635 4032 736 4069 vox
766 4017 1136 4086 perpendatur
1173 4017 1241 4071 ad
1274 4017 1447 4086 ipsam
1486 4017 1607 4084 ejus
1629 4017 1779 4087 quod
1827 4026 1912 4073 est

334 4109 679 4178 propositum
714 4108 1064 4178 dignitatem,
1116 4108 1168 4161 id
1226 4109 1374 4178 quod
1428 4109 1628 4163 dixerit
1668 4126 1778 4175 non
1827 4117 1912 4166 est

334 4214 541 4269 sermo.
573 4196 691 4255 Non
722 4200 867 4263 enim
929 4200 1128 4270 poterit
1187 4200 1348 4255 homo
1389 4200 1561 4269 loqui.
1605 4200 1725 4256 Non
1762 4202 1910 4257 enim

333 4305 455 4351 eam
503 4307 625 4361 qum
683 4307 779 4362 per
836 4294 1029 4359 oculos
1086 4293 1284 4349 animus
1338 4294 1500 4361 inest,
1562 4295 1616 4348 in
1651 4310 1716 4351 eo
1765 4296 1910 4366 quod

334 4384 587 4449 cernitur
616 4385 1141 4455 contemplationem
1163 4386 1314 4445 sistit
1346 4385 1522 4451 visus,
1561 4386 1656 4441 sed
1689 4403 1909 4459 semper

2013 3194 2187 3261 Λόγου
2215 3210 2229 3259 ;
2273 3189 2454 3244 'Hmu
2488 3190 2639 3244 πᾶσα
2670 3190 2943 3259 ὑψηγορία
2974 3204 3036 3241 τε
3080 3188 3172 3241 καὶ
3214 3186 3594 3259 μεγαλοφωνία

2014 3286 2252 3354 ἁσάςρειά
2283 3284 2367 3351 τίς
2397 3285 2512 3336 ἐστι
2545 3283 2639 3335 καὶ
2663 3282 2864 3352 σιωπὴ,
2893 3282 2942 3335 εί
2988 3281 3121 3354 πρὸς
3161 3278 3261 3350 τὴν
3293 3276 3469 3347 ἀληθῆ
3496 3277 3591 3329 τοῦ

2012 3377 2342 3448 ζητουμένου
2387 3373 2666 3445 σημασίαν
2706 3372 2963 3445 κρίνοιτο,
2999 3372 3074 3435 ὡς
3104 3368 3461 3440 τοῦτομόνον
3504 3368 3590 3420 ὲπ⁹

2011 3469 2175 3523 αὑτοῦ
2203 3470 2264 3522 τὸ
2297 3467 2449 3539 ῥῆμα
2475 3466 2680 3537 κυρίως
2709 3466 2904 3529 εἰπεῖν,
2930 3465 3013 3518 ὃτι
3037 3461 3141 3517 κᾶν
3167 3463 3372 3525 πάντας
3393 3461 3592 3531 κινήσῃ

2009 3580 2094 3623 τις
2138 3561 2430 3632 λογισμοὺς
2457 3600 2470 3622 .
2514 3559 2609 3615 καὶ
2646 3559 2815 3631 μηδὲν
2860 3558 3081 3629 ἐλλείπῃ
3131 3558 3239 3611 τῶν
3275 3555 3593 3629 θεοπρεπῶν

2010 3652 2327 3722 νοημάτων·
2365 3652 2414 3705 εἰ
2434 3651 2569 3722 πρὸς
2596 3652 2762 3725 αὐτὴν
2789 3653 2887 3723 τὴν
2916 3651 3074 3717 ἀξίαν
3105 3649 3198 3704 τοῦ
3230 3648 3594 3722 προκειμένου

2012 3745 2249 3815 κρίνοιτο
2277 3745 2515 3816 ὴπφωνὴ,
2548 3746 2685 3814 ὅπερ
2718 3743 2785 3799 ἂν
2813 3745 2976 3807 εἴποι,
3008 3742 3163 3812 λόγος
3185 3743 3287 3795 οὐκ
3316 3741 3482 3794 ἔστιν.
3515 3741 3593 3793 Οὐ

2011 3836 2117 3906 γὰρ
2146 3834 2434 3905 δυνήσεται
2476 3834 2760 3906 ἄνθρωπος
2789 3833 2882 3886 τοῦ
2913 3833 3107 3891 λαλεῖν.
3157 3834 3233 3886 Οὐ
3261 3832 3370 3901 γὰρ
3393 3831 3494 3901 τὴν
3524 3830 3593 3883 δι’

2010 3928 2303 3998 ὀφθαλμῶν
2349 3927 2704 3999 ὲγγινομένην
2733 3929 2799 3998 τῇ
2849 3925 2993 3997 ψυχῇ
3029 3926 3157 4001 περὶ
3187 3924 3245 3977 τὸ
3275 3922 3597 3993 φαινόμενον

2013 4020 2243 4092 θεωρίαν
2267 4022 2300 4089 ἡ
2332 4020 2454 4089 ὄψις
2483 4019 2729 4089 ἔστησεν,
2773 4017 2910 4072 ἀλλά
2941 4017 3029 4071 ἀεὶ
3062 4016 3348 4086 βλέποντες
3372 4014 3451 4078 ὡς
3482 4030 3593 4083 μη-

2011 4113 2158 4171 δέπω
2194 4112 2498 4180 ἑωρακότες
2529 4105 2695 4173 ὦσιν,
2743 4108 2823 4163 ἔτι
2852 4110 2912 4163 ὲν
2944 4109 3135 4179 ἀγνοίᾳ
3165 4108 3228 4161 τὸ
3257 4105 3345 4161 διὰ
3373 4106 3474 4175 τῆς
3506 4107 3592 4160 αξη

2015 4207 2258 4276 σθήσεως
2283 4204 2687 4276 λαμϐανόμενον
2717 4202 2931 4274 ἔχομεν.
2964 4202 3224 4272 Διαϐἧναι
3250 4200 3309 4254 τὸ
3335 4198 3531 4271 χρῶμα
3554 4199 3590 4261 ἠ

2012 4296 2132 4365 ὄψις
2153 4296 2213 4348 οὐ
2235 4294 2457 4348 δύναται
2477 4311 2490 4324 ·
2518 4293 2632 4347 ἀλλ’
2659 4292 2773 4363 ἔχει
2797 4293 2996 4363 μέτρον
3016 4291 3117 4361 τῆς
3150 4291 3282 4354 ιδίας
3310 4288 3593 4359 ἐνεργείας

2013 4387 2075 4440 τὸ
2104 4388 2245 4440 κατά
2277 4387 2374 4456 τὴν
2423 4385 2743 4455 ἐπιφάνειαν
2784 4385 2891 4437 τῶν
2935 4383 3102 4438 ὄντων
3128 4384 3266 4453 αὐτῇ
3298 4380 3595 4453 προφαινό-

333 4476 687 4544 aspicientes,
741 4477 972 4547 perinde
1029 4492 1094 4532 ac
1136 4478 1181 4533 si
1236 4479 1478 4532 nondum
1559 4478 1904 4546 vidissemus,

2016 4495 2194 4549 μενον.
2229 4454 2695 4546 Διό-φησινβούκ
2724 4474 3169 4546 ἐμπλησθήσεται
3194 4472 3469 4542 ὀφθαλμὸς
3497 4470 3593 4524 τοῦ

335 4569 515 4624 adhuc
547 4569 601 4622 in
628 4569 975 4639 ignoratione
1012 4570 1278 4626 habemus
1315 4570 1369 4626 id
1404 4572 1548 4641 quod
1583 4588 1749 4628 sensu
1788 4588 1912 4642 per-

333 4662 559 4732 cipitur.
590 4659 726 4715 Nam
762 4663 1005 4716 colorem
1028 4677 1136 4716 non
1174 4671 1354 4733 potest
1384 4664 1539 4719 visus
1575 4664 1908 4735 pervadere:

334 4756 430 4817 sed
463 4753 684 4808 modum
715 4753 918 4823 accipit
945 4769 1056 4809 sua:
1085 4755 1424 4824 operationis
1458 4772 1525 4810 ex
1559 4772 1625 4810 eo
1644 4755 1788 4827 quod
1818 4772 1914 4827 ap-

333 4857 489 4919 paret
518 4847 573 4901 in
604 4861 793 4901 eorum
829 4860 952 4915 quae
995 4856 1124 4902 sunt
1170 4848 1489 4917 superﬁcie.
1536 4846 1911 4913 Quamobrem

333 4941 465 5008 dicit
498 4959 510 4994 :
548 4937 709 4994 «Non
737 4937 1032 4995 satiabitur
1056 4940 1251 4995 oculus
1296 4940 1438 5002 visu,
1482 4954 1583 5007 nec
1621 4941 1772 4996 auris
1807 4956 1908 4994 au-

331 5033 451 5103 ditu
486 5028 800 5104 implebitur
835 5045 849 5082 :
879 5031 989 5089 rvis
1009 5028 1269 5083 audiendi
1311 5028 1622 5098 suscipiens
1669 5029 1721 5084 id
1759 5027 1909 5099 quod

2012 4571 2178 4640 όρᾷν,
2230 4569 2324 4621 καὶ
2369 4568 2429 4621 οὐ
2478 4566 2897 4639 πληρωθήσεται
2943 4563 3037 4630 οὖς
3083 4565 3194 4620 ἀπὸ
3219 4566 3586 4639 ἀκροάσεωςί

2013 4660 2313 4731 ἀκουστικὴ
2334 4659 2561 4729 δύναμις
2593 4658 2856 4729 δεχομένη
2884 4660 2976 4711 τὸν
3006 4657 3134 4729 περὶ
3158 4656 3389 4709 ἑκάστου
3411 4654 3595 4723 λόγον,

2016 4752 2353 4824 πληροῦσθαι
2382 4751 2543 4820 φύσιν
2569 4752 2669 4804 οὐκ
2713 4752 2848 4823 ἔχει.
2881 4750 3073 4813 Οὐδεὶς
3101 4749 3208 4819 γάρ
3238 4747 3594 4819 εὑρεθήσεται

2014 4843 2171 4914 λόγος
2212 4846 2240 4897 ὁ
2285 4842 2667 4913 διαλαμϐάνων
2698 4844 2765 4897 δι’
2798 4841 3082 4914 ἀκριϐείας
3115 4842 3173 4893 ὲν
3206 4838 3382 4909 ἐαυτῷ
3408 4839 3470 4891 τὸ
3496 4838 3597 4910 ζη-

2012 4933 2294 5004 τούμενον.
2342 4933 2467 4998 Πῶς
2501 4929 2595 4987 οὖν
2628 4932 2998 5003 πλησθήσεται
3031 4930 3169 5003 ἀκοὴ
3194 4931 3295 5001 τῆς
3326 4929 3452 5001 περὶ
3485 4928 3594 4982 τῶν

2015 5026 2359 5097 ζητουμένων
2400 5026 2737 5098 ἀκροάσεως,
2769 5024 2863 5079 τοῦ
2908 5024 3238 5096 πληροῦντος
3266 5022 3366 5075 οὐκ
3401 5021 3593 5086 όντος;

328 5130 399 5186 de
427 5140 757 5199 unoquoque
782 5123 1007 5190 dicitur,
1041 5139 1072 5178 a
1104 5132 1302 5178 natura
1336 5139 1445 5178 non
1476 5124 1639 5179 habet
1675 5131 1733 5177 ut
1761 5124 2071 5194 impleatur.
2142 5123 2297 5176 Nulla
2331 5123 2477 5176 enim
2512 5121 2822 5176 invenietur
2854 5120 3053 5183 oratio,
3079 5134 3200 5189 quae
3241 5117 3384 5187 quod
3439 5131 3594 5187 qum-

331 5224 470 5277 ritur
496 5210 650 5286 inse
679 5217 922 5296 perfecte
961 5214 1413 5286 comprehendat.
1434 5215 1910 5281 Quemadmodum
1947 5229 2084 5294 ergo
2150 5215 2466 5284 implebitur
2511 5213 2663 5273 auris
2734 5210 3014 5293 auditione
3054 5225 3246 5265 eorum
3283 5224 3403 5279 quae
3450 5223 3595 5279 qua:-

332 5322 556 5378 runtur,
576 5327 701 5373 cum
729 5325 842 5381 non
872 5310 945 5368 sit
975 5309 1124 5380 quod
1156 5308 1415 5380 impleat?
1578 5368 1581 5371 η

404 5407 612 5462 Deinde
643 5414 938 5477 postquam
970 5405 1085 5460 haec
1117 5403 1277 5470 dixit,
1305 5404 1424 5473 ipse
1458 5403 1699 5474 seipsum
1736 5403 1906 5457 inter-

333 5504 516 5568 rogat,
562 5506 617 5552 et
661 5496 769 5553 sibi
821 5497 1138 5567 respondet.
1195 5496 1329 5549 Nam
1385 5510 1510 5549 cum
1559 5495 1905 5565 rogavisset:

342 5587 522 5654 (Quid
552 5595 641 5643 est
662 5588 810 5657 quod
842 5587 989 5647 fuit?
1030 5587 1150 5661 1d,:
1183 5586 1383 5663 inquit,
1428 5607 1445 5637 ι
1468 5586 1616 5657 quod
1661 5585 1909 5641 futurum

408 5741 456 5786 ἑ*
490 5736 776 5815 l'l‘imotb.
811 5761 869 5814 ιι,
899 5747 952 5813 θ.

2100 5395 2231 5451 Εἶτα
2281 5396 2419 5468 μετὰ
2457 5396 2585 5460 τοὺς
2627 5394 2818 5463 λόγους
2874 5393 3096 5455 τούτους
3121 5432 3135 5452 ,
3190 5390 3351 5453 αὐτὸς
3398 5386 3591 5472 ἑαυτὸν

2016 5493 2213 5563 ἐρωτᾷ,
2231 5490 2326 5542 καὶ
2342 5487 2521 5558 ἑαυτῷ
2535 5486 2911 5557 ἀποκρίνεται.
2942 5484 3255 5554 Ἐρωτήσας
3268 5482 3394 5552 γὰρ,
3421 5499 3440 5532 ι
3451 5481 3517 5533 Τί
3533 5480 3590 5533 τὸ

2017 5582 2269 5652 γεγονός;
2299 5578 2460 5644 Αὐτὸ,
2490 5598 2508 5631 ι
2541 5580 2691 5649 φησι,
2722 5597 2740 5628 ι
2762 5578 2823 5631 τὸ
2838 5573 3271 5645 γενηθησόμενον
3291 5597 3306 5614 -
3354 5572 3450 5627 καὶ
3465 5568 3593 5629 τίτδ
