3844 6350
172 376 266 434 653

1246 374 1311 429 IN
1352 374 1880 431 ECCLESIASTEN.
1923 373 2207 431 HOMILIA
2248 377 2289 431 ι.

3287 380 3395 436 65$

175 487 549 558 nentmtévov;
578 505 597 539 t
617 487 784 553 Αὐτὸ,
805 506 823 541 ι
842 489 1000 561 φησὶ,
1019 509 1037 541 ι
1062 490 1121 545 τὸ
1147 491 1590 569 ποιηθησόμενον.
1615 511 1634 544 ι
1662 493 1715 545 Τε

1829 500 1947 559 est;
1980 492 2184 563 etquid
2223 502 2308 547 est
2356 491 2501 561 quod
2540 490 2750 545 factum
2794 490 2920 561 est?
2958 487 3226 559 ldipsum,
3250 507 3267 540 ι
3322 489 3407 542 in-

172 576 255 639 οὖν
279 578 514 649 βούλεται
537 580 597 633 τὸ
616 579 793 653 ἐρώτη
803 597 905 651 μα;
938 581 1029 648 Ἐξ
1058 581 1378 646 ἀκολουθίας
1408 585 1440 654 ή
1449 583 1564 653 μῶν
1586 583 1724 653 πρὸς

173 670 318 725 αὑτὸν
360 670 450 740 ἀφ’
490 662 566 725 ὧν
600 672 1001 744 μεμαθήκαμεν
1024 713 1039 738 ,
1091 673 1466 731 ἀντιτιθέντων
1509 676 1603 737 καὶ
1637 675 1724 728 λε-

174 763 359 831 γόντων
383 778 395 790 ·
425 760 489 823 Et
527 763 703 819 ταῦτα
744 767 921 820 πάντα
954 766 1272 837 ματαιότης,
1316 767 1557 837 δηλονότι
1599 766 1722 829 οὔτε

172 852 376 920 γέγονεν
417 850 476 905 ἓν
520 870 574 911 τι
612 852 816 907 τούτων
843 854 880 915 ἃ
907 856 1004 925 οὐχ
1035 856 1328 926 ὑφέστηκε.
1370 856 1443 909 Τὸ
1471 856 1581 931 γὰρ
1615 858 1722 928 μά-

171 959 305 996 ταιον
335 944 547 1009 πάντως
587 945 951 1015 ἀνύπαρκτον.
1007 948 1081 1000 Τὸ
1123 948 1178 1001 δὲ
1222 948 1589 1019 ἀνύπαρκτον,
1623 951 1723 1003 οὐκ

172 1034 230 1088 ἄν
263 1050 342 1098 τις
373 1035 429 1087 ὲν
472 1037 585 1099 τοῖς
610 1038 854 1108 γεγονόσι
886 1038 1174 1109 λογίσαιτο.
1216 1041 1280 1094 Ei
1316 1041 1380 1111 δὴ
1423 1041 1592 1098 ταῦτα
1623 1044 1723 1097 οὐκ

173 1125 323 1189 ἔστιν,
370 1127 486 1181 είπὲ
520 1129 570 1181 τί
611 1130 726 1183 ἐστι
763 1130 826 1184 τὸ
856 1131 1164 1201 γενόμενον,
1194 1132 1227 1202 ἢ
1262 1136 1320 1185 ὲν
1352 1133 1429 1204 τῷ
1456 1129 1592 1187 εἶναι
1624 1134 1722 1204 μέ·

173 1233 259 1270 νει.
299 1216 559 1289 Σύπομος
588 1215 683 1273 οὖν
715 1220 864 1290 αὐτῷ
908 1221 1043 1294 πρὸς
1089 1222 1149 1274 τὸ
1192 1223 1465 1293 ὲρῶτηθὲν
1509 1226 1541 1294 ή
1586 1226 1721 1278 ἀπό-

172 1322 335 1377 κρισις
355 1325 369 1339 ·
391 1304 581 1362 Βούλει
606 1310 806 1380 γνῶναι
833 1310 885 1363 τί
912 1312 1027 1367 ἐστι
1054 1311 1112 1364 τὸ
1139 1312 1458 1382 γενόμενον;
1508 1314 1718 1383 Νόησον

170 1399 217 1451 τί
239 1401 346 1464 ἔστι
371 1400 728 1472 τὸὲσόμενον,
760 1402 853 1457 καὶ
896 1402 1174 1473 ὲπιγνώσῃ
1216 1404 1245 1456 δ
1288 1403 1500 1473 γέγονε.
1551 1405 1722 1458 Τοῦτο

170 1491 220 1544 δέ
245 1494 352 1545 ἐστι
377 1492 457 1559 τὸ,
479 1494 690 1564 Νόησόν
721 1512 831 1566 μοι,
857 1489 903 1549 ὦ
924 1495 1198 1569 ἄνθρωπε,
1222 1493 1333 1559 οἷος
1377 1498 1583 1568 γενήσῃ
1631 1497 1719 1552 διὰ

170 1584 258 1653 τῆς
284 1585 475 1655 ἀρετῆς
505 1587 697 1641 ἑαυτὸν
741 1587 982 1658 ὑψώσας,
1015 1590 1063 1642 εί
1106 1590 1247 1642 κατά
1280 1589 1457 1643 πάντα
1491 1590 1578 1643 διὰ
1611 1590 1720 1644 τῶν

171 1673 370 1741 ἀγαθῶν
397 1682 759 1749 χαρακτήρων
787 1679 884 1749 τὴν
912 1679 1089 1750 ψυχὴν
1124 1680 1488 1752 μορφωθείης,
1524 1683 1571 1733 εί
1615 1680 1722 1745 ἔξω

171 1766 331 1834 γένοιο
358 1768 461 1821 τῶν
489 1770 588 1838 τῆς
616 1770 814 1833 κακίας
844 1771 1092 1843 κηλίδων,
1124 1774 1171 1825 εί
1201 1774 1379 1827 πάντα
1410 1773 1580 1845 ῥύπον
1612 1773 1719 1827 τῶν

1824 586 1965 654 quit,
2002 605 2021 636 ι
2048 585 2195 655 quod
2238 583 2552 639 faciendum
2584 591 2687 639 est.
2712 600 2733 635 ι
2778 582 2921 648 Quid
2961 595 3093 651 ergo
3127 581 3233 635 sibi
3289 579 3405 633 vult

1826 677 1942 731 haec
1972 676 2368 747 interrogatio?
2396 674 2533 729 Cum
2558 690 2659 729 nos
2693 689 2759 729 ex
2800 673 3198 742 consequentia
3239 688 3305 725 ex
3334 671 3402 725 iis

1822 786 1944 841 qua:
1989 769 2289 824 didicimus
2332 768 2382 822 ei
2435 766 2808 837 objieeremus
2852 774 2906 819 et
2956 764 3270 819 diceremus
3298 776 3311 812 :
3338 758 3396 816 Si

1821 862 1938 915 haec
1959 860 2140 914 omnia
2171 866 2299 913 sunt
2322 859 2555 921 vanitas,
2575 859 2923 928 perspicuum
2948 866 3030 911 est
3059 856 3203 926 quod
3223 870 3400 923 neque

1823 953 1925 1006 fuit
1956 951 2253 1021 quidquam
2300 966 2367 1005 ex
2413 949 2481 1005 iis
2512 964 2633 1019 quae
2686 964 2794 1003 non
2838 950 3228 1003 constiterunt.
3262 946 3396 1001 Nam

1821 1045 1966 1112 quod
2003 1058 2201 1099 vanum
2250 1050 2356 1106 est,
2404 1042 2628 1096 omnino
2684 1057 2792 1094 non
2844 1049 3025 1109 potest
3066 1039 3396 1093 consistere.

1821 1131 1977 1202 Quod
2009 1140 2193 1185 autem
2243 1145 2348 1185 non
2412 1140 2592 1200 potest
2631 1129 2958 1192 emsistere,
3021 1144 3181 1183 nemo
3230 1128 3285 1181 in
3330 1128 3398 1182 iis

1820 1239 1942 1293 quae
1967 1225 2188 1277 {uerunt
2222 1222 2581 1292 reputaverit.
2613 1222 2708 1275 Sin
2746 1231 2927 1276 autem
2960 1222 3072 1275 haec
3103 1238 3213 1275 non
3245 1230 3395 1282 sunt,

1820 1316 1906 1368 dic
1938 1314 2071 1385 quid
2108 1315 2179 1370 sit
2208 1316 2352 1384 quod
2379 1315 2499 1377 fuit,
2533 1323 2628 1368 ant
2678 1314 3133 1383 quemadmodtmt
3181 1321 3397 1368 maneat

1821 1407 1875 1460 in
1906 1406 2171 1461 essmtia.
2198 1407 2279 1461 Ad
2313 1415 2562 1476 rogatum
2588 1420 2720 1474 ergo
2753 1405 2937 1460 brevis
2961 1413 3047 1458 est
3082 1404 3129 1457 ei
3165 1418 3397 1472 respon-

1821 1499 1904 1552 sio
1943 1496 2076 1551 :Vis
2098 1498 2241 1552 scire
2263 1496 2395 1567 quid
2435 1498 2507 1551 sit
2555 1497 2702 1566 quod
2739 1496 2859 1558 fuit,
2912 1495 3089 1564 cegita
3137 1495 3267 1562 quid
3319 1496 3396 1548 sit

1819 1589 1964 1658 quod
1995 1596 2080 1643 est
2105 1586 2373 1653 futurum,
2404 1596 2459 1643 et
2491 1602 2795 1656 cognosces
2832 1585 2882 1639 id
2915 1586 3063 1654 quod
3109 1584 3229 1639 fuit.
3285 1582 3398 1638 lloe

1819 1688 2000 1735 autem
2031 1687 2115 1736 est
2153 1698 2167 1733 :
2200 1678 2411 1749 Cogita,
2442 1697 2474 1730 η
2505 1681 2689 1742 homo,
2719 1678 2901 1748 qualis
2935 1678 3155 1731 futurus
3179 1678 3276 1735 sis.
3296 1675 3393 1745 qui

1821 1779 1873 1824 te
1903 1785 2000 1842 per
2031 1771 2288 1824 virtutem
2313 1770 2370 1824 in
2405 1770 2574 1823 altum
2613 1769 2882 1832 extulisti,
2948 1769 2993 1822 si
3042 1769 3094 1821 in
3137 1768 3396 1822 omnibus

170 1858 351 1913 ὑλικῶν
373 1862 731 1932 μολυσμάτων
750 1863 849 1933 τῆς
870 1865 1063 1918 ἑαυτοῦ
1092 1866 1303 1933 φύσεως
1332 1867 1714 1933 άποκλύσειας,

1822 1862 2060 1915 animam
2116 1860 2444 1915 formaveris
2507 1859 2667 1914 bonis
2722 1858 3160 1922 characteribus,
3223 1858 3268 1911 si
3328 1857 3399 1911 ab

169 1948 214 2011 τί
254 1953 447 2024 γενήσῃ
492 1952 584 2006 διὰ
614 1953 721 2007 τῶν
750 1953 1005 2008 τοιούτων
1041 1955 1508 2023 καλλωπιζόμενος
1532 1996 1548 2021 ,
1599 1958 1720 2013 οἵαν

169 2043 360 2115 σεαυτῷ
411 2045 728 2116 περιθήσεις
794 2048 1034 2118 μορφήν.
1096 2048 1221 2101 Ἐάν
1269 2048 1427 2101 τοῦτο
1476 2048 1719 2119 λογισμῷ

167 2135 503 2208 κατανοήσῃς,
527 2135 806 2207 ἐδιδάχθης
832 2137 893 2189 τὸ
918 2139 974 2189 ἐν
1004 2141 1114 2201 τοῖς
1145 2140 1381 2208 πρώτοις
1405 2140 1717 2210 γενόμενον,

165 2224 218 2276 τὸ
243 2226 350 2279 κατ’
383 2227 566 2281 είκόνα
606 2227 739 2281 Θεοῦ
774 2230 864 2282 καὶ
894 2228 1171 2299 ὁμοίωσιν.
1222 2231 1330 2284 Καὶ
1377 2231 1477 2284 ποῦ
1528 2232 1622 2284 νῦν
1660 2235 1716 2286 ὲ-

166 2316 296 2368 κείνό
325 2318 489 2384 ἐστιν,
517 2317 626 2390 ἐρῶ
670 2318 805 2389 πρὸς
823 2319 997 2373 ταῦτα
1025 2320 1360 2384 διδάσκοντα,
1398 2322 1426 2374 ὃ
1469 2339 1598 2375 ποτε
1628 2322 1719 2391 γέ-

165 2418 273 2479 γονε
300 2442 314 2467 ,
359 2407 451 2460 καὶ
495 2409 579 2470 είς
627 2407 850 2477 ὕστερον
895 2405 1048 2474 αὖθις
1083 2410 1379 2476 ὲλπίζεται,
1412 2412 1505 2466 νῦν
1532 2413 1588 2466 δὲ
1619 2414 1718 2467 οὐκ

165 2491 325 2561 ἔστινς
387 2497 525 2551 Ἀλλ’
568 2497 919 2569 ἀποκρίνεται
953 2500 1170 2563 πάντως
1216 2500 1305 2554 τὸν
1353 2501 1515 2555 αὐτὸν
1560 2502 1717 2569 λόγον

165 2583 282 2671 ήμῖν
305 2588 333 2639 ό
357 2586 422 2641 τὰ
448 2587 629 2659 ὑψηλὰ
660 2588 946 2656 παιδεύων,
973 2589 1053 2642 ὅτι
1082 2589 1167 2643 διὰ
1196 2589 1352 2645 τοῦτο
1380 2591 1448 2645 τὰ
1474 2593 1718 2663 παρόντα

168 2678 439 2750 ματαιότης
463 2680 800 2751 ὠνόμασται,
835 2680 967 2735 διότι
996 2684 1178 2735 ἐκεῖνα
1220 2685 1278 2736 ὲν
1309 2685 1421 2747 τοῖς
1450 2684 1716 2755 παροῦσιν

164 2766 252 2823 οὐκ
293 2769 421 2825 ἔστι.
471 2773 585 2826 Καὶ
628 2772 700 2837 τί,
736 2774 900 2844 φησὶ,
941 2774 1002 2827 τὸ
1036 2774 1432 2844 πεποιημένον;
1475 2775 1618 2828 Δύτὸ
1657 2776 1717 2830 τὸ

164 2860 588 2933 ποιηθησόμενον.
644 2865 851 2935 Μηδεὶς
891 2866 1000 2919 τῶν
1039 2867 1345 2921 ἀκουόντων
1394 2868 1717 2938 πολυλογίαν

165 2942 380 3012 ήγείσθω
414 2950 510 3003 καὶ
542 2951 777 3021 ματαίαν
805 2952 932 3006 τινὰ
977 2955 1238 3025 ῥημάτων
1266 2956 1627 3028 ἑπανάληψιν,
1657 2960 1716 3012 ὲν

163 3036 223 3103 τῇ
261 3035 484 3112 διαφορᾷ
538 3041 633 3095 τοῦ
684 3044 967 3112 γεγονότος
1018 3046 1112 3099 καὶ
1171 3046 1265 3100 τοῦ
1323 3048 1712 3120 πεποιημένου.

163 3128 390 3185 Δείκνυσι
417 3134 529 3208 γὰρ
557 3136 623 3189 δι’
653 3137 912 3210 ἐκατέρου
947 3137 1054 3193 τῶν
1080 3140 1342 3211 ῥημάτων
1368 3144 1397 3196 ό
1421 3140 1575 3211 λόγος
1616 3144 1716 3215 τὴν

163 3217 249 3287 τῆς
291 3220 463 3295 ψυχῆς
514 3224 654 3295 πρὸς
706 3226 806 3296 τὴν
848 3227 1029 3297 σάρκα
1073 3229 1356 3302 διαφοράν.
1409 3231 1635 3299 Γέγονεν
1681 3235 1715 3303 ή

162 3304 311 3380 ψυχὴ,
334 3314 425 3367 καὶ
449 3316 512 3369 τὸ
539 3315 697 3387 σῶμα
715 3318 1028 3388 πεποίηται.
1060 3308 1183 3374 Οὐκ
1202 3321 1387 3393 ἐπειδὴ
1408 3322 1536 3376 ἄλλο
1552 3340 1604 3377 τι
1624 3326 1717 3379 καὶ

162 3396 274 3451 ἄλλο
301 3404 552 3472 σημαίνει
592 3406 702 3460 τῶν
736 3408 996 3479 ῥημάτων
1027 3409 1061 3480 ή
1104 3408 1340 3480 ἔμφασις
1387 3414 1453 3485 τῇ
1485 3412 1716 3487 διαφορᾷ

162 3489 313 3563 ταύτῃ
339 3495 602 3569 κέχρηται
632 3496 743 3551 τῶν
776 3500 1037 3570 ῥημάτων
1073 3502 1159 3571 ἐφ’
1193 3502 1452 3576 ᾇκατέρου
1479 3506 1589 3560 τῶν
1615 3522 1712 3578 ση-

165 3586 479 3654 μαινομένων
521 3591 551 3643 ό
584 3588 741 3658 λόγος
763 3607 779 3623 ο
822 3579 936 3645 ἀλλ’
967 3591 1053 3646 ινα
1102 3610 1182 3647 σοι
1218 3594 1295 3668 δῷ
1325 3597 1393 3651 τά
1431 3598 1716 3671 πρόσφορα

164 3674 275 3742 περὶ
303 3679 563 3752 ἑκατέρου
590 3680 920 3750 λογίζεσθαι,
947 3686 1123 3745 ἐκεῖνο
1142 3687 1263 3741 κατ’
1292 3688 1467 3759 ἀρχὰς
1495 3690 1715 3758 γέγονεν

160 3763 190 3831 ἦ
217 3764 371 3839 ψυχὴν
394 3770 423 3823 ὃ
443 3774 525 3837 είς
555 3771 780 3846 ὕστερον
808 3775 1219 3847 καθαρισθεὼα,
1251 3780 1414 3835 πάλιν
1439 3781 1716 3853 ἀναφανή-

164 3867 318 3910 σεται.
379 3860 585 3916 Ἐκεῖνο
632 3865 927 3937 πεποίηται
970 3871 1089 3932 ταῖς
1135 3871 1291 3942 χερσὶ
1336 3871 1430 3925 τοῦ
1473 3872 1608 3927 Θεοῦ
1653 3874 1714 3927 τὸ

162 3942 304 4036 σῷμα
332 3949 720 4022 πλαττόμενον,
760 3955 788 4009 ὃ
819 3955 982 4024 δείξει
1017 3960 1129 4022 τοῖς
1161 3960 1462 4031 καθήκουσι
1502 3962 1712 4036 χρόνοις

160 4035 325 4110 nam;
356 4042 671 4109 ἀνάστασις.
714 4046 925 4101 Ὀποῖον
949 4050 1058 4120 γὰρ
1082 4050 1170 4105 άεὶ
1196 4055 1335 4122 μετὰ
1355 4052 1453 4125 τήν
1480 4056 1714 4110 ἀνάσταο

160 4138 235 4177 σιν
261 4127 405 4195 ἴδοις,
425 4132 669 4188 τοιοῦτον
693 4137 911 4203 πάντως
940 4140 1089 4211 παρὰ
1110 4141 1206 4213 τὴν
1231 4142 1455 4214 πρώτην
1482 4146 1713 4217 πεποίη-

158 4231 257 4309 ται.
310 4224 444 4279 om
492 4226 605 4298 γὰρ
649 4223 781 4283 ἄλλο
826 4230 879 4283 τί
924 4232 1072 4285 ἑστιν
1115 4235 1147 4302 ή
1196 4234 1511 4300 ἀνάστασις,
1558 4238 1606 4290 εί
1639 4238 1713 4309 μή

159 4308 357 4380 πάντως
384 4319 417 4388 ή
448 4319 533 4382 είς
558 4317 619 4372 τὸ
645 4320 866 4391 ἀρχαῖον
895 4322 1357 4393 ἀποκατάστασις.

218 4588 304 4642 Διὸ
326 4592 536 4659 τούτοις
566 4595 764 4664 ἐπάγει
806 4596 900 4649 καὶ
942 4596 1004 4650 τὸ
1047 4597 1340 4651 ἀκόλουθον
1376 4599 1580 4669 λέγων,
1630 4602 1713 4656 ὅτι

157 4673 251 4741 ἔξω
270 4680 361 4734 τοῦ
386 4685 612 4756 ἀρχαίου
644 4687 791 4739 ἐστὶν
821 4686 992 4740 οὐδέν.
1045 4706 1064 4738 ι
1090 4688 1203 4742 Ούκ
1234 4689 1352 4742 ἐστι
1377 4687 1531 4761 ιγὰρ,
1556 4694 1710 4763 φησι,

166 4771 293 4823 «πᾶν
306 4773 614 4843 πρόσφατον
629 4773 837 4829 ὑπὸτὸν
874 4776 1054 4847 ήλιονο
1101 4795 1121 4829 ι
1172 4777 1249 4842 ὡς
1289 4777 1356 4832 ἂν
1395 4780 1445 4833 εί
1487 4779 1704 4849 ἔλεγεν,

157 4853 229 4907 ὅτι
251 4859 297 4911 εί
327 4861 401 4932 μὴ
438 4863 579 4917 κατὰ
618 4863 680 4916 τὸ
706 4863 930 4934 ἀρχαῖόν
960 4868 1141 4931 ἐστιν,
1184 4868 1341 4920 οὐδέν
1375 4869 1524 4922 ἐστιν
1554 4869 1710 4935 ὅλως,

160 4944 282 5003 ἀλλὰ
321 4953 618 5023 νομίζεται.
670 4955 746 5007 οὐ
777 4954 886 5026 γάρ
911 4956 1061 5020 ἑστι,
1106 4957 1271 5028 φησὶ,
1316 4958 1624 5027 πρόσφατόν
1660 4977 1713 5013 τι

161 5036 254 5103 ὑπὸ
275 5042 363 5097 τὸν
388 5046 557 5116 ήλιον,
586 5046 728 5101 ὥστε
770 5047 999 5120 λαλῆσαί
1036 5065 1157 5102 τινα
1197 5050 1291 5102 καὶ
1332 5050 1500 5116 δεῖξαί
1527 5068 1581 5104 τι
1603 5051 1712 5104 τῶν

159 5130 565 5207 ἐπιγινομένων,
617 5140 697 5193 ὅτι
741 5138 925 5192 καινόν
975 5140 1090 5194 ἐστι
1135 5140 1294 5194 τοῦτο
1341 5142 1434 5194 καὶ
1478 5140 1555 5211 τῷ
1599 5142 1713 5195 δντι

159 5216 464 5295 ὑφέστηκεν.
517 5229 664 5300 Αὕτη
698 5229 809 5284 τῶν
853 5230 1158 5302 είρημένων
1203 5231 1351 5283 ἐστὶν
1397 5232 1430 5302 ή
1479 5231 1707 5287 διάνοια.

168 5311 225 5365 Ἦ
248 5314 301 5368 δὶ
324 5317 465 5385 λέξις
488 5321 675 5376 τοῦτον
700 5322 812 5393 ἔχει
834 5323 925 5376 τὸν
952 5324 1149 5394 τρόπον
1171 5324 1306 5377 ’Καὶ
1331 5323 1431 5377 οὐκ
1454 5323 1571 5378 ἐστι
1604 5326 1712 5378 πᾶν

160 5405 452 5478 πρόσφατον
491 5413 594 5467 ὑπὸ
623 5414 713 5469 τὸν
739 5415 891 5485 ἥλιον
933 5414 993 5478 ὃς
1026 5413 1248 5485 λαλήσει
1298 5414 1391 5467 καὶ
1434 5415 1570 5486 ἐρεῖ,
1605 5415 1711 5467 Ἴδε

162 5497 307 5553 τοῦτο
332 5505 516 5561 καινόν
543 5507 680 5563 ἔστι.
704 5508 815 5561 Καὶ
840 5505 1241 5575 ἐπαγωνίζεται
1265 5508 1379 5570 τοῖς
1403 5506 1711 5577 είρημένοις

160 5584 241 5642 διὰ
270 5591 377 5648 τῶν
402 5595 597 5669 ἑφεξῆς
622 5598 795 5667 λέγων
814 5613 828 5629 ·
874 5616 893 5649 ι
918 5595 988 5649 Ei
1011 5612 1063 5648 τι
1093 5595 1328 5666 άληθῶς,
1365 5595 1519 5667 φησι,
1554 5595 1712 5664 γέγο-

158 5691 258 5742 νεν,
288 5684 457 5741 ἐκεῖνό
483 5689 652 5753 ἐστιν,
688 5690 718 5744 ὃ
751 5691 809 5743 ὲν
844 5691 955 5751 τοῖς
999 5686 1189 5742 αἰῶσιν
1221 5688 1438 5755 ἐγένετο
1466 5690 1575 5750 τοῖς
1607 5686 1711 5757 πρὸ

159 5764 320 5848 ἡμῶν.
354 5793 373 5829 ι
429 5778 642 5851 Ταύτην
681 5781 787 5855 γὰρ
825 5779 1155 5837 ἐνδείκνυται
1186 5780 1283 5853 τὴν
1311 5779 1546 5834 διάνοιαν
1577 5779 1711 5834 αὐτὰ

1742 3184 1784 3241 C

1743 4460 1787 4514 D

1818 1954 2075 2009 omnibus
2110 1952 2227 2007 vitii
2258 1952 2500 2009 maculis
2531 1951 2701 2005 fueris
2737 1959 2999 2015 remotus,
3060 1950 3105 2003 si
3144 1951 3397 2003 materia-

1821 2044 1950 2098 liutn
1991 2044 2529 2114 inquinamentorum
2570 2042 2762 2097 sordes
2792 2056 2823 2094 a
2863 2046 2958 2095 tua
3009 2047 3206 2094 natura
3241 2040 3396 2094 elue-

1818 2136 1895 2190 ris
1917 2177 1931 2201 ,
1963 2135 2117 2205 quid,
2141 2134 2386 2205 inquam,
2424 2133 2647 2189 futurus
2680 2132 2813 2195 eris,
2842 2132 2885 2187 si
2919 2132 2997 2186 sis
3021 2132 3102 2186 sic
3134 2141 3388 2191 ornatus,

1818 2238 1870 2282 et
1904 2227 2053 2297 quali
2110 2236 2164 2281 te
2214 2224 2392 2281 t‘orma
2442 2239 2503 2281 es
2551 2223 2867 2279 induturus.
2908 2222 2966 2278 Si
3015 2222 3130 2277 hare
3177 2222 3392 2277 ratione

1818 2318 2325 2389 comprehenderis,
2358 2317 2602 2373 didicisti
2630 2317 2764 2387 quid
2812 2317 2885 2373 sit
2914 2317 2966 2371 id
3003 2315 3150 2386 quod
3196 2314 3301 2369 fuit
3331 2315 3384 2369 in

1819 2407 2032 2475 primis,
2074 2421 2268 2476 nempe
2289 2406 2435 2475 quod
2470 2405 2572 2459 fuit
2603 2405 2670 2460 ad
2700 2404 2793 2460 Dei
2830 2405 3120 2476 imaginem
3145 2413 3199 2458 et
3224 2404 3383 2458 simi-

1818 2501 2124 2558 litudinem.
2153 2498 2218 2554 Et
2248 2500 2341 2556 ubi
2377 2515 2524 2554 nunc
2549 2499 2683 2554 illud
2720 2506 2804 2555 est
2829 2499 3029 2568 (dicam
3068 2497 3118 2551 ei
3150 2498 3238 2567 qui
3284 2497 3398 2552 haec

1816 2594 1998 2661 docet)
2032 2592 2175 2663 quod
2201 2590 2309 2646 fuit
2354 2590 2671 2661 aliquando,
2712 2598 2765 2647 et
2798 2591 2851 2646 in
2878 2596 3157 2659 posterum
3200 2603 3396 2643 rursus

1818 2694 2097 2755 speratur,
2130 2697 2278 2738 nunc
2303 2691 2486 2737 autem
2522 2697 2631 2737 non
2655 2681 2784 2736 est?
2810 2680 2956 2735 ldem
3003 2690 3186 2733 autem
3233 2678 3397 2733 nobis

1816 2774 2134 2845 respondet,
2163 2775 2258 2845 qui
2291 2789 2393 2830 nos
2420 2773 2580 2828 docet
2609 2772 2906 2828 sublimia:
2940 2770 3085 2841 quod
3105 2776 3396 2840 propterea

1817 2867 2109 2937 praasentia
2151 2865 2436 2925 nominata
2482 2873 2613 2920 sunt
2653 2863 2895 2926 vanitas,
2939 2861 3087 2933 quod
3133 2862 3224 2916 illa
3285 2876 3394 2915 non

1817 2968 1947 3017 sunt
1977 2959 2120 3014 inter
2157 2960 2477 3029 praesentia.
2525 2954 2590 3011 Et
2620 2956 2752 3027 quid
2775 2965 2860 3011 est
2887 2954 3033 3025 quod
3065 2955 3264 3008 factum
3287 2950 3399 3008 est?

1818 3052 1997 3122 ipsum
2034 3050 2182 3120 quod
2229 3048 2561 3104 iaciendum.
2585 3054 2690 3103 est.
2747 3046 2919 3102 Nemo
2957 3061 3021 3101 ex
3067 3045 3136 3099 iis
3165 3045 3258 3115 qui
3297 3060 3396 3099 an-

1817 3140 1998 3204 diunt,
2023 3139 2305 3195 existimet
2320 3154 2443 3195 esse
2472 3152 2931 3209 supervacaneam
2949 3142 3003 3190 ct
3030 3135 3246 3189 inanem
3274 3150 3398 3187 ver-

1818 3233 2015 3287 borum
2048 3231 2428 3301 repetitionem
2482 3231 2538 3284 in
2573 3227 2884 3283 differentia
2934 3227 3053 3296 ejus
3103 3224 3249 3296 quod
3295 3225 3398 3279 fuit

1818 3331 1876 3378 et
1901 3322 2048 3393 quod
2093 3323 2299 3377 factum
2346 3329 2453 3377 est.
2485 3320 2590 3376 Per
2633 3329 2930 3389 utrumque
2965 3318 3112 3373 enim
3168 3317 3395 3372 verbum

1817 3411 2062 3473 ostendit
2088 3411 2269 3467 oratio
2296 3410 2493 3465 anima:
2541 3423 2573 3463 a
2626 3422 2795 3463 carne
2839 3405 3228 3461 diﬂ‘erentiam.
3269 3401 3400 3457 Fuit

1819 3519 1917 3560 seu
1947 3516 2067 3559 orta
2093 3511 2178 3560 est
2201 3503 2410 3566 anima,
2440 3506 2493 3556 et
2524 3515 2726 3570 corpus
2750 3498 2953 3553 factum
2981 3507 3086 3552 est.
3108 3494 3226 3550 Non
3257 3510 3396 3561 quo-

1818 3594 1968 3649 niam
1994 3592 2144 3647 aliud
2180 3599 2235 3647 et
2268 3590 2418 3646 aliud
2453 3589 2733 3661 signiﬁcat
2776 3587 3068 3643 verborum
3111 3586 3399 3652 emphasis

1816 3685 1920 3739 hac
1942 3685 2232 3739 verborum
2262 3684 2431 3737 utitur
2464 3680 2765 3735 diﬂ‘erentia
2819 3681 2874 3734 in
2914 3686 3146 3748 utroque
3177 3676 3392 3747 signiﬁ-

1819 3786 1964 3841 cato,
1996 3774 2091 3830 sed
2119 3782 2173 3829 et
2206 3774 2303 3829 tibi
2341 3772 2605 3827 concedat
2635 3786 2699 3826 ea
2736 3786 2858 3841 qua!
2904 3783 3144 3841 congrua
3174 3776 3304 3823 sunt
3331 3767 3399 3822 de

1818 3874 2051 3936 utroque
2084 3864 2393 3930 aestimare;
2454 3863 2510 3916 in
2561 3860 2833 3931 principio
2864 3858 2997 3914 illud
3044 3858 3146 3912 fuit
3190 3856 3396 3920 anima,

1817 3956 1962 4027 quod
1992 3954 2264 4026 posterius
2294 3961 2522 4025 purgata
2552 3967 2746 4007 rursus
2795 3950 3097 4021 apparebit.
3143 3946 3278 4001 illud
3318 3947 3400 4001 fa-

1820 4054 1968 4100 ctum
1997 4050 2082 4099 est
2110 4043 2202 4099 Dei
2229 4043 2505 4105 manibus,
2542 4034 2687 4111 qu'nd
2719 4047 2773 4095 et
2821 4039 3005 4094 ﬁctum
3027 4043 3134 4111 _est
3172 4051 3395 4106 corpus,

1819 4138 1967 4208 quod
2001 4137 2177 4207 ipsum
2237 4107 2692 4191 convenientibus
2748 4107 3086 4201 temporibus
3144 4127 3400 4183 ostendet

1821 4230 2176 4286 resurrectio.
2214 4227 2387 4295 Quale
2429 4228 2576 4283 enim
2613 4239 2831 4295 semper
2881 4224 3088 4278 videris
3134 4229 3258 4291 post
3309 4234 3397 4276 re-

1822 4322 2240 4382 surrectionem,
2278 4320 2386 4374 tale
2423 4320 2648 4373 omnino
2695 4316 2871 4386 primo
2901 4315 3103 4369 factum
3144 4322 3250 4368 est.
3286 4311 3395 4367 Ne-

1821 4429 1928 4484 que
1950 4413 2096 4467 euim
2124 4418 2209 4465 est
2240 4408 2446 4479 aliquid
2472 4409 2619 4463 aliud
2649 4406 3010 4465 resurrectio,
3044 4404 3151 4457 nisi
3178 4417 3302 4472 qum
3330 4404 3391 4457 iit

1815 4506 2038 4560 omnino
2071 4503 2124 4557 in
2156 4502 2446 4572 pristinum
2472 4507 2675 4556 statum
2710 4498 3005 4555 restitutio.

1886 4593 2247 4662 Quamobrem
2281 4592 2369 4647 bis
2410 4592 2601 4661 adjicit
2634 4589 2689 4644 id
2723 4590 2869 4660 quod
2899 4597 2984 4643 est
3014 4600 3394 4656 consequens,

1814 4685 2027 4749 dicens,
2057 4684 2192 4738 nihil
2219 4698 2343 4739 esse
2366 4690 2522 4737 extra
2552 4681 2605 4736 id
2631 4679 2777 4750 quod
2801 4687 2887 4733 est
2914 4679 2983 4731 ab
3014 4677 3192 4731 initio.
3231 4695 3249 4727 ι
3291 4675 3389 4730 Ni-

1815 4779 1893 4833 hil
1931 4785 2017 4834 est
2044 4789 2065 4826 ι
2085 4775 2255 4845 enim,
2306 4774 2505 4844 inquit,
2530 4793 2549 4825 ι
2578 4787 2774 4828 recens
2801 4771 2904 4825 sub
2922 4769 3036 4825 soie
3067 4786 3081 4823 :
3122 4787 3140 4821 ι
3171 4767 3398 4837 perinde

1814 4887 1880 4926 ac
1906 4870 1954 4927 si
1983 4870 2218 4925 diceret.-
2252 4866 2367 4924 Nisi
2391 4867 2462 4922 sit
2491 4875 2549 4921 ut
2584 4866 2687 4919 fuit
2716 4865 3022 4934 antiquitus
3048 4871 3103 4917 et
3121 4862 3191 4915 ab
3216 4860 3396 4921 initio,

1815 4959 1949 5013 nihil
1976 4965 2065 5014 est
2099 4956 2345 5023 omnino,
2386 4955 2483 5012 sed
2511 4954 2880 5010 existimatur.
2910 4950 3056 5005 Nihil
3103 4957 3192 5006 est
3221 4948 3393 5010 enim,

1815 5048 2015 5120 inquit,
2047 5062 2247 5104 recens
2274 5045 2378 5101 sub
2413 5045 2550 5109 sole,
2588 5055 2647 5098 ut
2675 5042 2878 5113 aliquis
2911 5040 3089 5112 possit
3138 5038 3307 5108 loqui,
3341 5045 3398 5090 et

1813 5143 2103 5196 ostendere
2131 5137 2341 5208 aliquid
2371 5137 2527 5193 exiis
2560 5150 2680 5207 quae
2711 5141 2836 5205 post
2869 5133 3028 5194 liunt,
3058 5131 3160 5185 hoc
3189 5143 3393 5184 novum

1812 5249 1935 5290 esse
1983 5242 2039 5288 et
2088 5244 2280 5288 revera
2341 5229 2668 5285 consistere.
2718 5226 2819 5280 Hie
2845 5222 2932 5281 est
2965 5235 3160 5279 sensus
3198 5233 3393 5273 eorum

1812 5340 1934 5396 quae
1963 5324 2110 5380 dicta
2150 5335 2305 5379 sunt.
2339 5318 2456 5376 Hoc
2502 5318 2664 5375 modo
2692 5326 2875 5372 autem
2924 5330 2984 5371 se
3013 5312 3177 5368 habet
3207 5311 3401 5368 dictio:

1812 5416 1958 5470 Nihil
1973 5424 2059 5475 est
2070 5415 2173 5471 sub
2186 5414 2303 5470 sole
2330 5426 2545 5474 recens,
2558 5424 2658 5465 nec
2674 5407 2860 5478 estqui
2881 5408 3135 5475 loquatur
3148 5412 3203 5460 et
3226 5403 3400 5474 possit

1812 5506 2015 5571 dicere,
2035 5504 2175 5561 Ecce
2193 5503 2298 5559 hoc
2317 5509 2402 5558 est
2423 5514 2634 5555 recens.
2652 5497 2720 5553 lis
2736 5503 3057 5565 autemquae
3073 5493 3219 5548 dicta
3240 5500 3394 5556 sunt,

1815 5612 1909 5667 per
1937 5612 2001 5652 ea
2032 5610 2156 5667 quae
2180 5594 2442 5663 deinceps
2472 5597 2800 5660 sequuntur,
2838 5586 3040 5642 addere
3081 5582 3393 5645 contendit,

1814 5690 2043 5745 dicens:
2082 5706 2100 5739 ι
2134 5686 2190 5741 Si
2214 5685 2368 5756 quid,
2408 5702 2429 5738 ι
2472 5683 2670 5752 inquit,
2710 5700 2728 5731 ι
2777 5694 2905 5735 vere
2938 5678 3063 5743 fuit,
3123 5676 3260 5733 illud
3307 5681 3397 5731 est

1822 5779 1965 5852 quod
2031 5778 2133 5832 fuit
2181 5777 2236 5832 in
2300 5774 2519 5833 smculis
2573 5789 2695 5846 quae
2752 5764 2980 5829 fuerunt
3029 5776 3154 5826 ante
3210 5781 3313 5823 nos
3364 5783 3388 5820 ι
3502 5813 3511 5821 .
