3844 6360
382 370 487 429 635
1613 368 1669 421 S.
1712 363 2039 422 GREGORII
2073 364 2366 422 NYSSENI
3524 374 3631 432 εδδ

385 485 544 540 Hunc
570 484 713 539 enim
739 501 958 540 sensum
990 487 1287 540 ostendunt
1310 489 1425 555 ipsa
1448 488 1744 556 Scriptum-
1769 489 1953 553 verba,

2074 491 2125 545 τὰ
2158 493 2379 562 ῥήματα
2417 493 2514 562 τῆς
2549 494 2791 566 Γραφῆς,
2820 493 2992 559 οὕτως
3019 496 3230 566 ἔχοντα,
3250 498 3392 570 Ἤδη
3408 492 3636 562 γέγονεν

385 596 506 650 qua:
539 580 619 635 sic
657 580 857 632 habent
886 578 1041 634 :Jam
1097 581 1297 635 factum
1337 589 1422 634 est
1458 581 1511 634 in
1570 582 1786 634 sacculis
1836 596 1959 650 quae

2074 585 2118 635 iv
2146 586 2257 646 τοῖς
2296 583 2453 638 αἰῶσι
2498 588 2610 649 τοῖς
2640 588 2919 654 γεγονόσιν
2962 588 3071 641 ἀπὸ
3114 585 3421 657 ἔμπροσθεν
3450 583 3631 655 ἡμῶν.

387 670 611 723 fuerunt
648 680 773 722 ante
803 685 925 721 nos.
952 668 1010 722 Si
1043 678 1222 724 autem
1251 683 1441 723 eorum
1473 684 1592 734 qute
1627 668 1768 721 laeta
1797 677 1956 732 sunt,

385 759 594 813 exstitit
617 758 841 818 oblivio,
869 759 1004 811 nihil
1034 759 1268 812 mireris.
1303 755 1435 809 Nam
1487 765 1540 811 et
1568 772 1630 810 ea
1664 752 1784 825 qua:
1814 771 1961 810 nunc.

388 855 534 913 sunt,
594 847 1023 916 comprehendet
1072 847 1296 899 oblivio.
1333 846 1567 910 Quando
1599 847 1744 900 enim
1777 847 1843 900 ad
1880 848 1960 899 vi-

386 942 522 995 tium
548 955 812 994 conversa
848 951 925 993 est
957 947 1172 997 natura.
1207 939 1471 991 bonorum
1506 939 1661 993 nobis
1686 938 1963 1007 subrepsit

387 1033 616 1086 oblivio:
652 1035 868 1101 quando
892 1039 1070 1084 autem
1090 1030 1155 1083 ad
1184 1032 1383 1082 malum
1404 1031 1746 1095 redierimus,
1770 1047 1961 1086 rursus

389 1126 590 1176 malum
620 1132 830 1193 tvgetur
856 1123 1148 1176 oblivione.
1185 1120 1339 1174 Hunc
1365 1128 1507 1175 enim
1541 1131 1669 1191 puto
1687 1138 1808 1177 esse
1838 1140 1962 1177 sen-

386 1229 506 1269 sum
530 1216 580 1266 in
612 1215 679 1266 iis
708 1214 986 1282 quaedirta
1017 1221 1164 1275 sunt,
1187 1213 1274 1266 ubi
1295 1211 1579 1271 dicit.Non
1599 1223 1682 1267 est
1703 1215 1961 1267 memoria

389 1301 604 1368 primis,
632 1317 682 1359 ei
717 1300 934 1369 quidem
958 1300 1275 1353 novissimis
1297 1316 1419 1352 cmn
1442 1299 1583 1355 facta
1609 1300 1832 1367 fuerint,
1853 1319 1962 1358 non

388 1390 491 1443 erit
526 1392 805 1443 memoria.
841 1389 1006 1456 Quasi
1049 1391 1291 1446 diceret:
1327 1393 1526 1445 Eorum
1554 1409 1675 1460 quae
1705 1394 1962 1465 deinceps

389 1489 706 1544 evenerunt,
728 1489 848 1550 post
865 1497 981 1534 eam
1003 1497 1123 1551 qute
1137 1483 1204 1536 ab
1219 1484 1374 1535 initio
1395 1482 1496 1537 fuit
1511 1482 1847 1548 felicitatem,
1869 1501 1965 1554 per

390 1586 513 1639 qua!
536 1572 587 1625 in
622 1572 779 1625 malis
799 1573 895 1625 fuit
928 1589 1100 1641 genus
1124 1574 1444 1637 humanum,
1478 1574 1736 1628 delebunt
1763 1591 1962 1629 memo-

391 1662 526 1716 riam
545 1676 607 1715 ea
622 1678 741 1730 quae
757 1665 1043 1731 postremis
1062 1665 1189 1717 olim
1209 1666 1337 1719 {ient
1353 1666 1710 1735 temporibus.
1727 1665 1843 1721 Non
1861 1669 1965 1723 erit

390 1750 537 1803 enim
566 1765 753 1803 eorum
807 1754 1066 1805 memoria
1095 1770 1219 1806 cum
1271 1755 1338 1808 iis
1366 1754 1460 1823 qui
1519 1754 1687 1808 futuri
1744 1764 1871 1810 sunt
1911 1757 1962 1811 in

2060 672 2125 727 Εἰ
2168 674 2225 727 δὲ
2265 675 2607 746 ἐπεκράτησε
2655 676 2792 747 λήθη
2831 679 2939 730 τῶν
2982 678 3307 748 γενομένων,
3341 675 3635 749 θαυμάσῃς

2065 765 2230 834 μηδέν
2257 782 2270 796 ο
2318 767 2410 819 καὶ
2444 766 2552 836 γὰρ
2574 766 2641 820 τὰ
2672 767 2766 820 νῦν
2791 768 2940 829 ὄντα,
2974 767 3109 838 λήθῃ
3136 766 3632 838 καταληφθήσεται.

2063 856 2192 907 Ὅτε
2224 854 2329 925 γὰρ
2363 859 2439 918 εἰς
2470 858 2666 910 κακίαν
2691 858 2725 929 ἡ
2753 858 2914 926 φύσις
2941 858 3159 930 ἔρρεψε,
3189 857 3326 928 λήθη
3351 857 3460 911 τῶν
3492 858 3637 923 ἀγα-

2062 942 2170 995 θῶν
2210 945 2507 1014 ἐγενόμεθα
2533 962 2545 976 ·
2593 948 2721 1000 ὅταν
2749 948 2804 1001 δὲ
2848 948 3073 1019 γένηται
3111 948 3250 1019 πρὸς
3295 948 3356 1001 τὸ
3402 947 3631 1015 ἀγαθὸν,

2064 1031 2219 1096 αὖθις
2255 1037 2384 1105 ἡμῖν
2419 1038 2451 1107 ή
2490 1038 2765 1102 ἀνάλυσις,
2796 1038 2955 1093 πάλιν
2987 1040 3046 1093 τὸ
3071 1040 3237 1093 κακὸν
3262 1038 3396 1110 λήθη
3427 1056 3641 1107 συγκα-

2062 1126 2414 1197 λυφθήσεται.
2454 1129 2670 1201 Ταύτην
2700 1130 2808 1201 γὰρ
2838 1127 2989 1201 οἶμαι
3030 1133 3126 1201 τὴν
3168 1132 3405 1185 διάνοιαν
3435 1132 3492 1183 ἐν
3518 1132 3641 1191 τοῖς

2061 1219 2369 1288 εἰρημένοις
2413 1214 2572 1282 εἶναι,
2627 1216 2684 1267 ἐν
2748 1218 2830 1285 οἷς
2881 1237 3065 1293 φησιν,
3094 1223 3207 1275 Οὐκ
3250 1223 3364 1276 ἐστι
3419 1222 3642 1291 μνήμη.

2061 1310 2173 1370 τοῖς
2224 1306 2460 1378 πρώτοις
2501 1307 2593 1361 καί
2633 1324 2697 1376 γε
2751 1312 2865 1373 τοῖς
2893 1312 3141 1381 ἐσχάτοις
3180 1310 3486 1380 γενομένοις
3531 1310 3645 1362 οὐκ

2063 1398 2215 1452 ἔσται
2269 1401 2456 1470 μνήμη
2479 1439 2493 1463 ,
2539 1400 2615 1463 ὡς
2647 1401 2713 1454 ἂν
2743 1402 2792 1453 εἰ
2825 1400 3008 1469 ἔλεγεν
3038 1419 3051 1433 ·
3092 1401 3212 1457 Τῶν
3240 1400 3645 1470 ἐπιγινομένων

2067 1491 2207 1561 μετὰ
2227 1490 2325 1562 τὴν
2347 1492 2403 1558 ἐξ
2431 1492 2603 1563 ἀρχῆς
2627 1492 2940 1563 εὐκληρίαν,
2963 1493 3031 1547 δι’
3057 1486 3131 1546 ὧν
3152 1495 3211 1546 ἐν
3234 1495 3417 1555 κακοῖς
3439 1492 3644 1559 γέγονε

2064 1581 2124 1635 τὸ
2156 1581 2512 1653 ἀνθρώπινον,
2546 1583 2814 1653 ἐξαλείψει
2849 1584 2947 1653 τὴν
2978 1585 3198 1654 μνήμην
3225 1584 3294 1637 τὰ
3330 1583 3492 1636 πάλαι
3517 1584 3646 1645 τοῖς

2065 1671 2313 1742 ἐσχάτοις
2361 1674 2732 1745 ἐπιγινόμενα.
2769 1675 2883 1728 Οὐκ
2924 1674 3074 1728 ἔσται
3100 1674 3208 1743 γὰρ
3237 1674 3412 1729 αὐτῶν
3443 1675 3644 1744 μνήμη

2071 1763 2209 1833 μετὰ
2252 1763 2359 1817 τῶν
2392 1766 2696 1833 γενομένων
2724 1768 2805 1829 εἰς
2842 1766 2942 1837 τὴν
2974 1767 3212 1837 ἐσχάτην
3237 1783 3250 1796 ·
3291 1766 3653 1835 τουτέστινμίγ

389 1841 710 1899 novissimo.
744 1841 855 1921 lloc
885 1853 1007 1899 est:
1044 1846 1267 1899 ultimus
1299 1855 1478 1901 status
1512 1846 1737 1901 omnino
1760 1849 1959 1903 delebit

2074 1855 2261 1925 ἐσχάτη
2289 1857 2619 1918 κατάστασις
2669 1857 2973 1926 ἀφανισμὸν
3008 1857 3243 1927 παντελῆ
3274 1858 3369 1927 τῆς
3392 1856 3499 1909 τῶν
3524 1873 3646 1909 κα-

392 1941 604 1987 naturze
632 1936 899 1988 malorum
946 1939 1287 2003 memoriam,
1322 1938 1375 1990 in
1408 1939 1629 1993 Christo
1656 1939 1817 2006 Jesu,
1873 1942 1958 1997 cui

387 2024 559 2095 gloria
600 2034 654 2079 et
684 2028 924 2094 potentia
953 2028 1005 2081 in
1046 2030 1244 2083 saacula
1275 2029 1617 2086 saeculorum.

458 2116 655 2170 Amen.

984 2231 1267 2287 HOMILIA
1308 2232 1371 2287 ll.

464 2337 486 2371 ι
531 2318 663 2389 Ego,
705 2320 952 2389 vinquit.
989 2341 1007 2372 ι
1039 2320 1420 2377 Ecclesiastes.
1465 2342 1483 2372 ι
1531 2322 1831 2377 Didii-imus
1865 2339 1964 2375 au-

391 2416 501 2463 tem
531 2413 786 2481 quisnam
815 2413 889 2466 sit
921 2412 1304 2477 Etclcsiastes,
1334 2415 1432 2483 qui
1463 2432 1584 2483 qua:
1623 2424 1752 2469 sunt
1804 2417 1965 2468 aber-

390 2498 573 2556 rantia
629 2511 677 2557 et
713 2503 999 2571 dispersa,
1042 2503 1095 2556 in
1149 2520 1318 2557 unum
1383 2505 1610 2575 colligit.
1674 2520 1728 2560 et
1782 2508 1964 2559 omnia

392 2609 560 2648 unum
594 2609 809 2664 gregem
843 2594 1026 2659 ellicit,
1074 2603 1132 2647 ut
1167 2595 1299 2648 nihil
1336 2596 1406 2649 sit
1440 2598 1584 2664 quod
1621 2613 1727 2651 non
1782 2597 1966 2650 audiat

390 2683 675 2754 pulchram
744 2684 981 2751 pastoris
1044 2699 1259 2746 vocem,
1300 2699 1421 2752 quae
1466 2686 1707 2739 viviﬁcat
1759 2690 1965 2740 ontnia.

396 2792 415 2824 ι
462 2772 637 2828 Verba
670 2774 835 2836 enim,
877 2794 894 2826 ι
926 2775 1120 2843 inquit,
1154 2793 1173 2827 ι
1207 2792 1329 2844 quae
1360 2792 1460 2845 ego
1491 2780 1704 2845 l0quor,
1740 2778 1966 2847 spiritus

392 2870 522 2916 sunt
561 2870 615 2916 et
647 2864 755 2917 vita
782 2864 847 2918 ".
885 2883 904 2916 ι
941 2865 991 2919 ls
1017 2869 1258 2934 seipsum
1293 2869 1537 2921 nominat
1568 2866 1964 2933 Ecclesiasten,

393 2963 455 3007 ut
484 2953 778 3016 medicum,
801 2966 854 3007 et
877 2956 1062 3017 vitam,
1087 2965 1141 3010 et
1172 2959 1659 3021 resurrectionem,
1689 2970 1741 3013 et
1767 2960 1965 3022 lucem,

394 3051 451 3098 et
484 3044 647 3107 viam,
676 3051 729 3097 et
763 3045 990 3107 ostium,
1025 3057 1078 3100 et
1107 3049 1415 3109 veritatem,
1445 3056 1498 3101 et
1530 3050 1715 3103 omnia
1745 3052 1966 3104 nomina

2063 1946 2176 1999 κῶν
2203 1948 2421 2016 μνήμης
2452 1948 2674 2016 ἐποίησε
2705 1948 2802 2017 τῆς
2831 1947 3065 2016 φύσεως.
3093 1950 3149 2015 ἐν
3182 1945 3400 2019 Χριστῷ
3430 1947 3656 2015 Ἰησοῦ.-

2063 2030 2107 2105 ᾧ
2137 2039 2169 2107 ἡ
2198 2035 2324 2102 δόξα
2348 2040 2438 2091 καὶ
2468 2039 2526 2090 τὸ
2556 2041 2752 2110 κράτνς
2778 2041 2857 2101 εἰς
2885 2040 3010 2102 τοὺς
3038 2037 3236 2102 αἰῶνας
3258 2039 3364 2092 τῶν
3389 2036 3635 2099 αἰώνων..

2078 2130 2133 2183 Ἀ
2145 2130 2277 2198 μήν.

2661 2221 2897 2276 OlllAlA
2940 2223 3012 2277 θ’.

2141 2331 2159 2363 ι
2201 2313 2360 2379 Ἐγὼ,
2390 2333 2405 2362 ι
2425 2315 2608 2382 φησὶν,
2628 2334 2645 2364 ι
2671 2317 2699 2367 6
2727 2315 3173 2385 Ἐκκλησιαστής.
3199 2334 3216 2364 ι
3237 2309 3651 2382 Ἐμάθομενδὲ,,

2066 2403 2147 2466 τίς
2180 2406 2209 2456 6
2249 2403 2696 2474 Ἐκκλησιαστὴς.
2728 2409 2755 2458 6
2788 2408 2855 2459 τὰ
2890 2404 3277 2474 πεπλανημένα
3314 2421 3368 2456 τε
3398 2404 3491 2455 καὶ
3518 2401 3641 2453 διε-

2068 2497 2441 2566 σκορπιςμένα
2473 2498 2787 2567 συναγαγὼν
2813 2501 2891 2561 εἰς
2927 2501 3006 2559 ἓν,
3037 2499 3129 2552 καὶ
3162 2498 3327 2551 ποιῶν
3359 2498 3423 2550 τά
3455 2498 3647 2552 πάντα.

2071 2588 2197 2657 μίαν
2229 2589 2482 2659 ποίμνην,
2520 2591 2605 2643 ἵνα
2644 2591 2808 2661 μηδὲν
2856 2592 3083 2660 ἀνήκοον
3194 2592 3288 2660 τῆς
3332 2591 3495 2659 καλῆς
3540 2589 3642 2642 τοῦ

2068 2680 2321 2749 ποιμένος
2370 2684 2553 2751 φωνῆς
2600 2683 2699 2752 τῆς
2741 2684 2808 2736 τὰ
2844 2684 3019 2736 πάντα
3067 2683 3446 2751 ζωοποιοπης.
3503 2701 3522 2732 ι
3553 2682 3645 2734 Τὰ

2066 2772 2176 2841 γὰρ
2200 2773 2437 2842 ῥήματα,
2464 2793 2482 2825 ι
2504 2774 2687 2840 φησιν,
2706 2784 2726 2817 ι
2744 2773 2778 2827 ἃ
2795 2772 2904 2839 ἐγὼ
2937 2774 3102 2834 λαλῶ,
3139 2773 3354 2843 πνεῦμά
3378 2775 3511 2834 ἐστι,
3542 2773 3643 2825 καὶ

2068 2864 2181 2933 ζωή
2215 2866 2382 2920 ἐστιν.
2417 2884 2435 2915 ι
2486 2861 2651 2929 Οὗτος
2677 2866 2930 2936 ὀνομάζει
2960 2867 3150 2919 ἑαυτὸν
3191 2864 3641 2933 Ἐκκλησιαστήν,

2066 2956 2143 3019 ώς
2177 2956 2380 3027 ἰατρὸν.
2423 2957 2516 3010 καὶ
2555 2957 2718 3027 ζωὴν,
2760 2958 2853 3011 καὶ
2899 2958 3211 3021 ἀνάστασιν,
3248 2957 3343 3012 καὶ
3370 2957 3502 3025 φῶς,
3542 2959 3645 3011 καὶ

2067 3045 2206 3110 ὁδὸν,
2241 3045 2409 3115 θύραν
2455 3063 2543 3108 τε,
2586 3047 2679 3099 καί⁹
2725 3047 3011 3117 ἀλήθειαν,
3064 3048 3155 3100 καὶ
3206 3048 3377 3100 πάντα
3425 3045 3493 3098 τὰ
3537 3044 3644 3114 τῆς

396 3135 760 3190 humanitatis
788 3143 842 3189 et
870 3136 1257 3193 benevolentiss-
1281 3140 1334 3191 in
1380 3140 1647 3195 homines.
1683 3140 1968 3206 Quomodo

2074 3136 2481 3207 φιλανθρωπίας
2511 3137 2767 3206 ὀνόματα.
2819 3138 3031 3207 ’Ὠσπερ
3058 3134 3149 3191 οὖν
3195 3136 3284 3191 τοῦ
3325 3136 3423 3207 μὲν
3454 3135 3642 3215 ἰατροῦ

394 3241 526 3295 ergo
565 3224 758 3280 medici
810 3227 1033 3295 quidem
1081 3244 1181 3281 vox
1219 3230 1472 3282 convenit
1531 3231 1963 3299 aegrotantibus:

395 3314 636 3371 Verbum
673 3326 854 3371 autem
914 3319 1035 3371 vita:
1097 3318 1150 3371 in
1185 3322 1417 3376 mortuis
1475 3329 1560 3375 est
1615 3321 1827 3383 ellicax,
1872 3323 1966 3391 qui

396 3408 619 3476 quando
658 3408 936 3462 audierint
967 3425 1155 3463 vocem
1179 3408 1299 3465 Filii
1342 3412 1599 3476 hominis,
1637 3414 1691 3467 in
1740 3414 1968 3483 pristina

397 3500 730 3554 mortalitate
761 3515 868 3553 non
897 3501 1131 3569 amplius
1155 3512 1439 3558 remanent
1463 3522 1478 3571 ;
1504 3505 1599 3573 qui
1630 3515 1811 3560 autem
1839 3514 1968 3562 sunt

398 3590 454 3645 in
490 3592 754 3659 sepulcris
779 3600 1031 3661 quazrunt
1061 3608 1246 3647 vocem
1275 3597 1716 3657 resurrectionis.
1749 3606 1803 3654 et
1829 3599 1969 3655 lucis

397 3683 543 3737 ratio
576 3684 833 3738 convenit
867 3685 933 3739 iis
985 3684 1077 3753 qui
1135 3697 1266 3739 sunt
1302 3687 1606 3751 obscurati,
1667 3696 1723 3743 et
1759 3690 1842 3743 via
1885 3697 1972 3746 est

396 3773 545 3828 laevis
583 3790 647 3828 ac
679 3775 835 3843 plana
867 3774 936 3830 iis
963 3775 1056 3844 qui
1092 3775 1502 3840 aberraverunt,
1561 3786 1616 3833 et
1650 3779 1854 3834 ostium
1893 3781 1963 3835 iis

397 3864 599 3932 quibus
628 3877 769 3931 Opus
801 3871 906 3924 est,
938 3872 996 3916 ut
1023 3866 1264 3920 intrent:
1301 3867 1375 3920 ita
1410 3866 1771 3925 Ecclesiastes
1792 3869 1972 3923 omni-

401 3968 471 4006 no
501 3954 722 4007 disserit
751 3968 875 4007 cum
913 3954 980 4008 iis
1009 3954 1099 4022 qui
1130 3965 1258 4009 sunt
1285 3957 1338 4010 in
1372 3956 1638 4013 Ecclesia.
1667 3957 1778 4014 Nos
1802 3960 1972 4029 igitur

400 4044 698 4112 alloquitur
723 4043 1102 4099 Ecclesiastes.
1142 4044 1445 4102 Audiamus
1491 4048 1676 4118 itaque
1722 4065 1824 4105 nos
1852 4052 1972 4120 ejus

389 4133 588 4211 ‘verba,
638 4133 733 4201 qui
803 4149 997 4187 suums
1056 4134 1317 4190 Ecclesia.
1369 4136 1523 4192 Sicut
1573 4140 1719 4194 enim
1771 4141 1973 4198 chorus

403 4224 602 4293 aspicit
636 4226 702 4279 ad
735 4226 1105 4295 coryphaeum,
1149 4244 1342 4299 nempe
1382 4245 1540 4284 suum
1577 4231 1882 4299 ductorem;
1919 4244 1975 4291 et

401 4324 585 4370 nauta:
612 4314 678 4368 ad
713 4316 1158 4385 gubernatorem,
1198 4327 1252 4373 et
1283 4320 1430 4375 acies
1465 4322 1532 4376 ad
1566 4323 1996 4392 imperatorem,-

402 4407 477 4461 ita
500 4408 665 4462 etiam
697 4408 764 4461 ad
794 4406 1052 4463 Ecclesia:
1087 4410 1280 4465 ducem
1338 4412 1396 4475 ii,
1428 4412 1519 4481 qui
1555 4423 1686 4467 sunt
1726 4414 1778 4468 ln
1828 4426 1994 4490 caetu_

2076 3229 2107 3297 ἡ
2140 3229 2289 3298 φωνὴ
2325 3228 2456 3299 πρὸς
2485 3229 2609 3291 τοὺς
2636 3227 2994 3291 ἀσθενοῦντας
3015 3230 3228 3291 οἰκείως
3254 3228 3384 3297 ἔχει,
3407 3229 3435 3280 6
3463 3208 3518 3278 δὲ
3539 3226 3645 3296 τῆς

2076 3318 2222 3389 ζωῆς
2254 3320 2424 3385 Λόγος
2457 3320 2547 3372 ἐπὶ
2578 3320 2684 3372 τῶν
2729 3320 2936 3390 νεκρῶν
2967 3320 3186 3388 ἐνεργός
3241 3319 3480 3387 γίνεται,
3530 3317 3645 3373 τῶν

2075 3411 2202 3464 ὅταν
2250 3410 2522 3462 ἀκούσωσι
2550 3410 2650 3478 τῆς
2681 3410 2864 3479 φωνῆς
2896 3409 2987 3462 τοῦ
3026 3409 3151 3462 Υἰοῦ
3192 3409 3285 3461 τοῦ
3329 3407 3640 3479 ἀνθρώπου,

2079 3502 2275 3573 μηκέτι
2300 3501 2735 3571 ἐναπομενόντων
2764 3503 2827 3571 τῇ
2858 3502 3059 3572 ἀρχαίᾳ
3085 3500 3366 3570 νεκρότητι
3385 3516 3399 3530 ·
3432 3500 3479 3553 οἱ
3503 3500 3559 3552 δὲ
3583 3501 3661 3552 ἐν·

2076 3593 2323 3664 χώμασιν
2366 3592 2538 3655 ὄντες,
2581 3591 2677 3661 τὴν
2721 3593 2902 3663 φωνὴν
2930 3593 3031 3661 τῆς
3063 3589 3646 3659 ἀναστάσεωςέπιζη-

2075 3685 2225 3739 τοῦσι
2249 3722 2263 3744 ,
2315 3685 2410 3737 καὶ
2463 3683 2492 3735 6
2541 3682 2634 3735 τοῦ
2677 3682 2855 3751 φωτὸς
2895 3682 3051 3751 λόγος
3089 3685 3198 3745 τοῖς
3242 3682 3653 3752 ὲσκοτισμένοις

2075 3774 2401 3845 ἁρμόδιος,ἥ
2423 3790 2482 3826 τε
2525 3773 2643 3836 όδὸς
2680 3776 2793 3836 τοῖς
2834 3772 3266 3844 πεπλανημένοις
3312 3771 3451 3834 λεία,
3484 3775 3577 3825 καὶ
3608 3774 3651 3843 ἡ

2078 3865 2217 3935 θύρα
2246 3866 2357 3928 τοῖς
2390 3863 2483 3916 τοῦ
2529 3864 2788 3917 εἰσελθεῖν
2813 3864 3115 3934 δεομένοις·
3148 3862 3289 3917 οὕτω
3327 3863 3420 3916 καὶ
3445 3867 3473 3915 6
3518 3863 3648 3915 Ἑκ-

2078 3955 2550 4027 κλησιαστὴςοτοίς
2591 3953 3009 4026 ἐκκλησιάζουσι
3052 3953 3353 4022 διαλέγεται
3405 3953 3646 4014 πάντως.

2078 4045 2286 4099 Οὐκοῦν
2333 4045 2468 4117 πρὸς
2499 4046 2644 4116 ήμᾶς
2676 4044 2827 4098 λαλεί
2867 4045 2896 4097 6
2937 4042 3360 4114 Ἐκκλησιαστής
3387 4058 3402 4073 ·
3452 4042 3548 4095 καὶ
3580 4041 3651 4113 δὴ

2077 4138 2398 4207 ἀκούσωμεν
2425 4137 2533 4190 τῶν
2563 4137 2735 4205 λόγων
2757 4134 2919 4189 αὐτοῦ
2948 4136 3163 4206 ήμείςὴ
3206 4134 3517 4203 Ἐκκλησία.
3558 4134 3651 4196 Ὧς

2079 4229 2186 4299 γὰρ
2212 4230 2240 4281 6
2271 4229 2368 4298 μὲν
2387 4227 2544 4298 χορὸς
2573 4227 2708 4296 πρὸς
2734 4225 2824 4280 τὸν
2850 4228 3142 4296 κορυφαῖον
3167 4226 3288 4296 δρᾷ,
3320 4224 3454 4295 πρὸς
3476 4224 3533 4277 δὲ
3555 4223 3659 4277 τὸν

2079 4320 2418 4390 κυϐερνήτην
2459 4320 2509 4373 οι
2549 4317 2778 4380 ναῦται,
2827 4317 2920 4370 καί
2962 4316 3097 4388 πρὸς
3138 4316 3229 4369 τὸν
3273 4315 3572 4385 στρατηγὸν
3610 4317 3646 4387 ἠ

2082 4409 2410 4480 παράταξιςς
2433 4407 2691 4462 οὕτωκαὶ
2721 4408 2855 4477 πρὸς
2881 4407 2970 4459 τὸν
3007 4405 3350 4476 καθηγεμόνα
3379 4405 3480 4474 τῆς
3526 4395 3653 4458 Ἐκ-

402 4497 683 4555 Ecclesiae.
719 4498 856 4565 Quid
891 4515 1024 4571 ergo
1056 4501 1191 4557 dicit
1223 4502 1633 4561 Ecclesiastes?
1672 4525 1693 4557 ι
1731 4505 1844 4577 Ego
1878 4508 1968 4563 Ec-

2082 4500 2329 4571 κλησίας,
2361 4500 2409 4552 οἰ
2443 4500 2501 4552 ἐν
2527 4498 2605 4568 τῷ
2634 4497 2957 4568 πληρώματι
2989 4497 3139 4559 ὄντες
3170 4496 3269 4565 τῆς
3301 4496 3645 4565 Ἐκκλησίας.

403 4591 687 4646 clesiastes
733 4591 809 4645 fui
844 4607 940 4646 rex
972 4593 1134 4648 Israel
1197 4594 1251 4647 in
1316 4593 1640 4651 Jerusalem.
1689 4617 1709 4650 ι
1747 4598 1977 4664 Quando

300 4729 316 4742 ,
405 4679 661 4734 hoc?An
719 4695 829 4735 non
887 4684 1113 4736 omnino
1147 4686 1367 4754 quando
1406 4685 1507 4740 fuit
1541 4688 1610 4742 ab
1658 4689 1793 4755 ipsis
1886 4706 1975 4746 rex

405 4771 744 4825 constitutus
794 4787 958 4841 super
1021 4772 1154 4828 Sion
1216 4786 1451 4830 montem
1508 4785 1758 4833 sanctum
1820 4779 1976 4845 ejus,

407 4860 719 4929 prazdirans
753 4871 1079 4931 praeceptum
1114 4863 1479 4920 Domini?Cui
1529 4866 1666 4922 dixit
1693 4867 1978 4934 Dominus,

413 4969 431 5002 ι
450 4948 623 5005 Filius
649 4966 803 5005 meus
819 4968 878 5007 es
903 4959 981 5017 tu,
1006 4968 1105 5023 ego
1129 4954 1289 5008 hodie
1308 4957 1469 5024 genui
1492 4966 1543 5011 te
1556 4956 1623 5016 δίς
1647 4978 1666 5009 ι
1685 4975 1808 5014 eum
1834 4961 1979 5015 enim

405 5043 500 5112 qui
539 5050 626 5097 est
654 5052 871 5097 creator
904 5044 1168 5107 universi,
1203 5053 1257 5097 et
1287 5052 1439 5112 pater
1469 5047 1791 5103 smeulorum
1845 5050 1983 5104 dixit

408 5150 469 5189 se
499 5135 659 5189 hodie
685 5137 961 5206 genuisse,
997 5143 1057 5190 ut
1088 5152 1184 5205 per
1216 5136 1319 5190 hoc
1353 5139 1495 5206 quod
1558 5142 1787 5209 tempori
1814 5157 1981 5211 gene-

411 5226 663 5291 rationis,
705 5243 902 5282 nomen
937 5229 1239 5297 tcmporale
1277 5228 1687 5296 adjecerit,non
1719 5247 1838 5286 eam
1864 5249 1985 5301 quae

413 5314 515 5368 fuit
547 5328 672 5371 ante
696 5314 894 5373 sa‘cula
928 5321 1246 5381 essentiam,
1288 5321 1380 5374 sed
1414 5335 1533 5374 eam
1588 5336 1710 5389 quae
1771 5324 1872 5377 fuit
1925 5324 1981 5379 in

414 5409 658 5473 tempore
693 5407 760 5461 ad
788 5409 1071 5461 hominum
1104 5410 1357 5471 salutem,
1379 5422 1475 5476 per
1504 5423 1725 5463 carnem
1757 5425 1984 5481 genera-

413 5492 617 5549 tionem
676 5499 901 5553 verbum
933 5499 1247 5553 ostenderit.

466 5798 470 5803 .
527 5753 566 5783 *τ
594 5754 748 5810 Joan.
771 5738 843 5822 ii,
870 5759 959 5812 6'5.
1040 5758 1083 5789 "'
1106 5756 1251 5814 Psal.
1287 5774 1345 5822 ll,
1380 5758 1412 5813 6
1444 5774 1571 5825 διω-

2081 4591 2146 4642 Τί
2184 4587 2278 4643 οὖν
2328 4590 2489 4659 φησὶν
2532 4592 2562 4642 6
2612 4588 3075 4658 Ἐκκλησιαστής;
3142 4605 3161 4639 ι
3201 4586 3340 4655 Ἐγὼ
3383 4588 3652 4657 ἐγενόμην

2085 4681 2335 4752 βασιλεὺς
2371 4682 2462 4735 ἐπὶ
2495 4681 2710 4753 Ἰσραὴλ
2734 4682 2792 4733 ἐν
2834 4679 3210 4750 Ἰερουσαλήμ.
3239 4700 3257 4730 ι
3298 4680 3432 4732 Πότε
3454 4679 3612 4733 τοῦτο
3632 4697 3661 4745 ξ

2087 4776 2158 4827 Ἢ
2187 4775 2402 4835 πάντως
2432 4774 2519 4825 ὅτε
2551 4771 2888 4839 κατεστάθην
2923 4770 3170 4841 βασιλεὺς
3200 4771 3289 4823 ὑπ’
3325 4770 3510 4831 αὐτοῦ,
3560 4771 3654 4823 ἐπὶ

2083 4864 2222 4919 Σιὼν
2248 4864 2370 4935 ὄρος
2400 4863 2459 4916 τὸ
2488 4861 2640 4931 ἅγιον
2669 4862 2852 4922 αὑτοῦ,
2885 4861 3214 4929 διαγγέλλων
3239 4861 3299 4915 τὸ
3326 4862 3659 4931 πρόσταγμα

2085 4955 2320 5026 Κυρίου;
2349 4953 2489 5023 Πρὸς
2538 4953 2596 5005 ὃν
2643 4949 2796 5015 εἶπεν
2823 4956 2850 5006 6
2879 4951 3101 5021 Κύριος,
3135 4952 3217 5005 ὅτι
3268 4972 3284 5003 ι
3314 4952 3441 5013 Υἰός
3470 4969 3574 5022 μου
3602 4946 3657 5005 εἷ

2085 5046 2172 5106 σὺ,
2210 5064 2230 5097 ι
2265 5046 2357 5096 καὶ
2406 5044 2487 5095 ὅτι
2540 5046 2826 5112 «Σῆμερον
2871 5043 3175 5112 γεγέννηκά
3219 5057 3354 5108 σεςι
3408 5042 3500 5095 τὸν
3545 5041 3667 5114 γὰρ

2083 5138 2309 5208 ποιητὴν
2331 5135 2425 5189 τοῦ
2450 5136 2667 5199 παντὸς,
2691 5138 2784 5190 τὸν
2800 5138 2908 5189 τῶν
2930 5135 3137 5190 αἰώνων
3163 5139 3394 5205 πατέρα,
3420 5136 3665 5205 σήμερον

2083 5226 2204 5283 εἰπε
2232 5228 2641 5298 γεγεννηκέναι,
2680 5228 2770 5282 ἵνα
2795 5229 2881 5281 διὰ
2909 5227 3000 5282 τοῦ
3035 5226 3362 5298 παραθεῖναι
3390 5226 3451 5278 τὸ
3479 5243 3660 5296 χρονι-

2087 5322 2180 5375 γὸν
2213 5321 2381 5390 ὄνομα
2406 5318 2483 5388 τῷ
2508 5318 2686 5389 καιρῷ
2713 5320 2811 5388 τῆς
2836 5319 3158 5387 γεννήσεως,
3189 5317 3264 5387 μὴ
3298 5315 3395 5385 τὴν
3420 5315 3659 5386 προαιώ-

2087 5428 2197 5464 νιον
2225 5410 2479 5481 ὓπαρξιν,
2524 5410 2661 5463 ἀλλὰ
2692 5410 2787 5488 τὴν
2833 5411 2890 5462 ὲν
2921 5409 3097 5480 χρόνῳ
3140 5407 3230 5461 ἐπὶ
3264 5406 3508 5477 σωτηρία
3548 5403 3667 5459 τῶν

2088 5501 2395 5573 ἀνθρώπων
2508 5501 2595 5555 διὰ
2662 5500 2860 5572 σαρκὸς
2917 5499 3169 5569 γέννησιν
3237 5498 3565 5569 παραστήσῃ
3625 5498 3663 5549 ἁ

2093 5587 2265 5655 λόγος.
