3844 6352
179 405 272 462 637

238 513 423 567 Ταῦτα
451 508 541 567 οὖν
577 518 602 567 6
633 516 878 587 ἀληθινὸς
921 519 1347 591 Ἐκκλησιαστὴς
1379 522 1731 592 διεξέρχεται,
1767 535 1808 582 Α

177 602 449 667 διδάσκων,
481 602 652 675 οἶμαι,
700 607 759 659 τὸ
797 608 938 677 μέγα
984 610 1080 679 τῆς
1112 612 1390 675 εὐσεϐείας
1423 615 1737 682 μυστήριον,

176 694 287 748 ὅτου
310 695 368 763 χί
384 711 465 763 ριν
488 696 545 746 ἐν
576 698 733 765 σαρκὶ
755 697 782 748 6
804 697 931 749 Θεὸς
963 700 1300 771 ἐφανερώθη.
1343 721 1360 751 ι
1379 703 1591 754 "eam
1609 701 1736 771 γὰρ,

178 785 315 853 φησὶ.
352 783 446 852 τὴν
484 786 708 855 καρδίαν
746 804 843 854 μου
879 789 970 851 τοῦ
1002 792 1301 860 ἐκζητῆσαι
1328 793 1420 844 καὶ
1454 792 1545 844 τοῦ
1575 809 1737 844 κατα

176 875 463 943 σκέιξασθαι
496 878 552 927 ἐν
583 879 743 949 σιρΞᾳ
771 881 895 949 περὶ
928 880 1141 934 πάντων
1169 883 1275 933 τῶν
1306 884 1611 953 γενομένων
1634 882 1740 938 ὑπὸ

175 966 256 1019 τὸν
297 968 540 1037 οὐρανόν.
577 989 594 1019 ι
648 969 791 1040 Αὕτη
845 973 877 1041 ἡ
932 972 1077 1024 αἰτία
1130 972 1221 1025 τοῦ
1277 975 1609 1044 ἐπιδημῆσαι
1653 975 1740 1028 διὰ

174 1058 361 1126 σαρκὸς
410 1062 521 1122 τοῖς
571 1061 874 1131 ἀνθριῖιποις
908 1063 996 1114 τὸν
1029 1062 1226 1133 Κύριον
1255 1106 1270 1130 ,
1328 1064 1386 1117 τὺ
1428 1064 1609 1119 δοῦναι
1642 1064 1739 1135 τὴν

173 1148 387 1218 καρδίαν
414 1149 585 1202 αὑτοῦ
619 1154 696 1214 εἰς
726 1152 787 1204 τὸ
816 1154 1214 1223 ἐπισκέψασθαι
1244 1157 1299 1206 ἐν
1324 1157 1390 1226 τῇ
1420 1156 1579 1227 σοφίᾳ
1609 1156 1732 1208 ἐαυς

169 1238 255 1291 τοῦ
288 1240 551 1309 περὶτῶν
598 1242 700 1294 ὑπὸ
729 1243 819 1295 τὸν
864 1245 1093 1314 οὐρανὸν
1143 1246 1467 1315 γενομένων.
1522 1248 1601 1300 Τὰ
1630 1249 1737 1318 γὰρ

171 1330 301 1400 ὑπὲρ
324 1320 413 1383 τδν
447 1334 677 1401 οὐρανὸν
705 1335 804 1386 οὐκ
831 1336 998 1388 ἐδεῖτο
1025 1335 1117 1388 τοῦ
1150 1337 1633 1405 ἐπισκεπτομένου,
1662 1337 1737 1402 ὼς

168 1420 278 1472 ούέ
323 1419 415 1473 τοῦ
452 1422 793 1491 ἰατρεύοντος
836 1425 896 1477 τὸ
934 1425 1008 1495 μὴ
1048 1428 1112 1495 τῇ
1160 1428 1298 1496 νότῳ
1329 1427 1734 1497 κρατούμενον⁸

168 1511 280 1562 ἐπεὶ
311 1509 403 1564 οὖν
435 1515 565 1583 περὶ
596 1515 696 1582 γῆν
731 1514 798 1567 τὰ
835 1517 997 1569 κακά.
1046 1516 1118 1569 Τὸ
1148 1516 1256 1587 γὰρ
1288 1512 1611 1588 ἐρπλστικὸν
1642 1520 1737 1572 καὶ

168 1593 330 1669 βίαιον
363 1601 554 1673 θηρίον
593 1605 621 1655 6
670 1604 791 1673 ὄφις
839 1607 930 1658 ἐπὶ
974 1606 1051 1676 τῷ
1104 1607 1290 1677 στήθει
1323 1609 1416 1660 καὶ
1447 1611 1513 1678 τῇ
1560 1608 1736 1680 κοιλία

168 1691 472 1760 συρόμενος,
522 1693 719 1763 βρῶμα
769 1700 999 1748 ποιεῖται
1027 1696 1124 1767 τὴν
1154 1698 1276 1767 γῆν,
1310 1698 1462 1751 οὐδὲν
1494 1697 1600 1749 τῶν
1642 1698 1732 1750 ού-

169 1781 353 1850 ρανίων
382 1783 720 1853 σιτούμενος,
750 1785 859 1837 ἀλλ’
890 1789 947 1838 ἐν
969 1788 1045 1857 τῷ
1074 1788 1391 1859 πατουμένῳ
1418 1789 1733 1859 συρόμενος.

165 1871 292 1941 πρὸς
320 1873 379 1924 τὸ
414 1875 758 1945 πατούμενον
803 1876 888 1931 ἀεὶ
922 1877 1130 1945 βλέπει,
1159 1878 1339 1949 τηρῶν
1372 1880 1468 1949 τὴν
1502 1881 1736 1950 πτέρναν
1769 1871 1809 1925 Β

164 1962 252 2031 τῆς
285 1963 635 2036 ἀνθρωπίνης
678 1967 922 2038 πορείας,
958 1967 1171 2021 καὶτὸν
1203 1969 1278 2022 ἱὸν
1320 1970 1482 2033 ἐνιεὶς
1509 1971 1736 2033 ἐκείνοις

163 2054 267 2114 τοῖς
285 2052 381 2123 τὴν
403 2054 655 2118 ἐξουσίαν
683 2055 775 2107 τοῦ
804 2059 991 2108 πατεῖν
1014 2058 1196 2110 ἐπάνω
1216 2059 1390 2128 ὄφεων
1416 2060 1732 2116 ἀπολέσασι.

164 2144 254 2195 Δια
299 2145 454 2198 τούτο
488 2147 660 2199 ἔδωκε
692 2149 790 2216 τὴν
817 2148 1041 2219 καρδίαν
1080 2149 1244 2202 αὐτοῦ
1300 2151 1597 2221 ἐκζητῆσαι
1645 2153 1737 2205 καὶ

164 2237 606 2309 κατασκέψασθαι
641 2238 768 2311 περὶ
803 2240 1021 2293 πάντων
1050 2241 1158 2294 τῶν
1184 2242 1488 2313 γενομένων
1520 2243 1622 2296 ὑπὸ
1645 2244 1736 2297 τὸν

163 2328 397 2399 οὐρανόν.
460 2332 553 2382 Ἐν
586 2331 693 2402 γὰρ
726 2336 833 2395 τοῖς
866 2334 1122 2407 ὑπεράνω
1161 2334 1266 2387 τῶν
1309 2336 1552 2405 οὐρανῶν
1600 2338 1734 2390 ἁτα·

165 2422 410 2475 πείνωτον
445 2423 635 2491 βλέπει
669 2425 765 2495 τὴν
799 2424 948 2479 θείαν
997 2426 1471 2498 μεγαλοπρέπειαν
1522 2430 1549 2481 6
1596 2430 1736 2499 Προ-

164 2513 328 2584 φήτης
372 2513 549 2581 λέγων
577 2553 592 2577 ,
648 2514 1018 2587 ὃτιεἙπήρθη
1065 2519 1098 2589 ἡ
1155 2518 1595 2589 μεγαλοπρέπειά
1640 2536 1734 2572 σου

165 2603 407 2675 ὑπεράνω
456 2607 569 2659 τῶν
617 2607 859 2677 οὐρανῶν
896 2626 908 2639 ο
930 2610 1152 2680 »ἐπειδὴ
1188 2612 1278 2663 καὶ
1325 2610 1383 2664 τὸ
1414 2612 1735 2682 ἐπουράνιον

166 2696 318 2765 μέρος
357 2699 444 2751 διὰ
472 2701 575 2769 τῆς
606 2701 802 2764 κακίας
838 2702 1196 2774 ἐταπεινώθη.
1253 2702 1408 2757 υύτω
1433 2705 1540 2775 γάρ
1571 2722 1733 2774 φησιν

162 2789 188 2840 6
219 2790 538 2860 Ψαλμρδὸς,
571 2793 651 2844 ὅτι
682 2791 769 2844 διὰ
801 2793 898 2845 τὰς
926 2796 1196 2865 ἁμαρτίας
1229 2796 1406 2848 αὐτῶν
1436 2797 1732 2850 ἐταπεινώ-

164 2875 340 2951 θησαν.
377 2881 553 2934 Τοῦτο
581 2877 741 2952 ἦλθεν
782 2884 808 2934 6
850 2884 1281 2957 Ἑκκλησιαστὴς
1312 2887 1730 2956 ἐπισκέψασθαι,

162 2969 208 3020 τί
238 2972 454 3038 γέγονεν
493 2973 600 3025 ὑπὸ
628 2974 713 3025 τὸν
741 2974 986 3045 οὐρανὸν,
1018 2976 1045 3028 ὃ
1084 2977 1156 3047 μὴ
1189 2978 1450 3047 πρότερον
1482 2974 1549 3048 ἦν
1572 2997 1585 3010 υ
1617 2979 1734 3042 πῶς

162 3058 393 3130 “Ta-‘75"
421 3064 453 3141 ἡ
490 3064 787 3134 ματαιότης
809 3105 823 3127 ,
876 3065 989 3127 πῶς
1024 3066 1366 3137 ἐπεκράτησε
1397 3067 1456 3120 τὸ
1489 3067 1734 3140 ἀνύπαρ-

1255 409 1318 462 ιΝ
1359 404 1892 490 EtCLESIASTEN.
1925 400 2198 457 llOIiilLlA
2245 398 2310 451 ll.

3312 398 3413 454 658

1913 516 2036 569 Haec
2064 529 2192 585 ergo
2215 513 2560 583 persequitur
2586 526 2746 566 vcrus
2770 498 3155 579 Ecclesnastes,
3189 516 3437 584 docens,

1844 617 1903 660 ut
1942 607 2199 670 arbitror,
2260 620 2515 672 magnum
2563 606 2784 673 pietatis
2846 608 3191 676 mysterium.
3227 625 3420 679 nempe

1842 714 2081 766 quanam
2117 696 2182 751 de
2211 711 2375 750 causa
2432 688 2573 749 Deus
2611 697 2663 750 in
2698 712 2863 752 carne
2904 699 2977 753 sil.
3010 699 3415 757 manilestatus.

1847 808 1865 841 ι
1916 789 2068 850 Dedi,
2113 808 2131 840 ι
2175 788 2370 856 inquit,
2428 806 2445 837 ι
2509 804 2603 840 cor
2655 804 2831 842 meum
2889 800 2948 843 ut
3004 806 3303 859 quaererem
3363 799 3417 849 et

1842 881 2228 950 inve-Stigarein
2261 882 2314 934 in
2348 882 2614 947 sapientia
2660 882 2727 934 de
2783 883 3041 937 onmibus
3096 899 3217 953 qua:
3274 883 3414 939 facta
3448 919 3464 945 ,

1841 971 2095 1025 suntsnb
2127 971 2260 1023 sole.
2310 988 2327 1020 ι
2391 969 2513 1023 llaec
2552 978 2636 1024 est
2698 986 2864 1025 causa
2900 988 3000 1025 cur
3041 972 3304 1027 Dominus
3359 975 3414 1028 in

1840 1076 2005 1116 carne
2033 1062 2099 1115 ad
2138 1061 2387 1114 homines
2416 1060 2720 1125 advenerit,
2762 1072 2814 1115 et
2864 1062 3004 1116 inter
3035 1077 3131 1117 eos
3188 1064 3261 1118 sit
3294 1080 3414 1118 ver-

1840 1162 2012 1216 satus,
2041 1168 2233 1222 nempe
2266 1160 2324 1206 ut
2358 1152 2514 1206 daret
2543 1164 2640 1205 cor
2670 1168 2827 1205 suum
2853 1154 2918 1207 ad
2952 1155 3411 1209 considerandum:

1840 1245 1892 1298 in
1923 1243 2187 1311 sapientia
2220 1258 2341 1306 sua,
2381 1243 2449 1297 de
2482 1243 2741 1296 omnibus
2764 1259 2884 1312 qua:
2942 1244 3084 1297 facta
3147 1253 3273 1297 sunt
3309 1244 3412 1299 sub

1839 1336 1999 1389 caalo.
2027 1333 2159 1387 Nam
2191 1350 2312 1403 qua!
2342 1341 2470 1388 sunt
2509 1350 2672 1404 super
2700 1336 2921 1396 coelum,
2954 1351 3063 1388 non
3088 1350 3224 1404 opus
3247 1335 3410 1390 habe-

1839 1425 1969 1479 bant
2000 1426 2185 1495 aliquo
2219 1424 2312 1494 qui
2353 1424 2676 1494 inquireret,
2714 1441 2890 1495 neque
2923 1441 2986 1479 eo
3035 1427 3127 1496 qni
3165 1426 3412 1482 medere-

1838 1523 1929 1571 tur
1960 1517 2013 1575 ei
2041 1516 2186 1585 quod
2215 1516 2405 1569 morbo
2439 1532 2546 1570 non
2598 1516 2903 1570 laborabat.
2962 1515 3228 1582 Quoniam
3282 1532 3413 1587 ergo

1836 1606 1894 1660 in
1931 1617 2077 1659 terra
2104 1611 2234 1660 sunt
2265 1605 2407 1659 mala
2435 1623 2449 1671 ;
2491 1606 2704 1675 reptilis
2726 1606 2871 1659 enim
2894 1614 2948 1660 et
2975 1606 3210 1660 violenta
3238 1606 3411 1660 bestia

1838 1714 2101 1767 serpens,
2143 1715 2263 1768 qua:
2312 1698 2555 1768 rependo
2609 1699 2855 1768 graditur
2890 1714 3055 1768 supra
3118 1707 3310 1768 peetus
3361 1704 3416 1754 et

1839 1799 2104 1849 ventrem.
2138 1800 2350 1845 terram.
2371 1789 2631 1852 comedit,
2678 1798 2731 1843 et
2762 1791 2912 1844 nulla
2944 1805 3002 1844 re
3065 1804 3290 1845 vescens
3344 1805 3411 1845 ex

1838 1883 2156 1937 coelestibus
2183 1882 2252 1945 ",
2291 1881 2385 1936 sed
2417 1887 2639 1951 reptans
2678 1881 2730 1935 in
2769 1896 2833 1935 eo
2862 1880 3005 1951 quod
3039 1882 3303 1943 calcatur,
3345 1882 3411 1936 ad

1839 1975 1890 2029 id
1924 1989 2138 2043 semper
2170 1974 2367 2043 aspicit
2403 1973 2549 2042 quod
2590 1973 2861 2032 calcatur.
2899 1972 3198 2027 observans
3231 1972 3414 2027 calca--

1838 2081 1998 2120 neum
2030 2080 2251 2137 gressus
2301 2064 2561 2127 hominis,
2625 2079 2894 2119 venenum
2954 2063 3253 2119 immittens
3304 2064 3410 2119 illis

1836 2155 1928 2224 qui
1962 2157 2270 2209 amiserunt
2298 2163 2619 2225 potestatem
2643 2155 2891 2210 calcandi
2920 2170 3083 2224 super
3104 2165 3409 2225 serpentes;

1837 2258 2120 2317 propterea
2153 2247 2302 2302 dedit
2338 2262 2434 2301 cor
2464 2262 2623 2302 suum
2651 2247 2715 2301 ad
2750 2246 3139 2323 inquirendum
3187 2257 3239 2302 et
3279 2263 3413 2300 con-

1838 2336 2192 2391 siderandum
2224 2336 2291 2390 de
2326 2336 2584 2390 omnibus
2618 2352 2740 2405 quae
2766 2336 2908 2390 facta
2939 2344 3067 2391 sunt
3107 2337 3211 2391 sub
3249 2337 3411 2392 cmlo.

1836 2432 1895 2485 In
1934 2431 2002 2485 iis
2033 2431 2176 2484 enim
2207 2445 2329 2499 qua:
2369 2440 2498 2484 sunt
2530 2446 2694 2501 supra
2727 2431 2921 2492 cmlos,
2966 2430 3191 2486 minime
3226 2431 3411 2499 depri-

1838 2514 2087 2569 mendam
2146 2514 2383 2568 divinam
2437 2514 2583 2568 videt
2626 2514 3085 2583 magniﬁcentiam
3138 2514 3413 2584 PrOpbeta

1836 2606 2024 2661 dicens
2054 2621 2071 2658 :
2105 2624 2124 2656 ι
2163 2606 2377 2659 Elevata
2402 2614 2487 2660 est
2519 2606 2924 2676 magniﬁcentia
2953 2605 3072 2673 ejus
3108 2621 3270 2674 supra
3298 2620 3412 2659 cce-

1836 2696 1994 2752 los“.
2042 2715 2060 2747 ι
2092 2694 2552 2764 Quandoquidem
2585 2711 2647 2749 ea
2676 2711 2802 2765 pars
2843 2712 2961 2765 qua:
2988 2705 3069 2749 est
3092 2696 3196 2749 sub
3231 2695 3408 2757 caelis,

1835 2788 2091 2855 depressa
2124 2797 2176 2841 et
2232 2788 2445 2857 abjecta
2484 2785 2586 2840 fuit
2620 2802 2716 2857 per
2770 2788 2983 2841 vitium.
3019 2788 3111 2841 Sic
3158 2789 3301 2842 enim
3337 2787 3412 2839 ait

1834 2878 2567 2950 Psalmographus,Propter
2585 2890 2808 2949 peccata
2834 2897 2932 2936 sua
2958 2881 3229 2935 humiliati
3261 2886 3411 2935 sunt.

1834 2972 1914 3025 Ad
1949 2971 2051 3024 hoc
2083 2970 2543 3026 cciisideramlum
2590 2972 2739 3026 venit
2773 2972 3159 3035 Ecclesiastes,
3219 2987 3413 3042 nempe

1834 3062 2093 3132 quidnam
2128 3061 2327 3115 factum
2360 3063 2429 3115 sit
2462 3062 2564 3117 sub
2595 3066 2758 3126 creto,
2790 3063 2932 3134 quod
2957 3064 3107 3134 prius
3136 3079 3241 3123 non
3270 3073 3411 3128 erat,

162 3165 295 3211 κτον,
331 3153 412 3216 τίς
442 3156 474 3229 ἡ
508 3155 796 3207 δυναστεία
844 3157 938 3208 τού
994 3158 1066 3227 μὴ
1118 3158 1472 3229 ὑπάρχοντος.
1520 3159 1592 3211 Τὸ
1622 3160 1731 3229 γὰρ

1841 3153 2290 3223 quemadmodum
2333 3154 2575 3224 ingressa
2624 3156 2694 3210 sit
2747 3157 2997 3210 vanitas:
3057 3140 3415 3225 quiemadrno-

162 3244 315 3295 κακὸν
363 3247 756 3309 ἀνυπόστατον,
790 3250 870 3301 ὅτι
911 3252 976 3302 ἐκ
1024 3249 1117 3303 τοῦ
1168 3251 1241 3322 μὴ
1289 3251 1440 3313 ὄντος
1474 3250 1568 3322 τὴν
1601 3253 1734 3305 ὑπό-

162 3349 336 3388 στασιν
362 3337 474 3407 ἔχει
493 3356 507 3368 υ
542 3338 601 3390 τὸ
624 3338 678 3391 δὲ
704 3342 766 3391 ἐκ
791 3339 883 3393 τού
908 3341 1057 3405 ὄντος
1090 3344 1166 3413 μὴ
1195 3341 1275 3405 ὃν,
1304 3342 1425 3395 οὐδέ
1455 3345 1569 3396 ἐστι
1605 3344 1735 3397 πάν-

159 3446 255 3494 τως
288 3434 424 3486 κατὰ
452 3431 553 3501 τὴν
588 3432 720 3485 ἰδίαν
746 3434 904 3502 φύσιν
928 3451 943 3466 ο
973 3435 1085 3488 ἀλλ’
1116 3436 1263 3505 ὅμως
1288 3436 1394 3489 τῶν
1416 3441 1482 3511 τῇ
1511 3437 1732 3507 ματαιὸ-

158 3535 270 3590 τητι
294 3522 671 3593 ὀμοιωθέντων
707 3526 997 3595 ἐπικρατεῖ
1032 3543 1177 3594 ματα
1187 3525 1353 3595 ιὸτης.

1839 3243 1967 3296 dum
2000 3241 2052 3295 id
2092 3243 2236 3312 quod
2281 3259 2386 3295 non
2423 3252 2507 3298 est
2556 3244 2867 3312 invalueril,
2927 3261 3179 3316 qnzenam
3224 3246 3297 3299 sit
3333 3243 3414 3298 vis

1838 3336 1958 3404 ejus
1996 3336 2140 3403 Quod
2170 3348 2281 3388 non
2312 3343 2396 3389 est
2422 3354 2435 3390 :
2475 3337 2675 3390 malum
2700 3338 2843 3391 enim
2875 3352 2982 3390 non
3011 3347 3187 3405 potest
3225 3336 3414 3390 consi-

1839 3441 2002 3492 stere,
2023 3444 2146 3482 cum
2172 3443 2236 3481 ex
2263 3443 2329 3495 eo
2354 3428 2498 3496 quod
2526 3442 2632 3482 non
2662 3437 2766 3491 est,
2784 3428 2978 3483 habeat
3006 3428 3370 3483 substantiam
3395 3446 3408 3482 :

1839 3522 1981 3594 quod
2011 3529 2191 3575 autem
2231 3536 2335 3574 non
2369 3528 2452 3576 est
2504 3537 2571 3576 ex
2605 3536 2669 3574 eo
2735 3519 2881 3591 quod
2915 3530 3019 3586 est,
3066 3537 3132 3575 ne
3186 3521 3413 3575 omnino

160 3613 363 3679 quidem
401 3623 487 3669 est
527 3615 828 3669 secundum
861 3630 1016 3671 Suam
1050 3627 1341 3685 naturam;
1370 3625 1425 3673 et
1456 3630 1638 3673 tamen
1668 3617 1723 3673 in
1756 3632 1820 3673 ea
1849 3630 1969 3686 quae
2010 3620 2142 3667 sunt
2172 3613 2403 3667 vanitati
2436 3613 2765 3678 assimilﬂlﬂ.
2845 3614 3188 3668 (Ιοηιίηθῑυηι
3260 3615 3408 3668 01)ιὶ-

162 3710 245 3769 pet
274 3705 507 3758 vanitas.

220 3792 421 3850 Ἦλθεν
447 3791 545 3849 οὖν
587 3794 884 3865 ἐκζητῆσαι
915 3796 980 3865 τῇ
1014 3793 1205 3853 ἐαυτοῦ
1236 3793 1396 3865 σοφίᾳ
1426 3793 1479 3845 τί
1509 3793 1731 3865 γέγονεν

160 3886 256 3942 ὑπὸ
283 3889 372 3941 τὸν
400 3889 577 3957 ἥλιον,
608 3887 691 3949 τίς
722 3887 754 3957 ή
785 3886 1043 3955 σύγχυσις
1077 3886 1182 3938 τῶν
1213 3886 1336 3957 τῇδε
1368 3887 1728 3958 πραγμάτιον,

159 3978 265 4040 πῶς
289 3979 561 4049 ἐδουλώθη
586 3978 645 4031 τὸ
664 3978 722 4031 ὃν
742 3978 815 4045 τῷ
841 3978 913 4047 μὴ
936 3977 1077 4030 ὄντι*
1115 3977 1241 4041 πῶς
1254 3977 1566 4029 δυναστεύει
1590 3976 1731 4030 κατὰ

157 4068 242 4122 τοῦ
290 4070 440 4125 ὄντος
487 4069 552 4121 τὸ
605 4070 992 4121 ἀνυπόστατον.
1057 4085 1075 4118 ι
1106 4069 1214 4121 Καὶ
1254 4066 1390 4121 οἶδεν
1439 4070 1519 4120 ὅτι
1571 4085 1729 4134 περι-

160 4163 396 4230 σπασμδν
429 4159 663 4230 πονηρὸν
708 4158 905 4211 ἔδωκεν
955 4159 983 4210 6
1023 4158 1154 4221 Θεὸς
1190 4160 1300 4221 τοῖς
1344 4160 1478 4222 υἱοῖς
1520 4157 1732 4228 ἀνθρώ-

159 4270 287 4317 πων,
320 4252 412 4306 τοῦ
454 4250 825 4318 περισπᾶσθαι
858 4253 913 4302 ἐν
943 4250 1112 4320 αύτῷ.
1156 4269 1174 4301 ι
1224 4249 1394 4302 Τοῦτο
1424 4250 1500 4311 δέ,
1533 4250 1629 4318 οὐχ
1657 4249 1733 4312 ὡς

158 4345 217 4403 ἄν
241 4362 321 4408 τις
356 4347 420 4397 ἐκ
448 4342 544 4396 τοῦ
582 4342 872 4412 προχείρου
904 4343 1138 4414 νοήσειε,
1174 4341 1394 4404 εὐσεϐές
1436 4344 1585 4394 ἐστιν
1621 4342 1729 4394 οἴε-

160 4435 295 4499 σθαι,
319 4438 399 4489 ὅτι
414 4435 576 4498 αύτδς
606 4434 802 4486 ἔδωκεν
818 4435 845 4486 6
865 4432 994 4495 Θεὸς
1016 4432 1104 4485 τὸν
1124 4432 1356 4502 πονηρὸν
1374 4433 1485 4495 τοῖς
1509 4429 1726 4499 ἀνθρώ·

163 4545 274 4593 ποις
305 4524 720 4595 περισπασμόν·
773 4520 807 4595 ἦ
848 4525 955 4592 γὰρ
983 4524 1048 4577 ἂν
1082 4527 1161 4586 εἰς
1191 4526 1395 4577 ἐκεῖνον
1434 4526 1466 4595 ἡ
1498 4525 1604 4577 τῶν
1635 4543 1733 4577 κα-

1936 3791 2097 3862 Venit
2144 3809 2274 3863 ergo
2331 3795 2396 3848 ad
2430 3795 2814 3865 inquirendum
2860 3811 2955 3865 per
2989 3811 3143 3850 suam
3178 3798 3398 3866 sapien-

1832 3884 1993 3950 tiam,
2046 3885 2304 3953 quidnam
2374 3885 2577 3940 factum
2635 3888 2704 3941 sit
2765 3888 2870 3941 sub
2932 3888 3084 3942 sole:
3152 3902 3402 3957 quaenam

1831 3991 2014 4029 rerum
2039 3990 2160 4045 quae
2186 3976 2275 4029 hic
2316 3984 2465 4040 sunt,
2503 3977 2575 4031 sit
2620 3975 2893 4043 confusio,
2945 3977 3407 4046 quemadmodum

1830 4067 1883 4122 id
1914 4068 2054 4138 quod
2080 4076 2163 4121 est
2189 4068 2438 4122 ell'ectum
2472 4068 2541 4123 sit
2575 4084 2794 4123 servum
2826 4069 2944 4137 ejus
2971 4069 3115 4137 quod
3150 4084 3257 4123 non
3297 4076 3405 4133 est,

1834 4160 2297 4228 quemadmodum
2339 4160 2395 4213 in
2432 4160 2483 4214 id
2523 4161 2669 4229 quod
2698 4167 2804 4224 est,
2828 4159 3167 4214 dominatum
3197 4161 3409 4215 obtinet

1833 4252 1886 4306 id
1927 4253 2073 4320 quod
2108 4269 2215 4306 non
2248 4243 2426 4322 potest
2458 4253 2780 4308 consistere.
2816 4270 2834 4303 ι
2878 4251 2943 4304 Ει
2976 4254 3233 4322 cognovit
3262 4251 3410 4321 quod

1834 4345 2032 4397 malam
2090 4345 2504 4398 distractionem
2552 4344 2701 4397 dedit
2749 4342 2891 4398 Deus
2932 4343 3056 4398 ﬁliis
3099 4343 3407 4409 hominum,

1835 4442 1894 4486 ιιι
1926 4429 2369 4488 distraherentnr
2399 4433 2452 4486 in
2481 4447 2564 4487 ea.
2613 4452 2631 4483 ι
2669 4430 2783 4486 Hoc
2809 4442 2989 4487 autem
3036 4448 3144 4486 non
3192 4440 3252 4487 ut
3293 4433 3412 4488 cui-

1834 4539 1996 4594 qnam
2030 4525 2082 4578 in
2125 4532 2380 4593 promptu
2420 4522 2586 4577 fuerit
2612 4524 2877 4593 cogitare,
2904 4525 3050 4593 pium
3081 4531 3165 4580 est
3197 4533 3410 4593 putare,

162 4618 266 4670 κῶν
309 4619 462 4671 αἰτία
509 4614 923 4685 ἐπαναφέροιτο.
986 4615 1046 4667 Ὀ
1072 4615 1179 4685 γὰρ
1218 4617 1283 4685 τῇ
1320 4614 1476 4684 φύσει
1507 4615 1728 4683 ἀγαθὸς,

1841 4615 1983 4685 quod
2036 4617 2153 4684 ipse
2180 4612 2323 4668 Deus
2358 4613 2567 4668 dederit
2604 4615 2803 4667 malam
2856 4614 3171 4669 hominibus
3214 4614 3414 4669 distra-

160 4711 246 4762 καὶ
277 4709 497 4780 ἀγαθῶν
526 4707 737 4769 πάντως
769 4707 1098 4777 παρεκτικὸς
1136 4707 1381 4775 γίνεται·
1429 4708 1567 4760 διότι
1622 4710 1729 4760 πᾶν

164 4801 367 4875 δένδρον
410 4800 571 4855 καλὸν
606 4799 851 4871 καρποὺς
894 4798 1093 4860 καλοὺς
1126 4800 1300 4862 ποιεῖ,
1350 4799 1443 4851 καὶ
1469 4797 1589 4850 οὔτε
1623 4797 1731 4851 ἀπὸ

165 4894 408 4955 ἀκανθῶν
441 4891 703 4963 σταφυλὴ,
735 4890 856 4944 οὔτε
891 4889 950 4956 ἐξ
979 4891 1221 4961 ἀμπέλου
1252 4890 1461 4945 ἄκανθα
1493 4891 1687 4961 φύεται
1712 4908 1726 4923 ο

167 4985 195 5041 6
231 4983 320 5040 οὖν
363 4990 429 5057 τῇ
463 4982 621 5055 φύσει
660 4984 880 5053 ἀγαθὸν,
926 4985 1024 5037 οὐκ
1065 4985 1130 5038 ἄν
1166 5000 1218 5039 τι
1258 4983 1493 5055 πονηρὸν
1522 4986 1586 5038 ἐκ
1623 4984 1731 5039 τῶν

165 5078 447 5148 θησαυρῶν
481 5076 643 5131 αὐτοῦ
679 5076 1104 5146 προχειρίσαιτο.
1141 5076 1275 5135 Οὐδὲ
1323 5075 1429 5149 γὰρ
1470 5078 1498 5128 6
1527 5076 1733 5144 ἀγαθὸς

165 5168 441 5240 ἄνθρωπος
475 5171 538 5222 ἐκ
564 5168 657 5221 τοῦ
694 5166 1128 5238 περισσεύματος
1171 5168 1272 5238 τῆς
1317 5168 1543 5239 καρδίας
1588 5167 1734 5221 κακὰ

166 5258 331 5322 λαλεῖ,
361 5261 495 5314 ἀλλὰ
522 5260 834 5331 κατάλληλα
863 5263 927 5333 τῇ
958 5260 1150 5314 ἐαυτοῦ
1194 5261 1487 5330 φθέγγεται
1530 5263 1690 5329 φύσει
1714 5279 1726 5293 σ

168 5353 312 5422 πόσῳ
332 5350 426 5406 οὖν
454 5354 652 5425 μᾶλλον
684 5356 716 5424 ἠ
761 5354 867 5406 τῶν
901 5351 1117 5420 ἀγαθῶν
1147 5354 1297 5422 πηγὴ
1322 5354 1420 5405 ούκ
1449 5353 1513 5407 ἄν
1538 5370 1589 5407 τι
1623 5354 1732 5406 τῶν

168 5444 417 5515 πονηρῶν
448 5447 511 5498 ἐκ
537 5446 634 5516 τῆς
666 5444 799 5507 ἰδίας
829 5443 1041 5513 φύσεως
1085 5443 1340 5514 προχέοι;
1385 5443 1544 5497 Ἀλλὰ
1579 5443 1730 5499 τοῦτο

168 5536 301 5588 νοεῖν
342 5536 652 5589 ὑποτίθεται
684 5538 718 5607 ἡ
748 5534 1108 5605 εὐσεϐεστέρα
1136 5534 1365 5599 διάνοια,
1401 5535 1482 5588 ὅτι
1508 5534 1569 5587 τὸ
1598 5536 1734 5604 ἀγα-

171 5619 259 5677 θδν
288 5625 383 5678 τοῦ
414 5625 546 5681 Θεοῦ
582 5627 745 5697 δόμα.
795 5624 965 5680 Τοῦτο
1009 5624 1067 5678 δέ
1110 5626 1277 5695 ἐστιν,
1318 5628 1352 5699 ἠ
1391 5626 1737 5697 αύτεξούσιος

240 5793 282 5829 ⁵³
308 5795 439 5855 Gen.
465 5814 544 5865 ιιι,
579 5800 662 5857 lt.
739 5801 782 5833 "
805 5799 946 5856 l’sal.
969 5815 1074 5868 ενι,
1104 5802 1184 5857 l7.

1266 5803 1305 5834 "7
1343 5801 1533 5857 Matth.
1560 5818 1653 5871 vn,
1686 5802 1768 5857 lﬁ.

1839 4707 2098 4760 ctionem.
2130 4704 2221 4759 Sic
2246 4706 2393 4759 enim
2431 4705 2696 4758 malorum
2733 4721 2898 4760 causa
2931 4706 2984 4760 in
3015 4706 3165 4760 illum
3199 4705 3416 4761 conter-

1838 4805 2011 4850 retur.
2040 4797 2194 4857 Nam,
2227 4797 2319 4866 qui
2370 4806 2454 4852 est
2484 4805 2678 4851 natura
2736 4796 2936 4858 bonus,
2990 4798 3134 4851 bona
3194 4812 3415 4867 quoque

1839 4890 2042 4960 praebet
2066 4890 2310 4954 omnino,
2341 4890 2599 4959 quoniam
2628 4890 2808 4945 omnis
2844 4891 3011 4944 arbor
3039 4890 3204 4953 bona,
3241 4890 3413 4945 bonos

1841 4980 2054 5036 fructus
2084 4980 2230 5044 facit,
2258 4990 2309 5035 et
2343 4996 2520 5050 neque
2548 4996 2612 5035 ex
2646 4980 2823 5050 spinis
2854 4997 2974 5044 uva,
3009 4996 3185 5050 neque
3214 4996 3277 5035 ex
3309 4981 3414 5034 vite

1842 5076 1997 5147 Spina
2027 5074 2273 5128 nascitur
2296 5074 2361 5129 δ’.
2389 5073 2545 5139 Quod
2569 5089 2700 5144 ergo
2721 5089 2817 5128 sua
2850 5082 2934 5129 est
2959 5081 3153 5126 natura
3187 5073 3409 5137 bonum,

1839 5184 1904 5224 ex
1939 5168 2055 5222 suis
2110 5167 2391 5221 thesauris
2444 5167 2645 5219 malum
2685 5182 2792 5221 non
2829 5166 3168 5235 produxerit.
3225 5161 3413 5232 Neque

1839 5262 1983 5317 enim
2021 5262 2196 5316 bonus
2226 5261 2386 5314 homo
2438 5276 2506 5315 ex
2555 5259 2891 5314 abundantia
2924 5258 3105 5312 cordis
3145 5256 3284 5310 mala
3336 5256 3411 5311 lo-

1838 5354 2027 5424 quitur
2052 5352 2117 5416 ⁸³,
2146 5352 2237 5407 sed
2276 5367 2339 5406 ea
2399 5352 2643 5421 loquitur
2678 5366 2798 5420 quae
2852 5358 2978 5405 sunt
3036 5363 3149 5401 suae
3200 5355 3412 5401 naturae

1839 5444 2261 5500 convenientia:
2309 5454 2518 5513 quanto
2572 5458 2702 5511 ergo
2738 5441 2912 5509 magis
2959 5438 3082 5494 fons
3140 5439 3409 5493 bonorum

1839 5535 1976 5590 nihil
2006 5536 2132 5589 mali
2163 5551 2230 5590 ex
2268 5549 2367 5590 sua
2398 5544 2595 5589 natura
2626 5530 2982 5603 profuderit?
3009 5531 3104 5587 sed
3139 5531 3242 5586 hoc
3276 5545 3410 5601 pra:-

1841 5625 1930 5681 bet
1964 5625 2401 5696 intelligendum,
2432 5626 2525 5696 qui
2553 5633 2638 5678 est
2671 5622 2848 5693 magis
2878 5624 3000 5695 pius
3024 5639 3242 5689 sensus,
3267 5622 3411 5693 quod

1850 5802 1891 5834 ⁵⁸
1922 5801 2108 5857 Matth.
2135 5816 2231 5869 xu,
2265 5802 2333 5858 54
2356 5844 2370 5871 ,
2396 5801 2526 5857 Luc.
2566 5817 2640 5869 vi,
2679 5802 2765 5874 45.
