3844 6386
254 307 463 413 ’639

1698 356 2026 411 (Ᾰ11Σζο01111
2071 357 2358 412 λ’έδὲδέίλι

3512 356 3614 412 6411

359 470 564 523 bonum
595 476 678 521 est
706 467 908 521 donum
950 466 1064 521 Dei.
1099 466 1211 521 Hoc
1240 480 1420 521 autent
1455 477 1537 523 est
1574 479 1757 523 motus
1785 470 1937 522 liberi

2069 471 2320 543 ιίνησιςῆ
2370 477 2434 544 τῇ
2466 474 2878 546 διημαρτημένῃ
2926 473 3031 526 τῶν
3078 470 3381 544 ἀνθρώπων
3423 476 3618 543 χρήσει

362 556 597 625 arbitrii,
630 557 747 628 qui,
778 557 904 612 dum
935 574 1000 613 eo
1028 559 1184 613 abusi
1217 571 1345 612 sunt
1368 560 1643 620 homines,
1678 576 1938 630 peccans,

363 647 474 703 fuit
512 649 566 703 in
599 648 916 705 hominibus
944 650 1373 705 instrmnentnm
1404 651 1469 703 ad
1497 659 1803 720 peccatum.
1843 650 1944 705 Bo-

365 753 496 793 num
532 741 678 794 enim
712 747 795 795 est
849 748 1044 817 natura
1093 748 1148 796 et
1194 741 1445 795 servituti
1479 758 1585 796 non
1642 743 1942 796 obnoxium

369 829 601 886 liberum
660 832 975 888 arbitrium.
1032 832 1189 899 Quod
1245 842 1428 887 autem
1486 845 1562 888 est
1622 835 1943 888 necessitati

371 922 700 992 subjectum,
734 925 788 978 in
826 924 984 979 bonis
1021 939 1179 980 t-emo
1225 926 1637 991 numeraverit;
1701 927 1793 978 sed
1831 926 1945 993 ipsa

370 1013 540 1070 libera
565 1016 767 1072 mentis
799 1016 1083 1087 appeti:io,
1112 1030 1237 1070 eum
1273 1018 1412 1069 citra
1440 1016 1743 1086 disciplinae
1778 1021 1947 1073 casti--

372 1107 652 1178 gationem
694 1109 759 1162 ad
793 1109 1104 1179 eligendum
1138 1088 1327 1161 vitium
1371 1106 1708 1173 deduxisset,
1760 1112 1949 1166 «(recta

370 1203 458 1253 est
480 1195 677 1252 anima:
705 1200 953 1263 tentatio,
988 1214 1109 1269 quat
1139 1215 1169 1252 a
1220 1200 1383 1254 rebus
1418 1204 1653 1255 excelsis
1687 1211 1740 1256 et
1779 1204 1950 1257 bono-

373 1287 545 1343 riﬁcis
565 1291 830 1345 convulsa
860 1299 947 1345 est
991 1292 1056 1345 ad
1099 1292 1265 1346 animi
1296 1304 1498 1359 motus,
1526 1295 1622 1367 qui
1665 1296 1955 1352 vehemen-

377 1388 463 1436 ter
486 1382 813 1451 perturbant
836 1390 891 1436 et
920 1382 1182 1437 alliciunt.
1219 1383 1333 1439 lloc
1362 1395 1445 1441 est
1481 1388 1625 1457 quod
1679 1388 1955 1458 signiﬁcat

374 1471 513 1528 illud
544 1491 563 1525 ι
598 1473 770 1528 dedit.
810 1492 828 1525 ι
866 1474 986 1532 Non
1022 1477 1168 1548 quod
1222 1478 1340 1549 ipse
1386 1481 1589 1534 malum
1621 1479 1746 1536 vita:
1780 1480 1957 1536 homi-

379 1580 513 1619 num
563 1564 842 1634 indiderit,
896 1568 992 1623 sed
1025 1568 1171 1638 quod
1212 1569 1373 1626 bonis
1419 1586 1543 1642 quae
1578 1587 1607 1625 a
1664 1571 1772 1627 Deo
1830 1572 1957 1628 data

380 1663 535 1730 sunt,
567 1655 733 1711 homo
766 1669 986 1729 propter
1017 1662 1259 1732 inopiam
1296 1662 1538 1727 consilii,
1572 1680 1709 1719 usus
1741 1665 1810 1719 sit
1838 1672 1960 1720 tan-

379 1764 545 1817 quam
571 1749 834 1804 malorum
860 1750 1230 1807 adminiculis.
1251 1753 1549 1809 Consuevit
1566 1764 1747 1809 autem
1771 1767 1959 1811 sancta

2043 562 2273 632 ὄργανον
2300 565 2379 628 είς
2407 565 2679 635 ἁμαρτίαν
2708 566 2939 634 ἐγένετο.
2985 565 3210 633 Ἀγαθὸν
3237 565 3343 637 γὰρ
3364 567 3430 636 τῇ
3458 565 3621 633 φύσει

2043 651 2103 704 τὸ
2150 652 2489 717 αὐτεξούσιον
2536 655 2630 713 καὶ
2669 655 2984 722 ἀδούλωτον,
3027 656 3088 709 τὸ
3121 655 3179 708 δὲ
3211 654 3621 723 ὑπεζευγμένον

2044 743 2332 811 ἀνάγκαις.
2372 745 2473 799 οὐκ
2521 746 2586 804 ἄν
2621 763 2706 810 τις
2733 747 2790 800 ὲν
2822 746 3045 814 ἀγαθοῖς
3077 746 3468 818 ἀριθμήσειεν’
3504 746 3626 800 ἀλλ’

2046 834 2080 903 ή
2110 833 2455 900 αύτεξούσιος
2488 836 2628 908 αὕτη
2654 838 2753 907 τῆς
2786 837 3025 901 διανοίας
3057 838 3199 910 ὁρμὴ
3228 838 3622 907 ἀπαιδαγωγή-

2047 942 2152 988 τως
2183 925 2321 996 πρὸς
2345 927 2445 998 τὴν
2479 929 2689 1000 αἵρεσιν
2714 929 2813 1000 τῆς
2859 929 3054 994 κακίας
3086 930 3455 1000 ἀπορρυεῖσα,
3501 946 3628 981 πει-

2051 1017 2257 1087 ρασμὸς
2282 1017 2382 1089 τῆς
2410 1018 2591 1089 ψυχῆς
2618 1018 2832 1087 ἐγένετο
2855 1062 2870 1084 ,
2919 1021 3028 1075 ἀπὸ
3059 1020 3166 1074 τῶν
3194 1020 3413 1092 ὑψηλῶν
3437 1038 3496 1074 τε
3526 1022 3632 1075 καὶ

2048 1109 2263 1178 τιμίων,
2297 1108 2433 1180 πρὸς
2462 1111 2559 1172 τὰς
2585 1110 2850 1181 ἐμπαθεῖς
2876 1111 2973 1183 τῆς
3002 1111 3216 1181 φύσεως
3252 1114 3493 1182 κινήσεις
3522 1130 3633 1164 κα-

2048 1198 2475 1272 τασπασθείσης.
2501 1200 2670 1254 Τοῦτό
2693 1205 2839 1255 ἐστιν
2865 1201 2893 1256 ὅ
2914 1203 3167 1272 σημαίνει
3188 1202 3247 1255 τὸ
3284 1221 3302 1254 ι
3339 1202 3565 1264 ἔδωκεν,
3607 1223 3630 1255 ι

2050 1291 2148 1361 οὐχ
2177 1292 2259 1346 ὅτι
2287 1291 2449 1355 αὐτὸς
2475 1291 2534 1345 τὸ
2564 1292 2733 1349 κακὸν
2773 1295 2839 1364 τῇ
2891 1292 2998 1346 τῶν
3036 1292 3336 1364 ἀνθρώπων
3379 1292 3489 1363 ζωῇ
3540 1294 3634 1344 ὲν-

2053 1384 2328 1454 εποίησεν,
2363 1383 2479 1438 ἀλλ’
2506 1385 2587 1439 ὅτι
2633 1386 2747 1446 τοῖς
2784 1383 2936 1455 παρὰ
2969 1382 3104 1438 Θεοῦ
3134 1383 3365 1438 δοθεῖσιν
3400 1382 3639 1452 ἀγαθοῖς

2054 1476 2083 1533 ὁ
2104 1475 2387 1547 ἄνθρωπος
2409 1475 2513 1530 ύπὸ
2535 1475 2787 1539 ἁὸουλίας
2806 1476 2988 1531 κακῶν
3010 1475 3312 1547 ὑπηρεσίαν
3335 1475 3639 1546 ἐχρήσατο.

2057 1565 2293 1637 Σύνηθες
2316 1566 2374 1626 δέ
2401 1568 2517 1620 ἐστι
2546 1568 2612 1638 τῇ
2641 1566 2773 1638 ἁγίᾳ
2806 1567 2993 1637 Γραφῇ
3021 1567 3089 1619 τὰ
3115 1565 3336 1621 τοιαῦτα
3367 1564 3474 1619 τῶν
3501 1583 3639 1637 νοη-

2061 1658 2245 1729 μάτων
2289 1661 2410 1723 ταῖς
2458 1659 2733 1724 τοιαύταις
2763 1658 3107 1729 ἐξαγγέλλειν
3150 1661 3352 1729 φωναῖς
3382 1676 3395 1690 ·
3442 1658 3517 1721 ὡς
3545 1660 3642 1722 τὸ,

2066 1770 2084 1803 t
2106 1750 2428 1821 Παρέδωκεν
2459 1751 2654 1816 αὐτοὺς
2682 1753 2711 1809 ό
2744 1751 2878 1818 Θεὸς
2915 1753 2996 1814 εἰς
3026 1750 3169 1822 πάθη
3194 1751 3439 1821 ἀτιμίας·
3462 1770 3481 1801 ι
3509 1754 3642 1814 καὶ,

385 1838 670 1910 Scriptura
702 1843 841 1897 tales
873 1858 1073 1898 sensus
1120 1843 1435 1914 huiusmodi
1475 1847 1767 1902 enuntiare
1818 1849 1962 1903 voci-

2069 1862 2086 1896 t
2113 1843 2353 1897 Ἔδωκεν
2370 1844 2565 1907 αύτοὺς
2578 1846 2657 1909 είς
2673 1844 2928 1914 ἀδόκιμον
2949 1842 3091 1907 νοῦν,
3116 1862 3135 1893 ι
3155 1843 3247 1897 καὶ
3263 1862 3282 1894 t
3306 1843 3647 1916 Ἐσκλήρυνε

384 1931 508 1998 bus,
566 1941 622 1986 ut
654 1934 780 1999 hoc,
844 1954 862 1985 ι
928 1934 1177 1990 Tradidit
1236 1952 1333 1992 eos
1365 1939 1507 1993 Deus
1570 1939 1624 1993 in
1676 1940 1962 2009 passiones

385 2023 784 2093 ignominiaa“.
830 2046 848 2080 ι
888 2026 971 2092 Et,
1000 2028 1210 2083 «~Dedit
1244 2044 1340 2085 eos
1376 2029 1516 2086 Deus
1561 2030 1613 2086 in
1672 2032 1962 2101 reprobum

383 2130 607 2171 sensum
633 2118 699 2172 ⁸⁸.
742 2140 761 2172 ι
796 2118 881 2181 Ει,
926 2140 945 2175 ι
989 2122 1274 2177 lnduravit
1307 2138 1404 2177 eor
1457 2122 1760 2181 Pharaonis
1782 2125 1863 2192 ¹¹;
1906 2134 1965 2181 et

384 2208 547 2274 illud,
585 2227 604 2262 ι
646 2211 925 2269 Aberrare
960 2229 1062 2271 nos
1106 2212 1284 2269 fecisti
1315 2230 1344 2268 a
1393 2215 1478 2268 via
1522 2223 1634 2277 tua.
1693 2217 1963 2277 indurasti

384 2298 554 2355 corda
591 2311 801 2368 nostra,
833 2313 889 2358 ut
919 2311 972 2359 te
1000 2320 1108 2359 non
1132 2307 1389 2361 timerent
1410 2306 1478 2363 ⁸⁸.
1512 2325 1530 2357 ι
1561 2306 1641 2371 Et,
1676 2328 1693 2359 ι
1726 2308 1967 2363 Abduxit

384 2400 483 2443 eos
509 2386 564 2442 in
596 2389 764 2455 invio,
792 2400 847 2445 et
872 2406 981 2446 non
1018 2392 1072 2446 in
1102 2393 1187 2448 via
1210 2393 1281 2442 ⁸³.
1339 2412 1358 2444 ι
1391 2393 1477 2459 Ει,
1520 2412 1538 2444 ‹
1584 2391 1856 2464 Decepisti
1880 2410 1967 2450 me

383 2484 439 2531 et
474 2476 733 2550 deceptus
767 2496 887 2536 sum
911 2481 999 2537 ’δε
1044 2501 1063 2534 ι
1094 2491 1148 2537 et
1174 2498 1519 2555 quaecunque
1548 2495 1677 2540 sunt
1724 2484 1969 2554 ejusmo-

386 2568 549 2628 ditin
588 2572 789 2642 quibus
819 2582 1050 2630 exactus
1100 2589 1300 2631 sensus
1337 2592 1445 2631 non
1496 2576 1741 2631 ostendit
1792 2577 1973 2631 homio

391 2678 525 2717 num
561 2664 843 2736 quidpiam
877 2682 907 2721 a
936 2664 1047 2722 Deo
1084 2667 1368 2724 exstitisse
1391 2668 1446 2723 in
1472 2668 1709 2723 humana
1740 2680 1966 2723 natura:

388 2751 484 2808 sed
525 2764 847 2824 potestatem
879 2767 1105 2815 accusat
1143 2770 1197 2815 et
1227 2760 1571 2826 libertatem,
1610 2776 1731 2831 qua:
1767 2763 1968 2815 bonum

387 2844 610 2912 quidem
641 2855 747 2912 est.
780 2856 833 2903 et
862 2847 956 2904 Dei
991 2850 1196 2905 donum
1235 2862 1446 2908 natura:
1486 2852 1675 2909 datum
1704 2871 1718 2907 :
1768 2853 1970 2908 malum

389 2940 574 2987 autem
606 2937 785 2992 erasit
816 2948 1038 3009 propter
1065 2943 1485 3012 prepensionem
1537 2943 1605 2998 ad
1635 2945 1971 2998 contrarium

2062 1936 2160 2007 τὴν
2196 1936 2422 2007 καρδίαν
2448 1934 2645 2008 Φαραώ
2677 1953 2691 1967 ⁸
2710 1935 2836 1991 »καὶ
2878 1935 2957 1998 τὸ,
2989 1954 3007 1987 t
3038 1935 3101 1987 Τί
3132 1934 3434 2006 ὲπλὰνησας
3458 1936 3647 2005 ἡμᾶς,

2063 2027 2256 2099 Κύριε,
2288 2027 2395 2082 ἀπὸ
2421 2029 2519 2100 τῆς
2560 2026 2679 2081 ὁδοῦ
2719 2043 2832 2091 σου,
2878 2026 3218 2098 ὲσκλήρυνας
3263 2028 3359 2091 τὰς
3408 2027 3650 2099 καρδίας

2064 2118 2220 2190 ἡμῶν
2238 2118 2331 2172 τοῦ
2358 2118 2432 2189 μὴ
2450 2117 2731 2187 φοϐεῖσθαί
2761 2130 2875 2181 σεςι
2896 2117 3007 2179 καὶ,
3032 2136 3051 2168 ‹
3090 2118 3416 2189 Ἐπλάνησεν
3436 2118 3649 2184 αὐτοὺς

2066 2212 2122 2262 ὲν
2157 2208 2343 2280 ἁὸάτῳ
2373 2209 2466 2261 καὶ
2484 2209 2582 2280 οὐχ
2604 2207 2725 2279 ὁδῷο
2747 2228 2766 2262 ι
2793 2210 2934 2271 καὶ,‹
2960 2209 3274 2279 Ἠπάτησάς
3296 2227 3361 2280 με
3382 2210 3473 2263 καὶ
3492 2212 3633 2280 ἡπα-

2066 2300 2237 2371 τήθην
2266 2317 2279 2333 ο
2304 2300 2428 2354 »καὶ
2466 2301 2567 2353 ὅσα
2598 2300 2808 2364 τούτοις
2841 2301 2987 2353 ἐστὶν
3020 2301 3329 2372 ὁμότροπα,
3375 2303 3456 2368 ἐφ’
3494 2295 3576 2355 ὧν
3611 2303 3651 2372 ἡ

2067 2392 2300 2464 ἀκριϐὴς
2350 2393 2555 2447 διάνοια
2604 2394 2664 2445 οὐ
2712 2392 2770 2445 τὸ
2804 2391 2952 2464 παρὰ
2988 2392 3080 2445 τοῦ
3131 2392 3265 2446 Θεοῦ
3309 2410 3360 2445 τι
3403 2393 3509 2446 τῶν
3536 2394 3646 2446 ἀν-

2070 2484 2137 2555 θρ
2160 2483 2302 2535 ῖρπων
2335 2483 2647 2552 ἐγγενέσθαι
2682 2484 2746 2553 τῇ
2786 2482 3097 2553 ἀνθρωπίνῃ
3132 2483 3410 2552 συνίστησι
3441 2481 3610 2550 φύσει
3632 2502 3661 2517 ὀ

2071 2576 2203 2629 ἀλλὰ
2234 2579 2527 2646 κατηγορεῖ
2551 2577 2649 2645 τῆς
2680 2576 2949 2643 ἐξουσίας,
2981 2577 3013 2646 ἥ
3048 2576 3254 2644 ἀγαθὸν
3279 2577 3377 2647 μέν
3403 2577 3518 2628 ἐστι
3545 2579 3653 2629 καὶ

2071 2668 2204 2720 Θεοῦ
2233 2666 2404 2737 δῶρον
2428 2667 2707 2739 δεδομένον
2752 2671 2817 2739 τῇ
2847 2667 3017 2736 φύσει,
3041 2685 3056 2699 °
3109 2669 3298 2739 γέγονε
3321 2668 3395 2731 δὲ,
3423 2668 3513 2723 διὰ
3538 2670 3653 2736 τῆς

2074 2756 2210 2827 πρὸς
2235 2756 2297 2811 τὸ
2330 2756 2571 2814 ἐναντίον
2601 2757 2773 2829 ῥοπῆς
2806 2756 2989 2810 κακόν.
3034 2752 3188 2809 Εἷδεν
3220 2751 3313 2810 οὗν
3347 2759 3375 2810 ὁ
3413 2756 3659 2826 Ἐκκλη-

2074 2848 2297 2918 σιαστὴς
2345 2848 2638 2919 σύμπαντα
2677 2847 2744 2901 τὰ
2794 2848 3139 2918 πεποιημένα
3187 2850 3244 2900 ὲν
3288 2847 3364 2919 τῷ
3402 2847 3505 2899 ὑπὸ
3547 2850 3653 2901 τὸν

2073 2940 2221 3011 ἥλιον
2259 2939 2386 3010 βίῳ,
2413 2940 2492 2993 ὄτι
2520 2940 2696 2994 πάντα
2727 2934 2797 3011 ἦν
2830 2941 3145 3009 ματαιότης.
3185 2959 3202 2991 ι
3240 2941 3354 2993 Ούκ
3380 2934 3446 3009 ἦν
3473 2938 3587 3009 γὰρ
3621 2939 3659 2990 ὁ

391 3024 618 3079 malisin.
656 3027 803 3083 Vidit
844 3046 977 3101 ergo
1021 3032 1382 3090 Ecclesiastes
1415 3034 1598 3088 omnia
1646 3051 1769 3105 quae
1831 3036 1967 3088 facta

2078 3032 2291 3095 συνιῶν,
2321 3032 2419 3084 οὐκ
2443 3025 2509 3102 ἦν
2539 3031 2567 3083 ὁ
2595 3029 2842 3099 ἐκζητῶν
2879 3028 2968 3083 τὸν
2999 3028 3164 3080 Θεόν·
3190 3026 3416 3096 ιέπειδὴ
3443 3026 3669 3093 πάντες,

392 3125 522 3171 sunt
553 3118 606 3172 in
638 3121 770 3186 vita,
805 3138 927 3191 qua:
960 3132 1045 3179 est
1085 3126 1190 3180 sub
1223 3127 1360 3185 sole,
1395 3127 1538 3195 quod
1585 3127 1767 3180 omnia
1817 3135 1967 3181 erant

2078 3122 2371 3187 ἐξέκλιναν,
2416 3121 2532 3192 ἅμα
2560 3118 2966 3191 ὴχρειώθησαν.
3009 3117 3109 3175 Διὰ
3144 3115 3301 3171 τοῦτο
3339 3114 3525 3179 εἰπὼν,
3554 3117 3656 3169 ὅτι

391 3210 632 3266 vanitas.
663 3231 681 3260 ι
724 3211 844 3267 Non
874 3222 996 3268 erat
1026 3215 1171 3269 enim
1204 3217 1297 3285 qui
1336 3217 1679 3284 intelligeret,
1716 3232 1823 3271 non
1858 3226 1967 3271 erat

2089 3235 2103 3262 ι
2132 3210 2231 3267 Καὶ
2267 3210 2375 3270 ἰδοὺ
2403 3214 2470 3267 τὰ
2516 3214 2694 3272 πάντα
2728 3211 3045 3283 ματαιότης,
3087 3229 3106 3262 ι
3156 3209 3254 3280 τὴν
3288 3209 3463 3263 αἰτίαν
3505 3210 3645 3279 ἐπή-

393 3299 488 3367 qui
531 3298 698 3354 Deutn
746 3302 1051 3371 requireret
1071 3304 1158 3359 5':
1210 3325 1227 3356 ι
1284 3304 1724 3376 quandoquidem
1788 3319 1967 3359 omnes

2078 3321 2267 3372 γαγεν,
2300 3304 2382 3357 ὅτι
2409 3305 2507 3375 οὐχ
2548 3306 2577 3357 ὁ
2615 3303 2747 3370 Θεὸς
2776 3303 2977 3358 τούτων
3007 3302 3197 3368 αἴτιος,
3238 3299 3371 3355 ἀλλᾶ
3397 3302 3430 3371 ἡ
3456 3301 3659 3370 προαξη

392 3390 832 3458 derlinaverunt,
879 3395 1044 3448 simul
1094 3395 1316 3457 inutiles
1411 3394 1537 3450 facti
1604 3403 1755 3450 sunt.
1838 3392 1967 3447 Pro-

2083 3412 2230 3466 ρεσις
2258 3395 2354 3463 τῆς
2386 3394 2731 3467 ἀνθρωπίνης
2760 3394 2954 3465 ὁρμῆς,
2986 3392 3052 3464 ἢν
3092 3391 3305 3463 πνεῦμα
3344 3392 3654 3461 ὠνόμασεν.

394 3487 579 3551 pterea
614 3498 739 3537 cum
774 3484 1047 3542 dixisset:
1078 3507 1095 3538 ι
1140 3486 1279 3543 Ecce
1311 3490 1489 3542 omnia
1528 3488 1761 3550 vanitas,
1790 3506 1807 3538 ›
1853 3487 1967 3542 sub

2082 3486 2392 3556 Κατηγορεῖ
2418 3486 2475 3539 δὲ
2494 3485 2683 3540 τούτου
2712 3483 2806 3539 τοῦ
2835 3483 3163 3555 πνεύματος,
3191 3483 3289 3553 οὐχ
3307 3483 3387 3535 ὅτι
3414 3480 3658 3535 τοιοῦτον

390 3573 568 3642 junin
603 3591 850 3640 causam,
905 3595 1100 3650 nempe
1145 3579 1290 3651 quod
1326 3578 1467 3634 Deus
1513 3596 1619 3634 non
1661 3588 1747 3634 est
1805 3594 1975 3634 causa

395 3665 614 3732 horum,
672 3668 769 3723 sed
812 3669 1064 3726 humanae
1109 3670 1465 3740 appetitionis
1515 3672 1683 3725 libera
1735 3669 1970 3732 electio,

394 3761 803 3825 quamvocavit
847 3761 1124 3830 spiritum.
1169 3760 1325 3815 Hunc
1368 3770 1549 3813 autem
1587 3768 1815 3815 accusat
1860 3759 1973 3828 spi-

2082 3574 2147 3649 Et:
2185 3576 2358 3648 ἀρχῆς
2410 3573 2477 3648 ἦν
2515 3594 2530 3609 ’
2601 3576 2639 3651 ἦ
2674 3576 2782 3650 γὰρ
2833 3576 2898 3631 ἂν
2953 3575 3059 3642 ἔξω
3109 3572 3439 3645 κατηγορίας
3490 3568 3653 3643 ῆν,ει

2080 3668 2320 3722 τοιοῦτον
2355 3670 2593 3738 ὲγένετο’
2615 3671 2726 3725 ἀλλ’
2753 3672 2835 3725 ὅτι
2866 3670 3193 3742 διαστραφὲν
3222 3665 3530 3738 ὲξηρμόσθη
3557 3666 3667 3719 τοῦ

2081 3761 2308 3832 κόσμου.

396 3849 583 3917 ritum,
614 3868 720 3907 non
753 3855 898 3922 quod
944 3854 1068 3909 talis
1093 3862 1240 3909 eSset
1287 3855 1355 3907 ab
1401 3853 1594 3909 initio:
1653 3852 1787 3907 nulli
1819 3852 1964 3908 enim
1996 3854 2225 3911 crimini
2260 3856 2453 3914 fuisset
2484 3855 2678 3919 aliinis,
2703 3854 2748 3910 si
2779 3854 2905 3908 talis
2936 3861 3097 3909 natus
3127 3860 3311 3913 esset;
3354 3850 3448 3904 sed
3509 3847 3661 3917 quod

395 3954 687 4010 perversus
718 3946 787 3998 ab
811 3953 1137 3999 ornamento
1163 3945 1504 4000 discesserit.

363 4178 375 4193 ,
475 4152 495 4186 ι
539 4131 895 4199 Perversum,
929 4153 948 4186 ι
988 4135 1188 4206 inquit,
1219 4154 1236 4186 ι
1268 4152 1379 4191 non
1401 4136 1597 4205 poterit
1617 4138 1872 4193 exornari
1901 4157 1914 4192 :
1947 4157 1966 4190 ι

400 4226 508 4282 hoc
541 4234 646 4293 est,
671 4242 994 4299 perversum
1024 4243 1135 4284 non
1163 4228 1327 4284 fuerit
1351 4229 1688 4285 conveniens
1708 4238 1977 4286 creatum

399 4334 431 4373 a
464 4319 573 4374 Deo
621 4328 920 4378 exornatae.
979 4320 1267 4387 Quomodo
1314 4322 1460 4377 enim
1509 4320 1730 4385 artifex.
1766 4322 1861 4395 qui
1911 4339 1975 4378 ex

400 4411 687 4482 proposito
707 4410 918 4481 aliquid
944 4413 1059 4467 sibi-
1078 4410 1403 4475 fabricatur,
1428 4414 1617 4484 regula
1645 4423 1697 4470 et
1726 4413 1815 4468 ﬁlo
1842 4414 1982 4469 diri-

401 4500 483 4573 git
521 4510 707 4573 partes
739 4518 863 4574 qua:
894 4502 1232 4558 concludunt
1282 4503 1431 4559 vasis
1484 4504 1851 4572 eﬂectionem,
1884 4520 1982 4576 per
2012 4542 2056 4597 Β

405 4595 761 4651 artiﬁciosam
795 4594 863 4649 ad
913 4611 974 4651 se
1024 4595 1258 4653 invicem
1296 4596 1696 4654 habitudinem.
1740 4597 1797 4651 Si
1846 4595 1981 4669 quid

407 4697 587 4738 autem
626 4701 692 4741 ex
721 4686 810 4742 bis
865 4686 931 4741 ad
966 4686 1115 4741 ﬁlum
1148 4702 1273 4762 non.
1308 4687 1381 4742 sit
1411 4687 1708 4753 directum,
1761 4702 1983 4758 perver-

405 4777 616 4831 sionem
647 4778 874 4832 omnino
900 4794 1010 4833 non
1048 4777 1307 4849 suscipit,
1353 4794 1475 4849 qua;
1502 4787 1649 4834 recta
1681 4787 1801 4835 erat
1830 4795 1981 4836 eom-

402 4880 544 4936 pago
565 4864 897 4936 etjunetura
922 4885 939 4934 ;
967 4869 1063 4923 sed
1084 4867 1140 4922 id
1173 4883 1392 4939 quoque
1413 4869 1479 4929 ad
1505 4869 1652 4924 ﬁlum
1678 4870 1983 4927 deducatur

402 4964 641 5029 oportet,
671 4965 733 5012 ut
772 4967 978 5013 rectum
1015 4958 1128 5023 ﬁat,
1165 4960 1211 5015 si
1249 4960 1490 5015 futurum
1524 4969 1609 5016 est
1642 4969 1703 5015 ut
1733 4976 1857 5017 eum
1889 4975 1980 5025 eo,

402 5050 552 5121 quod
597 5058 810 5107 rectum
867 5060 991 5115 est,
1052 5051 1443 5123 coniungatur.
1502 5051 1576 5106 Ita
1631 5053 1794 5108 etiam
1852 5051 1985 5108 dicit

407 5142 800 5209 Ecclesiastes,
826 5144 973 5215 quod
1004 5159 1126 5213 qua)
1154 5159 1184 5196 a
1204 5144 1340 5198 vitio
1369 5159 1624 5212 perversa
1649 5151 1734 5199 est
1763 5152 1987 5209 natura,

407 5251 516 5291 non
568 5243 751 5307 potest
782 5236 967 5293 inesse
995 5244 1268 5291 creatum
1316 5252 1347 5289 a
1379 5247 1527 5291 recta
1576 5237 1790 5291 ratione
1824 5251 1989 5291 exor-

408 5337 569 5384 natae.
611 5348 628 5380 ι
675 5326 743 5382 Ει
769 5329 1046 5391 defectus,
1080 5349 1098 5381 ι
1141 5328 1348 5398 inquit,
1386 5348 1404 5381 ι
1445 5344 1555 5383 non
1588 5337 1769 5398 potest
1794 5344 1987 5383 nume-

410 5424 541 5476 rari.
606 5442 625 5470 ι
685 5420 928 5479 Deﬁcere
989 5422 1163 5492 accipi
1230 5438 1330 5492 pro
1401 5437 1604 5492 egere,
1665 5435 1766 5475 nos
1823 5420 1987 5474 docet

411 5512 755 5569 consuetudo
814 5512 1159 5585 Scriptum;
1197 5513 1368 5584 idque
1415 5529 1481 5569 ex
1535 5513 1725 5569 multis
1763 5508 1987 5584 probari

485 5712 529 5745 δ’
561 5714 718 5767 Rom.
738 5728 775 5776 I,
795 5714 887 5768 26.

422 5768 467 5803 ⁵³
481 5779 627 5839 Paul.
658 5768 785 5848 sm,
813 5784 869 5848 2,
890 5783 942 5836 5.

596 5900 621 5934 \

964 5714 1010 5744 '°
1038 5713 1166 5769 ibid-
1189 5713 1280 5768 28.
1357 5716 1399 5749 ⁵¹
1433 5714 1603 5770 Exod.
1640 5732 1712 5778 tv,
1744 5715 1833 5770 21.

1948 5718 1992 5748 ⁵³
2009 5713 2112 5771 lsa.
2139 5727 2293 5776 Lxm,
2325 5708 2411 5763 17.

2145 4147 2163 4181 t
2188 4125 2626 4198 Διεστραμμένον
2653 4144 2670 4175 ι
2707 4122 2835 4193 γὰρ,
2873 4119 3058 4191 φησὶν,
3098 4137 3117 4170 t
3146 4115 3205 4171 ού
3226 4114 3511 4185 δυνήσεται
3536 4115 3661 4169 ἑπι-

2072 4220 2446 4293 κοσμηθῆναι·
2476 4237 2495 4269 ι
2524 4215 2819 4279 τουτέστιν,
2846 4211 2949 4265 οὐκ
2969 4208 3034 4264 ἃν
3063 4208 3275 4279 γένοιτο
3299 4207 3364 4277 τῇ
3388 4205 3542 4276 παρὰ
3565 4206 3673 4258 τοῦ,

2073 4313 2208 4367 Θεοῦ
2219 4329 2283 4366 κο
2292 4307 2558 4381 τμηθείσῃ
2571 4306 2742 4360 κτίσει
2756 4304 2953 4357 οἰκεῖον
2972 4301 3032 4355 τὸ
3043 4299 3679 4369 ὲνδιάστροφον.Ὢσπεμ

2077 4408 2186 4481 γὰρ
2200 4410 2227 4462 ὁ
2239 4405 2490 4474 τεχνίτης
2505 4404 2532 4457 ὁ
2547 4400 2689 4455 κατὰ
2703 4396 2957 4470 πρόθεσιν
2968 4414 3021 4450 τι
3034 4394 3210 4467 ἑαυτῷ
3224 4391 3665 4481 τεκταινόμενοςν

2083 4477 2266 4554 κανόνι
2300 4493 2392 4549 καὶ
2424 4492 2652 4562 σπάρτῳ
2679 4485 2947 4545 διευθύνει
2970 4483 3040 4537 τὰ
3070 4482 3213 4554 μέρη
3259 4479 3329 4532 τὰ
3367 4477 3465 4549 τὴν
3493 4479 3668 4547 ἔπερ.

2083 4590 2281 4661 γασίαν
2327 4585 2420 4639 τοῦ
2456 4582 2682 4645 σκεύους
2708 4579 2798 4633 διὰ
2832 4578 2934 4647 τῆς
2968 4571 3233 4661 τεχνικῆς
3270 4571 3404 4643 πρὸς
3446 4567 3667 4661 λᾶλληλα

2086 4655 2324 4750 σχέσεως
2360 4672 2801 4745 συμπεραίνοντα
2832 4689 2845 4702 ·
2879 4669 2926 4720 εί
2960 4664 3018 4719 δέ
3061 4680 3117 4717 τι
3142 4660 3351 4753 ¹τούτων
3398 4658 3475 4730 μὴ
3507 4655 3669 4753 ’κατὰ

2082 4748 2182 4840 τῆν
2230 4766 2478 4837 σπάρτην
2520 4757 2881 4826 διευθονθείη,
2925 4756 2987 4812 οὐ
3038 4748 3400 4826 παραδέχεται
3448 4748 3671 4809 πάντως

2082 4862 2182 4932 τὴν
2211 4856 2542 4929 διαστροφὴν
2588 4856 2621 4925 ἠ
2671 4849 2832 4920 εὐθὴς
2861 4846 3120 4920 ἁρμονία,
3148 4843 3286 4898 ἀλλὰ
3311 4841 3417 4916 χρὴ
3447 4840 3672 4894 κάκεῖνο

2087 4953 2398 5025 ὑπαχθῆναι
2447 4951 2515 5020 τῇ
2554 4946 2775 5017 σπάρτῃ
2802 4941 2898 4994 καὶ
2939 4937 3069 4993 εὐθὺ
3097 4934 3366 5009 γενέσθαι,
3402 4935 3453 4987 εί
3480 4932 3671 5025 μέλλοι

2084 5048 2165 5119 τῷ
2207 5024 2358 5099 εύθεί
2392 5035 2861 5112 συναρμόζεσθαι·
2908 5030 3055 5086 οὓτω
3087 5028 3248 5099 φησὶν
3279 5028 3307 5081 ό
3342 5024 3671 5119 Ἐκκλησιαῖ

2088 5115 2240 5211 στὴς,
2273 5138 2356 5191 ὅτι
2380 5137 2414 5204 ἡ
2455 5130 2605 5204 παρὰ
2635 5127 2736 5197 τῆς
2766 5123 2963 5187 κακίας
2991 5119 3381 5211 διαστραφεῖσα
3411 5115 3672 5211 φύσιςᾼτῇ

2089 5205 2484 5300 κεκοσμημένη
2506 5223 2612 5278 ὑπὸ
2642 5219 2737 5274 τοῦ
2766 5215 2925 5290 ὀρθοῦ
2955 5214 3127 5295 λόγου-ἱ
3142 5211 3317 5265 κτίσει
3348 5205 3672 5300 ἐγγενέσθαι

2042 5364 2048 5371 .
2091 5326 2150 5378 ού
2190 5299 2434 5377 δύναται.
2489 5335 2507 5367 t
2552 5314 2663 5369 Καὶ
2695 5309 3001 5381 ὑστέρημα,
3058 5324 3076 5356 t
3116 5302 3303 5373 φησιν,
3344 5318 3364 5350 ‹
3408 5299 3469 5352 οὐ
3512 5299 3670 5370 δυνήε

2096 5432 2246 5469 σεται
2278 5408 2668 5484 ἀριθμηθῆναι.
2728 5421 2748 5454 ι
2797 5394 3168 5468 ’Υστερεῖοθαι
3201 5394 3263 5446 τὸ
3292 5389 3672 5484 λείπεσθαι,ἱή

2096 5480 2339 5578 γραφικῆ
2394 5498 2652 5573 συνήθεια
2716 5495 2857 5547 νοεῖν
2910 5488 3184 5545 διδάσκει·
3248 5484 3342 5538 καὶ
3398 5480 3559 5535 τοῦτο
3608 5482 3675 5533 tat
3722 5572 3731 5585 ι

2525 5700 2730 5757 "Psal.
2758 5712 2866 5759 cvi.
2892 5694 2981 5749 40.
3095 5691 3139 5723 ³⁸
3164 5688 3364 5744 larem.
3394 5674 3486 5751 xx’,
3516 5684 3603 5742 10.
