3844 6348
191 446 280 503 (ιιι
662 404 671 417 ί
1270 439 1337 493 IN
1380 436 1733 495 ECCLESIAE

1837 412 1913 492 ην.
1942 437 2231 495 nemus
2263 439 2329 495 ιι.

3321 449 3431 507 8ίῖ

191 530 387 619 πολλῶν
428 555 545 616 ἐστι
584 555 980 614 πιστώσασθαι.
1027 560 1084 614 '0
1116 558 1225 632 γὰρ
1264 561 1323 612 ἐν
1366 561 1529 614 παντὶ
1560 563 1652 613 καὶ
1694 561 1733 609 ἐκ

1855 567 2053 625 potest.
2088 559 2191 625 Qui
2223 560 2371 614 enim
2407 560 2611 630 ubique
2639 569 2693 616 et
2725 559 2869 615 inter
2897 576 3092 620 omnes
3115 563 3432 624 celebratur

191 656 314 709 πᾶσι
344 652 687 724 μεμνημένος
719 652 951 718 Παῦλος,
999 648 1106 705 οἶδε
1148 653 1241 705 καὶ
1270 651 1612 720 ὑστερεῖσθαι
1657 649 1749 703 καὶ

191 743 551 816 περισσεύειν·
603 744 699 799 καὶ
729 746 759 797 ό
805 744 891 796 διὰ
933 745 1031 813 τῆς
1065 744 1303 807 ἀσωτίας
1341 744 1439 813 τὴν
1478 740 1749 812 πατρικὴν

191 836 489 907 δαπανήσας
528 835 738 897 οὐσίαν,
786 835 945 906 λιμοῦ
988 838 1373 906 κατασχόντος,
1423 833 1624 905 ἤρξατο
1653 831 1747 886 τοῦ

191 925 511 997 ὑστερεῖσθαι
532 942 545 955 ·
578 926 673 978 καὶ
707 927 835 995 περὶ
883 925 985 979 τῶν
1011 926 1182 994 ἁγίων
1210 927 1238 978 ὁ
1273 925 1483 988 Παῦλος
1514 924 1744 991 διεξιὼν,

190 1019 319 1075 τὰτε
334 1018 462 1072 ἄλλα
493 1019 626 1086 φησὶ
657 1021 785 1089 περὶ
816 1017 994 1072 αὐτῶν
1043 1020 1100 1072 ἐν
1137 1013 1218 1081 οἶς
1265 1017 1640 1072 ἐκακοπάθουν
1668 1016 1746 1086 τῷ

192 1109 521 1179 σώματι,καὶ
548 1108 704 1162 τοῦτο
731 1109 1107 1180 προστίθησιν,
1134 1111 1215 1162 ὅτι
1247 1109 1631 1182 ὑστερούμενοι
1652 1108 1745 1162 καὶ

190 1200 496 1270 θλιϐόμενοι.
531 1201 741 1254 Οὐκοῦν
792 1202 884 1254 καὶ
917 1201 1150 1255 ἐνταῦθα
1199 1197 1484 1272 ὑστέρημα
1529 1204 1557 1255 ὁ
1589 1201 1744 1269 λόγος

188 1291 362 1355 εἰπὼν,
395 1292 455 1345 τὸ
495 1292 676 1345 λεῖπον
716 1292 801 1346 διὰ
841 1292 941 1362 τῆς
979 1293 1165 1362 φωνῆς
1215 1288 1549 1359 ἐνεδείξατο·
1582 1293 1644 1346 τὸ
1685 1294 1742 1347 δὲ

187 1381 354 1435 λεῖπον
381 1381 697 1453 ἐναρίθμιον
725 1385 836 1445 τοῖς
858 1379 978 1436 οὖσι
1000 1382 1251 1451 γενέσθαι
1275 1384 1335 1436 οὐ
1364 1383 1612 1441 δύναται.
1634 1383 1743 1438 Καὶ

185 1473 284 1543 γὰρ
311 1473 359 1525 οί
399 1472 654 1543 μαθηταὶ,
711 1471 815 1534 ἕως
858 1472 956 1542 μὲν
993 1472 1193 1536 πάντες
1222 1462 1359 1544 ἦσαν
1402 1476 1462 1526 ὲν
1502 1472 1580 1542 τῷ
1627 1472 1743 1543 ίδίῳ

187 1562 870 1632 πληρώματι,δυοκαὶδεκα
906 1558 1048 1631 ἦσαν
1080 1565 1170 1617 τὸν
1211 1560 1475 1634 ἀριθμόν
1519 1565 1642 1618 ἐπεὶ
1686 1566 1743 1619 δὲ

185 1656 413 1711 ἀπώλετο
440 1658 468 1710 ὁ
502 1658 614 1719 υἱὸς
647 1657 745 1725 τῆς
775 1655 1070 1720 ἀπωλείας,
1106 1656 1410 1740 ἐκολοόὡθη
1439 1659 1467 1711 ό
1489 1657 1740 1729 ἀριθμὸς,

184 1749 252 1819 τῷ
285 1752 354 1820 μή
388 1749 839 1821 συναριθμεῖσθαι
877 1752 989 1811 τοῖς
1031 1747 1148 1801 οὖσι
1190 1746 1251 1801 τὸ
1298 1749 1515 1802 λεῖπον·
1551 1749 1743 1803 ἕνδεκα

182 1840 281 1909 γὰρ
315 1841 447 1911 μετὰ
489 1842 580 1894 τὸν
620 1841 820 1894 Ἰούδαν
852 1842 944 1894 καὶ
974 1837 1114 1909 ἦσαν
1151 1840 1244 1893 καὶ
1270 1839 1633 1911 ὠνομάζοντο.
1667 1839 1741 1893 Tb

1676 1932 1703 1946 -
1774 1894 1813 1948 Β

181 1927 264 1984 οὖν
305 1932 609 2003 ὑστέρημα,
658 1933 841 2001 φησὶν,
877 1933 937 1984 οὐ
976 1933 1261 2001 δυνήσεται
1302 1932 1395 1985 τοῦ
1430 1932 1740 2003 ἀριθμηθῆ-

180 2043 278 2078 ναι.
318 2021 380 2077 Τί
410 2024 567 2079 τοῦτο
597 2025 851 2096 σημαίνει
891 2023 975 2076 διὰ
1006 2024 1097 2077 τοῦ
1132 2023 1328 2089 λόγου;
1363 2022 1482 2077 ’Ότι
1510 2020 1578 2094 ἦν
1610 2039 1739 2077 ποτε

179 2116 263 2169 καὶ
292 2117 349 2169 τὸ
378 2115 497 2169 καθ’
528 2117 678 2186 ἡμᾶς
714 2115 791 2185 τῷ
839 2115 1003 2168 παντὶ
1047 2114 1361 2185 ἐναρίθμιον
1382 2131 1394 2144 ·
1431 2113 1741 2167 συνετελοῦ-

182 2223 271 2274 μεν
313 2209 419 2279 γὰρ
464 2206 561 2261 καὶ
600 2210 759 2277 ἡμεῖς
797 2209 877 2269 είς
903 2207 1002 2276 τὴν
1033 2205 1182 2275 ἱεράν
1206 2207 1315 2258 τῶν
1344 2205 1577 2274 λογικῶν
1606 2224 1740 2279 προ-

179 2300 342 2353 ϐάτων
388 2299 740 2354 ἐκατοντάδα.
802 2297 1023 2368 Ἐπειδὴ
1072 2296 1129 2350 δὲ
1171 2296 1586 2368 ἀπεδουκολήθη
1640 2296 1740 2369 τῆς

176 2390 340 2461 ὀρείου
387 2390 665 2461 διαγωγῆς
691 2390 751 2443 τὸ
794 2389 851 2455 ἓν
884 2389 1173 2460 πρόϐατον,
1209 2391 1242 2459 ἡ
1278 2389 1523 2460 ἡμετέρα
1555 2385 1735 2458 φύσις,

176 2482 253 2536 διὰ
279 2482 471 2548 κακίας
501 2484 641 2554 πρὸς
690 2482 780 2535 τὸν
810 2480 1069 2550 ἀλμῶντα
1094 2479 1283 2534 τοῦτον
1321 2481 1413 2533 καὶ
1456 2477 1738 2553 αὐχμηρὸν

176 2568 324 2626 τόπον
354 2572 819 2636 κατασπασθεῖσα,
867 2570 1050 2625 οὐκέτι
1090 2571 1120 2622 ό
1166 2570 1328 2635 αὐτὸς
1372 2568 1602 2642 ἀριθμὸς
1645 2574 1739 2628 ἐπὶ

175 2664 258 2718 τοῦ
290 2665 538 2735 ποιμνίου
569 2663 678 2716 τῶν
706 2664 967 2725 ⁴ἀπλανῶν
1001 2663 1417 2734 μνημονεύεται,
1450 2664 1566 2718 ἀλλ’
1617 2663 1738 2717 ἐνε-

173 2754 385 2825 νήκοντα
401 2755 494 2809 καὶ
509 2754 664 2807 ἐννέα
708 2754 1198 2821 κατονομάζονταν
1239 2752 1302 2805 τὸ
1351 2752 1460 2823 γάρ
1507 2753 1735 2823 μάταιον

173 2842 268 2908 ἔξω
296 2844 386 2896 τοῦ
414 2841 651 2913 ἀριθμοῦ
680 2843 789 2897 τῶν
822 2844 1147 2911 ὑφεστώτων
1180 2830 1547 2911 γίνεται,διότι
1578 2844 1733 2897 ὑστέ-

175 2950 311 3003 ρημα
356 2934 416 2987 οὐ
463 2936 753 3005 δυνήσεται
797 2934 891 2988 τοῦ
950 2934 1342 3006 ἀριθμηθῆναι.
1392 2930 1595 2988 Ἦλθεν
1639 2930 1733 2990 οὖν

170 3020 386 3093 ζητῆσαι
428 3025 527 3078 καὶ
557 3023 729 3078 σῶσαι
754 3021 814 3077 τὸ
850 3024 1148 3087 ἀπολωλὸς,
1187 3025 1279 3077 καὶ
1310 3024 1402 3077 ἐπὶ
1432 3024 1538 3078 τῶν
1565 3024 1732 3093 ὤμων

171 3114 436 3169 ἀναλαὸὼν
458 3115 910 3187 ἀποκαταστῆσαι
939 3118 1050 3179 τοῖς
1080 3111 1198 3169 οὖσι
1225 3115 1286 3168 τὸ
1314 3119 1377 3186 τῇ
1409 3118 1731 3188 ματαιότητι

1852 647 2079 713 Paulus,
2134 652 2242 707 scit
2277 659 2333 707 et
2382 650 2618 707 deﬁcere
2671 660 2728 708 et
2777 654 3066 713 abundare
3090 656 3156 710 ".
3213 657 3281 713 Et
3331 660 3430 731 qui

1853 743 2079 813 prodige
2102 742 2343 798 vivendo
2366 754 2629 813 paternas
2656 744 2952 801 facultates
2982 761 3416 821 consumpserat

1849 849 1973 888 cum
2028 849 2153 888 eum
2210 834 2387 890 fames
2442 836 2755 901 invasisset,
2788 838 2957 907 cmpit
3002 838 3236 896 deﬁcere
3260 841 3326 896 ⁵⁷.
3360 841 3427 898 Et

1847 925 1916 978 de
1948 927 2157 982 sanctis
2189 941 2484 982 recensens
2507 925 2733 993 Paulus,
2756 928 2898 983 inter
2918 937 3144 986 exteras
3174 934 3425 1003 corporis

1847 1014 2171 1073 amictioncs
2205 1033 2345 1087 quas
2396 1018 2548 1087 passi
2581 1029 2760 1080 erant,
2812 1017 2956 1073 hanc
2998 1034 3221 1090 quoque
3247 1021 3422 1089 addit,

1845 1108 2166 1164 deﬁcientes
2211 1118 2267 1165 et
2298 1108 2482 1164 amicti
2508 1108 2574 1165 ⁸⁸.
2612 1111 2755 1180 Ergo
2801 1110 2890 1165 hic
2925 1127 3147 1182 quoque
3193 1115 3422 1171 verbum

1844 1216 1969 1254 cum
2002 1201 2237 1258 dixisset
2290 1201 2594 1267 defectum,
2631 1217 2727 1272 per
2762 1217 2955 1259 wcem
3004 1205 3055 1259 id
3091 1206 3238 1276 quod
3269 1207 3423 1264 deest

1843 1295 2105 1348 ostendit.
2162 1293 2320 1360 Quod
2358 1302 2543 1349 autem
2607 1295 2783 1361 deest,
2838 1295 2985 1351 inter
3016 1313 3080 1351 ea
3132 1314 3255 1368 quat
3292 1306 3424 1355 sunt

1845 1400 1966 1439 non.
2009 1393 2189 1454 potest
2244 1386 2548 1441 numerari.
2607 1385 2821 1441 Etenim
2870 1387 3153 1458 discipuli,
3202 1389 3424 1459 quando

1844 1475 2057 1546 integer
2082 1484 2201 1532 erat
2228 1492 2421 1533 eorum
2447 1485 2647 1543 coetus,
2673 1485 2833 1532 erant
2856 1482 3087 1534 nnmet‘o
3106 1481 3420 1536 duodecim.

1844 1562 2141 1639 Postquam
2171 1578 2356 1625 autem
2406 1569 2572 1640 periit
2618 1569 2762 1625 ﬁlius
2801 1569 3153 1640 perditionis,
3190 1587 3422 1627 mancus

1845 1660 1946 1717 fuit
1980 1676 2168 1716 eorum
2217 1676 2506 1723 numerus,
2560 1661 2708 1731 quod
2761 1660 2816 1715 id
2866 1662 3262 1732 qttod'deerat,
3312 1679 3422 1720 non

1843 1753 2347 1808 connumerahatur
2373 1752 2516 1808 inter
2535 1768 2633 1807 eos
2660 1753 2752 1822 qui
2781 1761 2960 1808 erant.
2990 1752 3253 1810 Undecim
3277 1758 3422 1811 enim

1845 1851 1969 1912 post
2012 1842 2210 1909 .indam
2262 1852 2316 1899 et
2354 1851 2513 1899 erant
2545 1851 2601 1899 et
2649 1846 3105 1902 nominabantur.
3165 1845 3424 1903 Defectus

1842 1948 2000 2004 ergo,
2035 1936 2237 2005 inquit,
2268 1950 2378 1990 non
2413 1936 2618 2005 poterit
2655 1935 2960 1990 numerari.
2997 1933 3139 2002 Quid
3170 1951 3300 2007 ergo
3327 1953 3424 2007 per

1844 2024 1947 2078 hoc
1977 2024 2327 2093 signiﬁcatur
2352 2025 2374 2077 ?
2404 2023 2635 2080 Fuimus
2664 2031 2718 2080 et
2749 2040 2851 2080 nos
2873 2040 3093 2096 quoque
3119 2027 3420 2097 aliquando

1843 2116 1897 2169 in
1958 2130 2192 2169 numero
2243 2116 2676 2172 universorum:
2728 2115 3113 2172 referebantur
3167 2119 3314 2173 enim
3363 2119 3418 2173 in

1841 2204 2144 2273 catalogum
2200 2205 2382 2260 ovium
2419 2208 2636 2261 ratione
2668 2207 3017 2277 praeditarutn
3054 2209 3195 2263 sacri
3229 2218 3418 2264 cente-

1840 2294 2002 2347 narii.
2034 2293 2331 2365 Postquam
2366 2308 2546 2351 autem
2597 2312 2628 2350 a
2661 2299 2939 2353 montanis
2989 2298 3214 2369 pascuis
3256 2299 3419 2355 aber-

1841 2384 1983 2437 ravit
2011 2385 2131 2439 ovis
2162 2401 2290 2451 una,
2328 2402 2543 2456 nempe,
2596 2396 2783 2442 nostra
2812 2400 3032 2453 natura,
3079 2404 3178 2458 per
3219 2372 3419 2447 vitium

1839 2473 1907 2527 ad
1944 2474 2091 2529 hunc
2126 2475 2339 2529 aridum
2370 2482 2426 2531 et
2452 2477 2724 2531 incultum
2752 2477 2936 2532 locum
2965 2479 3270 2545 abstracta,
3304 2495 3415 2536 non

1839 2565 2077 2635 amplius
2127 2573 2598 2623 commemoratur
2649 2568 2792 2622 idem
2837 2583 3102 2625 numerus
3155 2569 3210 2624 in
3256 2585 3418 2641 grege

1837 2670 2028 2710 earum
2059 2672 2181 2725 qua:
2212 2671 2318 2710 non
2346 2657 2695 2721 aberrarunt.
2725 2657 2821 2713 sed
2850 2659 3207 2714 nominantur
3237 2675 3416 2714 nona-

1837 2745 1988 2814 g-ittta
2018 2754 2072 2801 et
2106 2762 2301 2801 novem
2331 2762 2345 2801 :
2381 2762 2505 2800 nam
2552 2764 2754 2803 vanum
2787 2756 2871 2805 est
2920 2754 3078 2803 extra
3124 2764 3413 2805 numerum

1835 2833 1955 2904 ejus
1993 2835 2137 2904 quod
2169 2836 2427 2890 consistit
2456 2852 2470 2902 ;
2498 2830 2761 2904 quoniam
2792 2835 3041 2892 defectus
3072 2852 3181 2894 non
3215 2841 3416 2908 poterit

1837 2928 2134 2982 numerari.
2167 2926 2329 2982 Venit
2351 2944 2482 2999 ergo
2515 2930 2579 2982 ad
2611 2929 2968 2997 quaerendum
3000 2939 3053 2984 et
3081 2932 3415 2986 servandum

1835 3018 1984 3088 quod
2021 3019 2281 3089 perierat,
2316 3028 2371 3073 et
2401 3026 2746 3089 assumptum
2783 3022 2837 3075 in
2889 3020 3176 3085 humeros,
3199 3022 3266 3079 iis
3292 3039 3416 3093 quae

1835 3118 1966 3164 sunt
2020 3110 2423 3166 restituendum
2477 3110 2527 3165 id
2590 3112 2735 3179 quod
2793 3112 3006 3179 peribat
3058 3113 3131 3193 in-
3176 3117 3416 3173 vanitate

169 3203 270 3257 τῶν
307 3206 670 3277 ἀνυπάρκτων
715 3204 1169 3276 ἐναπολλύμενον,
1216 3206 1303 3258 ἴνα
1342 3206 1503 3260 πάλιν
1546 3209 1732 3279 ἄρτιος

1837 3215 2026 3257 eorum
2061 3212 2184 3272 quae
2215 3217 2323 3255 non
2355 3209 2504 3266 sunt,
2538 3210 2598 3255 ut
2629 3215 2824 3257 rursus
2873 3203 3027 3257 ﬁeret
3071 3203 3282 3272 integer
3313 3203 3413 3261 Dei

168 3295 375 3368 γένηται
398 3301 426 3352 ό
449 3299 552 3369 τῆς
583 3299 812 3362 κτίσεως
838 3297 932 3353 τοῦ
959 3297 1095 3351 Θεοῦ
1136 3297 1388 3369 ἀριθμὸς,
1421 3299 1733 3354 ἀποσωθέν-

168 3389 369 3463 τοςγτοῦ
401 3389 744 3454 ἀπολωλότος
781 3386 892 3454 τοῖς
927 3391 1002 3462 μὴ
1031 3391 1445 3461 ἀπολλυμένοις.

192 3481 321 3543 ιΤίς
357 3478 449 3535 οὖν
498 3484 533 3553 ἡ
579 3477 674 3534 τοῦ
726 3481 1089 3552 πλανηθέντος
1129 3483 1405 3546 ἐπάνοδος,
1466 3483 1560 3538 καὶ
1592 3483 1676 3546 τίς
1703 3485 1732 3537 ό

165 3570 350 3639 τρόπος
372 3572 469 3643 τῆς
514 3568 623 3625 ἀπὸ
667 3572 776 3624 τῶν
802 3573 985 3625 κακῶν
1020 3570 1154 3644 πρὸς
1182 3573 1245 3626 τὸ
1287 3573 1493 3640 ἀγαθὸν
1531 3574 1730 3628 ἀναλύ-

169 3675 313 3724 σεως,
340 3664 396 3715 ὲν
422 3665 539 3726 τοῖς
568 3663 768 3733 ἐφεξῆς
799 3663 1182 3734 διδασκόμεθα.
1241 3664 1298 3719 '0
1323 3664 1431 3736 γὰρ
1462 3683 1731 3737 πεπειρα-

169 3751 314 3820 μένος
350 3756 490 3810 κατά
519 3756 698 3811 πάντα
751 3752 875 3810 καθ’
906 3755 1198 3828 ὁμοιότητα
1230 3758 1399 3830 χωρὶς
1433 3759 1727 3830 ἁμαρτίας,

167 3842 224 3895 ἐκ
262 3845 366 3898 τῶν
396 3847 684 3918 ἡμετέρων
731 3849 866 3917 ἡμῖν
892 3847 1263 3914 διαλέγεταιοό
1305 3847 1405 3911 τάς
1444 3848 1730 3913 ἀσθενείας

165 3933 308 4003 ἡμῶν
349 3936 659 4001 ἀναλαὸὼν,
691 3936 759 3992 δι’
810 3936 993 3991 αὐτῶν
1037 3936 1150 3991 τῶι
1192 3936 1586 4008 ἀσθενημάτων
1631 3939 1731 4010 τῆς

166 4024 382 4095 φύσεως,
412 4030 514 4101 τὴν
549 4029 655 4095 ἔξω
688 4031 887 4094 κακίας
919 4030 1037 4084 ὁδὸν
1069 4029 1436 4085 ὑποδείκνυσι.
1473 4030 1588 4084 Νῦν
1621 4035 1729 4101 γάρ

168 4134 250 4186 μοι
289 4118 479 4193 νόησον
526 4122 635 4193 τὴν
668 4118 874 4191 Σοφίαν
921 4120 980 4186 ἐξ
1032 4119 1197 4175 αὐτοῦ
1231 4120 1328 4174 τοῦ
1378 4121 1518 4174 κατά
1551 4121 1729 4193 σάρκα

164 4207 493 4281 Σολομῶντος
538 4211 882 4281 διαλέγεσθαι
899 4229 913 4244 ·
936 4210 1278 4280 διαλέγεσθαι
1295 4210 1557 4277 δὲταῦτα,
1570 4212 1636 4265 δι’
1654 4205 1730 4266 ὧν

165 4300 384 4366 μάλιστα
400 4304 540 4374 πρὸς
564 4303 863 4374 ὑπεροψίαν
888 4302 1181 4375 ὁδηγηθείη
1190 4319 1290 4373 μεν
1313 4302 1422 4355 τῶν
1441 4302 1593 4374 παρὰ
1617 4305 1730 4366 τοῖς

161 4389 454 4464 ἀνθρώποις
471 4396 940 4465 σπουδαζομένων.
959 4395 1033 4447 Οὐ
1049 4394 1157 4466 γὰρ
1173 4395 1294 4448 καθ’
1309 4394 1603 4465 ὁμοιότητα
1620 4394 1728 4448 τῶν

162 4482 377 4550 πολλῶν,
427 4480 640 4550 οῗςιοῦκ
682 4486 796 4540 ἔστι
841 4486 961 4539 κατ’
994 4484 1244 4551 ἐξουσίαν
1273 4485 1333 4538 τὸ
1366 4484 1725 4557 καταθύμιον,

1833 3302 2101 3347 creaturae
2147 3306 2429 3349 numerus.
2465 3299 2795 3347 conservato
2853 3307 2919 3347 eo
2974 3292 3119 3363 quod
3158 3295 3410 3365 perierat,

1834 3382 1903 3438 iis
1929 3398 2052 3453 quas
2092 3398 2199 3437 non
2232 3390 2482 3453 pereunt.

1907 3475 2177 3541 Quisnam
2208 3489 2340 3543 ergo
2371 3475 2444 3529 sit
2478 3471 2685 3529 reditus
2713 3468 2833 3541 ejus
2861 3471 3010 3542 quod
3037 3474 3411 3536 aberraverat.

1830 3574 1884 3621 et
1900 3566 2158 3636 quisnam
2186 3566 2258 3620 sit
2286 3566 2484 3619 modus
2500 3580 2531 3618 a
2552 3563 2712 3619 malis
2736 3564 2802 3618 ad
2837 3565 3038 3618 bonum
3056 3566 3411 3631 reversionis,

1830 3657 2094 3726 deinceps
2148 3657 2439 3710 docemur.
2489 3655 2593 3721 Qui
2624 3655 2769 3709 enim
2803 3670 2900 3725 per
2946 3656 3135 3712 omnia
3168 3664 3415 3714 tentatus

1830 3752 1915 3799 est
1946 3743 2014 3798 ad
2060 3742 2478 3798 similitudinem
2531 3743 2740 3811 absque
2794 3751 3046 3812 peccato,
3086 3759 3153 3797 ex
3209 3745 3413 3799 nostris

1832 3836 2120 3891 nobiscum
2153 3836 2399 3892 disserit.
2435 3834 2540 3901 Qui
2572 3842 2795 3890 nostras
2827 3836 3132 3905 assumpsit
3160 3834 3414 3890 imbecil-

1832 3924 2039 3985 litates,
2065 3937 2162 3993 per
2191 3926 2342 3993 ipsas
2369 3932 2583 3977 naturas
2611 3922 2979 3988 inﬁrmitates,
3001 3921 3242 3978 ostendit
3266 3922 3413 3978 viam

1831 4028 1953 4085 quae
1980 4021 2064 4069 est
2093 4021 2247 4069 extra
2272 4013 2491 4068 vitium.
2523 4011 2683 4066 Nunc
2713 4028 2846 4084 ergo
2872 4012 2960 4067 fac
2990 4013 3262 4084 intelligas
3296 4012 3414 4068 dis-

1832 4120 2019 4162 serere
2034 4106 2376 4177 Sapientiam
2400 4121 2466 4161 ex
2496 4106 2618 4175 ipso
2642 4104 2956 4171 Salomone,
2984 4106 3075 4176 qui
3106 4112 3189 4161 est
3217 4122 3419 4162 secuti»

1830 4198 1961 4255 dum
1989 4212 2247 4255 carnem:
2282 4213 2346 4253 ea
2373 4206 2553 4269 autem
2587 4197 2881 4260 disserere,
2912 4212 3008 4267 per
3030 4212 3149 4265 quae
3177 4198 3417 4253 maxime

1830 4288 2171 4343 deducantur
2227 4289 2297 4342 ad
2341 4304 2406 4344 ea
2457 4288 2879 4350 contemnenda.
2930 4304 3164 4359 quorum
3231 4291 3417 4346 studio

1832 4384 2090 4434 tenentur
2128 4379 2400 4436 homines.
2434 4376 2557 4434 Non
2600 4389 2685 4434 est
2722 4379 2867 4434 enim
2900 4381 3022 4450 ejus
3051 4381 3227 4435 oratio
3261 4383 3416 4437 simi-

1830 4471 1900 4527 lis
1948 4472 2183 4527 orationi
2235 4471 2561 4534 multorum,
2608 4469 2702 4540 qui
2749 4469 2805 4524 in
2853 4478 3123 4540 potestate
3171 4485 3270 4526 sua
3306 4486 3414 4526 non

162 4574 247 4626 καὶ
275 4577 301 4628 ὁ
348 4580 482 4648 παρ’
525 4575 687 4631 αὐτοῦ
720 4578 925 4645 γίνεται
964 4577 1119 4646 λόγος
1142 4593 1158 4608 θ
1197 4577 1274 4640 ὡς
1305 4576 1396 4631 διὰ
1429 4577 1621 4631 τούτου
1664 4577 1727 4631 τὸ

1837 4561 2040 4617 habent
2086 4559 2141 4616 id
2185 4560 2331 4631 quod
2387 4560 2538 4616 lubet
2592 4569 2649 4616 et
2690 4567 2775 4616 est
2812 4561 2893 4615 eis
2935 4562 3127 4628 cordi;
3188 4563 3326 4617 adeo
3358 4570 3418 4617 ut

159 4665 526 4730 ἀναξιόπιστον
555 4669 666 4740 ἔχει
701 4668 1023 4740 κατηγορῶν
1055 4668 1281 4723 ἐκείνων
1313 4658 1388 4722 ὧν
1425 4671 1488 4723 οὐ
1533 4670 1725 4723 πεπεί-

162 4772 331 4824 ραται.
374 4761 566 4831 Ἡμεῖς
607 4758 715 4829 γὰρ
743 4759 803 4812 οὐ
831 4762 899 4829 τῇ
931 4759 1139 4812 ἑαυτῶν
1169 4760 1335 4831 πείρᾳ.
1380 4761 1560 4814 πάντα
1590 4779 1725 4832 μαν-

160 4844 412 4920 θάνομενο
468 4850 605 4904 ἀλλά
662 4851 752 4904 διὰ
782 4842 787 4849 ’
817 4851 992 4920 μόνων
1041 4850 1150 4903 τῶν
1204 4850 1481 4922 λογισμῶν
1538 4854 1724 4905 ἐκεῖνα

157 4938 504 5009 γινώσκομεν,
548 4935 622 4993 ὧν
671 4940 770 5011 τὴν
817 4940 1221 5010 ἀπολαυστικὴν
1269 4941 1379 4994 τῶν
1424 4942 1596 5011 ἡδέων
1624 4942 1726 5013 τὴν

159 5029 344 5099 πεῖραν
377 5033 410 5103 ὴ
440 5033 600 5085 πενία
648 5031 871 5087 κωλύει.
920 5033 1037 5086 Κάν
1069 5051 1173 5086 τινι
1211 5032 1555 5104 προσάγηται
1578 5051 1724 5105 συμ-

157 5116 311 5191 ϐουλὴ
360 5125 492 5194 παρ’
540 5122 717 5194 ἡμῶν,
748 5123 811 5176 τὸ
858 5125 987 5194 παρ’
1015 5123 1168 5176 οὐδὲν
1209 5122 1464 5193 ἡγεῖσθαι
1506 5123 1616 5177 δεῖν
1656 5124 1725 5177 τά

159 5206 253 5261 ὑπὸ
289 5212 398 5265 τῶν
430 5213 732 5284 ἀνθρώπων
775 5213 1083 5284 τιμώμενα,
1129 5213 1422 5285 πρόχειρος
1453 5212 1486 5284 ἡ
1539 5229 1722 5284 παρα-

162 5302 330 5374 γραφὴ
372 5304 468 5357 τοῦ
517 5304 826 5368 ἀκούοντος,
857 5305 916 5357 τὸ
947 5305 1035 5358 διὰ
1057 5304 1218 5358 τοῦτο
1247 5305 1397 5374 ἡμᾶς
1430 5305 1722 5376 ἀτιμάζειν

162 5387 350 5456 ἐκεῖνα,
365 5396 448 5448 ὅτι
467 5396 542 5467 μὴ
557 5398 622 5467 τῇ
638 5397 803 5466 πείρα
820 5398 884 5466 τῇ
905 5397 962 5448 ὲν
977 5396 1158 5459 αὐτοῖς
1175 5395 1571 5467 ἐγνωρίσαμεν.
1598 5397 1723 5451 Ἐπὶ

160 5477 316 5535 δὲτοῦ
343 5482 519 5537 ταῦτα
538 5486 672 5555 ἡμῖν
706 5483 1111 5553 διαλεγομένου,
1134 5484 1295 5554 ἀργεῖ
1323 5484 1474 5536 πᾶσα
1495 5483 1723 5553 τοιαύτη

157 5568 486 5645 ἀντίρρησις.
515 5575 765 5646 Σολομὼν
793 5577 901 5645 γάρ
934 5576 1080 5628 ἐστιν
1107 5576 1135 5625 ὁ
1164 5575 1340 5629 ταῦτα
1364 5574 1541 5642 λέγων
1560 5591 1574 5605 ·
1610 5577 1640 5629 ὁ
1665 5575 1722 5628 δὲ

158 5658 395 5735 Σολομὼν
455 5662 607 5731 οὗτος
656 5666 837 5737 τρίτος
890 5663 956 5738 ἦν
1010 5668 1065 5721 ἐν
1121 5671 1234 5731 τοῖς
1291 5666 1570 5737 βασιλεῦσι
1625 5667 1721 5721 τοῦ

250 5841 299 5909 ξι
333 5841 564 5915 Philipp.
604 5821 677 5911 ιν,
706 5846 790 5902 ts.
902 5848 944 5878 ετ
972 5847 1098 5901 Luc.
1143 5863 1229 5911 xv,
1260 5846 1350 5900 at.

1468 5846 1511 5878 ⁸³
1529 5845 1691 5899 Hebr.
1723 5861 1780 5910 tt,

1831 4661 2119 4724 propterea
2147 4653 2250 4710 ﬁde
2275 4655 2348 4709 sit
2376 4654 2662 4724 indignus,
2695 4664 2752 4709 ut
2781 4654 2873 4724 qui
2906 4655 2993 4709 illa
3018 4664 3261 4722 accuset,
3295 4672 3417 4728 qua:

1830 4762 1940 4801 non
1965 4753 2050 4802 est
2072 4754 2355 4816 expertus.
2387 4744 2499 4802 Nos
2527 4746 2674 4800 enim
2711 4761 2817 4801 non
2852 4748 3188 4817 experientia
3224 4757 3413 4803 nostra

1830 4837 2015 4893 omnia
2072 4837 2372 4902 discimus,
2432 4836 2529 4892 sed
2578 4852 2676 4907 per
2713 4838 2856 4893 solas
2913 4839 3275 4908 cogitationes
3320 4841 3413 4895 illa

1829 4930 2049 4984 demum
2069 4928 2478 4998 cognoscimus,
2509 4944 2744 4999 quorum
2776 4930 3070 4986 suavitatis
3096 4940 3151 4986 et
3174 4933 3416 4987 delecta-

1826 5021 1995 5075 tionis
2051 5019 2389 5089 experientia
2444 5035 2512 5075 ne
2573 5020 2825 5077 fruamur
2884 5030 3032 5076 vetat
3092 5031 3409 5092 paupertas.

1827 5111 1983 5178 Quod
2014 5111 2060 5167 si
2095 5126 2198 5167 nos
2234 5111 2401 5167 alicui
2439 5114 2820 5177 consulamus,
2872 5123 2937 5169 ut
2967 5114 3122 5168 nihili
3151 5114 3317 5168 faciat
3347 5129 3411 5168 ea

1824 5220 1949 5274 qua:
1980 5205 2050 5259 ab
2083 5204 2403 5260 hominibus
2430 5205 2702 5261 habentur
2722 5206 2779 5260 in
2809 5207 3039 5268 honore,
3065 5205 3120 5260 in
3153 5211 3410 5275 promptu

1827 5306 1913 5352 est
1938 5297 2011 5360 ei,
2059 5299 2153 5366 qui
2186 5296 2302 5352 haec
2328 5296 2501 5363 audit,
2536 5297 2901 5367 praescriptio,
2934 5295 3080 5366 quod
3125 5304 3411 5365 propterea

1830 5405 1934 5446 nos
1965 5390 2058 5444 illa
2088 5390 2482 5460 despiciamus,
2515 5389 2665 5459 quod
2695 5405 2760 5444 ea
2802 5389 2961 5444 nobis
2998 5395 3125 5442 nota
3154 5402 3262 5442 non
3299 5388 3414 5444 sint

1828 5483 2190 5554 experientia.
2245 5482 2301 5537 In
2345 5497 2412 5537 eo
2458 5489 2639 5537 autem
2669 5481 2762 5550 qui
2815 5479 2929 5534 haec
2966 5479 3127 5534 nobis
3154 5479 3407 5545 disserit,

1829 5584 2010 5632 cessat
2042 5574 2225 5630 omnis
2274 5573 2540 5641 ejusmodi
2580 5570 2971 5627 contradictio.
3005 5569 3097 5625 Est
3130 5572 3274 5626 enim
3309 5570 3410 5625 Sa-

1830 5669 2013 5722 lomon
2054 5668 2147 5737 qui
2195 5669 2310 5722 haec
2337 5665 2494 5720 dicit.
2535 5663 2635 5719 Hic
2672 5672 2853 5720 autem
2896 5663 3152 5719 Salomon
3183 5674 3266 5720 est
3296 5671 3412 5721 ter-

1823 5844 1914 5902 5'4.
