3844 6354
188 450 291 509 ιιι
325 496 329 501 .

1256 442 1323 497 IN
1360 437 1898 497 ECCLESIASTEN.
1941 437 2224 494 llOMlLli
2265 437 2325 493 ll.

3345 441 3453 498 648

196 582 217 615 ο
252 560 342 616 καὶ
386 559 693 631 ἐπιστήμην
735 557 938 627 ἔγνων·
981 576 999 610 ι
1032 555 1296 620 τουτέστι,
1327 556 1425 625 τὴν
1473 553 1532 620 ἐξ
1580 552 1771 606 ἀναλο-

1881 550 2198 619 gnitionem.
2230 567 2247 600 ι
2282 548 2387 603 Sed
2416 554 2470 604 et
2497 548 2807 618 parabolas,
2856 568 2874 600 ι
2907 548 3107 620 inquit,
3142 570 3162 603 ι
3191 562 3242 608 ει
3269 554 3453 611 scicn-

189 653 311 723 γίας
332 652 629 723 γενομένην
659 650 752 704 τοῦ
787 649 1182 721 ὑπερκειμένου
1211 647 1533 718 κατάληψιν,
1559 645 1645 698 διὰ
1670 644 1769 713 τῆς

193 744 541 816 παραθέσεως
567 742 675 796 τῶν
704 741 1143 812 παρακειμένων.
1172 741 1281 793 Καὶ
1318 737 1490 790 ταῦτα
1520 735 1770 806 μεμαθη-

194 838 340 891 κέναι
366 837 543 904 λέγει·
582 834 901 906 Παραὸολὰς
946 833 1076 903 γὰρ,
1121 833 1272 901 φησι,
1319 830 1413 883 καὶ
1461 828 1770 897 ἐπιστήμην

194 928 374 997 ἔγνων.
412 926 677 996 Καθάπερ
705 926 970 979 διδάσκων
1001 925 1093 977 καὶ
1120 925 1177 975 ὲν
1203 922 1277 993 τῷ
1307 919 1620 987 Εὑαγγελίῳ
1646 918 1771 978 τοὺς

195 1019 568 1088 ἀκροωμένους
591 1020 620 1070 ὁ
655 1017 874 1088 Κύριος,
906 1016 994 1068 τὸν
1028 1014 1278 1084 περὶτῆς
1316 1008 1770 1081 βασιλείαςλὸγον

199 1113 283 1165 ὑπ’
316 1110 437 1179 ὄψιν
469 1110 613 1177 ἄγει,
641 1109 674 1179 ἢ
710 1108 1074 1180 μαργαρίτην,
1109 1106 1142 1175 ἢ
1183 1103 1476 1174 θησαυρὸν,
1507 1100 1539 1169 ἢ
1573 1100 1767 1168 γάμον,
1782 1141 1832 1180 Il:

1786 1170 1851 1222 εί
1876 1202 2047 1255 regno
2080 1188 2234 1249 dicit,
2280 1189 2364 1242 vel
2393 1192 2769 1260 margaritam,
2819 1193 2897 1243 ιϊΙ
2934 1194 3170 1261 nuptias,
3210 1195 3292 1248 vel
3332 1209 3457 1265 gra-

198 1202 229 1273 ἢ
260 1203 474 1264 κόκκον,
505 1201 538 1269 ἢ
567 1200 762 1271 ζύμην,
791 1201 823 1270 ἡ
859 1217 909 1251 τι
936 1197 1041 1252 τῶν
1074 1195 1324 1249 τοιούτων
1351 1193 1766 1264 διηγησάμενος,

194 1292 252 1346 οὐ
291 1292 464 1345 ταῦτα
494 1291 665 1360 λέγων
703 1287 841 1344 εἶναι
878 1290 977 1360 τὴν
1015 1288 1324 1360 βασιλείαν·
1366 1286 1501 1341 ἀλλὰ
1544 1278 1633 1338 διὰ
1670 1283 1771 1353 τῆς

197 1383 500 1455 ὁμοιώσεως
540 1382 647 1437 τῶν
691 1385 748 1435 ὲν
791 1381 998 1444 τούτοις
1048 1379 1484 1450 σημαινομένων,
1526 1376 1769 1442 ’ὲναυγά-

200 1476 376 1546 σματά
400 1493 521 1529 τινα
553 1477 648 1528 καὶ
681 1474 975 1544 αἰνίγματα
1002 1473 1106 1527 τῶν
1138 1472 1279 1544 ὑπὲρ
1306 1470 1605 1539 κατάληψιν
1630 1487 1769 1540 πρα-

194 1566 412 1636 γμάτων
474 1565 857 1636 παραϐολικῶς
903 1568 1016 1628 τοῖς
1076 1563 1365 1617 ἀκούουσιν
1411 1560 1766 1615 ὑποδεικνύει.

199 1675 217 1707 ι
250 1656 354 1709 Καὶ
392 1656 471 1720 εἰς
505 1654 662 1708 τοῦτό
694 1672 783 1726 μοι
813 1654 1021 1724 γέγονε,
1058 1673 1076 1705 ι
1108 1654 1292 1726 φησὶν,
1330 1671 1349 1704 ι
1386 1656 1419 1723 ἡ
1453 1652 1771 1724 προαίρεσις

190 1747 274 1800 τοῦ
305 1748 631 1818 πνεύματος,
661 1746 719 1799 τὸ
741 1745 994 1815 γενέσθαι
1030 1762 1118 1815 μοι
1160 1744 1359 1815 πλῆθος
1403 1745 1591 1812 σοφίας
1615 1762 1664 1807 ,ι
1695 1744 1770 1805 ὡς

191 1837 253 1891 ἂν
278 1838 361 1891 διὰ
392 1837 488 1891 τοῦ
533 1837 787 1905 γενέσθαι
824 1837 1006 1904 σοφὸς,
1040 1836 1112 1907 μὴ
1145 1836 1501 1906 διαμάρτοιμι
1534 1838 1632 1905 τῆς
1664 1835 1769 1887 τῶν

1879 641 2009 693 tiam
2037 640 2185 704 novi,
2211 661 2228 692 ι
2265 641 2367 693 hoc
2391 649 2497 702 est,
2529 656 2648 695 eam
2679 657 2799 711 qua;
2826 639 2968 695 facta
2989 653 3154 698 estex
3178 645 3452 716 analogia,

1876 732 1996 799 ejus
2028 733 2171 801 quod
2203 742 2285 785 est
2321 733 2573 801 superius
2602 735 3169 803 comprehensionem,
3223 752 3320 807 per
3360 753 3456 792 eo-

1879 839 1996 876 rum
2049 839 2169 891 qute
2216 823 2372 891 juxta
2430 836 2557 877 sunt
2617 827 2791 894 posita
2839 829 3323 897 comparationem.
3380 828 3454 884 Ea

1877 929 2094 983 quoque
2126 930 2183 968 se
2207 915 2336 967 dicit
2363 915 2660 994 didicisse:
2698 916 2996 973 Parabolas
3039 922 3205 985 enim,
3254 920 3453 990 inquit,

1876 1016 1923 1058 et
1954 1006 2237 1057 scientiam
2270 1006 2415 1059 novi.
2448 1006 2729 1071 Οτιοιιιοάυ
2759 1010 2901 1061 enim
2938 1009 2991 1062 in
3024 1009 3315 1079 Erangelio
3352 1010 3455 1065 Do-

1879 1096 2061 1149 minus
2082 1097 2288 1150 docens
2326 1099 2622 1158 auditores,
2653 1100 2877 1167 subjicit
2926 1102 3099 1153 oculis
3128 1101 3178 1154 id
3208 1102 3352 1171 quod
3388 1102 3455 1156 de

1879 1280 2147 1357 num,'vel
2184 1278 2533 1343 fermentum,
2577 1282 2659 1335 vel
2706 1283 2909 1351 aliquid
2945 1283 3214 1352 ejusmodi
3275 1286 3327 1339 id
3360 1300 3456 1356 ap-

1881 1372 2176 1439 pellans”.
2217 1386 2323 1424 non
2361 1372 2473 1425 bare
2514 1372 2705 1426 dicens
2761 1389 2885 1427 esse
2930 1390 3198 1444 regnum:
3234 1377 3327 1430 sed
3360 1392 3457 1446 per

1878 1463 2293 1519 similitudinem
2330 1479 2519 1518 eorum
2554 1481 2673 1534 qua:
2715 1467 2768 1519 in
2797 1466 2864 1520 iis
2908 1468 3306 1536 signiﬁcantur,
3357 1469 3454 1525 de-

1878 1556 2210 1609 clarationes
2232 1555 2495 1624 quasdam
2520 1565 2573 1611 et
2605 1558 2799 1612 tacitas
2816 1558 3243 1628 signiﬁcationes
3274 1577 3455 1615 rerum

1878 1661 1999 1715 qua:
2022 1656 2265 1701 nostram
2292 1659 2552 1716 superant
2576 1650 3124 1719 comprehensionem
3153 1654 3458 1720 parabolice

1878 1738 2171 1793 ostendens
2194 1740 2561 1793 auditoribus.
2600 1759 2616 1790 ι
2655 1740 2719 1794 Et
2743 1740 2809 1793 ad
2843 1741 2966 1805 hoc,
2997 1761 3015 1793 ι
3046 1743 3243 1810 inquit,
3274 1762 3292 1795 ‹
3326 1745 3457 1798 milii

1881 1825 1980 1879 fuit
2017 1828 2165 1896 optio
2198 1827 2445 1896 spiritus,
2481 1836 2541 1880 ut
2573 1836 2718 1882 esset
2749 1829 2883 1882 mihi
2913 1831 3207 1886 multitudo
3238 1835 3459 1902 sapien-

195 1929 350 1983 ὅντων
394 1929 670 1999 γνώσεως,
707 1930 840 1999 μηδὲ
878 1929 1032 1990 ἐκτὸς
1075 1930 1333 1999 γενοίμην
1368 1928 1467 1997 τῆς
1500 1927 1591 1980 τοῦ
1625 1927 1772 1979 λυσι-

1881 1920 1981 1985 liae,
2017 1940 2034 1970 ›
2070 1928 2130 1973 ut
2158 1929 2444 1989 propterea
2472 1922 2614 1990 quod
2651 1936 2829 1975 essem
2867 1923 3110 1991 sapiens,
3146 1925 3216 1978 ab
3265 1940 3455 1980 eorum

191 2021 461 2085 τελοῦντος
498 2024 788 2094 εὑρέσεως.
832 2022 925 2075 Ἐκ
957 2022 1065 2092 γὰρ
1108 2020 1296 2088 σοφίας
1330 2021 1362 2091 ἡ
1397 2018 1596 2088 γνῶσις
1644 2036 1769 2071 συν-

191 2112 428 2165 ίσταται·
481 2115 514 2183 ἡ
557 2113 614 2165 δὲ
649 2112 868 2179 γνῶσις,
905 2112 1275 2182 εὐκολωτέραν
1310 2113 1439 2181 ἡμῖν
1487 2113 1629 2162 ποιεῖ
1671 2109 1769 2180 τὴν

186 2201 274 2255 τοῦ
301 2202 658 2273 προσέχοντος
702 2202 904 2273 κρίσιν.
953 2201 1123 2254 Τοῦτο
1164 2201 1221 2254 δὲ
1268 2202 1370 2253 οὐκ
1410 2201 1619 2271 ἀκμητὶ
1657 2204 1770 2263 τοῖς

191 2293 537 2355 σπουδάζουσι
575 2292 968 2363 παραγίνεσθαι
1003 2293 1265 2361 πέφυκεν,
1291 2291 1404 2344 ἀλλ’
1447 2295 1475 2345 ό
1513 2291 1768 2361 προσθεὶς

191 2383 356 2453 ἑαυτῷ
390 2383 592 2452 γνῶσιν
635 2385 991 2440 συνεπιτείνει
1041 2385 1258 2447 πάντως
1298 2387 1364 2455 τῇ
1410 2382 1641 2454 μαθήσει
1679 2383 1768 2435 τὸν

193 2474 361 2527 πόνον.
395 2474 487 2527 Διὸ
520 2476 702 2545 φησιν,
737 2494 754 2526 ι
791 2476 849 2529 ὐ
880 2476 1135 2544 προσθεὶς
1163 2474 1383 2545 γνῶσιν,
1418 2473 1770 2544 προστίθησιν

190 2562 425 2633 ἄλγημα.
464 2583 481 2615 ι
518 2564 625 2617 Καὶ
660 2566 899 2628 τοιοῦτος
926 2564 1184 2635 γεγονὼς,
1214 2565 1336 2618 τότε
1362 2563 1468 2617 τῶν
1496 2563 1667 2635 ἡδέων
1694 2564 1769 2627 ὡς

194 2656 441 2724 ματαίων
474 2654 929 2726 καταψηφίζεται.

257 2927 415 2995 Λέγει
472 2927 604 2999 γὰρ,
654 2929 735 2981 ὅτι
780 2949 796 2979 ι
841 2925 982 2982 Eii-:1
1037 2930 1147 2999 ἐγὼ
1196 2931 1253 2982 ὲν
1285 2932 1350 3000 τῇ
1394 2930 1589 3000 καρδίᾳ
1648 2947 1768 2997 μου.

195 3022 355 3092 Δεῦρο
385 3022 475 3092 δὴ.
513 3022 757 3092 πειράσω
786 3038 841 3074 σε
868 3024 923 3074 ἐν
950 3022 1276 3095 εὐφροσύνῃ,
1304 3025 1397 3076 καὶ
1428 3024 1533 3076 ἰδοὺ
1565 3025 1618 3076 ὲν
1642 3025 1776 3091 ἁγα-

196 3110 315 3174 θοῖς.
360 3113 471 3166 Καί
510 3129 573 3180 γε
617 3112 773 3164 τοῦτο
809 3116 1122 3182 ματαιότης.
1167 3134 1184 3164 ι
1220 3115 1295 3166 os
1321 3112 1428 3183 γὰρ
1453 3113 1612 3177 εὐθὺς
1646 3114 1776 3166 ἔδω-

198 3218 280 3257 κεν
330 3204 523 3255 ἑαυτὸν
572 3205 637 3274 τῇ
687 3202 905 3273 τοιαύτῃ
956 3203 1135 3273 πείρᾳ,
1191 3203 1311 3255 οὐδὲ
1365 3204 1622 3270 ἄγευστος
1688 3203 1775 3256 τοῦ

195 3292 620 3363 κατεσκληκὸτος
677 3309 735 3343 τε
787 3293 880 3344 καὶ
933 3293 1255 3362 σεμνοτέρου
1319 3291 1455 3362 βίου,
1499 3293 1633 3362 πρὸς
1680 3293 1777 3362 τὴν

193 3381 293 3433 τῶν
333 3382 503 3451 ἡδέων
556 3381 842 3450 μετουσίαν
902 3372 1258 3433 καῖώλισθεν·
1293 3381 1408 3433 ἀλλ’
1456 3381 1777 3451 ἐνασκηθεὶς

195 3469 444 3534 ἐκείνοις,
494 3472 586 3523 καὶ
639 3469 1097 3541 προκατορθὼσας
1159 3470 1237 3540 τῷ
1276 3471 1395 3540 ἤθει
1449 3471 1511 3524 τὸ
1558 3474 1777 3541 ἁμειόὲς

197 3552 636 3624 καὶνάνένδωτον,
671 3560 737 3612 δι’
765 3554 839 3613 ὧν
869 3562 1100 3631 μάλιστα
1129 3563 1198 3614 τὰ
1236 3564 1334 3633 τῆς
1377 3562 1568 3631 σοφίας
1604 3564 1778 3633 μαθή-

198 3668 333 3720 ματα
356 3656 468 3716 τοῖς
501 3651 858 3714 σπουδάζουσι
888 3653 1094 3720 γίνεται
1118 3671 1130 3683 ·
1157 3654 1277 3707 τότε
1302 3654 1521 3723 καθίησι
1552 3656 1686 3726 πρὸς
1709 3657 1777 3708 τὰ

196 3745 255 3813 τῇ
285 3743 538 3813 αἰσθήσει
561 3743 769 3813 τερπνὰ
798 3745 1146 3814 νομιζόμενα,
1166 3746 1224 3798 οὐ
1253 3745 1413 3798 πάθει
1442 3746 1576 3814 πρὸς
1604 3746 1776 3800 ταῦτα
1811 3749 1821 3756 ’

197 3834 583 3897 καθελκυσθεὶς
606 3877 619 3898 ,
651 3835 786 3888 ἀλλὰ
826 3837 920 3888 τοῦ
960 3838 1363 3907 ἐπισκέψασθαι
1396 3842 1576 3908 χάριν,
1614 3840 1665 3890 εἴ
1695 3858 1777 3903 τις

198 3926 434 3979 σνντελεί
470 3927 609 3997 πρὸς
650 3927 748 3997 τὴν
789 3927 881 3979 τοῦ
932 3928 1201 3996 ἀληθινῶς
1247 3929 1449 3995 γνῶσιν
1483 3930 1687 3997 ἀγαθοῦ
1720 3933 1776 3984 ὲν

195 4016 399 4081 τούτοις
432 4018 704 4088 γενομένη
742 4020 773 4089 ἡ
805 4019 1074 4089 αἴσθησις.
1118 4021 1268 4073 Ἐπεὶ
1296 4021 1415 4073 τότε
1450 4023 1569 4075 κατ’
1605 4023 1776 4093 ἀρχὰς

197 4105 381 4177 ἐχθρὸν
416 4108 613 4161 ἑαυτοῦ
643 4112 789 4161 ποιεῖ
828 4110 922 4162 καὶ
955 4110 1046 4162 τὸν
1075 4110 1308 4177 γέλωτα,
1344 4113 1438 4164 καὶ
1473 4114 1777 4185 περιφορὰν

197 4198 446 4268 ὀνομάζει
474 4200 536 4252 τὸ
569 4201 739 4264 πάθος
761 4241 774 4261 ,
806 4202 942 4272 ὅπερ
970 4198 1085 4254 ἷσὸν
1120 4205 1236 4256 ἐστι
1270 4204 1412 4257 κατὰ
1444 4204 1679 4258 διάνοιαν
1712 4208 1774 4277 τῇ

199 4291 490 4362 παραφορᾷ
522 4308 580 4343 τε
608 4292 701 4343 καὶ
741 4310 813 4344 πα
826 4292 1032 4363 ρανοίᾳ.
1074 4293 1139 4344 Εἴ
1174 4311 1224 4345 τι
1255 4295 1363 4365 γὰρ
1391 4295 1519 4349 ἄλλο
1544 4314 1628 4359 τις
1658 4299 1778 4348 ὀνο-

204 4381 389 4449 μάσειε
414 4382 622 4452 κυρίως
660 4383 750 4435 τὸν
778 4384 1015 4452 γέλωτα,
1053 4385 1081 4437 ὃ
1115 4390 1250 4456 μήτε
1287 4387 1443 4455 λόγος
1467 4389 1605 4448 ἐστὶ,
1639 4391 1776 4459 μήτε

201 4468 351 4538 ἔργον
382 4471 475 4524 ἐπί
521 4489 627 4523 τινι
679 4471 867 4541 σκοπῷ
916 4472 1374 4542 κατορθούμενον.
1429 4475 1683 4537 Διάλνσις
1723 4474 1774 4526 δὲ

204 4563 463 4630 στόματος
486 4562 741 4631 ἀπρεπὴς
761 4603 774 4624 ,
814 4563 907 4615 καὶ
933 4564 1241 4633 πνεύματος
1264 4565 1470 4629 κλόνος,
1521 4567 1614 4618 καὶ
1641 4566 1765 4636 βραο

206 4650 329 4718 σμδς
362 4652 486 4703 ὅλου
525 4651 619 4703 τοῦ
654 4652 935 4721 σώματος,
973 4656 1067 4705 καὶ
1100 4655 1352 4723 διαστολὴ
1385 4657 1648 4722 παρειῶν,
1681 4658 1775 4710 καὶ

201 4738 473 4809 γύμνωσις
510 4742 738 4795 ὀδόντων
766 4761 823 4795 τε
860 4746 953 4796 καὶ
985 4744 1177 4805 οὔλων,
1212 4749 1307 4800 καὶ
1342 4746 1595 4817 ὑπερῷας
1616 4751 1776 4819 αὐχέ-

202 4846 285 4893 νος
312 4849 370 4886 τε
397 4832 673 4904 λυγισμοὶ,
705 4835 796 4886 καὶ
830 4836 1013 4905 φωνῆς
1043 4838 1354 4907 παράλογος
1380 4839 1594 4910 θρύψις,
1624 4859 1777 4894 συνευ

204 4924 569 4995 πικοπτομένη
620 4927 685 4994 τῇ
725 4924 914 4977 κλάσει
960 4926 1052 4978 τοῦ
1089 4928 1399 4997 πνεύματος
1422 4972 1435 4992 ,
1461 4932 1514 4983 τί
1551 4931 1616 4985 ἂν
1648 4932 1777 4986 ἄλλο

205 5012 283 5079 εἴη
320 5013 498 5075 τοῦτο,
556 5014 729 5084 φησὶ,
761 5016 852 5068 καὶ
895 5017 955 5068 οὐ
1011 5019 1313 5087 παράνοιας
1416 5022 1511 5077 Διό
1620 5039 1773 5092 φησι,

208 5120 225 5151 ι
257 5103 345 5173 Τῷ
378 5106 577 5173 γέλωτι
624 5101 751 5159 εἶπα
776 5110 1126 5179 παραφορὰν,
1173 5130 1189 5159 ι
1225 5112 1299 5173 ὠς
1346 5110 1411 5164 ἂν
1437 5113 1485 5163 εἰ
1521 5111 1674 5181 ἔλεγε
1701 5114 1779 5184 τῷ

204 5192 627 5261 γέ).ωτι,Μαίνῃ
654 5199 749 5250 καὶ
787 5199 1205 5270 τιαρεξέστηκας
1240 5202 1334 5254 καὶ
1366 5205 1465 5255 οὐκ
1502 5205 1654 5267 ἐντὸς
1683 5205 1777 5258 τοῦ

205 5286 538 5352 καθεστῶτος
576 5290 763 5359 μένεις
787 5332 800 5352 ,
849 5293 1111 5355 ἑκουσίως
1143 5295 1491 5365 ἀσχημονῶν,
1535 5299 1627 5350 καὶ
1657 5299 1779 5351 δια·

209 5378 451 5448 στρέφων
482 5382 538 5431 ὲν
573 5380 649 5451 τῷ
698 5382 860 5434 πάθει
893 5382 954 5434 τὸ
982 5378 1142 5447 εἶδος.
1180 5387 1267 5438 ἐπ’
1312 5387 1492 5438 οὐδενὶ
1521 5390 1777 5460 χρησίμῳ

206 5470 301 5541 τὴν
312 5472 641 5544 διαστροφὴν
662 5475 862 5543 ἐργαςὸ
870 5493 1047 5545 μενος.
1078 5495 1095 5526 ι
1124 5473 1288 5531 Εἶπον
1311 5478 1365 5531 δὲ
1388 5478 1481 5532 καὶ
1500 5483 1563 5551 τῇ
1583 5482 1778 5553 εὐφρο-

210 5560 335 5634 σύνῃ
362 5580 376 5595 ο
410 5564 475 5616 Τί
505 5565 664 5618 τοῦτο
691 5571 902 5632 ποιείς;
938 5585 956 5617 ι
995 5570 1133 5641 ὅπερ
1170 5566 1287 5623 ἴσον
1319 5575 1432 5625 ἐστι
1462 5572 1539 5643 τῷ
1571 5573 1770 5643 λέγειν,

208 5652 287 5704 ὅτι
307 5653 446 5726 Πρὸς
484 5655 581 5723 τὴν
616 5656 806 5728 ἡδονὴν
839 5660 1231 5725 ἀντιστατικῶς
1264 5664 1419 5733 ἔσχον
1448 5666 1769 5721 ὑποπτεύων

290 5826 357 5856 “’
379 5831 567 5889 Matth.
600 5850 720 5903 xm,
749 5835 780 5890 5
816 5852 936 5909 ειη.

1876 2028 1997 2080 quae
2027 2021 2155 2068 sunt
2178 2013 2490 2082 cognitione
2516 2014 2740 2069 minime
2762 2015 3071 2070 aberrarem
3092 2057 3105 2075 .
3149 2031 3246 2070 nec
3276 2032 3480 2072 (‘SSt‘ltt‘

1874 2116 2119 2163 remotus
2147 2108 2216 2162 ab
2246 2109 2560 2162 inventione
2589 2107 2709 2176 ejus
2753 2108 2901 2177 quod
2945 2115 3029 2163 est
3089 2108 3454 2163 conducibile.

1878 2200 1951 2253 Ex
1980 2199 2248 2268 sapientia
2279 2198 2424 2253 enim
2449 2205 2666 2252 constat
2696 2199 2958 2269 cognitio.
2992 2197 3246 2268 Coguitio
3269 2205 3452 2251 autem

1876 2289 2035 2345 efﬁcit
2057 2290 2175 2359 ejus
2208 2292 2300 2359 qui
2331 2291 2561 2345 attendit
2585 2291 2797 2344 facilius
2817 2289 3109 2357 judicium.
3138 2287 3253 2343 Hoc
3277 2299 3455 2344 autem

1876 2398 1985 2435 non
2017 2383 2155 2434 citra
2193 2382 2435 2436 laborem
2492 2382 2757 2436 accedere
2803 2389 2997 2449 suapte
3036 2388 3233 2433 natura
3281 2385 3461 2448 potest

1878 2474 1945 2529 iis
1972 2474 2064 2543 qui
2095 2474 2321 2529 student
2348 2492 2362 2538 ;
2388 2474 2482 2529 sed
2532 2475 2624 2543 qui
2664 2472 2874 2527 addidit
2925 2471 3027 2526 sibi
3064 2472 3457 2542 cognitionem,

1877 2565 2041 2619 simul
2093 2565 2254 2617 etiam
2287 2579 2410 2617 cum
2448 2563 2739 2632 disciplina
2768 2562 2991 2615 omnino
3040 2561 3273 2615 intendit
3318 2561 3465 2615 labo-

1874 2672 2010 2709 rem.
2037 2655 2180 2709 Dicit
2211 2657 2465 2722 itaquezt
2501 2653 2603 2719 Qui
2646 2653 2851 2707 addidit
2879 2653 3273 2722 cognitionem,
3311 2650 3461 2704 addit

1877 2747 2148 2808 dolorem.
2182 2765 2200 2797 ι
2251 2745 2390 2800 Cum
2441 2746 2567 2800 talis
2596 2746 2855 2811 evaserit,
2891 2753 3021 2798 tttnc
3050 2744 3294 2813 jucunda
3338 2750 3462 2797 tan-

1875 2854 2037 2907 quam
2081 2852 2219 2891 vana
2241 2836 2595 2891 condemnat.

1951 2928 2094 2983 Dicit
2125 2928 2294 2992 enim,
2335 2947 2353 2978 ι
2396 2927 2513 2979 Dixi
2544 2927 2597 2980 in
2624 2924 2792 2980 corde
2824 2941 2967 2993 meo,
2994 2929 3105 2999 Age
3137 2925 3359 2980 tentaho
3410 2934 3463 2980 te

1884 3022 1937 3074 in
1961 3021 2167 3081 laetitia,
2205 3027 2258 3073 et
2288 3034 2417 3073 ecce
2452 3020 2505 3072 in
2542 3017 2731 3071 bonis.
2770 3015 2833 3070 Et
2870 3017 2971 3069 hoc
3005 3032 3218 3085 quoque
3253 3026 3338 3070 est
3372 3032 3465 3068 va-

1882 3114 2025 3167 nitas
2053 3114 2069 3181 (
2097 3111 2228 3181 Cap.
2266 3127 2328 3172 ιι,
2369 3110 2391 3162 1
2424 3107 2588 3178 sqq.)
2627 3128 2646 3160 ι
2674 3106 2792 3161 Non
2829 3108 2973 3161 enim
3005 3123 3061 3162 se
3095 3108 3277 3162 statim
3313 3108 3463 3162 dedit

1884 3206 1964 3260 illi
1991 3202 2361 3272 experientiae,
2388 3217 2564 3270 neque
2587 3216 2697 3254 non
2727 3207 2940 3271 gustata
2971 3198 3260 3253 austeriori
3295 3207 3349 3254 et
3377 3215 3464 3253 se-

1882 3295 2083 3349 veriori
2120 3294 2252 3356 vita,
2284 3292 2545 3361 delapsus
2597 3299 2682 3344 est
2712 3289 2778 3343 ad
2810 3289 3178 3357 jucundorum
3239 3290 3462 3359 partici-

1881 3386 2157 3454 pationem
2189 3401 2201 3436 :
2230 3381 2325 3436 sed
2367 3397 2488 3435 cum
2518 3382 2572 3434 in
2616 3382 2723 3435 illis
2775 3380 3109 3433 exercitatus
3167 3379 3381 3441 fuisset,
3411 3386 3463 3433 et

1882 3476 2035 3545 prius
2072 3490 2130 3529 se
2171 3474 2239 3526 iis
2296 3473 2583 3542 prteditum
2628 3471 2876 3525 moribus
2933 3471 3294 3533 exhibuisset,
3333 3478 3391 3524 ut
3432 3485 3464 3524 a

1880 3568 1996 3621 risu
2032 3568 2265 3627 alienus,
2294 3566 2479 3634 gravis
2522 3572 2574 3619 et
2603 3570 2864 3617 constans
2888 3569 3056 3623 esset,
3091 3577 3200 3631 qua
3244 3561 3463 3616 ratione

1881 3677 1910 3715 a
1935 3661 2197 3716 Studiosis
2221 3659 2455 3713 maxime
2486 3667 2877 3726 comparantur
2908 3656 3215 3724 disciplinae
3238 3655 3465 3724 sapien-

1880 3754 1991 3816 tize,
2027 3762 2159 3805 tunc
2211 3766 2269 3805 se
2297 3748 2530 3803 remittit
2559 3747 2625 3800 ad
2683 3762 2746 3801 ea
2783 3762 2906 3816 quae
2945 3744 3131 3800 sensui
3169 3754 3466 3799 censentur

1879 3860 2001 3899 esse
2029 3842 2276 3913 jucunda
2301 3855 2366 3895 ac
2391 3838 2768 3895 delectabilia:
2802 3852 2907 3891 non
2939 3836 3106 3889 animi
3139 3834 3206 3889 ad
3230 3836 3342 3888 haec
3377 3842 3463 3886 at-

1880 3946 2091 3991 tractus
2140 3934 2578 4004 perturbatione,
2610 3929 2705 3985 sed
2756 3936 2815 3982 ut
2841 3928 3239 3991 consideraret,
3291 3940 3359 3978 an
3394 3925 3466 3979 ad

1880 4028 1997 4082 veri
2023 4026 2150 4081 boni
2182 4025 2557 4095 cognitionem
2600 4020 2807 4090 aliquid
2859 4018 3110 4075 conferat
3141 4032 3341 4073 sensus
3371 4016 3464 4085 qui

1882 4122 1937 4175 in
1964 4120 2044 4174 eis
2075 4118 2242 4173 fuerit
2267 4119 2615 4171 immoratus.
2633 4113 2788 4166 Tunc
2809 4113 3029 4167 enimet
3055 4111 3123 4163 ab
3151 4110 3307 4162 initio
3329 4107 3464 4163 risui

1881 4212 2170 4267 denuntiat
2213 4208 2558 4271 inimicitias,
2591 4215 2644 4259 et
2674 4205 2845 4259 animi
2877 4214 3082 4257 motum
3117 4201 3268 4254 illum
3305 4206 3466 4254 vocat

1880 4301 2383 4359 circumlationem,
2414 4296 2560 4366 quod
2582 4290 2803 4364 quidem
2837 4307 3001 4346 sensu
3037 4288 3178 4342 idem
3210 4286 3464 4356 estquod

1880 4395 2130 4450 delirium
2154 4398 2208 4445 ct
2233 4386 2576 4445 amentia:si
2615 4384 2748 4454 quid
2795 4383 2938 4436 enim
2992 4380 3139 4433 aliud
3189 4378 3463 4447 quispiam

1883 4485 2102 4556 prOprie
2126 4482 2296 4537 risum
2322 4477 2694 4548 appellaverit,
2714 4475 2764 4527 id
2791 4473 2934 4544 quod
2963 4487 3139 4541 neque
3162 4478 3245 4525 est
3264 4470 3460 4533 oratio,

1886 4591 2063 4645 neque
2096 4574 2298 4625 factum
2326 4578 2479 4623 certo
2515 4582 2685 4636 scopo
2715 4575 2767 4620 et
2812 4565 3091 4634 proposito
3125 4573 3462 4632 susceptum.

1884 4665 2011 4720 Oris
2031 4669 2213 4716 autem
2252 4659 2512 4714 indecora
2541 4657 2811 4721 dilatatio,
2846 4662 3161 4723 tremorque
3211 4653 3464 4722 spiritus.

1883 4764 1938 4811 et
1972 4756 2144 4808 totius
2175 4753 2423 4822 corporis
2446 4749 2761 4814 concussio,
2793 4754 2845 4801 et
2886 4761 3150 4815 genarum
3196 4744 3463 4806 diductio,

1889 4850 2251 4915 dentiumque
2286 4854 2338 4899 et
2360 4844 2802 4916 giugivarum‘et
2843 4839 3006 4910 palati
3034 4838 3265 4907 apertio,
3307 4836 3465 4890 colli-

1883 4950 1990 5004 que
2020 4934 2323 4997 contorsio,
2374 4933 2635 5000 VOCiSqlle
2666 4935 2864 4999 praeter
2911 4929 3183 4982 rationem
3244 4925 3462 4990 tractio,

1885 5041 2009 5095 quae
2030 5024 2192 5078 simul
2226 5039 2349 5077 cum
2379 5023 2649 5076 fractione
2674 5020 2903 5091 spiritus
2924 5020 3307 5079 intersec’atur,
3332 5017 3462 5087 quid

1885 5119 1989 5172 hoc
2017 5116 2163 5171 aliud
2192 5115 2354 5169 fuerit
2379 5129 2542 5184 quam
2563 5114 2803 5167 amentia
2826 5112 2849 5166 2
2872 5111 2934 5164 Et
2963 5111 3107 5173 ideo,
3139 5128 3156 5159 ι
3189 5109 3253 5161 Ει
3274 5109 3409 5171 dixi,
3438 5127 3458 5159 ι

1885 5210 2086 5279 inquit,
2125 5225 2144 5258 ι
2185 5206 2318 5261 risui
2359 5205 2697 5260 amentiam:
2748 5222 2765 5253 ι
2809 5202 3032 5272 perinde
3058 5216 3121 5255 ac
3179 5200 3223 5254 si
3255 5198 3465 5253 diceret

1887 5303 2040 5366 risui,
2074 5303 2316 5358 Insanus
2341 5313 2402 5353 es
2445 5305 2500 5350 et
2537 5304 2732 5351 emotae
2764 5295 2985 5357 mentis,
3039 5307 3217 5360 neque
3276 5304 3464 5346 manes

1884 5393 2028 5446 intra
2067 5390 2394 5446 constantia:
2438 5387 2597 5453 ﬁnes,
2636 5397 2693 5439 ut
2739 5387 2830 5456 qui
2887 5390 3079 5452 sponte
3123 5381 3381 5436 indecore
3416 5393 3467 5438 te

1883 5499 2065 5555 geras,
2095 5491 2148 5538 et
2179 5483 2234 5535 in
2271 5489 2421 5535 motu
2459 5476 2628 5532 animi
2674 5476 2907 5530 formam
2942 5484 3243 5543 pervertas.
3301 5472 3466 5541 idque

1882 5587 2104 5649 propter
2129 5576 2338 5630 nullam
2367 5574 2687 5637 utilitatem.
2717 5587 2735 5619 ι
2768 5568 2884 5622 Dixi
2908 5567 3070 5621 etiam
3093 5566 3293 5620 laetitia:
3317 5583 3329 5618 :
3356 5568 3467 5621 Cur

1882 5668 1983 5721 hoc
2012 5666 2191 5721 facis?
2227 5684 2244 5716 ι
2284 5662 2441 5728 Quod
2459 5658 2686 5731 perinde
2719 5667 2802 5713 est
2829 5673 2892 5712 ac
2918 5657 2963 5712 si
2994 5657 3167 5719 dicas.
3186 5653 3465 5728 Voluptati
