3844 6380
369 461 476 523 6U

1602 455 1659 510 S.
1702 454 1744 511 G
1758 446 2038 511 BEGORII
2076 448 2245 510 NYSS
2256 450 2368 511 EN]

3535 440 3639 512 6&8

2164 575 2191 588 υ

2209 593 2232 607 Α

369 575 571 638 restiti.
611 583 921 646 suspectam
954 573 1165 632 habens
1191 575 1312 645 ejus
1338 572 1952 645 appropinquationem,

2065 574 2232 646 αὐτῆς
2258 575 2349 627 τὸν
2386 569 2813 644 προσεγγισμδν,
2869 569 3030 624 οίονεὶ
3076 568 3308 624 κλέπτου
3353 568 3505 632 τινὸς
3544 569 3636 623 λιι

371 667 600 739 perinde
629 673 793 738 atque
833 667 876 723 si
907 667 995 723 [ιιι-
1031 668 1306 739 quispiam
1344 666 1658 721 clanculum
1700 665 1952 736 ingrede-

369 766 526 814 retttr
546 761 742 814 animae
769 762 1095 830 penetralia.
1133 761 1423 831 Nunquam
1454 760 1677 830 permisi
1720 768 1863 813 utea
1896 759 1950 812 in

370 860 606 906 mentem
639 850 980 906 dominatum
1016 853 1313 908 obtineret.
1354 850 1413 906 Si
1458 852 1606 906 enim
1640 852 1817 906 solum
1853 865 1949 905 eoo

369 944 683 1013 gnovissem
724 944 1082 1013 voluptatem,
1109 953 1373 1015 tanquam
1417 943 1586 999 feram
1621 942 1859 1012 aliquam
1885 942 1951 995 ad

369 1047 524 1087 meos
553 1043 754 1088 sensus
791 1033 1075 1102 adrepere,
1106 1032 1154 1087 ei
1204 1032 1386 1087 statim
1427 1032 1744 1087 resistebam
1778 1038 1832 1084 et
1860 1029 1952 1083 ad-

368 1120 657 1185 versabar,
697 1123 888 1177 dicens
919 1124 1045 1177 huic
1068 1122 1252 1178 servili
1281 1129 1335 1178 ct
1357 1122 1586 1177 rationis
1610 1121 1821 1192 experti
1862 1121 1954 1174 la:-

371 1216 509 1270 titize
535 1234 549 1270 :
577 1216 718 1283 Quid
746 1214 918 1271 facis?
940 1215 1068 1286 quid
1100 1222 1311 1270 natura-
1329 1215 1590 1270 virtutem
1627 1213 1953 1269 elfeminas?

370 1319 473 1361 cur
498 1308 663 1361 animi
686 1307 854 1362 robur
888 1308 1146 1362 emollis?
1173 1322 1273 1362 cur
1296 1308 1491 1361 animm.
1517 1307 1661 1363 vires
1687 1306 1955 1361 enervas?

372 1412 473 1451 cur
502 1393 664 1454 aﬂ'ers
701 1399 981 1453 interitum
1025 1399 1272 1454 rationi?
1304 1414 1405 1453 cur
1444 1412 1705 1469 purarum
1740 1400 1952 1469 cogita-

377 1487 588 1541 tionum
635 1489 952 1545 serenitatis
997 1491 1221 1560 puritati
1267 1490 1503 1562 caligine
1553 1496 1647 1544 tua
1704 1490 1954 1546 immittis

377 1580 630 1635 tenebras
650 1573 674 1631 ’ἒ
1379 1567 1383 1572 ’

452 1668 588 1723 Cum
611 1668 747 1731 hac,
778 1669 977 1741 inquit,
1001 1677 1054 1725 et
1081 1686 1202 1741 qua:
1227 1679 1355 1727 sunt
1382 1670 1651 1741 ejusmodi
1680 1669 1952 1733 fecissem,

382 1782 402 1813 ι
423 1761 778 1818 Consideravi
809 1777 877 1816 an
907 1776 1005 1817 cor
1035 1776 1214 1818 meum
1237 1778 1458 1818 carnem
1489 1779 1665 1818 meam
1697 1771 1953 1834 tanquam

381 1854 572 1908 vinum
628 1853 933 1910 traheret.»
996 1853 1112 1909 Hoc
1167 1861 1270 1921 est,
1325 1856 1781 1925 quemadmodum
1821 1871 1973 1935 cura,

374 1956 566 2002 eorum
594 1960 717 2016 quae
742 1946 944 2002 cadunt
967 1948 1069 2003 sub
1098 1947 1539 2017 intelligentiam,
1565 1948 1804 2003 motibus
1833 1963 1958 2001 car-

378 2038 465 2092 nis
503 2043 649 2094 esset
678 2039 971 2109 potentior,
1006 2048 1062 2092 ut
1093 2050 1288 2093 natura
1323 2055 1351 2094 a
1380 2040 1556 2109 seipsa
1588 2055 1697 2094 non
1726 2038 1957 2096 disside-

378 2134 480 2193 ret,
512 2141 638 2181 cum
663 2128 765 2182 alia
794 2128 1014 2198 quidem
1041 2145 1196 2185 mens
1230 2137 1530 2200 appeteret,
1558 2131 1622 2185 ad
1648 2131 1751 2185 alia
1777 2143 1954 2187 autem

374 2232 509 2274 caro
548 2218 825 2274 traheret:
882 2221 976 2275 sed
1008 2227 1067 2271 ut
1102 2221 1460 2291 intelligentia
1499 2223 1735 2293 praedita:
1763 2223 1958 2281 animus

380 2317 584 2364 nostrae
630 2310 774 2380 parti
811 2310 1153 2366 obedientem
1200 2318 1256 2368 et
1305 2298 1651 2385 subjugatam
1706 2314 1958 2371 redderet

380 2400 569 2454 carnis
600 2408 803 2456 nostra:
834 2402 1112 2471 spiritum,
1148 2417 1214 2457 eo
1239 2405 1382 2474 quod
1403 2414 1487 2459 est
1517 2405 1697 2461 minus
1727 2410 1959 2462 attracto

380 2500 438 2545 et
488 2493 748 2548 devorato
795 2494 850 2548 in
903 2508 969 2549 eo
1002 2495 1147 2564 quod
1194 2496 1436 2551 abundat
1475 2513 1490 2550 :
1539 2499 1815 2568 quomodo
1856 2515 1957 2555 usu

385 2583 530 2638 venit
566 2583 623 2638 in
662 2583 731 2639 lis
763 2585 855 2653 qui
890 2586 1101 2679 sitiun't.
1130 2584 1248 2642 Non
1289 2588 1432 2643 enim
1474 2590 1658 2644 viuum
1693 2598 1874 2646 manet
1904 2592 1958 2646 in

381 2677 575 2742 calice,
622 2678 668 2735 si
712 2679 916 2735 sitienti
954 2678 1036 2733 ori
1062 2677 1344 2735 admotum
1374 2680 1561 2746 fuerit,
1598 2681 1690 2736 sed
1720 2682 1962 2737 traduci-

381 2774 475 2822 tur
505 2769 571 2824 ad
598 2782 722 2824 eum
751 2771 843 2841 qui
868 2769 1025 2837 bibit,
1046 2780 1100 2826 et
1130 2773 1477 2842 perspicuum
1508 2781 1593 2829 est
1621 2773 1672 2828 id
1693 2789 1883 2845 magna
1905 2775 1959 2830 vi

383 2858 720 2917 intrinsecus
777 2862 999 2917 attrahi.
1052 2862 1207 2930 Quod
1253 2879 1376 2919 cum
1411 2863 1615 2920 factum
1663 2865 1785 2931 fuit,
1819 2868 1959 2923 citra

382 2966 625 3007 errorem
656 2962 711 3007 et
741 2953 912 3007 ulhtm
962 2954 1436 3026 impedimentum,
1485 2959 1696 3013 munita
1732 2957 1835 3014 fuit
1872 2960 1960 3015 via

385 3041 452 3096 ad
490 3042 775 3098 scientiam
816 3059 1004 3099 eorum
1045 3061 1165 3116 qua:
1216 3052 1370 3103 Sunt.
1410 3046 1557 3102 «Cor
1587 3063 1797 3111 meum,
1821 3068 1839 3101 ι
1879 3050 1963 3104 in-

386 3131 520 3203 quit.
554 3132 818 3188 tdeduxit
845 3150 930 3190 me
964 3137 1016 3189 in
1046 3137 1371 3206 sapientia,»
1408 3152 1506 3209 per
1530 3155 1692 3209 quam
1724 3140 1961 3196 insultus

2054 666 2258 737 θραίως
2288 665 2438 727 ἐντὸς
2465 680 2538 716 πα
2546 661 2878 735 ραδυομένου
2903 660 3013 715 τῶν
3035 662 3134 732 τῆς
3159 660 3340 732 ψυχῆς
3370 660 3637 731 ταμείοιν.

2054 759 2168 810 Οὐκ
2190 757 2381 825 ἀφῆκά
2414 773 2543 809 ποτε
2593 753 3011 826 κατακρατῆσαι
3037 753 3136 823 τῆς
3165 752 3407 816 διανοίας
3443 753 3636 823 αὐτὴν.

2054 848 2116 902 Et
2142 847 2252 919 γάρ
2286 848 2459 916 ἔγνων
2497 846 2658 918 μόνον
2702 846 2800 917 τὴν
2829 845 3024 917 ἡδονὴν
3066 840 3181 898 οἷόν
3207 861 3262 897 τι
3307 844 3499 915 θηρίον
3539 843 3642 909 τὰς

2053 936 2336 1011 αἰσθήσεις
2370 956 2470 1011 μου
2495 939 2923 1008 περιέρπουσαν,
2955 937 3119 1000 εὐθὺς
3148 935 3542 1006 ἀντεμαχόμην
3574 933 3642 986 τὰ

2054 1028 2190 1103 πρὸς
2218 1032 2388 1103 αὐτὴν
2431 1032 2527 1085 καὶ
2560 1030 2897 1092 ἀντέϐαινον,
2926 1017 2989 1083 Τί
3013 1016 3189 1084 ταῧτα
3223 1032 3428 1093 ποιεῐςς
3462 1028 3642 1096 λέγων

2055 1123 2189 1193 προς
2205 1123 2303 1194 τὴν
2323 1120 2703 1194 ἀνδραποδώδη
2727 1120 2929 1193 ταύτην
2945 1121 3038 1174 καὶ
3054 1120 3246 1189 ἄλογον
3268 1108 3610 1191 εὖφροσύνην
3623 1135 3638 1150 ο

2051 1217 2106 1270 τί
2144 1206 2458 1287 ἐκθηλύνεις
2489 1213 2551 1269 τὸ
2578 1214 2844 1287 ἀνδρῶδες
2869 1215 2969 1285 τῆς
3018 1213 3231 1282 φύσεως
3258 1229 3271 1278 ;
3301 1200 3355 1266 τί
3384 1218 3644 1281 καταμα·

2054 1307 2276 1370 λάσσεις
2309 1304 2409 1378 τῆς
2442 1305 2679 1369 διανοίας
2708 1304 2769 1358 τὸ
2800 1300 3078 1370 σύντονον;
3106 1305 3161 1357 τί
3183 1303 3511 1375 ἐκνευρίζεις
3547 1292 3645 1357 τὸν

2053 1400 2154 1470 τῆς
2188 1386 2366 1471 ψυχῆς
2407 1398 2592 1463 τόνον;
2627 1397 2681 1451 τί
2727 1396 3052 1469 διαλυμαίνῃ
3090 1399 3204 1459 τοῖς
3231 1395 3549 1466 λογισμοις;
3586 1388 3647 1447 τί

2059 1511 2150 1564 μοι
2181 1493 2242 1548 τὸ
2275 1486 2517 1565 καθάρδν
2546 1493 2645 1563 τῆς
2674 1476 2784 1545 τῶν
2813 1490 3069 1562 καθαρῶν
3097 1489 3384 1560 νοημάτων
3415 1487 3646 1560 αἰθρίας

2054 1583 2121 1652 τῇ
2160 1583 2289 1651 παρ’
2316 1583 2516 1652 ἑαυτῆς
2548 1580 2748 1653 ὁμίχλῃ
2784 1579 2945 1649 ζόφον
2976 1580 3260 1656 ὲμποιεῖςξ

2127 1672 2333 1734 Ταῦτα,
2368 1671 2521 1743 φησὶ,
2555 1673 2648 1725 καὶ
2681 1671 2905 1726 τοιαῦτα
2936 1660 3188 1742 ποιήσας,
3220 1689 3236 1721 ι
3285 1656 3649 1741 Ἐσκεψάμην

2057 1765 2106 1817 et
2136 1765 2168 1834 ἠ
2209 1763 2406 1835 καρδία
2439 1780 2541 1833 μου
2578 1760 2795 1816 ἑλκύσει
2828 1763 2904 1825 ὡς
2932 1757 3076 1814 οἶνον
3108 1760 3209 1831 τὴν
3240 1759 3414 1831 σάρκα
3444 1770 3577 1830 μου.
3620 1777 3643 1811 ι

2057 1855 2346 1907 Τουτέστιν
2366 1894 2379 1914 .
2411 1854 2561 1917 ὅπως
2594 1852 3028 1924 ὲπικρατεστέρα
3057 1851 3269 1921 γένοιτο
3300 1852 3332 1923 ἡ
3361 1851 3466 1904 τῶν
3497 1858 3650 1923 νοη-

2057 1946 2165 2001 τῶν
2195 1947 2484 2017 ἐπιμέλεια
2522 1946 2630 1999 τῶν
2659 1946 2759 2017 τῆς
2790 1944 2992 2016 σαρκὸς
3016 1943 3352 2014 κινημάτων,
3382 1942 3520 1996 ὥστε
3564 1942 3653 2014 μὴ

2061 2038 2370 2103 στασιάζειν
2416 2038 2553 2109 πρὸς
2598 2038 2799 2109 ἑαυτὴν
2845 2037 2948 2107 τῆν
2991 2035 3190 2107 φύσιν·
3224 2034 3357 2090 ἄλλα
3391 2023 3485 2106 μὲν
3532 2025 3653 2105 τῆς

2056 2130 2295 2194 διανοίας
2333 2131 2779 2202 προαιρουμένης
2800 2170 2813 2193 ,
2862 2128 2998 2201 πρὸς
3026 2129 3189 2199 ἕτερα
3221 2117 3276 2182 δὲ
3309 2127 3405 2212 τῆς
3432 2116 3655 2197 σαρκὸς

2058 2221 2393 2293 ἐφελκούσης
2402 2235 2414 2252 ⁸
2444 2221 2557 2274 ἀλλ’
2579 2222 2655 2285 ὡς
2678 2221 3006 2285 καταπειθὲς
3028 2219 3121 2274 καὶ
3145 2219 3448 2290 ὑποχείριον
3471 2219 3650 2289 ποιῆ-

2060 2329 2151 2365 σαι
2190 2311 2268 2383 τῷ
2294 2312 2470 2383 νοητῷ
2510 2313 2609 2382 τῆς
2635 2310 2812 2383 ψυχῆς
2850 2313 3006 2385 μέρει
3036 2312 3098 2365 τὸ
3121 2311 3223 2382 τῆς
3249 2311 3447 2383 σαρκὸς
3475 2309 3655 2380 ἡμῶν

2061 2406 2321 2477 φρόνημα
2342 2445 2356 2470 ,
2391 2396 2746 2469 ἑλκυσθέντος
2791 2400 2885 2459 καὶ
2919 2404 3320 2468 καταποθέντος
3357 2402 3448 2456 τοῦ
3475 2401 3655 2455 ὲλατ-

2058 2496 2324 2568 τουμένου
2354 2499 2411 2550 ὲν
2444 2495 2522 2567 τῷ
2549 2486 2929 2561 πλεονάζοντι,
2970 2486 3028 2549 δν
3068 2497 3266 2567 τρόπον
3300 2495 3392 2574 ἐπὶ
3419 2493 3528 2547 τῶν
3561 2494 3656 2546 δι-

2058 2588 2281 2658 ψώντων
2314 2586 2543 2658 γίνεται.
2578 2580 2654 2643 Οὐ
2692 2588 2802 2660 γάρ
2835 2586 3158 2658 ἐναπομένει
3199 2589 3227 2641 ὁ
3266 2582 3406 2649 οἶνος
3435 2587 3498 2656 τῇ
3531 2582 3657 2637 κῦ-

2059 2680 2192 2745 λικι,
2218 2679 2333 2747 εἴγε
2361 2678 2438 2751 τῷ
2465 2678 2687 2748 διψῶντι
2719 2676 2947 2749 στόματι
2976 2675 3309 2751 προσαχθείη
3333 2717 3345 2735 .
3378 2675 3509 2730 ἀλλά
3538 2693 3657 2745 με·

2062 2768 2311 2823 Θίσταται
2350 2770 2488 2839 πρὸς
2531 2769 2623 2822 τὸν
2670 2770 2928 2832 πίνοντα,
2974 2770 3070 2823 καὶ
3113 2768 3377 2840 διαφανὴς
3422 2769 3652 2835 γίνεται

2065 2859 2205 2930 μετά
2245 2859 2484 2928 σπουδῆς
2521 2858 2615 2911 ἐπὶ
2664 2858 2724 2911 τὸ
2759 2858 2910 2921 ἐντὸς
2956 2857 3350 2928 εἰσεὶκὸμενος.
3382 2850 3455 2911 Οὗ
3488 2874 3658 2926 γενο-

2066 2949 2251 3021 μένου,
2281 2940 2529 3019 ἀπλανής
2561 2959 2651 3019 μοι
2679 2949 2772 3002 καὶ
2803 2948 3194 3018 ἀνεμπόδιστος
3222 2947 3435 3017 ἐγένετο
3463 2950 3495 3019 ἡ
3518 2949 3657 3020 ὁδη-

2061 3043 2154 3110 γία
2219 3043 2356 3113 πρὸς
2393 3043 2494 3112 τὴν
2534 3044 2846 3113 ἐπιστήμην
2878 3043 2987 3096 τῶν
3033 3043 3223 3096 δντων.
3266 3062 3283 3096 ι
3337 3043 3400 3095 Ἦ
3440 3042 3654 3112 καρδία

2068 3150 2191 3204 μου,
2236 3155 2252 3185 ι
2299 3135 2486 3203 φησὶν,
2530 3153 2548 3184 ι
2584 3133 2837 3205 ὼδήγησέ
2870 3152 2937 3203 με
2969 3137 3026 3187 ἐν
3068 3134 3257 3204 σοφία,
3302 3152 3319 3184 ι
3354 3133 3418 3187 δι’
3448 3128 3515 3206 ἦς
3539 3152 3657 3187 κα-

386 3222 725 3292 voluptatum
760 3225 1020 3294 repressi,
1051 3235 1216 3296 atque
1246 3228 1522 3284 institutio
1555 3228 1653 3283 fuit
1683 3230 1738 3284 in
1768 3246 1957 3295 causa,

2065 3224 2374 3296 τεκράτησα
2395 3225 2494 3295 τῆς
2516 3226 2932 3288 ἐπαναστάσεως
2958 3225 3068 3279 τῶν
3089 3220 3312 3295 ἡδονῶν,
3337 3225 3428 3279 καὶ
3449 3224 3655 3293 γέγονέ

386 3314 449 3364 ιιι
502 3310 844 3365 dominatum
902 3313 955 3366 in
1015 3315 1256 3369 laetitiam
1307 3318 1632 3373 obtinerem.
1671 3317 1763 3374 Sic
1813 3323 1958 3375 enim

385 3397 649 3454 dictionis
675 3401 922 3455 continet
954 3406 1368 3474 consequentia.
1416 3406 1468 3460 ld
1499 3416 1679 3463 autem
1715 3409 1876 3479 cujus
1907 3410 1960 3463 in

370 3490 699 3562 cognitione
727 3492 962 3549 maximo
987 3496 1273 3550 tenebatur
1293 3499 1496 3563 studio,
1518 3509 1635 3554 erat
1658 3508 1715 3555 ut
1740 3501 1791 3556 in
1814 3504 1962 3557 nulla

386 3595 450 3638 re
478 3596 616 3638 vana
670 3585 779 3638 vita
820 3596 964 3640 esset
1011 3597 1302 3658 occupata,
1361 3591 1454 3646 sed
1510 3591 1778 3648 inveniret
1831 3595 1963 3649 illud

387 3672 615 3738 bonum,
663 3674 808 3743 quod
833 3690 986 3729 scum
1042 3678 1314 3748 quispiam
1368 3689 1453 3736 est
1493 3693 1798 3746 assecutus,
1854 3699 1961 3739 non

386 3763 604 3819 aberrat
642 3779 673 3820 a
709 3765 918 3834 judicio
967 3765 1089 3839 ejus
1129 3772 1274 3840 quod
1315 3780 1397 3826 est
1420 3773 1784 3840 conducibile,
1817 3777 1961 3846 quod

385 3865 472 3911 est
518 3865 840 3926 perpetuum
892 3868 943 3913 et
981 3875 1091 3914 non
1143 3864 1558 3931 temporarium,
1599 3874 1654 3920 et
1702 3867 1757 3920 in
1794 3868 1962 3921 vitam

388 3946 701 4002 universam
732 3950 1064 4015 extenditur,
1106 3959 1167 4005 ut
1193 3955 1337 4023 quod
1389 3957 1454 4011 ad
1488 3957 1691 4012 bonum
1722 3959 1795 4014 sit
1839 3973 1965 4029 spes

372 4037 539 4091 omni
568 4039 741 4101 aetati.
767 4034 823 4094 ἐι
852 4042 1041 4109 primae.
1073 4052 1129 4096 et
1159 4046 1369 4109 mediae,
1401 4050 1455 4101 et
1485 4049 1706 4113 ultimae,
1738 4060 1791 4105 et
1815 4051 1966 4106 omni

389 4137 621 4179 numero
673 4125 911 4181 dierum.
957 4145 975 4177 ι
1002 4127 1240 4192 Donec,»
1280 4133 1477 4201 inquit,
1520 4135 1745 4190 «videro
1807 4139 1967 4206 quale

390 4213 464 4267 sit
494 4212 697 4268 bonum
744 4215 872 4270 illiis
912 4217 1220 4283 hominum,
1267 4223 1412 4291 quod
1447 4224 1645 4279 facient
1679 4226 1784 4281 sub
1829 4229 1962 4291 sole,

390 4318 622 4360 numero
649 4307 861 4363 dierum
893 4308 1018 4364 vitae
1048 4325 1181 4365 suae.
1208 4330 1227 4362 ι
1264 4306 1339 4366 Ea
1369 4316 1514 4369 enim
1555 4316 1610 4370 in
1637 4318 1838 4387 quibus
1872 4334 1966 4389 per

389 4409 609 4452 carnem
642 4399 883 4454 studium
918 4404 1200 4472 ponimus,
1230 4406 1445 4460 etiamsi
1475 4409 1712 4463 maxime
1743 4424 1965 4465 sensum

389 4487 640 4543 inescant
672 4491 725 4546 in
751 4495 1064 4562 praesentia,
1095 4496 1295 4553 habent
1320 4499 1375 4552 in
1403 4510 1680 4554 momento
1700 4501 1845 4571 quod
1867 4517 1967 4556 nos

2066 3332 2156 3386 μοι
2189 3319 2221 3387 ἡ
2262 3317 2544 3381 παίδευσις
2574 3309 2721 3371 αἰτία
2754 3319 2848 3372 τοῦ
2885 3319 3159 3391 κρατῆσαι
3192 3319 3283 3372 ἐπὶ
3313 3312 3651 3390 εὐφροσύνῃ.

2062 3407 2217 3462 Οὕτω
2250 3410 2361 3478 γὰρ
2393 3410 2636 3482 περιέχει
2672 3412 2704 3482 ὴ
2750 3402 3043 3465 ἀκολουθία
3083 3411 3184 3480 τῆς
3222 3401 3436 3476 λέξεως.
3477 3408 3549 3463 Τὸ
3589 3414 3653 3465 δέ

2067 3514 2155 3569 μοι
2186 3500 2417 3570 μάλιστα
2447 3502 2585 3554 κατὰ
2624 3503 2722 3572 τὴν
2759 3503 2959 3571 γνῶσιν
3004 3502 3435 3572 σπουδαζόμενον
3463 3497 3551 3573 ἦν,
3589 3502 3656 3556 τὸ

2064 3591 2155 3643 ἐπὶ
2192 3587 2382 3662 μηδενῖ
2411 3587 2627 3665 ματαίῳ
2657 3592 2754 3673 τῂν
2790 3593 2933 3665 ζωὴν
2972 3582 3293 3673 ἀσχολῆσαι,
3325 3594 3436 3646 ἀλλ’
3464 3594 3655 3663 εὑρεῖν

2010 3749 2019 3756 ο
2064 3674 2239 3735 ἐκεῖνο
2277 3684 2337 3737 τὸ
2376 3684 2611 3752 ἀγαθὸν,
2656 3676 2716 3737 οὗ
2762 3694 2845 3748 τις
2886 3684 3158 3755 ἐπιτυχὼν
3201 3686 3298 3755 οὐχ
3342 3685 3655 3756 ἁμαρτάνει

2063 3768 2166 3841 τῆς
2186 3771 2279 3825 τοῦ
2320 3773 2697 3844 συμφέροντος
2727 3774 2985 3846 κρίσεως,
3017 3770 3046 3826 ὃ
3073 3775 3295 3846 διαρκές
3323 3775 3381 3828 τέ
3410 3778 3523 3829 ἐστι
3551 3776 3656 3830 καὶ

2063 3858 2125 3917 οὗ
2162 3865 2517 3937 πρόσκαιρον,
2550 3866 2643 3919 καὶ
2676 3864 2825 3939 πάσῃ
2852 3858 2917 3939 τῇ
2954 3866 3064 3938 ζωῇ
3109 3868 3515 3937 παρατείνεται,
3551 3869 3653 3921 ἐλ-

2066 3955 2161 4018 πὶς
2195 3958 2275 4019 είς
2308 3946 2511 4025 ἀγαθὸν
2562 3958 2709 4028 πάσῃ
2741 3957 2930 4029 ἡλικίᾳ
2981 3958 3283 4029 γινόμενον,
3316 3960 3409 4012 καὶ
3448 3958 3655 4034 πρῶτῂ

2066 4049 2161 4102 καὶ
2194 4047 2334 4121 μέσῃ
2359 4090 2372 4111 ,
2403 4048 2495 4103 καὶ
2521 4038 2825 4121 τελευταίᾳ,
2856 4051 2949 4103 καὶ
2983 4053 3143 4105 παντὶ
3174 4052 3250 4122 τῷ
3280 4051 3388 4105 τῶν
3416 4053 3649 4123 ἡμερῶν

2068 4140 2308 4212 ἀριθμῷ.
2349 4159 2367 4192 ι
2404 4140 2548 4206 Ἕως
2585 4136 2645 4197 οὗ
2676 4143 2783 4214 γὰρ
2814 4143 2928 4205 ἴδω,
2961 4144 3115 4213 φησὶ,
3166 4144 3318 4197 ποῖον
3358 4145 3417 4197 τὸ
3443 4144 3655 4211 ἀγαθὸν

2065 4236 2178 4295 τοῖς
2205 4234 2341 4297 υἱοῖς
2363 4233 2470 4287 τῶν
2490 4234 2812 4305 ἀνθρώπιον,
2840 4234 2867 4286 ὃ
2899 4236 3211 4305 ποιήσουσιν
3233 4234 3338 4289 ὑπὸ
3364 4232 3454 4289 τδν
3474 4236 3651 4307 ἣλιον,

2068 4323 2303 4393 ἀριθμὸν
2335 4324 2560 4395 ἡμερῶν
2599 4325 2744 4395 ζωῆς
2778 4324 2976 4379 αὐτῶν.
3018 4346 3036 4379 ι
3075 4327 3157 4380 Τά
3190 4327 3299 4396 γὰρ
3331 4327 3418 4379 διὰ
3443 4327 3655 4398 σαρκὸς

2070 4412 2521 4484 σπουδαζόμενα,
2573 4416 2676 4469 κᾶν
2710 4417 2790 4468 ὅτι
2827 4415 3061 4487 μάλιστα
3100 4415 3234 4490 πρὸς
3260 4410 3321 4471 et
3365 4416 3535 4489 παρὸν
3563 4417 3654 4470 δε-

2069 4507 2237 4578 λεάζῃ
2260 4509 2358 4578 τὴν
2393 4508 2667 4579 αἴσθησιν,
2702 4510 2759 4561 ὲν
2788 4510 2989 4581 ἀκαρεί
3006 4511 3064 4563 τὸ
3091 4512 3378 4581 εὐφραῖνον
3402 4510 3535 4581 ἔχει.
3570 4510 3652 4565 Οὐ

389 4578 573 4632 laetitia
624 4581 843 4637 alliciat.
884 4583 1019 4640 Nam
1072 4597 1297 4658 propter
1342 4589 1552 4642 nullum
1599 4605 1787 4645 eorum
1844 4608 1960 4661 qua:

2071 4602 2175 4670 γάρ
2207 4602 2354 4655 ἔστιν
2388 4603 2474 4654 ἐπ’
2523 4602 2701 4654 οὐδενὶ
2727 4602 2835 4655 τῶν
2879 4594 2936 4655 ἓν
2975 4602 3052 4673 τῷ
3085 4603 3294 4673 σώματι
3324 4603 3649 4673 γινομένων,

391 4670 529 4724 ΙΙυηι
560 4672 613 4725 in
647 4687 898 4743 corpore,
926 4674 1052 4730 licet
1078 4687 1340 4746 perpetuo
1363 4679 1640 4748 voluptate
1666 4679 1831 4745 allici,
1865 4681 1960 4735 sed

390 4761 613 4817 bibendi
645 4766 895 4833 voluptas
919 4768 1084 4822 simul
1113 4768 1318 4823 desinit
1347 4785 1472 4822 cum
1501 4770 1773 4832 satietate.
1818 4779 1872 4825 et
1907 4771 1961 4824 in

391 4853 729 4909 comedenda
752 4856 1001 4912 similiter
1022 4860 1289 4914 saturatio
1315 4860 1615 4924 exstinguit
1640 4863 1961 4929 appetitum,

388 4954 444 4997 et
496 4944 541 5001 si
579 4946 724 5015 quod
754 4954 838 5002 est
890 4949 1037 5003 aliud
1072 4948 1427 5014 desiderium,
1478 4951 1528 5005 id
1577 4952 1766 5006 eodem
1801 4954 1965 5009 modo

389 5033 664 5092 ﬂaccescit
699 5051 796 5106 per
820 5024 1292 5108 participationem
1332 5042 1454 5109 ejus
1492 5040 1637 5111 quod
1666 5039 1771 5096 fuit
1818 5042 2007 5113 ἀρεῖ-,ι

388 5130 665 5193 deratutn,
713 5136 770 5186 et
802 5131 848 5185 si
890 5145 1084 5186 rursus
1114 5132 1411 5196 exstiterit,
1446 5148 1640 5189 rursus
1668 5132 1963 5189 ﬂaccescit.

386 5218 532 5277 Nihil
564 5228 747 5278 autem
777 5222 945 5278 durat
994 5225 1051 5278 in
1095 5233 1415 5295 perpetuum
1463 5240 1531 5280 ex
1572 5225 1639 5279 iis
1669 5239 1791 5293 qua:
1836 5233 1968 5281 sunt

386 5313 629 5383 iucunda
658 5317 868 5393 sensui,
902 5332 1079 5387 neque
1107 5318 1364 5373 similiter
1392 5323 1447 5372 et
1488 5316 1682 5371 eodem
1715 5316 1878 5372 modo
1906 5331 1967 5372 se

391 5405 678 5463 babet.llis
692 5409 1061 5479 acceditquod
1073 5408 1313 5465 aliudest
1325 5409 1528 5463 bonum
1548 5406 1966 5470 infantiae,aliud

391 5494 802 5573 adolescentiae,
838 5500 986 5555 aliud
1018 5500 1068 5555 ei
1100 5500 1195 5573 qui
1242 5505 1330 5555 est
1366 5498 1544 5554 aetatis
1584 5497 1964 5566 provectioris,

396 5587 536 5642 aliud
558 5589 609 5643 ei
636 5591 729 5660 qui
745 5591 934 5648 liorem
950 5593 1127 5648 aetatis
1143 5593 1343 5663 exegit,
1368 5598 1423 5646 et
1438 5590 1588 5645 aliud
1604 5589 1723 5646 seni
1746 5605 1965 5657 rursus,

391 5677 604 5746 quijam
615 5690 700 5734 est
708 5683 1021 5754 decrepitus
1035 5693 1090 5740 et
1101 5685 1261 5754 plane
1269 5680 1750 5754 silicernium.Ego
1764 5692 1964 5748 autem,

395 5767 591 5839 inquit,
632 5774 938 5841 quaerebam
977 5776 1181 5831 bonum
1228 5772 1387 5841 illud,
1425 5772 1572 5844 quod
1601 5782 1787 5830 estex
1813 5790 1967 5845 aequo

394 5858 596 5917 bonum
618 5866 766 5920 omni
795 5868 941 5922 :etati
964 5875 1018 5925 et
1046 5868 1195 5925 omni
1224 5868 1455 5937 tempori
1481 5866 1634 5935 vitae;
1665 5865 1826 5937 cujus
1858 5883 1965 5924 non

2069 4683 2310 4755 διαρκῶς
2344 4680 2576 4756 ἡσθῆναι
2603 4704 2617 4717 ’
2654 4688 2769 4740 ἀλλ’
2800 4689 2833 4758 ἡ
2861 4686 2955 4740 τοῦ
2984 4687 3160 4741 πίνειν
3197 4684 3377 4759 ἡδονὴ,
3411 4705 3652 4742 συναποο

2068 4776 2221 4847 λήγει
2288 4777 2360 4847 τῷ
2409 4776 2583 4848 κόρῳι
2621 4780 2716 4832 καὶ
2751 4780 2843 4832 ἐπὶ
2889 4774 2984 4833 τοῦ
3033 4773 3234 4834 ἐσθίειν
3267 4780 3568 4847 ὡσαύτως,
3618 4784 3651 4853 ἡ

2070 4866 2353 4942 πλησμονὴ
2386 4868 2484 4939 τὴν
2520 4870 2699 4941 ὄρεξιν
2733 4870 2948 4935 ἔσϐεσε,
2977 4871 3072 4925 καὶ
3110 4871 3164 4924 εί
3191 4890 3275 4935 τις
3303 4872 3433 4944 άλλη
3463 4872 3653 4927 ἐπιθυ-

2075 4961 2192 5031 μία,
2237 4961 2377 5013 κατά
2406 4959 2495 5013 τὸν
2528 4963 2692 5014 αὐτὸν
2719 4963 2921 5033 τρόπον
2952 4965 3017 5033 τῇ
3048 4962 3139 5015 τοῦ
3171 4962 3510 5035 ὲπιθυμητοῦ
3555 4981 3654 5036 με·

2070 5052 2258 5124 τουσίᾳ
2292 5054 2684 5125 κατεμαράνθη
2707 5097 2720 5118 ,
2759 5054 2865 5109 κᾶν
2896 5056 3058 5109 πάλιν
3081 5055 3323 5123 γένηται,
3352 5056 3513 5110 πάλιν
3548 5038 3650 5127 μα-

2074 5144 2335 5215 ραίνεται.
2374 5146 2600 5216 Διαρκεῖ
2644 5144 2700 5198 δὲ
2742 5145 2895 5199 οὐδὲν
2922 5144 3002 5208 είς
3032 5145 3118 5197 ἀεὶ
3164 5144 3270 5199 τῶν
3299 5147 3365 5216 τῇ
3398 5146 3654 5218 αἰσθήσει

2070 5238 2334 5311 τερπνῶν,
2364 5238 2483 5292 οὐδὲ
2514 5239 2777 5303 ὡσαύτως
2805 5238 2939 5311 ἔχει.
2980 5240 3090 5292 Καὶ
3125 5238 3204 5292 ἔτι
3239 5238 3376 5307 πρὸς
3413 5240 3652 5303 τούτοις,

2072 5329 2197 5385 ἄλλο
2221 5329 2285 5402 τῇ
2317 5331 2601 5401 νηπιότητι
2635 5328 2852 5398 ἀγαθὸν,
2884 5332 2976 5384 καὶ
2997 5330 3082 5384 ’ἐτε
3093 5348 3183 5400 ρον
3212 5333 3276 5401 τῇ
3304 5329 3404 5400 τῆς
3434 5329 3655 5401 ἡλικίας

2071 5422 2256 5491 ἀκμῇ,
2293 5423 2387 5475 καὶ
2426 5421 2555 5477 ἄλλο
2591 5421 2667 5492 τῷ
2716 5423 3177 5494 παρακμάσαντι,
3228 5424 3323 5476 καὶ
3354 5422 3545 5494 ἕτερον
3592 5423 3656 5476 τὸ

2073 5514 2203 5584 παρ’
2234 5511 2469 5584 ἡλικίαν,
2500 5515 2594 5569 καὶ
2621 5513 2696 5584 τῷ
2726 5514 2939 5587 γέροντι
2966 5514 3126 5569 πάλιν
3155 5514 3302 5577 ἄλλο,
3326 5513 3404 5586 τῷ
3435 5517 3516 5578 είς
3550 5516 3654 5587 γῆν

2072 5603 2172 5674 ἤδη
2204 5604 2399 5675 ῥέοντι.
2440 5604 2584 5674 Ἐγὼ
2612 5605 2668 5658 δὲ
2690 5645 2704 5669 ,
2743 5606 2927 5675 φησὶν,
2962 5604 3188 5675 ἐζήτουν
3215 5602 3392 5658 ἐκεῖνο
3423 5604 3485 5658 τὸ
3518 5607 3655 5670 ἀγα-

2074 5694 2164 5747 θὸν
2185 5735 2198 5758 ,
2243 5693 2271 5747 δ
2301 5695 2448 5766 πάσῃ
2483 5696 2669 5768 ἡλικίᾳ
2718 5698 2813 5750 καὶ⁵
2848 5698 3008 5751 παντὶ
3042 5696 3120 5767 τῷ
3153 5696 3324 5767 χρόνῳ
3365 5696 3464 5766 τῆς
3507 5693 3654 5762 ζωῆς

2073 5784 2268 5852 ἐπίσης
2298 5782 2502 5852 ἀγαθόν
2541 5787 2727 5863 ἐστιν,⁸
2759 5779 2819 5840 οὗ
2874 5786 3035 5858 κόρος
3065 5786 3164 5839 οὐκ
3198 5784 3511 5849 ἐλπίζεται,
3559 5782 3656 5836 καὶ

2077 5869 2365 5944 πλησμονὴ
2390 5874 2487 5945 οὐχ
2524 5874 2864 5947 εὑρίσκεται-
2901 5876 3036 5930 ἀλλὰ
3061 5872 3556 5947 συμπαρατείνεται
3583 5873 3655 5943 τῇ
