3844 6374
184 443 289 508 ϐω

1257 435 1325 492 ΙΝ
1364 432 1902 493 ECCLESIASTEN.
1943 431 2226 490 HOMILIA
2268 429 2354 484 Ill.

3337 431 3392 486 οε
3397 433 3443 483 ’0

188 560 438 635 μετουσίᾳ
464 562 500 633 ὴ
538 560 737 633 ὄρεξις,
781 543 878 615 καλ⁹
918 557 1257 630 συνικμάζει
1301 562 1367 631 τῇ
1400 557 1695 613 ἀπολαύσει
1727 558 1756 609 ὁ

1868 562 2112 624 speratur
2134 549 2383 610 satietas,
2415 556 2469 602 et
2493 560 2600 601 non
2632 547 2911 603 invenitur
2940 548 3314 603 exsaturatio:
3346 548 3443 604 sed

188 654 361 720 πόθος.
386 652 480 707 καὶ
512 656 578 725 τῇ
604 652 700 706 τοῦ
733 651 1074 723 ἐπιθυμητοῦ
1102 649 1292 723 ἡλικίᾳ
1324 650 1385 704 ού
1417 647 1763 721 περιγράφε-

186 761 287 800 ται.
345 744 483 798 Ἀλλ’
513 745 624 816 ὅσῳ
660 744 862 815 μᾶλλον
887 744 1130 816 ἐντρυφᾷ
1156 743 1234 814 τῷ
1267 741 1459 813 ἀγαθῷ
1476 780 1492 804 ,
1521 739 1763 810 τοσούτῳ

1866 645 2030 700 simul
2072 657 2198 698 cum
2230 638 2646 712 participatione
2696 637 3013 694 extenditur
3039 639 3338 709 appetitus,
3388 646 3446 689 et

1863 733 2029 791 simul
2057 746 2185 786 cum
2218 729 2497 799 voluptate
2527 743 2636 799 qua
2670 728 2876 795 finitur,
2907 729 3052 799 viget
3084 728 3441 786 desiderium.

189 834 339 891 πλέον
392 839 427 907 ἡ
458 836 733 907 ἐπιθυμία
778 838 847 908 τῇ
891 837 1071 908 τρυφῇ
1114 833 1538 896 συνεκτείνεται,
1584 831 1681 886 καὶ
1727 831 1761 902 ἡ

1868 832 1918 880 et
1967 823 2089 894 ejus
2138 820 2231 891 qui
2278 817 2552 874 desiderat
2592 826 2751 874 aetate
2786 833 2895 873 non
2944 818 3441 874 circumscribitur.

186 926 357 999 τρυφὴ
382 928 450 998 τῇ
482 924 752 998 ἐπιθυμίᾳ
786 925 1188 990 συνεκκαίεται,
1218 924 1312 978 καὶ
1340 920 1481 976 κατά
1514 921 1623 973 πᾶν
1647 918 1764 972 διά-

189 1039 366 1093 στημα
390 1021 494 1093 τῆς
518 1021 664 1093 ζωῆς
690 1023 778 1076 ἀεὶ
799 1021 964 1076 καλὸν
1006 1023 1119 1085 τοῖς
1144 1018 1389 1092 μετιοῦσι
1405 1018 1637 1087 γίνεται,
1673 1016 1761 1070 of).

183 1113 268 1169 δὲν
297 1113 377 1186 τῷ
394 1114 624 1188 ,ἀστάτῳ
654 1113 763 1167 τῶν
797 1112 1023 1184 ἡλικιῶν
1049 1130 1109 1166 τε
1149 1112 1244 1166 καὶ
1271 1110 1383 1164 τῶν
1405 1110 1616 1181 χρόνων
1643 1124 1764 1162 συν-

186 1202 603 1278 αλλοιούμξνονί
634 1202 663 1256 δ
685 1204 790 1256 -καὶ
850 1203 1038 1273 μύοντι
1074 1201 1170 1256 καὶ
1222 1200 1579 1255 ἀναϐλέποντι
1613 1238 1628 1262 ,
1673 1197 1764 1251 εύ-

186 1295 477 1367 ημεροῦντί
499 1313 560 1349 τε
590 1294 1057 1366 καὶ-λυπουμένῳ,
1086 1291 1464 1364 νυκτερεύοντι
1497 1293 1593 1346 καὶ
1625 1292 1764 1363 ἡμε-

184 1390 421 1461 ρεύοντι,
473 1390 567 1444 κα)⁵
599 1389 766 1442 πᾶσιν
810 1386 1148 1452 ἁπαξαπλῶς
1188 1387 1303 1449 τοῖς
1343 1383 1483 1440 κατά
1529 1382 1621 1438 τὸν
1650 1382 1764 1454 βίον

187 1482 384 1552 ἀγαθόν
424 1484 605 1536 ἐστιν’
660 1479 765 1534 ὑπὸ
802 1479 913 1532 τῶν
966 1478 1372 1548 πριστατικῶς
1400 1493 1507 1530 τινι
1556 1492 1762 1546 συμπι-

186 1573 447 1638 πτόντων,
481 1569 608 1625 οὔτε
635 1588 689 1624 τι
719 1572 922 1641 χεῖρον,
949 1568 1075 1623 οὔτε
1103 1586 1156 1622 τι
1178 1568 1425 1639 κρεῖττον
1447 1565 1762 1636 γενόμενον,

181 1662 303 1720 οὔτε
359 1662 772 1733 ἐλαττούμενον,
800 1660 924 1714 οὔτε
970 1659 1356 1730 αὐξανόμενον.
1403 1655 1574 1711 Τοῦτό
1608 1657 1761 1720 ἐστι,

188 1746 322 1812 κατά
351 1774 417 1826 γε
456 1756 548 1809 τὸν
592 1755 726 1826 ἐμὸν
773 1754 951 1823 λόγον,
981 1753 1043 1806 τὸ
1079 1752 1248 1815 ὅντως
1278 1750 1339 1804 ὂν
1370 1748 1595 1818 ἀγαθὸν,
1628 1748 1764 1818 ὅπερ

202 1848 324 1902 ἰδεῖν
371 1851 400 1902 ὁ
426 1845 679 1917 Σολομὼν
725 1845 930 1915 ἐζήτει,
959 1843 987 1897 ὃ
1013 1841 1231 1896 ἐποίουν
1256 1843 1303 1895 οἱ
1335 1840 1620 1912 ἄνθρωποι
1659 1836 1766 1890 ὑπὸ

1866 916 1975 971 Sed
2021 929 2133 985 quo
2170 912 2382 984 majore
2432 911 2711 981 voluptate
2764 910 3070 981 percipitur
3114 910 3340 975 bonum,
3379 926 3447 966 eo

1865 1007 2038 1077 magis
2066 1004 2399 1061 desiderium
2429 1002 2593 1057 simul
2628 1002 2943 1058 extenditur
2972 1018 3095 1056 cum
3127 1002 3363 1067 deliciis,
3392 1010 3448 1057 et

1864 1112 1989 1151 cum
2031 1096 2310 1153 desiderio
2347 1093 2513 1150 simul
2550 1095 2929 1150 accenduntur
2961 1095 3193 1157 delicim,
3247 1102 3300 1150 et
3331 1103 3447 1149 toto

1864 1190 1988 1244 vita:
2011 1197 2259 1258 tempore
2282 1202 2497 1258 semper
2533 1195 2617 1241 est
2651 1186 2854 1242 bonum
2885 1187 2952 1242 iis
2985 1187 3078 1258 qui
3109 1187 3286 1256 ipsum
3316 1202 3446 1258 per-

1865 1289 2191 1350 sequuntur,
2221 1280 2447 1334 minime
2472 1286 2745 1333 mutatum
2774 1295 2899 1334 cum
2929 1280 3289 1335 instabilitate
3317 1288 3450 1332 aua—

1865 1381 1981 1426 tnm
2013 1380 2069 1427 et
2091 1383 2424 1441 temporum,
2457 1371 2603 1439 quod
2625 1370 2828 1427 bonum
2867 1381 2952 1428 est
2977 1380 3032 1428 et
3054 1372 3367 1426 conniventi
3395 1381 3450 1424 et

1866 1464 2175 1535 aspicienti,
2217 1463 2377 1533 eique
2409 1463 2498 1517 cui
2544 1477 2634 1518 res
2687 1470 2818 1518 sunt
2852 1463 3125 1526 secundae,
3173 1472 3229 1517 et
3273 1461 3323 1515 ei
3359 1461 3449 1514 cui

1866 1556 2129 1621 adversae,
2178 1555 2340 1625 eique
2386 1553 2480 1625 qui
2521 1565 2826 1624 pernoctat,
2868 1565 2923 1611 ct
2967 1555 3015 1611 ei
3064 1553 3158 1626 qui
3209 1549 3450 1609 interdiu

1866 1648 1999 1719 agit,
2032 1649 2394 1709 et'omnibus.
2438 1660 2501 1703 ut
2531 1649 2699 1708 semel
2731 1648 2930 1712 dicam,
2967 1650 3060 1719 qui
3101 1655 3229 1703 sunt
3262 1647 3315 1701 in
3350 1648 3452 1701 hac.

1867 1740 1999 1794 vita.
2029 1738 2218 1811 Neque
2252 1743 2321 1797 ab
2352 1744 2465 1801 ullo
2487 1758 2554 1799 ex
2580 1742 2648 1796 iis
2679 1755 2801 1811 quae
2835 1755 2959 1795 cum
2998 1738 3182 1812 aliqua
3226 1738 3451 1792 calami-

1867 1841 1978 1887 tate
2010 1833 2290 1898 accidunt,
2327 1835 2572 1891 deterius
2611 1834 2669 1889 fit
2700 1840 2795 1887 aut
2822 1832 3042 1893 melius,
3072 1847 3250 1901 neque
3280 1844 3451 1899 auge-

180 1940 269 1994 τὺν
307 1940 463 2011 ἥλιον
495 1903 638 1993 κατά
666 1903 843 1993 πάἆτὲι
866 1903 960 1990 τόν
983 1935 1214 2007 ἀριθμὸν
1249 1934 1352 2004 τῆς
1372 1903 1521 2002 ζωῆς
1543 1930 1725 1987 αὐτῶν
1743 1947 1759 1961 ·

1868 1929 1957 1977 tur
1983 1939 2084 1979 nec
2115 1925 2402 1981 minuitur.
2440 1925 2551 1982 Hoc
2577 1934 2681 1990 est,
2707 1931 2769 1979 ut
2794 1938 2915 1978 mea
2946 1923 3169 1993 quidem
3199 1926 3302 1977 fert
3329 1922 3449 2001 opif

180 2031 312 2102 ὅπερ
340 2029 496 2083 οὐδὲν
524 2029 712 2101 ἓτερον
738 2022 879 2080 εἷναί
917 2044 1006 2097 μοι
1045 2025 1298 2095 φαίνεται
1320 2065 1335 2089 ,
1372 2025 1406 2095 ἣ
1434 2024 1496 2077 τὸ
1536 2024 1641 2094 τῆς
1672 2024 1764 2076 πί-

181 2135 350 2182 στεως
380 2118 562 2189 ἔργον,
588 2112 657 2188 ἦς
683 2117 717 2188 ἡ
743 2117 1016 2187 ἐνέργεια,
1039 2115 1191 2186 κοινή
1216 2131 1276 2168 τε
1291 2113 1464 2167 πᾶσίν
1498 2113 1666 2176 ἐστιν,
1695 2112 1758 2165 ἐκ

186 2205 271 2259 τοῦ
298 2207 568 2277 ὀμοτίμου
606 2207 719 2269 τοῖς
754 2204 969 2258 θέλουσι
1008 2203 1346 2275 προκειμένη
1377 2203 1474 2256 καὶ
1505 2199 1764 2255 παντοδύ-

181 2315 371 2369 ναμος,
396 2299 491 2352 καὶ
519 2296 758 2369 διαρκῶς
781 2299 847 2368 τῇ
873 2295 985 2367 ζωῇ
1013 2294 1423 2367 παραμένουσα.
1448 2291 1620 2347 Τοῦτό
1644 2295 1760 2345 ἐστι

183 2389 243 2442 τδ
286 2388 493 2459 ἀγαθὸν
526 2387 708 2460 ἔργον,
737 2386 766 2441 ὃ
808 2387 903 2441 καὶ
945 2387 1003 2439 ἐν
1037 2387 1168 2456 ἡμῖν
1198 2384 1427 2454 γένοιτο,
1458 2386 1517 2437 ἐν
1541 2382 1765 2455 Χριστῷ

196 2478 375 2551 Ἰησοῦ
408 2478 487 2551 τῷ
531 2478 720 2550 Κυρίῳ
750 2475 930 2548 ἡμῶν,
970 2468 1016 2544 ᾧ
1049 2477 1084 2548 ή
1115 2474 1244 2542 δόξα
1274 2476 1354 2539 εἰς
1393 2474 1521 2538 τοὺς
1561 2472 1765 2537 αἰῶνας

173 2567 276 2619 τὼν
307 2568 545 2623 αἰώνων.
592 2568 787 2640 ’Δμήν.
1532 2566 1548 2576 ’

1869 2016 1981 2081 ιιίο,
2012 2017 2159 2087 quod
2186 2032 2313 2073 vere
2345 2025 2429 2073 est
2466 2018 2695 2078 bonum.
2736 2015 2882 2087 quod
2908 2015 3128 2085 quidem
3168 2013 3448 2085 qurerehat

1868 2104 2055 2160 videre
2079 2105 2362 2170 Solomon,
2401 2106 2548 2177 quod
2590 2105 2866 2160 faciebant
2896 2104 3145 2159 homines
3174 2105 3279 2158 sub
3309 2103 3445 2162 sole.

1863 2198 2022 2266 juxta
2069 2211 2288 2253 onmem
2314 2212 2610 2253 numerum
2648 2198 2773 2252 vitae
2823 2210 2973 2251 sum:
3032 2194 3176 2266 quod
3226 2193 3444 2265 quidem

1868 2288 2088 2343 videtur
2116 2288 2249 2343 mihi
2273 2289 2410 2343 nihil
2438 2304 2560 2345 esse
2591 2288 2738 2343 aliud
2762 2303 2925 2360 quam
2948 2303 3085 2359 opus
3111 2287 3254 2351 fidei,
3291 2288 3450 2356 cujus

1870 2377 2117 2447 operatio
2141 2388 2226 2434 est
2248 2386 2302 2434 et
2322 2379 2633 2434 communis
2662 2380 2940 2443 omnibus,
2973 2394 3038 2434 ex
3066 2394 3224 2448 aequo
3253 2395 3450 2450 propo-

1870 2469 1977 2525 sita
2009 2469 2341 2535 volentibus,
2387 2479 2443 2527 et
2480 2472 2852 2543 omnipotens,
2908 2484 2962 2529 et
2998 2472 3054 2527 in
3085 2473 3195 2527 vita
3246 2472 3452 2543 jugiu-r

1858 2563 2354 2638 permanens.-Hoc
2381 2570 2467 2619 est
2507 2564 2710 2619 bonum
2739 2564 2874 2621 illud
2895 2580 3056 2636 opus,
3097 2566 3244 2638 quod
3283 2565 3450 2620 etiam

170 2661 261 2717 fiat
297 2662 354 2717 in
409 2660 593 2725 nobis,
633 2663 690 2717 in
721 2660 946 2718 Christo
976 2658 1107 2717 Jesu
1152 2658 1389 2717 Domino
1417 2670 1634 2725 nostro,
1664 2658 1757 2716 cui
1784 2660 1960 2727 gloria
1996 2660 2049 2715 in
2077 2658 2654 2718 sarcula‘saeculorum.
2683 2657 2881 2714 Amen.

783 2747 1028 2801 UMIAM
1079 2746 1152 2800 I".

240 2845 307 2899 Τί
337 2844 483 2917 μετά
503 2842 661 2897 τοῦτο
683 2843 831 2914 ἡμᾶς
849 2843 882 2913 ή
903 2839 1335 2911 ἐκκλησιαστικὴ
1362 2839 1562 2905 διδάξει
1582 2840 1757 2909 φωνὴ,

174 2933 365 3005 καιρὸς
425 2932 495 2986 ἂν
560 2932 645 3003 εἴη
696 2929 1165 3001 διερευνήσασθαι.
1230 2930 1647 3002 Μεμαθήκαμεν
1702 2931 1760 2983 ἐν

2435 2747 2726 2804 HOMlLlA
2784 2748 2874 2819 Ill.

1935 2836 2209 2906 Quidnam
2253 2851 2443 2910 postea
2486 2840 2559 2897 sit
2597 2854 2698 2895 nos
2740 2840 3001 2896 edoctura
3042 2855 3148 2895 vox
3185 2838 3446 2895 ecclesia-

1867 2932 2027 2998 stica,
2058 2943 2272 3004 tempus
2305 2940 2391 2988 est
2430 2932 2790 3004 perscrutari.
2822 2930 3124 2988 Didicimus
3156 2931 3209 2986 in
3252 2933 3448 3003 primis

174 3023 416 3094 πρώτοις
450 3021 488 3077 ἃ
518 3022 942 3095 μεμαθήκαμεν,
979 3020 1061 3073 ὅτι
1093 3021 1122 3074 ό
1166 3021 1346 3074 πᾶσαν
1384 3019 1761 3090 ἐκκλησιάζων

1868 3036 1927 3078 ea
1952 3037 2074 3093 quae
2098 3023 2412 3088 didicimus,
2441 3022 2588 3095 quod
2621 3025 2714 3094 qui
2744 3038 2961 3081 omnem
2989 3032 3284 3095 congregat
3304 3040 3448 3079 crea-

178 3116 271 3187 τὴν
303 3116 488 3170 κτίσιν
510 3155 526 3182 ,
562 3114 656 3169 καὶ
700 3112 769 3166 τά
804 3111 1122 3167 ἀπολωλότα
1159 3109 1358 3182 ζητῶν,
1405 3112 1499 3165 καὶ
1542 3110 1611 3165 τά
1664 3127 1763 3164 πε-

177 3207 502 3279 πλανημένα
536 3203 906 3276 συναθροίζων
946 3205 1026 3265 εἰς
1054 3203 1134 3267 ἐν,
1175 3198 1328 3267 οὗτος
1370 3201 1762 3256 ἐπισκέπτεται

175 3294 261 3347 τὸν
290 3295 540 3363 ἐπίγειον
572 3292 706 3363 βίον.
751 3292 1021 3359 Ἐπίγειον
1049 3292 1159 3362 γάρ
1180 3294 1297 3346 ἐστι
1325 3282 1759 3363 τδὺπουράνιον,

173 3384 310 3457 ὅπερ
337 3389 368 3440 ὁ
398 3387 558 3453 λόγος
586 3383 648 3437 τὸ
675 3384 779 3439 ὑπὸ
810 3384 903 3437 τὸν
931 3384 1161 3456 οὐρανὸν
1188 3383 1444 3455 ὀνομάζει
1463 3423 1479 3447 ,
1512 3385 1571 3437 ἐν
1594 3376 1638 3451 ᾧ
1664 3401 1764 3436 κα-

173 3479 442 3548 τακρατεῖ
473 3478 506 3546 ή
547 3476 731 3546 ἀπάτη
783 3475 877 3529 καὶ
928 3476 990 3529 τὸ
1028 3473 1401 3546 ἀνύπαρκτον.
1467 3476 1554 3528 Ἐν
1597 3475 1653 3528 δὲ
1694 3477 1760 3546 τῇ

170 3567 402 3640 δευτέρᾳ
432 3566 836 3638 μεμαθήκαμεν
870 3566 1131 3639 ἐξηγήσει
1158 3568 1221 3622 τὸ
1248 3569 1315 3622 ἐκ
1342 3568 1636 3640 προσώπου
1668 3567 1763 3621 τοῦ

170 3661 527 3731 Σολομῶντος
551 3660 809 3729 γενέσθαι
825 3659 924 3731 τὴν
948 3659 1284 3732 κατηγορίαν
1308 3660 1410 3730 τῆς
1437 3660 1764 3714 ἀπολαυστι-

171 3751 275 3821 κῆς
300 3765 366 3805 τε
404 3752 503 3805 καὶ
530 3750 814 3821 ἐμπαθοῦς
841 3750 1155 3815 διαθέσεως,
1186 3750 1263 3814 ὡς
1292 3749 1359 3805 ἂν
1388 3752 1520 3821 ήμῐν
1550 3749 1765 3814 ἀξιόπι-

174 3859 296 3905 στος
335 3842 617 3913 γένοιτοῆ
665 3841 775 3895 τῶν
826 3842 1085 3895 τοιούτων
1131 3839 1422 3910 ἀθέτησις,
1475 3840 1570 3894 τοῦ
1619 3841 1764 3894 κατά

172 3937 354 3988 πᾶσαν
394 3934 648 4000 ἐξουσίαν
678 3933 741 3987 τὸ
777 3933 914 4005 πρὸς
943 3932 1136 4005 ἡδονὴν
1167 3934 1249 3996 εἰς
1284 3933 1584 3986 ἀπόλαυσιν
1613 3932 1765 4002 ἕχον-

168 4045 283 4092 τος,
326 4031 429 4083 καὶ
477 4028 658 4082 πάντα
695 4026 765 4081 τὰ
801 4025 1061 4081 δοκοῦντα
1100 4025 1250 4098 παρὰ
1299 4028 1412 4090 τοῖς
1454 4025 1766 4097 ἀνθρώποις

172 4119 581 4185 σπουδάζεσθαι
634 4120 752 4174 ἀντ’
797 4118 1012 4183 οὐδενὸς
1051 4118 1419 4181 διαπτύοντος.
1477 4118 1543 4171 Τί
1583 4118 1765 4171 τοίνυν

167 4214 312 4265 κατά
344 4212 410 4265 τὸ
441 4209 736 4264 ἀκόλουθον
766 4210 859 4263 ἐπὶ⁸
888 4209 983 4262 τοῦ
1013 4209 1281 4280 παρόντος
1314 4210 1379 4261 ἐκ
1406 4207 1590 4281 τρίτου
1626 4224 1764 4276 μαν-

168 4302 445 4374 θάνομεν;
486 4302 516 4355 ὃ
553 4301 770 4355 πάντων
802 4300 1039 4371 μάλιστα
1066 4295 1221 4371 οἶμαι
1254 4298 1586 4370 κατάλληλον
1622 4294 1764 4353 εἶναι

1868 3122 2069 3178 turam,
2116 3121 2171 3170 et
2226 3116 2423 3184 quaerit
2475 3128 2540 3169 ea
2589 3129 2710 3185 quae
2742 3114 3043 3185 perierant,
3077 3122 3129 3169 et
3182 3114 3236 3168 in
3276 3131 3444 3169 unum

1866 3206 2012 3276 cogit
2034 3220 2095 3261 ea
2123 3221 2245 3277 qua:
2275 3207 2684 3271 aberraverant,
2717 3206 2763 3262 is
2792 3206 3107 3262 considerat
3131 3206 3295 3261 vitam
3325 3222 3447 3278 quae

1866 3305 1951 3350 est
1982 3311 2148 3366 super
2191 3304 2413 3351 terram.
2448 3294 2730 3353 Terrestre
2764 3299 2909 3352 enim
2941 3306 3027 3353 est
3080 3299 3131 3353 id
3168 3298 3313 3369 quod
3361 3308 3448 3354 est

1867 3386 2057 3442 subter
2076 3386 2267 3455 caelos,
2302 3388 2449 3459 quod
2477 3388 2699 3459 quidem
2733 3388 2821 3443 hic
2853 3389 2994 3443 liber
3030 3399 3189 3445 vocat
3217 3391 3268 3446 id
3302 3392 3448 3462 quod

1866 3484 1951 3533 est
1980 3477 2085 3532 sub
2107 3477 2269 3541 coelo,
2298 3478 2352 3532 in
2377 3493 2487 3549 quo
2508 3479 2824 3534 dominatur
2846 3480 3115 3550 deceptio,
3144 3490 3199 3538 et
3222 3482 3273 3539 id
3301 3484 3446 3554 quod

1864 3581 1977 3622 non
1998 3576 2179 3639 potest
2198 3571 2521 3626 consistere.
2554 3572 2608 3625 In
2632 3571 2976 3643 expositione
3000 3582 3180 3629 autem
3208 3575 3448 3630 secunda

1866 3658 2184 3727 didicimus,
2212 3676 2279 3716 ex
2306 3676 2545 3731 persona
2570 3662 2903 3732 Solomonis,
2933 3676 3250 3720 accusatum
3278 3665 3450 3725 fuisse

1866 3750 1992 3805 vitae
2048 3751 2384 3819 institutum,
2434 3752 2579 3823 quod
2638 3768 2697 3809 se
2746 3753 2894 3809 dedit
2945 3755 3338 3828 voluptatibus,
3393 3764 3450 3810 et

1865 3840 2034 3895 animi
2077 3841 2608 3911 perturbationibus,
2664 3850 2725 3898 ut
2768 3860 2865 3902 eas
2904 3860 3029 3901 esse
3073 3845 3449 3915 aspernandos

1869 3929 2088 3988 facilius
2139 3932 2298 3988 nobis
2347 3934 2826 4004 persuaderemus,
2882 3935 3029 4007 quod
3077 3937 3173 4007 qui
3230 3936 3447 3992 frUendi

1865 4022 2240 4094 voluptatibus
2257 4039 2527 4081 summam
2551 4025 2804 4082 habuerit
2820 4035 3169 4099 potestatem,
3188 4041 3445 4102 tanquam

1867 4114 2025 4170 nihili
2054 4120 2325 4187 respuerit
2353 4118 2537 4173 omnia
2568 4134 2690 4190 qua!
2719 4121 3029 4177 vehementi
3060 4123 3245 4179 studio
3274 4123 3450 4179 homi-

1867 4221 1968 4262 nes
1999 4215 2423 4279 persequuntur.
2455 4209 2596 4275 Quid
2622 4225 2752 4281 ergo
2782 4210 3044 4281 deinceps
3072 4211 3125 4267 in
3156 4213 3447 4283 praesentia

1869 4298 2032 4354 tertio
2079 4300 2201 4354 loco
2238 4301 2543 4357 discimus?
2578 4300 2634 4355 Id
2668 4301 2815 4372 quod
2871 4304 3108 4358 maxime
3156 4305 3451 4362 convenire

165 4395 280 4457 τοῖς
315 4390 749 4461 ἐκκλησιάζουσι
793 4388 1056 4460 μάθημα,
1083 4389 1229 4458 λέγω
1271 4389 1330 4443 δὲ
1360 4390 1462 4461 τὴν
1490 4389 1619 4461 περὶ
1655 4387 1762 4442 τῶν

1869 4391 2107 4445 arbitror
2139 4390 2465 4447 utdiscatur
2495 4392 2563 4445 ab
2596 4392 2661 4447 iis
2694 4393 2786 4463 qui
2814 4395 3147 4451 conveniunt
3179 4396 3232 4450 in
3262 4382 3450 4453 Eccle-

170 4483 249 4553 μὴ
275 4482 430 4536 κατά
460 4481 617 4549 λόγον
645 4480 1029 4552 γεγενημένων
1064 4479 1451 4551 ἐξομολόγησιν
1472 4521 1488 4548 ,
1515 4481 1550 4550 ἢ
1578 4481 1640 4534 τὸ
1667 4479 1765 4550 τῆς

164 4576 447 4646 αἰσχύνης
490 4576 713 4645 ἐμποιεῖ
738 4575 802 4645 τῇ
846 4573 994 4645 ψυχῇ
1034 4573 1226 4638 πάθος,
1260 4573 1349 4629 διὰ
1374 4574 1476 4644 τῆς
1501 4573 1611 4626 τῶν
1641 4573 1767 4627 ἀτό⁴

167 4684 287 4723 πων
317 4665 757 4737 ἐξαγορεύσεως.
795 4664 981 4718 Ἔοικε
1011 4665 1119 4735 γὰρ
1160 4664 1302 4736 μέγα
1326 4681 1378 4720 τι
1409 4665 1504 4719 καὶ
1548 4664 1766 4737 ἰσχυρὸν

165 4756 308 4828 πρὸς
350 4757 461 4827 τὴν
492 4756 594 4825 τῆς
638 4754 917 4826 ἁμαρτίας
947 4754 1271 4825 ἀποφυγὴν,
1301 4755 1465 4809 ὅπλον
1512 4751 1686 4818 εἶναι,
1731 4755 1765 4825 ἠ

165 4846 583 4917 ἐναποκειμένη
613 4849 729 4910 τοῖς
757 4844 1066 4917 ἀνθρώποις
1101 4844 1287 4910 αἰδὼς,
1326 4848 1408 4910 εἰς
1443 4846 1574 4900 αὐτὸ
1610 4846 1768 4900 τοῦτο

163 4933 323 5008 οἶμαι
371 4936 536 5008 παρά
572 4935 666 4991 τοῦ
710 4937 847 4992 Θεοῦ
897 4936 1204 4999 ἐντεθεῖσα,
1235 4936 1312 5000 ὡς
1343 4936 1409 4991 ἂν
1448 4939 1584 5008 ήμῖν
1628 4938 1785 4991 ἀπο-ν

166 5028 386 5101 στροφὴ
435 5027 548 5081 τῶν
587 5028 849 5100 χειρόνων
894 5029 929 5099 ή
962 5028 1187 5099 τοιαύτη
1219 5028 1323 5099 τῆς
1348 5028 1525 5099 ψυχῆς
1559 5029 1768 5096 γένοιτο

163 5121 438 5184 διάθεσις.
475 5120 764 5189 Συγγενῶς
794 5120 852 5174 δὲ
880 5119 996 5191 ἔχει
1025 5119 1165 5189 πρὸς
1192 5118 1398 5190 ἄλληλα
1432 5120 1525 5172 καὶ
1549 5120 1767 5184 οἰκείως

163 5211 288 5264 τότε
316 5208 473 5264 κατά
503 5209 603 5278 τὴν
641 5207 775 5263 αἱδὼ
802 5208 900 5263 καὶ
930 5207 993 5261 τὸ
1026 5209 1146 5262 κατ’
1180 5207 1444 5279 αἰσχύνην
1479 5207 1671 5272 πάθος,
1699 5207 1767 5263 δι’

160 5291 238 5355 ὧν
260 5300 608 5372 ἀμφοτέρων
632 5300 666 5370 ἡ
690 5298 938 5370 ἁμαρτία
969 5296 1260 5363 κωλύεται,
1289 5298 1449 5370 εἴπερ
1477 5295 1652 5351 ἐθέλοι
1684 5314 1768 5362 τις

164 5394 308 5465 πρὸς
333 5390 509 5445 τοῦτο
541 5389 853 5462 χρήσασθαι
877 5392 946 5461 τῇ
978 5388 1203 5460 τοιαύτῃ
1239 5388 1343 5460 τῆς
1368 5388 1549 5459 ψυχῆς
1587 5388 1770 5443 διαθέ-

167 5500 269 5538 σει.
310 5481 545 5539 Μᾶλλον
570 5481 681 5552 γὰρ
719 5480 814 5534 τοῦ
849 5480 1017 5551 φόϐου
1058 5480 1320 5545 πολλάκις
1358 5481 1393 5551 ή
1435 5479 1601 5545 αἰδὼς
1634 5481 1769 5553 πρὸς

166 5578 266 5647 τὴν
288 5573 597 5645 ἀποφυγὴν
623 5574 733 5628 τῶν
757 5573 981 5629 ἀτόπων
1007 5571 1477 5642 ἐπαιδαγώγησεψ
1505 5571 1644 5625 ἀλλά
1672 5574 1768 5627 καὶ

168 5669 198 5738 ἡ
230 5668 487 5740 αἰσχύνη
531 5662 971 5720 ἐπακολουθοῦσα
1001 5665 1114 5736 τοῖς
1165 5665 1410 5734 ἐλέγχοις
1450 5662 1543 5717 τοῦ
1579 5663 1761 5735 πλημ-

166 5758 537 5832 μελήματος,
567 5758 724 5826 ἱκανὴ
756 5756 826 5810 δι’
850 5756 1052 5826 ἑαυτῆς
1082 5756 1415 5827 σωφρονίσαι
1453 5756 1545 5808 τὸν
1582 5757 1765 5828 ἀμαρ-

169 5852 414 5909 τάνοντα
448 5848 591 5919 πρὸς
612 5849 674 5902 τὸ
704 5849 781 5921 μή
825 5847 986 5902 πάλιν
1026 5849 1090 5901 ἐν
1113 5851 1224 5910 τοῖς
1267 5847 1474 5916 ὁμοίοις
1492 5846 1763 5912 γενέσθαι.

167 5945 277 5998 Καὶ
318 5944 506 5998 ἔστιν.
545 5939 620 6004 ὡς
657 5938 722 5993 ἄν
751 5957 835 6003 τις
859 5939 970 6011 ὅρῳ
1001 5937 1101 6008 τὴν
1137 5936 1400 6009 διαφορὰν
1431 5936 1608 5990 αὐτῶν
1637 5936 1768 5990 ὑπο·

501 6031 774 6095 Ρ.ιι·ιιοι.
801 6035 918 6096 Gn.
960 6034 1180 6099 XLIV.

1869 4486 1973 4549 sia,
2007 4484 2197 4541 dicens
2220 4485 2622 4541 confessionem
2649 4486 2718 4541 de
2746 4487 2837 4551 iis,
2863 4502 2986 4558 quae
3016 4503 3123 4543 non
3150 4489 3290 4567 facta
3320 4500 3450 4545 sunt

1868 4573 2261 4627 cenvenienter
2282 4573 2502 4634 rationi.
2526 4589 2647 4644 qua:
2676 4574 2961 4645 ingenerat
2977 4577 3173 4631 anima:
3203 4577 3448 4632 affectio-

1868 4676 1993 4717 nem
2041 4663 2288 4732 pudoris,
2335 4678 2430 4732 per
2467 4663 2900 4720 enuntiationem
2944 4680 3132 4723 eorum
3166 4683 3289 4738 qua:
3322 4679 3451 4723 sunt

1870 4753 2132 4808 absurda.
2168 4752 2399 4809 Videtur
2433 4755 2578 4812 enim
2609 4756 2787 4826 pudor
2816 4772 2937 4813 esse
2964 4758 3141 4813 valida
3175 4768 3228 4815 et
3259 4768 3452 4831 potens

1870 4850 2148 4897 armatura
2182 4843 2250 4898 ad
2283 4842 2588 4914 effugienda
2618 4853 2864 4919 peccata,
2914 4848 3092 4918 pudor
3118 4850 3209 4916 qui
3240 4858 3325 4905 est
3366 4851 3451 4904 in-

1870 4935 2013 4995 situs
2044 4936 2099 4989 in
2132 4934 2481 5002 hominibus;
2531 4937 2625 5010 qui
2662 4938 2809 5005 ideo,
2843 4945 2904 4994 ut
2928 4949 3084 5010 puto,
3113 4949 3199 4996 est
3229 4942 3390 5000 nobis
3419 4957 3450 4997 a

1870 5027 1981 5082 Deo
2015 5027 2243 5090 inditus,
2289 5033 2350 5079 ut
2377 5027 2651 5099 ejusmodi
2701 5030 2870 5085 animi
2913 5031 3132 5089 affectio
3164 5033 3237 5087 sit
3289 5033 3452 5086 nobis

1870 5121 2088 5174 aversio
2118 5135 2149 5174 a
2182 5120 2574 5177 deterioribus.
2630 5124 2783 5178 Inter
2824 5139 2885 5179 se
2935 5132 3117 5181 autem
3159 5127 3450 5194 cognatio-

1870 5230 1996 5270 nem
2045 5213 2338 5285 quamdam
2370 5223 2424 5271 et
2456 5217 2895 5278 convenientiam
2927 5218 3132 5274 habent
3178 5219 3359 5289 pudor
3395 5232 3449 5276 et

1871 5305 2090 5361 affectio
2114 5321 2236 5377 quae
2258 5323 2327 5362 ex
2357 5307 2691 5364 verecundia
2726 5309 2993 5374 oboritur,
3027 5324 3124 5380 per
3152 5324 3275 5380 qua:
3300 5319 3453 5365 utra—

1869 5410 1979 5466 que
2011 5395 2333 5464 prohibetur
2380 5406 2687 5468 peecatum,
2724 5399 2769 5453 si
2804 5397 2929 5467 quis
2963 5399 3092 5453 velit
3130 5400 3197 5453 ad
3227 5398 3330 5455 hoc.
3371 5401 3449 5455 uti

1872 5485 1966 5539 tali
1994 5486 2191 5542 animae
2218 5484 2525 5542 affectione.
2563 5485 2748 5541 Pudor
2775 5487 2921 5542 enim
2975 5490 3152 5565 magis
3183 5506 3348 5559 quam
3381 5491 3453 5545 ti-

1871 5581 1993 5635 mor
2027 5590 2173 5646 saepe
2201 5576 2384 5631 erudit
2407 5576 2476 5631 ad
2507 5593 2672 5647 prava
2704 5578 2985 5650 fugienda.
3041 5580 3153 5637 Sed
3177 5589 3232 5637 et
3272 5580 3456 5652 pudor

1870 5680 2110 5734 sequens
2138 5665 2322 5720 delicti
2361 5668 2863 5737 reprehensionem,
2915 5685 3014 5740 per
3045 5685 3105 5726 se
3147 5664 3348 5728 sufficit
3380 5671 3452 5728 ad

1869 5757 2252 5827 castigandum
2284 5772 2408 5812 eum
2443 5759 2535 5829 qui
2575 5769 2788 5829 peccat,
2828 5776 2898 5817 ne
2938 5758 3136 5820 rursus
3169 5765 3222 5821 in
3250 5764 3455 5821 similia

1864 5851 2095 5908 incidat.
2138 5849 2235 5908 Est
2276 5863 2480 5912 autem.
2525 5863 2585 5909 ut
2618 5870 2811 5911 eorum
2861 5856 3225 5912 differentiam
3255 5857 3454 5911 desini-

1865 5943 2014 5997 tione
2036 5942 2313 5998 describat
2339 5942 2635 6013 quiSpiam,
2659 5936 2990 5999 verecundia
3015 5944 3233 6013 quidem
3258 5944 3442 5996 interi-

3036 6041 3110 6102 21
