3844 6380
200 495 299 553 655

1253 489 1320 543 IN
1363 485 1893 545 ECCI.ESI.\STEN.
1935 487 2216 543 "(lMllJA
2255 488 2334 551 Ill.

3333 485 3440 545 (iii-ii

196 605 430 678 Σολομὼν
474 606 531 660 ἐν
582 603 812 668 τούτοις,
863 603 1082 668 πάντως
1119 603 1310 676 ὥσπερ
1353 621 1438 668 τις
1473 602 1582 658 τῶν
1619 599 1755 656 κατὰ

1863 603 2084 658 omnino
2117 615 2175 658 ut
2219 603 2490 674 quispiam
2527 617 2590 658 ex
2641 603 2710 658 iis
2751 603 2846 675 qui
2897 619 3170 676 purpuras
3211 605 3264 660 in
3303 607 3440 661 mari

197 699 450 754 θάλατταν
496 695 970 770 πορφυρευόντων,
1030 694 1220 748 ἑαυτὸν
1268 693 1437 750 ἔδωκε
1486 695 1552 764 τῇ
1583 695 1759 763 τρυφῇ

195 789 504 864 ὑποϐρύχιον
526 805 540 827 ν
587 789 686 842 οὐκ
717 789 802 857 ἐφ’
823 781 929 856 ᾧτε
954 786 1404 858 καταπλησθῆναι
1431 785 1533 857 τῆς
1563 784 1760 839 θαλατ-

193 884 305 946 τίας
339 881 533 952 ἅλμης,
589 880 768 951 ἂλμην
805 879 863 934 δὲ
909 879 1054 948 λέγω
1089 879 1189 949 τὴν
1217 877 1410 948 ἡδονήν
1431 893 1448 910 ·
1492 875 1628 932 ἀλλὰ
1664 875 1759 928 τοῦ

193 972 410 1044 ζητῆσαι
439 971 493 1024 τί
525 973 591 1041 τῇ
623 970 834 1042 διανοίᾳ
866 971 1134 1042 χρήσιμον
1161 972 1219 1022 ὲν
1243 968 1320 1040 τῷ
1345 967 1572 1038 τοιούτῳ
1593 965 1756 1038 βυθῷ.

191 1067 458 1138 Χρήσιμον
482 1064 528 1118 δ’
559 1065 626 1119 ἂν
673 1063 760 1135 εἴη
791 1063 882 1118 διὰ
912 1063 1021 1117 τῶν
1069 1061 1325 1116 τοιούτων
1351 1060 1756 1134 εὑρισκόμενον,

191 1157 322 1210 κατά
357 1173 418 1224 γε
441 1155 531 1210 τὸν
561 1156 694 1226 ἐμὸν
719 1155 1096 1226 στοχασμὸν,ῆ
1127 1155 1188 1208 τὸ
1218 1151 1502 1226 ἀμϐλῦναι
1538 1151 1638 1216 τὰς
1663 1149 1756 1204 τοῦ

192 1249 426 1319 σώματος
474 1249 672 1320 ὁρμὰς,
730 1248 820 1302 διὰ
853 1246 948 1302 τοῦ
979 1247 1256 1318 προθεῖναι
1289 1247 1412 1300 κατ’
1457 1243 1706 1311 ἐξουσίαν
1730 1243 1758 1296 ὃ

189 1341 444 1412 βούλεται.
500 1340 644 1412 Πρὸς
691 1339 800 1410 γὰρ
851 1339 913 1393 τὺ
943 1339 1288 1411 κωλυόμενον
1324 1336 1758 1408 φιλονεικοτέρας

187 1435 268 1494 ἀεὶ
291 1433 387 1496 τὰς
420 1433 662 1504 κινήσεις
707 1435 740 1504 ἠ
786 1432 947 1504 φύσις
977 1431 1109 1503 ἔχει.
1143 1431 1300 1484 Ἤτοι
1327 1431 1420 1484 τοῦ
1445 1429 1756 1497 ἀξιοπίστου

185 1524 354 1596 χάριν,
417 1527 475 1578 ὲν
526 1525 734 1588 τούτοις
754 1523 968 1593 γίνεται
1011 1525 1040 1577 ὁ
1083 1522 1423 1586 διδάσκαλος,
1451 1522 1526 1586 ὡς
1559 1523 1755 1593 μηκέτι

181 1618 288 1678 τοῖς
309 1613 616 1686 ἀνθρώποις
636 1615 916 1668 ἀσπαστὸν
945 1614 1268 1686 νομισθῆναι
1307 1615 1370 1668 τὺ
1411 1630 1759 1684 καταπεφρο-

183 1706 402 1777 νημένον
432 1708 666 1776 πρᾶγμα
689 1706 794 1760 ὑπὸ
825 1705 920 1759 τοῦ
949 1705 1036 1759 διὰ
1059 1707 1160 1776 τῆς
1201 1705 1396 1776 πείρας
1423 1703 1757 1775 διδαχθέντος

181 1799 238 1852 τὸ
289 1799 536 1870 μάταιον.
574 1799 693 1857 -Καῖ
747 1799 854 1870 γὰρ
905 1798 1002 1852 καὶ
1047 1799 1174 1860 τοὺς
1232 1796 1450 1868 ἰατρούς
1489 1813 1652 1864 φασιν
1699 1796 1757 1849 ἐν

180 1890 366 1960 ἐκείνῳ
421 1889 727 1961 κατορθοῦν
759 1889 860 1960 τὴν
905 1889 1122 1960 τέχνην,
1155 1883 1216 1942 οὗ
1261 1889 1327 1942 ἂν
1357 1888 1445 1942 διὰ
1471 1887 1580 1941 τῶν
1612 1886 1756 1940 ἰδίων

183 1983 438 2054 σωμάτων
487 1983 550 2036 τὸ
596 1978 734 2046 εἶδος
785 1983 883 2053 τῆς
921 1981 1231 2054 ἀρρωστίας
1287 1979 1616 2050 γνωρίσωσι,
1663 1979 1756 2031 καὶ

177 2075 569 2146 άσφαλέστεροι
601 2073 981 2129 τῶντοιούτων
1003 2073 1238 2142 γίνονται
1263 2071 1556 2143 σύμϐουλοί
1580 2089 1635 2124 τε
1660 2071 1755 2125 καὶ

175 2165 526 2238 θεραπευταὶ,
549 2159 623 2219 ὧν
649 2165 738 2220 διὰ
766 2166 860 2218 τοῦ
892 2165 1403 2236 προθεραπευθῆναι
1429 2164 1526 2236 τὴν
1557 2163 1755 2232 γνῶσίν

175 2253 312 2328 εἶχον
329 2275 340 2288 ·
367 2259 479 2329 ὅσῳ
500 2256 579 2328 τῷ
605 2258 718 2328 ἰδίῳ
753 2256 915 2312 πάθει
951 2255 1433 2328 προεδιδάχθησαν.

246 2351 473 2421 Ἴδωμεν
493 2349 674 2404 τοίνυν
694 2349 746 2402 τί
773 2349 922 2418 λέγει
958 2348 1284 2405 πεπονθέναι
1306 2349 1382 2420 τῷ
1415 2347 1537 2404 καθ’
1566 2349 1754 2402 ἑαυτὸν

175 2440 286 2513 βίῳ,
311 2444 340 2496 ὁ
371 2441 464 2495 τὸν
496 2441 770 2515 ἡμέτερον
797 2441 1063 2512 ἰατρεύων
1101 2440 1234 2512 βίον.
1271 2461 1290 2493 ι
1335 2441 1697 2513 Ἐμεγάλυνα,
1730 2460 1748 2492 ι

173 2533 322 2603 φησι.
359 2552 377 2584 ι
411 2531 632 2603 ποίημά
665 2549 789 2602 μου,
837 2531 1164 2603 ᾠκοδόμησα
1203 2531 1402 2596 οἴκους.
1445 2551 1462 2585 ι
1491 2532 1666 2595 Εὐθὺς
1691 2534 1754 2586 ἐκ

174 2621 511 2694 κατηγορίας
561 2621 590 2673 ὁ
640 2620 796 2689 λόγος
847 2619 1094 2692 ἄρχεται.
1131 2623 1206 2675 Οὐ
1265 2623 1375 2694 γὰρ
1401 2629 1462 2675 το
1488 2622 1582 2676 τοῦ
1619 2622 1753 2676 Θεοῦ

171 2712 378 2783 ποίημά
405 2729 596 2783 φησιν,
633 2712 906 2782 ὅπεριείμὶ
959 2712 1090 2780 ἐγὼ,
1121 2713 1256 2767 ἀλλὰ
1288 2713 1348 2766 τὸ
1387 2713 1518 2784 ἐμὸν
1552 2715 1754 2785 ἐμεγά-

171 2801 318 2858 λυνα.
364 2805 534 2876 Ἐμὸν
563 2804 776 2876 ποίημα
809 2803 965 2858 οὐδέν
993 2805 1140 2858 ἐστιν
1171 2804 1318 2872 ἄλλο,
1345 2805 1378 2876 ἢ
1411 2806 1548 2878 ὅπερ
1572 2809 1638 2878 τῇ
1665 2808 1753 2860 αἱ·

170 2891 353 2964 σθήσει
384 2895 490 2966 τὴν
509 2894 702 2965 ἡδονὴν
754 2893 929 2962 φέρει.
965 2894 1124 2947 Ἔστι
1165 2894 1222 2948 δὲ
1256 2893 1415 2948 τοῦτο
1436 2894 1494 2948 τὸ
1522 2895 1750 2966 ποίημα,

166 2984 243 3056 τῷ
267 2986 366 3057 μὲν
399 2985 608 3056 γενικῷ
636 2985 780 3056 λόγῳ
805 2985 886 3052 ἓν,
909 2988 974 3059 τῇ
999 2985 1056 3040 δὲ
1089 2987 1228 3040 κατὰ
1252 2985 1448 3040 λεπτὸν
1473 2985 1752 3059 διαιρέσει,

165 3081 244 3142 εἰς
273 3080 446 3134 πολλὰ
496 3081 618 3143 ταῖς
651 3079 748 3150 τῆς
774 3079 988 3150 τρυφῆς
1029 3079 1240 3152 χρείαις
1278 3079 1754 3148 καταναγκάξεται

168 3173 508 3246 μερίζεσθαι.
529 3171 636 3226 Τὸν
667 3171 777 3242 γάρ
801 3170 948 3238 ἅπαξ
997 3170 1150 3234 ἐντὸς
1172 3171 1270 3240 τῆς
1301 3170 1433 3242 ὕλης
1462 3170 1556 3225 τοῦ
1593 3171 1753 3241 βυθοῦ

165 3265 477 3340 ⁴γενόμενον,
548 3263 762 3334 ἀνάγκη
823 3263 971 3315 πᾶσα
1019 3263 1323 3334 πανταχόσε
1352 3263 1443 3320 τὸν
1479 3263 1755 3335 ὀφθαλμὸν
1781 3303 1827 3365 C

165 3357 470 3428 περιάγειν,
496 3355 622 3410 ὅθεν
643 3354 708 3410 ἂν
737 3351 1014 3427 ᾖδυνατδν
1043 3353 1233 3426 ἡδονὴν
1263 3355 1755 3426 ἐκρυῆναι.Καθά-

167 3471 268 3524 περ
304 3455 415 3526 γὰρ
447 3458 516 3508 ἐκ
547 3453 675 3522 μιᾶς
711 3451 892 3522 πηγῆς
925 3451 1164 3522 πολλαχῆ
1195 3451 1285 3504 διὰ
1322 3451 1577 3522 σωλήνων
1609 3453 1757 3523 ὀχετ-

173 3549 384 3617 ηγείται
425 3547 488 3600 τὸ
523 3543 692 3615 ὕδωρ,
753 3544 849 3596 καὶ
886 3543 1040 3596 οὐδὲν
1077 3538 1239 3614 ⁴ἧττον
1293 3543 1326 3614 ἢ
1357 3543 1416 3597 τὸ
1451 3543 1594 3614 ὕδωρ
1619 3545 1754 3607 ἐστὶ,

163 3637 220 3689 τὸ
248 3639 310 3691 ὲκ
336 3639 436 3708 τῆς
467 3636 653 3708 πηγῆς
684 3634 1061 3707 μεριζόμενον,
1107 3634 1207 3688 κᾶν
1259 3637 1316 3687 ὲν
1351 3627 1568 3706 μυρίοις
1593 3653 1757 3707 κρου-

163 3731 268 3792 νοῖς
306 3731 464 3801 τύχοι
528 3727 684 3800 ρέονο
724 3726 868 3780 οὕτω
913 3726 1011 3798 μία
1044 3729 1108 3796 τῇ
1151 3725 1310 3795 φύσει
1347 3721 1482 3783 οὖσα
1513 3729 1544 3798 ὴ
1573 3727 1757 3798 ἡδονὴ,

161 3820 330 3883 ἄλλως
365 3821 464 3874 καὶ
494 3818 673 3881 άλλως
705 3819 763 3871 ἐν
797 3819 916 3880 ταῖς
946 3815 1056 3869 τῶν
1092 3817 1540 3888 ἐπιτηδευμάτων
1567 3819 1758 3886 διαφο-

164 3914 280 3980 ραῖς
306 3911 625 3966 ὑπονοοῦσα
654 3909 767 3982 ῥέει
800 3907 1098 3979 πανταχοῦ,
1133 3913 1252 3973 ταῖς
1277 3909 1369 3963 τοῦ
1406 3910 1520 3980 βίου
1549 3912 1760 3982 χρείαις

161 4005 358 4074 ἑαυτὴν
402 4002 828 4069 συνεισάγουσα,
859 3996 984 4054 Οἷον
1009 4003 1036 4054 ό
1067 4000 1178 4071 βίος
1205 4001 1510 4070 ἀναγκαίαν
1534 4003 1758 4073 ἐποίησε

157 4097 222 4165 τῇ
254 4096 417 4166 φύσει
477 4094 579 4165 τὴν
611 4095 824 4164 οίκησιν
845 4111 859 4134 ρ
892 4091 1282 4165 ἀσθενέστερον
1309 4092 1665 4164 γὰρηπέφυκε
1697 4095 1759 4146 τὸ

149 4170 530 4257 άνθρὼπινον,
551 4185 586 4256 ἢ
602 4183 744 4237 ὥστε
769 4182 868 4246 τὰς
895 4183 958 4235 ἐκ
986 4181 1080 4236 τοῦ
1099 4182 1336 4247 θάλπους
1357 4201 1414 4236 τε
1443 4185 1534 4238 καὶ
1560 4184 1759 4254 κρύους

156 4277 480 4348 ἀνωμαλίας
524 4276 731 4346 φέρειν.
763 4274 940 4345 Μέχρι
974 4274 1166 4330 τούτου
1213 4276 1242 4329 ό
1293 4271 1440 4340 οἶκος
1477 4274 1590 4344 ἔχει
1621 4275 1758 4346 πρὸς

135 4376 252 4446 ,τὴν
286 4375 439 4444 ζωὴν
463 4373 528 4426 τὸ
556 4369 850 4442 ὠφέλιμον,
887 4368 1024 4432 ἀλλὰ
1056 4370 1117 4423 τὸ
1133 4369 1424 4442 παρελθεῖν
1445 4370 1571 4434 τοὺς
1599 4370 1758 4442 ὄρους

155 4465 254 4536 τῆς
281 4465 483 4537 χρείας
515 4464 550 4535 ἡ
579 4461 739 4534 ἡδονὴ
768 4459 859 4514 τὸν
892 4459 1178 4530 ἄνθρωπον
1208 4459 1487 4516 ἐϐιάσατο.
1523 4461 1614 4525 Ὡς
1647 4461 1758 4532 γὰρ

152 4559 274 4632 οὐχὶ
302 4559 532 4630 σώματι
574 4556 636 4610 τὸ
658 4553 914 4626 χρειῶδες
945 4551 1206 4626 πορίζων,
1246 4553 1382 4607 ἀλλὰ
1409 4556 1522 4618 τοῖς
1559 4539 1757 4624 ὀφθαλ-

1863 703 2152 760 venantur,
2205 697 2448 766 seipsum
2505 695 2774 752 immersit
2822 696 2878 750 in
2919 696 3188 755 delicias:
3219 713 3328 753 non
3381 708 3443 753 ut

1865 788 2075 844 marina
2125 787 2442 858 impleretur
2489 787 2770 858 salsugine
2821 807 2835 844 :
2879 787 3211 858 salsuginem
3257 797 3440 844 autem

1863 883 1985 936 dico
2019 881 2382 950 voluptatem:
2405 878 2502 938 sed
2535 887 2593 934 ιιι
2627 887 2894 950 quaereret
2925 881 3055 950 quid
3096 881 3151 936 in
3184 881 3285 935 hoc
3317 897 3442 952 pro-

1866 969 2034 1026 fundo
2058 971 2242 1025 animo
2275 971 2349 1026 sit
2382 971 2532 1026 utile.
2561 969 2706 1028 Utile
2741 981 2920 1027 autem
2952 980 3036 1028 est
3077 973 3222 1044 quod
3253 989 3350 1044 per
3377 989 3442 1027 ea

1864 1059 2180 1124 invenitur,
2242 1070 2302 1115 ιιι
2355 1076 2476 1115 mea
2517 1061 2736 1131 quidem
2793 1070 2878 1118 est
2924 1062 3246 1132 conjectura
3277 1100 3294 1130 ,
3347 1074 3444 1118 aut

1862 1153 2152 1209 retundere
2185 1154 2432 1224 corporis
2462 1153 2847 1223 appetitiones,
2893 1163 3182 1225 propterea
3211 1155 3357 1227 quod
3389 1156 3438 1212 ei

1861 1248 2121 1317 objicitur
2175 1246 2226 1301 id
2270 1247 2416 1318 quod
2473 1247 2749 1302 desiderat
2793 1265 2807 1302 :
2853 1247 2920 1303 ad
2973 1249 3026 1304 id
3088 1249 3233 1304 enim
3292 1249 3439 1320 quod

1859 1347 2078 1394 vetatur
2105 1355 2319 1409 semper
2345 1339 2781 1397 vehementiores
2815 1349 2995 1406 motus
3021 1341 3185 1396 habet
3218 1351 3444 1396 natura:

1861 1440 1953 1488 aut
1987 1438 2044 1486 ut
2083 1432 2152 1487 sit
2185 1431 2286 1490 llde
2321 1433 2519 1503 dignus
2551 1419 2604 1487 in
2637 1433 2724 1486 his
2767 1440 3018 1489 versatur
3049 1435 3330 1504 magister,
3371 1449 3442 1486 ne

1859 1525 2092 1594 amplius
2132 1523 2200 1577 ab
2227 1523 2542 1579 hominibus
2582 1534 2872 1581 censeatur
2915 1525 3216 1592 expetenda
3261 1540 3348 1580 res
3376 1541 3440 1580 ea

1861 1633 1980 1688 quae
2029 1618 2098 1672 ab
2158 1633 2224 1672 eo
2269 1616 2369 1672 fuit
2408 1627 2738 1688 contempta,
2785 1619 2877 1690 qui
2931 1619 3266 1690 experientia
3307 1619 3444 1675 dicit

1859 1725 2022 1780 quam
2052 1709 2124 1764 sit
2155 1724 2314 1766 vana.
2362 1709 2492 1764 Nam
2527 1711 2766 1767 medicos
2791 1727 3009 1782 quoque
3041 1713 3224 1767 ferunt
3263 1711 3352 1766 illa
3386 1713 3440 1766 in

1859 1819 1919 1857 re
1943 1818 2000 1858 se
2032 1803 2236 1872 optime
2275 1818 2338 1858 ex
2372 1810 2488 1856 arte
2521 1819 2732 1872 gerere,
2772 1804 2931 1873 cujus
2965 1803 3144 1858 morbi
3178 1819 3350 1874 genus
3387 1803 3440 1865 iu

1862 1895 1980 1950 suis
2010 1903 2384 1965 cognoverunt
2438 1895 2760 1966 corporibus
2795 1895 2903 1951 :de
2950 1895 3127 1964 iisque
3171 1895 3344 1950 tutius
3390 1905 3444 1948 et

1862 1985 1996 2039 dant
2045 1985 2333 2040 consilium
2385 1995 2440 2039 et
2490 1985 2557 2040 iis
2616 1985 2921 2050 medentur,
2957 2001 3190 2056 quorum
3241 1985 3443 2041 habent

1864 2077 2112 2132 notitiam
2151 2085 2472 2146 :propterea
2519 2077 2661 2146 quod
2704 2078 2804 2148 ipsi
2841 2081 2994 2148 prius
3035 2079 3187 2133 fuere.
3235 2077 3436 2143 curati,

1862 2168 2304 2238 quandoquidem
2335 2185 2398 2223 ex
2431 2183 2495 2222 eo
2517 2171 2659 2239 quod
2693 2169 2794 2240 ipsi
2827 2171 2974 2239 passi
3011 2180 3140 2226 sunt
3166 2171 3319 2242 prius
3357 2171 3443 2225 di.

1861 2261 2130 2316 dieeruut.

1933 2350 2228 2408 Videamus
2256 2365 2388 2419 ergo
2417 2350 2675 2421 quidnam
2715 2351 2768 2405 in
2793 2365 2892 2406 sua
2926 2351 3034 2403 vita
3066 2365 3291 2422 passum
3321 2366 3444 2406 e‘se

1863 2441 1996 2496 dicit
2034 2441 2081 2497 is
2116 2441 2208 2512 qui
2244 2448 2448 2496 nostra:
2487 2442 2610 2496 vitae
2654 2440 2923 2496 medetur.
2962 2461 2980 2492 ι
3013 2441 3378 2512 Magniﬁravi,
3419 2461 3438 2493 ι

1863 2533 2066 2604 inquit,
2109 2553 2130 2586 ι
2178 2548 2318 2603 opus
2371 2549 2574 2596 meum,
2627 2533 2891 2588 aediﬁcavi
2941 2532 3154 2588 domos.
3193 2553 3209 2583 ι
3255 2531 3444 2588 Oratio

1862 2625 2048 2680 statim
2086 2623 2278 2695 incipit
2316 2639 2344 2677 a
2379 2624 2824 2694 reprehensione.
2859 2621 2978 2676 Non
3009 2624 3152 2676 enim
3182 2621 3314 2678 dicit
3347 2622 3440 2682 Dei

1862 2731 2020 2786 opus,
2053 2717 2196 2786 quod
2228 2733 2348 2772 sum
2381 2731 2499 2786 ego,
2537 2717 2631 2771 sed
2661 2732 2836 2770 meum
2873 2715 3236 2785 magnificari.
3265 2715 3438 2768 illrum

1861 2825 2002 2881 opus
2035 2809 2172 2863 nihil
2207 2817 2292 2864 est
2321 2807 2493 2874 aliud,
2539 2823 2702 2876 quam
2751 2808 2896 2878 qued
2935 2805 3090 2861 affert
3122 2805 3310 2861 sensui
3357 2821 3445 2863 vo-

1864 2902 2149 2974 luptatem.
2207 2899 2303 2956 Est
2357 2906 2540 2954 autem
2593 2897 2696 2952 hoc
2735 2913 2874 2968 opus
2925 2897 3164 2968 generali
3219 2896 3438 2966 quidem

1863 2996 2075 3051 ratione
2107 3009 2276 3048 unum
2307 3012 2322 3048 :
2352 2991 2536 3048 subtili
2576 3001 2755 3053 autem
2797 2991 2852 3046 in
2900 2989 3110 3044 minuta
3145 2988 3438 3050 dirisinne.

1862 3088 1917 3166 in
1955 3087 2122 3144 multa
2147 3087 2214 3141 ad
2251 3084 2512 3140 utendum
2538 3083 2751 3139 deliciis
2777 3097 3002 3138 necesse
3026 3089 3111 3138 est
3145 3091 3202 3135 ut
3227 3082 3443 3151 dispar-2

1865 3181 2052 3234 tiatur.
2081 3179 2218 3234 Nam
2240 3176 2333 3248 qui
2365 3175 2530 3231 semel
2558 3173 2799 3229 materiae
2824 3172 3154 3244 profundum
3188 3171 3440 3240 subierit,

1863 3271 2090 3324 omnino
2145 3283 2370 3322 necesse
2417 3274 2500 3321 est
2549 3275 2606 3318 ut
2655 3265 2706 3318 in
2752 3279 2943 3317 omnes
2992 3271 3176 3333 partes
3219 3262 3440 3316 mulum

1859 3364 2214 3431 circumagat,
2267 3359 2409 3415 unde
2466 3357 2578 3411 ﬁeri
2626 3357 2798 3426 possit
2838 3364 2897 3408 ut
2942 3364 3236 3410 enascatur
3285 3355 3440 3406 vol-i-

1861 3464 2004 3526 ptas.
2040 3452 2326 3520 Quomodo
2368 3451 2511 3505 enim
2543 3467 2608 3504 ex
2643 3464 2752 3506 llllO
2799 3447 2946 3502 fonte
2980 3448 3032 3500 in
3082 3447 3282 3510 multas
3315 3461 3443 3518 par-

1860 3555 1944 3603 tes
1995 3562 2092 3617 per
2138 3543 2358 3597 canales
2403 3557 2544 3613 aqua
2592 3541 2902 3606 deducitur,
2953 3546 3008 3592 ct
3067 3539 3236 3592 nihilo
3278 3553 3442 3593 secus

1861 3653 1971 3690 non
2015 3642 2100 3690 est
2139 3633 2284 3688 aliud
2317 3647 2478 3702 quam
2523 3647 2686 3701 aqua,
2721 3631 2772 3684 id
2822 3631 2966 3702 quod
3017 3646 3080 3684 ex
3125 3629 3246 3700 ipso
3295 3629 3442 3684 fonte

1863 3729 2210 3798 dispertitur,
2263 3727 2483 3782 etiamsi
2541 3724 2672 3780 ﬂuat
2715 3725 2766 3778 iu
2827 3722 3078 3794 plurimis
3123 3723 3272 3784 tubis
3313 3740 3325 3776 :
3369 3721 3440 3774 ita

1861 3823 2111 3892 voluptas
2157 3835 2284 3876 cum
2336 3819 2410 3874 sit
2466 3833 2596 3882 una,
2657 3815 2816 3870 aliter
2867 3825 2920 3870 et
2962 3815 3120 3870 aliter
3167 3813 3222 3867 in
3272 3813 3442 3892 variis

1859 3915 2138 3968 transiens
2178 3911 2399 3973 studiis.
2453 3908 2574 3964 ﬂuit
2623 3909 2676 3962 in
2706 3907 2906 3964 omnes
2948 3915 3152 3977 partes,
3205 3921 3328 3961 cum
3375 3906 3442 3966 iis

1859 4020 1981 4076 quae
2015 4011 2146 4058 sunt
2176 4002 2242 4056 ad
2287 4017 2447 4056 usum
2475 4002 2598 4056 vita!
2632 3987 2944 4057 necessaria
2975 4016 3034 4056 se
3074 3999 3438 4069 coniungens.

1862 4097 1953 4158 Ut,
1985 4092 2220 4166 exempli
2268 4105 2458 4156 causa,
2500 4091 2610 4146 rita
2661 4087 2790 4144 facit
2837 4097 2894 4142 ut
2931 4098 3139 4144 naturae
3174 4088 3440 4150 habitatio

1860 4186 1932 4241 sit
1981 4181 2290 4239 necessaria
2322 4201 2334 4236 :
2369 4191 2453 4237 est
2485 4181 2632 4241 enim
2675 4179 2840 4233 homo
2889 4180 3234 4243 imbecillior,
3278 4196 3440 4250 quam

1863 4285 1919 4330 ut
1943 4275 2147 4330 caloris
2179 4283 2234 4330 et
2264 4273 2484 4344 frigoris
2509 4271 2648 4328 ferat
2677 4273 3094 4342 iumqualitates.
3128 4271 3245 4327 Huc
3271 4289 3442 4342 usque

1858 4365 1927 4420 ad
1971 4365 2270 4436 degendam
2300 4363 2464 4418 vitam
2503 4375 2589 4420 est
2621 4364 2819 4420 dooms
2848 4365 3019 4430 utilis,
3061 4365 3154 4419 sed
3189 4365 3444 4435 voluptas

1853 4459 2004 4531 cogit
2042 4458 2316 4514 hominem
2350 4457 2630 4528 praeterire
2664 4456 2800 4512 lines
2833 4471 2992 4514 usus.
3035 4456 3265 4511 Perinde
3293 4457 3440 4511 enim

1866 4566 1934 4605 ac
1983 4552 2028 4604 si
2086 4563 2195 4604 non
2241 4554 2510 4618 quaereret
2549 4545 2697 4616 quod
2743 4554 2827 4602 est
2890 4545 3016 4601 usui
3061 4545 3302 4616 corpori,
3345 4545 3442 4601 sed

157 4655 276 4723 μοῖς
309 4648 658 4722 ἐπιτηδεύων
689 4635 914 4717 τέριῖιεις
937 4645 1030 4700 καὶ
1061 4647 1474 4717 ὲντρυφήματα,
1505 4645 1755 4700 λυπεῖται

1873 4641 2046 4698 oculis
2089 4646 2409 4709 procuraret
2442 4639 2862 4694 oblectationem
2895 4645 2950 4694 et
2979 4638 3224 4703 delicias,
3251 4637 3445 4692 dolore

153 4744 366 4816 σχεδὸν,
411 4742 503 4796 ὅτι
561 4739 636 4812 μὴ
663 4738 752 4795 τὸν
783 4737 1009 4808 οὐρανὸν
1033 4736 1197 4789 αὐτὸν
1249 4737 1503 4808 ἐποίησεν
1538 4725 1754 4810 ὑπωρό-

153 4854 295 4904 φιον,
331 4835 476 4907 μηδὲ
506 4831 604 4897 τὰς
639 4831 732 4886 τοῦ
767 4831 920 4902 ἡλίου
949 4832 1171 4894 ἀκτῖνας
1201 4828 1312 4900 ἔχει
1340 4828 1417 4900 τῷ
1447 4829 1626 4902 ὀρόφῳ
1659 4831 1755 4886 καὶ

150 4929 324 4993 αὐτάς
353 4925 813 4994 ἐντεκτήνασθαι.
849 4923 940 4976 Διὸ
969 4921 1226 4976 πλατύνει
1259 4921 1356 4992 μὲν
1375 4921 1754 4992 ἁπανταχόθεν

149 5022 246 5082 τὰς
274 5021 388 5074 τῶν
425 5015 974 5086 κατασκευασμάτων
997 5013 1367 5085 περιγραφὰς,
1394 5013 1492 5084 τὴν
1511 5013 1612 5082 τῆς
1633 5031 1754 5066 συν-

147 5108 362 5171 οικείας
396 5105 702 5178 περιϐολὴν
743 5103 819 5167 ὡς
869 5102 1196 5174 οἰκουμένην
1223 5099 1348 5155 τινὰ
1377 5101 1544 5172 ἄλλην
1573 5101 1754 5173 έαυτῷ

148 5199 374 5265 κτίζων.
411 5197 716 5252 Ἀνατείνει
746 5195 802 5250 δὲ
837 5197 917 5260 είς
947 5195 1028 5248 ὅτι
1052 5195 1311 5266 μήκιστον
1335 5193 1470 5264 ὕψος
1497 5195 1623 5258 τοὺς
1641 5195 1752 5248 τοί-

146 5289 589 5363 χους·ποικίλλει
603 5290 660 5344 δὲ
670 5291 790 5354 ταῖς
805 5287 950 5343 ένδον
965 5288 1073 5341 τῶν
1087 5287 1404 5359 οἰκημάτων
1419 5287 1750 5351 διασκευαῖς.

158 5385 259 5438 Ἐκ
298 5381 590 5438 Λακώνων
645 5381 704 5434 δὲ
736 5381 832 5435 καὶ
881 5379 1165 5452 Θεσσαλῆς
1209 5381 1304 5434 καὶ
1357 5380 1420 5432 ἐκ
1462 5378 1752 5451 Καρύστου

146 5472 295 5540 λίθος
325 5473 748 5530 άναπτύσσεται
766 5515 780 5538 ,
814 5472 910 5526 καὶ
929 5471 1019 5525 διὰ
1043 5471 1264 5542 σιδήρου
1291 5473 1370 5536 εἰς
1399 5471 1582 5526 πλάκα
1607 5473 1676 5528 τά
1694 5491 1752 5527 τε

145 5567 370 5638 Νειλῷα
406 5565 656 5639 μέταλλα
696 5565 790 5618 καὶ
828 5563 897 5618 τὰ
929 5563 1030 5634 τῆς
1063 5553 1360 5634 Νουμιδὶας
1380 5563 1752 5634 ἀναξητείται,

145 5658 241 5714 καί
289 5675 403 5712 που
463 5656 564 5710 καὶ
605 5653 639 5726 ἡ
686 5655 897 5726 Φρυγία
946 5655 1119 5726 πέτρα
1173 5657 1291 5718 ταῖς
1331 5655 1586 5718 σπουδαῖς
1624 5653 1756 5706 ταύο

143 5765 264 5812 ταις
310 5743 790 5818 συμπαρελήφθη,
827 5745 860 5814 ἡ
901 5745 963 5814 τῇ
1001 5743 1286 5812 λευκότητι
1319 5741 1413 5797 τοῦ
1462 5742 1752 5814 μαρμάρου

143 5842 245 5915 τὴν
267 5839 578 5912 πορφυρᾶν
603 5835 778 5909 βαφὴν
811 5835 948 5906 πρὸς
969 5835 1030 5888 τὸ
1053 5853 1114 5888 συ
1124 5835 1266 5906 μϐἁν
1286 5835 1751 5905 κατασπείρουσα,

145 5936 327 6007 τρυφὴ
357 5935 583 6000 γίνεται
607 5933 722 5992 τοῖς
749 5929 1078 6000 λιχνοτέροις
1099 5928 1330 5998 ὄμμασι,
1357 5928 1612 5997 πολυειδῆ
1629 5945 1749 5981 τινα

1865 4735 2258 4810 propemodum
2304 4733 2574 4796 adﬁcitur”
2615 4732 2762 4802 quod
2800 4733 3000 4786 cmlum
3045 4731 3099 4786 in
3145 4747 3248 4787 suo
3301 4739 3446 4787 lectn

1862 4845 1972 4884 non
2016 4827 2245 4891 fecerit,
2294 4841 2395 4882 nec
2444 4825 2594 4894 ipsos
2644 4823 2776 4880 solis
2823 4822 3005 4878 radios
3050 4823 3103 4877 in
3156 4838 3224 4878 eo
3274 4823 3448 4893 possit

1862 4921 2144 4977 fabricari.
2175 4917 2541 4987 Quamobrem
2569 4917 2812 4988 undique
2839 4916 3059 4986 quidem
3091 4917 3281 4971 dilatat
3313 4917 3446 4976 ardi-

1862 5015 2110 5070 liciorum
2149 5011 2623 5081 circumscriptam
2669 5009 3101 5080 amplitudinem,
3149 5018 3204 5064 et
3243 5009 3444 5076 aedium

1863 5107 2151 5168 ambitum,
2200 5112 2462 5174 tauquam
2519 5103 2756 5172 aliquem
2813 5102 2980 5172 alium
3039 5102 3226 5159 orbem
3283 5109 3442 5154 terra:

1862 5198 1970 5256 sibi
2002 5203 2354 5252 construens.
2396 5193 2650 5250 Extendit
2685 5202 2863 5249 autem
2899 5193 3135 5264 parietes
3169 5193 3225 5247 in
3268 5192 3443 5245 maxi-

1864 5307 2005 5344 mam
2052 5287 2472 5360 longitudinem.
2504 5286 2693 5341 Variat
2723 5296 2902 5341 autem
2948 5284 3286 5347 internarum
3330 5281 3443 5335 ha-

1864 5381 2192 5436 bitationum
2235 5376 2726 5437 exstructionibus,
2774 5375 3115 5429 internarum
3157 5371 3444 5426 habitacu-

1865 5468 2041 5521 lorum
2079 5465 2366 5537 apparatui
2414 5473 2659 5518 mutuam
2689 5479 2754 5518 ex
2796 5477 2856 5516 se
2880 5468 2936 5516 et
2984 5475 3080 5531 per
3109 5475 3167 5516 se
3202 5459 3344 5515 inter
3381 5474 3442 5516 se

1865 5557 2114 5627 prabens
2135 5558 2474 5612 varietatem.
2499 5554 2703 5609 Deinde
2727 5551 3172 5608 Lacedaemonius
3192 5559 3247 5608 et
3271 5549 3444 5609 Thcs-

1866 5652 2016 5705 salus
2069 5657 2124 5706 et
2177 5649 2442 5720 Carystus
2496 5647 2636 5718 lapis
2685 5646 3014 5715 explicatur,
3075 5653 3130 5700 et
3173 5644 3318 5700 ferro
3371 5643 3440 5698 ad

1865 5739 2292 5796 iucrustationes
2331 5737 2534 5792 Niliaca
2583 5745 2637 5792 et
2679 5735 2966 5790 Numidica
3017 5735 3232 5791 metalla
3285 5751 3442 5806 quae—

1863 5840 2062 5886 runtur
2093 5850 2104 5884 :
2132 5832 2432 5902 quinetiam
2463 5829 2652 5886 iisdem
2681 5829 2767 5884 his
2791 5829 2990 5884 studiis
3029 5827 3261 5900 Phrygia
3293 5835 3454 5898 petra.

1865 5924 2025 5978 simul
2083 5921 2405 5988 assumitur,
2453 5938 2575 5990 quae
2628 5921 2917 5975 marmoris
2961 5919 3184 5974 candori
3237 5932 3442 5988 purpu-
