3844 6352
437 441 542 498 6335

1636 435 1691 490 s.
1735 433 2061 491 GREGORll
2100 430 2391 491 NYSSENI
2448 418 2451 423 ’

3598 437 3698 490 Γιῖιϐ

440 570 615 618 reum,
655 551 746 606 ubi
797 548 1015 612 accidit,
1060 549 1308 603 inserens
1338 546 1598 610 colorem,
1638 548 1828 602 avidos
1867 547 2015 600 ohle-

2124 551 2210 603 καὶ
2238 552 2744 624 πολυσχημάτιστον
2773 554 2869 626 τὴν
2898 554 3144 624 διάχυσιν
3177 554 3271 608 τοῦ
3314 553 3611 626 χρώματος
3640 560 3697 611 ἐν

437 653 548 701 ctat
579 643 792 702 oculos,
845 638 1036 695 multis
1066 639 1257 693 formis
1305 636 1602 709 figurisquc
1641 638 1920 708 przeditam
1961 638 2013 690 in

440 738 563 792 albo
590 734 890 804 depingens
937 732 1140 785 coloris
1168 729 1546 786 suffusionem.
1579 731 1751 796 Quam
1785 731 2013 785 multum

441 830 495 882 iu
542 827 655 880 her
702 822 985 878 confertur
1019 822 1304 876 studium?
1346 821 1490 889 Quot
1536 833 1663 876 sunt
1710 824 1913 892 figurae,
1962 828 2016 875 et

435 932 597 988 quam
630 915 798 968 nmlta
830 915 1084 973 artificia,
1110 928 1234 967 cum
1261 914 1350 967 alii
1378 912 1596 981 quidem
1622 927 1761 982 aqua
1787 920 1841 967 et
1872 912 2015 966 ferro

435 1005 694 1061 materias
763 1016 950 1059 secem
1001 1019 1016 1058 :
1061 1004 1152 1057 alii
1214 1018 1346 1057 vero
1414 1002 1696 1057 hominum
1762 1002 2015 1057 manibus

436 1108 600 1154 noctu
651 1097 858 1167 diuque
905 1096 1272 1151 laborantium
1318 1096 1555 1152 efficiant
1590 1095 2015 1152 dissectionem?

433 1188 543 1243 Nec
589 1189 703 1243 hace
741 1187 961 1259 quidem
1013 1186 1291 1242 sufliciunt
1336 1188 1402 1243 iis
1441 1189 1534 1257 qui
1586 1188 1640 1241 in
1681 1201 1879 1241 vanum
1925 1201 2015 1239 or-

434 1287 622 1335 natum
668 1279 909 1337 laborem
968 1277 1314 1333 conferunt:
1361 1279 1455 1334 sed
1507 1260 1561 1334 et
1621 1278 1745 1334 vitri
1804 1277 2015 1348 puritas

431 1370 659 1423 venenis
688 1369 1006 1439 inquinatur
1034 1375 1089 1424 et
1125 1367 1274 1422 varie
1306 1368 1555 1438 tingitur,
1602 1377 1661 1424 ut
1696 1369 1761 1422 ad
1803 1368 2017 1439 excogi-

435 1466 562 1513 tata:
615 1459 950 1513 inventionis
996 1457 1181 1512 luxum
1227 1465 1281 1513 et
1314 1456 1541 1514 delicias
1588 1474 1654 1513 ex
1703 1472 1767 1512 eo
1799 1473 2015 1527 quoque

433 1549 639 1620 aliquid
686 1551 1037 1620 adjungatur.
1074 1549 1360 1616 Quomodo
1411 1556 1592 1603 autem
1636 1549 1848 1603 narrari
1890 1565 2016 1619 pos-

346 1669 359 1689 ε
433 1650 556 1697 sent
587 1649 856 1695 tectorum
889 1656 1052 1712 opera
1086 1655 1515 1711 supervacanea,
1552 1641 1605 1694 in
1636 1640 1836 1710 quibus
1872 1641 2016 1710 ligna

432 1749 557 1803 qua:
608 1733 746 1786 fittnt
800 1748 866 1787 ex
910 1731 1111 1795 cedris,
1172 1732 1309 1785 artis
1348 1730 1655 1785 subtilitate
1701 1730 1774 1783 ita
1823 1743 2017 1785 rursus

433 1832 853 1889 convertuntur,
910 1831 971 1879 ut
1019 1829 1284 1893 putentur
1330 1822 1558 1875 arbores
1611 1835 1679 1874 ex
1739 1818 2015 1874 caelaturis

2116 640 2193 711 τῷ
2215 642 2391 712 λευκῷ
2422 643 2855 716 ζωγραφήσασα.
2891 645 3114 699 Ὀπόσαι
3140 647 3269 717 περὶ
3296 647 3508 700 τούτων
3534 665 3699 700 σπου-

2115 732 2234 799 δαίς
2265 736 2405 788 πόσα
2444 726 2512 789 τὰ
2544 739 2828 806 σχήματα;
2864 737 3006 790 πόσα
3037 737 3105 790 τά
3140 740 3552 808 μηχανήματας
3590 740 3698 789 τῶν

2118 824 2219 894 μὲν
2251 824 2403 879 ὕδατι
2438 826 2534 879 καὶ
2568 827 2773 898 σιδήρῳ
2807 827 3168 899 διαπριόντων
3199 828 3299 892 τὰς
3327 827 3485 893 ὔλας,
3521 830 3697 884 ἄλλων

2114 916 2171 969 δὲ
2213 916 2302 970 διὰ
2336 917 2534 989 χειρῶν
2566 917 2950 991 ἀνθρωπίνων,
2991 919 3157 974 νύκτα
3201 921 3298 973 καὶ
3337 922 3559 993 ἡμέραν
3597 939 3695 974 πο·

2116 1008 2348 1062 νούντων
2397 1008 2509 1062 τῶν
2571 1009 3058 1082 κατεργαζομένων
3106 1010 3205 1083 τὴν
3233 1010 3538 1083 ἕκπρησιν;
3590 1014 3699 1066 Καὶ

2115 1099 2236 1153 οὐδὲ
2287 1099 2459 1154 ταῦτα
2495 1101 2697 1172 ἢρκεσε
2739 1106 2852 1166 τοῖς
2889 1100 3111 1156 πονοῦσι
3160 1104 3290 1175 περὶ
3319 1103 3413 1157 τὸν
3466 1104 3697 1175 μάταιον

2115 1190 2318 1262 κόσμον
2338 1209 2351 1223 ο
2385 1190 2520 1245 ἀλλά
2554 1193 2649 1247 καὶ
2676 1192 2742 1245 τὸ
2765 1193 3006 1265 καθαρὸν
3034 1193 3137 1263 τῆς
3172 1194 3330 1247 ὑέλου
3359 1193 3449 1249 διὰ
3474 1195 3698 1265 φαρμά-

2117 1300 2229 1337 κων
2261 1285 2342 1348 είς
2372 1282 2551 1354 βαφὰς
2598 1285 2850 1349 ποικίλας
2879 1285 3349 1356 καταμολύνεται,
3383 1285 3461 1348 ὡς
3499 1286 3569 1339 ἂν
3603 1283 3700 1339 καὶ

2116 1374 2270 1446 παρὰ
2306 1376 2511 1446 ταύτης
2551 1393 2603 1430 τι
2638 1375 2932 1448 συναχθείη
2963 1380 3029 1448 τῇ
3060 1377 3170 1430 τῶν
3199 1378 3491 1449 νοημάτων
3504 1376 3695 1453 χλιδῇ.

2117 1465 2241 1529 Πῶς
2283 1466 2328 1519 δ’
2358 1467 2424 1521 ἀν
2468 1483 2553 1531 τις
2602 1468 2743 1520 είποι
2795 1467 2895 1532 τὰς
2946 1468 3054 1523 τῶν
3083 1469 3302 1541 ὀρόφων
3347 1468 3699 1540 περιεργίας.

2100 1552 2201 1626 ’ἐφ’
2223 1550 2298 1610 ὧν
2329 1557 2393 1609 tit
2423 1556 2552 1621 ξύλα
2571 1559 2634 1611 ὲκ
2665 1558 2857 1629 κέδρου
2883 1557 3145 1629 γινόμενα
3171 1558 3697 1628 πάλινοὲπαναστρέ-

2117 1668 2285 1720 φοντα
2334 1650 2424 1704 διὰ
2468 1651 2574 1704 τῶν
2626 1651 2973 1720 σοςρισμάτων
3003 1652 3105 1721 τῆς
3147 1651 3345 1721 τέχνης
3382 1649 3578 1721 δένδρα
3609 1667 3699 1702 νο-

2120 1743 2419 1813 μιζόμενα,
2453 1742 2678 1807 κλάδους
2707 1743 2803 1796 καὶ
2841 1742 3013 1812 φύλλα
3050 1741 3147 1796 καὶ
3191 1742 3436 1813 καρποὺς
3482 1743 3541 1794 ἐν
3570 1742 3699 1797 ταῖς

2117 1831 2369 1900 γλυφίσιν
2390 1830 2678 1899 ὲκερύοντα.
2709 1831 2906 1884 Σιωπῶ
2928 1831 3019 1885 τὸν
3035 1832 3240 1903 χρυσὸν
3252 1832 3343 1884 τὸν
3365 1833 3443 1895 είς
3464 1830 3702 1892 λεπτοὺς

431 1933 639 1982 ramos,
684 1917 809 1992 folia
847 1923 900 1972 et
927 1914 1141 1970 fructus
1172 1914 1562 1985 producentes.
1597 1910 1776 1966 Taceo
1819 1928 2013 1966 aurum

2124 1924 2213 1976 καὶ
2259 1922 2520 1992 ἀερώδεις
2579 1922 2783 1994 ὑμένας
2822 1923 3245 1994 διατεινόμενον,
3288 1923 3380 1976 καὶ
3417 1916 3700 1990 πανταχοῦ

430 2011 580 2083 quod
632 2011 689 2065 in
721 2025 913 2065 aereas
966 2007 1315 2063 membranas
1356 2005 1685 2067 dissecatur,
1743 2011 1795 2057 et
1843 2003 1899 2057 in
1947 2002 2013 2057 iis

431 2103 635 2174 ubique
661 2101 913 2165 illinitur,
950 2107 1010 2154 ut
1042 2099 1231 2154 avidos
1271 2097 1467 2153 oculos
1496 2096 1550 2151 in
1578 2112 1637 2151 se
1666 2101 2010 2149 convertant.

434 2194 585 2249 Ebur
629 2201 808 2248 autem
850 2190 999 2263 quod
1066 2190 1364 2245 asciscitur
1412 2188 1481 2243 ad
1524 2187 1925 2242 vestibulorum
1962 2195 2015 2241 et

433 2287 699 2342 atriorum
729 2282 1038 2356 superfluos
1067 2292 1315 2347 ornatus,
1350 2288 1405 2336 et
1443 2281 1587 2351 quod
1628 2294 1819 2335 eorum
1857 2278 2015 2333 caela-

434 2376 578 2431 turis
612 2374 844 2430 illinitur
874 2389 1094 2439 aurum,
1141 2384 1233 2428 aut
1274 2375 1420 2443 quod
1452 2372 1624 2426 clavis
1658 2370 1893 2440 anigitur
1927 2385 2018 2424 ar-

434 2477 682 2538 gentum,
729 2476 784 2522 et
828 2481 949 2536 quae
991 2474 1119 2520 sunt
1156 2464 1449 2535 ejusmodi,
1482 2464 1609 2534 quis
1639 2463 1874 2517 dixerit?
1917 2461 2014 2516 do-

435 2572 652 2615 morum
697 2559 1031 2629 pavimenta,
1061 2572 1182 2629 qum
1221 2557 1390 2613 variis
1431 2556 1782 2627 resplendeant
1817 2553 2017 2609 coluri-

324 2706 332 2715 ,
433 2651 573 2709 bus?
611 2660 668 2706 ut
701 2651 866 2705 etiam
908 2664 1096 2705 eorum
1131 2648 1299 2719 pedes
1329 2648 1383 2702 in
1436 2648 1729 2717 splendore
1772 2645 2014 2717 lapidum

436 2743 733 2804 luxurient,
789 2749 842 2796 et
893 2740 947 2795 in
993 2740 1265 2811 ejusmodi
1319 2741 1611 2795 domorum
1667 2739 2018 2794 tnuititudine

437 2826 604 2893 nimis
666 2837 1013 2892 ambitiosam
1077 2835 1567 2904 magnificentiam,
1624 2849 1857 2893 auarum
1909 2849 2017 2887 non

435 2931 562 2984 vita:
602 2944 737 2985 usus
786 2926 1152 2981 necessariam
1204 2926 1335 2981 facit
1393 2926 1883 2991 constructionem,
1922 2922 2016 2981 sed

436 3019 713 3090 cupiditas
749 3034 846 3090 per
882 3032 944 3073 ea
983 3032 1103 3086 quae
1142 3026 1268 3070 sunt
1321 3017 1534 3071 inutilia
1584 3028 1894 3086 progressa,
1935 3028 2020 3067 ea-

384 3150 385 3153 η
437 3127 559 3166 rum
586 3111 794 3166 invenit
826 3109 1314 3179 importunitatem.
1346 3106 1480 3162 Nam
1508 3123 1572 3162 ex
1602 3106 1857 3162 domibus
1884 3106 2018 3160 alias

439 3201 657 3272 quidem
694 3207 910 3271 0p-trtet
958 3214 1082 3254 esse
1118 3207 1336 3269 paratas
1371 3199 1435 3252 ad
1480 3213 1723 3259 cursum,
1768 3196 1904 3250 alias
1952 3196 2018 3250 ad

2114 2012 2322 2079 τούτοις
2340 2014 2810 2087 ὲπιχρωννύμνον
2840 2016 2915 2079 ὡς
2928 2015 2993 2069 ἂν
3013 2015 3113 2085 τὴν
3129 2014 3367 2085 λιχνείαν
3386 2013 3493 2066 τῶν
3514 2011 3703 2082 ὀμμά-

2114 2122 2221 2158 των
2256 2105 2392 2176 πρὸς
2424 2106 2613 2160 ἑαυτὸν
2647 2104 2985 2176 ὲπιστρέφοι.
3022 2102 3135 2175 Τὴν
3165 2104 3222 2158 δὲ
3249 2104 3360 2157 τῶν
3385 2102 3700 2172 ἐλεφάντων

2115 2196 2396 2268 εἰσφορὰν,
2449 2199 2529 2261 είς
2559 2196 2652 2250 τὸν
2681 2197 2972 2268 περίεργον
3004 2195 3386 2268 καλλωπισμὸν
3436 2194 3537 2247 τῶν
3577 2194 3703 2246 εἰσ·

2115 2266 2286 2352 όΞων,
2339 2286 2432 2341 τόν
2465 2304 2524 2340 τε
2576 2266 2933 2357 ἀλειφόμενον
2970 2288 3089 2350 ταῖς
3140 2266 3359 2355 γλυφίσι
3402 2283 3611 2337 τούτων
3665 2282 3703 2355 ἢ

2116 2380 2336 2452 χρυσὸν.
2376 2380 2411 2451 ἢ
2444 2379 2535 2434 τὸν
2556 2380 2644 2434 διά
2668 2379 2775 2432 τῶν
2795 2379 2940 2449 ἥλων
2972 2377 3400 2450 ὲγκροτούμενεν
3427 2375 3567 2447 ἀργυ
3578 2393 3702 2446 ρον,

2116 2471 2211 2523 καὶ
2249 2469 2428 2526 πάντα
2460 2468 2530 2523 τά
2555 2470 2781 2524 τοιαῦτα
2817 2469 2872 2523 τί
2904 2470 2971 2524 ἄν
3017 2486 3101 2533 τις
3138 2468 3318 2537 λέγοις
3359 2467 3485 2541 ἢτά
3514 2468 3703 2539 ἐδάφη

2116 2560 2229 2614 τῶν
2277 2560 2462 2615 οἰκιῶν
2509 2564 2630 2623 ταῖς
2672 2558 2947 2625 ποικίλαις
2977 2559 3085 2613 τῶν
3129 2560 3290 2614 λίθων
3318 2559 3506 2631 ﬁngat;
3555 2559 3706 2613 ὐπο-

2117 2651 2400 2723 λάμποντα
2421 2693 2435 2716 ,
2465 2650 2541 2715 ὡς
2568 2650 2634 2704 ἄν
2662 2651 2756 2704 καὶ
2784 2652 2833 2704 oi
2866 2650 3026 2714 πόδες
3054 2650 3232 2705 αὐτῶν
3260 2651 3358 2722 τῆς
3386 2650 3557 2720 αὐγῆς
3588 2652 3708 2705 τῶν

2118 2743 2284 2799 λίθων
2306 2743 2718 2815 κατατρυφῶσι,
2746 2743 2844 2815 τήν
2876 2760 2937 2795 τε
2963 2744 3104 2797 κατά
3131 2743 3193 2796 τὸ
3227 2742 3426 2813 πλῆθος
3453 2743 3565 2795 τῶν
3587 2762 3708 2797 τοι-

2118 2833 2291 2888 ούτων
2318 2833 2482 2888 οἴκων
2518 2834 2846 2905 φιλοτιμίαν,
2889 2827 2966 2887 ὧν
3008 2834 3187 2906 οὐχὶή
3229 2816 3387 2905 χρεβ
3417 2834 3513 2903 τῆς
3543 2835 3708 2906 {Ui-‘5

2119 2924 2217 2996 τὴν
2257 2926 2600 2997 κατασκευὴν
2637 2925 2942 2996 ἀναγκαίαν
2990 2928 3157 2989 ποιεῖ,
3199 2927 3314 2980 ἀλλ’
3349 2928 3382 2999 ἡ
3426 2925 3706 2997 ἐπιθυμία

2118 3012 2207 3068 διά
2244 3012 2354 3067 τῶν
2393 3015 2633 3085 ἀνοήτων
2664 3015 2930 3087 προϊοῦσα
2968 3016 3208 3087 εὑρίσκει
3259 3016 3528 3088 ἀκαιρίαν.
3572 3018 3705 3090 Χρὴ

2121 3105 2229 3175 γὰρ
2256 3104 2364 3161 τῶν
2389 3107 2551 3160 οἴκων
2577 3108 2703 3168 τοὺς
2732 3106 2828 3177 μὲν
2851 3106 3084 3178 δρόμους
3112 3101 3276 3170 εἶναι,
3308 3108 3429 3168 τοὺς
3449 3106 3505 3160 δὲ
3530 3126 3609 3163 πε
3616 3128 3706 3181 ρι-

2123 3199 2357 3263 πάτους’,
2388 3200 2514 3263 τοὺς
2549 3198 2648 3269 μὲν
2689 3200 2976 3263 εἰσοδίους,
3017 3201 3145 3263 τοὺς
3175 3199 3232 3254 δὲ
3291 3200 3703 3271 προεισοδίους,

438 3290 924 3355 deambulandum,
964 3290 1103 3344 alias
1146 3288 1210 3343 ad
1262 3288 1592 3358 ingressum,
1639 3287 1775 3341 alias
1814 3286 1878 3339 ad
1928 3301 2017 3340 ve-

2124 3287 2313 3353 ᾶλλους
2345 3289 2684 3354 ἐπιπυλίους.
2735 3290 2811 3343 Ού
2855 3289 2963 3361 γὰρ
3020 3291 3211 3361 ἀρκεῖν
3259 3290 3515 3361 ἡγοῦνται
3557 3292 3708 3362 πρὸς

439 3383 723 3447 stihulum,
772 3382 908 3435 alias
951 3397 1073 3451 qua:
1120 3380 1291 3453 portis
1341 3379 1451 3434 sint
1500 3379 1789 3447 impositae.
1834 3375 2022 3446 Neque

441 3475 587 3529 enim
630 3473 764 3529 satis
803 3489 925 3528 esse
973 3476 1167 3543 putant
1206 3471 1271 3526 ad
1310 3472 1508 3526 fastum
1553 3482 1738 3541 portas
1773 3479 1825 3525 et
1859 3471 2022 3525 vesti-

438 3567 590 3633 bula,
636 3574 689 3621 et
724 3566 962 3637 amplum
1014 3564 1157 3635 quod
1205 3573 1288 3619 est
1341 3564 1481 3618 intra
1525 3571 1713 3633 portas
1763 3563 2021 3632 spatium,

439 3656 549 3712 nisi
602 3654 1037 3726 ingredientibus
1077 3653 1345 3723 ejusmodi
1388 3651 1518 3722 quid
1565 3653 1717 3722 prius
1747 3658 2022 3717 Occurrat,

438 3744 586 3819 quod
610 3745 795 3802 statim
842 3744 1242 3816 ingredientem
1298 3742 1535 3798 videndo
1578 3741 1752 3812 possit
1786 3740 2027 3812 stupefa-

443 3851 591 3894 cere.
645 3835 745 3892 llis
788 3835 1060 3891 accedunt
1109 3835 1348 3899 lavacra,
1408 3849 1528 3905 quae
1570 3848 1731 3889 usum
1787 3833 2028 3904 praebent

370 3986 379 3995 ,
440 3928 607 3986 simul
646 3942 780 3982 cum
824 3925 1260 3997 magnificentia,
1309 3925 1366 3980 in
1413 3925 1642 3979 fontium
1693 3923 2025 3979 abundantia

441 4020 579 4076 totis
619 4016 801 4075 ﬂuviis
846 4016 1153 4086 irrigantia,
1206 4024 1262 4070 et
1311 4030 1432 4085 quae
1481 4024 1609 4069 ante
1645 4029 1708 4069 ea
1751 4014 1854 4069 sita
1899 4021 2027 4069 sunt

444 4102 750 4180 gymnasia,
794 4121 967 4176 eaque
1020 4105 1194 4159 variis
1240 4104 1609 4159 marmoribus
1656 4103 1937 4172 splendide
1973 4109 2027 4158 et

446 4199 650 4257 affahre
693 4197 759 4253 ad
804 4206 1059 4252 ornatum
1104 4205 1441 4261 constructa,
1494 4205 1548 4251 et
1596 4197 1837 4265 undique
1878 4197 2024 4250 circa

444 4294 589 4349 aedes
616 4293 862 4363 porticus
892 4289 1219 4358 Numidicis,
1255 4290 1590 4347 Thessalicis
1626 4298 1720 4344 aut
1751 4289 2025 4361 Egineti-

445 4386 527 4441 eis
578 4386 781 4440 innixm
819 4384 1116 4446 columnis,
1175 4391 1229 4439 et
1270 4398 1346 4439 ars
1399 4383 1451 4436 in
1492 4382 1713 4445 statuis,
1775 4381 1921 4450 quod
1970 4381 2025 4435 in

445 4478 597 4536 mille
627 4480 838 4551 species
861 4477 1156 4548 effingitur,
1193 4491 1387 4546 nempe
1418 4476 1471 4528 in
1530 4474 1895 4544 quodcunque
1926 4489 2026 4528 cu-

445 4572 584 4627 riosi
612 4581 666 4628 et
689 4570 1082 4643 supervacanei
1113 4567 1296 4637 operis
1323 4565 1653 4621 desiderium
1698 4565 1875 4620 fundit
1906 4580 2025 4618 ma-

2126 3379 2337 3451 κόμπον
2364 3379 2463 3442 τὰς
2502 3379 2674 3443 πύλας
2704 3378 2799 3433 καὶ
2829 3378 2895 3432 τὰ
2928 3379 3258 3452 προπύλαια,
3297 3380 3391 3434 καὶ
3420 3380 3517 3451 τὴν
3543 3380 3709 3446 ἐντὸς

2124 3468 2233 3522 τῶν
2261 3468 2441 3522 πυλῶν
2468 3468 2840 3541 εὐρυχωρίαν,
2872 3469 2921 3521 εἰ
2963 3470 3035 3540 μή
3062 3488 3115 3522 τι
3143 3469 3381 3524 τοιοῦτον
3407 3486 3709 3541 προεντυγ-

2122 3560 2275 3629 χάνει
2329 3562 2442 3622 τοῖς
2501 3556 2789 3622 εἰσιοῦσιν,
2843 3551 2955 3611 οἷον
2993 3558 3154 3621 εὐθὺς
3203 3557 3540 3627 καταπλῆξαι
3605 3559 3704 3613 τοῦ

2124 3647 2401 3719 ὁρωμένου
2431 3647 2523 3702 τὸν
2551 3648 2953 3719 εἰσερχόμενον.
2989 3649 3208 3720 Λουτρά
3231 3667 3292 3703 τε
3332 3650 3465 3721 πρὸς
3489 3649 3705 3717 τούτοις

2071 3752 2085 3767 ⁸
2126 3739 2508 3810 συμπαριόντα
2529 3741 2595 3810 τῇ
2621 3738 2905 3809 ,φιλοτιμίᾳ
2936 3738 3035 3811 τὴν
3059 3740 3256 3812 χρῆσιν
3277 3744 3539 3813 ποταμοῖς
3556 3743 3707 3809 ὅλοις

2124 3828 2185 3882 ὲν
2231 3831 2296 3901 τῇ
2340 3829 2450 3883 τῶν
2494 3830 2739 3902 κρουνῶν
2780 3830 3031 3903 δαψιλείᾳ
3073 3833 3555 3905 κατακλυζόμενα,
3605 3838 3707 3891 καὶ

2124 3922 2329 3976 τούτων
2366 3924 2785 3996 προϐεϐλημένα
2814 3926 3090 3997 γυμνάσια
3112 3967 3126 3990 ,
3170 3929 3262 3981 καὶ
3289 3928 3459 3982 ταῦτα
3505 3947 3569 3982 πε
3580 3947 3703 4002 ρισσ

2126 4010 2236 4075 σῶς
2274 4011 2366 4064 διὰ
2418 4012 2677 4066 ποικίλων
2725 4015 3037 4086 μαρμάρων
3082 4016 3163 4080 είς
3208 4017 3416 4087 κόσμον
3468 4017 3710 4091 ἐξησκη-

2129 4103 2297 4174 μένα,
2323 4104 2473 4159 στοαί
2491 4121 2549 4158 τε
2582 4105 2920 4175 πανταχόθεν
2972 4108 3101 4178 περὶ
3129 4107 3227 4179 τὴν
3267 4108 3476 4181 οἴκησιν
3500 4110 3713 4182 Νουμι-

2125 4190 2293 4257 δίοις,
2339 4191 2375 4262 ἢ
2400 4190 2716 4256 Θεσσαλοῖς,
2756 4195 2790 4267 ἢ
2825 4195 3141 4266 Αἰγινήταις
3171 4197 3382 4262 στύλοις
3418 4199 3714 4270 ὑπερειδό-

2130 4300 2317 4355 μεναι,
2340 4287 2445 4345 ὅτε
2476 4284 2535 4336 ἐν
2568 4287 2682 4348 τοῖς
2731 4285 2979 4357 ἀνδριᾶσι
3027 4286 3231 4357 χαλκὸς
3276 4286 3382 4354 ὢν,
3417 4290 3497 4353 είς
3533 4282 3710 4362 μυρία

2127 4374 2240 4449 εἴδη
2273 4375 2683 4445 σχηματίζοιτο,
2713 4377 2849 4448 πρὸς
2879 4377 2976 4429 ὅτι
3009 4378 3043 4449 ἡ
3073 4377 3338 4449 ἐπιθυμία
3358 4380 3458 4451 τῆς
3484 4397 3713 4454 περιερ-

2127 4465 2280 4536 γείας
2300 4466 2413 4537 χέει
2434 4467 2533 4538 τὴν
2563 4466 2717 4539 ὓλην,
2747 4469 2815 4522 τά
2836 4485 2893 4521 τε
2925 4468 2992 4522 ὲκ
3017 4470 3123 4524 τῶν
3155 4471 3462 4545 μαρμάρων
3486 4474 3709 4540 εἴδωλα,

2127 4558 2225 4611 καὶ
2277 4558 2377 4623 τὰς
2431 4559 2525 4611 ἐπὶ
2575 4559 2685 4612 τῶν
2725 4560 2971 4615 πινάκων
3017 4563 3361 4635 ἐπιγραφὰς,
3396 4565 3463 4618 δι’
3495 4559 3571 4620 ὧν
3612 4570 3744 4621 καὶ⁴

448 4661 666 4726 teriam,
695 4668 749 4715 et
792 4677 916 4732 qua:
946 4662 1001 4715 in
1045 4658 1248 4714 tabulis
1279 4659 1524 4728 pictum,
1573 4671 1668 4726 per
1693 4670 1831 4728 quas
1864 4657 2021 4711 etiam

2133 4651 2247 4713 τοῖς
2290 4649 2587 4721 ὀφθαλμοῖς
2636 4650 3086 4724 ὲκπορνεύουσιν,
3133 4653 3556 4728 ἀπογυμνούσης
3608 4659 3713 4729 τῆς

447 4751 793 4806 fornicamur
838 4751 1035 4813 oculis,
1081 4759 1198 4804 arte
1230 4750 1505 4821 aperiente
1540 4763 1636 4819 per
1672 4747 2028 4801 imitationem

447 4857 513 4898 ea
543 4857 665 4912 quas
692 4842 866 4913 aspici
904 4850 1204 4913 nequeunt,
1233 4850 1287 4895 et
1324 4852 1666 4908 qumcunque
1695 4837 1823 4892 licet
1850 4836 2032 4891 videre

449 4934 507 4989 in
542 4933 612 4988 iis
642 4947 765 5005 qua:
804 4939 933 4987 sunt
960 4928 1233 5001 ejusmodi
1281 4926 1488 4983 ati‘abre
1521 4926 1661 4982 facta
1691 4926 1758 4981 ad
1793 4925 2032 4981 admira-

448 5026 653 5083 tionem
694 5033 748 5082 et
778 5023 1265 5096 pulchritudinem.

521 5118 809 5187 Quomodo
845 5130 1064 5187 possem
1111 5113 1390 5183 sigillatim
1446 5110 1627 5167 verbis
1667 5110 1918 5179 persequi
1965 5122 2026 5162 ea

452 5212 507 5264 in
538 5225 662 5280 qua:
694 5206 936 5263 studium
973 5202 1118 5276 quod
1143 5201 1447 5268 confertur,
1476 5209 1561 5257 est
1591 5198 1946 5269 reprehensio
1975 5204 2029 5250 et

452 5301 791 5359 insimulatio
847 5299 1188 5370 negligentia:
1248 5297 1301 5351 in
1352 5296 1419 5351 iis
1458 5311 1581 5366 qua:
1627 5301 1753 5349 sunt
1814 5290 2032 5361 priora?

451 5393 573 5459 Quo
600 5394 746 5448 enim
777 5391 956 5460 major
996 5389 1157 5443 fuerit
1192 5395 1247 5444 et
1297 5386 1648 5441 multitudine
1689 5395 1742 5439 et
1790 5381 2031 5436 materia:

454 5493 676 5553 sumptu
731 5482 1136 5553 magnificentia
1191 5481 1245 5534 in
1312 5479 1510 5533 a‘dium
1569 5476 1898 5537 structuris,
1961 5489 2028 5529 eo

455 5576 631 5644 magis
664 5574 914 5644 arguitur
946 5573 1255 5627 inornatam
1292 5586 1417 5626 esse
1450 5568 1709 5623 animam.
1751 5565 1855 5634 Qui
1885 5566 2028 5618 enim

460 5664 527 5719 ad
583 5666 822 5733 seipsum
872 5664 1093 5733 aspicit,
1153 5674 1205 5717 et
1251 5662 1643 5717 habitationem
1693 5675 1820 5714 vene
1873 5673 2028 5711 suam

460 5764 715 5821 exornat,
759 5764 820 5808 ut
851 5755 1144 5824 aliquando
1174 5755 1335 5809 etiam
1384 5752 1549 5806 Deum
1593 5749 1833 5818 excipiat
1879 5747 2034 5800 hahi-

462 5861 685 5914 tantem,
736 5851 783 5906 is
814 5850 974 5903 aliam
1020 5849 1179 5904 habet
1214 5849 1496 5903 materiam
1540 5862 1604 5902 ex
1637 5859 1744 5915 qua
1788 5843 1881 5898 tali
1931 5842 2032 5895 ha-

2131 4742 2328 4813 τέχνης
2362 4742 2469 4796 ἀπὸ
2513 4744 2797 4815 μιμήσεως
2843 4741 2913 4796 τὰ
2943 4742 3184 4811 ἀθέατα,
3235 4746 3329 4799 καὶ
3355 4747 3458 4802 ὅσα
3494 4750 3555 4803 ὲν
3594 4754 3711 4816 τοῖς

2131 4830 2396 4895 τοιούτοις
2441 4832 2590 4888 ἔστιν
2620 4833 2749 4886 ἰδεῖν
2777 4834 2856 4897 είς
2881 4833 3144 4904 ἔκπληξίν
3190 4852 3249 4889 τε
3280 4836 3375 4889 καὶ
3402 4836 3553 4910 ῶραν
3582 4840 3711 4894 ἐπιο

2130 4920 2469 4993 τεχνώμενα.

2207 5106 2331 5171 Πῶς
2365 5107 2431 5162 ἄν
2469 5125 2553 5173 τις
2601 5108 2673 5162 τὰ
2716 5109 2838 5166 καθ’
2867 5111 3098 5165 ἕκαστον
3129 5110 3385 5175 διεξέλθοι
3411 5112 3490 5183 τῷ
3532 5114 3709 5188 λόγῳ,

2135 5200 2194 5253 ὲν
2225 5194 2308 5264 οἷς
2347 5202 2381 5272 ἡ
2409 5200 2610 5271 σπουδὴ
2640 5203 2945 5274 κατηγορία
2973 5203 3067 5257 καὶ
3112 5202 3331 5274 ἔλεγχος
3359 5207 3457 5277 τῆς
3486 5208 3618 5278 περὶ
3646 5210 3716 5262 τά

2137 5293 2380 5364 πρότερα
2433 5292 2705 5366 ῥᾳθυμίας
2756 5294 2936 5360 ὲστίν;
2970 5296 3120 5365 Ὅσῳ
3171 5295 3281 5367 γὰρ
3317 5296 3383 5350 ἂν
3436 5296 3716 5375 πλεονάσῃ

2135 5383 2213 5453 τῷ
2256 5383 2453 5455 πλήθει
2500 5384 2595 5437 καὶ
2636 5387 2703 5456 τῇ
2745 5385 2872 5456 περὶ
2913 5386 3012 5449 τὰς
3044 5385 3175 5449 ὔλας
3202 5387 3479 5460 φιλοτιμίᾳ
3527 5390 3717 5467 ἐν

2136 5480 2250 5541 τοῖς
2285 5474 2856 5546 κατασκευαζομένοις
2905 5476 3176 5543 σπουδὴν,
3224 5478 3464 5550 τοσούτῳ
3514 5482 3716 5550 μᾶλλον

2134 5568 2346 5639 ἐλέγχει
2386 5568 2570 5637 τὸτῆς
2617 5567 2798 5638 ψυχῆς
2844 5565 3276 5624 ἀκαλλώπιστον.
3326 5570 3386 5623 ’0
3421 5571 3530 5641 γὰρ
3577 5574 3715 5643 πρὸς

2134 5660 2325 5713 ἑαυτὸν
2353 5659 2587 5730 βλέπων,
2630 5661 2726 5713 καὶ
2760 5659 2862 5731 τὴν
2890 5659 3027 5713 ἰδίαν
3063 5659 3231 5723 ὅντως
3260 5661 3473 5733 οἴκησιν
3508 5664 3718 5716 καλλω-

2134 5751 2338 5816 πίζων,
2371 5750 2511 5803 ὥστε
2560 5750 2693 5803 ποτε
2743 5750 2839 5803 καὶ
2888 5750 2981 5804 τὸν
3009 5751 3141 5807 Θεὸν
3185 5754 3397 5808 ἕνοικον
3429 5756 3709 5821 δέξασθαι,

2137 5839 2303 5904 ἄλλας
2356 5840 2467 5910 ἕχει
2517 5840 2615 5903 τὰς
2650 5840 2782 5904 ὕλας
2829 5841 2887 5905 ἐξ
2932 5833 3006 5893 ὧν
3053 5842 3116 5895 τὸ
3160 5843 3353 5909 κάλλος
3381 5848 3450 5916 τῇ
3488 5846 3712 5917 ’τοιαύιης⁶
