3844 6400
171 363 263 418 657

1207 359 1275 413 iN
1320 355 1852 414 ECCMESIASTEN.
1886 356 2166 413 HOMILIA
2201 357 2287 413 Ill.

3308 314 3417 414 εδει

170 476 360 546 οἰκήσει
400 474 826 545 σοιερανίζεται.
869 470 999 529 Οἶδα
1037 473 1150 542 ἐγὼ
1186 474 1387 545 χρυσὸν
1417 476 1530 537 τοῖς
1561 472 1733 528 τοιού-

1853 474 2084 529 )ἱιιιιίοιιί
2117 475 2376 530 conciliat
2408 475 2896 546 pulchritudinem.
2942 477 3076 532 Novi
3123 478 3270 531 enim
3309 491 3413 547 ego

168 584 264 630 τοις
291 566 469 637 ἔργοις
498 565 881 632 ὲνστίλϐοντα,
924 566 1013 619 τὸν
1045 567 1111 619 ὲκ
1142 566 1240 637 τῆς
1271 565 1495 637 Γραφῆς
1525 565 1732 637 νοημά-

170 674 262 710 των
310 655 771 726 μεταλλευόμενον
792 672 808 687 ·
858 651 978 710 οἶδα
1026 655 1265 727 ἄργυρον
1313 655 1382 708 τά
1431 655 1548 709 θεῖα
1578 655 1733 725 λόγια

171 745 230 800 τὰ
251 744 652 816 πεπυρωμένα,
683 737 758 799 ὧν
791 745 1093 817 ἀστράπτει
1121 748 1155 817 η
1187 744 1489 817 λαμπηδὼν
1520 745 1607 800 διὰ
1635 747 1737 817 τῆς

172 836 410 908 ἀληθείας
437 835 821 906 ἐκλάμπουσα.
852 835 1034 891 Λίθων
1053 835 1122 890 ’δὲ
1161 837 1422 891 ποικίλων
1449 836 1645 905 αὐγὰς,
1675 835 1734 904 ἐξ

171 923 237 983 ὧν
259 928 309 980 οἵ
325 945 386 995 τε
428 930 599 999 τοῖχοι
643 929 739 982 τοῦ
769 927 1009 982 τοιούτου
1044 927 1175 981 ναοῦ
1212 925 1690 1003 κατακοσμοῦνται
1716 966 1733 993 ,

173 1022 255 1074 καὶ
290 1022 389 1091 τῆς
435 1024 778 1093 κατασκευῆς
822 1022 891 1077 τά
941 1022 1113 1093 ἐδάφη
1170 1023 1270 1087 τάς
1330 1022 1580 1085 ποικίλας
1626 1021 1736 1076 τῶν

172 1113 369 1185 ἀρετῶν
409 1112 681 1183 διαθέσεις
717 1115 952 1186 νοήσας,
983 1115 1084 1169 οὐκ
1116 1113 1182 1168 ἂν
1220 1114 1490 1186 ἁμάρτοις
1530 1114 1626 1169 τοῦ
1666 1116 1734 1186 τῇ

172 1205 304 1275 οἰκίᾳ
347 1204 648 1276 πρέποντος
695 1205 919 1277 κόσμου.
962 1205 1397 1277 Καταστορέσθω
1437 1209 1503 1277 τῇ
1531 1207 1737 1277 ἐγκρα-

172 1295 276 1368 τείᾳ
319 1295 379 1349 τὸ
410 1295 623 1366 ἔδαφος,
672 1297 740 1351 δι’
772 1291 841 1370 ἦς
872 1300 905 1369 ἡ
949 1299 1048 1369 τῆς
1085 1299 1283 1371 γηῖνης
1320 1299 1559 1363 διανοίας
1591 1299 1737 1363 κόνις

169 1388 225 1440 οὐ
252 1387 520 1459 διοχλήσει
548 1388 640 1442 τὸν
666 1389 1045 1460 διαιτώμενον.
1084 1391 1145 1444 Ἡ
1173 1390 1283 1444 τῶν
1313 1391 1558 1462 οὐρανῶν
1581 1390 1738 1455 ἐλπὶς

171 1474 440 1546 ὼραῖζέτω
489 1474 582 1529 τὸν
625 1477 854 1547 ὄροφον,
888 1479 1025 1550 πρὸς
1053 1479 1119 1550 ἢν
1151 1479 1470 1534 ἀναϐλέπων
1521 1480 1600 1553 τῷ
1640 1482 1738 1553 τῆς

170 1565 337 1637 ψυχῆς
362 1565 658 1639 ὀφθαλμῷ,
687 1570 789 1623 οὐκ
819 1570 1060 1634 εἰδώλοις
1091 1570 1319 1635 κάλλους
1348 1571 1439 1626 διὰ
1466 1571 1739 1642 γλυφίδων

170 1659 619 1730 μεμορφωμένοις
638 1701 652 1727 ,
701 1662 817 1716 ἀλλ’
850 1663 985 1716 αὐτὸ
1028 1662 1149 1733 ὄψει
1177 1664 1237 1718 τὸ
1264 1664 1573 1736 ἀρχέτυπον
1611 1665 1744 1721 κάλ-

170 1748 273 1815 λος,
290 1751 351 1803 οὐ
382 1751 567 1822 χρυσῷ
586 1770 690 1806 τινι
712 1755 805 1807 καὶ
819 1754 1042 1827 ἀργύρῳ
1061 1755 1456 1828 διηνθισμένον,
1473 1756 1590 1810 ἀλλ’
1605 1759 1741 1830 ὅπερ

1835 581 2030 621 aurum
2077 567 2224 637 quod
2274 567 2589 638 resplendet
2645 568 2702 622 in
2751 567 3066 639 huiusmodi
3115 566 3409 639 operibus,

1835 658 1982 727 quod
2015 659 2232 726 quidem
2261 675 2328 716 ex
2362 657 2654 732 Scriptura:
2690 660 2948 717 sensibus
2975 658 3248 719 effoditur.
3275 659 3412 715 Novi

1836 761 2119 820 argentum
2166 752 2352 806 divina
2396 752 2614 821 eloquia
2667 751 2792 824 igne
2850 759 3116 823 purgata,
3178 766 3411 822 quorinn

1838 839 2007 913 fulget
2049 843 2314 913 splendor
2359 843 2605 899 emicans
2641 859 2738 914 per
2774 844 3078 901 veritatem.
3122 842 3411 898 Variorum

1836 942 2018 988 autem
2068 933 2310 1004 lapidum
2355 934 2700 1002 splendores,
2760 935 2966 1006 quibus
3014 934 3180 1006 hujus
3225 935 3413 1006 templi

1836 1031 2104 1079 ornantur
2143 1026 2400 1095 parietes,
2448 1034 2505 1080 et
2549 1026 2920 1097 pavimentum
2965 1026 3204 1092 aedilicii,
3242 1026 3418 1080 virtu.

1837 1121 1951 1167 tum
1996 1114 2179 1170 varias
2231 1114 2542 1187 intelligens
2590 1115 2929 1181 eli‘ectiones,
2972 1132 3084 1171 non
3133 1115 3415 1172 aberrabis

1839 1207 1907 1260 ab
1948 1215 2271 1262 ornamento
2314 1207 2458 1277 quod
2494 1206 2720 1262 domum
2758 1207 2936 1263 decet.
2987 1207 3279 1264 Sternatur
3319 1222 3415 1265 ao-

1839 1295 1951 1350 lum
1986 1285 2352 1363 continentia,
2389 1314 2490 1370 per
2516 1315 2684 1370 quam
2734 1300 2917 1371 pulvis
2941 1310 3171 1357 terrena:
3216 1301 3418 1358 mentis

1839 1403 1948 1442 non
1978 1387 2168 1443 aﬂ‘eret
2195 1390 2500 1445 molestiam
2528 1391 2582 1447 ei
2620 1392 2715 1467 qui
2746 1392 3036 1448 inhabitat.
3078 1390 3223 1462 Spes
3242 1393 3415 1449 ρατιο-

1840 1494 1959 1534 rum
2023 1490 2224 1535 tectum
2284 1481 2553 1545 illustret,
2594 1482 2665 1537 ad
2718 1497 2884 1554 quam
2942 1484 3169 1541 intuens
3223 1484 3419 1540 animae

1842 1572 2023 1636 oculo,
2070 1588 2180 1627 non
2214 1573 2641 1644 pulchritudinis
2672 1575 2972 1649 simulacra
2998 1576 3144 1635 caelo
3178 1582 3236 1631 et
3276 1577 3420 1632 scal-

1843 1664 1989 1735 pello
2020 1664 2276 1731 formata,
2302 1664 2399 1720 sed
2433 1665 2645 1722 videbis
2670 1666 2849 1737 ipsum
2875 1667 3152 1738 exemplar
3176 1666 3421 1738 pulchri-

1845 1755 2053 1812 tudinis
2087 1770 2196 1811 non
2242 1770 2379 1810 auro
2424 1763 2481 1811 et
2514 1763 2743 1826 argento
2783 1756 2981 1811 illitum
3029 1763 3086 1812 et
3116 1756 3419 1818 excultum,

173 1838 303 1910 ὑπὲρ
320 1842 543 1911 χρυσίον
571 1834 664 1896 καὶ
688 1844 833 1899 λίθον
863 1846 1041 1919 τίμιόν
1069 1849 1186 1900 ἐστι
1218 1847 1406 1904 πολύν.
1442 1850 1506 1903 Et
1546 1849 1603 1904 δὲ
1636 1850 1742 1922 χρὴ

1853 1848 1938 1903 sed
1973 1847 2120 1917 quod
2151 1856 2237 1904 est
2288 1848 2449 1919 longe
2489 1863 2655 1919 super
2700 1862 2894 1903 aurum
2936 1855 2994 1904 et
3032 1855 3316 1919 argentum
3365 1855 3423 1902 et

172 1929 259 1984 καὶ
279 1932 342 1983 ἐκ
366 1931 615 2001 πλαγίων
636 1935 840 2007 κόσμον
868 1937 1182 2010 ὑπογράψαι
1211 1937 1290 2010 τῷ
1321 1939 1496 2011 λόγῳ,
1523 1940 1677 1994 ἔνθεν
1708 1943 1743 2013 ἡ

170 2022 440 2095 ἁφθαρσία
462 2028 602 2099 καὶὴ
627 2028 864 2083 ἀπάθεια
882 2030 1265 2086 διαπλακούτω
1295 2032 1386 2086 τὸν
1411 2012 1558 2088 οἷκον
1577 2051 1591 2064 '
1609 2012 1746 2089 ὲκεῖζ

169 2112 251 2167 θεν
267 2116 302 2186 η
315 2116 629 2191 δικαιοσύνη
644 2121 736 2174 καὶ
752 2121 812 2176 τὸ
826 2122 1091 2194 ἀόργητον
1108 2125 1378 2196 κοσμείτω
1392 2126 1490 2198 τὴν
1510 2128 1742 2200 οῐκησιν.

173 2206 302 2260 Καθ’
325 2208 512 2280 ἕτερον
523 2209 598 2280 μέ
606 2227 696 2282 ρος
714 2212 746 2283 ἡ
777 2213 1246 2287 ταπεινοφροσύνῃ
1270 2216 1448 2271 καὶτὸ
1476 2218 1748 2291 μακρόθυς

169 2314 267 2367 μον
286 2298 660 2371 διαλαμπέτω,
680 2304 774 2357 καὶ
808 2305 927 2358 κατ’
953 2305 1081 2359 ἄλλο
1102 2304 1284 2373 πάλιν,
1304 2309 1338 2380 ή
1375 2307 1501 2379 περὶ
1519 2310 1579 2362 τὸ
1597 2309 1746 2367 Θείον

171 2389 448 2445 εὐσέϐειαο
488 2394 667 2448 πάντα
684 2394 743 2448 δὲ
771 2396 942 2450 ταῦτα
970 2398 999 2452 ό
1033 2398 1196 2463 καλὸς
1221 2398 1469 2472 τεχνίτης
1497 2401 1531 2473 ἡ
1557 2402 1745 2477 ἀγάπη

168 2480 398 2547 εὐθέτως
422 2484 560 2555 πρὸς
581 2485 787 2558 ἄλληλα
812 2489 1216 2560 συναρμοζέτω.
1236 2490 1356 2545 Κᾶν
1375 2490 1614 2565 λουτρῶν
1628 2495 1749 2549 ἐπι-

166 2572 362 2645 θυμῇς,
393 2574 493 2630 ἐὰν
524 2575 703 2651 θέλῃς,
739 2578 884 2650 ἔχεις
915 2581 1010 2636 καὶ
1037 2580 1260 2653 λουτρὸν
1291 2583 1637 2649 κατοικίδιον,
1654 2586 1748 2640 καὶ

167 2666 427 2734 κρουνοὺς
460 2666 623 2731 ἰδίους
651 2669 719 2722 δι’
749 2664 824 2723 ὧν
870 2670 984 2724 ἐστι
1028 2672 1127 2736 τὰς
1168 2673 1392 2745 κηλίδας
1437 2676 1540 2748 τῆς
1569 2677 1748 2748 ψυχῆς

166 2756 570 2827 ἀπονίψασθαι,
603 2753 648 2829 ᾧ
674 2761 938 2833 ἐκέχρητο
974 2764 1068 2817 καὶ
1103 2766 1132 2818 ό
1170 2765 1343 2836 μέγας
1379 2768 1578 2834 Δαϐὶδ,
1609 2770 1751 2823 κατά

165 2846 333 2903 νύκτα
361 2851 646 2922 ἐντρυφῶν
672 2852 750 2923 τῷ
770 2854 996 2926 τοιούτῳ
1031 2856 1259 2929 λουτρῷ.
1301 2858 1532 2924 Στύλους
1564 2860 1624 2913 δὲ
1650 2860 1750 2933 τὴν

164 2939 260 3010 τῆς
287 2942 472 3013 ψυχῆς
505 2943 665 2997 στοάν
699 2946 1104 3019 ὑπερείδοντας,
1130 2950 1205 3021 μὴ
1232 2950 1500 3021 Φρυγίους
1526 2951 1748 3022 mw}ch

164 3034 509 3105 πορφυρίτας
562 3039 946 3109 τυεριεργάζου,
978 3040 1114 3095 ἀλλά
1154 3042 1215 3096 τὸ
1258 3044 1316 3096 ἐν
1351 3045 1512 3098 παντὶ
1563 3044 1752 3116 ἀγαθῷ

166 3125 433 3196 στάσιμόν
469 3142 531 3178 τε
566 3128 660 3180 καὶ
686 3128 1083 3204 ἀμετακίνητον
1109 3133 1218 3186 τῶν
1256 3133 1458 3188 ύλικῶν
1489 3134 1633 3189 ἔστω
1667 3152 1751 3189 σοι

1846 1939 2080 2011 lapidem
2122 1940 2445 2011 pretiosum.
2495 1938 2653 2005 Quod
2697 1940 2744 1996 si
2789 1938 2955 1994 etiam
3000 1954 3066 1994 ex
3103 1946 3421 1994 transverso

1845 2033 1918 2089 sit
1959 2033 2144 2089 verbis
2179 2031 2583 2088 describendus
2616 2038 2868 2095 ornatus,
2921 2031 3047 2086 hinc
3080 2030 3420 2100 incorruptio

1843 2132 1898 2179 et
1932 2123 2308 2194 impatibilitas
2344 2123 2568 2179 domum
2594 2123 2901 2188 incrustet;
2933 2123 3084 2178 illinc
3119 2121 3335 2190 iustitia
3366 2131 3423 2177 et

1845 2215 1940 2269 ira:
1987 2230 2095 2269 non
2143 2230 2266 2271 esse
2313 2215 2611 2270 obnoxium
2667 2221 2826 2272 ornet
2875 2213 3294 2269 habitationem.
3338 2210 3416 2269 Ex

1845 2308 2017 2362 altera
2050 2316 2211 2377 parte
2264 2306 2617 2377 resplendeat
2667 2305 2957 2361 humilitas
2987 2311 3044 2360 et
3092 2303 3314 2369 lenitas,
3362 2310 3423 2360 et

1849 2414 2044 2454 rursus
2074 2413 2142 2452 ex
2178 2397 2286 2452 alia
2319 2397 2374 2453 in
2420 2395 2591 2457 Deum
2628 2396 2831 2470 pietas.
2860 2394 2988 2451 Hec
3021 2401 3205 2449 autem
3236 2394 3423 2449 omnia

1848 2488 2150 2560 praeclarus
2195 2487 2419 2555 artifex,
2465 2502 2667 2559 nempe
2696 2486 2967 2551 charitas,
3014 2492 3142 2557 apte
3175 2485 3324 2541 inter
3362 2500 3426 2541 se

1847 2583 2167 2653 coniungat.
2228 2575 2381 2644 Quod
2414 2577 2459 2633 si
2483 2579 2691 2635 lavacra
2714 2579 3012 2642 desideres;
3031 2590 3087 2636 et
3114 2580 3259 2635 domi
3293 2579 3423 2634 velis

1853 2673 2052 2730 habere
2091 2671 2728 2742 lavacrum..._et.proprios
2757 2671 2935 2727 fontes
2969 2669 3261 2732 salientes,
3299 2670 3425 2739 qui.

1849 2761 1956 2818 bus
2002 2761 2200 2816 animae
2246 2761 2476 2817 macine:
2499 2761 2715 2831 possint
2752 2759 2889 2826 elui,
2940 2758 2996 2814 id
3025 2767 3183 2830 potes
3219 2759 3428 2817 habere

1850 2870 1962 2927 quo
1995 2860 2244 2911 ususest
2278 2867 2513 2923 magnus
2559 2852 2755 2915 David,
2791 2858 2963 2908 noctu
2995 2851 3052 2905 in
3097 2866 3166 2907 eo
3198 2852 3426 2908 lavacro

1853 2963 1914 3003 se
1962 2936 2274 3008 oblectans.
2308 2943 2609 3000 Columnas
2640 2953 2825 3000 autem
2866 2958 2989 3015 quae
3023 2943 3221 3000 animae
3255 2944 3425 3013 porti—

1852 3053 1981 3099 cum
2029 3037 2331 3102 sustinent,
2385 3052 2494 3091 non
2536 3034 2825 3108 Phrygias,
2877 3042 2972 3089 aut
3012 3030 3420 3106 porphyreticas

1856 3146 2118 3202 procura,
2175 3129 2269 3185 sed
2331 3127 2607 3185 stabilitas
2653 3135 2708 3184 et
2764 3125 3123 3182 immubiiitas
3169 3123 3228 3179 in
3276 3124 3428 3180 omni

165 3184 368 3270 τούτων
411 3184 889 3290 καλλωπισμάτων
936 3184 1639 3297 άλυτιμῶερονιῂέῖδῶλα

1856 3184 2002 3279 bono
2050 3224 2124 3278 sit
2178 3222 2338 3291 longe
2394 3219 2688 3291 pretiosior
2734 3218 2821 3274 his
2863 3215 3214 3274 ornamentis
3265 3226 3438 3272 mate-

165 3309 512 3372 παντοδαπὰ,
546 3310 578 3381 ἢ
608 3311 666 3363 ἐν
694 3314 935 3382 γραφαῖς
971 3313 1003 3385 ἢ
1033 3314 1091 3368 ὲν
1120 3315 1452 3387 πλάσμασιν,
1484 3319 1586 3372 ὅσα
1617 3319 1761 3390 πρὸς·

162 3398 404 3471 μίμησιν
462 3402 566 3472 τῆς
608 3401 865 3475 ἀληθείας
906 3405 973 3458 δι’
1022 3406 1238 3477 ἀπάτης
1280 3409 1667 3479 ἐπιτεχνῶνται
1706 3413 1755 3465 oi

162 3491 476 3562 ἄνθρωποι,
513 3495 546 3565 ἡ
593 3494 818 3566 τοιαύτη
845 3499 911 3550 ού
968 3499 1320 3569 καταδέχεται
1374 3503 1607 3573 οἴκησις,
1637 3496 1755 3577 ἐνῇ

164 3583 320 3654 γέμει
370 3585 445 3640 τὰ
501 3586 599 3657 τῆς
640 3588 899 3657 ἀληθείας
943 3591 1256 3663 ἀγάλματα.
1301 3594 1544 3664 Δρόμως
1572 3595 1630 3648 δὲ
1661 3596 1757 3649 καὶ

163 3676 511 3744 περιπάτους
535 3677 841 3749 ἐπιθυμῶν,
862 3679 960 3750 τὴν
994 3681 1054 3733 ἐν
1074 3683 1192 3745 ταῖς
1223 3681 1461 3747 ἐντολαῖς
1505 3682 1649 3753 ἔχεις
1683 3683 1759 3736 δι-

164 3770 414 3840 αγωγήν.
441 3768 603 3823 Οὕτω
622 3770 731 3840 γάρ
750 3785 913 3840 φησιν
936 3771 971 3840 ἡ
993 3770 1185 3839 Σοφία,
1204 3770 1289 3824 Ἐν
1312 3771 1452 3836 ὁδοῖς
1491 3771 1766 3828 δικαιοσύ-

162 3875 257 3926 νης
281 3858 608 3928 περιπατῶ,
638 3860 734 3913 καὶ
752 3858 860 3913 ἀνά
889 3860 1054 3931 μέσον
1082 3861 1217 3915 ὁδῶν
1236 3861 1604 3935 δικαιώματος
1636 3866 1768 3920 ἀνα-

1855 3314 2033 3370 riatis.
2084 3313 2259 3368 Omne
2309 3326 2487 3382 genus
2533 3320 2715 3365 autem
2768 3307 3088 3372 simulacra,
3145 3322 3246 3365 seu
3292 3306 3430 3376 picta

1857 3423 1954 3463 seu
1980 3406 2125 3468 ﬁcta,
2158 3418 2280 3474 quae
2321 3402 2389 3457 ad
2427 3401 2795 3458 imitationem
2842 3398 3093 3455 veritatis
3135 3394 3424 3454 artiﬁciose

1863 3496 2105 3553 fallendo
2160 3494 2411 3550 homines
2451 3490 2823 3554 fabricantur,
2869 3504 2981 3544 non
3028 3486 3277 3545 admittit
3321 3488 3437 3542 haec

1860 3585 2156 3648 habitatio,
2188 3584 2245 3638 in
2275 3597 2384 3654 qua
2414 3587 2557 3637 sunt.
2576 3580 2751 3650 plena:
2774 3576 3042 3649 imagines
3065 3574 3340 3632 veritatis.
3373 3578 3429 3634 Si

1858 3664 2082 3734 cursum
2122 3685 2306 3732 autem
2334 3682 2390 3730 et
2421 3670 2923 3729 deambulationem
2957 3666 3268 3731 desideras,
3308 3679 3436 3721 ver-

1861 3770 1973 3827 sari
2000 3778 2065 3826 te-
2083 3768 2386 3839 oportetin
2404 3764 2727 3837 .prazceptis.
2765 3763 2857 3819 Sic
2878 3761 3026 3819 enim
3050 3757 3438 3828 dicitSaplen-

1863 3863 1961 3925 tia,
1991 3861 2052 3916 ln
2091 3859 2197 3915 viis
2239 3857 2473 3928 iustitiae
2527 3856 2774 3922 ambulo,
2813 3861 2881 3910 et.
2910 3866 3121 3913 versor,
3163 3848 3219 3904 in
3254 3847 3437 3903 medio

165 3949 511 4019 στρέφομαι.
538 3948 628 4012 Ὠς
650 3948 813 4003 καλόν
833 3949 981 4002 ἐστιν
1005 3949 1064 4004 ἐν
1078 3948 1289 4013 τούτοις
1304 3949 1662 4008 διακινεῖσθαι
1677 3971 1743 4007 κα

1859 3955 2091 4009 viarum.
2112 3948 2549 4021 iustificationis.
2582 3945 2759 4013 Quam
2805 3943 3099 4021 pulchrum
3125 3947 3212 3999 est
3261 3941 3317 3994 in
3350 3939 3439 3995 his

157 4039 638 4111 διαγυμνάζεσθαι
675 4039 773 4112 τὴν
807 4040 1005 4113 ψυχὴν,
1039 4043 1133 4097 καὶ
1181 4042 1457 4098 διελθόντα
1493 4047 1558 4116 τῇ
1603 4048 1759 4118 κινή-

162 4143 242 4179 σει
279 4128 377 4182 τὸν
424 4129 534 4198 τῆς
568 4128 788 4199 ἐντολῆς
820 4130 1007 4196 τόπον,
1031 4128 1123 4183 ἐπὶ
1163 4130 1223 4184 τὸ
1264 4130 1395 4185 αὐτὸ
1436 4132 1598 4187 πάλιν
1630 4136 1761 4190 ἀνα-

157 4220 424 4290 στρέφειν
457 4237 472 4252 ·
503 4221 772 4282 τουτέστι,
800 4218 1164 4291 πληρώσαντα
1187 4222 1286 4294 τὴν
1310 4224 1419 4277 τῶν
1468 4225 1763 4292 σπουδαζο-

157 4311 341 4378 μένων
371 4309 534 4381 αὐτῷ
561 4310 800 4382 ἐντολὴν,
836 4310 999 4368 πάλιν
1032 4311 1171 4383 πρὸς
1192 4314 1284 4366 τὸν
1311 4312 1559 4387 δεύτερόν
1582 4333 1642 4369 τε
1667 4317 1763 4371 καὶ

151 4402 340 4471 τρίτον
389 4404 425 4473 ἡ
460 4401 561 4455 τοῦ
591 4401 756 4472 ἤθους
782 4402 1122 4475 κατόρθωσις
1165 4404 1262 4459 καὶ
1292 4406 1325 4476 ἡ
1377 4407 1761 4481 εὐσχημοσύνη

1864 4044 2060 4117 agitari
2111 4018 2166 4097 et
2198 4041 2446 4097 exerceri
2484 4038 2749 4103 animam,
2783 4045 2836 4091 et
2871 4050 2996 4091 eum
3047 4018 3305 4102 praecepti
3357 4031 3440 4086 lo-

1862 4152 1987 4191 cum
2042 4143 2194 4191 motu
2233 4130 2565 4203 pervaserit,
2630 4126 2825 4183 eodem
2871 4124 3082 4181 reverti
3125 4122 3279 4178 :hoc
3329 4129 3440 4189 est,

1864 4236 1923 4287 ut
1951 4242 2076 4284 cum
2110 4222 2420 4295 impleverit
2454 4220 2997 4277 mandatumeorum
3035 4215 3090 4273 in
3126 4229 3248 4285 quae
3276 4228 3439 4268 suum

1863 4318 2077 4377 confert
2108 4316 2371 4379 studium,
2408 4311 2658 4368 secundo
2691 4322 2887 4364 rursus
2934 4318 2987 4360 et
3029 4306 3190 4360 tertio
3218 4303 3445 4359 excola-

1866 4419 1956 4466 tur
2006 4424 2220 4466 morum
2269 4405 2519 4477 probitas
2573 4410 2628 4458 et
2670 4401 2796 4456 vitae
2840 4400 3124 4455 honestas.
3177 4395 3282 4463 Qui
3334 4395 3445 4451 hoc

154 4494 248 4548 τοῦ
283 4495 408 4565 βίου
440 4494 858 4560 καλλωπιζέτω.
893 4494 950 4549 Ὁ
969 4496 1155 4551 τοῦτον
1177 4497 1268 4550 τὸν
1288 4499 1486 4570 τρόπον
1513 4497 1743 4564 ἐξασκῶη

1864 4501 2027 4558 modo
2052 4501 2120 4556 ad
2156 4496 2621 4571 pulchritudinem
2660 4509 2821 4549 suum
2860 4500 3090 4549 exornat
3124 4488 3443 4556 aedilicium,

153 4587 233 4649 εἰς
258 4587 470 4649 κάλλος
507 4585 570 4638 τὸ
597 4585 934 4656 οἰκοδόμημα
964 4587 1024 4640 τὸ
1056 4587 1271 4653 ἑαυτοῦ,
1315 4589 1487 4659 μικρά
1518 4594 1760 4661 φροντιεῖ

153 4677 253 4747 τῆς
280 4680 495 4749 γηΐνης
519 4676 672 4745 ὕλης,
692 4678 792 4731 οὐκ
815 4678 1091 4750 ἐνοχλήσει
1120 4680 1401 4749 μετάλλοις
1422 4682 1523 4734 οὐκ
1565 4681 1761 4741 Ἰνδικά

154 4771 390 4841 πράσει
439 4768 684 4839 πελάγη,
716 4770 804 4822 ἵνα
829 4769 897 4822 τὰ
941 4769 1048 4823 τῶν
1088 4769 1392 4838 ἐλεφάντων
1429 4771 1565 4833 ὀστᾶ
1587 4773 1759 4842 ἐμπο-

154 4860 452 4931 ρεύσηται,
488 4858 557 4912 ού
588 4859 843 4931 τεχνιτῶν
866 4860 1214 4933 περιεργείας
1244 4862 1596 4934 μισθώσεται,
1622 4858 1698 4920 ὧν
1724 4868 1757 4936 ἡ

113 4994 119 5001 .
149 4954 317 5023 τέχνη
368 4952 810 5024 προσαπτομένη
843 4942 908 5023 τῇ
958 4951 1060 5027 ὕλῃ
1085 4969 1100 4985 ο
1137 4952 1252 5006 ἀλλ’
1277 4953 1487 5008 οἴκοθεν
1530 4955 1758 5027 ἔχειτὸν

154 5044 394 5103 πλοῦτον
424 5043 528 5096 τὸν
565 5044 684 5107 ταῖς
707 5041 983 5106 τοιαύταις
1020 5046 1386 5109 κατασκευαῖς
1424 5048 1764 5118 χορηγοῦντα

151 5136 249 5203 τὰς
281 5137 449 5201 ὔλας.

220 5229 350 5292 Τοῖς
378 5229 489 5298 μὲν
512 5227 628 5299 γὰρ
644 5228 1015 5300 εὐνουστέροις
1031 5227 1138 5283 τῶν
1165 5228 1394 5293 παίδων,
1429 5228 1581 5283 ἐλέου
1610 5229 1760 5296 ἄξιον

1869 4610 2061 4666 parum
2118 4590 2337 4645 curabit
2398 4599 2677 4642 terrenam
2740 4583 3068 4646 materiam,
3129 4592 3240 4635 non
3290 4579 3446 4636 dabit

1866 4700 2090 4757 operam
2124 4680 2401 4737 fodiendis
2442 4676 2704 4743 metallis,
2734 4690 2847 4730 non
2892 4673 3078 4727 Indica
3104 4671 3445 4726 transmittat

1868 4778 2068 4843 maria,
2107 4783 2168 4829 ut
2200 4783 2350 4829 emat
2379 4784 2510 4827 ossa
2538 4769 2978 4839 elephantorum,
3012 4780 3120 4820 non
3146 4763 3444 4818 artificium

1867 4880 2345 4939 supervacaneum
2404 4869 2459 4918 et
2507 4860 2792 4917 curiosum
2847 4855 3119 4913 conducet
3165 4853 3444 4918 laborem,

1866 4975 2105 5033 quorum
2136 4974 2228 5014 ars
2253 4962 2340 5012 est
2367 4944 2627 5025 adjuncta
2660 4950 2947 5006 materia:
2981 4946 3076 5004 sed
3108 4945 3252 5001 domi
3278 4943 3447 4999 habet

1867 5068 2021 5124 opes.
2071 5065 2196 5122 qua:
2231 5045 2547 5118 hujusmodi
2578 5042 2882 5099 structuris
2928 5038 3282 5110 suppeditant
3323 5048 3444 5089 nia-

1867 5145 2080 5200 teriam.

1941 5233 2057 5287 Filii
2099 5232 2243 5286 enim
2281 5229 2374 5300 qui
2416 5235 2573 5284 erant
2603 5225 2765 5296 paulo
2803 5217 3295 5278 benevolentiores,
3338 5213 3443 5268 mi-

150 5320 422 5391 ἐνομίσθη
453 5318 524 5372 τὸ
572 5320 979 5391 ἀσχημάτιστον
1009 5336 1024 5353 ο
1059 5320 1136 5392 τῷ
1167 5321 1224 5375 δὲ
1254 5319 1543 5392 ἀτασθάλῳ
1567 5339 1629 5375 τε
1669 5324 1743 5376 κα¹

1870 5323 2170 5381 sericordia
2201 5321 2426 5391 dignum
2461 5325 2818 5382 censuerunt,
2851 5312 2996 5384 quod
3024 5325 3084 5366 se
3111 5318 3326 5379 gereret
3356 5306 3442 5361 in-

148 5412 499 5482 ἀπαιδεύτῳ,
534 5409 775 5484 γέλωτος
819 5411 1075 5484 ἀφορμὴ,
1098 5411 1160 5466 τὸ
1206 5412 1306 5483 τῆς
1341 5412 1511 5484 μέθης
1556 5413 1743 5482 γίνετα

1873 5417 2072 5471 decore
2091 5414 2137 5446 ”
2168 5431 2183 5476 ;
2216 5412 2419 5467 stultus
2449 5417 2630 5464 autem
2661 5413 2716 5461 et
2755 5403 2999 5458 insolens
3028 5414 3093 5454 ex
3130 5394 3445 5467 spectaculo

149 5503 354 5575 θέαμα.
377 5502 576 5558 Πολὺν
601 5501 658 5554 δὲ
687 5482 1078 5573 πέριλαμδάνει
1107 5482 1444 5574 παθημάτων
1468 5482 1743 5575 κατάλογο·

1875 5503 2158 5559 ebrietatis
2209 5500 2447 5572 sumpsit
2510 5494 2858 5552 occasionem
2914 5489 3082 5543 risus.
3187 5484 3442 5575 Magnum

149 5595 182 5661 ἡ
220 5596 319 5665 τῆς
356 5593 477 5645 τῶν
535 5591 880 5660 ἀμπελώνων
926 5594 1147 5663 φυτείας
1182 5595 1584 5666 ἐξομολόγησις.
1621 5596 1743 5649 "Oc:

1872 5605 2053 5652 autem
2079 5593 2424 5650 al'fectionum
2465 5587 2770 5656 catalogum
2809 5576 3226 5649 comprehcndit
3259 5572 3445 5626 vinca-

220 5771 266 5801 ⁶⁰
310 5767 461 5824 Gen.
501 5781 588 5827 IX,
629 5762 698 5816 23
726 5781 841 5833 sqq.
