3844 6402
171 395 258 454 681
1228 390 1292 444 ΙΝ
1336 386 1869 446 ECCLESIASTEN.
1908 387 2189 443 HOMILIA
2233 386 2319 442 Ill.

182 500 236 557 '0
258 503 430 557 ταῦτα
462 503 519 554 ἐν
557 503 621 572 τῇ
669 500 775 571 ἰδία
810 498 1196 567 καταφυτεύων
1227 498 1394 570 ψυχῇ,
1433 500 1528 554 καὶ
1552 483 1729 568 γεωρ-

1837 496 2046 566 plantat
2078 497 2287 561 anima,
2319 502 2374 551 et
2409 494 2547 549 colit
2595 491 2784 548 vinum
2818 489 2967 560 quod
2998 504 3093 543 cor
3152 488 3405 553 laetificat,

173 593 275 664 γῶν
297 589 436 646 οἶνον
468 591 557 645 τὸν
581 592 679 662 τὴν
707 590 932 662 καρδίαν
959 590 1339 661 εὐφραίνοντα,
1369 592 1464 645 καὶ
1495 586 1729 661 ἐργαζόδ

1833 595 1889 643 et
1911 602 2065 642 suam
2086 593 2350 658 operatur
2366 593 2568 640 terram
2587 584 2716 647 “,ut
2744 581 2952 637 dicitur
2978 579 3034 633 in
3074 576 3407 641 Proverbiis,

3304 375 3407 432 osa
3512 342 3520 361 ’

176 694 323 753 μενος
347 681 445 752 τὴν
474 679 669 734 ἑαυτοῦ
709 681 811 751 γῆν
838 682 980 734 κατά
1015 681 1114 752 τὴν
1144 682 1485 752 παροιμιώδη
1526 678 1730 749 φωνὴν,

173 775 242 837 ὡς
262 775 290 826 ὀ
310 773 408 842 τῆς
432 771 684 842 τοιαύτης
705 772 978 843 γεωργίας
1005 773 1229 826 ἀπαιτεῖ
1250 772 1414 842 νόμος
1434 812 1448 839 ,
1472 767 1582 824 οἶόν
1627 785 1734 839 περ

173 863 427 917 εἰσκαλιῖιν
472 865 582 926 τοῖς
632 863 910 934 λογισμοῖς
948 862 1039 916 τὸν
1073 862 1208 933 βίον,
1241 864 1334 917 καὶ
1366 863 1434 916 τά
1470 860 1602 915 νόθα
1626 858 1735 913 τῶν

175 955 599 1025 παραφυομένων
650 957 773 1018 ταῖς
828 953 937 1007 τῶν
979 953 1191 1025 ἀρετῶν
1231 953 1407 1025 ῥίζαις
1452 951 1733 1015 ἐκτίλλων,

174 1045 410 1115 ἐπάρδων
441 1047 554 1107 τοῖς
586 1039 872 1116 μαθήμασι
912 1043 1011 1114 τὴν
1044 1043 1244 1115 ψυχὴν,
1274 1044 1465 1114 καιτῇ
1494 1042 1737 1114 δρεπάνῃ

174 1136 257 1189 τοῦ
290 1132 536 1207 κριτικοῦ
580 1136 738 1204 λόγου
770 1135 1115 1206 περικόπτων
1142 1138 1242 1205 τὴν
1270 1135 1350 1196 είς
1390 1133 1460 1186 τὰ
1505 1131 1737 1205 περιττά

175 1224 260 1277 καὶ
283 1223 517 1293 ἀνόνητα
550 1224 647 1294 τῆς
677 1223 915 1286 διανοίας
954 1222 1127 1293 φοράν
1147 1238 1159 1253 ·
1192 1220 1523 1293 μακαριστὸς
1551 1220 1617 1274 ἂν
1649 1222 1734 1292 εἴη

171 1314 262 1381 τῆς
321 1314 586 1385 γεωργίας
618 1307 791 1379 οὗτος,
843 1312 921 1383 τῷ
967 1313 1067 1383 τῆς
1119 1313 1309 1382 σοφίας
1356 1312 1593 1385 κρατῆρι
1647 1311 1737 1364 τὸν

172 1405 358 1459 ἑαυτοῦ
421 1405 617 1477 βότρυν
667 1404 952 1459 ἐκθλίόων.
1024 1405 1163 1458 Ἀλλ’
1215 1405 1274 1457 οὐ
1330 1403 1587 1472 γινώσκει
1639 1405 1737 1475 τὴν

169 1494 413 1566 τοιαύτην
430 1498 779 1567 φυτουργίαν,
810 1493 946 1566 πρὸς
965 1496 1061 1567 τὴν
1088 1498 1191 1566 γῆν
1216 1495 1411 1563 λέγων,
1430 1496 1525 1548 καὶ
1544 1494 1614 1548 τά
1638 1495 1739 1548 αὐ-

170 1579 261 1654 τῆς
290 1582 688 1654 ἀσπαζόμενος.
720 1585 1050 1655 Προστίθησι
1068 1585 1176 1655 γὰρ
1193 1584 1403 1648 τούτοις
1427 1584 1495 1637 τά
1513 1587 1621 1638 τῶν
1639 1586 1739 1656 ad;-

169 1689 277 1727 πων
308 1690 369 1728 τε
390 1673 481 1727 καὶ
504 1675 845 1745 παραδείσων
863 1675 953 1728 τοῦ
978 1674 1207 1728 πλούτου
1219 1674 1734 1745 ἐγκαλλωπίσματα.

168 1765 256 1827 Τίς
283 1765 441 1836 χρεία
469 1765 810 1834 παραδείσων
832 1764 1041 1819 πολλῶν
1068 1764 1146 1835 τῷ
1173 1765 1311 1835 πρὸς
1337 1764 1429 1817 τὸν
1444 1764 1541 1819 ἕνα
1566 1765 1738 1837 παρά.

1835 679 1979 734 sicut
2044 679 2130 732 lex
2212 676 2382 746 exigit
2433 676 2555 745 ejus
2607 672 2977 745 agricultura,
3030 676 3216 739 utpote
3265 679 3411 723 recte

1836 767 2054 824 vivendi
2115 767 2428 823 institutum
2493 764 2804 819 rationibus
2861 768 2917 816 et
2981 757 3409 830 cogitationibus

1835 872 2094 921 evocans,
2122 864 2176 911 et
2204 853 2513 911 adulterina
2563 854 2825 918 evellens,
2859 865 2981 921 qua:
3030 848 3410 904 adnascunlur

1836 946 2101 1002 virtutum
2142 944 2445 1006 radicibus,
2480 943 2718 997 animam
2778 938 3087 1009 disciplinis
3143 936 3403 1006 irrigans,

1837 1047 1892 1094 et
1912 1038 2118 1108 judicis
2138 1036 2385 1108 partibus
2406 1034 2684 1107 fungentis
2703 1031 2931 1088 rationis
2950 1030 3091 1085 falce
3110 1036 3406 1099 amputans

1839 1130 2101 1200 impetum
2129 1127 2480 1199 cogitationis
2507 1124 2718 1181 ruentis
2768 1124 2837 1179 ad
2867 1137 2931 1177 ea
2975 1136 3096 1192 quae
3132 1129 3264 1193 sunt
3312 1136 3404 1175 su-

1837 1218 2044 1291 perflua
2075 1227 2130 1274 et
2159 1218 2373 1274 inutilia
2404 1235 2418 1271 :
2452 1216 2649 1271 beatus
2694 1215 2764 1270 ob
2798 1212 3192 1282 agriculturam
3241 1208 3408 1266 fuerit

1838 1312 1929 1367 hic
1957 1311 2377 1377 existimandus,
2404 1317 2464 1365 ut
2489 1309 2583 1379 qui
2616 1308 2671 1363 in
2702 1316 2916 1362 cratere
2937 1305 3222 1375 sapientia:
3244 1305 3407 1358 vitem

1838 1415 1993 1457 suam
2022 1401 2314 1472 exprimat.
2352 1399 2461 1455 Sed
2490 1403 2635 1454 hanc
2677 1397 2959 1468 plautandi
2992 1396 3263 1451 rationem
3294 1408 3406 1448 non

1839 1493 1990 1547 novit
2013 1492 2061 1548 is
2086 1493 2180 1562 qui
2209 1492 2406 1562 aspicit
2430 1492 2498 1547 ad
2530 1503 2752 1552 terram,
2785 1498 2841 1546 ct
2870 1504 2993 1560 quae
3024 1494 3152 1545 sunt
3184 1495 3407 1543 terrena

1840 1584 2207 1654 amplectitur.
2245 1582 2352 1641 His-
2374 1586 2521 1642 enim
2550 1582 2703 1638 addit
2728 1581 3017 1636 hortorum
3047 1586 3101 1634 et
3132 1576 3411 1648 pomario-

1841 1687 1983 1739 rum,
2019 1673 2334 1733 divitiarum
2366 1673 2698 1744 exquisitam
2729 1681 2785 1727 et
2813 1669 3124 1726 affectatam
3160 1667 3408 1738 pulchri-

1842 1763 2108 1818 tudinem.
2159 1761 2305 1829 Quid
2360 1764 2549 1819 multis
2581 1776 2723 1834 opus
2755 1770 2842 1818 est
2888 1761 3065 1816 hortis
3102 1759 3154 1815 ei
3199 1760 3293 1830 qui
3341 1759 3410 1815 ad

163 1828 331 1909 δεισον
353 1828 605 1925 βλέποντι
631 1856 750 1921 ;τίς
777 1855 834 1909 δέ
866 1857 1010 1927 μοιὴ
1041 1828 1311 1927 ἐκαήπου
1337 1855 1521 1927 όνησις
1548 1828 1729 1910 τοῦ-τὰ

1840 1868 2004 1907 unum
2040 1853 2283 1909 intuetur
2320 1855 2638 1924 paradisum
2661 1853 2688 1908 7
2726 1852 2988 1919 Quaenam
3043 1858 3224 1907 autem
3274 1851 3410 1905 mihi

130 1982 135 1989 .
166 1944 362 2015 λάχανα
391 1944 615 2015 φύοντος
640 1946 740 2017 τὴν
766 1945 874 2000 τῶν
901 1946 1272 2001 ἀσθενούντων
1303 1948 1511 2018 τροφήν
1534 1965 1548 2014 ;
1586 1946 1649 2000 Εἰ
1675 1950 1734 2001 ἐν

164 2030 236 2101 τῷ
260 2032 573 2104 παραδείσῳ
607 2034 776 2105 ἤμην,
810 2034 911 2088 οὐκ
940 2036 1005 2089 ἂν
1040 2036 1122 2100 είς
1155 2036 1365 2088 πολλῶν
1394 2037 1734 2109 παραδείσων

164 2121 455 2193 ἐπιθυμίαν
487 2123 795 2194 διεχεόμην.
834 2126 897 2178 Εἰ
927 2127 985 2179 ἐν
1010 2126 1170 2196 ύγείᾳ
1198 2128 1297 2197 τὴν
1324 2128 1501 2197 ψυχὴν
1523 2128 1730 2198 διῆγον,

164 2212 236 2276 ὡς
259 2213 518 2268 δύνασθαι
547 2216 645 2285 τῆς
676 2217 1053 2288 στερεωτέρας
1087 2219 1336 2287 μετέχειν
1362 2218 1571 2288 τροφῆς
1590 2260 1604 2283 ,
1634 2221 1734 2273 οὑκ

165 2304 226 2356 ἂν
250 2306 303 2356 ἐν
333 2307 444 2368 τοῖς
474 2304 725 2375 λαχάνοις
752 2307 1191 2379 ἐπησχολούμην,
1218 2307 1473 2378 κηπεύων
1514 2310 1736 2381 ἐμαυτῷ
1778 2340 1783 2345 -

164 2393 255 2447 τὴν
295 2395 630 2466 κατάλληλον
672 2399 735 2467 τῇ
781 2397 1034 2470 ἀσθενείᾳ
1080 2402 1307 2470 τροφήν.
1373 2398 1511 2453 Ἀλλ’
1547 2402 1733 2473 ἐπειδὴ

165 2486 303 2554 ἅπαξ
341 2487 656 2558 συνεισῆλθε
703 2488 885 2560 τρυφὴ
913 2492 980 2561 τῇ
1020 2490 1212 2562 χρείᾳ,
1247 2491 1491 2562 παρῆλθε
1516 2491 1572 2545 δὲ
1611 2493 1735 2557 τοὺς

163 2576 314 2646 ὅρους
351 2579 527 2649 αὐτῆς
562 2580 593 2649 ἡ
643 2580 940 2651 ἐπιθυμία,
990 2581 1127 2652 μετά
1164 2583 1263 2653 τὴν
1310 2584 1368 2636 ἐν
1413 2587 1526 2647 τοῖς
1565 2584 1736 2649 οἴκοις

164 2666 526 2733 πολυτέλειαν,
574 2669 669 2722 καὶ
713 2669 811 2741 τὴν
856 2671 1173 2741 ὑπωροφίαν
1212 2672 1319 2727 τῶν
1365 2674 1610 2744 ματαίων
1642 2676 1735 2728 δα-

164 2754 353 2827 πάνην,
400 2760 526 2812 τότε
562 2757 654 2813 καὶ
691 2758 790 2831 τὴν
827 2758 1092 2832 ὕπαιθρον
1127 2763 1434 2834 ἐπιτηδεύει
1479 2767 1691 2837 τρυφήν
1715 2784 1727 2797 ·

165 2844 250 2899 καὶ
278 2850 342 2919 τῇ
374 2848 470 2903 τοῦ
501 2848 662 2920 ἀέρος
693 2849 854 2919 φύσει
885 2851 1018 2924 πρὸς
1052 2852 1149 2923 τὴν
1180 2852 1287 2906 τῶν
1314 2855 1515 2925 ἡδονῶν
1540 2856 1730 2910 ἐπιθυο

164 2936 286 3007 μίαν
325 2939 715 3012 συγκέχρηται.
765 2938 966 3014 Δένδρα
1010 2943 1118 3014 γὰρ
1145 2946 1293 3015 αὐτῷ
1329 2946 1419 3000 διὰ
1458 2951 1733 3019 γεωργίας

158 3024 527 3097 ἐπιτηδεύεται
556 3028 780 3101 ἀειθαλῆ
797 3049 855 3084 τε
880 3033 974 3085 καὶ
988 3033 1174 3098 δασέα,
1199 3036 1293 3087 καὶ
1305 3036 1425 3089 ἀντὶ
1442 3038 1638 3108 ὀρόφου
1655 3040 1733 3112 τῷ

1835 1951 1921 1998 cst
1969 1959 2032 1998 cx
2065 1944 2228 1999 horto
2281 1945 2515 2009 utilitas,
2571 1945 2667 2014 qui
2705 1945 2961 2013 producit
3015 1943 3164 1999 olera
3200 1943 3293 2012 qui
3326 1948 3410 1998 est

1838 2034 2000 2090 cibus
2031 2034 2418 2090 infirmorum?
2448 2032 2505 2089 Si
2538 2050 2716 2091 essem
2767 2035 2824 2090 in
2858 2034 3137 2105 paradiso,
3180 2049 3289 2088 non
3338 2034 3407 2088 ad

1836 2125 2131 2180 multorum
2170 2125 2457 2179 hortorum
2488 2125 2831 2181 diffunderer
2859 2125 3221 2181 desiderium.
3259 2124 3318 2179 Si
3350 2125 3407 2179 in

1837 2215 2071 2270 sanitate
2101 2230 2220 2270 mea
2255 2215 2333 2270 ita
2377 2217 2599 2286 degeret
2635 2216 2838 2281 anima,
2894 2224 2956 2270 ut
2986 2216 3265 2271 solidioris
3299 2216 3407 2271 cibi

1837 2312 2023 2373 posset
2054 2319 2178 2360 esse
2206 2307 2502 2375 particeps,
2545 2320 2657 2361 non
2696 2320 2999 2376 occuparer
3037 2305 3093 2360 in
3141 2305 3405 2370 oleribus,

1838 2393 2054 2448 hortum
2089 2395 2319 2451 colendo
2365 2396 2500 2450 mihi
2531 2411 2840 2467 procurans
2878 2398 3059 2453 cibum
3109 2397 3206 2467 qui
3256 2397 3409 2452 inﬁr-

1837 2485 2012 2540 mitati
2045 2487 2353 2542 conveniat.
2393 2486 2499 2543 Sed
2534 2495 2821 2559 postquam
2873 2488 3043 2546 semel
3068 2488 3237 2544 simul
3284 2501 3408 2544 cum

1837 2592 1938 2633 usu
1971 2577 2233 2647 ingressae
2255 2586 2387 2635 sunt
2412 2579 2644 2647 deliciae,
2665 2596 2799 2637 suos
2821 2590 3004 2637 autem
3034 2581 3171 2637 fines
3190 2582 3407 2637 transiit

1836 2667 2130 2737 cupiditas,
2183 2677 2311 2738 post
2337 2684 2460 2725 eam
2494 2685 2618 2739 quae
2667 2672 2721 2759 in
2774 2672 2986 2729 aedibus
3029 2672 3274 2728 adhibita
3309 2673 3408 2727 fuit

1836 2759 2321 2827 magnilicentiam,
2357 2760 2413 2814 in
2453 2761 2727 2831 tectisque
2786 2770 2841 2817 et
2873 2763 3228 2832 laquearibus
3279 2778 3408 2833 pm-

1835 2849 2015 2905 fusum
2048 2858 2104 2905 et
2131 2851 2488 2905 temerarium
2529 2860 2808 2922 sumptum
2844 2869 2859 2906 :
2905 2860 3037 2908 tunc
3067 2857 3232 2909 etiam
3271 2855 3407 2910 sub-

1833 2939 2006 2996 diales
2050 2948 2271 2995 exercet
2323 2940 2592 2996 delicias:
2644 2950 2699 2995 et
2731 2943 2876 2997 aeris
2923 2951 3115 2997 natura
3142 2946 3314 2999 utitur
3340 2946 3409 3000 ad

1836 3030 2147 3088 satiandqu
2183 3032 2524 3102 voltiptatum
2565 3033 2918 3090 desiderium.
2955 3034 3062 3091 Per
3097 3037 3405 3107 agricultu-

156 3115 272 3188 ἀέρι
295 3118 575 3191 γινόμενα·
590 3121 675 3175 ἴνα
691 3124 781 3175 καὶ
795 3122 958 3207 ύπαιθ
968 3141 1056 3194 ρος
1077 3124 1149 3177 ὣν
1172 3128 1228 3179 ἐν
1241 3127 1371 3198 οἴκῳ
1383 3130 1621 3199 τρυφῶν,
1642 3135 1729 3187 καὶ

1839 3139 1956 3178 ram
1986 3123 2131 3179 enim
2169 3123 2438 3193 providet,
2476 3132 2535 3178 ut
2590 3125 2703 3180 sint
2733 3126 2836 3181 sibi
2870 3126 3053 3182 densae
3101 3135 3156 3182 et
3190 3143 3409 3198 semper

158 3208 523 3273 παντοδαπαῖς
542 3208 698 3276 πόαις
722 3211 809 3266 διὰ
833 3213 930 3284 τῆς
967 3213 1075 3268 τῶν
1096 3218 1444 3285 κηπευόντων
1475 3220 1670 3292 τέχνης
1696 3225 1729 3295 η

1836 3214 2254 3271 frondescentes
2300 3224 2351 3270 et
2401 3216 2777 3287 germinantes
2821 3219 3071 3287 arbores,
3118 3236 3240 3290 quae
3294 3221 3407 3276 aeri

155 3299 442 3369 ἐπιφάνεια
470 3303 568 3373 τῆς
614 3303 717 3374 γῆς
746 3304 1103 3375 ἀμφιέννυται
1129 3324 1141 3336 ·
1184 3307 1259 3371 ὡς
1295 3309 1364 3363 τὰ
1396 3313 1732 3384 πανταχόθεν

157 3388 282 3458 ἡδέα
312 3390 496 3444 πάντα
534 3390 612 3461 τῷ
650 3392 911 3465 ὀφθαλμῷ
951 3395 1331 3468 προσπίπτειν,
1369 3403 1623 3476 ἐφ”ὃπερ
1664 3406 1731 3465 ἂν

155 3483 469 3557 περιαγάγῃ
491 3482 551 3536 τὸ
576 3482 816 3556 βλέμμα,
840 3486 934 3540 καὶ
965 3487 1256 3554 διαπαντὸς
1281 3492 1338 3545 ἐν
1365 3497 1478 3558 τοῖς
1505 3499 1733 3552 καταθυ·

152 3569 292 3661 μίοις
319 3568 489 3641 εἶναι,
523 3576 620 3630 καὶ
650 3575 871 3647 βλέπειν
899 3578 958 3631 ἐν
980 3576 1187 3652 ἑκάστῃ
1220 3582 1311 3636 τοῦ
1334 3584 1486 3651 ἔτους
1522 3587 1642 3661 ὥρα
1670 3592 1732 3645 τὸ

155 3659 290 3733 ὑπὲρ
312 3665 412 3735 τὴν
441 3665 613 3737 ὤραν,
649 3667 787 3722 πόαν
819 3670 878 3722 ἐν
901 3671 1154 3741 χειμῶνι,
1184 3674 1276 3727 καὶ
1303 3674 1439 3748 ἄνθη
1480 3659 1726 3753 πρόώρα.

154 3753 239 3805 καὶ
259 3754 355 3826 τὴν
367 3757 867 3831 ἀναδενδρουμένην
890 3761 1152 3831 ἄμπελον,
1180 3764 1278 3835 τὴν
1304 3770 1412 3831 τοῖς
1429 3768 1730 3843 ἀλλοτρίοις

152 3844 364 3911 κλάδοις
416 3849 547 3913 τοὺς
580 3850 743 3915 ίδίους
772 3851 1241 3918 ἐνδωπλὲκουσαν,
1277 3856 1371 3909 καὶ
1403 3857 1501 3923 τὰς
1522 3860 1729 3930 γλαφυ-

148 3932 246 4002 ράς
276 3934 370 3989 τοῦ
411 3937 605 3991 κισσοῦ
647 3940 784 4010 πρὸς
821 3940 891 3993 τά
918 3941 1111 4014 δένδρα
1155 3944 1513 4021 περιπλοκὰς,
1538 3951 1641 4006 ὅσα
1666 3970 1728 4006 τε

149 4023 324 4090 αὐτοῖς
353 4028 589 4099 καρπῶν
621 4029 735 4100 εἴδη
753 4069 768 4093 ,
802 4029 859 4097 ἐξ
902 4033 1232 4104 ἑτερογενῶν
1261 4036 1510 4110 ἀλλήλοις
1535 4043 1727 4112 μιγνύ-

150 4131 282 4182 μενα
314 4117 413 4191 τὴν
441 4119 604 4189 φύσιν
648 4119 927 4190 βιάζεται,
961 4123 1040 4194 τῷ
1066 4126 1196 4179 εἴδει
1221 4144 1280 4181 τε
1310 4132 1405 4183 καὶ
1448 4135 1513 4203 τῇ
1540 4132 1724 4202 γεύσει

145 4204 204 4257 τό
229 4205 673 4282 ἐπαμφοτερίζον
696 4214 1143 4285 ἐπισημαίνοντα,
1173 4219 1248 4284 ὡς
1276 4221 1560 4294 ἀμφότερα
1588 4221 1725 4279 εἶναι

145 4294 339 4366 δοκεῖν,
377 4299 526 4373 ἅπερ
552 4301 619 4355 ἂν
652 4304 715 4355 ἐκ
758 4304 859 4375 τῆς
888 4305 997 4359 τῶν
1029 4308 1338 4378 ἐτεροφυῶν
1373 4315 1729 4384 συγκράσεως

144 4386 368 4453 γίνεται.
403 4390 595 4443 Πάντα
618 4389 791 4445 ταῦτα
826 4394 919 4447 καὶ
952 4394 1007 4447 εί
1040 4413 1093 4448 τι
1118 4396 1246 4452 ἄλλο
1281 4399 1502 4473 ἐξεῦρεν
1527 4405 1584 4457 ἐν
1616 4409 1727 4470 τοῖς

1835 3310 1962 3367 tecti
2002 3310 2176 3365 vicem
2212 3310 2490 3379 praebeant
2521 3328 2535 3365 :
2573 3317 2632 3364 ut
2660 3311 2820 3365 etiam
2853 3327 2975 3366 cum
3027 3314 3102 3368 sit
3132 3313 3237 3368 sub
3292 3312 3405 3375 dio,

1834 3413 2097 3472 tanquam
2128 3402 2182 3455 in
2234 3400 2399 3457 domo
2448 3401 2680 3457 delicate
2731 3402 2895 3456 vitam
2949 3412 3090 3473 agat,
3142 3411 3198 3458 et
3245 3419 3408 3458 omne

1830 3510 2005 3566 genus
2054 3492 2278 3557 herbis,
2337 3507 2431 3563 per
2481 3493 2900 3548 hortulanorum
2956 3502 3129 3549 artem
3170 3495 3405 3550 vestitur

1832 3595 1992 3640 terrae
2016 3582 2335 3654 superficies
2363 3599 2376 3636 :
2408 3582 2545 3638 adeo
2586 3590 2643 3637 ut
2678 3583 2824 3638 omni
2856 3597 2919 3638 ex
2954 3591 3111 3651 parte
3156 3582 3405 3653 jucunda

1830 3674 2015 3729 omnia
2069 3676 2122 3728 in
2158 3674 2379 3729 oculum
2418 3674 2729 3738 incurrant,
2767 3689 3099 3745 quocunque
3150 3675 3404 3729 obtutum

1830 3766 2205 3831 circumferat,
2238 3774 2293 3822 et
2321 3782 2542 3838 semper
2584 3775 2834 3822 versetur
2861 3766 2916 3821 in
2957 3767 3399 3831 delectabilihus,

1830 3866 1886 3914 et
1917 3858 2162 3929 quolibet
2196 3858 2328 3913 anni
2361 3867 2605 3927 tempore
2650 3858 2834 3915 videat
2886 3860 3032 3929 quod
3074 3866 3160 3915 est
3210 3869 3405 3929 praeter

1830 3950 1957 4004 anni
1995 3958 2230 4018 tempus,
2259 3949 2484 4005 herbam
2512 3950 2566 4004 in
2602 3950 2803 4017 hieme,
2833 3960 2887 4007 et
2910 3949 3074 4007 ﬂores
3117 3952 3212 4022 qui
3239 3967 3402 4008 suum

1832 4051 2049 4112 tempus
2082 4041 2465 4112 praeveniunt,
2500 4049 2557 4097 et
2601 4041 2766 4096 vitem
2825 4041 2884 4096 in
2925 4042 3154 4099 arbores
3205 4056 3402 4098 ascen-

1828 4135 2073 4200 dentem,
2104 4149 2225 4205 quae
2258 4133 2454 4189 alienis
2487 4134 2655 4190 ramis
2690 4149 2822 4190 suos
2857 4134 3122 4205 implicat,
3152 4142 3206 4190 et
3234 4134 3402 4191 hede-

1795 4270 1803 4276 .
1830 4240 1902 4280 ra!
1925 4225 2201 4295 elegantes
2230 4239 2358 4279 cum
2382 4224 2674 4281 arboribus
2703 4225 3013 4295 amplexus,
3040 4233 3095 4281 et
3135 4241 3402 4297 quaecun-

1829 4332 1937 4388 que
1987 4316 2201 4386 species
2260 4314 2539 4370 fructuum
2591 4329 2657 4370 ex
2706 4314 2777 4370 iis
2838 4330 2962 4386 qua:
3008 4325 3137 4371 sunt
3195 4317 3401 4373 diversi

1827 4408 2045 4478 generis
2076 4405 2182 4463 sibi
2216 4406 2452 4460 invicem
2507 4405 2703 4468 mistaa,
2738 4404 2846 4459 vim
2904 4405 3140 4462 alierum
3171 4416 3398 4473 naturae,

146 4481 330 4575 (9:210:5-
423 4479 590 4575 τέχνη
620 4481 929 4575 βιασαμένη
956 4483 1053 4557 τὴν
1081 4486 1264 4556 φύσιν,
1294 4490 1331 4544 ἃ
1367 4494 1399 4562 η
1437 4495 1595 4565 χρεία
1626 4497 1725 4567 μὲν

1832 4511 1883 4554 et
1920 4504 2149 4568 aspectu
2181 4504 2432 4575 etxgustu
2475 4495 2527 4549 id
2562 4496 2707 4565 quod
2743 4502 2828 4551 est
2864 4497 3154 4567 utriusque
3192 4498 3402 4570 signifi-

143 4568 239 4638 τῆς
273 4570 424 4644 ζωῆς
453 4572 556 4626 οὐκ
585 4573 870 4645 ἐζήτησεν,
905 4578 1153 4649 ἐπιζητεῖ
1187 4581 1300 4652 δὲή
1337 4585 1726 4658 ἀπαιδαγὼγη-

143 4676 231 4724 τος
259 4663 565 4735 ἐπιθυμία·
600 4666 773 4719 ταῦτα
808 4670 865 4721 ἐν
891 4671 956 4740 τῇ
994 4669 1102 4723 τῶν
1129 4672 1321 4742 κήπων
1341 4676 1434 4728 καὶ
1462 4679 1722 4748 παραδεί-

148 4769 250 4841 σων
281 4755 598 4829 φιλοτεχνίᾳ
640 4760 966 4831 γεγενῆσθαι
993 4763 1021 4815 ό
1050 4761 1119 4816 τὰ
1147 4763 1340 4818 ἑαυτοῦ
1384 4767 1724 4841 ἐξαγορεύων

144 4840 386 4934 λέγει.’0
416 4846 529 4919 γάρ
555 4846 744 4914 εἰπὼν,
771 4851 853 4903 ὅτι
885 4871 903 4902 ι
946 4851 1245 4923 Ἐφύτευσα
1275 4858 1382 4912 πᾶν
1405 4840 1561 4922 ξύλον
1582 4879 1724 4934 -καρ-

146 4932 267 4994 ποῦ,
312 4954 331 4987 ι
364 4937 433 5005 τῇ
482 4937 846 5010 περιληπτικῇ
876 4939 1048 5013 ταύτῃ
1096 4945 1247 5013 φωνῇ
1276 4943 1336 4996 τὸ
1371 4946 1536 5016 μηδὲν
1565 4932 1722 5003 ἐκλε-

145 5020 386 5079 λοιπέναι
413 5025 527 5079 τῶν
554 5027 807 5082 τοιούτων
839 5032 1256 5098 συνενεδείξατο,
1292 5031 1425 5088 Εἶτα
1453 5039 1592 5106 μετὰ
1626 5040 1724 5112 τὴν

144 5116 348 5188 τροφὴν
376 5117 483 5189 τὴν
513 5114 774 5191 ὕπαιθρόν
801 5138 861 5175 τε
882 5122 975 5176 καὶ
996 5123 1325 5197 ὑπωρόφιον,
1351 5127 1472 5180 οὐδὲ
1492 5129 1552 5182 τὸ
1581 5129 1724 5203 ὕδωρ

145 5207 434 5274 ἀσυντελὲς
474 5212 612 5281 πρὸς
653 5214 752 5285 τὴν
789 5208 899 5269 τῶν
937 5217 1139 5288 ἡδονῶν
1175 5220 1435 5292 είσφοράν
1472 5224 1724 5279 καταλεί-

146 5316 299 5355 πεται
321 5343 337 5367 ,
380 5301 461 5369 ὡς
508 5303 625 5359 δέον
656 5309 820 5360 πᾶσιν
857 5309 1127 5381 ἐντρυφᾷν
1160 5315 1271 5377 τοῖς
1306 5315 1622 5385 στοιχείοις·
1654 5320 1721 5389 τῇ

144 5393 210 5480 γῇ
239 5391 325 5447 διὰ
370 5393 488 5449 τῶν
538 5398 785 5466 οἰκείων,
813 5402 891 5473 τῷ
932 5401 1055 5472 ἀέρι
1094 5401 1181 5457 διά
1221 5404 1329 5458 τῶν
1358 5406 1609 5479 δένδρων,
1640 5409 1723 5480 τῷ

146 5478 290 5537 ὕδατι
327 5485 419 5540 διά
454 5486 558 5556 τῆς
599 5494 972 5563 χειροποιήτου
1014 5493 1307 5567 θαλάσσης.
1345 5495 1460 5552 Ἵνα
1486 5478 1597 5571 γάρ
1628 5478 1721 5556 καί

142 5571 232 5626 τοῦ
260 5573 457 5639 ὓδατος
488 5575 612 5645 ὄψις
646 5581 878 5653 ἐφηδύνῃ
904 5584 1011 5639 τῶν
1039 5585 1332 5658 ὀφθαλμῶν
1356 5590 1453 5659 τὴν
1480 5591 1715 5663 ἀπάτην,

212 5756 255 5786 ⁸⁵³
299 5758 454 5814 Eccl.
493 5772 591 5823 xx,
625 5758 711 5813 '50.

1826 4595 2037 4649 cautes,
2074 4593 2134 4639 ut
2156 4583 2317 4638 ambo
2349 4598 2473 4639 esse
2506 4584 2795 4639 videantur
2829 4600 2951 4654 quae
2980 4585 3119 4640 fiunt
3163 4602 3229 4641 ex
3270 4602 3403 4642 cou-

1824 4678 2225 4749 temperatione
2252 4689 2443 4751 eorum
2475 4690 2596 4745 qua:
2630 4683 2761 4730 sunt
2787 4675 2989 4731 diversi
3013 4680 3248 4749 generis.
3275 4678 3402 4736 Haec

1823 4770 2031 4831 omnia,
2069 4776 2123 4822 et
2155 4767 2199 4823 si
2231 4765 2362 4836 quid
2392 4765 2544 4821 aliud
2585 4766 2641 4820 in
2673 4767 2876 4836 plantis
2908 4767 3115 4823 invenit
3146 4784 3239 4824 ars
3288 4770 3397 4824 vim

1825 4861 2057 4916 aliereus
2114 4868 2380 4913 naturae:
2430 4871 2552 4926 qua:
2615 4856 2835 4927 quidem
2903 4859 3027 4913 vita:
3087 4874 3221 4915 usus
3287 4875 3397 4915 non

1827 4950 2082 5021 requirit,
2116 4947 2348 5017 requirit
2382 4954 2563 5002 autem
2593 4946 2869 5018 cupiditas
2901 4964 3023 5018 quae
3054 4951 3312 5020 castigari
3342 4959 3399 5006 ct

1826 5043 2069 5099 coerceri
2134 5056 2242 5095 non
2309 5046 2536 5111 potest;
2598 5039 2712 5095 haec
2770 5041 2827 5095 in
2883 5041 3057 5098 hortis
3105 5043 3397 5098 artificiose

1826 5136 2073 5193 colendis
2105 5134 2247 5189 facta
2287 5148 2412 5189 esse
2444 5132 2577 5188 dicit
2605 5132 2650 5187 is
2679 5134 2772 5203 qui
2804 5149 2904 5190 sua
2946 5134 3219 5190 enuntiat.
3260 5133 3396 5188 Nam

1824 5229 1919 5300 qui
1956 5227 2112 5291 dixit,
2152 5242 2170 5275 ι
2205 5223 2453 5278 Plaulavi
2487 5238 2649 5279 omne
2686 5225 2892 5294 lignum
2926 5223 3269 5279 fructiferum
3305 5243 3318 5277 :
3368 5244 3386 5276 ι

1825 5320 1929 5374 hac
1969 5332 2101 5371 voce
2135 5330 2258 5385 qua:
2305 5315 2475 5369 multa
2508 5315 2917 5384 complectitur,
2974 5313 3216 5371 ostendit
3258 5313 3397 5369 nihil

1824 5425 2013 5467 eorum
2047 5407 2311 5464 defuissc.
2344 5404 2550 5461 Deinde
2578 5412 2702 5475 post
2751 5404 3031 5462 subdiales
3068 5404 3315 5471 delicias,
3342 5412 3398 5462 et

1827 5517 1949 5572 qua:
1995 5510 2122 5556 sunt
2163 5497 2267 5553 sub
2306 5504 2473 5561 tecto,
2517 5511 2584 5550 ne
2618 5509 2759 5564 aqua
2807 5494 3026 5565 quidem
3067 5496 3397 5568 relinquitur

1826 5591 2036 5648 inutilis
2094 5589 2162 5645 ad
2220 5587 2519 5657 voluptates
2568 5585 2946 5645 conferendas.
2993 5595 3179 5658 utpote
3245 5586 3393 5660 quod
