3844 6414
475 360 579 416 6ῦὸ

1714 369 1773 427 S.
1807 368 2135 426 GREGOBJI
2172 367 2473 425 NYSSENI
3615 370 3700 426 θοι

472 480 727 545 oporteat
758 475 811 529 in
844 478 1102 533 omnibus
1126 479 1413 536 elementis
1442 497 1503 537 se
1530 484 1761 553 explere
1780 484 1995 544 deliciis
2030 505 2045 541 :

2160 460 2314 557 λίμνη
2331 486 2395 539 τὺ
2412 484 2609 554 ἔδαφος
2632 484 2861 554 γίνεται,
2884 484 3146 539 κυκλόθεν
3161 483 3704 555 περιοικοδομηθέντος

476 564 532 618 in
563 572 708 619 terra
743 580 839 634 per
867 581 930 621 ea
968 582 1089 637 quae
1115 577 1245 623 sunt
1276 570 1327 625 ei
1367 573 1778 639 convenientia,
1827 577 1886 631 in
1925 592 2053 631 aere

418 734 435 739 Ε
476 670 575 726 per
602 656 851 724 arbores,
896 657 954 712 in
991 672 1135 729 aqua
1166 675 1264 731 per
1297 676 1449 718 mare
1497 678 1667 719 manu
1724 665 1951 721 factum.
1982 664 2053 722 Ut

475 746 622 801 enim
675 762 831 817 aquae
888 756 1144 821 aspectus
1208 752 1468 823 deceptos
1522 756 1761 812 oblectet
1819 758 2011 814 oculos
2036 798 2051 823 ,

474 838 653 893 solum
693 840 752 894 fit
802 840 979 906 lacus,
1015 858 1157 915 aqua
1203 846 1261 902 iu
1293 846 1483 902 orbem
1530 848 2050 905 circumacdiﬁcata:

475 937 536 984 ut
559 938 614 985 et
642 939 870 988 natatus
914 935 1251 1007 voluptatem
1306 937 1504 994 afferat
1580 940 1651 995 iis
1696 941 1792 1010 qui
1825 955 2054 1012 corpora

472 1020 787 1078 exhilarant
819 1041 834 1078 :
866 1030 922 1080 et
949 1023 1196 1084 deﬂuens
1230 1027 1429 1083 hortus
1462 1028 1656 1085 reddat
1684 1029 2052 1097 ﬁorentiores,

356 1164 364 1169 .
475 1123 537 1168 ut
560 1131 682 1191 quae
709 1116 858 1171 omni
883 1132 954 1173 ex
988 1127 1146 1189 parte
1180 1119 1547 1176 distribuatur
1569 1120 1639 1176 ad
1672 1137 1833 1178 usum
1863 1137 2053 1179 eorum

473 1223 598 1278 qua:
654 1208 987 1280 irrigantur.
1047 1228 1068 1263 ι
1109 1209 1235 1266 Feci
1283 1213 1455 1277 enim,
1515 1230 1535 1265 ι
1590 1213 1791 1284 inquit,
1847 1232 1867 1265 ι
1920 1213 2054 1268 mibi

473 1299 718 1369 piscinas
756 1315 1053 1371 aquarum,
1081 1308 1142 1356 ut
1176 1302 1247 1358 iis
1272 1302 1492 1372 irrigem
1528 1303 1729 1359 saltum
1754 1303 1903 1374 ligna
1928 1320 2057 1375 ger-

477 1390 830 1446 minantem.»
857 1390 961 1447 Hic
972 1398 1097 1447 erat
1111 1392 1244 1446 mihi
1270 1391 1393 1447 fons
1415 1391 1784 1463 horti,nempe
1803 1393 2056 1447 doctrina

480 1481 767 1545 virtutum,
798 1497 896 1553 per
938 1498 1101 1553 quam
1165 1482 1364 1538 animae
1411 1483 1636 1540 siccitas
1688 1484 2053 1549 irrorabatur,

479 1573 813 1643 contemptis
836 1574 996 1645 aquis
1019 1576 1277 1639 terrenis,
1304 1589 1542 1645 quarum
1577 1589 1712 1631 usus
1736 1582 1791 1630 et
1818 1574 2057 1631 delecta-

476 1664 691 1721 tio.'est
738 1674 1117 1737 temporanea,
1177 1665 1325 1723 fluxa
1380 1675 1564 1723 autem
1622 1675 1680 1722 et
1736 1666 2057 1729 transitoria

475 1764 696 1812 natura.
762 1755 910 1812 Nihil
949 1773 1082 1830 ergo
1145 1757 1314 1815 fuerit
1370 1758 1568 1814 melius
1617 1770 1783 1828 quam
1828 1756 2058 1815 e'fonte

2153 576 2248 631 τοῦ
2301 576 2492 641 ὕδατος
2517 593 2531 608 ο
2570 575 2648 639 ὡς
2674 575 2742 631 ἂν
2789 576 2884 630 καὶ
2933 570 3141 646 ῆνῆξις
3184 574 3379 647 ἡδονὴν
3424 574 3576 646 φέροι
3612 574 3703 635 τοῖς

2154 668 2603 740 φαιδρυνομένοις
2633 666 2703 721 τά
2732 666 2992 738 σώματα·
3021 667 3119 721 καὶ
3159 666 3224 720 τὸ
3246 662 3538 739 ἀπορρέον,
3572 663 3705 716 εὐθα-

2153 760 2443 833 λεστέρους
2480 759 2841 833 παραδείσους
2885 758 3286 823 κατασκευάζοι
3320 759 3571 828 πανταχῇ
3594 754 3707 826 πρὸς

2153 853 2253 916 τὰς
2266 852 2452 924 χρείας
2467 851 2574 906 τῶν
2590 851 2907 924 ἀρδομίνων
2918 850 3400 921 κατασχιζόμενον.
3414 867 3435 901 ι
3472 846 3707 914 Ἐποίησε.

2155 944 2263 1015 γάρ
2293 960 2403 1014 μοί,
2444 962 2464 995 ⁸
2495 943 2647 1014 φησι,
2695 961 2714 995 ε
2753 941 3144 1013 κολυμϐήθρας
3172 942 3403 1005 ὑδάτων,
3434 936 3530 993 τοῦ
3581 936 3708 990 ποτί-

2157 1048 2246 1087 σαι
2276 1032 2372 1086 ἀπ’
2401 1032 2581 1086 αὑτῶν
2599 1031 2803 1103 δρυμὸν
2828 1030 3076 1102 βλαστῶν
3100 1029 3173 1084 τά
3204 1030 3354 1095 ξύλα.
3391 1048 3413 1081 ι
3465 1028 3530 1080 Ἦ
3559 1026 3613 1079 δέ
3635 1042 3709 1095 μοι

2153 1119 2223 1194 ἧν
2252 1124 2287 1194 ἡ
2311 1122 2406 1176 τοῦ
2453 1121 2785 1195 παραδείσου
2836 1123 2986 1193 πηγή
3008 1136 3022 1151 ’
3051 1120 3351 1183 τουτέστιν,
3394 1119 3432 1190 ἡ
3459 1117 3567 1170 τῶν
3600 1116 3708 1186 ἀρε-

2155 1215 2264 1268 τῶν
2294 1213 2611 1268 διδασκαλία
2633 1253 2648 1278 ,
2691 1213 2760 1268 δι’
2791 1209 2860 1286 ἦς
2887 1214 2917 1266 ό
2948 1213 3046 1282 τῆς
3078 1212 3255 1283 ψυχῆς
3285 1210 3498 1282 αὐχμὸς
3530 1205 3711 1278 ἰδροσίο

2154 1303 2310 1371 ζετο,
2339 1304 2610 1376 ὑπεριδὼν
2647 1303 2758 1358 τῶν
2789 1305 2993 1374 γηΐνων
3036 1302 3265 1368 ὑδάτων,
3300 1293 3376 1356 ὧν
3402 1299 3712 1375 πρόσκαιρος

2159 1394 2259 1467 μὲν
2286 1398 2320 1467 ἡ
2345 1396 2662 1460 ἀπόλαυσις,
2696 1393 2965 1467 παροδικὴ
2992 1392 3050 1446 δὲ
3075 1396 3109 1464 ἡ
3136 1392 3318 1463 φύσις.
3336 1390 3551 1445 Οὑκοῦν
3580 1389 3711 1459 άμει-

2155 1505 2245 1543 νον
2274 1488 2341 1544 ἂν
2373 1489 2460 1560 εἴη
2480 1488 2582 1559 τῆς
2609 1488 2761 1552 θείας
2789 1488 2996 1559 πηγῆς,
3025 1483 3096 1539 δι’
3122 1480 3193 1557 ἦς
3213 1484 3272 1540 αί
3293 1483 3492 1557 ἀρεταὶ
3509 1482 3605 1553 τῆς
3624 1481 3711 1551 ψυ-

2156 1581 2261 1651 χῆς
2301 1577 2594 1649 ἐκφύονται
2646 1578 2740 1631 καὶ
2791 1576 3043 1649 ᾶρδονται
3064 1615 3079 1638 ,
3122 1574 3382 1649 βραχεῖαν
3432 1572 3717 1643 ἀπόρροιαν

2131 1669 2375 1734 ’ἑαυτοῖς
2401 1669 2757 1740 ὀχετηγῆσαι,
2784 1667 2860 1732 ὡς
2887 1667 2956 1721 ἂν
2978 1667 3040 1721 τὸ
3062 1666 3173 1720 τῶν
3201 1662 3425 1735 ἀγαθῶν
3456 1660 3712 1731 ιὶπιτινιδιευ⁸

2161 1760 2350 1832 μάτων
2376 1759 2538 1824 ἄλσος
2586 1760 2651 1813 ὲν-
2680 1762 2802 1824 ταῖς
2843 1759 3041 1831 ψυχαῖς
3072 1758 3232 1831 ἡμῶν
3263 1756 3484 1821 ϐάλλοι,
3517 1753 3604 1809 διὰ
3632 1749 3713 1806 τοῦ

475 1846 686 1913 divino,
719 1863 818 1919 per
847 1864 1012 1919 quem
1048 1849 1249 1905 anima:
1278 1848 1508 1905 virtutes
1555 1848 1813 1903 oriuntur
1843 1854 1899 1904 et
1928 1849 2056 1903 irri-

2165 1851 2374 1925 Κυρίου
2392 1854 2426 1923 ἡ
2436 1851 2555 1923 μῶν
2598 1850 2774 1923 Ἰησοῦ
2816 1850 3076 1924 Χριστοῦ,
3102 1844 3147 1919 ᾧ
3172 1851 3207 1922 ὴ
3229 1847 3359 1917 δόξα
3389 1848 3489 1903 καὶ
3514 1845 3574 1900 τδ
3601 1841 3714 1915 κρά-

480 1948 703 2009 gantur,
737 1940 956 1997 brevem
978 1942 1217 2013 aliquem
1245 1940 1452 1996 fluxum
1473 1939 1741 2003 derivare,
1771 1949 1835 1995 ut
1858 1955 2055 1997 nemus

2163 1960 2255 2006 τος
2282 1944 2361 2006 είς
2380 1942 2508 2006 τοὺς
2533 1941 2735 2007 αἰῶνας
2754 1941 2865 1997 τῶν
2887 1940 3122 1996 αἰώνων.
3172 1940 3373 2011 Ἀμήν.

488 2040 756 2091 bonorum
782 2034 1088 2091 studiorum
1125 2040 1185 2090 et
1241 2048 1470 2103 operum
1532 2032 1589 2087 in
1617 2031 1828 2089 nostris
1855 2033 2123 2104 germinet
2162 2033 2383 2093 animis.
2414 2032 2521 2090 Per
2553 2032 2846 2091 Dominum
2882 2040 3134 2090 nostrum
3166 2029 3356 2087 Iesum
3405 2026 3670 2086 Christum
3693 2062 3710 2092 ,

482 2130 571 2186 cui
607 2130 777 2201 gloria
816 2130 871 2185 in
907 2129 1105 2185 sarcula
1136 2127 1704 2185 saculorum.Amen.

1062 2261 1354 2320 HOMILIA
1386 2262 1478 2321 IV.

552 2405 733 2461 Locus
762 2405 1132 2463 confessionis
1157 2404 1465 2460 orationem
1495 2402 1660 2460 nobis
1700 2402 1881 2458 adhuc
1918 2401 2060 2459 deti-

480 2506 594 2554 net.
628 2496 732 2563 Qui
763 2499 909 2552 enim
940 2512 1042 2553 sua
1076 2507 1284 2565 narrat,
1315 2496 1503 2552 omnia
1532 2496 1647 2552 fere
1674 2496 2054 2569 persequitur,

480 2605 578 2660 per
594 2604 716 2661 quas
742 2590 908 2660 hujus
938 2590 1063 2645 vita:
1085 2604 1265 2645 rerum
1292 2588 1506 2644 vanitas
1529 2588 1865 2660 agnoscitur.
1897 2587 2057 2643 Nunc

477 2690 657 2737 autem
689 2681 857 2737 veluti
888 2680 1187 2752 quamdam
1224 2679 1490 2750 majorem
1536 2678 1714 2751 tangit
1759 2679 2059 2751 reprehen-

477 2777 711 2839 sionem,
738 2788 935 2844 nempe
966 2781 1021 2829 et
1053 2788 1177 2843 qua:
1202 2772 1273 2828 ab
1302 2772 1424 2842 ipso
1462 2770 1611 2827 facta
1648 2779 1798 2837 sunt,
1833 2787 1902 2828 ex
1933 2770 2060 2843 qui-

477 2867 579 2922 bus
611 2875 905 2923 accusatur
948 2865 1143 2920 vitium
1187 2864 1482 2935 superbiae.
1531 2862 1677 2931 Quid
1709 2864 1858 2919 enim
1892 2863 1949 2918 in
1988 2863 2059 2919 iis

478 2970 599 3024 qua:
631 2964 760 3012 sunt
780 2967 1122 3022 enumerata,
1149 2964 1359 3012 tantum
1393 2955 1525 3010 facit
1554 2955 1623 3010 ad
1648 2953 1878 3020 fastum,
1908 2969 2060 3010 nem-

481 3061 549 3116 pe
578 3046 778 3103 domus
809 3055 1154 3118 sumptuosa,
1181 3056 1237 3102 et
1270 3045 1568 3103 multitudo
1600 3046 1902 3114 vinearum,
1933 3047 2058 3102 bor-

2775 2262 3022 2320 OMIAIA
3046 2266 3122 2316 Δ’.

2230 2405 2354 2463 Ἔτι
2375 2406 2509 2478 ἡμῖν
2534 2405 2563 2458 ό
2588 2402 2687 2475 τῆς
2709 2399 3152 2473 ἐξομολογήσεως
3174 2396 3340 2458 τόπος
3368 2386 3713 2484 παρακατέχει

2155 2497 2251 2556 τὸν
2273 2497 2450 2568 λόγον.
2473 2494 2659 2551 Πάντα
2685 2492 2796 2565 γὰρ
2825 2491 3012 2563 σχεδὸν
3039 2487 3374 2559 διεξέρχεται
3395 2484 3425 2537 ὁ
3448 2482 3518 2536 τὰ
3548 2482 3712 2533 ἑαυτοῦ

2159 2590 2538 2665 διηγούμενος,
2580 2585 2649 2642 δι’
2670 2579 2753 2665 Ιῶν
2781 2586 2892 2640 τῶν
2929 2582 3077 2639 κατά
3103 2581 3197 2637 τὸν
3241 2579 3352 2651 βίον
3378 2576 3568 2631 τοῦτον
3594 2587 3713 2643 προ-ι

2421 2684 2455 2754 ἡ
2504 2660 2806 2754 ματαίότης
2847 2674 3195 2748 γνωρίζεται.
3248 2670 3362 2725 Νῦν
3399 2668 3462 2722 δὲ
3492 2665 3713 2729 καθάπερ

2163 2773 2407 2848 μείζονάς
2452 2787 2597 2836 τινος
2646 2767 2982 2842 κατηγορίας
3031 2765 3262 2821 ἅπτεται
3303 2761 3416 2816 τῶν
3449 2757 3591 2828 αὑτῷ
3621 2770 3710 2848 έπ-

2159 2845 2512 2940 πραγμένων,
2548 2864 2607 2929 ἐξ
2636 2856 2711 2917 ὧν
2743 2861 2804 2917 τὸ
2828 2860 2973 2915 κατὰ
2994 2857 3092 2930 τὴν
3120 2853 3503 2927 ὑπερηφανίαν
3525 2845 3709 2940 διαϐάλ-

2156 2937 2327 3013 λεται
2360 2955 2554 3020 πάθος.
2612 2954 2678 3007 Τί
2725 2951 2835 3024 γὰρ
2884 2949 3138 3004 τοσοῦτον
3183 2948 3263 3011 είς
3305 2943 3476 3015 τύφον
3527 2945 3581 2996 ἐν
3620 2937 3710 2997 τοῖς

2158 3045 2641 3120 ἀπηριθμημένοις
2670 3045 2839 3107 ἐστὶν,
2875 3036 3023 3105 οἶκος
3062 3036 3379 3107 πολυτελὴς,
3414 3034 3512 3088 καὶ
3540 3027 3710 3120 πλῆθος

480 3115 775 3210 torumque
804 3146 861 3194 et
888 3115 1157 3210 aquarum
1195 3139 1572 3210 pulchritudo,
1607 3137 2056 3210 piscinarumque

2160 3115 2577 3211 analemmkan
2609 3136 2642 3206 ἡ
2678 3136 2735 3187 ὲν
2767 3135 2965 3202 κήποις
2998 3129 3118 3202 ῶρα
3159 3128 3256 3182 καὶ
3290 3125 3399 3179 τῶν
3435 3122 3650 3228 ὑδάτων,
3681 3115 3713 3186 ἦ

477 3231 843 3295 constructio,
876 3239 930 3286 et
952 3230 1238 3285 hortorum
1269 3230 1596 3301 amplitudo,
1622 3238 1887 3301 quantum
1908 3232 2056 3302 quod

2160 3246 2222 3284 τε
2250 3228 2392 3283 κατά
2422 3227 2523 3291 τὰς
2561 3222 2947 3297 κολυμϐήθρας
2977 3220 3258 3284 σύστασις,
3281 3217 3377 3270 καὶ
3409 3217 3446 3286 ἡ
3475 3215 3532 3269 ὲν
3558 3222 3711 3302 παρα-

478 3321 571 3392 qui
596 3328 683 3377 est
713 3321 899 3388 homo,
933 3320 1177 3392 seipsum
1209 3320 1490 3377 existimat
1530 3322 1814 3377 dominum
1867 3336 2060 3378 eorum

477 3413 571 3485 qui
604 3422 735 3469 sunt
778 3412 1023 3482 ejusdem
1063 3412 1224 3484 cujus
1264 3413 1385 3482 ipse
1420 3420 1509 3468 est
1552 3412 1815 3484 generis?
1876 3432 1896 3464 ι
1925 3412 2061 3469 Pos-

478 3506 595 3562 sedi
618 3505 789 3573 enim,
829 3525 848 3557 ι
886 3504 1088 3574 inquit,
1117 3521 1138 3556 ι
1172 3518 1366 3561 servos
1392 3512 1446 3560 et
1472 3505 1726 3569 ancillas,
1751 3513 1808 3560 et
1838 3503 2061 3560 fuerunt

479 3597 613 3651 mihi
642 3612 844 3653 vernae.
873 3617 892 3649 ι
932 3595 1100 3654 Vides
1117 3605 1388 3653 tumorem
1414 3596 1762 3668 arrogantiae.
1796 3593 1925 3652 Haec
1955 3609 2060 3651 vox

477 3698 670 3761 aperte
697 3689 937 3761 insurgit
958 3687 1227 3744 adversus
1265 3686 1459 3744 Deum.
1500 3684 1697 3742 Omnia
1735 3686 1885 3743 enim
1938 3699 2059 3741 ser-

477 3785 593 3839 vire
623 3783 696 3847 ei,
732 3797 853 3853 qua:
877 3792 964 3838 est
987 3797 1153 3852 supra
1188 3781 1395 3845 omnia,
1443 3779 1728 3850 potestati,
1780 3777 2060 3833 audiimus

476 3889 507 3927 a
536 3873 845 3944 prOphetia.
877 3870 983 3938 Qui
1012 3881 1198 3926 autem
1233 3885 1396 3926 suum
1430 3869 1565 3925 facit
1593 3869 1647 3924 id
1682 3869 1828 3939 quod
1857 3883 1890 3921 a
1946 3865 2060 3922 Deo

477 3961 813 4032 possidetur,
844 3969 901 4016 et
943 3975 1053 4016 suo
1095 3961 1283 4031 generi
1312 3975 1433 4016 eam
1479 3959 1675 4015 tribuit
1708 3965 2054 4031 potestatem,

477 4061 541 4106 ut
581 4068 642 4107 sc
670 4058 825 4122 putet
853 4050 1141 4105 doruinum
1176 4050 1418 4105 virorum
1447 4059 1503 4106 et
1560 4048 1876 4114 mulierum,
1925 4048 2060 4120 quid

481 4144 633 4200 aliud
662 4160 827 4215 quam
865 4152 1120 4198 naturam
1148 4150 1374 4213 superat
1391 4142 1666 4213 superbia,
1693 4141 1788 4213 qui
1815 4142 2060 4213 seipsum

480 4237 680 4307 aspicit
709 4244 972 4307 tanquam
1005 4233 1213 4305 aliquid
1237 4234 1387 4289 aliud
1417 4234 1486 4289 ab
1518 4233 1592 4289 iis
1614 4235 1710 4304 qui
1751 4241 1882 4288 sunt
1927 4233 2061 4289 sub-
2106 4250 2113 4255 δ

474 4328 654 4400 jerti?
690 4348 709 4381 ι
774 4327 1001 4384 Possedi
1045 4342 1240 4385 servos
1293 4334 1350 4383 et
1408 4326 1665 4382 ancillas.
1700 4344 1722 4378 ι
1772 4323 2060 4381 Hominem

477 4422 815 4477 condemnas
840 4419 1143 4486 servitutis,
1178 4419 1340 4489 cujus
1366 4427 1452 4474 est
1483 4419 1676 4483 libera,
1706 4424 1761 4473 et
1787 4418 1873 4472 sui
1915 4416 2059 4487 juris

2156 3319 2355 3382 δείσοις
2387 3317 2651 3383 διάλυσις,
2685 3315 2810 3369 ὅσον
2846 3312 2907 3366 τὺ
2953 3310 3241 3382 ἄνθρωπον
3268 3307 3399 3361 δντα
3419 3346 3435 3370 ,
3475 3300 3712 3367 δεσπότην

2160 3408 2349 3465 ἑαυτὸν
2372 3388 2483 3462 τῶν
2508 3406 2799 3479 ὁμοφύλων
2828 3404 3073 3469 οἴεσθαι;
3107 3420 3126 3454 ι
3176 3396 3528 3469 Ἐκτησάμην
3555 3413 3573 3445 ι
3601 3390 3707 3461 γὰρ,

2160 3501 2320 3572 φησὶ,
2364 3517 2384 3551 ι
2420 3498 2640 3562 δούλους
2671 3497 2768 3550 καὶ
2806 3494 3122 3556 παιδίσκας,
3153 3490 3248 3545 καὶ
3283 3486 3578 3556 οἰκογενεῖς
3609 3479 3709 3572 eri:

2160 3565 2313 3643 νοντό
2343 3605 2452 3659 μοι.
2507 3605 2527 3640 ι
2587 3585 2749 3658 Ὁρᾷς
2778 3584 2872 3638 τὸν
2911 3582 3077 3651 δγκον
3107 3580 3209 3650 τῆς
3239 3574 3582 3639 ἀλαζονείας
3613 3565 3713 3659 Θεῷ

2159 3658 2421 3749 ἄντικρυς
2457 3676 2492 3746 ἡ
2537 3673 2758 3744 τοιαύτη
2804 3669 2957 3742 φωνὴ
3011 3665 3440 3739 άντεπαίρεταιο
3482 3660 3551 3715 τὰ
3599 3658 3710 3725 σύμ·
3762 3716 3763 3721 η

2157 3747 2337 3822 πάντα
2387 3766 2498 3838 γὰρ
2544 3764 2707 3819 δούλα
2762 3758 2903 3817 εἶναι
2951 3760 3053 3830 τῆς
3084 3757 3303 3811 πάντων
3340 3747 3709 3838 ὑπερκειμέντῇ

2158 3831 2411 3925 “multis
2425 3897 2441 3922 ο
2467 3831 2631 3928 ’παρά
2658 3855 2759 3925 τῆς
2790 3850 3130 3925 προφητείας
3170 3845 3511 3918 ἠκούσαμεν.
3555 3842 3610 3895 '0
3634 3831 3708 3889 οὖν

2157 3950 2348 4021 κτῆμα
2386 3949 2579 4003 ἑαυτοῦ
2619 3947 2681 4001 τὸ
2713 3945 2809 4000 τοῦ
2839 3934 2977 3998 Θεοῦ
3013 3941 3205 4012 κτῆμα
3236 3937 3589 4009 ποιούμενος,
3614 3931 3709 3983 ἐπι·

2162 4042 2399 4117 μερίζων
2427 4058 2487 4095 τε
2513 4039 2591 4110 τῷ
2622 4039 2769 4109 γένει
2812 4037 2913 4107 τὴν
2946 4033 3300 4097 δυναστείαν,
3328 4030 3406 4094 ὡς
3447 4025 3639 4099 ἀνδρῶν
3662 4036 3710 4117 τε

2276 4131 2576 4201 ιγυναικῶν
2618 4128 2809 4202 κύριον
2858 4127 3049 4183 ἑαυτὸν
3091 4122 3299 4180 οἴεσθαι
3318 4161 3334 4186 ,
3381 4119 3441 4175 τί
3475 4118 3595 4173 ἄλλο
3633 4110 3711 4166 καὶ

2159 4225 2284 4295 οὑχὶ
2327 4220 2592 4277 διαϐαίνει
2623 4222 2692 4293 τῇ
2736 4214 3086 4285 ὑπερηφανίᾳ
3125 4215 3223 4285 τὴν
3268 4213 3469 4284 φύσιν,
3510 4208 3627 4265 ἄλλο
3666 4218 3713 4255 τι

2160 4314 2355 4372 ἑαυτὸν
2387 4315 2543 4387 παρὰ
2568 4315 2694 4369 τοὺς
2715 4307 3050 4384 ἀρχομένους
3074 4306 3326 4375 Mem;
3351 4325 3371 4359 ι
3392 4299 3710 4372 Ἐκτησάμην

2160 4407 2380 4472 δούλους
2404 4406 2499 4461 καὶ
2521 4402 2799 4459 παιδίσκα.
2816 4414 2839 4451 ι
2863 4396 3085 4467 Δουλείᾳ
3125 4396 3509 4460 καταδικάζεις
3531 4391 3614 4445 τὸν
3634 4387 3708 4442 ἄν·

450 4520 696 4576 νιιοιιιτα,
733 4518 789 4567 et
829 4511 1000 4581 legem
1037 4508 1147 4565 fers
1180 4476 1447 4563 adversus
1508 4504 1702 4571 Deum,
1753 4476 2058 4561 naturalem

2161 4501 2379 4573 θρωπον
2398 4543 2412 4565 ,
2435 4492 2497 4552 οὗ
2522 4495 2780 4565 ἐλευθέρα
2800 4494 2837 4564 ἠ
2887 4493 3051 4563 φύσις
3084 4491 3182 4546 καὶ
3225 4476 3710 4581 αὑτεξούσιοςηκαξ

478 4603 599 4673 ejus
623 4603 796 4672 legem
826 4611 1100 4658 evertens.
1128 4598 1266 4654 Eum
1304 4601 1451 4655 enim
1481 4600 1575 4669 qui
1607 4597 1732 4655 ideo
1766 4595 1944 4654 factus
1973 4601 2061 4653 est

482 4703 543 4748 ut
575 4703 722 4749 esset
755 4704 917 4749 terra!
973 4693 1259 4757 dominus,
1307 4699 1363 4746 et
1424 4706 1587 4761 quem
1647 4695 1708 4744 ut
1765 4690 2061 4760 imperaret

480 4784 775 4840 constituit
818 4785 1073 4846 Creator,
1126 4797 1251 4837 eum
1313 4780 1526 4850 subigis
1579 4782 1713 4851 jugo
1752 4779 2057 4843 servitutis,

480 4888 747 4946 tanquam
775 4875 963 4931 divino
1001 4883 1280 4945 praecepto
1320 4873 1586 4929 resistens
1616 4881 1673 4927 et
1720 4887 2055 4943 repugnans.

481 4972 775 5027 Oblitusnc
798 4984 861 5024 es
895 4969 1122 5039 quinam
1165 4975 1298 5022 sunt
1327 4965 1549 5022 termini
1579 4976 1688 5020 tua
1727 4964 2055 5035 potestatis;

479 5075 677 5132 nempe
705 5059 853 5129 quod
892 5059 1003 5113 huc
1034 5073 1210 5127 usque
1254 5064 1412 5111 tuum
1445 5055 1733 5123 definitum
1778 5055 1852 5111 sit
1886 5054 2060 5123 impc-

481 5156 654 5220 rium,
719 5162 780 5206 ut
841 5149 1034 5220 praesis
1095 5148 1279 5203 brutis
1331 5145 1751 5201 animantibus?
1785 5143 2061 5214 imperent

478 5246 653 5308 enim,
685 5243 887 5312 inquit,
920 5240 1242 5295 volucribus
1279 5245 1334 5293 et
1368 5236 1612 5308 piscibus
1650 5245 1706 5293 et
1748 5235 2061 5307 quadrupe-

480 5339 662 5392 dibus.
701 5333 988 5401 Quomodo
1014 5332 1291 5403 przeterita
1320 5345 1441 5398 quae
1461 5337 1568 5383 tuae
1598 5329 1787 5383 manui
1811 5328 2060 5397 subjecta

481 5437 567 5483 est
620 5427 906 5489 servitute,
964 5423 1230 5478 adversus
1265 5422 1442 5490 ipsam
1490 5418 1718 5473 liberam
1777 5416 2061 5472 extolleris

484 5526 760 5579 naturam,
793 5516 847 5568 in
881 5509 1298 5580 quadrupedum
1334 5507 1419 5561 vel
1448 5506 1611 5560 etiam
1648 5504 2061 5575 (insectorum)

487 5605 718 5673 pedibus
754 5602 1061 5657 carentium
1096 5610 1387 5653 numerum
1419 5592 1662 5650 referens
1700 5593 1759 5648 id
1784 5594 1929 5665 quod
1976 5603 2064 5650 est

487 5696 732 5763 ejusdem
761 5693 976 5762 generis
998 5691 1021 5744 ’ί
1042 5711 1061 5742 ι
1097 5690 1295 5745 Omnia
1322 5689 1608 5760 subjecisti
1641 5682 1868 5748 homini,
1894 5704 1911 5735 ι
1950 5688 2064 5742 cla-

488 5792 604 5840 mat
634 5783 914 5855 Scriptura
954 5800 1049 5857 per
1081 5782 1443 5855 prophetiam,
1475 5793 1533 5840 et
1578 5783 1633 5841 in
1672 5779 1924 5839 eumdem
1978 5796 2063 5837 rc-

2160 4569 2594 4661 άντινομοθετεῖς
2616 4585 2698 4657 τῷ
2720 4585 2859 4656 Θεῷ,
2891 4582 3220 4656 ἀνατρέπων
3244 4578 3409 4635 αὑτοῦ
3437 4578 3526 4631 τὸν
3552 4572 3637 4661 ἐπί
3655 4569 3707 4637 τῇ

2163 4684 2324 4756 φύσει
2349 4655 2537 4753 νόμον.
2566 4655 2679 4734 Τὸν
2700 4655 2819 4750 γὰρ
2840 4678 2935 4730 ἐπὶ
2962 4655 3138 4746 τούτῳ
3160 4672 3473 4744 γενόμενον,
3496 4665 3578 4737 ἐφ’
3605 4655 3645 4732 ᾧ
3662 4673 3709 4756 τε

2161 4748 2355 4845 κύριον
2376 4748 2515 4826 εἶναι
2538 4772 2638 4842 τῆς
2660 4748 2789 4840 γῆς,
2815 4769 2911 4821 καὶ
2936 4769 3013 4831 είς
3037 4766 3211 4836 ἀρχὴν
3236 4748 3711 4850 τεταγμιιξνονλςτειξᾶι

2160 4864 2257 4920 τοῦ
2275 4863 2600 4925 πλάσαντος,
2621 4859 2811 4914 τοῦτον
2833 4858 3063 4928 ὑπάγεις
3084 4855 3160 4927 τῷ
3182 4858 3283 4927 τῆς
3304 4852 3547 4915 δουλείας
3566 4847 3706 4912 ζυγῷ,

2161 4955 2353 5027 ὥσπερ
2381 4952 2701 5008 ἀντιϐαίνων
2738 4966 2799 5002 τε
2838 4949 2933 5003 κα⁴ι
2978 4946 3284 5019 μαχόμενος
3316 4942 3395 5014 τῷ
3423 4942 3549 5011 θείῳ
3573 4946 3710 5005 προσ-

2160 5050 2428 5119 τάγματι.
2487 5043 2832 5112 Ἐπιλέλησαι
2870 5040 2982 5094 τῶν
3025 5039 3123 5110 τῆς
3164 5036 3411 5102 ἐξουσίας
3452 5036 3615 5106 ὅρων,
3643 5027 3706 5079 ὅτι

2165 5158 2249 5196 σοι
2292 5139 2456 5211 μέχρι
2486 5137 2585 5207 τῆς
2609 5133 2723 5188 τῶν
2745 5133 2956 5202 ἀλόγων
3001 5129 3322 5192 ἐπιστασίας
3354 5130 3389 5200 ὴ
3416 5126 3554 5201 ἀρχὴ
3582 5134 3708 5191 περι·

2162 5233 2411 5304 ὠρισται.
2439 5228 2780 5301 Ἀρχέτωσαν
2796 5226 2927 5296 γὰρ,
2951 5223 3105 5297 φησὶ,
3122 5222 3405 5289 πετεινῶν,
3422 5220 3516 5276 καὶ
3539 5213 3704 5290 ἰχθύων

2165 5325 2259 5378 καὶ
2287 5320 2656 5392 τετραπόδων.
2703 5317 2831 5380 Πῶς
2862 5315 3151 5388 παρελθὼν
3179 5313 3277 5386 τὴν
3314 5309 3610 5385 ὑποχείριόν
3639 5316 3704 5355 σοι

2163 5413 2407 5469 δωλείαν
2448 5412 2568 5464 κατ’
2609 5408 2782 5479 αὐτῆς
2818 5406 3020 5479 ὲπαίρῃ
3057 5407 3157 5478 τῆς
3197 5405 3484 5477 ἐλευθέρας
3524 5398 3703 5471 φύσεως

2170 5506 2308 5578 μετὰ
2332 5504 2443 5558 τῶν
2464 5501 2813 5574 τετραπόδων
2845 5500 2879 5571 ἢ
2908 5500 3001 5553 καὶ
3027 5496 3138 5552 τῶν
3164 5498 3382 5551 ἀπόδων
3407 5479 3704 5578 ἀριθμῶν,τῇ

2165 5570 2470 5667 δμόφυλον;
2511 5613 2531 5644 ι
2556 5570 2737 5648 Πάντα
2765 5570 3035 5655 ὑπέταξας
3055 5585 3132 5659 τῷ
3155 5582 3443 5657 ἀνθρώπῳ,
3468 5604 3485 5638 ι
3520 5580 3610 5652 βοᾷ

2166 5687 2269 5757 τῆς
2302 5682 2639 5755 προφητείας
2671 5682 2702 5733 ὁ
2735 5678 2944 5749 Λόγος,
2973 5678 3068 5733 καὶ⁴
3102 5677 3207 5730 ὑπὸ
3248 5675 3478 5748 ἀριθμὸν
3508 5672 3616 5737 ἄγει
3652 5673 3707 5712 τα

2170 5776 2459 5850 ὑποχείρια
2488 5773 2565 5847 τῷ
2595 5772 2760 5844 λόγῳ,
2798 5789 2817 5824 ι
2840 5771 3030 5843 κτήνη,
3054 5768 3147 5826 καὶ
3167 5768 3293 5841 βόας
3317 5768 3408 5823 καὶ
3428 5758 3696 5836 πρόϐατα.»
