3844 6364
259 335 358 392 665

1298 336 1365 393 ΙΝ
1408 337 1948 401 ECCLESIASTEN.
1986 345 2268 402 IIOMILIA
2311 347 2397 404 ιν.

3393 358 3498 417 686

256 453 340 554 hii)
366 454 431 506 ἐκ
464 451 577 554 τῶν
598 456 809 554 κτηνῶν
839 476 923 513 σοι
956 465 1244 531 γεγόνασιν
1285 469 1593 542 ᾶνθρωποις
1624 472 1716 545 Μὴ
1760 489 1792 528 α

1927 478 2030 533 fert
2055 492 2341 535 numerum
2377 494 2498 549 qua:
2531 479 2732 534 rationi
2782 487 2912 536 sunt
2938 480 3184 551 subjecta
3216 501 3237 535 ι
3278 496 3500 554 pecora,

257 546 368 615 βόες
410 560 489 598 σοι
525 545 626 616 τὴν
674 547 1021 624 ἀνθρωπίνην
1053 559 1215 629 γονήν
1259 560 1661 631 ἐτεκνώσαντο;
1705 564 1820 620 Μία

255 639 355 708 γὰρ
390 638 601 692 δουλεία
619 640 729 694 τῶν
756 642 1062 713 ἀνθρώπων
1090 648 1159 702 τὰ
1187 650 1377 721 ἄλογα.
1422 654 1820 720 Ἐξανατέλλων

253 750 353 822 γὰρ
387 751 577 822 χόρτον
607 755 722 817 τοῖς
757 756 1033 828 κτήνεσιν,
1068 763 1164 814 καὶ
1188 763 1353 835 χλόην
1378 768 1444 837 τῇ
1470 765 1684 837 δουλείᾳ
1710 766 1819 822 τῶν

252 840 560 913 ἀνθρώπων.
590 844 663 897 Σὺ
697 845 756 900 δὲ
779 846 877 917 τὴν
912 848 1074 918 φύσιν
1097 852 1341 918 δουλείας
1369 855 1465 909 καὶ
1500 856 1818 930 κυριότητος

252 932 448 1003 σχίσας,
478 934 647 1007 αὐτὴν
672 937 838 1010 ἐαυτῇ
868 939 1163 1009 δουλεύειν,
1191 944 1288 997 καὶ¹
1309 946 1507 1017 ἑαυτῆς
1540 948 1815 1017 κυριεύειν

248 1025 518 1096 ἐποίησας.
591 1049 612 1083 ι
637 1027 980 1104 Ἑκτησάμην
1001 1035 1108 1107 γὰρ
1124 1035 1338 1103 δούλους
1360 1040 1452 1093 καὶ⁸
1471 1040 1807 1107 παιδίσκας.»

247 1116 419 1183 Ποίας,
452 1117 574 1171 είπέ
614 1136 725 1191 μοι,
768 1122 971 1193 τιμῆς;
1016 1123 1079 1177 Τί
1108 1120 1266 1199 εὗρες
1310 1129 1368 1181 ἐν
1417 1130 1529 1192 τοῖς
1561 1125 1680 1182 οὖσι
1712 1129 1815 1200 τῆς

246 1208 448 1275 φύσεως
484 1208 691 1281 ταύτης
722 1212 1002 1281 ἀντάξιονς
1037 1215 1213 1269 Πόσου
1249 1218 1524 1289 κέρματος
1566 1219 1812 1291 ἐτιμήσω

243 1300 327 1353 τὸν
353 1299 542 1369 λόγον;
566 1302 758 1367 Πόσοις
784 1304 988 1369 ὀϐολοῖς
1019 1305 1117 1382 τὴν
1144 1310 1328 1367 εἰκόνα
1346 1308 1438 1367 τοῦ
1468 1309 1601 1364 Θεοῦ
1648 1312 1804 1367 ἀντε-

240 1390 570 1465 στάθμησας;
599 1393 783 1449 Πόσων
828 1398 1114 1468 στατήρων
1153 1399 1252 1471 τὴν
1288 1399 1617 1457 θεόπλαστον
1645 1401 1808 1471 φύσιν

240 1478 686 1551 ἀπενεπώλησας;
716 1476 886 1542 Εἶπεν
911 1488 939 1540 ό
961 1486 1110 1556 Θεὸς,
1139 1509 1158 1543 ι
1178 1492 1499 1564 Ποιήσωμεν
1521 1491 1806 1565 ἄνθρωπον

241 1572 351 1623 κατ’
379 1571 564 1626 εἰκόνα
593 1575 864 1647 ἡμετέραν
882 1578 977 1633 καὶ
998 1578 1271 1649 ὁμοίωσιν.
1295 1601 1316 1635 ι
1337 1582 1442 1637 Τὸν
1466 1582 1589 1639 καθ’
1619 1583 1804 1655 ὁμοιό-

235 1674 364 1727 τητα
388 1660 484 1713 τοῦ
510 1661 645 1715 Θεοῦ
668 1664 820 1730 ὄντα⁹
844 1667 939 1720 καὶ
967 1668 1149 1739 πάσης
1177 1670 1413 1743 ἄρχοντα
1438 1673 1536 1744 τῆς
1558 1674 1682 1744 γῆς,
1709 1675 1803 1727 καὶ

234 1748 441 1803 πάντων
480 1750 589 1806 τῶν
633 1754 726 1806 ἐπὶ
768 1755 869 1826 τῆς
916 1756 1022 1829 γῆς
1066 1758 1163 1832 τὴν
1215 1760 1463 1827 ἐξουσίαν
1508 1763 1661 1833 παρά
1705 1762 1800 1817 τοῦ

1923 570 2092 627 boves
2121 580 2176 627 et
2208 586 2339 627 oves
2361 570 2427 625 “.
2468 591 2487 624 ι
2517 568 2655 626 Num
2684 587 2748 628 ex
2782 569 3070 643 pecoribus
3098 570 3199 628 tibi
3233 576 3345 630 nati
3372 585 3502 631 sunt

1922 662 2222 717 homines?
2250 661 2391 717 Num
2431 663 2527 717 tibi
2565 663 2730 719 boves
2788 663 3084 718 humanam
3138 676 3501 736 procrearunt
3566 676 3571 681 '

1921 752 2214 809 sobolem?
2249 753 2367 809 Una
2398 754 2544 809 enim
2575 754 2863 808 hominum
2891 754 3130 810 servitus
3152 763 3283 811 sunt
3308 757 3500 815 bestia

1918 852 2176 913 expertes
2200 843 2432 899 rationis
2455 842 2519 896 ⁸³.
2548 841 2864 900 Producens
2889 845 3034 900 enim
3071 844 3255 902 fenum
3280 849 3497 919 jumen-

1923 933 2016 999 tis,
2050 943 2108 991 et
2150 933 2374 988 herbam
2405 934 2657 989 servituti
2688 934 2996 991 hominum.
3031 935 3112 993 Tu
3147 948 3328 995 autem
3377 956 3497 996 ser-

1914 1022 2111 1081 vitulis
2147 1030 2203 1079 et
2248 1023 2481 1079 dominii
2522 1024 2695 1079 scissa
2746 1031 2965 1092 natura,
3024 1027 3201 1097 ipsam
3250 1029 3355 1084 sibi
3390 1031 3497 1100 ipsi

1916 1115 2148 1180 servire,
2185 1123 2241 1171 et
2274 1114 2329 1169 in
2359 1116 2600 1186 seipsam
2628 1116 2972 1172 dominatum
3006 1118 3261 1175 obtinere
3289 1119 3493 1179 fecisti.

1919 1224 1938 1259 ι
1974 1205 2202 1265 Possedi
2241 1207 2386 1262 enim
2450 1222 2644 1263 servos
2696 1213 2753 1261 et
2791 1208 3044 1266 ancillas.
3090 1229 3110 1263 ι
3177 1201 3316 1277 Quo,
3378 1212 3491 1278 die,

1909 1314 2121 1369 quaeso,
2146 1299 2325 1369 pretio
2359 1300 2693 1370 comparasti
2716 1300 2741 1353 ?
2764 1299 2905 1367 Quid
2930 1302 2984 1355 in
3017 1302 3188 1357 rebus
3214 1305 3489 1371 invenisti,

1909 1389 2057 1459 quod
2099 1388 2266 1459 hujus
2295 1395 2512 1444 natura:
2543 1391 2719 1461 pretio
2746 1392 3101 1463 responderet
3128 1394 3145 1447 2
3173 1393 3316 1460 Quot
3337 1411 3491 1450 unm-

1910 1480 2015 1537 mis
2032 1480 2314 1535 aestimasti
2343 1478 2653 1536 rationem?
2677 1480 2820 1549 Quot
2836 1482 3028 1540 obolos
3055 1485 3362 1554 expendisti
3388 1500 3489 1556 pro

1907 1569 2004 1625 Dei
2053 1568 2338 1641 imagine?
2388 1568 2533 1638 Quot
2598 1572 2899 1627 stateribus
2925 1573 3108 1628 emisti
3138 1590 3260 1645 quae
3311 1591 3342 1629 a
3376 1574 3488 1632 Deo

1902 1659 2047 1716 facta
2081 1660 2184 1716 fuit
2222 1661 2525 1716 naturam?
2559 1659 2707 1716 Dixit
2739 1661 2905 1729 Deus,
2942 1681 2962 1715 ι
2999 1660 3290 1721 Faciamus
3312 1666 3488 1744 horni-

1904 1770 2029 1809 nem
2054 1754 2120 1808 ad
2141 1755 2433 1825 imaginem
2456 1761 2509 1809 et
2530 1753 2950 1810 similitudinem
2963 1767 3208 1819 nostram
3224 1758 3323 1812 ⁸⁸.»
3346 1759 3484 1812 Eum

231 1836 356 1890 Θεοῦ
395 1839 842 1914 κληρωσάμενον,
872 1846 959 1910 τίς
988 1850 1017 1901 6
1044 1849 1415 1922 ἀπεμπωλῶν,
1448 1853 1603 1920 εἰπὲ,
1642 1854 1723 1920 τίς
1773 1857 1792 1909 c'

1903 1846 1997 1916 qui
2027 1847 2093 1901 ad
2115 1844 2212 1901 Dei
2246 1845 2426 1903 factus
2475 1854 2560 1902 est
2591 1846 3039 1915 similitudinem,
3097 1856 3152 1904 et
3182 1849 3277 1920 qui
3357 1851 3486 1905 uni-

232 1924 557 1999 ὠνούμενος;
598 1933 775 1988 Μόνου
803 1935 939 1989 Θεοῦ
970 1936 1031 1991 τὸ
1051 1938 1342 2012 δυνηθῆναι
1361 1943 1521 1999 τοῦτο
1543 1961 1558 1977 ο
1600 1945 1792 2016 μᾶλλον

1902 1947 2251 1997 νενεωιθηδω
2285 1940 2608 2010 imperat,et
2632 1941 2728 2010 qui
2757 1941 3004 1996 omnium
3029 1957 3152 2012 qua:
3169 1953 3483 2016 suntsupra

229 2015 282 2110 δέ
318 2020 440 2073 ούδέ
477 2021 643 2079 αὐτοῦ
680 2025 865 2096 σχεδὸν
893 2029 986 2082 τοῦ
1022 2029 1178 2085 Θεοῦ.
1215 2052 1233 2084 ι
1260 2015 1675 2108 Ἀμεταμέλητα
1692 2037 1801 2110 γὰρ

230 2109 441 2179 αὐτοῦ,ι
466 2114 618 2185 φησὶ,
643 2133 663 2167 ι
684 2116 754 2171 τὰ
775 2118 1110 2192 χαρίσματα.
1126 2142 1144 2175 ι
1170 2124 1284 2178 υύκ
1314 2124 1381 2179 ἂν
1400 2122 1491 2181 οὖν
1511 2130 1539 2181 ό
1558 2109 1799 2200 Θεὸς

226 2220 381 2291 φύσιν
403 2224 886 2297 καταδουλώσειεν,
912 2231 971 2294 ὃς
988 2248 1050 2300 γε
1077 2232 1172 2287 καὶ
1191 2234 1530 2308 αὐθαιρέτως
1557 2239 1705 2309 ἡμᾶς
1730 2240 1796 2311 τῇ

223 2313 465 2385 ἁμαρτίᾳ
486 2316 850 2383 δουλωθέντας
876 2322 958 2385 είς
985 2322 1299 2396 ἐλευθερίαν
1321 2328 1702 2387 ἀνεκαλέσατο.
1733 2330 1799 2383 Ei.

220 2397 273 2451 δὲ
299 2402 327 2455 ό
359 2402 494 2466 Θεὸς
526 2406 587 2459 ού
615 2406 793 2460 δουλοῖ
836 2408 1145 2483 ἐλεύθερον,
1173 2413 1258 2478 τίς
1287 2417 1317 2468 ό
1357 2417 1666 2489 ύπερτιθεὶς
1701 2417 1797 2473 τοῦ

219 2490 347 2546 Θεοῦ
378 2493 479 2566 τὴν
504 2497 670 2552 αὐτοῦ
698 2499 1056 2570 δυναστείαν;
1087 2503 1211 2570 Πῶς
1240 2506 1297 2560 δὲ
1330 2508 1424 2561 καὶ
1452 2510 1797 2581 πραθήσεται

216 2581 245 2633 6
269 2582 451 2654 ἄρχων
483 2586 663 2659 πάσης
699 2590 801 2660 τῆς
832 2592 942 2662 γῆς
984 2594 1081 2647 καὶ
1121 2594 1229 2649 τῶν
1258 2598 1518 2667 ἐπιγείων
1547 2602 1794 2669 πάντων;

227 2669 462 2743 ’Δνάγκη
502 2674 613 2747 γὰρ
662 2678 812 2733 πᾶσα
857 2680 954 2733 καὶ
993 2680 1055 2735 τὸ
1085 2682 1274 2754 κτῆμα
1318 2685 1412 2738 τοῦ
1443 2687 1794 2759 πωλουμένου

216 2761 677 2819 συναποδίδοσθαι.
737 2767 914 2821 Πόσου
975 2769 1084 2824 τῶν
1139 2772 1243 2825 ὑπὸ
1302 2776 1486 2829 πᾶσαν
1534 2777 1631 2848 τὴν
1689 2778 1795 2848 γῆν

211 2853 588 2924 τιμησόμεθα;
631 2857 695 2910 Εί
734 2857 792 2911 δὲ
828 2857 1002 2913 ταῦτα
1031 2862 1309 2934 ἀτίμητα,
1349 2867 1377 2919 ό
1408 2866 1549 2938 ὑπὲρ
1596 2868 1792 2935 ταῦτα,

210 2940 362 3005 ποίας
388 2943 543 3009 ἄξιος
573 2945 759 3015 τιμῆς,
791 2948 913 3001 είπέ
946 2966 1072 3021 μοι;
1109 2951 1230 3005 Κᾶν
1270 2952 1361 3005 τὸν
1405 2954 1643 3025 κόσμον,
1673 2956 1799 3024 ὅλον,

208 3030 392 3104 εἴπῃς,
419 3035 546 3089 ούδέ
568 3034 743 3102 οὕτως
776 3032 937 3112 εὗρες
961 3043 1060 3114 τὴν
1090 3043 1226 3114 πρὸς
1258 3045 1415 3112 ἀξίαν
1434 3049 1623 3118 τιμήν.
1654 3048 1790 3103 Οὐδὲ

1902 2037 2103 2086 terram
2134 2038 2462 2102 potestatem
2480 2047 2510 2086 a
2534 2032 2643 2088 Deo
2662 2042 2747 2088 est
2761 2033 3017 2103 adeptus,
3030 2034 3120 2089 dic
3141 2036 3270 2105 quis
3285 2037 3483 2106 estqui

1900 2120 2122 2187 vendat,
2153 2123 2279 2193 quis
2315 2123 2409 2193 qui
2438 2124 2635 2180 emat?
2664 2123 2853 2182 Solius
2889 2125 2984 2182 Dei
3014 2137 3099 2183 est
3137 2128 3241 2185 hoc
3270 2143 3435 2199 posse
3462 2146 3480 2186 :

1900 2215 2011 2270 imo
2038 2229 2168 2269 vero
2199 2230 2269 2270 ne
2299 2215 2477 2285 ipsius
2499 2216 2722 2287 quidem
2751 2228 2855 2284 est,
2882 2235 3052 2290 prope
3072 2219 3329 2289 dixerim,
3362 2220 3481 2278 Dei.

1904 2319 1924 2353 ‹
1962 2299 2094 2358 Sine
2110 2304 2432 2373 poenitentia
2460 2305 2630 2373 enim,
2657 2305 2874 2378 iinquit
2905 2348 2920 2374 ,
2977 2317 3107 2364 sunt
3163 2325 3185 2358 ι
3210 2309 3331 2379 ejus
3376 2311 3477 2368 do-

1898 2392 2036 2449 na."
2048 2411 2066 2443 ›
2087 2392 2201 2447 Non
2216 2407 2343 2463 ergo
2360 2393 2501 2452 Deus
2514 2406 2759 2453 naturam
2776 2400 3036 2471 redegerit
3050 2404 3102 2458 in
3134 2400 3482 2467 servitutem,

1898 2485 1991 2557 qui
2045 2484 2214 2541 etiam
2248 2502 2346 2541 sua
2382 2496 2579 2558 sponte
2631 2504 2734 2545 nos
2786 2490 2998 2561 peccati
3035 2492 3288 2547 servituti
3323 2492 3483 2547 addi-

1897 2585 2039 2640 ctos,
2091 2577 2328 2631 asseruit
2388 2578 2443 2632 iu
2482 2578 2814 2635 libertatem.
2879 2579 2938 2635 Si
2990 2590 3173 2637 autem
3232 2581 3377 2639 Deus
3423 2583 3483 2639 id

1897 2668 2041 2737 quod
2068 2675 2153 2723 est
2188 2668 2421 2724 liberum
2453 2685 2563 2724 non
2608 2671 2805 2742 redigit
2844 2672 2901 2726 in
2934 2673 3299 2738 servitutem;
3353 2673 3483 2745 quis

1894 2768 1980 2814 est
2007 2759 2100 2829 qui
2128 2757 2217 2811 Dei
2252 2761 2508 2829 potestati
2546 2761 2767 2831 prmfert
2792 2763 2994 2817 suam?
3044 2762 3332 2829 Quomodo
3378 2779 3481 2819 au-

1896 2855 2001 2903 tem
2025 2848 2294 2904 vendetur
2322 2851 2414 2920 qui
2449 2859 2647 2920 praeest
2671 2853 2936 2908 universa:
2963 2863 3121 2909 terra}
3144 2862 3198 2910 et
3223 2854 3480 2911 omnibus

1895 2956 2015 3011 quae
2038 2949 2167 2995 sunt
2195 2957 2361 3011 supra
2408 2942 2657 2996 terram?
2688 2942 2930 2999 Omnino
2957 2944 3106 3000 enim
3139 2960 3367 3001 necesse
3392 2954 3481 3002 est

1893 3033 2059 3089 etiam
2085 3034 2249 3089 simul
2281 3034 2443 3090 vendi
2470 3034 2764 3091 facultates
2788 3036 2910 3107 ejus
2956 3037 3052 3108 qui
3104 3036 3477 3093 venundatur.

208 3123 310 3197 γὰρ
341 3125 468 3179 ὅλον
510 3123 633 3180 εἷπε
662 3130 755 3185 τὸν
780 3132 986 3203 κόσμον
1029 3136 1058 3187 6
1103 3134 1259 3200 εἰδὼς
1294 3136 1395 3208 τὴν
1439 3138 1789 3211 ἀνθρωπίνην

1897 3123 2099 3190 Quanti
2130 3124 2528 3182 aestimabimus
2558 3141 2623 3182 ea
2665 3142 2787 3197 quae
2848 3135 2982 3184 sunt
3028 3142 3194 3197 super
3254 3142 3474 3182 omnem

207 3211 359 3282 φύσιν
394 3217 646 3289 ἀκριϐῶς
680 3222 940 3292 τιμᾶσθαι
970 3223 1119 3289 ἄξιον
1154 3222 1297 3281 εἶναι
1336 3228 1442 3297 τῆς
1480 3229 1661 3301 ψυχῆς
1691 3230 1787 3284 τοῦ

207 3302 491 3376 ἀνθρώπου
516 3309 892 3384 ἀντάλλαγμα.
924 3314 1245 3387 ’Ἄνθρωπος
1272 3317 1451 3373 τοίνυν
1473 3320 1602 3375 ὅταν
1632 3321 1790 3386 ῶνιος

203 3390 257 3465 ᾗ,
281 3398 435 3453 οὐδὲν
469 3399 659 3472 ἕτερον
691 3402 725 3474 ἢ
754 3405 782 3457 6
811 3404 914 3475 τῆς
940 3405 1046 3478 γῆς
1090 3408 1279 3481 κύριος
1322 3410 1416 3463 ἐπὶ
1446 3410 1507 3463 τὸ
1540 3413 1791 3484 πωλητή-

206 3504 316 3577 ριον
355 3491 575 3561 ἄγεται.
608 3495 818 3550 Οὐκοῦν
851 3500 1471 3572 συναποκηρυχθήσεται
1510 3504 1658 3575 αὐτῷ
1689 3505 1787 3577 δη-

202 3575 330 3651 λαδὴ
374 3584 471 3635 καὶ
501 3584 536 3654 ἠ
568 3584 887 3657 ὑπάρχουσα
934 3589 1132 3654 κτίσις.
1168 3589 1319 3662 Αὕτη
1365 3592 1423 3646 δέ
1464 3595 1578 3647 ἐστι
1616 3595 1689 3665 γῆ
1726 3575 1832 3648 τε⁸

202 3670 292 3724 καὶ
319 3671 570 3733 θάλασσα
597 3676 693 3729 καὶ
727 3676 902 3747 νῆσοι,
935 3680 1030 3732 καὶ
1058 3679 1128 3734 τὰ
1154 3682 1212 3735 ἐν
1238 3682 1451 3747 τούτοις
1484 3684 1682 3739 πάντα.
1720 3684 1786 3737 Τί

199 3761 288 3819 οῦν
313 3764 688 3837 καταθήσεται
725 3767 1067 3842 ὠνούμενος;
1111 3772 1176 3824 Τί
1201 3772 1258 3826 δὲ
1284 3773 1513 3845 λήψεται
1539 3775 1786 3830 ἀποδιδό-

203 3867 381 3918 μενος,
406 3854 666 3913 τοσούτου
695 3859 976 3929 κτήματος
1004 3860 1271 3931 ἑπομένου
1291 3861 1386 3915 τοῦ
1414 3863 1787 3935 συναλλάγμα-

196 3957 323 4009 τος;
357 3944 499 3999 ἀλλά
525 3946 587 3998 τὸ
621 3946 793 4019 βραχὺ
826 3948 1105 4020 βιϐλίδιον,
1147 3952 1239 4004 καὶ
1275 3954 1308 4023 ή
1352 3952 1783 4027 ἐγγεγραμμένη

200 4033 474 4108 συνθήκη,
501 4039 599 4091 καὶ
639 4041 673 4109 ή
703 4040 812 4093 τῶν
845 4040 1047 4096 ὀϐολῶν
1079 4043 1484 4115 ἀπαρίθμησις,
1515 4045 1781 4119 δεσπότην

197 4140 255 4178 σε
287 4127 389 4198 τῆς
419 4130 630 4194 εἰκόνος
664 4132 757 4185 τοῦ
797 4133 931 4188 Θεοῦ
966 4130 1107 4189 εἶναί
1146 4153 1205 4189 σε
1246 4137 1545 4208 ἠπάτησεν.
1584 4140 1647 4191 Ὢ
1681 4140 1779 4210 τῆς

192 4213 398 4281 ἀνοίας.
424 4220 490 4273 Εἰ
519 4219 577 4273 δὲ
604 4221 859 4278 ἀπόλοιτο
888 4223 951 4277 τὸ
990 4224 1336 4295 συμϐόλαιον,
1372 4227 1420 4279 εί
1452 4226 1510 4279 δὲ
1543 4226 1647 4281 ὑπὸ
1685 4244 1780 4298 σησ

192 4306 298 4363 τῶν
336 4310 667 4384 διαφθαρείη
717 4313 787 4368 τὰ
822 4315 1153 4387 γράμματα,
1198 4318 1250 4373 εί
1292 4317 1350 4371 δὲ
1387 4316 1580 4382 ὕδατός
1619 4318 1782 4372 ποθεν

192 4403 629 4472 παρεμπεσοῦσα
684 4405 836 4475 ῥανὶς
885 4406 1241 4477 ἐξαλείψειεν,
1298 4407 1403 4462 ποῦ
1455 4426 1539 4463 σοι
1579 4410 1649 4463 τὰ
1683 4411 1782 4482 τῆς

1896 3223 2099 3270 terram
2121 3215 2144 3269 ?
2166 3214 2322 3281 Quod
2358 3215 2404 3271 si
2426 3230 2490 3270 ea
2526 3223 2656 3270 sunt
2685 3216 3107 3284 inaestimabilia,
3138 3216 3329 3287 quanti
3358 3232 3479 3287 pre-

1895 3302 1958 3358 tii
1988 3312 2074 3359 est
2109 3304 2154 3360 is
2209 3305 2303 3374 qui
2360 3312 2447 3359 est
2474 3319 2642 3375 super
2676 3304 2793 3359 haec
2822 3305 3031 3370 omnia,
3084 3304 3195 3370 dic,
3247 3303 3477 3372 quaeso?

1893 3395 2120 3450 Etiamsi
2154 3395 2362 3452 dixeris
2386 3405 2559 3449 totum
2588 3396 2874 3460 mundum,
2911 3412 2978 3452 ne
3004 3395 3213 3466 justum
3251 3395 3472 3466 quidem
3499 3458 3521 3478 .

1891 3487 2126 3556 pretium
2158 3486 2386 3541 dixeris.
2419 3484 2522 3552 Qui
2554 3488 2702 3541 enim
2754 3487 3048 3541 humanam
3107 3487 3260 3542 novit
3308 3496 3471 3541 natu-

1892 3592 2033 3643 ram,
2069 3592 2170 3631 nec
2197 3585 2371 3631 totum
2403 3578 2625 3648 quidem
2679 3577 2945 3632 mundum
2987 3577 3127 3632 dixit
3179 3593 3303 3633 esse
3336 3578 3475 3634 satis

1883 3666 2094 3731 justum
2119 3668 2378 3739 pretium,
2406 3669 2553 3738 quod
2585 3668 2753 3725 detur
2806 3684 2906 3740 pro
2962 3670 3145 3725 anima
3203 3670 3469 3727 hominis.

1892 3758 2063 3813 Homo
2110 3774 2243 3829 ergo
2281 3760 2502 3829 quando
2550 3759 2719 3815 fuerit
2775 3761 3007 3827 venalis,
3064 3761 3201 3815 nihil
3234 3762 3381 3816 aliud
3413 3763 3469 3819 in

1888 3849 2068 3903 forum
2123 3847 2349 3903 ducitur
2375 3865 2540 3920 quam
2572 3858 2735 3904 terrae
2790 3850 3065 3906 dominus.
3109 3849 3285 3905 Simul
3339 3867 3473 3922 ergo

1887 3954 2014 3993 cum
2065 3954 2131 3994 eo
2223 3941 2441 3997 scilicet
2477 3942 2845 3997 venundanda
2893 3944 3368 4013 proclamabitur,
3414 3952 3472 3998 et

1889 4046 2011 4102 quae
2064 4038 2151 4086 est
2197 4041 2472 4088 creatura.
2532 4033 2607 4086 Ea
2639 4042 2822 4088 autem
2843 4042 2929 4089 est
2968 4044 3024 4089 et
3046 4044 3194 4089 terra
3225 4046 3281 4091 et
3322 4050 3470 4090 mare

1888 4131 1944 4179 et
1982 4123 2193 4190 insulae,
2227 4132 2281 4178 et
2324 4140 2449 4195 quae
2488 4125 2543 4178 in
2581 4126 2664 4182 his
2699 4135 2827 4181 sunt
2883 4128 3090 4183 omnia.
3147 4127 3290 4193 Quid
3340 4143 3472 4199 ergo

1889 4216 2063 4271 solvet
2090 4217 2184 4287 qui
2218 4217 2394 4271 emit?
2424 4216 2565 4283 Quid
2593 4226 2777 4274 autem
2839 4219 3073 4290 accipiet
3128 4221 3222 4290 qui
3257 4221 3468 4288 vendit,

1887 4325 2012 4365 eum
2044 4320 2389 4367 contractum
2432 4321 2582 4367 tanta
2613 4323 2987 4383 consequatur
3019 4316 3335 4384 possessio?
3361 4315 3469 4372 Sed

1886 4417 2089 4473 parvus
2121 4402 2359 4457 libellus.
2400 4411 2455 4457 et
2491 4404 2697 4474 scripta
2722 4406 3036 4472 conventio,
3085 4413 3139 4461 et
3179 4406 3469 4462 obolorum

190 4486 434 4557 δουλείας
457 4491 717 4565 ἐνέχυρας
746 4494 859 4548 Ποῦ
888 4511 969 4549 σοι
992 4496 1060 4549 τὰ
1080 4496 1182 4567 τῆς
1205 4496 1522 4565 δεσποτείας
1553 4500 1740 4571 ἐφόδια
1761 4520 1777 4569 ;

1896 4484 2236 4548 enumeratio
2268 4501 2323 4549 te
2369 4494 2586 4560 fefellit,
2619 4503 2677 4550 ut
2734 4502 2788 4550 te
2830 4506 2988 4565 putes
3033 4495 3315 4552 dominum
3371 4495 3467 4554 Dei

190 4583 354 4637 Οὐδὲν
389 4586 503 4659 γὰρ
544 4587 657 4659 ὁρῶ
690 4586 853 4642 πλέον
890 4588 1044 4659 παρὰ
1083 4588 1176 4643 τὸν
1218 4590 1531 4663 ὑποχείριον
1572 4594 1637 4646 ἐκ
1681 4593 1778 4647 τοῦ

1896 4586 2167 4656 imaginis.
2194 4584 2239 4639 Ο
2265 4586 2603 4640 amentiam!
2643 4587 2749 4641 Sed
2781 4588 2827 4643 si
2873 4594 3059 4658 pereat
3111 4594 3466 4653 contractus,

188 4674 455 4748 ὀνόματός
493 4695 577 4733 σοι
606 4680 1035 4751 προσγινόμενον
1062 4721 1077 4747 ,
1110 4680 1249 4753 πλὴν
1275 4681 1370 4736 τοῦ
1398 4684 1681 4755 ὀνόματος.
1714 4685 1779 4738 Τί

185 4769 296 4840 γὰρ
327 4772 396 4841 τῇ
431 4773 499 4842 σῇ
528 4769 688 4840 φύσει
720 4772 755 4843 ἡ
795 4771 1013 4839 ἐξουσία
1046 4773 1426 4844 προσέθηκεν;
1460 4776 1535 4831 Οὐ
1565 4777 1779 4848 χρόνον,

186 4860 242 4913 οὐ
272 4864 690 4934 προτερήματα·
728 4864 793 4918 ἐκ
816 4863 926 4917 τῶν
957 4863 1135 4918 αὐτῶν
1158 4881 1240 4917 σοι
1265 4864 1298 4935 ἡ
1332 4865 1567 4933 γένεσις,
1595 4868 1780 4938 ὁμοιό-

186 4968 382 5023 τροπος
427 4956 463 5025 ἡ
508 4955 649 5026 ζωὴ,
700 4953 844 5010 κατὰ
884 4944 947 5008 τὸ
977 4951 1093 5009 ἴσον
1136 4956 1424 5026 ἐπικρατεῖ
1460 4958 1537 5011 τά
1577 4975 1638 5011 τε
1677 4958 1777 5030 τῆς

184 5043 364 5115 ψυχῆς
407 5047 506 5099 καὶ
544 5046 614 5099 τὰ
657 5047 751 5100 τοῦ
789 5045 1039 5118 σώματος
1075 5046 1248 5117 πάθη,
1293 5045 1388 5100 σοῦ
1437 5063 1497 5100 τε
1544 5047 1639 5101 τοῦ
1676 5066 1773 5102 κυ-

185 5137 464 5206 ριεύοντος
507 5140 603 5193 καὶ
625 5138 833 5194 ἐκείνου
854 5138 949 5194 τοῦ
971 5138 1378 5210 ύπεζευγμένου
1397 5141 1464 5211 τῇ
1489 5140 1772 5212 κυριότητι

183 5231 365 5286 ΰύναι
399 5233 500 5286 καὶ
527 5232 806 5303 εὐθυμίαι,
842 5230 1172 5303 εὐφροσύναι
1207 5231 1302 5284 καὶ
1328 5228 1651 5301 ἀδημονίαι,
1678 5229 1771 5284 λύ-

181 5341 280 5377 παι
316 5325 417 5378 καὶ
443 5324 660 5396 ἡδοναὶ,
693 5324 854 5395 θυμοὶ
882 5323 978 5377 καὶ
1007 5321 1183 5392 φόϐοι,
1215 5320 1361 5375 νόσοι
1393 5322 1488 5375 καὶ
1521 5320 1765 5376 θάνατοι.

182 5415 270 5487 Μή
308 5433 395 5481 τις
426 5418 488 5470 ἐν
515 5417 723 5479 τούτοις
755 5415 989 5486 διαφορᾶ
1034 5413 1169 5485 πρὸς
1209 5412 1301 5466 τὸν
1326 5406 1511 5467 δοῦλον
1545 5412 1622 5483 τῷ
1669 5432 1768 5467 κυ-

184 5505 443 5574 ριεύοντις
479 5507 552 5560 Οὐ
575 5506 665 5560 τὸν
686 5505 847 5559 αὐτὸν
868 5503 1118 5558 ἕλκουσιν
1141 5504 1284 5575 ἀέρα
1314 5503 1402 5557 διὰ
1430 5503 1524 5558 τοῦ
1556 5504 1767 5576 ἄσθμαο

182 5609 303 5662 “cog;
334 5596 453 5667 Οὐχ
481 5595 738 5660 ὡσαύτως
765 5593 933 5667 ὁρῶσι
969 5594 1062 5648 τὸν
1098 5593 1282 5664 ἧλιον;
1313 5595 1425 5665 Οὐχ
1460 5595 1662 5664 ὁμοίως
1699 5597 1764 5665 τῇ

1885 4676 1933 4734 si
1963 4693 1994 4730 a
2025 4676 2187 4731 tineis
2221 4691 2463 4731 corrosre
2491 4676 2699 4731 fuerint
2735 4677 2953 4743 litterae,
2986 4686 3083 4734 aut
3123 4679 3171 4735 si
3212 4678 3469 4735 alicunde

1883 4767 2136 4824 incidens
2185 4783 2341 4840 aqua;
2383 4775 2536 4839 gutta
2577 4768 2881 4836 deleverit,
2946 4770 3170 4827 ubinam
3206 4771 3304 4827 tibi
3338 4780 3468 4828 sunt

1881 4859 2200 4917 dominatus
2231 4867 2575 4931 argumenta,
2609 4876 2731 4929 quae
2765 4863 3003 4932 probant
3034 4870 3087 4918 te
3125 4878 3247 4919 esse
3284 4862 3465 4917 domi-

1882 4966 2013 5005 num
2037 4951 2061 5004 ?
2094 4948 2173 5005 Ex
2195 4966 2261 5005 eo
2295 4951 2443 5006 enim
2467 4951 2561 5020 qui
2590 4960 2676 5007 est
2703 4953 2807 5007 sub
2826 4968 2993 5008 manu
3016 4961 3128 5021 tua,
3153 4953 3288 5007 nihil
3315 4951 3465 5007 aliud

1883 5043 1980 5097 tibi
2011 5042 2170 5097 video
2199 5043 2461 5098 accedere
2489 5050 2689 5113 praeter
2730 5058 2950 5101 nomen.
2994 5044 3135 5111 Quid
3166 5044 3311 5099 enim
3365 5059 3463 5113 po-

1880 5142 2052 5190 testas
2081 5143 2174 5187 tua
2220 5134 2423 5203 adjecit
2455 5135 2708 5189 naturae?
2758 5152 2875 5191 non
2906 5146 3145 5206 tempus,
3206 5150 3314 5189 non
3352 5136 3462 5189 ulla

1880 5224 2184 5296 privilegia.
2227 5224 2301 5280 Ex
2338 5225 2533 5282 iisdem
2562 5228 2659 5283 tibi
2699 5236 2787 5283 est
2830 5237 3010 5292 ortus,
3058 5218 3251 5281 eodeni
3298 5225 3462 5280 modo

1878 5333 1909 5372 a
1939 5317 2094 5373 vobis
2134 5316 2241 5373 vita
2271 5317 2510 5389 degitur,
2538 5335 2602 5374 ex
2638 5334 2799 5390 aequo
2830 5319 3184 5373 dominantur
3209 5318 3375 5371 animi
3407 5329 3461 5372 et

1846 5408 2128 5477 .corporis
2170 5407 2511 5473 aﬂ'ectiones,
2551 5410 2605 5462 in
2642 5418 2695 5464 te
2739 5408 2832 5478 qui
2880 5424 2940 5464 es
2973 5408 3230 5463 dominus
3301 5416 3357 5463 et
3400 5408 3455 5462 in

1881 5502 2033 5556 illum
2065 5501 2157 5569 qui
2182 5508 2267 5555 est
2295 5499 2579 5569 subjectus
2600 5513 2694 5555 tuo
2723 5500 2993 5565 dominio,
3017 5514 3219 5555 mceror
3250 5508 3304 5555 et
3336 5499 3457 5553 ani-

1878 5594 1949 5649 mi
1986 5591 2265 5658 alacritas,
2304 5592 2490 5647 lactitia
2520 5602 2576 5648 et
2616 5591 2865 5658 tristitia,
2900 5591 3057 5650 dolor
3089 5602 3138 5648 ct
3176 5593 3451 5664 voluptas,

251 5774 296 5807 ’δ
335 5778 491 5839 Psal.
523 5794 639 5847 vui,
663 5783 713 5837 8.
794 5786 835 5818 ⁸⁸
875 5784 1020 5843 Psal.
1064 5804 1180 5855 cm,
1219 5786 1298 5843 Η.
1380 5788 1422 5820 ⁶⁶
1463 5786 1594 5844 Gen.
1633 5802 1670 5851 ι,
1719 5785 1787 5839 236

1896 5787 1929 5819 ⁵⁷
1973 5784 2133 5840 Rom.
2187 5801 2260 5852 xi,
2303 5786 2392 5839 29.
