3844 6394
352 320 458 381 661
504 308 508 312 ’

1592 325 1649 380 S.
1692 325 2018 382 GBEGORII
2061 325 2358 382 NYSSENI
2449 337 2455 343 '

3510 328 3615 385 668

356 438 442 493 ira
476 446 532 494 et
561 446 763 502 metus,
798 436 1022 491 merbus
1044 441 1099 491 et
1129 448 1295 489 mors.
1326 433 1492 490 Estne
1510 437 1575 490 in
1605 438 1689 493 his
1722 440 1929 510 aliquod

2041 442 2139 510 τῆς
2171 442 2377 511 τροφῆς
2413 440 2696 513 προσθήκῃ
2753 441 3074 513 συντηροῦσι
3119 443 3219 513 τὴν
3256 442 3455 510 edant;
3506 446 3614 514 οὐχ

352 530 653 587 discrimen
683 529 822 582 inter
855 542 1073 583 servum
1113 535 1169 581 et
1229 526 1557 581 dominum?
1599 528 1794 583 Annon
1834 547 1930 601 per

355 620 655 676 anhelitum
687 618 937 673 eumdem
982 617 1212 671 trahunt
1240 633 1419 673 aerem
1444 618 1467 672 Ἰ
1497 616 1615 673 Non
1675 620 1931 676 similiter

356 711 526 767 solem
560 707 883 764 intuentur?
912 706 1029 761 Non
1058 707 1247 762 eadem
1290 707 1565 762 nutrieudi
1624 708 1933 777 adjectione

356 817 510 857 suam
538 808 868 854 conservant
897 807 1151 852 naturam
1178 798 1201 849 ἲ
1229 796 1348 851 Non
1391 808 1477 852 est
1522 799 1710 852 eadem
1760 800 1934 854 visce-

355 905 475 943 rum
511 887 897 942 constructio?
926 887 1124 941 Annon
1164 888 1326 940 ambo
1359 897 1485 940 sunt
1520 899 1643 957 post
1703 899 1931 943 mortem

358 995 499 1035 unus
529 979 756 1050 pulvis?
798 978 917 1033 Non
960 994 1131 1033 unum
1176 987 1260 1033 est
1290 978 1610 1048 judicium?
1663 978 1782 1033 Non
1845 988 1933 1035 est

356 1085 647 1125 commune
695 1087 942 1141 regnum,
996 1081 1049 1124 et
1094 1070 1340 1140 gehenna
1380 1070 1745 1125 communis?
1807 1068 1915 1136 Qui

2034 533 2091 585 αί
2118 532 2277 585 αὑταὶ
2311 532 2418 585 τῶν
2459 532 2779 603 σπλάγχνων
2814 533 3183 599 κατασκευαί;
3216 535 3292 586 Οὐ
3336 534 3437 603 μία
3471 534 3614 596 κόνις

2034 624 2084 675 οἱ
2110 622 2203 677 δύο
2233 623 2370 694 μετὰ
2401 625 2492 676 τὶν
2527 625 2791 690 θάνατον;
2823 626 2957 694 Οὐχὶ
2987 625 3045 677 ἒν
3085 622 3145 677 τὸ
3183 628 3500 697 κριτήριον;
3539 626 3613 678 οὐ

2037 712 2190 782 κοινὴ
2232 712 2495 782 βασιλεία,
2543 716 2636 768 καὶ
2685 716 2879 784 γέεννα
2921 716 3108 787 κοινή;
3164 716 3223 768 ὐ
3262 718 3321 769 ὲν
3373 718 3512 770 πᾶσι
3556 717 3616 770 τὺ

2035 797 2151 856 ῒσον
2180 803 2338 873 ἔχων,
2371 805 2429 856 ἐν
2450 802 2557 857 τίνι
2586 805 2645 858 τὸ
2677 805 2838 858 πλέον
2866 805 3031 876 ἔχεις,
3062 802 3204 868 είπὲ,
3232 806 3372 859 ὥστε
3406 806 3618 877 ἀνθρω-

2036 901 2137 945 πον
2174 892 2299 945 ὄντα
2327 893 2592 963 δεσπότην
2622 894 2905 967 ἀνθρώπου
2942 896 3130 950 ἑαυτὸν
3166 895 3409 961 οἴεσθαις
3446 915 3466 949 ι
3504 894 3615 951 Καὶ

2035 983 2388 1054 ἐκτησάμην,
2442 1001 2461 1035 ι
2503 984 2715 1054 λέγεις,
2764 1006 2781 1037 ι
2828 986 3045 1050 δούλους
3095 987 3189 1041 καὶ⁸
3222 986 3536 1052 παιδίσκας.
3587 1006 3609 1041 ι

2032 1068 2203 1126 Ὠσπε
2213 1091 2241 1144 ρ
2262 1074 2504 1127 αἰπόλιον
2530 1092 2604 1138 τι,
2627 1075 2659 1146 ἥ
2690 1076 2981 1131 συοϐόσιον.
3007 1075 3189 1129 Είπὼν
3217 1076 3325 1148 γάρ
3344 1077 3429 1131 ὄτι
3485 1095 3504 1126 ι
3528 1077 3615 1131 Ἐο

356 1162 582 1230 aequalis
622 1178 682 1217 es
710 1163 763 1215 in
796 1159 1071 1222 omnibus,
1118 1161 1172 1213 iu
1228 1175 1359 1229 quo,
1396 1176 1604 1229 quaeso.
1668 1160 1926 1230 superior

2034 1161 2314 1234 κτησάμην
2328 1162 2535 1231 δούλους
2553 1166 2643 1223 καὶ
2666 1168 2976 1234 παιδίσκας,
3000 1190 3018 1222 ι
3047 1168 3355 1240 προσέθηκε
3406 1167 3505 1239 τὴν
3556 1170 3615 1221 ἑν

358 1253 550 1319 fueris,
577 1262 634 1307 ut
663 1268 787 1309 cum
811 1253 890 1308 sis
917 1254 1099 1315 homo,
1129 1252 1410 1306 dominum
1434 1252 1675 1306 hominis
1698 1252 1929 1319 teipsum

2036 1255 2150 1314 τοῖς
2183 1254 2453 1324 ποιμνίοις
2485 1255 2580 1308 καὶ
2612 1255 2908 1325 βουκολίοις
2945 1259 3428 1330 προγεγενημένην
3457 1258 3617 1311 εὐθυ-

358 1352 518 1412 putes
542 1347 564 1396 ?
590 1364 608 1395 ι
640 1342 707 1397 Et
736 1344 975 1413 possedi,
1014 1362 1031 1394 ι
1067 1343 1267 1413 inquit,
1292 1361 1310 1391 ι
1342 1357 1529 1397 servos
1551 1350 1605 1396 et
1631 1342 1879 1403 ancillas,
1907 1357 1926 1391 ι

2041 1342 2170 1413 μίαν
2205 1343 2373 1414 αὐτῷ.
2408 1362 2427 1396 ι
2472 1347 2579 1400 Καὶ
2606 1347 2797 1418 κτῆσις
2842 1366 2860 1400 ι
2896 1348 3027 1421 γάρ,
3075 1349 3231 1422 φησὶ,
3268 1369 3287 1401 ι
3334 1349 3616 1420 βουκολίου

355 1443 617 1505 tanquam
662 1450 951 1504 caprarum
993 1436 1206 1504 aliquos
1265 1443 1319 1490 et
1376 1451 1665 1506 porcorum
1718 1450 1929 1504 greges.

2038 1433 2130 1485 καὶ
2156 1435 2403 1504 ποιμνίου
2430 1435 2644 1504 ἐγένετό
2675 1452 2763 1507 μοι
2795 1438 2986 1509 πολλὴ,
3018 1459 3037 1492 ι
3066 1439 3140 1504 ὡς
3165 1441 3222 1493 ὲν
3248 1442 3314 1509 τῇ
3342 1440 3433 1510 ῐσῃ
3464 1437 3617 1502 τάξει

356 1522 493 1577 Nam
519 1540 642 1579 cum
678 1525 930 1589 dixisset,
965 1543 985 1577 ι
1039 1523 1265 1579 Possedi
1297 1540 1486 1579 servos
1531 1534 1584 1579 et
1612 1524 1861 1588 ancillas,
1907 1541 1926 1573 ›

2038 1521 2245 1575 τούτων
2269 1539 2328 1575 τε
2356 1523 2627 1577 κάκείνων
2652 1524 3073 1596 ὑπεζευγμένων
3102 1530 3167 1597 τῇ
3196 1525 3437 1595 ἐξουσίᾳ.

254 1684 269 1697 ,
358 1616 561 1685 adjecit
588 1622 793 1685 quanta
821 1615 923 1671 sibi
991 1616 1145 1686 prius
1179 1615 1371 1672 fuisset
1406 1619 1747 1689 prosperitas
1786 1617 1843 1670 in
1871 1614 2044 1669 bobus
2073 1620 2128 1667 et
2185 1614 2404 1669 ovibus.
2482 1632 2501 1666 ι
2550 1615 2616 1670 Et
2664 1621 2857 1680 multa.
2904 1636 2923 1670 ι
2968 1620 3171 1689 inquit,
3241 1638 3260 1671 ι
3321 1620 3459 1677 mihi
3512 1619 3618 1677 fuit

359 1707 641 1776 possessio
672 1706 833 1761 houm
865 1716 920 1761 et
960 1709 1141 1761 ovium
1161 1748 1174 1770 ,
1210 1727 1228 1759 ›
1264 1716 1451 1777 utpote
1503 1707 1650 1779 quod
1708 1708 1764 1762 in
1813 1706 1930 1777 pari
1968 1704 2163 1760 ordine
2190 1708 2478 1777 potestatis
2511 1717 2565 1764 et
2590 1708 2705 1763 haec
2730 1714 2786 1764 et
2820 1710 2913 1763 illa
2940 1710 3190 1776 subjecta
3222 1721 3432 1769 essent.

431 1797 638 1854 Deinde
675 1798 934 1868 posthaec
975 1799 1044 1855 ad
1079 1800 1287 1870 majora
1322 1809 1549 1871 peccata
1583 1800 1929 1871 progreditur

2100 1793 2234 1851 Εἶτα
2266 1800 2358 1851 ἐπὶ
2382 1799 2589 1864 τούτοις
2623 1800 2728 1870 ὁδῷ
2777 1801 3020 1873 πρόεισιν
3043 1802 3139 1869 ἐπὶ,
3179 1802 3249 1857 τά
3291 1804 3464 1875 μείζω
3507 1805 3619 1858 τῶν

357 1887 481 1959 ejus
493 1891 873 1956 enuntiatio,et
886 1892 987 1946 sibi
1006 1892 1187 1947 inesse
1203 1893 1536 1949 vociferatur
1553 1896 1796 1947 omnium
1817 1908 1929 1946 ma-

2034 1889 2443 1960 ἀμαρτημάτων
2489 1893 2521 1962 ἡ
2562 1888 2946 1962 ὲξαγόρευσις·
2989 1892 3086 1963 βοᾷ
3118 1893 3226 1964 γὰρ
3258 1895 3378 1949 καθ’
3421 1895 3619 1950 ἑαυτοῦ

360 1979 536 2035 lorum
572 1981 833 2049 radicem,
862 1996 1055 2053 nempe
1077 1983 1383 2037 avaritiam.
1417 1981 1510 2037 Sic
1547 1982 1690 2036 enim
1718 1982 1850 2037 dicit
1873 1984 1927 2037 in

2034 1976 2128 2046 τὴν
2156 1976 2374 2032 πάντων
2419 1979 2528 2033 τῶν
2582 1981 2767 2034 κακῶν
2795 1982 2970 2053 ῥίζαν,
3011 1982 3133 2053 ἦτις
3170 1984 3317 2037 ἐστὶν
3350 1987 3382 2055 ἡ
3420 1985 3618 2058 φιλαρο

360 2076 622 2125 contextu
658 2069 956 2125 dictionis:
999 2090 1017 2122 ι
1049 2070 1257 2142 Collegi
1294 2072 1428 2127 mihi
1469 2080 1525 2129 et
1557 2086 1838 2142 argentum
1876 2081 1929 2129 et

2034 2068 2213 2140 γυρία.
2240 2071 2349 2124 Καί
2378 2087 2542 2143 φησιν
2576 2074 2667 2127 ἐπὶ
2696 2072 2895 2139 λέξεως
2922 2074 3114 2139 οὕτως·
3148 2095 3165 2127 ι
3186 2074 3495 2147 Συνήγαγόν
3527 2095 3619 2149 μοι

356 2175 573 2215 aurum.
607 2181 626 2214 ι
656 2161 795 2228 Quid
820 2163 965 2218 enim
990 2165 1177 2218 nocuit
1203 2179 1401 2219 aurum
1436 2173 1580 2220 terra
1602 2165 1925 2231 immistum,

2034 2163 2119 2219 καί
2145 2181 2209 2235 γε
2237 2163 2498 2235 ἀργύριον
2523 2160 2617 2218 καί
2645 2177 2705 2234 γε
2739 2164 2978 2236 χρυσίον.
3002 2184 3021 2217 ι
3053 2164 3120 2218 Τί
3145 2164 3254 2237 γὰρ
3281 2164 3519 2238 ἐλύπησε
3548 2169 3618 2239 τῇ

356 2256 413 2305 et
444 2251 498 2305 in
535 2252 645 2307 illis
673 2250 903 2308 eﬂusum
934 2254 1092 2316 locis,
1122 2253 1176 2306 in
1208 2253 1409 2322 quibus
1456 2270 1485 2307 a
1515 2254 1772 2311 Creatore
1819 2272 1929 2326 po-

2034 2263 2099 2331 γῇ
2135 2259 2614 2330 καταμεμιγμένον
2669 2257 2732 2310 τὸ
2778 2256 3020 2329 χρυσίον,
3067 2259 3339 2323 κάκείνοις
3385 2261 3621 2330 ἐκκεχυ-

361 2342 526 2395 situm
577 2342 680 2396 fuit
727 2344 795 2398 ab
843 2343 1050 2398 initio?
1088 2341 1360 2410 Quidnam
1394 2345 1490 2400 tibi
1521 2347 1642 2417 plus
1676 2348 1929 2402 utilitatis

2034 2350 2190 2421 μένον
2233 2353 2347 2413 τοῖς
2381 2350 2588 2413 τόποις,
2621 2347 2703 2413 οἷς
2740 2348 2800 2416 ἐξ
2841 2348 3020 2420 ἀρχῆς
3057 2347 3275 2423 ὲνετέθη
3323 2350 3473 2423 παρά
3518 2351 3618 2405 τοῦ

359 2432 556 2488 afferre
577 2432 707 2489 fecit
732 2450 914 2489 rermn
937 2434 1120 2505 opifex
1142 2451 1306 2506 quam
1334 2436 1546 2492 fructus
1570 2438 1764 2492 terrae?
1789 2438 1926 2493 Num

2034 2443 2347 2507 κτίσαντοςς
2399 2441 2466 2494 Τί
2521 2439 2740 2513 ὁφειλήν
2788 2456 2870 2493 σοι
2921 2440 3083 2494 πλέον
3133 2442 3263 2512 περὶ
3309 2442 3435 2505 τοὺς
3479 2458 3622 2511 καρ-

358 2525 458 2578 tibi
510 2525 658 2579 solos
718 2526 978 2580 arborum
1030 2526 1247 2582 fructus
1274 2535 1328 2582 et
1359 2531 1571 2584 semina
1623 2528 1813 2583 tribuit
1860 2529 1929 2584 ad

2034 2535 2165 2598 ποὺς
2197 2532 2298 2604 τῆς
2329 2534 2432 2603 γῆς
2472 2532 2502 2585 δ
2546 2531 2955 2604 δημιουργήσας
3010 2533 3300 2603 ὲποίησεν;
3350 2534 3424 2587 Οὐ
3480 2534 3624 2604 μόνα

359 2621 761 2675 nutrimentum
785 2622 809 2675 ?
836 2623 947 2677 Cur
975 2621 1115 2676 datae
1142 2622 1431 2692 potestatis
1461 2622 1727 2678 terminos
1751 2630 1929 2678 trans-

2034 2639 2115 2675 σοι
2183 2622 2255 2675 τὰ
2324 2623 2598 2693 ἀκρόδρυα
2672 2624 2765 2677 καὶ
2819 2623 2889 2678 τά
2961 2622 3253 2695 σπέρματα
3318 2621 3453 2698 πρὸς
3513 2624 3626 2704 τὴν

360 2712 652 2781 grederis?
685 2714 792 2767 Aut
820 2714 1049 2769 ostende
1076 2714 1191 2769 haec
1225 2729 1444 2784 quoque
1472 2713 1570 2768 tibi
1600 2729 1864 2770 concessa
1900 2728 1929 2768 a

2034 2712 2236 2783 τροφὴν
2292 2712 2684 2782 ἀπεκλήρωσεν
2706 2729 2721 2741 ·
2800 2710 2886 2765 διὰ
2938 2712 2994 2766 τί
3058 2712 3307 2786 παρέρχῃ
3361 2713 3457 2784 τῆς
3512 2714 3629 2781 ἐξ-

356 2803 615 2859 Creatore
671 2812 731 2858 ut
754 2804 952 2867 fodias,
984 2814 1038 2858 et
1063 2803 1281 2857 metalla
1314 2803 1602 2868 scruteris,
1638 2809 1690 2856 et
1710 2816 1773 2855 ea
1807 2802 1929 2871 igne

2034 2804 2217 2867 ουσίας
2272 2803 2396 2866 τοὺς
2441 2802 2636 2873 δρουςς
2673 2803 2744 2856 Ἦ
2774 2801 2947 2870 δεῖξόν
2998 2818 3081 2857 σοι
3128 2802 3222 2858 καὶ¹
3263 2802 3433 2858 ταῦτα
3486 2821 3629 2872 συγ-

360 2894 578 2960 fundas,
607 2905 660 2951 et
692 2911 994 2967 congreges
1029 2911 1150 2966 quae
1179 2910 1289 2949 non
1326 2896 1578 2965 sparsisti
1607 2912 1623 2962 ;
1665 2903 1758 2948 aut
1814 2896 1929 2949 haec

2034 2891 2399 2962 κεχωρημένα
2435 2890 2587 2963 παρὰ
2623 2889 2720 2944 τοῦ
2753 2893 3069 2958 κτίσαντος,
3101 2892 3241 2946 ὥστε
3274 2892 3626 2965 μεταλλεύειν

361 2986 597 3042 fortasse
629 2982 761 3040 nulli
785 3001 908 3041 esse
942 2987 1157 3041 crimini
1199 2984 1377 3040 adinia
1416 2988 1543 3058 quis
1584 2987 1929 3043 existimave-

2034 2996 2092 3033 τε
2122 2983 2218 3035 καὶ
2246 2980 2588 3053 ἀνορύσσειν,
2633 2982 2728 3034 καὶ
2764 2982 2899 3053 πυρὶ
2940 2983 3337 3053 καταχωνεύειν
3381 2984 3440 3037 τὸ
3485 2985 3629 3038 ὑπο-

361 3077 452 3140 rit,
493 3076 574 3131 sic
610 3076 705 3130 tibi
753 3078 1043 3146 pecuniam
1084 3091 1420 3146 congregare
1460 3092 1524 3132 ex
1557 3077 1791 3133 metallis
1822 3089 1929 3132 ter-

2036 3072 2306 3143 κείμενον,
2341 3072 2432 3126 καὶ
2482 3072 2735 3141 συνάγειν
2781 3071 2956 3126 ταῦτα
2993 3073 3030 3127 ἃ
3063 3072 3138 3146 μὴ
3188 3074 3545 3144 ὲσκόρπισας·
3584 3077 3624 3147 ἢ

362 3169 481 3223 rte?
514 3169 607 3224 sed
637 3169 896 3238 quoniam
925 3169 1144 3223 additur
1172 3169 1409 3223 orationi
1441 3185 1625 3240 regum
1659 3179 1713 3226 et
1756 3171 1929 3241 regio-

2039 3137 2209 3217 miim
2258 3163 2354 3234 μὲν
2397 3162 2525 3226 ἴσως
2565 3137 2716 3217 οὐδὲν
2755 3162 3006 3234 ἔγκλημά
3030 3137 3284 3228 τις-εῖναι
3315 3137 3627 3236 λογίσηται,

362 3276 490 3316 num
519 3262 730 3331 copias,
776 3274 930 3314 mens
958 3260 1327 3330 congregandi
1376 3276 1484 3314 non
1524 3268 1704 3331 potest
1745 3277 1866 3317 esse
1907 3276 1929 3316 a

2038 3255 2099 3309 τὸ
2134 3254 2276 3308 οὕτω
2314 3253 2526 3325 σεαυτῷ
2556 3254 2805 3324 συνάγειν
2842 3256 2907 3308 ὲκ
2934 3254 3043 3317 τῶν
3072 3251 3174 3326 τῆς
3215 3256 3320 3327 γῆς
3346 3256 3631 3328 μετάλλων

362 3352 521 3422 culpa
555 3353 835 3407 immunis.
860 3351 1144 3422 Tanquam
1184 3352 1330 3406 enim
1366 3353 1528 3422 regiae
1578 3354 1741 3407 liceat
1787 3362 1929 3423 pote-

2037 3345 2106 3399 τὰ
2148 3342 2444 3416 χρήματας
2492 3342 2606 3399 ἀλλ’
2651 3344 2837 3417 ἐπειδὴ
2876 3349 3195 3417 πρόσκειται
3240 3347 3318 3418 τῷ
3348 3348 3505 3419 λόγῳ,
3532 3348 3631 3402 ὅτι

331 3443 491 3499 -stati
520 3459 587 3497 ex
636 3442 953 3512 regionibus
1003 3454 1334 3513 congregare
1389 3442 1602 3513 copiam
1646 3445 1929 3513 pecuniae:

2040 3438 2500 3509 περιουσιασμοὺς
2525 3437 2788 3509 βασιλέων
2810 3436 2907 3492 καὶ
2933 3437 3041 3492 τῶν
3068 3438 3460 3511 χωρῶν,ούκέτι
3482 3441 3633 3512 πρὸς

366 3536 651 3606 vectigalia
701 3535 909 3591 scilicet
938 3534 1240 3603 imponere,
1274 3533 1517 3589 decimas
1571 3536 1805 3606 exigere,
1842 3551 1929 3606 pe-

2039 3529 2101 3583 τὸ
2124 3528 2412 3583 ἀνεύθυνον
2449 3531 2485 3601 ἡ
2528 3527 2623 3582 τοῦ
2662 3531 2986 3599 συναγαγεῖν
3022 3529 3227 3584 διάνοια
3252 3530 3491 3603 φέρεται.
3530 3531 3633 3595 Ὧς

363 3629 583 3683 cuniam
622 3627 904 3691 conferre,
953 3642 1048 3682 eos
1102 3626 1195 3698 qui
1257 3626 1378 3696 ejus
1416 3626 1647 3697 imperio
1708 3627 1929 3699 subjecti

2040 3619 2147 3692 γὰρ
2179 3619 2296 3684 ὲξδν
2323 3622 2389 3692 τῇ
2423 3620 2675 3693 βασιλικῇ
2712 3619 3002 3692 δυναστείᾳ
3040 3622 3105 3673 ὲκ
3142 3621 3250 3675 τῶν
3289 3623 3480 3695 χωρῶν
3524 3622 3633 3676 τὸν

364 3729 516 3781 sunt,
553 3734 766 3789 cogere,
800 3718 881 3773 sie
916 3716 1052 3772 dicit
1081 3732 1142 3773 se
1175 3732 1369 3772 aurum
1397 3725 1450 3772 et
1489 3725 1774 3789 argentum
1809 3734 1929 3774 con-

2042 3706 2464 3781 περιουσιασμδν
2522 3710 2632 3764 τῶν
2689 3709 2990 3783 χρημάτων
3050 3711 3330 3781 συνάγειν·
3382 3712 3633 3784 δηλονότι

365 3826 641 3882 gregasse.
669 3809 938 3864 Caeterum
975 3824 1071 3864 seu
1102 3807 1206 3874 sic,
1243 3824 1338 3865 seu
1370 3809 1527 3863 aliter
1549 3824 1609 3865 se
1636 3809 1768 3864 dicit
1803 3826 1929 3865 con-

2044 3801 2240 3871 φόρους
2309 3800 2654 3865 ἐπιϐάλλειν,
2706 3800 2937 3865 δεκάτας
3002 3803 3419 3874 εἰσπράττεσθαι
3444 3844 3459 3866 ,
3512 3806 3637 3857 εἰσ-

364 3917 646 3973 gregasse,
670 3901 924 3955 lubenter
946 3899 1143 3955 scirem
1179 3900 1309 3970 quid
1360 3901 1713 3955 emolumenti
1747 3899 1929 3955 redibit

2042 3891 2230 3959 φέρειν
2275 3890 2557 3962 χρήματα,
2588 3891 2714 3953 τοὺς
2759 3890 3104 3962 ὑποχειρίους
3153 3892 3585 3961 καταναγκάζειν
3612 3936 3632 3961 ,

366 3994 433 4049 ad
463 4009 588 4049 eum
625 3994 717 4062 qui
745 3993 889 4047 hanc
928 3999 1225 4060 congregat
1284 3992 1593 4044 materiam.
1645 3989 1929 4062 Fingamus

2042 3980 2216 4045 οὕτως
2246 3981 2607 4052 συνειλοχέναι
2647 3983 2779 4052 φησὶ
2800 3983 2860 4037 τό
2886 4001 2945 4037 τε
2982 3981 3203 4054 χρυσίον
3242 3984 3337 4036 καὶ⁸
3368 3983 3428 4037 τὸ
3452 3984 3638 4055 ἀργύ-

367 4098 487 4138 eam
518 4098 627 4137 non
656 4097 754 4150 per
793 4082 998 4135 minam
1042 4089 1137 4133 aut
1184 4081 1501 4135 drachmam
1535 4088 1628 4133 aut
1679 4081 1929 4135 talentun

2046 4093 2180 4148 ριον.
2213 4076 2361 4146 Πλὴν
2399 4074 2571 4138 οὕτως
2607 4076 2716 4129 εἴτε
2750 4075 2968 4149 ἑτέρως,
3020 4074 3189 4147 ἡδέως
3226 4077 3293 4130 ἂν
3320 4076 3542 4147 μάθοιμι
3570 4079 3637 4132 τί

370 4174 558 4229 Venire
586 4173 653 4227 ad
679 4187 777 4228 eos
818 4173 910 4242 qui
945 4178 1075 4226 sunt
1106 4172 1292 4241 cupidi
1324 4173 1594 4241 pecuniae,
1632 4172 1727 4229 sed
1750 4172 1831 4229 eis
1867 4173 1929 4229 si-

2047 4167 2207 4221 πλέον
2238 4166 2391 4220 ἔσται
2435 4166 2513 4238 τῷ
2555 4166 2657 4231 τὰς
2696 4166 2951 4231 τοιαύτας
2982 4165 3113 4230 ὔλας
3139 4167 3441 4235 συνάγοντι.
3473 4167 3641 4221 Λεδό-⁵

371 4265 486 4319 mul
517 4272 739 4333 repente
764 4261 948 4316 omnia
981 4261 1125 4316 facta
1157 4276 1280 4317 esse
1318 4276 1505 4325 aurea,
1538 4268 1770 4325 terram,
1821 4276 1929 4317 are-

2048 4258 2159 4310 σθω
2207 4256 2328 4311 καθ’
2374 4256 2650 4320 ὑπόθεσιν,
2700 4255 2775 4328 μὴ
2825 4256 2967 4310 κατὰ
3012 4256 3235 4328 μνᾶν,ῆ
3287 4256 3553 4328 δραχμὴν,
3591 4259 3635 4330 ἢ

372 4366 520 4417 nam.
558 4363 791 4422 montes,
818 4368 1061 4423 campos,
1085 4354 1281 4419 saltus,
1314 4367 1583 4422 ponamus
1625 4354 1809 4408 omnia
1865 4370 1929 4410 re

2046 4352 2302 4406 τάλαντον
2357 4353 2468 4415 τοῐς
2522 4348 2986 4421 φιλοχρηματοῦσι
3048 4349 3464 4420 προσγίνεσθαι,
3513 4350 3639 4403 ἀλλ’

375 4455 536 4518 pente
561 4448 615 4501 in
645 4462 765 4501 eam
799 4452 1007 4502 mutata
1033 4443 1203 4500 fuisse
1224 4442 1528 4509 materiam,
1554 4444 1683 4523 quid
1715 4460 1811 4513 per
1832 4446 1929 4500 hae:

2048 4442 2257 4513 ἁθρόως
2288 4443 2471 4506 αὐτοῖς
2513 4440 2970 4513 ἀποχρυσωθῆναι
3019 4441 3088 4494 τὰ
3125 4441 3322 4504 πάντα,
3363 4441 3461 4512 τὴν
3502 4442 3634 4510 γῆν,

371 4543 498 4595 vita:
540 4538 781 4609 accedet‘
809 4538 877 4593 ad
918 4535 1364 4592 beatitudinem?
1397 4533 1455 4589 Si
1501 4535 1636 4590 illud
1695 4536 1841 4592 videt
1892 4538 1929 4592 it

2051 4532 2150 4605 τὴν
2191 4533 2439 4604 ψάμμον,
2481 4533 2549 4586 τὰ
2597 4533 2719 4604 ὄρη,
2762 4532 2831 4586 τά
2875 4532 3055 4597 πεδία,
3101 4532 3198 4598 τὰς
3226 4534 3422 4597 νάπας,
3450 4534 3640 4587 πάντα.

374 4633 635 4686 universo
661 4629 807 4700 quod
840 4642 987 4683 nunc
1016 4631 1192 4682 cernit
1216 4626 1271 4680 in
1294 4626 1514 4697 exiguo,
1540 4627 1672 4697 quid
1693 4643 1757 4682 ex
1784 4628 1926 4682 anim

2053 4623 2341 4694 ὑποθῶμεν
2361 4621 2498 4695 πρὸς
2520 4623 2722 4692 ταύτην
2743 4623 2885 4677 κατά
2902 4616 2964 4677 τδ
2982 4620 3175 4694 ἀθρόον
3198 4622 3639 4699 μεταϐεϐλῆσθαι

374 4723 558 4788 bonis,
585 4723 715 4792 quid
757 4735 824 4776 ex
854 4721 923 4776 iis
951 4734 1188 4791 quorum
1221 4718 1405 4774 studio
1435 4719 1689 4773 ducimur
1730 4727 1929 4790 propter

2053 4715 2151 4786 τὴν
2199 4713 2351 4785 ὓλην,
2386 4713 2440 4766 τί
2483 4710 2622 4784 πρὸς
2656 4710 3000 4783 εὐδαιμονίαν
3032 4710 3120 4766 διὰ
3151 4711 3355 4767 τούτων
3381 4712 3642 4766 ἐπιδώσει

375 4829 599 4884 corpus,
636 4829 700 4867 ex
753 4812 843 4867 illa
878 4820 1029 4866 tanta
1080 4811 1296 4867 eveniet
1337 4811 1543 4880 copia?
1576 4810 1654 4865 Ex
1701 4826 1766 4867 eo
1796 4820 1929 4867 estni

2053 4809 2083 4860 ὁ
2126 4806 2271 4878 βίος;
2313 4805 2375 4858 Ei
2422 4805 2598 4859 ἐκεῖνο
2642 4806 2700 4857 ὲν
2732 4805 2894 4858 παντὶ
2935 4803 3119 4874 βλέπει
3165 4798 3194 4855 δ
3237 4803 3334 4857 νῦν
3366 4804 3424 4855 ὲν
3468 4803 3647 4873 ὀλίγῳ

377 4906 489 4961 ulla
519 4919 667 4975 spes,
699 4913 759 4958 ut
782 4904 878 4974 qui
912 4904 1046 4958 vivit
1073 4910 1282 4958 tantam
1318 4902 1529 4957 habens
1557 4902 1666 4957 vim
1712 4905 1853 4969 auri,
1883 4905 1928 4959 si

2055 4898 2176 4971 δρᾷ,
2201 4896 2253 4951 τί
2287 4896 2394 4951 τῶν
2444 4896 2544 4966 τῆς
2587 4896 2764 4968 ψυχῆς
2785 4896 3036 4965 ὶἀγαθῶν,
3063 4897 3117 4951 τί
3149 4896 3256 4950 τῶν
3292 4895 3433 4949 κατά
3474 4893 3641 4964 σῶμα

377 4997 622 5069 sapiens,
657 4996 999 5068 ingeniosus,
1031 4992 1510 5066 contemplativus,
1555 4995 1786 5051 scientia
1819 5011 1929 5067 prae

2059 4987 2523 5058 σπουδαζομένων,
2551 4983 2641 5039 διὰ
2683 4986 2781 5056 τῆς
2827 4985 3082 5058 τοιαύτης
3128 4984 3439 5057 περιουσίας
3474 4985 3642 5053 γενή-

376 5090 546 5153 ditus,
603 5087 717 5144 Deo
746 5087 969 5151 charus,
1005 5087 1310 5152 modestus,
1361 5102 1565 5156 purus,
1610 5087 1929 5157 impatibilis

2060 5093 2248 5147 σεται;
2283 5082 2392 5153 ἀρα
2411 5098 2496 5144 τις
2543 5079 2696 5143 ἐλπὶς
2732 5078 2884 5132 ἔσται
2927 5077 3018 5132 διὰ
3042 5074 3253 5145 τούτου,
3301 5077 3363 5130 τὸ
3397 5076 3455 5128 ἐν
3512 5091 3643 5128 τοσ-

376 5180 676 5252 cujuslibet
698 5177 845 5250 quod
879 5176 947 5234 ad
982 5178 1179 5233 vitium
1211 5179 1437 5233 attrahit
1463 5192 1665 5249 expers
1701 5188 1755 5235 et
1797 5181 1927 5235 mini

2057 5172 2199 5244 ούτῳ
2230 5171 2411 5237 ζῶντα
2442 5170 2627 5243 χρυσῷ
2665 5168 2917 5240 γενέσθαι
2968 5169 3151 5239 σοφὸν,
3188 5170 3462 5240 ἀγχίνουν,
3501 5166 3643 5221 θεω-

381 5284 469 5328 me
508 5272 723 5344 capax?
778 5275 863 5326 An
912 5270 1020 5327 hoc
1070 5268 1290 5341 quidem
1344 5269 1592 5335 minime,
1652 5269 1747 5326 sed
1788 5280 1845 5326 ut
1886 5272 1929 5328 si

2063 5258 2300 5335 ρητικδν,
2334 5264 2690 5341 ἐπιστήμονα,
2722 5258 2874 5332 φίλον
2901 5260 3041 5332 Θεῷ,
3082 5261 3349 5331 σώφρονα,
3373 5259 3635 5331 καθαρὸν,

382 5370 577 5432 potens
609 5378 860 5435 corpore,
890 5369 946 5419 et
975 5370 1036 5417 ut
1060 5360 1231 5415 vitam
1260 5359 1520 5417 extendat
1550 5360 1603 5415 in
1642 5362 1810 5415 multa
1852 5376 1925 5416 sa:

2060 5353 2266 5425 ἀπαθῆ,
2280 5353 2481 5418 παντὸς
2499 5352 2593 5407 τοῦ
2616 5351 2752 5425 πρὸς
2778 5350 2973 5406 κακίαν
3002 5346 3356 5414 καθέλκοντος
3379 5350 3556 5421 ἀμιγῆ
3578 5366 3640 5403 τε

382 5454 531 5513 eula,
572 5454 725 5508 senio
749 5470 860 5508 non
889 5451 1198 5516 confectus,
1231 5457 1287 5506 et
1334 5449 1528 5503 morbo
1567 5450 1793 5504 minime
1827 5449 1929 5504 alie

2062 5445 2156 5498 καὶ
2184 5444 2591 5515 ἀπαράδεκτον;
2628 5440 2661 5512 ἢ
2711 5441 2867 5495 τοῦτο
2891 5438 2989 5512 μὲν
3046 5440 3188 5511 ούχὶ,
3232 5439 3451 5493 δυνατὸν
3473 5438 3533 5491 δὲ
3560 5437 3641 5506 τῷ

392 5551 532 5602 ctus,
569 5543 812 5613 nullique
844 5542 1145 5598 calamitati
1176 5540 1472 5605 obnoxius,
1502 5547 1556 5593 et
1605 5539 1789 5592 omnia
1819 5551 1929 5607 quo

2065 5536 2296 5607 σώματι,
2332 5535 2425 5589 καὶ
2452 5537 2532 5598 είς
2570 5533 2768 5597 πολλὰς
2809 5533 2943 5586 ἑτῶν
2983 5531 3340 5594 ἑκατοντάδας
3367 5528 3465 5599 τὴν
3492 5528 3640 5597 ζωὴν

391 5642 514 5681 rum
547 5632 731 5687 studio
781 5648 845 5687 ac
890 5632 1168 5687 desiderio
1217 5633 1271 5687 in
1307 5632 1418 5684 vita
1456 5630 1680 5685 charius
1707 5636 1927 5683 tenentu

2065 5626 2472 5697 παρατείνοντα,
2506 5626 2698 5696 ἀγήρω
2722 5625 2815 5678 καὶ
2854 5624 3042 5679 ἄνοσον
3086 5623 3177 5676 καί
3222 5621 3503 5690 ἀπήμονα,
3544 5619 3640 5669 καὶ

391 5717 687 5775 homines?
731 5720 837 5777 Sed
895 5738 1057 5777 nemo
1109 5732 1193 5778 cst
1252 5722 1388 5777 adeo
1452 5722 1721 5788 stolidus,
1787 5736 1926 5790 nequ

2068 5720 2241 5772 πάντα
2274 5721 2370 5773 ὅσα
2398 5718 2521 5789 περὶ
2547 5717 2637 5771 τὸν
2668 5716 2916 5797 ἐγσσαρκὶ
2945 5714 3054 5785 βίον
3084 5710 3468 5776 σπουδάζεται;
3501 5703 3639 5761 Ἀλλ’
