3844 6348
185 320 288 388 ϐὒθ

1242 332 1307 388 ΙΝ
1349 332 1891 389 ECCLESIASTEN.
1928 333 2213 391 HOMILIA
2249 335 2340 389 IV.

3338 340 3443 395 67’)

187 445 356 511 οὐδεὶς
396 444 540 515 οὕτω
589 446 836 519 μάταιος,
881 446 1002 499 οὐδὲ
1029 448 1125 517 τῆς
1189 446 1404 517 φύσεως
1444 448 1543 519 τῆς
1584 447 1766 518 κοινῆς

1880 449 2180 505 communis
2208 456 2414 503 naturae
2437 449 2574 504 adeo
2601 436 2910 520 imperitu's,
2945 462 3004 507 ut
3027 453 3139 508 haec
3168 455 3445 512 evistinn-t

189 537 615 602 ἀνεπίσκεπτος,
662 539 739 601 ὡς
794 537 971 592 ταῦτα
1028 539 1245 610 νομίσαι
1294 542 1408 603 τοῖς
1461 538 1767 610 ἀνθρώποις

190 627 593 700 προσ-γίνεσθαι,
622 629 778 699 εἴπερ
806 630 888 693 είς
926 628 1127 699 πλῆθος
1168 628 1395 699 ἄφθονον
1433 630 1466 699 ὴ
1495 628 1602 681 τῶν
1634 645 1767 700 χρη-

193 717 374 789 μάτων
404 716 501 789 ὕλη
528 719 647 770 κατ’
681 718 928 785 ἐξουσίαν
967 720 1101 772 πᾶσι
1144 719 1445 791 προχέΟιτο.
1489 716 1644 771 Ἐπεὶ
1673 717 1768 771 καὶ

192 806 283 860 νῦν
316 808 459 861 ἔστιν
499 809 624 861 ίδείν
661 809 885 874 πολλοὺς
922 810 1033 864 τῶν
1062 811 1203 864 κατὰ
1226 810 1321 881 τὴν
1351 809 1605 880 τοιαύτην
1636 826 1769 880 προ-

193 896 420 966 εχόντων
450 896 762 967 περιουσίαν
804 898 1021 969 ἐλεεινῷ
1070 898 1281 968 σώματι
1331 898 1557 963 ζῶντας,
1603 894 1684 961 οἷς
1718 898 1767 950 εἰ

194 987 269 1057 μὴ
293 988 512 1056 παρεῖεν
536 990 584 1041 οί
607 988 1017 1060 θεραπεύοντες,
1057 990 1132 1060 μὴ
1172 989 1302 1043 ἄνευ
1345 988 1523 1043 αὐτῶν
1553 990 1770 1053 ἱκανοὺς

194 1072 328 1128 εἶναι
360 1076 497 1147 πρὸς
532 1077 632 1148 τὴν
680 1078 843 1149 ζωήν.
877 1080 940 1133 Et
972 1075 1065 1133 οὖν
1106 1081 1139 1149 ὴ
1184 1078 1305 1133 καθ’
1346 1076 1600 1131 ὑπόθεσιν
1636 1079 1769 1147 ἡμῖν

193 1167 283 1219 τοῦ
335 1168 554 1237 χρυσίου
607 1171 890 1241 περιουσία
934 1170 1258 1243 προτεθεῖσα
1308 1170 1387 1243 τῷ
1432 1169 1596 1241 λόγῳ,
1645 1168 1769 1223 οὔτε

196 1256 462 1339 σώματος,
485 1259 607 1313 οὔτε
630 1261 810 1333 ψυχῆς
837 1280 890 1317 τι
916 1263 1104 1334 κέρδος
1130 1262 1403 1330 ὑπέδειξεν
1423 1280 1437 1294 ·
1467 1264 1601 1317 πολὺ
1633 1263 1770 1333 μᾶλ-

193 1347 279 1435 λον
295 1347 356 1403 τδ
375 1352 435 1402 ἐν
451 1350 616 1422 ὀλίγῳ
634 1352 976 1425 δεικνύμενον
996 1356 1266 1427 ἄχρηστον
1285 1358 1365 1420 είς
1384 1356 1646 1427 ὠφέλειαν
1660 1356 1768 1412 τῶν

193 1436 423 1508 ἑχόντων
447 1440 744 1512 ἐλέγχεται.
777 1445 856 1498 Ἦ
881 1444 935 1497 τί
967 1446 1077 1515 γὰρ
1104 1445 1169 1500 ἂν
1203 1444 1413 1513 γίνοιτο
1448 1445 1577 1516 παρ’
1598 1445 1769 1515 αὐτῆς

190 1530 286 1603 τῆς
315 1532 450 1604 ὕλης
482 1534 561 1605 τῷ
596 1534 798 1606 ἔχοντι,
834 1536 871 1608 ἢ
899 1538 1038 1609 μήτε
1065 1538 1273 1606 γεύσει,
1313 1539 1450 1609 μήτε
1481 1537 1771 1607 ὀσφρήσει,

195 1624 328 1693 μήτε
349 1627 417 1696 τῇ
446 1625 585 1697 ἀκοῇ
609 1627 831 1698 ἐνεργὸν
861 1628 1092 1696 γίνεται,
1119 1626 1155 1700 ἢ
1182 1630 1323 1683 κατά
1345 1629 1446 1699 τὴν
1473 1628 1617 1698 ἁφὴν
1641 1629 1770 1699 ὁμο-

190 1715 364 1786 τίμως
395 1717 531 1789 πρὸς
561 1720 670 1774 πᾶν
704 1720 765 1774 τὸ
791 1721 1087 1775 ἀντίτυπον
1120 1722 1264 1792 ἔχει;
1308 1721 1383 1793 μὴ
1415 1722 1522 1793 γάρ
1553 1738 1641 1790 μοι
1669 1719 1769 1790 τὴν

192 1809 255 1861 ὲκ
281 1786 727 1882 συναλλάγματος
754 1813 1125 1884 ποριζομένην
1146 1786 1353 1885 τροφίην
1372 1786 1437 1881 ’ἢν
1457 1786 1767 1883 περιϐολὴν,
1803 1786 1843 1840 Β

192 1897 267 1967 τῷ
288 1899 482 1970 χρυσῷ
514 1901 851 1973 προστιθέτω
877 1920 982 1967 τις.
1017 1904 1076 1956 Ὀ
1099 1904 1208 1974 γὰρ
1230 1904 1440 1974 χρυσίῳ
1467 1903 1557 1955 τὸν
1583 1904 1766 1973 ἄρτον,

193 1986 225 2056 η
258 1987 319 2040 τὸ
350 1989 567 2058 ἱμάτιον
604 1990 995 2062 ἀλλαξάμενος,
1021 1993 1116 2046 τοῦ
1159 1994 1434 2063 ἀχρήστου
1464 1992 1525 2045 τὸ
1557 1994 1771 2063 ἐπωφε-

193 2077 279 2142 λὲς
305 2079 651 2151 διημείψατο,
684 2083 778 2138 καὶ
807 2083 896 2154 ζῇ,
925 2084 1130 2156 τροφὴν
1169 2084 1347 2155 ἑαυτῷ
1373 2086 1465 2138 τὸν
1493 2085 1678 2156 ἄρτον,
1707 2086 1769 2138 ού

192 2166 280 2224 τὸν
302 2170 505 2241 χρυσὸν
543 2174 931 2244 ποιησάμενος.
970 2175 1032 2228 '0
1054 2176 1111 2229 δὲ
1137 2175 1235 2246 τὴν
1270 2175 1403 2245 ὓλην
1442 2175 1645 2246 ταύτην
1682 2174 1771 2229 διά

192 2260 296 2313 τῶν
323 2260 583 2316 τοιούτων
611 2264 1071 2335 συναλλαγμάτων
1096 2267 1274 2338 ἐαυτῷ
1307 2267 1647 2335 συναγαγὼν,
1689 2269 1770 2332 είς

192 2351 244 2403 τί
264 2352 372 2406 τῶν
396 2355 697 2425 χρημάτων
719 2356 993 2421 ἀπώνατο,
1020 2358 1105 2421 τίς
1130 2358 1407 2429 συμϐουλὴ
1432 2358 1520 2412 διὰ
1541 2359 1768 2423 τούτων,

194 2441 275 2504 τίς
331 2443 655 2499 διδασκαλία
717 2448 1095 2518 πραγμάτων,
1149 2448 1278 2501 ποία
1331 2449 1426 2502 τοῦ
1489 2450 1774 2520 μέλλοντος

196 2534 529 2605 πρόρῤησις;
557 2536 655 2600 Τίς
682 2537 819 2607 πρὸς
842 2537 944 2601 τὰς
970 2538 1065 2591 τοῦ
1097 2538 1346 2609 σώματος
1373 2539 1561 2604 ὀδύνας
1593 2548 1772 2613 παρα-

197 2625 390 2695 μυθίαν
428 2626 621 2697 ἐσχενς
667 2628 995 2701 ἠρίθμησεν,
1027 2630 1282 2695 ἀπέθετο,
1330 2632 1588 2702 σφραγῖδι
1637 2649 1772 2685 κατ-

195 2718 526 2789 εσημήνατο,
560 2720 806 2789 αίτηθεὶς
855 2721 1149 2792 ἠρνήσατο,
1190 2720 1516 2791 ἀπιστηθεὶς
1548 2721 1643 2774 καὶ
1670 2722 1773 2773 ὲπ-

195 2804 431 2875 ώμοσεν.
477 2801 651 2872 Οὗτος
682 2810 711 2861 ὁ
736 2811 1109 2881 μακαρισμὸς,
1131 2810 1291 2865 τοῦτο
1316 2812 1416 2882 τῆς
1454 2812 1689 2883 σπουδῆς
1713 2813 1774 2866 τὸ

197 2898 388 2969 πέρας,
430 2897 571 2973 αὕτη
601 2902 634 2972 ἠ
668 2900 989 2966 ἀπόλαυσις,
1043 2903 1204 2974 μέχρι
1231 2902 1423 2955 τούτου
1454 2905 1487 2973 ἡ
1523 2902 1776 2973 εὐδαιμο-

197 2988 302 3052 νία,
332 2988 415 3054 τὸ,
451 2988 580 3061 ὓλην
602 2993 667 3060 τῇ
696 2990 953 3063 ἐπιορκία
974 2974 1321 3064 πορίσαέθαι.
1361 2992 1499 3046 Ἀλλ’
1523 2992 1774 3064 εὖχρουν,

199 3084 348 3153 φησὶ,
378 3082 477 3136 τοῦ
521 3084 745 3155 χρυσίου
790 3080 853 3137 τὸ
884 3080 1043 3148 εἶδος.
1077 3085 1170 3157 Μὴ
1207 3086 1307 3139 καὶ
1342 3084 1439 3139 τοῦ
1475 3086 1643 3157 πυρὸς
1686 3087 1777 3140 eo-

199 3172 536 3246 χροὼτερονς
580 3176 671 3248 Μὴ
711 3176 819 3230 τῶν
859 3177 1078 3248 ἄστρων
1116 3178 1637 3250 περικαλλέστερον;
1685 3177 1778 3250 Μὴ

197 3266 300 3320 τῶν
324 3267 565 3322 ἀκτίνων
588 3266 682 3322 τοῦ
713 3268 865 3339 ἡλίου
899 3269 1247 3341 φανώτερον;
1276 3270 1373 3333 Τίς
1405 3271 1433 3323 ὁ
1462 3270 1687 3324 κωλύων
1719 3287 1779 3323 σε

198 3356 292 3425 τῆς
320 3356 680 3421 ἀπολαύσεως
706 3357 932 3429 ταύτης,
963 3357 1106 3411 ὥστε
1143 3375 1226 3412 σοι
1253 3360 1498 3430 ἀνάγκην
1528 3355 1664 3413 εἶναι
1691 3360 1780 3413 διὰ

198 3448 292 3518 τῆς
334 3448 594 3519 εὐχροίας
630 3449 725 3503 τοῦ
773 3452 979 3523 χρυσοῦ
1021 3451 1093 3505 τά
1141 3452 1238 3522 τῆς
1286 3452 1479 3523 ἡδονῆς
1531 3451 1780 3524 πορίζειν

198 3542 313 3603 ταῖς
342 3539 563 3609 δψεσινς
607 3542 768 3595 Ἀλλά
805 3543 1111 3610 σϐέννυται,
1160 3544 1314 3612 φησὶ,
1348 3543 1410 3596 τὸ
1452 3542 1585 3614 πῦρ,
1626 3542 1722 3596 καὶ
1753 3542 1784 3596 ὁ

199 3630 349 3699 ἥλιος
374 3631 588 3699 δύεται,
608 3634 703 3687 καὶ
727 3635 790 3687 οὐ
819 3634 1031 3706 διαρκεῖ
1052 3636 1150 3705 τῆς
1174 3634 1513 3705 λαμπηδόνος
1540 3635 1571 3703 ἡ
1598 3633 1781 3704 χάρις.

202 3722 304 3777 Τοῦ
343 3724 400 3778 δὲ
430 3724 638 3796 χρυσοῦ
667 3725 771 3789 τίς,
798 3727 918 3779 εἰπέ
951 3744 1063 3797 μοι,
1087 3726 1177 3780 διά
1193 3726 1287 3779 τοῦ
1318 3726 1544 3787 σκότους
1572 3726 1785 3797 παραλά

199 3813 337 3886 λαγὴ
360 3817 500 3887 πρὸς
529 3817 621 3871 τὸν
647 3817 929 3887 μόλιϐδον;
974 3818 1113 3871 Ἀλλ’
1140 3818 1241 3871 οὐκ
1266 3817 1355 3882 ἂν,
1380 3818 1566 3889 φησὶν,
1597 3818 1663 3871 ἐκ
1688 3817 1783 3871 τοῦ

203 3907 389 3976 πυρὸς,
415 3908 450 3978 ἢ
480 3906 591 3960 τῶν
635 3907 850 3979 ἄστρων
879 3909 1093 3977 γένοιτο
1125 3909 1256 3977 ἡμῖν
1295 3908 1464 3979 δέρρα
1504 3908 1597 3961 καὶ
1630 3924 1785 3979 περι⁴

201 3996 364 4065 δέξια,
422 3999 520 4055 καὶ
567 4001 797 4070 πόρπαι,
847 4001 944 4054 καὶ
982 4000 1171 4065 ζῶναι,
1224 4002 1320 4054 καὶ
1368 4002 1651 4071 μανιάκαι,
1693 4002 1785 4054 καὶ

203 4091 476 4158 στέφανοι,
531 4092 627 4145 καὶ
674 4092 747 4145 τά
788 4090 1048 4145 τοιαῦτα·
1094 4093 1123 4144 6
1167 4091 1224 4144 δὲ
1261 4091 1461 4163 χρυσὸς
1503 4092 1678 4145 ταῦτά
1725 4109 1783 4146 τε

204 4181 601 4245 ποιεῖ,καὶεῐτι
622 4181 752 4235 ἄλλο
771 4181 906 4252 πρὸς
921 4182 1124 4252 κόσμον
1146 4181 1547 4254 ἐπιτηδεύεται.
1567 4182 1783 4251 Ἦγαγε

204 4273 337 4344 πρὸς
368 4274 432 4327 τὸ
459 4274 755 4343 κεφάλαιον
780 4275 879 4344 τῆς
904 4275 1262 4345 ματαιότητος
1318 4274 1558 4346 σπουδὴν
1582 4277 1616 4345 ἡ
1647 4291 1777 4327 συν-

203 4362 399 4436 ηγορία
438 4367 541 4437 τῆς
573 4365 729 4438 ὕλης.
775 4366 918 4419 Αὐτὸ
951 4366 1060 4437 γὰρ
1100 4366 1259 4419 τοῦτο
1308 4364 1445 4435 πρὸς
1471 4368 1669 4428 αὐτοὺς
1709 4367 1785 4419 el-

1868 541 2060 598 adesse
2088 542 2420 604 hominibus,
2449 543 2493 597 si
2532 544 2586 597 in
2618 559 2828 599 summa
2864 546 3023 615 copia
3051 548 3296 615 pecunia:
3327 564 3442 602 rna-

1870 635 2008 688 teria
2038 633 2207 689 libere
2243 633 2501 689 omnibus
2533 633 2921 703 profundatur.
2957 635 3089 689 Nam
3126 653 3275 691 nunc
3307 655 3447 708 quo-

1870 739 1977 792 que
2007 724 2127 778 licet
2154 722 2339 777 videre
2384 724 2586 779 multos
2609 741 2673 778 ex
2701 726 2787 790 iis,
2813 727 2907 796 qni
2943 727 3213 795 ejusmodi
3253 740 3448 797 praeter

1869 822 2100 869 caeteros
2119 813 2402 869 abundant
2432 814 2813 879 facultatibus,
2856 819 3040 873 vivere
3075 834 3308 888 corpore
3342 822 3449 875 mi-

1870 903 2115 970 serabili,
2140 904 2342 972 quibus
2382 905 2488 959 nisi
2541 906 2792 960 adessent
2844 908 2938 977 qui
2999 924 3094 963 eos
3154 920 3445 974 curarent,

1870 995 2075 1065 absque
2107 996 2177 1048 iis
2204 1011 2311 1050 non
2353 1006 2577 1065 possent
2618 999 2817 1052 vivere.
2854 998 2911 1052 Si
2961 1015 3093 1070 ergo
3122 1017 3242 1071 quae
3287 1002 3448 1058 nobis

1870 1103 1935 1142 ex
1969 1088 2255 1159 hypotbesi
2292 1092 2574 1162 proposita
2614 1099 2700 1144 est
2746 1092 2801 1144 in
2834 1092 3067 1147 dicendo
3109 1094 3230 1148 auri
3267 1096 3448 1164 copia,

1870 1194 2048 1249 neque
2081 1183 2323 1250 corpori,
2357 1198 2537 1252 neque
2574 1183 2769 1238 anima:
2819 1183 2989 1238 ullum
3032 1183 3187 1239 affert
3237 1185 3448 1238 lucrum

1869 1280 1964 1326 aut
2011 1272 2393 1327 commodum:
2439 1273 2611 1327 multo
2652 1276 2827 1344 magis
2861 1276 2981 1345 ejus
3035 1276 3306 1329 modicum
3345 1291 3451 1329 ar-

1870 1365 2056 1433 guitur
2094 1382 2218 1421 esse
2247 1366 2462 1430 inutile,
2519 1375 2579 1421 ut
2613 1367 2873 1437 prodesse
2923 1369 3095 1437 possit
3145 1369 3212 1422 iis
3266 1371 3358 1438 qui
3394 1368 3447 1422 id

1869 1458 2095 1514 habent.
2134 1458 2275 1527 Quid
2299 1461 2443 1516 enim
2479 1475 2544 1515 ex
2588 1461 2688 1515 hac
2717 1462 2947 1516 materia
2980 1461 3158 1516 redire
3185 1471 3361 1530 potest
3382 1460 3447 1513 ad

1870 1565 1996 1605 eum
2030 1550 2123 1619 qui
2160 1542 2331 1624 ipsam
2371 1550 2555 1616 habet,
2593 1568 2715 1621 qua:
2762 1569 2942 1621 neque
2971 1554 3025 1607 in
3071 1564 3315 1622 guStum,
3359 1568 3451 1606 ne-

1870 1656 1978 1712 que
2008 1643 2064 1697 in
2093 1642 2407 1708 odoratum,
2446 1660 2625 1714 neque
2657 1646 2710 1698 in
2746 1645 2993 1700 auditum
3019 1645 3223 1715 aliquid
3264 1660 3452 1714 opera-

1874 1738 1984 1795 tur,
2011 1750 2134 1804 qua:
2158 1735 2324 1789 etiam
2360 1736 2416 1789 in
2446 1737 2678 1805 quodvis
2702 1738 2848 1805 quod
2873 1737 3080 1792 resistit
3108 1737 3360 1791 similiter
3393 1753 3452 1790 se

1879 1819 2061 1884 habet,
2086 1820 2229 1891 quod
2262 1822 2328 1877 ad
2353 1827 2558 1877 tactum
2589 1825 2831 1879 attinet?
2874 1824 3007 1878 Nam
3041 1827 3185 1894 quod
3214 1841 3280 1881 ex
3320 1841 3455 1880 con-

1878 1920 2052 1967 tractu
2103 1924 2329 1982 paratur
2390 1914 2711 1970 alimentum
2767 1924 2862 1970 aut
2896 1918 3297 1985 vestimentum,
3320 1932 3454 1969 auro

1879 2020 2039 2059 nemo
2069 2006 2331 2061 ascribat.
2383 2007 2487 2073 Qui
2527 2008 2671 2062 enim
2705 2024 2842 2062 auro
2891 2024 3084 2078 panem
3118 2019 3211 2063 aut
3246 2019 3452 2064 vestem

1877 2097 2226 2166 permutavit,
2256 2105 2313 2151 ut
2337 2099 2505 2161 vivat,
2552 2099 2701 2154 dedit
2737 2101 2868 2154 utile
2907 2116 3005 2169 pro
3040 2101 3241 2165 inutili,
3275 2108 3336 2154 ut
3361 2102 3454 2169 qui

1879 2201 2220 2256 panem,non
2260 2203 2455 2243 aurum
2492 2205 2591 2259 pro
2639 2192 2975 2245 nutrimento
3023 2192 3129 2246 sibi
3169 2192 3453 2247 asciverit.

1877 2275 1981 2342 Qui
2013 2284 2194 2331 autem
2226 2292 2323 2347 per
2347 2278 2618 2347 ejusmodi
2659 2289 2977 2337 contractus
3015 2280 3156 2336 bane
3188 2282 3293 2336 sibi
3340 2281 3457 2337 col-

1879 2369 2007 2438 legit
2033 2371 2336 2433 materiam,
2366 2370 2432 2424 ad
2465 2387 2760 2442 qnamnam
2795 2387 2913 2427 rem
2959 2389 3024 2428 ea
3071 2374 3265 2438 utitur,
3310 2373 3460 2445 quod

1878 2460 2171 2515 consilium
2222 2477 2287 2515 ex
2322 2461 2469 2527 istis,
2512 2477 2634 2531 quae
2672 2461 3000 2518 documenta
3040 2463 3286 2533 depromi
3334 2480 3462 2533 pos-

1880 2557 2010 2606 sunt
2042 2549 2108 2604 ad
2143 2566 2232 2605 res
2264 2552 2565 2621 gerendas,
2606 2562 2867 2621 quaenam
2907 2552 3077 2608 futuri
3138 2554 3463 2623 pnedictio?

1880 2641 2015 2709 Quis
2056 2658 2119 2696 ex
2147 2652 2209 2697 ea
2239 2644 2506 2698 adversus
2544 2644 2765 2698 dolores
2815 2645 3066 2713 corporis
3097 2645 3285 2700 habuit
3327 2647 3462 2701 sola-

1880 2735 2017 2787 tium
2039 2734 2061 2785 ?
2082 2731 2418 2796 Numeravit,
2453 2733 2722 2802 reposuit,
2761 2732 2941 2803 sigillo
2974 2735 3302 2804 obsignavit,
3335 2751 3461 2790 cum

1881 2822 1951 2877 ab
1980 2838 2044 2877 eo
2074 2831 2367 2893 peteretur.
2399 2822 2635 2891 negavit,
2660 2830 2717 2876 et
2744 2836 2869 2875 cum
2899 2822 2950 2876 ei
2979 2822 3113 2877 fides
3151 2839 3261 2876 non
3292 2823 3461 2878 habe-

1881 2920 2054 2980 retur,
2081 2913 2246 2967 etiam
2280 2913 2565 2981 pejcravit.
2620 2911 2745 2967 [haec
2778 2918 2863 2967 est
2896 2913 3200 2980 beatitudo,
3251 2914 3341 2968 hic
3378 2922 3464 2969 est

1885 3005 2007 3058 linis
2037 3003 2159 3072 ejus
2193 3003 2339 3073 quod
2383 3003 2436 3056 in
2469 3017 2532 3057 ea
2585 3003 2808 3071 ponitur
2853 3003 3039 3070 studii,
3086 3004 3175 3060 hic
3227 3004 3460 3066 fructus,

1884 3095 1991 3149 huc
2020 3110 2196 3165 usque
2230 3093 2479 3163 procedit
2510 3091 2765 3159 felicitas,
2797 3101 2856 3148 ut
2887 3094 3175 3149 materiam
3226 3095 3465 3164 prtebeat

1882 3186 2145 3257 perjurio.
2190 3185 2261 3239 At
2307 3184 2522 3255 pulchri
2551 3185 2781 3249 coloris,
2823 3185 3024 3255 inquit,
3069 3195 3152 3242 est
3180 3187 3300 3241 auri
3336 3202 3453 3256 spe-

1882 3280 2015 3333 cies.
2056 3276 2192 3330 Num
2218 3284 2302 3330 est
2323 3277 2488 3330 etiam
2516 3277 2718 3330 coloris
2741 3276 3072 3344 pulchrioris
3099 3293 3261 3347 quam
3290 3279 3465 3349 ignis?

1882 3367 2024 3422 Num
2060 3367 2235 3423 stellis
2261 3373 2346 3422 est
2373 3365 2718 3436 speciosior?
2746 3365 2886 3420 Num
2918 3365 3088 3422 radiis
3111 3368 3245 3421 solis
3283 3368 3466 3437 splen-

1882 3458 2103 3516 didior?
2141 3456 2276 3524 Quis
2301 3464 2384 3512 est
2421 3458 2513 3527 qui
2546 3466 2693 3512 vetat
2734 3473 2845 3528 quo
2886 3457 3067 3511 minus
3106 3457 3191 3513 his
3240 3457 3463 3520 fruaris,

1885 3557 1945 3604 ut
1978 3548 2074 3603 tibi
2111 3563 2339 3602 necesse
2381 3547 2453 3601 sit
2484 3562 2584 3617 per
2619 3548 2739 3601 auri
2790 3547 3026 3617 speciem
3064 3548 3241 3603 oculis
3272 3563 3467 3617 parare

1880 3642 2265 3712 voluptatem?
2291 3640 2359 3692 At
2391 3639 2556 3709 ignis,
2603 3638 2805 3708 inquit,
2850 3639 3244 3708 exstinguitur,
3278 3648 3333 3695 et
3383 3642 3467 3693 sol

1883 3732 2103 3795 occidit,
2152 3746 2253 3787 nec
2292 3730 2554 3801 perennis
2589 3731 2757 3785 decor
2787 3730 2908 3800 ejus
2958 3730 3288 3800 splendoris.
3322 3731 3466 3796 Quid

1884 3831 2089 3886 autem,
2142 3820 2253 3886 die,
2317 3836 2527 3891 quaeso,
2586 3828 2833 3891 tempore
2881 3821 3232 3875 tenebrarum
3284 3820 3468 3877 differt

1885 3926 2077 3969 aurum
2108 3929 2138 3967 a
2169 3913 2437 3983 plumbo?
2471 3913 2539 3965 At
2563 3927 2631 3967 ex
2660 3911 2806 3982 igne,
2840 3913 3039 3981 inquit,
3073 3912 3154 3967 vel
3187 3928 3254 3968 ex
3288 3912 3466 3967 stellis

1887 4005 1999 4060 lieri
2032 4018 2143 4059 non
2177 4012 2407 4074 possunt
2448 4002 2608 4057 nobis
2643 4003 2890 4066 monilia,
2924 4019 3097 4066 zonae,
3123 4012 3371 4073 torques,
3413 4012 3469 4056 et

1885 4111 2125 4159 coronae,
2156 4102 2210 4150 et
2250 4110 2373 4164 quae
2408 4096 2536 4148 sunt
2560 4091 2834 4161 ejusmodi
2862 4110 2875 4147 :
2910 4107 3107 4146 aurum
3139 4102 3321 4147 autem
3355 4094 3469 4147 hazc

1886 4184 2071 4248 eﬂicit,
2112 4192 2165 4239 et
2188 4184 2234 4238 si
2267 4181 2398 4251 quid
2434 4187 2661 4251 paratur
2685 4180 2752 4234 ad
2775 4189 3050 4236 ornatum.
3077 4180 3156 4234 Ad
3189 4191 3462 4235 summum

1886 4275 2130 4331 studium
2166 4273 2424 4328 vanitatis
2447 4271 2674 4326 deduxit
2696 4271 2815 4325 auri
2847 4270 3115 4327 defensio.
3147 4270 3261 4326 Hoc
3290 4268 3468 4339 ipsum

1884 4367 2028 4423 enim
2058 4365 2137 4421 eis
2172 4365 2403 4420 dixerim
2437 4362 2743 4429 :Quidnam
2793 4363 2899 4417 sibi
2945 4364 3057 4416 vult
3104 4371 3157 4418 et
3192 4364 3335 4433 quod
3382 4369 3470 4417 est

206 4471 360 4527 ποιμι
386 4456 477 4511 ἄν’
519 4458 664 4511 ’Δντὶ
684 4458 852 4512 τίνων
885 4458 1173 4523 σπουδάζει
1206 4460 1235 4511 ὁ
1263 4458 1450 4529 χρυσῷ
1479 4457 1577 4528 τὴν
1607 4460 1776 4528 κόμην

1890 4457 2011 4527 ejus
2034 4455 2297 4521 studium,
2330 4454 2423 4524 qui
2451 4462 2608 4508 curat
2650 4461 2710 4508 ut
2755 4469 2891 4509 auro
2924 4468 3080 4512 coma
3139 4455 3328 4519 niteat,
3374 4463 3471 4507 aut

204 4549 589 4618 περιανθίςων,
641 4550 674 4621 ἢ
711 4550 818 4603 τῶν
864 4549 1015 4603 ὢτων
1046 4551 1294 4616 ἐξάπτων
1339 4550 1406 4603 τά
1438 4552 1784 4621 περικοσμήά

209 4654 369 4707 ματα,
404 4640 441 4711 ἢ
475 4640 575 4712 τὴν
616 4641 777 4713 δέρην
820 4642 1160 4712 περιϐάλλων
1191 4645 1301 4704 τοῖς
1334 4642 1782 4712 περιτραχηλίοις

204 4730 477 4799 χλιδῶσιν,
512 4731 546 4802 ἢ
581 4734 640 4785 ἐν
670 4732 815 4803 άλλῳ
844 4735 953 4785 τινὶ
982 4733 1163 4803 φέρων
1199 4733 1353 4803 μέρει
1399 4727 1491 4785 τοῦ
1531 4731 1784 4803 σώματος

206 4824 400 4893 χρυσὸν
427 4822 839 4894 προδείκνυσιν;
872 4824 1153 4896 ’Ὀπουπερ
1182 4823 1249 4877 ἂν
1284 4822 1437 4894 τύχοι
1484 4824 1784 4894 προϐεϐλη-

209 4914 362 4982 μένος
387 4913 484 4967 τοῦ
514 4913 780 4986 σώματος,
820 4917 972 4969 οὐδὲν
998 4914 1163 4981 αὐτὸς
1191 4915 1326 4987 πρὸς
1358 4917 1458 4987 τὴν
1485 4917 1659 4987 αὐγὴν
1688 4915 1782 4970 τοῦ

206 5005 423 5073 χρυσίου
458 5006 998 5079 μεταμορφούμενος.
1048 5009 1109 5061 '0
1138 5008 1249 5079 γάρ
1288 5007 1424 5079 πρὸς
1465 5010 1558 5061 τὸν
1587 5026 1784 5081 χρυσο-

206 5095 476 5165 φοροῦντα
523 5096 756 5166 βλέπων,
786 5097 878 5153 τὸν
914 5098 1013 5169 μὲν
1045 5097 1245 5170 χρυσὸν
1273 5098 1445 5161 οὕτως
1472 5101 1593 5171 ὁρᾷ,
1624 5100 1701 5162 ὡς
1734 5101 1784 5152 εί

205 5185 352 5256 τύχοι
395 5188 494 5241 καὶ
542 5192 599 5241 ὲν
642 5193 754 5254 τοῖς
792 5190 1117 5262 πρατηρίοις
1161 5190 1556 5262 προκείμενοςδ
1604 5182 1697 5244 τὸν
1726 5190 1783 5243 δὲ

207 5276 472 5346 φοροῦντα
499 5272 611 5344 οἷός
636 5295 698 5332 τε
730 5278 940 5348 πέφυκε
972 5280 1209 5334 τοιοῦτον
1238 5276 1446 5351 βλέπει.
1482 5279 1602 5334 Κᾶν
1629 5280 1786 5351 εὐερο

207 5367 298 5432 γές
323 5385 383 5421 τε
423 5369 524 5424 καὶ
546 5370 838 5441 διάγλυφον
930 5371 992 5425 τὸ
1020 5370 1266 5445 χρυσίον,
1300 5372 1404 5426 κάν
1431 5371 1527 5438 τὰς
1556 5372 1785 5444 χλοερᾶς

209 5458 242 5530 ἦ
293 5464 592 5533 πυραυγεῖς
644 5464 884 5535 ψηφίδας
923 5468 981 5519 ὲν
1033 5464 1213 5537 ἑαυτῷ
1266 5466 1576 5537 περιείργῃ,
1632 5466 1784 5520 οὐδὲν

215 5549 406 5615 μᾶλλον
446 5550 702 5622 αἴσθησίν
747 5571 868 5608 τινα
919 5554 1035 5608 τῶν
1082 5555 1507 5626 παρακειμένων
1538 5557 1571 5624 ἡ
1624 5554 1785 5623 φύσις

215 5637 454 5708 ἐδέξατο
512 5642 625 5696 ἀλλ’
676 5647 728 5699 εἴ
767 5664 829 5700 τε
857 5646 1005 5718 λώϐη
1049 5665 1134 5711 τις
1164 5647 1249 5719 εἴη
1299 5647 1427 5718 περὶ
1472 5647 1570 5710 τὰς
1609 5646 1782 5715 δέρεις,

217 5732 324 5787 εἴτε
350 5751 402 5789 τι
437 5734 615 5788 λείποι
660 5737 761 5791 τῶν
793 5737 930 5792 κατὰ
962 5738 1140 5807 φύσιν,
1174 5739 1205 5809 ἢ
1252 5737 1529 5808 ὀφθαλμοῦ
1563 5738 1784 5808 ἐκρυέν-

1878 4549 1979 4619 qui
2012 4547 2239 4601 auribus
2263 4546 2520 4615 appendit
2545 4554 2894 4609 ornamenta,
2923 4552 3017 4599 aut
3044 4548 3134 4614 qui
3169 4545 3467 4599 lnxurianti

1889 4646 2082 4707 torque
2110 4637 2311 4691 collum
2336 4636 2666 4700 circumdat,
2687 4644 2782 4689 aut
2814 4651 2872 4691 se
2908 4636 2959 4689 in
2988 4636 3170 4705 aliqua
3192 4636 3300 4689 alia
3316 4646 3469 4705 parte

1886 4728 2134 4794 corporis
2165 4741 2361 4780 aurum
2392 4724 2574 4781 ferens
2607 4725 2874 4781 ostendit?
2926 4726 3253 4797 Ubicunque
3282 4726 3332 4781 id
3358 4725 3471 4781 fuee

1887 4821 1960 4873 rit
1980 4820 2144 4873 situm
2170 4817 2227 4872 in
2258 4831 2510 4887 corpore,
2548 4817 2663 4886 ipse
2685 4818 2753 4872 ab
2776 4819 2896 4873 auri
2934 4818 3224 4889 splendore
3246 4819 3468 4875 minimc

1886 4910 2331 4966 transformatur.
2373 4908 2477 4975 Qui
2506 4910 2653 4964 enim
2692 4909 2944 4964 intuetur
2985 4925 3108 4965 eum
3144 4910 3237 4979 qui
3270 4922 3465 4964 aurum

1885 5011 2083 5074 gestat,
2110 5017 2301 5058 revera
2332 5002 2553 5071 quidem
2605 5015 2800 5055 aurum
2846 5003 3014 5068 videt,
3065 5003 3287 5072 perinde
3319 5017 3382 5055 ac
3417 5000 3465 5055 sl

1887 5099 1961 5153 sit
1991 5095 2337 5166 propositum
2367 5094 2557 5147 venale
2585 5112 2597 5147 :
2628 5104 2754 5148 eum
2808 5103 2989 5147 autem
3018 5095 3111 5163 qui
3143 5093 3195 5147 id
3245 5100 3418 5162 gestat
3445 5124 3461 5153 ,

1889 5190 2048 5245 talem
2077 5188 2256 5257 qualis
2301 5195 2386 5241 est
2443 5193 2639 5239 natura
2679 5187 2900 5254 aspicit.
2952 5184 3181 5239 Etiamsi
3238 5183 3464 5253 pulchre

1885 5281 2224 5337 elaboratum
2252 5286 2305 5333 et
2334 5278 2583 5332 caelatum
2620 5277 2693 5332 sit
2729 5292 2920 5331 aurum
2947 5319 2961 5340 ,
2995 5275 3209 5330 etiamsi
3256 5273 3455 5331 virides

1887 5381 1982 5428 aut
2014 5372 2158 5444 ignis
2182 5371 2357 5427 instar
2381 5369 2682 5423 candentes
2712 5381 2955 5439 gemmas
2983 5366 3037 5418 in
3067 5379 3127 5420 se
3161 5364 3460 5429 contineat,

1887 5464 2058 5520 nihilo
2101 5464 2271 5534 magis
2312 5462 2524 5531 accepit
2560 5468 2757 5514 natura
2809 5471 3032 5512 sensum
3083 5470 3273 5510 eorum
3343 5470 3465 5525 qua:

1888 5564 2018 5612 sunt
2055 5554 2304 5623 adjecta:
2346 5550 2441 5608 sed
2471 5551 2585 5607 sive
2613 5549 2807 5603 inorbo
2835 5547 3021 5616 aliquo
3046 5546 3257 5601 laborat
3285 5547 3460 5610 visus,

1889 5648 2003 5702 sive
2026 5646 2229 5716 aliquid
2254 5644 2432 5698 delieit
2452 5657 2638 5697 eorum
2665 5657 2786 5710 quae
2814 5647 2941 5694 sunt
2965 5640 3268 5694 secundum
3294 5647 3458 5693 natu-

1893 5754 2028 5803 ram,
2062 5747 2244 5806 utpote
2274 5734 2415 5805 quod
2452 5735 2529 5787 vel
2560 5734 2754 5787 oculus
2789 5731 3078 5800 ellluxcrit,
3117 5732 3197 5788 vel
3235 5747 3373 5804 gena
3402 5731 3459 5786 in
