3844 6388
410 321 506 377 671

1603 330 1661 386 S.
1704 328 2033 388 GREGORII
2070 286 2365 387 NYSSENI

3572 328 3672 391 672

405 439 671 495 cicatrice
704 440 932 513 turpiter
954 452 1143 499 cavata
1174 444 1362 513 fuerit,
1394 456 1581 503 manet
1611 450 1898 519 turpitudo
1928 453 1966 507 it

2087 468 2198 516 τος,
2233 453 2268 522 ἦ
2302 452 2536 522 παρειᾶς
2567 448 2823 521 είδεχθῶς
2846 453 2904 507 ἐν
2936 452 3064 525 οὐλῇ
3094 451 3491 522 κοιλανθείσης.
3523 453 3673 523 μένει

403 545 470 584 eo
496 532 647 600 quod
676 544 923 602 apparet,
965 536 1087 589 auri
1126 535 1339 608 fulgore
1378 537 1608 596 minime
1641 541 1938 598 obscurata
1968 564 1982 600 :

400 630 458 677 et
481 622 532 677 si
559 639 764 694 corpus
785 624 975 681 dolore
1002 628 1190 698 aliquo
1215 628 1382 685 fuerit
1401 630 1681 703 allectum,
1714 635 1984 690 laboranti

402 710 541 765 nihil
571 713 754 767 solatii
785 714 945 770 allert
971 718 1092 771 auri
1127 718 1382 778 materia.

469 914 627 980 Quod
673 932 806 987 ergo
844 933 1024 989 neque
1062 919 1131 974 ad
1171 922 1674 991 pulchritudinem,
1700 941 1880 997 neque
1915 926 1981 981 ad

402 1009 600 1062 lmmun
631 1010 889 1079 corporis
925 1011 1348 1083 habitudinem,
1386 1032 1567 1086 neque
1606 1017 1677 1073 ad
1718 1018 1983 1075 levandos

400 1100 620 1156 dolores
642 1141 657 1164 ,
693 1104 759 1160 iis
784 1103 877 1174 qui
910 1104 1033 1174 ejus
1063 1107 1248 1161 studio
1279 1116 1557 1177 tenentur,
1588 1112 1745 1166 alIert
1772 1112 1983 1183 aliquid

402 1192 533 1245 utile
554 1231 569 1255 ,
600 1209 702 1247 cur
729 1202 884 1249 tanto
912 1196 1097 1252 studio
1126 1199 1397 1268 quaeritur
1421 1219 1436 1268 ;
1466 1212 1519 1256 et
1547 1203 1823 1273 quomodo
1851 1212 1982 1258 sunt

399 1282 583 1338 allecti
623 1285 662 1338 ii
693 1302 933 1356 quorum
967 1303 1067 1344 cor
1096 1291 1153 1345 in
1186 1292 1290 1347 bac
1324 1295 1671 1351 contabescit
1713 1297 1981 1363 materia,

398 1391 525 1430 cum
563 1379 619 1432 in
653 1380 776 1434 auri
811 1384 1165 1452 possessione
1198 1386 1317 1456 ipsa
1341 1401 1438 1443 eos
1470 1396 1671 1459 arguat
1696 1391 1984 1445 conscien-

397 1465 475 1518 tia
498 1505 514 1530 ,
555 1470 703 1538 quod
742 1486 810 1525 ex
844 1487 908 1525 ea
944 1464 1049 1529 sibi
1088 1477 1413 1544 promittant
1450 1492 1711 1549 magnum
1751 1479 1979 1549 aliquod

397 1559 879 1617 emolumentum?
911 1565 968 1618 Si
1000 1569 1123 1636 quis
1154 1583 1287 1639 ergo
1325 1585 1422 1625 eos
1458 1577 1649 1641 roget,
1689 1578 1749 1625 ut
1778 1611 1791 1634 ,
1836 1573 1881 1627 si
1923 1572 1978 1627 in

396 1648 534 1703 illud
566 1650 736 1705 velint
769 1667 927 1708 suam
959 1658 1161 1712 mutari
1190 1669 1443 1715 naturam
1466 1700 1481 1725 ,
1512 1673 1568 1716 et
1601 1662 1653 1716 id
1686 1661 1801 1718 ﬂeri
1831 1663 1977 1733 quod

397 1749 689 1812 tantopere
730 1755 1032 1816 expetunt,
1080 1759 1135 1805 et
1182 1756 1237 1807 in
1284 1762 1441 1808 tanto
1488 1756 1688 1811 habent
1735 1757 1975 1823 honore,
2010 1791 2055 1851 Β

397 1842 591 1898 petant
629 1851 748 1890 eam
791 1841 1184 1905 mutationem,
1232 1854 1289 1899 ut
1324 1860 1388 1899 ex
1427 1845 1743 1904 hominibus
1784 1850 1837 1903 in
1872 1864 1972 1903 au-

391 1934 515 1975 rum
555 1932 806 1982 transeat
837 1945 1029 1985 eorum
1071 1941 1269 1987 natura
1293 1975 1308 2000 ,
1347 1944 1403 1990 et
1438 1952 1547 1991 non
1588 1940 1699 1994 sint
1735 1940 1972 2011 amplius

392 2014 607 2071 ratione
640 2027 694 2073 et
729 2020 1091 2092 intelligentia
1128 2027 1339 2095 praediti
1362 2067 1377 2091 ,
1411 2038 1465 2083 et
1497 2030 1564 2084 ad
1601 2031 1770 2085 vitam
1809 2041 1970 2089 uten-

394 2115 476 2161 tes
505 2110 784 2177 sensibus,
818 2113 914 2169 sed
942 2115 1167 2184 pallidi,
1194 2134 1415 2190 graves,
1448 2134 1498 2177 et
1528 2138 1663 2179 voce
1688 2134 1967 2193 carentes,

390 2198 735 2270 tnanimique
766 2212 821 2257 et
846 2204 1165 2273 insensiles,
1196 2226 1319 2280 quae
1342 2221 1428 2268 est
1453 2215 1576 2268 auri
1602 2223 1834 2285 natura;
1859 2235 1968 2274 non

388 2288 649 2343 existimo
700 2292 757 2347 id
809 2309 934 2352 esse
970 2299 1289 2367 electuros,
1334 2319 1438 2359 nec
1475 2321 1572 2361 eos
1611 2308 1834 2378 quidem
1874 2310 1971 2381 qui

390 2381 791 2439 contabescunt
830 2388 1144 2446 vehementi
1178 2395 1300 2448 auri
1335 2395 1637 2453 desiderio.
1674 2401 1731 2456 Si
1766 2418 1898 2473 ergo
1933 2404 1970 2458 ii

390 2470 486 2539 qui
518 2484 650 2528 sunt
680 2491 829 2532 sanae
860 2483 1062 2538 mentis
1095 2497 1456 2542 exsecrantur
1491 2499 1545 2545 et
1578 2493 1972 2550 abominantur

391 2561 595 2618 habere
651 2570 1017 2639 proprietates
1068 2576 1328 2634 inanimae
1381 2584 1657 2650 materiae,
1715 2602 1969 2657 quamam

389 2666 475 2707 est
503 2670 697 2711 eorum
741 2670 955 2718 ratione
984 2666 1149 2736 plane
1182 2686 1380 2727 carens
1415 2674 1468 2728 in
1505 2675 1574 2732 iis
1613 2680 1971 2749 acquirendis

388 2744 601 2802 insania
621 2789 638 2817 ,
662 2766 897 2820 quorum
931 2754 1053 2813 linis
1080 2768 1165 2815 est
1189 2763 1404 2820 vanitas
1423 2806 1436 2830 ,
1469 2776 1528 2821 ut
1556 2776 1610 2824 et
1633 2771 1811 2826 caedes
1836 2787 1969 2842 pro-

387 2844 575 2905 pterea
607 2840 788 2898 facere
808 2885 822 2909 ,
860 2854 914 2900 et
944 2848 1297 2908 latrocinium
1332 2872 1592 2915 exercere
1623 2862 1862 2918 audeant
1890 2865 1966 2932 ii,

385 2927 482 2996 qui
520 2933 769 2998 pecuniae
808 2935 1002 2993 insana
1044 2942 1302 3000 laborant
1342 2949 1545 3004 rabie?
1582 2951 1691 3007 Nec
1731 2955 1835 3010 hoc
1874 2972 1970 3010 so-

388 3019 498 3072 lutn
521 3061 535 3084 ,
569 3024 664 3078 sed
688 3027 854 3081 etiam
884 3030 1192 3102 improbum
1225 3037 1431 3096 fenoris
1463 3042 1786 3111 inventum,
1819 3049 1968 3116 quod

383 3113 478 3180 qui
514 3114 663 3170 aliud
697 3120 1052 3179 latrocinium
1087 3134 1141 3181 et
1171 3130 1526 3197 parricidiqu
1556 3136 1964 3205 nominaverit,
1992 3150 2036 3206 ο

383 3219 492 3259 non
517 3210 707 3276 procul
728 3212 797 3266 ab
812 3228 878 3267 eo
898 3217 1042 3284 quod
1065 3218 1246 3284 decet,
1266 3222 1626 3280 aberraverit.
1648 3228 1792 3294 Quid
1819 3231 1963 3285 enim

382 3297 547 3351 refert
576 3314 643 3353 an
667 3302 979 3360 clanculum
1011 3310 1283 3378 perfossis
1307 3316 1479 3372 muris
1508 3320 1783 3388 praedonis
1815 3339 1967 3380 more

384 3390 565 3442 aliena
597 3391 833 3455 habeas.
855 3405 909 3451 et
937 3405 1324 3469 praetereuntis
1349 3408 1497 3463 caede
1534 3417 1586 3464 te
1618 3427 1807 3469 eorum
1842 3432 1966 3486 qua:

385 3477 625 3533 habebat
658 3482 941 3543 dominum
979 3497 1291 3551 constituas
1321 3515 1335 3552 :
1369 3514 1438 3553 an
1471 3499 1679 3559 fenoris
1717 3510 1964 3563 necessi-

383 3580 498 3624 tate
537 3579 794 3646 acquiras
830 3597 893 3637 ea
934 3600 1058 3653 quae
1092 3590 1159 3642 ad
1194 3596 1248 3642 te
1282 3604 1389 3643 non
1420 3593 1739 3662 pertinent?
1769 3594 1813 3652 Ο
1845 3617 1966 3656 ma-

382 3661 491 3716 lum
526 3669 869 3739 vocabulum,
904 3673 1063 3732 fenus
1095 3678 1152 3731 lit
1185 3695 1384 3734 nomen
1413 3661 1724 3741 latrocinii!
1750 3704 1782 3743 ο
1806 3705 1962 3746 acer-

384 3754 481 3810 bas
520 3762 787 3829 nuptias!
829 3781 863 3820 o
902 3767 1207 3837 improbam
1248 3773 1695 3845 conjunctionem
1727 3827 1741 3846 ,
1796 3799 1963 3854 quam

379 3856 574 3904 natura
634 3855 855 3922 quidem
911 3873 1020 3914 non
1074 3865 1369 3932 cognovit,
1434 3883 1727 3927 avarorum
1779 3887 1962 3932 autem

380 3940 607 3996 morbus
648 3943 791 4000 inter
829 3950 1070 4003 inanima
1114 3952 1430 4011 innovavit!
1457 3957 1502 4013 Ο
1531 3977 1728 4031 graves
1757 3974 1811 4021 et
1846 3983 1963 4023 mo-

383 4030 550 4085 lcstos
577 4048 883 4105 conceptus
903 4079 918 4102 ,
944 4056 1008 4095 ex
1035 4044 1239 4113 quibus
1267 4045 1538 4115 ejusmodi
1567 4052 1711 4110 fetus
1737 4055 1963 4130 (nempe

383 4118 575 4190 fenus)
602 4128 913 4187 enascitur!
940 4130 1295 4192 Solummodo
1327 4139 1379 4194 in
1410 4141 1575 4198 rebus
1600 4182 1614 4207 ,
1640 4162 1764 4215 qua:
1796 4118 1958 4216 sunt,

380 4209 722 4270 discernitur
748 4220 1053 4277 animatum
1085 4242 1181 4296 per
1210 4228 1509 4289 discrimen
1544 4254 1709 4295 sexus
1744 4258 1963 4299 mascu-

376 4302 477 4358 lini
510 4316 563 4360 et
599 4307 872 4368 feminini.
904 4314 1000 4371 Eis
1032 4317 1171 4374 dixit
1206 4320 1350 4379 Deus
1384 4335 1641 4398 creator,
1669 4349 1688 4382 ι
1716 4333 1962 4393 Crescite

374 4404 429 4449 et
471 4399 914 4470 multiplicamini
953 4409 998 4441 ⁸⁸
1027 4429 1039 4465 :
1064 4430 1084 4463 ι
1109 4419 1167 4466 ttt
1206 4430 1306 4484 per
1336 4428 1581 4474 mutuam
1620 4439 1684 4478 ex
1724 4442 1782 4481 se
1815 4429 1961 4484 inter

371 4504 431 4543 se
484 4495 894 4559 generationem
958 4515 1295 4573 augerentur
1341 4517 1396 4564 et
1452 4514 1959 4584 multiplicarentur
1990 4490 2035 4545 υ

371 4598 494 4650 qua:
518 4585 817 4656 gignuntur
843 4594 1166 4654 animantia.
1193 4600 1329 4654 Auri
1358 4612 1540 4659 autem
1570 4606 1734 4674 fetus,
1761 4627 1958 4683 nempe

374 4674 535 4732 fenus
557 4717 570 4739 ,
606 4696 674 4732 ex
709 4697 947 4750 quonam
985 4691 1246 4745 consistit
1281 4696 1684 4754 matrimonio?
1716 4718 1780 4756 ex
1816 4721 1955 4775 qua-

374 4782 500 4819 nam
533 4770 814 4836 perﬁcitur
841 4781 1251 4847 conceptione?
1276 4783 1545 4844 Caeterum
1581 4807 1646 4846 ex
1676 4770 1952 4866 Propheta

292 4971 297 4975 α
373 4952 532 5006 turiit
585 4954 948 5025 injustitiam,
1001 4967 1256 5035 concepit
1306 4968 1587 5040 laborem,
1636 4988 1691 5032 et
1738 4952 1952 5051 peperit

370 5044 718 5116 iniquitatem
756 5051 825 5106 θ’.
856 5070 874 5103 ι
904 5052 1004 5111 Hic
1036 5068 1121 5112 est
1155 5061 1246 5116 ille
1280 5073 1473 5133 partus
1494 5106 1509 5133 ,
1549 5085 1713 5140 quem
1738 5044 1952 5144 partu-

368 5136 463 5188 riit
494 5138 717 5206 quidem
747 5145 1010 5212 avaritia,
1044 5151 1185 5219 parit
1216 5162 1397 5211 antem
1429 5136 1729 5230 iniquitas,
1762 5136 1818 5221 et
1852 5169 1955 5224 ob-

366 5229 686 5286 stetricalur
740 5235 1142 5297 inhumanitas.
1194 5244 1300 5311 Qui
1345 5250 1492 5305 enim
1546 5268 1763 5325 semper
1809 5259 1952 5314 celat

369 5336 529 5388 opes,
558 5334 614 5380 et
648 5325 870 5394 juratus
909 5332 1142 5389 aliirmat
1180 5352 1242 5392 se
1280 5353 1393 5395 non
1432 5340 1664 5410 habere,
1702 5362 1827 5402 cum
1862 5353 1949 5405 vi~

370 5413 508 5468 derit
538 5432 787 5485 pressum
814 5426 1144 5483 necessitate
1163 5471 1176 5495 ,
1206 5436 1338 5486 tunc
1367 5433 1489 5502 ejus
1514 5451 1779 5493 crumena
1814 5457 1950 5509 prte-

375 5518 546 5568 gnans
590 5511 860 5577 cernitur,
910 5526 1040 5573 tunc
1095 5519 1232 5576 lucri
1287 5522 1569 5581 desiderio
1617 5530 1948 5589 sceleratum

376 5596 609 5655 parturit
651 5597 851 5669 letum,
894 5613 947 5659 et
987 5622 1137 5676 spem
1181 5609 1388 5667 fenoris
1432 5617 1635 5673 misrro
1671 5621 1944 5688 ostendit,

448 5758 493 5789 ⁸⁸
532 5764 670 5820 (ἶσαι
709 5787 745 5841 t,
778 5780 869 5834 ἓξ.
950 5783 991 5814 ⁶⁹
1033 5784 1172 5841 Psal.
1211 5793 1301 5857 vlt,
1333 5790 1414 5844 1‘3.

2086 545 2148 597 τὸ
2180 539 2366 612 αἶσχος
2400 544 2456 594 ἐν
2483 541 2561 611 τῷ
2593 544 2921 614 φαινομένῳ,
2954 545 3120 617 μηδὲν
3145 547 3213 616 τῇ
3238 545 3383 616 αὐγῇ
3415 543 3513 597 τοῦ
3544 562 3673 616 χρυ-

2090 632 2206 685 σίου
2258 629 2713 701 ἐπισκοτούμενον
2734 648 2750 664 ο
2804 631 2907 688 κᾶν
2954 633 3198 704 ὲπαλγὴς
3226 632 3303 687 ὢν
3344 633 3425 705 τῷ
3461 633 3673 705 σώματι

2086 722 2260 793 τύχοι,
2296 721 2551 793 οὐδεμίαν
2607 725 2855 795 ἐπήγαγε
2901 726 3256 798 παραμυθίαν
3297 725 3378 796 τῷ
3418 725 3671 781 πονοῦντι

2151 809 2273 882 ὕλη.

2087 815 2121 883 ἠ
2151 815 2353 956 ἱΞί)ηί›ὗν
2385 904 2521 973 μήτε
2562 902 2699 974 πρὸς
2726 904 2942 971 κάλλος,
2976 906 3114 977 μήτε
3156 907 3291 979 πρὸς
3318 908 3536 976 εὐεξίαν
3567 909 3675 965 σώ-

2089 1007 2276 1061 ματος,
2323 993 2459 1063 μήτε
2501 995 2639 1066 πρὸς
2674 995 2773 1068 τὴν
2819 996 2928 1050 τῶν
2955 996 3290 1068 ἀλγημάτων
3317 1000 3671 1072 παραμυθίαν

2086 1081 2243 1152 φέρει
2290 1098 2344 1134 τι
2387 1086 2655 1156 χρήσιμον
2704 1088 2818 1150 τοῖς
2865 1086 3279 1155 σπουδάζουσιν,
3336 1088 3483 1158 ὑπὲρ
3528 1089 3673 1152 τίνος

2087 1171 2478 1239 σπουδάζεταις
2531 1175 2626 1229 καὶ
2676 1174 2759 1238 τίς
2811 1177 2845 1247 ή
2894 1174 3134 1240 διάθεσις
3181 1176 3291 1232 τῶν
3359 1182 3427 1250 τῇ
3473 1178 3672 1250 καρδίᾳ

2084 1263 2531 1336 προστετηκότων
2562 1267 2637 1336 ⁸τῇ
2671 1264 2793 1339 ὕλῃ,
2844 1267 2975 1321 ὅταν
3022 1268 3081 1321 ὲν
3130 1265 3210 1339 τῷ
3261 1269 3523 1324 συνειδότι
3570 1270 3671 1339 τῆς

2081 1351 2337 1425 τοιαύτης
2369 1356 2615 1427 κτήσεως
2646 1356 2883 1429 τύχωσιν
2911 1358 3085 1425 ὄντες,
3125 1356 3201 1422 ὥς
3228 1374 3283 1412 τι
3319 1359 3485 1414 πλέον
3518 1359 3675 1431 ἕχον-

2081 1458 2172 1506 τες
2198 1444 2410 1510 ἑαυτοῖς
2459 1447 2888 1517 ὲπαγάλλονται;
2931 1450 3054 1518 Ἆρ’
3083 1450 3139 1504 ετ
3174 1467 3260 1514 τις
3290 1450 3490 1515 αὐτοὺς
3533 1454 3673 1524 ὲρω-

2081 1531 2319 1602 τήσειεν,
2368 1535 2418 1587 εί
2470 1535 2716 1607 δέχονται
2751 1537 2936 1602 αὐτοῖς
2971 1539 3301 1611 ἀμειφθῆναι
3323 1540 3459 1612 πρὸς
3493 1542 3671 1596 ἐκεῖνο

2079 1622 2178 1694 τὴν
2211 1625 2394 1694 φύσιν,
2424 1627 2519 1681 καὶ
2551 1629 2805 1697 γενέσθαι
2850 1628 3025 1695 τοῦτο,
3057 1629 3086 1684 δ
3136 1634 3202 1703 τῇ
3247 1632 3486 1705 τοσαύτῃ
3534 1634 3666 1705 παρ’

2081 1713 2263 1768 αὐτῶν
2310 1715 2550 1771 διαθέσει
2595 1719 2909 1791 τετίμηται,
2956 1720 3163 1775 ἕλοιντο
3208 1719 3277 1775 ἂν
3309 1722 3407 1793 τὴν
3440 1722 3669 1793 μεταδο-

2080 1803 2198 1875 λὴν,
2232 1805 2373 1859 ὥστε
2404 1806 2465 1873 ἐξ
2490 1807 2794 1881 ἀνθρώπων
2840 1811 2977 1883 πρὸς
3000 1812 3094 1866 τὸν
3118 1813 3317 1883 χρυσὸν
3348 1813 3534 1877 αὐτοῖς
3565 1829 3668 1885 μσς

2076 1896 2309 1967 ταδῆναι
2334 1899 2434 1969 τὴν
2466 1898 2649 1969 φύσιν,
2678 1902 2775 1955 καὶ
2808 1900 3087 1974 δειχθῆναι
3122 1903 3324 1975 μηκέτι
3357 1904 3571 1972 λογικοί
3606 1921 3666 1959 τε

2079 1988 2175 2042 καὶ
2223 1989 2585 2061 διανοητικοὶ,
2638 1992 2737 2047 καὶ
2785 1996 2898 2057 τοῖς
2948 1994 3323 2069 αἰσθητηρίοις
3378 1997 3520 2069 πρὸς
3566 1997 3669 2069 τὴν

2078 2076 2223 2149 ζωὴν
2280 2080 2634 2152 κεχρημένοι,
2686 2081 2802 2136 ἀλλ’
2862 2084 3033 2156 ὠχροί
3083 2101 3145 2139 τε
3192 2086 3289 2140 καὶ
3332 2086 3521 2159 βαρεῖς
3572 2091 3669 2143 καὶ

2077 2166 2316 2234 ἄναυδοι,
2356 2168 2555 2241 ἀψυχοί
2584 2189 2643 2225 τε
2670 2173 2765 2227 καὶ
2794 2174 3132 2247 ἀναίσθητοι,
3160 2176 3304 2248 οἴαή
3331 2176 3428 2230 τοῦ
3457 2177 3667 2249 χρυσοῦ

2078 2259 2239 2329 φύσις
2277 2262 2444 2328 ἐστὶν,
2477 2263 2578 2316 οὐκ
2613 2262 2681 2318 ἂν
2710 2260 2864 2332 οἴμαι
2894 2266 3069 2320 ταῦτα
3109 2266 3346 2333 ἑλέσθαι,
3384 2267 3506 2322 οὐδὲ
3533 2270 3667 2334 τοῦς

2080 2349 2282 2420 σφόδρα
2321 2349 2408 2402 διὰ
2444 2350 2547 2421 τῆς
2587 2352 2886 2424 ἐπιθυμίας
2916 2355 3315 2426 συντετηκότας
3341 2358 3407 2428 τῇ
3440 2356 3564 2431 ὕλῃ.
3599 2360 3668 2412 Et

2076 2437 2169 2496 οὖν
2197 2443 2253 2495 ὲν
2284 2442 2501 2514 κατάρᾳ
2527 2446 2638 2506 τοῖς
2666 2439 2725 2497 εὖ
2759 2444 3048 2516 φρονοῦσιν
3074 2447 3177 2519 ήδη
3202 2448 3339 2511 ἐστὶ,
3371 2449 3432 2503 τὸ
3459 2450 3515 2503 ὲν
3546 2454 3670 2515 τοῖς

2081 2531 2332 2601 ίδιὼμασι
2362 2533 2463 2603 τῆς
2484 2532 2693 2603 ἀψύχου
2723 2532 2857 2604 ὕλης
2884 2534 3160 2603 γενέσθαι,
3191 2535 3275 2600 τίς
3301 2537 3491 2606 ἄλογος
3526 2541 3667 2611 περὶ

2075 2623 2175 2694 τὴν
2213 2623 2407 2694 κτῆσιν
2441 2622 2647 2677 τούτων
2689 2624 2877 2696 μανία.
2906 2618 2984 2680 ὧν
3010 2626 3071 2680 τδ
3099 2627 3251 2692 τέλος
3291 2629 3326 2699 ἡ
3363 2632 3667 2701 ματαιάτης

2077 2715 2243 2781 ἐστὶν,
2272 2715 2348 2778 ὡς
2368 2715 2463 2768 καὶ
2494 2716 2673 2786 φόνων
2699 2715 2787 2770 διὰ
2812 2715 2974 2770 τοῦτο
2999 2717 3096 2771 καὶ
3123 2718 3374 2792 λῃστείας
3399 2721 3666 2774 κατατολ-

2079 2806 2249 2876 μῆσαι
2278 2806 2404 2870 τοὺς
2435 2806 2950 2880 προλελυσσηκότας
2978 2810 3094 2872 τοῖς
3132 2810 3415 2881 χρήμασι;
3454 2811 3552 2864 καὶ⁵
3596 2811 3666 2864 οὐ

2074 2897 2235 2950 τοῦτο
2279 2898 2456 2969 μόνον,
2515 2898 2654 2954 ἀλλά
2700 2901 2796 2954 καὶ
2850 2901 3225 2972 τῆςκπονηρᾶς
3267 2900 3504 2967 ἐπινοίας
3542 2903 3665 2957 τῶν

2075 2987 2272 3052 τόκων,
2302 2988 2369 3059 ἢν
2406 2988 2570 3061 ἀλλην
2598 3007 2683 3054 τις
2706 2990 2962 3064 λῃστείαν
3001 2993 3096 3045 καὶ
3121 2993 3425 3063 μιαιφονίαν
3452 2994 3667 3065 ὀνομά-

2078 3094 2198 3141 σας,
2221 3079 2320 3132 οὐκ
2344 3078 2410 3133 ἂν
2441 3080 2677 3150 ἁμάρτοι
2703 3079 2797 3133 τοῦ
2830 3080 3061 3146 δέοντος.
3096 3083 3167 3135 Ἢ
3200 3082 3252 3135 τί
3278 3082 3385 3153 γὰρ
3407 3082 3665 3155 διαφέρει

2069 3167 2343 3239 λαθραίως
2366 3171 2431 3224 ἐκ
2455 3172 2820 3243 τοιχωρυχίας
2844 3172 3100 3242 ἀλλότρια
3130 3173 3455 3246 ληϊσάμενον
3479 3173 3665 3245 ἔχειν,

2066 3262 2162 3314 καὶ
2189 3262 2265 3334 τῷ
2296 3263 2444 3335 φόνῳ
2467 3263 2562 3317 τοῦ
2599 3264 3011 3335 παροδεύοντος,
3040 3265 3307 3337 δεσπότην
3335 3266 3518 3321 ἑαυτὸν
3540 3268 3666 3321 τῶν

2066 3350 2275 3405 ἐκείνου
2308 3351 2552 3423 ποιεῖν,ἢ
2583 3351 2672 3405 διά
2688 3354 2787 3423 τῆς
2814 3353 2925 3408 τῶν
2950 3353 3126 3409 τόκων
3146 3355 3396 3426 ἀνάγκης
3416 3355 3664 3411 κτᾶσθαι

2064 3443 2133 3496 τὰ
2174 3444 2249 3515 μὴ
2303 3446 2683 3517 προσήκοντα;
2733 3447 2798 3498 ’Ὠ
2820 3446 2999 3517 κακῆς
3048 3448 3451 3520 προσηγορίαςι
3486 3448 3665 3514 τόκος

2064 3534 2235 3604 δνομα
2253 3536 2352 3607 τῆς
2375 3537 2628 3612 λῃστείας
2648 3538 2877 3607 γίνεται.
2903 3540 2966 3591 Ὢ
2982 3538 3196 3611 πικρῶν
3212 3540 3404 3627 γάμων
3424 3541 3435 3593 l
3460 3539 3522 3592 Ὠ
3541 3557 3663 3594 πθ-

2064 3628 2235 3697 νηρᾶς
2252 3628 2526 3697 συζυγίας,
2539 3630 2606 3701 ἢν
2626 3631 2659 3700 ἡ
2678 3629 2841 3699 φύσις
2858 3631 2956 3701 μὲν
2971 3631 3073 3684 οὐκ
3087 3630 3399 3702 ἐγνώρισεν,
3415 3632 3447 3702 ἡ
3462 3630 3516 3684 δὲ
3532 3632 3663 3687 τῶν

2064 3718 2291 3791 φιλοχρη
2301 3719 2611 3790 ματούντων
2633 3721 2787 3785 νόσος
2810 3724 2868 3775 ὲν
2892 3725 3005 3786 τοῖς
3037 3721 3264 3794 ἀψύχοις
3300 3722 3661 3796 ἐκαινοτόμη-

2066 3810 2192 3864 σενί
2226 3810 2290 3863 Ὢ
2327 3809 2583 3882 χαλεπῶν
2608 3813 2926 3885 κυημάτων,
2954 3813 3047 3883 ἀφ’
3076 3807 3151 3868 ὧν
3184 3816 3214 3868 δ
3235 3814 3468 3878 τοιοῦτος

2063 3898 2344 3968 έκφύεται.
2390 3902 2566 3956 Μόνον
2598 3904 2655 3958 έν
2700 3905 2815 3967 τοῖς
2852 3899 2972 3957 οὖσι
3012 3904 3076 3958 τὸ
3108 3904 3350 3977 ἔμψυχον
3394 3907 3457 3976 τῇ
3502 3907 3661 3960 κατὰ

2062 3988 2123 4040 τὸ
2148 3988 2316 4061 ᾰρῥεν
2339 3990 2434 4044 καὶ
2456 3991 2589 4062 θῆλυ
2625 3992 2860 4064 διαφορᾷ
2880 3993 3147 4066 διεκρίθη.
3179 3995 3402 4059 Τούτοις
3435 3991 3595 4048 εἶπεν
3626 3998 3659 4051 ό

2064 4079 2277 4143 πλάσας
2294 4078 2444 4145 Θεὸς,
2475 4097 2494 4131 ‹
2516 4081 2819 4148 Δύξάνεσθε
2854 4085 2949 4138 καὶ
2974 4085 3330 4156 πληθύνεσθε,
3386 4085 3523 4139 ὥστε
3551 4086 3660 4143 διὰ

2062 4171 2164 4242 τῆς
2194 4171 2254 4238 ἐξ
2281 4172 2526 4244 ἀλλήλων
2553 4174 2820 4242 γενέσεως
2851 4177 2933 4240 είς
2950 4175 3153 4248 πλῆθος
3179 4177 3241 4230 τδ
3270 4176 3658 4247 ζωογονούμε-

2061 4279 2163 4320 νονς
2183 4263 2465 4329 αῠξεσθαι.
2503 4266 2562 4321 ὐ
2594 4267 2653 4322 δὲ
2692 4268 2786 4322 τοῦ
2816 4269 3043 4340 χρυσίου
3076 4269 3235 4334 τόκος
3266 4271 3333 4324 ὲκ
3360 4270 3523 4325 ποίων
3546 4273 3659 4339 γά·

2065 4372 2181 4425 μων
2210 4355 2527 4412 συνίσταται
2551 4376 2567 4426 ;
2615 4360 2714 4414 Ἐκ
2735 4360 2895 4426 ποίας
2923 4361 3330 4434 τελεσφορεῖται
3358 4364 3656 4433 κυήσεως;

2075 4446 2215 4500 Ἀλλ’
2267 4444 2386 4503 οἶδα
2431 4449 2533 4521 τὴν
2560 4450 2727 4505 ὠδῖνα
2766 4452 2860 4505 τοῦ
2886 4452 3128 4506 τοιούτου
3165 4452 3329 4506 τόκου
3366 4451 3515 4523 παρὰ
3541 4454 3656 4509 τοῦ

2064 4538 2352 4609 Προφήτου
2400 4538 2650 4610 μαθὼν,‹
2672 4540 2804 4609 τιδοὺ
2849 4540 3041 4597 ὤδινεν
3092 4542 3330 4607 ἀδικίαν,
3384 4541 3657 4598 συνέλαϐε

2064 4626 2245 4690 πόνον.
2284 4629 2376 4683 καὶ
2394 4629 2577 4683 ἔτεκεν
2597 4628 2875 4700 ἀνομίαν.»
2901 4625 3072 4697 Οὗτος
3093 4633 3300 4697 ἐκεῖνός
3332 4634 3477 4687 ἐστιν
3503 4635 3531 4686 ό
3549 4634 3655 4687 τό·

2062 4736 2176 4783 κος,
2202 4718 2262 4773 ὃν
2295 4720 2526 4793 ὠδίνησε
2542 4723 2642 4794 μὲν
2670 4725 2704 4795 η
2739 4725 3038 4791 πλεονεξία,
3070 4726 3246 4779 τίκτει
3274 4725 3332 4779 δὲ
3357 4727 3390 4799 ῄ
3420 4725 3649 4794 ἀνομία,

2061 4812 2210 4885 καὶὴ
2246 4813 2636 4885 μισανθρωπία
2673 4816 2978 4886 μαιεύεται.
3026 4818 3084 4871 Ὀ
3122 4817 3232 4888 γὰρ
3265 4819 3352 4872 ἀεὶ
3380 4816 3651 4889 κρύπτων

1929 4921 1952 4933 ·
2057 4901 2156 4972 τὴν
2203 4904 2485 4975 εὐπορίαν,
2522 4906 2616 4960 καὶ
2675 4907 2826 4979 ὅρκῳ
2869 4908 2930 4961 τὸ
2969 4908 3044 4980 μὴ
3074 4908 3220 4979 ἔχειν
3259 4907 3647 4979 πιστούμενος,

2053 4993 2276 5048 ἐπειδάν
2308 5012 2430 5050 τινα
2448 4996 2534 5070 ἴδῃ
2562 4998 2780 5072 ἀνάγκῃ
2806 4998 3295 5070 καταπνιγόμενον,
3323 4999 3443 5053 τότε
3471 4998 3647 5067 έγκύο

2058 5101 2174 5155 μων
2198 5085 2276 5156 τῷ
2301 5085 2574 5159 βαλαντίῳ
2618 5089 2979 5161 προφαίνεται
3002 5105 3017 5120 ·
3051 5088 3174 5143 τότε
3201 5089 3295 5143 τὸν
3314 5089 3548 5161 πονηρὸν
3568 5094 3643 5163 τῇ

2055 5174 2371 5248 φιλοκερδίᾳ
2398 5177 2579 5234 ὠδίνει
2606 5180 2787 5245 τόκον,
2817 5180 3011 5235 ἐλπίδα
3042 5178 3139 5233 τοῦ
3177 5180 3535 5252 δανείσματος
3558 5182 3645 5253 τῷ

2051 5265 2405 5338 δυστυχοῦντι
2428 5270 2832 5341 προδείκνυσιν,
2868 5273 2936 5342 ἢν
2969 5271 3250 5326 ὲπιὸἀλλει
3277 5271 3408 5344 ὕλην
3437 5272 3518 5344 τῷ
3544 5274 3644 5327 δυ-

2056 5359 2381 5430 στυχήματι,
2441 5360 2630 5434 ὥσπερ
2671 5363 2701 5414 ό
2751 5362 2831 5434 τῷ
2877 5362 3044 5433 ἐλαίῳ
3087 5363 3501 5420 κατασδεννύων
3537 5365 3643 5437 τὴν
3684 5424 3689 5437 ,

2051 5445 2245 5515 φλόγα.
2282 5450 2357 5502 Οὐ
2386 5450 2496 5523 γὰρ
2532 5451 2872 5523 ἐθεράπευσε
2924 5453 3005 5525 τῷ
3049 5454 3246 5526 δανείῳ
3277 5454 3376 5527 τὴν
3405 5453 3634 5525 ζημίαν,

2050 5535 2165 5590 ἀλλ’
2183 5539 2459 5594 ἐπέτεινεν
2480 5559 2494 5573 ο
2526 5543 2621 5597 καὶ
2641 5543 2829 5617 ὥσπερ
2852 5547 2910 5598 ἐν
2926 5547 3040 5608 τοῖς
3061 5547 3292 5618 αὐχμοῖς
3314 5546 3639 5616 αὐτομάτως

2050 5628 2513 5701 ἀκανθοφοροῦσιν
2555 5636 2609 5688 αί
2649 5634 2900 5706 ἄρουραι,
2936 5635 3079 5691 οὕτω
3123 5638 3215 5692 καὶ
3255 5640 3314 5692 ὲν
3349 5641 3465 5701 ταῖς
3501 5654 3637 5706 συμ-
