3844 6386
195 452 289 508 675

1263 455 1329 509 IN
1365 450 1899 511 ECCLESIASTEN.
1946 452 2225 507 HOMILIA
2258 455 2345 509 IV.

3333 462 3440 520 δτι

197 576 376 645 φοραῖς
431 574 540 629 τῶν
576 574 1112 645 στενοχορουμένων,
1167 576 1213 628 οἱ
1261 576 1368 631 τῶν
1418 575 1753 655 πλεονεκτῶν

1858 590 1978 643 qum
2010 573 2316 628 infortunio
2349 574 2541 645 ingerit
2574 577 2861 631 materiam
2885 619 2900 645 ,
2933 579 3212 650 quomodo
3254 582 3301 639 is
3342 586 3435 650 qui

199 661 505 733 ὑλομανοῦσι
560 663 729 716 τόκοι.
772 658 906 716 Εἶτα
964 663 1235 734 προτείνει
1297 665 1393 735 τὴν
1425 668 1584 736 χεῖρα
1619 665 1757 735 μετὰ

193 753 278 807 τοῦ
305 757 601 825 χρήματος,
635 753 824 827 ῶσπερ
855 758 888 826 ἠ
923 755 1090 827 όρμιά
1109 756 1170 808 τὸ
1193 756 1572 828 κεκρυμμένον
1602 756 1757 823 ἄγκι-

196 859 338 914 στρον
383 841 462 913 τῷ
516 842 865 915 δελεάσματι.
911 843 1225 915 Περιχανὼν
1264 843 1319 897 δὲ
1350 846 1379 896 6
1425 844 1654 909 δείλαιος
1688 847 1755 916 τῇ

194 934 317 1005 πρὸς
343 935 403 987 τὸ
436 936 609 1006 παρὸν
635 935 885 1007 εὐπορίᾳ,
915 936 1010 989 καὶ
1039 937 1090 988 εί
1114 953 1167 988 τι
1201 935 1443 1007 κρυπτὸν
1479 935 1537 988 ὲν
1560 935 1758 988 ἀποθέ-

191 1043 292 1089 τοις
311 1021 446 1096 εἶχε,
467 1029 535 1098 τῇ
558 1027 651 1080 τοῦ
681 1028 977 1099 ἀγκίστρου
998 1028 1129 1098 ὁλκῇ
1150 1026 1494 1098 συνεξέμεσε.
1523 1027 1757 1081 Τοιαῦτα

191 1116 253 1170 τά
277 1117 381 1169 τῶν
409 1118 582 1171 τόκων
612 1119 1048 1190 εὐεργετήματα.
1081 1117 1200 1173 Κᾶν
1219 1118 1317 1189 μέν
1347 1136 1431 1181 τις
1460 1119 1595 1189 πρὸς
1636 1118 1757 1188 βίαν

190 1208 443 1279 ἀφέληταί
464 1226 610 1273 τινος
627 1210 689 1263 τὸ
709 1210 937 1279 ἐφόδιον,
970 1210 1002 1281 ἢ
1042 1209 1220 1264 λαθὼν
1255 1209 1557 1281 ὑποκλέψη,
1584 1211 1757 1279 βίαιος

191 1297 274 1351 καὶ
320 1297 657 1371 λωποδύτης,
711 1301 807 1353 καὶ
857 1299 927 1352 τὰ
954 1298 1179 1352 τοιαῦτα
1223 1299 1475 1367 λέγεται·
1508 1301 1536 1350 6
1571 1298 1625 1350 δὲ
1657 1297 1755 1368 τὴν

191 1389 392 1444 ἀδικίαν
421 1393 774 1463 ὲμμάρτυρον
792 1392 888 1446 καὶ
910 1392 1010 1462 τὴν
1043 1392 1269 1463 πικρίαν
1297 1390 1639 1460 ποιούμενος,
1663 1394 1757 1444 καὶ

192 1481 475 1550 συνθήκαις
524 1483 623 1552 τὴν
653 1483 999 1553 παρανομίαν
1037 1482 1344 1553 κρατύνων,
1378 1484 1758 1556 φιλάνθρωπος

190 1572 277 1625 καὶ
303 1572 618 1644 εὐεργέτης,
641 1575 736 1627 καὶ
767 1574 968 1646 σωτὴρ,
992 1576 1085 1628 καὶ
1119 1575 1297 1629 πάντα
1320 1577 1388 1629 τὰ
1416 1577 1629 1647 χρηστὰ
1650 1576 1756 1630 τῶν

186 1662 454 1733 ὀνομάτων
484 1665 948 1737 προσαγορεύεται
967 1682 981 1696 '
1008 1666 1099 1720 καὶ
1118 1668 1180 1720 τὸ
1212 1669 1309 1738 μὲν
1330 1668 1390 1733 ἐξ
1421 1669 1757 1740 ὑφαιρέσεως

188 1753 385 1824 κέρδος,
426 1754 648 1827 κλέμμα
673 1757 920 1826 λέγεται,
943 1759 1041 1813 όδὲ
1071 1758 1158 1813 διὰ
1189 1760 1290 1829 τῆς
1318 1760 1572 1831 τοιαύτης
1597 1763 1759 1831 ἀνάγ-

187 1860 280 1913 κης
327 1847 661 1916 ἀπογυμνῶν
685 1848 775 1902 τὸν
820 1850 1075 1921 Χριστὸν,
1108 1851 1487 1923 φιλανθρωπίᾳ
1520 1852 1619 1922 τὴν
1662 1871 1755 1907 πι-

1861 663 1982 717 oleo
2010 665 2309 733 exstinguit
2350 663 2646 719 ﬂammam.
2690 666 2806 721 Non
2839 668 2983 722 enim
3018 671 3322 725 calamitati
3361 678 3436 726 t‘e-

1859 769 1992 808 nore
2037 754 2192 809 aﬁ'ert
2239 755 2579 819 remedium,
2614 757 2708 811 sed
2749 772 2868 811 eam
2915 760 3089 829 magis
3137 769 3338 828 auget.
3381 770 3435 813 rt

1857 847 2215 915 quomedoin
2237 846 2379 901 locis
2407 846 2579 902 aridis
2604 856 2659 902 et
2686 849 2912 905 incultis
2935 857 3080 904 terra
3110 866 3209 906 sua
3240 860 3435 921 sponte

1858 936 2118 1007 producit
2149 940 2372 1008 spinas:
2410 937 2486 990 ita
2518 938 2682 991 etiam
2719 939 2773 992 in
2806 940 3209 1015 calamitatibus
3241 944 3433 999 chrum

1859 1030 1950 1095 qui
1994 1039 2321 1096 premuntur
2361 1026 2667 1096 angustiis,
2710 1042 3002 1082 avarorum
3047 1030 3234 1084 feuora
3274 1032 3435 1088 luxu-

1859 1118 2021 1172 riant.
2056 1116 2260 1173 Deinde
2290 1133 2514 1172 manum
2555 1118 2795 1188 porrigit
2833 1134 2956 1172 cum
2988 1123 3250 1190 pecunia,
3289 1126 3435 1180 sicut

1856 1210 2071 1265 arundo
2097 1208 2319 1266 hamum
2345 1224 2472 1265 esca
2503 1217 2728 1263 tectum.
2779 1210 2950 1265 Hiaus
2980 1220 3159 1267 autem
3198 1214 3302 1269 iste
3331 1216 3435 1269 mi-

1855 1301 2024 1356 sellus
2058 1301 2123 1355 ad
2161 1308 2493 1373 praesentem
2531 1300 2746 1370 cepiam
2774 1342 2788 1366 ,
2824 1303 3040 1356 etiamsi
3075 1304 3209 1373 quid
3245 1307 3434 1359 occul-

1857 1399 1971 1445 tum
2008 1392 2245 1446 habebat
2275 1393 2578 1463 repositum
2604 1429 2619 1454 ,
2649 1408 2773 1469 eum
2806 1401 3041 1448 attracto
3077 1396 3237 1451 hamo
3269 1397 3433 1452 simul

1854 1482 2077 1537 evomit.
2108 1481 2335 1537 Feuoris
2358 1482 2631 1551 ejusmodi
2654 1489 2782 1536 sunt
2806 1482 3092 1538 beneﬁcia.
3122 1484 3187 1538 Et
3215 1487 3260 1540 si
3283 1489 3434 1555 quis—

1858 1572 2002 1641 piam
2041 1573 2278 1643 alicujus
2318 1573 2542 1644 quidem
2584 1574 2848 1627 viaticum
2892 1575 2942 1629 vi
2978 1576 3303 1641 abstulerit,
3341 1586 3436 1632 aut

1856 1666 1996 1719 clam
2029 1666 2390 1736 subripuerit,
2424 1673 2632 1734 raptor,
2661 1674 2714 1720 et
2744 1665 2868 1732 fur,
2901 1674 2956 1720 et
2985 1683 3104 1736 qua:
3130 1676 3260 1723 sunt
3289 1669 3435 1739 ejus-

1856 1756 2002 1811 modi
2035 1756 2261 1812 dieitur.
2291 1757 2397 1824 Qui
2427 1767 2608 1812 autem
2639 1758 2803 1812 etiam
2832 1757 3094 1813 adhibitis
3120 1760 3353 1815 testibus
3375 1776 3432 1815 se

1860 1848 2064 1917 injuste
2099 1856 2154 1905 et
2192 1851 2388 1904 acerbe
2428 1849 2569 1920 gerit
2594 1891 2609 1914 ,
2645 1857 2700 1903 et
2741 1850 2915 1920 pactis
2955 1853 3244 1908 conventis
3276 1869 3431 1909 suam

185 1936 335 2005 κρίαν
391 1939 778 2010 ὑποκορίζεται
799 1957 814 1973 '
848 1941 991 1995 οὓτω
1024 1941 1131 2013 γὰρ
1169 1942 1266 2006 τὰς
1300 1944 1499 2015 ζημίας
1526 1947 1633 1998 τῶν
1657 1946 1754 2000 δει-

1859 1941 2152 1995 conﬁrmat
2188 1942 2531 2011 iniquitatem
2558 1982 2573 2005 ,
2610 1942 2885 2011 benignus
2921 1943 3124 1997 dicitur
3153 1952 3208 1999 et
3234 1945 3434 2001 beneﬁ-

184 2025 340 2080 λαίων
391 2030 849 2100 κατονομάζουσι.
889 2050 907 2084 ι
946 2034 1264 2104 Συνήγαγὸν
1300 2052 1391 2106 μοι
1427 2036 1520 2089 καί
1562 2053 1626 2103 γε
1658 2039 1757 2108 ἀρ-

184 2116 361 2188 γύριον
393 2120 493 2173 καί
518 2137 582 2189 γε
600 2122 845 2193 χρυσίον.
877 2142 898 2175 ι
930 2124 1097 2179 Ἀλλὰ
1127 2126 1316 2179 τούτου
1352 2127 1511 2198 χάριν
1534 2129 1563 2181 6
1597 2130 1757 2197 σοφὸς

185 2210 447 2264 παιδεύων
475 2212 566 2265 τὸν
603 2212 740 2283 βίον,
773 2216 830 2268 ἐν
852 2214 930 2285 τῷ
969 2216 1253 2288 καταλόγῳ
1289 2218 1399 2272 τῶν
1438 2219 1756 2291 ὲξαγορευο·

186 2299 354 2369 μένων
439 2304 535 2356 καὶ
578 2304 751 2359 ταῦτα
781 2306 1254 2379 κατηριθμήσατο,
1289 2311 1375 2364 ἵνα
1406 2311 1670 2382 μαθόντες
1706 2315 1755 2366 οἱ

183 2389 452 2461 ἄνθρωποι
506 2394 655 2464 παρά
677 2395 772 2449 τοῦ
800 2400 866 2469 τῇ
900 2398 1068 2470 πείρᾳ
1095 2401 1526 2469 κατεγνωκότος,
1567 2403 1650 2457 ὅτι
1698 2403 1755 2456 ἓν

182 2480 281 2534 τῶν
309 2483 394 2536 ἐπ’
455 2485 656 2558 ἀτοπία
715 2490 1180 2562 κατεγνωσμένων
1223 2491 1382 2545 τοῦτό
1417 2495 1556 2559 ἐστι,
1586 2493 1753 2563 φυλάο

185 2572 367 2637 ξων-ται
410 2577 521 2647 πρὸ
564 2579 665 2648 τῆς
719 2580 912 2651 πείρας
940 2583 1039 2651 τὴν
1080 2582 1177 2635 τοῦ
1205 2583 1375 2637 κακοῦ
1412 2585 1714 2656 προσϐολήν
1739 2604 1753 2617 ·

182 2666 425 2741 καθάπερ
460 2669 575 2724 ἔστι
617 2672 709 2726 καὶ
761 2675 887 2737 τοὺς
909 2673 1233 2747 λῃστρικούς
1272 2693 1330 2729 τε
1353 2678 1446 2730 καὶ
1473 2678 1756 2749 θηριώδεις

180 2756 373 2823 τόπους
427 2760 656 2824 ἀπαθῶς
695 2761 944 2827 διελθεῖν,
995 2763 1085 2816 διὰ
1116 2764 1175 2817 τὸ
1211 2764 1495 2836 προελθεῖν
1533 2769 1660 2830 τοὺς
1697 2770 1756 2821 ὲν

179 2846 380 2914 τούτοις
418 2851 997 2922 προκινδυνεύσαντας.
1046 2852 1238 2920 Καλῶς
1266 2856 1324 2910 δὲ
1355 2859 1383 2910 ὁ
1420 2857 1560 2920 θεῖος
1600 2857 1757 2911 Ἀπό-

182 2940 375 3007 στολος,
410 2942 595 3006 καλῶς
627 2943 688 2997 τὸ
726 2944 894 3008 πάθος
945 2944 1048 3014 τῆς
1088 2945 1452 3020 φιλαργυρίας
1491 2948 1752 3020 ὁρίζεται,

183 3030 329 3100 ῥίζαν
346 3031 518 3104 αὐτὴν
543 3033 760 3087 πάντων
775 3034 882 3088 τῶν
901 3035 1086 3089 κακῶν
1104 3037 1755 3110 ἀποφηνάμενος.”Ωσπερ

179 3121 279 3193 γὰρ
298 3124 351 3176 εἰ
367 3142 476 3179 τινι
500 3125 657 3197 μέρει
681 3125 979 3196 διεφθορὼς
1001 3129 1095 3181 καὶ
1128 3129 1500 3198 σηπεδονώδης
1523 3131 1755 3202 ἐπιρρυῇ

179 3211 362 3281 χυμὸς,
391 3214 487 3268 καὶ
518 3213 797 3285 φλεγμονὴ
838 3213 917 3284 τῷ
963 3216 1115 3286 τόπῳ
1156 3217 1469 3287 ἐγγένηται,
1541 3219 1753 3288 ἀνάγκη

179 3301 321 3353 πᾶσα
348 3304 430 3367 είς
454 3304 762 3359 ἀπόστασίν
800 3321 923 3359 τινα
951 3308 1045 3359 καὶ
1072 3306 1371 3379 διαφθοράν
1398 3309 1458 3360 τὸ
1478 3308 1753 3378 ἐνσκῆψαν

181 3387 337 3462 ὑγρὸν
365 3394 773 3466 ἀπορραγῆναι,
805 3395 1162 3466 διαφυγόντος
1200 3397 1294 3450 τοῦ
1330 3399 1484 3451 ποιοῦ
1508 3399 1607 3469 τὴν
1636 3403 1755 3453 έπι-

180 3481 426 3550 φάνειαν·
457 3486 634 3549 οὕτως
652 3483 731 3552 οἷς
761 3489 923 3560 ἐνρυῇ
945 3490 1044 3559 τῆς
1060 3489 1492 3561 φιλοχρηματίας
1520 3493 1552 3563 ή
1581 3491 1751 3559 νόσος,

177 3575 250 3640 είς
274 3578 572 3632 ἀκολασίαν
599 3577 673 3643 ὡς
706 3579 774 3632 τὰ
813 3579 984 3634 πολλά
1031 3581 1093 3634 τὸ
1127 3581 1297 3646 πάθος
1326 3581 1625 3653 ἐπέσκηψε.
1656 3584 1754 3637 Διά

176 3666 328 3721 τοῦτο
357 3670 686 3742 προστίθησι
729 3674 796 3742 τῇ
845 3672 1135 3744 περιουσίᾳ
1173 3671 1268 3725 τοῦ
1315 3673 1539 3743 χρυσίου
1572 3691 1630 3726 τε
1661 3674 1754 3727 καὶ

176 3754 435 3828 ἀργυρίου
454 3760 557 3831 τὴν
585 3758 894 3824 ἀκολούθως
922 3760 1000 3831 τῷ
1031 3762 1468 3833 προκατασχόντι
1486 3765 1753 3835 νοσήματι

175 3845 645 3902 ἐπακολουθοῦσαν
704 3849 1112 3921 ἀσχημοσύνην.
1151 3869 1171 3903 ι
1231 3852 1493 3922 Ἐποίησα
1545 3855 1673 3925 γὰρ,
1730 3875 1748 3907 ι

178 3935 357 4004 φησὶν,
395 3955 416 3990 ι
464 3937 690 4009 ᾅδοντας
736 3937 833 3991 καὶ
868 3937 1118 4009 ᾀδούσας,
1146 3959 1166 3992 ι
1206 3940 1315 3994 τῶν
1343 3944 1656 4013 συμποσίων
1684 3944 1754 3998 τὰ

175 4025 585 4100 δντρυφήματα,
637 4029 908 4101 οἰνοχόους
965 4031 1060 4085 καὶ
1093 4032 1354 4102 οἰνοχόας.
1399 4034 1669 4105 Ἤρκεσεν
1714 4038 1748 4106 ἡ

178 4117 360 4189 μνήμη
395 4119 508 4174 τῶν
546 4120 826 4191 ὀνομάτων
859 4120 1205 4192 στηλιτεῦσαι
1241 4124 1301 4177 τὸ
1328 4124 1520 4189 πάθος,
1549 4126 1686 4198 ὅπερ
1716 4129 1748 4199 ἡ

108 4206 113 4209 ’
175 4209 296 4276 περὶ
315 4210 385 4264 τά
415 4212 676 4282 χρήματα
702 4212 857 4276 νόσος
881 4213 1409 4285 προωδοποίησεν.Ὢ
1424 4217 1520 4287 τῆς
1547 4218 1748 4272 ἀτόπου

174 4300 373 4372 ταύτης
406 4298 771 4375 φιλοτεχνίαςί
797 4304 873 4368 ὡς
896 4305 1091 4375 ἀθρόον
1113 4307 1391 4363 ἐπιϐάλλει
1420 4310 1527 4362 τῶν
1549 4311 1749 4381 ἡδονῶν

126 4410 131 4415 -
173 4391 231 4442 τὸ
261 4392 466 4465 ῥεῦμα,
499 4390 612 4449 οἶόν
637 4412 747 4449 τισι
773 4397 1098 4468 χειμάρροις
1135 4399 1344 4464 διπλοῖς
1388 4400 1457 4454 δι’
1493 4402 1659 4472 ἀκοῆς
1691 4421 1751 4457 τε

174 4484 266 4537 καὶ
280 4485 457 4556 ὅψεως
479 4487 579 4552 τὰς
594 4487 772 4558 ψυχὰς
787 4488 1098 4553 ἐπικλύζον,
1115 4489 1201 4544 ἵνα
1225 4490 1488 4561 βλέπηται
1511 4494 1572 4546 τὸ
1588 4482 1756 4548 κακὸν

1822 2058 1829 2063 ε
1856 2048 1987 2098 cus,
2029 2040 2083 2088 et
2122 2045 2394 2097 servator,
2427 2041 2482 2089 et
2516 2034 2865 2100 nominibus,
2896 2051 3259 2106 quaecumque
3291 2039 3432 2093 bona

1856 2131 2022 2187 sunt,
2075 2124 2427 2194 appellatur:
2473 2130 2530 2178 et
2563 2124 2710 2194 quod
2758 2140 2824 2179 ex
2877 2126 3159 2182 ablatione
3211 2127 3431 2197 quidem

1854 2224 2080 2284 paratur
2112 2216 2364 2278 lucrum,
2396 2213 2600 2268 dicitur
2630 2214 2870 2280 furtum,
2900 2217 2997 2286 qui
3031 2225 3210 2272 autem
3242 2219 3434 2288 hujus-

1857 2307 2001 2360 modi
2037 2306 2369 2361 necessitate
2405 2306 2752 2375 compulsum
2787 2308 2988 2376 spoliat
3014 2307 3390 2364 Cbristianum
3415 2349 3431 2372 ,

1856 2396 2061 2450 blando
2118 2395 2478 2466 benignitatis
2530 2396 2801 2450 vocabulo
2847 2398 2982 2452 lenit
3028 2399 3378 2454 acerbitatem
3417 2417 3431 2453 :

1856 2488 2184 2544 miserorum
2220 2489 2365 2542 enim
2416 2487 2701 2542 hominum
2744 2489 2945 2543 damna
2999 2488 3071 2543 ita
3122 2491 3430 2546 nominant.

1864 2597 1882 2628 ι
1906 2578 2144 2648 Collegi,
2171 2597 2189 2629 ι
2218 2579 2431 2648 inquit,
2462 2597 2480 2629 ι
2517 2579 2648 2632 mihi
2680 2587 2734 2634 et
2760 2586 3044 2650 argentum
3077 2589 3132 2634 et
3162 2597 3375 2635 aurum.
3408 2601 3426 2633 ι

1859 2667 1964 2722 Sed
1998 2669 2099 2722 hac
2130 2666 2197 2722 de
2226 2682 2395 2722 causa
2424 2668 2645 2739 sapiens
2675 2670 2842 2722 vitam
2874 2667 3164 2734 erudiens,
3198 2670 3253 2723 in
3285 2680 3435 2724 cata-

1857 2758 1980 2830 logo
2009 2774 2200 2814 eorum
2231 2773 2353 2830 quae
2384 2759 2584 2821 refert,
2618 2758 2732 2812 haec
2762 2773 2981 2828 quoque
3010 2762 3429 2825 annumeravit,

1860 2859 1923 2904 ut
1953 2863 2079 2903 cum
2114 2850 2368 2904 homines
2393 2848 2461 2903 ab
2490 2864 2556 2903 eo
2587 2848 2883 2904 didicerint
2907 2851 3001 2919 qui
3031 2850 3148 2921 ipsa
3180 2854 3434 2921 cognovit

1864 2940 2202 3011 experientia
2224 2981 2238 3006 ,
2270 2940 2375 2994 hoc
2407 2955 2533 2995 esse
2561 2955 2728 2995 unum
2764 2956 2826 2996 ex
2865 2941 2931 2996 iis
2960 2957 3078 3012 qua:
3108 2952 3167 2995 ut
3193 2944 3432 2998 absurda

1857 3041 1911 3086 et
1934 3032 2111 3086 aliena
2142 3039 2268 3085 sunt
2294 3030 2655 3085 condemnata
2680 3070 2695 3094 ,
2724 3035 2953 3087 careant
2976 3034 3101 3087 mali
3136 3034 3396 3104 impetum
3418 3076 3430 3097 ,

1857 3122 2179 3192 priusquam
2208 3122 2329 3191 ejus
2356 3122 2561 3175 faciant
2590 3122 2896 3192 periculum
2924 3124 3105 3179 :sicut
3127 3124 3288 3179 etiam
3318 3133 3434 3178 luto

1867 3213 2165 3269 transmitti
2204 3220 2435 3283 possunt
2469 3214 2585 3266 loca
2620 3228 2651 3267 a
2685 3213 2996 3271 latronibus
3030 3224 3084 3271 et
3119 3215 3310 3271 bestiis
3345 3218 3433 3269 in-

1862 3304 2020 3370 festa,
2049 3311 2358 3373 propterea,
2383 3304 2531 3373 quod
2563 3307 2956 3373 praecesserint
2980 3307 3069 3376 qui
3104 3308 3157 3361 in
3183 3308 3250 3362 iis
3276 3318 3434 3363 antea

1857 3396 2109 3451 adierunt
2151 3396 2482 3464 periculum.
2526 3394 2763 3452 Pulchre
2802 3405 2980 3452 autem
3028 3398 3246 3454 divinus
3287 3401 3434 3470 Apo-

1855 3488 2032 3544 stolus
2056 3529 2070 3548 .
2110 3487 2373 3556 pulchre,
2410 3487 2666 3557 inquam;
2702 3486 2892 3542 deﬁnit
2924 3487 3119 3542 vitium
3152 3491 3432 3557 avaritiae,

1856 3580 2221 3649 pronuntians
2237 3579 2410 3647 ipsam
2427 3593 2549 3634 esse
2562 3580 2807 3634 omnium
2826 3580 3090 3634 malorum
3112 3583 3349 3637 radicem
3365 3587 3429 3638 ⁷ο.

1855 3672 1975 3738 Quo
2006 3671 2166 3725 modo
2199 3672 2343 3725 enim
2374 3671 2419 3724 si
2452 3671 2506 3724 in
2535 3671 2783 3741 aliquam
2820 3681 3025 3741 partem
3058 3682 3353 3743 corruptus
3380 3686 3434 3729 et

1857 3763 2116 3834 putridus
2143 3763 2341 3815 humor
2370 3762 2675 3829 aﬁluxerit,
2698 3773 2751 3817 et
2783 3763 2837 3816 in
2875 3764 2995 3817 loco
3028 3762 3190 3818 fuerit
3220 3767 3434 3820 inﬂam-

1859 3855 2030 3908 matio
2054 3892 2069 3917 ,
2102 3867 2331 3907 necesse
2360 3859 2447 3905 est
2493 3853 2718 3907 omnino
2756 3858 2815 3905 ut
2861 3852 2915 3905 in
2938 3853 3181 3923 aliquem
3215 3855 3433 3910 absces-

1857 3962 1978 4002 sum
2009 3952 2064 4000 et
2100 3944 2507 4014 corruptionem
2546 3944 2744 3998 humor
2775 3944 2865 3998 ille
2891 3953 3173 4014 erumpat,
3209 3962 3331 4000 cum
3365 3950 3432 4003 ad

1861 4034 2203 4107 superﬁciem
2243 4048 2385 4104 opus
2425 4033 2772 4103 pervaserit:
2811 4034 2887 4087 ita
2927 4034 3133 4104 quibus
3183 4040 3433 4106 pecunim

1863 4127 2177 4197 cupiditatis
2210 4126 2435 4180 morbus
2492 4124 2800 4193 atﬁuxerit,
2847 4124 2915 4179 ad
2958 4126 3432 4195 intemperantiam

1864 4231 2062 4286 magna
2092 4232 2155 4272 ex
2192 4225 2344 4287 parte
2372 4216 2602 4270 inclinat
2640 4215 2856 4271 vitium.
2898 4214 3194 4285 Propterea
3228 4220 3348 4272 auri
3379 4231 3432 4274 et

1863 4310 2068 4380 argenti
2109 4311 2280 4378 capia:
2314 4308 2465 4363 addit
2504 4307 2902 4376 turpitudinem
2933 4346 2947 4371 ,
2981 4323 3106 4378 quae
3143 4310 3389 4364 morbum
3414 4350 3431 4372 ,

1857 4402 1948 4471 qui
1991 4401 2143 4471 prius
2185 4401 2494 4463 invaserat,
2533 4398 2673 4453 solet
2704 4397 2904 4452 deinde
2936 4399 3227 4468 consequi.
3258 4419 3276 4451 ι
3307 4399 3432 4456 Feci

1857 4492 2037 4555 enim,
2076 4509 2093 4542 ›
2127 4489 2336 4558 inquit,
2376 4507 2395 4539 ι
2425 4498 2683 4543 cantores
2739 4494 2794 4542 et
2853 4488 3223 4554 cantatrices,
3258 4508 3276 4542 ι
3313 4506 3432 4560 (ιιιειξ

172 4577 264 4629 καὶ
306 4579 612 4651 ἀκούηταιί
650 4580 714 4634 Ἦ
742 4580 853 4652 ᾠδὴ
897 4581 995 4651 τὴν
1023 4582 1192 4653 ἀκοὴν
1232 4584 1684 4656 καταστρέφεται,
1720 4588 1752 4658 ὴ

1861 4580 2240 4635 conviviorum
2276 4585 2406 4633 sunt
2434 4577 2678 4641 deliciae,
2728 4577 3083 4647 pocillatores
3119 4585 3173 4632 et
3204 4579 3432 4649 pocilla-

171 4659 287 4731 ὓψις
349 4666 452 4737 τὴν
516 4666 634 4737 ἇψιν
701 4670 1156 4738 καταγωνίζεται.
1220 4672 1458 4727 Ἐκεῖθεν
1510 4677 1540 4728 6
1590 4675 1755 4745 θῆλυς

169 4754 405 4826 φθόγγος
435 4759 527 4812 διὰ
549 4760 647 4831 τῆς
674 4760 974 4833 λελυμένης
997 4762 1105 4816 τῶν
1138 4763 1291 4835 ᾠδῶν
1319 4766 1602 4840 ἁρμονίας,
1630 4786 1754 4822 συν-

171 4849 378 4917 εισάγει
413 4852 596 4923 ἐαυτῷ
637 4854 730 4906 ἐπὶ
762 4855 861 4924 τὴν
894 4854 1123 4929 καρδίαν
1153 4856 1214 4908 τὸ
1248 4856 1439 4921 πάθος.
1477 4859 1754 4914 Ἐντεῦθεν

169 4941 201 5009 ἡ
221 4939 342 5010 ὄψις
356 4939 472 4997 οἷόν
485 4963 536 4997 τι
565 4946 868 5017 μηχάνημα
893 4946 1188 5018 πολεμικὸν
1207 4950 1317 5011 τοῖς
1331 4949 1629 5021 ὀφθαλμοῖς
1658 4951 1750 5006 τοῦ

169 5031 285 5091 ταῖς
308 5031 481 5101 ᾠδαῖς
496 5036 882 5100 ὲτέιπίπτοντος
902 5037 1369 5110 προδιαλυθέντος,
1382 5040 1752 5110 ἐμπίπτουσα,

168 5117 261 5189 τὴν
282 5120 467 5194 ψυχὴν
495 5125 950 5195 καταστρέφεται.
979 5126 1290 5199 Στρατηγὺς
1306 5128 1362 5182 δὲ
1386 5129 1484 5201 τῆς
1504 5132 1755 5201 παρατά-

172 5206 301 5274 ξεως
320 5213 536 5284 ταύτης
559 5219 587 5270 6
613 5211 756 5280 οἶνος
778 5217 1006 5287 γίνεται,
1030 5218 1222 5291 ὥσπερ
1245 5237 1328 5283 τις
1353 5223 1585 5293 πονηρὸς
1609 5224 1757 5290 τοξό-

168 5316 264 5369 της
284 5303 501 5368 διπλοῖς
535 5306 714 5376 βέλεσι
761 5308 1139 5373 κατατοξεύων
1189 5311 1281 5366 τὸν
1327 5311 1632 5382 ἄνθρωπον,
1662 5315 1756 5370 ἐπί

168 5403 226 5439 τε
256 5391 356 5462 τὴν
390 5395 570 5466 ἀκοὴν
594 5397 690 5451 καὶ
719 5398 818 5469 τὴν
837 5398 957 5469 ὄψιν
975 5397 1213 5454 εὐθύνων
1238 5399 1337 5464 τὰς
1353 5400 1545 5466 ἀκίδας
1563 5420 1577 5434 ⁸
1602 5404 1757 5476 βέλος

169 5480 273 5554 γὰρ
290 5485 512 5550 γίνεται
546 5488 649 5560 τῆς
680 5489 780 5561 μὲν
811 5490 1003 5561 ἀκοῆς,
1032 5492 1066 5562 ἡ
1086 5490 1197 5561 ᾠδή
1222 5508 1235 5521 ο
1260 5492 1359 5562 τῆς
1387 5491 1444 5545 δὲ
1470 5492 1665 5563 ὅψεως,
1694 5497 1755 5550 τὸ

171 5576 518 5647 φαινόμενον.
555 5581 630 5633 Οὐ
669 5579 779 5651 γὰρ
800 5580 954 5650 ψιλὸν
975 5581 1145 5652 ὄνομα
1173 5580 1281 5635 τῶν
1313 5583 1565 5653 οἰνοχόων
1582 5586 1750 5638 ἐστίν·

169 5664 279 5719 ἀλλ’
303 5670 369 5722 ὲκ
398 5670 497 5724 τοῦ
540 5670 699 5742 ἔργου
730 5674 943 5737 πάντως
971 5675 1004 5743 ἡ
1027 5673 1312 5743 ἐπωνυμία
1333 5673 1560 5742 γίνεται.
1586 5675 1755 5731 Ὅταν

238 5835 285 5868 ⁷⁸
321 5836 344 5894 l
380 5839 532 5896 Tim.
558 5858 630 5907 vi,
670 5842 752 5897 l0.

1860 4671 2043 4725 trices.
2080 4667 2291 4723 Sufﬁcit
2326 4669 2533 4722 mentio
2560 4667 2846 4722 nominum
2891 4668 2957 4722 ad
3006 4667 3432 4724 describendum

1860 4761 2093 4825 vitium,
2125 4759 2191 4813 ad
2223 4759 2369 4829 quod
2401 4760 2544 4812 viam
2586 4759 2765 4813 munit
2809 4760 3035 4814 morbus
3060 4799 3076 4823 ,
3126 4761 3220 4829 qui
3261 4764 3431 4816 oritur

1859 4869 1926 4907 ex
1957 4851 2114 4920 copia
2151 4851 2417 4921 pecuniaz.
2448 4849 2833 4919 O-improbum
2868 4861 2922 4906 et
2951 4853 3326 4921 importunum
3354 4870 3444 4907 ar.

1860 4944 2265 5013 tiiiciumquam
2283 4941 2510 4996 densum
2529 4943 2823 4997 acervatim
2844 4944 3431 5016 immittitvoluptatum

1858 5033 2159 5101 ﬂuentum,
2199 5032 2349 5103 quod
2393 5033 2564 5087 veluti
2613 5033 2941 5102 quibusdam
2973 5034 3288 5105 duplicibus
3324 5044 3425 5089 toro

1857 5126 2111 5182 rentibus
2139 5140 2237 5196 per
2265 5124 2512 5178 auditum
2545 5132 2600 5179 et
2630 5127 2806 5180 visum
2839 5125 3070 5180 inundat
3096 5126 3341 5190 animas,
3376 5136 3426 5180 ut

1859 5217 2132 5283 videatur,
2182 5223 2237 5272 et
2281 5215 2540 5271 audiatur
2574 5217 2779 5271 malum
2808 5217 2822 5270 !
2854 5215 3065 5271 Cantus
3101 5216 3299 5271 evertit
3337 5232 3428 5271 au-

1861 5309 2077 5376 ditum,
2136 5294 2397 5379 aspectus
2445 5315 2671 5378 superat
2727 5317 2781 5363 et
2830 5310 3131 5377 prosternit
3183 5307 3433 5361 oculum.

1865 5399 2006 5455 Ilinc
2039 5399 2327 5455 muliebris
2353 5415 2524 5455 sonus
2550 5415 2646 5470 per
2674 5398 2899 5454 fractam
2928 5407 3188 5452 cantuum
3223 5399 3445 5452 harmo-

1862 5492 2008 5546 niam
2041 5504 2228 5545 secum
2265 5492 2432 5546 sumit
2466 5491 2533 5545 ad
2567 5504 2662 5545 cor
2691 5498 2746 5545 et
2779 5488 3000 5543 deducit
3031 5489 3245 5542 vitium.
3279 5491 3434 5543 Illinc

1861 5581 2014 5635 visus
2036 5588 2295 5651 tanquam
2325 5581 2506 5650 aliqua
2537 5579 2790 5634 machina
2816 5579 3013 5634 bellica
3039 5578 3092 5633 in
3116 5578 3339 5644 oculos,
3368 5596 3437 5635 eo

1863 5673 2006 5744 quod
2039 5671 2093 5727 in
2124 5689 2286 5728 aures
2318 5671 2574 5727 cautibus
2614 5671 2924 5727 incurrerat
2955 5670 3066 5742 jam
3103 5673 3314 5736 fracto,
3350 5673 3437 5727 in-
