3844 6360
375 494 484 549 675

1622 468 1681 525 S.
1715 463 2045 520 GRECORII
2082 463 2372 520 NYSSENI

3536 451 3637 507 676

376 617 645 663 currens,
688 586 882 653 evertit
924 593 1182 645 animam.
1232 583 1411 653 llujus
1456 588 1637 634 autem
1682 576 1818 631 aciei
1849 574 1957 629 dux

2090 578 2243 630 ὀίνυν
2265 574 2522 646 ὲγχέηται
2542 573 2641 643 μὲν
2669 571 2903 641 ἀφειδῶς
2924 570 3034 633 τοῖς
3075 568 3377 640 συμπόταις
3406 568 3436 622 ό
3464 569 3635 640 ἄκρα-

375 704 463 753 est
535 694 718 749 vinum
744 729 757 751 ,
813 685 958 756 quod
991 679 1159 736 veluti
1189 675 1411 747 quidam
1460 668 1748 740 improbus
1790 665 1955 735 sagit-

376 788 550 841 tarius
576 779 889 851 duplicibus
920 774 1043 829 telis
1069 769 1354 825 hominem
1383 761 1631 819 confodit
1651 800 1666 826 ,
1698 757 1765 812 ad
1794 771 1956 810 aures

375 886 431 933 et
461 850 931 941 oculosdirigeus
962 863 1202 919 aculeos.
1235 857 1472 912 Auditus
1498 854 1645 907 enim
1677 850 1844 904 telum
1875 853 1960 901 est

376 975 577 1025 cantus
595 1008 608 1030 ,
632 964 785 1018 visus
804 938 991 1015 autem
1016 954 1072 1010 id
1098 951 1244 1025 quod
1269 948 1533 1004 cernitur.
1557 941 1675 997 Non
1702 948 1788 995 est
1812 938 1958 993 enim

377 1060 586 1116 nudum
615 1072 677 1111 ac
702 1054 879 1110 solum
912 1060 1113 1104 nomen
1145 1043 1529 1114 poeillatorum
1555 1053 1585 1089 :-
1602 1032 1701 1090 sed
1728 1030 1959 1086 omnino

380 1168 447 1208 ex
478 1150 621 1204 facto
648 1155 703 1203 et
723 1161 788 1201 ex
809 1159 870 1199 re
894 1142 1012 1213 ipsa
1046 1139 1102 1192 lit
1131 1131 1533 1191 dcnominatio,
1557 1122 1792 1192 Quando
1823 1134 1957 1190 ergo

382 1226 631 1298 convivis
660 1234 883 1307 quidem
917 1210 1136 1285 abunde
1157 1234 1210 1281 et
1234 1226 1385 1278 laute
1414 1221 1604 1274 vinum
1628 1210 1962 1270 infunditur,

384 1334 515 1389 huic
542 1338 727 1386 autem
766 1326 933 1382 servit
967 1319 1277 1377 ministerio
1301 1316 1565 1385 juventus
1598 1313 1863 1363 exornata
1897 1299 1966 1354 ad

384 1421 887 1496 pulchritudinem,
916 1422 1010 1469 aut
1037 1411 1225 1483 pueris
1256 1422 1353 1481 per
1389 1408 1647 1459 ornatum
1680 1393 1966 1452 effemina-

389 1482 462 1567 tis
482 1550 497 1575 ,
531 1515 625 1563 aut
652 1511 817 1561 etiam
849 1482 970 1575 ipso
998 1482 1131 1564 sexu
1167 1494 1435 1551 feminino
1466 1492 1723 1544 versante
1756 1482 1970 1536 incon-

387 1602 570 1667 vivio,
608 1605 662 1653 et
700 1595 955 1666 benignis
994 1587 1416 1647 invitationibus
1458 1582 1735 1638 ﬂammam
1764 1570 1971 1627 excitat

391 1692 707 1753 indecoram
737 1707 750 1743 :
791 1688 986 1741 borum
1022 1681 1335 1738 studiorum
1372 1683 1666 1746 quemnam
1702 1679 1826 1720 esse
1858 1660 1972 1717 exi.-

391 1798 508 1839 tum
545 1790 631 1839 est
665 1773 1137 1836 consentaneum?
1180 1770 1284 1837 Qui
1332 1767 1477 1823 enim
1531 1754 1972 1825 uniuscujusque

390 1894 457 1934 ex
487 1876 554 1931 iis
578 1888 700 1943 qum
734 1871 868 1925 ﬁunt
911 1880 1134 1936 scopum
1168 1862 1273 1918 sibi
1317 1854 1610 1929 proponit,
1651 1844 1972 1903 curiositate

2058 686 2171 731 τος,
2206 666 2473 738 ὑπηρετεῖ
2507 665 2563 725 δὲ
2584 666 2648 734 τῇ
2673 661 2892 733 τοιαύτῃ
2921 659 3165 732 διακονίᾳ
3184 658 3374 731 νεότης
3403 662 3486 723 εἰς
3506 661 3638 713 κάλ-

2058 763 2149 822 λος
2177 755 2547 829 ὲξησκημένη,
2584 755 2618 822 ἢ
2657 753 2860 806 παίδων
2896 750 2986 805 διὰ
3035 749 3129 803 τοῦ
3169 750 3378 820 κόσμου
3421 748 3643 819 θηλυνοτ

2064 848 2262 918 μένων,
2290 845 2323 915 ἢ
2357 844 2450 898 καὶ
2484 841 2650 897 αὐτοῦ
2673 840 2765 893 τοῦ
2784 839 2989 910 θήλεως
3013 836 3206 906 γένους
3227 835 3642 906 ἀναπρεφομὲτ

2061 952 2153 989 νου
2184 934 2262 1004 τῷ
2293 932 2597 1004 συμποσίῳ,
2641 930 2737 984 καὶ
2776 931 2897 992 ταῖς
2929 926 3269 999 φιλοτησίαις
3300 925 3394 977 τὸν
3420 924 3642 995 ἀπρεπῆ

2062 1024 2323 1096 λογισμὸν
2367 1023 2686 1093 συγχέοντος
2714 1038 2728 1051 ·
2758 1021 2837 1084 εἰς
2870 1020 2923 1073 τί
2970 1036 3102 1071 ποτε
3134 1017 3284 1081 εἰκὸς
3318 1016 3646 1085 τελευτῆσαι

2062 1116 2162 1180 τὰς
2183 1115 2436 1178 τοιαύτας
2471 1112 2742 1176 σπουδάς;
2782 1111 2842 1164 'U
2860 1110 2970 1183 γὰρ
3002 1109 3203 1163 σκοπὸν
3256 1109 3490 1162 ἑκάστου
3538 1105 3645 1159 τῶν

2065 1204 2365 1275 γινομένων
2386 1203 2726 1272 ποιούμενος.
2755 1201 2849 1254 καὶ
2880 1198 3094 1271 παριὼν
3127 1200 3193 1270 τῇ
3224 1197 3524 1271 περιεργίᾳ
3550 1195 3648 1265 τὴν

2066 1295 2275 1367 χρείαν,
2299 1294 2447 1356 ὅπως
2489 1293 2587 1365 μὲν
2621 1291 3022 1362 κατακοσμήσει
3061 1287 3160 1352 τὰς
3201 1287 3301 1358 τὴν
3339 1283 3482 1356 ᾠδὴν
3518 1300 3647 1353 μου·

2068 1382 2425 1457 σουργούσας,
2468 1383 2586 1437 οἴαν
2613 1382 2671 1435 δὲ
2698 1380 2982 1451 περιθήσει
3018 1381 3137 1441 ταῖς
3157 1375 3526 1445 οἰνοχοούσαις
3552 1373 3649 1444 τὴν

2069 1476 2283 1547 στολὴν,
2306 1476 2513 1546 σιωπᾷν
2535 1475 2640 1546 χρὴ
2666 1474 2735 1527 τὰ
2761 1470 2982 1527 τοιαῦτα
3005 1470 3224 1541 μᾶλλον,
3256 1467 3348 1521 καὶ
3373 1466 3449 1538 μὴ
3478 1464 3652 1535 sese.

2069 1565 2249 1619 θόνειν
2296 1565 2375 1636 τῷ
2417 1564 2560 1637 λόγῳ
2604 1567 2671 1636 τῇ
2717 1563 2825 1617 τῶν
2857 1561 3111 1616 τοιούτων
3136 1561 3453 1630 ὑπογραφῇ,
3480 1557 3558 1620 ὡς
3584 1555 3652 1609 ἂν

2073 1657 2148 1729 μὴ
2177 1656 2244 1709 δι’
2284 1656 2454 1726 αὐτῆς
2477 1654 2833 1726 κατηγορίας,
2865 1654 3131 1720 ὲπιξαίνοι
3159 1654 3273 1715 τοῖς
3309 1649 3654 1721 ὲμπαθεστὲε

2073 1765 2188 1822 ροις
2215 1748 2248 1818 ἡ
2285 1749 2471 1820 μνήμη
2504 1748 2573 1802 τὰ
2592 1747 2881 1819 τραύματα
2904 1766 2919 1785 ν
2951 1747 3037 1801 διὰ
3068 1745 3244 1801 ταῦτα
3267 1745 3296 1797 ό
3313 1743 3537 1815 χρυσὸς,
3560 1741 3655 1794 καὶ

2072 1836 2214 1908 ὑπὲρ
2239 1836 2444 1890 τούτων
2468 1838 2497 1890 ό
2521 1837 2783 1909 ἄργυρος,
2811 1837 2899 1889 ἵνα
2918 1834 2987 1889 τὰ
3009 1833 3235 1888 τοιαῦτα
3258 1832 3656 1905 παρασκευάσῃ

392 1970 563 2024 nimia
608 1979 767 2022 usum
810 1959 1269 2033 praetermittens,
1307 1942 1767 2022 quemadmodum
1816 1940 1973 1989 ornet

2090 1928 2172 1998 Ξῆς
2200 1928 2409 2001 τρυφῆς
2434 1929 2795 2000 δελεάσματα.

392 2059 618 2130 quidem
653 2069 747 2111 eas
776 2066 898 2122 quae
954 2049 1200 2104 musicas
1248 2040 1582 2095 meditemur
1619 2026 1955 2087 cantilenas,

1994 2026 2048 2073 et
2085 2033 2195 2088 quo
2229 2018 2446 2073 ornabit
2479 2022 2607 2072 ιιιιιίι
2625 2027 2680 2072 ιιι
2717 2018 3081 2089 poeillatrices
3104 2059 3117 2079 .
3161 2025 3291 2073 sunt
3323 2016 3439 2071 haec
3474 2016 3658 2087 potius

394 2149 622 2215 tacenda
648 2189 662 2214 ,
698 2155 753 2203 et
785 2146 851 2200 ad
888 2144 1003 2198 haec
1037 2134 1400 2198 describenda
1438 2144 1549 2185 non
1588 2131 1675 2181 est
1711 2118 1962 2177 oratione
2000 2113 2410 2183 procedendum
2473 2114 2670 2177 altius,
2700 2130 2769 2169 ne
2811 2131 2905 2184 per
2930 2115 3072 2168 hanc
3135 2112 3653 2186 reprehensionem,

395 2247 464 2307 iis
497 2246 591 2316 qui
634 2248 759 2299 sunt
807 2238 972 2310 paulo
1016 2233 1192 2303 magis
1237 2225 1463 2285 obnoxii
1509 2219 1833 2277 ali'eetibus,
1887 2208 2115 2265 vulnera
2163 2206 2386 2263 reb'icet
2426 2210 2711 2265 memoria.
2761 2209 2987 2281 Propter
3034 2210 3149 2265 haec
3194 2218 3278 2265 est
3325 2225 3559 2275 aurum,
3603 2218 3659 2267 et

396 2355 496 2415 pro
517 2306 615 2392 Ihis
647 2343 731 2391 est
763 2306 1046 2404 argentum
1066 2369 1079 2392 ,
1117 2334 1178 2381 ut
1211 2325 1311 2379 has
1340 2325 1497 2393 paret
1528 2329 1685 2372 escas
1719 2306 2060 2365 deliciarum.

471 2430 611 2486 Num
646 2430 748 2482 hac
776 2400 851 2481 de
871 2438 1037 2478 causa
1074 2434 1196 2491 quae
1230 2425 1314 2473 est
1333 2431 1397 2469 ex
1418 2412 1703 2479 voluptate
1734 2400 1972 2461 aﬂ‘ectio,

400 2535 632 2592 serpens
664 2516 986 2571 nominatur
1033 2526 1062 2564 a
1101 2508 1408 2579 Scriptura,
1431 2501 1592 2571 cujus
1625 2499 1742 2552 haec
1768 2501 1854 2549 est
1878 2506 1975 2546 na—

400 2623 548 2677 tura,
582 2618 641 2664 ut
676 2609 722 2664 si
748 2614 917 2681 caput
956 2605 1148 2661 subeat
1183 2600 1326 2654 muri
1372 2606 1725 2664 compagem,
1759 2587 1978 2643 univer-

399 2721 495 2760 sus
544 2702 636 2774 qui
664 2676 920 2771 pone'cst
952 2701 1167 2750 tractus
1207 2690 1369 2747 simul
1400 2684 1759 2758 ingrediatur.
1808 2676 1972 2746 Ejus-

401 2769 835 2862 modi—estquod
862 2788 991 2844 dico
1016 2784 1204 2840 :Facit
1238 2790 1439 2836 natura
1469 2785 1530 2831 ut
1547 2776 1619 2829 sit
1649 2769 1962 2827 hominibus

404 2885 726 2948 necessaria
761 2880 1073 2945 habitatio;
1106 2876 1200 2931 sed
1231 2888 1328 2945 per
1349 2874 1501 2926 hunc
1527 2880 1686 2922 usum
1710 2862 1979 2931 voluptas

406 2974 634 3030 subiens
663 2986 759 3043 per
789 2971 985 3023 animae
1019 2979 1371 3037 compagem,
1402 2958 1682 3015 cont'ertit
1727 2965 1889 3007 usum
1922 2948 1980 3001 in

406 3064 701 3138 quamdam
741 3060 1160 3116 immoderatam
1186 3064 1241 3108 et
1262 3058 1648 3121 sumptuosam
1675 3053 1979 3098 ornamen-

406 3127 592 3214 torum
657 3149 1155 3224 magniﬁcentiam,
1208 3152 1264 3199 et
1325 3138 1574 3196 traduxit
1624 3132 1872 3191 studium
1910 3127 1978 3181 ad

406 3248 658 3319 quaedam
692 3245 872 3299 vineta
918 3248 971 3296 et
1009 3237 1276 3310 piscinas,
1324 3244 1378 3289 et
1408 3232 1627 3289 hortos.
1677 3235 1733 3280 et
1783 3224 1980 3276 horto-

2156 2397 2225 2449 Ἢ
2256 2396 2446 2453 τούτου
2474 2398 2654 2467 χάριν,
2695 2397 2755 2450 τὸ
2781 2394 2921 2451 κατὰ
2956 2396 3054 2467 τὴν
3096 2394 3286 2468 ἡδονὴν
3316 2396 3505 2460 πάθος,
3533 2397 3661 2465 δερις

2082 2489 2187 2547 ὑπὸ
2213 2493 2313 2561 τῆς
2346 2491 2570 2562 Γραφῆς
2599 2490 2945 2561 ὀνομάζεται,
3056 2491 3089 2561 ἠ
3136 2489 3296 2559 φύσις
3328 2491 3496 2549 ἐστὶν,
3542 2491 3591 2541 εί
3624 2491 3659 2560 ἡ

2082 2580 2292 2653 κεφαλὴ
2342 2583 2479 2654 πρὸς
2525 2583 2624 2654 τὴν
2656 2582 2922 2654 ἁρμονίαν
2965 2581 3059 2635 τοῦ
3100 2582 3277 2652 τοίχου
3329 2580 3658 2652 παραδυείη,

2081 2673 2259 2727 πάντα
2283 2672 2372 2726 τὸν
2396 2674 2627 2728 κατόπιν
2643 2674 2796 2728 ὁλκὸν
2820 2673 3251 2743 συνεισάγεσθαι.
3278 2667 3402 2727 Οίόν
3422 2691 3474 2725 τι
3495 2672 3661 2741 λέγων

2096 2767 2427 2835 Ἀναγκαίαν
2478 2769 2661 2832 αὐτοῖς
2712 2767 3020 2840 ἀνθρώποις
3069 2769 3213 2820 ποιεῖ
3267 2768 3299 2837 ἡ
3350 2765 3512 2835 φύσις
3565 2764 3665 2836 τὴν

2083 2859 2296 2930 οἴκησιν
2333 2878 2346 2890 ·
2396 2860 2531 2915 ἀλλὰ
2575 2861 2664 2914 διὰ
2708 2862 2807 2932 τῆς
2845 2860 3031 2932 χρείας
3061 2859 3296 2930 ταύτης,
3330 2860 3363 2930 ἡ
3398 2858 3564 2930 ἡδονὴ
3598 2860 3665 2929 τῇ

2090 2954 2329 3025 ἁρμονίᾳ
2349 2954 2446 3019 τῆς
2472 2954 2652 3024 ψυχῆς
2677 2953 3009 3026 παραδυεῖσα
3029 2957 3108 3018 είς
3141 2953 3378 3024 ἄμετρόν
3402 2969 3522 3005 τινα
3543 2950 3671 3003 καλ-

2083 3045 2369 3116 λωπισμοῦ
2404 3046 2773 3112 πολυτέλειαν,
2805 3046 2905 3120 τὴν
2939 3047 3127 3119 χρείαν
3170 3045 3531 3117 παρέτρεψεν.
3571 3042 3672 3097 καὶ

2086 3135 2187 3207 τὴν
2227 3137 2464 3208 σπουδὴν
2508 3138 2863 3207 μετεποίησεν
2903 3154 2916 3178 ν
2979 3133 3097 3190 εἶτα
3158 3136 3290 3207 πρὸς
3339 3133 3675 3205 ἀμπελῶνίίς

2088 3245 2259 3293 τινας,
2291 3230 2385 3283 καὶ
2412 3228 2799 3301 κολυμϐήθρας
2828 3230 2922 3283 καὶ
2955 3228 3314 3300 παραδείσους
3342 3228 3436 3281 καὶ
3465 3227 3536 3281 τὰ
3559 3228 3675 3280 τῶν

407 3356 531 3397 rum
566 3343 916 3394 ornamenta.
948 3330 1238 3399 Tanquam
1286 3338 1528 3394 serpens
1563 3316 1779 3386 adrepit
1823 3312 1982 3368 volu-

2093 3322 2285 3391 κήπων
2305 3320 2821 3392 ὲγκαλλωπίσματα,
2849 3319 3110 3392 μεθέρπει
3134 3319 3195 3374 τό
3219 3319 3403 3392 θηρίον
3422 3322 3456 3389 ἡ
3481 3319 3673 3389 ἡδονή.

411 3441 559 3504 ptas,
603 3434 796 3502 postea
830 3434 1014 3480 autem
1036 3418 1297 3491 superbia
1340 3418 1394 3469 in
1422 3412 1682 3468 verticem
1724 3404 1985 3474 assurgit,

411 3499 837 3595 arroga—ntiaque
888 3524 942 3571 et
984 3513 1129 3568 fastu
1205 3503 1677 3567 circumvolvitur,
1722 3499 1989 3554 adversus

412 3632 517 3674 eos
534 3591 628 3687 qui
663 3620 794 3670 sunt
822 3607 1070 3679 ejusdem
1118 3602 1338 3674 generis
1367 3598 1474 3654 sibi
1507 3594 1855 3663 subjungens
1892 3591 1989 3643 im-

416 3709 651 3784 perium.
718 3701 851 3757 Post
890 3700 1007 3753 haec
1034 3709 1223 3752 secum
1270 3690 1495 3745 attrahit
1528 3693 1769 3741 tractum
1824 3696 1991 3752 pecu-

414 3799 522 3857 nize
539 3795 895 3869 cupiditatis,-
954 3803 1118 3860 quam
1144 3783 1464 3842 necessario
1491 3781 1743 3850 sequitur
1791 3777 1992 3830 intem-

424 3891 702 3964 perantia,
738 3901 858 3956 qua!
890 3890 977 3939 est
1012 3881 1208 3936 ultima
1241 3886 1294 3933 et
1314 3875 1506 3932 caudae
1537 3875 1714 3927 instar
1730 3870 1993 3925 obtinens

420 3958 549 4054 pars
580 3979 814 4036 feritatis
843 3990 962 4045 qua:
986 3983 1072 4028 est
1101 3986 1166 4024 ex
1195 3969 1498 4038 voluptate.
1536 3962 1644 4018 Sed
1673 3977 1790 4032 quo
1826 3958 1989 4013 modo

420 4048 532 4131 non
560 4076 742 4141 potest
773 4079 1005 4134 serpens
1052 4059 1261 4115 attrahi
1308 4058 1376 4112 ab
1405 4063 1656 4111 extrema
1695 4060 1850 4122 parte
1882 4048 1995 4118 spi-

421 4182 506 4222 nae
541 4162 693 4218 dorsi
715 4173 914 4228 nempe
952 4171 983 4210 a
1039 4153 1239 4216 cauda,
1287 4165 1414 4205 cum
1467 4161 1714 4218 squamae
1757 4150 1995 4199 natura-

422 4259 549 4312 liter
576 4260 771 4308 contra
809 4249 1082 4305 resistant
1139 4245 1210 4301 iis
1247 4244 1344 4314 qui
1410 4239 1732 4294 attrahunt:
1766 4237 1848 4290 ira
1887 4247 1998 4288 non

425 4352 554 4406 licet
578 4349 645 4403 ab
679 4346 872 4401 ultimo
906 4343 1152 4413 incipere
1182 4338 1460 4409 expellere
1482 4350 1550 4391 ex
1591 4333 1780 4387 anima
1836 4330 2000 4385 ulcus

421 4440 744 4512 voluptatis,
798 4437 907 4492 nisi
957 4435 1103 4489 malo
1156 4431 1398 4503 primum
1436 4429 1756 4497 ingressum
1827 4423 1997 4476 inter-

423 4533 678 4591 cluseris.
727 4527 1101 4596 Quamobrem
1156 4529 1320 4593 caput
1350 4519 1472 4588 ejus
1500 4518 1802 4573 observare
1843 4512 2003 4582 jubet

2091 3415 2238 3468 Μετὰ
2273 3414 2445 3469 ταῦτα
2487 3412 2906 3485 ὲπικορυφοῦται
2951 3415 3019 3484 τῇ
3060 3410 3425 3483 ὑπερηφανία,
3466 3411 3559 3464 καὶ

2090 3508 2244 3578 τύφῳ
2272 3507 2693 3578 περιελίσσεται,
2724 3507 2822 3576 τὴν
2857 3506 3001 3559 κατὰ
3039 3506 3146 3558 τῶν
3179 3502 3466 3574 ὁμοφύλων
3494 3503 3679 3573 ἀρχὴν

2092 3603 2259 3671 ἑαυτῇ
2302 3598 2665 3663 ὑποζεύξασα.
2737 3598 2861 3651 Ἐπὶ
2898 3597 3107 3662 τούτοις
3144 3597 3235 3650 τὸν
3272 3595 3372 3665 τῆς
3409 3593 3676 3665 φιλοχρη-

2097 3694 2293 3765 ματίας
2323 3692 2478 3746 ὁλκὸν
2511 3690 2850 3762 ὲπισύρεται,
2880 3682 2924 3758 ᾧ
2951 3687 3093 3743 κατᾶ
3117 3689 3362 3759 ἀνάγκην
3395 3687 3589 3739 ’ἐπεται
3614 3685 3678 3738 τὸ

2093 3784 2389 3841 ἀκόλαστον
2408 3823 2422 3844 ,
2476 3783 2535 3836 τὸ
2573 3782 2797 3852 ἔσχατόν
2846 3797 2905 3835 τε
2954 3780 3049 3834 καὶ
3094 3781 3309 3850 οὐραῖον
3363 3778 3527 3850 μέρος
3571 3776 3680 3844 τῆς

2096 3876 2236 3931 κατὰ
2257 3875 2352 3949 τὴν
2386 3872 2579 3945 ἡδονὴν
2605 3871 2939 3945 θηριώσεως.
2985 3869 3125 3923 Ἀλλ’
3165 3869 3355 3941 ὥσπερ
3393 3869 3495 3921 οὐκ
3528 3866 3681 3920 ἐστιν

2096 3969 2160 4021 ὲκ
2187 3966 2279 4021 τοῦ
2319 3965 2537 4037 οὐραίου
2578 3964 2679 4035 τῆς
2713 3962 2909 4035 ῥαχίας
2955 3963 3046 4017 τὸν
3091 3963 3212 4031 ὅφιν
3256 3957 3679 4029 ἀνελκυσθῆναι,

2098 4058 2341 4129 φυσικῶς
2374 4057 2472 4127 τῆς
2507 4056 2717 4126 φολίδος
2753 4054 2890 4126 πρὸς
2923 4054 2984 4107 τὸ
3034 4054 3267 4125 ἔμπαλιν
3298 4054 3409 4115 τοῖς
3450 4051 3681 4120 ἐφελκο-

2102 4152 2285 4224 μένοις
2313 4148 2725 4219 ἁντιόαινούσης
2743 4166 2757 4187 ν
2795 4147 2966 4209 οὕτως
2989 4148 3087 4201 οὐκ
3107 4146 3250 4200 ἔστιν
3272 4146 3336 4199 ἐκ
3356 4145 3462 4198 τῶν
3491 4147 3685 4198 τελευ-

2097 4244 2265 4298 ταίων
2299 4241 2566 4314 ἄρξασθαι
2599 4242 2696 4310 τῆς
2720 4239 2898 4311 ψυχῆς
2928 4238 3211 4304 ὲξοικίζειν
3238 4239 3335 4309 τὴν
3362 4238 3459 4307 τῆς
3481 4236 3687 4306 ἡδονῆς

2100 4334 2393 4407 egenam,
2438 4335 2485 4387 εἰ
2536 4334 2611 4403 μή
2654 4322 2738 4395 τις
2769 4330 2846 4402 τῷ
2884 4330 3037 4402 κακῴ
3079 4331 3180 4400 τὴν
3218 4328 3440 4400 πρώτην
3472 4326 3686 4380 εἴσοδον

2100 4426 2463 4485 ἀποκλείσειε.
2501 4424 2592 4477 Διὸ
2627 4422 2720 4477 καὶ
2752 4423 2849 4495 τὴν
2878 4420 3120 4493 κεφαλὴν
3138 4419 3305 4474 αὑτοῦ
3338 4420 3621 4489 ἐπιτηρεῖν
3657 4418 3688 4471 ό

2102 4520 2202 4589 τῆς
2237 4517 2440 4589 ἀρετῆς
2478 4515 2764 4588 ύφηγητὴς
2805 4514 3173 4584 ὲγκελεύεται,
3207 4512 3446 4583 κεφαλὴν
3479 4511 3688 4580 ὀνομά-

428 4633 729 4696 ριαιεοριοι*
758 4619 1002 4681 virtutis,
1058 4614 1277 4671 initium
1309 4612 1427 4667 vitii
1458 4619 1623 4680 caput
1675 4607 1984 4668 nominans.

2107 4613 2213 4677 ζων
2246 4611 2345 4683 τὴν
2381 4611 2553 4683 ἀρχὴν
2595 4610 2695 4701 τῆς
2732 4609 2958 4673 κακίας,
2996 4601 3065 4678 ἦς
3103 4608 3176 4678 μὴ
3226 4602 3686 4677 παραδεχθείσης,

424 4733 536 4789 quo
564 4732 674 4771 non
709 4698 976 4776 admisso,
1007 4710 1062 4765 id
1089 4708 1232 4779 quod
1259 4712 1452 4768 restat,
1471 4711 1557 4758 est
1589 4702 1809 4756 irritum
1838 4706 1889 4753 et
1915 4697 2000 4750 in-

427 4809 639 4865 eﬂicax.
677 4805 784 4879 Qui
839 4806 984 4861 enim
1023 4802 1247 4857 omnino
1300 4807 1386 4854 est
1432 4795 1624 4851 hostili
1689 4801 1744 4849 et
1796 4791 2000 4846 infesto

428 4902 613 4956 animo
644 4884 911 4953 adversus
950 4895 1312 4963 voluptatem,
1364 4905 1473 4944 non
1517 4886 1853 4955 subjicietur
1885 4883 2003 4936 sin-

427 4991 714 5064 gularibus
754 4987 874 5042 vitii
906 4986 1234 5041 insultibus.
1279 4982 1382 5049 Qui
1414 4988 1592 5037 autem
1629 4977 1750 5032 vitii
1781 4976 2001 5030 initium

428 5082 676 5141 admisit,
701 5088 872 5135 totam
894 5080 948 5133 in
981 5094 1040 5134 se
1071 5076 1236 5132 simul
1271 5073 1494 5129 admisit
1522 5070 1781 5125 bestiam.
1808 5069 2006 5133 Quam-

429 5176 617 5230 obrem
649 5189 773 5229 cum
797 5172 981 5225 omnia
1021 5176 1172 5224 esset
1215 5172 1562 5238 persecutus,
1595 5162 1687 5233 qui
1728 5156 2003 5229 ejusmodi

431 5267 564 5320 vitia
596 5265 914 5336 proferebat
968 5263 1021 5317 in
1058 5261 1362 5330 publicum,
1412 5259 1465 5311 in
1497 5269 1768 5311 summam
1822 5254 2004 5325 locum

431 5357 653 5429 redigit.
715 5355 851 5411 Nam
880 5372 1004 5409 cum
1036 5352 1286 5408 dixisset
1323 5352 1392 5405 ab
1423 5350 1611 5415 initio,
1662 5346 2006 5418 Magniticavi

432 5463 570 5516 Opus
613 5463 818 5511 meum,
861 5446 1196 5502 nuncetiam
1246 5444 1591 5513 singulorum
1637 5456 1759 5509 quae
1790 5439 2009 5493 accide-

434 5546 561 5588 runt
614 5536 1013 5604 expositionem
1058 5534 1379 5605 subiungit.
1415 5526 1801 5599 Magniﬁeatus
1856 5546 2005 5592 sum,

433 5621 632 5692 inquit,
655 5623 956 5677 ostendens
994 5623 1140 5693 quod
1178 5638 1285 5677 non
1336 5635 1433 5691 per
1462 5621 1713 5689 quaedam
1745 5635 1913 5688 parva
1958 5620 2007 5674 ιιί

434 5715 839 5767 contrariorum
871 5715 1085 5769 exstitit
1118 5715 1364 5785 cognitio
1388 5731 1400 5766 :
1422 5713 1516 5767 sed
1544 5713 1617 5765 ita
1651 5721 1709 5765 ut
1745 5711 1811 5765 ad
1849 5728 2006 5766 sum-

434 5819 576 5861 mam
597 5807 1030 5874 magnitudinem
1054 5808 1101 5861 ei
1123 5805 1455 5876 processerit
1473 5804 1836 5873 experientia.
1870 5804 2009 5857 adeo

442 5912 497 5954 ut
521 5898 676 5953 nulla
703 5897 967 5951 similium
1000 5900 1261 5952 memoria
1292 5913 1391 5968 par
1421 5897 1491 5951 sit
1517 5899 1567 5951 in
1606 5898 1672 5951 iis
1700 5898 1788 5966 qui
1826 5898 2003 5966 ipsum

2104 4702 2381 4772 ἄπρακτόν
2411 4702 2524 4755 ἐστι
2568 4699 2630 4753 τὸ
2666 4699 3001 4767 λειπόμενον.
3050 4697 3109 4749 ’0
3142 4698 3249 4766 γὰρ
3278 4694 3504 4749 καθόλου
3541 4692 3689 4761 πρὸς

2104 4794 2202 4865 τὴν
2228 4793 2420 4865 ἡδονὴν
2451 4791 2723 4863 πολεμίως
2754 4789 3088 4861 προστεθεὶς,
3120 4789 3219 4841 οὐκ
3261 4788 3328 4841 ἂν
3368 4788 3484 4849 ταῖς
3523 4801 3591 4853 με
3604 4801 3691 4856 ρι-

2106 4888 2229 4949 καῖς
2262 4882 2589 4955 προσόολαῖς
2622 4883 2714 4936 τοῦ
2756 4882 2959 4945 πάθους
3007 4878 3326 4949 ὑπενεχθείη
3351 4896 3363 4910 ·
3415 4878 3443 4930 ό
3490 4876 3546 4928 δὲ
3581 4878 3689 4946 τὴν

2106 4977 2281 5051 ἀρχὴν
2332 4976 2424 5029 τοῦ
2463 4974 2666 5038 πάθους
2697 4973 3114 5045 ὑποδεξάμενος,
3159 4973 3302 5026 ἆπαν
3329 4974 3385 5024 ὲν
3415 4965 3592 5036 ἑαυτῷ
3628 4969 3690 5022 τὸ

2107 5069 2296 5143 θηρίον
2329 5066 2793 5139 συμπαρεὸέξατο.
2823 5066 2921 5120 Διὰ
2947 5066 3105 5120 τοότο
3144 5065 3319 5119 πάντα
3345 5060 3631 5128 διεξελθὼν
3659 5063 3689 5115 ὁ

2109 5167 2177 5221 τὰ
2204 5164 2428 5220 τοιαῦτα
2456 5162 2793 5235 δημοσιεύων
2815 5162 2985 5230 πάθη,
3022 5161 3112 5214 ἐπὶ
3142 5158 3416 5227 κεφαλαίῳ
3442 5153 3689 5225 ἀναλαμ-

2109 5259 2259 5317 ϐάνει
2288 5257 2376 5310 τὸν
2412 5254 2587 5324 λόγον.
2613 5254 2795 5307 Εἰπὼν
2820 5252 2930 5325 γὰρ
2954 5251 3014 5316 ἐξ
3035 5250 3208 5322 ἀρχῆς
3230 5251 3312 5325 ὅτι
3348 5245 3689 5318 Ἐμεγὰλυνα

2112 5350 2325 5421 ποίημά
2350 5365 2478 5423 μοιξ
2516 5350 2609 5402 καὶ
2634 5348 2728 5401 νῦν
2758 5347 2954 5416 ἐπάγει
2988 5345 3084 5417 τὴν
3116 5345 3209 5398 ἐπὶ
3241 5344 3439 5415 μέρους
3469 5340 3687 5394 ἔκθεσιν

2111 5441 2219 5495 τῶν
2250 5440 2571 5510 γεγονότων,
2615 5439 2696 5492 ὅτι
2737 5435 3143 5508 Ἐμεγαλύνθην
3178 5451 3191 5464 ο
3248 5434 3460 5496 δεικνὺς
3491 5432 3574 5486 ὅτι
3622 5431 3686 5483 οὐ

2108 5531 2196 5586 διὰ
2246 5530 2458 5602 μικρῶν
2508 5546 2666 5583 τινων
2711 5529 2935 5597 γέγονεν
3000 5525 3148 5597 αὐτῷ
3192 5525 3302 5578 τῶν
3354 5524 3609 5579 ἐναντίων
3651 5523 3684 5591 ἠ

2109 5624 2311 5693 γνῶσις
2333 5641 2346 5654 ·
2378 5622 2493 5676 ἀλλ’
2525 5622 2599 5687 ὡς
2630 5624 2709 5685 εἰς
2730 5621 2793 5674 τὸ
2824 5620 3122 5692 ἀκρότατον
3151 5618 3378 5690 μέγεθος
3408 5615 3685 5687 προελθεῖν

2110 5717 2208 5785 τὴν
2242 5717 2460 5785 πεῖραν,
2506 5712 2581 5775 ὡς
2631 5710 2899 5783 μηδεμίαν
2941 5709 3052 5763 τῶν
3089 5709 3291 5779 ὁμοίων
3337 5709 3577 5777 μνήμην,
3627 5708 3686 5757 ἐν

2110 5806 2223 5867 τοῖς
2271 5803 2377 5874 πρὸ
2422 5802 2591 5856 αὑτοῦ
2636 5802 3023 5870 γεγενημένοις
3065 5799 3126 5854 τὸ
3176 5800 3287 5854 ἴσον
3334 5799 3495 5869 ἔχειν.
3550 5799 3687 5865 Φησὶ

2115 5896 2242 5966 γὰρ,
2271 5895 2351 5947 ὅτι
2392 5912 2410 5946 ι
2451 5893 2875 5964 Ἐμεγαλύνθην,
2911 5912 2928 5944 ι
2980 5893 3071 5946 καὶ
3103 5892 3426 5963 προσέθηκε,
3482 5910 3497 5939 ι
3532 5888 3685 5957 Παρὰ
