3844 6422
209 475 304 528 οη

1256 479 1319 532 IN
1361 479 1898 538 ECCLESHSTEN.
1935 481 2214 537 HOMIle
2257 481 2323 536 IV

3359 487 3462 542 073

210 593 410 655 πάντας
433 594 557 657 τοὺς
588 596 911 666 γενομένους
943 596 1252 668 ἔμπροσθέν
1281 617 1382 670 μου
1413 603 1472 654 ὲν
1519 602 1774 673 Ἰερουσα-

1888 608 2314 673 prazcesserunt.
2362 599 2504 656 Dicit
2537 601 2686 658 enim
2717 617 2731 656 :
2777 621 2794 655 ι
2821 601 3204 674 Magniﬁcatus
3255 620 3401 667 smn.
3435 629 3454 662 ι

209 683 366 753 inp,»
387 686 481 744 καὶ
502 687 622 739 ὅτου
641 687 800 758 χάριν
832 688 1254 758 προπαιδευθεὶς
1287 691 1433 762 πάσῃ
1463 694 1623 765 σοφίᾳ
1645 695 1780 764 πρὸς

207 776 303 846 τὴν
331 775 440 830 τῶν
490 779 746 834 τοιούτων
777 779 1013 852 κατῆλθε
1047 783 1275 852 πεῖραν,
1311 781 1534 851 νῦνιτὸν
1581 785 1780 840 σκοπὸν

209 863 522 937 ἑξεκάλυψε.
573 887 591 920 ι
621 869 790 939 Σοφία
820 871 930 942 γάρ
979 889 1110 942 μου,
1139 873 1326 942 φησὶν.
1362 873 1563 945 ἐστάθη
1611 891 1722 944 μοι.
1754 894 1772 927 ι

206 957 462 1028 Σημαίνει
490 959 547 1012 δὲ
576 959 663 1014 διὰ
703 960 814 1016 τῶν
857 961 1182 1033 είρημένων,
1223 963 1307 1016 δτι
1335 961 1430 1019 Διὰ
1461 967 1556 1035 τῆς
1589 965 1782 1033 σοφίας

205 1049 653 1123 ἀνηρευνησάμην
699 1054 880 1108 πᾶσαν
922 1054 1326 1126 ἀπολαυστικὴν
1372 1057 1638 1121 ἐπίνοιαν,
1686 1058 1780 1111 καὶ

122 1137 133 1156 ⁸
205 1139 317 1194 ἔστι
344 1158 444 1212 μου
469 1145 503 1214 ἡ
537 1143 747 1198 διάνοια
775 1146 866 1200 ἐπὶ
893 1145 986 1201 τοῦ
1014 1149 1317 1220 ἀκροτάτου
1348 1143 1458 1201 τῶν
1483 1151 1541 1202 ἐν
1571 1149 1780 1214 τούτοις

205 1234 624 1305 εὑρισκομένων.
659 1239 734 1294 Ἥ
759 1255 816 1293 τε
863 1237 986 1308 ὀψις
1025 1243 1092 1311 τῇ
1141 1239 1406 1312 ἐπιθυμίᾳ
1451 1241 1778 1312 συνήργησε,

204 1327 292 1379 καὶ
321 1328 355 1396 ἠ
401 1325 721 1398 προαίρεσις
763 1329 852 1384 διὰ
893 1330 996 1401 τῆς
1042 1332 1154 1386 τῶν
1201 1332 1378 1402 ὄψεων
1426 1333 1622 1404 ἡδονῆς
1672 1333 1781 1388 τῶν

202 1416 554 1487 καταθυμίων
586 1420 888 1492 ὲνεφορήθη
910 1437 925 1452 ο
965 1422 1043 1486 ὡς
1075 1423 1239 1495 μηδὲν
1264 1423 1643 1495 ὲπιλειφθῆναι
1673 1426 1780 1479 τῶν

202 1509 276 1570 είς
305 1507 609 1563 ἀπόλαυσιν
637 1511 1040 1584 ὲπινοουμένων
1057 1531 1072 1547 ο
1122 1514 1258 1570 ἀλλά
1280 1533 1372 1586 μοι
1396 1514 1652 1582 γενέσθαι
1684 1534 1781 1586 με-

202 1597 318 1668 ρίδα
353 1601 596 1670 κτήσεως
629 1603 728 1672 τὴν
751 1605 860 1657 τῶν
889 1605 1008 1658 καθ’
1032 1606 1229 1676 ἡδονὴν
1263 1608 1554 1678 μετουσίαν
1579 1625 1594 1646 ι
1639 1609 1780 1679 ὅπερ

197 1690 350 1750 οὐδὲν
386 1690 515 1746 ἄλλο
561 1694 847 1764 σημαίνειν
877 1713 967 1766 μοι
997 1697 1266 1766 φαίνεται,
1301 1699 1334 1770 ἢ
1369 1701 1450 1753 ὅτι
1487 1700 1780 1772 Περιέσχον

197 1783 252 1834 ὲν
282 1783 508 1855 ἐμαυτῷ
536 1787 714 1840 πᾶσαν
763 1787 1168 1860 ἀπολαυστικὴν
1214 1792 1480 1856 ἐπίνοιαν,
1525 1787 1634 1849 οἷον
1671 1794 1778 1847 ἀπό

196 1889 337 1938 τινος
377 1877 655 1946 κτήματος
701 1879 801 1950 τὴν
839 1879 1178 1951 εὐφροσύνην
1205 1882 1312 1935 ἀπὺ
1340 1882 1447 1936 τῶν
1478 1884 1776 1954 γινομένων

195 1969 602 2039 καρπούμενος.

1882 705 1936 751 et
1965 694 2213 764 adjecit:
2253 711 2272 746 ι
2297 693 2499 750 l’ratter
2541 708 2736 752 omnes
2791 699 2886 767 qui
2945 697 3169 754 fuerunt
3199 709 3328 756 ante
3371 717 3462 757 me

1882 783 1936 838 in
1963 781 2326 848 llierusalem,
2347 801 2367 834 ι
2403 790 2458 838 et
2491 798 2733 853 quanam
2764 785 2832 840 de
2857 800 3024 840 causa
3069 787 3226 856 prius
3269 789 3462 843 erudi-

1880 883 1970 931 tus
1993 875 2142 929 omni
2178 875 2472 944 sapientia,
2497 877 2797 931 accesserit
2825 877 2892 931 ad
2923 876 3236 934 faciendum
3267 893 3459 937 earum

1879 981 2063 1021 rerum
2094 967 2424 1036 periculum,
2459 967 2772 1022 institutum
2797 976 2852 1022 et
2880 983 3108 1040 scopum
3145 984 3296 1025 nunc
3323 985 3457 1042 ape-

1880 1059 2012 1113 ruit.
2048 1077 2065 1110 ι
2092 1057 2378 1130 Sapientia
2417 1059 2565 1114 enim
2609 1075 2728 1115 mea
2783 1060 2964 1116 astitit
3011 1062 3168 1117 mihi.
3201 1081 3221 1116 ι
3271 1061 3462 1134 Signi-

1880 1150 2202 1205 licatautem
2227 1166 2326 1222 per
2359 1166 2422 1206 ea
2453 1167 2576 1222 qua:
2615 1153 2762 1206 dicta
2791 1160 2940 1218 sunt,
2983 1153 3125 1222 quod
3163 1153 3461 1226 [nvestiga-

1877 1241 1932 1295 vi
1987 1239 2256 1310 quidquid
2317 1255 2414 1309 per
2449 1241 2776 1310 sapientiam
2815 1241 2882 1298 ad
2937 1241 3228 1298 fruendum
3279 1250 3461 1312 potest

1879 1315 2208 1402 excogitari,
2267 1341 2322 1386 et
2375 1347 2494 1387 mea
2529 1314 3079 1402 versatur'cogitatio
3127 1336 3182 1387 in
3234 1348 3455 1388 summo

1879 1437 2070 1478 eorum
2141 1438 2262 1492 qua:
2301 1423 2358 1477 in
2405 1422 2493 1477 his
2537 1423 2916 1478 inveniuntur.
2970 1425 3160 1494 Itaque
3207 1432 3262 1478 et
3305 1425 3462 1480 visus

1881 1529 2038 1585 Opem
2101 1516 2226 1570 tulit
2271 1516 2588 1586 cupiditati,
2634 1525 2688 1572 et
2741 1516 2972 1570 liberum
3033 1517 3322 1572 arbitrium
3367 1532 3462 1588 per

1878 1607 2216 1677 voluptatem
2253 1622 2444 1662 eorum
2493 1623 2615 1678 quae
2657 1617 2988 1674 cernuntur,
3025 1610 3296 1682 repletum
3359 1611 3464 1666 fuit

1881 1697 1950 1753 iis
1974 1713 2096 1767 quae
2117 1699 2537 1768 erantjucunda
2567 1709 2620 1754 et
2660 1699 3008 1756 delcctabilia
3041 1719 3056 1756 :
3114 1703 3253 1758 adeo
3290 1710 3350 1757 ut
3385 1703 3462 1758 ni-

1879 1789 1958 1844 hil
2019 1799 2166 1846 esset
2220 1791 2488 1860 reliquum
2543 1807 2610 1846 ex
2666 1792 2734 1847 iis
2776 1806 2899 1862 quae
2954 1794 3337 1864 excogitantur
3394 1793 3463 1852 ad

1881 1877 2196 1946 fruendum,
2239 1881 2334 1934 sed
2386 1897 2513 1952 pars
2553 1884 2926 1952 possessionis
2967 1891 3117 1939 esset
3153 1885 3284 1943 mihi
3337 1899 3463 1955 par-

1804 1963 2124 2042 Bticipatio
2199 1987 2393 2027 eorum
2446 1990 2566 2044 qua:
2622 1983 2876 2044 spectant
2938 1976 3008 2029 ad
3073 1977 3456 2046 voluptatem:

193 2061 336 2130 quod
385 2059 605 2129 quidem
643 2059 783 2115 nihil
813 2061 963 2115 aliud
999 2061 1217 2118 videtur
1264 2063 1397 2118 mihi
1465 2063 1801 2134 significare,
1843 2076 2010 2132 Quam
2076 2064 2136 2117 ln
2182 2063 2396 2132 nieipso
2426 2065 2824 2134 comprehendi
2853 2065 3126 2136 quidquid
3170 2065 3239 2120 ad
3283 2064 3462 2120 fruen~

193 2156 319 2211 dum
359 2163 538 2226 potest
570 2157 892 2226 excogitari,
931 2167 989 2211 ut
1016 2165 1276 2228 tanquam
1312 2160 1752 2230 exfpossessione
1791 2158 1974 2229 aliqua
2003 2173 2068 2212 ex
2101 2157 2166 2212 iis
2191 2174 2309 2226 quae
2339 2167 2460 2213 orta
2509 2169 2642 2214 sunt
2704 2161 2950 2218 laetitiam
3024 2162 3364 2233 colligerem.

266 2269 285 2302 ι
313 2249 432 2304 Οὐκ
456 2247 785 2302 ἀπεκώλυσα
811 2250 920 2321 γὰρ
949 2252 1046 2322 τὴν
1077 2252 1302 2324 καρδίαν
1326 2270 1426 2322 μου
1453 2255 1559 2307 ἀπὸ
1590 2253 1772 2316 πάσης

190 2341 531 2413 εὐφροσύνης
563 2355 577 2370 '
632 2342 726 2394 καὶ
759 2344 791 2412 ἡ
838 2342 1034 2412 καρδία
1067 2361 1168 2414 μου
1203 2344 1478 2416 εὐφράνθη
1521 2347 1578 2398 ὲν
1611 2346 1772 2398 παντὶ

195 2433 383 2503 μόχθῳ
415 2449 516 2502 μου
536 2449 550 2467 ο
583 2431 677 2484 καὶ
704 2430 861 2485 τοῦτο
888 2432 1106 2500 ἐγένετο
1137 2434 1293 2509 μερίς
1331 2451 1430 2504 μου
1461 2436 1552 2488 ἐπὶ
1575 2435 1772 2500 παντὸς

193 2525 398 2596 μόχθου
429 2541 528 2594 μου
549 2541 562 2554 ·
601 2543 619 2576 ι
677 2525 870 2597 μερίδα
905 2525 1004 2596 τὴν
1044 2526 1240 2597 κτῆσιν
1266 2527 1459 2596 λέγων.
1505 2529 1657 2581 Ἐπεὶ
1680 2523 1773 2582 οὖν

189 2617 436 2688 διεξῆλθε
461 2617 558 2687 τὴν
581 2617 672 2669 ἐπὶ
704 2617 902 2687 μέρους
933 2617 1160 2690 τρυφὴν,
1193 2619 1288 2672 ἀπ’
1315 2619 1489 2689 ἀρχῆς
1515 2620 1594 2682 εἰς
1623 2618 1772 2683 τέλος

191 2709 533 2780 ἐπιδραμὼν,
585 2710 677 2764 καὶ
719 2709 894 2762 πάντα
939 2709 1018 2780 τῷ
1067 2709 1209 2780 λόγῳ
1254 2709 1555 2776 διεξελθὼν,
1589 2709 1654 2762 δι’
1697 2701 1772 2762 ὧν

189 2805 298 2866 τοῖς
351 2801 719 2855 ἀπολαύουσιν
762 2802 818 2853 αἱ
861 2801 1042 2872 ἡδοναὶ
1089 2801 1526 2872 συνεγείρονται,
1569 2801 1637 2854 τὰ
1668 2799 1773 2854 τῶν

191 2894 448 2964 οίκοδομη
459 2893 642 2963 μάτων
662 2892 861 2962 κάλλη,
877 2893 999 2956 τοὺς
1025 2893 1376 2963 ἀμπελῶνας,
1395 2894 1520 2954 τοὺς
1544 2895 1771 2962 κήπους-ς

191 2985 290 3048 τὰς
317 2983 730 3058 κολυμΰήθρας,
764 2985 891 3048 τοὺς
945 2985 1322 3056 παραδείσους,
1361 2987 1460 3054 τὴν
1495 2985 1636 3038 κατά
1666 2984 1772 3037 τῶν

191 3074 483 3143 ὁμοφύλων
507 3073 700 3146 ἀρχὴν,
731 3075 828 3145 τὴν
855 3073 960 3128 τῶν
995 3077 1292 3146 χρημάτων
1317 3075 1653 3146 περισσείαν,
1675 3075 1773 3147 τὴν

193 3167 249 3220 ἐν
277 3172 394 3230 τοῖς
424 3169 744 3238 συμποσίοις
788 3167 925 3240 πρὸς
961 3169 1058 3232 τὰς
1093 3169 1361 3241 θυμηδίας
1396 3157 1769 3242 παρασκευὴν,

191 3260 393 3323 πάντα.
451 3257 631 3324 καθὼς
675 3261 964 3332 ὀνομάζει,
1011 3261 1080 3314 τὰ
1123 3263 1535 3333 ὲντρυφήματα,
1584 3265 1642 3315 ἐν
1693 3257 1773 3328 οἷς

191 3350 550 3424 ἀπησχολήθη
574 3352 740 3406 αὑτοῦ
771 3357 804 3424 ἡ
834 3353 1016 3421 σοφία,
1045 3352 1113 3406 τὰ
1133 3353 1356 3409 τοιαῦτα
1377 3353 1774 3424 διερευνωμένη

190 3443 282 3496 καὶ
334 3447 417 3507 είς
459 3445 701 3497 ἐπίνοιαν
750 3445 996 3514 ἄγουσα,
1041 3439 1114 3498 ὧν
1148 3445 1573 3499 ἀπολελαυκέναι
1618 3445 1770 3516 φησὶ,

189 3533 277 3586 διὰ
322 3537 508 3608 πάσης
562 3535 900 3606 αἰσθήσεως,
948 3536 1056 3590 τῶν
1094 3553 1152 3590 τε
1197 3535 1490 3606 ὀφθαλμῶν
1531 3536 1598 3588 τὰ
1635 3537 1772 3607 πρὸς
1798 3554 1841 3611 C

187 3624 904 3698 ἠὼνὴνέύρισκόντων,τῆς
923 3644 978 3680 τε
997 3626 1170 3697 ψυχῆς
1191 3627 1418 3696 ἐχούσης
1445 3627 1551 3679 πᾶν
1573 3626 1632 3678 τὸ
1655 3627 1772 3678 κατ’

188 3711 491 3785 ἐπιθυμίαν
541 3715 847 3780 ἀκώλυτον,
895 3715 1015 3769 τότε
1063 3715 1163 3786 τὴν
1211 3713 1432 3786 πρώτην
1484 3714 1773 3786 ἑρμηνεύει

188 3805 398 3877 φωνὴν,
424 3805 493 3878 ἢν
513 3807 572 3859 ὲν
595 3807 900 3880 προοιμίοις
928 3805 1021 3860 τοῦ
1044 3805 1204 3874 λόγου
1230 3805 1542 3876 πεποίηται,
1569 3807 1774 3878 μάταια

185 3891 328 3950 εἶναι
355 3897 428 3951 τὰ
456 3898 632 3952 πάντα
657 3899 1095 3970 ἀποφηνάμενος.
1135 3898 1272 3969 Φησὶ
1297 3897 1405 3968 γὰρ
1438 3899 1573 3969 πρὸς
1597 3899 1770 3956 ταῦτα

185 3986 432 4056 βλέπων,
481 3991 610 4060 περὶ
657 3991 755 4060 τῆς
804 3988 1150 4061 ἀνθρωπίνης
1180 3987 1328 4058 ζωῆς
1364 3988 1770 4060 ἀποφήνασθαι,

183 4077 267 4132 δτι
298 4081 486 4134 πάντα
515 4081 812 4151 ματαιότης
845 4080 1013 4144 ἐστὶν,
1038 4079 1260 4152 ὄσαῆτε
1282 4078 1531 4151 αἴσθησις
1561 4079 1766 4150 βλέπει,

183 4170 278 4223 καὶ
333 4172 494 4241 παρὰ
543 4171 650 4224 τῶν
708 4161 1014 4243 ἀνθρώπων
1066 4173 1148 4236 είς
1191 4171 1530 4243 εὐφροσύνην
1580 4173 1770 4244 ἐπιτη-

181 4260 426 4316 δεύεται.
645 4329 654 4338 .

258 4370 277 4402 ε
333 4351 646 4422 Ἐπέϐλεψα
678 4352 787 4426 γὰρ
825 4355 882 4406 ἐν
918 4355 1048 4407 πᾶσι
1091 4355 1202 4416 τοῖς
1243 4353 1510 4425 ποιήμασί
1543 4371 1666 4424 μου,
1697 4346 1779 4418 οἷς

179 4443 458 4513 ἐποίησαν
491 4445 548 4496 at
593 4445 772 4516 χεῖρές
816 4461 936 4514 μου,
982 4445 1076 4498 καὶ
1107 4445 1164 4498 ἐν
1195 4445 1356 4498 παντὶ
1387 4444 1568 4520 μόχθῳ
1610 4462 1708 4516 μου
1735 4436 1780 4512 ᾧ

180 4529 474 4604 ἐμόχθησα
519 4534 617 4586 τοῦ
665 4537 855 4592 ποιεῖν.
887 4535 980 4588 καὶ
1023 4535 1129 4588 ἰδοὺ
1161 4535 1229 4588 τὰ
1259 4534 1436 4588 πάντα
1459 4535 1776 4607 ματαιότης,

177 4627 276 4678 καὶ
306 4625 636 4696 προαίρεσις
682 4625 1009 4696 πνεύματος,
1051 4627 1144 4679 καὶ
1183 4626 1283 4680 οὐκ
1329 4625 1442 4678 ἐστι
1493 4626 1779 4697 περισσεία

177 4715 285 4770 ὑπὸ
316 4717 415 4770 τὸν
452 4705 621 4786 ἥλιον.
658 4736 676 4768 ι
707 4717 863 4769 Πᾶσα
885 4716 1000 4789 γὰρ
1029 4718 1062 4788 ή
1091 4717 1200 4771 τῶν
1224 4717 1526 4789 αἰσθήσεων
1551 4718 1777 4790 δύναμίς

174 4826 238 4862 τε
275 4809 378 4862 καὶ
413 4807 687 4878 ἐνέργεια,
719 4809 844 4880 ὅρον
873 4809 986 4880 ἔχει
1027 4808 1124 4881 τὴν
1151 4810 1238 4878 ὑφ’
1267 4809 1402 4880 ἡλίῳ
1435 4809 1606 4882 ζωήν·
1635 4811 1696 4864 τὸ
1721 4810 1777 4864 δὲ

177 4899 452 4952 ἐπέκεινα
489 4897 768 4969 διαϐῆναι,
816 4899 909 4952 καὶ
952 4897 1062 4952 τῶν
1106 4899 1513 4970 ὑπερκειμένων
1555 4899 1776 4968 ἀγαθῶν

1950 2269 1968 2302 ι
1989 2248 2105 2304 Non
2135 2251 2389 2320 prohibui
2419 2253 2564 2306 enim
2597 2268 2696 2307 cor
2720 2269 2900 2308 meum
2945 2253 3016 2307 ab
3052 2254 3204 2309 omni
3239 2253 3458 2316 latitia,

1873 2351 1927 2398 et
1956 2359 2052 2398 cor
2091 2359 2270 2398 meum
2306 2345 2544 2398 laetatum
2591 2353 2676 2399 est
2705 2346 2758 2399 in
2791 2345 2942 2400 omni
2981 2345 3170 2401 labore
3215 2361 3378 2400 meo:
3406 2357 3463 2401 et

1872 2435 1979 2489 hoe
2006 2434 2114 2488 fuit
2143 2450 2271 2504 pars
2301 2450 2418 2489 mea
2471 2435 2524 2488 in
2557 2437 2706 2490 omni
2762 2437 2950 2496 labore
2990 2452 3113 2492 meo
3145 2455 3158 2492 :
3191 2455 3208 2488 ι
3249 2427 3459 2507 partem

1874 2525 2066 2579 dicens
2105 2526 2504 2595 possesionem.
2551 2524 2854 2598 Postquam
2881 2541 3014 2596 ergo
3041 2525 3319 2582 recensuit
3353 2542 3448 2582 eas

1874 2632 1994 2691 qua:
2033 2625 2161 2672 sunt
2188 2617 2244 2670 in
2285 2627 2440 2687 parte
2467 2618 2890 2682 delectationes,
2913 2618 2984 2674 ah
3020 2617 3179 2671 initio
3209 2617 3276 2670 ad
3297 2617 3458 2670 linem

1873 2724 2054 2778 usque
2088 2723 2450 2778 persequens,
2493 2717 2547 2764 et
2576 2710 2826 2764 oratione
2847 2709 3031 2767 omnia
3059 2709 3456 2778 complectens,

1873 2815 1970 2870 per
1992 2816 2154 2869 quem
2189 2801 2256 2855 ab
2281 2801 2351 2856 iis
2378 2803 2469 2872 qui
2505 2801 2785 2866 fruuntur,
2832 2800 3174 2871 colliguntur
3197 2801 3458 2870 volupta-

1880 2901 1986 2957 tes,
2037 2891 2395 2963 aedjliciorum
2450 2890 2943 2962 pulchritudinem,
2988 2890 3193 2952 vineta,
3244 2889 3456 2952 hortos,

1873 2987 2138 3057 piscinas.
2183 2986 2451 3057 pomaria,
2500 2985 2792 3056 imperium
2840 2983 2894 3037 in
2929 2997 3029 3037 eos
3065 2983 3158 3052 qui
3210 2988 3340 3036 sunt
3373 2982 3460 3036 sui

1875 3072 2114 3143 generis,
2146 3074 2395 3142 pecunia:
2427 3081 2480 3128 et
2514 3073 2833 3126 facultatum
2871 3073 3109 3142 copiam,
3135 3079 3460 3144 apparatum

1875 3164 1930 3218 in
1957 3165 2228 3220 conviviis
2251 3164 2319 3220 ad
2349 3181 2412 3218 ea
2446 3181 2570 3236 quae
2607 3173 2736 3221 sunt
2762 3164 3034 3234 jucunda,
3064 3180 3279 3230 omnes,
3315 3165 3462 3222 sicut

1875 3255 1993 3326 ipse
2016 3256 2286 3320 nominat,
2315 3256 2568 3322 delicias,
2611 3257 2667 3311 in
2707 3256 2910 3326 quibus
2940 3263 3158 3310 versata
3198 3255 3301 3316 fuit
3334 3256 3458 3325 ejus

1875 3346 2170 3415 sapientia,
2195 3361 2259 3402 ea
2291 3358 2650 3416 perscrutans
2689 3355 2743 3401 et
2767 3347 3110 3419 exeogitans,
3159 3362 3220 3402 es
3259 3347 3462 3418 quibus

1877 3451 1975 3507 per
2009 3453 2228 3492 omnem
2271 3454 2494 3494 sensum
2528 3437 2665 3492 dicit
2687 3453 2748 3492 se
2787 3440 3072 3508 accepisse
3096 3439 3458 3510 voluptatem,

1873 3537 1927 3582 et
1948 3529 2123 3584 oculis
2145 3545 2205 3584 ea
2235 3530 2642 3586 invenientibus
2667 3540 2789 3599 qua:
2819 3527 3029 3583 faciunt
3059 3529 3125 3584 ad
3143 3529 3462 3586 delectatio—

1881 3635 2028 3683 nem,
2078 3629 2132 3675 et
2164 3621 2402 3676 habente
2434 3622 2617 3678 anima
2653 3622 2864 3690 absque
2887 3621 3267 3690 prohibitione
3298 3623 3462 3694 quid-

1879 3709 2010 3780 quid
2043 3712 2478 3782 concupiscitur,
2499 3721 2630 3766 tunc
2664 3712 3062 3782 interpretatur
3101 3713 3336 3784 primam
3365 3729 3461 3767 vo-

1879 3816 2021 3865 cem,
2055 3817 2163 3872 qua
2212 3819 2348 3858 usus
2393 3811 2479 3858 est
2511 3803 2566 3857 in
2611 3803 2840 3858 exordio
2890 3805 3036 3869 libri,
3065 3805 3292 3873 quando
3317 3807 3460 3860 dixit

1877 3908 2020 3948 vana
2053 3909 2177 3950 esse
2203 3895 2408 3948 omnia.
2455 3895 2596 3948 Dicit
2637 3896 2784 3950 enim
2819 3895 2886 3950 ad
2935 3895 3052 3950 haec
3099 3897 3346 3962 intuens,
3398 3914 3460 3954 se

1876 3983 1945 4040 de
1971 3986 2212 4040 humana
2259 3986 2370 4040 vita
2418 3987 2832 4056 pronuntiasse,
2873 3988 3060 4042 omnia
3095 4003 3213 4043 esse
3244 3989 3458 4042 vanita-

1879 4083 2010 4140 tem,
2055 4085 2107 4132 οι
2141 4093 2264 4148 quae
2296 4093 2496 4134 sensus
2528 4079 2751 4149 aspicit,
2792 4088 2848 4134 et
2877 4096 3000 4150 qua:
3031 4081 3100 4136 ab
3128 4079 3450 4134 hominibus

1877 4178 2205 4224 exercentur
2243 4171 2310 4224 ad
2348 4170 2614 4228 laetitiam.

1952 4349 2039 4403 H.
2115 4349 2384 4419 (Aspexi,
2417 4367 2437 4402 ι
2483 4348 2682 4419 inquit,
2717 4369 2736 4400 ι
2764 4348 2819 4404 in
2879 4349 3138 4404 omnibus
3188 4349 3450 4418 Operibus

1881 4443 2038 4506 meis,
2068 4455 2190 4511 qute
2219 4441 2470 4496 fecerunt
2500 4457 2696 4498 manus
2721 4457 2873 4505 metu,
2902 4451 2958 4496 et
2994 4443 3049 4496 in
3077 4441 3223 4495 omni
3245 4441 3454 4506 labore,

1879 4548 2039 4602 quem
2069 4533 2310 4587 laboravi
2348 4542 2406 4588 ut
2433 4533 2692 4599 facerem,
2739 4543 2795 4588 et
2819 4549 2950 4589 ecce
2979 4533 3163 4588 omnia
3210 4533 3452 4600 vanitas,

1877 4631 1932 4676 et
1951 4622 2259 4678 voluntaria
2287 4623 2504 4679 all‘ectio
2536 4623 2790 4694 spiritus,
2834 4633 2887 4680 et
2920 4641 3027 4679 non
3054 4633 3141 4680 est
3189 4626 3293 4681 sub
3333 4627 3454 4682 sole

1879 4713 2272 4771 redundantia.
2301 4735 2320 4768 ι
2349 4715 2542 4771 Omnis
2575 4717 2720 4772 enim
2763 4731 3028 4772 sensuum
3063 4715 3149 4775 vis
3177 4724 3232 4774 et
3259 4732 3456 4788 opera-

1880 4805 1956 4858 tio
1985 4821 2146 4860 suum
2173 4807 2334 4862 habet
2361 4808 2685 4874 terminum,
2707 4809 2873 4861 vitam
2909 4824 3032 4879 quae
3061 4816 3146 4864 est
3170 4808 3274 4864 sub
3300 4809 3452 4866 sole:

1879 4895 2116 4951 ulterius
2143 4905 2326 4953 autem
2373 4900 2632 4962 transire,
2685 4905 2739 4952 et
2774 4913 2896 4966 qua:
2935 4914 3102 4970 supra
3147 4907 3277 4954 sunt
3313 4898 3458 4954 bona

175 4989 234 5042 ὲν
262 4987 525 5060 περινοίᾳ
551 4987 823 5056 γενέσθαι.
857 4991 888 5060 ἡ
923 4989 1212 5061 αἰσθητικὴ
1242 4988 1402 5057 φύσις
1429 4991 1491 5042 ού
1525 4989 1768 5045 δύναται.

1880 4988 2214 5058 cogitatione
2235 4991 2552 5058 con-plecti,
2588 5004 2696 5044 non
2732 4997 2920 5059 potest
2946 4990 3195 5046 sentiens
3233 4994 3454 5044 natura.

174 5079 371 5133 Ταῦτα
415 5074 515 5132 οὖν
557 5081 732 5134 πάντα
775 5080 870 5132 καὶ
905 5079 973 5134 τὰ
1009 5079 1232 5134 τοιαῦτα
1275 5079 1772 5152 κατασκεψάμενος,

175 5169 434 5222 παιδεύει
465 5166 556 5220 τὸν
589 5167 721 5236 βίον,
749 5166 810 5220 τὸ
839 5169 974 5240 πρὸς
1007 5168 1173 5240 μηδὲν
1199 5168 1308 5222 τῶν
1339 5161 1440 5222 ὧδε
1470 5167 1773 5238 θαυμαστι-

175 5257 290 5321 κῶς
323 5255 687 5319 διατίθεσθαι,
725 5257 968 5322 πλοῦτον,
1003 5257 1328 5330 φιλοτιμίαν,
1365 5259 1462 5329 τὴν
1494 5259 1633 5312 κατά
1663 5259 1774 5313 τῶν

172 5347 524 5420 ὑποχειρίων
551 5347 742 5420 ἀρχὴν,
763 5348 1057 5421 θυμηδείας
1076 5365 1134 5405 τε
1150 5351 1244 5404 καὶ
1267 5351 1498 5420 τρυφὰς,
1521 5352 1614 5404 καὶ¹
1635 5369 1700 5406 συ
1709 5369 1774 5423 μ-

171 5439 364 5504 πόσια,
399 5437 502 5492 καὶ
528 5438 584 5492 εἴ
615 5455 670 5491 τι
708 5437 834 5493 ἄλλο
874 5440 984 5494 τῶν
1025 5442 1224 5512 τιμίων
1252 5437 1392 5494 ἐἶναι
1429 5442 1768 5512 νενόμισται⁹

170 5530 290 5584 ἀλλ’
315 5533 462 5603 ὁρᾲν
499 5531 580 5584 ὅτι
607 5523 666 5584 ἓν
697 5530 848 5594 τέλος
887 5531 996 5586 τῶν
1021 5531 1276 5586 τοιούτων
1301 5531 1553 5586 ἁπάντων
1599 5534 1631 5602 ἡ
1669 5550 1773 5602 μα-

169 5624 406 5693 ταιάτης
437 5622 608 5689 ἐστὶν,
639 5616 709 5694 ἦς
740 5623 1027 5694 περισσεία
1055 5623 1134 5686 εἰς
1173 5622 1235 5676 τὸ
1271 5621 1467 5693 ἐφεξῆς
1494 5624 1591 5693 οὐχ
1625 5623 1773 5694 εὑρί-

173 5731 392 5770 σκεται.
433 5713 705 5784 Καθάπερ
733 5712 842 5784 γὰρ
871 5713 922 5788 οξ
965 5712 1086 5767 καθ’
1111 5712 1302 5776 ὓδατος
1331 5715 1652 5784 γράφοντες,
1689 5715 1773 5766 sv-

171 5805 409 5876 εργοῦσι
445 5802 548 5874 μὲν
575 5803 664 5858 διὰ
694 5804 793 5874 τῆς
815 5803 995 5874 χειρὸς
1021 5804 1120 5874 τὴν
1145 5803 1378 5876 γρίφὴν,
1412 5806 1538 5869 τοὺς
1569 5805 1772 5869 τύπους

171 5896 281 5952 τῶν
311 5895 693 5968 χαρακτήρων
731 5897 786 5948 ὲν
821 5895 898 5966 τῷ
943 5895 1094 5966 ὑγρῷ
1126 5895 1589 5966 ἐνδιαγρριφοντες.
1623 5896 1772 5967 μένει

1877 5077 2017 5132 Cum
2055 5080 2170 5134 haec
2197 5095 2329 5152 ergo
2355 5081 2562 5145 omnia,
2600 5088 2656 5136 et
2686 5095 2810 5150 quae
2845 5091 2974 5136 sunt
3017 5077 3287 5150 ejusmodi
3325 5091 3458 5132 con-

1877 5167 2203 5236 siderasset,
2231 5172 2399 5224 vitam
2437 5170 2646 5236 erudit,
2691 5177 2752 5226 ut
2789 5169 2928 5228 nihil
2973 5184 3166 5226 eorum
3201 5183 3326 5238 quae
3365 5167 3456 5221 hic

1875 5267 2028 5329 sunt,
2061 5259 2385 5328 admiretur,
2421 5278 2530 5317 non
2573 5277 2728 5333 opes,
2765 5277 2876 5317 non
2907 5259 3170 5321 honores.
3217 5273 3330 5312 non
3358 5257 3460 5312 im-

1877 5349 2092 5418 perium
2125 5351 2179 5405 in
2205 5351 2510 5422 subjectos,
2550 5367 2662 5406 non
2692 5351 2911 5420 epulas,
2949 5345 3209 5402 convivia
3249 5352 3305 5400 et
3349 5347 3452 5402 de-

1877 5441 2060 5507 licias,
2095 5451 2149 5498 et
2181 5444 2228 5498 si
2261 5444 2394 5515 quid
2424 5443 2573 5500 aliud
2591 5442 2946 5500 existimatur
2964 5454 3090 5495 esse
3109 5437 3454 5510 pretiosum:

1878 5533 1974 5590 sed
2007 5534 2191 5590 videat
2222 5535 2369 5606 quod
2401 5535 2598 5590 horum
2623 5534 2868 5591 omnium
2897 5547 3044 5588 unus
3079 5529 3206 5586 linis
3238 5539 3324 5585 est
3355 5545 3456 5584 va-

1875 5627 2046 5691 nitas,
2079 5626 2240 5696 cujus
2259 5627 2532 5697 reliquum
2557 5627 2819 5695 deinceps
2841 5639 2954 5680 non
2989 5622 3297 5678 invenitur.
3335 5619 3458 5688 Quo

1881 5718 2046 5772 modo
2091 5719 2237 5772 enim
2275 5717 2369 5788 qui
2417 5717 2673 5772 scribunt
2721 5717 2777 5772 in
2823 5730 2987 5786 aqua,
3033 5729 3198 5768 manu
3231 5710 3478 5783 quidem.

1879 5805 2123 5860 eliieiunt
2171 5807 2545 5876 scripturam.
2599 5815 2764 5876 typos
2809 5805 3200 5859 charactcrum
3241 5798 3458 5856 descri-

1879 5897 2072 5953 hentes
2107 5899 2162 5952 in
2209 5898 2476 5966 humido;
2528 5914 2591 5955 ex
2623 5896 3052 5954 cttaracteribus
3092 5901 3277 5950 autem
3316 5889 3452 5946 nihil
3509 5911 3522 5928 κ
