3844 6372
348 526 357 533 ἃ
420 447 532 505 ιιτθ

1624 452 1680 507 S.
1717 450 2045 508 GREGORII
2082 449 2379 506 NYSSENI

3584 450 3686 509 680

414 571 601 617 manet
633 561 686 615 in
719 559 890 631 ﬁgura
920 579 932 615 :
966 560 1064 617 sed
1094 563 1377 621 scribendi
1430 580 1599 637 opera
1630 575 1719 621 est
1767 573 1983 621 tantum

2122 565 2145 619 ὲ
2185 564 2294 620 τῶν
2339 563 2709 636 χαραγμάτων
2753 562 2903 617 οὐδὲν
2960 561 3053 617 ἐπὶ
3109 564 3423 635 σχήματθς⁶
3649 568 3683 635 ἦ

411 654 543 709 dum
576 653 1127 709 scribitur:manum
1172 656 1323 711 enim
1365 672 1587 728 semper
1628 658 1882 729 sequitur
1927 672 1989 709 a-

412 760 534 812 qua!
564 743 913 813 superﬁcies,
949 743 1001 799 id
1031 746 1181 814 quod
1211 755 1298 802 est
1327 750 1663 817 impressum
1693 748 1943 817 levigans
1972 763 1984 797 :

413 836 484 887 ita
520 848 686 889 omne
717 833 961 889 studium
977 843 1037 890 et
1060 836 1315 906 operatio
1330 853 1455 907 qua;
1483 839 1780 909 poniturin
1801 838 1991 893 fruen-

410 925 481 981 da
504 925 812 996 voluptate,
842 936 1075 997 apparet
1126 929 1180 984 in
1217 930 1288 986 iis
1328 946 1452 1003 qua:
1486 931 1642 986 tiunt.
1684 929 1824 986 Nam
1862 946 1987 984 cum

410 1019 715 1072 cessaverit
746 1018 1020 1088 operatio,
1052 1019 1271 1077 deletur
1298 1022 1469 1077 etiam
1505 1037 1706 1079 sensus
1733 1023 1988 1093 volupta-

410 1111 504 1176 tis,
536 1126 715 1182 neque
744 1111 868 1181 ejus
894 1113 1200 1183 quidquam
1226 1116 1468 1185 amplius
1512 1117 1859 1181 reconditur,
1893 1130 1993 1170 nev

408 1218 520 1273 que
563 1202 655 1267 iis,
693 1204 786 1274 qui
838 1204 1124 1270 laetantur,
1178 1218 1429 1264 remanet
1485 1208 1655 1263 ullum
1696 1208 1989 1278 vestigium

409 1301 508 1348 aut
540 1294 791 1364 reliquiae
822 1290 1190 1366 operationis.
1241 1313 1366 1369 quae
1411 1310 1536 1354 erat
1576 1315 1645 1355 ex
1683 1286 1989 1370 voluptate.

414 1383 532 1440 Hoc
575 1394 661 1441 est
697 1386 843 1456 quod
898 1388 1175 1459 signiﬁcat
1211 1390 1263 1445 id
1315 1391 1465 1463 quod
1501 1391 1639 1447 dicit
1678 1410 1691 1445 :
1726 1391 1849 1446 Non
1906 1400 1994 1446 est

413 1474 688 1548 reliquum
713 1476 817 1531 sub
850 1478 967 1533 sole
998 1479 1068 1534 iis
1103 1477 1199 1548 qui
1238 1479 1294 1534 in
1330 1480 1401 1535 iis
1434 1481 1719 1546 laborant,
1749 1496 1991 1550 quorum

410 1564 686 1619 terminus
712 1575 798 1620 est
825 1566 1063 1620 vanitas.
1094 1567 1262 1622 Extra
1288 1584 1409 1639 quae
1422 1585 1526 1625 nos
1547 1585 1772 1641 quoque
1792 1570 1991 1634 simus,

414 1655 592 1724 gratia
628 1653 839 1709 Domini
873 1659 1045 1711 nostri
1070 1656 1200 1713 Jesu
1232 1658 1463 1723 Christi,
1490 1661 1578 1715 cui
1613 1662 1789 1732 gloria
1814 1662 1870 1716 in
1902 1677 1997 1717 se-

410 1744 541 1801 cula
574 1747 923 1802 saeculorum.
957 1749 1153 1805 Amen.

1001 1928 1293 1986 HOMILIA
1332 1929 1400 1986 ν.

486 2088 642 2145 Nunc
672 2105 906 2162 magnus
940 2092 1050 2151 dux
1090 2092 1353 2150 Ecclesiae
1381 2110 1484 2150 nos
1511 2095 1748 2167 mystice
1766 2093 2001 2152 deducit

415 2181 484 2236 ad
522 2181 851 2252 disciplinas
877 2183 1254 2242 sublimiorcs.
1282 2183 1419 2241 Nam
1454 2202 1579 2242 cum
1607 2187 1677 2243 iis
1699 2203 1822 2259 quae
1842 2188 2002 2258 prius

416 2272 561 2327 dicta
593 2279 742 2336 sunt,
768 2281 992 2330 nostras
1022 2284 1312 2347 purgasset
1351 2278 1594 2342 animas,
1635 2289 1691 2335 et
1729 2279 2001 2336 abduxis-

417 2370 505 2417 set
537 2362 606 2417 ab
645 2365 797 2419 omni
851 2366 1154 2437 cupiditate
1192 2383 1317 2439 qua:
1373 2369 1698 2427 hominibus
1748 2372 1896 2428 inest
1934 2386 2003 2428 ex

417 2453 787 2518 vanitate,ita
814 2454 1035 2511 demum
1078 2467 1319 2515 mentem
1369 2462 1527 2517 ducit
1562 2463 1629 2518 ad
1683 2464 2001 2529 veritatem,

419 2559 606 2606 rerum
640 2561 913 2603 vanarum
948 2547 1159 2615 dolore,
1217 2552 1389 2606 veluti
1424 2553 1665 2624 quodam
1712 2569 1882 2609 onere
1904 2570 2002 2610 ex-

416 2649 586 2693 cusso
618 2652 686 2692 ex
716 2637 983 2695 humeris.
1021 2638 1100 2695 Ita
1128 2651 1311 2698 autem
1340 2650 1604 2716 tanquam
1654 2644 1710 2700 in
1746 2644 2005 2717 dogmate

418 2728 706 2784 erudiatur
757 2728 1034 2798 Ecclesia,
1088 2732 1288 2789 edocta
1344 2750 1375 2790 a
1424 2737 1684 2807 prmsenti
1725 2737 2002 2808 doctrina,

418 2820 568 2891 quod
596 2820 744 2889 vitae,
768 2836 893 2893 qua
933 2838 1001 2878 ex
1032 2824 1237 2882 virtute
1283 2826 1486 2898 agitur,
1535 2836 1619 2884 est
1668 2830 2005 2902 principium

419 2925 547 2967 esse
572 2920 730 2967 extra
760 2913 981 2968 vitium.
1020 2913 1253 2987 Magnus
1286 2920 1435 2974 enim
1471 2919 1639 2977 David
1671 2923 1727 2977 in
1773 2924 2006 2994 psalmis

421 3002 718 3073 quamdam
757 3003 969 3061 faciens
998 3007 1408 3065 institutionem
1457 3012 1586 3068 vitm
1612 3015 1849 3071 rationis
1881 3024 2006 3088 quae

420 3108 561 3165 pure
588 3101 673 3149 est
707 3095 943 3166 agenda,
978 3113 1087 3151 non
1119 3098 1319 3170 incipit
1367 3120 1396 3156 a
1436 3103 1784 3173 perfectione
1808 3123 2005 3164 eorum

422 3193 701 3258 quassum
732 3190 788 3243 in
825 3187 1192 3244 beatitudine.
1220 3189 1338 3246 Non
1371 3194 1520 3248 enim
1542 3195 1686 3250 dixit
1724 3212 1851 3253 eum
1880 3215 2007 3256 esse

2028 1915 2075 1973 ιι

2089 655 2185 710 τοῦ
2213 656 2445 728 γράφειν
2492 655 2694 727 σπουδὴ
2718 696 2734 721 ,
2788 658 2847 709 ὲν
2909 657 3056 727 μόνῳ
3104 655 3184 726 τῷ
3227 657 3463 728 γράφειν
3515 657 3681 710 ἐστίν·

2097 747 2290 801 ’ἑπεται
2320 746 2429 818 γάρ
2461 746 2550 800 ἀεὶ
2580 749 2644 817 τῇ
2692 746 2836 818 χειρὶ
2861 748 2895 817 ἡ
2924 745 3019 799 τοῦ
3053 744 3245 808 ῦδατος
3280 745 3598 815 ἐπιφάνεια.
3631 746 3695 798 τὸ

2094 837 2507 911 κεχαραγμένον
2548 837 2959 892 ὲπιλεαίνουσα·
3003 837 3176 901 οὑτως
3210 838 3361 890 πᾶσα
3387 839 3422 906 ή
3461 836 3698 890 ἀπολαυ-

2098 930 2258 1003 στικὴ
2300 930 2504 1002 σπουδὴ
2540 930 2635 985 καὶ
2673 930 2925 1002 ἐνέργεια
2978 932 3092 993 τοῖς
3132 927 3441 999 γινομένοις
3469 928 3699 999 £949ch-

2097 1020 2272 1084 ζεται.
2302 1020 2672 1093 Παυσαμένης
2699 1020 2808 1092 γάρ
2829 1020 2932 1090 τῆς
2953 1019 3254 1091 ἐνεργείας,
3277 1017 3573 1091 ξξηλείφθη
3604 1018 3700 1074 καὶ

2094 1113 2129 1182 ἡ
2175 1111 2493 1177 ἀπόλαυσις,
2539 1112 2636 1166 καὶ
2682 1111 2837 1166 οὐδὲν
2886 1113 2967 1175 είς
3001 1111 3065 1165 τὸ
3107 1109 3307 1182 ἑφεξῆς
3349 1109 3699 1180 ταμιεύεται,

2100 1203 2223 1257 οὑδὲ
2257 1203 2561 1273 ὑπελείφθη
2604 1219 2658 1256 τι
2689 1204 2804 1265 τοῖς
2838 1200 3122 1273 ἡδομένοις
3151 1201 3295 1272 ἴχνος
3333 1199 3698 1269 εὐφροσύνης,

2095 1290 2132 1361 ἢ
2173 1291 2425 1361 λείψανον
2456 1290 2838 1365 παρελθούσης
2868 1292 2968 1363 τῆς
3013 1291 3157 1346 κατὰ
3189 1292 3290 1364 τὴν
3320 1291 3517 1362 ἡδονὴν
3551 1291 3703 1360 ίινερ⁴

2094 1384 2274 1453 γείας.
2304 1382 2477 1437 Τοῦτό
2505 1384 2653 1436 ἐστιν
2677 1383 2706 1436 δ
2733 1381 2985 1453 σημαίνει
3010 1384 3038 1436 ό
3069 1382 3227 1452 λόγος
3263 1380 3453 1445 εἰπὼν,
3489 1381 3576 1434 δτι
3602 1381 3703 1433 οὑκ

2098 1477 2215 1531 ἔστι
2246 1475 2535 1547 περισσεία
2563 1473 2669 1528 ὑπὸ
2711 1474 2804 1528 τὸν
2838 1473 2991 1545 ἥλιον
3017 1475 3131 1537 τοῖς
3159 1473 3230 1528 τά
3254 1471 3481 1526 τοιαῦτα
3506 1469 3704 1525 πονοῦ-

2099 1584 2209 1630 σιν,
2239 1558 2314 1620 ὧν
2354 1565 2418 1619 τὸ
2462 1564 2664 1636 τέρμα,
2712 1565 3009 1636 ματαιότης
3054 1564 3235 1618 ἐστίν·
3272 1557 3349 1618 ὧν
3397 1565 3496 1617 καὶ
3538 1568 3703 1633 ⁴ημεις

2099 1658 2205 1723 ἔξω
2225 1655 2537 1727 γενοίμεθα,
2569 1656 2752 1727 χάριτι
2788 1655 2880 1709 τοῦ
2924 1655 3128 1727 Κυρίου
3156 1656 3312 1727 ἡμῶν
3351 1653 3529 1725 Ἰησοῦ
3561 1655 3701 1727 Χρι-

2102 1747 2252 1812 στοῦ,
2277 1740 2381 1819 ᾧή
2420 1746 2549 1812 δόξα
2591 1748 2687 1803 καὶ
2724 1747 2787 1801 τὸ
2827 1745 3031 1818 κράτος
3072 1747 3154 1810 είς
3194 1746 3322 1811 τοὺς
3353 1746 3561 1811 αἰῶνας
3593 1745 3703 1798 τῶν

2100 1840 2333 1896 αἰώνων.
2377 1840 2569 1911 Ἀμήν.

2616 1955 2624 1964 ·
2718 1931 2961 1985 OMIAIA
3002 1926 3079 1984 E'.

2174 2091 2289 2144 Νῦν
2318 2091 2450 2163 ἡμῖν
2480 2088 2635 2161 παρὰ
2661 2088 2756 2144 τοῦ
2796 2090 3032 2161 μεγάλου
3063 2088 3165 2160 τῆς
3209 2088 3537 2159 Ἐκκλησίας
3564 2090 3702 2144 καθ-

2103 2182 2392 2253 ηγεμόνος,
2430 2183 2465 2252 ἠ
2510 2182 2604 2235 ἐπὶ
2650 2181 2719 2235 τά
2773 2181 3080 2252 ὑψηλότερα
3108 2181 3219 2237 τῶν
3251 2180 3595 2252 μαθημάτων
3620 2181 3702 2248 γί-

2104 2289 2253 2326 νεται
2300 2269 2679 2342 μυσταγωγία.
2711 2269 3074 2341 Προκαθήρας
3110 2269 3221 2341 γὰρ
3264 2268 3366 2332 τὰς
3399 2268 3583 2338 ψυχάς
3614 2270 3703 2321 διά

2103 2364 2214 2419 τῶν
2241 2362 2619 2434 προλαϐόντων
2667 2362 2866 2432 λόγων,
2916 2364 3011 2417 καὶ
3048 2363 3230 2432 πάσης
3257 2362 3577 2433 ἀποστήσας
3604 2363 3704 2431 τῆς

2106 2446 2249 2502 κατὰ
2296 2446 2356 2500 τὸ
2400 2445 2629 2515 μάταιον
2675 2449 2787 2509 τοῖς
2828 2444 3136 2517 ἀνθρώποις
3180 2446 3537 2516 ἐγγινομένης
3581 2445 3704 2497 ἐπι-

2108 2539 2328 2611 θυμίας,
2353 2539 2497 2594 οὕτω
2532 2540 2796 2613 προσάγει
2827 2542 2893 2611 τῇ
2936 2538 3167 2610 ἀληθείᾳ
3208 2538 3301 2592 τὸν
3331 2536 3478 2600 νοῦν,
3502 2532 3620 2592 οἷόν
3650 2555 3701 2590 τι

2108 2628 2327 2701 φορτίον
2366 2627 2425 2694 ἐξ
2470 2626 2637 2700 ὤμων
2681 2627 2781 2700 τὴν
2823 2629 3094 2700 ἀχθηδόνα
3134 2630 3239 2682 τῶν
3277 2629 3524 2700 ματαίων
3566 2630 3703 2683 άπο-

2109 2719 2447 2791 σεισάμενον.
2469 2720 2543 2773 Τὸ
2566 2720 2623 2774 δὲ
2644 2718 2902 2782 τοιοῦτον,
2930 2719 3008 2784 ὡς
3033 2721 3090 2773 ὲν
3110 2719 3337 2791 δόγματι
3360 2718 3705 2773 παιδευέσθω

2108 2808 2143 2879 ἠ
2171 2807 2488 2879 Ἐκκλησία,
2515 2807 2761 2879 μαθοῦσα
2785 2808 2873 2863 διὰ
2892 2808 2993 2879 τῆς
3021 2807 3305 2881 παρούσης
3327 2808 3700 2871 διδασκαλίας.

2108 2898 2189 2952 ὅτι
2232 2898 2371 2973 ἀρχὴ
2410 2899 2506 2954 τοῦ
2546 2902 2666 2954 κατ’
2696 2900 2897 2972 ἀρετὴν
2942 2897 3058 2970 βίου
3098 2901 3215 2954 ἐστὶ
3266 2900 3327 2953 τὸ
3357 2900 3462 2970 τῆς
3501 2900 3704 2961 κακίας

2109 2990 2266 3053 ἐκτὸς
2298 2990 2571 3059 γενέσθαι.
2597 2991 2707 3045 Καὶ⁸
2737 2991 2846 3062 γὰρ
2872 2992 2901 3044 ό
2934 2991 3108 3061 μέγας
3141 2991 3304 3045 Δαόὶδ
3336 2992 3704 3060 είσαγωγικόν

2110 3097 2232 3136 τινα
2269 3082 2406 3152 πρὸς
2443 3083 2542 3153 τὴν
2586 3083 2834 3153 καθαρὰν
2874 3083 3149 3137 πολιτείαν
3180 3083 3453 3154 ὑφήγησιν
3491 3085 3551 3136 ὲν
3585 3086 3701 3144 ταῖς

2111 3171 2454 3244 ψαλμῳδίαις
2476 3172 2818 3246 ποιούμενος,
2845 3175 2945 3228 οὑκ
2973 3174 3081 3228 ἀπὸ
3106 3175 3204 3246 τῆς
3229 3174 3567 3246 τελειότητος
3595 3174 3696 3227 τῶι.

421 3282 669 3344 beatum,
700 3282 787 3334 cui
818 3279 1003 3334 omnia
1053 3289 1204 3337 recte
1245 3284 1578 3353 succedunt,
1631 3288 1726 3358 qui
1777 3289 2004 3345 assimi-

2122 3262 2171 3314 ὲν
2197 3260 2277 3332 τῷ
2327 3263 2663 3336 μακαρισμῷ
2716 3262 3105 3336 θεωρουμένων
3150 3263 3293 3334 λόγῳ
3325 3265 3576 3335 ἄρχεται.
3629 3265 3699 3316 0’.-

423 3373 569 3427 latus
597 3380 683 3427 est
706 3372 875 3443 ligno,
906 3370 1053 3442 quod
1091 3374 1393 3442 plantatum
1424 3385 1509 3433 est
1542 3393 1707 3435 secus
1726 3379 2006 3439 decursus

423 3479 715 3535 aquarum,
768 3465 861 3535 qui
917 3474 1179 3536 perpetuo
1222 3465 1424 3523 ﬂorens
1478 3478 1666 3527 manet
1723 3474 1779 3527 in
1819 3473 2005 3540 bonis.

423 3556 517 3626 qui
545 3556 885 3626 temporibus
931 3558 1389 3615 convenientibus
1427 3559 1643 3617 fructus
1683 3563 1810 3619 vita:
1851 3566 2008 3621 colli-

422 3650 565 3722 git"
602 3668 615 3705 :
650 3652 745 3706 scd
774 3651 1134 3707 beatitudinis
1170 3654 1505 3725 principium
1533 3658 1825 3713 constituit
1851 3659 2006 3715 desi-

422 3760 554 3801 nere
575 3760 604 3799 a
627 3746 788 3802 malis
804 3748 873 3811 ",
903 3755 1094 3818 utpote
1118 3749 1263 3819 quod
1287 3765 1398 3804 non
1419 3751 1525 3804 alia
1546 3752 1765 3809 ratione
1799 3754 2006 3810 bonum

422 3852 547 3894 esse
578 3839 887 3910 contingat,
918 3841 1250 3911 priusquam
1273 3841 1397 3896 vitii
1429 3843 1626 3899 sordes
1672 3846 1898 3902 eluerit.
1926 3846 2007 3902 Ita

423 3944 558 4001 ergo
589 3932 643 3984 in
682 3929 858 4001 signis
884 3946 1108 4002 quoque
1148 3933 1242 3988 hic
1288 3933 1663 3993 Ecclesiastes
1693 3954 1836 3994 vana
1890 3941 2012 4011 pri-

425 4033 579 4072 mum
613 4018 794 4074 aufert
818 4021 1027 4085 verbis,
1067 4029 1127 4076 ut
1152 4023 1435 4093 quomodo
1481 4025 1535 4080 in
1582 4042 1815 4098 corpore
1852 4030 2012 4087 labo-

425 4115 587 4163 rantc
617 4124 680 4164 ea
710 4125 819 4179 qua
861 4126 964 4181 par
986 4121 1072 4167 est
1118 4127 1253 4167 cura
1295 4127 1604 4186 expurgato
1651 4120 1865 4183 morbo.
1908 4136 2011 4177 sua

430 4207 630 4269 sponte
658 4200 815 4256 adest
834 4202 1040 4257 bonum
1068 4204 1350 4261 sanitatis.
1389 4208 1691 4278 PrOptcrea
1709 4214 2008 4269 vanitatem

428 4300 516 4347 est
537 4292 789 4348 oratione
815 4303 1143 4363 persecutus
1174 4339 1189 4361 ,
1247 4297 1443 4355 dicens
1478 4316 1705 4357 sensum
1746 4320 1855 4359 non
1887 4321 2012 4363 esse

428 4391 608 4437 tutum
628 4382 755 4439 boni
772 4392 826 4439 et
842 4384 1090 4455 honestij
1100 4386 1315 4442 udicem
1337 4408 1352 4445 :
1370 4391 1608 4459 subjecit
1624 4394 1802 4450 oculis
1823 4411 1886 4450 ea
1902 4413 2013 4453 non

429 4489 592 4544 posse
642 4476 969 4538 consistere,
1006 4493 1245 4548 quorum
1291 4482 1478 4537 studio
1523 4490 1796 4540 tenemur.
1838 4487 2014 4560 Sepa-

430 4566 573 4617 ravit
602 4575 849 4620 nostram
892 4567 1217 4637 cupiditatis
1264 4568 1607 4628 affectionem
1657 4590 1688 4629 a
1727 4577 2013 4648 voluptate
2045 4593 2089 4649 ι)

430 4654 722 4721 corporis:
752 4664 808 4710 et
839 4655 913 4711 ita
958 4658 1202 4713 ostendit
1235 4659 1289 4715 id
1331 4662 1477 4732 quod
1518 4680 1646 4720 vere
1672 4676 1759 4723 est
1804 4670 2011 4742 eligen-

431 4740 589 4806 dum,
628 4745 777 4814 quod
830 4761 959 4803 vere
1010 4752 1374 4820 expetendum
1421 4768 1487 4808 ac
1536 4740 2013 4818 desiderantium:

433 4833 596 4902 cujus
624 4835 866 4889 studium
897 4852 988 4892 res
1036 4848 1121 4894 est
1141 4838 1329 4896 cilicax
1380 4849 1435 4897 et
1480 4842 1623 4900 bene
1674 4848 2013 4917 consistens,

436 4943 653 4999 semper
680 4946 1007 5001 permanens
1035 4933 1176 5005 apud
1204 4949 1302 4991 eos
1333 4936 1426 5007 qui
1469 4938 1650 5007 ipsum
1681 4952 2010 5012 sequuntur,

436 5028 751 5091 separatum
789 5036 820 5075 a
863 5023 1124 5081 vanitatis
1149 5027 1303 5082 omni
1329 5029 1687 5099 cogitatione.

504 5169 639 5227 CAP.
669 5186 732 5236 tt,
780 5189 834 5226 v.
867 5172 953 5230 12.
992 5204 1062 5215 -
1102 5173 1411 5247 «Aspexi,»
1448 5178 1648 5250 inquit,
1695 5199 1714 5234 ι
1741 5191 1801 5237 ιιι
1857 5185 2011 5241 vidc-

437 5276 553 5319 rem
598 5264 999 5336 sapientiam.»
1042 5264 1116 5321 Ut
1160 5276 1342 5324 autem
1380 5281 1640 5329 accurate
1681 5273 1925 5332 viderem
1960 5278 2014 5332 id

439 5353 585 5423 quod
619 5355 983 5425 desideratur,
1030 5357 1142 5413 vidi
1177 5359 1333 5432 prius
1360 5369 1415 5416 et
1471 5365 1766 5420 amentiam
1799 5374 1854 5423 et
1883 5368 2021 5426 insi-

440 5446 727 5514 pientiam.
779 5446 914 5503 Nam
979 5465 1047 5504 ex
1114 5453 1525 5523 comparatione
1574 5470 1700 5511 cum
1752 5473 1819 5512 eo
1871 5461 2018 5530 quod

442 5536 783 5603 adversatur,
836 5539 1152 5596 accuratior
1198 5550 1283 5598 est
1349 5546 1743 5616 contemplatio
1801 5563 2019 5613 eorum,

442 5639 674 5692 quorum
700 5636 954 5687 tenemur
975 5633 1179 5688 studio.
1206 5632 1544 5704 Sapientiam
1569 5647 1750 5695 autem
1773 5645 2021 5697 nominat

443 5714 607 5770 etiam
652 5720 969 5790 consilium,
1021 5724 1207 5780 dicens
1244 5745 1257 5782 τ
1298 5746 1316 5777 ι
1363 5725 1501 5794 Quis
1544 5740 1626 5784 est
1674 5730 1862 5791 homo,
1917 5737 2009 5803 qui

519 5894 561 5925 ⁷¹
600 5895 747 5953 Psal.
784 5914 824 5966 ι,
864 5901 898 5955 5
930 5918 1055 5975 sqq.
1129 5905 1173 5935 τ’
1216 5905 1361 5961 l’sal.
1420 5925 1614 5977 xxxtn,
1661 5912 1739 5967 15.

2109 3354 2217 3425 γὰρ
2242 3352 2395 3407 εἴπεν
2421 3355 2480 3407 ἐν
2510 3353 2747 3426 πρώτοις
2795 3352 3133 3425 μακαριστὸν
3173 3350 3311 3407 εἶναι
3346 3353 3439 3407 τὸν
3476 3354 3535 3407 ὲν
3571 3354 3701 3406 πᾶσι

2109 3445 2400 3499 κατευοδού
2410 3464 2590 3517 μενον,
2615 3446 2705 3500 τὸν
2735 3447 3084 3519 ὡμοιωμένον
3102 3447 3178 3520 τῷ
3200 3448 3360 3519 ξύλῳ,
3378 3448 3473 3501 τὸν
3505 3450 3563 3501 ἐν
3586 3450 3705 3509 tat;

2109 3536 2363 3603 διεξόδοις
2404 3536 2516 3590 τῶν
2566 3537 2776 3592 ὑδάτων
2809 3538 3197 3611 ἐῤῥιζωμένον,
3242 3540 3334 3593 τὸν
3378 3539 3609 3609 ἀειθαλῆ
3647 3540 3707 3592 ἐν

2109 3628 2221 3690 τοῖς
2255 3626 2479 3695 ἀγαθοῖς
2514 3628 2857 3701 διαμένοντα,
2889 3629 2982 3684 τὸν
3015 3632 3073 3684 ὲν
3104 3632 3217 3695 τοῖς
3246 3630 3553 3701 καθήκουσι
3580 3630 3705 3700 χρό-

2111 3732 2222 3779 νοις
2264 3715 2375 3769 τῶν
2415 3718 2644 3791 καρπῶν
2684 3719 2778 3773 τοῦ
2820 3720 2936 3792 βίου
2984 3722 3348 3795 δρεπόμενον·
3379 3723 3496 3776 ἀλλ’
3532 3722 3707 3795 ἀρχὴν

2115 3807 2467 3879 μακαρισμοῦ
2495 3810 2592 3882 τὴν
2618 3811 2920 3865 ἀπόστασιν
2945 3813 3053 3866 τῶν
3075 3814 3259 3867 κακῶν
3289 3815 3608 3886 ἐποιήσατο,
3634 3814 3710 3876 ῶς

2110 3898 2212 3951 οὑκ
2255 3898 2625 3969 ἐνδεχόμενον,
2669 3901 2785 3954 ἀλλ’
2827 3901 3030 3972 ἀγαθὸν
3074 3903 3349 3973 γενέσθαι,
3393 3907 3523 3977 πρὶν
3568 3906 3706 3958 ιίιεπο⁸

2112 3988 2415 4046 κλύσασθαι
2444 3993 2544 4063 τῆς
2582 3993 2780 4057 κακίας
2811 3993 2903 4049 τὸν
2928 3994 3119 4067 ῥύπον.
3160 3996 3319 4052 Οὕτω
3346 3997 3525 4052 τοίνυν
3560 3998 3657 4050 καὶ
3678 3997 3708 4046 ό

2114 4080 2280 4144 πολὺς
2336 4075 2489 4146 οὗτος
2528 4084 2959 4157 Ἐκκλησιαστὴς
3015 4085 3298 4160 ὑπεξαίρει
3348 4089 3566 4159 πρῶτον
3631 4086 3706 4154 τῷ

2112 4169 2257 4242 λόγῳ
2281 4170 2350 4225 τά
2381 4171 2603 4243 μάταια,
2638 4174 2726 4229 ἵνα
2754 4174 3006 4243 καθάπερ
3050 4177 3143 4229 ἐπὶ
3173 4176 3424 4249 σώματος
3464 4177 3706 4247 κάμνον-

2113 4277 2205 4324 τος
2234 4262 2296 4315 τὸ
2332 4261 2536 4330 ἀγαθὸν
2568 4264 2667 4335 τῆς
2706 4264 2895 4335 ὑγείας
2931 4267 3226 4335 ἐγγίνεται.
3265 4267 3362 4321 Διά
3388 4267 3546 4321 τοῦτο
3576 4283 3712 4323 κατ-

2115 4349 2319 4422 έδραμε
2343 4351 2423 4424 τῷ
2444 4351 2588 4424 λόγῳ
2606 4354 2702 4425 τῆς
2728 4357 3087 4429 ματαιότητος
3116 4357 3303 4420 είπὼν,
3328 4359 3427 4412 οὑκ
3462 4359 3708 4426 ἀσφαλὲς

2114 4441 2210 4496 τοῦ
2257 4442 2422 4497 καλοῦ
2460 4447 2742 4518 κριτήριον
2795 4443 2938 4502 εἶναι
2988 4449 3088 4519 τὴν
3124 4448 3407 4520 αἴσθησιν,
3448 4447 3539 4501 ὑπ’
3586 4450 3707 4519 ὄψιν

2117 4532 2293 4603 ἤγαγε
2340 4535 2398 4588 τὸ
2450 4537 2507 4589 ἐν
2533 4539 2646 4601 τοῖς
2674 4538 3126 4611 σπουδαζομένας
3160 4540 3518 4612 ἀνύπαρκτον,
3568 4538 3710 4611 ἐχύ-

2125 4638 2242 4693 ρισε
2267 4623 2365 4695 τὴν
2410 4626 2811 4700 ἐπιθυμητικὴν
2842 4629 2999 4701 ἡμῶν
3034 4630 3277 4685 διάθεσιν
3310 4633 3410 4703 τῆς
3462 4648 3709 4702 σωματιο

2122 4712 2222 4781 κῆς
2275 4712 2648 4780 ἀπολαύσεως.
2702 4718 2797 4771 καὶ
2845 4718 3020 4784 οὕτως
3061 4720 3396 4775 ὑποδεικνύει
3432 4720 3492 4773 τδ
3528 4720 3709 4783 ὅντως

2123 4802 2361 4874 αἱρετὸν,
2407 4805 2469 4858 τὸ
2507 4807 2721 4878 ἀληθῶς
2762 4810 3117 4883 ἐπιθυμητὸν,
3148 4806 3210 4867 οῦ
3240 4814 3274 4885 ἡ
3304 4811 3524 4883 σπουδὴ.
3562 4814 3709 4884 πρᾶο

2122 4894 2240 4965 γμά
2268 4896 2415 4949 ἐστιν
2438 4899 2660 4971 ἐνεργόν
2684 4917 2744 4952 τε
2776 4902 2871 4955 κα)⁸
2898 4904 3281 4966 ὲνυπόστατον,
3311 4906 3388 4967 είς
3414 4904 3497 4958 ἀεὶ
3524 4919 3708 4973 παρα-

2125 4985 2285 5056 μένον
2331 4990 2443 5051 τοῖς
2497 4990 2761 5060 μετιοῦσι,
2806 4993 2987 5064 πάσης
3038 4994 3140 5066 τῆς
3180 4994 3323 5049 κατὰ
3364 4993 3424 5047 τὸ
3475 4993 3708 5063 μάταιον

2129 5076 2337 5138 ἑννοίας
2362 5080 2786 5150 κεχωρισμένον.

2195 5190 2338 5259 Κεφ.
2366 5189 2432 5261 β’,
2464 5193 2603 5264 στίχ.
2637 5194 2814 5266 ιβ’.-
2847 5215 2866 5247 ι
2902 5197 3143 5267 Ἐϐλεψα
3180 5198 3290 5269 γάρ
3324 5196 3453 5265 ἐγὼ,
3492 5214 3512 5249 ι
3546 5197 3703 5267 φησὶ.

2131 5298 2151 5332 ‹
2191 5281 2282 5335 τοῦ
2336 5282 2466 5337 ίδείν
2504 5284 2715 5354 σοφίαν.
2759 5305 2778 5339 ι
2818 5288 2905 5352 Ὠς
2948 5288 2994 5343 δ’
3027 5289 3094 5343 ἂν
3146 5288 3389 5362 ἀκριϐῶς
3437 5287 3603 5357 ῐδοιμι
3645 5286 3704 5339 τὸ

2127 5372 2481 5445 ποθούμενον,
2515 5371 2655 5431 εἶδον
2693 5378 2959 5452 πρότερον
3003 5381 3099 5434 καὶ
3132 5380 3234 5452 τὴν
3271 5379 3572 5452 περιφορὰν
3614 5377 3701 5431 καὶ

2126 5465 2225 5535 τὴν
2253 5466 2583 5538 ἀφροσύνην.
2632 5470 2728 5524 Ἐκ
2763 5471 2874 5541 γὰρ
2920 5472 3021 5542 τῆς
3048 5471 3184 5543 πρὸς
3229 5472 3292 5526 τὺ
3336 5471 3702 5540 ἀντικείμενον

2126 5558 2481 5627 παραθέσεως
2501 5560 2867 5633 ἀκριϐεστέρα
2894 5564 3101 5631 γίνεται
3126 5563 3235 5617 τῶν
3261 5560 3703 5632 σπουδαζομένων

2124 5648 2158 5718 ἡ
2189 5648 2409 5720 θεωρία.
2442 5650 2621 5722 Τὴνδὲ
2639 5652 2830 5721 σοψίαν
2854 5654 2948 5705 καὶ
2981 5654 3175 5726 βουλὴν
3207 5654 3479 5725 ὀνομάζει.
3505 5652 3697 5721 λέγων.

2122 5740 2202 5792 ὅτι
2243 5757 2261 5792 ι
2309 5741 2405 5802 Τίς
2451 5741 2738 5813 ἄνθρωπος
2790 5745 2937 5809 ὅστις
2990 5746 3335 5803 ἐπελεύσεται
3381 5746 3554 5801 όπίσω
3603 5742 3700 5812 τῆς
