  <div class='ocr_page' id='page_1' title='image "/cluster/home/n/w/nwhite01/storage/ocr_20150623/44:no.1/coo.31924054869445/348.png"; bbox 0 0 3844 6348; ppageno 0'>
   <div class='ocr_carea' id='block_1_1' title="bbox 211 342 308 402">
    <p class='ocr_par' dir='ltr' id='par_1_1' title="bbox 211 342 308 402">
     <span class='ocr_line' id='line_1_1' title="bbox 211 342 308 402; baseline -0.041 0"><span class='ocrx_word' id='word_1_1' title='bbox 211 342 308 402; x_wconf 60' lang='grc'>691</span> 
     </span>
    </p>
   </div>
   <div class='ocr_carea' id='block_1_2' title="bbox 1287 339 2358 400">
    <p class='ocr_par' dir='ltr' id='par_1_2' title="bbox 1287 339 2358 400">
     <span class='ocr_line' id='line_1_2' title="bbox 1287 339 2358 400; baseline 0.001 -3"><span class='ocrx_word' id='word_1_2' title='bbox 1287 341 1356 397; x_wconf 85' lang='grc' dir='ltr'>ΙΝ</span> <span class='ocrx_word' id='word_1_3' title='bbox 1396 339 1931 400; x_wconf 74' lang='lat' dir='ltr'>ECCLESIASTEN.</span> <span class='ocrx_word' id='word_1_4' title='bbox 1971 341 2256 398; x_wconf 80' lang='lat' dir='ltr'>llOMlLlA</span> <span class='ocrx_word' id='word_1_5' title='bbox 2294 343 2358 398; x_wconf 83' lang='lat' dir='ltr'><strong>V.</strong></span> 
     </span>
    </p>
   </div>
   <div class='ocr_carea' id='block_1_3' title="bbox 3350 358 3458 417">
    <p class='ocr_par' dir='ltr' id='par_1_3' title="bbox 3350 358 3458 417">
     <span class='ocr_line' id='line_1_3' title="bbox 3350 358 3458 417; baseline 0.028 -3"><span class='ocrx_word' id='word_1_6' title='bbox 3350 358 3458 417; x_wconf 66' lang='grc' dir='ltr'>ϐδῖ</span> 
     </span>
    </p>
   </div>
   <div class='ocr_carea' id='block_1_4' title="bbox 212 452 1761 547">
    <p class='ocr_par' dir='ltr' id='par_1_4' title="bbox 212 452 1761 527">
     <span class='ocr_line' id='line_1_4' title="bbox 212 452 1761 527; baseline 0.001 -21"><span class='ocrx_word' id='word_1_7' title='bbox 212 453 421 524; x_wconf 80' lang='grc' dir='ltr'>βουλῆς,</span> <span class='ocrx_word' id='word_1_8' title='bbox 450 453 520 506; x_wconf 84' lang='grc' dir='ltr'>τὰ</span> <span class='ocrx_word' id='word_1_9' title='bbox 550 452 648 507; x_wconf 78' lang='grc' dir='ltr'>ὅσα</span> <span class='ocrx_word' id='word_1_10' title='bbox 673 455 925 524; x_wconf 78' lang='grc' dir='ltr'>ἐποίησεν</span> <span class='ocrx_word' id='word_1_11' title='bbox 949 455 1088 527; x_wconf 76' lang='grc' dir='ltr'>αὕτη</span> <span class='ocrx_word' id='word_1_12' title='bbox 1111 481 1124 527; x_wconf 88' lang='grc'>;</span> <span class='ocrx_word' id='word_1_13' title='bbox 1151 477 1169 510; x_wconf 73' lang='grc' dir='ltr'>ι</span> <span class='ocrx_word' id='word_1_14' title='bbox 1205 459 1451 512; x_wconf 83' lang='grc' dir='ltr'>Διδάσκει</span> <span class='ocrx_word' id='word_1_15' title='bbox 1487 459 1662 513; x_wconf 81' lang='grc' dir='ltr'>τοίνυν</span> <span class='ocrx_word' id='word_1_16' title='bbox 1702 457 1761 510; x_wconf 72' lang='grc' dir='ltr'>τί</span> 
     </span>
    </p>
   </div>
   <div class='ocr_carea' id='block_1_5' title="bbox 1866 452 3454 547">
    <p class='ocr_par' dir='ltr' id='par_1_5' title="bbox 1889 457 3454 547">
     <span class='ocr_line' id='line_1_5' title="bbox 1889 457 3454 547; baseline 0.016 -37"><span class='ocrx_word' id='word_1_17' title='bbox 1889 457 2227 530; x_wconf 75' lang='lat' dir='ltr'><strong>ingredietur</strong></span> <span class='ocrx_word' id='word_1_18' title='bbox 2255 469 2379 530; x_wconf 91' lang='lat' dir='ltr'><strong>post</strong></span> <span class='ocrx_word' id='word_1_19' title='bbox 2427 463 2742 529; x_wconf 85' lang='lat' dir='ltr'>consilium,</span> <span class='ocrx_word' id='word_1_20' title='bbox 2770 481 2834 522; x_wconf 90' lang='lat' dir='ltr'>ea</span> <span class='ocrx_word' id='word_1_21' title='bbox 2881 483 3223 542; x_wconf 65' lang='lat' dir='ltr'><strong>quaecunque</strong></span> <span class='ocrx_word' id='word_1_22' title='bbox 3273 475 3454 547; x_wconf 87' lang='lat' dir='ltr'><strong>ipsum</strong></span> 
     </span>
    </p>
   </div>
   <div class='ocr_carea' id='block_1_6' title="bbox 208 537 1780 618">
    <p class='ocr_par' dir='ltr' id='par_1_6' title="bbox 208 537 1780 618">
     <span class='ocr_line' id='line_1_6' title="bbox 208 537 1780 618; baseline 0.008 -28"><span class='ocrx_word' id='word_1_23' title='bbox 208 541 354 591; x_wconf 75' lang='grc' dir='ltr'>ἐστιν</span> <span class='ocrx_word' id='word_1_24' title='bbox 379 540 410 609; x_wconf 83' lang='grc' dir='ltr'>ἡ</span> <span class='ocrx_word' id='word_1_25' title='bbox 440 537 752 610; x_wconf 81' lang='grc' dir='ltr'>ἀνθρωπίνη</span> <span class='ocrx_word' id='word_1_26' title='bbox 797 543 978 612; x_wconf 80' lang='grc' dir='ltr'>σοφία,</span> <span class='ocrx_word' id='word_1_27' title='bbox 1021 547 1102 598; x_wconf 86' lang='grc' dir='ltr'>δτι</span> <span class='ocrx_word' id='word_1_28' title='bbox 1146 546 1204 599; x_wconf 84' lang='grc' dir='ltr'>τὺ</span> <span class='ocrx_word' id='word_1_29' title='bbox 1249 547 1680 618; x_wconf 79' lang='grc' dir='ltr'>ἐπακολουθῆσαι</span> <span class='ocrx_word' id='word_1_30' title='bbox 1714 549 1780 616; x_wconf 82' lang='grc' dir='ltr'>τῇ</span> 
     </span>
    </p>
   </div>
   <div class='ocr_carea' id='block_1_7' title="bbox 207 629 1784 711">
    <p class='ocr_par' dir='ltr' id='par_1_7' title="bbox 207 629 1784 711">
     <span class='ocr_line' id='line_1_7' title="bbox 207 629 1784 711; baseline 0.008 -30"><span class='ocrx_word' id='word_1_31' title='bbox 207 629 370 692; x_wconf 78' lang='grc' dir='ltr'>ὅντως</span> <span class='ocrx_word' id='word_1_32' title='bbox 403 630 583 701; x_wconf 84' lang='grc' dir='ltr'>σοφίᾳ,</span> <span class='ocrx_word' id='word_1_33' title='bbox 616 631 681 701; x_wconf 78' lang='grc' dir='ltr'>ἦν</span> <span class='ocrx_word' id='word_1_34' title='bbox 711 634 804 686; x_wconf 81' lang='grc' dir='ltr'>καὶ</span> <span class='ocrx_word' id='word_1_35' title='bbox 838 635 1033 707; x_wconf 82' lang='grc' dir='ltr'>βουλὴν</span> <span class='ocrx_word' id='word_1_36' title='bbox 1056 637 1328 708; x_wconf 78' lang='grc' dir='ltr'>ὀνομάζει,</span> <span class='ocrx_word' id='word_1_37' title='bbox 1365 641 1650 711; x_wconf 82' lang='grc' dir='ltr'>ποιητικὴν</span> <span class='ocrx_word' id='word_1_38' title='bbox 1675 639 1784 693; x_wconf 86' lang='grc' dir='ltr'>τῶν</span> 
     </span>
    </p>
   </div>
   <div class='ocr_carea' id='block_1_8' title="bbox 208 720 1784 802">
    <p class='ocr_par' dir='ltr' id='par_1_8' title="bbox 208 720 1784 802">
     <span class='ocr_line' id='line_1_8' title="bbox 208 720 1784 802; baseline 0.008 -31"><span class='ocrx_word' id='word_1_39' title='bbox 208 720 419 789; x_wconf 84' lang='grc' dir='ltr'>ἀληθῶς</span> <span class='ocrx_word' id='word_1_40' title='bbox 444 721 613 776; x_wconf 80' lang='grc' dir='ltr'>όντων</span> <span class='ocrx_word' id='word_1_41' title='bbox 635 741 697 777; x_wconf 88' lang='grc' dir='ltr'>τε</span> <span class='ocrx_word' id='word_1_42' title='bbox 730 726 824 780; x_wconf 83' lang='grc' dir='ltr'>καὶ</span> <span class='ocrx_word' id='word_1_43' title='bbox 866 727 1208 795; x_wconf 88' lang='grc' dir='ltr'>ὑφεστώτων,</span> <span class='ocrx_word' id='word_1_44' title='bbox 1235 729 1328 784; x_wconf 81' lang='grc' dir='ltr'>καὶ</span> <span class='ocrx_word' id='word_1_45' title='bbox 1368 730 1443 802; x_wconf 85' lang='grc' dir='ltr'>μὴ</span> <span class='ocrx_word' id='word_1_46' title='bbox 1472 733 1530 784; x_wconf 81' lang='grc' dir='ltr'>ὲν</span> <span class='ocrx_word' id='word_1_47' title='bbox 1558 731 1784 801; x_wconf 84' lang='grc' dir='ltr'>ματαιό-</span> 
     </span>
    </p>
   </div>
   <div class='ocr_carea' id='block_1_9' title="bbox 206 814 1782 892">
    <p class='ocr_par' dir='ltr' id='par_1_9' title="bbox 206 814 1782 892">
     <span class='ocr_line' id='line_1_9' title="bbox 206 814 1782 892; baseline 0.007 -27"><span class='ocrx_word' id='word_1_48' title='bbox 206 830 326 883; x_wconf 83' lang='grc' dir='ltr'>τητι</span> <span class='ocrx_word' id='word_1_49' title='bbox 361 814 765 886; x_wconf 79' lang='grc' dir='ltr'>θεωρουμένων.</span> <span class='ocrx_word' id='word_1_50' title='bbox 807 817 979 873; x_wconf 85' lang='grc' dir='ltr'>Τοῦτο</span> <span class='ocrx_word' id='word_1_51' title='bbox 1021 820 1120 889; x_wconf 81' lang='grc' dir='ltr'>τῆς</span> <span class='ocrx_word' id='word_1_52' title='bbox 1168 821 1514 892; x_wconf 82' lang='grc' dir='ltr'>ἀνθρωπίνης</span> <span class='ocrx_word' id='word_1_53' title='bbox 1543 822 1658 875; x_wconf 74' lang='grc' dir='ltr'>ἐστὶ</span> <span class='ocrx_word' id='word_1_54' title='bbox 1692 839 1782 875; x_wconf 86' lang='grc' dir='ltr'>σο-</span> 
     </span>
    </p>
   </div>
   <div class='ocr_carea' id='block_1_10' title="bbox 207 904 1778 983">
    <p class='ocr_par' dir='ltr' id='par_1_10' title="bbox 207 904 1778 983">
     <span class='ocr_line' id='line_1_10' title="bbox 207 904 1778 983; baseline 0.006 -27"><span class='ocrx_word' id='word_1_55' title='bbox 207 904 330 972; x_wconf 88' lang='grc' dir='ltr'>φίας</span> <span class='ocrx_word' id='word_1_56' title='bbox 373 905 432 957; x_wconf 86' lang='grc' dir='ltr'>τὸ</span> <span class='ocrx_word' id='word_1_57' title='bbox 476 906 790 974; x_wconf 83' lang='grc' dir='ltr'>κεφάλαιον·</span> <span class='ocrx_word' id='word_1_58' title='bbox 845 911 878 980; x_wconf 76' lang='grc' dir='ltr'><strong>ἡ</strong></span> <span class='ocrx_word' id='word_1_59' title='bbox 927 910 984 962; x_wconf 83' lang='grc' dir='ltr'>δὲ</span> <span class='ocrx_word' id='word_1_60' title='bbox 1031 912 1198 975; x_wconf 80' lang='grc' dir='ltr'>ὅντως</span> <span class='ocrx_word' id='word_1_61' title='bbox 1242 913 1401 982; x_wconf 82' lang='grc' dir='ltr'>σοφία</span> <span class='ocrx_word' id='word_1_62' title='bbox 1449 913 1544 966; x_wconf 71' lang='grc' dir='ltr'>καὶ</span> <span class='ocrx_word' id='word_1_63' title='bbox 1595 913 1778 983; x_wconf 84' lang='grc' dir='ltr'>βουλὴ,</span> 
     </span>
    </p>
   </div>
   <div class='ocr_carea' id='block_1_11' title="bbox 204 986 1778 1080">
    <p class='ocr_par' dir='ltr' id='par_1_11' title="bbox 204 986 1778 1080">
     <span class='ocr_line' id='line_1_11' title="bbox 204 986 1778 1080; baseline 0.006 -30"><span class='ocrx_word' id='word_1_64' title='bbox 204 998 351 1051; x_wconf 75' lang='grc' dir='ltr'>οὐδὲν</span> <span class='ocrx_word' id='word_1_65' title='bbox 374 986 522 1065; x_wconf 67' lang='grc' dir='ltr'>ἀλλο,</span> <span class='ocrx_word' id='word_1_66' title='bbox 553 1001 696 1055; x_wconf 85' lang='grc' dir='ltr'>κατά</span> <span class='ocrx_word' id='word_1_67' title='bbox 720 1019 783 1070; x_wconf 90' lang='grc' dir='ltr'>γε</span> <span class='ocrx_word' id='word_1_68' title='bbox 805 1003 896 1057; x_wconf 75' lang='grc' dir='ltr'>τὸν</span> <span class='ocrx_word' id='word_1_69' title='bbox 910 1005 1039 1076; x_wconf 76' lang='grc' dir='ltr'>ἐμὸν</span> <span class='ocrx_word' id='word_1_70' title='bbox 1060 1006 1390 1075; x_wconf 80' lang='grc' dir='ltr'>λόγον,ἐστὶ,</span> <span class='ocrx_word' id='word_1_71' title='bbox 1417 1007 1557 1080; x_wconf 84' lang='grc' dir='ltr'>πλὴν</span> <span class='ocrx_word' id='word_1_72' title='bbox 1571 1010 1667 1079; x_wconf 83' lang='grc' dir='ltr'>τῆς</span> <span class='ocrx_word' id='word_1_73' title='bbox 1684 1005 1778 1060; x_wconf 88' lang='grc' dir='ltr'>τοῦ</span> 
     </span>
    </p>
   </div>
   <div class='ocr_carea' id='block_1_12' title="bbox 203 1091 1780 1170">
    <p class='ocr_par' dir='ltr' id='par_1_12' title="bbox 203 1091 1780 1170">
     <span class='ocr_line' id='line_1_12' title="bbox 203 1091 1780 1170; baseline 0.005 -27"><span class='ocrx_word' id='word_1_74' title='bbox 203 1091 402 1154; x_wconf 81' lang='grc' dir='ltr'>παντὸς</span> <span class='ocrx_word' id='word_1_75' title='bbox 449 1095 960 1167; x_wconf 84' lang='grc' dir='ltr'>προεπινοουμὲνης.</span> <span class='ocrx_word' id='word_1_76' title='bbox 985 1099 1190 1166; x_wconf 83' lang='grc' dir='ltr'>σοφίας.</span> <span class='ocrx_word' id='word_1_77' title='bbox 1231 1098 1379 1170; x_wconf 78' lang='grc' dir='ltr'>Αὑτη</span> <span class='ocrx_word' id='word_1_78' title='bbox 1423 1100 1482 1152; x_wconf 80' lang='grc' dir='ltr'>δέ</span> <span class='ocrx_word' id='word_1_79' title='bbox 1525 1101 1692 1162; x_wconf 81' lang='grc' dir='ltr'>ἐστιν,</span> <span class='ocrx_word' id='word_1_80' title='bbox 1722 1101 1780 1151; x_wconf 82' lang='grc' dir='ltr'>ὲν</span> 
     </span>
    </p>
   </div>
   <div class='ocr_carea' id='block_1_13' title="bbox 203 1177 1778 1264">
    <p class='ocr_par' dir='ltr' id='par_1_13' title="bbox 203 1177 1778 1264">
     <span class='ocr_line' id='line_1_13' title="bbox 203 1177 1778 1264; baseline 0.004 -29"><span class='ocrx_word' id='word_1_81' title='bbox 203 1177 235 1256; x_wconf 80' lang='grc' dir='ltr'>ᾖ</span> <span class='ocrx_word' id='word_1_82' title='bbox 263 1182 332 1236; x_wconf 84' lang='grc' dir='ltr'>τά</span> <span class='ocrx_word' id='word_1_83' title='bbox 360 1182 536 1236; x_wconf 82' lang='grc' dir='ltr'>πάντα</span> <span class='ocrx_word' id='word_1_84' title='bbox 565 1184 819 1255; x_wconf 77' lang='grc' dir='ltr'>ἐποίησεν</span> <span class='ocrx_word' id='word_1_85' title='bbox 850 1189 877 1239; x_wconf 85' lang='grc' dir='ltr'>ὁ</span> <span class='ocrx_word' id='word_1_86' title='bbox 907 1187 1054 1251; x_wconf 84' lang='grc' dir='ltr'>Θεὸς,</span> <span class='ocrx_word' id='word_1_87' title='bbox 1117 1193 1298 1259; x_wconf 83' lang='grc' dir='ltr'>καθώς</span> <span class='ocrx_word' id='word_1_88' title='bbox 1323 1209 1484 1264; x_wconf 86' lang='grc' dir='ltr'>φησιν</span> <span class='ocrx_word' id='word_1_89' title='bbox 1507 1196 1534 1247; x_wconf 87' lang='grc' dir='ltr'>ὁ</span> <span class='ocrx_word' id='word_1_90' title='bbox 1556 1191 1778 1259; x_wconf 82' lang='grc' dir='ltr'>Προφή-</span> 
     </span>
    </p>
   </div>
   <div class='ocr_carea' id='block_1_14' title="bbox 201 1273 1776 1353">
    <p class='ocr_par' dir='ltr' id='par_1_14' title="bbox 201 1273 1776 1353">
     <span class='ocr_line' id='line_1_14' title="bbox 201 1273 1776 1353; baseline 0.005 -29"><span class='ocrx_word' id='word_1_91' title='bbox 201 1290 316 1342; x_wconf 85' lang='grc' dir='ltr'>της,</span> <span class='ocrx_word' id='word_1_92' title='bbox 343 1273 426 1326; x_wconf 74' lang='grc' dir='ltr'>ὂτι</span> <span class='ocrx_word' id='word_1_93' title='bbox 448 1293 468 1325; x_wconf 83' lang='grc'><strong><em>‹</em></strong></span> <span class='ocrx_word' id='word_1_94' title='bbox 493 1275 674 1329; x_wconf 87' lang='grc' dir='ltr'>Πάντα</span> <span class='ocrx_word' id='word_1_95' title='bbox 689 1275 746 1328; x_wconf 80' lang='grc' dir='ltr'>ἐν</span> <span class='ocrx_word' id='word_1_96' title='bbox 766 1278 927 1348; x_wconf 69' lang='grc' dir='ltr'>σοφίᾳ</span> <span class='ocrx_word' id='word_1_97' title='bbox 948 1278 1226 1350; x_wconf 81' lang='grc' dir='ltr'>ἐποίησας.</span> <span class='ocrx_word' id='word_1_98' title='bbox 1265 1301 1282 1332; x_wconf 76' lang='grc' dir='ltr'>ι</span> <span class='ocrx_word' id='word_1_99' title='bbox 1316 1281 1548 1353; x_wconf 82' lang='grc' dir='ltr'>Χριστὸς</span> <span class='ocrx_word' id='word_1_100' title='bbox 1567 1281 1624 1334; x_wconf 86' lang='grc' dir='ltr'>δὲ</span> <span class='ocrx_word' id='word_1_101' title='bbox 1641 1278 1776 1334; x_wconf 83' lang='grc' dir='ltr'>Θεοῦ</span> 
     </span>
    </p>
   </div>
   <div class='ocr_carea' id='block_1_15' title="bbox 201 1364 1777 1444">
    <p class='ocr_par' dir='ltr' id='par_1_15' title="bbox 201 1364 1777 1444">
     <span class='ocr_line' id='line_1_15' title="bbox 201 1364 1777 1444; baseline 0.004 -26"><span class='ocrx_word' id='word_1_102' title='bbox 201 1365 442 1436; x_wconf 86' lang='grc' dir='ltr'>δύναμις,</span> <span class='ocrx_word' id='word_1_103' title='bbox 475 1367 568 1419; x_wconf 80' lang='grc' dir='ltr'>καὶ</span> <span class='ocrx_word' id='word_1_104' title='bbox 594 1366 728 1420; x_wconf 87' lang='grc' dir='ltr'>Θεοῦ</span> <span class='ocrx_word' id='word_1_105' title='bbox 762 1369 942 1436; x_wconf 83' lang='grc' dir='ltr'>σοφία,</span> <span class='ocrx_word' id='word_1_106' title='bbox 973 1372 1030 1423; x_wconf 81' lang='grc' dir='ltr'>ὲν</span> <span class='ocrx_word' id='word_1_107' title='bbox 1127 1371 1196 1426; x_wconf 88' lang='grc' dir='ltr'>τά</span> <span class='ocrx_word' id='word_1_108' title='bbox 1237 1372 1413 1426; x_wconf 86' lang='grc' dir='ltr'>πάντα</span> <span class='ocrx_word' id='word_1_109' title='bbox 1438 1373 1654 1441; x_wconf 79' lang='grc' dir='ltr'>ἐγένετο</span> <span class='ocrx_word' id='word_1_110' title='bbox 1681 1372 1777 1425; x_wconf 64' lang='grc' dir='ltr'>κατι¹</span> 
     </span>
    </p>
   </div>
   <div class='ocr_carea' id='block_1_16' title="bbox 201 1452 1777 1533">
    <p class='ocr_par' dir='ltr' id='par_1_16' title="bbox 201 1452 1777 1533">
     <span class='ocr_line' id='line_1_16' title="bbox 201 1452 1777 1533; baseline 0.005 -26"><span class='ocrx_word' id='word_1_111' title='bbox 201 1454 545 1527; x_wconf 85' lang='grc' dir='ltr'>διεκοσμήθη.</span> <span class='ocrx_word' id='word_1_112' title='bbox 579 1458 642 1510; x_wconf 78' lang='grc' dir='ltr'>ΕΞ</span> <span class='ocrx_word' id='word_1_113' title='bbox 666 1452 758 1512; x_wconf 78' lang='grc' dir='ltr'>οὖν</span> <span class='ocrx_word' id='word_1_114' title='bbox 777 1459 934 1512; x_wconf 88' lang='grc' dir='ltr'>τοῦτό</span> <span class='ocrx_word' id='word_1_115' title='bbox 956 1461 1104 1513; x_wconf 82' lang='grc' dir='ltr'>ἐστιν</span> <span class='ocrx_word' id='word_1_116' title='bbox 1129 1463 1161 1533; x_wconf 85' lang='grc' dir='ltr'>ἡ</span> <span class='ocrx_word' id='word_1_117' title='bbox 1185 1461 1496 1533; x_wconf 83' lang='grc' dir='ltr'>ἀνθρωπίνη</span> <span class='ocrx_word' id='word_1_118' title='bbox 1522 1457 1777 1526; x_wconf 83' lang='grc' dir='ltr'>σοφία,τὺ</span> 
     </span>
    </p>
   </div>
   <div class='ocr_carea' id='block_1_17' title="bbox 201 1543 1776 1627">
    <p class='ocr_par' dir='ltr' id='par_1_17' title="bbox 201 1543 1776 1627">
     <span class='ocr_line' id='line_1_17' title="bbox 201 1543 1776 1627; baseline 0.006 -25"><span class='ocrx_word' id='word_1_119' title='bbox 201 1550 256 1602; x_wconf 83' lang='grc' dir='ltr'>ὲν</span> <span class='ocrx_word' id='word_1_120' title='bbox 280 1549 528 1621; x_wconf 78' lang='grc' dir='ltr'>περινοίᾳ</span> <span class='ocrx_word' id='word_1_121' title='bbox 553 1551 664 1605; x_wconf 89' lang='grc' dir='ltr'>τῶν</span> <span class='ocrx_word' id='word_1_122' title='bbox 689 1552 953 1624; x_wconf 86' lang='grc' dir='ltr'>ἀληθινῶν</span> <span class='ocrx_word' id='word_1_123' title='bbox 979 1555 1155 1626; x_wconf 81' lang='grc' dir='ltr'>ἔργων</span> <span class='ocrx_word' id='word_1_124' title='bbox 1183 1557 1280 1627; x_wconf 85' lang='grc' dir='ltr'>τῆς</span> <span class='ocrx_word' id='word_1_125' title='bbox 1311 1543 1480 1621; x_wconf 76' lang='grc' dir='ltr'>ὄντως</span> <span class='ocrx_word' id='word_1_126' title='bbox 1509 1558 1698 1626; x_wconf 79' lang='grc' dir='ltr'>σοφίας</span> <span class='ocrx_word' id='word_1_127' title='bbox 1715 1575 1776 1611; x_wconf 87' lang='grc' dir='ltr'>τε</span> 
     </span>
    </p>
   </div>
   <div class='ocr_carea' id='block_1_18' title="bbox 201 1635 1774 1721">
    <p class='ocr_par' dir='ltr' id='par_1_18' title="bbox 201 1635 1774 1721">
     <span class='ocr_line' id='line_1_18' title="bbox 201 1635 1774 1721; baseline 0.006 -27"><span class='ocrx_word' id='word_1_128' title='bbox 201 1643 290 1695; x_wconf 75' lang='grc' dir='ltr'>καὶ</span> <span class='ocrx_word' id='word_1_129' title='bbox 329 1641 525 1714; x_wconf 84' lang='grc' dir='ltr'>βουλῆς</span> <span class='ocrx_word' id='word_1_130' title='bbox 566 1635 848 1712; x_wconf 86' lang='grc' dir='ltr'>γενέσθαι·</span> <span class='ocrx_word' id='word_1_131' title='bbox 879 1646 1038 1718; x_wconf 77' lang='grc' dir='ltr'>ἔργον</span> <span class='ocrx_word' id='word_1_132' title='bbox 1073 1647 1129 1700; x_wconf 83' lang='grc' dir='ltr'>δὲ</span> <span class='ocrx_word' id='word_1_133' title='bbox 1171 1649 1268 1718; x_wconf 85' lang='grc' dir='ltr'>τῆς</span> <span class='ocrx_word' id='word_1_134' title='bbox 1313 1649 1506 1721; x_wconf 85' lang='grc' dir='ltr'>βουλῆς</span> <span class='ocrx_word' id='word_1_135' title='bbox 1537 1650 1774 1721; x_wconf 78' lang='grc' dir='ltr'>ἐκείνης,</span> 
     </span>
    </p>
   </div>
   <div class='ocr_carea' id='block_1_19' title="bbox 199 1732 1774 1822">
    <p class='ocr_par' dir='ltr' id='par_1_19' title="bbox 199 1732 1774 1822">
     <span class='ocr_line' id='line_1_19' title="bbox 199 1732 1774 1822; baseline 0.007 -39"><span class='ocrx_word' id='word_1_136' title='bbox 199 1732 312 1800; x_wconf 82' lang='grc' dir='ltr'>ἦτοι</span> <span class='ocrx_word' id='word_1_137' title='bbox 331 1733 435 1803; x_wconf 82' lang='grc' dir='ltr'>τῆς</span> <span class='ocrx_word' id='word_1_138' title='bbox 465 1734 678 1802; x_wconf 79' lang='grc' dir='ltr'>σοφίας,</span> <span class='ocrx_word' id='word_1_139' title='bbox 707 1735 849 1789; x_wconf 87' lang='grc' dir='ltr'>κατά</span> <span class='ocrx_word' id='word_1_140' title='bbox 869 1753 932 1804; x_wconf 88' lang='grc' dir='ltr'>γε</span> <span class='ocrx_word' id='word_1_141' title='bbox 959 1737 1050 1790; x_wconf 78' lang='grc' dir='ltr'>τὸν</span> <span class='ocrx_word' id='word_1_142' title='bbox 1078 1738 1208 1807; x_wconf 76' lang='grc' dir='ltr'>ἐμὸν</span> <span class='ocrx_word' id='word_1_143' title='bbox 1233 1739 1409 1806; x_wconf 89' lang='grc' dir='ltr'>λόγον,</span> <span class='ocrx_word' id='word_1_144' title='bbox 1432 1743 1466 1810; x_wconf 84' lang='grc' dir='ltr'>ἡ</span> <span class='ocrx_word' id='word_1_145' title='bbox 1501 1741 1774 1822; x_wconf 80' lang='grc' dir='ltr'>ἀφθαρσίά</span> 
     </span>
    </p>
   </div>
   <div class='ocr_carea' id='block_1_20' title="bbox 200 1813 1812 1904">
    <p class='ocr_par' dir='ltr' id='par_1_20' title="bbox 200 1813 1812 1904">
     <span class='ocr_line' id='line_1_20' title="bbox 200 1813 1812 1904; baseline 0.007 -29"><span class='ocrx_word' id='word_1_146' title='bbox 200 1813 358 1889; x_wconf 72' lang='grc' dir='ltr'>ἐστὶν,</span> <span class='ocrx_word' id='word_1_147' title='bbox 385 1825 420 1894; x_wconf 81' lang='grc' dir='ltr'>ἦ</span> <span class='ocrx_word' id='word_1_148' title='bbox 441 1841 500 1877; x_wconf 91' lang='grc' dir='ltr'>τε</span> <span class='ocrx_word' id='word_1_149' title='bbox 527 1825 827 1898; x_wconf 75' lang='grc' dir='ltr'>τῆςψυχῆς</span> <span class='ocrx_word' id='word_1_150' title='bbox 854 1828 1208 1902; x_wconf 86' lang='grc' dir='ltr'>μακαριότης,</span> <span class='ocrx_word' id='word_1_151' title='bbox 1233 1832 1327 1884; x_wconf 77' lang='grc' dir='ltr'>καὶ</span> <span class='ocrx_word' id='word_1_152' title='bbox 1354 1833 1386 1901; x_wconf 81' lang='grc' dir='ltr'>ἠ</span> <span class='ocrx_word' id='word_1_153' title='bbox 1420 1833 1659 1904; x_wconf 86' lang='grc' dir='ltr'>ἀνδρεία,</span> <span class='ocrx_word' id='word_1_154' title='bbox 1680 1813 1774 1886; x_wconf 80' lang='grc' dir='ltr'>καὶ</span> <span class='ocrx_word' id='word_1_155' title='bbox 1805 1830 1812 1852; x_wconf 73' lang='grc'>⁴</span> 
     </span>
    </p>
   </div>
   <div class='ocr_carea' id='block_1_21' title="bbox 197 1913 1774 1993">
    <p class='ocr_par' dir='ltr' id='par_1_21' title="bbox 197 1913 1774 1993">
     <span class='ocr_line' id='line_1_21' title="bbox 197 1913 1774 1993; baseline 0.007 -28"><span class='ocrx_word' id='word_1_156' title='bbox 197 1914 226 1982; x_wconf 85' lang='grc' dir='ltr'><strong>ή</strong></span> <span class='ocrx_word' id='word_1_157' title='bbox 262 1913 596 1984; x_wconf 83' lang='grc' dir='ltr'>δικαιοσύνη,</span> <span class='ocrx_word' id='word_1_158' title='bbox 629 1915 723 1968; x_wconf 77' lang='grc' dir='ltr'>καὶ</span> <span class='ocrx_word' id='word_1_159' title='bbox 761 1917 794 1986; x_wconf 78' lang='grc' dir='ltr'>ἡ</span> <span class='ocrx_word' id='word_1_160' title='bbox 823 1918 1101 1988; x_wconf 89' lang='grc' dir='ltr'>φρόνησις,</span> <span class='ocrx_word' id='word_1_161' title='bbox 1137 1921 1230 1972; x_wconf 77' lang='grc' dir='ltr'>καὶ</span> <span class='ocrx_word' id='word_1_162' title='bbox 1258 1922 1367 1974; x_wconf 84' lang='grc' dir='ltr'>πᾶν</span> <span class='ocrx_word' id='word_1_163' title='bbox 1395 1921 1456 1975; x_wconf 84' lang='grc' dir='ltr'>τὸ</span> <span class='ocrx_word' id='word_1_164' title='bbox 1497 1922 1613 1975; x_wconf 83' lang='grc' dir='ltr'>κατ’</span> <span class='ocrx_word' id='word_1_165' title='bbox 1645 1922 1774 1993; x_wconf 83' lang='grc' dir='ltr'>ἀρε-</span> 
     </span>
    </p>
   </div>
   <div class='ocr_carea' id='block_1_22' title="bbox 196 2003 1770 2082">
    <p class='ocr_par' dir='ltr' id='par_1_22' title="bbox 196 2003 1770 2082">
     <span class='ocr_line' id='line_1_22' title="bbox 196 2003 1770 2082; baseline 0.006 -27"><span class='ocrx_word' id='word_1_166' title='bbox 196 2003 287 2074; x_wconf 86' lang='grc' dir='ltr'>τὴν</span> <span class='ocrx_word' id='word_1_167' title='bbox 311 2005 600 2076; x_wconf 82' lang='grc' dir='ltr'>νοούμενον</span> <span class='ocrx_word' id='word_1_168' title='bbox 627 2007 796 2078; x_wconf 79' lang='grc' dir='ltr'>ὄνομά</span> <span class='ocrx_word' id='word_1_169' title='bbox 819 2025 878 2061; x_wconf 89' lang='grc' dir='ltr'>τε</span> <span class='ocrx_word' id='word_1_170' title='bbox 903 2009 998 2062; x_wconf 73' lang='grc' dir='ltr'>καὶ</span> <span class='ocrx_word' id='word_1_171' title='bbox 1024 2009 1220 2082; x_wconf 87' lang='grc' dir='ltr'>νόημα,</span> <span class='ocrx_word' id='word_1_172' title='bbox 1238 2012 1376 2081; x_wconf 83' lang='grc' dir='ltr'>τάχα</span> <span class='ocrx_word' id='word_1_173' title='bbox 1394 2011 1458 2066; x_wconf 82' lang='grc' dir='ltr'>δι’</span> <span class='ocrx_word' id='word_1_174' title='bbox 1479 2013 1770 2067; x_wconf 75' lang='grc' dir='ltr'>ἀκολούθου</span> 
     </span>
    </p>
   </div>
   <div class='ocr_carea' id='block_1_23' title="bbox 194 2096 1772 2176">
    <p class='ocr_par' dir='ltr' id='par_1_23' title="bbox 194 2096 1772 2176">
     <span class='ocr_line' id='line_1_23' title="bbox 194 2096 1772 2176; baseline 0.008 -29"><span class='ocrx_word' id='word_1_175' title='bbox 194 2099 257 2166; x_wconf 82' lang='grc' dir='ltr'>τῇ</span> <span class='ocrx_word' id='word_1_176' title='bbox 275 2096 472 2165; x_wconf 85' lang='grc' dir='ltr'>γνώσει</span> <span class='ocrx_word' id='word_1_177' title='bbox 507 2097 612 2176; x_wconf 87' lang='grc' dir='ltr'>τῶν</span> <span class='ocrx_word' id='word_1_178' title='bbox 635 2098 852 2167; x_wconf 89' lang='grc' dir='ltr'>ἀγάθῶν</span> <span class='ocrx_word' id='word_1_179' title='bbox 880 2102 1282 2172; x_wconf 79' lang='grc' dir='ltr'>προσαγόμεθα.</span> <span class='ocrx_word' id='word_1_180' title='bbox 1315 2103 1529 2176; x_wconf 86' lang='grc' dir='ltr'>Ἐπειδὴ</span> <span class='ocrx_word' id='word_1_181' title='bbox 1549 2103 1658 2175; x_wconf 83' lang='grc' dir='ltr'>γὰρ</span> <span class='ocrx_word' id='word_1_182' title='bbox 1696 2100 1772 2158; x_wconf 81' lang='grc' dir='ltr'>εἷ-</span> 
     </span>
    </p>
   </div>
   <div class='ocr_carea' id='block_1_24' title="bbox 193 2186 1768 2266">
    <p class='ocr_par' dir='ltr' id='par_1_24' title="bbox 193 2186 1768 2266">
     <span class='ocr_line' id='line_1_24' title="bbox 193 2186 1768 2266; baseline 0.006 -27"><span class='ocrx_word' id='word_1_183' title='bbox 193 2186 296 2251; x_wconf 63' lang='grc' dir='ltr'>διν,</span> <span class='ocrx_word' id='word_1_184' title='bbox 327 2189 479 2258; x_wconf 67' lang='grc' dir='ltr'>φησι,</span> <span class='ocrx_word' id='word_1_185' title='bbox 507 2188 699 2254; x_wconf 85' lang='grc' dir='ltr'>ταῦτα,</span> <span class='ocrx_word' id='word_1_186' title='bbox 731 2191 825 2243; x_wconf 73' lang='grc' dir='ltr'>καὶ</span> <span class='ocrx_word' id='word_1_187' title='bbox 857 2190 1044 2262; x_wconf 83' lang='grc' dir='ltr'>ῶσπερ</span> <span class='ocrx_word' id='word_1_188' title='bbox 1072 2193 1129 2245; x_wconf 84' lang='grc' dir='ltr'>ὲν</span> <span class='ocrx_word' id='word_1_189' title='bbox 1162 2193 1310 2264; x_wconf 85' lang='grc' dir='ltr'>ζυγῷ</span> <span class='ocrx_word' id='word_1_190' title='bbox 1338 2194 1578 2266; x_wconf 85' lang='grc' dir='ltr'>διὲκρινα</span> <span class='ocrx_word' id='word_1_191' title='bbox 1611 2196 1672 2248; x_wconf 83' lang='grc' dir='ltr'>τὸ</span> <span class='ocrx_word' id='word_1_192' title='bbox 1710 2196 1768 2249; x_wconf 82' lang='grc' dir='ltr'>ὃν</span> 
     </span>
    </p>
   </div>
   <div class='ocr_carea' id='block_1_25' title="bbox 194 2277 1768 2356">
    <p class='ocr_par' dir='ltr' id='par_1_25' title="bbox 194 2277 1768 2356">
     <span class='ocr_line' id='line_1_25' title="bbox 194 2277 1768 2356; baseline 0.006 -25"><span class='ocrx_word' id='word_1_193' title='bbox 194 2277 282 2332; x_wconf 78' lang='grc' dir='ltr'>τ)ῦ</span> <span class='ocrx_word' id='word_1_194' title='bbox 305 2280 376 2350; x_wconf 82' lang='grc' dir='ltr'>μὴ</span> <span class='ocrx_word' id='word_1_195' title='bbox 401 2279 576 2343; x_wconf 77' lang='grc' dir='ltr'>ὄντος,</span> <span class='ocrx_word' id='word_1_196' title='bbox 602 2279 694 2334; x_wconf 85' lang='grc' dir='ltr'>τοῦ</span> <span class='ocrx_word' id='word_1_197' title='bbox 725 2283 904 2350; x_wconf 81' lang='grc' dir='ltr'>εὑρεῖν</span> <span class='ocrx_word' id='word_1_198' title='bbox 925 2284 1025 2353; x_wconf 82' lang='grc' dir='ltr'>τὴν</span> <span class='ocrx_word' id='word_1_199' title='bbox 1053 2284 1312 2356; x_wconf 78' lang='grc' dir='ltr'>διαφορὰν</span> <span class='ocrx_word' id='word_1_200' title='bbox 1339 2285 1434 2356; x_wconf 82' lang='grc' dir='ltr'>τῆς</span> <span class='ocrx_word' id='word_1_201' title='bbox 1457 2287 1646 2355; x_wconf 83' lang='grc' dir='ltr'>σοφίας</span> <span class='ocrx_word' id='word_1_202' title='bbox 1675 2289 1768 2340; x_wconf 83' lang='grc' dir='ltr'>καὶ</span> 
     </span>
    </p>
   </div>
   <div class='ocr_carea' id='block_1_26' title="bbox 192 2371 1767 2447">
    <p class='ocr_par' dir='ltr' id='par_1_26' title="bbox 192 2371 1767 2447">
     <span class='ocr_line' id='line_1_26' title="bbox 192 2371 1767 2447; baseline 0.006 -24"><span class='ocrx_word' id='word_1_203' title='bbox 192 2371 285 2440; x_wconf 83' lang='grc' dir='ltr'>τῆς</span> <span class='ocrx_word' id='word_1_204' title='bbox 303 2372 635 2443; x_wconf 80' lang='grc' dir='ltr'>ἀφροσύνης,</span> <span class='ocrx_word' id='word_1_205' title='bbox 656 2373 742 2428; x_wconf 80' lang='grc' dir='ltr'>οἷα</span> <span class='ocrx_word' id='word_1_206' title='bbox 759 2391 865 2444; x_wconf 85' lang='grc' dir='ltr'>περ</span> <span class='ocrx_word' id='word_1_207' title='bbox 885 2374 951 2429; x_wconf 87' lang='grc' dir='ltr'>ἃν</span> <span class='ocrx_word' id='word_1_208' title='bbox 969 2376 1216 2447; x_wconf 82' lang='grc' dir='ltr'>εὑρεθείη</span> <span class='ocrx_word' id='word_1_209' title='bbox 1231 2377 1406 2446; x_wconf 75' lang='grc' dir='ltr'>φωτὸς</span> <span class='ocrx_word' id='word_1_210' title='bbox 1421 2379 1767 2444; x_wconf 79' lang='grc' dir='ltr'>ἀντεξεταζο-</span> 
     </span>
    </p>
   </div>
   <div class='ocr_carea' id='block_1_27' title="bbox 195 2463 1766 2540">
    <p class='ocr_par' dir='ltr' id='par_1_27' title="bbox 195 2463 1766 2540">
     <span class='ocr_line' id='line_1_27' title="bbox 195 2463 1766 2540; baseline 0.006 -25"><span class='ocrx_word' id='word_1_211' title='bbox 195 2464 346 2532; x_wconf 81' lang='grc' dir='ltr'>μένου</span> <span class='ocrx_word' id='word_1_212' title='bbox 370 2463 508 2534; x_wconf 80' lang='grc' dir='ltr'>πρὸς</span> <span class='ocrx_word' id='word_1_213' title='bbox 529 2463 709 2532; x_wconf 79' lang='grc' dir='ltr'>ζόφον.</span> <span class='ocrx_word' id='word_1_214' title='bbox 728 2465 837 2519; x_wconf 84' lang='grc' dir='ltr'>Καί</span> <span class='ocrx_word' id='word_1_215' title='bbox 859 2483 946 2535; x_wconf 90' lang='grc' dir='ltr'>μοι</span> <span class='ocrx_word' id='word_1_216' title='bbox 967 2467 1114 2520; x_wconf 86' lang='grc' dir='ltr'>δοκεῖ</span> <span class='ocrx_word' id='word_1_217' title='bbox 1132 2467 1515 2540; x_wconf 82' lang='grc' dir='ltr'>προσηκόντως</span> <span class='ocrx_word' id='word_1_218' title='bbox 1533 2469 1610 2540; x_wconf 82' lang='grc' dir='ltr'>τῷ</span> <span class='ocrx_word' id='word_1_219' title='bbox 1625 2472 1766 2526; x_wconf 83' lang='grc' dir='ltr'>κατά</span> 
     </span>
    </p>
   </div>
   <div class='ocr_carea' id='block_1_28' title="bbox 190 2555 1764 2633">
    <p class='ocr_par' dir='ltr' id='par_1_28' title="bbox 190 2555 1764 2633">
     <span class='ocr_line' id='line_1_28' title="bbox 190 2555 1764 2633; baseline 0.006 -27"><span class='ocrx_word' id='word_1_220' title='bbox 190 2555 246 2607; x_wconf 78' lang='grc' dir='ltr'>τὸ</span> <span class='ocrx_word' id='word_1_221' title='bbox 272 2555 382 2623; x_wconf 88' lang='grc' dir='ltr'>φῶς</span> <span class='ocrx_word' id='word_1_222' title='bbox 415 2555 774 2626; x_wconf 81' lang='grc' dir='ltr'>ὑποδείγματι</span> <span class='ocrx_word' id='word_1_223' title='bbox 819 2557 954 2627; x_wconf 79' lang='grc' dir='ltr'>πρὸς</span> <span class='ocrx_word' id='word_1_224' title='bbox 990 2557 1087 2629; x_wconf 80' lang='grc' dir='ltr'>τὴν</span> <span class='ocrx_word' id='word_1_225' title='bbox 1124 2559 1218 2612; x_wconf 84' lang='grc' dir='ltr'>τοῦ</span> <span class='ocrx_word' id='word_1_226' title='bbox 1267 2559 1430 2612; x_wconf 87' lang='grc' dir='ltr'>καλοῦ</span> <span class='ocrx_word' id='word_1_227' title='bbox 1460 2562 1764 2633; x_wconf 80' lang='grc' dir='ltr'>χρήσασθαι</span> 
     </span>
    </p>
   </div>
   <div class='ocr_carea' id='block_1_29' title="bbox 191 2646 1764 2722">
    <p class='ocr_par' dir='ltr' id='par_1_29' title="bbox 191 2646 1764 2722">
     <span class='ocr_line' id='line_1_29' title="bbox 191 2646 1764 2722; baseline 0.004 -22"><span class='ocrx_word' id='word_1_228' title='bbox 191 2646 393 2716; x_wconf 82' lang='grc' dir='ltr'>χρῆσιν.</span> <span class='ocrx_word' id='word_1_229' title='bbox 432 2647 648 2719; x_wconf 76' lang='grc' dir='ltr'>Ἐπειδὴ</span> <span class='ocrx_word' id='word_1_230' title='bbox 682 2648 786 2720; x_wconf 84' lang='grc' dir='ltr'>γὰρ</span> <span class='ocrx_word' id='word_1_231' title='bbox 811 2650 871 2703; x_wconf 82' lang='grc' dir='ltr'>τὸ</span> <span class='ocrx_word' id='word_1_232' title='bbox 901 2650 1088 2714; x_wconf 83' lang='grc' dir='ltr'>σκότος</span> <span class='ocrx_word' id='word_1_233' title='bbox 1125 2655 1192 2722; x_wconf 79' lang='grc' dir='ltr'>τῇ</span> <span class='ocrx_word' id='word_1_234' title='bbox 1233 2652 1426 2706; x_wconf 75' lang='grc' dir='ltr'>ἑαυτοῦ</span> <span class='ocrx_word' id='word_1_235' title='bbox 1472 2653 1626 2722; x_wconf 88' lang='grc' dir='ltr'>φύσει</span> <span class='ocrx_word' id='word_1_236' title='bbox 1673 2656 1764 2707; x_wconf 87' lang='grc' dir='ltr'>ἀν-</span> 
     </span>
    </p>
   </div>
   <div class='ocr_carea' id='block_1_30' title="bbox 193 2735 1762 2816">
    <p class='ocr_par' dir='ltr' id='par_1_30' title="bbox 193 2735 1762 2816">
     <span class='ocr_line' id='line_1_30' title="bbox 193 2735 1762 2816; baseline 0.007 -28"><span class='ocrx_word' id='word_1_237' title='bbox 193 2735 546 2808; x_wconf 83' lang='grc' dir='ltr'>ύπαρκτον(εί</span> <span class='ocrx_word' id='word_1_238' title='bbox 568 2739 676 2810; x_wconf 77' lang='grc' dir='ltr'>γὰρ</span> <span class='ocrx_word' id='word_1_239' title='bbox 708 2739 781 2812; x_wconf 85' lang='grc' dir='ltr'>μὴ</span> <span class='ocrx_word' id='word_1_240' title='bbox 809 2741 895 2812; x_wconf 78' lang='grc' dir='ltr'>εἴη</span> <span class='ocrx_word' id='word_1_241' title='bbox 931 2742 990 2795; x_wconf 86' lang='grc' dir='ltr'>τὺ</span> <span class='ocrx_word' id='word_1_242' title='bbox 1019 2743 1379 2814; x_wconf 76' lang='grc' dir='ltr'>ἀντιφράσσον</span> <span class='ocrx_word' id='word_1_243' title='bbox 1408 2761 1461 2797; x_wconf 89' lang='grc' dir='ltr'>τι</span> <span class='ocrx_word' id='word_1_244' title='bbox 1486 2743 1582 2816; x_wconf 80' lang='grc' dir='ltr'>τὴν</span> <span class='ocrx_word' id='word_1_245' title='bbox 1607 2745 1762 2816; x_wconf 84' lang='grc' dir='ltr'>ήλια-</span> 
     </span>
    </p>
   </div>
   <div class='ocr_carea' id='block_1_31' title="bbox 189 2829 1762 2910">
    <p class='ocr_par' dir='ltr' id='par_1_31' title="bbox 189 2829 1762 2910">
     <span class='ocr_line' id='line_1_31' title="bbox 189 2829 1762 2910; baseline 0.007 -28"><span class='ocrx_word' id='word_1_246' title='bbox 189 2829 282 2901; x_wconf 76' lang='grc' dir='ltr'>κὴν</span> <span class='ocrx_word' id='word_1_247' title='bbox 315 2831 530 2896; x_wconf 80' lang='grc' dir='ltr'>ἀκτῖνα,</span> <span class='ocrx_word' id='word_1_248' title='bbox 567 2830 756 2895; x_wconf 89' lang='grc' dir='ltr'>σκότος</span> <span class='ocrx_word' id='word_1_249' title='bbox 796 2833 896 2886; x_wconf 87' lang='grc' dir='ltr'>οὑκ</span> <span class='ocrx_word' id='word_1_250' title='bbox 927 2832 1209 2904; x_wconf 79' lang='grc' dir='ltr'>ἔσται),τὸ</span> <span class='ocrx_word' id='word_1_251' title='bbox 1251 2835 1307 2888; x_wconf 83' lang='grc' dir='ltr'>δὲ</span> <span class='ocrx_word' id='word_1_252' title='bbox 1338 2835 1452 2905; x_wconf 83' lang='grc' dir='ltr'>φῶς</span> <span class='ocrx_word' id='word_1_253' title='bbox 1502 2837 1634 2891; x_wconf 82' lang='grc' dir='ltr'>αὑτὸ</span> <span class='ocrx_word' id='word_1_254' title='bbox 1676 2841 1762 2910; x_wconf 78' lang='grc' dir='ltr'>ἐφ’</span> 
     </span>
    </p>
   </div>
   <div class='ocr_carea' id='block_1_32' title="bbox 187 2919 1760 3004">
    <p class='ocr_par' dir='ltr' id='par_1_32' title="bbox 187 2919 1760 3004">
     <span class='ocr_line' id='line_1_32' title="bbox 187 2919 1760 3004; baseline 0.009 -32"><span class='ocrx_word' id='word_1_255' title='bbox 187 2919 366 2974; x_wconf 70' lang='grc' dir='ltr'>ιιυτοῦ</span> <span class='ocrx_word' id='word_1_256' title='bbox 391 2924 542 2975; x_wconf 74' lang='grc' dir='ltr'>ἐστιν</span> <span class='ocrx_word' id='word_1_257' title='bbox 563 2924 619 2976; x_wconf 85' lang='grc' dir='ltr'>ὲν</span> <span class='ocrx_word' id='word_1_258' title='bbox 650 2923 755 2994; x_wconf 81' lang='grc' dir='ltr'>ίδίᾳ</span> <span class='ocrx_word' id='word_1_259' title='bbox 774 2923 929 2994; x_wconf 73' lang='grc' dir='ltr'>οὐσίᾳ</span> <span class='ocrx_word' id='word_1_260' title='bbox 950 2925 1208 2978; x_wconf 85' lang='grc' dir='ltr'>κατανοού</span> <span class='ocrx_word' id='word_1_261' title='bbox 1218 2943 1393 2996; x_wconf 89' lang='grc' dir='ltr'>μενον·</span> <span class='ocrx_word' id='word_1_262' title='bbox 1422 2928 1658 2984; x_wconf 88' lang='grc' dir='ltr'>δείκνυσι</span> <span class='ocrx_word' id='word_1_263' title='bbox 1684 2932 1760 3004; x_wconf 81' lang='grc' dir='ltr'>τῷ</span> 
     </span>
    </p>
   </div>
   <div class='ocr_carea' id='block_1_33' title="bbox 187 3011 1755 3090">
    <p class='ocr_par' dir='ltr' id='par_1_33' title="bbox 187 3011 1755 3090">
     <span class='ocr_line' id='line_1_33' title="bbox 187 3011 1755 3090; baseline 0.01 -28"><span class='ocrx_word' id='word_1_264' title='bbox 187 3011 559 3084; x_wconf 85' lang='grc' dir='ltr'>ὑποδείγματι.</span> <span class='ocrx_word' id='word_1_265' title='bbox 593 3015 674 3067; x_wconf 84' lang='grc' dir='ltr'>ὅτι</span> <span class='ocrx_word' id='word_1_266' title='bbox 696 3017 728 3085; x_wconf 86' lang='grc' dir='ltr'>ἡ</span> <span class='ocrx_word' id='word_1_267' title='bbox 760 3015 926 3068; x_wconf 88' lang='grc' dir='ltr'>κακία</span> <span class='ocrx_word' id='word_1_268' title='bbox 952 3016 1072 3070; x_wconf 83' lang='grc' dir='ltr'>καθ’</span> <span class='ocrx_word' id='word_1_269' title='bbox 1102 3018 1296 3088; x_wconf 81' lang='grc' dir='ltr'>ἑαυτὴν</span> <span class='ocrx_word' id='word_1_270' title='bbox 1317 3020 1418 3090; x_wconf 84' lang='grc' dir='ltr'>οὐχ</span> <span class='ocrx_word' id='word_1_271' title='bbox 1444 3021 1755 3089; x_wconf 82' lang='grc' dir='ltr'>ὑφίσταται,</span> 
     </span>
    </p>
   </div>
   <div class='ocr_carea' id='block_1_34' title="bbox 1889 542 3454 637">
    <p class='ocr_par' dir='ltr' id='par_1_34' title="bbox 1889 542 3454 637">
     <span class='ocr_line' id='line_1_34' title="bbox 1889 542 3454 637; baseline 0.016 -35"><span class='ocrx_word' id='word_1_272' title='bbox 1889 542 2052 604; x_wconf 80' lang='lat' dir='ltr'><strong>fecit?</strong></span> <span class='ocrx_word' id='word_1_273' title='bbox 2079 571 2097 602; x_wconf 75' lang='grc' dir='ltr'>ι</span> <span class='ocrx_word' id='word_1_274' title='bbox 2141 550 2309 606; x_wconf 84' lang='lat' dir='ltr'><strong>Docet</strong></span> <span class='ocrx_word' id='word_1_275' title='bbox 2340 567 2470 623; x_wconf 84' lang='lat' dir='ltr'><strong>ergo</strong></span> <span class='ocrx_word' id='word_1_276' title='bbox 2494 569 2745 624; x_wconf 68' lang='lat' dir='ltr'><strong>quaenam</strong></span> <span class='ocrx_word' id='word_1_277' title='bbox 2780 559 2851 612; x_wconf 92' lang='lat' dir='ltr'>sit</span> <span class='ocrx_word' id='word_1_278' title='bbox 2888 560 3127 618; x_wconf 89' lang='lat' dir='ltr'><strong>humana</strong></span> <span class='ocrx_word' id='word_1_279' title='bbox 3158 542 3454 637; x_wconf 77' lang='lat' dir='ltr'><strong>sapientia,</strong></span> 
     </span>
    </p>
   </div>
   <div class='ocr_carea' id='block_1_35' title="bbox 1883 643 3453 728">
    <p class='ocr_par' dir='ltr' id='par_1_35' title="bbox 1883 643 3453 728">
     <span class='ocr_line' id='line_1_35' title="bbox 1883 643 3453 728; baseline 0.016 -34"><span class='ocrx_word' id='word_1_280' title='bbox 1883 656 2080 711; x_wconf 86' lang='lat' dir='ltr'>nempe</span> <span class='ocrx_word' id='word_1_281' title='bbox 2114 643 2270 713; x_wconf 91' lang='lat' dir='ltr'><strong>sequi</strong></span> <span class='ocrx_word' id='word_1_282' title='bbox 2317 659 2436 698; x_wconf 89' lang='lat' dir='ltr'>eam</span> <span class='ocrx_word' id='word_1_283' title='bbox 2477 661 2598 715; x_wconf 67' lang='lat' dir='ltr'><strong>quae</strong></span> <span class='ocrx_word' id='word_1_284' title='bbox 2647 656 2730 704; x_wconf 89' lang='lat' dir='ltr'>est</span> <span class='ocrx_word' id='word_1_285' title='bbox 2762 665 2888 705; x_wconf 86' lang='lat' dir='ltr'><strong>vere</strong></span> <span class='ocrx_word' id='word_1_286' title='bbox 2935 655 3224 723; x_wconf 73' lang='lat' dir='ltr'>sapientia.</span> <span class='ocrx_word' id='word_1_287' title='bbox 3281 661 3453 728; x_wconf 83' lang='lat' dir='ltr'><strong>Quam</strong></span> 
     </span>
    </p>
   </div>
   <div class='ocr_carea' id='block_1_36' title="bbox 1881 737 3456 822">
    <p class='ocr_par' dir='ltr' id='par_1_36' title="bbox 1881 737 3456 822">
     <span class='ocr_line' id='line_1_36' title="bbox 1881 737 3456 822; baseline 0.018 -35"><span class='ocrx_word' id='word_1_288' title='bbox 1881 737 2050 789; x_wconf 87' lang='lat' dir='ltr'><strong>etiam</strong></span> <span class='ocrx_word' id='word_1_289' title='bbox 2102 738 2348 790; x_wconf 81' lang='lat' dir='ltr'>nominat</span> <span class='ocrx_word' id='word_1_290' title='bbox 2405 740 2720 806; x_wconf 86' lang='lat' dir='ltr'>consilium,</span> <span class='ocrx_word' id='word_1_291' title='bbox 2771 743 3010 802; x_wconf 87' lang='lat' dir='ltr'><strong>eiliciens</strong></span> <span class='ocrx_word' id='word_1_292' title='bbox 3041 765 3105 804; x_wconf 87' lang='lat' dir='ltr'>ea</span> <span class='ocrx_word' id='word_1_293' title='bbox 3161 768 3283 822; x_wconf 70' lang='lat' dir='ltr'><strong>qua:</strong></span> <span class='ocrx_word' id='word_1_294' title='bbox 3329 775 3456 816; x_wconf 71' lang='lat' dir='ltr'><strong>vene</strong></span> 
     </span>
    </p>
   </div>
   <div class='ocr_carea' id='block_1_37' title="bbox 1883 829 3454 905">
    <p class='ocr_par' dir='ltr' id='par_1_37' title="bbox 1883 829 3454 905">
     <span class='ocr_line' id='line_1_37' title="bbox 1883 829 3454 905; baseline 0.017 -26"><span class='ocrx_word' id='word_1_295' title='bbox 1883 832 2012 879; x_wconf 88' lang='lat' dir='ltr'><strong>sunt</strong></span> <span class='ocrx_word' id='word_1_296' title='bbox 2045 833 2100 880; x_wconf 90' lang='lat' dir='ltr'>et</span> <span class='ocrx_word' id='word_1_297' title='bbox 2130 829 2460 896; x_wconf 89' lang='lat' dir='ltr'><strong>consistunt,</strong></span> <span class='ocrx_word' id='word_1_298' title='bbox 2492 837 2548 884; x_wconf 85' lang='lat' dir='ltr'>et</span> <span class='ocrx_word' id='word_1_299' title='bbox 2585 833 2638 886; x_wconf 93' lang='lat' dir='ltr'><strong>in</strong></span> <span class='ocrx_word' id='word_1_300' title='bbox 2667 835 2904 891; x_wconf 89' lang='lat' dir='ltr'><strong>vanitate</strong></span> <span class='ocrx_word' id='word_1_301' title='bbox 2938 839 3162 898; x_wconf 91' lang='lat' dir='ltr'><strong>minime</strong></span> <span class='ocrx_word' id='word_1_302' title='bbox 3199 849 3454 905; x_wconf 85' lang='lat' dir='ltr'><strong>conside-</strong></span> 
     </span>
    </p>
   </div>
   <div class='ocr_carea' id='block_1_38' title="bbox 1882 917 3454 1001">
    <p class='ocr_par' dir='ltr' id='par_1_38' title="bbox 1882 917 3454 1001">
     <span class='ocr_line' id='line_1_38' title="bbox 1882 917 3454 1001; baseline 0.018 -32"><span class='ocrx_word' id='word_1_303' title='bbox 1882 925 2096 971; x_wconf 89' lang='lat' dir='ltr'><strong>rantur.</strong></span> <span class='ocrx_word' id='word_1_304' title='bbox 2127 917 2252 974; x_wconf 85' lang='lat' dir='ltr'><strong>Ilaec</strong></span> <span class='ocrx_word' id='word_1_305' title='bbox 2298 929 2382 1001; x_wconf 87' lang='lat' dir='ltr'>est</span> <span class='ocrx_word' id='word_1_306' title='bbox 2431 936 2642 977; x_wconf 91' lang='lat' dir='ltr'><strong>summa</strong></span> <span class='ocrx_word' id='word_1_307' title='bbox 2684 925 2937 984; x_wconf 78' lang='lat' dir='ltr'><strong>humanae</strong></span> <span class='ocrx_word' id='word_1_308' title='bbox 2969 934 3266 1001; x_wconf 83' lang='lat' dir='ltr'>sapientiae.</span> <span class='ocrx_word' id='word_1_309' title='bbox 3315 939 3454 997; x_wconf 85' lang='lat' dir='ltr'><strong>Vera</strong></span> 
     </span>
    </p>
   </div>
   <div class='ocr_carea' id='block_1_39' title="bbox 1883 1000 3451 1097">
    <p class='ocr_par' dir='ltr' id='par_1_39' title="bbox 1883 1000 3451 1097">
     <span class='ocr_line' id='line_1_39' title="bbox 1883 1000 3451 1097; baseline 0.017 -35"><span class='ocrx_word' id='word_1_310' title='bbox 1883 1019 2064 1064; x_wconf 88' lang='lat' dir='ltr'><strong>autem</strong></span> <span class='ocrx_word' id='word_1_311' title='bbox 2083 1011 2349 1079; x_wconf 88' lang='lat' dir='ltr'><strong>sapientia</strong></span> <span class='ocrx_word' id='word_1_312' title='bbox 2365 1000 2420 1067; x_wconf 85' lang='lat' dir='ltr'>et</span> <span class='ocrx_word' id='word_1_313' title='bbox 2441 1015 2755 1084; x_wconf 87' lang='lat' dir='ltr'><strong>consilium,</strong></span> <span class='ocrx_word' id='word_1_314' title='bbox 2776 1035 2895 1075; x_wconf 90' lang='lat' dir='ltr'>mea</span> <span class='ocrx_word' id='word_1_315' title='bbox 2917 1000 3135 1093; x_wconf 89' lang='lat' dir='ltr'><strong>quidem</strong></span> <span class='ocrx_word' id='word_1_316' title='bbox 3159 1034 3451 1097; x_wconf 73' lang='lat' dir='ltr'><strong>sententia,</strong></span> 
     </span>
    </p>
   </div>
   <div class='ocr_carea' id='block_1_40' title="bbox 1881 1100 3454 1190">
    <p class='ocr_par' dir='ltr' id='par_1_40' title="bbox 1881 1100 3454 1190">
     <span class='ocr_line' id='line_1_40' title="bbox 1881 1100 3454 1190; baseline 0.018 -38"><span class='ocrx_word' id='word_1_317' title='bbox 1881 1100 2021 1154; x_wconf 90' lang='lat' dir='ltr'><strong>nihil</strong></span> <span class='ocrx_word' id='word_1_318' title='bbox 2067 1110 2153 1156; x_wconf 89' lang='lat' dir='ltr'>est</span> <span class='ocrx_word' id='word_1_319' title='bbox 2212 1102 2363 1158; x_wconf 89' lang='lat' dir='ltr'><strong>aliud</strong></span> <span class='ocrx_word' id='word_1_320' title='bbox 2414 1121 2576 1174; x_wconf 91' lang='lat' dir='ltr'><strong>quam</strong></span> <span class='ocrx_word' id='word_1_321' title='bbox 2637 1111 2950 1179; x_wconf 87' lang='lat' dir='ltr'><strong>sapientia,</strong></span> <span class='ocrx_word' id='word_1_322' title='bbox 3019 1133 3142 1186; x_wconf 76' lang='lat' dir='ltr'><strong>quae</strong></span> <span class='ocrx_word' id='word_1_323' title='bbox 3201 1125 3454 1190; x_wconf 73' lang='lat' dir='ltr'><strong>providet</strong></span> 
     </span>
    </p>
   </div>
   <div class='ocr_carea' id='block_1_41' title="bbox 1880 1192 3450 1282">
    <p class='ocr_par' dir='ltr' id='par_1_41' title="bbox 1880 1192 3450 1282">
     <span class='ocr_line' id='line_1_41' title="bbox 1880 1192 3450 1282; baseline 0.017 -38"><span class='ocrx_word' id='word_1_324' title='bbox 1880 1192 2162 1248; x_wconf 85' lang='lat' dir='ltr'><strong>universo.</strong></span> <span class='ocrx_word' id='word_1_325' title='bbox 2202 1193 2276 1248; x_wconf 88' lang='lat' dir='ltr'><strong>Ea</strong></span> <span class='ocrx_word' id='word_1_326' title='bbox 2309 1203 2489 1250; x_wconf 87' lang='lat' dir='ltr'><strong>autem</strong></span> <span class='ocrx_word' id='word_1_327' title='bbox 2522 1204 2626 1262; x_wconf 85' lang='lat' dir='ltr'><strong>est,</strong></span> <span class='ocrx_word' id='word_1_328' title='bbox 2665 1200 2719 1255; x_wconf 93' lang='lat' dir='ltr'><strong>in</strong></span> <span class='ocrx_word' id='word_1_329' title='bbox 2755 1218 2863 1272; x_wconf 85' lang='lat' dir='ltr'>qua</span> <span class='ocrx_word' id='word_1_330' title='bbox 2891 1203 3034 1262; x_wconf 88' lang='lat' dir='ltr'><strong>Deus</strong></span> <span class='ocrx_word' id='word_1_331' title='bbox 3072 1208 3198 1265; x_wconf 81' lang='lat' dir='ltr'><strong>fecit</strong></span> <span class='ocrx_word' id='word_1_332' title='bbox 3244 1216 3450 1282; x_wconf 87' lang='lat' dir='ltr'><strong>omnia,</strong></span> 
     </span>
    </p>
   </div>
   <div class='ocr_carea' id='block_1_42' title="bbox 1880 1282 3454 1377">
    <p class='ocr_par' dir='ltr' id='par_1_42' title="bbox 1880 1282 3454 1377">
     <span class='ocr_line' id='line_1_42' title="bbox 1880 1282 3454 1377; baseline 0.018 -41"><span class='ocrx_word' id='word_1_333' title='bbox 1880 1282 2023 1337; x_wconf 91' lang='lat' dir='ltr'><strong>sicut</strong></span> <span class='ocrx_word' id='word_1_334' title='bbox 2050 1284 2185 1339; x_wconf 89' lang='lat' dir='ltr'><strong>dicit</strong></span> <span class='ocrx_word' id='word_1_335' title='bbox 2223 1285 2541 1354; x_wconf 87' lang='lat' dir='ltr'><strong>Propheta:</strong></span> <span class='ocrx_word' id='word_1_336' title='bbox 2591 1308 2609 1340; x_wconf 78' lang='grc' dir='ltr'>ι</span> <span class='ocrx_word' id='word_1_337' title='bbox 2647 1290 2840 1348; x_wconf 87' lang='lat' dir='ltr'><strong>Omnia</strong></span> <span class='ocrx_word' id='word_1_338' title='bbox 2900 1295 3078 1355; x_wconf 80' lang='lat' dir='ltr'><strong>fecisti</strong></span> <span class='ocrx_word' id='word_1_339' title='bbox 3129 1303 3185 1357; x_wconf 93' lang='lat' dir='ltr'><strong>in</strong></span> <span class='ocrx_word' id='word_1_340' title='bbox 3232 1308 3454 1377; x_wconf 90' lang='lat' dir='ltr'><strong>sapien-</strong></span> 
     </span>
    </p>
   </div>
   <div class='ocr_carea' id='block_1_43' title="bbox 1882 1373 3451 1456">
    <p class='ocr_par' dir='ltr' id='par_1_43' title="bbox 1882 1373 3451 1456">
     <span class='ocr_line' id='line_1_43' title="bbox 1882 1373 3451 1456; baseline 0.019 -30"><span class='ocrx_word' id='word_1_341' title='bbox 1882 1373 1952 1427; x_wconf 86' lang='lat' dir='ltr'><strong>tia</strong></span> <span class='ocrx_word' id='word_1_342' title='bbox 1983 1375 2048 1429; x_wconf 87' lang='grc'>⁷³.</span> <span class='ocrx_word' id='word_1_343' title='bbox 2091 1395 2110 1427; x_wconf 75' lang='grc' dir='ltr'>ι</span> <span class='ocrx_word' id='word_1_344' title='bbox 2160 1375 2411 1434; x_wconf 86' lang='lat' dir='ltr'><strong>Christus</strong></span> <span class='ocrx_word' id='word_1_345' title='bbox 2472 1387 2656 1436; x_wconf 89' lang='lat' dir='ltr'><strong>autem</strong></span> <span class='ocrx_word' id='word_1_346' title='bbox 2717 1391 2803 1440; x_wconf 88' lang='lat' dir='ltr'>est</span> <span class='ocrx_word' id='word_1_347' title='bbox 2861 1386 2958 1444; x_wconf 90' lang='lat' dir='ltr'>Dei</span> <span class='ocrx_word' id='word_1_348' title='bbox 3016 1392 3192 1450; x_wconf 86' lang='lat' dir='ltr'><strong>virtus</strong></span> <span class='ocrx_word' id='word_1_349' title='bbox 3243 1373 3312 1451; x_wconf 65' lang='grc' dir='ltr'>ει⁷</span> <span class='ocrx_word' id='word_1_350' title='bbox 3358 1398 3451 1456; x_wconf 90' lang='lat' dir='ltr'>Dei</span> 
     </span>
    </p>
   </div>
   <div class='ocr_carea' id='block_1_44' title="bbox 1879 1462 3450 1544">
    <p class='ocr_par' dir='ltr' id='par_1_44' title="bbox 1879 1462 3450 1544">
     <span class='ocr_line' id='line_1_44' title="bbox 1879 1462 3450 1544; baseline 0.018 -28"><span class='ocrx_word' id='word_1_351' title='bbox 1879 1462 2173 1532; x_wconf 82' lang='lat' dir='ltr'><strong>sapientia,</strong></span> <span class='ocrx_word' id='word_1_352' title='bbox 2225 1467 2279 1520; x_wconf 92' lang='lat' dir='ltr'><strong>in</strong></span> <span class='ocrx_word' id='word_1_353' title='bbox 2327 1482 2436 1538; x_wconf 91' lang='lat' dir='ltr'>qua</span> <span class='ocrx_word' id='word_1_354' title='bbox 2471 1471 2656 1526; x_wconf 86' lang='lat' dir='ltr'><strong>omnia</strong></span> <span class='ocrx_word' id='word_1_355' title='bbox 2693 1472 2839 1529; x_wconf 84' lang='lat' dir='ltr'><strong>facta</strong></span> <span class='ocrx_word' id='word_1_356' title='bbox 2891 1488 3020 1534; x_wconf 90' lang='lat' dir='ltr'><strong>sunt</strong></span> <span class='ocrx_word' id='word_1_357' title='bbox 3067 1491 3122 1537; x_wconf 90' lang='lat' dir='ltr'>et</span> <span class='ocrx_word' id='word_1_358' title='bbox 3175 1487 3450 1544; x_wconf 87' lang='lat' dir='ltr'><strong>ordinata.</strong></span> 
     </span>
    </p>
   </div>
   <div class='ocr_carea' id='block_1_45' title="bbox 1881 1550 3500 1642">
    <p class='ocr_par' dir='ltr' id='par_1_45' title="bbox 1881 1550 3500 1642">
     <span class='ocr_line' id='line_1_45' title="bbox 1881 1550 3500 1642; baseline 0.016 -36"><span class='ocrx_word' id='word_1_359' title='bbox 1881 1550 1938 1606; x_wconf 91' lang='lat' dir='ltr'><strong>Si</strong></span> <span class='ocrx_word' id='word_1_360' title='bbox 1975 1567 2106 1622; x_wconf 86' lang='lat' dir='ltr'><strong>ergo</strong></span> <span class='ocrx_word' id='word_1_361' title='bbox 2138 1554 2242 1609; x_wconf 90' lang='lat' dir='ltr'><strong>hoc</strong></span> <span class='ocrx_word' id='word_1_362' title='bbox 2269 1565 2354 1610; x_wconf 90' lang='lat' dir='ltr'><strong>est</strong></span> <span class='ocrx_word' id='word_1_363' title='bbox 2388 1557 2629 1614; x_wconf 89' lang='lat' dir='ltr'><strong>humana</strong></span> <span class='ocrx_word' id='word_1_364' title='bbox 2670 1563 2961 1632; x_wconf 89' lang='lat' dir='ltr'><strong>sapientia,</strong></span> <span class='ocrx_word' id='word_1_365' title='bbox 2997 1583 3138 1624; x_wconf 63' lang='lat' dir='ltr'><strong>vera:</strong></span> <span class='ocrx_word' id='word_1_366' title='bbox 3171 1573 3454 1642; x_wconf 74' lang='lat' dir='ltr'><strong>sapientia:</strong></span> <span class='ocrx_word' id='word_1_367' title='bbox 3490 1561 3500 1572; x_wconf 72' lang='grc'><em>’</em></span> 
     </span>
    </p>
   </div>
   <div class='ocr_carea' id='block_1_46' title="bbox 1879 1645 3450 1726">
    <p class='ocr_par' dir='ltr' id='par_1_46' title="bbox 1879 1645 3450 1726">
     <span class='ocr_line' id='line_1_46' title="bbox 1879 1645 3450 1726; baseline 0.016 -28"><span class='ocrx_word' id='word_1_368' title='bbox 1879 1655 1933 1698; x_wconf 88' lang='lat' dir='ltr'>et</span> <span class='ocrx_word' id='word_1_369' title='bbox 1963 1645 2183 1700; x_wconf 92' lang='lat' dir='ltr'><strong>consilii</strong></span> <span class='ocrx_word' id='word_1_370' title='bbox 2227 1662 2355 1702; x_wconf 84' lang='lat' dir='ltr'><strong>vera</strong></span> <span class='ocrx_word' id='word_1_371' title='bbox 2387 1664 2553 1720; x_wconf 82' lang='lat' dir='ltr'><strong>opera</strong></span> <span class='ocrx_word' id='word_1_372' title='bbox 2605 1657 3010 1726; x_wconf 89' lang='lat' dir='ltr'><strong>contemplari:</strong></span> <span class='ocrx_word' id='word_1_373' title='bbox 3064 1660 3214 1719; x_wconf 90' lang='lat' dir='ltr'><strong>illius</strong></span> <span class='ocrx_word' id='word_1_374' title='bbox 3269 1675 3450 1722; x_wconf 88' lang='lat' dir='ltr'><strong>autem</strong></span> 
     </span>
    </p>
   </div>
   <div class='ocr_carea' id='block_1_47' title="bbox 1880 1734 3451 1826">
    <p class='ocr_par' dir='ltr' id='par_1_47' title="bbox 1880 1734 3451 1826">
     <span class='ocr_line' id='line_1_47' title="bbox 1880 1734 3451 1826; baseline 0.019 -42"><span class='ocrx_word' id='word_1_375' title='bbox 1880 1734 2098 1788; x_wconf 89' lang='lat' dir='ltr'><strong>consilii</strong></span> <span class='ocrx_word' id='word_1_376' title='bbox 2129 1750 2273 1805; x_wconf 91' lang='lat' dir='ltr'><strong>opus</strong></span> <span class='ocrx_word' id='word_1_377' title='bbox 2298 1753 2392 1793; x_wconf 88' lang='lat' dir='ltr'>seu</span> <span class='ocrx_word' id='word_1_378' title='bbox 2423 1741 2725 1809; x_wconf 67' lang='lat' dir='ltr'><strong>sapientiae,</strong></span> <span class='ocrx_word' id='word_1_379' title='bbox 2759 1760 2881 1800; x_wconf 88' lang='lat' dir='ltr'><strong>mea</strong></span> <span class='ocrx_word' id='word_1_380' title='bbox 2910 1747 3128 1817; x_wconf 85' lang='lat' dir='ltr'><strong>quidem</strong></span> <span class='ocrx_word' id='word_1_381' title='bbox 3159 1760 3451 1826; x_wconf 87' lang='lat' dir='ltr'><strong>sententia,</strong></span> 
     </span>
    </p>
   </div>
   <div class='ocr_carea' id='block_1_48' title="bbox 1879 1825 3448 1911">
    <p class='ocr_par' dir='ltr' id='par_1_48' title="bbox 1879 1825 3448 1911">
     <span class='ocr_line' id='line_1_48' title="bbox 1879 1825 3448 1911; baseline 0.019 -34"><span class='ocrx_word' id='word_1_382' title='bbox 1879 1833 1965 1879; x_wconf 86' lang='lat' dir='ltr'><strong>est</strong></span> <span class='ocrx_word' id='word_1_383' title='bbox 1999 1825 2363 1898; x_wconf 87' lang='lat' dir='ltr'><strong>incorruptio,</strong></span> <span class='ocrx_word' id='word_1_384' title='bbox 2397 1839 2450 1885; x_wconf 91' lang='lat' dir='ltr'>et</span> <span class='ocrx_word' id='word_1_385' title='bbox 2483 1832 2680 1888; x_wconf 88' lang='lat' dir='ltr'><strong>animae</strong></span> <span class='ocrx_word' id='word_1_386' title='bbox 2722 1834 3030 1905; x_wconf 88' lang='lat' dir='ltr'><strong>beatitudo,</strong></span> <span class='ocrx_word' id='word_1_387' title='bbox 3065 1853 3118 1898; x_wconf 92' lang='lat' dir='ltr'>et</span> <span class='ocrx_word' id='word_1_388' title='bbox 3163 1843 3448 1911; x_wconf 78' lang='lat' dir='ltr'><strong>fortitudo.</strong></span> 
     </span>
    </p>
   </div>
   <div class='ocr_carea' id='block_1_49' title="bbox 1879 1920 3451 2007">
    <p class='ocr_par' dir='ltr' id='par_1_49' title="bbox 1879 1920 3451 2007">
     <span class='ocr_line' id='line_1_49' title="bbox 1879 1920 3451 2007; baseline 0.016 -33"><span class='ocrx_word' id='word_1_389' title='bbox 1879 1927 1932 1974; x_wconf 88' lang='lat' dir='ltr'>et</span> <span class='ocrx_word' id='word_1_390' title='bbox 1966 1920 2202 1988; x_wconf 88' lang='lat' dir='ltr'><strong>justitia,</strong></span> <span class='ocrx_word' id='word_1_391' title='bbox 2235 1931 2290 1978; x_wconf 89' lang='grc' dir='ltr'>ει</span> <span class='ocrx_word' id='word_1_392' title='bbox 2330 1925 2639 1994; x_wconf 89' lang='lat' dir='ltr'><strong>prudentia,</strong></span> <span class='ocrx_word' id='word_1_393' title='bbox 2667 1937 2721 1984; x_wconf 88' lang='lat' dir='ltr'><strong>et</strong></span> <span class='ocrx_word' id='word_1_394' title='bbox 2752 1933 3119 2005; x_wconf 88' lang='lat' dir='ltr'><strong>quodcunque</strong></span> <span class='ocrx_word' id='word_1_395' title='bbox 3148 1954 3370 2007; x_wconf 87' lang='lat' dir='ltr'><strong>nomen,</strong></span> <span class='ocrx_word' id='word_1_396' title='bbox 3396 1953 3451 1999; x_wconf 83' lang='lat' dir='ltr'>et</span> 
     </span>
    </p>
   </div>
   <div class='ocr_carea' id='block_1_50' title="bbox 1877 2012 3446 2100">
    <p class='ocr_par' dir='ltr' id='par_1_50' title="bbox 1877 2012 3446 2100">
     <span class='ocr_line' id='line_1_50' title="bbox 1877 2012 3446 2100; baseline 0.018 -40"><span class='ocrx_word' id='word_1_397' title='bbox 1877 2024 2223 2080; x_wconf 69' lang='lat' dir='ltr'><strong>quaecunque</strong></span> <span class='ocrx_word' id='word_1_398' title='bbox 2273 2015 2476 2070; x_wconf 88' lang='lat' dir='ltr'><strong>mentis</strong></span> <span class='ocrx_word' id='word_1_399' title='bbox 2529 2018 2681 2071; x_wconf 92' lang='lat' dir='ltr'><strong>notio</strong></span> <span class='ocrx_word' id='word_1_400' title='bbox 2732 2035 2798 2074; x_wconf 78' lang='lat' dir='ltr'>ex</span> <span class='ocrx_word' id='word_1_401' title='bbox 2847 2022 3052 2078; x_wconf 74' lang='lat' dir='ltr'><strong>virtute</strong></span> <span class='ocrx_word' id='word_1_402' title='bbox 3102 2012 3446 2100; x_wconf 78' lang='lat' dir='ltr'><strong>intelligitur,</strong></span> 
     </span>
    </p>
   </div>
   <div class='ocr_carea' id='block_1_51' title="bbox 1877 2101 3444 2188">
    <p class='ocr_par' dir='ltr' id='par_1_51' title="bbox 1877 2101 3444 2188">
     <span class='ocr_line' id='line_1_51' title="bbox 1877 2101 3444 2188; baseline 0.015 -35"><span class='ocrx_word' id='word_1_403' title='bbox 1877 2111 2280 2170; x_wconf 88' lang='lat' dir='ltr'><strong>consequenter</strong></span> <span class='ocrx_word' id='word_1_404' title='bbox 2310 2101 2449 2159; x_wconf 81' lang='lat' dir='ltr'><strong>forte</strong></span> <span class='ocrx_word' id='word_1_405' title='bbox 2465 2105 2793 2163; x_wconf 81' lang='lat' dir='ltr'><strong>adducimur</strong></span> <span class='ocrx_word' id='word_1_406' title='bbox 2814 2110 2879 2165; x_wconf 89' lang='lat' dir='ltr'>ad</span> <span class='ocrx_word' id='word_1_407' title='bbox 2905 2112 3033 2168; x_wconf 91' lang='lat' dir='ltr'><strong>boni</strong></span> <span class='ocrx_word' id='word_1_408' title='bbox 3053 2119 3444 2188; x_wconf 81' lang='lat' dir='ltr'>cognitionem.</span> 
     </span>
    </p>
   </div>
   <div class='ocr_carea' id='block_1_52' title="bbox 1878 2189 3445 2282">
    <p class='ocr_par' dir='ltr' id='par_1_52' title="bbox 1878 2189 3445 2282">
     <span class='ocr_line' id='line_1_52' title="bbox 1878 2189 3445 2282; baseline 0.018 -39"><span class='ocrx_word' id='word_1_409' title='bbox 1878 2189 2010 2244; x_wconf 78' lang='lat' dir='ltr'>Nam</span> <span class='ocrx_word' id='word_1_410' title='bbox 2076 2202 2390 2263; x_wconf 86' lang='lat' dir='ltr'><strong>postquam,</strong></span> <span class='ocrx_word' id='word_1_411' title='bbox 2440 2197 2638 2267; x_wconf 88' lang='lat' dir='ltr'><strong>inquit,</strong></span> <span class='ocrx_word' id='word_1_412' title='bbox 2689 2201 2805 2257; x_wconf 66' lang='lat' dir='ltr'><strong>haec</strong></span> <span class='ocrx_word' id='word_1_413' title='bbox 2873 2205 3022 2273; x_wconf 89' lang='lat' dir='ltr'><strong>vidi,</strong></span> <span class='ocrx_word' id='word_1_414' title='bbox 3071 2216 3331 2282; x_wconf 89' lang='lat' dir='ltr'><strong>tanquam</strong></span> <span class='ocrx_word' id='word_1_415' title='bbox 3391 2217 3445 2277; x_wconf 90' lang='lat' dir='ltr'><strong>in</strong></span> 
     </span>
    </p>
   </div>
   <div class='ocr_carea' id='block_1_53' title="bbox 1875 2285 3443 2375">
    <p class='ocr_par' dir='ltr' id='par_1_53' title="bbox 1875 2285 3443 2375">
     <span class='ocr_line' id='line_1_53' title="bbox 1875 2285 3443 2375; baseline 0.014 -37"><span class='ocrx_word' id='word_1_416' title='bbox 1875 2285 2082 2339; x_wconf 85' lang='lat' dir='ltr'><strong>trutina</strong></span> <span class='ocrx_word' id='word_1_417' title='bbox 2122 2285 2174 2340; x_wconf 91' lang='lat' dir='ltr'><strong>id</strong></span> <span class='ocrx_word' id='word_1_418' title='bbox 2208 2288 2353 2357; x_wconf 89' lang='lat' dir='ltr'><strong>quod</strong></span> <span class='ocrx_word' id='word_1_419' title='bbox 2404 2299 2489 2345; x_wconf 89' lang='lat' dir='ltr'>est</span> <span class='ocrx_word' id='word_1_420' title='bbox 2523 2292 2760 2348; x_wconf 88' lang='lat' dir='ltr'><strong>discrevi</strong></span> <span class='ocrx_word' id='word_1_421' title='bbox 2801 2296 2869 2351; x_wconf 87' lang='lat' dir='ltr'>ab</span> <span class='ocrx_word' id='word_1_422' title='bbox 2903 2314 2968 2353; x_wconf 89' lang='lat' dir='ltr'>eo</span> <span class='ocrx_word' id='word_1_423' title='bbox 2999 2303 3144 2370; x_wconf 90' lang='lat' dir='ltr'><strong>quod</strong></span> <span class='ocrx_word' id='word_1_424' title='bbox 3195 2321 3306 2360; x_wconf 92' lang='lat' dir='ltr'>non</span> <span class='ocrx_word' id='word_1_425' title='bbox 3336 2319 3443 2375; x_wconf 84' lang='lat' dir='ltr'><strong>est,</strong></span> 
     </span>
    </p>
   </div>
   <div class='ocr_carea' id='block_1_54' title="bbox 1874 2371 3443 2466">
    <p class='ocr_par' dir='ltr' id='par_1_54' title="bbox 1874 2371 3443 2466">
     <span class='ocr_line' id='line_1_54' title="bbox 1874 2371 3443 2466; baseline 0.018 -41"><span class='ocrx_word' id='word_1_426' title='bbox 1874 2377 1934 2425; x_wconf 93' lang='lat' dir='ltr'>ut</span> <span class='ocrx_word' id='word_1_427' title='bbox 1964 2371 2266 2430; x_wconf 85' lang='lat' dir='ltr'><strong>invenirem</strong></span> <span class='ocrx_word' id='word_1_428' title='bbox 2295 2376 2654 2435; x_wconf 68' lang='lat' dir='ltr'><strong>differentiam</strong></span> <span class='ocrx_word' id='word_1_429' title='bbox 2693 2385 2974 2454; x_wconf 63' lang='lat' dir='ltr'><strong>sapientia;</strong></span> <span class='ocrx_word' id='word_1_430' title='bbox 3010 2399 3064 2445; x_wconf 89' lang='lat' dir='ltr'>et</span> <span class='ocrx_word' id='word_1_431' title='bbox 3095 2371 3443 2466; x_wconf 49' lang='lat' dir='ltr'><strong>insipientia;</strong></span> 
     </span>
    </p>
   </div>
   <div class='ocr_carea' id='block_1_55' title="bbox 1873 2462 3447 2546">
    <p class='ocr_par' dir='ltr' id='par_1_55' title="bbox 1873 2462 3447 2546">
     <span class='ocr_line' id='line_1_55' title="bbox 1873 2462 3447 2546; baseline 0.02 -31"><span class='ocrx_word' id='word_1_432' title='bbox 1873 2462 2186 2532; x_wconf 86' lang='lat' dir='ltr'><strong>cujusmodi</strong></span> <span class='ocrx_word' id='word_1_433' title='bbox 2239 2467 2470 2524; x_wconf 74' lang='lat' dir='ltr'><strong>inveniri</strong></span> <span class='ocrx_word' id='word_1_434' title='bbox 2531 2481 2712 2541; x_wconf 86' lang='lat' dir='ltr'><strong>potest</strong></span> <span class='ocrx_word' id='word_1_435' title='bbox 2763 2476 2810 2532; x_wconf 87' lang='lat' dir='ltr'><strong>si</strong></span> <span class='ocrx_word' id='word_1_436' title='bbox 2869 2479 2963 2536; x_wconf 79' lang='lat' dir='ltr'><strong>lux</strong></span> <span class='ocrx_word' id='word_1_437' title='bbox 3027 2462 3338 2545; x_wconf 66' lang='lat' dir='ltr'><strong>adducatur</strong></span> <span class='ocrx_word' id='word_1_438' title='bbox 3393 2462 3447 2546; x_wconf 78' lang='lat' dir='ltr'>et</span> 
     </span>
    </p>
   </div>
   <div class='ocr_carea' id='block_1_56' title="bbox 1872 2561 3442 2636">
    <p class='ocr_par' dir='ltr' id='par_1_56' title="bbox 1872 2561 3442 2636">
     <span class='ocr_line' id='line_1_56' title="bbox 1872 2561 3442 2636; baseline 0.019 -30"><span class='ocrx_word' id='word_1_439' title='bbox 1872 2562 2148 2611; x_wconf 89' lang='lat' dir='ltr'><strong>statuatur</strong></span> <span class='ocrx_word' id='word_1_440' title='bbox 2207 2573 2272 2613; x_wconf 82' lang='lat' dir='ltr'>ex</span> <span class='ocrx_word' id='word_1_441' title='bbox 2335 2561 2569 2618; x_wconf 86' lang='lat' dir='ltr'><strong>adverso</strong></span> <span class='ocrx_word' id='word_1_442' title='bbox 2625 2567 2998 2626; x_wconf 89' lang='lat' dir='ltr'><strong>tenebrarum.</strong></span> <span class='ocrx_word' id='word_1_443' title='bbox 3068 2574 3197 2631; x_wconf 85' lang='lat' dir='ltr'><strong>Mihi</strong></span> <span class='ocrx_word' id='word_1_444' title='bbox 3261 2589 3442 2636; x_wconf 86' lang='lat' dir='ltr'><strong>autem</strong></span> 
     </span>
    </p>
   </div>
   <div class='ocr_carea' id='block_1_57' title="bbox 1869 2643 3440 2737">
    <p class='ocr_par' dir='ltr' id='par_1_57' title="bbox 1869 2643 3440 2737">
     <span class='ocr_line' id='line_1_57' title="bbox 1869 2643 3440 2737; baseline 0.018 -38"><span class='ocrx_word' id='word_1_445' title='bbox 1869 2646 2089 2702; x_wconf 88' lang='lat' dir='ltr'><strong>videtur</strong></span> <span class='ocrx_word' id='word_1_446' title='bbox 2119 2657 2244 2720; x_wconf 89' lang='lat' dir='ltr'><strong>apte</strong></span> <span class='ocrx_word' id='word_1_447' title='bbox 2273 2668 2409 2709; x_wconf 91' lang='lat' dir='ltr'><strong>usus</strong></span> <span class='ocrx_word' id='word_1_448' title='bbox 2439 2671 2561 2711; x_wconf 89' lang='lat' dir='ltr'><strong>esse</strong></span> <span class='ocrx_word' id='word_1_449' title='bbox 2606 2659 2856 2729; x_wconf 83' lang='lat' dir='ltr'><strong>exemplo</strong></span> <span class='ocrx_word' id='word_1_450' title='bbox 2908 2663 2974 2716; x_wconf 82' lang='lat' dir='ltr'>ad</span> <span class='ocrx_word' id='word_1_451' title='bbox 3021 2643 3440 2737; x_wconf 73' lang='lat' dir='ltr'><strong>signiﬁcandum</strong></span> 
     </span>
    </p>
   </div>
   <div class='ocr_carea' id='block_1_58' title="bbox 1871 2739 3438 2818">
    <p class='ocr_par' dir='ltr' id='par_1_58' title="bbox 1871 2739 3438 2818">
     <span class='ocr_line' id='line_1_58' title="bbox 1871 2739 3438 2818; baseline 0.018 -28"><span class='ocrx_word' id='word_1_452' title='bbox 1871 2752 2033 2792; x_wconf 91' lang='lat' dir='ltr'><strong>usum</strong></span> <span class='ocrx_word' id='word_1_453' title='bbox 2065 2739 2206 2808; x_wconf 87' lang='lat' dir='ltr'><strong>ejus,</strong></span> <span class='ocrx_word' id='word_1_454' title='bbox 2258 2743 2402 2812; x_wconf 91' lang='lat' dir='ltr'><strong>quod</strong></span> <span class='ocrx_word' id='word_1_455' title='bbox 2457 2746 2660 2801; x_wconf 92' lang='lat' dir='ltr'><strong>bonum</strong></span> <span class='ocrx_word' id='word_1_456' title='bbox 2693 2757 2778 2806; x_wconf 88' lang='lat' dir='ltr'>est</span> <span class='ocrx_word' id='word_1_457' title='bbox 2824 2758 2878 2807; x_wconf 89' lang='lat' dir='ltr'>et</span> <span class='ocrx_word' id='word_1_458' title='bbox 2934 2753 3249 2814; x_wconf 89' lang='lat' dir='ltr'><strong>honestum.</strong></span> <span class='ocrx_word' id='word_1_459' title='bbox 3303 2761 3438 2818; x_wconf 87' lang='lat' dir='ltr'>Nam</span> 
     </span>
    </p>
   </div>
   <div class='ocr_carea' id='block_1_59' title="bbox 1869 2831 3438 2922">
    <p class='ocr_par' dir='ltr' id='par_1_59' title="bbox 1869 2831 3438 2922">
     <span class='ocr_line' id='line_1_59' title="bbox 1869 2831 3438 2922; baseline 0.017 -40"><span class='ocrx_word' id='word_1_460' title='bbox 1869 2831 2126 2898; x_wconf 92' lang='lat' dir='ltr'><strong>quoniam</strong></span> <span class='ocrx_word' id='word_1_461' title='bbox 2176 2835 2414 2890; x_wconf 82' lang='lat' dir='ltr'><strong>tenebrae</strong></span> <span class='ocrx_word' id='word_1_462' title='bbox 2443 2853 2539 2894; x_wconf 88' lang='lat' dir='ltr'>sua</span> <span class='ocrx_word' id='word_1_463' title='bbox 2587 2849 2782 2896; x_wconf 87' lang='lat' dir='ltr'><strong>natura</strong></span> <span class='ocrx_word' id='word_1_464' title='bbox 2814 2844 3040 2902; x_wconf 89' lang='lat' dir='ltr'><strong>minime</strong></span> <span class='ocrx_word' id='word_1_465' title='bbox 3087 2853 3438 2922; x_wconf 83' lang='lat' dir='ltr'><strong>consistunt;</strong></span> 
     </span>
    </p>
   </div>
   <div class='ocr_carea' id='block_1_60' title="bbox 1869 2920 3439 3002">
    <p class='ocr_par' dir='ltr' id='par_1_60' title="bbox 1869 2920 3439 3002">
     <span class='ocr_line' id='line_1_60' title="bbox 1869 2920 3439 3002; baseline 0.018 -28"><span class='ocrx_word' id='word_1_466' title='bbox 1869 2920 1915 2974; x_wconf 88' lang='lat' dir='ltr'><strong>si</strong></span> <span class='ocrx_word' id='word_1_467' title='bbox 1943 2921 2089 2975; x_wconf 90' lang='lat' dir='ltr'><strong>enim</strong></span> <span class='ocrx_word' id='word_1_468' title='bbox 2141 2937 2248 2977; x_wconf 92' lang='lat' dir='ltr'>non</span> <span class='ocrx_word' id='word_1_469' title='bbox 2284 2935 2433 2980; x_wconf 90' lang='lat' dir='ltr'><strong>esset</strong></span> <span class='ocrx_word' id='word_1_470' title='bbox 2478 2929 2681 2998; x_wconf 89' lang='lat' dir='ltr'><strong>aliquid</strong></span> <span class='ocrx_word' id='word_1_471' title='bbox 2737 2935 2882 3002; x_wconf 93' lang='lat' dir='ltr'><strong>quod</strong></span> <span class='ocrx_word' id='word_1_472' title='bbox 2944 2937 3077 2994; x_wconf 89' lang='lat' dir='ltr'><strong>solis</strong></span> <span class='ocrx_word' id='word_1_473' title='bbox 3127 2942 3312 3000; x_wconf 91' lang='lat' dir='ltr'><strong>radios</strong></span> <span class='ocrx_word' id='word_1_474' title='bbox 3338 2920 3439 3001; x_wconf 43' lang='lat' dir='ltr'>ob;</span> 
     </span>
    </p>
   </div>
   <div class='ocr_carea' id='block_1_61' title="bbox 1868 3019 3437 3105">
    <p class='ocr_par' dir='ltr' id='par_1_61' title="bbox 1868 3019 3437 3105">
     <span class='ocr_line' id='line_1_61' title="bbox 1868 3019 3437 3105; baseline 0.017 -39"><span class='ocrx_word' id='word_1_475' title='bbox 1868 3019 2140 3076; x_wconf 85' lang='lat' dir='ltr'><strong>strueret,</strong></span> <span class='ocrx_word' id='word_1_476' title='bbox 2172 3029 2282 3070; x_wconf 91' lang='lat' dir='ltr'>non</span> <span class='ocrx_word' id='word_1_477' title='bbox 2317 3025 2503 3072; x_wconf 87' lang='lat' dir='ltr'><strong>essent</strong></span> <span class='ocrx_word' id='word_1_478' title='bbox 2535 3023 2808 3092; x_wconf 62' lang='lat' dir='ltr'><strong>tenebrae;</strong></span> <span class='ocrx_word' id='word_1_479' title='bbox 2857 3027 2948 3083; x_wconf 82' lang='lat' dir='ltr'>lux</span> <span class='ocrx_word' id='word_1_480' title='bbox 2993 3041 3176 3087; x_wconf 87' lang='lat' dir='ltr'><strong>autem</strong></span> <span class='ocrx_word' id='word_1_481' title='bbox 3231 3035 3348 3105; x_wconf 87' lang='lat' dir='ltr'><strong>ipsa</strong></span> <span class='ocrx_word' id='word_1_482' title='bbox 3384 3039 3437 3092; x_wconf 92' lang='lat' dir='ltr'><strong>in</strong></span> 
     </span>
    </p>
   </div>
   <div class='ocr_carea' id='block_1_62' title="bbox 186 3103 1761 3199">
    <p class='ocr_par' dir='ltr' id='par_1_62' title="bbox 186 3103 1757 3178">
     <span class='ocr_line' id='line_1_62' title="bbox 186 3103 1757 3178; baseline 0.008 -23"><span class='ocrx_word' id='word_1_483' title='bbox 186 3103 310 3156; x_wconf 86' lang='grc' dir='ltr'>ἀλλά</span> <span class='ocrx_word' id='word_1_484' title='bbox 340 3107 404 3176; x_wconf 83' lang='grc' dir='ltr'>τῇ</span> <span class='ocrx_word' id='word_1_485' title='bbox 450 3106 703 3176; x_wconf 79' lang='grc' dir='ltr'>στερήσει</span> <span class='ocrx_word' id='word_1_486' title='bbox 747 3106 842 3158; x_wconf 89' lang='grc' dir='ltr'>τοῦ</span> <span class='ocrx_word' id='word_1_487' title='bbox 881 3107 1087 3175; x_wconf 80' lang='grc' dir='ltr'>ἀγαθοῦ</span> <span class='ocrx_word' id='word_1_488' title='bbox 1137 3111 1575 3178; x_wconf 80' lang='grc' dir='ltr'>παρυφίσταται·</span> <span class='ocrx_word' id='word_1_489' title='bbox 1605 3114 1664 3167; x_wconf 85' lang='grc' dir='ltr'>τὸ</span> <span class='ocrx_word' id='word_1_490' title='bbox 1702 3115 1757 3167; x_wconf 83' lang='grc' dir='ltr'>δὲ</span> 
     </span>
    </p>
   </div>
   <div class='ocr_carea' id='block_1_63' title="bbox 1866 3103 3438 3199">
    <p class='ocr_par' dir='ltr' id='par_1_63' title="bbox 1867 3103 3438 3199">
     <span class='ocr_line' id='line_1_63' title="bbox 1867 3103 3438 3199; baseline 0.018 -45"><span class='ocrx_word' id='word_1_491' title='bbox 1867 3114 1927 3154; x_wconf 84' lang='grc' dir='ltr'>εε</span> <span class='ocrx_word' id='word_1_492' title='bbox 1956 3108 2063 3165; x_wconf 89' lang='grc' dir='ltr'>εει,</span> <span class='ocrx_word' id='word_1_493' title='bbox 2093 3109 2148 3157; x_wconf 89' lang='grc' dir='ltr'>ει</span> <span class='ocrx_word' id='word_1_494' title='bbox 2181 3103 2235 3158; x_wconf 90' lang='lat' dir='ltr'>in</span> <span class='ocrx_word' id='word_1_495' title='bbox 2268 3108 2489 3177; x_wconf 85' lang='lat' dir='ltr'><strong>propria</strong></span> <span class='ocrx_word' id='word_1_496' title='bbox 2516 3110 2842 3184; x_wconf 81' lang='lat' dir='ltr'><strong>intelligitur</strong></span> <span class='ocrx_word' id='word_1_497' title='bbox 2867 3123 3107 3176; x_wconf 89' lang='lat' dir='ltr'><strong>essentia</strong></span> <span class='ocrx_word' id='word_1_498' title='bbox 3139 3143 3152 3179; x_wconf 93' lang='lat'><strong>:</strong></span> <span class='ocrx_word' id='word_1_499' title='bbox 3185 3103 3438 3199; x_wconf 78' lang='lat' dir='ltr'><strong>exemplo</strong></span> 
     </span>
    </p>
   </div>
   <div class='ocr_carea' id='block_1_64' title="bbox 187 3191 1761 3271">
    <p class='ocr_par' dir='ltr' id='par_1_64' title="bbox 187 3191 1761 3271">
     <span class='ocr_line' id='line_1_64' title="bbox 187 3191 1761 3271; baseline 0.008 -26"><span class='ocrx_word' id='word_1_500' title='bbox 187 3191 372 3258; x_wconf 84' lang='grc' dir='ltr'>ἀγαθὸν</span> <span class='ocrx_word' id='word_1_501' title='bbox 405 3194 496 3247; x_wconf 76' lang='grc' dir='ltr'>ἀεὶ</span> <span class='ocrx_word' id='word_1_502' title='bbox 527 3193 788 3258; x_wconf 84' lang='grc' dir='ltr'>ὡσαύτως</span> <span class='ocrx_word' id='word_1_503' title='bbox 814 3195 924 3265; x_wconf 80' lang='grc' dir='ltr'>ἔχει</span> <span class='ocrx_word' id='word_1_504' title='bbox 959 3197 1182 3268; x_wconf 84' lang='grc' dir='ltr'>μόνιμόν</span> <span class='ocrx_word' id='word_1_505' title='bbox 1215 3217 1272 3252; x_wconf 91' lang='grc' dir='ltr'>τε</span> <span class='ocrx_word' id='word_1_506' title='bbox 1300 3201 1392 3253; x_wconf 82' lang='grc' dir='ltr'>καὶ</span> <span class='ocrx_word' id='word_1_507' title='bbox 1427 3202 1642 3271; x_wconf 87' lang='grc' dir='ltr'>πάγιον,</span> <span class='ocrx_word' id='word_1_508' title='bbox 1668 3205 1761 3258; x_wconf 77' lang='grc' dir='ltr'>καὶ</span> 
     </span>
    </p>
   </div>
   <div class='ocr_carea' id='block_1_65' title="bbox 184 3281 1763 3368">
    <p class='ocr_par' dir='ltr' id='par_1_65' title="bbox 184 3281 1763 3368">
     <span class='ocr_line' id='line_1_65' title="bbox 184 3281 1763 3368; baseline 0.011 -34"><span class='ocrx_word' id='word_1_509' title='bbox 184 3281 395 3355; x_wconf 78' lang='grc' dir='ltr'>οὐδεμιᾷ</span> <span class='ocrx_word' id='word_1_510' title='bbox 436 3301 585 3348; x_wconf 86' lang='grc' dir='ltr'>τινος</span> <span class='ocrx_word' id='word_1_511' title='bbox 623 3289 1009 3361; x_wconf 75' lang='grc' dir='ltr'>προηγουμένη</span> <span class='ocrx_word' id='word_1_512' title='bbox 1058 3291 1310 3362; x_wconf 82' lang='grc' dir='ltr'>στερήσει</span> <span class='ocrx_word' id='word_1_513' title='bbox 1354 3298 1763 3368; x_wconf 84' lang='grc' dir='ltr'>παρυφιστάμε-</span> 
     </span>
    </p>
   </div>
   <div class='ocr_carea' id='block_1_66' title="bbox 185 3376 1760 3458">
    <p class='ocr_par' dir='ltr' id='par_1_66' title="bbox 185 3376 1760 3458">
     <span class='ocr_line' id='line_1_66' title="bbox 185 3376 1760 3458; baseline 0.009 -29"><span class='ocrx_word' id='word_1_514' title='bbox 185 3389 284 3429; x_wconf 76' lang='lat' dir='ltr'>tm.</span> <span class='ocrx_word' id='word_1_515' title='bbox 311 3376 382 3429; x_wconf 88' lang='grc' dir='ltr'>Τὸ</span> <span class='ocrx_word' id='word_1_516' title='bbox 420 3376 480 3430; x_wconf 82' lang='grc' dir='ltr'>δὲ</span> <span class='ocrx_word' id='word_1_517' title='bbox 523 3379 587 3430; x_wconf 87' lang='grc' dir='ltr'>ὲκ</span> <span class='ocrx_word' id='word_1_518' title='bbox 615 3376 707 3431; x_wconf 88' lang='grc' dir='ltr'>τοῦ</span> <span class='ocrx_word' id='word_1_519' title='bbox 732 3379 968 3433; x_wconf 78' lang='grc' dir='ltr'>ἐναντίου</span> <span class='ocrx_word' id='word_1_520' title='bbox 999 3380 1076 3451; x_wconf 82' lang='grc' dir='ltr'>τῷ</span> <span class='ocrx_word' id='word_1_521' title='bbox 1097 3381 1288 3454; x_wconf 84' lang='grc' dir='ltr'>ἀγαθῷ</span> <span class='ocrx_word' id='word_1_522' title='bbox 1327 3385 1613 3458; x_wconf 87' lang='grc' dir='ltr'>νοούμενον</span> <span class='ocrx_word' id='word_1_523' title='bbox 1638 3391 1760 3442; x_wconf 83' lang='grc' dir='ltr'>κατ’</span> 
     </span>
    </p>
   </div>
   <div class='ocr_carea' id='block_1_67' title="bbox 185 3460 1760 3541">
    <p class='ocr_par' dir='ltr' id='par_1_67' title="bbox 185 3460 1760 3541">
     <span class='ocr_line' id='line_1_67' title="bbox 185 3460 1760 3541; baseline 0.013 -29"><span class='ocrx_word' id='word_1_524' title='bbox 185 3460 357 3515; x_wconf 77' lang='grc' dir='ltr'>οὐσίαν</span> <span class='ocrx_word' id='word_1_525' title='bbox 389 3463 491 3516; x_wconf 90' lang='grc' dir='ltr'>οὑκ</span> <span class='ocrx_word' id='word_1_526' title='bbox 530 3463 674 3519; x_wconf 77' lang='grc' dir='ltr'>ἔστιν</span> <span class='ocrx_word' id='word_1_527' title='bbox 693 3481 705 3493; x_wconf 88' lang='grc'><strong>·</strong></span> <span class='ocrx_word' id='word_1_528' title='bbox 733 3465 762 3518; x_wconf 81' lang='grc' dir='ltr'>δ</span> <span class='ocrx_word' id='word_1_529' title='bbox 798 3465 908 3538; x_wconf 91' lang='grc' dir='ltr'>γάρ</span> <span class='ocrx_word' id='word_1_530' title='bbox 951 3469 1036 3538; x_wconf 78' lang='grc' dir='ltr'>ἐφ’</span> <span class='ocrx_word' id='word_1_531' title='bbox 1062 3471 1257 3525; x_wconf 81' lang='grc' dir='ltr'>ἑαυτοῦ</span> <span class='ocrx_word' id='word_1_532' title='bbox 1290 3474 1390 3528; x_wconf 91' lang='grc' dir='ltr'>οὑκ</span> <span class='ocrx_word' id='word_1_533' title='bbox 1417 3474 1582 3541; x_wconf 73' lang='grc' dir='ltr'>ἔστιν,</span> <span class='ocrx_word' id='word_1_534' title='bbox 1607 3478 1760 3533; x_wconf 82' lang='grc' dir='ltr'>οὐδέν</span> 
     </span>
    </p>
   </div>
   <div class='ocr_carea' id='block_1_68' title="bbox 185 3550 1754 3639">
    <p class='ocr_par' dir='ltr' id='par_1_68' title="bbox 185 3550 1754 3639">
     <span class='ocr_line' id='line_1_68' title="bbox 185 3550 1754 3639; baseline 0.015 -38"><span class='ocrx_word' id='word_1_535' title='bbox 185 3550 322 3605; x_wconf 81' lang='grc' dir='ltr'>ἐστιν</span> <span class='ocrx_word' id='word_1_536' title='bbox 347 3554 516 3616; x_wconf 81' lang='grc' dir='ltr'>ὅλως·</span> <span class='ocrx_word' id='word_1_537' title='bbox 548 3557 802 3627; x_wconf 83' lang='grc' dir='ltr'>στέρησις</span> <span class='ocrx_word' id='word_1_538' title='bbox 831 3558 940 3630; x_wconf 91' lang='grc' dir='ltr'>γάρ</span> <span class='ocrx_word' id='word_1_539' title='bbox 985 3560 1078 3614; x_wconf 89' lang='grc' dir='ltr'>τοῦ</span> <span class='ocrx_word' id='word_1_540' title='bbox 1121 3564 1273 3629; x_wconf 73' lang='grc' dir='ltr'>ὄντος</span> <span class='ocrx_word' id='word_1_541' title='bbox 1315 3567 1463 3620; x_wconf 76' lang='grc' dir='ltr'>ἐστὶν</span> <span class='ocrx_word' id='word_1_542' title='bbox 1495 3571 1528 3639; x_wconf 81' lang='grc' dir='ltr'>ἡ</span> <span class='ocrx_word' id='word_1_543' title='bbox 1567 3571 1754 3636; x_wconf 85' lang='grc' dir='ltr'>κακία,</span> 
     </span>
    </p>
   </div>
   <div class='ocr_carea' id='block_1_69' title="bbox 183 3641 1757 3730">
    <p class='ocr_par' dir='ltr' id='par_1_69' title="bbox 183 3641 1757 3730">
     <span class='ocr_line' id='line_1_69' title="bbox 183 3641 1757 3730; baseline 0.014 -36"><span class='ocrx_word' id='word_1_544' title='bbox 183 3641 267 3695; x_wconf 76' lang='grc' dir='ltr'>καὶ</span> <span class='ocrx_word' id='word_1_545' title='bbox 302 3645 417 3716; x_wconf 82' lang='grc' dir='ltr'>οὐχὶ</span> <span class='ocrx_word' id='word_1_546' title='bbox 460 3645 715 3718; x_wconf 83' lang='grc' dir='ltr'>ῦπαρξις.</span> <span class='ocrx_word' id='word_1_547' title='bbox 763 3650 883 3720; x_wconf 85' lang='grc' dir='ltr'>Ἰση</span> <span class='ocrx_word' id='word_1_548' title='bbox 920 3652 1097 3706; x_wconf 88' lang='grc' dir='ltr'>τοίνυν</span> <span class='ocrx_word' id='word_1_549' title='bbox 1127 3657 1159 3726; x_wconf 79' lang='grc' dir='ltr'>ἡ</span> <span class='ocrx_word' id='word_1_550' title='bbox 1187 3656 1414 3728; x_wconf 87' lang='grc' dir='ltr'>διαφορά</span> <span class='ocrx_word' id='word_1_551' title='bbox 1456 3659 1550 3712; x_wconf 89' lang='grc' dir='ltr'>τοῦ</span> <span class='ocrx_word' id='word_1_552' title='bbox 1581 3663 1757 3730; x_wconf 82' lang='grc' dir='ltr'>φωτὸς</span> 
     </span>
    </p>
   </div>
   <div class='ocr_carea' id='block_1_70' title="bbox 181 3734 1752 3822">
    <p class='ocr_par' dir='ltr' id='par_1_70' title="bbox 181 3734 1752 3822">
     <span class='ocr_line' id='line_1_70' title="bbox 181 3734 1752 3822; baseline 0.013 -35"><span class='ocrx_word' id='word_1_553' title='bbox 181 3734 308 3801; x_wconf 72' lang='grc' dir='ltr'>πρὸς</span> <span class='ocrx_word' id='word_1_554' title='bbox 331 3737 387 3790; x_wconf 82' lang='grc' dir='ltr'>τὸ</span> <span class='ocrx_word' id='word_1_555' title='bbox 410 3738 622 3803; x_wconf 88' lang='grc' dir='ltr'>σκότος,</span> <span class='ocrx_word' id='word_1_556' title='bbox 641 3740 855 3811; x_wconf 73' lang='grc' dir='ltr'>καὶτῆς</span> <span class='ocrx_word' id='word_1_557' title='bbox 879 3744 1070 3812; x_wconf 87' lang='grc' dir='ltr'>σοφίας</span> <span class='ocrx_word' id='word_1_558' title='bbox 1095 3747 1231 3817; x_wconf 86' lang='grc' dir='ltr'>πρὸς</span> <span class='ocrx_word' id='word_1_559' title='bbox 1255 3749 1566 3822; x_wconf 84' lang='grc' dir='ltr'>ἀφροσύνην</span> <span class='ocrx_word' id='word_1_560' title='bbox 1584 3755 1752 3809; x_wconf 84' lang='grc' dir='ltr'>ἐστίν.</span> 
     </span>
    </p>
   </div>
   <div class='ocr_carea' id='block_1_71' title="bbox 191 3822 1754 3915">
    <p class='ocr_par' dir='ltr' id='par_1_71' title="bbox 191 3822 1754 3915">
     <span class='ocr_line' id='line_1_71' title="bbox 191 3822 1754 3915; baseline 0.013 -38"><span class='ocrx_word' id='word_1_561' title='bbox 191 3822 312 3878; x_wconf 82' lang='grc' dir='ltr'>Ἀπὺ</span> <span class='ocrx_word' id='word_1_562' title='bbox 339 3828 539 3896; x_wconf 81' lang='grc' dir='ltr'>μέρους</span> <span class='ocrx_word' id='word_1_563' title='bbox 577 3830 684 3900; x_wconf 82' lang='grc' dir='ltr'>γὰρ</span> <span class='ocrx_word' id='word_1_564' title='bbox 723 3831 869 3885; x_wconf 75' lang='grc' dir='ltr'>ἅπαν</span> <span class='ocrx_word' id='word_1_565' title='bbox 909 3834 969 3886; x_wconf 86' lang='grc' dir='ltr'>τὸ</span> <span class='ocrx_word' id='word_1_566' title='bbox 1008 3835 1210 3903; x_wconf 83' lang='grc' dir='ltr'>ἀγαθὸν</span> <span class='ocrx_word' id='word_1_567' title='bbox 1253 3839 1644 3910; x_wconf 79' lang='grc' dir='ltr'>περιλαμϐάνει</span> <span class='ocrx_word' id='word_1_568' title='bbox 1675 3844 1754 3915; x_wconf 82' lang='grc' dir='ltr'>τῷ</span> 
     </span>
    </p>
   </div>
   <div class='ocr_carea' id='block_1_72' title="bbox 179 3913 1752 4001">
    <p class='ocr_par' dir='ltr' id='par_1_72' title="bbox 179 3913 1752 4001">
     <span class='ocr_line' id='line_1_72' title="bbox 179 3913 1752 4001; baseline 0.016 -35"><span class='ocrx_word' id='word_1_569' title='bbox 179 3913 269 3984; x_wconf 83' lang='grc' dir='ltr'>τῆς</span> <span class='ocrx_word' id='word_1_570' title='bbox 297 3919 486 3988; x_wconf 89' lang='grc' dir='ltr'>σοφίας</span> <span class='ocrx_word' id='word_1_571' title='bbox 529 3921 775 3992; x_wconf 89' lang='grc' dir='ltr'>ὀνόματι,</span> <span class='ocrx_word' id='word_1_572' title='bbox 808 3925 900 3977; x_wconf 75' lang='grc' dir='ltr'>καὶ</span> <span class='ocrx_word' id='word_1_573' title='bbox 943 3928 1006 3996; x_wconf 83' lang='grc' dir='ltr'>τῇ</span> <span class='ocrx_word' id='word_1_574' title='bbox 1052 3928 1330 4001; x_wconf 80' lang='grc' dir='ltr'>ἀφροσύνῃ</span> <span class='ocrx_word' id='word_1_575' title='bbox 1363 3933 1541 3987; x_wconf 83' lang='grc' dir='ltr'>πᾶσαν</span> <span class='ocrx_word' id='word_1_576' title='bbox 1579 3913 1752 3990; x_wconf 85' lang='grc' dir='ltr'>κακοῦ</span> 
     </span>
    </p>
   </div>
   <div class='ocr_carea' id='block_1_73' title="bbox 179 4007 1751 4092">
    <p class='ocr_par' dir='ltr' id='par_1_73' title="bbox 179 4007 1751 4092">
     <span class='ocr_line' id='line_1_73' title="bbox 179 4007 1751 4092; baseline 0.014 -33"><span class='ocrx_word' id='word_1_577' title='bbox 179 4007 327 4092; x_wconf 79' lang='grc' dir='ltr'>φύσιν</span> <span class='ocrx_word' id='word_1_578' title='bbox 374 4013 785 4084; x_wconf 88' lang='grc' dir='ltr'>συνερμηνεύει.</span> <span class='ocrx_word' id='word_1_579' title='bbox 827 4015 986 4069; x_wconf 83' lang='grc' dir='ltr'>Ἀλλά</span> <span class='ocrx_word' id='word_1_580' title='bbox 1027 4019 1082 4070; x_wconf 89' lang='grc' dir='ltr'>τί</span> <span class='ocrx_word' id='word_1_581' title='bbox 1130 4019 1320 4090; x_wconf 79' lang='grc' dir='ltr'>κέρδος</span> <span class='ocrx_word' id='word_1_582' title='bbox 1360 4023 1490 4092; x_wconf 81' lang='grc' dir='ltr'>ἡμῖν</span> <span class='ocrx_word' id='word_1_583' title='bbox 1547 4026 1611 4080; x_wconf 81' lang='grc' dir='ltr'>ἐκ</span> <span class='ocrx_word' id='word_1_584' title='bbox 1654 4028 1751 4081; x_wconf 82' lang='grc' dir='ltr'>τοῦ</span> 
     </span>
    </p>
   </div>
   <div class='ocr_carea' id='block_1_74' title="bbox 178 4087 1750 4179">
    <p class='ocr_par' dir='ltr' id='par_1_74' title="bbox 178 4087 1750 4179">
     <span class='ocr_line' id='line_1_74' title="bbox 178 4087 1750 4179; baseline 0.016 -38"><span class='ocrx_word' id='word_1_585' title='bbox 178 4087 439 4162; x_wconf 86' lang='grc' dir='ltr'>θαυμάσαι</span> <span class='ocrx_word' id='word_1_586' title='bbox 471 4096 534 4149; x_wconf 88' lang='grc' dir='ltr'>τὸ</span> <span class='ocrx_word' id='word_1_587' title='bbox 555 4098 781 4165; x_wconf 83' lang='grc' dir='ltr'>ἀγαθὸν,</span> <span class='ocrx_word' id='word_1_588' title='bbox 831 4101 879 4153; x_wconf 81' lang='grc' dir='ltr'>εί</span> <span class='ocrx_word' id='word_1_589' title='bbox 927 4102 1001 4172; x_wconf 89' lang='grc' dir='ltr'>μή</span> <span class='ocrx_word' id='word_1_590' title='bbox 1044 4119 1130 4165; x_wconf 88' lang='grc' dir='ltr'>τις</span> <span class='ocrx_word' id='word_1_591' title='bbox 1178 4087 1271 4157; x_wconf 79' lang='grc' dir='ltr'>καὶ</span> <span class='ocrx_word' id='word_1_592' title='bbox 1469 4110 1620 4179; x_wconf 86' lang='grc' dir='ltr'>παρά</span> <span class='ocrx_word' id='word_1_593' title='bbox 1657 4111 1750 4165; x_wconf 86' lang='grc' dir='ltr'>τοῦ</span> 
     </span>
    </p>
   </div>
   <div class='ocr_carea' id='block_1_75' title="bbox 175 4178 1752 4284">
    <p class='ocr_par' dir='ltr' id='par_1_75' title="bbox 175 4178 1752 4284">
     <span class='ocr_line' id='line_1_75' title="bbox 175 4178 1752 4284; baseline 0.016 -52"><span class='ocrx_word' id='word_1_594' title='bbox 175 4178 477 4238; x_wconf 82' lang='grc' dir='ltr'>διδασκάλου</span> <span class='ocrx_word' id='word_1_595' title='bbox 538 4188 673 4258; x_wconf 85' lang='grc' dir='ltr'>πρὸς</span> <span class='ocrx_word' id='word_1_596' title='bbox 735 4190 833 4261; x_wconf 83' lang='grc' dir='ltr'>τὴν</span> <span class='ocrx_word' id='word_1_597' title='bbox 884 4193 1072 4246; x_wconf 87' lang='grc' dir='ltr'>τούτου</span> <span class='ocrx_word' id='word_1_598' title='bbox 1128 4197 1317 4267; x_wconf 81' lang='grc' dir='ltr'>κτῆσιν</span> <span class='ocrx_word' id='word_1_599' title='bbox 1371 4201 1752 4284; x_wconf 62' lang='grc' dir='ltr'>ὑποδειχθείηε</span> 
     </span>
    </p>
   </div>
   <div class='ocr_carea' id='block_1_76' title="bbox 176 4271 1750 4366">
    <p class='ocr_par' dir='ltr' id='par_1_76' title="bbox 176 4271 1750 4366">
     <span class='ocr_line' id='line_1_76' title="bbox 176 4271 1750 4366; baseline 0.017 -43"><span class='ocrx_word' id='word_1_600' title='bbox 176 4271 289 4336; x_wconf 87' lang='grc' dir='ltr'>Πῶς</span> <span class='ocrx_word' id='word_1_601' title='bbox 317 4271 407 4329; x_wconf 85' lang='grc' dir='ltr'>οὖν</span> <span class='ocrx_word' id='word_1_602' title='bbox 438 4276 554 4330; x_wconf 77' lang='grc' dir='ltr'>ἔστι</span> <span class='ocrx_word' id='word_1_603' title='bbox 608 4281 702 4333; x_wconf 80' lang='grc' dir='ltr'>καὶ</span> <span class='ocrx_word' id='word_1_604' title='bbox 745 4283 893 4352; x_wconf 78' lang='grc' dir='ltr'>ἡμᾶς</span> <span class='ocrx_word' id='word_1_605' title='bbox 936 4285 993 4336; x_wconf 85' lang='grc' dir='ltr'>ὲν</span> <span class='ocrx_word' id='word_1_606' title='bbox 1035 4287 1101 4355; x_wconf 85' lang='grc' dir='ltr'>τῇ</span> <span class='ocrx_word' id='word_1_607' title='bbox 1142 4287 1237 4340; x_wconf 85' lang='grc' dir='ltr'>τοῦ</span> <span class='ocrx_word' id='word_1_608' title='bbox 1280 4288 1445 4344; x_wconf 86' lang='grc' dir='ltr'>καλοῦ</span> <span class='ocrx_word' id='word_1_609' title='bbox 1493 4271 1750 4366; x_wconf 79' lang='grc' dir='ltr'>μετουσίᾷ</span> 
     </span>
    </p>
   </div>
   <div class='ocr_carea' id='block_1_77' title="bbox 175 4363 1304 4440">
    <p class='ocr_par' dir='ltr' id='par_1_77' title="bbox 175 4363 1304 4440">
     <span class='ocr_line' id='line_1_77' title="bbox 175 4363 1304 4440; baseline 0.014 -26"><span class='ocrx_word' id='word_1_610' title='bbox 175 4363 436 4432; x_wconf 82' lang='grc' dir='ltr'>γενέσθαι,</span> <span class='ocrx_word' id='word_1_611' title='bbox 477 4367 800 4440; x_wconf 87' lang='grc' dir='ltr'>ἀκούσωμεν</span> <span class='ocrx_word' id='word_1_612' title='bbox 824 4369 918 4424; x_wconf 90' lang='grc' dir='ltr'>τοῦ</span> <span class='ocrx_word' id='word_1_613' title='bbox 942 4373 1304 4439; x_wconf 87' lang='grc' dir='ltr'>διδάσκοντος.</span> 
     </span>
    </p>
   </div>
   <div class='ocr_carea' id='block_1_78' title="bbox 1863 3193 3436 3284">
    <p class='ocr_par' dir='ltr' id='par_1_78' title="bbox 1863 3193 3436 3284">
     <span class='ocr_line' id='line_1_78' title="bbox 1863 3193 3436 3284; baseline 0.018 -39"><span class='ocrx_word' id='word_1_614' title='bbox 1863 3193 2107 3246; x_wconf 91' lang='lat' dir='ltr'><strong>ostendit</strong></span> <span class='ocrx_word' id='word_1_615' title='bbox 2156 3196 2307 3264; x_wconf 88' lang='lat' dir='ltr'><strong>quod</strong></span> <span class='ocrx_word' id='word_1_616' title='bbox 2352 3213 2450 3267; x_wconf 88' lang='lat' dir='ltr'>per</span> <span class='ocrx_word' id='word_1_617' title='bbox 2502 3215 2561 3255; x_wconf 90' lang='lat' dir='ltr'>se</span> <span class='ocrx_word' id='word_1_618' title='bbox 2610 3218 2716 3256; x_wconf 94' lang='lat' dir='ltr'>non</span> <span class='ocrx_word' id='word_1_619' title='bbox 2782 3211 3040 3265; x_wconf 90' lang='lat' dir='ltr'><strong>consistit</strong></span> <span class='ocrx_word' id='word_1_620' title='bbox 3072 3214 3288 3284; x_wconf 86' lang='lat' dir='ltr'><strong>vitium,</strong></span> <span class='ocrx_word' id='word_1_621' title='bbox 3340 3193 3436 3276; x_wconf 78' lang='lat' dir='ltr'><strong>sed</strong></span> 
     </span>
    </p>
   </div>
   <div class='ocr_carea' id='block_1_79' title="bbox 1862 3283 3437 3381">
    <p class='ocr_par' dir='ltr' id='par_1_79' title="bbox 1862 3283 3437 3381">
     <span class='ocr_line' id='line_1_79' title="bbox 1862 3283 3437 3381; baseline 0.018 -46"><span class='ocrx_word' id='word_1_622' title='bbox 1862 3283 2122 3337; x_wconf 89' lang='lat' dir='ltr'><strong>consistit</strong></span> <span class='ocrx_word' id='word_1_623' title='bbox 2145 3300 2212 3339; x_wconf 80' lang='lat' dir='ltr'>ex</span> <span class='ocrx_word' id='word_1_624' title='bbox 2247 3287 2555 3356; x_wconf 86' lang='lat' dir='ltr'><strong>privatione</strong></span> <span class='ocrx_word' id='word_1_625' title='bbox 2587 3291 2734 3349; x_wconf 90' lang='lat' dir='ltr'><strong>boni.</strong></span> <span class='ocrx_word' id='word_1_626' title='bbox 2767 3295 2974 3354; x_wconf 89' lang='lat' dir='ltr'><strong>Bonum</strong></span> <span class='ocrx_word' id='word_1_627' title='bbox 3006 3313 3189 3361; x_wconf 86' lang='lat' dir='ltr'><strong>autem</strong></span> <span class='ocrx_word' id='word_1_628' title='bbox 3220 3324 3437 3381; x_wconf 85' lang='lat' dir='ltr'><strong>semper</strong></span> 
     </span>
    </p>
   </div>
   <div class='ocr_carea' id='block_1_80' title="bbox 1862 3373 3434 3464">
    <p class='ocr_par' dir='ltr' id='par_1_80' title="bbox 1862 3373 3434 3464">
     <span class='ocr_line' id='line_1_80' title="bbox 1862 3373 3434 3464; baseline 0.018 -37"><span class='ocrx_word' id='word_1_629' title='bbox 1862 3373 2114 3429; x_wconf 90' lang='lat' dir='ltr'><strong>similiter</strong></span> <span class='ocrx_word' id='word_1_630' title='bbox 2145 3391 2204 3431; x_wconf 92' lang='lat' dir='ltr'>se</span> <span class='ocrx_word' id='word_1_631' title='bbox 2234 3378 2417 3444; x_wconf 85' lang='lat' dir='ltr'><strong>habet,</strong></span> <span class='ocrx_word' id='word_1_632' title='bbox 2463 3380 2791 3455; x_wconf 89' lang='lat' dir='ltr'><strong>ﬁrmumque</strong></span> <span class='ocrx_word' id='word_1_633' title='bbox 2840 3399 2922 3444; x_wconf 91' lang='lat' dir='ltr'>est</span> <span class='ocrx_word' id='word_1_634' title='bbox 2965 3408 3029 3447; x_wconf 85' lang='lat' dir='ltr'>ac</span> <span class='ocrx_word' id='word_1_635' title='bbox 3081 3398 3299 3464; x_wconf 89' lang='lat' dir='ltr'><strong>stabile,</strong></span> <span class='ocrx_word' id='word_1_636' title='bbox 3335 3373 3434 3458; x_wconf 80' lang='lat' dir='ltr'>nec</span> 
     </span>
    </p>
   </div>
   <div class='ocr_carea' id='block_1_81' title="bbox 1860 3465 3433 3557">
    <p class='ocr_par' dir='ltr' id='par_1_81' title="bbox 1860 3465 3433 3557">
     <span class='ocr_line' id='line_1_81' title="bbox 1860 3465 3433 3557; baseline 0.02 -41"><span class='ocrx_word' id='word_1_637' title='bbox 1860 3465 2116 3521; x_wconf 88' lang='lat' dir='ltr'><strong>consistit</strong></span> <span class='ocrx_word' id='word_1_638' title='bbox 2175 3483 2244 3523; x_wconf 79' lang='lat' dir='ltr'>ex</span> <span class='ocrx_word' id='word_1_639' title='bbox 2277 3471 2386 3524; x_wconf 89' lang='lat' dir='ltr'><strong>ulla</strong></span> <span class='ocrx_word' id='word_1_640' title='bbox 2428 3488 2552 3542; x_wconf 66' lang='lat' dir='ltr'><strong>quae</strong></span> <span class='ocrx_word' id='word_1_641' title='bbox 2586 3478 2861 3544; x_wconf 63' lang='lat' dir='ltr'><strong>praecedat</strong></span> <span class='ocrx_word' id='word_1_642' title='bbox 2905 3465 3238 3551; x_wconf 75' lang='lat' dir='ltr'><strong>privatione.</strong></span> <span class='ocrx_word' id='word_1_643' title='bbox 3276 3491 3433 3557; x_wconf 83' lang='lat' dir='ltr'><strong>Quod</strong></span> 
     </span>
    </p>
   </div>
   <div class='ocr_carea' id='block_1_82' title="bbox 1860 3559 3430 3648">
    <p class='ocr_par' dir='ltr' id='par_1_82' title="bbox 1860 3559 3430 3648">
     <span class='ocr_line' id='line_1_82' title="bbox 1860 3559 3430 3648; baseline 0.018 -38"><span class='ocrx_word' id='word_1_644' title='bbox 1860 3567 2041 3612; x_wconf 91' lang='lat' dir='ltr'><strong>autem</strong></span> <span class='ocrx_word' id='word_1_645' title='bbox 2062 3559 2387 3631; x_wconf 78' lang='lat' dir='ltr'><strong>intelligitur</strong></span> <span class='ocrx_word' id='word_1_646' title='bbox 2412 3579 2477 3618; x_wconf 83' lang='lat' dir='ltr'><strong>ex</strong></span> <span class='ocrx_word' id='word_1_647' title='bbox 2509 3581 2575 3620; x_wconf 90' lang='lat' dir='ltr'><strong>eo</strong></span> <span class='ocrx_word' id='word_1_648' title='bbox 2607 3569 2752 3636; x_wconf 92' lang='lat' dir='ltr'><strong>quod</strong></span> <span class='ocrx_word' id='word_1_649' title='bbox 2775 3581 2862 3626; x_wconf 91' lang='lat' dir='ltr'>est</span> <span class='ocrx_word' id='word_1_650' title='bbox 2891 3573 3038 3629; x_wconf 93' lang='lat' dir='ltr'><strong>bono</strong></span> <span class='ocrx_word' id='word_1_651' title='bbox 3066 3583 3430 3648; x_wconf 89' lang='lat' dir='ltr'><strong>contrarium,</strong></span> 
     </span>
    </p>
   </div>
   <div class='ocr_carea' id='block_1_83' title="bbox 1859 3655 3433 3740">
    <p class='ocr_par' dir='ltr' id='par_1_83' title="bbox 1859 3655 3433 3740">
     <span class='ocr_line' id='line_1_83' title="bbox 1859 3655 3433 3740; baseline 0.018 -38"><span class='ocrx_word' id='word_1_652' title='bbox 1859 3665 1970 3703; x_wconf 92' lang='lat' dir='ltr'><strong>non</strong></span> <span class='ocrx_word' id='word_1_653' title='bbox 2005 3661 2087 3706; x_wconf 90' lang='lat' dir='ltr'>est</span> <span class='ocrx_word' id='word_1_654' title='bbox 2125 3666 2191 3706; x_wconf 85' lang='lat' dir='ltr'><strong>ex</strong></span> <span class='ocrx_word' id='word_1_655' title='bbox 2221 3655 2482 3709; x_wconf 86' lang='lat' dir='ltr'><strong>essentia.</strong></span> <span class='ocrx_word' id='word_1_656' title='bbox 2512 3656 2668 3722; x_wconf 85' lang='lat' dir='ltr'><strong>Quod</strong></span> <span class='ocrx_word' id='word_1_657' title='bbox 2705 3661 2850 3716; x_wconf 90' lang='lat' dir='ltr'><strong>enim</strong></span> <span class='ocrx_word' id='word_1_658' title='bbox 2888 3680 2994 3720; x_wconf 90' lang='lat' dir='ltr'><strong>non</strong></span> <span class='ocrx_word' id='word_1_659' title='bbox 3033 3679 3117 3724; x_wconf 86' lang='lat' dir='ltr'>est</span> <span class='ocrx_word' id='word_1_660' title='bbox 3151 3671 3204 3725; x_wconf 93' lang='lat' dir='ltr'>in</span> <span class='ocrx_word' id='word_1_661' title='bbox 3248 3689 3328 3740; x_wconf 91' lang='lat' dir='ltr'><strong>se,</strong></span> <span class='ocrx_word' id='word_1_662' title='bbox 3366 3693 3433 3731; x_wconf 86' lang='lat' dir='ltr'><strong>ne</strong></span> 
     </span>
    </p>
   </div>
   <div class='ocr_carea' id='block_1_84' title="bbox 1856 3742 3432 3831">
    <p class='ocr_par' dir='ltr' id='par_1_84' title="bbox 1856 3742 3432 3831">
     <span class='ocr_line' id='line_1_84' title="bbox 1856 3742 3432 3831; baseline 0.015 -35"><span class='ocrx_word' id='word_1_663' title='bbox 1856 3742 2081 3796; x_wconf 92' lang='lat' dir='ltr'><strong>omnino</strong></span> <span class='ocrx_word' id='word_1_664' title='bbox 2109 3742 2328 3812; x_wconf 87' lang='lat' dir='ltr'><strong>quidem</strong></span> <span class='ocrx_word' id='word_1_665' title='bbox 2351 3755 2460 3804; x_wconf 91' lang='lat' dir='ltr'><strong>est._</strong></span> <span class='ocrx_word' id='word_1_666' title='bbox 2488 3745 2693 3803; x_wconf 86' lang='lat' dir='ltr'><strong>Vitium</strong></span> <span class='ocrx_word' id='word_1_667' title='bbox 2721 3754 2866 3806; x_wconf 88' lang='lat' dir='ltr'><strong>enim</strong></span> <span class='ocrx_word' id='word_1_668' title='bbox 2902 3767 2988 3811; x_wconf 86' lang='lat' dir='ltr'>est</span> <span class='ocrx_word' id='word_1_669' title='bbox 3013 3759 3133 3828; x_wconf 81' lang='lat' dir='ltr'><strong>ejus</strong></span> <span class='ocrx_word' id='word_1_670' title='bbox 3163 3765 3307 3831; x_wconf 91' lang='lat' dir='ltr'><strong>quod</strong></span> <span class='ocrx_word' id='word_1_671' title='bbox 3344 3775 3432 3822; x_wconf 88' lang='lat' dir='ltr'>est</span> 
     </span>
    </p>
   </div>
   <div class='ocr_carea' id='block_1_85' title="bbox 1854 3833 3430 3912">
    <p class='ocr_par' dir='ltr' id='par_1_85' title="bbox 1854 3833 3430 3912">
     <span class='ocr_line' id='line_1_85' title="bbox 1854 3833 3430 3912; baseline 0.018 -28"><span class='ocrx_word' id='word_1_672' title='bbox 1854 3833 2115 3903; x_wconf 85' lang='lat' dir='ltr'><strong>privatio,</strong></span> <span class='ocrx_word' id='word_1_673' title='bbox 2149 3844 2201 3890; x_wconf 87' lang='lat' dir='ltr'>et</span> <span class='ocrx_word' id='word_1_674' title='bbox 2243 3853 2352 3892; x_wconf 92' lang='lat' dir='ltr'><strong>non</strong></span> <span class='ocrx_word' id='word_1_675' title='bbox 2381 3840 2718 3895; x_wconf 89' lang='lat' dir='ltr'><strong>substantia.</strong></span> <span class='ocrx_word' id='word_1_676' title='bbox 2751 3843 2856 3899; x_wconf 87' lang='lat' dir='ltr'><strong>Par</strong></span> <span class='ocrx_word' id='word_1_677' title='bbox 2883 3856 2965 3902; x_wconf 85' lang='lat' dir='ltr'>est</span> <span class='ocrx_word' id='word_1_678' title='bbox 2993 3852 3139 3905; x_wconf 88' lang='lat' dir='ltr'><strong>enim</strong></span> <span class='ocrx_word' id='word_1_679' title='bbox 3175 3853 3430 3912; x_wconf 74' lang='lat' dir='ltr'><strong>diﬁ‘cren—</strong></span> 
     </span>
    </p>
   </div>
   <div class='ocr_carea' id='block_1_86' title="bbox 1857 3926 3427 4014">
    <p class='ocr_par' dir='ltr' id='par_1_86' title="bbox 1857 3926 3427 4014">
     <span class='ocr_line' id='line_1_86' title="bbox 1857 3926 3427 4014; baseline 0.015 -36"><span class='ocrx_word' id='word_1_680' title='bbox 1857 3926 1930 3978; x_wconf 89' lang='lat' dir='ltr'><strong>tia</strong></span> <span class='ocrx_word' id='word_1_681' title='bbox 1965 3926 2106 3980; x_wconf 86' lang='lat' dir='ltr'><strong>lucis</strong></span> <span class='ocrx_word' id='word_1_682' title='bbox 2131 3926 2199 3980; x_wconf 89' lang='lat' dir='ltr'><strong>ad</strong></span> <span class='ocrx_word' id='word_1_683' title='bbox 2232 3929 2508 3993; x_wconf 87' lang='lat' dir='ltr'><strong>tenebras,</strong></span> <span class='ocrx_word' id='word_1_684' title='bbox 2542 3941 2596 3985; x_wconf 89' lang='lat' dir='ltr'>et</span> <span class='ocrx_word' id='word_1_685' title='bbox 2622 3934 2906 4003; x_wconf 69' lang='lat' dir='ltr'><strong>sapientia:</strong></span> <span class='ocrx_word' id='word_1_686' title='bbox 2931 3940 2997 3994; x_wconf 90' lang='lat' dir='ltr'><strong>ad</strong></span> <span class='ocrx_word' id='word_1_687' title='bbox 3030 3941 3427 4014; x_wconf 86' lang='lat' dir='ltr'><strong>insipientiam.</strong></span> 
     </span>
    </p>
   </div>
   <div class='ocr_carea' id='block_1_87' title="bbox 1854 4017 3425 4100">
    <p class='ocr_par' dir='ltr' id='par_1_87' title="bbox 1854 4017 3425 4100">
     <span class='ocr_line' id='line_1_87' title="bbox 1854 4017 3425 4100; baseline 0.016 -30"><span class='ocrx_word' id='word_1_688' title='bbox 1854 4017 1933 4072; x_wconf 79' lang='lat' dir='ltr'>Ex</span> <span class='ocrx_word' id='word_1_689' title='bbox 1991 4025 2146 4086; x_wconf 90' lang='lat' dir='ltr'><strong>parte</strong></span> <span class='ocrx_word' id='word_1_690' title='bbox 2204 4020 2350 4074; x_wconf 90' lang='lat' dir='ltr'><strong>enim</strong></span> <span class='ocrx_word' id='word_1_691' title='bbox 2408 4023 2728 4080; x_wconf 87' lang='lat' dir='ltr'><strong>universum</strong></span> <span class='ocrx_word' id='word_1_692' title='bbox 2797 4031 3181 4100; x_wconf 90' lang='lat' dir='ltr'><strong>complectitur</strong></span> <span class='ocrx_word' id='word_1_693' title='bbox 3223 4039 3425 4094; x_wconf 87' lang='lat' dir='ltr'><strong>bonum</strong></span> 
     </span>
    </p>
   </div>
   <div class='ocr_carea' id='block_1_88' title="bbox 1854 4110 3426 4192">
    <p class='ocr_par' dir='ltr' id='par_1_88' title="bbox 1854 4110 3426 4192">
     <span class='ocr_line' id='line_1_88' title="bbox 1854 4110 3426 4192; baseline 0.013 -29"><span class='ocrx_word' id='word_1_694' title='bbox 1854 4110 2078 4163; x_wconf 89' lang='lat' dir='ltr'><strong>nomine</strong></span> <span class='ocrx_word' id='word_1_695' title='bbox 2110 4110 2414 4179; x_wconf 72' lang='lat' dir='ltr'><strong>sapientiae,</strong></span> <span class='ocrx_word' id='word_1_696' title='bbox 2450 4121 2502 4168; x_wconf 89' lang='lat' dir='ltr'>et</span> <span class='ocrx_word' id='word_1_697' title='bbox 2535 4114 2700 4168; x_wconf 90' lang='lat' dir='ltr'><strong>simul</strong></span> <span class='ocrx_word' id='word_1_698' title='bbox 2731 4132 2856 4172; x_wconf 91' lang='lat' dir='ltr'>cum</span> <span class='ocrx_word' id='word_1_699' title='bbox 2891 4120 3204 4192; x_wconf 89' lang='lat' dir='ltr'><strong>insipientia</strong></span> <span class='ocrx_word' id='word_1_700' title='bbox 3254 4127 3426 4182; x_wconf 78' lang='lat' dir='ltr'><strong>inter—</strong></span> 
     </span>
    </p>
   </div>
   <div class='ocr_carea' id='block_1_89' title="bbox 1853 4203 3542 4275">
    <p class='ocr_par' dir='ltr' id='par_1_89' title="bbox 1853 4203 3542 4275">
     <span class='ocr_line' id='line_1_89' title="bbox 1853 4203 3542 4275; baseline 0.014 -21"><span class='ocrx_word' id='word_1_701' title='bbox 1853 4209 2102 4271; x_wconf 86' lang='lat' dir='ltr'><strong>pretatur</strong></span> <span class='ocrx_word' id='word_1_702' title='bbox 2135 4209 2188 4255; x_wconf 86' lang='lat' dir='ltr'>et</span> <span class='ocrx_word' id='word_1_703' title='bbox 2243 4203 2483 4272; x_wconf 82' lang='lat' dir='ltr'><strong>explicat</strong></span> <span class='ocrx_word' id='word_1_704' title='bbox 2536 4220 2752 4262; x_wconf 90' lang='lat' dir='ltr'><strong>omnem</strong></span> <span class='ocrx_word' id='word_1_705' title='bbox 2803 4211 2931 4264; x_wconf 92' lang='lat' dir='ltr'><strong>mali</strong></span> <span class='ocrx_word' id='word_1_706' title='bbox 2991 4225 3267 4272; x_wconf 86' lang='lat' dir='ltr'><strong>naturam.</strong></span> <span class='ocrx_word' id='word_1_707' title='bbox 3319 4222 3423 4275; x_wconf 74' lang='lat' dir='ltr'><strong>Sed</strong></span> <span class='ocrx_word' id='word_1_708' title='bbox 3517 4203 3542 4208; x_wconf 37' lang='grc' dir='ltr'><strong>η</strong></span> 
     </span>
    </p>
   </div>
   <div class='ocr_carea' id='block_1_90' title="bbox 1850 4292 3427 4370">
    <p class='ocr_par' dir='ltr' id='par_1_90' title="bbox 1850 4292 3427 4370">
     <span class='ocr_line' id='line_1_90' title="bbox 1850 4292 3427 4370; baseline 0.015 -27"><span class='ocrx_word' id='word_1_709' title='bbox 1850 4293 1982 4362; x_wconf 90' lang='lat' dir='ltr'><strong>quid</strong></span> <span class='ocrx_word' id='word_1_710' title='bbox 2016 4292 2175 4346; x_wconf 91' lang='lat' dir='ltr'><strong>nobis</strong></span> <span class='ocrx_word' id='word_1_711' title='bbox 2205 4293 2414 4348; x_wconf 87' lang='lat' dir='ltr'><strong>accedit</strong></span> <span class='ocrx_word' id='word_1_712' title='bbox 2443 4294 2583 4349; x_wconf 88' lang='lat' dir='ltr'><strong>lucri</strong></span> <span class='ocrx_word' id='word_1_713' title='bbox 2617 4313 2682 4352; x_wconf 82' lang='lat' dir='ltr'>ex</span> <span class='ocrx_word' id='word_1_714' title='bbox 2717 4314 2784 4354; x_wconf 88' lang='lat' dir='ltr'><strong>eo</strong></span> <span class='ocrx_word' id='word_1_715' title='bbox 2811 4303 2954 4370; x_wconf 90' lang='lat' dir='ltr'><strong>quod</strong></span> <span class='ocrx_word' id='word_1_716' title='bbox 3002 4305 3204 4360; x_wconf 85' lang='lat' dir='ltr'><strong>bonum</strong></span> <span class='ocrx_word' id='word_1_717' title='bbox 3253 4311 3427 4365; x_wconf 88' lang='lat' dir='ltr'><strong>admi-</strong></span> 
     </span>
    </p>
   </div>
   <div class='ocr_carea' id='block_1_91' title="bbox 1852 4381 3424 4455">
    <p class='ocr_par' dir='ltr' id='par_1_91' title="bbox 1852 4381 3424 4455">
     <span class='ocr_line' id='line_1_91' title="bbox 1852 4381 3424 4455; baseline 0.012 -19"><span class='ocrx_word' id='word_1_718' title='bbox 1852 4397 2060 4445; x_wconf 88' lang='lat' dir='ltr'><strong>remur,</strong></span> <span class='ocrx_word' id='word_1_719' title='bbox 2124 4381 2230 4436; x_wconf 91' lang='lat' dir='ltr'><strong>nisi</strong></span> <span class='ocrx_word' id='word_1_720' title='bbox 2293 4383 2557 4452; x_wconf 81' lang='lat' dir='ltr'><strong>magister</strong></span> <span class='ocrx_word' id='word_1_721' title='bbox 2621 4387 2780 4443; x_wconf 91' lang='lat' dir='ltr'><strong>nobis</strong></span> <span class='ocrx_word' id='word_1_722' title='bbox 2841 4393 3096 4448; x_wconf 90' lang='lat' dir='ltr'><strong>ostendat</strong></span> <span class='ocrx_word' id='word_1_723' title='bbox 3149 4397 3293 4451; x_wconf 91' lang='lat' dir='ltr'><strong>viam</strong></span> <span class='ocrx_word' id='word_1_724' title='bbox 3361 4416 3424 4455; x_wconf 84' lang='lat' dir='ltr'>ac</span> 
     </span>
    </p>
   </div>
   <div class='ocr_carea' id='block_1_92' title="bbox 174 4458 3422 4558">
    <p class='ocr_par' dir='ltr' id='par_1_92' title="bbox 174 4458 3422 4558">
     <span class='ocr_line' id='line_1_92' title="bbox 174 4458 3422 4558; baseline 0.012 -48"><span class='ocrx_word' id='word_1_725' title='bbox 174 4458 427 4516; x_wconf 89' lang='lat' dir='ltr'><strong>rationem</strong></span> <span class='ocrx_word' id='word_1_726' title='bbox 458 4479 567 4534; x_wconf 89' lang='lat' dir='ltr'>qua</span> <span class='ocrx_word' id='word_1_727' title='bbox 605 4465 658 4520; x_wconf 90' lang='lat' dir='ltr'><strong>id</strong></span> <span class='ocrx_word' id='word_1_728' title='bbox 711 4467 1065 4537; x_wconf 90' lang='lat' dir='ltr'><strong>acquiramus</strong></span> <span class='ocrx_word' id='word_1_729' title='bbox 1091 4470 1114 4523; x_wconf 89' lang='lat'><strong>?</strong></span> <span class='ocrx_word' id='word_1_730' title='bbox 1150 4469 1436 4538; x_wconf 87' lang='lat' dir='ltr'><strong>Quomodo</strong></span> <span class='ocrx_word' id='word_1_731' title='bbox 1464 4490 1594 4546; x_wconf 89' lang='lat' dir='ltr'><strong>ergo</strong></span> <span class='ocrx_word' id='word_1_732' title='bbox 1621 4475 1737 4532; x_wconf 88' lang='lat' dir='ltr'><strong>ﬁeri</strong></span> <span class='ocrx_word' id='word_1_733' title='bbox 1812 4485 1992 4548; x_wconf 90' lang='lat' dir='ltr'><strong>potest</strong></span> <span class='ocrx_word' id='word_1_734' title='bbox 2020 4487 2079 4531; x_wconf 89' lang='lat' dir='ltr'>ut</span> <span class='ocrx_word' id='word_1_735' title='bbox 2110 4491 2209 4532; x_wconf 87' lang='lat' dir='ltr'><strong>nos</strong></span> <span class='ocrx_word' id='word_1_736' title='bbox 2240 4492 2463 4547; x_wconf 84' lang='lat' dir='ltr'><strong>quoque</strong></span> <span class='ocrx_word' id='word_1_737' title='bbox 2489 4477 2664 4536; x_wconf 92' lang='lat' dir='ltr'><strong>simus</strong></span> <span class='ocrx_word' id='word_1_738' title='bbox 2694 4481 2823 4536; x_wconf 92' lang='lat' dir='ltr'><strong>boni</strong></span> <span class='ocrx_word' id='word_1_739' title='bbox 2853 4487 3171 4558; x_wconf 89' lang='lat' dir='ltr'><strong>participes,</strong></span> <span class='ocrx_word' id='word_1_740' title='bbox 3233 4492 3422 4547; x_wconf 82' lang='lat' dir='ltr'><strong>audia—</strong></span> 
     </span>
    </p>
   </div>
   <div class='ocr_carea' id='block_1_93' title="bbox 174 4554 616 4612">
    <p class='ocr_par' dir='ltr' id='par_1_93' title="bbox 174 4554 616 4612">
     <span class='ocr_line' id='line_1_93' title="bbox 174 4554 616 4612; baseline 0.014 -10"><span class='ocrx_word' id='word_1_741' title='bbox 174 4563 284 4607; x_wconf 88' lang='lat' dir='ltr'>mus</span> <span class='ocrx_word' id='word_1_742' title='bbox 315 4554 616 4612; x_wconf 89' lang='lat' dir='ltr'><strong>doctorem.</strong></span> 
     </span>
    </p>
   </div>
   <div class='ocr_carea' id='block_1_94' title="bbox 239 4643 1761 4734">
    <p class='ocr_par' dir='ltr' id='par_1_94' title="bbox 239 4643 1744 4732">
     <span class='ocr_line' id='line_1_94' title="bbox 239 4643 1744 4732; baseline 0.014 -40"><span class='ocrx_word' id='word_1_743' title='bbox 239 4659 258 4692; x_wconf 76' lang='grc' dir='ltr'>ι</span> <span class='ocrx_word' id='word_1_744' title='bbox 280 4643 382 4696; x_wconf 91' lang='grc' dir='ltr'>Τοῦ</span> <span class='ocrx_word' id='word_1_745' title='bbox 409 4647 596 4716; x_wconf 88' lang='grc' dir='ltr'>σοφοῦ,</span> <span class='ocrx_word' id='word_1_746' title='bbox 630 4667 648 4700; x_wconf 73' lang='grc' dir='ltr'>ι</span> <span class='ocrx_word' id='word_1_747' title='bbox 682 4651 866 4721; x_wconf 75' lang='grc' dir='ltr'>φησὶν,</span> <span class='ocrx_word' id='word_1_748' title='bbox 896 4671 915 4702; x_wconf 77' lang='grc' dir='ltr'>ι</span> <span class='ocrx_word' id='word_1_749' title='bbox 946 4654 994 4706; x_wconf 91' lang='grc' dir='ltr'>οἱ</span> <span class='ocrx_word' id='word_1_750' title='bbox 1029 4654 1313 4724; x_wconf 75' lang='grc' dir='ltr'>ὀφθαλμοὶ,</span> <span class='ocrx_word' id='word_1_751' title='bbox 1346 4657 1403 4709; x_wconf 85' lang='grc' dir='ltr'>ὲν</span> <span class='ocrx_word' id='word_1_752' title='bbox 1433 4661 1499 4730; x_wconf 75' lang='grc' dir='ltr'>τῇ</span> <span class='ocrx_word' id='word_1_753' title='bbox 1535 4659 1744 4732; x_wconf 82' lang='grc' dir='ltr'>κεφαλῇ</span> 
     </span>
    </p>
   </div>
   <div class='ocr_carea' id='block_1_95' title="bbox 1866 4643 3414 4734">
    <p class='ocr_par' dir='ltr' id='par_1_95' title="bbox 1925 4653 3414 4734">
     <span class='ocr_line' id='line_1_95' title="bbox 1925 4653 3414 4734; baseline 0.005 -26"><span class='ocrx_word' id='word_1_754' title='bbox 1925 4673 1946 4708; x_wconf 71' lang='grc' dir='ltr'>ι</span> <span class='ocrx_word' id='word_1_755' title='bbox 1992 4653 2291 4725; x_wconf 87' lang='lat' dir='ltr'><strong>Sapientis,</strong></span> <span class='ocrx_word' id='word_1_756' title='bbox 2339 4675 2356 4707; x_wconf 76' lang='grc' dir='ltr'>ι</span> <span class='ocrx_word' id='word_1_757' title='bbox 2399 4655 2597 4726; x_wconf 88' lang='lat' dir='ltr'><strong>inquit.</strong></span> <span class='ocrx_word' id='word_1_758' title='bbox 2630 4676 2649 4708; x_wconf 80' lang='grc' dir='ltr'>ι</span> <span class='ocrx_word' id='word_1_759' title='bbox 2691 4659 2834 4714; x_wconf 90' lang='lat' dir='ltr'><strong>oculi</strong></span> <span class='ocrx_word' id='word_1_760' title='bbox 2891 4661 2944 4714; x_wconf 92' lang='lat' dir='ltr'><strong>in</strong></span> <span class='ocrx_word' id='word_1_761' title='bbox 3003 4663 3185 4732; x_wconf 90' lang='lat' dir='ltr'><strong>capite</strong></span> <span class='ocrx_word' id='word_1_762' title='bbox 3216 4661 3356 4734; x_wconf 73' lang='lat' dir='ltr'><strong>ejus.</strong></span> <span class='ocrx_word' id='word_1_763' title='bbox 3399 4688 3414 4716; x_wconf 78' lang='grc' dir='ltr'>ι</span> 
     </span>
    </p>
   </div>
   <div class='ocr_carea' id='block_1_96' title="bbox 171 4730 1740 4814">
    <p class='ocr_par' dir='ltr' id='par_1_96' title="bbox 171 4730 1740 4814">
     <span class='ocr_line' id='line_1_96' title="bbox 171 4730 1740 4814; baseline 0.015 -35"><span class='ocrx_word' id='word_1_764' title='bbox 171 4730 342 4788; x_wconf 80' lang='grc' dir='ltr'>αὑτοῦ.</span> <span class='ocrx_word' id='word_1_765' title='bbox 372 4754 390 4786; x_wconf 71' lang='grc' dir='ltr'>ι</span> <span class='ocrx_word' id='word_1_766' title='bbox 422 4737 485 4789; x_wconf 87' lang='grc' dir='ltr'>Τί</span> <span class='ocrx_word' id='word_1_767' title='bbox 515 4738 689 4792; x_wconf 85' lang='grc' dir='ltr'>ταῦτα</span> <span class='ocrx_word' id='word_1_768' title='bbox 727 4739 907 4809; x_wconf 87' lang='grc' dir='ltr'>λέγει;</span> <span class='ocrx_word' id='word_1_769' title='bbox 939 4742 1084 4796; x_wconf 73' lang='grc' dir='ltr'>ἔστιν</span> <span class='ocrx_word' id='word_1_770' title='bbox 1119 4743 1228 4814; x_wconf 83' lang='grc' dir='ltr'>ἄρα</span> <span class='ocrx_word' id='word_1_771' title='bbox 1261 4744 1398 4807; x_wconf 82' lang='grc' dir='ltr'>ζῶον</span> <span class='ocrx_word' id='word_1_772' title='bbox 1433 4747 1568 4812; x_wconf 82' lang='grc' dir='ltr'>ὅλως</span> <span class='ocrx_word' id='word_1_773' title='bbox 1589 4730 1740 4814; x_wconf 72' lang='grc' dir='ltr'>δέξω</span> 
     </span>
    </p>
   </div>
   <div class='ocr_carea' id='block_1_97' title="bbox 170 4819 1736 4906">
    <p class='ocr_par' dir='ltr' id='par_1_97' title="bbox 170 4819 1736 4906">
     <span class='ocr_line' id='line_1_97' title="bbox 170 4819 1736 4906; baseline 0.012 -34"><span class='ocrx_word' id='word_1_774' title='bbox 170 4819 258 4906; x_wconf 73' lang='grc' dir='ltr'>τῆς</span> <span class='ocrx_word' id='word_1_775' title='bbox 279 4827 512 4896; x_wconf 82' lang='grc' dir='ltr'>κεφαλῆς</span> <span class='ocrx_word' id='word_1_776' title='bbox 537 4826 648 4897; x_wconf 79' lang='grc' dir='ltr'>ἔχει</span> <span class='ocrx_word' id='word_1_777' title='bbox 678 4827 747 4882; x_wconf 84' lang='grc' dir='ltr'>τά</span> <span class='ocrx_word' id='word_1_778' title='bbox 778 4830 886 4883; x_wconf 87' lang='grc' dir='ltr'>τῶν</span> <span class='ocrx_word' id='word_1_779' title='bbox 916 4831 1206 4902; x_wconf 80' lang='grc' dir='ltr'>ὀφθαλμῶν</span> <span class='ocrx_word' id='word_1_780' title='bbox 1239 4834 1598 4906; x_wconf 84' lang='grc' dir='ltr'>αίσθητήρια;</span> <span class='ocrx_word' id='word_1_781' title='bbox 1633 4837 1736 4891; x_wconf 83' lang='grc' dir='ltr'>κᾶν</span> 
     </span>
    </p>
   </div>
   <div class='ocr_carea' id='block_1_98' title="bbox 171 4905 1735 4993">
    <p class='ocr_par' dir='ltr' id='par_1_98' title="bbox 171 4905 1735 4993">
     <span class='ocr_line' id='line_1_98' title="bbox 171 4905 1735 4993; baseline 0.013 -33"><span class='ocrx_word' id='word_1_782' title='bbox 171 4905 372 4980; x_wconf 76' lang='grc' dir='ltr'>ἔνυδρον</span> <span class='ocrx_word' id='word_1_783' title='bbox 403 4914 560 4986; x_wconf 81' lang='grc' dir='ltr'>εἴπῃς</span> <span class='ocrx_word' id='word_1_784' title='bbox 579 4957 594 4981; x_wconf 94' lang='grc'>,</span> <span class='ocrx_word' id='word_1_785' title='bbox 623 4917 724 4970; x_wconf 78' lang='grc' dir='ltr'>κᾶν</span> <span class='ocrx_word' id='word_1_786' title='bbox 751 4923 1003 4989; x_wconf 83' lang='grc' dir='ltr'>χερσαῖον</span> <span class='ocrx_word' id='word_1_787' title='bbox 1029 4922 1132 4976; x_wconf 86' lang='grc' dir='ltr'>κᾶν</span> <span class='ocrx_word' id='word_1_788' title='bbox 1165 4922 1436 4993; x_wconf 77' lang='grc' dir='ltr'>ὲναέριονς</span> <span class='ocrx_word' id='word_1_789' title='bbox 1479 4926 1566 4978; x_wconf 88' lang='grc' dir='ltr'>Ἐν</span> <span class='ocrx_word' id='word_1_790' title='bbox 1601 4929 1735 4980; x_wconf 83' lang='grc' dir='ltr'>πᾶσι</span> 
     </span>
    </p>
   </div>
   <div class='ocr_carea' id='block_1_99' title="bbox 171 4998 1734 5085">
    <p class='ocr_par' dir='ltr' id='par_1_99' title="bbox 171 4998 1734 5085">
     <span class='ocr_line' id='line_1_99' title="bbox 171 4998 1734 5085; baseline 0.004 -23"><span class='ocrx_word' id='word_1_791' title='bbox 171 4998 270 5070; x_wconf 77' lang='grc' dir='ltr'>γὰρ</span> <span class='ocrx_word' id='word_1_792' title='bbox 306 5003 576 5076; x_wconf 83' lang='grc' dir='ltr'>ὀφθαλμὸς</span> <span class='ocrx_word' id='word_1_793' title='bbox 601 5010 694 5063; x_wconf 89' lang='grc' dir='ltr'>τοῦ</span> <span class='ocrx_word' id='word_1_794' title='bbox 722 5010 910 5064; x_wconf 78' lang='grc' dir='ltr'>λοιποῦ</span> <span class='ocrx_word' id='word_1_795' title='bbox 942 5013 1308 5085; x_wconf 78' lang='grc' dir='ltr'>προϐέϐληται</span> <span class='ocrx_word' id='word_1_796' title='bbox 1337 5017 1609 5085; x_wconf 80' lang='grc' dir='ltr'>σώματος,</span> <span class='ocrx_word' id='word_1_797' title='bbox 1638 5018 1734 5072; x_wconf 72' lang='grc' dir='ltr'>καὶ</span> 
     </span>
    </p>
   </div>
   <div class='ocr_carea' id='block_1_100' title="bbox 174 5090 1736 5176">
    <p class='ocr_par' dir='ltr' id='par_1_100' title="bbox 174 5090 1736 5176">
     <span class='ocr_line' id='line_1_100' title="bbox 174 5090 1736 5176; baseline 0.008 -27"><span class='ocrx_word' id='word_1_798' title='bbox 174 5090 231 5176; x_wconf 62' lang='grc' dir='ltr'>τῖι</span> <span class='ocrx_word' id='word_1_799' title='bbox 258 5095 457 5176; x_wconf 67' lang='grc' dir='ltr'>κεφαλῇ</span> <span class='ocrx_word' id='word_1_800' title='bbox 484 5097 590 5150; x_wconf 88' lang='grc' dir='ltr'>τῶν</span> <span class='ocrx_word' id='word_1_801' title='bbox 628 5099 860 5168; x_wconf 85' lang='grc' dir='ltr'>ἐχόντων</span> <span class='ocrx_word' id='word_1_802' title='bbox 893 5102 1136 5173; x_wconf 83' lang='grc' dir='ltr'>κεφαλὴν</span> <span class='ocrx_word' id='word_1_803' title='bbox 1173 5105 1574 5176; x_wconf 81' lang='grc' dir='ltr'>ὲγκαθίδρυται.</span> <span class='ocrx_word' id='word_1_804' title='bbox 1613 5109 1736 5170; x_wconf 88' lang='grc' dir='ltr'>Πῶς</span> 
     </span>
    </p>
   </div>
   <div class='ocr_carea' id='block_1_101' title="bbox 173 5164 1733 5269">
    <p class='ocr_par' dir='ltr' id='par_1_101' title="bbox 173 5164 1733 5269">
     <span class='ocr_line' id='line_1_101' title="bbox 173 5164 1733 5269; baseline 0.026 -52"><span class='ocrx_word' id='word_1_805' title='bbox 173 5164 258 5269; x_wconf 70' lang='grc' dir='ltr'>οὖν</span> <span class='ocrx_word' id='word_1_806' title='bbox 298 5164 521 5239; x_wconf 60' lang='grc' dir='ltr'>ὲνταὶίθα</span> <span class='ocrx_word' id='word_1_807' title='bbox 569 5164 732 5252; x_wconf 80' lang='grc' dir='ltr'>μόνου</span> <span class='ocrx_word' id='word_1_808' title='bbox 785 5190 933 5259; x_wconf 77' lang='grc' dir='ltr'>λέγει</span> <span class='ocrx_word' id='word_1_809' title='bbox 973 5164 1102 5246; x_wconf 46' lang='grc' dir='ltr'>τοῦ.</span> <span class='ocrx_word' id='word_1_810' title='bbox 1137 5164 1300 5263; x_wconf 77' lang='grc' dir='ltr'>σοφοῦ</span> <span class='ocrx_word' id='word_1_811' title='bbox 1349 5164 1446 5266; x_wconf 59' lang='grc' dir='ltr'>την</span> <span class='ocrx_word' id='word_1_812' title='bbox 1495 5197 1733 5269; x_wconf 80' lang='grc' dir='ltr'>κεφαλὴν</span> 
     </span>
    </p>
   </div>
   <div class='ocr_carea' id='block_1_102' title="bbox 173 5258 1727 5358">
    <p class='ocr_par' dir='ltr' id='par_1_102' title="bbox 173 5258 1727 5358">
     <span class='ocr_line' id='line_1_102' title="bbox 173 5258 1727 5358; baseline 0.009 -30"><span class='ocrx_word' id='word_1_813' title='bbox 173 5258 531 5358; x_wconf 66' lang='grc' dir='ltr'>ξῦμματῶσθαι</span> <span class='ocrx_word' id='word_1_814' title='bbox 553 5285 567 5333; x_wconf 84' lang='grc'>;</span> <span class='ocrx_word' id='word_1_815' title='bbox 593 5277 661 5322; x_wconf 80' lang='grc' dir='ltr'>Ἢ</span> <span class='ocrx_word' id='word_1_816' title='bbox 675 5279 833 5334; x_wconf 72' lang='grc' dir='ltr'>τοῦτο</span> <span class='ocrx_word' id='word_1_817' title='bbox 855 5258 1069 5345; x_wconf 86' lang='grc' dir='ltr'>πάντως</span> <span class='ocrx_word' id='word_1_818' title='bbox 1091 5285 1448 5356; x_wconf 87' lang='grc' dir='ltr'>ὑποσημαίνει</span> <span class='ocrx_word' id='word_1_819' title='bbox 1471 5288 1548 5358; x_wconf 85' lang='grc' dir='ltr'>τῷ</span> <span class='ocrx_word' id='word_1_820' title='bbox 1564 5289 1727 5358; x_wconf 83' lang='grc' dir='ltr'>λόγῳ,</span> 
     </span>
    </p>
   </div>
   <div class='ocr_carea' id='block_1_103' title="bbox 1847 4745 3417 4825">
    <p class='ocr_par' dir='ltr' id='par_1_103' title="bbox 1847 4745 3417 4825">
     <span class='ocr_line' id='line_1_103' title="bbox 1847 4745 3417 4825; baseline 0.003 -22"><span class='ocrx_word' id='word_1_821' title='bbox 1847 4746 1959 4803; x_wconf 88' lang='lat' dir='ltr'><strong>Cur</strong></span> <span class='ocrx_word' id='word_1_822' title='bbox 1999 4747 2117 4808; x_wconf 70' lang='lat' dir='ltr'><strong>haec</strong></span> <span class='ocrx_word' id='word_1_823' title='bbox 2145 4746 2320 4800; x_wconf 89' lang='lat' dir='ltr'><strong>dicit?</strong></span> <span class='ocrx_word' id='word_1_824' title='bbox 2365 4745 2532 4801; x_wconf 85' lang='lat' dir='ltr'><strong>Estne</strong></span> <span class='ocrx_word' id='word_1_825' title='bbox 2585 4749 2752 4802; x_wconf 91' lang='lat' dir='ltr'><strong>ullum</strong></span> <span class='ocrx_word' id='word_1_826' title='bbox 2782 4751 3006 4805; x_wconf 89' lang='lat' dir='ltr'><strong>omnino</strong></span> <span class='ocrx_word' id='word_1_827' title='bbox 3041 4753 3239 4807; x_wconf 90' lang='lat' dir='ltr'><strong>animal</strong></span> <span class='ocrx_word' id='word_1_828' title='bbox 3272 4757 3417 4825; x_wconf 78' lang='lat' dir='ltr'><strong>quod</strong></span> 
     </span>
    </p>
   </div>
   <div class='ocr_carea' id='block_1_104' title="bbox 1846 4837 3415 4914">
    <p class='ocr_par' dir='ltr' id='par_1_104' title="bbox 1846 4837 3415 4914">
     <span class='ocr_line' id='line_1_104' title="bbox 1846 4837 3415 4914; baseline 0.006 -23"><span class='ocrx_word' id='word_1_829' title='bbox 1846 4838 2046 4892; x_wconf 87' lang='lat' dir='ltr'><strong>habeat</strong></span> <span class='ocrx_word' id='word_1_830' title='bbox 2092 4837 2283 4891; x_wconf 91' lang='lat' dir='ltr'><strong>oculos</strong></span> <span class='ocrx_word' id='word_1_831' title='bbox 2336 4846 2489 4891; x_wconf 79' lang='lat' dir='ltr'><strong>extra</strong></span> <span class='ocrx_word' id='word_1_832' title='bbox 2534 4848 2723 4909; x_wconf 88' lang='lat' dir='ltr'><strong>caput,</strong></span> <span class='ocrx_word' id='word_1_833' title='bbox 2773 4856 2868 4895; x_wconf 90' lang='lat' dir='ltr'>seu</span> <span class='ocrx_word' id='word_1_834' title='bbox 2905 4842 3113 4898; x_wconf 78' lang='lat' dir='ltr'><strong>dixeris</strong></span> <span class='ocrx_word' id='word_1_835' title='bbox 3154 4848 3415 4914; x_wconf 74' lang='lat' dir='ltr'><strong>aquatile,</strong></span> 
     </span>
    </p>
   </div>
   <div class='ocr_carea' id='block_1_105' title="bbox 1845 4930 3420 4993">
    <p class='ocr_par' dir='ltr' id='par_1_105' title="bbox 1845 4930 3420 4993">
     <span class='ocr_line' id='line_1_105' title="bbox 1845 4930 3420 4993; baseline 0.004 -9"><span class='ocrx_word' id='word_1_836' title='bbox 1845 4943 1940 4984; x_wconf 87' lang='lat' dir='ltr'>seu</span> <span class='ocrx_word' id='word_1_837' title='bbox 1974 4937 2251 4993; x_wconf 89' lang='lat' dir='ltr'><strong>terrestre,</strong></span> <span class='ocrx_word' id='word_1_838' title='bbox 2286 4943 2381 4983; x_wconf 84' lang='lat' dir='ltr'><strong>seu</strong></span> <span class='ocrx_word' id='word_1_839' title='bbox 2423 4930 2688 4983; x_wconf 89' lang='lat' dir='ltr'><strong>aereum?</strong></span> <span class='ocrx_word' id='word_1_840' title='bbox 2736 4931 2792 4984; x_wconf 93' lang='lat' dir='ltr'><strong>ln</strong></span> <span class='ocrx_word' id='word_1_841' title='bbox 2828 4933 3084 4988; x_wconf 89' lang='lat' dir='ltr'><strong>omnibus</strong></span> <span class='ocrx_word' id='word_1_842' title='bbox 3113 4936 3258 4989; x_wconf 89' lang='lat' dir='ltr'><strong>enim</strong></span> <span class='ocrx_word' id='word_1_843' title='bbox 3287 4952 3420 4990; x_wconf 85' lang='lat' dir='ltr'><strong>ocu-</strong></span> 
     </span>
    </p>
   </div>
   <div class='ocr_carea' id='block_1_106' title="bbox 1843 5018 3417 5089">
    <p class='ocr_par' dir='ltr' id='par_1_106' title="bbox 1843 5018 3417 5089">
     <span class='ocr_line' id='line_1_106' title="bbox 1843 5018 3417 5089; baseline 0.004 -17"><span class='ocrx_word' id='word_1_844' title='bbox 1843 5019 1932 5073; x_wconf 89' lang='lat' dir='ltr'><strong>lus</strong></span> <span class='ocrx_word' id='word_1_845' title='bbox 1959 5019 2172 5087; x_wconf 90' lang='lat' dir='ltr'><strong>reliquo</strong></span> <span class='ocrx_word' id='word_1_846' title='bbox 2203 5018 2422 5087; x_wconf 91' lang='lat' dir='ltr'><strong>corpori</strong></span> <span class='ocrx_word' id='word_1_847' title='bbox 2450 5028 2534 5073; x_wconf 88' lang='lat' dir='ltr'>est</span> <span class='ocrx_word' id='word_1_848' title='bbox 2562 5021 2890 5089; x_wconf 74' lang='lat' dir='ltr'><strong>praepositus</strong></span> <span class='ocrx_word' id='word_1_849' title='bbox 2920 5031 2975 5078; x_wconf 89' lang='lat' dir='ltr'>et</span> <span class='ocrx_word' id='word_1_850' title='bbox 3003 5025 3309 5082; x_wconf 87' lang='lat' dir='ltr'><strong>collocatus</strong></span> <span class='ocrx_word' id='word_1_851' title='bbox 3334 5036 3417 5082; x_wconf 88' lang='lat' dir='ltr'>est</span> 
     </span>
    </p>
   </div>
   <div class='ocr_carea' id='block_1_107' title="bbox 1843 5110 3416 5187">
    <p class='ocr_par' dir='ltr' id='par_1_107' title="bbox 1843 5110 3416 5187">
     <span class='ocr_line' id='line_1_107' title="bbox 1843 5110 3416 5187; baseline 0.003 -23"><span class='ocrx_word' id='word_1_852' title='bbox 1843 5111 1898 5164; x_wconf 91' lang='lat' dir='ltr'><strong>in</strong></span> <span class='ocrx_word' id='word_1_853' title='bbox 1934 5110 2114 5179; x_wconf 87' lang='lat' dir='ltr'><strong>capite</strong></span> <span class='ocrx_word' id='word_1_854' title='bbox 2148 5123 2340 5165; x_wconf 90' lang='lat' dir='ltr'><strong>eorum</strong></span> <span class='ocrx_word' id='word_1_855' title='bbox 2377 5125 2500 5179; x_wconf 75' lang='lat' dir='ltr'><strong>qua:</strong></span> <span class='ocrx_word' id='word_1_856' title='bbox 2529 5110 2732 5165; x_wconf 87' lang='lat' dir='ltr'><strong>habent</strong></span> <span class='ocrx_word' id='word_1_857' title='bbox 2763 5123 2946 5181; x_wconf 84' lang='lat' dir='ltr'><strong>caput.</strong></span> <span class='ocrx_word' id='word_1_858' title='bbox 2977 5115 3260 5180; x_wconf 88' lang='lat' dir='ltr'><strong>Quomodo</strong></span> <span class='ocrx_word' id='word_1_859' title='bbox 3285 5133 3416 5187; x_wconf 76' lang='lat' dir='ltr'><strong>ergo</strong></span> 
     </span>
    </p>
   </div>
   <div class='ocr_carea' id='block_1_108' title="bbox 1840 5199 3414 5272">
    <p class='ocr_par' dir='ltr' id='par_1_108' title="bbox 1840 5199 3414 5272">
     <span class='ocr_line' id='line_1_108' title="bbox 1840 5199 3414 5272; baseline 0.004 -20"><span class='ocrx_word' id='word_1_860' title='bbox 1840 5199 1931 5253; x_wconf 92' lang='lat' dir='ltr'>hic</span> <span class='ocrx_word' id='word_1_861' title='bbox 1987 5199 2121 5254; x_wconf 85' lang='lat' dir='ltr'><strong>dicit</strong></span> <span class='ocrx_word' id='word_1_862' title='bbox 2179 5199 2352 5252; x_wconf 81' lang='lat' dir='ltr'><strong>solius</strong></span> <span class='ocrx_word' id='word_1_863' title='bbox 2405 5201 2670 5269; x_wconf 84' lang='lat' dir='ltr'><strong>sapientis</strong></span> <span class='ocrx_word' id='word_1_864' title='bbox 2721 5210 2885 5272; x_wconf 92' lang='lat' dir='ltr'><strong>caput</strong></span> <span class='ocrx_word' id='word_1_865' title='bbox 2947 5205 3230 5272; x_wconf 63' lang='lat' dir='ltr'><strong>praeditum</strong></span> <span class='ocrx_word' id='word_1_866' title='bbox 3291 5221 3414 5263; x_wconf 85' lang='lat' dir='ltr'><strong>esse</strong></span> 
     </span>
    </p>
   </div>
   <div class='ocr_carea' id='block_1_109' title="bbox 1841 5289 3408 5366">
    <p class='ocr_par' dir='ltr' id='par_1_109' title="bbox 1841 5289 3408 5366">
     <span class='ocr_line' id='line_1_109' title="bbox 1841 5289 3408 5366; baseline 0.005 -22"><span class='ocrx_word' id='word_1_867' title='bbox 1841 5289 2061 5344; x_wconf 88' lang='lat' dir='ltr'><strong>oculis?</strong></span> <span class='ocrx_word' id='word_1_868' title='bbox 2103 5291 2186 5342; x_wconf 78' lang='lat' dir='ltr'><strong>An</strong></span> <span class='ocrx_word' id='word_1_869' title='bbox 2243 5289 2348 5342; x_wconf 93' lang='lat' dir='ltr'>hoc</span> <span class='ocrx_word' id='word_1_870' title='bbox 2403 5291 2629 5344; x_wconf 91' lang='lat' dir='ltr'><strong>omnino</strong></span> <span class='ocrx_word' id='word_1_871' title='bbox 2694 5295 2857 5347; x_wconf 90' lang='lat' dir='ltr'><strong>tacite</strong></span> <span class='ocrx_word' id='word_1_872' title='bbox 2915 5295 3209 5364; x_wconf 79' lang='lat' dir='ltr'><strong>signiﬁcat,</strong></span> <span class='ocrx_word' id='word_1_873' title='bbox 3263 5300 3408 5366; x_wconf 90' lang='lat' dir='ltr'><strong>quod</strong></span> 
     </span>
    </p>
   </div>
   <div class='ocr_carea' id='block_1_110' title="bbox 174 5348 1761 5452">
    <p class='ocr_par' dir='ltr' id='par_1_110' title="bbox 174 5348 1728 5452">
     <span class='ocr_line' id='line_1_110' title="bbox 174 5348 1728 5452; baseline 0.021 -50"><span class='ocrx_word' id='word_1_874' title='bbox 174 5348 260 5452; x_wconf 36' lang='grc' dir='ltr'>ὃτι.</span> <span class='ocrx_word' id='word_1_875' title='bbox 288 5355 540 5425; x_wconf 89' lang='grc' dir='ltr'>ἀναλογία</span> <span class='ocrx_word' id='word_1_876' title='bbox 569 5361 795 5452; x_wconf 23' lang='grc' dir='ltr'>τίς-ἐστι</span> <span class='ocrx_word' id='word_1_877' title='bbox 825 5373 930 5417; x_wconf 73' lang='grc' dir='ltr'>τῶν</span> <span class='ocrx_word' id='word_1_878' title='bbox 963 5375 1020 5426; x_wconf 81' lang='grc' dir='ltr'>ὲν</span> <span class='ocrx_word' id='word_1_879' title='bbox 1057 5378 1121 5446; x_wconf 73' lang='grc' dir='ltr'>τῇ</span> <span class='ocrx_word' id='word_1_880' title='bbox 1341 5348 1728 5449; x_wconf 64' lang='grc' dir='ltr'>θεωροῦμένωύ</span> 
     </span>
    </p>
   </div>
   <div class='ocr_carea' id='block_1_111' title="bbox 1866 5348 3409 5452">
    <p class='ocr_par' dir='ltr' id='par_1_111' title="bbox 1869 5380 3409 5452">
     <span class='ocr_line' id='line_1_111' title="bbox 1869 5380 3409 5452; baseline 0.004 -18"><span class='ocrx_word' id='word_1_881' title='bbox 1869 5395 2026 5434; x_wconf 86' lang='lat' dir='ltr'><strong>orum</strong></span> <span class='ocrx_word' id='word_1_882' title='bbox 2061 5395 2183 5449; x_wconf 73' lang='lat' dir='ltr'><strong>qua:</strong></span> <span class='ocrx_word' id='word_1_883' title='bbox 2215 5380 2642 5435; x_wconf 88' lang='lat' dir='ltr'><strong>considerantur</strong></span> <span class='ocrx_word' id='word_1_884' title='bbox 2687 5383 2740 5434; x_wconf 92' lang='lat' dir='ltr'><strong>in</strong></span> <span class='ocrx_word' id='word_1_885' title='bbox 2777 5383 2978 5444; x_wconf 84' lang='lat' dir='ltr'><strong>anima,</strong></span> <span class='ocrx_word' id='word_1_886' title='bbox 3033 5392 3115 5437; x_wconf 89' lang='lat' dir='ltr'><strong>est</strong></span> <span class='ocrx_word' id='word_1_887' title='bbox 3165 5386 3409 5452; x_wconf 77' lang='lat' dir='ltr'><strong>quaedam</strong></span> 
     </span>
    </p>
   </div>
   <div class='ocr_carea' id='block_1_112' title="bbox 175 5440 1761 5545">
    <p class='ocr_par' dir='ltr' id='par_1_112' title="bbox 175 5440 1729 5538">
     <span class='ocr_line' id='line_1_112' title="bbox 175 5440 1729 5538; baseline 0.012 -33"><span class='ocrx_word' id='word_1_888' title='bbox 175 5440 299 5511; x_wconf 76' lang='grc' dir='ltr'>πρὸς</span> <span class='ocrx_word' id='word_1_889' title='bbox 325 5447 389 5500; x_wconf 83' lang='grc' dir='ltr'>τὰ</span> <span class='ocrx_word' id='word_1_890' title='bbox 417 5449 509 5503; x_wconf 83' lang='grc' dir='ltr'>τοῦ</span> <span class='ocrx_word' id='word_1_891' title='bbox 541 5440 791 5520; x_wconf 58' lang='grc' dir='ltr'>σώματος</span> <span class='ocrx_word' id='word_1_892' title='bbox 823 5454 998 5526; x_wconf 80' lang='grc' dir='ltr'>μέρη;</span> <span class='ocrx_word' id='word_1_893' title='bbox 1030 5440 1138 5513; x_wconf 65' lang='lat' dir='ltr'><strong>Kcin</strong></span> <span class='ocrx_word' id='word_1_894' title='bbox 1160 5440 1346 5538; x_wconf 45' lang='lat' dir='ltr'><strong>suis?</strong></span> <span class='ocrx_word' id='word_1_895' title='bbox 1376 5440 1468 5521; x_wconf 70' lang='grc' dir='ltr'>ἐπι</span> <span class='ocrx_word' id='word_1_896' title='bbox 1495 5440 1596 5538; x_wconf 57' lang='grc' dir='ltr'>τῆς</span> <span class='ocrx_word' id='word_1_897' title='bbox 1626 5487 1729 5522; x_wconf 85' lang='grc' dir='ltr'>σω-</span> 
     </span>
    </p>
   </div>
   <div class='ocr_carea' id='block_1_113' title="bbox 1866 5440 3413 5545">
    <p class='ocr_par' dir='ltr' id='par_1_113' title="bbox 1866 5472 3413 5545">
     <span class='ocr_line' id='line_1_113' title="bbox 1866 5472 3413 5545; baseline 0.008 -25"><span class='ocrx_word' id='word_1_898' title='bbox 1866 5472 2118 5541; x_wconf 65' lang='grc' dir='ltr'>ντοροτιὶο</span> <span class='ocrx_word' id='word_1_899' title='bbox 2144 5478 2198 5526; x_wconf 86' lang='grc' dir='ltr'>ει</span> <span class='ocrx_word' id='word_1_900' title='bbox 2245 5472 2628 5528; x_wconf 83' lang='lat' dir='ltr'><strong>convenientia</strong></span> <span class='ocrx_word' id='word_1_901' title='bbox 2663 5487 2786 5527; x_wconf 90' lang='lat' dir='ltr'><strong>cum</strong></span> <span class='ocrx_word' id='word_1_902' title='bbox 2829 5475 3076 5542; x_wconf 88' lang='lat' dir='ltr'><strong>partibus</strong></span> <span class='ocrx_word' id='word_1_903' title='bbox 3110 5478 3358 5545; x_wconf 89' lang='lat' dir='ltr'><strong>corporis</strong></span> <span class='ocrx_word' id='word_1_904' title='bbox 3390 5478 3413 5532; x_wconf 78' lang='lat'><strong>1&#39;</strong></span> 
     </span>
    </p>
   </div>
   <div class='ocr_carea' id='block_1_114' title="bbox 178 5537 1761 5661">
    <p class='ocr_par' dir='ltr' id='par_1_114' title="bbox 178 5537 1727 5633">
     <span class='ocr_line' id='line_1_114' title="bbox 178 5537 1727 5633; baseline 0.018 -46"><span class='ocrx_word' id='word_1_905' title='bbox 178 5537 396 5608; x_wconf 64' lang='grc' dir='ltr'>βιωτικῆς</span> <span class='ocrx_word' id='word_1_906' title='bbox 433 5541 772 5609; x_wconf 85' lang='grc' dir='ltr'>διαπλάσεως</span> <span class='ocrx_word' id='word_1_907' title='bbox 820 5547 880 5600; x_wconf 87' lang='grc' dir='ltr'>τὸ</span> <span class='ocrx_word' id='word_1_908' title='bbox 913 5551 1141 5622; x_wconf 79' lang='grc' dir='ltr'>προέχον</span> <span class='ocrx_word' id='word_1_909' title='bbox 1189 5555 1284 5608; x_wconf 81' lang='grc' dir='ltr'>τοῦ</span> <span class='ocrx_word' id='word_1_910' title='bbox 1316 5537 1463 5614; x_wconf 16' lang='grc' dir='ltr'>Ῠὸλου</span> <span class='ocrx_word' id='word_1_911' title='bbox 1517 5561 1727 5633; x_wconf 82' lang='grc' dir='ltr'>κεφαλὴ</span> 
     </span>
    </p>
   </div>
   <div class='ocr_carea' id='block_1_115' title="bbox 1866 5537 3411 5661">
    <p class='ocr_par' dir='ltr' id='par_1_115' title="bbox 1869 5537 3411 5661">
     <span class='ocr_line' id='line_1_115' title="bbox 1869 5537 3411 5661; baseline 0.005 -44"><span class='ocrx_word' id='word_1_912' title='bbox 1869 5573 1890 5617; x_wconf 86' lang='grc' dir='ltr'>ι</span> <span class='ocrx_word' id='word_1_913' title='bbox 1937 5537 2085 5622; x_wconf 76' lang='lat' dir='ltr'><strong>sicut</strong></span> <span class='ocrx_word' id='word_1_914' title='bbox 2129 5562 2186 5618; x_wconf 93' lang='lat' dir='ltr'><strong>in</strong></span> <span class='ocrx_word' id='word_1_915' title='bbox 2238 5563 2410 5635; x_wconf 88' lang='lat' dir='ltr'><strong>ﬁgura</strong></span> <span class='ocrx_word' id='word_1_916' title='bbox 2459 5563 2706 5634; x_wconf 89' lang='lat' dir='ltr'><strong>corporis</strong></span> <span class='ocrx_word' id='word_1_917' title='bbox 2752 5565 2806 5619; x_wconf 92' lang='lat' dir='ltr'><strong>id</strong></span> <span class='ocrx_word' id='word_1_918' title='bbox 2831 5537 2996 5635; x_wconf 67' lang='lat' dir='ltr'><strong>quod</strong></span> <span class='ocrx_word' id='word_1_919' title='bbox 3050 5567 3144 5622; x_wconf 88' lang='lat' dir='ltr'><strong>toti</strong></span> <span class='ocrx_word' id='word_1_920' title='bbox 3194 5579 3411 5661; x_wconf 71' lang='lat' dir='ltr'><strong>praeest,</strong></span> 
     </span>
    </p>
   </div>
   <div class='ocr_carea' id='block_1_116' title="bbox 237 5710 720 5784">
    <p class='ocr_par' dir='ltr' id='par_1_116' title="bbox 237 5710 720 5784">
     <span class='ocr_line' id='line_1_116' title="bbox 237 5710 720 5784; baseline 0.017 -17"><span class='ocrx_word' id='word_1_921' title='bbox 237 5710 279 5745; x_wconf 83' lang='grc'>’³</span> <span class='ocrx_word' id='word_1_922' title='bbox 311 5712 451 5773; x_wconf 89' lang='lat' dir='ltr'><strong>Psal.</strong></span> <span class='ocrx_word' id='word_1_923' title='bbox 481 5734 601 5784; x_wconf 86' lang='lat' dir='ltr'><strong>cm,</strong></span> <span class='ocrx_word' id='word_1_924' title='bbox 630 5721 720 5775; x_wconf 71' lang='grc'>24.</span> 
     </span>
    </p>
   </div>
   <div class='ocr_carea' id='block_1_117' title="bbox 474 5811 1163 5885">
    <p class='ocr_par' dir='ltr' id='par_1_117' title="bbox 474 5811 1163 5885">
     <span class='ocr_line' id='line_1_117' title="bbox 474 5811 1163 5885; baseline 0.023 -16"><span class='ocrx_word' id='word_1_925' title='bbox 474 5811 752 5875; x_wconf 71' lang='grc' dir='ltr'>Ριτιιοι.</span> <span class='ocrx_word' id='word_1_926' title='bbox 795 5816 913 5877; x_wconf 75' lang='lat' dir='ltr'>Gn.</span> <span class='ocrx_word' id='word_1_927' title='bbox 949 5821 1163 5885; x_wconf 72' lang='lat' dir='ltr'><strong>XLIV.</strong></span> 
     </span>
    </p>
   </div>
   <div class='ocr_carea' id='block_1_118' title="bbox 3062 5836 3142 5890">
    <p class='ocr_par' dir='ltr' id='par_1_118' title="bbox 3062 5836 3142 5890">
     <span class='ocr_line' id='line_1_118' title="bbox 3062 5836 3142 5890; baseline 0.013 -1"><span class='ocrx_word' id='word_1_928' title='bbox 3062 5836 3142 5890; x_wconf 64' lang='grc'>92</span> 
     </span>
    </p>
   </div>
  </div>
