3844 6362
447 348 552 404 683
1677 339 1734 394 S.
1777 337 2102 396 CRECORII
2138 339 2433 398 NYSSENI
3599 348 3696 405 σει

447 471 612 533 caput
673 460 1005 521 nominatur,
1059 456 1134 511 ita
1177 454 1342 510 etiam
1407 455 1464 509 in
1524 454 1705 509 anima
1759 455 1812 510 id
1870 456 2012 526 quod

2119 457 2468 528 ὀνομάζεται,
2503 457 2645 511 οὕτω
2682 459 2776 511 καὶ
2813 459 2904 512 ἐπὶ
2926 457 3025 529 τῆς
3063 458 3241 530 ψυχῆς
3281 459 3344 513 τὸ
3374 461 3697 532 ἡγεμονικόν

347 612 365 624 η
443 554 812 625 principatum
844 550 1074 612 obtinet,
1121 555 1176 604 et
1207 548 1442 619 primum
1471 557 1620 603 tenet
1668 547 1872 612 locum,
1921 561 2012 617 pro

2117 565 2178 601 τε
2211 549 2304 601 καὶ
2333 549 2768 620 προτεταγμένον
2806 549 2926 603 ἀντὶ
2974 549 3219 620 κεφαλῆς
3258 552 3485 605 νοεῖται·
3519 554 3611 607 καὶ
3641 554 3698 606 ὃν

445 646 625 714 capite
656 642 978 711 intelligitur
1003 657 1016 705 ;
1043 648 1096 693 et
1119 654 1228 709 quo
1256 637 1421 694 modo
1449 638 1602 709 pedis
1628 638 1806 693 basim
1833 639 2019 708 appel-

441 741 618 793 lamus
661 736 1026 800 calcaneum,
1062 733 1136 786 ita
1183 731 1347 786 etiam
1399 729 1565 786 fuerit
1602 730 1752 786 basis
1801 729 2016 794 animm,

443 845 539 900 per
581 843 748 898 quam
798 825 1020 895 attingit
1066 824 1317 895 corporis
1365 824 1823 888 coalescentiam,
1873 822 2018 878 unde

442 920 691 974 immittit
709 919 763 973 in
795 916 1102 986 subjectum
1131 913 1400 971 sentiendi
1418 916 1527 968 vim
1545 923 1599 970 et
1622 915 2014 984 Operationem.

437 1009 670 1077 Quando
699 1005 1228 1078 ergo'perspiciendi
1263 1013 1316 1060 et
1363 1004 1773 1074 contemplandi
1820 1004 1904 1058 vis
1961 1004 2016 1058 in

376 1111 391 1170 "
437 1103 621 1156 anima
643 1110 954 1169 occupatur
978 1101 1032 1154 in
1061 1098 1227 1155 rebus
1253 1098 1576 1161 sensilibus,
1606 1098 1660 1151 in
1691 1097 1810 1167 ejus
1837 1096 2016 1151 calea-

373 1247 377 1255 ,
424 1207 570 1249 meos
590 1194 874 1248 oculorum
895 1189 1105 1245 transit
1134 1198 1352 1252 natura,
1375 1203 1472 1259 per
1498 1203 1638 1258 quos
1669 1189 1868 1259 aspicit
1894 1204 2016 1258 qua:

390 1286 394 1326 ἴ
435 1290 565 1337 sunt
599 1280 886 1344 inferiora,
919 1278 1238 1335 sublimium
1286 1277 1728 1348 speculationum
1763 1287 2014 1333 contem-

419 1373 697 1444 plationis
725 1385 924 1442 expers
954 1383 1184 1424 manens
1218 1369 1455 1439 penitus.
1491 1367 1588 1423 Sin
1615 1377 1796 1424 autem
1829 1385 2013 1426 rerum

354 1534 360 1541 η
423 1465 807 1533 ιειιιῇεοιοτυιη
847 1463 1067 1533 cognita
1103 1460 1366 1525 vanitate,
1396 1461 1685 1517 sustulerit
1714 1462 1907 1517 oculos
1944 1461 2014 1516 ad

438 1571 602 1611 suum
631 1561 819 1625 caput,
854 1551 1001 1624 quod
1031 1559 1115 1608 est
1143 1550 1420 1617 Christus,
1449 1552 1595 1607 sicut
1625 1553 2015 1622 interpretatur

422 1645 662 1706 .Paulus,
687 1644 844 1698 beata
869 1641 1145 1696 censenda
1170 1639 1337 1695 fuerit
1363 1647 1588 1710 propter
1617 1655 1798 1695 acrem
1827 1641 2014 1695 oculo-

438 1749 560 1788 rum
594 1735 788 1796 aciem,
843 1739 905 1786 ut
941 1747 1063 1802 quae
1093 1731 1206 1785 illic
1238 1730 1437 1785 habeat
1485 1730 1702 1795 oculos,
1737 1730 1832 1786 ubi
1884 1730 2011 1784 mali

2115 639 2316 709 τρόπον
2339 639 2578 711 πτέρναν
2599 640 2699 711 τὴν
2719 638 2814 693 τοῦ
2837 640 2996 704 ποδὸς
3020 640 3176 710 βάσιν
3200 643 3697 715 προσαγορεύομεν,

2116 725 2290 790 οὕτως
2321 726 2388 780 ἂν
2420 728 2504 797 είη
2541 729 2636 781 καλ⁸
2673 727 2774 797 τῆς
2816 728 2994 799 ψυχῆς
3027 729 3183 798 βάσις
3207 730 3276 784 δι’
3302 727 3372 802 ἦς
3398 732 3701 801 ἐφάπτεται

2115 818 2217 888 τῆς
2251 818 2527 888 συμφυΐας
2552 817 2647 871 τοῦ
2677 818 2951 890 σώματος,
2979 819 3101 874 ὅθεν
3131 821 3237 893 ¹τὴν
3262 822 3587 894 αἰσθητικὴν
3611 823 3700 877 δύ-

2115 908 2278 980 ναμίν
2303 925 2363 962 τε
2387 909 2483 962 καὶ
2503 909 2784 981 ἐνέργειαν
2808 910 2885 981 τῷ
2911 911 3255 983 ὑποκειμένῳ
3274 913 3501 989 ἐνίησιν..
3534 916 3700 968 Ὅταν

2115 1000 2297 1054 τοίνυν
2329 1001 2362 1071 ἠ
2401 1002 2683 1072 διορατική
2721 1019 2781 1056 τε
2815 1003 2904 1056 καὶ
2937 1003 3243 1075 θεωρητικὴ
3271 1005 3372 1075 τῆς
3397 1005 3583 1077 ψυχῆς
3607 1007 3698 1061 δύ-

2116 1109 2279 1162 ναμις
2307 1093 2444 1165 πρὸς
2486 1095 2554 1147 τὰ
2589 1094 2823 1165 αίσθητὰ
2866 1096 2966 1165 τὴν
3013 1096 3266 1165 ἀσχολίαν
3301 1097 3413 1166 ἔχει
3437 1137 3452 1161 ,
3489 1100 3572 1161 εἰς
3602 1099 3699 1161 τὰς

2117 1186 2355 1256 πτέρνας
2387 1187 2560 1257 αὐτῆς
2592 1187 2626 1257 ἡ
2657 1187 2764 1240 τῶν
2801 1186 3095 1258 ὀφθαλμῶν
3121 1187 3284 1255 φύσις
3314 1189 3699 1260 ἀντιμεθίστα-

2115 1295 2226 1340 ται,
2260 1277 2327 1330 δι’
2362 1271 2437 1332 ὧν
2475 1278 2544 1333 τὰ
2572 1279 2724 1333 κάτω
2757 1278 2974 1348 βλέπει,
3017 1279 3127 1332 τῶν
3155 1279 3373 1348 ὑψηλῶν
3407 1281 3700 1352 θεαμάτων

2113 1367 2341 1434 ἀθέατος
2379 1368 2638 1439 μένουσα.
2672 1369 2736 1423 Et
2767 1369 2825 1422 δὲ
2851 1369 3166 1441 γνωρίσασα
3187 1369 3295 1424 τῶν
3321 1371 3700 1441 ὑποκειμένων

2114 1460 2176 1513 τὸ
2211 1461 2460 1530 μάταιον,
2501 1461 2767 1530 ἀναγάγοι
2804 1461 2901 1524 τὰς
2939 1460 3089 1530 ὄψεις
3127 1463 3220 1516 ἐπὶ
3248 1463 3347 1534 τὴν
3371 1465 3577 1532 ἑαυτῆς
3605 1482 3696 1518 κε-

2115 1550 2310 1621 φαλὴν,
2358 1551 2484 1620 ἥτις
2520 1551 2668 1605 ἐστὶν
2713 1553 2742 1604 ὀ
2782 1549 3046 1621 Χριστὸς,
3090 1550 3272 1613 καθὼς
3295 1552 3641 1622 διερμηνεύει
3669 1555 3698 1605 ὀ

2114 1641 2326 1706 Παῦλος
2349 1683 2364 1707 ,
2418 1644 2729 1714 μακαριστὴ
2772 1643 2839 1694 ἂν
2877 1641 3087 1708 γένοιτο
3129 1642 3227 1712 τῆς
3249 1641 3544 1709 ὀξυωπίας,
3581 1646 3696 1697 ἐκεῖ

2114 1733 2310 1805 ἔχουσα
2341 1735 2465 1799 τοὺς
2503 1733 2844 1804 ὀφθαλμοὺς,
2873 1732 3005 1785 ὅπου
3029 1733 3130 1786 οὐκ
3153 1732 3298 1786 ἐστιν
3328 1735 3362 1805 ἡ
3394 1734 3490 1788 τοῦ
3523 1735 3693 1812 κακοῦ

439 1841 546 1880 ηοη
579 1831 662 1880 est
693 1825 1027 1879 obscuritas.
1063 1821 1289 1894 Magnus
1336 1821 1430 1876 ille
1462 1821 1690 1886 Paulus,
1733 1829 1788 1876 et
1835 1822 1882 1876 si
1918 1823 2012 1892 qui

2116 1827 2487 1898 ἐπισκότησις.
2516 1825 2730 1890 Παῦλος
2753 1828 2782 1880 ὀ
2806 1826 2977 1897 μέγας
3012 1827 3105 1882 καὶ
3142 1825 3198 1878 εί
3220 1842 3366 1890 τινες
3394 1825 3545 1880 ἄλλοι
3573 1829 3694 1881 κατ’

437 1917 528 1971 alii
555 1924 686 1972 sunt
710 1917 854 1972 sicut
873 1915 962 1970 ille
988 1915 1191 1986 magni,
1216 1913 1489 1969 habebant
1511 1913 1702 1968 oculos
1731 1913 1786 1968 in
1808 1914 2008 1983 capite,

436 2017 488 2064 et
509 2023 702 2064 omnes
723 2008 818 2078 qui
840 2007 1032 2062 vivunt
1053 2013 1108 2062 et
1135 2015 1445 2071 moventur,
1469 2014 1524 2060 et
1541 2013 1672 2060 sunt
1698 2006 1750 2059 in
1769 2005 2007 2061 Christo.

437 2100 570 2156 Nam
605 2100 748 2157 sicut
778 2097 894 2153 fieri
919 2113 1026 2154 non
1055 2104 1260 2167 potest,
1281 2104 1340 2150 ut
1363 2097 1457 2167 qui
1487 2096 1558 2151 sit
1589 2097 1646 2151 in
1677 2095 1800 2151 luce
1827 2095 2012 2150 videat

426 2195 734 2251 tenebras:
769 2193 844 2248 ita
881 2206 991 2247 non
1025 2197 1207 2260 potest
1261 2188 1400 2255 fieri,
1441 2194 1502 2242 ut
1532 2188 1625 2258 qui
1675 2187 1730 2242 in
1783 2186 2011 2242 Christo

430 2289 599 2342 habet
626 2286 868 2351 oculum,
902 2284 970 2338 ad
1001 2281 1209 2352 aliquid
1242 2295 1445 2336 vanum
1473 2295 1597 2335 eum
1637 2280 1858 2351 deligat.
1903 2279 2009 2346 Qui

436 2393 566 2450 ergo
595 2378 762 2433 habet
791 2377 986 2431 oculos
1012 2373 1070 2428 in
1096 2373 1294 2443 capite,
1333 2379 1500 2442 caput
1538 2381 1717 2428 autem
1753 2372 2012 2443 intelligi-

437 2488 560 2527 mus
606 2467 983 2524 universitatis
1039 2463 1417 2536 principium,
1477 2462 1641 2518 habet
1705 2463 1896 2518 oculos
1955 2463 2009 2516 in

437 2561 586 2618 omni
649 2559 850 2614 virtute
912 2555 1193 2625 (Christus
1254 2560 1438 2607 autem
1495 2559 1581 2607 est
1647 2553 1820 2606 virtus
1887 2567 2012 2620 per-

437 2654 618 2714 fecta,
693 2656 752 2704 et
819 2646 971 2704 omni
1043 2661 1112 2702 ex
1182 2653 1339 2715 parte
1432 2642 1759 2713 absoluta),
1794 2643 1847 2697 in
1920 2658 2012 2698 ve-

436 2745 620 2809 ritate,
665 2741 722 2796 in
766 2739 1002 2808 justitia,
1057 2737 1113 2790 in
1166 2733 1709 2804 incorruptibilitate,
1762 2733 1817 2787 in
1859 2732 2009 2787 omni

435 2835 601 2890 bono.
643 2850 663 2883 ι
700 2829 977 2901 Sapientis
1023 2843 1154 2898 ergo
1187 2827 1328 2882 oculi
1377 2832 1505 2882 sunt
1546 2825 1598 2878 in
1637 2825 1812 2894 capite
1849 2825 2007 2894 ejus:

438 2904 639 2983 stultus
668 2929 850 2978 autem
884 2919 938 2975 in
964 2917 1210 2976 tenebris
1239 2917 1500 2971 ambulat.
1537 2937 1555 2967 ι
1590 2914 1692 2981 Qui
1721 2915 1864 2969 enim
1900 2929 2010 2968 non

439 3015 594 3087 ponit
626 3026 781 3070 suam
814 3011 1094 3063 lucernam
1119 3022 1287 3076 super
1318 3003 1730 3068 candelabrum,
1764 3001 1858 3057 sed
1891 3017 2009 3056 eam

439 3114 594 3178 pomt
625 3104 731 3160 sub
765 3103 895 3158 base
921 3100 1066 3168 lecti,
1095 3098 1257 3154 eﬂlcit
1285 3107 1342 3152 ut
1372 3099 1461 3151 lux
1482 3097 1586 3153 sibi
1614 3098 1723 3151 sint
1752 3096 2009 3162 tenebrae,

439 3207 499 3251 ut
533 3195 625 3268 qui
669 3192 908 3249 evaserit
945 3189 1129 3260 opifex
1178 3189 1299 3258 ejus
1324 3188 1474 3259 quod
1509 3202 1616 3240 non
1662 3196 1841 3257 potest
1879 3203 2012 3242 eun-

439 3290 659 3345 sistere.
691 3283 906 3338 Vanum
945 3289 1030 3335 est
1072 3289 1254 3334 autem
1290 3279 1342 3333 id
1384 3277 1532 3349 quod
1570 3279 1872 3333 consistere
1903 3295 2011 3334 non

441 3386 639 3450 potest.
681 3375 946 3431 Tenebrae
979 3387 1109 3444 ergo
1145 3372 1201 3426 in
1244 3371 1637 3442 significatione
1681 3378 1889 3424 tantum
1921 3386 2015 3426 va-

440 3473 578 3535 lent,
603 3479 866 3542 quantum
903 3480 1126 3521 vanum.
1163 3462 1326 3519 Stulti
1369 3478 1500 3534 ergo
1528 3463 1708 3517 anima
1737 3479 1858 3534 quis
1891 3479 2015 3519 cor-

431 3580 544 3636 pus
596 3563 809 3633 diligit,
868 3567 923 3615 et
973 3564 1058 3615 est
1107 3557 1383 3621 carnalis,
1438 3555 1568 3610 dum
1616 3555 1733 3612 haec
1785 3557 2011 3627 aspicit,

435 3657 574 3713 nihil
605 3655 768 3710 videt.
804 3649 958 3707 Verte
992 3651 1138 3706 enim
1171 3656 1302 3705 sunt
1331 3648 1569 3704 tenebras
1606 3663 1735 3704 acer
1769 3649 1924 3706 visus
1958 3651 2012 3703 in

431 3749 758 3807 sensilibus.
792 3745 957 3801 Vides
989 3745 1126 3801 istos
1155 3757 1310 3799 acres
1341 3750 1395 3797 et
1434 3743 1488 3797 iu
1521 3742 1625 3798 hac
1658 3742 1770 3798 vita
1817 3757 2014 3799 versu-

432 3853 526 3898 tos
561 3857 625 3895 ac
667 3838 970 3902 versatiles,
1013 3850 1152 3906 quos
1186 3850 1289 3890 nos
1335 3850 1603 3889 vocamus
1641 3834 2013 3904 jurisperitos,

437 3949 602 4005 quam
639 3931 798 3988 facile
839 3928 1074 3985 efficiant
1104 3937 1163 3981 ut
1204 3927 1369 3981 liceat
1409 3926 1590 3981 facere
1619 3926 1899 3995 iujuriam,
1932 3935 2015 3982 te-

432 4025 641 4087 stibus,
685 4021 954 4092 patronis,
987 4018 1209 4082 libellis,
1257 4016 1503 4087 judicum
1534 4017 1905 4082 observantia,
1956 4025 2016 4073 ut

431 4123 494 4169 et
529 4114 726 4167 malum
767 4111 973 4165 faciant
1009 4117 1065 4164 et
1097 4115 1316 4165 sumant
1347 4109 1714 4179 supplicium?
1739 4107 1874 4175 Quis
1906 4125 2014 4164 non

437 4217 627 4257 eorum
657 4202 890 4255 miretur
919 4198 1281 4254 subtilitatem
1316 4205 1369 4252 et
1408 4197 1668 4252 versatile
1696 4198 1973 4268 ingenium
1992 4199 2017 4251 ‘?

435 4295 581 4350 Sunt
636 4303 820 4348 tamen
870 4291 960 4346 isti
1013 4290 1167 4354 caeci,
1225 4291 1272 4345 si
1330 4287 1690 4345 conferantur
1735 4305 1860 4344 cum
1923 4291 2016 4347 illo

437 4385 620 4450 oculo,
658 4384 752 4453 qui
788 4397 851 4438 ea
884 4395 1006 4452 quae
1045 4393 1213 4451 supra
1239 4387 1390 4444 sunt,
1425 4378 1650 4450 aspicit,
1698 4380 1792 4450 qui
1830 4386 1915 4434 est
1958 4379 2012 4434 in

2115 1921 2322 1972 ἐκεῖνον
2363 1918 2588 1988 μεγάλοι
2615 1919 2671 1970 ὲν
2699 1920 2766 1988 τῇ
2795 1917 3004 1988 κεφαλῇ
3035 1919 3160 1980 τοὺς
3187 1916 3501 1988 ὀφθαλμοὺς
3528 1913 3691 1988 εἶχον,

2113 2010 2207 2064 καὶ
2236 2009 2434 2073 πάντες
2468 2011 2516 2062 οἱ
2549 2010 2607 2061 ὲν
2639 2009 2860 2080 Χριστῷ
2899 2007 3101 2073 ζῶντες
3134 2008 3226 2060 καὶ
3261 2008 3573 2079 κινούμενοι
3601 2010 3692 2064 καὶ

2111 2099 2282 2164 ὄντες.
2319 2101 2408 2164 Ὠς
2440 2100 2505 2154 ἂν
2532 2102 2630 2154 οὐκ
2656 2101 2770 2153 ἐστι
2795 2100 2886 2152 τὸν
2915 2101 2972 2152 ὲν
3001 2100 3138 2168 φωτὶ
3161 2099 3290 2154 ὄντα
3316 2099 3506 2162 σκότος
3539 2102 3690 2164 ἰδεῖν,

2111 2189 2282 2255 οὕτως
2303 2192 2403 2244 οὐκ
2421 2190 2536 2244 ἔστι
2555 2192 2645 2244 τὸν
2667 2193 2727 2245 ὲν
2749 2191 2827 2261 τῷ
2856 2190 3073 2262 Χριστῷ
3091 2191 3180 2243 τὸν
3199 2189 3474 2262 ὀφθαλμὸν
3499 2192 3695 2262 ἔχοντα

2113 2284 2248 2358 πρός
2284 2301 2338 2338 τι
2379 2285 2487 2338 τῶν
2522 2285 2767 2355 ματαίων
2805 2285 3132 2338 ὲνατενίσαι.
3186 2285 3245 2337 'U
3275 2279 3369 2337 οὖν
3398 2287 3456 2338 ἐν
3487 2288 3554 2355 τῇ
3599 2303 3692 2337 κε-

2112 2374 2255 2447 φαλῇ
2290 2375 2415 2438 τοὺς
2445 2375 2757 2446 ὀφθαλμοὺς
2783 2373 2942 2445 ἔχων,
2989 2373 3232 2446 κεφαλὴν
3263 2374 3320 2426 δὲ
3363 2375 3464 2444 τὴν
3493 2375 3694 2436 παντὸς

2111 2467 2284 2539 ἀρχὴν
2325 2468 2650 2538 ὲνοήσαμεν,
2705 2468 2763 2520 ἐν
2796 2468 2946 2540 πάσῃ
2990 2467 3159 2538 ἀρετῇ
3207 2467 3331 2530 τοὺς
3377 2465 3693 2536 ὀφθαλμοὺς

2111 2558 2223 2628 ἔχει
2281 2556 2547 2628 (Χριστὸς
2601 2558 2708 2628 γάρ
2772 2559 2919 2610 ἐστιν
2961 2560 2994 2628 ἡ
3045 2557 3312 2627 παντελὴς
3356 2557 3590 2628 ἀρετὴ),
3635 2559 3693 2608 ὲν

2111 2648 2359 2720 ἀληθείᾳ,
2386 2651 2442 2702 ὲν
2460 2645 2794 2721 δικαιοσύνῃ,
2814 2651 2871 2702 ὲν
2895 2648 3191 2722 ἀφθαρσίᾳ,
3217 2650 3273 2702 ὲν
3295 2651 3458 2704 παντὶ
3480 2651 3691 2722 ἀγαθῷ.

2117 2759 2137 2792 ι
2161 2741 2266 2794 Τοῦ
2291 2761 2308 2793 ι
2330 2735 2422 2794 οὖν
2444 2760 2462 2792 ‹
2489 2739 2652 2810 σοφοῦ
2673 2739 2722 2791 οί
2746 2739 3033 2811 ὀφθαλμοὶ,
3068 2743 3126 2794 ὲν
3151 2740 3357 2811 κεφαλῇ
3380 2741 3571 2794 αὐτοῦ’
3596 2745 3626 2796 ὁ
3642 2743 3695 2795 δὲ

2111 2832 2318 2903 ἄφρων,
2350 2833 2408 2886 ὲν
2430 2832 2611 2886 σκότει
2641 2831 2951 2903 πορεύεται.
2980 2851 2998 2884 ι
3031 2831 3089 2885 '0
3118 2833 3225 2904 γὰρ
3256 2833 3328 2902 μὴ
3353 2835 3446 2885 ἐπὶ
3475 2833 3579 2905 τὴν
3607 2834 3697 2886 λυ-

2112 2925 2265 2995 χνίαν
2296 2924 2388 2977 τὸν
2420 2923 2614 2978 ἑαυτοῦ
2643 2923 2834 2994 λύχνον
2868 2923 3156 2996 προτείνας
3175 2964 3190 2985 ,
3219 2923 3334 2978 ἀλλ’
3372 2925 3696 2978 ὑποϐάλλοιν

2112 3019 2178 3086 τῇ
2215 3015 2368 3085 βάσει
2396 3017 2498 3086 τῆς
2523 3015 2732 3086 κλίνης.
2760 3015 2820 3068 τὸ
2847 3017 3050 3084 φέγγος
3075 3015 3256 3086 ἐαυτῷ
3288 3017 3481 3080 σκότος
3507 3018 3696 3088 ἐποίη-

2117 3123 2227 3173 σεν,
2252 3105 2584 3178 δημιουργὸς
2604 3104 2698 3158 τοῦ
2724 3104 3073 3175 ἀνυπάρκτου
3103 3105 3413 3175 γενόμενος.
3447 3107 3695 3159 Μάταιον

2113 3199 2170 3252 δὲ
2207 3199 2266 3252 τὸ
2305 3198 2671 3270 ἀνύπαρκτον.
2705 3193 2854 3251 Ἶσον
2890 3191 2982 3250 οὖν
3015 3197 3132 3249 ἐστι
3165 3197 3306 3249 κατὰ
3344 3196 3404 3249 τὸ
3436 3198 3698 3267 σημαινό-

2117 3309 2274 3361 μενον
2302 3290 2378 3360 τῷ
2417 3289 2626 3361 ματαίῳ
2669 3289 2730 3342 τὸ
2772 3291 2983 3353 σκότος.
3030 3288 3137 3342 Τοῦ
3168 3289 3343 3341 τοίνυν
3393 3287 3694 3360 ἀφρονοςή

2113 3383 2258 3453 ψυχὴ
2297 3380 2672 3452 φιλοσώματός
2700 3398 2785 3442 τις
2817 3383 2908 3433 καὶ
2936 3379 3220 3450 σαρκώδης
3258 3379 3606 3449 γεγενημένη
3640 3381 3696 3430 ὲν

2113 3473 2190 3543 τῷ
2237 3472 2410 3526 ταῦτα
2457 3471 2691 3541 βλέπειν,
2739 3470 2922 3540 βλέπει
2969 3471 3138 3524 οὐδέν·
3174 3470 3362 3532 σκότος
3402 3470 3514 3540 γάρ
3549 3472 3697 3522 ἐστιν

2114 3563 2332 3635 ἀληθῶς
2369 3565 2402 3634 ἡ
2448 3565 2505 3616 ὲν
2547 3563 2755 3625 τούτοις
2791 3561 3058 3627 ὀξυωπία.
3114 3562 3277 3632 Ὁρᾷς
3311 3562 3436 3624 τοὺς
3483 3563 3697 3631 δριμεῖς

2113 3659 2336 3720 τούτους
2369 3656 2462 3710 καὶ
2489 3655 2822 3727 εὐστρόφους
2867 3655 3009 3709 κατὰ
3055 3654 3144 3708 τὸν
3195 3654 3328 3725 βίον,
3353 3653 3446 3718 οὓς
3481 3655 3696 3708 δικανιο

2115 3749 2245 3813 κοὺς
2267 3747 2626 3818 ὀνομάζομεν,
2661 3747 2807 3810 ὅπως
2838 3746 3050 3810 ἑαυτοῖς
3086 3745 3183 3816 τὴν
3213 3746 3424 3799 ἀδικίαν
3460 3745 3698 3815 ἐξευμα-

2118 3840 2346 3913 ρίζουσι,
2384 3838 2642 3911 μάρτυσι,
2673 3837 3013 3908 συνηγόροις,
3037 3839 3297 3909 γραφαῖς,
3325 3839 3390 3907 τῇ
3417 3835 3525 3912 τῶν
3554 3837 3700 3889 δικαο

2119 3932 2259 3985 στῶν
2301 3931 2589 4002 θεραπείᾳ,
2623 3931 2762 3984 ὥστε
2807 3929 2904 3982 καὶ
2940 3928 3002 3982 τὸ
3048 3929 3221 3981 κακὸν
3258 3925 3699 3997 κατεργάζεσθαι

2116 4025 2211 4078 καὶ
2235 4023 2482 4077 ἐκδοῦναι
2507 4027 2607 4094 τὴν
2629 4024 2935 4094 τιμωρίαν;
2963 4021 3057 4084 Τίς
3079 4021 3138 4074 οὐ
3161 4020 3429 4091 θαυμάζει
3460 4020 3518 4072 τό
3546 4020 3701 4090 ἀγχί-

2116 4131 2240 4169 νουν
2265 4113 2374 4167 τῶν
2407 4113 2660 4168 τοιούτων
2702 4115 2797 4167 καὶ
2831 4113 3292 4184 εὐπερίτρεπτον;
3355 4111 3494 4164 Ἀλλ’
3544 4113 3698 4181 ὅμως

2115 4206 2304 4276 τυφλοί
2344 4208 2478 4259 εἰσιν
2506 4209 2553 4259 οἱ
2585 4206 2838 4269 τοιοῦτοι,
2869 4207 2917 4259 εί
2964 4205 3100 4277 πρὸς
3128 4207 3330 4258 ἐκεῖνον
3368 4204 3458 4258 τὸν
3494 4204 3704 4272 ὀφθαλ-

2121 4298 2218 4369 μὸν
2238 4297 2595 4364 ὲξετάζοιντο,
2625 4297 2717 4350 τόν
2739 4296 2806 4350 τὰ
2828 4297 2938 4351 ἄνω
2961 4296 3244 4366 βλέποντα,
3272 4295 3362 4348 τὸν
3387 4297 3453 4365 τῇ
3481 4295 3698 4366 κεφαλῇ
3723 4323 3729 4327 ι

2115 4387 2223 4440 τῶν
2249 4387 2417 4441 ὄντων
2447 4389 2784 4459 ἐγκείμενον,
2821 4387 3011 4458 τυφλοί
3043 4387 3179 4440 εἰσιν
3213 4387 3488 4456 ἄντικρυς,
3515 4387 3568 4439 οί
3600 4388 3701 4458 τὴν

434 4477 616 4546 capite
645 4489 839 4532 eorum
869 4488 991 4547 quae
1019 4488 1148 4528 vere
1177 4483 1334 4545 sunt;
1363 4473 1524 4541 plane
1565 4479 1698 4527 sunt
1735 4471 1888 4536 cteci,
1919 4472 2012 4541 qui

2116 4477 2352 4549 πτέρναν
2386 4479 2591 4532 ἑαυτῶν
2620 4477 3073 4542 καλλωπίζοντες,
3099 4478 3199 4550 τὴν
3235 4479 3701 4548 σπαρασσομένην

437 4581 600 4622 suum
625 4572 825 4620 ornant
854 4564 1194 4626 caleaneum,
1225 4561 1370 4633 quod
1397 4563 1672 4618 laceratur
1693 4576 1724 4616 a
1752 4563 2012 4619 dentibus

439 4655 732 4726 serpentis.
787 4653 1079 4724 Propterea
1132 4653 1278 4709 enim
1324 4653 1468 4724 quod
1520 4669 1584 4708 ea
1636 4669 1760 4724 quae
1798 4652 2011 4711 inferne

439 4753 594 4808 sunt,
617 4744 918 4814 aspiciunt,
953 4744 1058 4798 sibi
1084 4745 1217 4814 ipsis
1249 4744 1569 4813 imprimunt
1598 4743 1851 4814 dogmata
1885 4760 2013 4814 pec-

374 4904 376 4906 ,
437 4837 570 4890 cati.
610 4854 627 4886 ι
665 4833 770 4900 Qui
802 4835 948 4888 enim
989 4833 1167 4904 diligit
1215 4833 1581 4903 iniquitatem,
1616 4832 1730 4886 odit
1772 4814 2010 4887 animam

436 4942 594 4984 suam
615 4927 682 4993 ",
720 4946 740 4978 ι
791 4934 845 4980 et
886 4925 1030 4996 quod
1076 4941 1144 4981 ex
1185 4926 1252 4981 iis
1298 4927 1441 4979 inter
1474 4925 1723 4981 homines
1755 4933 2016 4980 censetur

433 5023 680 5084 beatum,
716 5027 804 5076 est
851 5019 1142 5089 quibusvis
1194 5020 1360 5074 rebus
1411 5019 1660 5074 adversis
1717 5019 2010 5074 miserabi-

435 5115 563 5171 lius.
609 5113 783 5180 Quam
815 5113 974 5166 multi
1023 5119 1204 5165 autem
1243 5127 1437 5167 rursus
1485 5119 1676 5167 contra
1721 5120 1870 5175 sunt,
1918 5112 2011 5182 qui

435 5209 716 5276 replentur
773 5205 840 5260 iis
873 5219 995 5274 quae
1051 5214 1179 5258 sunt
1225 5203 1280 5256 in
1332 5205 1440 5257 alto
1490 5206 1905 5268 certaminibus,
1958 5213 2011 5258 et

439 5306 724 5352 versantur
753 5298 807 5351 in
841 5311 1035 5352 eorum
1067 5310 1188 5365 quae
1217 5309 1343 5349 vere
1370 5303 1496 5350 Sunt
1527 5297 2006 5366 contemplatione,

435 5389 824 5442 existimantur
859 5393 1041 5440 autem
1100 5385 1228 5438 caeci
1267 5392 1319 5438 et
1355 5384 1576 5439 inutiles
1606 5387 1658 5438 in
1695 5387 1863 5441 rebus
1895 5403 2010 5441 ma-

437 5477 744 5535 terialibus.
774 5476 990 5546 qualem
1027 5489 1085 5528 se
1109 5474 1378 5544 gloriatur
1408 5492 1530 5530 esse
1558 5476 1788 5536 Paulus,
1820 5477 2009 5533 dicens

439 5575 496 5615 sc
525 5580 644 5618 esse
683 5567 908 5618 stultum
939 5554 1165 5634 propter
1194 5565 1495 5620 Christum.
1532 5566 1663 5636 Ejus
1694 5567 1839 5620 enim
1877 5583 2006 5635 pru-

518 5735 554 5765 "
594 5733 738 5788 Psal.
789 5753 842 5803 ι,
884 5739 938 5792 6.

2117 4571 2231 4632 τοῖς
2260 4568 2439 4622 ὀδοῦσι
2463 4569 2558 4622 τοῦ
2589 4569 2782 4637 ὀφεως.
2811 4571 2889 4622 Δι’
2917 4562 2992 4624 ὦν
3011 4569 3120 4640 γὰρ
3143 4569 3212 4621 τὰ
3239 4569 3388 4622 κάτω
3416 4567 3698 4638 βλέπουσι.

2116 4659 2185 4712 τά
2233 4661 2476 4730 δόγματα
2522 4661 2620 4731 τῆς
2679 4663 2951 4731 ἁμαρτίας
2993 4664 3203 4725 ἑαυτοῖς
3245 4662 3698 4733 ἐγχαράσσουσιν.

2124 4765 2142 4797 ‹
2194 4747 2252 4800 '0
2283 4747 2392 4817 γὰρ
2419 4747 2651 4816 ἀγαπῶν
2677 4747 2912 4812 ἀδικίαν,
2930 4751 3078 4818 μισεῖ
3094 4749 3193 4820 τὴν
3215 4751 3408 4803 ἑαυτοῦ
3423 4751 3637 4824 ψυχὴν,
3675 4771 3695 4803 ι

2117 4838 2212 4891 καὶ
2244 4837 2305 4889 τὸ
2349 4837 2784 4908 μακαριζόμενον
2830 4837 3010 4891 αὐτῶν
3039 4839 3098 4892 ἐν
3139 4838 3466 4910 ἀνθρώποις,
3501 4839 3695 4908 πάσης

2115 4929 2453 5000 δυσπραγίας
2474 4929 2850 5000 ἐλεεινότερον.
2884 4929 3046 4984 Πόσοι
3085 4929 3141 4982 δὲ
3166 4930 3324 4984 πάλιν
3349 4933 3410 4983 ἐκ
3431 4928 3520 4982 τοῦ
3543 4931 3702 4983 ἐναν-

2113 5021 2231 5074 τίου
2257 5020 2367 5073 τῶν
2396 5021 2454 5073 ὲν
2471 5020 2548 5091 τῷ
2593 5018 2717 5089 ὕψει
2755 5021 2983 5088 ἀγώνων
3028 5022 3427 5093 ἐμφορούμενοι
3447 5060 3461 5082 ,
3493 5021 3594 5072 καὶ
3629 5023 3700 5090 τῇ

2121 5112 2325 5184 θεωρίᾳ
2351 5112 2459 5166 τῶν
2480 5111 2648 5174 ὄντως
2672 5111 2840 5166 ὄντων
2869 5113 3357 5182 άπασχολάζοντες,
3389 5110 3577 5181 τυφλοί
3607 5119 3695 5155 τι-

2119 5219 2208 5266 νες
2248 5205 2307 5255 ὲν
2353 5205 2466 5266 τοῖς
2505 5203 2708 5267 ὑλικοῖς
2734 5206 3056 5275 πράγμασιν
3081 5200 3222 5258 εἶναι
3254 5203 3560 5263 νομίζονται
3595 5195 3696 5247 καὶ

2117 5293 2365 5362 ἀνόνητοι
2385 5335 2399 5358 ,
2439 5288 2550 5346 οἷον
2577 5295 2672 5348 καὶ
2704 5297 2733 5349 ὀ
2758 5296 2970 5360 Παῦλος
3014 5292 3149 5350 εἶναι
3178 5287 3469 5356 καυχᾶται,
3505 5285 3698 5355 μωρὸν

2117 5385 2306 5436 ἑαυτὸν
2327 5384 2413 5438 διὰ
2435 5386 2526 5438 τὸν
2555 5385 2783 5458 Χριστὸν
2807 5384 2948 5438 εἶναι
2963 5377 3159 5447 λέγων.
3213 5377 3280 5431 Ἦ
3301 5377 3406 5446 γὰρ
3430 5376 3699 5445 φρόνησις

2108 5475 2272 5528 αὐτοῦ
2317 5477 2409 5528 καὶ
2441 5478 2474 5546 ἡ
2506 5478 2665 5542 σοφία
2696 5471 2832 5543 πρὸς
2862 5471 3012 5524 οὐδὲν
3041 5469 3150 5523 τῶν
3177 5463 3277 5523 ὧδε
3321 5465 3700 5535 σπουδαζομέ-

2110 5581 2213 5615 νων
2241 5564 2536 5632 ἠσχολεῖτο.
2561 5563 2650 5616 Διὸ
2675 5562 2842 5628 λέγει,
2877 5580 2894 5610 ι
2919 5561 3108 5631 Ἡμεῖς
3138 5559 3312 5628 μωοοὶ
3334 5558 3420 5607 δνλν
3443 5557 3534 5588 ’³⁸-
3555 5552 3599 5586 "
3627 5570 3642 5579 “
