3844 6348
230 331 327 386 685

1282 328 1347 382 IN
1381 323 1916 384 ECCLESIASTEN.
1953 322 2236 377 ΙΙΟΜΙΗᾹ
2275 323 2339 377 ν.

3364 317 3470 374 686

232 446 368 502 στόψ
384 467 402 499 ι
427 447 501 510 ὡς
526 443 590 500 ἀν
613 446 659 499 εί
682 444 884 514 ἕλεγεψ
916 444 1102 516 Ἡμεῖς
1123 444 1308 512 τυφλοὶ
1323 444 1399 516 τῷ
1421 444 1568 497 κάτω
1584 443 1703 516 βίῳ,
1721 443 1799 496 διὰ

1913 437 2094 492 dentia
2145 445 2199 491 et
2263 433 2529 505 sapientia
2589 431 2920 490 versabatur
2973 431 3025 486 in
3081 429 3235 486 nullo
3285 445 3476 485 eorum

227 543 286 594 τὸ
312 538 424 593 ἀνω
463 536 704 607 βλέπειν,
753 535 847 590 καὶ
881 536 1006 599 τοὺς
1037 534 1349 606 ὀφθαλμοὺς
1387 535 1447 588 tv
1483 537 1550 605 τῇ
1590 535 1798 606 κεφαλῇ

229 631 387 702 ἔχειν.
407 629 610 684 Τούτου
633 628 792 699 χάριν
811 627 1038 696 ἀστεγος
1061 620 1128 697 ἦν
1148 626 1242 682 καὶ
1262 624 1587 698 ἀτράπεζος,
1609 626 1797 694 πένης,

229 720 686 793 ἀλήτης,γυμνὸς,
706 718 849 790 λιμῶ
867 718 961 774 καὶ
975 718 1117 788 δίψει
1143 718 1640 790 κατατρυχόμενος.
1660 718 1799 772 Ἀλλ’

226 817 254 868 ὁ
277 815 423 869 κάτω
451 812 709 876 τοιοῦτος,
741 811 798 863 tv
820 814 934 873 τοῖς
959 809 1072 865 ἀνω
1093 810 1370 882 σκόπησον
1394 804 1504 872 οἷος
1530 805 1617 882 ἦν.
1654 810 1801 874 Ἕως

227 907 331 980 γὰρ
358 907 542 978 τρίτου
572 903 801 977 ούρανοῦ
832 903 1067 973 ὑψωθεὶς
1089 943 1104 967 ,
1147 903 1279 958 ὅπου
1319 905 1353 974 ἡ
1390 903 1601 975 κεφαλὴ
1636 903 1799 958 αὑτοῦ

223 994 308 1068 ἦν,
338 999 454 1051 ἐκεῖ
475 998 600 1060 τοὺς
639 995 955 1066 ὀφθαλμοὺς
1001 995 1178 1066 ἔσχεν,
1213 997 1323 1058 τοῖς
1346 996 1678 1067 ἀπορρήτοις
1703 995 1800 1049 τοῦ

227 1088 548 1160 παραδείσου
576 1086 894 1159 μυστηρίοις
924 1085 1368 1158 ὲναγαλλόμενος,
1391 1088 1486 1140 καὶ
1511 1085 1579 1140 τά
1597 1086 1801 1140 ἀθέατα

229 1179 459 1250 βλέπων,
509 1178 602 1232 καὶ
635 1176 918 1248 ἐντρυφῶν
949 1176 1180 1240 ἐκείνοις
1226 1177 1327 1229 ὅσα
1365 1177 1503 1246 ὑπὲρ
1549 1176 1802 1246 αἴσθησίν

226 1272 340 1323 ἐστι
390 1269 484 1322 καὶ
523 1268 778 1321 διάνοιαν.
834 1265 944 1319 Καὶ
993 1265 1078 1329 τίς
1123 1266 1222 1319 οὑκ
1255 1265 1322 1320 ἂν
1373 1265 1601 1318 ἐλεεινὸν
1641 1265 1802 1320 αὑτὸν

226 1358 380 1430 ᾠήθη
402 1400 416 1419 ,
446 1356 727 1428 δεσμώτην
759 1355 990 1426 βλέπων,
1032 1354 1125 1408 καὶ
1157 1353 1391 1423 πληγαῖς
1434 1353 1796 1424 αἰκιζόμενον,

227 1451 317 1505 καὶ
374 1449 555 1520 βύθιον
599 1449 657 1500 tv
704 1446 948 1518 ναυαγίῳ
994 1445 1082 1500 διά
1133 1445 1402 1512 πελάγους
1439 1447 1552 1508 τοῖς
1595 1445 1801 1515 κύμασι

230 1539 362 1611 μετά
392 1538 500 1593 τῶν
530 1535 744 1608 δεσμῶν
780 1535 1227 1607 συμφερόμενονς
1284 1535 1422 1589 Ἀλλ’
1465 1536 1613 1606 ὅμως
1652 1538 1700 1590 εἰ
1734 1537 1801 1590 τά

226 1632 281 1683 ἐν
313 1628 621 1699 ἀνθρώποις
647 1626 888 1686 τοιαῦτα.
921 1626 1013 1680 τοῦ
1043 1625 1225 1696 μέντοι
1253 1627 1310 1678 tv
1339 1626 1546 1697 κεφαλῇ
1577 1627 1802 1680 διαπαν-

138 1767 150 1777 .
226 1710 312 1784 τός
339 1721 467 1784 τοὺς
497 1718 805 1789 ὀφθαλμοὺς
827 1717 968 1788 ἔχειν
997 1718 1096 1770 ούκ
1120 1717 1412 1789 ἀπετράπη
1431 1717 1624 1787 λέγων’
1661 1737 1679 1769 ι
1704 1719 1801 1782 Τίς

1904 541 2137 598 quorum
2178 525 2362 578 studio
2404 524 2492 578 hic
2541 532 2814 579 tenemur.
2861 521 3004 577 Dicit
3046 521 3249 592 itaque.
3304 539 3324 572 ο
3368 519 3480 576 Nos

1905 619 2058 674 stulti
2093 625 2311 687 propter
2341 615 2622 671 Christum
2647 615 2720 680 ⁷³,
2758 633 2776 667 ι
2813 613 3044 685 perinde
3069 627 3134 667 ac
3169 613 3215 667 si
3247 611 3480 678 diceret,

1905 709 2017 765 Nos
2041 709 2170 764 caeci
2203 709 2254 761 in
2293 708 2360 762 iis
2401 721 2522 776 qua:
2555 706 2828 776 pertinent
2869 703 2937 759 ad
2974 705 3136 769 hanc,
3167 719 3288 772 quae
3319 705 3480 758 deor-

1904 815 2025 856 sum
2053 798 2255 868 agitur,
2287 798 2477 860 vitam,
2509 802 2799 866 propterea
2838 794 2984 865 quod
3019 809 3238 851 sursum
3276 795 3479 865 aspici-

1905 908 2050 956 mus,
2081 899 2135 946 et
2166 890 2356 945 oculos
2392 888 2658 944 habemus
2701 888 2755 943 in
2795 888 2994 959 capite.
3044 886 3156 942 Hac
3204 885 3272 942 de
3313 901 3486 941 causa.

1901 992 2020 1040 erat
2063 984 2182 1040 sine
2227 991 2374 1037 tecto
2418 989 2472 1036 et
2507 995 2717 1042 mensa,
2754 995 2980 1051 pauper,
3012 995 3226 1044 errans,
3271 980 3477 1044 nudus,

1905 1075 2046 1131 fame
2088 1083 2144 1129 et
2185 1073 2274 1130 siti
2313 1073 2588 1128 laborans.
2635 1071 2744 1127 Sed
2794 1072 2888 1142 qui
2920 1072 2974 1125 in
3003 1071 3166 1126 rebus
3199 1085 3321 1140 quae
3349 1079 3479 1126 sunt

1904 1165 2048 1220 infra
2095 1174 2214 1220 erat
2252 1166 2401 1228 talis,
2451 1163 2737 1219 considera
2783 1163 2963 1234 qualis
3001 1170 3120 1218 erat
3168 1163 3224 1217 in
3283 1178 3479 1230 supcr-

1903 1258 2080 1314 nis".
2134 1257 2215 1311 Ad
2258 1257 2480 1312 tertium
2532 1257 2680 1312 enim
2733 1272 2910 1327 usque
2955 1256 3154 1311 ccelum
3204 1255 3474 1318 sublatus,

1906 1349 1998 1403 ubi
2023 1357 2141 1403 erat
2168 1348 2291 1418 ejus
2326 1356 2512 1418 caput,
2550 1348 2661 1402 illic
2683 1347 2921 1402 habebat
2946 1347 3158 1409 oculos,
3191 1346 3475 1400 exsultans

1903 1441 1956 1494 in
2006 1441 2224 1496 arcanis
2272 1440 2397 1494 θα)ιί
2440 1438 2742 1510 mysteriis,
2794 1445 2847 1494 et
2901 1452 2965 1493 ea
3015 1437 3311 1507 aSpiciens,
3356 1451 3477 1507 quae

1902 1531 2056 1586 cerui
2107 1547 2215 1585 non
2261 1539 2516 1602 possunt,
2546 1538 2600 1584 et
2631 1529 2740 1584 illis
2770 1543 2829 1584 se
2857 1529 3163 1592 obiectans,
3199 1543 3319 1597 quae
3352 1542 3476 1582 scn-

1902 1637 2022 1677 sum
2068 1629 2329 1692 superant
2380 1629 2438 1676 et
2492 1621 2902 1690 cogitationem.
2949 1617 3085 1684 Quis
3134 1625 3316 1672 autem
3365 1632 3477 1671 non

1903 1713 2280 1768 existimasset
2333 1728 2458 1767 eum
2499 1727 2623 1768 esse
2667 1710 3061 1773 miserabilem,
3111 1725 3234 1764 eum
3281 1708 3476 1763 videns

226 1812 368 1882 ἡμᾶς
401 1809 623 1880 χωρίσει
652 1807 761 1862 ἀπὸ
796 1807 896 1877 τῆς
943 1806 1165 1876 ἀγάπης
1203 1807 1296 1860 τοῦ
1343 1807 1577 1877 Χριστοῦ
1611 1808 1709 1878 τῆς
1741 1809 1799 1860 tv

1904 1795 2246 1869 in'vinculis,
2285 1813 2338 1859 et
2379 1804 2550 1874 plagis
2585 1819 2681 1873 per
2724 1803 2986 1873 probrum
3023 1801 3186 1864 allici,
3239 1811 3291 1856 et
3340 1815 3476 1854 nave

226 1901 446 1972 Χριστῷ
489 1898 695 1970 ’1ησοῦ;
730 1897 939 1967 Θλίψις,
983 1895 1016 1966 ἢ
1066 1897 1421 1968 στενοχωρία,
1455 1897 1488 1967 ἢ
1523 1897 1760 1968 διωγμὸς
1779 1901 1804 1962 ,”

223 1992 254 2062 ἢ
284 1989 462 2060 λιμὸς,
493 1988 526 2060 ἢ
553 1986 906 2058 γυμνότης,ἢ
939 1985 1250 2062 κίνδυνος,ἧ
1275 1985 1548 2054 μάχαιρα;
1581 2003 1598 2035 ι
1621 1986 1796 2054 Ὅπερ

223 2079 334 2137 ἶσόν
379 2086 494 2136 ἐστι
528 2080 622 2134 τοῦ
660 2079 860 2148 λέγειν’
891 2077 987 2140 Τίς
1038 2094 1137 2146 μου
1176 2077 1299 2138 τοὺς
1338 2075 1647 2144 ὀφθαλμοὺς
1694 2077 1802 2130 ἀπὸ

225 2178 320 2246 τῆς
347 2173 590 2244 κεφαλῆς
641 2170 904 2242 ἐξορύξει,
951 2169 1044 2222 καὶ
1082 2167 1218 2238 πρὸς
1255 2167 1315 2220 τὸ
1364 2169 1702 2237 πατούμενόν
1743 2186 1802 2220 τε

224 2267 314 2320 καὶ
339 2265 529 2334 γήϊνον
567 2261 894 2332 μεταστήσει
919 2275 932 2322 ;
961 2257 1131 2310 Τοῦτο
1159 2257 1214 2310 δὲ
1245 2259 1339 2310 καὶ
1367 2260 1500 2328 ἡμῖν
1526 2257 1804 2324 ἐγκελεύε..

221 2373 306 2412 ται
338 2354 401 2408 τὸ
429 2348 546 2406 ῐσον
571 2354 764 2414 ποιεῖν,
793 2351 850 2402 tv
875 2347 954 2418 τῶ
985 2347 1402 2418 παραγγέλλειν,
1430 2347 1501 2401 τά
1534 2349 1645 2403 ἄνω
1674 2367 1804 2420 φρο.

221 2447 346 2508 νεῖν,
382 2445 521 2514 ὅπερ
565 2440 748 2512 ὅμοιόν
793 2439 910 2492 ἐστι
957 2437 1048 2491 τοῦ
1081 2437 1278 2505 λέγειν,
1322 2437 1380 2490 tv
1423 2438 1632 2509 κεφαλῇ
1678 2441 1805 2500 τοὺς

221 2536 390 2605 ὁφθαλ
400 2535 533 2604 μους
561 2533 725 2604 ἔχειν.

1903 1893 2072 1946 fracta
2105 1909 2227 1949 esse
2284 1894 2337 1948 in
2379 1892 2666 1963 profundis
2710 1891 2972 1948 fluctibus
3021 1894 3214 1948 maris.
3255 1900 3309 1946 et
3349 1905 3474 1945 cum

1901 1984 2139 2040 vinculis
2191 1983 2577 2038 circumferri?
2619 1983 2726 2039 Sed
2768 1991 2950 2038 tamen
3005 1983 3105 2038 etsi
3160 1983 3284 2037 talis
3329 1995 3476 2037 esset

1903 2074 2048 2129 inter
2083 2073 2360 2140 homines,
2392 2090 2502 2129 non
2551 2073 2751 2128 avertit
2788 2079 2970 2127 tamen
3016 2072 3228 2135 oculos,
3263 2073 3476 2140 quomi-

1901 2181 2006 2221 nus
2039 2181 2132 2220 eos
2175 2181 2392 2236 semper
2431 2165 2656 2220 haberet
2686 2164 2745 2219 in
2779 2163 2979 2234 capite,
3015 2162 3206 2217 dicens
3234 2181 3246 2216 :
3289 2180 3307 2212 ι
3340 2162 3475 2227 Quis

1902 2272 2002 2310 nos
2035 2257 2312 2326 separabit
2342 2271 2371 2311 a
2407 2256 2680 2311 charitate
2703 2255 2934 2318 Christi,
2962 2269 3083 2324 qua:
3112 2261 3198 2310 est
3233 2253 3286 2306 in
3315 2252 3473 2306 Chri-

1901 2359 1988 2405 sto
2015 2351 2176 2407 Jesu?
2207 2351 2448 2413 amictio.
2479 2365 2546 2405 an
2589 2349 2976 2420 angustia?an
3018 2345 3367 2418 persecutio?
3403 2360 3473 2398 an

1908 2441 2114 2497 fames?
2143 2457 2211 2496 an
2246 2442 2490 2508 nuditas,
2521 2457 2588 2496 an
2628 2441 2952 2512 periculum,
2992 2453 3061 2494 an
3093 2438 3310 2509 gladius
3326 2437 3413 2490 "?
3451 2455 3468 2487 ι

1903 2532 2056 2599 Quod
2083 2533 2309 2602 perinde
2337 2541 2421 2590 est
2464 2547 2527 2587 ac
2559 2533 2604 2588 si
2639 2533 2848 2588 diceret
2877 2549 2890 2586 :
2925 2530 3060 2597 Quis
3099 2545 3252 2585 meos
3287 2529 3476 2582 oculos

219 2625 440 2680 effodiet
488 2639 519 2678 a
567 2623 769 2693 capite,
810 2629 865 2676 et
915 2618 1212 2674 transferet
1251 2619 1320 2674 ad
1369 2619 1422 2675 id
1473 2620 1620 2690 quod
1667 2623 2026 2677 conculcatur
2052 2632 2106 2676 et
2145 2633 2229 2679 est
2261 2624 2566 2679 terrestre?
2629 2621 2798 2678 Nobis
2867 2635 3087 2691 quoque
3152 2620 3256 2674 hoc
3317 2617 3476 2689 jubet

222 2721 478 2776 similiter
520 2718 698 2774 facere
739 2717 868 2772 dum
918 2715 1187 2786 praecipit,
1236 2730 1357 2787 qua:
1389 2732 1608 2771 sursqu
1657 2727 1786 2773 sunt
1824 2719 2101 2789 sapere",
2145 2720 2294 2788 quod
2337 2720 2562 2790 perinde
2621 2726 2708 2772 est
2751 2732 2814 2772 ac
2881 2717 2927 2771 si
2983 2717 3213 2778 diceret,
3264 2714 3466 2768 habere

220 2819 406 2873 oculos
437 2817 491 2869 in
517 2815 713 2886 capite.

298 2909 438 2962 Ἀλλ’
458 2909 505 2960 εί
529 2906 926 2978 μεμαθήκαμεν
949 2907 1066 2971 πῶς
1088 2909 1193 2961 εἱσι
1210 2907 1304 2961 τοῦ
1331 2907 1494 2976 σοφοῦ
1517 2909 1564 2961 οἱ
1595 2908 1794 2978 ὀφθαλ-

1975 2902 2080 2956 Sed
2125 2903 2168 2956 si
2199 2901 2493 2957 didicimus
2526 2901 2988 2971 Quemadmodum
3038 2909 3166 2955 sunt
3199 2899 3471 2972 sapientis

224 3002 310 3070 μοὶ
329 3003 385 3054 tv
418 2998 627 3069 κεφαλῇ
665 2997 851 3063 αὑτοῦ,
883 2997 1142 3068 φύγωμεν
1178 2997 1276 3070 τὴν
1309 2998 1640 3069 ἀφροσύνην,
1674 2999 1797 3070 ἦτις

1904 2993 2044 3047 oculi
2097 2993 2149 3046 in
2193 2992 2314 3062 ejus
2356 2994 2556 3062 capite,
2603 2993 2880 3064 fugiamus
2911 2993 3307 3062 insipientiam,
3351 3010 3470 3065 quze

223 3093 405 3155 σκότος
428 3093 537 3153 τοῖς
561 3091 616 3142 tv
636 3088 714 3160 τῷ
736 3088 834 3162 βίῳ
855 3089 1028 3160 τούτῳ
1046 3091 1430 3162 πορευομένοις
1447 3089 1673 3159 γίνεται.
1697 3108 1715 3142 ι
1740 3090 1798 3144 Ὀ

220 3181 322 3253 γὰρ
347 3181 561 3251 ἄφρων,
589 3197 608 3231 ι
639 3179 824 3248 φησιν,
852 3196 870 3229 ι
902 3179 961 3231 tv
983 3178 1163 3232 σκότει
1188 3178 1497 3250 πορεύεται.
1529 3197 1548 3232 ι
1575 3180 1799 3252 Ἄφρων

220 3271 272 3323 δέ
296 3273 432 3335 ἐστι,
470 3267 652 3333 καθὼς
685 3270 718 3339 ἡ
767 3269 1070 3340 προφητεία
1099 3269 1287 3339 φησὶν,
1319 3272 1347 3323 ὁ
1395 3272 1452 3323 tv
1485 3272 1552 3342 τῇ
1603 3272 1799 3344 καρδίᾳ

220 3363 384 3430 λέγων
420 3361 494 3432 μὴ
523 3355 660 3413 εἶναι
703 3357 855 3421 Θεὸν,
889 3359 948 3422 ὃς
986 3358 1251 3430 διεφθάρη
1281 3360 1374 3412 καὶ
1415 3359 1707 3430 ἐϐδελύχθη
1741 3363 1799 3413 tv

221 3447 664 3521 ἐπιτηδεύμασιν.
705 3447 770 3499 Ἦ
790 3447 844 3500 δὲ
872 3447 1162 3500 ἀκολουθία
1189 3447 1281 3500 τοῦ
1303 3448 1460 3517 λόγου
1486 3449 1796 3520 θεραπεύει,

219 3540 302 3595 διὰ
349 3540 458 3594 τῶν
510 3537 706 3608 ἑφεξῆς
739 3537 1066 3609 εἰρημένων,
1102 3538 1228 3600 τοὺς
1268 3538 1615 3610 μικροψύχως
1668 3541 1799 3612 περὶ

221 3626 314 3696 τὴν
341 3625 488 3698 ζωὴν
512 3624 715 3694 ταύτην
737 3624 1127 3694 διακειμένους·
1167 3620 1247 3688 οἷς
1275 3627 1506 3695 χαλεπόν
1536 3646 1587 3682 τι
1618 3629 1680 3682 τὸ
1704 3628 1797 3683 τοῦ

224 3718 455 3772 θανάτου
487 3714 768 3782 νομίζεται
794 3755 809 3778 ,
843 3715 938 3768 καὶ
972 3714 1062 3769 διά
1088 3715 1243 3770 τοῦτο
1290 3718 1478 3789 κέρδος
1530 3720 1679 3774 οὐδὲν
1702 3721 1798 3774 τοῦ

224 3811 338 3864 κατ’
370 3809 574 3884 ἀρετὴν
604 3807 719 3878 βίου
751 3809 862 3870 τοῖς
885 3805 985 3878 τὴν
1012 3807 1347 3880 ὑψηλοτέραν
1382 3811 1624 3881 μετιοῦσι
1654 3811 1798 3885 ζωὴν

225 3897 357 3956 εἶναι
387 3903 772 3956 πεπίστευταν
821 3901 904 3953 ὅτι
933 3899 1265 3972 ἀμφοτέροις
1290 3902 1425 3973 πρὸς
1465 3903 1525 3957 τὸ
1544 3905 1674 3959 αὐτὸ
1699 3905 1797 3959 πέ-

229 4009 323 4062 ρας
343 3995 377 4065 ἡ
408 3993 523 4064 ζωὴ
554 3989 873 4059 καταλήγει·
903 3991 996 4043 καὶ
1027 3991 1128 4043 οὐκ
1175 3991 1322 4045 ἔστιν
1363 3995 1668 4063 ἀποφυγεῖν
1703 3996 1795 4048 τοῦ

223 4082 449 4138 θανάτου
471 4123 488 4148 ,
523 4082 573 4133 εί
617 4081 693 4152 μὴ
731 4079 820 4132 διά
861 4080 961 4150 τῆς
997 4080 1797 4156 ἀστειοτέραςκατορθωθῆναι

223 4173 382 4246 ζωῆς.
425 4171 538 4236 Τάς
557 4167 650 4226 οὖν
674 4169 929 4234 τοιαύτας
949 4171 1249 4236 ἀντιθέσεις
1276 4173 1352 4238 ὡς
1380 4174 1439 4238 ἐξ
1471 4175 1600 4229 ίδίου
1628 4195 1799 4248 apag-

205 4267 366 4319 ’ώπου
395 4263 736 4336 ποιούμενος,
762 4262 922 4316 πάλιν
945 4262 1282 4318 καθάπτεται
1307 4264 1406 4335 τῆς
1433 4266 1661 4332 ἀτοπίας
1688 4270 1797 4322 τῶν

1904 3095 1988 3140 est
2026 3085 2262 3139 tenebrae
2297 3084 2387 3149 iis,
2415 3085 2506 3153 qui
2554 3085 2606 3138 in
2643 3087 2744 3137 hac
2785 3084 2893 3137 vita
2928 3084 3230 3139 ambulant.
3267 3103 3285 3136 ι
3325 3084 3474 3140 Stul-

1907 3184 1998 3232 tus
2033 3177 2200 3241 enim,
2241 3195 2259 3228 ι
2297 3177 2495 3247 inquit,
2541 3195 2559 3228 ι
2592 3179 2836 3232 ambulat
2875 3179 2927 3232 in
2974 3178 3238 3233 tenebris.
3277 3197 3295 3230 ι
3336 3179 3472 3234 Insi-

1903 3267 2061 3336 piens
2088 3273 2266 3321 autem
2298 3274 2403 3331 est,
2435 3274 2496 3320 ut
2523 3265 2656 3320 dicit
2684 3267 2968 3336 prophetia
2993 3268 3058 3330 '9,
3088 3267 3182 3335 qui
3219 3266 3272 3320 in
3310 3267 3475 3322 corde

1903 3372 2005 3412 suo
2037 3357 2171 3412 dicit
2202 3372 2313 3411 non
2357 3372 2480 3413 esse
2513 3356 2705 3417 Deum,
2731 3357 2822 3426 qui
2860 3365 3155 3426 corruptus
3189 3367 3242 3412 ct
3269 3357 3473 3411 abomi—

1904 3447 2118 3502 nandus
2149 3448 2324 3504 evasit
2353 3447 2408 3502 in
2437 3447 2554 3502 suis
2577 3447 2796 3504 studiis.
2825 3447 2980 3513 Quod
3015 3456 3197 3502 autem
3223 3449 3476 3518 sequitur

1904 3538 1956 3592 in
2017 3548 2276 3593 contextu
2325 3537 2619 3601 orationis,
2671 3538 2738 3592 iis
2791 3537 3040 3590 medetur
3081 3553 3178 3608 per
3239 3553 3302 3593 ea
3353 3554 3474 3608 quze

1901 3625 2162 3698 deinceps
2207 3626 2354 3681 dicta
2392 3633 2543 3691 sunt,
2571 3626 2664 3696 qui
2702 3625 2769 3680 ad
2819 3627 2960 3681 hanc
2992 3627 3158 3680 vitam
3207 3634 3340 3682 sunt
3373 3643 3472 3698 pu-

1903 3720 2012 3775 silli
2041 3727 2094 3774 et
2123 3719 2322 3789 abjecti
2369 3718 2560 3782 animi,
2589 3718 2681 3788 qui
2712 3726 2942 3774 mortem
2991 3734 3153 3788 grave
3185 3719 3389 3788 aliquid
3418 3730 3472 3772 et

1902 3811 2150 3866 terribile
2195 3811 2542 3874 existimant,
2577 3819 2631 3865 et
2665 3811 2790 3864 ideo
2824 3810 2893 3865 iis
2920 3810 3014 3880 qui
3046 3827 3110 3866 ex
3149 3811 3350 3884 virtute
3399 3813 3475 3864 vi-

1901 3903 2078 3958 vendo
2103 3905 2268 3958 vitam
2300 3911 2710 3974 persequuntur
2737 3903 3134 3967 sublimiorem,
3165 3903 3303 3956 nihil
3334 3904 3472 3957 lucri

1901 3995 2131 4050 credunt
2157 3993 2446 4063 accedere,
2464 3996 2731 4066 quoniam
2764 3993 2816 4048 in
2841 3995 3092 4048 eumdem
3117 3994 3274 4048 finem
3303 3995 3472 4048 utris-

1900 4103 2008 4158 que
2045 4087 2157 4142 vita
2199 4087 2404 4144 desinit
2428 4130 2443 4154 ,
2476 4103 2653 4158 neque
2690 4096 2922 4142 mortem
2959 4086 3118 4142 nobis
3147 4103 3210 4141 ex
3256 4101 3320 4140 eo
3350 4087 3476 4141 licet

1901 4177 2158 4250 effugere,
2190 4179 2337 4249 quod
2368 4178 2532 4231 vitam
2559 4192 2787 4247 agamus
2816 4178 3119 4234 meliorem.
3158 4177 3318 4232 Tales
3341 4193 3474 4248 ergo

1905 4267 2118 4324 faciens
2150 4269 2518 4338 objectiones,
2562 4275 2826 4337 tanquam
2867 4283 2932 4324 ex
2965 4268 3181 4338 propria
3210 4283 3472 4337 persona,

222 4359 602 4430 προφερόντων
643 4362 848 4423 ἐκεῖνα,
883 4360 958 4420 ὼς
989 4360 1403 4426 ἀνεπισκέπτως
1443 4363 1675 4433 ἑχόντων
1698 4365 1799 4435 τῆς

1904 4375 2097 4415 rursus
2153 4360 2456 4415 insectatur
2508 4359 2903 4414 absurditatem
2974 4373 3161 4412 eorum
3227 4357 3320 4427 qui
3378 4359 3472 4411 illa

220 4445 326 4499 τῶν
348 4448 518 4501 ὄντων
547 4447 782 4519 φύσεως,
801 4448 895 4501 καὶ
909 4445 1152 4502 διδάσκει
1179 4449 1279 4518 τὴν
1299 4449 1583 4522 διαφορὰν,
1610 4454 1670 4506 tv
1695 4454 1800 4507 τίνι

221 4537 280 4590 τὸ
305 4539 470 4593 πλέον
505 4539 616 4611 ἔχει
664 4542 697 4612 ἡ
733 4541 901 4613 ἀρετὴ
935 4541 1034 4611 τῆς
1072 4541 1287 4606 κακίας·
1330 4543 1404 4607 ὡς
1437 4547 1558 4615 οὐχὶ
1586 4546 1674 4601 διὰ
1705 4548 1803 4618 τῆς

223 4625 314 4679 τοῦ
361 4628 596 4683 θανάτου
647 4631 958 4701 κοινότητος
999 4631 1289 4702 ὁμοτιμίας
1337 4633 1480 4698 τινὸς
1518 4637 1576 4688 tv
1620 4639 1803 4702 αὐτοῖς

225 4713 602 4788 ἐλπιζομένης,
638 4716 774 4771 ἀλλά
811 4716 898 4771 διὰ
924 4717 1032 4770 τῶν
1060 4718 1140 4781 είς
1171 4719 1395 4792 ὕστερον
1428 4721 1803 4794 ἀναμενόντων

225 4801 402 4854 καλῶν
443 4803 476 4872 ἢ
513 4802 698 4857 κακῶν
745 4803 843 4873 τῆς
883 4803 1147 4875 διαφορᾶς
1187 4806 1610 4880 εὐρισκομένης.
1638 4810 1791 4882 Ἔχει

222 4888 276 4940 δὲ
298 4892 330 4960 ἡ
359 4890 504 4956 λέξις
527 4891 626 4962 τῆς
652 4891 978 4954 ἀντιθέσεως
1001 4889 1175 4954 οὕτως
1195 4909 1209 4922 ο
1240 4911 1259 4943 ι
1304 4893 1516 4961 Ἔγνων
1562 4897 1673 4967 ἐγὼ
1711 4901 1793 4954 ὅτι

228 4979 540 5050 συνάντημα
576 4981 634 5032 ἓν
661 4981 1052 5050 συναντήσεται
1098 4982 1212 5044 τοῖς
1251 4983 1415 5036 πᾶσιν
1450 4986 1652 5052 αὐτοῖς.
1692 4989 1796 5044 Καὶ

227 5061 354 5122 εἶπα
395 5068 508 5137 ἐγὼ
545 5071 602 5125 tv
639 5073 708 5142 τῇ
740 5071 937 5142 καρδίᾳ
980 5089 1082 5143 μου
1105 5113 1120 5138 ,
1151 5075 1228 5138 ὡς
1270 5077 1592 5150 Συνάντημα
1635 5083 1798 5156 ἀφροο

228 5169 312 5244 νοτ
338 5159 432 5211 καί
453 5177 516 5230 γε
538 5160 662 5231 ἐμοὶ
689 5163 1094 5233 συναντήσεται.
1122 5163 1232 5217 Καὶ
1259 5166 1347 5219 ἵνα
1373 5167 1427 5219 τί
1458 5170 1798 5244 ὲσοφισάμην

229 5243 336 5310 ἐγὼ
383 5251 669 5315 περισσόνς
720 5251 959 5323 ἐλάλησα
1003 5253 1062 5306 tv
1089 5257 1157 5326 τῇ
1203 5256 1401 5328 καρδίᾳ
1444 5277 1564 5328 μου,
1615 5243 1816 5318 διότιό

229 5332 414 5405 ἄφρων
460 5336 524 5388 ὲκ
575 5341 1011 5414 περισσεύματος
1057 5343 1241 5408 λαλεῖ,
1287 5347 1370 5400 ὅτι
1432 5351 1528 5404 καί
1555 5369 1618 5421 γε
1650 5355 1806 5410 τοῦτο

234 5423 544 5515 μαῌταιότης.
577 5424 698 5477 Ὅτι
733 5426 832 5478 οὐκ
873 5432 1017 5484 ἐστιν
1047 5435 1080 5503 ὴ
1120 5435 1306 5506 μνήμη
1346 5438 1442 5491 τοῦ
1476 5441 1640 5509 σοφοῦ
1669 5445 1806 5515 μετά

231 5511 320 5566 τοῦ
361 5513 593 5585 ἄφρονος
639 5517 718 5579 είς
750 5516 942 5570 αίῶνα·
993 5519 1116 5572 καθ’
1146 5525 1226 5576 ὅτι
1279 5526 1377 5597 ἤδη
1419 5530 1476 5581 αἱ
1511 5511 1714 5605 ἡμέραι
1749 5539 1804 5590 at

1898 4451 2185 4520 objiciunt,
2237 4460 2299 4504 ut
2328 4450 2422 4520 qui
2462 4449 2688 4505 minime
2717 4448 3069 4505 considerent
3101 4465 3313 4514 eorum,
3350 4464 3473 4519 qua:

1901 4553 2049 4606 sunt,
2096 4549 2350 4595 naturam
2389 4561 2400 4595 :
2433 4551 2487 4596 et
2519 4539 2681 4595 docet
2707 4541 3119 4608 dilierentiam,
3151 4551 3206 4598 et
3237 4545 3291 4596 in
3335 4559 3475 4612 quo-

1902 4647 2026 4686 nam
2056 4632 2128 4685 sit
2149 4633 2324 4686 virtus
2351 4632 2486 4688 vitio
2517 4634 2768 4704 superior
2798 4653 2811 4688 :
2849 4649 3044 4704 nempe
3063 4633 3210 4704 quod
3237 4649 3345 4690 non
3376 4651 3473 4706 pct‘

1903 4727 2100 4782 mortis
2149 4728 2601 4782 communitatem
2663 4727 2912 4800 quietiam
2970 4730 3026 4784 in
3077 4729 3160 4784 eis
3223 4737 3475 4799 speretur

1901 4814 2186 4885 aequalitas
2226 4833 2241 4869 :
2280 4813 2374 4870 sed
2424 4829 2520 4886 per
2579 4815 2721 4871 bona
2780 4816 2865 4872 vel
2921 4817 3066 4870 mala
3110 4833 3231 4886 quae
3283 4827 3471 4886 postea

1901 4914 2329 4976 exspectantur,
2385 4907 2697 4967 inveniatur
2749 4907 3076 4962 dili'ercntia.
3141 4907 3231 4963 Sic
3293 4919 3472 4962 autem

1905 4999 2068 5054 habet
2096 5009 2390 5054 contextus
2415 5000 2770 5070 objectionis:
2801 5019 2820 5051 ‹
2850 5000 2985 5055 Novi
3026 5016 3126 5072 ego
3158 4999 3302 5071 quod
3329 5017 3472 5056 unus

1903 5098 2134 5146 eventus
2156 5098 2412 5146 occurret
2438 5091 2714 5148 omnibus.
2754 5093 2841 5148 H.
2871 5093 2936 5147 Et
2963 5094 3073 5148 dixi
3097 5108 3197 5164 ego
3229 5094 3282 5146 in
3307 5093 3474 5146 corde

1905 5197 2029 5237 meo
2072 5201 2085 5236 :
2128 5182 2290 5238 Stulti
2343 5193 2571 5243 eventus
2628 5187 2759 5240 mihi
2811 5203 3028 5257 quoque
3070 5187 3305 5242 eveniet.
3362 5188 3473 5242 Cur

1903 5285 2036 5340 ergo
2073 5269 2338 5340 majorem
2363 5283 2588 5340 operam
2604 5273 2727 5328 dedi
2751 5276 3173 5345 sapientiaaHs.
3225 5277 3472 5333 Locutus

1906 5374 2026 5413 sum
2086 5359 2141 5413 in
2195 5361 2363 5415 corde
2419 5359 2892 5434 meo,‘propterea
2948 5366 3093 5434 quod
3154 5368 3357 5423 stultus
3404 5385 3470 5424 ex

1904 5448 2242 5504 abundantia
2309 5451 2588 5522 loquitur:
2649 5452 2762 5508 Hoc
2815 5470 3034 5524 quoque
3091 5467 3176 5512 est
3233 5461 3471 5514 vanitas.

1905 5541 1993 5595 16.
2029 5539 2145 5595 Νοη
2173 5551 2258 5597 est
2276 5545 2536 5597 memoria
2569 5545 2836 5614 sapientis
2871 5562 2993 5601 cum
3025 5549 3191 5603 stulto
3234 5549 3290 5604 in
3309 5559 3472 5605 aeter-

300 5623 401 5727 :nl
477 5625 600 5680 Chr.
663 5643 737 5695 tv,
785 5627 875 5683 10.
955 5629 1077 5684 "ll
1133 5631 1260 5689 Cor.
1326 5650 1422 5705 xu,
1471 5643 1506 5695 2
1558 5662 1678 5716 sqq.
1759 5615 2002 5704 7i'iﬂom.
2070 5669 2186 5718 rm,
2253 5654 2338 5708 35.
2418 5655 2462 5685 ⁷⁸
2501 5655 2714 5712 Coioss.
2770 5673 2853 5725 ιιι,
2916 5657 2966 5710 1.
3046 5661 3090 5692 τ’
3132 5661 3275 5717 l’sal.
3346 5677 3470 5727 xm,

239 5695 263 5749 t
290 5709 412 5764 sqq.
