3844 6414
401 363 521 417 637’

1613 357 1669 412 S.
1713 355 2048 414 GREGORII
2085 357 2377 417 NYSSENI

3573 365 3676 419 €88

400 494 530 530 num
569 495 582 532 :
619 474 1061 548 quandoquidem
1109 475 1220 544 jam
1269 474 1387 529 dies
1423 473 1712 529 venientes
1752 473 1973 528 :omnia

2085 478 2396 549 ἐρχόμεναι·
2427 481 2493 534 τὰ
2525 481 2700 536 πάντα
2731 480 3027 552 ἐπελήσθη,
3055 483 3148 534 καὶ
3174 481 3289 544 πῶς
3322 479 3676 535 ἀποθανεῖται

399 568 664 624 oblivioni
717 569 972 622 mandata
1003 575 1157 634 sunt,
1209 577 1263 622 et
1292 583 1530 637 quonam
1578 567 1739 621 modo
1774 567 1972 622 morie-

398 671 488 716 tur
512 661 732 730 sapiens
760 675 884 714 cum
923 658 1254 728 insipiente?
1284 679 1301 710 ι
1348 657 1562 726 Quibus
1602 658 1887 730 subjungit
1918 672 1977 713 se

395 751 522 806 odio
553 750 717 819 digna
753 749 1107 806 existimasse
1153 750 1361 812 omnia.
1395 765 1632 820 quorum
1675 751 1830 820 prius
1877 765 1975 804 ve-

395 840 635 896 hementi
659 837 845 894 studio
867 837 1196 901 tenebatur;
1226 853 1430 892 vanum
1461 847 1726 906 tanquam
1767 835 1973 889 bonum

393 933 751 1003 amplectens.
787 928 853 983 Et
891 929 1076 983 omnia
1107 944 1166 984 se
1201 928 1338 984 dicit
1369 928 1499 984 odio
1529 928 1812 984 habuisse.
1855 941 1977 995 quze

392 1026 661 1081 laboravit
689 1023 757 1078 ad
789 1025 932 1078 hanc
979 1023 1146 1077 vitam
1181 1022 1406 1077 intuens
1443 1040 1457 1075 :
1488 1021 1632 1092 quod
1678 1019 1811 1073 nihil
1846 1018 1973 1082 sibi,

391 1119 486 1175 sed
513 1119 563 1173 ei
596 1117 688 1188 qui
720 1127 845 1188 post
871 1117 1050 1186 ipsum
1080 1114 1301 1170 futurus
1325 1123 1428 1179 est,
1456 1114 1638 1168 omnia
1681 1105 1975 1174 laboravit,

391 1211 485 1282 qui
545 1207 1012 1280 quemadmodum
1068 1216 1256 1263 utetur
1287 1207 1356 1262 iis
1398 1222 1519 1277 quae
1582 1205 1771 1260 labore
1819 1214 1972 1275 parta

391 1311 540 1369 sunt,
591 1310 816 1372 propter
865 1300 1033 1355 futuri
1076 1299 1527 1356 incertitudinem
1561 1299 1820 1368 praescire
1865 1313 1975 1352 non

385 1396 591 1466 potuit.
642 1394 734 1449 Sic
777 1403 958 1450 autem
994 1393 1129 1448 dicit
1163 1392 1230 1446 ad
1268 1391 1536 1446 verbum:
1565 1392 1652 1446 l7.
1693 1410 1710 1441 ι
1748 1389 1814 1443 Et
1845 1388 1976 1443 odio

394 1489 556 1543 habui
588 1489 790 1550 vitam,
843 1485 1106 1556 quoniam
1156 1482 1497 1538 laboriosum
1541 1481 1836 1535 adversum
1891 1496 1978 1536 me

393 1592 480 1637 est
510 1579 672 1649 quod?
691 1577 896 1634 factum
935 1587 1018 1633 est
1047 1577 1151 1632 sub
1175 1577 1310 1641 sole,
1339 1574 1602 1645 quoniam
1631 1575 1814 1628 omnia
1848 1581 1978 1628 sunt

392 1672 608 1726 vanitas
651 1678 716 1725 et
769 1669 964 1724 electio
1019 1669 1268 1738 spiritus.
1329 1667 1417 1722 18.
1471 1666 1538 1720 Ει
1617 1666 1746 1721 odio
1809 1666 1976 1722 habui

391 1779 494 1834 ego
557 1762 876 1817 universum
932 1761 1174 1816 laborem
1232 1775 1413 1815 meum
1471 1775 1582 1829 quo
1635 1759 1823 1814 laboro
1874 1759 1978 1814 sub

393 1856 530 1917 sole,
568 1853 830 1923 quoniam
882 1852 1098 1907 dimitto
1127 1852 1308 1921 ipsum
1350 1851 1560 1905 homini
1595 1851 1687 1921 qui
1726 1859 1848 1921 post
1891 1866 1978 1906 me

390 1951 556 1998 natus
586 1950 688 1998 est.
743 1941 828 1996 19.
864 1939 931 1996 Ει
961 1941 1088 2011 quis
1127 1941 1254 2008 scit,
1301 1941 1449 1996 sitne
1498 1942 1721 2010 sapiens
1759 1941 1979 1997 futurus

391 2051 460 2089 an
499 2035 729 2099 stultus,
779 2043 834 2089 et
869 2049 938 2088 an
977 2034 1283 2090 insolenter
1313 2033 1695 2090 dominabitur
1731 2035 1783 2089 in
1826 2035 1976 2089 omni

392 2128 578 2184 labore
607 2143 770 2198 quem
807 2125 1076 2193 laboravi,
1130 2134 1184 2182 et
1235 2142 1332 2198 per
1388 2126 1718 2181 industriam
1760 2127 1975 2198 excogi-

393 2221 501 2274 tavi
555 2220 660 2275 sub
697 2220 862 2276 sole?
887 2227 942 2274 et
983 2219 1088 2275 hoc
1132 2234 1354 2289 quoque
1403 2227 1486 2274 est
1515 2219 1754 2274 vanitas.
1791 2238 1808 2269 ι
1849 2218 1977 2274 llrec

390 2329 516 2368 cum
544 2313 793 2378 dixisset,
820 2327 962 2383 aegre
995 2326 1213 2381 quoque
1244 2311 1377 2365 dicit
1402 2327 1461 2366 se
1491 2311 1557 2365 ad
1593 2312 1695 2365 hoc
1722 2310 1975 2366 all‘ectum

395 2406 567 2462 fuisse
595 2405 800 2471 animo,
850 2421 1049 2476 nempe
1081 2405 1226 2475 quod
1269 2421 1435 2460 unam
1477 2412 1532 2460 et
1568 2405 1815 2460 eamdem
1860 2407 1974 2460 exi-

391 2495 629 2551 stimarit
676 2510 802 2550 esse
852 2503 1060 2565 partem
1117 2495 1165 2549 ei
1217 2494 1310 2564 qui
1358 2509 1422 2548 ex
1470 2494 1676 2548 virtute
1721 2495 1879 2561 vixit,
1922 2505 1977 2551 et

390 2589 439 2643 ei
471 2587 565 2658 qui
610 2587 678 2642 ad
718 2587 859 2641 hanc
891 2601 1005 2640 rem
1041 2586 1176 2640 nihil
1209 2585 1443 2639 contulit
1489 2586 1678 2641 studii.
1713 2585 1846 2641 Nam
1892 2587 1974 2641 al-

389 2680 488 2735 teri
523 2678 744 2750 quidem
779 2678 913 2733 dicit
945 2693 1070 2733 esse
1104 2677 1348 2732 laborem
1399 2677 1454 2730 in
1491 2677 1784 2746 sapientia,
1832 2686 1886 2733 et
1919 2678 1975 2733 in

395 2768 733 2838 cognitione,
777 2774 832 2822 et
878 2767 1045 2821 animi
1093 2765 1505 2837 magnitudine;
1538 2765 1696 2821 alteri
1748 2783 1878 2822 vero
1918 2768 1973 2823 in

392 2860 472 2914 ira
513 2859 649 2914 etin
685 2859 989 2923 doloribus,
1025 2857 1118 2928 qui
1153 2856 1431 2912 accedunt
1466 2849 1708 2928 propter'
1727 2859 1972 2914 studium

388 2951 535 3014 quod
577 2950 798 3019 ponitur
842 2948 896 3002 in
943 2948 1047 3002 hac
1081 2949 1213 3000 vita.
1249 2946 1359 3002 Eos
1408 2964 1540 3017 ergo
1587 2951 1690 3004 sibi
1740 2951 1970 3006 invicem

390 3055 552 3110 pares
579 3054 704 3096 esse
736 3039 962 3100 ducere.
997 3053 1106 3090 non
1142 3037 1319 3092 solum
1358 3039 1636 3101 vanitatis,
1675 3039 1770 3094 sed
1806 3026 1973 3096 etiam

2082 569 2243 635 σοφὸς
2277 570 2413 639 μετά
2445 569 2538 624 τοῦ
2570 573 2838 642 ἀφρονοςς
2866 591 2882 623 ι
2912 569 3006 634 Οἷς
3031 572 3226 640 ἐπάγει
3248 571 3309 624 τὸ
3342 572 3532 641 μίσους
3551 571 3674 636 ἀξια

2081 664 2300 732 νομίσαι
2323 663 2391 715 τά
2418 664 2616 726 πάντα,
2653 665 2781 734 περὶ
2802 663 2838 718 ἃ
2867 666 3129 736 πρότερον
3159 663 3426 734 ἐμπαθῶς
3452 660 3588 734 εἶχε,
3613 665 3675 718 τὸ

2092 753 2323 824 μάταιον
2346 753 2424 817 ’ὡς
2454 755 2656 823 ἀγαθὸν
2703 755 3245 826 ἀσπαζόμενος.’Καὶ
3289 757 3470 810 πάντα
3511 774 3676 828 μεμιο

2082 847 2315 918 σηκέναι
2357 849 2541 918 φησὶν,
2583 849 2680 902 ὅσα
2720 849 2857 920 πρὸς
2905 851 3002 920 τὴν
3037 850 3182 920 ζωὴν
3229 849 3432 921 ταύτην
3461 849 3675 920 βλέπων

2079 938 2330 1009 ἐπόνησε·
2355 939 2487 992 διότι
2503 939 2653 992 ούδέν
2679 939 2878 1010 ἐαυτῷ,
2903 940 3039 994 ἀλλά
3065 940 3143 1011 τῷ
3169 943 3284 1011 μετ’
3307 940 3472 994 αὑτὸν
3494 940 3675 994 πάντα

2078 1031 2364 1103 ἐπόνησεν·
2397 1032 2455 1097 ὃς
2495 1034 2548 1086 τί
2577 1035 2836 1105 χρήσεται
2865 1037 2977 1099 τοῖς
3003 1033 3400 1105 πεπονημένοις
3427 1035 3674 1105 προγνώ-

2079 1139 2166 1174 ναι
2199 1121 2288 1176 διά
2315 1123 2414 1195 τὴν
2443 1123 2536 1177 τοῦ
2565 1123 2848 1194 μέλλοντος
2882 1124 3106 1196 ἀδηλίαν
3133 1126 3229 1196 οὐχ
3258 1119 3368 1189 οἷός
3391 1143 3472 1179 τε.
3507 1124 3672 1193 Λέγει

2076 1213 2134 1266 δὲ
2157 1214 2298 1267 κατά
2324 1213 2468 1280 λέξιν
2488 1214 2682 1280 οὕτως’
2716 1236 2732 1267 ι
2759 1217 2868 1271 Καὶ
2899 1218 3142 1288 ἐμίσησα
3158 1217 3256 1287 τὴν
3273 1215 3436 1287 ζωὴν,
3465 1218 3548 1271 ὅτι
3577 1235 3674 1271 πο-

2079 1305 2241 1374 νηρὸν
2286 1306 2373 1359 ἐπ’
2420 1306 2520 1377 ἐμὲ
2565 1307 2626 1360 τὸ
2675 1309 3042 1378 πεποιημένον
3076 1309 3180 1362 ὑπὸ
3225 1309 3314 1360 τὸν
3356 1309 3532 1378 ἥλιον,
3584 1309 3668 1362 ὅτι

2080 1395 2256 1449 πάντα
2303 1397 2633 1466 ματαιότης,
2673 1398 2768 1452 καὶ
2809 1399 3129 1470 προαίρεσις
3177 1399 3509 1470 πνεύματος.
3560 1401 3673 1452 Καὶ

2078 1486 2314 1557 ἐμίσησα
2361 1482 2813 1559 ἐγὼ’σύμπαντα
2860 1489 2952 1543 τὸν
3005 1489 3200 1561 μόχθον
3257 1508 3379 1562 μου,
3443 1490 3501 1543 δν
3559 1490 3673 1558 ἐγὼ

2082 1576 2267 1648 μοχθῶ
2297 1577 2402 1630 ὑπὸ
2436 1578 2526 1632 τὸν
2555 1579 2730 1650 ἥλιον,
2766 1580 2848 1634 ὅτι
2882 1579 3027 1648 ἀφίω
3060 1579 3223 1634 αὑτὸν
3270 1579 3347 1652 τῷ
3392 1579 3672 1652 ἀνθρώπῳ

2076 1668 2156 1740 τῷ
2186 1669 2465 1741 γενομένῳ
2496 1671 2615 1741 μετ’
2647 1671 2771 1743 ἐμέ.
2805 1671 2912 1726 Καὶ
2939 1672 3022 1735 τίς
3059 1667 3220 1734 οἶδεν,
3251 1674 3299 1724 εί
3331 1673 3491 1742 σοφὸς
3514 1673 3670 1726 ἔσται

2079 1759 2111 1830 ἢ
2140 1761 2346 1832 ἄφρων,
2379 1763 2471 1815 καὶ
2494 1763 2541 1816 εί
2575 1763 2947 1828 ἐξουσιάσεται
2971 1765 3029 1816 ἐν
3058 1762 3218 1816 παντὶ
3247 1763 3431 1834 μόχθῳ
3468 1756 3511 1832 ᾧ
3537 1765 3672 1834 ἐμό-

2081 1850 2278 1920 χθησα,
2316 1853 2408 1905 καὶ
2438 1853 2778 1923 ἐσοφισάμην
2808 1851 2912 1906 ὑπὸ
2939 1853 3026 1905 τὸν
3061 1852 3210 1922 ἥλιον
3237 1871 3252 1919 ;
3287 1853 3393 1906 Καί
3421 1871 3484 1922 γε
3510 1854 3676 1916 τοῦτο

2083 1943 2401 2014 ματαιότης.
2438 1965 2454 1995 ι
2490 1945 2672 1998 Ταῦτα
2705 1943 2892 2008 εἰπὼν,
2926 1943 3220 2014 ἀλλοτρίως
3244 1944 3374 2014 φησὶ
3403 1945 3499 1998 καὶ
3532 1945 3672 2015 πρὸς

2079 2034 2237 2088 τοῦτο
2269 2039 2336 2107 τῇ
2366 2036 2513 2108 ψυχῇ
2560 2036 2888 2107 διατεθῆναι,
2921 2035 2998 2106 τῷ
3026 2035 3244 2102 νομίσαι
3280 2036 3405 2106 μίαν
3427 2033 3567 2090 εἶναι
3591 2038 3674 2106 τῷ

2077 2141 2137 2175 τε
2191 2127 2310 2178 κατ’
2358 2125 2559 2197 ἀρετὴν
2609 2125 2896 2196 βεϐιωκότι
2922 2168 2936 2192 ,
2973 2125 3068 2178 καὶ
3102 2123 3178 2194 τῷ
3214 2125 3486 2196 μηδεμίαν
3532 2125 3674 2197 πρὸς

2076 2216 2238 2270 τοῦτο
2268 2217 2621 2288 πεποιημένῳ
2649 2217 2904 2286 σπουδὴν,
2936 2216 3035 2287 τὴν
3066 2216 3280 2289 μερίδα.
3315 2215 3404 2287 Τῷ
3435 2216 3538 2286 μὲν
3563 2218 3678 2286 γὰρ

2076 2312 2167 2364 τὸν
2217 2308 2414 2380 μόχθον
2461 2303 2602 2361 εἷναί
2654 2324 2818 2378 φησιν
2863 2309 2920 2359 ἐν
2965 2307 3148 2379 σοφίᾳ,
3188 2307 3282 2361 καὶ
3314 2307 3536 2375 γνώσει,
3576 2309 3674 2360 καὶ

2075 2404 2318 2475 ἀνδρείᾳ·
2371 2401 2448 2472 τῷ
2495 2401 2553 2454 δὲ
2609 2401 2780 2471 ἑτέρῳ
2819 2401 2875 2454 ἐν
2935 2399 3092 2471 θυμῷ
3144 2400 3238 2453 καὶ
3274 2401 3334 2452 ἐν
3384 2399 3673 2471 ἀλγήματι

2075 2497 2188 2559 τοῖς
2235 2478 2330 2548 διά
2353 2494 2449 2564 τὴν
2489 2494 2616 2563 περὶ
2639 2494 2728 2545 τὸν
2764 2491 2876 2562 βίον
2929 2491 3166 2563 σπουδὴν
3194 2491 3668 2563 προσγινομένοις.

2077 2587 2151 2640 Τὸ
2201 2582 2432 2649 οὖνέίς
2479 2585 2594 2638 ίσον
2643 2584 2893 2655 ἀλλήλοις
2934 2585 3089 2653 ἄγειν
3137 2582 3397 2648 τούτους,
3444 2585 3507 2637 ού
3563 2603 3674 2656 μα-

2075 2677 2360 2748 ταιότητος
2410 2676 2590 2747 μόνον,
2649 2675 2785 2729 ἀλλὰ
2834 2676 2928 2728 καὶ
2975 2674 3239 2746 πονηρίας
3281 2671 3419 2728 εἷναί
3478 2693 3673 2746 φησιν.

2080 2768 2234 2837 Ἔχει
2255 2766 2309 2819 δὲ
2333 2766 2426 2819 καὶ
2444 2765 2582 2838 α’ύτη
2601 2769 2632 2837 ἡ
2650 2766 2796 2832 λέξις
2818 2763 3012 2828 οὔτως·
3039 2784 3058 2816 ι
3085 2766 3195 2818 Καὶ
3219 2766 3533 2835 ἐπέστρεψα
3563 2767 3677 2834 ἐγὼ

2080 2858 2176 2912 τοῦ
2209 2858 2583 2922 ἀποτάξασθαι
2604 2861 2667 2930 τῇ
2697 2858 2896 2928 καρδίᾳ
2925 2875 3048 2928 μου,
3079 2857 3137 2911 ἐν
3168 2859 3329 2910 παντὶ
3361 2859 3548 2929 μόχθῳ
3572 2877 3674 2928 μου

2072 2943 2118 3019 ᾧ
2151 2949 2428 3021 ἐμόχθησα
2458 2949 2560 3002 ὑπὸ
2588 2949 2680 3003 τὸν
2704 2950 2873 3020 ἣλιονο
2909 2951 2990 3004 ὅτι
3023 2952 3209 3004 Ἔστιν
3237 2949 3522 3020 ἄνθρωπος
3542 2994 3556 3012 ,
3594 2953 3678 3004 ὅτι
3703 2998 3722 3008 ,

2080 3042 2276 3113 μόχθος
2307 3040 2472 3093 αὐτοῦ
2498 3042 2556 3093 ἐν
2589 3041 2752 3112 σοφίᾳ
2773 3041 2868 3094 καὶ
2888 3042 2945 3094 ἐν
2975 3041 3194 3110 γνώσει,
3221 3041 3313 3093 καὶ
3339 3043 3396 3093 ἐν
3419 3041 3673 3112 ἀνδρεία,

391 3130 757 3200 improbitatis
798 3129 934 3185 dicit
964 3143 1088 3183 esse
1139 3128 1379 3199 signum.
1431 3127 1526 3184 Sic
1582 3138 1763 3184 autem
1807 3131 1972 3188 habet

2081 3135 2174 3187 καὶ
2208 3133 2493 3204 ἄνθρωπος
2513 3133 2571 3195 ὂς
2597 3134 2695 3186 ούκ
2723 3133 3029 3204 ἐμόχθησεν
3059 3133 3116 3186 ἐν
3143 3132 3309 3203 αὐτῷ,
3335 3131 3498 3185 δώσει
3525 3132 3678 3201 αὐτῷ

390 3230 684 3278 contextus
727 3219 882 3277 :20.¢
937 3219 1003 3273 Et
1042 3219 1290 3274 converti
1335 3233 1436 3289 ego
1489 3228 1549 3274 ut
1597 3222 1970 3278 renuntiarem

389 3314 546 3370 cordi
587 3329 710 3368 meo
740 3313 796 3366 in
841 3311 990 3366 omni
1023 3312 1211 3366 labore
1261 3326 1384 3367 meo
1416 3327 1526 3381 quo
1566 3312 1812 3367 laboravi
1866 3315 1970 3370 sub

2081 3225 2272 3299 μερίδα
2310 3223 2496 3278 αὐτοῦ.
2531 3224 2640 3278 Καί
2680 3242 2742 3294 γε
2771 3225 2929 3277 τοῦτο
2958 3226 3288 3295 ματαιότης,
3311 3224 3403 3277 καὶ
3437 3225 3676 3296 πονηρία

2080 3317 2288 3388 μεγάλη
2299 3360 2311 3373 .
2344 3337 2362 3368 ι

390 3407 528 3463 sole.
562 3405 651 3459 21.
684 3403 776 3458 Est
817 3405 982 3458 homo
1016 3403 1176 3472 cujus
1219 3403 1372 3457 labor
1402 3405 1456 3458 in
1501 3405 1796 3474 sapientia,
1866 3415 1922 3462 et
1989 3408 2044 3463 in
2086 3411 2425 3480 cognitione,
2471 3419 2527 3466 et
2581 3411 2637 3464 in
2687 3409 2856 3464 animi
2909 3408 3305 3480 magnitudine,
3362 3407 3410 3462 is
3462 3408 3674 3464 homini

389 3500 483 3570 qui
519 3514 628 3552 non
671 3497 944 3552 laboravit
982 3497 1037 3551 in
1074 3497 1217 3566 ipso,
1262 3496 1412 3550 dabit
1439 3505 1657 3566 partem
1689 3513 1866 3554 suam.
1906 3498 1974 3553 Et
2007 3500 2114 3556 hoc
2143 3501 2366 3571 quidem
2397 3509 2482 3556 est
2509 3501 2744 3564 vanitas,
2779 3509 2833 3555 et
2868 3499 3194 3570 improbitas
3230 3514 3450 3566 magna.
3489 3518 3508 3550 ι

458 3589 550 3644 22.
577 3608 612 3642 4
646 3588 800 3654 Quod
826 3588 898 3641 sit
921 3587 1128 3642 homini
1169 3588 1224 3641 in
1259 3588 1409 3641 omni
1445 3588 1633 3644 labore
1671 3604 1794 3652 suo,
1825 3599 1881 3645 et
1911 3590 1968 3646 in

389 3679 674 3734 voluntate
721 3676 906 3733 cordis
961 3677 1069 3744 sui,
1112 3692 1223 3747 quo
1254 3677 1373 3747 ipse
1421 3676 1634 3732 laborat
1687 3679 1794 3734 sub
1834 3679 1974 3735 sole.

388 3773 480 3828 25.
522 3769 729 3826 Omnes
758 3770 878 3825 dies
910 3768 1034 3839 ejus
1074 3778 1206 3824 sunt
1233 3769 1512 3836 dolorum,
1560 3777 1616 3825 et
1651 3770 1773 3841 ejus
1803 3770 1977 3826 animi

389 3864 641 3929 vexatio,
699 3872 755 3917 et
788 3869 941 3917 certe
977 3870 1149 3916 noctu
1192 3877 1304 3916 non
1357 3862 1558 3917 dormit
1595 3876 1692 3916 cor
1737 3863 1881 3933 ejus,
1921 3871 1978 3918 et

393 3955 495 4010 hoc
512 3969 732 4025 quoque
759 3961 844 4008 est
875 3952 1106 4007 vanitas.
1137 3971 1156 4003 ι
1188 3951 1309 4020 Ipse
1327 3967 1521 4007 rursus
1549 3953 1654 4007 sibi
1679 3952 1786 4023 ipsi
1809 3954 1975 4008 aliam

391 4045 763 4114 objectionem
823 4043 1085 4113 proponit
1142 4057 1332 4098 eorum
1376 4043 1470 4113 qui
1507 4043 1677 4098 vitam
1723 4045 1977 4116 volupta-

390 4139 529 4193 riam
591 4137 846 4206 judicant
897 4137 1359 4206 praestantiorem,
1407 4153 1569 4208 quam
1619 4138 1692 4193 sit
1732 4140 1843 4193 vita
1875 4156 1978 4196 su-

389 4228 634 4295 blimior,
683 4238 739 4284 et
771 4229 972 4283 evertit
1006 4229 1158 4298 quod
1191 4227 1474 4298 objicitur,
1522 4239 1819 4298 utrumque
1851 4247 1976 4301 per-

389 4336 630 4391 sequens
659 4321 714 4374 in
749 4321 969 4390 propria
999 4335 1262 4390 persona,
1296 4336 1496 4392 nempe
1533 4330 1589 4377 et
1636 4323 1971 4380 solutionem

388 4419 444 4467 et
500 4410 884 4480 objectionem.
946 4408 1044 4466 Est
1101 4410 1247 4465 enim
1300 4411 1449 4481 quod
1504 4409 1608 4466 fuit
1667 4412 1970 4482 objectum,

2159 3610 2178 3643 ι
2207 3592 2331 3645 Ὅτι
2366 3591 2571 3660 γίνεται
2606 3591 2683 3662 τῷ
2720 3592 2991 3663 ἀνθρώπῳ
3017 3593 3072 3645 ἐν
3097 3590 3260 3644 παντὶ
3293 3590 3479 3660 μόχθῳ
3508 3589 3677 3643 αὐτοῦ

2081 3683 2176 3737 καὶ
2205 3683 2262 3735 ἐν
2298 3684 2363 3752 τῇ
2389 3682 2702 3752 προαιρέσει
2741 3683 2969 3754 καρδίας
2998 3682 3162 3738 αὐτοῦ
3183 3723 3198 3748 ,
3219 3675 3264 3750 ᾧ
3291 3681 3452 3744 αὐτὸς
3483 3683 3676 3752 μοχθεῖ

2081 3777 2187 3830 ὑπὸ
2233 3776 2323 3828 τὸν
2359 3773 2510 3844 ἥλιον
2531 3792 2544 3805 ο
2575 3776 2656 3828 ὅτι
2688 3777 2864 3829 Πᾶσαι
2896 3778 2950 3830 αἱ
2973 3777 3176 3848 ἡμέραι
3213 3774 3380 3829 αὐτοῦ
3415 3776 3675 3846 ἀλγημά-

2079 3885 2211 3931 των,
2229 3868 2324 3922 καὶ
2344 3868 2516 3939 θυμοῦ
2545 3867 2930 3939 περισπασμὸς
2951 3868 3138 3931 αὐτοῦ,
3158 3867 3250 3921 καί
3269 3884 3332 3936 γε
3357 3868 3413 3919 ἐν
3434 3868 3595 3920 νυκτὶ
3609 3868 3673 3920 οὐ

2081 3961 2392 4032 κοιμᾶταιή
2420 3961 2616 4031 καρδία
2643 3959 2830 4016 αὐτοῦ.
2868 3959 2977 4014 Καί
3011 3976 3074 4028 γε
3099 3958 3256 4012 τοῦτο
3284 3959 3606 4028 ματαιότης.
3647 3978 3666 4008 ι

2081 4050 2251 4104 Πάλιν
2278 4050 2363 4102 ἐτέ
2373 4067 2470 4121 ραν
2491 4048 2874 4121 ἀνθυποφοράν
2893 4048 3003 4102 τῶν
3025 4047 3114 4100 τὸν
3133 4045 3533 4102 ἀπολαυστικὸν
3554 4045 3674 4116 βίον

2079 4143 2472 4213 προτιμότερον
2498 4141 2794 4212 κρινόντων
2823 4141 2924 4211 τῆς
2958 4138 3292 4211 ὑψηλοτέρας
3327 4139 3494 4208 ζωῆς,
3530 4153 3673 4208 προ-

2079 4234 2302 4306 φέρεται
2330 4234 2492 4298 αύτὺς
2509 4233 2709 4303 ἐαυτῷ,
2733 4231 2828 4286 καὶ
2852 4232 3148 4302 ἀνατρέπει
3169 4231 3231 4284 τὸ
3256 4229 3676 4300 προφερόμενον

2076 4327 2134 4379 ἐν
2157 4327 2234 4398 τῷ
2266 4327 2380 4396 ίδίῳ
2409 4324 2686 4397 προσώπῳ
2723 4323 2933 4391 διεξιὼν
2965 4325 3220 4393 ἑκάτερα,
3255 4323 3350 4376 καὶ
3378 4322 3477 4391 τὴν
3512 4319 3674 4373 λύσιν

2081 4418 2174 4472 καὶ
2206 4417 2304 4490 τὴν
2332 4418 2626 4472 ἀντίθεσιν.
2671 4417 2744 4470 Τὸ
2776 4416 2886 4487 γάρ
2916 4414 3192 4468 ἀντιτεθέν
3222 4416 3364 4476 ἐστι,
3397 4414 3457 4466 τὸ
3498 4413 3673 4482 μηδὲν

389 4499 524 4554 nihil
559 4499 708 4555 aliud
735 4515 860 4555 esse
891 4499 1100 4555 bonum
1140 4501 1594 4564 existimandum,
1617 4519 1782 4572 quam
1817 4504 1967 4574 quod

2081 4509 2279 4578 ἀγαθὸν
2330 4509 2535 4563 οἴεσθαι
2579 4509 2688 4562 δεῖν
2731 4509 2877 4572 ἄλλο,
2909 4508 2941 4579 ἢ
2976 4508 3112 4578 ὅπερ
3157 4506 3222 4560 ἄν
3246 4524 3330 4570 τις
3361 4507 3440 4569 εἰς
3473 4506 3672 4558 ἑαυτὸν

388 4591 445 4644 in
481 4591 719 4661 seipsum
756 4592 1031 4663 quiSpiam
1059 4592 1363 4648 admiserit.
1412 4595 1528 4648 Hoc
1553 4603 1737 4650 autem
1783 4605 1868 4651 est
1901 4598 1976 4652 ci-

388 4683 494 4737 bus
529 4690 580 4735 et
613 4692 792 4753 potus.
815 4683 876 4736 Ei
905 4690 1087 4737 autem
1123 4683 1430 4752 objectioni
1451 4685 1557 4740 hoc
1591 4685 1755 4740 modo
1778 4701 1975 4741 occur-

381 4773 552 4835 ritur,
589 4787 653 4825 ea
683 4787 792 4826 non
822 4787 946 4829 esse
980 4774 1181 4844 quibus
1225 4775 1389 4829 homo
1424 4776 1592 4828 alitur
1629 4784 1684 4830 et
1732 4778 1971 4844 laetatur,

382 4865 487 4921 sed
518 4865 840 4931 sapientiam
879 4873 936 4920 et
967 4867 1363 4936 cognitionem.
1413 4866 1534 4933 Quo
1568 4868 1627 4922 lit
1657 4876 1717 4923 ut
1766 4870 1972 4924 bonum

387 4957 611 5028 quidem
655 4958 728 5014 sit
765 4959 818 5012 in
872 4958 958 5014 his
1011 4975 1218 5028 ponere
1263 4959 1529 5015 studium.
1584 4960 1738 5026 Quod
1789 4971 1970 5018 autem

380 5068 484 5122 per
511 5066 734 5106 carnem
785 5052 1092 5122 suscipitur
1124 5051 1369 5107 studium
1423 5059 1478 5106 et
1525 5053 1835 5123 diligentia,
1889 5061 1974 5110 est

389 5141 556 5200 animi
591 5139 815 5195 afﬂictio
834 5151 892 5196 et
921 5141 1164 5194 vanitas.
1198 5139 1461 5196 Sublimis
1496 5151 1679 5196 autem
1704 5143 1971 5198 doctrinae

387 5232 551 5284 verba
590 5231 696 5285 hoc
730 5230 893 5286 modo
934 5247 994 5286 se
1027 5231 1252 5284 habent.
1299 5231 1404 5284 243
1442 5250 1459 5282 ι
1487 5231 1606 5285 Νοιι
1635 5243 1720 5287 est
1763 5235 1966 5287 bonum

389 5319 601 5375 homini
633 5322 725 5391 qui
760 5321 1012 5377 comedet
1044 5329 1098 5374 et
1145 5322 1295 5376 bibet
1325 5362 1340 5386 ,
1387 5330 1442 5377 et
1475 5325 1728 5378 ostendet
1770 5325 1969 5378 animae

394 5419 506 5465 sua:
567 5409 769 5463 bonum
822 5407 876 5460 in
922 5407 1109 5461 labore
1155 5421 1278 5462 suo.
1323 5409 1410 5463 25.
1508 5411 1824 5477 Quinetiam
1866 5415 1969 5469 hoc

396 5500 504 5551 vidi
529 5516 649 5568 ego.
686 5500 760 5554 De
787 5515 954 5554 manu
988 5500 1077 5551 Dei
1112 5509 1218 5559 est,
1265 5499 1412 5568 quod
1454 5502 1582 5570 quis
1623 5503 1876 5557 comedet
1915 5511 1969 5559 et

400 5587 546 5640 bibet
595 5586 806 5656 absque
833 5587 972 5653 ipso.
995 5587 1085 5641 26.
1123 5587 1340 5643 Homini
1377 5591 1517 5645 bono
1554 5592 1608 5647 in
1667 5601 1968 5661 conspectu

402 5691 505 5730 suo
535 5677 686 5730 dedit
715 5679 1043 5745 sapientiam
1063 5685 1116 5732 ct
1136 5680 1506 5748 cognitionem
1545 5689 1600 5736 et
1629 5682 1897 5746 laetitiam,
1916 5693 1969 5739 et

403 5766 875 5844 peccatorindcdit
902 5767 1122 5822 anxiam
1157 5769 1588 5828 sollicitudinem
1623 5780 1682 5828 ut
1712 5772 1875 5828 addat
1917 5783 1968 5830 et

2079 4600 2461 4670 καταδέξηται.
2502 4599 2674 4653 Τοῦτο
2693 4599 2750 4653 δέ
2785 4600 2902 4652 ἐστι
2939 4597 3138 4668 βρῶσις
3173 4597 3266 4650 καὶ
3294 4596 3470 4658 πόσις.
3508 4596 3573 4647 Ἡ
3612 4595 3671 4646 δὲ

2080 4690 2216 4760 πρὸς
2255 4690 2412 4744 τοῦτο
2453 4691 2776 4760 ἀπάντησις,
2817 4689 2878 4742 τὸ
2914 4689 2988 4760 μὴ
3009 4689 3182 4742 ταῦτα
3229 4684 3364 4740 εἶναι
3398 4683 3478 4750 οἷς
3508 4688 3537 4741 ὁ
3574 4687 3670 4742 ἄν-

2079 4780 2295 4852 θρωπος
2322 4783 2581 4852 τρέφεται
2611 4783 2703 4835 καὶ
2743 4782 3095 4852 εὐφραίνεται
3117 4822 3130 4846 ,
3160 4780 3295 4834 ἀλλά
3329 4780 3519 4848 σοφίαν
3570 4779 3670 4832 καὶ

2076 4873 2294 4941 γνῶσιν.
2337 4875 2423 4938 Ὡς
2449 4875 2609 4927 τοῦτο
2635 4874 2734 4941 μὲν
2761 4873 2965 4940 ἀγαθὸν
2991 4869 3132 4926 εἶναι
3159 4873 3218 4925 τὸ
3243 4874 3300 4924 ἐν
3326 4871 3534 4933 τούτοις
3562 4869 3671 4940 τὴν

2079 4965 2314 5035 σπουδὴν
2334 4965 2482 5035 ἔχειν
2504 4982 2518 4995 ο
2539 4965 2601 5018 τὸ
2619 4965 2673 5017 δὲ
2703 4964 2791 5028 διὰ
2812 4965 3013 5035 σαρκὸς
3031 4963 3485 5030 σπουδαζόμενον,
3503 4977 3668 5030 περι-

2079 5055 2330 5122 σπασμὸν
2345 5054 2526 5124 ψυχῆς
2549 5050 2684 5106 εἶναι
2717 5056 2812 5108 καὶ
2847 5054 3207 5123 ματαιότητα.
3245 5052 3326 5103 Τά
3353 5050 3409 5103 δὲ
3441 5050 3669 5119 ῥήματα

2074 5147 2170 5216 τῆς
2199 5147 2407 5216 ὑψηλῆς
2431 5146 2780 5210 διδασκαλίας
2807 5146 2995 5198 τοῦτον
3018 5143 3242 5214 ἔχειτὸν
3271 5143 3487 5214 τρόπον·
3507 5159 3524 5191 ι
3548 5141 3668 5190 Οὐκ

2075 5236 2222 5289 ἔστιν
2250 5237 2453 5304 ἀγαθὸν
2499 5235 2772 5306 ἀνθρώπῳ
2803 5235 2862 5298 ὃς
2905 5234 3140 5302 φάγεται
3180 5232 3275 5284 καὶ
3328 5231 3524 5287 πίεται.
3566 5223 3665 5275 καὶ

2073 5326 2233 5389 δείξει
2274 5329 2340 5397 τῇ
2380 5324 2525 5397 ψυχῇ
2574 5323 2738 5379 αὑτοῦ
2789 5325 2993 5393 ἀγαθὸν
3020 5326 3076 5376 ἐν
3108 5322 3296 5394 μόχθῳ
3336 5312 3518 5370 αὑτοῦ.
3547 5312 3665 5365 Καί

2073 5433 2137 5484 γε
2159 5417 2313 5470 τοῦτο
2343 5413 2480 5470 εἶδον
2503 5416 2613 5485 ἐγὼ
2633 5455 2646 5479 ,
2677 5417 2758 5469 ὅτι
2813 5417 2926 5470 ἀπὸ
2967 5408 3148 5480 χειρὸς
3182 5407 3277 5460 τοῦ
3313 5403 3445 5459 Θεοῦ
3489 5405 3661 5460 ἐστιν.

2073 5507 2101 5560 ὅ
2125 5508 2176 5559 τί
2197 5525 2279 5571 τις
2302 5509 2536 5577 φάγεται
2561 5509 2656 5561 καὶ
2685 5508 2866 5557 πίεται
2893 5501 3066 5572 παρὲξ
3094 5499 3280 5553 αὐτοῦ’
3297 5499 3377 5552 ὃτι
3420 5494 3663 5568 Ἀνθρώ-

2073 5611 2160 5661 πῳ
2187 5594 2265 5663 τῷ
2295 5595 2515 5664 ἀγαθῷ,
2551 5593 2657 5665 πρὸ
2700 5590 2993 5665 προσώπου
3029 5588 3216 5653 αὑτοῦ,
3256 5588 3421 5642 ἔδωκε
3465 5585 3661 5654 σοφίαν

2073 5685 2168 5738 καὶ
2213 5685 2412 5752 γνῶσιν
2443 5687 2535 5738 καὶ¹
2583 5685 2961 5756 εὐφροσύνην,
3017 5684 3112 5738 καὶ
3166 5681 3245 5752 τῷ
3299 5679 3661 5751 ἁμαρτάνοντι

2074 5775 2239 5830 ἔδωκε
2272 5776 2653 5847 περισπασμὸν
2695 5777 2789 5830 τοῦ
2826 5777 3146 5848 προσθεῖναι
3189 5776 3284 5831 καὶ
3308 5770 3659 5842 συναγαγεῖν,
