3844 6408
205 499 302 589 689

1227 533 1291 589 ΙΝ
1331 533 1866 592 ECCLESIASTEN.
1911 534 2200 593 HOMILIA
2233 538 2291 592 V.

3344 539 3448 595 6‘30

203 647 288 701 τοῦ
314 643 489 711 δοῦναι
533 645 611 718 τῷ
649 645 842 719 ἀγαθῷ
867 647 973 721 πρὸ
1013 649 1304 720 προσώπου
1347 650 1443 704 τοῦ
1495 649 1663 704 Θεοῦ·
1690 651 1772 704 ὅτι

1882 662 2196 724 congreget,
2228 661 2289 707 ut
2317 652 2406 709 del
2445 653 2496 710 ei
2544 653 2638 724 qui
2686 661 2771 710 est
2808 654 2990 710 bonus
3042 654 3098 708 in
3146 669 3370 724 οοηεραι
3391 666 3446 711 tu

203 736 306 792 Καί
323 753 384 806 γε
417 734 573 790 τοῦτο
599 739 892 809 ματαιότης
923 739 1018 792 καὶ
1046 739 1364 813 προαίρεσις
1389 741 1716 811 πνεύματος.
1747 761 1765 792 ι

215 829 275 880 'H
300 828 395 899 μὲν
426 826 519 882 οὖν
559 829 766 884 διάνοια
796 830 904 884 τῶν
944 831 1142 902 ἐφεξῆς
1172 832 1592 903 γεγραμμένων,
1621 833 1716 886 καὶ
1737 835 1771 905 ή

203 918 334 973 κατά
357 919 416 972 τὸ
433 919 724 974 ἀκόλουθον
751 921 1082 993 προθεωρία,
1109 921 1249 994 αὕτη
1285 921 1435 975 ἐστὶν
1473 923 1539 994 ἢν
1569 923 1635 976 δι’
1664 923 1774 976 ὀλί-

203 1026 309 1076 γων
339 1009 431 1064 νῦν
460 1011 836 1082 παρεθέμεθα.
865 1011 1070 1082 Καιρὸς
1099 1013 1144 1066 δ’
1165 1011 1231 1066 ἂν
1258 1012 1342 1084 εἴη
1379 1013 1540 1068 πάλιν
1572 1015 1774 1068 ἐπανα-

203 1100 374 1155 λαϐεῖν
390 1101 488 1174 τὴν
515 1103 680 1171 λέξιν,
720 1103 817 1158 καὶ
842 1105 1223 1176 προσαρμόσαι
1246 1105 1311 1158 δι’
1345 1106 1627 1177 ἀκριϐείας
1661 1109 1775 1170 τοῖς

207 1193 376 1262 ῥητοῖς
400 1193 466 1246 τὰ
495 1195 762 1266 νοήματα.
811 1195 921 1248 Καὶ
954 1194 1126 1263 ἔγνων
1156 1196 1248 1249 καί
1281 1213 1344 1265 γε
1377 1196 1506 1266 ἐγὼ,
1529 1199 1610 1250 ὅτι
1648 1215 1775 1253 συν-

203 1285 411 1354 άντημα
452 1283 510 1336 ἐν
541 1288 932 1357 συναντήσεται
965 1289 1076 1352 τοῖς
1101 1290 1268 1343 πᾶσιν
1304 1291 1506 1356 αὐτοῖς,
1527 1291 1622 1344 καὶ
1645 1287 1774 1346 εἶπα

201 1373 304 1443 ἐγὼ
325 1376 403 1440 ὡς
426 1378 658 1448 συνάντη
669 1396 744 1449 μα
773 1378 870 1432 τοῦ
902 1378 1134 1452 ἄφρονος
1154 1381 1247 1436 καί
1276 1399 1340 1452 γε
1361 1384 1486 1454 ἐμοὶ
1512 1385 1775 1456 συναντή-

203 1482 363 1531 σεται,
389 1469 485 1522 καὶ
527 1469 614 1522 ἵνα
643 1470 696 1522 τί
731 1471 1074 1543 ἐσοφισάμην
1099 1491 1112 1538 ;
1149 1472 1320 1526 Τοῦτο
1350 1474 1411 1526 δέ
1447 1477 1592 1528 ἐστιν
1622 1475 1763 1546 ἡάνο

198 1556 389 1622 τίθεσις
434 1559 504 1630 ἢν
551 1561 713 1626 αὐτὸς
761 1562 938 1633 ἐαυτῷ
982 1563 1323 1636 ἀντιτίθησι,
1364 1565 1574 1634 λέγων’
1605 1566 1666 1620 El
1713 1569 1775 1622 ἓν

201 1649 339 1700 ἐστιν
383 1650 471 1703 ἐπ’
504 1651 826 1722 ἀμφοτέρων
855 1653 1010 1707 τοῦτο
1050 1654 1281 1709 θανάτου
1313 1657 1646 1728 συνάντημα,
1678 1657 1775 1712 καὶ

199 1737 291 1789 οὐκ
328 1737 626 1809 ἐξαιρεῖται
670 1741 773 1810 τῆς
803 1742 900 1796 τοῦ
950 1743 1180 1799 θανάτου
1234 1749 1576 1819 μετουσίαςή
1605 1749 1773 1821 ἀρετὴ

198 1829 282 1881 τὸν
303 1833 359 1883 ἐν
385 1832 551 1904 σοφίᾳ.
583 1833 992 1905 γενόμενον,είς
1024 1837 1200 1909 μάτην
1225 1856 1315 1909 μοι
1343 1841 1567 1910 γέγονεν
1589 1845 1621 1914 ή
1647 1843 1775 1914 περὶ

196 1920 291 1989 τὴν
314 1923 510 1992 σοφίαν
535 1924 759 1996 σπουδή.
791 1924 851 1978 Ἡ
878 1927 935 1980 δὲ
965 1928 1100 2000 πρὸς
1122 1928 1187 1982 τὰ
1209 1931 1474 2001 εἰρημένα
1501 1931 1594 1986 τοῦ
1617 1933 1773 2003 λόγου

1856 743 1993 798 .Dei.
2027 743 2094 798 Et
2118 745 2221 799 hoc
2245 761 2466 815 quoque
2507 754 2594 801 est
2629 745 2846 802 vanitas
2888 755 2944 801 et
2980 747 3292 801 voluntaria
3337 749 3450 803 ele-

1873 837 1983 891 ctio
2017 838 2268 906 spiritus.
2301 855 2320 889 ι
2353 835 2450 892 Est
2492 851 2622 908 ergo
2670 837 2762 892 hic
2815 851 3013 892 sensus
3070 851 3267 892 eorum
3328 852 3450 904 quae

1873 924 2135 996 deinceps
2165 926 2373 996 scripta
2407 935 2560 993 sunt,
2591 935 2652 982 et
2671 927 2788 983 base
2811 937 2898 984 est
2934 945 3054 998 qua:
3092 935 3178 982 est
3209 943 3274 981 ex
3315 942 3450 982 con-

1874 1016 2161 1084 sequentia
2200 1015 2578 1084 prannittenda
2609 1017 3022 1087 contemplatio,
3054 1031 3221 1088 quam
3259 1017 3451 1087 paucis

1873 1118 2023 1158 nunc
2071 1103 2428 1160 adduximus.
2469 1103 2715 1174 Tempus
2749 1112 2937 1160 autem
2990 1115 3074 1162 est
3111 1120 3259 1161 nunc
3295 1121 3451 1175 repe-

1872 1194 2027 1250 tendi
2073 1202 2420 1256 contextum,
2483 1202 2539 1250 et
2564 1196 2748 1252 verbis
2795 1197 3248 1251 accommodandi
3282 1211 3446 1251 accu-

1873 1294 1992 1338 rate
2031 1285 2390 1338 sententiam.
2418 1283 2554 1340 Novi
2587 1299 2688 1356 ego
2722 1288 2870 1356 quod
2919 1303 3062 1342 unus
3098 1293 3330 1348 eventus
3356 1302 3450 1341 occ

1874 1379 2061 1430 curret
2093 1375 2376 1440 omnibus,
2437 1383 2492 1430 et
2531 1376 2646 1430 dixi
2693 1393 2795 1448 ego
2825 1377 2973 1448 quod
3025 1377 3181 1433 stulti
3225 1386 3452 1432 eventus

1873 1465 2010 1518 mihi
2041 1480 2263 1535 quoque
2303 1473 2582 1521 occurret.
2623 1466 2738 1521 Cur
2773 1467 2964 1538 itaque
3007 1465 3270 1536 majorem
3321 1481 3454 1535 ope-

1873 1571 1993 1610 ram
2018 1556 2142 1611 dedi
2175 1557 2497 1626 sapientiae?
2526 1557 2655 1614 Haec
2674 1568 2757 1614 est
2794 1566 2977 1615 autem
3013 1559 3256 1628 objectio
3289 1573 3452 1629 quam

1875 1647 1994 1718 ipse
2025 1649 2128 1704 sibi
2162 1649 2376 1719 objicit,
2407 1650 2602 1706 dicens
2629 1649 2721 1705 :Si
2761 1651 2906 1706 inest
2932 1651 2985 1705 in
3013 1651 3262 1720 utrisque
3287 1665 3450 1704 even-

1876 1747 1965 1795 tus
1995 1741 2212 1807 mortis,
2261 1757 2366 1798 nec
2392 1743 2568 1799 virtus
2596 1757 2721 1798 eum
2753 1741 2849 1811 qui
2900 1743 3078 1799 evasit
3125 1747 3366 1812 sapiens,
3424 1757 3454 1794 a

1877 1837 2054 1886 morte
2078 1833 2289 1898 eximit,
2335 1832 2544 1888 frustra
2601 1847 2777 1888 meam
2816 1834 3083 1888 collocavi
3137 1847 3358 1902 operam
3401 1833 3452 1884 in

1877 1921 2062 1977 studio
2121 1923 2427 1994 sapientiae.
2481 1923 2952 1991 Quemadmodum
3001 1933 3188 1978 autem
3239 1923 3307 1978 iis
3335 1938 3455 1990 qua:

207 2012 511 2084 ἀπάντησις
555 2015 714 2081 ποίας
757 2015 930 2085 Ἐγὼ,
961 2017 1096 2089 φησὶ
1116 2059 1130 2085 ,
1157 2019 1315 2073 τοῦτο
1348 2023 1607 2093 περισσὸν
1646 2024 1773 2078 ἐλὰ-

1882 2012 2024 2068 dicta
2054 2021 2204 2083 sunt,
2255 2017 2500 2071 occurrit
2528 2017 2745 2071 oratio?
2777 2016 2915 2088 Ego,
2947 2016 3150 2085 inquit,
3205 2015 3310 2069 hoc
3363 2030 3455 2068 ειι-

193 2099 334 2171 λησα
364 2103 422 2155 ἐν
445 2105 518 2174 τῇ
545 2105 743 2176 καρδίᾳ
773 2122 896 2176 μου,
926 2106 1218 2178 ὄτιάφρων
1251 2110 1316 2163 ἐκ
1338 2111 1772 2183 περισσεύματος

197 2192 359 2250 λαλεῖ.
394 2199 513 2252 Καὶ
555 2199 638 2253 ὅτι
684 2218 747 2269 γε
783 2202 942 2256 τοῦτο
975 2205 1295 2277 ματαιότης.
1345 2207 1468 2261 Ὅτι
1509 2209 1610 2262 οὐκ
1655 2208 1772 2262 ἔστι

195 2287 377 2358 μνήμη
404 2289 506 2342 τοῦ
540 2291 706 2361 σοφοῦ
737 2293 874 2362 μετά
899 2294 993 2347 τοῦ
1021 2293 1253 2366 ἄφρονος
1272 2299 1351 2358 είς
1373 2299 1562 2354 αἰῶνα.
1585 2301 1772 2353 Κατα-

194 2377 443 2440 γινώσκει
489 2381 603 2452 γὰρ
633 2383 709 2446 ὼς
762 2387 1033 2457 περιττῶς
1078 2405 1138 2441 τε
1187 2392 1280 2442 καὶ
1326 2390 1634 2455 ἀκολούθως
1675 2393 1773 2462 τῆς

191 2465 517 2534 ἀντιθέσεως
549 2471 753 2544 ταύτης
783 2475 1185 2549 ἐπενεχθείσης,
1221 2479 1315 2532 καὶ
1344 2480 1552 2551 ἄφρονα
1577 2481 1774 2552 ὀνομά-

191 2553 269 2617 ζει
305 2559 397 2611 τὸν
421 2560 604 2629 λόγον,
643 2562 702 2626 ὃς
729 2564 851 2634 οὐχὶ
892 2565 1001 2620 τῶν
1050 2567 1327 2621 ἀποθέτων
1357 2569 1521 2631 ἐστὶν,
1545 2570 1664 2622 οὐδὲ
1688 2570 1775 2624 ἐν·

189 2648 334 2703 δοθεν
377 2653 443 2705 ἐκ
473 2653 594 2707 τῶν
620 2657 862 2726 ταμείων
892 2658 991 2728 τῆς
1023 2660 1214 2728 σοφίας
1251 2661 1638 2732 προσφέρεται,
1660 2662 1774 2716 ἀλλ’

188 2736 372 2811 ὥσπερ
389 2759 442 2794 τι
465 2744 791 2816 περίττωμα
819 2747 917 2818 τῆς
944 2747 1181 2812 διανοίας
1208 2750 1375 2813 ἐστὶν,
1411 2751 1586 2822 ἀφροῦ
1620 2751 1775 2824 δίκην

189 2829 620 2904 ἀποπτυόμενος,
650 2837 872 2907 Ἄφρων
899 2838 1006 2910 γὰρ
1033 2840 1097 2892 ἐκ
1136 2840 1572 2912 περισσεύματος
1605 2841 1774 2897 λαλεῖ.

188 2919 258 2972 Τὸ
296 2921 353 2975 δὲ
387 2924 567 2991 οὕτως
609 2927 846 2998 χρῆσθαι
880 2928 959 3000 τῷ
1004 2929 1164 3000 λόγῳ,
1201 2931 1426 3001 μάταιόν
1459 2949 1520 2985 τε
1554 2934 1646 2986 καὶ
1695 2935 1776 2998 είς

185 3011 332 3067 οὐδὲν
379 3016 550 3070 πλέον
593 3019 745 3086 ἐστὶ,
783 3019 921 3089 πρὸς
957 3020 1108 3074 οὐδὲν
1141 3022 1326 3094 ἕτερον
1370 3023 1465 3076 τοῦ
1494 3024 1651 3092 λόγου
1678 3025 1776 3096 τὴν

189 3107 422 3179 σπουδήν
443 3109 685 3180 ἔχοντος,
723 3112 756 3183 ἢ
783 3115 970 3166 πεῖσαι
1007 3113 1081 3186 μὴ
1107 3115 1174 3169 τὰ
1213 3116 1509 3186 φαινόμενα
1533 3116 1773 3187 βλέπειν.

201 3195 291 3250 Ἐκ
315 3201 426 3254 τῶν
457 3202 757 3273 ὁρωμένων
788 3205 897 3277 γὰρ
918 3209 1151 3260 ποιεῖται
1182 3208 1211 3260 6
1231 3208 1526 3276 ἀντιλέγων
1548 3207 1646 3280 τὴν
1671 3207 1776 3280 μά-

187 3304 284 3358 χην
307 3305 321 3329 ε
345 3292 440 3344 καὶ
474 3292 648 3363 γὰρὸ
700 3294 927 3361 θάνατος
966 3297 1075 3352 τῶν
1120 3301 1460 3370 φαινομένων
1503 3300 1669 3354 ἐστίν.
1712 3300 1776 3353 Τί

185 3378 380 3450 δήποτε
401 3384 617 3454 λέγωνς
641 3387 754 3442 Οὐκ
781 3389 841 3442 ἐν
860 3389 1036 3462 τούτῳ
1071 3391 1167 3444 τοῦ
1195 3392 1451 3463 ἐναρέτου
1476 3410 1535 3446 τε
1565 3394 1660 3448 καὶ
1683 3392 1778 3447 τοῦ

190 3479 428 3549 πονηροῦ
463 3481 585 3552 βίου
623 3483 656 3554 ή
703 3483 885 3556 κρίσις
921 3483 1164 3552 γίνεται,
1196 3485 1272 3549 ώς
1322 3485 1439 3538 δέον
1489 3483 1648 3554 μόνον
1688 3483 1781 3537 τὸν

188 3571 424 3641 πονηρὸν
453 3572 710 3628 τεθνάναι
744 3575 822 3646 τῷ
856 3574 1100 3646 σώματι·
1131 3577 1222 3630 τὸν
1263 3576 1321 3629 δὲ
1363 3575 1564 3644 ἀγαθὸν
1599 3575 1781 3646 μένειν

187 3659 277 3712 τοῦ
307 3666 633 3734 σωματικοῦ
653 3666 883 3722 θανάτου
903 3669 1256 3740 ἀπείραστον,
1279 3670 1379 3722 οὑκ
1407 3669 1562 3732 είδὼς
1590 3670 1648 3722 ἐν
1674 3668 1780 3721 τίνι

187 3750 300 3806 ἐστὶ
326 3754 434 3825 τῆς
474 3757 683 3828 ἀρετῆς
701 3758 761 3811 τὸ
787 3758 1075 3823 ἀθάνατον,
1108 3761 1202 3813 καὶ
1239 3759 1322 3823 τίς
1366 3761 1476 3813 τῶν
1513 3763 1571 3813 ἐν
1609 3761 1780 3831 κακίᾳ

184 3841 406 3903 ζώντων
435 3849 467 3900 6
516 3846 767 3911 θάνατος.
799 3849 992 3918 Σοφοῦ,
1025 3851 1210 3920 φησιν,
1245 3851 1278 3921 ὴ
1324 3853 1510 3922 μνήμη
1557 3850 1783 3904 διαπαν-

186 3933 274 3996 τὸς
296 3934 389 4006 ζῇ,
425 3939 528 3991 καὶ
564 3939 727 3992 παντὶ
761 3939 839 4011 τῷ
877 3940 1034 3996 αἰῶνι
1078 3941 1592 4012 συμπαρατείνεται·
1629 3943 1706 4014 τῷ
1725 3943 1782 3997 δέ

182 4025 380 4097 ἄφρονι
428 4030 810 4102 ἐναπεσὸέσβη
852 4033 948 4085 καὶ
975 4033 1038 4087 τὸ
1085 4033 1445 4104 μνημόσυνον.
1493 4034 1629 4105 Περὶ
1674 4034 1784 4106 γὰρ

188 4114 290 4169 τῶν
321 4120 596 4173 τοιούτων
676 4122 811 4193 φησι
827 4123 922 4176 καὶ
946 4121 1261 4192 Προφήτης,
1292 4120 1373 4172 ὅτι
1406 4123 1680 4177 Ἀπώλετο
1723 4124 1784 4178 τὸ

188 4209 549 4278 μνημόσυνον
591 4212 770 4267 αὐτῶν
823 4213 1138 4285 περιφανῶς
1177 4213 1273 4266 καὶ
1317 4214 1573 4286 εὐδήλως.
1611 4214 1784 4269 Τοῦτο

184 4296 294 4368 γὰρ
327 4303 363 4371 ή
394 4303 538 4372 ἤχου
583 4304 872 4376 προσθήκη
924 4305 1276 4360 ἐνδείκνυται.
1320 4307 1433 4359 Οὐκ
1478 4306 1624 4359 ἔστιν
1666 4303 1783 4373 οὖν,

185 4388 340 4455 φησὶ,
369 4392 571 4461 μνήμη
597 4393 692 4445 τοῦ
721 4394 886 4464 σοφοῦ
909 4393 1046 4464 μετά
1077 4393 1172 4446 τοῦ
1200 4394 1434 4466 ἄφρονος
1465 4396 1544 4457 είς
1575 4395 1747 4448 αίῶνα
1765 4412 1780 4426 ·

185 4473 323 4527 ἀλλὰ
346 4477 448 4529 τοῦ
479 4478 581 4548 μὲν
612 4479 774 4547 σοφοῦ
807 4482 840 4551 ή
868 4481 980 4552 ζωὴ
996 4479 1290 4543 διαιωνίζει
1317 4480 1404 4534 διὰ
1421 4481 1518 4550 τῆς
1543 4484 1781 4552 μνήμης·

179 4561 273 4613 τὸν
301 4563 362 4617 δὲ
403 4565 625 4636 ἄφρονα
673 4567 976 4638 διαδέχεται
1016 4569 1173 4640 λήθη.
1215 4569 1302 4621 Ἐν
1336 4569 1446 4639 γὰρ
1474 4572 1594 4632 ταῖς
1633 4572 1788 4640 ἐρχο-

177 4752 269 4788 ται
297 4755 312 4768 ο
341 4737 526 4804 οὕτως
551 4741 637 4794 ἀεὶ
662 4741 838 4810 λέγων
857 4745 937 4810 τῷ
954 4743 1159 4816 ῥήματι
1189 4743 1309 4796 καθ’
1338 4743 1420 4795 ὅτι
1441 4742 1541 4813 ήδη
1563 4745 1618 4798 αἱ
1643 4743 1782 4814 ήμέ-

186 4843 274 4892 ραι
299 4831 624 4902 ἐρχόμεναι,
663 4832 734 4886 τὰ
764 4833 943 4888 πάντα
965 4835 1259 4908 ἐπελήσθη.

255 5008 320 5060 El
355 5003 456 5063 οὖν
489 5012 518 5063 6
549 5012 650 5082 μὲν
675 5013 838 5081 σοφὸς
871 5014 1026 5084 ζητεί
1057 5015 1269 5084 σοφίαν,
1314 5018 1344 5070 6
1385 5018 1443 5073 δέ
1473 5017 1675 5090 ἀφρων
1701 5017 1778 5089 τῷ

178 5094 408 5168 θανάτῳ
443 5101 546 5170 τῆς
573 5101 742 5173 λήθης
769 5105 1125 5175 ἐνηφανίσθη,
1149 5107 1288 5171 πῶς,
1314 5109 1470 5177 φησι,
1497 5109 1676 5177 λέγεις
1695 5111 1796 5164 ὅτι

178 5187 552 5243 ἀποθανεῖται
583 5195 612 5246 6
649 5194 811 5262 σοφὸς
854 5195 991 5264 μετά
1022 5196 1118 5249 τοῦ
1148 5198 1382 5269 ἄφρονος
1413 5217 1428 5265 ;
1482 5200 1582 5254 Διά
1627 5201 1783 5255 τοῦτο

178 5281 295 5343 τοῖς
348 5282 504 5336 κατὰ
549 5287 648 5355 τὴν
684 5287 830 5359 ζωὴν
871 5289 1076 5360 ταύτην
1125 5291 1583 5362 ἐσπουδασμένοις
1633 5293 1782 5364 αὐτῷ

180 5369 492 5437 ἀλγύνεται
525 5375 618 5425 καὶ
650 5376 1057 5446 ἐπαισχύνεται,
1089 5381 1183 5434 κα)⁵
1215 5383 1392 5451 μισεῖν
1426 5381 1571 5449 λέγει
1605 5384 1782 5438 πάντα

177 5460 282 5514 ὅσα
312 5461 478 5530 αὑτῷ
505 5463 639 5532 πρὸς
666 5467 764 5537 τὴν
787 5467 930 5537 ζωὴν
957 5470 1160 5540 ταύτην
1191 5472 1576 5540 ἐσπούδασται,
1601 5475 1783 5545 ὅμοιον

178 5554 420 5621 πάσχων
455 5551 648 5625 ὥσπερ
681 5556 747 5609 ἂν
779 5557 833 5610 εί
859 5577 940 5622 τις
976 5565 1419 5634 φαρμακωμένου
1446 5565 1661 5636 μέλιτος
1689 5571 1783 5623 ἀν-

175 5642 352 5707 αιδῶς
378 5647 721 5716 ἐμφορηθεὶς
750 5651 814 5702 ἐκ
843 5650 1196 5723 λαιμαργίας,
1225 5651 1344 5710 εἶτα
1377 5660 1458 5722 είς
1482 5659 1653 5730 χυμὸν
1682 5663 1782 5714 αὑ-

1874 2119 2276 2173 pervacaneum
2316 2105 2426 2161 dixi
2467 2107 2522 2162 in
2557 2108 2724 2164 corde
2759 2123 2881 2164 meo
2911 2126 2924 2163 :
2959 2109 3163 2163 stultus
3190 2122 3256 2161 ex
3273 2120 3456 2172 super-

1875 2195 2216 2251 abundantia
2253 2197 2517 2268 loquitur.
2563 2198 2675 2254 Iloc
2713 2213 2931 2270 quoque
2962 2205 3049 2254 est
3075 2197 3309 2251 vanitas.
3338 2193 3452 2247 Non

1875 2292 1959 2340 est
2015 2285 2280 2340 memoria
2331 2287 2607 2356 sapientis
2661 2304 2786 2342 cum
2846 2288 3014 2345 stulto
3067 2287 3123 2341 in
3168 2296 3452 2342 attentum.

1875 2372 2111 2429 Damnat
2143 2375 2288 2430 enim
2314 2376 2454 2431 hanc
2487 2376 2882 2447 objectionem,
2940 2387 3000 2432 ut
3046 2389 3455 2446 supervacaneo

1876 2471 1930 2520 et
1954 2480 2064 2519 non
2103 2477 2512 2537 consequenter
2543 2469 2780 2536 illatam,
2838 2475 2892 2524 et
2938 2483 3262 2524 sermonem
3297 2477 3455 2522 vocat

1877 2556 2249 2626 insipientem,
2285 2559 2379 2629 qui
2413 2574 2525 2613 non
2555 2569 2640 2616 est
2665 2577 2734 2616 ex
2778 2559 3104 2626 reconditis,
3142 2574 3320 2628 neque
3361 2572 3456 2611 ex-

1875 2650 2148 2719 promitnr
2174 2666 2240 2705 ex
2263 2651 2495 2707 internis
2537 2652 2826 2723 sapientia
2865 2651 3168 2721 penuariis,
3212 2651 3307 2705 sed
3367 2659 3451 2704 est

1877 2744 2081 2798 mentis
2112 2743 2286 2798 veluti
2326 2744 2610 2814 quoddam
2652 2750 3093 2808 excrementum,
3137 2749 3197 2796 ut
3227 2743 3321 2812 qui
3373 2741 3455 2796 in-

1877 2843 1993 2892 star
2022 2849 2229 2904 spumae
2257 2848 2578 2908 exspuaurt.
2598 2834 2821 2892 Stultus
2850 2834 2996 2890 enim
3018 2850 3082 2888 ex
3115 2833 3455 2904 superabun-

1878 2927 2066 2982 dantia
2095 2926 2358 2997 loquitur.
2381 2925 2476 2982 Sic
2494 2934 2680 2982 autem
2705 2927 2787 2981 uti
2811 2942 3092 2994 sermone,
3120 2940 3320 2979 vanum
3345 2934 3450 2986 est.

1877 3027 1932 3074 et
1957 3019 2092 3072 nihil
2118 3018 2274 3074 alIert
2305 3019 2608 3084 commodi,
2634 3034 2761 3074 cum
2795 3020 2917 3090 ejus
2948 3032 3056 3074 non
3086 3018 3156 3074 sit
3182 3017 3335 3071 aliud
3369 3018 3454 3070 in-

1880 3111 2138 3165 stitutum
2198 3110 2256 3164 in
2296 3110 2400 3165 hoc
2440 3111 2605 3175 libro,
2648 3125 2814 3180 quam
2863 3118 2924 3165 ut
2963 3108 3295 3180 persuadeat
3347 3123 3456 3162 non

1881 3203 2082 3257 intueri
2111 3218 2176 3257 ea
2212 3218 2333 3273 qua-
2357 3209 2642 3272 apparent.
2675 3201 2814 3257 Nam
2837 3204 2932 3272 qui
2965 3201 3314 3267 contradicit,
3330 3214 3458 3254 con-

1886 3293 2056 3348 tendit
2082 3309 2150 3348 ex
2179 3293 2248 3350 iis
2274 3308 2396 3363 quae
2427 3292 2680 3348 videntur
2709 3312 2724 3348 :
2763 3309 2829 3347 ex
2865 3294 2932 3348 iis
2959 3294 3106 3348 enim
3126 3307 3247 3362 quae
3271 3290 3460 3346 viden-

1887 3392 1974 3438 tur
2000 3391 2085 3438 est
2118 3398 2289 3438 mors.
2317 3383 2590 3449 Quidnam
2614 3392 2799 3438 autem
2830 3382 3009 3438 dicit?
3053 3383 3219 3438 Bonae
3243 3391 3299 3439 et
3338 3397 3460 3438 sce-

1882 3475 2063 3530 leratae
2108 3476 2230 3529 vita:
2264 3490 2373 3529 non
2405 3475 2459 3528 in
2501 3476 2604 3529 hoc
2642 3482 2727 3529 est
2764 3473 3058 3544 judicium,
3101 3475 3262 3545 quasi
3295 3489 3460 3545 opor—

1881 3573 2022 3620 teret
2057 3565 2351 3621 scelestum
2387 3565 2563 3620 solum
2598 3567 2735 3619 mori
2761 3565 3253 3636 corporezbonum
3279 3571 3461 3619 autem

1882 3672 2112 3712 manere
2139 3667 2416 3726 expertem
2448 3655 2643 3712 mortis
2672 3657 2925 3727 corporis
2945 3697 2961 3724 ,
3015 3664 3074 3711 ut
3114 3656 3206 3726 qui
3246 3655 3461 3710 nesciat

1883 3748 1940 3803 in
1978 3761 2216 3817 quonam
2249 3747 2325 3802 sit
2369 3746 2594 3801 virtutis
2645 3747 3062 3812 immortalitas,
3118 3757 3173 3802 et
3215 3761 3465 3817 quasnam
3541 3787 3546 3792 .

1883 3839 1957 3896 sit
1987 3853 2139 3893 mors
2165 3853 2355 3893 eorum
2381 3837 2477 3908 qui
2512 3837 2708 3893 vivunt
2734 3839 2788 3893 in
2819 3839 2970 3895 vitio.
3018 3839 3152 3892 Nam
3200 3840 3465 3910 sapientis

1883 3931 2128 4001 quidem,
2168 3929 2373 4000 inquit,
2410 3929 2676 3984 memoria
2728 3931 2865 3985 vivit
2912 3930 2968 3984 in
3015 3939 3362 4001 perpetuum,
3409 3937 3465 3985 et

1885 4020 2048 4076 simul
2070 4035 2194 4075 cum
2235 4035 2352 4075 aevo
2380 4019 2638 4076 universo
2694 4021 3012 4077 extenditur
3062 4042 3076 4077 :
3119 4038 3242 4076 cum
3297 4023 3467 4076 stulto

1886 4121 2072 4168 autem
2130 4113 2507 4184 exstinguitur
2557 4114 2678 4185 ejus
2729 4116 3018 4170 memoria.
3080 4114 3156 4170 De
3197 4114 3467 4185 ejusmodi

1885 4204 2033 4260 enim
2080 4204 2398 4260 hominibus
2433 4207 2510 4259 ait
2562 4206 2728 4262 etiam
2783 4205 3105 4276 Propheta:
3145 4205 3316 4262 Periit
3353 4221 3467 4261 me-

1886 4296 2061 4351 moria
2088 4310 2281 4351 eorum
2317 4297 2468 4352 clare
2499 4311 2581 4351 ac.
2615 4295 2934 4352 manifeste.
2977 4298 3116 4370 §oni
3173 4298 3318 4352 enim
3364 4296 3468 4351 hoc

1885 4387 2098 4442 indicat
2126 4388 2390 4458 adjectio.
2444 4387 2567 4442 Non
2596 4397 2681 4444 est
2730 4403 2894 4459 ergo,
2933 4389 3132 4459 inquit,
3207 4389 3467 4444 memoria

1887 4478 2157 4548 sapientis
2214 4495 2342 4533 cum
2383 4480 2557 4534 stulto
2608 4481 2664 4534 in
2709 4488 2976 4535 aeternum
3012 4499 3024 4534 :
3058 4480 3152 4535 sed
3201 4479 3467 4550 sapientis

1888 4568 2108 4638 quidem
2157 4569 2270 4624 vita
2329 4570 2386 4623 in
2428 4577 2699 4624 aeternum
2743 4579 2928 4625 manet
2966 4585 3063 4640 per
3108 4569 3464 4624 memoriam:

185 4649 756 4744 μέναιςῌήμέραιςλτὰ
785 4655 964 4710 πάντα
991 4656 1083 4710 τοῦ
1121 4656 1353 4744 ἄφρονος
1385 4655 1617 4744 ἐν-λήθῃ
1639 4657 1782 4744 γίνε-

1890 4659 2116 4715 stultum
2147 4666 2330 4713 autem
2352 4658 2560 4728 excipit
2580 4657 2802 4713 oblivio.
2831 4659 2888 4715 ln
2914 4661 3259 4718 venientibus
3313 4658 3461 4713 enim

1887 4747 2086 4802 diebus
2101 4762 2439 4817 quaecunque
2460 4753 2591 4803 sunt
2608 4748 2785 4812 stulti,
2802 4751 3133 4805 mandantur
3154 4749 3420 4804 oblivioni
3450 4769 3462 4805 :

1897 4839 2005 4894 hoc
2035 4839 2206 4893 verbo
2247 4839 2414 4894 veluti
2447 4839 2663 4908 dicens,
2696 4841 2841 4910 quod
2869 4849 2928 4895 ut
2957 4841 3076 4912 jam
3106 4841 3226 4898 dies
3243 4841 3468 4897 venien-

1885 4942 1992 4999 tes,
2030 4933 2288 4988 mandata
2314 4943 2444 4990 sunt
2477 4937 2663 4990 omnia
2696 4938 2982 4993 oblivioni.

1963 5022 2021 5076 Si
2061 5037 2194 5093 ergo
2233 5024 2461 5092 sapiens
2490 5025 2712 5094 quidem
2740 5029 2944 5095 quaerit
2974 5028 3472 5098 sapientiam,stul-

1889 5120 1980 5168 tus
2007 5119 2189 5167 autem
2227 5111 2439 5167 deletur
2467 5121 2643 5170 morte
2691 5116 3010 5181 oblivionis,
3048 5116 3343 5187 quomodo,
3388 5119 3474 5172 in-

1891 5204 2034 5274 quit,
2063 5202 2205 5257 dicis
2232 5205 2565 5257 moriturum
2595 5219 2717 5259 esse
2747 5207 3052 5275 sapientem
3098 5221 3224 5260 cum
3259 5205 3472 5258 stulto?

1891 5295 1959 5350 Et
1987 5296 2112 5351 ideo
2137 5295 2270 5350 dicit
2300 5311 2358 5351 se
2403 5296 2587 5352 dolere
2619 5304 2673 5352 et
2693 5299 3022 5352 erubescere
3052 5305 3281 5367 propter
3321 5311 3386 5350 ea
3415 5299 3472 5352 in

1889 5403 2012 5458 qua:
2037 5403 2196 5443 suum
2231 5387 2477 5443 studium
2507 5391 2693 5456 posuit
2728 5390 2784 5443 in
2820 5389 2924 5443 hac
2948 5389 3081 5454 vita,
3147 5398 3204 5444 et
3235 5387 3369 5442 dicit
3409 5405 3470 5446 se

1891 5480 2080 5536 odisse
2116 5479 2301 5534 omnia
2334 5494 2570 5548 quorum
2592 5480 2708 5548 ipse
2739 5479 2795 5533 in
2820 5479 2923 5533 hac
2952 5479 3062 5531 vita
3095 5478 3280 5533 studio
3313 5485 3468 5534 tene-

1891 5572 2078 5636 batur,
2141 5579 2200 5627 ιιι
2254 5571 2342 5626 cui
2391 5571 2710 5626 usuveniret
2759 5569 3004 5640 perinde,
3054 5576 3218 5640 atque
3264 5569 3315 5624 ei
3374 5569 3469 5640 qui

1891 5661 2294 5717 medicamento
2321 5660 2479 5715 melle
2504 5659 2728 5730 perfuso
2755 5660 3123 5730 praaingluvie
3146 5659 3467 5730 impruden-

175 5734 256 5802 τῷ
284 5735 542 5806 πονηρὸν
560 5739 658 5808 τῆς
689 5740 924 5811 λιχνείας
950 5746 1404 5818 μεταϐληθείσης,
1429 5752 1487 5805 ὲν
1506 5751 1585 5822 τῷ
1609 5754 1774 5825 ἐμέτιγ

1897 5764 1981 5810 ter
2009 5753 2289 5823 impletus,
2307 5752 2505 5807 deinde
2546 5751 2602 5805 in
2631 5752 2835 5805 malum
2874 5766 3126 5821 saporem
3167 5751 3216 5806 ei
3256 5759 3466 5807 mutata

175 5827 344 5883 λάϐοι
394 5825 503 5880 τοῦ
547 5831 994 5904 ἀνακεκραμένου
1051 5838 1343 5909 φαρμάκου
1387 5843 1486 5912 τὴν
1537 5845 1774 5916 αῐσθησιι

1897 5835 2208 5908 dulcedine,
2258 5845 2313 5898 in
2339 5843 2610 5899 vomendo
2660 5843 2895 5913 accipiat
2938 5859 3165 5899 sensum
3220 5843 3468 5913 permisti

174 5921 275 5976 τοῦ
315 5924 800 5997 συνεκπτυομένου
834 5929 969 5998 μετὰ
1000 5931 1092 5984 τοῦ
1120 5933 1356 6002 μέλιτος·
1405 5940 1496 5991 καὶ
1523 5938 1608 6002 διὰ
1631 5939 1784 5994 τοῦτο

1899 5939 2302 6007 medicamenti,
2331 5936 2477 6009 quod
2511 5938 2676 5994 simul
2705 5953 2830 5994 cum
2863 5939 3020 5995 melle
3043 5938 3330 6006 exspuitur
3360 5954 3373 5990 :
3414 5950 3464 5992 et
