3844 6414
453 514 551 569 69⁸

1656 516 1714 571 S.
1756 513 2085 572 GREGORlI
2121 512 2457 570 NYSSSENI

3610 518 3713 573 613!

460 637 582 680 ideo
600 633 822 695 propter
837 622 1105 679 amaroris
1138 625 1456 681 memoriam
1479 625 1585 680 mel
1624 625 1807 681 oderit
1843 645 1857 681 :
1886 642 2016 697 quo-

2132 626 2198 695 τῇ
2233 626 2422 701 μνήμῃ
2452 624 2551 695 τῆς
2580 621 2772 696 ἀηδίας
2803 625 2977 695 μισῶν
3007 626 3068 680 τὸ
3103 626 3224 697 μέλι
3256 644 3269 658 ’
3311 628 3393 680 ὅτι
3424 626 3712 697 πλησμονὴ

458 719 604 771 niam
634 716 861 771 satietas
900 730 996 784 per
1026 716 1490 772 medicamentum
1523 719 1793 774 subvertit
1824 727 2032 774 stoma-

456 807 638 860 chum.
670 804 782 860 llac
812 805 879 860 de
913 820 1104 868 causa,
1135 821 1258 860 cum
1281 823 1390 861 non
1420 822 1598 878 usque
1630 808 1698 863 ad
1722 809 2028 864 satietatem

454 912 511 953 se
542 897 596 949 in
632 896 698 950 iis
716 896 1015 965 implesset,
1042 912 1164 967 qua:
1181 896 1393 953 faciunt
1422 898 1491 954 ad
1520 898 1773 964 delicias,
1795 914 2029 970 quarum

452 986 640 1041 studio
668 987 962 1041 tenebatur
998 986 1055 1040 in
1094 988 1303 1042 vomitu
1344 987 1738 1052 confessionis,
1766 996 2025 1058 tanquam

452 1079 692 1147 aliquam
742 1082 936 1134 veneni
990 1080 1383 1143 calamitatem,
1433 1096 1622 1135 eorum
1678 1096 1799 1151 quae
1844 1088 2029 1152 egerat

452 1172 713 1241 probrum
748 1186 814 1227 ac
842 1172 1085 1227 dedecus
1133 1170 1262 1226 odio
1306 1171 1519 1228 habens
1567 1182 1620 1226 et
1660 1173 2023 1236 abominans,

449 1262 651 1317 clamat
695 1277 755 1317 se
809 1262 955 1316 illam
988 1263 1173 1317 odisse
1216 1262 1408 1326 vitam,
1453 1261 1534 1317 sic
1569 1262 1759 1317 dicens
1790 1261 1858 1316 ad
1901 1276 2025 1317 ver-

449 1354 575 1407 bum
610 1371 623 1407 :
660 1372 678 1405 ι
718 1355 781 1408 Et
835 1353 964 1409 odio
1001 1354 1169 1409 habui
1198 1354 1389 1419 vitam,
1421 1354 1549 1425 quia
1592 1354 1797 1409 malum
1833 1354 2027 1409 adver-

448 1459 569 1498 sum
598 1460 683 1500 me
710 1452 815 1509 est,
839 1461 979 1516 opus
1000 1446 1151 1516 quod
1186 1444 1394 1500 factum
1428 1452 1514 1501 est
1545 1447 1650 1502 sub
1684 1446 1819 1502 sole.
1845 1466 1863 1498 ι
1907 1445 2025 1501 Non

451 1537 620 1599 enim,
645 1538 839 1606 inquit,
871 1537 963 1592 ulli
992 1538 1107 1601 alii,
1138 1536 1234 1593 sed
1262 1536 1515 1607 mihiipsi
1535 1536 2027 1609 fuimalusiisquaa

448 1628 552 1681 feci
588 1629 692 1683 sub
718 1629 851 1683 sole.
882 1627 1011 1681 Mihi
1041 1626 1187 1683 enim
1206 1628 1343 1683 nihil
1373 1634 1486 1682 stat
1514 1643 1707 1683 eorum
1730 1643 1853 1699 qua:
1880 1628 2022 1683 facta

446 1728 578 1774 sunt
606 1735 620 1772 :
652 1719 747 1774 sed
773 1718 957 1789 opinio
985 1725 1143 1775 erant
1166 1719 1353 1773 omnia
1381 1718 1436 1773 in
1464 1734 1587 1789 quae
1613 1718 1855 1774 studium
1890 1734 2027 1773 con-

445 1809 710 1875 ferebam,
756 1818 811 1865 et
837 1812 1072 1880 impetus
1128 1810 1287 1866 liberi
1340 1810 1557 1864 arbitrii
1606 1819 1662 1865 et
1711 1810 2020 1865 electionis.

442 1900 641 1955 Omnia
668 1902 812 1956 enim
833 1902 1049 1957 vanitas
1084 1910 1141 1957 et
1189 1902 1503 1957 voluntaria
1532 1901 1730 1957 electio
1767 1902 2018 1970 spiritus,

2131 714 2220 768 διὰ
2269 714 2364 768 τοῦ
2417 716 2709 787 φαρμάκου
2766 718 2864 789 τὴν
2913 718 3228 789 ἀνατροπὴν
3287 720 3711 789 κατειργάσατο.

2130 806 2332 860 Τούτου
2388 806 2547 877 χάριν
2574 845 2589 871 ,
2635 808 2696 861 οὐ
2761 807 2921 879 μέχρι
2976 808 3139 880 κόρου
3174 809 3282 861 τῶν
3330 807 3467 879 πρὸς
3498 807 3711 879 τρυφὴν

2133 896 2581 967 σπουδαζομένων
2602 898 2792 952 ἑαυτὸν
2815 900 3103 971 ἐμπλήσας
3125 901 3184 952 ὲν
3204 899 3283 970 τῷ
3304 899 3404 969 τῆς
3427 897 3714 967 ἐξαγορεύ-

2131 1005 2268 1051 σεως
2298 988 2503 1059 ὲμέτῳ,
2536 990 2786 1061 καθάπερ
2813 991 2954 1055 τινὸς
2973 991 3297 1064 δηλητηρίου
3328 991 3591 1061 ποιότητα
3610 994 3714 1065 τὴν

2131 1078 2225 1131 ἐπὶ
2278 1081 2390 1141 τοῖς
2432 1080 2840 1150 πεπραγμένοις
2876 1080 3138 1150 αἰσχύνην
3167 1080 3479 1151 σικχανθείς
3508 1098 3572 1134 τε
3618 1083 3714 1134 καὶ

2132 1168 2516 1239 βδελυξάμενος
2541 1208 2556 1233 ,
2605 1172 2781 1239 μισεῖν
2829 1169 2927 1239 βοᾷ
2959 1170 3059 1241 τὴν
3102 1170 3246 1239 ζωὴν
3267 1171 3484 1241 ἐκείνην
3534 1171 3713 1238 λέγων

2125 1266 2329 1319 οὑτωσὶ
2352 1266 2495 1319 κατὰ
2527 1266 2625 1336 τὴν
2656 1264 2822 1341 λέξιν,
2844 1265 2925 1318 ὃτι
2956 1283 2975 1316 ι
3000 1265 3108 1317 Καὶ
3134 1265 3373 1335 ἐμίσησα
3404 1266 3507 1335 τὴν
3541 1264 3713 1336 ζωὴν,

2127 1358 2210 1411 ὅτι
2248 1357 2481 1429 πονηρὸν
2510 1358 2597 1410 ἐπ’
2632 1357 2733 1426 ἐμὲ
2760 1356 2821 1409 τὺ
2858 1357 3071 1427 ποίημα
3100 1357 3160 1410 τὸ
3197 1358 3570 1427 πεποιημένον
3604 1359 3715 1411 ὑπὸ

2126 1448 2219 1500 τὸν
2260 1447 2431 1517 ἥλιον.
2473 1464 2492 1497 ι
2531 1447 2606 1499 Ού
2640 1446 2749 1518 γὰρ
2793 1447 2937 1518 ἄλλῳ
2968 1449 3097 1510 τινὶ,
3134 1448 3317 1519 φησὶν,
3346 1448 3460 1501 ἀλλ’
3482 1449 3712 1520 ἐμαυτῷ

2125 1540 2325 1609 γέγονα
2350 1539 2606 1610 πονηρὸς,
2630 1534 2711 1602 οἷς
2740 1537 2973 1608 ἐποίησα
3002 1538 3107 1591 ὑπὸ
3138 1538 3228 1591 τὸν
3258 1538 3431 1608 ἥλιον.
3468 1540 3714 1610 Ἕστηκε

2126 1630 2236 1701 γάρ
2268 1646 2358 1700 μοι
2389 1628 2499 1681 τῶν
2529 1626 2835 1699 γενομένων
2861 1628 3047 1680 οὐδέν·
3085 1628 3201 1681 ἀλλ’
3227 1630 3402 1699 οῐησις
3423 1624 3494 1698 ἦν
3528 1630 3717 1683 πάντα

2123 1720 2195 1774 τὰ
2239 1718 2649 1790 σπουδαζόμενα
2674 1759 2688 1783 ,
2740 1720 2834 1773 καὶ
2863 1719 3008 1789 ὁρμὴ
3048 1720 3441 1790 προαιρέσεως.
3476 1719 3559 1773 Τά
3598 1721 3716 1791 γὰρ

2124 1816 2301 1868 πάντα
2335 1814 2665 1885 ματαιότης,
2713 1813 2808 1865 καὶ
2842 1813 3160 1882 προαίρεσις
3190 1812 3515 1881 πνεύματος,
3550 1814 3713 1882 φησί.

2123 1907 2235 1961 Καὶ
2267 1905 2425 1969 ἄλλος
2453 1906 2601 1974 λέγει
2636 1904 2826 1975 μίσους
2870 1903 3029 1967 ἀξίαν
3066 1899 3205 1958 εἶναι
3237 1903 3335 1974 τὴν
3384 1897 3489 1957 ὧδε
3524 1919 3717 1955 σπου-

442 1992 642 2062 inquit.
668 1991 734 2045 Et
760 1993 898 2047 alter
923 1994 1059 2048 dicit
1093 1991 1222 2048 odio
1250 2008 1372 2049 esse
1397 1992 1624 2065 dignum
1648 1992 1793 2063 quod
1820 1993 1874 2046 in
1903 1993 2016 2048 haec

2125 1996 2240 2067 δὴν,
2278 1997 2360 2049 ὅτι
2392 1996 2467 2066 μὴ
2501 1993 2677 2065 ἑαυτῷ
2716 2010 2822 2058 τις,
2860 1993 2996 2046 ἀλλὰ
3040 1992 3118 2063 τῷ
3162 1993 3279 2064 μεθ’
3309 1994 3500 2048 ἑαυτὸν
3530 1995 3715 2058 πονεῖ,

438 2084 723 2140 confertur
746 2086 1009 2153 studium,
1050 2087 1198 2157 quod
1237 2085 1510 2156 quispiam
1544 2099 1651 2139 non
1689 2083 1818 2150 sibi,
1848 2083 1945 2141 sed
1968 2086 2019 2140 ei

441 2175 536 2244 qui
561 2190 686 2246 p05t
710 2191 769 2231 se
802 2176 1023 2233 futurus
1043 2185 1149 2241 est,
1179 2177 1390 2231 laborat
1426 2175 1795 2245 quodcunque
1829 2175 1883 2229 in
1916 2175 2021 2230 hac

440 2270 555 2321 vita
586 2269 698 2322 acri
729 2269 913 2324 studio
944 2268 1206 2334 eﬁ‘ecerit,
1232 2270 1471 2332 navalia,
1519 2277 1733 2339 portus,
1786 2268 2018 2338 praecla-

441 2375 534 2415 ras
555 2372 617 2415 ac
649 2362 965 2432 magnificas
994 2364 1534 2433 propugnaculorum
1561 2370 1615 2417 et
1652 2360 2015 2417 aediﬁciorum

441 2458 777 2518 structuras,
802 2453 1095 2520 vestibula,
1125 2454 1264 2508 atria
1290 2462 1345 2509 et
1372 2463 1573 2521 turres,
1600 2453 1859 2524 pulchras
1892 2466 2020 2523 por-

440 2543 604 2607 ticus,
641 2544 813 2599 moles
842 2553 1219 2616 assurgentes,
1257 2553 1313 2601 et
1348 2547 1443 2616 qui
1479 2546 1534 2599 in
1579 2544 1812 2600 colenda
1872 2553 2018 2599 terra

436 2634 825 2705 suscipiuntur
849 2637 1086 2701 labores,
1131 2652 1294 2693 omne
1325 2653 1501 2709 genus
1539 2651 1787 2703 nemora,
1823 2644 2014 2708 prata-

443 2742 553 2797 que
582 2730 983 2796 amtenissima,
1032 2736 1088 2785 et
1122 2730 1326 2794 vineta,
1370 2745 1492 2801 quae
1539 2728 1830 2785 latitudine
1890 2733 2019 2783 sunt

436 2820 618 2875 instar
654 2822 846 2885 maris,
905 2831 961 2877 et
997 2823 1043 2877 si
1099 2823 1231 2893 quid
1264 2823 1415 2877 aliud
1470 2822 1747 2893 ejusmodi
1804 2819 2021 2879 laborat

436 2911 755 2981 quicunque
794 2910 1147 2977 laboraverit,
1195 2910 1402 2967 fruitur
1432 2919 1614 2966 autem
1664 2909 1760 2980 qui
1796 2917 1922 2979 post
1952 2906 2019 2963 il-

437 3000 551 3055 lum
579 3001 745 3057 vitam
776 3003 911 3073 agit.

509 3089 782 3145 Incertum
816 3098 903 3147 est
932 3098 1116 3146 autem
1159 3105 1291 3145 num
1326 3089 1445 3144 vitii
1491 3088 1782 3144 materiam
1822 3088 2016 3159 copias

437 3188 495 3237 et
521 3195 653 3253 opes
688 3182 763 3237 sit
792 3181 1109 3239 eﬂ‘ecturus.
1162 3182 1285 3238 Non
1315 3192 1401 3238 est
1432 3183 1580 3239 enim
1618 3181 2016 3253 quorumlibet,

437 3272 776 3343 cognitionis
805 3287 971 3328 causa
1002 3273 1296 3329 demittere
1339 3288 1561 3329 sensum
1593 3274 1660 3327 ad
1702 3271 2013 3327 faciendum

439 3359 635 3415 harum
670 3376 852 3417 rerum
875 3363 1201 3431 periculum.
1232 3362 1391 3429 Quod
1419 3362 1641 3433 quidem
1659 3377 1781 3432 ego,
1806 3362 2011 3431 inquit,

439 3450 546 3505 feci
609 3451 682 3505 ob
741 3451 1091 3521 sapientiam.
1150 3451 1289 3507 Cum
1344 3452 1597 3507 sivissem
1649 3452 1797 3506 enim
1843 3450 2016 3506 veluti

436 3540 727 3608 quemdam
766 3542 997 3612 pullum,
1052 3550 1265 3597 natura:
1316 3542 1705 3613 appetitionem
1748 3540 1920 3596 libere
1958 3540 2016 3594 in

434 3632 790 3689 inferioribus
845 3648 1145 3705 parumper
1197 3634 1478 3690 exsultare
1513 3634 1686 3689 animi
1748 3632 2013 3697 motibus,

434 3736 557 3777 eam
587 3737 782 3778 rursus
814 3724 1059 3794 repressi
1088 3722 1319 3779 habenis
1365 3721 1623 3786 rationis,
1657 3729 1712 3777 et
1741 3720 1865 3791 ejus
1886 3720 2017 3776 sub-

430 3811 539 3881 jeei
577 3813 853 3883 potestati.
914 3813 1071 3882 Quis,
1123 3813 1328 3883 inquit,
1377 3813 1483 3869 scit
1531 3828 1603 3868 an
1658 3813 1751 3869 ille
1791 3828 2016 3885 quoque

433 3905 529 3975 qui
560 3917 684 3977 post
721 3922 823 3963 nos
856 3907 911 3960 in
946 3907 1033 3961 bis
1067 3905 1252 3975 fuerit,
1299 3907 1570 3976 voluptati
1604 3907 1920 3977 imperabit,
1960 3914 2015 3962 et

434 4012 546 4051 non
590 3999 709 4066 ipse
742 3998 927 4065 potius
967 3997 1191 4060 serviet,
1252 3998 1421 4053 veluti
1468 3996 1746 4067 quoddam
1803 3996 2015 4052 manci-

437 4089 612 4157 pium,
648 4087 944 4157 voluptatis
966 4089 1225 4157 potestati
1260 4104 1320 4143 se
1347 4088 1712 4144 submittens?
1749 4087 2014 4158 Propter-

434 4194 523 4243 ea,
565 4179 765 4249 inquit,
800 4193 902 4249 ego
929 4179 1249 4235 universum
1285 4181 1534 4236 laborem
1559 4194 1739 4235 meum
1760 4179 1889 4235 odio
1917 4179 2016 4234 ba-

428 4271 552 4336 -bui,
593 4288 754 4343 quem
783 4272 972 4328 laboro
1002 4272 1106 4328 sub
1138 4274 1257 4328 sole
1294 4272 1591 4344 :quoniam
1639 4287 1764 4328 eum
1792 4271 2012 4326 dimitto

436 4363 644 4420 homini
676 4365 767 4435 qui
820 4373 943 4435 post
987 4380 1074 4420 me
1115 4374 1279 4421 natus
1316 4371 1420 4421 est.
1487 4362 1622 4430 Quis
1665 4374 1847 4418 autem
1909 4364 2047 4419 scit,

436 4456 728 4524 sapiensne
762 4456 867 4510 erit
895 4471 962 4509 an
1013 4455 1239 4521 stultus,
1282 4462 1337 4509 et
1371 4468 1439 4509 an
1489 4460 1813 4524 potestatem
1850 4466 2011 4507 exer-

434 4544 580 4601 cebit
604 4547 659 4600 in
694 4547 845 4601 omni
886 4547 1076 4603 labore
1111 4560 1233 4601 meo
1264 4560 1428 4615 quem
1473 4544 1741 4607 laboravi,
1791 4552 1847 4598 et
1889 4556 2011 4598 mea

2127 2087 2262 2157 ὄπερ
2295 2086 2362 2140 ἂν
2386 2087 2445 2137 ὲν
2474 2087 2540 2156 τῇ
2586 2084 2698 2155 ζωῇ
2727 2083 2902 2157 ταύτῃ
2950 2084 3096 2137 κατὰ
3136 2084 3371 2154 σπουδὴν
3400 2085 3714 2155 ἐνεργήσας

2127 2178 2301 2247 τύχοι,
2338 2176 2558 2246 νεώρια,
2595 2175 2840 2246 λιμένας,
2871 2176 2970 2239 τὰς
3013 2176 3275 2248 λαμπράς
3312 2192 3372 2228 τε
3412 2176 3506 2229 καὶ
3540 2176 3714 2229 πολυ-

2127 2268 2298 2330 τελεῖς
2339 2267 2445 2320 τῶν
2491 2266 2767 2333 ἑπάλξεών
2805 2284 2866 2319 τε
2913 2268 3007 2320 καὶ
3047 2268 3497 2338 οἰκοδομημάτων
3540 2284 3717 2323 κατα-

2129 2360 2348 2422 σκευὰς,
2379 2357 2689 2427 προπύλαιά
2711 2374 2770 2411 τε
2799 2357 2892 2410 καὶ
2913 2357 3174 2429 πύργους,
3197 2358 3292 2411 καὶ
3314 2358 3487 2428 κάλλη
3511 2358 3714 2424 στοιῖιν,

2127 2447 2485 2519 ἁναστήματά
2513 2464 2605 2513 τε,
2638 2447 2736 2511 τάς
2769 2464 2829 2500 τε
2874 2448 3015 2503 κατὰ
3041 2448 3145 2519 γῆν
3190 2449 3474 2521 φιλεργίας
3496 2487 3512 2513 ,
3569 2449 3714 2519 ἄλση

2130 2536 2447 2592 παντοδαπὰ
2474 2576 2491 2603 ,
2544 2537 2639 2590 καὶ
2680 2535 2959 2607 λειμώνων
2992 2536 3162 2609 κάλλη
3186 2577 3202 2603 ,
3253 2540 3348 2591 καὶ
3373 2538 3714 2608 ἀμπελῶνας

2132 2630 2499 2700 μιμουμένους
2525 2628 2595 2682 τὰ
2632 2628 2844 2699 πελάγη
2872 2631 2984 2694 τοῖς
3011 2629 3256 2697 πλάτεσι,
3288 2632 3384 2684 καὶ
3416 2632 3471 2684 εί
3494 2648 3551 2683 τι
3581 2630 3713 2684 ἄλλο

2125 2718 2365 2772 τοιοῦτον
2396 2721 2547 2773 πονεῖ
2588 2719 2685 2789 μὲν
2714 2720 2885 2789 ὅσπερ
2922 2719 2988 2774 ἂν
3024 2720 3166 2793 τύχῃ
3195 2722 3457 2792 πονήσας,
3491 2721 3713 2793 μετέχει

2123 2809 2185 2865 δὲ
2212 2812 2241 2864 ὁ
2275 2809 2391 2880 μετ’
2423 2810 2630 2864 ἐκεῖνον
2662 2809 2946 2879 ἐπιδημῶν
2977 2808 3055 2879 τῷ
3087 2810 3205 2880 βίῳ.

2195 3083 2421 3156 ’Δδηλον
2464 3084 2521 3141 δὲ
2572 3086 2619 3139 εί
2675 3085 2751 3156 μὴ
2794 3085 2994 3149 κακίας
3045 3084 3180 3155 ὕλην
3228 3085 3328 3156 τὴν
3383 3085 3712 3155 περιουσίαν

2119 3174 2437 3245 ποιήσηται.
2487 3174 2561 3228 Οὐ
2595 3175 2703 3246 γὰρ
2747 3176 2965 3231 πάντων
2997 3176 3115 3228 ἐστὶ
3141 3175 3203 3229 τὸ
3236 3173 3491 3243 γνώσεως
3518 3175 3709 3229 ἕνεκεν

2119 3266 2199 3328 είς
2227 3264 2325 3336 τὴν
2354 3265 2463 3318 τῶν
2499 3265 2755 3320 τοιούτων
2804 3269 2997 3338 πεῖραν
3031 3267 3273 3323 καθεῖναι
3300 3267 3400 3337 τὴν
3426 3267 3706 3337 αἴσθησιν.

2121 3353 2300 3425 Ὅπερ
2342 3354 2473 3423 ἐγὼ,
2503 3356 2688 3427 φησὶν,
2721 3356 2826 3409 ὑπὸ
2860 3356 3053 3425 σοφίας
3086 3356 3381 3427 πεποίηκα.
3433 3355 3575 3409 Κατ’
3620 3356 3711 3422 ἐξ·

2117 3446 2323 3512 ουσίαν,
2357 3442 2466 3501 οἷόν
2495 3465 2615 3501 τινα
2660 3447 2860 3515 πῶλον,
2904 3448 3004 3519 τὴν
3030 3450 3129 3519 τῆς
3158 3447 3371 3516 φύσεως
3399 3448 3581 3519 ὁρμὴν
3619 3466 3710 3517 μι-

2117 3537 2249 3608 κρὸν
2296 3538 2454 3607 ἀφεὶς
2501 3539 2890 3609 ὲπισκιρτῆσαι
2937 3542 3053 3603 τοῖς
3094 3539 3246 3593 κάτω
3285 3537 3505 3601 πάθεσι,
3540 3538 3708 3593 πάλιν

2113 3629 2474 3701 ἀνεστόμωσα
2524 3633 2591 3702 τῇ
2644 3631 2738 3685 τοῦ
2788 3631 3052 3703 λογισμοῦ
3101 3631 3249 3703 ἡνίᾳ,
3284 3631 3378 3685 καὶ
3410 3634 3480 3704 τῇ
3508 3631 3706 3686 τούτου

2117 3719 2338 3791 ἐξουσίᾳ
2388 3722 2691 3792 ὑπήγαγον.
2722 3722 2819 3786 Τίς
2864 3718 2995 3789 οἶδε,
3032 3723 3217 3793 φησιν,
3248 3723 3297 3775 εί
3326 3723 3580 3784 κάκεῖνος
3612 3723 3705 3776 ὅσα

2113 3831 2198 3878 τις
2222 3814 2353 3867 ποτὲ
2387 3815 2505 3884 μεθ’
2531 3817 2675 3885 ἡμᾶς
2710 3816 2768 3869 ἐν
2792 3815 3012 3880 τούτοις
3043 3816 3355 3886 γενόμενος,
3394 3814 3707 3880 ὲξουσιάσει

2111 3903 2216 3976 τῆς
2266 3905 2639 3970 ἀπολαύσεως,
2691 3906 2787 3959 καὶ
2827 3907 2929 3961 οὐκ
2992 3908 3175 3970 αὐτοῖς
3231 3906 3433 3977 μᾶλλον
3481 3923 3703 3977 κυριευ-

2114 3996 2361 4067 θήσεται,
2388 3992 2499 4053 οἷόν
2536 4016 2589 4052 τι
2618 3997 2950 4069 ἀνδράποδον
2977 4002 3040 4069 τῇ
3072 3997 3361 4069 δυναστείᾳ
3383 3999 3483 4067 τῆς
3506 3998 3701 4069 ἡδονῆς

2104 4087 2431 4159 ,ὑποκύψας
2465 4092 2566 4145 Διὰ
2584 4089 2763 4154 τοῦτο,
2793 4091 2977 4160 φησιν,
3001 4089 3243 4160 ἐμίσησα
3269 4088 3381 4158 ἐγὼ
3403 4089 3701 4159 σύμπαντα

2111 4178 2203 4233 τὸν
2236 4179 2435 4253 μόχθον
2471 4197 2572 4251 μου
2617 4180 2678 4235 ὃν
2729 4179 2841 4248 ἐγὼ
2886 4180 3073 4253 μοχθῶ
3121 4182 3227 4235 ὑπὸ
3265 4182 3357 4236 τὸν
3384 4181 3568 4251 ἥλιον
3615 4182 3700 4234 ὅτι

2112 4273 2260 4343 ἀφίω
2287 4275 2451 4327 αὑτὸν
2476 4274 2553 4345 τῷ
2579 4273 2851 4347 ἀνθρώπῳ
2870 4275 2948 4346 τῷ
2977 4275 3254 4347 γενομένῳ
3284 4278 3403 4329 κατ’
3436 4275 3561 4345 ἐμέ.
3585 4275 3699 4330 Καὶ

2109 4365 2195 4428 τίς
2224 4360 2384 4429 οἶδεν,
2429 4367 2477 4419 εί
2509 4366 2671 4435 σοφὸς
2702 4366 2855 4420 ἔσται
2893 4367 2927 4437 ἦ
2974 4368 3195 4440 ἄφρων,
3240 4368 3336 4421 καὶ
3365 4368 3414 4421 εἰ
3441 4368 3689 4434 ἐξουσιά-

2114 4471 2267 4509 σεται
2295 4457 2353 4507 ὲν
2385 4456 2547 4510 παντὶ
2574 4456 2757 4528 μόχθῳ
2788 4474 2891 4528 μου
2919 4450 2965 4525 ᾦ
2992 4458 3273 4528 ἐμόχθησα
3312 4457 3405 4511 καὶ
3434 4458 3689 4525 ὲσοφισά-

2116 4564 2225 4619 μην
2248 4547 2356 4600 ὑπὸ
2378 4547 2470 4600 τὸν
2498 4548 2679 4618 ἥλιον;
2710 4548 2927 4621 Ταύτην
2950 4551 3059 4621 γὰρ
3080 4546 3233 4620 οἶμαι
3255 4548 3349 4602 τοῦ
3380 4547 3545 4620 ῥητοῦ
3570 4548 3693 4602 τούς

436 4636 707 4692 industria
738 4638 1047 4707 excogitavi
1078 4638 1181 4692 sub
1206 4637 1356 4691 sole?
1405 4635 1673 4691 Existimo
1710 4635 1856 4690 enim
1887 4649 2010 4689 esse

2121 4655 2207 4693 του
2238 4634 2379 4692 εἶναι
2420 4638 2519 4710 τὴν
2550 4639 2779 4707 ἔννοιαν,
2822 4641 2885 4693 τὸ
2916 4641 2991 4712 μὴ
3030 4641 3193 4694 πάθει
3233 4640 3396 4694 αὑτὸν
3432 4640 3570 4710 πρὸς
3604 4640 3693 4691 τὸν

434 4727 584 4781 hunc
620 4744 844 4783 sensum
879 4730 1046 4798 hujus
1080 4728 1233 4793 dicti,
1286 4728 1433 4799 quod
1475 4742 1583 4781 non
1622 4727 1808 4796 aliqua
1839 4724 2010 4779 animi

432 4820 847 4890 perturbatione
872 4820 1129 4890 delapsus
1157 4820 1228 4875 sit
1277 4819 1347 4874 ad
1374 4820 1515 4873 hanc
1546 4818 1713 4872 vitam
1761 4816 2013 4888 volupta-

433 4914 596 4978 riam,
660 4911 758 4969 sed
789 4912 855 4967 ad
883 4928 1003 4967 eam
1034 4912 1249 4966 venerit
1275 4910 1513 4981 quadam
1549 4910 1765 4963 ratione
1803 4909 2014 4978 Sapien-

431 5006 540 5069 tiae,
602 5010 662 5057 ut
713 5003 808 5073 qui
871 5005 919 5057 ei
965 5004 1249 5072 imperans
1299 5001 1421 5072 ejus
1483 5000 1650 5057 fuerit
1705 5002 2006 5071 particeps,

429 5112 541 5152 non
573 5103 753 5149 autem
791 5109 987 5165 parens
1015 5094 1134 5163 ejus
1158 5094 1405 5162 imperio.
1436 5089 1572 5157 Quis
1600 5105 1731 5162 ergo
1761 5092 1887 5153 scit,
1926 5090 2013 5143 in-

428 5189 573 5260 quit,
605 5203 673 5242 an
700 5188 795 5259 qui
836 5194 962 5258 post
984 5200 1069 5241 mc
1102 5192 1188 5241 est
1219 5183 1462 5251 futurus,
1492 5200 1681 5240 eorum
1712 5198 1820 5238 nou
1858 5197 2015 5253 parc-

428 5282 509 5336 bit
547 5281 803 5351 imperio,
854 5294 976 5349 quae
1023 5294 1125 5350 ego
1176 5278 1420 5333 laboravi
1462 5292 1572 5332 non
1619 5291 1715 5347 per
1764 5275 2007 5345 aliquam

429 5373 596 5427 animi
623 5371 1111 5443 perturbationem,
1139 5371 1233 5425 sed
1258 5385 1354 5449 per
1380 5368 1748 5439 sapientiam?
1776 5369 1881 5422 Per
1905 5366 2010 5420 hoc

430 5466 576 5520 enim
621 5465 769 5535 quod
802 5465 1044 5520 laborem
1090 5461 1665 5529 nominavit,delicias
1710 5456 2007 5528 signiﬁcat,

430 5558 575 5626 quod
618 5574 713 5627 per
743 5558 879 5620 vim,
920 5557 1087 5613 veluti
1124 5555 1399 5626 quoddam
1439 5553 1659 5609 dillicile
1706 5558 2007 5615 certamen,

433 5647 652 5702 admisit
676 5649 972 5717 voluptatis
993 5647 1492 5717 participationem.
1520 5642 1587 5698 Et
1612 5644 1716 5697 hoc
1744 5656 1896 5713 ergo,
1933 5641 2010 5695 in-

430 5740 571 5808 quit,
604 5739 660 5794 in
696 5741 853 5795 vanis
881 5750 1219 5796 numeretur.
1250 5739 1422 5795 Porro
1448 5747 1631 5791 autem
1674 5735 1837 5791 alicui
1873 5750 2009 5805 quo«

430 5844 539 5901 que
569 5830 661 5884 alii
692 5845 761 5885 ex
804 5832 890 5886 his
919 5847 1040 5902 quae
1089 5831 1178 5887 hic
1203 5838 1356 5893 sunt,
1401 5828 1535 5884 dicit
1580 5827 1817 5883 animam
1849 5841 2005 5882 suam

433 5922 813 5987 renunciassc,
840 5931 894 5978 et
916 5923 1168 5978 oratione
1191 5923 1243 5979 id
1266 5920 1413 5991 quod
1430 5922 1544 5978 sibi
1569 5922 1685 5976 vult
1702 5919 1995 5993 signiﬁcat.

2114 4728 2515 4784 ἀπολαυστικὸν
2546 4730 2658 4801 βίον
2690 4732 3100 4802 ητολισθῆσαι,
3135 4730 3275 4785 ἁλλά
3301 4747 3407 4784 τινι
3434 4731 3576 4799 λόγῳ
3605 4746 3692 4782 σο-

2114 4821 2243 4890 φίας
2287 4821 2384 4875 ὲπὶ
2420 4821 2579 4875 τοῦτο
2624 4822 2821 4889 ἐλθεῖν,
2863 4824 2921 4877 ἐν
2969 4824 3187 4895 ἐξουσίᾳ
3232 4824 3550 4894 ποιούμενον
3593 4824 3691 4891 τὴν

2117 4912 2427 4982 μετουσίαν,
2454 4915 2546 4967 καὶ
2572 4915 2674 4968 ούκ
2705 4915 2867 4969 αὐτὸν
2897 4915 3004 4969 ὑπὸ
3029 4916 3128 4985 τῆς
3151 4915 3464 4978 δυναστείας
3486 4916 3690 4985 ταύτης

2114 5004 2646 5076 κατακρατούμενον.
2694 5006 2789 5069 Τίς
2840 5003 2933 5061 οὖν
2979 5003 3109 5074 οἶδε,
3142 5008 3411 5077 φησιν,ιεί
3441 5006 3512 5076 μὴ
3539 5007 3690 5071 ἐξου-

2114 5093 2472 5164 σιασθήσεται
2525 5096 2631 5150 ὑπὸ
2678 5096 2884 5151 τούτων
2927 5100 2956 5152 ό
2992 5099 3109 5169 μετ’
3144 5101 3279 5169 ἐμὲ,
3323 5098 3463 5169 ἅπερ
3491 5098 3555 5150 οὐ
3602 5098 3689 5150 διὰ

2112 5184 2321 5249 πάθους
2356 5186 2487 5255 ἐγὼ,
2517 5188 2653 5241 ἀλλὰ
2682 5188 2785 5243 ὑπὸ
2818 5190 3010 5258 σοφίας
3040 5190 3349 5262 ὲμόχθησα;
3396 5188 3555 5259 Δηλοῖ
3581 5189 3683 5256 γὰρ

2109 5276 2197 5331 διὰ
2218 5277 2313 5331 τοῦ
2341 5279 2539 5349 μόχθου
2559 5280 2823 5350 ὀνομάσαι
2847 5282 2945 5353 τὴν
2966 5283 3195 5353 τρυφὴν,
3219 5284 3299 5335 ὅτι
3318 5279 3682 5351 βεϐιασμένως

2110 5363 2223 5422 οἷόν
2272 5385 2395 5423 τινα
2439 5370 2945 5439 δυσκαταγώνιστον
2994 5366 3161 5425 ἆθλον
3204 5372 3303 5440 τῆς
3348 5369 3533 5441 ἡδονῆς
3584 5370 3679 5440 τὴν

2114 5461 2407 5531 μετουσίαν
2430 5463 2765 5533 προσήκατο.
2794 5463 2904 5515 Καὶ
2932 5461 3086 5515 τοῦτο
3117 5456 3231 5524 οὖν,
3268 5462 3446 5530 φησιν,
3483 5461 3539 5512 ὲν
3571 5461 3680 5519 τοῖς

2114 5553 2365 5624 ματαίοις
2398 5554 2864 5624 καταριθμείσθω.
2892 5554 3004 5607 Καὶ
3025 5554 3168 5624 ἄλλῳ
3187 5554 3246 5606 δέ
3270 5571 3371 5607 τινι
3405 5551 3549 5619 λέγει
3573 5550 3677 5603 τῶν

2108 5638 2232 5709 ὧδε,
2266 5644 2363 5715 τὴν
2397 5643 2592 5697 ἑαυτοῦ
2616 5644 2793 5716 ψυχὴν
2822 5644 3205 5714 άποτετάχθαι,
3234 5644 3327 5696 καὶ
3356 5643 3580 5711 φανεροῖ
3604 5638 3675 5708 τῷ

2108 5737 2251 5807 λογῳ
2266 5737 2295 5789 ὃ
2312 5736 2580 5806 βούλεται.
2599 5736 2959 5807 Διαὸέὸληται
2980 5736 3086 5808 γὰρ
3110 5736 3245 5805 πρὸς
3273 5735 3364 5787 τὸν
3388 5733 3487 5802 τῆς
3516 5730 3675 5804 ὀρθῆς

2108 5825 2340 5895 κρίσεως
2372 5825 2773 5897 ἁμαρτάνοντα,
2805 5826 2887 5879 ὅτι
2916 5824 3126 5895 βλέπων
3156 5823 3357 5894 ἐναργῆ
3384 5821 3491 5874 τῶν
3520 5822 3673 5874 ἐναν-

2108 5917 2237 5973 τίων
2265 5916 2396 5989 βίων
2426 5918 2523 5988 τὴν
2553 5917 2837 5989 διαφορὰν,
2861 5918 2921 5984 ἐξ
2957 5911 3033 5975 ὧν
3057 5918 3085 5971 ὁ
3120 5916 3219 5989 μὲν
3250 5916 3376 5985 περὶ
3407 5913 3510 5987 τὴν,
3542 5911 3669 5983 ἀρι-
