3844 6360
173 464 270 520 693

1256 464 1324 520 IN
1360 466 1903 525 ECCLESIASTEN.
1947 469 2231 526 llOMiLlA
2254 469 2316 524 γ.

3314 472 3421 531 694

171 577 262 648 τὴν
289 575 456 638 πονεῖ,
482 571 577 628 καὶ
606 571 739 646 πρὸς
762 573 914 628 οὐδὲν
947 573 1286 645 ἀνθρώπινον
1315 574 1412 646 τὴν
1442 574 1737 646 ἐπιθυμίαν

1850 578 2196 633 Insimulatus
2223 579 2366 633 enim
2404 578 2506 632 fuit
2539 579 2681 649 apud
2710 594 2836 634 eum
2870 580 2964 650 qui
3007 595 3038 634 a
3071 590 3234 637 recto.
3260 584 3420 638 aber-

175 667 409 734 κατάγει,
457 667 485 718 ὁ
531 665 587 717 δὲ
615 665 822 737 ἕτερος,
862 666 1005 720 κατὰ
1046 667 1108 718 τὸ
1148 665 1406 737 ἔμπαλιν,
1444 667 1606 720 πόνον
1642 668 1740 738 μέν

174 773 286 810 τινα
312 755 418 809 τῶν
447 755 713 828 ὲναρέτων
740 757 838 827 οὐχ
871 755 1166 828 ὑπομένει,
1203 756 1384 827 μόνοις
1411 756 1467 809 δὲ
1499 760 1614 822 τοῖς
1641 773 1744 812 σωὲ

177 850 414 919 ματικοῖς
435 848 652 918 μόχθοις
675 848 1145 921 ὲγκατατρίὸεται.
1182 849 1351 902 Ὅταν
1380 845 1473 903 οὖν
1498 867 1583 914 τις
1604 850 1742 921 πρὸς

173 938 349 993 τοῦτον
383 941 522 1012 φέρῃ
559 939 652 994 τοῦ
686 941 852 994 καλοῦ
899 940 998 1012 τὴν
1045 939 1242 1012 ψῆφον,
1282 940 1539 1012 παρορῶν
1563 941 1653 994 τὸν
1685 943 1744 995 ὲν

119 1053 122 1056 ’
173 1034 235 1102 τῇ
273 1031 432 1103 σοφίᾳ
461 1031 783 1104 προέχοντα,
834 1032 894 1086 οῦ
952 1033 1111 1103 μόνον
1164 1033 1419 1103 ματαίαν,
1465 1033 1600 1087 ἀλλά
1649 1032 1744 1086 καὶ

176 1123 408 1194 πονηράν
443 1125 541 1195 τὴν
567 1123 752 1178 ἄδικον
780 1124 984 1196 ταύτην
1015 1124 1370 1194 ἀποφαίνεται
1427 1125 1627 1196 κρίσιν.
1648 1124 1746 1179 Λέ-

177 1230 256 1281 γει
279 1214 334 1268 δὲ
356 1217 469 1278 τοῖς
497 1217 737 1286 ῥήμασιν
755 1214 946 1280 οὕτως’
971 1235 990 1268 ι
1013 1216 1122 1270 Καὶ
1149 1215 1480 1286 ἐπέστρεψα,
1509 1236 1530 1268 ι
1557 1217 1741 1287 φησὶν,

182 1323 199 1356 ι
220 1303 323 1373 ἐγὼ
351 1306 444 1359 τοῦ
460 1306 830 1374 ἀποτάξασθαι
857 1306 954 1378 τὴν
971 1307 1194 1378 καρδίαν
1219 1325 1319 1378 μου
1350 1308 1484 1378 πρὸς
1508 1307 1585 1378 τῷ
1599 1308 1745 1380 ἀλλῳ

180 1395 370 1466 μόχθῳ,
398 1391 444 1465 ᾧ
481 1399 760 1468 ὲμόχθησα
804 1399 910 1452 ὑπὸ
940 1399 1030 1452 τὸν
1059 1397 1231 1469 ἥλιον.
1268 1419 1286 1451 ι
1320 1399 1386 1452 Τί
1420 1394 1512 1452 οῦν
1540 1400 1687 1453 ἐστιν
1715 1399 1743 1454 ὃ

176 1488 559 1560 ἀπεταξάμην;
591 1491 712 1544 Ὅτι
740 1491 887 1545 ἔστιν
917 1492 1220 1560 ἄνθρωπος,
1245 1494 1327 1546 ὅτι
1357 1491 1554 1563 μόχθος
1576 1492 1740 1547 αὐτοῦ

177 1582 228 1633 ὲν
255 1583 408 1653 σοφίᾳ
431 1583 525 1636 καὶ
557 1585 614 1637 ὲν
637 1583 837 1652 γνώσει
867 1585 960 1638 καὶ
988 1586 1046 1638 ὲν
1070 1585 1312 1657 ἀνδρείᾳ,
1347 1586 1441 1640 καὶ
1464 1585 1622 1649 ἀλλος
1646 1587 1741 1640 ἀν-

177 1673 377 1744 θρωπος
405 1675 560 1729 οὐδὲν
587 1677 645 1730 ὲν
669 1679 782 1740 τοῖς
812 1676 1071 1740 τοιούτοις
1103 1677 1362 1749 πονήσας.
1388 1677 1515 1741 Πῶς
1545 1673 1638 1731 οὖν
1660 1695 1744 1741 τις

175 1765 266 1834 τὴν
297 1765 489 1836 μερίδα
511 1769 611 1838 τῆς
637 1767 1019 1838 προτιμήσεως
1046 1767 1124 1838 τῷ
1151 1767 1376 1839 τοιούτῳ
1408 1767 1738 1840 προσθήσει;

175 1854 276 1906 Καὶ
316 1854 599 1926 ἄνθρωπος
638 1857 767 1928 γὰρ,
814 1857 1002 1928 φησιν,
1051 1851 1096 1926 ᾧ
1139 1857 1440 1929 ὲμόχθησεν
1480 1859 1537 1911 ὲν
1571 1856 1740 1928 αὐτῷ,

1846 678 1932 724 rat
1955 670 2188 740 judicio,
2215 668 2360 739 quod
2387 683 2511 724 cum
2544 670 2752 726 videret
2774 671 3081 728 evidentem
3115 676 3418 729 contrario-

1845 777 1966 816 rum
2005 762 2134 817 vitae
2165 776 2421 831 generum
2449 760 2831 830 diﬂ‘erentiam,
2865 779 2930 819 ex
2962 765 3164 836 quibus
3187 767 3415 822 alterum

1845 855 2066 926 quidem
2102 860 2353 909 versatur
2378 853 2435 908 in
2465 854 2687 923 virtute,
2739 862 2794 910 et
2825 855 2892 910 ad
2923 856 3128 910 nullam
3157 871 3273 912 rem
3313 859 3418 912 hu-

1846 961 2062 1001 manam
2103 944 2326 1000 adducit
2357 945 2754 1014 cupiditatem:
2790 945 3021 1000 alterum
3069 961 3200 1001 vero
3228 955 3418 1002 contra

1845 1051 1957 1090 non
2005 1037 2242 1091 sustinet
2273 1033 2494 1105 quidem
2541 1035 2714 1089 ullum
2767 1035 3007 1090 laborem
3056 1049 3249 1090 eorum
3297 1051 3418 1107 qua:

1845 1135 2111 1199 geruntur
2144 1143 2209 1182 ex
2243 1127 2480 1182 virtute:
2519 1133 2774 1180 versatur
2798 1133 2982 1181 autem
3016 1125 3070 1180 in
3107 1127 3240 1181 solis
3267 1127 3418 1180 labo-

1844 1216 2000 1272 ribus
2030 1217 2098 1272 ad
2124 1231 2328 1286 corpus
2357 1215 2778 1287 pertinentibus.
2811 1216 2948 1271 Cum
2982 1217 3256 1286 quispiam
3287 1231 3418 1286 ergo

1845 1306 1895 1362 ei
1941 1307 2070 1361 boni
2121 1315 2176 1362 et
2223 1306 2442 1362 honesti
2469 1305 2563 1360 dat
2597 1306 2896 1370 calculum,
2946 1321 3072 1361 eum
3112 1307 3418 1376 despiciens

1845 1398 1939 1468 qui
1995 1397 2277 1452 antecellit
2325 1397 2619 1466 sapientia,
2678 1411 2787 1452 non
2839 1399 3016 1452 solum
3052 1411 3264 1462 vanam,
3322 1398 3418 1452 sed

1845 1489 2348 1558 etiamimprobam
2382 1488 2524 1542 hanc
2549 1487 2810 1558 injustam
2845 1489 3162 1559 pronuntiat
3197 1495 3418 1543 senten-

1845 1581 1998 1634 tiam.
2047 1578 2190 1633 Dicit
2240 1585 2422 1634 autem
2473 1580 2560 1636 his
2603 1580 2786 1635 verbis
2817 1597 2829 1633 :
2864 1579 3298 1644 (Eteonverti,i
3335 1579 3419 1632 in-

1843 1671 1981 1740 quit,
2021 1687 2040 1720 ‹
2085 1685 2186 1741 ego
2219 1684 2318 1724 cor
2359 1685 2566 1736 meum,
2606 1680 2668 1724 ut
2708 1670 3049 1726 renuntiaret
3096 1669 3188 1724 alii
3223 1669 3418 1730 labori,

1843 1776 2003 1831 quem
2049 1761 2294 1817 laboravi
2365 1763 2470 1820 sub
2526 1764 2662 1819 sole.
2711 1782 2730 1816 ›
2783 1761 2922 1829 Quid
2973 1770 3057 1818 est
3103 1777 3234 1836 ergo
3276 1762 3421 1832 quod

1843 1853 2194 1907 renuntiavi?
2256 1853 2352 1909 Est
2393 1856 2592 1921 homo,
2652 1854 2812 1925 cujus
2865 1855 3018 1910 labor
3074 1863 3160 1910 est
3215 1855 3270 1907 in
3333 1868 3423 1908 sa-

175 1944 425 2009 τοντέστι,
477 1943 556 2015 τῷ
601 1944 713 2014 βίον
755 1946 1084 2017 μοχθήσαντι
1134 1947 1191 1999 ἐν
1238 1945 1315 2015 τῷ
1347 1943 1560 2015 ἀγαθῷ,
1581 1944 1740 1998 δώσει

1850 1946 2046 2016 pientia
2090 1955 2146 2001 et
2190 1947 2505 2019 cognitione
2545 1954 2602 2002 et
2651 1947 2855 2002 excelsi
2895 1947 3063 2001 animi
3100 1947 3324 2014 virtute,
3366 1953 3422 1998 et

176 2033 311 2104 αὐτῷ
357 2035 551 2106 μερίδα
579 2036 766 2105 αὑτοῦ,
813 2037 934 2091 ἀντὶ
973 2035 1089 2101 τοῦ,
1116 2038 1172 2089 ὲν
1221 2035 1426 2106 ἀγαθοῦ
1459 2035 1621 2108 μοίρᾳ
1650 2037 1742 2091 τὸν

175 2125 401 2178 τοιοῦτον
484 2125 614 2196 βίονί
649 2127 912 2199 ὁρίσεται.
974 2128 1135 2181 Ἀλλά
1204 2128 1502 2198 ματαιότης
1529 2171 1543 2194 ,
1586 2115 1741 2198 φησῒ,

176 2214 322 2268 τοῦτο
351 2217 444 2271 καὶ
473 2218 704 2288 πονηρία
727 2217 958 2288 μεγάλη.
991 2218 1114 2282 Πῶς
1141 2217 1248 2288 γὰρ
1280 2218 1380 2270 οὐκ
1405 2217 1550 2272 ἔστιν
1579 2208 1746 2288 ττονη·⁵

184 2308 262 2378 ρία
296 2310 503 2380 μεγάλη
525 2349 538 2374 ,
574 2310 700 2364 ὅταν
738 2309 982 2382 γινώσκῃ
1025 2309 1122 2380 τὴν
1167 2309 1492 2380 έγκειμένην
1535 2308 1614 2379 τῷ
1649 2310 1743 2364 ἀν-

183 2399 372 2470 θρώπῳ
399 2403 531 2473 περὶ
562 2403 688 2466 τοὺς
719 2401 948 2474 μόχθους
983 2402 1218 2473 σπουδὴν
1249 2403 1342 2455 καὶ
1383 2401 1746 2472 προαίρεσιν;

183 2491 340 2546 Τοῦτο
369 2493 479 2564 γάρ
508 2495 653 2548 ἐστιν
689 2497 746 2548 ἐν
773 2490 853 2559 οἷς
882 2512 1063 2565 φησιν,
1095 2495 1177 2548 ὅτι
1218 2493 1479 2548 Γινώσκει
1525 2496 1602 2566 τῷ
1649 2497 1745 2549 ἀν-

181 2582 387 2656 θρώπῳ,
418 2588 479 2639 ἐν
509 2586 671 2640 παντὶ
697 2586 880 2656 μόχθῳ
904 2586 1091 2652 αὑτοῦ,
1125 2587 1218 2640 καὶ
1247 2589 1304 2640 ὲν
1331 2589 1400 2658 τῇ
1431 2587 1744 2659 προαιρέσει

177 2675 388 2746 καρδίας
421 2677 614 2742 αὐτοῦ,
641 2669 685 2744 ᾧ
714 2677 874 2740 αὐτὸς
903 2677 1093 2748 μοχθεῖ
1116 2677 1218 2741 ὑπὸ
1248 2676 1338 2730 τὸν
1367 2676 1535 2747 ἥλιον.
1567 2678 1632 2730 Τί
1651 2674 1744 2731 οὖν

177 2766 311 2821 ἔστιν
338 2768 369 2821 ὃ
396 2767 688 2837 γινώσκει;
731 2770 854 2822 Ὀτι
887 2771 1078 2834 πᾶσαι,
1110 2769 1294 2839 φησὶν,
1325 2768 1381 2822 αί
1407 2769 1607 2840 ἡμέραι
1645 2770 1744 2823 αύ-

177 2858 261 2911 τοῦ
287 2860 639 2931 ἀλγημάτων,
663 2861 756 2914 καὶ
790 2861 965 2929 θυμοῦ
996 2859 1378 2932 περισπασμὸς
1403 2860 1589 2913 αὑτοῦ.
1636 2860 1745 2913 Καί

179 2967 234 3018 γε
261 2953 316 3006 ὲν
340 2954 499 3008 νυκτὶ
520 2953 580 3006 οὐ
605 2955 865 3025 κοιμᾶται
889 2957 922 3025 ἡ
947 2953 1142 3024 καρδία
1163 2953 1348 3007 αὐτοῦ.
1385 2953 1476 3023 Τῷ
1504 2953 1616 3006 ὄντι
1637 2953 1745 3024 γάρ

176 3047 277 3109 τοῖς
305 3045 381 3109 εἰς
406 3046 501 3100 τὸν
530 3045 834 3118 πειρασμὸν
857 3036 1044 3099 τοῦτον
1076 3045 1174 3117 τὴν
1203 3043 1379 3115 ψυχὴν
1406 3043 1743 3113 ἀσχολοῦσιν,

179 3134 406 3209 ἔπαλγὴς
456 3138 558 3208 μὲν
598 3137 632 3208 ή
674 3137 820 3206 ζωὴ,
865 3131 976 3189 οἷόν
1025 3152 1138 3188 τισι
1182 3134 1443 3205 κέντροις,
1475 3137 1594 3198 ταῖς
1637 3133 1746 3186 τῶν

179 3225 426 3282 πλειόνων
453 3227 774 3298 ἐπιθυμίαις
812 3228 909 3298 τὴν
968 3226 1192 3298 καρδίαν
1237 3225 1568 3296 μαστίζουσα
1592 3244 1604 3256 ο
1641 3228 1740 3278 ὲπ-

180 3312 362 3379 ὡδυνος
383 3317 438 3372 δὲ
475 3319 510 3387 ή
543 3317 672 3390 περὶ
699 3318 797 3388 τὴν
829 3316 1139 3380 πλεονεξίαν
1170 3316 1474 3385 σπουδὴ,οὐ
1498 3316 1746 3370 τοσοῦτον

178 3399 252 3468 οἷς
277 3414 386 3481 ἔχει
432 3408 874 3480 εῦφραινομένη,
925 3409 1048 3462 ὅσον
1097 3407 1438 3477 ἀλγυνομένη
1480 3409 1592 3470 τοῖς
1633 3407 1739 3459 λεί-

179 3513 388 3565 πουσιν,
439 3495 525 3563 οἷς
576 3499 858 3570 μερίζεται
908 3499 1066 3553 νυκτὶ
1116 3499 1208 3551 κα)¹
1254 3497 1438 3568 ἡμέρᾳ
1485 3499 1512 3550 ὁ
1563 3497 1743 3563 πόνος,

180 3589 516 3661 καταλλήλως
557 3591 624 3643 δι’
669 3591 935 3662 ἑκατέρας
971 3589 1151 3643 αὐτῶν
1196 3588 1604 3660 ὲνεργούμενος,
1648 3588 1748 3658 τῆς

182 3680 270 3747 μὲν
296 3683 510 3755 ἡμέρας
541 3685 938 3756 δαπανωμένης
965 3685 1025 3738 ὲν
1055 3683 1272 3754 μόχθοις
1291 3699 1306 3714 ’
1347 3683 1446 3754 τῆς
1472 3683 1530 3736 δὲ
1554 3682 1747 3746 νυκτὸς

180 3775 603 3846 ἀποπεμπούσης
629 3777 736 3831 τῶν
765 3777 1030 3848 ὀμμάτων
1073 3776 1163 3830 τδν
1191 3775 1376 3828 ὕπνον.
1423 3776 1489 3827 Δί
1521 3773 1630 3844 γὰρ
1654 3772 1748 3826 τοῦ

179 3862 386 3932 κέρδους
437 3867 716 3938 φροντίδες
770 3867 862 3936 τὸν
906 3866 1073 3921 ὕπνον
1118 3864 1490 3936 ἐκκρούουσιν,
1550 3866 1609 3919 '0
1656 3860 1750 3918 οῦν

181 3953 305 4021 πρὸς
342 3956 519 4010 ταῦτα
587 3956 843 4028 βλέπων,
897 3957 1014 4022 πῶς
1061 3957 1121 4010 ού
1167 3954 1606 4026 καταψηφίζεται
1652 3957 1752 4026 τῆς

182 4044 401 4113 σπουδῆς
433 4044 642 4116 ταύτης
663 4046 763 4118 τὴν
795 4048 1165 4118 ματαιότητα;
1216 4046 1314 4100 Διά
1342 4045 1499 4099 τοῦτο
1529 4046 1754 4118 προστί-

181 4130 294 4202 θησι
323 4140 432 4200 τοῖς
460 4139 905 4209 προειρημένοις,
934 4139 1014 4191 ὅτι
1043 4139 1134 4192 καί
1163 4154 1225 4207 γε
1245 4138 1402 4191 τοῦτο
1435 4137 1747 4208 ματαιότης“’

181 4223 328 4279 πάλιν
354 4227 522 4297 ἀλλης
552 4229 881 4292 ἀντιθέσεως
903 4229 1238 4282 καθάπτεται
1259 4245 1272 4260 ·
1304 4229 1365 4281 τὸ
1391 4229 1448 4281 δὲ
1476 4226 1748 4288 ἀντιτιθέ-

183 4328 331 4379 μενον
362 4316 524 4370 τοῦτό
560 4319 728 4372 ἐστιν·

181 4424 293 4480 qua:
332 4413 484 4482 prius
541 4412 688 4468 dicta
739 4422 887 4481 sunt,
924 4413 1071 4486 quod
1094 4415 1198 4468 hoc
1229 4428 1448 4483 quoque
1479 4413 1551 4466 sit
1579 4411 1819 4465 vanitas.

182 4502 316 4569 quod
339 4503 631 4572 objicitur:

1844 2037 1986 2094 alius
2012 2039 2180 2093 homo
2200 2039 2292 2110 qui
2322 2039 2376 2094 in
2399 2040 2487 2095 bis
2508 2040 2642 2093 nihil
2667 2040 2957 2094 laboravit.
2988 2038 3272 2105 Quomodo
3293 2052 3420 2107 ergo

1843 2130 2135 2199 quisquam
2178 2132 2384 2201 primas
2413 2131 2641 2187 honoris
2678 2141 2864 2201 partes
2885 2133 2933 2186 ei
2970 2130 3215 2184 tribuet?
3245 2128 3421 2183 Homo

1843 2219 2014 2282 enim,
2055 2219 2255 2290 inquit,
2301 2221 2394 2291 qui
2434 2236 2544 2276 non
2580 2221 2851 2276 laboravit
2898 2223 2954 2276 in
2987 2221 3127 2292 ipso,
3173 2220 3277 2281 hoc
3314 2226 3417 2280 est,

1844 2312 1892 2366 ei
1928 2311 2018 2381 qui
2046 2327 2156 2366 non
2183 2313 2451 2368 laboravit
2479 2314 2534 2368 in
2569 2314 2730 2379 bono,
2761 2310 2913 2368 dabit
2937 2314 2985 2368 ei
3008 2320 3216 2382 partem
3238 2325 3420 2375 suam,

1845 2417 1945 2472 pro
1974 2417 2044 2457 eo,
2068 2404 2216 2472 quod
2243 2412 2350 2469 est,
2379 2403 2519 2458 hanc
2547 2403 2717 2459 vitam
2743 2403 2799 2458 in
2825 2403 2956 2459 boni
2988 2404 3169 2457 locum
3198 2391 3417 2456 referet.

1849 2490 1957 2546 Sed
1989 2493 2093 2548 hoc
2119 2501 2225 2561 est,
2260 2493 2460 2566 inquit,
2488 2495 2726 2559 vanitas,
2753 2502 2808 2549 et
2844 2509 3043 2565 magna
3075 2492 3419 2563 improbitas.

1846 2583 2134 2650 Quomodo
2162 2587 2307 2640 enim
2340 2602 2446 2642 non
2473 2593 2560 2640 est
2599 2601 2793 2656 magna
2824 2585 3167 2654 improbitas,
3200 2583 3423 2652 quando

1847 2678 2131 2747 cognoscit
2156 2677 2396 2732 studium
2428 2685 2482 2732 et
2509 2677 2736 2732 liberam
2771 2676 3095 2732 electionem
3131 2691 3250 2745 qua:
3281 2675 3423 2732 inest

1845 2765 2059 2820 homini
2088 2767 2153 2821 ad
2189 2767 2444 2822 labores?
2467 2765 2581 2821 Hoc
2614 2767 2760 2821 enim
2788 2775 2871 2820 est
2905 2765 2997 2820 ubi
3023 2764 3182 2820 dicit:
3203 2763 3421 2834 Cogno-

1847 2857 1954 2912 scit
1991 2857 2199 2912 homini
2228 2857 2286 2911 in
2311 2857 2459 2912 omni
2484 2857 2669 2912 labore
2700 2871 2822 2923 suo,
2849 2865 2904 2910 et
2926 2856 2984 2910 in
3003 2854 3177 2910 libera
3201 2853 3425 2909 electio—

1847 2962 1917 3002 ne
1949 2947 2133 3003 cordis
2163 2948 2270 3015 sui,
2319 2963 2428 3018 qua
2463 2948 2578 3018 ipse
2609 2947 2822 3002 laborat
2855 2946 2958 3002 sub
3000 2946 3134 3003 sole.
3168 2945 3308 3012 Quid
3342 2952 3426 3000 est

1847 3055 1978 3112 ergo
2024 3041 2170 3111 quod
2219 3039 2540 3111 cognoscit?
2595 3038 2749 3106 Quod
2786 3054 3000 3104 omnes,
3056 3037 3258 3108 inquit,
3308 3036 3426 3106 ejus

1849 3131 1967 3187 dies
1998 3138 2128 3186 sunt
2149 3130 2427 3196 dolorum,
2461 3139 2517 3186 et
2549 3130 2670 3201 ejus
2701 3131 2868 3185 animi
2895 3129 3115 3185 vexatio
3143 3136 3199 3184 et
3221 3127 3426 3183 distra-

1849 3223 1979 3278 ctio.
2012 3223 2322 3290 Quinetiam
2359 3230 2526 3278 noctu
2555 3237 2662 3276 non
2693 3220 2896 3276 dormit
2923 3235 3020 3275 cor
3043 3220 3186 3290 ejus.
3218 3217 3427 3274 Revera

1850 3312 1998 3367 enim
2029 3312 2096 3366 iis
2118 3327 2354 3382 quorum
2377 3311 2597 3366 animus
2621 3318 2872 3367 versatur
2895 3309 2948 3363 in
2975 3309 3079 3364 hac
3106 3310 3427 3372 tentatione,

1852 3399 1964 3455 vita
1997 3401 2217 3471 quidem
2244 3408 2328 3457 est
2353 3401 2652 3465 laboriosa,
2682 3399 2848 3455 veluti
2872 3399 3204 3470 quibusdam
3234 3399 3431 3454 stimu-

1852 3493 1942 3559 lis,
1998 3493 2156 3564 plura
2213 3495 2450 3550 habendi
2503 3494 2901 3566 cupiditatibus
2957 3508 3055 3550 cor
3105 3492 3426 3564 ﬂagellans:

1853 3582 2041 3638 dolore
2069 3591 2250 3638 autem
2279 3592 2333 3638 et
2364 3585 2611 3639 molestia
2641 3584 2862 3652 plenum
2891 3592 2978 3638 est
3005 3583 3163 3652 plura
3194 3581 3436 3637 habendi:

1853 3674 2118 3737 studium,
2156 3689 2262 3728 non
2291 3680 2499 3727 tantum
2531 3673 2778 3742 gaudens
2800 3675 2868 3730 iis
2899 3689 3018 3744 quae
3046 3673 3227 3737 habet,
3253 3688 3427 3741 quanr

1854 3773 1966 3819 tum
1991 3765 2145 3819 triste
2173 3765 2243 3818 ob
2268 3778 2331 3820 ea
2361 3779 2482 3834 quae
2507 3764 2734 3832 desunt,
2761 3765 2964 3835 quibus
2989 3769 3155 3818 noctu
3187 3769 3241 3816 et
3264 3761 3434 3815 inter-

1854 3856 1948 3910 diu
1986 3856 2139 3909 labor
2168 3855 2452 3921 dividitur,
2488 3862 2548 3909 ut
2579 3855 2674 3925 qui
2706 3871 2801 3925 per
2831 3863 3128 3924 utrumque
3159 3865 3348 3906 eorum
3375 3851 3434 3906 in

1856 3963 1914 4002 se
1941 3948 2177 4001 invicem
2202 3954 2544 4012 exerceatur,
2577 3962 2702 4002 cum
2736 3946 2852 4000 dies
2884 3944 3103 4015 quidem
3136 3955 3430 3998 consuma-

1856 4046 1947 4093 tur
1978 4039 2034 4092 in
2068 4038 2383 4094 laboribus:
2425 4053 2533 4092 nox
2565 4045 2747 4092 autem
2785 4051 3038 4091 somnum
3071 4033 3327 4088 amandet
3366 4032 3434 4087 ab

1858 4132 2054 4187 oculis.
2083 4129 2346 4184 Somnum
2374 4129 2518 4184 enim
2563 4128 2840 4199 expellunt
2868 4126 2937 4183 de
2975 4127 3130 4182 lucro
3169 4124 3435 4180 sollicitu-

1858 4221 2037 4276 dines.
2063 4220 2166 4286 Qui
2195 4237 2330 4292 ergo
2352 4221 2417 4275 ad
2445 4221 2562 4275 haec
2591 4219 2812 4288 aspicit,
2841 4216 3299 4288 quemadmodum
3324 4230 3436 4270 non

1858 4314 2188 4368 condemnat
2215 4312 2510 4366 vanitatem
2542 4311 2664 4379 ejus
2687 4309 2903 4364 studii?
2939 4308 3006 4362 Et
3034 4308 3156 4362 ideo
3187 4305 3336 4362 addit
3367 4306 3436 4361 iis

1857 4407 2098 4463 Rursum
2136 4406 2297 4460 aliam
2335 4405 2510 4477 tangit
2540 4403 2928 4475 objectionem.
2977 4401 3095 4457 Hoc
3133 4411 3218 4456 est
3252 4406 3433 4455 autem

246 4590 303 4643 Εί
331 4560 539 4657 colito
567 4590 724 4663 ήμῶν
767 4591 824 4645 ὲν
871 4594 986 4655 τοῖς
1016 4560 1266 4663 ματαίοις
1293 4590 1565 4661 ἀριθμεῖς,
1599 4581 1644 4641 ὦ
1672 4587 1747 4639 δι-

1931 4583 1988 4638 Si
2023 4582 2171 4654 quod
2201 4590 2358 4637 extra
2389 4598 2490 4638 nos
2522 4591 2627 4649 est,
2656 4585 2713 4638 in
2741 4583 2893 4638 vanis
2925 4595 3207 4645 numeras,
3234 4595 3267 4635 ο
3297 4595 3438 4651 pre-

181 4678 400 4736 δάσκαλε
426 4699 440 4713 ·
495 4685 632 4754 ὅπερ
669 4683 735 4736 ἂν
775 4685 856 4746 εἰς
885 4684 1110 4746 ἑαυτοὺς
1138 4682 1519 4752 ἀναλάϐωμεν,
1553 4680 1653 4733 οῦκ
1685 4678 1749 4732 ἂν

182 4771 392 4836 εἰκότως
427 4771 786 4843 καταγνωσθῇ
813 4772 890 4836 ὡς
915 4771 1163 4842 μάταιον.
1211 4770 1371 4824 Ἀλλά
1403 4771 1510 4842 μὴν
1538 4772 1570 4839 ὴ
1611 4768 1754 4842 βρῶ-

184 4858 260 4923 σίς
283 4878 340 4913 τε
383 4863 476 4915 καὶ
521 4863 554 4933 ή
602 4862 760 4924 πόσις
805 4861 863 4914 έν
909 4862 1041 4932 ἡμῖν
1071 4861 1253 4922 αὐτοῖς
1280 4859 1509 4928 γίνεται.
1542 4860 1616 4912 Οὐ
1645 4858 1753 4914 τῶν

183 4951 491 5024 ἁποὸλήτων
519 4953 628 5026 ἀρα
649 4953 710 5006 τὸ
739 4951 978 5006 τοιοῦτόν
1009 4954 1177 5019 ἐστιν,
1210 4948 1345 5006 ἀλλά
1377 4951 1524 5005 θείαν
1553 4968 1638 5015 τις
1666 4951 1755 5004 εύ-

185 5044 422 5113 εργεσίαν
472 5045 572 5116 τὴν
619 5044 874 5116 τοιαύτην
923 5045 1080 5116 χάριν
1125 5045 1389 5115 ὁρίσαιτο.
1453 5043 1600 5115 Αὕτη
1655 5043 1754 5115 τῆς

133 5193 140 5216 ἡ
185 5134 494 5200 ἀντιθέσεως
520 5139 554 5208 ή
584 5136 792 5204 διάνοια
811 5155 824 5168 ·
862 5137 932 5190 τὰ
961 5137 1020 5190 δὲ
1057 5139 1276 5208 ῥήματα
1307 5135 1495 5190 τοῦτον
1524 5136 1638 5206 ἔχει
1663 5135 1755 5188 τὸν

137 5235 143 5269 ;
185 5222 389 5290 τρόπον·
437 5245 456 5276 ‹
488 5225 601 5278 Οὐκ
625 5226 773 5279 ἐστιν
790 5225 1014 5294 ἀγαθὸν,
1041 5243 1059 5275 ι
1091 5225 1276 5294 φησὶν,
1311 5242 1329 5276 ι
1367 5225 1425 5277 ὲν
1458 5222 1751 5293 ἀνθρώπῳ,

186 5310 272 5381 ἥδ
297 5315 526 5383 φάγεται
569 5316 663 5369 καὶ
710 5317 924 5382 πίεται,
969 5316 1064 5369 καὶ
1108 5315 1270 5380 δείξει
1301 5317 1368 5387 τῇ
1400 5314 1546 5386 ψυχῇ
1588 5312 1754 5368 αὑτοῦ

171 5402 378 5470 ἀγαθὸν
404 5408 461 5460 ὲν
487 5406 672 5478 μόχθῳ
700 5406 887 5460 αὐτοῦ.
912 5406 1019 5460 Καί
1046 5424 1108 5474 γε
1137 5406 1296 5460 τοῦτο
1330 5403 1470 5459 εἶδον
1503 5404 1636 5476 ἐγὼ,
1672 5406 1756 5460 ἴτὶ

189 5492 288 5546 ἀπὸ
320 5498 497 5567 χειρὸς
543 5497 634 5551 τοῦ
686 5495 821 5550 Θεοῦ
871 5499 1050 5560 ἐστιν,
1093 5497 1174 5549 ὅτι
1222 5513 1308 5558 τις
1351 5496 1535 5549 πίεται
1581 5494 1758 5566 πάρεξ

190 5581 361 5637 αὑτοῦ.
395 5605 414 5638 ι
457 5587 640 5640 Ταῦτα
665 5589 693 5640 ὁ
719 5588 818 5658 τῆς
849 5587 1180 5657 λαιμαργίας
1206 5587 1503 5657 συνήγορος
1522 5586 1757 5640 ἀνθυπο-

191 5671 336 5744 φέρει
371 5677 449 5748 τῷ
485 5678 788 5749 διδασκάλῳ
824 5695 837 5708 ⁸
890 5680 971 5731 ὅτι
1017 5677 1074 5731 δὲ
1114 5677 1250 5748 πρὸς
1276 5677 1450 5731 ταῦτα
1480 5678 1508 5730 ὁ
1536 5679 1635 5746 τῆς
1666 5693 1758 5729 σο-

192 5762 312 5829 φίας
335 5765 616 5840 ὑφηγητὴς
650 5767 726 5838 τῷ
765 5765 1034 5839 ἀνθρώπῳ
1067 5767 1200 5839 φησι
1233 5766 1310 5836 τῷ
1349 5763 1540 5835 ἀγαθῷ
1569 5781 1582 5796 ο
1631 5768 1662 5836 ἡ
1702 5765 1758 5818 δὲ

193 5853 280 5908 τοῦ
306 5857 508 5926 ἀγαθοῦ
539 5860 822 5931 προσθήκη
864 5860 1078 5922 πάντως
1106 5858 1201 5914 καὶ
1226 5858 1324 5927 τὴν
1357 5855 1640 5928 διαστολὴν
1675 5857 1760 5909 ὲν·

1854 4685 2079 4744 ceptor:
2116 4673 2261 4743 quod
2298 4675 2354 4727 in
2387 4688 2488 4728 nos
2524 4673 2674 4742 ipsos
2722 4672 3118 4742 acceperimus,
3166 4685 3276 4724 non
3313 4669 3437 4740 jure

1855 4763 2210 4818 damnabitur
2239 4771 2298 4817 ut
2335 4777 2562 4817 vanum.
2597 4763 2761 4832 Atqui
2795 4764 2850 4816 in
2881 4762 3043 4817 nobis
3069 4769 3156 4816 est
3183 4761 3344 4816 cibus
3381 4767 3436 4814 et

1853 4864 2040 4928 potus.
2068 4853 2186 4909 Non
2225 4861 2310 4910 est
2349 4869 2480 4925 ergo
2505 4854 2609 4908 hoc
2635 4855 3022 4925 rejiciendum,
3052 4853 3147 4908 sed
3182 4852 3428 4906 divinum

1852 4949 1961 5004 hoc
1991 4963 2116 5004 esse
2142 4947 2462 5004 beneﬁcium
2490 4955 2575 5003 est
2603 4947 2978 5003 statuendum.
3010 4946 3111 5001 Hic
3132 4953 3217 5001 est
3237 4959 3433 5001 sensus

1854 5037 2203 5108 objectionis.
2239 5035 2418 5091 Verba
2453 5044 2635 5089 autem
2671 5036 2773 5088 hoc
2808 5034 2968 5089 modo
3005 5033 3241 5088 habent:
3270 5027 3432 5082 «Non

1856 5135 1942 5184 est
1969 5127 2229 5190 bonum,»
2266 5125 2466 5195 inquit,
2506 5143 2526 5177 ‹
2546 5125 2602 5180 in
2625 5125 2866 5188 homine,
2901 5123 3007 5179 nisi
3031 5123 3176 5193 quod
3206 5119 3358 5176 bibet
3385 5126 3438 5172 et

1856 5217 2128 5282 comedet,
2158 5225 2213 5273 et
2245 5217 2499 5273 ostendet
2530 5219 2728 5272 animae
2776 5231 2891 5270 suae
2918 5216 3120 5269 bonum
3158 5212 3215 5266 in
3253 5210 3439 5265 labore

1857 5325 1982 5365 suo.
2023 5309 2090 5365 Et
2117 5311 2222 5366 hoc
2249 5319 2401 5366 certe
2425 5310 2535 5367 vidi
2570 5326 2692 5382 ego,
2731 5309 2876 5380 quod
2912 5307 2984 5362 sit
3025 5321 3056 5360 a
3099 5318 3264 5358 manu
3315 5301 3434 5366 Dei,

1856 5401 2003 5472 quod
2029 5402 2303 5472 quispiam
2348 5401 2588 5456 comedit
2629 5409 2682 5454 et
2721 5398 2858 5452 bibit
2895 5395 3015 5450 sine
3062 5394 3234 5465 ipso.»
3270 5390 3436 5457 Quis-

1855 5495 2004 5566 piam
2041 5503 2224 5549 autem
2257 5501 2523 5565 patronus
2555 5492 2695 5562 gula:
2727 5489 2844 5545 haec
2875 5487 3064 5557 objicit
3090 5485 3434 5557 prateeptori.

1859 5587 1940 5640 Ad
1970 5586 2084 5640 haec
2109 5594 2288 5640 autem
2313 5585 2448 5639 dicit
2478 5583 2675 5638 doctor
2705 5579 3008 5650 sapientiae,
3036 5577 3247 5632 homini
3271 5577 3436 5629 bono.

1857 5677 1992 5731 Boni
2027 5687 2208 5732 autem
2244 5675 2479 5746 adjectio
2511 5674 2683 5729 efﬁcit
2725 5672 2956 5727 omnino
3003 5670 3436 5730 distinctionem.

1860 5774 1921 5822 ut
1951 5769 2022 5822 sit
2063 5767 2436 5831 manifestum,
2480 5765 2629 5836 quod
2660 5764 2892 5820 bonitati
2933 5762 3261 5832 intelligitur
3312 5775 3436 5816 esse

1861 5861 2219 5915 contrarium.
2248 5857 2466 5915 Homini
2494 5872 2645 5930 ergo,
2677 5870 2784 5911 non
2808 5853 3026 5926 pecudi,
3060 5867 3239 5924 neque
3266 5851 3314 5906 ei
3343 5851 3437 5920 qui
