3844 6394
429 471 536 530 695

1701 475 1758 530 S.
1799 474 2129 531 GREGORH
2167 477 2209 533 Ν
2218 479 2460 538 YSSENI

3580 484 3693 542 696

436 599 643 657 pronus
672 593 756 642 est
803 584 859 640 in
894 593 1162 650 ventrem,
1203 588 1300 657 qui
1347 597 1538 659 guttur
1576 587 1740 643 habet
1773 603 1874 658 pro
1921 605 2011 643 ra-

2123 590 2369 662 εδείξατο,
2402 594 2542 648 ὥστε
2585 595 2743 668 δῆλον
2786 592 2926 653 εῖναι
2956 597 3019 653 τὸ
3052 601 3119 670 τῇ
3167 595 3464 670 ἀγαθότητι
3489 595 3562 651 ἐκ
3589 600 3692 652 τοῦ

433 677 620 742 tione;
649 677 743 731 sed
768 676 932 742 bono,
956 677 1052 747 qui
1080 677 1214 732 vivit
1241 678 1308 732 ad
1337 679 1465 734 boni
1497 681 1670 736 solius
1694 679 2005 752 imaginem.

432 765 552 821 Non
588 767 656 822 de
696 767 764 822 iis
798 766 942 824 Deus
981 769 1155 840 legem
1201 771 1385 825 sanxit
1421 770 1657 836 deliciis,
1688 772 1889 843 quibus
1920 771 2008 826 in-

434 860 548 911 niat
576 857 814 913 belluina
845 867 1038 914 natura
1064 879 1078 915 :
1111 862 1206 916 sed
1246 877 1346 931 pro
1372 863 1633 918 alimento
1663 862 1812 918 dedit
1837 863 1886 917 ei
1919 877 2008 918 sa-

432 945 693 1014 pientiam
725 956 780 1001 et
800 948 1168 1019 cognitionem
1191 958 1246 1005 et
1272 951 1538 1006 laetitiam.
1562 951 1846 1018 Quomodo
1861 954 2008 1008 enim

431 1038 656 1098 auxeris
678 1039 978 1096 bonitatem
1000 1058 1096 1113 per
1115 1059 1180 1099 ea
1204 1061 1326 1114 quae
1349 1047 1524 1101 ventri
1548 1058 1676 1102 sunt
1695 1047 2010 1102 esculenta?

437 1127 595 1183 «Non
630 1131 684 1185 in
727 1133 846 1188 solo
876 1148 1016 1204 pane
1046 1136 1189 1192 vivet
1221 1137 1385 1194 homo
1405 1140 1508 1194 ⁸ο.»
1545 1139 1658 1194 Hoc
1687 1139 1802 1193 veri
1847 1137 2008 1195 Verbi

427 1228 515 1275 est
544 1223 793 1278 verbum.
839 1225 987 1282 Pane
1016 1243 1128 1282 non
1159 1229 1329 1284 alitur
1356 1231 1555 1298 virtus,
1589 1247 1700 1287 non
1747 1232 2008 1286 carnibus

433 1313 514 1368 vis
569 1315 768 1370 animae
823 1316 884 1371 ﬁt
936 1318 1094 1374 bona:
1146 1321 1506 1390 habitudiuis,
1567 1334 1622 1380 et
1676 1327 2002 1397 pinguescit.

430 1406 567 1461 Aliis
599 1409 740 1464 cibis
779 1411 1032 1468 sublimis
1061 1413 1173 1467 vita
1203 1415 1389 1482 alitur,
1442 1418 1710 1489 plenaque
1758 1420 2010 1474 redditur

431 1509 485 1553 et
522 1502 866 1557 succulenta.
894 1503 1029 1558 Boni
1059 1505 1204 1560 enim
1233 1507 1552 1564 alimentum
1581 1519 1667 1567 est
1697 1519 2009 1582 temperan-

431 1592 530 1650 tia.
561 1595 720 1661 panis
758 1595 1046 1664 sapientia,
1096 1601 1388 1668 opsonium
1432 1600 1672 1671 justitia,
1709 1614 1870 1674 potus
1904 1603 2007 1656 im-

431 1683 751 1751 patibilitas,
801 1688 1055 1758 voluptas
1103 1706 1215 1746 non
1258 1695 1512 1765 voluptas
1560 1699 1766 1760 carnis,
1817 1698 2008 1766 cujus-

429 1775 578 1829 modi
605 1784 686 1831 est
717 1777 935 1835 habitus
961 1782 1056 1852 qui
1085 1785 1302 1853 capitur
1330 1800 1396 1841 ex
1423 1802 1488 1842 eo
1518 1789 1666 1858 quod
1696 1797 1780 1845 est
1808 1790 2007 1859 jucun-

429 1865 584 1932 dum,
621 1869 717 1923 sed
744 1885 805 1924 ea
831 1872 990 1942 cujus
1019 1882 1103 1929 est
1129 1882 1184 1930 et
1211 1892 1409 1933 nomen
1443 1887 1498 1934 et
1529 1879 1765 1935 omcium
1797 1883 2003 1948 laetitia,

426 1973 552 2027 quze
587 1959 794 2016 dicitur
842 1964 1181 2038 εὐφροσύνης
1213 1981 1498 2040 propterea
1531 1973 1674 2026 enim
1719 1975 2008 2044 appellavit

430 2049 537 2104 lioc
570 2054 791 2109 nomine
841 2070 985 2122 eam,
1035 2074 1163 2129 quae
1190 2067 1275 2116 est
1323 2061 1380 2116 in
1409 2063 1592 2119 anima
1621 2065 1690 2120 ad
1723 2066 1925 2121 bonum
1957 2076 2012 2122 et

429 2141 719 2199 honestum
748 2147 1114 2218 aﬂ‘ectionem,
1149 2155 1409 2224 quoniam
1437 2172 1504 2212 ex
1534 2158 1834 2230 εὐφρονείν,
1865 2163 2010 2232 quod

430 2250 515 2292 est
549 2246 696 2294 recte
740 2257 955 2325 sapere,
1003 2243 1063 2299 ﬁt
1095 2246 1366 2316 ejusmodi
1407 2253 1753 2310 constitutio.
1785 2252 2012 2325 Oportet

432 2344 561 2398 ergo
584 2330 673 2385 hic
700 2349 920 2404 quoque
943 2323 1160 2394 discere
1186 2353 1252 2394 ea
1283 2356 1406 2410 quae
1433 2343 1599 2398 etiam
1633 2323 1921 2402 didicimus
1943 2347 2014 2402 ab

433 2419 717 2489 Apostolo,
739 2425 807 2491 ⁸³,
826 2427 968 2497 quod
987 2427 1080 2483 Dei
1097 2445 1324 2498 regnum
1344 2449 1453 2487 non
1475 2444 1560 2490 est
1583 2437 1736 2492 cibus
1759 2448 1811 2494 et
1830 2446 2012 2507 potus,

433 2510 528 2561 sed
554 2510 771 2576 justitia
800 2521 852 2566 et
884 2514 1260 2584 impatibilitas
1281 2525 1335 2574 et
1357 2519 1654 2576 beatitudo.
1683 2523 1813 2588 Quae
1831 2536 2014 2583 autem

435 2609 659 2668 propter
687 2603 1022 2673 voluptatein
1053 2609 1304 2677 corporis
1330 2609 1638 2666 vehementi
1676 2615 1858 2671 studio
1881 2616 2018 2672 ﬁunt

433 2690 850 2760 abliominibus,
872 2711 934 2750 ea
955 2707 1083 2752 sunt
1102 2701 1341 2754 studium
1363 2714 1803 2773 peccatorum,et
1819 2710 2015 2766 anima:

433 2778 738 2846 distractio,
766 2799 888 2854 quae
910 2786 978 2839 ad
1005 2786 1268 2842 inferiora
1295 2790 1638 2847 abstrabitur
1665 2810 1694 2848 a
1719 2774 2012 2866 supernis:

432 2873 592 2942 cujus
642 2889 806 2931 omne
852 2877 1200 2934 intervallum
1251 2883 1307 2937 in
1353 2883 1456 2941 hac
1497 2886 1607 2940 vita
1655 2887 2014 2953 traducenda,

431 2966 778 3020 consumitur
808 2967 862 3021 in
911 2971 1096 3025 studio
1123 2972 1361 3028 addendi
1396 2983 1450 3030 et
1480 2979 1874 3049 congregandi.
1912 2980 2016 3046 Qui

432 3070 562 3125 ergo
585 3055 688 3110 boc
707 3072 829 3112 esse
855 3058 1058 3114 bonum
1082 3063 1292 3132 judicat
1313 3067 1368 3121 in
1398 3067 1490 3123 Dei
1514 3079 1839 3140 conspectu,
1866 3073 2020 3142 igno-

433 3154 519 3200 rat
553 3162 614 3203 se
659 3149 864 3205 bonum
896 3152 1123 3210 deﬁnire
1152 3156 1207 3210 in
1239 3173 1304 3213 eo
1335 3160 1480 3228 quod
1511 3177 1709 3216 vanum
1749 3171 1854 3219 est.
1894 3163 2021 3221 Haec

2108 677 2353 736 ἐναντίου
2392 685 2699 756 νοούμενον.
2724 687 2814 760 Τῷ
2841 683 2933 744 οὖν
2965 688 3254 761 ἀνθρώπῳ,
3288 690 3349 742 οὐ
3375 689 3454 760 τῷ
3487 688 3696 758 βοσκή“

2113 790 2243 843 ματι
2267 814 2283 839 ,
2335 775 2455 829 οὐδὲ
2487 766 2565 848 τῷ
2608 781 2674 850 τῇ
2718 781 2916 852 γαστρὶ
2964 779 3154 835 ἐαυτοῦ
3186 779 3564 849 ἐπικεκυφότι,
3612 781 3696 850 τῷ

2110 864 2304 936 λαιμὸν
2331 869 2452 920 ἀντὶ
2474 869 2734 940 λογισμοῦ
2761 873 3079 942 κεκτημένῳ
3098 889 3113 904 ο
3139 871 3273 926 ἀλλά
3297 870 3374 942 τῷ
3401 870 3594 940 ἀγαθῷ
3613 870 3697 940 τῷ

2111 959 2233 1012 κατ’
2250 961 2430 1013 εἰκόνα
2455 961 2615 1031 μόνου
2636 962 2730 1015 τοῦ
2751 963 2957 1032 ἀγαθοῦ
2983 961 3168 1028 ζῶντι·
3191 965 3253 1018 ού
3279 964 3483 1034 ταύτην
3498 964 3701 1033 ἐνομο-

2111 1050 2337 1122 θέτησεν
2351 1054 2380 1105 6
2395 1052 2526 1116 Θεὸς
2543 1055 2642 1124 τὴν
2663 1054 3032 1126 τρυφὴν,περὶ
3053 1056 3168 1127 ῆνή
3189 1055 3466 1126 κτηνώδης
3488 1059 3698 1126 κέχηνε

2112 1142 2302 1212 φύσις’
2340 1144 2456 1198 ἀλλ’
2480 1145 2676 1200 ἔδωκεν
2705 1147 2873 1218 αὐτῷ,
2902 1148 3088 1218 φησὶν,
3113 1147 3234 1201 ἀντὶ
3264 1147 3469 1218 τροφῆς
3494 1146 3699 1214 σοφίαν

2110 1236 2204 1288 καὶ
2236 1236 2437 1304 γνῶσιν
2467 1237 2560 1290 καὶ
2595 1237 2953 1310 εὐφροσύνην.
2999 1238 3126 1302 Πῶς
3153 1238 3262 1309 γάρ
3291 1239 3374 1302 τίς
3409 1255 3465 1292 τε
3485 1237 3700 1306 ἀγαθό-

2108 1344 2268 1400 τητος
2289 1328 2376 1382 διὰ
2390 1328 2498 1384 τῶν
2525 1329 2626 1400 τῆς
2643 1330 2879 1401 γαστρὸς
2898 1329 3173 1400 ἐδωδίμων
3192 1327 3476 1400 αὐξήσειεν
3495 1335 3520 1396 ;”
3534 1347 3554 1381 ι
3580 1330 3703 1382 Οὐκ

2110 1423 2198 1474 ἐπ’
2221 1421 2370 1493 ἄρτῳ
2395 1423 2541 1494 μόνῳ
2562 1423 2785 1495 ζήσεται
2813 1425 2842 1476 6
2869 1421 3172 1493 ἄνθρωπος.
3205 1440 3222 1471 ι
3251 1416 3535 1484 Οὗτοςτοῦ
3561 1420 3703 1489 ἀλη-

2111 1513 2260 1567 θινοῦ
2278 1516 2450 1584 Λόγου
2473 1517 2502 1567 6
2521 1515 2705 1584 λόγος.
2719 1516 2792 1570 Οὐ
2814 1515 3071 1588 τρέφεται
3091 1515 3241 1586 ἄρτῳ
3259 1516 3291 1585 ἡ
3311 1514 3500 1584 ἀρετὴ,
3524 1513 3588 1565 οὐ
3609 1513 3703 1566 διὰ

2112 1607 2290 1678 κρεῶν
2327 1610 2360 1678 ὴ
2401 1608 2503 1678 τῆς
2539 1605 2716 1677 ψυχῆς
2753 1606 2982 1678 δύναμις
3017 1607 3232 1659 εὐεκτεῖ
3265 1606 3358 1658 xui.
3388 1605 3701 1658 πιαίνεται.

2115 1699 2328 1763 Ἀλλοις
2349 1699 2641 1768 ἐδέσμασιν
2660 1701 2688 1751 6
2717 1697 2918 1767 ὑψηλὸς
2949 1697 3062 1767 βίος
3091 1697 3348 1768 τρέφεται
3389 1696 3484 1750 καὶ
3529 1694 3705 1766 ἁδρύ-

2110 1809 2280 1846 νεται.
2315 1793 2502 1864 Τροφὴ
2534 1789 2628 1844 τοῦ
2659 1789 2864 1857 ἀγαθοῦ
2900 1788 3302 1860 ήσωφροσύνη,
3327 1788 3488 1857 ἄρτος
3532 1789 3567 1857 ἡ
3607 1804 3700 1838 σο-

2113 1886 2243 1954 φία,
2299 1884 2427 1953 ὄψον
2475 1885 2508 1954 ἡ
2551 1880 2886 1952 δικαιοσύνη,
2945 1881 3105 1934 ποτὸν
3166 1882 3200 1952 ἡ
3245 1879 3516 1943 ἀπάθεια,
3575 1879 3704 1947 ἠδο-

2114 1959 2178 2048 νῆ
2217 1976 2370 2046 ούχή
2401 1974 2493 2029 τοῦ
2517 1973 2787 2044 σώματος,
2828 1973 2988 2025 ὁποία
3016 1972 3080 2043 δὴ
3119 1974 3153 2042 ἡ
3195 1971 3322 2041 περὶ
3357 1970 3415 2023 τὸ
3448 1969 3701 2023 καταθύ-

2116 2085 2236 2138 μιον
2262 2068 2445 2138 σχέσις
2465 2083 2478 2096 ⁸
2499 2065 2612 2122 ἀλλ’
2641 2061 2708 2137 ἦς
2728 2065 2898 2136 ὄνομά
2927 2082 2984 2117 τε
3009 2065 3104 2117 καὶ
3136 2063 3294 2134 ἔργον
3320 2064 3353 2132 ἡ
3382 2060 3702 2131 εὐφροσύνη

2112 2159 2278 2212 ἐστίν·
2328 2158 2418 2210 διὰ
2463 2156 2620 2210 τοῦτο
2662 2160 2767 2226 γὰρ
2819 2156 2914 2209 καὶ
2963 2155 3215 2225 ὠνόμασε
3255 2156 3320 2223 τῇ
3349 2152 3707 2223 προσηγορία

2111 2248 2282 2321 ταύτῃ
2307 2248 2403 2319 τὴν
2436 2251 2493 2302 ἐν
2535 2251 2599 2318 τῇ
2643 2247 2787 2318 ψυχῇ
2821 2247 2956 2319 πρὸς
2975 2247 3035 2299 τὸ
3071 2245 3234 2300 καλὸν
3261 2245 3562 2314 γινομένην
3587 2244 3708 2297 διά-

2114 2341 2282 2406 θεσιν,
2303 2341 2386 2394 ὅτι
2416 2342 2480 2393 ἐκ
2519 2338 2615 2392 τοῦ
2650 2340 2950 2408 εύφρονεῖν,
2981 2340 3014 2409 ἡ
3052 2337 3276 2406 τοιαύτη
3331 2336 3708 2405 παραγίνεται

2113 2436 2478 2496 κατάστασις.
2513 2432 2632 2502 Χρὴ
2661 2432 2840 2484 τοίνυν
2891 2430 2986 2483 καὶ
3033 2429 3269 2483 ἐνταῦθα
3310 2428 3527 2498 μαθεῖν,
3558 2429 3707 2495 ἅπερ

2115 2526 2202 2580 καὶ
2253 2525 2404 2594 παρά
2427 2522 2522 2579 τοῦ
2575 2522 2896 2577 Ἀποστόλου
2933 2520 3271 2591 ἠκούσαμεν,
3310 2520 3390 2573 ὅτι
3424 2521 3527 2571 οὐκ
3554 2519 3708 2570 ἐστιν

2113 2617 2146 2687 ἡ
2177 2609 2421 2681 βασιλεία
2435 2614 2534 2669 τοῦ
2555 2612 2689 2670 Θεοῦ
2719 2617 2917 2686 βρῶσις
2941 2613 3034 2667 καὶ
3059 2611 3235 2673 πόσις,
3260 2609 3394 2662 ἀλλὰ
3423 2608 3708 2662 δικαιοσύ-

2117 2722 2182 2774 νη
2222 2703 2316 2756 καὶ
2344 2701 2716 2768 ἀπάθεια,καὶ
2748 2701 3106 2773 μακαριότης.
3141 2702 3206 2752 Ἃ
3229 2700 3286 2753 δὲ
3311 2700 3410 2769 τῆς
3459 2715 3709 2768 σωματι-

2119 2793 2223 2864 κῆς
2254 2791 2610 2854 ἀπολαύσεως
2631 2793 2818 2846 ἕνεκεν
2859 2789 3011 2860 παρά
3042 2789 3148 2842 τῶν
3192 2788 3498 2858 ἀνθρώπων
3535 2803 3710 2840 σπουο

2117 2882 2360 2950 δάζεται,
2404 2881 2742 2954 ἁμαρτωλῶν
2775 2883 2892 2934 ἐστι
2945 2880 3148 2951 σπουδὴ
3187 2879 3280 2932 καὶ
3314 2876 3709 2949 περισπασμὸς

2116 2977 2314 3047 ψυχῆς,
2343 2975 2452 3030 ἀπὸ
2476 2975 2585 3028 τῶν
2626 2975 2737 3029 ἄνω
2771 2973 2908 3043 πρὸς
2937 2972 3008 3026 τά
3060 2971 3208 3025 κάτω
3235 2969 3708 3039 κατασπωμένης,

2116 3061 2185 3138 ἦς
2217 3069 2324 3119 πᾶν
2361 3065 2422 3119 τὸ
2446 3065 2719 3135 διάστημα
2755 3065 2853 3134 τῆς
2883 3066 2940 3117 ὲν
2961 3063 3039 3132 τῷ
3086 3063 3185 3134 βίῳ
3219 3062 3393 3131 τούτῳ
3418 3060 3710 3129 διαγωγῆς

2120 3163 2200 3223 εἰς
2225 3158 2322 3230 τὴν
2351 3159 2479 3230 περὶ
2503 3156 2597 3210 τοῦ
2622 3155 2938 3228 προσθεῖναι
2971 3157 3067 3208 καὶ
3107 3156 3433 3222 συναγαγεῖν
3466 3151 3709 3222 σπουδὴν

432 3253 534 3308 ego
560 3239 670 3296 dixi
711 3257 844 3298 voce
879 3259 1022 3300 mea.
1075 3245 1232 3304 Hunc
1279 3259 1460 3306 autem
1499 3269 1720 3310 sensum
1761 3257 2016 3327 obsigna-

2124 3251 2496 3304 ἀναλίσκεται.
2535 3249 2593 3300 '0
2633 3244 2726 3301 οὖν
2754 3246 2913 3300 τοῦτο
2963 3245 3168 3314 ἀγαθὸν
3215 3247 3272 3298 ἐν
3313 3245 3391 3316 τῷ
3422 3245 3712 3336 προσώπῳ

433 3327 572 3383 bunt
603 3331 837 3388 adducta
878 3337 1042 3390 verba
1081 3337 1287 3393 divina.
1325 3339 1466 3395 Dicit
1507 3344 1681 3402 enim:
1713 3344 1804 3400 26.
1843 3346 2016 3402 «Pec-

435 3423 606 3476 catori
638 3423 788 3479 dedit
811 3428 1324 3498 occupationem,ut
1348 3432 1584 3490 addatet
1605 3445 1920 3507 congreget,
1956 3448 2015 3494 ut

435 3515 614 3571 tradat
648 3516 792 3572 bono
830 3519 884 3572 in
919 3531 1218 3591 conspectu
1247 3523 1362 3579 Dei.
1403 3524 1520 3581 Hoc
1545 3543 1764 3597 quoque
1801 3539 1886 3583 est
1918 3545 2015 3585 va~

435 3607 580 3663 nitas
608 3619 661 3664 et
687 3613 1042 3682 praesumptio
1071 3615 1352 3684 spiritus.»
1404 3617 1536 3683 Qua:
1563 3634 1694 3690 ergo
1723 3620 2017 3679 didicimus

434 3713 499 3753 ex
527 3699 628 3752 hac
655 3701 888 3757 invicem
911 3707 1325 3775 comparatione
1354 3708 1483 3764 boni
1511 3719 1566 3765 et
1595 3713 1724 3766 mali
1750 3728 1846 3783 per
1876 3714 2020 3769 hanc

435 3790 748 3860 lectionem,
782 3793 914 3848 dent
949 3796 1111 3851 nobis
1141 3799 1405 3854 auxilium
1437 3802 1506 3856 ad
1543 3805 1762 3857 vitanda
1793 3806 2017 3874 quidem

434 3895 499 3934 ea
539 3896 661 3950 qua:
690 3892 820 3938 sunt
851 3885 1135 3953 damnata,
1170 3893 1548 3962 persequenda
1579 3904 1758 3956 autem
1799 3911 1861 3955 ea
1897 3912 2020 3967 quae

431 3981 566 4026 sunt
604 3973 769 4028 bona.
873 3982 877 3986 '

2122 3341 2216 3396 τοῦ
2263 3339 2399 3394 Θεοῦ
2440 3339 2662 3412 κρίνων,
2711 3340 2898 3406 ἀγνοεῖ
2936 3341 2995 3391 ἐν
3027 3339 3104 3409 τῷ
3139 3338 3352 3409 ματαίῳ
3380 3337 3443 3390 τὸ
3495 3335 3711 3404 ἀγαθὸν

2123 3435 2462 3508 ὁριζόμενος.
2520 3431 2705 3486 Ταῦτα
2756 3428 2910 3485 εἷπον
2957 3432 3087 3500 ἐγὼ,
3115 3435 3184 3502 τῇ
3238 3429 3480 3501 ἐμαυτοῦ
3526 3432 3709 3498 φωνῇ.

2137 3526 2556 3596 Ἐπισφραγίσει
2586 3524 2644 3576 δὲ
2674 3523 2770 3594 τὴν
2824 3523 3060 3577 διάνοιαν
3093 3523 3296 3591 ταύτην
3324 3524 3357 3593 ἡ
3395 3523 3507 3574 τῶν
3547 3521 3714 3573 θείων

2119 3620 2378 3690 ῥημάτων
2400 3616 2874 3686 παράθεσιςλῡησ)⁸
2891 3615 3020 3686 γὰρ,
3049 3633 3066 3665 ι
3093 3613 3182 3683 Τῷ
3205 3612 3516 3684 ἁμαρτωλῷ
3538 3613 3712 3667 ἔδωκε

2116 3710 2503 3780 περισπασμὸν
2552 3707 2647 3761 τοῦ
2692 3705 3009 3778 προσθεῖναι
3057 3707 3153 3759 καὶ
3207 3708 3576 3773 συναγαγεῖν,
3607 3703 3706 3755 τοῦ

2116 3802 2298 3856 δοῦναι
2345 3801 2423 3872 τῷ
2465 3790 2657 3870 ἀγαθῷ
2691 3797 2798 3869 πρὸ
2826 3795 3140 3869 επροσώπου
3187 3793 3283 3849 τοῦ
3330 3792 3490 3848 Θεοῦ.
3582 3793 3711 3846 Ὀτι

2121 3892 2217 3948 καί
2250 3909 2312 3961 γε
2342 3890 2500 3945 τοῦτο
2555 3889 2852 3960 ματαιότης
2886 3894 2982 3944 καὶ
3005 3889 3320 3961 προαίρεσις
3339 3883 3706 3952 πνεύματος.ν

2130 3988 2269 4040 Ὅσα
2289 3983 2468 4038 τοίνυν
2497 3983 2560 4034 ἐκ
2586 3980 2686 4050 τῆς
2713 3977 3056 4048 παραλλήλου
3079 3974 3284 4044 ταύτης
3309 3972 3711 4038 συνεξετάσεως

436 4069 537 4136 τῆς
563 4067 656 4120 τοῦ
687 4068 853 4122 καλοῦ
881 4071 976 4124 καὶ
1002 4073 1267 4144 χείρονος,
1291 4077 1380 4131 διὰ
1429 4079 1529 4148 τῆς
1571 4081 1665 4134 νῦν
1699 4079 2101 4165 μεμαθήκαμεν
2133 4080 2513 4150 ἀναγνώσεως,
2543 4077 2752 4144 γένοιτο
2820 4075 2952 4144 ἡμῖν
3017 4070 3239 4142 βοήθεια
3293 4067 3431 4139 πρὸς
3501 4068 3714 4135 ἀποφυ-

438 4161 542 4231 γὴν
575 4161 674 4232 μὲν
705 4162 815 4218 τῶν
847 4169 1338 4241 κατεγνωσμένων,
1370 4173 1580 4242 ἐφόδιον
1598 4175 1655 4228 δὲ
1681 4179 1790 4234 τῶν
1820 4181 1956 4252 πρὸς
1985 4162 2049 4236 τὸ
2086 4181 2334 4254 κρεῖττον
2366 4171 2836 4244 κατορθουμένων.

1021 4325 1308 4383 llOMtLlA
1347 4331 1436 4388 Ἣ.

511 4431 784 4491 Omnibus
831 4447 920 4493 est
963 4447 1201 4511 tempus,
1237 4455 1292 4499 et
1335 4447 1720 4515 opportunitas
1755 4449 2025 4505 universa!

441 4527 519 4580 rei
544 4527 650 4583 sub
680 4529 843 4584 coelo.
878 4529 992 4586 Hoc
1019 4541 1106 4587 est
1139 4533 1354 4590 initium
1385 4538 1732 4608 eloquiorum
1759 4555 1882 4614 quae
1901 4556 2028 4597 con-

440 4619 756 4687 templanda
789 4622 952 4677 nobis
983 4633 1114 4679 sunt
1150 4629 1450 4706 proposita.
1489 4629 1584 4686 Est
1618 4640 1798 4686 autem
1829 4641 1883 4689 et
1915 4648 2023 4687 non

2733 4326 2977 4380 ΟΜΙΛΙΑ
3009 4326 3099 4390 ς’.

2198 4449 2324 4510 Τοῖς
2365 4447 2532 4499 πᾶσιν
2557 4446 2585 4497 6
2628 4417 2840 4513 χρόνος,
2880 4437 2976 4492 καὶ
3008 4437 3201 4506 καιρὸς
3247 4433 3327 4502 τῷ
3369 4431 3535 4485 παντὶ
3573 4429 3714 4500 πρά-

2126 4559 2299 4613 γματι
2324 4539 2430 4592 ὑπὸ
2455 4538 2547 4597 τὸν
2575 4535 2805 4607 οὐρανόν
2827 4551 2839 4564 ·
2871 4531 3010 4600 αὕτη
3039 4525 3554 4625 τῶνλπροκειμένων
3581 4525 3714 4625 ἡμῖν

2126 4632 2324 4699 λογίων
2355 4631 2435 4693 είς
2470 4628 2704 4699 θεωρίαν
2735 4625 2903 4696 ἀρχή.
2940 4624 3100 4677 Ἐστι
3125 4621 3182 4674 δὲ
3211 4619 3307 4672 καὶ
3344 4621 3374 4671 6
3417 4617 3579 4678 πόνος
3617 4617 3714 4683 τῆς

441 4711 695 4765 modicus
725 4712 884 4766 labor
935 4717 1384 4782 examinationis,
1433 4728 1488 4775 et
1520 4723 1668 4791 quod
1716 4739 1780 4777 ex
1831 4724 2016 4780 labore

2127 4720 2454 4809 ἐξετάσεως.
2473 4719 2534 4780 ού
2589 4718 2810 4789 μικρὸς,
2836 4717 2930 4770 καὶ
2960 4715 3022 4768 τὸ
3051 4717 3116 4768 ὲκ
3160 4712 3254 4765 τοῦ
3302 4711 3462 4764 πόνου
3495 4709 3558 4815 κέ
3571 4709 3713 4815 ρδοξ.

442 4801 661 4870 capitur
716 4801 956 4868 lucrum,
1016 4814 1101 4861 est
1160 4821 1339 4876 operae.
1364 4811 1626 4879 pretium.
1660 4812 1826 4874 Forte
1873 4813 2016 4868 enim

2129 4813 2224 4868 τοῦ
2259 4813 2421 4867 πόνου
2433 4791 2621 4876 ’ἄξιον.
2639 4811 2792 4880 Τάχα
2812 4809 2920 4882 γὰρ
2941 4811 2970 4862 6
2997 4807 3197 4870 σκοπὸς
3221 4805 3333 4860 τῶν
3356 4807 3415 4857 ὲν
3433 4804 3543 4865 τοῖς
3564 4798 3718 4870 πρώ-

442 4907 645 4962 scopus
682 4907 874 4948 eorum
922 4911 1043 4964 quae
1093 4906 1223 4952 sunt
1273 4914 1304 4953 a
1351 4901 1513 4956 nobis
1563 4903 1912 4957 considerata
1967 4905 2025 4960 in

442 4985 715 5054 principio
751 4985 898 5051 libri,
937 4988 1176 5043 maxime
1217 4999 1451 5060 apparet
1489 4993 1544 5046 in
1601 4994 1705 5049 hac
1753 5004 1931 5064 parte,
1968 5004 2028 5050 ut

442 5075 749 5146 procedens
781 5092 878 5147 per
918 5083 1376 5150 consequentiam
1416 5087 1674 5140 ostendet
1719 5088 1920 5142 oratio.
1969 5088 2026 5144 In

445 5169 514 5224 iis
555 5185 678 5240 qua:
724 5181 1156 5240 praecesserunt,
1203 5174 1461 5229 damnata
1507 5185 1638 5232 sunt
1683 5180 1868 5234 omnia
1903 5191 2028 5235 tan-

446 5282 610 5333 quam
646 5282 804 5334 vana,
847 5268 903 5322 in
937 5285 1060 5339 qua)
1089 5271 1158 5333 ab
1193 5270 1416 5325 homine
1459 5274 1745 5328 confertur
1780 5273 2025 5330 studium

447 5357 518 5410 ob
548 5359 758 5412 nullum
796 5359 1010 5413 lucrum
1053 5359 1271 5414 animm.
1303 5358 1599 5418 Ostensum
1634 5371 1717 5418 est
1753 5365 1898 5419 enim
1933 5365 2032 5428 bo-

450 5461 604 5512 num,
639 5450 707 5503 ad
740 5451 886 5520 quod
928 5459 1012 5506 est
1049 5452 1371 5506 intuendum
1413 5470 1510 5524 per
1541 5471 1605 5510 ea
1646 5457 1846 5513 mentis
1876 5459 2032 5526 cogi-

453 5545 588 5602 tata,
612 5557 734 5609 qua:
766 5543 871 5596 sita
902 5527 1032 5597 sunt
1068 5544 1124 5598 in
1156 5545 1358 5614 capite.
1391 5545 1461 5600 lis
1493 5555 1676 5601 autem
1707 5547 1801 5616 qui
1846 5562 2038 5616 corpo-

455 5639 601 5681 ream
639 5634 982 5698 praetendunt
1013 5636 1378 5704 voluptatem,
1420 5637 1688 5706 oppositae
1725 5645 1856 5691 sunt
1897 5636 2038 5692 deli-

459 5716 556 5771 cia:
581 5733 702 5790 quae
727 5730 855 5772 sunt
889 5738 954 5776 ex
982 5723 1558 5792 sapientia.ﬂestat,ut
1585 5727 1827 5780 sciamus
1847 5741 2041 5796 quem~

530 5899 897 5969 vagantum,
934 5903 987 5957 4,
1062 5907 1104 5934 ⁸⁸
1152 5903 1171 5956 ι
1224 5903 1594 5975 Cor-1V2“.

2132 4921 2245 4968 τοις
2273 4903 2368 4956 τοῦ
2411 4901 2620 4972 βιϐλίου
2664 4898 3052 4976 θεωρηθέντων
3082 4899 3234 4968 ἡμῖν,
3267 4896 3326 4949 ἐν
3352 4894 3525 4963 τούτῳ
3555 4891 3718 4962 μάλι-

2136 5013 2237 5047 στα
2287 4991 2616 5064 φανεροῦται
2658 4991 2737 5061 τῷ
2775 4992 2952 5062 μέρει,
2987 4991 3062 5052 ὡς
3094 4987 3301 5060 προῖὼν
3344 4983 3605 5048 ἐπιδείξει
3636 4983 3718 5037 διὰ

2135 5087 2234 5157 τῆς
2265 5086 2592 5148 ἀκολουθίας
2631 5087 2659 5138 6
2698 5085 2877 5154 λόγος.
2924 5081 3293 5158 Κατεγνὼσθη
3339 5079 3409 5134 τὰ
3451 5079 3638 5131 πάντα
3665 5078 3720 5128 ἐν

2135 5181 2247 5241 τοῖς
2289 5177 2623 5248 προλαϐοῦσι
2677 5176 2858 5245 λόγοις
2901 5176 2977 5238 ὼς
3019 5175 3224 5244 μάταια
3251 5213 3266 5237 ,
3298 5173 3398 5225 ὅσα
3439 5167 3583 5223 κατὰ
3631 5167 3718 5220 τὸν

2137 5272 2424 5344 ἄνθρωπον
2472 5271 2559 5323 ἐπ’
2610 5268 2788 5322 οὐδενὶ
2839 5265 3057 5338 ψυχικῷ
3107 5264 3288 5336 κέρδει
3337 5257 3718 5321 σπουδάζεται.

2150 5362 2473 5433 ’Υπεδείχθη
2502 5361 2610 5432 γὰρ
2653 5359 2716 5412 τὸ
2749 5358 2986 5428 ἀγαθὸν,
3012 5356 3150 5430 πρὸς
3178 5356 3206 5408 ὂ
3236 5354 3343 5426 χρὴ
3383 5352 3469 5406 διὰ
3510 5349 3626 5404 τῶν
3652 5352 3715 5418 τῇ

2141 5457 2351 5527 κεφαλῇ
2401 5453 2738 5524 ἐγκειμένων
2784 5450 3080 5524 νοημάτων
3125 5445 3506 5519 βλέπεινοτοῖς
3537 5442 3595 5496 δὲ
3621 5440 3717 5510 τὴν

2145 5546 2461 5618 σωματικὴν
2482 5541 2898 5617 προῖσχομένοις
2923 5540 3224 5595 ἀπόλαυσιν
3247 5535 3551 5606 ἁντετέθηή
3579 5532 3716 5586 κατὰ

2137 5638 2237 5708 τὴν
2290 5636 2482 5704 σοφίαν
2532 5636 2734 5704 τρυφή.
2771 5631 2963 5684 Λείπει
3015 5631 3076 5684 τὸ
3124 5629 3328 5699 γνῶναι
3375 5626 3490 5690 πῶς
3530 5625 3593 5678 ἄν
3633 5635 3734 5682 1'..."

2139 5729 2259 5792 κατ’
2294 5727 2496 5798 ἀρετὴν
2519 5723 2725 5794 βιώσει,
2749 5723 3004 5796 καθάπερ
3035 5723 3156 5776 τινὰ
3190 5721 3387 5790 τέχνην
3407 5716 3500 5771 καὶ
3531 5712 3716 5786 ἔφοδδν
