3844 6352
125 473 221 530 697

1208 471 1274 528 ΙΝ
1311 465 1848 546 EiZCLESlASTEN.
1891 460 2176 519 HOMILIA
2209 459 2290 516 Vl.

3281 450 3388 507 698

131 597 259 667 πρὸς
279 594 380 665 τήν
410 594 508 648 τοῦ
535 594 648 665 βίου
670 593 1008 667 κατόρθωσιν
1033 593 1120 647 διὰ
1163 592 1256 646 τοῦ
1288 593 1449 660 λόγου
1497 589 1698 645 λαϐών.

1828 583 2100 640 [dmodum
2155 580 2224 635 sit
2261 593 2329 632 ex
2380 576 2584 630 virtute
2614 571 2928 634 vivendum,
2959 569 3195 640 quadam
3218 567 3388 620 veluti

131 685 308 740 Ταῦτα
325 679 420 738 οὖν
459 686 604 738 ἐστιν
631 684 667 739 ἃ.
695 685 1087 754 ἐπαγγέλλεται
1114 685 1244 754 ἡμῖν
1265 684 1321 734 ὲν
1339 680 1645 754 προοιμίοις
1669 681 1704 750 ἡ

133 775 462 845 προκειμένη
491 774 598 827 τῶν
631 774 805 842 λόγων
831 774 1103 840 ἐξέτασις,
1137 774 1196 826 ὲν
1233 760 1320 835 οἷς
1342 771 1706 839 ἀποφαίνεται

133 869 209 920 ὃτι
231 869 341 928 τοῖς
372 867 541 920 πᾶσιν
568 867 598 919 6
626 865 818 936 χρόνος
875 866 971 919 καὶ
1022 865 1212 936 καιρὸς
1245 864 1322 934 τῷ
1355 863 1518 918 παντὶ
1560 861 1706 931 πρά.-

136 974 292 1027 γματι
327 957 433 1010 ὑπὸ
465 957 558 1010 τδν
582 957 838 1030 οὐρανόν.
857 957 920 1010 Ei
942 957 1052 1027 γάρ
1071 974 1155 1020 τις
1180 955 1260 1026 τῷ
1290 955 1443 1025 βάθει
1463 956 1562 1024 τῆς
1593 955 1710 1008 δια-

137 1046 276 1109 νοίας
317 1045 613 1116 ὲγκύψειε,
655 1046 858 1116 πολλὴν
893 1045 960 1100 ἂν
1001 1045 1214 1116 εὖροιτο
1246 1045 1564 1115 φιλοσοφίαν
1603 1046 1706 1114 ὲμο

136 1138 595 1210 περιειλημμένην
620 1141 732 1203 τοῖς
757 1139 987 1210 ῥήμασι,
1009 1137 1350 1208 θεωρητικήν
1377 1155 1436 1190 τε
1458 1138 1552 1190 καὶ
1571 1153 1710 1206 συμ-

139 1227 483 1298 βουλευτικὴν
531 1229 640 1282 τῶν
679 1229 1086 1300 συμφερόντων.
1124 1230 1234 1282 Καὶ
1282 1229 1358 1292 ὡς
1389 1227 1456 1281 ἂν
1498 1228 1710 1296 γένοιτό

137 1335 212 1381 τις
250 1321 382 1390 ήμῖν
411 1319 480 1373 δι’
513 1320 710 1388 ὀλίγων
739 1319 929 1388 έφοδος
953 1320 1090 1392 πρὸς
1117 1319 1215 1390 τὴν
1241 1318 1334 1375 τοῦ
1376 1319 1541 1390 ῥητοῦ
1570 1319 1708 1372 θεω-

140 1410 276 1479 ρίαν,
306 1411 508 1463 οὑτωσὶ
540 1410 631 1464 τὸν
657 1411 814 1480 λόγον
842 1410 1246 1482 διαληψόμεθα·
1277 1410 1400 1466 Τῶν
1429 1410 1617 1473 ὄντων,
1648 1410 1710 1462 τὸ

142 1501 234 1571 μέν
273 1505 420 1556 ἐστιν
457 1503 644 1557 ὑλικόν
681 1521 742 1557 τε
778 1506 874 1558 καὶ
904 1503 1164 1575 αἰσθητόν
1188 1519 1201 1531 ·
1230 1503 1293 1556 τὸ
1324 1503 1382 1556 δὲ
1428 1504 1618 1574 νοητόν
1650 1521 1711 1556 τε

139 1594 225 1646 καὶ
250 1592 428 1647 ἄῦλον.
466 1593 684 1649 Τούτων
721 1595 782 1648 τὸ
809 1596 908 1666 μὲν
935 1594 1228 1666 ἀσώματον
1255 1594 1578 1665 ὑπέρκειται
1610 1594 1712 1664 τῆς

140 1683 394 1753 αἰσθητῆς
424 1683 810 1754 καταλήψεως,
915 1685 1038 1739 τότε
1077 1684 1423 1756 γνωσόμεθα,
1451 1685 1580 1738 ὅταν
1611 1684 1711 1747 τὰς

139 1770 409 1840 αἰσθήσεις
455 1770 875 1842 ἀποδυσώμεθα.
930 1772 1043 1842 Τῆς
1073 1772 1131 1825 δὲ
1181 1772 1372 1843 ὑλικῆς
1429 1768 1709 1843 φύσεωςή

140 1858 376 1929 αἴσθησις
407 1858 513 1930 τὴν
542 1859 828 1930 ἀντίληψιν
859 1860 1081 1930 ἔχουσα,
1115 1861 1366 1931 διαϐῆναι
1399 1861 1461 1914 τὸ
1491 1863 1711 1934 οὐρανι-

141 1947 226 1999 κὸν
248 1947 425 2018 σῶμα,
459 1949 557 2001 καὶ
589 1951 669 2012 είς
705 1949 777 2001 τὰ
805 1949 1063 2003 ἐπέκεινα
1087 1948 1196 2002 τῶν
1228 1949 1565 2020 φαινομένων
1597 1949 1711 2002 δια-

1828 1959 2085 2024 ιιιεῑθηυε
2111 1961 2245 2006 tunc
2275 1964 2697 2021 cognoscemus,
2738 1947 2962 2018 quando
2999 1962 3202 2002 sensus
3234 1959 3399 1998 exue-
3501 1951 3505 1954 '

141 2039 282 2092 δῦναι
309 2039 474 2108 φύσιν
503 2040 602 2092 οὐκ
639 2038 774 2109 ἔχει.
803 2035 876 2094 Οὖ
908 2040 1070 2111 χάριν
1100 2039 1170 2093 τὰ
1200 2040 1329 2108 περὶ
1364 2039 1475 2092 τῶν
1505 2040 1708 2109 γηΐνων

143 2131 228 2182 καὶ
275 2131 615 2202 ἐπουρανίων
655 2133 683 2184 6
715 2132 873 2200 λόγος
916 2134 1046 2204 ήμίν
1095 2132 1422 2200 διαλέγεται,
1453 2134 1601 2196 ὅπως
1645 2132 1712 2186 ἂν

139 2221 442 2286 ἀπταίστως
469 2224 528 2276 ὲν
551 2223 724 2294 τούτῳ
753 2224 1072 2295 διαϐιῶμεν.
1102 2225 1314 2289 ’Υλικὸς
1332 2216 1487 2287 οὗτος
1514 2226 1542 2277 6
1577 2223 1710 2294 βίος,

141 2312 222 2365 διὰ
272 2314 473 2384 σαρκὸς
517 2316 551 2385 ή
583 2315 718 2387 ζωή.
769 2314 1171 2370 Ἐπισκοτείται
1213 2315 1270 2369 δέ
1314 2333 1431 2378 πως
1471 2315 1576 2368 ὑπὸ
1603 2315 1714 2368 τῶν

144 2411 255 2460 κατ’
300 2407 556 2480 αἴσθησιν
609 2411 1022 2481 ἐμφαινομένων
1076 2414 1109 2482 ἡ
1140 2409 1234 2464 τοῦ
1270 2410 1437 2465 καλοῦ
1489 2409 1712 2481 θεωρία.

155 2499 206 2550 Ἐ
217 2501 485 2571 πιστήμης
508 2495 600 2554 οὗν
621 2518 764 2565 τινος
787 2503 923 2575 πρὸς
951 2501 1050 2573 τὴν
1078 2502 1174 2556 τοῦ
1194 2501 1361 2556 καλοῦ
1383 2501 1564 2573 κρίσιν
1591 2503 1714 2553 ἐπι-

145 2588 360 2658 δεόμεθα
386 2630 402 2655 ,
439 2591 532 2644 ἵνα
579 2592 831 2665 καθάπερ
875 2594 970 2645 ἐπὶ
1015 2592 1125 2646 τῶν
1172 2592 1716 2662 κατασκευασμάτων

147 2679 310 2733 κανών
335 2699 420 2745 τις
450 2683 488 2752 ἢ
530 2683 841 2756 ὲπιστάθμη
891 2684 1146 2755 διευθύνῃ
1177 2686 1287 2737 πᾶν
1322 2684 1383 2736 τὸ
1410 2684 1714 2753 γινόμενον.

147 2770 304 2826 Τοῦτο
341 2771 434 2827 οὖν
482 2777 618 2844 ἡμῖν
652 2775 757 2828 ὑπὸ
793 2773 888 2828 τοῦ
936 2776 1094 2844 λόγου
1129 2775 1531 2846 προδείκνυται,
1556 2774 1623 2826 δι’
1656 2766 1718 2826 οὗ

151 2864 274 2933 πρὸς
301 2865 361 2918 τὸ
385 2867 507 2920 δέον
532 2869 564 2936 ή
599 2868 710 2939 ζωὴ
741 2867 1148 2921 κατευθύνεται.

1807 685 1924 734 arte
1975 683 2029 730 et
2074 670 2333 765 metitde
2371 685 2486 739 per.
2514 668 2784 723 rationem
2829 670 3054 734 accepta
3105 660 3172 714 ad
3221 662 3388 714 vitam

1808 774 1958 822 recte
1986 751 2310 836 degendam.
2347 759 2474 813 Haec
2505 764 2634 812 sunt
2660 769 2791 826 ergo
2821 768 2941 823 qua:
2970 752 3128 806 nobis
3162 751 3391 820 pollice-

1807 868 1899 913 tur
1926 860 1981 913 in
2015 857 2282 929 prooemio
2309 854 2592 924 proposita
2623 849 2915 904 verborum
2942 843 3297 903 examinatio,
3337 843 3393 894 in

1807 951 2009 1023 quibus
2044 946 2368 1018 pronuntiat
2404 961 2528 1000 esse
2569 953 2785 1012 tempus
2829 951 2883 995 et
2921 938 3390 1010 opportunitatem

1808 1043 2084 1098 universa:
2109 1041 2188 1094 rei
2215 1039 2318 1094 sub
2351 1038 2514 1091 coelo.
2550 1035 2608 1089 Si
2635 1033 2759 1104 quis
2792 1033 2939 1087 enim
2965 1028 3391 1101 profunditatem

1810 1149 2015 1191 sensus
2050 1130 2466 1200 introspexerit,
2508 1127 2752 1182 inveniet
2783 1126 2838 1179 in
2875 1125 3057 1179 verbis
3085 1137 3210 1178 esse
3240 1133 3394 1174 com-

1807 1227 2144 1298 prehensum
2200 1223 2432 1277 multum
2476 1218 2863 1292 philosophiae,
2905 1225 3016 1270 tam
3057 1213 3396 1282 contempla-
3461 1224 3466 1226 '

1810 1319 1958 1382 tivre,
1993 1331 2158 1387 quam
2198 1314 2320 1384 ejus
2349 1298 2472 1384 qua:
2509 1311 2752 1368 consulit
2781 1327 2844 1366 ea
2893 1324 3015 1380 quae
3048 1315 3176 1363 sunt
3216 1306 3391 1359 utilia.

1811 1409 1884 1466 Ut
1914 1418 2095 1465 autem
2118 1408 2190 1463 sit
2213 1407 2374 1462 nobis
2400 1406 2591 1476 paucis
2621 1415 2771 1461 certa
2795 1405 2879 1458 via
2904 1419 2967 1456 ac
2991 1401 3132 1456 ratio
3164 1398 3233 1478 ad,
3264 1413 3396 1452 con-

1811 1508 2020 1557 textum
2059 1497 2499 1567 intelligendum,
2535 1495 2603 1550 de
2642 1510 2707 1550 eo
2739 1501 2978 1548 tractare
3004 1492 3080 1545 ita
3114 1487 3396 1559 aggredie-

1812 1606 1938 1646 mur
1961 1604 1973 1640 :
1994 1589 2069 1644 Ex
2096 1591 2164 1644 iis
2190 1604 2312 1658 qua:
2335 1594 2486 1651 sunt,
2515 1585 2662 1641 aliud
2681 1584 2900 1654 quidem
2929 1592 3013 1637 est
3041 1579 3322 1635 materiale
3342 1586 3396 1632 et

1811 1683 2048 1740 sensile:
2081 1681 2227 1736 aliud
2248 1690 2430 1734 autem
2465 1679 2612 1749 quod
2650 1677 2800 1732 cadit
2827 1676 2929 1730 sub
2959 1672 3392 1743 intelligentiam,

1810 1778 1866 1825 et
1909 1777 1996 1826 est
2037 1784 2236 1838 expers
2273 1769 2536 1822 materiae.
2573 1768 2648 1819 Ex
2685 1766 2774 1832 iis,
2806 1765 2857 1818 id
2891 1762 3109 1832 quidem
3142 1762 3286 1831 quod
3314 1769 3399 1814 est

1815 1861 2224 1930 incorporeum,
2255 1866 2553 1928 exsuperat
2587 1871 2786 1912 sensus
2825 1854 3395 1926 comprehensionem,

1816 2045 2012 2098 rimus.
2039 2042 2372 2098 Materialem
2395 2051 2576 2095 autem
2605 2050 2858 2094 naturam
2885 2053 3082 2094 sensus
3106 2037 3402 2106 apprehen-

1815 2135 1974 2202 dens,
2009 2150 2119 2189 non
2165 2142 2252 2189 est
2291 2134 2412 2202 ejus
2451 2140 2663 2186 naturae
2703 2139 2761 2185 ut
2795 2131 2968 2200 possit
3016 2129 3253 2183 transire
3288 2141 3400 2179 coe-

1814 2225 1954 2280 leste
1989 2238 2217 2293 corpus,
2246 2233 2300 2277 et
2328 2219 2626 2292 pervadere
2659 2221 2802 2274 ultra
2836 2234 2898 2274 ea
2935 2233 3042 2292 que
3073 2225 3400 2272 cernuntur.

1816 2316 2185 2383 Quamobrem
2218 2315 2376 2371 nobis
2404 2314 2647 2384 loquitur
2669 2327 2854 2368 sermo
2880 2312 2947 2366 de
2975 2311 3140 2366 rebus
3167 2309 3404 2363 terrenis

1816 2415 1871 2463 et
1897 2406 2241 2468 caelestibus,
2291 2411 2351 2458 ut
2386 2405 2526 2458 citra
2567 2419 2813 2459 errorem
2865 2403 2920 2455 in
2968 2402 3073 2455 bac
3103 2401 3214 2454 vita
3256 2399 3408 2452 viva-

1819 2514 1963 2554 mus.
2000 2497 2300 2553 Materialis
2336 2489 2451 2552 haec
2487 2497 2598 2552 vita
2628 2504 2714 2552 est
2738 2496 2850 2550 vita
2889 2481 2988 2565 per
3033 2507 3274 2548 carnem.
3325 2491 3407 2543 Ab

1821 2591 1890 2646 iis
1935 2599 2119 2646 autem
2152 2605 2274 2661 quae
2320 2604 2420 2660 per
2469 2604 2695 2645 sensum
2738 2594 3025 2657 appanent,
3074 2586 3406 2639 obscuratur

1821 2683 2226 2753 quodammodo
2259 2682 2654 2752 contemplatio
2683 2681 2804 2750 ejus
2829 2678 2974 2748 quod
3003 2684 3087 2732 est
3121 2678 3324 2732 bonum
3354 2680 3408 2728 et

1824 2772 2138 2827 honestum.
2188 2771 2340 2841 Opus
2386 2779 2472 2827 est
2516 2786 2648 2842 ergo
2677 2771 2862 2841 aliqua
2897 2769 3129 2825 scientia
3169 2766 3233 2820 ad
3262 2764 3411 2834 judi-

1823 2863 2060 2918 candum
2098 2863 2150 2917 id
2180 2863 2327 2934 quod
2369 2871 2454 2917 est
2496 2863 2698 2917 bonum
2748 2870 2804 2917 et
2849 2862 3158 2923 honestum,
3199 2866 3260 2912 ut
3290 2867 3411 2910 tan-

152 2967 298 3020 quam
343 2955 398 3010 in
441 2955 697 3012 adiﬁciis
734 2958 924 3029 regula
965 2959 1148 3027 aliqua
1191 2965 1286 3028 aut
1333 2957 1594 3022 amussis,
1637 2955 1690 3009 id
1731 2961 1907 3008 totum
1943 2954 2088 3024 quod
2143 2953 2204 3008 ﬁt
2243 2953 2466 3024 dirigat.
2514 2954 2598 3009 Ab
2630 2954 2880 3008 oratione
2924 2966 3055 3022 ergo
3101 2951 3205 3006 hoc
3252 2947 3412 3004 nobis

153 3043 290 3110 prius
315 3045 650 3111 ostenditur,
683 3063 780 3118 per
809 3049 958 3119 quod
985 3051 1096 3103 vita
1125 3050 1385 3121 dirigitur
1415 3049 1484 3104 ad
1525 3049 1575 3103 id
1615 3047 1762 3117 quod
1802 3055 2041 3116 oportet.

213 3138 309 3192 Δύο
361 3141 470 3213 γὰρ
528 3137 668 3196 εἷναί
721 3160 853 3213 φησι
901 3143 994 3196 τοῦ
1056 3143 1223 3202 καλοῦ
1263 3145 1527 3215 κριτήρια
1572 3141 1724 3212 παρὰ

151 3229 233 3281 τὸν
279 3230 409 3300 βίον,
449 3233 539 3302 ἐφ’
589 3233 808 3304 ἑκάστῳ
838 3233 951 3286 τῶν
991 3235 1129 3305 ὲντῇ
1175 3233 1286 3304 ζωῇ
1331 3233 1506 3304 ταύτῃ
1555 3249 1722 3284 σπου-

1901 3139 2047 3194 Dicit
2095 3139 2240 3194 enim
2281 3138 2392 3193 duo
2427 3143 2573 3204 esse,
2622 3154 2721 3209 per
2755 3150 2878 3209 quae
2921 3136 3069 3208 quod
3107 3137 3309 3191 bonum
3363 3143 3417 3188 et

1830 3230 2127 3286 honestum
2156 3237 2240 3284 est
2283 3229 2566 3299 judicatur
2600 3230 2652 3283 in
2703 3230 2832 3293 vita,
2871 3228 2927 3283 in
2959 3243 3290 3298 unoquoque
3323 3241 3418 3280 eo—

151 3320 441 3393 δπζομένων
469 3362 488 3388 ,
526 3323 589 3376 τὸ
645 3324 959 3395 σύμμετρον
1017 3326 1111 3378 καὶ
1169 3325 1229 3377 τὸ
1283 3323 1558 3393 εῠκαιρον.
1614 3322 1724 3375 Καὶ

1828 3338 1947 3374 rum
1971 3322 2026 3375 in
2045 3336 2167 3390 qua
2187 3320 2430 3374 studium
2452 3321 2506 3376 in
2535 3335 2596 3375 ea
2615 3319 2900 3375 confertur
2926 3337 2939 3374 :
2969 3334 3162 3388 nempe
3191 3331 3419 3388 symme-

153 3411 295 3466 τοῦτο
352 3415 670 3486 δογματίζει
725 3415 820 3470 νῦν
879 3415 1084 3483 λέγων·
1112 3416 1236 3478 Τοῖς
1292 3417 1457 3468 πᾶσιν
1509 3417 1536 3468 6
1593 3413 1722 3485 χρό-

154 3521 269 3567 νος,
307 3509 398 3561 καὶ
462 3508 656 3578 καιρὸς
687 3508 764 3579 τῷ
821 3509 984 3562 παντὶ
1037 3509 1342 3580 πράγματι.
1386 3506 1624 3576 Νοητέον
1669 3505 1733 3558 δὲ’

155 3596 264 3650 ἀντὶ
300 3598 392 3653 τοῦ
441 3599 639 3671 χρόνου
693 3601 756 3653 τὸ
807 3601 1028 3672 μέτρον,
1073 3600 1206 3654 διότι
1263 3601 1426 3653 παντὶ
1478 3599 1586 3652 τῶν
1637 3617 1726 3667 γι-

155 3688 376 3756 νομένων
413 3691 914 3762 συμπαρατείνεται
942 3692 1151 3762 χρόνος.
1191 3690 1376 3744 Ταῦτα
1406 3690 1585 3744 τοίνυν
1632 3690 1725 3743 τοῦ

158 3775 306 3830 καλοῦ
339 3779 406 3833 τὰ
445 3781 732 3851 κριτήρια,
766 3783 814 3834 εἰ
851 3781 924 3851 μὴ
957 3780 1181 3834 καθόλου
1213 3780 1350 3851 πρὸς
1389 3781 1568 3832 πᾶσαν
1597 3779 1726 3850 ἀρε-

157 3866 247 3934 τῆς
284 3870 621 3942 κατόρθωσιν
673 3871 992 3942 ἐπιτηδείως
1029 3870 1160 3941 ἔχει,
1201 3869 1354 3923 οὑπω
1400 3868 1728 3938 διισχυρίζο-

162 3974 266 4030 μαι,
295 3960 397 4024 ’έως
432 3960 501 4014 ἂν
527 3963 556 4017 ὁ
580 3958 737 4032 λόγος
765 3961 969 4033 προῖὼν
1001 3960 1260 4032 ἐπιδείξῃ.
1294 3961 1413 4014 Ὅτι
1451 3961 1635 4030 μέντοι
1669 3959 1731 4012 τὸ

159 4048 324 4104 πλεῖον
359 4053 461 4122 τῆς
500 4052 836 4124 τεταγμένης
873 4051 1017 4123 Coiﬁ;
1061 4055 1128 4124 τῇ
1167 4051 1386 4123 τοιαύτῃ
1436 4051 1731 4120 κατορθού-

159 4156 239 4192 ται
285 4144 685 4215 παρατηρήσει,
739 4145 940 4207 παντὸς
981 4145 1046 4199 ἂν
1093 4144 1178 4213 εἴη
1233 4145 1585 4213 κατανοῆσαι.
1636 4143 1732 4206 Τίς

162 4232 260 4303 γὰρ
287 4235 385 4288 οὐκ
411 4231 554 4288 οἶδεν
581 4236 664 4288 ὃτι
701 4235 796 4288 καὶ
839 4236 871 4305 ή
914 4235 1083 4306 ἁρετὴ
1113 4235 1308 4306 μέτρον
1330 4236 1447 4287 ἐστὶ
1474 4236 1538 4304 τῇ
1574 4233 1734 4303 μεσό-

160 4336 269 4390 τητι
313 4323 418 4377 τῶν
463 4324 1006 4395 παραθεωρουμένων
1054 4324 1450 4397 μετρούμενον;
1513 4325 1587 4377 Οὐ
1625 4323 1734 4395 γὰρ

160 4411 220 4464 ἂν
245 4415 448 4481 γένοιτο
482 4417 652 4487 ἀρετὴ
685 4418 719 4487 ή
754 4416 977 4488 ἐλλιπὴς
1001 4417 1096 4470 τοῦ
1127 4417 1459 4488 καθήκοντος
1507 4418 1732 4489 μέτρου,

161 4503 189 4571 ἦ
225 4505 659 4576 ὑπερπίπτουσα,
697 4501 806 4560 οἷον
853 4507 947 4560 ἐπὶ
984 4507 1084 4576 τῆς
1125 4507 1398 4578 ἀνδρείας,
1435 4501 1500 4578 ἧς
1540 4507 1601 4560 τὸ
1637 4508 1735 4576 μὲν

161 4593 409 4663 ἐλλεῖπον,
453 4597 642 4662 δειλία,
671 4597 732 4652 τὸ
765 4597 823 4650 δὲ
863 4597 1233 4670 ὑπερϐάλλον,
1268 4597 1467 4667 θράσος
1503 4597 1732 4664 γίνεται.

1831 3414 1937 3466 tria
1963 3422 2018 3467 et
2054 3413 2460 3482 opportunitas.
2503 3413 2578 3467 De
2619 3428 2684 3467 eo
2729 3424 2911 3466 autem
2947 3426 3093 3465 nunc
3137 3410 3418 3464 decretum

1830 3503 2047 3564 statuit,
2085 3503 2316 3556 dicens:
2359 3499 2628 3556 Omnibus
2661 3510 2747 3556 est
2790 3509 3025 3570 tempus,
3072 3506 3126 3553 et
3154 3507 3420 3568 Opportu-

1830 3596 1978 3650 nitas
2020 3596 2291 3649 universae
2336 3595 2437 3648 rei.
2485 3593 2590 3649 Pro
2617 3602 2862 3664 tempore
2897 3600 3079 3646 autem
3118 3590 3422 3660 intelligere

1831 3696 2050 3758 oportet
2117 3688 2340 3742 modum
2407 3702 2504 3741 seu
2555 3701 2888 3749 mensuram,
2934 3690 3222 3754 propterea
3272 3681 3421 3751 quod

1831 3794 1956 3833 cum
1985 3777 2231 3846 quolibet
2272 3793 2463 3833 eorum
2495 3793 2616 3870 quae
2653 3776 2789 3830 ﬁunt
2831 3784 3046 3844 tempus
3101 3774 3266 3828 simul
3322 3788 3421 3826 ex-

1832 3870 2109 3925 tendatur.
2149 3870 2276 3924 Hzec
2331 3884 2462 3939 ergo
2516 3867 2718 3938 quibus
2779 3869 2984 3922 bonum
3033 3875 3089 3922 et
3130 3867 3422 3919 honestum

1829 3962 2170 4033 judicantur,
2203 3977 2272 4015 an
2308 3961 2420 4016 sint
2448 3962 2677 4015 omnino
2707 3966 2836 4031 epta
2867 3959 2933 4012 ad
2967 3972 3184 4012 omnem
3213 3964 3420 4010 rectam

1832 4071 1898 4110 ex
1929 4056 2133 4109 virtute
2177 4054 2477 4118 actionem,
2525 4052 2770 4106 nondum
2805 4052 3104 4113 constituo,
3149 4049 3325 4102 donec
3370 4043 3426 4100 id

1833 4145 2140 4214 procedens
2187 4143 2448 4198 ostendat
2493 4143 2696 4196 oratio.
2757 4139 2912 4206 Quod
2962 4150 3140 4194 autem
3189 4136 3425 4190 maxima

1835 4249 1964 4305 pars
1993 4235 2115 4288 vitae
2141 4248 2268 4288 vere
2297 4233 2565 4287 institutae
2593 4248 2653 4288 se
2689 4239 2839 4287 recte
2864 4238 3039 4300 gerat,
3071 4244 3136 4284 ea
3168 4229 3426 4283 observa-

1837 4327 1982 4379 tione
2015 4332 2193 4393 potest
2232 4323 2462 4392 quilibet
2491 4323 2829 4392 perspicere.
2865 4320 3004 4387 Quis
3047 4321 3193 4375 enim
3249 4319 3429 4372 nescit

1835 4415 2099 4468 virtutem
2159 4427 2285 4468 esse
2333 4427 2674 4477 mensuram,
2717 4425 2883 4480 quam
2925 4410 3150 4464 metitur
3189 4408 3428 4462 nedium

1837 4521 2029 4562 eorum
2057 4519 2181 4575 qua:
2217 4504 2376 4574 juxta
2425 4517 2546 4558 eam
2595 4501 3060 4557 considerantur?
3104 4498 3224 4553 Non
3281 4500 3429 4553 enim

1844 4604 2027 4668 potest
2072 4610 2200 4650 esse
2225 4595 2423 4656 virtus,
2476 4595 2567 4648 cui
2605 4594 2689 4648 vel
2734 4593 2909 4657 deest,
2955 4593 3043 4646 vel
3087 4592 3176 4646 cui
3213 4589 3431 4646 excedit

162 4679 228 4737 Οὗ
251 4689 403 4760 χάριν
430 4692 524 4745 καί
561 4707 704 4754 τινες
729 4689 830 4760 τῆς
855 4689 960 4754 ἔξω
987 4686 1197 4756 σοφίας,
1220 4685 1448 4742 κλέπται
1467 4687 1608 4760 τάχα
1633 4687 1724 4740 τῶγ

1845 4686 2191 4741 conveniens
2221 4698 2507 4747 mensura,
2549 4690 2608 4735 ut
2638 4682 2695 4734 in
2729 4684 2912 4752 magni
2947 4691 3001 4737 et
3027 4682 3233 4736 excelsi
3260 4698 3326 4734 an
3354 4681 3430 4734 mi

163 4776 429 4849 ἡμετέρων
455 4779 755 4849 γενόμενοι,
782 4777 1077 4847 διελόμενοι
1108 4777 1207 4846 τὴν
1241 4773 1648 4845 σημαινομένην
1678 4773 1736 4826 ἐν

163 4864 232 4935 τῷ
259 4869 403 4940 ῥητῷ
439 4869 616 4940 τούτῳ
648 4869 910 4930 διάνοιαν,
951 4869 979 4920 6
1018 4867 1114 4937 μὲν
1150 4865 1211 4918 τὸ
1247 4865 1412 4935 μηδὲν
1449 4863 1736 4924 ἐλλείπειν,

164 4954 216 5005 ὲν
255 4957 632 5030 ἁποφθέγματι
667 4957 1104 5024 συνεϐούλευσεν,
1139 4959 1166 5009 ὁ
1203 4956 1259 5009 δὲ
1296 4956 1356 5008 τὸ
1389 4955 1508 5008 λίαν
1538 4954 1742 5009 ἐκώλυ-

166 5063 278 5103 σεν⁶
307 5051 335 5102 6
368 5053 467 5121 μὲν
495 5051 606 5122 γὰρ
637 5051 698 5104 τὸ
740 5051 936 5121 μέτρον
975 5049 1196 5119 ἄριστον
1239 5049 1587 5118 ἀπεφήνατο,
1627 5050 1656 5100 6
1683 5046 1740 5100 δὲ

164 5138 221 5190 1:5
263 5141 423 5212 μηδὲν
467 5142 608 5212 ἄγαν
651 5141 1061 5212 ἐνομοθέτησεν.
1103 5139 1386 5192 Δείκνυται
1421 5139 1478 5191 δὲ
1515 5137 1581 5192 δι’
1617 5139 1741 5190 ἐκα-

167 5228 346 5299 τέρων,
394 5235 473 5287 ὅτι
521 5229 619 5288 καὶ¹
658 5233 719 5287 τὸ
751 5233 826 5304 μὴ
851 5231 1135 5300 ἐφικέσθαι
1175 5229 1269 5284 τοῦ
1314 5228 1741 5298 ὲπιζητουμένου

169 5322 280 5373 κατ’
311 5324 507 5396 ἀρετὴν
540 5326 763 5394 μέτρου,
808 5323 916 5377 τῶν
962 5322 1424 5392 κατεγνωσμένων
1466 5321 1602 5382 ἐστὶ,
1650 5318 1745 5372 καὶ

171 5411 226 5463 τὸ
284 5415 635 5485 ὑπερϐάλλειν
687 5416 784 5485 τὴν
830 5415 1170 5485 συμμετρίαν
1217 5414 1540 5484 ἀπόϐλητον.
1586 5413 1745 5467 Ἀλλὰ

173 5505 258 5556 καὶ
295 5507 543 5578 περὶτοῦ
583 5508 726 5563 κατὰ
767 5507 865 5579 τὴν
919 5509 1204 5576 εὐκαιρίαν
1262 5508 1463 5579 μέρους
1505 5509 1534 5559 6
1583 5508 1747 5572 αὐτὸς

175 5592 234 5645 ἂν
269 5596 396 5665 ἡμῖν
423 5599 817 5669 ἀποδοθήσεται
853 5600 1009 5667 λόγος
1026 5618 1040 5632 ·
1063 5600 1145 5652 ὅτι
1172 5596 1297 5653 οὔτε
1324 5599 1384 5652 τὸ
1423 5599 1745 5669 προλαμϐά·

175 5701 257 5738 νον
302 5689 398 5760 τὴν
442 5692 746 5763 εὐκαιρίαν,
789 5690 910 5745 οὕτε
961 5693 1023 5746 τὸ
1072 5691 1422 5764 ὲφυστερίζον
1451 5694 1508 5746 ὲν
1542 5690 1748 5760 ἀγαθοῦ

179 5777 408 5846 κρίνεται
455 5793 637 5856 μοίρᾳ.
692 5785 758 5838 Τί
809 5784 986 5856 ὢνησε
1030 5785 1120 5839 τὸν
1149 5785 1424 5854 γεωπόνον
1457 5784 1752 5856 ἐμπιστεύα

183 5883 338 5924 σαντα
387 5873 482 5943 τὴν
530 5877 635 5932 τῶν
683 5876 967 5948 ἀσταχύων
1006 5876 1200 5948 τομὴν,
1250 5877 1378 5949 πρὶν
1422 5878 1750 5949 ἁδρυνθῆναι

1841 4777 2070 4842 virtute,
2105 4775 2270 4844 cujus
2317 4772 2465 4843 quod
2514 4772 2700 4826 deﬁcit
2733 4771 2979 4841 quidem,
3011 4779 3098 4826 est
3138 4769 3429 4833 timiditas,

1848 4867 1999 4939 quod
2039 4875 2339 4937 exsuperat
2391 4873 2599 4929 autem,
2649 4873 2734 4920 est
2784 4864 3036 4919 audacia.
3063 4863 3431 4930 Quamobrem

1840 4967 2100 5015 externae
2131 4956 2418 5026 sapientiae
2454 4955 2732 5019 nonnulli,
2769 4970 2800 5008 a
2836 4955 3046 5010 nostris
3083 4954 3224 5007 forte
3263 4950 3434 5006 δυσυ-

1841 5051 1968 5116 rati,
2010 5049 2426 5119 distinguentes
2458 5063 2688 5102 sensum
2725 5048 2818 5116 qui
2857 5051 2911 5100 in
2939 5047 3044 5100 hoc
3069 5053 3219 5098 textu
3261 5041 3434 5110 signi-

1844 5143 2066 5205 ﬁcatur,
2101 5140 2248 5194 alius
2291 5139 2538 5209 quidem,
2592 5147 2652 5192 ut
2696 5139 2833 5192 nihil
2885 5137 3103 5191 deesset
3157 5132 3435 5187 consuluit

1834 5232 1889 5288 in
1905 5231 2359 5302 apophthegmate
2386 5248 2400 5284 :
2426 5230 2572 5285 alius
2594 5245 2724 5283 vero
2747 5230 2892 5297 quod
2922 5228 3152 5281 nimium
3174 5233 3277 5289 est,
3311 5238 3428 5292 pro-

1845 5319 2044 5375 hibuit.
2079 5321 2216 5375 Nam
2265 5321 2612 5390 bicquidem
2647 5336 2773 5376 esse
2803 5332 3120 5373 mensuram
3169 5315 3436 5384 optimam

1845 5411 2272 5483 pronuntiavit:
2321 5413 2462 5468 alter
2501 5427 2632 5466 vero
2669 5419 2727 5465 ttt
2759 5426 2829 5465 ne
2878 5409 3010 5479 quid
3052 5416 3201 5463 esset
3239 5407 3428 5473 nimis,

1846 5503 1967 5579 lege
1998 5511 2205 5565 sanxit.
2238 5509 2344 5565 Per
2368 5517 2669 5578 utrumque
2703 5513 2889 5560 autem
2921 5503 3252 5567 ostenditur,
3288 5500 3437 5572 quod

1845 5616 1958 5656 non
2007 5603 2233 5672 assequi
2270 5615 2591 5657 mensuram
2632 5615 2753 5670 qua:
2799 5614 2866 5652 ex
2907 5598 3108 5652 virtute
3151 5595 3437 5667 quaeritur,

1846 5698 1932 5746 est
1967 5707 2034 5747 ex
2085 5692 2154 5748 iis
2190 5707 2312 5762 quae
2346 5699 2478 5747 sunt
2532 5691 2830 5760 reprobata
2862 5708 2875 5743 :
2930 5695 2985 5743 et
3016 5687 3435 5743 convenientem

1847 5797 2183 5852 exsuperare
2230 5783 2492 5848 modum,
2549 5789 2636 5837 est
2692 5780 3078 5852 rejiciendum.
3134 5778 3242 5834 Sed
3284 5784 3339 5833 ct
3370 5777 3439 5830 de

1851 5884 2004 5944 parte
2037 5876 2482 5948 opportunitatis
2512 5876 2658 5933 idem
2713 5876 2935 5948 quoque
2971 5891 3002 5930 a
3044 5873 3204 5933 nobis
3248 5872 3437 5930 traue-
