3874 6416
476 460 588 521 699

1754 476 1813 531 S.
1848 477 2175 536 GREGORII
2216 482 2510 540 NYSSENI

3642 488 3755 543 700

480 590 609 632 tur:
644 592 842 648 nempe
874 579 1023 675 quod
1047 595 1235 675 neque
1261 584 1408 653 quod
1440 589 1704 655 pravenit
1731 596 2055 662 Opportuni-

2168 599 2279 653 καθ’
2330 600 2481 672 ὥραν
2520 601 2589 654 τὰ
2632 600 2776 673 λήῖα,
2824 604 2857 674 ἢ
2912 603 3282 675 ὑπερθέμενον
3324 602 3426 674 τήν
3475 602 3603 673 περὶ
3660 604 3757 659 τὸν

479 676 669 733 tatem,
686 684 865 738 neque
881 671 1025 740 quod
1043 671 1101 725 fit
1118 674 1353 740 tardius,
1369 677 1573 733 bonum
1599 690 1877 737 censetur.
1914 683 2056 749 Quid

476 758 989 831 prodestagricola,
1006 766 1097 819 cui
1113 768 1368 824 mandata
1385 778 1469 825 est
1481 787 1612 827 cura
1631 776 1880 830 secanda
1897 792 2055 848 sege-

478 852 566 916 tis,
582 852 627 906 si
648 852 969 923 priusquam
990 856 1064 911 sit
1077 873 1235 928 seges
1258 871 1495 927 matura,
1511 879 1632 919 eam
1649 875 1819 933 secet,
1837 877 1929 922 aut
1945 885 2057 925 me-

407 1014 419 1025 _
474 948 589 995 tere
617 939 861 1008 diﬁerat,
878 943 1057 1001 donec
1083 961 1152 1002 ex
1167 948 1369 1006 culmis
1389 951 1969 1010 emuxerintsemina?
1994 956 2057 1012 In

475 1040 673 1089 neutro
704 1036 850 1089 enim
881 1038 955 1091 ita
992 1049 1284 1095 exercetur
1316 1043 1561 1097 studium
1595 1056 1653 1099 ut
1684 1047 1758 1103 sit
1795 1046 1850 1101 in
1887 1049 2053 1113 bono,

474 1130 671 1192 utpote
698 1125 845 1194 quod
891 1128 1132 1183 secando
1168 1131 1485 1201 importune
1512 1134 1706 1204 perdat
1732 1137 2058 1206 opportuni-

476 1221 644 1270 tatem
685 1218 973 1288 temporis.
1014 1219 1175 1286 Quod
1205 1231 1388 1277 autem
1429 1223 1635 1280 dictum
1676 1234 1759 1281 est
1785 1226 1844 1281 in
1884 1236 2056 1297 parte,

473 1305 706 1379 intelligi
748 1318 932 1380 potest
981 1312 1147 1367 etiam
1194 1314 1251 1369 in
1300 1315 1582 1372 universo.
1627 1315 1869 1387 ldipsum
1911 1318 2059 1373 enim

474 1402 733 1457 usuvenit
771 1403 939 1459 etiam
978 1403 1032 1459 in
1070 1406 1446 1479 navigatione,
1473 1408 1590 1465 sive
1618 1410 1889 1481 quispiam
1916 1425 2058 1482 pra-

473 1493 684 1549 venerit
732 1496 1234 1565 opportunitatem,
1302 1500 1421 1557 sive
1470 1500 1688 1557 tardius
1738 1504 2056 1558 accesserit.

474 1581 620 1647 Quid
659 1594 841 1639 autem
863 1584 1159 1642 dicendum
1190 1587 1259 1644 de
1281 1588 1537 1645 medendi
1579 1598 1717 1655 arte,
1749 1605 1874 1645 cum
1901 1590 2058 1647 dam-

475 1689 610 1727 num
663 1675 857 1731 atl'erat
877 1679 1232 1749 exsuperatio
1279 1687 1336 1737 et
1381 1680 1633 1737 defectus
1683 1683 1949 1753 temporis
2004 1692 2062 1741 et

476 1779 773 1832 mensura,
811 1784 932 1839 qua
977 1771 1236 1826 convenit
1267 1774 1586 1829 curationi?
1620 1772 1729 1830 Sed
1777 1775 1893 1831 hac
1934 1776 2061 1847 qui-

2163 691 2372 761 ἇμητον
2425 692 2680 764 σπουδὴν,
2725 694 2831 758 ἕως
2876 688 2936 748 οὗ
2986 696 3256 766 περιρρυῇ
3311 697 3379 765 τῇ
3415 694 3644 767 καλάμῃ
3684 695 3757 748 τὰ

2166 782 2491 853 σπέρματα;
2538 784 2626 837 Ἐν
2668 784 2936 857 ούθετέρῳ
2983 785 3093 857 γὰρ
3140 785 3361 857 ἐνεργὸς
3411 784 3498 839 ἐπ’
3555 785 3757 854 ἀγα.θῷ

2159 872 2372 939 γίνεται
2406 875 2439 945 ἡ
2471 875 2697 946 σπουδὴ,
2736 876 2855 929 καθ’
2888 876 3074 949 ἐτέρου
3108 877 3198 931 τοῦ
3231 876 3425 949 καιροῦ
3456 876 3571 949 τὴν
3603 878 3758 947 ὠφέ-

2158 961 2307 1015 λειαν
2340 964 2397 1017 tv
2433 966 2498 1036 τῇ
2544 965 2774 1037 ἀκαιρία.
2818 969 2920 1038 τῆς
2963 970 3138 1039 τομῆς
3186 967 3553 1023 ἀπολλύοντα.
3588 970 3659 1021 Ὃ
3696 968 3756 1021 δὲ

2160 1056 2254 1108 ἐπὶ
2284 1056 2486 1126 μέρους
2512 1056 2749 1129 εῐρηται,
2776 1060 2871 1113 καὶ
2898 1061 2955 1112 ἐν
2979 1062 3141 1115 παντὶ
3174 1060 3398 1115 δυνατόν
3430 1059 3551 1113 ἐστι
3588 1075 3757 1111 κατα-

2162 1146 2373 1216 νοῆσαι.
2411 1143 2536 1201 Οῑδε
2585 1149 2693 1219 γὰρ
2746 1150 2808 1203 τὺ
2844 1149 2958 1205 ἴσον
2999 1150 3093 1205 καὶ
3128 1154 3165 1223 ή
3204 1152 3467 1215 ναυτιλία,
3498 1150 3617 1204 εἴτε
3668 1167 3757 1213 τις

2166 1238 2427 1315 προλάβοι
2454 1240 2553 1311 τὴν
2572 1240 2876 1311 εὐκαιρίαν,
2907 1242 2959 1295 εί
2968 1257 3021 1296 τε
3058 1241 3486 1313 ἐφυστερίσειεν.Δ
3509 1240 3580 1294 Τί
3611 1240 3661 1292 δ’
3692 1243 3758 1294 ἄν

2164 1342 2250 1389 τις
2296 1325 2365 1379 τὰ
2409 1327 2511 1397 τῆς
2537 1328 2784 1400 ίατρικῆς
2830 1328 2999 1398 λέγοι,
3029 1330 3157 1401 παρ’
3189 1330 3313 1384 ὅσον
3362 1330 3479 1384 ἐστὶ⁸
3524 1331 3627 1383 καὶ
3679 1332 3756 1392 εἰς

2168 1416 2375 1489 βλάὸην
2409 1419 2681 1491 ὑπερϐολή
2718 1437 2780 1474 τε
2824 1420 2921 1475 καὶ
2962 1420 3195 1490 ἔλλειψις
3239 1420 3332 1474 τοῦ
3374 1423 3442 1491 τῇ
3480 1418 3760 1490 θεραπείᾳ

2167 1506 2497 1579 καθήκοντος
2548 1508 2742 1581 καιροῦ
2787 1511 2880 1566 καὶ
2931 1512 3171 1583 μέτρου;
3212 1510 3381 1565 ’Δλλὰν
3428 1510 3607 1563 ταῦτα
3659 1510 3756 1579 μὲν

2166 1600 2326 1655 ἐάσαι
2351 1602 2479 1675 χρὴ,
2507 1602 2597 1657 διὰ
2630 1601 2726 1657 τοῦ
2764 1601 2962 1674 ἐφεξῆς
2998 1602 3178 1673 λόγου,
3217 1604 3277 1657 tv
3303 1602 3491 1666 αύταῑς
3510 1604 3641 1665 ταῖς
3662 1600 3756 1653 τοῦ

2179 1686 2603 1760 Ἐκκλησιαστοῦ
2630 1693 2835 1760 φωναῖς
2860 1691 3191 1762 σαφέστερον
3219 1690 3633 1763 φανερουμένου
3660 1690 3757 1743 τοῦ

2168 1778 2580 1851 ύποδείγματος.

475 1851 602 1907 dem
629 1865 761 1911 sunt
791 1859 1085 1926 mittenda,
1134 1876 1260 1916 cum
1289 1877 1391 1933 per
1420 1862 1478 1918 id
1548 1863 1696 1935 quod
1734 1863 1997 1939 deinceps
2073 1869 2347 1939 sequitur,
2420 1872 2475 1927 in
2523 1873 2667 1945 ipsis
2703 1873 2890 1931 verbis
2935 1871 3281 1929 Ecclesiasta
3307 1871 3624 1943 exemplum
3666 1870 3758 1925 fiat

380 1977 386 1983 ~
473 1946 701 2004 clarius.

548 2043 656 2098 Sed
693 2060 863 2115 quare
894 2054 1025 2101 sunt
1054 2047 1173 2105 hac
1201 2048 1364 2105 nobis
1396 2051 1702 2121 pramissa,
1738 2058 1797 2109 ut
1823 2068 1888 2110 ea
1920 2068 2055 2110 con-
2089 2062 2132 2117 Β

475 2136 822 2195 sideremus?
863 2140 1139 2206 Quoniam
1180 2158 1359 2213 neque
1382 2144 1529 2212 quod
1576 2160 1838 2202 mensura
1885 2154 2057 2211 caret,

474 2237 561 2287 est
589 2232 818 2297 bonum,
850 2247 1031 2303 neque
1054 2234 1205 2301 quod
1235 2242 1322 2290 est
1356 2234 1771 2305 importunum;
1799 2237 1895 2293 sed
1926 2236 2061 2292 illud

476 2334 565 2382 est
597 2327 801 2382 bonum
826 2336 882 2384 ct
908 2344 976 2383 ex
1015 2329 1222 2383 virtute
1266 2329 1497 2395 factum,
1526 2330 1674 2400 quod
1715 2346 1812 2401 per
1841 2339 2060 2386 utrum-

478 2434 589 2489 que
619 2422 835 2489 accepit
884 2419 1301 2489 perfectionem.
1338 2419 1397 2475 Si
1426 2422 1575 2476 enim
1622 2422 1717 2476 uni
1768 2421 1869 2476 soli
1900 2437 1967 2477 ex
1989 2422 2062 2479 iis

478 2510 880 2575 attenderetur,
933 2510 1207 2581 reliquum
1248 2520 1429 2567 autem
1475 2514 1865 2585 negligeretur,
1916 2522 2064 2571 esset

478 2602 675 2658 inutile
703 2602 869 2657 etiam
901 2604 1048 2673 quod
1100 2612 1251 2659 recte
1281 2613 1497 2675 gestum
1523 2615 1673 2661 esset
1718 2606 1775 2661 in
1825 2607 2061 2677 reliquo.

478 2693 637 2749 Sicut
671 2710 803 2766 ergo
827 2710 952 2750 cum
989 2711 1091 2751 nos
1124 2707 1333 2752 motum
1362 2697 1581 2754 duobus
1613 2714 1941 2770 peragamus
1965 2715 2063 2770 pe-

476 2785 662 2851 dibus,
699 2786 745 2843 si
779 2787 1063 2859 quidpiam
1098 2788 1259 2843 alteri
1291 2790 1614 2855 accidisset,
1662 2792 1873 2847 inutilis
1915 2800 2063 2847 esset

479 2876 549 2931 ad
584 2892 810 2933 cursum
842 2863 894 2934 is
921 2880 1087 2935 etiam
1122 2881 1213 2935 cui
1250 2881 1389 2935 nihil
1419 2881 1641 2948 accidit,
1676 2892 1900 2951 pr0pter
1940 2881 2064 2952 ejus

477 2969 573 3039 qui
619 2969 788 3024 simul
835 2985 962 3026 cum
1032 2972 1210 3027 altero
1239 2980 1536 3041 operatur,
1581 2972 2058 3026 imbecillitatem:

484 3063 558 3116 ita
619 3061 664 3116 si
729 3061 966 3131 tempori
1037 3063 1180 3118 desit
1240 3078 1551 3127 mensura,
1631 3069 1727 3117 aut
1791 3077 2064 3118 mensura

479 3152 901 3222 opportunitas,
985 3168 1111 3207 cum
1193 3167 1263 3208 eo
1328 3152 1477 3222 quod
1558 3161 1785 3221 restat,
1835 3154 2063 3210 omnino

478 3245 645 3299 etiam
715 3243 769 3300 id
837 3244 985 3314 quod
1033 3242 1232 3311 adest,
1299 3251 1385 3301 est
1449 3243 1665 3298 inutile.
1737 3242 1845 3299 Sed
1907 3252 1964 3299 et
2007 3245 2063 3300 in

478 3343 727 3405 tempore
776 3337 1118 3391 conveniens
1170 3336 1526 3408 symmetria,
1588 3342 1645 3389 et
1700 3334 1757 3389 in
1801 3350 2063 3391 mcnsura

2245 2051 2386 2106 Ἀλλ’
2410 2043 2471 2107 οὗ
2513 2052 2673 2122 χάριν
2714 2049 2888 2106 ταῦτα
2929 2050 3062 2121 ήμίν
3109 2047 3594 2122 προτεθεὼρηται;
3632 2046 3759 2101 Ὀτι

2160 2144 2286 2199 ούτε
2335 2144 2398 2197 τὸ
2447 2143 2687 2215 ἄμετρον
2730 2142 2934 2213 ἀγαθόν
2990 2144 3158 2207 ἐστιν,
3206 2140 3331 2194 οὔτε
3386 2140 3449 2193 τὸ
3491 2140 3753 2211 ἄκαιρον·

2162 2237 2278 2293 ἀλλ’
2304 2239 2483 2290 ἐκεῖνο
2521 2236 2686 2290 καλόν
2723 2253 2781 2290 τε
2822 2237 2918 2290 καὶ
2966 2234 3201 2306 αἱρετὸν,
3244 2234 3274 2287 ὃ
3315 2234 3383 2287 δι’
3421 2233 3758 2304 ἀμφοτέρων

2160 2329 2276 2399 ἔχει
2302 2328 2363 2381 τὸ
2388 2328 2611 2381 τέλειον.
2660 2328 2724 2381 Ei.
2769 2328 2879 2397 γὰρ
2930 2327 3089 2397 μόνον
3117 2325 3179 2378 τὸ
3210 2325 3269 2379 ἓν
3301 2327 3360 2380 tv
3391 2324 3545 2394 αὐτῷ
3585 2339 3758 2377 σπου-

2161 2420 2404 2490 δασθείη,
2426 2418 2734 2492 παροφθείη
2768 2418 2824 2472 δὲ
2856 2419 2917 2471 τὸ
2942 2417 3280 2488 λειπόμενον,
3311 2416 3573 2487 ἀνόνητον
3602 2414 3757 2468 ἔσται

2163 2513 2259 2565 καὶ
2284 2510 2345 2564 τὸ
2374 2511 2719 2584 κατορθωθὲν
2763 2514 2822 2566 tv
2854 2511 2932 2582 τῷ
2971 2511 3233 2565 λείποντι.
3263 2508 3472 2563 Οὐκοῦν
3501 2508 3754 2578 καθάπερ

2162 2598 2257 2652 δύο
2283 2602 2440 2654 ποσὶν
2472 2598 2838 2671 ἐνεργούντων
2867 2598 3023 2671 ήμῶν
3055 2599 3154 2670 τὴν
3178 2599 3411 2669 κίνησιν,
3447 2598 3500 2651 εῐ
3528 2614 3585 2649 τι
3617 2614 3755 2667 συμ-

2164 2690 2294 2760 ϐαίη
2327 2692 2454 2762 περ)⁸
2492 2692 2584 2745 τὸν
2615 2691 2821 2763 ἕτερον,
2850 2690 3123 2762 ἄχρηστός
3164 2691 3279 2742 ἐστι
3317 2690 3411 2743 καὶ
3454 2690 3485 2740 ὀ
3532 2686 3754 2757 ἀπιθὴς

2164 2785 2300 2855 πρὸς
2326 2784 2419 2838 τὸν
2446 2784 2665 2855 δρόμον,
2684 2784 2771 2838 διὰ
2800 2783 2897 2854 τὴν
2919 2782 3012 2837 τοῦ
3040 2780 3421 2853 συνεργοῦντος
3441 2778 3749 2832 ἀσθένειαν·

2163 2875 2336 2939 οὕτως
2364 2878 2413 2928 εἰ
2442 2875 2616 2930 λείποι
2655 2874 2732 2945 τῷ
2768 2874 2943 2946 καιρῷ
2974 2875 3035 2928 τὸ
3065 2874 3283 2945 μέτρον.
3312 2875 3344 2942 ἢ
3385 2872 3461 2943 τῷ
3495 2872 3683 2943 μέτρῳ
3720 2872 3752 2939 ἡ

2163 2968 2442 3041 εὐκαιρία,
2484 2968 2562 3039 τῷ
2606 2968 2843 3022 λείποντι
2889 2967 3113 3030 πάντως
3160 2966 3254 3019 καὶ
3298 2967 3360 3018 τὸ
3405 2964 3582 3034 παρὸν
3628 2981 3754 3017 συν-

2163 3060 2484 3133 ηχρείωται.
2527 3060 2688 3114 Ἀλλά
2716 3061 2810 3115 καὶ
2841 3060 2898 3114 ἐν
2924 3059 3003 3130 τῷ
3034 3059 3211 3132 καιρῷ
3236 3061 3270 3131 ή
3297 3058 3634 3128 συμμετρία,
3662 3058 3755 3110 καὶ

2163 3152 2222 3205 tv
2250 3150 2547 3223 cmptth
2580 3154 2613 3222 ή
2655 3151 2909 3223 εὐκαιρία
2948 3151 3011 3204 τὸ
3058 3153 3327 3225 χρήσιμον
3362 3150 3495 3222 ἔχει.
3545 3150 3752 3220 Χρόνος

2164 3238 2257 3297 οὖν
2285 3244 2406 3296 ἀντὶ
2430 3244 2524 3296 τοῦ
2554 3243 2754 3315 μέτρου
2788 3246 2921 3316 ἡμῖν
2962 3244 3230 3314 νενόηται,
3259 3244 3393 3297 διότι
3428 3241 3634 3303 παντὸς
3662 3239 3752 3293 τοῦ

2166 3334 2287 3388 καθ’
2321 3334 2549 3389 ἕκαστον
2573 3334 2777 3407 μέτρου
2823 3337 2853 3389 ὁ
2890 3335 3304 3407 χρόνοςιμέτρον
3333 3333 3502 3387 ἐστίν.
3538 3332 3624 3386 Τὰ
3647 3332 3754 3401 γὰρ

481 3427 639 3481 utilis
688 3436 774 3483 est
841 3429 1250 3499 opportunitas.
1319 3428 1560 3498 Tempus
1617 3441 1751 3499 ergo
1805 3428 2057 3484 intellec-

2168 3425 2421 3496 γινόμενα
2467 3427 2524 3479 tv
2574 3425 2753 3497 χρόνῳ
2779 3427 2986 3496 γίνεται
3029 3427 3266 3492 πάντως,
3320 3427 3415 3480 καὶ
3450 3427 3517 3497 τῇ
3575 3440 3753 3494 παρα-

479 3525 597 3572 tum
631 3524 713 3572 est
744 3531 774 3570 a
806 3518 971 3573 nobis
1004 3534 1104 3588 pro
1138 3533 1420 3581 mensura,
1459 3528 1750 3589 propterea
1784 3517 1933 3590 quod
1960 3534 2059 3575 cu-

474 3606 701 3677 juslibet
745 3624 1021 3665 mensura
1053 3625 1312 3666 mensura
1342 3619 1429 3665 est
1464 3617 1703 3680 tempus.
1750 3609 1883 3676 Qua
1912 3610 2063 3666 enim

478 3698 639 3765 ﬁunt,
665 3700 891 3756 omnino
919 3701 1056 3756 fiunt
1102 3702 1155 3755 in
1185 3710 1453 3771 tempore,
1479 3708 1683 3756 etcum
1709 3701 2066 3772 uniuscujus-

478 3806 587 3862 que
625 3806 816 3847 eorum
866 3809 990 3864 qua
1038 3795 1179 3848 fiunt
1230 3795 1579 3857 extensione,
1626 3795 1793 3851 simul
1841 3810 2064 3866 quoque

478 3884 718 3955 spatium
739 3885 1009 3955 temporis
1036 3882 1372 3951 extenditur,
1400 3884 1674 3940 modicum
1708 3885 1763 3939 in
1783 3884 2065 3952 minori,et

479 3975 536 4031 in
566 3975 823 4046 ampliori
847 3977 971 4045 plus
1000 3977 1284 4045 temporis.
1323 3974 1420 4030 Est
1450 3990 1709 4031 mensura
1742 3976 2063 4045 conceptio-

480 4067 586 4129 nis,
617 4082 875 4122 mensura
905 4068 1231 4122 incrementi
1264 4068 1571 4138 spicarum,
1602 4081 1861 4122 mensura
1891 4069 2067 4138 plena

481 4156 761 4210 fructuum
790 4155 1169 4226 perfectionis,
1202 4170 1463 4212 mensura
1492 4156 1887 4226 navigationis,
1910 4174 2067 4214 men-

481 4259 613 4299 sura
653 4245 1075 4312 ambulationis,
1111 4261 1368 4301 mensura
1400 4244 1841 4315 uniuscujusque
1862 4248 2063 4311 atatis,

480 4336 749 4403 infantia,
775 4338 1050 4408 pueritia,
1087 4338 1497 4399 adolescentia,
1523 4338 1850 4407 juventutis,
1886 4338 2066 4395 virilis

479 4437 534 4484 et
561 4431 875 4486 constantis
898 4440 953 4485 et
979 4437 1255 4499 provecta
1274 4432 1474 4496 atatis,
1500 4429 1829 4493 senectutis,
1861 4436 1914 4482 et
1934 4434 2073 4482 atad

480 4522 553 4578 tis
580 4522 897 4593 decrepita.
934 4522 1211 4590 Quoniam
1241 4536 1374 4592 ergo
1408 4536 1519 4577 non
1545 4529 1631 4577 est
1665 4519 1927 4575 omnibus
1959 4534 2068 4574 una

480 4628 744 4669 mensura
804 4614 1069 4684 temporis
1119 4632 1132 4668 :
1176 4627 1356 4683 neque
1402 4612 1549 4667 enim
1600 4610 1718 4666 fieri
1764 4618 1965 4681 potest,
2009 4617 2069 4664 ut

481 4704 594 4758 sint
617 4704 802 4759 omnia
830 4706 1058 4773 aqualis
1086 4705 1232 4759 inter
1259 4719 1319 4759 se
1348 4718 1644 4770 mensura,
1679 4709 1904 4773 propter
1926 4700 2067 4756 sub-

2163 3513 2319 3568 τὰσει
2345 3514 2576 3569 ἑκάστου
2606 3514 2716 3568 τῶν
2744 3514 3044 3585 γινομένων
3101 3513 3197 3567 καὶ
3241 3512 3303 3566 τὸ
3348 3512 3626 3581 διάστημα
3662 3508 3750 3562 τοῦ

2164 3607 2356 3678 χρόνου
2393 3608 2907 3679 συμπαρατείνεται,
2939 3606 3120 3675 ὀλίγον
3156 3608 3215 3661 ἐν
3242 3605 3321 3677 τῷ
3362 3604 3630 3666 ἐλάττονι,
3662 3603 3755 3655 καὶ

2166 3701 2226 3754 ἐν
2265 3700 2344 3772 τῷ
2389 3702 2596 3756 πλείονι
2642 3701 2826 3756 πλεῖον
2863 3702 3076 3774 χρόνου.
3111 3700 3326 3773 Μέτρον
3354 3700 3626 3771 κυήσεως,
3671 3698 3754 3766 μέ·

2162 3807 2291 3862 τρον
2329 3791 2430 3862 τῆς
2467 3793 2577 3845 τῶν
2616 3791 2901 3863 ἀσταχύων
2941 3792 3243 3863 αὐξήσεως,
3275 3790 3472 3862 μέτρον
3505 3789 3610 3859 τῆς
3650 3787 3752 3839 τῶν

2164 3882 2394 3953 καρπῶν
2434 3884 2782 3951 τελειώσεως,
2827 3883 3024 3956 μέτρον
3066 3882 3362 3945 ναυτιλίας,
3414 3881 3615 3952 μέτρον
3665 3898 3755 3932 πο-

2170 3974 2341 4046 ρείας,
2379 3976 2580 4046 μέτρον
2626 3976 2725 4046 τῆς
2766 3974 2889 4029 καθ’
2937 3975 3165 4029 ἕκαστον
3217 3972 3453 4045 ήλικίας,
3501 3971 3749 4043 βρέφους,

2167 4067 2404 4135 παιδίου,
2434 4066 2741 4139 μειρακίου,
2780 4068 2991 4133 παιδὸς,
3024 4065 3254 4138 ἐφήϐου,
3290 4065 3505 4138 ἀνδρὸς,
3545 4064 3753 4135 μεσήλι-

2168 4177 2283 4223 κος,
2302 4158 2532 4225 τελείου,
2552 4157 2877 4230 παρήλικος,
2896 4158 3224 4231 πρεσϐύτου,
3244 4157 3520 4228 γέροντος.
3538 4156 3751 4225 Ἐπειδὴ

2167 4250 2345 4305 τοίνυν
2388 4250 2488 4318 οὐχ
2535 4248 2593 4304 ἓν
2634 4247 2698 4300 τὸ
2744 4248 2811 4301 ἐκ
2847 4247 2941 4301 τοῦ
2985 4251 3176 4319 χρόνου
3219 4245 3415 4317 μέτρον
3447 4247 3560 4307 τοῖς
3592 4246 3752 4297 πᾶσιν

2168 4341 2340 4393 ἐστίν’
2377 4340 2499 4393 οὐδὲ
2546 4340 2652 4410 γάρ
2689 4340 2807 4391 ἐστι
2847 4337 3072 4393 δυνατὸν
3109 4336 3362 4405 γενέσθαι
3391 4336 3571 4389 πάντα
3592 4333 3753 4401 ἀλλή-

2168 4426 2281 4490 λοις
2321 4428 2581 4497 ίσόμετρα
2625 4426 2712 4479 διὰ
2748 4427 2848 4496 τὴν
2889 4426 2999 4479 τῶν
3045 4424 3417 4495 ὑποκειμένων
3455 4422 3748 4494 διαφοράν·

2170 4522 2347 4577 κοινὸν
2376 4521 2455 4588 δὲ,
2486 4521 2666 4585 καθὼς
2693 4520 2910 4592 εἴρηται
2929 4560 2944 4585 ,
2987 4521 3204 4574 πάντων
3244 4517 3628 4590 μετρουμένων
3662 4514 3752 4586 μέ-

2168 4630 2299 4684 τρον
2340 4614 2369 4666 ό
2405 4613 2595 4684 χρόνος
2631 4612 2800 4677 ἐστὶν,
2841 4613 2900 4665 ἐν
2937 4611 3115 4681 ἐαυτῷ
3156 4612 3424 4683 περιέχων
3448 4610 3517 4662 τὰ
3545 4610 3747 4661 παντα’

2171 4705 2362 4758 τούτου
2415 4706 2573 4775 χάριν
2613 4704 2736 4774 οὐχὶ
2788 4705 2986 4777 μέτρον
3041 4698 3165 4757 εἶπε
3212 4705 3327 4765 τοῖς
3374 4703 3528 4765 πᾶσι,
3574 4700 3663 4753 διὰ
3696 4697 3751 4749 τὸ

475 4794 751 4865 jectorum
777 4796 1140 4852 diﬁ'erentiam
1168 4816 1182 4851 :
1215 4798 1462 4852 omnium
1497 4803 1679 4849 autem
1711 4809 1832 4864 qua
1861 4794 2065 4848 cadunt

2175 4796 2376 4866 πολλὴν
2580 4769 2711 4850 τῶν-
2731 4769 3117 4869 μετρουμένων
3157 4794 3256 4865 τὴν
3298 4795 3428 4861 περὶ
3473 4793 3531 4845 τὸ
3558 4790 3750 4850 ,πλεῖόν

482 4888 587 4943 sub
618 4903 956 4953 mensuram,
987 4897 1072 4944 est
1103 4888 1433 4953 communis,
1462 4895 1524 4941 ut
1554 4886 1763 4941 dictum
1785 4892 1892 4952 est,
1924 4900 2072 4940 men-

481 4995 613 5035 sura
640 4986 877 5050 tempus,
920 4980 975 5034 in
1005 4996 1065 5037 se
1096 4981 1279 5036 omnia
1314 4980 1607 5036 continens
1636 4997 1649 5033 :
1684 4993 1749 5032 ea
1790 4978 1860 5032 de
1899 4991 2069 5032 causa

480 5088 591 5126 non
636 5072 799 5139 dixit,
844 5071 1103 5127 Mensura
1141 5080 1229 5129 est
1278 5073 1560 5138 omnibus,
1605 5080 1893 5140 propterea
1922 5070 2071 5141 quod

480 5178 675 5218 eorum
699 5178 823 5234 qua
839 5164 1047 5218 cadunt
1075 5164 1180 5219 sub
1205 5177 1545 5228 mensuram,
1570 5176 1767 5232 magna
1794 5162 1866 5217 sit
1887 5176 2072 5232 aqua-

481 5254 608 5312 litas
648 5256 705 5310 in
754 5271 821 5312 eo
855 5255 1006 5326 quod
1044 5263 1128 5311 est
1173 5255 1299 5326 plus
1336 5262 1392 5310 et
1417 5253 1602 5309 minus
1645 5270 1662 5310 :
1710 5252 1808 5308 sed
1853 5259 2073 5323 tempus

482 5346 621 5404 dixit
663 5350 813 5421 quod
866 5356 954 5404 est
1000 5348 1261 5404 omnibus
1308 5359 1567 5401 mensura
1599 5344 1894 5415 generalis,
1948 5359 2071 5414 qua

482 5440 751 5511 quidquid
795 5441 855 5495 fit
884 5449 939 5495 et
977 5441 1175 5505 oritur,
1230 5436 1535 5492 dimelitur.
1585 5432 1873 5499 Quomodo
1922 5434 2068 5488 enim

485 5528 542 5587 in
581 5533 824 5589 humano
854 5548 1076 5603 genere,
1111 5534 1167 5588 id
1203 5530 1349 5603 quod
1380 5530 1559 5585 atatis
1582 5527 1805 5599 quidem
1834 5533 1920 5581 est
1944 5540 2072 5596 pro—

420 5634 436 5647 '
488 5630 676 5684 secta,
700 5629 788 5678 est
815 5621 1152 5677 imbecillum
1178 5639 1194 5675 :
1220 5620 1368 5691 quod
1394 5628 1577 5674 autem
1602 5615 1849 5672 nondum
1877 5616 2073 5671 contir-

488 5720 653 5767 mata
684 5720 739 5767 et
768 5713 1029 5768 stabilita
1071 5723 1157 5771 est
1199 5713 1399 5777 atatis,
1430 5719 1517 5767 est
1551 5710 1971 5767 immoderatum
2019 5717 2076 5765 et

493 5798 742 5858 insolens
771 5820 785 5857 :
821 5803 1087 5873 optimum
1110 5812 1299 5861 autem
1323 5814 1408 5859 est
1433 5803 1584 5875 quod
1609 5805 1752 5858 inter
1777 5800 1889 5856 duo
1912 5801 2078 5857 inter-

492 5893 661 5962 cedit,
694 5894 845 5964 quod
869 5892 1090 5963 quidem
1117 5902 1410 5965 utramque
1439 5894 1687 5968 effugerit
1714 5892 2024 5950 molestiam
2055 5913 2067 5949 :

1608 6026 1619 6031 μ
1644 6019 1761 6031 μυ.-.
1788 6022 1799 6026 ..
1832 6019 1875 6025 κ.-

2171 4902 2231 4938 τε
2264 4884 2360 4938 καὶ
2390 4884 2611 4939 ἔλαττον
2643 4885 2890 4955 ἰσότητα·
2936 4884 3070 4938 ἀλλὰ
3100 4883 3290 4954 χρόνον
3320 4879 3442 4935 εἷπε
3473 4883 3580 4943 τοῖς
3622 4881 3750 4933 πᾶσι

2169 4977 2232 5030 τὸ
2257 4978 2473 5045 γενικὸν
2512 4977 2732 5049 μέτρον,
2753 4971 2798 5045 ᾧ
2831 4978 2940 5030 πᾶν
2981 4978 3042 5030 τὸ
3068 4976 3350 5046 γινόμενον
3387 4974 3751 5045 παραμετρεῖ-

2169 5085 2283 5122 ται.
2320 5068 2532 5137 Ὥσπερ
2552 5066 2663 5137 γὰρ
2690 5067 2784 5119 ἐπὶ
2823 5066 2925 5136 τῆς
2965 5065 3379 5135 ἀνθρωπότητος
3413 5063 3472 5115 τὸ
3497 5060 3590 5131 μὲν
3628 5074 3742 5127 προ·

2172 5160 2405 5231 ϐεϐηκὸς
2438 5160 2686 5213 ἀσθενεῖ·
2727 5157 2791 5210 τὸ
2835 5158 2894 5211 δὲ
2926 5158 3091 5229 μήπω
3127 5155 3464 5226 καθεστηκὸς
3499 5154 3745 5206 ἀτακτεῖο

2176 5251 2399 5321 ἄριστον
2433 5248 2489 5302 δὲ
2519 5249 2581 5302 τὸ
2609 5247 2772 5319 μέσον
2802 5245 2910 5301 τῶν
2938 5246 3051 5312 δύο,
3098 5247 3238 5317 ὅπερ
3272 5245 3338 5299 ἂν
3362 5244 3461 5307 τὰς
3483 5242 3749 5311 ἑκατέρων

2173 5339 2365 5411 ἀηδίας
2398 5338 2647 5411 έκφεύγῃ
2670 5356 2685 5369 ⁸
2730 5338 2790 5390 ἐν
2831 5329 2877 5403 ᾧ
2911 5337 3205 5401 δείκνυται,
3246 5335 3346 5406 τῆς
3385 5334 3481 5405 μὲν
3509 5331 3748 5402 νεότητος

2174 5429 2555 5500 κεχωρισμένη
2584 5428 2685 5500 τῆς
2714 5426 2940 5494 ἀταξίας
2972 5428 3006 5498 ή
3042 5425 3303 5496 δύναμις,
3346 5423 3441 5477 τοῦ
3476 5422 3533 5476 δέ
3568 5423 3747 5492 γήρως

2171 5519 2526 5592 διεζευγμένη
2577 5523 2676 5591 τῆς
2714 5519 2972 5591 ἀδρανίας
3008 5520 3042 5589 ή
3092 5517 3382 5587 φρόνησις·
3430 5515 3570 5568 ὥστε
3616 5508 3743 5565 εἶναι

2173 5610 2402 5681 δύναμιν
2439 5610 2891 5683 συγκεκραμένην
2919 5610 3200 5680 φρονήσει,
3232 5608 3428 5678 ἐπίσης
3455 5603 3743 5675 φεύγουσαν

2174 5709 2274 5777 τήν
2297 5725 2357 5760 τε
2384 5705 2479 5761 τοῦ
2510 5708 2697 5778 γήρως
2731 5704 3011 5777 ἀδρανίαν,
3059 5704 3155 5758 καὶ
3199 5703 3262 5756 τὸ
3306 5701 3479 5775 θρασὺ
3507 5702 3607 5771 τῆς
3636 5696 3741 5749 νεό-

2174 5816 2336 5869 τητος
2354 5816 2368 5828 ·
2403 5797 2577 5862 οὕτως
2604 5800 2634 5851 ό
2663 5798 2851 5870 χρόνον
2875 5796 3075 5869 ὁρίζων
3102 5798 3218 5860 τοῖς
3249 5796 3383 5849 πᾶσι
3418 5792 3537 5847 καθ’
3563 5788 3743 5845 ἑκάτε-

2180 5907 2271 5961 ρον
2309 5890 2529 5962 χωρίζει
2558 5891 2636 5962 τῷ
2658 5890 2798 5961 λόγῳ
2853 5888 2954 5959 τὴν
2976 5891 3035 5957 ἐξ
3053 5884 3324 5961 ἀμετρίας
3345 5886 3558 5955 κακίαν,
3591 5885 3651 5941 τό
3680 5900 3730 5937 τε
