3874 6404
144 493 251 554 τοι
1242 494 1311 551 ΙΝ
1349 495 1889 554 ECGLESIASTEN.
1919 497 2204 554 HOMILIA
2245 497 2332 553 Vl.
3347 505 3452 561 703

145 617 519 688 ὑπέρχρονον
549 616 828 689 ἀτιμάζων
859 617 953 672 καὶ
996 615 1060 671 τὸ
1099 617 1348 674 ἐλλεῖπον
1378 620 1749 693 ἀποπεμπόμε

1882 621 1938 676 in
1969 636 2080 691 quo
2112 621 2476 678 ostenduntur
2500 621 2646 677 vires
2689 621 2911 693 quidem
2939 623 3252 693 iuventutis~
3284 639 3449 694 δεινος

141 721 262 768 νος.
316 704 499 761 Ἀλλὰ
534 707 727 777 καιρὸς
753 708 819 762 ἂν
858 707 942 779 εἴη
982 709 1078 762 καὶ
1109 709 1281 782 αὐτὴν
1308 710 1441 780 ἡμῖν
1465 710 1532 764 δι’
1552 710 1751 764 ἀκολού

1882 717 2014 765 rata:
2040 710 2109 763 ab
2133 711 2446 774 insolentia,
2481 725 2512 764 a
2541 712 2838 767 senectutis
2866 719 3047 768 autem
3075 712 3450 770 imbecillitate

141 795 240 849 θου
292 798 692 870 προστεθῆναι
735 798 845 854 τῶν
892 800 1264 856 θεοπνεύστων
1308 801 1484 871 λόγων
1514 802 1614 873 τὴν
1640 801 1751 857 θεω

1877 799 2168 870 prudentia
2217 801 2442 854 minime
2499 812 2792 872 separata:
2838 799 2973 857 adeo
3023 809 3084 857 ut
3142 804 3253 858 sint
3301 794 3448 859 vires

145 887 296 958 ρίαν.
1877 899 2298 961 contemperatze
2323 907 2448 946 cum
2482 893 2790 962 prudentia,
2816 909 2880 949 ex
2914 908 3072 965 aequo
3095 894 3364 981 fugientes
3390 903 3445 949 et

140 976 469 1033 senectutis
516 977 969 1046 imbecillitatem,
1003 988 1058 1036 et
1091 979 1395 1051 iuventutis
1430 980 1736 1036 audaciam.
1774 979 1854 1033 Ita
1884 980 1978 1049 qui
2002 985 2218 1050 tempus
2259 980 2468 1049 deﬁnit,
2493 983 2752 1038 omnibus
2810 998 2907 1053 per
2974 991 3267 1054 utrumque
3320 976 3445 1040 νει·-
3533 1051 3538 1056 ο

142 1069 234 1123 bis
268 1077 545 1138 separat,
585 1072 734 1143 quod
771 1089 838 1128 ex
875 1089 1151 1130 mensura:
1177 1074 1398 1130 defectu
1435 1076 1634 1140 oritur,
1677 1073 1910 1129 vitium:
1944 1080 2005 1127 ut
2057 1075 2148 1144 qui
2177 1084 2232 1129 et
2263 1076 2409 1145 quod
2474 1084 2688 1148 tempus
2752 1077 2986 1144 excedit,
3049 1078 3343 1148 vituperat,
3389 1089 3444 1134 et

141 1157 198 1212 id
229 1157 388 1228 quod
439 1159 658 1229 deﬁcit,
732 1165 1012 1218 amandat.
1085 1161 1193 1220 Sed
1238 1173 1457 1236 tempus
1503 1172 1589 1221 est
1627 1171 2027 1234 consequenter
2084 1163 2317 1219 addendi
2346 1165 2518 1235 ipsam
2545 1165 2811 1223 divinitus
2859 1167 3277 1238 inspiratorum-
3312 1182 3440 1223 ver-

142 1249 351 1305 borum
380 1255 935 1325 contemplationem.

225 1362 246 1396 ι
269 1345 524 1416 Καιρδς,
550 1366 569 1399 ι
593 1350 749 1420 φησι,
779 1369 798 1402 ι
815 1350 910 1404 τοῦ
929 1353 1126 1417 τεκεῖν,
1140 1352 1234 1406 καὶ
1251 1353 1438 1425 καιρὸς
1453 1351 1548 1408 τοῦ
1563 1351 1760 1406 ἀποθα-

147 1435 284 1489 νεῖν.
308 1453 330 1487 ι
354 1436 576 1502 Καλῶς
597 1441 656 1493 ὲν
675 1440 914 1510 πρώτοις
935 1443 1035 1512 τὴν
1051 1442 1360 1510 ἀναγκαίαν
1376 1443 1577 1513 ταύτην
1600 1441 1760 1506 auctu-

148 1525 276 1593 γίαν
317 1526 406 1597 τῷ
440 1528 597 1599 λόγῳ
631 1530 918 1596 συνέζευξε
941 1573 955 1598 ,
995 1534 1284 1588 συνάπτων
1318 1537 1384 1606 τῇ
1417 1534 1628 1604 γενέσει
1669 1533 1761 1586 τὸν

152 1614 418 1672 θάνατον.
446 1619 691 1676 Ἐπεται
719 1621 830 1692 γὰρ
855 1624 977 1676 κατ’
1000 1624 1247 1696 ἀνάγκην
1273 1625 1351 1695 τῷ
1372 1627 1516 1697 τόκῳ
1536 1626 1564 1677 6
1593 1623 1758 1679 θάνα-

150 1724 265 1772 τος,
302 1712 407 1764 καὶ
436 1713 600 1766 πᾶσα
631 1714 848 1782 γένεσις
877 1717 958 1779 εἰς
985 1716 1192 1788 φθορὰν
1219 1717 1495 1772 διαλύεται
1519 1735 1532 1749 ·
1557 1719 1645 1771 ἴνα
1671 1717 1760 1770 διὰ

150 1799 247 1852 τοῦ
292 1803 684 1874 συνημμένως
715 1804 994 1878 δειχθῆναι
1038 1807 1130 1860 τὸν
1165 1806 1393 1863 θάνατόν
1428 1826 1490 1862 τε
1525 1809 1620 1862 καὶ
1660 1808 1758 1880 τὴν

151 1891 395 1958 γένεσιν,
433 1895 611 1948 οἱονεὶ
651 1895 862 1967 κέντρῳ
899 1897 1008 1950 τινὶ
1043 1900 1108 1969 τῇ
1159 1899 1254 1951 τοῦ
1289 1899 1520 1953 θανάτου
1569 1900 1755 1970 μνήμῃ

1939 1348 1991 1401 ι.
2028 1366 2047 1398 ι
2077 1346 2318 1418 Tempus
2354 1356 2461 1413 est,
2498 1369 2516 1404 ι
2553 1349 2752 1421 inquit,
2790 1368 2811 1403 ι
2843 1352 3112 1422 pariendi,
3147 1362 3202 1410 et
3229 1365 3440 1424 tempus

1864 1439 2188 1494 moriendi.»
2221 1438 2455 1495 Pulchre
2493 1443 2547 1495 in
2574 1443 2844 1512 principio
2867 1443 3050 1498 verbis
3077 1445 3218 1499 hanc
3245 1461 3438 1502 neces-

1865 1530 2067 1584 sariam
2109 1530 2396 1600 conjunxit
2438 1532 2902 1602 conjugationem,
2932 1549 3057 1589 cum
3087 1536 3440 1606 generatione

1864 1623 2128 1690 copulans
2164 1631 2414 1678 mortem.
2448 1623 2671 1678 Partum
2701 1626 2847 1680 enim
2876 1641 3025 1681 mors
3064 1628 3310 1697 sequitur
3341 1644 3438 1682 ne-

1864 1714 2131 1778 cessario,
2163 1723 2219 1769 et
2260 1715 2440 1771 omnis
2480 1717 2760 1786 generatio
2793 1717 3114 1773 dissolvitur
3149 1718 3203 1772 in
3248 1719 3439 1772 interim
3513 1732 3522 1744 α’

1863 1812 2020 1871 tum;
2069 1813 2130 1858 ut
2166 1813 2455 1875 propterea
2500 1806 2649 1876 quod
2689 1805 3026 1876 coniunctim
3069 1814 3293 1862 ostensa
3326 1809 3438 1862 sint

1862 1907 2014 1948 mors
2042 1901 2098 1950 et
2130 1895 2432 1965 generatio,
2462 1895 2742 1951 mentione
2771 1896 2967 1950 mortis
2995 1896 3167 1951 veluti
3195 1897 3436 1966 quodam

148 1982 278 2045 τοὺς
303 1982 736 2053 ὲμϐαθύνοντας
773 1990 873 2058 τῆς
915 1988 1055 2042 κατά
1098 1988 1276 2058 σάρκα
1309 1989 1456 2060 ζωῆς
1481 1989 1751 2061 διυπνίσῃ,

1860 1986 2086 2041 stimulo
2141 2002 2238 2042 eos
2291 1987 2714 2058 expergefaciat,
2767 1988 2863 2058 qui
2907 1988 2964 2042 in
3022 1987 3260 2042 carnalis
3312 1990 3437 2044 vita:

152 2079 245 2128 καὶ
276 2077 423 2148 πρὸς
468 2076 581 2150 τὴν
623 2080 878 2151 φροντίδα
910 2081 1018 2135 τῶν
1066 2081 1365 2150 μελλόντων
1401 2081 1754 2156 διαναστήσῃ.

152 2165 342 2221 Ταῦτα
390 2169 692 2239 φιλοσοφεῖ
723 2171 866 2226 κατὰ
903 2172 966 2225 τὸ
1009 2172 1232 2244 λεληθὸς
1274 2173 1333 2226 ὲν
1363 2176 1484 2236 ταῖς
1514 2172 1755 2245 πρώταις

151 2259 260 2312 τῶν
297 2260 543 2331 βιϐλίων
577 2265 913 2334 ἐπιγραφαῖς
952 2266 1047 2319 καὶ
1085 2267 1116 2318 6
1149 2265 1302 2335 φίλος
1330 2266 1409 2337 τῷ
1437 2266 1557 2337 Θεῷ
1585 2268 1756 2321 Μωῦ·

154 2351 254 2421 σῆς
280 2352 452 2417 εὐθὺς
497 2357 574 2426 τῇ
617 2355 834 2410 Γενὲσει
867 2359 1349 2430 συμπαραγράψας
1371 2360 1472 2430 τὴν
1512 2359 1751 2428 Ἐξοδον·

154 2441 228 2505 ὡς
256 2444 386 2508 τοὺς
409 2445 852 2517 ἐντυγχάνοντας
875 2452 991 2514 τοῖς
1014 2451 1538 2523 ὲπιγεγραμμὲνοις,
1569 2453 1664 2506 καὶ
1686 2453 1754 2508 δι’

155 2532 324 2603 αὐτῆς
355 2535 461 2604 τῆς
495 2536 612 2590 τῶν
638 2537 857 2608 βιϐλίων
887 2541 1098 2606 τάξεως
1124 2541 1193 2594 τὰ
1216 2542 1339 2596 καθ’
1373 2543 1599 2608 ἑαυτοὺς
1623 2561 1753 2598 παι-

156 2621 430 2695 δευθῆναι.
454 2625 606 2681 Οὔτε
630 2629 740 2699 γὰρ
769 2630 888 2683 ἔστι
909 2632 1122 2700 γένεσιν
1145 2633 1455 2688 ἀκούσαντα
1486 2636 1560 2707 μὴ
1597 2635 1755 2703 ’Ἐξο-

157 2712 242 2765 δον
277 2716 447 2780 εὐθὺς
488 2720 766 2790 ἐννοῆσαι.
815 2723 880 2775 Ὅ
919 2722 985 2792 δὴ
1019 2724 1114 2777 καὶ
1153 2723 1388 2778 ἐνταῦθα
1419 2725 1689 2797 νενοηκὼς
1725 2726 1755 2779 ὁ

165 2805 335 2872 μέγας
375 2809 820 2884 Ἐκκλησιαστὴς
861 2815 1264 2882 ἐπιδείκνυται,
1308 2819 1375 2888 τῇ
1415 2817 1754 2887 γενέσει,σύ-

164 2910 370 2967 στοιχον
409 2900 714 2968 ἀποδείξας
749 2903 844 2956 τὸν
891 2903 1138 2958 θάνατον.
1181 2906 1386 2976 Καιρὸς
1429 2905 1559 2977 γὰρ,
1594 2907 1748 2977 φησὶ,

163 2983 253 3038 τοῦ
275 2992 482 3054 τεκεῖν,
521 2993 618 3044 καὶ
642 2995 832 3064 καιρὸς
868 2994 964 3048 τοῦ
995 2996 1305 3051 ἀποθανεῖν.
1339 2994 1541 3051 τΗλθεν
1573 3000 1600 3052 6
1634 3016 1755 3052 και-

167 3073 273 3142 ρδς,
312 3082 472 3149 φησὶ,
512 3083 611 3136 καὶ
645 3084 903 3156 ὲτέχθηνο
935 3087 1053 3158 ἥξει
1098 3090 1128 3141 6
1170 3089 1378 3159 καιρὸς,
1419 3089 1515 3143 καὶ
1558 3088 1750 3160 τεθνή-

165 3162 341 3234 ξομαι.
376 3170 444 3224 Et
480 3172 624 3243 πρὸς
651 3175 810 3228 τοῦτο
837 3177 1037 3240 πάντες
1065 3177 1369 3249 ἐϐλέπομεν
1387 3219 1402 3243 ,
1429 3181 1528 3234 οὐκ
1557 3180 1621 3234 ἂν
1651 3181 1751 3252 τὴν

168 3254 422 3330 σύντομον
463 3264 698 3335 πορείαν
750 3269 1139 3332 καταλιπόντες
1160 3311 1174 3332 ,
1222 3269 1407 3342 κύκλῳ
1450 3271 1588 3342 μετά
1639 3271 1748 3325 τῶν

166 3326 370 3404 ἀσεϐών
399 3326 752 3427 τεεριῇειμεν,
791 3357 890 3430 τὴν
921 3326 1235 3432 περιοδίκὴν
1260 3362 1352 3415 τοῦ
1379 3326 1503 3432 ’βίὲυ
1538 3364 1746 3436 πλάνην
1774 3326 1817 3387 C

167 3435 423 3508 ἑκουσίως
448 3445 834 3519 πλανώμενοι,
882 3453 941 3504 ὲν
985 3451 1323 3516 δυναστείαις
1371 3455 1466 3508 καὶ
1512 3435 1750 3525 περιφα-

167 3526 331 3594 νείαις
358 3535 454 3587 καί
489 3537 766 3603 πλούτοις,
799 3541 869 3594 δι’
903 3535 978 3595 ὧν
1008 3544 1130 3606 ταῖς
1162 3544 1471 3608 πολυοδίαις
1498 3546 1594 3598 τοῦ
1633 3546 1750 3616 βίου

170 3617 349 3708 τούτου
391 3627 904 3699 ἐναμηχανοῦντες,
931 3633 1112 3688 οὐκέτι
1154 3635 1248 3688 τοῦ
1289 3635 1612 3707 λαϐυρίνθου
1651 3639 1750 3708 τῆς

171 3707 308 3783 ζωῆς
332 3717 547 3789 ταύτης
578 3721 678 3791 τὴν
709 3721 886 3789 ἔξοδον
913 3725 1329 3796 ὲξευρίσκομεν,
1367 3726 1434 3779 δι’
1463 3722 1536 3780 ὧν
1565 3707 1752 3780 δοκοῦ-

175 3817 266 3870 μεν
305 3811 653 3879 σπουδάζειν,
697 3813 787 3868 διὰ
818 3816 1023 3871 τούτων
1058 3819 1270 3882 ἑαυτοῖς
1303 3818 1372 3872 τὰ
1416 3821 1615 3890 σημεῖα
1652 3819 1750 3892 τῆς

174 3892 437 3965 ἀπλανοῦς
484 3902 798 3977 ὁδοιπορίας
840 3909 1179 3979 συγχέοντες.
1227 3909 1316 3973 Ὠς
1357 3910 1616 3980 μακάριοί
1647 3927 1747 3978 γε.

176 3986 320 4053 φησὶ,
343 3990 454 4045 τῶν
492 3993 799 4065 ἀνθρώπων
826 3999 1047 4060 ἐκεῖνοι,
1085 3999 1137 4052 οἳ
1169 3999 1267 4063 τὰς
1295 3999 1611 4069 περιώικάς
1648 3999 1750 4070 τῆς

176 4070 312 4161 ζωῆς
351 4083 573 4148 ἀπάτας
611 4087 1034 4154 καταλιπόντες,
1081 4091 1175 4144 ἐπὶ
1213 4089 1313 4161 τὴν
1349 4089 1612 4160 σύντομον
1652 4091 1751 4160 τῆς

176 4160 367 4237 ἀρετῆς
397 4172 520 4226 ὁδὸν
548 4174 776 4238 ἑαυτοὺς
805 4175 1027 4245 ἄγουσιν
1053 4179 1065 4232 ι
1099 4175 1246 4249 Αὕτη
1273 4160 1337 4234 δέ
1371 4181 1486 4233 ἐστι
1523 4179 1585 4233 τὺ
1614 4179 1751 4250 πρὸς

181 4253 336 4326 μηδὲν
358 4262 468 4316 τῶν
511 4264 638 4335 τῇδε
669 4266 770 4336 τὴν
792 4267 971 4336 ψυχὴν
998 4267 1372 4340 ἐπιστρέφειν,
1395 4268 1530 4322 ἀλλὰ.
1561 4283 1751 4321 συντε-

179 4343 362 4403 τάσθαι
393 4356 462 4427 τῇ
503 4357 707 4428 σπουδῇ
750 4359 886 4430 πρὸς
933 4359 998 4410 τὸ
1046 4359 1138 4414 διὰ
1184 4360 1420 4425 πίστεως
1463 4362 1522 4414 ὲν
1569 4360 1751 4413 ἐλπίσι

180 4443 552 4514 προκείμενον.
579 4449 748 4505 Πάλιν
771 4450 831 4506 δὲ
853 4452 915 4504 τὸ
942 4453 1104 4523 ῥηθὲν
1127 4452 1491 4524 ἐξετάσωμεν.
1521 4452 1748 4524 Καιρὸς,

182 4532 323 4599 φησι,
373 4538 469 4594 τοῦ
519 4543 700 4596 τεκεῖν
723 4583 738 4608 ,
767 4544 864 4597 καὶ
899 4539 1090 4615 καιρδς
1140 4543 1236 4599 τοῦ
1277 4545 1586 4600 ἀποθανεῖν.
1623 4543 1766 4598 Efes-

1859 2076 2190 2148 profundum
2223 2089 2354 2134 sunt
2383 2079 2650 2146 immersi,
2681 2086 2736 2134 et
2784 2080 2850 2134 ad
2897 2094 3084 2135 curam
3123 2077 3432 2134 futurorum

1857 2167 2084 2224 excitet.
2119 2167 2248 2224 Haec
2297 2169 2462 2224 tacite
2495 2169 2915 2240 philosophatur
2944 2171 2997 2224 in
3039 2171 3232 2240 primis
3266 2172 3435 2226 libro-

1856 2273 1982 2314 rum
2030 2273 2260 2315 suorum
2320 2259 2778 2330 inscriptionibus
2831 2259 2925 2316 Dei
2966 2277 3183 2332 quoque
3223 2263 3434 2318 amicus

1855 2349 2060 2417 Moses,
2093 2353 2188 2422 qui
2223 2351 2412 2409 statim
2439 2366 2565 2408 cum
2595 2350 2815 2418 Genesi,
2845 2353 2990 2424 quod
3019 2365 3097 2409 εει
3126 2356 3429 2424 generatio,

1855 2443 2026 2498 simul
2053 2459 2274 2514 quoque
2306 2444 2535 2514 scripsit
2566 2442 2838 2509 Exodum,
2875 2445 2928 2498 id
2961 2454 3063 2510 est,
3093 2459 3381 2501 excessum
3413 2465 3428 2502 :

1856 2539 1920 2588 ut
1961 2534 2056 2604 qui
2102 2550 2168 2590 ea
2213 2535 2455 2605 legerent
2499 2551 2621 2606 qua:
2669 2535 2872 2605 scripta
2912 2545 3058 2601 sunt,
3110 2537 3278 2591 etiam
3335 2550 3432 2606 per

1853 2623 2036 2694 ipsum
2070 2624 2318 2680 ordinem
2365 2625 2638 2681 librorum
2673 2641 2736 2680 ea
2767 2627 3045 2682 discerent
3077 2642 3198 2696 quae
3249 2626 3314 2680 ad
3347 2642 3438 2682 se-

1854 2714 2005 2783 ipsos
2050 2716 2346 2784 pertinent.
2398 2715 2588 2787 Neque
2635 2719 2780 2772 enim
2837 2717 2949 2771 ﬁeri
3005 2726 3186 2788 potest
3245 2729 3304 2772 ut
3335 2719 3431 2787 qui

1854 2803 2130 2870 Genesim,
2157 2809 2572 2877 generationem
2603 2809 2849 2878 inquam,
2876 2809 3130 2875 audierit,
3162 2824 3268 2863 non
3296 2809 3431 2865 Exo-

1854 2898 2004 2960 dum,
2041 2901 2094 2953 id
2129 2907 2215 2956 est
2240 2915 2525 2957 excessum
2558 2901 2811 2971 protinus
2845 2901 3064 2971 cogitet.
3118 2901 3273 2967 Quod
3302 2903 3428 2972 qui-

1853 2992 1976 3046 dem
2012 2991 2101 3046 hic
2125 3007 2346 3061 quoque
2381 3006 2644 3062 magnum
2681 2992 3019 3048 intellexisse
3058 2991 3428 3048 Ecclesiasten

1853 3084 2184 3147 ostenditur,
2228 3092 2287 3138 ut
2315 3085 2406 3154 qui
2446 3083 2502 3138 in
2543 3083 2735 3139 eodem
2774 3084 2968 3140 ordine
3001 3086 3247 3154 posuerit
3284 3101 3429 3141 mor-

1852 3181 1962 3231 tem
1993 3190 2103 3245 quo
2147 3175 2571 3246 generationem.
2612 3176 2853 3245 Tempus
2897 3184 2982 3231 est
3013 3177 3182 3240 enim,
3226 3176 3428 3247 inquit,

1854 3268 2121 3339 pariendi,
2139 3275 2422 3341 ettempus
2451 3267 2740 3325 moriendi.
2771 3267 2955 3335 Venit,
2975 3270 3168 3339 inquit,
3188 3276 3426 3339 tempus,

1853 3368 1909 3414 et
1931 3366 2092 3415 natus
2128 3374 2290 3426 sum;
2321 3360 2498 3415 veniet
2527 3367 2763 3430 tempus,
2791 3370 2844 3415 et
2868 3361 3095 3414 moriar.
3133 3358 3191 3414 Si
3225 3361 3290 3414 ad
3326 3361 3429 3417 hoc

1852 3450 2167 3505 universum
2201 3451 2711 3521 aspiceremusmon
2743 3450 2936 3506 relicto
2978 3450 3078 3505 viae
3104 3452 3428 3520 compendio

1852 3540 1906 3594 in
1939 3541 2172 3595 circuitu
2204 3555 2329 3594 cum
2349 3542 2531 3611 impiis
2551 3541 2980 3606 ambularemus,
3020 3540 3206 3595 mundi
3243 3542 3336 3611 qui
3372 3543 3427 3596 in

1849 3631 2036 3684 orbem
2057 3631 2452 3702 circumagitur
2473 3647 2658 3688 errore
2676 3641 2865 3688 nostra
2885 3641 3078 3702 sponte
3097 3634 3428 3697 errantes,in

1851 3721 2091 3790 potentia
2114 3729 2166 3776 et
2193 3722 2450 3789 superbia
2472 3730 2524 3777 et
2543 3722 2770 3786 divitiis,
2793 3733 2890 3791 per
2919 3737 3040 3793 quae
3056 3723 3110 3777 in
3139 3723 3426 3792 multiplici

1849 3816 1905 3864 et
1924 3811 2072 3864 varia
2089 3811 2253 3880 hujus
2277 3811 2463 3866 mundi
2481 3811 2567 3867 via
2585 3812 2868 3883 implicati,
2883 3827 2915 3870 e
2930 3812 3241 3883 labyrintho
3265 3813 3428 3880 hujus

1849 3900 1976 3955 vitte
2000 3902 2205 3955 exitum
2237 3902 2462 3958 minime
2495 3903 2825 3986 invenimus,
2843 3917 2908 3958 eo
2939 3903 3058 3973 ipso
3096 3904 3240 3973 quod
3268 3904 3430 3958 vehe-

1850 4003 2064 4048 menter
2083 3994 2414 4057 laborare,et
2441 3995 2683 4049 studium
2705 3996 2955 4048 videmur
2969 3993 3245 4054 adhibere.
3266 4003 3430 4049 certae

1850 4093 1904 4140 et
1927 4099 1956 4137 a
1974 4099 2080 4154 qua
2105 4083 2348 4139 aberrari
2377 4099 2482 4138 non
2503 4092 2684 4154 potest
2704 4085 2802 4140 via:
2826 4086 2982 4156 signa
3005 4083 3423 4140 confundentes.

1851 4176 2024 4244 Quam
2059 4177 2228 4241 beati,
2268 4177 2468 4246 inquit,
2513 4185 2642 4234 sunt
2678 4178 2754 4231 illi
2791 4177 3063 4242 homines,
3095 4177 3188 4247 qui
3217 4192 3338 4247 qua:
3372 4177 3429 4230 in

1850 4268 2039 4323 orbem
2093 4267 2349 4322 feruntur
2397 4267 2695 4324 fraudibus
2727 4269 2894 4338 hujus
2922 4269 3048 4323 vitae
3084 4269 3311 4332 relictis,
3361 4267 3430 4321 ad

1851 4359 2324 4430 compendiariam
2354 4359 2577 4414 virtutis
2599 4360 2744 4414 viam
2778 4374 2838 4415 se
2871 4358 3164 4414 conferunt
3190 4361 3204 4413 l
3235 4359 3309 4412 Ea
3334 4375 3433 4412 au-

1853 4459 1961 4507 tem
1999 4458 2107 4519 est,
2159 4449 2227 4504 ad
2278 4451 2416 4504 nihil
2452 4465 2644 4505 eorum
2683 4466 2805 4520 quae
2855 4451 2946 4505 hic
3002 4457 3132 4506 sunt
3187 4449 3430 4502 animum

1853 4550 2199 4609 convertere,
2237 4541 2335 4597 sed
2373 4543 2491 4596 acri
2526 4543 2709 4596 studio
2744 4540 3082 4597 contendere
3111 4541 3176 4595 ad
3205 4540 3257 4594 id
3285 4539 3431 4610 quod

184 4619 340 4730 ἰταμοὶ
384 4628 595 4695 γένοιτο
634 4632 693 4686 ὲν
721 4631 900 4704 καιρῷ
929 4651 991 4687 τε
1030 4635 1060 4687 6
1090 4634 1268 4698 τόκος,
1298 4635 1393 4688 καὶ
1430 4635 1459 4688 6
1497 4633 1750 4706 εὔκαιρος

1856 4649 1950 4705 per
1976 4632 2137 4688 ﬁdem
2172 4633 2231 4686 in
2262 4647 2359 4703 spe
2394 4639 2480 4688 est
2517 4632 2884 4704 prOpositum.
2907 4632 3067 4699 Quod
3101 4633 3314 4687 dictum
3349 4642 3434 4687 εει

187 4705 421 4782 θάνατοςι
455 4721 530 4774 Οὐ
569 4721 681 4793 γὰρ
712 4723 776 4778 ἄν
804 4740 889 4788 τις
918 4724 1062 4778 εἴποι
1109 4726 1211 4795 τὴν
1247 4719 1502 4782 ἀκούσιον
1541 4705 1746 4797 ταύτην

187 4797 358 4871 ὠδῖνα,
399 4809 497 4863 καὶ
541 4813 633 4867 τὸν
674 4814 980 4886 αὐτόματον
1021 4815 1247 4870 θάνατον
1285 4815 1436 4889 παρά
1475 4816 1570 4870 τοῦ
1621 4817 1747 4872 Ἐκ-

190 4891 503 4963 κλησιαστοῦ
535 4904 633 4960 νῦν
657 4907 733 4970 ὡς
758 4908 817 4960 ἐν
845 4908 1048 4978 ἀρετῆς
1072 4907 1409 4980 κατορθώσει
1437 4910 1751 4982 προδείκνυ-

191 4981 324 5074 ςοαι.
359 4993 495 5049 Οὔτε
540 4997 650 5069 γὰρ
696 5000 788 5052 ἐπὶ
820 4999 900 5070 τῷ
951 4999 1214 5072 θελήματι
1264 5002 1364 5073 τῆς
1416 4981 1672 5070 γυναικὸς
1715 5002 1748 5074 ή

193 5070 308 5140 ὠδὶς
329 5097 341 5110 ·
368 5084 490 5140 οὔτε
525 5089 583 5142 ὲν
611 5093 676 5161 τῇ
704 5093 1022 5163 προαιρέσει
1060 5070 1167 5147 τῶν
1194 5070 1569 5149 τελευτώντων
1594 5098 1624 5150 6
1652 5070 1751 5150 θάλ

195 5177 357 5260 vero;
392 5177 457 5231 '0
490 5179 547 5234 δὲ
575 5181 662 5251 ἐφ’
690 5185 824 5253 ἡμῖν
851 5184 951 5239 οὐκ
973 5185 1140 5250 ἐστιν,
1167 5185 1291 5239 οὔτε
1316 5185 1515 5260 ἀρετὴν
1540 5189 1606 5242 ἀν
1639 5205 1751 5253 τις,

199 5251 309 5350 dt“:
343 5267 538 5322 κακίαν
585 5251 863 5342 ὁρίσαιτοο
897 5273 1092 5330 οὐκοῦν
1133 5276 1321 5347 νοῆσαι
1358 5251 1626 5350 προσήκει

379 5357 469 5410 τὸν
514 5359 805 5433 εὔκαιρον,
854 5365 950 5420 καὶ
997 5366 1091 5420 τὸν
1140 5343 1423 5439 ὲνάαιρῷ
1467 5343 1749 5438 γινόμενον

202 5431 429 5530 θάνατον.
471 5451 624 5524 Ἐμοὶ
658 5431 804 5508 δοκεῖ
832 5457 994 5522 τόκος
1030 5457 1238 5530 ὥριμος
1272 5431 1368 5514 καλ
1394 5431 1497 5512 οὐκ
1529 5431 1752 5530 ἀμϐλω-

205 5521 372 5605 θρίδης
395 5521 547 5609 εἶναι,
565 5547 715 5612 ὃταν,
738 5547 920 5613 καθώς
937 5521 1101 5621 φησιν
1133 5521 1381 5616 Ἦσαῖας,
1401 5553 1467 5606 ὲκ
1489 5521 1585 5605 rei;
1606 5551 1752 5605 θείου

138 5635 147 5668 ἶ
203 5631 278 5713 τξε
319 5629 474 5695 φάδου
506 5639 854 5710 κυοφορήσας
889 5640 977 5694 διὰ
1016 5639 1128 5695 τῶν
1164 5643 1265 5713 τῆς
1313 5642 1490 5713 ψυχῆς
1541 5641 1750 5697 ὠδίνων

135 5766 143 5815 δ
330 5717 458 5815 ίδίαν
495 5706 767 5800 σωτηρίαν
805 5733 1062 5806 γεννήσῃ.
1106 5706 1346 5787 Ἐαυτῶν
1549 5735 1750 5815 τρόπον

135 5799 157 5845 κ
211 5799 316 5855 τινὰ
335 5813 558 5885 πατέρες
577 5799 856 5888 γινόμεθα,
880 5799 1113 5877 ὃταν-διὰ
1137 5823 1236 5892 τῆς
1257 5799 1480 5894 ἀγαθῆς-
1497 5799 1751 5894 πρόαιρέ·

216 5904 333 5958 σεως
367 5900 554 5972 αὐτοὺς
594 5906 883 5980 πλάσωμέν
914 5929 968 5964 τε
1013 5915 1102 5967 καὶ
1136 5915 1506 5984 γεννήσωμεν,
1549 5915 1642 5974 καὶ
1672 5917 1750 5978 είς

1854 4734 2036 4782 autem
2091 4740 2292 4782 rursus
2339 4725 2737 4782 examinemus.
2786 4724 3028 4796 Tempus
3077 4732 3184 4790 est,
3233 4725 3432 4795 inquit,

1854 4817 2127 4890 pariendi,
2159 4827 2215 4874 et
2239 4827 2459 4888 tempus
2481 4818 2772 4874 moriendi.
2807 4819 3028 4873 Utinam
3056 4817 3190 4873 mihi
3217 4831 3434 4888 quoque

1855 4910 2039 4978 detur,
2068 4919 2128 4965 ut
2157 4911 2214 4965 in
2253 4917 2498 4981 tempore
2528 4924 2745 4975 nascar,
2782 4917 2837 4965 et
2870 4920 3176 4985 opportune
3203 4909 3428 4963 moriar!

1858 5000 2029 5056 Nemo
2057 5000 2206 5056 enim
2229 5001 2430 5056 dixerit
2463 5001 2890 5055 involuntariam
2917 5001 3060 5056 hanc
3099 5001 3428 5071 partionem,

1853 5097 1909 5145 et
1941 5097 2298 5160 spontaneam
2347 5099 2578 5144 mortem
2612 5075 2759 5144 nunc
2789 5090 3007 5146 ostendi
3051 5089 3120 5144 ab
3153 5087 3429 5142 Ecclesia-

1854 5189 1957 5244 ste,
1989 5189 2250 5251 tanquam
2283 5195 2350 5234 ex
2378 5194 2445 5234 eo
2478 5180 2552 5234 sit
2586 5189 2740 5236 recta
2783 5181 3004 5236 virtutis
3044 5180 3208 5234 actio.
3243 5175 3432 5246 Neque

1853 5273 2000 5328 enim
2027 5279 2254 5342 propter
2281 5272 2534 5328 mulieris
2561 5273 2903 5328 voluntatem
2947 5270 3164 5326 exsistit
3194 5280 3386 5339 partus
3413 5286 3428 5323 :

1855 5377 2036 5433 neque
2086 5378 2236 5418 mors
2280 5370 2368 5418 est
2411 5364 2467 5417 in
2521 5362 2902 5418 decedentimn
2957 5361 3127 5415 libero
3176 5359 3426 5414 arbitrio.

1857 5453 2017 5521 Quod
2057 5463 2239 5511 autem
2292 5469 2403 5510 non
2451 5463 2537 5511 est
2570 5455 2625 5510 in
2676 5461 2864 5510 nostra
2912 5460 3200 5522 p0testate,
3253 5463 3430 5518 neque

1858 5545 2124 5602 virtutem
2164 5560 2344 5617 neque
2382 5545 2575 5599 vitium
2611 5535 2904 5615 quisquam
2937 5541 3232 5597 deﬁnierit.
3266 5539 3430 5595 Inteln

1861 5638 2033 5708 ligere
2067 5652 2199 5708 ergo
2243 5644 2458 5706 oportet
2486 5645 2706 5707 partum
2753 5633 3161 5705 tempestivum,
3193 5642 3248 5689 et
3281 5648 3428 5688 mor-

1857 5738 1968 5785 tem
1995 5745 2116 5800 que
2157 5735 2244 5785 est
2295 5729 2354 5784 in
2401 5737 2666 5798 tempore.
2720 5726 2852 5782 Mihi
2907 5725 3126 5783 videtur
3177 5733 3426 5782 maturus

1857 5837 1981 5878 esse
2015 5829 2206 5894 partus
2263 5828 2318 5878 et
2369 5835 2477 5876 non
2524 5820 2830 5889 abortivus,
2881 5820 3122 5892 quando,
3173 5827 3234 5874 ut
3291 5811 3439 5874 dicit

1860 5913 2074 5982 Esaias,
2125 5931 2248 5971 cum
2299 5913 2571 5986 quispim
2604 5930 2672 5972 ex
2716 5913 2812 5974 Dei
2857 5914 3052 5973 timore
3093 5909 3449 5988 conceperit...
