3874 6356
93 337 196 392 705

1173 321 1241 378 ΙΝ
1273 319 1815 379 ECCLESIASTEN.
1873 318 2156 374 flOMlLlA
2191 321 2273 376 Vl.

3267 328 3369 384 706

93 454 308 530 Κυρίου
338 447 591 522 θαὺματα
646 446 1038 518 ἀγνωμοσύνη,
1075 444 1248 498 ταῦτα
1286 444 1354 497 τά
1393 442 1537 511 φυτά
1571 444 1680 496 ἐστι

1791 441 1998 495 crimen
2032 441 2098 495 ad
2132 455 2192 496 ea
2225 455 2352 509 quae
2379 457 2406 495 a
2449 440 2681 497 Domino
2716 441 2856 508 facta
2903 452 3034 498 sunt
3076 444 3366 513 miracula,

98 548 157 602 τὰ
211 542 596 613 ὲκτιλλόμενα.
645 539 764 610 Χρὴ
809 537 917 608 γὰρ
977 536 1343 607 ἐπικρατῆσαι
1395 535 1457 586 τὸ
1507 536 1678 604 κήρυ-

93 655 210 708 γμα
241 638 346 708 τῆς
370 624 659 704 σωτηρίας.
696 651 713 682 ι
746 631 866 702 Χρὴ
897 628 1235 700 κηρυχθῆναι
1263 627 1323 679 τὸ
1349 626 1679 694 Εὑαγγέλιον

95 734 150 784 ὲν
177 729 290 798 ὅλῳ
322 727 399 797 τῷ
421 725 638 795 κόσμῳ.⁴
663 744 681 775 ι
721 723 840 794 Χρὴ
870 723 1048 774 πᾶσαν
1071 718 1322 786 γλῶσσαν
1354 717 1679 788 ἐξομολογή-

98 817 296 872 σασθαι
328 816 411 869 ὅτι
448 816 653 885 Κύριος
702 811 910 882 Ἰησοῦς
961 809 1192 878 Χριστὸς
1239 810 1318 872 εἰς
1358 807 1514 872 δόξαν
1543 806 1678 859 Θεοῦ

97 909 336 980 Πατρός.
383 907 537 959 Ἐπεὶ
582 901 674 958 οὖν
704 903 875 956 ταῦτα
921 901 1176 970 γενέσθαι
1222 899 1326 971 χρὴ
1360 900 1574 965 πάντως
1597 941 1610 965 ,
1643 902 1676 972 ή

97 1000 189 1053 νῦν
219 995 602 1068 ὲπικρατοῦσά
630 1011 790 1046 τινων
819 991 1044 1045 ἀπιστία
1071 993 1170 1044 ούκ
1200 990 1346 1043 ἔστιν
1372 992 1435 1043 ὲκ
1459 990 1557 1060 τῆς
1585 989 1678 1042 τοῦ

97 1092 313 1163 Πατρὺς
342 1090 596 1158 φυτείας,
626 1087 761 1140 ἀλλά
787 1085 879 1139 τοῦ
916 1084 1387 1156 παρασπείροντος
1428 1084 1497 1137 τὰ
1523 1083 1679 1146 ζιζά-

97 1203 204 1248 νια,
233 1184 268 1253 ἢ
299 1182 396 1234 τοῦ
428 1177 904 1250 παραφυτεύοντος
939 1178 1015 1248 τῷ
1042 1175 1355 1247 Δεσποτικῷ
1398 1173 1679 1246 ἀμπελῶνι

97 1275 194 1346 τὴν
240 1271 543 1342 Σοδομικὴν
582 1268 917 1339 κληματίδα,
953 1271 1129 1340 Ὅπερ
1159 1264 1251 1322 οὗν
1296 1270 1353 1322 ὲν
1384 1267 1464 1338 τῷ
1499 1269 1677 1335 Εὐαγ-

97 1365 259 1435 γελίῳ
297 1363 454 1434 παρὰ
495 1361 596 1431 τῆς
629 1359 964 1431 Δεσποτικῆς
1021 1361 1204 1429 φωνῆς
1251 1357 1674 1428 ἐπαιδεύθημεν·

98 1457 252 1508 τοῦτο
272 1454 373 1507 νῦν
400 1453 496 1507 καὶ
519 1456 576 1506 ὲν
605 1451 683 1522 τῷ
708 1451 988 1522 αἰνίγματι
1009 1449 1101 1502 τοῦ
1127 1448 1553 1518 Ἑκκλησιαστοῦ
1581 1449 1680 1502 tat-

101 1547 403 1616 δάχθημεν,
430 1547 511 1598 ὅτι
536 1544 699 1608 αὐτὸς
731 1542 920 1612 καιρός
951 1545 1066 1596 ὲστι
1105 1541 1166 1594 τό
1199 1558 1257 1593 τε
1298 1542 1560 1611 σωτήριον
1581 1540 1678 1610 τῆς

102 1615 332 1699 πίστεως
365 1634 532 1704 φυτὸν
560 1630 994 1705 παραδέξασθαι,
1030 1632 1090 1685 τὸ
1136 1630 1266 1685 αὐτὸ
1297 1632 1396 1702 τῆς
1425 1615 1680 1694 ἀπιστίας

101 1729 350 1784 ἀποτῖλαι
383 1726 640 1792 ζιζάνιον.
683 1728 748 1777 Ὃ
792 1723 849 1775 δὲ
877 1724 968 1776 ἐπὶ
1019 1723 1217 1794 μέρους
1249 1724 1378 1794 περὶ
1409 1722 1504 1775 τοῦ
1539 1721 1680 1776 κατὰ

108 1819 192 1891 τὴν
239 1818 432 1871 πίστιν
481 1812 904 1886 κατορθώματος
951 1813 1197 1884 είρηται,
1233 1811 1392 1864 τοῦτο
1444 1813 1542 1885 καὶ,
1589 1813 1679 1864 ἐπὶ

107 1910 277 1980 πάσης
303 1907 510 1978 ἀρετῆς
540 1903 848 1967 ἀκολούθως
877 1903 941 1956 ἄν
968 1920 1052 1965 τις
1082 1904 1311 1974 νοήσειε.
1351 1901 1557 1974 Καιρὸς
1586 1903 1677 1956 τοῦ

104 1999 360 2068 φυτεῦσαι
399 1997 498 2066 τὴν
543 1993 898 2064 σωφροσύνην
950 1994 1043 2047 καὶ
1075 1993 1280 2046 ὲκτῖλαι
1311 1993 1372 2046 τὸ
1413 1993 1514 2062 τῆς
1552 1993 1680 2046 ἀκο-

103 2088 282 2151 λασίας
333 2086 523 2156 φυτόν.
568 2083 724 2138 Οὕτω
767 2085 862 2136 καὶ
900 2083 1242 2154 δικαιοσύνης
1287 2083 1676 2156 φυτευθείσης,

106 2179 497 2252 ἀπορῤιζοῦται
529 2177 590 2230 τὸ
618 2177 801 2231 ἄδικον
824 2176 1128 2247 βλάστημα,
1160 2178 1252 2230 καὶ
1281 2177 1344 2230 τὸ
1373 2178 1471 2247 τῆς
1499 2195 1682 2232 ταπει-

109 2271 438 2344 νοφροσύνης
469 2269 656 2339 φυτὸν,
695 2268 786 2323 τὸν
812 2269 978 2337 τῦφον
1016 2269 1278 2341 ἀνέτρεψε
1297 2309 1310 2331 ,
1337 2269 1370 2339 ἦ
1397 2287 1456 2322 τε
1491 2270 1678 2341 ἀγάπη

109 2366 452 2436 βλαστήσασα
473 2365 534 2427 τὸ
560 2363 794 2434 πονηρὸν
823 2361 918 2415 τοῦ
948 2362 1137 2433 μίσους
1154 2360 1368 2432 δένδρον
1390 2361 1648 2433 ἐξήρανεν
1664 2375 1681 2392 ⁸

109 2458 283 2529 ὥσπερ
315 2456 416 2510 καὶ
451 2457 516 2508 ἐκ
534 2454 625 2508 τοῦ
656 2454 896 2508 ἐναντίου
924 2453 1158 2525 δένδρου,
1189 2453 1375 2523 μίσους
1408 2453 1679 2526 δηλαδὴ,ή

109 2549 278 2603 ἀδικία
327 2545 716 2618 πληθυνομένη
769 2544 866 2616 τὴν
897 2545 1116 2614 ἀγάπην
1158 2544 1458 2614 κατέψυξε,
1487 2548 1582 2599 καὶ
1614 2545 1683 2600 τὰ

111 2642 236 2694 ἀλλα
268 2639 452 2693 πάντα
484 2636 625 2691 κατὰ
659 2636 749 2690 τὸν
790 2636 950 2689 αὐτὸν
978 2636 1207 2707 τρόπον,
1235 2635 1320 2688 ἵνα
1356 2635 1432 2706 μὴ
1464 2636 1530 2690 τὰ
1559 2636 1681 2690 καθ’

109 2730 326 2783 ’ἑκαστον
352 2729 611 2795 λέγοντες
638 2724 1006 2796 διατρίϐωμεν
1025 2765 1038 2789 ,
1077 2724 1278 2794 ὁμοίως
1320 2723 1588 2789 νοοῦντες,
1619 2725 1679 2778 ού

113 2819 514 2892 σφσλησόμεθα.
557 2819 728 2873 Πάλιν
767 2821 795 2873 ὁ
823 2817 1022 2889 ἐφεξῆς
1058 2817 1214 2887 λόγος
1253 2815 1541 2888 σύμφωνος
1569 2821 1680 2883 τοῖς

112 2911 600 2984 προεξητασμένοις
625 2911 760 2965 ὲστί.

182 3025 200 3058 ι
225 3005 437 3076 Καιρδς
459 3003 587 3075 γὰρ,
621 3023 639 3055 ι
670 3004 822 3074 φησὶ,
849 3021 868 3054 ι
902 3001 996 3055 τοῦ
1017 3003 1352 3066 ἀποκτεῖναι,
1377 3002 1565 3074 καιρὸς
1586 3003 1680 3057 τοῦ

1787 535 1871 588 hae
1920 534 2120 604 plantae
2172 543 2300 589 sunt
2351 549 2476 604 quae
2528 535 2855 590 evelluntur.
2891 535 3170 590 Dominari
3220 539 3365 593 enim

1786 633 2005 695 oportet
2052 626 2390 695 praeconium
2427 625 2641 680 salutis.
2676 626 2904 696 Oportet
2938 627 3103 680 etiam
3157 628 3366 683 invale-

1787 731 1943 772 scere
1990 717 2439 787 prwdicationem
2494 719 2709 772 salutis.
2748 737 2766 769 ι
2834 717 3061 788 Oportet
3121 720 3367 792 Evange-

1785 809 1918 862 lium
1950 810 2234 880 praedicari
2270 809 2324 863 in
2358 818 2472 864 toto
2499 810 2703 864 mundo
2730 810 2798 862 ὀ.
2838 829 2857 862 ι
2892 809 3116 880 Oportet
3145 829 3362 868 omnem

1786 898 2030 969 linguam
2073 899 2346 963 conﬁteri,
2403 900 2548 970 quod
2601 899 2867 954 Dominus
2913 899 3075 957 Jesus
3109 901 3364 957 Christus

1761 984 1842 1044 'in
1882 990 2111 1059 gloriam
2162 989 2256 1044 Dei
2290 988 2472 1045 Patris
2505 990 2570 1042 ⁸⁸.
2614 989 2886 1055 Quoniam
2933 1008 3064 1062 ergo
3100 993 3215 1048 ha‘c
3241 1009 3363 1048 om-

1786 1083 1920 1136 nino
1953 1082 2070 1136 ﬁeri
2100 1090 2336 1152 oportet,
2369 1097 2492 1152 qua;
2527 1097 2673 1137 nunc
2713 1083 2768 1137 in
2802 1085 3084 1141 nonnullis
3116 1085 3365 1140 domina-

1788 1182 1876 1228 tur
1907 1175 2290 1240 incredulitas,
2319 1190 2430 1228 non
2475 1186 2560 1233 est
2591 1192 2654 1231 ex
2691 1174 3022 1244 plantatione
3037 1177 3240 1241 Patris,
3267 1180 3361 1234 sed

1784 1265 1906 1334 ejus
1934 1265 2024 1334 qui
2049 1264 2452 1334 superseminat
2475 1265 2707 1330 zizania,
2735 1267 2818 1320 vel
2849 1267 2940 1334 qui
2967 1265 3123 1334 juxta
3149 1268 3361 1322 vineam

1784 1356 2001 1410 Domini
2028 1357 2307 1427 palmitem
2342 1357 2553 1426 plantat
2582 1355 2970 1411 Sodomorum.
3003 1357 3156 1424 Quod
3196 1359 3365 1428 igitur

1785 1450 1841 1504 in
1877 1447 2174 1520 Evangelio
2207 1448 2506 1503 didicimus
2540 1461 2569 1500 a
2605 1463 2737 1504 voce
2773 1447 3010 1515 Domini,
3060 1450 3164 1504 hoc
3217 1466 3363 1506 nunc

1785 1555 2006 1611 quoque
2056 1541 2344 1610 mnigmate
2391 1538 2580 1593 docuit
2629 1555 2731 1595 nos
2782 1538 3164 1607 Ecclesiastes,
3215 1542 3361 1612 quod

1785 1631 1928 1685 idem
1960 1637 2045 1686 est
2070 1638 2286 1700 tempus
2322 1638 2377 1684 et
2412 1629 2710 1684 salutarem
2751 1629 2874 1684 fidei
2908 1631 3148 1700 plantam
3185 1631 3364 1686 susci-

1787 1722 1994 1792 piendi,
2048 1730 2102 1776 et
2157 1723 2340 1792 ipsum
2385 1719 2792 1776 incredulitatis
2839 1721 3028 1776 lolium
3071 1721 3359 1778 evellendi.

1709 1803 1752 1858 Β
1782 1814 1937 1880 Quod
1972 1825 2152 1868 autem
2190 1815 2246 1869 in
2282 1821 2437 1884 parte
2469 1813 2676 1870 dictum
2708 1821 2792 1870 est
2831 1814 2899 1868 de
2933 1829 2997 1869 eo
3035 1815 3178 1885 quod
3215 1823 3364 1870 recte

1782 1913 1995 1976 gestum
2020 1915 2104 1960 est
2133 1922 2198 1960 ex
2235 1905 2358 1970 ﬁde,
2389 1905 2492 1960 hoc
2525 1906 2687 1960 etiam
2722 1906 2776 1959 in
2818 1905 2966 1959 omni
2998 1906 3198 1961 virtute
3228 1921 3362 1961 con-

1781 2005 2074 2066 sequenter
2109 1996 2468 2051 intellexeris.
2503 1987 2743 2066 Tempus
2777 2006 2862 2050 est
2900 1995 3182 2066 plantandi
3217 2003 3360 2050 temo

1780 2088 2104 2158 perantiam,
2138 2096 2192 2142 et
2215 2087 2482 2143 evellendi
2515 2087 2757 2156 plantam
2790 2087 3247 2156 intemperantiae.
3281 2089 3360 2140 Ita

1782 2178 1944 2233 etiam
1977 2179 2216 2247 plantata
2253 2177 2494 2246 justitia,
2535 2177 2797 2244 injustum
2829 2191 3051 2246 germen
3097 2177 3361 2231 radicitus

1785 2270 2060 2333 evellitur,
2089 2275 2143 2324 et
2171 2269 2356 2338 planta
2387 2269 2720 2325 humilitatis
2747 2269 2944 2322 evertit
2964 2269 3360 2338 arrogantiam,

1785 2370 1839 2418 et
1874 2378 1992 2433 quac
2025 2362 2348 2433 germinavit
2384 2361 2651 2430 charitas,
2684 2359 2984 2416 exsiccavit
3027 2360 3222 2414 malam
3271 2375 3364 2412 ar-

1786 2455 1973 2510 borem
2003 2454 2115 2508 odii
2158 2472 2172 2508 :
2211 2453 2488 2523 quomodo
2520 2454 2684 2508 etiam
2725 2468 2790 2507 ex
2824 2452 3102 2507 contraria
3142 2450 3360 2506 arbore.

1787 2561 1982 2615 nempe
2014 2545 2162 2610 odio,
2187 2545 2548 2615 multiplicata
2570 2544 2838 2614 injustitia
2861 2541 3146 2610 refrigerat
3179 2540 3363 2595 chari-

1747 2663 1751 2672 ν
1787 2647 1975 2692 tatem.
2017 2636 2140 2690 Alia
2180 2653 2402 2706 quoque
2427 2637 2634 2700 omnia,
2662 2653 2731 2691 ne
2763 2637 2816 2690 in
2849 2636 3080 2706 singulis
3114 2636 3363 2690 dicendis

1787 2729 2167 2791 immoremur,
2211 2728 2402 2782 eodem
2457 2727 2619 2781 modo
2673 2727 2925 2782 similiter
2972 2727 3359 2797 intelligentcs,

1787 2833 1898 2872 non
1930 2818 2327 2873 aberrabimus.
2367 2817 2577 2872 Rursus
2611 2818 2664 2871 id
2698 2817 2842 2886 quod
2874 2817 3132 2887 deinceps
3177 2821 3359 2889 sequi-

1787 2917 1898 2974 tur,
1937 2916 2204 2963 consonat
2235 2907 2303 2962 iis
2335 2923 2455 2978 quae
2488 2907 2642 2977 prius
2676 2915 2805 2962 sunt
2839 2908 3174 2962 examinata.

1859 3001 1912 3056 5.
1951 3019 1968 3052 ι
2004 2999 2242 3068 Tempus
2270 3007 2353 3055 est
2381 2999 2552 3064 enim,
2603 3018 2621 3049 ι
2666 2999 2863 3069 inquit,
2901 3017 2920 3049 ι
2967 2998 3275 3065 occidendi,
3309 3006 3363 3052 ct

117 3097 376 3152 ἰάσασθαι.
392 3117 411 3148 ι
434 3095 606 3148 Τοῦτο
621 3096 674 3148 δὲ
695 3095 879 3164 σαφῶς
895 3095 952 3149 ὲν
969 3094 1046 3165 τῷ
1067 3093 1386 3166 προφητικῷ
1403 3113 1536 3165 προε
1543 3113 1574 3166 ρ
1581 3114 1680 3168 μη-

1789 3095 2005 3158 tempus
2022 3087 2300 3142 medendi.
2342 3105 2361 3138 ι
2394 3085 2508 3142 Hoc
2534 3096 2712 3140 autem
2741 3094 2930 3156 aperte
2964 3087 3270 3156 explicatur
3306 3088 3360 3142 in

117 3188 336 3248 νεύεται,
359 3188 386 3240 ὃ
412 3190 476 3240 ἐκ
499 3185 789 3258 προσώπου
826 3185 920 3238 τοῦ
964 3185 1098 3239 Θεοῦ
1143 3203 1336 3257 φησιν,
1371 3186 1452 3240 ὅτι
1479 3205 1498 3238 ι
1543 3187 1682 3256 Ἐγὼ

117 3278 386 3332 ἀποκτενῶ
403 3278 500 3330 καὶ
514 3277 611 3347 ζῇν
629 3278 857 3347 ποιήσω.
872 3295 890 3328 ι
912 3275 1035 3329 Ἐὰν
1056 3274 1164 3347 γὰρ
1184 3276 1257 3348 μὴ
1275 3277 1682 3349 ἀποκτείνωμεν

121 3370 174 3421 ὲν
198 3370 404 3432 ἑαυτοῖς
429 3369 529 3439 τὴν
558 3367 778 3437 ἔχθραν,
810 3368 909 3420 οὐκ
933 3367 1193 3437 ἰασόμεθα
1214 3368 1312 3438 τὴν
1332 3368 1682 3440 ἀγαπητικὴν

93 3527 99 3537 ⁸
120 3460 338 3514 διάθεσιν
362 3461 462 3530 τὴν
489 3461 547 3512 ὲν
569 3461 698 3530 ήμῖν
719 3458 805 3512 διὰ
823 3458 917 3511 τοῦ
947 3458 1138 3529 μίσους
1165 3460 1490 3529 νοσήσασαν.
1526 3459 1684 3513 Οὕτω

120 3549 204 3600 καὶ
225 3550 289 3602 τὰ
307 3549 472 3602 λοιπὰ
495 3549 672 3601 πάντα
687 3548 788 3601 ὅσα
813 3547 905 3599 ἐπὶ
927 3545 1082 3616 κακῷ
1099 3545 1218 3599 καθ’
1238 3545 1393 3616 ήμῶν
1414 3545 1478 3616 ζῇ
1500 3563 1514 3578 ⁸
1539 3545 1682 3614 λέγω

120 3637 177 3709 δή
202 3639 293 3710 τὴν
322 3639 499 3709 κακὴν
529 3637 636 3690 τῶν
653 3636 992 3708 παθημάτων
1011 3635 1334 3707 παράταξιν,
1354 3637 1555 3690 καὶτὸν
1578 3638 1681 3706 ἐμ-

123 3728 292 3796 φύλιον
317 3730 510 3783 τοῦτον
546 3729 799 3800 πόλεμον,
834 3729 924 3782 τὸν
955 3729 1075 3783 καθ’
1104 3727 1260 3800 ἡμῶν
1289 3727 1377 3782 διὰ
1405 3727 1512 3782 τῶν
1555 3728 1681 3798 ήδο-

123 3818 216 3873 νῶν
259 3821 714 3892 στρατευόμενον,
767 3820 860 3873 καὶ
883 3819 1364 3890 αἰχμαλωτίζοντά
1413 3820 1562 3890 ήμᾶς
1602 3818 1682 3889 τῷ

123 3911 255 3981 νόμῳ
281 3915 378 3984 τῆς
408 3911 703 3983 ἁμαρτίας,
757 3911 946 3982 καιρός
975 3912 1090 3964 ἐστι
1129 3909 1222 3964 τοῦ
1251 3911 1584 3963 ἀποκτεῖναι.
1623 3910 1682 3963 '0

124 4000 218 4071 γὰρ
245 4002 349 4054 τῶν
380 4001 640 4055 τοιούτων
681 4001 840 4070 φόνος
860 4040 875 4064 ,
918 4002 1060 4064 ἴασις
1097 4000 1306 4070 γίνεται
1347 3999 1440 4053 τυῦ
1469 3999 1557 4053 διὰ
1583 3999 1682 4069 τῆς

125 4091 380 4162 ἁμαρτίας
399 4091 881 4163 ὲξασθενήσαντος.
908 4092 1074 4146 Φασὶν
1101 4093 1149 4144 οἱ
1180 4092 1354 4162 ἰατροὶ
1381 4089 1480 4153 τάς
1499 4090 1683 4160 ἕλμιν-

125 4176 228 4242 θας,
262 4182 354 4234 καὶ
384 4178 524 4235 ἄλλα
565 4181 688 4234 τινὰ
719 4181 941 4234 τοιαῦτα
981 4181 1144 4256 θηρία
1186 4181 1387 4234 ἔσωθεν
1419 4183 1483 4234 ὲκ
1517 4199 1684 4235 κακο-

124 4270 308 4338 χυμίας
330 4271 716 4341 ζωογονεῖσθαι
735 4275 848 4336 τοῖς
872 4273 1218 4344 σπλάγχνοις,
1241 4269 1316 4327 ὧν
1339 4273 1501 4344 ήζωὴ
1527 4273 1682 4337 νόσος

124 4364 193 4432 τῷ
215 4364 421 4436 σώματι
454 4367 664 4436 γίνεται
684 4379 699 4395 ⁶
734 4368 782 4419 εί
811 4367 866 4420 δὲ
892 4368 1073 4420 ἐκεῖνα
1096 4367 1182 4421 διά
1208 4384 1352 4429 τινος
1395 4382 1684 4437 φαρμακο-

1784 3181 2072 3252 propheta,
2106 3194 2230 3235 cum
2268 3177 2404 3233 dicit
2434 3194 2500 3234 ex
2534 3193 2768 3247 persona
2798 3177 2892 3233 Dei
2922 3196 2935 3231 :
2975 3197 2992 3228 ι
3026 3178 3282 3232 Occidam
3313 3189 3362 3233 et

1782 3275 1968 3328 vivere
2008 3272 2207 3326 faciam
2255 3272 2368 3326 ".i
2399 3268 2517 3325 Nisi
2547 3271 2694 3325 enim
2736 3271 2790 3324 in
2841 3270 3002 3325 nobis
3045 3268 3362 3325 occidamus

1784 3363 2129 3429 inimicitias,
2191 3376 2302 3417 non
2362 3361 2704 3418 medebimur
2756 3360 3028 3416 affectioni
3080 3361 3362 3417 charitatis

1784 3472 1907 3527 quae
1927 3462 2154 3527 aegrotat
2176 3461 2401 3524 propter
2422 3453 2630 3508 odium.
2663 3453 2739 3506 lta
2770 3453 2932 3508 etiam
2959 3460 3153 3508 caetera
3176 3454 3361 3508 omnia

1783 3561 1908 3616 quae
1942 3546 2088 3599 malo
2114 3551 2306 3600 nostro
2338 3544 2606 3599 adversus
2634 3559 2735 3600 nos
2765 3543 2992 3610 vivunt,
3022 3544 3145 3599 dico
3168 3545 3360 3597 malam

1785 3636 1952 3690 animi
1985 3643 2235 3690 motuum
2287 3635 2487 3700 aciem,
2532 3641 2588 3688 et
2623 3633 2726 3687 hoc
2758 3633 2920 3688 civile
2970 3633 3116 3704 quod
3165 3635 3220 3688 in
3260 3649 3362 3688 nos

1783 3743 1882 3799 per
1910 3727 2216 3797 voluptates
2246 3725 2458 3796 geritur
2486 3725 2713 3790 bellum,
2749 3732 2804 3778 et
2831 3739 2932 3779 nos
2957 3724 3204 3792 captivos
3237 3725 3362 3779 red-

1782 3820 1864 3874 dit
1897 3819 2003 3890 legi
2034 3818 2268 3889 peccati,
2294 3825 2510 3888 tempus
2535 3826 2620 3871 est
2648 3814 2957 3870 occidendi.
2987 3814 3190 3870 Eorum
3216 3817 3360 3872 enim

1783 3913 1982 3976 caedes,
2017 3920 2101 3966 est
2139 3908 2350 3966 medela
2400 3909 2520 3978 ejus
2566 3908 2659 3978 qui
2708 3907 2957 3961 inﬁrmus
3007 3907 3220 3962 exstitit
3268 3921 3364 3976 per

1782 4011 2092 4076 peccatum.
2143 4002 2315 4056 Aiunt
2366 4001 2564 4056 medici
2620 3999 2947 4062 lumbricos,
3007 4006 3060 4053 et
3113 3999 3360 4068 quaedam

1781 4095 2053 4165 ejusmodi
2079 4096 2187 4148 alia
2231 4093 2510 4156 animalia,
2545 4108 2612 4148 ex
2645 4092 2804 4146 malis
2843 4091 3170 4146 humoribus
3215 4092 3363 4146 intus

1783 4190 1902 4243 viva
1939 4188 2086 4258 gigni
2129 4187 2184 4241 in
2237 4186 2565 4248 visceribus,
2599 4199 2834 4255 quorum
2872 4185 2984 4238 vita
3018 4191 3103 4239 est
3136 4185 3363 4239 morbus

1783 4281 2024 4351 corpori.
2078 4269 2233 4346 Quod
2281 4279 2327 4334 si
2367 4279 2458 4332 illa
2503 4277 2796 4332 interfecta
2841 4277 2953 4333 sint
2981 4292 3078 4347 per
3121 4278 3361 4347 aliquam

1785 4372 2168 4427 medicamenti
2205 4369 2508 4440 potionem,
2543 4385 2742 4426 rursus
2782 4377 3024 4439 mgrotus
3054 4369 3365 4424 restituitur

126 4457 303 4520 ποσίας
333 4458 665 4529 ἀναιρεθείη,
697 4458 860 4513 πάλιν
881 4461 960 4522 εἰς
989 4458 1177 4527 ὑγείαν
1209 4459 1237 4510 ὁ
1265 4458 1488 4528 κάμνων
1516 4459 1680 4530 ἀναῤ-

1787 4465 2035 4534 pristinae
2061 4463 2304 4519 sanitati.
2347 4461 2474 4516 Ha‘c
2505 4476 2628 4531 qua:
2671 4461 2888 4531 corpori
2956 4460 3230 4525 accidunt,
3268 4461 3364 4514 ha-

129 4547 464 4618 ῥωσθήσεται.
499 4550 777 4618 ’Ᾱναλογεί
793 4549 862 4603 τὰ
881 4549 1104 4603 τοιαῦτα
1121 4548 1214 4602 τοῦ
1240 4549 1487 4620 σώματος
1531 4551 1680 4620 πάθη

1787 4556 1913 4610 bent
1933 4556 2226 4625 quamdam
2250 4554 2658 4624 preportionem
2688 4559 2744 4608 et
2774 4553 3208 4608 convenientiam
3236 4569 3360 4608 cum

128 4637 249 4706 πρὸς
289 4640 356 4694 τὰ
407 4640 508 4710 τῆς
559 4641 740 4712 ψυχῆς
788 4642 1226 4712 ἀρῤωστήματα’
1283 4640 1410 4693 ὅταν
1455 4641 1484 4693 ὁ
1516 4638 1680 4709 θυμὸς

1787 4647 1988 4701 morbis
2023 4647 2238 4700 animae.
2289 4645 2521 4712 Quando
2564 4645 2643 4698 ira
2690 4645 2840 4700 intus
2890 4643 3082 4710 fervet,
3119 4653 3215 4700 aut
3267 4662 3364 4716 per

127 4727 318 4787 ἔνδοθεν
359 4731 645 4803 ὲκμύζωνῖ,
674 4731 708 4803 ἢ
734 4733 822 4786 διά
847 4733 950 4802 τῆς
978 4733 1341 4805 μνησικακίας
1379 4731 1479 4804 τῆς
1505 4730 1680 4801 ψυχῆς

1787 4737 1999 4807 injuriae
2028 4747 2265 4807 accepta?
2289 4738 2724 4793 recordationem
2751 4747 2975 4792 enervat
3001 4737 3168 4791 animi
3195 4739 3364 4795 robur

126 4822 205 4875 τὸν
242 4827 386 4879 τόνον
413 4827 507 4880 καὶ
552 4828 679 4892 τοὺς
708 4827 999 4898 λογισμοὺς
1027 4825 1355 4897 ἑκνευρίζων
1376 4865 1390 4889 ,
1433 4825 1467 4896 ἢ
1497 4827 1558 4879 τὸ
1588 4824 1680 4878 τοῦ

1787 4839 1834 4884 et
1865 4830 2150 4895 rationem,
2183 4839 2277 4884 aut
2308 4829 2524 4883 invidiae
2554 4830 2808 4888 bestiam,
2834 4837 2928 4881 aut
2957 4828 3002 4883 si
3027 4830 3173 4897 quod
3209 4829 3360 4883 aliud

129 4912 304 4978 φθόνου
334 4916 550 4988 θηρίον,
583 4919 615 4990 ἢ
664 4919 718 4972 εῐ
737 4935 790 4972 τι
836 4919 963 4974 ἄλλο
998 4917 1250 4971 τοσοῦτον
1277 4917 1445 4971 κακὸν
1472 4918 1504 4988 ή
1535 4917 1679 4987 κακὴ

1787 4921 2045 4991 ejusmodi
2097 4922 2300 4975 malum
2345 4922 2485 4974 mala
2518 4921 2734 4975 vivendi
2783 4921 2923 4975 ratio
2966 4924 3359 4991 procreaverit,

48 5049 49 5054 η
127 5001 289 5059 δίαιτα
333 5006 691 5081 ζωογονήσεν
735 5012 764 5064 ὁ
799 5010 1117 5079 αἰσθόμενος
1155 5010 1238 5063 ὅτι
1274 5009 1462 5080 θηρίον
1493 5009 1680 5080 τρέφει

1787 5012 1871 5080 qui
1921 5012 2158 5067 senserit
2191 5012 2338 5081 quod
2371 5013 2522 5067 intus
2568 5013 2802 5066 bestiam
2850 5012 2947 5065 alit
2994 5012 3116 5082 ejus
3157 5013 3354 5068 anima.

129 5086 329 5146 ἔνδοθεν,
357 5097 390 5165 ή
423 5097 568 5169 ψυχὴ
598 5096 794 5163 αὑτοῦ,
821 5097 1091 5169 εὐκαίρως
1131 5097 1392 5168 χρήσεται
1423 5095 1498 5166 τῷ
1528 5097 1680 5149 ἀναι-

1787 5111 2089 5172 opportune
2139 5110 2327 5157 utetur
2381 5103 2780 5159 medicamento
2829 5103 2980 5174 quod
3025 5103 3192 5156 animi
3231 5102 3360 5156 vitia

48 5253 49 5256 η
131 5183 310 5254 ρετικῷ
347 5187 456 5241 τῶν
502 5189 690 5242 παθῶν
733 5192 1026 5263 φαρμάκῳ.
1069 5188 1240 5242 Τοῦτο
1267 5187 1324 5241 δέ
1363 5189 1574 5258 ἐστινὴ
1620 5188 1680 5240 ὲκ

1787 5193 2071 5248 interimit.
2107 5192 2221 5249 Hoc
2254 5203 2434 5250 autem
2461 5203 2545 5250 est
2565 5194 2811 5250 doctrina
2833 5194 3130 5266 Evangelii,
3172 5199 3230 5246 ut
3257 5192 3364 5247 illis

48 5329 50 5336 ς
128 5271 209 5322 τοῦ
233 5273 556 5346 Εὐαγγελίου
585 5282 919 5346 διδασκαλία,
947 5283 1087 5335 ὥστε
1106 5279 1327 5334 ἐκείνων
1364 5296 1680 5350 φονοκτονη-

1787 5287 2049 5350 enecatis,
2091 5287 2140 5341 ei
2169 5288 2262 5356 qui
2290 5286 2394 5341 hoc
2421 5286 2630 5352 fecerit,
2674 5285 2820 5340 adsit
2853 5284 3087 5341 sanitas.

130 5361 310 5420 θέντων
338 5372 683 5439 ἐπιγενέσθαι
706 5374 784 5445 τῷ
819 5373 1140 5445 πεποιηκότι
1173 5372 1272 5443 τὴν
1306 5369 1469 5424 ίοίσιν.

194 5473 210 5506 ι
234 5457 434 5529 Καιρὸς
453 5462 546 5517 τοῦ
570 5464 838 5528 καθελεῖν,
855 5464 959 5518 ’καί
983 5465 1175 5535 καιρὸς
1198 5463 1291 5516 τοῦ
1321 5461 1678 5533 ἀνοικοδομῆ-

48 5597 52 5626 ;
130 5557 227 5602 σαι.
258 5566 275 5599 ι
308 5551 488 5606 Ταῦτα
528 5556 624 5608 καὶ
648 5557 705 5608 ἐν
733 5560 845 5620 τοῖς
869 5555 946 5626 τῷ
972 5557 1226 5627 προφήτῃ
1257 5555 1498 5627 Ἱερεμίᾳ
1528 5553 1678 5624 παρά

1863 5484 1882 5516 ‹
1915 5465 2157 5538 Tempus
2200 5477 2286 5524 est
2318 5468 2599 5533 diruendi,
2646 5474 2700 5523 et
2733 5476 2948 5536 tempus
2978 5464 3304 5521 aedificandi.
3342 5485 3389 5542 ι¹

1787 5553 1913 5612 Haec
1943 5559 2080 5614 disci
2132 5572 2366 5631 possunt
2407 5563 2572 5618 etiam
2614 5576 2677 5616 ex
2713 5560 2780 5616 iis
2815 5574 2936 5630 quae
2981 5575 3012 5614 a
3060 5555 3173 5616 Deo
3217 5558 3367 5613 dicta

201 5725 242 5755 9°
269 5724 454 5780 Matth.
498 5745 645 5797 τινι,
698 5731 780 5785 13.
861 5732 903 5763 ⁹¹
947 5731 1289 5803 Philippm,
1318 5733 1405 5786 Η.
1481 5732 1526 5764 ⁹¹
1568 5733 1673 5788 Dcu

1796 5748 1928 5796 χχιι,
1954 5731 2044 5787 59.
2098 5761 2116 5795 ι
