  <div class='ocr_page' id='page_1' title='image "/cluster/home/n/w/nwhite01/storage/ocr_20150623/44:no.1/coo.31924054869445/361.png"; bbox 0 0 3874 6362; ppageno 0'>
   <div class='ocr_carea' id='block_1_1' title="bbox 576 290 3769 362">
    <p class='ocr_par' dir='ltr' id='par_1_1' title="bbox 576 290 3769 362">
     <span class='ocr_line' id='line_1_1' title="bbox 576 290 3769 362; baseline -0.006 -3"><span class='ocrx_word' id='word_1_1' title='bbox 576 307 688 362; x_wconf 80' lang='lat'><strong>701</strong></span> <span class='ocrx_word' id='word_1_2' title='bbox 1809 294 1871 351; x_wconf 92' lang='lat' dir='ltr'><strong>s.</strong></span> <span class='ocrx_word' id='word_1_3' title='bbox 1911 290 2245 350; x_wconf 80' lang='lat' dir='ltr'><strong>CREGORH</strong></span> <span class='ocrx_word' id='word_1_4' title='bbox 2278 293 2580 352; x_wconf 80' lang='lat' dir='ltr'><strong>NYSSENI</strong></span> <span class='ocrx_word' id='word_1_5' title='bbox 3696 304 3769 359; x_wconf 60' lang='grc' dir='ltr'>ηε</span> 
     </span>
    </p>
   </div>
   <div class='ocr_carea' id='block_1_2' title="bbox 576 410 2106 491">
    <p class='ocr_par' dir='ltr' id='par_1_2' title="bbox 576 410 2106 486">
     <span class='ocr_line' id='line_1_2' title="bbox 576 410 2106 486; baseline -0.009 -8"><span class='ocrx_word' id='word_1_6' title='bbox 576 428 711 478; x_wconf 89' lang='lat' dir='ltr'><strong>sunt</strong></span> <span class='ocrx_word' id='word_1_7' title='bbox 763 416 1047 473; x_wconf 72' lang='lat' dir='ltr'><strong>Hieremiae</strong></span> <span class='ocrx_word' id='word_1_8' title='bbox 1093 414 1393 486; x_wconf 68' lang='lat' dir='ltr'><strong>prophetae,</strong></span> <span class='ocrx_word' id='word_1_9' title='bbox 1439 413 1529 469; x_wconf 90' lang='lat' dir='ltr'><strong>cui</strong></span> <span class='ocrx_word' id='word_1_10' title='bbox 1581 412 1844 469; x_wconf 85' lang='lat' dir='ltr'><strong>divinitus</strong></span> <span class='ocrx_word' id='word_1_11' title='bbox 1892 410 2020 467; x_wconf 83' lang='lat' dir='ltr'><strong>data</strong></span> <span class='ocrx_word' id='word_1_12' title='bbox 2066 425 2106 465; x_wconf 65' lang='lat' dir='ltr'><strong>ea</strong></span> 
     </span>
    </p>
   </div>
   <div class='ocr_carea' id='block_1_3' title="bbox 2238 410 3768 491">
    <p class='ocr_par' dir='ltr' id='par_1_3' title="bbox 2254 411 3768 491">
     <span class='ocr_line' id='line_1_3' title="bbox 2254 411 3768 491; baseline 0.006 -26"><span class='ocrx_word' id='word_1_13' title='bbox 2254 412 2347 466; x_wconf 91' lang='grc' dir='ltr'><strong>τοῦ</strong></span> <span class='ocrx_word' id='word_1_14' title='bbox 2375 412 2511 467; x_wconf 88' lang='grc' dir='ltr'>Θεοῦ</span> <span class='ocrx_word' id='word_1_15' title='bbox 2557 414 2800 487; x_wconf 79' lang='grc' dir='ltr'><strong>ῥηθεῖσιν</strong></span> <span class='ocrx_word' id='word_1_16' title='bbox 2846 414 2962 470; x_wconf 80' lang='grc' dir='ltr'>ἐστι</span> <span class='ocrx_word' id='word_1_17' title='bbox 2994 417 3220 487; x_wconf 81' lang='grc' dir='ltr'><strong>μαθεῖν,</strong></span> <span class='ocrx_word' id='word_1_18' title='bbox 3263 411 3310 487; x_wconf 79' lang='grc' dir='ltr'>ᾧ</span> <span class='ocrx_word' id='word_1_19' title='bbox 3336 418 3541 473; x_wconf 79' lang='grc' dir='ltr'>δέδοται</span> <span class='ocrx_word' id='word_1_20' title='bbox 3572 418 3768 491; x_wconf 78' lang='grc' dir='ltr'>θεόθενή</span> 
     </span>
    </p>
   </div>
   <div class='ocr_carea' id='block_1_4' title="bbox 577 501 2107 582">
    <p class='ocr_par' dir='ltr' id='par_1_4' title="bbox 577 501 2107 582">
     <span class='ocr_line' id='line_1_4' title="bbox 577 501 2107 582; baseline -0.007 -18"><span class='ocrx_word' id='word_1_21' title='bbox 577 516 819 582; x_wconf 81' lang='lat' dir='ltr'><strong>potestas</strong></span> <span class='ocrx_word' id='word_1_22' title='bbox 850 507 916 561; x_wconf 89' lang='lat' dir='ltr'><strong>ad</strong></span> <span class='ocrx_word' id='word_1_23' title='bbox 944 506 1097 576; x_wconf 91' lang='lat' dir='ltr'><strong>prius</strong></span> <span class='ocrx_word' id='word_1_24' title='bbox 1124 505 1493 577; x_wconf 88' lang='lat' dir='ltr'><strong>purgandum,</strong></span> <span class='ocrx_word' id='word_1_25' title='bbox 1517 514 1574 560; x_wconf 92' lang='lat' dir='ltr'><strong>et</strong></span> <span class='ocrx_word' id='word_1_26' title='bbox 1611 504 1874 560; x_wconf 81' lang='lat' dir='ltr'><strong>radicitus</strong></span> <span class='ocrx_word' id='word_1_27' title='bbox 1908 501 2107 558; x_wconf 86' lang='lat' dir='ltr'><strong>evellen</strong></span> 
     </span>
    </p>
   </div>
   <div class='ocr_carea' id='block_1_5' title="bbox 2238 501 3768 582">
    <p class='ocr_par' dir='ltr' id='par_1_5' title="bbox 2251 505 3768 582">
     <span class='ocr_line' id='line_1_5' title="bbox 2251 505 3768 582; baseline 0.005 -23"><span class='ocrx_word' id='word_1_28' title='bbox 2251 505 2499 577; x_wconf 82' lang='grc' dir='ltr'>δύναμις,</span> <span class='ocrx_word' id='word_1_29' title='bbox 2525 509 2604 570; x_wconf 85' lang='grc' dir='ltr'><strong>είς</strong></span> <span class='ocrx_word' id='word_1_30' title='bbox 2617 507 2677 560; x_wconf 80' lang='grc' dir='ltr'>τὸ</span> <span class='ocrx_word' id='word_1_31' title='bbox 2698 508 2962 579; x_wconf 81' lang='grc' dir='ltr'>πρότερον</span> <span class='ocrx_word' id='word_1_32' title='bbox 2986 509 3287 580; x_wconf 86' lang='grc' dir='ltr'>καθαίρειν,</span> <span class='ocrx_word' id='word_1_33' title='bbox 3318 511 3409 565; x_wconf 72' lang='grc' dir='ltr'>καὶ</span> <span class='ocrx_word' id='word_1_34' title='bbox 3437 512 3685 582; x_wconf 79' lang='grc' dir='ltr'>ἐκριζοῦν,</span> <span class='ocrx_word' id='word_1_35' title='bbox 3703 520 3768 569; x_wconf 72' lang='grc' dir='ltr'>καὶ</span> 
     </span>
    </p>
   </div>
   <div class='ocr_carea' id='block_1_6' title="bbox 573 592 2103 679">
    <p class='ocr_par' dir='ltr' id='par_1_6' title="bbox 573 592 2103 679">
     <span class='ocr_line' id='line_1_6' title="bbox 573 592 2103 679; baseline -0.006 -24"><span class='ocrx_word' id='word_1_36' title='bbox 573 601 727 665; x_wconf 89' lang='lat' dir='ltr'><strong>dum,</strong></span> <span class='ocrx_word' id='word_1_37' title='bbox 750 606 805 653; x_wconf 91' lang='lat' dir='ltr'><strong>et</strong></span> <span class='ocrx_word' id='word_1_38' title='bbox 826 596 1234 665; x_wconf 81' lang='lat' dir='ltr'><strong>fodiendum,et</strong></span> <span class='ocrx_word' id='word_1_39' title='bbox 1252 604 1381 651; x_wconf 92' lang='lat' dir='ltr'><strong>tunc</strong></span> <span class='ocrx_word' id='word_1_40' title='bbox 1406 596 1774 679; x_wconf 77' lang='lat' dir='ltr'><strong>excitandum,</strong></span> <span class='ocrx_word' id='word_1_41' title='bbox 1799 592 2103 652; x_wconf 69' lang='lat' dir='ltr'><strong>etaedifican</strong></span> 
     </span>
    </p>
   </div>
   <div class='ocr_carea' id='block_1_7' title="bbox 2239 592 3769 679">
    <p class='ocr_par' dir='ltr' id='par_1_7' title="bbox 2251 601 3769 675">
     <span class='ocr_line' id='line_1_7' title="bbox 2251 601 3769 675; baseline 0.003 -22"><span class='ocrx_word' id='word_1_42' title='bbox 2251 602 2693 665; x_wconf 77' lang='grc' dir='ltr'><strong>κατασκάπτειν,</strong></span> <span class='ocrx_word' id='word_1_43' title='bbox 2721 601 2815 655; x_wconf 70' lang='grc' dir='ltr'>καὶ</span> <span class='ocrx_word' id='word_1_44' title='bbox 2846 601 2966 654; x_wconf 85' lang='grc' dir='ltr'>τότε</span> <span class='ocrx_word' id='word_1_45' title='bbox 3006 602 3288 673; x_wconf 83' lang='grc' dir='ltr'><strong>ἀνορθοῦν,</strong></span> <span class='ocrx_word' id='word_1_46' title='bbox 3331 603 3423 657; x_wconf 83' lang='grc' dir='ltr'>καὶ</span> <span class='ocrx_word' id='word_1_47' title='bbox 3461 604 3769 675; x_wconf 74' lang='grc' dir='ltr'><strong>ἀνοικοδομεῖν</strong></span> 
     </span>
    </p>
   </div>
   <div class='ocr_carea' id='block_1_8' title="bbox 570 685 2100 769">
    <p class='ocr_par' dir='ltr' id='par_1_8' title="bbox 570 685 2100 759">
     <span class='ocr_line' id='line_1_8' title="bbox 570 685 2100 759; baseline -0.005 -13"><span class='ocrx_word' id='word_1_48' title='bbox 570 691 701 746; x_wconf 90' lang='lat' dir='ltr'><strong>dum</strong></span> <span class='ocrx_word' id='word_1_49' title='bbox 729 697 783 745; x_wconf 92' lang='lat' dir='ltr'><strong>et</strong></span> <span class='ocrx_word' id='word_1_50' title='bbox 811 688 1174 759; x_wconf 77' lang='lat' dir='ltr'><strong>plantandum</strong></span> <span class='ocrx_word' id='word_1_51' title='bbox 1194 687 1263 741; x_wconf 82' lang='lat'><strong>”.</strong></span> <span class='ocrx_word' id='word_1_52' title='bbox 1295 685 1525 757; x_wconf 82' lang='lat' dir='ltr'><strong>Oportet</strong></span> <span class='ocrx_word' id='word_1_53' title='bbox 1547 688 1694 743; x_wconf 92' lang='lat' dir='ltr'><strong>enim</strong></span> <span class='ocrx_word' id='word_1_54' title='bbox 1724 688 1779 742; x_wconf 90' lang='lat' dir='ltr'><strong>in</strong></span> <span class='ocrx_word' id='word_1_55' title='bbox 1800 686 1959 741; x_wconf 84' lang='lat' dir='ltr'><strong>nobis</strong></span> <span class='ocrx_word' id='word_1_56' title='bbox 1989 686 2100 757; x_wconf 80' lang='lat' dir='ltr'><strong>priu</strong></span> 
     </span>
    </p>
   </div>
   <div class='ocr_carea' id='block_1_9' title="bbox 2238 685 3768 769">
    <p class='ocr_par' dir='ltr' id='par_1_9' title="bbox 2252 692 3768 769">
     <span class='ocr_line' id='line_1_9' title="bbox 2252 692 3768 769; baseline 0.005 -25"><span class='ocrx_word' id='word_1_57' title='bbox 2252 692 2347 745; x_wconf 73' lang='grc' dir='ltr'>καὶ</span> <span class='ocrx_word' id='word_1_58' title='bbox 2377 692 2793 763; x_wconf 84' lang='grc' dir='ltr'>καταφυτεύειν.</span> <span class='ocrx_word' id='word_1_59' title='bbox 2837 694 2958 764; x_wconf 79' lang='grc' dir='ltr'><strong>Χρὴ</strong></span> <span class='ocrx_word' id='word_1_60' title='bbox 3006 694 3117 765; x_wconf 89' lang='grc' dir='ltr'><strong>γάρ</strong></span> <span class='ocrx_word' id='word_1_61' title='bbox 3146 696 3409 767; x_wconf 87' lang='grc' dir='ltr'>πρότερον</span> <span class='ocrx_word' id='word_1_62' title='bbox 3438 699 3497 750; x_wconf 89' lang='grc' dir='ltr'><strong>ἐν</strong></span> <span class='ocrx_word' id='word_1_63' title='bbox 3521 699 3643 768; x_wconf 80' lang='grc' dir='ltr'>ἡμῖν</span> <span class='ocrx_word' id='word_1_64' title='bbox 3667 701 3768 769; x_wconf 84' lang='grc' dir='ltr'>ἐρει-</span> 
     </span>
    </p>
   </div>
   <div class='ocr_carea' id='block_1_10' title="bbox 568 777 2098 859">
    <p class='ocr_par' dir='ltr' id='par_1_10' title="bbox 568 777 2098 845">
     <span class='ocr_line' id='line_1_10' title="bbox 568 777 2098 845; baseline -0.003 -12"><span class='ocrx_word' id='word_1_65' title='bbox 568 780 709 834; x_wconf 87' lang='lat' dir='ltr'><strong>dirui</strong></span> <span class='ocrx_word' id='word_1_66' title='bbox 750 779 866 833; x_wconf 86' lang='lat' dir='ltr'><strong>vitii</strong></span> <span class='ocrx_word' id='word_1_67' title='bbox 897 777 1150 842; x_wconf 66' lang='lat' dir='ltr'><strong>aedilicia,</strong></span> <span class='ocrx_word' id='word_1_68' title='bbox 1174 784 1229 831; x_wconf 88' lang='lat' dir='ltr'><strong>et</strong></span> <span class='ocrx_word' id='word_1_69' title='bbox 1261 785 1393 832; x_wconf 89' lang='lat' dir='ltr'><strong>tunc</strong></span> <span class='ocrx_word' id='word_1_70' title='bbox 1422 777 1668 833; x_wconf 89' lang='lat' dir='ltr'><strong>invenire</strong></span> <span class='ocrx_word' id='word_1_71' title='bbox 1701 784 1919 844; x_wconf 83' lang='lat' dir='ltr'><strong>tempus</strong></span> <span class='ocrx_word' id='word_1_72' title='bbox 1935 783 1990 831; x_wconf 91' lang='lat' dir='ltr'><strong>et</strong></span> <span class='ocrx_word' id='word_1_73' title='bbox 2013 790 2098 845; x_wconf 79' lang='lat' dir='ltr'><strong>spa</strong></span> 
     </span>
    </p>
   </div>
   <div class='ocr_carea' id='block_1_11' title="bbox 2242 777 3772 859">
    <p class='ocr_par' dir='ltr' id='par_1_11' title="bbox 2252 784 3772 859">
     <span class='ocr_line' id='line_1_11' title="bbox 2252 784 3772 859; baseline 0.005 -22"><span class='ocrx_word' id='word_1_74' title='bbox 2252 784 2497 855; x_wconf 87' lang='grc' dir='ltr'>πωθῆναι</span> <span class='ocrx_word' id='word_1_75' title='bbox 2551 785 2619 838; x_wconf 89' lang='grc' dir='ltr'><strong>τά</strong></span> <span class='ocrx_word' id='word_1_76' title='bbox 2657 786 2757 857; x_wconf 84' lang='grc' dir='ltr'>τῆς</span> <span class='ocrx_word' id='word_1_77' title='bbox 2789 786 2987 851; x_wconf 88' lang='grc' dir='ltr'>κακίας</span> <span class='ocrx_word' id='word_1_78' title='bbox 3038 787 3547 859; x_wconf 85' lang='grc' dir='ltr'>ἀνοικοδομήματα,</span> <span class='ocrx_word' id='word_1_79' title='bbox 3584 791 3668 844; x_wconf 79' lang='grc' dir='ltr'>καὶ</span> <span class='ocrx_word' id='word_1_80' title='bbox 3686 790 3772 844; x_wconf 78' lang='grc' dir='ltr'>τότε</span> 
     </span>
    </p>
   </div>
   <div class='ocr_carea' id='block_1_12' title="bbox 568 865 2098 951">
    <p class='ocr_par' dir='ltr' id='par_1_12' title="bbox 568 865 2098 938">
     <span class='ocr_line' id='line_1_12' title="bbox 568 865 2098 938; baseline -0.003 -14"><span class='ocrx_word' id='word_1_81' title='bbox 568 870 705 925; x_wconf 90' lang='lat' dir='ltr'><strong>tium</strong></span> <span class='ocrx_word' id='word_1_82' title='bbox 739 870 804 924; x_wconf 90' lang='lat' dir='ltr'><strong>ad</strong></span> <span class='ocrx_word' id='word_1_83' title='bbox 831 869 1017 938; x_wconf 86' lang='lat' dir='ltr'><strong>templi</strong></span> <span class='ocrx_word' id='word_1_84' title='bbox 1040 867 1133 922; x_wconf 89' lang='lat' dir='ltr'><strong>Dei</strong></span> <span class='ocrx_word' id='word_1_85' title='bbox 1150 868 1641 929; x_wconf 83' lang='lat' dir='ltr'><strong>constructionem,</strong></span> <span class='ocrx_word' id='word_1_86' title='bbox 1669 865 1819 937; x_wconf 91' lang='lat' dir='ltr'><strong>quod</strong></span> <span class='ocrx_word' id='word_1_87' title='bbox 1842 866 2098 922; x_wconf 74' lang='lat' dir='ltr'><strong>aediﬁcatt</strong></span> 
     </span>
    </p>
   </div>
   <div class='ocr_carea' id='block_1_13' title="bbox 2240 865 3770 951">
    <p class='ocr_par' dir='ltr' id='par_1_13' title="bbox 2251 875 3770 951">
     <span class='ocr_line' id='line_1_13' title="bbox 2251 875 3770 951; baseline 0.003 -21"><span class='ocrx_word' id='word_1_88' title='bbox 2251 875 2440 946; x_wconf 88' lang='grc' dir='ltr'>καιρόν</span> <span class='ocrx_word' id='word_1_89' title='bbox 2464 892 2521 929; x_wconf 89' lang='grc' dir='ltr'><strong>τε</strong></span> <span class='ocrx_word' id='word_1_90' title='bbox 2560 876 2653 929; x_wconf 77' lang='grc' dir='ltr'>καὶ</span> <span class='ocrx_word' id='word_1_91' title='bbox 2694 877 3035 948; x_wconf 76' lang='grc' dir='ltr'><strong>εὐρυχωρίαν</strong></span> <span class='ocrx_word' id='word_1_92' title='bbox 3064 878 3243 948; x_wconf 80' lang='grc' dir='ltr'>εὑρεῖν</span> <span class='ocrx_word' id='word_1_93' title='bbox 3274 882 3408 949; x_wconf 80' lang='grc' dir='ltr'>πρὸς</span> <span class='ocrx_word' id='word_1_94' title='bbox 3439 880 3539 951; x_wconf 73' lang='grc' dir='ltr'><strong>τήν</strong></span> <span class='ocrx_word' id='word_1_95' title='bbox 3568 881 3653 934; x_wconf 91' lang='grc' dir='ltr'><strong>τοῦ</strong></span> <span class='ocrx_word' id='word_1_96' title='bbox 3678 880 3770 935; x_wconf 72' lang='grc' dir='ltr'>ναοῦ</span> 
     </span>
    </p>
   </div>
   <div class='ocr_carea' id='block_1_14' title="bbox 567 956 2097 1040">
    <p class='ocr_par' dir='ltr' id='par_1_14' title="bbox 567 956 2095 1029">
     <span class='ocr_line' id='line_1_14' title="bbox 567 956 2095 1029; baseline -0.003 -12"><span class='ocrx_word' id='word_1_97' title='bbox 567 962 625 1017; x_wconf 92' lang='lat' dir='ltr'><strong>in</strong></span> <span class='ocrx_word' id='word_1_98' title='bbox 656 962 838 1024; x_wconf 80' lang='lat' dir='ltr'><strong>nobis,</strong></span> <span class='ocrx_word' id='word_1_99' title='bbox 864 960 1023 1029; x_wconf 87' lang='lat' dir='ltr'><strong>cujus</strong></span> <span class='ocrx_word' id='word_1_100' title='bbox 1049 959 1277 1014; x_wconf 83' lang='lat' dir='ltr'><strong>materia</strong></span> <span class='ocrx_word' id='word_1_101' title='bbox 1296 968 1381 1014; x_wconf 89' lang='lat' dir='ltr'><strong>est</strong></span> <span class='ocrx_word' id='word_1_102' title='bbox 1405 960 1601 1014; x_wconf 83' lang='lat' dir='ltr'><strong>virtus.</strong></span> <span class='ocrx_word' id='word_1_103' title='bbox 1620 956 1678 1012; x_wconf 90' lang='lat' dir='ltr'><strong>Si</strong></span> <span class='ocrx_word' id='word_1_104' title='bbox 1701 958 1824 1028; x_wconf 89' lang='lat' dir='ltr'><strong>quis</strong></span> <span class='ocrx_word' id='word_1_105' title='bbox 1843 958 1984 1013; x_wconf 89' lang='lat' dir='ltr'><strong>enim</strong></span> <span class='ocrx_word' id='word_1_106' title='bbox 2013 958 2095 1012; x_wconf 63' lang='lat' dir='ltr'><strong>aed</strong></span> 
     </span>
    </p>
   </div>
   <div class='ocr_carea' id='block_1_15' title="bbox 2242 956 3772 1040">
    <p class='ocr_par' dir='ltr' id='par_1_15' title="bbox 2250 964 3772 1040">
     <span class='ocr_line' id='line_1_15' title="bbox 2250 964 3772 1040; baseline 0.003 -21"><span class='ocrx_word' id='word_1_107' title='bbox 2250 964 2342 1019; x_wconf 88' lang='grc' dir='ltr'><strong>τοῦ</strong></span> <span class='ocrx_word' id='word_1_108' title='bbox 2370 964 2507 1019; x_wconf 89' lang='grc' dir='ltr'>Θεοῦ</span> <span class='ocrx_word' id='word_1_109' title='bbox 2535 966 2901 1036; x_wconf 85' lang='grc' dir='ltr'>κατασκευὴν,</span> <span class='ocrx_word' id='word_1_110' title='bbox 2933 965 3026 1020; x_wconf 86' lang='grc' dir='ltr'><strong>τοῦ</strong></span> <span class='ocrx_word' id='word_1_111' title='bbox 3054 969 3113 1020; x_wconf 90' lang='grc' dir='ltr'><strong>ἐν</strong></span> <span class='ocrx_word' id='word_1_112' title='bbox 3140 970 3262 1031; x_wconf 88' lang='grc' dir='ltr'>ταῖς</span> <span class='ocrx_word' id='word_1_113' title='bbox 3300 968 3500 1039; x_wconf 77' lang='grc' dir='ltr'>ψυχαῖς</span> <span class='ocrx_word' id='word_1_114' title='bbox 3519 971 3772 1040; x_wconf 68' lang='grc' dir='ltr'>οἰκοδομους</span> 
     </span>
    </p>
   </div>
   <div class='ocr_carea' id='block_1_16' title="bbox 564 1048 2094 1132">
    <p class='ocr_par' dir='ltr' id='par_1_16' title="bbox 564 1048 2094 1120">
     <span class='ocr_line' id='line_1_16' title="bbox 564 1048 2094 1120; baseline -0.003 -14"><span class='ocrx_word' id='word_1_115' title='bbox 564 1051 695 1106; x_wconf 84' lang='lat' dir='ltr'><strong>ﬁcat</strong></span> <span class='ocrx_word' id='word_1_116' title='bbox 727 1065 893 1120; x_wconf 81' lang='lat' dir='ltr'><strong>super</strong></span> <span class='ocrx_word' id='word_1_117' title='bbox 921 1048 1343 1104; x_wconf 76' lang='lat' dir='ltr'><strong>fundamentum</strong></span> <span class='ocrx_word' id='word_1_118' title='bbox 1374 1048 1479 1102; x_wconf 89' lang='lat' dir='ltr'><strong>hoc</strong></span> <span class='ocrx_word' id='word_1_119' title='bbox 1506 1064 1701 1102; x_wconf 91' lang='lat' dir='ltr'><strong>aurum</strong></span> <span class='ocrx_word' id='word_1_120' title='bbox 1729 1058 1785 1104; x_wconf 92' lang='lat' dir='ltr'><strong>et</strong></span> <span class='ocrx_word' id='word_1_121' title='bbox 1832 1057 2094 1119; x_wconf 88' lang='lat' dir='ltr'><strong>argentun</strong></span> 
     </span>
    </p>
   </div>
   <div class='ocr_carea' id='block_1_17' title="bbox 2240 1048 3770 1132">
    <p class='ocr_par' dir='ltr' id='par_1_17' title="bbox 2254 1050 3770 1132">
     <span class='ocr_line' id='line_1_17' title="bbox 2254 1050 3770 1132; baseline 0.002 -21"><span class='ocrx_word' id='word_1_122' title='bbox 2254 1057 2415 1127; x_wconf 84' lang='grc' dir='ltr'>μένου</span> <span class='ocrx_word' id='word_1_123' title='bbox 2436 1098 2451 1123; x_wconf 90' lang='grc'><strong>,</strong></span> <span class='ocrx_word' id='word_1_124' title='bbox 2484 1050 2544 1110; x_wconf 73' lang='grc' dir='ltr'><strong>οὗ</strong></span> <span class='ocrx_word' id='word_1_125' title='bbox 2573 1058 2606 1127; x_wconf 87' lang='grc' dir='ltr'><strong>ή</strong></span> <span class='ocrx_word' id='word_1_126' title='bbox 2638 1056 2737 1127; x_wconf 82' lang='grc' dir='ltr'><strong>ῦλη</strong></span> <span class='ocrx_word' id='word_1_127' title='bbox 2766 1057 2936 1128; x_wconf 83' lang='grc' dir='ltr'>ἀρετὴ</span> <span class='ocrx_word' id='word_1_128' title='bbox 2981 1058 3211 1126; x_wconf 89' lang='grc' dir='ltr'>γίνεται.</span> <span class='ocrx_word' id='word_1_129' title='bbox 3261 1060 3329 1113; x_wconf 69' lang='lat' dir='ltr'><strong>Et</strong></span> <span class='ocrx_word' id='word_1_130' title='bbox 3356 1078 3441 1125; x_wconf 90' lang='grc' dir='ltr'><strong>τις</strong></span> <span class='ocrx_word' id='word_1_131' title='bbox 3470 1061 3577 1132; x_wconf 92' lang='grc' dir='ltr'><strong>γάρ</strong></span> <span class='ocrx_word' id='word_1_132' title='bbox 3604 1061 3770 1114; x_wconf 82' lang='grc' dir='ltr'>ἐποικο·</span> 
     </span>
    </p>
   </div>
   <div class='ocr_carea' id='block_1_18' title="bbox 566 1139 2096 1223">
    <p class='ocr_par' dir='ltr' id='par_1_18' title="bbox 566 1139 2096 1213">
     <span class='ocr_line' id='line_1_18' title="bbox 566 1139 2096 1213; baseline -0.004 -15"><span class='ocrx_word' id='word_1_133' title='bbox 566 1143 774 1213; x_wconf 86' lang='lat' dir='ltr'><strong>lapides</strong></span> <span class='ocrx_word' id='word_1_134' title='bbox 797 1141 1158 1212; x_wconf 88' lang='lat' dir='ltr'><strong>prctiosos,ea</strong></span> <span class='ocrx_word' id='word_1_135' title='bbox 1181 1148 1537 1193; x_wconf 80' lang='lat' dir='ltr'><strong>nominantur</strong></span> <span class='ocrx_word' id='word_1_136' title='bbox 1555 1140 1729 1194; x_wconf 88' lang='lat' dir='ltr'><strong>virtus</strong></span> <span class='ocrx_word' id='word_1_137' title='bbox 1755 1158 1768 1192; x_wconf 92' lang='lat'><strong>:</strong></span> <span class='ocrx_word' id='word_1_138' title='bbox 1793 1139 1937 1210; x_wconf 88' lang='lat' dir='ltr'><strong>ligna</strong></span> <span class='ocrx_word' id='word_1_139' title='bbox 1960 1150 2096 1194; x_wconf 75' lang='lat' dir='ltr'><strong>autei</strong></span> 
     </span>
    </p>
   </div>
   <div class='ocr_carea' id='block_1_19' title="bbox 2237 1139 3767 1223">
    <p class='ocr_par' dir='ltr' id='par_1_19' title="bbox 2248 1148 3767 1223">
     <span class='ocr_line' id='line_1_19' title="bbox 2248 1148 3767 1223; baseline 0.001 -20"><span class='ocrx_word' id='word_1_140' title='bbox 2248 1149 2403 1218; x_wconf 84' lang='grc' dir='ltr'>δομεῖ</span> <span class='ocrx_word' id='word_1_141' title='bbox 2440 1148 2535 1201; x_wconf 77' lang='grc' dir='ltr'>ἐπὶ</span> <span class='ocrx_word' id='word_1_142' title='bbox 2562 1148 2653 1201; x_wconf 83' lang='grc' dir='ltr'>τὸν</span> <span class='ocrx_word' id='word_1_143' title='bbox 2696 1148 2945 1219; x_wconf 87' lang='grc' dir='ltr'>θεμέλιον</span> <span class='ocrx_word' id='word_1_144' title='bbox 2987 1149 3174 1202; x_wconf 87' lang='grc' dir='ltr'>τοῦτον</span> <span class='ocrx_word' id='word_1_145' title='bbox 3218 1151 3439 1221; x_wconf 88' lang='grc' dir='ltr'>χρυσίον</span> <span class='ocrx_word' id='word_1_146' title='bbox 3478 1151 3767 1223; x_wconf 82' lang='grc' dir='ltr'>ἢάργύριον,</span> 
     </span>
    </p>
   </div>
   <div class='ocr_carea' id='block_1_20' title="bbox 564 1229 2094 1327">
    <p class='ocr_par' dir='ltr' id='par_1_20' title="bbox 564 1229 2091 1301">
     <span class='ocr_line' id='line_1_20' title="bbox 564 1229 2091 1301; baseline -0.004 -12"><span class='ocrx_word' id='word_1_147' title='bbox 564 1242 621 1290; x_wconf 91' lang='lat' dir='ltr'><strong>et</strong></span> <span class='ocrx_word' id='word_1_148' title='bbox 665 1235 852 1288; x_wconf 67' lang='lat' dir='ltr'><strong>nanum</strong></span> <span class='ocrx_word' id='word_1_149' title='bbox 890 1239 945 1287; x_wconf 93' lang='lat' dir='ltr'><strong>et</strong></span> <span class='ocrx_word' id='word_1_150' title='bbox 966 1230 1171 1301; x_wconf 87' lang='lat' dir='ltr'><strong>stipula</strong></span> <span class='ocrx_word' id='word_1_151' title='bbox 1192 1230 1263 1293; x_wconf 77' lang='lat'><strong>“,</strong></span> <span class='ocrx_word' id='word_1_152' title='bbox 1309 1229 1427 1283; x_wconf 82' lang='lat' dir='ltr'><strong>vitii</strong></span> <span class='ocrx_word' id='word_1_153' title='bbox 1461 1230 1753 1299; x_wconf 80' lang='lat' dir='ltr'><strong>exponitur</strong></span> <span class='ocrx_word' id='word_1_154' title='bbox 1782 1238 1998 1293; x_wconf 84' lang='lat' dir='ltr'><strong>natura,</strong></span> <span class='ocrx_word' id='word_1_155' title='bbox 2022 1246 2091 1301; x_wconf 91' lang='lat' dir='ltr'><strong>qu</strong></span> 
     </span>
    </p>
   </div>
   <div class='ocr_carea' id='block_1_21' title="bbox 2277 1229 3807 1327">
    <p class='ocr_par' dir='ltr' id='par_1_21' title="bbox 2277 1238 3807 1327">
     <span class='ocr_line' id='line_1_21' title="bbox 2277 1238 3807 1327; baseline 0.003 -38"><span class='ocrx_word' id='word_1_156' title='bbox 2277 1238 2428 1303; x_wconf 70' lang='lat' dir='ltr'><strong>{Ooug</strong></span> <span class='ocrx_word' id='word_1_157' title='bbox 2471 1239 2716 1309; x_wconf 79' lang='grc' dir='ltr'><strong>τιμίους,</strong></span> <span class='ocrx_word' id='word_1_158' title='bbox 2776 1239 2947 1292; x_wconf 86' lang='grc' dir='ltr'>ταῦτα</span> <span class='ocrx_word' id='word_1_159' title='bbox 2986 1240 3019 1309; x_wconf 88' lang='grc' dir='ltr'>ἡ</span> <span class='ocrx_word' id='word_1_160' title='bbox 3071 1239 3238 1311; x_wconf 87' lang='grc' dir='ltr'>ἀρετὴ</span> <span class='ocrx_word' id='word_1_161' title='bbox 3274 1241 3624 1312; x_wconf 78' lang='grc' dir='ltr'>ὀνομάζεταιο</span> <span class='ocrx_word' id='word_1_162' title='bbox 3676 1242 3807 1327; x_wconf 45' lang='grc' dir='ltr'>ξύλα,</span> 
     </span>
    </p>
   </div>
   <div class='ocr_carea' id='block_1_22' title="bbox 564 1319 2094 1405">
    <p class='ocr_par' dir='ltr' id='par_1_22' title="bbox 564 1319 2094 1396">
     <span class='ocr_line' id='line_1_22' title="bbox 564 1319 2094 1396; baseline -0.003 -17"><span class='ocrx_word' id='word_1_163' title='bbox 564 1325 788 1396; x_wconf 87' lang='lat' dir='ltr'><strong>quidem</strong></span> <span class='ocrx_word' id='word_1_164' title='bbox 810 1339 920 1379; x_wconf 86' lang='lat' dir='ltr'><strong>non</strong></span> <span class='ocrx_word' id='word_1_165' title='bbox 944 1330 1168 1393; x_wconf 90' lang='lat' dir='ltr'><strong>paratur</strong></span> <span class='ocrx_word' id='word_1_166' title='bbox 1187 1321 1253 1376; x_wconf 90' lang='lat' dir='ltr'><strong>ad</strong></span> <span class='ocrx_word' id='word_1_167' title='bbox 1278 1319 1423 1375; x_wconf 87' lang='lat' dir='ltr'><strong>aliud</strong></span> <span class='ocrx_word' id='word_1_168' title='bbox 1444 1336 1607 1391; x_wconf 88' lang='lat' dir='ltr'><strong>quam</strong></span> <span class='ocrx_word' id='word_1_169' title='bbox 1625 1330 1684 1375; x_wconf 90' lang='lat' dir='ltr'><strong>ut</strong></span> <span class='ocrx_word' id='word_1_170' title='bbox 1707 1322 1831 1392; x_wconf 90' lang='lat' dir='ltr'><strong>igne</strong></span> <span class='ocrx_word' id='word_1_171' title='bbox 1852 1336 2094 1377; x_wconf 88' lang='lat' dir='ltr'><strong>consum:</strong></span> 
     </span>
    </p>
   </div>
   <div class='ocr_carea' id='block_1_23' title="bbox 2274 1319 3804 1405">
    <p class='ocr_par' dir='ltr' id='par_1_23' title="bbox 2274 1319 3804 1405">
     <span class='ocr_line' id='line_1_23' title="bbox 2274 1319 3804 1405; baseline 0.01 -22"><span class='ocrx_word' id='word_1_172' title='bbox 2274 1331 2304 1383; x_wconf 68' lang='grc' dir='ltr'><strong>ὶέ</strong></span> <span class='ocrx_word' id='word_1_173' title='bbox 2342 1331 2435 1383; x_wconf 72' lang='grc' dir='ltr'>καὶ</span> <span class='ocrx_word' id='word_1_174' title='bbox 2481 1330 2673 1400; x_wconf 86' lang='grc' dir='ltr'>χόρτος</span> <span class='ocrx_word' id='word_1_175' title='bbox 2721 1331 2811 1383; x_wconf 73' lang='grc' dir='ltr'>καὶ</span> <span class='ocrx_word' id='word_1_176' title='bbox 2858 1331 3099 1401; x_wconf 79' lang='grc' dir='ltr'>καλάμη.</span> <span class='ocrx_word' id='word_1_177' title='bbox 3153 1333 3319 1402; x_wconf 81' lang='grc' dir='ltr'>ήτῆς</span> <span class='ocrx_word' id='word_1_178' title='bbox 3382 1333 3577 1398; x_wconf 82' lang='grc' dir='ltr'><strong>κακίας</strong></span> <span class='ocrx_word' id='word_1_179' title='bbox 3643 1319 3804 1405; x_wconf 64' lang='grc' dir='ltr'>ἑρμηοῖ</span> 
     </span>
    </p>
   </div>
   <div class='ocr_carea' id='block_1_24' title="bbox 565 1412 2095 1497">
    <p class='ocr_par' dir='ltr' id='par_1_24' title="bbox 565 1412 2095 1486">
     <span class='ocr_line' id='line_1_24' title="bbox 565 1412 2095 1486; baseline -0.003 -15"><span class='ocrx_word' id='word_1_180' title='bbox 565 1416 821 1472; x_wconf 86' lang='lat' dir='ltr'><strong>tur.Cum</strong></span> <span class='ocrx_word' id='word_1_181' title='bbox 846 1416 1011 1486; x_wconf 80' lang='lat' dir='ltr'><strong>igitur</strong></span> <span class='ocrx_word' id='word_1_182' title='bbox 1035 1430 1098 1470; x_wconf 77' lang='lat' dir='ltr'><strong>ex</strong></span> <span class='ocrx_word' id='word_1_183' title='bbox 1123 1412 1247 1468; x_wconf 82' lang='lat' dir='ltr'><strong>feno</strong></span> <span class='ocrx_word' id='word_1_184' title='bbox 1265 1421 1319 1468; x_wconf 93' lang='lat' dir='ltr'><strong>et</strong></span> <span class='ocrx_word' id='word_1_185' title='bbox 1340 1413 1541 1482; x_wconf 89' lang='lat' dir='ltr'><strong>stipula</strong></span> <span class='ocrx_word' id='word_1_186' title='bbox 1558 1412 2019 1477; x_wconf 69' lang='lat' dir='ltr'><strong>fuerintaedilicia,</strong></span> <span class='ocrx_word' id='word_1_187' title='bbox 2038 1414 2095 1467; x_wconf 76' lang='lat' dir='ltr'><strong>bc</strong></span> 
     </span>
    </p>
   </div>
   <div class='ocr_carea' id='block_1_25' title="bbox 2274 1412 3804 1497">
    <p class='ocr_par' dir='ltr' id='par_1_25' title="bbox 2274 1414 3804 1497">
     <span class='ocr_line' id='line_1_25' title="bbox 2274 1414 3804 1497; baseline 0.005 -24"><span class='ocrx_word' id='word_1_188' title='bbox 2274 1421 2459 1475; x_wconf 58' lang='lat' dir='ltr'><strong>ederat</strong></span> <span class='ocrx_word' id='word_1_189' title='bbox 2500 1422 2690 1489; x_wconf 79' lang='grc' dir='ltr'>φύσις,</span> <span class='ocrx_word' id='word_1_190' title='bbox 2720 1422 2841 1491; x_wconf 78' lang='grc' dir='ltr'>ἥτις</span> <span class='ocrx_word' id='word_1_191' title='bbox 2882 1424 2961 1486; x_wconf 84' lang='grc' dir='ltr'><strong>είς</strong></span> <span class='ocrx_word' id='word_1_192' title='bbox 2982 1414 3151 1475; x_wconf 76' lang='grc' dir='ltr'>οὐδὲν</span> <span class='ocrx_word' id='word_1_193' title='bbox 3182 1422 3309 1477; x_wconf 81' lang='grc' dir='ltr'>ἄλλο</span> <span class='ocrx_word' id='word_1_194' title='bbox 3330 1463 3343 1487; x_wconf 92' lang='grc'><strong>,</strong></span> <span class='ocrx_word' id='word_1_195' title='bbox 3371 1424 3404 1494; x_wconf 83' lang='grc' dir='ltr'>ἢ</span> <span class='ocrx_word' id='word_1_196' title='bbox 3428 1426 3508 1489; x_wconf 79' lang='grc' dir='ltr'>εἰς</span> <span class='ocrx_word' id='word_1_197' title='bbox 3540 1426 3690 1497; x_wconf 80' lang='grc' dir='ltr'>πυρὸς</span> <span class='ocrx_word' id='word_1_198' title='bbox 3708 1427 3770 1479; x_wconf 78' lang='grc' dir='ltr'>διι-</span> <span class='ocrx_word' id='word_1_199' title='bbox 3799 1441 3804 1465; x_wconf 76' lang='grc' dir='ltr'><strong>ι</strong></span> 
     </span>
    </p>
   </div>
   <div class='ocr_carea' id='block_1_26' title="bbox 562 1504 2092 1583">
    <p class='ocr_par' dir='ltr' id='par_1_26' title="bbox 562 1504 2091 1577">
     <span class='ocr_line' id='line_1_26' title="bbox 562 1504 2091 1577; baseline -0.005 -12"><span class='ocrx_word' id='word_1_200' title='bbox 562 1517 669 1573; x_wconf 90' lang='lat' dir='ltr'><strong>est,</strong></span> <span class='ocrx_word' id='word_1_201' title='bbox 690 1524 759 1565; x_wconf 78' lang='lat' dir='ltr'><strong>ex</strong></span> <span class='ocrx_word' id='word_1_202' title='bbox 776 1505 1408 1577; x_wconf 86' lang='lat' dir='ltr'><strong>injustitia,superbia,et</strong></span> <span class='ocrx_word' id='word_1_203' title='bbox 1428 1504 1641 1559; x_wconf 73' lang='lat' dir='ltr'><strong>caeteris</strong></span> <span class='ocrx_word' id='word_1_204' title='bbox 1662 1504 1787 1563; x_wconf 73' lang='lat' dir='ltr'><strong>vius</strong></span> <span class='ocrx_word' id='word_1_205' title='bbox 1813 1504 2091 1574; x_wconf 79' lang='lat' dir='ltr'><strong>vitiis,prit</strong></span> 
     </span>
    </p>
   </div>
   <div class='ocr_carea' id='block_1_27' title="bbox 2240 1504 3770 1583">
    <p class='ocr_par' dir='ltr' id='par_1_27' title="bbox 2248 1507 3770 1583">
     <span class='ocr_line' id='line_1_27' title="bbox 2248 1507 3770 1583; baseline 0.005 -23"><span class='ocrx_word' id='word_1_206' title='bbox 2248 1508 2424 1577; x_wconf 84' lang='grc' dir='ltr'>πάνην</span> <span class='ocrx_word' id='word_1_207' title='bbox 2455 1507 2954 1579; x_wconf 77' lang='grc' dir='ltr'>παρασκευάζεται.</span> <span class='ocrx_word' id='word_1_208' title='bbox 2991 1510 3159 1564; x_wconf 81' lang='grc' dir='ltr'>Ὅταν</span> <span class='ocrx_word' id='word_1_209' title='bbox 3189 1508 3282 1564; x_wconf 84' lang='grc' dir='ltr'>οὖν</span> <span class='ocrx_word' id='word_1_210' title='bbox 3303 1514 3365 1565; x_wconf 88' lang='grc' dir='ltr'><strong>ἐκ</strong></span> <span class='ocrx_word' id='word_1_211' title='bbox 3391 1513 3580 1583; x_wconf 76' lang='grc' dir='ltr'>χόρτα)</span> <span class='ocrx_word' id='word_1_212' title='bbox 3605 1515 3686 1568; x_wconf 78' lang='grc' dir='ltr'>καὶ</span> <span class='ocrx_word' id='word_1_213' title='bbox 3702 1533 3770 1568; x_wconf 80' lang='grc' dir='ltr'>κα-</span> 
     </span>
    </p>
   </div>
   <div class='ocr_carea' id='block_1_28' title="bbox 560 1594 2090 1671">
    <p class='ocr_par' dir='ltr' id='par_1_28' title="bbox 560 1595 2087 1670">
     <span class='ocr_line' id='line_1_28' title="bbox 560 1595 2087 1670; baseline -0.005 -15"><span class='ocrx_word' id='word_1_214' title='bbox 560 1599 714 1670; x_wconf 83' lang='lat' dir='ltr'><strong>jubet</strong></span> <span class='ocrx_word' id='word_1_215' title='bbox 748 1599 971 1655; x_wconf 81' lang='lat' dir='ltr'><strong>verbum</strong></span> <span class='ocrx_word' id='word_1_216' title='bbox 1018 1611 1083 1651; x_wconf 88' lang='lat' dir='ltr'><strong>ea</strong></span> <span class='ocrx_word' id='word_1_217' title='bbox 1109 1596 1348 1659; x_wconf 87' lang='lat' dir='ltr'><strong>abolere,</strong></span> <span class='ocrx_word' id='word_1_218' title='bbox 1374 1603 1429 1649; x_wconf 90' lang='lat' dir='ltr'><strong>et</strong></span> <span class='ocrx_word' id='word_1_219' title='bbox 1472 1595 1672 1649; x_wconf 85' lang='lat' dir='ltr'><strong>deinde</strong></span> <span class='ocrx_word' id='word_1_220' title='bbox 1697 1610 1893 1649; x_wconf 91' lang='lat' dir='ltr'><strong>aurum</strong></span> <span class='ocrx_word' id='word_1_221' title='bbox 1919 1596 2087 1649; x_wconf 86' lang='lat' dir='ltr'><strong>virtut</strong></span> 
     </span>
    </p>
   </div>
   <div class='ocr_carea' id='block_1_29' title="bbox 2238 1594 3768 1671">
    <p class='ocr_par' dir='ltr' id='par_1_29' title="bbox 2246 1594 3768 1671">
     <span class='ocr_line' id='line_1_29' title="bbox 2246 1594 3768 1671; baseline 0.003 -22"><span class='ocrx_word' id='word_1_222' title='bbox 2246 1597 2427 1668; x_wconf 89' lang='grc' dir='ltr'>λάμης</span> <span class='ocrx_word' id='word_1_223' title='bbox 2466 1597 2534 1650; x_wconf 81' lang='grc' dir='ltr'><strong>τὰ</strong></span> <span class='ocrx_word' id='word_1_224' title='bbox 2559 1598 2962 1671; x_wconf 75' lang='grc' dir='ltr'><strong>οἰκοδομήματα</strong></span> <span class='ocrx_word' id='word_1_225' title='bbox 3062 1640 3076 1663; x_wconf 90' lang='grc'><strong>,</strong></span> <span class='ocrx_word' id='word_1_226' title='bbox 3104 1601 3409 1668; x_wconf 79' lang='grc' dir='ltr'><strong>τουτέστιν,</strong></span> <span class='ocrx_word' id='word_1_227' title='bbox 3443 1603 3503 1667; x_wconf 82' lang='grc' dir='ltr'>ἐξ</span> <span class='ocrx_word' id='word_1_228' title='bbox 3527 1603 3709 1666; x_wconf 80' lang='grc' dir='ltr'><strong>ἀδικίας</strong></span> <span class='ocrx_word' id='word_1_229' title='bbox 3730 1620 3768 1655; x_wconf 82' lang='grc' dir='ltr'><strong>τε</strong></span> 
     </span>
    </p>
   </div>
   <div class='ocr_carea' id='block_1_30' title="bbox 560 1684 2090 1764">
    <p class='ocr_par' dir='ltr' id='par_1_30' title="bbox 560 1684 2090 1755">
     <span class='ocr_line' id='line_1_30' title="bbox 560 1684 2090 1755; baseline -0.003 -10"><span class='ocrx_word' id='word_1_230' title='bbox 560 1690 775 1745; x_wconf 86' lang='lat' dir='ltr'><strong>ellicere</strong></span> <span class='ocrx_word' id='word_1_231' title='bbox 794 1688 1077 1744; x_wconf 89' lang='lat' dir='ltr'><strong>materiam</strong></span> <span class='ocrx_word' id='word_1_232' title='bbox 1112 1694 1403 1743; x_wconf 67' lang='lat' dir='ltr'><strong>structura:</strong></span> <span class='ocrx_word' id='word_1_233' title='bbox 1419 1685 1618 1742; x_wconf 91' lang='lat' dir='ltr'><strong>domus</strong></span> <span class='ocrx_word' id='word_1_234' title='bbox 1640 1686 1963 1755; x_wconf 86' lang='lat' dir='ltr'><strong>spiritualis.</strong></span> <span class='ocrx_word' id='word_1_235' title='bbox 1994 1684 2090 1741; x_wconf 89' lang='lat' dir='ltr'><strong>Fie</strong></span> 
     </span>
    </p>
   </div>
   <div class='ocr_carea' id='block_1_31' title="bbox 2236 1684 3766 1764">
    <p class='ocr_par' dir='ltr' id='par_1_31' title="bbox 2247 1688 3766 1764">
     <span class='ocr_line' id='line_1_31' title="bbox 2247 1688 3766 1764; baseline 0.003 -21"><span class='ocrx_word' id='word_1_236' title='bbox 2247 1689 2341 1743; x_wconf 78' lang='grc' dir='ltr'>καὶ</span> <span class='ocrx_word' id='word_1_237' title='bbox 2376 1688 2783 1761; x_wconf 80' lang='grc' dir='ltr'>ὑπερηφανίας,</span> <span class='ocrx_word' id='word_1_238' title='bbox 2816 1690 2910 1743; x_wconf 75' lang='grc' dir='ltr'>καὶ</span> <span class='ocrx_word' id='word_1_239' title='bbox 2944 1691 3042 1761; x_wconf 87' lang='grc' dir='ltr'>τῆς</span> <span class='ocrx_word' id='word_1_240' title='bbox 3085 1690 3279 1762; x_wconf 82' lang='grc' dir='ltr'>λοιπῆς</span> <span class='ocrx_word' id='word_1_241' title='bbox 3307 1692 3402 1746; x_wconf 89' lang='grc' dir='ltr'><strong>τοῦ</strong></span> <span class='ocrx_word' id='word_1_242' title='bbox 3439 1694 3552 1764; x_wconf 84' lang='grc' dir='ltr'>βίου</span> <span class='ocrx_word' id='word_1_243' title='bbox 3584 1695 3766 1757; x_wconf 83' lang='grc' dir='ltr'>κακίας,</span> 
     </span>
    </p>
   </div>
   <div class='ocr_carea' id='block_1_32' title="bbox 561 1766 2091 1853">
    <p class='ocr_par' dir='ltr' id='par_1_32' title="bbox 561 1777 2091 1849">
     <span class='ocr_line' id='line_1_32' title="bbox 561 1777 2091 1849; baseline -0.003 -12"><span class='ocrx_word' id='word_1_244' title='bbox 561 1782 707 1837; x_wconf 90' lang='lat' dir='ltr'><strong>enim</strong></span> <span class='ocrx_word' id='word_1_245' title='bbox 727 1795 837 1837; x_wconf 90' lang='lat' dir='ltr'><strong>non</strong></span> <span class='ocrx_word' id='word_1_246' title='bbox 856 1786 1057 1849; x_wconf 86' lang='lat' dir='ltr'><strong>potest,</strong></span> <span class='ocrx_word' id='word_1_247' title='bbox 1084 1788 1141 1833; x_wconf 86' lang='lat' dir='ltr'><strong>ut</strong></span> <span class='ocrx_word' id='word_1_248' title='bbox 1157 1794 1282 1833; x_wconf 92' lang='lat' dir='ltr'><strong>cum</strong></span> <span class='ocrx_word' id='word_1_249' title='bbox 1305 1778 1508 1849; x_wconf 75' lang='lat' dir='ltr'><strong>stipula</strong></span> <span class='ocrx_word' id='word_1_250' title='bbox 1529 1777 1804 1832; x_wconf 88' lang='lat' dir='ltr'><strong>coalescat</strong></span> <span class='ocrx_word' id='word_1_251' title='bbox 1827 1784 2091 1847; x_wconf 88' lang='lat' dir='ltr'><strong>argentun</strong></span> 
     </span>
    </p>
   </div>
   <div class='ocr_carea' id='block_1_33' title="bbox 2238 1766 3768 1853">
    <p class='ocr_par' dir='ltr' id='par_1_33' title="bbox 2247 1775 3768 1853">
     <span class='ocr_line' id='line_1_33' title="bbox 2247 1775 3768 1853; baseline 0.006 -24"><span class='ocrx_word' id='word_1_252' title='bbox 2247 1775 2510 1846; x_wconf 87' lang='grc' dir='ltr'>πρότερον</span> <span class='ocrx_word' id='word_1_253' title='bbox 2542 1776 2715 1830; x_wconf 90' lang='grc' dir='ltr'>ταῦτα</span> <span class='ocrx_word' id='word_1_254' title='bbox 2763 1779 2842 1841; x_wconf 83' lang='grc' dir='ltr'><strong>είς</strong></span> <span class='ocrx_word' id='word_1_255' title='bbox 2868 1778 3173 1848; x_wconf 83' lang='grc' dir='ltr'>ἀφανισμὸν</span> <span class='ocrx_word' id='word_1_256' title='bbox 3203 1782 3431 1850; x_wconf 86' lang='grc' dir='ltr'>ἀγαγεῖν</span> <span class='ocrx_word' id='word_1_257' title='bbox 3461 1785 3491 1836; x_wconf 94' lang='lat'><strong>6</strong></span> <span class='ocrx_word' id='word_1_258' title='bbox 3519 1783 3662 1853; x_wconf 73' lang='grc' dir='ltr'>λόγος</span> <span class='ocrx_word' id='word_1_259' title='bbox 3685 1786 3768 1838; x_wconf 84' lang='grc' dir='ltr'>δια-</span> 
     </span>
    </p>
   </div>
   <div class='ocr_carea' id='block_1_34' title="bbox 562 1863 2092 1946">
    <p class='ocr_par' dir='ltr' id='par_1_34' title="bbox 562 1869 2092 1941">
     <span class='ocr_line' id='line_1_34' title="bbox 562 1869 2092 1941; baseline -0.002 -15"><span class='ocrx_word' id='word_1_260' title='bbox 562 1872 651 1927; x_wconf 84' lang='lat' dir='ltr'><strong>vel</strong></span> <span class='ocrx_word' id='word_1_261' title='bbox 678 1871 802 1927; x_wconf 82' lang='lat' dir='ltr'><strong>feno</strong></span> <span class='ocrx_word' id='word_1_262' title='bbox 826 1870 1199 1941; x_wconf 83' lang='lat' dir='ltr'><strong>agglutinetur</strong></span> <span class='ocrx_word' id='word_1_263' title='bbox 1222 1885 1441 1931; x_wconf 89' lang='lat' dir='ltr'><strong>aurum,</strong></span> <span class='ocrx_word' id='word_1_264' title='bbox 1465 1870 1549 1923; x_wconf 87' lang='lat' dir='ltr'><strong>vel</strong></span> <span class='ocrx_word' id='word_1_265' title='bbox 1589 1869 1737 1939; x_wconf 88' lang='lat' dir='ltr'><strong>ligno</strong></span> <span class='ocrx_word' id='word_1_266' title='bbox 1757 1869 2092 1939; x_wconf 85' lang='lat' dir='ltr'><strong>margaritun</strong></span> 
     </span>
    </p>
   </div>
   <div class='ocr_carea' id='block_1_35' title="bbox 2238 1863 3768 1946">
    <p class='ocr_par' dir='ltr' id='par_1_35' title="bbox 2238 1863 3768 1946">
     <span class='ocr_line' id='line_1_35' title="bbox 2238 1863 3768 1946; baseline 0.007 -27"><span class='ocrx_word' id='word_1_267' title='bbox 2238 1865 2552 1920; x_wconf 68' lang='grc' dir='ltr'>κελεύεταισ·</span> <span class='ocrx_word' id='word_1_268' title='bbox 2590 1863 2689 1921; x_wconf 77' lang='grc' dir='ltr'>εἷθ’</span> <span class='ocrx_word' id='word_1_269' title='bbox 2713 1867 2855 1921; x_wconf 89' lang='grc' dir='ltr'>οῦτω</span> <span class='ocrx_word' id='word_1_270' title='bbox 2883 1868 2944 1921; x_wconf 85' lang='grc' dir='ltr'>τὸ</span> <span class='ocrx_word' id='word_1_271' title='bbox 2968 1871 3191 1939; x_wconf 86' lang='grc' dir='ltr'>χρυσίον</span> <span class='ocrx_word' id='word_1_272' title='bbox 3210 1872 3310 1942; x_wconf 87' lang='grc' dir='ltr'>τῆς</span> <span class='ocrx_word' id='word_1_273' title='bbox 3337 1874 3541 1945; x_wconf 81' lang='grc' dir='ltr'>ἀρετῆς</span> <span class='ocrx_word' id='word_1_274' title='bbox 3565 1874 3681 1946; x_wconf 82' lang='grc' dir='ltr'>ὓλην</span> <span class='ocrx_word' id='word_1_275' title='bbox 3698 1876 3768 1945; x_wconf 78' lang='grc' dir='ltr'>τῆς</span> 
     </span>
    </p>
   </div>
   <div class='ocr_carea' id='block_1_36' title="bbox 563 1958 2093 2036">
    <p class='ocr_par' dir='ltr' id='par_1_36' title="bbox 563 1960 2090 2031">
     <span class='ocr_line' id='line_1_36' title="bbox 563 1960 2090 2031; baseline -0.003 -11"><span class='ocrx_word' id='word_1_276' title='bbox 563 1963 673 2019; x_wconf 84' lang='lat' dir='ltr'><strong>Sed</strong></span> <span class='ocrx_word' id='word_1_277' title='bbox 712 1962 758 2020; x_wconf 89' lang='lat' dir='ltr'><strong>si</strong></span> <span class='ocrx_word' id='word_1_278' title='bbox 799 1964 903 2018; x_wconf 89' lang='lat' dir='ltr'><strong>boc</strong></span> <span class='ocrx_word' id='word_1_279' title='bbox 953 1968 1037 2019; x_wconf 85' lang='lat' dir='ltr'><strong>est</strong></span> <span class='ocrx_word' id='word_1_280' title='bbox 1074 1962 1341 2025; x_wconf 77' lang='lat' dir='ltr'><strong>futurum,</strong></span> <span class='ocrx_word' id='word_1_281' title='bbox 1391 1968 1611 2031; x_wconf 89' lang='lat' dir='ltr'><strong>oportet</strong></span> <span class='ocrx_word' id='word_1_282' title='bbox 1657 1960 1882 2015; x_wconf 91' lang='lat' dir='ltr'><strong>omnino</strong></span> <span class='ocrx_word' id='word_1_283' title='bbox 1931 1960 2090 2015; x_wconf 86' lang='lat' dir='ltr'><strong>abole</strong></span> 
     </span>
    </p>
   </div>
   <div class='ocr_carea' id='block_1_37' title="bbox 2236 1958 3766 2036">
    <p class='ocr_par' dir='ltr' id='par_1_37' title="bbox 2238 1958 3766 2036">
     <span class='ocr_line' id='line_1_37' title="bbox 2238 1958 3766 2036; baseline 0.003 -25"><span class='ocrx_word' id='word_1_284' title='bbox 2238 1958 2585 2029; x_wconf 81' lang='grc' dir='ltr'>κατασκευῆς</span> <span class='ocrx_word' id='word_1_285' title='bbox 2623 1958 2717 2013; x_wconf 86' lang='grc' dir='ltr'><strong>τοῦ</strong></span> <span class='ocrx_word' id='word_1_286' title='bbox 2749 1961 3119 2030; x_wconf 86' lang='grc' dir='ltr'>πνευματικοῦ</span> <span class='ocrx_word' id='word_1_287' title='bbox 3150 1962 3299 2016; x_wconf 75' lang='grc' dir='ltr'>οἴκου</span> <span class='ocrx_word' id='word_1_288' title='bbox 3338 1964 3674 2036; x_wconf 84' lang='grc' dir='ltr'>ποιήσασθαι.</span> <span class='ocrx_word' id='word_1_289' title='bbox 3717 1966 3766 2018; x_wconf 71' lang='lat'><strong>03</strong></span> 
     </span>
    </p>
   </div>
   <div class='ocr_carea' id='block_1_38' title="bbox 559 2048 2089 2128">
    <p class='ocr_par' dir='ltr' id='par_1_38' title="bbox 559 2050 2089 2120">
     <span class='ocr_line' id='line_1_38' title="bbox 559 2050 2089 2120; baseline -0.003 -9"><span class='ocrx_word' id='word_1_290' title='bbox 559 2056 813 2111; x_wconf 85' lang='lat' dir='ltr'><strong>alterum.</strong></span> <span class='ocrx_word' id='word_1_291' title='bbox 863 2052 995 2120; x_wconf 61' lang='lat' dir='ltr'><strong>Quae</strong></span> <span class='ocrx_word' id='word_1_292' title='bbox 1036 2060 1121 2108; x_wconf 90' lang='lat' dir='ltr'><strong>est</strong></span> <span class='ocrx_word' id='word_1_293' title='bbox 1165 2051 1314 2108; x_wconf 91' lang='lat' dir='ltr'><strong>enim</strong></span> <span class='ocrx_word' id='word_1_294' title='bbox 1360 2052 1470 2106; x_wconf 92' lang='lat' dir='ltr'><strong>luci</strong></span> <span class='ocrx_word' id='word_1_295' title='bbox 1520 2050 1756 2105; x_wconf 87' lang='lat' dir='ltr'><strong>societas</strong></span> <span class='ocrx_word' id='word_1_296' title='bbox 1799 2066 1924 2106; x_wconf 91' lang='lat' dir='ltr'><strong>cum</strong></span> <span class='ocrx_word' id='word_1_297' title='bbox 1977 2059 2089 2106; x_wconf 86' lang='lat' dir='ltr'><strong>tem</strong></span> 
     </span>
    </p>
   </div>
   <div class='ocr_carea' id='block_1_39' title="bbox 2238 2048 3768 2128">
    <p class='ocr_par' dir='ltr' id='par_1_39' title="bbox 2238 2048 3768 2128">
     <span class='ocr_line' id='line_1_39' title="bbox 2238 2048 3768 2128; baseline 0.005 -27"><span class='ocrx_word' id='word_1_298' title='bbox 2238 2048 2347 2122; x_wconf 86' lang='grc' dir='ltr'><strong>γάρ</strong></span> <span class='ocrx_word' id='word_1_299' title='bbox 2382 2048 2497 2102; x_wconf 77' lang='grc' dir='ltr'>ἔστι</span> <span class='ocrx_word' id='word_1_300' title='bbox 2545 2049 2858 2120; x_wconf 66' lang='grc' dir='ltr'>ωμφυῆναι</span> <span class='ocrx_word' id='word_1_301' title='bbox 2904 2052 2970 2122; x_wconf 79' lang='grc' dir='ltr'><strong>τῇ</strong></span> <span class='ocrx_word' id='word_1_302' title='bbox 3011 2051 3235 2125; x_wconf 78' lang='grc' dir='ltr'>καλάμῃ</span> <span class='ocrx_word' id='word_1_303' title='bbox 3261 2053 3353 2107; x_wconf 76' lang='grc' dir='ltr'>τὸν</span> <span class='ocrx_word' id='word_1_304' title='bbox 3387 2055 3690 2128; x_wconf 65' lang='grc' dir='ltr'>ἀργυρον,ἢ</span> <span class='ocrx_word' id='word_1_305' title='bbox 3716 2056 3768 2126; x_wconf 76' lang='grc' dir='ltr'>τῷ</span> 
     </span>
    </p>
   </div>
   <div class='ocr_carea' id='block_1_40' title="bbox 560 2140 2090 2222">
    <p class='ocr_par' dir='ltr' id='par_1_40' title="bbox 560 2142 2090 2212">
     <span class='ocr_line' id='line_1_40' title="bbox 560 2142 2090 2212; baseline -0.003 -12"><span class='ocrx_word' id='word_1_306' title='bbox 560 2146 677 2201; x_wconf 84' lang='lat' dir='ltr'><strong>bris</strong></span> <span class='ocrx_word' id='word_1_307' title='bbox 703 2145 788 2198; x_wconf 85' lang='lat'><strong>&quot;?</strong></span> <span class='ocrx_word' id='word_1_308' title='bbox 822 2143 1185 2200; x_wconf 86' lang='lat' dir='ltr'><strong>Destruentur</strong></span> <span class='ocrx_word' id='word_1_309' title='bbox 1214 2156 1347 2212; x_wconf 87' lang='lat' dir='ltr'><strong>ergo</strong></span> <span class='ocrx_word' id='word_1_310' title='bbox 1380 2143 1536 2211; x_wconf 86' lang='lat' dir='ltr'><strong>prius</strong></span> <span class='ocrx_word' id='word_1_311' title='bbox 1565 2156 1729 2212; x_wconf 90' lang='lat' dir='ltr'><strong>opera</strong></span> <span class='ocrx_word' id='word_1_312' title='bbox 1758 2142 2090 2198; x_wconf 87' lang='lat' dir='ltr'><strong>tenebrarun</strong></span> 
     </span>
    </p>
   </div>
   <div class='ocr_carea' id='block_1_41' title="bbox 2238 2140 3768 2222">
    <p class='ocr_par' dir='ltr' id='par_1_41' title="bbox 2238 2140 3768 2222">
     <span class='ocr_line' id='line_1_41' title="bbox 2238 2140 3768 2222; baseline 0.004 -30"><span class='ocrx_word' id='word_1_313' title='bbox 2238 2140 2413 2213; x_wconf 84' lang='grc' dir='ltr'>χόρτῳ</span> <span class='ocrx_word' id='word_1_314' title='bbox 2444 2140 2666 2211; x_wconf 87' lang='grc' dir='ltr'>χρυσίον</span> <span class='ocrx_word' id='word_1_315' title='bbox 2710 2142 3217 2214; x_wconf 85' lang='grc' dir='ltr'>προσλιπανθῆναι,</span> <span class='ocrx_word' id='word_1_316' title='bbox 3270 2145 3303 2216; x_wconf 84' lang='grc' dir='ltr'><strong>ἢ</strong></span> <span class='ocrx_word' id='word_1_317' title='bbox 3350 2147 3443 2200; x_wconf 80' lang='grc' dir='ltr'>τὸν</span> <span class='ocrx_word' id='word_1_318' title='bbox 3477 2149 3768 2222; x_wconf 72' lang='grc' dir='ltr'>μαργαρίτην</span> 
     </span>
    </p>
   </div>
   <div class='ocr_carea' id='block_1_42' title="bbox 559 2222 2089 2311">
    <p class='ocr_par' dir='ltr' id='par_1_42' title="bbox 559 2222 2085 2293">
     <span class='ocr_line' id='line_1_42' title="bbox 559 2222 2085 2293; baseline -0.005 0"><span class='ocrx_word' id='word_1_319' title='bbox 559 2244 615 2293; x_wconf 89' lang='lat' dir='ltr'><strong>et</strong></span> <span class='ocrx_word' id='word_1_320' title='bbox 642 2244 775 2291; x_wconf 89' lang='lat' dir='ltr'><strong>tunc</strong></span> <span class='ocrx_word' id='word_1_321' title='bbox 796 2240 1190 2290; x_wconf 88' lang='lat' dir='ltr'><strong>construentur</strong></span> <span class='ocrx_word' id='word_1_322' title='bbox 1216 2231 1398 2287; x_wconf 89' lang='lat' dir='ltr'><strong>lucida</strong></span> <span class='ocrx_word' id='word_1_323' title='bbox 1430 2232 1556 2287; x_wconf 74' lang='lat' dir='ltr'><strong>vitae</strong></span> <span class='ocrx_word' id='word_1_324' title='bbox 1582 2232 1834 2287; x_wconf 63' lang='lat' dir='ltr'><strong>aedilicia.</strong></span> <span class='ocrx_word' id='word_1_325' title='bbox 1973 2250 1981 2257; x_wconf 92' lang='grc'>·</span> <span class='ocrx_word' id='word_1_326' title='bbox 2078 2222 2085 2231; x_wconf 55' lang='grc'><em>⁴</em></span> 
     </span>
    </p>
   </div>
   <div class='ocr_carea' id='block_1_43' title="bbox 2238 2222 3768 2311">
    <p class='ocr_par' dir='ltr' id='par_1_43' title="bbox 2238 2230 3768 2311">
     <span class='ocr_line' id='line_1_43' title="bbox 2238 2230 3768 2311; baseline 0.004 -26"><span class='ocrx_word' id='word_1_327' title='bbox 2238 2231 2316 2303; x_wconf 80' lang='grc' dir='ltr'>τῷ</span> <span class='ocrx_word' id='word_1_328' title='bbox 2357 2230 2516 2301; x_wconf 78' lang='grc' dir='ltr'>ξύλῳ.</span> <span class='ocrx_word' id='word_1_329' title='bbox 2572 2230 2712 2283; x_wconf 83' lang='grc' dir='ltr'>Ἀλλ’</span> <span class='ocrx_word' id='word_1_330' title='bbox 2756 2232 2804 2285; x_wconf 86' lang='grc' dir='ltr'><strong>εί</strong></span> <span class='ocrx_word' id='word_1_331' title='bbox 2840 2231 3022 2302; x_wconf 84' lang='grc' dir='ltr'>μέλλει</span> <span class='ocrx_word' id='word_1_332' title='bbox 3048 2233 3207 2289; x_wconf 89' lang='grc' dir='ltr'>τοῦτο</span> <span class='ocrx_word' id='word_1_333' title='bbox 3254 2231 3427 2301; x_wconf 74' lang='grc' dir='ltr'>εἶναι,</span> <span class='ocrx_word' id='word_1_334' title='bbox 3464 2239 3567 2311; x_wconf 83' lang='grc' dir='ltr'>χρὴ</span> <span class='ocrx_word' id='word_1_335' title='bbox 3599 2239 3768 2298; x_wconf 83' lang='grc' dir='ltr'>πάντως</span> 
     </span>
    </p>
   </div>
   <div class='ocr_carea' id='block_1_44' title="bbox 559 2320 3766 2399">
    <p class='ocr_par' dir='ltr' id='par_1_44' title="bbox 559 2320 3766 2399">
     <span class='ocr_line' id='line_1_44' title="bbox 559 2320 3766 2399; baseline -0.001 -18"><span class='ocrx_word' id='word_1_336' title='bbox 559 2327 919 2397; x_wconf 81' lang='grc' dir='ltr'>ἀφανισθῆναι</span> <span class='ocrx_word' id='word_1_337' title='bbox 962 2324 1025 2377; x_wconf 77' lang='grc' dir='ltr'>τὸ</span> <span class='ocrx_word' id='word_1_338' title='bbox 1051 2324 1259 2393; x_wconf 74' lang='grc' dir='ltr'>ἕτερον.</span> <span class='ocrx_word' id='word_1_339' title='bbox 1296 2322 1393 2384; x_wconf 79' lang='grc' dir='ltr'>Τίς</span> <span class='ocrx_word' id='word_1_340' title='bbox 1420 2322 1529 2394; x_wconf 85' lang='grc' dir='ltr'><strong>γὰρ</strong></span> <span class='ocrx_word' id='word_1_341' title='bbox 1558 2325 1812 2377; x_wconf 84' lang='grc' dir='ltr'>κοινωνία</span> <span class='ocrx_word' id='word_1_342' title='bbox 1839 2322 1978 2391; x_wconf 78' lang='grc' dir='ltr'>φωτὶ</span> <span class='ocrx_word' id='word_1_343' title='bbox 2042 2322 2179 2394; x_wconf 80' lang='grc' dir='ltr'>πρὸς</span> <span class='ocrx_word' id='word_1_344' title='bbox 2234 2322 2459 2385; x_wconf 86' lang='grc' dir='ltr'>σκότος;</span> <span class='ocrx_word' id='word_1_345' title='bbox 2507 2320 2719 2376; x_wconf 80' lang='grc' dir='ltr'>Οὐκοῦν</span> <span class='ocrx_word' id='word_1_346' title='bbox 2769 2320 3229 2395; x_wconf 83' lang='grc' dir='ltr'>καθαιρεθήσεται</span> <span class='ocrx_word' id='word_1_347' title='bbox 3273 2325 3542 2399; x_wconf 87' lang='grc' dir='ltr'>πρότερον</span> <span class='ocrx_word' id='word_1_348' title='bbox 3590 2328 3650 2383; x_wconf 90' lang='grc' dir='ltr'><strong>τά</strong></span> <span class='ocrx_word' id='word_1_349' title='bbox 3700 2327 3766 2380; x_wconf 76' lang='grc' dir='ltr'><strong>τοῦ</strong></span> 
     </span>
    </p>
   </div>
   <div class='ocr_carea' id='block_1_45' title="bbox 562 2415 2852 2488">
    <p class='ocr_par' dir='ltr' id='par_1_45' title="bbox 562 2415 2852 2488">
     <span class='ocr_line' id='line_1_45' title="bbox 562 2415 2852 2488; baseline -0.001 -14"><span class='ocrx_word' id='word_1_350' title='bbox 562 2421 817 2485; x_wconf 84' lang='grc' dir='ltr'>σκότους,</span> <span class='ocrx_word' id='word_1_351' title='bbox 856 2419 952 2473; x_wconf 75' lang='grc' dir='ltr'>καὶ</span> <span class='ocrx_word' id='word_1_352' title='bbox 990 2418 1112 2471; x_wconf 86' lang='grc' dir='ltr'>τότε</span> <span class='ocrx_word' id='word_1_353' title='bbox 1158 2416 1735 2487; x_wconf 84' lang='grc' dir='ltr'>κατασκευασθήσεται</span> <span class='ocrx_word' id='word_1_354' title='bbox 1776 2418 1846 2472; x_wconf 83' lang='grc' dir='ltr'>τὰ</span> <span class='ocrx_word' id='word_1_355' title='bbox 1892 2418 2129 2486; x_wconf 83' lang='grc' dir='ltr'>φωτεινά</span> <span class='ocrx_word' id='word_1_356' title='bbox 2166 2416 2261 2471; x_wconf 90' lang='grc' dir='ltr'><strong>τοῦ</strong></span> <span class='ocrx_word' id='word_1_357' title='bbox 2286 2417 2400 2487; x_wconf 86' lang='grc' dir='ltr'>βίου</span> <span class='ocrx_word' id='word_1_358' title='bbox 2427 2415 2852 2488; x_wconf 79' lang='grc' dir='ltr'>οἰκοδομήματα.</span> 
     </span>
    </p>
   </div>
   <div class='ocr_carea' id='block_1_46' title="bbox 629 2511 2159 2591">
    <p class='ocr_par' dir='ltr' id='par_1_46' title="bbox 629 2511 2125 2583">
     <span class='ocr_line' id='line_1_46' title="bbox 629 2511 2125 2583; baseline -0.003 -13"><span class='ocrx_word' id='word_1_359' title='bbox 629 2517 684 2570; x_wconf 80' lang='grc'>4.</span> <span class='ocrx_word' id='word_1_360' title='bbox 735 2534 756 2566; x_wconf 73' lang='grc' dir='ltr'><strong>ι</strong></span> <span class='ocrx_word' id='word_1_361' title='bbox 791 2514 1031 2583; x_wconf 89' lang='lat' dir='ltr'><strong>Tempus</strong></span> <span class='ocrx_word' id='word_1_362' title='bbox 1097 2521 1181 2569; x_wconf 88' lang='lat' dir='ltr'><strong>est</strong></span> <span class='ocrx_word' id='word_1_363' title='bbox 1229 2511 1415 2577; x_wconf 81' lang='lat' dir='ltr'><strong>ﬂendi,</strong></span> <span class='ocrx_word' id='word_1_364' title='bbox 1465 2518 1518 2567; x_wconf 90' lang='lat' dir='ltr'><strong>et</strong></span> <span class='ocrx_word' id='word_1_365' title='bbox 1561 2520 1778 2583; x_wconf 88' lang='lat' dir='ltr'><strong>tempus</strong></span> <span class='ocrx_word' id='word_1_366' title='bbox 1832 2512 2067 2568; x_wconf 89' lang='lat' dir='ltr'><strong>ridendi.</strong></span> <span class='ocrx_word' id='word_1_367' title='bbox 2105 2532 2125 2566; x_wconf 78' lang='grc' dir='ltr'><strong>ι</strong></span> 
     </span>
    </p>
   </div>
   <div class='ocr_carea' id='block_1_47' title="bbox 2230 2511 3760 2591">
    <p class='ocr_par' dir='ltr' id='par_1_47' title="bbox 2305 2511 3760 2591">
     <span class='ocr_line' id='line_1_47' title="bbox 2305 2511 3760 2591; baseline 0.003 -25"><span class='ocrx_word' id='word_1_368' title='bbox 2305 2533 2324 2566; x_wconf 77' lang='grc' dir='ltr'><strong>ι</strong></span> <span class='ocrx_word' id='word_1_369' title='bbox 2366 2513 2573 2585; x_wconf 79' lang='grc' dir='ltr'>Καιρὸς</span> <span class='ocrx_word' id='word_1_370' title='bbox 2614 2511 2709 2568; x_wconf 90' lang='grc' dir='ltr'><strong>τοῦ</strong></span> <span class='ocrx_word' id='word_1_371' title='bbox 2746 2513 3002 2579; x_wconf 82' lang='grc' dir='ltr'>κλαῦσαι,</span> <span class='ocrx_word' id='word_1_372' title='bbox 3037 2518 3131 2570; x_wconf 76' lang='grc' dir='ltr'>καὶ</span> <span class='ocrx_word' id='word_1_373' title='bbox 3163 2517 3352 2590; x_wconf 80' lang='grc' dir='ltr'>καιρὸς</span> <span class='ocrx_word' id='word_1_374' title='bbox 3374 2519 3474 2573; x_wconf 87' lang='grc' dir='ltr'><strong>τοῦ</strong></span> <span class='ocrx_word' id='word_1_375' title='bbox 3506 2522 3721 2591; x_wconf 82' lang='grc' dir='ltr'>γελάσαι.</span> <span class='ocrx_word' id='word_1_376' title='bbox 3749 2540 3760 2571; x_wconf 80' lang='grc' dir='ltr'><strong>ι</strong></span> 
     </span>
    </p>
   </div>
   <div class='ocr_carea' id='block_1_48' title="bbox 561 2601 2091 2684">
    <p class='ocr_par' dir='ltr' id='par_1_48' title="bbox 561 2604 2091 2675">
     <span class='ocr_line' id='line_1_48' title="bbox 561 2604 2091 2675; baseline 0 -16"><span class='ocrx_word' id='word_1_377' title='bbox 561 2607 879 2662; x_wconf 88' lang='lat' dir='ltr'><strong>Declaratur</strong></span> <span class='ocrx_word' id='word_1_378' title='bbox 910 2605 999 2659; x_wconf 92' lang='lat' dir='ltr'><strong>hic</strong></span> <span class='ocrx_word' id='word_1_379' title='bbox 1030 2605 1184 2660; x_wconf 88' lang='lat' dir='ltr'><strong>locus</strong></span> <span class='ocrx_word' id='word_1_380' title='bbox 1209 2618 1346 2659; x_wconf 84' lang='lat' dir='ltr'><strong>voce</strong></span> <span class='ocrx_word' id='word_1_381' title='bbox 1382 2605 1723 2674; x_wconf 88' lang='lat' dir='ltr'><strong>evangelica,</strong></span> <span class='ocrx_word' id='word_1_382' title='bbox 1767 2620 1889 2675; x_wconf 63' lang='lat' dir='ltr'><strong>qua</strong></span> <span class='ocrx_word' id='word_1_383' title='bbox 1918 2604 2091 2674; x_wconf 87' lang='lat' dir='ltr'><strong>prolat</strong></span> 
     </span>
    </p>
   </div>
   <div class='ocr_carea' id='block_1_49' title="bbox 2232 2601 3762 2684">
    <p class='ocr_par' dir='ltr' id='par_1_49' title="bbox 2232 2601 3762 2684">
     <span class='ocr_line' id='line_1_49' title="bbox 2232 2601 3762 2684; baseline 0.004 -25"><span class='ocrx_word' id='word_1_384' title='bbox 2232 2603 2592 2676; x_wconf 77' lang='grc' dir='ltr'>Σαφηνίξεται</span> <span class='ocrx_word' id='word_1_385' title='bbox 2622 2607 2650 2659; x_wconf 98' lang='lat'><strong>6</strong></span> <span class='ocrx_word' id='word_1_386' title='bbox 2677 2604 2833 2674; x_wconf 84' lang='grc' dir='ltr'>λόγος</span> <span class='ocrx_word' id='word_1_387' title='bbox 2880 2601 3037 2671; x_wconf 71' lang='grc' dir='ltr'>οὗτος</span> <span class='ocrx_word' id='word_1_388' title='bbox 3072 2611 3138 2679; x_wconf 80' lang='grc' dir='ltr'><strong>τῇ</strong></span> <span class='ocrx_word' id='word_1_389' title='bbox 3186 2611 3520 2684; x_wconf 78' lang='grc' dir='ltr'>εὐαγγελικῇ</span> <span class='ocrx_word' id='word_1_390' title='bbox 3564 2617 3695 2684; x_wconf 81' lang='grc' dir='ltr'>φωνῇ</span> <span class='ocrx_word' id='word_1_391' title='bbox 3719 2615 3762 2682; x_wconf 77' lang='grc' dir='ltr'>τῇ</span> 
     </span>
    </p>
   </div>
   <div class='ocr_carea' id='block_1_50' title="bbox 556 2694 2086 2774">
    <p class='ocr_par' dir='ltr' id='par_1_50' title="bbox 556 2697 2086 2770">
     <span class='ocr_line' id='line_1_50' title="bbox 556 2697 2086 2770; baseline 0 -15"><span class='ocrx_word' id='word_1_392' title='bbox 556 2702 657 2755; x_wconf 79' lang='lat' dir='ltr'><strong>fuit</strong></span> <span class='ocrx_word' id='word_1_393' title='bbox 683 2716 713 2753; x_wconf 90' lang='lat' dir='ltr'><strong>a</strong></span> <span class='ocrx_word' id='word_1_394' title='bbox 745 2713 983 2770; x_wconf 88' lang='lat' dir='ltr'><strong>persona</strong></span> <span class='ocrx_word' id='word_1_395' title='bbox 1018 2697 1257 2764; x_wconf 88' lang='lat' dir='ltr'><strong>Domini,</strong></span> <span class='ocrx_word' id='word_1_396' title='bbox 1308 2711 1431 2767; x_wconf 63' lang='lat' dir='ltr'><strong>quae</strong></span> <span class='ocrx_word' id='word_1_397' title='bbox 1461 2698 1680 2767; x_wconf 88' lang='lat' dir='ltr'><strong>quidem</strong></span> <span class='ocrx_word' id='word_1_398' title='bbox 1713 2699 1863 2763; x_wconf 85' lang='lat' dir='ltr'><strong>dicit,</strong></span> <span class='ocrx_word' id='word_1_399' title='bbox 1914 2718 1933 2751; x_wconf 75' lang='grc' dir='ltr'><strong>ι</strong></span> <span class='ocrx_word' id='word_1_400' title='bbox 1984 2698 2086 2755; x_wconf 87' lang='lat' dir='ltr'><strong>Bea</strong></span> 
     </span>
    </p>
   </div>
   <div class='ocr_carea' id='block_1_51' title="bbox 2233 2694 3763 2774">
    <p class='ocr_par' dir='ltr' id='par_1_51' title="bbox 2233 2694 3763 2774">
     <span class='ocr_line' id='line_1_51' title="bbox 2233 2694 3763 2774; baseline 0.005 -26"><span class='ocrx_word' id='word_1_401' title='bbox 2233 2695 2293 2749; x_wconf 89' lang='grc' dir='ltr'><strong>ἐκ</strong></span> <span class='ocrx_word' id='word_1_402' title='bbox 2346 2695 2639 2767; x_wconf 82' lang='grc' dir='ltr'>προσώπου</span> <span class='ocrx_word' id='word_1_403' title='bbox 2690 2694 2785 2749; x_wconf 89' lang='grc' dir='ltr'><strong>τοῦ</strong></span> <span class='ocrx_word' id='word_1_404' title='bbox 2842 2697 3050 2767; x_wconf 82' lang='grc' dir='ltr'>Κυρίου</span> <span class='ocrx_word' id='word_1_405' title='bbox 3100 2702 3443 2773; x_wconf 76' lang='grc' dir='ltr'>γεγενημένῃ</span> <span class='ocrx_word' id='word_1_406' title='bbox 3473 2743 3489 2767; x_wconf 93' lang='grc'><strong>,</strong></span> <span class='ocrx_word' id='word_1_407' title='bbox 3541 2705 3574 2773; x_wconf 83' lang='grc' dir='ltr'><strong>ἥ</strong></span> <span class='ocrx_word' id='word_1_408' title='bbox 3610 2718 3763 2774; x_wconf 79' lang='grc' dir='ltr'>φησιν.</span> 
     </span>
    </p>
   </div>
   <div class='ocr_carea' id='block_1_52' title="bbox 554 2786 2084 2867">
    <p class='ocr_par' dir='ltr' id='par_1_52' title="bbox 554 2786 2084 2860">
     <span class='ocr_line' id='line_1_52' title="bbox 554 2786 2084 2860; baseline 0.001 -17"><span class='ocrx_word' id='word_1_409' title='bbox 554 2791 650 2860; x_wconf 88' lang='lat' dir='ltr'><strong>qui</strong></span> <span class='ocrx_word' id='word_1_410' title='bbox 666 2788 1141 2860; x_wconf 88' lang='lat' dir='ltr'><strong>lngent,quoniam</strong></span> <span class='ocrx_word' id='word_1_411' title='bbox 1167 2786 1268 2859; x_wconf 89' lang='lat' dir='ltr'><strong>ipsi</strong></span> <span class='ocrx_word' id='word_1_412' title='bbox 1292 2787 1564 2858; x_wconf 88' lang='lat' dir='ltr'><strong>accipient</strong></span> <span class='ocrx_word' id='word_1_413' title='bbox 1586 2788 2084 2844; x_wconf 78' lang='lat' dir='ltr'><strong>consolationem“.</strong></span> 
     </span>
    </p>
   </div>
   <div class='ocr_carea' id='block_1_53' title="bbox 2235 2786 3765 2867">
    <p class='ocr_par' dir='ltr' id='par_1_53' title="bbox 2235 2787 3765 2867">
     <span class='ocr_line' id='line_1_53' title="bbox 2235 2787 3765 2867; baseline 0.004 -26"><span class='ocrx_word' id='word_1_414' title='bbox 2235 2788 2309 2841; x_wconf 72' lang='grc' dir='ltr'>ὅτι</span> <span class='ocrx_word' id='word_1_415' title='bbox 2351 2804 2370 2838; x_wconf 75' lang='grc' dir='ltr'><strong>ι</strong></span> <span class='ocrx_word' id='word_1_416' title='bbox 2394 2787 2671 2859; x_wconf 79' lang='grc' dir='ltr'>Μακάριοι</span> <span class='ocrx_word' id='word_1_417' title='bbox 2706 2789 2754 2841; x_wconf 79' lang='grc' dir='ltr'>οἱ</span> <span class='ocrx_word' id='word_1_418' title='bbox 2788 2788 3133 2856; x_wconf 80' lang='grc' dir='ltr'>πενθοῦντες,</span> <span class='ocrx_word' id='word_1_419' title='bbox 3160 2793 3242 2845; x_wconf 84' lang='grc' dir='ltr'>ὅτι</span> <span class='ocrx_word' id='word_1_420' title='bbox 3275 2793 3428 2847; x_wconf 77' lang='grc' dir='ltr'>αὐτοὶ</span> <span class='ocrx_word' id='word_1_421' title='bbox 3462 2795 3765 2867; x_wconf 60' lang='grc' dir='ltr'>παρακληθήε</span> 
     </span>
    </p>
   </div>
   <div class='ocr_carea' id='block_1_54' title="bbox 554 2872 2084 2958">
    <p class='ocr_par' dir='ltr' id='par_1_54' title="bbox 554 2878 2084 2951">
     <span class='ocr_line' id='line_1_54' title="bbox 554 2878 2084 2951; baseline 0.001 -17"><span class='ocrx_word' id='word_1_422' title='bbox 554 2880 713 2935; x_wconf 85' lang='lat' dir='ltr'><strong>Nunc</strong></span> <span class='ocrx_word' id='word_1_423' title='bbox 738 2889 822 2936; x_wconf 91' lang='lat' dir='ltr'><strong>est</strong></span> <span class='ocrx_word' id='word_1_424' title='bbox 841 2895 970 2951; x_wconf 80' lang='lat' dir='ltr'><strong>ergo</strong></span> <span class='ocrx_word' id='word_1_425' title='bbox 997 2887 1211 2949; x_wconf 91' lang='lat' dir='ltr'><strong>tempus</strong></span> <span class='ocrx_word' id='word_1_426' title='bbox 1230 2878 1392 2935; x_wconf 84' lang='lat' dir='ltr'><strong>llendi</strong></span> <span class='ocrx_word' id='word_1_427' title='bbox 1420 2899 1434 2934; x_wconf 90' lang='lat'><strong>:</strong></span> <span class='ocrx_word' id='word_1_428' title='bbox 1467 2879 1678 2935; x_wconf 85' lang='lat' dir='ltr'><strong>ridendi</strong></span> <span class='ocrx_word' id='word_1_429' title='bbox 1705 2889 1884 2936; x_wconf 89' lang='lat' dir='ltr'><strong>autem</strong></span> <span class='ocrx_word' id='word_1_430' title='bbox 1914 2889 2084 2951; x_wconf 78' lang='lat' dir='ltr'><strong>tempu</strong></span> 
     </span>
    </p>
   </div>
   <div class='ocr_carea' id='block_1_55' title="bbox 2233 2872 3763 2958">
    <p class='ocr_par' dir='ltr' id='par_1_55' title="bbox 2236 2872 3763 2958">
     <span class='ocr_line' id='line_1_55' title="bbox 2236 2872 3763 2958; baseline 0.007 -31"><span class='ocrx_word' id='word_1_431' title='bbox 2236 2892 2442 2930; x_wconf 87' lang='grc' dir='ltr'>σονται.</span> <span class='ocrx_word' id='word_1_432' title='bbox 2479 2894 2496 2928; x_wconf 71' lang='grc' dir='ltr'><strong>ι</strong></span> <span class='ocrx_word' id='word_1_433' title='bbox 2535 2876 2650 2929; x_wconf 89' lang='grc' dir='ltr'>Νῦν</span> <span class='ocrx_word' id='word_1_434' title='bbox 2681 2872 2772 2931; x_wconf 81' lang='grc' dir='ltr'><strong>οῦν</strong></span> <span class='ocrx_word' id='word_1_435' title='bbox 2802 2877 2949 2931; x_wconf 83' lang='grc' dir='ltr'>ἐστιν</span> <span class='ocrx_word' id='word_1_436' title='bbox 2992 2881 3020 2932; x_wconf 87' lang='lat'><strong>6</strong></span> <span class='ocrx_word' id='word_1_437' title='bbox 3050 2880 3144 2933; x_wconf 91' lang='grc' dir='ltr'><strong>τοῦ</strong></span> <span class='ocrx_word' id='word_1_438' title='bbox 3173 2881 3407 2937; x_wconf 85' lang='grc' dir='ltr'>κλαῦσαι</span> <span class='ocrx_word' id='word_1_439' title='bbox 3442 2888 3657 2958; x_wconf 83' lang='grc' dir='ltr'>καιρός·</span> <span class='ocrx_word' id='word_1_440' title='bbox 3684 2886 3763 2938; x_wconf 83' lang='grc' dir='ltr'>όδὲ</span> 
     </span>
    </p>
   </div>
   <div class='ocr_carea' id='block_1_56' title="bbox 553 2966 2083 3049">
    <p class='ocr_par' dir='ltr' id='par_1_56' title="bbox 553 2971 2083 3042">
     <span class='ocr_line' id='line_1_56' title="bbox 553 2971 2083 3042; baseline 0.001 -15"><span class='ocrx_word' id='word_1_441' title='bbox 553 2975 611 3028; x_wconf 87' lang='lat' dir='ltr'><strong>in</strong></span> <span class='ocrx_word' id='word_1_442' title='bbox 644 2988 742 3042; x_wconf 87' lang='lat' dir='ltr'><strong>spe</strong></span> <span class='ocrx_word' id='word_1_443' title='bbox 763 2971 1066 3042; x_wconf 88' lang='lat' dir='ltr'><strong>reponitur.</strong></span> <span class='ocrx_word' id='word_1_444' title='bbox 1099 2971 1347 3026; x_wconf 56' lang='lat' dir='ltr'><strong>Praesens</strong></span> <span class='ocrx_word' id='word_1_445' title='bbox 1377 2971 1522 3026; x_wconf 91' lang='lat' dir='ltr'><strong>enim</strong></span> <span class='ocrx_word' id='word_1_446' title='bbox 1557 2972 1781 3027; x_wconf 87' lang='lat' dir='ltr'><strong>tristitia</strong></span> <span class='ocrx_word' id='word_1_447' title='bbox 1814 2971 1903 3026; x_wconf 76' lang='lat' dir='ltr'><strong>(iet</strong></span> <span class='ocrx_word' id='word_1_448' title='bbox 1951 2982 2083 3028; x_wconf 66' lang='lat' dir='ltr'><strong>matr</strong></span> 
     </span>
    </p>
   </div>
   <div class='ocr_carea' id='block_1_57' title="bbox 2235 2966 3765 3049">
    <p class='ocr_par' dir='ltr' id='par_1_57' title="bbox 2235 2966 3765 3049">
     <span class='ocr_line' id='line_1_57' title="bbox 2235 2966 3765 3049; baseline 0.008 -30"><span class='ocrx_word' id='word_1_449' title='bbox 2235 2967 2327 3021; x_wconf 90' lang='grc' dir='ltr'><strong>τοῦ</strong></span> <span class='ocrx_word' id='word_1_450' title='bbox 2386 2966 2616 3037; x_wconf 80' lang='grc' dir='ltr'>γελάσαι</span> <span class='ocrx_word' id='word_1_451' title='bbox 2646 2968 2713 3022; x_wconf 82' lang='grc' dir='ltr'><strong>δι’</strong></span> <span class='ocrx_word' id='word_1_452' title='bbox 2747 2969 2957 3034; x_wconf 75' lang='grc' dir='ltr'>ἐλπίδος</span> <span class='ocrx_word' id='word_1_453' title='bbox 2986 2972 3302 3027; x_wconf 87' lang='grc' dir='ltr'>ἀπόκειται·</span> <span class='ocrx_word' id='word_1_454' title='bbox 3335 2978 3368 3047; x_wconf 79' lang='grc' dir='ltr'><strong>ἡ</strong></span> <span class='ocrx_word' id='word_1_455' title='bbox 3419 2978 3534 3049; x_wconf 90' lang='grc' dir='ltr'><strong>γάρ</strong></span> <span class='ocrx_word' id='word_1_456' title='bbox 3564 2977 3765 3049; x_wconf 72' lang='grc' dir='ltr'>παροῦσα</span> 
     </span>
    </p>
   </div>
   <div class='ocr_carea' id='block_1_58' title="bbox 554 3056 2084 3141">
    <p class='ocr_par' dir='ltr' id='par_1_58' title="bbox 554 3061 2084 3132">
     <span class='ocr_line' id='line_1_58' title="bbox 554 3061 2084 3132; baseline -0.001 -12"><span class='ocrx_word' id='word_1_457' title='bbox 554 3064 753 3120; x_wconf 60' lang='lat' dir='ltr'><strong>laetitiae</strong></span> <span class='ocrx_word' id='word_1_458' title='bbox 804 3078 925 3132; x_wconf 72' lang='lat' dir='ltr'><strong>quae</strong></span> <span class='ocrx_word' id='word_1_459' title='bbox 966 3070 1238 3132; x_wconf 86' lang='lat' dir='ltr'><strong>speratur.</strong></span> <span class='ocrx_word' id='word_1_460' title='bbox 1285 3061 1421 3128; x_wconf 84' lang='lat' dir='ltr'><strong>Quis</strong></span> <span class='ocrx_word' id='word_1_461' title='bbox 1451 3070 1630 3117; x_wconf 90' lang='lat' dir='ltr'><strong>autem</strong></span> <span class='ocrx_word' id='word_1_462' title='bbox 1653 3078 1762 3117; x_wconf 92' lang='lat' dir='ltr'><strong>non</strong></span> <span class='ocrx_word' id='word_1_463' title='bbox 1796 3064 1853 3118; x_wconf 89' lang='lat' dir='ltr'><strong>in</strong></span> <span class='ocrx_word' id='word_1_464' title='bbox 1882 3064 2033 3118; x_wconf 89' lang='lat' dir='ltr'><strong>luctu</strong></span> <span class='ocrx_word' id='word_1_465' title='bbox 2074 3083 2084 3118; x_wconf 72' lang='grc' dir='ltr'>ε</span> 
     </span>
    </p>
   </div>
   <div class='ocr_carea' id='block_1_59' title="bbox 2230 3056 3760 3141">
    <p class='ocr_par' dir='ltr' id='par_1_59' title="bbox 2231 3056 3760 3141">
     <span class='ocr_line' id='line_1_59' title="bbox 2231 3056 3760 3141; baseline -0.001 -32"><span class='ocrx_word' id='word_1_466' title='bbox 2231 3056 2506 3128; x_wconf 82' lang='grc' dir='ltr'>κατήφεια</span> <span class='ocrx_word' id='word_1_467' title='bbox 2543 3058 3018 3133; x_wconf 76' lang='grc' dir='ltr'>τῆςέλπιζομένης</span> <span class='ocrx_word' id='word_1_468' title='bbox 3059 3062 3397 3137; x_wconf 79' lang='grc' dir='ltr'>εὐφροσύνης</span> <span class='ocrx_word' id='word_1_469' title='bbox 3426 3071 3609 3141; x_wconf 72' lang='grc' dir='ltr'>μήτηρ</span> <span class='ocrx_word' id='word_1_470' title='bbox 3637 3071 3760 3139; x_wconf 58' lang='grc' dir='ltr'>γενή.</span> 
     </span>
    </p>
   </div>
   <div class='ocr_carea' id='block_1_60' title="bbox 552 3149 2082 3232">
    <p class='ocr_par' dir='ltr' id='par_1_60' title="bbox 552 3155 2075 3228">
     <span class='ocr_line' id='line_1_60' title="bbox 552 3155 2075 3228; baseline 0.001 -17"><span class='ocrx_word' id='word_1_471' title='bbox 552 3170 786 3211; x_wconf 79' lang='lat' dir='ltr'><strong>maerore</strong></span> <span class='ocrx_word' id='word_1_472' title='bbox 829 3162 997 3209; x_wconf 89' lang='lat' dir='ltr'><strong>totam</strong></span> <span class='ocrx_word' id='word_1_473' title='bbox 1046 3169 1202 3209; x_wconf 89' lang='lat' dir='ltr'><strong>suam</strong></span> <span class='ocrx_word' id='word_1_474' title='bbox 1251 3155 1417 3209; x_wconf 89' lang='lat' dir='ltr'><strong>vitam</strong></span> <span class='ocrx_word' id='word_1_475' title='bbox 1467 3155 1897 3224; x_wconf 87' lang='lat' dir='ltr'><strong>consumpserit,</strong></span> <span class='ocrx_word' id='word_1_476' title='bbox 1955 3157 2075 3228; x_wconf 88' lang='lat' dir='ltr'><strong>siqu</strong></span> 
     </span>
    </p>
   </div>
   <div class='ocr_carea' id='block_1_61' title="bbox 2232 3149 3762 3232">
    <p class='ocr_par' dir='ltr' id='par_1_61' title="bbox 2232 3149 3762 3232">
     <span class='ocr_line' id='line_1_61' title="bbox 2232 3149 3762 3232; baseline 0.006 -31"><span class='ocrx_word' id='word_1_477' title='bbox 2232 3165 2404 3202; x_wconf 88' lang='grc' dir='ltr'>σεται.</span> <span class='ocrx_word' id='word_1_478' title='bbox 2445 3149 2543 3213; x_wconf 86' lang='grc' dir='ltr'><strong>Τίς</strong></span> <span class='ocrx_word' id='word_1_479' title='bbox 2589 3149 2647 3204; x_wconf 85' lang='grc' dir='ltr'><strong>δέ</strong></span> <span class='ocrx_word' id='word_1_480' title='bbox 2681 3152 2780 3205; x_wconf 78' lang='grc' dir='ltr'>οὐκ</span> <span class='ocrx_word' id='word_1_481' title='bbox 2808 3151 2873 3205; x_wconf 85' lang='grc' dir='ltr'>ἂν</span> <span class='ocrx_word' id='word_1_482' title='bbox 2908 3153 2965 3206; x_wconf 85' lang='grc' dir='ltr'><strong>ἐν</strong></span> <span class='ocrx_word' id='word_1_483' title='bbox 3002 3153 3223 3227; x_wconf 90' lang='grc' dir='ltr'>θρήνοις</span> <span class='ocrx_word' id='word_1_484' title='bbox 3261 3158 3355 3211; x_wconf 75' lang='grc' dir='ltr'><strong>καὶ</strong></span> <span class='ocrx_word' id='word_1_485' title='bbox 3390 3161 3762 3232; x_wconf 67' lang='grc' dir='ltr'>σκυθρωπότητι</span> 
     </span>
    </p>
   </div>
   <div class='ocr_carea' id='block_1_62' title="bbox 550 3240 2080 3326">
    <p class='ocr_par' dir='ltr' id='par_1_62' title="bbox 550 3244 2076 3317">
     <span class='ocr_line' id='line_1_62' title="bbox 550 3244 2076 3317; baseline 0 -16"><span class='ocrx_word' id='word_1_486' title='bbox 550 3250 676 3301; x_wconf 91' lang='lat' dir='ltr'><strong>dem</strong></span> <span class='ocrx_word' id='word_1_487' title='bbox 713 3246 795 3301; x_wconf 92' lang='lat' dir='ltr'><strong>sui</strong></span> <span class='ocrx_word' id='word_1_488' title='bbox 819 3260 1039 3301; x_wconf 89' lang='lat' dir='ltr'><strong>sensum</strong></span> <span class='ocrx_word' id='word_1_489' title='bbox 1068 3244 1366 3314; x_wconf 85' lang='lat' dir='ltr'><strong>acceperit,</strong></span> <span class='ocrx_word' id='word_1_490' title='bbox 1412 3252 1467 3300; x_wconf 89' lang='lat' dir='ltr'><strong>et</strong></span> <span class='ocrx_word' id='word_1_491' title='bbox 1518 3260 1616 3299; x_wconf 87' lang='lat' dir='ltr'><strong>sua</strong></span> <span class='ocrx_word' id='word_1_492' title='bbox 1660 3247 1979 3316; x_wconf 88' lang='lat' dir='ltr'><strong>cognoverit</strong></span> <span class='ocrx_word' id='word_1_493' title='bbox 2005 3263 2076 3317; x_wconf 91' lang='lat' dir='ltr'><strong>qu</strong></span> 
     </span>
    </p>
   </div>
   <div class='ocr_carea' id='block_1_63' title="bbox 2232 3240 3762 3326">
    <p class='ocr_par' dir='ltr' id='par_1_63' title="bbox 2232 3240 3762 3326">
     <span class='ocr_line' id='line_1_63' title="bbox 2232 3240 3762 3326; baseline 0.007 -34"><span class='ocrx_word' id='word_1_494' title='bbox 2232 3240 2406 3294; x_wconf 88' lang='grc' dir='ltr'>πάντα</span> <span class='ocrx_word' id='word_1_495' title='bbox 2445 3240 2538 3294; x_wconf 79' lang='grc' dir='ltr'>τὸν</span> <span class='ocrx_word' id='word_1_496' title='bbox 2575 3241 2689 3311; x_wconf 89' lang='grc' dir='ltr'>βίον</span> <span class='ocrx_word' id='word_1_497' title='bbox 2732 3242 2927 3298; x_wconf 87' lang='grc' dir='ltr'>ἐαυτοῦ</span> <span class='ocrx_word' id='word_1_498' title='bbox 2952 3245 3333 3319; x_wconf 85' lang='grc' dir='ltr'>δαπανήσειεν,</span> <span class='ocrx_word' id='word_1_499' title='bbox 3371 3252 3535 3326; x_wconf 81' lang='grc' dir='ltr'>εἴπερ</span> <span class='ocrx_word' id='word_1_500' title='bbox 3561 3254 3762 3323; x_wconf 67' lang='grc' dir='ltr'>αίσθησιν</span> 
     </span>
    </p>
   </div>
   <div class='ocr_carea' id='block_1_64' title="bbox 550 3331 2080 3414">
    <p class='ocr_par' dir='ltr' id='par_1_64' title="bbox 550 3334 2080 3405">
     <span class='ocr_line' id='line_1_64' title="bbox 550 3334 2080 3405; baseline 0.001 -14"><span class='ocrx_word' id='word_1_501' title='bbox 550 3337 741 3391; x_wconf 84' lang='lat' dir='ltr'><strong>habuit</strong></span> <span class='ocrx_word' id='word_1_502' title='bbox 773 3343 827 3391; x_wconf 90' lang='lat' dir='ltr'><strong>et</strong></span> <span class='ocrx_word' id='word_1_503' title='bbox 866 3334 1121 3404; x_wconf 86' lang='lat' dir='ltr'><strong>perdidit,</strong></span> <span class='ocrx_word' id='word_1_504' title='bbox 1164 3342 1220 3389; x_wconf 90' lang='lat' dir='ltr'><strong>et</strong></span> <span class='ocrx_word' id='word_1_505' title='bbox 1260 3335 1314 3389; x_wconf 92' lang='lat' dir='ltr'><strong>in</strong></span> <span class='ocrx_word' id='word_1_506' title='bbox 1357 3349 1466 3405; x_wconf 76' lang='lat' dir='ltr'><strong>quo</strong></span> <span class='ocrx_word' id='word_1_507' title='bbox 1516 3342 1663 3391; x_wconf 80' lang='lat' dir='ltr'><strong>statu</strong></span> <span class='ocrx_word' id='word_1_508' title='bbox 1704 3343 1822 3390; x_wconf 89' lang='lat' dir='ltr'><strong>erat</strong></span> <span class='ocrx_word' id='word_1_509' title='bbox 1865 3336 1934 3392; x_wconf 89' lang='lat' dir='ltr'><strong>ab</strong></span> <span class='ocrx_word' id='word_1_510' title='bbox 1968 3336 2080 3392; x_wconf 89' lang='lat' dir='ltr'><strong>initi</strong></span> 
     </span>
    </p>
   </div>
   <div class='ocr_carea' id='block_1_65' title="bbox 2230 3331 3760 3414">
    <p class='ocr_par' dir='ltr' id='par_1_65' title="bbox 2230 3331 3760 3414">
     <span class='ocr_line' id='line_1_65' title="bbox 2230 3331 3760 3414; baseline 0.007 -30"><span class='ocrx_word' id='word_1_511' title='bbox 2230 3331 2379 3385; x_wconf 80' lang='grc' dir='ltr'>λάϐοι</span> <span class='ocrx_word' id='word_1_512' title='bbox 2397 3333 2559 3397; x_wconf 79' lang='grc' dir='ltr'>αὐτὸς</span> <span class='ocrx_word' id='word_1_513' title='bbox 2578 3334 2792 3399; x_wconf 84' lang='grc' dir='ltr'>ἐαυτοῦ,</span> <span class='ocrx_word' id='word_1_514' title='bbox 2814 3337 2907 3389; x_wconf 77' lang='grc' dir='ltr'>καὶ</span> <span class='ocrx_word' id='word_1_515' title='bbox 2939 3338 3091 3411; x_wconf 85' lang='grc' dir='ltr'>γνοίη</span> <span class='ocrx_word' id='word_1_516' title='bbox 3117 3340 3241 3394; x_wconf 81' lang='grc' dir='ltr'>καθ’</span> <span class='ocrx_word' id='word_1_517' title='bbox 3265 3343 3457 3396; x_wconf 85' lang='grc' dir='ltr'>ἐαυτὸν</span> <span class='ocrx_word' id='word_1_518' title='bbox 3486 3346 3521 3398; x_wconf 75' lang='grc' dir='ltr'>ἃ</span> <span class='ocrx_word' id='word_1_519' title='bbox 3549 3363 3604 3398; x_wconf 91' lang='grc' dir='ltr'><strong>τε</strong></span> <span class='ocrx_word' id='word_1_520' title='bbox 3633 3341 3760 3414; x_wconf 80' lang='grc' dir='ltr'>εἶχεν,</span> 
     </span>
    </p>
   </div>
   <div class='ocr_carea' id='block_1_66' title="bbox 549 3420 2079 3508">
    <p class='ocr_par' dir='ltr' id='par_1_66' title="bbox 549 3425 2079 3497">
     <span class='ocr_line' id='line_1_66' title="bbox 549 3425 2079 3497; baseline -0.001 -12"><span class='ocrx_word' id='word_1_521' title='bbox 549 3440 766 3492; x_wconf 89' lang='lat' dir='ltr'><strong>natura,</strong></span> <span class='ocrx_word' id='word_1_522' title='bbox 796 3437 850 3483; x_wconf 90' lang='lat' dir='ltr'><strong>et</strong></span> <span class='ocrx_word' id='word_1_523' title='bbox 881 3428 933 3481; x_wconf 92' lang='lat' dir='ltr'><strong>in</strong></span> <span class='ocrx_word' id='word_1_524' title='bbox 959 3441 1069 3497; x_wconf 92' lang='lat' dir='ltr'><strong>quo</strong></span> <span class='ocrx_word' id='word_1_525' title='bbox 1099 3435 1183 3482; x_wconf 89' lang='lat' dir='ltr'><strong>est</strong></span> <span class='ocrx_word' id='word_1_526' title='bbox 1208 3428 1262 3481; x_wconf 91' lang='lat' dir='ltr'><strong>in</strong></span> <span class='ocrx_word' id='word_1_527' title='bbox 1284 3426 1618 3496; x_wconf 61' lang='lat' dir='ltr'><strong>prasentia?</strong></span> <span class='ocrx_word' id='word_1_528' title='bbox 1652 3425 1806 3482; x_wconf 89' lang='lat' dir='ltr'><strong>Tunc</strong></span> <span class='ocrx_word' id='word_1_529' title='bbox 1836 3443 1986 3485; x_wconf 91' lang='lat' dir='ltr'><strong>mors</strong></span> <span class='ocrx_word' id='word_1_530' title='bbox 2015 3443 2079 3483; x_wconf 89' lang='lat' dir='ltr'><strong>no</strong></span> 
     </span>
    </p>
   </div>
   <div class='ocr_carea' id='block_1_67' title="bbox 2229 3420 3759 3508">
    <p class='ocr_par' dir='ltr' id='par_1_67' title="bbox 2229 3420 3759 3508">
     <span class='ocr_line' id='line_1_67' title="bbox 2229 3420 3759 3508; baseline 0.013 -32"><span class='ocrx_word' id='word_1_531' title='bbox 2229 3420 2262 3476; x_wconf 74' lang='grc' dir='ltr'>ὅ.</span> <span class='ocrx_word' id='word_1_532' title='bbox 2281 3439 2338 3475; x_wconf 91' lang='grc' dir='ltr'><strong>τε</strong></span> <span class='ocrx_word' id='word_1_533' title='bbox 2372 3422 2674 3487; x_wconf 81' lang='grc' dir='ltr'>ἀπώλεσεν,</span> <span class='ocrx_word' id='word_1_534' title='bbox 2711 3425 2805 3479; x_wconf 76' lang='grc' dir='ltr'>καὶ</span> <span class='ocrx_word' id='word_1_535' title='bbox 2829 3428 2886 3479; x_wconf 91' lang='grc' dir='ltr'><strong>ἐν</strong></span> <span class='ocrx_word' id='word_1_536' title='bbox 2917 3421 2998 3491; x_wconf 74' lang='grc' dir='ltr'>οἷς</span> <span class='ocrx_word' id='word_1_537' title='bbox 3023 3424 3091 3499; x_wconf 81' lang='grc' dir='ltr'>ἦν</span> <span class='ocrx_word' id='word_1_538' title='bbox 3121 3430 3182 3483; x_wconf 82' lang='grc' dir='ltr'>τὸ</span> <span class='ocrx_word' id='word_1_539' title='bbox 3201 3435 3322 3485; x_wconf 79' lang='grc' dir='ltr'>κατ’</span> <span class='ocrx_word' id='word_1_540' title='bbox 3355 3435 3537 3505; x_wconf 81' lang='grc' dir='ltr'>ἀρχὰς</span> <span class='ocrx_word' id='word_1_541' title='bbox 3566 3437 3759 3508; x_wconf 71' lang='grc' dir='ltr'>ἡφύσις,</span> 
     </span>
    </p>
   </div>
   <div class='ocr_carea' id='block_1_68' title="bbox 546 3514 2076 3592">
    <p class='ocr_par' dir='ltr' id='par_1_68' title="bbox 546 3516 2076 3584">
     <span class='ocr_line' id='line_1_68' title="bbox 546 3516 2076 3584; baseline -0.003 -8"><span class='ocrx_word' id='word_1_542' title='bbox 546 3528 686 3584; x_wconf 91' lang='lat' dir='ltr'><strong>erat,</strong></span> <span class='ocrx_word' id='word_1_543' title='bbox 729 3518 956 3573; x_wconf 89' lang='lat' dir='ltr'><strong>morbus</strong></span> <span class='ocrx_word' id='word_1_544' title='bbox 989 3516 1197 3579; x_wconf 86' lang='lat' dir='ltr'><strong>aberat,</strong></span> <span class='ocrx_word' id='word_1_545' title='bbox 1248 3532 1433 3570; x_wconf 90' lang='lat' dir='ltr'><strong>meum</strong></span> <span class='ocrx_word' id='word_1_546' title='bbox 1472 3524 1526 3571; x_wconf 92' lang='lat' dir='ltr'><strong>et</strong></span> <span class='ocrx_word' id='word_1_547' title='bbox 1569 3524 1746 3580; x_wconf 88' lang='lat' dir='ltr'><strong>tuum,</strong></span> <span class='ocrx_word' id='word_1_548' title='bbox 1794 3518 1958 3572; x_wconf 76' lang='lat' dir='ltr'><strong>verba</strong></span> <span class='ocrx_word' id='word_1_549' title='bbox 2007 3519 2076 3573; x_wconf 81' lang='lat' dir='ltr'><strong>ha</strong></span> 
     </span>
    </p>
   </div>
   <div class='ocr_carea' id='block_1_69' title="bbox 2232 3514 3762 3592">
    <p class='ocr_par' dir='ltr' id='par_1_69' title="bbox 2232 3514 3762 3592">
     <span class='ocr_line' id='line_1_69' title="bbox 2232 3514 3762 3592; baseline 0.01 -25"><span class='ocrx_word' id='word_1_550' title='bbox 2232 3514 2319 3567; x_wconf 78' lang='grc' dir='ltr'>καὶ</span> <span class='ocrx_word' id='word_1_551' title='bbox 2372 3516 2430 3567; x_wconf 88' lang='grc' dir='ltr'><strong>ἐν</strong></span> <span class='ocrx_word' id='word_1_552' title='bbox 2462 3515 2603 3567; x_wconf 84' lang='grc' dir='ltr'>τίσιν</span> <span class='ocrx_word' id='word_1_553' title='bbox 2653 3516 2748 3569; x_wconf 79' lang='grc' dir='ltr'>ἐπὶ</span> <span class='ocrx_word' id='word_1_554' title='bbox 2775 3517 2868 3571; x_wconf 89' lang='grc' dir='ltr'><strong>τοῦ</strong></span> <span class='ocrx_word' id='word_1_555' title='bbox 2905 3521 3172 3590; x_wconf 83' lang='grc' dir='ltr'>παρόντος</span> <span class='ocrx_word' id='word_1_556' title='bbox 3205 3525 3385 3592; x_wconf 87' lang='grc' dir='ltr'>ἐστίν;</span> <span class='ocrx_word' id='word_1_557' title='bbox 3417 3526 3552 3580; x_wconf 86' lang='grc' dir='ltr'>Τότε</span> <span class='ocrx_word' id='word_1_558' title='bbox 3581 3528 3762 3588; x_wconf 78' lang='grc' dir='ltr'>θάνατος</span> 
     </span>
    </p>
   </div>
   <div class='ocr_carea' id='block_1_70' title="bbox 546 3600 2076 3687">
    <p class='ocr_par' dir='ltr' id='par_1_70' title="bbox 546 3606 2076 3684">
     <span class='ocr_line' id='line_1_70' title="bbox 546 3606 2076 3684; baseline -0.003 -18"><span class='ocrx_word' id='word_1_559' title='bbox 546 3612 880 3684; x_wconf 85' lang='lat' dir='ltr'><strong>perniciosa,</strong></span> <span class='ocrx_word' id='word_1_560' title='bbox 933 3626 964 3664; x_wconf 91' lang='lat' dir='ltr'><strong>a</strong></span> <span class='ocrx_word' id='word_1_561' title='bbox 1013 3609 1124 3664; x_wconf 87' lang='lat' dir='ltr'><strong>vita</strong></span> <span class='ocrx_word' id='word_1_562' title='bbox 1173 3608 1408 3678; x_wconf 92' lang='lat' dir='ltr'><strong>primum</strong></span> <span class='ocrx_word' id='word_1_563' title='bbox 1462 3606 1684 3663; x_wconf 82' lang='lat' dir='ltr'><strong>fuerunt</strong></span> <span class='ocrx_word' id='word_1_564' title='bbox 1734 3610 2076 3664; x_wconf 83' lang='lat' dir='ltr'><strong>exterminat:</strong></span> 
     </span>
    </p>
   </div>
   <div class='ocr_carea' id='block_1_71' title="bbox 2231 3600 3761 3687">
    <p class='ocr_par' dir='ltr' id='par_1_71' title="bbox 2231 3600 3761 3687">
     <span class='ocr_line' id='line_1_71' title="bbox 2231 3600 3761 3687; baseline 0.007 -30"><span class='ocrx_word' id='word_1_565' title='bbox 2231 3605 2322 3658; x_wconf 81' lang='grc' dir='ltr'>οὐκ</span> <span class='ocrx_word' id='word_1_566' title='bbox 2352 3600 2441 3674; x_wconf 83' lang='grc' dir='ltr'>ἦν,</span> <span class='ocrx_word' id='word_1_567' title='bbox 2465 3605 2616 3670; x_wconf 87' lang='grc' dir='ltr'>νόσος</span> <span class='ocrx_word' id='word_1_568' title='bbox 2650 3607 2817 3678; x_wconf 85' lang='grc' dir='ltr'>ἀπῆν,</span> <span class='ocrx_word' id='word_1_569' title='bbox 2851 3609 2912 3662; x_wconf 86' lang='grc' dir='ltr'>τὸ</span> <span class='ocrx_word' id='word_1_570' title='bbox 2946 3609 3077 3680; x_wconf 85' lang='grc' dir='ltr'>ἐμὸν</span> <span class='ocrx_word' id='word_1_571' title='bbox 3106 3614 3201 3666; x_wconf 73' lang='grc' dir='ltr'>καὶ</span> <span class='ocrx_word' id='word_1_572' title='bbox 3238 3616 3298 3667; x_wconf 83' lang='grc' dir='ltr'>τὸ</span> <span class='ocrx_word' id='word_1_573' title='bbox 3343 3615 3457 3681; x_wconf 83' lang='grc' dir='ltr'>σὺν,</span> <span class='ocrx_word' id='word_1_574' title='bbox 3499 3619 3569 3672; x_wconf 84' lang='grc' dir='ltr'><strong>τά</strong></span> <span class='ocrx_word' id='word_1_575' title='bbox 3593 3617 3761 3687; x_wconf 68' lang='grc' dir='ltr'>πονηρὰ</span> 
     </span>
    </p>
   </div>
   <div class='ocr_carea' id='block_1_72' title="bbox 543 3695 2073 3779">
    <p class='ocr_par' dir='ltr' id='par_1_72' title="bbox 543 3699 2073 3767">
     <span class='ocr_line' id='line_1_72' title="bbox 543 3699 2073 3767; baseline -0.005 -9"><span class='ocrx_word' id='word_1_576' title='bbox 543 3702 679 3758; x_wconf 88' lang='lat' dir='ltr'><strong>Nam</strong></span> <span class='ocrx_word' id='word_1_577' title='bbox 710 3702 854 3757; x_wconf 89' lang='lat' dir='ltr'><strong>sicut</strong></span> <span class='ocrx_word' id='word_1_578' title='bbox 883 3699 1194 3755; x_wconf 86' lang='lat' dir='ltr'><strong>communis</strong></span> <span class='ocrx_word' id='word_1_579' title='bbox 1237 3710 1320 3755; x_wconf 79' lang='lat' dir='ltr'><strong>est</strong></span> <span class='ocrx_word' id='word_1_580' title='bbox 1344 3699 1449 3765; x_wconf 83' lang='lat' dir='ltr'><strong>sol,</strong></span> <span class='ocrx_word' id='word_1_581' title='bbox 1478 3707 1533 3755; x_wconf 92' lang='lat' dir='ltr'><strong>et</strong></span> <span class='ocrx_word' id='word_1_582' title='bbox 1575 3714 1669 3756; x_wconf 89' lang='lat' dir='ltr'><strong>aer</strong></span> <span class='ocrx_word' id='word_1_583' title='bbox 1698 3702 2028 3767; x_wconf 90' lang='lat' dir='ltr'><strong>communis,</strong></span> <span class='ocrx_word' id='word_1_584' title='bbox 2068 3723 2073 3750; x_wconf 80' lang='grc'>‹</span> 
     </span>
    </p>
   </div>
   <div class='ocr_carea' id='block_1_73' title="bbox 2229 3695 3759 3779">
    <p class='ocr_par' dir='ltr' id='par_1_73' title="bbox 2229 3695 3759 3779">
     <span class='ocr_line' id='line_1_73' title="bbox 2229 3695 3759 3779; baseline 0.008 -31"><span class='ocrx_word' id='word_1_585' title='bbox 2229 3695 2395 3749; x_wconf 86' lang='grc' dir='ltr'>ταῦτα</span> <span class='ocrx_word' id='word_1_586' title='bbox 2425 3699 2667 3768; x_wconf 81' lang='grc' dir='ltr'>ῥήματα,</span> <span class='ocrx_word' id='word_1_587' title='bbox 2700 3698 2802 3769; x_wconf 84' lang='grc' dir='ltr'>τῆς</span> <span class='ocrx_word' id='word_1_588' title='bbox 2831 3700 2977 3772; x_wconf 79' lang='grc' dir='ltr'>ζωῆς</span> <span class='ocrx_word' id='word_1_589' title='bbox 3006 3702 3222 3773; x_wconf 87' lang='grc' dir='ltr'>πρῶτον</span> <span class='ocrx_word' id='word_1_590' title='bbox 3254 3706 3542 3779; x_wconf 80' lang='grc' dir='ltr'>ἐξώριστο.</span> <span class='ocrx_word' id='word_1_591' title='bbox 3575 3710 3655 3774; x_wconf 82' lang='grc' dir='ltr'>Ὧς</span> <span class='ocrx_word' id='word_1_592' title='bbox 3680 3710 3759 3779; x_wconf 72' lang='grc' dir='ltr'>γὰρ</span> 
     </span>
    </p>
   </div>
   <div class='ocr_carea' id='block_1_74' title="bbox 542 3786 2072 3869">
    <p class='ocr_par' dir='ltr' id='par_1_74' title="bbox 542 3791 2072 3861">
     <span class='ocr_line' id='line_1_74' title="bbox 542 3791 2072 3861; baseline -0.003 -11"><span class='ocrx_word' id='word_1_593' title='bbox 542 3802 673 3849; x_wconf 89' lang='lat' dir='ltr'><strong>ante</strong></span> <span class='ocrx_word' id='word_1_594' title='bbox 700 3794 884 3849; x_wconf 90' lang='lat' dir='ltr'><strong>omnia</strong></span> <span class='ocrx_word' id='word_1_595' title='bbox 917 3791 1013 3847; x_wconf 86' lang='lat' dir='ltr'><strong>Dei</strong></span> <span class='ocrx_word' id='word_1_596' title='bbox 1038 3798 1124 3846; x_wconf 92' lang='lat' dir='ltr'><strong>est</strong></span> <span class='ocrx_word' id='word_1_597' title='bbox 1149 3791 1459 3847; x_wconf 90' lang='lat' dir='ltr'><strong>communis</strong></span> <span class='ocrx_word' id='word_1_598' title='bbox 1490 3791 1686 3861; x_wconf 84' lang='lat' dir='ltr'><strong>gratia,</strong></span> <span class='ocrx_word' id='word_1_599' title='bbox 1718 3802 1774 3846; x_wconf 88' lang='lat' dir='ltr'><strong>et</strong></span> <span class='ocrx_word' id='word_1_600' title='bbox 1810 3791 2072 3847; x_wconf 74' lang='lat' dir='ltr'><strong>benedicti</strong></span> 
     </span>
    </p>
   </div>
   <div class='ocr_carea' id='block_1_75' title="bbox 2229 3786 3759 3869">
    <p class='ocr_par' dir='ltr' id='par_1_75' title="bbox 2229 3786 3759 3869">
     <span class='ocr_line' id='line_1_75' title="bbox 2229 3786 3759 3869; baseline 0.007 -31"><span class='ocrx_word' id='word_1_601' title='bbox 2229 3786 2399 3850; x_wconf 79' lang='grc' dir='ltr'>κοινὸς</span> <span class='ocrx_word' id='word_1_602' title='bbox 2455 3790 2483 3840; x_wconf 90' lang='grc' dir='ltr'><strong>ό</strong></span> <span class='ocrx_word' id='word_1_603' title='bbox 2530 3789 2702 3859; x_wconf 76' lang='grc' dir='ltr'>ἥλιος,</span> <span class='ocrx_word' id='word_1_604' title='bbox 2741 3790 2836 3842; x_wconf 79' lang='grc' dir='ltr'>καὶ</span> <span class='ocrx_word' id='word_1_605' title='bbox 2875 3791 2903 3843; x_wconf 91' lang='lat'><strong>6</strong></span> <span class='ocrx_word' id='word_1_606' title='bbox 2942 3792 3053 3863; x_wconf 83' lang='grc' dir='ltr'>ἀὴρ</span> <span class='ocrx_word' id='word_1_607' title='bbox 3095 3793 3293 3859; x_wconf 79' lang='grc' dir='ltr'>κοινὸς,</span> <span class='ocrx_word' id='word_1_608' title='bbox 3324 3796 3418 3850; x_wconf 77' lang='grc' dir='ltr'>καὶ</span> <span class='ocrx_word' id='word_1_609' title='bbox 3446 3800 3558 3869; x_wconf 84' lang='grc' dir='ltr'>πρὸ</span> <span class='ocrx_word' id='word_1_610' title='bbox 3584 3800 3759 3853; x_wconf 75' lang='grc' dir='ltr'>πάντων</span> 
     </span>
    </p>
   </div>
   <div class='ocr_carea' id='block_1_76' title="bbox 541 3875 2071 3958">
    <p class='ocr_par' dir='ltr' id='par_1_76' title="bbox 541 3882 2071 3954">
     <span class='ocr_line' id='line_1_76' title="bbox 541 3882 2071 3954; baseline -0.005 -12"><span class='ocrx_word' id='word_1_611' title='bbox 541 3885 852 3942; x_wconf 88' lang='lat' dir='ltr'><strong>communis</strong></span> <span class='ocrx_word' id='word_1_612' title='bbox 877 3901 892 3949; x_wconf 91' lang='lat'><strong>;</strong></span> <span class='ocrx_word' id='word_1_613' title='bbox 920 3882 993 3937; x_wconf 90' lang='lat' dir='ltr'><strong>ita</strong></span> <span class='ocrx_word' id='word_1_614' title='bbox 1026 3883 1189 3937; x_wconf 86' lang='lat' dir='ltr'><strong>etiam</strong></span> <span class='ocrx_word' id='word_1_615' title='bbox 1216 3896 1280 3936; x_wconf 80' lang='lat' dir='ltr'><strong>ex</strong></span> <span class='ocrx_word' id='word_1_616' title='bbox 1310 3896 1468 3952; x_wconf 56' lang='lat' dir='ltr'><strong>aequo</strong></span> <span class='ocrx_word' id='word_1_617' title='bbox 1498 3882 1671 3939; x_wconf 88' lang='lat' dir='ltr'><strong>libere</strong></span> <span class='ocrx_word' id='word_1_618' title='bbox 1695 3890 1814 3938; x_wconf 91' lang='lat' dir='ltr'><strong>erat</strong></span> <span class='ocrx_word' id='word_1_619' title='bbox 1838 3883 2071 3954; x_wconf 75' lang='lat' dir='ltr'><strong>proposil</strong></span> 
     </span>
    </p>
   </div>
   <div class='ocr_carea' id='block_1_77' title="bbox 2227 3875 3757 3958">
    <p class='ocr_par' dir='ltr' id='par_1_77' title="bbox 2227 3875 3757 3958">
     <span class='ocr_line' id='line_1_77' title="bbox 2227 3875 3757 3958; baseline 0.008 -29"><span class='ocrx_word' id='word_1_620' title='bbox 2227 3875 2313 3930; x_wconf 81' lang='grc' dir='ltr'><strong>τοῦ</strong></span> <span class='ocrx_word' id='word_1_621' title='bbox 2342 3876 2476 3931; x_wconf 89' lang='grc' dir='ltr'>Θεοῦ</span> <span class='ocrx_word' id='word_1_622' title='bbox 2498 3881 2531 3949; x_wconf 83' lang='grc' dir='ltr'><strong>ή</strong></span> <span class='ocrx_word' id='word_1_623' title='bbox 2555 3879 2713 3951; x_wconf 91' lang='grc' dir='ltr'>χάρις</span> <span class='ocrx_word' id='word_1_624' title='bbox 2747 3883 2920 3953; x_wconf 85' lang='grc' dir='ltr'>κοινὴ,</span> <span class='ocrx_word' id='word_1_625' title='bbox 2944 3884 3165 3953; x_wconf 82' lang='grc' dir='ltr'>εὐλογία</span> <span class='ocrx_word' id='word_1_626' title='bbox 3186 3889 3339 3958; x_wconf 89' lang='grc' dir='ltr'>κοινή</span> <span class='ocrx_word' id='word_1_627' title='bbox 3365 3906 3379 3919; x_wconf 87' lang='grc'><strong>·</strong></span> <span class='ocrx_word' id='word_1_628' title='bbox 3414 3889 3588 3954; x_wconf 75' lang='grc' dir='ltr'>οὕτως</span> <span class='ocrx_word' id='word_1_629' title='bbox 3617 3893 3667 3943; x_wconf 87' lang='grc' dir='ltr'><strong>ἐν</strong></span> <span class='ocrx_word' id='word_1_630' title='bbox 3685 3890 3757 3956; x_wconf 64' lang='lat' dir='ltr'><strong>lay</strong></span> 
     </span>
    </p>
   </div>
   <div class='ocr_carea' id='block_1_78' title="bbox 544 3970 2074 4053">
    <p class='ocr_par' dir='ltr' id='par_1_78' title="bbox 544 3972 2074 4043">
     <span class='ocr_line' id='line_1_78' title="bbox 544 3972 2074 4043; baseline -0.001 -14"><span class='ocrx_word' id='word_1_631' title='bbox 544 3973 793 4043; x_wconf 84' lang='lat' dir='ltr'><strong>cujusvis</strong></span> <span class='ocrx_word' id='word_1_632' title='bbox 839 3972 970 4027; x_wconf 90' lang='lat' dir='ltr'><strong>boni</strong></span> <span class='ocrx_word' id='word_1_633' title='bbox 1020 3972 1389 4041; x_wconf 86' lang='lat' dir='ltr'><strong>participatio,</strong></span> <span class='ocrx_word' id='word_1_634' title='bbox 1435 3981 1640 4027; x_wconf 80' lang='lat' dir='ltr'><strong>etnon</strong></span> <span class='ocrx_word' id='word_1_635' title='bbox 1682 3975 2074 4043; x_wconf 83' lang='lat' dir='ltr'><strong>cognoscebatt</strong></span> 
     </span>
    </p>
   </div>
   <div class='ocr_carea' id='block_1_79' title="bbox 2224 3970 3754 4053">
    <p class='ocr_par' dir='ltr' id='par_1_79' title="bbox 2224 3970 3754 4053">
     <span class='ocr_line' id='line_1_79' title="bbox 2224 3970 3754 4053; baseline 0.005 -30"><span class='ocrx_word' id='word_1_636' title='bbox 2224 3970 2312 4023; x_wconf 76' lang='grc' dir='ltr'>καὶ</span> <span class='ocrx_word' id='word_1_637' title='bbox 2347 3970 2547 4036; x_wconf 83' lang='grc' dir='ltr'>παντὸς</span> <span class='ocrx_word' id='word_1_638' title='bbox 2571 3971 2779 4040; x_wconf 88' lang='grc' dir='ltr'>ἀγαθοῦ</span> <span class='ocrx_word' id='word_1_639' title='bbox 2803 3976 3063 4043; x_wconf 80' lang='grc' dir='ltr'>μετουσία</span> <span class='ocrx_word' id='word_1_640' title='bbox 3084 3977 3203 4030; x_wconf 87' lang='grc' dir='ltr'>κατ’</span> <span class='ocrx_word' id='word_1_641' title='bbox 3224 3977 3477 4043; x_wconf 79' lang='grc' dir='ltr'>ἐξουσίαν</span> <span class='ocrx_word' id='word_1_642' title='bbox 3496 3982 3754 4053; x_wconf 83' lang='grc' dir='ltr'>προέκειτο,</span> 
     </span>
    </p>
   </div>
   <div class='ocr_carea' id='block_1_80' title="bbox 542 4062 2072 4142">
    <p class='ocr_par' dir='ltr' id='par_1_80' title="bbox 542 4062 2072 4133">
     <span class='ocr_line' id='line_1_80' title="bbox 542 4062 2072 4133; baseline 0 -12"><span class='ocrx_word' id='word_1_643' title='bbox 542 4066 774 4121; x_wconf 85' lang='lat' dir='ltr'><strong>morbus</strong></span> <span class='ocrx_word' id='word_1_644' title='bbox 797 4063 1060 4126; x_wconf 70' lang='lat' dir='ltr'><strong>avaritiae,</strong></span> <span class='ocrx_word' id='word_1_645' title='bbox 1090 4076 1191 4117; x_wconf 88' lang='lat' dir='ltr'><strong>nec</strong></span> <span class='ocrx_word' id='word_1_646' title='bbox 1226 4078 1293 4117; x_wconf 80' lang='lat' dir='ltr'><strong>ex</strong></span> <span class='ocrx_word' id='word_1_647' title='bbox 1336 4078 1402 4118; x_wconf 92' lang='lat' dir='ltr'><strong>eo</strong></span> <span class='ocrx_word' id='word_1_648' title='bbox 1432 4063 1576 4133; x_wconf 89' lang='lat' dir='ltr'><strong>quod</strong></span> <span class='ocrx_word' id='word_1_649' title='bbox 1621 4062 1895 4133; x_wconf 86' lang='lat' dir='ltr'><strong>quispiam</strong></span> <span class='ocrx_word' id='word_1_650' title='bbox 1935 4066 2072 4121; x_wconf 80' lang='lat' dir='ltr'><strong>mint</strong></span> 
     </span>
    </p>
   </div>
   <div class='ocr_carea' id='block_1_81' title="bbox 2227 4062 3757 4142">
    <p class='ocr_par' dir='ltr' id='par_1_81' title="bbox 2227 4064 3757 4142">
     <span class='ocr_line' id='line_1_81' title="bbox 2227 4064 3757 4142; baseline 0.003 -26"><span class='ocrx_word' id='word_1_651' title='bbox 2227 4065 2314 4117; x_wconf 74' lang='grc' dir='ltr'><strong>καὶ</strong></span> <span class='ocrx_word' id='word_1_652' title='bbox 2343 4064 2377 4133; x_wconf 87' lang='grc' dir='ltr'>ἠ</span> <span class='ocrx_word' id='word_1_653' title='bbox 2407 4064 2561 4128; x_wconf 85' lang='grc' dir='ltr'>νόσος</span> <span class='ocrx_word' id='word_1_654' title='bbox 2602 4066 2701 4136; x_wconf 84' lang='grc' dir='ltr'>τῆς</span> <span class='ocrx_word' id='word_1_655' title='bbox 2755 4065 3061 4134; x_wconf 82' lang='grc' dir='ltr'>πλεονεξίας</span> <span class='ocrx_word' id='word_1_656' title='bbox 3093 4069 3192 4123; x_wconf 75' lang='grc' dir='ltr'>οὐκ</span> <span class='ocrx_word' id='word_1_657' title='bbox 3244 4071 3588 4142; x_wconf 79' lang='grc' dir='ltr'>ἐγνωρίζετο,</span> <span class='ocrx_word' id='word_1_658' title='bbox 3614 4070 3757 4127; x_wconf 75' lang='grc' dir='ltr'>καὶτὸ</span> 
     </span>
    </p>
   </div>
   <div class='ocr_carea' id='block_1_82' title="bbox 542 4155 2072 4235">
    <p class='ocr_par' dir='ltr' id='par_1_82' title="bbox 542 4155 2072 4228">
     <span class='ocr_line' id='line_1_82' title="bbox 542 4155 2072 4228; baseline -0.002 -16"><span class='ocrx_word' id='word_1_659' title='bbox 542 4157 804 4221; x_wconf 84' lang='lat' dir='ltr'><strong>habebat,</strong></span> <span class='ocrx_word' id='word_1_660' title='bbox 834 4156 961 4211; x_wconf 89' lang='lat' dir='ltr'><strong>odio</strong></span> <span class='ocrx_word' id='word_1_661' title='bbox 992 4155 1227 4210; x_wconf 85' lang='lat' dir='ltr'><strong>habebat</strong></span> <span class='ocrx_word' id='word_1_662' title='bbox 1261 4170 1383 4209; x_wconf 88' lang='lat' dir='ltr'><strong>eum</strong></span> <span class='ocrx_word' id='word_1_663' title='bbox 1428 4156 1522 4225; x_wconf 90' lang='lat' dir='ltr'><strong>qui</strong></span> <span class='ocrx_word' id='word_1_664' title='bbox 1565 4156 1881 4225; x_wconf 88' lang='lat' dir='ltr'><strong>superabat.</strong></span> <span class='ocrx_word' id='word_1_665' title='bbox 1930 4156 2072 4228; x_wconf 79' lang='lat' dir='ltr'><strong>Nequ</strong></span> 
     </span>
    </p>
   </div>
   <div class='ocr_carea' id='block_1_83' title="bbox 2227 4155 3757 4235">
    <p class='ocr_par' dir='ltr' id='par_1_83' title="bbox 2227 4155 3757 4235">
     <span class='ocr_line' id='line_1_83' title="bbox 2227 4155 3757 4235; baseline 0.005 -28"><span class='ocrx_word' id='word_1_666' title='bbox 2227 4155 2353 4224; x_wconf 79' lang='grc' dir='ltr'>πρὸς</span> <span class='ocrx_word' id='word_1_667' title='bbox 2383 4156 2446 4209; x_wconf 84' lang='grc' dir='ltr'>τὸ</span> <span class='ocrx_word' id='word_1_668' title='bbox 2486 4156 2835 4211; x_wconf 80' lang='grc' dir='ltr'>ἐλαττοῦσθαι</span> <span class='ocrx_word' id='word_1_669' title='bbox 2899 4162 3054 4229; x_wconf 89' lang='grc' dir='ltr'>μῖσος</span> <span class='ocrx_word' id='word_1_670' title='bbox 3095 4159 3237 4217; x_wconf 80' lang='grc' dir='ltr'><strong>κατά</strong></span> <span class='ocrx_word' id='word_1_671' title='bbox 3276 4162 3384 4215; x_wconf 88' lang='grc' dir='ltr'><strong>τῶν</strong></span> <span class='ocrx_word' id='word_1_672' title='bbox 3417 4164 3757 4235; x_wconf 60' lang='grc' dir='ltr'>ὑτπρεχόντων</span> 
     </span>
    </p>
   </div>
   <div class='ocr_carea' id='block_1_84' title="bbox 540 4242 2070 4325">
    <p class='ocr_par' dir='ltr' id='par_1_84' title="bbox 540 4247 2070 4319">
     <span class='ocr_line' id='line_1_84' title="bbox 540 4247 2070 4319; baseline -0.001 -15"><span class='ocrx_word' id='word_1_673' title='bbox 540 4249 685 4304; x_wconf 91' lang='lat' dir='ltr'><strong>enim</strong></span> <span class='ocrx_word' id='word_1_674' title='bbox 714 4256 831 4304; x_wconf 89' lang='lat' dir='ltr'><strong>erat</strong></span> <span class='ocrx_word' id='word_1_675' title='bbox 858 4247 1084 4302; x_wconf 89' lang='lat' dir='ltr'><strong>omnino</strong></span> <span class='ocrx_word' id='word_1_676' title='bbox 1120 4247 1265 4316; x_wconf 89' lang='lat' dir='ltr'><strong>quod</strong></span> <span class='ocrx_word' id='word_1_677' title='bbox 1295 4255 1579 4317; x_wconf 86' lang='lat' dir='ltr'><strong>superaret</strong></span> <span class='ocrx_word' id='word_1_678' title='bbox 1610 4267 1622 4301; x_wconf 92' lang='lat'>:</span> <span class='ocrx_word' id='word_1_679' title='bbox 1655 4254 1708 4302; x_wconf 93' lang='lat' dir='ltr'><strong>et</strong></span> <span class='ocrx_word' id='word_1_680' title='bbox 1751 4248 1859 4302; x_wconf 89' lang='lat' dir='ltr'><strong>alia</strong></span> <span class='ocrx_word' id='word_1_681' title='bbox 1887 4258 2070 4319; x_wconf 68' lang='lat' dir='ltr'><strong>praeter</strong></span> 
     </span>
    </p>
   </div>
   <div class='ocr_carea' id='block_1_85' title="bbox 2224 4242 3754 4325">
    <p class='ocr_par' dir='ltr' id='par_1_85' title="bbox 2224 4242 3754 4325">
     <span class='ocr_line' id='line_1_85' title="bbox 2224 4242 3754 4325; baseline 0.003 -27"><span class='ocrx_word' id='word_1_682' title='bbox 2224 4246 2318 4299; x_wconf 86' lang='grc' dir='ltr'>οὐκ</span> <span class='ocrx_word' id='word_1_683' title='bbox 2348 4242 2434 4317; x_wconf 77' lang='grc' dir='ltr'>ἦν.</span> <span class='ocrx_word' id='word_1_684' title='bbox 2466 4248 2600 4301; x_wconf 81' lang='grc' dir='ltr'><strong>Οὐδὲ</strong></span> <span class='ocrx_word' id='word_1_685' title='bbox 2634 4248 2741 4321; x_wconf 85' lang='grc' dir='ltr'>γὰρ</span> <span class='ocrx_word' id='word_1_686' title='bbox 2790 4248 2930 4313; x_wconf 78' lang='grc' dir='ltr'>ὅλως</span> <span class='ocrx_word' id='word_1_687' title='bbox 2974 4250 3033 4303; x_wconf 85' lang='grc' dir='ltr'>τὸ</span> <span class='ocrx_word' id='word_1_688' title='bbox 3075 4252 3338 4322; x_wconf 84' lang='grc' dir='ltr'>ὑπερέχον</span> <span class='ocrx_word' id='word_1_689' title='bbox 3370 4249 3469 4325; x_wconf 77' lang='grc' dir='ltr'><strong>ἦν’</strong></span> <span class='ocrx_word' id='word_1_690' title='bbox 3505 4258 3597 4309; x_wconf 78' lang='grc' dir='ltr'>καὶ</span> <span class='ocrx_word' id='word_1_691' title='bbox 3622 4254 3754 4324; x_wconf 74' lang='grc' dir='ltr'>μυρία</span> 
     </span>
    </p>
   </div>
   <div class='ocr_carea' id='block_1_86' title="bbox 538 4336 2068 4415">
    <p class='ocr_par' dir='ltr' id='par_1_86' title="bbox 538 4336 2068 4411">
     <span class='ocr_line' id='line_1_86' title="bbox 538 4336 2068 4411; baseline 0.001 -17"><span class='ocrx_word' id='word_1_692' title='bbox 538 4354 604 4395; x_wconf 90' lang='lat' dir='ltr'><strong>ea</strong></span> <span class='ocrx_word' id='word_1_693' title='bbox 657 4336 1105 4400; x_wconf 84' lang='lat' dir='ltr'><strong>innumerabilia,</strong></span> <span class='ocrx_word' id='word_1_694' title='bbox 1140 4351 1262 4406; x_wconf 61' lang='lat' dir='ltr'><strong>quae</strong></span> <span class='ocrx_word' id='word_1_695' title='bbox 1290 4352 1391 4393; x_wconf 89' lang='lat' dir='ltr'><strong>nec</strong></span> <span class='ocrx_word' id='word_1_696' title='bbox 1425 4337 1609 4393; x_wconf 87' lang='lat' dir='ltr'><strong>verbis</strong></span> <span class='ocrx_word' id='word_1_697' title='bbox 1638 4338 1856 4408; x_wconf 90' lang='lat' dir='ltr'><strong>quidem</strong></span> <span class='ocrx_word' id='word_1_698' title='bbox 1882 4356 2068 4411; x_wconf 86' lang='lat' dir='ltr'><strong>possm</strong></span> 
     </span>
    </p>
   </div>
   <div class='ocr_carea' id='block_1_87' title="bbox 2220 4336 3750 4415">
    <p class='ocr_par' dir='ltr' id='par_1_87' title="bbox 2220 4338 3750 4415">
     <span class='ocr_line' id='line_1_87' title="bbox 2220 4338 3750 4415; baseline 0.003 -24"><span class='ocrx_word' id='word_1_699' title='bbox 2220 4338 2311 4392; x_wconf 81' lang='grc' dir='ltr'>ἐπὶ</span> <span class='ocrx_word' id='word_1_700' title='bbox 2336 4338 2545 4403; x_wconf 82' lang='grc' dir='ltr'>τούτοις</span> <span class='ocrx_word' id='word_1_701' title='bbox 2562 4338 2717 4399; x_wconf 83' lang='grc' dir='ltr'>ἀλλα.</span> <span class='ocrx_word' id='word_1_702' title='bbox 2750 4340 2786 4393; x_wconf 75' lang='grc' dir='ltr'>ἃ</span> <span class='ocrx_word' id='word_1_703' title='bbox 2806 4340 2916 4395; x_wconf 83' lang='grc' dir='ltr'>οὐδ’</span> <span class='ocrx_word' id='word_1_704' title='bbox 2942 4342 3007 4395; x_wconf 81' lang='grc' dir='ltr'>ἂν</span> <span class='ocrx_word' id='word_1_705' title='bbox 3030 4344 3376 4413; x_wconf 76' lang='grc' dir='ltr'>παραστῆσαι</span> <span class='ocrx_word' id='word_1_706' title='bbox 3417 4362 3507 4410; x_wconf 91' lang='grc' dir='ltr'><strong>τις</strong></span> <span class='ocrx_word' id='word_1_707' title='bbox 3540 4343 3750 4415; x_wconf 76' lang='grc' dir='ltr'>δυνηθείη</span> 
     </span>
    </p>
   </div>
   <div class='ocr_carea' id='block_1_88' title="bbox 535 4404 2065 4508">
    <p class='ocr_par' dir='ltr' id='par_1_88' title="bbox 535 4404 2065 4504">
     <span class='ocr_line' id='line_1_88' title="bbox 535 4404 2065 4504; baseline -0.001 -16"><span class='ocrx_word' id='word_1_708' title='bbox 535 4432 800 4502; x_wconf 79' lang='lat' dir='ltr'><strong>explicari</strong></span> <span class='ocrx_word' id='word_1_709' title='bbox 829 4449 843 4487; x_wconf 93' lang='lat'><strong>:</strong></span> <span class='ocrx_word' id='word_1_710' title='bbox 878 4446 1001 4500; x_wconf 72' lang='lat' dir='ltr'><strong>quae</strong></span> <span class='ocrx_word' id='word_1_711' title='bbox 1030 4404 1250 4501; x_wconf 78' lang='lat' dir='ltr'><strong>quidem</strong></span> <span class='ocrx_word' id='word_1_712' title='bbox 1302 4404 1678 4503; x_wconf 80' lang='lat' dir='ltr'><strong>magnitudine</strong></span> <span class='ocrx_word' id='word_1_713' title='bbox 1726 4447 1790 4488; x_wconf 90' lang='lat' dir='ltr'><strong>ea</strong></span> <span class='ocrx_word' id='word_1_714' title='bbox 1816 4404 1938 4504; x_wconf 69' lang='lat' dir='ltr'><strong>quae</strong></span> <span class='ocrx_word' id='word_1_715' title='bbox 1966 4433 2065 4490; x_wconf 71' lang='lat' dir='ltr'><strong>dict</strong></span> 
     </span>
    </p>
   </div>
   <div class='ocr_carea' id='block_1_89' title="bbox 2220 4404 3750 4508">
    <p class='ocr_par' dir='ltr' id='par_1_89' title="bbox 2220 4404 3750 4508">
     <span class='ocr_line' id='line_1_89' title="bbox 2220 4404 3750 4508; baseline 0.002 -24"><span class='ocrx_word' id='word_1_716' title='bbox 2220 4429 2300 4500; x_wconf 85' lang='grc' dir='ltr'>τῷ</span> <span class='ocrx_word' id='word_1_717' title='bbox 2332 4429 2493 4501; x_wconf 82' lang='grc' dir='ltr'>λόγῳ,</span> <span class='ocrx_word' id='word_1_718' title='bbox 2519 4430 2845 4501; x_wconf 85' lang='grc' dir='ltr'>πάμπληθες</span> <span class='ocrx_word' id='word_1_719' title='bbox 2887 4432 2995 4485; x_wconf 90' lang='grc' dir='ltr'><strong>τῶν</strong></span> <span class='ocrx_word' id='word_1_720' title='bbox 3027 4404 3331 4505; x_wconf 74' lang='grc' dir='ltr'>είρημένων</span> <span class='ocrx_word' id='word_1_721' title='bbox 3369 4404 3511 4492; x_wconf 82' lang='grc' dir='ltr'><strong>κατά</strong></span> <span class='ocrx_word' id='word_1_722' title='bbox 3534 4439 3590 4491; x_wconf 84' lang='grc' dir='ltr'>τὸ</span> <span class='ocrx_word' id='word_1_723' title='bbox 3619 4404 3750 4508; x_wconf 52' lang='grc' dir='ltr'>μεταλ</span> 
     </span>
    </p>
   </div>
   <div class='ocr_carea' id='block_1_90' title="bbox 535 4521 2065 4598">
    <p class='ocr_par' dir='ltr' id='par_1_90' title="bbox 535 4521 2065 4595">
     <span class='ocr_line' id='line_1_90' title="bbox 535 4521 2065 4595; baseline -0.001 -15"><span class='ocrx_word' id='word_1_724' title='bbox 535 4532 665 4581; x_wconf 86' lang='lat' dir='ltr'><strong>sunt</strong></span> <span class='ocrx_word' id='word_1_725' title='bbox 704 4525 998 4593; x_wconf 92' lang='lat' dir='ltr'><strong>plurimum</strong></span> <span class='ocrx_word' id='word_1_726' title='bbox 1053 4522 1409 4578; x_wconf 83' lang='lat' dir='ltr'><strong>antecellunt.</strong></span> <span class='ocrx_word' id='word_1_727' title='bbox 1468 4521 1679 4588; x_wconf 84' lang='lat' dir='ltr'><strong>Honor,</strong></span> <span class='ocrx_word' id='word_1_728' title='bbox 1731 4525 1977 4595; x_wconf 88' lang='lat' dir='ltr'><strong>inquam,</strong></span> <span class='ocrx_word' id='word_1_729' title='bbox 2020 4541 2065 4595; x_wconf 88' lang='lat' dir='ltr'><strong>p:</strong></span> 
     </span>
    </p>
   </div>
   <div class='ocr_carea' id='block_1_91' title="bbox 2220 4521 3750 4598">
    <p class='ocr_par' dir='ltr' id='par_1_91' title="bbox 2220 4522 3750 4598">
     <span class='ocr_line' id='line_1_91' title="bbox 2220 4522 3750 4598; baseline 0.001 -23"><span class='ocrx_word' id='word_1_730' title='bbox 2220 4522 2355 4577; x_wconf 88' lang='grc' dir='ltr'>λεῖον</span> <span class='ocrx_word' id='word_1_731' title='bbox 2384 4522 2704 4593; x_wconf 82' lang='grc' dir='ltr'>προέχοντα.</span> <span class='ocrx_word' id='word_1_732' title='bbox 2744 4523 2906 4591; x_wconf 85' lang='grc' dir='ltr'>Λέγω</span> <span class='ocrx_word' id='word_1_733' title='bbox 2933 4523 2997 4594; x_wconf 83' lang='grc' dir='ltr'>δὴ</span> <span class='ocrx_word' id='word_1_734' title='bbox 3019 4524 3121 4596; x_wconf 84' lang='grc' dir='ltr'>τὴν</span> <span class='ocrx_word' id='word_1_735' title='bbox 3156 4526 3291 4597; x_wconf 84' lang='grc' dir='ltr'>πρὸς</span> <span class='ocrx_word' id='word_1_736' title='bbox 3323 4528 3586 4597; x_wconf 81' lang='grc' dir='ltr'>ἀγγέλους</span> <span class='ocrx_word' id='word_1_737' title='bbox 3609 4530 3750 4598; x_wconf 78' lang='grc' dir='ltr'>ὁμοτι-</span> 
     </span>
    </p>
   </div>
   <div class='ocr_carea' id='block_1_92' title="bbox 536 4612 2066 4691">
    <p class='ocr_par' dir='ltr' id='par_1_92' title="bbox 536 4612 2066 4687">
     <span class='ocr_line' id='line_1_92' title="bbox 536 4612 2066 4687; baseline 0.002 -19"><span class='ocrx_word' id='word_1_738' title='bbox 536 4615 768 4684; x_wconf 84' lang='lat' dir='ltr'><strong>angelis,</strong></span> <span class='ocrx_word' id='word_1_739' title='bbox 796 4613 936 4684; x_wconf 88' lang='lat' dir='ltr'><strong>apud</strong></span> <span class='ocrx_word' id='word_1_740' title='bbox 966 4612 1134 4687; x_wconf 83' lang='lat' dir='ltr'><strong>Deum</strong></span> <span class='ocrx_word' id='word_1_741' title='bbox 1166 4613 1519 4681; x_wconf 83' lang='lat' dir='ltr'><strong>conﬁdentia,</strong></span> <span class='ocrx_word' id='word_1_742' title='bbox 1545 4616 2066 4684; x_wconf 67' lang='lat' dir='ltr'><strong>supermundanorul</strong></span> 
     </span>
    </p>
   </div>
   <div class='ocr_carea' id='block_1_93' title="bbox 2217 4612 3747 4691">
    <p class='ocr_par' dir='ltr' id='par_1_93' title="bbox 2217 4612 3747 4691">
     <span class='ocr_line' id='line_1_93' title="bbox 2217 4612 3747 4691; baseline 0.001 -26"><span class='ocrx_word' id='word_1_743' title='bbox 2217 4614 2369 4685; x_wconf 88' lang='grc' dir='ltr'>μίαν,</span> <span class='ocrx_word' id='word_1_744' title='bbox 2392 4613 2492 4684; x_wconf 80' lang='grc' dir='ltr'>τὴν</span> <span class='ocrx_word' id='word_1_745' title='bbox 2511 4614 2605 4666; x_wconf 72' lang='grc' dir='ltr'>ἐπὶ</span> <span class='ocrx_word' id='word_1_746' title='bbox 2631 4612 2767 4667; x_wconf 81' lang='grc' dir='ltr'>Θεοῦ</span> <span class='ocrx_word' id='word_1_747' title='bbox 2798 4616 3132 4686; x_wconf 75' lang='grc' dir='ltr'>παρρησίαν,</span> <span class='ocrx_word' id='word_1_748' title='bbox 3154 4616 3253 4688; x_wconf 85' lang='grc' dir='ltr'>τὴν</span> <span class='ocrx_word' id='word_1_749' title='bbox 3270 4616 3377 4669; x_wconf 88' lang='grc' dir='ltr'><strong>τῶν</strong></span> <span class='ocrx_word' id='word_1_750' title='bbox 3398 4619 3503 4672; x_wconf 79' lang='grc' dir='ltr'><strong>ὑπε</strong></span> <span class='ocrx_word' id='word_1_751' title='bbox 3513 4616 3747 4691; x_wconf 80' lang='grc' dir='ltr'>ρκοσμίων</span> 
     </span>
    </p>
   </div>
   <div class='ocr_carea' id='block_1_94' title="bbox 535 4701 2065 4781">
    <p class='ocr_par' dir='ltr' id='par_1_94' title="bbox 535 4701 2065 4777">
     <span class='ocr_line' id='line_1_94' title="bbox 535 4701 2065 4777; baseline 0.003 -19"><span class='ocrx_word' id='word_1_752' title='bbox 535 4703 808 4758; x_wconf 88' lang='lat' dir='ltr'><strong>bonorum</strong></span> <span class='ocrx_word' id='word_1_753' title='bbox 834 4704 1245 4773; x_wconf 88' lang='lat' dir='ltr'><strong>contemplatio,</strong></span> <span class='ocrx_word' id='word_1_754' title='bbox 1273 4701 1532 4758; x_wconf 73' lang='lat' dir='ltr'><strong>ineffabili</strong></span> <span class='ocrx_word' id='word_1_755' title='bbox 1560 4706 1733 4759; x_wconf 63' lang='lat' dir='ltr'><strong>beatae</strong></span> <span class='ocrx_word' id='word_1_756' title='bbox 1759 4713 1969 4762; x_wconf 65' lang='lat' dir='ltr'><strong>natura;</strong></span> <span class='ocrx_word' id='word_1_757' title='bbox 1998 4723 2065 4777; x_wconf 93' lang='lat' dir='ltr'><strong>pu</strong></span> 
     </span>
    </p>
   </div>
   <div class='ocr_carea' id='block_1_95' title="bbox 2218 4701 3748 4781">
    <p class='ocr_par' dir='ltr' id='par_1_95' title="bbox 2218 4703 3748 4781">
     <span class='ocr_line' id='line_1_95' title="bbox 2218 4703 3748 4781; baseline 0.001 -23"><span class='ocrx_word' id='word_1_758' title='bbox 2218 4704 2434 4773; x_wconf 85' lang='grc' dir='ltr'>ἀγαθῶν</span> <span class='ocrx_word' id='word_1_759' title='bbox 2463 4703 2720 4777; x_wconf 87' lang='grc' dir='ltr'>θεωρίαν,</span> <span class='ocrx_word' id='word_1_760' title='bbox 2755 4704 2816 4758; x_wconf 84' lang='grc' dir='ltr'>τὸ</span> <span class='ocrx_word' id='word_1_761' title='bbox 2848 4706 2926 4777; x_wconf 86' lang='grc' dir='ltr'>τῷ</span> <span class='ocrx_word' id='word_1_762' title='bbox 2968 4706 3233 4779; x_wconf 82' lang='grc' dir='ltr'>ἀφράστῳ</span> <span class='ocrx_word' id='word_1_763' title='bbox 3266 4707 3450 4762; x_wconf 84' lang='grc' dir='ltr'>κάλλει</span> <span class='ocrx_word' id='word_1_764' title='bbox 3481 4711 3579 4781; x_wconf 84' lang='grc' dir='ltr'><strong>τῆς</strong></span> <span class='ocrx_word' id='word_1_765' title='bbox 3607 4723 3748 4780; x_wconf 80' lang='grc' dir='ltr'>μακα-</span> 
     </span>
    </p>
   </div>
   <div class='ocr_carea' id='block_1_96' title="bbox 536 4793 2066 4866">
    <p class='ocr_par' dir='ltr' id='par_1_96' title="bbox 536 4795 2066 4865">
     <span class='ocr_line' id='line_1_96' title="bbox 536 4795 2066 4865; baseline 0.003 -16"><span class='ocrx_word' id='word_1_766' title='bbox 536 4795 848 4850; x_wconf 89' lang='lat' dir='ltr'><strong>chritudine</strong></span> <span class='ocrx_word' id='word_1_767' title='bbox 887 4810 989 4850; x_wconf 89' lang='lat' dir='ltr'><strong>nos</strong></span> <span class='ocrx_word' id='word_1_768' title='bbox 1025 4810 1245 4865; x_wconf 86' lang='lat' dir='ltr'><strong>quoque</strong></span> <span class='ocrx_word' id='word_1_769' title='bbox 1296 4796 1604 4859; x_wconf 78' lang='lat' dir='ltr'><strong>lionestari,</strong></span> <span class='ocrx_word' id='word_1_770' title='bbox 1653 4797 1708 4850; x_wconf 92' lang='lat' dir='ltr'><strong>in</strong></span> <span class='ocrx_word' id='word_1_771' title='bbox 1742 4798 1903 4853; x_wconf 87' lang='lat' dir='ltr'><strong>nobis</strong></span> <span class='ocrx_word' id='word_1_772' title='bbox 1930 4809 2066 4854; x_wconf 75' lang='lat' dir='ltr'><strong>oste:</strong></span> 
     </span>
    </p>
   </div>
   <div class='ocr_carea' id='block_1_97' title="bbox 2218 4793 3748 4866">
    <p class='ocr_par' dir='ltr' id='par_1_97' title="bbox 2219 4793 3748 4866">
     <span class='ocr_line' id='line_1_97' title="bbox 2219 4793 3748 4866; baseline 0.005 -20"><span class='ocrx_word' id='word_1_773' title='bbox 2219 4794 2338 4865; x_wconf 86' lang='grc' dir='ltr'>ρίας</span> <span class='ocrx_word' id='word_1_774' title='bbox 2401 4793 2615 4862; x_wconf 85' lang='grc' dir='ltr'>φύσεως</span> <span class='ocrx_word' id='word_1_775' title='bbox 2663 4793 2755 4846; x_wconf 70' lang='grc' dir='ltr'>καὶ</span> <span class='ocrx_word' id='word_1_776' title='bbox 2804 4795 2951 4864; x_wconf 75' lang='grc' dir='ltr'>ἡμᾶς</span> <span class='ocrx_word' id='word_1_777' title='bbox 2999 4796 3350 4866; x_wconf 78' lang='grc' dir='ltr'>ὡραῖζεσθαι,</span> <span class='ocrx_word' id='word_1_778' title='bbox 3376 4798 3677 4859; x_wconf 81' lang='grc' dir='ltr'>δεικνύντας</span> <span class='ocrx_word' id='word_1_779' title='bbox 3706 4798 3748 4846; x_wconf 83' lang='grc' dir='ltr'><strong>ὲν</strong></span> 
     </span>
    </p>
   </div>
   <div class='ocr_carea' id='block_1_98' title="bbox 534 4884 2064 4960">
    <p class='ocr_par' dir='ltr' id='par_1_98' title="bbox 534 4886 2064 4956">
     <span class='ocr_line' id='line_1_98' title="bbox 534 4886 2064 4956; baseline 0.001 -15"><span class='ocrx_word' id='word_1_780' title='bbox 534 4887 717 4943; x_wconf 85' lang='lat' dir='ltr'><strong>dendo</strong></span> <span class='ocrx_word' id='word_1_781' title='bbox 745 4886 989 4942; x_wconf 89' lang='lat' dir='ltr'><strong>divinam</strong></span> <span class='ocrx_word' id='word_1_782' title='bbox 1022 4886 1313 4956; x_wconf 84' lang='lat' dir='ltr'><strong>imaginem</strong></span> <span class='ocrx_word' id='word_1_783' title='bbox 1345 4887 1400 4940; x_wconf 91' lang='lat' dir='ltr'><strong>in</strong></span> <span class='ocrx_word' id='word_1_784' title='bbox 1426 4886 1622 4941; x_wconf 67' lang='lat' dir='ltr'><strong>animae</strong></span> <span class='ocrx_word' id='word_1_785' title='bbox 1642 4888 1842 4943; x_wconf 89' lang='lat' dir='ltr'><strong>decore</strong></span> <span class='ocrx_word' id='word_1_786' title='bbox 1871 4890 2064 4945; x_wconf 82' lang='lat' dir='ltr'><strong>relucei</strong></span> 
     </span>
    </p>
   </div>
   <div class='ocr_carea' id='block_1_99' title="bbox 2217 4884 3747 4960">
    <p class='ocr_par' dir='ltr' id='par_1_99' title="bbox 2217 4884 3747 4960">
     <span class='ocr_line' id='line_1_99' title="bbox 2217 4884 3747 4960; baseline 0 -22"><span class='ocrx_word' id='word_1_787' title='bbox 2217 4885 2420 4949; x_wconf 82' lang='grc' dir='ltr'>ἐαυτοῖς</span> <span class='ocrx_word' id='word_1_788' title='bbox 2449 4884 2545 4955; x_wconf 80' lang='grc' dir='ltr'>τὴν</span> <span class='ocrx_word' id='word_1_789' title='bbox 2577 4884 2724 4939; x_wconf 86' lang='grc' dir='ltr'>θείαν</span> <span class='ocrx_word' id='word_1_790' title='bbox 2755 4886 2939 4939; x_wconf 77' lang='grc' dir='ltr'>εἰκόνα</span> <span class='ocrx_word' id='word_1_791' title='bbox 2968 4889 3033 4958; x_wconf 81' lang='grc' dir='ltr'><strong>τῇ</strong></span> <span class='ocrx_word' id='word_1_792' title='bbox 3056 4886 3173 4959; x_wconf 81' lang='grc' dir='ltr'>ὥρᾳ</span> <span class='ocrx_word' id='word_1_793' title='bbox 3197 4887 3298 4956; x_wconf 85' lang='grc' dir='ltr'>τῆς</span> <span class='ocrx_word' id='word_1_794' title='bbox 3325 4890 3505 4960; x_wconf 78' lang='grc' dir='ltr'>ψυχῆς</span> <span class='ocrx_word' id='word_1_795' title='bbox 3532 4887 3747 4945; x_wconf 76' lang='grc' dir='ltr'>ἀποστίλ-</span> 
     </span>
    </p>
   </div>
   <div class='ocr_carea' id='block_1_100' title="bbox 534 4972 2064 5052">
    <p class='ocr_par' dir='ltr' id='par_1_100' title="bbox 534 4978 2060 5047">
     <span class='ocr_line' id='line_1_100' title="bbox 534 4978 2060 5047; baseline -0.001 -12"><span class='ocrx_word' id='word_1_796' title='bbox 534 4990 661 5035; x_wconf 91' lang='lat' dir='ltr'><strong>tem.</strong></span> <span class='ocrx_word' id='word_1_797' title='bbox 689 4979 782 5033; x_wconf 91' lang='lat' dir='ltr'><strong>Illa</strong></span> <span class='ocrx_word' id='word_1_798' title='bbox 813 4986 993 5033; x_wconf 89' lang='lat' dir='ltr'><strong>autem</strong></span> <span class='ocrx_word' id='word_1_799' title='bbox 1029 4993 1150 5047; x_wconf 73' lang='lat' dir='ltr'><strong>quae</strong></span> <span class='ocrx_word' id='word_1_800' title='bbox 1182 4979 1234 5032; x_wconf 92' lang='lat' dir='ltr'><strong>in</strong></span> <span class='ocrx_word' id='word_1_801' title='bbox 1262 4992 1451 5032; x_wconf 91' lang='lat' dir='ltr'><strong>eorum</strong></span> <span class='ocrx_word' id='word_1_802' title='bbox 1488 4978 1667 5032; x_wconf 91' lang='lat' dir='ltr'><strong>locum</strong></span> <span class='ocrx_word' id='word_1_803' title='bbox 1700 4993 2060 5035; x_wconf 68' lang='lat' dir='ltr'><strong>successerunt</strong></span> 
     </span>
    </p>
   </div>
   <div class='ocr_carea' id='block_1_101' title="bbox 2215 4972 3745 5052">
    <p class='ocr_par' dir='ltr' id='par_1_101' title="bbox 2215 4972 3745 5052">
     <span class='ocr_line' id='line_1_101' title="bbox 2215 4972 3745 5052; baseline 0.001 -23"><span class='ocrx_word' id='word_1_804' title='bbox 2215 4976 2430 5031; x_wconf 76' lang='grc' dir='ltr'>ὗουσαν.</span> <span class='ocrx_word' id='word_1_805' title='bbox 2467 4976 2547 5029; x_wconf 82' lang='grc' dir='ltr'><strong>Τὰ</strong></span> <span class='ocrx_word' id='word_1_806' title='bbox 2572 4976 2627 5030; x_wconf 86' lang='grc' dir='ltr'>δὲ</span> <span class='ocrx_word' id='word_1_807' title='bbox 2653 4977 2767 5031; x_wconf 84' lang='grc' dir='ltr'>ἀντ’</span> <span class='ocrx_word' id='word_1_808' title='bbox 2794 4977 3038 5042; x_wconf 72' lang='grc' dir='ltr'>ἐκείνων,</span> <span class='ocrx_word' id='word_1_809' title='bbox 3058 4972 3145 5032; x_wconf 78' lang='grc' dir='ltr'>οἷα</span> <span class='ocrx_word' id='word_1_810' title='bbox 3161 4981 3188 5031; x_wconf 91' lang='lat'><strong>6</strong></span> <span class='ocrx_word' id='word_1_811' title='bbox 3208 4982 3439 5052; x_wconf 80' lang='grc' dir='ltr'>πονηρὸς</span> <span class='ocrx_word' id='word_1_812' title='bbox 3470 4984 3578 5039; x_wconf 87' lang='grc' dir='ltr'><strong>τῶν</strong></span> <span class='ocrx_word' id='word_1_813' title='bbox 3601 4980 3745 5046; x_wconf 78' lang='grc' dir='ltr'>παθη-</span> 
     </span>
    </p>
   </div>
   <div class='ocr_carea' id='block_1_102' title="bbox 531 5067 2061 5144">
    <p class='ocr_par' dir='ltr' id='par_1_102' title="bbox 531 5070 2061 5141">
     <span class='ocr_line' id='line_1_102' title="bbox 531 5070 2061 5141; baseline -0.004 -14"><span class='ocrx_word' id='word_1_814' title='bbox 531 5081 660 5129; x_wconf 88' lang='lat' dir='ltr'><strong>sunt</strong></span> <span class='ocrx_word' id='word_1_815' title='bbox 696 5080 959 5141; x_wconf 87' lang='lat' dir='ltr'><strong>tanquam</strong></span> <span class='ocrx_word' id='word_1_816' title='bbox 994 5070 1302 5140; x_wconf 90' lang='lat' dir='ltr'><strong>improbum</strong></span> <span class='ocrx_word' id='word_1_817' title='bbox 1350 5084 1578 5124; x_wconf 83' lang='lat' dir='ltr'><strong>examen</strong></span> <span class='ocrx_word' id='word_1_818' title='bbox 1617 5070 2016 5135; x_wconf 85' lang='lat' dir='ltr'><strong>calamitatum,</strong></span> <span class='ocrx_word' id='word_1_819' title='bbox 2054 5092 2061 5121; x_wconf 76' lang='grc'><strong><em>4</em></strong></span> 
     </span>
    </p>
   </div>
   <div class='ocr_carea' id='block_1_103' title="bbox 2214 5067 3744 5144">
    <p class='ocr_par' dir='ltr' id='par_1_103' title="bbox 2214 5067 3744 5144">
     <span class='ocr_line' id='line_1_103' title="bbox 2214 5067 3744 5144; baseline 0.001 -23"><span class='ocrx_word' id='word_1_820' title='bbox 2214 5068 2393 5137; x_wconf 85' lang='grc' dir='ltr'>μάτων</span> <span class='ocrx_word' id='word_1_821' title='bbox 2423 5067 2611 5138; x_wconf 84' lang='grc' dir='ltr'>ἐσμὸς,</span> <span class='ocrx_word' id='word_1_822' title='bbox 2666 5068 2700 5138; x_wconf 80' lang='grc' dir='ltr'><strong>ἡ</strong></span> <span class='ocrx_word' id='word_1_823' title='bbox 2734 5069 2879 5139; x_wconf 84' lang='grc' dir='ltr'>κακὴ</span> <span class='ocrx_word' id='word_1_824' title='bbox 2912 5068 3021 5122; x_wconf 87' lang='grc' dir='ltr'><strong>τῶν</strong></span> <span class='ocrx_word' id='word_1_825' title='bbox 3058 5069 3318 5143; x_wconf 82' lang='grc' dir='ltr'>λυπηρῶν</span> <span class='ocrx_word' id='word_1_826' title='bbox 3361 5074 3587 5144; x_wconf 81' lang='grc' dir='ltr'>σφηκία.</span> <span class='ocrx_word' id='word_1_827' title='bbox 3619 5074 3675 5125; x_wconf 82' lang='grc' dir='ltr'>Τί</span> <span class='ocrx_word' id='word_1_828' title='bbox 3697 5071 3744 5123; x_wconf 79' lang='grc' dir='ltr'>ἂν</span> 
     </span>
    </p>
   </div>
   <div class='ocr_carea' id='block_1_104' title="bbox 529 5158 2059 5235">
    <p class='ocr_par' dir='ltr' id='par_1_104' title="bbox 529 5161 2059 5230">
     <span class='ocr_line' id='line_1_104' title="bbox 529 5161 2059 5230; baseline -0.003 -11"><span class='ocrx_word' id='word_1_829' title='bbox 529 5163 908 5220; x_wconf 89' lang='lat' dir='ltr'><strong>molestiarum</strong></span> <span class='ocrx_word' id='word_1_830' title='bbox 972 5161 1113 5215; x_wconf 86' lang='lat' dir='ltr'><strong>mala</strong></span> <span class='ocrx_word' id='word_1_831' title='bbox 1186 5168 1446 5229; x_wconf 89' lang='lat' dir='ltr'><strong>tanquam</strong></span> <span class='ocrx_word' id='word_1_832' title='bbox 1515 5174 1804 5230; x_wconf 85' lang='lat' dir='ltr'><strong>vesparum</strong></span> <span class='ocrx_word' id='word_1_833' title='bbox 1862 5169 2059 5216; x_wconf 84' lang='lat' dir='ltr'><strong>caterv:</strong></span> 
     </span>
    </p>
   </div>
   <div class='ocr_carea' id='block_1_105' title="bbox 2214 5158 3744 5235">
    <p class='ocr_par' dir='ltr' id='par_1_105' title="bbox 2214 5158 3744 5235">
     <span class='ocr_line' id='line_1_105' title="bbox 2214 5158 3744 5235; baseline 0.001 -23"><span class='ocrx_word' id='word_1_834' title='bbox 2214 5176 2288 5222; x_wconf 82' lang='grc' dir='ltr'><strong>τις</strong></span> <span class='ocrx_word' id='word_1_835' title='bbox 2317 5158 2532 5228; x_wconf 86' lang='grc' dir='ltr'>πρῶτον</span> <span class='ocrx_word' id='word_1_836' title='bbox 2548 5159 2678 5231; x_wconf 80' lang='grc' dir='ltr'>είπῃ</span> <span class='ocrx_word' id='word_1_837' title='bbox 2709 5158 2816 5213; x_wconf 88' lang='grc' dir='ltr'><strong>τῶν</strong></span> <span class='ocrx_word' id='word_1_838' title='bbox 2846 5160 2941 5214; x_wconf 91' lang='grc' dir='ltr'><strong>τοῦ</strong></span> <span class='ocrx_word' id='word_1_839' title='bbox 2996 5161 3111 5231; x_wconf 85' lang='grc' dir='ltr'>βίου</span> <span class='ocrx_word' id='word_1_840' title='bbox 3141 5162 3365 5229; x_wconf 67' lang='lat' dir='ltr'><strong>nchna;</strong></span> <span class='ocrx_word' id='word_1_841' title='bbox 3393 5164 3577 5218; x_wconf 83' lang='grc' dir='ltr'>Πάντα</span> <span class='ocrx_word' id='word_1_842' title='bbox 3596 5165 3744 5235; x_wconf 82' lang='grc' dir='ltr'>ὁμοτί-</span> 
     </span>
    </p>
   </div>
   <div class='ocr_carea' id='block_1_106' title="bbox 527 5248 2057 5325">
    <p class='ocr_par' dir='ltr' id='par_1_106' title="bbox 527 5249 2057 5321">
     <span class='ocr_line' id='line_1_106' title="bbox 527 5249 2057 5321; baseline -0.002 -13"><span class='ocrx_word' id='word_1_843' title='bbox 527 5255 799 5321; x_wconf 86' lang='lat' dir='ltr'><strong>Quidnam</strong></span> <span class='ocrx_word' id='word_1_844' title='bbox 839 5270 906 5309; x_wconf 81' lang='lat' dir='ltr'><strong>ex</strong></span> <span class='ocrx_word' id='word_1_845' title='bbox 953 5253 1078 5307; x_wconf 83' lang='lat' dir='ltr'><strong>vitae</strong></span> <span class='ocrx_word' id='word_1_846' title='bbox 1110 5252 1273 5305; x_wconf 89' lang='lat' dir='ltr'><strong>malis</strong></span> <span class='ocrx_word' id='word_1_847' title='bbox 1311 5251 1544 5319; x_wconf 88' lang='lat' dir='ltr'><strong>primum</strong></span> <span class='ocrx_word' id='word_1_848' title='bbox 1589 5250 1878 5305; x_wconf 83' lang='lat' dir='ltr'><strong>dicemus?</strong></span> <span class='ocrx_word' id='word_1_849' title='bbox 1909 5249 2057 5306; x_wconf 84' lang='lat' dir='ltr'><strong>Omni</strong></span> 
     </span>
    </p>
   </div>
   <div class='ocr_carea' id='block_1_107' title="bbox 2210 5248 3740 5325">
    <p class='ocr_par' dir='ltr' id='par_1_107' title="bbox 2210 5248 3740 5325">
     <span class='ocr_line' id='line_1_107' title="bbox 2210 5248 3740 5325; baseline 0.003 -24"><span class='ocrx_word' id='word_1_850' title='bbox 2210 5265 2326 5317; x_wconf 87' lang='grc' dir='ltr'><strong>μως</strong></span> <span class='ocrx_word' id='word_1_851' title='bbox 2376 5249 2490 5319; x_wconf 78' lang='grc' dir='ltr'>ἔχει</span> <span class='ocrx_word' id='word_1_852' title='bbox 2526 5248 2663 5320; x_wconf 85' lang='grc' dir='ltr'>πρὸς</span> <span class='ocrx_word' id='word_1_853' title='bbox 2706 5249 2933 5319; x_wconf 75' lang='grc' dir='ltr'>ἄλληλα,</span> <span class='ocrx_word' id='word_1_854' title='bbox 2979 5252 3155 5305; x_wconf 86' lang='grc' dir='ltr'>πάντα</span> <span class='ocrx_word' id='word_1_855' title='bbox 3196 5255 3740 5325; x_wconf 71' lang='grc' dir='ltr'>προτερεύειταῖςτών</span> 
     </span>
    </p>
   </div>
   <div class='ocr_carea' id='block_1_108' title="bbox 527 5337 2057 5417">
    <p class='ocr_par' dir='ltr' id='par_1_108' title="bbox 527 5341 2057 5412">
     <span class='ocr_line' id='line_1_108' title="bbox 527 5341 2057 5412; baseline -0.003 -13"><span class='ocrx_word' id='word_1_856' title='bbox 527 5347 775 5400; x_wconf 90' lang='lat' dir='ltr'><strong>eumdem</strong></span> <span class='ocrx_word' id='word_1_857' title='bbox 820 5344 1052 5398; x_wconf 87' lang='lat' dir='ltr'><strong>honoris</strong></span> <span class='ocrx_word' id='word_1_858' title='bbox 1085 5342 1312 5412; x_wconf 86' lang='lat' dir='ltr'><strong>gradum</strong></span> <span class='ocrx_word' id='word_1_859' title='bbox 1350 5341 1491 5394; x_wconf 86' lang='lat' dir='ltr'><strong>inter</strong></span> <span class='ocrx_word' id='word_1_860' title='bbox 1534 5356 1594 5396; x_wconf 88' lang='lat' dir='ltr'><strong>se</strong></span> <span class='ocrx_word' id='word_1_861' title='bbox 1620 5342 1886 5405; x_wconf 87' lang='lat' dir='ltr'><strong>obtinent,</strong></span> <span class='ocrx_word' id='word_1_862' title='bbox 1919 5342 2057 5395; x_wconf 85' lang='lat' dir='ltr'><strong>omni</strong></span> 
     </span>
    </p>
   </div>
   <div class='ocr_carea' id='block_1_109' title="bbox 2212 5337 3742 5417">
    <p class='ocr_par' dir='ltr' id='par_1_109' title="bbox 2212 5337 3742 5417">
     <span class='ocr_line' id='line_1_109' title="bbox 2212 5337 3742 5417; baseline 0.002 -26"><span class='ocrx_word' id='word_1_863' title='bbox 2212 5337 2391 5391; x_wconf 83' lang='grc' dir='ltr'>κακῶν</span> <span class='ocrx_word' id='word_1_864' title='bbox 2420 5337 2650 5408; x_wconf 78' lang='grc' dir='ltr'>ἐξοχαῖς,</span> <span class='ocrx_word' id='word_1_865' title='bbox 2684 5340 2862 5393; x_wconf 82' lang='grc' dir='ltr'>πάντα</span> <span class='ocrx_word' id='word_1_866' title='bbox 2896 5340 3004 5394; x_wconf 84' lang='grc' dir='ltr'><strong>τῶν</strong></span> <span class='ocrx_word' id='word_1_867' title='bbox 3039 5344 3165 5397; x_wconf 75' lang='grc' dir='ltr'>ἴσων</span> <span class='ocrx_word' id='word_1_868' title='bbox 3208 5343 3419 5416; x_wconf 84' lang='grc' dir='ltr'>θρήνων</span> <span class='ocrx_word' id='word_1_869' title='bbox 3450 5347 3659 5417; x_wconf 77' lang='grc' dir='ltr'>ἀφορμὴ</span> <span class='ocrx_word' id='word_1_870' title='bbox 3679 5344 3742 5411; x_wconf 75' lang='grc' dir='ltr'><strong>γε·</strong></span> 
     </span>
    </p>
   </div>
   <div class='ocr_carea' id='block_1_110' title="bbox 529 5430 2059 5507">
    <p class='ocr_par' dir='ltr' id='par_1_110' title="bbox 529 5430 2059 5505">
     <span class='ocr_line' id='line_1_110' title="bbox 529 5430 2059 5505; baseline -0.003 -18"><span class='ocrx_word' id='word_1_871' title='bbox 529 5440 733 5505; x_wconf 85' lang='lat' dir='ltr'><strong>primas</strong></span> <span class='ocrx_word' id='word_1_872' title='bbox 757 5443 942 5491; x_wconf 90' lang='lat' dir='ltr'><strong>tenent</strong></span> <span class='ocrx_word' id='word_1_873' title='bbox 972 5436 1027 5488; x_wconf 89' lang='lat' dir='ltr'><strong>in</strong></span> <span class='ocrx_word' id='word_1_874' title='bbox 1053 5433 1321 5486; x_wconf 86' lang='lat' dir='ltr'><strong>malorum</strong></span> <span class='ocrx_word' id='word_1_875' title='bbox 1362 5430 1706 5492; x_wconf 79' lang='lat' dir='ltr'><strong>excellentia,</strong></span> <span class='ocrx_word' id='word_1_876' title='bbox 1740 5431 1925 5485; x_wconf 89' lang='lat' dir='ltr'><strong>omnia</strong></span> <span class='ocrx_word' id='word_1_877' title='bbox 1957 5445 2059 5499; x_wconf 65' lang='lat' dir='ltr'><strong>pra</strong></span> 
     </span>
    </p>
   </div>
   <div class='ocr_carea' id='block_1_111' title="bbox 2208 5430 3738 5507">
    <p class='ocr_par' dir='ltr' id='par_1_111' title="bbox 2208 5430 3738 5507">
     <span class='ocr_line' id='line_1_111' title="bbox 2208 5430 3738 5507; baseline 0.007 -24"><span class='ocrx_word' id='word_1_878' title='bbox 2208 5446 2371 5484; x_wconf 84' lang='grc' dir='ltr'>νεται.</span> <span class='ocrx_word' id='word_1_879' title='bbox 2413 5430 2477 5482; x_wconf 88' lang='grc' dir='ltr'>Τί</span> <span class='ocrx_word' id='word_1_880' title='bbox 2514 5430 2716 5500; x_wconf 79' lang='grc' dir='ltr'>μᾶλλον</span> <span class='ocrx_word' id='word_1_881' title='bbox 2750 5434 2860 5504; x_wconf 83' lang='grc' dir='ltr'><strong>γάρ</strong></span> <span class='ocrx_word' id='word_1_882' title='bbox 2891 5451 2976 5496; x_wconf 89' lang='grc' dir='ltr'><strong>τις</strong></span> <span class='ocrx_word' id='word_1_883' title='bbox 3007 5434 3269 5505; x_wconf 81' lang='grc' dir='ltr'>θρηνήσει</span> <span class='ocrx_word' id='word_1_884' title='bbox 3306 5438 3407 5507; x_wconf 78' lang='grc' dir='ltr'>τῆς</span> <span class='ocrx_word' id='word_1_885' title='bbox 3442 5440 3738 5507; x_wconf 57' lang='grc' dir='ltr'>ἀθλιότητος</span> 
     </span>
    </p>
   </div>
   <div class='ocr_carea' id='block_1_112' title="bbox 528 5520 2058 5604">
    <p class='ocr_par' dir='ltr' id='par_1_112' title="bbox 528 5520 2058 5597">
     <span class='ocr_line' id='line_1_112' title="bbox 528 5520 2058 5597; baseline -0.004 -18"><span class='ocrx_word' id='word_1_886' title='bbox 528 5526 655 5581; x_wconf 72' lang='lat' dir='ltr'><strong>bent</strong></span> <span class='ocrx_word' id='word_1_887' title='bbox 678 5542 861 5597; x_wconf 89' lang='lat' dir='ltr'><strong>parem</strong></span> <span class='ocrx_word' id='word_1_888' title='bbox 895 5527 1077 5579; x_wconf 85' lang='lat' dir='ltr'><strong>luctus</strong></span> <span class='ocrx_word' id='word_1_889' title='bbox 1114 5522 1484 5578; x_wconf 84' lang='lat' dir='ltr'><strong>occasionem.</strong></span> <span class='ocrx_word' id='word_1_890' title='bbox 1516 5520 1657 5586; x_wconf 85' lang='lat' dir='ltr'><strong>Quid</strong></span> <span class='ocrx_word' id='word_1_891' title='bbox 1684 5521 1829 5576; x_wconf 84' lang='lat' dir='ltr'><strong>enim</strong></span> <span class='ocrx_word' id='word_1_892' title='bbox 1865 5521 2058 5577; x_wconf 72' lang='lat' dir='ltr'><strong>miseri:</strong></span> 
     </span>
    </p>
   </div>
   <div class='ocr_carea' id='block_1_113' title="bbox 2209 5520 3739 5604">
    <p class='ocr_par' dir='ltr' id='par_1_113' title="bbox 2209 5521 3739 5604">
     <span class='ocr_line' id='line_1_113' title="bbox 2209 5521 3739 5604; baseline 0.007 -29"><span class='ocrx_word' id='word_1_893' title='bbox 2209 5521 2372 5575; x_wconf 86' lang='grc' dir='ltr'>Πόθεν</span> <span class='ocrx_word' id='word_1_894' title='bbox 2406 5523 2566 5575; x_wconf 80' lang='grc' dir='ltr'>πλέον</span> <span class='ocrx_word' id='word_1_895' title='bbox 2601 5523 2697 5594; x_wconf 77' lang='grc' dir='ltr'>τὴν</span> <span class='ocrx_word' id='word_1_896' title='bbox 2740 5524 2899 5591; x_wconf 75' lang='grc' dir='ltr'>φύσιν</span> <span class='ocrx_word' id='word_1_897' title='bbox 2938 5527 3367 5601; x_wconf 68' lang='grc' dir='ltr'>ἀπολοφύρηται,</span> <span class='ocrx_word' id='word_1_898' title='bbox 3399 5532 3458 5585; x_wconf 82' lang='grc' dir='ltr'>τὸ</span> <span class='ocrx_word' id='word_1_899' title='bbox 3489 5530 3739 5604; x_wconf 78' lang='grc' dir='ltr'>ὠκύμορσν</span> 
     </span>
    </p>
   </div>
   <div class='ocr_carea' id='block_1_114' title="bbox 604 5702 2134 5780">
    <p class='ocr_par' dir='ltr' id='par_1_114' title="bbox 604 5702 2134 5773">
     <span class='ocr_line' id='line_1_114' title="bbox 604 5702 2134 5773; baseline 0 -14"><span class='ocrx_word' id='word_1_900' title='bbox 604 5708 644 5740; x_wconf 70' lang='grc'><strong>⁸⁸</strong></span> <span class='ocrx_word' id='word_1_901' title='bbox 675 5706 822 5760; x_wconf 85' lang='lat' dir='ltr'><strong>llier.</strong></span> <span class='ocrx_word' id='word_1_902' title='bbox 860 5720 898 5772; x_wconf 86' lang='grc' dir='ltr'><strong>ι,</strong></span> <span class='ocrx_word' id='word_1_903' title='bbox 936 5704 1022 5756; x_wconf 66' lang='lat'><strong>10.</strong></span> <span class='ocrx_word' id='word_1_904' title='bbox 1098 5706 1141 5738; x_wconf 64' lang='grc' dir='ltr'><strong>’δ</strong></span> <span class='ocrx_word' id='word_1_905' title='bbox 1184 5705 1365 5759; x_wconf 87' lang='lat' dir='ltr'><strong>lCor.</strong></span> <span class='ocrx_word' id='word_1_906' title='bbox 1424 5720 1503 5771; x_wconf 84' lang='lat' dir='ltr'><strong>Ill,</strong></span> <span class='ocrx_word' id='word_1_907' title='bbox 1546 5704 1609 5760; x_wconf 82' lang='grc'><strong>10</strong></span> <span class='ocrx_word' id='word_1_908' title='bbox 1664 5719 1785 5773; x_wconf 84' lang='lat' dir='ltr'><strong>sqq.</strong></span> <span class='ocrx_word' id='word_1_909' title='bbox 1864 5704 1908 5736; x_wconf 73' lang='lat'><strong>9‘</strong></span> <span class='ocrx_word' id='word_1_910' title='bbox 1948 5703 1990 5757; x_wconf 87' lang='lat' dir='ltr'><strong>ll</strong></span> <span class='ocrx_word' id='word_1_911' title='bbox 2041 5702 2134 5759; x_wconf 75' lang='lat' dir='ltr'><strong>C01</strong></span> 
     </span>
    </p>
   </div>
   <div class='ocr_carea' id='block_1_115' title="bbox 1421 5702 2951 5780">
    <p class='ocr_par' dir='ltr' id='par_1_115' title="bbox 1424 5702 2951 5780">
     <span class='ocr_line' id='line_1_115' title="bbox 1424 5702 2951 5780; baseline 0.004 -23"><span class='ocrx_word' id='word_1_912' title='bbox 1424 5720 1503 5771; x_wconf 86' lang='lat' dir='ltr'><strong>Ill,</strong></span> <span class='ocrx_word' id='word_1_913' title='bbox 1546 5704 1609 5760; x_wconf 81' lang='grc'><strong>10</strong></span> <span class='ocrx_word' id='word_1_914' title='bbox 1664 5719 1785 5773; x_wconf 84' lang='lat' dir='ltr'><strong>sqq.</strong></span> <span class='ocrx_word' id='word_1_915' title='bbox 1864 5704 1908 5736; x_wconf 75' lang='lat'><strong>9‘</strong></span> <span class='ocrx_word' id='word_1_916' title='bbox 1948 5703 1990 5757; x_wconf 87' lang='lat' dir='ltr'><strong>ll</strong></span> <span class='ocrx_word' id='word_1_917' title='bbox 2041 5702 2168 5759; x_wconf 88' lang='lat' dir='ltr'><strong>Cor.</strong></span> <span class='ocrx_word' id='word_1_918' title='bbox 2222 5720 2299 5774; x_wconf 79' lang='lat' dir='ltr'><strong>Vl,</strong></span> <span class='ocrx_word' id='word_1_919' title='bbox 2347 5707 2434 5761; x_wconf 76' lang='lat' dir='ltr'><strong>N.</strong></span> <span class='ocrx_word' id='word_1_920' title='bbox 2511 5707 2781 5780; x_wconf 39' lang='lat' dir='ltr'><strong>&quot;-Matth.</strong></span> <span class='ocrx_word' id='word_1_921' title='bbox 2817 5725 2869 5775; x_wconf 71' lang='grc' dir='ltr'>ι’,</span> <span class='ocrx_word' id='word_1_922' title='bbox 2904 5711 2951 5763; x_wconf 80' lang='grc'>5.</span> 
     </span>
    </p>
   </div>
  </div>
