3874 6366
134 347 245 404 709

1229 339 1296 395 IN
1340 334 1876 394 ECCLESIASTEN.
1920 333 2205 390 HOMILIA
2245 333 2332 389 Vl.

3285 324 3386 380 7l0

135 458 236 526 τῆς
266 453 432 524 ζωῆς,
461 451 522 503 τὸ
556 449 831 512 ἐπίπονον,
860 446 920 501 τὸ
941 446 1050 500 ἀπὸ
1063 445 1314 518 δακρύων
1339 445 1603 515 ἄρχεσθαι
1619 444 1713 499 καὶ

1822 442 1991 513 magis
2023 441 2272 507 deﬂebis,
2304 449 2360 496 et
2407 454 2515 511 qua
2548 454 2614 495 ex
2649 447 2803 510 parte
2832 441 3007 511 magis
3035 441 3284 511 quereris
3313 440 3380 495 de

137 544 468 613 καταλήγειν
487 542 566 603 είς
597 541 850 609 δάκρυον,
881 537 976 608 τὴν
1003 537 1240 605 ἐλεεινὴν
1270 536 1590 605 νηπιότητα,
1611 536 1711 607 τὴν

140 636 198 686 ἐν
227 631 307 702 τῷ
333 632 481 702 γήρᾳ
515 628 838 700 παράνοιαν,
883 626 944 679 τὸ
982 623 1251 678 άστατοῦν
1296 626 1397 694 τῆς
1437 625 1708 695 νεότητος,

139 723 200 776 τὺ
254 721 595 792 πολύμοχθον
644 718 754 773 τῶν
797 721 863 790 τῇ
914 717 1101 790 ἡλικίᾳ
1153 715 1588 788 καθεστηκότων,
1618 716 1711 771 τοῦ

140 813 324 883 γάμου
369 812 433 866 τὸ
495 810 772 882 φορτικὸν,
810 809 912 878 τῆς
956 807 1201 879 ἀγαμίας
1236 809 1296 862 τὸ
1341 808 1566 878 ἔρημον,
1612 808 1712 878 τῆς

140 902 396 965 ἀπαιδίας
426 901 484 954 τὸ
502 900 749 971 ἄρριζον,
795 898 890 952 τοῦ
921 897 1150 952 πλούτου
1184 899 1245 951 τὸ
1274 898 1582 968 ἐπίφθονον,
1614 901 1714 970 τῆς

142 991 332 1054 πενίας
364 991 426 1044 τὸ
473 990 779 1052 ἐπώδυνονο
834 989 928 1042 καὶ
971 989 1161 1042 σιωπῶ
1201 989 1300 1052 τὰς
1341 990 1714 1060 πολυτρόπους

141 1081 248 1135 τῶν
280 1080 602 1152 νοσημάτων
641 1078 922 1149 διαφορὰς,
951 1078 1050 1142 τὰς
1077 1077 1274 1142 λώϐας,
1302 1080 1430 1142 τοὺς
1460 1081 1712 1149 ἀκρωτη-

144 1168 549 1242 ριασμίεν]οὺς,
569 1169 667 1232 τὰς
683 1169 893 1237 σήψεις,
912 1167 1010 1231 τὰς
1022 1167 1130 1221 τῶν
1147 1166 1712 1239 αίσθητηρίωνπηρώ-

145 1279 276 1325 σεις,
305 1260 404 1324 τὰς
437 1261 500 1312 ἐκ
537 1259 806 1328 δαιμόνων
844 1257 1191 1329 παραφορὰς,
1225 1258 1401 1312 πάντα
1418 1259 1517 1312 ὃσα
1550 1260 1584 1328 ή
1610 1257 1714 1326 φύ-

146 1369 226 1415 σις
255 1353 313 1404 ἐν
338 1351 504 1420 ἑαυτῇ
539 1349 804 1420 περιέχει,
837 1348 873 1402 ἃ
901 1351 966 1418 τῇ
982 1347 1209 1418 δυνάμει
1235 1347 1467 1410 ἕκαστος
1504 1347 1714 1418 ἀνθρώ-

143 1461 258 1498 πων
317 1443 466 1496 ἐστὶν
517 1440 655 1513 ἔχων
684 1443 741 1494 ἐν
772 1443 839 1512 τῇ
874 1434 1034 1509 φύσει
1070 1439 1140 1493 τὰ
1181 1440 1350 1510 πάθη.
1387 1439 1496 1511 Τὴν
1523 1439 1580 1492 δὲ
1606 1440 1714 1492 τῶν

144 1533 362 1605 ἐρώτων
423 1532 640 1603 μανίαν,
701 1531 794 1584 καὶ
835 1531 926 1584 τὸν
973 1530 1184 1600 δυσώδη
1224 1529 1502 1601 βόρϐορον,
1543 1531 1622 1592 είς
1656 1529 1715 1582 ὃν

144 1623 578 1696 καταστρέφεται.
634 1625 667 1692 ἡ
716 1621 939 1690 τοιαύτη
967 1621 1160 1685 λύσσα,
1197 1620 1450 1690 παρίημι,
1491 1619 1585 1672 καὶ
1615 1618 1714 1689 τὴν

147 1713 576 1785 συνεξευγμένην
597 1715 664 1784 τῇ
689 1714 862 1785 τροφῇ
879 1711 966 1765 διὰ
995 1712 1092 1781 τῆς
1125 1711 1500 1781 άποποιήσεως
1523 1708 1711 1779 ἀηδίαν

144 1805 202 1855 οὐ
228 1803 392 1872 λέγω,
426 1802 501 1866 ὡς
544 1803 609 1856 ἂν
644 1802 720 1873 μὴ
753 1801 966 1871 δόξαιμι
1006 1799 1094 1854 διὰ
1123 1800 1337 1854 πάντων
1383 1798 1711 1870 στηλιτεύειν

145 1892 219 1964 τῷ
249 1893 398 1964 λόγῳ
437 1893 528 1947 τὸν
556 1893 690 1964 βίον,
741 1891 1065 1962 κοπροποιὸν
1103 1908 1224 1945 τινα
1243 1890 1342 1961 τὴν
1370 1890 1529 1960 φύσιν
1558 1889 1714 1960 ήμῶν

146 1984 538 2038 ἀποδεικνύων.
595 1984 776 2038 Πάντα
823 1983 979 2050 ἀφεὶς
1023 1983 1195 2035 ταῦτα
1243 1982 1337 2037 mi.
1380 1981 1448 2036 τά
1467 1980 1713 2047 τοιαῦτα,

148 2075 318 2128 ἐκεῖνο
350 2073 590 2143 μάλιστά
609 2060 755 2144 ’φημι
781 2072 1032 2143 δακρύων
1060 2073 1210 2138 ἄξιον
1229 2069 1365 2128 εἶναι
1393 2076 1504 2138 τοῖς
1529 2073 1716 2127 αἰσθα-

147 2164 411 2233 νομένοις,
434 2164 497 2218 τὸ
525 2163 722 2218 ειδέναι
760 2162 968 2226 πάντας
1008 2162 1197 2232 ὅτιτῆς
1213 2161 1505 2226 σκιοειδοῦς
1517 2164 1720 2235 ταύτης

135 2251 270 2325 ζωῆς
281 2249 762 2323 παραδραμούσης,
779 2252 930 2321 μένει
948 2251 1095 2322 ἡμᾶς
1107 2265 1191 2312 τις
1208 2248 1402 2320 ἐκδοχὴ
1461 2252 1714 2325 κρίσεως,

151 2344 236 2395 καὶ
263 2343 437 2412 πυρὸς
458 2342 617 2415 ζῆλος
640 2343 839 2397 ἐσθίειν
869 2340 1153 2413 μέλλοντος
1182 2343 1310 2408 τοὺς
1343 2343 1713 2410 ὑπεναντίους.

159 2435 216 2489 '0
265 2430 358 2490 οὖν
420 2430 594 2491 ταῦτα
621 2435 715 2488 καὶ
746 2434 813 2488 τὰ
841 2432 1063 2488 τοιαῦτα
1097 2434 1463 2507 λογιζόμενος,
1501 2432 1589 2508 ἆρ’
1616 2438 1718 2492 οὐκ

149 2527 232 2580 ἀεὶ
264 2525 341 2597 τῷ
379 2525 567 2598 θρήνῳ
586 2525 916 2598 sumsere“;

216 2709 425 2764 Οὐκοῦν
444 2707 634 2780 καιρὸς
665 2707 730 2762 ἂν
762 2706 846 2778 εῐη
869 2706 962 2760 νῦν
990 2705 1161 2760 ταῦτα
1191 2704 1268 2776 τῷ
1297 2705 1542 2777 λογισμῷ
1577 2706 1718 2778 λαμ-

153 2801 342 2855 ϐάνειν.
387 2801 488 2855 Ἐκ
502 2799 610 2871 γὰρ
635 2799 728 2853 τοῦ
758 2797 1094 2869 σκυθρωπῶς
1123 2798 1259 2869 πρὸς
1294 2797 1392 2868 τὴν
1438 2799 1716 2869 παροῦσαν

152 2890 286 2961 ἔχειν
327 2890 499 2962 ζωήν,
523 2890 583 2945 τὸ
612 2890 776 2962 μηδὲν
813 2889 1154 2960 πλημμελεῖν
1189 2892 1246 2942 ἐν
1282 2889 1454 2961 ταύτῃ
1483 2890 1622 2945 κατὰ
1655 2888 1718 2943 τὸ

153 2982 288 3046 είκδς
331 2982 792 3052 προσγενήσεται.
844 2980 1046 3034 Τούτου
1090 2980 1145 3033 δέ
1183 2981 1639 3053 κατορθωθέντος,
1680 2981 1714 3052 ἡ

1815 533 2048 587 natura?
2086 531 2210 586 vita:
2251 530 2576 587 brevitatem
2604 535 2659 584 ct
2691 529 2936 584 laborem
2972 530 3216 600 incipere
3242 547 3273 585 a
3306 531 3387 585 la-

1815 623 2058 694 crymis,
2111 629 2170 679 et
2229 621 2482 678 desinere
2541 621 2599 676 in
2663 621 2954 692 lacrymas,
3017 623 3385 678 miserabilem

1813 711 2126 777 infamiam,
2156 713 2212 768 in
2242 718 2523 768 senectute
2552 709 2831 774 delirium,
2857 713 3165 781 juventutis
3196 713 3387 768 incon-

1813 802 2098 870 stantiam,
2130 802 2439 858 constantis
2471 803 2651 858 aetatis
2667 802 2917 858 laborum
2949 805 3382 874 perpessionem,

1816 909 1988 949 onera
2011 895 2371 958 matrimonii,
2413 895 2698 950 caelibatus
2745 895 3120 959 solitudinem,
3162 895 3216 948 in
3252 897 3386 950 libe-

1815 1001 2005 1041 rorum
2049 987 2282 1041 orbitate
2316 986 2550 1043 deﬁcere
2586 987 2853 1054 radicem,
2896 988 3213 1043 divitiarum
3247 989 3387 1043 invi-

1815 1080 1984 1142 diam,
2028 1079 2375 1149 paupertatis
2419 1080 2752 1136 molestiam.
2813 1079 2991 1135 Taceo
3034 1081 3385 1151 multiplicem

1817 1168 2133 1223 morborum
2162 1167 2553 1232 diﬁ'erentiam,
2593 1168 2818 1234 damna,
2851 1170 3252 1234 mutilationes,
3282 1187 3386 1241 pu-

1816 1257 2190 1323 trefactiones,
2213 1274 2477 1314 sensuum
2494 1260 2782 1326 orbitates,
2815 1276 2844 1315 a
2869 1262 3210 1318 daemonibus
3233 1277 3391 1318 vexa.

1817 1349 2016 1413 tiones,
2057 1365 2418 1420 quaecumque
2481 1351 2536 1406 in
2592 1366 2653 1406 se
2699 1351 2948 1406 continet
2994 1362 3210 1417 natura,
3265 1368 3388 1421 qua:

1815 1438 2037 1507 quidem
2093 1439 2258 1494 homo
2310 1440 2542 1510 quilibet
2595 1448 2870 1512 potestate
2921 1444 3106 1508 habet,
3159 1457 3285 1498 cum
3322 1459 3387 1500 ea

1815 1529 2068 1583 accidant
2099 1529 2153 1584 in
2184 1539 2401 1584 natura.
2441 1531 2598 1586 Mitto
2638 1540 2821 1587 autem
2849 1534 3058 1589 amoris
3094 1534 3386 1599 insaniam,

1815 1625 1868 1671 et
1899 1619 2041 1672 male
2089 1619 2246 1674 olens
2275 1633 2495 1674 caenum
2549 1620 2603 1674 in
2639 1635 2750 1690 quo
2789 1637 2855 1676 vo
2881 1629 3072 1676 utatur
3118 1622 3388 1691 ejusmodi

1818 1709 2022 1772 rabies,
2076 1724 2179 1764 nec
2230 1709 2428 1780 loquor
2473 1710 2542 1766 de
2600 1709 2890 1766 nutritioni
2943 1712 3236 1781 conjuncta
3295 1727 3392 1782 per

1818 1800 2189 1855 excretionem
2230 1800 2501 1868 molestia,
2553 1817 2623 1857 ne
2652 1802 2840 1857 videar
2877 1803 3131 1858 oratione
3169 1803 3390 1858 omnino

1817 1887 2000 1944 invehi
2047 1889 2103 1944 in
2154 1890 2344 1958 vitam,
2403 1892 2666 1946 stercoris
2701 1891 3033 1947 cll'ectricem
3092 1891 3391 1947 ostendens

1816 1996 1942 2038 esse
1977 1991 2222 2040 nostram
2261 1995 2536 2038 naturam.
2564 1982 2662 2038 llis
2693 1983 2952 2038 omnibus
2981 1983 3387 2052 praetermissis,

1814 2080 1870 2127 et
1899 2089 2021 2142 quae
2047 2081 2175 2131 sunt
2205 2074 2546 2144 hujusmodi,
2575 2074 2710 2129 illud
2741 2074 2866 2128 dico
2889 2074 3126 2128 maxime
3164 2073 3389 2144 dignum

1816 2176 1940 2219 esse
1969 2164 2232 2234 lacrymis
2259 2165 2328 2220 iis
2363 2165 2457 2235 qui
2489 2165 2758 2231 sentiunt,
2785 2163 2932 2234 quod
2970 2163 3151 2219 sciant
3177 2178 3388 2223 omnes.

1817 2267 1944 2310 cum
1991 2254 2107 2310 haec
2151 2257 2414 2312 umbrosa
2449 2257 2561 2311 vita
2609 2255 2957 2327 praeterierit,
3014 2270 3116 2309 nos
3171 2269 3394 2309 manere

1817 2348 2256 2417 expectationem
2297 2348 2516 2420 judicii,
2567 2355 2621 2404 et
2653 2347 2830 2403 zelum
2881 2346 3025 2416 ignis
3077 2346 3390 2402 devoraturi

1819 2439 2189 2497 adversarios.
2227 2440 2333 2507 Qui
2367 2455 2498 2512 ergo
2528 2440 2644 2495 haec
2674 2450 2726 2495 et
2755 2454 2877 2510 quae
2916 2446 3046 2494 sunt
3078 2439 3392 2509 hujusmodi

1818 2537 2061 2598 reputat,
2093 2543 2162 2584 an
2194 2545 2305 2584 non
2339 2545 2558 2602 semper
2584 2531 2749 2586 simul
2790 2531 2935 2585 vivet
2966 2544 3093 2585 cum
3143 2531 3298 2586 luctu
3338 2538 3395 2586 et

1819 2619 2256 2676 lamentatione?

1895 2708 2133 2780 Tempus
2167 2724 2296 2780 ergo
2326 2720 2410 2766 est
2454 2710 2568 2765 haec
2599 2726 2744 2765 nunc
2785 2716 2966 2765 mente
2998 2709 3276 2766 versandi.
3313 2709 3392 2764 Ex

1820 2814 1888 2856 eo
1917 2801 2062 2857 enim
2092 2802 2236 2871 quod
2259 2843 2274 2869 ,
2305 2812 2572 2872 quantum
2603 2802 2671 2856 ad
2703 2809 3028 2871 praesentem
3065 2802 3229 2855 vitam
3263 2803 3393 2855 atti-

1820 2902 1918 2950 net
1941 2936 1955 2958 ,
1987 2909 2223 2950 maerore
2246 2902 2300 2950 et
2331 2895 2582 2950 molestia
2615 2894 2792 2948 allecti
2830 2895 3031 2958 simus,
3073 2901 3131 2948 ut
3169 2893 3302 2948 nihil
3339 2895 3393 2947 in

1821 3000 1886 3041 ea
1937 3001 2262 3057 peccemus,
2295 2994 2356 3040 ut
2399 2993 2485 3046 est
2531 2994 2998 3046 consentaneum,
3040 2985 3232 3040 aderit.
3278 2986 3396 3038 Hoc

154 3074 543 3143 ἐπαγγελθεῖσα
573 3075 673 3144 τῆς
700 3071 1041 3145 εὐφροσύνης,
1063 3071 1224 3141 χάρις
1246 3071 1311 3124 δι’
1346 3073 1558 3136 ἐλπίδος
1583 3074 1716 3144 ἡμῖν

1826 3087 2009 3134 autem
2056 3078 2104 3134 si
2136 3088 2285 3134 recte
2333 3077 2462 3142 ﬁat,
2505 3077 2775 3148 promissa
2827 3076 3030 3132 latitia:
3075 3075 3250 3146 gratia
3299 3091 3396 3145 per

153 3167 502 3220 ἀποκείσεται
518 3182 532 3196 ·
560 3167 594 3236 ἡ
618 3165 675 3219 δὲ
704 3165 859 3228 ἐλπὶς
873 3165 932 3217 οὐ
951 3165 1319 3234 καταισχύνει,
1350 3163 1532 3228 καθώς
1552 3182 1716 3234 φησιν

154 3261 181 3312 ὸ
218 3259 558 3323 Ἀπόστολος.
596 3257 670 3311 Τὸ
712 3256 772 3311 δέ
823 3258 1182 3328 ἐπαγόμενον,
1233 3253 1344 3310 οἷον
1381 3256 1716 3328 ἐπανάληψις

157 3350 243 3404 τοῦ
267 3347 664 3421 προειρημένου
685 3347 851 3401 ἐστίν.
879 3331 1063 3401 Είπῶν
1087 3346 1196 3418 γὰρ
1225 3346 1319 3398 τοῦ
1354 3345 1586 3418 δακρύου
1623 3346 1716 3399 καὶ

158 3440 482 3509 τοῦ-γέλωτος
499 3438 597 3510 τήν
616 3437 920 3510 εὐκαιρίαν,
942 3437 1212 3508 ἐπήγαγεο
1241 3455 1259 3487 ι
1287 3437 1492 3507 Καιρὸς
1511 3437 1604 3489 τοῦ
1627 3437 1718 3490 κό-

158 3531 367 3599 ψασθαι,
397 3531 588 3602 καιρὸς
619 3528 713 3582 τοῦ
745 3529 1104 3600 ὀρχήσασθαι,
1127 3547 1145 3580 ι
1178 3529 1313 3598 ὅπερ
1333 3528 1480 3581 οὐδὲν
1503 3527 1648 3591 ἄλλο,
1681 3527 1715 3597 ἢ

159 3621 394 3685 ἐπίτασις
414 3621 675 3690 ἐκατέρου
700 3619 806 3672 τῶν
831 3637 936 3689 μνη
947 3619 1312 3690 μονευθέντων
1331 3618 1497 3672 ἐστίν.
1531 3619 1591 3672 '0
1609 3618 1717 3689 γὰρ

159 3713 388 3785 εὐπαθής
414 3729 477 3766 τε
507 3713 600 3766 καὶ
633 3710 932 3774 ἐνδιάθετος
971 3711 1188 3782 θρῆνος,
1225 3711 1452 3774 κοπετὸς
1485 3711 1591 3764 ὑπὸ
1619 3710 1720 3780 τῆς

160 3804 363 3876 Γραφῆς
385 3804 731 3877 ὀνομάζεται.
775 3803 1045 3869 Ὡσαύτως
1090 3804 1146 3857 δέ
1173 3804 1266 3857 καὶ
1297 3806 1330 3875 ἡ
1370 3803 1592 3876 ὄρχησις
1623 3820 1718 3874 ση-

165 3898 329 3966 μαίνει
373 3899 475 3967 τὴν
512 3897 612 3967 τῆς
661 3895 999 3968 εὐφροσύνης
1042 3895 1310 3960 ἐπίτασιν,
1339 3895 1520 3958 καθὼς
1557 3897 1615 3947 ἐν
1639 3893 1720 3966 τῷ

164 3981 462 4060 Εὑαγγελίιρ
486 3987 546 4042 τὸ
568 3985 807 4042 τοιοῦτον
831 3987 1127 4058 ἐμάθομεν,
1155 3988 1212 4040 ἐν
1235 3979 1316 4050 οἷς
1345 4003 1527 4056 φησιν,
1567 4005 1586 4036 ι
1616 3985 1722 4038 Ηύ-

161 4076 389 4150 λήσαμεν
410 4080 560 4150 ὑμῖν,
582 4079 676 4130 καὶ
693 4077 791 4131 οὐκ
806 4076 1150 4149 ὠρχήσασθεο
1169 4075 1550 4148 ἐθρηνήσαμεν
1566 4076 1719 4145 ὑμῖν,

163 4169 248 4220 καὶ
276 4171 372 4223 οὐκ
410 4166 697 4238 ἐκόψασθε.
732 4186 749 4218 ι
791 4166 947 4221 Οὕτω
974 4167 1137 4237 φησὶν
1167 4170 1200 4238 ή
1230 4167 1458 4239 ἱστορία,
1490 4167 1720 4222 κοπετὸν

166 4260 254 4324 μὲν
281 4261 370 4314 ἐπὶ
406 4263 472 4330 τῇ
490 4257 816 4330 μεταστάσει
843 4257 939 4311 τοῦ
968 4258 1214 4320 Μωσέως
1239 4258 1333 4310 ἐπὶ
1363 4260 1477 4320 τοῖς
1507 4257 1722 4330 Ἰσραη-

163 4343 320 4411 λίταις
345 4346 618 4418 γενέσθαι,
663 4344 999 4417 ὀρχήσασθαι
1030 4344 1087 4397 δέ
1113 4344 1204 4397 τὸν
1238 4344 1398 4398 Δαόὶδ
1426 4345 1525 4414 τῆς
1564 4344 1724 4399 κιὸωο

1821 3185 1972 3239 spem
2016 3171 2176 3227 nobis
2217 3170 2518 3240 reponitur.
2551 3169 2688 3238 Spes
2721 3174 2898 3223 autem
2934 3167 3145 3237 pudore
3175 3182 3282 3222 non
3315 3166 3398 3218 ar-

1823 3261 1966 3328 ﬁcit,
1997 3271 2056 3316 ut
2088 3262 2223 3318 dicit
2259 3262 2557 3333 Apostolus
2588 3262 2655 3315 ".
2691 3261 2847 3327 Quod
2883 3269 3062 3316 autem
3103 3260 3392 3330 subjungi-

1822 3361 1933 3420 tur,
1960 3361 2044 3409 est
2072 3353 2239 3407 veluti
2272 3353 2520 3422 repetitio
2549 3351 2668 3421 ejus
2696 3350 2842 3421 quod
2873 3350 3028 3420 prius
3057 3350 3262 3406 dictum
3289 3361 3392 3406 est.

1823 3441 1957 3496 Nam
2002 3458 2124 3498 cum
2174 3442 2402 3497 dixisset
2448 3443 2813 3511 lacrymarum
2859 3448 2916 3494 et
2949 3442 3096 3496 risus
3129 3448 3392 3510 opportu-

1825 3534 2072 3598 nitatem,
2130 3529 2457 3600 subjunxit:
2499 3550 2517 3581 ι
2547 3529 2786 3600 Tempus
2833 3537 2919 3583 est
2962 3530 3289 3602 plangendi,
3343 3541 3395 3584 et

1824 3632 2039 3694 tempus
2082 3623 2352 3686 saltandi,
2390 3642 2407 3674 ι
2436 3621 2582 3691 quod
2627 3622 2847 3691 quidem
2889 3621 3027 3676 nihil
3075 3629 3159 3677 est
3207 3622 3390 3687 aliud,

1824 3729 1986 3785 quam
2029 3713 2382 3784 ampliﬁcatio
2421 3714 2710 3783 utriusque
2748 3727 2941 3768 eorum
2987 3727 3218 3784 quorum
3249 3713 3390 3768 facta

1823 3811 1908 3860 est
1938 3803 2162 3858 mentio.
2193 3803 2330 3857 Nam
2361 3803 2456 3874 qui
2488 3803 2650 3859 facile
2679 3811 2960 3872 movetur,
2991 3812 3048 3860 et
3077 3811 3163 3859 est
3200 3819 3264 3860 ex
3305 3805 3391 3858 in-

1824 3901 1980 3949 terna
2015 3894 2339 3958 allectione,
2384 3895 2603 3961 luctus,
2654 3909 2685 3950 a
2734 3895 3021 3965 Scriptura
3073 3896 3391 3950 nominatur

1823 3985 2081 4054 planctus
2131 3986 2199 4038 ’°.
2233 3984 2501 4041 Similiter
2532 3993 2713 4041 autem
2760 3992 2815 4040 et
2859 3985 3079 4042 saltatio
3125 3984 3396 4055 signiﬁcat

1825 4075 2090 4130 intensam
2124 4075 2366 4130 laetitiam
2388 4114 2403 4141 ,
2437 4075 2712 4144 quomodo
2747 4075 3041 4131 didicimus
3069 4076 3123 4130 in
3151 4075 3398 4146 Evange-

1827 4166 1925 4228 lio,
1977 4177 2103 4220 cum
2177 4166 2396 4221 dicitzr
2428 4164 2586 4222 Tibia
2613 4167 2773 4223 vobis
2815 4168 3156 4232 cecinimus,
3197 4177 3252 4222 et
3286 4182 3398 4222 non

1829 4258 2114 4322 saltastis;
2161 4257 2445 4312 lamentati
2480 4273 2675 4314 sumus
2709 4258 2902 4324 vobis,
2937 4268 2993 4313 et
3039 4273 3146 4313 non
3180 4258 3397 4328 planxi-

1830 4346 1932 4401 stis
1959 4345 2026 4400 ”.
2063 4364 2081 4397 ι
2109 4344 2184 4398 Ita
2215 4345 2351 4400 dicit
2388 4346 2618 4402 historia
2652 4346 2828 4404 fuisse
2858 4347 3076 4418 quidem
3118 4349 3396 4418 planctum

162 4435 247 4490 τοῦ
289 4435 767 4511 προπομπεύοντα,
792 4437 881 4489 ὅτε
934 4433 1103 4506 αὐτὴν
1150 4435 1216 4488 ἐκ
1252 4434 1363 4487 τῶν
1413 4434 1716 4503 ἀλλοφύλων

1829 4435 1971 4506 apud
2004 4435 2304 4501 lsraelitas,
2329 4453 2454 4492 cum
2478 4438 2742 4509 migraret
2771 4441 3012 4504 Moses‘,
3046 4441 3278 4496 saltasse
3311 4455 3400 4494 au-

163 4527 532 4600 ἀνεκομίσατο,
557 4527 633 4599 μὴ
661 4527 719 4581 ἐν
737 4526 816 4598 τῷ
842 4525 1060 4597 συνήθει
1077 4523 1420 4595 δεικνύμενον
1452 4526 1713 4596 σχήματι.

174 4615 626 4687 Ὺποφθέγγεσθαι
688 4617 798 4689 γὰρ
855 4616 1015 4671 αὐτόν
1065 4632 1199 4686 φησι
1240 4615 1347 4669 τῶν
1387 4616 1720 4687 ἐναρμονίων

168 4707 330 4775 μελῶν
351 4709 410 4764 ἐν
426 4707 506 4781 τῷ
528 4709 774 4781 μουσικῷ
797 4709 1013 4780 ὀργάνῳ
1042 4707 1475 4778 ἀνακρουόμενον
1499 4725 1512 4740 ·
1539 4725 1725 4777 συγκιο

165 4795 360 4852 νεῖσθαι
385 4799 441 4858 δέ
461 4800 596 4871 πρὸς
609 4799 704 4855 τὸν
734 4799 939 4872 ῥυθμὸν
962 4798 1039 4870 τῷ
1068 4797 1210 4862 ποδὶ,
1239 4799 1333 4852 καὶ
1364 4801 1430 4870 τῇ
1453 4797 1511 4852 ἐν
1533 4797 1723 4870 ρυθμῷ

166 4890 362 4960 κινήσει
383 4891 476 4945 τοῦ
503 4890 752 4963 σώματος
787 4891 885 4962 τήν
929 4890 1073 4945 ἔνδον
1096 4889 1440 4962 δημοσιεύειν
1463 4890 1718 4945 διάθεσιν.

179 4976 381 5052 Ἐπειδὴ
433 4981 610 5037 τοίνυν
641 4980 860 5044 διπλοῦς
916 4981 1014 5051 μὲν
1062 4983 1090 5034 ὁ
1121 4981 1423 5051 ἄνθρωπος,
1451 4983 1516 5034 ὲκ
1542 4981 1722 5052 ψυχῆς

165 5063 295 5134 λέγω
321 5071 413 5123 καὶ
437 5071 708 5143 σώματος,
743 5071 905 5141 διπλῆ
943 5071 999 5124 δὲ
1033 5070 1172 5142 καὶὴ
1205 5069 1347 5142 ζωὴ,
1373 5071 1721 5142 καταλλήλως

166 5156 217 5208 ἐν
255 5160 491 5234 ἐκατέρῳ
513 5163 623 5218 τῶν
646 5165 704 5216 ἐν
727 5164 865 5234 ἡμῖν
893 5163 1314 5235 ἐνεργουμένων,
1357 5162 1523 5216 καλὸν
1547 5163 1613 5216 ἂν
1633 5162 1720 5232 είή

165 5248 226 5317 τῇ
249 5258 526 5326 σωματικῇ
555 5253 668 5326 ζωῇ
703 5254 1071 5325 κοπτομένους
1088 5258 1105 5276 ⁶
1125 5254 1316 5307 πολλαὶ
1338 5255 1431 5308 καὶ
1459 5253 1566 5306 τῶν
1591 5253 1721 5325 θρή-

169 5352 262 5390 νων
287 5343 422 5396 κατὰ
453 5344 542 5400 τὸν
577 5344 688 5416 βίον
711 5343 897 5399 τοῦτον
922 5347 978 5400 αί
1003 5345 1268 5418 ἀφορμαὶ,
1290 5347 1356 5415 τῇ
1378 5345 1524 5416 ψυχῇ
1544 5363 1720 5415 παρα-

170 5430 434 5496 σκευάζειν
466 5438 563 5507 τὴν
595 5436 911 5506 ἐναρμόνιον
941 5437 1186 5507 ὄρχησιν.
1213 5437 1375 5489 Ὅσον
1400 5435 1507 5506 γὰρ
1552 5435 1712 5490 πλέον

170 5525 646 5592 καταστυγνάζεται
665 5525 752 5580 διὰ
783 5527 1123 5595 κατηφείαςό
1147 5527 1280 5597 βίος,
1310 5526 1545 5596 τοσούτῳ
1578 5527 1716 5595 μᾶλ-

1828 4537 1936 4582 tem
1966 4526 2226 4582 Davidem
2253 4541 2440 4582 arcam
2470 4527 2526 4582 in
2557 4543 2756 4599 pompa
2780 4529 3202 4598 praecedentem,
3232 4546 3399 4600 quan-

1829 4617 1902 4674 do
1931 4634 2051 4674 eam
2079 4619 2332 4689 repetivit
2357 4619 2427 4674 ab
2457 4619 2800 4690 alienigenis,
2833 4635 2941 4676 non
2973 4635 3039 4676 eo
3070 4621 3256 4676 habitu
3291 4638 3400 4692 quo

1830 4709 2056 4767 solebat.
2091 4709 2438 4768 Dicit'cnim
2463 4725 2591 4769 eum
2631 4710 2826 4768 modos
2866 4712 3134 4769 cecinisse
3179 4713 3401 4770 harmo-

1826 4801 2016 4864 nicos,
2059 4802 2369 4872 pulsantem
2411 4801 2680 4856 musicum
2717 4802 3179 4858 instrumentum:
3213 4819 3273 4860 se
3305 4819 3401 4858 au-

1823 4901 1933 4948 tem
1968 4892 2204 4948 movisse
2233 4892 2301 4947 ad
2331 4906 2646 4959 numerum,
2679 4900 2734 4947 et
2763 4908 3057 4950 numeroso
3088 4905 3240 4950 motu
3273 4908 3399 4949 cor—

1827 4981 1976 5052 poris
2005 4981 2061 5036 in
2093 4981 2370 5052 publicum
2403 4982 2674 5037 internam
2705 4984 3001 5052 protulisse
3033 4983 3396 5040 affectionem.

1826 5071 2094 5137 Quoniam
2127 5073 2295 5143 igitur
2323 5074 2520 5143 duplex
2552 5074 2769 5144 quidem
2800 5085 2880 5132 est
2917 5076 3097 5140 homo,
3127 5083 3186 5130 ut
3211 5075 3301 5145 qui
3332 5090 3396 5131 ex

1823 5167 2006 5220 anima
2038 5174 2253 5223 constet
2279 5175 2334 5222 et
2364 5181 2630 5237 corpore,
2673 5175 2728 5222 et
2773 5169 3162 5222 convenienter
3200 5167 3397 5236 duplex

1825 5271 2043 5326 quoque
2071 5264 2156 5312 est
2181 5257 2292 5311 vita
2320 5275 2336 5323 ;
2369 5258 2423 5310 in
2454 5270 2689 5326 utroque
2712 5273 2902 5312 eorum
2933 5272 3051 5326 quae
3077 5256 3212 5310 ﬁunt
3244 5271 3275 5309 a
3305 5271 3397 5310 no-

1823 5345 1933 5409 bis,
1971 5345 2174 5401 bonum
2208 5344 2373 5401 fuerit
2405 5348 2528 5402 vitae
2559 5361 2854 5415 corporeae,
2891 5355 2948 5399 ut
2977 5346 3068 5415 qui
3100 5346 3392 5414 plangunt,

1822 5436 2023 5490 multas
2053 5437 2297 5490 luctuum
2326 5445 2379 5490 et
2408 5435 2856 5489 lamentationum
2887 5435 2941 5488 in
2975 5434 3075 5489 hac
3103 5433 3213 5486 vita
3244 5446 3396 5488 occa.

1821 5527 2004 5581 siones
2037 5534 2091 5581 et
2123 5527 2456 5581 adminicula
2489 5525 2685 5578 animae
2719 5532 2911 5593 parent
2943 5523 3008 5579 ad
3045 5537 3394 5580 numerosam

235 5699 270 5729 "'
305 5700 456 5760 Rom.
490 5724 541 5776 ν,
576 5708 626 5762 5.
703 5709 747 5741 "
784 5707 931 5761 Matt.
996 5724 1052 5771 ιι,
1103 5707 1187 5761 l8.
1266 5709 1309 5739 ’θ
1351 5707 1483 5762 Luc.
1509 5723 1603 5767 vn,
1628 5706 1716 5759 32.

1852 5667 2218 5774 D‘eut.xxx1v,
2253 5709 2304 5762 8.
2384 5709 2401 5737 ⁸
2437 5704 2476 5758 ll
2506 5703 2633 5772 Reg.
2660 5719 2733 5766 rt,
2768 5701 2852 5754 Η.

3183 5819 3326 5836 μνοιιρ...
