3874 6368
489 325 592 382 ’211

1699 325 1760 380 S.
1798 323 2130 382 GREGORH
2173 321 2471 378 NYSSENI

3659 323 3754 379 712

490 445 858 502 saltationem.
896 440 1032 496 Nam
1061 457 1171 511 quo
1210 441 1383 513 magis
1423 442 1532 497 vita
1570 457 1808 498 mmrore
1852 445 2071 513 angitur

2178 443 2262 496 λον
2285 444 2341 496 αί
2363 441 2462 509 τῆς
2493 437 2833 508 εὐφροσύνης
2861 436 3109 508 ἀφορμαὶ
3125 439 3190 508 τῇ
3213 436 3361 507 ψυχῇ
3395 437 3756 509 συναθροίζων.

493 543 545 590 et
583 533 950 595 contrahitur,
981 547 1048 586 eo
1081 531 1318 600 majores
1362 531 1566 585 laetitia:
1597 533 1922 586 occasiones
1947 545 2080 584 Con-

493 634 788 696 gregantur
821 623 874 676 in
906 623 1108 676 anima.
1151 626 1314 676 Arcta
1346 631 1399 676 et
1434 638 1629 692 aspera
1667 638 1754 678 res
1786 631 1871 676 est
1900 621 2078 675 conti-

494 717 680 771 nentia
702 755 718 779 ,
752 729 839 769 res
868 715 1048 768 tristis
1076 722 1159 768 est
1191 713 1478 768 humilitas
1499 753 1514 777 ,
1549 729 1638 768 res
1678 722 1763 768 est
1809 713 2076 766 lamenta-

493 807 619 862 bilis
665 807 926 860 damnum
970 805 1081 874 pati
1115 823 1128 858 :
1184 804 1366 857 luctus
1395 812 1479 859 est
1509 811 1930 872 argumentum,
1969 816 2077 855 non

491 902 706 950 tantum
753 895 989 956 habere,
1035 903 1300 962 quantum
1353 895 1387 948 ii
1427 895 1522 962 qui
1554 894 1894 948 dominatum
1929 891 2076 960 obti-_

490 997 664 1043 nent:
700 986 795 1041 sed
847 989 937 1056 qui
987 987 1228 1056 seipsum
1277 987 1562 1048 hmniliat,
1618 985 1971 1047 exaltabitur,
2021 990 2078 1038 et

490 1078 586 1148 qui
627 1077 681 1131 in
732 1086 1049 1146 paupertate
1087 1085 1396 1141 exercetur,
1451 1077 1834 1140 coronabitur,
1879 1085 1934 1128 et
1981 1073 2073 1144 qui

493 1171 731 1225 scatebat
767 1168 1082 1229 ulceribus,
1131 1175 1186 1221 et
1231 1167 1286 1219 in
1330 1167 1586 1221 omnibus
1625 1166 1951 1220 ostendebat
1989 1166 2074 1218 vi-

489 1269 601 1316 tam
631 1259 852 1328 dignam
886 1273 1006 1327 quae
1038 1258 1335 1327 lugeretur,
1374 1257 1618 1326 quiescet
1653 1257 1709 1310 in
1744 1257 1868 1311 sinu
1902 1256 2077 1310 Abra-

490 1351 591 1405 hae.
630 1350 688 1404 ln
720 1365 829 1420 quo
861 1366 962 1406 nos
1008 1364 1229 1419 quoque
1275 1349 1477 1412 simus,
1531 1347 1910 1402 misericordia
1953 1347 2076 1416 ejus

491 1443 582 1511 qui
618 1456 724 1495 nos
755 1449 940 1496 servat
965 1480 980 1504 ,
1012 1437 1141 1496 Jesu
1176 1439 1383 1495 Christi
1413 1455 1428 1505 ;
1461 1439 1547 1493 cui
1583 1439 1756 1510 gloria
1792 1439 1845 1494 in
1873 1438 2075 1494 sarcula

494 1534 847 1588 saeculorum.
887 1533 1080 1586 Amen.

1058 1620 1340 1676 HOMILIA
1386 1621 1500 1677 VII.

571 1735 589 1766 ι
621 1714 863 1784 Tempus
898 1713 1136 1782 jaciendi
1180 1714 1410 1783 lapides,
1439 1723 1492 1768 et
1523 1720 1741 1783 tempus
1776 1711 2070 1783 colligendi

2180 552 2290 588 ται.
2344 532 2576 600 Στυγνδν
2614 533 2648 600 ή
2698 531 2991 600 ἐγκράτεια
3015 547 3028 560 ο
3054 530 3298 601 κατηφὲς
3327 532 3361 600 ή
3393 530 3722 594 ταπείνωσις
3743 549 3754 562 ·

2179 627 2374 698 θρῆνος
2422 624 2482 677 τὸ
2509 621 2839 692 ζημιοῦσθαι
2858 637 2871 651 °
2909 620 3139 683 πένθους
3172 621 3429 684 ὑπόθεσις
3453 620 3514 674 τὸ
3545 621 3626 691 μὴ
3654 622 3759 673 ἴσον

2179 721 2316 792 πρὸς
2345 719 2471 782 τοὺς
2501 715 2833 789 κρατοῦντας
2854 715 2998 786 ἔχειν
3023 731 3037 745 ο
3064 714 3179 768 ἀλλ’
3199 715 3228 766 ὁ
3245 714 3519 768 ταπεινῶν
3547 715 3757 774 ἐαυτὸν,

2180 811 2545 881 ὑψωθήσεται,
2591 810 2686 862 καὶ
2725 810 2754 861 6
2792 805 3028 860 ἐναθλῶν
3055 809 3120 877 τῇ
3152 806 3314 876 πενίᾳ
3352 805 3759 874 στεφανωθήσε-

2178 919 2286 966 ται,
2311 901 2406 954 καὶ
2434 902 2462 954 6
2484 904 2596 964 τοῖς
2631 900 2814 952 ’ἐλκεσι
2860 898 3040 969 βρύων
3076 898 3169 951 καὶ
3187 898 3272 950 διὰ
3305 897 3523 950 πάντων
3559 897 3756 968 θρήνου

2177 993 2325 1057 ἄξιον
2349 993 2439 1047 τὸν
2492 991 2682 1046 ἐαυτοῦ
2714 991 2826 1061 βίον
2850 989 3308 1058 ἐπιδεικνύμενος,
3340 989 3420 1057 τῷ
3453 988 3641 1056 κόλπῳ
3671 988 3754 1040 τοῦ

2177 1087 2523 1156 Πατριάρχου
2547 1082 2996 1138 ἐναναπαύσεται.
3013 1073 3156 1146 Ἐνῷ
3175 1080 3268 1132 καὶ
3286 1081 3450 1149 ἡμεῖς
3471 1079 3756 1146 γενοίμεθα

2175 1175 2252 1246 τῷ
2289 1177 2428 1228 ἐλέει
2467 1175 2562 1228 τοῦ
2614 1175 2876 1238 σώζοντος
2924 1172 3072 1242 ἡμᾶς
3120 1170 3293 1241 Ἰησοῦ
3331 1167 3598 1240 Χριστοῦ·
3645 1162 3688 1234 ᾧ
3728 1169 3755 1238 ἡ

2175 1268 2303 1333 δόξα
2358 1269 2450 1322 καὶ
2500 1268 2562 1322 τὸ
2609 1269 2808 1339 κράτος
2847 1267 2928 1330 είς
2971 1265 3098 1328 τοὺς
3142 1261 3342 1327 αἰῶνας
3385 1262 3499 1316 τῶν
3527 1261 3751 1316 αἰώνων.

2185 1361 2382 1433 Ἀμήν.

2778 1634 3026 1691 ΟΜΙΛῘΑ
3065 1636 3137 1689 Ζ’.

2248 1747 2268 1780 ι
2295 1728 2498 1801 Καιρὸς
2518 1729 2611 1784 τοῦ
2638 1727 2816 1800 βαλεῖν
2835 1728 3037 1790 λίθους,
3060 1727 3155 1780 καὶ
3180 1725 3368 1796 καιρὸς
3397 1723 3497 1778 τοῦ
3527 1741 3752 1791 συναγα-

492 1805 718 1877 lapides.
751 1825 769 1858 ι
797 1805 899 1860 Per
929 1819 990 1860 ea
1023 1820 1143 1874 qua:
1175 1805 1454 1869 ostendit,
1489 1804 1806 1859 auditorum
1838 1806 1951 1873 jam
1989 1805 2070 1860 vi-

2178 1823 2290 1890 γεῖν
2343 1821 2544 1884 λίθους.
2587 1840 2606 1874 ι
2635 1819 2881 1888 Ηῠξησεν
2919 1817 3018 1889 ήδη
3067 1817 3134 1870 δι’
3188 1809 3263 1870 ὧν
3307 1815 3477 1880 ἔδειξε
3525 1815 3630 1885 τὴν
3659 1815 3754 1866 τῶν

490 1915 580 1953 res
614 1899 764 1952 auxit
795 1898 1297 1953 ecclesiasticarum
1330 1899 1613 1967 c0piarum
1657 1897 1976 1967 praefectus,
2010 1906 2070 1952 ut

488 2000 542 2045 ct
569 1991 680 2059 jam
711 1991 926 2060 possint
957 1989 1120 2044 ferire
1153 1989 1508 2045 adversarios
1531 2032 1544 2056 ,
1577 1999 1630 2045 et
1659 2005 1722 2045 ea
1749 2003 2069 2058 comparare

489 2100 610 2155 quae
643 2093 771 2139 sunt
806 2083 928 2136 usui
961 2081 1026 2134 ad
1073 2080 1401 2136 feriendum.
1447 2079 1518 2133 Ea
1561 2081 1707 2134 enim
1751 2095 1872 2150 qme
1914 2080 2068 2150 prius

488 2176 818 2237 didicimus,
855 2189 922 2229 ex
952 2189 1020 2228 eo
1047 2172 1189 2243 quod
1225 2174 1482 2230 omnibus
1521 2174 1740 2245 adaptet
1782 2189 1902 2230 eam
1947 2189 2070 2245 qum

488 2274 662 2322 estex
693 2275 942 2336 tempore
969 2279 1284 2320 mensuram
1310 2305 1324 2330 ,
1356 2273 1408 2318 ct
1438 2279 1558 2320 eam
1591 2279 1714 2335 quae
1741 2273 1827 2320 est
1855 2264 1910 2318 in
1944 2265 2071 2318 uni-

487 2375 652 2419 verso
683 2360 1147 2430 opportunitatem
1171 2399 1186 2423 ,
1223 2359 1348 2413 boni
1385 2364 1440 2412 et
1476 2357 1693 2412 honesti
1737 2359 2071 2414 constituere

485 2450 728 2532 judicem
757 2452 939 2506 edocti
975 2466 1200 2514 sumus,
1235 2451 1300 2504 ad
1335 2450 1478 2504 hanc
1525 2465 1627 2505 nos
1664 2449 1940 2504 deducunt
1985 2449 2070 2505 fa-

489 2545 748 2599 cultatem
768 2585 781 2607 ,
807 2551 866 2599 ut
891 2544 1230 2612 intelligatur
1257 2544 1452 2597 animae
1476 2551 1678 2598 nostrae
1699 2557 1822 2598 esse
1851 2541 2070 2612 aliquod

488 2637 771 2692 brachium
794 2675 809 2702 ,
841 2646 895 2692 et
926 2643 1074 2691 recta
1102 2636 1388 2692 mittamus
1425 2633 1636 2706 lapides
1679 2635 1772 2704 qui
1815 2633 2072 2689 occidant

473 2729 763 2794 inimicos,
790 2737 846 2784 et
865 2745 1060 2784 rursus
1084 2744 1180 2784 eos
1199 2743 1522 2783 revocemus
1544 2767 1559 2792 ,
1591 2727 1657 2781 ad
1690 2740 2072 2796 quemcunque

491 2821 700 2876 hostem
726 2820 1024 2890 jecerimus
1044 2859 1059 2883 ,
1089 2819 1155 2874 ad
1190 2819 1295 2874 hoc
1329 2829 1387 2872 ut
1415 2834 1631 2888 semper
1663 2817 1882 2872 eosdem
1913 2816 2072 2884 jacu-

491 2914 664 2968 lemur
694 2913 749 2966 in
781 2913 1180 2967 adversarium.
1209 2911 1386 2979 Atque
1423 2911 1458 2964 ii
1499 2909 1719 2980 quidem
1762 2908 1856 2978 qui
1895 2908 2070 2963 solam

489 3004 774 3058 intuentur
805 3005 1039 3058 litteram
1066 3043 1080 3065 ,
1109 3012 1161 3056 et
1185 3002 1252 3056 ad
1279 3017 1500 3057 sensum
1529 3001 1622 3071 qui
1647 3008 1730 3058 est
1757 3001 1823 3054 ad
1849 3013 2070 3053 manum

490 3101 704 3147 tantum
723 3093 1041 3156 advertunt,
1059 3093 1558 3147 accommodabunt
1574 3091 1750 3163 legem
1763 3089 1930 3145 Mosis
1943 3104 2073 3159 prae-

2176 1913 2476 1967 ἀκουόντων
2506 1913 2657 1982 ἰσχὺν
2689 1912 2716 1963 6
2741 1911 2838 1980 τῆς
2861 1905 3320 1978 ἐκκλησιαστικῆς
3347 1906 3640 1976 δυνάμεως
3667 1922 3751 1957 τα-

2179 2002 2416 2075 ξίαρχος,
2452 2003 2594 2056 ὥστε
2630 2001 2725 2054 καὶ
2774 2000 2954 2070 βαλεῖν
3001 1998 3258 2052 δύνασθαι
3305 1999 3433 2060 τοὺς
3468 1996 3750 2050 ἀντιτετα-

2177 2094 2434 2163 γμένους,
2453 2090 2666 2154 καὶτὰς
2693 2091 2772 2153 εἰς
2795 2091 2856 2142 τὸ
2883 2089 3065 2160 βαλεῖν
3101 2086 3455 2160 παρασκευάς
3489 2084 3754 2157 συμπορίο

2177 2170 2486 2249 ζεσθαι.’“Α
2514 2182 2622 2254 γὰρ
2646 2179 3173 2254 προεπαιδεύθημεν,
3200 2179 3267 2233 δι’
3306 2171 3380 2232 ὧν
3406 2180 3580 2231 πᾶσιν
3601 2179 3753 2246 ἐφαρ·

2180 2273 2364 2345 μύζειν
2395 2274 2457 2327 τὸ
2493 2275 2556 2327 ἐκ
2587 2274 2682 2327 τοῦ
2733 2274 2924 2345 χρόνου
2970 2273 3191 2345 μέτρον,
3235 2273 3327 2326 καὶ
3355 2273 3455 2344 τὴν
3490 2274 3554 2326 ἐν
3604 2271 3750 2324 παντί

2176 2365 2460 2437 εὐκαιρίαν
2488 2364 2756 2419 ποιεῖσθαι
2785 2363 2878 2418 τοῦ
2905 2364 3072 2417 καλοῦ
3101 2364 3383 2436 κριτήριον
3423 2361 3748 2433 μεμαθήκα·

2181 2475 2300 2528 μεν,
2330 2459 2408 2521 εἰς
2431 2457 2636 2529 ταύτην
2657 2458 2806 2528 ἡμᾶς
2834 2459 2955 2524 ἄγει
2976 2456 3075 2526 τὴν
3099 2455 3349 2525 δύναμιν,
3383 2452 3531 2507 ὥστε
3565 2452 3748 2523 νοηθῆ-

2177 2548 2264 2602 ναί
2292 2565 2415 2602 τινα
2441 2547 2596 2619 ἡμῶν
2624 2548 2720 2618 τῆς
2745 2547 2923 2618 ψυχῆς
2953 2546 3234 2618 βραχίονα,
3259 2545 3352 2599 καὶ
3383 2546 3531 2599 κατὰ
3556 2543 3748 2599 σκοποῦ

2178 2641 2419 2711 πέμπειν
2464 2640 2590 2703 τοὺς
2617 2639 2996 2710 άναιρετικοὺς
3033 2637 3126 2691 τοῦ
3168 2636 3362 2708 ἐχθροῦ
3403 2635 3631 2699 λίθους,
3668 2635 3748 2688 καὶ

2179 2730 2341 2784 πάλιν
2367 2728 2755 2784 ἀνακαλεῖσθαι
2782 2727 3004 2792 τούτους
3027 2729 3108 2791 είς
3131 2721 3240 2781 οἷον
3277 2725 3345 2780 ἂν
3369 2725 3463 2779 τὸν
3495 2725 3747 2794 πολέμιον

2179 2822 2429 2894 βάλωμεν
2453 2823 2532 2886 είς
2565 2822 2627 2875 τὸ
2650 2821 2736 2874 ἀεὶ
2769 2820 2857 2875 διὰ
2888 2820 2996 2874 τῶν
3029 2819 3206 2873 αὐτῶν
3229 2817 3648 2882 κατακοντίζειν
3670 2816 3746 2868 τὸν

2175 2913 2572 2983 ἀντικείμενον.
2610 2913 2674 2965 Oi
2709 2912 2806 2983 μὲν
2832 2905 2926 2964 οὖν
2955 2910 3089 2982 πρὸς
3117 2909 3176 2963 τὸ
3203 2909 3437 2980 γράμμα
3464 2907 3746 2978 βλέποντες

2181 3006 2361 3076 μόνον,
2394 3004 2488 3058 καὶ
2527 3007 2593 3076 τῇ
2640 3003 2919 3075 προχείρῳ
2963 3003 3360 3074 παριστάμενοι
3391 3000 3612 3073 διανοίᾳ
3646 3000 3744 3054 τῶν

2177 3096 2484 3168 εἰρημένων
2503 3135 2518 3161 ,
2563 3096 2655 3149 τὸν
2681 3095 2926 3159 Μωσέως
2951 3095 3112 3165 νόμον
3136 3096 3266 3158 ἴσως
3297 3092 3540 3162 παροῦσι
3576 3094 3746 3164 ῥητοῖς

491 3187 742 3242 sentibus
775 3186 961 3241 verbis
981 3225 994 3248 ,
1019 3186 1074 3239 in
1106 3200 1212 3256 qua
1241 3185 1327 3239 lex
1355 3184 1510 3254 jubet
1537 3184 1722 3254 jacere
1747 3183 1956 3252 lapides
1977 3223 1991 3246 ,
2022 3182 2070 3238 si

2178 3167 2600 3261 ἐφαρμόσουσιν,
2646 3187 2732 3257 ἐφ’
2767 3187 2826 3242 ὃν
2877 3187 3209 3260 προστάσσει
3253 3188 3281 3239 6
3323 3184 3489 3255 νόμος
3545 3184 3744 3255 βάλλειν

490 3278 771 3347 quidpiam
809 3278 1163 3332 inveniantur
1194 3277 1359 3346 aliqui
1395 3275 1714 3346 delinquere
1761 3276 1817 3330 in
1865 3275 2069 3347 legem,

492 3369 637 3422 sicut
679 3377 733 3420 et
769 3383 870 3422 nos
911 3383 1008 3435 per
1051 3367 1223 3437 ipsam
1258 3366 1552 3422 didicimus
1589 3366 1914 3430 historiam,
1961 3374 2070 3419 tam

492 3460 546 3514 in
579 3460 645 3514 iis
671 3459 763 3530 qui
801 3467 1029 3530 peccant
1061 3459 1328 3514 adversus
1359 3458 1658 3513 Sabbatum
1681 3501 1695 3524 ,
1723 3472 1887 3527 quam
1920 3458 1974 3512 in
2006 3472 2072 3512 eo

491 3553 585 3620 qui
622 3567 778 3606 sacra
816 3558 903 3606 est
940 3551 1240 3605 sulluratus
1263 3593 1278 3616 ,
1315 3557 1371 3606 et
1405 3551 1459 3604 in
1493 3551 1617 3606 aliis
1652 3550 1874 3604 delictis
1897 3588 1911 3612 ,
1947 3563 2070 3618 quae

491 3643 579 3697 lex
609 3642 778 3711 jussit
829 3641 1015 3712 puniri
1067 3641 1360 3712 lapidibus.
1397 3641 1508 3714 Ego
1543 3650 1756 3707 autem,
1791 3641 1838 3697 si
1874 3655 2072 3712 cogere

490 3734 702 3805 lapides
746 3742 1114 3804 opportunum
1162 3733 1369 3789 faceret
1410 3733 1812 3795 Ecclesiastes,
1845 3731 1914 3786 de
1961 3746 2072 3802 quo

490 3826 575 3880 lex
606 3823 745 3880 nihil
772 3825 962 3896 jubet,
994 3841 1173 3894 neque
1215 3826 1326 3880 ulla
1367 3840 1434 3880 ex
1466 3825 1696 3882 historia
1730 3827 1876 3880 actio
1903 3824 2072 3880 refert

491 3917 670 3973 simile
691 3956 704 3980 ,
737 3917 806 3971 iis
836 3917 1138 3972 assentirer
1163 3917 1256 3985 qui
1283 3916 1452 3971 verba
1475 3931 1573 3986 per
1594 3917 1766 3986 legem
1793 3916 2070 3986 interpre—

489 4017 698 4073 tantur,
731 4007 875 4078 quod
911 4008 1124 4063 scilicet
1155 4015 1290 4060 tunc
1324 4009 1396 4060 sit
1427 4016 1640 4075 tempus
1668 4007 1905 4076 jaciendi
1928 4007 2070 4078 lapi-

491 4097 615 4162 des,
645 4099 866 4168 quando
899 4098 1170 4167 quispiam
1196 4099 1276 4152 vel
1299 4097 1532 4167 deliquit
1562 4099 1826 4154 adversus
1861 4100 2072 4154 Sabba-

491 4197 610 4242 tum
632 4227 647 4250 ,
677 4189 761 4243 vel
789 4189 1016 4243 abstulit
1045 4187 1253 4256 aliquid
1283 4203 1472 4243 eorum
1503 4205 1622 4258 quae
1646 4199 1773 4244 sunt
1796 4191 2066 4246 dedicata.

491 4276 651 4333 Nunc
700 4287 882 4334 autem
940 4276 1178 4348 adjectio
1229 4278 1350 4345 ejus
1393 4279 1539 4348 quod
1577 4286 1829 4349 oporteat
1876 4295 2070 4335 rursus

493 4386 689 4440 cogere
722 4368 930 4440 lapides
951 4410 964 4432 ,
1001 4369 1148 4438 quod
1179 4369 1400 4439 quidem
1437 4371 1585 4424 nulla
1614 4371 1731 4441 lege
1763 4379 1847 4426 est
1875 4371 2072 4425 deﬁni-

490 4469 607 4515 tmu
629 4501 644 4526 ,
678 4476 781 4516 nos
810 4460 963 4515 ducit
996 4458 1063 4513 ad
1094 4459 1263 4513 alium
1292 4475 1533 4516 sensum.
1573 4459 1860 4517 Discamus
1887 4471 2067 4517 autem
2099 4498 2148 4559 υ

491 4552 798 4622 cujusmodi
830 4555 900 4606 sit
929 4550 1032 4605 hoc
1062 4567 1236 4621 genus
1266 4550 1528 4622 lapidum,
1547 4553 1692 4623 quod
1714 4553 2067 4624 postjactum

491 4660 687 4700 rursus
719 4652 898 4713 potest
925 4643 1195 4714 possideri
1227 4645 1296 4700 ab
1325 4660 1389 4699 eo
1421 4645 1512 4716 qui
1546 4646 1798 4716 projecit.

563 4730 856 4800 Postquam
913 4731 1062 4786 enim
1109 4732 1316 4802 lapides
1361 4733 1416 4787 in
1458 4743 1701 4805 tempore
1742 4735 2064 4805 jecerimus,

491 4835 688 4876 rursus
719 4835 814 4877 eos
845 4836 1042 4890 cogere
1075 4822 1337 4878 docemur
1371 4824 1424 4878 in
1475 4835 1739 4895 tempore.
1779 4825 1908 4880 Mihi
1937 4841 2069 4897 ergo

492 4913 712 4967 videtur
736 4927 846 4966 non
883 4913 1018 4970 satis
1052 4915 1360 4970 sublimiter
1406 4917 1654 4988 accipere
1707 4917 1880 4987 legem
1917 4920 1971 4973 in
2003 4934 2069 4975 eo

493 5018 658 5058 sensu
693 5003 785 5073 qui
833 5010 918 5060 est
957 5005 1025 5059 ad
1075 5021 1317 5061 manum.
1355 5007 1493 5073 Quid
1539 5009 1682 5063 enim
1724 5025 1983 5081 magnum
2013 5018 2070 5066 et

491 5094 638 5164 quod
685 5093 853 5149 Deum
897 5094 1108 5160 deceat,
1141 5109 1364 5167 apparet
1397 5100 1451 5154 in
1483 5101 1630 5156 nudo
1676 5117 1839 5157 sensu
1874 5117 2064 5157 eorum

490 5202 612 5256 quae
637 5186 841 5258 scripta
873 5187 1038 5242 sunt?
1072 5185 1131 5242 Si
1179 5190 1306 5259 quis
1355 5191 1727 5262 deprehensus
1761 5203 1906 5250 esset
1950 5209 2070 5248 sar-

491 5285 733 5332 mentum
765 5278 1030 5350 colligens
1057 5277 1323 5343 Sabbato,
1354 5292 1639 5352 propterea
1663 5286 1947 5354 oportebat
1970 5286 2070 5340 ho~

491 5365 692 5422 minem
736 5367 896 5421 obrui
932 5368 1208 5438 lapidibus
1232 5371 1273 5434 ³,
1315 5385 1439 5424 cum
1472 5373 1620 5427 nulla
1657 5373 1854 5442 injuria
1897 5389 2068 5445 appa-

493 5466 609 5511 reat
638 5457 694 5510 in
735 5456 976 5512 delicto?
1017 5458 1190 5523 Quam
1223 5463 1368 5514 enim
1415 5462 1617 5518 fecerat
1648 5465 1926 5532 injuriam,
1965 5465 2070 5519 alio

496 5560 631 5614 quas
655 5548 896 5605 festucas
917 5565 1050 5604 casu
1071 5551 1327 5622 disjectas
1351 5570 1444 5626 per
1465 5555 1818 5612 solitudinem
1841 5556 1906 5611 ad
1927 5558 2069 5629 ignis

547 5719 567 5748 ³
613 5721 778 5780 Num.
809 5741 897 5791 xv,
919 5729 989 5782 '52
1007 5746 1121 5801 sqq.

2172 3279 2376 3344 λίθους,
2407 3278 2462 3331 εί
2488 3295 2542 3332 τι
2572 3278 3014 3350 παρανομοῦντες
3044 3276 3416 3348 εὑρίσκοιντο,
3442 3271 3537 3329 οία
3574 3276 3637 3346 δὴ
3663 3274 3743 3327 καὶ

2171 3370 2238 3423 δι’
2275 3369 2448 3440 αὐτῆς
2482 3369 2880 3441 μεμαθήκαμεν
2905 3370 3005 3439 τῆς
3045 3368 3304 3440 ἱστορίας,
3334 3367 3426 3419 ἐπί
3454 3384 3515 3420 τε
3541 3367 3651 3420 τῶν
3676 3367 3743 3427 εἰς

2171 3460 2231 3514 τὸ
2256 3460 2519 3513 σάϐϐατον
2543 3459 3044 3532 ἐξαμαρτανόντων,
3081 3459 3174 3513 καὶ
3202 3458 3295 3512 τοῦ
3327 3458 3394 3510 τὰ
3423 3457 3551 3528 ἱερὰ
3575 3456 3744 3512 κεκλο-

2173 3553 2354 3620 φότος,
2383 3551 2476 3604 καὶ
2521 3553 2613 3605 ἐπὶ
2651 3551 2759 3603 τῶν
2797 3550 2971 3606 ἄλλων
3003 3548 3498 3619 πλημμελημάτων
3546 3545 3630 3612 οἷς
3655 3547 3741 3616 τὴν

2171 3643 2259 3698 διὰ
2291 3645 2400 3697 τῶν
2439 3643 2604 3697 λίθων
2635 3642 2905 3714 τιμωρίαν
2934 3645 2962 3696 6
2991 3641 3156 3713 νόμος
3185 3639 3468 3706 ἐπέταξεν.
3527 3639 3670 3708 Ἐγὼ
3692 3639 3739 3691 δὲ

2171 3737 2220 3788 εί
2250 3735 2344 3789 καὶ
2374 3735 2434 3788 τὸ
2466 3735 2793 3802 συναγαγεῖν
2829 3733 3012 3797 λίθους
3039 3733 3296 3804 εὔκαιρον
3341 3733 3370 3785 6
3423 3731 3738 3801 Ἐκκλησιαι

2174 3827 2306 3897 στὴς
2347 3828 2604 3890 ἐποιεῖτο,
2655 3825 2783 3895 περὶ
2836 3816 2898 3876 οὗ
2932 3823 3098 3893 νόμος
3139 3823 3315 3885 οὐδεὶς
3360 3822 3735 3890 ἐγκελεύεται,

2171 3918 2294 3973 οὔτε
2323 3919 2421 3990 τῆς
2446 3916 2686 3992 ἱστορίας
2730 3917 2930 3986 πρᾶξιν
2963 3917 3250 3986 ὑφηγεῖται
3295 3913 3356 3967 τὸ
3389 3915 3605 3985 ὅμοιον,
3635 3931 3739 3967 συν-

2172 4011 2376 4081 εθέμην
2407 4011 2472 4065 ἂν
2497 4013 2609 4072 τοῖς
2630 4008 2721 4062 διὰ
2745 4007 2839 4062 τοῦ
2863 4007 3029 4078 νόμου
3058 4006 3120 4059 τὸ
3143 4005 3303 4077 ρητδν
3333 4005 3735 4076 ἑρμηνεύουσιν.

2171 4103 2247 4166 ὼς
2271 4103 2390 4155 τότε
2415 4102 2566 4164 δντος
2594 4099 2786 4171 καιροῦ
2815 4099 2994 4169 βαλεῖν
3017 4097 3218 4163 λίθους,
3242 4098 3368 4150 ὅταν
3387 4113 3473 4160 τις
3502 4097 3538 4168 ἢ
3577 4113 3737 4167 παρι-

2172 4193 2388 4264 νομήσῃ
2412 4191 2472 4244 τὸ
2499 4190 2786 4257 σάϐϐατον,
2805 4189 2839 4260 ἦ
2861 4207 2914 4242 τι
2937 4188 3046 4241 τῶν
3073 4187 3441 4241 ἀνατεθέντων
3467 4187 3734 4257 ὑφέληται.

2171 4286 2310 4338 Νυνὶ
2339 4285 2448 4354 δὲή
2481 4282 2765 4354 προσθήκη
2799 4280 2892 4334 τοῦ
2921 4280 3030 4333 δεῖν
3060 4277 3223 4333 πάλιν
3255 4280 3593 4346 συναγαγεῖν
3631 4278 3737 4335 τοὺς

2171 4379 2375 4442 λίθους,
2404 4378 2539 4448 ὅπερ
2569 4374 2744 4428 οὐδενὶ
2773 4371 2922 4442 νόμῳ
2943 4369 3260 4442 διώρισται,
3287 4369 3368 4431 είς
3395 4368 3570 4438 ἄλλην
3606 4368 3736 4437 ἡμᾶς

2173 4469 2297 4538 ἄγει
2355 4467 2595 4522 διάνοιαν
2619 4480 2634 4495 ⁸
2680 4462 2939 4535 μάθωμεν
2968 4462 3150 4514 ὁποῖον
3189 4457 3347 4512 τοῦτο
3403 4459 3552 4527 γένος
3593 4457 3736 4511 λίθων

2174 4561 2343 4623 ἐστὶν,
2375 4559 2403 4612 δ
2428 4556 2565 4630 μετὰ
2592 4556 2690 4628 τὴν
2714 4554 2871 4626 βολήν
2898 4552 3059 4607 πάλιν
3087 4549 3275 4622 κτῆμα
3299 4548 3394 4602 τοῦ
3425 4549 3734 4622 προῖεμένου

2175 4648 2419 4720 γίνεσθαι
2452 4649 2579 4719 χρή.

2259 4739 2512 4794 Ἐπειδὰν
2540 4738 2649 4807 γὰρ
2682 4736 2934 4808 βάλωμεν
2977 4732 3120 4787 κατὰ
3153 4733 3344 4804 καιρὸν
3371 4733 3503 4797 τοὺς
3537 4733 3730 4792 λίθους.

2177 4829 2336 4884 πάλιν
2365 4828 2691 4894 συναγαγεῖν
2706 4825 2902 4887 αὐτοὺς
2925 4825 2982 4877 ἐν
3009 4819 3184 4893 καιρῷ
3203 4821 3586 4892 διδασκόμεθα.
3604 4820 3735 4890 Ἐμοὶ

2178 4921 2279 4994 μὲν
2309 4917 2402 4974 οὖν
2428 4919 2575 4972 δοκεῖ
2597 4916 2728 4988 μηδὲ
2750 4915 2842 4969 τὸν
2864 4915 3027 4985 νόμον
3057 4913 3232 4976 οὕτως
3249 4913 3470 4984 ὑψηλῶς
3497 4914 3638 4967 κατὰ
3653 4911 3736 4980 τὴν

2176 5011 2468 5082 πρόχειρον
2509 5009 2719 5062 ἔννοιαν
2766 5004 3148 5076 ἐκλαμϐάνειν.
3200 5005 3266 5056 Τί
3303 5003 3412 5075 γὰρ
3447 5003 3732 5076 θεοπρεπὲς

2177 5103 2272 5156 καὶ
2315 5103 2460 5173 μέγα
2489 5103 2556 5172 τῇ
2583 5099 2710 5169 ψιλῇ
2743 5097 2951 5168 διανοίᾳ
2977 5089 3087 5149 τῶν
3112 5095 3520 5166 γεγραμμένων
3550 5091 3730 5165 ἐμφαί-

2174 5212 2324 5248 νεται
2355 5209 2370 5257 ;
2399 5193 2463 5245 Εἰ
2501 5189 2970 5262 φρυγανιζόμενός
3002 5204 3086 5249 τις
3115 5186 3257 5240 ἐάλω
3287 5185 3427 5239 κατὰ
3447 5186 3512 5238 τὸ
3547 5184 3730 5240 σάϐϐα-

2173 5303 2284 5347 τον,
2333 5283 2421 5337 διὰ
2460 5282 2620 5336 τοῦτο
2663 5279 3096 5348 καταλευσθῆναι
3141 5271 3232 5331 τὸν
3279 5269 3574 5347 ἄνθρωπον
3602 5276 3727 5334 ἔδει,

2177 5377 2447 5448 μηδεμιᾶς
2479 5374 2692 5436 ἀδικίας
2723 5373 2780 5425 ἐν
2811 5371 2890 5441 τῷ
2921 5369 3350 5440 πλημμελήματι
3383 5369 3726 5438 φαινομένηςς

2174 5469 2241 5522 Τί
2279 5468 2390 5542 γὰρ
2422 5467 2598 5536 ἠδίκει
2629 5464 2752 5520 τινὰ
2779 5464 2963 5536 κάρφη
3000 5463 3139 5516 κατὰ
3167 5461 3230 5514 τὸ
3264 5459 3480 5531 συμϐὰν
3507 5461 3727 5530 διερριμ-

2180 5559 2315 5629 μένα
2355 5557 2498 5620 κατὰ
2537 5557 2636 5627 τήν
2676 5555 2881 5626 ἔρημον
2915 5554 3050 5626 πρὸς
3080 5551 3178 5624 τὴν
3208 5549 3303 5607 τοῦ
3343 5552 3518 5623 πυρὸς
3565 5548 3724 5625 χρείαν
