3874 6372
135 381 237 436 715

1203 377 1269 431 ΙΝ
1302 372 1850 432 ECCLESIASTEN.
1894 372 2182 429 IIOMILIA
2222 374 2336 429 Vll.

3307 381 3402 434 7H

135 486 638 558 συγκομιζόμενος;
679 493 755 541 Οὐ
804 493 914 559 γὰρ
951 491 1014 541 rb
1044 487 1328 560 ἀλλότριον
1360 487 1716 558 ἀφαιρεῖσθαι

1838 487 2141 544 dimentum
2189 491 2532 560 apportans?
2587 491 2705 548 Non
2735 493 2880 549 enim
2929 503 3228 552 accusatur
3261 499 3404 565 quod

133 583 548 651 κατηγορεῖται,
579 579 720 634 ὥστε
746 579 924 634 δοκεῖν
953 579 1194 648 εὐλόγως
1225 580 1325 651 τὴν
1363 580 1578 634 ἀδικίαν
1623 597 1717 632 κο-

133 671 419 736 λάζεσθαι,
450 671 586 724 ἀλλά
615 670 678 724 rb
703 673 856 742 κοινῇ
890 672 1026 724 πᾶσι
1069 671 1432 743 προκείμενον
1457 669 1608 742 αὐτῷ
1636 669 1721 724 αἴ-

133 782 252 818 τιον
271 763 481 834 γίνεται
499 763 599 834 τῆς
631 762 740 816 τῶν
771 762 936 816 λίθων
972 763 1156 833 βολῆς.
1201 763 1342 817 Ἀλλ’
1373 765 1456 817 ὅτι
1489 765 1548 816 ὲν
1579 761 1720 816 Σαϐ-

137 857 289 928 ϐάτῳ
321 856 483 911 τοῦτο
513 857 762 928 ἐποίησε,
787 855 877 911 διὰ
905 857 1066 910 τοῦτο
1099 857 1176 920 ὡς
1201 856 1527 928 κακουργῶν
1553 871 1722 910 καταο

137 951 403 1022 κρίνεται.
445 949 541 1014 Τίς
564 950 666 1003 οὐκ
700 944 864 1014 οἶδεν,
895 948 980 1002 ὅτι
1023 948 1134 1000 τῶν
1159 948 1462 1020 γινομένων
1491 947 1724 1001 ἕκαστον

135 1046 202 1115 τῇ
230 1042 338 1114 ίδίᾳ
367 1041 614 1114 κρίνεται
645 1041 828 1111 φύσει,
855 1040 968 1094 εἴτε
994 1039 1187 1105 κακὸν,
1223 1041 1335 1094 εἴτε
1366 1040 1442 1112 μὴ
1482 1039 1724 1094 τοιοῦτόν

136 1137 319 1198 ὲστιν;
347 1133 416 1188 Ὀ
441 1134 497 1188 δὲ
525 1134 716 1206 χρόνος
755 1129 874 1188 καθ’
901 1132 963 1188 ὃν
991 1135 1297 1205 ἐνεργεῖται
1328 1134 1552 1204 πρᾶξις,
1588 1133 1724 1200 ἔξω·

137 1225 232 1278 θεν
279 1224 383 1296 τῆς
426 1223 521 1280 τοῦ
555 1225 840 1295 γινομένου
877 1224 1093 1295 φύσεως
1144 1224 1453 1294 θεωρεῖται.
1510 1208 1584 1278 ΤίΙ
1615 1223 1728 1296 γάρ

137 1317 318 1370 κοινὸν
350 1316 463 1388 ἔχει
502 1316 564 1370 rb
597 1315 849 1388 χρονικδν
882 1317 1181 1386 διάστημα,
1227 1317 1364 1388 πρὸς
1393 1316 1454 1370 rb
1493 1317 1558 1370 ἐκ
1591 1333 1727 1388 προ-

137 1410 407 1480 αιρέσεως
433 1409 710 1480 ἡμετέρας
743 1407 1180 1478 ἀποτελούμενον
1207 1425 1220 1472 ;
1265 1409 1390 1462 Ἐἀν
1414 1406 1607 1480 ἔρηταί
1645 1425 1728 1472 τις

135 1503 310 1572 ἡμᾶς,
337 1501 389 1555 τί
436 1501 618 1572 ἡμέρα
657 1501 792 1562 ἐστὶ,
830 1499 890 1552 rb
929 1499 1072 1569 ὑπὲρ
1129 1500 1233 1569 γῆς
1271 1495 1411 1553 εἶναι
1441 1499 1533 1553 τὸν
1574 1499 1727 1570 ἥλιον

137 1595 356 1655 πάντως
375 1591 837 1665 ἀποκρινούμεθα,
860 1593 954 1646 καὶ
1004 1591 1203 1662 μέτρον
1225 1590 1392 1661 αὐτῆς
1422 1590 1616 1663 ὄρθρον
1637 1593 1730 1645 καὶ

136 1684 380 1754 ἑσπέραν
403 1682 722 1753 ποιούμεθα.
767 1681 825 1734 ’0
843 1683 898 1736 δὲ
927 1681 1139 1735 τοιοῦτο
1153 1702 1164 1743 ;
1187 1681 1340 1751 λόγος
1371 1683 1472 1752 τῆς
1494 1683 1728 1753 ἡμέρας,

135 1777 196 1829 ού
235 1777 336 1846 μιᾷ
373 1793 477 1828 tu
509 1775 642 1846 μόνη
670 1773 778 1827 τῶν
810 1773 952 1826 κατὰ
973 1773 1071 1844 τὴν
1091 1773 1456 1846 ἐϐδοματικὴν
1483 1774 1730 1844 περίοδον

135 1868 635 1938 ἀνακυκλουμένων
665 1866 1151 1938 ὲφαρμοσθήσεται
1171 1882 1184 1896 ·
1221 1866 1356 1920 ἀλλὰ
1385 1868 1479 1920 καὶ
1501 1867 1728 1937 πρώτης

137 1962 233 2014 καὶ
273 1958 536 2030 δευτέρας
585 1957 872 2030 καὶμέχρι
904 1957 1006 2028 τῆς
1048 1957 1302 2028 ἑϐδόμης,
1349 1959 1378 2012 ὀ
1407 1958 1567 2022 αὐτός
1611 1959 1726 2012 ἐστι

137 2053 316 2120 λόγος,
357 2051 453 2104 καὶ
504 2051 658 2104 οὐδὲν
693 2051 726 2120 ἡ
765 2049 859 2103 τοῦ
906 2048 1186 2102 Σαὸὁάτου
1223 2051 1406 2120 ἡμέρα
1439 2049 1582 2103 κατά
1629 2051 1728 2113 τὰς

138 2145 335 2208 λοιπὰς
359 2143 500 2197 κατά
517 2143 578 2196 rb
604 2139 742 2195 εἶναι
765 2143 948 2214 ἡμέρα
977 2143 1376 2214 παρήλλακται.
1413 2143 1538 2196 Ἐὰν
1563 2143 1618 2196 δέ
1645 2161 1726 2207 τις

138 2237 240 2308 τὴν
258 2236 353 2290 τοῦ
376 2235 777 2306 ἁμαρτήματος
808 2235 1041 2308 ἐξετάσῃ
1067 2236 1329 2296 διάνοιαν,
1351 2235 1412 2288 rb
1441 2235 1514 2306 μὴ
1542 2235 1652 2289 δεῖν
1676 2253 1728 2289 τι

141 2329 281 2384 κατά
321 2329 418 2382 τοῦ
446 2328 616 2392 πέλας
655 2331 851 2390 ποιεῖν,
883 2328 1103 2390 πάντως
1125 2327 1382 2399 ἐροῦμεν,
1415 2321 1562 2382 οἷονο
1599 2346 1618 2379 ι
1651 2330 1727 2382 Οὐ

143 2421 475 2492 μοιχεύσεις,
509 2421 568 2474 οὐ
603 2419 906 2489 φονεύσεις,
936 2419 998 2478 οὐ
1025 2419 1265 2490 κλέψεις,
1299 2439 1317 2471 ι
1339 2419 1432 2472 καὶ¹
1451 2419 1520 2472 τὰ
1543 2418 1725 2472 λοιπά·

139 2509 216 2567 ὧν
256 2515 470 2584 γενικός
508 2513 627 2566 ἐστι
676 2513 862 2582 νόμος,
894 2513 964 2564 τὰ
1011 2512 1134 2566 καθ’
1179 2509 1415 2565 ἕκαστον
1457 2513 1515 2566 ὲν
1553 2511 1731 2583 ἐαυτῷ

141 2608 437 2677 περιέχων,
473 2605 568 2659 καὶ
593 2607 732 2675 ὅπερ
754 2608 786 2675 ἡ
811 2604 907 2658 τοῦ
947 2605 1234 2674 ἀγαπῆσαι
1270 2605 1364 2657 τὸν
1402 2604 1632 2675 πλησίον
1654 2603 1730 2668 ὡς

141 2701 339 2754 ἑαυτόν
363 2717 378 2730 ·
412 2700 589 2754 ταῦτα
612 2701 707 2754 καὶ
737 2699 878 2752 κατὰ
903 2700 1085 2752 πᾶσαν
1116 2699 1334 2770 ἡμέραν
1362 2698 1556 2770 ἐπίσης
1601 2715 1732 2753 κατ-

139 2793 449 2864 ορθούμενά
485 2810 546 2845 τε
589 2793 682 2846 καὶ
722 2790 1223 2864 παρανομούμενα,
1257 2790 1290 2862 ἢ
1333 2791 1478 2846 καλά
1511 2792 1731 2854 πάντως

140 2885 314 2948 ἐστὶν,
350 2885 383 2954 ἢ
415 2886 480 2938 ὲκ
516 2883 610 2937 τοῦ
642 2883 886 2937 ἐναντίου
919 2883 1210 2954 νοούμενα.
1239 2883 1354 2936 Οὐκ
1388 2882 1454 2936 ἂν
1481 2881 1538 2935 δέ
1585 2899 1670 2946 τις
1702 2881 1732 2934 δ

143 2980 388 3046 σήμερον
437 2975 606 3028 κακδν
639 2975 833 3046 ἐκρίθη
858 2974 1174 3044 γενόμενον,
1207 2974 1317 3028 εἴτε
1363 2971 1524 3043 φόνος
1556 2973 1640 3042 εἴη
1672 2973 1734 3025 rb

138 3065 555 3136 πλημμέλημα,
606 3066 714 3119 εἴτε
766 3083 820 3118 τι
867 3065 996 3120 ἄλλο
1051 3064 1161 3118 τῶν
1211 3061 1624 3136 ἀπειρημένων,
1671 3063 1733 3116 τὸ

139 3158 278 3210 αὐτὸ
307 3155 468 3210 τούτο
495 3159 562 3228 τῇ
592 3157 793 3228 ἑφεξῆς
829 3149 996 3211 καλὸν
1037 3151 1180 3209 εἶναι
1221 3155 1518 3223 νομίσειεν.
1549 3155 1612 3208 Εἰ
1637 3149 1732 3208 οὖν

135 3251 202 3305 τὸ
233 3250 408 3304 κακὸν
437 3250 526 3304 ἀεὶ
555 3249 794 3304 τοιοῦτόν
828 3251 998 3314 ἐστιν,
1028 3250 1086 3302 ὲν
1118 3241 1272 3319 ᾧπερ
1303 3249 1370 3302 ἂν
1395 3248 1574 3320 χρόνῳ
1593 3247 1732 3318 τύχῃ

137 3342 514 3414 τολμώμενον,
541 3341 636 3414 καὶ
662 3342 722 3395 τὸ
749 3341 1063 3405 ἀνεύθυνον,
1094 3340 1220 3394 οὐδὲ
1248 3340 1314 3394 ἂν
1340 3339 1553 3408 γένοιτο
1583 3339 1734 3410 παρά

139 3413 450 3506 τδνίχρόνον
481 3413 802 3488 ὑπεύθυνον.
837 3435 898 3486 Ei
920 3433 1103 3486 τοίνυν
1120 3433 1180 3486 rb
1210 3432 1316 3503 πρὸ
1332 3432 1426 3484 τοῦ
1450 3430 1732 3484 Σαϐϐἀτου

140 3524 578 3600 φρυγανίζεσθαι
618 3525 712 3580 καὶ¹
742 3524 924 3597 πυρὰν
968 3525 1182 3582 ἆπτειν,
1217 3523 1323 3588 ἔξω
1360 3522 1576 3586 ἀδικίας
1617 3522 1735 3575 ἐστι

149 3619 249 3672 καὶ
297 3617 576 3682 κολάσεως
603 3633 618 3648 ⁸
671 3617 766 3670 καὶ
825 3616 944 3680 πῶς
999 3617 1061 3670 rb
1111 3616 1245 3670 αύτδ
1292 3613 1453 3668 τοῦτο
1503 3615 1734 3683 ἐπιούσῃ

141 3712 253 3782 ἡμὲ
265 3727 332 3782 pq.
361 3709 744 3781 πλημμέλημα
764 3708 974 3778 γίνεται
997 3727 1012 3775 ;
1056 3707 1198 3761 Ἀλλ’
1223 3702 1341 3761 οἶδα
1365 3707 1426 3760 rb
1456 3704 1736 3760 Σά66ατον

139 3804 248 3874 τῆς
283 3802 666 3867 ἀναπαύσεως,
717 3797 835 3856 οἶδα
877 3800 968 3854 τὸν
993 3801 1094 3872 τῆς
1133 3799 1409 3872 ἀπραξίας
1451 3797 1638 3870 νόμον,
1678 3797 1736 3861 ὃς

141 3897 270 3966 οὐχὶ
295 3897 538 3968 πεδήσας
567 3895 658 3948 τδν
700 3895 988 3968 ἄνθρωπον
1020 3893 1120 3964 τῆς
1150 3892 1386 3963 φυσικῆς
1429 3891 1733 3963 ἐνεργείας,

141 3989 430 4059 ἄπρακτον
455 3985 592 4041 εἶναι
613 3987 1006 4042 διακελεύεται.
1043 3987 1108 4040 Ei
1138 3985 1249 4058 γὰρ
1277 3984 1342 4040 ἂν
1375 3985 1472 4039 καὶ
1499 3984 1737 4039 ἀδύνατα

144 4077 384 4142 κελεύει,
413 4079 718 4151 ἀπρακτεῖν
766 4079 1129 4152 προστάσσων
1172 4080 1326 4150 ἡμῖν,
1367 4072 1450 4142 οἷς
1493 4078 1590 4132 καὶ
1616 4076 1739 4147 δίχα

143 4168 262 4222 τῶν
309 4169 514 4222 λοιπῶν
549 4168 748 4242 ἔργων,
791 4169 923 4222 αὐτὸ
965 4169 1028 4222 rb
1064 4171 1162 4239 τῆς
1199 4166 1346 4240 ζωῆς
1395 4165 1536 4232 εἶδος
1579 4167 1739 4238 ἔργον

142 4260 299 4314 ἐστίν
325 4276 336 4287 ·
371 4259 663 4332 ὀφθαλμῶν
698 4261 796 4332 μὲν
825 4262 858 4331 ὴ
890 4260 1032 4324 ὅψις,
1063 4261 1233 4332 ἀκοῆς
1257 4259 1314 4314 δὲ
1341 4263 1374 4331 ἡ
1403 4259 1544 4315 κατά
1579 4259 1740 4330 φύσιν

144 4354 425 4424 ἐνέργεια,
467 4354 762 4424 μυκτήρων
797 4353 853 4406 δὲ
887 4353 919 4422 ἡ
949 4352 1236 4424 ὄσφρησις,
1279 4353 1546 4423 στόματος
1580 4353 1614 4424 ὴ
1645 4351 1740 4406 τοῦ

143 4447 316 4518 ἀέρος
339 4446 494 4516 ὁλκὴ.
524 4445 776 4518 γλώσσης
807 4449 834 4500 ὁ
863 4445 1040 4514 λόγος,
1070 4445 1282 4500 ὀδοῦσιν
1323 4448 1356 4517 ἡ
1397 4447 1604 4518 τροφῆς
1637 4445 1742 4498 ὑπ-

1821 577 2059 632 alienum
2107 579 2340 646 auferat,
2387 589 2446 636 ut
2488 581 2614 652 jure
2661 582 2912 638 videatur
2949 586 3130 654 puniri
3181 586 3422 656 injuria.’

1823 671 1916 728 sed
1953 671 2099 741 quod
2129 682 2215 728 est
2246 674 2614 729 communiter
2643 675 2898 731 omnibus
2927 677 3294 746 propositum,
3327 689 3406 734 cst

1822 763 1872 816 ei
1901 778 2090 827 causa,
2119 772 2178 818 ut
2206 767 2258 820 in
2289 765 2725 836 eum'jaciantur
2755 767 2984 838 lapides.
3020 768 3126 824 Sed
3155 771 3283 840 quia
3306 771 3412 826 hoe

1827 851 1958 908 fecit
1992 853 2046 906 in
2076 851 2340 915 Sabbato.
2370 863 2657 926 propterea
2683 856 2980 911 damnatur
3008 867 3267 928 tanquam
3301 875 3413 913 ma-

1827 945 2040 1001 leﬁcus.
2075 945 2214 1014 Quis
2245 949 2442 1013 nescit,
2485 950 2631 1020 quod
2661 966 2850 1006 eorum
2881 968 3004 1022 quae
3038 952 3176 1008 ﬁunt
3213 970 3413 1008 unum-

1825 1039 2105 1110 quodque,
2141 1041 2362 1111 pr0pria
2411 1041 2694 1110 judicatur
2740 1051 2958 1108 natura,
3009 1044 3152 1100 sitne
3206 1044 3410 1100 bonum

1828 1145 1896 1184 an
1925 1132 2171 1186 malum?
2197 1133 2435 1203 Tempus
2457 1142 2638 1188 autem
2668 1133 2722 1188 in
2749 1151 2858 1204 quo
2886 1135 2946 1189 lit
2969 1137 3134 1200 actio,
3161 1135 3414 1191 conside-

1827 1230 1982 1278 ratur
2008 1231 2163 1279 extra
2199 1224 2322 1294 ejus
2348 1225 2494 1296 quod
2525 1224 2585 1280 lit
2607 1236 2882 1281 naturam.
2915 1225 3054 1292 Quid
3084 1229 3230 1282 enim
3259 1243 3412 1281 rom-

1829 1327 1995 1367 mune
2041 1313 2204 1369 habet
2253 1313 2518 1384 temporis
2566 1315 2827 1385 spatium,
2885 1331 3010 1371 cum
3063 1332 3129 1373 eo
3173 1318 3317 1388 quod
3347 1333 3412 1372 ex

1830 1413 2025 1460 nostro
2051 1405 2225 1461 libero
2260 1406 2540 1478 peragitur
2572 1407 2846 1463 arbitrio?
2884 1406 2940 1462 Si
2969 1409 3097 1478 quis
3124 1424 3226 1464 nos
3261 1418 3416 1480 roget

1831 1497 1962 1564 quid
1999 1497 2075 1551 sit
2096 1498 2238 1560 dies,
2275 1499 2446 1555 solem
2478 1514 2603 1554 esse
2637 1515 2804 1567 super
2832 1507 3034 1554 terram
3067 1501 3294 1556 omnino
3323 1517 3412 1556 rc-

1833 1588 2252 1658 spondehimus,
2296 1597 2351 1646 et
2382 1606 2542 1646 mane
2569 1601 2623 1646 et
2655 1607 2938 1663 vesperam
2968 1601 3273 1649 statuemus
3296 1593 3418 1662 ejus

1832 1692 1957 1734 esse
1983 1695 2320 1737 mensuram.
2353 1681 2478 1739 Hazc
2501 1694 2684 1740 autem
2713 1684 2818 1738 diei
2848 1685 2990 1738 ratio
3017 1700 3124 1739 non
3151 1693 3418 1754 congruet

1837 1771 1928 1825 uni
1967 1772 2068 1828 soli
2102 1787 2168 1828 ex
2213 1773 2282 1830 iis
2323 1774 2418 1845 qui
2446 1775 2742 1830 volvuntur
2767 1791 2864 1846 per
2904 1775 3168 1830 ambitum
3206 1777 3417 1832 hebdo-

1831 1861 2024 1926 madas,
2057 1863 2153 1920 sed
2177 1875 2230 1920 et
2257 1865 2420 1936 primi
2465 1874 2521 1920 et
2559 1867 2809 1932 secundi,
2863 1879 2915 1922 et
2945 1883 3122 1938 usque
3145 1869 3212 1923 ad
3244 1869 3416 1939 septi—

1830 1969 1978 2009 mum
2010 1955 2200 2011 eadem
2224 1964 2308 2012 est
2333 1959 2494 2024 ratio,
2527 1974 2705 2029 neque
2727 1959 2846 2016 dies
2865 1959 3088 2014 Sabbati
3113 1961 3415 2031 quidquam

1829 2043 2011 2101 dill'ert
2037 2061 2067 2100 a
2097 2049 2314 2103 caeteris
2347 2049 2400 2103 in
2429 2065 2496 2105 eo
2519 2050 2666 2120 quod
2698 2051 2771 2104 sit
2797 2051 2934 2104 dies.
2983 2049 3039 2104 Si
3077 2051 3202 2120 quis
3232 2059 3415 2107 autem

1828 2137 2164 2194 examinabit
2191 2141 2335 2211 quod
2368 2141 2474 2196 sibi
2513 2142 2629 2196 vult
2660 2151 2967 2212 peccatum.
3015 2141 3266 2198 dicemus
3296 2157 3417 2197 om-

1831 2229 1964 2284 nino
1995 2231 2131 2285 nihil
2163 2231 2343 2289 facere
2371 2242 2563 2289 contra
2599 2235 2935 2305 proximum,
2985 2243 3045 2290 ut
3083 2257 3100 2288 ι
3122 2233 3242 2290 Non
3278 2251 3416 2291 ιιιοε-

1831 2323 2106 2390 ehaberis,
2144 2340 2251 2379 non
2280 2327 2524 2390 occides,
2559 2342 2672 2381 non
2722 2327 3050 2391 fin-aberis,»
3091 2336 3146 2382 et
3181 2336 3414 2383 caetera:

1831 2429 2064 2482 quorum
2097 2417 2178 2469 lex
2203 2423 2288 2470 est
2311 2418 2580 2486 generalis
2609 2421 2664 2472 in
2697 2433 2756 2473 se
2777 2403 2990 2488 singula
3019 2419 3417 2490 complectens.

1830 2515 1886 2560 et
1914 2505 1968 2560 id
2009 2507 2157 2576 quod
2203 2507 2391 2562 datum
2423 2518 2507 2564 est
2550 2521 2883 2580 praeceptum
2929 2510 3190 2582 diligendi
3226 2498 3418 2582 proxi;

1833 2611 1981 2653 mum
2010 2606 2069 2652 ut
2100 2599 2367 2669 seipsum,
2397 2601 2512 2654 haec
2539 2602 2806 2670 quotidie,
2835 2617 2931 2656 seu
2957 2611 3108 2657 recte
3137 2609 3192 2657 et
3215 2618 3280 2658 ex
3310 2603 3421 2656 vir-

1833 2695 1969 2753 tute,
2005 2705 2100 2745 seu
2129 2699 2322 2745 contra
2354 2691 2500 2760 leges
2525 2691 2678 2752 ﬁant,
2720 2701 2810 2745 aut
2847 2701 2975 2746 sunt
3001 2692 3226 2748 omnino
3252 2693 3417 2754 bona,

1833 2786 1930 2834 aut
1958 2779 2342 2850 intelliguntur
2363 2796 2486 2835 esse
2514 2783 2814 2836 contraria.
2849 2782 3020 2836 Nemo
3053 2790 3236 2838 autem
3270 2783 3418 2853 quod

1834 2870 2038 2924 malum
2077 2879 2162 2925 est
2205 2871 2370 2936 hodie
2409 2871 2740 2939 judicatum,
2789 2877 2845 2927 et
2877 2888 2976 2942 pro
3023 2873 3225 2927 delicto
3267 2873 3425 2928 habi-

1835 2969 1982 3024 tum,
2025 2976 2123 3017 seu
2151 2961 2353 3023 caedes,
2403 2977 2501 3017 seu
2533 2963 2832 3034 quidquam
2864 2963 3012 3019 aliud
3061 2965 3421 3036 prohibitum,

1835 3053 1938 3108 hoc
1991 3053 2172 3124 ipsum
2215 3055 2306 3110 die
2341 3056 2590 3126 sequenti
2629 3056 2834 3111 bonum
2881 3072 3005 3112 esse
3037 3068 3090 3112 et
3132 3058 3422 3113 honestum

1835 3145 2133 3202 censuerit.
2170 3145 2228 3200 Si
2259 3161 2392 3218 ergo
2419 3147 2622 3202 malum
2669 3155 2756 3203 est
2789 3148 3125 3220 hujusmodi.
3169 3167 3423 3221 quocun-

1837 3252 1945 3306 que
1970 3246 2216 3308 tempore
2240 3237 2597 3293 admittatur:
2635 3249 2690 3294 et
2718 3239 2773 3294 id
2799 3243 2943 3310 quod
2971 3249 3056 3296 est
3082 3243 3216 3296 nulli
3252 3245 3426 3314 culpa:

1837 3330 2016 3395 aliine,
2078 3348 2145 3386 ne
2185 3331 2301 3386 ﬁeri
2337 3331 2556 3402 quidem
2607 3341 2792 3402 potest
2843 3342 2902 3386 ut
2949 3343 3174 3406 propter
3209 3345 3426 3410 tempus

1838 3422 2062 3492 aliquod
2099 3423 2173 3476 sit
2207 3425 2426 3480 crimini
2472 3424 2796 3480 obnoxium.
2837 3423 2894 3479 Si
2929 3441 3060 3495 ergo
3107 3435 3234 3482 ante
3289 3426 3423 3503 Sab-

1840 3518 2025 3572 hatum
2057 3519 2204 3590 ligna
2249 3521 2529 3591 colligere.
2561 3527 2616 3574 et
2642 3533 2833 3590 rogum
2866 3520 3191 3584 accendere,
3227 3503 3313 3577 est
3359 3523 3426 3576 ah

1840 3609 2132 3680 iniquitate
2160 3622 2452 3671 remotum.
2493 3626 2594 3666 nec
2625 3621 2710 3666 est
2739 3612 3076 3683 puniendum
3104 3631 3118 3669 :
3155 3619 3427 3684 quomodo

1843 3704 1945 3758 hoc
1970 3705 2150 3774 ipsum
2181 3706 2414 3760 ellieilur
2443 3705 2702 3761 delictum
2735 3707 2825 3761 die
2849 3709 3137 3776 sequenti?
3157 3709 3426 3764 Caeterum

1841 3797 1966 3851 novi
2003 3795 2307 3853 Sabbatum
2343 3801 2566 3868 quietis,
2619 3802 2744 3856 novi
2797 3803 2970 3871 legem
3016 3803 3155 3856 nihil
3207 3805 3426 3874 agendi,

1840 3902 1962 3956 qua
1995 3903 2100 3941 non
2141 3889 2358 3960 alligata
2395 3891 2638 3948 hominis
2660 3895 2896 3948 naturali
2929 3895 3270 3966 operatione,
3303 3912 3426 3951 eum

1836 3977 1991 4044 jubet
2017 3978 2152 4032 nihil
2183 3995 2361 4050 agere.
2397 3979 2454 4036 Si
2491 3983 2636 4037 enim
2662 3983 2818 4053 jubet
2853 4001 2976 4055 quae
3005 3987 3120 4041 ﬁeri
3153 4003 3260 4042 non
3298 4003 3418 4058 pos-

1843 4079 1994 4134 sunt,
2023 4071 2227 4139 jubens
2262 4090 2361 4130 nos
2395 4076 2529 4130 nihil
2562 4091 2746 4148 agere,
2785 4079 2987 4148 quibus
3029 4081 3192 4136 etiam
3224 4082 3431 4152 absque

1843 4163 2064 4218 caeteris
2093 4167 2355 4234 operibus
2389 4169 2570 4239 ipsum
2603 4169 2728 4224 vitm
2766 4186 2940 4241 genus
2969 4181 3053 4228 est
3087 4189 3258 4244 opus:
3302 4190 3432 4229 oru-

1843 4255 2021 4311 lorum
2054 4260 2273 4330 quidem
2306 4263 2481 4324 visus,
2516 4266 2732 4317 aurium
2763 4271 2944 4320 autem
2976 4280 3040 4321 ea
3072 4283 3193 4336 qua:
3221 4277 3305 4321 est
3350 4283 3435 4322 se-

1845 4350 2086 4404 cundum
2130 4362 2386 4406 naturam
2419 4353 2686 4422 operatio,
2721 4357 2936 4410 narium
2979 4372 3106 4410 vero
3147 4358 3432 4420 odoratus,

1845 4440 1960 4495 oris
1991 4441 2133 4496 aeris
2165 4449 2458 4506 attractus,
2493 4443 2692 4514 linguae
2722 4461 2924 4510 sermo,
2958 4447 3216 4502 dentibus
3247 4449 3432 4502 nutri-

143 4537 369 4611 ηρεσία,
409 4537 733 4608 σπλάγχνων
773 4539 806 4610 ὴ
836 4537 1024 4607 πέψις,
1055 4539 1267 4609 ποσὶνή
1295 4538 1528 4607 κίνησις,
1555 4538 1733 4609 χερσὶι

1848 4533 2016 4587 menti
2048 4533 2476 4600 administratio,
2519 4537 2826 4593 visceribus
2849 4541 3160 4602 concoctio.
3207 4541 3436 4610 pedibus

143 4634 339 4686 ἐκεῖνα
365 4631 496 4703 πρὸς
527 4631 562 4685 ἀ
591 4631 979 4702 πέφυκενήμῖν
1003 4621 1245 4699 ἐνεργεῖν
1270 4630 1444 4684 ταῦτα
1475 4631 1544 4684 τὰ
1580 4629 1736 4702 μέλη.

147 4721 281 4784 Πῶς
313 4718 408 4774 οὖν
448 4724 563 4776 ἐστι
607 4722 829 4776 δυνατὸν
860 4722 1176 4793 κυρωθῆναι
1207 4721 1298 4775 τὸν
1328 4723 1427 4792 τῆς
1458 4718 1740 4792 ἀπραξίας

145 4814 321 4884 νόμον
365 4814 423 4865 ού
456 4814 925 4886 παραδεχομένοις
956 4815 1056 4886 τὴν
1098 4813 1301 4886 ἀργίαν
1338 4813 1438 4881 τῆς
1486 4811 1742 4882 φύσεωςς

147 4905 284 4968 Πῶς
317 4905 490 4959 πείσω
535 4905 628 4957 τὸν
667 4905 946 4976 ὀφθαλμὸν
983 4905 1058 4976 μὴ
1087 4905 1220 4976 ὁρᾷν
1250 4906 1312 4958 ἐν
1349 4902 1614 4974 Σαϐϐάτῳ
1639 4943 1654 4968 ,
1682 4897 1744 4957 οὗ

147 4993 321 5064 φύσις
349 4995 468 5047 ἐστὶ
513 4993 574 5046 τὸ
597 4995 814 5058 πάντως
837 5012 888 5048 τι
922 4993 1142 5064 βλέπειν
1167 5010 1182 5051 :
1217 4992 1338 5056 Πῶς
1363 4993 1460 5064 τὴν
1485 4994 1742 5047 ἀκουστι-

145 5082 256 5150 κὴν
287 5081 498 5154 ἐπίσχω
527 5083 808 5154 ἐνέργειαν
834 5099 848 5148 ;
886 5082 1011 5148 Πῶς
1043 5084 1237 5154 πεισθῇ
1273 5099 1363 5154 μοι
1385 5084 1420 5153 ὴ
1471 5082 1740 5152 ὄσφρησις

146 5174 253 5246 τὴν
305 5173 698 5244 ἀντιληπτικὴν
742 5173 999 5246 αἴσθησιν
1051 5173 1161 5227 τῶν
1203 5172 1396 5244 ἀτμῶν
1443 5171 1744 5226 ἀποθέσθαι

148 5264 302 5320 κατά
323 5264 384 5316 rb
399 5264 678 5321 EiSGarov
699 5280 714 5324 ς
732 5265 854 5328 Πῶς
881 5265 936 5317 δὲ
957 5264 1056 5317 οὐκ
1067 5265 1350 5335 ἐνεργήσει
1372 5262 1439 5316 τά
1461 5262 1747 5334 σπλάγχνα

147 5357 254 5428 τὴν
280 5355 416 5409 ἰδίαν
444 5355 743 5427 ἐνέργειαν,
786 5355 864 5426 τῷ
891 5355 1042 5426 νόμῳ
1067 5354 1406 5420 δουλεύοντα,
1435 5353 1576 5406 ὥστε
1610 5354 1748 5408 ἄπε-

151 5469 293 5504 πτον
335 5449 434 5519 τὴν
472 5449 678 5521 τροφὴν
723 5449 983 5519 ἐμμεῖναι
1021 5446 1097 5516 τῷ
1147 5445 1382 5518 σώματι,
1435 5445 1524 5501 ἵνα
1571 5447 1748 5518 ἀργὴν

147 5543 310 5615 δείξῃ
333 5543 433 5613 τὴν
463 5533 803 5610 φύσινᾏιατά
834 5540 894 5593 rb
933 5539 1210 5594 Σάϐϐατον
1237 5557 1251 5606 ;
1289 5541 1352 5593 Εἰ
1393 5539 1458 5612 δὴ
1489 5540 1555 5594 τά
1587 5541 1750 5596 λοιπά

149 5635 251 5688 τνῦ
292 5631 543 5702 σώματος
573 5631 729 5702 ἡμῶν
751 5633 810 5685 οὐ
849 5630 1072 5686 δύναται
1099 5630 1354 5696 δέξασθαι
1389 5631 1482 5686 τὸν
1517 5635 1614 5704 τῆς
1649 5635 1750 5711 ἀρτ-

153 5727 289 5794 γίας
319 5723 486 5794 νόμον
531 5722 681 5791 (οὐδὲ
712 5721 822 5794 γὰρ
850 5721 988 5796 ὅλως
1014 5723 1071 5775 ὲν
1103 5725 1170 5794 τῇ
1214 5721 1328 5794 ζωῇ
1359 5721 1512 5776 ἔσται
1560 5722 1631 5789 τὰς
1672 5721 1748 5794 μὴ

153 5813 533 5884 ἐνεργοῦντα).
554 5813 654 5866 οὐκ
678 5813 791 5867 ἔστι
814 5814 1030 5876 πάντως
1044 5813 1104 5865 rb
1124 5815 1197 5884 μὴ
1215 5813 1665 5884 παρανομηθῆναι
1691 5817 1750 5868 τὸ

497 5911 768 5971 Parnm.
813 5911 929 5970 Gn.
980 5911 1197 5971 XLIV.

1850 4631 2056 4685 motus,
2095 4625 2348 4682 manibus
2388 4642 2451 4681 ea
2483 4638 2604 4698 quae
2643 4637 2702 4683 ut
2739 4629 2832 4685 illa
2863 4632 3105 4686 membra
3137 4649 3436 4702 operaren-

1847 4721 1940 4768 tur
1965 4715 2124 4770 nobis
2156 4731 2184 4770 a
2215 4725 2410 4771 natura
2443 4726 2527 4775 est
2571 4721 2817 4775 insitum.
2851 4720 3138 4788 Quomodo
3162 4739 3290 4794 ergo
3322 4725 3438 4780 fieri

1848 4814 2046 4876 potest,
2081 4817 2140 4862 ut
2165 4810 2300 4864 nihil
2325 4811 2520 4882 agendi
2550 4813 2632 4866 lex
2663 4813 3044 4878 conﬁrmetur,
3083 4815 3130 4869 si
3156 4825 3213 4869 ut
3242 4825 3437 4870 natura

1849 4897 1922 4950 sit
1951 4899 2128 4952 otiosa
2170 4899 2394 4956 minime
2431 4902 2814 4958 admittimus?
2865 4904 3150 4971 Quomodo
3207 4922 3440 4976 persua-

1848 4986 1988 5042 debo
2020 4989 2182 5042 oculo
2211 5005 2278 5044 ne
2307 4990 2484 5046 videat
2533 4991 2798 5058 Sabbato,
2833 4995 2994 5062 cujus
3029 5005 3225 5050 natura
3261 5007 3346 5050 est
3382 5004 3439 5048 ut

1849 5094 2066 5151 semper
2093 5081 2301 5152 aliquid
2335 5083 2602 5154 aspiciat?
2639 5084 2928 5152 Quomodo
2960 5087 3214 5142 audiendi
3247 5088 3438 5142 sistam

1849 5169 2223 5238 operationem
2251 5171 2274 5223 ?
2305 5170 2592 5238 Quemodo
2617 5189 2646 5227 a
2676 5190 2760 5230 me
2791 5171 3210 5245 persuatleliitur
3244 5177 3441 5230 odora-

1852 5262 1954 5322 tni,
2008 5271 2070 5315 ut
2110 5263 2351 5333 deponat
2389 5281 2614 5320 sensum
2647 5267 2740 5337 qui
2771 5269 3134 5337 apprehendit
3169 5268 3442 5338 vapores?

1853 5352 1974 5420 Quo
2002 5363 2162 5424 pacto
2190 5365 2372 5412 autem
2399 5372 2508 5412 non
2529 5360 2864 5414 excreehunt
2888 5360 3101 5415 viscera
3131 5375 3286 5414 suam
3318 5374 3443 5429 ope-

1855 5449 2149 5514 rationem,
2203 5451 2306 5522 legi
2338 5433 2654 5518 se’rvientia,
2700 5453 2773 5506 ita
2812 5460 2870 5505 ut
2920 5453 3192 5506 incoctum
3225 5462 3444 5506 maneat

1857 5541 1911 5594 in
1947 5557 2179 5612 corpore
2226 5543 2644 5606 nutrimentum,
2704 5555 2761 5598 ut
2808 5543 2860 5598 in
2902 5543 3141 5598 Sabhato
3190 5553 3444 5600 naturam

1857 5633 2112 5689 ostendat
2143 5634 2424 5690 otiosam?
2455 5631 2514 5688 Si
2548 5634 2730 5704 itaque
2762 5636 2986 5706 reliqum
3034 5647 3214 5704 partes
3245 5651 3440 5706 corpo.

1861 5727 1938 5782 ris
1964 5727 2133 5780 nostri
2164 5743 2271 5780 non
2299 5734 2526 5796 possunt
2553 5727 2833 5797 suscipere
2864 5727 3037 5798 legem
3065 5729 3199 5782 nihil
3227 5727 3442 5798 agendi,

1861 5833 2036 5886 neque
2070 5818 2215 5871 enim
2263 5819 2489 5878 omnino
2524 5820 2644 5872 viva
2683 5827 2836 5871 erunt
2878 5833 2999 5888 quae
3051 5835 3158 5872 non
3212 5833 3441 5886 operan-

3046 5914 3124 5972 ‘23
