3874 6372
512 348 628 402 Ἲῐὸ

1760 353 1831 410 8.·
1848 349 2091 409 οιιΕοο

2211 348 2503 409 NYSSENI
3649 372 3725 426 7lli

522 474 611 517 tur
635 483 649 518 :
672 463 802 519 ﬁeri
832 479 946 519 non
984 472 1163 534 potest
1194 476 1252 520 ut
1285 472 1509 525 omnino
1553 485 1663 525 non
1696 472 1932 528 violetur
1965 471 2091 526 Sab-

2209 462 2505 538 Σάϐϐα-εον,
2522 475 2624 529 κᾶν
2643 476 2897 548 ἀκίνητος
2921 482 2952 550 ή
2975 481 3094 552 χεὶρ
3117 482 3149 553 ἢ
3174 482 3202 534 ό
3221 483 3467 548 ποῦςιὲπὶ
3487 485 3575 540 τοῦ
3596 486 3722 544 αὐτοῦ

510 556 727 618 .batum,
756 554 973 610 etiamsi
1005 570 1101 625 pes
1132 567 1223 612 aut
1248 572 1444 617 manus
1469 570 1682 616 maneat
1713 562 2006 619 immobilis
2039 563 2092 616 in

504 649 707 701 eadem
747 645 916 716 ﬁgura
946 656 1000 702 et
1028 648 1220 704 eodem
1266 651 1407 707 loco.
1449 652 1585 708 Cum
1615 671 1745 727 ergo
1777 671 1886 711 non
1932 655 2094 710 alicui

506 738 682 805 .parti,
716 738 813 793 sed
858 740 955 794 toti
988 740 1196 798 homini
1227 744 1311 798 lex
1365 746 1475 801 lata
1517 747 1608 812 sit,
1671 764 1775 804 non
1827 764 1893 804 eo
1924 750 2093 819 magis

506 827 652 880 :nihil
685 834 907 898 agentes
941 845 1036 899 per
1065 847 1233 886 unum
1269 849 1334 888 ex
1370 836 1628 892 membris
1658 838 1825 907 legem
1855 836 2096 892 servabi-

510 937 661 986 mus,
697 925 743 978 si
780 923 1009 993 reliquis
1049 940 1313 983 sensuum
1364 929 1743 986 instrumentis
1794 929 2094 985 secundum

510 1021 769 1068 naturam
803 1019 1422 1085 operantes,xviolemus
1453 1021 1598 1090 quod
1619 1021 1840 1091 jussum
1864 1029 1970 1075 est.
1997 1020 2092 1074 At-

510 1107 608 1176 qui
637 1107 725 1163 lex
752 1106 878 1163 data
912 1116 997 1163 est
1025 1109 1323 1179 divinitus;
1360 1110 1495 1166 nihil
1533 1120 1712 1167 autem
1748 1126 1938 1166 eorum
1975 1126 2096 1182 qua:

517 1215 547 1253 a
586 1198 696 1254 Deo
723 1199 1012 1269 jubentur,
1044 1212 1134 1266 est
1177 1202 1471 1272 ejusmodi,
1517 1214 1572 1259 ut
1600 1203 1671 1258 sit
1711 1213 1906 1274 praeter
1935 1212 2094 1257 natu-

519 1306 657 1357 ram,
703 1299 799 1346 aut
848 1293 921 1349 sit
954 1304 1107 1348 extra
1153 1296 1418 1349 rationem
1453 1297 1691 1352 virtutis.
1726 1296 1880 1363 Quod
1914 1303 2094 1351 autem

518 1382 730 1437 ratione
754 1391 906 1439 caret
934 1385 1129 1446 otium.
1157 1400 1266 1445 non
1292 1394 1375 1441 est
1401 1388 1592 1441 virtus.
1625 1386 1988 1454 Quaerendum
2013 1398 2098 1443 est

515 1482 644 1546 ergo
679 1475 809 1546 quid
836 1477 940 1533 sibi
977 1478 1092 1531 vult
1132 1486 1458 1548 prmeeptum
1487 1480 1582 1533 otii
1617 1479 1862 1536 Sabbati.

587 1566 720 1623 Dico
751 1568 933 1638 itaque
955 1568 1243 1638 cujuslibet
1268 1569 1400 1640 legis
1427 1586 1455 1624 a
1488 1569 1599 1627 Deo
1625 1572 1764 1627 data:
1787 1591 1952 1629 unum
1976 1593 2098 1633 esse

517 1673 769 1730 scopum,
804 1669 863 1715 ut
899 1675 930 1714 a
964 1662 1080 1715 vitii
1112 1675 1275 1730 opere
1305 1650 1493 1716 mundi
1525 1664 1635 1717 sint
1676 1666 1768 1734 qui
1806 1667 1976 1735 legem
2004 1685 2096 1723 ac-

2197 565 2471 635 σχήματός
2485 583 2544 618 τε
2560 567 2655 620 καὶ
2677 568 2840 621 τόπου
2860 571 3016 641 μένῃ.
3045 573 3195 626 Ἐπεὶ
3213 568 3306 626 οὖν
3331 575 3450 645 οὐχὶ
3468 576 3613 647 μέρει
3624 580 3723 640 τινὶ.

2195 655 2311 708 ἀλλ’
2333 655 2440 725 ὅλῳ
2461 659 2636 711 κεῖται
2663 658 2740 728 τῷ
2775 658 2871 711 ἀνθ
2881 658 3047 731 ρώπῳ
3068 661 3251 729 νόμος,
3271 664 3333 717 ού
3365 665 3559 734 μᾶλλον
3585 667 3727 738 άπρα·

2198 745 2450 811 κτοῦντες
2483 747 2553 801 δι’
2577 748 2695 811 ἑνὸς
2721 747 2830 801 τῶν
2856 751 3034 820 μελῶν
3054 751 3215 821 νόμον
3238 753 3561 826 φυλάξομεν,
3583 758 3627 809 sl
3644 759 3727 818 τοῖς

2195 833 2406 899 λοιποῖς
2465 836 2841 909 αἰσθητηρίοις
2883 839 3024 894 κατὰ
3070 841 3241 917 ερύσιν
3286 844 3647 915 ἐνεργοῦντες,
3681 846 3728 898 τὸ

2198 927 2538 997 προσταχθὲν
2557 928 2983 1000 παραλύσωμεν.
3015 930 3180 985 Ἀλλὰ
3202 933 3308 1003 μὴν
3332 932 3516 988 θεόθεν
3533 934 3724 1004 ὁνόμος·

2196 1017 2349 1071 οὐδὲν
2380 1019 2440 1072 δὲ
2485 1019 2593 1073 τῶν
2627 1021 2776 1091 παρὰ
2814 1020 2951 1076 Θεοῦ
2997 1025 3482 1095 προσταττομένων
3507 1024 3726 1079 τοιοῦτον·

2196 1109 2358 1162 οἱονεὶ
2390 1109 2543 1179 παρά
2580 1106 2749 1179 φύσιν
2768 1106 2932 1176 εἶναι,
2961 1111 2995 1183 ἦ
3021 1112 3128 1177 ἔξω
3148 1113 3240 1169 τοῦ
3267 1116 3387 1169 κατ’
3427 1116 3621 1191 ἀρετὴν
3641 1116 3725 1170 δεί-

2197 1199 2425 1252 κνυσθαι
2457 1198 2720 1269 λόγου,Ἦ
2747 1202 2805 1255 δὲ
2826 1204 3021 1271 ἄλογος
3058 1204 3247 1274 ἀργία,
3278 1206 3446 1278 ἀρετὴ
3472 1208 3568 1261 οὐκ
3596 1206 3725 1260 ἐστιν.

2196 1291 2388 1358 Ζητεῖν
2417 1291 2525 1364 ἄρα
2554 1295 2816 1364 προσήκει
2848 1294 2900 1347 τί
2921 1294 3171 1364 βούλεται
3190 1297 3251 1350 τὸ
3276 1298 3631 1371 παράγγελμα
3652 1299 3728 1369 τῆς

2197 1381 2290 1433 τοῦ
2323 1382 2605 1437 Σαϐϐάτῳ
2639 1384 2861 1456 ἀργίας.

2265 1569 2419 1655 Φημὶ⁹
2439 1568 2617 1622 τοίνυν
2646 1569 2757 1637 ἐγὼ
2787 1532 2966 1642 πάσης
2995 1571 3313 1641 νομοθεσίας
3343 1550 3453 1645 τῆς¹
3474 1573 3645 1628 θεόθεν
3663 1588 3730 1641 γε·

2197 1660 2504 1729 γενημένης
2545 1661 2639 1714 ἕνα
2687 1661 2887 1714 σκοπὸν
2918 1657 3075 1726 εἶναι,
3107 1662 3170 1716 τὸ
3199 1664 3527 1734 καθαρεύειν
3560 1662 3631 1734 τῷ
3657 1664 3731 1733 τῆς

516 1760 799 1821 ceperunt,
849 1762 905 1808 et
939 1753 1024 1807 lex
1064 1755 1244 1809 omnis
1275 1770 1396 1822 qua:
1426 1755 1589 1809 vetita
1637 1756 1910 1825 prohibet,
1940 1757 2091 1827 jubet

2200 1751 2398 1813 κακίας
2440 1749 2586 1821 ἔργῳ
2634 1751 2758 1814 τοὺς
2804 1750 3155 1822 δειξαμένους
3191 1752 3283 1806 τὸν
3321 1753 3507 1823 νόμον,
3538 1754 3624 1808 καὶ
3649 1754 3730 1814 πᾶς

517 1818 910 1900 sahbatismum
942 1861 1103 1916 agere
1128 1860 1159 1900 a
1196 1818 1355 1903 malis
1393 1818 1672 1917 operibus.
1715 1847 1829 1902 lloc
1861 1818 1990 1903 sunt
2018 1858 2091 1905 ta-

2195 1842 2356 1912 νόμος
2386 1843 2414 1895 ὁ
2440 1818 2885 1914 τάάπειρημένα
2912 1818 3134 1897 κωλύων
3157 1818 3503 1910 σαϐϐατίξειν
3531 1845 3630 1899 ἀπὸ
3650 1844 3731 1898 τῶν

517 1934 674 2001 ιιιιΙεε,
705 1934 808 1990 hoc
844 1934 1082 1990 Levitiea
1126 1938 1459 2000 observatio,
1511 1938 1614 1991 hoc
1646 1938 1792 2008 quod
1840 1950 2094 1997 accurate

514 2021 773 2077 traditum
807 2031 893 2079 est
936 2023 989 2078 in
1032 2024 1474 2093 Deuteronomio,
1514 2035 1573 2080 ut
1602 2027 1762 2082 otiosi
1793 2027 1988 2092 simus,
2038 2040 2095 2084 et

515 2110 648 2164 nihil
679 2125 906 2181 agamus
950 2111 1186 2178 illorum,
1221 2127 1454 2183 quorum
1485 2127 1625 2184 opus
1669 2123 1753 2171 est
1782 2114 1994 2172 vitium.
2033 2113 2090 2171 Si

513 2216 642 2273 ergo
667 2202 739 2256 ita
776 2202 860 2258 lex
899 2204 1283 2274 accipiatur-ut
1310 2204 1472 2260 homo
1501 2207 1574 2261 sit
1602 2206 1814 2263 otiosus
1848 2207 1903 2261 in
1938 2208 2089 2271 vitio,

512 2309 612 2364 ego
649 2309 869 2365 quoque
912 2296 1185 2351 assentior
1222 2298 1541 2375 sapientem
1576 2296 1942 2354 Ecclesiasten
1991 2297 2092 2353 ad-

516 2403 709 2443 versus
740 2404 865 2443 eum
896 2389 990 2457 qui
1019 2404 1119 2444 sua
1159 2389 1306 2459 ligna
1331 2390 1558 2460 colligit,
1600 2390 1934 2447 constituere
1962 2397 2093 2447 tem-

516 2482 615 2545 pus
640 2478 705 2533 ad
730 2476 1045 2548 iaciendum
1078 2480 1308 2550 lapides,
1344 2489 1569 2552 propter
1601 2480 1746 2551 quod
1772 2482 2093 2551 prohibetur

514 2571 767 2627 collectio
822 2581 1223 2628 sarmentorum
1278 2574 1416 2639 vitii,
1476 2589 1596 2644 quae
1640 2575 1973 2645 colliguntur
2023 2574 2091 2629 ad

515 2664 797 2721 materiam
830 2664 940 2736 igni
968 2666 1449 2736 suppeditandam.
1484 2665 1588 2732 Sed
1611 2667 1656 2723 si
1696 2667 1840 2722 nuda
1876 2676 2093 2722 maneat

515 2756 713 2821 littera,
762 2772 870 2814 non
921 2758 1082 2813 video
1110 2757 1568 2828 quemadmodum
1600 2759 1655 2814 in
1712 2759 1831 2831 lege
1860 2757 2090 2830 cogitari

512 2850 687 2918 possit
733 2850 877 2920 quod
930 2850 1039 2905 Deo
1071 2851 1295 2922 dignum
1340 2852 1431 2907 sit.
1469 2849 1775 2906 Videndum
1826 2858 1911 2907 est
1958 2865 2094 2922 ergo

513 2940 738 3008 quinam
767 2942 879 2996 sint
928 2941 1155 3011 lapides,
1197 2943 1289 3013 qui
1320 2942 1588 2998 adversus
1617 2957 1742 2996 eum
1782 2941 2089 3010 jaciuntur,

514 3046 582 3087 ne
602 3030 1032 3102 colligendorum
1050 3041 1455 3088 sarmentorum
1475 3032 1721 3088 studium
1747 3032 1909 3088 tinem
1927 3048 2091 3089 suum

2196 1932 2445 2004 πονηρῶν
2466 1931 2642 2003 ἔργων
2669 1934 3059 1990 διακελεύεται.
3085 1935 3255 1989 Τοῦτο
3278 1936 3335 1989 αἰ
3364 1935 3585 2001 πλάκες,
3609 1934 3731 1989 τοῦτο

2194 2025 2230 2095 ή
2261 2024 2515 2093 Λευῖτικὴ
2552 2025 2951 2095 παρατήρησις,
2981 2024 3140 2079 τοῦτο
3177 2026 3210 2095 ἡ
3260 2026 3318 2078 ἐν
3344 2024 3423 2097 τῷ
3453 2027 3731 2097 Δευτερονο-

2197 2113 2304 2184 μίῳ
2349 2112 2620 2185 ἀκρίϐεια,
2648 2114 2709 2169 τὸ
2735 2117 2937 2186 ἀργοὺς
2965 2117 3112 2188 ἡμᾶς
3139 2117 3234 2170 καὶ
3280 2117 3593 2187 ἀπράκτως
3620 2115 3731 2169 ἐκεῖ·

2190 2221 2297 2258 νων
2327 2198 2484 2270 εἶναι,
2511 2199 2585 2260 ὧν
2614 2205 2675 2261 τὺ
2701 2206 2859 2279 ἔργον
2886 2208 3054 2263 κακία
3084 2207 3250 2264 ἐστίν.
3281 2209 3344 2263 Εἰ
3377 2209 3481 2281 μὲν
3514 2203 3600 2263 οὖν
3623 2206 3733 2261 οὕτω

2193 2312 2275 2358 τις
2311 2296 2646 2368 ἐκλαμϐάνει
2675 2300 2765 2353 τὸν
2803 2301 2986 2371 νόμον,
3022 2301 3193 2372 ἀργὸν
3230 2302 3289 2354 ὲν
3315 2302 3488 2373 κακίᾳ
3516 2297 3732 2355 εἶναιτὸν

2194 2386 2499 2457 ἄνθρωπον,
2536 2391 2687 2460 κάγὼ
2720 2392 3007 2463 συντίθημι
3036 2392 3126 2446 τὸν
3156 2394 3317 2463 σοφὸν
3340 2391 3732 2465 Ἐκκλησιαστήν

2194 2481 2336 2535 κατὰ
2365 2481 2457 2535 τοῦ
2492 2483 2625 2551 ξύλα
2655 2484 2849 2539 ἑαυτοῦ
2880 2488 3222 2555 συνάγοντος,
3250 2487 3441 2557 καιρὸν
3466 2489 3655 2559 ὁρίζειν
3674 2486 3732 2547 είς

2193 2570 2252 2623 τὺ
2289 2572 2503 2642 βάλλειν
2528 2573 2728 2638 λίθους,
2750 2575 2817 2629 δι’
2838 2575 2899 2629 ὃν
2927 2570 3251 2649 κωλύεταίή
3283 2576 3519 2649 συλλογὴ
3542 2577 3638 2630 τῶν
3658 2573 3732 2643 τῆς

2196 2663 2392 2726 κακίας
2425 2665 2738 2736 φρυγάνων,
2764 2666 2873 2720 τῶν
2902 2668 2981 2731 είς
3004 2652 3172 2739 πυρός
3206 2666 3336 2739 ὓλην
3368 2666 3729 2739 συναγομένων.

2195 2755 2258 2807 El
2304 2755 2361 2809 δὲ
2402 2755 2627 2829 ψιλότης
2672 2758 2976 2830 παραμένει
3022 2758 3097 2830 τῷ
3155 2759 3463 2831 γράμματι,
3515 2760 3609 2813 οὐκ
3646 2754 3732 2810 οἶδα

2192 2848 2339 2912 ὅπως
2387 2848 2446 2900 τὸ
2484 2848 2787 2920 θεοπρεπὲς
2831 2852 2888 2902 ὲν
2926 2848 3003 2920 τῷ
3040 2850 3190 2922 νόμῳ
3223 2850 3519 2918 λογίσαιτο.
3563 2846 3733 2904 Οὐκοῦν

2195 2940 2412 3009 νοητέον
2437 2943 2562 3004 τοὺς
2591 2940 2770 3005 λίθους
2807 2941 2951 3005 τίνες
2983 2941 3122 2995 εἰσὶν
3163 2942 3212 2995 οἱ
3238 2942 3377 2996 κατὰ
3406 2942 3506 2995 τοῦ
3531 2939 3731 2995 τοιούτου

2197 3030 2537 3102 βαλλόμενοι,
2592 3033 2677 3085 ἵνα
2723 3032 2797 3104 μὴ
2846 3034 2925 3095 είς
2968 3032 3119 3097 τέλος
3147 3033 3392 3102 ἀφίκοιτο
3443 3036 3481 3105 ἡ
3519 3032 3636 3104 περὶ
3665 3031 3735 3082 τὸν

514 3132 859 3195 assequatur.
890 3124 987 3180 Sin
1021 3132 1200 3178 autem
1227 3125 1370 3195 ligna
1398 3134 1546 3189 sunt,
1578 3139 1674 3197 per
1699 3140 1819 3194 quae
1839 3124 1982 3197 ignis
2002 3140 2091 3179 ar-

2196 3123 2572 3193 φρυγανισμὸν
2623 3123 2847 3194 σπουδή.
2895 3124 2958 3177 Εἰ
3001 3123 3057 3177 δὲ
3086 3123 3155 3178 τὰ
3190 3116 3319 3188 ξύλα
3364 3124 3432 3178 δι’
3466 3118 3542 3178 ὧν
3568 3125 3625 3177 τὸ
3649 3119 3734 3189 πῦρ

511 3214 662 3269 debit
686 3215 736 3270 ei
765 3214 858 3284 qui
883 3214 1183 3286 collegerit,
1213 3225 1342 3270 sunt
1369 3225 1551 3271 autem
1584 3230 1649 3271 ea
1702 3217 1927 3272 omnino
1952 3218 2089 3273 satis

513 3307 662 3360 clara
688 3305 737 3361 ei
768 3305 860 3375 qui
893 3313 1170 3376 utcunque
1197 3323 1420 3364 sensum
1460 3308 1739 3365 induxerit
1759 3312 2085 3382 mysticum:

515 3397 741 3466 pulchre
766 3398 912 3453 enim
947 3398 1283 3469 Apostolus“
1309 3400 1473 3471 ligna,
1507 3400 1765 3471 stipulam
1789 3410 1845 3456 et
1879 3400 2087 3462 fenum.

515 3490 714 3544 malum
760 3491 1007 3547 nominat
1048 3490 1362 3557 aedilicium,
1423 3501 1713 3564 propterea
1769 3492 1915 3564 quod
1962 3492 2089 3549 talia

509 3581 735 3637 :editicia
790 3582 925 3637 tinnt
976 3583 1114 3653 ignis
1146 3583 1198 3637 in
1254 3591 1496 3653 tempore
1539 3585 1753 3654 judicii,
1810 3594 1865 3640 et
1902 3585 2090 3642 sterile

511 3683 847 3728 sarmentum
903 3675 1011 3746 igni
1052 3676 1227 3731 solum
1277 3691 1401 3733 esse
1445 3686 1631 3747 aptum
1681 3679 2085 3748 pronuntiavit:

510 3776 563 3820 et
593 3769 767 3836 palea,
815 3767 989 3837 inquit
1025 3782 1123 3820 vox
1157 3764 1458 3837 Evangelii,
1507 3778 1733 3839 paratur
1775 3768 1889 3839 igni
1920 3786 1934 3823 :
1966 3783 2093 3837 per:

511 3859 756 3927 spicuum
786 3866 893 3925 est,
939 3859 1081 3928 quod
1126 3859 1268 3929 ligna
1296 3875 1417 3929 qnze
1449 3860 1515 3913 ad
1549 3860 1727 3930 ignem
1763 3860 2093 3915 struendum

512 3950 864 4018 colliguntur,
908 3957 1039 4004 sunt
1088 3949 1271 4003 inania
1319 3949 1482 4019 hujus
1510 3951 1636 4003 vitae
1671 3950 1875 4010 studia,
1936 3950 2091 4019 isque

512 4046 597 4092 est
627 4039 720 4108 qui
749 4038 803 4092 in
834 4046 1079 4107 tempore
1129 4037 1432 4108 percutitur
1483 4039 1777 4108 lapidibus.
1825 4056 1986 4112 quem
2042 4041 2089 4096 si

514 4131 638 4200 quis
696 4130 1024 4184 intellexerit
1061 4144 1180 4185 eam
1235 4145 1356 4199 quae
1401 4130 1467 4184 ad
1502 4131 1643 4184 mala
1692 4146 1962 4202 propensa
2005 4140 2092 4188 est

514 4222 919 4292 cogitationem.
968 4221 1016 4276 is
1057 4236 1087 4274 a
1126 4236 1294 4291 scopo
1334 4222 1556 4275 minime
1602 4221 1959 4278 aberraverit.
1996 4222 2091 4299 Est

514 4322 692 4369 autem
727 4314 952 4368 omnino
982 4313 1413 4384 intelligendum,
1449 4313 1594 4383 quod
1629 4329 1750 4384 quae
1778 4315 1965 4370 vitium
1999 4332 2092 4387 pe-

514 4406 719 4459 rimunt
738 4405 1125 4471 cogitationes,
1158 4420 1237 4460 ea:
1267 4412 1395 4460 sunt
1432 4404 1658 4474 lapides,
1688 4407 1780 4477 qni
1809 4408 1877 4461 ab
1906 4406 2085 4464 Eccle-

2193 3214 2594 3286 ἐκκαυθήσεται
2636 3214 2717 3285 τῷ
2757 3214 3107 3285 συνειλοχότι.
3137 3214 3353 3279 πάντως
3385 3214 3445 3269 δὲ
3474 3215 3573 3270 οὐκ
3600 3211 3735 3283 ἄδηλα

2191 3306 2385 3369 ταῦτα,
2416 3304 2495 3376 τῷ
2523 3306 2617 3359 καὶ
2642 3304 2889 3360 ὁπωσοῦν
2928 3306 3183 3377 μυστικὴν
3212 3307 3545 3376 ἐπαγαγόντι
3576 3306 3731 3373 λόγον·

2191 3392 2357 3468 ἦγὰρ
2385 3396 2566 3458 καλῶς
2593 3398 2621 3449 ὁ
2648 3395 2970 3459 ’Δπόστολος
2992 3395 3144 3460 ξύλα,
3176 3396 3426 3468 καλάμην
3459 3398 3554 3452 καὶ
3578 3395 3734 3466 χόρτον

2190 3490 2289 3557 τὴν
2333 3487 2573 3559 πονηρὰν
2608 3486 2894 3558 οἰκοδομὴν
2939 3487 3212 3559 ὀνομάζει,
3252 3488 3386 3543 διότι
3430 3489 3503 3543 τά
3542 3485 3732 3541 τοιαῦτα

2190 3580 2599 3653 οἰκοδομήματα
2641 3581 2699 3633 ὲν
2739 3578 2817 3649 τῷ
2857 3579 2956 3646 τῆς
3001 3579 3235 3651 κρίσεως
3287 3579 3465 3650 καιρῷ
3516 3579 3621 3649 πῦρ
3670 3574 3732 3642 γί-

2192 3690 2364 3733 νεται,
2403 3673 2495 3726 καὶ
2552 3671 2613 3725 τὸ
2674 3670 2895 3742 ἄχυρον,
2954 3670 3117 3741 φησὶν
3205 3670 3238 3741 ή
3292 3669 3384 3723 τοῦ
3434 3668 3731 3739 Εὖαγγελίον

2192 3765 2365 3837 φωνὴ,
2401 3765 2536 3837 πυρὶ
2586 3763 2955 3835 ἑτοιμάζεται,
2991 3765 3084 3816 καὶ
3133 3763 3232 3835 τὴν
3263 3762 3512 3835 ἄκαρπον
3555 3761 3733 3831 κλημα-

2192 3858 2331 3923 τίδα,
2377 3857 2522 3929 μόνῳ
2572 3854 2788 3910 εὔθετον
2826 3854 2904 3926 τῷ
2944 3855 3077 3928 πυρὶ
3110 3855 3458 3925 ἀπεφήνατοο
3505 3853 3652 3924 δῆλον
3685 3849 3735 3903 ἂν

2190 3950 2297 4019 εἴη,
2328 3948 2411 4001 ὅτι
2454 3945 2587 4011 ξύλα
2614 3946 2763 4000 ἐστὶν
2814 3948 2893 4010 εἰς
2942 3945 3111 4017 πυρὸς
3144 3944 3500 4016 παρασκευὴν
3545 3940 3734 4007 συναγό-

2194 4057 2350 4112 μενα,
2380 4038 2448 4092 τὰ
2494 4039 2699 4108 μάταια
2743 4035 2837 4089 τοῦ
2884 4035 2997 4107 βίου
3028 4034 3452 4104 ἐπιτηδεύματα,
3482 4034 3575 4087 καὶ
3613 4022 3735 4090 οὗτός

2191 4134 2338 4186 ἐστιν
2377 4132 2407 4184 ὁ
2437 4131 2494 4184 ὲν
2529 4128 2708 4200 καιρῷ
2738 4131 2849 4192 τοῖς
2883 4127 3049 4188 λίθοις
3093 4125 3435 4197 βαλλόμενος,
3469 4126 3631 4193 όνπερ
3665 4119 3733 4171 τὸν

2191 4226 2271 4287 είς
2300 4223 2368 4277 τὰ
2400 4220 2544 4275 κακὰ
2573 4220 2808 4292 ῥέποντα
2836 4218 3093 4288 λογισμόν
3119 4234 3202 4281 τις
3227 4218 3446 4286 νοήσας,
3476 4216 3573 4285 οὐχ
3594 4209 3736 4282 ἁμάρ-

2192 4332 2273 4370 τοι
2300 4311 2395 4367 τοῦ
2425 4313 2654 4376 δέοντος.
2680 4311 2799 4383 Χρὴ
2830 4310 2887 4364 δὲ
2926 4310 3143 4372 πάντως
3166 4310 3306 4360 νοεῖν
3343 4307 3422 4360 ὅτι
3454 4307 3505 4359 οἱ
3548 4307 3733 4371 ιίινιιιρε⁹

2192 4406 2336 4460 τικοὶ
2377 4406 2476 4476 τῆς
2525 4404 2725 4467 κακίας
2762 4402 3033 4473 λογισμοὶ,
3083 4394 3229 4454 οὗτοί
3280 4401 3418 4459 εὶσιν
3450 4400 3503 4451 οἱ
3536 4396 3661 4450 λίθοι
3695 4390 3732 4442 οἱ

512 4495 680 4551 siaste
736 4493 904 4549 funda
962 4501 1111 4550 recte
1164 4493 1465 4564 iaciuntur,
1516 4509 1655 4565 quos
1701 4511 1918 4566 semper
1948 4497 2085 4550 mitti

2195 4498 2463 4568 εὐστόχως
2512 4496 2618 4551 ὑπὸ
2666 4494 2760 4549 τοῦ
2820 4489 3244 4564 Ἐκκλησιαστοῦ
3302 4487 3733 4558 σφενδονούμενοιν

515 4597 728 4658 oportet
756 4598 810 4643 et
831 4587 1031 4656 colligi.
1067 4586 1203 4641 Mitti
1237 4586 1456 4656 quidem
1490 4587 1555 4641 ad
1583 4602 1706 4643 eum
1733 4588 2087 4645 evertendum

514 4679 606 4748 qui
637 4687 829 4733 contra
855 4679 1019 4733 \itam
1048 4686 1290 4734 nostram
1316 4679 1580 4748 erigitur;
1611 4680 1790 4750 colligi
1818 4688 1998 4734 autem
2022 4679 2088 4734 ad

516 4771 641 4834 hoc,
667 4777 729 4824 ut
760 4770 954 4823 animae
982 4777 1186 4823 nostra:
1218 4771 1375 4825 sinus
1400 4772 1591 4840 plenus
1620 4772 1692 4827 sit
1724 4771 1791 4826 iis
1817 4785 2090 4841 praepara-

515 4862 603 4927 tis,
639 4871 698 4915 ut
734 4859 803 4915 ad
833 4875 1053 4915 manum
1100 4861 1171 4915 sit
1201 4860 1347 4930 quod
1381 4860 1484 4931 jaci
1523 4861 1694 4931 possit
1742 4862 1794 4915 in
1828 4862 2086 4917 adversa-

514 4955 673 5020 rium,
703 4953 750 5008 si
778 4952 996 5023 quando
1022 4953 1178 5007 aliter
1207 4954 1360 5009 nobis
1391 4954 1552 5008 fuerit
1574 4954 1881 5009 insidiatus.
1934 4954 2092 5009 l‘nde

512 5059 641 5116 ergo
658 5043 979 5113 colligemus
996 5041 1204 5112 lapides
1224 5044 1422 5112 quibus
1452 5043 1730 5097 inimicmn
1755 5043 2094 5098 obruamus?

514 5135 705 5189 Audivi
734 5133 1077 5204 prophetiam
1107 5133 1376 5188 dicentem
1403 5153 1415 5187 :
1462 5152 1479 5184 ι
1502 5133 1734 5206 Lapides
1758 5136 1937 5191 sancti
1975 5137 2092 5191 vol-

518 5237 717 5281 vuntur
739 5241 905 5296 super
952 5232 1153 5279 terram
1176 5227 1219 5278 '.
1257 5246 1275 5277 ι
1316 5225 1353 5278 li
1385 5233 1563 5279 autem
1598 5234 1749 5286 sunt.
1777 5242 1898 5297 qua:
1939 5242 1966 5279 a
2006 5227 2092 5283 di—

516 5319 716 5372 vinitus
736 5318 998 5386 inspirata
1019 5316 1302 5387 Scriptura
1332 5316 1395 5369 ad
1424 5333 1522 5369 nos
1546 5317 1705 5371 verba
1730 5317 2087 5382 descendunt,

516 5423 633 5474 quae
671 5409 927 5477 colligere
971 5414 1188 5476 oportet
1229 5407 1282 5459 in
1329 5407 1452 5460 sinu
1488 5406 1701 5468 animm,
1744 5417 1799 5461 ut
1848 5409 1899 5460 in
1952 5416 2089 5463 tem-

519 5513 643 5563 pore
679 5499 749 5553 iis
778 5506 995 5551 utamur
1044 5497 1309 5551 adversus
1354 5512 1450 5549 eos
1490 5497 1581 5565 qui
1614 5508 1735 5549 sunt
1774 5498 1931 5552 nobis
1971 5515 2088 5551 mo-

519 5584 673 5639 lcsli:
711 5602 942 5657 quorum
975 5594 1058 5641 cst
1083 5586 1218 5640 adeo
1237 5586 1679 5655 pulcherjactns,
1711 5595 1766 5639 ut
1799 5593 1852 5640 et
1874 5588 2085 5643 hostem

584 5752 601 5781 ⁵
640 5753 812 5816 lCor.
836 5781 913 5827 ιιι,
940 5767 1024 5818 12.
1102 5769 1122 5799 ⁵
1156 5768 1321 5820 Zach.
1354 5784 1429 5830 Ix,
1472 5770 1551 5822 l6.

2197 4589 2289 4654 οὒς
2334 4589 2421 4644 ἀεὶ
2453 4588 2549 4643 καὶ
2580 4585 2894 4657 πέμπεσθαι
2933 4583 3059 4655 χρὴ.
3091 4582 3185 4636 καὶ
3227 4579 3580 4648 συνάγεσθαι⁸
3618 4574 3734 4643 πέμ-

2197 4681 2395 4734 πεσθαι
2443 4680 2543 4750 μὲν
2586 4679 2667 4741 εἰς
2711 4668 3027 4747 καθαίρεσιν
3053 4671 3147 4726 τοῦ
3191 4672 3333 4725 κατὰ
3365 4669 3466 4739 τῆς
3497 4666 3735 4741 ἡμετέρας

2197 4775 2342 4845 ζωῆς
2374 4771 2677 4843 ὑψουμένου
2699 4785 2713 4799 ⁸
2760 4766 3087 4835 συνάγεσθαι
3119 4764 3196 4827 δὲ,
3230 4765 3310 4826 είς
3346 4761 3405 4814 τὺ
3447 4762 3539 4814 ἀεὶ
3585 4757 3735 4824 πλήρη

2196 4858 2334 4917 εἶναι
2384 4861 2475 4915 τὸν
2530 4861 2627 4932 τῆς
2658 4859 2835 4929 ψυχῆς
2880 4856 3077 4910 κόλπον
3119 4853 3228 4906 τῶν
3283 4850 3538 4906 τοιούτων
3583 4859 3737 4917 παρα-

2200 4954 2429 5021 σκευῶν,
2461 4952 2601 5008 ὥστε
2633 4950 2924 5023 πρόχειρον
2955 4944 3093 5001 εἶναι
3115 4944 3257 4999 κατὰ
3288 4940 3383 4996 τοῦ
3443 4941 3633 5015 ἐχθροῦ
3656 4933 3735 5005 τὴν

2198 5044 2379 5117 βολήν,
2404 5045 2585 5097 εἴποτε
2607 5039 2779 5102 ἄλλως
2813 5037 2913 5106 τὴν
2944 5033 3238 5105 καθ’ήμῶν
3267 5029 3555 5117 ἐπιβουλὴν
3577 5024 3734 5117 emt.—

2197 5113 2363 5190 σειεν.
2396 5135 2566 5189 Πόθεν
2596 5127 2690 5186 οὖν
2720 5129 3113 5198 συναγάγωμεν
3140 5123 3317 5186 λίθους
3343 5115 3423 5184 οἷς
3450 5121 3544 5173 τὸν
3570 5113 3738 5189 ἐχθρὸν

2195 5226 2635 5297 maxiem-ipe);
2669 5224 2915 5275 Ἤκουσα
2965 5218 3064 5287 τῆς
3103 5214 3435 5286 προφητείας
3479 5207 3734 5273 εἰπούσης.

2193 5330 2211 5361 ι
2252 5311 2405 5367 Λίθοι
2444 5310 2591 5378 ᾶγιοι
2630 5307 2899 5361 κυλίονται
2938 5300 3032 5359 ἐπὶ
3061 5305 3161 5377 τῆς
3189 5305 3313 5376 γῆς.
3354 5323 3373 5356 ι
3406 5297 3563 5358 Οὗτοι
3606 5300 3650 5355 δ’
3678 5297 3732 5352 ἂν

2190 5397 2299 5455 εἷεν
2324 5402 2430 5456 ἀπὸ
2456 5403 2553 5469 τῆς
2573 5388 2932 5451 θεοπνεύστου
2965 5396 3186 5468 Γραφῆς
3207 5398 3287 5459 είς
3316 5396 3459 5467 ἡμᾶς
3487 5393 3737 5449 κατιόντες

2190 5493 2339 5561 λόγοι
2356 5540 2359 5549 ,
2378 5491 2471 5555 οὓς
2496 5492 2600 5562 χρὴ
2629 5491 2952 5558 συναγαγεῖν
2975 5490 3031 5541 ἐν
3058 5486 3136 5558 τῷ
3160 5490 3258 5559 τῆς
3276 5479 3453 5559 ψυκῆἐ
3474 5486 3669 5556 κόλπῳ,
3681 5476 3735 5534 ἵν’

2197 5588 2253 5638 ὲν
2277 5581 2453 5653 καιρῷ
2484 5581 2624 5634 κατᾶ
2647 5580 2755 5633 τῶν
2778 5578 3089 5633 λυπούντων
3113 5577 3458 5651 χρησώμεθα,
3488 5571 3605 5647 (avi)
