3874 6414
174 425 265 480 71⁸1

1169 415 1233 468 ΙΝ
1275 411 1807 501 ECCLESIASTEN.
1848 412 2135 470 HOMILIA
2175 415 2285 471 VII.

3278 402 3381 456 7l3

170 537 301 591 οὕτω
339 532 496 602 καλὴ,
541 532 634 584 καὶ
664 531 878 601 ἀναιρεῖ
920 529 1006 581 τὸν
1041 528 1318 596 πολέμιον,
1372 526 1464 580 καὶ
1493 526 1592 594 τῆς
1627 523 1721 578 τοῦ

1828 526 2162 589 interimant,
2193 534 2248 581 et
2278 526 2346 580 ab
2373 523 2493 595 ejus
2524 523 2614 592 qui
2643 520 2779 592 jacit
2813 535 2975 575 manu
3005 533 3114 573 non
3141 532 3391 585 separen-

174 628 435 699 βάλλοντος
465 622 644 693 χειρὸς
672 622 732 674 οὺ
769 620 1072 690 χωρίζεται.
1120 620 1178 672 ὐ
1212 618 1322 688 γὰρ
1357 616 1433 686 τῷ
1463 616 1595 686 λίθῳ
1626 616 1721 685 τῆς

173 715 504 786 σωφροσύνης
550 711 899 764 καταϐάλλων
959 708 1051 761 τὸν
1100 707 1397 760 ἀκόλαστον
1443 704 1719 774 λογισμὸν,

170 806 252 859 τὸν
275 806 356 858 διὰ
382 803 488 855 τῶν
512 800 715 872 ἡδονῶν
730 800 827 863 τὰς
858 798 952 852 τοῦ
982 798 1145 867 πυρὸς
1167 796 1297 860 ὔλας
1324 795 1723 866 φρυγανιξόμε-

173 913 270 957 νον,
313 893 560 946 κάκεῖνον
586 892 651 959 τῇ
682 887 808 958 βολῇ
857 885 1289 956 κατηγωνίσατο,
1317 884 1410 937 καὶ
1436 883 1521 935 διὰ
1544 882 1723 952 χειρὸς

171 986 246 1038 ἀεὶ
276 984 421 1054 φέρει
456 980 519 1032 τὸ
562 978 743 1033 ὅπλον.
794 975 950 1031 Οὕτω
992 976 1085 1029 καὶ
1133 978 1167 1045 ἡ
1213 973 1524 1042 δικαιοσύνη
1576 972 1721 1034 λίθος

173 1072 295 1125 κατὰ
328 1071 422 1139 τῆς
470 1069 679 1131 ἀδικίας
717 1067 944 1135 γίνεται,
980 1065 1238 1133 κάκείνην
1266 1064 1498 1133 ἀναιρεῖ,
1528 1061 1623 1115 καὶ
1664 1062 1721 1113 ὲν

170 1161 237 1230 τῷ
286 1160 464 1230 κόλπῳ
500 1158 592 1212 τοῦ
646 1156 982 1228 προσεμένου
1029 1155 1372 1224 φυλάττεται.
1428 1152 1583 1205 Κατὰ
1630 1151 1720 1203 τὸν

171 1253 314 1306 αὐτὸν
345 1250 540 1321 τρόπον
580 1249 758 1303 πάντα
785 1247 920 1318 πρὸς
950 1247 1011 1300 τὸ
1039 1249 1282 1317 κρεῖττον
1314 1243 1594 1314 νοούμενα,
1624 1243 1720 1297 ἀν·

169 1342 400 1413 αιρετικὰ
430 1341 539 1396 τῶν
560 1340 816 1411 χειρόνων
846 1339 1073 1406 γίνεται,
1103 1337 1194 1389 καὶ
1217 1336 1309 1388 τοῦ
1336 1334 1719 1405 κατορθοῦντος

160 1435 254 1506 ’τὴν
276 1432 467 1504 ἀρετὴν
494 1433 556 1485 οὐ
589 1429 899 1501 χωρίζεται.
938 1429 1094 1481 Κατά
1124 1444 1181 1478 τε
1218 1425 1309 1478 τὸν
1338 1425 1600 1495 ἡμέτερον
1632 1423 1721 1476 λό-

167 1543 269 1593 γον,
300 1522 465 1586 οὕτως
500 1521 606 1594 χρὴ
634 1523 690 1574 ἐν
720 1519 893 1590 καιρῷ
925 1518 1105 1588 βαλεῖν
1136 1519 1257 1579 τοὺς
1301 1516 1499 1579 λίθους,
1541 1515 1633 1569 καὶ
1661 1516 1718 1568 ὲν

168 1614 325 1684 καιρῷ
379 1612 706 1680 συναγαγεῖν
754 1609 955 1671 λίθους,
986 1608 1059 1672 ὡς
1095 1607 1188 1659 καὶ
1220 1606 1305 1658 ἀεὶ
1356 1607 1593 1675 πέμπειν
1625 1605 1719 1667 τὰς

164 1703 354 1771 ἀγαθὰς
385 1701 543 1772 βολὰς
588 1701 679 1753 ἐπὶ
717 1699 778 1751 τὸ
808 1696 1091 1750 καταλύειν
1130 1695 1195 1747 τὰ
1225 1696 1461 1765 χείρονα,
1494 1693 1587 1746 καὶ
1618 1710 1720 1762 μη-

165 1794 337 1846 δέποτε
388 1794 537 1864 ἡμᾶς
588 1789 885 1842 ἐπιλείπειν
930 1786 1037 1839 τῶν
1084 1784 1337 1838 τοιούτων
1387 1783 1567 1837 ὅπλων
1618 1783 1717 1852 τὴν

1826 625 1931 669 tur.
1969 617 2073 682 Qui
2106 618 2251 670 enim
2280 616 2464 685 lapide
2499 613 2872 681 temperantire
2904 610 3233 679 impudicam
3266 622 3389 676 pro.

1825 709 2024 761 sternit
2065 707 2480 777 cogitationem,
2513 719 2635 774 quae
2672 718 2768 773 per
2797 702 3107 770 voluptates
3134 698 3391 754 sarmenti

1825 798 1933 867 igni
1969 798 2247 852 materiam
2274 796 2602 867 suppeditat,
2634 796 2780 849 illam
2807 794 2957 863 jattu
2987 802 3229 861 superat,
3255 798 3308 844 et
3337 790 3391 845 in

1822 903 1982 943 manu
2020 903 2234 957 semper
2271 886 2374 942 fert
2406 901 2581 940 arma.
2618 885 2697 938 lla
2718 885 2882 937 etiam
2911 881 3123 950 justitia
3160 880 3218 933 ﬁt
3253 880 3392 948 lapis

1823 979 2087 1035 adversus
2127 976 2477 1047 injustitiam,
2507 978 2763 1045 illamque
2795 975 3032 1045 perimit,
3061 980 3113 1026 et
3142 981 3394 1027 servatur

1822 1071 1875 1123 in
1904 1072 2025 1126 sinu
2053 1070 2173 1139 ejus
2203 1070 2297 1139 qui
2342 1070 2583 1124 admisit.
2617 1068 2815 1123 Eodem
2862 1066 3026 1121 modo
3059 1067 3240 1120 omnia
3272 1080 3398 1135 quae

1821 1161 1888 1216 de
1936 1177 2002 1216 eo
2032 1162 2175 1230 quod
2218 1167 2304 1215 est
2353 1160 2550 1216 melius
2593 1160 2994 1229 intelliguntur,
3031 1166 3079 1212 et
3123 1157 3393 1212 deteriora

1820 1252 2118 1320 perimunt,
2150 1260 2203 1305 et
2226 1267 2335 1305 non
2371 1259 2698 1320 separantur
2722 1250 2790 1304 ab
2817 1264 2881 1302 eo
2904 1249 2995 1317 qui
3020 1264 3085 1302 ex
3113 1249 3313 1302 virtute
3335 1262 3395 1303 se

1820 1337 1977 1404 gerit.
2010 1335 2125 1390 Mea
2153 1337 2373 1405 quidem
2407 1335 2679 1390 sententia
2714 1342 2931 1405 Oportet
2954 1334 3027 1387 ita
3063 1335 3117 1387 in
3147 1342 3395 1404 tempore

1815 1428 1997 1497 jacere
2029 1428 2257 1497 lapides,
2289 1437 2341 1483 et
2369 1428 2422 1482 in
2450 1438 2694 1494 tempore
2723 1426 2978 1496 colligere
3007 1426 3232 1494 lapides,
3258 1433 3396 1482 utet

1821 1529 2035 1585 semper
2068 1515 2242 1570 bonos
2270 1515 2553 1577 mittamus
2585 1514 2791 1584 jactus,
2823 1516 2888 1568 ad
2921 1514 3252 1586 profliganda
3274 1531 3396 1586 qua:

1820 1614 1949 1659 sunt
1976 1606 2269 1670 deteriora,
2298 1615 2353 1661 et
2383 1608 2540 1661 nobis
2570 1622 2847 1677 nunquam
2879 1607 3093 1661 deficiat
3126 1606 3395 1677 ejusmodi

1821 1711 2097 1752 armorum
2134 1700 2314 1769 copia.
2354 1698 2459 1765 Qui
2490 1707 2672 1754 autem
2704 1699 2962 1768 deinceps
2987 1699 3237 1768 sequitur
3270 1716 3394 1754 ver-

1820 1788 2012 1841 borum
2043 1798 2353 1854 contextus,
2383 1790 2570 1846 deﬁnit
2598 1799 2812 1861 tempus
2839 1798 2895 1844 et
2920 1789 3392 1859 importunitatem

164 1850 439 1950 ἁφθονίανῗ
479 1850 543 1933 Ἱῖ
589 1880 645 1933 δὲ
682 1876 877 1947 ἑφεξῆς
931 1875 1071 1929 κατὰ
1112 1873 1172 1926 τὸ
1217 1873 1505 1927 ἀκόλουθον
1538 1850 1716 1939 ἐγκει-
1751 1850 1792 1908 Β
1823 1877 2107 1947 cujusdam
2140 1850 2480 1948 ρυιῃριιξχυέ,

168 1976 290 2045 μένη
320 1976 496 2046 ῥῆσις,
539 1970 882 2043 περιλήψεώς
918 1986 1061 2033 τινος
1106 1967 1295 2040 καιρὸν
1329 1967 1423 2020 καὶ
1466 1964 1720 2036 ἀκαιρίαν

164 2067 408 2137 ὁρίζεται.

230 2157 373 2225 Ἔχει
399 2155 455 2208 δὲ
496 2156 529 2223 ή
569 2152 711 2217 λέξις
737 2144 908 2214 οὕτως
929 2167 943 2180 ο
989 2169 1005 2200 ι
1038 2149 1241 2219 Καιρὸς
1268 2146 1360 2201 τοῦ
1390 2144 1718 2217 περιλαϐεῖν,

165 2248 248 2300 καὶ
272 2247 451 2317 καιρὸς
480 2244 575 2299 τοῦ
599 2243 969 2315 μακρυνθῆναι
999 2242 1104 2294 ἀπὸ
1128 2240 1484 2312 περιλήψεως.
1502 2260 1520 2291 ι
1538 2238 1722 2293 Ταῦτα

164 2337 213 2389 δὲ
237 2338 332 2391 οὐκ
354 2337 417 2390 ἂν
447 2336 624 2399 ἄλλως
650 2335 854 2404 γένοιτο
883 2335 1012 2403 ἡμῖν
1051 2335 1334 2402 καταφανῆ
1361 2330 1428 2384 τὰ
1454 2333 1546 2401 νοή
1557 2349 1719 2400 ματα,

166 2426 233 2497 μὴ
262 2427 355 2498 τῆς
390 2427 591 2494 λέξεως
621 2425 881 2496 πρότερον
909 2423 998 2476 διὰ
1030 2424 1126 2494 τῆς
1157 2424 1377 2494 Γραφῆς
1406 2423 1687 2494 νοηθείσης
1706 2440 1719 2453 ο

163 2515 571 2585 ὥστεγενέσθαι
624 2514 781 2584 δῆλον
820 2515 972 2584 ἡμῖν,
1026 2513 1117 2567 ἐπὶ
1163 2511 1304 2575 τίνος
1347 2506 1485 2565 οἶδεν
1529 2514 1557 2564 ό
1607 2511 1724 2564 θεό-

164 2622 405 2671 πνευστος
449 2606 609 2674 λόγος
657 2608 722 2675 τῇ
772 2607 921 2675 φωνῇ
973 2602 1292 2674 κεχρῆσθαι.
1342 2604 1408 2656 Ὃ
1442 2603 1538 2673 μὲν
1576 2598 1666 2655 οὖν
1694 2603 1723 2654 ὁ

165 2697 322 2765 μέγας
347 2696 511 2750 Δαϐὶδ
541 2695 626 2749 διὰ
653 2694 878 2765 ψαλμῶν
910 2694 1224 2764 διεσήμανε,
1256 2695 1351 2747 καὶ
1382 2693 1478 2765 βοᾷ
1510 2692 1683 2760 λέγων
1706 2710 1718 2722 ·

168 2787 518 2841 εΚυκλώσατε
549 2785 705 2851 Σιὼν,
734 2786 825 2839 καὶ
851 2784 1175 2857 περιλάϐετε
1209 2784 1400 2853 αὐτήν·
1430 2802 1447 2834 ι
1473 2783 1633 2847 αὐτὸς
1665 2783 1722 2836 δὲ

162 2874 299 2943 οὗτος
330 2882 356 2933 ὁ
388 2879 662 2950 Σολομῶν,
710 2879 797 2931 ὅτε
840 2876 937 2948 τὴν
984 2875 1284 2929 ἐνδιάθετον
1343 2873 1515 2926 ὲποίει
1564 2874 1725 2937 συζυ-

162 2972 274 3036 γίαν
302 2974 393 3026 τοῦ
421 2972 701 3046 ἐρωτικῶς
743 2971 877 3043 πρὸς
913 2970 1010 3041 τὴν
1055 2970 1245 3039 σοφίαν
1277 2968 1624 3031 διατεθέντος,
1657 2969 1725 3022 τά

161 3079 212 3113 τε
256 3064 384 3117 ἄλλα
418 3065 575 3135 φησι,
615 3063 680 3116 δι’
703 3056 777 3116 ὧν
824 3063 1029 3132 γίνεται
1060 3062 1190 3133 ἡμῖν
1220 3060 1355 3132 πρὸς
1390 3060 1488 3130 τὴν
1525 3060 1724 3131 ἀρετὴν

1895 2149 1984 2205 Sic
2012 2160 2189 2207 autem
2221 2152 2386 2207 habet
2413 2154 2803 2209 contextuszs.
2846 2173 2863 2207 ι
2883 2151 3124 2225 Tempus
3145 2161 3231 2209 est
3252 2168 3394 2209 com-

1823 2241 2118 2312 plectendi,
2175 2251 2229 2295 et
2272 2252 2487 2313 tempus
2538 2253 2623 2300 est
2669 2245 2856 2313 procul
2889 2261 2947 2300 se
2992 2244 3304 2301 removendi
3362 2259 3393 2298 a

1822 2334 2175 2403 complexu.»
2236 2332 2354 2387 Non
2408 2335 2513 2389 erit
2563 2345 2743 2391 autem
2794 2352 2991 2393 sensus
3035 2338 3195 2393 nobis
3238 2339 3396 2392 aliter

1822 2425 2028 2489 clarus,
2070 2441 2234 2496 quam
2293 2426 2339 2482 si
2374 2436 2665 2483 contextus
2709 2445 2807 2498 per
2857 2429 3197 2499 Scripturam
3231 2428 3397 2485 fuerit

1823 2516 1975 2586 prius
2005 2517 2336 2581 intellectus,
2370 2525 2431 2571 ut
2476 2519 2635 2573 nobis
2665 2519 2757 2573 ﬁat
2784 2520 3134 2589 perspicuum
3172 2520 3225 2574 in
3257 2535 3396 2591 quo-

1824 2622 1949 2660 nam
1992 2607 2258 2664 divinitus
2294 2608 2561 2676 inspirata
2607 2608 2889 2678 Scriptura
2946 2626 3079 2666 voce
3123 2611 3202 2664 uti
3236 2611 3395 2666 sciat.

1823 2696 2000 2766 Atque
2033 2712 2264 2766 magnus
2298 2698 2518 2767 quidem
2552 2697 2717 2751 David
2750 2699 2851 2751 hoc
2876 2699 2930 2751 in
2966 2698 3199 2753 Psalmis
3229 2700 3398 2768 signi-

1825 2789 2024 2843 licavit.
2059 2787 2271 2842 Clamat
2294 2790 2439 2842 enim
2473 2788 2663 2842 dicens
2689 2808 2702 2843 :
2744 2807 2761 2840 ι
2782 2788 3132 2844 Circumdate
3162 2788 3316 2856 Sion,
3343 2799 3399 2845 et

1824 2878 2251 2948 complectimini
2304 2894 2423 2933 eam
2450 2880 2522 2931 ⁸.»
2571 2878 2667 2932 llic
2718 2879 2834 2948 ipse
2881 2887 3065 2932 autem
3114 2878 3397 2943 Salomon,

1825 2968 2043 3038 quando
2067 2967 2401 3021 intrinsecus
2430 2967 2660 3036 positam
2696 2966 2927 3020 faciebat
2956 2967 3395 3036 conjunctionem

1824 3059 1945 3129 ejus
1977 3060 2068 3129 qui
2101 3073 2285 3114 amore
2312 3068 2506 3128 captus
2534 3068 2648 3112 erat
2683 3058 2986 3127 sapientiae,
3022 3066 3073 3111 et
3105 3058 3209 3111 alia
3241 3057 3396 3119 dicit,

164 3154 429 3223 συνάφεια.
466 3155 565 3210 καὶ
592 3155 749 3207 τοῦτο
780 3155 972 3221 ἐπάγει
995 3169 1008 3182 ο
1039 3173 1056 3201 ι
1079 3152 1319 3223 Τίμησον
1350 3152 1538 3221 αὐτὴν,
1558 3152 1644 3203 ἵνα
1663 3167 1721 3204 σε

1827 3167 1922 3220 per
1948 3167 2069 3221 quae
2110 3151 2165 3204 ﬁt
2196 3151 2357 3206 nobis
2399 3165 2524 3204 cum
2575 3150 2778 3204 virtute
2810 3148 3145 3218 conjunctio,
3194 3158 3246 3204 et
3296 3149 3399 3202 hoc

163 3246 435 3320 περιλάϐῃ.
459 3266 478 3297 ι
522 3245 582 3299 Εἰ
610 3243 700 3299 οὖν
731 3245 893 3297 Δαϐὶδ
910 3243 1003 3314 τὴν
1024 3241 1158 3295 Σιὼν
1188 3244 1333 3313 ἡμᾶς
1352 3242 1746 3313 παρακε).εύεο“

163 3352 243 3388 ται
291 3338 753 3409 περιλαμϐάνειν·
789 3335 1041 3406 Σολομὼν
1088 3334 1145 3387 δὲ
1193 3335 1319 3396 τοὺς
1364 3335 1726 3405 τετιμηκότας

162 3426 251 3498 τὴν
284 3429 471 3498 σοφίαν
504 3431 635 3502 παρ’
664 3428 835 3498 αὐτῆς
874 3425 991 3479 εἷπε
1028 3425 1550 3497 περιλαμϐάνεσθαι,
1586 3426 1726 3496 τάχα

162 3515 249 3583 τῆς
272 3518 655 3590 προσηκούσης
683 3517 889 3580 ἑννοίας
910 3517 1007 3586 οὐχ
1034 3516 1441 3586 ἁμαρτάνομεν,
1467 3514 1728 3586 μαθόντες

161 3604 215 3657 τὸ
242 3610 492 3678 πρᾶγμα,
545 3604 606 3663 οὗ
645 3608 899 3677 εὖκαιρός
932 3609 1075 3659 ἐστιν
1110 3608 1143 3676 ἡ
1178 3604 1483 3675 περίληψις.
1520 3606 1593 3659 Τὸ
1621 3607 1725 3677 γὰρ

164 3696 286 3751 Σιὼν
328 3700 451 3770 ὅρος
484 3700 602 3754 ἐστὶ
628 3704 725 3771 τῆς
762 3698 1143 3771 Ἰεροσολύμων
1176 3697 1351 3767 ἄκρας
1396 3698 1726 3768 ὑπερφαινό-

166 3804 328 3856 μενον.
386 3793 444 3845 ὐ
474 3789 572 3846 οὖν
607 3792 811 3861 ταύτην
847 3808 906 3855 σε
958 3789 1384 3863 περιλαμϐάνειν
1429 3792 1726 3862 προτρεπό·

168 3893 332 3942 μενος,
362 3884 429 3953 τῇ
461 3882 642 3953 ὑψηλῇ
674 3881 916 3952 πολιτείᾳ
945 3881 1164 3951 συμφυῆ
1190 3877 1325 3933 εἶναι
1363 3881 1728 3950 παρακελεύε-

163 3982 244 4020 ται
273 3968 411 4025 ὦστε
445 3975 529 4037 είς
573 3972 740 4041 αὐτὴν
773 3971 975 4039 φθάσαι
1009 3970 1115 4024 τῶν
1164 3969 1372 4040 ἀρετῶν
1416 3969 1512 4040 τὴν
1560 3971 1726 4041 ἀκρό-

164 4057 325 4125 πολιν,
357 4062 422 4133 ἣν
451 4061 529 4133 τῷ
556 4062 779 4131 ὀνόματι
805 4061 941 4114 Σιὼν
971 4059 1272 4131 παραδηλοῖ
1289 4059 1355 4122 δι’
1383 4058 1725 4129 αἰνίγματος.

175 4148 329 4205 Ὀνδὲ
376 4154 481 4224 τῆς
534 4153 726 4222 σοφίας
763 4152 1167 4216 ὲσσυνοικίζων,
1215 4150 1311 4221 τὴν
1346 4151 1474 4221 παρ’
1503 4150 1729 4213 ἐκείνοις

165 4240 425 4314 ἑπομένην
450 4244 744 4315 περίληψίν
772 4260 853 4297 σοι
889 4241 1319 4311 εὐαγγελίζεται.
1362 4240 1568 4294 Οὐκοῦν
1603 4259 1727 4294 και·
1756 4254 1759 4259 ·

165 4330 249 4400 ρός
289 4334 405 4407 ἐστι
447 4333 588 4389 Σιὼν
636 4333 1080 4407 περιλαμϐάνειν,
1118 4333 1209 4386 καὶ
1252 4331 1355 4384 ὑπὸ
1394 4334 1494 4401 τῆς
1539 4332 1729 4400 σοφίας

165 4422 683 4493 περιλαμϐάνεσθαι,
714 4423 809 4478 τοῦ
847 4425 944 4496 μὲν
981 4425 1241 4495 ὀνόματος
1268 4423 1404 4477 Σιὼν
1438 4422 1495 4476 τὸ
1528 4423 1729 4493 ὑψηλὸν

1825 3245 2125 3314 subjungit,
2172 3242 2391 3298 Honora
2433 3243 2628 3312 ipsam,
2680 3251 2740 3296 ut
2782 3252 2835 3298 te
2883 3243 3303 3312 complectatur.
3340 3241 3398 3295 Si

1827 3348 1954 3403 ergo
1983 3332 2149 3386 David
2176 3333 2332 3403 jubet
2370 3347 2469 3387 nos
2496 3331 2625 3385 Sion
2652 3332 2938 3403 complecti
2964 3351 2977 3385 :
3014 3330 3271 3413 Salomon
3303 3346 3401 3385 au-

1828 3436 1934 3483 tem
1988 3427 2122 3483 dicit
2160 3442 2255 3484 eos
2296 3428 2386 3495 qui
2438 3427 2783 3480 honorarunt
2825 3425 3173 3495 sapientiam,
3226 3425 3400 3494 ipsam

1828 3517 2117 3586 complecti
2142 3518 2185 3580 ⁷,
2219 3532 2247 3577 a
2280 3516 2640 3571 conveniente
2680 3531 2845 3571 sensu
2876 3515 3012 3570 forte
3040 3530 3149 3569 non
3177 3515 3402 3569 aberra-

1828 3623 1971 3673 mus,
2032 3609 2076 3663 si
2131 3624 2241 3663 rem
2296 3607 2651 3663 didicerimus
2704 3608 2865 3676 cujus
2911 3617 2996 3661 est
3042 3606 3401 3675 tempestivus

1829 3699 2162 3766 complexus.
2204 3697 2332 3752 Sion
2382 3697 2527 3751 enim
2576 3714 2732 3753 mons
2762 3708 2845 3753 est
2878 3696 3399 3769 Hierosolymorum,

1830 3791 1919 3860 qui
1947 3806 2110 3859 super
2132 3805 2311 3843 arcem
2341 3790 2562 3843 eminet.
2592 3790 2692 3856 Qui
2711 3806 2841 3861 ergo
2863 3790 3185 3843 adhortatur
3205 3797 3261 3842 ut
3280 3804 3402 3843 eam

1830 3882 2232 3951 complectaris,
2267 3882 2424 3951 jubet
2452 3890 2510 3935 ut
2535 3881 2757 3936 sublimi
2793 3883 2916 3934 vita:
2940 3880 3161 3951 agendae
3190 3880 3403 3933 ratione

1829 3974 2131 4037 coalescas,
2184 3981 2242 4027 ut
2279 3975 2565 4043 pervenias
2599 3974 2664 4025 ad
2693 3972 2866 4042 ipsam
2897 3986 3073 4026 arcem
3114 3971 3400 4034 virtutum,

1830 4079 1993 4134 quam
2024 4064 2127 4118 sub
2156 4064 2374 4117 nomine
2407 4061 2538 4116 Sion
2569 4062 2843 4132 signiﬁcat
2872 4061 2925 4115 in
2954 4061 3258 4131 aenigmate.
3298 4060 3400 4127 Qui

1831 4170 1961 4222 ergo
1992 4164 2169 4209 tecum
2195 4154 2444 4208 habitare
2470 4154 2586 4207 vult
2616 4153 2964 4222 sapientiam,
2999 4167 3122 4206 eum
3148 4151 3240 4222 qui
3260 4152 3404 4222 apud

1830 4243 1955 4299 illos
1985 4244 2232 4314 sequitur
2262 4245 2554 4298 annuntiat
2592 4245 2689 4298 tibi
2735 4245 3099 4314 complexum.
3145 4244 3239 4299 Est
3274 4260 3406 4315 ergo

1833 4342 2046 4405 tempus
2074 4334 2465 4403 complectendi
2501 4335 2655 4394 Sion,
2693 4344 2746 4390 et
2780 4344 2995 4407 tempus
3026 4345 3083 4389 ut
3120 4351 3221 4391 nos
3255 4351 3406 4390 com-

1835 4426 2103 4495 plectatur
2125 4427 2409 4494 sapientia,
2439 4427 2658 4479 nomine
2677 4426 2897 4495 quidem
2923 4428 3055 4481 Sion
3078 4428 3405 4481 ostendente

163 4514 253 4581 τῆς
285 4515 562 4580 πολιτείας
597 4516 1002 4587 ἐνδεικνυμένου
1023 4558 1037 4577 ,
1072 4517 1169 4585 τῆς
1214 4515 1269 4567 δὲ
1319 4515 1510 4583 σοφίας
1550 4517 1726 4568 πᾶσαν

1833 4516 2218 4571 sublimitatem
2247 4516 2367 4570 vitae
2387 4516 2608 4585 agendae
2639 4518 2903 4584 rationis;
2937 4518 3200 4587 sapientia
3224 4527 3403 4572 autem

161 4600 261 4653 ἀπὸ
297 4603 501 4674 μέρους
534 4607 632 4677 τὴν
672 4607 872 4678 ἀρετὴν
900 4606 968 4658 δι’
992 4605 1190 4674 ἑαυτῆς
1230 4605 1631 4679 σημαινούσηςη
1667 4608 1728 4660 Ei

161 4692 328 4747 τοίνυν
358 4696 684 4767 ἐγνώκαμεν
724 4698 812 4751 διὰ
857 4681 969 4751 τῶν
1004 4697 1306 4768 εἰρημένων
1336 4695 1397 4748 τὸ
1434 4696 1534 4766 τῆς
1572 4715 1727 4768 περι-

159 4782 364 4854 λήψεως
404 4789 682 4861 εῠκαιρον,
712 4789 796 4844 διὰ
826 4789 933 4843 τῶν
963 4789 1142 4842 αὐτῶν
1171 4786 1542 4858 ἐδιδάχθημεν,
1560 4786 1729 4843 ’τίνων

161 4872 187 4921 ὁ
211 4878 487 4947 χωρισμὸς
518 4881 617 4950 τῆς
652 4879 926 4950 συμφυΐας
970 4880 1087 4931 ἐστὶ
1113 4876 1566 4948 λυσιτελέστερος.
1598 4881 1733 4932 Και-

165 4962 248 5029 ρδς
277 4967 406 5037 γὰρ,
451 4964 608 5040 φησι,
644 4970 740 5023 τοῦ
786 4969 1160 5041 μακρυνθῆναι
1211 4970 1318 5022 ἀπὸ
1362 4969 1725 5042 περιλήψεως.

173 5051 225 5103 ὐ
258 5056 391 5126 πρὸς
414 5059 518 5127 τὴν
551 5059 748 5130 ἀρετὴν
772 5058 1089 5123 οίκειωθεὶς,
1115 5059 1215 5128 τῆς
1240 5059 1374 5131 πρὸς
1402 5060 1499 5129 τὴν
1530 5067 1727 5114 κακίαν

162 5142 391 5207 σχέσεως
420 5146 801 5219 ἠλλοτρίωται.
836 5169 853 5199 ι
882 5149 976 5212 Τίς
1008 5152 1116 5217 γὰρ
1140 5150 1394 5200 κοινωνία
1423 5149 1563 5216 φωτὶ
1592 5149 1728 5219 πρὸς

162 5231 362 5295 σκότος,
415 5235 448 5302 ἢ
503 5236 723 5307 Χριστῷ
775 5235 911 5308 πρὸς
958 5235 1173 5300 Βελίαλ;
1204 5257 1223 5289 ι
1248 5238 1319 5290 ἸΙ
1360 5238 1478 5298 πῶς
1508 5236 1729 5293 δυνατόν

158 5317 266 5371 ἐστι
294 5323 411 5376 δυσὶ
446 5327 660 5395 κυρίοις
694 5328 951 5390 ἐναντίοις
973 5326 1308 5387 δουλεύοντα,
1341 5327 1527 5381 εὔνουν
1547 5329 1726 5398 ἀμφο-

159 5409 321 5478 τέροις
362 5416 652 5483 γενέσθαι;
699 5420 763 5472 Ἥ
794 5420 901 5490 γὰρ
927 5419 1023 5472 τοῦ
1053 5418 1170 5482 ἑνὸς
1188 5420 1396 5490 ἀγάπη.
1435 5424 1587 5490 μῖσος
1632 5421 1725 5474 τοῦ

156 5498 333 5572 ἑτέρου
385 5507 667 5577 ἐποίησεν.
702 5511 872 5564 ’Ὀταν
919 5506 1012 5563 οὖν
1047 5513 1081 5579 ἡ
1127 5511 1442 5581 ἀγαπητικὴ
1489 5511 1726 5575 διάθεσις

159 5601 402 5668 περιποιῇ
438 5600 499 5651 τὸ
548 5601 727 5665 καλὸν,
755 5602 917 5656 τοῦτο
956 5602 1013 5655 δέ
1042 5604 1156 5655 ἐστι
1202 5602 1263 5654 τὸ
1322 5601 1595 5675 εὔκαιρον,
1625 5604 1726 5655 E1:-

226 5776 245 5806 ‘
282 5778 423 5830 l‘sai.
452 5794 587 5834 Lvu.
619 5780 695 5832 13.
774 5781 791 5809 ⁷
832 5780 990 5833 Prov.
1018 5796 1090 5842 tv,
1115 5780 1166 5835 8.
1246 5782 1266 5813 ³
1297 5781 1338 5833 ll
1360 5778 1487 5835 Cor.
1514 5780 1707 5846 v13”,
1738 5780 1825 5835 l5.

1828 4622 1893 4661 ex
1942 4616 2095 4675 parte
2126 4621 2340 4660 onmem
2394 4621 2489 4675 per
2533 4622 2592 4661 se
2640 4607 2893 4660 virtutem
2939 4606 3301 4677 signiﬁcante.
3346 4608 3405 4661 Si

1828 4712 1960 4767 ergo
1992 4712 2088 4765 per
2131 4711 2192 4750 ea
2226 4711 2348 4765 quae
2385 4696 2529 4749 dicta
2563 4704 2691 4750 sunt
2740 4697 3100 4766 cognovimus
3139 4706 3406 4767 opportu—

1832 4789 2053 4840 nitatem
2096 4788 2434 4855 complexus,
2478 4802 2576 4856 pcr
2608 4801 2671 4841 ea
2714 4788 2832 4856 ipsa
2877 4787 3190 4850 didicimus,
3227 4803 3258 4841 a
3286 4790 3408 4859 qui-

1830 4877 2060 4931 busnam
2102 4877 2377 4945 separatio
2409 4877 2478 4930 sit
2508 4877 2696 4931 utilior
2726 4878 3136 4946 conjunctione.
3166 4877 3408 4948 Tempus

1827 4976 1913 5020 est
1944 4967 2110 5033 enim,
2157 4967 2354 5037 inquit,
2392 4969 2548 5036 longe
2593 4968 2707 5022 ﬁeri
2742 4984 2771 5022 a
2800 4970 3108 5039 complexu.
3161 4968 3265 5036 Qui
3294 4972 3407 5024 vir-

1832 5057 1934 5111 tuti
1966 5064 2050 5111 est
2094 5059 2423 5126 conjunctus
2452 5060 2869 5115 necessitudine
2904 5076 2969 5115 ac
3019 5062 3404 5128 familiaritate,

1832 5156 1917 5203 est
1950 5148 2218 5203 alienatus
2257 5149 2326 5201 ab
2360 5165 2423 5203 ea
2458 5165 2579 5219 quae
2612 5150 2737 5204 cum
2771 5152 2905 5204 vitio
2935 5164 3018 5207 est
3068 5152 3405 5208 habitudine.

1838 5238 2006 5305 «Quce
2055 5249 2139 5294 est
2191 5240 2336 5295 enim
2373 5242 2611 5297 societas
2660 5243 2767 5297 luci
2821 5259 2946 5296 eum
2999 5245 3259 5306 tenebris.
3313 5254 3408 5298 aut

1832 5333 2051 5387 Christo
2095 5349 2218 5387 cum
2258 5333 2538 5388 Belial'?i
2578 5337 2684 5390 Aut
2720 5336 2996 5406 quomodo
3045 5336 3161 5391 ﬁeri
3206 5343 3406 5406 potest,

1834 5433 1893 5479 ut
1922 5426 2014 5495 qui
2044 5425 2259 5481 duobus
2280 5428 2518 5482 dominis
2541 5428 2711 5483 servit
2741 5427 3035 5482 contrariis
3062 5428 3134 5481 sit
3165 5428 3410 5496 utrisque

1832 5516 2131 5571 benevolus
2153 5517 2208 5570 ’?
2242 5516 2415 5573 Unius
2437 5519 2581 5572 enim
2623 5517 2844 5571 dilectio
2868 5518 3051 5571 odium
3083 5516 3245 5572 efﬁcit
3278 5521 3411 5573 alte-

1833 5607 1968 5662 rius.
1996 5605 2228 5672 Quando
2268 5623 2396 5679 ergo
2438 5606 2749 5662 dilectionis
2780 5604 2995 5660 affectio
3034 5606 3141 5661 sibi
3173 5606 3412 5662 vindicat

1903 5783 1924 5813 ’
1963 5780 2151 5839 Matth.
2185 5800 2259 5848 vt,
2289 5783 2377 5838 24.
