3874 6372
470 395 573 451 7l9

1614 412 1623 425 π
1709 392 1761 445 S.
1807 390 2136 447 GREGORII
2177 388 2469 447 NYSSENI

3645 392 3740 446 7‘30

469 508 521 563 id
558 504 704 579 quod
738 514 820 559 est
848 504 1048 558 bonum
1074 509 1127 558 et
1150 503 1466 569 honestum,
1495 503 1600 557 hoc
1628 510 1809 557 autem
1842 513 1926 558 est
1957 520 2056 571 op-

2168 504 2530 575 ηκολούθησεν
2560 504 2729 568 ὅντως
2760 505 2791 575 ἡ
2819 506 2953 576 πρὸς
2983 503 3043 557 τὸ
3061 504 3440 574 ἀντικείμενον
3458 504 3742 576 ἀλλοτρίω-

466 607 764 671 portunum
796 606 850 651 et
883 596 1307 666 tempestivum,
1352 612 1483 652 vere
1515 597 1763 667 sequitur
1794 597 2050 651 alienatio

466 691 536 745 ab
566 705 633 744 eo
665 689 809 759 quod
844 688 892 743 ei
932 687 1278 743 adversatur.
1306 685 1367 740 Si
1400 701 1527 741 vere
1574 686 1810 741 dilexisti
1847 693 2042 755 tempe-

464 780 727 843 rantiam,
759 779 813 833 id
836 779 981 850 quod
1013 780 1343 833 adversatur
1359 779 1547 835 odisti.
1580 776 1635 832 Si
1662 778 1727 831 ad
1760 778 2048 847 puritatem

462 869 645 923 oculis
668 868 874 938 aspicis
892 867 1196 928 amatoriis,
1215 866 1383 921 odisti
1407 860 1616 921 scilicet
1636 865 1859 920 fetorem
1881 864 2046 918 eteui.

374 1004 379 1015 τ
465 956 523 1011 Si
584 958 729 1012 bono
778 955 1078 1019 adlitesisti,
1140 955 1302 1023 longe
1345 954 1572 1008 omnino
1613 955 1682 1008 ab
1738 952 2051 1008 adhaesione

466 1051 592 1106 mali
626 1059 679 1106 te
732 1051 1038 1105 removisti.
1088 1048 1243 1114 Quod
1286 1049 1331 1104 si
1377 1047 1503 1118 quis
1528 1048 1694 1100 etiam
1729 1046 2050 1114 complexus

466 1144 832 1215 significatum
864 1142 1101 1196 deducat
1128 1140 1193 1194 ad
1230 1142 1575 1209 complexum
1608 1138 1946 1199 divitiarum,
1997 1135 2049 1190 id

464 1251 682 1307 quoque
708 1233 970 1297 ostendit,
999 1248 1249 1303 quaenam
1282 1231 1393 1287 sint
1423 1228 1799 1301 amplexanda:
1825 1228 2049 1291 divitim,

464 1339 517 1385 et
554 1345 787 1401 quarum
833 1329 1152 1383 divitiarum
1201 1326 1488 1397 amplexus
1522 1326 1595 1379 sit
1648 1320 2048 1377 amandandus.

464 1420 599 1475 Novi
627 1421 948 1476 thesaurum
979 1419 1072 1489 qui
1105 1432 1301 1487 magno
1327 1414 1511 1472 studio
1541 1414 1827 1484 qureritur,
1857 1425 2052 1480 nempe

466 1529 590 1569 eum
626 1513 718 1584 qui
743 1519 826 1567 est
862 1511 1167 1565 absconsus
1199 1511 1253 1563 iu
1280 1523 1413 1573 agro
1438 1507 1501 1569 ‘°,
1540 1520 1649 1560 non
1680 1520 1802 1558 eum
1839 1504 1930 1573 qui
1958 1517 2051 1572 ap-

470 1614 624 1676 paret
652 1604 929 1659 omnibus.
979 1601 1337 1658 Novirursus
1364 1600 1587 1655 divitias
1626 1613 1748 1668 quae
1782 1597 2055 1651 habentur

466 1696 828 1765 contemptui,
871 1709 979 1748 non
1011 1708 1104 1748 eas
1154 1708 1277 1763 qua:
1313 1698 1628 1761 sperantur,
1686 1688 1779 1744 sed
1828 1702 1949 1757 qua)
1996 1701 2055 1740 se

466 1788 704 1842 oderunt
753 1788 950 1842 oculis.
1009 1786 1121 1841 Hoc
1162 1786 1324 1841 docet
1366 1800 1469 1838 vox
1513 1782 1783 1852 Apostoli,
1825 1779 2049 1834 dicens:

2161 613 2264 659 σις.
2291 597 2353 649 Ei
2377 594 2595 666 ἀληθῶς
2622 595 2723 664 τὴν
2752 596 3104 666 σωφροσύνην
3130 596 3447 666 ἠγάπησας,
3480 596 3743 666 ἐμίσησας

2157 688 2223 741 ἂν
2253 688 2315 740 τὸ
2346 687 2738 757 ἀντικείμενον.
2764 688 2827 740 Εἰ
2862 688 2999 758 πρὸς
3024 688 3124 758 τὴν
3153 687 3501 758 καθαρότητα
3530 688 3744 758 βλέπεις

2158 779 2459 850 ἐρωτικῶς.
2511 778 2781 845 ὲὸδελύξω
2842 780 2999 850 δῆλον
3060 781 3143 834 ὅτι
3198 780 3296 852 τὴν
3333 780 3426 833 τοῦ
3484 780 3746 852 βορϐόρου

2157 869 2439 923 δυσωδίαν.
2473 871 2533 923 Εί
2572 870 2649 940 τῷ
2684 869 2872 940 ἀγαθῷ
2900 871 3365 943 προσεκολλήθης,
3398 874 3749 945 ὲμακρύνθης

2159 962 2376 1024 πάντως
2409 961 2507 1031 τῆς
2550 961 2645 1014 τοῦ
2677 960 2916 1034 πονηροῦ
2957 962 3427 1033 προσκολλήσεως.
3476 965 3537 1016 Εί
3573 964 3634 1016 δὲ
3660 966 3750 1015 καὶ

2159 1054 2297 1124 πρὸς
2344 1052 2445 1123 τὴν
2487 1052 2584 1106 τοῦ
2631 1052 2861 1106 πλούτου
2914 1053 3207 1125 περιόολὴν
3253 1054 3375 1122 ἄγοι
3419 1071 3503 1117 τις
3538 1052 3606 1105 τὸ
3652 1052 3751 1125 τῆς

2160 1145 2507 1216 περιλήψεως
2538 1147 2958 1216 σημαινόμενον,
2981 1147 3220 1199 δείκνυσι
3246 1149 3341 1200 καὶ
3358 1141 3510 1209 οὗτος
3530 1149 3561 1199 ό
3592 1146 3752 1213 λόγος

2160 1238 2309 1288 ποῖον
2339 1236 2567 1289 πλοῦτον
2590 1236 2794 1304 ἀγαθόν
2824 1239 2941 1290 ἐστι
2972 1237 3417 1306 περιϐάλλεσθαι,
3449 1238 3540 1290 καὶ
3577 1238 3751 1289 ποίων

2160 1328 2459 1399 κτημάτων
2499 1328 2794 1400 περιϐολὴν
2827 1330 3271 1401 ἀποπέμπεσθαι.
3308 1327 3436 1383 Οἶδα
3470 1329 3751 1401 θησαυρὸν

2161 1417 2615 1489 σπουδαζόμενον,
2660 1421 2751 1473 τὸν
2798 1421 3182 1492 κεκρυμμένον
3217 1423 3273 1474 ὲν
3298 1420 3376 1491 τῷ
3413 1420 3594 1492 ἀγρῷ,
3630 1422 3754 1491 οὐχὶ

2159 1511 2249 1564 τὸν
2290 1513 2422 1565 πᾶσι
2472 1514 2817 1583 φαινόμενον.
2854 1510 2985 1567 Οἶδα
3021 1513 3184 1566 πάλιν
3228 1512 3455 1566 πλοῦτον
3482 1513 3752 1583 ἀτιμαζό-

2164 1620 2342 1673 μενον,
2372 1604 2431 1656 ού
2462 1604 2552 1657 τὸν
2587 1603 2960 1676 ἐλπιζόμενον,
2995 1604 3131 1659 ἀλλὰ
3161 1606 3250 1659 τὸν
3278 1604 3580 1675 ὀφθαλμοῖς
3614 1623 3750 1677 προ-

2163 1695 2506 1766 φαινόμενον.
2542 1688 2791 1749 Ᾱιδάσκει
2819 1695 3030 1768 τοῦτοή
3063 1696 3155 1750 τοῦ
3207 1696 3523 1750 ’Δποστόλου
3566 1697 3748 1767 φωνὴ,

2161 1783 2427 1851 λέγουσα·
2471 1803 2489 1834 ι
2531 1785 2622 1855 Μὴ
2671 1785 3014 1840 σκοπούντων
3065 1786 3220 1858 ἡμῶν
3277 1786 3345 1841 τά
3413 1786 3749 1859 βλεπόμενα,

472 1900 490 1931 ι
513 1878 630 1933 Non
661 1879 1143 1934 considerantibus
1174 1877 1331 1933 nobis
1358 1890 1480 1946 quae.
1506 1874 1782 1934 videntur.
1811 1872 1905 1927 sed
1935 1885 2054 1941 quae

2168 1876 2293 1930 ὶλλά
2342 1875 2412 1928 τὰ
2463 1876 2538 1947 μὴ
2588 1876 2924 1947 βλεπόμενα·
2977 1878 3045 1931 τὰ
3075 1878 3183 1949 γὰρ
3215 1878 3514 1949 βλεπόμενα
3570 1881 3742 1950 πρόσ-

470 1986 577 2024 ιιυη
606 1970 886 2026 videntur:
920 1984 1042 2039 quae
1063 1968 1209 2023 enim
1238 1967 1515 2029 videntur,
1545 1974 1673 2020 sunt
1703 1961 2050 2033 temporalia;

466 2079 590 2134 qua:
616 2071 796 2118 autem
830 2078 938 2117 non
965 2062 1460 2125 videntumteterna
1483 2058 1580 2111 υ.)
1620 2056 1676 2111 Si
1705 2057 1819 2111 [nec
1842 2054 2065 2110 intelle-v

472 2159 675 2223 ximus,
710 2173 773 2212 ea
799 2158 966 2211 etiam
998 2172 1119 2227 qua:
1148 2156 1411 2224 deinceps
1440 2158 1768 2223 sequuntur,
1800 2164 1897 2222 per
1942 2148 2054 2203 haec

472 2252 923 2307 intellexerimus.
1000 2238 1006 2257 ’

542 2342 599 2397 6.
626 2343 904 2411 «Trtnpus
954 2350 1037 2396 est
1064 2340 1231 2400 enim.
1282 2358 1300 2390 ι
1334 2336 1532 2408 inquit,
1577 2353 1597 2387 ‹
1637 2332 1940 2405 quaerendi.
2002 2341 2056 2387 et

464 2443 690 2503 tempus
716 2432 997 2504 perdendi.
1045 2452 1062 2483 ι
1094 2431 1196 2498 Qui
1229 2431 1373 2485 enim
1407 2444 1473 2483 ex
1504 2428 1571 2483 iis
1604 2441 1725 2498 quae
1745 2424 2055 2481 examinata

475 2532 627 2587 sunt,
689 2524 1019 2578 intellexerit
1064 2537 1093 2576 a
1144 2534 1376 2592 quorum
1427 2519 1712 2589 complexu
1767 2517 2058 2586 seju‘ngere

472 2618 711 2687 seipsum
745 2616 960 2677 debeat,
994 2624 1047 2669 et
1076 2630 1202 2669 cum
1226 2614 1427 2684 quibus
1460 2618 1712 2683 Oporteat
1739 2625 1799 2664 se
1834 2608 2059 2678 conjun-

471 2722 633 2777 gere;
669 2712 964 2778 cognoscet
996 2705 1159 2759 etiam
1183 2703 1311 2775 quid
1342 2701 1693 2773 quierendum
1724 2700 1813 2763 sit,
1847 2709 1898 2752 et
1918 2711 2058 2767 quo-

475 2813 592 2852 rum
611 2798 837 2852 amissio
857 2795 927 2851 sit
950 2795 1219 2849 lucrunm
1244 2792 1479 2863 Tempus
1498 2800 1581 2847 est
1610 2791 1778 2852 enim,
1808 2806 1827 2839 ι
1857 2785 2055 2856 inquit,

479 2906 499 2941 «κ
537 2889 842 2959 quaerendi,
900 2895 953 2941 et
986 2896 1202 2955 tempus
1231 2884 1539 2939 amittendi.
1580 2901 1599 2934 ι
1636 2881 1781 2949 Quid
1813 2870 1899 2936 est
1928 2894 2060 2949 ergo

475 2980 620 3049 quod
647 2993 733 3034 me
759 2993 1003 3047 quaerere
1030 2985 1266 3047 oportet,
1302 2983 1363 3031 ut
1390 2969 1607 3043 tempus
1636 2986 1900 3043 assequar
1933 2984 2062 3024 con-

474 3070 742 3127 veniens?
778 3069 881 3125 Sed
917 3069 1175 3139 quiduam
1215 3066 1431 3137 quidem
1456 3064 1630 3134 quaeri
1665 3068 1934 3132 oporteat,
1975 3061 2061 3114 in-

476 3167 623 3222 dicat
673 3163 977 3235 prophetia,
1044 3159 1235 3214 dicens
1277 3177 1290 3212 :
1338 3176 1355 3208 ι
1391 3155 1629 3223 Quaerite
1666 3153 1979 3215 Dominum,
2010 3160 2062 3205 et

477 3254 881 3315 eonﬁrmamini
905 3255 970 3308 η.
1013 3273 1031 3305 ι
1066 3250 1134 3305 Ει
1164 3263 1357 3305 rursus
1384 3268 1397 3304 :
1436 3267 1453 3299 ι
1482 3246 1721 3313 Quaerite
1746 3243 2059 3303 Dominum,

477 3362 530 3405 et
562 3351 615 3405 in
636 3346 965 3404 inveniendo
995 3360 1120 3401 eum
1175 3344 1443 3409 invocate,
1474 3348 1528 3397 et
1552 3340 1764 3395 laetetur
1782 3352 1880 3391 cor
1917 3349 2058 3406 quae-

477 3441 712 3495 rentium
759 3435 1132 3490 Diminum".
1173 3453 1192 3485 ι
1237 3429 1482 3501 Cognovi
1531 3442 1663 3497 ergo
1699 3439 1794 3495 per
1839 3432 1901 3478 ea‘
1944 3433 2065 3491 quae

412 3514 413 3517 η
477 3534 620 3588 dicta
652 3541 798 3598 sunt,
853 3530 905 3582 id
941 3525 1087 3599 quod
1138 3523 1489 3597 quaerendum
1523 3528 1610 3576 est
1651 3539 1664 3573 :
1696 3517 2066 3588 eujusinven-

2156 1984 2359 2039 καιρα·
2411 1968 2485 2021 τά
2539 1968 2603 2021 δὲ’
2650 1968 2725 2039 μὴ
2761 1967 3099 2038 βλεπόμενα,
3149 1969 3359 2024 αἰώνια.
3399 1990 3417 2023 ι
3450 1972 3515 2023 Εἰ
3569 1972 3750 2025 ταῦτα

2156 2062 2509 2130 νενοήκαμεν,
2547 2060 2639 2113 καὶ
2689 2063 2781 2131 τὸν
2829 2060 3027 2132 ἐφεξῆς
3068 2062 3224 2131 λόγον
3276 2063 3366 2116 διὰ
3405 2062 3617 2117 τούτων
3658 2080 3749 2115 νε-

2130 2151 2412 2240 ’νοηκότες
2445 2150 2703 2222 ἐσόμεθα.

2233 2355 2251 2387 ί
2282 2334 2489 2407 Καιρδς
2526 2335 2653 2406 γὰρ,
2700 2355 2717 2386 ι
2747 2321 2917 2406 φησι,⁸
2944 2355 2963 2387 ι
3000 2337 3092 2389 τοῦ
3134 2336 3388 2408 ζητῆσαι,
3420 2339 3514 2391 καὶ
3551 2340 3750 2409 καιρὸς

2158 2425 2252 2478 τοῦ
2283 2425 2563 2479 ἀπολέσαι.
2593 2445 2611 2478 ι
2645 2426 2703 2479 Ὀ
2726 2426 2833 2498 γὰρ
2854 2427 3055 2499 νοήσας
3078 2427 3164 2482 διὰ
3194 2429 3301 2482 τῶν
3321 2428 3747 2494 ἐξετασθέντων,

2159 2500 2319 2572 τίνων
2359 2519 2625 2601 προσήκει
2677 2518 2974 2589 μακρύνειν
3011 2520 3199 2573 ἑαυτὸν
3243 2521 3349 2574 ἀπὸ
3388 2524 3489 2591 τῆς
3522 2522 3753 2593 περιλή-

2159 2609 2306 2680 ψεως
2336 2606 2431 2662 καὶ
2466 2609 2578 2663 τίσι
2608 2608 2995 2663 συνάπτεσθαι·
3018 2607 3163 2681 γνῲη
3197 2611 3281 2676 ἂν,
3311 2612 3364 2664 τί
3390 2629 3445 2664 τε
3479 2616 3751 2684 προσήκει

2161 2700 2366 2768 ζητεῖν,
2404 2700 2498 2752 καὶ
2533 2699 2695 2753 τίνων
2735 2699 3035 2770 ήάπὼλεια
3069 2702 3256 2772 κέρδος
3283 2703 3447 2755 ἐστίν.
3482 2723 3500 2752 ι
3541 2705 3750 2776 Καιρὸς

2134 2864 2139 2873 ι
2163 2793 2292 2867 γὰρ,
2329 2814 2348 2845 ι
2366 2795 2521 2866 φησὶ,
2546 2813 2564 2846 ι
2595 2794 2690 2849 τοῦ
2715 2795 2966 2867 ζητῆσαι,
2986 2797 3081 2851 καὶ
3102 2796 3403 2867 καιρὸςκτοῦ
3427 2796 3746 2849 ἀπολέσαι.»

2162 2883 2226 2935 Τί
2257 2884 2436 2938 τοίνυν
2495 2886 2640 2938 ἐστὶν
2685 2887 2714 2939 ὅ
2743 2903 2809 2955 με
2847 2886 3080 2958 ζητῆσαι
3119 2888 3259 2958 χρὴ,
3288 2887 3429 2940 ὥστε
3473 2888 3751 2957 ἐπιτυχεῖν

2161 2974 2255 3027 τοῦ
2298 2976 2492 3048 καιροῦ
2533 2975 2628 3029 τοῦ
2673 2974 3049 3049 καθήὶοντοω
3088 2977 3222 3031 ἀλλά
3253 2979 3304 3031 τί
3336 2978 3437 3048 μὲν
3465 2977 3749 3048 ζητεῖσθαι

2162 3065 2278 3120 δέον
2306 3068 2338 3138 ἡ
2379 3067 2683 3139 προφητεία
2713 3068 2973 3133 δείκνυσι,
3003 3069 3265 3138 λέγουσα·
3306 3088 3324 3121 ‹
3354 3072 3637 3141 Ζητήσατε
3660 3071 3748 3121 τὸν

2166 3158 2392 3230 Κύριον,
2425 3161 2518 3213 καὶ
2557 3159 2965 3233 κραταιώθητε·
3014 3181 3033 3213 ι
3072 3163 3165 3215 καὶ
3191 3161 3384 3214 πάλιν·
3419 3182 3437 3213 ι
3467 3162 3747 3232 Ζητήσατε

2166 3250 2257 3304 τὸν
2278 3251 2505 3326 Κύριον,
2538 3253 2631 3305 καὶ
2661 3255 2719 3306 ὲν
2743 3253 2821 3324 τῷ
2842 3234 3113 3326 εὑρίσκειν
3141 3255 3302 3308 αὐτὸν
3329 3254 3750 3320 ἐπικαλέσασθε,

2166 3343 2260 3396 καὶ
2321 3344 2679 3417 εὐφρανθήτω
2728 3346 2927 3416 καρδία
2968 3345 3272 3417 ζητούντων
3324 3347 3417 3399 τὸν
3468 3347 3695 3418 Κύριον.
3728 3366 3746 3397 ι

2171 3438 2383 3500 Ἔγνων
2404 3435 2581 3490 τοίνυν
2608 3436 2697 3490 διά
2721 3437 2829 3489 τῶν
2859 3438 3163 3508 εἰρημένων
3191 3438 3329 3508 ὅπερ
3362 3435 3595 3508 ζητῆσαι
3626 3439 3751 3508 χρὴ·

2166 3526 2226 3585 οὗ
2260 3533 2293 3601 ἡ
2330 3529 2549 3602 εὗρεσίς
2577 3530 2727 3582 ἐστιν
2766 3530 2898 3582 αὐτὸ
2929 3530 2989 3583 τὸ
3014 3531 3100 3583 ἀεὶ
3135 3530 3336 3600 ζητεῖν.
3372 3531 3448 3585 Οὐ
3478 3531 3589 3600 γὰρ
3628 3531 3755 3583 ἄλλο

479 3622 558 3680 tio
579 3632 661 3680 est
697 3625 877 3694 ipsum
917 3635 1135 3691 semper
1171 3626 1439 3688 quaerere;
1478 3611 1599 3669 Non
1627 3613 1774 3667 enim
1807 3608 1954 3663 aliud
1982 3614 2060 3662 est

2168 3624 2218 3676 τί
2257 3624 2373 3675 ἐστι
2417 3622 2478 3675 τὸ
2528 3620 2734 3692 ζητεῖν,
2770 3623 2863 3675 καὶ
2913 3621 3041 3676 ἄλλο
3070 3622 3131 3675 τὸ
3169 3622 3475 3692 εὑρίσκειν·
3510 3621 3649 3679 ἀλλὰ
3697 3621 3755 3673 τὸ

375 3716 381 3725 ’
477 3732 742 3788 quaerere,
773 3723 828 3770 et
857 3712 1001 3767 aliud
1029 3711 1278 3766 invenire
1315 3727 1328 3763 :
1371 3707 1465 3763 sed
1496 3702 1819 3776 exquirendi
1853 3701 2060 3755 lucrum

2168 3714 2261 3768 τοῦ
2292 3714 2592 3785 ὲκζητῆσαι
2626 3712 2834 3785 κέρδος.
2868 3714 2999 3765 αὐτὸ
3030 3712 3091 3766 τὸ
3120 3712 3353 3783 ζητῆσαί
3396 3713 3533 3766 ἐστι.
3568 3712 3754 3766 Βούλει

477 3820 564 3863 est
589 3810 766 3878 ipsum
794 3820 1060 3877 qmerere.
1095 3803 1187 3857 Vis
1214 3802 1380 3856 etiam
1413 3800 1556 3856 scire
1577 3791 2060 3867 Opportunitateml

2170 3806 2261 3860 καὶ
2297 3807 2394 3875 τὴν
2423 3802 2705 3875 εὐκαιρίαν
2738 3802 2950 3874 μαθεῖν,
2983 3802 3066 3865 τίς
3110 3802 3299 3873 καιρὸς
3323 3801 3419 3855 τοῦ
3459 3803 3648 3872 ζητεῖν
3670 3802 3756 3856 τὸν

478 3900 635 3967 Quod
664 3907 748 3955 est
774 3907 989 3969 tempus
1020 3893 1298 3966 quaerendi
1320 3891 1612 3946 Dominum
1630 3889 1657 3942 ἲ
1677 3887 1922 3942 Breviter
1948 3883 2060 3937 dice

2170 3896 2414 3969 Κύριον;
2452 3895 2733 3965 συντόμως
2762 3894 2924 3962 λέγω,
2965 3895 3023 3947 '0
3062 3893 3176 3965 βίος
3212 3894 3351 3957 ὅλος.
3395 3894 3519 3947 Ἐπὶ
3566 3894 3756 3947 τούτου

482 4000 536 4047 et
599 3990 945 4061 compendio,
1012 3996 1123 4043 tota
1173 3986 1302 4040 vita.
1353 3982 1411 4037 ln
1437 3982 1544 4037 hoc
1571 3981 1719 4036 enim
1760 3979 1879 4036 solo
1901 3974 2060 4033 studii

2170 3989 2279 4061 γὰρ
2312 3989 2471 4060 μόνον
2488 3982 2555 4061 ἧς
2572 3987 2763 4058 καιρὸς
2787 3989 2886 4057 τῆς
2916 3986 3148 4057 σπουδῆς
3176 3988 3323 4040 ἐστιν
3349 3988 3381 4057 ἡ
3414 3986 3624 4056 σπουδὴ
3650 3990 3754 4040 πᾶ-

472 4094 698 4155 ,ιειιιριιε
730 4092 815 4137 est
839 4091 1010 4135 totum
1057 4078 1323 4135 studium.
1350 4075 1465 4131 Non
1498 4076 1643 4132 enim
1686 4080 1839 4129 certo
1886 4071 2060 4141 alique

2173 4081 2360 4134 σα.ού
2403 4081 2513 4151 γὰρ
2563 4078 2993 4151 ἀπο-τεταγμένῳ
3041 4080 3148 4131 τινί
3200 4078 3380 4148 καιρῷ
3429 4080 3525 4131 καὶ
3581 4080 3756 4149 χρόνῳ

485 4194 547 4232 ac
577 4175 800 4232 deﬁnito
831 4184 1072 4243 tempore
1121 4170 1406 4225 Dominum
1443 4182 1689 4239 quierere
1735 4167 1937 4222 bonum
1965 4171 2060 4227 est,

2172 4173 2545 4245 ἀφωρισμένῳ
2587 4171 2648 4225 τὸ
2682 4171 2864 4242 ζητεῖν
2907 4171 2999 4225 τὸν
3037 4171 3275 4242 Κύριον,
3317 4171 3525 4239 ἀγαθόν
3574 4174 3753 4225 ἐστιν·

487 4268 585 4323 sed
608 4283 713 4321 non
745 4282 964 4322 cessare
1002 4279 1267 4335 quaerere,
1310 4262 1414 4316 hoc
1457 4270 1544 4316 est
1584 4273 1711 4313 vera
1746 4254 2060 4327 opportuni-

2174 4265 2310 4319 ἀλλά
2351 4265 2411 4317 τὸ
2443 4266 2582 4336 μήτε
2628 4263 2765 4326 ὅλως
2810 4262 3107 4317 διαλείπειν
3139 4264 3228 4316 ἀεὶ
3277 4263 3569 4333 ζητοῦντα,
3600 4263 3757 4317 τοῦτό

486 4374 589 4418 tas.
617 4381 636 4414 ‹
678 4360 833 4417 Oculi
900 4379 916 4410 ι
959 4359 1104 4415 enim
1153 4379 1171 4410 ι
1210 4356 1338 4418 mei,
1380 4375 1398 4406 ι
1451 4353 1650 4425 inquit,
1713 4369 1731 4396 ι
1771 4364 1985 4419 semper
2006 4346 2071 4402 ad

489 4453 776 4509 Dominum
816 4453 876 4507 ιδ.
919 4474 936 4506 ι
1003 4450 1167 4506 Vides
1217 4464 1381 4522 quam
1431 4448 1720 4518 diligenter
1793 4452 2074 4501 scrutatur

2173 4359 2318 4412 ἐστιν
2348 4356 2555 4428 ἀληθὴς
2591 4355 2867 4427 εὐκαιρία.
2897 4376 2914 4408 ι
2945 4357 3007 4410 Ui
3038 4376 3057 4407 ι
3093 4355 3203 4426 γὰρ
3236 4374 3254 4406 ι
3279 4355 3551 4426 ὀφθαλμοί
3586 4375 3711 4427 μου,
3734 4377 3750 4407 ι

2175 4448 2327 4516 φησι,
2354 4467 2372 4499 ι
2402 4447 2691 4509 διαπαντὸς
2717 4447 2852 4517 πρὸς
2880 4446 2971 4500 τὸν
3004 4447 3229 4517 Κύριον.
3258 4465 3276 4497 ι
3314 4446 3472 4516 Ὁρᾷς
3496 4449 3618 4511 ττιῇ
3641 4450 3757 4499 ἑπι-

487 4548 681 4603 oculus
711 4547 855 4617 quod
885 4545 1171 4616 quatitur,
1200 4551 1261 4598 ut
1286 4543 1379 4613 qui
1403 4541 1607 4596 nullam
1630 4539 1735 4593 sibi
1758 4538 1851 4592 det
1877 4535 2060 4590 remis-

2178 4536 2354 4607 μελῶς
2386 4537 2583 4607 ἐρευνᾷ
2613 4538 2639 4591 ό
2673 4534 2949 4607 ό·ρθαλμὸς
2991 4535 3055 4588 τὸ
3097 4535 3464 4605 ζητούμενον,
3504 4536 3759 4607 οὐδεμίαν

491 4645 723 4707 sionem,
760 4658 937 4711 neque
978 4641 1148 4694 ullum
1181 4638 1300 4706 ejus
1335 4635 1481 4707 quod
1507 4633 1772 4705 qumrilur
1805 4629 2068 4685 interval-

495 4738 628 4797 lum,
681 4750 855 4802 neque
880 4720 1067 4785 ’ullam
1120 4729 1510 4783 relaxationem
1551 4721 1940 4795 cogitationis?
1969 4719 2071 4774 Per

492 4824 854 4895 adjectionem
904 4822 1047 4875 enim
1097 4820 1216 4889 ejus
1256 4817 1400 4887 quod
1427 4827 1511 4871 est
1564 4827 1798 4883 semper.
1831 4808 2071 4867 ostendit

496 4925 852 4987 perpetuum,
889 4921 942 4965 et
976 4909 1118 4979 quod
1164 4922 1440 4977 nunquam
1500 4902 1904 4963 intermittitur,
1946 4907 2070 4954 stu-

494 5008 666 5062 dium.
705 5004 967 5059 Similiter
1000 5010 1183 5056 autem
1222 4999 1591 5069 intelligamus
1620 5006 1672 5051 et
1709 5003 1918 5063 tempus
1946 5004 2073 5060 per—

490 5098 676 5161 dendi,
707 5099 917 5152 lucrum
972 5110 1091 5150 esse
1116 5093 1424 5164 judicautes
1464 5091 1597 5146 illud
1651 5089 1897 5159 perdere,
1925 5082 2071 5154 quod

491 5195 534 5247 si
578 5193 702 5263 quis
735 5192 951 5251 habeat,
988 5187 1040 5242 id
1081 5187 1157 5241 illi
1199 5185 1457 5240 damnum
1486 5182 1659 5238 all'ert.
1697 5179 1833 5233 Mala
1857 5192 2073 5248 posses-

495 5288 576 5339 ι»ίο
605 5294 690 5340 est
725 5282 954 5337 avaritia
985 5296 1143 5346 ;eam
1171 5292 1300 5348 ergo
1324 5277 1632 5347 perdamus.
1670 5271 1871 5327 Malum
1906 5269 2073 5338 depo-

498 5360 654 5430 ~situm
685 5385 768 5432 est
798 5381 1034 5443 acceptae
1068 5371 1284 5440 injuria:
1307 5368 1636 5425 recordatio.
1674 5365 1731 5419 ld
1756 5378 1885 5432 ergo
1915 5362 2075 5415 amit-

500 5480 693 5522 tamus.
735 5467 873 5521 Mala
932 5464 1207 5536 possessio
1246 5469 1330 5517 est
1366 5459 1626 5516 effrenata
1682 5455 1852 5510 libido
1891 5471 1903 5505 :
1953 5454 2073 5523 ejus

504 5557 732 5611 maxime
767 5566 891 5611 ante
934 5556 1071 5609 alios
1105 5561 1480 5625 paupertatem
1530 5559 1836 5608 teneamus,
1876 5556 1935 5599 ut
1978 5559 2074 5614 per

508 5641 765 5707 “jusntmli
793 5655 1163 5717 paupertatem
1194 5659 1419 5717 regnum
1443 5640 1868 5715 lucrifaciamus.
1894 5656 1911 5689 ι
1942 5637 2066 5692 Bea-

2177 4628 2362 4682 ἄνεσιν
2395 4626 2576 4699 ἐαυτῷ
2607 4626 2798 4691 διδους,
2830 4626 2953 4679 οὐδέ
2991 4643 3043 4679 τι
3072 4626 3372 4696 διάλειμμα
3404 4626 3508 4696 τῆς
3538 4627 3634 4681 τοῦ
3665 4627 3758 4697 ζη-

2178 4720 2442 4790 τουμένου
2471 4722 2879 4791 κατανοήσεωςς
2910 4723 2989 4790 Τῇ
3020 4718 3128 4790 γὰρ
3152 4719 3245 4773 τοῦ
3276 4720 3571 4783 διαπαντὸς
3598 4736 3762 4793 προσ-

2181 4811 2346 4875 θέσει,
2370 4811 2430 4864 τὺ
2454 4811 2699 4880 διηνεκές
2720 4827 2778 4863 τε
2801 4810 2893 4864 καὶ
2921 4809 3264 4864 ἀδιάλειπτον
3284 4809 3382 4880 τῆς
3413 4810 3654 4880 σπουδῆς
3682 4813 3764 4863 ὲν-

2179 4902 2436 4968 εδείξατο.
2455 4902 2726 4967 Ὡσαύτως
2747 4902 2803 4955 δὲ
2829 4905 3110 4973 νοήσωμεν
3155 4902 3248 4955 καὶ
3271 4900 3362 4954 τὸν
3387 4901 3481 4954 τοῦ
3501 4902 3765 4955 ἀπολέσαι

2182 4993 2401 5066 καιρὸν,
2442 4993 2635 5067 κέρδος
2680 4989 2818 5046 εἶναι
2857 4993 3152 5063 κρίνοντες,
3185 4992 3245 5045 τὸ
3274 4990 3539 5044 ἀπολέσαι
3574 4993 3765 5051 ἐκεῖνο,

2180 5077 2295 5167 οὗῐὴ
2324 5084 2576 5157 ὖπαρξις,
2609 5084 2781 5156 ζημία
2806 5083 2882 5155 τῷ
2912 5084 3087 5155 ἔχοντι
3116 5082 3343 5151 γίνεται.
3370 5082 3560 5137 Κακὸν
3587 5083 3768 5153 κτῆμα

2181 5178 2213 5247 ἡ
2238 5177 2590 5248 φιλαργυρία·
2620 5175 2816 5229 οὐκοῦν
2838 5175 3211 5234 ἀπολέσωμεν.
3232 5171 3477 5242 How,pr
3504 5173 3768 5226 ἀπόθετον

2181 5275 2214 5343 ἡ
2258 5271 2616 5343 μνησικακία·
2647 5267 2841 5322 οὐκοῦν
2876 5265 3192 5337 προώμεθα.
3225 5264 3495 5334 Ὀλέθριον
3527 5265 3766 5334 κτῆμαή

2182 5364 2479 5428 ἀκόλαστος
2507 5363 2791 5432 ἐπιθυμία·
2832 5360 3019 5414 τούτου
3052 5357 3284 5429 μάλιστα
3318 5355 3424 5426 πρδ
3457 5356 3571 5409 τῶν
3600 5357 3768 5411 ἄλλων

2184 5456 2619 5527 πτιωχεύσωμεν,
2656 5456 2745 5508 ἵνα
2777 5454 2866 5507 διὰ
2907 5452 3006 5523 τῆς
3040 5446 3296 5516 τοιαύτης
3330 5450 3645 5519 πτωχείας,

2185 5548 2463 5618 βασιλείαν
2494 5548 2866 5620 κερδήσωμεν.
2894 5563 2911 5595 ι
2939 5543 3213 5614 Μακάριοι
3239 5562 3257 5593 ι
3295 5542 3401 5612 γὰρ
3424 5559 3443 5592 ι
3477 5542 3527 5593 οί
3568 5539 3768 5609 πτωχοὶ

2184 5638 2264 5708 τῷ
2294 5638 2584 5710 πνεύματι,
2620 5658 2639 5690 ι
2664 5635 2862 5709 δηλαδὴ
2884 5637 2933 5689 οἱ
2961 5633 3056 5688 τοῦ
3084 5632 3321 5688 τοιούτου
3357 5632 3590 5686 πλούτου
3615 5631 3764 5685 mve-

580 5812 621 5845 ¹⁹
661 5818 842 5878 Matth.
881 5835 1003 5875 xm.
1034 5824 1122 5878 44.
1200 5829 1238 5858 ιι
1282 5827 1323 5881 ll
1356 5828 1482 5881 Cor.
1519 5840 1593 5879 tv.
1631 5822 1717 5875 18.
1799 5822 1839 5851 ¹²
1879 5820 2020 5877 Psal.
2055 5822 2242 5882 CIV,«L
2325 5821 2524 5875 “ibid.
2554 5820 2606 5874 5.
2688 5819 2732 5850 ”
2772 5817 3201 5906 Psal.xxn,15.
