3874 6358
175 401 264 453 7:“

1161 393 1225 452 IN
1272 389 1804 451 ECCLESIASTIEN.
1842 384 2122 442 IIOMILIA
2151 383 2253 437 \"ll.

3317 371 3420 423 7‘22

174 531 337 586 μενοι,
364 514 457 566 καὶ
482 512 548 565 τὰ
567 511 701 565 ἄλλα
727 512 902 565 πάντα
935 509 1029 564 τοῦ
1056 510 1303 564 διαϐόλου
1326 508 1602 580 κειμήλια,
1640 523 1737 575 μα-

1848 502 1887 555 ti
1932 521 1948 550 ι
1984 499 2127 554 enim
2171 506 2297 551 sunt
2345 514 2361 544 ι
2420 506 2684 563 pauperes
2735 488 2932 559 spiritu
2956 494 2997 527 η
3036 520 3054 548 ,
3108 506 3123 536 ι
3173 485 3421 537 \‘izlclici'l

173 606 496 676 καριώτερον
526 603 644 672 μὲν,
673 604 733 655 τὸ
759 602 893 672 μηδὲ
913 601 1009 671 τὴν
1042 603 1218 672 ἀρχήν
1244 617 1364 654 τινα
1412 598 1736 669 κτήσασθαι,

172 700 256 752 ἴνα
307 696 532 750 καθόλου
566 695 873 765 ἁκτήμονες
917 693 1025 746 τῶν
1060 694 1395 763 μολυνόντων
1430 691 1738 761 γενώμεθα.

173 789 343 844 Καλὸν
379 788 436 841 δὲ
464 787 560 857 οὑχ
592 782 767 857 ἦττον
785 784 865 855 τῷ
891 784 1257 856 πρυληφθέντι
1285 787 1351 854 τῇ
1390 784 1600 853 πονηρᾴ
1624 781 1741 835 κτί-

173 898 251 934 σει
273 880 334 932 τὸ
361 879 624 933 ἀπολέσαι
656 877 726 929 τὰ
754 877 979 931 τοιαῦτα
1014 879 1290 947 κτήματα,
1322 877 1415 931 καὶ
1439 877 1519 939 είς
1542 877 1740 944 ἀφανι-

174 973 302 1043 σμὸν
346 972 593 1039 ἀγαγεῖν.
635 968 794 1022 Ἀλλά
836 969 898 1022 τὸ
938 969 1073 1040 μηδὲ
1108 969 1241 1032 ὅλως
1295 969 1422 1022 ποτὲ
1452 967 1596 1037 ἔχειν
1635 966 1741 1020 τῶν

170 1063 419 1118 τοιούτων
451 1063 763 1133 μετουσίαν,
794 1065 1041 1133 κρεῖττον
1074 1063 1108 1133 ἢ
1138 1062 1280 1116 κατά
1319 1061 1417 1133 τὴν
1463 1060 1740 1132 ἀνθρωπί-

171 1172 262 1226 νην
303 1154 465 1224 φύσιν
501 1155 639 1217 ἐστὶ,
666 1153 730 1207 τὸ
763 1153 819 1207 δὲ
862 1152 1096 1208 λαϐόντα
1144 1153 1499 1223 ἐξαφανίσαι,
1547 1150 1739 1204 τούτου

173 1248 258 1300 καὶ
286 1248 319 1317 ὴ
351 1245 459 1298 τῶν
490 1243 792 1315 ἀνθρώπων
816 1243 1044 1315 δύναμις
1089 1245 1188 1315 τὴν
1217 1246 1371 1315 ἰσχὺν
1399 1244 1531 1315 ἔχει.
1561 1242 1653 1295 Διὸ
1676 1241 1743 1293 τὸ

175 1339 333 1408 μηδὲν
376 1336 670 1408 ἐσχηκέναι
717 1337 826 1390 τῶν
875 1336 969 1389 τοῦ
1018 1337 1395 1407 ἀντικειμένου
1446 1338 1742 1407 κτημάτων

176 1429 326 1499 μόνου
350 1427 443 1481 τοῦ
484 1428 688 1495 Κυρίου
740 1426 858 1479 ἐστὶ
882 1465 897 1489 ,
933 1424 1025 1478 τοῦ
1064 1427 1427 1496 μετασχόντος
1465 1427 1595 1496 ἡμῖν
1633 1424 1740 1478 τῶν

172 1520 339 1574 αὐτῶν
376 1519 714 1589 παθημάτων
735 1520 901 1590 χωρὶς
923 1519 1216 1589 ἁμαρτίας.
1243 1538 1260 1569 ι
1278 1520 1535 1588 Ἔρχεται
1556 1517 1685 1589 γὰρ.
1718 1537 1736 1568 ι

172 1613 343 1680 φησιν,
374 1630 392 1661 ι
431 1613 460 1663 ὁ
491 1611 674 1680 ἄρχων
701 1611 796 1665 τοῦ
833 1614 1038 1681 κόσμου
1062 1610 1271 1673 τούτου,
1298 1613 1391 1664 καὶ
1416 1614 1472 1663 ὲν
1498 1613 1619 1681 ἐμοὶ⁹
1647 1613 1736 1664 εὑ-

175 1701 340 1772 ρίσκει
363 1700 473 1752 τῶν
507 1701 650 1754 ἰδίων
682 1701 854 1754 οὐδέν.
895 1720 915 1752 ι
958 1700 1031 1752 Τὸ
1059 1700 1115 1752 δὲ
1139 1700 1205 1752 δι’
1247 1698 1538 1768 ἐπιμελοῦς
1569 1715 1739 1767 μετα-

175 1791 381 1862 μελείας
414 1793 607 1844 ἐαυτὸν
641 1791 982 1861 ἐκκαθῆραι,
1018 1791 1177 1844 τοῦτο
1205 1791 1295 1844 καὶ
1321 1793 1409 1843 ἐπ’
1436 1789 1739 1860 ἀνθρώπων

170 1884 270 1937 τῶν
296 1884 360 1937 δι’
390 1884 593 1954 ἀρετῆς
650 1885 877 1947 ἑαυτοὺς
924 1883 1350 1954 λαμπρυνόντων
1394 1882 1538 1935 ἔστιν
1589 1881 1735 1934 ἰδεῖν.

183 1975 474 2029 Ἀπώλεσεν
505 1978 533 2028 ὁ
565 1975 775 2039 Παῦλος
802 1975 863 2028 τὸ
882 1993 1015 2045 πονη
1026 1976 1115 2047 ρὺν
1136 1975 1324 2045 κτῆμα
1351 1976 1445 2045 τῆς
1462 1976 1737 2038 ἀπιστίας,

171 2065 253 2118 διὰ
277 2065 367 2118 τοῦ
391 2052 743 2135 ἐνεργοῦντος
777 2067 834 2118 ἐν
850 2065 997 2135 αὑτῷ
1018 2066 1115 2134 τῆς
1146 2064 1475 2135 προφητείας
1512 2065 1610 2135 τὴν
1638 2064 1739 2134 χά-

175 2172 250 2207 οιν
278 2172 292 2186 ο
327 2156 543 2225 πλήρης
586 2155 680 2208 τοῦ
735 2155 1008 2226 θησαυροῦ
1060 2155 1276 2223 ἐγένετο
1301 2197 1312 2214 ,
1346 2155 1404 2208 ὃν
1453 2155 1737 2225 ἐζήτησεν.

185 2247 475 2300 Ἀπώλεσέν
515 2248 742 2311 Ἡσαΐας
787 2249 845 2300 ὲν
893 2247 969 2317 τῷ
1008 2247 1290 2317 καθαρσίῳ
1331 2246 1426 2300 τοῦ
1470 2247 1615 2300 θείου
1650 2248 1742 2300 ἀν-

173 2336 361 2407 θρακος
417 2341 525 2392 πΞν
571 2340 815 2411 ῥυπαρὸν
845 2380 859 2401 ,
900 2341 994 2392 καὶ
1044 2340 1229 2409 ῥῆμα,
1263 2340 1357 2395 καλ⁵
1415 2340 1593 2409 νόημα
1618 2340 1740 2392 ’διὰ

172 2427 317 2482 τοῦτο
363 2430 658 2501 ἐπληρώθη
705 2429 800 2483 τοῦ
857 2430 1015 2497 ἁγίου
1055 2424 1392 2499 Πνεῦματος.
1453 2430 1740 2484 Ἀπόλλυσι

175 2521 270 2583 πᾶς
294 2525 350 2573 ἐν
377 2525 442 2592 τῇ
475 2522 779 2592 μεταλήψει
809 2521 904 2575 τοῦ
947 2521 1256 2592 κρείττονος
1285 2523 1393 2574 πᾶν
1418 2522 1478 2574 τὸ
1512 2523 1647 2593 πρὸς
1682 2523 1742 2575 τὸ

173 2613 397 2665 ἐναντίον
436 2612 744 2683 νοούμενον.
786 2611 972 2675 Οὕτως
1008 2615 1036 2665 ὁ
1060 2611 1292 2684 σώφρων
1322 2614 1420 2684 τὴν
1444 2614 1740 2668 ἀκολασίαν

173 2703 435 2771 ἀπόλλυσι,
476 2704 577 2775 τὴν
612 2704 824 2758 ἀδικίαν
853 2708 880 2759 ὁ
922 2705 1149 2770 δίκαιος,
1173 2707 1271 2777 τὴν
1297 2707 1677 2777 ὑπερηφανίαν
1710 2710 1740 2759 ὁ

176 2795 400 2867 μέτριος,
422 2799 450 2850 ό
482 2796 675 2861 εὔνους
708 2798 798 2851 τὸν
828 2797 1039 2866 φθόνον,
1075 2801 1103 2852 ὁ
1132 2799 1474 2869 ἀγαπητικδς
1499 2799 1599 2870 τὴν
1635 2801 1740 2852 ἀπ·-

173 2885 613 2960 έχθειαν.”Ωσπερ
637 2890 742 2959 γὰρ
769 2891 796 2941 ὁ
824 2891 881 2942 ἐν
901 2889 980 2959 τῷ
1013 2890 1330 2959 Εὑαγγελίῳ
1355 2888 1552 2958 τυφλὸς
1580 2879 1739 2961 εὗρεν

172 2976 197 3027 ὃ
229 2976 298 3047 μὴ
331 2974 496 3048 εἶχεν.
526 2980 592 3032 ἐκ
623 2980 718 3032 τοῦ
749 2978 1010 3034 ἀπολέσαι
1032 2980 1061 3033 ὃ
1090 2973 1236 3048 ἄχε’
1270 2972 1372 3043 τῆς
1404 2976 1514 3051 γὰρ
1545 2980 1738 3049 τυφλό-

171 3082 318 3136 τητος
347 3067 755 3140 ἀφαιρεθείσης,
786 3069 934 3139 ητοῦ
959 3070 1136 3139 φωτὸς
1168 3068 1516 3140 ἀντεισῆλθεν
1554 3071 1696 3141 αὐγή
1722 3087 1734 3099 ·

1845 589 1937 657 qui
1986 592 2113 640 sunt
2174 584 2362 637 talium
2411 580 2567 649 egeni
2615 576 2965 643 divitiarum,_
3001 586 3054 627 et
3103 571 3237 626 alias
3292 587 3422 640 opes

1843 690 2035 728 omnes
2095 671 2297 726 diaboli
2360 669 2573 724 beatius
2633 666 2849 734 quidem
2916 674 3001 717 est
3068 677 3135 715 ne
3200 661 3423 713 munitm

1843 761 2062 831 quidem
2125 757 2426 830 possidere,
2481 763 2539 808 ut
2580 770 2768 809 eorum
2811 767 2933 823 qua:
2976 766 3074 804 nos
3114 749 3421 819 inquinant,

1842 862 2129 902 careamus
2184 844 2411 899 omnino
2466 840 2840 913 possessione.
2894 837 3013 893 Non
3078 837 3261 890 minus
3324 852 3422 887 au-

1843 944 1951 990 tem
2000 935 2205 989 bonum
2251 941 2337 989 est
2382 930 2430 986 ei
2480 945 2641 1000 quem
2688 929 2830 983 mala
2879 926 3078 980 invasit
3120 923 3421 994 possessio,

1844 1036 1932 1076 res
1962 1020 2232 1091 ejusmodi
2289 1033 2412 1090 quae
2439 1018 2507 1073 ab
2557 1018 2678 1088 ipso
2708 1015 3063 1085 possidentur
3097 1011 3343 1081 perdere.
3371 1020 3425 1063 et

1843 1109 2067 1163 omnino
2093 1108 2295 1163 delere.
2320 1105 2427 1161 Sed
2459 1122 2645 1161 eorum
2670 1106 2889 1174 quidem
2918 1117 3025 1155 non
3049 1116 3172 1155 esse
3197 1099 3423 1152 omnino

1842 1196 2157 1266 participes,
2218 1193 2408 1249 melius
2448 1204 2552 1257 est,
2610 1206 2772 1261 quam
2807 1198 2865 1243 ut
2905 1189 2957 1243 id
2989 1188 3210 1242 evenire
3252 1186 3423 1255 possit

1846 1282 2096 1336 humana:
2122 1292 2349 1343 naturae,
2381 1278 2477 1334 sed
2508 1294 2632 1333 cum
2666 1278 2941 1348 acceperit
2976 1291 3040 1330 ea
3089 1274 3335 1339 abolere,
3369 1272 3419 1325 id

1841 1370 2005 1423 situm
2026 1378 2110 1424 est
2136 1369 2190 1422 in
2240 1368 2478 1423 hominis
2539 1375 2824 1435 potestate.
2889 1364 3072 1418 Solius
3130 1362 3311 1430 itaque
3339 1368 3422 1413 est

1845 1454 2055 1507 Domini
2098 1454 2235 1508 nihil
2289 1452 2546 1508 habuisse
2578 1467 2765 1507 eorum
2803 1466 2923 1520 qua:
2959 1449 3201 1520 possidet
3232 1448 3420 1501 adver-
3448 1498 3473 1517 ,

1842 1543 2045 1601 sarius.
2096 1544 2187 1612 qui
2224 1556 2412 1595 earum
2449 1557 2588 1610 quas
2652 1556 2751 1595 nos
2784 1540 2931 1610 passi
2960 1553 3152 1593 sumus
3182 1536 3421 1589 aﬂeclio-

1843 1648 1970 1684 num
2003 1631 2102 1684 fuit
2132 1632 2405 1701 particeps
2422 1639 2556 1701 pra-t
2577 1646 2618 1683 ~r
2643 1638 2947 1700 peceatum.
2979 1647 2998 1679 ι
3032 1625 3190 1681 Venit
3218 1625 3419 1686 enim,»

1840 1719 2037 1787 inquit,
2094 1737 2111 1769 ι
2155 1721 2409 1788 princeps
2442 1718 2632 1791 -hujus
2687 1716 2896 1780 mundi,
2937 1725 2991 1768 et
3036 1716 3091 1768 in
3148 1730 3233 1769 me
3288 1713 3423 1766 nihil

1844 1805 2049 1859 invenit
2077 1821 2140 1859 ex
2169 1806 2404 1874 propriis
2433 1806 2496 1858 ¹⁶.
2538 1824 2556 1857 ι
2603 1804 2855 1873 Seipsum
2906 1810 3087 1855 autem
3144 1817 3240 1871 per
3297 1801 3425 1853 dili-

1844 1903 2058 1962 gentem
2089 1908 2395 1962 expurgare
2446 1893 2843 1962 pwuitcutiani,
2897 1891 3001 1945 hoc
3025 1905 3245 1959 quoque
3297 1889 3423 1943 licet

1844 1979 2026 2035 videre
2056 1982 2110 2034 in
2144 1981 2456 2035 hominibus
2484 1980 2577 2049 qui
2610 1996 2668 2034 se
2700 1981 2848 2048 ipsos
2896 1981 3170 2033 illustrant
3209 1977 3427 2030 virtuti-

1843 2066 1965 2122 bus.
2001 2068 2199 2121 Amisit
2229 2066 2434 2121 Paulus
2466 2068 2661 2120 malam
2704 2067 3101 2121 incredulitatis
3126 2064 3427 2134 possessio-

1843 2169 1963 2208 nem
2000 2170 2095 2223 per
2119 2170 2242 2208 cum
2274 2155 2366 2223 qui
2399 2155 2450 2207 in
2477 2153 2595 2222 ipso
2622 2166 2882 2223 operatur
2910 2155 3139 2223 gratiam
3188 2152 3425 2223 prephe-

1844 2242 1974 2295 tiae:
2046 2244 2238 2310 plenus
2284 2249 2465 2295 autem
2526 2242 2627 2293 l'uit
2676 2242 2938 2295 thesauro
2966 2256 3128 2311 quem
3185 2240 3420 2311 qtmsiit.

1844 2336 2082 2390 l’erdidit
2112 2335 2279 2390 Isaias
2302 2337 2354 2390 in
2396 2336 2565 2390 divini
2619 2336 2876 2391 carbonis
2907 2337 3229 2405 purgatione
3252 2334 3415 2405 quid-

1841 2428 1970 2496 quid
2001 2429 2053 2481 in
2082 2443 2140 2482 se
2172 2438 2287 2481 erat
2310 2428 2615 2490 sordidum,
2649 2440 2701 2481 et
2728 2430 2980 2491 verbum,
3011 2435 3064 2482 et
3103 2428 3420 2496 cogitatum.

1843 2517 2135 2587 Propterea
2171 2523 2406 2589 repletus
2438 2520 2541 2573 fuit
2574 2528 2768 2574 sancto
2820 2519 3050 2589 Spiritu.
3085 2518 3269 2571 Perdit
3303 2517 3426 2585 qui-

1843 2611 1972 2664 libet
1993 2612 2044 2664 in
2077 2612 2196 2679 ejus
2223 2611 2366 2680 quod
2397 2620 2482 2665 est
2523 2613 2718 2666 melius
2773 2612 3212 2679 participatione,
3259 2609 3425 2678 quid-
3516 2658 3521 2668 ,

1840 2703 1970 2771 quid
2006 2702 2326 2771 intelligitur
2354 2703 2402 2757 ei
2434 2718 2557 2757 esse
2581 2704 2937 2769 contrarium.
2976 2702 3067 2754 Sic
3114 2709 3423 2770 temperans

1840 2790 2536 2862 perditintemperantiam,
2594 2793 2778 2862 justus
2832 2792 3184 2861 iniustitiam,
3233 2780 3464 2846 mode-3

1840 2891 1960 2937 stus
1980 2884 2310 2952 superbiam,
2347 2883 2648 2938 benevolus
2710 2883 2993 2949 invidiam,
3041 2883 3133 2952 qui
3168 2891 3254 2936 est
3292 2885 3422 2936 cha-

1839 2974 2004 3027 ritate
2031 2973 2292 3043 praeditus
2330 2972 2670 3030 inimicitias.
2701 2974 2986 3040 Quomodo
3006 2974 3150 3029 enim
3185 2975 3276 3045 qui
3306 2985 3423 3028 erat

1838 3079 2019 3122 caecus
2054 3066 2108 3120 in
2171 3064 2484 3135 Evangelio,
2550 3066 2755 3120 invenit
2804 3068 2947 3135 quod
3005 3082 3115 3121 non
3165 3068 3417 3122 habebat:

175 3158 256 3210 καὶ
277 3161 365 3211 ἐπὶ
395 3160 489 3213 τοῦ
526 3159 751 3231 λεπροῦ,
782 3159 874 3213 τοῦ
909 3162 1111 3225 πάθους
1143 3161 1552 3230 ἀφανισθέντος,
1585 3163 1737 3233 ἡτῆς

1842 3157 2024 3213 ablata
2071 3158 2508 3231 euimﬂcazeitate,
2533 3158 2653 3227 ejus
2677 3159 2799 3213 loco
2821 3160 3094 3213 successit
3165 3157 3424 3226 splendor

174 3248 343 3316 ὑγείας
385 3253 745 3324 ἐπανέρχεται
796 3255 956 3325 χάρις
984 3271 997 3284 ·
1025 3256 1119 3307 καὶ
1147 3256 1237 3309 ἐπὶ
1262 3255 1371 3308 τῶν
1413 3258 1477 3309 ἐκ
1508 3255 1738 3310 θανάτου

171 3339 527 3413 ἀνισταμένων
560 3345 594 3414 ἡ
646 3346 910 3415 νεκρότης
940 3348 1007 3416 τῇ
1044 3345 1316 3417 παρουσίᾳ
1341 3346 1438 3415 τῆς
1469 3347 1613 3417 ζωῆς
1639 3348 1741 3399 ὑπ-

172 3428 449 3501 εχὼρησεν·
469 3432 647 3497 οὓτως
676 3435 771 3487 καὶ
793 3435 887 3486 ἐπὶ
910 3435 1010 3505 τῆς
1031 3437 1397 3506 προκειμένης
1425 3439 1456 3506 ἡ
1468 3440 1558 3507 μίν
1588 3438 1739 3507 φιλο-

174 3522 350 3591 σοφίας
376 3526 476 3579 οὑκ
508 3524 626 3578 ἐστι
660 3542 714 3578 τι
760 3525 869 3579 τῶν
914 3525 1132 3597 ὑψηλῶν
1170 3527 1494 3598 κτήσασθαι,
1528 3529 1603 3600 μὴ
1639 3531 1737 3599 τὴν

174 3611 370 3679 περὶτὰ
398 3613 563 3683 γήῖνά
588 3630 649 3667 τε
680 3614 773 3666 καὶ
812 3614 1044 3668 ταπεινά
1077 3616 1312 3687 σπουδὴν
1343 3617 1732 3683 ἀπολέσαντας.

184 3699 261 3752 Ἐν
291 3703 393 3773 γὰρ
423 3705 500 3774 τῷ
522 3705 695 3759 ταῦτα
715 3706 1008 3778 εὑρίσκειν,
1027 3706 1324 3762 ἀπόλλυται
1359 3711 1490 3779 ἡμῖν
1510 3709 1578 3764 τὰ
1603 3727 1737 3782 προ-

172 3791 446 3863 τιμότερω
488 3796 582 3848 καὶ
626 3795 688 3849 τὸ
733 3796 990 3867 ἔμπαλιν,
1018 3799 1052 3868 ἡ
1094 3798 1296 3852 τούτων
1338 3799 1601 3865 ἀπώλεια,
1635 3802 1736 3874 τῆς

173 3880 268 3933 τῶν
318 3886 516 3955 τιμίων
568 3888 837 3958 εὑρέσεως
890 3889 1147 3958 πρόξενος
1189 3894 1499 3963 γενήσεται.
1551 3895 1734 3950 Ταῦτα

174 3972 313 4043 παρά
335 3976 432 4045 τῆς
470 3977 566 4030 τοῦ
599 3977 800 4050 Κυρίου
844 3980 1029 4050 φωνῆς
1064 3983 1484 4055 μεμαθήκαμεν·
1518 4005 1535 4037 ι
1559 3988 1614 4041 Ὀ
1642 3990 1732 4040 εὑο

177 4068 274 4136 ρὼν
297 4070 392 4141 τὴν
432 4071 612 4142 ψυχὴν
639 4069 803 4124 αὑτοῦ
846 4071 1100 4126 ἀπολέσει
1130 4074 1299 4144 αὐτὴν
1317 4115 1330 4138 ,
1348 4078 1457 4129 -καὶ
1485 4079 1513 4130 ὁ
1541 4080 1734 4133 ἀπολέ-

174 4175 261 4224 σας
288 4162 383 4233 τὴν
407 4163 587 4234 ψυχὴν
615 4162 780 4216 αὑτοῦ
823 4165 1009 4219 ἕνεκεν
1043 4167 1200 4236 ἐμοῦ,
1243 4167 1463 4238 εὑρήσει
1493 4173 1681 4243 αὑτήν.
1712 4193 1730 4225 ι

172 4249 238 4303 Τὸ
261 4252 364 4324 γάρ
395 4255 453 4308 ἐν
490 4256 603 4317 τοῖς
645 4254 786 4307 κατά
832 4256 932 4326 τὴν
983 4255 1115 4327 ὓλην
1157 4257 1613 4329 σπουδαζομένας
1637 4263 1736 4332 τὴν

172 4342 330 4413 ψυχὴν
358 4345 643 4417 εὑρεθῆναι
684 4346 856 4399 αἴτιον
886 4347 1093 4427 γίνεται
1128 4347 1223 4401 τοῦ
1251 4350 1308 4400 ἐν
1327 4352 1438 4413 τοίς
1463 4352 1736 4423 ἀληθινοῖς

171 4435 380 4501 ἀγαθοῖς
405 4438 576 4509 αὐτὴν
606 4439 679 4509 μὴ
709 4438 998 4509 εὑρεθῆναι
1019 4456 1031 4469 ·
1055 4442 1149 4494 καὶ
1169 4442 1229 4496 τὸ
1258 4442 1515 4513 ἔμπαλιν,
1545 4447 1578 4516 ὴ
1609 4446 1733 4499 τού-

1845 3246 2020 3310 lucis;
2074 3257 2130 3303 et
2168 3249 2224 3302 in
2255 3249 2491 3317 leproso,
2523 3250 2706 3303 ablato
2742 3251 2932 3304 morbo
2955 3249 3094 3304 redit
3124 3250 3297 3319 gratia
3328 3264 3420 3302 sa-

1842 3346 2066 3411 nitatis;
2096 3354 2151 3399 et
2175 3347 2229 3400 in
2266 3347 2331 3401 iis
2351 3346 2443 3415 qui
2477 3354 2711 3416 surgunt
2744 3361 2773 3399 a
2805 3346 3062 3410 mortuis,
3102 3346 3425 3400 adveniente

1838 3438 1945 3492 vita
1974 3454 2124 3494 mors
2173 3440 2382 3494 recedit
2432 3460 2444 3493 ι
2490 3441 2564 3494 ita
2628 3440 2792 3493 etiam
2849 3439 2904 3493 in
2951 3438 3229 3508 proposita
3264 3439 3421 3492 nobis

1838 3529 2202 3599 philosOphia,
2239 3531 2351 3586 fieri
2383 3548 2491 3586 non
2521 3539 2697 3601 potest
2752 3540 2811 3583 ut
2840 3531 3044 3600 aliquid
3075 3532 3421 3600 possideatur

1836 3637 2027 3676 eorum
2102 3638 2225 3692 qua:
2293 3631 2422 3677 sunt
2484 3625 2719 3688 excelsa,
2802 3622 2908 3676 nisi
2989 3638 3170 3701 reruni
3247 3631 3422 3677 terre-

1838 3730 2032 3769 narum
2091 3725 2145 3770 et
2219 3716 2501 3770 humilium
2586 3717 2825 3771 studium
2897 3714 3264 3769 amiserimus.
3347 3713 3420 3767 Ea

1836 3806 1983 3860 enim
2055 3806 2383 3860 inveniendo
2442 3815 2667 3876 pereunt
2729 3806 2888 3862 nobis
2931 3822 3052 3877 qua:
3083 3816 3211 3861 sunt
3279 3823 3420 3877 pra:-

1837 3895 2127 3951 stantiora.
2185 3896 2251 3949 Et
2297 3907 2486 3951 contra
2553 3914 2743 3952 eorum
2822 3899 3048 3953 amissio
3105 3900 3422 3968 procurabit

1839 3988 2212 4043 inventionem
2264 4004 2445 4042 rerum
2494 3990 2880 4058 pretiosarum.
2918 3989 3042 4045 llzec
3075 3991 3366 4045 didicimus
3390 4007 3419 4044 a

1836 4097 1971 4137 voce
2000 4082 2210 4136 Domini
2249 4100 2261 4135 :
2305 4101 2323 4134 ι
2375 4083 2479 4149 Qui
2513 4085 2720 4139 invenit
2753 4085 2989 4139 animam
3018 4100 3195 4147 suam,
3235 4083 3421 4153 perdet

1836 4188 1957 4227 eam
1993 4192 2007 4228 :
2039 4181 2093 4228 et
2145 4173 2239 4243 qui
2290 4174 2527 4243 perdidit
2586 4176 2824 4229 animam
2867 4192 3022 4231 suam
3058 4187 3277 4246 prepter
3311 4193 3417 4239 nne,

1839 4264 2077 4319 inveniet
2109 4263 2281 4332 ipsam
2326 4265 2387 4318 ¹⁷.
2429 4284 2448 4317 ι
2482 4265 2636 4330 Quod
2685 4268 2828 4321 enim
2886 4267 3105 4321 inventa
3139 4270 3208 4323 sit
3237 4268 3419 4319 anima

1840 4355 1893 4407 in
1960 4355 2027 4410 iis
2082 4346 2316 4423 quorum
2365 4356 2609 4410 studium
2667 4356 2972 4410 collocatur
3025 4358 3079 4410 in
3165 4356 3415 4420 nmtcria,

1840 4460 2007 4498 causa
2033 4455 2117 4498 est
2144 4457 2201 4496 ut
2232 4445 2346 4513 ipsa
2379 4460 2487 4498 non
2524 4445 2838 4499 inveniatur
2877 4445 2931 4498 in
2962 4447 3108 4499 veris
3138 4446 3318 4500 bonis.
3354 4444 3419 4499 Et

175 4540 269 4579 των
290 4530 540 4601 στέρησις
567 4532 662 4584 καὶ
681 4530 946 4595 ἀπώλεια,
971 4533 1083 4586 τῶν
1109 4534 1480 4606 ἐλπιζομένων
1501 4536 1733 4609 ὓπαρξις

1841 4540 2056 4598 contra,
2079 4549 2267 4587 eorum
2296 4533 2527 4602 privatio
2556 4544 2611 4588 et
2639 4535 2885 4601 amissio,
2904 4535 3138 4588 eﬂicitur
3160 4536 3417 4588 substan-

175 4611 382 4677 γίνεται.
413 4636 431 4669 ι
453 4619 517 4671 Τί
538 4618 646 4691 γὰρ
666 4619 955 4687 ὠφελεῖται
983 4622 1269 4694 ἄνθρωπος
1290 4625 1386 4678 ὲάν
1413 4626 1506 4680 τὸν
1532 4628 1734 4698 κόσμον

178 4698 294 4791 ελον
313 4710 569 4783 κερδήσῃ,
592 4712 693 4784 τὴν
709 4712 766 4768 δὲ
779 4712 958 4787 ψυχὴν
981 4716 1148 4771 αὑτοῦ
1166 4718 1416 4791 ζημιωθῇ
1440 4736 1454 4785 ;
1487 4740 1580 4773 ›-‹
1615 4724 1744 4774 Και-

181 4786 284 4856 ρὺς,
315 4811 334 4844 ι
362 4799 513 4866 φησὶ,
546 4817 563 4849 ι
588 4798 683 4852 τοῦ
703 4786 958 4871 ζητῆσαι,
984 4802 1077 4855 καὶ
1107 4786 1296 4874 καιρός
1312 4786 1737 4861 τοῦάπολέσαι.»

106 4927 126 4947 α
184 4879 239 4932 Εἰ
259 4885 427 4939 τοίνυν
454 4888 699 4961 ἔγνωμεν
716 4894 769 4946 τί
799 4895 916 4947 ἐστι
938 4894 998 4946 τὸ
1017 4893 1348 4964 ζητούμενον
1376 4896 1585 4968 κέρδος,
1608 4899 1637 4951 ὃ
1660 4898 1746 4953 διὰ

177 4971 257 5065 ἰοῦ
293 4975 637 5034 ἀπολέσαιτά
676 4983 862 5047 κακῶς
894 4984 1162 5055 κτηθέντα
1189 4987 1600 5058 εὑρίσκεται,τδ
1634 4994 1731 5065 μὲν

176 5055 501 5152 ζητήσωμεν,
531 5069 589 5121 τὸ
612 5069 669 5123 δέ
693 5071 1048 5151 ἀπολέσωμεν
1069 5090 1081 5104 ·
1115 5075 1187 5129 τὰ.
1208 5055 1355 5132 οιαλά
1384 5055 1733 5152 ζητήσωμεν.

176 5149 235 5202 τὰ
268 5156 409 5209 κακά
438 5159 811 5233 ἀπολέσωμεν.
838 5149 1115 5230 Καλῶςίδὲ
1151 5170 1245 5222 καὶ
1294 5149 1588 5242 προσφυίῦς
1613 5149 1737 5239 ’τοῖς

178 5244 646 5334 ῖτροεξητασμένοις
686 5255 779 5308 καὶ
805 5257 838 5327 ἠ
884 5256 1172 5313 ἀκολουθία
1197 5261 1307 5315 τῶν
1335 5265 1734 5334 γεγραμμένων

178 5331 438 5431 ὲπέίῖετξῖιιλ.
463 5342 596 5413 Φησὶ
613 5348 740 5418 γάρ·
764 5368 781 5398 ¹
808 5349 1010 5420 Κσιιρὸς
1046 5352 1139 5406 τοῦ
1174 5353 1403 5422 φυλάξαι
1424 5331 1525 5409 iui
1548 5331 1733 5429 έαιρδί

179 5426 259 5519 τοῦ
286 5426 578 5519 ἐκϐαλεῖν.»
607 5437 673 5490 Τί
694 5437 956 5507 φυλάξαι;
985 5443 1235 5514 Δηλονότι
1263 5445 1323 5498 τὸ
1351 5446 1571 5516 εὑρεθὲν
1601 5426 1732 5519 ἡμῖν

179 5510 235 5612 ξκ
255 5519 347 5618 γῆς
369 5518 661 5594 ζητήσεως.
683 5528 747 5580 Τί
773 5530 1054 5599 ἐκϐαλεῖνς
1104 5536 1310 5589 Ἐκεῖνο
1336 5537 1573 5601 πάντως,
1607 5532 1666 5591 οὗ
1694 5542 1727 5610 ἡ

179 5606 403 5664 ἀπώλεια
441 5613 733 5672 λυσιτελεῖν
785 5622 1064 5695 ἐνομίσθη.
1127 5625 1369 5693 Ἑγένετό
1426 5645 1504 5680 σοι
1557 5606 1734 5702 νόημα

249 5789 290 5829 ⁸⁵
325 5792 508 5853 Halth.
529 5816 580 5868 ν,
604 5803 656 5859 5.

738 5804 778 5836 ¹⁶
817 5802 973 5862 Joan.
998 5823 1108 5877 xxv,
1132 5810 1221 5866 50.
1306 5812 1346 5845 ⁸⁷
1385 5809 1574 5866 Matth.
1603 5828 1659 5882 Χ,
1683 5810 1769 5869 59.

1839 4625 1911 4678 tia
1940 4639 2130 4679 eorum
2164 4639 2286 4693 qua:
2301 4632 2611 4692 sperantur.
2650 4644 2668 4676 ι
2721 4626 2860 4691 Quid
2888 4626 3031 4680 enim
3060 4627 3284 4696 prodest
3323 4628 3418 4679 ho-

1839 4717 1972 4771 mini
2006 4717 2053 4771 si
2101 4725 2272 4771 totum
2319 4717 2579 4772 mundum
2617 4718 2880 4780 lucretur,
2910 4719 3183 4785 iacturam
3234 4729 3416 4773 autem

1839 4807 2002 4862 l‘aciat
2033 4808 2229 4863 auium:
2252 4809 2332 4862 ‘3?
2357 4829 2375 4860 ι
2401 4839 2469 4848 ——
2492 4827 2511 4860 ι
2537 4808 2776 4880 Tempus
2805 4819 2908 4874 est,
2945 4829 2963 4861 ι
2993 4811 3189 4880 inquit,
3215 4830 3232 4861 ι
3267 4828 3416 4880 quie-

1840 4900 1990 4955 rendi
2026 4910 2080 4953 et
2120 4909 2333 4970 tempus
2369 4910 2452 4956 est
2497 4902 2803 4957 amittendi.
2862 4922 2879 4954 ι
2955 4903 3010 4957 Si
3046 4920 3176 4974 ergo
3210 4906 3418 4959 sciturus

1837 4988 1969 5058 quid
1995 4991 2067 5044 sit
2100 4991 2308 5045 lucrum
2340 4992 2488 5061 quod
2513 4976 2797 5062 quaeritur,
2827 4994 2973 5063 quod
3005 4996 3222 5064 quidem
3256 5011 3320 5049 ex
3353 5010 3419 5049 eo

1839 5081 2289 5152 invenitur,quod
2312 5084 2575 5154 perierint
2596 5101 2717 5155 qua:
2738 5088 2879 5141 male
2902 5087 3415 5156 possessayl'uerant,

1837 5175 1972 5229 illud
2030 5177 2248 5245 quidem
2302 5193 2652 5247 quaeramus,
2709 5174 2995 5233 hoc‘vere
3058 5179 3417 5236 amittamus;

1838 5267 1981 5322 bona
2010 5283 2345 5338 qureramus,
2396 5270 2534 5322 mala
2591 5272 2930 5325 aliiittamus.
2971 5272 3137 5324 Recte
3162 5282 3416 5326 autemet

1840 5360 2088 5430 apposite
2122 5359 2191 5413 iis
2213 5376 2335 5428 qua:
2358 5361 2512 5429 prius
2538 5372 2666 5414 sunt
2694 5362 3027 5427 examinata,
3063 5362 3416 5433 subiungitur

1840 5452 2233 5520 consequentia
2259 5466 2449 5505 eorum
2482 5466 2602 5520 quae
2637 5450 2841 5519 scripta
2892 5460 3040 5507 sunt.
3074 5452 3211 5507 D.eit
3240 5456 3410 5518 enim,

1846 5564 1862 5594 ι
1903 5542 2140 5611 Tempus
2173 5550 2258 5597 est
2287 5542 2565 5602 servandi,
2600 5550 2655 5594 et
2702 5549 2916 5610 tempus
2946 5554 3030 5597 est
3080 5545 3357 5613 ejiciendi.
3395 5567 3413 5599 ι

1842 5636 1983 5701 Quid
2017 5638 2309 5691 servandi?
2341 5636 2394 5690 id
2436 5637 2646 5692 scilicet
2693 5635 2838 5704 quod
2870 5654 2899 5690 a
2936 5640 3099 5695 nobis
3140 5643 3418 5698 inventum

1850 5812 1895 5887 _“'
1936 5811 2129 5869 Matth.
2157 5828 2268 5883 xw,
2291 5811 2382 5869 25.
