3874 6358
534 365 641 419 7‘35

1771 374 1832 431 S.
1866 373 2190 432 GREGORII
2223 379 2268 435 Ν
2280 380 2515 440 YSSENI
3182 426 3186 433 η
3661 393 3728 446 7‘2:

529 494 615 538 est
643 498 708 538 ex
732 482 1102 553 inquisitione.
1135 483 1275 550 Quid
1294 485 1589 554 ejiciendi?
1618 488 1671 544 Id
1703 490 1914 547 scilicet
1944 492 2081 562 cuju:

2205 497 2395 562 δεξιὸν,
2431 502 2677 573 είσῆλθεν
2708 505 2967 578 ἐπιθυμία
3008 509 3103 563 τοῦ
3135 510 3262 564 ἰδεῖν
3288 512 3381 566 τὸν
3405 514 3554 583 Θεὸν,
3584 516 3726 588 ἐδίψη-

530 576 881 630 amissionem
903 575 1274 631 existimatum
1299 588 1383 633 est
1410 579 1684 636 conferre.
1723 580 1855 637 Orta
1881 592 1968 639 est
2000 584 2098 639 tibi

529 666 670 719 bona
718 666 1003 736 cogitatio,
1059 675 1113 723 te
1185 668 1414 726 incessit
1484 672 1821 728 desiderium
1878 675 2098 731 videndi

524 755 714 822 Deum,
746 759 917 813 sitivit
946 760 1127 814 anima
1148 771 1237 815 tua
1259 763 1327 817 ad
1359 762 1527 819 Deum
1563 763 1780 830 fortem,
1819 768 1997 822 vivum
2032 769 2096 836 ι’,

522 850 617 903 tibi
661 860 785 904 orta
840 859 928 907 est
970 840 1236 923 appetitio
1270 862 1329 908 ut
1364 871 1517 911 esses
1548 856 1603 911 in
1643 858 1799 914 atriis
1826 857 2041 913 Domini
2080 876 2093 911 :

519 939 657 992 atria
693 948 875 995 autem
909 941 1119 998 Domini
1158 953 1317 1013 sunt,
1348 960 1470 1001 meo
1491 947 1709 1017 quidem
1728 948 1959 1017 judicio,
1988 950 2098 1004 vir-

519 1039 665 1086 tutes
693 1048 817 1087 cum
871 1035 1071 1105 quibus
1122 1036 1349 1093 habitat~
1394 1040 1558 1105 ratio,
1593 1048 1645 1093 et
1675 1041 1989 1113 quicunque
2017 1058 2097 1099 se-

515 1126 705 1197 quitur
737 1127 1031 1183 rationem.
1064 1129 1191 1185 Haec
1216 1132 1454 1195 custodi,
1488 1148 1557 1187 ne
1583 1133 1678 1187 tibi
1712 1133 1935 1190 eﬂluaut
1965 1134 2097 1190 divi-

515 1220 606 1274 tiae
660 1220 990 1274 mundarum
1045 1224 1246 1280 mentis
1305 1224 2095 1306 possessionum.ingreditur

514 1313 782 1387 quaepiam
842 1315 1120 1369 contraria
1170 1314 1449 1384 cogitatio,
1507 1326 1770 1389 tanquam
1835 1319 1923 1374 fur
1980 1335 2091 1375 non

513 1405 862 1470 manifestus,
889 1422 1010 1478 qua:
1042 1407 1277 1463 mundas
1327 1408 1577 1479 proﬂigat
1605 1410 1985 1479 cogitationes,
2028 1428 2092 1469 ea

510 1503 597 1551 est
644 1496 912 1566 ejicienda
931 1508 985 1551 et
1013 1513 1043 1551 a
1068 1507 1246 1553 mente
1262 1498 1624 1556 amandauda.
1652 1500 1721 1555 In
1737 1516 1801 1556 ea
1823 1503 1969 1557 enim
1997 1506 2093 1561 de-

513 1592 805 1652 turbanda,
860 1599 981 1647 tuto
1010 1595 1429 1649 conservabitur
1481 1594 1641 1650 nobis
1674 1595 1942 1650 bonorum
1979 1599 2093 1655 the-

512 1697 732 1738 suurus.
762 1683 817 1736 Si
849 1696 1034 1749 autem
1056 1698 1162 1738 non
1196 1680 1363 1739 fuerit
1385 1682 1560 1753 ejecta
1580 1699 1703 1754 qua:
1723 1684 1922 1753 perdit,
1955 1688 2090 1742 nihil

2206 606 2297 644 σεν
2323 595 2355 664 ἡ
2386 593 2530 666 ψυχή
2558 612 2654 649 σου
2675 598 2814 669 πρὸς
2837 600 2930 653 τὸν
2954 600 3087 654 Θεὸν
3104 602 3196 658 τὸν
3222 605 3556 676 ίσχυρὸν,τδν
3573 608 3728 672 ζῶντα,

2202 682 2364 748 πόθος
2413 687 2626 753 ἐγένετό
2669 705 2750 741 σοι
2791 689 2885 742 τοῦ
2936 692 2993 743 ἐν
3034 694 3154 756 ταῖς
3201 693 3392 758 αὐλαῖς
3441 695 3528 749 τοῦ
3567 698 3729 768 Κυρᾶω

2199 779 2487 845 γενέσθαι·
2528 781 2684 834 αὐλαὶ
2713 782 2757 836 δ’
2789 783 2855 837 ἂν
2880 779 2988 837 εἶεν
3030 784 3123 838 τοῦ
3157 787 3383 856 Κυρίου,
3414 791 3551 845 κατά
3583 807 3639 858 γε
3662 790 3729 846 τὸν

2198 870 2330 939 ἐμὸν
2366 871 2540 940 λόγον,
2577 874 2634 926 αἱ
2664 875 2875 945 ἀρεταὶ,
2899 870 2989 939 αἷς
3010 876 3385 941 συναυλίξεται
3405 879 3436 931 ό
3463 879 3626 948 λόγος,
3659 881 3728 935 καὶ

2197 965 2308 1025 πᾶς
2349 967 2378 1017 ὁ
2408 965 2487 1035 τῷ
2538 965 2681 1037 λόγῳ
2719 967 3002 1037 ἑπόμενος.
3035 968 3222 1023 Ταῦτα
3271 969 3541 1039 φύλαξον,
3571 972 3638 1034 ὡς
3675 972 3728 1043 μὴ

2195 1051 2518 1123 διαρρυῆναι
2555 1071 2637 1109 σοι
2685 1058 2778 1110 τὸν
2805 1057 3034 1133 πλοῦτον
3068 1059 3177 1114 τῶν
3219 1059 3480 1132 καθαρῶν
3520 1064 3610 1133 τῆς
3643 1063 3728 1117 δια·

2196 1146 2345 1209 νοίας
2376 1147 2690 1217 κτημάτων.
2705 1132 3097 1221 Παρεισδύεταί
3119 1168 3205 1214 τις
3229 1150 3490 1222 λογισμὸς
3510 1132 3726 1217 ἐναντίος,

2193 1232 2304 1291 οἷόν
2335 1255 2418 1302 τις
2456 1239 2711 1311 λαθραῖος
2748 1242 2991 1312 κλέπτης
3019 1241 3326 1312 ἀφανισμὸν
3374 1242 3485 1295 τῶν
3517 1242 3729 1314 καθαρῶν

2195 1330 2485 1400 νοημάτων
2513 1333 2853 1403 ποιούμενος,
2887 1333 3180 1405 ἐκϐλητέος
3208 1330 3362 1397 οὗτος
3391 1334 3487 1386 καὶ
3516 1334 3739 1399 amp.

2194 1422 2354 1485 πτέος
2380 1423 2481 1491 τῆς
2510 1424 2767 1488 διανοίας.
2806 1427 2895 1479 Ἐν
2934 1424 3046 1497 γὰρ
3073 1425 3153 1496 τῷ
3181 1426 3388 1479 ἐκεῖνον
3426 1424 3726 1488 ἀπώσασθαι,

2189 1513 2257 1566 δι’
2280 1515 2578 1585 ἀσφαλείας
2604 1519 2737 1588 ἡμῖν
2760 1518 2790 1570 ό
2819 1519 2928 1571 τῶν
2958 1518 3179 1587 ἀγαθῶν
3208 1518 3482 1590 θησαυρὸς
3499 1518 3726 1589 φυλαχθῆ-

2191 1618 2365 1656 σεται.
2407 1605 2469 1657 Et
2510 1604 2567 1657 δέ
2606 1606 2681 1677 μὴ
2728 1606 3016 1677 ἐκϐληθείη
3043 1609 3072 1660 ὁ
3119 1605 3510 1677 λυμαινόμενος
3534 1648 3548 1672 ,
3576 1607 3726 1676 κέρδος

2190 1696 2342 1747 οὐδὲν
2372 1696 2524 1751 ἐσται
2544 1698 2643 1769 τῆς
2672 1700 2934 1769 κτήσεως,
2957 1702 3015 1752 ἐν
3039 1704 3104 1770 τῇ
3130 1699 3239 1753 τῶν
3262 1698 3607 1770 τοιχωρύχων
3631 1702 3724 1752 ἐπι-

513 1776 650 1829 lucri
684 1777 1108 1846 possidebimus,
1152 1777 1430 1831 latronum
1463 1778 1559 1846 qui
1596 1792 1786 1833 muros
1825 1778 2081 1836 eﬂodiunt

2193 1786 2354 1858 ϐουλῇ
2377 1789 2473 1859 τῆς
2506 1790 2767 1862 εὐπορίας
2790 1790 3185 1864 ὑπορρεούσης.

513 1866 727 1922 insuliis
753 1867 1120 1923 dimuentibus
1141 1865 1519 1923 facultatibus.

580 1958 845 2025 Quoniam
927 1976 1062 2029 ergo
1135 1968 1349 2029 tempus
1432 1965 1711 2031 quaerendi
1770 1965 2085 2029 didicimus,

513 2071 532 2103 ι
568 2053 749 2107 omnis
779 2064 959 2108 autem
991 2051 1082 2122 qui
1123 2054 1339 2122 qumrit,
1368 2053 1574 2109 invenit
1609 2058 1655 2088 ¹⁶
1688 2075 1701 2111 :
1734 2076 1753 2109 ι
1790 2066 1848 2112 ιιι
1872 2073 2088 2128 perma-

508 2152 632 2199 neat
666 2140 815 2215 quod
853 2146 1140 2200 inventum
1185 2152 1291 2211 est,
1319 2146 1578 2201 thesauro
1620 2148 1934 2220 diligentem
1983 2150 2087 2203 ali-

506 2251 672 2306 quam
744 2237 1092 2306 imponamus
1134 2235 1462 2290 custodiam.
1533 2255 1552 2288 ι
1596 2238 1777 2303 Omni,
1828 2258 1848 2291 ι
1887 2240 2084 2310 inquit,

512 2345 531 2375 ι
575 2326 829 2380 custodia
873 2341 1034 2380 serva
1085 2340 1181 2379 cor
1212 2332 1365 2380 tuum
1397 2327 1465 2390 ἰ,
1516 2347 1533 2377 ι
1572 2337 1630 2381 ιιι
1665 2339 1952 2398 postquam
2002 2330 2087 2385 in-

508 2416 743 2480 veneris,
780 2417 1061 2471 custodias
1094 2417 1372 2471 inventam
1425 2419 1676 2488 gratiam,
1728 2428 1808 2484 ut,
1850 2421 2083 2491 exempli

508 2520 699 2569 causa,
725 2506 819 2575 qui
851 2506 918 2560 ad
955 2505 1113 2561 tidem
1140 2508 1399 2572 accessit,
1423 2508 1717 2576 puritatem
1754 2509 1964 2563 invenit
1991 2525 2086 2578 per

504 2596 804 2651 lavacrum.
836 2594 942 2650 Sed
970 2595 1142 2665 major
1175 2604 1257 2650 est
1289 2596 1441 2650 labor
1469 2596 1523 2650 in
1552 2596 1914 2652 custodiendo
1937 2598 2082 2667 quod

502 2684 736 2755 accepit,
807 2701 995 2761 quam‘
1034 2686 1090 2740 in
1137 2685 1465 2741 inveniendo
1518 2686 1667 2756 quod
1706 2702 1818 2742 non
1869 2688 2079 2743 habuit.

501 2776 786 2843 Quomodo
815 2792 945 2846 ergo
965 2778 1287 2834 dicebamus
1317 2794 1424 2834 non
1468 2779 1654 2849 aliquo
1692 2787 1940 2849 tempore
1969 2781 2080 2834 cir-

500 2870 797 2924 cumscrihi
856 2870 1321 2939 opportunitatem
1380 2870 1713 2936 inveniendi,
1764 2870 1861 2926 sed
1909 2879 2081 2927 totam

499 2963 667 3016 vitam
706 2978 830 3017 esse
854 2978 1021 3016 unum
1058 2975 1273 3033 tempus
1300 2962 1455 3017 bona:
1476 2965 1624 3019 illius
1654 2965 2029 3035 inquisitionis
2060 2984 2074 3021 :

502 3057 574 3110 ita
603 3056 767 3111 etiam
796 3063 1011 3125 tempus
1058 3056 1323 3110 custodiae
1349 3064 1517 3109 totam
1552 3056 1718 3110 vitam
1749 3058 1928 3113 metiri
1952 3070 2080 3128 pro-

2246 1949 2255 1965 ι
2272 1971 2487 2037 Ἐπειδὴ
2517 1968 2609 2027 οὖν
2630 1972 2874 2043 ἐδιδάχθη
2884 1991 2982 2045 μεν
2998 1973 3089 2026 τὸν
3098 1974 3290 2044 καιρὸν
3300 1975 3399 2030 τοῦ
3410 1977 3603 2050 ζητεῖν,
3613 1996 3628 2027 ι
3644 1976 3723 2036 πᾶς

2187 2054 2244 2107 δὲ
2266 2056 2294 2107 ὁ
2318 2058 2493 2129 ζητῶν
2506 2058 2771 2130 εὑρσίκει,
2798 2075 2817 2109 ι
2840 2059 2991 2119 ὅπως
3014 2058 3081 2113 ἂν
3108 2060 3169 2113 τὸ
3196 2061 3435 2133 εὑρεθὲν-
3454 2061 3721 2134 παραμένῃ.

2187 2144 2389 2215 ἀκριϐῆ
2416 2161 2538 2198 τινα
2564 2143 2641 2214 τῷ
2667 2144 2927 2217 θησαυρῷ
2954 2150 3053 2219 τὴν
3080 2153 3325 2223 φρουρὰν
3356 2156 3721 2226 ἐπιστήσωμεν.

2195 2256 2214 2288 ι
2242 2236 2399 2309 Πάσῃ
2428 2236 2696 2307 φυλακῇ.»
2725 2241 2879 2309 φησι,
2898 2261 2917 2294 ι
2940 2247 3092 2313 τήρει
3115 2243 3213 2309 σὴν
3235 2245 3481 2315 καρδίαν,
3505 2264 3522 2296 ι
3541 2244 3661 2315 μετά
3679 2243 3724 2296 τὸ

2186 2329 2245 2381 εύ
2255 2332 2367 2401 ρεῖν
2390 2329 2467 2399 τῷ
2496 2329 2723 2398 φυλάξαι
2745 2330 2843 2400 τὴν
2867 2330 3181 2401 εὑρεθεῖσαν
3196 2332 3359 2403 χάριν
3376 2351 3391 2364 ο
3411 2330 3523 2389 οἷον
3550 2332 3683 2405 εὗρεν
3702 2336 3724 2387 ό

2187 2419 2501 2491 προσελθὼν
2522 2423 2587 2490 τῇ
2616 2421 2793 2473 πίστει
2813 2422 2913 2489 τὴν
2927 2420 3015 2474 διὰ
3034 2420 3126 2474 τοῦ
3143 2422 3372 2492 λουτροῦ
3395 2424 3719 2496 καθαρότητα.

2199 2510 2359 2564 ’Λλλά
2390 2510 2589 2579 μείζων
2620 2513 2649 2562 ό
2688 2509 2845 2574 πόνος
2867 2512 2925 2563 ἐν
2964 2511 3043 2581 τῷ
3077 2512 3307 2581 φυλάξαι
3332 2514 3364 2567 ὃ
3398 2515 3599 2576 ἐλαϐεν,
3629 2516 3721 2584 ἢέν

2183 2600 2261 2669 τῷ
2282 2602 2460 2672 εὑρεῖν
2490 2601 2519 2653 ὂ
2538 2601 2640 2653 οὐκ
2670 2596 2835 2671 εἶχεν.
2860 2602 3068 2674 ’Ὠσπερ
3089 2599 3185 2657 οὖν
3219 2604 3451 2677 εἴπομεν
3483 2608 3553 2678 μὴ
3582 2605 3720 2675 χρόνῳ

2182 2694 2289 2746 τινὶ
2319 2694 2420 2763 τὴν
2446 2692 2539 2746 τοῦ
2597 2692 2778 2762 ζητεῖν
2806 2690 3101 2765 ἐὐκαιρίαν
3157 2698 3580 2771 περιορίζεσθαι,
3611 2696 3720 2750 ἀλλὰ

2184 2787 2359 2838 πάντα
2391 2785 2481 2837 τὸν
2516 2785 2627 2855 βίον
2652 2786 2746 2839 ἕνα
2776 2786 2964 2857 καιρὸν
3007 2784 3144 2841 εἶναι
3168 2790 3265 2860 τῆς
3301 2792 3515 2863 ἀγαθῆς
3545 2791 3720 2859 ἐκείνης

2180 2876 2496 2948 ζητήσεως’
2528 2875 2671 2930 οῢτὼ
2714 2879 2809 2931 καὶ
2851 2879 2943 2932 τὸν
2981 2882 3079 2951 τῆς
3101 2880 3350 2952 φυλακῆς
3387 2882 3572 2953 καιρὸν
3603 2881 3719 2950 πάσῃ

2178 2972 2246 3041 τῇ
2281 2969 2394 3040 ζωῇ
2425 2970 2741 3040 μετρεῖσθαι
2787 2971 3228 3042 ἀποφαινόμεθα·
3259 2973 3358 3044 τὴν
3380 2975 3548 3047 αὐτὴν
3574 2972 3718 3043 φωνην

2179 3064 2276 3131 τῆς
2303 3062 2643 3132 προφητείας
2676 3064 2767 3116 καὶ
2789 3063 2886 3117 νῦν
2917 3066 3306 3137 παραθέμενοι,
3333 3070 3437 3141 τὴν
3463 3070 3716 3138 λέγουσαν

499 3150 842 3214 uuntiamus,
870 3148 1059 3203 eadem
1086 3163 1216 3201 voce
1252 3148 1549 3217 prophetiae
1571 3165 1719 3204 nunc
1741 3166 1961 3221 quoque
1982 3151 2078 3205 ad-

2186 3171 2205 3204 ι
2236 3153 2300 3206 Ui
2330 3152 2598 3223 ὀφθαλμοί
2627 3169 2729 3223 μου
2756 3152 3048 3218 διαπαντὸς
3078 3156 3216 3226 πρὸς
3245 3155 3336 3209 τὸν
3399 3158 3615 3225 Κύριον’
3656 3153 3718 3205 ὅτι

498 3242 684 3302 ducta,
710 3258 831 3311 quae
863 3240 1030 3295 dicit:
1061 3259 1078 3291 ι
1107 3238 1264 3293 Oculi
1295 3240 1401 3294 mei
1427 3255 1645 3310 semper
1662 3242 1727 3296 ad
1752 3241 2077 3299 Dominum:

498 3336 760 3400 quoniam
798 3333 914 3400 ipse
952 3331 1146 3385 evellet
1187 3346 1252 3385 ex
1299 3331 1493 3400 laqueo
1545 3332 1709 3400 pedes
1751 3348 1905 3389 meos
1943 3335 2009 3388 “.
2053 3354 2072 3386 ι

499 3424 557 3478 lu
584 3424 688 3477 hoc
715 3424 858 3478 enim
890 3422 1193 3492 poterimus
1226 3423 1384 3476 nobis
1427 3424 1694 3495 integram
1728 3432 1784 3479 et
1813 3427 2075 3480 intactam

497 3531 827 3571 conservare
859 3515 1058 3569 bonam
1111 3515 1541 3584 possessionem,
1588 3516 1736 3587 quod
1767 3515 1938 3573 Deum
1964 3527 2080 3574 sta-

498 3620 717 3665 tuamus
745 3616 1060 3663 nostrarum
1085 3621 1266 3662 rerum
1297 3610 1605 3664 custodem.
1654 3609 1886 3675 Quando
1928 3611 2075 3666 enim

494 3702 640 3754 oculi
691 3701 794 3756 mei
820 3716 1036 3770 semper
1082 3699 1291 3754 fuerint
1335 3700 1401 3754 ad
1437 3699 1753 3766 Dominum,
1784 3712 1914 3758 tunc
1939 3703 2077 3757 nihil

494 3800 750 3861 poterunt
806 3792 1020 3847 efﬁcere
1075 3792 1254 3861 laquei
1298 3791 1626 3855 adversarii,
1665 3810 1762 3864 per
1791 3811 1934 3865 quos
1987 3797 2078 3851 ille

495 3885 721 3937 molitur
769 3884 999 3939 insidias
1079 3884 1148 3938 iis
1204 3901 1326 3955 quae
1378 3896 1507 3941 sunt
1565 3887 1762 3941 animm
1811 3889 2075 3958 pretiosa.

499 3992 520 4026 ι
577 3973 693 4028 Non
731 3975 848 4039 des,
900 3994 919 4026 ι
963 3976 1160 4044 inquit,
1220 3995 1238 4026 ι
1292 3978 1347 4029 in
1403 3978 1822 4033 commotionem
1887 3980 2076 4049 pedem

495 4077 671 4130 tuum,
724 4073 779 4120 ct
827 4083 933 4120 non
964 4067 1280 4121 dormitabit
1307 4068 1403 4136 qui
1445 4069 1686 4123 custodit
1736 4079 1789 4124 te
1820 4071 1885 4123 ³³.
1930 4090 1948 4122 ι
1984 4070 2079 4126 Est

495 4171 625 4226 ergo
657 4172 897 4225 praesens
927 4166 1217 4213 contextus
1246 4172 1591 4227 consequens
1619 4161 1666 4214 ei
1711 4160 1805 4230 qui
1844 4150 2077 4230 princes-

495 4249 585 4305 sit.
621 4250 713 4303 Ille
738 4249 904 4318 jussit
927 4265 1174 4319 quaerere
1213 4263 1269 4304 ut
1314 4251 1661 4308 inveniamus
1696 4272 1709 4308 :
1765 4253 1857 4308 hic
1885 4255 2080 4311 suadet

494 4341 776 4397 custodire
815 4358 881 4396 ne
910 4342 1219 4412 perdamus.
1277 4342 1469 4399 Modus
1496 4353 1677 4400 autem
1703 4347 1954 4403 servandi
1977 4348 2078 4404 bo-

492 4449 562 4488 ira
592 4444 675 4491 est
705 4436 757 4489 in
790 4436 1074 4504 ejiciendis
1103 4436 1170 4489 iis
1204 4451 1325 4507 quae
1340 4438 1721 4506 intelliguntur
1751 4454 1816 4492 ex
1849 4449 2071 4494 contra-

492 4526 606 4590 rio;
636 4527 908 4596 quomodo
932 4526 1191 4596 oppidum
1223 4527 1366 4596 quod
1403 4528 1707 4594 obsidetur,
1767 4529 1940 4584 tutius
1966 4544 2062 4584 cu-

493 4618 727 4670 stoditur
746 4616 937 4685 ejectis
962 4619 1378 4688 proditoribus:
1427 4621 1669 4690 quandiu
1716 4632 1899 4677 autem
1945 4631 2075 4678 sunt

495 4708 663 4771 intus,
697 4712 870 4780 magis
898 4712 1231 4766 insidiantur
1260 4713 1295 4766 ii
1339 4713 1433 4781 qui
1487 4714 1681 4778 latent,
1710 4729 1875 4783 quam
1908 4716 1944 4769 ii
1979 4717 2074 4786 qui

494 4812 621 4857 sunt
643 4803 815 4870 aperti
846 4804 1049 4858 hostes.
1074 4803 1314 4873 Tempus
1338 4814 1423 4860 est
1448 4806 1621 4870 enim,
1663 4807 1860 4876 inquit,
1887 4817 2073 4862 custo-

492 4894 699 4956 diendi,
730 4902 783 4946 et
810 4906 1020 4963 tempus
1051 4896 1366 4963 abiiciendi.

561 4987 717 5053 Quod
795 4999 974 5041 autem
1052 4988 1312 5059 deinceps
1370 4991 1638 5060 sequitur,
1689 4994 1927 5045 animam
2003 4994 2071 5048 ad

489 5081 750 5149 majorem
826 5079 895 5132 de
951 5081 1113 5134 rebus
1201 5097 1324 5151 quae
1403 5082 1609 5137 cadunt
1693 5085 1796 5139 sub
1872 5086 2075 5140 intelli-

489 5173 727 5239 gentiam
805 5172 1028 5227 deducit
1100 5173 1529 5242 philosophiam.
1590 5176 1851 5231 Oslcndit
1927 5177 2070 5231 enim

489 5262 635 5331 quod
689 5264 1023 5319 universitas
1071 5273 1156 5319 est
1239 5264 1341 5318 sibi
1398 5266 1504 5335 ipsi
1561 5268 1898 5329 continens,
1968 5282 2070 5321 nec

489 5369 755 5431 compago
814 5372 1003 5411 eorum
1054 5372 1175 5426 quae
1228 5357 1433 5411 cadunt
1476 5358 1579 5412 sub
1628 5358 2069 5428 intelligentiam,

491 5445 657 5500 ullam
694 5449 859 5505 liabet
902 5449 1262 5509 solutionem.
1306 5450 1400 5504 sed
1447 5460 1531 5504 est
1579 5452 1849 5519 qumdam'
1877 5466 2069 5505 eorum

492 5548 611 5600 quae
637 5548 786 5603 sunt,
817 5542 959 5595 inter
993 5556 1052 5595 se
1085 5541 1317 5594 invicem
1364 5543 1726 5610 conspiratio.
1755 5542 1940 5609 Neque
1976 5544 2069 5597 ab-

497 5627 733 5683 scissum
767 5640 849 5684 est
879 5632 1197 5686 universum
1234 5634 1304 5685 ab
1333 5648 1397 5685 ea
1426 5648 1549 5699 quae
1583 5642 1668 5686 est
1711 5647 1900 5686 secum
1932 5648 2068 5685 con-

2182 3245 2346 3307 αύτὺς
2395 3244 2663 3298 ἐκσπάσει
2694 3245 2760 3298 ἐκ
2809 3245 3032 3313 παγίδος
3081 3247 3207 3309 τοὺς
3248 3246 3421 3310 πόδας
3462 3264 3576 3317 μου.
3600 3264 3618 3298 ι
3656 3243 3718 3296 Ἐν

2178 3335 2352 3406 τούτῳ
2394 3335 2504 3406 γάρ
2536 3336 2653 3389 ἐστι
2689 3336 2754 3389 τὸ
2787 3334 2987 3390 ἀσυλον
3017 3335 3116 3406 τὴν
3152 3336 3362 3408 ἀγαθὴν
3398 3341 3582 3408 κτῆσιν
3614 3336 3716 3406 ἡμῖν

2180 3424 2566 3495 φυλάττεσθαι,
2601 3426 2662 3479 ἐν
2706 3424 2788 3495 τῷ
2822 3426 2914 3478 τὸν
2932 3425 3063 3478 Θεὸν
3101 3425 3319 3494 φύλακα
3339 3426 3453 3480 τῶν
3477 3425 3717 3498 ἡμετέρων

2179 3517 2529 3589 ποιήσασθαι.
2568 3516 2742 3573 Ὅταν
2770 3517 2878 3589 γὰρ
2902 3520 2951 3570 οί
2976 3516 3244 3587 ὀφθαλμοί
3276 3536 3380 3589 μου
3405 3515 3505 3574 ὦσι
3534 3521 3717 3573 διαπαν-

2177 3610 2268 3673 τὸς
2314 3609 2452 3679 πρὸς
2490 3609 2582 3663 τὸν
2619 3608 2856 3682 Κύριον,
2889 3611 3029 3667 τότε,
3052 3609 3325 3681 ἄπρακτοι
3391 3611 3616 3682 γίνονται
3643 3605 3714 3659 τοῦ

2177 3702 2553 3774 ἀντικειμένου
2603 3703 2660 3756 αί
2715 3700 2942 3769 παγίδες
2964 3743 2979 3767 ,
3010 3700 3076 3753 δι’
3108 3694 3184 3754 ὧν
3222 3702 3435 3764 ἐκεῖνος
3465 3702 3564 3754 τῶν
3590 3702 3639 3753 ἐν
3665 3698 3713 3765 τῇ

2175 3795 2322 3865 ψυχῇ
2350 3794 2548 3864 τιμίων
2577 3794 2675 3866 τὴν
2702 3793 2991 3863 ἐπιϐουλὴν
3011 3792 3347 3863 τεχνάζεται.
3380 3811 3402 3845 ι
3429 3792 3518 3863 Μὴ
3547 3791 3711 3862 Gigans»

2179 3888 2364 3958 φησὶν,
2404 3907 2422 3938 ι
2457 3889 2537 3950 εις
2581 3885 2741 3940 σάλον
2766 3885 2858 3937 τὸν
2889 3884 3022 3937 πόδα
3053 3900 3169 3949 σου,
3196 3885 3291 3938 καὶ
3337 3884 3401 3937 ού
3445 3881 3667 3946 νυστάξει
3693 3878 3716 3929 ὁ

2180 3979 2490 4050 φυλάσσων.
2535 3996 2555 4032 ι
2584 3975 2793 4031 Οὐκοῦν
2821 3975 3116 4040 ἀκόλουθος
3143 3978 3177 4046 ἡ
3213 3974 3464 4046 παροῦσα
3498 3977 3636 4046 ῥῆσις
3658 3966 3715 4035 τῷ

2179 4070 2475 4143 προάγοντι
2508 4069 2672 4138 λόγῳ.
2711 4068 2947 4130 Ἐκεῖνος
2974 4066 3230 4121 ἐκέλευσε
3258 4067 3443 4136 ζητεῖν
3481 4067 3562 4119 ἵνα
3584 4061 3714 4131 εὕρω·

2182 4180 2312 4233 μεν,
2343 4156 2493 4224 οὗτος
2527 4160 2821 4229 φυλάσσειν
2860 4158 3238 4231 συμϐουλεύει,
3261 4159 3348 4210 ἵνα
3378 4158 3454 4230 μὴ
3486 4152 3716 4210 ἀπολέσω-

2183 4270 2302 4322 μεν.
2343 4252 2399 4305 '0
2425 4251 2484 4303 δὲ
2519 4249 2611 4302 τοῦ
2646 4248 2933 4319 φυλάττειν
2954 4249 3022 4301 τὰ
3061 4246 3242 4317 ἀγαθά
3274 4248 3476 4319 τρόπος
3501 4244 3631 4299 ἐστὶν
3673 4240 3715 4290 ἐν

2179 4345 2257 4417 τῷ
2301 4342 2584 4398 ἐκϐάλλειν
2627 4340 2698 4393 τὰ
2724 4342 2791 4393 ἐκ
2816 4339 2911 4393 τοῦ
2942 4339 3183 4392 ἐναντίου
3223 4337 3489 4408 νοούμενα
3518 4353 3532 4365 '
3563 4331 3714 4394 ὥσπερ

2180 4435 2274 4488 ἐπὶ
2290 4436 2387 4504 τῆς
2409 4429 2819 4502 πολεμουμένης
2847 4428 3051 4491 πόλεως
3078 4426 3460 4496 ἀσφαλεστέρα
3484 4423 3665 4493 γίνεται
3688 4418 3712 4481 ἡ

2106 4496 2152 4551 D
2180 4496 2395 4596 φρουρὰ
2430 4496 2835 4592 τῶν-προδοτῶν
2863 4520 3237 4591 ἐκϐληθέντων
3271 4536 3286 4549 ’
3317 4518 3424 4583 ἕως
3446 4520 3489 4572 δ’
3518 4516 3579 4571 ἂν
3597 4510 3713 4567 ἐντὸς

2178 4612 2301 4679 ὦσι,
2342 4614 2541 4686 μᾶλλον
2588 4610 2994 4666 ἐπιϐουλεύουσι
3029 4609 3139 4663 τῶν
3169 4609 3420 4679 φανερῶν
3452 4603 3640 4679 ἐχθρῶν
3676 4599 3710 4702 σί

2179 4706 2552 4769 λανθάνοντες.
2589 4705 2793 4776 Καιρὸς
2828 4703 2956 4777 γὰρ,
2980 4703 3165 4775 φησὶν,
3194 4700 3291 4755 τοῦ
3330 4700 3719 4771 φυλάσσειν,και

2178 4799 2370 4871 καιρὸς
2398 4798 2493 4852 τοῦ
2523 4796 2827 4850 ἐκϐάλλειν.

2260 4982 2325 5036 'll
2367 4981 2423 5050 δὲ
2470 4980 2668 5050 ἐφεξῆς
2716 4976 3009 5033 ἀκολουθία
3040 4972 3134 5031 τοῦ
3173 4975 3334 5045 λόγου
3404 4978 3484 5038 εἰς
3530 4962 3711 5043 μείζονά

2178 5098 2302 5136 τινα
2346 5049 2445 5152 την
2491 5080 2621 5148 περὶ
2669 5075 2781 5129 τῶν
2823 5072 3030 5145 νοητῶν
3083 5072 3402 5142 φιλοσοφίαν
3444 5071 3541 5141 τὴν
3568 5060 3710 5159 ψυχὴξ

2177 5175 2321 5242 ἄγει.
2376 5171 2625 5226 Δείκνυσι
2667 5167 2777 5238 γὰρ
2808 5166 2891 5219 ὅτι
2937 5165 3158 5234 συνεχές
3186 5166 3302 5216 ἐστι
3336 5163 3396 5216 τὸ
3430 5162 3533 5215 πᾶν

2178 5269 2273 5322 καὶ
2303 5268 2404 5319 οὐκ
2432 5266 2546 5336 ἔχει
2573 5261 2697 5315 τινὰ
2718 5260 2872 5313 λύσιν
2898 5261 2931 5329 η
2967 5257 3201 5327 ἁρμονία
3226 5256 3336 5308 τῶν
3365 5253 3579 5325 νοητῶν,
3608 5244 3710 5301 ἀλλὰ

2176 5360 2260 5423 τίς
2302 5361 2420 5411 ἐστι
2457 5356 2733 5426 σύμπνοια
2760 5351 2869 5404 τῶν
2897 5351 3066 5403 ὄντων
3097 5348 3234 5418 πρὸς
3267 5342 3611 5419 ἄλληλα.Καὶ

2171 5450 2498 5521 ἀπέσχισται
2545 5447 2606 5499 τὸ
2633 5446 2742 5497 πᾶν
2768 5443 2871 5512 τῆς
2897 5442 3039 5513 πρὸς
3064 5440 3257 5493 ἐαυτὸν
3290 5437 3590 5508 συναφείας,
3619 5425 3696 5481 ἀλλ

2168 5545 2227 5596 ἐν
2269 5543 2349 5614 τῷ
2381 5538 2522 5594 εἶναι
2581 5538 2730 5608 μένει
2771 5536 2842 5588 τὰ
2892 5535 3072 5588 πάντα
3104 5537 3169 5602 τῇ
3204 5532 3299 5585 τοῦ
3341 5532 3489 5593 ὄντος
3523 5521 3706 5614 δυνᾲμει

2171 5611 2666 5707 περικρατούμενα.
2699 5629 2775 5682 Τδ
2811 5628 2869 5681 δὲ
2909 5625 3080 5688 ὅντως
3115 5624 3198 5688 ὃν,
3236 5624 3269 5695 ἢ
3315 5623 3445 5679 αὐτὸ
3482 5611 3707 5688 ἁγαθότῐις

568 5804 608 5836 ’³
641 5806 785 5863 Psal.
822 5825 929 5878 xu,
963 5810 1018 5864 2.
1097 5811 1139 5843 ’θ
1180 5811 1369 5869 Matth.
1405 5829 1499 5878 vn,
1531 5813 1583 5866 8.
1664 5815 1704 5844 "
1748 5811 1908 5866 Prov.
1948 5830 2021 5881 tv,
2050 5817 2142 5874 25.
2219 5819 2263 5853 ²¹
2302 5814 2447 5872 Psal.
2478 5829 2625 5880 ntv,
2669 5810 2756 5865 l5.
2837 5809 2881 5842 ⁸³
2916 5806 3063 5865 Psal.
3103 5821 3228 5874 cxx,
3256 5805 3314 5863 3.
