3874 6356
176 398 269 456 ηδ

1179 410 1243 465 IN
1288 412 1833 470 ECCLESIASTEN.
1876 414 2159 470 HOMILIA
2194 413 2296 467 Vll.

3286 408 3409 462 735'

172 513 325 577 ἔστιν,
354 511 385 583 ἢ
420 512 537 566 εἴτι
562 514 699 587 ὑπὲρ
735 516 891 571 τοῦτό
910 535 992 582 τις
1029 521 1234 575 ἐπινοεῖ
1261 526 1592 594 σημαντικὸν
1625 527 1720 595 τῆς

1825 527 2126 597 iunctione,
2159 525 2253 579 sed
2285 527 2338 577 in
2385 510 2625 577 essentia
2658 529 2880 576 manent
2930 519 3137 583 omnia,
3171 528 3229 573 ut
3268 534 3390 589 qua:

172 603 426 675 ἀφθάρτου
455 603 665 673 φύσεως
685 609 875 679 ὄνομα.
905 610 1040 675 Πῶς
1059 611 1104 664 δ’
1133 613 1198 666 ἄν
1224 631 1307 677 τις
1337 614 1489 686 εὕροι
1509 616 1717 671 ἐκείνου

171 694 325 765 ὄνομα
374 694 508 765 ὅπερ
562 697 702 769 ὑπὲρ
759 699 933 771 ὄνομά
988 718 1151 773 φησιν
1180 699 1321 757 εἶναι
1364 706 1398 775 ἡ
1448 704 1566 759 Θεία
1626 704 1718 759 τοῦ

183 783 489 837 Ἀποστὸλου
524 787 705 857 φωνή;
754 788 892 859 πλὴν
942 790 1131 863 ὅτιπερ
1188 793 1253 846 ἂν
1302 794 1500 866 εὑρεθῇ
1549 796 1719 867 ὄνομα

172 874 542 944 ἑρμηνευτικὸν
596 878 696 947 τῆς
742 880 1125 951 ἀνεκφωνήτου
1173 883 1454 954 δυνάμεώς
1507 903 1565 939 τε
1627 889 1720 941 καὶ

173 962 386 1030 φύσεως,
411 966 610 1034 ἀγαθόν
633 970 748 1021 ἐστι
779 970 993 1034 πάντως
1019 970 1077 1024 τὸ
1100 974 1516 1044 σημαινόμενον.
1550 976 1720 1030 Τοῦτο

171 1051 333 1105 τοίνυν
364 1054 421 1107 τὸ
451 1055 652 1123 ἀγαθὸν
695 1059 813 1129 ἤτοι
848 1061 988 1131 ὑπὲρ
1025 1061 1087 1114 τὸ
1123 1063 1346 1131 ἀγαθὸν,
1375 1066 1506 1119 αύτό
1539 1084 1599 1119 τε
1645 1067 1720 1129 ὼς

170 1142 367 1213 ἀληθῶς
399 1143 546 1213 ἐστι,
581 1148 676 1201 καὶ
718 1149 785 1201 δι’
816 1151 976 1204 ἑαυτὸ
1002 1155 1114 1217 τοῖς
1150 1150 1270 1207 οὖσι
1311 1155 1509 1209 δέδωκέ
1542 1175 1600 1210 τε
1629 1160 1721 1210 καὶ

169 1232 333 1287 δίδωσι
370 1236 466 1306 τήν
502 1254 561 1290 τε
603 1238 698 1292 τοῦ
728 1241 978 1307 γενέσθαι
1004 1242 1233 1315 δύναμιν
1275 1246 1369 1300 καὶ
1410 1247 1508 1318 τὴν
1538 1250 1595 1301 ὲν
1643 1248 1720 1318 τῷ

171 1318 295 1376 εἶναι
331 1324 608 1399 διαμονήν.
646 1330 759 1383 Πᾶν
790 1331 845 1384 δὲ
872 1332 933 1385 τὸ
969 1333 1073 1401 ἔξω
1106 1337 1271 1392 αὐτοῦ
1310 1338 1717 1412 θεωρούμενον,

171 1412 454 1485 ἀνυπαρξία
501 1417 635 1469 ἐστί.
683 1419 755 1471 Τὸ
782 1420 889 1492 γὰρ
924 1420 1028 1487 ἔξω
1060 1422 1155 1478 τοῦ
1187 1425 1339 1491 ὄντος
1371 1428 1430 1482 ὲν
1462 1428 1539 1500 τῷ
1580 1424 1721 1483 εἶναι

168 1501 257 1555 οὐκ
286 1502 447 1559 ἔστιν.
493 1505 644 1560 Ἐπεὶ
674 1506 767 1562 οὖν
799 1510 1203 1583 ἀντιθεωρεῖται
1228 1517 1294 1587 τῇ
1331 1516 1519 1589 ἀγάπῃ
1547 1519 1581 1588 ἡ
1620 1534 1720 1571 κα-

170 1591 271 1646 κία·
313 1592 441 1658 Θεὸς
480 1596 539 1650 δὲ
584 1599 616 1668 ή
654 1600 922 1673 παντελὴς
959 1604 1159 1675 ἀρετή·
1191 1604 1296 1670 ἔξω
1329 1607 1438 1677 ἄρα
1468 1606 1560 1661 τοῦ
1586 1606 1719 1661 Θεοῦ

169 1686 196 1753 ἡ
222 1684 406 1749 κακία,
427 1681 496 1760 ἧς
522 1688 556 1758 ἡ
587 1687 748 1758 φύσις
765 1733 778 1755 ,
806 1693 905 1745 οὐκ
933 1694 990 1746 ὲν
1018 1692 1094 1764 τῷ
1116 1696 1285 1765 αὐτὴν
1310 1690 1468 1762 εἶναι,
1499 1698 1635 1752 ἀλλὰ
1662 1702 1719 1752 ὲν

168 1770 473 1842 τῷ.ἀγαθὸν
509 1776 584 1847 μὴ
618 1772 757 1831 εἶναι
802 1778 1298 1850 καταλαμϐάνεται.
1354 1783 1428 1835 T6
1475 1783 1583 1854 γὰρ
1615 1784 1718 1851 ἔξω

168 1858 251 1912 τοῦ
287 1861 487 1930 ἀγαθοῦ
535 1866 807 1935 νοήματος
848 1867 1052 1938 ὄνομα,
1083 1869 1179 1939 τὴν
1222 1872 1421 1925 κακίαν
1453 1853 1715 1944 ἐθέμεθαο
1755 1853 1793 1905 Β

167 1950 325 2016 οὕτως
369 1954 777 2028 ἀντιθεωρεῖται
820 1958 898 2029 τῷ
930 1960 1120 2031 ἀγαθῷ
1165 1963 1198 2032 ἡ
1238 1964 1427 2024 κακία,
1468 1962 1543 2028 ὡς
1569 1966 1719 2018 ἀντι-

168 2040 432 2112 διαιρεϊται
463 2046 524 2099 τὸ
551 2047 624 2118 μὴ
649 2047 708 2100 ὃν
735 2048 811 2119 τῷ
839 2049 983 2103 ὄντι.’
1010 2051 1159 2104 Ἐπεὶ
1177 2048 1269 2106 οὗν
1292 2052 1367 2123 τῷ
1394 2054 1721 2123 αὑτεξουσίῳ

168 2129 257 2199 τῆς
298 2133 469 2205 ὁρμῆς
513 2137 608 2190 τοῦ
651 2137 855 2207 ἀγαθοῦ
901 2141 1288 2214 ἀπερῤύημενο
1337 2143 1525 2215 ὥσπερ
1570 2146 1618 2198 οἱ
1665 2147 1721 2197 ἐν

170 2225 293 2290 φωτὶ
323 2226 395 2297 μὴ
438 2227 592 2294 ὄντες
626 2231 814 2296 σκότος
841 2231 1088 2301 λέγονται
1132 2234 1350 2304 βλέπειν
1372 2253 1384 2267 ·
1419 2238 1476 2289 ἐν
1505 2237 1612 2309 γὰρ
1644 2237 1722 2308 τῷ

171 2316 321 2388 μηδὲν
354 2319 571 2390 βλέπειν
617 2323 734 2376 ἐστὶ
772 2325 830 2376 τὸ
869 2325 1058 2389 σκότος
1095 2324 1339 2395 βλέπειν·
1381 2327 1504 2382 τότε
1549 2330 1582 2398 ἡ
1627 2331 1721 2383 ἀν-

169 2405 423 2479 ύπαρκτος
454 2412 558 2482 τῆς
585 2412 781 2475 κακίας
815 2412 1005 2481 φύσις,
1043 2416 1099 2467 ὲν
1133 2418 1245 2479 τοῖς
1275 2417 1595 2489 ἀποῤῥυεῖσι
1627 2416 1720 2471 τοῦ

169 2497 350 2565 ἀγαθοῦ
375 2500 611 2571 ούσιώθη
632 2541 646 2562 ,
695 2501 818 2571 ἣτις
843 2501 946 2566 ἕως
984 2503 1104 2557 τότε
1135 2504 1300 2571 ἐστὶν,
1339 2505 1444 2570 ἓως
1472 2507 1538 2561 ἂν
1560 2509 1723 2578 ἡμεῖς

168 2587 259 2652 ἔξω
281 2590 367 2643 τοῦ
398 2591 607 2660 ἀγαθοῦ
635 2587 806 2663 ὦμεν.
854 2595 915 2646 Εἰ
943 2593 998 2646 δὲ
1031 2595 1194 2647 πάλιν
1223 2594 1378 2665 ἡμῶν
1406 2599 1438 2667 ἡ
1465 2597 1720 2662 αὐτεξού-

170 2694 269 2742 σιος
296 2681 386 2735 τοῦ
415 2682 716 2754 θελήματος
750 2682 961 2755 κίνησις
987 2685 1327 2757 ἀπορραγείη
1356 2688 1456 2757 τῆς
1490 2688 1623 2759 πρὸς
1664 2690 1724 2742 τὸ

168 2767 487 2840 ἀνύπαρκτον
530 2771 765 2842 σχέσεως
784 2812 799 2836 ,
831 2773 924 2826 καὶ
960 2774 1232 2844 συμφνείη
1262 2773 1339 2845 τῷ
1365 2775 1478 2829 ὄντι
1498 2791 1509 2803 ⁸
1545 2778 1723 2830 ἐκεῖνο

172 2859 256 2926 μὲν
282 2860 340 2913 τὸ
363 2863 419 2914 ὲν
441 2864 567 2934 ἐμοὶ
606 2865 804 2934 μηκέτι
837 2860 976 2919 εἶναι
1018 2865 1244 2936 ἔχουσα,
1276 2865 1398 2920 οὐδὲ
1423 2866 1483 2918 τὸ
1517 2868 1574 2919 ὲν
1601 2867 1724 2938 ἐμοὶ

168 2949 289 3015 ὅλως
324 2951 449 3017 ἔξει.
488 2956 675 3009 Κακὸν
708 2956 814 3026 γὰρ
858 2956 963 3021 ἔξω
998 2956 1369 3029 προαιρέσεως
1412 2959 1497 3025 ἐφ’
1528 2958 1721 3012 ἑαυτοῦ

170 3040 393 3111 κείμενον
420 3045 518 3098 οὐκ
546 3044 716 3099 ἐστιν.
752 3044 892 3114 Ἐγὼ
918 3047 973 3099 δὲ
1003 3046 1078 3115 τῷ
1105 3046 1320 3116 ἀληθῶς
1347 3045 1460 3099 ὄντι
1490 3049 1726 3119 ἐμαυτὸν

170 3132 559 3205 προσκολλήσας
596 3151 657 3187 τε
686 3135 779 3188 καλ⁹
824 3134 1162 3205 προσράψας,
1197 3136 1254 3189 ὲν
1283 3135 1359 3206 τῷ
1393 3136 1506 3189 ὄντι
1535 3138 1683 3208 μένω
1705 3179 1718 3194 .

167 3222 193 3273 ὄ
219 3223 297 3276 ἀεί
322 3241 378 3277 τε
419 3220 486 3297 ἦν
536 3227 633 3280 καὶ
670 3226 750 3289 εἰς
792 3226 877 3279 ἀεὶ
920 3225 1093 3289 ἔσται,
1128 3228 1222 3281 καὶ
1248 3228 1342 3280 νῦν
1379 3228 1511 3281 ἔστι.
1542 3226 1727 3282 Ταῦτά

174 3328 253 3379 μοι
279 3312 418 3368 δοκεί
443 3316 511 3370 τὰ
555 3317 803 3386 νοήματα
839 3318 867 3369 6
895 3316 987 3369 τοῦ
1028 3314 1186 3388 ῥῆξαι
1216 3316 1427 3388 καιρὸς,
1454 3318 1547 3370 καὶ
1577 3320 1605 3370 ὁ
1633 3317 1725 3370 τοῦ

172 3402 322 3471 ῥάψαι
348 3406 542 3476 καιρὸς
570 3406 952 3469 ὑποτίθεσθαι,
983 3407 1049 3460 ἵν’
1083 3408 1489 3478 ἀπορραγέντες
1518 3411 1724 3462 ἐκείνου

169 3486 208 3560 ᾧ
244 3497 419 3561 κακῶς
462 3498 841 3571 συνεφύημεν,
880 3498 1371 3570 προσκολληθῶμεν
1410 3500 1636 3569 ἐκείνῳ,
1667 3496 1726 3554 οὗ

170 3585 328 3659 ἀγαθὴ
355 3590 820 3660 ἡπροσκόλλησις.
845 3609 862 3641 ι
887 3591 1038 3661 Ἐμοὶ
1065 3591 1190 3661 γὰρ,
1207 3609 1225 3643 ι
1252 3591 1405 3660 φησι,
1433 3610 1449 3640 ι
1474 3591 1532 3643 τὸ
1556 3607 1724 3662 προσ-

172 3676 445 3732 κολλᾶσθαι
481 3678 561 3750 τῷ
596 3679 715 3749 Θεῷ
754 3679 954 3747 ἀγαθόν
988 3681 1124 3744 ἐστι,
1154 3678 1398 3732 τίθεσθαι
1427 3681 1489 3732 ἐν’
1516 3679 1593 3750 τῷ
1617 3681 1727 3733 Κυ-

173 3766 261 3837 ρίῳ
284 3767 377 3838 τὴν
407 3769 602 3824 ἐλπίδα
633 3788 791 3841 μου.»
838 3771 993 3824 Εἴποι
1015 3772 1059 3824 δ’
1089 3773 1153 3825 ἄν
1181 3788 1263 3835 τις
1296 3772 1390 3825 καὶ
1424 3772 1558 3843 πρὸς
1591 3772 1724 3827 ἄλλα

172 3855 322 3909 πολλὰ
334 3858 428 3929 τὴν
453 3858 648 3929 βουλὴν
665 3860 952 3931 χρησίμως
978 3858 1138 3930 ἔχων,
1163 3853 1321 3922 οἷον,ι
1347 3860 1606 3931 Ἐξάρατε
1635 3862 1725 3914 τὸν

170 3950 381 4020 πονηρὸν
432 3950 490 4018 ἐξ
547 3950 700 4020 ὑμῶν
733 3949 932 4005 αὐτῶν.
965 3969 983 4001 ι
1030 3949 1212 4003 Ταῦτα
1245 3948 1455 4002 κελεύει
1506 3953 1534 4003 6
1583 3949 1726 4013 θεῖος

181 4038 480 4107 Ἀπόστολος
504 4042 599 4095 τὸν
626 4043 719 4094 ἐπὶ
745 4044 811 4112 τῇ
839 4041 1139 4113 παρανόμῳ
1169 4039 1312 4112 μίξει
1340 4045 1725 4114 κατεγνωσμέ-

166 4145 278 4195 νον,
306 4132 396 4186 τοῦ
428 4132 610 4187 κοινοῦ
660 4133 761 4203 τῆς
799 4132 1126 4204 Ἐκκλησίας
1161 4132 1523 4205 πληρώματος
1550 4136 1723 4207 ἀπορ-

171 4221 384 4291 ραγῆναι
400 4224 659 4287 κελεύων,
689 4244 705 4275 ι
730 4224 816 4285 Ὠς
831 4222 896 4276 ἂν
913 4223 986 4295 μὴ
1003 4225 1191 4295 μικρὰ,
1207 4243 1225 4275 ι
1248 4225 1402 4295 φησι,
1428 4243 1444 4275 ι
1459 4224 1519 4290 ζύ
1530 4243 1601 4295 μη
1626 4226 1725 4296 τῆς

169 4310 250 4363 τοῦ
297 4314 743 4384 κατεγνωσμένου
785 4314 1017 4377 κακίας,
1074 4314 1193 4367 ὅλον
1238 4315 1298 4366 τὸ
1351 4314 1579 4385 φύραμα
1626 4315 1723 4385 τῆς

169 4400 612 4474 ἐκκλησιαπικῆς
640 4405 801 4475 εὐχῆς
823 4405 1225 4475 ἀχρειώσειεν.»
1265 4406 1367 4457 Τὸν
1400 4405 1454 4457 δὲ
1482 4407 1725 4476 ἀπορρα-

170 4492 315 4558 γέντα
352 4497 440 4551 διὰ
483 4498 582 4565 τῆς
628 4496 928 4567 ἁμαρτίας,
975 4482 1136 4550 πάλιν
1186 4497 1489 4568 προσάπτει
1514 4497 1603 4551 διὰ
1626 4498 1725 4568 τῆς
1761 4511 1802 4564 ι)

172 4589 653 4659 μετανοίας,λέγων·
666 4607 683 4640 ι
699 4589 813 4641 "luat
833 4588 907 4660 μὴ
922 4591 986 4659 τῇ
1008 4588 1367 4659 περισσοτέρᾳ
1380 4587 1522 4659 λύπῃ
1546 4606 1727 4642 κατα-

170 4677 292 4749 ποθῇ
306 4681 332 4732 ὁ
351 4681 607 4745 τοιοῦτος.
637 4702 656 4733 ι
678 4678 863 4744 Οὕτως
881 4677 1020 4734 οἶδεν
1039 4680 1309 4750 εὐκαίρως
1336 4696 1391 4732 τε
1421 4680 1727 4751 ἀπορρῆξαι

168 4766 221 4818 τὸ
240 4772 496 4826 σπιλωθὲν
523 4773 687 4846 μέρος
719 4772 810 4825 τοῦ
844 4771 945 4841 τῆς
994 4769 1319 4841 Ἐκκλησίας
1347 4769 1598 4840 χιτῶνος·
1636 4773 1726 4824 καὶ

170 4860 314 4915 πάλιν
342 4864 611 4935 εὐκαίρως
653 4863 999 4936 προσράψαι,
1024 4854 1147 4916 ὅταν
1190 4862 1276 4915 διὰ
1315 4863 1411 4933 τῆς
1444 4864 1726 4932 μετανοίας

169 4950 391 5024 ὲκπλυθῇ
430 4954 527 5008 τοῦ
564 4953 926 5025 μολύσματος.
961 4953 1069 5007 Καὶ
1118 4952 1283 5005 πολλὰ
1326 4953 1551 5008 τοιαῦτα
1581 4953 1726 5008 ἐστιν

172 5040 302 5108 ἰδεῖν,
332 5043 386 5098 ἔν
418 5063 479 5098 τε
510 5049 623 5109 τοῖς
660 5045 1035 5117 ἀρχαιοτέροις
1069 5043 1176 5097 τῶν
1212 5045 1584 5115 διηγημάτων,
1632 5045 1725 5099 καὶ

170 5130 219 5182 ὲν
252 5134 323 5205 τῷ
352 5136 474 5190 καθ’
504 5139 653 5208 ἡμᾶς
684 5138 803 5209 βίῳ,
836 5140 937 5191 ὅσα
966 5139 1022 5189 ἐν
1056 5140 1176 5199 ταῖς
1215 5136 1559 5206 Ἐκκλησίαις
1584 5139 1726 5189 οίκο-

170 5226 389 5295 νομικῶς
429 5229 778 5284 ἐπιτελεῖται.
809 5228 999 5282 Οἴδατε
1031 5229 1141 5300 γὰρ
1182 5228 1344 5281 τίνων
1377 5227 1725 5299 ἀπορῤηγνύ-

174 5316 296 5381 μεθα
315 5357 328 5377 ,
358 5321 451 5372 καὶ
478 5321 617 5373 τίσιν
657 5322 743 5374 ἀεὶ
773 5318 1256 5390 πῳσραπτὸμεθα.
1292 5318 1403 5388 Τῆς
1436 5319 1540 5389 γὰρ
1576 5318 1725 5387 αἰρέ-

173 5418 294 5469 σεως
316 5408 752 5480 ἀποσχιζόμενοι,
780 5412 848 5481 τῇ
871 5410 1121 5481 εύσεῦείᾳ
1148 5408 1436 5472 διαπαντὸς
1466 5408 1726 5477 ἐνραπτύ-

174 5497 324 5562 μεθα·
356 5501 475 5553 τότε
506 5502 781 5573 ἄρρηκτον
812 5487 1098 5566 βλέποντες
1131 5502 1220 5554 τὸν
1249 5502 1345 5571 τῆς
1400 5500 1725 5569 Ἐκκλησίας

172 5585 382 5656 χιτῶνα,
411 5592 538 5644 ὅταν
567 5592 851 5664 ἀποῤῥαγῇ
882 5593 977 5661 τῆς
1021 5593 1154 5663 πρὸς
1181 5593 1277 5663 τὴν
1301 5593 1510 5662 αἵρεσιν
1538 5610 1724 5645 κοινω-

1821 617 2211 672 contineantur
2246 616 2367 684 ejus
2400 613 2546 683 quod
2597 623 2682 666 est
2735 619 3026 683 potestate.
3103 610 3160 664 Id
3207 620 3388 666 autem

1821 707 1967 778 quod
1986 723 2117 765 vere
2139 714 2244 774 est,
2276 713 2370 759 aut
2405 716 2490 760 est
2518 706 2639 774 ipsa
2670 718 2767 772 per
2807 718 2868 758 se
2912 703 3153 765 bonitas,
3197 710 3292 755 aut
3344 702 3389 756 si

1822 807 2033 853 natura:
2064 798 2118 852 in
2150 811 2312 867 quam
2342 811 2448 850 non
2484 795 2631 848 cadit
2673 795 2931 848 interitus
2962 792 3135 863 magis
3176 791 3391 862 signiﬁ-

1821 891 2061 946 cativum
2079 902 2276 944 nomen
2309 886 2481 957 possit
2502 886 2755 940 inveniri.
2781 882 3255 951 Quemadmodum
3292 897 3401 935 auo

1823 986 1933 1033 tem
1959 978 2107 1032 illius
2127 975 2360 1031 inveniri
2400 982 2586 1045 posset
2615 988 2838 1038 nomen,
2869 973 3016 1043 quod
3049 986 3171 1028 esse
3219 985 3390 1040 supra

1822 1084 2018 1125 nomen
2046 1068 2181 1123 dicit
2220 1066 2403 1121 divina
2427 1082 2529 1120 vox
2556 1063 2800 1136 Apostoli
2820 1064 2906 1117 ιιι
2934 1062 3394 1133 therumquod-

1823 1176 2041 1232 cunque
2066 1161 2347 1215 inventum
2379 1158 2544 1212 fuerit
2586 1158 2800 1211 nomen‘
2826 1155 3110 1226 explicans
3143 1152 3393 1209 ineffabi-

1820 1254 1927 1308 lem
1952 1259 2294 1322 potestatem,
2321 1258 2376 1304 et
2404 1256 2678 1312 naturam,
2705 1249 2907 1301 bonum
2942 1253 3026 1301 est
3049 1245 3276 1301 omnino
3297 1244 3376 1299 si-

1820 1344 2154 1414 gniﬁcatum.
2192 1341 2305 1396 Hoc
2330 1354 2460 1410 ergo
2491 1339 2636 1409 quod
2674 1347 2759 1394 est
2800 1354 2895 1407 per
2929 1354 2988 1394 se
3028 1339 3256 1401 bonum,
3294 1353 3391 1393 seu

1819 1434 1966 1505 quod
1993 1442 2077 1490 est
2109 1448 2275 1503 supra
2322 1433 2546 1497 bonum,
2574 1441 2643 1487 et,
2664 1433 2842 1502 ipsum
2872 1447 2998 1487 vere
3027 1440 3132 1493 est,
3192 1445 3290 1499 per
3325 1445 3385 1484 se

1819 1527 1970 1583 dedit
1990 1537 2045 1581 et
2070 1527 2162 1582 dat
2196 1526 2265 1582 iis
2287 1540 2410 1595 quae
2433 1532 2569 1580 sunt.
2599 1524 2939 1583 facultatem.
2981 1532 3039 1577 ut
3078 1524 3389 1594 gignantur,

1819 1627 1874 1673 et
1903 1628 1961 1674 ut
1983 1626 2337 1689 permaneant
2358 1618 2413 1673 in
2438 1617 2703 1674 essentia.
2723 1614 2999 1686 Quidquid
3027 1622 3209 1670 autem
3236 1626 3389 1669 extra

1821 1710 1999 1780 ipsum
2021 1709 2423 1773 consideratur,
2455 1723 2520 1765 eo
2544 1708 2810 1783 redigitur
2842 1716 2902 1761 ut
2935 1723 3046 1763 non
3096 1707 3389 1779 consistat.

1821 1799 1977 1866 Quod
2001 1802 2146 1857 enim
2171 1809 2256 1856 est
2288 1808 2443 1854 extra
2476 1798 2693 1869 idquod
2725 1808 2831 1862 est,
2865 1812 2976 1853 non
3000 1806 3085 1855 est
3117 1794 3382 1853 essentia.

1822 1891 2089 1957 Quoniam
2108 1907 2254 1963 ergo
2291 1899 2348 1946 ut
2374 1890 2627 1947 cheritati
2661 1889 2958 1945 adversum
3007 1890 3396 1944 consideratur

1822 1983 2016 2038 vitium
2048 2002 2061 2036 :
2096 1983 2239 2040 Deus
2265 1991 2447 2038 autem
2488 1990 2575 2039 est
2617 1981 2864 2054 perfecta
2909 1991 2965 2038 et
3002 1982 3163 2052 plane
3224 1982 3393 2035 abso-

1823 2075 1934 2128 luta
1988 2075 2166 2130 virtus
2196 2094 2208 2128 :
2238 2082 2394 2129 extra
2432 2074 2600 2129 Deum
2649 2089 2782 2144 ergo
2824 2082 2910 2131 est
2965 2074 3174 2137 vitium,
3232 2073 3396 2142 cujus

1824 2174 2023 2222 natura
2050 2182 2159 2221 non
2202 2167 2258 2221 in
2288 2182 2355 2224 eo
2386 2167 2534 2236 quod
2571 2166 2750 2236 ipsum
2782 2167 2876 2231 sit,
2912 2167 3008 2222 sed
3055 2167 3111 2221 in
3140 2181 3208 2222 eo
3243 2166 3391 2237 quod

1822 2261 2025 2314 bonum
2054 2253 2161 2313 non
2190 2258 2283 2325 sit,
2327 2258 2829 2329 comprehenditur.
2878 2257 3013 2313 Nam
3072 2266 3229 2314 extra
3262 2258 3390 2314 boni

1822 2350 2099 2405 notionem
2134 2351 2251 2404 vitii
2280 2365 2477 2405 nomen
2505 2350 2792 2420 posuimus
2829 2350 2940 2406 :ita
2994 2350 3389 2406 consideratur

1823 2442 2014 2496 vitium
2057 2456 2182 2498 esse
2216 2442 2508 2499 adversum
2548 2441 2720 2507 bono,
2772 2450 2834 2497 ut
2860 2443 2914 2498 id
2943 2440 3092 2513 quod
3129 2456 3239 2495 non
3283 2448 3391 2504 est,

1823 2538 1893 2593 ab
1925 2552 1991 2591 eo
2017 2535 2161 2606 quod
2189 2545 2294 2601 est,
2316 2544 2574 2606 tanquam
2608 2534 2660 2590 ei
2682 2531 3390 2603 adversum,distinguitur.

1822 2624 2115 2697 Postquam
2156 2642 2286 2682 vero
2318 2625 2491 2682 libera
2528 2622 2744 2680 arbitrii
2771 2619 2949 2676 nostri
2991 2621 3327 2692 appetitione
3364 2638 3394 2675 a

1825 2723 1967 2776 bono
1994 2720 2332 2787 excidimus;
2387 2717 2665 2790 quomodo
2693 2718 2786 2788 qui
2823 2730 2934 2772 non
2968 2713 3119 2772 sunt‘
3145 2714 3201 2769 in
3249 2714 3391 2773 luce.

1823 2815 2081 2868 dicuntur
2124 2814 2309 2869 videre
2369 2811 2624 2867 tenebras
2653 2832 2666 2868 :
2696 2810 2840 2866 idem
2877 2810 3025 2865 enim
3074 2809 3221 2863 valet
3256 2806 3395 2862 nihil

1826 2905 2029 2967 videre,
2063 2904 2207 2974 quod
2248 2903 2501 2959 tenebras
2528 2901 2716 2956 videre
2747 2919 2760 2954 :
2793 2908 2927 2955 tunc
2960 2912 3086 2969 quae
3115 2913 3228 2953 non
3260 2912 3397 2951 cou-

1826 2996 1972 3053 sistit
1999 2995 2113 3050 vitii
2128 2978 2342 3060 natura,
2363 2995 2420 3049 in
2449 2994 2517 3049 iis
2539 3008 2662 3064 quae
2681 3009 2711 3047 a
2737 2993 2883 3048 bono
2905 2991 3269 3053 deﬂuxerunt,
3305 3006 3398 3044 ac-

1825 3089 1970 3158 cepit
2001 3086 2322 3151 essentiam,
2357 3099 2480 3158 quae
2516 3083 2709 3140 tandiu
2739 3092 2847 3148 est,
2889 3082 3134 3154 quandiu
3169 3097 3272 3136 nos
3301 3094 3399 3135 ex-

1753 3183 1794 3239 C
1828 3188 1913 3235 tra
1943 3180 2147 3235 bonum
2178 3192 2391 3234 sumus.
2427 3176 2485 3232 Si
2545 3182 2727 3231 autem
2764 3183 2955 3230 noster
3006 3187 3204 3228 rursus
3260 3172 3397 3225 liber

1828 3271 2125 3329 voluntatis
2187 3278 2368 3325 motus
2434 3266 2793 3323 abscindatur
2846 3267 2914 3322 ab
2947 3282 3011 3323 ea
3056 3263 3398 3328 habitudine,

1829 3379 1949 3434 quae
1977 3371 2061 3418 est
2102 3361 2181 3415 illi
2228 3375 2353 3415 cum
2402 3374 2469 3415 eo
2500 3359 2650 3429 quod
2685 3372 2795 3413 non
2840 3365 3025 3429 potest
3071 3357 3399 3419 consistere,

1828 3465 2030 3510 etcum
2079 3469 2142 3509 eo
2178 3451 2324 3522 quod
2350 3460 2455 3517 est,
2501 3449 2872 3521 conjungatur
2901 3458 2956 3504 et
2979 3449 3254 3504 coalescat
3289 3466 3302 3502 :
3334 3448 3401 3501 il-

1830 3546 1918 3601 lud
1947 3544 2167 3616 quidem
2201 3542 2346 3613 quod
2388 3552 2474 3599 est
2506 3543 2561 3595 in
2595 3556 2703 3606 me,
2735 3555 3006 3597 esse‘non
3052 3540 3261 3596 habens
3290 3554 3402 3593 am-

1830 3639 1992 3707 plius,
2026 3650 2127 3692 nec
2153 3635 2300 3705 quod
2331 3642 2415 3691 est
2443 3636 2496 3688 in
2529 3647 2613 3688 me
2639 3632 2859 3702 quidem
2890 3632 3113 3687 habebit
3152 3631 3396 3685 omnino.

1829 3728 2028 3782 Malum
2076 3728 2221 3783 enim
2270 3734 2426 3782 extra
2465 3726 2696 3780 liberum
2748 3724 3061 3789 arbitrium,
3116 3723 3171 3776 in
3219 3722 3400 3792 seipse

1828 3836 1935 3876 non
1965 3828 2050 3875 est
2077 3819 2266 3879 situm.
2322 3817 2435 3888 Ego
2461 3826 2643 3872 autem
2698 3831 2823 3871 cum
2859 3817 2908 3871 ei
2955 3814 3100 3885 quod
3148 3830 3279 3870 vere
3313 3824 3399 3869 est

1827 3910 2170 3975 adhaeserim,
2199 3919 2254 3966 et
2291 3922 2377 3964 me
2406 3909 2459 3964 ei
2502 3908 2796 3972 assuerim,
2833 3921 3025 3961 maneo
3061 3905 3116 3959 in
3155 3921 3222 3961 eo
3251 3906 3397 3976 quod

1825 4014 1929 4069 est,
1965 4002 2113 4073 quod
2143 4010 2199 4056 et
2229 4015 2447 4071 semper
2473 4006 2615 4065 erat,
2654 4006 2709 4054 et
2739 4011 2957 4067 semper
2992 3996 3120 4061 erit,
3155 4007 3209 4050 et
3254 4013 3402 4051 nunc

1825 4106 1928 4154 est.
1966 4095 2065 4151 Hic
2088 4095 2223 4149 mihi
2254 4094 2473 4149 videtur
2503 4107 2629 4148 esse
2687 4105 2891 4147 sensus
2943 4090 3065 4159 ejus
3097 4089 3245 4160 quod
3294 4099 3401 4152 est,

1826 4188 2079 4258 Tempus,
2117 4194 2200 4242 est
2241 4183 2553 4255 rumpendi,
2611 4190 2668 4238 et
2698 4192 2916 4253 tempus
2958 4180 3289 4245 consuendi,
3343 4188 3404 4235 ut

1827 4282 1895 4335 ab
1925 4280 2018 4334 illo
2050 4276 2269 4347 abrupti
2300 4277 2390 4331 cui
2424 4275 2564 4330 male
2603 4274 2959 4337 adhaesimus,
3000 4273 3080 4327 illi
3132 4274 3405 4328 adhaerea-

1828 4387 1950 4426 mus
1984 4369 2073 4425 cui
2105 4368 2308 4422 bonum
2338 4376 2426 4422 est
2465 4366 2765 4421 adhazrere.
2812 4386 2831 4413 ι
2864 4364 2994 4420 Mihi
3042 4367 3213 4429 enim,
3249 4385 3267 4417 ι
3317 4367 3405 4419 in-

1831 4464 1971 4533 quit,
2001 4460 2143 4516 «Deo
2168 4460 2448 4513 adhaerere
2481 4457 2683 4512 bonum
2724 4465 2830 4520 est,
2868 4470 3073 4526 ponere
3094 4456 3147 4510 in
3171 4456 3405 4511 Domino

1832 4570 1981 4623 spem
2009 4567 2185 4607 meam
2202 4552 2269 4605 ".
2300 4570 2320 4601 ι
2385 4549 2497 4603 Dici
2533 4556 2768 4619 possunt
2806 4550 2976 4603 multa
3023 4565 3258 4620 quoque
3295 4551 3401 4603 alza

1828 4645 1894 4699 ad
1927 4643 2223 4699 consilium
2260 4640 2499 4694 dandum
2528 4641 2967 4705 accommodata,
2994 4650 3052 4695 ut
3092 4660 3103 4694 :
3149 4660 3167 4692 ι
3200 4640 3405 4697 Tollite

1830 4737 2032 4791 malum
2060 4751 2090 4789 a
2124 4734 2278 4789 vobis
2322 4732 2457 4803 ipsis
2481 4732 2549 4785 ".
2583 4752 2600 4782 ι
2635 4730 2762 4786 Haec
2781 4731 2940 4802 jubet
2989 4732 3214 4789 divinus
3258 4734 3406 4804 Apo-

1827 4828 2024 4892 stolus,
2051 4826 2253 4896 jubens
2275 4840 2423 4889 eum,
2450 4825 2542 4895 qui
2567 4823 2864 4880 damnatus
2895 4836 3013 4880 erat
3044 4824 3243 4879 nefarii
3265 4840 3403 4879 con-

1827 4918 2072 4983 cubitus,
2096 4917 2350 4985 abrumpi
2398 4930 2429 4969 a
2466 4916 2744 4970 communi
2797 4925 3072 4971 conventu
3124 4914 3401 4979 Ecclesiae,

1836 5031 1852 5066 ι
1879 5025 1947 5065 ne
1976 5022 2228 5079 parvum,
2261 5008 2460 5079 inquit,
2507 5005 2841 5062 fermentum
2876 5007 3128 5077 vitiiejus
3159 5008 3255 5077 qui
3286 5006 3405 5060 fue-

1830 5113 1914 5157 rat
1939 5103 2251 5167 damnatus,
2308 5099 2816 5157 ecclesiasticarum
2868 5115 3091 5171 precum
3140 5113 3406 5169 consper-

1830 5196 2040 5251 sionem
2080 5202 2249 5249 totam
2286 5194 2481 5249 reddat
2515 5193 2766 5249 inutilem
2786 5194 2851 5247 ’⁷.
2880 5214 2899 5246 ι
2922 5191 3058 5247 Eum
3089 5199 3271 5247 autem
3308 5190 3401 5260 qui

1830 5302 1927 5358 per
1958 5295 2241 5357 peccatum
2287 5286 2465 5340 fuerat
2497 5286 2779 5356 abreptus,
2830 5298 3025 5339 rursus
3072 5282 3250 5339 assuit
3302 5297 3402 5351 per

1834 5380 2231 5450 paenitentiam,
2284 5378 2474 5435 dicens
2510 5397 2521 5433 :
2563 5397 2581 5430 ι
2609 5376 2688 5433 Ne
2742 5376 2909 5431 nimia
2943 5374 3167 5429 tristitia
3200 5375 3403 5429 absor—

1833 5475 2022 5529 beatur
2050 5473 2097 5530 is
2130 5475 2223 5543 qui
2257 5480 2340 5528 est
2394 5469 2796 5544 hujusmodi".
2826 5486 2844 5519 ι
2903 5467 2977 5521 Ita
3013 5467 3165 5522 novit
3206 5474 3261 5522 et
3311 5480 3403 5535 op-

1833 5579 2064 5641 pou-tunc
2103 5570 2425 5639 abrumpere
2471 5571 2679 5637 partem
2717 5561 3173 5617 commaculatam
3204 5560 3403 5616 tunica:

236 5765 278 5795 “
315 5765 543 5840 Philipp.
579 5787 638 5839 ιι,
672 5777 725 5830 υ.
762 5771 805 5801 ³⁵
848 5768 990 5825 Psal.
1024 5785 1212 5837 sum,
1238 5769 1326 5824 ‘28.
1406 5772 1450 5803 “
1491 5770 1595 5826 lsa.
1629 5786 1666 5836 ι,
1706 5770 1722 5823 l

1864 5769 1907 5800 ’τ
1949 5766 2121 5823 iCor.
2154 5782 2204 5833 ν,
2237 5765 2286 5819 6.
2365 5764 2408 5796 ³⁸
2449 5764 2495 5819 ll
2530 5761 2656 5818 Cor.
2689 5777 2753 5831 ιι,
2784 5759 2834 5816 7.
