3874 6402
426 408 529 464 727

1623 421 1681 478 S.
1715 423 2043 481 GREGORII
2079 428 2371 487 NYSSENI

3578 428 3699 484 728

426 528 775 620 Ecclesiaet
804 548 997 589 rursus
1026 543 1335 603 opportune
1362 550 1611 601 assuere,
1650 540 1876 608 quando
1901 558 1995 610 per

2110 546 2235 611 νίας.
2304 549 2441 601 Ἀλλ’
2491 548 2599 601 εἴτε
2662 549 2804 601 κατὰ
2850 548 2949 620 τὴν
3000 548 3495 620 προεξετασθεῖσαν
3552 550 3697 618 ἡμῖν

366 652 369 657 ι
422 611 802 688 νώηὶιεηιίιιιη
834 623 903 677 ab
932 624 1353 695 inquinamento
1381 625 1540 683 fuerit
1580 630 1789 685 abluta.
1822 630 1992 685 Multa

419 721 601 765 autem
636 712 907 781 ejusmodi
940 715 1068 771 licet
1118 717 1304 773 videre
1332 727 1444 773 tam
1486 720 1545 774 in
1572 723 1815 793 antiquis
1868 739 1994 777 nar-

420 802 746 869 rationibus,
783 821 947 876 quam
974 808 1030 862 in
1058 808 1162 862 hac
1204 818 1390 865 nostra
1420 812 1552 875 vita,
1596 820 1723 883 quae
1765 830 1993 870 oecono-

417 892 557 948 mice
586 893 724 949 [inut
759 897 815 951 in
858 890 1131 954 ecclesiis.
1188 900 1356 957 Scitis
1386 902 1532 958 enim
1568 919 1598 957 a
1655 906 1855 974 quibus
1897 906 1992 961 ab-

419 985 561 1054 rupti
600 1001 814 1056 sumus,
843 999 896 1044 et
925 990 1127 1061 quibus
1156 994 1454 1048 assuimur.
1480 996 1724 1052 Abscissi
1757 998 1902 1053 enim
1927 998 1996 1052 ab

419 1074 639 1141 haeresi,
671 1078 864 1147 pietati
898 1095 965 1134 ac
1007 1097 1150 1136 verae
1196 1084 1450 1154 religioni
1492 1096 1762 1157 perpetuo
1813 1089 1994 1143 insui-

2101 636 2334 707 θεωρίαν
2365 638 2645 708 φιλοσοφεῖ
2675 640 2804 711 περὶ
2842 640 2950 692 τῶν
2984 639 3152 694 ὄντων
3180 642 3209 693 6
3237 640 3401 708 λόγος
3419 679 3434 702 ,
3477 638 3590 692 εἴτε
3614 640 3699 694 τὰ

2100 725 2324 779 τοιαῦτα
2369 726 2456 779 διὰ
2497 729 2595 799 τῆς
2642 728 2951 799 συμὸουλῆς
2989 728 3193 797 ταύτης
3229 728 3507 792 παιδεύει,
3542 726 3698 780 κατὰ

2101 816 2278 870 πάντα
2298 816 2360 869 τὸ
2380 817 2655 886 ὲπωφελές
2675 834 2733 870 τε
2758 819 2851 871 καὶ
2870 819 3140 889 χρήσιμον
3165 819 3412 891 περιέχει
3435 818 3470 886 ἡ
3499 816 3695 887 ῥῆσις,

2101 906 2161 958 ὲν
2192 906 2370 978 καιρῷ
2415 924 2474 961 τε
2514 908 2907 980 ἀπορρηγνῦσα
2936 902 3012 962 ὧν
3054 910 3267 981 πονηρὰ
3309 912 3344 981 ἡ
3381 909 3694 977 συνάφεια,

2102 1000 2198 1051 καὶ
2249 1000 2389 1053 κατά
2434 1001 2626 1073 καιρὸν
2678 1002 2837 1055 πάλιν
2882 1002 3224 1056 συνάπτουσα
3266 996 3340 1056 ὧν
3387 1001 3697 1073 ὲπωφελής

2100 1089 2250 1143 ἐστιν
2282 1093 2316 1163 ἡ
2343 1092 2555 1156 ἓνωσις.

418 1183 542 1222 mur
579 1189 591 1224 :
635 1178 765 1227 tunc
791 1173 1071 1231 intuentes
1106 1175 1393 1234 infractam
1440 1180 1698 1238 Ecclesia:
1749 1183 2025 1251 tunicam,
2069 1185 2290 1254 quando
2339 1201 2370 1242 a
2408 1189 2798 1245 communione
2836 1204 2960 1244 cum
2986 1178 3179 1245 haresi
3207 1189 3370 1245 fuerit
3398 1187 3695 1259 quispiam

416 1261 705 1332 abruptus.
750 1263 856 1320 Sed
914 1267 1031 1322 sive
1061 1270 1453 1325 convenienter
1504 1276 1983 1346 contemplationi,
2025 1292 2148 1347 qua:
2173 1279 2330 1347 prius
2360 1294 2390 1332 a
2454 1281 2616 1336 nobis
2680 1281 2782 1336 fuit
2814 1282 3148 1345 examinata.
3178 1281 3246 1337 de
3280 1282 3347 1336 iis
3376 1297 3506 1351 qua:
3556 1290 3697 1335 sunt

418 1356 472 1408 id
511 1357 657 1425 quod
689 1356 899 1412 dictum
949 1367 1035 1414 est
1073 1360 1539 1433 philosophatur:
1572 1368 1688 1421 sive
1724 1370 1854 1426 dato
1909 1371 2145 1427 consilio
2211 1371 2279 1427 de
2343 1372 2429 1429 his
2473 1375 2680 1439 erudit,
2715 1375 2942 1429 omnino
2988 1374 3237 1430 continet
3284 1382 3588 1429 contextus
3636 1374 3696 1427 id

418 1448 567 1515 quod
603 1456 689 1504 est
717 1451 1091 1545 conducibile,
1133 1462 1193 1508 ut
1230 1455 1324 1523 qui
1364 1464 1419 1510 et
1453 1457 1506 1510 in
1555 1466 1802 1530 tempore
1851 1478 1915 1518 ea
1972 1464 2280 1536 abrumpat,
2316 1482 2552 1539 quorum
2586 1468 2726 1523 mala
2765 1475 2851 1524 est
2878 1469 3210 1533 commistio,
3256 1476 3311 1523 et
3338 1467 3394 1545 in
3428 1476 3699 1537 tempore

422 1554 616 1595 rursus
648 1541 949 1613 coniungat
976 1559 1040 1600 ea
1080 1560 1316 1615 quorum
1348 1548 1498 1604 utilis
1520 1557 1604 1604 est
1643 1553 1794 1606 nnio.

490 1631 604 1687 Nos
631 1643 812 1690 autem
866 1651 1158 1707 pergamus
1212 1639 1283 1693 ad
1326 1656 1391 1696 ea
1430 1657 1553 1710 qua:
1598 1643 1860 1716 deinceps
1898 1663 1988 1703 sc-
2025 1656 2067 1709 Β

420 1732 669 1793 quuntur
695 1726 750 1780 in
784 1736 1067 1793 contextu.
1100 1745 1197 1801 per
1229 1746 1353 1800 qua:
1407 1733 1539 1787 mihi
1568 1734 1786 1789 videtur
1820 1738 1999 1792 oratio

422 1832 519 1885 per
550 1817 927 1874 sublimiorem
954 1822 1303 1877 considerata
1346 1823 1779 1895 philosophiam,
1824 1828 1997 1897 majo-

424 1923 537 1962 tem
597 1923 722 1962 cum
780 1910 970 1967 verbis
1025 1911 1230 1967 habere
1295 1916 1758 1971 convenientiam.
1819 1913 2002 1971 Priori

418 2001 567 2055 enim
596 2001 718 2056 loco
740 2004 1071 2059 collocatum
1105 2014 1191 2060 est
1227 2014 1444 2078 tempus
1489 2008 1733 2074 tacendi,
1783 2017 1840 2065 et
1878 2017 2002 2077 post

419 2093 703 2149 silentium
736 2094 888 2150 dedit
928 2104 1150 2166 tempus
1179 2096 1461 2168 loquendi.
1508 2098 1745 2164 Quando
1774 2115 1908 2170 ergo
1941 2108 1998 2155 et

417 2187 487 2240 de
520 2185 856 2255 quibusnam
899 2196 986 2242 est
1014 2188 1211 2242 melius
1239 2190 1459 2243 tacere?
1484 2188 1692 2246 Dixerit
1726 2192 2002 2261 quispiam

417 2293 481 2330 cx
517 2276 590 2330 iis
618 2276 712 2347 qui
748 2277 817 2331 ad
842 2293 1024 2334 mores
1050 2278 1358 2349 aspiciunt,
1394 2295 1538 2349 saepe
1573 2281 1850 2336 silentium
1880 2298 2004 2339 esse

419 2370 706 2425 decentius
736 2384 1014 2434 sermone,
1047 2379 1107 2425 ut
1144 2372 1420 2441 quomodo
1472 2373 1744 2428 discernit
1797 2372 2003 2430 Paulus

419 2465 891 2543 opportunitatem
941 2466 1146 2522 silentii
1200 2476 1254 2522 et
1306 2469 1605 2533 sermonis,
1699 2469 2002 2539 aliquando

420 2556 646 2624 quidem
681 2556 987 2614 decernens
1028 2567 1211 2614 tacere
1248 2575 1262 2612 :
1296 2560 1595 2629 aliquando
1639 2569 1824 2615 autem
1880 2578 2005 2631 per-

423 2649 649 2704 mittens
685 2649 854 2719 loqui.
887 2669 904 2701 ι
932 2650 1126 2705 Omnis
1151 2666 1336 2706 sermo
1376 2652 1554 2708 malus
1585 2668 1647 2707 ev
1685 2669 1781 2707 ore
1811 2662 2003 2708 vestro

421 2754 531 2793 non
562 2740 874 2809 prodeat".
902 2761 919 2793 ι
961 2739 1088 2797 Ιίεεο
1144 2750 1230 2798 est
1255 2742 1341 2797 lex
1371 2742 1600 2797 silentii.
1655 2744 1764 2799 Sed
1793 2744 1838 2799 si
1876 2744 2003 2809 quis

424 2832 496 2885 sit
517 2832 694 2888 bonus
753 2836 820 2887 ad
875 2833 1298 2889 aediﬁcationem
1340 2833 1487 2899 ﬁdei,
1534 2843 1593 2888 ut
1639 2834 1729 2890 det
1768 2836 1999 2903 gratiam

426 2924 778 2981 audientibus
807 2942 820 2977 :
858 2926 968 2981 hoc
1000 2934 1086 2981 est
1122 2936 1335 2996 tempus
1370 2927 1653 2997 loquendi.
1697 2948 1715 2979 ι
1745 2926 2001 2983 Mulieres

2177 1649 2369 1720 Ἡμεῖς
2393 1649 2450 1703 δὲ
2483 1647 2619 1717 πρὸς
2644 1647 2712 1700 τὰ
2745 1645 2946 1716 ἑφεξῆς
2985 1643 3079 1698 τοῦ
3106 1643 3265 1713 λόγου
3299 1639 3692 1713 προέλθωμεν,

2098 1737 2166 1791 δι’
2199 1733 2259 1792 οὐ
2292 1755 2381 1809 μοι
2410 1737 2556 1791 δοκεῖ
2587 1735 2786 1808 μᾶλλον
2812 1736 2840 1787 6
2867 1734 3008 1787 κατὰ
3034 1733 3131 1805 τὴν
3162 1729 3497 1804 ὑψηλοτέραν
3532 1730 3696 1800 φιλο-

2102 1829 2292 1900 σοφίαν
2340 1829 2639 1902 θεωρηθεὶς
2675 1828 2832 1897 λόγος
2876 1824 3201 1889 οἱκειώσεως
3240 1822 3375 1895 πρός
3406 1823 3465 1874 τὸ
3516 1822 3698 1893 ῥητὸν

2101 1921 2268 1992 ἔχειν.
2295 1920 2669 1991 Προτέτακται
2694 1918 2803 1990 γὰρ
2828 1920 2855 1970 ό
2874 1916 2968 1970 τοῦ
2999 1917 3157 1987 σιγᾷν
3178 1914 3382 1986 καιρὸς,
3411 1914 3512 1967 καὶ
3544 1913 3699 1983 μετὰ

2101 2013 2200 2084 τὴν
2240 2011 2395 2083 σιγὴν
2437 2011 2605 2064 ἔδωκε
2638 2010 2729 2063 τὸν
2774 2007 2869 2072 τοῦ
2912 2008 3091 2075 λέγειν
3126 2005 3334 2076 καιρόν.
3371 2003 3514 2057 Πότε
3553 1999 3695 2065 οὖν,

2103 2107 2196 2160 καὶ
2243 2106 2372 2175 περὶ
2423 2104 2584 2157 τίνων
2627 2102 2688 2155 τὸ
2721 2104 2878 2172 σιγᾷν
2929 2102 3075 2153 ἐστιν
3114 2098 3365 2167 άμεινον;
3403 2096 3556 2148 εἴποι
3609 2111 3698 2157 τις

2097 2198 2208 2253 τῶν
2255 2197 2390 2268 πρὸς
2432 2197 2494 2249 τὸ
2525 2192 2655 2267 ἦθος
2694 2194 3001 2266 βλεπόντων
3044 2190 3286 2261 πολλαχῆ
3314 2188 3410 2258 τὴν
3460 2188 3696 2259 σιωπὴν

2100 2287 2608 2361 εὐσχημονεστέραν
2656 2280 2793 2337 εἶναι
2836 2283 2931 2337 τοῦ
2964 2282 3154 2351 λόγου,
3197 2274 3307 2333 οἷον
3343 2276 3530 2340 καθὼς
3566 2277 3696 2331 διει-

2101 2380 2275 2452 κρίνει
2302 2380 2401 2450 τῆς
2430 2376 2638 2446 σιωπῆς
2669 2392 2727 2428 τε
2761 2375 2854 2428 καὶ
2882 2372 2977 2426 τοῦ
3004 2371 3165 2440 λόγου
3197 2371 3296 2440 τὴν
3328 2368 3628 2439 εὐκαιρίαν
3665 2370 3695 2421 6

2102 2471 2334 2534 Παῦλος,
2378 2468 2508 2523 ποτὲ
2544 2468 2643 2538 μὲν
2672 2463 2978 2535 νομοθετῶν
3006 2464 3067 2516 τὸ
3100 2463 3276 2533 σιγᾷν,
3307 2460 3434 2515 ποτὲ
3465 2461 3524 2513 δὲ
3560 2461 3693 2513 ἑπι-

2099 2560 2315 2631 τρέπων
2344 2558 2405 2611 τὸ
2435 2556 2633 2625 λέγειν·
2674 2556 2837 2635 tua;
2883 2553 3041 2622 λόγος
3073 2552 3279 2624 σαπρὸς
3316 2553 3378 2604 ὲκ
3416 2549 3513 2603 τοῦ
3561 2550 3695 2603 στό-

2105 2668 2272 2724 ματος
2303 2649 2458 2721 ὑμῶν
2497 2649 2571 2720 μὴ
2602 2645 3004 2718 ἐκπορευέσθω.
3032 2664 3051 2697 ι
3091 2637 3258 2707 Οὗτος
3295 2643 3501 2712 σιωπῆς
3533 2643 3567 2695 6
3596 2642 3692 2695 νό-

2105 2757 2231 2814 μος⁸
2269 2742 2384 2797 ἀλλ’
2411 2741 2464 2794 εἴ
2480 2758 2562 2805 τις
2590 2738 2792 2809 ἀγαθὸς
2821 2738 2957 2807 πρὸς
2981 2737 3264 2807 οἰκοδομὴν
3286 2735 3383 2806 τῆς
3413 2734 3693 2799 πίστεως,

2102 2836 2187 2890 ἵνα
2228 2833 2304 2906 δῷ
2337 2834 2496 2905 χάριν
2533 2826 2645 2896 τοῖς
2680 2830 2969 2885 ἁκούουσιν
2990 2868 3004 2891 ,
3032 2823 3185 2891 οὗτος
3206 2827 3302 2881 τοῦ
3338 2827 3517 2895 λέγειν
3555 2845 3689 2880 και-

2104 2927 2213 3002 ρός·
2253 2946 2270 2978 ι
2300 2927 2365 2979 Ai
2398 2927 2653 2994 γυναῖκες
2689 2926 2746 2976 ὲν
2780 2925 2899 2986 ταῖς
2933 2920 3250 2991 ἐκκλησίαις
3280 2916 3596 2986 σιγάτωσαν
3618 2935 3635 2948 ο
3664 2935 3688 2971 ι

424 3022 645 3067 taceant
674 3015 727 3067 in
760 3016 1013 3071 ecclesiis
1033 3017 1100 3070 ³⁰.
1125 3035 1145 3068 ι
1208 3015 1434 3071 ιὶιιτειις»
1483 3018 1635 3071 dedit
1681 3027 1901 3087 tempus
1928 3018 2004 3071 si-

2110 3017 2269 3072 πάλιν
2291 3015 2458 3070 ἔδωκε
2487 3017 2554 3087 τῇ
2590 3015 2714 3085 σιγῇ
2742 3012 2835 3066 τὸν
2861 3011 3069 3084 καιρόν.
3106 3029 3125 3061 ι
3147 3010 3209 3062 Ei
3229 3008 3356 3062 δέτι
3383 3006 3694 3079 μανθάνειν

428 3104 617 3158 lentio.
657 3124 674 3156 ι
708 3104 764 3159 Si
795 3106 928 3173 quid
970 3117 1151 3161 autem
1203 3107 1397 3161 volunt
1448 3107 1662 3162 discere
1689 3123 1757 3162 ex
1787 3109 1855 3162 iis
1879 3123 2005 3177 quae

427 3193 705 3259 nesciunt,
737 3192 883 3247 domi
918 3195 1147 3249 maritos
1174 3211 1307 3251 suos
1339 3196 1681 3266 interrogent
1709 3197 1776 3250 “.
1804 3216 1824 3249 ι
1859 3194 2005 3251 Rur-

427 3303 523 3343 sus
585 3286 834 3342 ostendit
897 3288 1367 3357 opportunitatem
1398 3289 1718 3359 ,sermonis.
1777 3288 2007 3345 «Nolite

435 3380 656 3432 mentiri
694 3380 837 3433 inter
866 3395 965 3434 vos
998 3379 1232 3434 invicem
1256 3379 1322 3434 ³³.
1361 3399 1379 3432 ι
1412 3379 1539 3435 Haec
1567 3396 1789 3451 quoque
1810 3393 1895 3436 est
1928 3382 2007 3437 si-

430 3470 580 3525 lentii
645 3472 1052 3538 opportunitas.
1111 3468 1441 3540 «Loquatur
1494 3473 1777 3526 veritatem
1830 3486 2008 3527 unus-

427 3561 661 3629 quisque
692 3575 815 3614 cum
853 3562 1107 3631 proximo
1135 3577 1237 3616 suo
1258 3562 1324 3614 ³³.
1350 3582 1367 3612 ι
1434 3561 1652 3617 Rursus
1711 3562 1873 3618 datur
1911 3578 2007 3633 po.

431 3660 602 3706 testas
663 3653 941 3721 loquendi.
993 3652 1160 3707 Multa
1212 3653 1380 3709 etiam
1443 3654 1760 3725 hujusmodi
1820 3654 2004 3710 aﬂ'erri

430 3750 663 3810 possunt
701 3759 765 3824 ex
791 3743 958 3799 veteri
986 3742 1289 3812 Scriptura.
1328 3764 1347 3796 ι
1377 3744 1514 3800 Dum
1535 3745 1864 3801 consisteret
1885 3761 2009 3815 pec-

429 3843 585 3887 cator
613 3834 903 3889 adrersum
941 3851 1047 3900 the,
1094 3836 1383 3898 obsurdui.
1418 3845 1473 3892 et
1506 3837 1829 3892 humiliatus
1857 3852 2004 3901 sum,

427 3936 481 3979 et
515 3927 641 3981 silui
676 3941 706 3979 a
744 3927 902 3981 bonis
923 3928 991 3992 ”,
1036 3937 1092 3982 et
1124 3936 1384 3997 tanquam
1430 3927 1634 3984 surdus
1674 3943 1783 3983 non
1813 3927 2009 3984 audie—

432 4021 576 4083 |.am,
607 4029 662 4074 et
698 4029 959 4087 tanquam
985 4027 1169 4074 mutus
1201 4036 1307 4072 non
1337 4020 1589 4088 aperiens
1608 4035 1673 4075 os
1704 4036 1864 4075 suum
1889 4021 1956 4075 ³⁸.
1984 4038 2003 4069 ι

432 4111 617 4165 Mutus
680 4112 736 4165 lit
775 4113 868 4181 qui
922 4113 988 4165 ad
1032 4110 1319 4165 referenda
1354 4114 1495 4164 mala
1544 4122 1630 4166 est
1681 4111 2006 4177 immobilis;

432 4205 487 4255 in
518 4204 723 4270 quibus
761 4211 942 4256 autem
982 4201 1246 4257 utendum
1281 4210 1364 4256 est
1407 4216 1681 4264 sermone,
1734 4202 1912 4271 aperit
1953 4203 2011 4256 in

2106 3109 2346 3163 θέλουσιν
2378 3101 2453 3160 ὧν
2498 3105 2813 3175 ἀγνοοῦσιν,
2863 3105 2919 3158 ὲν
2952 3103 3083 3173 οἴκῳ
3113 3101 3241 3162 τοὺς
3278 3100 3437 3169 ἰδίους
3479 3100 3692 3170 ἄνδρας

2106 3203 2536 3287 ξπερωτάτωσαν
2554 3215 2566 3227 ·
2585 3219 2603 3251 ι
2633 3198 2794 3253 πάλιν
2814 3194 3054 3262 ἐπέδειξε
3076 3193 3170 3246 τοῦ
3192 3192 3351 3261 λόγου
3372 3193 3470 3261 τὴν
3493 3190 3691 3243 εὐκαι-

2108 3282 2251 3365 ρίαν.
2276 3308 2292 3338 ι
2310 3289 2402 3359 Μὴ
2425 3288 2687 3359 ψεύδεσθε
2719 3288 2797 3352 είς
2834 3286 3124 3355 ἀλλήλους·
3155 3304 3174 3337 ι
3194 3286 3290 3338 καί
3309 3282 3448 3351 αῦτη
3468 3282 3689 3351 σιωπῆς

2105 3383 2354 3454 εὐκαιρία
2388 3401 2406 3433 ι
2431 3379 2675 3437 Λαλείτω
2699 3376 2956 3446 ἀλήθειαν
2989 3375 3217 3438 ἕκαστος
3251 3372 3391 3445 μετὰ
3416 3371 3509 3427 τοῦ
3542 3373 3688 3444 πλη-

2109 3481 2221 3534 σίον
2254 3477 2441 3533 αὐτοῦ·
2474 3497 2492 3529 ι
2532 3475 2693 3529 πάλιν
2718 3473 2753 3543 ἡ
2782 3469 2997 3536 ἐξουσία
3025 3467 3117 3521 τοῦ
3143 3466 3324 3536 λόγου.
3366 3465 3477 3517 Καὶ
3510 3464 3690 3517 πολλὰ

2104 3571 2328 3627 τοιαῦτα
2372 3570 2520 3623 ἔστιν
2559 3568 2734 3620 εἰπεῖν
2770 3565 2865 3618 καὶ
2915 3565 2981 3616 ὲκ
3015 3561 3114 3632 τῆς
3146 3556 3505 3630 ἀρχαιοτέρας
3540 3556 3690 3626 Γρα-

2107 3664 2213 3736 φῆς
2231 3680 2245 3693 ·
2278 3681 2297 3714 ι
2329 3662 2416 3714 Ἑν
2436 3658 2513 3729 τῷ
2532 3656 2791 3725 συστῆναι
2813 3654 2902 3708 τὸν
2924 3650 3247 3722 ἁμαρτωλὸν
3278 3647 3519 3703 ἐναντίον
3554 3663 3686 3715 μου,

2109 3753 2428 3824 ὲκωφὼθην,
2454 3751 2550 3806 καὶ
2575 3745 2966 3816 ἐταπεινώθην,
2992 3743 3085 3798 καὶ
3105 3742 3335 3811 ὲσίγησα
3357 3738 3416 3803 ἐξ
3436 3737 3685 3806 ἀγαθῶν,

2111 3849 2200 3902 καὶ
2232 3844 2364 3899 ὡσεὶ
2406 3842 2587 3910 κωφὸς
2635 3840 2735 3893 οὐκ
2781 3839 3008 3908 ἢκουον,
3055 3834 3148 3887 καὶ
3197 3831 3328 3885 ὼσελ⁵
3358 3830 3555 3892 άλαλος
3585 3830 3688 3881 οὐκ

2109 3939 2341 4007 ἀνοίγων
2364 3937 2424 3989 τὸ
2446 3934 2617 4004 στόμα
2639 3928 2825 3984 αὐτοῦ.
2850 3928 3127 3996 »Ἄρρωνος
3147 3924 3353 3995 γίνεται
3371 3923 3401 3976 6
3428 3921 3562 3993 πρὸς
3588 3923 3688 3990 τὴν

2111 4030 2375 4086 ἀντίδοσιν
2402 4025 2495 4079 τοῦ
2523 4021 2694 4077 κακοῦ
2728 4020 2902 4093 μένων
2927 4018 3179 4087 ἀκίνητος
3199 4033 3212 4046 ο
3241 4017 3298 4067 ὲν
3326 4008 3408 4077 οἷς
3428 4012 3487 4065 δὲ
3521 4028 3689 4083 προσ-

2113 4122 2235 4191 ήκει
2259 4117 2335 4189 τῷ
2370 4116 2513 4186 λόγῳ
2546 4111 2882 4185 χρήσασθαι,
2918 4108 3123 4176 ἀνοίγει
3166 4109 3221 4158 ἐν
3260 4103 3602 4175 παραϐολαῖς
3629 4102 3690 4155 τὸ

2115 4213 2323 4282 στόμα,
2358 4208 2655 4278 φθέγγεται
2705 4203 3100 4276 προϐλήματα.
3153 4198 3352 4269 πληροῖ
3402 4197 3462 4250 τὸ
3514 4196 3691 4265 στόμα

436 4293 715 4364 parabolis
744 4309 808 4350 os
831 4309 1016 4359 suum,
1049 4294 1295 4363 loquitur
1338 4295 1771 4364 propositiones,
1819 4295 2010 4365 implet

2115 4304 2393 4365 αἰνέσεως,
2422 4298 2666 4368 κάλαμον
2701 4295 2846 4347 ποιεῖ
2878 4294 2975 4364 τὴν
2996 4290 3265 4360 γλῶσσαν.
3306 4286 3467 4339 Ἀλλὰ
3495 4286 3552 4339 τί
3585 4284 3691 4356 χρὴ

436 4403 497 4442 os
527 4402 686 4443 suum
723 4386 902 4448 laude,
938 4387 1178 4456 linguam
1211 4402 1367 4440 suam
1402 4387 1532 4441 facit
1564 4387 1865 4441 calamum.
1903 4385 2010 4441 Sed

434 4497 560 4535 cum
623 4480 736 4534 sint
792 4479 1220 4536 innumerabilia
1269 4495 1391 4548 qua:
1448 4480 1502 4533 in
1556 4478 1844 4548 Scriptura
1885 4487 2016 4535 sunt

432 4574 705 4643 exempla,
766 4572 897 4643 quid
931 4588 1072 4642 opus
1102 4582 1187 4628 est
1231 4573 1508 4629 subtiliter
1542 4587 1707 4642 agere
1751 4572 1806 4626 in
1839 4572 1908 4626 iis
1948 4571 2015 4625 de

426 4665 640 4734 quibus
661 4663 913 4720 constat?
936 4663 1089 4729 Quod
1123 4672 1304 4719 autem
1335 4671 1462 4719 ante
1482 4663 1586 4719 hcc
1619 4664 1752 4717 mihi
1778 4663 2016 4732 primum
2076 4710 2081 4717 .

438 4759 491 4810 in
525 4772 588 4811 os
622 4756 789 4819 venit,
826 4764 1013 4824 utpote
1044 4755 1190 4825 quod
1233 4753 1450 4809 tacendi
1500 4766 1555 4810 et
1607 4754 1866 4824 loquendi
1913 4768 2016 4824 op-

441 4846 752 4917 portunitas
779 4848 1073 4902 conveniat
1108 4846 1583 4915 contemplationi,
1620 4862 1740 4915 qua:
1771 4845 1899 4899 data
1933 4851 2019 4899 est

439 4941 507 4995 de
536 4947 763 5009 ruptura
789 4947 843 4993 et
869 4946 1087 5000 sutura,
1140 4937 1197 4991 id
1252 4935 1377 4991 volo
1428 4950 1624 4991 rursus
1669 4946 1923 5000 sumere,
1966 4938 2023 4988 et

440 5032 633 5101 paucis
663 5031 868 5086 dicere.
898 5028 1036 5085 Nam
1071 5036 1127 5083 et
1163 5026 1277 5081 illic
1303 5042 1428 5081 cum
1457 5041 1580 5096 qua:
1616 5025 1757 5080 male
1796 5034 2022 5080 contra-

443 5126 525 5179 rio
555 5122 889 5185 adhaeserat,
922 5120 1159 5173 animam
1191 5118 1529 5188 abripuisset
1575 5117 1775 5180 oratio,
1802 5117 1868 5170 ad
1901 5117 2023 5184 ejus

439 5218 584 5284 qnol
620 5230 748 5270 vere
773 5223 858 5269 est
893 5211 1151 5265 unionem
1193 5224 1314 5265 eam
1345 5209 1572 5265 deduxit
1611 5225 1707 5277 per
1742 5205 2019 5263 adhaesio—

443 5322 587 5369 nam,
638 5303 783 5374 quod
818 5303 1040 5370 quidem
1097 5300 1406 5355 orationem
1445 5298 1706 5353 excedit:
1740 5313 1863 5366 qua:
1901 5296 2024 5366 qui—

444 5396 565 5449 dem
594 5397 737 5450 dicta
771 5402 901 5449 sunt
930 5394 983 5448 in
1018 5392 1106 5448 his
1154 5407 1277 5462 qum
1320 5391 1652 5459 prtecedunt.
1705 5388 1805 5443 llic
1841 5399 2022 5442 autem

451 5493 738 5555 propterea
782 5486 915 5540 mihi
947 5485 1170 5539 videtur
1222 5483 1392 5553 priori
1441 5483 1564 5536 loco
1614 5482 1855 5549 positum
1897 5496 2026 5536 esse

438 5580 657 5647 tacere,
698 5578 840 5647 quod
878 5577 1011 5632 illud
1048 5576 1194 5646 quod
1241 5589 1405 5629 ornne
1441 5588 1643 5628 nomen
1696 5581 1924 5642 superat
1970 5583 2026 5627 et

531 5740 575 5770 ³³
615 5741 812 5809 Ephes.
845 5766 915 5803 Iv.
949 5750 1039 5802 29.
1117 5753 1161 5783 ³ο
1205 5751 1379 5803 ICor.
1419 5749 1642 5816 x1v,54.
1718 5749 1758 5779 ³⁸
1803 5747 2098 5813 Cul.tlt,9.

463 5824 668 5874 nun,
702 5816 779 5871 ιι.
856 5819 900 5848 ³⁵
942 5818 1086 5872 Psal.
1124 5836 1326 5883 txxvu,
1351 5818 1441 5870 ει.

2119 4394 2326 4468 μυρίων
2383 4391 2552 4443 ὄντων
2595 4389 2653 4440 ὲν
2711 4387 2780 4456 τῇ
2834 4384 3022 4455 Γραφῇ
3072 4381 3183 4433 τῶν
3232 4378 3684 4468 ὑποδειγμάτων,

2115 4466 2466 4554 λεπτουργεῖν
2489 4480 2547 4532 ὲν
2578 4479 2690 4540 τοῖς
2712 4472 3163 4546 ὁμολογουμένοις
3195 4469 3285 4522 τὸν
3307 4468 3499 4536 λόγον;
3534 4470 3600 4520 ’0
3638 4466 3692 4519 δέ

2120 4585 2212 4646 μοι
2236 4573 2342 4644 πρὸ
2363 4570 2565 4625 τούτων
2595 4568 2687 4621 ἐπὶ
2705 4566 2827 4620 νοῦν
2859 4560 3041 4635 ἦλθεν,
3075 4562 3152 4625 ὡς
3176 4578 3241 4616 συ
3250 4558 3576 4634 μφωνούσης
3597 4559 3692 4628 τῆς

2117 4663 2246 4733 περὶ
2278 4660 2370 4714 τοῦ
2405 4660 2562 4729 σιγᾷν
2597 4656 2693 4711 καὶ
2735 4655 2917 4708 λαλεῖν
2946 4650 3229 4722 εὐκαιρίας
3276 4652 3342 4722 τῇ
3369 4648 3696 4719 ἀποδοθείσῃ

2119 4772 2187 4809 πε
2197 4755 2248 4825 ρί
2271 4751 2365 4806 τοῦ
2396 4753 2675 4823 ρήγματος
2695 4748 2790 4800 καὶ
2812 4747 2910 4817 τῆς
2930 4744 3105 4818 ραφῆς
3128 4742 3351 4815 θεωρίᾳ,
3381 4739 3548 4794 τοῦτο
3575 4738 3695 4810 βού-

2119 4847 2284 4918 λομαι
2308 4843 2471 4899 πάλιν
2508 4837 2860 4895 ὲπαναλαὸὼν
2879 4878 2894 4904 ,
2920 4838 2988 4891 δι’
3009 4836 3202 4905 ὀλίγων
3225 4836 3420 4888 εἰπεῖν.
3459 4834 3608 4886 Ἐκεῖ
3635 4849 3693 4885 τε

2120 4938 2231 5009 γάρ
2251 4936 2350 5008 τὴν
2371 4934 2555 4997 κακῶς
2578 4931 2656 5003 τῷ
2681 4931 2909 5001 ἐναντίῳ
2936 4930 3303 5000 προσφυεῖσαν
3326 4925 3505 4995 ψυχὴν
3534 4925 3696 4994 ἁττορ-

2124 5029 2292 5100 ρήξας
2329 5028 2356 5079 6
2384 5027 2539 5096 λόγος
2569 5027 2645 5089 εἰς
2674 5025 2866 5077 ἕνωσιν
2907 5022 3083 5093 ήγαγε
3116 5018 3209 5072 τοῦ
3236 5018 3404 5081 ὅντως
3430 5017 3586 5081 ὄντος
3614 5018 3698 5071 διὰ

2121 5122 2220 5191 τῆς
2242 5117 2712 5190 προσκολλήσεως,
2739 5115 2875 5182 ὅπερ
2906 5113 3045 5183 ὑπὲρ
3073 5110 3229 5179 λόγον
3254 5111 3421 5172 ἐστὶν,
3449 5108 3486 5163 ἃ
3509 5111 3539 5163 ὁ
3571 5126 3697 5179 προο

2122 5208 2300 5263 λαϐὼν
2318 5208 2569 5261 ἀπέδωκε
2596 5206 2772 5275 λόγος.
2791 5202 3054 5257 Ἑνταῦθά
3076 5219 3133 5254 τε
3155 5202 3241 5255 διὰ
3256 5200 3411 5254 τοῦτό
3442 5217 3535 5270 μοι
3557 5201 3697 5253 δοκεῖ

2122 5300 2185 5351 τὸ
2216 5299 2374 5368 σιγᾷν
2407 5294 2798 5370 προτετάχθαι·
2830 5290 2972 5344 τοῦτ’
3004 5289 3120 5342 ἐστι
3157 5288 3291 5341 διότι
3332 5287 3390 5339 τὸ
3419 5286 3564 5355 ὑπὲρ
3594 5286 3694 5337 πᾶν

2126 5391 2300 5441 ἐκεῖνο
2329 5370 2507 5457 νόημά
2543 5401 2602 5437 τε
2635 5384 2730 5437 καὶ
2755 5382 2954 5451 ὄνομα,
2991 5380 3019 5433 ὃ
3065 5381 3095 5449 ἡ
3125 5377 3218 5431 τοῦ
3254 5376 3420 5431 κακοῦ
3451 5377 3693 5448 ἀπορρα-

2124 5480 2282 5544 γεῖσα
2312 5475 2458 5545 ψυχὴ
2488 5473 2584 5527 καὶ
2615 5470 2771 5542 ζητεῖ
2796 5467 3086 5531 διαπαντὸς
3104 5506 3118 5529 ,
3163 5465 3259 5518 καὶ¹
3292 5463 3595 5534 ὲνραφῆναι
3625 5460 3694 5530 τῷ

2126 5569 2402 5640 εὑρεθέντι
2431 5567 2661 5636 ἐφίεται,
2696 5563 2854 5617 τοῦτο
2881 5562 3060 5630 πάσης
3088 5554 3487 5629 ἑρμηνευτικῆς
3519 5551 3693 5623 φωνῆς

3470 5733 3512 5763 ³⁵
3554 5730 3686 5786 Paul.

2180 5748 2220 5779 ³⁸
2265 5743 2673 5817 Ephes.tv,?.5.
2753 5743 2797 5773 ³³
2837 5739 2981 5796 l’sal.
3013 5752 3243 5801 suun,
3281 5735 3393 5792 1-5.
