3874 6354
194 426 289 481 7'29

1197 415 1266 472 IN
1306 411 1845 473 ECCLESIASTEN.
1885 409 2167 467 HOMIIJA
2208 410 2317 465 VII.

3334 399 3433 453 ’ῖἾο

194 540 328 590 ἐστιν
366 531 713 605 ὑψηλότερον.
763 531 942 604 Ὅπερ
974 533 1004 585 ὁ
1042 530 1362 601 φιλονεικῶν
1392 531 1496 585 ὑπὸ
1528 530 1630 601 τὴν
1656 529 1753 585 τοῦ

1866 528 2270 600 cogitationem,
2304 523 2450 595 quod
2476 538 2506 576 a
2548 535 2695 579 maio
2722 521 2959 590 abrupta
2983 519 3167 573 anima
3197 527 3253 574 et
3282 534 3432 588 qna:-

196 628 341 694 λόγου
388 623 661 694 σημασίαν
717 621 1026 686 καθέλκειν,
1106 622 1358 676 λανθάνει
1415 621 1753 692 πλημμελῶν

195 715 340 781 εἰςτὸ
361 714 533 767 Θεῖον.
574 712 649 766 Τὸ
672 712 782 789 γάρ
814 712 955 782 ὑπὲρ
986 714 1096 766 πᾶν
1120 707 1261 767 εἷναι
1291 712 1752 782 πεπιστευμένον,

196 810 282 863 καὶ
312 807 450 877 ὑπὲρ
492 805 648 875 λόγον
681 806 894 870 πάντως
941 806 1111 860 ἐστίν.
1165 806 1225 859 '0
1255 805 1313 859 δὲ
1358 806 1501 875 λόγῳ
1529 805 1753 875 διαλαμ-

196 902 367 955 ϐάνειν
395 899 688 970 ἐπιχειρῶν
725 899 785 952 τὸ
808 898 1080 969 ἀόριστον,
1110 898 1293 951 οὐκέτι
1320 898 1503 951 δίδωσι
1531 898 1595 951 τὸ
1616 897 1756 968 ὑπὲρ

198 991 297 1042 πᾶν
319 984 456 1040 εἶναι
493 990 667 1041 ἐκεῖνο
694 986 723 1039 ὃ
747 985 1055 1054 ἀντεξάγει,
1089 985 1184 1038 τὸν
1224 985 1353 1039 ῐδιον
1391 985 1549 1053 λόγον
1582 984 1759 1038 τοιοῦ-

198 1080 280 1131 τόν
322 1095 374 1135 τι
413 1079 508 1131 καὶ⁸
546 1079 800 1131 τοσοῦτον
836 1072 971 1130 εἶναι
1022 1078 1270 1147 οἰόμενος
1289 1117 1305 1141 ,
1345 1072 1456 1131 οἷον
1495 1076 1591 1131 καὶ
1634 1077 1759 1130 ὅσον

197 1171 357 1221 εἰπεῖν
388 1171 418 1222 ὁ
445 1168 598 1237 λόγος
623 1168 923 1238 ἐχώρησεν,
959 1167 1061 1220 οὐκ
1080 1166 1237 1229 εἰδὼς
1254 1168 1337 1221 ὃτι
1367 1168 1425 1219 ὲν
1448 1167 1528 1237 τῷ
1564 1168 1759 1220 πεπεῖ-

201 1260 313 1314 σθαι
339 1261 475 1331 ὑπὲρ
504 1260 705 1328 γνῶσιν
731 1255 868 1312 εἶναι
905 1259 967 1312 τὸ
997 1260 1170 1323 Θεῖον,
1188 1260 1246 1312 ἐν
1271 1258 1447 1329 τούτῳ
1473 1260 1506 1329 ἠ
1530 1258 1756 1328 θεοπρε-

201 1354 300 1419 πὴς
334 1353 454 1422 περὶ
489 1350 582 1403 τοῦ
610 1350 778 1413 ὅντως
825 1350 974 1413 ὄντος
1009 1349 1337 1419 φυλάσσεται
1381 1349 1559 1403 ἔννοια
1579 1365 1593 1379 °
1627 1349 1759 1403 διότι

202 1446 303 1497 πᾶν
333 1444 391 1505 τὸ
414 1446 471 1495 ἐν
496 1447 565 1514 τῇ
597 1444 771 1496 κτίσει
803 1442 883 1506 ὃν,
916 1442 1050 1514 πρὸς
1078 1443 1140 1495 τὸ
1170 1442 1427 1510 συγγενὲς
1453 1443 1518 1495 ὲκ
1544 1440 1760 1510 φύσεως

202 1532 394 1602 βλέπει.
432 1534 540 1586 Καὶ
565 1531 714 1584 οὐδὲν
739 1530 847 1585 τῶν
872 1531 1043 1584 ὅντων
1065 1531 1125 1594 ἐξ
1157 1530 1353 1584 ἑαυτοῦ
1379 1531 1668 1600 γενόμενον
1703 1531 1761 1583 ὲν

198 1625 270 1696 τῷ
299 1621 433 1679 εἶναι
478 1624 651 1696 μένει.
697 1626 770 1678 Ui»
816 1624 929 1695 πῦρ
973 1627 1034 1677 ἐν
1073 1623 1259 1687 ὕδατι,
1293 1624 1391 1677 οὐκ
1429 1624 1487 1677 ἐν
1517 1623 1653 1693 πυρὶ
1697 1621 1762 1676 τὸ

201 1717 353 1788 ὕδωρ,
381 1718 479 1771 οὐκ
508 1720 568 1770 ἐν
593 1715 671 1787 τῷ
698 1716 844 1787 βυθῷ
872 1717 931 1769 τὸ
961 1717 1232 1786 χερσαῖον,
1273 1716 1373 1769 οὐκ
1400 1717 1459 1768 ἐν
1483 1718 1549 1785 τῇ
1584 1716 1762 1786 χέρσῳ

198 1807 255 1859 τὸ
283 1808 517 1879 ἔνυδρον,
548 1808 649 1861 οὐκ
680 1810 736 1859 ὲν
763 1807 887 1878 ἀέρι
921 1806 982 1860 τὸ
1010 1807 1243 1875 ἔγγειον,
1269 1806 1369 1859 οὐκ
1399 1807 1459 1859 ἐν
1491 1809 1561 1877 γῇ
1598 1805 1762 1860 πάλιν

200 1898 254 1951 τὸ
278 1899 540 1970 ἐναέριον·
582 1898 697 1951 ἀλλ’
729 1900 787 1952 ἐν
811 1902 923 1960 τοῖς
953 1898 1105 1960 ἰδίοις
1144 1897 1374 1950 ἕκαστον
1417 1898 1575 1967 μένον
1611 1897 1758 1966 ὅροις

198 1990 287 2061 τῆς
314 1989 554 2059 φύσεως,
592 1990 697 2053 ἕως
723 1991 846 2042 τότε
879 1990 1047 2051 ἐστιν,
1077 1985 1183 2052 ἕως
1212 1988 1277 2041 ἂν
1305 1988 1412 2041 τῶν
1440 1988 1584 2043 ἰδίων
1617 1990 1759 2059 ὅρων

200 2081 339 2143 ἐντὸς
369 2081 522 2151 μένῃ.
557 2081 617 2133 Εἰ
644 2080 701 2132 δὲ
730 2080 834 2144 ἔξω
861 2079 1057 2133 ἑαυτοῦ
1087 2078 1320 2147 γένοιτο,
1353 2078 1511 2143 ἐκτὸς
1539 2081 1633 2133 καὶ
1664 2078 1758 2133 τοῦ

200 2167 323 2224 εἰναι
351 2174 670 2241 γενήσεται·
717 2170 812 2224 καὶ
845 2169 1035 2240 ὥσπερ
1066 2168 1173 2222 τῶν
1202 2167 1572 2240 αἰσθητηρίων
1605 2170 1639 2241 ἡ
1671 2170 1761 2224 δύ-

198 2280 377 2333 ναμις,
424 2265 545 2325 ταῖς
594 2262 731 2316 κατὰ
767 2261 928 2331 φύσιν
976 2262 1278 2332 ἐνεργείαις
1332 2262 1758 2334 παραμένουσα,

204 2352 484 2422 μεταϐῆναι
522 2351 660 2422 πρὸς
687 2352 786 2423 τὴν
816 2351 1222 2423 παρακειμένην
1242 2352 1304 2405 οὐ
1335 2352 1578 2407 δύναται.
1621 2352 1760 2407 Οῠτε

201 2441 299 2513 γάρ
325 2441 598 2512 ὀφθαλμὸς
638 2441 709 2494 τά
739 2444 835 2513 τῆς
864 2443 1035 2513 ἀκοῆς
1082 2446 1419 2514 ἐνεργεῖται,
1464 2443 1590 2497 οὔτε
1624 2444 1762 2516 ἀκοὴ

201 2534 425 2600 γεύεται,
452 2532 579 2586 οὔτε
601 2532 712 2604 ἀρὴ
741 2533 1067 2602 διαλέγεται,
1102 2532 1227 2587 οὔτε
1252 2535 1286 2604 ἡ
1316 2533 1538 2602 γλῶσσα
1565 2535 1634 2588 τά
1663 2538 1762 2606 τῆς

202 2626 362 2694 ὅψεως
402 2625 435 2697 ἢ
475 2626 546 2679 τά
579 2626 679 2694 τῆς
708 2627 880 2697 ἀκοῆς
921 2628 1165 2699 ἐνεργεῖ,
1216 2626 1332 2679 ἀλλ’
1363 2627 1594 2690 ἕκαστος
1637 2628 1762 2698 ὅρον

202 2713 303 2783 εχει
328 2713 422 2783 τῆς
451 2713 587 2777 ἰδίας
622 2713 935 2783 δυνάμεως,
965 2713 1062 2783 τὴν
1089 2713 1233 2767 κατὰ
1257 2714 1416 2782 φύσιν
1444 2715 1722 2786 ἐνέργειαν
1744 2730 1759 2743 '

202 2804 329 2859 οὕτω
352 2806 442 2859 καὶ
470 2807 624 2858 πᾶσα
650 2806 684 2875 η
715 2804 890 2868 κτίσις
922 2805 1027 2871 ἔξω
1056 2805 1257 2875 ἑαυτῆς
1275 2804 1526 2873 γενέσθαι
1560 2806 1648 2860 διὰ
1664 2808 1764 2877 τῆς

204 2898 596 2969 ηταληπτικῆς
619 2896 850 2969 θεωρίας
872 2897 932 2949 οὐ
961 2896 1207 2955 δύναται,
1229 2896 1345 2949 ἀλλ’
1371 2897 1429 2949 ὲν
1451 2897 1587 2968 αὐτῇ
1616 2898 1764 2968 μένει

200 2991 304 3055 ἀεὶ,
338 2992 427 3045 καὶ
465 2993 605 3061 ὅπερ
650 2991 715 3043 ἂν
751 2990 864 3062 ἴδῃ,
909 2989 1109 3060 ἑαυτὴν
1149 2989 1370 3059 βλέπει,
1406 2988 1508 3043 κᾶν
1553 2989 1762 3061 οἰηθείη

200 3098 246 3133 τι
279 3082 410 3153 ὑπὲρ
430 3083 632 3153 ἑαυτὴν
657 3081 895 3151 βλέπειν,
926 3080 986 3133 τὸ
1040 3080 1197 3145 ἐκτὸς
1221 3083 1421 3152 ἑαυτῆς
1448 3082 1610 3151 φύσιν
1638 3083 1765 3136 ἰδεῖν

202 3172 290 3225 οὐκ
322 3173 459 3243 ἔχει·
497 3168 612 3227 οἷον
653 3173 752 3242 τὴν
790 3174 1223 3245 διαστηματικὴν
1246 3174 1454 3228 ἔννοιαν
1481 3175 1538 3228 ἐν
1567 3178 1631 3245 τῇ
1656 3174 1765 3228 τῶν

201 3262 352 3316 ὄντων
394 3264 600 3337 θεωρία
628 3264 918 3335 παρελθεῖν
960 3264 1225 3334 βιάζεται,
1254 3265 1368 3318 ἀλλ’
1401 3266 1461 3318 οὐ
1498 3266 1765 3337 παρέρχε-

199 3371 299 3409 ται.
328 3358 490 3411 ΙΙαντὶ
532 3358 644 3428 γὰρ
683 3356 764 3427 τῷ
807 3358 1183 3429 εὑρισκομένῳ
1210 3360 1442 3428 νοήματι
1474 3358 1768 3430 συνθεωρεί

200 3444 399 3508 πάντως
426 3445 486 3499 τὸ
531 3445 1195 3516 ωγκαταλαμὸανόμενον
1237 3449 1304 3517 τῇ
1349 3446 1642 3499 ὑποστάσει
1674 3447 1765 3501 τοῦ

199 3539 467 3607 νοουμένου
505 3539 787 3609 διάστημα
810 3555 824 3568 ·
863 3538 924 3590 τὸ
960 3538 1016 3590 δὲ
1047 3537 1322 3609 διάστημα
1365 3539 1519 3591 οὐδὲν
1556 3538 1703 3606 ἄλλο,
1730 3538 1765 3610 ἢ

200 3627 360 3691 κτίσις
400 3630 548 3682 ἐστίν
610 3630 820 3682 Ἐκεῖνο
864 3629 921 3681 δὲ
960 3629 1020 3681 τὺ
1049 3628 1253 3696 ἀγαθὸν
1274 3670 1288 3690 .
1312 3629 1342 3681 δ
1364 3628 1547 3699 ζητεῖν
1584 3647 1644 3682 τε
1671 3629 1768 3683 καὶ

200 3718 471 3783 φυλάσσειν
510 3720 808 3790 ἐμάθομεν,
841 3720 952 3774 ἄνω
988 3719 1047 3771 ὃν
1076 3720 1174 3789 τῆς
1206 3720 1434 3781 κτίσεως
1458 3761 1473 3786 ,
1505 3719 1617 3773 ἄνω
1648 3720 1766 3773 ἐστὶ

200 3810 556 3880 καταλήῴως.
573 3811 638 3863 'II
655 3811 762 3881 γὰρ
781 3811 1024 3881 ἡμετέρα
1043 3811 1252 3864 διάνοια
1268 3813 1334 3880 τῇ
1363 3810 1552 3880 διαστη
1561 3813 1763 3882 ματικῇ

199 3903 482 3970 παρατάσει
518 3901 889 3955 ὲνδιοδεύουσα
908 3941 923 3966 ,
954 3901 1069 3963 πῶς
1096 3901 1162 3954 ἂν
1190 3901 1470 3972 καταλάϐῃ
1492 3902 1592 3971 τὴν
1615 3900 1766 3955 ἀδιά-

201 4004 375 4049 (Tum
391 3993 554 4063 φύσιν
567 3993 652 4046 διὰ
667 3992 761 4045 τοῦ
779 3992 973 4063 χρόνου
992 3993 1248 4045 ἀνάλυσιν
1265 3993 1350 4044 ἀεὶ
1363 3992 1762 4063 διερευνωμένη

198 4082 258 4135 τὰ
279 4084 383 4137 τῶν
416 4086 822 4157 εὑρισκομένων
848 4084 1189 4155 πρεσϐύτερα
1213 4101 1227 4149 ;
1260 4085 1370 4137 Καὶ
1389 4082 1458 4137 τὰ
1485 4084 1583 4155 μὲν
1605 4101 1768 4152 γινω-

201 4177 420 4246 σκόμενα
432 4180 630 4241 πάντα,
645 4176 733 4230 διὰ
747 4177 847 4247 τῆς
868 4176 1399 4247 πολυπραγμοσύνης
1419 4177 1666 4248 παρέδρα
1674 4194 1763 4248 με,

198 4266 286 4337 τὴν
310 4269 363 4322 δὲ
390 4269 484 4322 τοῦ
506 4269 703 4332 αίῶνος
726 4269 930 4321 ἔννοιαν
960 4268 1358 4338 παραδραμεῖν,
1385 4267 1643 4338 οὐδεμίαν
1670 4285 1769 4338 μη-

200 4359 353 4430 χανὴν
388 4360 720 4433 ἐξευρίσκει,
746 4362 893 4424 ὅπως
927 4360 993 4413 ἂν
1017 4359 1122 4425 ἕξω
1150 4361 1350 4431 ἑαυτὴν
1381 4363 1595 4431 στήσειε
1616 4401 1630 4423 ,
1670 4359 1766 4412 καὶ

201 4451 443 4525 ὑπερθείη
461 4453 553 4507 τοῦ
573 4451 1054 4523 προθεωρουμένου
1067 4452 1174 4504 τῶν
1187 4451 1355 4504 ὄντων
1368 4453 1462 4503 καὶ
1485 4450 1652 4505 αὑτοῦ
1669 4451 1765 4505 τοῦ

1857 621 1930 674 rit
1983 626 2274 688 perpetuo,
2327 624 2382 671 et
2423 614 2709 670 desiderat
2745 613 2894 666 insui
2930 612 2980 665 ei
3027 610 3173 680 quod
3210 618 3297 664 est
3344 611 3433 664 I15.-

1855 720 2106 775 ventum,
2146 710 2201 765 id
2236 717 2323 765 est
2355 709 2523 762 altius
2545 721 2710 777 quam
2768 713 2829 759 ut
2855 705 2967 759 ulla
2999 720 3104 758 vox
3154 704 3209 758 id
3257 705 3432 773 possit

1859 802 2237 874 interpretari.
2289 800 2447 868 Quod
2507 800 2730 869 quidem
2787 797 2881 868 qui
2926 795 3217 851 contendit
3250 795 3433 849 detra-

1859 894 1991 950 here
2020 893 2087 949 ad
2119 893 2401 949 sermonis
2433 889 2922 961 signiﬁcationem,
2945 886 3275 957 imprudens
3299 900 3432 955 pec-

1858 993 1949 1040 cat
1971 987 2027 1040 in
2061 986 2253 1040 Deum.
2303 981 2464 1049 Quod
2492 982 2638 1037 enim
2676 981 2951 1036 creditum
2987 987 3075 1034 est
3105 992 3228 1032 esse
3264 990 3432 1046 supra

1859 1078 2206 1142 universum,
2269 1077 2499 1132 omnino
2550 1082 2638 1130 est
2681 1073 2845 1126 etiam
2886 1087 3056 1142 supra
3095 1072 3428 1125 orationem.

1858 1170 1966 1236 Qui
2016 1178 2201 1223 autem
2262 1164 2737 1236 comprehendere
2783 1172 3024 1218 conatur
3082 1162 3333 1216 oratione
3376 1161 3431 1214 id

1860 1260 2012 1332 quod
2046 1260 2218 1315 nullis
2260 1259 2461 1313 tinibus
2506 1264 2688 1327 potest
2732 1254 3142 1316 circumscribi,
3188 1270 3297 1308 non
3325 1254 3436 1307 uti-

1859 1367 1970 1422 que
2017 1350 2275 1407 concedit
2336 1363 2507 1418 supra
2546 1348 2870 1403 universum
2924 1361 3050 1401 esse
3106 1346 3241 1401 illud
3286 1345 3433 1414 quod

1859 1452 2063 1498 contra
2093 1441 2338 1507 adducit,
2376 1447 2437 1495 ut
2477 1441 2574 1510 qui
2608 1454 2764 1496 suam
2812 1439 3124 1494 orationem
3172 1438 3333 1491 talem
3379 1446 3433 1492 et

1861 1540 2070 1589 tantam
2092 1549 2216 1589 esse
2245 1540 2418 1602 putet,
2452 1532 2673 1603 qualem
2698 1538 2754 1586 ct
2775 1537 3037 1601 quantam
3073 1529 3438 1599 comprehen-

1860 1625 1943 1679 dit
1970 1625 2168 1689 oratio,
2200 1624 2458 1679 ncsciens
2489 1624 2637 1693 quod
2681 1624 2737 1677 in
2772 1637 2839 1677 eo
2868 1622 3017 1692 quod
3049 1620 3436 1682 sitcreditum,

1863 1715 2035 1773 Deum
2066 1732 2193 1773 esse
2233 1731 2399 1786 supra
2449 1714 2849 1786 cognitionem,
2908 1715 2963 1767 in
2998 1728 3063 1767 eo
3105 1727 3228 1783 qua:
3267 1711 3439 1765 Deum

1862 1806 2040 1871 decet,
2075 1803 2568 1876 comprehenditur
2611 1803 2735 1872 ejus
2773 1802 2922 1872 quod
2960 1817 3089 1856 vere
3123 1808 3210 1855 est
3236 1800 3390 1854 notio
3422 1817 3437 1853 :

1864 1900 2128 1969 quoniam
2169 1896 2436 1968 quidquid
2468 1906 2556 1952 est
2596 1898 2651 1951 in
2679 1904 2958 1955 creatura,
2994 1894 3243 1947 intuetur
3272 1891 3338 1946 ad
3386 1890 3440 1945 id

1864 1988 2013 2060 quod
2046 1996 2134 2044 est
2168 1996 2465 2057 cognatum
2494 2001 2525 2040 a
2559 1994 2782 2041 natura.
2813 1984 3005 2053 Neque
3036 1983 3341 2053 quidquam
3374 1995 3439 2034 ex

1865 2082 1935 2137 iis
1969 2096 2094 2151 quae
2123 2090 2271 2143 sunt,
2307 2094 2373 2134 ex
2406 2094 2467 2134 se
2500 2083 2903 2144 ortum,manet
2934 2077 2992 2130 in
3023 2074 3288 2130 essentia.
3320 2071 3441 2127 Non

1866 2172 2011 2244 ignis
2039 2173 2094 2227 in
2133 2187 2298 2242 aqua,
2328 2185 2436 2225 non
2464 2184 2605 2241 aqua
2636 2170 2690 2223 in
2719 2170 2868 2239 igne,
2928 2184 3038 2222 non
3076 2169 3130 2221 in
3166 2166 3443 2238 profundo

1868 2272 2172 2330 terrenum,
2200 2277 2310 2317 non
2353 2244 2601 2316 interra
2630 2274 2896 2329 aqueum,
2931 2274 3041 2313 non
3075 2259 3129 2311 in
3161 2273 3290 2311 aere
3329 2265 3443 2310 tero

1872 2370 2089 2417 renum,
2128 2368 2239 2418 non
2272 2355 2326 2408 in
2362 2361 2510 2408 terra
2560 2367 2760 2407 rursus
2806 2353 3057 2406 aerium:
3098 2351 3192 2406 sed
3244 2365 3444 2404 unum-

1867 2452 2126 2518 quodque
2183 2462 2415 2501 manens
2473 2446 2528 2499 in
2598 2444 2840 2516 propriis
2898 2452 3115 2499 naturas
3164 2441 3442 2507 terminis,

1870 2538 2061 2592 tandiu
2086 2546 2193 2599 est.
2234 2535 2482 2607 quandiu
2511 2544 2597 2591 est
2626 2536 2771 2589 intra
2798 2551 2930 2592 suos
2962 2534 3251 2590 terminos.
3285 2532 3444 2598 Quod

1870 2630 1918 2685 si
1946 2637 2101 2685 extra
2144 2644 2205 2684 se
2240 2627 2432 2692 fuerit,
2459 2630 2563 2684 erit
2611 2629 2779 2683 etiam
2824 2634 2980 2681 extra
3021 2625 3346 2685 essentiam,
3391 2630 3448 2677 et

1867 2721 2150 2790 quomodo
2207 2720 2487 2774 sentiendi
2550 2720 3050 2774 instrumentorum
3107 2717 3213 2776 vis.
3271 2715 3327 2769 in
3362 2716 3446 2779 _iis

1870 2828 2101 2868 manens
2133 2812 2556 2883 operationibus
2587 2826 2710 2881 quae
2745 2818 2876 2866 sunt
2926 2808 3231 2865 secundum
3278 2816 3439 2861 natu-

1868 2923 2010 2974 ram,
2045 2921 2154 2960 non
2200 2913 2382 2974 potest
2416 2904 2657 2958 transire
2709 2902 2776 2957 ad
2824 2917 2946 2955 eam
2972 2916 3115 2971 .quae
3155 2909 3239 2954 est
3280 2912 3449 2969 prope

1871 2997 1999 3054 sita.
2062 2995 2253 3065 Neque
2307 2997 2455 3050 enim
2492 2995 2690 3050 oculus
2739 3001 3006 3063 operatur
3038 3007 3100 3047 ea
3147 3007 3271 3061 qua:
3318 2998 3449 3044 sunt

1872 3087 2117 3150 auditus,
2146 3103 2324 3165 neque
2351 3087 2505 3141 auris
2531 3093 2738 3156 gustat,
2772 3100 2951 3154 neque
2974 3091 3155 3138 tactus
3183 3083 3450 3152 loquitur,

1872 3195 2051 3250 neque
2084 3180 2271 3250 lingua
2303 3194 2366 3234 ea
2393 3179 2505 3249 agit
2533 3193 2657 3246 quae
2692 3187 2823 3232 sunt
2863 3177 3015 3232 visus
3051 3184 3145 3231 aut
3196 3176 3446 3237 auditus.

1868 3269 1964 3326 sed
2003 3268 2436 3338 unumquodque
2463 3268 2625 3321 habet
2659 3270 2957 3321 terminum
2987 3282 3102 3320 suae
3138 3264 3444 3327 facultatis,

1866 3374 2063 3429 nempe
2097 3374 2217 3413 eam
2247 3359 2627 3428 operationem
2664 3374 2787 3428 qua:
2820 3369 2905 3412 est
2940 3358 3245 3412 secundum
3286 3367 3450 3409 natu-

1866 3466 2009 3505 ram.
2065 3450 2145 3503 Ita
2176 3450 2343 3504 etiam
2380 3450 2564 3505 omnis
2597 3458 2853 3505 creatura
2898 3458 3057 3504 extra
3085 3465 3145 3505 se
3181 3464 3307 3505 esse
3343 3464 3451 3502 non

1867 3548 2048 3611 potest
2080 3555 2186 3611 per
2232 3541 2729 3610 comprehendendi
2764 3541 3310 3610 contemplationem,
3357 3542 3449 3595 sed

1865 3630 1922 3684 in
1945 3629 2133 3700 seipsa
2149 3643 2366 3699 semper
2381 3637 2650 3694 manet,et
2670 3629 2939 3701 quidquid
2963 3631 3179 3691 viderit,
3213 3630 3450 3699 seipsam

1868 3721 2138 3784 intuetur,
2173 3730 2229 3775 et
2260 3723 2305 3777 si
2333 3720 2740 3778 existimaverit
2765 3738 2825 3777 se
2855 3722 3065 3791 aliquid
3097 3722 3284 3776 videre
3306 3722 3451 3791 quod

1867 3814 1942 3869 sit
1964 3827 2134 3882 supra
2172 3828 2255 3879 se,
2289 3827 2397 3866 non
2434 3820 2608 3867 estea
2646 3822 2843 3867 natura
2873 3822 2929 3867 ut
2956 3813 3136 3868 videat
3175 3822 3333 3869 extra
3367 3828 3450 3873 se.

1869 3914 1929 3959 ut
1956 3905 2108 3959 verbi
2146 3921 2333 3968 causa,
2364 3905 2639 3961 intervalli
2680 3916 2735 3959 et
2784 3907 2950 3976 spatii
3006 3907 3063 3959 in
3100 3917 3281 3961 mente
3322 3921 3455 3959 con-

1868 3996 2177 4066 eeptionetn
2214 3996 2269 4049 in
2320 4011 2516 4075 eorum
2549 4012 2672 4065 quae
2723 4005 2855 4052 sunt
2896 3996 3369 4066 contemplatione
3403 3997 3452 4050 vi

1868 4097 2103 4142 conatur
2129 4088 2464 4157 transgredi,
2526 4088 2620 4142 sed
2670 4104 2778 4141 non
2833 4088 3263 4157 transgreditur.
3321 4088 3453 4141 Nam

1869 4195 1995 4234 cum
2024 4180 2175 4235 omni
2195 4193 2316 4248 quae
2343 4179 2618 4233 invenitur
2646 4180 2853 4235 mentis
2887 4179 3271 4248 conceptione,
3293 4179 3454 4232 simul

1868 4273 2096 4327 omnino
2122 4271 2851 4338 consideratintervallum,
2893 4272 3038 4342 quod
3090 4272 3253 4327 simul
3305 4285 3455 4324 com-

1871 4363 2234 4435 prehenditur
2256 4370 2382 4416 cum
2425 4364 2737 4417 substantia
2768 4362 2895 4433 ejus
2928 4362 3075 4433 quod
3112 4372 3296 4417 mente
3316 4377 3457 4415 con-

1870 4454 2095 4524 cipitur.
2144 4451 2495 4507 Intervallum
2524 4462 2706 4506 autem
2764 4454 2900 4506 nihil
2953 4452 3103 4505 aliud
3151 4460 3234 4506 est
3288 4466 3454 4520 quam

200 4544 405 4608 αἰῶνος·
440 4545 555 4598 ἀλλ’
586 4544 776 4616 ὥσπερ
821 4544 912 4598 ἐπί
959 4560 1105 4607 τινος
1137 4542 1382 4613 εὑρεθεὶς
1434 4545 1763 4615 ἀκρωρείας.

1871 4552 2147 4598 creatura.
2172 4540 2309 4596 Illud
2335 4552 2520 4596 autem
2555 4543 2761 4596 bonum
2788 4543 2934 4612 quod
2966 4542 3263 4597 didicimus
3302 4558 3452 4612 qua:-

209 4634 536 4691 ’Υποκείσθω
567 4640 622 4692 δὲ
652 4638 829 4708 πέτρα
871 4654 955 4700 τις
994 4633 1134 4690 εἶναι
1172 4636 1291 4688 λεία
1338 4638 1432 4690 καί⁵
1472 4638 1765 4709 ἀπότομος,

201 4724 427 4780 κάτωθεν
459 4728 517 4779 ἐν
545 4726 761 4796 ἐρυθρῷ
804 4726 884 4795 τῷ
929 4726 1190 4796 σχήματι,
1227 4726 1307 4788 εἰς
1339 4727 1565 4799 ἄπειρον
1597 4728 1769 4799 μῆκος

202 4820 635 4890 κατατεινομένη,
669 4819 765 4871 καὶ
794 4817 999 4872 ἄνωθεν
1041 4818 1134 4870 ἐπὶ
1166 4816 1230 4870 τὸ
1272 4816 1404 4887 ὕψος
1451 4819 1550 4889 τὴν
1593 4819 1771 4890 ἄκραν

202 4908 402 4981 ἐκείνην
434 4913 706 4986 ἀνέχουσα
726 4954 741 4975 ,
769 4912 866 4982 τὴν
895 4914 953 4964 ἐν
983 4914 1048 4982 τῇ
1076 4910 1313 4982 προδολῇ
1338 4912 1439 4981 τῆς
1461 4912 1660 4983 ὀφρύος
1689 4914 1770 4976 εἷς

200 5013 247 5048 τι
268 4997 420 5066 βάθος
440 5004 637 5071 ἀχανὲς
655 5002 1121 5055 καταπίπτουσαν·
1141 5004 1278 5073 ὅπερ
1296 4998 1390 5056 οὖν
1411 5003 1557 5067 εἰκὸς
1579 5004 1770 5058 παθεῖν

200 5088 282 5140 τὸν
311 5092 461 5162 ἄκρῳ
491 5093 569 5163 τῷ
597 5093 720 5146 ποδὶ
744 5093 845 5163 τῆς
875 5094 1230 5165 ἐπινευούσης
1262 5094 1340 5165 τῷ
1381 5094 1533 5164 βάθει
1575 5097 1770 5166 ῥαχίας

202 5177 538 5249 ἑπιψαύοντα,
561 5185 656 5238 καὶ
673 5184 927 5254 οὐδεμίαν
954 5184 1033 5236 ἔτι
1053 5183 1175 5237 οὔτε
1198 5184 1273 5253 τῷ
1296 5184 1419 5238 ποδὶ
1445 5186 1620 5255 βάσιν,
1645 5186 1769 5240 οὔτε

202 5272 260 5339 τῇ
287 5275 443 5344 ιχειρί
489 5275 710 5345 ἁντίκλη
762 5276 1162 5346 ἐξευρίσκοντσ..
1225 5273 1396 5329 Τοῦτό
1450 5293 1538 5346 μοι
1591 5278 1684 5330 καὶ
1735 5279 1769 5347 ἡ

203 5355 335 5429 ψυχὴ
364 5362 708 5431 παρελθοῦσα
733 5364 796 5416 τὸ
825 5366 882 5416 ἐν
905 5367 1015 5426 τοῖς
1040 5364 1489 5435 διαστηματικοῖς
1517 5365 1768 5436 βάσιμον,

204 5446 256 5497 ἐν
293 5453 355 5521 τῇ
388 5450 613 5525 ζητήσει
657 5455 761 5523 τῆς
813 5454 1140 5526 προαιωνίου
1190 5472 1250 5507 τε
1302 5456 1397 5508 καὶ
1445 5456 1769 5511 ἀδιαστάτου

207 5540 402 5607 φύσεως
439 5547 658 5617 πάσχει,
704 5549 803 5600 οὐκ
844 5547 1040 5617 ἔχουσα
1073 5548 1101 5600 ὃ
1134 5546 1545 5619 περιδράξηται,
1585 5550 1647 5601 οὐ
1684 5550 1769 5602 τὸ·

208 5644 317 5694 πον,
342 5635 402 5686 οὑ
435 5639 647 5707 χρόνον,
674 5640 737 5692 οὐ
770 5638 987 5710 μέτρον,
1017 5639 1116 5692 οὐκ
1149 5639 1276 5692 ἄλλο
1319 5657 1369 5691 τι
1408 5640 1647 5692 τοιοῦτον
1677 5642 1768 5693 οὐ-

208 5718 317 5785 δὲν,
349 5726 407 5779 οὐ
456 5727 665 5800 δέχεται
712 5731 811 5800 τῆς
865 5731 1104 5794 διανοίας
1132 5730 1289 5802 ἡμῶν
1343 5730 1440 5803 τὴν
1490 5732 1765 5785 ἐπίϐασινα

213 5809 334 5867 am
360 5820 684 5891 πανταχόθεν
713 5822 820 5876 τῶν
849 5822 1103 5895 ἀλήπτων
1129 5822 1606 5891 άπολισθαίνουσα,
1642 5824 1764 5893 ἰλιγ-

1870 4649 1991 4689 rere
2028 4641 2081 4688 et
2120 4632 2421 4697 custodire,
2476 4648 2599 4687 cum
2660 4634 2732 4689 sit
2780 4650 2947 4702 supra
2998 4642 3327 4697 creaturam,
3372 4641 3457 4688 est

1870 4739 2036 4795 supra
2113 4723 2683 4793 comprehensionem.
2762 4722 2961 4779 Nosn'a
3022 4723 3167 4778 enim
3241 4723 3451 4793 cogita-

1871 4816 1969 4882 lii),
2014 4831 2138 4886 qum
2184 4816 2491 4870 intervallis
2529 4814 2866 4884 disjunctam
2922 4814 3228 4884 ingreditur
3266 4821 3458 4867 exten-

1870 4906 2107 4968 sionem,
2130 4904 2427 4974 ’quomodo
2465 4919 2561 4974 per
2597 4911 2814 4973 tempus
2839 4903 3269 4973 comprehendet
3298 4910 3458 4955 natu-

1871 4978 2190 5066 raquuam
2231 4995 2381 5049 nulla
2407 4994 2773 5049 dimetiuntur
2814 4996 3124 5059 intervalla,
3166 5010 3287 5063 qua:
3329 4993 3456 5061 qui-

1868 5091 1993 5145 dem
2038 5087 2300 5158 cogitatio
2344 5102 2561 5156 semper
2616 5094 2900 5141 scrutatur
2937 5101 3032 5155 per
3064 5083 3455 5139 resolutionem

1870 5178 2183 5250 antiquiora
2244 5178 2314 5234 iis
2365 5193 2488 5247 qua:
2532 5178 2930 5232 inveniuntur?
2995 5178 3057 5230 Et
3103 5176 3287 5231 omnia
3331 5174 3458 5242 qui-

1869 5271 1995 5325 dem
2056 5283 2178 5339 quae
2216 5277 2630 5340 cognoscuntur
2687 5268 3066 5337 prmtercurrit
3120 5282 3218 5335 per
3268 5266 3455 5320 curio-

1870 5344 2112 5424 sitatem,
2148 5361 2356 5413 nullam
2386 5367 2570 5414 autem
2609 5359 2879 5412 rationem
2915 5358 3146 5418 invenit,
3195 5372 3300 5426 qua
3328 5370 3455 5425 pos-

1872 5454 1944 5508 sit
1972 5460 2399 5522 praatercurrere
2447 5450 2773 5507 aeternitatis
2805 5450 3252 5518 conceptionem,
3301 5457 3358 5501 ut
3393 5463 3456 5504 se

1870 5556 2027 5601 extra
2064 5560 2185 5600 eam
2251 5546 2435 5609 sistat,
2464 5555 2519 5599 et
2570 5552 2794 5613 superet
2837 5542 2889 5595 id
2931 5542 3075 5610 quod
3112 5557 3175 5595 ex
3223 5541 3293 5595 iis
3334 5557 3455 5609 qua:

1872 5653 2001 5698 sunt
2052 5641 2206 5710 prius
2257 5626 2666 5698 consideratur,
2713 5645 2771 5688 et
2817 5634 2991 5703 ipsam
3038 5634 3450 5687 aeternitatem:

1872 5733 1967 5787 Sed
1995 5736 2139 5788 sicut
2167 5732 2421 5786 inventus
2447 5732 2501 5783 in
2541 5728 2730 5797 aliquo
2768 5726 3175 5797 promontorio.
3206 5716 3481 5779 Ponatur‘

1872 5833 2052 5882 autem
2095 5839 2260 5895 rupes
2296 5822 2482 5892 aliqua
2516 5820 2666 5875 lat-vis
2701 5828 2753 5873 et
2801 5828 3098 5890 pra'rupta,
3133 5816 3345 5871 inferne
3397 5816 3451 5871 ir.
