3874 6374
363 399 458 452 751

1644 407 1705 461 S.
1745 407 1786 461 (ἰ
1800 407 2078 462 REGORII
2101 407 2142 460 N
2155 405 2397 460 YSSENI

3535 410 3645 468 75,

363 516 528 573 rubra
561 517 731 589 ﬁgura
757 518 811 572 in
846 518 1116 573 inﬁnitam
1146 517 1374 576 extensa
1425 523 1849 594 longitudinem,
1887 535 1942 580 et

2054 527 2138 596 γιᾷ
2169 542 2224 578 τε
2268 527 2359 578 καὶ
2402 525 2694 595 ἁμηχανεῖ,
2739 524 2834 578 καὶ
2875 524 3032 579 πάλιν
3087 525 3219 596 πρὸς
3267 525 3327 581 τὸ
3377 533 3643 597 συγγενὲς

364 624 602 678 superne
647 609 855 664 habens
899 609 952 662 in
984 611 1275 666 altitudine
1313 614 1446 668 illud
1484 617 1944 684 promontorium,

363 698 509 767 quod
553 699 607 751 in
651 699 894 768 projecto
948 703 1246 771 supercilio
1284 705 1337 757 in
1368 717 1580 760 vastam
1615 707 1763 760 cadit
1815 723 1946 777 pro-

362 789 712 844 funditatem.
761 790 917 857 Quod
958 809 1088 864 ergo
1121 809 1556 852 consentaneum
1605 807 1690 852 est
1727 800 1948 853 evenire

361 884 409 938 ei
431 883 523 951 qui
544 897 762 936 summo
791 884 928 953 pede
960 888 1135 955 tangit
1161 889 1309 941 illam
1336 889 1505 944 veluti
1529 891 1680 944 dorsi
1705 890 1943 960 spinam,

364 987 489 1041 quae
512 972 752 1027 declinat
782 973 837 1027 in
861 975 1215 1043 profundum,
1243 987 1296 1033 et
1320 993 1497 1048 neque
1526 979 1734 1033 invenit
1757 982 1812 1032 in
1838 994 1947 1048 quo

365 1064 489 1134 ﬁgat
522 1065 673 1133 pedis
707 1081 985 1136 gressum,
1036 1084 1214 1139 neque
1250 1071 1394 1140 quod
1432 1086 1594 1124 manu
1639 1072 1946 1141 apprehen-

363 1153 490 1208 dat:
527 1155 631 1207 hoc
661 1155 919 1210 usuvenit
943 1156 1160 1220 animae,
1193 1174 1314 1227 quae
1342 1158 1563 1212 transiit
1593 1157 1645 1211 id
1679 1173 1772 1226 per
1798 1157 1944 1226 quod

365 1244 541 1300 incedi
574 1255 753 1315 potest
782 1247 838 1302 in
865 1248 934 1303 iis
956 1264 1078 1318 qua:
1100 1250 1495 1321 disjunguntur
1531 1250 1945 1306 intervallorum

364 1337 583 1406 spatiis,
617 1337 674 1392 in
695 1338 990 1406 quaerendo
1021 1346 1272 1394 naturam
1298 1355 1419 1409 qua:
1447 1351 1532 1395 est
1563 1347 1690 1394 ante
1719 1341 1943 1402 saecula,

362 1441 416 1485 et
453 1445 616 1500 quam
667 1433 819 1486 nulla
869 1433 1173 1488 metiuntur
1226 1433 1535 1495 intervalla,
1583 1442 1640 1486 ut
1674 1445 1947 1502 quaecum

363 1523 504 1576 nihil
538 1523 738 1578 habeat
789 1524 935 1594 quod
964 1523 1359 1594 apprehendat,
1409 1540 1521 1578 non
1573 1523 1779 1587 locum,
1835 1537 1946 1576 non

368 1625 606 1684 tempus,
627 1631 736 1670 non
761 1632 1096 1680 mensuram,
1116 1631 1226 1672 non
1249 1615 1456 1686 aliquid
1480 1614 1630 1669 aliud
1651 1612 1946 1683 ejusmodi,

368 1715 575 1760 nostrae
623 1707 977 1775 cogitationis
1013 1724 1123 1762 non
1179 1708 1412 1778 suscipit
1455 1707 1792 1776 ingressum:
1850 1704 1946 1760 sed

368 1799 612 1866 undique
645 1799 894 1854 dilabens
922 1801 992 1854 ab
1037 1801 1103 1855 iis
1131 1816 1252 1871 quae
1277 1804 1385 1854 non
1436 1807 1666 1869 possunt
1697 1812 1946 1866 compre-

2049 615 2454 686 ἐπιστρέφεται,
2489 614 2760 683 ἀγαπῶσα
2797 615 3048 670 τοσοῦτον
3083 620 3244 685 μόνον
3269 617 3468 686 γνῶναι
3507 623 3644 691 περὶ

2047 710 2140 762 τοῦ
2166 710 2584 781 ὑπερκειμένου,
2611 711 2735 764 ὅσον
2765 711 3075 781 πεισθῆναι,
3110 714 3192 766 ὅτι
3238 713 3368 768 ἄλλο
3408 732 3456 768 τι
3481 720 3642 788 παρὰ

2046 802 2144 872 τὴν
2175 801 2282 857 τῶν
2313 801 2734 872 γινωσκομένων
2776 802 2938 870 φύσιν
2985 805 3124 857 ἐστί.
3170 804 3270 858 Διὰ
3319 805 3475 859 τοῦτο
3505 808 3642 862 ὃταν

2048 892 2177 966 ἔλθῃ
2203 896 2281 957 είς
2309 894 2377 947 τά
2411 893 2552 964 ὑπὲρ
2583 893 2740 962 λόγον
2767 895 2796 945 ὁ
2834 895 3010 962 λόγος,
3045 897 3255 963 γίνεται
3297 899 3419 952 τότε
3447 901 3641 970 καιρὸς

2045 983 2139 1036 τοῦ
2177 986 2352 1054 σιγᾷν,
2383 986 2474 1037 καὶ
2523 983 2622 1054 τῆς
2665 985 2947 1058 ἀφράστου
2989 986 3202 1057 ἐκείνης
3235 988 3514 1059 δυνάμεως
3543 990 3644 1042 ἁν-

2047 1078 2380 1146 ερμήνευτον
2405 1079 2462 1130 ἐν
2488 1075 2565 1145 τῷ
2595 1077 2892 1148 ἀπορρήτῳ
2922 1078 3022 1148 τῆς
3055 1081 3406 1150 συνειδήσεως
3439 1081 3549 1150 ἔχει
3572 1083 3644 1133 τὸ

2048 1165 2249 1235 θαῦμα,
2277 1166 2456 1219 εἰδότα
2485 1168 2567 1222 ὅτι
2601 1168 2696 1220 καὶ
2727 1168 2776 1220 οί
2812 1169 3033 1237 μεγάλοι
3067 1171 3135 1223 τὰ
3187 1171 3326 1240 ἔργα
3374 1173 3466 1225 τοῦ
3498 1173 3641 1225 Θεοῦ

2047 1259 2140 1311 καὶ
2163 1258 2222 1310 οὐ
2253 1258 2341 1310 τὸν
2370 1257 2502 1310 Θεὸν
2532 1258 2775 1323 ἐλάλουν,
2804 1259 3078 1328 λέγοντες’
3123 1277 3140 1314 ι
3165 1263 3262 1326 Τίς
3289 1263 3508 1332 λαλήσει
3535 1264 3639 1328 τὰς
3739 1274 3746 1279 ’

2045 1345 2362 1412 δυναστείας
2378 1348 2473 1402 τοῦ
2492 1350 2696 1420 Κυρίου
2717 1367 2732 1415 ;
2768 1369 2787 1401 ι
2823 1351 2934 1415 καὶ,
2967 1371 2986 1404 ι
3006 1354 3344 1424 Διηγήσομαι
3366 1355 3542 1408 πάντα
3567 1358 3644 1408 τὰ

2047 1436 2184 1508 ἔργα
2215 1455 2308 1492 σου
2325 1455 2340 1471 ο
2361 1458 2379 1490 ι
2400 1441 2517 1504 καὶ,
2541 1460 2560 1492 ι
2579 1441 2745 1494 Γενεὰ
2774 1443 3050 1498 ἐπαινέσει
3075 1444 3144 1496 τὰ
3165 1445 3302 1516 ἔργα
3324 1462 3470 1500 σου.»
3495 1446 3641 1498 Αὐτᾶ

2046 1527 2262 1583 λαλοῦσι
2297 1531 2392 1584 καλ⁸
2433 1532 2567 1600 περὶ
2599 1530 2804 1585 τούτων
2841 1533 3226 1605 διεξέρχονται,
3259 1536 3355 1589 καὶ
3389 1536 3488 1608 τὴν
3525 1539 3640 1593 τῶν

2047 1620 2347 1688 γεγονότων
2425 1620 2774 1692 ἐξαγόρευσιν
2843 1625 2909 1694 τῇ
2979 1627 3129 1695 φωνῇ
3204 1626 3586 1697 ἐπιτρέπουσιν
3618 1647 3634 1661 ·

2047 1711 2174 1764 ὅταν
2203 1710 2259 1763 δὲ
2293 1711 2421 1781 περὶ
2464 1711 2630 1765 αὐτοῦ
2670 1712 2765 1765 τοῦ
2805 1713 3180 1785 ὑπερεστῶτος
3208 1716 3388 1787 πάσης
3425 1718 3640 1782 ἐννοίας

2048 1803 2076 1854 ό
2108 1801 2285 1870 λόγος,
2335 1802 2548 1872 σιωπὴν
2595 1803 2872 1875 ἄντικρυς,
2914 1805 2980 1858 δι’
3014 1800 3089 1858 ὦν
3131 1806 3370 1875 λέγουσι,
3416 1809 3642 1879 νομοθε-

369 1891 556 1950 hendi.
589 1891 791 1962 caligat
820 1900 874 1946 et
907 1899 991 1948 est
1025 1868 1284 1962 perplexa
1322 1900 1377 1947 et
1399 1868 1738 1959 perturbata,
1795 1899 1848 1944 et
1891 1903 1950 1943 se

2054 1868 2222 1947 τοῦσι.
2257 1893 2489 1960 Λέγουσι
2503 1868 2622 1966 γὰρ
2651 1895 2732 1948 ὅτι
2757 1868 2864 1965 ’τῆς
2911 1868 3401 1969 μεγαλοπρεπείας,
3427 1868 3526 1970 της
3554 1901 3643 1954 δό-

367 1997 564 2038 rursus
589 1985 861 2038 convertit
897 1985 964 2038 ad
1013 1985 1066 2038 id
1098 1985 1243 2054 quod
1276 1993 1361 2040 εει
1393 1985 1444 2038 ei
1487 1999 1686 2054 genere
1719 1983 1950 2050 conjun-

366 2080 537 2137 ctum,
574 2073 712 2126 satis
739 2072 952 2128 habens
983 2073 1030 2128 si
1069 2073 1136 2128 de
1174 2088 1240 2128 eo
1271 2073 1418 2142 quod
1449 2079 1533 2127 est
1567 2087 1733 2140 super
1766 2072 1966 2126 omnia

343 2163 471 2217 hoc
507 2163 684 2218 solum
723 2173 1044 2233 cognoscat,
1081 2166 1225 2234 quod
1264 2180 1590 2234 persuasum
1635 2167 1853 2230 habeat,
1895 2165 1949 2220 id

363 2254 703 2324 essealiquid
718 2255 866 2309 aliud
891 2271 919 2308 a
944 2266 1139 2310 natura
1163 2272 1354 2312 eorum
1378 2273 1500 2330 qua}
1520 2269 1948 2328 cognoscuntur.

365 2343 662 2414 Propterea
687 2345 909 2415 quando
941 2348 1152 2402 venerit
1178 2349 1320 2403 ratio
1343 2357 1399 2402 et
1431 2350 1608 2404 oratio
1637 2348 1704 2402 ad
1737 2365 1799 2404 ea
1830 2364 1954 2418 qua:

364 2435 638 2489 rationem
681 2446 968 2506 superant,
1020 2453 1122 2492 nec
1152 2441 1337 2494 verbis
1387 2448 1619 2508 possunt
1667 2440 1952 2510 explicari,

366 2533 502 2580 tunc
525 2537 612 2581 est
642 2534 859 2597 tempus
886 2531 1121 2596 tacendi,
1148 2539 1202 2584 et
1233 2529 1524 2586 ineﬁ‘abilis
1566 2532 1714 2587 illius
1745 2539 1957 2586 naturae

367 2617 832 2688 inexplicabilitas
885 2620 1050 2675 habet
1104 2621 1434 2676 miraculum
1483 2623 1536 2676 in
1569 2636 1773 2676 arcano
1821 2636 1955 2676 con-

366 2709 632 2770 scientiae,
669 2709 814 2779 apud
845 2725 970 2765 eum
1006 2711 1096 2780 qui
1134 2711 1260 2776 scit,
1293 2711 1438 2782 quod
1461 2712 1624 2766 etiam
1652 2711 1754 2766 viri
1776 2711 1956 2782 magni

366 2798 435 2854 de
451 2797 546 2854 Dei
565 2803 846 2870 operibus,
860 2810 915 2857 et
935 2817 1045 2857 non
1059 2802 1126 2857 de
1144 2802 1251 2857 Deo
1269 2803 1656 2873 loquebantur,
1674 2803 1953 2858 dicentes:

373 2887 540 2954 «Quis
573 2891 830 2960 loquetur
861 2892 1138 2960 potentias
1173 2890 1486 2947 Domini"?
1509 2909 1529 2941 ι
1557 2901 1631 2955 ει,
1662 2912 1678 2942 ι
1708 2892 1958 2948 Narrabo

367 2981 552 3034 omnia
575 2996 740 3049 opera
777 2982 928 3034 tua"
959 3001 972 3036 :
1007 3001 1025 3034 ι
1047 2990 1122 3042 ει.
1160 3002 1178 3034 ι
1205 2982 1495 3036 Generatio
1515 2981 1758 3036 laudabit
1791 2997 1957 3052 opera

368 3083 461 3127 tua
475 3072 537 3126 ⁸⁸.
553 3071 709 3128 »Πεεο
728 3073 918 3126 dicunt
946 3081 1000 3128 et
1023 3073 1172 3129 deiis
1188 3073 1492 3137 disserunt,
1510 3079 1565 3128 et
1588 3072 1709 3127 voci
1743 3074 1960 3143 permit-

2054 1977 2170 2048 ξης,
2199 1977 2300 2047 τῆς
2335 1977 2648 2049 ἁγιωσύνης
2681 1979 2869 2045 αὐτοῦ,
2915 1981 3014 2033 οὐκ
3054 1981 3169 2035 ἐστι
3210 1983 3402 2053 πέρας.
3436 1985 3500 2035 Ὢ
3544 1984 3640 2038 τοῦ

2025 2129 2030 2132 η
2053 2068 2355 2140 θαύματοςῑ
2388 2069 2507 2132 πῶς
2533 2069 2774 2141 ἐφοϐήθη
2807 2073 2874 2142 τῇ
2895 2070 2990 2125 τοῦ
3018 2071 3163 2126 θείου
3204 2072 3480 2144 θαύματος
3508 2075 3636 2144 δόξῃ

2053 2159 2413 2230 προσεγγίσαι
2462 2163 2491 2214 ό
2530 2159 2704 2227 λόγος,
2754 2158 2896 2213 ὥστε
2942 2161 3064 2214 οὐδέ
3104 2161 3212 2215 τῶν
3263 2162 3459 2226 ἔξωθέν
3497 2181 3644 2228 τινος

2054 2249 2442 2321 θεωρουμένων
2466 2249 2522 2302 τὸ
2551 2249 2732 2320 θαῦμα
2775 2250 3099 2319 κατέλαϐεν;
3125 2254 3202 2306 Οὐ
3240 2253 3358 2325 γὰρ
3382 2250 3533 2306 εἶπεν
3559 2257 3645 2308 ὃτι
3731 2317 3735 2320 ν

2053 2344 2152 2412 τῆς
2178 2340 2364 2404 οὐσίας
2391 2340 2484 2394 τοῦ
2515 2341 2650 2394 Θεοῦ
2693 2342 2866 2413 πέρας
2911 2343 3010 2397 οὐκ
3047 2343 3184 2406 ἔστι,
3216 2345 3486 2417 τολμηρὸν
3519 2348 3644 2418 κρί-

2055 2450 2161 2486 νων
2192 2432 2328 2495 ὅλως
2354 2431 2416 2484 τδ
2447 2433 2528 2495 είς
2557 2431 2764 2486 ἔννοιαν
2793 2433 2948 2486 τοῦτο
2981 2433 3188 2498 λαὸεῖν,
3223 2435 3359 2488 ἁλλὰ
3397 2438 3496 2506 τὴν
3526 2440 3646 2490 ἐπι-

2057 2523 2436 2595 θεωρουμένην
2475 2525 2542 2594 τῇ
2580 2522 2704 2594 δόξῃ
2757 2525 3230 2597 μεγαλοπρέπειαν
3273 2527 3539 2598 θαυμάζει
3567 2532 3647 2600 τῷ

2055 2616 2216 2687 λόγῳ.
2233 2616 2415 2670 -Πάλιν
2439 2616 2495 2669 δὲ
2522 2616 2645 2669 οὐδὲ
2672 2617 2845 2684 αὐτῆς
2875 2619 2975 2688 τῆς
2999 2619 3156 2689 δόξης
3174 2612 3279 2690 ’τὴν
3300 2621 3484 2675 οὐσίαν
3515 2624 3647 2676 ἰδεῖν

2056 2709 2332 2780 ἠδυνήθηθ
2369 2708 2505 2761 ἁλλὰ
2542 2708 2642 2776 τῆς
2678 2710 2990 2779 ἁγιωσύνης
3031 2710 3197 2763 αὐτοῦ
3228 2713 3325 2782 τὴν
3357 2713 3511 2777 δόξαν
3560 2715 3647 2780 ἐξ-

2056 2798 2272 2868 επλάγη
2323 2799 2687 2869 κατανοήσας.
2719 2800 2890 2854 Πόσον
2933 2801 3110 2854 τοίνυν
3159 2804 3361 2875 ἀπέσχε
3405 2806 3500 2860 τοῦ
3547 2807 3647 2878 τὴν

2058 2889 2238 2958 φύσιν,
2271 2890 2392 2960 ἦτις
2426 2891 2566 2952 ἐστὶ,
2596 2891 3083 2962 περιεργάσασθαι,
3124 2894 3182 2957 ὃς
3211 2911 3274 2963 γε
3322 2897 3384 2949 τὸ
3419 2896 3650 2966 ἔσχατον

2057 2981 2167 3035 τῶν
2227 2982 2674 3053 προφαινομένων
2723 2983 3004 3053 θαυμάσαι
3057 2987 3157 3040 οὐκ
3211 2988 3456 3058 ἴσχυσεν;
3509 2989 3648 3043 Οὔτε

2059 3074 2168 3145 γὰρ
2210 3073 2306 3144 τὴν
2349 3074 2658 3144 ἁγιωσύνην
2690 3075 2855 3129 αὐτοῦ
2903 3075 3229 3147 ἐθαύμασεν,
3272 3078 3394 3132 οὐτε
3427 3081 3524 3149 τὴν
3563 3081 3649 3134 δό-

369 3169 516 3227 ιιιιιι,
537 3169 596 3215 ιιι
615 3163 684 3215 ab
698 3177 762 3216 ea
781 3160 1094 3217 referantur
1108 3176 1232 3231 qua:
1261 3162 1404 3216 facta
1435 3167 1586 3216 sunt.
1607 3160 1714 3216 Sed
1739 3163 1953 3231 quando

2063 3161 2158 3228 ξαν
2184 3163 2284 3232 τῆς
2315 3161 2647 3233 ἁγιωσύνης,
2679 3163 2817 3218 ἀλλὰ
2851 3166 2951 3237 τὴν
2983 3166 3452 3238 μεγαλοπρέπειαν
3481 3171 3646 3238 μόνην

369 3252 438 3306 de
469 3266 536 3305 co
556 3251 742 3320 agitur
767 3250 916 3321 quod
939 3260 1162 3320 superat
1186 3265 1402 3305 omnem
1429 3250 1629 3306 mentis
1651 3251 1960 3320 conceptio-

371 3357 518 3408 nem,
549 3354 644 3411 per
663 3357 726 3396 ea
752 3358 873 3413 quae
894 3342 1107 3407 dicunt,
1139 3341 1207 3397 de
1228 3341 1446 3397 silentio
1469 3349 1656 3410 aperte
1676 3341 1846 3413 legem
1885 3342 1961 3395 fe-

371 3442 520 3489 runt.
545 3433 744 3489 Dicunt
772 3434 917 3488 enim
937 3452 950 3488 :
967 3433 1396 3504 Magniﬁcentize,
1421 3433 1629 3504 gloriae,
1650 3435 1957 3490 sanctitatis

370 3529 491 3598 ejus
526 3544 635 3584 non
668 3540 752 3584 εει
794 3529 939 3584 ﬁnis.
972 3527 1017 3584 Ο
1057 3529 1416 3584 miraculum!
1453 3528 1738 3595 Quomodo
1780 3532 1961 3585 timuit

371 3622 544 3676 oratio
579 3627 836 3678 accedere
862 3623 927 3676 ad
957 3623 1184 3694 gloriam
1223 3623 1391 3677 divini
1426 3624 1696 3685 miraculi,
1735 3624 1870 3678 adeo
1899 3633 1959 3678 ut

372 3729 547 3783 neque
569 3713 803 3783 alicujus
819 3730 1008 3770 eorum
1029 3731 1148 3784 quae
1170 3708 1592 3770 considerantur
1613 3717 1958 3772 extrinsecus

371 3807 849 3876 comprehenderit
891 3807 1262 3862 miraculum?
1303 3807 1419 3861 Non
1453 3809 1598 3861 enim
1637 3805 1774 3861 dixit
1813 3823 1825 3859 :
1863 3806 1956 3862 Dei

369 3898 626 3952 cssentiae
652 3913 758 3951 non
788 3907 875 3952 est
898 3898 1040 3963 ﬁnis;
1064 3898 1246 3952 nimiae
1260 3911 1386 3952 esse
1409 3897 1653 3952 audaciae
1681 3898 1956 3967 judicans,

371 3993 456 4047 vel
489 3992 558 4047 de
588 4007 654 4046 eo
683 3993 948 4062 cogitare;
984 3991 1080 4046 sed
1113 4007 1235 4061 quae
1263 3991 1318 4043 in
1350 3991 1524 4060 gloria
1547 3991 1956 4056 consideratur,

372 4082 560 4137 verbis
586 4081 820 4134 miratur
852 4079 1340 4150 magniﬁcentiam.
1370 4076 1589 4133 Rursus
1619 4094 1747 4134 vero
1781 4095 1959 4149 neque

374 4171 555 4242 ipsius
587 4171 776 4241 gloriae
803 4169 992 4224 videre
1031 4170 1209 4238 potuit
1237 4169 1584 4225 essentiam:
1626 4169 1724 4223 sed
1767 4169 1958 4224 obstu-

374 4263 496 4333 puit
525 4278 653 4318 cum
707 4262 1126 4317 considerasset
1171 4262 1402 4331 gloriam
1445 4261 1566 4330 ejus
1618 4261 1953 4318 sanctitatis.

375 4355 651 4422 Quantum
675 4369 806 4424 ergo
839 4352 1015 4408 abfuit
1049 4362 1105 4407 ut
1134 4354 1354 4410 curiose
1387 4359 1678 4422 quaereret,
1707 4367 1955 4422 quaenam

374 4449 448 4502 sit
475 4455 692 4510 natura,
737 4447 831 4516 qui
872 4446 1124 4499 ultimum
1154 4459 1346 4500 eorum
1375 4459 1498 4514 quae
1547 4451 1812 4513 apparent
1844 4458 1954 4498 non

2060 3250 2159 3319 τῆς
2191 3250 2350 3320 δόξης
2375 3252 2475 3321 τῆς
2509 3252 2817 3324 ἁγιωσύνης
2859 3253 3139 3323 θαυμάσαι
3171 3257 3519 3326 προθέμενος,
3555 3263 3647 3312 καὶ

2059 3341 2188 3412 περὶ
2211 3342 2272 3394 τὸ
2299 3345 2500 3413 ταύτης
2541 3343 2726 3413 θαῦμα
2773 3346 3055 3416 ὴτόνησεν.
3098 3349 3174 3402 Οὐ
3211 3350 3320 3420 γὰρ
3341 3350 3550 3404 διέλαῦε
3579 3356 3642 3422 τῇ

2057 3431 2266 3502 διανοίᾳ
2293 3432 2386 3486 τοῦ
2417 3433 2834 3504 θαυμαζομένου
2873 3437 2937 3489 τὸ
2980 3439 3173 3510 πέρας.
3215 3441 3306 3494 Διό
3345 3457 3496 3512 (pq-cr
3534 3443 3648 3512 Τῆς

2056 3521 2232 3592 δόξης,
2283 3523 2383 3592 τῆς
2435 3524 2928 3594 μεγαλοπρεπείας,
2971 3526 3073 3596 τῆς
3125 3530 3432 3600 ἁγιωσύνης
3479 3531 3644 3584 αὐτοῦ

2057 3617 2156 3669 οὐκ
2195 3616 2342 3669 ἐστιν
2394 3615 2585 3686 πέρας.
2617 3617 2824 3671 Οὐκοῦν
2863 3621 2921 3671 ἐν
2955 3622 3068 3684 τοῖς
3108 3621 3238 3690 περὶ
3273 3622 3407 3676 Θεοῦ
3445 3624 3642 3691 λόγοις,

2056 3708 2184 3761 ὅταν
2217 3708 2315 3778 μὲν
2360 3708 2488 3778 περὶ
2539 3709 2640 3778 τῆς
2681 3709 2924 3780 οὐσίαςή
2957 3711 3183 3782 ζήτησις
3219 3715 3294 3790 ᾖ,
3335 3715 3524 3784 καιρὸς
3549 3717 3645 3768 τοῦ

2058 3800 2245 3868 σιγᾷνο
2279 3799 2407 3852 ὅταν
2439 3799 2495 3852 δὲ
2529 3801 2656 3871 περί
2707 3818 2851 3865 τινος
2899 3802 3110 3874 ἀγαθῆς
3157 3805 3452 3875 ἐνεργείας,
3494 3802 3563 3878 ἧς
3609 3809 3640 3875 ἡ

2058 3891 2258 3958 γνῶσις
2285 3891 2380 3944 καὶ
2415 3891 2608 3963 μέχρις
2635 3893 2791 3963 ἡμῶν
2819 3895 3157 3958 καταϐαίνει,
3193 3897 3310 3950 τότε
3338 3897 3517 3951 λαλεῖν
3547 3899 3646 3963 τὰς

2057 3981 2392 4047 δυναστείας,
2419 3982 2766 4054 ἐξαγγέλλειν
2802 3988 2870 4038 τὰ
2911 3986 3196 4058 θαύματα,
3235 3990 3539 4059 διηγεῖσθαι
3577 3995 3645 4046 τὰ

2058 4073 2216 4145 ἔργα,
2247 4074 2439 4145 μέχρις
2463 4076 2656 4128 τούτου
2691 4077 2992 4147 κεχρῆσθαι
3021 4079 3098 4148 τῷ
3126 4081 3288 4152 λόγῳ.
3335 4083 3420 4134 Ἐν
3447 4083 3502 4136 δὲ
3533 4088 3644 4147 τοῖς

2058 4167 2200 4237 ὑπὲρ
2220 4165 2479 4224 ἐπέκεινα
2502 4167 2576 4236 μὴ
2607 4167 2813 4234 ἐφιέναι
2835 4170 2899 4238 τῇ
2930 4169 3106 4223 κτίσει
3137 4172 3265 4234 τοὺς
3304 4172 3464 4236 ἰδίους
3489 4175 3645 4245 ὄρους

2058 4256 2348 4320 ἐκϐαίνειν,
2379 4257 2492 4312 ἀλλ’
2525 4258 2742 4328 ἀγαπᾷν
2775 4259 2826 4310 εἰ
2853 4260 3052 4330 ἑαυτὴν
3082 4261 3217 4331 εἰδῇ.
3251 4262 3316 4316 Εἰ
3352 4262 3504 4317 οὔπω
3536 4265 3644 4336 γὰρ

2059 4349 2219 4416 ἔγνω,
2251 4350 2391 4404 κατά
2419 4367 2482 4418 γε
2522 4350 2610 4402 τὸν
2646 4350 2910 4423 ἡμέτερον
2949 4351 3126 4420 λόγον,
3165 4353 3361 4424 ἑαυτὴν
3389 4356 3421 4425 η
3448 4356 3641 4419 κτίσις,

2057 4441 2175 4495 οὐδὲ
2209 4441 2504 4495 κατέλαϐεν
2529 4441 2616 4496 οἵα
2645 4442 2744 4512 τῆς
2776 4442 2954 4514 ψυχῆς
2988 4445 3021 4513 ἡ
3061 4444 3237 4509 οὐσία,
3273 4445 3368 4498 τοῦ
3399 4448 3644 4517 σώματος

375 4541 553 4608 potuit
578 4538 841 4593 admirari
869 4537 880 4591 !
907 4535 1094 4608 Neque
1118 4536 1266 4592 enim
1312 4535 1433 4605 ejus
1467 4536 1819 4590 sanctitatem
1867 4544 1953 4590 est

2059 4534 2092 4604 ἡ
2125 4533 2305 4603 φύσις,
2337 4533 2500 4587 πόθεν
2527 4535 2594 4587 τὰ
2627 4535 2775 4596 ὄντα,
2810 4536 2973 4590 πόθεν
3019 4537 3076 4601 ἐξ
3109 4537 3352 4608 ἀλλήλων
3380 4539 3642 4606 γενέσεις,

375 4629 701 4693 admiratus,
758 4645 932 4698 neque
989 4629 1221 4698 gloriam
1280 4627 1616 4692 sanctitatis,
1673 4625 1769 4681 sed
1826 4641 1951 4680 cum

376 4721 691 4776 sanctitatis
712 4719 885 4773 solam
909 4715 1012 4770 sibi
1028 4719 1402 4785 proposuisset
1421 4715 1676 4771 admirari
1701 4719 1956 4790 magniﬁ-

375 4811 638 4872 centiam,
675 4808 840 4863 etiam
885 4809 952 4862 ad
987 4824 1109 4864 eam
1147 4807 1532 4863 admirandam
1558 4809 1703 4865 vires
1736 4811 1958 4866 luerunt

374 4901 686 4956 imbecilla}.
705 4900 826 4955 Non
846 4900 991 4955 enim
1009 4899 1429 4968 comprehendit
1445 4900 1777 4970 cogitatione
1795 4902 1955 4958 ﬁnem

372 4992 494 5062 ejus
519 4991 665 5062 quod
691 4992 1011 5048 admiratur.
1056 4991 1196 5047 Dicit
1232 4993 1415 5062 itaque
1433 5011 1444 5046 :
1464 4993 1682 5058 Gloria},
1708 4994 1957 5065 magniﬁ-

373 5086 590 5151 centiae,
613 5084 927 5141 sanctitatis
951 5085 1070 5154 ejus
1099 5100 1205 5138 non
1227 5092 1311 5138 est
1340 5083 1482 5139 ﬁnis.
1505 5085 1562 5138 ln
1590 5085 1658 5139 iis
1680 5100 1810 5156 ergo
1835 5101 1958 5154 quae

374 5177 441 5231 de
473 5176 584 5231 Deo
613 5174 898 5241 dicuntur,
944 5175 1170 5245 quando
1215 5174 1482 5244 qureritur
1511 5175 1733 5243 quidem
1768 5176 1838 5230 de
1868 5191 1958 5232 es-

374 5269 572 5334 sentia,
605 5278 690 5324 est
723 5279 937 5339 tempus
970 5270 1210 5324 tacendi.
1239 5267 1469 5334 Quando
1501 5276 1684 5321 autem
1711 5268 1778 5323 de
1812 5269 1953 5323 bona

2059 4624 2174 4688 πῶς
2211 4625 2271 4676 τὸ
2312 4624 2384 4696 μὴ
2422 4623 2479 4677 ὃν
2521 4624 2816 4685 οὐσιοῦται,
2859 4626 2979 4689 πῶς
3018 4627 3080 4680 τὸ
3127 4626 3187 4680 ὃν
3229 4629 3306 4690 είς
3346 4627 3409 4680 τὸ
3463 4630 3538 4698 μὴ
3585 4629 3646 4682 ὃν

2059 4716 2370 4777 ἀναλύεται,
2408 4716 2492 4779 τίς
2538 4717 2571 4785 ή
2621 4717 2685 4769 ἐκ
2727 4716 2834 4770 τῶν
2866 4717 3121 4772 ἐναντίων
3151 4717 3291 4771 κατὰ
3323 4718 3415 4771 τὸν
3447 4720 3647 4787 κόσμον

2057 4807 2244 4861 τοῦτον
2281 4807 2633 4877 εὐαρμοστία·
2680 4809 2729 4859 εἰ
2771 4807 2971 4878 ἑαυτὴν
3008 4812 3041 4880 ἡ
3079 4811 3253 4871 κτίσις
3281 4809 3380 4861 οὐκ
3420 4805 3548 4870 οἶδε,
3579 4812 3648 4862 τὰ

2059 4899 2197 4968 ὑπὲρ
2242 4897 2440 4967 ἑαυτὴν
2475 4895 2592 4960 πῶς
2647 4898 3005 4967 διηγήσεται;
3058 4898 3266 4951 υύκοῦν
3321 4900 3510 4967 καιρὸς
3554 4900 3646 4952 τοῦ

2063 4989 2234 5042 ταῦτα
2260 4989 2442 5058 σιγᾷνο
2485 4987 2746 5057 κρείττων
2774 4987 2880 5057 γὰρ
2911 4988 2969 5039 ἐν
2994 4988 3201 5051 τούτοις
3227 4989 3258 5058 ἡ
3292 4990 3488 5057 σιωπή.
3514 4990 3647 5042 Και-

2068 5083 2156 5153 ρδς
2185 5082 2240 5135 δὲ
2271 5079 2364 5132 τοῦ
2395 5079 2595 5142 λαλεῖν,
2635 5079 2700 5131 δι’
2742 5071 2816 5132 ὧν
2863 5081 2891 5132 ὁ
2939 5079 3051 5149 βίος
3085 5079 3241 5150 ἡμῶν
3284 5080 3418 5150 πρὸς
3446 5081 3646 5150 ἀρετὴν

2063 5173 2388 5237 ἐπιδίδωσιν,
2428 5174 2484 5226 ἐν
2518 5170 2740 5242 Χριστῷ
2776 5171 2950 5241 Ἰησοῦ
2985 5171 3062 5241 τῷ
3108 5172 3298 5242 Κυρίῳ
3339 5172 3515 5241 ἡμῶν.
3617 5174 3646 5238 ἡ

2061 5268 2185 5333 δόξα
2205 5268 2298 5319 καὶ
2314 5265 2374 5318 τὸ
2394 5265 2592 5335 κράτος
2613 5266 2689 5327 εἰς
2710 5264 2836 5326 τοὺς
2854 5263 3056 5326 αἰῶνας
3071 5263 3178 5316 τῶν
3203 5263 3432 5316 αίώνων.
3453 5262 3643 5333 Ἀμήν.

374 5363 564 5430 aliqua
610 5362 954 5430 operatione,
994 5361 1157 5430 cujus
1196 5361 1440 5431 cognitio
1485 5360 1553 5414 ad
1598 5375 1699 5416 nos
1755 5377 1929 5431 usque
1964 5360 2268 5421 descendit,
2317 5367 2449 5411 tunc
2507 5366 2725 5424 tempus
2777 5363 2864 5410 est
2913 5355 3167 5426 loquendi
3221 5353 3515 5424 potentias.
3555 5370 3648 5405 an-

375 5451 661 5505 nuntiandi
719 5452 1016 5518 miracula,
1082 5450 1342 5505 narrandi
1405 5465 1604 5519 opera,
1672 5451 1939 5506 hactenus
1980 5450 2171 5505 utendi
2215 5462 2491 5504 sermone.
2545 5445 2601 5499 ln
2671 5444 2741 5500 iis
2799 5457 2982 5500 autem
3053 5461 3176 5516 quae
3219 5445 3308 5500 illa
3363 5453 3646 5513 superant,

378 5561 484 5599 non
533 5554 619 5601 est
655 5547 1076 5621 permittendum
1113 5553 1383 5600 creatura:
1423 5553 1482 5598 ut
1559 5561 1690 5600 suos
1766 5547 2029 5602 terminos
2069 5553 2313 5614 superet,
2372 5541 2466 5596 sed
2521 5541 2569 5594 ei
2617 5539 2778 5593 debet
2828 5537 3076 5593 suﬁicere
3121 5539 3166 5593 si
3208 5538 3446 5607 seipsam
3478 5536 3645 5608 norit.

377 5631 510 5689 Nam
555 5637 600 5689 si
649 5637 890 5691 nondum
928 5639 1189 5705 scipsan‘i,
1254 5645 1312 5689 ut
1360 5647 1546 5691 nostra
1598 5635 1818 5705 quidem
1857 5637 1959 5690 fert
2001 5637 2208 5706 Opinio,
2255 5633 2407 5715 novit
2468 5639 2745 5692 creatura.
2821 5645 2996 5699 neque
3027 5628 3442 5700 comprehendit
3471 5626 3648 5697 qualia

449 5816 492 5850 ³⁸
521 5816 667 5872 Psal.
703 5835 787 5886 εγ,
822 5821 876 5872 2.
948 5822 988 5852 ³⁷
1034 5820 1177 5877 Psal.
1213 5838 1286 5889 ιιι,
1321 5823 1374 5876 2.
1455 5825 1497 5854 ³⁸
1521 5823 1666 5878 l’sal.
1697 5839 1873 5886 cum
1899 5822 1951 5875 4·
