3874 6354
199 416 303 473 733

1227 426 1292 482 IN
1333 425 1868 484 ECCLESIASTEN.
1900 425 2189 481 IIOMILIA
2235 426 2365 481 VllI.

3354 424 3513 479 πιε-

200 530 272 584 sit
318 533 514 587 anima:
546 535 809 598 essentia,
859 536 1039 604 qualis
1087 547 1283 594 natura
1329 542 1603 607 corporis,
1640 539 1786 594 unde
1824 547 1954 595 sunt
1991 554 2054 595 ea
2092 554 2214 608 qua:
2280 546 2430 601 sunt,
2483 536 2754 589 nndenam
2801 541 3005 587 mutuae
3029 547 3096 586 ex
3127 548 3187 587 se
3223 531 3455 586 invicem
3491 554 3497 561 ε

201 618 330 673 liaut
375 624 781 687 generationes,
819 640 929 693 quo
975 638 1138 695 pacto
1183 629 1332 698 quod
1399 644 1509 684 non
1579 637 1664 683 est
1730 627 2103 684 substantiam
2177 626 2434 695 accipiat,
2467 623 2928 694 quemadmodum
2963 623 3015 676 id
3060 620 3208 691 quod
3235 628 3342 686 est,
3400 618 3457 673 in

200 712 252 766 id
283 715 430 784 quod
468 732 575 770 non
611 726 695 772 est
732 721 1081 775 resolvatur:
1123 738 1376 793 quaenam
1410 724 1487 780 sit
1557 740 1621 779 ex
1674 724 1971 779 contrariis
2038 727 2093 779 in
2158 723 2272 777 hoc
2304 723 2514 791 mundo
2547 722 2815 774 continua
2861 719 3191 788 compositio
3231 736 3245 771 :
3287 717 3334 772 si
3373 731 3462 772 se-

202 807 372 876 ipsam
402 826 511 865 non
543 814 695 867 novit
722 823 996 882 creatura,
1029 833 1152 887 quae
1184 835 1351 891 supra
1388 821 1623 889 seipsam
1663 830 1791 874 sunt
1829 820 2108 890 quomodo
2138 817 2457 874 enarrahit?
2479 817 2718 886 Tempus
2754 822 2839 869 est
2865 829 2996 882 ergo
3057 813 3172 867 haec
3210 810 3452 867 tacendi.

201 897 258 951 la
293 900 377 955 his
422 902 568 956 enim
613 904 809 959 melius
851 914 935 961 est
981 908 1296 964 silentium:
1340 917 1555 980 tempus
1611 919 1795 965 autem
1829 917 1915 965 est
1970 924 2037 965 ea
2066 908 2366 979 -loquendi,
2424 922 2523 977 per
2589 922 2712 976 quae
2760 906 2865 959 vita
2929 913 3116 957 nostra
3155 903 3213 956 in
3259 902 3460 958 virtute

199 995 399 1065 accipit
467 998 865 1055 incrementum
889 1038 906 1063 ,
958 1000 1015 1055 in
1075 1002 1298 1059 Christo
1358 1002 1487 1060 Iesu
1545 1003 1778 1060 Domino
1818 1010 2031 1066 nostro,
2060 1004 2152 1059 cui
2178 1003 2351 1074 gloria
2377 1011 2430 1057 et
2461 1000 2702 1070 potentia
2765 999 2822 1052 in
2861 993 3082 1052 'saecnla
3107 996 3456 1053 saeculorum.

199 1084 396 1142 Amen.

811 1179 1055 1234 OMlAIA
1101 1182 1184 1234 H'.

271 1268 412 1337 Κεφ.
455 1275 523 1337 γ’,
571 1270 712 1340 στίχ.
748 1269 816 1341 η’.
866 1300 936 1311 -
991 1289 1008 1323 ι
1039 1272 1242 1342 Καιρὸς
1269 1272 1360 1326 τοῦ
1398 1273 1643 1345 φιλῆσαι,
1680 1274 1774 1327 καὶ

201 1360 391 1433 καιρὸς
417 1360 509 1414 τοῦ
539 1361 786 1432 μισῆσαι.
804 1380 822 1412 ι
845 1361 939 1424 Τίς
968 1361 1077 1432 ἄρα
1106 1361 1278 1426 οὕτως
1306 1363 1458 1417 ἔσται
1482 1366 1580 1435 τὴν
1607 1356 1776 1434 ἀκοὴν

200 1449 630 1522 κεκαθαρμένος,
664 1451 805 1505 ὥστε
829 1451 1087 1521 καθαρῶς
1111 1452 1365 1519 δέξασθαι
1395 1454 1488 1508 τὸν
1517 1455 1647 1525 περὶ
1680 1453 1776 1507 τοῦ

201 1542 421 1626 φιλῆσαι
466 1543 658 1612 λόγον,
707 1543 873 1614 μηδὲν
920 1544 1021 1613 τῆς
1070 1545 1322 1614 ρυπαρᾶς
1374 1543 1556 1613 φιλίας
1598 1544 1778 1615 ἑαυτῷ

201 1635 653 1707 συνεισφέροντα;
679 1637 832 1707 Τάχα
857 1637 951 1689 καὶ
968 1637 1035 1689 τά
1055 1637 1299 1707 ἡμέτερα
1323 1631 1436 1689 ὦτα
1457 1636 1647 1707 χρῄζει
1669 1638 1778 1691 τῶν

198 1719 481 1774 δακτύλων
536 1720 710 1793 Ἰησοῦ
737 1761 752 1787 ,
803 1723 889 1775 ἵνα
939 1723 1026 1777 διὰ
1072 1724 1170 1792 τῆς
1223 1724 1372 1787 θείας
1417 1726 1632 1795 ἐπαφῆς
1681 1725 1776 1778 τοῦ

200 1809 457 1881 ἀληθινοῦ
487 1811 684 1879 Λόγου,
727 1812 1063 1884 ἐλευθερωθῇ
1097 1814 1297 1878 παντὸς
1328 1814 1525 1886 ῥύπου,
1555 1816 1649 1869 τοῦ
1678 1815 1777 1887 τὴν

198 1901 369 1972 ἀκοὴν
402 1902 827 1972 ἐμφράσσοντος,
872 1905 905 1973 ἡ
951 1904 1247 1975 ἀκουστικὴ
1274 1906 1373 1974 τῆς
1402 1906 1578 1976 ψυχῆς
1617 1905 1776 1975 ἡμῶν

197 1990 464 2062 δύναμις“
509 1992 646 2046 ὥστε
693 1995 787 2046 καὶ
831 1994 1071 2047 συνιέναι
1119 1997 1217 2066 τὴν
1264 1996 1549 2067 ἐπαινετὴν
1575 1996 1774 2065 φιλίαν,

201 2083 293 2135 καὶ
316 2086 381 2153 τῇ
407 2083 546 2154 ψυχῇ
583 2085 1004 2155 παραδέξασθαι,
1036 2085 1119 2150 τίς
1147 2088 1176 2139 ὁ
1202 2087 1393 2157 καιρὸς
1409 2087 1502 2140 τοῦ
1526 2087 1773 2156 φιλῆσαι,

198 2175 291 2226 καὶ
327 2175 411 2237 τίς
434 2177 463 2227 ὁ
488 2174 675 2246 καιρὸς
713 2176 806 2228 τοῦ
844 2177 1089 2248 μισῆσαι.
1138 2179 1253 2230 Οὐκ
1282 2174 1434 2248 οἶμαι
1467 2176 1653 2232 τοῦτον
1684 2178 1778 2232 ἄλο

197 2263 284 2316 λον
310 2259 449 2316 εἶναι
478 2265 667 2336 καιρὸν
697 2266 836 2336 πλὴν
864 2266 959 2318 τοῦ
1003 2268 1388 2338 συμφέροντος,
1451 2269 1514 2321 Ἦ
1542 2269 1651 2339 γὰρ
1681 2268 1774 2337 ἀφ’

197 2355 463 2425 ἐκατέρου
495 2355 699 2408 τούτων
727 2355 985 2424 ὠφέλεια,
1018 2357 1160 2410 κατά
1187 2373 1251 2425 γε
1284 2358 1383 2426 τὴν
1403 2358 1541 2429 ἐμὴν
1570 2360 1771 2430 κρίσιν,

197 2449 227 2516 ή
263 2447 519 2519 εὐκαιρία
563 2447 661 2518 τῆς
699 2449 946 2518 χρήσεως
972 2448 1295 2520 ἀμφοτέρων
1326 2450 1506 2502 ἐστίν·
1551 2450 1626 2513 ὡς
1659 2452 1773 2521 εἴγε

197 2538 300 2601 ἔξω
346 2537 439 2590 τοῦ
470 2538 868 2601 λυσιτελοῦντος
893 2539 1129 2608 γίνοιτο,
1179 2540 1283 2603 ἔξω
1330 2544 1396 2594 ἂν
1429 2542 1512 2612 εἴη
1559 2543 1772 2597 καὶτοῦ

197 2630 391 2700 καιροῦ
438 2631 500 2683 τὺ
545 2631 827 2703 γινόμενον
855 2648 870 2664 ·
905 2631 1168 2704 πρότερον
1208 2632 1266 2685 δὲ
1310 2633 1428 2703 μὲν,
1458 2629 1634 2705 οίμαι,
1665 2637 1772 2707 χρὴ

195 2722 387 2790 νοῆσαι
433 2721 541 2774 τῶν
573 2721 667 2774 δύο
708 2722 912 2776 τούτων
949 2723 1211 2794 ῥημάτων
1246 2723 1308 2776 τὸ
1353 2727 1770 2796 σημαινόμενον,

196 2812 284 2864 τοῦ
321 2813 543 2883 φιλῆσαι
568 2812 708 2881 λέγω
737 2813 831 2866 καὶ
862 2813 958 2868 τοῦ
985 2813 1235 2884 μισῆσαι,
1265 2814 1329 2868 ἵν’
1357 2815 1530 2879 οὕτως
1557 2818 1651 2870 καὶ
1671 2818 1773 2888 τὴν

195 2901 449 2974 εὔκαιρον
507 2904 686 2957 αὐτῶν
742 2907 938 2976 χρῆσιν
999 2904 1078 2975 τῷ
1127 2905 1270 2977 λόγῳ
1326 2909 1769 2977 κατανοήσωμεν.

196 2993 419 3065 Φίλτρυν
452 2994 599 3046 ἐστὶν
630 2996 665 3065 ἡ
693 2994 995 3057 ἐνδιάθετος
1026 2995 1153 3065 περὶ
1190 2995 1250 3048 τὸ
1279 2995 1614 3067 καταθύμιον
1653 2998 1775 3067 σχέο

199 3102 279 3147 σις
305 3085 376 3138 δι’
409 3085 605 3155 ἡδονῆς
631 3086 726 3138 καὶ
753 3086 1121 3156 προσπαθείας
1149 3088 1517 3158 ἐνεργουμένη
1552 3105 1566 3118 ·
1616 3093 1773 3159 μῖσος

196 3175 249 3228 δὲ
276 3178 308 3245 ἡ
341 3176 479 3246 πρὸς
512 3177 572 3229 τὸ
596 3177 752 3247 ἀηδὲς
780 3176 1130 3248 ἀλλοτρίωσις
1162 3180 1255 3231 καὶ
1281 3182 1312 3248 ἠ
1348 3180 1442 3232 τοῦ
1478 3180 1773 3245 λυποῦντος

94 3312 105 3325 ,
195 3266 531 3336 ἀποστροφή.
585 3269 737 3320 Ἔστι
764 3268 819 3321 δὲ
850 3268 1054 3321 τούτων
1082 3270 1318 3341 ἑκατέρᾳ
1345 3271 1454 3324 τῶν
1479 3270 1773 3325 διαθέσεων

199 3358 286 3409 καί
311 3357 605 3420 λυσιτελῶς
638 3358 731 3410 καὶ
762 3360 853 3411 ἐπὶ
900 3359 1008 3412 τῶν
1036 3360 1290 3413 ἐναντίων
1320 3362 1648 3431 χρήσασθαι,
1681 3363 1774 3415 καὶ

196 3449 386 3518 ὥσπερ
436 3449 542 3511 πᾶς
582 3451 610 3501 ὁ
657 3451 777 3502 κατ’
815 3449 1013 3520 ἀρετὴν
1048 3450 1159 3520 βίος
1190 3451 1436 3504 ἐντεῦθεν
1471 3453 1573 3523 τὴν
1601 3453 1774 3524 ἀρχὴν

195 3537 326 3608 ἔχει.
369 3539 543 3591 Ὅπου
581 3539 689 3610 γὰρ
723 3539 789 3593 ἂν
826 3543 894 3610 τῇ
930 3540 1118 3612 ἀγάπῃ
1152 3542 1424 3611 ρἐωμεν,
1454 3545 1628 3595 ἐκεῖνο
1654 3547 1774 3606 ταῖς

196 3629 396 3701 ψυχαῖς
436 3630 784 3701 οἰκειούμεθα
809 3672 824 3696 ,
876 3632 969 3685 καὶ
1016 3633 1153 3703 πρὸς
1188 3634 1324 3703 ὅπερ
1359 3633 1425 3687 ἂν
1472 3635 1776 3704 μισητικῶς

196 3721 548 3792 διατεθῶμεν,
582 3722 769 3775 τούτου
817 3723 1262 3796 ἀλλοτριούμεθα.
1322 3726 1445 3778 Εἴτε
1491 3726 1600 3796 γὰρ
1637 3727 1773 3797 πρὸς

196 3815 255 3867 τὸ
281 3814 467 3879 καλὸν,
514 3816 626 3867 εἴτε
675 3815 811 3886 πρὸς
843 3815 901 3867 τὸ
946 3818 1113 3870 κακὸν
1145 3819 1176 3887 ἡ
1206 3817 1307 3885 τῆς
1336 3817 1514 3886 ψυχῆς
1553 3817 1774 3888 γένηται

200 3909 401 3977 σχέσις,
431 3908 823 3977 κατακιρνᾶταί
868 3923 983 3971 πως
1020 3901 1086 3980 τῇ
1118 3910 1263 3981 ψυχῇ
1299 3910 1360 3962 τὸ
1388 3910 1774 3980 ἀγαπώμενον.

198 3999 264 4051 "U
288 4016 342 4052 τι
373 3998 419 4052 δ’
451 3997 518 4052 ἂν
542 4000 628 4067 εἴη
656 4000 751 4050 καὶ
780 4001 915 4069 ὅπερ
946 4000 1013 4052 ἂν
1042 4001 1374 4073 παρεμπέσῃ
1406 4002 1493 4054 διὰ
1525 4002 1689 4071 μέσου
1718 4002 1779 4055 τὸ

199 4091 377 4158 μῖσος,
408 4090 600 4143 τούτου
634 4089 725 4143 τὸν
772 4093 1051 4163 χωρισμὸν
1085 4094 1509 4163 κατειργάσατο,
1535 4094 1645 4147 εἴτε
1679 4094 1776 4167 τοῦ

198 4178 386 4245 καλοῦ,
435 4179 547 4232 εἴτε
600 4180 694 4233 τοῦ
742 4183 1004 4253 χείρονος.
1057 4183 1267 4238 Οὐκοῦν
1306 4185 1666 4239 ἐπισκεπτέον
1713 4185 1779 4240 ἂν

196 4271 303 4341 εἴη.
337 4270 392 4323 τί
423 4271 523 4341 μὲν
567 4273 871 4342 ἀγαπητὸν,
896 4273 948 4326 τί
983 4272 1039 4325 δὲ
1069 4274 1291 4343 μισητόν
1333 4277 1449 4327 ἐστι
1488 4277 1554 4346 τῇ
1597 4275 1778 4344 φύσει,

196 4362 271 4425 ὠς
300 4364 369 4416 ἂν
402 4364 459 4418 ὲν
491 4363 665 4434 καιρῷ
696 4367 762 4435 τῇ
796 4365 1020 4436 τοιαύτῃ
1048 4366 1148 4435 τῆς
1175 4365 1353 4436 ψυχῆς
1378 4366 1616 4419 διαθέσει
1643 4383 1780 4437 χρη-

200 4452 455 4521 σάμενοι,
505 4452 615 4505 τῶν
662 4471 723 4507 τε
771 4453 957 4507 κακῶν
1002 4453 1273 4524 ἀλλότριοι
1321 4454 1411 4507 διὰ
1456 4452 1551 4505 τοῦ
1589 4454 1782 4523 μίσους

198 4545 489 4615 γενοίμεθα
523 4546 615 4599 καὶ
645 4548 710 4616 τῇ
741 4545 900 4614 φύσει
926 4545 1037 4599 τῶν
1064 4544 1284 4613 ἀγαθῶν
1312 4545 1645 4615 συγκραθείη
1655 4562 1775 4615 μεν.

198 4635 308 4687 Καὶ
344 4634 458 4687 εἴθε
502 4633 661 4688 τοῦτο
694 4636 800 4706 πρὸ
826 4634 1043 4688 πάντων
1087 4635 1121 4704 ἡ
1154 4633 1261 4686 τῶν
1286 4632 1588 4704 ἀνθρώπων
1619 4636 1778 4686 ὲπαιο

196 4726 381 4779 δεύετο
409 4727 590 4796 φύσις,
626 4728 706 4791 είς
731 4726 830 4796 τὴν
859 4726 951 4779 τοῦ
987 4725 1152 4779 καλοῦ
1182 4724 1345 4793 λέγω,
1374 4726 1468 4777 καὶ
1502 4724 1576 4795 μὴ
1604 4724 1779 4778 τοιού-

196 4833 289 4869 του
327 4817 634 4889 διάκρισινί
666 4817 741 4869 Οὐ
776 4816 885 4887 γὰρ
917 4816 983 4869 ἂν
1013 4816 1170 4886 ἔσχεν
1214 4803 1445 4886 πάροδον
1494 4815 1639 4867 κατά
1680 4814 1782 4883 τῆς

198 4907 344 4978 ζωῆς
372 4908 528 4980 ήμῶν
555 4909 624 4962 τά
650 4908 818 4978 πάθη,
848 4910 896 4961 εί
918 4907 977 4972 ἐξ
1006 4907 1177 4978 ἀρχῆς
1206 4905 1267 4959 τὸ
1288 4905 1450 4958 καλὸν
1480 4905 1780 4976 ἐγνωρίσα-

203 5018 318 5069 μεν.
365 5001 501 5053 Νυνὶ
533 5000 589 5053 δὲ
618 5001 714 5070 τὴν
745 4999 940 5067 ἄλογον
968 4999 1221 5067 αἴσθησιν
1253 4996 1346 5049 τοῦ
1378 4996 1543 5049 καλοῦ
1586 4999 1775 5067 κριτή-

202 5110 313 5162 ριον
337 5092 491 5162 παρά
527 5094 625 5163 τὴν
653 5092 876 5162 πρώτην
908 5082 1239 5162 ποιούμενοι,
1278 5088 1686 5160 συντρεφόμεθα
1712 5091 1779 5160 τῇ

201 5185 319 5237 κατ’
353 5184 526 5255 ἀρχὰς
573 5184 899 5257 ἐγγινομένῃ
937 5185 1065 5255 περὶ
1095 5184 1203 5236 τῶν
1250 5183 1418 5236 ὄντων
1457 5183 1656 5245 κρίσει,
1687 5181 1781 5234 καὶ

203 5274 394 5327 τούτου
414 5277 587 5345 ’χάριν
621 5275 1087 5337 δυσαποσπάστως
1124 5273 1322 5345 ἔχομεν
1348 5271 1455 5326 τῶν
1485 5274 1551 5342 τῇ
1588 5271 1781 5342 αἰσθή-

204 5381 284 5416 σει
309 5362 673 5433 νομισθέντων
704 5359 843 5416 εἴναι
867 5362 1066 5424 καλῶν,
1102 5363 1309 5424 ἑαυτοῖς
1335 5359 1432 5430 τὴν
1461 5375 1524 5410 πε
1535 5357 1588 5428 pi.
1608 5356 1779 5410 ταῦτα

206 5457 388 5527 σχέσιν
414 5460 480 5528 τῇ
518 5455 815 5526 συντροφία
849 5456 1193 5524 ποιήσαντες.

169 5752 179 5761 -
276 5727 453 5782 Καλὸν
489 5728 734 5796 φαίνεται
776 5729 887 5789 τοῖς
930 5725 1236 5794 ἀνθρώποις
1269 5724 1296 5779 ὃ
1335 5723 1630 5794 ὁιρθαλμοῖς
1660 5741 1780 5775 τινα

208 5818 399 5888 ἡδονὴν
429 5818 521 5894 διὰ,
541 5817 917 5891 τῆςέύχροίας
946 5816 1238 5889 ἐντίθησιν,
1271 5817 1379 5870 εἴτε
1408 5818 1563 5887 ἐν’τῇ
1588 5814 1780 5885 ἀψύχῳ

1804 1189 1854 1247 Α

2432 1172 2719 1229 HOMILIA
2761 1172 2895 1230 VIII.

1949 1268 2082 1324 CAP.
2116 1266 2205 1333 Ill,
2235 1282 2289 1321 ν.
2313 1267 2367 1319 8.
2417 1285 2434 1317 ι
2473 1265 2714 1335 Tempus
2746 1266 2986 1326 amandi,
3019 1272 3074 1320 et
3096 1246 3312 1334 tempus
3331 1264 3460 1320 odio

1880 1361 2140 1417 habendi.
2178 1381 2198 1414 ι
2262 1360 2401 1426 Quis
2455 1358 2562 1413 erit
2604 1358 2740 1412 adeo
2788 1357 3038 1428 purgatis
3093 1357 3341 1420 auribus,
3397 1365 3459 1410 ut

1878 1469 2015 1524 pure
2046 1453 2282 1523 accipiat
2310 1452 2360 1506 id
2408 1451 2556 1522 quod
2594 1450 2801 1505 dicitur
2839 1449 2906 1505 de
2939 1449 3197 1512 amando,
3230 1449 3458 1504 obsceni

1878 1544 2085 1600 amoris
2117 1542 2259 1598 nihil
2304 1556 2493 1598 secum
2528 1539 2801 1595 afferens?
2834 1539 3094 1593 Fortasse
3135 1545 3317 1592 autem
3360 1554 3459 1593 no-

1879 1644 2007 1692 strae
2027 1651 2193 1691 aures
2222 1649 2360 1705 opus
2383 1633 2582 1687 habent
2607 1631 2795 1702 digitis
2823 1629 2976 1695 Jesu,
3013 1640 3070 1684 ut
3096 1645 3193 1701 per
3214 1629 3457 1683 divinum

1884 1725 2043 1781 Verbi
2078 1732 2394 1781 contactum
2422 1722 2493 1777 ab
2524 1723 2671 1776 omni
2705 1721 2886 1786 sorde,
2929 1737 3052 1792 quae
3086 1723 3329 1776 obstruit
3355 1734 3459 1774 au-

1881 1817 2078 1879 ditum,
2112 1818 2383 1873 liberetur
2410 1816 2493 1870 vis
2522 1814 2782 1868 audiendi
2811 1821 3011 1868 ηοειιοιε
3040 1812 3239 1866 anima:
3272 1830 3286 1866 :
3321 1822 3379 1866 ut
3407 1820 3461 1865 ct

1870 1908 2210 1983 laudabilem
2267 1906 2535 1976 intelligat
2588 1919 2857 1966 amorem,
2904 1910 2959 1958 et
2995 1903 3178 1956 anima
3225 1901 3460 1971 accipiat

1878 1998 2155 2068 quodnam
2188 1998 2261 2053 sit
2304 2007 2520 2065 tempus
2549 1994 2794 2058 amandi,
2840 2001 2895 2048 et
2938 1992 3086 2063 quod
3128 1993 3201 2047 sit
3242 1998 3460 2061 tempus

1877 2090 2003 2145 odio
2028 2090 2281 2144 habendi.
2303 2086 2420 2141 Non
2443 2096 2572 2157 puto
2592 2093 2773 2139 autem
2800 2085 2903 2138 hoc
2926 2082 3071 2137 aliud
3100 2098 3221 2138 esse
3242 2091 3461 2151 tempus

1876 2191 2241 2253 praeterquam
2294 2181 2417 2249 ejus
2458 2180 2606 2248 quod
2662 2176 2944 2232 est'ntile.
3005 2177 3138 2241 Qua:
3186 2174 3334 2229 enim
3390 2188 3459 2228 ex

1879 2285 2113 2343 utroque
2141 2287 2332 2327 eorum
2376 2270 2597 2340 capitur
2627 2268 2859 2333 utilitas,
2908 2281 3028 2320 nico
3058 2266 3277 2336 quidem
3313 2262 3460 2335 judi-

1875 2368 2092 2429 cio,est
2144 2367 2430 2419 amborum
2475 2378 2610 2417 usus
2659 2361 3066 2431 Opportunitas.
3117 2356 3254 2411 Nam
3300 2357 3348 2412 si
3385 2357 3463 2410 ita

1877 2456 1995 2520 ﬁat,
2039 2464 2100 2510 ut
2143 2455 2216 2510 sit
2270 2461 2542 2509 remotum
2603 2454 2672 2506 ab
2720 2452 2979 2514 utilitate,
3042 2461 3198 2519 utra
3244 2455 3462 2518 tempus

1877 2548 2044 2601 etiam
2091 2544 2260 2600 fuerit
2294 2544 2347 2599 id
2386 2544 2535 2612 quod
2587 2544 2668 2597 ﬁt.
2707 2543 2883 2610 Atque
2934 2540 3089 2609 prius
3116 2539 3361 2609 quidem,
3403 2545 3465 2592 ut

1878 2637 2095 2707 opinor,
2129 2635 2543 2706 intelligendum
2571 2643 2659 2690 est
2688 2633 3057 2704 signiﬁcatum
3087 2632 3285 2685 horum
3323 2630 3464 2683 duo-

1877 2746 2001 2784 rum
2031 2729 2348 2792 verborum,
2384 2727 2630 2791 amandi,
2662 2727 2977 2796 inquam,et
3008 2724 3255 2784 ndicndi.
3286 2730 3347 2778 ut
3380 2724 3464 2779 sic

1878 2822 2045 2877 etiam
2077 2827 2451 2889 opportunum
2483 2833 2676 2873 eorum
2711 2831 2871 2872 usum
2915 2816 3101 2870 verbis
3140 2814 3458 2869 considere-

1878 2927 2024 2966 mus.
2056 2909 2226 2963 Amor
2248 2917 2336 2965 est
2364 2909 2702 2965 intrinsecus
2730 2907 2896 2961 insita
2929 2906 2984 2960 in
3016 2906 3069 2958 id
3100 2904 3251 2974 quod
3278 2903 3465 2959 animo

1877 3002 2309 3071 estjucundum,
2342 3000 2631 3061 habitudo,
2654 3013 2892 3068 Operans
2922 3012 3021 3066 per
3042 2996 3380 3064 voluptatem
3410 3001 3466 3050 et

1879 3091 2328 3146 delectationem.
2359 3088 2556 3144 Odium
2606 3097 2789 3143 autem
2847 3095 2932 3142 cst
2977 3087 3241 3141 alienatio
3283 3086 3353 3140 ab
3397 3099 3468 3140 eo

1878 3180 2027 3250 quod
2071 3188 2157 3235 est
2194 3180 2583 3248 injucmidum,
2613 3188 2667 3232 et
2712 3177 2931 3231 aversio
2963 3175 3033 3229 ab
3062 3189 3127 3230 eo
3158 3173 3306 3244 quod
3348 3187 3469 3227 mo-

1880 3274 2037 3328 lestia
2071 3272 2256 3326 allicit.
2294 3270 2598 3325 Possumus
2631 3279 2829 3323 autem.
2853 3277 3086 3335 utraque
3112 3268 3305 3320 harum
3329 3262 3500 3319 ωηο--

1879 3364 2127 3418 ctionum
2169 3371 2225 3416 et
2281 3362 2492 3415 utiliter
2538 3361 2641 3422 uti,
2691 3369 2745 3413 et
2775 3371 2987 3421 contra,
3049 3368 3104 3412 et
3139 3364 3198 3411 ut
3236 3370 3359 3426 qua:
3397 3368 3468 3413 ex

1878 3455 2085 3509 virtute
2115 3453 2228 3506 vita
2261 3453 2440 3521 agitur
2466 3451 2594 3504 hinc
2628 3451 2792 3504 habet
2815 3449 3172 3519 principium.
3211 3447 3292 3502 Ad
3318 3447 3469 3518 quod

1880 3546 2027 3601 enim
2052 3558 2241 3598 amore
2274 3541 2543 3595 fuerimus
2567 3541 2849 3610 propensi,
2895 3540 2969 3592 illi
3004 3538 3380 3593 familiaritate
3403 3551 3471 3591 ae

1880 3636 2293 3694 necessitudine
2353 3636 2537 3689 animo
2586 3634 3018 3703 conjungimur,
3074 3638 3128 3685 et
3186 3630 3253 3683 ad
3318 3634 3469 3700 quod

1881 3731 2009 3784 odio
2035 3728 2216 3797 affecti
2258 3742 2471 3790 sumus,
2509 3726 2579 3780 ab
2611 3740 2677 3779 eo
2710 3724 3037 3779 alienamur.
3072 3720 3204 3775 Nam
3245 3721 3360 3775 sive
3389 3721 3459 3775 ad

1884 3824 2085 3877 bonum
2106 3859 2120 3883 ,
2157 3818 2272 3873 sive
2299 3817 2366 3870 ad
2402 3816 2605 3870 malum
2646 3814 2810 3869 fuerit
2842 3813 3040 3866 anima:
3076 3810 3360 3872 habitudo,
3393 3812 3450 3865 in

1881 3914 2061 3967 anima
2091 3906 2501 3979 quodammodo
2526 3906 2792 3961 miscetur
2823 3902 2971 3973 quod
2996 3901 3261 3972 diligitur.
3294 3899 3463 3966 Quid-

1880 4001 2013 4071 quid
2064 4009 2248 4054 autem
2302 3997 2490 4059 fuerit,
2528 4004 2582 4051 et
2626 3995 2713 4049 cui
2756 3992 3148 4047 intermedium
3191 3991 3464 4044 interces-

1882 4093 2020 4147 serit
2052 4089 2264 4149 odium,
2299 4088 2421 4155 ejus
2455 4085 2584 4140 facit
2620 4083 3049 4154 separationem,
3078 4096 3177 4134 seu
3207 4079 3335 4134 boni
3356 4095 3464 4133 seu

1882 4184 2033 4238 mali.
2082 4183 2178 4236 Est
2230 4196 2361 4251 ergo
2402 4175 2868 4235 considerandum
2922 4173 3053 4243 quid
3107 4173 3181 4228 sit
3241 4170 3467 4239 quidem

1882 4274 2204 4336 amandum,
2234 4273 2368 4342 quid
2397 4286 2529 4327 vero
2560 4270 2633 4325 sit
2665 4284 2695 4323 a
2736 4276 2935 4323 natura
2970 4267 3097 4321 odio
3130 4262 3465 4325 habendum,

1883 4373 1942 4421 ut
1978 4366 2035 4420 in
2064 4372 2314 4434 tempore
2343 4368 2565 4416 utentes
2616 4359 2723 4414 hac
2764 4357 2938 4412 animi
2986 4354 3298 4418 alfectione.
3349 4361 3405 4408 et
3436 4370 3468 4408 a

1881 4458 2042 4513 malis
2090 4455 2257 4510 alieni
2304 4453 2612 4509 evadamus
2655 4465 2753 4521 per
2783 4448 2994 4513 odium,
3029 4456 3084 4501 et
3119 4461 3242 4501 cum
3290 4444 3468 4499 bono~

1882 4563 2003 4601 rum
2050 4554 2249 4600 natura
2302 4552 2804 4608 contemperemur.
2848 4537 2913 4590 Et
2947 4536 3155 4590 utinam
3206 4534 3310 4588 hoc
3340 4542 3471 4589 ante

1878 4639 2064 4692 omnia
2114 4636 2402 4690 hominum
2451 4634 2748 4687 doceretur
2781 4641 3004 4692 natura,
3046 4627 3113 4681 ad
3146 4626 3472 4682 discernen-

1879 4728 2031 4793 dum,
2066 4727 2312 4796 inquam,
2344 4725 2549 4778 bonum
2583 4730 2639 4776 et
2676 4723 2990 4785 honestum,
3013 4726 3067 4772 ct
3098 4717 3152 4771 id
3177 4717 3324 4787 quod
3357 4732 3470 4771 non

1877 4824 1963 4873 est
1987 4816 2297 4886 ejusmodi!
2333 4812 2455 4868 Non
2495 4813 2643 4867 enim
2673 4811 2742 4865 ad
2776 4811 2942 4864 vitam
2978 4818 3226 4864 nostram
3260 4806 3469 4863 aditum

1879 4907 2146 4967 haberent
2176 4905 2345 4958 animi
2376 4902 2846 4973 perturbationes,
2883 4899 2930 4954 si
2967 4898 3021 4951 id
3044 4897 3193 4969 quod
3231 4908 3315 4953 est
3352 4898 3454 4951 bo-

1880 5014 2012 5054 num
2066 5013 2358 5053 nossemus
2414 4996 2483 5048 ab
2531 4993 2714 5047 initio.
2787 4990 2945 5045 Nunc
2994 4997 3182 5043 autem
3245 5001 3470 5042 sensum

1881 5098 2162 5161 expertem
2197 5087 2452 5151 rationis,
2479 5084 2722 5153 iudicem
2752 5082 2878 5136 boni
2903 5090 2957 5135 et
2985 5080 3198 5135 honesti
3227 5079 3470 5148 primum

1889 5182 2175 5246 facientes,
2209 5180 2373 5235 simul
2408 5178 2610 5231 alimur
2640 5189 2765 5228 cum
2800 5188 2866 5227 eo
2893 5171 3106 5243 judicio
3141 5170 3211 5225 de
3249 5168 3318 5223 iis
3348 5182 3472 5237 qua:

1889 5281 2039 5335 sunt,
2090 5270 2240 5340 quod
2289 5269 2435 5323 inest
2477 5282 2507 5319 a
2557 5261 2856 5335 principio,
2903 5269 2958 5317 et
3009 5259 3131 5313 ideo
3179 5255 3472 5310 dilIiculter

1889 5363 2179 5419 avellimur
2224 5362 2293 5416 ab
2332 5361 2401 5417 iis
2437 5374 2561 5429 quae
2606 5357 2749 5411 bona
2790 5368 2914 5409 esse
2955 5364 3155 5405 sensus
3183 5346 3471 5402 existima-

1884 5456 1982 5517 vit,
2034 5463 2093 5508 ut
2139 5454 2233 5522 qui
2294 5454 2504 5506 ﬁrmam
2551 5462 2617 5502 ac
2660 5445 2914 5507 stabilem
2962 5440 3123 5495 nobis
3169 5438 3472 5493 fecerimus

1888 5549 2291 5609 habitudinem,
2354 5562 2420 5601 eo
2473 5541 2619 5614 quod
2665 5555 2790 5593 cum
2844 5537 2915 5591 iis
2964 5533 3130 5589 simul
3179 5530 3366 5587 educti
3415 5538 3473 5586 et

1885 5640 2111 5695 eiiutriti
2143 5654 2356 5694 sumus.

1959 5726 2254 5785 Pulchrum
2297 5726 2517 5780 videtur
2564 5720 2907 5785 hominibus,
2949 5714 3099 5787 quod
3154 5713 3335 5769 oculis
3372 5726 3470 5783 per

1891 5822 2092 5879 bonum
2129 5820 2367 5877 colorem
2412 5813 2570 5871 all‘crt
2601 5812 2941 5881 voluptatem
2978 5808 3097 5865 sive
3135 5808 3190 5862 in
3225 5805 3471 5860 inanima
