3874 6364
439 383 544 437 τις
1679 401 2007 459 SJGREGO}

2120 401 2413 460 NYSSENI
3616 405 3723 459 7'36

440 498 694 562 materia,
727 498 843 552 sive
869 499 923 552 in
953 499 1219 559 animatis
1249 509 1603 575 spectaculis.
1638 510 1865 567 Auditui
1900 516 2007 584 pul-

2131 514 2254 588 ὕλῃ,
2285 518 2395 570 εἴτε
2425 517 2485 569 ἐν
2511 518 2623 579 τοῖς
2658 514 2923 586 ἐμψύχοις
2955 514 3216 587 θεάμασι.
3248 516 3432 571 Καλὸν
3466 520 3533 589 τῇ
3578 519 3721 589 ἀκιῇ

439 587 571 641 cbra
621 605 710 644 res
746 601 831 644 est
880 590 1138 647 mclodia.
1181 596 1238 649 In
1288 601 1583 668 saporibus
1621 619 1843 675 quoque
1883 616 1939 662 et
1971 609 2007 662 ir

2129 587 2536 679 τὸίμελῴδημα
2575 625 2588 640 ·
2641 609 2735 662 καὶ
2779 608 2839 662 ὲν
2879 611 2994 672 τοῖς
3037 612 3232 679 χυμοῖς
3275 610 3333 662 δὲ
3384 610 3480 663 καὶ
3512 587 3579 663 εν

436 678 701 733 odoribus
751 680 1026 750 ejusmodi
1069 685 1278 741 bonum
1336 704 1403 764 ac
1449 693 1743 760 pulchrum
1793 696 2025 764 delinit,

438 767 572 822 illud
605 768 826 838 quidem
869 783 1087 842 gustus,
1126 776 1231 832 hoc
1265 762 1405 834 vero.
1441 784 1726 840 odoratus.
1768 784 2025 844 Omnium

435 870 617 914 autem
653 864 1071 933 gravissimum,
1107 880 1162 924 et
1192 885 1222 922 a
1252 874 1466 929 ratione
1502 877 1905 934 alienissimum
1941 890 2027 938 est

434 957 639 1014 tactus,
675 967 769 1021 per
795 970 959 1023 quem
992 957 1371 1029 intemperans
1402 964 1676 1033 voluptas,
1708 968 1760 1023 in
1786 985 1852 1024 eo
1875 973 2024 1041 quod

433 1041 726 1110 pulchrum
766 1055 852 1100 est
887 1047 1268 1117 dijudicando,
1323 1056 1532 1122 primas
1572 1060 1716 1128 apud
1762 1071 2020 1118 naturam

433 1140 623 1201 partes
647 1144 812 1190 tenet.
841 1135 1113 1201 Quoniam
1136 1157 1267 1213 ergo
1292 1157 1491 1202 sensus
1513 1163 1637 1202 eum
1665 1154 2024 1211 nascentibus

433 1221 597 1278 nobis
633 1223 821 1283 statim
867 1229 1147 1296 oriuntur,
1190 1244 1401 1289 etcum
1450 1239 1530 1293 eis
1580 1241 1635 1294 in
1684 1243 1863 1312 primo
1900 1246 2024 1301 vitae

430 1309 594 1367 initio
644 1316 831 1370 statim
885 1334 1208 1389 versamur;
1242 1326 1294 1380 vi
1339 1336 1521 1384 autem
1573 1335 1844 1391 sentiendi
1891 1352 2018 1392 eum

431 1402 544 1455 vita
581 1418 611 1457 a
656 1408 874 1465 ratione
904 1412 1084 1466 aliena
1119 1431 1314 1486 magna
1356 1428 1442 1475 est
1477 1420 1865 1479 familiaritas:
1890 1444 2016 1483 om-

432 1495 525 1548 nia
571 1498 719 1552 enim
767 1501 1038 1570 ejusmodi
1092 1516 1401 1563 cernuntur
1441 1512 1606 1567 etiam
1665 1516 1720 1569 in
1772 1516 2015 1575 bestiis:

432 1602 591 1643 mens
629 1599 810 1646 autem
847 1596 1572 1671 quodammodoimpeditur
1606 1620 1638 1660 a
1692 1622 1791 1662 sua
1821 1624 2020 1679 opera-

432 1677 607 1738 tione.
645 1690 706 1735 ut
751 1700 917 1753 quam
947 1703 1056 1742 non
1096 1691 1280 1760 capiat
1312 1693 1569 1760 infantia,
1616 1705 1673 1752 et
1703 1677 1886 1769 aliqua
1932 1718 2016 1758 ra-

435 1770 590 1827 tione
613 1777 944 1843 exprimitur
972 1796 1001 1835 a
1033 1781 1318 1839 dominatu
1354 1802 1556 1844 sensus
1586 1791 1679 1859 qui
1705 1801 1793 1847 est
1818 1810 2016 1865 expers

431 1864 670 1919 rationis
696 1885 708 1920 :
735 1878 1023 1939 propterea
1056 1873 1230 1930 falsus
1266 1887 1321 1932 et
1346 1879 1613 1936 aberraus
1638 1899 1773 1939 usus
1794 1860 2012 1941 amandi
2050 1860 2091 1915 Β

429 1949 757 2018 alleCtionis,
811 1960 1145 2031 principium
1191 1973 1279 2021 est
1329 1975 1401 2029 et~
1434 1968 1854 2028 fundamentum
1896 1975 2019 2031 vitae

429 2058 552 2112 qua:
583 2046 637 2099 in
677 2048 812 2103 vitio
838 2053 1042 2122 agitur.
1078 2053 1215 2111 Nam
1247 2060 1508 2129 quoniam
1558 2063 1759 2134 duplex
1793 2075 1880 2123 est
1922 2084 2018 2123 no-

428 2135 519 2191 bis
562 2148 782 2207 natura,
818 2159 1015 2215 nempe
1055 2156 1110 2202 et
1147 2164 1214 2205 eo
1238 2153 1388 2221 quod
1422 2154 1528 2210 sub
1568 2157 2017 2230 intelligentiam,

427 2233 485 2278 et
512 2241 579 2282 eo
605 2230 750 2298 quod
784 2234 891 2288 sub
922 2251 1146 2292 sensum
1177 2242 1323 2297 cadit
1343 2255 1780 2317 contemperata,
1815 2252 2016 2322 duplex

428 2330 834 2388 consequenter
864 2335 948 2382 est
976 2330 1137 2386 nobis
1170 2332 1302 2399 vita,
1344 2352 1469 2415 qua:
1503 2338 1558 2392 iu
1599 2349 1837 2410 utroque
1872 2343 2018 2400 inest

428 2413 879 2470 convenienter:
920 2425 1286 2491 corporaliter
1330 2413 1553 2497 quidem
1603 2435 1743 2501 parti
1797 2437 2014 2501 sensili,

429 2501 594 2561 alteri
656 2516 840 2561 autent
902 2510 1347 2583 incorporalitcr.
1397 2519 1666 2578 Similiter
1720 2534 1903 2581 autent
1961 2536 2018 2583 et

396 2578 681 2661 quodest
715 2598 945 2665 bonum,
983 2612 1037 2657 et
1064 2578 1216 2673 quod
1261 2623 1369 2664 non
1403 2620 1487 2667 est
1526 2612 1867 2682 hujusmodi,
1905 2634 2015 2673 non

424 2682 567 2739 idem
590 2680 676 2743 est
706 2691 928 2761 utrique
955 2697 1078 2751 vita:
1102 2708 1308 2755 nostrae
1331 2707 1542 2771 generi,
1578 2708 1672 2763 sed
1704 2710 1755 2765 id
1788 2712 2011 2781 quidem

423 2774 571 2846 quod
608 2783 913 2853 percipitur
952 2787 1339 2861 intelligentia,
1376 2796 1425 2851 ei
1454 2814 1575 2867 quae
1610 2802 1761 2855 cadit
1786 2774 1890 2859 sub
1923 2806 2008 2860 in-

424 2870 787 2939 telligentiam
816 2892 829 2929 :
863 2881 1056 2935 sensili
1092 2893 1275 2939 autem
1311 2894 1367 2941 et
1414 2905 1699 2959 corporeae
1727 2896 1871 2964 parti
1906 2899 2014 2953 tale

423 2959 592 3026 quale
635 2964 750 3017 vult
793 2980 1016 3024 sensus.
1064 2968 1336 3036 Quoniam
1377 2992 1508 3047 ergo
1549 2995 1750 3037 sensus
1789 2986 2010 3053 quidem

422 3051 591 3106 simul
620 3056 869 3109 nascitur
893 3074 1018 3114 cum
1052 3062 1232 3130 primo
1255 3075 1403 3130 ortu,
1430 3085 1584 3127 mens
1605 3081 1787 3128 autem
1817 3092 2013 3147 exspe-

422 3151 539 3196 ctat
563 3150 621 3196 ut
646 3156 908 3219 excurrat
935 3160 1069 3207 aetas
1103 3154 1169 3209 ad
1202 3162 1606 3227 symmetriam,
1645 3176 1705 3220 ut
1737 3168 1854 3238 ipsa
1879 3186 2011 3239 pos-
2041 3203 2085 3263 η

425 3232 493 3263 ..ἕο
548 3237 811 3263 “Hann.--
870 3258 1128 3263 .--._-_-_-
1184 3248 1195 3259 ι
1366 3252 1377 3263 .
1404 3252 1414 3261 .
1739 3260 1750 3263 _

425 3232 499 3287 sit
547 3237 814 3304 paulatim
868 3258 1136 3312 apparere
1184 3248 1237 3301 in
1292 3252 1566 3319 subjecto,
1608 3272 1673 3311 ea
1719 3232 1787 3314 de
1841 3232 2009 3319 causa

424 3339 627 3380 sensus
659 3328 1003 3386 dominatum
1038 3335 1255 3393 obtinet
1290 3340 1345 3394 in
1380 3351 1617 3400 mentem
1647 3361 1770 3417 qua;
1802 3351 2009 3407 sensim

422 3417 660 3485 accedit,
698 3428 757 3476 et
798 3438 1018 3495 semper
1066 3432 1338 3486 assuesi-it
1370 3435 1418 3488 ei
1447 3437 1596 3504 quod
1628 3442 1805 3511 magis
1843 3444 2011 3500 abun-

421 3505 603 3565 datad
637 3514 686 3568 ei
732 3515 1123 3586 obediendmn,
1162 3522 1297 3579 illud
1330 3526 1531 3582 bonum
1568 3532 1653 3585 vel
1691 3505 1893 3590 malum
1917 3537 2007 3608 ju-

420 3599 636 3669 dicans,
663 3608 809 3675 quod
860 3612 1228 3679 expetendum
1276 3618 1364 3672 vel
1396 3620 1761 3689 rejiciendum
1805 3599 2007 3686 sensus

420 3695 706 3752 statuerit.
745 3698 865 3764 Quo
903 3702 980 3764 fit,
1020 3713 1079 3773 ut
1114 3705 1187 3760 sit
1218 3708 1381 3764 nobis
1413 3711 1647 3769 arduum
1689 3727 1746 3771 et
1786 3718 2009 3777 diflicile

420 3799 608 3840 vermn
670 3788 875 3845 bonum
940 3802 1123 3850 mente
1178 3803 1683 3876 comprehendere;
1746 3812 2004 3880 quoniam

418 3886 788 3951 praeoccupati
809 3901 1006 3942 suqus
1032 3891 1313 3948 sentiendi
1337 3895 1720 3958 instrumentis
1741 3947 1755 3969 ,
1774 3920 1840 3961 eo
1859 3907 2004 3976 quod

416 3971 656 4027 delectat
683 3983 737 4029 et
766 3977 952 4032 laetitia
981 3981 1180 4047 afficit,
1206 3984 1411 4040 bonum
1449 3998 1505 4043 et
1548 3992 1841 4051 honestum
1878 3971 2003 4052 eir-

418 4066 884 4124 cumscrib’entes.
935 4070 1228 4137 Quomodo
1279 4078 1426 4132 enim
1471 4081 1585 4138 fieri
1639 4099 1749 4139 non
1801 4098 2002 4159 potest,

419 4161 480 4209 ut
495 4156 564 4211 ad
578 4172 700 4211 eam
733 4176 857 4231 qua:
884 4165 1043 4219 estin
1073 4168 1231 4224 uelis
1267 4171 1735 4240 pulchritudinem
1769 4156 2007 4252 aspicia-

416 4265 560 4311 mus.
591 4251 638 4305 si
673 4268 854 4310 aerem
879 4259 972 4329 qui
1007 4270 1094 4316 est
1136 4275 1305 4334 supra
1343 4276 1510 4337 caput
1553 4270 1732 4341 caligo
1769 4251 2005 4334 interce-

415 4342 603 4410 perit:
642 4345 714 4398 ita
746 4363 846 4403 nec
873 4352 1072 4407 oculus
1117 4355 1319 4411 animae
1361 4358 1430 4412 ad
1472 4358 1729 4417 virtutem
1784 4366 2001 4436 aspicit,

412 4435 458 4489 si
498 4450 594 4504 per
623 4439 985 4509 voluptatem,
1022 4446 1191 4500 veluti
1233 4450 1530 4518 quamdam
1567 4435 1864 4525 caliginem
1882 4456 2003 4527 ejus

2125 700 2315 772 ὁσμοῖς
2368 702 2533 756 καλὸν
2581 702 2845 773 ὁρίζεται,
2881 701 2943 755 τὸ
2986 700 3088 771 μὲν
3135 703 3170 771 ἡ
3222 700 3435 768 γεῦσις,
3477 701 3540 754 τὸ
3581 701 3641 754 δὲ
3688 703 3724 770 ἦ

2124 791 2410 864 ὄσφρησις,
2459 794 2532 847 Τὸ
2566 794 2623 847 δὲ
2656 794 2874 857 πάντων
2927 792 3233 864 Βαρύτατὸν
3276 810 3337 847 τε
3380 793 3476 846 καὶ
3506 793 3723 861 ἀλογώ-

2125 884 2285 937 τατόν
2314 888 2462 938 ἐστιν
2497 886 2529 955 ή
2563 885 2697 955 ἁφὴ,
2742 884 2811 937 δι’
2839 878 2909 955 ἦς
2934 884 2969 954 ἡ
3008 883 3306 946 ἀκόλαστος
3333 883 3497 955 ήδονὴ
3525 884 3620 937 ἐπὶ
3650 889 3721 956 τῇ

2123 974 2218 1028 τοῦ
2250 977 2416 1030 καλοῦ
2446 977 2612 1047 ψήφῳ
2648 974 2973 1048 προτερεύει
3015 978 3083 1047 τῇ
3117 975 3298 1044 φύσει.
3345 976 3499 1029 Ἐπεὶ
3527 971 3625 1029 οὖν
3661 978 3723 1029 αἱ

2123 1067 2405 1138 αἰσθήσεις
2425 1070 2555 1141 ἡμῖν
2577 1067 2740 1132 εὐθὺς
2769 1067 3078 1138 γινομένοις
3103 1067 3606 1131 συναποτίκτονται,
3626 1070 3723 1120 καὶ

2122 1156 2400 1229 sarit-abigi
2450 1158 2602 1229 παρά
2647 1159 2748 1230 τὴν
2792 1157 3022 1230 πρώτην
3070 1157 3217 1229 ζωὴν
3258 1157 3719 1230 συστρεφόμεθα·
3806 1238 3815 1243 _

2123 1247 2291 1319 πολλὴ
2318 1249 2375 1300 δέ
2398 1250 2514 1302 ἐστι
2549 1252 2613 1321 τῇ
2645 1249 2937 1321 αἰσθητικῇ
2966 1248 3195 1320 δυνάμει
3225 1250 3362 1321 πρὸς
3389 1251 3488 1322 τὴν
3519 1251 3721 1319 ἄλογον

2121 1336 2269 1408 ζωὴν
2294 1339 2327 1408 ἡ
2357 1338 2657 1404 οἰκείωσιςι
2689 1340 2870 1395 πάντα
2901 1338 3010 1412 γὰρ
3042 1338 3111 1394 τά
3133 1341 3360 1394 τοιαῦτα
3388 1341 3483 1394 καὶ
3513 1343 3575 1394 ὲν
3601 1343 3719 1405 τοῖς

2120 1424 2338 1494 ἀλόγοις
2370 1429 2593 1497 ὁρᾶται·
2622 1428 2650 1478 6
2681 1425 2738 1477 δὲ
2767 1427 2894 1492 νοῦς
2921 1428 3271 1500 ἐμποδίζεταί
3303 1447 3420 1493 πως
3449 1430 3589 1501 πρὸς
3617 1431 3721 1501 τὴν

2118 1514 2324 1569 οἰκείαν
2371 1516 2650 1586 ἐνέργειαν
2698 1515 2805 1569 ὑπὸ
2855 1517 2955 1588 τῆς
3004 1517 3331 1589 νηπιότητος
3376 1518 3452 1591 μὴ
3498 1518 3716 1591 χωρού-

2123 1621 2281 1675 μενος
2309 1646 2323 1669 ,
2376 1607 2492 1660 ἀλλ’
2521 1606 2831 1662 ἐκθλίϐεται
2858 1609 3214 1682 τρόπον.τινά
3248 1613 3314 1682 τῇ
3348 1613 3716 1685 ἐπικρατήσει

2118 1697 2217 1767 τῆς
2250 1699 2598 1773 ἀλογωτέρας
2637 1701 2967 1773 αἰσθήσεως,
2999 1702 3087 1757 διά
3126 1702 3285 1758 τοῦτο
3314 1704 3716 1777 πεπλανημένη

2118 1805 2179 1841 τε
2232 1791 2326 1844 καὶ
2389 1784 2807 1865 διῆμαρτημένη
2863 1794 2963 1862 τῆς
3014 1796 3366 1868 ἀγαπητικῆς
3415 1798 3719 1861 διαθέσεως

2120 1883 2339 1952 χρῆσις,
2374 1883 2516 1953 ἀρχὴ
2552 1884 2647 1936 καὶ
2677 1884 2935 1948 ὑπόθεσις
2975 1884 3069 1938 τοῦ
3103 1885 3245 1940 κατά
3275 1888 3472 1942 κακίαν
3498 1889 3715 1956 γίνεται

2122 1974 2258 2044 βίου.
2308 1974 2523 2046 Ἐπειδὴ
2551 1972 2661 2045 γὰρ
2689 1975 2852 2046 διπλῆ
2879 1977 2962 2041 τίς
2995 1978 3145 2031 ἐστιν
3169 1980 3300 2050 ήμίν
3341 1981 3375 2049 ἡ
3407 1978 3598 2047 φύσις,
3634 1980 3716 2051 τῷ

2118 2065 2296 2138 νοητῷ
2316 2083 2376 2119 τε
2411 2066 2505 2119 καὶ
2538 2066 2781 2137 αἰσθητῷ
2813 2071 3255 2142 συγκεκραμένη,
3283 2070 3443 2142 διπλῆ
3476 2073 3626 2126 κατὰ
3652 2074 3717 2127 τὺ

2118 2155 2413 2211 ἀκόλουθόν
2443 2157 2590 2210 ἐστιν
2621 2158 2754 2228 ἡμῖν
2784 2157 2879 2211 καὶ⁸
2905 2160 2938 2230 ή
2966 2158 3110 2231 ζωὴ,
3158 2162 3435 2233 ἑκατέρων
3483 2165 3543 2216 ὲν
3577 2165 3717 2234 ἡμῖν

2118 2247 2469 2319 καταλλήλως
2494 2248 2842 2321 ἐγγινομένη,
2874 2252 3198 2321 σωματικῶς
3232 2255 3331 2323 μὲν
3354 2254 3435 2325 τῷ
3460 2256 3717 2327 αἰσθητῴ

2121 2339 2299 2410 μέρει,
2334 2339 2413 2410 τῷ
2454 2340 2510 2392 δὲ
2558 2340 2732 2411 ἑτέρῳ
2762 2342 3091 2412 ἀσωμάτως.
3138 2343 3411 2409 Ὡσαύτως
3439 2346 3495 2398 δὲ
3521 2348 3620 2417 καὶ
3650 2347 3716 2400 τὸ

2117 2430 2284 2484 καλόν
2311 2448 2370 2483 τε
2400 2432 2494 2485 καὶ
2538 2431 2613 2502 μὴ
2648 2430 2911 2499 τοιοῦτον,
2946 2433 3006 2486 ού
3034 2433 3095 2487 τὸ
3127 2436 3258 2489 αὐτό
3282 2438 3430 2490 ἐστιν
3456 2439 3714 2510 ἑκατέρῳ

2115 2522 2195 2594 τῷ
2221 2523 2318 2593 τῆς
2343 2524 2487 2593 ζωῆς
2509 2523 2668 2595 ἡμῶν
2694 2524 2845 2589 εῖδει,
2872 2525 3011 2579 ἀλλά
3040 2526 3232 2598 νοητὸν
3255 2527 3375 2597 μὲν,
3400 2527 3479 2599 τῷ
3502 2530 3709 2600 νοητῷ·

2115 2614 2193 2684 τῷ
2221 2614 2279 2668 δὲ
2303 2615 2546 2686 αἰσθητῷ
2585 2631 2646 2668 τε
2673 2616 2768 2669 καὶ
2801 2618 3103 2689 σωματικῷ
3133 2622 3289 2690 μέρει
3315 2620 3560 2674 τοιοῦτον
3590 2617 3711 2675 οἷον

2116 2708 2150 2777 ἡ
2184 2706 2440 2778 αἴσθησις
2472 2707 2742 2777 βούλεται.
2791 2707 2945 2761 Ἐπεὶ
2971 2705 3066 2763 οὖν
3096 2714 3128 2781 ή
3166 2712 3266 2782 μὲν
3308 2713 3563 2784 αἴσθησις
3589 2714 3713 2784 ἅμα

2113 2803 2183 2871 τῇ
2220 2800 2412 2873 πρώτῃ
2443 2801 2658 2869 γενέσει
2690 2803 3017 2873 συμφύεται,
3042 2808 3071 2857 6
3091 2805 3149 2858 δὲ
3175 2806 3297 2869 νοῦς
3325 2808 3585 2877 ἀναμένει
3604 2810 3711 2880 τὴν

2114 2895 2196 2957 είς
2233 2897 2295 2947 τὸ
2324 2893 2637 2965 σύμμετρον
2673 2896 2774 2965 τῆς
2806 2896 3023 2967 ήλικίας
3063 2898 3393 2971 ἀναδρομὴν,
3424 2900 3569 2954 ὥστε
3610 2901 3709 2954 δυ-

2114 2984 2344 3056 νηθῆναι
2383 2988 2503 3039 κατ’
2534 2986 2713 3054 ὀλίγον
2742 2988 3049 3058 ὲμφανῆναι
3076 2990 3154 3060 τῷ
3179 2991 3545 3062 ὑποκειμένῳ,
3575 2993 3708 3046 τού-

2114 3093 2209 3129 του
2243 3076 2402 3147 χάριν
2430 3076 2814 3131 δυναστεύεται
2847 3079 2955 3132 ὑπὸ
2992 3079 3089 3150 τῆς
3135 3080 3439 3151 αἰσθήσεως
3465 3085 3494 3135 6
3524 3083 3649 3147 νοῦς
3678 3088 3712 3138 ὁ

2116 3167 2259 3221 κατὰ
2307 3169 2511 3240 μικρὸν.
2533 3170 2912 3240 ὲγγινόμενος,
2949 3171 3042 3225 καὶ
3074 3172 3219 3226 κατά
3265 3175 3466 3244 κράτος
3509 3175 3599 3228 ἀεὶ
3625 3173 3710 3246 τῷ

2115 3258 2465 3323 πλεονάζοντι
2511 3260 2648 3332 πρὸς
2690 3260 2753 3313 τὸ
2801 3262 3098 3316 ὑπακούειν
3144 3263 3293 3334 αὐτῷ
3336 3265 3706 3331 συνεθίζεται,

2114 3352 2290 3404 έκεῖνο
2316 3350 2479 3404 καλὸν
2509 3352 2542 3422 ἢ
2580 3351 2782 3422 φαῦλον
2808 3353 3033 3426 κρίνων,
3067 3355 3205 3427 ὅπερ
3237 3356 3304 3410 ἂν
3331 3357 3364 3428 ἢ
3400 3358 3705 3429 προέληται

2111 3441 2145 3513 ἢ
2197 3442 2445 3513 ἀποϐάλῃ
2493 3445 2526 3515 ἡ
2571 3443 2842 3515 αἴσθησις.
2880 3444 2979 3498 Διά
3026 3445 3185 3499 τοῦτο
3242 3447 3450 3519 χαλεπή
3495 3467 3557 3503 τε
3608 3452 3709 3504 καὶ

2111 3535 2555 3608 δυσκατόρθωτος
2582 3538 2714 3607 ἡμῖν
2748 3539 2781 3608 ἡ
2814 3537 2910 3619 τού
2944 3537 3161 3610 ἀληθῶς
3192 3540 3396 3608 ἀγαθοῦ
3427 3543 3703 3615 κατανόη-

2113 3645 2196 3691 σις
2225 3628 2436 3697 γίνεται
2455 3646 2469 3658 ο
2498 3629 2580 3683 ὅτι
2623 3630 3041 3701 προειλήμμεθα
3070 3634 3185 3697 τοῖς
3217 3633 3557 3705 αίσθητικοῑς
3583 3654 3705 3707 κρι-

2108 3721 2340 3791 τηρίοις,
2385 3722 2444 3775 ἐν
2491 3720 2571 3791 τῷ
2612 3721 2957 3793 εύφραίνοντί
2998 3741 3061 3777 τε
3102 3726 3195 3778 καὶ
3233 3725 3415 3796 ἥδοντι
3441 3727 3505 3781 τὸ
3538 3729 3705 3782 καλὸν

2108 3813 2683 3886 ὁριζόμενοινὮσπερ
2712 3814 2821 3885 γὰρ
2851 3815 2953 3868 οὐκ
2983 3814 3098 3870 ἔστι
3136 3817 3273 3887 πρὸς
3298 3818 3368 3871 τὰ
3395 3819 3455 3872 ὲν
3481 3820 3703 3892 ούρανῷ

2110 3903 2281 3974 κάλλη
2314 3903 2553 3974 βλέπειν,
2588 3904 2823 3976 ὁμίχλης
2851 3906 2942 3960 τὸν
2972 3906 3115 3978 ὑπὲρ
3143 3909 3384 3981 κεφαλῆς
3410 3909 3552 3981 ἀέρα
3582 3913 3700 3966 δια-

2107 3994 2410 4066 λαὸούσης’
2444 3994 2618 4059 οὕτως
2652 3995 2773 4049 οὐδὲ
2818 3997 2848 4048 6
2872 3996 2989 4079 ⁶τῆς
3039 3998 3218 4068 ψυχῆς
3250 3998 3530 4069 ὀφθαλμὸς
3564 4002 3701 4072 πρὸς

2106 4088 2208 4157 τὴν
2250 4087 2451 4159 ἀρετὴν
2495 4087 2726 4160 καθορᾷ,
2768 4084 2881 4141 οἷον
2926 4088 3088 4160 ἀχλύῖ
3120 4090 3228 4144 τινὶ
3276 4091 3410 4162 πρὸς
3442 4092 3543 4164 τὴν
3577 4094 3701 4164 ὄψιν

2106 4176 2194 4231 διά
2220 4177 2321 4248 τῆς
2345 4179 2541 4249 ἡδονῆς
2581 4178 3003 4251 ἀναλαϐόμενος.
3044 4181 3208 4235 -Ἑπεὶ
3251 4177 3343 4235 οὖν
3384 4185 3416 4254 ή
3472 4183 3574 4253 μὲν
3613 4187 3700 4238 ἀί-

2108 4269 2300 4342 σθησις
2342 4271 2480 4343 πρὸς
2524 4272 2626 4343 τὴν
2676 4271 2873 4343 ἡδονὴν
2918 4265 3130 4343 βλέπὲι,
3165 4276 3193 4327 6
3222 4275 3278 4328 δὲ
3319 4276 3444 4340 νοῦς
3477 4277 3567 4331 διά
3603 4278 3697 4351 τῆς

2106 4362 2299 4434 ἡδονῆς
2352 4363 2488 4434 πρὸς
2533 4364 2636 4436 τὴν
2682 4364 2885 4435 ἀρετὴν
2934 4366 3067 4436 όρᾷν
3119 4366 3504 4437 ὲμποδίζεται,
3558 4370 3699 4440 αὕτη

2104 4455 2315 4525 γίνεται
2342 4457 2374 4526 ἡ
2403 4456 2505 4526 τῆς
2537 4456 2736 4520 κακίας
2758 4456 2921 4528 ἀρχὴ,
2946 4456 3083 4511 διότι
3106 4456 3207 4530 τὴν
3231 4458 3424 4528 ἄλογον
3453 4461 3585 4532 περὶ
3606 4463 3698 4515 τοῦ

409 4526 750 4586 obtundatur
789 4535 964 4590 visus.
1018 4536 1291 4603 Quoniam
1345 4556 1477 4613 ergo
1536 4559 1736 4599 sensus
1777 4526 1999 4618 quidem

2111 4542 2273 4598 καλοῦ
2302 4546 2485 4616 κρίσιν
2506 4545 2602 4599 καὶ
2626 4546 2655 4598 6
2676 4526 2927 4609 νοῦς
2955 4548 3055 4619 τῆς
3083 4526 3390 4620 αἰσθήσεως
3409 4526 3696 4606 δυναστευ-

410 4620 609 4689 aspicit
630 4624 698 4679 ad
718 4628 1069 4697 voluptatem,
1121 4646 1277 4688 meus
1318 4645 1500 4689 autem
1555 4637 1853 4707 impeditur
1903 4657 1999 4711 per

410 4712 743 4783 voluptatem
790 4736 859 4774 ne
880 4721 1061 4777 videat
1087 4724 1375 4789 virtutem,
1413 4725 1518 4782 hoc
1538 4736 1624 4782 est
1663 4730 1996 4801 principium

408 4804 552 4869 vitii,
596 4810 855 4876 quoniam
908 4827 940 4865 a
988 4815 1203 4869 ratione
1256 4814 1498 4872 alienum
1543 4819 1613 4874 de
1642 4821 1790 4876 bono
1819 4825 1999 4879 etho-

407 4897 869 4977 nestojudicium,
899 4921 1052 4961 mens
1082 4924 1324 4979 quoque,
1364 4910 1420 4964 in
1449 4926 1614 4981 quam
1646 4908 1846 4968 sensus
1893 4917 1993 4972 ob-

405 4988 543 5045 tinet
572 4989 940 5059 dominatum,
980 5014 1082 5054 suo
1140 5003 1467 5072 comprobat
1512 5004 1799 5076 suffragio,
1845 5015 1899 5063 et
1945 5008 1990 5064 si

403 5082 608 5138 dixerit
643 5088 838 5144 oculus
862 5091 1154 5159 pulchrum
1186 5104 1239 5149 et
1277 5096 1564 5150 honestum
1602 5112 1727 5153 esse
1758 5099 1813 5152 in
1845 5099 1993 5155 bono

401 5176 590 5232 colore
610 5179 731 5250 ejus
762 5181 909 5253 quod
935 5185 1208 5248 cernitur,
1238 5202 1304 5243 eo
1341 5203 1565 5258 quoque
1601 5190 1779 5260 vergit
1827 5191 1993 5246 intel-

401 5268 647 5339 ligentia.
678 5272 744 5326 Et
775 5274 1030 5331 similiter
1058 5278 1114 5332 in
1143 5280 1290 5341 aliis.
1325 5281 1376 5335 id
1408 5282 1555 5352 quod
1585 5297 1811 5338 sensum
1841 5284 1995 5340 oble-

399 5369 531 5427 ctat,
592 5363 795 5419 bonum
852 5382 976 5424 esse
1024 5379 1303 5427 censetur.
1343 5371 1500 5438 Quod
1533 5374 1578 5428 si
1607 5375 1792 5444 aliquo
1827 5376 1992 5430 modo

399 5452 515 5509 lieri
542 5466 747 5525 posset,
788 5467 844 5513 ut
877 5463 1036 5518 nobis
1060 5463 1128 5518 ab
1165 5466 1327 5519 initio
1380 5466 1592 5521 inesset
1636 5466 1704 5522 de
1750 5468 1895 5521 bono
1938 5477 1991 5522 et

402 5543 944 5617 lioncstojudicium,
980 5566 1163 5609 mente
1197 5556 1251 5610 in
1300 5557 1479 5625 seipsa
1538 5558 1803 5628 probante
1844 5562 1987 5629 quod

398 5636 602 5692 bonum
630 5649 734 5704 est,
776 5658 885 5698 non
921 5647 1152 5704 rationis
1190 5650 1402 5719 experti
1430 5652 1615 5705 sensui
1643 5652 1982 5709 serviremus

399 5739 661 5801 tanquam
709 5735 900 5792 bestite
942 5740 995 5794 in
1054 5743 1376 5798 servitutem
1432 5745 1686 5801 redactae.
1736 5743 1805 5800 Ut
1855 5762 1986 5818 ergo

399 5827 525 5883 talis
554 5826 810 5884 confusio
842 5830 1191 5892 discernatur
1227 5838 1282 5893 in
1312 5839 1495 5906 nobis,
1543 5849 1597 5897 ct
1633 5842 1688 5897 id
1725 5840 1871 5913 quod
1900 5852 1987 5898 cst

2105 4634 2219 4698 θεὶς
2244 4635 2578 4707 ἐπεψήφισε,
2610 4636 2716 4690 κᾶν
2742 4636 2872 4709 εἴπῃ
2916 4639 2945 4691 6
2981 4638 3262 4711 ὀφθαλμὸς
3285 4642 3345 4695 ὲν
3370 4644 3438 4713 τῇ
3475 4643 3696 4716 εύχροία

2100 4728 2560 4799 τοῦ’φαινομένου
2593 4730 2656 4784 τὸ
2683 4729 2849 4784 καλὸν
2894 4726 3054 4798 εἶναι,
3103 4734 3500 4805 συνεπιρῤέπει
3522 4737 3696 4807 τούτῳ

2102 4821 2199 4875 καὶ
2230 4823 2265 4892 ἡ
2297 4821 2525 4876 διάνοια.
2562 4823 2674 4875 Καὶ
2720 4823 2812 4876 ἐπὶ
2848 4821 2958 4875 τῶν
2986 4823 3190 4878 λοιπῶν
3223 4824 3281 4878 δὲ
3319 4826 3604 4893 ὡσαύτως,
3637 4829 3697 4881 τὸ

2100 4914 2393 4983 εὐφραῖνον
2431 4914 2531 4984 τὴν
2564 4913 2816 4985 αἴσθησιν
2843 4915 2942 4986 τὴν
2982 4915 3076 4969 τοῦ
3114 4915 3284 4971 καλοῦ
3318 4918 3497 4990 ψῆφον
3528 4921 3692 4990 ήνέγ-

2101 5021 2257 5058 κατο.
2290 5005 2352 5058 El
2377 5004 2435 5058 δέ
2463 5021 2582 5069 πως
2613 4999 2725 5058 οἷόν
2751 5021 2810 5056 τε
2837 5001 2906 5076 ἦν
2938 5005 2996 5073 ἐξ
3028 5007 3205 5079 ἀρχῆς
3236 5011 3367 5080 ήμῖν
3389 5011 3491 5081 τὴν
3515 5011 3691 5083 ἀληθῆ

2099 5099 2231 5167 περὶ
2252 5098 2348 5151 τοῦ
2376 5098 2542 5151 καλοῦ
2572 5098 2754 5175 κρίσιν
2781 5097 3116 5168 ἐγγίνεσθαι,
3144 5100 3239 5154 τοῦ
3267 5101 3359 5154 νοῦ
3395 5103 3455 5155 τὸ
3488 5104 3693 5172 ἀγαθὸν

2097 5192 2184 5262 ἐφ’
2210 5193 2406 5245 ἑαυτοῦ
2438 5192 2847 5262 δοκιμάζοντος,
2879 5192 2982 5246 οὐκ
3025 5191 3091 5246 ἂν
3116 5194 3185 5264 τῇ
3229 5193 3410 5264 ἀλόγῳ
3436 5196 3690 5267 αἰσθήσει

2095 5284 2487 5355 δεδουλωμένοι
2531 5286 2826 5356 κτηνὼδεις
2869 5286 3144 5356 γινόμενοι
3195 5286 3685 5360 κατεδουλούμεθα.

2109 5379 2199 5442 Ὠς
2242 5378 2310 5432 ἂν
2338 5374 2432 5433 οὖν
2462 5381 2494 5451 ή
2542 5378 2766 5449 τοιαύτη
2804 5378 3064 5449 σύγχυσις
3107 5379 3166 5431 ὲν
3194 5381 3326 5448 ἡμῖν
3359 5380 3686 5454 διακριθείη,

2094 5472 2187 5524 καὶ
2232 5471 2294 5524 τὸ
2338 5473 2404 5541 τῇ
2455 5470 2614 5540 φύσει
2658 5470 2963 5539 ἀγαπητὸν,
2996 5470 3110 5535 acati.
3156 5469 3225 5523 τὰ
3269 5471 3471 5543 ἑτέρως
3500 5473 3686 5544 ἔχοντα

2096 5559 2280 5621 πάλιν,
2318 5560 2575 5624 ἀπλανῶς
2607 5560 2994 5631 ἐπιγνωσθείη,
3020 5560 3195 5613 ταῦτά
3222 5579 3355 5631 φησι
3380 5562 3478 5616 νῦν
3502 5567 3532 5617 6
3566 5565 3684 5617 Ἐκ-

2094 5652 2428 5725 κλησιαστὴς
2453 5654 2511 5707 ἐν
2540 5651 2617 5723 τῷ
2644 5651 2812 5722 λόγῳ,
2838 5653 2917 5705 ὅτι
2937 5672 2953 5702 ι
2977 5651 3182 5723 Καιρὸς
3203 5651 3294 5705 τοῦ
3323 5653 3568 5725 φιλῆσαι,
3593 5657 3682 5708 καὶ

2093 5745 2283 5816 καιρὸς
2314 5744 2406 5797 τοῦ
2449 5746 2694 5816 μισῆσαι.
2729 5763 2748 5797 ι
2773 5746 2850 5798 Δι’
2879 5737 2952 5797 ὧν
2986 5744 3250 5815 διακρίνει
3276 5748 3377 5817 τὴν
3399 5745 3508 5799 τῶν
3540 5764 3682 5819 πρα-

2093 5839 2321 5912 γμάτων
2373 5839 2554 5909 φύσιν,
2596 5840 2807 5901 δεικνὺς
2857 5838 2908 5891 τί
2954 5837 3013 5891 τὸ
3098 5839 3447 5909 λμςρερόντως
3502 5838 3681 5901 σιλού-
