  <div class='ocr_page' id='page_1' title='image "/cluster/home/n/w/nwhite01/storage/ocr_20150623/44:no.1/coo.31924054869445/376.png"; bbox 0 0 3874 6380; ppageno 0'>
   <div class='ocr_carea' id='block_1_1' title="bbox 190 384 301 438">
    <p class='ocr_par' dir='ltr' id='par_1_1' title="bbox 190 384 301 438">
     <span class='ocr_line' id='line_1_1' title="bbox 190 384 301 438; baseline -0.009 0"><span class='ocrx_word' id='word_1_1' title='bbox 190 384 301 438; x_wconf 78' lang='lat'><strong>737</strong></span> 
     </span>
    </p>
   </div>
   <div class='ocr_carea' id='block_1_2' title="bbox 1218 378 2352 438">
    <p class='ocr_par' dir='ltr' id='par_1_2' title="bbox 1218 378 2352 438">
     <span class='ocr_line' id='line_1_2' title="bbox 1218 378 2352 438; baseline -0.004 0"><span class='ocrx_word' id='word_1_2' title='bbox 1218 381 1284 438; x_wconf 78' lang='lat' dir='ltr'><strong>IN</strong></span> <span class='ocrx_word' id='word_1_3' title='bbox 1327 380 1864 437; x_wconf 76' lang='lat' dir='ltr'><strong>ECCLESIASTEN.</strong></span> <span class='ocrx_word' id='word_1_4' title='bbox 1894 378 2181 436; x_wconf 84' lang='lat' dir='ltr'><strong>HOMILIA</strong></span> <span class='ocrx_word' id='word_1_5' title='bbox 2221 378 2352 434; x_wconf 81' lang='lat' dir='ltr'>VIII.</span> 
     </span>
    </p>
   </div>
   <div class='ocr_carea' id='block_1_3' title="bbox 3357 375 3458 428">
    <p class='ocr_par' dir='ltr' id='par_1_3' title="bbox 3357 375 3458 428">
     <span class='ocr_line' id='line_1_3' title="bbox 3357 375 3458 428; baseline -0.02 0"><span class='ocrx_word' id='word_1_6' title='bbox 3357 375 3458 428; x_wconf 76' lang='lat'><strong>733</strong></span> 
     </span>
    </p>
   </div>
   <div class='ocr_carea' id='block_1_4' title="bbox 192 491 1770 569">
    <p class='ocr_par' dir='ltr' id='par_1_4' title="bbox 192 496 1770 569">
     <span class='ocr_line' id='line_1_4' title="bbox 192 496 1770 569; baseline 0.001 -20"><span class='ocrx_word' id='word_1_7' title='bbox 192 512 384 567; x_wconf 78' lang='grc' dir='ltr'>μενον,</span> <span class='ocrx_word' id='word_1_8' title='bbox 418 496 516 550; x_wconf 77' lang='grc' dir='ltr'>καὶ</span> <span class='ocrx_word' id='word_1_9' title='bbox 541 499 595 552; x_wconf 87' lang='grc' dir='ltr'><strong>τί</strong></span> <span class='ocrx_word' id='word_1_10' title='bbox 618 497 680 552; x_wconf 77' lang='grc' dir='ltr'>τὺ</span> <span class='ocrx_word' id='word_1_11' title='bbox 705 496 1047 569; x_wconf 73' lang='grc' dir='ltr'><strong>μισούμενον.</strong></span> <span class='ocrx_word' id='word_1_12' title='bbox 1081 496 1242 565; x_wconf 81' lang='grc' dir='ltr'><strong>Λέγει</strong></span> <span class='ocrx_word' id='word_1_13' title='bbox 1264 496 1374 567; x_wconf 82' lang='grc' dir='ltr'>γὰρ</span> <span class='ocrx_word' id='word_1_14' title='bbox 1400 500 1431 568; x_wconf 82' lang='grc' dir='ltr'>ὴ</span> <span class='ocrx_word' id='word_1_15' title='bbox 1457 498 1649 569; x_wconf 78' lang='grc' dir='ltr'><strong>νεότης</strong></span> <span class='ocrx_word' id='word_1_16' title='bbox 1668 501 1770 563; x_wconf 82' lang='grc' dir='ltr'>τοῖς</span> 
     </span>
    </p>
   </div>
   <div class='ocr_carea' id='block_1_5' title="bbox 1871 491 3456 569">
    <p class='ocr_par' dir='ltr' id='par_1_5' title="bbox 1884 491 3456 564">
     <span class='ocr_line' id='line_1_5' title="bbox 1884 491 3456 564; baseline -0.002 -15"><span class='ocrx_word' id='word_1_17' title='bbox 1884 506 2080 549; x_wconf 86' lang='lat' dir='ltr'><strong>natura</strong></span> <span class='ocrx_word' id='word_1_18' title='bbox 2107 492 2469 564; x_wconf 80' lang='lat' dir='ltr'><strong>diligendum,</strong></span> <span class='ocrx_word' id='word_1_19' title='bbox 2500 500 2554 547; x_wconf 89' lang='lat' dir='ltr'><strong>et</strong></span> <span class='ocrx_word' id='word_1_20' title='bbox 2581 506 2703 563; x_wconf 74' lang='lat' dir='ltr'><strong>qua:</strong></span> <span class='ocrx_word' id='word_1_21' title='bbox 2731 492 2891 548; x_wconf 89' lang='lat' dir='ltr'><strong>aliter</strong></span> <span class='ocrx_word' id='word_1_22' title='bbox 2922 506 2982 548; x_wconf 89' lang='lat' dir='ltr'><strong>se</strong></span> <span class='ocrx_word' id='word_1_23' title='bbox 3007 491 3230 556; x_wconf 79' lang='lat' dir='ltr'><strong>habent,</strong></span> <span class='ocrx_word' id='word_1_24' title='bbox 3261 506 3456 546; x_wconf 84' lang='lat' dir='ltr'><strong>rursus</strong></span> 
     </span>
    </p>
   </div>
   <div class='ocr_carea' id='block_1_6' title="bbox 189 589 1779 665">
    <p class='ocr_par' dir='ltr' id='par_1_6' title="bbox 189 589 1779 665">
     <span class='ocr_line' id='line_1_6' title="bbox 189 589 1779 665; baseline 0 -18"><span class='ocrx_word' id='word_1_25' title='bbox 189 593 298 664; x_wconf 79' lang='grc' dir='ltr'>τῆς</span> <span class='ocrx_word' id='word_1_26' title='bbox 335 594 551 665; x_wconf 78' lang='grc' dir='ltr'>ἡλικίας</span> <span class='ocrx_word' id='word_1_27' title='bbox 596 595 795 649; x_wconf 87' lang='grc' dir='ltr'>πάθεσι</span> <span class='ocrx_word' id='word_1_28' title='bbox 833 594 1050 659; x_wconf 75' lang='grc' dir='ltr'>ζέουσα,</span> <span class='ocrx_word' id='word_1_29' title='bbox 1092 594 1284 664; x_wconf 83' lang='grc' dir='ltr'>καιρὸν</span> <span class='ocrx_word' id='word_1_30' title='bbox 1319 589 1462 646; x_wconf 84' lang='grc' dir='ltr'>εἶναι</span> <span class='ocrx_word' id='word_1_31' title='bbox 1501 595 1637 664; x_wconf 76' lang='grc' dir='ltr'>αὐτῇ</span> <span class='ocrx_word' id='word_1_32' title='bbox 1685 593 1779 647; x_wconf 79' lang='grc' dir='ltr'>τοῦ</span> 
     </span>
    </p>
   </div>
   <div class='ocr_carea' id='block_1_7' title="bbox 192 683 1805 758">
    <p class='ocr_par' dir='ltr' id='par_1_7' title="bbox 192 683 1805 758">
     <span class='ocr_line' id='line_1_7' title="bbox 192 683 1805 758; baseline -0.001 -21"><span class='ocrx_word' id='word_1_33' title='bbox 192 683 374 752; x_wconf 79' lang='grc' dir='ltr'>φιλεῖν</span> <span class='ocrx_word' id='word_1_34' title='bbox 412 686 583 740; x_wconf 84' lang='grc' dir='ltr'>ταῦτα</span> <span class='ocrx_word' id='word_1_35' title='bbox 608 686 644 740; x_wconf 76' lang='grc' dir='ltr'><strong>ἃ.</strong></span> <span class='ocrx_word' id='word_1_36' title='bbox 675 690 740 758; x_wconf 80' lang='grc' dir='ltr'>τῇ</span> <span class='ocrx_word' id='word_1_37' title='bbox 776 686 987 756; x_wconf 85' lang='grc' dir='ltr'>νεότητι</span> <span class='ocrx_word' id='word_1_38' title='bbox 1017 685 1146 755; x_wconf 82' lang='grc' dir='ltr'>φίλα</span> <span class='ocrx_word' id='word_1_39' title='bbox 1179 685 1347 737; x_wconf 76' lang='grc' dir='ltr'>ἐστίν.</span> <span class='ocrx_word' id='word_1_40' title='bbox 1394 684 1533 736; x_wconf 75' lang='grc' dir='ltr'>Ἀλλ’</span> <span class='ocrx_word' id='word_1_41' title='bbox 1558 684 1805 754; x_wconf 78' lang='grc' dir='ltr'>ἀντιὸοᾷ,</span> 
     </span>
    </p>
   </div>
   <div class='ocr_carea' id='block_1_8' title="bbox 188 776 1781 849">
    <p class='ocr_par' dir='ltr' id='par_1_8' title="bbox 188 776 1781 849">
     <span class='ocr_line' id='line_1_8' title="bbox 188 776 1781 849; baseline 0.001 -22"><span class='ocrx_word' id='word_1_42' title='bbox 188 777 221 827; x_wconf 87' lang='grc' dir='ltr'>ὁ</span> <span class='ocrx_word' id='word_1_43' title='bbox 269 776 698 849; x_wconf 83' lang='grc' dir='ltr'>Ἐκκλησιαστὴς</span> <span class='ocrx_word' id='word_1_44' title='bbox 750 781 814 849; x_wconf 79' lang='grc' dir='ltr'>τῇ</span> <span class='ocrx_word' id='word_1_45' title='bbox 874 778 1129 848; x_wconf 83' lang='grc' dir='ltr'>νεότητι,</span> <span class='ocrx_word' id='word_1_46' title='bbox 1185 778 1343 831; x_wconf 78' lang='grc' dir='ltr'>ἄλλον</span> <span class='ocrx_word' id='word_1_47' title='bbox 1391 777 1488 847; x_wconf 80' lang='grc' dir='ltr'>τῆς</span> <span class='ocrx_word' id='word_1_48' title='bbox 1535 776 1781 846; x_wconf 69' lang='grc' dir='ltr'>καθαρᾶς</span> 
     </span>
    </p>
   </div>
   <div class='ocr_carea' id='block_1_9' title="bbox 193 865 1782 941">
    <p class='ocr_par' dir='ltr' id='par_1_9' title="bbox 193 865 1782 941">
     <span class='ocr_line' id='line_1_9' title="bbox 193 865 1782 941; baseline 0.001 -21"><span class='ocrx_word' id='word_1_49' title='bbox 193 867 384 936; x_wconf 83' lang='grc' dir='ltr'>φιλίας</span> <span class='ocrx_word' id='word_1_50' title='bbox 415 869 604 939; x_wconf 78' lang='grc' dir='ltr'>καιρὸν</span> <span class='ocrx_word' id='word_1_51' title='bbox 633 866 969 940; x_wconf 79' lang='grc' dir='ltr'>ὁριζόμενος.</span> <span class='ocrx_word' id='word_1_52' title='bbox 1008 871 1161 940; x_wconf 82' lang='grc' dir='ltr'>Μηδὲ</span> <span class='ocrx_word' id='word_1_53' title='bbox 1201 870 1307 941; x_wconf 68' lang='grc' dir='ltr'>γὰρ</span> <span class='ocrx_word' id='word_1_54' title='bbox 1338 865 1476 922; x_wconf 80' lang='grc' dir='ltr'>εἶναι</span> <span class='ocrx_word' id='word_1_55' title='bbox 1505 868 1662 922; x_wconf 75' lang='grc' dir='ltr'>τοῦτο</span> <span class='ocrx_word' id='word_1_56' title='bbox 1695 886 1782 936; x_wconf 82' lang='grc' dir='ltr'><strong>φι-</strong></span> 
     </span>
    </p>
   </div>
   <div class='ocr_carea' id='block_1_10' title="bbox 191 959 1782 1032">
    <p class='ocr_par' dir='ltr' id='par_1_10' title="bbox 191 959 1782 1032">
     <span class='ocr_line' id='line_1_10' title="bbox 191 959 1782 1032; baseline 0.003 -22"><span class='ocrx_word' id='word_1_57' title='bbox 191 961 340 1022; x_wconf 75' lang='grc' dir='ltr'>λίαν,</span> <span class='ocrx_word' id='word_1_58' title='bbox 365 961 464 1028; x_wconf 86' lang='grc' dir='ltr'>τὴν</span> <span class='ocrx_word' id='word_1_59' title='bbox 489 959 937 1031; x_wconf 83' lang='grc' dir='ltr'>διημαρτημένην</span> <span class='ocrx_word' id='word_1_60' title='bbox 974 962 1075 1031; x_wconf 79' lang='grc' dir='ltr'>τῆς</span> <span class='ocrx_word' id='word_1_61' title='bbox 1117 961 1296 1030; x_wconf 72' lang='grc' dir='ltr'>ψυχῆς</span> <span class='ocrx_word' id='word_1_62' title='bbox 1334 962 1462 1032; x_wconf 77' lang='grc' dir='ltr'>περὶ</span> <span class='ocrx_word' id='word_1_63' title='bbox 1492 961 1560 1013; x_wconf 85' lang='grc' dir='ltr'>τὰ</span> <span class='ocrx_word' id='word_1_64' title='bbox 1605 961 1782 1014; x_wconf 75' lang='grc' dir='ltr'>ἄτοπα</span> 
     </span>
    </p>
   </div>
   <div class='ocr_carea' id='block_1_11' title="bbox 194 1051 1782 1125">
    <p class='ocr_par' dir='ltr' id='par_1_11' title="bbox 194 1051 1782 1125">
     <span class='ocr_line' id='line_1_11' title="bbox 194 1051 1782 1125; baseline 0.002 -22"><span class='ocrx_word' id='word_1_65' title='bbox 194 1051 410 1121; x_wconf 82' lang='grc' dir='ltr'>σχέσιν.</span> <span class='ocrx_word' id='word_1_66' title='bbox 453 1051 665 1121; x_wconf 83' lang='grc' dir='ltr'>Ὥσπερ</span> <span class='ocrx_word' id='word_1_67' title='bbox 706 1053 816 1123; x_wconf 76' lang='grc' dir='ltr'>γὰρ</span> <span class='ocrx_word' id='word_1_68' title='bbox 846 1053 1206 1124; x_wconf 79' lang='grc' dir='ltr'>εύοδουμένης</span> <span class='ocrx_word' id='word_1_69' title='bbox 1251 1054 1309 1107; x_wconf 82' lang='grc' dir='ltr'>ὲν</span> <span class='ocrx_word' id='word_1_70' title='bbox 1342 1054 1522 1125; x_wconf 77' lang='grc' dir='ltr'>ὑγιείᾳ</span> <span class='ocrx_word' id='word_1_71' title='bbox 1551 1053 1651 1123; x_wconf 76' lang='grc' dir='ltr'>τῆς</span> <span class='ocrx_word' id='word_1_72' title='bbox 1682 1052 1782 1123; x_wconf 80' lang='grc' dir='ltr'><strong>φύ-</strong></span> 
     </span>
    </p>
   </div>
   <div class='ocr_carea' id='block_1_12' title="bbox 193 1140 1781 1215">
    <p class='ocr_par' dir='ltr' id='par_1_12' title="bbox 193 1140 1781 1215">
     <span class='ocr_line' id='line_1_12' title="bbox 193 1140 1781 1215; baseline 0.001 -21"><span class='ocrx_word' id='word_1_73' title='bbox 193 1159 358 1205; x_wconf 80' lang='grc' dir='ltr'>σεως,</span> <span class='ocrx_word' id='word_1_74' title='bbox 395 1143 452 1194; x_wconf 79' lang='grc' dir='ltr'>ἐν</span> <span class='ocrx_word' id='word_1_75' title='bbox 476 1142 652 1213; x_wconf 81' lang='grc' dir='ltr'>καιρῷ</span> <span class='ocrx_word' id='word_1_76' title='bbox 680 1144 1028 1213; x_wconf 84' lang='grc' dir='ltr'><strong>προσγίνεται</strong></span> <span class='ocrx_word' id='word_1_77' title='bbox 1052 1144 1113 1197; x_wconf 89' lang='grc' dir='ltr'><strong>τὸ</strong></span> <span class='ocrx_word' id='word_1_78' title='bbox 1141 1143 1291 1213; x_wconf 68' lang='grc' dir='ltr'>δίψος</span> <span class='ocrx_word' id='word_1_79' title='bbox 1314 1144 1392 1215; x_wconf 82' lang='grc' dir='ltr'>τῷ</span> <span class='ocrx_word' id='word_1_80' title='bbox 1416 1144 1627 1214; x_wconf 87' lang='grc' dir='ltr'>σώματι</span> <span class='ocrx_word' id='word_1_81' title='bbox 1649 1161 1661 1176; x_wconf 78' lang='grc'><em>’</em></span> <span class='ocrx_word' id='word_1_82' title='bbox 1698 1140 1781 1208; x_wconf 72' lang='grc' dir='ltr'>οἷς</span> 
     </span>
    </p>
   </div>
   <div class='ocr_carea' id='block_1_13' title="bbox 187 1232 1779 1304">
    <p class='ocr_par' dir='ltr' id='par_1_13' title="bbox 187 1232 1779 1304">
     <span class='ocr_line' id='line_1_13' title="bbox 187 1232 1779 1304; baseline 0.002 -19"><span class='ocrx_word' id='word_1_83' title='bbox 187 1233 252 1285; x_wconf 82' lang='grc' dir='ltr'>δὲ</span> <span class='ocrx_word' id='word_1_84' title='bbox 294 1233 357 1285; x_wconf 82' lang='grc' dir='ltr'><strong>τὸ</strong></span> <span class='ocrx_word' id='word_1_85' title='bbox 401 1232 587 1302; x_wconf 76' lang='grc' dir='ltr'>δῆγμα</span> <span class='ocrx_word' id='word_1_86' title='bbox 622 1234 721 1304; x_wconf 75' lang='grc' dir='ltr'>τῆς</span> <span class='ocrx_word' id='word_1_87' title='bbox 749 1233 967 1303; x_wconf 79' lang='grc' dir='ltr'>διψάδος</span> <span class='ocrx_word' id='word_1_88' title='bbox 1004 1234 1217 1304; x_wconf 79' lang='grc' dir='ltr'><strong>ἐχίδνης</strong></span> <span class='ocrx_word' id='word_1_89' title='bbox 1259 1235 1357 1304; x_wconf 82' lang='grc' dir='ltr'>τὴν</span> <span class='ocrx_word' id='word_1_90' title='bbox 1387 1235 1641 1304; x_wconf 81' lang='grc' dir='ltr'>τοιαύτην</span> <span class='ocrx_word' id='word_1_91' title='bbox 1661 1234 1779 1288; x_wconf 83' lang='grc' dir='ltr'>διά-</span> 
     </span>
    </p>
   </div>
   <div class='ocr_carea' id='block_1_14' title="bbox 191 1324 1780 1394">
    <p class='ocr_par' dir='ltr' id='par_1_14' title="bbox 191 1324 1780 1394">
     <span class='ocr_line' id='line_1_14' title="bbox 191 1324 1780 1394; baseline 0.002 -19"><span class='ocrx_word' id='word_1_92' title='bbox 191 1324 349 1377; x_wconf 84' lang='grc' dir='ltr'>θεσιν</span> <span class='ocrx_word' id='word_1_93' title='bbox 378 1324 714 1394; x_wconf 76' lang='grc' dir='ltr'><strong>ἐνεποίησεν,</strong></span> <span class='ocrx_word' id='word_1_94' title='bbox 749 1326 849 1378; x_wconf 82' lang='grc' dir='ltr'><strong>οὐκ</strong></span> <span class='ocrx_word' id='word_1_95' title='bbox 887 1325 952 1379; x_wconf 80' lang='grc' dir='ltr'><strong>ἄν</strong></span> <span class='ocrx_word' id='word_1_96' title='bbox 980 1343 1059 1388; x_wconf 88' lang='grc' dir='ltr'><strong>τις</strong></span> <span class='ocrx_word' id='word_1_97' title='bbox 1098 1327 1240 1379; x_wconf 83' lang='grc' dir='ltr'>είποι</span> <span class='ocrx_word' id='word_1_98' title='bbox 1282 1325 1422 1379; x_wconf 85' lang='grc' dir='ltr'>κατά</span> <span class='ocrx_word' id='word_1_99' title='bbox 1468 1324 1657 1394; x_wconf 81' lang='grc' dir='ltr'>καιρὸν</span> <span class='ocrx_word' id='word_1_100' title='bbox 1694 1326 1780 1378; x_wconf 75' lang='grc' dir='ltr'><strong>ἐν·</strong></span> 
     </span>
    </p>
   </div>
   <div class='ocr_carea' id='block_1_15' title="bbox 190 1410 1780 1487">
    <p class='ocr_par' dir='ltr' id='par_1_15' title="bbox 190 1410 1780 1487">
     <span class='ocr_line' id='line_1_15' title="bbox 190 1410 1780 1487; baseline 0.004 -23"><span class='ocrx_word' id='word_1_101' title='bbox 190 1412 480 1482; x_wconf 86' lang='grc' dir='ltr'>εργείσθαι</span> <span class='ocrx_word' id='word_1_102' title='bbox 506 1413 603 1485; x_wconf 82' lang='grc' dir='ltr'><strong>τὴν</strong></span> <span class='ocrx_word' id='word_1_103' title='bbox 641 1414 827 1483; x_wconf 56' lang='grc' dir='ltr'>δίψαν</span> <span class='ocrx_word' id='word_1_104' title='bbox 867 1416 927 1467; x_wconf 81' lang='grc' dir='ltr'>οὐ</span> <span class='ocrx_word' id='word_1_105' title='bbox 957 1416 1065 1485; x_wconf 72' lang='grc' dir='ltr'>γὰρ</span> <span class='ocrx_word' id='word_1_106' title='bbox 1099 1416 1302 1487; x_wconf 78' lang='grc' dir='ltr'>φυσικὴ</span> <span class='ocrx_word' id='word_1_107' title='bbox 1333 1417 1513 1485; x_wconf 77' lang='grc' dir='ltr'>ὄρεξις</span> <span class='ocrx_word' id='word_1_108' title='bbox 1537 1410 1630 1470; x_wconf 72' lang='grc' dir='ltr'><strong>ἐπὶ</strong></span> <span class='ocrx_word' id='word_1_109' title='bbox 1659 1416 1780 1470; x_wconf 86' lang='grc' dir='ltr'>τού-</span> 
     </span>
    </p>
   </div>
   <div class='ocr_carea' id='block_1_16' title="bbox 188 1496 1779 1579">
    <p class='ocr_par' dir='ltr' id='par_1_16' title="bbox 188 1496 1779 1579">
     <span class='ocr_line' id='line_1_16' title="bbox 188 1496 1779 1579; baseline 0.003 -23"><span class='ocrx_word' id='word_1_110' title='bbox 188 1520 328 1567; x_wconf 75' lang='grc' dir='ltr'>των,</span> <span class='ocrx_word' id='word_1_111' title='bbox 352 1496 488 1559; x_wconf 79' lang='grc' dir='ltr'><strong>ἀλλά</strong></span> <span class='ocrx_word' id='word_1_112' title='bbox 512 1506 682 1569; x_wconf 82' lang='grc' dir='ltr'>πάθος</span> <span class='ocrx_word' id='word_1_113' title='bbox 702 1508 735 1576; x_wconf 77' lang='grc' dir='ltr'><strong>ἡ</strong></span> <span class='ocrx_word' id='word_1_114' title='bbox 756 1506 882 1576; x_wconf 67' lang='grc' dir='ltr'>δίψα</span> <span class='ocrx_word' id='word_1_115' title='bbox 905 1507 1108 1573; x_wconf 87' lang='grc' dir='ltr'>γίνεται</span> <span class='ocrx_word' id='word_1_116' title='bbox 1129 1523 1142 1536; x_wconf 60' lang='grc' dir='ltr'><strong>θ</strong></span> <span class='ocrx_word' id='word_1_117' title='bbox 1171 1506 1312 1560; x_wconf 77' lang='grc' dir='ltr'>οὕτω</span> <span class='ocrx_word' id='word_1_118' title='bbox 1335 1509 1429 1560; x_wconf 83' lang='grc' dir='ltr'>καὶ</span> <span class='ocrx_word' id='word_1_119' title='bbox 1449 1509 1509 1559; x_wconf 86' lang='grc' dir='ltr'>τὸ</span> <span class='ocrx_word' id='word_1_120' title='bbox 1537 1509 1779 1579; x_wconf 75' lang='grc' dir='ltr'>ῥυπαρὸν</span> 
     </span>
    </p>
   </div>
   <div class='ocr_carea' id='block_1_17' title="bbox 187 1595 1779 1668">
    <p class='ocr_par' dir='ltr' id='par_1_17' title="bbox 187 1595 1779 1668">
     <span class='ocr_line' id='line_1_17' title="bbox 187 1595 1779 1668; baseline 0.001 -21"><span class='ocrx_word' id='word_1_121' title='bbox 187 1595 293 1665; x_wconf 84' lang='grc' dir='ltr'>τῆς</span> <span class='ocrx_word' id='word_1_122' title='bbox 328 1595 578 1666; x_wconf 88' lang='grc' dir='ltr'>νεότητος</span> <span class='ocrx_word' id='word_1_123' title='bbox 611 1595 852 1668; x_wconf 81' lang='grc' dir='ltr'>φίλτρον,</span> <span class='ocrx_word' id='word_1_124' title='bbox 895 1597 955 1648; x_wconf 83' lang='grc' dir='ltr'><strong>ού</strong></span> <span class='ocrx_word' id='word_1_125' title='bbox 993 1597 1234 1666; x_wconf 79' lang='grc' dir='ltr'>φίλτρον,</span> <span class='ocrx_word' id='word_1_126' title='bbox 1267 1597 1400 1649; x_wconf 75' lang='grc' dir='ltr'>ἀλλὰ</span> <span class='ocrx_word' id='word_1_127' title='bbox 1450 1598 1602 1660; x_wconf 82' lang='grc' dir='ltr'>νόσος</span> <span class='ocrx_word' id='word_1_128' title='bbox 1658 1596 1779 1650; x_wconf 74' lang='grc' dir='ltr'>εστὶ</span> 
     </span>
    </p>
   </div>
   <div class='ocr_carea' id='block_1_18' title="bbox 190 1676 1777 1758">
    <p class='ocr_par' dir='ltr' id='par_1_18' title="bbox 190 1676 1777 1758">
     <span class='ocr_line' id='line_1_18' title="bbox 190 1676 1777 1758; baseline 0.001 -22"><span class='ocrx_word' id='word_1_129' title='bbox 190 1684 271 1755; x_wconf 78' lang='grc' dir='ltr'>τῷ</span> <span class='ocrx_word' id='word_1_130' title='bbox 311 1686 529 1739; x_wconf 84' lang='grc' dir='ltr'>διακαεϊ</span> <span class='ocrx_word' id='word_1_131' title='bbox 574 1703 630 1738; x_wconf 85' lang='grc' dir='ltr'><strong>τε</strong></span> <span class='ocrx_word' id='word_1_132' title='bbox 676 1686 769 1738; x_wconf 71' lang='grc' dir='ltr'>καὶ</span> <span class='ocrx_word' id='word_1_133' title='bbox 809 1684 1000 1756; x_wconf 90' lang='grc' dir='ltr'>γνώμη</span> <span class='ocrx_word' id='word_1_134' title='bbox 1048 1686 1124 1756; x_wconf 83' lang='grc' dir='ltr'><strong>τῷ</strong></span> <span class='ocrx_word' id='word_1_135' title='bbox 1157 1682 1256 1756; x_wconf 79' lang='grc' dir='ltr'>τῆς</span> <span class='ocrx_word' id='word_1_136' title='bbox 1292 1676 1507 1756; x_wconf 61' lang='grc' dir='ltr'>ἡλικίας</span> <span class='ocrx_word' id='word_1_137' title='bbox 1539 1688 1777 1758; x_wconf 70' lang='grc' dir='ltr'>δήγματι</span> 
     </span>
    </p>
   </div>
   <div class='ocr_carea' id='block_1_19' title="bbox 190 1774 1771 1849">
    <p class='ocr_par' dir='ltr' id='par_1_19' title="bbox 190 1774 1771 1849">
     <span class='ocr_line' id='line_1_19' title="bbox 190 1774 1771 1849; baseline 0.001 -22"><span class='ocrx_word' id='word_1_138' title='bbox 190 1775 547 1846; x_wconf 74' lang='grc' dir='ltr'>ἐγγινομένη.</span> <span class='ocrx_word' id='word_1_139' title='bbox 581 1777 656 1828; x_wconf 67' lang='lat' dir='ltr'><strong>Oti</strong></span> <span class='ocrx_word' id='word_1_140' title='bbox 686 1776 837 1830; x_wconf 78' lang='grc' dir='ltr'>πᾶσα</span> <span class='ocrx_word' id='word_1_141' title='bbox 868 1777 1051 1829; x_wconf 81' lang='grc' dir='ltr'>τοίνυν</span> <span class='ocrx_word' id='word_1_142' title='bbox 1081 1776 1231 1844; x_wconf 68' lang='grc' dir='ltr'>φιλία</span> <span class='ocrx_word' id='word_1_143' title='bbox 1257 1776 1318 1829; x_wconf 86' lang='grc' dir='ltr'>τὸ</span> <span class='ocrx_word' id='word_1_144' title='bbox 1347 1774 1601 1849; x_wconf 73' lang='grc' dir='ltr'>εὔκαιρον</span> <span class='ocrx_word' id='word_1_145' title='bbox 1627 1776 1771 1846; x_wconf 80' lang='grc' dir='ltr'>ἔχει,</span> 
     </span>
    </p>
   </div>
   <div class='ocr_carea' id='block_1_20' title="bbox 190 1863 1773 1935">
    <p class='ocr_par' dir='ltr' id='par_1_20' title="bbox 190 1863 1773 1935">
     <span class='ocr_line' id='line_1_20' title="bbox 190 1863 1773 1935; baseline 0.001 -18"><span class='ocrx_word' id='word_1_146' title='bbox 190 1863 311 1917; x_wconf 82' lang='grc' dir='ltr'>ἀλλ’</span> <span class='ocrx_word' id='word_1_147' title='bbox 344 1866 381 1935; x_wconf 82' lang='grc' dir='ltr'><strong>ἡ</strong></span> <span class='ocrx_word' id='word_1_148' title='bbox 415 1866 544 1934; x_wconf 77' lang='grc' dir='ltr'>περὶ</span> <span class='ocrx_word' id='word_1_149' title='bbox 570 1864 632 1916; x_wconf 85' lang='grc' dir='ltr'><strong>τὸ</strong></span> <span class='ocrx_word' id='word_1_150' title='bbox 668 1864 827 1933; x_wconf 87' lang='grc' dir='ltr'>μόνον</span> <span class='ocrx_word' id='word_1_151' title='bbox 854 1865 1138 1935; x_wconf 85' lang='grc' dir='ltr'>ἀγαπητὸν</span> <span class='ocrx_word' id='word_1_152' title='bbox 1168 1866 1448 1935; x_wconf 81' lang='grc' dir='ltr'>γινομένη.</span> <span class='ocrx_word' id='word_1_153' title='bbox 1498 1866 1637 1919; x_wconf 85' lang='grc' dir='ltr'>Ἀλλ’</span> <span class='ocrx_word' id='word_1_154' title='bbox 1674 1867 1773 1919; x_wconf 80' lang='grc' dir='ltr'>οὐκ</span> 
     </span>
    </p>
   </div>
   <div class='ocr_carea' id='block_1_21' title="bbox 189 1954 1774 2027">
    <p class='ocr_par' dir='ltr' id='par_1_21' title="bbox 189 1954 1774 2027">
     <span class='ocr_line' id='line_1_21' title="bbox 189 1954 1774 2027; baseline 0.002 -21"><span class='ocrx_word' id='word_1_155' title='bbox 189 1954 309 2007; x_wconf 79' lang='grc' dir='ltr'>ἐστι</span> <span class='ocrx_word' id='word_1_156' title='bbox 361 1955 509 2025; x_wconf 79' lang='grc' dir='ltr'>σαφῆ</span> <span class='ocrx_word' id='word_1_157' title='bbox 544 1955 904 2026; x_wconf 76' lang='grc' dir='ltr'>περὶτούτων</span> <span class='ocrx_word' id='word_1_158' title='bbox 933 1955 1135 2023; x_wconf 81' lang='grc' dir='ltr'>γνῶσιν</span> <span class='ocrx_word' id='word_1_159' title='bbox 1176 1955 1394 2017; x_wconf 83' lang='grc' dir='ltr'>λαϐεῖν,</span> <span class='ocrx_word' id='word_1_160' title='bbox 1453 1955 1528 2027; x_wconf 83' lang='grc' dir='ltr'>μὴ</span> <span class='ocrx_word' id='word_1_161' title='bbox 1576 1957 1774 2010; x_wconf 77' lang='grc' dir='ltr'>οὑτωσὶ</span> 
     </span>
    </p>
   </div>
   <div class='ocr_carea' id='block_1_22' title="bbox 190 2045 1773 2117">
    <p class='ocr_par' dir='ltr' id='par_1_22' title="bbox 190 2045 1773 2117">
     <span class='ocr_line' id='line_1_22' title="bbox 190 2045 1773 2117; baseline 0.002 -19"><span class='ocrx_word' id='word_1_162' title='bbox 190 2045 498 2116; x_wconf 71' lang='grc' dir='ltr'>διελόμενον</span> <span class='ocrx_word' id='word_1_163' title='bbox 523 2047 581 2099; x_wconf 79' lang='grc' dir='ltr'><strong>ἐν</strong></span> <span class='ocrx_word' id='word_1_164' title='bbox 609 2048 676 2117; x_wconf 79' lang='grc' dir='ltr'>τῇ</span> <span class='ocrx_word' id='word_1_165' title='bbox 712 2046 913 2117; x_wconf 71' lang='grc' dir='ltr'>θεωρίᾳ</span> <span class='ocrx_word' id='word_1_166' title='bbox 944 2046 1032 2099; x_wconf 82' lang='grc' dir='ltr'>τὸν</span> <span class='ocrx_word' id='word_1_167' title='bbox 1059 2046 1213 2115; x_wconf 86' lang='grc' dir='ltr'>λόγον</span> <span class='ocrx_word' id='word_1_168' title='bbox 1231 2064 1244 2077; x_wconf 76' lang='grc'><em>’</em></span> <span class='ocrx_word' id='word_1_169' title='bbox 1279 2046 1388 2100; x_wconf 85' lang='grc' dir='ltr'>τῶν</span> <span class='ocrx_word' id='word_1_170' title='bbox 1414 2047 1634 2115; x_wconf 83' lang='grc' dir='ltr'>ἀγαθῶν</span> <span class='ocrx_word' id='word_1_171' title='bbox 1658 2049 1773 2101; x_wconf 86' lang='grc' dir='ltr'>τοί-</span> 
     </span>
    </p>
   </div>
   <div class='ocr_carea' id='block_1_23' title="bbox 190 2137 1774 2208">
    <p class='ocr_par' dir='ltr' id='par_1_23' title="bbox 190 2137 1774 2208">
     <span class='ocr_line' id='line_1_23' title="bbox 190 2137 1774 2208; baseline 0.001 -17"><span class='ocrx_word' id='word_1_172' title='bbox 190 2155 309 2201; x_wconf 88' lang='grc' dir='ltr'>νυν,</span> <span class='ocrx_word' id='word_1_173' title='bbox 359 2139 462 2191; x_wconf 78' lang='grc' dir='ltr'>ὅσα</span> <span class='ocrx_word' id='word_1_174' title='bbox 503 2139 654 2208; x_wconf 78' lang='grc' dir='ltr'><strong>παρά</strong></span> <span class='ocrx_word' id='word_1_175' title='bbox 685 2142 795 2192; x_wconf 81' lang='grc' dir='ltr'>τῶν</span> <span class='ocrx_word' id='word_1_176' title='bbox 827 2137 1132 2208; x_wconf 86' lang='grc' dir='ltr'>ἀνθρώπων</span> <span class='ocrx_word' id='word_1_177' title='bbox 1169 2138 1548 2202; x_wconf 78' lang='grc' dir='ltr'>σπουδάζεται,</span> <span class='ocrx_word' id='word_1_178' title='bbox 1574 2138 1644 2191; x_wconf 76' lang='grc' dir='ltr'>τὰ</span> <span class='ocrx_word' id='word_1_179' title='bbox 1674 2140 1774 2208; x_wconf 86' lang='grc' dir='ltr'><strong>μὲν</strong></span> 
     </span>
    </p>
   </div>
   <div class='ocr_carea' id='block_1_24' title="bbox 190 2222 1773 2299">
    <p class='ocr_par' dir='ltr' id='par_1_24' title="bbox 190 2222 1773 2299">
     <span class='ocr_line' id='line_1_24' title="bbox 190 2222 1773 2299; baseline -0.001 -16"><span class='ocrx_word' id='word_1_180' title='bbox 190 2222 364 2293; x_wconf 80' lang='grc' dir='ltr'>ὅντως</span> <span class='ocrx_word' id='word_1_181' title='bbox 416 2230 640 2284; x_wconf 74' lang='grc' dir='ltr'>τοιαύτά</span> <span class='ocrx_word' id='word_1_182' title='bbox 685 2231 865 2291; x_wconf 83' lang='grc' dir='ltr'>ἐστιν,</span> <span class='ocrx_word' id='word_1_183' title='bbox 910 2223 997 2282; x_wconf 73' lang='grc' dir='ltr'>οἷα</span> <span class='ocrx_word' id='word_1_184' title='bbox 1037 2229 1131 2282; x_wconf 76' lang='grc' dir='ltr'><strong>καὶ</strong></span> <span class='ocrx_word' id='word_1_185' title='bbox 1172 2229 1493 2299; x_wconf 80' lang='grc' dir='ltr'>ὀνομάζεται</span> <span class='ocrx_word' id='word_1_186' title='bbox 1526 2246 1540 2259; x_wconf 78' lang='grc'><em>’</em></span> <span class='ocrx_word' id='word_1_187' title='bbox 1597 2228 1666 2282; x_wconf 77' lang='grc' dir='ltr'>τὰ</span> <span class='ocrx_word' id='word_1_188' title='bbox 1716 2230 1773 2282; x_wconf 84' lang='grc' dir='ltr'>δὲ</span> 
     </span>
    </p>
   </div>
   <div class='ocr_carea' id='block_1_25' title="bbox 189 2317 1773 2390">
    <p class='ocr_par' dir='ltr' id='par_1_25' title="bbox 189 2317 1773 2390">
     <span class='ocr_line' id='line_1_25' title="bbox 189 2317 1773 2390; baseline 0.001 -20"><span class='ocrx_word' id='word_1_189' title='bbox 189 2318 543 2389; x_wconf 79' lang='grc' dir='ltr'>ψευδώνυμον</span> <span class='ocrx_word' id='word_1_190' title='bbox 585 2319 679 2389; x_wconf 78' lang='grc' dir='ltr'><strong>τὴν</strong></span> <span class='ocrx_word' id='word_1_191' title='bbox 731 2317 1049 2388; x_wconf 78' lang='grc' dir='ltr'>ἐπωνυμίαν</span> <span class='ocrx_word' id='word_1_192' title='bbox 1099 2318 1231 2389; x_wconf 81' lang='grc' dir='ltr'>ἔχει.</span> <span class='ocrx_word' id='word_1_193' title='bbox 1302 2320 1442 2371; x_wconf 87' lang='grc' dir='ltr'>Ὅσα</span> <span class='ocrx_word' id='word_1_194' title='bbox 1495 2318 1605 2390; x_wconf 80' lang='grc' dir='ltr'><strong>γάρ</strong></span> <span class='ocrx_word' id='word_1_195' title='bbox 1652 2318 1773 2389; x_wconf 76' lang='grc' dir='ltr'>οὐχὶ</span> 
     </span>
    </p>
   </div>
   <div class='ocr_carea' id='block_1_26' title="bbox 193 2407 1771 2480">
    <p class='ocr_par' dir='ltr' id='par_1_26' title="bbox 193 2407 1771 2480">
     <span class='ocr_line' id='line_1_26' title="bbox 193 2407 1771 2480; baseline -0.001 -19"><span class='ocrx_word' id='word_1_196' title='bbox 193 2410 529 2480; x_wconf 80' lang='grc' dir='ltr'>πρόσκαιρον</span> <span class='ocrx_word' id='word_1_197' title='bbox 590 2409 774 2462; x_wconf 83' lang='grc' dir='ltr'>δίδωσι</span> <span class='ocrx_word' id='word_1_198' title='bbox 835 2409 934 2478; x_wconf 79' lang='grc' dir='ltr'>τὴν</span> <span class='ocrx_word' id='word_1_199' title='bbox 988 2408 1321 2473; x_wconf 84' lang='grc' dir='ltr'>ἀπόλαυσιν,</span> <span class='ocrx_word' id='word_1_200' title='bbox 1378 2408 1498 2461; x_wconf 81' lang='grc' dir='ltr'>οὐδὲ</span> <span class='ocrx_word' id='word_1_201' title='bbox 1547 2407 1617 2461; x_wconf 86' lang='grc' dir='ltr'><strong>τά</strong></span> <span class='ocrx_word' id='word_1_202' title='bbox 1666 2425 1771 2460; x_wconf 86' lang='grc' dir='ltr'>τινι</span> 
     </span>
    </p>
   </div>
   <div class='ocr_carea' id='block_1_27' title="bbox 189 2499 1774 2570">
    <p class='ocr_par' dir='ltr' id='par_1_27' title="bbox 189 2499 1774 2570">
     <span class='ocr_line' id='line_1_27' title="bbox 189 2499 1774 2570; baseline 0.001 -18"><span class='ocrx_word' id='word_1_203' title='bbox 189 2500 450 2553; x_wconf 76' lang='grc' dir='ltr'>δοκοῦντα</span> <span class='ocrx_word' id='word_1_204' title='bbox 475 2500 614 2553; x_wconf 74' lang='grc' dir='ltr'>καλὲι</span> <span class='ocrx_word' id='word_1_205' title='bbox 654 2499 863 2570; x_wconf 78' lang='grc' dir='ltr'>ἑτέροις</span> <span class='ocrx_word' id='word_1_206' title='bbox 905 2500 1153 2570; x_wconf 81' lang='grc' dir='ltr'>ἄχρηστα</span> <span class='ocrx_word' id='word_1_207' title='bbox 1182 2499 1388 2566; x_wconf 89' lang='grc' dir='ltr'>γίνεται</span> <span class='ocrx_word' id='word_1_208' title='bbox 1420 2539 1436 2563; x_wconf 89' lang='grc'><strong>,</strong></span> <span class='ocrx_word' id='word_1_209' title='bbox 1478 2499 1614 2553; x_wconf 85' lang='grc' dir='ltr'><strong>ἀλλά</strong></span> <span class='ocrx_word' id='word_1_210' title='bbox 1639 2499 1774 2553; x_wconf 88' lang='grc' dir='ltr'>πάν-</span> 
     </span>
    </p>
   </div>
   <div class='ocr_carea' id='block_1_28' title="bbox 190 2585 1771 2659">
    <p class='ocr_par' dir='ltr' id='par_1_28' title="bbox 190 2585 1771 2659">
     <span class='ocr_line' id='line_1_28' title="bbox 190 2585 1771 2659; baseline 0.002 -19"><span class='ocrx_word' id='word_1_211' title='bbox 190 2607 309 2643; x_wconf 85' lang='grc' dir='ltr'>τοτε</span> <span class='ocrx_word' id='word_1_212' title='bbox 355 2592 451 2644; x_wconf 78' lang='grc' dir='ltr'><strong>καὶ</strong></span> <span class='ocrx_word' id='word_1_213' title='bbox 481 2591 568 2644; x_wconf 87' lang='grc' dir='ltr'><strong>διά</strong></span> <span class='ocrx_word' id='word_1_214' title='bbox 597 2592 817 2644; x_wconf 85' lang='grc' dir='ltr'>πάντων</span> <span class='ocrx_word' id='word_1_215' title='bbox 850 2591 944 2643; x_wconf 72' lang='grc' dir='ltr'><strong>καὶ</strong></span> <span class='ocrx_word' id='word_1_216' title='bbox 977 2592 1036 2643; x_wconf 88' lang='grc' dir='ltr'><strong>ὲν</strong></span> <span class='ocrx_word' id='word_1_217' title='bbox 1066 2590 1230 2643; x_wconf 74' lang='grc' dir='ltr'>πᾶσίν</span> <span class='ocrx_word' id='word_1_218' title='bbox 1275 2591 1421 2643; x_wconf 75' lang='grc' dir='ltr'>ἐστιν</span> <span class='ocrx_word' id='word_1_219' title='bbox 1459 2591 1656 2659; x_wconf 76' lang='grc' dir='ltr'>ἀγαθὰ,</span> <span class='ocrx_word' id='word_1_220' title='bbox 1690 2585 1771 2655; x_wconf 75' lang='grc' dir='ltr'>οἷς</span> 
     </span>
    </p>
   </div>
   <div class='ocr_carea' id='block_1_29' title="bbox 190 2679 1771 2751">
    <p class='ocr_par' dir='ltr' id='par_1_29' title="bbox 190 2679 1771 2751">
     <span class='ocr_line' id='line_1_29' title="bbox 190 2679 1771 2751; baseline 0.001 -18"><span class='ocrx_word' id='word_1_221' title='bbox 190 2681 255 2733; x_wconf 81' lang='grc' dir='ltr'><strong>ἂν</strong></span> <span class='ocrx_word' id='word_1_222' title='bbox 282 2682 596 2751; x_wconf 79' lang='grc' dir='ltr'>ἐγγένηται,</span> <span class='ocrx_word' id='word_1_223' title='bbox 642 2682 816 2735; x_wconf 73' lang='grc' dir='ltr'>ταῦτα</span> <span class='ocrx_word' id='word_1_224' title='bbox 857 2683 933 2744; x_wconf 77' lang='grc' dir='ltr'>ὡς</span> <span class='ocrx_word' id='word_1_225' title='bbox 978 2679 1194 2750; x_wconf 82' lang='grc' dir='ltr'>ἀληθῶς</span> <span class='ocrx_word' id='word_1_226' title='bbox 1239 2682 1386 2735; x_wconf 79' lang='grc' dir='ltr'>ἐστιν</span> <span class='ocrx_word' id='word_1_227' title='bbox 1436 2681 1638 2749; x_wconf 81' lang='grc' dir='ltr'>ἀγαθά,</span> <span class='ocrx_word' id='word_1_228' title='bbox 1682 2683 1771 2735; x_wconf 74' lang='grc' dir='ltr'>ἀεὶ</span> 
     </span>
    </p>
   </div>
   <div class='ocr_carea' id='block_1_30' title="bbox 190 2771 1768 2843">
    <p class='ocr_par' dir='ltr' id='par_1_30' title="bbox 190 2771 1768 2843">
     <span class='ocr_line' id='line_1_30' title="bbox 190 2771 1768 2843; baseline 0.001 -19"><span class='ocrx_word' id='word_1_229' title='bbox 190 2771 453 2836; x_wconf 79' lang='grc' dir='ltr'><strong>ὡσαύτως</strong></span> <span class='ocrx_word' id='word_1_230' title='bbox 488 2772 699 2842; x_wconf 75' lang='grc' dir='ltr'>ἔχοντα,</span> <span class='ocrx_word' id='word_1_231' title='bbox 751 2773 845 2825; x_wconf 76' lang='grc' dir='ltr'>καὶ</span> <span class='ocrx_word' id='word_1_232' title='bbox 875 2773 974 2843; x_wconf 85' lang='grc' dir='ltr'><strong>τὴν</strong></span> <span class='ocrx_word' id='word_1_233' title='bbox 1007 2772 1100 2825; x_wconf 81' lang='grc' dir='ltr'>τοῦ</span> <span class='ocrx_word' id='word_1_234' title='bbox 1135 2773 1373 2843; x_wconf 75' lang='grc' dir='ltr'>χείρονος</span> <span class='ocrx_word' id='word_1_235' title='bbox 1416 2773 1657 2842; x_wconf 75' lang='grc' dir='ltr'>ἐπίμιξιν</span> <span class='ocrx_word' id='word_1_236' title='bbox 1707 2774 1768 2826; x_wconf 85' lang='grc' dir='ltr'><strong>οὐ</strong></span> 
     </span>
    </p>
   </div>
   <div class='ocr_carea' id='block_1_31' title="bbox 193 2863 1771 2937">
    <p class='ocr_par' dir='ltr' id='par_1_31' title="bbox 193 2863 1771 2937">
     <span class='ocr_line' id='line_1_31' title="bbox 193 2863 1771 2937; baseline 0.001 -21"><span class='ocrx_word' id='word_1_237' title='bbox 193 2864 618 2935; x_wconf 75' lang='grc' dir='ltr'>προσδεχόμενα.</span> <span class='ocrx_word' id='word_1_238' title='bbox 654 2864 832 2936; x_wconf 68' lang='lat' dir='ltr'><strong>&quot;Amp</strong></span> <span class='ocrx_word' id='word_1_239' title='bbox 877 2868 988 2927; x_wconf 81' lang='grc' dir='ltr'>τοῖς</span> <span class='ocrx_word' id='word_1_240' title='bbox 1036 2864 1276 2935; x_wconf 70' lang='grc' dir='ltr'>ἀκριϐῶς</span> <span class='ocrx_word' id='word_1_241' title='bbox 1305 2863 1612 2928; x_wconf 77' lang='grc' dir='ltr'>ἐξετάζουσι</span> <span class='ocrx_word' id='word_1_242' title='bbox 1644 2866 1771 2937; x_wconf 80' lang='grc' dir='ltr'>περὶ</span> 
     </span>
    </p>
   </div>
   <div class='ocr_carea' id='block_1_32' title="bbox 94 2956 1771 3027">
    <p class='ocr_par' dir='ltr' id='par_1_32' title="bbox 94 2956 1771 3027">
     <span class='ocr_line' id='line_1_32' title="bbox 94 2956 1771 3027; baseline 0.002 -20"><span class='ocrx_word' id='word_1_243' title='bbox 94 2960 105 2966; x_wconf 85' lang='grc'><strong><em>“</em></strong></span> <span class='ocrx_word' id='word_1_244' title='bbox 195 2957 362 3026; x_wconf 79' lang='grc' dir='ltr'>μόνην</span> <span class='ocrx_word' id='word_1_245' title='bbox 412 2956 511 3027; x_wconf 80' lang='grc' dir='ltr'><strong>τὴν</strong></span> <span class='ocrx_word' id='word_1_246' title='bbox 541 2957 689 3009; x_wconf 84' lang='grc' dir='ltr'>Θείαν</span> <span class='ocrx_word' id='word_1_247' title='bbox 723 2974 781 3009; x_wconf 86' lang='grc' dir='ltr'><strong>τε</strong></span> <span class='ocrx_word' id='word_1_248' title='bbox 810 2957 903 3009; x_wconf 81' lang='grc' dir='ltr'>καὶ</span> <span class='ocrx_word' id='word_1_249' title='bbox 930 2956 1098 3009; x_wconf 75' lang='grc' dir='ltr'>ἀΐδιον</span> <span class='ocrx_word' id='word_1_250' title='bbox 1133 2957 1413 3026; x_wconf 80' lang='grc' dir='ltr'>θεωρεῖται</span> <span class='ocrx_word' id='word_1_251' title='bbox 1457 2956 1636 3025; x_wconf 73' lang='grc' dir='ltr'>φύσιν.</span> <span class='ocrx_word' id='word_1_252' title='bbox 1689 2957 1771 3010; x_wconf 85' lang='grc' dir='ltr'><strong>Τὰ</strong></span> 
     </span>
    </p>
   </div>
   <div class='ocr_carea' id='block_1_33' title="bbox 191 3047 1770 3119">
    <p class='ocr_par' dir='ltr' id='par_1_33' title="bbox 191 3047 1770 3119">
     <span class='ocr_line' id='line_1_33' title="bbox 191 3047 1770 3119; baseline -0.001 -19"><span class='ocrx_word' id='word_1_253' title='bbox 191 3048 246 3101; x_wconf 72' lang='grc' dir='ltr'>δὲ</span> <span class='ocrx_word' id='word_1_254' title='bbox 283 3048 421 3103; x_wconf 78' lang='grc' dir='ltr'>ἄλλα</span> <span class='ocrx_word' id='word_1_255' title='bbox 459 3049 634 3101; x_wconf 84' lang='grc' dir='ltr'>πάντα</span> <span class='ocrx_word' id='word_1_256' title='bbox 667 3050 765 3101; x_wconf 84' lang='grc' dir='ltr'>ὅσα</span> <span class='ocrx_word' id='word_1_257' title='bbox 807 3051 874 3119; x_wconf 81' lang='grc' dir='ltr'>τῇ</span> <span class='ocrx_word' id='word_1_258' title='bbox 923 3048 1169 3118; x_wconf 84' lang='grc' dir='ltr'>αἰσθήσει</span> <span class='ocrx_word' id='word_1_259' title='bbox 1200 3048 1339 3101; x_wconf 84' lang='grc' dir='ltr'>καλά</span> <span class='ocrx_word' id='word_1_260' title='bbox 1372 3050 1506 3108; x_wconf 76' lang='grc' dir='ltr'>ἐστι,</span> <span class='ocrx_word' id='word_1_261' title='bbox 1548 3048 1635 3100; x_wconf 82' lang='grc' dir='ltr'><strong>διά</strong></span> <span class='ocrx_word' id='word_1_262' title='bbox 1671 3047 1770 3116; x_wconf 77' lang='grc' dir='ltr'><strong>τῆς</strong></span> 
     </span>
    </p>
   </div>
   <div class='ocr_carea' id='block_1_34' title="bbox 1881 583 3457 654">
    <p class='ocr_par' dir='ltr' id='par_1_34' title="bbox 1881 583 3457 654">
     <span class='ocr_line' id='line_1_34' title="bbox 1881 583 3457 654; baseline -0.001 -15"><span class='ocrx_word' id='word_1_263' title='bbox 1881 584 2024 639; x_wconf 86' lang='lat' dir='ltr'><strong>citra</strong></span> <span class='ocrx_word' id='word_1_264' title='bbox 2066 598 2311 639; x_wconf 89' lang='lat' dir='ltr'><strong>errorem</strong></span> <span class='ocrx_word' id='word_1_265' title='bbox 2343 594 2733 654; x_wconf 80' lang='lat' dir='ltr'><strong>agnoscantur,</strong></span> <span class='ocrx_word' id='word_1_266' title='bbox 2765 584 2881 639; x_wconf 66' lang='lat' dir='ltr'><strong>haec</strong></span> <span class='ocrx_word' id='word_1_267' title='bbox 2911 598 3063 638; x_wconf 90' lang='lat' dir='ltr'><strong>nunc</strong></span> <span class='ocrx_word' id='word_1_268' title='bbox 3101 584 3239 638; x_wconf 92' lang='lat' dir='ltr'><strong>dicit</strong></span> <span class='ocrx_word' id='word_1_269' title='bbox 3270 583 3325 637; x_wconf 93' lang='lat' dir='ltr'><strong>in</strong></span> <span class='ocrx_word' id='word_1_270' title='bbox 3353 584 3457 638; x_wconf 87' lang='lat' dir='ltr'><strong>hoc</strong></span> 
     </span>
    </p>
   </div>
   <div class='ocr_carea' id='block_1_35' title="bbox 1881 674 3458 745">
    <p class='ocr_par' dir='ltr' id='par_1_35' title="bbox 1881 674 3458 745">
     <span class='ocr_line' id='line_1_35' title="bbox 1881 674 3458 745; baseline -0.002 -14"><span class='ocrx_word' id='word_1_271' title='bbox 1881 678 2022 731; x_wconf 89' lang='lat' dir='ltr'><strong>libro</strong></span> <span class='ocrx_word' id='word_1_272' title='bbox 2038 676 2426 740; x_wconf 77' lang='lat' dir='ltr'><strong>Ecclesiastes,</strong></span> <span class='ocrx_word' id='word_1_273' title='bbox 2458 696 2475 728; x_wconf 87' lang='grc' dir='ltr'><strong>ι</strong></span> <span class='ocrx_word' id='word_1_274' title='bbox 2502 674 2742 745; x_wconf 80' lang='lat' dir='ltr'><strong>Tempus</strong></span> <span class='ocrx_word' id='word_1_275' title='bbox 2769 683 2854 730; x_wconf 91' lang='lat' dir='ltr'><strong>est</strong></span> <span class='ocrx_word' id='word_1_276' title='bbox 2889 676 3133 737; x_wconf 90' lang='lat' dir='ltr'><strong>amandi,</strong></span> <span class='ocrx_word' id='word_1_277' title='bbox 3166 682 3221 728; x_wconf 88' lang='lat' dir='ltr'><strong>et</strong></span> <span class='ocrx_word' id='word_1_278' title='bbox 3243 684 3458 743; x_wconf 86' lang='lat' dir='ltr'><strong>tempus</strong></span> 
     </span>
    </p>
   </div>
   <div class='ocr_carea' id='block_1_36' title="bbox 1879 766 3456 835">
    <p class='ocr_par' dir='ltr' id='par_1_36' title="bbox 1879 766 3456 835">
     <span class='ocr_line' id='line_1_36' title="bbox 1879 766 3456 835; baseline -0.003 -13"><span class='ocrx_word' id='word_1_279' title='bbox 1879 775 1967 823; x_wconf 84' lang='lat' dir='ltr'><strong>est</strong></span> <span class='ocrx_word' id='word_1_280' title='bbox 1992 768 2119 823; x_wconf 90' lang='lat' dir='ltr'><strong>odio</strong></span> <span class='ocrx_word' id='word_1_281' title='bbox 2150 767 2404 822; x_wconf 84' lang='lat' dir='ltr'><strong>habendi.</strong></span> <span class='ocrx_word' id='word_1_282' title='bbox 2422 786 2438 815; x_wconf 71' lang='grc' dir='ltr'><strong>ι</strong></span> <span class='ocrx_word' id='word_1_283' title='bbox 2472 766 2571 820; x_wconf 91' lang='lat' dir='ltr'><strong>Per</strong></span> <span class='ocrx_word' id='word_1_284' title='bbox 2604 781 2726 835; x_wconf 72' lang='lat' dir='ltr'><strong>qua:</strong></span> <span class='ocrx_word' id='word_1_285' title='bbox 2748 766 2967 835; x_wconf 86' lang='lat' dir='ltr'><strong>quidem</strong></span> <span class='ocrx_word' id='word_1_286' title='bbox 2988 766 3253 820; x_wconf 83' lang='lat' dir='ltr'><strong>discernit</strong></span> <span class='ocrx_word' id='word_1_287' title='bbox 3273 781 3456 820; x_wconf 89' lang='lat' dir='ltr'><strong>rerum</strong></span> 
     </span>
    </p>
   </div>
   <div class='ocr_carea' id='block_1_37' title="bbox 1880 855 3456 925">
    <p class='ocr_par' dir='ltr' id='par_1_37' title="bbox 1880 855 3456 925">
     <span class='ocr_line' id='line_1_37' title="bbox 1880 855 3456 925; baseline -0.002 -14"><span class='ocrx_word' id='word_1_288' title='bbox 1880 865 2159 921; x_wconf 88' lang='lat' dir='ltr'><strong>naturam,</strong></span> <span class='ocrx_word' id='word_1_289' title='bbox 2199 857 2496 911; x_wconf 87' lang='lat' dir='ltr'><strong>ostendens</strong></span> <span class='ocrx_word' id='word_1_290' title='bbox 2524 857 2654 925; x_wconf 89' lang='lat' dir='ltr'><strong>quid</strong></span> <span class='ocrx_word' id='word_1_291' title='bbox 2695 856 2904 910; x_wconf 85' lang='lat' dir='ltr'><strong>utiliter</strong></span> <span class='ocrx_word' id='word_1_292' title='bbox 2939 864 3175 918; x_wconf 89' lang='lat' dir='ltr'><strong>ametur,</strong></span> <span class='ocrx_word' id='word_1_293' title='bbox 3227 863 3282 910; x_wconf 85' lang='lat' dir='ltr'><strong>et</strong></span> <span class='ocrx_word' id='word_1_294' title='bbox 3322 855 3456 923; x_wconf 88' lang='lat' dir='ltr'><strong>quid</strong></span> 
     </span>
    </p>
   </div>
   <div class='ocr_carea' id='block_1_38' title="bbox 1880 948 3456 1017">
    <p class='ocr_par' dir='ltr' id='par_1_38' title="bbox 1880 948 3456 1017">
     <span class='ocr_line' id='line_1_38' title="bbox 1880 948 3456 1017; baseline -0.001 -13"><span class='ocrx_word' id='word_1_295' title='bbox 1880 949 2008 1004; x_wconf 91' lang='lat' dir='ltr'><strong>odio</strong></span> <span class='ocrx_word' id='word_1_296' title='bbox 2045 949 2313 1003; x_wconf 84' lang='lat' dir='ltr'><strong>habeatur</strong></span> <span class='ocrx_word' id='word_1_297' title='bbox 2370 949 2509 1002; x_wconf 86' lang='lat' dir='ltr'><strong>Dicit</strong></span> <span class='ocrx_word' id='word_1_298' title='bbox 2547 950 2691 1002; x_wconf 92' lang='lat' dir='ltr'><strong>enim</strong></span> <span class='ocrx_word' id='word_1_299' title='bbox 2724 948 2986 1017; x_wconf 78' lang='lat' dir='ltr'><strong>juventus</strong></span> <span class='ocrx_word' id='word_1_300' title='bbox 3012 948 3192 1003; x_wconf 67' lang='lat' dir='ltr'><strong>aetatis</strong></span> <span class='ocrx_word' id='word_1_301' title='bbox 3237 949 3456 1002; x_wconf 76' lang='lat' dir='ltr'><strong>fervens</strong></span> 
     </span>
    </p>
   </div>
   <div class='ocr_carea' id='block_1_39' title="bbox 1881 1038 3455 1107">
    <p class='ocr_par' dir='ltr' id='par_1_39' title="bbox 1881 1038 3455 1107">
     <span class='ocr_line' id='line_1_39' title="bbox 1881 1038 3455 1107; baseline -0.001 -16"><span class='ocrx_word' id='word_1_302' title='bbox 1881 1039 2190 1102; x_wconf 77' lang='lat' dir='ltr'><strong>allectibus,</strong></span> <span class='ocrx_word' id='word_1_303' title='bbox 2225 1040 2328 1095; x_wconf 88' lang='lat' dir='ltr'><strong>sibi</strong></span> <span class='ocrx_word' id='word_1_304' title='bbox 2375 1049 2589 1107; x_wconf 90' lang='lat' dir='ltr'><strong>tempus</strong></span> <span class='ocrx_word' id='word_1_305' title='bbox 2621 1055 2744 1093; x_wconf 84' lang='lat' dir='ltr'><strong>esse</strong></span> <span class='ocrx_word' id='word_1_306' title='bbox 2788 1039 3005 1092; x_wconf 87' lang='lat' dir='ltr'><strong>amandi</strong></span> <span class='ocrx_word' id='word_1_307' title='bbox 3036 1054 3097 1093; x_wconf 86' lang='lat' dir='ltr'><strong>ea</strong></span> <span class='ocrx_word' id='word_1_308' title='bbox 3133 1052 3254 1107; x_wconf 81' lang='lat' dir='ltr'><strong>quae</strong></span> <span class='ocrx_word' id='word_1_309' title='bbox 3288 1038 3455 1091; x_wconf 89' lang='lat' dir='ltr'><strong>chara</strong></span> 
     </span>
    </p>
   </div>
   <div class='ocr_carea' id='block_1_40' title="bbox 1879 1128 3455 1201">
    <p class='ocr_par' dir='ltr' id='par_1_40' title="bbox 1879 1128 3455 1201">
     <span class='ocr_line' id='line_1_40' title="bbox 1879 1128 3455 1201; baseline -0.001 -16"><span class='ocrx_word' id='word_1_310' title='bbox 1879 1130 2309 1197; x_wconf 84' lang='lat' dir='ltr'><strong>sintjuventuti.</strong></span> <span class='ocrx_word' id='word_1_311' title='bbox 2357 1130 2461 1185; x_wconf 87' lang='lat' dir='ltr'><strong>Sed</strong></span> <span class='ocrx_word' id='word_1_312' title='bbox 2490 1131 2760 1201; x_wconf 85' lang='lat' dir='ltr'><strong>juventuti</strong></span> <span class='ocrx_word' id='word_1_313' title='bbox 2788 1142 2981 1184; x_wconf 84' lang='lat' dir='ltr'><strong>contra</strong></span> <span class='ocrx_word' id='word_1_314' title='bbox 3019 1132 3224 1184; x_wconf 88' lang='lat' dir='ltr'><strong>clamat</strong></span> <span class='ocrx_word' id='word_1_315' title='bbox 3264 1128 3455 1184; x_wconf 87' lang='lat' dir='ltr'><strong>Eccle-</strong></span> 
     </span>
    </p>
   </div>
   <div class='ocr_carea' id='block_1_41' title="bbox 1881 1223 3453 1293">
    <p class='ocr_par' dir='ltr' id='par_1_41' title="bbox 1881 1223 3453 1293">
     <span class='ocr_line' id='line_1_41' title="bbox 1881 1223 3453 1293; baseline -0.001 -16"><span class='ocrx_word' id='word_1_316' title='bbox 1881 1224 2105 1286; x_wconf 86' lang='lat' dir='ltr'><strong>siastes,</strong></span> <span class='ocrx_word' id='word_1_317' title='bbox 2145 1223 2414 1279; x_wconf 73' lang='lat' dir='ltr'><strong>definiens</strong></span> <span class='ocrx_word' id='word_1_318' title='bbox 2447 1223 2594 1277; x_wconf 84' lang='lat' dir='ltr'><strong>aliud</strong></span> <span class='ocrx_word' id='word_1_319' title='bbox 2645 1239 2769 1279; x_wconf 85' lang='lat' dir='ltr'><strong>esse</strong></span> <span class='ocrx_word' id='word_1_320' title='bbox 2814 1234 3031 1293; x_wconf 85' lang='lat' dir='ltr'><strong>tempus</strong></span> <span class='ocrx_word' id='word_1_321' title='bbox 3066 1238 3215 1293; x_wconf 66' lang='lat' dir='ltr'><strong>purae</strong></span> <span class='ocrx_word' id='word_1_322' title='bbox 3256 1223 3453 1276; x_wconf 82' lang='lat' dir='ltr'><strong>amici-</strong></span> 
     </span>
    </p>
   </div>
   <div class='ocr_carea' id='block_1_42' title="bbox 1881 1313 3453 1381">
    <p class='ocr_par' dir='ltr' id='par_1_42' title="bbox 1881 1313 3453 1381">
     <span class='ocr_line' id='line_1_42' title="bbox 1881 1313 3453 1381; baseline -0.001 -13"><span class='ocrx_word' id='word_1_323' title='bbox 1881 1314 1988 1368; x_wconf 46' lang='lat' dir='ltr'><strong>tiai.</strong></span> <span class='ocrx_word' id='word_1_324' title='bbox 2018 1313 2136 1368; x_wconf 76' lang='lat' dir='ltr'><strong>Non</strong></span> <span class='ocrx_word' id='word_1_325' title='bbox 2172 1314 2317 1369; x_wconf 85' lang='lat' dir='ltr'><strong>enim</strong></span> <span class='ocrx_word' id='word_1_326' title='bbox 2369 1315 2471 1369; x_wconf 88' lang='lat' dir='ltr'><strong>hoc</strong></span> <span class='ocrx_word' id='word_1_327' title='bbox 2515 1330 2636 1368; x_wconf 80' lang='lat' dir='ltr'><strong>esse</strong></span> <span class='ocrx_word' id='word_1_328' title='bbox 2671 1315 3194 1381; x_wconf 78' lang='lat' dir='ltr'><strong>amicitiam,anima:</strong></span> <span class='ocrx_word' id='word_1_329' title='bbox 3230 1314 3453 1367; x_wconf 84' lang='lat' dir='ltr'><strong>habitu-</strong></span> 
     </span>
    </p>
   </div>
   <div class='ocr_carea' id='block_1_43' title="bbox 1879 1405 3452 1475">
    <p class='ocr_par' dir='ltr' id='par_1_43' title="bbox 1879 1405 3452 1475">
     <span class='ocr_line' id='line_1_43' title="bbox 1879 1405 3452 1475; baseline 0 -15"><span class='ocrx_word' id='word_1_330' title='bbox 1879 1406 2065 1460; x_wconf 91' lang='lat' dir='ltr'><strong>dinem</strong></span> <span class='ocrx_word' id='word_1_331' title='bbox 2107 1406 2455 1461; x_wconf 83' lang='lat' dir='ltr'><strong>aberrantem</strong></span> <span class='ocrx_word' id='word_1_332' title='bbox 2488 1407 2542 1459; x_wconf 92' lang='lat' dir='ltr'><strong>in</strong></span> <span class='ocrx_word' id='word_1_333' title='bbox 2576 1407 2742 1460; x_wconf 84' lang='lat' dir='ltr'><strong>rebus</strong></span> <span class='ocrx_word' id='word_1_334' title='bbox 2774 1407 3026 1475; x_wconf 86' lang='lat' dir='ltr'><strong>turpibus</strong></span> <span class='ocrx_word' id='word_1_335' title='bbox 3054 1414 3108 1459; x_wconf 89' lang='lat' dir='ltr'><strong>et</strong></span> <span class='ocrx_word' id='word_1_336' title='bbox 3142 1405 3452 1474; x_wconf 81' lang='lat' dir='ltr'><strong>ﬂagitiosis.</strong></span> 
     </span>
    </p>
   </div>
   <div class='ocr_carea' id='block_1_44' title="bbox 1880 1495 3452 1561">
    <p class='ocr_par' dir='ltr' id='par_1_44' title="bbox 1880 1495 3452 1561">
     <span class='ocr_line' id='line_1_44' title="bbox 1880 1495 3452 1561; baseline 0.001 -13"><span class='ocrx_word' id='word_1_337' title='bbox 1880 1495 2168 1561; x_wconf 86' lang='lat' dir='ltr'><strong>Quomodo</strong></span> <span class='ocrx_word' id='word_1_338' title='bbox 2194 1498 2337 1550; x_wconf 89' lang='lat' dir='ltr'><strong>enim</strong></span> <span class='ocrx_word' id='word_1_339' title='bbox 2381 1497 2426 1549; x_wconf 93' lang='lat' dir='ltr'><strong>si</strong></span> <span class='ocrx_word' id='word_1_340' title='bbox 2461 1496 2515 1549; x_wconf 93' lang='lat' dir='ltr'><strong>in</strong></span> <span class='ocrx_word' id='word_1_341' title='bbox 2546 1497 2785 1551; x_wconf 85' lang='lat' dir='ltr'><strong>sanitate</strong></span> <span class='ocrx_word' id='word_1_342' title='bbox 2835 1505 2984 1551; x_wconf 88' lang='lat' dir='ltr'><strong>recto</strong></span> <span class='ocrx_word' id='word_1_343' title='bbox 3015 1511 3182 1551; x_wconf 87' lang='lat' dir='ltr'><strong>cursu</strong></span> <span class='ocrx_word' id='word_1_344' title='bbox 3220 1506 3308 1550; x_wconf 87' lang='lat' dir='ltr'><strong>eat</strong></span> <span class='ocrx_word' id='word_1_345' title='bbox 3353 1513 3452 1550; x_wconf 90' lang='lat' dir='ltr'><strong>na-</strong></span> 
     </span>
    </p>
   </div>
   <div class='ocr_carea' id='block_1_45' title="bbox 1882 1576 3455 1658">
    <p class='ocr_par' dir='ltr' id='par_1_45' title="bbox 1882 1576 3455 1658">
     <span class='ocr_line' id='line_1_45' title="bbox 1882 1576 3455 1658; baseline 0.002 -18"><span class='ocrx_word' id='word_1_346' title='bbox 1882 1597 2024 1652; x_wconf 88' lang='lat' dir='ltr'><strong>tura,</strong></span> <span class='ocrx_word' id='word_1_347' title='bbox 2059 1576 2113 1642; x_wconf 84' lang='lat' dir='ltr'><strong>in</strong></span> <span class='ocrx_word' id='word_1_348' title='bbox 2146 1599 2392 1658; x_wconf 89' lang='lat' dir='ltr'><strong>tempore</strong></span> <span class='ocrx_word' id='word_1_349' title='bbox 2433 1588 2555 1643; x_wconf 90' lang='lat' dir='ltr'><strong>sitis</strong></span> <span class='ocrx_word' id='word_1_350' title='bbox 2593 1591 2806 1643; x_wconf 76' lang='lat' dir='ltr'><strong>accedit</strong></span> <span class='ocrx_word' id='word_1_351' title='bbox 2840 1590 3061 1658; x_wconf 89' lang='lat' dir='ltr'><strong>corpori</strong></span> <span class='ocrx_word' id='word_1_352' title='bbox 3093 1609 3104 1643; x_wconf 97' lang='lat'>:</span> <span class='ocrx_word' id='word_1_353' title='bbox 3132 1591 3331 1657; x_wconf 79' lang='lat' dir='ltr'><strong>quibus</strong></span> <span class='ocrx_word' id='word_1_354' title='bbox 3363 1607 3455 1645; x_wconf 64' lang='lat' dir='ltr'><strong>an.</strong></span> 
     </span>
    </p>
   </div>
   <div class='ocr_carea' id='block_1_46' title="bbox 1879 1681 3453 1751">
    <p class='ocr_par' dir='ltr' id='par_1_46' title="bbox 1879 1681 3453 1751">
     <span class='ocr_line' id='line_1_46' title="bbox 1879 1681 3453 1751; baseline 0 -17"><span class='ocrx_word' id='word_1_355' title='bbox 1879 1690 1985 1734; x_wconf 90' lang='lat' dir='ltr'><strong>tem</strong></span> <span class='ocrx_word' id='word_1_356' title='bbox 2015 1696 2233 1735; x_wconf 89' lang='lat' dir='ltr'><strong>morsus</strong></span> <span class='ocrx_word' id='word_1_357' title='bbox 2257 1681 2501 1751; x_wconf 87' lang='lat' dir='ltr'><strong>dipsadis</strong></span> <span class='ocrx_word' id='word_1_358' title='bbox 2529 1682 2688 1736; x_wconf 89' lang='lat' dir='ltr'><strong>talem</strong></span> <span class='ocrx_word' id='word_1_359' title='bbox 2723 1682 2861 1736; x_wconf 90' lang='lat' dir='ltr'><strong>indit</strong></span> <span class='ocrx_word' id='word_1_360' title='bbox 2889 1681 3258 1743; x_wconf 79' lang='lat' dir='ltr'><strong>all‘ectioncm,</strong></span> <span class='ocrx_word' id='word_1_361' title='bbox 3291 1697 3453 1734; x_wconf 86' lang='lat' dir='ltr'><strong>nemo</strong></span> 
     </span>
    </p>
   </div>
   <div class='ocr_carea' id='block_1_47' title="bbox 1877 1772 3456 1842">
    <p class='ocr_par' dir='ltr' id='par_1_47' title="bbox 1877 1772 3456 1842">
     <span class='ocr_line' id='line_1_47' title="bbox 1877 1772 3456 1842; baseline 0.004 -16"><span class='ocrx_word' id='word_1_362' title='bbox 1877 1772 2075 1827; x_wconf 83' lang='lat' dir='ltr'><strong>dixerit</strong></span> <span class='ocrx_word' id='word_1_363' title='bbox 2096 1775 2148 1826; x_wconf 93' lang='lat' dir='ltr'><strong>in</strong></span> <span class='ocrx_word' id='word_1_364' title='bbox 2173 1782 2415 1842; x_wconf 89' lang='lat' dir='ltr'><strong>tempore</strong></span> <span class='ocrx_word' id='word_1_365' title='bbox 2438 1789 2557 1828; x_wconf 86' lang='lat' dir='ltr'><strong>eam</strong></span> <span class='ocrx_word' id='word_1_366' title='bbox 2580 1772 2720 1827; x_wconf 85' lang='lat' dir='ltr'><strong>ellici</strong></span> <span class='ocrx_word' id='word_1_367' title='bbox 2756 1775 2902 1828; x_wconf 88' lang='lat' dir='ltr'><strong>sitim</strong></span> <span class='ocrx_word' id='word_1_368' title='bbox 2926 1793 2938 1825; x_wconf 91' lang='lat'>:</span> <span class='ocrx_word' id='word_1_369' title='bbox 2962 1790 3069 1829; x_wconf 91' lang='lat' dir='ltr'><strong>non</strong></span> <span class='ocrx_word' id='word_1_370' title='bbox 3109 1775 3255 1828; x_wconf 88' lang='lat' dir='ltr'><strong>enim</strong></span> <span class='ocrx_word' id='word_1_371' title='bbox 3288 1777 3341 1829; x_wconf 91' lang='lat' dir='ltr'><strong>in</strong></span> <span class='ocrx_word' id='word_1_372' title='bbox 3368 1775 3456 1832; x_wconf 83' lang='lat' dir='ltr'><strong>his</strong></span> 
     </span>
    </p>
   </div>
   <div class='ocr_carea' id='block_1_48' title="bbox 1883 1865 3451 1934">
    <p class='ocr_par' dir='ltr' id='par_1_48' title="bbox 1883 1865 3451 1934">
     <span class='ocr_line' id='line_1_48' title="bbox 1883 1865 3451 1934; baseline 0.003 -17"><span class='ocrx_word' id='word_1_373' title='bbox 1883 1866 2156 1919; x_wconf 84' lang='lat' dir='ltr'><strong>naturalis</strong></span> <span class='ocrx_word' id='word_1_374' title='bbox 2189 1867 2483 1934; x_wconf 80' lang='lat' dir='ltr'><strong>apprlillls,</strong></span> <span class='ocrx_word' id='word_1_375' title='bbox 2528 1865 2621 1919; x_wconf 88' lang='lat' dir='ltr'><strong>sed</strong></span> <span class='ocrx_word' id='word_1_376' title='bbox 2664 1866 2862 1920; x_wconf 86' lang='lat' dir='ltr'><strong>vitiosa</strong></span> <span class='ocrx_word' id='word_1_377' title='bbox 2893 1866 3111 1920; x_wconf 69' lang='lat' dir='ltr'><strong>allectio</strong></span> <span class='ocrx_word' id='word_1_378' title='bbox 3148 1875 3233 1920; x_wconf 87' lang='lat' dir='ltr'><strong>est</strong></span> <span class='ocrx_word' id='word_1_379' title='bbox 3281 1867 3404 1921; x_wconf 87' lang='lat' dir='ltr'><strong>sitis</strong></span> <span class='ocrx_word' id='word_1_380' title='bbox 3436 1884 3451 1921; x_wconf 93' lang='lat'><strong>:</strong></span> 
     </span>
    </p>
   </div>
   <div class='ocr_carea' id='block_1_49' title="bbox 1875 1956 3454 2039">
    <p class='ocr_par' dir='ltr' id='par_1_49' title="bbox 1875 1956 3454 2039">
     <span class='ocr_line' id='line_1_49' title="bbox 1875 1956 3454 2039; baseline 0.002 -31"><span class='ocrx_word' id='word_1_381' title='bbox 1875 1956 1949 2009; x_wconf 84' lang='lat' dir='ltr'><strong>ita</strong></span> <span class='ocrx_word' id='word_1_382' title='bbox 2017 1958 2182 2010; x_wconf 89' lang='lat' dir='ltr'><strong>etiam</strong></span> <span class='ocrx_word' id='word_1_383' title='bbox 2234 1958 2522 2039; x_wconf 58' lang='lat' dir='ltr'><strong>.ubsccnus</strong></span> <span class='ocrx_word' id='word_1_384' title='bbox 2587 1972 2744 2010; x_wconf 84' lang='lat' dir='ltr'><strong>amor</strong></span> <span class='ocrx_word' id='word_1_385' title='bbox 2792 1958 3136 2025; x_wconf 86' lang='lat' dir='ltr'><strong>juvculutis,</strong></span> <span class='ocrx_word' id='word_1_386' title='bbox 3192 1974 3301 2010; x_wconf 88' lang='lat' dir='ltr'><strong>non</strong></span> <span class='ocrx_word' id='word_1_387' title='bbox 3368 1968 3454 2012; x_wconf 86' lang='lat' dir='ltr'><strong>est</strong></span> 
     </span>
    </p>
   </div>
   <div class='ocr_carea' id='block_1_50' title="bbox 1875 2048 3452 2118">
    <p class='ocr_par' dir='ltr' id='par_1_50' title="bbox 1875 2048 3452 2118">
     <span class='ocr_line' id='line_1_50' title="bbox 1875 2048 3452 2118; baseline 0.001 -19"><span class='ocrx_word' id='word_1_388' title='bbox 1875 2063 2049 2109; x_wconf 71' lang='lat' dir='ltr'><strong>altior,</strong></span> <span class='ocrx_word' id='word_1_389' title='bbox 2082 2049 2173 2102; x_wconf 84' lang='lat' dir='ltr'><strong>sed</strong></span> <span class='ocrx_word' id='word_1_390' title='bbox 2204 2048 2428 2103; x_wconf 84' lang='lat' dir='ltr'><strong>morbus</strong></span> <span class='ocrx_word' id='word_1_391' title='bbox 2469 2048 2559 2118; x_wconf 93' lang='lat' dir='ltr'><strong>qui</strong></span> <span class='ocrx_word' id='word_1_392' title='bbox 2588 2058 2910 2118; x_wconf 79' lang='lat' dir='ltr'><strong>procreatur</strong></span> <span class='ocrx_word' id='word_1_393' title='bbox 2940 2049 3150 2103; x_wconf 87' lang='lat' dir='ltr'><strong>ardenti</strong></span> <span class='ocrx_word' id='word_1_394' title='bbox 3188 2058 3240 2102; x_wconf 90' lang='lat' dir='ltr'><strong>et</strong></span> <span class='ocrx_word' id='word_1_395' title='bbox 3265 2049 3452 2117; x_wconf 76' lang='lat' dir='ltr'><strong>dipsa-</strong></span> 
     </span>
    </p>
   </div>
   <div class='ocr_carea' id='block_1_51' title="bbox 1874 2139 3451 2208">
    <p class='ocr_par' dir='ltr' id='par_1_51' title="bbox 1874 2139 3451 2208">
     <span class='ocr_line' id='line_1_51' title="bbox 1874 2139 3451 2208; baseline 0.001 -16"><span class='ocrx_word' id='word_1_396' title='bbox 1874 2139 1961 2195; x_wconf 84' lang='lat' dir='ltr'><strong>(lis</strong></span> <span class='ocrx_word' id='word_1_397' title='bbox 1993 2140 2216 2194; x_wconf 89' lang='lat' dir='ltr'><strong>minime</strong></span> <span class='ocrx_word' id='word_1_398' title='bbox 2254 2140 2493 2194; x_wconf 87' lang='lat' dir='ltr'><strong>absimili</strong></span> <span class='ocrx_word' id='word_1_399' title='bbox 2530 2155 2717 2193; x_wconf 88' lang='lat' dir='ltr'><strong>morsu</strong></span> <span class='ocrx_word' id='word_1_400' title='bbox 2746 2140 3074 2208; x_wconf 68' lang='lat' dir='ltr'><strong>iuventutis.</strong></span> <span class='ocrx_word' id='word_1_401' title='bbox 3121 2139 3234 2192; x_wconf 82' lang='lat' dir='ltr'><strong>Non</strong></span> <span class='ocrx_word' id='word_1_402' title='bbox 3268 2141 3451 2194; x_wconf 86' lang='lat' dir='ltr'><strong>omnis</strong></span> 
     </span>
    </p>
   </div>
   <div class='ocr_carea' id='block_1_52' title="bbox 1873 2222 3453 2299">
    <p class='ocr_par' dir='ltr' id='par_1_52' title="bbox 1873 2222 3453 2299">
     <span class='ocr_line' id='line_1_52' title="bbox 1873 2222 3453 2299; baseline -0.001 -17"><span class='ocrx_word' id='word_1_403' title='bbox 1873 2245 2002 2299; x_wconf 80' lang='lat' dir='ltr'><strong>ergo</strong></span> <span class='ocrx_word' id='word_1_404' title='bbox 2032 2244 2186 2282; x_wconf 90' lang='lat' dir='ltr'><strong>amor</strong></span> <span class='ocrx_word' id='word_1_405' title='bbox 2217 2243 2311 2282; x_wconf 90' lang='lat' dir='ltr'><strong>seu</strong></span> <span class='ocrx_word' id='word_1_406' title='bbox 2344 2229 2583 2282; x_wconf 86' lang='lat' dir='ltr'><strong>amicitia</strong></span> <span class='ocrx_word' id='word_1_407' title='bbox 2623 2236 2706 2282; x_wconf 87' lang='lat' dir='ltr'><strong>est</strong></span> <span class='ocrx_word' id='word_1_408' title='bbox 2748 2238 3075 2296; x_wconf 89' lang='lat' dir='ltr'><strong>opportuna,</strong></span> <span class='ocrx_word' id='word_1_409' title='bbox 3119 2222 3215 2281; x_wconf 80' lang='lat' dir='ltr'><strong>Sed</strong></span> <span class='ocrx_word' id='word_1_410' title='bbox 3250 2242 3314 2281; x_wconf 79' lang='lat' dir='ltr'><strong>ea</strong></span> <span class='ocrx_word' id='word_1_411' title='bbox 3356 2227 3453 2281; x_wconf 86' lang='lat' dir='ltr'><strong>dc-</strong></span> 
     </span>
    </p>
   </div>
   <div class='ocr_carea' id='block_1_53' title="bbox 1875 2317 3452 2387">
    <p class='ocr_par' dir='ltr' id='par_1_53' title="bbox 1875 2317 3452 2387">
     <span class='ocr_line' id='line_1_53' title="bbox 1875 2317 3452 2387; baseline -0.001 -17"><span class='ocrx_word' id='word_1_412' title='bbox 1875 2334 2044 2381; x_wconf 91' lang='lat' dir='ltr'><strong>mum,</strong></span> <span class='ocrx_word' id='word_1_413' title='bbox 2072 2333 2191 2387; x_wconf 54' lang='lat' dir='ltr'><strong>quae</strong></span> <span class='ocrx_word' id='word_1_414' title='bbox 2224 2324 2477 2372; x_wconf 86' lang='lat' dir='ltr'><strong>versatur</strong></span> <span class='ocrx_word' id='word_1_415' title='bbox 2529 2317 2581 2369; x_wconf 92' lang='lat' dir='ltr'><strong>in</strong></span> <span class='ocrx_word' id='word_1_416' title='bbox 2619 2331 2685 2370; x_wconf 91' lang='lat' dir='ltr'><strong>eo</strong></span> <span class='ocrx_word' id='word_1_417' title='bbox 2730 2317 2873 2386; x_wconf 86' lang='lat' dir='ltr'><strong>quod</strong></span> <span class='ocrx_word' id='word_1_418' title='bbox 2908 2325 2992 2371; x_wconf 89' lang='lat' dir='ltr'><strong>est</strong></span> <span class='ocrx_word' id='word_1_419' title='bbox 3044 2318 3221 2369; x_wconf 84' lang='lat' dir='ltr'><strong>solum</strong></span> <span class='ocrx_word' id='word_1_420' title='bbox 3262 2330 3452 2369; x_wconf 81' lang='lat' dir='ltr'><strong>aman-</strong></span> 
     </span>
    </p>
   </div>
   <div class='ocr_carea' id='block_1_54' title="bbox 1872 2408 3446 2477">
    <p class='ocr_par' dir='ltr' id='par_1_54' title="bbox 1872 2408 3446 2477">
     <span class='ocr_line' id='line_1_54' title="bbox 1872 2408 3446 2477; baseline 0.001 -16"><span class='ocrx_word' id='word_1_421' title='bbox 1872 2410 2024 2462; x_wconf 92' lang='lat' dir='ltr'><strong>dum.</strong></span> <span class='ocrx_word' id='word_1_422' title='bbox 2060 2410 2166 2464; x_wconf 81' lang='lat' dir='ltr'><strong>Sed</strong></span> <span class='ocrx_word' id='word_1_423' title='bbox 2201 2409 2315 2464; x_wconf 87' lang='lat' dir='ltr'><strong>ﬁeri</strong></span> <span class='ocrx_word' id='word_1_424' title='bbox 2356 2424 2464 2462; x_wconf 94' lang='lat' dir='ltr'><strong>non</strong></span> <span class='ocrx_word' id='word_1_425' title='bbox 2499 2416 2700 2477; x_wconf 88' lang='lat' dir='ltr'><strong>potest,</strong></span> <span class='ocrx_word' id='word_1_426' title='bbox 2748 2417 2804 2461; x_wconf 91' lang='lat' dir='ltr'><strong>ut</strong></span> <span class='ocrx_word' id='word_1_427' title='bbox 2837 2409 2905 2462; x_wconf 87' lang='lat' dir='ltr'><strong>de</strong></span> <span class='ocrx_word' id='word_1_428' title='bbox 2934 2408 3019 2462; x_wconf 88' lang='lat' dir='ltr'><strong>bis</strong></span> <span class='ocrx_word' id='word_1_429' title='bbox 3052 2410 3200 2461; x_wconf 86' lang='lat' dir='ltr'><strong>clara</strong></span> <span class='ocrx_word' id='word_1_430' title='bbox 3241 2409 3446 2462; x_wconf 85' lang='lat' dir='ltr'><strong>habea-</strong></span> 
     </span>
    </p>
   </div>
   <div class='ocr_carea' id='block_1_55' title="bbox 1874 2499 3448 2569">
    <p class='ocr_par' dir='ltr' id='par_1_55' title="bbox 1874 2499 3448 2569">
     <span class='ocr_line' id='line_1_55' title="bbox 1874 2499 3448 2569; baseline 0.001 -17"><span class='ocrx_word' id='word_1_431' title='bbox 1874 2506 1963 2552; x_wconf 87' lang='lat' dir='ltr'><strong>tur</strong></span> <span class='ocrx_word' id='word_1_432' title='bbox 1996 2500 2260 2569; x_wconf 77' lang='lat' dir='ltr'><strong>coguitio,</strong></span> <span class='ocrx_word' id='word_1_433' title='bbox 2304 2499 2409 2553; x_wconf 88' lang='lat' dir='ltr'><strong>nisi</strong></span> <span class='ocrx_word' id='word_1_434' title='bbox 2448 2500 2500 2552; x_wconf 92' lang='lat' dir='ltr'><strong>id</strong></span> <span class='ocrx_word' id='word_1_435' title='bbox 2523 2499 2591 2553; x_wconf 91' lang='lat' dir='ltr'><strong>de</strong></span> <span class='ocrx_word' id='word_1_436' title='bbox 2616 2514 2726 2568; x_wconf 89' lang='lat' dir='ltr'><strong>quo</strong></span> <span class='ocrx_word' id='word_1_437' title='bbox 2758 2500 2941 2569; x_wconf 84' lang='lat' dir='ltr'><strong>agitur</strong></span> <span class='ocrx_word' id='word_1_438' title='bbox 2975 2500 3046 2552; x_wconf 87' lang='lat' dir='ltr'><strong>ita</strong></span> <span class='ocrx_word' id='word_1_439' title='bbox 3082 2500 3365 2553; x_wconf 81' lang='lat' dir='ltr'><strong>dividatur</strong></span> <span class='ocrx_word' id='word_1_440' title='bbox 3393 2500 3448 2554; x_wconf 91' lang='lat' dir='ltr'><strong>in</strong></span> 
     </span>
    </p>
   </div>
   <div class='ocr_carea' id='block_1_56' title="bbox 1872 2589 3451 2659">
    <p class='ocr_par' dir='ltr' id='par_1_56' title="bbox 1872 2589 3451 2659">
     <span class='ocr_line' id='line_1_56' title="bbox 1872 2589 3451 2659; baseline 0 -15"><span class='ocrx_word' id='word_1_441' title='bbox 1872 2589 2382 2657; x_wconf 86' lang='lat' dir='ltr'><strong>contemplatione:</strong></span> <span class='ocrx_word' id='word_1_442' title='bbox 2418 2589 2695 2643; x_wconf 87' lang='lat' dir='ltr'><strong>Bonorum</strong></span> <span class='ocrx_word' id='word_1_443' title='bbox 2753 2605 2921 2659; x_wconf 80' lang='lat' dir='ltr'><strong>ergo,</strong></span> <span class='ocrx_word' id='word_1_444' title='bbox 2971 2605 3203 2658; x_wconf 89' lang='lat' dir='ltr'><strong>quorum</strong></span> <span class='ocrx_word' id='word_1_445' title='bbox 3263 2591 3451 2644; x_wconf 68' lang='lat' dir='ltr'><strong>studio</strong></span> 
     </span>
    </p>
   </div>
   <div class='ocr_carea' id='block_1_57' title="bbox 1873 2681 3448 2751">
    <p class='ocr_par' dir='ltr' id='par_1_57' title="bbox 1873 2681 3448 2751">
     <span class='ocr_line' id='line_1_57' title="bbox 1873 2681 3448 2751; baseline 0.003 -19"><span class='ocrx_word' id='word_1_446' title='bbox 1873 2688 2129 2734; x_wconf 88' lang='lat' dir='ltr'><strong>tenentur</strong></span> <span class='ocrx_word' id='word_1_447' title='bbox 2182 2681 2472 2744; x_wconf 87' lang='lat' dir='ltr'><strong>homines,</strong></span> <span class='ocrx_word' id='word_1_448' title='bbox 2520 2683 2628 2735; x_wconf 89' lang='lat' dir='ltr'><strong>alia</strong></span> <span class='ocrx_word' id='word_1_449' title='bbox 2685 2684 2901 2751; x_wconf 85' lang='lat' dir='ltr'><strong>quidem</strong></span> <span class='ocrx_word' id='word_1_450' title='bbox 2952 2700 3080 2737; x_wconf 88' lang='lat' dir='ltr'><strong>vere</strong></span> <span class='ocrx_word' id='word_1_451' title='bbox 3141 2691 3271 2737; x_wconf 87' lang='lat' dir='ltr'><strong>sunt</strong></span> <span class='ocrx_word' id='word_1_452' title='bbox 3321 2685 3448 2737; x_wconf 86' lang='lat' dir='ltr'><strong>talia</strong></span> 
     </span>
    </p>
   </div>
   <div class='ocr_carea' id='block_1_58' title="bbox 1870 2771 3449 2840">
    <p class='ocr_par' dir='ltr' id='par_1_58' title="bbox 1870 2771 3449 2840">
     <span class='ocr_line' id='line_1_58' title="bbox 1870 2771 3449 2840; baseline 0.003 -16"><span class='ocrx_word' id='word_1_453' title='bbox 1870 2771 2049 2840; x_wconf 78' lang='lat' dir='ltr'><strong>qualia</strong></span> <span class='ocrx_word' id='word_1_454' title='bbox 2112 2772 2523 2826; x_wconf 87' lang='lat' dir='ltr'><strong>nominantur:</strong></span> <span class='ocrx_word' id='word_1_455' title='bbox 2570 2773 2676 2827; x_wconf 87' lang='lat' dir='ltr'><strong>alia</strong></span> <span class='ocrx_word' id='word_1_456' title='bbox 2740 2782 2920 2826; x_wconf 81' lang='lat' dir='ltr'><strong>autem</strong></span> <span class='ocrx_word' id='word_1_457' title='bbox 2990 2774 3184 2828; x_wconf 78' lang='lat' dir='ltr'><strong>falsam</strong></span> <span class='ocrx_word' id='word_1_458' title='bbox 3247 2776 3449 2829; x_wconf 85' lang='lat' dir='ltr'><strong>habent</strong></span> 
     </span>
    </p>
   </div>
   <div class='ocr_carea' id='block_1_59' title="bbox 1871 2862 3447 2934">
    <p class='ocr_par' dir='ltr' id='par_1_59' title="bbox 1871 2862 3447 2934">
     <span class='ocr_line' id='line_1_59' title="bbox 1871 2862 3447 2934; baseline 0.004 -20"><span class='ocrx_word' id='word_1_459' title='bbox 1871 2862 2309 2930; x_wconf 83' lang='lat' dir='ltr'><strong>appellationem.</strong></span> <span class='ocrx_word' id='word_1_460' title='bbox 2363 2863 2494 2928; x_wconf 82' lang='lat' dir='ltr'><strong>Quae</strong></span> <span class='ocrx_word' id='word_1_461' title='bbox 2546 2866 2691 2918; x_wconf 89' lang='lat' dir='ltr'><strong>enim</strong></span> <span class='ocrx_word' id='word_1_462' title='bbox 2733 2873 2864 2919; x_wconf 91' lang='lat' dir='ltr'><strong>sunt</strong></span> <span class='ocrx_word' id='word_1_463' title='bbox 2908 2865 3178 2934; x_wconf 77' lang='lat' dir='ltr'><strong>ejusmodi</strong></span> <span class='ocrx_word' id='word_1_464' title='bbox 3228 2875 3284 2919; x_wconf 92' lang='lat' dir='ltr'><strong>ut</strong></span> <span class='ocrx_word' id='word_1_465' title='bbox 3339 2883 3447 2920; x_wconf 90' lang='lat' dir='ltr'><strong>non</strong></span> 
     </span>
    </p>
   </div>
   <div class='ocr_carea' id='block_1_60' title="bbox 1872 2953 3447 3027">
    <p class='ocr_par' dir='ltr' id='par_1_60' title="bbox 1872 2953 3447 3027">
     <span class='ocr_line' id='line_1_60' title="bbox 1872 2953 3447 3027; baseline 0.003 -21"><span class='ocrx_word' id='word_1_466' title='bbox 1872 2967 1930 3006; x_wconf 89' lang='lat' dir='ltr'><strong>se</strong></span> <span class='ocrx_word' id='word_1_467' title='bbox 1964 2953 2027 3006; x_wconf 92' lang='lat' dir='ltr'><strong>ad</strong></span> <span class='ocrx_word' id='word_1_468' title='bbox 2067 2963 2283 3021; x_wconf 86' lang='lat' dir='ltr'><strong>tempus</strong></span> <span class='ocrx_word' id='word_1_469' title='bbox 2318 2953 2545 3009; x_wconf 81' lang='lat' dir='ltr'><strong>fruenda</strong></span> <span class='ocrx_word' id='word_1_470' title='bbox 2588 2957 2901 3025; x_wconf 72' lang='lat' dir='ltr'><strong>pnebcant;</strong></span> <span class='ocrx_word' id='word_1_471' title='bbox 2953 2973 3130 3027; x_wconf 90' lang='lat' dir='ltr'><strong>neque</strong></span> <span class='ocrx_word' id='word_1_472' title='bbox 3180 2974 3303 3012; x_wconf 92' lang='lat' dir='ltr'><strong>cum</strong></span> <span class='ocrx_word' id='word_1_473' title='bbox 3343 2959 3447 3011; x_wconf 77' lang='lat' dir='ltr'><strong>a‘li-</strong></span> 
     </span>
    </p>
   </div>
   <div class='ocr_carea' id='block_1_61' title="bbox 1871 3044 3447 3114">
    <p class='ocr_par' dir='ltr' id='par_1_61' title="bbox 1871 3044 3447 3114">
     <span class='ocr_line' id='line_1_61' title="bbox 1871 3044 3447 3114; baseline 0.006 -19"><span class='ocrx_word' id='word_1_474' title='bbox 1871 3044 1961 3095; x_wconf 90' lang='lat' dir='ltr'><strong>cui</strong></span> <span class='ocrx_word' id='word_1_475' title='bbox 2008 3045 2239 3114; x_wconf 83' lang='lat' dir='ltr'><strong>pulchra</strong></span> <span class='ocrx_word' id='word_1_476' title='bbox 2292 3045 2623 3109; x_wconf 88' lang='lat' dir='ltr'><strong>videantur,</strong></span> <span class='ocrx_word' id='word_1_477' title='bbox 2679 3049 2801 3103; x_wconf 86' lang='lat' dir='ltr'><strong>aliis</strong></span> <span class='ocrx_word' id='word_1_478' title='bbox 2857 3057 2986 3103; x_wconf 86' lang='lat' dir='ltr'><strong>sunt</strong></span> <span class='ocrx_word' id='word_1_479' title='bbox 3046 3049 3289 3112; x_wconf 87' lang='lat' dir='ltr'><strong>inutilia,</strong></span> <span class='ocrx_word' id='word_1_480' title='bbox 3351 3050 3447 3104; x_wconf 75' lang='lat' dir='ltr'><strong>sed</strong></span> 
     </span>
    </p>
   </div>
   <div class='ocr_carea' id='block_1_62' title="bbox 193 3138 1770 3220">
    <p class='ocr_par' dir='ltr' id='par_1_62' title="bbox 193 3138 1768 3210">
     <span class='ocr_line' id='line_1_62' title="bbox 193 3138 1768 3210; baseline 0.001 -20"><span class='ocrx_word' id='word_1_481' title='bbox 193 3140 328 3192; x_wconf 74' lang='grc' dir='ltr'>κατὰ</span> <span class='ocrx_word' id='word_1_482' title='bbox 358 3139 458 3210; x_wconf 79' lang='grc' dir='ltr'>τὴν</span> <span class='ocrx_word' id='word_1_483' title='bbox 492 3140 667 3207; x_wconf 79' lang='grc' dir='ltr'>οἴησιν</span> <span class='ocrx_word' id='word_1_484' title='bbox 702 3140 916 3210; x_wconf 77' lang='grc' dir='ltr'>ἀπάτης</span> <span class='ocrx_word' id='word_1_485' title='bbox 947 3139 1086 3192; x_wconf 78' lang='grc' dir='ltr'>καλὰ</span> <span class='ocrx_word' id='word_1_486' title='bbox 1131 3140 1448 3210; x_wconf 79' lang='grc' dir='ltr'>φαινόμενα,</span> <span class='ocrx_word' id='word_1_487' title='bbox 1486 3138 1610 3191; x_wconf 75' lang='grc' dir='ltr'>οὔτε</span> <span class='ocrx_word' id='word_1_488' title='bbox 1656 3138 1768 3191; x_wconf 77' lang='grc' dir='ltr'>ἔστι</span> 
     </span>
    </p>
   </div>
   <div class='ocr_carea' id='block_1_63' title="bbox 1871 3138 3446 3220">
    <p class='ocr_par' dir='ltr' id='par_1_63' title="bbox 1873 3138 3446 3205">
     <span class='ocr_line' id='line_1_63' title="bbox 1873 3138 3446 3205; baseline 0.003 -17"><span class='ocrx_word' id='word_1_489' title='bbox 1873 3150 2088 3203; x_wconf 86' lang='lat' dir='ltr'><strong>semper</strong></span> <span class='ocrx_word' id='word_1_490' title='bbox 2137 3144 2193 3189; x_wconf 88' lang='lat' dir='ltr'><strong>et</strong></span> <span class='ocrx_word' id='word_1_491' title='bbox 2240 3152 2335 3205; x_wconf 89' lang='lat' dir='ltr'><strong>per</strong></span> <span class='ocrx_word' id='word_1_492' title='bbox 2367 3138 2572 3202; x_wconf 82' lang='lat' dir='ltr'><strong>omnia,</strong></span> <span class='ocrx_word' id='word_1_493' title='bbox 2620 3146 2675 3193; x_wconf 89' lang='lat' dir='ltr'><strong>et</strong></span> <span class='ocrx_word' id='word_1_494' title='bbox 2729 3140 2784 3193; x_wconf 89' lang='lat' dir='ltr'><strong>in</strong></span> <span class='ocrx_word' id='word_1_495' title='bbox 2816 3140 3073 3195; x_wconf 89' lang='lat' dir='ltr'><strong>omnibus</strong></span> <span class='ocrx_word' id='word_1_496' title='bbox 3121 3150 3250 3194; x_wconf 88' lang='lat' dir='ltr'><strong>sunt</strong></span> <span class='ocrx_word' id='word_1_497' title='bbox 3308 3142 3446 3193; x_wconf 82' lang='lat' dir='ltr'><strong>bona</strong></span> 
     </span>
    </p>
   </div>
   <div class='ocr_carea' id='block_1_64' title="bbox 191 3227 1771 3301">
    <p class='ocr_par' dir='ltr' id='par_1_64' title="bbox 191 3227 1771 3301">
     <span class='ocr_line' id='line_1_64' title="bbox 191 3227 1771 3301; baseline 0 -19"><span class='ocrx_word' id='word_1_498' title='bbox 191 3231 256 3298; x_wconf 80' lang='grc' dir='ltr'>τῇ</span> <span class='ocrx_word' id='word_1_499' title='bbox 284 3230 465 3298; x_wconf 77' lang='grc' dir='ltr'>φύσει,</span> <span class='ocrx_word' id='word_1_500' title='bbox 484 3229 605 3282; x_wconf 75' lang='grc' dir='ltr'>οὗτε</span> <span class='ocrx_word' id='word_1_501' title='bbox 635 3230 1110 3301; x_wconf 61' lang='grc' dir='ltr'>ὑφέστηγεν,ὰλλά</span> <span class='ocrx_word' id='word_1_502' title='bbox 1129 3227 1227 3300; x_wconf 81' lang='grc' dir='ltr'>τῆς</span> <span class='ocrx_word' id='word_1_503' title='bbox 1254 3229 1483 3299; x_wconf 78' lang='grc' dir='ltr'>ροώδους</span> <span class='ocrx_word' id='word_1_504' title='bbox 1512 3232 1605 3282; x_wconf 76' lang='grc' dir='ltr'>καὶ</span> <span class='ocrx_word' id='word_1_505' title='bbox 1632 3246 1771 3301; x_wconf 89' lang='grc' dir='ltr'>παρ-</span> 
     </span>
    </p>
   </div>
   <div class='ocr_carea' id='block_1_65' title="bbox 191 3321 1769 3392">
    <p class='ocr_par' dir='ltr' id='par_1_65' title="bbox 191 3321 1769 3392">
     <span class='ocr_line' id='line_1_65' title="bbox 191 3321 1769 3392; baseline -0.001 -18"><span class='ocrx_word' id='word_1_506' title='bbox 191 3322 372 3392; x_wconf 82' lang='grc' dir='ltr'>οδικῆς</span> <span class='ocrx_word' id='word_1_507' title='bbox 400 3322 530 3375; x_wconf 72' lang='grc' dir='ltr'>ὄντα</span> <span class='ocrx_word' id='word_1_508' title='bbox 561 3322 808 3390; x_wconf 81' lang='grc' dir='ltr'>φύσεως,</span> <span class='ocrx_word' id='word_1_509' title='bbox 860 3321 926 3374; x_wconf 82' lang='grc' dir='ltr'>δι’</span> <span class='ocrx_word' id='word_1_510' title='bbox 958 3322 1172 3388; x_wconf 83' lang='grc' dir='ltr'>ἀπάτης</span> <span class='ocrx_word' id='word_1_511' title='bbox 1216 3321 1360 3384; x_wconf 86' lang='grc' dir='ltr'>τινὸς</span> <span class='ocrx_word' id='word_1_512' title='bbox 1402 3322 1495 3373; x_wconf 59' lang='grc' dir='ltr'><strong>καὶ⁸</strong></span> <span class='ocrx_word' id='word_1_513' title='bbox 1535 3321 1769 3390; x_wconf 79' lang='grc' dir='ltr'>ματαίας</span> 
     </span>
    </p>
   </div>
   <div class='ocr_carea' id='block_1_66' title="bbox 192 3408 1768 3481">
    <p class='ocr_par' dir='ltr' id='par_1_66' title="bbox 192 3408 1768 3481">
     <span class='ocr_line' id='line_1_66' title="bbox 192 3408 1768 3481; baseline 0 -21"><span class='ocrx_word' id='word_1_514' title='bbox 192 3410 534 3481; x_wconf 67' lang='grc' dir='ltr'>προλήψεως,</span> <span class='ocrx_word' id='word_1_515' title='bbox 572 3411 646 3474; x_wconf 84' lang='grc' dir='ltr'>ὡς</span> <span class='ocrx_word' id='word_1_516' title='bbox 678 3412 818 3463; x_wconf 81' lang='grc' dir='ltr'><strong>κατά</strong></span> <span class='ocrx_word' id='word_1_517' title='bbox 848 3410 1105 3479; x_wconf 81' lang='grc' dir='ltr'>ἀλήθειαν</span> <span class='ocrx_word' id='word_1_518' title='bbox 1131 3409 1259 3463; x_wconf 79' lang='grc' dir='ltr'>ὄντα</span> <span class='ocrx_word' id='word_1_519' title='bbox 1285 3412 1396 3472; x_wconf 86' lang='grc' dir='ltr'>τοῖς</span> <span class='ocrx_word' id='word_1_520' title='bbox 1425 3408 1768 3472; x_wconf 80' lang='grc' dir='ltr'>ἀπαιδεύτοις</span> 
     </span>
    </p>
   </div>
   <div class='ocr_carea' id='block_1_67' title="bbox 194 3498 1767 3571">
    <p class='ocr_par' dir='ltr' id='par_1_67' title="bbox 194 3498 1767 3571">
     <span class='ocr_line' id='line_1_67' title="bbox 194 3498 1767 3571; baseline 0 -20"><span class='ocrx_word' id='word_1_521' title='bbox 194 3501 490 3570; x_wconf 77' lang='grc' dir='ltr'>νομίζεται.</span> <span class='ocrx_word' id='word_1_522' title='bbox 526 3503 586 3554; x_wconf 83' lang='grc' dir='ltr'><strong>Εἰ</strong></span> <span class='ocrx_word' id='word_1_523' title='bbox 616 3498 708 3555; x_wconf 76' lang='grc' dir='ltr'><strong>οὖν</strong></span> <span class='ocrx_word' id='word_1_524' title='bbox 730 3500 838 3554; x_wconf 81' lang='grc' dir='ltr'>τῶν</span> <span class='ocrx_word' id='word_1_525' title='bbox 865 3501 1112 3554; x_wconf 84' lang='grc' dir='ltr'>ἀστάτων</span> <span class='ocrx_word' id='word_1_526' title='bbox 1140 3499 1518 3571; x_wconf 81' lang='grc' dir='ltr'>περιεχόμενοι</span> <span class='ocrx_word' id='word_1_527' title='bbox 1548 3499 1655 3552; x_wconf 85' lang='grc' dir='ltr'><strong>τῶν</strong></span> <span class='ocrx_word' id='word_1_528' title='bbox 1680 3499 1767 3552; x_wconf 77' lang='grc' dir='ltr'><strong>ἀεὶ</strong></span> 
     </span>
    </p>
   </div>
   <div class='ocr_carea' id='block_1_68' title="bbox 192 3584 1766 3662">
    <p class='ocr_par' dir='ltr' id='par_1_68' title="bbox 192 3584 1766 3662">
     <span class='ocr_line' id='line_1_68' title="bbox 192 3584 1766 3662; baseline -0.001 -20"><span class='ocrx_word' id='word_1_529' title='bbox 192 3591 439 3644; x_wconf 79' lang='grc' dir='ltr'>ἑστώτων</span> <span class='ocrx_word' id='word_1_530' title='bbox 469 3593 569 3645; x_wconf 80' lang='grc' dir='ltr'><strong>οὐκ</strong></span> <span class='ocrx_word' id='word_1_531' title='bbox 608 3593 981 3662; x_wconf 82' lang='grc' dir='ltr'>ἐπορέγονται,</span> <span class='ocrx_word' id='word_1_532' title='bbox 1018 3591 1162 3643; x_wconf 80' lang='grc' dir='ltr'>ἔοικε</span> <span class='ocrx_word' id='word_1_533' title='bbox 1194 3590 1301 3662; x_wconf 74' lang='grc' dir='ltr'><strong>γὰρ</strong></span> <span class='ocrx_word' id='word_1_534' title='bbox 1331 3590 1508 3643; x_wconf 86' lang='grc' dir='ltr'>τοίνυν</span> <span class='ocrx_word' id='word_1_535' title='bbox 1532 3584 1644 3643; x_wconf 72' lang='grc' dir='ltr'>οἷον</span> <span class='ocrx_word' id='word_1_536' title='bbox 1675 3589 1766 3641; x_wconf 79' lang='grc' dir='ltr'><strong>ἐπί</strong></span> 
     </span>
    </p>
   </div>
   <div class='ocr_carea' id='block_1_69' title="bbox 191 3681 1768 3754">
    <p class='ocr_par' dir='ltr' id='par_1_69' title="bbox 191 3681 1768 3754">
     <span class='ocr_line' id='line_1_69' title="bbox 191 3681 1768 3754; baseline 0.001 -22"><span class='ocrx_word' id='word_1_537' title='bbox 191 3697 329 3745; x_wconf 77' lang='grc' dir='ltr'>τινος</span> <span class='ocrx_word' id='word_1_538' title='bbox 376 3685 608 3747; x_wconf 78' lang='grc' dir='ltr'>σκοπιᾶς</span> <span class='ocrx_word' id='word_1_539' title='bbox 656 3681 864 3754; x_wconf 78' lang='grc' dir='ltr'>ὑψηλῆς</span> <span class='ocrx_word' id='word_1_540' title='bbox 915 3682 1085 3746; x_wconf 73' lang='grc' dir='ltr'>ἑστὼς</span> <span class='ocrx_word' id='word_1_541' title='bbox 1130 3685 1158 3737; x_wconf 85' lang='grc' dir='ltr'><strong>ὁ</strong></span> <span class='ocrx_word' id='word_1_542' title='bbox 1201 3683 1627 3752; x_wconf 70' lang='grc' dir='ltr'>Ἐκκλησιαστὴς</span> <span class='ocrx_word' id='word_1_543' title='bbox 1670 3683 1768 3752; x_wconf 80' lang='grc' dir='ltr'><strong>ὲμ-</strong></span> 
     </span>
    </p>
   </div>
   <div class='ocr_carea' id='block_1_70' title="bbox 192 3768 1765 3847">
    <p class='ocr_par' dir='ltr' id='par_1_70' title="bbox 192 3768 1765 3847">
     <span class='ocr_line' id='line_1_70' title="bbox 192 3768 1765 3847; baseline 0 -22"><span class='ocrx_word' id='word_1_544' title='bbox 192 3772 317 3843; x_wconf 80' lang='grc' dir='ltr'>6οᾷν</span> <span class='ocrx_word' id='word_1_545' title='bbox 347 3777 413 3846; x_wconf 84' lang='grc' dir='ltr'>τῇ</span> <span class='ocrx_word' id='word_1_546' title='bbox 434 3775 746 3847; x_wconf 70' lang='grc' dir='ltr'>ἀιθρωπίνῃ</span> <span class='ocrx_word' id='word_1_547' title='bbox 778 3776 937 3845; x_wconf 82' lang='grc' dir='ltr'>φύσει</span> <span class='ocrx_word' id='word_1_548' title='bbox 966 3774 1032 3828; x_wconf 82' lang='grc' dir='ltr'>δι’</span> <span class='ocrx_word' id='word_1_549' title='bbox 1060 3768 1135 3828; x_wconf 82' lang='grc' dir='ltr'><strong>ὦν</strong></span> <span class='ocrx_word' id='word_1_550' title='bbox 1164 3774 1312 3842; x_wconf 80' lang='grc' dir='ltr'>λέγει</span> <span class='ocrx_word' id='word_1_551' title='bbox 1338 3791 1353 3808; x_wconf 79' lang='grc' dir='ltr'><strong>ο</strong></span> <span class='ocrx_word' id='word_1_552' title='bbox 1398 3795 1415 3826; x_wconf 83' lang='grc' dir='ltr'><strong>ι</strong></span> <span class='ocrx_word' id='word_1_553' title='bbox 1440 3773 1645 3842; x_wconf 87' lang='grc' dir='ltr'>Καιρὸς</span> <span class='ocrx_word' id='word_1_554' title='bbox 1670 3770 1765 3825; x_wconf 81' lang='grc' dir='ltr'>τοῦ</span> 
     </span>
    </p>
   </div>
   <div class='ocr_carea' id='block_1_71' title="bbox 194 3863 1766 3939">
    <p class='ocr_par' dir='ltr' id='par_1_71' title="bbox 194 3863 1766 3939">
     <span class='ocr_line' id='line_1_71' title="bbox 194 3863 1766 3939; baseline 0.001 -23"><span class='ocrx_word' id='word_1_555' title='bbox 194 3863 432 3936; x_wconf 75' lang='grc' dir='ltr'>φιλῆσαι,</span> <span class='ocrx_word' id='word_1_556' title='bbox 466 3867 558 3920; x_wconf 75' lang='grc' dir='ltr'><strong>καὶ</strong></span> <span class='ocrx_word' id='word_1_557' title='bbox 593 3867 783 3939; x_wconf 82' lang='grc' dir='ltr'>καιρὸς</span> <span class='ocrx_word' id='word_1_558' title='bbox 822 3866 914 3920; x_wconf 82' lang='grc' dir='ltr'>τοῦ</span> <span class='ocrx_word' id='word_1_559' title='bbox 953 3867 1200 3937; x_wconf 79' lang='grc' dir='ltr'>μισῆσαι,</span> <span class='ocrx_word' id='word_1_560' title='bbox 1225 3887 1243 3917; x_wconf 74' lang='grc' dir='ltr'><strong>ι</strong></span> <span class='ocrx_word' id='word_1_561' title='bbox 1268 3867 1348 3920; x_wconf 86' lang='grc' dir='ltr'>ὅτι</span> <span class='ocrx_word' id='word_1_562' title='bbox 1395 3864 1529 3919; x_wconf 77' lang='grc' dir='ltr'>ἄλλα</span> <span class='ocrx_word' id='word_1_563' title='bbox 1556 3865 1672 3918; x_wconf 77' lang='grc' dir='ltr'>ἐστὶ</span> <span class='ocrx_word' id='word_1_564' title='bbox 1698 3864 1766 3918; x_wconf 81' lang='grc' dir='ltr'>τὰ</span> 
     </span>
    </p>
   </div>
   <div class='ocr_carea' id='block_1_72' title="bbox 192 3951 1767 4027">
    <p class='ocr_par' dir='ltr' id='par_1_72' title="bbox 192 3951 1767 4027">
     <span class='ocr_line' id='line_1_72' title="bbox 192 3951 1767 4027; baseline 0.001 -21"><span class='ocrx_word' id='word_1_565' title='bbox 192 3951 354 4020; x_wconf 73' lang='grc' dir='ltr'>ὅντως</span> <span class='ocrx_word' id='word_1_566' title='bbox 390 3957 594 4025; x_wconf 81' lang='grc' dir='ltr'>ἀγαθὰ,</span> <span class='ocrx_word' id='word_1_567' title='bbox 638 3958 675 4011; x_wconf 77' lang='grc' dir='ltr'><strong>ἃ</strong></span> <span class='ocrx_word' id='word_1_568' title='bbox 707 3958 801 4013; x_wconf 79' lang='grc' dir='ltr'><strong>καὶ</strong></span> <span class='ocrx_word' id='word_1_569' title='bbox 828 3958 969 4012; x_wconf 78' lang='grc' dir='ltr'>αὐτά</span> <span class='ocrx_word' id='word_1_570' title='bbox 997 3961 1111 4012; x_wconf 77' lang='grc' dir='ltr'>ἐστι</span> <span class='ocrx_word' id='word_1_571' title='bbox 1142 3958 1300 4025; x_wconf 77' lang='grc' dir='ltr'>καλὰ,</span> <span class='ocrx_word' id='word_1_572' title='bbox 1342 3957 1434 4012; x_wconf 79' lang='grc' dir='ltr'>καὶ</span> <span class='ocrx_word' id='word_1_573' title='bbox 1478 3958 1602 4020; x_wconf 83' lang='grc' dir='ltr'>τοὺς</span> <span class='ocrx_word' id='word_1_574' title='bbox 1639 3972 1767 4027; x_wconf 87' lang='grc' dir='ltr'>μετ-</span> 
     </span>
    </p>
   </div>
   <div class='ocr_carea' id='block_1_73' title="bbox 192 4042 903 4115">
    <p class='ocr_par' dir='ltr' id='par_1_73' title="bbox 192 4042 903 4115">
     <span class='ocr_line' id='line_1_73' title="bbox 192 4042 903 4115; baseline 0.008 -18"><span class='ocrx_word' id='word_1_575' title='bbox 192 4042 409 4115; x_wconf 71' lang='grc' dir='ltr'>έχοντας</span> <span class='ocrx_word' id='word_1_576' title='bbox 436 4049 712 4112; x_wconf 83' lang='grc' dir='ltr'>τοιούτους</span> <span class='ocrx_word' id='word_1_577' title='bbox 742 4051 903 4103; x_wconf 84' lang='grc' dir='ltr'>ποιεῖ.</span> 
     </span>
    </p>
   </div>
   <div class='ocr_carea' id='block_1_74' title="bbox 1870 3227 3449 3301">
    <p class='ocr_par' dir='ltr' id='par_1_74' title="bbox 1870 3227 3449 3301">
     <span class='ocr_line' id='line_1_74' title="bbox 1870 3227 3449 3301; baseline 0.004 -22"><span class='ocrx_word' id='word_1_578' title='bbox 1870 3227 2072 3295; x_wconf 86' lang='lat' dir='ltr'><strong>quibus</strong></span> <span class='ocrx_word' id='word_1_579' title='bbox 2101 3227 2327 3289; x_wconf 84' lang='lat' dir='ltr'><strong>fuerint,</strong></span> <span class='ocrx_word' id='word_1_580' title='bbox 2372 3244 2434 3283; x_wconf 89' lang='lat' dir='ltr'><strong>ea</strong></span> <span class='ocrx_word' id='word_1_581' title='bbox 2469 3245 2595 3285; x_wconf 88' lang='lat' dir='ltr'><strong>vere</strong></span> <span class='ocrx_word' id='word_1_582' title='bbox 2636 3239 2769 3284; x_wconf 89' lang='lat' dir='ltr'><strong>sunt</strong></span> <span class='ocrx_word' id='word_1_583' title='bbox 2801 3232 2967 3297; x_wconf 86' lang='lat' dir='ltr'><strong>bona,</strong></span> <span class='ocrx_word' id='word_1_584' title='bbox 3005 3247 3221 3301; x_wconf 87' lang='lat' dir='ltr'><strong>semper</strong></span> <span class='ocrx_word' id='word_1_585' title='bbox 3250 3233 3449 3287; x_wconf 88' lang='lat' dir='ltr'><strong>simili-</strong></span> 
     </span>
    </p>
   </div>
   <div class='ocr_carea' id='block_1_75' title="bbox 1870 3321 3447 3386">
    <p class='ocr_par' dir='ltr' id='par_1_75' title="bbox 1870 3321 3447 3386">
     <span class='ocr_line' id='line_1_75' title="bbox 1870 3321 3447 3386; baseline 0.004 -15"><span class='ocrx_word' id='word_1_586' title='bbox 1870 3327 1953 3372; x_wconf 89' lang='lat' dir='ltr'><strong>ter</strong></span> <span class='ocrx_word' id='word_1_587' title='bbox 1980 3321 2253 3374; x_wconf 87' lang='lat' dir='ltr'><strong>et.eodem</strong></span> <span class='ocrx_word' id='word_1_588' title='bbox 2300 3323 2461 3376; x_wconf 87' lang='lat' dir='ltr'><strong>modo</strong></span> <span class='ocrx_word' id='word_1_589' title='bbox 2495 3338 2555 3376; x_wconf 86' lang='lat' dir='ltr'><strong>se</strong></span> <span class='ocrx_word' id='word_1_590' title='bbox 2599 3322 2879 3386; x_wconf 89' lang='lat' dir='ltr'><strong>habentia,</strong></span> <span class='ocrx_word' id='word_1_591' title='bbox 2914 3334 2965 3378; x_wconf 89' lang='lat' dir='ltr'><strong>et</strong></span> <span class='ocrx_word' id='word_1_592' title='bbox 3010 3340 3119 3379; x_wconf 87' lang='lat' dir='ltr'><strong>non</strong></span> <span class='ocrx_word' id='word_1_593' title='bbox 3150 3324 3447 3378; x_wconf 87' lang='lat' dir='ltr'><strong>admitten-</strong></span> 
     </span>
    </p>
   </div>
   <div class='ocr_carea' id='block_1_76' title="bbox 1870 3411 3447 3485">
    <p class='ocr_par' dir='ltr' id='par_1_76' title="bbox 1870 3411 3447 3485">
     <span class='ocr_line' id='line_1_76' title="bbox 1870 3411 3447 3485; baseline 0.003 -22"><span class='ocrx_word' id='word_1_594' title='bbox 1870 3411 1945 3463; x_wconf 88' lang='lat' dir='ltr'><strong>tia</strong></span> <span class='ocrx_word' id='word_1_595' title='bbox 1991 3411 2117 3465; x_wconf 87' lang='lat' dir='ltr'><strong>mali</strong></span> <span class='ocrx_word' id='word_1_596' title='bbox 2165 3414 2628 3468; x_wconf 84' lang='lat' dir='ltr'><strong>commistioncm.</strong></span> <span class='ocrx_word' id='word_1_597' title='bbox 2666 3414 2798 3480; x_wconf 78' lang='lat' dir='ltr'><strong>Qua:</strong></span> <span class='ocrx_word' id='word_1_598' title='bbox 2830 3416 3050 3484; x_wconf 88' lang='lat' dir='ltr'><strong>quidem</strong></span> <span class='ocrx_word' id='word_1_599' title='bbox 3091 3417 3158 3470; x_wconf 91' lang='lat' dir='ltr'><strong>iis</strong></span> <span class='ocrx_word' id='word_1_600' title='bbox 3203 3416 3294 3485; x_wconf 89' lang='lat' dir='ltr'><strong>qui</strong></span> <span class='ocrx_word' id='word_1_601' title='bbox 3333 3431 3447 3468; x_wconf 78' lang='lat' dir='ltr'><strong>rein</strong></span> 
     </span>
    </p>
   </div>
   <div class='ocr_carea' id='block_1_77' title="bbox 1864 3506 3445 3567">
    <p class='ocr_par' dir='ltr' id='par_1_77' title="bbox 1864 3506 3445 3567">
     <span class='ocr_line' id='line_1_77' title="bbox 1864 3506 3445 3567; baseline 0.005 -14"><span class='ocrx_word' id='word_1_602' title='bbox 1864 3510 2123 3556; x_wconf 86' lang='lat' dir='ltr'><strong>accurate</strong></span> <span class='ocrx_word' id='word_1_603' title='bbox 2156 3506 2494 3567; x_wconf 70' lang='lat' dir='ltr'><strong>examinant,</strong></span> <span class='ocrx_word' id='word_1_604' title='bbox 2532 3507 2587 3560; x_wconf 88' lang='lat' dir='ltr'><strong>in</strong></span> <span class='ocrx_word' id='word_1_605' title='bbox 2618 3508 2734 3560; x_wconf 90' lang='lat' dir='ltr'><strong>sola</strong></span> <span class='ocrx_word' id='word_1_606' title='bbox 2759 3507 2967 3561; x_wconf 53' lang='lat' dir='ltr'><strong>divina&#39;</strong></span> <span class='ocrx_word' id='word_1_607' title='bbox 2989 3516 3043 3561; x_wconf 91' lang='lat' dir='ltr'><strong>et</strong></span> <span class='ocrx_word' id='word_1_608' title='bbox 3073 3517 3279 3562; x_wconf 67' lang='lat' dir='ltr'><strong>mterna</strong></span> <span class='ocrx_word' id='word_1_609' title='bbox 3308 3522 3445 3561; x_wconf 78' lang='lat' dir='ltr'><strong>cou-</strong></span> 
     </span>
    </p>
   </div>
   <div class='ocr_carea' id='block_1_78' title="bbox 1868 3593 3443 3668">
    <p class='ocr_par' dir='ltr' id='par_1_78' title="bbox 1868 3593 3443 3668">
     <span class='ocr_line' id='line_1_78' title="bbox 1868 3593 3443 3668; baseline 0.005 -23"><span class='ocrx_word' id='word_1_610' title='bbox 1868 3593 2185 3647; x_wconf 87' lang='lat' dir='ltr'><strong>siderautur</strong></span> <span class='ocrx_word' id='word_1_611' title='bbox 2236 3604 2456 3650; x_wconf 86' lang='lat' dir='ltr'><strong>natura.</strong></span> <span class='ocrx_word' id='word_1_612' title='bbox 2488 3598 2608 3649; x_wconf 77' lang='lat' dir='ltr'><strong>Alia</strong></span> <span class='ocrx_word' id='word_1_613' title='bbox 2637 3605 2819 3652; x_wconf 87' lang='lat' dir='ltr'><strong>autem</strong></span> <span class='ocrx_word' id='word_1_614' title='bbox 2870 3600 3053 3652; x_wconf 89' lang='lat' dir='ltr'><strong>omnia</strong></span> <span class='ocrx_word' id='word_1_615' title='bbox 3090 3614 3212 3668; x_wconf 69' lang='lat' dir='ltr'><strong>qua:</strong></span> <span class='ocrx_word' id='word_1_616' title='bbox 3258 3600 3443 3653; x_wconf 79' lang='lat' dir='ltr'><strong>sensui</strong></span> 
     </span>
    </p>
   </div>
   <div class='ocr_carea' id='block_1_79' title="bbox 1866 3683 3448 3756">
    <p class='ocr_par' dir='ltr' id='par_1_79' title="bbox 1866 3683 3448 3756">
     <span class='ocr_line' id='line_1_79' title="bbox 1866 3683 3448 3756; baseline 0.004 -22"><span class='ocrx_word' id='word_1_617' title='bbox 1866 3692 1995 3734; x_wconf 88' lang='lat' dir='ltr'><strong>sunt</strong></span> <span class='ocrx_word' id='word_1_618' title='bbox 2027 3683 2254 3751; x_wconf 90' lang='lat' dir='ltr'><strong>pulchra</strong></span> <span class='ocrx_word' id='word_1_619' title='bbox 2300 3699 2364 3736; x_wconf 87' lang='lat' dir='ltr'><strong>ac</strong></span> <span class='ocrx_word' id='word_1_620' title='bbox 2399 3686 2560 3749; x_wconf 81' lang='lat' dir='ltr'><strong>bona,</strong></span> <span class='ocrx_word' id='word_1_621' title='bbox 2596 3687 2824 3756; x_wconf 86' lang='lat' dir='ltr'><strong>pulchra</strong></span> <span class='ocrx_word' id='word_1_622' title='bbox 2853 3696 3033 3741; x_wconf 84' lang='lat' dir='ltr'><strong>autem</strong></span> <span class='ocrx_word' id='word_1_623' title='bbox 3060 3689 3318 3741; x_wconf 87' lang='lat' dir='ltr'><strong>videntur</strong></span> <span class='ocrx_word' id='word_1_624' title='bbox 3349 3703 3448 3756; x_wconf 70' lang='lat' dir='ltr'><strong>per</strong></span> 
     </span>
    </p>
   </div>
   <div class='ocr_carea' id='block_1_80' title="bbox 1866 3774 3445 3847">
    <p class='ocr_par' dir='ltr' id='par_1_80' title="bbox 1866 3774 3445 3847">
     <span class='ocr_line' id='line_1_80' title="bbox 1866 3774 3445 3847; baseline 0.003 -21"><span class='ocrx_word' id='word_1_625' title='bbox 1866 3787 2107 3826; x_wconf 88' lang='lat' dir='ltr'><strong>errorem</strong></span> <span class='ocrx_word' id='word_1_626' title='bbox 2153 3774 2449 3842; x_wconf 90' lang='lat' dir='ltr'><strong>opinionis,</strong></span> <span class='ocrx_word' id='word_1_627' title='bbox 2501 3793 2677 3845; x_wconf 88' lang='lat' dir='ltr'><strong>neque</strong></span> <span class='ocrx_word' id='word_1_628' title='bbox 2720 3789 2867 3841; x_wconf 86' lang='lat' dir='ltr'><strong>sunt,</strong></span> <span class='ocrx_word' id='word_1_629' title='bbox 2918 3793 3098 3847; x_wconf 89' lang='lat' dir='ltr'><strong>neque</strong></span> <span class='ocrx_word' id='word_1_630' title='bbox 3133 3778 3445 3833; x_wconf 89' lang='lat' dir='ltr'><strong>consistunt</strong></span> 
     </span>
    </p>
   </div>
   <div class='ocr_carea' id='block_1_81' title="bbox 1874 3866 3441 3930">
    <p class='ocr_par' dir='ltr' id='par_1_81' title="bbox 1874 3866 3441 3930">
     <span class='ocr_line' id='line_1_81' title="bbox 1874 3866 3441 3930; baseline 0.004 -13"><span class='ocrx_word' id='word_1_631' title='bbox 1874 3870 2090 3929; x_wconf 90' lang='lat' dir='ltr'><strong>natura,</strong></span> <span class='ocrx_word' id='word_1_632' title='bbox 2136 3866 2230 3920; x_wconf 92' lang='lat' dir='ltr'><strong>sed</strong></span> <span class='ocrx_word' id='word_1_633' title='bbox 2274 3883 2394 3920; x_wconf 84' lang='lat' dir='ltr'><strong>cum</strong></span> <span class='ocrx_word' id='word_1_634' title='bbox 2434 3867 2544 3921; x_wconf 89' lang='lat' dir='ltr'><strong>sint</strong></span> <span class='ocrx_word' id='word_1_635' title='bbox 2578 3867 2737 3923; x_wconf 59' lang='lat' dir='ltr'><strong>ﬂuxa:</strong></span> <span class='ocrx_word' id='word_1_636' title='bbox 2766 3878 2819 3923; x_wconf 89' lang='lat' dir='ltr'><strong>et</strong></span> <span class='ocrx_word' id='word_1_637' title='bbox 2848 3871 3184 3924; x_wconf 90' lang='lat' dir='ltr'><strong>transeuntis</strong></span> <span class='ocrx_word' id='word_1_638' title='bbox 3214 3877 3441 3930; x_wconf 56' lang='lat' dir='ltr'><strong>natura,</strong></span> 
     </span>
    </p>
   </div>
   <div class='ocr_carea' id='block_1_82' title="bbox 1872 3961 3442 4028">
    <p class='ocr_par' dir='ltr' id='par_1_82' title="bbox 1872 3961 3442 4028">
     <span class='ocr_line' id='line_1_82' title="bbox 1872 3961 3442 4028; baseline 0.002 -18"><span class='ocrx_word' id='word_1_639' title='bbox 1872 3971 1968 4026; x_wconf 87' lang='lat' dir='ltr'><strong>per</strong></span> <span class='ocrx_word' id='word_1_640' title='bbox 1994 3972 2237 4013; x_wconf 89' lang='lat' dir='ltr'><strong>errorem</strong></span> <span class='ocrx_word' id='word_1_641' title='bbox 2272 3961 2564 4028; x_wconf 86' lang='lat' dir='ltr'><strong>quemdam</strong></span> <span class='ocrx_word' id='word_1_642' title='bbox 2615 3970 2670 4016; x_wconf 86' lang='lat' dir='ltr'><strong>et</strong></span> <span class='ocrx_word' id='word_1_643' title='bbox 2701 3963 2915 4016; x_wconf 87' lang='lat' dir='ltr'><strong>inanem</strong></span> <span class='ocrx_word' id='word_1_644' title='bbox 2958 3962 3442 4025; x_wconf 82' lang='lat' dir='ltr'><strong>existimationem,</strong></span> 
     </span>
    </p>
   </div>
   <div class='ocr_carea' id='block_1_83' title="bbox 1869 4048 3447 4123">
    <p class='ocr_par' dir='ltr' id='par_1_83' title="bbox 1869 4048 3447 4123">
     <span class='ocr_line' id='line_1_83' title="bbox 1869 4048 3447 4123; baseline 0.003 -23"><span class='ocrx_word' id='word_1_645' title='bbox 1869 4062 1998 4101; x_wconf 87' lang='lat' dir='ltr'><strong>vera</strong></span> <span class='ocrx_word' id='word_1_646' title='bbox 2029 4064 2151 4103; x_wconf 87' lang='lat' dir='ltr'><strong>esse</strong></span> <span class='ocrx_word' id='word_1_647' title='bbox 2181 4059 2476 4105; x_wconf 88' lang='lat' dir='ltr'><strong>censentur</strong></span> <span class='ocrx_word' id='word_1_648' title='bbox 2507 4053 2819 4107; x_wconf 84' lang='lat' dir='ltr'><strong>ineruditis.</strong></span> <span class='ocrx_word' id='word_1_649' title='bbox 2859 4048 2916 4107; x_wconf 80' lang='lat' dir='ltr'><strong>Si</strong></span> <span class='ocrx_word' id='word_1_650' title='bbox 2950 4069 3080 4123; x_wconf 82' lang='lat' dir='ltr'><strong>ergo</strong></span> <span class='ocrx_word' id='word_1_651' title='bbox 3114 4055 3447 4121; x_wconf 77' lang='lat' dir='ltr'><strong>amplecten-</strong></span> 
     </span>
    </p>
   </div>
   <div class='ocr_carea' id='block_1_84' title="bbox 195 4143 3441 4214">
    <p class='ocr_par' dir='ltr' id='par_1_84' title="bbox 195 4143 3441 4214">
     <span class='ocr_line' id='line_1_84' title="bbox 195 4143 3441 4214; baseline 0.003 -24"><span class='ocrx_word' id='word_1_652' title='bbox 195 4145 272 4194; x_wconf 85' lang='lat' dir='ltr'><strong>tes</strong></span> <span class='ocrx_word' id='word_1_653' title='bbox 300 4157 362 4196; x_wconf 88' lang='lat' dir='ltr'><strong>ea</strong></span> <span class='ocrx_word' id='word_1_654' title='bbox 394 4157 515 4211; x_wconf 75' lang='lat' dir='ltr'><strong>qua:</strong></span> <span class='ocrx_word' id='word_1_655' title='bbox 549 4150 678 4197; x_wconf 87' lang='lat' dir='ltr'><strong>sunt</strong></span> <span class='ocrx_word' id='word_1_656' title='bbox 755 4144 1050 4206; x_wconf 72' lang='lat' dir='ltr'><strong>instabilia,</strong></span> <span class='ocrx_word' id='word_1_657' title='bbox 1115 4157 1179 4197; x_wconf 89' lang='lat' dir='ltr'><strong>ea</strong></span> <span class='ocrx_word' id='word_1_658' title='bbox 1236 4156 1343 4195; x_wconf 89' lang='lat' dir='ltr'><strong>non</strong></span> <span class='ocrx_word' id='word_1_659' title='bbox 1397 4146 1663 4209; x_wconf 88' lang='lat' dir='ltr'><strong>appetunt</strong></span> <span class='ocrx_word' id='word_1_660' title='bbox 1705 4153 1826 4209; x_wconf 73' lang='lat' dir='ltr'><strong>qua:</strong></span> <span class='ocrx_word' id='word_1_661' title='bbox 1864 4154 2078 4209; x_wconf 89' lang='lat' dir='ltr'><strong>semper</strong></span> <span class='ocrx_word' id='word_1_662' title='bbox 2117 4150 2265 4206; x_wconf 90' lang='lat' dir='ltr'><strong>sunt,</strong></span> <span class='ocrx_word' id='word_1_663' title='bbox 2320 4143 2533 4197; x_wconf 87' lang='lat' dir='ltr'><strong>videtur</strong></span> <span class='ocrx_word' id='word_1_664' title='bbox 2578 4143 2939 4200; x_wconf 82' lang='lat' dir='ltr'><strong>Ecclesiastes</strong></span> <span class='ocrx_word' id='word_1_665' title='bbox 2986 4146 3151 4199; x_wconf 85' lang='lat' dir='ltr'><strong>veluti</strong></span> <span class='ocrx_word' id='word_1_666' title='bbox 3198 4147 3251 4199; x_wconf 91' lang='lat' dir='ltr'><strong>in</strong></span> <span class='ocrx_word' id='word_1_667' title='bbox 3304 4161 3441 4214; x_wconf 85' lang='lat' dir='ltr'><strong>qua-</strong></span> 
     </span>
    </p>
   </div>
   <div class='ocr_carea' id='block_1_85' title="bbox 193 4231 3441 4304">
    <p class='ocr_par' dir='ltr' id='par_1_85' title="bbox 193 4231 3441 4304">
     <span class='ocr_line' id='line_1_85' title="bbox 193 4231 3441 4304; baseline 0.003 -21"><span class='ocrx_word' id='word_1_668' title='bbox 193 4231 310 4285; x_wconf 82' lang='lat' dir='ltr'><strong>dam</strong></span> <span class='ocrx_word' id='word_1_669' title='bbox 358 4236 468 4287; x_wconf 86' lang='lat' dir='ltr'><strong>alta</strong></span> <span class='ocrx_word' id='word_1_670' title='bbox 518 4241 674 4289; x_wconf 83' lang='lat' dir='ltr'><strong>stans</strong></span> <span class='ocrx_word' id='word_1_671' title='bbox 713 4235 955 4303; x_wconf 80' lang='lat' dir='ltr'><strong>specula,</strong></span> <span class='ocrx_word' id='word_1_672' title='bbox 1001 4234 1068 4288; x_wconf 90' lang='lat' dir='ltr'><strong>ad</strong></span> <span class='ocrx_word' id='word_1_673' title='bbox 1110 4234 1402 4286; x_wconf 89' lang='lat' dir='ltr'><strong>humanam</strong></span> <span class='ocrx_word' id='word_1_674' title='bbox 1455 4232 1766 4286; x_wconf 84' lang='lat' dir='ltr'><strong>exclamare</strong></span> <span class='ocrx_word' id='word_1_675' title='bbox 1803 4240 2055 4287; x_wconf 87' lang='lat' dir='ltr'><strong>naturam</strong></span> <span class='ocrx_word' id='word_1_676' title='bbox 2121 4249 2246 4287; x_wconf 89' lang='lat' dir='ltr'><strong>cum</strong></span> <span class='ocrx_word' id='word_1_677' title='bbox 2316 4234 2464 4296; x_wconf 93' lang='lat' dir='ltr'><strong>dicit,</strong></span> <span class='ocrx_word' id='word_1_678' title='bbox 2504 4253 2521 4286; x_wconf 82' lang='grc' dir='ltr'><strong>ι</strong></span> <span class='ocrx_word' id='word_1_679' title='bbox 2559 4234 2799 4304; x_wconf 87' lang='lat' dir='ltr'><strong>Tempus</strong></span> <span class='ocrx_word' id='word_1_680' title='bbox 2827 4245 2913 4291; x_wconf 92' lang='lat' dir='ltr'><strong>est</strong></span> <span class='ocrx_word' id='word_1_681' title='bbox 2949 4237 3188 4299; x_wconf 86' lang='lat' dir='ltr'><strong>amandi,</strong></span> <span class='ocrx_word' id='word_1_682' title='bbox 3222 4246 3273 4292; x_wconf 91' lang='lat' dir='ltr'><strong>et</strong></span> <span class='ocrx_word' id='word_1_683' title='bbox 3304 4247 3441 4292; x_wconf 87' lang='lat' dir='ltr'><strong>lem-</strong></span> 
     </span>
    </p>
   </div>
   <div class='ocr_carea' id='block_1_86' title="bbox 195 4324 3444 4396">
    <p class='ocr_par' dir='ltr' id='par_1_86' title="bbox 195 4324 3444 4396">
     <span class='ocr_line' id='line_1_86' title="bbox 195 4324 3444 4396; baseline 0.003 -21"><span class='ocrx_word' id='word_1_684' title='bbox 195 4337 291 4389; x_wconf 86' lang='lat' dir='ltr'><strong>pus</strong></span> <span class='ocrx_word' id='word_1_685' title='bbox 316 4332 401 4378; x_wconf 88' lang='lat' dir='ltr'><strong>est</strong></span> <span class='ocrx_word' id='word_1_686' title='bbox 433 4325 558 4379; x_wconf 91' lang='lat' dir='ltr'><strong>odio</strong></span> <span class='ocrx_word' id='word_1_687' title='bbox 596 4325 853 4385; x_wconf 84' lang='lat' dir='ltr'><strong>habendi,</strong></span> <span class='ocrx_word' id='word_1_688' title='bbox 890 4345 908 4372; x_wconf 78' lang='grc' dir='ltr'><strong>ι</strong></span> <span class='ocrx_word' id='word_1_689' title='bbox 943 4324 1088 4393; x_wconf 89' lang='lat' dir='ltr'><strong>quod</strong></span> <span class='ocrx_word' id='word_1_690' title='bbox 1121 4324 1228 4376; x_wconf 88' lang='lat' dir='ltr'><strong>alia</strong></span> <span class='ocrx_word' id='word_1_691' title='bbox 1272 4330 1402 4377; x_wconf 77' lang='lat' dir='ltr'><strong>simt</strong></span> <span class='ocrx_word' id='word_1_692' title='bbox 1470 4337 1599 4377; x_wconf 84' lang='lat' dir='ltr'><strong>vere</strong></span> <span class='ocrx_word' id='word_1_693' title='bbox 1628 4324 1790 4389; x_wconf 88' lang='lat' dir='ltr'><strong>bona,</strong></span> <span class='ocrx_word' id='word_1_694' title='bbox 1864 4339 1990 4392; x_wconf 75' lang='lat' dir='ltr'><strong>qua;</strong></span> <span class='ocrx_word' id='word_1_695' title='bbox 2018 4325 2182 4379; x_wconf 87' lang='lat' dir='ltr'><strong>etiam</strong></span> <span class='ocrx_word' id='word_1_696' title='bbox 2214 4327 2332 4396; x_wconf 87' lang='lat' dir='ltr'><strong>ipsa</strong></span> <span class='ocrx_word' id='word_1_697' title='bbox 2377 4336 2502 4379; x_wconf 89' lang='lat' dir='ltr'><strong>sunt</strong></span> <span class='ocrx_word' id='word_1_698' title='bbox 2545 4326 2776 4395; x_wconf 86' lang='lat' dir='ltr'><strong>pulchra</strong></span> <span class='ocrx_word' id='word_1_699' title='bbox 2825 4336 2879 4381; x_wconf 92' lang='lat' dir='ltr'><strong>et</strong></span> <span class='ocrx_word' id='word_1_700' title='bbox 2925 4328 3177 4393; x_wconf 85' lang='lat' dir='ltr'><strong>honesta,</strong></span> <span class='ocrx_word' id='word_1_701' title='bbox 3213 4338 3268 4382; x_wconf 83' lang='lat' dir='ltr'><strong>et</strong></span> <span class='ocrx_word' id='word_1_702' title='bbox 3308 4332 3444 4386; x_wconf 75' lang='lat' dir='ltr'><strong>tales</strong></span> 
     </span>
    </p>
   </div>
   <div class='ocr_carea' id='block_1_87' title="bbox 197 4410 1162 4484">
    <p class='ocr_par' dir='ltr' id='par_1_87' title="bbox 197 4410 1162 4484">
     <span class='ocr_line' id='line_1_87' title="bbox 197 4410 1162 4484; baseline 0.004 -22"><span class='ocrx_word' id='word_1_703' title='bbox 197 4410 399 4467; x_wconf 78' lang='lat' dir='ltr'><strong>faciunt</strong></span> <span class='ocrx_word' id='word_1_704' title='bbox 434 4429 531 4470; x_wconf 88' lang='lat' dir='ltr'><strong>eos</strong></span> <span class='ocrx_word' id='word_1_705' title='bbox 564 4415 656 4482; x_wconf 85' lang='lat' dir='ltr'><strong>qui</strong></span> <span class='ocrx_word' id='word_1_706' title='bbox 695 4422 825 4469; x_wconf 88' lang='lat' dir='ltr'><strong>sunt</strong></span> <span class='ocrx_word' id='word_1_707' title='bbox 849 4413 1162 4484; x_wconf 78' lang='lat' dir='ltr'><strong>participes.</strong></span> 
     </span>
    </p>
   </div>
   <div class='ocr_carea' id='block_1_88' title="bbox 260 4500 1770 4579">
    <p class='ocr_par' dir='ltr' id='par_1_88' title="bbox 260 4501 1764 4579">
     <span class='ocr_line' id='line_1_88' title="bbox 260 4501 1764 4579; baseline 0 -21"><span class='ocrx_word' id='word_1_708' title='bbox 260 4501 383 4559; x_wconf 76' lang='grc' dir='ltr'><strong>Οἷον</strong></span> <span class='ocrx_word' id='word_1_709' title='bbox 408 4507 517 4578; x_wconf 70' lang='grc' dir='ltr'>γὰρ</span> <span class='ocrx_word' id='word_1_710' title='bbox 562 4504 697 4579; x_wconf 84' lang='grc' dir='ltr'>ἂνῇ</span> <span class='ocrx_word' id='word_1_711' title='bbox 751 4509 816 4576; x_wconf 85' lang='grc' dir='ltr'>τῇ</span> <span class='ocrx_word' id='word_1_712' title='bbox 874 4507 1030 4574; x_wconf 79' lang='grc' dir='ltr'>φύσει</span> <span class='ocrx_word' id='word_1_713' title='bbox 1083 4506 1144 4559; x_wconf 86' lang='grc' dir='ltr'><strong>τὸ</strong></span> <span class='ocrx_word' id='word_1_714' title='bbox 1200 4505 1579 4577; x_wconf 86' lang='grc' dir='ltr'>μετεχόμενον,</span> <span class='ocrx_word' id='word_1_715' title='bbox 1629 4505 1764 4576; x_wconf 84' lang='grc' dir='ltr'>πρὸς</span> 
     </span>
    </p>
   </div>
   <div class='ocr_carea' id='block_1_89' title="bbox 1871 4500 3440 4579">
    <p class='ocr_par' dir='ltr' id='par_1_89' title="bbox 1938 4500 3440 4569">
     <span class='ocr_line' id='line_1_89' title="bbox 1938 4500 3440 4569; baseline 0.001 -14"><span class='ocrx_word' id='word_1_716' title='bbox 1938 4502 2108 4568; x_wconf 83' lang='lat' dir='ltr'><strong>Quale</strong></span> <span class='ocrx_word' id='word_1_717' title='bbox 2131 4502 2276 4558; x_wconf 91' lang='lat' dir='ltr'><strong>enim</strong></span> <span class='ocrx_word' id='word_1_718' title='bbox 2305 4509 2388 4555; x_wconf 87' lang='lat' dir='ltr'><strong>est</strong></span> <span class='ocrx_word' id='word_1_719' title='bbox 2414 4510 2606 4554; x_wconf 90' lang='lat' dir='ltr'><strong>natura</strong></span> <span class='ocrx_word' id='word_1_720' title='bbox 2635 4500 2686 4553; x_wconf 88' lang='lat' dir='ltr'><strong>id</strong></span> <span class='ocrx_word' id='word_1_721' title='bbox 2717 4500 2861 4569; x_wconf 82' lang='lat' dir='ltr'><strong>quod</strong></span> <span class='ocrx_word' id='word_1_722' title='bbox 2895 4501 3269 4569; x_wconf 84' lang='lat' dir='ltr'><strong>participatnr,</strong></span> <span class='ocrx_word' id='word_1_723' title='bbox 3298 4502 3351 4555; x_wconf 94' lang='lat' dir='ltr'><strong>in</strong></span> <span class='ocrx_word' id='word_1_724' title='bbox 3386 4502 3440 4556; x_wconf 90' lang='lat' dir='ltr'><strong>id</strong></span> 
     </span>
    </p>
   </div>
   <div class='ocr_carea' id='block_1_90' title="bbox 192 4597 1763 4670">
    <p class='ocr_par' dir='ltr' id='par_1_90' title="bbox 192 4597 1763 4670">
     <span class='ocr_line' id='line_1_90' title="bbox 192 4597 1763 4670; baseline 0.001 -23"><span class='ocrx_word' id='word_1_725' title='bbox 192 4597 344 4651; x_wconf 81' lang='grc' dir='ltr'>τοῦτο</span> <span class='ocrx_word' id='word_1_726' title='bbox 401 4599 612 4670; x_wconf 77' lang='grc' dir='ltr'>ἀνάγκη</span> <span class='ocrx_word' id='word_1_727' title='bbox 678 4598 772 4652; x_wconf 77' lang='grc' dir='ltr'>καὶ</span> <span class='ocrx_word' id='word_1_728' title='bbox 827 4598 886 4651; x_wconf 84' lang='grc' dir='ltr'><strong>τὸ</strong></span> <span class='ocrx_word' id='word_1_729' title='bbox 950 4599 1174 4669; x_wconf 81' lang='grc' dir='ltr'>μετέχον</span> <span class='ocrx_word' id='word_1_730' title='bbox 1233 4597 1763 4668; x_wconf 84' lang='grc' dir='ltr'>συμμετατίθεσθαι·</span> 
     </span>
    </p>
   </div>
   <div class='ocr_carea' id='block_1_91' title="bbox 194 4683 1766 4760">
    <p class='ocr_par' dir='ltr' id='par_1_91' title="bbox 194 4683 1766 4760">
     <span class='ocr_line' id='line_1_91' title="bbox 194 4683 1766 4760; baseline 0.002 -23"><span class='ocrx_word' id='word_1_731' title='bbox 194 4683 299 4739; x_wconf 74' lang='grc' dir='ltr'>οἷον</span> <span class='ocrx_word' id='word_1_732' title='bbox 358 4689 591 4743; x_wconf 71' lang='grc' dir='ltr'>εὔπνουν</span> <span class='ocrx_word' id='word_1_733' title='bbox 648 4691 853 4758; x_wconf 84' lang='grc' dir='ltr'>γίνεται</span> <span class='ocrx_word' id='word_1_734' title='bbox 911 4691 973 4744; x_wconf 78' lang='grc' dir='ltr'>τὸ</span> <span class='ocrx_word' id='word_1_735' title='bbox 1033 4691 1207 4760; x_wconf 78' lang='grc' dir='ltr'>στόμα</span> <span class='ocrx_word' id='word_1_736' title='bbox 1257 4689 1352 4743; x_wconf 80' lang='grc' dir='ltr'>τοῦ</span> <span class='ocrx_word' id='word_1_737' title='bbox 1412 4689 1664 4752; x_wconf 77' lang='grc' dir='ltr'>λαϐόντος</span> <span class='ocrx_word' id='word_1_738' title='bbox 1712 4705 1766 4741; x_wconf 88' lang='grc' dir='ltr'><strong>τι</strong></span> 
     </span>
    </p>
   </div>
   <div class='ocr_carea' id='block_1_92' title="bbox 193 4776 1764 4866">
    <p class='ocr_par' dir='ltr' id='par_1_92' title="bbox 193 4776 1764 4866">
     <span class='ocr_line' id='line_1_92' title="bbox 193 4776 1764 4866; baseline 0.001 -37"><span class='ocrx_word' id='word_1_739' title='bbox 193 4776 296 4866; x_wconf 62' lang='grc' dir='ltr'><strong>τῶγ</strong></span> <span class='ocrx_word' id='word_1_740' title='bbox 325 4781 696 4835; x_wconf 46' lang='grc' dir='ltr'>εὐπνοούντοίν</span> <span class='ocrx_word' id='word_1_741' title='bbox 750 4782 1056 4852; x_wconf 82' lang='grc' dir='ltr'>ἀρωμάτων</span> <span class='ocrx_word' id='word_1_742' title='bbox 1100 4780 1189 4832; x_wconf 78' lang='grc' dir='ltr'>διὰ</span> <span class='ocrx_word' id='word_1_743' title='bbox 1214 4778 1306 4831; x_wconf 83' lang='grc' dir='ltr'>τοῦ</span> <span class='ocrx_word' id='word_1_744' title='bbox 1358 4779 1640 4846; x_wconf 89' lang='grc' dir='ltr'>στόματος,</span> <span class='ocrx_word' id='word_1_745' title='bbox 1675 4779 1764 4831; x_wconf 72' lang='grc' dir='ltr'>καὶ</span> 
     </span>
    </p>
   </div>
   <div class='ocr_carea' id='block_1_93' title="bbox 126 4868 1763 4945">
    <p class='ocr_par' dir='ltr' id='par_1_93' title="bbox 126 4868 1763 4945">
     <span class='ocr_line' id='line_1_93' title="bbox 126 4868 1763 4945; baseline 0.001 -25"><span class='ocrx_word' id='word_1_746' title='bbox 126 4884 135 4887; x_wconf 88' lang='grc'>·</span> <span class='ocrx_word' id='word_1_747' title='bbox 194 4868 419 4937; x_wconf 77' lang='grc' dir='ltr'>δυσῶδες</span> <span class='ocrx_word' id='word_1_748' title='bbox 470 4873 631 4928; x_wconf 80' lang='grc' dir='ltr'>πάλιν</span> <span class='ocrx_word' id='word_1_749' title='bbox 674 4874 768 4927; x_wconf 77' lang='grc' dir='ltr'>τοῦ</span> <span class='ocrx_word' id='word_1_750' title='bbox 819 4873 1069 4945; x_wconf 86' lang='grc' dir='ltr'>σκόροδον</span> <span class='ocrx_word' id='word_1_751' title='bbox 1109 4869 1489 4942; x_wconf 81' lang='grc' dir='ltr'>ὲντρώγοντος,</span> <span class='ocrx_word' id='word_1_752' title='bbox 1539 4871 1573 4942; x_wconf 75' lang='grc' dir='ltr'>ἦ</span> <span class='ocrx_word' id='word_1_753' title='bbox 1619 4887 1763 4932; x_wconf 83' lang='grc' dir='ltr'>τινος</span> 
     </span>
    </p>
   </div>
   <div class='ocr_carea' id='block_1_94' title="bbox 194 4946 1762 5033">
    <p class='ocr_par' dir='ltr' id='par_1_94' title="bbox 194 4946 1762 5033">
     <span class='ocr_line' id='line_1_94' title="bbox 194 4946 1762 5033; baseline 0.003 -23"><span class='ocrx_word' id='word_1_754' title='bbox 194 4958 349 5014; x_wconf 81' lang='grc' dir='ltr'>ἄλλον</span> <span class='ocrx_word' id='word_1_755' title='bbox 422 4946 532 5017; x_wconf 77' lang='grc' dir='ltr'><strong>τών</strong></span> <span class='ocrx_word' id='word_1_756' title='bbox 599 4964 1030 5033; x_wconf 83' lang='grc' dir='ltr'>δυσωὸεστέρων.</span> <span class='ocrx_word' id='word_1_757' title='bbox 1099 4962 1307 5015; x_wconf 81' lang='grc' dir='ltr'>Οὐκοῦν</span> <span class='ocrx_word' id='word_1_758' title='bbox 1378 4963 1562 5033; x_wconf 80' lang='grc' dir='ltr'>ἐπειδὴ</span> <span class='ocrx_word' id='word_1_759' title='bbox 1635 4962 1762 5014; x_wconf 87' lang='grc' dir='ltr'>δυσ-</span> 
     </span>
    </p>
   </div>
   <div class='ocr_carea' id='block_1_95' title="bbox 194 5048 1758 5127">
    <p class='ocr_par' dir='ltr' id='par_1_95' title="bbox 194 5048 1758 5127">
     <span class='ocr_line' id='line_1_95' title="bbox 194 5048 1758 5127; baseline -0.001 -19"><span class='ocrx_word' id='word_1_760' title='bbox 194 5048 330 5121; x_wconf 77' lang='grc' dir='ltr'>ώδης</span> <span class='ocrx_word' id='word_1_761' title='bbox 374 5056 470 5124; x_wconf 74' lang='grc' dir='ltr'><strong>μὲν</strong></span> <span class='ocrx_word' id='word_1_762' title='bbox 503 5059 611 5119; x_wconf 75' lang='grc' dir='ltr'>πᾶς</span> <span class='ocrx_word' id='word_1_763' title='bbox 655 5056 823 5127; x_wconf 74' lang='grc' dir='ltr'>ῥύπος</span> <span class='ocrx_word' id='word_1_764' title='bbox 856 5056 954 5124; x_wconf 77' lang='grc' dir='ltr'>τῆς</span> <span class='ocrx_word' id='word_1_765' title='bbox 997 5055 1288 5125; x_wconf 83' lang='grc' dir='ltr'>ἁμαρτίας,</span> <span class='ocrx_word' id='word_1_766' title='bbox 1326 5056 1391 5106; x_wconf 79' lang='grc' dir='ltr'>ἐκ</span> <span class='ocrx_word' id='word_1_767' title='bbox 1424 5055 1481 5108; x_wconf 82' lang='grc' dir='ltr'><strong>δὲ</strong></span> <span class='ocrx_word' id='word_1_768' title='bbox 1525 5054 1617 5107; x_wconf 78' lang='grc' dir='ltr'>τοῦ</span> <span class='ocrx_word' id='word_1_769' title='bbox 1670 5055 1758 5107; x_wconf 85' lang='grc' dir='ltr'><strong>ὲν-</strong></span> 
     </span>
    </p>
   </div>
   <div class='ocr_carea' id='block_1_96' title="bbox 195 5143 1762 5217">
    <p class='ocr_par' dir='ltr' id='par_1_96' title="bbox 195 5143 1762 5217">
     <span class='ocr_line' id='line_1_96' title="bbox 195 5143 1762 5217; baseline 0.005 -27"><span class='ocrx_word' id='word_1_770' title='bbox 195 5143 436 5216; x_wconf 74' lang='grc' dir='ltr'>αντίουή</span> <span class='ocrx_word' id='word_1_771' title='bbox 480 5146 648 5216; x_wconf 82' lang='grc' dir='ltr'>ἁρετὴ</span> <span class='ocrx_word' id='word_1_772' title='bbox 694 5145 928 5217; x_wconf 76' lang='grc' dir='ltr'>Χριστοῦ</span> <span class='ocrx_word' id='word_1_773' title='bbox 975 5148 1124 5198; x_wconf 81' lang='grc' dir='ltr'>ἐστιν</span> <span class='ocrx_word' id='word_1_774' title='bbox 1168 5144 1398 5208; x_wconf 83' lang='grc' dir='ltr'>εὐωδία,</span> <span class='ocrx_word' id='word_1_775' title='bbox 1447 5145 1479 5214; x_wconf 85' lang='grc' dir='ltr'><strong>ἡ</strong></span> <span class='ocrx_word' id='word_1_776' title='bbox 1525 5144 1583 5198; x_wconf 84' lang='grc' dir='ltr'>δὲ</span> <span class='ocrx_word' id='word_1_777' title='bbox 1626 5147 1762 5213; x_wconf 79' lang='grc' dir='ltr'>ἀγα-</span> 
     </span>
    </p>
   </div>
   <div class='ocr_carea' id='block_1_97' title="bbox 196 5232 1760 5306">
    <p class='ocr_par' dir='ltr' id='par_1_97' title="bbox 196 5232 1760 5306">
     <span class='ocr_line' id='line_1_97' title="bbox 196 5232 1760 5306; baseline 0.003 -23"><span class='ocrx_word' id='word_1_778' title='bbox 196 5232 391 5305; x_wconf 80' lang='grc' dir='ltr'>πητικὴ</span> <span class='ocrx_word' id='word_1_779' title='bbox 433 5239 612 5305; x_wconf 80' lang='grc' dir='ltr'>σχέσις</span> <span class='ocrx_word' id='word_1_780' title='bbox 642 5236 739 5306; x_wconf 76' lang='grc' dir='ltr'>τὴν</span> <span class='ocrx_word' id='word_1_781' title='bbox 781 5235 916 5305; x_wconf 70' lang='grc' dir='ltr'>πρὸς</span> <span class='ocrx_word' id='word_1_782' title='bbox 954 5236 1013 5289; x_wconf 75' lang='grc' dir='ltr'>τὸ</span> <span class='ocrx_word' id='word_1_783' title='bbox 1054 5234 1413 5305; x_wconf 79' lang='grc' dir='ltr'>ἀγαπώμενον</span> <span class='ocrx_word' id='word_1_784' title='bbox 1459 5236 1760 5304; x_wconf 78' lang='grc' dir='ltr'>ἀνάκρασιν</span> 
     </span>
    </p>
   </div>
   <div class='ocr_carea' id='block_1_98' title="bbox 195 5324 1759 5398">
    <p class='ocr_par' dir='ltr' id='par_1_98' title="bbox 195 5324 1759 5398">
     <span class='ocr_line' id='line_1_98' title="bbox 195 5324 1759 5398; baseline 0.004 -25"><span class='ocrx_word' id='word_1_785' title='bbox 195 5327 428 5390; x_wconf 67' lang='grc' dir='ltr'>φυσικῶς</span> <span class='ocrx_word' id='word_1_786' title='bbox 466 5329 863 5398; x_wconf 77' lang='grc' dir='ltr'>κατεργάζεται</span> <span class='ocrx_word' id='word_1_787' title='bbox 891 5344 903 5357; x_wconf 82' lang='lat'>&#39;</span> <span class='ocrx_word' id='word_1_788' title='bbox 957 5330 1093 5398; x_wconf 82' lang='grc' dir='ltr'>ὅπερ</span> <span class='ocrx_word' id='word_1_789' title='bbox 1136 5328 1202 5382; x_wconf 83' lang='grc' dir='ltr'>ἂν</span> <span class='ocrx_word' id='word_1_790' title='bbox 1247 5324 1341 5381; x_wconf 79' lang='grc' dir='ltr'>οὖν</span> <span class='ocrx_word' id='word_1_791' title='bbox 1389 5327 1477 5381; x_wconf 82' lang='grc' dir='ltr'>διὰ</span> <span class='ocrx_word' id='word_1_792' title='bbox 1526 5327 1626 5397; x_wconf 78' lang='grc' dir='ltr'><strong>τῆς</strong></span> <span class='ocrx_word' id='word_1_793' title='bbox 1669 5344 1759 5396; x_wconf 84' lang='grc' dir='ltr'><strong>φι-</strong></span> 
     </span>
    </p>
   </div>
   <div class='ocr_carea' id='block_1_99' title="bbox 130 5396 1757 5490">
    <p class='ocr_par' dir='ltr' id='par_1_99' title="bbox 130 5396 1757 5490">
     <span class='ocr_line' id='line_1_99' title="bbox 130 5396 1757 5490; baseline 0.007 -29"><span class='ocrx_word' id='word_1_794' title='bbox 130 5396 143 5417; x_wconf 57' lang='grc'>’</span> <span class='ocrx_word' id='word_1_795' title='bbox 196 5410 306 5475; x_wconf 61' lang='lat' dir='ltr'><strong>&quot;Ma;</strong></span> <span class='ocrx_word' id='word_1_796' title='bbox 360 5396 650 5490; x_wconf 81' lang='grc' dir='ltr'>ἐρώμεθα,</span> <span class='ocrx_word' id='word_1_797' title='bbox 693 5421 865 5473; x_wconf 79' lang='grc' dir='ltr'>ἐκεῖνο</span> <span class='ocrx_word' id='word_1_798' title='bbox 928 5396 1231 5490; x_wconf 78' lang='grc' dir='ltr'>γινόμεθα,</span> <span class='ocrx_word' id='word_1_799' title='bbox 1277 5419 1310 5489; x_wconf 85' lang='grc' dir='ltr'>ἢ</span> <span class='ocrx_word' id='word_1_800' title='bbox 1380 5418 1578 5472; x_wconf 73' lang='grc' dir='ltr'>εὐωδία</span> <span class='ocrx_word' id='word_1_801' title='bbox 1623 5419 1757 5488; x_wconf 84' lang='grc' dir='ltr'>Χρι-</span> 
     </span>
    </p>
   </div>
   <div class='ocr_carea' id='block_1_100' title="bbox 198 5504 1753 5581">
    <p class='ocr_par' dir='ltr' id='par_1_100' title="bbox 198 5504 1753 5581">
     <span class='ocr_line' id='line_1_100' title="bbox 198 5504 1753 5581; baseline 0.01 -29"><span class='ocrx_word' id='word_1_802' title='bbox 198 5504 314 5556; x_wconf 73' lang='grc' dir='ltr'>στοῦ</span> <span class='ocrx_word' id='word_1_803' title='bbox 375 5508 408 5579; x_wconf 77' lang='grc' dir='ltr'><strong>ἢ</strong></span> <span class='ocrx_word' id='word_1_804' title='bbox 475 5510 725 5564; x_wconf 75' lang='grc' dir='ltr'>δυσώδεα.</span> <span class='ocrx_word' id='word_1_805' title='bbox 798 5512 856 5563; x_wconf 87' lang='lat'>&#39;0</span> <span class='ocrx_word' id='word_1_806' title='bbox 910 5511 1019 5581; x_wconf 73' lang='grc' dir='ltr'><strong>γὰρ</strong></span> <span class='ocrx_word' id='word_1_807' title='bbox 1069 5511 1129 5563; x_wconf 78' lang='grc' dir='ltr'><strong>τὸ</strong></span> <span class='ocrx_word' id='word_1_808' title='bbox 1191 5510 1354 5562; x_wconf 75' lang='grc' dir='ltr'>καλὸν</span> <span class='ocrx_word' id='word_1_809' title='bbox 1424 5511 1753 5579; x_wconf 73' lang='grc' dir='ltr'>ἀγαπήσας,</span> 
     </span>
    </p>
   </div>
   <div class='ocr_carea' id='block_1_101' title="bbox 199 5593 1758 5671">
    <p class='ocr_par' dir='ltr' id='par_1_101' title="bbox 199 5593 1758 5671">
     <span class='ocr_line' id='line_1_101' title="bbox 199 5593 1758 5671; baseline 0.004 -28"><span class='ocrx_word' id='word_1_810' title='bbox 199 5593 349 5659; x_wconf 69' lang='grc' dir='ltr'>καλὸς</span> <span class='ocrx_word' id='word_1_811' title='bbox 378 5600 467 5653; x_wconf 73' lang='grc' dir='ltr'><strong>καὶ</strong></span> <span class='ocrx_word' id='word_1_812' title='bbox 509 5602 668 5665; x_wconf 74' lang='grc' dir='ltr'>αὐτὸς</span> <span class='ocrx_word' id='word_1_813' title='bbox 702 5602 875 5665; x_wconf 73' lang='grc' dir='ltr'>ἔσται,</span> <span class='ocrx_word' id='word_1_814' title='bbox 905 5603 1004 5671; x_wconf 78' lang='grc' dir='ltr'>τῆς</span> <span class='ocrx_word' id='word_1_815' title='bbox 1043 5600 1375 5670; x_wconf 80' lang='grc' dir='ltr'>ἀγαθότητος</span> <span class='ocrx_word' id='word_1_816' title='bbox 1402 5597 1496 5652; x_wconf 81' lang='grc' dir='ltr'>τοῦ</span> <span class='ocrx_word' id='word_1_817' title='bbox 1527 5600 1581 5652; x_wconf 80' lang='grc' dir='ltr'>ὲν</span> <span class='ocrx_word' id='word_1_818' title='bbox 1609 5597 1758 5669; x_wconf 81' lang='grc' dir='ltr'>αὐτῷ</span> 
     </span>
    </p>
   </div>
   <div class='ocr_carea' id='block_1_102' title="bbox 272 5767 784 5844">
    <p class='ocr_par' dir='ltr' id='par_1_102' title="bbox 272 5767 784 5844">
     <span class='ocr_line' id='line_1_102' title="bbox 272 5767 784 5844; baseline 0.01 -16"><span class='ocrx_word' id='word_1_819' title='bbox 272 5767 310 5799; x_wconf 86' lang='grc'><strong>³⁹</strong></span> <span class='ocrx_word' id='word_1_820' title='bbox 345 5775 383 5830; x_wconf 95' lang='lat' dir='ltr'><strong>lI</strong></span> <span class='ocrx_word' id='word_1_821' title='bbox 431 5778 556 5833; x_wconf 87' lang='lat' dir='ltr'><strong>Cur.</strong></span> <span class='ocrx_word' id='word_1_822' title='bbox 592 5796 650 5844; x_wconf 88' lang='grc' dir='ltr'><strong>ιι,</strong></span> <span class='ocrx_word' id='word_1_823' title='bbox 702 5779 784 5833; x_wconf 75' lang='grc' dir='ltr'><strong>ιδ.</strong></span> 
     </span>
    </p>
   </div>
   <div class='ocr_carea' id='block_1_103' title="bbox 1863 4590 3441 4661">
    <p class='ocr_par' dir='ltr' id='par_1_103' title="bbox 1863 4590 3441 4661">
     <span class='ocr_line' id='line_1_103' title="bbox 1863 4590 3441 4661; baseline -0.003 -11"><span class='ocrx_word' id='word_1_824' title='bbox 1863 4597 2029 4650; x_wconf 86' lang='lat' dir='ltr'><strong>etiam</strong></span> <span class='ocrx_word' id='word_1_825' title='bbox 2058 4607 2286 4647; x_wconf 77' lang='lat' dir='ltr'><strong>necesse</strong></span> <span class='ocrx_word' id='word_1_826' title='bbox 2313 4600 2396 4646; x_wconf 90' lang='lat' dir='ltr'><strong>est</strong></span> <span class='ocrx_word' id='word_1_827' title='bbox 2422 4590 2586 4646; x_wconf 83' lang='lat' dir='ltr'><strong>simul</strong></span> <span class='ocrx_word' id='word_1_828' title='bbox 2636 4599 3035 4646; x_wconf 88' lang='lat' dir='ltr'><strong>transmutetur</strong></span> <span class='ocrx_word' id='word_1_829' title='bbox 3062 4591 3113 4644; x_wconf 89' lang='lat' dir='ltr'><strong>id</strong></span> <span class='ocrx_word' id='word_1_830' title='bbox 3144 4593 3288 4661; x_wconf 85' lang='lat' dir='ltr'><strong>quod</strong></span> <span class='ocrx_word' id='word_1_831' title='bbox 3320 4608 3441 4660; x_wconf 81' lang='lat' dir='ltr'><strong>par-</strong></span> 
     </span>
    </p>
   </div>
   <div class='ocr_carea' id='block_1_104' title="bbox 1862 4681 3441 4754">
    <p class='ocr_par' dir='ltr' id='par_1_104' title="bbox 1862 4681 3441 4754">
     <span class='ocr_line' id='line_1_104' title="bbox 1862 4681 3441 4754; baseline -0.001 -15"><span class='ocrx_word' id='word_1_832' title='bbox 1862 4686 2085 4754; x_wconf 87' lang='lat' dir='ltr'><strong>ticipat,</strong></span> <span class='ocrx_word' id='word_1_833' title='bbox 2132 4690 2191 4736; x_wconf 91' lang='lat' dir='ltr'><strong>ut</strong></span> <span class='ocrx_word' id='word_1_834' title='bbox 2231 4683 2370 4737; x_wconf 90' lang='lat' dir='ltr'><strong>bene</strong></span> <span class='ocrx_word' id='word_1_835' title='bbox 2414 4681 2569 4737; x_wconf 89' lang='lat' dir='ltr'><strong>olens</strong></span> <span class='ocrx_word' id='word_1_836' title='bbox 2606 4684 2755 4735; x_wconf 84' lang='lat' dir='ltr'><strong>litos</strong></span> <span class='ocrx_word' id='word_1_837' title='bbox 2783 4682 2904 4751; x_wconf 85' lang='lat' dir='ltr'><strong>ejus</strong></span> <span class='ocrx_word' id='word_1_838' title='bbox 2932 4682 3023 4752; x_wconf 89' lang='lat' dir='ltr'><strong>qui</strong></span> <span class='ocrx_word' id='word_1_839' title='bbox 3085 4697 3179 4736; x_wconf 85' lang='lat' dir='ltr'><strong>ore</strong></span> <span class='ocrx_word' id='word_1_840' title='bbox 3229 4686 3441 4751; x_wconf 86' lang='lat' dir='ltr'><strong>accepit</strong></span> 
     </span>
    </p>
   </div>
   <div class='ocr_carea' id='block_1_105' title="bbox 1860 4775 3439 4846">
    <p class='ocr_par' dir='ltr' id='par_1_105' title="bbox 1860 4775 3439 4846">
     <span class='ocr_line' id='line_1_105' title="bbox 1860 4775 3439 4846; baseline -0.001 -16"><span class='ocrx_word' id='word_1_841' title='bbox 1860 4785 2141 4838; x_wconf 86' lang='lat' dir='ltr'><strong>aromata,</strong></span> <span class='ocrx_word' id='word_1_842' title='bbox 2191 4783 2246 4830; x_wconf 89' lang='lat' dir='ltr'><strong>et</strong></span> <span class='ocrx_word' id='word_1_843' title='bbox 2289 4791 2487 4829; x_wconf 87' lang='lat' dir='ltr'><strong>rursus</strong></span> <span class='ocrx_word' id='word_1_844' title='bbox 2532 4775 2674 4830; x_wconf 83' lang='lat' dir='ltr'><strong>male</strong></span> <span class='ocrx_word' id='word_1_845' title='bbox 2716 4776 2870 4829; x_wconf 87' lang='lat' dir='ltr'><strong>olens</strong></span> <span class='ocrx_word' id='word_1_846' title='bbox 2913 4775 3033 4843; x_wconf 80' lang='lat' dir='ltr'><strong>ejus</strong></span> <span class='ocrx_word' id='word_1_847' title='bbox 3075 4775 3168 4846; x_wconf 86' lang='lat' dir='ltr'><strong>qui</strong></span> <span class='ocrx_word' id='word_1_848' title='bbox 3200 4776 3439 4828; x_wconf 87' lang='lat' dir='ltr'><strong>comedit</strong></span> 
     </span>
    </p>
   </div>
   <div class='ocr_carea' id='block_1_106' title="bbox 1861 4864 3440 4934">
    <p class='ocr_par' dir='ltr' id='par_1_106' title="bbox 1861 4864 3440 4934">
     <span class='ocr_line' id='line_1_106' title="bbox 1861 4864 3440 4934; baseline -0.001 -14"><span class='ocrx_word' id='word_1_849' title='bbox 1861 4867 2079 4929; x_wconf 89' lang='lat' dir='ltr'><strong>allium,</strong></span> <span class='ocrx_word' id='word_1_850' title='bbox 2135 4873 2229 4919; x_wconf 82' lang='lat' dir='ltr'><strong>aut</strong></span> <span class='ocrx_word' id='word_1_851' title='bbox 2259 4865 2464 4933; x_wconf 87' lang='lat' dir='ltr'><strong>aliquid</strong></span> <span class='ocrx_word' id='word_1_852' title='bbox 2502 4864 2648 4918; x_wconf 85' lang='lat' dir='ltr'><strong>aliud</strong></span> <span class='ocrx_word' id='word_1_853' title='bbox 2689 4866 2832 4934; x_wconf 91' lang='lat' dir='ltr'><strong>quod</strong></span> <span class='ocrx_word' id='word_1_854' title='bbox 2870 4875 2955 4919; x_wconf 86' lang='lat' dir='ltr'><strong>est</strong></span> <span class='ocrx_word' id='word_1_855' title='bbox 2993 4866 3258 4920; x_wconf 75' lang='lat' dir='ltr'><strong>fmtidius.</strong></span> <span class='ocrx_word' id='word_1_856' title='bbox 3293 4865 3440 4932; x_wconf 88' lang='lat' dir='ltr'><strong>Quo-</strong></span> 
     </span>
    </p>
   </div>
   <div class='ocr_carea' id='block_1_107' title="bbox 1862 4956 3439 5027">
    <p class='ocr_par' dir='ltr' id='par_1_107' title="bbox 1862 4956 3439 5027">
     <span class='ocr_line' id='line_1_107' title="bbox 1862 4956 3439 5027; baseline -0.003 -15"><span class='ocrx_word' id='word_1_857' title='bbox 1862 4959 2004 5013; x_wconf 88' lang='lat' dir='ltr'><strong>niam</strong></span> <span class='ocrx_word' id='word_1_858' title='bbox 2032 4973 2162 5027; x_wconf 75' lang='lat' dir='ltr'><strong>ergo</strong></span> <span class='ocrx_word' id='word_1_859' title='bbox 2190 4956 2378 5012; x_wconf 76' lang='lat' dir='ltr'><strong>foetida</strong></span> <span class='ocrx_word' id='word_1_860' title='bbox 2406 4956 2627 5025; x_wconf 85' lang='lat' dir='ltr'><strong>quidem</strong></span> <span class='ocrx_word' id='word_1_861' title='bbox 2676 4964 2762 5010; x_wconf 91' lang='lat' dir='ltr'><strong>est</strong></span> <span class='ocrx_word' id='word_1_862' title='bbox 2798 4957 2979 5013; x_wconf 90' lang='lat' dir='ltr'><strong>omnis</strong></span> <span class='ocrx_word' id='word_1_863' title='bbox 3021 4956 3213 5012; x_wconf 84' lang='lat' dir='ltr'><strong>sordes</strong></span> <span class='ocrx_word' id='word_1_864' title='bbox 3250 4970 3439 5025; x_wconf 83' lang='lat' dir='ltr'><strong>pecca-</strong></span> 
     </span>
    </p>
   </div>
   <div class='ocr_carea' id='block_1_108' title="bbox 1860 5042 3434 5113">
    <p class='ocr_par' dir='ltr' id='par_1_108' title="bbox 1860 5042 3434 5113">
     <span class='ocr_line' id='line_1_108' title="bbox 1860 5042 3434 5113; baseline -0.003 -9"><span class='ocrx_word' id='word_1_865' title='bbox 1860 5051 1931 5113; x_wconf 89' lang='lat' dir='ltr'><strong>ti;</strong></span> <span class='ocrx_word' id='word_1_866' title='bbox 1975 5059 2164 5104; x_wconf 87' lang='lat' dir='ltr'><strong>contra</strong></span> <span class='ocrx_word' id='word_1_867' title='bbox 2212 5042 2392 5103; x_wconf 81' lang='lat' dir='ltr'><strong>autem</strong></span> <span class='ocrx_word' id='word_1_868' title='bbox 2433 5049 2604 5102; x_wconf 84' lang='lat' dir='ltr'><strong>virtus</strong></span> <span class='ocrx_word' id='word_1_869' title='bbox 2635 5057 2721 5102; x_wconf 86' lang='lat' dir='ltr'><strong>est</strong></span> <span class='ocrx_word' id='word_1_870' title='bbox 2758 5050 2932 5103; x_wconf 89' lang='lat' dir='ltr'><strong>bonus</strong></span> <span class='ocrx_word' id='word_1_871' title='bbox 2964 5050 3100 5103; x_wconf 90' lang='lat' dir='ltr'><strong>odor</strong></span> <span class='ocrx_word' id='word_1_872' title='bbox 3130 5048 3334 5102; x_wconf 81' lang='lat' dir='ltr'><strong>Clu-isti</strong></span> <span class='ocrx_word' id='word_1_873' title='bbox 3370 5047 3434 5110; x_wconf 80' lang='lat'><strong>”,</strong></span> 
     </span>
    </p>
   </div>
   <div class='ocr_carea' id='block_1_109' title="bbox 1858 5136 3436 5192">
    <p class='ocr_par' dir='ltr' id='par_1_109' title="bbox 1858 5136 3436 5192">
     <span class='ocr_line' id='line_1_109' title="bbox 1858 5136 3436 5192; baseline -0.002 -1"><span class='ocrx_word' id='word_1_874' title='bbox 1858 5139 2075 5192; x_wconf 85' lang='lat' dir='ltr'><strong>amandi</strong></span> <span class='ocrx_word' id='word_1_875' title='bbox 2118 5146 2297 5191; x_wconf 88' lang='lat' dir='ltr'><strong>autem</strong></span> <span class='ocrx_word' id='word_1_876' title='bbox 2333 5136 2597 5191; x_wconf 90' lang='lat' dir='ltr'><strong>habitudo</strong></span> <span class='ocrx_word' id='word_1_877' title='bbox 2629 5138 2953 5192; x_wconf 82' lang='lat' dir='ltr'><strong>naturaliter</strong></span> <span class='ocrx_word' id='word_1_878' title='bbox 2993 5138 3153 5192; x_wconf 74' lang='lat' dir='ltr'><strong>ellirit</strong></span> <span class='ocrx_word' id='word_1_879' title='bbox 3192 5145 3436 5191; x_wconf 82' lang='lat' dir='ltr'><strong>contem-</strong></span> 
     </span>
    </p>
   </div>
   <div class='ocr_carea' id='block_1_110' title="bbox 1861 5226 3437 5299">
    <p class='ocr_par' dir='ltr' id='par_1_110' title="bbox 1861 5226 3437 5299">
     <span class='ocr_line' id='line_1_110' title="bbox 1861 5226 3437 5299; baseline -0.002 -17"><span class='ocrx_word' id='word_1_880' title='bbox 1861 5230 2191 5299; x_wconf 82' lang='lat' dir='ltr'><strong>perationem</strong></span> <span class='ocrx_word' id='word_1_881' title='bbox 2224 5245 2349 5283; x_wconf 90' lang='lat' dir='ltr'><strong>cum</strong></span> <span class='ocrx_word' id='word_1_882' title='bbox 2395 5245 2461 5283; x_wconf 92' lang='lat' dir='ltr'><strong>eo</strong></span> <span class='ocrx_word' id='word_1_883' title='bbox 2505 5235 2650 5299; x_wconf 84' lang='lat' dir='ltr'><strong>quod</strong></span> <span class='ocrx_word' id='word_1_884' title='bbox 2684 5239 2942 5283; x_wconf 88' lang='lat' dir='ltr'><strong>amatur:</strong></span> <span class='ocrx_word' id='word_1_885' title='bbox 2977 5227 3121 5298; x_wconf 90' lang='lat' dir='ltr'><strong>quod</strong></span> <span class='ocrx_word' id='word_1_886' title='bbox 3158 5241 3288 5294; x_wconf 77' lang='lat' dir='ltr'><strong>ergo</strong></span> <span class='ocrx_word' id='word_1_887' title='bbox 3314 5226 3437 5279; x_wconf 90' lang='lat' dir='ltr'><strong>dili-</strong></span> 
     </span>
    </p>
   </div>
   <div class='ocr_carea' id='block_1_111' title="bbox 1858 5306 3436 5392">
    <p class='ocr_par' dir='ltr' id='par_1_111' title="bbox 1858 5306 3436 5392">
     <span class='ocr_line' id='line_1_111' title="bbox 1858 5306 3436 5392; baseline -0.001 -19"><span class='ocrx_word' id='word_1_888' title='bbox 1858 5323 2034 5392; x_wconf 74' lang='lat' dir='ltr'><strong>gimus</strong></span> <span class='ocrx_word' id='word_1_889' title='bbox 2058 5337 2156 5391; x_wconf 90' lang='lat' dir='ltr'><strong>per</strong></span> <span class='ocrx_word' id='word_1_890' title='bbox 2178 5336 2420 5376; x_wconf 88' lang='lat' dir='ltr'><strong>amorem</strong></span> <span class='ocrx_word' id='word_1_891' title='bbox 2444 5362 2458 5385; x_wconf 97' lang='lat'><strong>,</strong></span> <span class='ocrx_word' id='word_1_892' title='bbox 2491 5337 2589 5391; x_wconf 90' lang='lat' dir='ltr'><strong>per</strong></span> <span class='ocrx_word' id='word_1_893' title='bbox 2618 5306 2755 5375; x_wconf 87' lang='lat' dir='ltr'><strong>illud</strong></span> <span class='ocrx_word' id='word_1_894' title='bbox 2779 5319 3079 5376; x_wconf 79' lang='lat' dir='ltr'><strong>eliiciamur</strong></span> <span class='ocrx_word' id='word_1_895' title='bbox 3108 5318 3309 5372; x_wconf 86' lang='lat' dir='ltr'><strong>Christi</strong></span> <span class='ocrx_word' id='word_1_896' title='bbox 3342 5318 3436 5371; x_wconf 89' lang='lat' dir='ltr'><strong>bo-</strong></span> 
     </span>
    </p>
   </div>
   <div class='ocr_carea' id='block_1_112' title="bbox 1860 5409 3434 5479">
    <p class='ocr_par' dir='ltr' id='par_1_112' title="bbox 1860 5409 3434 5479">
     <span class='ocr_line' id='line_1_112' title="bbox 1860 5409 3434 5479; baseline -0.004 -12"><span class='ocrx_word' id='word_1_897' title='bbox 1860 5429 1965 5468; x_wconf 88' lang='lat' dir='ltr'><strong>nus</strong></span> <span class='ocrx_word' id='word_1_898' title='bbox 1995 5414 2079 5468; x_wconf 86' lang='lat' dir='ltr'><strong>vel</strong></span> <span class='ocrx_word' id='word_1_899' title='bbox 2114 5415 2287 5468; x_wconf 89' lang='lat' dir='ltr'><strong>malus</strong></span> <span class='ocrx_word' id='word_1_900' title='bbox 2321 5415 2477 5468; x_wconf 87' lang='lat' dir='ltr'><strong>odor.</strong></span> <span class='ocrx_word' id='word_1_901' title='bbox 2521 5413 2625 5478; x_wconf 85' lang='lat' dir='ltr'><strong>Qui</strong></span> <span class='ocrx_word' id='word_1_902' title='bbox 2656 5412 2802 5466; x_wconf 90' lang='lat' dir='ltr'><strong>enim</strong></span> <span class='ocrx_word' id='word_1_903' title='bbox 2849 5409 2992 5479; x_wconf 84' lang='lat' dir='ltr'><strong>quod</strong></span> <span class='ocrx_word' id='word_1_904' title='bbox 3022 5411 3222 5463; x_wconf 78' lang='lat' dir='ltr'><strong>bOnum</strong></span> <span class='ocrx_word' id='word_1_905' title='bbox 3267 5413 3353 5462; x_wconf 88' lang='lat' dir='ltr'><strong>est</strong></span> <span class='ocrx_word' id='word_1_906' title='bbox 3381 5414 3434 5461; x_wconf 82' lang='lat' dir='ltr'><strong>et</strong></span> 
     </span>
    </p>
   </div>
   <div class='ocr_carea' id='block_1_113' title="bbox 1860 5492 3432 5572">
    <p class='ocr_par' dir='ltr' id='par_1_113' title="bbox 1860 5492 3432 5572">
     <span class='ocr_line' id='line_1_113' title="bbox 1860 5492 3432 5572; baseline -0.005 -14"><span class='ocrx_word' id='word_1_907' title='bbox 1860 5505 2148 5560; x_wconf 87' lang='lat' dir='ltr'><strong>honestum</strong></span> <span class='ocrx_word' id='word_1_908' title='bbox 2193 5492 2428 5567; x_wconf 82' lang='lat' dir='ltr'><strong>amavit,</strong></span> <span class='ocrx_word' id='word_1_909' title='bbox 2478 5505 2595 5572; x_wconf 82' lang='lat' dir='ltr'><strong>ipse</strong></span> <span class='ocrx_word' id='word_1_910' title='bbox 2636 5516 2855 5572; x_wconf 88' lang='lat' dir='ltr'><strong>quoque</strong></span> <span class='ocrx_word' id='word_1_911' title='bbox 2892 5501 2999 5554; x_wconf 89' lang='lat' dir='ltr'><strong>erit</strong></span> <span class='ocrx_word' id='word_1_912' title='bbox 3038 5500 3215 5552; x_wconf 90' lang='lat' dir='ltr'><strong>bonus</strong></span> <span class='ocrx_word' id='word_1_913' title='bbox 3251 5508 3304 5552; x_wconf 88' lang='lat' dir='ltr'><strong>et</strong></span> <span class='ocrx_word' id='word_1_914' title='bbox 3335 5497 3432 5551; x_wconf 86' lang='lat' dir='ltr'><strong>ho-</strong></span> 
     </span>
    </p>
   </div>
   <div class='ocr_carea' id='block_1_114' title="bbox 1864 5590 3433 5662">
    <p class='ocr_par' dir='ltr' id='par_1_114' title="bbox 1864 5590 3433 5662">
     <span class='ocr_line' id='line_1_114' title="bbox 1864 5590 3433 5662; baseline -0.004 -12"><span class='ocrx_word' id='word_1_915' title='bbox 1864 5605 2081 5660; x_wconf 76' lang='lat' dir='ltr'><strong>nestus.</strong></span> <span class='ocrx_word' id='word_1_916' title='bbox 2100 5594 2337 5648; x_wconf 85' lang='lat' dir='ltr'><strong>bonitate</strong></span> <span class='ocrx_word' id='word_1_917' title='bbox 2357 5594 2476 5662; x_wconf 77' lang='lat' dir='ltr'><strong>ejus</strong></span> <span class='ocrx_word' id='word_1_918' title='bbox 2497 5590 2640 5659; x_wconf 83' lang='lat' dir='ltr'><strong>quod</strong></span> <span class='ocrx_word' id='word_1_919' title='bbox 2660 5590 2714 5643; x_wconf 89' lang='lat' dir='ltr'><strong>in</strong></span> <span class='ocrx_word' id='word_1_920' title='bbox 2736 5590 2853 5657; x_wconf 77' lang='lat' dir='ltr'><strong>ipso</strong></span> <span class='ocrx_word' id='word_1_921' title='bbox 2872 5600 2975 5655; x_wconf 86' lang='lat' dir='ltr'><strong>est,</strong></span> <span class='ocrx_word' id='word_1_922' title='bbox 3001 5607 3123 5645; x_wconf 85' lang='lat' dir='ltr'><strong>eum</strong></span> <span class='ocrx_word' id='word_1_923' title='bbox 3154 5590 3249 5660; x_wconf 88' lang='lat' dir='ltr'><strong>qui</strong></span> <span class='ocrx_word' id='word_1_924' title='bbox 3282 5603 3433 5644; x_wconf 79' lang='lat' dir='ltr'><strong>acco-</strong></span> 
     </span>
    </p>
   </div>
  </div>
