3874 6384
388 378 490 434 739

1569 370 1630 430 S.
1662 368 1991 427 GREt-ORII
2032 369 2326 430 NYSSENI

3545 373 3655 427 ’ἔω

386 497 464 564 pit
494 492 550 546 in
580 491 816 561 seipsam
849 494 1270 544 transmutante.
1299 485 1596 557 Propterea
1630 487 1791 542 nobis
1822 488 1968 557 seip-

2075 490 2355 560 γινομένου
2387 491 2520 562 πρὸς
2544 490 2745 563 ἑαυτὴν
2776 492 2866 545 τὸν
2897 488 3191 560 δεξάμενον
3219 504 3653 560 μεταποιουσης.

386 598 505 636 sum
532 581 928 637 comedendum
969 578 1227 648 proponit
1261 578 1307 632 is
1349 578 1443 647 qui
1486 592 1702 647 semper
1742 584 1859 639 est,
1905 586 1965 631 ut

383 688 509 727 cum
541 673 719 741 ipsum
745 671 798 724 in
820 667 983 723 nobis
1008 667 1145 736 ipsis
1167 667 1543 736 acceperimus
1562 706 1578 732 ,
1606 665 1737 720 illud
1770 665 1964 721 ﬁamus

384 766 530 836 quod
564 765 655 819 ille
688 772 791 817 est.
828 761 973 816 Dicit
1024 761 1169 817 enim
1192 799 1207 824 ,
1240 779 1259 811 ι
1288 758 1431 814 Caro
1462 773 1581 813 mea
1614 774 1740 812 vere
1766 766 1852 812 est
1882 758 1963 812 ci-

296 856 299 865 '
384 858 489 912 bus
509 896 527 920 ,
563 862 620 910 et
651 854 881 924 sanguis
907 869 1062 908 meus
1090 865 1217 907 vere
1243 857 1328 906 est
1365 858 1529 920 potus
1557 848 1624 901 ⁸⁸.
1651 867 1670 900 ι
1699 847 1803 914 Qui
1833 863 1965 919 ergo

383 950 527 1002 hanc
561 955 710 1000 amat
740 960 965 999 carnem
989 984 1003 1009 ,
1034 959 1143 997 non
1171 950 1257 999 est
1286 940 1497 995 amicus
1528 955 1642 995 sum
1666 939 1850 994 carnis
1869 980 1883 1003 ,
1912 946 1966 993 et

284 1092 301 1105 κ
383 1041 477 1109 qui
509 1039 561 1092 in
596 1038 742 1093 hunc
776 1036 1101 1105 sanguinem
1129 1042 1215 1090 est
1246 1032 1474 1087 affectus
1496 1073 1510 1097 ,
1540 1031 1776 1086 mundus
1802 1032 1904 1085 erit
1934 1045 1965 1083 a

386 1131 575 1186 sensili
614 1132 902 1199 sanguine.
938 1126 1084 1180 Caro
1116 1126 1261 1178 enim
1293 1123 1495 1190 Verbi,
1525 1131 1580 1177 et
1615 1123 1839 1193 sanguis
1870 1122 1964 1191 qui

386 1233 470 1277 est
493 1223 547 1276 in
578 1222 681 1275 hac
706 1233 1017 1283 carne,non
1042 1233 1208 1273 unam
1232 1216 1395 1271 habet
1423 1214 1788 1287 gratiam,sed
1812 1223 1896 1270 est
1917 1223 1969 1269 et

389 1314 575 1368 suavis
608 1314 675 1367 iis
707 1313 797 1382 qui
829 1319 1074 1381 gustant,
1106 1318 1159 1366 ct
1183 1309 1521 1379 appetendus
1543 1308 1613 1363 iis
1634 1308 1727 1378 qui
1750 1307 1968 1362 deside-

389 1413 536 1467 rant,
556 1404 695 1458 etiis
714 1401 1348 1472 quidiliguntamabilis.
1367 1398 1424 1452 Si
1455 1400 1580 1469 quis
1610 1408 1792 1453 autem
1820 1412 1969 1451 amo-

388 1512 503 1550 rem
522 1494 855 1550 converterit
872 1493 940 1546 ad
957 1507 1019 1547 ea
1040 1508 1162 1562 qum
1184 1508 1292 1546 non
1310 1492 1643 1558 consistunt,
1657 1487 1969 1560 cujuSmodi

390 1596 521 1640 sunt
551 1602 615 1640 ea
649 1596 867 1646 natura,
903 1585 1013 1639 tale
1045 1585 1211 1638 etiam
1258 1583 1331 1637 sit
1366 1597 1596 1638 necesse
1628 1590 1715 1636 est
1743 1590 1797 1635 et
1824 1579 1968 1648 quod

389 1679 454 1731 in
483 1677 593 1731 illis
625 1677 808 1731 fuerit.
834 1675 1103 1741 Quoniam
1132 1689 1263 1743 ergo
1300 1674 1352 1726 in
1385 1673 1453 1728 iis
1493 1687 1616 1742 qua:
1644 1682 1793 1734 sunt,
1823 1671 1969 1725 aliud

390 1765 610 1836 quidem
631 1774 716 1819 est
733 1780 945 1829 verum,
971 1762 1119 1816 aliud
1142 1778 1271 1817 vero
1300 1762 1483 1827 inane,
1505 1762 1758 1815 convenit
1777 1775 1972 1832 cogno-

391 1870 549 1909 scere
580 1853 765 1914 inane,
788 1862 846 1906 ut
877 1866 941 1906 ea
970 1851 1299 1920 opponendo
1328 1859 1381 1904 ct
1411 1850 1782 1920 comparando
1812 1851 1971 1904 intel-

343 2005 347 2009 _
392 1948 624 2015 ligamus
658 1953 913 1999 naturam
953 1958 1143 1996 eorum
1176 1958 1300 2012 qme
1336 1958 1463 1997 vere
1498 1954 1647 1997 sunt.
1694 1940 1786 1996 Sic
1826 1942 1971 1995 enim

390 2039 602 2091 faciunt
637 2050 832 2091 omnes
867 2034 1081 2098 sancti,
1115 2050 1212 2088 eos
1244 2035 1337 2103 qui
1370 2049 1400 2086 a
1433 2041 1581 2087 recta
1619 2034 1705 2086 via
1753 2033 1975 2093 aberra-

394 2136 556 2192 runt,
602 2137 657 2182 et
692 2143 787 2197 per
821 2143 928 2180 non
962 2132 1168 2179 rectam
1208 2126 1615 2194 ingrediuntur.
1652 2124 1973 2179 reducentes

388 2222 456 2273 ad
493 2222 632 2273 viam
659 2233 687 2270 a
717 2234 823 2287 qua
855 2219 1198 2271 din-rterunt
1220 2255 1233 2277 ,
1261 2218 1448 2284 procul
1482 2216 1974 2283 clamautes,Fuge

390 2312 532 2363 viam
584 2310 638 2363 in
671 2325 779 2377 qua
817 2308 1142 2378 ingrederis.
1186 2306 1250 2381 in
1284 2321 1346 2360 ea
1374 2306 1520 2360 enim
1561 2313 1692 2359 sunt
1730 2304 1974 2358 latrones

292 2412 298 2419 ‘
386 2410 444 2453 ct
501 2399 786 2470 praedones
838 2407 894 2453 et
947 2397 1351 2451 homicidarum
1398 2396 1653 2458 insidiaa,
1708 2403 1767 2450 ut
1810 2396 1973 2450 simul

387 2492 611 2562 quidem
643 2492 821 2546 viator
856 2489 1162 2560 periculum
1199 2487 1434 2541 declinet
1468 2489 1569 2541 vim
1608 2487 1929 2555 perniciosa
1957 2504 1972 2553 ;

391 2585 460 2635 ab
495 2584 587 2637 illa
627 2590 811 2637 autem
846 2581 936 2635 via
970 2595 1257 2643 recessus,
1319 2579 1376 2633 ﬁt
1408 2579 1495 2631 via
1547 2593 1668 2648 quae
1712 2579 1864 2632 ducit
1908 2580 1974 2632 ad

390 2691 511 2728 eam
545 2690 666 2745 qua:
703 2682 905 2728 servat.
942 2673 1018 2726 lta
1054 2674 1222 2726 etiam
1275 2687 1507 2740 magnus
1559 2672 1653 2725 ille
1707 2669 1977 2725 Ecclesia-

387 2776 500 2820 stes
536 2767 771 2833 desuper
795 2765 1070 2819 clamabat
1106 2763 1360 2817 humanm
1397 2772 1642 2829 naturae,
1673 2778 1796 2832 qua:
1820 2777 1976 2817 erra-

390 2861 483 2912 bat
532 2859 586 2911 in
637 2858 787 2911 invio
819 2863 874 2910 et
909 2871 1020 2909 non
1055 2856 1110 2909 in
1144 2857 1265 2917 via,
1302 2863 1361 2909 ut
1415 2856 1549 2909 dicit
1600 2852 1872 2925 Propheta
1906 2854 1973 2918 “,

392 2951 507 3004 haec
558 2959 748 3020 aperte
780 2948 971 3003 dicens
1021 2963 1119 3017 per
1167 2963 1228 3001 ea
1262 2963 1382 3015 qua:
1430 2947 1675 3015 loquitur
1705 2945 1851 2999 :Cur
1881 2960 1978 3013 per

394 3049 562 3093 totam
593 3041 759 3092 vitam
791 3038 990 3092 erratis
1016 3079 1031 3101 ,
1066 3054 1099 3089 o
1125 3036 1421 3090 homines?
1445 3050 1545 3089 cur
1570 3036 1770 3088 amatis
1804 3050 1937 3086 vana
1958 3075 1974 3096 ,

2065 582 2164 635 Διά
2194 580 2349 635 τοῦτο
2375 580 2632 652 ἐδώδιμον
2660 582 2793 652 ἡμῖν
2809 580 2998 634 ἑαυτὸν
3030 580 3351 652 προτίθησιν
3374 582 3403 634 6
3428 580 3518 634 ἀεὶ
3547 577 3656 643 ὢν,

2066 675 2153 729 ῐνα
2205 674 2563 739 ἀναλαϐόντες
2595 674 2758 728 αὑτὸν
2797 674 2854 726 ὲν
2894 674 3097 737 αὐτοῖς,
3146 675 3323 727 έκεῖνο
3358 670 3660 744 γενώμεθα

2065 768 2201 838 ὅπερ
2232 768 2435 830 ἐκεῖνός
2462 769 2595 825 ἐστι.
2618 766 2757 836 Φησὶ
2786 764 2915 836 γὰρ,
2949 766 3029 819 ὅτι
3069 785 3087 818 ι
3110 766 3173 818 Ἢ
3212 764 3349 836 σάρξ
3377 780 3479 835 μου
3509 765 3661 835 ἀλη-

2067 857 2172 920 θῶς
2189 861 2302 911 ἐστι
2324 856 2545 929 βρῶσις,
2569 857 2742 910 καὶτὸ
2765 851 2902 926 αἷμά
2929 873 3028 927 μου
3048 855 3260 925 ἀληθῶς
3285 858 3400 909 ἐστι
3427 856 3616 917 πόσις.
3635 875 3656 906 ι

2077 950 2138 1002 ’0
2186 945 2279 1002 οὖν
2328 948 2532 1019 ταύτην
2564 947 2794 1016 ἀγαπῶν
2824 947 2922 1017 τὴν
2953 947 3166 1017 σάρκα,
3205 948 3306 1000 οὐκ
3343 946 3457 999 ἔστι
3491 945 3660 1016 φίλος

2067 1040 2166 1108 τῆς
2196 1040 2331 1102 ἰδίας
2361 1038 2580 1109 σαρκὸς,
2598 1039 2692 1091 καὶ
2719 1039 2747 1090 6
2778 1037 2911 1109 πρὸς
2933 1036 3091 1091 τοῦτο
3106 1037 3165 1090 τὸ
3190 1033 3329 1107 αἷμα
3357 1037 3659 1102 διατεθεὶς,

2067 1130 2160 1182 τοῦ
2200 1129 2459 1200 αἰσθητοῦ
2487 1132 2718 1198 αἵματος
2752 1130 3104 1200 καθαρεύσει.
3135 1131 3201 1182 Ἠ
3229 1129 3338 1201 γάρ
3353 1129 3447 1183 τοῦ
3466 1130 3661 1198 Λόγου

2071 1221 2225 1294 σὰρξ,
2287 1224 2381 1275 καὶ
2432 1222 2494 1275 τὸ
2524 1208 2588 1294 τῇ
2642 1223 2805 1294 σαρκὶ
2828 1222 3000 1293 ταύτῃ
3049 1222 3370 1293 ἐγκείμενον
3393 1219 3556 1293 αἷμα,
3584 1223 3660 1277 οὐ

2071 1312 2200 1382 μίαν
2231 1311 2351 1364 τινά
2380 1311 2541 1382 χάριν
2568 1311 2683 1381 ἔχει
2706 1329 2720 1342 ·
2755 1311 2869 1364 ἀλλ’
2902 1310 2997 1381 ἡδύ
3032 1328 3090 1364 τε
3116 1309 3324 1378 γίνεται
3352 1313 3462 1372 τοῖς
3480 1327 3658 1382 γευο-

2073 1403 2273 1473 μένοις,
2327 1404 2422 1456 καὶ
2465 1403 2690 1474 ὀρεκτὸν
2722 1406 2834 1465 τοῖς
2867 1400 3214 1471 ἐπιθυμοῦσι,
3256 1401 3481 1462 καὶτοῖς
3505 1400 3661 1467 ἀγα-

2070 1492 2244 1545 πῶσιν
2297 1492 2580 1563 ἐράσμιον.
2611 1493 2673 1544 Εἰ
2702 1492 2758 1544 δέ
2789 1508 2873 1554 τις
2904 1489 3122 1560 τρέψειε
3166 1487 3302 1558 πρὸς
3324 1486 3397 1539 ’τά
3437 1485 3510 1556 μὴ
3543 1485 3662 1553 ὕφ-

2070 1583 2279 1637 εστῶτα
2299 1583 2360 1636 τὸ
2384 1585 2624 1653 φίλτρον,
2650 1578 2735 1635 οἷα
2764 1585 2830 1651 τῇ
2853 1580 3010 1650 φύσει
3034 1579 3205 1632 ταῦτά
3228 1580 3397 1637 ἐστιν,
3425 1576 3657 1646 ἀνάγκη

2070 1678 2222 1729 πᾶσα
2258 1674 2494 1728 τοιοῦτον
2526 1673 2780 1742 γενέσθαι
2825 1675 2919 1726 καὶ
2949 1673 3039 1725 τὸν
3077 1672 3137 1725 ὲν
3166 1670 3392 1741 ἐπείνοις
3412 1668 3661 1737 γενόμε-

2072 1784 2180 1821 νον.
2228 1767 2381 1819 Ἐπεὶ
2409 1761 2501 1818 οὖν
2549 1767 2605 1818 ἐν
2635 1767 2745 1828 τοῖς
2772 1760 2890 1817 οὖσι
2924 1764 2984 1816 τὸ
3022 1762 3120 1833 μέν
3165 1779 3244 1813 τοι
3281 1759 3477 1830 ἀληθές
3499 1761 3654 1821 ἐστι,

2072 1858 2133 1911 τὸ
2158 1857 2213 1910 δὲ
2254 1856 2502 1926 μάταιον,
2545 1855 2630 1907 ἴνα
2661 1854 2749 1908 διὰ
2777 1856 2874 1923 τῆς
2902 1852 3376 1924 ἀντιπαραθέσεως
3401 1850 3501 1922 τὴν
3532 1850 3659 1903 τῶν

2072 1948 2289 2017 ἀληθῶς
2342 1948 2510 2003 όντων
2566 1947 2727 2016 φύσιν
2758 1946 3061 2016 νοήσωμεν.
3086 1944 3244 1997 Οὕτω
3283 1942 3391 2012 γάρ
3434 1939 3660 1995 ποιοῦσι

2072 2040 2272 2103 πάντες
2287 2040 2337 2091 οἱ
2368 2041 2529 2107 ἀγιοι,
2563 2039 2686 2100 τοὺς
2702 2036 3114 2105 ἀποσφαλέντας
3137 2035 3233 2104 τῆς
3263 2033 3473 2096 εὐθείας
3499 2031 3656 2096 ὁδοῦ,

2072 2133 2167 2184 καὶ
2193 2131 2282 2184 διά
2325 2130 2426 2199 τῆς
2455 2129 2877 2198 πεπλανημένης
2907 2126 3342 2197 ὁδοιποροῦντας,
3378 2124 3512 2195 πρὸς
3542 2123 3661 2194 τὴν

2070 2225 2189 2279 όδδν
2228 2223 2319 2292 ἀφ’
2357 2217 2425 2293 ἧς
2474 2221 2851 2291 ἐξετράπησαν
2902 2221 3286 2286 ἐπανάγοντες,
3342 2216 3660 2286 ἐμϐοῶντες

2073 2315 2375 2387 πόρρωθεν,
2424 2316 2506 2367 ὅτι
2559 2313 2701 2381 Φὺγε
2732 2312 2829 2381 τὴν
2859 2312 2977 2364 ὁδὸν
3014 2313 3072 2365 ὲν
3174 2308 3400 2380 πορεύῃ.
3432 2310 3662 2378 Λῃσταὶ

2072 2410 2182 2479 γάρ
2223 2408 2342 2460 κατ’
2372 2406 2539 2475 αὐτὴν
2567 2404 2660 2457 καὶ
2692 2402 3017 2465 λωποδύται,
3056 2403 3149 2454 καὶ
3179 2402 3380 2470 φονέων
3411 2401 3658 2467 ἐνέδραι,

2072 2503 2105 2571 ἢ
2159 2501 2243 2552 ῖνα
2296 2498 2412 2566 ἅμα
2445 2499 2542 2566 μὲν
2573 2498 2601 2548 6
2650 2495 2828 2562 ὁδίτης
2868 2494 2958 2545 τὸν
2998 2493 3241 2547 κίνδυνον
3270 2494 3516 2563 ἐκτραπῇ
3548 2493 3664 2563 τῆς

2072 2591 2321 2661 ὀλεθρίας
2344 2588 2464 2641 ὁδοῦ
2488 2604 2501 2616 ’
2529 2590 2563 2657 ἡ
2599 2586 2656 2638 δὲ
2685 2584 3031 2655 ἀναχώρησις
3065 2583 3299 2652 ἐκείνης,
3327 2583 3516 2653 ὁδηγία
3550 2585 3663 2651 τῆς

2074 2682 2353 2751 σωζούσης
2373 2680 2599 2748 γίνεται.
2626 2675 2808 2736 Οὓτω;
2835 2676 2928 2728 καὶ
2955 2677 2983 2727 ό
3014 2675 3185 2745 μέγας
3202 2674 3661 2744 Ἑκκλησιαστὴς,

2074 2775 2277 2829 ἀνωθεν
2302 2772 2428 2824 ὲὸὁα
2460 2773 2525 2841 τῇ
2564 2768 2881 2839 ἀνθρωπίνῃ
2925 2767 3085 2836 φύσει
3116 2770 3183 2838 τῇ
3213 2769 3268 2820 ὲν
3302 2765 3663 2834 ἀϐἀτῳπλα-

2074 2866 2288 2935 νωμένῃ
2312 2863 2403 2917 καὶ
2422 2863 2519 2931 οὐχ
2554 2860 2677 2931 όδῷ,
2700 2860 2880 2922 καθώς
2906 2875 3069 2929 φησιν
3092 2861 3119 2911 6
3142 2858 3451 2928 Προφήτης,
3477 2857 3662 2910 ταῦτα

2073 2958 2333 3026 ἄντικρυς
2381 2953 2446 3005 δι’
2476 2947 2547 3004 ὢν
2588 2952 2886 3020 φθέγγεται
2915 2950 3109 3017 λέγων·
3158 2949 3224 3000 Τί
3258 2949 3533 3001 πλανᾶσθε
3564 2948 3664 3002 διὰ

2074 3049 2170 3100 τοῦ
2196 3048 2332 3117 βίου,
2372 3040 2417 3097 ὧ
2460 3042 2769 3112 άνθρωτοις
2820 3040 2886 3093 Τί
2930 3040 3181 3106 ἀγαπᾶτε
3209 3039 3278 3092 τά
3309 3039 3534 3109 μάταια,
3558 3056 3663 3092 και

390 3139 444 3184 et
476 3130 702 3200 diligitis
730 3145 794 3183 ea
824 3144 946 3197 quae
974 3144 1082 3182 non
1116 3134 1349 3196 possunt
1377 3128 1684 3181 consistere
1706 3167 1721 3191 ,
1753 3136 1805 3179 et
1839 3126 1974 3180 atie—

2080 3140 2281 3209 φιλεῖτε
2302 3138 2371 3190 τὰ
2406 3136 2771 3195 ἀνυπόστατα,
2822 3132 2915 3185 καὶ
2955 3132 3453 3203 προστετήκατετῇ
3476 3130 3659 3185 διαθέ·

394 3224 579 3278 ctione
616 3223 670 3275 in
704 3222 774 3276 iis
810 3219 1204 3275 coutabescitis
1245 3233 1480 3288 quorum
1526 3218 1675 3271 nulla
1719 3224 1805 3271 est
1846 3217 1980 3271 sub-

394 3315 633 3369 stantia?
658 3315 778 3366 Alia
806 3319 893 3367 est
919 3312 1006 3365 via
1036 3312 1261 3366 minime
1291 3326 1484 3365 errans
1510 3317 1565 3364 et
1595 3309 1886 3373 salutaris,
1915 3309 1981 3362 il-

400 3405 507 3457 lam
537 3403 780 3472 diligite,
811 3402 866 3455 in
898 3401 988 3454 illa
1012 3400 1291 3454 ambulate
1318 3415 1414 3470 per
1439 3400 1760 3455 charita‘tem
1781 3440 1795 3463 ,
1823 3401 1981 3468 cujus

395 3510 591 3549 nomen
621 3503 706 3549 est
737 3495 939 3548 veritas
961 3532 976 3557 ,
1005 3501 1059 3548 et
1086 3493 1198 3546 vita
1219 3532 1233 3552 .
1264 3500 1318 3546 et
1349 3492 1695 3562 incorruptio
1716 3531 1731 3556 ,
1761 3499 1815 3545 et
1849 3493 1942 3545 lux
1962 3533 1977 3558 ,

391 3598 447 3642 et
482 3603 604 3657 qua:
638 3595 767 3640 sunt
801 3584 1143 3656 hujusmodi.
1188 3584 1314 3639 llaec
1345 3593 1529 3639 autem
1563 3586 1652 3639 via
1687 3600 1785 3655 per
1815 3600 1980 3654 quam

396 3695 542 3734 nunc
594 3677 856 3741 curritis,
899 3678 1064 3748 digna
1109 3687 1194 3732 est
1235 3692 1400 3747 quam
1450 3676 1577 3729 odio
1624 3674 1875 3730 habeatis
1927 3682 1984 3730 et

393 3760 760 3832 aversemini;
797 3777 948 3824 caret
986 3770 1132 3824 enim
1166 3770 1287 3823 luce
1308 3811 1322 3833 ,
1359 3779 1412 3823 et
1445 3778 1530 3822 est
1565 3768 1867 3838 intercepta
1901 3776 1985 3823 tc-

395 3863 617 3929 nebris,
648 3863 913 3932 ducitque
962 3860 1027 3917 ad
1084 3862 1422 3931 praecipitia,
1472 3869 1528 3915 et
1578 3861 1876 3923 barathra,
1927 3867 1983 3915 et

394 3954 634 4008 ferarum
663 3954 888 4008 latibula
910 3993 924 4017 ,
950 3961 1005 4006 et
1035 3953 1102 4006 ad
1131 3953 1406 4017 latronum
1438 3952 1689 4007 insidias.
1717 3953 1822 4017 Qui
1851 3968 1982 4023 ergo

394 4046 536 4105 dixit
561 4065 574 4098 :
600 4062 619 4095 ι
644 4044 884 4114 Tempus
908 4052 994 4098 est
1023 4044 1264 4104 amandi,
1291 4061 1309 4094 ι
1337 4042 1579 4098 ostendit
1600 4040 1653 4096 id
1682 4043 1829 4112 quod
1852 4060 1981 4099 vere

395 4145 481 4190 est
528 4135 763 4188 amabile
811 4142 867 4188 et
913 4133 1292 4202 diligendum:
1353 4141 1408 4187 et
1453 4133 1545 4201 qui
1599 4132 1725 4187 odio
1767 4143 1981 4203 tempus

397 4224 686 4294 ascripsit,
719 4224 881 4278 docet
905 4238 1155 4294 quaenam
1184 4224 1295 4278 sint
1327 4223 1652 4278 aversanda.
1685 4222 1822 4278 Cum
1849 4241 1981 4295 ergo

396 4316 449 4369 id
475 4317 618 4385 quod
650 4324 735 4371 est
768 4324 961 4369 natura
995 4315 1288 4369 amandum
1321 4313 1715 4375 didicerimus,
1755 4314 1806 4369 id
1838 4330 1983 4372 com-

399 4410 701 4477 plet-tamur
743 4424 837 4475 per
874 4408 1234 4469 cbaritatem,
1280 4406 1349 4460 ab
1392 4422 1458 4461 eo
1499 4406 1725 4460 minime
1768 4407 1974 4471 aversi,

2081 3243 2162 3279 σει
2194 3223 2419 3283 τούτοις,
2442 3215 2514 3274 ὦν
2535 3222 2680 3273 ἐστιν
2703 3218 2925 3288 οὐδεμία
2947 3219 3243 3285 ὑπόστασις
3269 3235 3284 3283 ;
3316 3218 3484 3291 ’Δλλη
3506 3222 3662 3272 ἐστὶν

2077 3316 2194 3379 ὁδὸς
2228 3314 2474 3383 ἀπλανής
2525 3330 2583 3366 τε
2616 3313 2708 3365 καὶ¹
2754 3313 3054 3382 σωτήριος·
3098 3311 3318 3379 ἐκείνην
3366 3311 3658 3382 φιλήσατε,

2080 3410 2137 3460 ὲν
2163 3406 2345 3475 ἐκείνῃ
2368 3404 2455 3457 διά
2475 3404 2571 3473 τῆς
2599 3403 2818 3471 ἀγάπης
2837 3402 3251 3472 ὁδοιπορήσατε,
3284 3397 3350 3473 ἧς
3370 3402 3430 3455 τὸ
3462 3403 3657 3473 ὄνομα,

2079 3495 2306 3566 ἀλήθειά
2334 3496 2451 3546 ἐστι
2498 3493 2594 3545 καὶ
2634 3492 2767 3562 ζωὴ,
2802 3493 2895 3545 καὶ
2927 3491 3222 3563 ἀφθαρσία,
3264 3494 3358 3545 καὶ
3391 3493 3528 3560 φῶς,
3562 3495 3661 3548 καὶ

2080 3588 2147 3641 τὰ
2175 3586 2398 3640 τοιαῦτα
2423 3601 2435 3613 δ
2460 3583 2599 3653 αὕτη
2622 3584 2676 3637 δὲ
2700 3586 2732 3653 ἡ
2761 3584 2875 3644 ὁδὸς
2898 3582 2964 3636 δι’
2981 3577 3048 3652 ἧς
3080 3583 3178 3636 νῦν
3203 3584 3443 3654 τρέχετεθ
3468 3584 3658 3654 μίσους

2080 3681 2174 3735 καὶ
2221 3679 2569 3749 ἀποστροφῆς
2611 3676 2735 3740 ἀξία
2756 3694 2768 3706 ·
2807 3675 3054 3745 ἀφεγγὴς
3078 3675 3185 3747 γάρ
3211 3677 3325 3729 ἐστι
3353 3677 3446 3729 καὶ
3475 3678 3657 3731 σκότει

2078 3768 2459 3839 διειλημμένη,
2490 3769 2570 3829 εἰς
2596 3766 2872 3837 κρημνοὺς
2898 3764 2952 3817 δὲ
2976 3765 3117 3831 ἄγει,
3149 3764 3240 3818 καὶ
3270 3763 3541 3835 βάραθρα,
3564 3768 3657 3819 καὶ

2081 3862 2364 3935 θηριώδεις
2418 3860 2634 3921 τόπους,
2691 3857 2784 3910 καὶ
2842 3854 3055 3926 λῃστῶν
3107 3854 3343 3920 ἐνέδρας.
3387 3856 3446 3909 ὐ
3478 3855 3658 3908 τοίνυν

2081 3953 2273 4015 εἰπὼν,
2304 3972 2322 4003 ‹
2340 3950 2546 4021 Καιρδς
2568 3948 2661 4001 τοῦ
2696 3948 2939 4017 φιλῆσαι,
2968 3966 2986 3998 ι
3006 3946 3067 3999 τὸ
3092 3946 3313 4016 φιλητὸν
3343 3946 3421 4006 ὼς
3446 3946 3656 4016 ἀληθῶς

2081 4047 2175 4100 καὶ
2198 4042 2478 4112 ἀγαπητὸν
2524 4040 2822 4102 ἐνεδείξατο
2847 4056 2858 4067 °
2896 4039 2989 4091 καὶ
3021 4038 3049 4090 6
3084 4036 3162 4108 τῷ
3188 4038 3335 4107 μίσει
3355 4037 3445 4091 τὸν
3467 4037 3655 4108 καιρὸν

2080 4132 2424 4205 προγράψας.
2471 4122 2547 4182 ὧν
2581 4126 2687 4198 χρὴ
2716 4127 2814 4196 τὴν
2858 4125 3207 4197 ἀποστροφὴν
3228 4125 3373 4195 ἔχειν
3393 4126 3654 4190 ἐδίδαξεν.

2081 4224 2288 4279 Οὐκοῦν
2340 4220 2598 4292 μαθόντες
2625 4218 2685 4270 τὸ
2711 4217 2993 4287 ἀγαπητὸν
3032 4220 3098 4287 τῇ
3147 4216 3328 4285 φύσει,
3359 4217 3551 4269 τούτου
3569 4218 3657 4270 δά

2079 4312 2181 4382 τῆς
2213 4311 2433 4379 ἀγάπης
2485 4305 2887 4379 περιεχώμεθα,
2919 4305 3167 4376 μηδαμοῦ
3204 4307 3655 4377 παρατραπέντες

2083 4405 2188 4459 ὑπὸ
2226 4403 2325 4471 τῆς
2355 4400 2483 4471 περὶ
2514 4388 2776 4451 τὸςκαλδν
2804 4396 3080 4467 ἀκρισίας,
3121 4397 3178 4448 ὲν
3218 4395 3427 4458 τούτοις
3450 4396 3511 4449 τὸ
3541 4397 3656 4466 φίλ-

394 4514 459 4551 ex
520 4513 586 4550 eo
640 4497 788 4564 quod
844 4499 1046 4554 bonum
1098 4503 1152 4549 et
1220 4495 1509 4550 honestum
1573 4495 1822 4561 judicare
1865 4511 1973 4551 non

2080 4514 2206 4568 τρον
2235 4495 2659 4562 δαπανήσαντες,
2710 4491 2769 4541 ὲν
2811 4484 2889 4550 οἷς
2934 4486 3268 4557 ἀπαγορεύει
3306 4488 3400 4539 καὶ
3435 4490 3464 4540 ὁ
3487 4488 3655 4557 μέγας

396 4586 701 4655 possimus,
748 4576 989 4639 amorem
1025 4584 1080 4638 in
1131 4582 1200 4638 iis
1240 4590 1657 4642 consumentes.
1691 4584 1746 4637 in
1774 4585 1976 4654 quibus

398 4674 651 4744 prohibet
686 4690 918 4746 magnus
952 4675 1119 4729 David
1147 4715 1160 4736 ,
1194 4676 1380 4730 dicens
1407 4693 1421 4729 :
1446 4694 1469 4726 .‹
1500 4673 1619 4728 Filii
1655 4675 1973 4737 hominum,

395 4779 686 4833 quousque
714 4768 865 4836 gravi
893 4766 1107 4820 corde?
1144 4781 1245 4819 cur
1271 4765 1500 4833 diligitis
1545 4765 1875 4830 vanitatem,
1921 4773 1978 4821 et

395 4855 646 4924 quaeritis
670 4855 1014 4911 mendacium
1038 4855 1082 4887 δ’
1105 4856 1165 4909 ἳι
1187 4855 1282 4925 Est
1305 4858 1451 4910 enim
1482 4870 1649 4910 unum
1677 4856 1853 4911 solum
1885 4871 1979 4911 na-

396 4955 522 4999 tura
550 4945 884 5016 diligendum
909 4986 923 5011 ,
969 4947 1021 5000 id
1050 4946 1194 5014 quod
1225 4962 1351 5000 vere
1393 4955 1511 5012 est,
1550 4947 1618 5001 de
1650 4962 1760 5016 quo
1806 4947 1973 5003 etiam

394 5035 532 5090 dicit
564 5034 651 5090 lex
685 5035 936 5105 Decalogi
969 5053 982 5088 :
1011 5054 1030 5086 ι
1062 5035 1263 5105 Diliges
1297 5034 1582 5091 Domiuutn
1616 5035 1781 5092 Deum
1815 5045 1970 5091 tuum

394 5144 459 5182 ex
495 5133 610 5181 toto
640 5127 807 5182 corde
835 5134 959 5191 tuo,
997 5136 1049 5182 et
1080 5143 1147 5182 ex
1175 5136 1289 5182 tota
1321 5137 1503 5184 mente
1530 5138 1621 5182 tua
1644 5169 1658 5192 ,
1686 5137 1741 5184 et
1766 5145 1833 5184 ex
1861 5137 1974 5184 tota

397 5217 578 5271 anima
610 5226 699 5271 tua
725 5218 792 5273 ”.
822 5238 840 5267 ι
873 5217 936 5270 Ει
984 5234 1151 5272 unum
1195 5227 1279 5273 est
1320 5235 1516 5274 rursus
1560 5201 1683 5274 vere
1708 5222 1834 5274 odio
1882 5222 1978 5274 ha-

396 5308 433 5360 b
469 5308 633 5361 udum
654 5349 668 5369 ,
698 5326 893 5378 nempe
920 5308 1034 5362 vitii
1067 5310 1345 5375 inventor,
1373 5313 1498 5364 vitae
1529 5322 1730 5365 nostrae
1759 5312 1934 5366 hostis
1958 5329 1974 5377 ;

395 5395 583 5463 dequo
602 5395 850 5459 dicitlex,
863 5417 881 5448 ι
897 5396 1038 5451 Odio
1056 5398 1285 5452 habebis
1307 5398 1586 5451 inimicum
1599 5407 1749 5453 tuum
1763 5396 1829 5451 “.
1849 5423 1863 5452 ι
1880 5398 1972 5453 Dei

395 5486 539 5539 enim
557 5487 803 5551 dilectio,
823 5495 910 5543 est
933 5488 1198 5544 fortitudo
1217 5488 1338 5556 ejus
1352 5488 1443 5558 qui
1464 5488 1661 5558 diligit.
1682 5489 1761 5543 Ad
1778 5490 1970 5545 vitium

398 5586 576 5629 autem
602 5577 821 5632 allectio
840 5581 1067 5634 exitium
1090 5580 1243 5635 affert
1262 5583 1311 5635 ei
1329 5582 1424 5651 qui
1447 5582 1649 5634 malum
1668 5581 1862 5653 diligit.
1881 5582 1973 5638 Sic

2083 4586 2266 4649 Δαϐὶδ,
2300 4584 2504 4653 λέγων’
2534 4603 2551 4633 ι
2592 4581 2710 4634 Υἱοὶ
2742 4578 3066 4651 ἀνθρώπων,
3099 4580 3203 4643 ἕως
3224 4579 3349 4632 πότε
3378 4579 3658 4651 βαρυκάρ-

2079 4679 2221 4743 διοι;
2258 4678 2344 4731 ἵνα
2385 4675 2435 4729 τί
2478 4674 2728 4742 ἀγαπᾶτε
2775 4672 3128 4742 ματαιότητα,
3156 4673 3252 4724 καὶ
3283 4671 3498 4741 ζητεῖτε
3528 4672 3656 4742 ipsa-

2078 4772 2202 4835 δος;
2234 4768 2363 4823 »Ἕν
2387 4766 2497 4837 γὰρ
2534 4764 2692 4834 μόνον
2716 4763 2996 4834 ἀγαπητὸν
3041 4766 3104 4833 τῇ
3137 4762 3317 4829 φύσει,
3357 4762 3416 4815 τὸ
3445 4764 3654 4833 ἀληθῶς

2078 4856 2159 4917 ὃν,
2194 4853 2323 4924 περὶ
2378 4846 2440 4906 οὗ
2481 4868 2613 4922 φησι
2662 4852 2754 4905 καὶ
2798 4852 2831 4920 ὴ
2870 4851 3173 4918 Δεκαλόγου
3215 4850 3539 4921 νομοθεσία,
3579 4854 3657 4905 ὅτι

2087 4966 2105 4998 ι
2128 4944 2458 5014 Ἀγαπήσεις
2484 4941 2680 5014 Κύριον
2699 4942 2790 4995 τὸν
2812 4942 2945 4995 Θεόν
2970 4958 3059 4994 σου
3081 4941 3141 5006 ἐξ
3160 4941 3287 5011 ὅλης
3309 4941 3405 5009 τῆς
3424 4942 3657 5007 διανοίας

2081 5052 2193 5088 σου.
2212 5055 2228 5086 ι
2258 5036 2363 5086 Καὶ
2382 5032 2440 5085 ἒν
2470 5032 2632 5085 πάλιν
2664 5030 2890 5101 μισητὸν
2909 5033 2973 5102 τῇ
3004 5031 3249 5102 ἀληθείᾳ,
3283 5033 3311 5084 ὁ
3340 5032 3439 5102 τῆς
3462 5034 3657 5096 auxia;

2080 5123 2327 5193 εὑρετὴς,
2367 5123 2397 5173 6
2449 5121 2548 5190 τῆς
2576 5118 2723 5188 ζωῆς
2752 5119 2910 5190 ἡμῶν
2938 5120 3197 5188 πολέμιος
3219 5137 3229 5148 ·
3254 5120 3382 5191 περὶ
3400 5115 3460 5173 οὗ
3496 5138 3656 5192 φησιν

2079 5216 2107 5265 6
2138 5215 2320 5283 νόμος,
2370 5212 2452 5265 ὅτι
2496 5231 2514 5262 ι
2542 5211 2808 5280 Μισήσεις
2845 5211 2936 5263 τὸν
2950 5206 3143 5278 ἐχθρόν
3157 5226 3272 5263 σου.
3294 5228 3312 5261 ι
3333 5212 3394 5264 Ἡ
3430 5213 3541 5283 γάρ
3566 5211 3653 5264 τοῦ

2080 5305 2215 5358 Θεοῦ
2246 5290 2458 5373 ἀγάπη.
2485 5302 2638 5372 ἰσχὺς
2659 5300 2752 5353 τοῦ
2792 5300 3113 5370 ἀγαπῶντος
3133 5300 3361 5369 γίνεται’
3386 5304 3418 5372 ἠ
3449 5302 3506 5354 δὲ
3529 5303 3655 5373 πρὸς

2078 5394 2175 5466 τὴν
2208 5394 2407 5447 κακίαν
2444 5392 2702 5454 διάθεσις,
2750 5392 2971 5463 ὀλεθρον
3005 5392 3160 5463 φέρει
3203 5392 3282 5464 τῷ
3321 5392 3488 5446 κακὸν
3525 5392 3657 5462 ἀγα-

2080 5486 2271 5539 πῶντι.
2313 5485 2470 5538 Οὕτω
2520 5484 2629 5553 γάρ
2668 5500 2832 5554 φησιν
2870 5486 2897 5554 ἡ
2948 5482 3293 5555 προφητεία’
3323 5485 3654 5557 (Ἀγαπήσω

2082 5594 2162 5641 σε,
2201 5577 2391 5648 Κύριε,
2437 5579 2470 5647 ἡ
2497 5575 2649 5646 ἰσχύς
2684 5593 2785 5647 μου
2813 5592 2827 5605 ο
2859 5576 3060 5648 Κύριος
3090 5576 3378 5649 στερέωμά
3410 5594 3535 5648 μου,
3563 5576 3651 5631 καὶ

468 5762 516 5797 ‘°
552 5764 710 5819 Jian.
750 5783 821 5831 γι,
849 5769 938 5824 56.
1017 5772 1055 5803 “
1100 5773 1489 5839 Psal.cvn,40.
1568 5778 1612 5807 δ’
1652 5773 1974 5848 Psa|.tv,5.

2075 5779 2112 5809 ⁵³
2160 5777 2320 5832 Deut.
2355 5777 2501 5845 “,5.
2579 5777 2624 5809 ⁴¹δ
2663 5776 2858 5833 Matth.
2885 5795 2939 5844 v,
2964 5777 3057 5835 45.
