3874 6360
187 343 284 397 741

1208 337 1274 391 ΙΝ
1317 332 1850 393 ECCLESIASTEN.
1893 334 2179 389 HOMILIA
2214 336 2343 389 VIII.

3333 341 3436 405 ΗΞ

187 452 474 524 καταφυγή
500 469 623 524 μου,
647 453 739 506 καὶ
759 452 961 524 ρύστης
984 469 1135 523 μου.»
1161 454 1292 524 Περὶ
1314 454 1368 506 δὲ
1402 452 1492 506 :06
1517 445 1736 506 ἐναντίοι

1861 448 2004 505 enim
2038 436 2494 520 dicit‘propbetia
2525 472 2535 507 :
2566 470 2585 504 ι
2617 450 2849 525 Diligam
2894 460 2949 510 te
2977 498 2993 523 ,
3033 454 3261 516 Domme
3281 500 3298 528 ,
3331 458 3440 516 lor-

186 544 373 615 φησιν,
403 562 422 594 t
444 544 502 596 Ὀ
535 543 589 596 δὲ
619 544 848 611 ἀγαπῶν
891 544 990 617 τὴν
1013 543 1245 610 ἀδικίαν,
1278 547 1423 614 μισεῖ
1444 544 1542 615 τὴν
1561 543 1755 597 ἑαυτοῦ

183 636 382 706 ψυχήν.
417 634 723 706 Ἐπιὸρέξει
751 635 843 688 ἐπὶ
865 634 1221 705 ἁμαρτωλοὺς
1250 635 1468 704 παγίδα.
1502 655 1519 686 ι
1553 634 1758 704 Καιρὸς

184 721 274 780 οὖν
304 724 401 779 τοῦ
434 724 572 796 πρὸς
591 726 724 780 Θεὸν
761 726 981 799 φίλτρου
1007 730 1041 798 ἠ
1073 729 1186 800 ζωὴ
1222 730 1390 792 πᾶσα,
1420 729 1515 782 καὶ
1539 728 1635 798 τῆς
1662 726 1756 780 τοῦ

183 816 558 887 ἀντικειμένου
588 817 992 889 ἀλλοτριώσεως
1017 820 1046 873 6
1076 819 1191 889 βίος
1219 820 1357 885 ὅλος.
1389 821 1447 874 '0
1472 822 1527 875 δὲ
1559 821 1756 892 μικρόν

184 922 233 959 τι
250 904 350 973 τῆς
375 902 523 973 ζωῆς
555 903 660 968 ἔξω
683 904 775 957 :06
805 904 978 973 φιλεῖν
1010 905 1103 959 τὸν
1136 905 1269 960 Θεὸν
1306 906 1618 976 γενόμενος,
1648 905 1753 971 ἔξω

184 995 392 1064 γίνεται
433 995 649 1058 πάντως
685 989 744 1050 οὗ
773 997 872 1066 τῆς
902 997 1123 1067 ἀγάπης
1168 997 1518 1070 κεχώρισται.
1558 998 1662 1051 Τὸν
1696 998 1754 1052 δὲ

184 1083 285 1148 ἔξω
309 1081 404 1135 τοῦ
429 1082 563 1137 Θεοῦ
576 1083 888 1153 γενόμενον,
908 1084 1012 1150 ἔξω
1039 1080 1178 1139 εἶναι
1194 1085 1287 1139 :06
1305 1086 1479 1154 φωτὸς
1505 1086 1718 1158 ἀνάγκη
1735 1103 1749 1118 ·

189 1171 312 1225 ῐιότι
362 1171 483 1240 φῶς
532 1174 560 1226 ό
604 1172 770 1238 Θεός’
817 1173 923 1241 ἔξω
953 1175 1010 1229 δὲ
1042 1175 1133 1229 καὶ
1181 1177 1280 1248 τῆς
1327 1174 1474 1246 ζωῆς
1516 1176 1607 1229 καὶ
1652 1176 1754 1249 τῆς

185 1264 512 1336 ἀφθαρσίας,
538 1265 634 1319 καὶ
656 1265 854 1329 παντὸς
882 1266 976 1319 τοῦ
1006 1268 1140 1339 πρὸς
1169 1268 1228 1320 :6
1249 1269 1490 1339 κρεῖττον
1519 1268 1755 1339 θεωρου-

186 1353 341 1423 μένου
382 1356 654 1425 νοήματός
705 1375 766 1411 τε
796 1357 892 1412 καὶ
924 1359 1275 1430 πράγματος·
1321 1358 1466 1429 ἅπερ
1517 1359 1694 1414 πάντα
1721 1360 1750 1411 6

181 1444 306 1509 Θεός
338 1447 513 1501 ἐστιν.
561 1447 620 1500 '0
648 1449 756 1520 γὰρ
786 1451 845 1503 έν
886 1449 1093 1514 τούτοις
1137 1450 1211 1522 μὴ
1249 1448 1347 1515 ὢν,
1377 1451 1435 1504 ὲν
1460 1453 1573 1515 τοτς
1606 1451 1749 1504 ἐναν-

180 1536 308 1599 τίοις
350 1536 569 1602 πάντως
608 1539 775 1592 ἐστίν.
818 1538 1027 1593 Οὐκοῦν
1057 1539 1335 1610 ἐκδέχεται
1377 1540 1466 1594 τὸν
1506 1538 1745 1595 τοιοῦτον

183 1626 364 1693 σκότος
413 1628 512 1682 acati.
540 1629 824 1701 διαφθορὰ,
871 1629 966 1684 καὶ
992 1629 1341 1710 πανωλεθρία
1369 1630 1462 1691 καὶ
1495 1629 1743 1695 θάνατος.

236 1974 421 2028 Ταῦτα
475 1978 533 2031 ὲν
586 1976 807 2049 βραχείᾳ
862 1983 1011 2051 φωνῇ
1075 1983 1103 2034 6
1164 1981 1255 2034 :06
1316 1979 1738 2049 Ἑκκλησιαστοῦ

173 2063 318 2133 λόγος
349 2064 564 2132 διελὼν,
602 2067 932 2120 ἐπιδείκνυσι
966 2072 1031 2140 τῇ
1074 2069 1313 2142 εὐκαίρῳ
1337 2071 1508 2141 φιλίᾳ,
1541 2071 1636 2123 καλ⁸
1663 2070 1741 2141 τῷ

171 2156 305 2210 κατά
334 2156 529 2229 καιρὸν
575 2159 948 2231 ἐνεργουμένῳ
986 2161 1153 2232 μίσει,
1197 2161 1295 2233 τὴν
1336 2162 1597 2234 ἐκατέρου
1632 2164 1740 2218 τῶν

172 2248 304 2301 κατά
353 2247 415 2300 :6
483 2249 725 2303 ἐναντίον
795 2252 1100 2321 νοουμένων
1153 2252 1313 2322 φύσιν
1364 2254 1736 2324 ἀποκαλύψας.

171 2336 383 2406 Καιρὸς,
409 2338 600 2405 φησιν,
628 2337 721 2390 τοῦ
764 2338 986 2409 φιλῆσαι
1041 2339 1103 2392 :6
1149 2341 1351 2408 ἀγαθὸν
1374 2380 1389 2401 ,
1425 2344 1518 2395 καὶ
1552 2345 1741 2414 καιρὸς

170 2428 320 2481 πάλιν
364 2428 462 2482 :06
511 2430 737 2500 μισῆσαι
770 2430 831 2483 τὸ
873 2432 1132 2486 ἐναντίον.
1162 2434 1320 2504 Λέγει
1348 2435 1423 2501 δὲ,
1451 2438 1532 2491 ὅτι
1567 2439 1661 2504 Σὺ,
1694 2433 1738 2492 ὦ

172 2517 437 2589 ἄνθρωπε,
469 2521 606 2591 πρὸς
639 2520 699 2573 :6
735 2521 897 2574 καλὸν
943 2522 1056 2575 οίου
1092 2522 1305 2592 βλέπειν
1337 2526 1428 2580 τὸν
1462 2528 1637 2596 λόγον.
1675 2532 1737 2584 Ἦ

172 2609 272 2680 γὰρ
292 2611 662 2683 ὲνηλλαγμένη
693 2630 750 2665 τε
776 2612 870 2665 καὶ
898 2613 1287 2685 πεπλανημένη
1315 2617 1448 2687 πρὸς
1475 2620 1737 2691 ἑκάτερον

170 2699 364 2753 τούτων
387 2703 489 2773 τῆς
510 2703 687 2772 ψυχῆς
712 2703 866 2773 ἡμῶν
892 2698 1152 2770 διάθεσις,
1194 2706 1314 2776 ῥίζα
1348 2708 1440 2760 καὶ
1474 2711 1613 2781 ἀρχὴ
1640 2712 1737 2782 τῆς

173 2789 431 2861 ἁμαρτίας
448 2793 873 2856 ἐστίν.‹οὑδε“ιςι
890 2793 1000 2866 γὰρ
1022 2814 1039 2846 t
1060 2795 1301 2857 δύναται,
1325 2817 1340 2848 ι
1365 2800 1547 2869 φησὶν,
1574 2820 1591 2851 ι
1616 2802 1737 2855 δυσὶ

173 2879 370 2950 κυρίοις
394 2882 741 2953 δουλεύεινοῆ
768 2884 875 2953 γὰρ
896 2884 984 2938 τὸν
1009 2884 1104 2939 ἕνα
1130 2887 1347 2957 μισήσει
1380 2890 1473 2942 καὶ⁸
1502 2890 1592 2943 τὸν
1619 2892 1736 2944 ἓτε-

175 2987 257 3040 ρον
283 2973 579 3044 ἀγαπήσει.
608 2994 626 3026 ι
646 2975 912 3043 Ἐδίδαξεν
938 2978 1383 3051 ήάντιδιαστολὴ,
1405 2982 1488 3046 τίς
1505 2985 1533 3057 6
1552 2983 1735 3049 κακῶς

154 3064 448 3132 κυριεύων,
479 3058 540 3118 οὗ
569 3064 674 3136 χρὴ
706 3065 794 3118 διὰ
828 3065 922 3119 τοῦ
958 3068 1147 3137 μίσους
1186 3070 1616 3141 ἀλλοτριώσθαι,
1641 3073 1736 3125 καὶ

170 3155 247 3218 τίς
271 3159 298 3209 6
326 3158 410 3210 ἐπ’
434 3159 626 3229 ἀγαθῷ
663 3158 758 3213 τοῦ
789 3160 1004 3232 ἀρχομὲ

171 3245 232 3298 δι’
266 3248 483 3321 ἀγάπης
532 3251 916 3306 συνάπτεσθαι.
959 3254 1021 3307 Εἰ
1059 3255 1114 3309 δέ
1142 3274 1225 3319 τις
1254 3257 1348 3311 τοῦ
1377 3259 1604 3328 μισητοῦ
1639 3260 1735 3329 μὲν

172 3340 456 3411 ἀντέχοιτο,
482 3344 577 3396 τοῦ
599 3345 655 3398 δὲ
679 3346 963 3417 ἀγαπητοῦ
984 3349 1371 3418 καταφρονοίη,
1397 3343 1550 3412 οὗτός
1589 3352 1735 3402 ἐστιν

170 3432 195 3480 6
218 3433 571 3488 ὑπαλλάσσων
595 3437 696 3506 τῆς
742 3438 924 3508 φιλίας
971 3440 1059 3493 καὶ
1088 3439 1182 3492 τοῦ
1207 3442 1398 3511 μίσους
1427 3441 1523 3512 τὴν
1556 3442 1735 3495 εὐκαι-

174 3521 285 3588 ρίαν
331 3523 443 3595 ίδίῳ
491 3525 666 3597 κακῷ.
721 3526 779 3580 Ὀ
815 3526 924 3599 γὰρ
975 3530 1326 3600 καταφρονῶν
1374 3533 1729 3602 πράγματος,

171 3613 640 3686 καταφθαρήσεται
678 3616 767 3669 ὑπ’
816 3618 1016 3671 αὐτοῦ’
1065 3620 1092 3673 ό
1139 3620 1195 3672 δὲ
1245 3620 1599 3690 ἀντεχόμενος
1635 3624 1733 3693 τῆς

171 3699 451 3767 ἀπωλείας,
485 3709 901 3779 περιποιήσεται
941 3709 1096 3763 τοῦτο
1139 3712 1315 3782 ἑαυτῷ
1344 3708 1727 3784 οὖ’ἀντείχετο.

170 3795 474 3862 Διαστείλας
523 3800 702 3854 τοίνυν
749 3803 825 3873 τῷ
872 3803 1013 3875 λόγῳ
1046 3806 1115 3857 τὰ
1157 3807 1277 3858 κατ’
1308 3806 1509 3876 ἀρετήν
1535 3825 1593 3861 τε
1637 3808 1731 3862 καὶ

172 3886 356 3940 κακίαν
389 3890 673 3961 νοούμενα,
704 3894 996 3963 ἐπιγνώσει
1022 3894 1121 3966 τὴν
1148 3897 1453 3968 εὐκαιρίαν,
1491 3898 1583 3951 :06
1615 3899 1730 3962 πῶς

170 3974 266 4046 χρὴ
311 3979 445 4049 πρὸς
496 3981 755 4052 ἑκάτερον
808 3984 1012 4039 τούτων
1057 3984 1220 4056 ἔχειν.
1274 3987 1599 4057 Ἐγκράτεια
1637 3992 1729 4043 καὶ

169 4061 337 4136 ἧδθνὴ.
386 4070 706 4141 σωφροσύνη
754 4072 848 4125 καὶ
880 4072 1162 4139 ἀκολασία,
1200 4074 1487 4146 μετριότης
1512 4078 1604 4129 καὶ
1636 4075 1730 4130 :6-

170 4168 279 4219 φος,
312 4156 491 4213 εὔνοια
526 4162 618 4214 καὶ
666 4162 942 4229 κακόνοια,
965 4166 1059 4219 καὶ
1085 4166 1259 4221 πάντα
1290 4167 1356 4221 τὰ
1392 4168 1451 4232 ἐξ
1484 4170 1726 4224 ἐναντίου

168 4244 438 4316 νοούμενα,
488 4248 739 4324 φανερῶς
773 4255 877 4308 ὑπὸ
922 4255 1017 4309 :06
1057 4258 1481 4330 Ἐκκλησιαστοῦ
1509 4261 1725 4315 ὑποδεί-

168 4339 346 4391 κνυταί
374 4358 455 4394 σοι
486 4344 634 4407 ὅπως
654 4349 717 4417 τῇ
743 4347 887 4418 ψυχῇ
906 4349 1034 4420 περὶ
1053 4350 1223 4403 ταῦτα
1241 4346 1300 4404 εὖ
1333 4351 1722 4423 διατιθέμενος,

1856 540 2032 594 titudo
2058 555 2176 594 mea
2203 558 2216 593 :
2247 539 2509 596 Dominus
2541 540 2944 599 ﬁrmamentum
2971 560 3151 602 meum
3177 588 3193 616 ,
3216 557 3271 605 et
3296 549 3440 606 refu-

1857 630 2003 702 gium
2048 644 2262 694 meum,
2307 640 2360 685 et
2412 631 2668 687 liberator
2710 649 2865 689 meus
2906 635 2973 690 δ’.
3000 656 3019 689 ι
3047 636 3120 691 De
3153 642 3437 707 contrario

1856 727 2035 777 autem
2068 719 2203 775 dicit
2228 743 2239 776 :
2265 739 2281 771 ι
2308 721 2408 787 Qui
2451 732 2631 778 autem
2675 725 2853 793 diligit
2891 726 3277 797 iniquitatem,
3320 731 3439 786 odit

1855 810 2093 863 animam
2118 824 2293 865 suam.
2310 813 2467 866 Pluct
2495 828 2661 882 super
2691 825 3010 884 peceatores
3038 819 3288 890 laqueum
3314 821 3385 877 “.
3409 842 3431 875 ι

1855 898 2092 969 Tempus
2122 916 2252 971 ergo
2282 901 2539 972 diligendi
2570 904 2739 960 Deum
2766 916 2848 961 est
2892 915 3001 962 tota
3029 910 3171 974 vita,
3201 919 3251 966 et
3294 920 3434 968 tem-

1852 1005 1955 1059 pus
1982 991 2399 1048 abalienationis
2432 994 2500 1048 ab
2530 996 2845 1052 adversario
2883 1008 2968 1054 est
2993 1008 3163 1054 totum
3212 1010 3429 1074 tempus

1853 1081 1995 1135 vitte.
2029 1081 2129 1147 Qui
2175 1092 2357 1137 autem
2398 1101 2567 1154 parvo
2607 1087 2793 1159 aliquo
2834 1090 2959 1145 vita:
3001 1107 3114 1147 suae
3144 1094 3322 1162 spatio
3348 1104 3433 1149 est

1851 1182 2097 1230 remotus
2132 1180 2173 1229 ‘a
2216 1175 2313 1231 Dei
2342 1177 2637 1234 dilectione
2667 1220 2682 1244 ,
2714 1183 2875 1250 plane
2914 1184 3027 1238 exit
3052 1186 3118 1240 ab
3141 1202 3240 1251 eo,
3271 1188 3432 1258 cujus

1851 1276 1881 1315 a
1928 1255 2510 1337 cbaritatc‘sejunetus
2536 1279 2639 1325 est.
2671 1270 2806 1326 Eum
2840 1285 3016 1327 autem
3042 1276 3134 1344 qui
3161 1284 3246 1332 est
3274 1255 3428 1333 extra

1854 1352 2056 1417 Deum,
2109 1362 2263 1410 extra
2315 1357 2493 1413 lucem
2543 1375 2670 1415 esse
2723 1376 2949 1418 necesse
2993 1374 3112 1428 est,
3165 1369 3427 1436 quoniam

1850 1440 1991 1498 Deus
2021 1453 2106 1500 est
2139 1446 2275 1501 lux:
2320 1449 2621 1518 quinetiam
2673 1459 2826 1506 extra
2874 1453 3039 1508 vitam
3087 1464 3142 1510 et
3182 1460 3430 1515 incorru-

1847 1538 2087 1602 ptionem
2110 1577 2124 1601 ,
2157 1546 2209 1592 et
2235 1553 2620 1610 quamcunque
2648 1543 2848 1596 mentis
2876 1546 3293 1614 conceptionem
3317 1588 3331 1612 ,
3373 1558 3430 1604 et

1850 1641 1963 1681 rem
1992 1667 2007 1691 ,
2045 1644 2166 1699 quae
2196 1631 2415 1698 quidem
2447 1634 2628 1686 omnia
2660 1641 2744 1687 est
2774 1634 2940 1692 Deus.
2977 1637 3079 1702 Qui
3127 1640 3270 1694 enim
3316 1656 3427 1696 non

1844 1727 1927 1773 est
1951 1718 2005 1772 in
2032 1719 2140 1784 his,
2175 1729 2259 1775 est
2291 1722 2517 1776 omnino
2548 1722 2600 1776 in
2627 1727 2945 1783 contrariis.
2969 1726 3102 1782 Eum
3128 1730 3310 1800 itaque
3331 1735 3426 1803 qui

1839 1814 1926 1863 est
1969 1808 2278 1878 ejusmodi,
2325 1813 2606 1883 excipiunt
2653 1816 2892 1872 tenebrae
2935 1827 2990 1873 et
3031 1819 3324 1888 interitus,
3369 1831 3428 1880 et

1838 1898 2065 1953 exitium
2101 1908 2155 1954 et
2186 1916 2356 1959 mors.

1911 2010 2037 2065 [late
2065 2028 2188 2066 cum
2218 2012 2460 2067 breviter
2484 2015 2827 2072 distinxisset
2843 2033 3026 2075 sermo
3054 2020 3423 2086 Ecclesiaste,

1841 2103 2160 2171 tempestiva
2208 2105 2483 2168 amicitia,
2543 2116 2595 2162 et
2660 2107 2786 2163 odio
2830 2109 2975 2178 quod
3029 2122 3316 2168 exercetur
3364 2115 3419 2169 in

1842 2199 2126 2262 tempore,
2169 2195 2411 2249 ostendit
2456 2198 2741 2268 aperitque
2790 2208 3043 2255 naturam
3081 2217 3267 2258 eorum
3298 2220 3422 2274 qua:

1842 2283 1946 2337 sibi
1994 2285 2274 2340 adxersari
2332 2286 2727 2358 intelliguntur.
2793 2290 3035 2360 Tempus
3081 2294 3416 2365 est,inquit.

1842 2378 2061 2431 amandi
2090 2377 2291 2431 bonum
2318 2397 2331 2431 :
2357 2386 2411 2433 et
2447 2386 2664 2449 tempus
2696 2389 2782 2436 est
2808 2397 3001 2438 rursus
3025 2384 3154 2439 odio
3182 2384 3418 2440 habendi

1837 2468 2201 2523 contrarium.
2245 2469 2384 2523 Dicit
2425 2478 2628 2534 autem,
2660 2470 2763 2535 Tu,
2798 2487 2831 2526 ο
2861 2473 3044 2535 homo.
3077 2475 3327 2530 existima
3363 2476 3417 2530 id

1836 2559 1983 2627 quod
2012 2559 2216 2614 dicitur
2245 2561 2493 2630 aspicere
2522 2563 2588 2615 ad
2627 2563 2679 2617 id
2707 2564 2853 2634 quod
2882 2576 2966 2619 est
2994 2565 3198 2620 bonum
3234 2577 3287 2621 et
3316 2566 3420 2621 ho-

1835 2656 2072 2704 nestum.
2096 2650 2231 2704 Nam
2258 2668 2380 2721 qua:
2400 2653 2452 2706 in
2479 2664 2709 2722 utroque
2736 2657 2929 2710 horum
2960 2664 3047 2712 est
3077 2673 3333 2728 perversa
3361 2668 3419 2715 et

1836 2740 2095 2796 aberrans
2130 2744 2326 2796 anima:
2354 2742 2590 2807 affectio,
2624 2762 2685 2800 ea
2709 2755 2794 2801 est
2818 2747 2972 2801 radix
3002 2757 3058 2802 et
3086 2749 3413 2819 principium

1836 2831 2065 2898 peccati.
2085 2851 2103 2881 ι
2129 2832 2298 2888 Nemo
2314 2837 2457 2890 enim
2483 2845 2681 2905 potest,
2706 2857 2725 2890 ι
2747 2839 2925 2908 inquit
2945 2838 3259 2907 Dominus,¢
3281 2842 3418 2896 duo-

1836 2918 1936 2973 bus
1969 2919 2206 2976 dominis
2239 2926 2443 2979 servire
2470 2944 2485 2991 ;
2523 2935 2617 2980 aut
2642 2929 2786 2981 enim
2820 2946 2989 2983 unum
3019 2931 3144 2985 odio
3171 2932 3411 2996 habebit,

1833 3015 1887 3062 et
1932 3009 2162 3064 alterum
2210 3012 2398 3083 diliget
2429 3015 2494 3069 δ’.
2533 3035 2551 3067 ι
2591 3015 2760 3072 Docet
2794 3018 2907 3072 haec
2942 3018 3250 3083 distinctio,
3290 3022 3416 3091 quis

1286 3098 1736 3182 ξεριξυσυαιχκπι
1764 3113 1804 3170 c
1839 3098 1910 3153 sit
1939 3100 2030 3169 qui
2061 3103 2202 3158 male
2233 3104 2570 3170 dominetur,
2606 3122 2637 3161 a
2667 3124 2776 3178 quo
2821 3118 3036 3178 oportet
3060 3111 3286 3166 alienari
3319 3128 3416 3182 per

1000 3179 1089 3215 νου
1137 3167 1373 3235 κρατῶν,
1402 3167 1445 3233 ᾧ
1471 3167 1735 3237 προσήκει

1838 3167 2043 3253 odium,
2078 3200 2132 3247 et
2168 3195 2294 3264 quis
2331 3167 2652 3253 dominetur
2681 3167 2804 3270 ejus
2842 3167 2990 3256 bono
3021 3203 3110 3256 cui
3156 3167 3414 3271 impetrat,

1835 3280 1922 3333 cui
1953 3292 2172 3351 oportet
2192 3286 2451 3356 conjungi
2477 3304 2572 3357 per
2592 3290 2940 3347 cbaritatem.
2983 3294 3038 3349 Si
3078 3295 3203 3363 quis
3231 3303 3413 3351 autem

1836 3369 1889 3425 id
1942 3372 2162 3439 quidem
2206 3379 2350 3444 quod
2384 3386 2468 3431 est
2499 3379 2625 3433 odio
2656 3381 2963 3438 habendum
2995 3385 3412 3454 complectatur,

1835 3469 2153 3516 contemnat
2186 3476 2367 3521 autem
2406 3469 2459 3522 id
2515 3472 2660 3538 quod
2711 3481 2797 3527 est
2844 3473 3203 3543 diligendum,
3241 3478 3289 3533 is
3329 3488 3415 3534 est

1832 3550 1926 3618 qui
1956 3565 2058 3605 suo
2085 3553 2230 3607 malo
2260 3563 2435 3610 mutat
2458 3562 2924 3627 Opportunitatem
2956 3565 3156 3620 amoris
3186 3577 3241 3621 et
3274 3568 3410 3623 odii.

1832 3637 1936 3704 Qui
1985 3643 2130 3696 enim
2173 3658 2287 3698 rem
2336 3649 2660 3712 contemnit,
2712 3650 2759 3704 is
2793 3652 2861 3704 ab
2900 3666 2960 3706 ea
3004 3653 3266 3710 interibit.
3306 3656 3412 3723 Qui

1832 3737 2009 3784 autem
2056 3734 2443 3803 complectitur
2496 3738 2879 3805 perditionem,
2928 3743 3175 3810 aequiret
3209 3745 3312 3800 sibi
3356 3746 3411 3800 id

1829 3821 1977 3889 quod
2011 3824 2459 3892 amplectebatur.
2492 3826 2594 3893 Qui
2624 3844 2756 3897 ergo
2788 3830 2971 3886 verbis
3001 3833 3315 3889 distinxerit
3344 3852 3407 3891 ea

1829 3926 1951 3980 qua:
2007 3928 2073 3968 ex
2132 3915 2339 3972 virtute
2385 3925 2440 3972 et
2485 3918 2619 3973 vitio
2670 3919 3066 3992 intelliguntur,
3114 3935 3410 3994 cognoscet

1782 4020 1785 4021 ν
1832 4003 2324 4070 ορρωιυηίιειειιι,
2358 4008 2818 4076 quemadmodum
2866 4026 2926 4067 se
2952 4028 3139 4083 gerere
3159 4023 3410 4084 oporteat

1830 4093 1884 4147 in
1934 4095 2200 4165 utrisque.
2253 4096 2606 4153 Continentia
2635 4108 2691 4155 et
2714 4101 2963 4171 voluptas
2995 4142 3010 4169 ,
3047 4106 3407 4174 temperantia

1828 4190 1883 4237 et
1913 4183 2356 4263 intemperantia,
2388 4188 2655 4244 modestia
2696 4198 2751 4245 et
2800 4194 3133 4263 arrogantia,
3166 4196 3407 4251 benevo—

1827 4260 1993 4329 lentia
2039 4283 2093 4329 et
2148 4277 2549 4342 malevolentia,
2591 4288 2645 4336 et
2693 4260 3036 4354 quaecunque
3077 4260 3142 4341 es
3174 4287 3407 4344 adverso

1828 4367 2228 4437 intelliguntur,
2273 4370 2369 4423 tibi
2401 4370 2470 4425 ab
2512 4370 2844 4428 Ecclesiaste
2884 4383 3074 4443 aperte
3104 4378 3406 4433 ostendun-

168 4424 443 4495 λυσιτελῶς
473 4432 757 4508 βουλεύσῃ.
793 4439 996 4510 Καιρὸς
1028 4437 1121 4494 οὖν
1148 4441 1239 4494 :06
1267 4442 1488 4513 φιλῆσαι
1517 4443 1615 4516 τὴν
1636 4445 1728 4515 ὲγ-

1838 4464 1942 4521 tur,
1980 4424 2040 4512 ut
2089 4461 2142 4513 in
2192 4459 2278 4514 his
2332 4468 2481 4516 recte
2527 4462 2808 4517 consulas.
2867 4424 3106 4535 Tgmpus
3134 4477 3221 4524 est
3271 4484 3406 4541 ergo

170 4517 434 4611 κράτειαν,
478 4526 569 4578 καὶ
607 4527 701 4581 τοῦ
736 4529 963 4599 μισῆσαι
995 4532 1093 4603 τὴν
1125 4533 1335 4603 ἡδονὴν.
1369 4535 1454 4588 ἵνα
1482 4535 1556 4607 μὴ
1588 4537 1723 4611 γένῃ

169 4605 455 4677 φιλήδονος,
504 4615 704 4684 μᾶλλον
748 4618 804 4671 δὲ
843 4621 1106 4688 φιλόθεος,
1141 4624 1233 4676 και
1265 4623 1331 4677 τὰ
1371 4605 1507 4680 ἀλλὰ
1541 4605 1721 4682 ἐτάντᾶ

166 4694 429 4788 ςοσαύτως,
452 4705 510 4758 :6
536 4708 855 4775 φιλόνεικον,
881 4694 955 4766 τό
975 4713 1285 4784 φιλοκερδές
1306 4733 1367 4770 τε
1397 4717 1490 4771 καὶ
1514 4718 1722 4788 φιλόδο-

166 4783 267 4848 ξον,
302 4793 389 4844 καὶ
410 4795 586 4850 πάντα
615 4800 680 4868 τῇ
712 4801 802 4853 ἐπὶ
834 4802 900 4855 τά
935 4804 1009 4873 μὴ
1044 4783 1230 4858 δέονέα
1250 4806 1347 4876 τῆς
1373 4783 1552 4875 φιλίαίὶ
1587 4809 1721 4880 Χρή·

168 4891 261 4967 σει,
292 4881 387 4950 τῆς
414 4884 550 4953 πρὸς
605 4888 666 4940 :6
720 4890 920 4957 ἀγαθὸν
950 4893 1183 4963 σχέσεως
1223 4895 1548 4967 ἀφορίζοντα
1568 4913 1582 4931 ³
1609 4898 1720 4953 οἷον

166 4964 225 5018 ὲκ
245 4972 469 5041 παρόδου
498 4977 674 5047 δόγμα
702 4981 996 5051 ἐμάθομεν,
1023 4985 1105 5036 ὅτι
1142 4986 1288 5038 πᾶσα
1312 4964 1410 5056 τῆς
1437 4987 1616 5059 ψυχῆς
1641 4989 1723 5043 κί-

164 5072 307 5150 νησις
324 5063 411 5113 ἐπ’
434 5066 623 5138 ἀγαθῷ
648 5072 796 5140 παρά
819 5073 911 5126 τοῦ
931 5074 1428 5147 δημιουργήσαντος
1443 5078 1541 5150 τὴν
1562 5081 1723 5150 φύσιν

162 5148 306 5218 ἡμῶν
345 5163 750 5234 κατεσκευάσθη
773 5181 786 5193 ·
859 5166 974 5219 ἀλλ’
1007 5166 1056 5219 εἰ
1090 5169 1155 5234 δὴ
1192 5148 1583 5243 ἡμαρτημένηή
1614 5173 1724 5226 τῶν

162 5243 401 5333 τοιούτων
426 5251 742 5322 κινημάτων
763 5255 953 5325 χρῆσις
977 5256 1074 5321 τὰς
1095 5260 1172 5321 είς
1196 5260 1393 5313 κακίαν
1430 5261 1722 5333 ἐγέννησεν

164 5327 403 5403 ἀφορμάς
423 5354 437 5368 ·
461 5342 621 5396 καλόν
642 5360 690 5395 τι
724 5340 858 5398 οὖσα
882 5349 914 5416 ἠ
940 5347 1280 5413 αὐτεξούσιος
1298 5351 1524 5422 δύναμις
1540 5354 1718 5424 ἡμῶν,

98 5464 107 5471 .
167 5419 284 5474 ὅταν
322 5429 453 5514 πρρς
483 5431 541 5484 :6
560 5436 725 5489 κακὸν
751 5437 1058 5508 ὲνεργῆται,
1096 5440 1281 5496 κακῶν
1313 5441 1538 5512 ἐσκατον
1570 5445 1718 5514 γίνε’

1827 4548 2047 4603 amandi
2077 4550 2498 4616 continentiam,
2530 4558 2585 4607 et
2612 4550 2742 4607 odio
2780 4553 3012 4609 habendi
3045 4557 3404 4627 voluptatem,

1826 4655 1894 4695 ne
1943 4641 2145 4695 evadas
2183 4640 2534 4705 libidinosus,
2580 4643 2674 4699 sed
2723 4644 2973 4713 protinus
3016 4646 3308 4718 religiosus
3348 4661 3405 4707 et

1827 4723 1922 4779 Dei
1957 4727 2189 4791 amicus,
2223 4735 2276 4783 et
2319 4728 2426 4783 alia
2470 4730 2654 4786 omnia
2683 4733 2959 4798 similiter,
3003 4739 3420 4807 contentionis,‘

1828 4814 1965 4871 lucri
2001 4824 2055 4872 ει
2082 4817 2271 4889 gloria:
2307 4832 2575 4888 amorem,
2613 4829 2675 4883 et,
2696 4824 2880 4879 omnia
2908 4840 3031 4895 quae
3056 4843 3157 4884 usu
3197 4830 3403 4887 amoris

1818 4910 1887 4964 ad
1934 4925 1997 4967 ea
2053 4926 2174 4979 quae
2229 4929 2334 4970 non
2393 4926 2626 4985 oportet,
2666 4927 2923 4986 separant
2972 4920 3041 4976 ab
3086 4936 3150 4977 ea
3182 4938 3307 4993 qua:
3333 4925 3400 4979 ad

1818 5000 2023 5057 bonum
2069 5013 2153 5057 est
2201 5003 2546 5069 habitudine,
2580 5016 2639 5062 ut
2680 5009 2831 5064 verbi
2863 5025 3029 5068 causa
3073 5012 3125 5066 in
3161 5015 3398 5083 transitu

1823 5089 1928 5143 hoc
1974 5089 2170 5160 dogma
2205 5093 2524 5158 didicimus,
2568 5099 2712 5167 quod
2757 5101 2938 5156 omnis
2987 5102 3183 5157 animat
3220 5112 3401 5159 motus

1822 5177 1890 5231 ad
1940 5179 2142 5232 bonum
2182 5190 2267 5236 est
2315 5184 2572 5241 conditus
2606 5188 2675 5243 ab
2703 5202 2769 5243 eo
2813 5188 2905 5258 qui
2941 5199 3188 5244 nostram
3222 5190 3395 5245 fabri-

1820 5274 1978 5322 catus
2018 5276 2104 5323 est
2141 5279 2431 5342 naturam;
2484 5277 2579 5331 sed
2609 5278 2654 5333 si
2694 5280 3001 5347 peccaverit
3046 5279 3244 5333 horum
3277 5296 3391 5336 mo-

1818 5365 1982 5413 tuum-
2005 5376 2161 5425 usus,
2218 5365 2264 5421 is
2313 5366 2379 5420 ad
2428 5368 2619 5422 vitium
2671 5376 2923 5439 procreat
2977 5371 3299 5427 occasiones
3340 5382 3396 5429 et

1817 5450 2154 5508 adminicula
2193 5456 2400 5529 :liberi
2453 5460 2672 5515 arbitrii
2726 5462 2960 5516 facultas
3010 5477 3132 5516 cum
3181 5465 3254 5519 sit
3305 5480 3394 5521 res

166 5524 263 5565 ται.
305 5503 409 5571 Καὶ
444 5522 504 5573 τὸ
549 5523 802 5594 ἔμπαλιν,
841 5503 1072 5599 όργανον
1111 5533 1314 5604 ἀρετῆς
1354 5503 1502 5588 ἐστιν
1540 5503 1719 5607 ήΙάπ-

1838 5553 1977 5605 tona,
2031 5526 2251 5613 quando
2311 5561 2372 5601 ea
2418 5548 2484 5602 ad
2521 5550 2726 5603 malum
2759 5556 3186 5613 exercetur,,est
3252 5563 3390 5602 ma-

229 5684 271 5715 “
303 5687 440 5745 Psal.
480 5709 610 5761 xvrt,
646 5697 700 5751 2.
776 5700 822 5731 “
861 5698 1010 5756 Psal.
1047 5719 1099 5769 κ,
1133 5703 1188 5770 6,
1224 5706 1277 5759 7.
1358 5706 1403 5737 ’⁵⁷
1449 5706 1639 5761 Matth.
1677 5723 1747 5775 vt,
1775 5710 1865 5765 24.
