3874 6376
435 343 537 399 753

1573 345 1632 401 S.
1669 344 1999 403 GRELOIUI
2033 343 2329 402 NYSSEM

3594 358 3684 412 ’ἴιί

440 462 623 515 lorum
670 468 997 515 extremum.
1057 456 1122 511 Et
1170 465 1385 520 contra,
1421 460 1642 515 virtutis
1692 469 1779 517 est
1811 462 2019 516 iustru~

2123 462 2326 533 ωστικὴ
2354 462 2461 517 τῶν
2491 463 2671 534 ἀηδῶν
2699 465 2949 537 δύναμις,
2980 460 3201 540 ᾖδνομα
3237 471 3300 523 τὸ
3341 470 3501 541 μῖσός
3526 475 3687 538 ἐστιν,

445 563 711 616 mentum,
744 552 827 607 vis
860 550 1138 620 expultrix
1158 566 1347 604 eorum
1380 568 1501 621 qtue
1524 565 1652 607 sunt
1694 553 2018 623 injucunda,

443 648 533 701 cui
575 659 773 698 nomen
819 650 904 696 est
957 641 1167 704 odium,
1219 643 1439 711 quando
1482 653 1728 697 armatur
1757 646 2021 700 adversus

442 735 804 790 contrarium.
850 731 956 785 Sed
1021 742 1153 786 tunc
1213 732 1266 784 Iit
1315 747 1464 784 arma
1522 734 1750 801 peccati,
1801 734 2021 802 quando

443 826 589 879 bono
636 823 865 877 resistit.
930 820 1125 875 Omnis
1181 835 1313 891 ergo
1371 820 1465 875 Dei
1513 829 1788 887 creatura,
1839 838 1907 876 ex
1953 824 2020 878 iis

441 931 562 986 quae
613 904 745 968 sunt
797 914 850 966 in
894 913 1057 966 nobis
1099 921 1437 976 constructa,
1489 914 1631 966 bona
1672 922 1777 977 est,
1811 920 1865 967 et
1909 927 2018 967 non

439 1006 761 1075 rejirienda,
826 1005 873 1058 si
916 1013 1167 1058 sumatur
1219 1019 1342 1056 cum
1404 1004 1702 1075 gratiarum
1752 1005 2016 1059 actione:

441 1099 691 1165 ingratus
741 1102 922 1149 autem
977 1110 1170 1148 eorum
1219 1110 1353 1148 usus
1388 1095 1578 1149 vitium
1609 1096 1774 1149 ellicit
1804 1104 2018 1150 creatu-

438 1205 579 1250 ram,
644 1204 740 1257 per
788 1186 934 1256 quod
990 1185 1200 1240 recedit
1250 1202 1372 1255 quae
1410 1196 1495 1240 est
1548 1187 1707 1242 nobis
1741 1203 1863 1242 cum
1907 1187 2018 1242 Deo

437 1278 778 1347 eonjunctio,
814 1276 1180 1346 ingredientia
1222 1284 1404 1331 autem
1437 1277 1735 1343 contraria,
1766 1278 1887 1332 loco
1921 1277 2015 1332 Dei

437 1380 759 1440 ponuntur:
802 1370 937 1422 adeo
985 1377 1046 1422 ttt
1091 1385 1190 1438 per
1234 1384 1298 1423 ea
1340 1369 1549 1424 vitiosae
1594 1366 2014 1425 allectioues'iu

435 1465 568 1518 deos
608 1462 933 1516 referantur.
974 1460 1068 1514 Sic
1105 1461 1172 1516 iis
1203 1460 1295 1530 qui
1327 1461 1465 1531 gula:
1488 1470 1616 1516 sunt
1649 1461 1837 1528 dediti,
1879 1461 2015 1518 deus

434 1564 521 1608 est
569 1563 777 1606 venter.
834 1552 926 1605 Sic
978 1552 1129 1606 avari
1169 1553 1274 1605 sibi
1304 1567 1372 1606 ex
1406 1551 1539 1605 vitio
1574 1551 1780 1607 idolum
1807 1551 2016 1605 consti-

436 1654 620 1699 tuunt.
667 1644 759 1698 Sic
795 1645 833 1698 ii
873 1645 965 1714 qui
1017 1661 1112 1714 per
1154 1660 1404 1698 errorem
1441 1644 1642 1699 habent
1686 1645 1740 1697 in
1777 1644 1878 1699 hoc
1913 1660 2015 1699 saa-

433 1739 562 1793 cttlo
603 1739 930 1792 obscuratos
977 1738 1173 1790 animae
1211 1738 1424 1800 oculos,
1460 1737 1621 1790 deum
1669 1736 1770 1790 sibi
1803 1737 2013 1790 faciunt

2123 554 2252 607 ὅταν
2298 554 2440 608 κατὰ
2468 555 2561 609 τοῦ
2600 558 2841 611 ἐναντίου
2878 558 3186 631 όπλίζηται.
3228 562 3385 615 Ἀλλὰ
3425 565 3688 636 ἁμαρτίας

2123 644 2241 697 τότε
2272 645 2479 714 γίνεται
2512 646 2695 712 ὅπλον,
2735 649 2864 701 ὅταν
2895 649 3029 720 πρὸς
3056 650 3117 703 τὸ
3154 653 3354 719 ἀγαθὸν
3384 657 3686 711 ἀντιτακτι-

2121 736 2235 801 κῶς
2281 738 2414 809 ἔχει.
2468 739 2683 795 Οὐκοῦν·
2726 742 2834 795 πᾶν
2877 743 3082 813 κτίσμα
3125 745 3259 799 Θεοῦ
3316 747 3429 801 τῶν
3475 751 3532 801 ἐν
3568 752 3689 818 ἡμῖν

2122 832 2643 903 κατεσκευασμένων
2686 834 2870 897 καλὸν,
2908 837 3001 888 καὶ
3038 836 3188 889 οὐδὲν
3227 838 3532 910 ἀπόϐλητον
3564 840 3686 910 μετά

2121 922 2470 995 εὐχαριστίας
2523 926 2587 979 λα
2599 926 2934 997 μ6ανόμενον
2954 947 2967 960 ο
3004 931 3036 1000 ἡ
3087 928 3143 983 δέ
3174 933 3473 1003 ἀχάριστος
3498 936 3687 989 τούτων

2118 1014 2314 1084 χρῆσις
2362 1015 2533 1078 πάθος
2583 1017 2646 1069 τὸ
2702 1020 2907 1087 κτίσμα
2936 1020 3181 1088 ἐποίησε,
3218 1022 3285 1075 δι’
3309 1020 3368 1079 οὗ
3397 1024 3685 1097 ἐκϐαίνειή

2119 1105 2257 1177 πρὸς
2313 1107 2444 1160 Θεὸν
2494 1110 2786 1178 οἰκειότης,
2840 1111 3250 1166 ἀντεισελθόντα
3274 1115 3432 1169 δὲτά
3458 1118 3684 1179 ἐναντία,

2117 1196 2196 1257 είς
2229 1196 2319 1248 τὸν
2363 1197 2455 1249 τοῦ
2499 1197 2633 1251 Θεοῦ
2658 1200 2821 1253 τόπον
2850 1201 3324 1259 ἀντικαθίστανται
3348 1223 3362 1238 ο
3403 1206 3545 1261 ὥστε
3583 1211 3685 1272 τοῖς

2115 1286 2376 1349 τοιούτοις
2406 1288 2767 1345 θεοποιεῖσθαι
2796 1291 2865 1344 τά
2896 1293 3065 1363 πάθη.
3091 1294 3278 1359 Οῦτως
3302 1293 3397 1350 οῦν
3431 1302 3548 1360 τοῖς
3579 1299 3684 1353 λαι-

2120 1376 2390 1446 μαργοῦσι
2408 1378 2617 1446 γίνεται
2648 1379 2769 1444 θεὸς
2783 1384 2816 1452 ἠ
2841 1382 3036 1436 κοιλία.
3055 1383 3240 1448 Οὕτως
3260 1386 3685 1442 είδωλοποιοῦσιν

2115 1466 2326 1531 ἑαυτοῖς
2346 1469 2396 1520 oi
2426 1468 2746 1524 πλεονέκται
2779 1473 2876 1542 τὴν
2909 1473 3081 1528 νόσον.
3103 1473 3290 1537 Οὕτως
3316 1479 3366 1528 oi
3389 1477 3459 1530 δι’
3481 1480 3684 1548 ἀπάτης

2115 1556 2490 1620 σκοτισθέντες
2540 1559 2596 1611 ὲν
2633 1559 2709 1628 τῷ
2737 1561 2894 1614 αἰῶνι
2920 1563 3092 1633 τούτῳ
3117 1568 3227 1628 τοῖς
3258 1566 3562 1636 ὀφθαλμοῖς
3595 1568 3684 1636 τῆς

2112 1646 2311 1717 ψυχῆς,
2371 1646 2494 1701 θεὸν
2540 1650 2753 1714 ἑαυτοῖς
2797 1656 2896 1723 τὴν
2934 1653 3238 1718 κενοδοξίαν
3268 1658 3552 1728 ἐποίησαν.
3585 1659 3682 1712 Καὶ

2116 1736 2386 1790 συνελόντι
2434 1740 2662 1808 φράσαι,
2711 1735 2863 1813 ᾧπερ
2897 1745 2959 1798 ἀν
2990 1763 3073 1808 τις
3103 1747 3192 1799 τὸν
3214 1748 3417 1813 ἑαυτοῦ,
3438 1750 3681 1820 λογισμον

432 1846 628 1884 vanam
666 1830 917 1900 gloriam.
953 1829 1018 1882 Et
1055 1838 1114 1882 ut
1148 1829 1320 1883 semel
1353 1828 1531 1882 dicam
1568 1844 1580 1879 :
1622 1827 1709 1881 cui
1748 1827 1823 1880 rei
1860 1829 2016 1895 quis-

2123 1827 2437 1893 ὑποζεύξας,
2477 1829 2661 1884 δοῦλον
2709 1832 2908 1905 ποιήσῃ
2944 1836 3038 1888 καὶ
3075 1837 3402 1910 ὑποχείριον.
3440 1841 3599 1895 τοῦτο
3631 1844 3681 1894 ἐν

434 1922 578 1991 piam
619 1938 770 1975 suam
820 1921 1085 1975 rationem
1121 1918 1490 1988 subjunxerit,
1521 1927 1574 1973 et
1601 1920 1659 1972 in
1696 1920 2012 1973 servitutem

434 2013 711 2068 redactam
747 2012 1162 2082 mancipaverit,
1198 2026 1318 2065 eam
1350 2026 1452 2064 suo
1480 2010 1612 2064 vitio
1654 2010 1816 2065 deum
1850 2010 2012 2064 fecit:

433 2121 541 2159 non
584 2107 686 2159 hoc
713 2104 980 2168 tacturus,
1020 2104 1123 2159 nisi
1158 2119 1254 2173 per
1281 2103 1640 2157 dilectionem
1676 2103 1877 2156 malum
1906 2102 2014 2157 sibi

432 2198 702 2252 familiare
732 2204 785 2250 et
816 2195 1224 2250 necessitudine
1248 2195 1603 2264 coniunctum
1628 2192 1920 2249 eﬂ'ccisset.
1958 2193 2014 2247 Si

2106 1918 2196 1988 ,τῷ
2244 1919 2356 1990 ίδίῳ
2412 1921 2573 1973 πάθει
2605 1922 2985 1993 ἐθεοποίησεν·
3035 1929 3134 1980 οὐκ
3167 1931 3231 1981 ἂν
3281 1931 3443 1983 τοῦτο
3484 1931 3678 1995 παθὼν,

2110 2012 2157 2063 εί
2193 2010 2267 2079 μὴ
2305 2011 2391 2064 διὰ
2437 2013 2535 2083 τῆς
2576 2004 2797 2085 ἀγάπης
2829 2017 2889 2068 τὸ
2934 2021 3105 2071 κακὸν
3129 2020 3470 2090 ᾠκειώσατο.
3513 2021 3678 2077 Εἰσῖιν

2112 2103 2423 2173 ἐνοήσαμεν
2448 2108 2544 2176 τῆς
2572 2124 2628 2159 τε
2661 2108 2844 2176 φιλίας
2891 2112 2983 2163 καὶ
3015 2112 3106 2164 τοῦ
3150 2113 3337 2181 μίσους
3366 2117 3471 2185 τὴν
3506 2117 3678 2169 εὐκαι-

2117 2194 2259 2261 ρίαν,
2289 2194 2351 2246 τδ
2379 2196 2477 2265 μὲν
2500 2198 2891 2270 ἀγαπησωμεν.
2924 2202 2986 2254 τὸ
3020 2202 3072 2254 δὲ
3109 2206 3533 2276 πολεμήσωμεν.

430 2300 561 2354 ergo
600 2286 806 2339 amoris
833 2294 887 2340 et
923 2285 1035 2339 odii
1079 2285 1450 2340 intelleximus
1505 2284 1998 2354 opportunitatem,
2038 2286 2267 2339 alterum
2300 2288 2519 2356 quidem
2557 2289 2630 2343 dil
2653 2305 2849 2359 gamus
2877 2309 3023 2346 :eum
3059 2296 3231 2349 a'tero
3298 2311 3425 2351 vero
3493 2295 3678 2349 bellum

433 2391 706 2446 geramus.

511 2485 530 2516 ι
574 2464 812 2533 Tempus
852 2472 937 2518 est
973 2463 1142 2527 enim,
1186 2481 1207 2514 ι
1246 2463 1444 2531 inquit,
1489 2480 1508 2511 ι
1536 2461 1688 2524 belli,
1714 2469 1771 2516 et
1802 2469 2017 2529 tempus

437 2556 611 2624 pacis.
668 2573 687 2604 ι
737 2553 902 2608 Vides
950 2553 1354 2607 contrariarum
1407 2550 1758 2605 affectionutn
1809 2551 2017 2604 instru-

432 2656 577 2700 ctam
638 2647 835 2705 aciem,
892 2646 1065 2714 legem
1113 2644 1300 2698 carnis
1355 2650 1690 2713 pugnantem
1746 2639 2016 2694 adversus

435 2740 604 2809 legem
636 2738 857 2799 mentis,
891 2747 944 2790 et
980 2737 1345 2806 captivantem
1394 2735 1450 2787 in
1496 2735 1665 2801 legem
1707 2731 1913 2801 peccati
1946 2731 2014 2782 ’⁸.

437 2829 672 2883 Attende
715 2829 1073 2896 muttiplicetu
1121 2834 1176 2881 et
1206 2828 1417 2879 varium
1448 2840 1642 2895 pugnae
1668 2830 2016 2893 apparatum,

432 2927 489 2972 et
535 2933 699 2988 quam
748 2919 937 2971 multis
976 2926 1142 2987 atque
1191 2917 1327 2971 adeo
1369 2916 1603 2971 inﬁnitis
1646 2915 1823 2969 modis
1862 2928 2021 2967 exer-

436 3012 582 3064 citus
628 3007 931 3063 adversarii
1006 3011 1195 3083 urbem
1283 3016 1431 3062 tuam
1490 3015 1804 3076 oppugnet;
1856 3005 2022 3058 mittit

436 3101 835 3167 esploratures,
880 3096 1143 3150 subornat
1181 3098 1514 3167 proditores,
1550 3098 1604 3149 in
1652 3097 1754 3151 viis
1788 3096 2022 3149 collocat

2194 2486 2212 2518 ι
2234 2468 2442 2541 Καιρδς
2465 2466 2595 2538 γὰρ,
2612 2473 2767 2540 φησι,
2784 2472 2913 2539 πολέ
2927 2489 3049 2538 μου,
3075 2472 3169 2524 καὶ
3192 2479 3381 2548 καιρᾎς
3401 2478 3641 2545 είιοῆντς.
3664 2496 3680 2524 ι

2130 2550 2293 2622 Ὀρᾷς
2315 2552 2424 2603 τῶν
2465 2554 2858 2624 ἀντικειμένων
2889 2555 3075 2608 παθῶν
3107 2557 3203 2628 τὴν
3237 2559 3567 2628 παράταξιν,
3600 2556 3684 2611 τὸν

2117 2644 2281 2712 νόμον
2328 2644 2429 2713 τῆς
2470 2644 2690 2716 σαρκὸς,
2722 2645 2814 2699 τὸν
2861 2648 3409 2718 ἀντιστρατευόμενον
3439 2648 3518 2719 τῷ
3543 2647 3680 2717 νόμῳ

2117 2735 2216 2805 τῆς
2266 2736 2558 2806 ἁμαρτίας.
2594 2735 2833 2805 Πρόσχες
2873 2739 2938 2805 τῇ
2969 2737 3186 2810 ποικίλῃ
3232 2737 3329 2808 τῆς
3365 2737 3549 2809 μάχης
3583 2738 3682 2791 δια-

2114 2828 2303 2897 σκευῇ,
2350 2826 2466 2888 πῶς
2500 2827 2831 2897 μ·.ριότοπός
2860 2829 2976 2878 ἐστι
3007 2829 3146 2880 κατά
3175 2828 3272 2897 τῆς
3302 2829 3397 2899 σῆς
3421 2830 3624 2892 πόλεως
3651 2830 3677 2896 ή

2113 2917 2207 2970 τοῦ
2229 2918 2606 2986 ἀντικειμένου
2667 2919 2969 2988 στρατηγία
2992 2935 3005 2947 ·
3053 2920 3434 2983 κατασκόπους
3465 2921 3679 2991 πέμπει,

2117 3005 2384 3077 προδότας
2430 3007 2791 3066 ὑποποιεῖται,
2826 3008 2945 3068 ταῖς
2990 3006 3129 3069 ὁδοῖς
3176 3006 3484 3079 ἐφεδρεύει,
3514 3008 3683 3077 λόχους

2120 3097 2213 3147 καὶ
2247 3096 2437 3166 ἐνεδρα
2483 3096 2782 3168 συνίστησι,
2832 3098 3151 3166 συμμάχους
3196 3096 3678 3169 προσεταιρίζεταζ

438 3191 695 3253 insidias,
745 3190 1007 3244 adsciscit
1055 3190 1179 3243 belli
1229 3190 1432 3247 socios,
1478 3197 1532 3242 et
1578 3196 1865 3256 comparat
1899 3202 2014 3240 ma-

2127 3187 2496 3255 μηχανήματα
2528 3183 2948 3248 κατασκευάζει,
2987 3186 3327 3253 σφενδονίτας
3351 3187 3446 3238 καὶ
3479 3187 3681 3251 τοξότας

438 3281 653 3340 chiuas.
700 3295 795 3348 per
841 3294 980 3347 quas
1025 3279 1270 3348 quatitur
1319 3292 1508 3331 murus
1557 3277 1783 3342 animae;
1837 3274 2021 3328 fundi-

441 3379 611 3429 tores.
667 3370 1009 3439 sagittarios,
1052 3378 1107 3422 et
1157 3386 1254 3423 vos
1308 3370 1401 3439 qui
1452 3383 1648 3422 manus
1697 3374 2017 3427 conserunt,

438 3469 493 3514 et
522 3460 712 3529 copias
732 3470 1043 3528 equestres,
1075 3469 1129 3512 et
1163 3473 1506 3527 qttmcunque
1521 3465 1652 3511 sunt
1682 3455 2019 3523 bujumuodi,

438 3566 502 3603 ea
563 3550 750 3602 omnia
810 3548 1078 3603 adversus
1117 3555 1170 3602 te
1221 3548 1272 3599 in
1327 3546 1445 3599 acie
1491 3545 1781 3598 dimicant.
1835 3541 2023 3610 Neque

440 3657 568 3695 vero
627 3641 870 3710 ignoras,
930 3639 1058 3708 quis
1120 3639 1195 3692 sit
1237 3653 1436 3692 sensus
1483 3652 1669 3691 eorum
1728 3650 1848 3704 qua!
1875 3635 2020 3688 dicta

438 3741 591 3796 sunt,
645 3734 774 3803 quis
828 3733 899 3787 sit
961 3732 1230 3802 proditor,
1269 3732 1394 3800 quis
1429 3731 1765 3799 speculator,
1796 3727 1889 3795 qui
1939 3725 2023 3780 itt-

439 3826 753 3889 sidiatores,
778 3824 873 3895 qui
908 3823 1237 3882 funditores.
1270 3824 1363 3892 qui
1394 3821 1687 3892 sagittarii,
1712 3829 1767 3874 et
1800 3819 1893 3887 qui
1930 3831 2020 3885 puo

439 3925 607 3982 guaut
659 3916 916 3969 cominus
964 3928 1268 3980 manusque
1308 3921 1630 3971 conserunt,
1680 3921 1734 3965 et
1779 3923 1902 3979 qua:
1951 3906 2024 3961 sit

441 4018 622 4059 turma
643 4008 909 4071 equitum.
931 4004 1010 4057 At!
1035 4005 1217 4057 omnia
1242 4019 1371 4072 ergo
1402 4003 1732 4072 aspicientes
1761 4016 1862 4055 nos
1892 4015 2023 4070 quo-

442 4111 547 4158 que
581 4102 801 4163 oportet
847 4094 1075 4158 armari,
1125 4101 1189 4145 et.
1227 4095 1409 4145 socios
1438 4091 1737 4153 adhortari,
1768 4096 1823 4143 et
1879 4089 2022 4141 inter

441 4199 538 4237 eos
568 4183 660 4250 qui
718 4190 848 4236 sunt
906 4181 1073 4235 nobis
1114 4181 1345 4248 sitbjecti
1391 4178 1717 4249 dijudicare,
1767 4193 1896 4231 num
1946 4177 2027 4231 fa-

446 4282 608 4328 veant
658 4274 898 4328 hostium
964 4273 1231 4342 partibus,
1273 4280 1329 4325 et
1382 4272 1697 4342 prospicere
1731 4287 1799 4326 ne
1833 4271 1886 4325 in
1936 4270 2023 4323 via

446 4369 573 4418 tiaut
615 4365 851 4420 insidia).
885 4372 937 4417 et
982 4365 1249 4417 adversus
1293 4363 1525 4418 telorum
1559 4364 1763 4432 jactus,
1819 4375 2026 4431 eosque

2121 3277 2214 3328 καὶ
2271 3275 2397 3338 τοὺς
2443 3276 2714 3346 συστάδην
2751 3276 3256 3346 συμπλεκομένους,
3286 3279 3378 3330 καὶ
3412 3278 3514 3348 τὴν
3545 3279 3679 3330 ἱππι-

2121 3367 2223 3437 κὴν
2244 3366 2490 3436 δύναμιν,
2521 3368 2615 3419 καὶ
2644 3368 2820 3421 πάντα
2842 3368 2909 3420 τὰ
2936 3366 3161 3421 τοιαῦτα
3190 3369 3328 3423 κατά
3350 3368 3445 3421 σοῦ
3467 3372 3682 3440 ἐκστρα-

2120 3459 2357 3511 τεύεται.
2391 3458 2616 3521 Πάντως
2640 3458 2696 3511 δὲ
2730 3459 2829 3512 οὐκ
2875 3459 3088 3527 ἀγνοεῖς
3120 3460 3217 3528 τὴν
3254 3459 3360 3512 τῶν
3391 3461 3683 3531 εἰρημένων

2121 3549 2380 3612 διάνοιαν,
2407 3550 2488 3612 τίς
2514 3552 2541 3602 ὁ
2572 3549 2857 3620 προδότης,
2894 3549 2977 3613 τίς
3007 3552 3036 3602 ὁ
3076 3551 3443 3614 κατάσκοπος.
3488 3552 3624 3614 τίνες
3640 3550 3681 3602 οί

2122 3642 2454 3712 ἐνεδρευταὶ,
2476 3642 2620 3707 τίνες
2634 3645 2680 3696 οί
2715 3642 3070 3711 σφενδονῐται.
3094 3644 3236 3705 τίνες
3268 3644 3317 3694 οἱ
3339 3644 3574 3706 τοξόται,
3602 3640 3683 3695 καὶ

2121 3734 2265 3796 τίνες
2286 3735 2336 3786 oi
2379 3735 2704 3805 ἀγχέμαχοι,
2746 3735 2839 3789 καὶ
2874 3734 2985 3787 τῶν
3014 3735 3224 3787 ἱππέων
3258 3734 3367 3804 ἴλη.
3396 3736 3580 3788 Πάντα
3604 3729 3681 3786 οὖν

2126 3825 2420 3897 βλέποντας
2472 3827 2576 3896 χρὴ
2626 3827 2719 3879 καὶ
2767 3826 2914 3897 ἡμᾶς
2946 3824 3387 3887 καθοπλίζεσθαι,
3433 3827 3531 3878 καὶ⁴
3573 3825 3682 3885 τοὺς

2126 3916 2448 3987 συμμάχους
2476 3917 2829 3989 παρακαλεῖν,
2862 3918 2954 3970 καὶ
2978 3918 3307 3987 φιλοκρινεῖν
3336 3916 3393 3968 ἐν
3424 3919 3538 3980 τοῖς
3565 3915 3681 3968 ὐπο-

2125 4009 2382 4079 χειρίυις.
2423 4009 2495 4078 μή
2533 4025 2617 4072 τις
2657 4008 2726 4061 τά
2758 4008 2867 4060 τῶν
2910 4007 3186 4076 πολεμίων
3221 4009 3425 4078 φρονεῖ,
3472 4002 3681 4078 προόλέ-

2125 4118 2249 4152 πειν
2282 4117 2337 4151 τε
2361 4099 2460 4162 τὰς
2486 4099 2777 4169 παροδίους
2796 4098 3034 4169 ἐνέδρας,
3063 4100 3153 4150 κα)⁸
3180 4098 3387 4168 τυρεοῖς
3410 4099 3509 4161 τὰς
3543 4095 3681 4167 βολὰς

2124 4189 2542 4259 ἀσφαλίζεσθαι,
2587 4189 2721 4259 πρός
2749 4206 2805 4240 τε
2842 4190 2967 4250 τοὺς
3000 4187 3265 4257 συστάδην
3296 4189 3428 4259 ἡμῖν
3460 4184 3681 4255 συμπλε·
3708 4260 3711 4263 Α

2128 4282 2396 4351 κομένους
2427 4280 2654 4339 ἀνωθεν,
2684 4280 2778 4333 καὶ
2803 4278 3205 4346 ἀποταφρεύειν
3240 4281 3352 4340 τοῖς
3397 4277 3519 4330 καθ’
3544 4274 3681 4346 ἡμῶν

2128 4372 2387 4434 ἱππόταις
2420 4371 2518 4442 τὴν
2555 4361 2805 4441 πάροδον.
2839 4370 3083 4440 ’Ἡρμοζε
3122 4369 3178 4421 δέ
3205 4385 3314 4420 τισι
3344 4368 3438 4420 κοιλ¹
3463 4363 3678 4439 προσὸοο

441 4457 533 4526 qui
580 4459 836 4512 cominus
881 4458 1167 4510 nobiscum
1210 4471 1410 4511 manus
1447 4463 1776 4521 conserunt,
1818 4453 2020 4525 clypeis

2126 4468 2244 4530 λαῖς
2274 4466 2343 4518 τὰ
2377 4467 2528 4535 τείχη
2561 4461 3081 4530 κατασφαλίζεσθαι,
3121 4460 3196 4523 ὡς
3236 4460 3301 4513 ἂν
3337 4461 3410 4530 μὴ
3445 4473 3681 4511 κατασει-

445 4565 544 4604 nus
600 4560 905 4619 protegere,
951 4557 1004 4602 et
1046 4547 1195 4602 fossa
1238 4547 1309 4600 ab
1357 4547 1508 4601 aditu
1563 4562 1751 4601 arcere
1785 4561 1880 4601 eos
1910 4546 2024 4615 ‘qtti

444 4640 499 4693 iu
554 4655 655 4694 nos
707 4642 1081 4695 immittuntur
1113 4640 1347 4708 equites.
1381 4640 1651 4693 Convenit
1693 4648 1873 4693 autem
1904 4637 2028 4707 qui-

444 4728 671 4783 busdam
705 4733 866 4784 etiam
916 4732 1344 4801 propugnaculis
1397 4731 1597 4786 utmnia
1648 4732 1906 4793 munire,
1960 4744 2029 4783 ne

444 4821 831 4874 concutiautur
883 4823 1173 4878 machinis.
1233 4820 1424 4892 Neque
1464 4838 1596 4876 vero
1647 4838 1787 4891 opus
1830 4829 1914 4877 est
1970 4829 2030 4874 ut

444 4911 628 4966 verbis
673 4912 891 4983 singula
948 4914 1307 4981 explicemus,
1342 4929 1536 4982 nempe
1564 4912 2024 4983 quemadmodum

443 5005 701 5057 inimicus
746 5006 1186 5076 uniuscujusque
1229 5014 1434 5061 nostra:
1487 5007 1747 5067 civitatis,
1793 5021 1916 5074 qua:
1945 5013 2029 5059 est

442 5113 470 5149 a
529 5096 637 5150 Deo
684 5096 908 5149 condita
966 5096 1020 5148 in
1068 5098 1285 5160 anima,
1351 5106 1445 5152 aut
1498 5114 1593 5167 per
1651 5097 2030 5166 exploratores

443 5198 756 5242 nostrarum
798 5189 1080 5258 copiarum
1123 5188 1251 5244 facit
1287 5192 1610 5259 periculum,
1660 5199 1716 5244 et
1757 5204 2028 5258 quosnam

446 5279 607 5332 Iwbet
635 5294 696 5330 ex
740 5283 951 5335 nostris
993 5280 1084 5347 qui
1125 5289 1373 5334 nostrum
1428 5281 1661 5349 prodant
1701 5280 2029 5333 exercitum.

454 5371 518 5423 lt
567 5379 743 5424 autem
802 5387 1000 5426 sensus
1044 5373 1326 5442 aperiatur
1376 5371 1724 5436 manifestus,
1775 5373 1901 5425 talis
1934 5382 2023 5427 cst

455 5462 660 5529 primus
692 5463 1013 5518 tentationis
1048 5464 1311 5526 insultus,
1349 5463 1492 5516 unde
1547 5466 1771 5532 capiunt
1804 5464 2023 5517 initium

450 5552 656 5606 vitiosa:
687 5552 1027 5608 aﬂectiones.
1082 5552 1183 5609 llic
1215 5563 1301 5609 est
1356 5554 1676 5622 explorator
1706 5560 2022 5607 nostrarum

522 5725 563 5752 ⁵⁸
604 5722 758 5776 Rom.
790 5741 891 5790 vn,
935 5726 1028 5784 '25.

2128 4548 2279 4628 σθείη
2323 4560 2436 4619 τοῖς
2483 4559 2854 4627 μηχανήμασι.
2889 4553 3109 4614 Πάντως
3156 4551 3211 4604 δὲ
3258 4552 3432 4604 οὐδενὶ
3460 4550 3596 4619 λόγῳ
3623 4544 3679 4598 τὰ

2127 4647 2249 4701 καθ’
2265 4647 2496 4699 ἕκαστον
2513 4647 2574 4716 ἐρ
2583 4644 2782 4714 μηνευό
2790 4641 2947 4711 μεθα,
2970 4640 3083 4703 πῶς
3098 4642 3125 4692 ὁ
3139 4640 3329 4709 ἐχθρὸς
3345 4641 3444 4708 τῆς
3470 4640 3678 4693 ἑκάστου

2126 4735 2283 4807 ἡμῶν
2340 4734 2568 4798 πόλεως,
2597 4735 2693 4805 τῆς
2723 4735 2779 4784 ἐν
2805 4735 2868 4803 τῇ
2895 4733 3038 4800 ψυχῇ
3086 4731 3235 4800 παρὰ
3272 4730 3368 4783 τοῦ
3411 4730 3543 4783 Θεοῦ
3576 4743 3680 4780 συν·

2124 4827 2459 4898 ῳκισμένης,
2506 4827 2538 4897 ἦ
2583 4825 2671 4878 διὰ
2726 4825 3088 4877 κατασκόπων
3122 4823 3494 4892 ἀποπειρᾶται
3544 4818 3679 4890 ἡμῶν

2123 4919 2223 4988 τῆς
2276 4918 2577 4986 δυνάμεως,
2627 4915 2720 4969 καί
2802 4931 2949 4978 τινας
3002 4914 3113 4984 ἔχει
3169 4915 3293 4973 τοὺς
3321 4912 3378 4977 ἐξ
3410 4912 3562 4982 ἡμῶν
3601 4907 3680 4962 αὐ-

2124 5004 2233 5056 τῶν
2263 5003 2529 5072 προδότας
2562 5002 2883 5072 γινομένους
2928 4999 3026 5069 τῆς
3078 5002 3351 5072 ἡμετερας
3401 5001 3677 5069 δυνάμεως.

2136 5095 2223 5158 Ὠς
2257 5094 2300 5147 δ’
2332 5094 2397 5148 ἂν
2421 5093 2799 5163 φανερώτερον
2823 5093 2884 5145 τὸ
2916 5094 3091 5162 νόημα
3112 5091 3497 5161 ἐκκαλυφθείη,
3528 5086 3681 5142 τοιοῦ-

2126 5186 2217 5238 τόν
2245 5189 2392 5239 ἐστιν
2419 5186 2451 5254 ὴ
2474 5183 2664 5254 πρώτη
2694 5183 2788 5236 τοῦ
2824 5182 3134 5254 πειρασμοῦ
3171 5173 3604 5252 προσϐολὴ,’ὃθεν
3626 5178 3679 5229 τὰ

2129 5277 2277 5346 πάθη
2306 5275 2403 5347 τὴν
2426 5275 2598 5346 ἀρχὴν
2624 5273 2911 5343 λαμϐάνει.
2938 5269 3104 5337 Οὗτος
3129 5274 3229 5344 τῆς
3258 5273 3526 5344 ἡμετέρας
3547 5269 3680 5323 δυνά-

2137 5387 2278 5440 μεως
2298 5369 2639 5430 κατάσκοπος
2660 5367 2900 5435 γίνεται·
2931 5361 3058 5426 οἷον,
3086 5366 3309 5419 ἐνέπεσε
3340 5365 3415 5436 τῷ
3444 5357 3679 5435 ὀφθαλμῷ

2133 5460 2313 5531 θέαμα
2359 5459 2457 5529 τὴν
2511 5457 2808 5528 ἐπιθυμίαν
2859 5457 3203 5511 ἀνακαινίσαι
3243 5456 3552 5527 δυνάμενον.
3600 5451 3710 5509 Διά.

2133 5548 2225 5604 οῦν
2259 5550 2447 5603 τούτου
2498 5552 2836 5602 κατασκοπεῖ
2868 5549 2967 5617 τὴν
3008 5551 3064 5600 ἐν
3099 5550 3181 5602 σο).
3221 5547 3449 5619 δύναμιν
3480 5549 3507 5601 ὁ
3549 5540 3678 5597 πολέα
