3874 6364
262 367 376 430 753

1327 364 1392 421 IN
1424 360 1957 423 ECCLESIASTEN.
1999 362 2280 420 HOMILIA
2326 363 2453 419 Vill.

3414 373 3518 430 Ὶὶίί

255 495 405 549 μιος,
434 479 545 534 εἴτε
578 478 774 555 ἰσχυρά
819 492 903 545 τις
932 480 1025 535 καὶ
1061 479 1469 551 εύπαράσκευός
1509 480 1679 543 ἐστιν,
1730 478 1833 532 εἴτε

1945 475 2267 555 copiarum;
2319 485 2377 533 ut
2421 478 2653 549 exempli
2715 493 2904 543 causa,
2972 482 3163 537 incidit
3227 488 3514 542 oculorum

251 570 448 635 ἄτονος
482 572 577 626 καὶ
605 573 893 638 εὐάλωτος.
924 575 988 628 Et
1029 574 1138 646 γὰρ
1169 573 1269 627 οὐκ
1302 571 1557 637 ὥκλασας
1588 572 1665 643 τῷ
1702 573 1835 644 σχή-

254 678 417 734 ματι,
443 662 565 716 ούδέ
598 681 681 717 σοι
718 664 853 736 πρὸς
878 664 940 717 τὸ
971 663 1137 733 φανὲν
1167 661 1383 733 διελύθη
1410 664 1508 733 τῆς
1533 661 1771 726 διανοίας
1808 663 1836 715 6

248 752 433 821 τόνος,
464 754 579 807 ἀλλ’
610 755 835 818 ἀπαθῶς
867 753 1233 826 παρέπεμψας
1264 757 1363 825 τὴν
1409 754 1718 824 συντυχίαν,
1747 753 1837 806 εὑ-

250 843 359 908 θὺς
403 846 679 917 ὲπτόησας
716 846 811 899 τὸν
867 846 1232 909 κατάσκοπον,
1288 841 1399 898 οἷον
1442 845 1677 899 ὁπλιτῶν
1716 863 1835 899 τινα

256 935 516 1006 φάλαγγα
541 940 654 1001 τοῖς
681 938 867 1007 δόρασι
906 937 1264 1007 φρίσσουσαν,
1291 936 1388 1009 τὴν
1417 937 1527 991 τῶν
1558 936 1834 1007 λογισμῶν

250 1028 400 1092 λέγω
426 1029 776 1102 παρασκευὴν
797 1030 875 1100 τῷ
905 1030 1237 1100 κατασκόπῳ
1258 1028 1457 1093 δείξας.
1489 1030 1549 1081 Ei.
1577 1028 1633 1081 δὲ
1661 1028 1833 1101 μαλα-

250 1118 411 1191 χθείη
460 1120 527 1174 δι’
553 1121 749 1191 ἡδονῆς
799 1120 938 1191 πρὸς
985 1122 1085 1191 τὴν
1122 1120 1249 1174 θέαν
1284 1122 1317 1191 ἡ
1347 1119 1619 1195 αἴσθησις,
1655 1121 1747 1172 καὶ
1775 1120 1835 1172 τδ

249 1209 351 1263 τοῦ
382 1213 734 1282 χαρακτῆρος
774 1210 993 1265 εἴδωλον
1025 1212 1174 1276 ἐντὸς
1208 1212 1307 1282 τῆς
1339 1212 1577 1275 διανοίας
1600 1197 1689 1265 διά
1724 1211 1833 1263 τῶν

248 1301 547 1374 ὀφθαλμῶν
574 1302 790 1376 εἰσδύῃ,
819 1304 940 1357 τότε
967 1304 1428 1374 καταπολεμεῖται
1458 1304 1556 1374 μὲν
1593 1304 1621 1356 6
1666 1320 1831 1375 στρα-

247 1392 421 1461 11376;
460 1390 568 1446 τῶν
602 1391 748 1445 ἔνδον
782 1394 811 1445 ὁ
840 1392 985 1456 νοῦς,
1018 1393 1093 1458 ὡς
1122 1394 1274 1447 οὐδὲν
1307 1394 1574 1464 ἀνδρῶδες
1606 1394 1640 1464 ἢ
1667 1411 1835 1447 νεανι-

210 1522 217 1525 ι
248 1482 349 1534 κὺν
384 1481 539 1552 ἔχων,
582 1481 718 1537 ἀλλὰ
753 1482 1037 1554 βλακώδης
1080 1501 1166 1547 τις
1211 1484 1303 1537 καὶ
1335 1482 1557 1547 ἔκλυτος
1590 1481 1687 1546 ῶν,
1735 1483 1831 1536 καὶ

246 1573 459 1643 πλῆθος
487 1574 760 1645 προδοτῶν
802 1576 868 1627 ἐκ
897 1573 991 1629 τοῦ
1022 1575 1085 1647 δή
1096 1593 1195 1646 μου
1244 1577 1354 1630 τῶν
1386 1576 1662 1647 λογισμῶν
1705 1578 1833 1649 περὶ

245 1662 343 1717 τὸν
374 1665 718 1718 κατάσκοπον
753 1669 1157 1735 συγκροτεῖται.
1195 1662 1352 1720 Οὗτοι
1377 1667 1432 1721 δέ
1460 1668 1596 1721 εἰσιν
1623 1670 1671 1720 οἱ
1702 1685 1832 1737 προ-

194 1806 197 1811 .
244 1757 422 1821 δὸται,
455 1758 583 1828 περὶ
610 1751 688 1812 ὧν
717 1771 882 1829 φησιν
909 1760 938 1810 6
967 1759 1191 1831 Κύριος,
1223 1760 1305 1813 ὅτι
1355 1778 1373 1811 ι
1398 1761 1459 1814 Oi
1508 1758 1692 1830 ἐχθροὶ
1736 1757 1829 1811 τοῦ

1940 571 2314 640 spectaculum
2372 573 2517 643 quod
2577 587 2844 628 renovare
2898 583 3079 644 potest
3135 578 3509 647 cupiditatem.

1937 662 2041 719 Per
2071 665 2174 721 hoc
2197 681 2326 737 ergo
2371 667 2617 738 explorat
2679 668 2852 724 hostis
2886 685 2978 725 eas
3011 686 3133 741 quze
3188 673 3242 727 in
3295 679 3347 729 te
3389 684 3517 730 sunt

1938 753 2152 823 copias,
2179 755 2362 811 sintne
2401 755 2595 831 valida:
2639 763 2691 810 et
2728 758 2867 835 bene
2901 759 3209 825 instructae,
3242 776 3310 815 an
3344 763 3514 817 imbe-

1938 845 2077 900 cilla:
2116 854 2171 901 et
2225 853 2540 918 expugnatu
2591 847 2802 903 faciles.
2837 848 2895 902 Si
2930 846 3075 903 enim
3130 850 3240 904 n'on
3266 859 3317 906 te
3352 851 3517 922 fregit

1938 940 2124 1011 ﬁgurae
2156 950 2435 1010 aspectus,
2461 954 2561 994 nec
2580 947 2772 1021 aperte
2801 942 3036 996 solutum
3090 941 3192 996 fuit
3219 943 3384 997 robur
3405 950 3513 999 tuae

1937 1032 2306 1109 cogitationis,
2340 1031 2434 1087 sed
2467 1033 2607 1086 citra
2644 1033 2810 1086 ullam
2844 1032 3011 1086 aniuii
3046 1033 3510 1103 perturbationem

1936 1122 2292 1179 transmisisti
2328 1122 2381 1176 id
2423 1122 2570 1192 quod
2619 1122 2717 1177 tibi
2762 1123 3031 1187 occurrit,
3086 1124 3511 1192 perterrel‘ecisti

1937 1214 2187 1282 protinus
2222 1196 2644 1282 exploratorem,
2687 1212 2852 1268 veluti
2887 1212 3123 1284 quadam
3175 1220 3509 1267 armatorum

1935 1306 2204 1375 phalange
2265 1305 2441 1361 hastis
2494 1305 2789 1370 horrente,
2846 1306 3073 1375 paratis,
3134 1307 3398 1376 inquam,
3456 1315 3511 1361 et

1934 1396 2220 1450 instructis
2276 1396 2586 1452 rationibus
2624 1396 2867 1451 ostensis
2919 1398 3273 1467 exploratori.
3325 1398 3429 1453 Sed
3462 1400 3510 1452 si

1936 1482 2003 1535 ad
2038 1485 2411 1552 spectaculum
2444 1499 2540 1553 per
2575 1476 2907 1554 voluptatem
2941 1485 3218 1541 cmollitus
3254 1486 3355 1541 fuit
3386 1503 3513 1541 sen-

1938 1589 2053 1640 sus,
2081 1584 2137 1628 et
2169 1575 2354 1645 figura:
2394 1575 2755 1635 simulacrum
2792 1566 3179 1645 cogitatiOnem
3212 1578 3381 1633 subiit
3417 1595 3514 1649 per

1935 1667 2149 1731 oculos,
2184 1674 2318 1723 tunc
2346 1677 2695 1740 expugnatur
2712 1669 2931 1749 quidem
2963 1686 3141 1734 mens,
3173 1686 3364 1726 eorum
3389 1679 3515 1742 quae

1935 1767 2064 1814 sunt
2096 1760 2245 1817 intus
2280 1762 2622 1833 imperatrix,
2655 1771 2716 1816 ut
2768 1778 2889 1833 qua:
2917 1764 3053 1818 nihil
3106 1764 3307 1820 habeat
3354 1766 3514 1820 virile

244 1848 539 1920 ἀνθρώπου
565 1850 614 1903 oi
640 1851 904 1904 οίκειακοὶ
932 1850 1097 1904 αὐτοῦ
1118 1867 1132 1881 ·
1166 1870 1184 1902 ι
1215 1852 1265 1904 οἱ
1294 1852 1393 1921 τῆς
1414 1849 1637 1922 καρδίας
1666 1853 1831 1904 ἐκπο-

1936 1859 2031 1906 aut
2060 1852 2324 1922 juvenile,
2384 1854 2479 1908 sed
2515 1853 2587 1909 sit
2620 1852 2931 1910 effeminata
2987 1862 3041 1911 et
3101 1856 3394 1922 dissoluta,
3458 1848 3515 1913 et

248 1940 555 2011 ρευόμενοι.
588 1941 685 1994 καὶ
717 1940 1023 2005 κοινοῦντες
1053 1942 1143 1995 τὸν
1173 1941 1482 2013 ἄνθρωπον,
1514 1936 1587 1995 ὧν
1617 1941 1686 1994 τὰ
1715 1939 1831 1996 6'16-

250 2050 395 2103 ματα
426 2035 612 2104 σαφῶς
644 2034 787 2090 ἔστιν
826 2036 891 2090 ἐκ
918 2035 1012 2089 τοῦ
1058 2035 1391 2103 Εὐαγγελίου
1429 2034 1641 2105 μαθεῖν.
1674 2034 1746 2086 T6
1772 2033 1830 2087 δὲ

244 2124 361 2178 ἀπὸ
389 2124 600 2187 τούτου,
633 2126 813 2179 ούκὲτι
846 2124 910 2179 ἄν
942 2143 1023 2178 σοι
1053 2125 1276 2196 γένηται
1304 2124 1581 2195 δυσχερὲς,
1609 2123 1674 2176 δι’
1703 2123 1831 2175 ἀκοο

245 2211 440 2268 λούθου
471 2216 540 2269 τὰ
573 2216 695 2270 καθ’
726 2216 955 2269 ἕκαστον
985 2216 1084 2286 τῆς
1124 2215 1427 2285 πολεμικῆς
1468 2213 1684 2283 ἐκείνης
1709 2214 1827 2266 δια-

245 2309 452 2378 σκευῆς
490 2310 820 2378 κατανοῆσαι
855 2310 951 2378 τῆς
979 2309 1041 2361 ὲκ
1068 2307 1162 2360 τοῦ
1200 2307 1440 2376 ἀφανοῦς
1478 2305 1832 2376 προλοχεύον-

246 2418 373 2464 τος,
405 2397 487 2464 οἷς
520 2402 943 2471 περιπίπτουσιν
986 2402 1035 2454 οἱ
1067 2401 1392 2471 ἀπροόπτως
1437 2400 1576 2452 κατά
1609 2400 1705 2470 τὴν
1737 2398 1829 2452 τοῦ

248 2492 370 2561 βίου
412 2491 531 2545 666v
580 2494 954 2563 πορευόμενοι.
1005 2494 1068 2547 Οἱ
1109 2493 1213 2565 γὰρ
1261 2494 1319 2544 ἐν
1365 2493 1603 2563 σχήματι
1650 2490 1831 2561 φιλίας

245 2582 347 2636 καὶ
380 2583 591 2645 εὐνοίας
628 2584 764 2655 πρὸς
794 2584 885 2638 τὸν
930 2584 1027 2653 τῆς
1057 2583 1333 2654 ἁμαρτίας
1376 2583 1593 2653 ὄλεθρον
1638 2582 1830 2635 καθέλ-

246 2688 440 2735 κοντες
468 2672 559 2726 τὸν
587 2673 930 2743 πειθόμενον,
961 2666 1107 2728 οὗτοί
1139 2675 1275 2726 εἰσιν
1299 2673 1344 2726 οἱ
1380 2672 1522 2726 κατὰ
1551 2672 1649 2736 τὰς
1678 2672 1833 2736 ὁδοὺς

246 2762 660 2833 ἐνεδρεύοντες,
695 2766 743 2816 οἱ
787 2763 885 2833 τῆς
931 2764 1122 2833 ἡδονῆς
1151 2763 1432 2816 ἐπαινέται
1455 2804 1469 2828 ,
1505 2764 1552 2817 οἱ
1586 2763 1721 2835 πρὸς
1762 2762 1831 2816 τὰ

246 2854 455 2924 θέατρα
484 2854 973 2925 χειραγωγοῦντες,
1013 2856 1060 2907 οἱ
1095 2854 1186 2907 τοῦ
1229 2852 1399 2907 κακοῦ
1449 2853 1545 2923 τὴν
1579 2854 1831 2927 εὐκολίαν

246 2943 726 3007 ἀποδεικνύοντες,
769 2945 861 2997 καὶ
898 2944 964 2996 δι’
1013 2935 1086 2997 ὧν
1140 2943 1351 2997 ποιοῦσι
1406 2944 1541 3013 πρὸς
1587 2945 1686 3015 τὴν
1724 2944 1833 2998 τῶν

244 3033 450 3105 ὁμοίων
507 3035 736 3106 μίμησιν
800 3035 1243 3106 ἐκκαλούμενοι,
1299 3035 1561 3105 ἀδελφοὺς
1611 3038 1834 3099 ἑαυτοὺς

246 3127 348 3179 καὶ
378 3126 562 3195 φίλους
600 3129 686 3179 ἐπ’
716 3126 920 3199 ὀλέθρῳ
957 3128 1066 3180 τῶν
1105 3126 1493 3197 ἀπολλυμένων
1538 3127 1834 3195 κατονομά‹

1932 1958 2129 2013 magna
2163 1960 2359 1999 manus
2389 1945 2731 2016 proditorum
2764 1960 2828 2001 ex
2862 1948 3067 2017 populo
3107 1948 3507 2017 cogitationum

1932 2035 2329 2104 cogiturcirca
2363 2037 2789 2115 exploratorem.
2823 2036 2917 2093 lsti
2958 2038 3139 2115 autem
3173 2047 3303 2094 sunt
3326 2041 3510 2110 prodi-

1933 2134 2079 2182 tores
2112 2128 2177 2182 de
2213 2128 2414 2198 quibus
2447 2123 2882 2207 dicitliominus
2915 2149 2928 2184 :
2966 2148 2985 2182 ι
3021 2114 3230 2186 inimici
3268 2120 3510 2189 hominis

1932 2216 2217 2274 domestici
2242 2221 2360 2286 ejus
2382 2219 2447 2285 δ’,
2479 2240 2495 2270 ›
2519 2221 2611 2291 qui
2639 2233 2704 2275 ex
2730 2206 2893 2277 corde
2915 2231 3134 2286 exeunt,
3159 2218 3211 2278 et
3231 2207 3506 2278 hominem

1933 2306 2228 2376 inquinant
2253 2302 2318 2375 3°,
2351 2323 2587 2378 quorum
2627 2310 2845 2364 nomina
2880 2316 3064 2378 aperte
3102 2309 3240 2365 disci
3279 2317 3512 2379 possunt

1932 2414 1998 2452 cx
2033 2399 2347 2471 Evangelii).
2384 2398 2523 2453 iline
2566 2399 2665 2454 tibi
2699 2400 2924 2454 minime
2966 2400 3133 2455 fuerit
3173 2397 3412 2466 difﬁcile,
3442 2416 3506 2455 ex

1933 2492 2295 2561 consequenti
2325 2492 2633 2562 intelligere
2691 2493 2907 2563 singula
2956 2508 3077 2563 quae
3136 2492 3409 2563 pertinent
3440 2490 3507 2553 ad

1935 2583 2190 2638 bellicum
2225 2585 2377 2638 illum
2408 2593 2754 2655 apparatum,
2794 2591 2847 2639 et
2872 2585 2962 2654 qui
3022 2591 3149 2639 sunt
3184 2584 3216 2637 ii
3249 2585 3340 2655 qui
3368 2584 3507 2638 clam

1933 2674 2208 2729 collocant
2239 2673 2493 2738 insidias,
2524 2673 2614 2742 qui
2650 2673 3020 2727 incursionem
3056 2666 3266 2725 faciunt
3297 2673 3350 2725 in
3390 2686 3509 2737 eos,

1934 2765 2025 2835 qui
2058 2781 2123 2819 ex
2153 2764 2455 2834 improviso
2490 2764 2545 2817 in
2576 2764 2716 2816 viam
2773 2764 2896 2817 vita:
2950 2758 3351 2833 ingrediuntur.
3402 2761 3508 2830 Qui

1935 2857 2080 2912 enim
2116 2864 2380 2926 praztextu
2413 2855 2665 2909 amieiiire
2699 2862 2751 2908 et
2794 2854 3207 2918 benevolentiae,
3262 2870 3386 2909 eum
3418 2855 3507 2909 cui

1937 2946 2299 3016 persuadetur
2330 2944 2617 2997 attrahunt
2654 2942 2719 2995 ad
2764 2941 2969 3010 peccati
3003 2940 3253 3005 exitium,
3290 2940 3327 2994 ii
3378 2948 3509 2994 sunt

1936 3037 2027 3106 qui
2064 3037 2116 3090 in
2153 3037 2238 3090 via
2270 3034 2624 3099 insidiantur,
2689 3032 2998 3089 laudatores
3045 3031 3366 3103 voluptatis,
3413 3032 3509 3101 qui

1937 3128 2219 3182 deducunt
2253 3127 2317 3181 ad
2348 3128 2583 3191 theatra,
2607 3125 2698 3197 qui
2729 3125 2853 3178 mali
2886 3124 3132 3179 indicant
3166 3123 3505 3186 facilitatem,

246 3216 456 3281 (οντες.
477 3219 614 3291 Περὶ
634 3211 708 3271 ὧν
737 3219 1064 3290 γέγραπται,
1084 3218 1165 3271 ὅτι
1200 3239 1218 3270 ι
1245 3219 1358 3283 Πᾶς
1378 3220 1605 3289 ἁδελφὸς
1638 3221 1833 3294 πτέρνῃ

1942 3225 1995 3273 et
2023 3236 2116 3289 per
2140 3235 2200 3274 ea
2231 3233 2351 3289 quae
2382 3218 2612 3284 faciunt,
2666 3226 2963 3289 provocant
3003 3216 3070 3272 ad
3123 3218 3507 3283 imitationem,

250 3312 537 3380 πτερνιεῖο
585 3312 679 3365 καὶ
730 3313 835 3374 πᾶς
883 3312 1034 3380 φίλος
1077 3312 1213 3382 δόλῳ
1248 3311 1593 3384 πορεύσεται.
1630 3327 1648 3358 ι
1686 3315 1748 3367 Εἰ
1774 3315 1829 3368 δὲ

246 3402 587 3472 νενοήκαμεν
624 3402 720 3467 τὰς
756 3402 998 3474 ἐνέδρας,
1036 3404 1205 3473 σαφὲς
1246 3403 1312 3458 ἂν
1358 3404 1441 3475 εἴη
1488 3406 1581 3459 καὶ
1619 3404 1679 3457 τὸ
1727 3406 1834 3460 τῶν

249 3492 625 3565 σφενδονητῶν
638 3512 698 3546 τε
728 3494 827 3557 καὶ
868 3495 1100 3560 τοξοτῶν
1144 3496 1238 3549 καὶ
1274 3496 1605 3550 ἀκοντιστῶν
1648 3498 1835 3565 στῖφος

244 3582 722 3654 διερευνήσασθαι.
741 3586 804 3638 Oi
838 3583 946 3655 γὰρ
970 3583 1223 3655 ὑϐρισταί
1246 3601 1304 3637 τε
1328 3585 1421 3638 καὶ
1449 3584 1713 3655 θυμώδεις
1741 3587 1834 3640 καὶ

245 3673 478 3744 λοίδοροι
519 3673 597 3746 τῷ
632 3678 1035 3749 προκατάρχειν
1091 3677 1199 3729 τῶν
1233 3675 1462 3747 ὕϐρεων,
1508 3677 1628 3730 ἀντ)⁵
1665 3675 1833 3747 βελῶν

245 3766 283 3836 ἢ
313 3766 497 3831 λίθων,
526 3769 653 3831 τοὺς
701 3768 1128 3840 παροξυντικοὺς
1157 3767 1349 3834 λόγους
1388 3766 1829 3834 ἀποτοξεύοντες,

246 3858 350 3912 καὶ
384 3860 815 3928 σφενδονοῦντες
866 3860 957 3913 καὶ
1000 3859 1373 3925 ἀκοντίζοντες
1392 3902 1407 3928 ,
1438 3859 1609 3932 μέσην
1640 3860 1833 3932 τιτρὼο

248 3966 444 4003 σκουσι
493 3951 593 4022 τὴν
644 3953 871 4025 καρδίαν
918 3952 1023 4006 τῶν
1068 3952 1457 4023 ἀθωρακίστως
1500 3952 1593 4005 καὶ¹
1628 3953 1832 4021 ἀφυλά-

245 4056 400 4103 κτως
436 4040 798 4097 διοδευόντων.
831 4044 904 4096 Τὸ
942 4040 998 4095 δὲ
1028 4042 1120 4096 τοῦ
1150 4042 1318 4111 τύφου
1358 4042 1452 4095 καὶ
1493 4042 1590 4112 τῆς
1626 4043 1832 4115 ὑπερη-

250 4131 449 4201 φανίας
474 4134 663 4199 πάθος,
699 4138 779 4199 είς
810 4135 871 4188 τὸ
895 4136 1180 4207 γαυρίαμα
1212 4135 1320 4187 τῶν
1348 4135 1533 4187 ἵππων
1562 4137 1827 4205 μετενεγ-

249 4224 442 4287 κόντες
510 4225 609 4279 οὐκ
669 4222 734 4280 ἂν
781 4227 1314 4299 ἀμάρτοιεν.⁶’ῐπποι
1374 4228 1482 4299 γάρ
1537 4229 1642 4281 εἰσί
1691 4246 1835 4292 τινες

246 4315 491 4385 ἀτεχνῶς
526 4317 913 4389 ύψαυχενισταὶ
945 4319 1038 4372 καὶ
1067 4319 1466 4391 ὑψηλοκάρηνοι
1486 4359 1503 4382 ,
1527 4323 1636 4384 τοῖς
1665 4321 1765 4373 ύπε
1774 4339 1834 4393 ρ-

248 4406 433 4475 όγκοις
465 4409 556 4462 τοῦ
582 4411 751 4480 τύφου
783 4412 1023 4482 ῥήμασιν
1069 4407 1181 4464 οἷόν
1218 4430 1361 4465 τισιν
1398 4413 1592 4477 ὁπλαῖς
1623 4413 1832 4477 κοίλαις

245 4499 379 4562 τοὺς
430 4501 683 4571 μετρίους
729 4502 1271 4573 κατακραδαίνοντες.
1318 4503 1451 4573 Περὶ
1485 4496 1561 4556 ὧν
1605 4520 1768 4575 φησιν
1799 4506 1832 4574 ἡ

251 4590 468 4662 Γραφὴ,
498 4592 581 4645 ὅτι
616 4610 634 4643 ι
664 4591 756 4663 Μὴ
781 4593 980 4646 ἐλθέτω
1005 4611 1094 4665 μοι
1123 4593 1257 4654 ποῦς
1290 4593 1683 4664 ὑπερηφανίας.
1707 4616 1725 4649 ι
1754 4597 1835 4649 Τὰ

250 4683 311 4736 δὲ
348 4686 716 4756 μηχανήματα
760 4672 825 4739 δι’
853 4679 926 4741 ὧν
971 4685 1157 4741 λύεται
1191 4686 1424 4758 ἁρμονία
1455 4686 1549 4740 τοῦ
1601 4686 1834 4759 τείχους,

252 4773 438 4836 καλῶς
461 4775 527 4829 ἄν
550 4793 633 4839 τις
660 4774 758 4847 τὴν
781 4774 1216 4847 φιλοχρηματίαν
1246 4762 1653 4846 κατανοήσειεν.
1675 4778 1837 4831 Οὐδὲν

248 4864 364 4932 γὰρ
391 4862 562 4927 οὕτως
603 4864 720 4917 ἐστὶ
750 4863 888 4935 βαρὺ
919 4864 1013 4918 καὶ
1045 4865 1375 4935 δυσάντητον
1402 4865 1460 4918 ἐν
1495 4867 1562 4935 τῇ
1596 4865 1704 4920 τῶν
1736 4883 1838 4919 πο-

249 4954 460 5025 λεμίων
511 4957 871 5026 παρασκευῇ,
926 4955 1000 5022 ὼς
1030 4956 1089 5009 τὸ
1128 4942 1228 5026 τῆς
1264 4956 1628 5028 φιλαργυρίας
1658 4958 1834 5028 μηχά-

247 5060 422 5116 νημα.
460 5044 575 5098 Κᾶν
613 5046 695 5098 ὅτι
751 5045 983 5114 μάλιστα
1014 5043 1114 5109 τὰς
1158 5045 1323 5109 ἄλλας
1367 5047 1569 5119 ἀρετὰς
1607 5049 1696 5103 διὰ
1738 5050 1838 5121 τῆς

245 5136 573 5206 ἐναρμονίου
608 5136 909 5200 συνθέσεως
950 5141 1070 5201 ταῖς
1100 5124 1300 5208 ψυχαῖς
1343 5142 1833 5215 περιοικοδομηθῶο

247 5246 363 5289 σιν,
387 5229 538 5281 οὐδὲν
569 5224 730 5300 ἦττον
759 5230 852 5282 καὶ
877 5228 964 5281 διὰ
995 5228 1102 5282 τῶν
1131 5228 1387 5283 τοιούτων
1432 5231 1693 5294 πολλάκις
1725 5236 1838 5288 είσ-

244 5319 435 5373 δύεται
477 5319 537 5374 τὸ
582 5319 900 5391 μηχάνημα.
948 5319 1104 5372 Ἔστι
1135 5322 1244 5391 γάρ
1295 5320 1423 5375 ίδεῖν
1453 5323 1547 5376 καὶ
1592 5312 1680 5377 διὰ
1734 5343 1837 5378 σω-

248 5409 531 5480 φροσύνης
569 5409 668 5480 τὴν
701 5409 1138 5481 φιλοχρηματίαν
1178 5411 1591 5475 είσπίπτουσαν,
1621 5414 1713 5469 καὶ
1746 5416 1838 5469 πί-

247 5517 453 5563 σξεως,
485 5501 578 5554 καὶ
611 5502 926 5573 μυστηρίων
952 5500 1257 5571 ἀκριϐείας,
1294 5503 1621 5573 ἐγκρατείας
1650 5523 1712 5558 τε
1745 5508 1838 5561 καὶ

242 5589 772 5662 ταπεινοφροσύνης,
794 5590 886 5643 καὶ
906 5588 1012 5642 τῶν
1046 5590 1302 5645 τοιούτων
1332 5592 1548 5647 πάντων
1580 5594 1730 5658 ἐντὸς
1760 5612 1838 5663 γι-

330 5766 376 5797 υ
420 5764 609 5819 Matth.
649 5782 703 5830 κ,
736 5764 825 5821 56.
904 5766 951 5796 σο
994 5764 1184 5819 Matth.
1223 5782 1311 5831 xv,
1348 5766 1431 5821 ιε.

543 5858 813 5919 Parnm.
860 5857 977 5917 Gtt.
1022 5858 1238 5917 XLIV.

1282 5958 1307 5973 δ

1511 5767 1550 5799 ⁸⁸
1594 5766 1707 5823 101⁸.
1764 5783 1836 5835 lx,
1890 5769 1932 5824 ί.

1937 3327 1995 3367 se
2023 3311 2222 3366 fratres
2274 3318 2328 3366 et
2380 3312 2585 3366 amicos
2667 3310 3036 3374 nominantes,
3088 3307 3153 3363 ad
3212 3302 3507 3380 pernicieui

1936 3417 2125 3456 eorum
2160 3402 2251 3472 qui
2294 3401 2590 3456 intereunt.
2630 3392 2704 3455 De
2750 3401 2949 3471 quibus
2988 3398 3250 3471 scriptum
3305 3399 3388 3456 cst
3414 3400 3458 3432 ⁶¹
3493 3420 3508 3455 :

1943 3493 2161 3552 «Omnis
2189 3491 2356 3545 t‘rater
2409 3494 2676 3547 caleaneo
2740 3488 3151 3562 supplantabit:
3218 3503 3271 3547 et
3328 3491 3510 3548 omnis

1934 3586 2145 3640 amicus
2196 3584 2251 3638 in
2299 3578 2425 3639 dolo
2483 3576 2808 3639 ambulabit.
2849 3604 2867 3635 ι
2922 3578 2979 3637 Si
3042 3584 3223 3639 autem
3280 3563 3512 3641 insidias

1934 3676 2395 3741 intellexerimus,
2430 3675 2733 3745 poterimus
2767 3670 2930 3729 etiam
2980 3670 3222 3730 dilucide
3254 3678 3510 3745 perseru-

1934 3768 2037 3821 tari
2073 3775 2306 3820 turmam
2340 3759 2697 3832 funditorum,
2733 3760 3142 3835 sagittariOrum
3205 3764 3259 3819 et
3299 3766 3512 3835 iacula-

1935 3858 2137 3910 torum.
2182 3848 2284 3921 Qui
2312 3856 2455 3910 enim
2485 3856 2613 3909 sunt
2641 3854 3026 3909 contumeliosi
3065 3863 3117 3910 et
3165 3853 3412 3910 iracundi
3456 3865 3511 3912 et

1908 3935 2206 4011 'maledici,
2236 3962 2301 4001 eo
2328 3946 2472 4017 quod
2496 3946 2707 4015 priores
2741 3946 3021 4002 lacessunt
3052 3946 3271 4017 probris
3304 3950 3367 4003 ac
3396 3963 3511 4000 ma-

1935 4039 2175 4104 ledictis,
2208 4055 2306 4108 pro
2337 4034 2460 4094 telis
2494 4047 2591 4093 aut
2641 4037 2935 4108 lapidibus,
2960 4038 3123 4093 verba
3141 4054 3261 4109 qua:
3294 4036 3512 4093 irritant

1936 4138 2199 4201 tanquam
2220 4127 2286 4185 ex
2311 4145 2441 4185 arcu
2472 4126 2525 4184 et
2550 4129 2738 4193 funda,
2766 4140 2817 4185 et
2841 4129 3511 4200 instarjaculijacientes,

1936 4224 2177 4279 medium
2211 4238 2309 4277 cor
2338 4218 2591 4278 sauciant
2624 4234 2814 4277 eorum
2852 4223 2944 4292 qui
2976 4218 3183 4293 absque
3233 4225 3426 4287 ldrica,
3458 4232 3515 4279 et

1938 4316 2041 4371 sibi
2078 4332 2187 4369 non
2226 4324 2482 4375 caventes
2536 4322 2843 4371 transeunt.
2890 4313 3178 4385 Superbiae
3229 4310 3409 4372 antem
3458 4319 3514 4373 et

1938 4406 2247 4469 insolentia:
2269 4406 2461 4459 vitium
2484 4406 2575 4475 qui
2603 4405 2669 4459 ad
2698 4420 2961 4474 equorum
2987 4406 3372 4462 transtulerint
3400 4408 3513 4462 cla-

1943 4499 2170 4561 tionem,
2194 4496 2419 4551 minime
2446 4496 2841 4551 aberraveriut.
2872 4495 3008 4550 Sunt
3030 4496 3175 4550 enim
3206 4496 3365 4567 plane
3384 4496 3510 4566 e‘qui

1868 4576 2144 4644 Dcollum
2194 4598 2245 4643 et
2311 4599 2475 4658 caput
2535 4588 2588 4642 in
2670 4589 2841 4642 altum
2899 4580 3251 4655 attollentes,
3309 4587 3513 4644 inﬂatis

1936 4682 2244 4737 insolentia:
2281 4681 2486 4743 verbis,
2517 4680 2685 4735 velati
2745 4680 3074 4751 quibusdam
3125 4683 3368 4751 ungulis,
3417 4697 3512 4736 eos

1935 4772 2028 4841 qui
2087 4782 2214 4826 sunt
2267 4771 2537 4827 moderati
2609 4772 2909 4843 pulsantes.
2979 4764 3052 4828 De
3111 4772 3316 4844 quibus
3376 4774 3511 4828 dicit

1938 4863 2257 4933 Scriptura:
2306 4882 2325 4915 ι
2378 4860 2501 4918 Non
2550 4858 2735 4919 veniat
2783 4864 2915 4919 mihi
2943 4877 3039 4936 pes
3074 4865 3346 4936 superbia:
3381 4867 3446 4919 ⁵³.
3488 4884 3507 4918 ι

1938 4955 2221 5009 Machinas
2255 4962 2437 5011 autem
2468 4955 2672 5026 quibus
2716 4954 2947 5012 solvitur
2977 4957 3119 5010 muri
3162 4964 3517 5026 c0agmenta~

1938 5047 2038 5107 tio,
2092 5047 2381 5101 avaritiam
2432 5044 2526 5101 aut
2577 5050 2828 5119 pecunia:
2853 5047 3210 5118 Cttpiditatem
3242 5055 3390 5103 recte
3416 5061 3515 5100 no-

1938 5130 2259 5193 minaveris'.
2293 5135 2441 5192 Nihil
2472 5138 2619 5193 enim
2635 5148 2718 5194 est
2748 5140 2859 5199 tam
2891 5144 3054 5207 graVe
3094 5145 3141 5191 et
3179 5137 3267 5190 cui
3312 5135 3515 5189 difﬁci-

1939 5230 2047 5286 lius
2076 5231 2292 5285 occurri
2318 5230 2496 5301 possit
2525 5228 2580 5285 in
2603 5240 2868 5302 apparatu
2901 5231 3166 5293 hostium,
3204 5243 3369 5298 quam
3398 5236 3515 5280 ma-

1937 5322 2101 5377 china
2136 5321 2401 5377 avaritiae.
2434 5321 2570 5379 Nam
2596 5325 2812 5379 etiamsi
2850 5323 2968 5377 alia:
2997 5323 3227 5376 virtutes
3259 5336 3355 5391 per
3384 5335 3517 5375 con-

1936 5413 2157 5466 cinnam
2192 5412 2721 5481 coagmentationem
2759 5413 2869 5466 sint
2905 5408 3182 5465 aedificataeI
3221 5408 3277 5461 in
3321 5422 3510 5461 eorum

1937 5502 2158 5568 animis,
2197 5486 2559 5557 nihilominus
2589 5502 2753 5556 etiam
2790 5515 2887 5569 per
2909 5514 3004 5555 eas
3036 5509 3181 5568 saepe
3208 5499 3378 5553 intrat
3403 5512 3517 5553 ma-

1934 5594 2120 5649 china.
2158 5596 2358 5651 Videre
2397 5596 2541 5649 enim
2592 5594 2717 5647 licet
2749 5588 2912 5648 etiam
2963 5606 3060 5662 per
3100 5592 3514 5662 temperantiam

2011 5772 2054 5802 ⁸²
2098 5769 2239 5825 i‘sal.
2274 5787 2435 5837 xxxv,
2460 5768 2540 5825 l2.

3072 5862 3146 5917 ιιι
