3874 6358
427 357 532 413 ἹΗ

1715 350 1770 408 s.
1812 317 2141 408 catamiti
2181 342 2471 409 x't'sscxt
2810 344 2818 357 '
3591 360 3681 412 τις

427 479 645 533 irrucre
684 472 992 538 avaritiam,
1041 478 1093 527 et
1139 486 1235 543 per
1294 469 1480 536 fidem,
1514 480 1566 525 et
1615 469 2007 543 mysteriorum

2114 471 2345 542 νομένην
2376 474 2475 545 τὴν
2519 469 2741 543 βαρεῖαν
2781 473 2985 544 ταύτην
3030 471 3124 527 καὶ
3150 471 3362 544 ἄμαχον
3392 470 3482 525 τοῦ
3522 473 3683 527 κακοῦ

428 579 742 624 accuratam
782 576 835 621 et
870 565 1189 636 diligentem
1244 564 1682 636 perceptionem,
1717 564 2011 619 continen-

428 665 672 733 tiamque
721 668 774 715 et
811 658 1203 722 humilitatem,
1241 668 1294 714 ct
1330 673 1676 730 quaecunque
1705 668 1835 713 sunt
1857 659 2009 729 eius-

427 751 597 813 modi,
620 750 763 803 intro
787 748 1093 819 irrumpere
1123 747 1229 801 hoc
1260 748 1463 802 malum
1497 762 1665 818 grave
1687 756 1741 803 et
1775 748 2011 818 inexpu-

425 843 661 913 gnabile.
716 840 835 908 Quo
879 839 971 905 fit,
1020 848 1082 894 ut
1134 840 1388 895 nonnulli
1429 841 1778 897 continentes
1810 848 1864 895 et
1894 854 2010 893 mo-

425 936 563 991 desti
618 941 672 990 et
719 931 823 987 fide
882 932 1163 997 ardentes,
1224 933 1585 1002 moribusque
1623 932 1920 1003 compositi
1955 939 2010 987 et

427 1021 717 1089 moderati,
754 1022 886 1078 huic
925 1022 1026 1077 soli
1064 1021 1258 1077 morbo
1295 1037 1407 1076 non
1463 1022 1678 1093 possint
1724 1023 2006 1077 resistere.
2029 1066 2043 1075 .

427 1116 484 1171 Si
528 1131 660 1187 ergo
724 1114 1003 1171 intellecta
1054 1121 1140 1168 est
1180 1128 1210 1166 a
1250 1114 1413 1169 nobis
1462 1121 1686 1168 caterva
1742 1113 2007 1176 hostium,

424 1216 644 1277 tempus
670 1206 775 1262 erit
816 1205 1203 1277 belligerandi.
1258 1204 1430 1260 Nemo
1460 1213 1643 1259 autem
1673 1204 1915 1260 confidat
1951 1219 2010 1260 se

424 1299 667 1356 hostium
734 1299 906 1354 aciem
968 1312 1131 1369 posse
1182 1297 1376 1369 fugare
1417 1307 1471 1353 et
1520 1298 1854 1370 proﬂigare,
1899 1298 2008 1353 nisi

423 1386 671 1460 Apostoli
719 1389 1123 1443 armaturam"
1151 1389 1471 1459 arripuerit.
1527 1387 1768 1444 Omnino
1823 1395 2008 1444 autem

425 1494 587 1532 neruo
617 1479 832 1549 ignorat
855 1478 1166 1548 cuiusmodi
1195 1479 1305 1533 sint
1335 1478 1636 1545 arma-illa,
1662 1495 1759 1549 per
1779 1494 1900 1549 quae
1927 1477 2010 1532 ef-

428 1568 541 1623 ticit
587 1576 645 1621 ut
688 1568 938 1625 adversis
996 1569 1121 1623 telis
1150 1569 1381 1626 minime
1403 1569 1477 1626 sit
1496 1569 1880 1636 vulnerabilis,
1915 1569 2009 1639 qui

428 1661 669 1715 hostium
693 1660 901 1715 resistit
930 1661 1219 1732 phalangi.
1244 1660 1380 1716 Nam
1408 1676 1535 1718 cum
1574 1662 1872 1732 Apostolus
1900 1661 2011 1716 vir-

427 1757 572 1805 tutes
622 1749 898 1804 divisisset
949 1752 1003 1804 in
1054 1766 1291 1821 genera,
1346 1753 1780 1824 unumquodque
1835 1766 2010 1824 genus

425 1842 650 1899 virtutis
680 1844 900 1913 propria
918 1859 1070 1898 arma
1092 1844 1294 1909 etl‘ecit,
1331 1846 1637 1917 unicuique
1667 1861 1858 1902 eorum
1888 1861 2011 1916 qua:

426 1938 482 1992 in
541 1937 711 1994 nobis
743 1945 893 2001 sunt,
922 1946 1234 2008 opportuna
1267 1946 1321 1992 et
1369 1937 1669 2007 praecipua.
1701 1936 1837 1994 Cum
1864 1939 2008 1993 enim

426 2047 550 2086 cum
591 2029 696 2086 fide
747 2032 1141 2086 connexuisset
1188 2037 1242 2087 et
1286 2032 1666 2087 contexuisset
1708 2029 2006 2102 iustitiam,

427 2143 523 2197 per
564 2141 626 2180 ea
674 2135 889 2181 armato
928 2126 1109 2179 munit
1153 2125 1458 2191 thoracem,
1510 2134 1662 2181 recte
1691 2132 1746 2180 et
1770 2131 1886 2180 tute
1912 2138 2011 2194 per

426 2229 723 2289 utrumque
756 2219 948 2273 militis
972 2226 1162 2288 pectus
1194 2218 1472 2274 muniens.
1509 2215 1630 2273 Non
1660 2223 1841 2289 potest
1861 2216 2008 2271 enim

428 2309 567 2375 fieri,
602 2319 661 2364 ut
684 2309 918 2364 alterum
952 2310 1022 2363 ab
1051 2311 1227 2364 altero
1264 2309 1633 2379 disiunctum,
1682 2325 1749 2365 ex
1785 2325 1845 2366 se
1890 2316 2009 2363 tuta

426 2404 668 2475 prrcbeat
699 2417 852 2456 arma
884 2403 935 2457 ei
960 2402 1057 2472 qui
1094 2401 1211 2471 ipsa
1241 2409 1461 2456 tractat.
1503 2400 1692 2472 Neque
1747 2402 1899 2457 enim
1949 2402 2011 2455 li-

426 2498 527 2551 iles
562 2494 772 2567 absque
802 2494 1064 2564 operibus
1086 2492 1316 2564 iustitiae
1334 2493 1536 2548 sufficit
1569 2492 1636 2548 ad
1656 2493 2007 2549 servandum.

428 2585 613 2658 Neque
650 2598 849 2639 rursus
878 2584 1003 2639 vitze
1040 2582 1252 2653 iustitia
1292 2598 1391 2653 per
1420 2599 1480 2637 se
1517 2590 1634 2637 tuta
1661 2588 1744 2638 est
1772 2582 1839 2638 ad
1863 2584 2011 2638 salu-

426 2687 561 2743 tem,
623 2675 671 2732 si
727 2675 980 2745 sciuncta
1051 2673 1125 2729 sit
1180 2673 1333 2729 fides.
1382 2673 1448 2728 Et
1496 2673 1622 2730 ideo
1680 2689 1806 2729 cum
1841 2674 2010 2729 veluti

426 2769 719 2839 quamdam
749 2767 1037 2822 materiam
1086 2765 1245 2821 fidem
1291 2776 1343 2821 et
1386 2767 1658 2837 justitiam
1706 2766 1795 2821 his
1838 2765 2011 2821 armis

426 2859 821 2923 cuntexnisset,
855 2858 1053 2912 armati
1099 2857 1294 2913 militis
1345 2860 1525 2911 munit
1578 2856 1899 2928 praecordia.
1953 2854 2009 2909 In

431 2959 651 3022 pectore
702 2951 850 3006 enim
900 2964 997 3004 cor
1046 2949 1395 3020 intelligitur.
1446 2947 1632 3003 Fortis
1679 2957 1862 3002 autem
1908 2948 2009 3001 viri

418 3052 595 3114 caput
626 3058 729 3114 spe
766 3044 965 3105 munit,
1003 3040 1324 3112 significans
1367 3041 1512 3111 quod
1562 3040 1823 3096 convenit
1865 3042 2011 3096 hono

2117 560 2637 633 προσδολήνῖοθεν⁶
2667 561 2813 625 τινες
2841 562 3131 633 ἐγκρατεῖς
3165 577 3227 614 τε
3269 561 3365 614 διαὶ⁸
3398 560 3683 631 σώφρονες,

2115 653 2208 707 καὶ
2240 655 2370 725 περὶ
2396 653 2495 725 τὴν
2519 654 2702 708 πίστιν
2718 652 3005 726 διάπυροι,
3033 652 3128 707 καὶ
3151 650 3578 723 κατεσταλμένοι
3601 650 3684 702 τὸν

2112 747 2335 818 τρόπον,
2365 748 2460 801 καὶ
2478 745 2569 802 διὰ
2596 746 2705 801 τῶν
2719 744 2870 817 ἠθῶν
2896 744 3304 818 μετριάζοντας,
3331 743 3465 815 πρὸς
3488 741 3685 812 ταύτην

2116 841 2277 911 μόνον
2323 842 2594 912 ἀντισχεῖν
2638 839 2739 911 τὴν
2771 840 2927 895 νόσον
2965 837 3342 894 ἀδυνατοῦσιν.
3383 838 3447 892 Et
3476 832 3572 891 οὖν
3607 851 3687 888 νε-

2114 933 2301 1004 νόηται
2332 935 2464 1005 ἡμῖν
2493 931 2603 986 τῶν
2625 930 2900 1003 πολεμίων
2925 931 2989 985 τὸ
3021 933 3243 1000 στῖφος,
3273 930 3465 1003 καιρὸς
3503 928 3571 984 ἂν
3601 927 3682 999 εἴη
3734 967 3747 975 .

2110 1024 2205 1079 τοῦ
2232 1024 2509 1095 πολεμεῖν.
2547 1023 2662 1077 Ούκ
2692 1022 2759 1078 ἂν
2781 1022 2838 1077 δέ
2874 1039 2959 1087 τις
2988 1022 3286 1095 θαῤῥήσειε
3310 1021 3411 1092 τὴν
3441 1020 3685 1075 ἐναντίαν

2112 1114 2418 1189 παράταξιν
2470 1114 2862 1188 τροπώσασθαι
2888 1155 2902 1180 ,
2955 1115 3029 1187 μὴ
3088 1114 3188 1185 τῆς
3241 1113 3545 1177 πανοπλίας
3596 1109 3683 1166 τοῦ

2123 1207 2449 1262 Ἀποστόλου
2492 1206 2851 1280 δραξάμενος.
2898 1208 3124 1270 Πάντως
3184 1205 3243 1259 δὲ
3289 1204 3465 1267 οὐδεὶς
3509 1204 3687 1271 ἀγνοεῖ

2111 1299 2201 1353 τὸν
2227 1299 2426 1372 τρόπον
2452 1302 2554 1373 τῆς
2584 1300 2735 1364 Θείας
2759 1299 2973 1370 ἐκείνης
3001 1293 3288 1362 ὁπλίσεως,
3321 1296 3388 1350 δι’
3414 1292 3485 1368 ἧς
3516 1297 3685 1367 ἄτρω-

2110 1410 2201 1447 τον
2229 1394 2372 1446 ποιεῖ
2397 1393 2510 1457 τοῖς
2537 1392 2800 1456 ἐναντίοις
2830 1390 3009 1461 βέλεσι
3036 1390 3129 1444 τὸν
3151 1390 3287 1463 πρὸς
3311 1387 3411 1460 τὴν
3436 1387 3686 1458 φάλαγγα

2108 1481 2219 1535 τῶν
2253 1480 2527 1552 πολεμίων
2571 1481 2882 1551 ἱστάμενον.
2925 1478 3126 1535 Διελὼν
3155 1481 3266 1550 γὰρ
3307 1480 3386 1542 είς
3431 1477 3550 1547 είδη
3591 1477 3684 1538 τὰς

2111 1573 2311 1644 ἀρετὰς
2358 1574 2387 1626 ὁ
2430 1571 2770 1636 ’Δπόστολος,
2823 1570 2954 1627 ῐδιον
3000 1570 3165 1624 ὅπλον
3204 1570 3423 1639 ἑκάστῳ
3479 1567 3592 1622 τῶν
3630 1568 3684 1618 ὲν

2112 1665 2245 1735 ἡμῖν
2285 1664 2525 1736 καιρίων
2563 1663 2795 1717 ἕκαστον
2833 1662 3035 1734 ἀρετῆς
3075 1658 3213 1725 εἶδος
3247 1661 3562 1732 πεποίηται.
3609 1658 3684 1727 Τῇ

2114 1758 2294 1812 πίστει
2326 1755 2436 1828 γὰρ
2460 1756 2560 1827 τὴν
2586 1754 2934 1826 δικαιοσύνην
2971 1752 3290 1826 συμπλέξας
3321 1752 3417 1807 καὶ
3452 1750 3683 1820 συνυφά-

2115 1867 2229 1915 νας,
2264 1849 2351 1903 διὰ
2396 1848 2602 1904 τούτων
2645 1845 3048 1911 κατασκευάζει
3079 1845 3158 1917 τῷ
3205 1843 3400 1916 ὁπλίτῃ
3441 1843 3538 1897 τὸν
3582 1840 3683 1895 θώ-

2114 1959 2277 2013 ρακα,
2308 1941 2491 2005 καλῶς
2509 1942 2605 1996 καὶ
2625 1939 2880 2010 ἀσφαλῶς
2902 1939 2971 1992 δι’
2999 1938 3329 2009 ἀμφοτέρων
3361 1932 3686 2006 θωρακίζων

2109 2034 2199 2086 τόν
2250 2033 2609 2104 στρατιώτην.
2654 2035 2729 2086 Ού
2767 2033 2875 2105 γὰρ
2916 2031 3083 2095 ἐστιν,
3113 2030 3302 2102 ιτερον
3352 2027 3449 2082 τοῦ
3497 2028 3682 2099 ἑτέρου

2109 2124 2509 2196 διεζευγμένον,
2541 2124 2779 2194 ἀσφαλὲς
2805 2123 2967 2177 ὅπλον
2996 2122 3081 2193 ἐφ’
3102 2120 3298 2176 ἑαυτοῦ
3324 2119 3404 2192 τῷ
3440 2134 3683 2191 μεταχειο

2116 2215 2385 2289 ριζομένῳ
2432 2215 2709 2286 γενέσθαι.
2755 2213 2894 2271 Οὔτε
2940 2214 3050 2285 γὰρ
3082 2215 3117 2284 ἡ
3147 2212 3331 2276 πίστις
3377 2211 3552 2282 χωρὶς
3585 2207 3686 2262 τῶν

2111 2310 2289 2381 ἔργων
2313 2309 2414 2379 τῆς
2443 2309 2791 2379 δικαιοσύνης
2817 2307 2977 2378 ἱκανὴ
3004 2302 3414 2378 περισώσασθαι
3436 2320 3454 2335 ο
3487 2301 3597 2356 οὐδ’
3621 2294 3687 2353 αὖ

2113 2403 2274 2457 πάλιν
2303 2404 2335 2474 ή
2363 2401 2458 2456 τοῦ
2486 2402 2605 2474 βίου
2652 2396 2968 2470 δικαιοσύνη
3008 2396 3259 2469 ἀσφαλής
3283 2399 3431 2450 ἐστιν
3464 2395 3548 2458 εἰς
3589 2410 3684 2447 σω-

2111 2494 2309 2567 τηρίαν
2335 2492 2459 2547 καθ’
2487 2493 2708 2563 ἑαυτὴν,
2755 2489 3145 2561 διεζευγμένης
3176 2487 3276 2557 τῆς
3298 2484 3555 2548 πίστεως.
3593 2480 3684 2535 Διὰ

2110 2584 2268 2639 τοῦτο
2294 2583 2555 2657 καθάπερ
2575 2583 2706 2648 ὔλας
2727 2581 2879 2645 τινὰς
2895 2580 2976 2653 τῷ
2998 2579 3149 2651 ὅπλῳ
3174 2578 3349 2648 τούτῳ
3374 2576 3478 2647 τὴν
3512 2575 3684 2628 πίστιν

2112 2677 2206 2731 καὶ
2234 2676 2332 2748 τὴν
2360 2675 2706 2746 δικαιοσύνην
2744 2672 3080 2746 συμπλέξας,
3111 2671 3173 2725 τὸ
3209 2667 3563 2741 περικάρδιον
3594 2661 3683 2718 τοῦ
3712 2694 3715 2697 λ

2110 2768 2331 2820 ὁπλίτου
2356 2767 2842 2835 κατασφαλίζεται.
2886 2766 2975 2819 Ἐν
3003 2763 3114 2835 γάρ
3136 2763 3214 2835 τῷ
3239 2761 3473 2833 θώρακι,
3498 2762 3532 2831 ή
3558 2774 3684 2826 καρ-

2112 2860 2199 2913 δία
2235 2862 2458 2913 νοεῖται.
2490 2859 2602 2930 Τὴν
2632 2858 2688 2912 δὲ
2724 2857 2967 2929 κεφαλὴν
2994 2856 3090 2910 τοῦ
3116 2854 3381 2927 ἀριστέως
3409 2855 3478 2923 τῇ
3519 2847 3685 2903 ἑλπίδι

2114 2950 2608 3019 κατασφαλίζεται,
2644 2949 2928 3021 σημαίνων
2966 2946 3369 3017 ὁτι,προσήκει
3413 2941 3496 3013 τῷ
3540 2937 3684 3007 καλῷ

2118 3045 2444 3118 στρατιώτῃ,
2479 3045 2579 3115 τὴν
2601 3042 2789 3097 ἐλπίδα
2814 3041 2924 3096 τῶν
2954 3039 3195 3111 ὑψηλῶν,
3223 3032 3334 3091 οἶόν
3351 3052 3475 3090 τινα
3504 3032 3684 3101 λοφίαν

430 3133 588 3188 militi
634 3132 971 3188 sublimium
1002 3146 1185 3186 rerum
1246 3145 1434 3200 spem,
1486 3131 1659 3185 veluti
1711 3132 2001 3202 quamdam

2117 3142 2196 3202 εἰς
2242 3138 2301 3191 τὸ
2350 3137 2461 3193 άνω
2506 3136 2669 3208 ἔχειν.
2731 3135 2790 3188 'U
2839 3132 2898 3188 δὲ
2941 3130 3134 3203 θυρεὸς
3183 3128 3245 3183 τὸ
3291 3126 3687 3195 σκεπαστήριον

430 3225 677 3289 cristam,
720 3224 923 3278 habere
972 3238 1231 3293 superne.
1275 3222 1514 3293 Clypeus
1561 3233 1744 3278 autem
1783 3223 1874 3293 qui
1925 3230 2011 3277 est

432 3331 583 3370 arma
617 3318 820 3388 quibus
856 3317 1112 3386 tegimur,
1143 3325 1231 3371 est
1265 3315 1400 3372 fides
1429 3332 1553 3387 qua:
1586 3316 1760 3388 frangi
1781 3333 1890 3372 non
1915 3331 2010 3387 po—

430 3418 562 3472 test,
594 3423 758 3479 quam
783 3409 1101 3462 aculeorum
1126 3410 1314 3479 cuspis
1339 3424 1448 3464 non
1478 3418 1657 3480 potest
1687 3409 2008 3479 pervadere.

431 3500 668 3557 Aculeos
689 3512 873 3556 autem
893 3502 988 3572 qui
1008 3501 1382 3557 immittuntur
1399 3502 1467 3557 ab
1483 3502 1757 3568 hostibus,
1782 3503 2011 3558 omnino

431 3591 793 3662 intelligimus
827 3592 1011 3646 varios
1039 3592 1299 3647 vitiorum
1335 3602 1390 3649 et
1418 3594 1588 3649 animi
1634 3594 2012 3671 perturbatio-

429 3697 559 3736 num
592 3682 851 3753 impetus.
878 3682 1154 3738 Salutaria
1186 3692 1368 3740 autem
1392 3700 1547 3741 arma
1586 3702 1708 3757 quae
1752 3687 2012 3742 muniunt

326 3788 331 3793 '
426 3779 695 3837 adversus
722 3781 911 3838 hostes
931 3781 1209 3837 dexteram
1237 3771 1449 3847 eorum,
1471 3782 1565 3853 qui
1595 3796 1653 3837 se
1684 3779 1898 3835 fortiter
1920 3794 2013 3852 ge-

426 3880 575 3938 runt,
605 3882 687 3928 est
709 3882 939 3930 sanctus
972 3871 1234 3944 Spiritus,
1263 3873 1357 3944 qui
1383 3880 1467 3928 est
1499 3872 1765 3927 terribilis
1790 3868 2012 3941 quidem

427 3964 474 4017 si
491 3963 562 4018 sit
590 3965 932 4029 contrarius,
949 3963 1215 4020 salutaris
1236 3971 1419 4018 autem
1446 3963 1491 4018 si
1527 3972 1861 4018 assumatur.
1881 3959 2015 4015 0m—

428 4046 516 4103 nis
551 4056 735 4103 autem
757 4049 1011 4104 doctrina
1038 4050 1369 4121 Evangelica
1398 4052 1636 4122 pedibus
1655 4052 1811 4109 affert
1845 4070 2010 4111 seen-

427 4137 666 4205 ritatem,
728 4138 865 4195 adeo
914 4150 975 4195 ut
1025 4142 1174 4197 nulla
1228 4158 1354 4213 pars
1390 4145 1639 4214 corporis
1697 4146 2013 4201 inveniatur

429 4230 576 4286 nuda
614 4240 665 4287 et
706 4241 832 4304 apta
867 4234 934 4289 ad
970 4219 1111 4291 ictus
1141 4237 1521 4307 accipiendos.

504 4324 559 4379 Si
590 4325 756 4397 igitur
789 4326 1085 4384 didicimus
1114 4343 1241 4384 cum
1285 4330 1490 4402 quibus
1544 4332 1616 4387 sit
1674 4318 2007 4398 bellandum,

2113 3231 2296 3296 ὅπλον,
2341 3233 2374 3300 η
2410 3227 2659 3300 ἀρραγὴς
2705 3227 2889 3291 πίστις
2927 3225 3109 3290 ἐστὶν,
3155 3217 3222 3295 ἧς
3261 3222 3295 3291 ἡ
3344 3218 3455 3272 τῶν
3493 3214 3685 3272 άκίδων

2113 3323 2267 3395 ἀκμὴ
2322 3321 2600 3392 διαδυῆναι
2644 3321 2733 3374 ὀὐ
2790 3319 3036 3373 δύναται.
3079 3313 3298 3377 Ἀκίδας
3353 3311 3410 3365 δὲ
3472 3310 3683 3367 πάντως

2115 3416 2264 3487 παρὰ
2312 3413 2420 3467 τῶν
2464 3411 2739 3484 πολεμίων
2779 3406 3204 3480 ἐκτοξευομένας
3227 3445 3244 3473 ,
3292 3404 3390 3465 τὰς
3430 3397 3683 3485 ’ποικίλας

2115 3486 2419 3580 προσϐολὰς
2460 3504 2568 3558 τῶν
2601 3502 2944 3574 παθημάτων
2981 3500 3285 3570 νοήσωμεν.
3328 3493 3602 3580 Σωτήριον
3631 3486 3682 3539 δὲ

2111 3578 2273 3656 ὅπλον
2318 3599 2347 3652 ὁ
2382 3598 2483 3670 τὴν
2525 3595 2704 3663 δεξιὰν
2752 3592 2961 3661 ὁπλίζει
2999 3591 3107 3646 τῶν
3137 3586 3280 3644 κατὰ
3317 3585 3427 3639 τῶν
3478 3578 3682 3653 ἐχθρῶν

2111 3692 2526 3767 ἁριστευόντων,
2546 3690 2609 3744 τὸ
2646 3690 2800 3759 ἅγιον
2822 3686 3049 3757 Πνεῦμά
3077 3685 3213 3747 ἔστι,
3236 3678 3464 3775 φοϐερὸν
3488 3669 3686 3775 inito-rb

2113 3786 2454 3850 ὑπεναντίον,
2481 3784 2543 3837 τὸ
2566 3783 2624 3837 δὲ
2669 3777 3185 3854 μεταχειριζόμενον
3211 3767 3500 3842 σωτήριονζ
3535 3767 3683 3819 Πᾶσα

2114 3877 2230 3947 δὲὴ
2287 3874 2616 3946 εὐαγγελικὴ
2655 3871 3018 3937 διδασκαλία,
3059 3871 3174 3933 τοῖς
3220 3864 3349 3918 ποσὶ
3400 3861 3548 3915 ποιεῖ
3594 3857 3686 3927 τὴν

2112 3970 2432 4039 ἀσφάλειαν,
2466 3968 2542 4032 ὡς
2584 3967 2749 4038 μηδὲν
2768 3964 2861 4019 τοῦ
2892 3964 3141 4036 σώματος
3175 3955 3460 4030 εὑρεθῆναι
3487 3947 3683 4021 γυμνὸν

2113 4061 2205 4114 καὶ
2240 4061 2373 4131 πρὸς
2399 4060 2611 4131 πληγὴν
2637 4057 2958 4128 ἐπιτήδειον.

2184 4336 2247 4388 Εἰ
2276 4328 2368 4388 οὖν
2402 4328 2803 4405 μεμαθήκαμεν
2826 4323 2908 4395 οἷς
2935 4329 3192 4399 πολεμεῖν
3218 4327 3347 4399 χρὴ,
3388 4325 3485 4378 καὶ
3520 4294 3685 4384 οὕτως

427 4428 589 4490 atque
624 4419 699 4474 ita
728 4436 907 4492 pugna
938 4421 1300 4493 capessenda,
1329 4424 1500 4479 altera
1532 4440 1750 4497 quoque
1776 4441 1903 4496 pars
1924 4436 2008 4483 est

2114 4429 2209 4498 τῆς
2242 4428 2419 4498 μάχης
2449 4424 2968 4496 ἀντιλαμϐάνεσθαι,
2996 4422 3186 4493 μαθεῖν
3217 4420 3482 4491 προσήκει
3517 4416 3607 4472 καὶ
3628 4413 3684 4467 τὸ

409 4509 688 4567 “discenda
708 4555 723 4580 ,
749 4528 945 4584 nempe
985 4528 1109 4567 cum
1135 4514 1335 4584 quibus
1366 4512 1546 4570 foedus
1576 4515 1718 4570 inire
1744 4522 1798 4571 et
1818 4531 2005 4586 pacem

2114 4518 2296 4590 ἕτερον
2344 4519 2504 4591 μέρος
2526 4555 2541 4581 ,
2586 4513 2669 4580 οἷς
2710 4515 2994 4571 ἕνσπονδον
3034 4508 3173 4568 εἶναι
3212 4512 3306 4566 καὶ
3346 4509 3618 4583 εἰρηνικὸν
3657 4507 3683 4558 ὁ

424 4619 587 4675 agere
608 4611 844 4674 oportet,
868 4603 1190 4661 testificetur
1215 4604 1303 4660 hic
1323 4605 1477 4661 liber.
1493 4605 1629 4673 Quis
1645 4614 1731 4662 est
1753 4622 1886 4678 ergo
1907 4608 2008 4663 bo-

2114 4611 2268 4680 λόγος
2296 4609 2745 4681 διαμαρτύρεται.
2780 4608 2879 4672 Τίς
2904 4601 2996 4661 οὖν
3026 4606 3054 4657 ὁ
3099 4603 3303 4673 ἀγαθὸς
3350 4599 3680 4674 στρατηγὸς,

427 4709 531 4749 nus
559 4693 876 4763 imperator,
908 4693 998 4748 cui
1031 4708 1129 4764 per
1159 4697 1349 4765 pacem
1386 4710 1474 4750 me
1503 4695 1730 4751 reddant
1750 4682 2007 4767 iunctum

2114 4696 2155 4772 ᾧ
2191 4702 2277 4756 διὰ
2318 4703 2412 4773 τῆς
2451 4704 2674 4774 εἰρήνης
2705 4700 2942 4771 ἐμαυτὸν
2982 4696 3287 4762 οἱκειώσω;
3330 4695 3428 4759 Τίς
3455 4695 3513 4748 δὲ
3540 4695 3570 4747 ὁ
3596 4688 3681 4744 τοῦ

414 4785 833 4841 familiaritate?
860 4786 994 4852 Quis
1025 4795 1108 4841 est
1135 4794 1317 4842 autem
1342 4787 1454 4843 dux
1484 4787 1650 4859 huius
1682 4790 2008 4845 exercitus?

2114 4795 2357 4850 τοιούτου
2404 4794 2637 4867 στρατοῦ
2687 4793 2972 4864 βασιλεύς;
3014 4778 3093 4844 Ἦ
3131 4789 3292 4860 δῆλόν
3333 4790 3499 4845 ἐστιν,
3527 4787 3683 4856 ἄμφω

404 4874 563 4933 ’Νυιη
605 4887 689 4933 est
718 4878 1068 4949 perspicuum
1104 4881 1248 4953 quod
1286 4886 1582 4951 utrumque
1611 4882 1947 4937 audivimus’
1973 4896 2005 4936 a

2117 4887 2266 4959 παρὰ
2294 4889 2393 4957 τῆς
2418 4886 2776 4941 θεοπνεύστου
2798 4886 3022 4957 Γραφῆς
3052 4882 3389 4952 ἀκηκόαμεν,
3419 4880 3501 4932 ὅτι
3532 4893 3684 4947 στραο

399 4972 720 5043 ‘Scriptur-a
747 4970 1010 5027 divinitus
1038 4972 1331 5044 inspirata,
1367 4973 1516 5044 quod
1558 4976 1809 5047 caelestis
1843 4991 2005 5032 exere

2115 4979 2206 5044 τὸς
2234 4979 2502 5051 οὐράνιος,
2521 4982 2555 5050 ἡ
2573 4977 2874 5049 παράταξις
2900 4977 3008 5031 τῶν
3030 4974 3277 5045 ἀγγέλων
3300 4972 3474 5036 tortu;
3504 4990 3521 5023 ι
3543 4968 3684 5037 Ἐγέε

418 5066 566 5120 citus
598 5065 674 5120 sit
700 5064 849 5120 acies
879 5066 1247 5136 angelorum?
1282 5086 1299 5118 ι
1337 5065 1502 5121 Facta
1525 5076 1610 5123 est
1642 5070 1811 5133 enim,
1858 5090 1879 5124 ι
1920 5071 2005 5125 itt-

418 5159 574 5228 quit,
639 5176 659 5210 ι
726 5156 1025 5213 multitudo
1088 5159 1295 5214 militia:
1352 5150 1605 5217 caelestis.
1659 5162 2003 5218 laudantium

422 5246 591 5305 Deum
613 5251 681 5306 ".
717 5269 736 5302 ι
762 5248 830 5306 Ει
853 5249 1041 5305 Daniel
1059 5250 1206 5307 videt
1234 5251 1415 5308 decies
1440 5253 1589 5308 mille
1615 5255 1784 5310 millia
1814 5271 2003 5311 eorum

420 5343 514 5411 qui
550 5343 841 5411 assistunt,
864 5342 1128 5399 etmillies
1152 5343 1303 5399 mille
1335 5344 1503 5399 millia
1534 5346 1891 5416 aspicitinter
1907 5363 2003 5403 eos

408 5434 515 5503 qui
555 5435 871 5492 ministrant
892 5437 966 5492 ".
998 5434 1270 5506 Propheta
1324 5451 1546 5507 quoque
1577 5437 1630 5491 id
1666 5438 1966 5494 testificaris
1988 5483 2002 5504 ,

424 5520 714 5580 Dominum
748 5526 1090 5582 exercituum
1119 5535 1173 5582 et
1199 5525 1491 5581 Dominum
1530 5529 1810 5598 copiarum
1847 5539 2004 5584 vocat

433 5610 721 5669 Dominum
753 5616 1129 5673 univcrsitatis
1151 5617 1218 5673 ".
1250 5616 1313 5669 Et
1335 5617 1400 5671 ad
1434 5616 1617 5673 Jcsum
1651 5619 1795 5675 Nave
1819 5621 1861 5651 '”
1910 5639 2005 5691 po-

2114 5088 2237 5125 νετο
2268 5071 2396 5143 γὰρ,
2424 5091 2442 5123 ι
2470 5072 2625 5142 φησι,
2652 5089 2671 5121 ι
2701 5069 2902 5142 πλῆθος
2920 5069 3171 5142 οὐρανίου
3202 5064 3459 5138 στρατιᾶς
3485 5059 3683 5116 αἰνούν-

2112 5182 2222 5218 των
2251 5164 2341 5218 τὸν
2374 5163 2526 5217 Θεόν.
2555 5182 2573 5216 ι
2613 5164 2724 5218 Καὶ
2749 5165 2777 5216 ὀ
2798 5162 2996 5233 Δανιὴλ
3030 5162 3228 5232 μυρίας
3268 5159 3530 5233 μυριάδας
3552 5170 3683 5225 παρο

2115 5258 2364 5311 εττὼτων
2409 5258 2531 5328 ὁρᾷ.
2573 5258 2668 5311 καὶ
2693 5255 2945 5326 χιλιάδων
2969 5253 3213 5329 χιλιάδας
3239 5254 3297 5305 ὲν
3318 5253 3429 5314 τοῖς
3452 5249 3508 5302 λε
3518 5260 3680 5314 ιτουρο

2109 5348 2267 5417 γοῦσι
2298 5347 2505 5419 βλέπει.
2531 5346 2636 5401 Καὶ
2659 5348 2990 5419 ὁΠροιρήτης
3015 5344 3075 5398 τὸ
3107 5342 3346 5398 τοιοῦτον
3378 5337 3680 5412 μαρτυρῶν,

2110 5439 2312 5509 Κύριον
2337 5438 2625 5509 στρατιῶν,
2655 5440 2747 5491 καὶ
2780 5438 2983 5508 Κύριον
3007 5436 3292 5507 δυνάμεων
3308 5434 3398 5488 τὸν
3425 5432 3519 5487 τοῦ
3549 5445 3680 5484 πανο

2111 5532 2199 5594 τὸς
2225 5531 2547 5602 ὀνομάζεται
2564 5530 2789 5601 Κύριον.
2810 5530 2920 5585 Καὶ
2944 5530 3081 5602 πρὸς
3101 5529 3189 5582 τὸν
3213 5527 3372 5595 Ναυῆ
3422 5528 3450 5580 ὁ
3470 5521 3681 5579 δυνατός

2112 5642 2273 5695 φησιν
2328 5625 2384 5676 ἐν
2414 5623 2633 5694 πολέμῳ
2654 5640 2666 5651 υ
2710 5642 2728 5674 ι
2753 5622 2914 5692 Ἐγὼ,
2944 5643 2961 5674 ι
2998 5623 3183 5693 φησὶν,
3221 5641 3239 5673 ι
3264 5622 3291 5675 ὁ
3324 5617 3678 5691 ἀρχιστράτη-

495 5783 538 5815 ⁸²
580 5785 986 5854 Ephes.vr,l.l.
1062 5791 1108 5822 “
1150 5790 1282 5846 an.
1309 5808 1371 5863 tt,
1443 5795 1650 5863 15.κ³⁵
1693 5795 1827 5851 Dan.
1863 5802 2008 5867 “1,9

2120 5802 2164 5833 "
2205 5799 2648 5866 Psalgxurndfl.
2713 5803 2755 5832 ‘7
2789 5800 2903 5855 Jos.
2933 5816 2990 5861 ν.
3029 5801 3113 5856 M.
