3874 6376
243 423 355 482 749

1285 416 1350 470 1N
1390 407 1929 470 ECCLESIASTEN.
1965 404 2248 464 HOMILIA
2285 405 2422 461 Vill.

3420 403 3524 458 750

249 547 346 616 γός
375 543 488 613 είμι
518 540 617 611 τῆς
642 539 947 612 δυνάμεως.
984 537 1082 592 »Εί
1103 537 1160 590 δὲ
1192 537 1498 608 ὲνοήσαμεν
1520 534 1602 598 τίς
1631 533 1778 586 ἐστιν
1806 530 1840 601 ἡ

1955 537 2068 584 lens
2145 524 2327 596 inquit
2412 524 2468 579 in
2524 523 2690 590 bello,
2730 541 2750 574 ι
2816 520 2949 593 Ego,
2996 541 3013 573 ι
3071 521 3280 592 inquit,
3322 539 3340 572 ι
3407 537 3530 578 sum

247 632 436 706 ἀγαθὴ
465 632 758 705 συμμαχία
779 671 793 696 ,
829 630 924 685 καὶ
951 630 1036 694 τίς
1077 630 1106 683 δ
1134 629 1244 683 τῶν
1295 628 1599 699 συμμάχων
1635 625 1840 680 τούτων

249 725 592 798 ἡγούμενος,
624 723 858 787 σπονδὰς
891 723 1028 792 πρὸς
1063 721 1226 776 αὑτὸν
1255 719 1630 792 ποιησώμεθα,
1671 734 1842 790 προσ-

248 815 551 886 δράμωμεν
599 812 764 869 αὐτοῦ
801 815 870 883 τῇ
903 811 1194 883 δυναστείᾳ
1215 853 1230 876 ,
1265 811 1408 879 φίλοι
1447 807 1732 878 γενώμεθα
1765 807 1842 876 τῷ

248 906 526 977 τοσαύτην
571 905 800 976 δύναμιν
827 905 1172 977 κεκτημένῳ.
1214 905 1312 968 Τίς
1354 904 1410 958 δὲ
1440 904 1468 956 ὁ
1499 903 1700 973 τρόπος
1744 901 1843 972 τῆς

252 997 397 1069 πρὸς
439 997 600 1051 αὐτὸν
631 997 980 1064 οῑκειιῦσεως,
1010 995 1251 1050 διδάσκει
1292 995 1440 1066 ἡμᾶς
1466 993 1495 1046 ὁ
1527 993 1625 1063 τῆς
1661 989 1842 1060 φιλίας

250 1087 461 1160 ταύτης
488 1089 860 1157 συναγωγεὺς,
887 1089 916 1142 ὁ
940 1086 1114 1157 μέγας
1146 1072 1486 1148 Ἀπόστολος,
1505 1086 1561 1138 ὲν
1583 1077 1663 1146 οἷς
1686 1099 1839 1152 φησι*

263 1201 280 1235 ι
311 1166 821 1244 Δικαιωθέντεςνοῦν
850 1181 916 1234 ὲκ
944 1180 1202 1242 πίστεως,
1236 1179 1456 1250 εἰρήνην
1487 1177 1682 1249 ἔχομεν
1707 1174 1844 1247 πρὸς

253 1271 352 1326 τδν
378 1272 529 1326 Θεόν.
545 1289 563 1323 ι
585 1273 698 1326 Καὶ
719 1271 880 1327 πάλιν
898 1287 912 1302 ο
934 1291 952 1321 ‹
975 1270 1147 1341 ’Υπὲρ
1177 1265 1414 1340 Χριστοῦ
1443 1264 1842 1338 πρεσϐεύομεν,

253 1362 336 1428 ῶς
357 1363 450 1416 τοῦ
485 1362 620 1416 Θεοῦ
645 1361 1094 1433 παρακαλοῦντος
1119 1361 1187 1414 δι’
1217 1361 1395 1432 ήμῶν,
1439 1359 1672 1431 δεόμεθα
1703 1359 1846 1426 ὑπὲρ

258 1453 498 1524 Χριστοῦ
518 1472 531 1484 ·
557 1454 952 1526 Καταλλάγητε
965 1445 1041 1518 τῷ
1054 1444 1192 1518 Θεῷ.
1205 1463 1224 1499 ι
1237 1444 1382 1505 Ἕως
1397 1444 1504 1517 γάρ
1521 1449 1662 1523 ἦμεν
1679 1451 1845 1506 τέκνα

260 1543 426 1613 φύσει
465 1544 637 1615 ὀργῆς
686 1546 745 1597 ὲν
781 1543 860 1615 τῷ
893 1546 1065 1597 ποιεῖν
1113 1543 1183 1597 τὰ
1220 1541 1294 1613 μὴ
1348 1543 1694 1609 καθήκοντα,
1735 1545 1846 1606 τοῖς

260 1635 623 1706 ἀνθεστηκόσι
659 1638 725 1707 τῇ
766 1636 915 1707 δεξιᾷ
947 1635 1040 1689 τοῦ
1073 1634 1330 1705 Ὑψίστου
1366 1634 1848 1709 συνετετάγμεθα,⁰

261 1726 597 1798 ἁῆοθέμενοι
629 1728 728 1798 τὴν
758 1727 1018 1782 ἀσέϐειαν
1064 1727 1282 1791 καὶτὰς
1335 1727 1607 1799 κοσμικὰς
1656 1724 1848 1778 ἐπιθυ-

273 1817 438 1889 μίας,
477 1819 536 1872 ὲν
579 1817 656 1890 τῷ
695 1809 859 1884 ὁσίως
907 1821 1002 1874 καὶ
1034 1819 1258 1884 δικαίως
1312 1819 1408 1873 καὶ
1447 1817 1689 1881 εὐσεϐῶς
1723 1819 1843 1889 ζῇν.

262 1911 367 1964 Διὰ
389 1911 489 1981 τῆς
512 1912 736 1984 εἰρήνης
759 1911 964 1983 ταύτης
990 1915 1056 1984 τῇ
1085 1912 1314 1984 ἀληθινῇ
1347 1913 1538 1985 είρήνῃ
1570 1909 1846 1982 συναφθηο

265 1995 495 2072 σόμεθα.
529 1990 718 2067 Οὕτως
752 2004 858 2074 γάρ
893 1989 1194 2076 φησιπερὶ
1231 2003 1397 2057 αὑτοῦ
1439 2005 1468 2057 ὁ
1502 2003 1843 2069 Ἀπόστολος,

260 2096 347 2148 ἔτι
387 2115 406 2147 ι
434 2095 604 2158 Αὐτός
647 2097 795 2149 ὲστιν
827 2097 860 2166 ἡ
900 2097 1091 2167 εἰρήνη
1130 2095 1307 2168 ήμῶν.
1343 2114 1360 2147 ι
1407 2088 1574 2159 Οὗτος
1617 2096 1646 2148 ὁ
1689 2093 1844 2162 λόγος

261 2188 486 2243 ¹πάντων
517 2189 625 2243 τῶν
671 2188 812 2243 κατὰ
849 2188 1040 2259 καιρὸν
1079 2188 1382 2259 γινομένων
1422 2187 1484 2240 τὸ
1523 2187 1693 2256 πέρας
1727 2187 1846 2241 ἐστὶ

261 2281 358 2335 καὶ
391 2279 451 2334 τὸ
479 2280 795 2351 κεφάλαιον.
832 2281 1020 2335 Πάντα
1043 2279 1152 2350 ⁴γάρ
1179 2281 1237 2332 ὲν
1272 2278 1448 2350 καιρῷ
1473 2281 1646 2332 ποιεῖν
1678 2279 1848 2332 ἐδιδά-

260 2372 493 2441 χθημεν,
514 2371 602 2425 ἵνα
629 2370 788 2424 τοῦτο
810 2371 1024 2432 ἑαυτοῖς
1051 2367 1510 2440 κατορθώσωμεν,
1530 2367 1590 2420 τὸ
1621 2369 1846 2439 εἰρήνην

261 2462 410 2533 ἔχειν
433 2461 569 2534 πρὸς
605 2461 696 2516 τὸν
721 2461 877 2525 θεὸν,
917 2460 1006 2514 διὰ
1039 2460 1135 2514 τοῦ
1176 2459 1448 2531 πολεμίως
1483 2459 1848 2531 προστεθῆναι

262 2553 403 2624 πρὸς
433 2554 524 2607 τὸν
555 2554 866 2608 ἀντίπαλον.
900 2554 1125 2618 Πάντως
1147 2553 1203 2607 δὲ
1225 2553 1328 2607 κᾶν
1359 2552 1460 2616 τὰς
1485 2551 1689 2623 ἀρετὰς
1717 2552 1846 2624 εἴπῃ

257 2637 356 2700 τὸν
375 2647 596 2718 εἰρήνης
623 2646 856 2717 στρατὸν
875 2647 1012 2717 πρὸς
1038 2646 1105 2710 ἃς
1127 2646 1231 2718 χρὴ
1257 2645 1484 2715 φιλικῶς
1503 2646 1648 2717 ἔχειν
1674 2648 1845 2716 ἡμᾶς.

257 2741 365 2792 οὐκ
407 2739 511 2804 ἔξω
551 2741 651 2810 τῆς
695 2740 1050 2812 ἀποδοθείσης
1081 2739 1319 2802 διανοίας
1359 2739 1469 2804 ἕξει
1512 2740 1604 2794 τὸν
1647 2741 1806 2809 λόγον
1830 2759 1843 2773 ·

257 2829 396 2884 ειότι
428 2832 536 2884 πᾶν
571 2831 772 2901 ἀρετῆς
805 2831 976 2901 ὄνομά
995 2847 1054 2883 τε
1079 2831 1170 2884 καὶ
1195 2830 1393 2900 νόημα,
1428 2831 1506 2892 είς
1527 2820 1617 2881 τδν
1643 2829 1847 2898 Κύριον

257 2922 372 2975 τῶν
401 2921 613 2993 ἀρετῶν
643 2921 996 2992 ἀναφέρεται.

1942 621 2200 692 princeps
2234 619 2544 692 cupiarum.
2586 635 2604 670 ι
2645 615 2703 672 Si
2732 623 2914 672 autem
2956 613 3331 670 intelleximus
3378 630 3530 686 quae-

1943 727 2067 768 nam
2103 711 2214 768 sint
2243 711 2385 766 bona
2425 709 2479 763 in
2507 709 2649 764 bello
2689 706 2919 772 auxilia,
2955 714 3010 761 et
3042 705 3298 776 quisnam
3330 704 3402 760 sit
3434 706 3530 776 qui

1942 813 2140 877 praeest
2179 803 2523 870 hellisociis,
2553 802 2734 858 fmdus
2762 816 2888 857 cum
2917 816 2983 857 eo
3008 801 3278 863 ineamus,
3319 799 3386 854 ad
3409 799 3531 869 ejus

1943 896 2244 966 potentiam
2274 893 2680 964 confugiamus,
2711 892 2759 947 ei
2801 892 2977 946 simus
3017 890 3180 946 amici
3219 893 3313 961 qui
3344 898 3531 944 tantas

1944 987 2107 1044 habet
2133 987 2345 1058 copias.
2382 985 2651 1053 Quisnam
2687 985 2760 1042 sit
2793 992 2978 1041 autem
3030 984 3229 1038 modus
3275 983 3536 1038 ineunda:

1944 1094 2162 1137 cumeo
2220 1078 2615 1135 familiaritatis
2650 1087 2705 1134 et
2733 1076 3190 1141 necessitudinis,
3221 1075 3385 1131 docet
3427 1091 3532 1132 nos

1945 1169 2040 1240 qui
2075 1168 2218 1224 hanc
2265 1167 2566 1223 amicitiam
2623 1167 2882 1222 conciliat
2923 1181 3160 1236 magnus
3198 1165 3528 1235 Apostolus,

1946 1275 2072 1316 cum
2106 1259 2278 1315 dicit:
2315 1277 2333 1311 ι
2369 1257 2668 1314 Justiﬁcati
2697 1273 2827 1328 ergo
2859 1273 2924 1312 ex
2961 1257 3087 1323 ﬁde,
3124 1271 3315 1327 pacem
3359 1254 3533 1313 babe-

1947 1367 2072 1408 mus
2099 1351 2245 1422 apud
2277 1351 2446 1407 Deum
2476 1351 2522 1384 ⁵⁸
2553 1368 2568 1418 ;
2600 1369 2617 1402 ι
2652 1359 2703 1406 et
2733 1365 2928 1406 rursus
2956 1364 2970 1403 :
3010 1367 3028 1401 ι
3061 1348 3167 1404 Pro
3200 1348 3422 1404 Christo
3451 1348 3534 1404 le-

1946 1445 2169 1517 gatione
2200 1443 2504 1514 fungimur,
2530 1452 2792 1512 tanquam
2812 1442 2921 1498 Deo
2946 1457 3044 1512 per
3075 1457 3178 1498 nos
3205 1441 3536 1497 exhortante

1947 1551 2210 1608 rogamus
2223 1551 2323 1608 pro
2338 1535 2564 1593 Christo
2591 1556 2603 1590 :
2633 1534 3091 1594 Reconciliamini
3109 1533 3218 1590 Deo
3234 1534 3302 1589 ".
3316 1557 3334 1585 ι
3357 1533 3536 1600 Quan-

1949 1626 2043 1683 diu
2078 1627 2224 1682 enim
2256 1626 2464 1683 fuimus
2505 1636 2702 1681 natura
2727 1626 2822 1680 ﬁlii
2852 1625 2966 1688 irae,
3003 1622 3258 1679 iaciendo
3285 1638 3404 1693 quas
3424 1612 3552 1678 non.

1950 1718 2324 1781 conveniunt,
2369 1716 2578 1773 fuimus
2627 1717 2682 1771 in
2741 1716 2811 1771 iis
2847 1716 2941 1786 qui
3011 1716 3420 1784 adversantur;
3469 1715 3539 1772 ad

1953 1808 2234 1864 dexteram
2274 1815 2457 1864 autem
2489 1807 2764 1864 Altissimi
2795 1807 3005 1862 fuimus
3054 1806 3333 1873 collocati,
3368 1805 3541 1876 depo-

1882 1884 1922 1943 Β
1953 1901 2059 1958 sita
2086 1901 2371 1972 impietate
2401 1908 2476 1967 et
2519 1900 2885 1956 saeuularibu‘s
2925 1897 3244 1964 desideriis,
3301 1898 3541 1954 vivendo

1949 2003 2160 2060 sancte,
2194 1995 2364 2064 juste,
2396 2002 2450 2050 et
2476 1993 2584 2063 pie.
2629 1991 2734 2048 Per
2777 1992 2920 2047 banc
2969 2007 3159 2063 pacem
3217 2006 3362 2047 verae
3414 1992 3538 2062 paci

1949 2084 2348 2154 copulabimur.
2405 2081 2481 2138 De
2524 2097 2592 2137 eo
2649 2083 2799 2138 enim
2860 2083 2940 2138 sic
2999 2081 3137 2138 dicit
3194 2081 3536 2152 Apostolus:

1954 2196 1973 2230 ι
2009 2175 2130 2247 Ipse
2161 2186 2246 2231 est
2274 2189 2380 2246 pax
2423 2180 2614 2230 nostra
2640 2175 2707 2228 °°.
2749 2192 2768 2226 ι
2808 2172 2924 2229 Hoc
2965 2173 3176 2229 dictum
3214 2182 3300 2229 est
3325 2173 3448 2227 linis
3482 2184 3540 2229 et

1946 2283 2162 2326 summa
2191 2281 2382 2324 eorum
2410 2282 2535 2338 qua:
2591 2267 2728 2321 ﬁunt
2764 2267 2818 2321 in
2882 2276 3153 2337 tempore.
3187 2264 3246 2319 ln
3287 2274 3541 2336 tempere

1947 2362 2096 2418 enim
2139 2362 2325 2418 omnia
2371 2359 2556 2417 facere
2604 2359 2786 2416 edocti
2848 2374 3064 2424 sumus,
3104 2366 3163 2412 ut
3223 2359 3328 2413 hoc
3380 2358 3540 2412 nobis

1949 2439 2207 2511 effectum
2265 2452 2589 2518 reddamus,
2630 2467 2829 2521 nempe
2862 2458 2924 2507 ut
2977 2466 3170 2522 pacem
3235 2450 3540 2506 habeamus

1949 2548 2094 2620 apud
2131 2548 2324 2615 Deum,
2356 2554 2648 2618 propterea
2675 2545 2822 2616 quod
2868 2544 3058 2600 hostili
3091 2552 3146 2600 et
3179 2543 3384 2599 infesto
3415 2544 3538 2596 ani-

1950 2656 2038 2697 mo
2062 2640 2623 2696 fuerimus-adversus
2650 2637 3054 2693 adversarium.
3081 2634 3317 2691 Omnino
3350 2642 3537 2690 autem

1949 2735 1996 2791 si
2036 2735 2163 2804 quis
2194 2733 2396 2788 dixerit
2426 2733 2662 2787 virtutes
2693 2746 2816 2786 esse
2844 2729 3148 2786 exercitum
3194 2729 3365 2798 pacis,
3410 2743 3537 2782 cum

1949 2825 2150 2896 quibus
2177 2821 2393 2894 oportet
2426 2838 2528 2877 nos
2561 2813 2720 2892 j‘ungi
2762 2821 3176 2902 amicitiannon
3212 2827 3370 2876 extra
3411 2834 3538 2875 eum

1949 2920 2042 2989 qui
2069 2920 2233 2974 datus
2263 2927 2347 2973 est
2376 2931 2598 2974 sensum
2623 2915 2858 2971 deducet
2887 2919 3196 2969 orationem
3228 2933 3242 2968 :
3275 2913 3533 2985 quando-

1951 3014 2174 3084 quidem
2203 3027 2368 3067 omne
2408 3010 2633 3066 virtutis
2655 3022 2855 3065 nomen
2885 3017 2941 3064 et
2969 3009 3269 3080 cogitatum
3304 3007 3543 3064 refertur

1951 3105 2022 3161 ad
2057 3104 2350 3160 Dominum
2383 3102 2671 3158 virtutum.

337 3187 449 3253 Καὶ
475 3186 527 3250 τί
555 3198 620 3253 ἄν
649 3215 734 3261 τις
770 3188 827 3251 ὲν
857 3198 971 3261 τοῖς
1009 3184 1272 3260 τοιούτοις
1297 3183 1389 3250 τδν
1418 3195 1576 3264 λόγον
1607 3195 1846 3268 μηκύνῃ,

2024 3196 2349 3265 Quanquam
2386 3193 2520 3263 quid
2555 3192 2612 3248 in
2652 3191 2741 3248 his
2771 3189 3078 3261 prolixiori
3124 3203 3263 3262 opus
3298 3187 3382 3245 est
3416 3194 3544 3244 ora-

264 3289 470 3344 ίκανῶν
520 3288 690 3342 ὅντων
733 3289 828 3362 καὶ
879 3287 987 3341 τῶν
1036 3288 1344 3360 εἰρημένων
1394 3287 1700 3357 ἐκκαλύψαι
1749 3289 1849 3358 τὴν

265 3378 599 3450 ὲγκειμένην
637 3381 750 3440 τοῖς
795 3379 979 3450 ῥητοῖς
1025 3366 1304 3443 διάνοιανξ
1359 3377 1496 3430 Ἀλλ’
1543 3379 1730 3450 ἐπειδὴ
1766 3378 1854 3432 διὰ

263 3469 492 3528 τούτων.
506 3509 544 3523 ..
564 3469 664 3539 τὴν
684 3468 860 3537 ψυχὴν
884 3465 976 3519 τοῦ
1001 3465 1488 3537 προπαιδευθέντος
1508 3467 1568 3518 ὲν
1592 3468 1703 3530 τοῖς
1723 3465 1856 3537 ὑψη-

265 3561 381 3625 λοῖς
418 3560 632 3624 τούτοις
681 3561 987 3632 μαθήμασι,
1029 3559 1190 3615 πάλιν
1237 3560 1429 3627 ἀνάγει
1467 3560 1605 3630 πρὸς
1645 3559 1855 3630 ὑψηλήν

265 3665 391 3710 τινα
419 3658 752 3710 κατάστασιν
797 3654 894 3726 τὴν
920 3654 1101 3724 ψυχὴν
1129 3653 1225 3708 τοῦ
1263 3655 1532 3724 ἑπομένου
1565 3653 1644 3724 τῷ
1675 3655 1852 3726 λόγῳ,

267 3747 365 3802 καί
395 3763 528 3816 φησι
547 3762 560 3776 ο
601 3745 698 3808 Τίς
738 3745 1028 3816 περισσεία
1058 3745 1150 3798 τοῦ
1191 3743 1469 3808 ποιοῦντος
1501 3748 1558 3798 ἐν
1585 3740 1666 3810 οἷς
1693 3739 1856 3810 αὐτὸς

271 3839 499 3912 μοχθεῖ;
530 3840 706 3910 Ὅπερ
727 3834 843 3892 ἶσόν
864 3837 1072 3909 ἐστιτῷ
1093 3839 1288 3892 εἰπεῖνδ
1319 3839 1384 3890 Τί
1413 3839 1478 3891 ὲκ
1501 3838 1609 3891 τῶν
1643 3838 1855 3909 μόχθων

269 3932 379 3987 τῶν
422 3931 782 4002 ἀνθρωπίνων
827 3932 1069 3997 πάντων,
1099 3931 1160 3996 ἐξ
1193 3924 1268 3985 ὧν
1306 3921 1458 3984 οὐδέν
1491 3933 1609 3984 ἐστι
1656 3933 1853 3997 πλέους

270 4025 552 4097 Γεωργεῖ,
601 4013 974 4086 ναυτίλλεται,
1024 4025 1436 4095 στρατιωτικοῖς
1487 4024 1860 4092 ὲγκακοπαθεῖ

270 4115 478 4181 πόνοις,
516 4114 919 4185 ἐμπορεύεται,
963 4112 1287 4184 ζημιοῦται,
1320 4112 1613 4185 κερδαίνει,
1641 4113 1859 4180 δικάζε-

268 4225 362 4262 ται
391 4247 405 4272 ,
444 4207 706 4278 μάχεται,
741 4197 994 4276 ἡττηθεὶς
1031 4205 1265 4277 ἀπῆλθε,
1293 4205 1394 4276 τὴν
1427 4206 1667 4260 νικῶσαν
1697 4207 1859 4278 φέρε-

269 4317 362 4354 ται
418 4299 634 4370 ψῆφον,
698 4297 1071 4362 ταλανίζεται,
1127 4299 1517 4370 μακαρίζεται,
1569 4289 1717 4370 μένει
1773 4301 1860 4370 ἐφ-

258 4390 472 4456 έστιος,
503 4390 561 4442 ὲν
592 4388 892 4458 ἀλλοτρίοις
925 4387 1219 4442 πλανᾶται·
1253 4390 1432 4443 πάντα
1475 4390 1578 4444 ὅσα
1606 4391 1858 4460 ὁρώμενα

273 4482 416 4537 κατὰ
447 4481 540 4534 τὸν
575 4481 690 4552 βίον
731 4481 790 4534 ὲν
824 4480 1088 4543 ποικίλοις
1123 4481 1572 4552 ἐπιτηδεύμασιν,
1619 4482 1755 4536 ἄλλα
1800 4485 1859 4536 ὲν

1959 3289 2129 3356 tione,
2163 3303 2289 3342 cum
2326 3286 2603 3342 sulliciant
2633 3299 2756 3354 qua:
2807 3283 2955 3338 dicta
2999 3289 3131 3338 sunt
3179 3281 3246 3336 ad
3283 3283 3542 3352 aperien-

1956 3381 2088 3436 dum
2121 3386 2342 3437 sensum
2369 3377 2463 3448 qui
2497 3383 2583 3432 est
2615 3377 2672 3430 in
2700 3374 2928 3430 verbis?
2964 3373 3325 3444 Posteaquam
3360 3383 3542 3428 autem

1959 3483 2055 3546 per
2086 3474 2200 3529 haec
2237 3471 2502 3528 excitavit
2537 3469 2784 3523 animum
2813 3469 2935 3535 ejus
2970 3469 3060 3537 qui
3095 3468 3195 3522 fuit
3225 3468 3380 3539 prius
3415 3481 3546 3522 eru-

1959 3566 2107 3620 ditus
2135 3565 2190 3618 in
2220 3563 2308 3616 his
2338 3563 2466 3618 altis
2507 3561 2878 3623 documentis,
2917 3550 2986 3616 ad
3029 3560 3198 3612 altum
3249 3560 3540 3629 quEmdam

1959 3665 2162 3714 statum
2191 3657 2415 3712 sustulit
2439 3657 2678 3710 animam
2711 3653 2832 3723 ejus
2857 3655 2951 3724 qui
2976 3653 3228 3723 sctjuilu'i'
3255 3655 3543 3719 ratiOnem,

1957 3751 2012 3807 et
2043 3750 2156 3804 ait:
2188 3749 2322 3814 Qnte
2357 3736 2538 3817 major
2570 3746 2911 3801 abundantia
2945 3745 3066 3814 ejus
3101 3745 3196 3815 qui
3226 3735 3358 3798 facit
3387 3745 3442 3798 in
3477 3745 3545 3799 iis

1959 3841 2016 3896 in
2047 3840 2248 3911 quibus
2278 3839 2396 3910 ipse
2421 3835 2679 3894 laborat?
2703 3837 2857 3904 Quod
2895 3831 3120 3908 perinde
3167 3844 3252 3890 est
3282 3850 3348 3890 ac
3379 3835 3424 3890 si
3461 3834 3547 3889 di-

1961 3941 2128 3996 ceret,
2159 3930 2302 3996 Quid
2337 3946 2401 3985 ex
2430 3929 2687 3984 humanis
2715 3929 2970 3984 omnibus
2994 3927 3300 3992 laboribus,
3335 3935 3401 3982 ex
3425 3928 3549 3996 qui-

1960 4028 2062 4083 bus
2083 4025 2307 4081 nihilad
2323 4041 2446 4080 eum
2467 4024 2609 4079 redit
2627 4023 2864 4093 amplius
2886 4024 2908 4077 ?
2933 4021 3109 4093 Agros
3129 4021 3278 4083 c’olit,
3300 4020 3544 4091 navigat,

1961 4117 2292 4172 ’militaribus
2309 4113 2595 4170 laboribus
2617 4114 2902 4184 allligitur,
2920 4119 3284 4167 mercaturam
3305 4121 3545 4179 exercet,

1961 4209 2220 4263 damnum
2264 4207 2490 4277 patitur,
2530 4205 2798 4270 lucratur,
2840 4202 3055 4272 litigat,
3098 4210 3333 4272 pugnat,
3380 4216 3549 4257 causa

1963 4302 2129 4364 cadit,
2159 4299 2433 4356 sententia
2470 4298 2596 4354 data
2640 4297 2789 4351 litem
2816 4296 3013 4360 vincit,
3045 4293 3230 4349 infelix
3267 4305 3545 4361 censetur,

1966 4394 2160 4449 beatus
2186 4391 2556 4452 existimatur,
2589 4389 2738 4443 dumi
2780 4389 2990 4450 manet,
3032 4397 3179 4441 errat
3211 4385 3355 4456 apud
3393 4395 3550 4441 exte-

1963 4497 2095 4542 ros:
2132 4484 2317 4540 omnia
2371 4490 2494 4553 qua
2530 4483 2584 4535 in
2620 4475 2723 4535 bac
2764 4481 2877 4533 vita
2924 4484 3230 4533 cernuntur
3280 4479 3334 4532 in
3370 4478 3543 4534 variis

272 4574 472 4636 ἄλλοις.
504 4574 570 4626 Τί
603 4563 758 4643 φέρει
790 4564 954 4626 πλέον
979 4571 1058 4642 τῷ
1082 4573 1169 4627 διὰ
1194 4573 1302 4626 τῶν
1333 4572 1588 4627 τοιούτων
1611 4575 1702 4628 τὸν
1726 4576 1851 4629 ἴδιον

1966 4579 2188 4640 studiis,
2226 4578 2330 4630 alia
2371 4576 2424 4630 in
2463 4576 2607 4630 aliis.
2645 4568 2791 4640 Quid
2832 4574 2880 4627 ei
2911 4573 3005 4641 qui
3061 4579 3158 4641 per
3210 4571 3324 4627 haec
3389 4576 3548 4627 suam

271 4664 585 4720 δαπανῶντι
636 4665 750 4734 βίον
795 4665 828 4734 ἡ
869 4664 999 4735 περὶ
1057 4663 1230 4717 ταῦτα
1279 4663 1516 4734 σπουδήξ
1568 4665 1680 4736 Ούχ
1720 4665 1854 4736 ὁμοῦ

274 4775 337 4811 τε
382 4756 444 4810 τὸ
497 4758 602 4828 ζῇν
649 4754 966 4816 ἐπαύσατο,
1027 4753 1122 4808 καὶ
1175 4753 1314 4825 λήθῃ
1367 4754 1724 4826 exemisset}
1791 4755 1860 4809 τά

273 4851 492 4904 πάντα·
541 4851 637 4904 καὶ
686 4847 951 4919 μονωθεὶς
992 4846 1100 4900 τῶν
1147 4846 1603 4916 σπουδαζομένων
1650 4840 1863 4918 γυμνὸς

272 4944 501 5013 οἴχεται,
527 4931 867 5012 ἐπαγόμενος
883 4939 1000 5010 μεθ’
1018 4938 1212 4992 ἑαυτοῦ
1239 4939 1346 4991 τῶν
1369 4939 1496 5010 τῇδε
1521 4941 1864 5010 πραγμάτων

272 5033 453 5096 οὐδὲν,
495 5033 634 5104 πλὴν
668 5034 766 5103 τῆς
800 5033 892 5085 ἐπὶ
924 5034 1038 5095 τοῖς
1079 5032 1365 5102 πράγμασι
1420 5031 1586 5103 μόνης
1619 5032 1861 5104 συνειδή-

274 5139 450 5186 σεως;
478 5122 607 5192 παρ’
640 5117 706 5194 ἧς
742 5123 940 5196 τρόπον
967 5122 1088 5176 τινὰ
1117 5123 1255 5191 αῦτη
1292 5121 1430 5192 μετὰ
1463 5120 1622 5175 τοῦτο
1653 5123 1863 5191 γίνεται

271 5218 358 5276 εις
382 5214 472 5267 τὸν
504 5216 731 5285 οὐρανὸν
759 5217 792 5285 ἡ
836 5215 1135 5286 φωνὴ,’τὸν
1167 5214 1256 5269 διὰ
1283 5215 1393 5268 τῶν
1418 5213 1672 5269 τοιούτων
1700 5217 1864 5286 ἀσχο-

271 5306 409 5360 λιῶν
442 5307 901 5378 ωμπλανηθέντα
940 5307 1017 5377 τῷ
1055 5308 1176 5378 βίῳ,
1217 5309 1298 5362 ὅτι
1327 5308 1423 5371 Τίς
1453 5309 1737 5379 περισσεία
1771 5309 1863 5377 γέ-

272 5389 402 5467 γονέ
446 5417 526 5453 σοι
557 5400 666 5453 τῶν
701 5399 911 5453 πολλῶν
941 5400 1162 5454 ἐκείνων
1193 5401 1370 5453 πόνων
1409 5402 1467 5453 ἐν
1505 5396 1589 5464 οἷς
1627 5400 1864 5472 ἐμόχθη-

277 5510 409 5557 σας;
441 5493 552 5546 Ποῦ
598 5496 654 5547 αί
689 5494 936 5566 λαμπραὶ
969 5494 1175 5558 οἰκίαις
1210 5493 1318 5547 Ποῦ
1352 5493 1420 5547 τά
1459 5495 1861 5565 κατωρυγμένα

276 5583 543 5655 βαλάντια
561 5602 578 5648 ;
610 5585 719 5638 Ποῦ
751 5586 808 5638 αἱ
841 5558 1040 5654 χαλκαῖ
1067 5576 1274 5648 εἰκόνες
1294 5626 1308 5648 ,
1343 5585 1437 5638 καὶ
1465 5587 1519 5638 αἱ
1558 5585 1666 5638 τῶν
1695 5586 1863 5655 εὐφη-

277 5675 529 5748 μούντων
569 5678 772 5746 φωναίς
820 5677 951 5730 Ἰδοὺ
976 5678 1070 5730 νῦν
1101 5676 1213 5747 πῦρ
1242 5678 1336 5730 καὶ
1371 5678 1631 5748 μάστιγες
1656 5718 1672 5743 ,
1703 5679 1796 5730 καὶ
1826 5680 1859 5747 ἡ

359 5848 405 5883 ³⁸
448 5851 603 5908 llom.
649 5871 698 5920 ι’,
736 5854 783 5910 l.

1961 4670 2236 4726 consumit
2261 4669 2430 4722 vitam
2461 4666 2700 4734 amplius
2744 4664 2920 4730 aﬂ'ert,
2965 4663 3110 4733 quod
3147 4663 3202 4717 in
3267 4663 3334 4718 iis
3399 4663 3552 4734 ροηῑι

1964 4760 2206 4816 studium
2244 4768 2300 4813 et
2335 4758 2714 4813 industriam?
2757 4755 2954 4810 Annon
2989 4755 3351 4825 simulatque
3386 4754 3550 4810 desiit

1964 4853 2169 4916 vivere,
2203 4845 2564 4903 (nimia-tecta
2596 4853 2724 4903 sunt
2759 4846 3073 4901 oblivione:
3104 4855 3158 4904 et
3190 4836 3259 4903 ab
3305 4849 3375 4902 iis
3417 4862 3552 4916 quoo'

1965 4959 2087 4998 rum
2118 4942 2304 4999 studio
2343 4942 2634 4996 tenebatur
2665 4940 2942 5007 desertus,
2982 4943 3092 4995 abit
3127 4940 3331 5004 nudus,
3365 4955 3549 4997 rerum

1968 5052 2091 5107 qua;
2118 5036 2208 5090 hic
2251 5041 2382 5090 sunt
2414 5033 2552 5088 nihil
2588 5047 2775 5089 secum
2811 5033 3068 5097 offerens,
3125 5039 3322 5102 prteter
3375 5033 3547 5086 solam

1969 5129 2252 5183 actionum
2292 5141 2519 5188 suarum
2554 5126 3002 5182 conscientiam?
3039 5139 3070 5179 a
3117 5141 3224 5193 qua
3275 5125 3390 5180 haec
3445 5126 3552 5179 v01

1968 5218 2377 5290 quodammodo
2411 5225 2536 5288 post
2571 5217 2678 5272 hoc
2715 5218 2772 5272 in
2810 5218 3008 5274 caelum
3045 5218 3303 5280 mittitur,
3331 5216 3397 5269 ad
3426 5226 3550 5270 eum

1967 5313 2062 5384 qui
2101 5327 2196 5382 per
2229 5310 2544 5379 hujusmodi
2578 5310 2976 5380 occupationes
3017 5307 3291 5363 aberravit
3340 5307 3395 5362 in
3454 5310 3556 5362 bac

1970 5406 2081 5462 vita
2107 5402 2277 5470 :Quid
2313 5403 2410 5457 tibi
2445 5403 2688 5474 amplius
2722 5402 2826 5458 fuit
2857 5406 2923 5457 ex
2965 5400 3154 5457 multis
3190 5400 3298 5455 illis
3349 5399 3557 5454 labori-

1971 5497 2075 5552 bus
2106 5505 2247 5566 ques
2276 5495 2569 5563 suscepisti
2594 5491 2618 5549 ἲ
2645 5491 2748 5549 Ubi
2778 5489 2909 5550 sunt
2932 5493 3210 5564 praeclara);
3240 5484 3428 5547 :edes?
3453 5489 3555 5546 Ubi

1971 5595 2102 5642 sunt
2131 5585 2366 5642 defossae
2388 5586 2710 5641 crumena?
2740 5585 2842 5641 Ubi
2868 5594 2999 5641 sunt
3031 5599 3197 5641 amem
3233 5584 3504 5654 imagines
3535 5614 3555 5649 ς

1972 5689 2024 5734 ct
2056 5677 2310 5734 laudibus
2344 5675 2743 5734 celebrantium
2778 5678 2983 5736 voces?
3022 5677 3168 5735 Ecce
3207 5693 3356 5735 nunc
3414 5677 3556 5746 ignis

862 5855 907 5885 ”
950 5853 987 5911 ll
1021 5853 1147 5908 Cor.
1184 5871 1234 5918 ν,
1275 5852 1364 5909 ἓθ.
1445 5855 1490 5883 ⁸ο
1533 5853 1728 5922 prcs.
1774 5869 1828 5919 It,
1880 5852 1966 5906 Hi
