3874 6360
407 383 506 440 751

1670 388 1725 444 S.
1757 380 2095 446 GREGORII
2123 382 2423 447 NYSSENI

3578 399 3693 457 73'!

402 502 459 554 et
489 496 718 572 ﬂagella,
747 508 798 554 et
823 499 1093 571 judicium
1130 500 1273 571 quod
1300 512 1477 570 neque
1503 501 1848 567 mulieribus,
1884 515 1983 558 nec

2090 506 2386 571 ἀδέκαστος
2405 508 2606 581 κρίσις,
2643 508 2735 562 καὶ
2761 511 2794 581 ἡ
2830 510 3270 583 ἀπαραλόγιστος
3285 512 3394 567 τῶν
3414 496 3688 585 βεϐιωμέ-

404 594 579 662 gratia
615 594 1015 664 corrumpitur,
1058 600 1112 648 et
1141 608 1261 663 quae
1313 592 1425 647 falli
1463 608 1574 649 non
1609 603 1791 665 potest
1836 603 1990 650 ante-

404 691 539 736 actae
570 684 693 737 vitae
723 684 1083 738 examinatio.
1121 682 1255 750 Quae
1299 692 1383 740 est
1413 699 1548 756 ergo
1591 684 1773 755 major
1815 687 1991 743 abun-

401 774 587 827 dantia
626 775 749 843 ejus
787 775 882 846 qui
916 775 1049 832 facit
1078 777 1133 831 in
1166 776 1234 833 iis
1272 793 1395 847 quae
1450 778 1569 849 ipse
1625 778 1882 834 laborat?
1924 777 1991 832 Et

401 875 647 934 postea,t
670 864 820 933 Vidi,
876 867 1080 938 inquit,
1138 868 1561 925 distractionem
1616 884 1781 940 quam
1839 868 1992 925 dedit

402 955 546 1010 Deus
572 955 700 1013 ﬁliis
731 942 1045 1023 hominum,
1083 964 1145 1013 ut
1194 959 1251 1015 in
1309 960 1494 1031 scipso
1541 960 1993 1016 distraherentur

401 1051 587 1105 omnia
622 1067 746 1122 quae
771 1050 903 1107 fecit
940 1052 1086 1109 bona
1119 1053 1175 1107 in
1232 1058 1482 1125 temp‘bre
1513 1069 1637 1110 suo.
1669 1052 1989 1121 Quinetiam

400 1158 579 1198 aevum
611 1143 765 1200 dedit
804 1145 860 1200 in
907 1146 1078 1201 corde
1111 1147 1381 1216 ipsorum,
1419 1161 1487 1203 ne
1524 1147 1771 1203 inveniat
1822 1146 1992 1203 homo

404 1248 540 1306 opus
563 1236 712 1307 quod
738 1236 873 1293 fecit
910 1231 1054 1291 Deus
1077 1235 1146 1291 ab
1165 1237 1321 1293 initio
1342 1250 1515 1307 usque
1534 1233 1602 1289 ad
1628 1233 1847 1289 [meum
1875 1236 1992 1294 cur

402 1339 518 1382 haec
549 1326 734 1383 dicit?
764 1327 1002 1401 Agnovi,
1034 1328 1236 1400 inquit,
1270 1329 1548 1383 nndenam
1580 1343 1612 1382 a
1644 1329 1754 1383 vita
1787 1329 1992 1386 distra-

399 1428 489 1473 cta
531 1420 604 1474 sit
642 1417 883 1474 humana
914 1427 1138 1485 natura,
1165 1420 1460 1475 occasione
1490 1427 1717 1490 accepta
1747 1435 1815 1475 ex
1849 1419 1990 1474 divi-

398 1511 488 1566 nis
529 1508 833 1567 beneﬂciis.
863 1509 1000 1565 Nam
1033 1509 1180 1566 Deus
1220 1510 1444 1581 quidem
1482 1510 1551 1565 ad
1605 1512 1810 1566 bonum
1861 1510 1990 1566 fecit

401 1605 613 1670 omnia,
643 1611 698 1660 et
723 1605 791 1659 iis
820 1604 915 1675 qui
945 1619 1139 1660 eorum
1171 1621 1293 1676 quae
1319 1613 1450 1660 sunt
1483 1605 1786 1675 participes
1834 1611 1985 1669 sunt,

400 1696 550 1752 dedit
583 1697 856 1752 rationem
896 1713 1006 1769 qua
1042 1697 1365 1753 discernunt
1395 1697 1447 1751 id
1474 1697 1623 1767 quod
1649 1706 1735 1753 est
1765 1697 1985 1761 melius,

400 1790 498 1857 per
534 1803 698 1858 quant
729 1788 915 1857 agnita
948 1790 1340 1860 opportunitas
1382 1788 1577 1860 judicii
1615 1788 1987 1858 uniuscujus-

2092 615 2199 652 νων
2223 599 2488 665 ἐξέτασις.
2517 600 2612 664 Τίς
2643 597 2739 655 οὖν
2769 604 3065 675 περισσεία
3088 603 3185 658 τοῦ
3207 604 3488 669 ποιοῦντος
3519 608 3577 659 ὲν
3598 600 3689 669 οἷς

2093 690 2254 756 αὐτὸς
2283 691 2503 763 μοχθεῖ;
2531 693 2643 747 Καὶ
2680 694 2818 764 μετὰ
2841 695 3035 760 ταῦτα,
3060 716 3079 748 ι
3098 693 3273 761 Εἶδον,
3301 716 3322 750 ι
3356 698 3509 769 φησὶ,
3547 698 3687 752 «τὸν

2093 787 2476 858 περισπασμὸν
2501 786 2563 842 δν
2600 786 2770 841 ἔδωκε
2803 790 2916 853 τοῖς
2946 791 3082 853 υίοϊς
3110 789 3219 844 τῶν
3253 788 3552 861 ἀνθρώπιον
3580 788 3686 844 τοῦ

2093 878 2467 948 περισπᾶσθαι
2493 881 2553 933 ἑν
2575 879 2755 951 ἑαυτῷ
2786 879 2857 934 τὰ
2884 880 3197 952 σύμπαντα,
3225 881 3263 936 ἃ
3282 882 3507 952 εποίησε
3535 881 3687 936 καλά

2092 970 2150 1024 ὲν
2177 971 2355 1044 καιρῷ
2382 971 2569 1026 αὑτοῦ.
2607 972 2717 1026 Καί
2747 989 2811 1039 γε
2845 973 2939 1028 τὸν
2973 973 3146 1028 αίῶνα
3174 972 3373 1028 ἔδωκεν
3395 974 3453 1027 ἑν
3480 972 3689 1045 καρδία

2091 1061 2293 1128 αὐτῶν,
2319 1065 2467 1128 ὅπως
2506 1064 2581 1137 μὴ
2614 1066 2749 1137 εῦρῃ
2779 1064 3065 1137 ἄνθρωπος
3100 1066 3161 1120 τὸ
3187 1066 3400 1137 ποίημα
3427 1064 3455 1118 ὃ
3491 1066 3694 1134 ἑποίη-

2093 1168 2186 1209 cev
2207 1158 2235 1209 ὁ
2260 1155 2392 1220 Θεὸς
2419 1158 2513 1211 ἀπ’
2535 1158 2711 1230 ἀρχῆς
2743 1157 2904 1230 μέχρι
2929 1157 3136 1222 τέλους.
3163 1177 3182 1211 t
3200 1156 3268 1211 Τί
3297 1156 3468 1212 ταῦτα
3488 1157 3646 1226 λέγει
3668 1172 3688 1224 ;

2104 1247 2399 1317 Ἐπέγνων,
2436 1249 2622 1321 φησιν,
2652 1248 2776 1303 ὅθεν
2801 1248 3180 1321 περιεσπάσθη
3213 1249 3315 1320 τῆς
3337 1248 3481 1320 ζωῆς
3508 1250 3541 1320 ἡ
3574 1250 3684 1304 άνο

2091 1337 2336 1411 θρωπίνη
2377 1339 2559 1409 φύσις,
2593 1342 2658 1394 ἑκ
2695 1339 2803 1395 τῶν
2830 1340 2989 1395 θείων
3017 1340 3347 1413 εὐεργεσιιῖιν
3375 1339 3474 1405 τὰς
3500 1340 3689 1412 ἀφορ-
3740 1360 3747 1369 δ

2093 1430 2201 1499 μὰς
2219 1430 2481 1487 λαϐοῦσα.
2500 1432 2560 1485 '0
2579 1433 2676 1504 μὲν
2695 1433 2805 1505 γὰρ
2832 1433 2919 1486 ἐπ’
2940 1432 3132 1504 ἀγαθῷ
3148 1431 3217 1487 τά
3236 1434 3412 1489 πάντα
3427 1432 3685 1505 ἐποίησε,

2090 1522 2185 1574 καὶ
2216 1522 2474 1594 λογισμὸν
2508 1522 2675 1577 ἔδωκε
2710 1526 2822 1587 τοῖς
2859 1523 2968 1577 τῶν
2999 1524 3172 1577 ὄντων
3222 1524 3508 1596 μετέχουσι
3558 1524 3691 1580 δια-

2090 1614 2333 1686 κριτικὸν
2353 1613 2447 1667 τοῦ
2471 1612 2763 1685 βελτίονος,
2790 1614 2858 1667 δι’
2885 1605 2949 1666 οὗ
2968 1616 3003 1686 ἡ
3030 1614 3283 1686 εὐκαίρια
3311 1614 3407 1685 τῆς
3438 1614 3688 1668 ἑκάστου

2088 1704 2340 1776 χρήσεως
2371 1705 2773 1775 ἑπιγνωσθεῖσα
2812 1706 2912 1778 τὴν
2944 1706 3038 1760 τοῦ
3080 1706 3249 1760 καλοῦ
3284 1706 3534 1777 αἴσθησιν
3563 1709 3690 1771 τοῖς

2090 1799 2453 1871 κεχρημένοις
2501 1798 2807 1871 χαρίζεται.
2871 1797 3090 1869 Ἐπειδὴ
3135 1798 3193 1851 δὲ
3243 1797 3532 1868 ἀπεσφάλη
3576 1798 3691 1868 τῆς

398 1896 524 1950 que,
558 1881 688 1935 boni
735 1887 791 1937 et
829 1882 1044 1937 honesti
1091 1896 1317 1938 sensum
1354 1881 1563 1952 praebet
1597 1882 1665 1937 iis
1697 1882 1791 1952 qui
1827 1890 1983 1935 utun-

2088 1863 2431 1965 deliberem
2634 1892 2806 1946 ὄντων
2844 1863 3114 1966 κρίσεως,
3144 1890 3233 1946 διὰ
3262 1863 3691 1963 πονηρᾶς-πελ-

396 1982 505 2028 tur.
542 1972 812 2040 Quoniam
852 1984 1038 2031 autem
1084 1975 1274 2046 lapsus
1302 1983 1386 2030 est
1412 1989 1442 2028 a
1474 1981 1625 2030 recto
1651 1973 1718 2029 de
1747 1973 1815 2030 iis
1860 1966 1984 2043 qua:

395 2075 545 2133 sunt,
574 2066 804 2137 judicio,
832 2082 932 2138 per
966 2066 1172 2123 malum
1204 2067 1498 2123 consilium
1535 2080 1764 2122 aversus
1794 2080 1825 2120 a
1852 2080 1985 2121 con-

393 2162 565 2217 stanti
594 2161 829 2225 ratione,
864 2176 1120 2217 recessus
1151 2176 1183 2216 a
1211 2168 1482 2230 tempore,
1510 2159 1566 2214 id
1592 2159 1742 2230 quod
1783 2167 1869 2215 est
1927 2158 1984 2213 in

395 2269 727 2324 unoquoque
772 2253 929 2318 utile,
967 2254 1135 2309 vertit
1162 2253 1219 2307 in
1262 2251 1631 2307 contrarium.
1683 2250 1750 2307 Ut
1779 2253 1825 2307 si
1857 2253 1985 2323 quis

396 2346 452 2399 in
481 2360 667 2400 mensa
697 2345 985 2416 proposito
1010 2344 1158 2398 omni
1183 2346 1450 2413 apparatu
1473 2343 1735 2410 convivii,
1758 2350 1811 2397 et
1837 2343 1987 2398 vasis

393 2436 725 2507 quibusdam
782 2437 928 2507 aptis
984 2435 1052 2491 ad
1095 2435 1411 2508 apparanda
1469 2435 1769 2499 alimenta,
1822 2435 1986 2491 simul

394 2529 561 2582 ctiam
597 2542 660 2583 ea
691 2526 1012 2597 apposuerit
1037 2541 1161 2597 quae
1196 2525 1265 2581 ab
1297 2526 1365 2581 iis
1395 2534 1665 2596 parantur
1703 2523 1800 2596 qui
1832 2523 1984 2580 delc.

393 2626 618 2674 ctantur
652 2616 971 2688 huiusmodi
1031 2617 1294 2681 artiﬁcio,
1349 2624 1446 2672 aut
1483 2618 1718 2672 subtiles
1751 2614 1984 2689 gladios,

392 2727 488 2783 per
521 2726 660 2783 quos
694 2711 941 2767 convivae
975 2710 1082 2767 sibi
1116 2710 1371 2766 dividunt
1396 2710 1606 2782 aliquid
1647 2725 1712 2765 ex
1766 2709 1834 2766 iis
1863 2724 1986 2780 qua:

393 2811 523 2859 sunt
551 2804 823 2874 apposita,
864 2809 960 2857 aut
989 2814 1250 2874 argentea
1274 2803 1611 2869 cochlearia,
1639 2801 1842 2872 quibus
1864 2817 1987 2871 qua:

392 2900 449 2953 in
478 2900 649 2954 altera
679 2898 800 2968 ejus
834 2904 993 2967 parte
1027 2909 1109 2953 est
1161 2897 1400 2965 cavitas,
1438 2896 1587 2953 facta
1627 2905 1713 2954 est
1770 2905 1830 2953 ut
1862 2905 1987 2968 apte

391 2999 448 3046 et
484 2989 731 3061 apposite
769 3003 830 3044 se
860 2989 1088 3043 haberet
1112 2989 1179 3043 ad
1213 2989 1536 3059 pollentam.
1587 2986 1795 3044 Deinde
1835 2990 1980 3059 quiec

392 3084 540 3154 piam
576 3098 639 3138 ex
681 3082 749 3138 iis
781 3082 873 3152 qui
907 3089 1038 3136 sunt
1065 3081 1354 3136 convocati
1384 3081 1451 3135 ad
1475 3081 1815 3147 convivium,
1862 3097 1986 3136 mtt-

2088 1986 2287 2057 ϐουλῆς
2341 1985 2726 2059 παρατραπεὶς
2773 1983 2877 2038 τοῦ
2916 1983 3260 2049 καθεστῶτος
3306 1984 3567 2056 λογισμοῦ
3597 2025 3614 2049 ,
3646 1988 3685 2055 ἢ

2088 2078 2375 2151 ὑπαλλαγὴ
2418 2078 2513 2132 τοῦ
2559 2077 2756 2149 καιροῦ
2792 2079 2854 2132 τὸ
2893 2077 2978 2147 ἐφ’
3011 2079 3244 2133 ἑκάστου
3294 2079 3564 2150 χρήσιμον
3600 2081 3689 2143 εἰς

2089 2173 2343 2227 ἐναντίαν
2368 2170 2564 2244 ἔτρεψε
2590 2164 3056 2243 πεῖρανῘὪσπερ
3085 2171 3138 2224 εἴ
3166 2186 3253 2235 τις
3275 2170 3369 2223 ἑπὶ
3399 2168 3690 2241 τραπέζης

2088 2264 2270 2316 πᾶσαν
2300 2260 2527 2332 προθεὶς
2555 2260 2913 2332 παρασκευὴν
2942 2259 3194 2330 εὐωχίας,
3233 2258 3327 2313 καὶ
3359 2258 3528 2329 σκεύη
3556 2257 3687 2311 τινὰ

2088 2356 2226 2428 πρὸς
2270 2354 2372 2427 τὴν
2412 2352 2515 2424 τῆς
2547 2353 2755 2426 τροφῆς
2800 2352 3093 2423 συνεργίαν
3135 2351 3456 2429 ἐπιτηδείως
3484 2350 3689 2421 ἔχοντα

2090 2446 2481 2520 συμπαραθείη
2502 2485 2518 2510 ,
2550 2439 2641 2500 οἷα
2666 2444 2731 2515 δὴ
2772 2441 2927 2516 παρὰ
2958 2443 3068 2497 τῶν
3102 2442 3171 2497 τά
3201 2440 3426 2495 τοιαῦτα
3457 2442 3685 2512 φιλοτε-

2088 2538 2359 2610 χνούντων
2403 2535 2945 2599 κατασκευάζονται,
2975 2534 3008 2604 ἢ
3040 2532 3246 2597 λεπτὰς
3295 2531 3570 2604 μαχαίρας
3611 2530 3688 2585 δι’

2088 2624 2165 2685 ὧν
2206 2630 2254 2684 οἱ
2282 2626 2604 2700 δαιτυμόνες
2642 2628 2857 2691 ἑαυτοῖς
2884 2643 2937 2679 τι
2971 2624 3311 2701 διαιροῦνται
3344 2623 3454 2678 τῶν
3482 2639 3689 2695 προτε-

2089 2722 2313 2787 θέντων,
2347 2721 2381 2792 ἢ
2411 2720 2512 2784 τάς
2539 2719 2792 2792 ἀργυρᾶς
2812 2718 3066 2790 περόνας,
3107 2714 3195 2781 αἷς
3227 2720 3261 2789 ἠ
3291 2719 3690 2789 συμπεφυκυῖα

2090 2809 2231 2865 κατὰ
2270 2810 2332 2863 τὸ
2369 2808 2554 2880 ἕτερον
2592 2809 2758 2881 μέρος
2790 2807 3062 2878 κοιλότης,
3102 2807 3238 2878 πρὸς
3266 2807 3326 2861 τὸ
3371 2806 3523 2871 ἔρθνος
3559 2809 3689 2861 ἑπι-

2089 2886 2483 2971 τηδείωςλέχειν
2512 2900 2808 2969 πεποίηται
2833 2913 2846 2927 ⁸
2893 2897 3085 2951 ἔπειτά
3121 2913 3203 2961 τις
3229 2895 3338 2951 τῶν
3363 2896 3450 2949 ἐπ’
3474 2896 3688 2967 εὐωχία

2091 2991 2552 3062 συγκεκλημένων
2617 2990 2932 3058 ὑπαλλάξας
2987 2990 3097 3042 τῶν
3142 2988 3521 3060 προκειμένων
3568 2977 3676 3059 τὴν

2089 3086 2309 3157 χρῆσιν,
2351 3084 2566 3155 ἑκάστῳ
2617 3082 2753 3155 πρὸς
2783 3083 2852 3137 τὰ
2890 3084 2964 3156 μὴ
3010 3084 3199 3138 δέοντα
3226 3081 3423 3154 χρῷτο,
3472 3082 3568 3135 καὶ
3604 3084 3678 3152 τῇ

395 3185 511 3248 tato
547 3191 651 3232 usu
689 3175 812 3245 ejus
843 3171 991 3246 quod
1016 3181 1102 3229 est
1130 3175 1502 3244 propositum,
1553 3182 1803 3229 uteretur
1849 3188 1983 3228 uno-

2094 3176 2340 3249 μαχαίρᾳ
2372 3176 2493 3248 μὲν,
2534 3175 2567 3246 ἢ
2619 3175 2813 3230 ἑαυτὸν
2861 3176 2896 3247 ἦ
2937 3194 3059 3229 τινα
3094 3175 3202 3231 τῶν
3252 3171 3687 3247 παρακειμένων

392 3283 615 3339 quoque
643 3267 709 3322 ad
734 3283 800 3323 ea
830 3282 954 3338 quae
982 3280 1108 3321 ‘non
1143 3267 1359 3331 decent,
1391 3274 1445 3321 et
1503 3266 1685 3338 gladio
1736 3266 1979 3338 quidem,

392 3358 890 3431 velseipsum,‘vel
927 3359 1164 3429 aliquem
1200 3374 1265 3415 ex
1304 3360 1371 3414 iis
1412 3360 1519 3429 qui
1550 3373 1724 3430 prope
1756 3373 1985 3414 accum-

397 3454 554 3518 bunt,
590 3459 844 3508 secaret:
892 3449 1171 3506 cochleari
1212 3458 1397 3505 autem
1434 3452 1523 3507 vel
1578 3451 1847 3522 proximi,
1895 3450 1983 3507 vel

392 3558 554 3600 suum
583 3543 810 3599 oculum
836 3542 1498 3615 expungerettdicere‘tur
1528 3544 1677 3615 quod
1714 3550 1981 3614 apparatu

393 3635 766 3692 convivatoris
799 3635 920 3706 ipse
942 3632 1011 3688 ad
1047 3634 1254 3689 malum
1287 3634 1495 3691 abusus
1526 3642 1631 3702 est,
1685 3649 1811 3691 cum
1865 3633 1983 3705 ipse

394 3728 613 3800 quidem
639 3728 733 3799 qui
764 3734 1126 3798 apparaverat
1153 3740 1379 3783 causam
1409 3742 1606 3783 eorum
1653 3742 1776 3798 qua:
1808 3741 1981 3782 even-

394 3832 517 3876 tura
547 3825 709 3877 erant
744 3834 855 3874 non
905 3810 1296 3890 disposuisset,
1363 3834 1550 3875 verum
1612 3821 1794 3875 malus
1844 3835 1980 3876 usus

393 3928 583 3969 eorum
618 3926 742 3983 quae
769 3919 928 3965 erant
954 3910 1228 3981 apposita,
1271 3910 1340 3964 ad
1368 3910 1476 3967 hoc
1503 3912 1707 3966 malum
1732 3911 1980 3968 deduxe-

390 4006 466 4060 rit
485 4020 611 4059 eum
636 4003 730 4074 qui
757 4003 1066 4058 inconsulte
1097 4017 1231 4057 usus
1248 4002 1416 4058 estiis
1446 4017 1567 4073 quae
1594 4011 1751 4058 erant
1782 4019 1981 4075 propo-

395 4097 523 4151 sita.
555 4094 654 4160 ita,
693 4094 894 4165 inquit,
927 4109 1029 4164 ego
1058 4109 1278 4164 quoque
1309 4093 1457 4159 novi,
1486 4096 1634 4165 quod
1665 4111 1696 4150 a
1719 4093 1828 4152 Deo
1858 4097 1981 4167 qui-

393 4186 516 4239 dem
552 4181 755 4238 factum
787 4194 868 4240 est
898 4183 1327 4254 unumquodque
1369 4183 1435 4237 ad
1474 4199 1639 4240 omne
1669 4187 1896 4252 bonum,
1931 4186 1978 4243 si

394 4276 449 4330 in
482 4282 751 4345 tempore,
783 4284 842 4329 ut
866 4274 1143 4340 convenit,
1173 4288 1239 4330 eo
1267 4283 1526 4331 utamur:
1548 4275 1766 4331 aversio
1795 4284 1977 4333 autem

376 4373 602 4422 “arceto
630 4365 699 4422 de
725 4366 793 4422 iis
815 4381 938 4438 quae
970 4372 1119 4431 sunt,
1159 4365 1395 4436 judicio,
1444 4365 1675 4422 deduxit
1706 4368 1848 4423 bona
1910 4368 1979 4423 ad

382 4459 741 4515 occasionem
771 4459 1066 4525 malorum,
1098 4466 1156 4514 ιιι
1185 4459 1422 4529 exempli
1445 4475 1614 4516 causa
1638 4460 1784 4527 dico,
1817 4461 1978 4532 quid-

2088 3267 2279 3339 τέμοι,
2322 3270 2390 3340 τῇ
2434 3268 2493 3321 δὲ
2542 3269 2745 3340 περόνῃ
2777 3268 2867 3322 τὸν
2908 3267 3247 3339 ὀφθαλμὸνῆ
3302 3265 3395 3321 τοῦ
3428 3264 3596 3328 πέλας
3645 3264 3682 3335 ἢ

2090 3360 2181 3413 τὸν
2217 3359 2412 3413 ἑαυτοῦ
2434 3361 2847 3432 ἑκκεντὴσειενο
2879 3361 3025 3415 εἴποι
3061 3378 3145 3424 τις
3176 3360 3263 3425 ἂν,
3290 3360 3371 3412 ὅτι
3397 3361 3464 3430 τῇ
3498 3374 3684 3429 παρα-

2093 3453 2259 3523 σκευῇ
2292 3451 2386 3505 τοῦ
2416 3451 2729 3524 ἑστιάτορος
2757 3452 2787 3503 ὁ
2812 3451 2964 3504 δεῖνα
2997 3451 3078 3513 είς
3107 3449 3276 3503 κακὸν
3301 3449 3681 3518 ἀπεχρήσατο,

2089 3543 2252 3598 αὐτοῦ
2275 3544 2798 3616 παρασκευάσαντος
2823 3545 2924 3616 τὴν
2955 3544 3133 3597 αἰτίαν
3156 3542 3264 3597 τῶν
3292 3541 3684 3611 ἐκϐησομένων

2092 3632 2613 3706 προετοιμάσαντος,
2640 3633 2778 3687 ἀλλά
2807 3634 2908 3705 τῆς
2941 3634 3122 3703 κακῆς
3152 3631 3265 3687 τῶν
3304 3632 3683 3705 προτεθέντων

2089 3723 2340 3795 χρήσεως
2372 3725 2451 3789 είς
2478 3724 2639 3778 τοῦτο
2663 3725 2726 3778 τὸ
2750 3724 2924 3789 πάθος
2949 3724 3376 3797 προαγαγούσης
3398 3724 3488 3777 τὸν
3513 3723 3683 3777 d605-

2088 3816 2196 3881 λως
2225 3820 2339 3881 τοῖς
2382 3818 2765 3889 προκειμένοις
2805 3819 3152 3890 χρησάμενον
3172 3834 3186 3847 '
3236 3815 3439 3881 οὕτως,
3488 3817 3676 3887 φησὶν,

2089 3903 2142 3976 εγ
2155 3922 2262 3960 νων
2286 3906 2380 3960 καὶ
2417 3904 2552 3975 ἑγὼ,
2586 3906 2667 3958 ὅτι
2704 3907 2857 3975 παρὰ
2884 3905 2979 3959 τοῦ
3017 3903 3153 3958 Θεοῦ
3187 3904 3382 3973 γέγονε
3413 3903 3512 3974 μὲν
3547 3903 3682 3956 ἔκαε

2090 4013 2216 4051 στον
2248 3997 2343 4051 ἐπὶ
2372 3998 2534 4051 παντὶ
2558 3995 2637 4067 τῷ
2668 3996 2930 4068 βελτίονι,
2964 3998 3123 4069 εἴπερ
3148 3999 3206 4050 ὲν
3235 3994 3413 4069 καιρῷ
3448 3995 3589 4049 κατὰ
3615 3994 3680 4048 τὸ

2088 4092 2365 4163 προσῆκον
2412 4089 2645 4144 ἑκάστου
2676 4088 2886 4158 γένοιτο
2916 4091 3130 4161 χρῆσις
3175 4092 3208 4161 ἡ
3254 4089 3311 4143 δὲ
3348 4089 3679 4161 παρατροπὴ

2087 4184 2187 4257 τῆς
2207 4181 2374 4254 ὀρθῆς
2403 4183 2535 4253 περὶ
2559 4181 2670 4235 τῶν
2702 4181 2871 4236 ὄντων
2918 4182 3153 4253 κρίσεως
3185 4184 3265 4245 εἰς
3291 4182 3551 4252 ἀφορμὴν
3581 4199 3682 4235 κα-

2088 4276 2203 4330 κῶν
2230 4274 2300 4328 τὰ
2329 4274 2510 4343 ἀγαθὰ
2550 4273 2888 4344 περιήγαγεν
2908 4290 2922 4303 ο
2956 4266 3066 4326 οἷόν
3096 4290 3147 4325 τι
3179 4272 3322 4340 λέγω
3340 4288 3352 4301 ’
3382 4274 3448 4325 Τί
3477 4272 3679 4342 γλυκύ-

2086 4382 2246 4436 τερον
2271 4366 2371 4433 τῆς
2397 4362 2507 4416 τῶν
2534 4361 2830 4433 ὀφθαλμῶν
2861 4361 3174 4433 ἐνεργείαω
3220 4361 3359 4414 Ἀλλ’
3399 4362 3527 4414 ὅταν
3556 4362 3678 4431 ὀᾲις

2087 4457 2335 4511 παθοῦσα
2352 4457 2633 4528 ὑπηρέτης
2653 4455 2867 4525 γίνηται
2887 4458 2998 4518 τοῖς
3019 4454 3300 4518 τοιούτοις,
3323 4455 3382 4507 τὸ
3414 4457 3500 4508 ἐπ’
3527 4458 3680 4526 εὐερ-

384 4565 519 4605 natn
587 4559 674 4607 est
727 4551 1032 4621 jucundius
1097 4552 1385 4608 oculorum
1449 4553 1813 4624 operatione?
1869 4554 1976 4611 Sed

2088 4550 2246 4622 γεσίᾳ
2272 4550 2565 4620 γενόμενον
2580 4550 2751 4603 αἴτιον
2777 4548 2963 4602 κακῶν
2988 4548 3315 4618 γεγενῆσθαι
3339 4547 3511 4617 λέγει·
3538 4550 3673 4619 ὅπερ

380 4644 615 4714 quando
644 4646 786 4702 male
819 4646 1047 4703 aﬂ'ectus
1084 4647 1236 4703 visus
1269 4653 1357 4702 est
1421 4647 1751 4703 administer
1784 4664 1977 4705 eorum

391 4748 515 4803 quae
544 4740 676 4789 sunt
719 4734 1014 4805 ejusmodi,
1058 4736 1189 4793 dicit
1217 4738 1273 4793 id
1314 4738 1463 4809 quod
1513 4739 1720 4796 factum
1757 4741 1863 4796 fuit
1909 4743 1979 4799 ad

374 4823 741 4892 'beneilcium,
776 4825 947 4883 fuisse
981 4843 1206 4885 causam
1242 4830 1548 4886 malorum:
1577 4833 1721 4901 quod
1756 4834 1978 4903 quidem

388 4918 525 4973 nihil
550 4924 636 4974 est
660 4918 829 4983 aliud,
864 4928 1028 4991 quam
1060 4922 1209 4992 quod
1265 4924 1409 4980 bono
1442 4924 1584 4980 male
1631 4933 1793 4981 utens
1825 4925 1981 4996 quis—

372 5011 557 5082 tpiam,
594 5009 776 5068 eﬂ‘ecit
809 5021 869 5067 ut
909 5028 1043 5069 usus
1094 5021 1244 5070 esset
1277 5016 1492 5071 vitium.
1533 5015 1629 5070 Jlta
1668 5017 1835 5072 etiam
1872 5018 1979 5070 alia

386 5100 575 5155 omnia
603 5116 726 5171 quae
754 5115 785 5155 a
817 5101 930 5158 Deo
957 5102 1119 5159 habet
1153 5113 1372 5171 natura,
1409 5105 1514 5161 sita
1548 5117 1679 5161 sunt
1709 5108 1763 5161 in
1809 5108 1977 5162 libera

388 5192 663 5248 electione
708 5208 902 5249 eorum
947 5194 1040 5266 qui
1088 5203 1341 5262 tttuntur,
1379 5205 1437 5252 ut
1478 5199 1574 5252 ﬁat
1632 5201 1864 5254 materia
1894 5201 1977 5256 vel

390 5283 658 5341 bonorum
688 5287 772 5343 vel
816 5287 1112 5367 malorum.
1173 5288 1541 5356 Quamobrem
1585 5294 1977 5354 dic‘intnnia

390 5390 514 5443 quae
536 5374 667 5433 fecit
693 5378 836 5435 bona
875 5380 929 5434 in
962 5387 1212 5453 tempore
1273 5397 1398 5438 suo.
1424 5382 1768 5449 tQuinetiam
1801 5399 1976 5440 aevum

391 5468 541 5526 dedit
569 5470 625 5526 in
682 5473 848 5530 corde
903 5474 1172 5544 ipsorum.
1213 5472 1415 5531 [Evum
1476 5483 1658 5531 autem
1717 5492 1842 5531 cum
1907 5460 2017 5532 sit-

392 5560 666 5628 quoddam
696 5564 902 5621 mentis
926 5565 1237 5635 'cogitatum
1265 5565 1458 5635 spatiis
1485 5574 1539 5622 et
1569 5566 1873 5623 intervallis
1903 5567 1982 5622 di-

391 5665 665 5718 mensum,
699 5655 973 5728 signiﬁcat
999 5671 1221 5714 onmem
1250 5657 1374 5727 ejus
1408 5667 1721 5713 creaturam
1753 5675 1876 5729 qum
1926 5660 1977 5714 in

390 5744 513 5817 ipso
546 5746 728 5802 fuerit.
764 5745 840 5803 Ex
882 5763 948 5804 eo
980 5766 1109 5822 ergo
1156 5752 1298 5822 quod
1353 5753 1619 5814 continet,
1657 5751 1977 5807 universum

387 5838 535 5911 quod
572 5839 626 5894 in
652 5854 716 5896 eo
744 5838 1077 5908 continetur,
1105 5843 1341 5899 ostendit
1372 5844 1567 5899 oratio.
1594 5843 1791 5899 Omnia
1826 5859 1975 5916 ergo,

2083 4643 2211 4699 ἄλλο
2238 4643 2391 4696 οὐδέν
2420 4644 2591 4707 ἐστιν,
2633 4643 2668 4713 ἢ
2715 4643 2796 4695 ὅτι
2830 4640 3017 4705 κακῶς
3054 4640 3133 4713 τῷ
3168 4640 3317 4712 καλῷ
3351 4659 3435 4704 τις
3465 4643 3675 4713 χρησά-

2086 4755 2282 4812 μενος,
2332 4737 2506 4803 πάθος
2536 4738 2635 4810 τὴν
2689 4738 2885 4809 χρῆσιν
2935 4736 3209 4808 ἐποίησεν.
3257 4735 3415 4789 Οῦτω
3464 4737 3558 4789 καὶ
3606 4736 3676 4789 τά

2080 4829 2219 4884 ἄλλα
2244 4830 2423 4883 πάντα
2449 4830 2552 4883 ὅσα
2589 4827 2743 4899 παρὰ
2773 4827 2865 4881 τοῦ
2895 4822 3031 4880 Θεοῦ
3067 4827 3182 4897 ἔχει
3207 4829 3240 4897 ἡ
3290 4826 3475 4895 φύσις,
3506 4829 3565 4880 ἐν
3606 4830 3673 4897 τῇ

2086 4923 2403 4995 προαιρέσει
2424 4921 2533 4975 τῶν
2562 4921 2922 4992 κεχρημένων
2953 4919 3196 4990 κείται,ἣ
3221 4919 3400 4974 καλῶν
3424 4919 3458 4990 ῆ
3489 4920 3676 4973 κακῶν

2084 5014 2187 5086 ὕλη
2225 5014 2500 5084 γενέσθαι.
2540 5013 2632 5067 Διό
2665 5029 2831 5084 φησι’
2870 5031 2888 5064 ι
2916 5012 2999 5066 Τὰ
3048 5011 3341 5082 σύμπαντα
3377 5011 3412 5065 ἃ
3450 5012 3674 5080 ἐποίησε

2083 5105 2224 5158 καλὰ
2252 5106 2310 5158 ὲν
2335 5103 2512 5177 καιρῷ
2556 5103 2745 5157 αὑτοῦ.
2774 5123 2791 5155 ο
2828 5103 2937 5158 Καί
2964 5120 3027 5171 γε
3053 5102 3145 5157 τὸν
3179 5103 3351 5158 αἰῶνα
3379 5101 3585 5155 ἔδωκεν
3618 5104 3676 5153 ὲν

2082 5198 2282 5269 καρδίᾳ
2307 5196 2508 5250 αὐτῶν.
2554 5196 2612 5249 ’0
2638 5195 2694 5248 δὲ
2740 5193 2875 5248 αἰὼν
2923 5194 3353 5266 διαστηματικόν
3397 5211 3451 5247 τι
3495 5194 3677 5264 νόημα

2081 5290 2161 5352 ὃν,
2217 5292 2398 5344 πᾶσαν
2430 5287 2595 5343 αὐτοῦ
2635 5288 2892 5360 σημαίνει
2924 5287 3027 5359 τὴν
3055 5287 3231 5341 κτίσιν
3280 5287 3379 5357 τὴν
3433 5288 3492 5339 έν
3524 5285 3673 5356 αὐτῷ

2083 5381 2404 5453 γενομένην.
2439 5380 2649 5435 Οὐκοῦν
2686 5382 2752 5434 ἐκ
2787 5380 2883 5433 τοῦ
2915 5380 3261 5452 περιέχοντος
3312 5381 3457 5441 ἅπαν
3488 5380 3550 5432 τὸ
3575 5381 3675 5450 ἐμ-

2083 5475 2469 5547 περιεχόμενον
2499 5474 2771 5527 δείκνυσιν
2793 5476 2822 5527 ὁ
2854 5473 3033 5547 λόγος,
3060 5474 3243 5527 Πάντα
3273 5470 3366 5527 οὖν
3391 5475 3491 5526 ὅσα
3518 5475 3577 5525 ἐν
3598 5472 3674 5544 τῷ

2083 5567 2239 5622 αἰῶνι
2261 5567 2504 5634 γέγονεν,
2528 5564 2695 5618 ἔδωκε
2719 5568 2785 5637 τῇ
2812 5546 3123 5637 ἀνθρωπίνῃ
3153 5566 3352 5636 καρδίᾳ
3375 5566 3458 5618 ἐπ’
3484 5565 3674 5635 ἀγαθῷ

2082 5662 2110 5713 ὁ
2135 5660 2266 5722 Θεὸς
2287 5699 2300 5723 ,
2334 5658 2477 5711 ὣστε
2509 5658 2597 5712 διὰ
2627 5658 2889 5730 μεγέθους
2922 5659 3018 5711 καὶ
3059 5657 3323 5728 καλλονῆς
3352 5659 3672 5727 κτισμάτων

2083 5752 2411 5821 ἀναθεωρεῖν
2450 5751 2518 5804 δι’
2561 5751 2738 5804 αὐτῶν
2792 5751 2884 5804 τὴν
2917 5752 3237 5821 ποιήσαντα.
3272 5752 3333 5803 0i
3380 5751 3436 5802 δὲ
3481 5750 3547 5801 δι’
3596 5744 3668 5803 ὧν

2085 5844 2554 5915 εὐηργετήθηταν,
2583 5844 2668 5897 διὰ
2696 5843 2899 5897 τούτων
2922 5844 3290 5917 ἐϐλάφθησαν,
3324 5844 3400 5915 τῷ
3429 5845 3501 5915 μὴ
3529 5843 3668 5896 κατᾶ
