3874 6356
163 391 265 448 753
1190 387 1254 442 IN
1294 390 1830 450 ECCLESMSTEN.
1876 389 2162 450 HOMlLlA
2202 388 2336 445 Vl".
3328 379 3435 438 ’154

159 480 219 562 si
234 506 354 561 διον
376 503 703 575 ἑκάστῳκαὶ
726 503 937 576 πρὺςξτὸ
958 504 1271 559 λυσιτελοῦν
1292 508 1731 580 ἀποχρήσασθαι.

1848 524 1960 580 qua:
1984 510 2041 565 in
2082 523 2203 565 aevo
2230 506 2378 562 facta
2420 510 2574 569 sunt,
2607 501 2763 559 dedit
2794 500 2938 559 Deus
3002 498 3157 558 cordi
3196 498 3433 556 humano

160 595 257 652 Διὰ
270 590 425 649 τοῦτό
446 611 630 665 φησιν·
652 614 671 646 ι
686 596 874 660 Ὅπως
899 595 975 666 μὴ
996 594 1132 668 εὕρῃ
1148 595 1435 668 ἄνθρωπος
1456 599 1515 652 τὸ
1536 600 1747 671 ποίημα

1848 598 1917 653 ad
1952 599 2182 662 bonum,
2206 604 2269 651 ut
2295 608 2394 665 per
2423 590 2855 664 magnitudinem
2879 597 2935 645 et
2966 584 3433 661 pulchritudinem

159 685 188 743 ὃ
214 685 469 757 ἐποίησεν
500 687 529 740 ό
571 684 705 749 Θεὸς
749 686 843 738 ἐπὶ
884 685 961 756 τῷ
997 687 1097 757 τῆς
1143 684 1412 759 ὠφελείας
1452 690 1661 762 σκοπῷ,
1688 692 1747 745 ὲν

1848 698 2245 757 creaturarum,
2276 701 2377 759 per
2404 685 2554 757 ipsas
2578 681 3018 754 contemplemur
3048 696 3176 736 eum
3223 680 3319 750 qui
3357 679 3437 736 fc-

163 779 291 832 πᾶσι
324 778 434 840 τοῖς
462 776 745 845 γεγονόσιν
784 776 879 829 ἀπ’
911 777 1088 849 ἀρχῆς
1120 777 1222 847 τῆς
1254 779 1486 843 κτίσεως
1525 780 1619 832 καὶ
1648 779 1746 850 μέ-

1848 783 1941 838 cit.
1980 782 2064 837 Illi
2095 789 2277 837 autem
2312 793 2410 850 per
2438 793 2505 833 ea
2564 790 2689 847 quae
2743 780 3072 845 acceperant
3121 771 3391 828 beneﬁcia
3419 813 3433 835 ,

164 884 248 941 χρι
276 868 380 939 τῆς
424 867 519 922 τοῦ
548 868 750 932 παντὸς
788 866 1264 939 συμπληρώσεως,
1294 868 1508 933 οὐδενὸς
1540 871 1600 923 ὲν
1634 873 1746 935 τοῖς

1848 872 1962 930 Ιαξεί
1987 879 2140 939 sunt,
2170 886 2237 928 eo
2270 870 2418 943 quod
2447 884 2558 924 non
2589 881 2928 937 unoquoque
2951 873 3015 920 ut
3043 870 3259 935 oportet
3289 870 3344 919 et
3369 863 3437 919 ad

160 958 305 1015 οἷσιν
337 961 490 1024 ὄντος
517 960 712 1014 κακοῦ.
746 979 765 1012 ι
809 960 947 1014 Οὐδὲ
976 960 1085 1030 γὰρ
1118 959 1231 1031 ἔχει
1260 948 1421 1030 φύσιλν
1446 959 1508 1026 ἐξ
1532 960 1739 1030 ἀγαθοῦ

1849 963 2141 1021 utilitatem
2180 963 2268 1020 usi
2305 968 2456 1019 sunt.
2501 959 2569 1014 Et
2614 958 2739 1014 ideo
2765 957 2903 1013 dicit
2935 975 2948 1011 :
2985 974 3007 1007 ‹
3060 953 3141 1011 Ne
3192 954 3441 1010 inveniat

160 1048 322 1103 κακόν
360 1066 414 1103 τι
442 1047 629 1120 φῦναι.
659 1050 722 1104 Et
754 1049 812 1103 δὲ
841 1048 1044 1118 ἀγαθὸς
1067 1050 1097 1102 ὁ
1123 1049 1233 1102 τῶν
1257 1050 1515 1105 ἁπάντων
1544 1051 1738 1120 αἴτιος,

1848 1055 2014 1111 homo
2041 1070 2179 1128 opus
2212 1052 2360 1125 quod
2407 1051 2543 1107 fecit
2564 1050 2710 1106 Deus
2762 1048 2832 1104 ad
2883 1061 3110 1118 scopum
3158 1044 3438 1107 utilitatis,

159 1143 337 1235 ᾁγαθὰ
391 1145 608 1208 πάντως
652 1144 754 1198 ὅσα
789 1145 853 1197 ὲκ
897 1142 991 1197 τοῦ
1036 1142 1243 1213 ἀγαθοῦ
1290 1143 1392 1216 τὴν
1439 1144 1740 1203 ὑπόστασιν

1849 1144 1908 1201 in
1932 1145 2189 1200 omnibus
2211 1158 2335 1215 quae
2366 1142 2514 1197 facta
2550 1146 2680 1197 sunt
2713 1138 2782 1193 ab
2818 1136 2979 1191 initio
3016 1133 3339 1199 crcationis,
3384 1140 3443 1188 et

158 1233 287 1305 ἔχει·
1849 1251 2027 1307 usque
2070 1234 2137 1290 ad
2180 1232 2424 1290 universi
2470 1228 3045 1288 consummationem:
3080 1242 3206 1285 cum
3259 1226 3316 1283 in
3369 1226 3440 1281 iis

161 1340 276 1396 quae
297 1333 449 1389 sunt,
513 1325 651 1381 nihil
688 1326 760 1383 sit
788 1326 938 1381 mali.
975 1346 994 1378 ι
1063 1325 1252 1397 Neque
1277 1324 1427 1383 enim
1454 1334 1541 1383 cst
1568 1327 1673 1383 hoc
1698 1326 1979 1394 naturale,
2007 1337 2069 1384 ut
2096 1343 2165 1384 ex
2197 1326 2348 1383 bono
2381 1322 2587 1395 aliquid
2609 1321 2742 1377 mali
2803 1329 3085 1378 nascatur.
3149 1318 3210 1374 Si
3244 1323 3439 1373 autem

160 1422 333 1478 bonus
361 1428 450 1477 est
510 1422 604 1493 qui
638 1438 824 1479 rerum
884 1423 1137 1478 omnium
1163 1429 1249 1478 est
1280 1431 1474 1479 auctor
1522 1429 1579 1481 et
1604 1439 1798 1495 causa,
1838 1425 1985 1484 bona
2049 1425 2276 1480 omnino
2342 1429 2473 1479 sunt
2509 1433 2872 1492 quaecumque
2909 1433 2977 1475 ex
3024 1417 3177 1476 bono
3231 1416 3439 1473 habent

160 1509 542 1573 substantiam.

226 1603 378 1677 Εῐτα,
412 1609 678 1678 «Ἔγνων,
705 1629 725 1663 ι
754 1608 938 1680 φησὶν,
971 1629 989 1662 ι
1012 1611 1096 1664 ὅτι
1131 1610 1233 1665 οὐκ
1258 1610 1406 1667 ἔστιν
1436 1612 1644 1682 ἀγαθὸν
1682 1614 1742 1668 ὲν

1916 1602 2147 1673 Deinde,
2180 1604 2267 1661 l2.
2311 1622 2332 1656 ι
2376 1601 2537 1667 Novi,
2577 1619 2596 1652 ι
2662 1598 2883 1671 inquit,
2938 1615 2959 1667 ς
3012 1595 3160 1667 quod
3207 1610 3320 1652 non
3354 1604 3442 1651 est

160 1700 357 1766 αὐτοῖς,
375 1701 429 1753 εἰ
460 1701 534 1772 μὴ
559 1701 619 1754 τὸ
637 1701 1031 1773 εὐφρανθῆναι,
1047 1703 1138 1757 καὶ
1161 1703 1224 1757 τὸ
1249 1706 1427 1759 ποιεῖν
1452 1705 1659 1774 ἀγαθὸν
1687 1707 1746 1761 ὲν

162 1788 269 1861 ζωῇ
287 1785 510 1843 αὐτοῦ.»
532 1786 1075 1870 Ἀνακεφαλαιοῦνται
1090 1793 1167 1866 τῷ
1194 1794 1339 1866 λόγῳ
1360 1794 1430 1850 τὰ
1458 1790 1743 1870 εἰρημένα.

162 1881 222 1933 El
247 1880 353 1953 γὰρ
376 1883 437 1936 ἐν
465 1866 654 1954 καιρῷ·
669 1882 778 1937 τῶν
824 1884 984 1940 θείών
1023 1886 1347 1957 ποιημάτων
1381 1889 1416 1958 ή
1460 1866 1657 1960 χρῆσις
1683 1888 1746 1942 τὸ

160 1972 319 2027 καλὸν
354 1974 531 2046 ὁρίζει
572 1978 638 2046 τῇ
669 1974 986 2054 ἀνθρωπίνῃ
1027 1978 1162 2051 ζωῇ,
1192 1977 1250 2033 ἒν
1273 1977 1339 2033 ἂν
1367 1979 1455 2053 εἴη
1493 1979 1679 2046 καλὸν,
1710 1983 1744 2053 ἡ

160 2061 409 2133 διηνεκὴς
449 2063 545 2117 ἐπὶ
578 2066 689 2128 τοῖς
729 2064 913 2129 καλοῖς
971 2066 1305 2139 εὐφροσύνη,
1359 2068 1483 2138 ἥτις
1528 2070 1594 2124 ὲκ
1635 2069 1745 2124 τῶν

161 2154 374 2222 ἀγαθῶν
410 2153 591 2228 ἔργων
620 2158 894 2226 γεννᾶται.
939 2158 1004 2211 Ἦ
1034 2158 1141 2230 γὰρ
1176 2158 1284 2212 τῶν
1316 2159 1549 2214 ἐντολῶν
1575 2162 1745 2233 ἐργα-

163 2244 268 2308 σία,
305 2245 400 2299 νῦν
445 2247 543 2318 μὲν
577 2246 668 2301 διὰ
690 2249 787 2319 τῆς
825 2247 1039 2314 ἐλπίδος
1072 2250 1356 2322 εὐφραίνει
1384 2251 1475 2306 τὸν
1512 2251 1622 2306 τῶν
1648 2271 1749 2307 κα-

160 2336 263 2393 λῶν
293 2340 694 2410 προϊστάμενον
738 2339 933 2412 ἔργων·
965 2342 1103 2413 μετὰ
1144 2343 1313 2397 ταῦτα
1345 2343 1403 2398 δὲ
1447 2345 1748 2402 ἀπόλαυσιν

160 2430 262 2485 τῶν
288 2431 517 2501 ἀγαθῶν
554 2432 781 2488 ἐλπίδων
809 2431 1100 2505 δεξαμένη,
1136 2433 1264 2489 [διον
1292 2436 1407 2500 τοῖς
1445 2436 1615 2501 ἀξίοις
1647 2438 1747 2512 τὴν

163 2522 508 2594 εὐφροσύνην
538 2523 880 2596 προτίθησιν,
926 2526 1016 2579 ὅτε
1046 2527 1210 2597 φησὶν
1238 2526 1267 2579 ό
1307 2526 1513 2598 Κύριος
1543 2530 1657 2594 τοῖς
1687 2530 1749 2584 τὸ

161 2614 356 2683 ἀγαθὸν
390 2614 773 2686 πεποιηκόσιν,
793 2616 874 2669 ὃτι
904 2616 1186 2681 (Δεῦτε,οί
1217 2618 1751 2694 εὑ).ογημένοι,κλη-

167 2710 497 2778 ρονομήσατε
535 2707 632 2781 τὴν
661 2709 1237 2787 ἡτοιμασμέηνλύμῖν,
1263 2712 1562 2784 βασιλείαν.
1586 2734 1604 2767 ι
1637 2717 1749 2770 Καὶ

163 2801 295 2873 ὅπερ
340 2804 492 2856 ἐστὶν
522 2803 557 2874 ἡ
593 2784 796 2873 βρῶσις
823 2804 917 2858 καὶ
957 2784 1114 2867 πόσις
1160 2804 1240 2876 τῷ
1288 2806 1524 2879 σώματι,
1561 2808 1628 2862 δι’
1670 2803 1749 2863 ὧν

167 2900 511 2969 ωντηρεῖται
542 2898 575 2967 ἡ
605 2894 786 2966 φύσις,
823 2897 983 2951 τοῦτό
1016 2900 1132 2953 ἐστι
1162 2902 1228 2971 τῇ
1256 2901 1400 2974 ψυχῇ
1426 2903 1488 2956 τὸ
1517 2903 1654 2975 πρὸς
1686 2903 1748 2958 τὸ

1848 1703 1905 1759 in
1930 1701 2066 1773 ipsis
2089 1700 2317 1763 bonum,
2344 1695 2454 1753 nisi
2476 1693 2674 1761 laetari,
2697 1704 2753 1748 et
2788 1690 2970 1747 facere
2997 1690 3207 1746 bonum
3241 1689 3299 1745 in
3326 1688 3441 1745 vita

1847 1810 1969 1854 sua.
2003 1812 2022 1847 ι
2041 1791 2140 1849 llis
2159 1789 2341 1846 verbis
2363 1787 2421 1841 in
2449 1798 2724 1841 summam
2748 1782 2955 1853 colligit
2977 1796 3102 1852 quae
3119 1780 3268 1837 dicta
3284 1789 3437 1838 sunt.
3544 1830 3547 1833 .

1848 1886 1908 1943 Si
1948 1885 2095 1942 enim
2132 1881 2448 1937 divinorum
2487 1888 2717 1946 operum
2751 1885 2891 1928 usus
2922 1870 2981 1925 in
3016 1878 3265 1940 tempore
3299 1868 3439 1925 deli-

1846 1981 1930 2037 nit
1976 1979 2185 2033 bonum
2239 1974 2499 2028 humana:
2543 1968 2691 2036 vitae,
2748 1980 2921 2022 unum
2980 1964 3150 2019 fuerit
3203 1963 3436 2029 bonum,

1846 2084 2045 2141 nempe
2076 2071 2348 2139 perpetua
2383 2062 2440 2117 in
2471 2054 2640 2118 rebus
2668 2058 2832 2115 bonis
2858 2067 2914 2113 et
2945 2056 3196 2112 honestis
3223 2055 3438 2125 laetitia,

1847 2178 1972 2236 quae
1997 2159 2252 2217 nascitur
2282 2174 2351 2215 ex
2374 2155 2538 2212 bonis
2566 2153 2850 2226 operibus.
2881 2150 3263 2206 Mandatorum
3287 2150 3438 2205 enim

1848 2253 2189 2316 observatio,
2238 2264 2387 2305 nunc
2424 2247 2651 2319 quidem
2687 2261 2789 2318 per
2839 2259 2992 2316 spem
3036 2243 3225 2299 laetitia
3272 2241 3443 2298 allicit

1848 2364 1976 2406 eum
2021 2346 2118 2417 qui
2170 2345 2316 2399 bona
2354 2341 2489 2396 facit
2540 2353 2753 2410 opera:
2805 2345 2995 2408 postea
3043 2342 3225 2391 autem
3279 2335 3442 2391 bona

1850 2442 1969 2515 spei
2030 2439 2218 2495 fructu
2269 2443 2519 2507 accepto,
2573 2430 2837 2504 proponit
2888 2430 3171 2501 propriam
3217 2428 3287 2484 iis
3341 2427 3441 2498 qui

1848 2535 2005 2608 digni
2036 2541 2169 2589 sunt
2194 2528 2471 2593 laetitiam,
2503 2524 2728 2598 quando
2762 2523 2899 2579 dicit
2926 2521 3196 2577 Dominus
3235 2521 3308 2577 iis
3339 2518 3441 2595 qui

1847 2628 2057 2691 bonum
2101 2622 2402 2679 fecerunt:
2443 2638 2461 2671 ‹
2501 2617 2722 2685 Venite,
2768 2614 3042 2671 benedicti
3087 2611 3273 2668 Patris
3305 2610 3440 2677 mei,

1846 2717 2131 2793 possidete
2162 2721 2419 2785 paratum
2449 2710 2605 2774 vobis
2631 2721 2864 2779 regnum
2892 2706 2959 2761 “.
3001 2725 3020 2758 ι
3066 2703 3132 2759 Et
3169 2701 3445 2774 quod'est

1848 2810 2009 2866 cibus
2045 2816 2099 2862 et
2133 2814 2298 2876 potus
2333 2801 2577 2872 corpori,
2628 2811 2727 2869 per
2769 2807 2894 2867 quae
2937 2802 3301 2850 conservatur
3339 2808 3442 2848 na-

1849 2910 1998 2967 tura,
2029 2898 2137 2955 hoc
2167 2903 2253 2953 est
2283 2896 2482 2950 animae
2504 2892 2569 2946 ad
2610 2891 2816 2945 bonum
2850 2887 3121 2959 aspicere,
3147 2892 3200 2940 et
3225 2885 3333 2942 hoc
3355 2891 3444 2940 est

165 2989 364 3057 ἁγαθὸν
393 2989 637 3061 βλέπειν,
662 2990 933 3044 καὶτοῦτο
955 2991 1028 3057 ὡς
1054 2992 1269 3064 ἀληθῶς
1299 2995 1441 3066 δόμα
1461 2996 1578 3049 ἐστὶ
1599 2994 1736 3050 Θεοῦ

1848 3015 1972 3055 vere
2001 2997 2208 3053 donum
2238 2992 2356 3057 Dei,
2406 2991 2479 3047 inv
2506 2987 2680 3044 Deum
2726 2983 2942 3041 deﬁxos
2983 2982 3194 3037 habere
3222 2979 3443 3037 oculos.

165 3080 223 3134 τὺ
262 3081 593 3145 ὲνατενίζειν
619 3082 759 3153 Θεῷ.
800 3082 971 3163 Τοῦτο
1016 3085 1126 3156 γάρ
1160 3088 1275 3139 ἐστι
1317 3088 1379 3141 τὸ
1404 3088 1596 3159 ὄνομα,
1631 3089 1660 3142 ὃ
1690 3092 1748 3142 ὲν

163 3174 269 3237 τοῖς
297 3172 498 3244 ἐφεξῆς
527 3174 814 3245 είρημένον
839 3175 1437 3251 διερμηνεύεται.Ἕχει
1464 3181 1575 3254 δὲή
1606 3180 1749 3250 λέξις
1778 3242 1781 3245 _

164 3262 332 3328 οὕτως
356 3282 369 3296 ·
417 3285 434 3316 ι
469 3267 581 3319 Καί
603 3282 664 3333 γε
694 3268 802 3330 πᾶς
826 3267 1111 3339 ἄνθρωπος
1134 3269 1193 3335 ὃς
1215 3270 1470 3341 φάγεται,
1496 3275 1591 3328 καὶ
1631 3275 1751 3328 πίε-

163 3372 278 3420 ται,
314 3359 409 3411 καὶ
441 3358 531 3431 ἴδῃ
559 3357 761 3427 ἀγαθὸν
785 3360 843 3413 ὲν
875 3361 1040 3414 παντὶ
1082 3362 1266 3435 μόχθῳ
1295 3365 1483 3433 αὑτοῦ,
1513 3366 1672 3421 τοῦτο
1693 3367 1751 3420 δὲ

164 3445 297 3518 δόμα
325 3448 464 3502 Θεοῦ
494 3451 659 3504 ἐστιν.
684 3469 703 3503 ι
723 3451 811 3515 Ὧς
842 3452 950 3526 γὰρ
975 3455 1004 3507 ό
1024 3453 1330 3527 ἄνθρωπος,
1355 3459 1543 3528 φησὶν,
1567 3459 1596 3510 ό
1621 3476 1746 3530 σαρ-

164 3536 336 3610 κώδης
365 3540 424 3593 ὲν
448 3540 529 3612 τῷ
559 3545 754 3611 φαγεῖν
795 3544 889 3597 καὶ
922 3548 1066 3599 πιεῖν
1089 3546 1188 3618 τὴν
1223 3548 1377 3618 ίσχὺν
1408 3548 1540 3621 ἔχει,
1571 3550 1745 3616 οὕτως

166 3629 195 3682 ὁ
217 3630 349 3702 πρὸς
367 3632 430 3686 τὸ
450 3632 657 3700 ἀγαθὸν
684 3633 897 3703 βλέπων
940 3635 1165 3707 (ἀγαθὸν
1183 3637 1239 3692 δὲ
1258 3638 1509 3711 ἀληθινὸν
1534 3643 1562 3695 ό
1588 3642 1746 3713 μόνος

166 3718 362 3787 ἀγαθὸς
393 3722 459 3777 ἂν
490 3722 610 3793 εἴη)
656 3723 797 3795 δόμα
826 3724 962 3779 Θεοῦ
994 3726 1109 3798 ἔχει
1150 3730 1207 3781 ὲν
1237 3730 1402 3784 παντὶ
1432 3731 1618 3803 μόχθῳ
1644 3735 1744 3787 αὐ-

165 3809 276 3877 τοῦ,
308 3812 441 3866 αὐτὸ
482 3812 640 3867 τοῦτο
666 3813 729 3868 τὸ
755 3815 892 3887 πρὸς
935 3816 994 3870 τὸ
1023 3818 1227 3887 ἀγαθὸν
1251 3820 1337 3873 ἀεὶ
1362 3820 1595 3890 βλέπειν.
1647 3824 1748 3878 Διὰ

166 3902 255 3957 τοῦ
286 3905 493 3976 Κυρίου
527 3906 682 3978 ἡμῶν
728 3907 902 3980 Ἰησοῦ
940 3909 1176 3980 Χριστοῦ
1201 3925 1216 3940 ο
1239 3906 1283 3979 ᾧ
1320 3913 1354 3982 ἡ
1382 3911 1511 3977 δόξα
1552 3914 1647 3970 καὶ
1685 3916 1747 3971 τὸ

168 3994 359 4073 κράτος
391 3998 473 4060 εἰς
510 3997 638 4061 τοὺς
663 3997 863 4063 αἰῶνας
889 3998 1000 4055 τῶν
1028 3999 1258 4057 αἰώνων.
1304 4003 1498 4075 Ἀμήν.

234 4154 281 4189 ⁶¹
324 4155 520 4213 Matth.
562 4175 688 4225 xxv,
718 4161 810 4217 54.

1845 3089 1962 3145 Hoc
1999 3095 2083 3144 est
2126 3084 2274 3141 enim
2318 3094 2539 3144 nomen,
2582 3076 2732 3149 quod
2784 3074 2843 3129 in
2898 3073 2969 3130 iis
3005 3086 3128 3144 qua:
3176 3069 3447 3142 deinceps

1846 3184 1994 3240 dicta
2016 3186 2146 3236 sunt
2164 3178 2582 3246 interpretatur.
2608 3171 2688 3226 Ita
2716 3175 2901 3223 autem
2927 3165 3093 3220 habet
3117 3169 3444 3220 contextus:

1851 3276 1941 3331 15.
2000 3293 2019 3326 ‹
2051 3268 2367 3338 Quinetiam
2414 3263 2597 3319 omnis
2643 3262 2811 3315 homo
2856 3258 2961 3329 qui
3004 3254 3332 3322 comederit,
3388 3260 3448 3309 et

1849 3363 2079 3427 biberit,
2118 3368 2175 3418 et
2210 3359 2412 3414 viderit
2449 3356 2658 3411 bonum
2690 3354 2743 3407 in
2776 3349 2928 3407 omni
2958 3348 3148 3404 labore
3178 3361 3303 3411 suo,
3336 3345 3447 3400 hoc

1852 3465 1939 3514 est
1964 3465 2148 3517 autem
2185 3452 2390 3508 donum
2423 3448 2541 3503 Dei.
2580 3465 2598 3496 ι
2650 3443 2788 3498 Nam
2835 3443 2981 3498 sicut
3023 3441 3211 3505 homo,
3242 3437 3443 3510 inquit,

1851 3547 2096 3604 carnalis
2141 3546 2197 3599 in
2247 3536 2588 3596 comedenda
2626 3546 2680 3592 et
2732 3533 2973 3590 bibendo
3030 3530 3199 3586 habet
3236 3530 3386 3586 vires
3426 3546 3443 3583 :

1853 3641 1929 3694 ita
1956 3636 2049 3707 qui
2093 3633 2163 3689 ad
2210 3632 2418 3688 bonum
2464 3626 2665 3695 aspicit
2742 3624 2972 3693 (bonum
3021 3628 3206 3677 autem
3248 3634 3443 3675 verum

1851 3736 1958 3792 est,
1986 3726 2080 3797 qui
2113 3724 2266 3781 solus
2291 3730 2376 3777 est
2403 3720 2582 3775 bonus
2606 3716 2625 3789 )
2653 3715 2859 3770 donum
2886 3713 2982 3768 Dei
3016 3712 3180 3767 habet
3212 3712 3269 3767 in
3292 3710 3444 3765 omni

1851 3818 2041 3873 labore
2085 3828 2211 3876 suo,
2270 3811 2376 3866 hoc
2430 3798 2610 3878 ipsdm
2668 3804 2738 3860 ad
2796 3805 2851 3860 id
2909 3801 3059 3875 quod
3102 3802 3311 3857 bonum
3357 3807 3445 3856 est

1854 3923 2071 3979 semper
2115 3906 2384 3977 aspicere.
2434 3900 2541 3956 Per
2600 3898 2891 3955 Dominum
2944 3904 3196 3952 nostrum
3250 3891 3442 3948 Jesum

1851 4002 2169 4058 Christum:
2205 3994 2295 4053 ‘cui
2327 3995 2502 4068 gloria
2519 4002 2572 4048 et
2609 3990 2853 4064 potentia
2887 3989 2942 4045 in
2975 3986 3177 4046 saecula
3208 3983 3443 4044 saeculo-

1854 4109 1997 4149 rum.
2035 4093 2233 4148 Amen.
