3874 6392
414 370 520 426 759

1655 370 1708 424 ὃ.
1751 368 2081 428 GREGORII
2120 371 2417 428 NYSSENI

3585 379 3696 433 780

416 494 582 545 vitam
607 508 668 546 ex
690 490 888 546 virtute
927 494 1220 562 degendam
1246 494 1535 548 conferunt
1565 511 1685 565 qua:
1709 497 1775 552 de
1796 496 1996 553 Davide

2113 500 2440 570 Ξιηγήματα,
2500 503 2738 572 μοιχείας
2786 502 2878 556 καὶ
2929 503 3087 572 φόνου
3151 501 3290 566 κατά
3338 499 3504 555 ταὺτὸ
3554 501 3698 570 περὶ

417 585 555 634 liunt
580 584 943 643 narrationes,
981 599 1102 658 eum
1129 583 1460 638 adulterium
1501 595 1553 639 et
1579 587 1756 641 cedes
1790 588 1910 656 ejus
1939 590 1992 642 in

419 687 587 724 unum
639 675 1020 728 concurrerint
1071 675 1339 729 nefarium
1392 677 1646 732 facinus?
1692 678 1750 732 Si
1811 688 1992 734 autem

419 764 600 830 aliqua
627 761 941 820 invoniatur
975 766 1132 827 ratio,
1171 783 1294 836 quae
1335 767 1592 823 ostendat
1625 769 1675 822 id
1709 768 1854 838 quod
1899 785 1996 839 per

418 869 479 906 ea
509 855 858 923 dispensatur
907 858 958 909 in
1009 858 1212 911 nul-lam
1249 859 1444 914 cadere
1491 860 1994 929 reprehensionem,

419 958 546 997 tunc
573 961 759 998 verum
795 964 914 1001 esse
958 951 1282 1004 ostendetur
1319 951 1370 1004 id
1409 952 1554 1020 quod
1589 953 1720 1006 dicit
1765 955 1997 1022 Aposto-

421 1041 526 1099 lus,
582 1055 777 1107 netnpe
824 1040 969 1108 quod
1025 1039 1232 1094 Littera
1275 1043 1463 1095 occidit
1500 1043 1800 1113 (tralatum
1850 1043 1994 1096 enim

421 1148 604 1204 rerum
642 1133 696 1186 in
728 1150 786 1188 se
825 1134 987 1189 habet
1019 1137 1330 1204 exempla),
1361 1137 1578 1204 spiritus
1609 1146 1785 1189 autem
1820 1135 1995 1203 rivi/i-

418 1238 540 1290 rat;
571 1241 794 1280 sensum
829 1227 973 1280 enim
1002 1229 1096 1298 qui
1129 1238 1351 1298 apparet
1377 1238 1430 1283 ct
1459 1231 1604 1282 cadit
1638 1230 1691 1282 in
1721 1231 1997 1298 vitupera-

420 1319 655 1379 tionem,
710 1320 775 1372 ad
829 1319 1158 1374 diviniorem
1220 1320 1457 1374 traducit
1518 1321 1993 1391 significationem.

423 1408 640 1465 Scimus
673 1419 854 1466 autem
887 1420 937 1466 et
970 1413 1146 1482 ipsum
1181 1412 1437 1476 Verbum,
1471 1413 1615 1482 quod
1650 1415 1718 1467 ab
1747 1415 1998 1468 universa

423 1502 685 1555 a-loratur
714 1515 988 1569 creatura,
1021 1505 1242 1574 quando
1273 1506 1324 1558 in
1373 1505 1733 1560 similitudine
1765 1507 1999 1558 hominis

423 1600 478 1642 et
506 1591 676 1661 ﬁgura
706 1610 800 1662 per
836 1610 1055 1650 carnem
1093 1595 1274 1650 divina
1311 1597 1557 1650 tradebat
1596 1599 1874 1666 mysteria,
1922 1598 1999 1649 sic

429 1681 589 1735 nobis
625 1683 869 1738 revelare
921 1685 1056 1752 legis
1109 1699 1308 1740 sensus
1345 1693 1399 1742 et
1440 1687 1727 1756 mysteria,
1771 1695 1829 1738 ut
1861 1687 2000 1741 duos

428 1773 679 1829 homines
709 1791 943 1844 quorum
975 1787 1058 1831 est
1090 1793 1276 1830 verum
1310 1778 1709 1839 testimonium,
1759 1778 1998 1848 seipsum

426 1864 576 1918 dicat
619 1881 742 1922 esse
785 1876 836 1922 et
879 1861 1088 1933 Patrem
1115 1871 1199 1922 τοι
1236 1878 1288 1922 et
1343 1878 1650 1939 serpentem
1685 1886 1893 1924 aeneum
1947 1871 2001 1923 in
2038 1857 2078 1910 Β

428 1958 661 2012 sublime
707 1960 932 2020 elatum,
986 1963 1077 2029 qui
1133 1963 1334 2030 populo
1380 1960 1678 2027 mortiferis
1727 1962 2003 2014 morsibus

427 2051 678 2102 sattciato
723 2067 879 2118 opem
923 2052 1153 2113 ferebat,
1188 2052 1480 2106 transferat
1527 2053 1593 2105 ad
1637 2053 2003 2121 dispensatio-

426 2156 550 2193 nem
601 2139 655 2192 in
707 2156 869 2195 cruce
921 2158 1020 2210 pro
1061 2143 1222 2196 nobis
1268 2143 1464 2195 lactant
1499 2143 1596 2195 ἠε
1650 2144 2004 2211 ipsorumque

426 2241 744 2285 sanctorum
799 2247 1023 2288 suorum
1070 2232 1468 2302 discipulorum
1521 2234 1720 2302 ingenii
1773 2247 2003 2286 acumen

427 2335 525 2390 per
555 2329 726 2376 tectos
754 2332 1007 2377 exerceat
1033 2338 1338 2388 sermones,
1366 2326 1418 2376 in
1449 2324 1745 2392 parabolis,
1775 2326 1827 2377 in
1859 2325 2007 2378 simi-

430 2411 776 2478 litudinibns,
816 2415 868 2467 in
902 2415 1083 2470 verbis
1118 2416 1394 2477 obscuris,
1433 2417 1485 2468 in
1519 2415 1683 2470 (ιιι-οε
1716 2432 1837 2485 quae
1877 2432 2004 2484 pro-

428 2507 684 2557 teruntur
738 2521 832 2574 per
887 2507 1200 2575 zenigmata,
1258 2521 1490 2574 quorum
1541 2522 1790 2560 seorsum
1844 2509 2007 2561 dabat

429 2595 828 2664 expositiones,
858 2610 1048 2650 eorum
1082 2597 1303 2650 solvens
1343 2597 1731 2650 obscuritatem
1761 2598 1824 2648 ⁷³.
1862 2596 2009 2649 Non-

424 2703 706 2757 nunquam
735 2699 936 2753 autem,
965 2690 1008 2743 si
1036 2705 1145 2742 non
1171 2698 1317 2744 esset
1342 2689 1410 2743 ab
1437 2690 1542 2745 illis
1571 2689 2006 2760 comprehensus

424 2797 622 2835 sensus
655 2795 842 2835 eorum
875 2797 999 2852 quae
1047 2782 1392 2846 dicebantur,
1448 2782 1878 2853 reprehendebat
1913 2800 2006 2836 eo-

427 2887 550 2924 rum
595 2871 795 2940 ingenii
833 2872 1172 2937 tarditatem,
1220 2882 1273 2928 ct
1320 2874 1773 2935 imbecillitatem,
1821 2882 1878 2926 ut
1914 2875 2006 2943 qni

426 2972 613 3017 essent
659 2965 910 3019 rudiores
963 2965 1030 3018 ad
1077 2953 1514 3032 intelligendum.
1573 2965 1805 3028 Quando
1863 2965 2007 3016 enim

425 3054 652 3119 jubebat
693 3070 788 3108 eos
831 3055 1109 3110 abstinere
1157 3070 1186 3107 a
1243 3055 1510 3109 fermento
1557 3054 1874 3108 Pharisaieo
1905 3054 1950 3084 ⁷³
1993 3075 2005 3106 ;

429 3145 510 3198 illi
559 3160 690 3201 vero.
731 3146 929 3215 pusillo
970 3153 1023 3199 et
1076 3146 1290 3212 abiecto
1338 3146 1521 3200 animo
1561 3145 1899 3214 aspiciebaut
1942 3145 2008 3197 ad

429 3238 624 3292 corbes
656 3239 710 3291 in
753 3238 956 3308 quibus
1000 3253 1200 3307 panum
1228 3245 1612 3290 ’commeatum
1659 3253 1765 3291 non
1813 3237 2012 3291 attule-

429 3335 591 3380 runt:
617 3337 748 3382 tunc
774 3345 869 3383 eos
900 3330 1222 3393 insectatur,
1257 3338 1314 3384 ut
1347 3333 1438 3400 qui
1483 3325 1591 3383 n'ou
1623 3330 2010 3398 intelligerent,

431 3418 581 3485 quod.
633 3428 776 3474 esset
830 3420 1102 3487 doctrina,
1132 3434 1252 3490 quae
1307 3421 1723 3490 signiﬁcabatur
1755 3435 1850 3487 per
1899 3407 2020 3473 fer-5

433 3521 696 3565 mentum.
755 3511 819 3564 Et
865 3528 1056 3568 rursus
1106 3529 1228 3566 cum
1280 3513 1330 3566 ei
1383 3527 1626 3572 mensam
1681 3517 2015 3579 apponerent

435 3601 715 3670 diSL’lplll-l,
762 3600 986 3672 ipseque
1033 3603 1454 3672 respondisset:
1493 3602 1603 3671 ligo
1633 3601 1793 3654 habeo
1837 3616 2012 3654 come-

435 3692 660 3747 dendum
687 3695 857 3747 cibum
889 3711 1038 3765 quem
1069 3713 1154 3749 vos
1184 3695 1392 3749 nescitis
1412 3697 1474 3754 τί,
1495 3695 2014 3762 existimassentque

433 3798 559 3836 eum
592 3784 775 3838 dicere
817 3785 883 3839 de
918 3785 1190 3854 corporali
1222 3786 1347 3839 cibo
1381 3793 1638 3854 tanquam
1676 3785 1897 3840 aliunde
1947 3783 2015 3838 ad

432 3892 558 3929 eum
602 3878 788 3942 allato,
838 3893 996 3932 suum
1052 3891 1359 3932 sermonem
1410 3877 1819 3945 interpretatur,
1867 3874 2016 3945 quod

392 3969 539 4022 'silli
597 3970 931 4023 conveniens
986 3977 1131 4035 esset
1185 3969 1360 4032 cibus,
1411 3967 1666 4023 salutaris
1722 3966 2015 4038 voluntatis

436 4058 771 4129 adiu'ipletio.

510 4149 789 4217 Ejusmodi
857 4153 1088 4220 plurima
1148 4154 1273 4208 licet
1336 4155 1592 4224 colligere
1651 4170 1717 4207 ex
1791 4155 2018 4210 vocibus

437 4243 788 4310 evangelieis,
824 4244 1102 4313 inquibus
1135 4253 1218 4300 est
1245 4246 1386 4299 aliud
1421 4245 1564 4315 quod
1599 4245 1923 4316 intelligitur
1952 4262 2018 4300 ex

437 4351 503 4386 eo
533 4335 682 4404 quod.
713 4343 795 4390 est
829 4337 882 4390 in
916 4345 1194 4408 promptu,
1231 4338 1377 4392 aliud
1422 4346 1602 4393 autem
1635 4339 1700 4392 ad
1746 4339 1892 4409 quod
1937 4341 2020 4392 in-

437 4436 622 4500 tuetur
647 4431 919 4485 sententia
959 4446 1150 4490 eorum
1208 4447 1328 4500 quae
1378 4431 1673 4486 dicuntur:
1732 4440 1787 4483 nt
1819 4447 2016 4501 aquam

2095 592 2154 643 τὸ
2191 592 2246 644 ἓν
2281 593 2790 663 συνδεδραμηκότων
2817 595 2980 662 ἄγος;
3024 594 3085 648 Et
3109 594 3163 646 δέ
3200 611 3282 657 τις
3313 590 3571 663 εὑρεθείη
3601 590 3696 642 λό-

2095 699 2190 751 γος
2234 685 2262 736 ὁ
2315 683 2376 736 τὸ
2426 683 2513 736 διὰ
2565 683 2766 736 τούτων
2809 685 3260 756 οἰκονομούμενοι]
3317 681 3696 737 ἐπιδεικνύων

2095 773 2402 838 ἀνεύθυνον,
2450 775 2569 827 τότε
2613 774 2889 845 ἀληθεύων
2919 779 2947 830 ὁ
2987 777 3077 830 τοῦ
3132 776 3296 830 αὐτοῦ
3342 776 3500 844 λόγος
3558 777 3696 828 ἐπι-

2095 862 2457 932 δειχθήσεται,
2506 864 2586 922 ὅτι
2639 864 2706 916 Τὸ
2760 863 2996 934 γράμμα
3028 867 3366 920 ἀποκτείνει
3401 863 3700 935 (πονηρῶν

2097 954 2204 1025 γὰρ
2242 954 2351 1022 ἔχει
2380 956 2722 1025 πραγμάτων
2759 958 2814 1008 ἐν
2860 957 3035 1027 ἐαυτῷ
3064 957 3131 1010 τὰ
3165 956 3590 1027 ὑποδείγματα),
3628 955 3700 1007 τὸ

2098 1045 2164 1096 δὲ·
2191 1046 2423 1115 πνεῦμα
2453 1047 2748 1107 ἄορ-ποιεῖ·
2790 1049 3105 1119 μετατίθησι
3139 1052 3245 1120 γάρ
3265 1049 3362 1118 τὴν
3394 1048 3699 1117 ἀπεμῳαί-

2098 1154 2293 1189 νουσαν
2332 1139 2424 1190 καὶ
2453 1139 2882 1211 διαϐεϐλημένην
2909 1141 3114 1194 ἔννοιαν
3147 1145 3226 1204 είς
3257 1140 3529 1208 θειοτέρας
3581 1141 3697 1208 ἐμέ

2100 1231 2310 1296 φάσεις.
2343 1230 2576 1301 Οἴδαμεν
2621 1233 2676 1284 δὲ
2727 1235 2820 1285 καὶ
2853 1233 3013 1286 αὑτὸν
3047 1234 3140 1286 τὸν
3183 1234 3350 1300 Λόγον
3392 1233 3480 1283 τὸν
3523 1231 3702 1302 παρὰ

2099 1322 2278 1390 πάσης
2314 1323 2542 1385 κτίσεως
2596 1324 3086 1395 προσκυνούμενον,
3138 1325 3224 1376 ὅτε
3269 1325 3326 1376 ὲν
3375 1321 3698 1392 ὁμοιώματι

2100 1414 2384 1484 ἀνθρώπου
2421 1418 2510 1468 καὶ
2536 1417 2772 1485 σχήματι
2794 1415 2881 1468 διὰ
2911 1416 3110 1487 σαρκὸς
3147 1414 3426 1486 παρεδίδου
3458 1412 3522 1464 τά
3559 1413 3697 1465 θεῖα

2104 1509 2397 1579 μυστήρια,
2423 1507 2593 1570 οὕτως
2623 1508 3066 1562 ἀνακαλύπτοντα
3094 1511 3224 1579 ἡμῖν
3267 1507 3335 1560 τὰ
3373 1506 3462 1558 τοῦ
3507 1507 3697 1577 νόμου

2101 1602 2361 1669 νοήματα,
2396 1599 2534 1653 ὥστε
2564 1603 2687 1664 τοὺς
2718 1601 2810 1654 δύο
2834 1602 3170 1672 ἀνθρώπους,
3198 1595 3269 1655 ὧν
3304 1600 3501 1672 ἀληθής
3524 1600 3697 1651 ἐστιν

2101 1693 2133 1759 ἡ
2177 1693 2468 1762 μαρτυρία,
2503 1693 2691 1745 ἑαυτὸν
2713 1693 2805 1745 καὶ
2829 1693 2916 1745 τὸν
2941 1693 3158 1764 Πατέρα
3185 1692 3360 1760 λέγειν
3391 1687 3524 1746 εἶναι
3549 1705 3565 1716 '
3596 1691 3702 1741 καὶ

2101 1781 2189 1834 τὸν
2218 1781 2450 1850 χαλκοῦν
2482 1783 2604 1850 δρψ)
2649 1784 2740 1836 τὸν
2781 1784 2872 1836 ἐπὶ
2913 1785 3005 1837 τοῦ
3042 1783 3206 1852 ὕψους
3239 1782 3591 1843 ἀνατεθέντα,
3637 1781 3704 1844 ὃς

2104 1867 2170 1942 ἦν
2199 1855 2415 1941 τῷλαῴ
2444 1873 2551 1925 τῶν
2581 1873 2970 1945 θανατηφόρων
3002 1874 3294 1944 δηγμάτων
3320 1871 3701 1942 ὰλεξιτήριος,

2106 1964 2184 2023 εἰς
2211 1963 2305 2031 τὴν
2337 1961 2424 2014 διὰ
2456 1963 2548 2015 τοῦ
2583 1965 2815 2036 σταυροῦ
2845 1964 3140 2035 γενομένην
3185 1963 3323 2032 ὑπὲρ
3349 1961 3501 2032 ἡμῶν
3530 1965 3703 2014 οἰκο-

2106 2049 2298 2119 νομίαν
2333 2051 2814 2120 μεταλαμϐάνοντα
2839 2069 2852 2082 ο
2891 2053 2984 2104 καὶ
3027 2051 3204 2104 αὐτῶν
3253 2051 3309 2103 δὲ
3348 2049 3453 2102 τῶν
3497 2049 3709 2112 ἁπλῶς

2107 2140 2269 2194 αὑτοῦ
2304 2140 2559 2212 μαθητῶν
2582 2143 2678 2212 τὴν
2703 2143 2980 2211 ἀγχίνοιαν
3003 2141 3090 2194 διὰ
3119 2141 3226 2193 τῶν
3254 2140 3708 2210 κεκαλυμμὲνων

2105 2250 2162 2285 τε
2190 2234 2281 2286 καὶ
2303 2235 2793 2304 ὲπικεκρυμμένων
2827 2233 2998 2302 λόγων
3039 2231 3467 2301 διαγυμνάζοντα
3499 2231 3555 2283 ἐν
3585 2247 3709 2284 πα-

2109 2324 2379 2394 ραϐολαῖς,
2427 2325 2482 2378 ὲν
2530 2311 2891 2395 ὁμοιώμαοῖιν,
2937 2326 2993 2376 ὲν
3051 2325 3342 2386 σκοτεινοῖς
3386 2322 3588 2390 λόγοις,
3643 2323 3708 2374 ἐν

2107 2415 2512 2484 ἀποφθέγμασι,
2563 2418 2672 2477 τοῖς
2721 2414 2786 2467 δι’
2835 2414 3173 2484 αἰνιγμάτων
3232 2412 3703 2483 προφερομένοις,

2109 2505 2247 2575 ὑπὲρ
2272 2497 2347 2557 ὧν
2383 2504 2693 2573 καταμόνας
2731 2505 2827 2574 μὲν
2855 2505 3088 2556 ἐποιεῖτο
3117 2503 3422 2572 ἐξηγήσεις,
3452 2501 3706 2553 ἐπιλύων

2108 2595 2290 2658 αὐτοῖς
2324 2595 2422 2664 τὴν
2448 2595 2711 2662 ἀσάφειαν
2731 2613 2742 2624 ο
2780 2594 2892 2647 ἔστι
2928 2594 2984 2647 δὲ
3015 2594 3172 2656 ὅπου,
3197 2595 3244 2645 εί
3271 2593 3342 2663 μὴ
3377 2592 3704 2662 κατελήφθη

2109 2688 2236 2757 παρ’
2264 2687 2440 2739 αὐτῶν
2462 2687 2620 2756 ἡτῶν
2641 2686 2946 2756 λεγομένων
2982 2685 3209 2750 διάνοια,
3243 2683 3320 2736 διε
3330 2684 3570 2754 μέμφετο
3595 2683 3706 2735 arb-

2107 2780 2216 2830 τῶν
2244 2778 2305 2829 τὸ
2327 2777 2638 2847 βραδύνουν,
2667 2778 2759 2830 καὶ
2795 2778 2920 2847 περὶ
2951 2776 3047 2846 τὴν
3085 2775 3293 2828 σύνεσιν
3312 2776 3530 2828 ἄτοπον.
3562 2775 3702 2827 Ὅτε

2112 2869 2219 2938 γὰρ
2236 2867 2570 2938 ἀποσχέσθαι
2586 2867 2678 2920 τοῦ
2690 2866 3025 2938 Φαρισαῖκοῦ
3045 2867 3226 2930 αὐτοῖς
3246 2864 3585 2918 ὲνεκελεύετο
3604 2866 3702 2928 ζυο

2115 2959 2239 3028 μοῦ,
2271 2961 2319 3012 οἱ
2342 2960 2398 3012 δὲ
2441 2959 2792 3030 μικροψύχως
2821 2958 2957 3028 πρὸς
2998 2958 3096 3021 τὰς
3141 2959 3326 3028 πήρας
3364 2956 3699 3021 ἀπέϐλεπον,

2112 3052 2168 3100 ὲν
2199 3045 2285 3112 αἷς
2310 3050 2400 3103 τὸν
2429 3052 2492 3102 ὲκ
2531 3050 2638 3102 τῶν
2675 3051 2852 3120 ἀρτων
2885 3049 3225 3117 ἐπισιτισμὸν
3257 3048 3356 3100 οὐκ
3405 3048 3702 3116 ἐπήγοντο,

2114 3143 2232 3193 τότε
2270 3141 2607 3195 καθάπτεται
2645 3140 2753 3192 τῶν
2794 3141 2867 3210 μὴ
2914 3139 3223 3202 συνιέντων,
3264 3139 3344 3190 ὅτι
3377 3137 3702 3189 διδασκαλία

2114 3227 2180 3302 ἦν
2214 3233 2274 3285 τὸ
2305 3233 2395 3284 διὰ
2427 3232 2516 3284 τοῦ
2551 3232 2723 3301 ζυμοῦ
2750 3231 3099 3301 δηλούμενον.
3146 3231 3254 3282 Καὶ
3290 3230 3449 3283 πάλιν
3484 3229 3700 3299 τράπε-

2117 3326 2214 3389 ζαν
2247 3325 2394 3393 αὐτῷ
2417 3325 2522 3378 τῶν
2562 3325 2823 3394 μαθητῶν
2857 3322 3698 3394 παραθέντων,ἀποκρινόμενος,

2114 3416 2196 3467 ὃτι
2239 3417 2384 3484 Ἐγὼ
2412 3416 2648 3483 βρῶσιν
2672 3417 2789 3484 ἐχω
2808 3417 3010 3486 φαγεῖν
3027 3457 3040 3481 ,
3067 3415 3146 3482 ἢν
3168 3415 3336 3484 ὑμεῖς
3351 3417 3459 3467 οὐκ
3477 3408 3716 3476 οἴδατε,

2119 3507 2531 3576 ὑπονοησάντων
2575 3507 2753 3558 αὐτῶν
2793 3507 2920 3577 περὶ
2959 3505 3278 3576 σωματικῆς
3325 3504 3484 3556 αὐτὸν
3522 3503 3701 3570 λέγειν

2116 3597 2342 3667 τροφῆς,
2357 3597 2431 3659 ὼς
2457 3596 2720 3668 ἑτέρωθεν
2738 3597 2884 3666 αὐτῷ
2905 3596 3378 3668 προσενεχθείσης,
3407 3593 3698 3665 ὲρμηνεύοι

2115 3689 2208 3744 τὸν
2252 3689 2444 3744 ἑαυτοῦ
2476 3690 2651 3758 λόγον,
2691 3691 2772 3743 ὅτι
2814 3689 3016 3759 βρῶσίς
3050 3691 3198 3742 ἐστιν
3236 3686 3384 3757 αὐτῷ
3416 3685 3700 3755 πρέπουσα

2119 3779 2214 3836 καὶ
2241 3780 2590 3850 κατάλληλος,
2631 3783 2664 3851 ἡ
2697 3780 2790 3833 τοῦ
2817 3781 3084 3851 σωτηρίου
3119 3780 3420 3848 θελήματος
3454 3775 3699 3850 ἀποπλή-

2124 3889 2286 3944 ρωσις
2297 3923 2309 3936 ,
3669 3857 3676 3866 1

2193 4154 2302 4206 Καὶ
2355 4153 2524 4223 μυρία
2571 4151 2791 4204 τοιαῦτα
2838 4153 2900 4203 ἐκ
2943 4150 3047 4202 τῶν
3097 4146 3465 4216 εὐαγγελικῶν
3513 4146 3697 4212 φωνῶν

2123 4246 2268 4298 ἔστιν
2299 4243 2656 4306 ἀναλέξασθαι
2682 4281 2696 4304 ,
2742 4242 2828 4310 ἐφ’
2871 4234 2946 4293 ὧν
2978 4239 3103 4293 ἄλλο
3137 4238 3237 4306 μέν
3282 4239 3396 4288 ἐστι
3426 4235 3489 4288 τὸ
3521 4235 3582 4285 ὲκ
3608 4231 3696 4284 τοῦ

2123 4335 2413 4406 προχείρου
2442 4327 2747 4402 νοούμενον,
2776 4321 2962 4401 ἓτερον
2992 4331 3047 4381 δὲ
3081 4329 3213 4398 πρὸς
3250 4327 3278 4379 ὃ
3309 4327 3498 4396 βλέπει
3534 4327 3568 4395 ἡ
3598 4324 3697 4375 τῶν

2124 4427 2430 4496 λεγομένων
2484 4425 2713 4478 διάνοια·
2746 4419 2856 4476 οἷον
2895 4422 2956 4475 τὸ
2982 4420 3126 4490 ὕδωρ
3153 4420 3181 4471 ὃ
3212 4421 3322 4480 τοῖς
3355 4416 3547 4486 διψῶσι
3574 4432 3698 4467 κατ-

438 4535 601 4584 quam
635 4522 883 4588 promisit
917 4522 1250 4586 sitientibus,
1287 4537 1382 4591 per
1428 4537 1590 4591 quam
1645 4521 1780 4574 ﬁunt
1837 4521 2009 4575 fontes

2121 4519 2501 4588 επηγγείλατο,
2549 4517 2613 4570 δι’
2648 4511 2709 4569 οὗ
2759 4516 2933 4585 πηγαὶ
2971 4511 3234 4582 ποταμῶν
3280 4511 3516 4580 γίνονται
3546 4509 3593 4560 οἱ
3621 4525 3675 4559 πι

439 4607 728 4672 ﬂuviorum
773 4610 838 4663 iis
881 4613 972 4679 qui
1009 4611 1281 4675 credunt;
1307 4626 1498 4679 panem
1531 4611 1624 4680 qui
1662 4612 1727 4664 de
1763 4611 1902 4665 ccelo
1933 4611 2024 4665 dc-

439 4698 673 4765 sccudit,
707 4702 1129 4770 templumquod
1159 4702 1476 4764 solvitur,et
1513 4702 1694 4758 triduo.
1715 4703 2021 4770 excitatur;

441 4792 602 4852 viam,
637 4791 875 4851 ostium,
928 4791 1163 4859 lapidem
1210 4793 1302 4860 qui
1341 4793 1410 4844 ab
1459 4792 1888 4849 aediﬁcatoribus
1941 4804 2024 4854 est

445 4880 770 4950 reprobatus
802 4895 865 4933 ac
899 4892 1266 4951 contemptus,
1299 4892 1346 4934 et
1388 4884 1442 4942 in
1472 4884 1651 4951 capite
1698 4886 1882 4952 anguli
1929 4887 2025 4942 ad-

439 4979 660 5037 aptatur
688 4990 700 5024 :
733 4970 872 5024 duos
906 4972 994 5040 qui
1027 4981 1156 5025 sunt
1187 4973 1239 5024 in
1269 4988 1378 5024 uno
1411 4973 1571 5031 lecto,
1609 4971 1977 5027 inolendinum
2004 5015 2018 5038 ,

439 5063 707 5118 molentes
733 5061 991 5116 mulieres
1017 5081 1029 5128 ;
1056 5078 1176 5117 eam
1217 5078 1336 5132 quae
1368 5065 1689 5127 assumitur,
1742 5079 1860 5120 eam
1904 5080 2023 5134 qua:

440 5154 789 5223 relinquitur,
844 5154 1095 5218 cadaver,
1155 5155 1388 5222 aquilas,
1441 5156 1622 5213 licum.
1664 5171 1784 5224 qua:
1837 5164 2024 5210 tenera

439 5246 619 5312 evadit
659 5257 712 5298 et
747 5260 927 5300 ramos
951 5246 1220 5315 producit.
1257 5245 1389 5310 Quae
1419 5247 1629 5309 orunia,
1665 5255 1714 5300 et
1771 5262 2024 5316 quaecun-

439 5347 546 5400 que
604 5345 733 5406 supt
790 5337 1083 5409 ejusmodi,
1131 5351 1228 5390 nos
1285 5336 1641 5390 adhortantur
1694 5345 1751 5389 ut
1811 5337 2025 5393 divinas

443 5433 755 5480 Struleiuur
800 5425 1138 5497 Scripturas,
1194 5437 1246 5479 et
1300 5426 1644 5479 attendamus
1686 5427 1928 5491 lectioni,
1970 5438 2022 5480 et

446 5513 594 5564 omni
630 5515 842 5586 ratione
875 5517 1283 5584 investigemus,
1306 5517 1482 5569 sicubi
1507 5517 1687 5583 aliqua
1717 5517 2021 5578 inveniatur

451 5601 584 5653 ratio
611 5604 891 5657 sublimior
921 5622 979 5657 ea
1018 5623 1136 5676 qua:
1168 5617 1249 5658 est
1301 5607 1354 5658 in
1415 5615 1690 5674 promptu,
1748 5604 2022 5657 deducens

521 5775 567 5804 ὀ
601 5773 745 5829 1;·ιιι,
779 5795 893 5846 ιίιι,
936 5781 993 5832 i1

1107 5784 1147 5809 ⁷⁸
1177 5782 1302 5852 ,ξηιίιί

1360 5800 1439 5838 Ill.

1665 5784 1705 5811 ⁷³
1738 5782 1914 5834 ηςιιιιι.
1957 5783 2189 5848 suum;
2238 5780 2365 5832 Luc.
2397 5798 2508 5844 wn,
2546 5781 2623 5834 l0.

2125 4613 2421 4673 στεύοντες.
2453 4611 2543 4662 τὸν
2578 4610 2739 4682 ἄρτον
2775 4609 2864 4660 τὸν
2897 4609 2960 4660 εκ
3004 4606 3112 4658 τῶν
3151 4602 3398 4674 οὐρανῶν
3428 4597 3696 4652 καταϐαί-

2124 4720 2300 4763 νοντα,
2336 4703 2425 4754 τὸν
2457 4702 2582 4756 ναὸν
2615 4701 2706 4752 τὸν
2734 4699 3011 4768 λυόμενον,
3045 4697 3139 4749 καὶ
3177 4695 3266 4748 διὰ
3295 4691 3458 4762 τριῶν
3486 4688 3698 4758 ἡμερῶν

2125 4794 2490 4862 ἐγειρόμενον,
2515 4791 2613 4861 τὴν
2641 4789 2784 4852 ὁδὸν,
2807 4789 2904 4858 τὴν
2932 4788 3123 4858 θύραν,
3151 4785 3241 4838 τὸν
3266 4782 3412 4835 λίθον
3437 4781 3525 4833 τὸν
3556 4778 3697 4849 παρὰ

2122 4886 2230 4938 τῶν
2261 4883 2727 4952 οἰκοδομουμένων
2765 4879 3228 4949 ἐξουδενούμενον,
3271 4875 3363 4928 καὶ
3395 4875 3461 4942 τῇ
3503 4872 3698 4937 ὲπιγω-

2126 4978 2223 5046 νίῳ
2257 4974 2464 5044 κεφαλῇ
2509 4971 2908 5042 ἁρμοζόμενον’
2942 4971 3067 5033 τοὺς
3105 4968 3197 5020 δύο
3231 4968 3356 5028 τοὺς
3391 4965 3480 5016 ἐπὶ
3524 4963 3697 5031 κλίνης

2130 5067 2279 5136 μιᾶς,
2308 5066 2400 5118 τὸν
2430 5063 2647 5134 μυλῶνα
2670 5101 2682 5122 ,
2711 5061 2810 5123 τὰς
2841 5060 3147 5130 ἀληθούσας
3167 5099 3179 5122 ,
3213 5059 3310 5128 τὴν
3348 5054 3696 5124 παραλαμϐα-

2126 5157 2393 5226 νομένην,
2432 5155 2529 5222 τὴν
2580 5153 3157 5222 καταλιμπανομένην,
3213 5150 3271 5202 τὸ
3306 5147 3537 5218 πτῶμα,
3583 5147 3697 5207 τοὺς

2127 5247 2340 5310 ἀετοὺς,
2370 5245 2464 5314 τὴν
2507 5247 2676 5314 συκῆν
2725 5245 2824 5312 τὴν
2855 5241 3272 5310 ἀπαλυνομένην
3303 5240 3397 5291 καὶ
3425 5237 3551 5298 τοὺς
3584 5236 3699 5288 κλά-

2131 5339 2254 5399 δους
2284 5335 2608 5404 ὲκφύουσαν.
2643 5334 2821 5403 ’Ἄπερ
2870 5333 3045 5384 πάντα
3080 5332 3173 5383 καὶ
3216 5331 3316 5382 ὅσα
3364 5326 3587 5380 τοιαῦτα
3619 5326 3698 5392 γέ-

2130 5444 2269 5484 νοιτο
2299 5427 2362 5480 ἂν
2390 5428 2520 5495 ἡμῖν
2553 5427 2608 5486 ἐς
2643 5423 2954 5493 προτροπὴν
2977 5423 3068 5474 τοῦ
3093 5421 3288 5491 χρῆναι
3313 5419 3404 5471 καὶ
3429 5416 3698 5485 διερευνᾷν

2129 5516 2226 5577 τὰς
2263 5514 2408 5575 θείας
2451 5515 2653 5582 φωνάς,
2691 5514 2783 5566 καὶ
2818 5512 3105 5583 προσέχειν
3146 5513 3211 5580 τῇ
3250 5506 3588 5574 ἀναγνώσει,
3617 5506 3699 5557 καὶ

2131 5606 2271 5657 κατὰ
2296 5606 2467 5656 πάντα
2492 5604 2688 5673 τρόπον
2716 5605 3015 5673 ἀνιχνεύειν
3039 5603 3091 5655 εἴ
3108 5602 3208 5654 πού
3241 5619 3322 5664 τις
3347 5596 3592 5670 εὑρεθείη
3623 5593 3701 5648 λό-

2705 5783 2748 5812 τ³
2778 5780 2967 5834 Matth.
2999 5797 3109 5847 xw,
3153 5779 3202 5833 θ.
3240 5781 3283 5811 τδ
3308 5777 3462 5833 Joan.
3497 5791 3567 5840 tv,
3607 5773 3686 5828 32.
