3874 6378
260 397 368 453 ῖϐί

1438 397 1503 453 ΙΝ
1533 398 1829 456 CANTICA
1868 394 2336 453 CANTICORUM.

3440 392 3543 445 ’162

270 534 367 583 τος
400 517 498 588 τῆς
533 516 828 589 προχείρου
867 517 1249 587 κατανοήσεως
1278 517 1628 591 ὑψηλότερος,
1666 521 1756 574 ἐπὶ
1789 518 1858 573 τὰ

1984 520 2351 590 :ogitationem
2389 515 2455 569 ad
2489 530 2579 570 res
2618 513 2792 585 magis
2822 512 3044 568 divinas
3078 520 3131 568 et
3161 512 3539 584 incorporeas.

264 608 523 681 θειότερά
550 625 610 661 τε
637 608 731 661 καὶ
776 606 1043 679 ἀσώματα
1074 611 1428 678 χειραγωγῶν
1468 612 1568 682 τὴν
1602 611 1859 666 διάνοιαν.

267 700 315 751 Τ
315 701 380 754 ού
396 720 476 754 που
499 702 663 771 χάριν
681 700 743 752 τὸ
765 701 1208 771 ἀπηγορευμένον
1231 702 1295 771 τῇ
1322 700 1523 773 βρώσει
1549 702 1641 754 τοῦ
1675 702 1865 767 ξύλου,

268 794 396 863 ούχὶ
424 794 614 861 συκῆν,
652 791 725 854 ῶς
758 808 899 854 τινες
926 792 1308 860 ἀπεφήναντο,
1357 793 1478 845 οὐδὲ
1511 792 1639 845 ἀλλο
1665 810 1718 846 τι
1756 792 1864 845 τῶν

270 882 591 953 ἀκροδρύων
617 876 756 934 εἶναι
787 879 1108 949 πειθόμεθα.
1160 880 1224 933 Et
1258 880 1366 952 γὰρ
1405 881 1525 935 τότε
1563 881 1866 952 θανατηφό-

273 990 372 1043 ρος
407 969 474 1042 ἦν
514 974 547 1042 ἡ
594 972 758 1042 συκῆ,
793 972 901 1026 οὐδ’
948 972 1016 1026 ἂν
1074 971 1168 1025 νῦν
1217 974 1436 1037 πάντως
1486 973 1745 1043 ἐδώδιμος
1774 969 1862 1044 ἦν.

274 1066 436 1136 Ἀμα
470 1065 526 1117 δὲ
575 1066 669 1119 καὶ
717 1052 1116 1135 μεμαθήκαμεν
1146 1065 1297 1136 παρά
1329 1065 1429 1135 τῆς
1455 1065 1548 1118 τοῦ
1597 1066 1865 1118 Δεσπότου

274 1159 498 1228 φωνῆς,
545 1157 613 1210 δι’
670 1156 997 1225 ἀποφάσεως
1046 1154 1206 1210 τοῦτο
1253 1156 1720 1227 δογματιζούσης·
1783 1158 1867 1213 ὅτι

278 1247 478 1301 Οὐδέν
510 1246 640 1300 ἐστι
672 1244 791 1299 τῶν
826 1244 1344 1315 εἰσπορευομένων
1366 1245 1464 1298 διὰ
1497 1247 1794 1314 στόματος
1836 1245 1867 1298 ὃ

277 1337 534 1392 δύναται
556 1334 843 1390 κοινῶσαι
868 1334 976 1388 τὸν
997 1332 1325 1403 ἄνθρωπον.
1366 1334 1504 1387 Ἀλλ’
1532 1335 1721 1405 ἑτέραν
1749 1334 1871 1388 τινὰ

277 1428 552 1500 ζητοῦμεν
580 1428 818 1482 διάνοιαν
857 1428 950 1479 ἐπὶ
984 1424 1078 1478 τοῦ
1110 1425 1277 1495 νόμου
1299 1464 1315 1490 ,
1349 1426 1503 1491 ἀξίαν
1537 1427 1629 1496 τῆς
1662 1425 1755 1483 τοῦ
1786 1443 1870 1479 νο-

279 1520 511 1592 μοθέτου
554 1520 992 1589 μεγαλειότητος·
1027 1515 1131 1569 κᾶν
1171 1517 1269 1585 τῆς
1315 1516 1409 1577 τοῦ
1462 1516 1598 1569 Θεοῦ
1648 1517 1871 1586 φυτείας

279 1612 447 1684 ἔργον
476 1610 567 1664 τὸν
618 1609 947 1680 παράδεισον
989 1604 1128 1664 εἶναι
1160 1606 1519 1678 ἀκούσωμεν,
1574 1609 1677 1662 κᾶν
1716 1606 1871 1671 ξύλον

279 1703 429 1775 ζωῆς
456 1705 514 1756 ὲν
550 1706 699 1772 μέσῳ
728 1702 822 1754 τοῦ
854 1702 1185 1772 παραδείσου
1225 1702 1656 1772 πεφυτευμένον,
1699 1700 1874 1770 ζητῶ-

279 1812 389 1865 μεν
418 1793 568 1865 παρά
597 1791 691 1846 τοῦ
732 1792 1210 1855 ἀποκαλύπτοντος
1258 1792 1326 1846 τὰ
1358 1793 1718 1864 κεκρυμμένα
1773 1810 1874 1863 μυ-

1961 611 2079 667 Hac
2109 611 2176 666 de
2206 623 2374 664 causa
2407 607 2553 678 quod
2606 606 2660 661 in
2694 622 2792 662 esu
2853 605 2986 675 ligni
3046 612 3130 660 est
3184 606 3539 675 prohibitum,

1962 718 2140 772 neque
2174 701 2339 756 ﬁcum
2367 713 2491 755 esse
2527 698 2823 762 credimus,
2851 705 2911 751 ut
2938 697 3186 750 nonnulli
3220 699 3544 767 pronuntia-

1964 803 2115 861 runt,
2170 806 2349 862 neque
2380 791 2619 860 aliquam
2674 805 2743 844 ex
2793 787 3076 858 frugiferis
3129 788 3440 843 arboribus.
3486 788 3542 842 Si

1962 886 2111 942 enim
2144 894 2276 939 tunc
2307 884 2442 938 licus
2488 883 2681 938 fuisset
2717 880 2951 943 letifera,
3001 896 3102 935 nec
3133 897 3280 935 nunc
3324 882 3543 951 quidem

1964 984 2110 1034 esset
2138 976 2366 1031 omnino
2396 974 2701 1030 esculenta.
2737 970 2913 1025 Simul
2964 972 3129 1025 etiam
3168 971 3271 1025 hoc
3327 985 3547 1039 quoque

1966 1067 2259 1122 didicimus
2289 1080 2319 1118 a
2350 1080 2484 1120 voce
2513 1062 2751 1126 Domini,
2781 1077 2903 1130 quae
2941 1061 3046 1115 hoc
3085 1062 3367 1116 decretum
3422 1075 3545 1128 pro-

1967 1162 2185 1214 nuntiat
2217 1177 2230 1213 :
2257 1157 2408 1211 Nihil
2447 1165 2524 1210 est
2563 1170 2744 1209 eorum
2780 1170 2898 1223 qua:
2936 1168 3028 1221 per
3072 1170 3129 1207 os
3179 1152 3549 1221 ingrediuntur

1967 1251 2106 1322 quod
2160 1250 2393 1319 inquinet
2444 1248 2705 1307 hominem
2726 1230 2755 1299 ἐ
2811 1244 2904 1299 sed
2960 1246 3016 1299 in
3072 1245 3177 1298 hac
3230 1245 3347 1314 lege
3382 1244 3547 1297 aliam

1970 1342 2268 1412 quaerimus
2304 1340 2742 1409 intelligentiam,
2777 1353 2900 1406 quae
2930 1337 3258 1407 Iegislatoris
3290 1338 3451 1410 digna
3478 1337 3551 1390 sit

1971 1433 2276 1501 majestate.
2312 1431 2377 1484 Et
2414 1431 2461 1485 si
2503 1430 2841 1484 audierimus
2878 1428 3190 1497 paradisum
3243 1443 3368 1481 esse
3411 1443 3551 1496 opus

1972 1523 2068 1579 Dei
2101 1524 2478 1593 plantationis,
2513 1528 2569 1575 et
2624 1521 2671 1574 si
2730 1521 2938 1589 lignum
2973 1520 3100 1573 vitae
3160 1521 3458 1588 plantatum
3497 1520 3549 1571 in

1973 1617 2158 1671 medio
2194 1614 2459 1685 paradisi,
2488 1627 2799 1683 quaeramus
2833 1627 2898 1666 ex
2929 1627 2995 1667 eo
3019 1612 3112 1680 qui
3146 1612 3359 1665 occulta
3401 1627 3553 1665 reve-

1972 1705 2051 1758 lat
2082 1706 2364 1775 mysteria,
2401 1713 2461 1758 ttt
2493 1704 2773 1757 discamus
2811 1717 3176 1770 quorumnam
3214 1703 3454 1771 agricola
3502 1709 3558 1756 et

1974 1797 2250 1867 plantator
2284 1795 2451 1850 fuerit
2495 1794 2673 1857 Pater,
2706 1804 2761 1850 et
2787 1795 3250 1864 quemadmodum
3291 1794 3403 1849 ﬁeri
3438 1809 3555 1861 pos-

279 1884 480 1953 στήρια
509 1881 718 1952 μαθεῖν,
745 1881 911 1934 ποίων
934 1881 1116 1950 φυτῶν
1136 1881 1347 1950 γίνεται
1368 1884 1395 1933 ὁ
1414 1882 1602 1954 Πατὴρ
1626 1882 1867 1952 γεωργός

1984 1889 2066 1952 sit,
2099 1896 2158 1941 ut
2188 1889 2241 1941 in
2291 1887 2472 1941 medio
2527 1885 2768 1955 paradisi
2809 1888 2920 1940 sint
2954 1887 3064 1939 duo
3122 1886 3289 1954 ligna,
3320 1885 3555 1938 alterum

275 1990 345 2028 τε
377 1974 469 2027 καί
508 1973 845 2041 φυτοκόμος,
892 1973 988 2026 καὶ
1033 1972 1152 2036 πῶς
1184 1972 1408 2027 δυνατόν
1458 1975 1573 2026 ἐστι
1625 1972 1768 2026 κατά
1806 1973 1866 2027 τὸ

277 2064 607 2135 μεσαίτατον
643 2064 737 2119 τοῦ
772 2065 1102 2136 παραδείσου
1136 2064 1206 2118 τὰ
1235 2065 1327 2118 δύο
1360 2062 1498 2118 εἶναι
1526 2065 1678 2130 ξύλα,
1715 2065 1774 2118 τό
1807 2082 1866 2119 τε

272 2156 382 2227 τῆς
421 2156 690 2237 σωτηρίας
733 2157 825 2210 καὶ
870 2156 970 2226 τῆς
1016 2155 1312 2219 ἀπωλείας.
1363 2155 1438 2208 Τὸ
1474 2156 1583 2226 γὰρ
1621 2155 1865 2227 ἀκριϐῶς

281 2247 475 2319 μέσον,
507 2247 756 2319 καθάπερ
786 2248 844 2301 ἐν
878 2246 1077 2313 κύκλου
1117 2249 1183 2317 τῇ
1218 2249 1559 2318 περιγραφῇ,
1583 2246 1641 2299 ἐν
1675 2245 1755 2316 τῷ
1786 2246 1867 2301 ἑνὶ

276 2337 495 2409 κέντρῳ
539 2338 756 2402 πάντως
798 2337 967 2391 ἐστίν.
997 2338 1061 2390 Et
1099 2337 1155 2390 δὲ
1188 2336 1520 2408 παρατεθείη
1553 2335 1630 2406 τῷ
1660 2335 1867 2406 κέντρῳ

275 2429 428 2483 κατά
457 2447 509 2483 τι
539 2429 699 2500 μέρος
727 2428 913 2499 ἓτερον
945 2428 1190 2499 κέντρον,
1227 2428 1438 2498 ἀνάγκη
1467 2428 1619 2481 πᾶσα
1650 2443 1867 2497 συμμε-

276 2520 570 2591 τατεθῆναι
595 2520 671 2591 τῷ
699 2520 908 2592 κέντρῳ
935 2520 1030 2574 τὸν
1058 2519 1279 2582 κύκλον,
1307 2518 1448 2571 ὥστε
1485 2518 1680 2588 μηκέτι
1705 2518 1871 2587 μέσον

280 2612 424 2669 εἶναι
454 2614 516 2667 τὸ
557 2614 837 2685 πρότερον,
902 2612 1047 2665 Ἐκεῖ
1072 2611 1251 2665 τοίνυν
1285 2610 1401 2672 ἑνὸς
1434 2609 1585 2672 ὄντος
1616 2609 1710 2661 τοῦ
1760 2626 1868 2661 πα-

283 2705 553 2777 ραδείσου,
591 2704 709 2767 πῶς
742 2721 905 2772 φησιν
933 2705 961 2756 ὁ
990 2702 1148 2770 λόγος
1198 2700 1505 2765 ἱδιαζόντως
1542 2701 1639 2769 μὲν
1673 2699 1866 2752 ἑκάτε-

284 2814 383 2867 ρον
427 2794 746 2867 θεωρεῖσθαι
775 2794 882 2848 τῶν
923 2793 1113 2858 ξύλων·
1158 2791 1252 2844 ἐπὶ
1285 2790 1342 2843 δὲ
1388 2788 1481 2842 τού
1519 2788 1683 2867 μέσου
1732 2783 1869 2841 εἶναι

279 2885 444 2941 τοῦτο
490 2888 585 2941 καὶ
632 2885 808 2948 τοῦτο,
859 2878 936 2939 ὧν
968 2884 1031 2937 τὸ
1060 2882 1435 2953 θανατηφόρον
1462 2882 1558 2950 τῆς
1600 2880 1695 2933 τοῦ
1735 2879 1868 2933 Θεοῦ

280 2980 511 3049 φυτείας
533 2978 811 3045 ἀλλότριον
847 2972 986 3030 εἶναι
1022 2975 1262 3030 διδάσκει
1296 2975 1325 3031 6
1364 2974 1545 3028 πάντα
1586 2972 1727 3025 καλά
1753 2971 1872 3025 λίαν

286 3065 425 3122 εἶναι
454 3068 522 3121 τὰ
547 3066 642 3120 τοῦ
687 3064 821 3119 Θεοῦ
852 3064 989 3135 ἔργα
1022 3065 1443 3134 ἀποφηνάμενος
1475 3062 1664 3131 λόγος;
1694 3056 1791 3124 Οἷς
1824 3064 1871 3115 εί

285 3159 364 3231 μή
415 3174 496 3221 τις
540 3156 628 3211 διά
669 3154 984 3225 φιλοσοφίας
1029 3152 1383 3225 ὲνθεωρήσειε
1428 3153 1528 3224 τὴν
1591 3152 1869 3221 ἀλήθειαν,

1974 1980 2189 2041 salutis,
2222 1978 2454 2033 alterum
2504 1978 2782 2031 interitus.
2832 1975 2968 2029 Nam
3004 1976 3146 2044 quod
3200 1975 3439 2045 perfecte
3473 1984 3559 2030 est

1974 2072 2237 2134 medium,
2268 2079 2528 2139 tanquam
2578 2070 2637 2123 in
2682 2068 3055 2138 descriptione
3084 2068 3299 2132 circuli,
3332 2068 3560 2120 omnino

1978 2157 2143 2217 unum
2175 2167 2262 2214 est
2294 2174 2403 2214 uno
2434 2166 2648 2213 centro.
2679 2158 2735 2211 Si
2765 2165 2946 2212 autem
2972 2158 3027 2211 in
3052 2164 3243 2212 centro
3267 2166 3556 2212 extensum

1974 2247 2142 2304 fuerit
2192 2264 2259 2304 ex
2297 2249 2471 2304 altera
2507 2256 2663 2317 parte
2714 2247 2952 2301 alterum
3006 2255 3280 2303 centrum.
3337 2258 3563 2298 necesse

1976 2349 2061 2397 est
2087 2340 2337 2402 omnino,
2368 2346 2429 2393 ut
2457 2354 2582 2393 cum
2622 2345 2814 2393 centro
2860 2337 3024 2390 simul
3055 2336 3424 2389 transferatur
3454 2336 3562 2388 cir-

1977 2430 2156 2496 culus,
2186 2430 2322 2485 adeo
2373 2438 2433 2483 ut
2463 2443 2573 2483 non
2635 2428 2708 2482 sit
2746 2428 2984 2497 amplius
3036 2425 3278 2479 medium
3312 2426 3363 2478 id
3416 2424 3561 2495 quod

1976 2528 2096 2575 erat
2126 2521 2297 2589 prius.
2333 2519 2469 2574 Cum
2501 2533 2632 2588 ergo
2661 2518 2775 2572 illic
2810 2518 2882 2572 sit
2931 2532 3073 2571 unus
3107 2515 3427 2584 paradisus,
3452 2530 3565 2583 quo
3658 2506 3665 2513 ’

1977 2621 2139 2681 pacto
2183 2611 2317 2666 dicit
2346 2611 2633 2679 Scriptura
2670 2623 2921 2664 seorsum
2965 2608 3186 2676 quidem
3224 2604 3564 2659 considerari

1980 2711 2273 2771 utrumque
2297 2703 2526 2772 lignum,
2548 2701 2602 2754 in
2631 2700 2812 2754 medio
2834 2708 3015 2752 autem
3041 2713 3165 2752 esse
3193 2698 3295 2751 boc
3321 2707 3374 2752 et
3405 2697 3565 2765 illud,

1978 2810 2213 2864 quorum
2251 2794 2303 2848 id
2333 2794 2479 2862 quod
2529 2790 2806 2845 letiferum
2853 2797 2995 2855 erat,
3032 2803 3060 2841 a
3096 2788 3189 2842 Dei
3227 2788 3566 2858 plantatione

1979 2884 2151 2938 fuisse
2181 2882 2421 2936 alienum
2456 2881 2612 2936 docet
2637 2882 2682 2935 is
2714 2879 3021 2949 Scriptura:
3051 2879 3229 2940 locus,
3255 2880 3347 2946 qui
3377 2877 3564 2931 omnia

1984 2974 2076 3029 Dei
2113 2989 2278 3044 opera
2309 2973 2467 3027 valde
2498 2973 2639 3028 bona
2670 2986 2793 3026 esse
2823 2970 3066 3025 declarat
3090 2969 3112 3022 ‘I
3136 2968 3191 3022 In
3221 2967 3422 3038 qubus
3453 2967 3562 3022 nisi

1980 3084 2076 3138 per
2118 3064 2521 3137 philosomiiam
2566 3064 2854 3118 veritatem
2908 3059 3079 3117 fueris
3140 3061 3564 3129 contemplatus,

1982 3160 2260 3214 videbitur
2292 3158 2344 3212 id
2383 3155 2527 3227 quod
2558 3155 2784 3217 dicitur,
2809 3169 2934 3209 esse
2964 3151 3299 3214 fabulosum,
3332 3159 3426 3205 aut
3457 3166 3566 3205 non

285 3251 592 3303 ἀσύστατον
635 3248 670 3318 ἢ
735 3245 984 3318 μυθῶδες
1037 3240 1175 3299 εἶναι
1216 3247 1329 3308 τοῖς
1360 3244 1778 3309 ἀνεπισκέπτως
1820 3243 1878 3298 τὸ

1984 3268 2145 3322 posse
2179 3251 2504 3317 consistere,
2541 3248 2860 3303 hominibus
2889 3260 3000 3301 non
3037 3246 3174 3300 satis
3208 3244 3570 3299 consideran-

276 3340 584 3410 λεγόμενον
610 3338 773 3405 δόξει.
800 3392 807 3403 η

359 3434 472 3488 Καὶ
521 3432 733 3503 μακρὸν
762 3431 829 3486 ἂν
861 3429 946 3503 εἴη
978 3430 1050 3485 τὰ
1091 3428 1213 3483 καθ’
1247 3428 1475 3487 ἕκαστον
1508 3430 1571 3482 ἐκ
1603 3429 1711 3483 τῶν
1745 3445 1882 3499 προ·-

287 3525 477 3598 φητῶν
510 3523 904 3592 ἀναλέγεσθαι·
938 3523 1013 3587 ὡς
1037 3523 1066 3575 ὁ
1091 3521 1333 3592 Μιχαίας
1360 3523 1446 3573 ἐπ’
1473 3521 1717 3591 ἐσχάτων
1749 3521 1884 3590 ἡμε-

288 3615 423 3690 ρῶν,
463 3616 702 3687 ὲμφανὲς
734 3616 861 3687 ὅρος
910 3614 1059 3682 λέγει
1091 3612 1416 3684 γενήσεσθαι
1467 3613 1560 3665 ἐπὶ
1596 3611 1695 3674 τὰς
1728 3627 1885 3682 κορυ-

286 3710 401 3780 φὰς
438 3708 548 3761 τῶν
575 3707 767 3779 ὀρέων,
799 3707 859 3761 τὸ
886 3706 981 3760 ἐπὶ
1018 3705 1337 3775 καθαιρέσει
1366 3703 1611 3773 γίνεσθαι
1652 3702 1760 3755 τῶν
1792 3702 1886 3755 ἀν-

287 3799 617 3869 τικειμένων
648 3797 950 3868 δυνάμεων,
987 3794 1441 3865 ἀναδεικνύμενω
1475 3794 1576 3863 τῆς
1606 3792 1887 3855 εὐσεϐείας

292 3892 595 3963 μυστήριον
636 3890 780 3944 οὕτω
823 3888 1230 3960 κατονομάζων·
1280 3887 1393 3951 πῶς
1428 3887 1481 3941 δὲ
1522 3886 1714 3957 ῥάϐδον
1755 3887 1889 3940 ἀνα-

288 3983 503 4038 τέλλειν
528 3983 662 4055 φησὶ
698 3984 795 4036 καὶ
820 3982 978 4045 ἀνθος
1011 3984 1077 4036 ὲκ
1104 3981 1205 4051 τῆς
1234 3980 1411 4051 ῥίζης,
1436 3979 1533 4050 τὴν
1560 3979 1650 4032 διὰ
1684 3979 1886 4052 σαρκὸς

289 4074 391 4129 τοῦ
415 4074 621 4145 Κυρίου
645 4074 914 4140 ἀνάδειξιν
938 4075 967 4128 ὁ
988 4072 1191 4144 ὑψηλὸς
1220 4072 1449 4136 Ἡσαΐας
1472 4071 1614 4125 οὕτω
1645 4070 1885 4143 μηνύων,

289 4164 329 4235 ἢ
384 4164 446 4219 τὸ
484 4163 859 4236 τετυρωμένον
907 4164 1032 4235 ὄρος
1080 4162 1232 4234 παρά
1281 4161 1358 4233 τῷ
1408 4162 1631 4233 μεγάλῳ
1684 4161 1888 4227 Δαθὶδ,

289 4253 478 4305 ὁποῖον
499 4250 614 4321 ἔχει
649 4250 773 4304 νοῦν
805 4253 862 4304 ὲν
892 4254 962 4322 τῇ
993 4250 1138 4317 λέξει
1176 4250 1521 4321 φαινόμενον,
1549 4250 1582 4321 ἢ
1612 4251 1671 4304 τὸ
1702 4248 1909 4321 impio?

293 4347 527 4401 πλάσιον
561 4348 731 4417 ἀρμα,
783 4345 818 4416 ἢ
864 4344 972 4399 τῶν
1010 4344 1228 4416 ταύρων
1266 4346 1300 4414 ἡ
1340 4344 1664 4414 συναγωγὴ,
1692 4344 1726 4414 ἡ
1760 4343 1895 4396 επα-

295 4437 538 4508 φιεμένη
567 4440 685 4501 ταῖς
714 4435 982 4506 δαμάλεσι
1022 4434 1129 4488 τῶν
1156 4434 1321 4499 λαῶν,
1344 4434 1376 4505 ἢ
1398 4435 1427 4486 ὁ
1454 4434 1791 4505 βαπτόμενος
1815 4433 1893 4504 τῷ

1985 3343 2156 3399 tibus.

2056 3433 2304 3505 Longum
2350 3433 2513 3489 fuerit
2546 3448 2610 3487 ex
2664 3431 2950 3502 prophetis
3017 3429 3234 3500 singula
3289 3426 3568 3497 colligere,

1985 3526 2450 3597 quemadmodum
2495 3524 2751 3579 Michzeas
2809 3522 2944 3577 dicit
2989 3522 3043 3575 in
3078 3520 3290 3575 ultimis
3340 3519 3569 3581 diebus,

1986 3618 2343 3689 manifestum
2408 3616 2525 3670 fore
2579 3622 2819 3668 montem
2875 3628 3041 3682 super
3105 3601 3387 3664 verticcs'
3412 3624 3571 3663 mon-

1988 3712 2125 3765 tium
2146 3711 2215 3774 ",
2267 3709 2341 3764 ita
2408 3707 2704 3762 nominans
2755 3706 2978 3775 pietatis
3027 3701 3373 3773 mysterium,
3426 3697 3573 3769 quod

1989 3802 2305 3858 ostenditur
2369 3800 2437 3855 ad
2496 3786 2758 3853 delendas
2826 3804 3129 3868 potestates
3183 3791 3572 3853 adversarias,

1990 3893 2456 3966 quemadmodum
2486 3891 2622 3946 dicit
2650 3892 2858 3963 virgam
2891 3899 2945 3945 et
2979 3888 3164 3943 ﬂorem
3203 3886 3333 3940 oriri
3380 3900 3444 3940 ex
3482 3899 3574 3937 ra.
3658 3908 3665 3919 -

1990 3987 2114 4041 dice
2138 3984 2378 4048 lesse",
2417 3980 2632 4037 Domini
2671 3997 2767 4051 per
2797 3994 3023 4034 carnem
3074 3976 3449 4033 ostensionem
3501 3974 3579 4029 si-

1991 4075 2264 4149 gnificans
2300 4072 2553 4128 sublimis
2578 4071 2768 4134 Isaias,
2801 4077 2896 4124 aut
2937 4082 3098 4123 mons
3140 4072 3398 4121 caseatus
3432 4062 3578 4134 apttd

1993 4145 2253 4239 magnum
2269 4164 2530 4219 Davidem
2544 4164 2614 4228 ⁷⁷,
2631 4177 2794 4233 quem
2811 4161 2978 4216 habet
3000 4170 3223 4215 sensum
3239 4156 3333 4227 qui
3352 4161 3580 4226 apparet

1968 4258 2052 4318 'in
2096 4260 2341 4316 dictione
2390 4259 2609 4320 litterae,
2672 4263 2768 4308 aut
2823 4267 3024 4307 currus
3088 4249 3276 4305 decem
3337 4246 3582 4301 millibus

1995 4354 2304 4424 multiplex,
2335 4357 2432 4405 aut
2465 4344 2819 4417 congregatio
2845 4352 3131 4397 taurorum
3163 4354 3285 4409 quae
3325 4337 3584 4393 immitti-

1996 4454 2086 4500 tur
2113 4446 2167 4499 in
2198 4456 2398 4496 vaccas
2428 4440 2781 4511 populorum,
2820 4442 2914 4489 aut
2946 4448 3043 4503 pes
3072 4433 3165 4502 qui
3200 4431 3433 4500 tingitur
3462 4443 3587 4483 san-

294 4530 494 4602 αἶματι
525 4529 682 4594 ποῦς,
710 4528 744 4600 ἢ
770 4529 878 4583 τῶν
915 4526 1092 4581 κυνῶν
1128 4529 1180 4583 αἱ
1206 4526 1466 4595 γλῶσσαι⁸
1500 4526 1533 4599 ἢ
1562 4525 1684 4580 καθ’
1708 4526 1878 4598 ὁμοιό-

2000 4538 2166 4607 guine
2192 4554 2205 4588 :
2235 4542 2330 4587 aut
2358 4546 2557 4587 cautim
2590 4529 2815 4597 linguae,
2854 4534 2949 4579 aut
2988 4523 3084 4594 qui
3120 4523 3297 4577 instar
3332 4519 3489 4573 vituli
3552 4533 3585 4571 a

295 4583 441 4693 ἐηὲα
467 4622 562 4676 τοῦ
838 4583 1326 4690 διαλεπτυνόμένος
1358 4618 1466 4672 τῶν
1505 4583 1712 4691 κέδρων
1738 4583 1767 4671 δ
1799 4618 1878 4671 Λί-

1998 4583 2178 4684 :edris
2206 4625 2494 4688 dividitur,
2521 4583 2767 4675 Libatius
2796 4636 2809 4671 :
2846 4626 2900 4672 et
2953 4583 3059 4669 alia
3090 4621 3291 4685 praeter
3345 4613 3460 4666 hac
3497 4612 3584 4665 itt-

295 4715 483 4779 ϐανος·
515 4714 612 4769 καὶ
642 4712 812 4784 μυρία
856 4711 995 4782 πρὸς
1043 4710 1251 4774 τούτοις
1296 4709 1444 4764 ἔστιν
1473 4711 1538 4765 ἐκ
1564 4711 1665 4781 τῆς
1699 4709 1895 4779 λοιπῆς

294 4804 700 4877 ἀναλεξάμενον
736 4805 1093 4877 προφητείας,
1128 4802 1336 4867 διδάξαι
1379 4802 1440 4855 τὸ
1470 4803 1769 4869 ἀναγκαῖον
1792 4801 1894 4873 τῆς

296 4898 447 4958 κατά
464 4899 704 4953 διάνοιαν
725 4899 833 4952 τῶν
858 4897 1039 4971 ῥητῶν
1062 4896 1318 4967 θεωρίας,
1337 4890 1405 4967 ἧς
1431 4894 1894 4965 ἀποϐαλλόμενος,

296 4988 491 5052 καθὼς
518 4988 743 5061 ἀρέσκει
768 4990 931 5051 τισὶν,
974 4988 1157 5058 ὅμοιον
1196 4982 1333 5038 εἷναί
1363 5002 1453 5055 μοι
1489 4984 1637 5045 δοκεῖ
1664 4983 1725 5037 τὸ
1748 4984 1897 5053 γινό-

304 5096 492 5153 μενον,
526 5078 602 5143 ὼς
630 5078 684 5132 εί
707 5095 790 5142 τις
828 5064 1218 5149 ἀκατέργαστα
1250 5075 1479 5146 προθείη
1516 5074 1653 5145 πρὸς
1685 5073 1899 5145 ἀνθρω-

298 5173 473 5242 πίνην
520 5171 723 5243 βρῶσιν
752 5172 853 5242 τῆς
882 5171 1161 5242 τραπέζης
1196 5169 1266 5223 τὰ
1292 5169 1439 5237 λήϊα,
1476 5165 1550 5237 μὴ
1583 5165 1782 5237 τρίψας
1810 5164 1902 5217 τὸν

300 5266 572 5333 ἄσταχυν,
625 5265 700 5335 μὴ
732 5263 813 5335 τῷ
840 5262 1095 5334 λικμητῷ
1129 5260 1411 5331 διακρίνας
1442 5262 1507 5312 ἐκ
1537 5257 1647 5313 τῶν
1680 5256 1900 5328 ἀχύρων

300 5354 379 5408 τα
401 5354 732 5425 σπέρματα,
772 5354 847 5425 μὴ
891 5353 1159 5417 λεπτύνας
1202 5352 1294 5405 τὸν
1339 5352 1484 5404 σῖτον
1526 5351 1605 5412 είς
1652 5348 1900 5416 ἄλευρον,

306 5445 453 5517 μηδὲ
502 5446 920 5509 κατασκευάσας
962 5446 1128 5516 ἀρτον
1150 5442 1228 5513 τῷ
1257 5441 1551 5511 καθήκοντι
1584 5440 1770 5511 τρόπῳ
1801 5440 1902 5509 τῆς

307 5536 636 5600 σιτοποιίας.
665 5537 878 5607 ’Ὥσπερ
898 5531 1070 5588 οὖντὸ
1093 5530 1685 5603 ἀκατέργαστονογέννη
1694 5547 1770 5600 μα
1796 5528 1903 5582 τῶν

305 5626 530 5699 κτηνῶν
556 5628 673 5680 ἐστι
710 5627 908 5698 τροφὴ,
937 5625 1030 5679 καὶ⁸
1055 5625 1155 5677 ούκ
1194 5621 1516 5694 ἀνθρώπων·
1549 5619 1721 5684 οὕτως
1752 5618 1896 5671 εἴποι

389 5802 618 5857 "Micli.
658 5816 730 5868 tv,
761 5802 807 5855 ί.
889 5802 1061 5856 "lsa.
1102 5816 1180 5869 II,
1223 5803 1269 5855 ι.

1997 4717 2361 4775 numerabilia
2397 4715 2526 4768 licet
2558 4726 2628 4766 ex
2678 4711 2889 4779 reliqua
2922 4708 3185 4778 colligere
3221 4703 3506 4776 prophetia
3533 4709 3588 4756 et

1997 4815 2195 4870 docere
2214 4825 2337 4883 esse
2354 4808 2723 4864 necessariam
2738 4802 3038 4858 verborum
3064 4797 3586 4868 contemplationem

1998 4920 2066 4959 ex
2092 4901 2384 4958 sententia.
2418 4898 2551 4964 Quae
2584 4895 2632 4951 si
2665 4892 2969 4963 rejiciatur,
2990 4896 3051 4943 ut
3076 4889 3257 4958 placet
3282 4884 3585 4946 nonnullis,

2002 4994 2136 5050 mihi
2162 4993 2381 5049 videtur
2412 4988 2467 5044 id
2499 4984 2726 5058 perinde
2753 4997 2899 5047 esse,
2943 4989 3001 5034 ut
3042 4980 3086 5034 si
3121 4977 3248 5048 quis
3293 4975 3359 5028 ad
3397 4977 3591 5027 huma-

2004 5101 2136 5140 num
2163 5084 2220 5138 in
2247 5096 2438 5137 mensa
2463 5094 2620 5135 esum
2650 5090 2757 5130 non
2787 5071 3066 5127 confectas
3090 5074 3329 5138 apponat
3351 5072 3586 5133 segetes,

2002 5176 2177 5248 spicis
2208 5190 2320 5229 non
2347 5171 2517 5235 tritis,
2546 5167 2735 5239 granis
2767 5162 3073 5219 ventilabro
3107 5173 3218 5214 non
3270 5155 3502 5209 secretis
3559 5164 3590 5203 a

2007 5246 2186 5341 palea,
2218 5265 2496 5319 frumento
2526 5260 2584 5314 in
2611 5257 2846 5311 farinam
2888 5266 2997 5306 non
3055 5246 3395 5302 comminuto
3423 5280 3439 5305 ,
3493 5257 3593 5295 ne—

2009 5333 2116 5432 que
2149 5373 2287 5429 pauc
2314 5363 2530 5426 parato,
2565 5365 2630 5404 eo
2659 5362 2767 5419 quo
2796 5360 2894 5416 par
2928 5347 3013 5396 est
3054 5337 3254 5432 modo,
3292 5333 3361 5387 ad
3396 5336 3500 5432 hoc
3532 5340 3591 5386 ut

2010 5423 2082 5508 sit
2105 5423 2442 5505 esculentus.
2479 5437 2766 5508 Quomodo
2796 5448 2925 5504 ergo
2952 5444 3064 5485 non
3120 5425 3434 5482 confectum
3467 5423 3590 5477 fru-

2011 5554 2254 5599 mentum
2283 5546 2370 5594 est
2393 5536 2714 5590 alimentum
2739 5529 3110 5597 jumentorum
3138 5528 3194 5577 et
3234 5533 3344 5573 non
3411 5518 3590 5571 homi-

2012 5650 2164 5701 num,
2190 5634 2264 5687 ita
2296 5628 2401 5685 dici
2433 5633 2613 5696 potest
2640 5614 3139 5685 brutorummotius
3165 5624 3329 5684 quam
3378 5608 3592 5667 ratione

1355 5802 1398 5833 ⁷⁷
1426 5800 1561 5855 Dan.
1593 5815 1654 5863 ll,
1687 5799 1795 5865 55;
1833 5796 1979 5854 Psal.
2008 5807 2176 5851 um,
2214 5790 2293 5843 l6.
