3874 6358
430 374 536 431 765

1663 377 1719 433 s.
1765 377 2092 435 caseum!
2123 379 2419 461 Νῑδδεινι

3586 388 3693 448 764

429 485 783 558 praeditorum
827 486 1185 543 animantium
1216 503 1340 545 esse
1380 488 1703 545 alimentum
1740 507 1837 562 per
1871 494 2007 548 sub-

2110 514 2194 562 τις
2218 498 2284 553 ἂν
2304 498 2513 567 ἀλόγων
2550 498 2748 569 μᾶλλον
2771 501 2808 571 ἢ
2840 500 3069 571 λογικῶν
3087 495 3224 558 εἶναι
3253 505 3459 576 τροφὴν
3484 503 3559 577 μὴ
3580 490 3695 560 ’κα-

430 581 665 635 tiliorem
702 594 813 634 non
878 581 1131 635 confecta
1185 583 1707 653 contemplationem
1759 587 1928 642 verba
1977 602 2009 642 a

430 671 544 730 Deo
578 674 867 742 inspirata,
904 687 1013 726 non
1041 674 1219 729 solum
1253 674 1472 733 Veteris
1508 674 1878 744 Testamenti,
1912 679 2006 735 sed

430 764 603 817 multa
633 761 801 816 etiam
835 761 1107 818 doctrinae
1143 766 1501 837 evangelicae,
1537 775 1732 838 utpote
1780 770 2010 825 ventila-

429 856 589 918 brum
614 854 761 926 quod
819 864 1018 926 purgat
1074 871 1283 922 aream,
1345 859 1557 928 paleam
1591 876 1714 931 qua:
1765 877 1796 916 a
1849 870 2010 917 vento

432 954 773 1017 asportatur,
794 955 849 1001 et
881 947 1125 1002 triticum
1157 949 1305 1019 quod
1335 960 1582 1025 remanet
1609 951 1678 1005 ad
1709 953 1875 1024 pedes
1891 953 2011 1023 ejus

433 1039 529 1107 qui
558 1037 823 1102 ventilat,
859 1037 1040 1109 ignem
1085 1038 1612 1112 inexstinguibilem,
1644 1043 1848 1099 bonum
1882 1044 2013 1099 bor-

434 1143 613 1194 reum,
651 1128 900 1185 arborem
937 1145 1060 1200 quae
1085 1129 1192 1186 fert
1220 1133 1395 1189 malos
1439 1133 1676 1201 fructus,
1709 1135 1888 1192 minas
1926 1151 2013 1193 se-

434 1220 610 1285 curis,
648 1236 772 1292 qua:
801 1222 1073 1276 intentant
1106 1223 1408 1279 terribilem
1453 1226 1710 1281 arborum
1763 1234 2012 1298 amputa-

435 1311 665 1379 tionem,
700 1312 910 1383 lapides
967 1313 1062 1384 qui
1097 1314 1153 1368 in
1212 1314 1510 1372 humanam
1566 1325 2014 1374 transmutantur

434 1409 715 1480 naturam.
748 1403 874 1459 Haec
908 1404 974 1460 ad
1017 1412 1164 1459 tuam
1199 1405 1547 1475 prudentiam
1578 1406 1768 1463 sedulo
1796 1408 1884 1464 bis
1925 1409 2014 1463 lit-

434 1495 571 1550 teris
600 1510 631 1550 a
660 1510 749 1550 me
787 1495 993 1566 scripta
1020 1504 1169 1564 sunt,
1199 1506 1259 1551 ut
1288 1497 1402 1553 sint
1429 1499 1679 1569 quaedam
1724 1502 2013 1571 responsio

438 1584 509 1640 ad
539 1599 637 1641 eos
672 1585 768 1656 qui
801 1593 1051 1641 statuunt
1074 1603 1140 1643 ex
1167 1587 1352 1643 verbis
1379 1586 1583 1642 divinis
1607 1587 1744 1642 nihil
1775 1589 2013 1658 amplius

436 1691 562 1733 esse
590 1676 967 1746 quaerendum,
990 1693 1153 1748 quam
1183 1694 1305 1750 qua:
1331 1686 1417 1735 est
1450 1680 1504 1734 in
1534 1687 1786 1751 promptu
1820 1681 2015 1737 littera:

435 1775 492 1824 et
524 1767 785 1824 dictionis
815 1769 1292 1840 significationem.
1318 1770 1474 1836 Quod
1500 1772 1570 1836 si,
1605 1787 1729 1827 cum
1750 1769 2013 1844 Origenes

2110 589 2477 661 τεργασθέντα
2516 590 2604 644 διὰ
2652 592 2750 661 τῆς
2792 592 3121 661 λεπτοτέρας
3167 593 3402 665 Θεωρίας
3441 595 3513 649 τὰ
3563 595 3697 651 θεό-

2111 695 2352 733 πνευστα
2387 681 2636 751 ῥήματα,
2668 681 2729 733 οὗ
2770 681 2928 750 μόνον
2965 681 3063 750 τῆς
3104 680 3348 745 Παλαιᾰς
3387 682 3694 755 Διαθήκης,

2110 771 2244 826 ἀλλὰ
2274 773 2367 826 καὶ
2398 771 2466 825 τὰ
2494 771 2664 827 πολλὰ
2696 772 2796 842 τῆς
2827 773 3190 843 εύαγγελικῆς
3227 774 3595 837 διδασκαλίας,
3625 775 3697 831 τδ

2110 862 2280 915 πτύον
2304 862 2364 916 τὸ
2396 862 2747 934 διακαθαίρον
2775 863 2873 934 τὴν
2904 864 3084 919 ἅλωνα
3104 904 3119 929 ,
3149 865 3211 918 τὸ
3227 865 3696 936 άποφυσιώμενον

2111 955 2329 1027 ἄχυρον,
2358 956 2388 1009 ὁ
2437 956 2770 1026 παραμένων
2805 956 2951 1020 σῖτος
2983 957 3094 1019 τοῖς
3146 956 3304 1010 ποσὶν
3340 956 3434 1010 τοῦ
3480 956 3695 1028 λικμήο

2110 1065 2288 1120 τορος.
2326 1048 2388 1103 τὸ
2426 1048 2688 1102 ᾶσδεστον
2730 1047 2861 1118 πῦρ,
2893 1049 2925 1119 ὴ
2957 1047 3135 1118 ἀγαθὴ
3173 1047 3419 1119 ἀποθήκη
3443 1088 3459 1114 ,
3483 1048 3544 1101 τὸ
3573 1046 3697 1102 τῶν

2114 1141 2298 1197 κακῶν
2326 1139 2554 1212 εὔφορον
2595 1139 2829 1211 δένδρον,
2868 1141 2902 1210 ἡ
2932 1140 3129 1211 ἀπειλὴ
3161 1140 3261 1210 τῆς
3284 1139 3488 1211 ἀξίνης,
3516 1142 3548 1211 ἡ
3590 1156 3696 1210 φο-

2113 1231 2290 1304 ϐερῶς
2319 1230 2432 1285 τῶν
2470 1231 2703 1304 δένδρων
2739 1231 2837 1302 τὴν
2871 1229 3052 1302 ἀκμὴν
3103 1230 3564 1302 παραδεικνύουσα
3585 1270 3605 1294 ,
3640 1232 3696 1285 οι

2113 1324 2252 1393 πρὸς
2290 1324 2388 1397 τὴν
2431 1322 2776 1395 ἀνθρωπίνην
2826 1321 2986 1391 φύσιν
3031 1320 3473 1392 μεταποιούμενοι
3518 1318 3694 1375 λίθοι.

2113 1413 2300 1469 Ταῦτά
2327 1431 2418 1486 μοι
2438 1413 2526 1468 διὰ
2554 1413 2663 1467 τῶν
2684 1413 2824 1485 πρὸς
2851 1413 2951 1485 τὴν
2982 1411 3191 1467 σύνεσίν
3229 1429 3324 1467 σου
3353 1412 3492 1467 κατὰ
3515 1429 3700 1468 σπου-

2112 1506 2205 1578 δὴν
2233 1508 2577 1579 γραμμάτων
2613 1505 2879 1575 ἀπολογία
2912 1522 2997 1569 τις
3044 1505 3338 1576 γεγράφθω
3389 1505 3521 1576 πρὸς
3551 1506 3700 1571 τοὺς

2117 1598 2284 1670 μηδὲν
2317 1598 2478 1652 πλέον
2506 1596 2660 1670 παρὰ
2691 1596 2791 1667 τὴν
2825 1595 3118 1667 πρόχειρον
3149 1595 3252 1665 τῆς
3284 1594 3473 1662 λέξεως
3506 1596 3700 1666 ἔμφα-

2116 1705 2199 1743 σιν
2232 1690 2297 1743 ὲκ
2333 1688 2441 1742 τῶν
2469 1687 2629 1742 θείων
2666 1687 2926 1759 ῥημάτων
2949 1682 3238 1756 ἀναζητεῖν
3277 1683 3695 1750 νουθετοῦντας.

2114 1781 2179 1834 El
2198 1780 2256 1833 δὲ
2286 1779 2379 1834 τοῦ
2416 1780 2720 1851 Ὠριγένους
2740 1776 3042 1848 φιλοπόνως
3065 1775 3192 1848 περὶ
3210 1774 3272 1829 τὸ
3300 1774 3495 1845 βιϐλίον
3520 1773 3700 1829 τοῦτο

436 1860 733 1932 plurimum
764 1838 969 1918 laboris
1001 1872 1055 1917 et
1084 1862 1253 1918 studii
1284 1863 1340 1918 in
1371 1864 1519 1919 hunc
1564 1864 1763 1920 librum
1819 1838 2007 1921 contu-

2118 1838 2664 1936 cmubdoawog,'xa\
2696 1838 2856 1941 ἧμείς
2888 1838 3075 1939 γραφῇ
3109 1838 3431 1938 παραδοῦναι
3459 1865 3549 1919 τδν
3582 1866 3697 1920 πόα

437 1950 581 2019 ierit,
614 1968 716 2008 nos
750 1969 969 2024 quoque
997 1954 1143 2023 quod
1173 1970 1204 2009 a
1236 1955 1397 2011 nobis
1425 1965 1509 2011 est
1538 1956 1880 2013 elaboratum
1925 1958 2014 2013 lit-

435 2045 570 2101 teris
603 2050 864 2103 mandare
891 2047 1142 2103 lubenter
1174 2048 1552 2116 statuerimus,
1598 2065 1761 2105 nemo
1795 2065 1897 2106 nos
1922 2065 2014 2106 ac-

435 2145 613 2202 cuset,
648 2137 715 2191 ad
746 2138 799 2193 id
825 2139 971 2209 quod
1008 2139 1141 2195 dicit
1182 2141 1477 2210 Apostolus
1517 2142 1738 2198 intuens
1772 2160 1787 2198 :
1833 2142 2012 2198 Unus-

434 2229 654 2299 quisque
687 2231 961 2299 propriam
984 2232 1273 2289 mercedem
1299 2234 1520 2304 accipiet
1549 2235 1835 2290 secundum
1856 2252 2012 2291 suum

435 2318 755 2375 laborem".
782 2321 902 2376 Non
932 2332 1016 2377 est
1047 2331 1228 2378 autem
1279 2323 1368 2379 hic
1402 2326 1543 2381 liber
1574 2340 1605 2380 τι
1638 2342 1725 2382 me
1772 2328 2013 2398 scriptus

437 2410 506 2468 ad
545 2413 992 2479 ostentationem,
1026 2414 1123 2470 sed
1155 2417 1417 2485 quoniam
1463 2418 1634 2471 multa
1668 2428 1735 2473 ex‘
1769 2419 1837 2475 iis
1891 2435 2012 2489 qua:

434 2500 584 2555 dicta
614 2509 742 2555 sunt
767 2502 820 2555 in
856 2501 1136 2565 Ecelesiis,
1172 2504 1393 2573 quidam
1415 2520 1483 2560 ex
1511 2506 1580 2561 iis
1607 2507 1701 2578 qui
1724 2508 2008 2565 nobiscum

433 2602 745 2657 versantur,
775 2593 990 2647 dicendi
1022 2594 1205 2649 studio
1235 2594 1588 2662 adnotarunt,
1626 2596 1749 2652 aliis
1788 2599 2009 2670 quidem

433 2685 505 2739 ab
538 2685 644 2742 illis
674 2687 915 2756 acceptis
957 2703 1080 2758 qua:
1134 2699 1537 2758 consequenter
1567 2691 1761 2747 habuit
1817 2706 2009 2748 eorum

436 2777 737 2845 adnotatio,
769 2789 823 2833 et
862 2779 985 2834 aliis
1019 2794 1048 2832 a
1088 2794 1175 2834 me
1209 2779 1434 2846 additis,
1466 2796 1701 2851 quorum
1751 2793 1869 2840 erat
1913 2799 2011 2840 ne-

436 2867 681 2922 cessaria
718 2866 976 2935 adiectio,
1000 2881 1063 2921 ea
1088 2867 1143 2921 in
1176 2866 1410 2923 formam
1450 2869 1803 2926 homiliarum
1848 2888 2012 2928 enar-

434 2957 574 3023 ravi,
606 2955 673 3009 ad
709 2956 903 3010 litterae
940 2956 1235 3011 dictionem
1274 2960 1463 3013 statim
1502 2960 1684 3015 addita
1718 2963 2008 3019 verborum

437 3046 923 3117 contemplatione,
960 3057 1228 3117 quantum
1259 3050 1395 3104 mihi
1427 3050 1493 3104 ad
1539 3051 1654 3107 hac
1686 3052 1872 3107 datum
1924 3042 2010 3110 est

2114 1978 2204 2017 νον
2238 1960 2395 2032 ἡμῶν
2427 1957 2920 2030 προεθυμήθημεν,
2955 1955 3259 2024 ὲγκαλείτω
3302 1946 3513 2026 Macte,
3543 1953 3701 2024 πρὸς

2113 2052 2175 2105 τὸ
2203 2051 2344 2104 θεῖον
2369 2049 2462 2103 τοῦ
2492 2046 2815 2102 Ἀποστὸλου
2835 2047 3015 2116 λόγιον
3037 2045 3269 2116 βλέπων,
3300 2046 3358 2109 ὃς
3380 2059 3562 2116 φησιν,
3602 2046 3696 2098 ὅτι

2118 2144 2408 2208 Ἕκαστος
2430 2142 2539 2196 τὸν
2554 2140 2709 2194 ἴδιον
2724 2138 2946 2211 μισθὸν
2961 2137 3219 2207 λήψεται
3237 2136 3385 2191 κατὰ
3401 2136 3507 2189 τὸν
3526 2134 3699 2190 (Geor

2113 2238 2324 2290 κόπον.
2343 2234 2494 2305 Ἐμοὶ
2514 2233 2570 2287 δὲ
2595 2233 2654 2286 οὐ
2678 2231 2815 2303 πρὸς
2835 2228 3088 2297 ἐπίδειξίν
3113 2232 3230 2284 ἐστι
3259 2228 3698 2298 συντεταγμένος

2113 2330 2143 2382 ὁ
2179 2328 2354 2396 λόγος·
2397 2324 2510 2378 ἀλλ’
2554 2322 2740 2393 ἐπειδὴ
2771 2321 2841 2375 τὰ
2878 2320 3048 2376 πολλὰ
3088 2320 3197 2374 τῶν
3233 2320 3316 2374 ἐπ’
3358 2318 3696 2390 Ἐκκλησίας

2115 2418 2408 2491 ῥηθέντων,
2432 2415 2574 2478 τινες
2591 2413 2699 2467 τῶν
2721 2412 3008 2477 συνόντων,
3041 2404 3172 2483 ἡμῖν
3198 2411 3303 2465 ὑπὸ
3330 2409 3695 2480 φιλομαθείας

2114 2505 2541 2578 ἐσημειώσαντο,
2591 2502 2659 2559 τὰ
2689 2503 2787 2574 μὲν
2829 2502 2960 2573 παρ’
2993 2502 3216 2555 ἐκείνων
3242 2499 3443 2564 λαϐὼν,
3472 2498 3572 2553 ὅσα
3617 2498 3694 2553 δι’

2112 2598 2406 2659 ἀκολούθου
2439 2590 2596 2668 ἔσχεν
2621 2594 2799 2649 αὐτῶν
2831 2595 2867 2666 ἡ
2917 2594 3217 2664 σημείωσις
3235 2632 3249 2657 ,
3279 2591 3347 2646 τὰ
3376 2591 3432 2645 δὲ
3471 2591 3563 2644 καὶ
3585 2589 3693 2644 ἀπ’

2112 2691 2353 2765 ἐμαυτοῦ
2387 2689 2675 2763 προσθεὶς,
2703 2680 2779 2742 ὧν
2826 2685 3099 2765 ἀναγκαία
3127 2681 3196 2756 ἦν
3237 2687 3270 2756 ἡ
3306 2682 3591 2756 προσθήκη
3630 2683 3696 2737 ὲν

2111 2783 2336 2855 ὁμιλιῶν
2362 2782 2490 2838 εἴδει
2509 2780 2607 2852 τὴν
2628 2778 2932 2850 ὑπηγορίαν
2961 2774 3528 2847 πεποίημαι,καθεξῆς
3548 2774 3696 2845 πρὸς

2111 2877 2254 2944 λέξιν
2283 2875 2616 2950 προαγαγὼν
2658 2875 2756 2947 τὴν
2787 2873 2897 2927 τῶν
2936 2871 3115 2943 ῥητῶν
3148 2869 3400 2941 θεωρίαν,
3430 2869 3516 2937 ἐφ’
3559 2867 3695 2921 ὅσον

2111 2974 2141 3026 ὁ
2173 2970 2364 3042 καιρός
2395 2986 2455 3022 τε
2498 2966 2592 3021 καὶ
2633 2965 2700 3019 τὰ
2730 2964 3049 3036 πράγματα,
3077 2962 3177 3030 τὴν
3206 2960 3333 3030 περὶ
3363 2958 3550 3013 τούτου
3592 2973 3692 3027 μοι

2115 3058 2308 3132 σχολὴν
2355 3057 2587 3112 ἐνεδίδου
2645 3055 2787 3109 κατὰ
2832 3052 2931 3115 τὰς
2979 3051 3193 3123 ἡμέρας
3240 3050 3351 3102 τῶν
3396 3046 3690 3118 νηστειῶν.

438 3136 538 3192 otii
567 3137 622 3191 in
663 3137 861 3193 diebus
887 3137 1248 3209 jejuniorum.
1278 3138 1336 3194 In
1368 3140 1455 3197 his
1484 3142 1632 3197 enim
1656 3143 1746 3199 hic
1773 3144 1911 3200 liber
1938 3148 2006 3202 ad

2124 3154 2212 3206 Ἐν
2252 3149 2477 3212 ταύταις
2509 3147 2618 3221 γὰρ
2661 3147 2791 3218 ἡμῖν
2822 3145 2956 3216 πρὸς
3001 3141 3098 3214 τὴν
3143 3132 3620 3211 δημοσίανάκοὴν
3659 3139 3693 3193 δ

438 3244 613 3291 ειη-οε
641 3229 826 3299 populi
848 3243 879 3282 a
911 3229 1071 3285 nobis
1100 3228 1204 3284 fuit
1226 3231 1559 3288 elaboratus.
1596 3232 1751 3300 Quod
1797 3236 1842 3292 si
1875 3243 2007 3292 tem-

2112 3244 2242 3313 περὶ
2268 3242 2459 3297 τούτου
2485 3239 2640 3308 λόγος
2661 3234 3074 3305 διεσπουδάσθη.
3108 3232 3171 3286 Ei
3197 3232 3254 3285 δὲ
3288 3230 3559 3301 παράσχοι
3588 3229 3690 3283 καὶ

436 3321 587 3393 poris
619 3321 857 3392 spatium
889 3321 1052 3377 nobis
1080 3320 1295 3376 dederit
1326 3323 1452 3378 vitae
1480 3331 1686 3379 nostra
1719 3325 2007 3396 dispensa-

2114 3335 2259 3407 ζωῆς
2287 3334 2477 3407 χρόνον
2519 3334 2547 3385 ὁ
2573 3330 2671 3402 τῆς
2699 3329 2844 3398 ζωῆς
2877 3326 3034 3398 ἡμῶν
3070 3324 3274 3395 ταμίας
3299 3323 3453 3387 Θεὸς,
3493 3322 3587 3376 καὶ
3612 3322 3690 3378 ei-

438 3422 524 3467 tor
547 3411 712 3479 Deus,
746 3422 1072 3484 tempusque
1098 3423 1357 3483 pacatum
1388 3421 1442 3470 et
1473 3417 1858 3487 tranquillum,
1898 3417 2007 3474 for-

2115 3428 2342 3501 ρηνικὴν
2372 3423 2676 3495 εὐκαιρίαν,
2715 3421 2806 3474 καὶ
2850 3420 2962 3481 τοῖς
3004 3418 3345 3486 λειπομένοις
3382 3413 3512 3476 ἴσως
3560 3415 3687 3467 ἑπι-

435 3508 585 3557 tasse
614 3509 811 3557 caetera
839 3517 1253 3574 persequemur.
1277 3503 1438 3561 Nune
1463 3507 1627 3561 etiam
1653 3508 1813 3565 nobis
1838 3523 2007 3579 usque

2110 3516 2484 3592 δραμούμεθα.
2512 3514 2628 3569 Νῦν
2661 3513 2769 3585 γὰρ
2796 3512 2928 3582 ἡμῖν
2960 3506 3247 3580 μέχρι⁶τοῦ
3270 3506 3516 3577 ἡμίσεως
3548 3521 3688 3576 προ-

434 3591 501 3646 ad
533 3582 820 3648 dimidium
861 3595 1133 3665 processit
1154 3596 1364 3652 liberet
1388 3600 1800 3669 contemplatio.
1819 3599 2007 3656 Gratia

2113 3582 2276 3687 ἦλθεν
2356 3608 2513 3679 λόγος
2553 3605 2649 3663 καὶ⁸
2689 3582 2990 3674 ὴήθεωρία.
3040 3600 3106 3652 Ἦ
3143 3597 3303 3670 χάρις
3341 3595 3437 3650 τοῦ
3474 3596 3684 3667 Κυρίου

434 3681 646 3739 Domini
685 3688 859 3743 nostri
888 3685 1020 3743 Jesu
1049 3687 1259 3745 Christi
1289 3691 1362 3747 sit
1416 3692 1707 3749 nobiscum
1747 3695 2005 3753 omnibus

2115 3681 2272 3776 ημῶν
2315 3697 2491 3770 Ἰησοῦ
2537 3694 2775 3767 Χριστοῦ
2807 3691 2946 3763 μετὰ
2981 3691 3198 3744 πάντων
3244 3686 3401 3759 ἡμῶν
3443 3688 3522 3751 εις
3554 3687 3684 3771 ῖοίις

436 3777 495 3835 in
525 3780 724 3835 szccula
758 3782 1108 3839 smculorum.
1142 3784 1335 3842 Amen.

2110 3796 2308 3856 αἰῶνας
2335 3790 2444 3845 τῶν
2475 3786 2707 3842 αἰώνων.
2762 3784 2954 3855 Ἀμήν.

544 3879 565 3898 -
812 3944 819 3948 ,
1052 3873 1338 3930 llOMlLlA
1368 3876 1409 3930 ι.

2477 3910 2483 3916 ν
2692 3890 2695 3895 ‘
2730 3875 2948 3930 ΛΟΓΟΣ
2984 3875 3064 3928 A'.

503 3956 806 4029 (ῙΑΡ.1,ῩΙ.
842 3962 1119 4019 Oscnletnr
1144 3982 1224 4021 me
1240 3967 1420 4031 osculo
1438 3969 1545 4022 oris
1572 3970 1690 4023 sui:
1719 3972 1844 4041 quia
1875 3971 2007 4026 bona

2178 3971 2500 4044 Φιλησάτω
2520 3986 2598 4041 με
2620 3967 2740 4024 ἀπὸ
2766 3964 3115 4037 φιλημάτων
3139 3965 3436 4034 στόματος
3458 3964 3679 4019 αὐτοῦ’

430 4058 554 4107 snnt
590 4049 751 4102 ubera
798 4058 890 4104 tua
922 4068 1079 4122 super
1106 4054 1312 4122 vinum,
1345 4065 1395 4109 et
1444 4056 1577 4111 odor
1625 4069 2007 4143 unguentorum

2110 4073 2197 4126 ὅτι
2246 4065 2455 4138 ἀγαθοὶ
2497 4061 2720 4134 μαστοι
2766 4072 2883 4115 σου
2929 4057 3082 4128 ὑπὲρ
3129 4054 3329 4122 οἶνον,
3372 4056 3471 4113 καὶ
3520 4056 3680 4125 ὀσμὴ

430 4146 641 4191 tuorum
676 4154 839 4208 supra
876 4144 1057 4197 omnia
1108 4155 1370 4201 aromata.
1401 4146 1457 4220 2.
1498 4146 1831 4219 Unguentum
1867 4150 2005 4218 e/Tu-

2110 4163 2310 4231 μύρων
2344 4155 2497 4224 ὑπὲρ
2525 4154 2721 4208 πάντα
2753 4152 2824 4206 τὰ
2858 4151 3154 4220 ἀρώματα.
3190 4149 3395 4217 Μῦρον
3424 4149 3678 4202 ἐκκενω-

428 4244 546 4287 snm
583 4246 769 4283 nomen
808 4242 975 4289 tuum.
1013 4234 1226 4291 Idcirco
1273 4237 1677 4297 adolescentulo:
1709 4240 2004 4297 dilexerunt

2110 4253 2216 4308 θὲν
2244 4248 2430 4321 ὄνομά
2455 4261 2591 4302 σου.
2615 4246 2717 4299 Διὰ
2736 4244 2913 4299 τοῦτο
2939 4241 3207 4307 νεάνιδες
3227 4239 3553 4311 ἠγάπησάν
3581 4254 3675 4302 σε,

428 4327 496 4391 te,
515 4321 566 4372 5.
598 4322 872 4379 traxerunt
904 4335 972 4380 te.
1009 4327 1137 4382 Post
1167 4339 1216 4383 te
1243 4330 1382 4383 enim
1406 4346 1676 4391 curramus
1705 4333 1761 4387 in
1788 4333 2002 4389 odorem

2110 4318 2407 4403 εἵλκυσάν
2433 4354 2525 4394 σε.
2580 4337 2802 4391 Ὀπίσω
2832 4351 2949 4390 σου
2978 4336 3065 4400 εις
3092 4331 3292 4402 ὀσμὴν
3313 4333 3522 4401 μύρων
3561 4344 3677 4386 σου

427 4423 809 4483 unguentorum
842 4425 1073 4473 tuorum.
1115 4418 1422 4477 Introduxit
1462 4439 1540 4477 me
1579 4439 1671 4479 rea:
1698 4425 1750 4483 in
1783 4441 1882 4479 sua
1906 4443 1999 4500 pe—

427 4507 677 4560 netralia.
737 4506 1079 4566 Exsultemus
1126 4521 1176 4566 et
1222 4513 1463 4569 lwtemnr
1499 4516 1553 4570 in
1599 4526 1665 4571 te.
1700 4516 1999 4589 Diligamus
2031 4502 2077 4556 ⁷)

425 4594 588 4658 ubera
629 4607 722 4651 tua
739 4604 916 4667 ‘supra
933 4602 1131 4658 vinum.
1166 4602 1236 4657 Te
1262 4604 1448 4659 dilexit
1474 4608 1750 4662 rectitudo.

500 4777 829 4853 Quicunque
853 4796 1222 4856 congruenter
1252 4790 1486 4845 consilio
1532 4789 1712 4856 Pauli,
1756 4798 1998 4848 veterem

428 4870 726 4941 hominem,
783 4884 1043 4947 tanquam
1100 4879 1384 4935 sordidum
1427 4881 1650 4953 aliquod
1700 4883 1999 4939 vestimen-

428 4981 566 5036 tum,
609 4969 842 5025 exuistis
874 4985 999 5025 cum
1018 4972 1140 5042 ejus
1171 4974 1482 5031 actionibus
1512 4985 1567 5031 et
1599 4976 1910 5045 desideriis,
1941 4986 1996 5032 et

421 5062 633 5122 lucidas
663 5059 881 5115 Domini
914 5069 1118 5126 vestes,
1163 5063 1356 5133 quales
1394 5065 1637 5120 ostendit
1666 5065 1722 5120 in
1774 5064 1993 5121 transii-

420 5154 707 5222 guratione
749 5168 871 5223 qum
904 5152 1047 5208 facta
1077 5162 1162 5210 est
1213 5155 1269 5209 in
1319 5164 1526 5220 monte,
1584 5155 1869 5213 induistis‘
1901 5172 1997 5228 per

420 5245 549 5299 vitae
571 5245 889 5314 puritatem,
921 5246 1032 5299 imo
1059 5259 1189 5301 vero
1212 5247 1306 5316 qui
1341 5247 1520 5318 ipsum
1558 5247 1851 5304 Dominum
1896 5263 1996 5302 no-

422 5342 598 5386 strum
652 5333 837 5391 Jesum
894 5336 1174 5392 Christum
1235 5353 1359 5393 cum
1419 5338 1705 5404 charitate,
1748 5355 1870 5410 quae
1911 5348 1995 5395 est

372 5430 376 5433 ‘
422 5424 542 5484 ejus
573 5423 979 5491 indumentum,
1007 5427 1289 5493 induistis,
1323 5436 1378 5483 et
1403 5430 1538 5485 estis
1569 5431 1620 5484 ei
1665 5430 1991 5485 conformati

428 5508 491 5557 ad
521 5511 977 5576 impatibilitatem
1007 5526 1060 5573 ct
1096 5518 1161 5574 ad
1215 5519 1318 5573 hoc
1377 5527 1435 5573 ut
1485 5521 1607 5576 sitis
1661 5521 1989 5589 diviniores,

497 5750 542 5777 ⁷⁸
566 5750 584 5800 Ῐ
609 5756 732 5818 (λον.
766 5785 849 5835 ιιι,
880 5772 933 5823 8.

2106 4432 2464 4504 δραμοῦμεν.
2507 4427 2836 4497 Εισήνετκέ
2860 4442 2937 4496 με
2971 4430 3004 4482 ὀ
3030 4426 3332 4493 βασιλεὺς
3360 4428 3449 4492 εἰς
3477 4425 3545 4481 τὸ
3576 4441 3679 4481 τα-

2100 4526 2273 4595 μεῖον
2300 4521 2507 4579 αὐτοῦ.
2567 4518 3091 4591 Ἀγαλλιασώμεθα
3120 4522 3218 4575 καὶ
3254 4519 3679 4589 εὐφρανθῶμεν

2100 4615 2170 4669 ἐν
2205 4613 2327 4667 σοι.
2373 4610 2802 4682 Ἀγαπήσωμεν
2838 4610 3112 4681 μαστούς
3153 4624 3271 4667 σου
3306 4610 3458 4680 ὑπὲρ
3485 4608 3673 4668 οἶνον.

2095 4705 2369 4773 Εὺθύτης
2390 4702 2711 4774 ἠγάπησέν
2736 4715 2830 4757 σε.

2174 4796 2326 4852 Ὅσοι
2349 4792 2491 4849 κατὰ
2514 4794 2612 4864 τὴν
2633 4791 2940 4865 συμϐουλὴν
2959 4791 3052 4847 τοῦ
3072 4791 3310 4859 Παύλου,
3332 4793 3424 4847 τδν
3452 4795 3677 4850 παλαιὸν

2099 4887 2407 4958 ἄνθρωπον,
2440 4886 2627 4961 ὥσπερ
2659 4902 2714 4938 τι
2746 4884 3089 4957 περιϐόλαιον
3117 4884 3362 4957 ῥυπαρὸν
3402 4884 3675 4941 ἀπεδύσα-

2100 4977 2195 5032 σθε
2228 4977 2324 5030 σὺν
2351 4981 2473 5040 ταῖς
2505 4975 2736 5049 πράξεσι
2760 4976 2855 5030 καὶ
2879 4977 2997 5041 ταῖς
3029 4974 3343 5047 ἐπιθυμίαις
3368 4977 3554 5042 αὑτοῦ,
3584 4981 3674 5033 καὶ

2096 5070 2166 5124 τὰ
2215 5069 2452 5139 φωτεινὰ
2491 5070 2586 5125 τοῦ
2636 5069 2841 5143 Κυρίου
2894 5068 3116 5138 ἱμάτια,
3160 5063 3249 5124 οἷα
3297 5070 3390 5123 ἐπὶ
3435 5069 3537 5140 τῆς
3578 5071 3672 5125 τοῦ

2096 5161 2256 5231 ὅρους
2290 5159 2763 5233 μεταμορφώσεως
2807 5158 2996 5226 ἔδειξε,
3042 5158 3129 5214 διὰ
3174 5161 3275 5231 τῆς
3306 5160 3675 5233 καθαρότητος

2099 5249 2192 5304 τοῦ
2218 5250 2334 5321 βίου
2360 5250 2768 5323 περιεδάλεσθε,
2797 5250 2997 5322 μᾶλλον
3021 5251 3076 5304 δὲ
3102 5252 3151 5305 οί
3179 5251 3341 5307 αὐτὸν
3360 5252 3451 5307 τὸν
3472 5253 3672 5326 Κύριον

2098 5339 2256 5409 ἡμῶν
2289 5339 2497 5411 Ἰησοῦν
2533 5339 2765 5413 Χριστὸν
2801 5341 2938 5411 μετὰ
2961 5342 3057 5413 τῆς
3081 5342 3322 5412 ἀγάπης,
3351 5341 3516 5399 αὐτοῦ
3541 5360 3669 5405 ,στο-

2100 5429 2218 5498 λῆς,
2246 5430 2614 5503 ἐνδυσάμενοι,
2666 5434 2761 5487 καὶ
2810 5433 3304 5505 συμμορφωθέντες
3348 5433 3499 5505 αὐτῷ
3533 5436 3669 5507 πρὸς

2098 5521 2157 5573 τὸ
2183 5521 2389 5586 ἀπαθές
2420 5540 2478 5577 τε
2508 5525 2602 5580 καὶ.
2629 5524 2898 5593 θειότερον
2918 5542 2930 5557 ο
2966 5525 3123 5595 ὑμεῖς
3148 5523 3417 5580 ἀκούσατε
3441 5524 3534 5580 τοῦ
3563 5543 3662 5599 μυ-
