3874 6372
236 407 353 464 Ἷῦὕ

1320 400 1401 493 IN!
1426 400 1725 456 CANIICA
1768 398 2042 456 CANTIC.
2082 398 2369 457 IIOMILIA
2405 399 2446 456 ι.

3415 400 3522 459 768

231 522 465 595 ατηρίου
516 522 611 575 τοῦ
646 522 925 594 ’ᾼσματος
964 520 1074 575 τῶν
1113 521 1397 594 ᾀσμάτων.
1441 523 1633 594 Ὑμεῖς
1673 524 1821 587 ἐντὸς

1929 535 2028 576 vos
2073 520 2259 575 audite
2310 520 2630 594 mysterium
2677 514 2893 573 Cantici
2949 516 3322 573 canticorum.
3384 516 3521 583 Vos,

235 612 458 685 γίνεσθε
518 613 613 668 τοῦ
662 614 939 685 ἀκηράτου
988 614 1305 684 νυμφῶνος,
1354 613 1827 687 λευχειμονοῦντες

235 709 355 771 τοῖς
404 705 661 777 καθαροῖς
706 722 767 760 τε
815 707 910 761 καὶ
955 705 1279 779 ἀμολύντοις
1316 708 1567 777 νοήμασι.
1621 708 1711 779 Μή
1743 725 1828 772 τις

232 796 467 869 ἐμπαθῆ
502 798 597 852 καὶ
630 796 884 871 σαρκώδη
912 796 1170 868 λογισμὸν
1198 798 1537 869 ἐπαγόμενος
1558 840 1572 862 ,
1623 799 1717 851 καὶ
1752 797 1827 869 μὴ

235 889 384 961 ἔχων
414 888 623 961 πρέπον
665 889 746 961 τῷ
787 889 917 961 θείῳ
943 888 1107 961 γάμῳ
1138 888 1199 942 τὺ
1226 890 1324 959 τῆς
1353 889 1708 960 συνειδήσεως
1741 889 1829 942 ἐν·

232 982 409 1052 δυμα,
445 979 671 1053 συνδεθῇ
718 983 833 1045 τοῖς
877 968 1030 1045 ἰδίοις
1071 981 1327 1052 νοήμασι,
1367 980 1468 1044 τὰς
1514 980 1826 1051 ἀκηράτους

232 1073 337 1128 τοῦ
373 1073 607 1146 νυμφίου
654 1091 715 1128 τε
755 1073 849 1128 καὶ
878 1073 980 1144 τῆς
1004 1073 1221 1145 νύμφης
1247 1071 1434 1142 φωνάς
1464 1074 1544 1137 είς
1578 1072 1824 1144 κτηνὼδη

232 1164 336 1219 καὶ
365 1163 534 1234 ἀλογα
557 1162 840 1219 καθέλκων
882 1163 1052 1235 πάθη,
1088 1165 1182 1218 καὶ
1210 1162 1278 1218 δι’
1321 1162 1501 1218 αὐτῶν
1543 1166 1665 1226 ταῖς
1702 1165 1823 1217 αίσ-

236 1260 405 1330 χραῖς
431 1257 667 1321 ὲνδυθεὶς
699 1256 1021 1328 φαντασίαις
1058 1255 1163 1322 ἔξω
1185 1254 1295 1310 τῶν
1323 1258 1380 1310 tv
1403 1255 1480 1327 τῷ
1508 1257 1672 1327 γάμῳ
1702 1273 1826 1325 φαι-

236 1350 586 1422 δρυνομένων
626 1350 927 1422 ἀποῤῥιφῇ,
958 1347 1049 1403 τὸν
1095 1347 1338 1421 βρυγμδν
1376 1348 1469 1401 καὶ
1497 1348 1558 1401 τὸ
1590 1347 1823 1415 δάκρυον

238 1441 365 1495 ἀντὶ
391 1441 488 1513 τῆς
518 1442 577 1495 tv
606 1440 836 1495 παστάδι
886 1424 1063 1513 χαρᾶς
1092 1438 1585 1511 ἀνταλλαξάμενος.
1636 1439 1825 1493 Ταῦτα

237 1532 681 1606 διαμαρτύρομαι
710 1532 919 1606 μέλλων
966 1532 1234 1588 ἅπτεσθαι
1258 1532 1359 1603 τῆς
1389 1535 1448 1587 ὲν
1473 1531 1551 1605 τῷ
1585 1534 1825 1605 ’ᾼσματι

236 1623 353 1677 τῶν
395 1624 657 1695 ᾀσμάτων
702 1625 974 1697 μυστικῆς
1002 1625 1258 1697 Θεωρίας.
1304 1626 1403 1681 Διά
1444 1627 1554 1700 γὰρ
1589 1626 1700 1682 τῶν
1741 1629 1827 1682 tv-

236 1713 417 1768 ταῦθα
444 1717 867 1787 γεγραμμένων,
909 1717 1361 1789 νυμφοστολεῐται
1405 1720 1605 1791 τρόπον
1637 1720 1759 1774 τινὰ
1790 1720 1824 1790 ἡ

235 1802 389 1875 ψυχὴ
440 1803 574 1876 πρὸς
615 1806 715 1877 τὴν
761 1805 1054 1877 ἀσώματόν
1081 1823 1140 1861 τε
1181 1808 1276 1864 κα.)⁸
1319 1808 1697 1880 πνευματικὴν
1733 1810 1826 1863 καὶ

237 1892 407 1947 ἄῦλον
433 1893 526 1947 τοῦ
554 1892 687 1948 Θεοῦ
718 1893 998 1967 συζυγίαν.
1038 1896 1096 1952 Ὀ
1130 1896 1239 1969 γάρ
1285 1898 1495 1962 πάντας
1523 1896 1691 1953 θέλων
1720 1915 1824 1952 σω·
1853 1885 1897 1942 Β

240 1980 426 2053 θῆναι,
458 1983 549 2037 καὶ
570 1984 649 2049 είς
678 1985 973 2054 ἐπίγνωσιν
995 1986 1253 2053 ἀληθείας
1276 1986 1472 2056 ἐλθεῖν,
1502 1989 1593 2043 τδν
1625 1984 1825 2044 τελειό-

237 2089 403 2126 τατον
450 2073 685 2129 ἐνταῦθα
729 2076 823 2130 καὶ
855 2078 1122 2149 μακάριον
1162 2078 1261 2150 τῆς
1309 2079 1585 2150 σωτηρίας
1614 2080 1827 2135 ὑποδείψ

238 2181 399 2217 κνυσι
432 2165 648 2235 τρόπον,
680 2167 771 2222 τδν
802 2161 891 2223 διὰ
933 2170 1033 2240 τῆς
1075 2168 1297 2242 ἀγάπης
1334 2170 1497 2241 λέγω.
1539 2172 1693 2226 Ἔστι
1727 2172 1825 2243 μὲν

236 2255 354 2327 γάρ
394 2257 489 2309 καὶ⁵
518 2257 604 2311 διά
633 2259 797 2328 φόϐου
842 2261 953 2315 τισὶ
996 2260 1253 2334 γινομένη
1299 2262 1334 2333 ἡ
1385 2262 1648 2335 σωτηρία,
1695 2264 1824 2317 ὅταν

237 2348 380 2420 πρὸς
405 2348 505 2415 τάς
545 2350 774 2417 ἀπειλὰς
818 2353 919 2424 τῆς
948 2355 1008 2406 ὲν
1049 2355 1116 2425 τῇ
1162 2352 1356 2426 γεέννῃ
1397 2354 1675 2419 κολάσεως
1706 2354 1824 2427 βλέ-

234 2458 433 2506 ποντες
464 2441 557 2495 τοῦ
598 2442 769 2496 κακοῦ
817 2442 1199 2519 χωριζώμεθα.
1230 2445 1353 2499 Εἰσὶ
1382 2445 1439 2499 δέ
1470 2464 1615 2512 τινες
1640 2449 1691 2511 οί
1729 2448 1823 2503 καὶ

232 2531 329 2586 διὰ
373 2534 469 2605 τὴν
523 2536 895 2609 ἀποκειμένην
942 2539 1056 2601 τοῖς
1105 2535 1345 2602 εὐσεϐῶς
1392 2537 1679 2609 βεϐιωκόσι
1730 2540 1823 2595 τὸν

238 2625 436 2696 μισθδν
487 2627 675 2683 ἐλπίδα
705 2629 805 2702 τὴν
833 2630 1035 2701 ἀρετὴν
1065 2630 1481 2704 κατορθοῦντες,
1506 2633 1605 2687 οὐκ
1632 2634 1823 2709 ἀγάπῃ

235 2717 301 2771 τὸ
328 2717 551 2786 ἀγαθὸν,
579 2718 715 2774 ἀλλά
747 2722 815 2792 τῇ
844 2720 1139 2793 προσδοκίᾳ
1164 2721 1265 2791 τῆς
1289 2722 1525 2794 ἀμοιϐῆς
1550 2724 1824 2778 κατακτῶ-

242 2824 414 2889 μενοι.
472 2809 531 2862 Ὀ
582 2808 769 2881 μέντοι
836 2810 974 2881 πρὸς
1017 2810 1078 2864 τὸ
1134 2810 1335 2865 τέλειον
1380 2813 1709 2885 ἀναδραμὼν
1753 2817 1819 2888 τῇ

235 2899 408 2971 ψυχῇ,
439 2901 740 2955 ἀπωθεῖται
776 2902 875 2974 μὲν
903 2901 994 2955 τὸν
1027 2901 1191 2972 φόϐον
1216 2918 1228 2932 ⁸
1269 2901 1686 2977 ἀνδραποδώδης
1711 2905 1821 2978 γὰρ

236 2992 273 3061 ἠ
304 2991 526 3063 τοιαύτη
550 2992 811 3057 διάθεσις,
838 2992 915 3065 τῷ
944 2994 1018 3066 μὴ
1046 2993 1112 3048 δι’
1142 2995 1361 3067 ἀγάπης
1387 2996 1722 3068 παραμένειν
1744 2997 1822 3069 τῷ

218 3080 568 3149 ’κυριεύοντι⁷
600 3081 735 3136 ἀλλά
767 3081 845 3153 τῷ
874 3082 983 3137 τῶν
1027 3085 1306 3155 μαστίγων
1339 3086 1488 3157 φόϐῳ
1520 3086 1594 3158 μὴ
1624 3086 1823 3159 δραπε-

234 3168 416 3222 τεύειν
435 3186 448 3200 ·
475 3170 721 3242 ὑπερορᾷ
747 3170 804 3224 δὲ
838 3170 932 3225 καὶ
956 3172 1133 3231 αὐτῶν
1159 3173 1267 3228 τῶν
1299 3174 1526 3245 μισθῶν,
1554 3175 1629 3239 ὡς
1650 3175 1717 3231 ἂν
1746 3177 1820 3249 μὴ

233 3260 421 3331 δοκοίη
449 3261 538 3315 τὸν
566 3236 756 3331 μισθδν
790 3263 1061 3318 ποιεῖσθαι
1090 3236 1480 3340 προτιμότερον
1506 3236 1823 3342 τοῦ-δωρῷξ
1847 3236 1891 3295 C

238 3350 405 3422 μένου
449 3351 510 3405 τὸ
554 3353 743 3424 κέρδος
770 3368 783 3383 ’
834 3354 1026 3429 ἀγαπᾷ
1052 3356 1108 3417 δὲ
1138 3356 1196 3424 ἐξ
1223 3357 1350 3429 ὅλης
1377 3359 1605 3430 καρδίας
1634 3378 1694 3414 τε
1726 3360 1820 3416 καὶ

231 3441 415 3512 ψυχῆς
458 3441 552 3497 καὶ
583 3442 884 3513 δυνάμεως,
931 3444 1033 3499 οὑκ
1080 3444 1211 3501 ἀλλο
1250 3463 1302 3499 τι
1347 3445 1457 3500 τῶν
1490 3449 1619 3519 παρ’
1652 3446 1818 3503 αὑτοῦ

233 3533 559 3603 γινομένων,
583 3534 698 3589 ἀλλ’
725 3535 886 3589 αὑτὸν
916 3536 1120 3590 ἐκεῖνον
1156 3539 1214 3601 ὃς
1253 3540 1369 3592 ἐστι
1396 3538 1503 3595 τῶν
1534 3539 1756 3613 ἀγαθῶν
1786 3542 1818 3611 ἡ

231 3626 414 3696 πηγή.
445 3624 662 3698 Ταύτην
688 3626 867 3679 τοίνυν
893 3628 921 3683 6
948 3626 1127 3687 καλῶν
1154 3629 1307 3699 ἡμᾶς
1337 3629 1473 3700 πρὸς
1505 3630 1602 3701 τὴν
1625 3631 1818 3685 ἑαυτοῦ

239 3717 559 3799 μετουσίαν,
591 3717 875 3789 νομοθετεῖ
898 3721 1019 3783 ταῖς
1043 3719 1151 3773 τῶν
1176 3720 1481 3775 ἀκουόντων
1504 3721 1704 3793 ψυχαῖς
1721 3723 1819 3795 τὴν

214 3806 495 3863 .διάθεσιν.
538 3808 597 3862 '0
624 3809 680 3863 δὲ
708 3808 943 3879 βεϐαιῶν
973 3809 1072 3881 τὴν
1099 3811 1418 3882 νομοθεσίαν
1449 3813 1673 3886 ταύτην,
1700 3816 1818 3877 ἐστὶ

234 3898 522 3970 Σολομῶνο
556 3892 619 3954 οὗ
649 3902 682 3973 ἡ
720 3900 884 3971 σοφία
908 3901 1052 3956 κατά
1078 3903 1177 3974 τὴν
1207 3902 1358 3958 θείαν
1387 3906 1689 3977 μαρτυρίαν
1723 3907 1818 3979 μὲι

231 4006 364 4061 τρον
389 3992 490 4045 οὐκ
518 3991 652 4062 ἔχει,
684 3993 851 4046 πᾶσιν
883 3993 1080 4066 ἐπίσης
1109 3996 1221 4058 τοῖς
1246 4011 1305 4049 τε
1338 3997 1699 4068 προγεγονόσι·
1726 3998 1819 4052 καὶ

228 4082 349 4145 τοῖς
378 4081 659 4154 ἐσομένοις
688 4083 1019 4157 ἀσύγκριτος
1062 4081 1196 4140 οὖσα
1234 4086 1330 4141 καὶ
1358 4074 1725 4161 ἀπαράθετος,
1760 4090 1819 4147 δν

230 4171 393 4226 ἔλαθε
437 4172 547 4228 τῶν
587 4173 758 4237 ὄντων
800 4176 972 4233 οὐδέν.
1018 4172 1167 4250 *Αρά
1196 4194 1264 4250 με
1292 4178 1483 4234 τοῦτον
1512 4179 1613 4235 οίει
1641 4181 1818 4253 λέγειν

229 4264 326 4317 τὸν
364 4266 430 4319 ἐκ
471 4264 574 4336 τῆς
603 4265 887 4338 Βηρσαϐεέ
919 4268 1261 4341 Σολομῶντα,
1292 4271 1385 4325 τὸν
1414 4271 1507 4325 ἐπὶ
1531 4271 1626 4326 τοῦ
1659 4272 1821 4347 ὅρους

231 4357 592 4427 ἀνενεγκόντα
615 4359 714 4431 την
738 4359 1045 4434 χιλιόμϐην,
1068 4361 1157 4417 τὸν
1183 4365 1249 4436 τῇ
1277 4363 1505 4437 Σιδωνίᾳ
1529 4365 1819 4439 συμϐούλῳ

230 4450 374 4520 πρὸς
405 4450 506 4521 τὴν
530 4452 808 4525 ἁμαρτίαν
837 4454 1215 4526 χρησάμενον;
1250 4455 1444 4522 Ἄλλος
1470 4458 1722 4531 Σολομῶν
1750 4459 1815 4514 δι’

1930 612 2179 683 inquam,
2210 611 2563 682 ingredimini
2602 611 2748 664 intra
2775 610 2960 666 cubile
3012 611 3229 681 sponsi,
3264 611 3318 664 in
3370 612 3517 681 quod

1927 719 2038 759 non
2058 703 2206 758 cadit
2232 703 2509 768 interitus,
2542 710 2597 758 et
2644 702 2940 757 induimini
2971 703 3193 759 mundis
3230 712 3285 758 et
3321 703 3520 773 impol-

1927 795 2061 851 lutis
2091 795 2542 866 cogitationibus.
2591 793 2649 849 Si
2686 795 2812 866 quis
2857 806 3038 850 autem
3105 794 3520 865 perturbationi

1928 889 2095 943 animi
2144 888 2439 944 obnoxiam
2490 901 2543 943 et
2593 888 2872 943 carnalem
2931 886 3168 943 induens
3224 887 3519 955 cogitatio-

1928 995 2073 1045 nem,
2102 987 2160 1036 et
2199 996 2308 1035 non
2356 979 2568 1035 habens
2618 979 2998 1034 indumentum
3031 978 3386 1034 conscientiae
3429 978 3516 1032 di-

1924 1070 2071 1126 vinis
2095 1070 2432 1126 conveniens
2455 1071 2686 1140 nuptiis,
2720 1071 2960 1140 propriis
3013 1070 3268 1140 alligetur
3295 1071 3510 1140 cogita-

1927 1160 2193 1226 tionibus,
2218 1162 2287 1217 ab
2315 1161 2539 1216 interitu
2569 1161 2777 1215 alienas
2809 1161 2996 1229 εροηεὶ
3026 1168 3078 1216 et
3100 1175 3319 1230 sponsae
3350 1174 3517 1214 voces

1932 1254 2222 1310 attrahens
2256 1253 2324 1309 ad
2378 1253 2652 1308 belluinas
2679 1262 2734 1308 et
2788 1254 3023 1308 rationis
3063 1260 3315 1324 expertes
3347 1250 3518 1307 aninii

1928 1347 2272 1411 all'ectiones,
2311 1354 2364 1402 et
2381 1361 2479 1416 per
2508 1361 2601 1401 eas
2636 1345 2890 1401 obscenis
2924 1346 3152 1401 indutus
3186 1345 3514 1412 phantasiis,

1926 1440 2180 1510 ejiciatur
2195 1448 2350 1493 extra
2374 1453 2470 1494 eos
2491 1438 2585 1509 qui
2610 1438 2665 1491 in
2697 1439 2907 1508 nuptiis
2931 1439 3040 1493 laeti
3062 1445 3258 1494 suntet
3275 1438 3512 1513 alacres,

1927 1546 2031 1603 pro
2056 1531 2281 1586 thalami
2304 1530 2490 1585 laetitia
2512 1530 2794 1601 accipiens
2806 1530 3098 1587 stridorem
3115 1532 3360 1586 dentium
3374 1540 3429 1585 et
3446 1531 3520 1585 la-

1927 1636 2164 1694 crymas.
2186 1620 2313 1677 Haec
2345 1622 2611 1678 testiﬁcor
2636 1631 2976 1679 tractaturus
2991 1622 3516 1693 contemplationem

1927 1714 2217 1785 mysticam
2244 1712 2456 1768 Cantici
2487 1713 2853 1768 canticorum.
2884 1713 3021 1768 Nam
3064 1728 3161 1783 per
3187 1728 3251 1767 ea
3281 1728 3404 1783 qut»
3430 1711 3519 1767 hie

1929 1806 2135 1876 scripta
2164 1813 2317 1868 sunt,
2368 1814 2598 1860 ornatur
2615 1805 3024 1875 quodammodo
3049 1805 3233 1859 anima
3256 1814 3519 1875 tanquam

1927 1912 2151 1970 sponsa,
2182 1897 2248 1952 ad
2283 1898 2663 1967 incorpoream
2694 1904 2749 1951 et
2782 1897 3126 1969 spiritualem
3165 1897 3522 1967 materiaque

1926 1997 2203 2060 expertem
2237 1988 2330 2043 Dei
2370 1990 2839 2060 conjunctionem.
2870 1987 3006 2042 Nam
3038 1988 3131 2059 qui
3158 1990 3273 2042 vult
3326 2003 3521 2043 omnes

1925 2097 2049 2138 esse
2072 2082 2275 2143 salvos.
2308 2089 2363 2135 et
2392 2083 2580 2137 venire
2610 2081 2677 2136 ad
2706 2081 3042 2152 agnitionem
3077 2080 3398 2143 veritatis",
3427 2094 3521 2135 os-

1926 2174 2098 2230 tendit
2133 2173 2221 2228 ltic
2253 2172 2713 2245 perfectissimum
2749 2183 2805 2228 et
2856 2173 3075 2227 beatum
3119 2173 3338 2226 modum
3371 2171 3521 2226 salu-

1926 2266 2017 2330 tis,
2047 2280 2170 2319 eum
2196 2265 2321 2320 dico
2345 2266 2436 2335 qui
2475 2265 2531 2318 lit
2572 2280 2665 2335 per
2693 2264 3044 2319 cliaritatem.
3073 2262 3207 2317 Nam
3238 2263 3521 2317 nonnullis

1927 2354 1987 2409 ﬁt
2015 2356 2179 2410 etiam
2222 2355 2371 2411 salus
2407 2371 2503 2426 per
2546 2356 2821 2420 timorem,
2862 2356 3083 2426 quando
3133 2356 3409 2409 intuentes
3452 2352 3521 2408 ad

1927 2444 2104 2500 minas
2134 2445 2391 2516 supplicii
2436 2446 2721 2515 gehennae,
2753 2461 3076 2517 Separantur
3110 2461 3138 2497 a
3177 2446 3342 2499 malo.
3379 2441 3523 2498 Sunt

1924 2537 2086 2591 etiam
2114 2538 2303 2607 aliqui,
2339 2539 2431 2607 qui
2468 2545 2690 2607 propter
2723 2554 2873 2607 spem
2921 2538 3190 2592 mercedis
3222 2536 3522 2608 repositam

1925 2627 1994 2683 iis
2027 2627 2236 2699 qui'pie
2263 2627 2521 2691 vixerint,
2559 2644 2616 2683 se
2648 2638 2797 2683 recte
2832 2635 2884 2683 et
2916 2644 2983 2682 ex
3029 2628 3233 2682 virtute
3293 2635 3519 2697 gerunt,

1925 2733 2032 2772 non
2057 2719 2326 2773 eharitate
2357 2718 2559 2776 bonum
2596 2720 2962 2790 possidentes,
3002 2718 3095 2772 sed
3120 2716 3523 2787 exspectatione

1924 2811 2407 2865 remunerationis.
2454 2809 2559 2865 Sed
2605 2812 2699 2881 qui
2754 2811 2942 2864 animo
2993 2809 3168 2863 currit
3229 2808 3296 2861 ad
3339 2807 3519 2878 perle—

1924 2905 2183 2968 ctionem,
2206 2904 2427 2974 expellit
2445 2904 2665 2974 quidem
2715 2903 2969 2956 timorem
2991 2885 3097 2972 (est
3119 2900 3265 2955 enim
3286 2901 3524 2970 ejusmo-

1923 2994 1978 3049 di
2034 2995 2255 3050 servilis
2306 2994 2539 3059 allectio,
2578 3002 2885 3066 .propterea
2939 2993 3084 3064 quod
3139 3008 3247 3046 non
3300 3000 3524 3062 propter

1923 3087 2246 3142 charitatem
2280 3096 2597 3159 permaneat
2644 3087 2787 3159 apud
2816 3087 3129 3151 dominum,
3165 3095 3392 3156 praptcr
3426 3086 3522 3139 lla-

1926 3194 2148 3249 grorum
2180 3187 2362 3235 autem
2395 3188 2599 3235 metum
2630 3195 2739 3234 non
2780 3179 3085 3252 aufugiat);
3133 3179 3367 3249 deSpicit
3423 3194 3520 3233 au-

1926 3278 2033 3326 tem
2069 3275 2216 3342 ipsas
2246 3272 2805 3343 quoque'mercedes,
2839 3289 2907 3328 ne
2940 3274 3189 3327 videatur
3211 3272 3517 3327 mercedem

1923 3363 2097 3434 pluris
2133 3363 2314 3420 facere
2343 3380 2507 3436 quam
2540 3381 2663 3419 eum
2701 3366 2791 3435 qui
2836 3366 3005 3420 donat
3038 3367 3273 3420 lucrum.
3332 3363 3520 3434 Diligit

1912 3446 2104 3512 autem
2142 3472 2206 3512 ex
2244 3463 2361 3513 toto
2389 3457 2555 3512 corde
2583 3466 2637 3513 et
2665 3459 2843 3516 anima
2873 3466 2925 3513 et
2954 3465 3246 3528 potestate,
3281 3473 3386 3511 non
3420 3457 3520 3510 ali-

1923 3547 2055 3618 quid
2084 3547 2231 3603 aliud
2252 3564 2317 3603 ex
2351 3549 2419 3603 iis
2447 3564 2569 3619 quae
2590 3549 2659 3603 ab
2691 3549 2812 3620 ipso
2849 3548 3004 3612 tiunt,
3041 3549 3135 3603 sed
3169 3565 3293 3603 eum
3337 3549 3517 3618 ipsum

1922 3638 2015 3709 qui
2043 3648 2126 3695 est
2157 3638 2279 3693 lons
2306 3640 2600 3693 bonorum.
2635 3638 2737 3705 Qui
2775 3639 2957 3709 itaque
2989 3654 3088 3694 nos
3113 3646 3271 3693 vocat
3310 3640 3376 3692 ad
3428 3637 3518 3693 sui

1922 3729 2419 3800 participationem,
2457 3729 2504 3783 is
2535 3729 2677 3784 hanc
2708 3730 2761 3783 in
2819 3728 3130 3783 auditorum
3164 3729 3363 3783 animis
3402 3737 3519 3784 sta-

1920 3818 2409 3876 tuitaﬂectionem.
2445 3818 2549 3886 Qui
2604 3829 2787 3875 autem
2818 3819 2961 3874 hanc
3006 3819 3177 3889 legem
3210 3820 3409 3884 sancit,
3470 3818 3521 3873 is

1921 3921 2005 3968 est
2042 3910 2325 3976 Solomon,
2356 3911 2516 3982 cujus
2549 3911 2843 3982 sapientia,
2872 3922 2930 3966 ut
2964 3911 3209 3966 divinum
3242 3919 3328 3966 est
3358 3902 3519 3964 testi-~

1920 4007 2190 4071 monium,
2224 4020 2336 4061 non
2369 4005 2553 4061 habet.
2583 4020 2920 4069 mensuram,
2951 4012 3010 4058 ut
3068 4019 3189 4075 quae
3237 4018 3303 4056 ex
3358 3997 3557 4071 mquo‘

1922 4097 2159 4153 conferri
2186 4113 2294 4153 non
2330 4098 2504 4168 possit
2531 4113 2655 4153 cum
2685 4097 2943 4152 omnibus
2985 4097 3075 4166 qui
3110 4106 3267 4149 antea
3295 4094 3520 4153 luerunt

1921 4198 1976 4247 et
1996 4192 2090 4262 qui
2113 4173 2284 4246 futuri
2312 4198 2480 4246 sunt:
2515 4195 2675 4260 quem
2700 4204 2890 4245 eorum
2939 4204 3062 4258 quae
3112 4195 3240 4243 sunt
3290 4185 3518 4241 omnino
3582 4233 3588 4239 .

1921 4282 2059 4338 nihil
2094 4283 2246 4339 latet.
2278 4281 2421 4337 Num
2456 4298 2542 4337 me
2573 4288 2737 4353 putas
2787 4281 2973 4336 dicere
3023 4279 3371 4334 Solomonem
3421 4278 3517 4348 qui

1921 4384 2088 4432 natus
2116 4383 2289 4433 estex
2321 4373 2615 4439 Bersabee,
2668 4373 2763 4446 qui
2796 4374 2852 4427 in
2884 4381 3071 4431 monte
3120 4372 3319 4427 obtulit
3368 4370 3519 4425 mille

1922 4468 2114 4533 boves,
2174 4467 2269 4538 qui
2326 4464 2565 4521 Sidonia!-
2599 4465 2848 4521 mulieris
2892 4464 3126 4519 consilio
3156 4478 3290 4517 usus
3327 4467 3413 4516 cst
3446 4459 3516 4515 ad

232 4542 402 4596 αὐτοῦ
455 4546 802 4618 σημαίνεται,
840 4550 871 4602 6
911 4551 1009 4603 xui.
1054 4549 1217 4614 αὐτὸς
1263 4551 1329 4604 ὲκ
1372 4550 1467 4606 τοῦ
1502 4553 1816 4627 σπέρματος

1924 4558 2243 4632 peccatum?
2266 4556 2370 4613 Sed
2395 4572 2491 4627 per
2508 4556 2653 4610 hunc
2681 4556 2824 4613 alius
2855 4555 3199 4626 signiﬁcatur
3231 4551 3514 4618 Solomon,

229 4636 399 4691 Δαϐὶδ
424 4638 486 4693 τὸ
517 4641 659 4695 κατά
706 4640 885 4714 σάρκα
914 4643 1228 4721 γενόμενος,
1261 4637 1306 4713 ᾧ
1338 4643 1509 4717 ὄνομα
1541 4648 1755 4720 εἰρήνη,
1791 4648 1820 4702 ὁ

230 4729 487 4800 ἀληθινὸς
517 4732 613 4798 τοῦ
660 4733 875 4808 Ἰσραὴλ
904 4735 1178 4811 βασιλεὺς,
1214 4739 1243 4793 6
1270 4738 1550 4811 οἰκοδόμος
1569 4740 1664 4793 τοῦ
1688 4739 1818 4801 ναοῦ

226 4819 327 4875 τοῦ
352 4821 520 4876 Θεοῢο
572 4825 603 4879 6
630 4824 850 4880 πάντων
878 4827 1319 4901 ὲμπεριειληφὼς
1358 4831 1460 4902 τὴν
1501 4829 1723 4900 γνῶσιν,
1754 4825 1819 4888 οὗ

228 4910 483 4982 ἀόριστος
508 4913 542 4985 ἡ
577 4913 770 4983 σοφία,
805 4915 1007 4986 μᾶλλον
1039 4916 1095 4971 δὲ
1124 4917 1187 4972 τὸ
1216 4914 1356 4973 εἶναι
1390 4920 1552 4989 σοφία
1583 4923 1699 4976 ἐστὶ
1722 4922 1818 4986 καὶ

225 5002 476 5073 ἀλήθεια,
511 5005 606 5059 καὶ
633 5007 743 5060 πᾶν
773 5006 1077 5080 θεοπρεπές
1111 5026 1172 5063 τε
1201 5010 1297 5065 καὶ
1331 5011 1533 5083 ὑψηλὸν
1561 5011 1734 5084 δνομά
1758 5029 1817 5068 τε

225 5093 325 5149 καὶ
378 5094 578 5166 νόημα.
661 5091 830 5162 Οὗτος
886 5100 1103 5173 ὀργάνῳ
1153 5102 1233 5173 τῷ
1285 5101 1590 5174 Σολομῶντι
1644 5103 1821 5175 τούτῳ

223 5183 597 5255 χρησάμενος,
641 5187 709 5241 δι’
741 5190 949 5245 ἐκείνου
997 5192 1130 5263 ἡμῖν
1170 5193 1501 5263 διαλέγεται,
1552 5197 1821 5269 πρότερον

226 5277 334 5347 μὲν
377 5277 434 5331 tv
468 5278 820 5351 Παροιμίαις,
872 5277 990 5337 εἶτα
1022 5285 1081 5338 tv
1109 5283 1188 5356 τῷ
1229 5285 1626 5359 Ἐκκλησιαστῇ
1654 5303 1669 5323 ο
1724 5289 1819 5343 καὶ

137 5380 149 5388 '
227 5368 373 5439 μετά
420 5368 595 5423 ταῦτα
641 5372 698 5425 tv
731 5375 798 5444 τῇ
843 5376 1177 5449 προκειμένῃ
1229 5377 1325 5431 τοῦ
1383 5379 1661 5450 ’ᾼσματος
1709 5380 1818 5434 τῶν

223 5461 492 5534 ᾀσμάτων
526 5463 837 5539 φιλοσοφίᾳ,
881 5467 985 5539 ὀδῷ
1010 5469 1103 5523 κα)⁸
1131 5469 1284 5537 τάξει
1315 5471 1414 5544 τὴν
1463 5472 1599 5543 πρὸς
1635 5472 1696 5527 τὸ
1728 5473 1814 5527 τέ-

221 5554 374 5607 λειον
405 5554 589 5609 ἄνοδον
615 5557 990 5614 ὑποδεικνύων
1012 5559 1091 5633 τῷ
1122 5561 1283 5635 λόγῳ.

328 5821 371 5853 τ’
393 5821 416 5875 1
436 5821 577 5879 Tim.
619 5838 682 5893 tt,
724 5824 781 5881 ιι.

1922 4651 2017 4721 qui
2050 4650 2167 4719 ipse
2195 4663 2414 4719 quoque
2443 4653 2605 4704 natus
2639 4655 2722 4702 est
2761 4662 2825 4701 ex
2856 4646 3064 4701 semine
3096 4641 3261 4697 David
3313 4655 3517 4697 secun-

1921 4740 2052 4803 dum
2081 4755 2326 4804 carnem,
2353 4739 2439 4793 cui
2468 4753 2669 4793 nomen
2704 4747 2786 4793 est
2819 4751 2947 4807 pax,
2985 4735 3076 4804 qui
3114 4742 3199 4789 est
3231 4748 3391 4787 verus
3419 4745 3514 4785 rex

1922 4833 2110 4898 lsrael,
2143 4832 2354 4904 quiest
2400 4830 2700 4891 aediﬁcator
2759 4828 2948 4899 templi
3002 4826 3119 4891 Dei,
3176 4825 3268 4896 qui
3330 4839 3517 4879 rerum

1920 4925 2169 4984 omnium
2217 4922 2636 4995 comprehendit
2668 4921 3061 4992 cognitionem,
3090 4919 3249 4991 cujus
3276 4928 3360 4975 cst
3388 4916 3514 4971 inli-

1918 5017 2033 5072 nita
2061 5014 2350 5085 sapientia,
2372 5013 2482 5068 imo
2507 5028 2640 5069 vero
2673 5012 2835 5084 cujus
2866 5010 3106 5068 essentia
3158 5017 3241 5066 est
3295 5007 3519 5076 sapiens

1918 5107 1993 5161 tia
2046 5113 2100 5161 et
2144 5104 2371 5172 veritas,
2431 5118 2485 5159 et
2518 5102 2803 5174 quodlibet
2829 5101 2939 5156 Deo
2971 5099 3301 5155 conveniens
3330 5101 3520 5157 εκοομ

1919 5213 2149 5268 sumque
2172 5211 2370 5252 nomen
2400 5203 2454 5251 et
2478 5195 2858 5267 intelligentia.
2887 5192 2937 5249 ls
2967 5207 3103 5248 usus
3133 5191 3237 5244 hoc
3268 5188 3517 5243 Solomo—

1919 5306 1987 5347 ne
2024 5299 2285 5362 tanquam
2320 5287 2711 5349 instrumento,
2740 5302 2834 5355 per
2864 5285 3015 5339 illum
3052 5282 3211 5336 nobis
3242 5278 3511 5349 loquitur,

1918 5381 2157 5452 primum
2184 5378 2404 5451 quidem
2441 5378 2493 5433 in
2530 5376 2866 5440 Proverbiis,
2898 5372 3096 5429 deinde
3152 5374 3207 5427 in
3236 5371 3513 5426 Ecclesia-

1919 5483 2021 5538 ste,
2056 5478 2110 5527 et
2139 5476 2327 5541 postea
2368 5470 2422 5523 in
2459 5469 2740 5539 proposita
2777 5464 3119 5538 philos0phia
3140 5462 3353 5520 Cantici
3381 5478 3512 5516 ran-

1923 5567 2182 5628 ticorum,
2214 5565 2302 5618 via
2335 5571 2388 5619 et
2417 5560 2610 5616 ordine
2638 5560 2837 5615 rationi
2866 5554 3168 5614 ostendens
3214 5567 3511 5611 ascensum

1925 5659 2017 5731 qui
2062 5657 2233 5713 tendit
2258 5655 2325 5711 ad
2361 5651 2772 5725 perfectionem.
