3874 6432
373 390 478 441 767

1655 385 1713 442 S.
1753 385 2082 441 GREGORH
2122 384 2415 442 NYSSENI

3571 375 3661 431 768

447 504 737 572 Quomodo
769 506 910 559 enim
945 506 998 559 in
1054 505 1165 560 vita
1196 518 1319 574 quae
1367 509 1452 560 est
1499 502 1802 558 secundum
1851 516 1976 558 car-

2150 502 2416 574 Καθάπερ
2454 502 2561 572 γὰρ
2590 500 2682 554 ἐπὶ
2709 499 2809 570 τῆς
2836 497 2982 553 κατά
3012 496 3196 569 σάρκα
3228 494 3397 566 ζωῆς,
3426 493 3488 546 οὐ
3528 496 3663 549 πᾶσα

372 612 527 660 nem,
564 611 674 651 non
704 596 880 651 omnis
910 605 1042 650 aztas
1074 611 1266 652 omnes
1291 594 1577 651 naturales
1594 593 1977 664 complectitur

2102 593 2263 666 ίλικία
2287 594 2465 656 πάσας
2497 594 2666 665 χωρεῖ
2693 590 2793 655 τὰς
2826 588 3063 661 φυσικὰς
3093 587 3401 658 ἐνεργείας,
3432 585 3556 641 οὐδὲ
3584 586 3666 640 διὰ

374 688 753 751 operationes,
781 702 959 757 neque
992 703 1088 757 per
1120 688 1322 743 similia
1360 688 1521 745 nobis
1576 684 1823 757 procedit
1868 685 1979 739 vita

2102 685 2188 740 πῶν
2218 684 2418 758 ὁμοίων
2453 685 2585 756 ἡμῖν
2620 686 2677 738 ὲν
2712 683 2904 746 αὑταῖς
2935 679 3161 748 ἡλικιῶν
3189 680 3480 751 διαφοραῖς
3501 680 3532 733 ό
3560 677 3668 748 βίος

382 775 436 829 in
466 776 598 845 ipsis
624 786 841 830 aetatum
875 777 1239 836 diﬂerentiis:
1270 792 1391 834 nam
1429 794 1530 835 nec
1566 777 1748 835 infans
1773 760 1985 831 adulto:

2102 778 2410 849 τροέρχεται
2438 774 2580 848 (οὔτε
2610 774 2719 847 γὰρ
2743 774 2804 827 τὸ
2826 774 3018 844 νήπιον
3047 772 3118 827 τὰ
3143 770 3252 826 τῶν
3278 770 3504 827 τελείων
3534 769 3670 839 ἔργα

383 882 502 925 rum
537 875 590 921 et
631 868 997 937 perfectorum
1044 872 1359 942 aggreditur
1393 886 1589 940 opera;
1625 885 1727 927 nec
1760 868 1980 924 adultus

2087 868 2427 939 μετέρχεται,
2461 864 2585 918 οὗτε
2618 866 2648 918 ό
2684 864 2889 927 τέλειος
2923 864 2981 916 ὲν
3009 864 3130 924 ταῖς
3158 858 3430 929 ἀγκάλαις
3465 857 3570 927 τῆς
3593 873 3674 911 τι-

386 974 449 1011 ae
477 958 754 1027 perfectus
790 968 1037 1031 gestatur
1063 962 1118 1015 in
1156 962 1303 1017 ulnis
1338 961 1725 1028 nutricis;sed
1754 961 1808 1016 in
1843 976 1983 1017 uno-

2102 962 2253 1032 ῡήνης
2298 957 2809 1030 ἀναλαμϐάνεται),
2852 955 2965 1009 ἀλλ’
3008 956 3066 1007 ὲν
3109 954 3327 1025 ἑκάστῳ
3358 949 3542 1021 καιρῷ
3574 948 3673 1021 τῆς

384 1062 601 1116 quoque
635 1055 881 1114 tempore
910 1051 1088 1129 mtatis
1110 1058 1194 1105 est
1228 1050 1436 1121 aliquid
1467 1049 1617 1104 aliud
1672 1064 1981 1120 congruens

2102 1051 2296 1124 ῇλικίας
2340 1050 2469 1105 ἀλλο
2531 1068 2586 1104 τι
2638 1047 2949 1121 πρόσφορόν
2999 1048 3115 1100 ἐστι
3169 1045 3264 1100 καὶ
3310 1039 3686 1129 κατάλληλον·

389 1154 452 1191 ac
482 1140 858 1194 conveniens:
884 1139 956 1195 ita
989 1140 1156 1196 etiam
1192 1143 1323 1199 licet
1347 1142 1537 1197 videre
1568 1142 1627 1203 in
1648 1141 1829 1195 anima
1854 1155 1984 1211 pro—

387 1218 1027 1301 portionem.quamdam
1064 1248 1128 1286 ac
1161 1233 1605 1289 convenientiam
1631 1247 1756 1286 cum
1789 1247 1986 1302 corpo-

390 1317 467 1372 ris
492 1318 768 1383 aetatibus,
800 1334 899 1392 per
922 1336 1060 1391 quas
1086 1322 1366 1378 invehitur
1390 1323 1526 1378 ordo
1557 1331 1611 1378 et
1640 1337 1988 1393 consequen-

391 1409 489 1473 tia,
524 1410 804 1467 deducens
836 1412 1115 1467 hominem
1144 1414 1213 1469 ad
1246 1414 1410 1468 vitam
1450 1413 1751 1484 degendam
1777 1429 1842 1469 ex
1877 1415 1989 1468 vir-

2084 1140 2258 1205 οὕτως
2321 1140 2469 1193 ἔστιν
2523 1138 2648 1193 ἰδεῖν
2693 1137 2787 1193 καὶ
2834 1139 2891 1190 ὲν
2937 1137 3005 1208 τῇ
3045 1134 3192 1207 ψυχῇ
3234 1131 3525 1201 ἀναλογίαν
3554 1128 3678 1184 τινὰ

2086 1233 2223 1304 πρὸς
2247 1232 2347 1295 τὰς
2368 1229 2684 1302 σωματικὰς
2712 1227 2949 1300 ἡλικίας,
2975 1206 3043 1281 δι’
3073 1220 3149 1279 ὧν
3183 1206 3495 1296 εὑρίσκεται
3517 1218 3681 1284 τάξις

2087 1343 2171 1389 τις
2201 1326 2294 1379 καὶ
2337 1322 2651 1385 ἀκολουθία,
2679 1321 2816 1390 πρὸς
2848 1319 2941 1374 τὸν
2964 1319 3085 1373 κατ’
3109 1316 3315 1389 ἀρετὴν,
3343 1315 3454 1386 βίον
3478 1329 3678 1385 χειρα-

2088 1414 2344 1486 γωγοῦσα
2376 1415 2467 1468 τὸν
2501 1413 2806 1485 ἄνθρωπον.
2853 1403 2929 1466 Οὔ
2963 1410 3142 1483 χάριν,
3177 1407 3350 1472 άλλως
3389 1409 3423 1478 ή
3467 1407 3684 1474 Παροι-

394 1507 529 1555 tute.
557 1500 732 1569 Quam
759 1504 828 1557 ob
851 1517 1074 1589 causam
1107 1504 1266 1558 aliter
1287 1503 1545 1559 erudiunt
1570 1503 1862 1560 Proverbia
1887 1520 1900 1558 :
1935 1511 1991 1559 et

2102 1511 2191 1581 μία
2221 1507 2486 1571 παιδεύει,
2516 1507 2609 1561 καὶ
2633 1504 2811 1568 ἄλλως
2830 1505 2859 1557 ὁ
2896 1498 3323 1573 Ἐκκλησιαστὴς
3343 1498 3680 1589 διαλέγεται·

395 1591 555 1645 aliter
586 1592 806 1647 disserit
861 1588 1260 1651 ECclesiastes:
1299 1601 1353 1650 et
1404 1610 1525 1668 quae
1564 1610 1661 1665 per
1702 1594 1989 1653 Canticum

2102 1600 2255 1673 καλή
2302 1598 2392 1653 διά
2435 1596 2529 1651 τοῦ
2568 1597 2847 1668 ’ᾼσμιτος
2897 1594 3006 1647 τῶν
3053 1592 3313 1666 ᾀσμάτων
3361 1588 3679 1661 φιλοσοφία,

394 1684 740 1738 canticorum
780 1685 1015 1741 traditur
1047 1686 1413 1757 philosophia,
1452 1695 1741 1757 utramque
1770 1695 1993 1758 superat

2102 1690 2181 1743 5ιά
2230 1690 2337 1745 τῶν
2362 1688 2732 1760 “ὐψηλοτέρων
2790 1685 3076 1757 δογμάτων
3135 1680 3456 1754 ἀμφοτέρων
3503 1680 3687 1750 ὑπέρ-

394 1774 708 1847 dogmatum
736 1778 1094 1835 sublimitate.
1119 1777 1255 1834 Nam
1287 1795 1408 1850 quae
1437 1795 1533 1853 per
1569 1777 1865 1834 Proverbia
1894 1778 1989 1832 da-

2092 1778 2377 1832 κειται.Ἦ
2402 1777 2511 1848 γάρ
2541 1776 2631 1832 διά
2677 1776 2785 1829 τῶν
2817 1774 3135 1845 Παροιμιῶν
3177 1770 3502 1835 διδασκαλία,
3538 1769 3688 1840 πρὸς

397 1873 489 1920 tur
512 1866 784 1933 doctrina,
829 1868 897 1923 ad
929 1884 1055 1924 eum
1092 1870 1184 1940 qui
1223 1877 1306 1925 est
1359 1869 1536 1925 adhuc
1601 1868 1782 1929 infans
1819 1871 1989 1927 verba

2102 1872 2181 1926 τὸν
2208 1871 2286 1924 ἔτι
2314 1870 2647 1942 νηπιάζοντα
2674 1870 2818 1922 ποιεί
2840 1868 2965 1930 τοὺς
2987 1866 3201 1935 λόγους,
3235 1863 3592 1933 καταλλήλως
3614 1863 3687 1931 τῇ

394 1956 551 2020 facit,
592 1958 981 2013 convenienter
1010 1958 1154 2014 aetati
1204 1960 1473 2033 adaptans
1535 1957 1986 2015 admonitionem.

394 2041 844 2118 Audi,inquit'°,
874 2049 976 2119 ﬁli,
1000 2048 1134 2120 leges
1160 2052 1329 2119 patris
1366 2050 1465 2113 tui,
1497 2060 1546 2105 et
1573 2067 1636 2104 ne
1658 2050 1881 2118 repellas
1915 2050 1993 2102 in-

392 2134 582 2191 stituta
610 2140 798 2192 matris
830 2150 955 2193 tute.
986 2138 1150 2194 Vides
1177 2155 1244 2194 ex
1273 2140 1340 2195 iis
1366 2155 1488 2210 quae
1521 2138 1801 2205 dicuntur,
1826 2154 1990 2211 quam

395 2225 470 2279 sit
499 2226 680 2285 adhuc
710 2238 899 2287 tenera
942 2238 1076 2287 retas
1104 2231 1320 2298 animae,
1366 2230 1830 2303 quemadmodum
1881 2245 1992 2284 non

394 2320 572 2389 possit
620 2337 679 2380 se
727 2337 976 2393 pascere,
1030 2332 1085 2379 et.
1122 2323 1298 2379 adhuc
1333 2339 1472 2395 opus
1505 2324 1702 2381 habeat
1730 2324 1994 2380 maternis

396 2413 690 2478 institutis,
746 2423 801 2471 et
854 2424 1083 2486 paterna
1137 2416 1531 2473 admonitione.
1586 2416 1652 2469 Et
1704 2427 1760 2471 ut
1812 2416 1994 2471 infans

398 2517 653 2585 prompto
684 2516 736 2562 et
767 2508 937 2562 alacri
972 2510 1157 2563 animo
1186 2509 1432 2565 attendat
1459 2509 1800 2581 parentibus,
1837 2510 1997 2583 polli-

397 2606 555 2653 cetur
587 2615 653 2654 ex
680 2599 988 2671 disciplinis
1013 2600 1059 2655 ei
1096 2608 1420 2656 ornamenta
1453 2601 1571 2656 fore
1600 2602 1849 2671 puerilia.
1902 2601 1998 2656 Est

391 2690 547 2745 enim
581 2698 965 2749 ornamentum
1002 2691 1230 2763 puerile,
1263 2692 1478 2763 torquis
1514 2708 1719 2749 aureus
1771 2693 1826 2746 in
1856 2692 1996 2748 collo

398 2782 777 2852 resplendens,
827 2791 881 2839 et
928 2799 1049 2854 quae
1097 2784 1361 2856 jucundis
1389 2800 1452 2840 ex
1512 2782 1739 2839 floribus
1791 2799 1997 2839 corona

401 2856 659 2930 nectitur.
688 2873 918 2945 Oportet
950 2882 1132 2930 autem
1166 2876 1393 2930 omnino
1425 2875 1545 2930 haec
1575 2875 1900 2947 intelligere,
1940 2884 1999 2930 ut

403 2981 600 3021 sensus
627 2966 934 3036 :enigmatis
964 2965 1200 3022 deducat
1229 2967 1297 3022 ad
1344 2967 1398 3021 id
1442 2968 1589 3037 quod
1641 2975 1726 3024 est
1778 2969 1996 3024 melius.

404 3057 500 3111 Sic
524 3056 574 3111 ei
606 3056 797 3125 incipit
822 3057 1028 3112 variam
1074 3073 1139 3112 ac
1174 3058 1533 3129 multiplicem
1564 3059 1877 3116 describere
1907 3077 2000 3117 sa-

405 3147 690 3218 pientiam,
740 3155 793 3201 et
830 3145 1118 3203 ineﬂ‘abilis
1168 3148 1995 3224 pulchritudinis‘interpretari

405 3239 643 3309 speciem
679 3254 743 3294 ac
767 3241 1045 3306 decorem,
1104 3248 1295 3296 utnon
1334 3241 1524 3323 aliqua
1571 3243 1901 3301 necessitate
1947 3254 2002 3301 et

404 3339 574 3399 metu,
609 3330 706 3386 sed
732 3331 1033 3401 cupiditate
1054 3339 1114 3385 et
1138 3330 1414 3388 desiderio
1438 3335 1708 3399 excitetur
1729 3336 1796 3391 ad
1832 3336 2002 3393 hono-

404 3436 528 3477 rum
553 3420 1048 3491 participationem.
1086 3421 1225 3475 Nam
1250 3422 1548 3499 descriptio
1574 3424 2001 3494 pulchritudinis

407 3511 636 3564 attrahit
667 3525 885 3565 omnem
909 3510 1173 3579 juvenum
1226 3510 1582 3582 cupiditatem
1627 3513 1695 3569 ad
1753 3515 1805 3569 id
1855 3516 2001 3585 quod

406 3602 739 3667 ostenditur,
783 3604 1091 3660 accendens
1138 3602 1473 3660 desiderium
1512 3614 1570 3666 ut
1620 3606 1691 3662 sit
1723 3607 2000 3681 particeps

405 3697 725 3759 venustatis
751 3704 802 3752 et
830 3696 1135 3768 elegantia.

479 3786 551 3843 Ut
582 3802 712 3859 ergo
766 3788 817 3843 ei
873 3790 1048 3860 magis
1077 3802 1341 3862 augeatur
1368 3792 1642 3864 cupiditas
1672 3807 1703 3849 a
1734 3796 1999 3852 ntateriali

408 3881 659 3941 traducta
685 3878 971 3935 affectione
1000 3880 1071 3935 ad
1098 3882 1342 3949 materiae
1390 3893 1668 3955 expertem
1724 3887 2001 3943 habitudi-

358 4026 374 4039 ,
410 3986 558 4034 nem,
591 3979 749 4025 ornat
780 3969 1036 4026 laudibus
1065 3972 1347 4041 sapientiae
1378 3973 1862 4044 pulchritudinem.
1893 3976 2000 4034 Ne-

410 4076 521 4131 que
550 4059 746 4115 solum'
777 4069 938 4113 ornat
985 4059 1169 4114 verbis
1218 4061 1340 4130 ejus
1370 4062 1606 4131 speciem
1637 4070 1691 4119 et
1721 4063 1997 4134 decorem,

412 4138 511 4219 sed
534 4151 697 4206 etiam
730 4150 851 4221 ejus
907 4160 1192 4207 enumerat
1237 4153 1493 4209 divitias:
1532 4171 1767 4226 quarum
1809 4161 2001 4225 evadet

406 4239 702 4298 dominus.
739 4241 836 4312 qui
893 4256 1016 4296 cum
1084 4258 1145 4297 ea
1212 4243 1558 4300 habitaverit.
1637 4248 2000 4308 Consideran-

414 4347 505 4395 tur
563 4342 744 4390 autem
811 4333 1015 4389 divitiae
1065 4334 1119 4389 in
1156 4337 1222 4391 iis
1257 4353 1377 4406 qua:
1427 4339 1495 4394 ab
1525 4340 1641 4411 ipsa
1682 4358 2000 4414 prnponun.

415 4437 523 4485 tur.
569 4427 703 4481 Nam
752 4427 942 4482 dexter
991 4428 1207 4498 quidem
1265 4439 1350 4483 est
1379 4432 1426 4484 ei
1457 4443 1687 4489 ornatus
1741 4437 1997 4494 universa

2026 3201 2067 3259 ο

2092 1965 2278 2038 ήλικίᾳ
2306 1964 2437 2028 τοὺς
2459 1964 2648 2033 λόγους
2686 1960 3022 2033 ἁρμόζουσα.
3072 1961 3298 2021 Ἄκουε,
3343 1956 3524 2027 φησὶν,
3564 1954 3692 2016 υἱὲ,

2092 2058 2316 2127 νόμους
2377 2056 2602 2124 πατρός
2659 2070 2775 2108 σου
2796 2092 2821 2117 ,_
2867 2051 2965 2109 καὶ
3011 2051 3098 2121 μὴ
3150 2049 3363 2117 ἀπώσῃ
3413 2046 3692 2115 θεσμοὺς

2087 2151 2313 2219 μητρός
2340 2162 2477 2201 σου.
2525 2145 2688 2215 Ὁρᾷς
2715 2145 2780 2197 ὲκ
2803 2142 2910 2196 τῶν
2937 2140 3244 2212 λεγομένων
3273 2137 3332 2192 τὸ
3356 2135 3566 2191 ἁπαλὸν
3607 2134 3695 2191 ἔτι

2093 2241 2191 2311 τῆς
2221 2238 2362 2293 κατά
2399 2237 2576 2308 ψυχὴν
2620 2235 2837 2307 ἡλικίας
2868 2235 2961 2287 καὶ
2992 2232 3255 2295 άπαστον,
3292 2229 3371 2282 ἑτι
3404 2225 3696 2300 μητρῴων

2094 2333 2256 2386 αὑτὸν
2279 2329 2496 2401 θεσμῶν
2518 2328 2707 2382 ἐπιδεᾶ
2734 2326 2938 2398 βλέπει,
2965 2325 3061 2379 καὶ
3086 2321 3353 2394 πατρικῆς
3373 2318 3694 2383 νουθεσίας.

2094 2425 2205 2479 Καὶ
2236 2422 2310 2487 ὡς
2356 2422 2422 2476 ἂν
2469 2420 2878 2520 προθυμότερον
2911 2420 3172 2489 προσέχοι
3219 2416 3330 2476 τοῖς
3363 2410 3585 2520 vovebit;
3632 2409 3696 2462 τδ

2095 2517 2324 2588 νήπιον,
2390 2502 2535 2576 τοὺς’
2596 2510 2878 2573 παιδικοὺς
2961 2507 3110 2579 αὐτῷ
3183 2502 3695 2573 κατεπαγγέλλεται

2096 2590 2334 2677 κόσμους
2377 2606 2442 2661 ὲκ
2482 2605 2581 2675 τῆς
2628 2603 2756 2675 περὶ
2788 2602 2857 2656 τά
2902 2601 3203 2672 μαθήματα
3236 2597 3467 2667 σπουδῆς
3509 2612 3695 2667 προσ.

2096 2698 2445 2771 γενήσεσθαι.
2508 2695 2741 2751 Παιδίων
2808 2695 2918 2766 γάρ
2976 2696 3090 2751 ἐστι
3154 2691 3398 2762 κόσμος,
3451 2687 3697 2759 χρύσεος

2100 2791 2374 2864 μανιάκης
2421 2787 2500 2859 τῷ
2539 2786 2793 2860 τραχήλῳ
2842 2782 3360 2855 περιλαμπόμενος,
3405 2780 3500 2832 καὶ
3549 2780 3585 2832 ὁ
3632 2776 3697 2842 ἐξ

2096 2883 2275 2939 ἀνθῶν
2298 2897 2456 2935 τινων
2510 2879 2846 2950 ἐπιχαρίτων
2903 2874 3344 2945 ἀναπλεκὸμενος
3392 2870 3695 2938 στέφανος.

2098 2975 2257 3028 Νοεῖν
2290 2971 2346 3025 δὲ
2376 2970 2482 3043 χρὴ
2520 2969 2695 3024 ταῦτα
2729 2968 2945 3032 πάντως
2978 2968 3127 3029 ὅπως
3167 2963 3233 3018 ἂν
3258 2963 3501 3035 όὸηγήσῃ
3541 2961 3721 3033 πρὸς

2098 3067 2159 3121 τὸ
2190 3069 2434 3138 κρεῖττον
2459 3067 2493 3138 ἡ
2518 3064 2612 3119 τοῦ
2640 3060 2961 3132 αἰνίγματος
2991 3058 3190 3115 ἔννοια,
3220 3055 3333 3111 Καὶ
3361 3053 3531 3115 οὕτως
3555 3053 3699 3106 ὑπο-

2100 3158 2333 3231 γράφειν
2375 3160 2600 3229 ἄρχεται
2640 3156 2740 3226 τήν
2783 3152 2972 3227 σοφίαν
3002 3148 3171 3221 αὐτῷ,
3201 3146 3455 3209 ποικίλως
3493 3161 3552 3197 τε
3593 3144 3698 3199 καὶ

2104 3250 2398 3314 πολυειδῶς
2431 3249 2521 3303 τοῦ
2565 3247 2848 3319 ἀφράστου
2895 3241 3124 3307 κάλλους
3174 3236 3543 3311 διερμηνεύων
3589 3237 3697 3304 τὴν

2102 3341 2280 3413 ὥραν’
2315 3342 2389 3414 μὴ
2419 3340 2570 3411 φόϐῳ
2600 3340 2703 3392 τινὶ
2737 3337 2830 3391 καὶ
2863 3335 3101 3406 ἀνάγκῃ,
3133 3332 3270 3387 ἀλλά
3301 3329 3567 3399 ἐπιθυμίᾳ
3594 3327 3700 3396 καὶ

2104 3436 2255 3506 πόθῳ
2284 3434 2419 3506 πρὸς
2449 3434 2547 3504 τὴν
2589 3430 2698 3484 τῶν
2736 3427 2957 3499 ἀγαθῶν
2994 3424 3282 3497 μετουσίαν
3310 3420 3700 3490 διαναστῆναι..

2115 3528 2181 3580 Ἠ
2215 3526 2323 3598 γὰρ
2364 3524 2460 3598 τοῦ
2495 3522 2727 3588 κάλλους
2774 3519 3057 3591 ἐπιγραφὴ
3098 3513 3397 3570 ἐπισπᾶται
3444 3529 3559 3576 πως
3588 3510 3698 3581 τὴν

2101 3594 2419 3673 τῶνίνέωνῖ
2452 3614 2746 3686 ἐπιθυμίαν
2805 3611 2943 3683 πρὸς
3004 3608 3065 3662 τὸ
3113 3605 3501 3675 δεικνύμενον,
3552 3599 3699 3669 πρὸς

2106 3696 2390 3765 κοινωνίαν
2416 3708 2516 3779 τῆς
2545 3690 2695 3778 ὥρας
2727 3705 2817 3759 τὸν
2846 3702 3008 3756 πόθον
3039 3695 3491 3770 ἀναρριπίζουσα,

2187 3801 2274 3866 Ὠς
2299 3800 2363 3855 ἂν
2384 3796 2476 3854 οὖν
2503 3798 2703 3869 μᾶλλον
2727 3795 2876 3866 αὐτῷ
2910 3794 2971 3848 τὸ
2992 3786 3388 3861 ἐπιθυμητικὸν
3407 3783 3695 3855 αὐξηθείη,

2108 3891 2405 3965 μετατεθὲν
2448 3890 2557 3944 ἀπὸ
2607 3890 2705 3960 τῆς
2749 3885 2944 3956 ὑλικῆς
2988 3880 3362 3956 προσπαθείας
3415 3876 3553 3948 πρὸς
3591 3875 3697 3947 τὴν

2104 3985 2267 4041 eam
2295 3984 2499 4055 σχέσιν,
2526 3979 2750 4054 ὡραῒξει
2774 3979 2860 4033 διὰ
2888 3977 2997 4030 τῶν
3034 3972 3322 4045 ἐγκωμίων
3354 3970 3456 4041 τῆς
3500 3969 3696 4038 σοφίας

2034 4134 2044 4151 ί
2105 4077 2166 4130 τὸ
2197 4075 2412 4140 κάλλος.
2445 4073 2556 4127 Καὶ
2587 4072 2648 4125 οὐ
2685 4071 2844 4143 μόνον
2866 4069 2929 4123 τὸ
2961 4066 3153 4131 κάλλος
3177 4064 3276 4134 τῆς
3305 4061 3455 4133 ὥρας
3470 4061 3562 4123 διὰ
3580 4059 3695 4125 τῶν

2105 4168 2279 4236 λόγων
2308 4165 2709 4237 προδείκνυσιν,
2730 4161 2873 4216 ἀλλά
2901 4160 2992 4215 καὶ
3020 4158 3111 4211 τὸν
3141 4155 3366 4210 πλοῦτον
3396 4154 3568 4224 αὐτῆς
3595 4153 3700 4213 ἀτιτ-

2094 4260 2439 4332 αριθμεῖται·
2463 4251 2523 4311 οὗ
2546 4256 2733 4326 κύριος
2756 4254 2972 4316 πάντως
2993 4253 3021 4304 ό
3040 4249 3363 4318 συνοικήσας
3381 4246 3691 4315 γενήσεται.

2118 4352 2174 4404 '0
2190 4351 2245 4404 δὲ
2267 4349 2494 4413 πλοῦτος
2514 4348 2649 4412 τέως
2669 4348 2726 4399 ἐν
2741 4348 2850 4410 τοῖς
2873 4342 3158 4415 προκοσμή
3167 4356 3331 4412 μασιν
3374 4336 3548 4407 αὐτῆς
3565 4336 3696 4391 θεω-

2110 4426 2302 4515 ρεῖται.
2361 4441 2582 4514 Κόσμος
2647 4437 2745 4509 μὲν
2786 4438 2894 4510 γὰρ
2948 4436 3087 4506 αὐτῇ
3144 4430 3445 4503 περιδέξιος
3492 4428 3693 4489 αἰῶνες

415 4523 636 4585 διεριιισ,
674 4538 796 4576 cum
822 4522 895 4576 ita
938 4522 1084 4577 dicat
1122 4521 1501 4593 Scriptura“:
1541 4520 1839 4599 Longitudo
1879 4533 1995 4586 vita:

2102 4536 2232 4590 ὅλοι.
2255 4534 2441 4597 Οὖτως
2472 4532 2719 4594 εἰπόντος
2746 4530 2840 4583 τοῦ
2862 4529 3022 4596 λόγου
3044 4565 3059 4590 ,
3088 4526 3171 4579 ὅτι
3195 4522 3400 4592 Μῆκος
3416 4520 3563 4586 ,ϐίου
3589 4517 3691 4573 καί

414 4624 462 4669 et
499 4616 625 4667 anni
653 4614 772 4667 υἱιίε
795 4621 916 4667 sunt
943 4612 997 4666 in
1025 4612 1244 4667 dextera
1295 4615 1430 4684 ejus.
1471 4615 1526 4671 In
1568 4618 1790 4674 sinistra
1816 4635 1995 4678 autem

412 4700 580 4760 manu
632 4704 793 4760 habet
854 4706 1062 4774 positas
1116 4707 1392 4775 pretiosas
1446 4708 1704 4765 virtutum
1756 4712 1996 4779 divitias,

414 4814 537 4871 quae
572 4796 735 4853 simul
769 4794 1120 4865 resplendent
1166 4813 1291 4852 cum
1331 4800 1621 4869 splendore
1661 4803 1866 4873 gloria).
1911 4804 2001 4861 Di-

415 4892 491 4947 cit
525 4890 709 4946 enim:
744 4888 809 4942 In
832 4889 1055 4942 sinistra
1082 4890 1196 4959 ejus
1237 4891 1440 4946 divitia:
1477 4903 1524 4948 et
1553 4894 1748 4965 gloria.
1790 4897 1999 4954 Deinde

414 4986 530 5041 oris
551 4996 772 5054 quoque
793 4979 914 5050 ejus
934 4980 1443 5038 dicit'redolentiam
1466 4987 1765 5057 spirantem
1791 4987 1992 5044 bonum

414 5070 638 5134 Odorem
685 5074 936 5146 justitiaz,
992 5073 1182 5131 dicens
1229 5095 1244 5132 :
1284 5075 1368 5131 Ea:
1420 5096 1509 5134 ore
1562 5080 1679 5152 ejus
1735 5083 2001 5153 egreditur

410 5171 646 5239 juslilia.
688 5168 747 5221 in
788 5166 908 5237 ejus
938 5174 1119 5223 autem
1160 5167 1349 5234 labris,
1380 5186 1480 5242 pro
1511 5174 1710 5230 rubore
1765 5177 2003 5233 naturali

376 5304 381 5309 .
415 5263 586 5335 legem
621 5261 816 5316 florere
864 5260 1001 5316 dicit
1045 5267 1098 5316 et
1144 5260 1603 5319 misericordiam.
1634 5264 1700 5319 Et
1744 5274 1806 5320 ut
1839 5267 2004 5337 hujus

419 5367 637 5423 sponsae
679 5351 993 5406 inveniatur
1024 5351 1176 5407 omni
1201 5367 1267 5406 ex
1296 5360 1448 5423 parte
1477 5355 1717 5425 perfecta
1750 5357 2001 5426 pulchri-

416 5445 569 5510 tudo,
624 5441 878 5497 laudatur
906 5458 1128 5514 quoque
1168 5442 1289 5512 ejus
1336 5443 1611 5501 incessus.
1647 5444 1788 5500 Dicit
1813 5448 1998 5503 enim:

422 5534 483 5587 1η
520 5535 614 5587 aiis
643 5533 864 5598 iustitiae
890 5534 1303 5605 ambulat.Ejus
1325 5551 1543 5606 quoque
1572 5536 2001 5607 pulchritudinis

2104 4628 2211 4695 ἐτη
2249 4624 2398 4693 ζωῆς
2430 4626 2499 4693 ἐν
2544 4622 2618 4692 τῇ
2647 4621 2819 4690 δεξιᾷ
2848 4618 3060 4688 αὐτῆς.
3110 4618 3199 4671 Ἐν
3239 4615 3294 4669 δὲ
3325 4617 3394 4685 τῇ
3426 4612 3698 4685 ἀριστερᾷ

2106 4716 2279 4790 χειρὶ,
2310 4715 2401 4769 τὸν
2422 4713 2716 4785 πολύτιμον
2746 4711 2855 4766 τῶν
2878 4708 3087 4780 ἀρετῶν
3117 4705 3423 4783 περίκειται
3460 4700 3694 4755 πλοῦτον

2104 4812 2170 4882 τῇ
2201 4807 2506 4878 λαμπηδόνι
2531 4807 2630 4877 τῆς
2654 4804 2813 4876 δόξης
2846 4798 3333 4869 ωνδιαλάμποντα.
3368 4794 3534 4862 Λέγει
3561 4793 3692 4864 γὰρ,

2105 4884 2188 4957 ὅτι
2227 4900 2330 4959 Ἐν
2363 4897 2437 4966 τῇ
2485 4895 2771 4968 ἀριστερᾷ
2814 4892 3005 4961 αὐτῆς
3050 4888 3314 4953 πλοῦτος
3365 4884 3465 4940 καί
3518 4883 3692 4948 δόξα.
3768 4924 3783 4933 .

2106 4988 2239 5047 Εἶτα
2280 4992 2376 5046 καὶ
2424 4991 2520 5044 τοῦ
2562 4989 2831 5061 στόματος
2876 4985 3044 5054 αὐτῆς
3083 4981 3234 5050 λέγει
3289 4978 3389 5050 τὴν
3435 4974 3694 5029 εὔπνοιαν

2100 5084 2195 5139 τοῦ
2229 5082 2397 5140 καλοῦ
2437 5082 2539 5153 τῆς
2571 5078 2922 5149 δικαιοσύνης
2950 5073 3239 5147 ἀρώματος
3292 5067 3693 5131 ἀποπνέουσαν,

2107 5176 2282 5245 λέγων
2302 5193 2317 5207 ο
2363 5176 2465 5230 Ἐκ
2502 5174 2605 5228 τοῦ
2635 5171 2933 5240 στόματος
2972 5164 3163 5232 αὐτῆς
3195 5158 3579 5230 ἐκπορεύεται
3611 5158 3697 5211 διο

2109 5269 2430 5335 καιοσύνη.
2480 5267 2607 5327 Τοῖς
2651 5263 2709 5316 δὲ
2757 5261 2987 5333 χείλεσιν
3021 5256 3190 5327 αὐτῆς
3238 5270 3402 5324 φησιν
3445 5248 3571 5306 ciunt
3601 5248 3692 5303 τοῦ

2110 5357 2341 5429 φυσικοῦ
2395 5356 2741 5429 ἐρυθήματος
2798 5352 2890 5406 τὸν
2954 5348 3117 5419 νόμον
3176 5344 3430 5403 ἐπανθεῖν
3472 5346 3570 5395 καὶ
3606 5340 3691 5393 τὸν

2110 5450 2279 5503 ἔλεον.
2331 5448 2441 5502 Καὶ
2484 5448 2560 5513 ὡς
2589 5445 2655 5501 ἂν
2700 5444 2789 5500 διὰ
2821 5443 3041 5497 πάντων
3075 5435 3327 5509 εὑρεθείη
3372 5437 3439 5505 τῇ
3470 5431 3694 5504 τοιαύτῃ

2110 5543 2297 5615 νύμφῃ
2324 5542 2521 5605 κάλλος
2548 5532 2950 5611 ὲρανιζάμενον,
2981 5531 3283 5586 ἐπαινεῖται
3311 5527 3481 5596 αὐτῆς
3513 5524 3619 5579 καὶ
3632 5524 3691 5591 to

425 5624 677 5678 laudibus
698 5640 799 5679 nec
826 5628 979 5682 deest
1007 5627 1227 5698 quidem
1261 5627 1601 5698 magnitudo,
1620 5642 1746 5682 eum
1778 5629 1899 5698 ejus
1919 5631 1995 5687 in-

2114 5637 2372 5707 βάδισμα.
2410 5636 2546 5708 Φησὶ
2579 5633 2721 5705 γάρ·
2768 5632 2869 5686 Ἔν
2908 5623 3069 5693 ὁδοῖς
3098 5621 3489 5688 δικαιοσύνης
3527 5629 3689 5686 περι·-

524 5798 565 5823 ν
590 5796 745 5850 l‘t'cv.
784 5819 819 5870 ι,
849 5805 903 5857 8.
980 5806 1020 5835 ‘”
1048 5804 1209 5862 l’t'ov.
1243 5824 1319 5873 ιιι,
1364 5808 1425 5861 16
1462 5824 1613 5878 bc‘l‘l'
