3874 6366
211 398 331 456 ’ἔϐθ

1311 387 1374 441 IN
1415 384 1704 442 C.-\i\Tt(‘..\
1745 379 2016 437 CANTIC.
2056 379 2338 435 llOMlLlA
2370 381 2408 434 Ι.

3374 375 3485 433 7Ἷο,

216 508 417 566 πατεῖ.
454 508 528 561 Οὐ
554 506 729 560 λείπει
757 508 866 569 τοῖς
904 504 1145 567 ἐπαίνοις
1171 504 1267 573 τῆς
1297 502 1444 575 ὥρας
1472 501 1591 555 οὐδὲ
1618 501 1677 552 rb
1704 498 1797 571 μέο

1916 503 2244 550 crementum
2277 492 2579 550 excurrerit
2611 501 2868 559 tanquam
2906 489 3087 558 planta
3125 487 3306 557 aliqua
3340 488 3476 543 bene

215 601 419 670 γεθος,
461 593 556 651 ἶσα
602 596 754 667 φυτῷ
806 615 910 650 τινι
946 596 1053 648 τῶν
1099 592 1333 666 εὐερνῶν
1380 593 1479 662 τῆς
1523 591 1801 662 αὐξήσεως

218 684 666 759 ἀναδραμούσης.
718 680 791 739 Tb
833 686 889 739 δὲ
930 684 1094 756 φυτὸν
1130 683 1287 737 τοῦτο
1382 682 1442 736 rb
1472 681 1603 754 ὕψος
1632 680 1803 748 αὐτῆς

221 770 877 850 προσεικάςεται,Αὐτὸ,
917 777 1082 846 φησὶ,
1135 774 1201 828 τὸ
1251 765 1362 844 τῆς
1407 765 1556 843 ζωῆς
1612 772 1804 840 ξύλον

206 865 410 927 ἐστὶν,
440 864 469 917 ὃ
497 864 671 935 τροφὴ
692 864 789 933 μὲν
818 862 1025 933 γίνεται
1044 861 1167 927 τοῖς
1197 862 1642 932 ἀντεχομένοις,
1670 860 1799 913 στύ-

207 957 308 1020 λος
327 956 383 1010 δὲ
399 956 523 1023 τοῖς
547 954 1024 1025 ἐπερειδομένοις
1040 953 1329 1023 ἀσφαλής
1348 972 1406 1007 τε
1425 955 1520 1008 καὶ
1535 953 1806 1017 ἄπειστος.

206 1044 343 1102 Νοῶ
364 1047 420 1102 δὲ
441 1046 512 1101 δι’
544 1046 874 1119 ἀμφοτέρων
902 1044 995 1099 τὸν
1024 1044 1251 1119 Κύριον.
1273 1046 1446 1110 Αὐτὸς
1471 1046 1580 1118 γάρ
1598 1049 1745 1101 ἐστιν
1770 1046 1805 1119 ἠ

224 1134 345 1207 ζωὴ
378 1138 471 1191 καὶ
498 1138 559 1190 τὸ
586 1138 837 1208 ἔρεισμα.
878 1139 1027 1209 Ἔχει
1053 1138 1108 1192 δὲ
1134 1142 1166 1210 ἡ
1202 1139 1349 1205 λέξις
1376 1136 1575 1201 οὕτως·
1604 1138 1805 1190 Ξύλον

224 1226 378 1295 ζωῆς
418 1226 548 1281 ἐστι
584 1228 734 1283 πᾶσι
775 1228 898 1296 τοῖς
942 1229 1363 1300 ἀντεχομένοις
1408 1228 1627 1298 αὐτῆς,
1679 1227 1804 1301 [καὶ

221 1319 344 1381 τοῖς
369 1317 799 1389 ὲπερειδομένοις
840 1319 927 1372 ἐπ’
956 1320 1125 1389 αὐτὴν
1162 1319 1237 1383 ὡς
1270 1320 1360 1372 ἐπὶ
1390 1319 1593 1389 Κύριον
1626 1319 1802 1387 ἀσφα-

224 1405 388 1480 λής.]
421 1407 1002 1480 Συμπεριλαμὸάνεται
1021 1408 1075 1462 δὲ
1104 1409 1241 1478 μετὰ
1270 1407 1378 1461 τῶν
1406 1408 1610 1461 λοιπῶν
1631 1408 1804 1475 ἐγκω-

227 1500 373 1571 μίων
414 1500 583 1570 αὐτῆς
629 1500 723 1554 καὶ
753 1496 786 1572 ἡ
818 1500 1044 1571 δύναμις
1064 1540 1079 1563 ,
1127 1500 1202 1564 ὡς
1230 1499 1295 1553 ἂν
1336 1499 1422 1553 διὰ
1454 1500 1670 1554 πάντων
1698 1499 1804 1553 τῶν

224 1588 449 1658 ἀγαθῶν
487 1589 797 1662 πληρωθείη
850 1592 944 1645 r06
976 1590 1201 1654 κάλλους
1230 1590 1330 1660 τῆς
1370 1589 1560 1658 σοφίας
1586 1590 1615 1643 ὁ
1647 1589 1803 1643 ἔπαι-

223 1697 341 1743 νος.
392 1680 455 1733 '0
506 1678 649 1746 Θεὸς
696 1680 837 1752 γὰρ,
883 1681 1045 1755 φησὶ,
1094 1681 1171 1751 τῇ
1227 1686 1413 1751 σοφίᾳ
1453 1680 1807 1751 ἐθεμελίωσε

225 1773 349 1841 τὴν
372 1762 509 1843 γῆν.
558 1771 849 1845 Ἤτοίμασε
882 1772 938 1829 δὲ
988 1776 1113 1839 τοὺς
1144 1775 1407 1846 οὐρανοὺς
1436 1777 1492 1828 ὲρν
1526 1777 1801 1847 φρονήσει,

225 1865 328 1917 καὶ
361 1865 427 1917 τὰ
455 1858 574 1918 καθ’
608 1866 839 1920 ἕκαστον
882 1867 989 1919 τῶν
1027 1868 1081 1920 ἐν
1114 1869 1179 1937 τῇ
1219 1866 1390 1919 κτίσει
1417 1865 1801 1937 θεωρουμένων

226 1957 313 2018 είς
334 1955 432 2025 τὴν
466 1956 563 2026 τῆς
584 1955 774 2024 σοφίας
792 1956 911 2024 ἄγει
934 1955 1182 2027 δύναμιν,
1216 1956 1597 2009 διαποικίλλων
1635 1957 1802 2023 αὐτὴν

224 2045 346 2105 τοῖς
374 2042 616 2119 ὀνόμασι.
666 2043 776 2114 Τὴν
807 2044 913 2115 γὰρ
944 2044 1111 2113 αὐτὴν
1158 2044 1249 2096 καὶ
1291 2044 1482 2113 σοφίαν
1526 2043 1671 2112 λέγει
1713 2042 1805 2097 καὶ

230 2133 471 2199 σύνεσιν,
512 2133 763 2203 αἴσθησίν
791 2151 849 2187 τε
892 2134 984 2188 καὶ
1011 2134 1210 2202 γνῶσιν
1244 2135 1337 2187 καὶ
1366 2133 1578 2186 σύνεσιν
1607 2136 1701 2187 καὶ
1736 2136 1805 2188 τὰ

226 2230 479 2285 τοιαῦτα.
526 2230 683 2286 Μετὰ
724 2230 781 2283 δὲ
822 2229 995 2283 ταῦτα
1037 2229 1424 2300 νυμφοστολεῖν
1462 2228 1684 2298 ἄρχεται
1715 2226 1806 2281 τὸν

229 2324 354 2377 νέον
392 2322 528 2394 πρὸς
570 2322 668 2395 τὴν
711 2321 965 2393 τοιαύτην
1023 2321 1352 2390 συνοίκησιν,
1400 2320 1498 2392 ἤδη
1535 2320 1670 2391 πρὸς
1716 2320 1806 2373 τὸν

231 2415 381 2467 θεῖον
426 2413 665 2485 θάλαμον
715 2413 931 2483 βλέπειν
983 2412 1418 2481 ἐγκελευόμενος.
1463 2412 1624 2480 Λέγει
1676 2412 1806 2481 γὰρ,

229 2508 317 2561 δτι
346 2505 442 2574 Μὴ
485 2504 895 2576 ἐγκαταλίπῃς
946 2504 1140 2571 αὐτὴν
1172 2504 1272 2557 καὶ
1308 2503 1621 2566 ἀνθέξεται
1654 2521 1769 2557 σου
1791 2518 1805 2533 ·

230 2593 518 2665 ἑράσθητι
545 2595 754 2665 αὐτῆς,
786 2596 882 2650 καὶ
906 2595 1152 2664 τηρήσει
1177 2609 1251 2648 σε
1271 2611 1284 2625 ο
1315 2593 1809 2664 περιχαριίκωσον

232 2690 434 2757 αὐτὴν
480 2688 577 2742 καί
626 2686 857 2755 ὑψώσει
913 2701 1018 2740 σε·
1060 2687 1315 2756 τίμησον
1367 2684 1563 2753 αὐτὴν
1603 2686 1703 2738 ἵνα
1735 2700 1809 2739 σε

234 2780 525 2849 περιϐάλῃ
546 2796 557 2808 ·
600 2779 699 2833 ἵνα
726 2777 808 2844 δῷ
832 2777 907 2848 τῇ
935 2776 1167 2847 κορυφῇ
1198 2778 1503 2845 στέφανον
1530 2777 1807 2846 χαρίτων,

234 2869 518 2939 στεφάνῳ
565 2867 633 2922 δὲ
665 2867 894 2938 τρυφῆς
930 2869 1338 2937 ὑπερασπίσῃ.
1386 2868 1475 2921 Ἑν
1504 2865 1712 2929 τούτοις
1745 2866 1809 2937 δὴ

235 2963 353 3023 τοῖς
383 2962 663 3029 στεφάνοις
705 2960 803 3030 ἤδη
846 2961 957 3022 τοῖς
998 2960 1256 3029 γαμικοῖς
1301 2957 1518 3028 νύμφην
1574 2974 1809 3011 κατακο-

239 3050 463 3121 σμήσας
486 3049 783 3120 ἀχώριστον
812 3049 979 3120 αὐτῆς
1008 3047 1145 3103 εἶναι
1176 3046 1571 3112 διακελεύεται,
1605 3048 1807 3117 λέγων*

1902 586 2236 655 germinans.
2266 584 2334 639 Ut
2360 593 2539 637 autem
2564 581 2836 651 intelligas
2864 579 2949 633 cui
2984 580 3181 647 plantae
3209 579 3477 634 assimile-

1904 685 1993 730 tur
2051 676 2170 745 ejus
2210 676 2462 739 altitudo,
2526 674 2674 743 Ipsa,
2720 673 2917 741 inquit,
2956 681 3033 725 est
3087 672 3286 741 lignum
3336 671 3476 735 vitta,

1904 768 2048 839 quod
2076 777 2157 822 est
2186 768 2403 837 quidem
2428 766 2821 820 nutrimentum
2851 765 2917 817 iis
2939 765 3026 833 qui
3057 780 3173 817 eam
3200 763 3480 830 apprehen-

1904 861 2067 921 dunt;
2102 860 2168 912 iis
2210 867 2389 912 autem
2435 858 2524 928 qui
2558 855 2874 917 innituntur,
2917 856 3167 907 coluuma
3203 858 3391 927 [irma'
3419 871 3480 908 ac

1915 950 2151 1015 stabilis,
2185 957 2240 1003 et
2266 965 2385 1018 qua:
2416 962 2525 1001 non
2554 953 2731 1015 potest
2759 945 3018 1000 labeﬁeri.
3058 943 3161 999 Per
3189 954 3478 1015 utrumque

1905 1047 2088 1094 autem
2141 1041 2389 1110 intelligo
2439 1040 2750 1096 Dominum.
2803 1041 2924 1112 lpse
2973 1040 3114 1095 enim
3159 1048 3239 1095 est
3272 1042 3379 1093 vita
3426 1049 3478 1095 et

1906 1126 2142 1182 fulcrum
2179 1144 2241 1183 ac
2273 1127 2694 1184 ﬁrmamentum.
2722 1129 2798 1184 Ita
2830 1138 3010 1184 autem
3037 1129 3198 1183 habet
3223 1130 3479 1185 dictionis

1905 1231 2214 1288 contextus,
2260 1214 2482 1292 Lignum
2526 1226 2605 1277 est
2644 1223 2762 1277 vita:
2810 1222 3050 1276 omnibus
3076 1223 3165 1292 qui
3195 1222 3479 1291 apprehen-

1905 1311 2038 1365 dunt
2079 1331 2216 1367 eam.
2249 1310 2747 1384 Comprehenditur
2775 1322 2954 1367 autem
2982 1329 3103 1367 cum
3130 1315 3340 1367 caneris
3362 1313 3479 1381 ejus

1904 1421 2123 1476 quoque
2163 1406 2415 1461 laudibus
2453 1404 2721 1475 potentia,
2768 1414 2827 1459 ut
2863 1421 2957 1474 per
2990 1406 3170 1459 omnia
3204 1406 3340 1459 bona
3382 1405 3480 1458 im-

1906 1497 2118 1567 pleatur
2157 1497 2276 1552 laus
2318 1495 2749 1566 pulchritudinis
2792 1494 3090 1564 sapientiae.
3134 1493 3273 1549 Deus
3311 1498 3478 1551 enim,

1908 1587 2103 1656 inquit,
2141 1589 2408 1657 sapientia
2448 1586 2689 1655 fundavit
2734 1597 2951 1642 terram.
2975 1584 3195 1641 Paravit
3235 1588 3401 1641 cmlos
3428 1588 3481 1640 in

1908 1679 2213 1747 prudentia,
2242 1687 2295 1734 et
2331 1680 2758 1750 unumquodque
2774 1696 2963 1735 eorum
2987 1696 3107 1751 qua:
3138 1680 3485 1734 consideran-

1910 1774 1998 1823 tur
2029 1769 2082 1823 in
2117 1771 2414 1833 creatione,
2444 1770 2666 1825 deducit
2686 1772 2752 1825 ad
2773 1772 2912 1825 viam
2940 1771 3377 1841 sapientize,cam
3402 1787 3485 1825 or-

1908 1879 2047 1919 nans
2066 1866 2232 1919 variis
2260 1866 2575 1921 nominibus
2598 1883 2609 1918 :
2629 1862 2873 1921 eamdem
2900 1867 3044 1920 enim
3068 1865 3142 1919 ait
3164 1876 3285 1921 esse
3311 1873 3363 1919 et
3396 1881 3486 1920 sa~

1907 1955 2167 2025 pientiam
2202 1962 2255 2011 et
2289 1956 2723 2027 intelligentiam,
2759 1973 2980 2012 sensum
3013 1957 3067 2011 et
3117 1948 3482 2025 cognitionem

1904 2054 1959 2102 et
2000 2048 2371 2116 prudentiam,
2418 2054 2471 2102 et
2504 2064 2624 2118 quae
2659 2059 2787 2104 sunt
2819 2048 3154 2118 hujusmodi.
3207 2047 3335 2102 Post
3371 2048 3484 2103 hsce

1905 2147 2086 2193 autem
2121 2139 2316 2209 incipit
2356 2145 2618 2209 tauquam
2650 2139 3057 2211 paranymphus
3086 2138 3355 2194 deducere
3394 2140 3485 2209 ju-

1905 2247 2095 2285 venem
2148 2232 2213 2285 ad
2267 2232 2537 2301 ejusmodi
2592 2233 3085 2293 cohabitationem,
3129 2231 3193 2286 ad
3241 2231 3485 2285 divinum

1906 2324 2204 2378 thalamum
2246 2324 2357 2393 jam
2420 2325 2893 2394 jubens_intueri.
2950 2324 3091 2378 Dicit
3152 2324 3296 2378 enim
3342 2344 3354 2377 :
3408 2313 3486 2376 Ne

1906 2416 2147 2475 dimittas
2177 2433 2314 2482 eam,
2364 2428 2412 2471 et
2446 2417 2686 2471 retinebit
2720 2426 2767 2470 te
2789 2432 2807 2469 :
2856 2416 3017 2487 dilige
3066 2434 3203 2480 eam,
3238 2427 3285 2469 et
3319 2426 3487 2469 custo—

1907 2507 2014 2560 diet
2068 2517 2150 2561 te:
2185 2508 2529 2561 circumralla
2588 2524 2726 2570 eam,
2780 2516 2828 2560 et
2880 2516 2927 2560 te
2966 2508 3022 2559 in
3067 2507 3233 2560 altum
3278 2505 3485 2559 ere/tet:

1909 2593 2111 2650 honora
2137 2608 2251 2649 eam
2293 2606 2349 2649 ut
2384 2606 2431 2649 te
2458 2596 2844 2665 amplectatur:
2894 2605 2951 2647 ut
2980 2596 3064 2647 det
3091 2604 3180 2647 tuo
3212 2594 3374 2662 capiti
3401 2610 3488 2645 co-

1909 2704 2096 2741 ranam
2138 2690 2456 2758 gratiarum,
2506 2706 2702 2742 corona
2727 2698 2899 2741 autem
2950 2684 3259 2740 deliciarum
3294 2694 3339 2738 te
3365 2700 3487 2753 pro-

1912 2791 2063 2851 teget.
2117 2781 2252 2834 Cum
2290 2781 2374 2835 his
2416 2781 2752 2849 nuptialibus
2787 2780 3004 2835 coronis
3052 2794 3170 2833 eam
3201 2777 3311 2846 jam
3367 2786 3489 2831 tan-

1911 2890 2074 2946 quam
2107 2890 2363 2945 sponsam
2395 2882 2665 2936 ornasset,
2699 2874 2854 2944 jubet
2888 2875 2956 2929 ab
2988 2889 3050 2927 ea
3085 2886 3363 2942 nunquam
3398 2888 3488 2927 sc-

1912 2965 2118 3035 parari,
2168 2962 2397 3019 dicens:
2440 2963 2664 3031 Quando
2699 2964 2966 3026 ambulas,
3009 2962 3110 3016 duc
3152 2980 3289 3022 eam,
3323 2972 3371 3016 et
3420 2964 3490 3017 sit

1916 3066 2105 3118 tecum;
2153 3071 2270 3108 cum
2321 3055 2569 3117 dormies,
2616 3066 2663 3108 te
2695 3054 2976 3116 custodiat,
3021 3063 3075 3105 ut
3113 3062 3277 3107 tecum
3311 3069 3491 3121 exper-

247 3139 452 3196 Ἠνίκα
496 3142 573 3197 ἂν
619 3140 947 3211 περιπατῇς
987 3137 1211 3209 ἐπάγου
1258 3142 1472 3209 αὐτὴν,
1521 3140 1618 3195 καὶ
1662 3141 1810 3211 μετὰ

1917 3157 2055 3201 recto
2086 3145 2435 3215 colloquatur.
2458 3143 2503 3176 ⁸³
2523 3141 2660 3198 Cum
2679 3144 2901 3213 perbene
2943 3152 2997 3199 et
3045 3159 3164 3212 quae
3196 3152 3320 3198 sunt
3346 3146 3492 3213 ejus-

239 3231 360 3286 σοῦ
389 3234 545 3286 ἔστω
563 3249 577 3263 ο
603 3234 674 3298 ὡς
703 3232 754 3285 δ’
783 3231 860 3287 ἂν
883 3232 1177 3301 καθεύδῃς
1207 3231 1572 3301 φυλασσέτω
1600 3247 1691 3297 σε,
1716 3234 1817 3286 ἵνα

238 3321 592 3392 ἐγειρομένῳ
640 3320 930 3391 mulcati?
986 3337 1104 3376 σοι.
1159 3322 1257 3375 Διὰ
1306 3320 1511 3377 τούτων
1561 3323 1654 3376 καὶ
1708 3324 1816 3377 τῶν

240 3413 501 3467 τοιούτων
531 3412 625 3465 τοῦ
655 3412 936 3477 νεάζοντος
965 3412 1045 3465 ἔτι
1078 3411 1220 3465 κατὰ
1267 3414 1358 3466 τὸν
1400 3412 1507 3467 ἔσω
1535 3413 1819 3486 ἄνθρωπον

239 3504 306 3557 rb
345 3502 733 3575 ἐπιθυμητικὸν
780 3504 1110 3572 ἀναφλέξας,
1157 3505 1250 3556 καὶ
1297 3503 1465 3574 αὐτὴν
1511 3504 1724 3575 ἐκείνην
1750 3505 1819 3559 τὰ

244 3594 378 3664 περὶ
404 3593 604 3662 ἑαυτῆς
630 3593 990 3664 διηγουμένην
1022 3594 1305 3658 ὑποδείξας
1339 3594 1417 3664 τῷ
1443 3595 1616 3666 λόγῳ,
1639 3595 1705 3648 δι’
1744 3590 1819 3651 ὧν

250 3684 484 3756 μάλιστα
508 3684 605 3756 τὴν
624 3685 971 3756 ἀγαπητικὴν
995 3687 1177 3756 σχέσιν
1202 3688 1311 3740 τῶν
1341 3688 1644 3741 ἀκουόντων
1672 3689 1822 3757 ἐφέλ-

247 3792 435 3844 κεται,
480 3776 638 3830 τοῦτο
682 3776 821 3847 μετὰ
859 3778 965 3830 τῶν
1013 3778 1186 3831 ἄλλων
1222 3778 1481 3843 εἰποῦσα,
1533 3779 1616 3832 ὅτι
1673 3779 1822 3850 Ἐγὼ

246 3868 392 3935 τοὺς
437 3869 541 3939 ἐμὲ
591 3868 917 3939 φιλοῦντας
973 3869 1199 3939 ἀγαπῶ,
1245 3871 1307 3923 Ἦ
1360 3872 1469 3943 γὰρ
1520 3871 1675 3933 ἐλπὶς
1727 3871 1819 3925 r06

248 3958 696 4031 ἁνταγαπηθῆναι
741 3959 1096 4031 σφοδρότερον
1127 3963 1207 4024 είς
1237 3959 1531 4031 ἐπιθυμίαν
1568 3961 1657 4016 τὸν
1695 3963 1822 4034 ὲρα-

252 4051 384 4123 στὴν
414 4051 712 4123 διατίθησι·
739 4054 832 4106 καί
862 4055 998 4123 μετὰ
1027 4054 1231 4107 τούτων
1265 4054 1359 4118 τὰς
1389 4054 1582 4119 λοιπὰς
1603 4056 1823 4124 ἐπάγων

252 4142 585 4213 συμϐουλίας
617 4144 675 4195 ὲν
714 4134 1102 4213 ἀποφαντικοῖς
1129 4161 1237 4198 τισι
1271 4147 1365 4197 καὶ
1392 4147 1824 4219 ἁπεριγράπτοις

250 4235 366 4296 τοῖς
396 4233 808 4304 ἀποφθέγμασι,
854 4237 947 4288 καὶ
997 4238 1075 4299 είς
1122 4235 1456 4318 τελειοτέραν
1504 4236 1616 4303 ἕξιν
1662 4240 1823 4293 αὐτὸν

253 4323 498 4394 ἀγαγὼν,
543 4320 661 4378 εἶτα
695 4326 829 4396 πρὸς
861 4329 971 4389 τοῖς
1002 4327 1328 4391 τελευταίοις
1355 4328 1462 4381 τῶν
1511 4329 1824 4401 Παροιμιῶν

256 4416 572 4487 μακαρίσας
623 4414 827 4487 ταύτην
877 4416 976 4486 τὴν
1024 4418 1234 4490 ἀγαθὴν
1288 4418 1581 4488 συζυγίαν,
1634 4422 1690 4473 ἐν
1744 4417 1823 4485 οἷς

1922 3238 2092 3299 modi,
2123 3237 2242 3308 ejus
2265 3239 2356 3310 qui
2381 3246 2465 3294 est
2491 3237 2671 3291 adhuc
2696 3236 2915 3305 juvenis
2943 3236 3241 3291 secundum
3271 3236 3494 3290 interio-

1919 3346 2032 3387 rem
2067 3331 2365 3394 hominem,
2408 3329 2800 3383 inﬂammasset
2828 3326 3201 3397 cupiditatem,
3250 3334 3304 3380 et
3348 3327 3491 3380 illam

1919 3422 2093 3493 ipsam
2126 3437 2223 3478 sua
2258 3428 2574 3476 narrantem
2599 3418 2846 3473 oratione
2872 3416 3223 3481 ostendisset,
3257 3432 3354 3487 per
3376 3432 3495 3486 qua:

1920 3513 2155 3567 maxime
2178 3511 2405 3565 attrahit
2429 3509 2741 3564 dilectionis
2759 3507 3072 3561 auditorum
3098 3508 3492 3570 habitudinem,

1920 3601 2025 3655 hoc
2059 3617 2183 3655 cum
2237 3600 2361 3655 aliis
2396 3599 2587 3654 dicens
2632 3616 2646 3652 ι
2689 3596 2799 3667 Ego
2822 3597 3095 3667 diligentes
3124 3614 3204 3652 me
3231 3597 3392 3667 diligo
3419 3597 3493 3658 υς

1921 3702 2047 3763 Spes
2079 3693 2223 3746 enim
2269 3704 2376 3759 qua
2410 3695 2669 3758 speratur
2715 3687 2831 3743 lore
2865 3695 2924 3742 ut
2958 3688 3292 3752 redametur,
3342 3704 3494 3741 ama-

1922 3794 2095 3839 torem
2126 3782 2425 3837 ardentiori
2458 3780 2624 3835 allicit
2666 3779 2971 3835 desiderio:
3010 3789 3211 3835 etcum
3249 3780 3334 3835 his
3370 3781 3495 3835 reli-

1922 3893 2031 3947 qua
2057 3875 2373 3930 adduxisset
2404 3872 2657 3936 consilia,
2697 3872 2751 3926 in
2779 3871 3103 3941 quibusdam
3135 3872 3295 3927 dictis
3322 3889 3497 3927 enun-

1924 3967 2158 4025 tiatoriis
2192 3973 2245 4021 et
2269 3965 2493 4020 minime
2524 3965 2979 4034 circumscriptis,
3010 3973 3064 4019 et
3095 3980 3215 4019 eum
3248 3965 3313 4018 ad
3344 3964 3496 4018 habi-

1924 4066 2039 4114 tum
2071 4057 2390 4113 deduxissrt
2417 4056 2820 4127 perfectiorem,
2849 4065 2901 4111 et
2928 4057 3122 4111 deinde
3150 4057 3203 4111 in
3235 4056 3339 4111 line
3368 4055 3496 4109 Pro-

1923 4146 2236 4200 verbiorum
2264 4145 2675 4214 pronuntiasset
2709 4159 2830 4199 esse
2860 4145 3069 4200 beatam
3104 4145 3245 4201 hanc
3268 4147 3498 4215 conjun-

1926 4239 2181 4303 ctionem,
2235 4235 2456 4304 quando
2503 4236 2751 4290 mulieris
2788 4235 2936 4290 illius
2983 4234 3141 4290 fortis
3178 4245 3497 4305 persecutus

1925 4336 2008 4383 est
2038 4326 2309 4396 encomja,
2341 4333 2471 4379 tunc
2505 4312 2752 4393 adjuhgit
2786 4324 2931 4376 illam
2965 4338 3085 4393 quae
3113 4333 3196 4378 est
3234 4324 3286 4376 in
3309 4323 3498 4378 Eccle-

1927 4416 2096 4472 siaste
2126 4413 2552 4484 philosophiam,
2596 4420 2655 4465 ut
2688 4412 2780 4481 qui
2820 4427 2919 4480 per
2960 4412 3357 4480 proverbialem
3411 4412 3498 4463 in-

251 4507 498 4579 διεξῆλθε
524 4509 592 4562 τὰ
619 4509 719 4578 τῆς
745 4509 991 4579 ἀνδρείας
1024 4487 1277 4578 γυναικὸς
1309 4487 1520 4581 ἐκείνης
1550 4511 1814 4582 ἐγκώμια,

1928 4508 2267 4563 stitutionem
2308 4504 2442 4559 satis
2488 4502 2887 4557 introduxiSset
2916 4505 2983 4555 ad
3024 4487 3354 4555 desiderium
3386 4500 3499 4555 vir-

251 4595 377 4650 τότε
401 4596 719 4667 προστίθησι
739 4598 836 4668 τὴν
856 4601 913 4650 ὲν
944 4597 1023 4668 τῷ
1055 4599 1451 4670 Ἐκκλησιαστῇ
1486 4600 1823 4669 φιλοσοφίαν,

253 4686 338 4757 τῷ
381 4686 549 4757 ἱκανῷ
584 4687 672 4740 διὰ
700 4687 801 4758 τῆς
844 4687 1243 4759 παροιμιώδους
1272 4690 1494 4757 ἀγωγῆς
1531 4691 1829 4759 εἰσηγτςσα⁹

257 4782 407 4854 μένῳ
436 4782 517 4845 είς
561 4782 658 4853 τὴν
685 4782 807 4835 τῶν
836 4782 1044 4853 ἀρετῶν
1072 4781 1388 4851 ἐπιθυμίαν.
1424 4781 1532 4834 Καὶ
1560 4782 1829 4835 διαόαλὼν

253 4876 316 4926 ὲν
349 4874 521 4945 τούτῳ
558 4873 635 4944 τῷ
678 4872 817 4944 λόγῳ
845 4874 944 4944 τὴν
997 4875 1125 4944 περὶ
1163 4873 1231 4925 τὰ
1262 4873 1561 4943 φαινόμενα
1598 4873 1707 4927 τῶν
1736 4876 1831 4927 ἁν-

253 4966 490 5037 θρὼπων
540 4969 747 5036 σχέσιν,
805 4968 897 5019 καὶ
939 4967 1165 5037 μάταιον
1216 4965 1385 5019 εἰπὼν
1433 4961 1571 5019 εἶναι
1624 4967 1730 5019 πᾶν
1768 4966 1829 5019 rb

252 5056 524 5113 ἀστατοῦν
569 5075 627 5111 τε
666 5058 758 5111 καὶ
790 5058 1229 5128 παρερχόμενον,
1286 5058 1343 5108 ἐν
1388 5052 1468 5120 οἷς
1514 5075 1713 5128 φησιν,
1746 5058 1829 5111 ὅτι

252 5150 373 5202 Πᾶν
403 5148 463 5201 τὸ
502 5148 864 5218 ἐπερχόμενον
900 5144 1223 5217 ματαιότης’
1264 5146 1589 5218 ὑπερτίθησι
1631 5149 1831 5212 παντὸς

249 5237 351 5293 τοῦ
372 5237 438 5289 δι’
466 5237 769 5307 αἰσθήσεως
797 5235 1346 5306 καταλαμϐανομένου
1375 5235 1472 5306 τὴν
1503 5238 1830 5308 ὲπιφυτικὴν

246 5330 356 5397 τῆς
382 5328 553 5397 ψυχῆς
584 5327 737 5395 ἡμῶν
776 5324 986 5396 κίνησιν
1020 5327 1112 5379 ἐπὶ
1143 5326 1202 5378 rb
1224 5326 1453 5395 ἀόρατον
1480 5326 1700 5390 κάλλος
1738 5328 1830 5379 καὶ

248 5413 425 5477 οὕτως
475 5412 787 5485 ἐκκαθάρας
825 5411 924 5481 τὴν
960 5410 1187 5481 καρδίαν
1234 5410 1332 5480 τῆς
1384 5412 1513 5481 περὶ
1554 5410 1621 5462 τὰ
1648 5411 1831 5479 φαινό-

250 5522 393 5577 μενα
436 5504 694 5576 σχέσεως,
726 5506 846 5558 τότε
869 5504 955 5557 διὰ
985 5504 1079 5557 τοῦ
1111 5504 1386 5574 ’ᾼσματος
1418 5504 1525 5557 τῶν
1567 5505 1827 5574 ᾀσμάτων

326 5796 370 5829 ⁸⁸
397 5796 564 5852 Pmt’.
596 5800 669 5858 tv,
702 5790 756 5861 6,
784 5809 901 5863 sqq.
982 5793 1023 5822 3"
1049 5788 1209 5844 Prov.
1248 5806 1367 5858 \‘ttl,
1410 5790 1489 5844 17.

1931 4607 2106 4653 tutum
2130 4616 2142 4651 :
2176 4604 2229 4651 et
2258 4610 2382 4650 cum
2411 4597 2465 4649 in
2493 4609 2558 4649 eo
2586 4594 2724 4647 libro
2750 4592 3190 4662 reprehendisset
3220 4594 3500 4647 hominum

1930 4689 1997 4741 ad
2026 4688 2077 4741 id
2119 4686 2264 4757 quod
2320 4692 2546 4756 apparet
2594 4683 2990 4748 habitudinem,
3047 4693 3102 4737 et
3146 4698 3347 4737 vanum
3382 4695 3505 4738 esse

1930 4781 2161 4835 dixisset
2189 4779 2455 4849 quidquid
2485 4786 2569 4833 est
2599 4777 2852 4832 instabile
2879 4785 2933 4833 et
2965 4778 3261 4843 transiens,
3292 4779 3501 4840 dicens,

1932 4870 2205 4941 Quidquid
2253 4870 2401 4925 venit
2443 4877 2527 4924 est
2571 4869 2820 4923 vanitas:
2874 4869 3098 4923 cuilibet
3149 4869 3291 4939 quod
3342 4883 3506 4923 sensu

1931 4960 2433 5031 comprehenditur,
2476 4957 2694 5029 praefert
2738 4960 3042 5015 naturalem
3079 4962 3274 5014 animae
3304 4970 3508 5014 nostra:

1933 5053 2228 5108 motionem
2271 5050 2340 5104 ad
2392 5049 2855 5119 pulchritudinem
2909 5065 3028 5119 quae
3058 5066 3166 5103 non
3215 5049 3357 5104 cadit
3403 5051 3509 5103 sub

1932 5150 2236 5212 aspectum.
2291 5138 2504 5194 Etcum
2551 5141 2631 5193 sic
2667 5154 2764 5192 eor
2801 5148 3161 5209 expurgasset
3188 5141 3254 5192 ab
3288 5139 3508 5193 habitu-

1933 5233 2061 5286 dine
2093 5244 2216 5300 qum
2245 5239 2327 5283 est
2366 5228 2431 5282 ad
2461 5228 2515 5282 id
2558 5229 2703 5298 quod
2737 5236 2980 5298 apparet,
3034 5236 3164 5280 tunc
3196 5242 3291 5296 per
3318 5228 3510 5279 Canti-

1936 5338 2060 5378 cum
2095 5322 2439 5376 canticorum
2484 5322 2716 5391 mystice
2771 5318 3077 5374 introduxit
3119 5317 3508 5388 cogitationem

1938 5416 2004 5467 ad
2036 5413 2223 5467 divina
2252 5414 2449 5485 adyta:
2484 5413 2538 5466 in
2568 5414 2771 5482 quibus
2802 5411 2853 5462 id
2887 5410 3105 5479 quidem
3137 5410 3279 5477 quod
3314 5408 3511 5462 inscri~

1938 5506 2107 5569 bitur,
2137 5512 2220 5560 est
2257 5514 2555 5575 apparatus
2596 5501 2890 5576 nuptialis:
2931 5501 2982 5555 id
3026 5506 3205 5554 autem
3244 5500 3388 5569 quod
3425 5501 3513 5556 itt-
