3874 6400
173 404 273 459 7'43

1194 388 1255 442 t.\'
1287 376 1582 443 (JANTICA
1625 381 1902 437 CANTIC.
1948 382 2233 438 "mnus
2275 386 2315 437 ι.

3260 408 3263 411 ·
3338 393 3439 447 ’Πῑ

181 523 323 583 θείας
374 516 452 580 είς
516 515 607 568 τὸν
664 513 1025 585 παράδεισον,
1093 510 1187 564 καὶ
1232 510 1320 564 διὰ
1368 507 1741 579 καθαρότητος

1872 505 2058 560 itatem
2094 506 2504 585 quodammodo
2537 510 2763 565 redierit
2804 511 2856 565 in
2895 510 3236 582 paradisum,
3267 520 3319 565 ct
3350 529 3444 583 per

179 606 450 681 ὁμοιωθεὶς
477 605 553 675 τῷ
579 603 697 674 Θεῷ
717 620 728 632 ·
753 602 926 666 οὕτως
955 602 1048 655 ἐπὶ
1067 600 1128 655 τὸ
1153 600 1346 657 ἄδυτον
1370 599 1478 654 τῶν
1515 616 1746 670 προφαι-

181 697 409 769 νομένων
460 696 590 766 ὴμῖν
643 691 731 746 διὰ
774 693 870 747 τοῦ
931 691 1136 764 βιϐλίου
1178 689 1368 767 τούτου
1434 688 1747 762 μυστηρίων

180 789 434 865 χωρείτω.
461 788 526 840 Et
565 787 622 841 δέ
671 804 812 840 τισιν
852 782 1347 856 ἀπαρασκεύαστός
1375 782 1523 837 ἐστιν
1551 780 1748 852 ἡψυχὴ

181 881 306 955 πρὸς
334 880 432 952 τὴν
478 879 732 949 τοιαύτην
765 878 1047 950 ἀκρόασιν,
1070 876 1360 931 ἀκουσάτω
1380 874 1474 928 τοῦ
1504 872 1749 936 Μωσέως

175 973 604 1046 νομοθετοῦντος,
635 970 711 1044 μὴ
743 970 1156 1041 κατα-τολμῆσαι
1191 971 1289 1041 τῆς
1322 969 1415 1023 ἐπὶ
1433 969 1496 1024 τὸ
1530 968 1655 1040 ὅρος
1688 965 1749 1020 τὸ

176 1064 533 1136 πνευματικὸν
583 1063 920 1127 ἀναϐάσεως,
967 1064 1097 1135 πρὶν
1134 1062 1335 1116 πλῦναι
1367 1061 1476 1116 τῶν
1509 1059 1749 1133 καρδιῶν

174 1157 324 1230 ἡμῶν
366 1157 437 1211 τά
486 1156 701 1228 ἱμάτια,
746 1157 841 1211 καὶ
869 1158 978 1219 τοῖς
1003 1157 1307 1228 καθήκουσι
1335 1155 1445 1209 τῶν
1470 1153 1750 1225 λογισμῶν

176 1249 654 1322 περιρραντηρίοις
680 1247 780 1313 τὰς
805 1247 983 1320 ψυχὰς
1003 1247 1435 1319 ἀφαγνίσασθαι.
1464 1246 1628 1299 ’Ὥστε
1654 1244 1750 1300 νῦν

175 1343 230 1413 ὲν
254 1336 296 1411 ᾧ
330 1342 509 1414 χρόνῳ
542 1342 981 1415 προσεδρεύομεν
1023 1345 1090 1414 τῇ
1129 1340 1333 1414 θεωρίᾳ.
1360 1328 1553 1412 ταύτῃ,
1579 1338 1751 1410 λήθην

173 1431 274 1485 τῶν
299 1432 555 1503 γαμικῶν
586 1433 875 1504 νοημάτων
906 1432 1256 1505 ποιήσασθαι,
1282 1432 1424 1486 κατά
1453 1431 1514 1486 τὸ
1541 1432 1753 1501 παράγ-

171 1525 341 1597 γελμα
377 1525 472 1580 τοῦ
496 1526 795 1591 Μωῦσέως,
820 1526 914 1581 τοῦ
940 1525 1268 1597 καθαρεύειν
1295 1525 1403 1579 ἀπὸ
1422 1524 1533 1579 τῶν
1557 1524 1752 1595 γάμων

172 1615 291 1678 τοὺς
349 1615 919 1687 μυσταγωγουμένους
972 1614 1438 1687 νομοθετήσαντος
1463 1631 1476 1645 ο
1527 1615 1622 1668 καὶ
1662 1614 1753 1667 διὰ

171 1707 384 1762 πάντων
416 1706 714 1762 ἀναλαϐεῖν
740 1703 896 1778 οἶμαι
914 1707 1023 1762 δεῖν
1052 1710 1199 1779 ἡμᾶς
1237 1708 1306 1762 τά
1338 1707 1434 1762 τοῦ
1458 1709 1750 1779 νομοθέτου

172 1800 586 1873 προστάγματα,
660 1800 953 1871 μέλλοντας
1009 1801 1358 1874 προσ6αίνειν
1389 1800 1465 1873 τῷ
1504 1818 1748 1872 mappa—

170 1893 302 1964 τικῷ
349 1894 452 1964 τῆς
504 1893 833 1963 θεογνωσίας
857 1895 992 1965 ὄρει,
1034 1896 1093 1947 ἐν
1124 1887 1169 1962 ᾧ
1196 1893 1257 1949 τὸ
1304 1895 1438 1966 θῆλυ
1464 1894 1621 1963 γένος
1645 1894 1754 1947 τῶν

171 1982 442 2054 λογισμῶν
474 1983 614 2054 μετὰ
642 1987 738 2051 τῆς
763 1984 956 2055 ὑλικῆς
972 1985 1285 2056 ἀποσκευῆς
1303 1984 1382 2057 τῷ
1408 1986 1561 2039 κάτω
1581 2002 1755 2039 κατα⁴

172 2076 418 2132 λείπεται
443 2076 567 2148 βίῳ.
628 2078 744 2131 Πᾶν
768 2076 837 2130 δὲ·
863 2077 1055 2146 ἄλογον
1078 2078 1277 2148 νόημα,
1309 2080 1356 2131 εί
1394 2080 1520 2149 περὶ
1556 2078 1615 2131 τὸ
1643 2094 1754 2131 τοι-

171 2168 321 2223 οὖτον
355 2171 485 2242 δρος
508 2170 726 2241 ὀφθείη,
753 2174 865 2236 τοῖς
898 2172 1272 2245 στεῤῥοτέροις
1298 2172 1602 2244 λογισμοῖς,
1646 2169 1757 2226 οἷόν

170 2276 277 2316 τισι
299 2262 468 2328 λίθοις
491 2264 940 2333 καταφονεύεται.
966 2265 1136 2331 Μόλις
1166 2265 1273 2337 γάρ
1307 2265 1373 2319 ἂν
1406 2264 1550 2319 οὕτω
1575 2266 1759 2336 χωρή-

176 2370 365 2424 σαιμεν
392 2356 495 2425 τὴν
517 2354 700 2425 φωνὴν
724 2356 824 2424 τῆς
855 2354 1154 2424 σάλπιγγος
1169 2354 1395 2425 ταύτης,
1425 2355 1566 2425 μέγα
1585 2372 1639 2408 τι
1667 2354 1759 2408 καὶ

174 2443 408 2510 ἐξαίσιον
441 2447 544 2500 καὶ
568 2445 709 2517 ὑπὲρ
731 2446 830 2519 τὴν
857 2446 1086 2517 δύναμιν
1108 2445 1218 2500 τῶν
1261 2447 1571 2517 δεχομένων
1596 2438 1762 2518 ἠχού-

176 2550 290 2606 σης,
329 2540 395 2609 ἢν
421 2538 589 2603 αὐτὸς
618 2541 646 2592 ὁ
683 2539 880 2609 γνόφος
905 2539 1005 2610 τῆς
1035 2539 1303 2608 ἀσαφείας
1338 2540 1608 2610 προΐεται,
1641 2543 1697 2594 ἐν

173 2630 320 2684 ἐστιν
371 2631 401 2684 ὁ
452 2630 611 2695 Θεὸς,
642 2631 671 2683 ὁ
710 2630 770 2688 τὸ
817 2632 1002 2686 ὑλικὸν
1052 2633 1198 2687 ἅπαν
1252 2632 1344 2685 ἐπὶ
1376 2632 1468 2686 τοῦ
1518 2633 1760 2686 τοιούτου

172 2721 330 2793 ὅρους
375 2723 457 2795 τῷ
519 2725 653 2797 πυρὶ
686 2724 1065 2794 καταφλέγων.
1094 2724 1252 2794 Ἤδη
1284 2724 1466 2778 τοίνυν
1486 2725 1637 2790 ἐντὸς
1669 2726 1762 2779 τοῦ

186 2814 366 2885 ’Δγίου
385 2817 497 2871 τῶν
526 2815 699 2885 ἁγίων
723 2814 1034 2886 γενώμεθα,
1063 2818 1201 2888 ὅπερ
1224 2817 1342 2871 ἐστὶ
1371 2817 1433 2872 τὸ
1447 2814 1640 2890 ᾋσμα
1656 2818 1764 2873 τῶν

174 2907 455 2978 ᾀσμάτων.
491 2909 584 2973 Ὠς
614 2908 719 2980 γάρ
744 2915 805 2970 ὲν
819 2909 898 2982 τῷ
917 2909 1080 2982 Ἀγίῳ
1106 2908 1214 2965 τῶν
1235 2911 1406 2973 ἁγίων
1424 2910 1766 2981 πλεονασμόν

173 3016 293 3053 τινα
318 3001 416 3055 καὶ
447 3000 707 3055 ἐπίτασιν
729 3003 826 3072 τῆς
860 3002 1147 3073 ἁγιότητος
1169 3002 1258 3055 διὰ
1271 3003 1369 3072 τῆς
1401 2999 1765 3074 ὑπερθετικῆς

174 3092 374 3164 ταύτης
399 3094 591 3165 φωνῆς
622 3093 985 3166 διδασκόμεθα
1004 3112 1018 3126 ’
1042 3094 1187 3149 οὕτω
1208 3097 1303 3149 καὶ
1323 3096 1412 3150 διά
1440 3096 1532 3150 τοῦ
1551 3099 1766 3168 ’ᾼσμα-

1786 1854 1826 1910 Β

1851 597 2153 667 puritatem
2215 596 2328 654 Deo
2389 600 2591 656 similis
2649 604 2908 668 evaserit,
2950 602 3024 658 ita
3060 604 3322 672 procedat
3377 605 3444 658 ad

1851 692 2075 762 adytum
2109 692 2527 763 mysteriorum,
2567 709 2691 765 quas
2722 697 2778 749 in
2827 694 2934 751 hoc
2977 702 3244 766 apparent
3280 696 3444 751 libro.

1850 783 2010 850 Quod
2055 784 2102 839 si
2136 785 2203 839 ad
2247 784 2362 841 haec
2400 785 2674 841 audienda
2711 781 2793 842 'sit
2830 789 3108 859 aliquibus
3141 789 3447 857 imparatus

1851 877 2095 943 animus,
2129 877 2320 933 audiat
2351 877 2559 934 Mosem
2591 880 2709 951 lege
2737 891 3050 949 caventem,
3088 896 3158 937 ne
3190 881 3259 934 ad
3289 898 3444 934 mou-

1854 974 1962 1023 tcm
2001 968 2351 1040 spiritualem
2382 969 2690 1034 audeamus
2735 962 3062 1039 ascendere,
3118 973 3445 1044 priusquam

1853 1060 2108 1116 cordium
2134 1069 2455 1119 nostrorum
2498 1064 2800 1122 laverimus
2831 1068 3186 1129 vestimenta,
3214 1075 3268 1123 et
3310 1082 3447 1122 con-

1854 1155 2206 1211 venientibus
2274 1157 2678 1227 cogitationum
2754 1159 3175 1230 aspcrsionibus
3230 1160 3445 1216 animas

1854 1248 2286 1318 expiavcrimus.
2319 1247 2689 1314 Quamobrem
2721 1266 2889 1316 nunc,
2937 1251 3066 1306 dum
3100 1252 3153 1306 in
3185 1253 3287 1307 hac
3312 1251 3448 1307 assi-

1854 1340 2049 1396 demus
2093 1341 2583 1411 contemplatione,
2633 1343 2895 1398 existimo
2928 1351 3179 1414 oportere
3227 1342 3448 1413 nuptia-

1854 1432 1987 1486 lium
2018 1431 2713 1504 obliviscicogitationum,
2756 1435 3150 1490 convenienter
3173 1441 3446 1505 praecepto
3500 1482 3517 1491 -

1857 1524 2049 1592 Mosis,
2082 1526 2175 1596 qui
2200 1528 2317 1598 lege
2344 1527 2510 1589 cavit,
2540 1535 2599 1581 ut
2638 1527 2735 1597 qui
2769 1528 3124 1583 initiarentur
3146 1527 3444 1599 mysteriis.

1854 1618 1981 1688 puri
2005 1625 2192 1673 essent
2215 1633 2243 1671 a
2267 1620 2506 1691 nuptiis:
2526 1628 2581 1675 et
2608 1619 2665 1673 in
2698 1619 2973 1679 omnibus.
2992 1619 3275 1688 suscipere
3307 1633 3451 1688 prae-

1856 1718 2015 1780 cepta
2040 1710 2376 1780 legislatoris
2404 1724 2502 1767 eos
2524 1710 2617 1780 qui
2650 1717 2781 1765 sunt
2819 1709 3134 1780 processuri
3174 1708 3241 1762 ad
3287 1707 3450 1787 spiri-

1858 1804 2064 1856 tualem
2111 1810 2351 1857 montem
2403 1802 2583 1871 legis,
2644 1802 2698 1856 in
2750 1818 2861 1872 quo
2901 1801 3227 1856 femininum
3273 1813 3450 1869 genus

1857 1892 2253 1962 cogitationum
2310 1907 2435 1946 cum
2477 1901 2745 1963 apparatu
2799 1891 3068 1946 matcriali
3120 1890 3451 1958 relinquitur

1859 1990 1914 2043 in
1962 1988 2075 2042 vita
2138 1987 2411 2042 inferiori.
2467 1987 2687 2054 Quzevis
2734 1995 2919 2042 autem
2961 1984 3195 2039 rationis
3248 1998 3449 2053 expers

1859 2081 2061 2137 mentis
2102 2081 2416 2151 conceptio,
2450 2080 2498 2136 si
2531 2080 2586 2134 in
2618 2079 2725 2134 hoc
2761 2086 2948 2134 monte
2976 2079 3092 2133 visa
3134 2076 3327 2141 fuerit,
3374 2076 3445 2129 ri-

1860 2176 2170 2245 gidioribus
2220 2174 2678 2245 cogitationibus,
2714 2174 2885 2230 veluti
2928 2173 3261 2244 quibusdam
3311 2170 3450 2243 lapi-

1861 2266 2042 2331 dibus,
2084 2265 2397 2320 occidetur.
2427 2262 2564 2318 Nam
2592 2264 2673 2319 sic
2704 2262 2924 2334 quidem
2958 2263 3049 2315 vix
3106 2260 3450 2316 audierimus

1861 2373 2051 2413 vocem
2085 2357 2254 2427 hujus
2281 2358 2443 2422 tubm,
2481 2372 2604 2428 qua:
2632 2372 2893 2427 magnum
2924 2363 2995 2433 tet
3036 2354 3196 2409 valde
3242 2353 3452 2406 miran-

1863 2450 1992 2505 dum
2036 2450 2151 2506 edit
2184 2452 2453 2518 Sonitum,
2498 2461 2555 2506 et
2586 2466 2755 2522 supra
2790 2452 2942 2506 vires
2973 2465 3163 2506 eorum
3188 2449 3279 2519 qui
3324 2463 3452 2502 sus-

1864 2542 2098 2613 cipiunt,
2150 2559 2314 2612 quam
2355 2542 2565 2599 emittit
2604 2545 2723 2614 ipsa
2768 2544 2951 2613 caligo
2998 2541 3358 2597 obscuritatis
3396 2540 3453 2593 iu

1864 2653 1971 2709 qua
2003 2645 2088 2693 est
2119 2635 2288 2701 Deus,
2317 2638 2412 2707 qui
2458 2638 2585 2708 igne
2621 2637 2901 2692 comburit
2947 2635 3213 2706 quidquid
3260 2644 3343 2690 est
3395 2635 3449 2688 in

1865 2727 1973 2783 hoc
2036 2734 2224 2783 monte
2271 2727 2547 2797 particeps
2578 2735 2840 2782 materiae.
2862 2725 2981 2780 Jam
3008 2739 3139 2796 ergo
3172 2724 3454 2795 ingredia-

1867 2836 1991 2875 mur
2009 2812 2273 2873 Sanctum
2304 2828 2649 2883 sanctorum,
2700 2818 2848 2889 quod
2879 2819 3102 2887 quidem
3139 2827 3224 2873 est
3266 2819 3456 2872 Canti-

1867 2930 1993 2972 cum
2025 2915 2391 2969 canticorum.
2419 2912 2539 2979 Quo
2567 2911 2731 2967 modo
2763 2912 2910 2967 enim
2945 2912 2999 2965 in
3020 2913 3218 2968 Sancto
3235 2918 3456 2965 saneto-

1866 3023 1991 3065 rum
2021 2992 2288 3063 docemur
2324 3005 2619 3077 quamdam
2660 3005 3051 3060 abundantiam
3099 3013 3150 3060 et
3190 3005 3459 3060 intcnsiu-

1868 3115 1993 3157 nem
2022 3101 2334 3157 sanctitatis
2372 3115 2468 3170 per
2507 3098 2651 3153 lianc
2675 3112 2864 3153 vocem
2908 3098 3299 3167 superlativam
3331 3118 3343 3151 :
3384 3100 3459 3153 ita

174 3204 260 3252 τος
305 3187 417 3242 τῶν
467 3188 755 3261 ᾀσμάτων,
818 3188 1132 3259 μυστηρίων
1177 3190 1454 3259 μυστήρια
1486 3189 1759 3243 διδάσκειν

1872 3194 2034 3249 etiam
2053 3209 2148 3265 per
2168 3191 2459 3248 Canticum
2492 3192 2852 3256 canticorum,
2877 3191 3138 3261 mysteria
3168 3191 3460 3262 mysterio-

173 3281 317 3351 ἡμᾶς
347 3283 377 3335 ό
405 3281 617 3353 ὑψηλὸς
650 3282 820 3352 λόγος
854 3281 1378 3351 κατεπαγγέλλεται.
1409 3281 1628 3336 Πολλῶν
1658 3281 1762 3354 γὰρ

1872 3300 1990 3340 rum
2011 3299 2113 3339 nos
2137 3284 2337 3339 docere
2359 3283 2650 3353 proﬁtetur
2671 3281 2926 3339 sublimis
2956 3283 3153 3336 oratio.
3178 3280 3312 3335 Nam
3334 3298 3457 3336 cum

174 3372 360 3441 δντων,
402 3374 557 3430 κατά
582 3375 682 3446 τὴν
700 3374 1057 3429 θεόπνευστον
1078 3374 1429 3430 διδασκαλίαν
1447 3375 1558 3429 τῶν
1588 3376 1768 3446 ᾀσμά-

172 3484 299 3534 των,
329 3470 397 3522 δι’
437 3463 521 3523 ὧν
574 3468 644 3521 τὰ
706 3466 917 3539 μεγάλα
962 3468 1208 3538 νοήματα
1250 3466 1613 3538 διδασκόμεθα
1640 3468 1769 3539 περὶ

175 3558 328 3625 Θεοῦ,
355 3562 518 3634 παρά
550 3577 610 3614 τε
643 3561 739 3614 τοῦ
784 3560 1021 3631 μεγάλου
1054 3560 1239 3625 Δαϐὶδ,
1274 3560 1369 3615 καὶ
1402 3560 1646 3623 Ἡσαΐου,
1675 3560 1770 3613 καὶ

174 3653 479 3721 Μωῦσέως,
510 3654 609 3708 καὶ
653 3651 826 3707 ἄλλων
864 3651 1073 3705 πολλῶν
1096 3670 1111 3684 ⁸
1150 3651 1309 3705 τοῦτο
1333 3651 1488 3723 παρὰ
1520 3651 1622 3721 τῆς
1649 3653 1769 3705 ἐπι-

174 3747 391 3817 γραφῆς
415 3746 627 3815 ταύτης
662 3744 1025 3817 μανθάνομεν,
1048 3745 1129 3797 ὅτι
1158 3744 1281 3797 ὅσον
1307 3742 1502 3815 ἀπέχει
1532 3742 1641 3796 τῶν
1672 3741 1771 3811 τῆς

176 3838 280 3906 ἔξω
307 3841 508 3910 σοφίας
540 3840 802 3911 ᾀσμάτων
822 3838 930 3892 τῶν
964 3838 1133 3908 ἁγίων
1152 3835 1264 3909 [τά]
1282 3832 1779 3908 ᾅσματα,τοσοῢτον

176 3930 511 4006 ὑπέρκειται
572 3932 681 3985 τῶν
716 3931 887 4001 ἁγίων
938 3932 1198 4003 ᾀσμάτων
1246 3929 1309 3982 τδ
1338 3931 1395 3982 ὲν
1416 3927 1496 3998 τῷ
1531 3928 1770 4000 ’ᾼσματι

173 4026 282 4082 τῶν
311 4028 587 4099 ᾀσμάτων
616 4025 932 4096 μυστηρίον,
953 4016 1028 4078 Ub
1043 4022 1103 4076 τὸ
1130 4021 1293 4074 πλέον
1319 4022 1397 4084 εἰς
1424 4019 1771 4089 κατανόησιν,

175 4116 297 4173 οὔτε
354 4119 569 4191 εὑρεῖν,
612 4114 737 4172 οὔτε
795 4115 1045 4187 χωρῆσαι
1099 4115 1133 4185 ἡ
1190 4113 1511 4184 ἀνθρωπίνη
1551 4111 1772 4166 δύναται

1871 3379 2042 3433 multa
2064 3378 2177 3434 sint
2192 3376 2500 3435 secundum
2519 3375 3131 3447 divinitusinspiratam
3152 3375 3461 3431 doctrinam

1871 3470 2123 3545 Cantica,
2152 3485 2250 3540 per
2276 3485 2398 3540 quae
2434 3485 2464 3523 a
2488 3458 2686 3541 magno
2718 3467 2909 3532 David,
2952 3475 3006 3523 et
3039 3467 3179 3524 Isaia
3202 3476 3257 3523 et
3289 3467 3462 3533 Mose,

1871 3569 1926 3619 et
1957 3562 2147 3617 multis
2176 3562 2321 3625 aliis,
2352 3562 2619 3616 docemur
2649 3574 2880 3629 magnas
2909 3559 2979 3614 de
3008 3556 3121 3615 Deo
3152 3560 3462 3629 intelligen-

1872 3659 1978 3713 tias
2003 3675 2016 3712 :
2041 3658 2147 3711 hoc
2180 3654 2449 3711 discimus
2479 3656 2550 3709 ab
2566 3655 2669 3707 hac
2695 3652 3081 3720 inscriptione,
3116 3652 3261 3722 quod
3293 3668 3466 3719 quan-

1872 3759 1991 3806 tum
2027 3767 2055 3803 a
2090 3747 2333 3804 Canticis
2370 3759 2613 3803 externis
2660 3745 2942 3815 sapientiae
2977 3744 3187 3799 distant
3237 3753 3464 3799 sancto-

1874 3859 1998 3898 rum
2035 3841 2287 3905 Cantica,
2323 3848 2538 3895 tantum
2593 3845 2821 3907 superat
2870 3834 3098 3890 Cantica
3142 3843 3463 3890 sanctorum

1874 3936 2202 4009 mysterium
2248 3934 2396 4005 quod
2431 3932 2608 3989 estin
2655 3931 2888 3986 Cantico
2932 3930 3295 3984 canticorum.
3341 3930 3469 3996 Quo

1877 4030 2008 4100 quid
2033 4028 2272 4097 amplius
2307 4026 2374 4082 ad
2400 4025 2602 4082 mentis
2624 4023 3198 4095 comprehensionem,
3240 4037 3342 4077 nec.
3383 4024 3469 4076 in-

1876 4122 2089 4182 venire,
2114 4134 2215 4175 nec
2239 4133 2438 4189 capere
2463 4123 2647 4188 potest
2691 4115 2846 4171 auris
2896 4114 3164 4180 humana,
3209 4128 3310 4168 nec
3368 4129 3466 4168 ua:

176 4210 312 4283 ἀκοὴ
365 4212 470 4267 καὶ
529 4209 713 4279 φύσις.
751 4209 861 4262 Καὶ
903 4204 1094 4261 τούτου
1120 4204 1279 4279 χάριν
1316 4202 1377 4258 τὸ
1417 4203 1762 4275 σφοδρότατα.

1878 4221 2025 4269 tura.
2061 4211 2126 4265 Et
2157 4212 2261 4266 hac
2296 4211 2364 4265 de
2389 4223 2580 4272 causa,
2616 4206 2671 4262 id
2714 4205 2861 4276 quod
2915 4212 3001 4261 est
3047 4205 3469 4261 vehementissi-

174 4305 283 4360 τῶν
307 4305 437 4361 καθ’
471 4303 672 4376 ἡδονὴν
706 4301 1113 4372 ἐνεργουμένων
1146 4299 1310 4371 (λέγω
1339 4294 1403 4370 δὴ
1430 4298 1489 4351 τὸ
1518 4296 1775 4369 ἐρωτικὸν

174 4400 371 4473 πάθος)
404 4399 511 4471 τῆς
536 4397 647 4450 τῶν
671 4394 958 4466 δογμάτων
984 4393 1313 4464 ὑφηγήσεως
1358 4387 1776 4460 αἰνιγματωδῶς

176 4495 571 4566 προεστήσατο
597 4506 610 4520 ’
637 4490 725 4543 ἴνα
754 4488 847 4545 ,διὰ
877 4487 1072 4541 τούτου
1112 4485 1392 4556 μάθωμεν,
1433 4482 1515 4537 ὅτι
1543 4482 1648 4553 χρὴ
1678 4482 1777 4550 τὴν

173 4584 355 4658 ψυχὴν
399 4583 549 4657 πρὸς
579 4582 641 4636 τὸ
691 4581 983 4652 ἀπρόσιτον
1027 4581 1125 4651 τῆς
1169 4578 1320 4642 θείας
1346 4576 1560 4647 φύσεως
1584 4574 1778 4637 κάλλος

176 4678 632 4745 ἐνατενὶζουσαν,
680 4672 936 4727 τοσοῦτον
996 4673 1127 4745 ἐρᾷν
1165 4673 1397 4733 ἐκεῖνον,
1427 4671 1551 4723 ὅσον
1584 4669 1697 4740 ἔχει
1719 4668 1781 4721 τὸ

177 4772 343 4838 σῶμα
398 4771 507 4841 τὴν
547 4768 730 4838 σχέσιν
754 4765 918 4838 πρὸς
958 4765 1021 4818 τὸ
1055 4764 1315 4832 συγγενὲς
1352 4763 1448 4817 καλ¹
1486 4761 1778 4833 ὁμόφυλον,

178 4861 634 4933 μτενεγκοῦσαν
683 4861 763 4923 εἰς
809 4858 1078 4912 ἀπάθειαν
1103 4857 1163 4909 τὸ
1202 4855 1391 4921 πάθος,
1423 4855 1562 4911 ὥστε
1601 4854 1783 4926 πάσης

173 4951 668 5023 κατασϐεσθείσης
730 4949 1051 5022 σωματικῆς
1105 4947 1439 5012 διαθέσεως,
1506 4949 1652 5019 μόνῳ
1704 4945 1784 5017 τῷ

175 5047 463 5119 πνεύματι
498 5040 647 5110 ζέειν
704 5042 986 5115 ἐρωτικῶς
1020 5042 1077 5095 ἐν
1108 5043 1242 5111 ἡμῖν
1274 5038 1373 5111 τὴν
1417 5039 1676 5100 διάνοιαν,
1698 5037 1785 5091 διά

173 5139 268 5192 τού
325 5138 516 5210 πυρὸς
549 5137 758 5190 ἐκείνου
810 5133 1270 5207 θερμαινομένην,
1299 5131 1327 5183 ὂ
1357 5130 1538 5198 βαλεῖν
1571 5130 1663 5183 ἐπὶ
1684 5130 1785 5199 τὴν

176 5226 283 5297 γῆν
320 5223 500 5299 ἦλθεν
526 5224 557 5277 ὁ
586 5223 804 5296 Κύριος.

263 5412 439 5466 Ἀλλά
458 5408 644 5464 ταῦτα
675 5404 793 5482 μὲν,
822 5404 971 5473 ὅπως
1001 5404 1108 5481 χρὴ
1152 5406 1456 5499 διακεῖσθαι
1488 5408 1585 5480 τὴν
1617 5407 1794 5477 ψυχὴν

177 5506 292 5563 τῶν
335 5503 636 5578 μυστικῶν
685 5504 946 5577 ῥημάτων
995 5503 1322 5567 ἀκουόντων,
1389 5501 1588 5566 ἱκανῶς
1647 5502 1791 5573 ἔχειν

180 5601 370 5673 φημίο
430 5595 636 5669 καιρὸς
694 5596 751 5650 δὲ
802 5595 868 5650 ἂν
906 5595 992 5668 εἴη
1036 5597 1129 5650 καὶ
1175 5596 1345 5660 αὐτὰς
1371 5596 1467 5660 τὰς
1504 5595 1655 5660 θείας
1696 5595 1790 5650 τοῦ

182 5694 482 5764 ’ᾼσματος
538 5689 646 5743 τῶν
688 5690 951 5762 ᾀσμάτων
990 5688 1173 5758 φωνάς
1221 5690 1321 5759 ἤδη
1363 5688 1678 5760 προσθεῖναι
1725 5693 1791 5760 τῇ

181 5784 399 5857 θεωρίᾳ
429 5781 532 5838 τοῦ
573 5780 752 5851 λόγου.
787 5782 896 5835 Καὶ
932 5782 1192 5851 πρότερόν
1221 5800 1284 5849 γε
1318 5782 1416 5853 τὴν
1446 5782 1543 5851 τῆς
1575 5782 1795 5853 γραφῆς

181 5875 634 5946 κατανοήσωμεν
658 5873 905 5944 δύναμιν.
940 5873 1012 5925 Οὐ
1045 5872 1152 5945 γὰρ
1190 5872 1376 5945 ἀργῶς
1418 5890 1505 5944 μοι
1545 5873 1691 5926 δοκεῖ
1719 5873 1795 5946 τῷ

1879 4321 2029 4361 mum
2060 4319 2250 4360 eorum
2279 4317 2400 4372 quae
2426 4317 2491 4356 ex
2511 4300 2794 4369 voluptate
2817 4298 2977 4363 ﬁunt,
3005 4297 3357 4358 amatoriam,
3391 4296 3472 4351 ius

1880 4413 2090 4469 quam,
2145 4394 2490 4450 atl‘ectionem
2538 4392 2605 4446 ad
2659 4391 2976 4460 dogmatum
3046 4389 3471 4459 explicationem

1882 4488 2229 4560 aenigmatice
2276 4484 2553 4556 protulit:
2611 4490 2671 4538 ut
2719 4499 2815 4551 per
2857 4482 2961 4537 hoc
2996 4481 3278 4537 discamus
3322 4477 3473 4551 quod

1886 4588 2104 4650 oportet
2136 4581 2374 4634 animam
2425 4577 2620 4633 oculos
2670 4575 2996 4648 deﬁgentem
3025 4573 3094 4629 ad
3138 4574 3337 4629 divina:
3376 4588 3475 4628 nae
3576 4630 3585 4641 ,

1888 4686 2025 4730 tura!
2062 4670 2554 4743 pulchritudinem,
2581 4668 2647 4723 ad
2681 4684 2844 4739 quam
2874 4683 2986 4723 non
3014 4672 3162 4737 patet
3189 4680 3473 4731 accessus,

1889 4774 2104 4823 tantum
2135 4765 2281 4818 illam
2304 4777 2512 4828 amare,
2546 4769 2808 4833 quantam
2839 4760 3003 4817 habet
3029 4776 3236 4831 corpus
3254 4761 3476 4816 habitus

1888 4846 2073 4915 dinem
2107 4857 2174 4911 ad
2214 4856 2266 4911 id
2285 4854 2433 4927 quod
2459 4865 2545 4911 est
2582 4855 2633 4910 ci
2669 4865 2963 4926 cognatum
3006 4862 3061 4911 et
3099 4855 3348 4925 ejusdem
3386 4868 3482 4924 ge-

1892 4951 2065 5016 neris,
2113 4949 2367 5005 traducta
2417 4949 2586 5004 animi
2638 4948 3057 5019 perturbatione
3100 4950 3166 5005 ad
3200 4948 3481 5019 impatibi‘
3538 4934 3545 4943 “

1893 5044 2123 5108 litatem,
2153 5042 2289 5097 adeo
2313 5048 2372 5096 ut
2398 5040 2674 5098 exstincta
2700 5042 2850 5097 omni
2876 5042 3149 5110 corporali
3171 5040 3482 5104 atTectione,

1884 5138 2003 5192 solo
2035 5136 2230 5205 spiritu
2261 5136 2531 5191 amatorie
2565 5135 2619 5189 in
2646 5136 2807 5192 nobis
2836 5151 2994 5190 mens
3022 5134 3251 5195 ferveat,
3282 5148 3380 5203 per
3412 5132 3482 5185 ξι»

1886 5231 2003 5283 lum
2062 5230 2241 5299 ignem
2294 5227 2585 5289 calefacta.
2645 5228 2710 5282 ad
2764 5243 2926 5297 quem
2972 5224 3485 5296 jaciendumsupcr

1896 5332 2100 5379 terram
2132 5322 2283 5376 venit
2309 5321 2598 5377 Dominus.

1969 5415 2076 5471 Sed
2104 5416 2222 5469 haec
2261 5412 2483 5485 quidem
2513 5413 2650 5468 satis
2678 5426 2802 5468 esse
2823 5412 3043 5481 opinor,
3089 5408 3156 5463 ad
3189 5409 3491 5466 ostenden-

1900 5507 2055 5569 dttm,
2086 5503 2554 5576 quemadmodum
2606 5501 2857 5558 ati‘cctam
2902 5510 3152 5571 oporteat
3199 5516 3324 5557 esse
3367 5502 3459 5556 ani

1902 5614 2047 5653 mam
2095 5613 2287 5653 eorum
2331 5597 2423 5667 qui
2482 5596 2645 5651 verba
2682 5595 2909 5667 mystice
2951 5595 3227 5650 audiunt:
3273 5602 3491 5665 tempus

1903 5700 2083 5743 autem
2127 5689 2313 5752 fuerit,
2360 5688 2512 5757 ipsas
2547 5702 2767 5757 quoque
2808 5687 3028 5743 divinas
3073 5703 3240 5745 voces
3274 5687 3491 5744 Cantici

1903 5781 2246 5835 canticorum
2276 5771 2389 5847 jam
2429 5778 2702 5835 deducere
2747 5781 2814 5835 ad
2848 5771 3123 5837 orationis
3155 5782 3493 5851 contempla-

1904 5876 2132 5930 tionem.
2177 5874 2238 5928 Et
2273 5873 2506 5949 primum
2539 5875 2759 5945 quidem
2803 5877 3221 5934 consideremus
3263 5877 3370 5933 vim
3419 5875 3494 5928 iu‘
