3874 6392
465 370 569 429 ΤΙΞί

1702 364 1759 419 S.
1789 358 2119 418 GREGOIill
2156 357 2453 421 NYSSENI

3624 364 3729 418 776

465 489 803 561 scriptionis.
834 485 1018 555 Nettue
1049 484 1193 539 enim
1230 482 1357 537 mihi
1399 481 1614 537 videtur
1643 483 1819 538 otiosa
1842 482 2040 536 inscri-

2148 484 2453 553 Σολομῶντι
2469 483 2529 536 τὸ
2552 482 2754 554 βιϐλίον
2780 484 2845 537 ὲκ
2873 458 3295 555 τῆςὲπιγραφῆς
3314 481 3694 536 άνατεθεῖσθαι
3712 499 3725 511 '

465 583 654 649 ptione
690 580 825 633 liber
862 593 987 631 esse
1015 576 1291 645 ascriptus
1345 574 1661 641 Solomoni;
1700 576 1793 629 sed
1850 583 1908 628 ut
1951 574 2044 644 qui

466 671 728 739 legerent,
787 667 1093 736 cogitarent
1134 664 1284 735 quod
1338 680 1595 733 magnum
1655 664 1935 733 quidpiam
1993 672 2045 720 et

462 762 712 816 divinum
774 760 828 812 in
887 758 953 813 iis
982 772 1104 826 qua:
1163 756 1463 822 dicuntur,
1497 757 1865 810 contineatur.
1909 754 2042 809 Nam

463 852 723 920 quoniam
753 849 896 919 apud
924 863 1091 903 unum
1125 862 1418 917 quemque,
1446 856 1531 902 est
1552 862 1645 916 per
1674 846 1877 916 ipsum,
1900 845 2042 914 quod

465 944 580 1013 ipse
610 944 677 997 tle
708 957 767 997 se
801 942 943 1004 tulit,
986 939 1393 1018 testimonium,
1419 938 1652 1007 insignis
1687 939 1808 1006 ejus
1838 938 1909 990 ob
1950 950 2043 992 sa—

463 1036 725 1107 pientiam
750 1034 1069 1088 admiratio:
1108 1046 1169 1085 ea
1199 1031 1267 1085 de
1291 1044 1461 1086 causa
1491 1031 1675 1085 statim
1715 1044 1745 1083 a
1776 1028 2045 1099 prooemio

465 1143 535 1182 no
562 1128 706 1201 uiuis
738 1125 1043 1180 assumitur
1075 1122 1322 1177 mentio:
1355 1129 1417 1176 ut
1446 1122 1517 1176 iis
1559 1122 1651 1190 qui
1699 1122 1907 1191 legunt,
1936 1135 2048 1173 ma-

463 1236 630 1290 guum
661 1218 942 1289 quidpiam
965 1258 979 1280 ,
998 1225 1051 1270 et
1070 1232 1192 1285 quae
1214 1216 1282 1270 de
1307 1230 1372 1268 eo
1398 1214 1627 1269 habetur
1652 1215 1912 1285 opinione
1932 1214 2047 1283 dig-
2082 1210 2091 1229 '

463 1328 616 1371 num,
645 1327 739 1381 per
771 1312 915 1364 hunc
941 1309 1139 1362 librum
1168 1315 1440 1376 speretur.
1467 1306 1752 1372 Quomodo
1776 1314 1959 1360 autem
1987 1304 2043 1359 in

460 1404 691 1458 scientia
745 1402 976 1471 picturae
1017 1400 1263 1469 quzedam
1312 1406 1397 1451 est
1446 1398 1673 1452 omnino
1710 1397 1940 1452 materia
1989 1395 2044 1449 in

461 1495 693 1549 diversis
714 1492 1012 1554 coloribus,
1047 1506 1168 1560 qua:
1209 1488 1458 1542 animalis
1494 1489 1734 1559 complet
1783 1489 2046 1542 imitatio.

465 1603 588 1640 nem
613 1605 625 1639 :
655 1586 745 1654 qui
773 1596 954 1639 autem
988 1583 1185 1652 aspicit
1211 1583 1277 1636 ad
1307 1583 1621 1653 imaginem,
1658 1596 1781 1650 quae
1814 1596 1913 1650 per
1945 1595 2042 1634 co-

465 1682 610 1731 lores
664 1683 780 1730 arte
826 1686 909 1730 est
959 1677 1235 1740 absoluta,
1276 1674 1331 1727 in
1378 1690 1443 1729 ea
1477 1672 1899 1742 contemplanda
1932 1687 2043 1727 non

461 1769 787 1822 immoratur
813 1767 866 1819 in
892 1767 1172 1821 coloribus
1204 1768 1357 1822 illitis
1394 1767 1594 1822 tabula:
1624 1782 1638 1818 :
1677 1765 1774 1820 sed
1799 1767 2043 1819 intuetur

459 1861 527 1912 ad
575 1861 747 1914 solum
802 1858 1031 1912 formam
1081 1873 1246 1928 quam
1288 1860 1566 1913 coloribus
1590 1855 1769 1913 aﬂecit
1800 1856 2039 1913 artifex:
2074 1833 2118 1891 θ

461 1954 533 2005 ita
570 1953 731 2004 etiam
774 1951 1036 2005 convenit
1068 1951 1123 2004 in
1164 1952 1421 2020 praesenti
1448 1950 1751 2021 Scriptura,
1808 1966 1917 2004 non
1959 1951 2043 2005 in-

460 2043 600 2095 tueri
623 2042 690 2095 ad
728 2042 1017 2095 materiam
1050 2042 1300 2095 colorum
1319 2057 1441 2111 quae
1470 2052 1549 2096 est
1579 2042 1635 2095 in
1689 2043 1871 2096 verbis
1892 2082 1905 2106 ,
1944 2041 2043 2097 sed

459 2136 706 2202 aspicere
724 2135 887 2188 veluti
913 2133 980 2187 ad
1011 2132 1307 2203 quamdam
1350 2135 1491 2204 regis
1529 2134 1786 2198 formam,
1819 2150 1941 2203 quae
1986 2136 2041 2187 iu

459 2225 527 2277 iis
557 2223 885 2292 esprimitur
912 2239 1007 2293 per
1042 2238 1208 2292 puras
1247 2225 1445 2279 mentis
1472 2223 1884 2293 conceptiones.
1946 2223 2045 2277 Al-

461 2315 588 2369 hum
618 2316 786 2378 enim,
829 2322 922 2368 aut
953 2313 1187 2377 fulvum,
1223 2325 1315 2367 aut
1366 2315 1605 2383 nigrum,
1655 2325 1749 2368 aut
1792 2316 2043 2378 rubrum,

461 2414 555 2456 aut
591 2406 907 2469 caeruleum,
937 2410 1029 2457 aut
1085 2404 1281 2473 aliquis
1336 2405 1476 2459 alius
1525 2406 1698 2469 color,
1747 2413 1877 2460 sunt
1931 2406 2047 2459 haec

460 2494 649 2561 verba,
690 2496 735 2549 si
770 2504 1087 2565 spectentur
1122 2511 1243 2565 quae
1273 2495 1328 2549 in
1360 2505 1613 2565 promptu
1667 2504 1795 2551 sunt
1833 2496 2044 2567 signiti-

459 2588 728 2652 catioues,
765 2603 958 2657 nempe
993 2603 1076 2651 os,
1107 2596 1160 2642 et
1193 2588 1464 2653 osculum,
1496 2597 1548 2643 et
1585 2598 1945 2659 unguentum,
1991 2580 2044 2645 ét

458 2685 667 2747 viuum,
701 2689 755 2736 et
782 2682 1000 2736 nomina
1034 2681 1424 2744 membrorum,
1455 2693 1505 2736 et
1534 2682 1791 2744 lectulus.
1826 2692 1879 2738 et
1911 2684 2036 2737 ado-

458 2773 797 2835 lcscentulm,
859 2782 913 2827 et
964 2788 1085 2842 qua:
1134 2783 1263 2828 sunt
1313 2773 1651 2843 hujusmodi'.
1700 2773 1831 2841 Qua:
1862 2784 2042 2829 autem

459 2880 556 2934 per
585 2864 701 2918 hme
735 2863 974 2917 el‘licitur
1008 2864 1203 2926 forma.
1237 2872 1320 2918 est
1345 2864 1626 2919 beatitudo
1658 2875 1711 2920 et
1760 2856 2041 2936 impulibi-

459 2948 606 3020 litus,
643 2964 844 3010 etcum
873 2950 984 3010 Deo
1020 2956 1361 3023 coniunctio,
1392 2963 1447 3010 et
1479 2957 1739 3011 alienatio
1785 2972 1814 3010 a
1852 2959 2035 3022 malis,

459 3056 514 3100 et
543 3048 591 3101 ei
624 3044 769 3114 quod
798 3056 880 3101 est
904 3062 1031 3099 vere
1057 3046 1345 3115 pulchrum
1373 3055 1426 3099 et
1461 3047 1661 3101 bonum
1691 3049 2035 3104 assimilatio.

2151 575 2271 628 ἀλλζ
2295 576 2435 628 ὥστε
2487 575 2741 643 γενέσθαι
2790 574 3028 629 διάνοιαν
3060 578 3169 639 τοῖς
3197 574 3612 644 ἐντυγχάνουσι,
3638 573 3729 627 τοῦ

2154 668 2295 737 μέγα
2342 684 2395 720 τι
2435 668 2528 721 καὶ
2559 666 2701 719 θεῖον
2732 669 2788 720 ὲν
2817 671 2927 729 τοῖς
2970 666 3286 737 λεγομένοις
3319 666 3730 737 προσδέχεσθαι.

2164 759 2383 829 Ἐπειδὴ
2405 759 2513 830 γάρ
2533 759 2939 830 ἀνυπέρϐλητόν
2955 761 3071 811 ἐστι
3101 757 3231 827 παρ’
3260 758 3500 828 ἑκάστῳ,
3524 757 3613 809 διὰ
3638 758 3733 826 τῆς

2153 851 2281 921 περὶ
2308 848 2472 902 αὐτοῦ
2504 849 2829 920 μαρτυρίας,
2857 849 2949 901 ἐπὶ
2973 850 3040 918 τῇ
3059 847 3221 917 σοφίᾳ
3235 846 3296 899 τὸ
3321 845 3532 917 θαῦμα,
3547 844 3732 898 τούτου

2149 942 2309 1013 χάριν
2369 941 2530 1004 εὐθὺς
2594 942 2660 994 ἐκ
2711 939 3013 1010 προοιμίων
3046 941 3080 1010 ἡ
3121 937 3215 991 τοῦ
3248 938 3512 1008 ὀνόματος
3548 939 3730 1007 μνήμη

2151 1035 2669 1106 παραλαμϐάνεταιο
2716 1033 2855 1087 ὥστε
2900 1049 2953 1085 τι
2987 1032 3127 1103 μέγα
3165 1032 3258 1084 καὶ
3282 1031 3380 1101 τῆς
3407 1031 3541 1100 περὶ
3572 1026 3732 1082 αὑτοῦ

2149 1127 2306 1198 δόξης
2333 1125 2555 1191 ἐπάξιον
2583 1126 2631 1178 ὲ)
2645 1125 2902 1195 πισθῆναι
2931 1123 3017 1177 διὰ
3049 1120 3143 1176 τοῦ
3178 1121 3381 1193 βιϐλίου
3407 1120 3604 1173 τούτου
3626 1120 3734 1180 τοίς

2150 1217 2589 1287 ἐντυγχάνουσινι
2608 1218 2819 1287 ’Ὠσπερ
2838 1215 2893 1268 δὲ
2917 1213 3059 1268 κατὰ
3090 1212 3185 1284 τὴν
3206 1212 3484 1284 γραφικὴν
3512 1212 3735 1280 ἐπιστή-

2155 1328 2262 1382 μην
2293 1310 2391 1381 ὕλη
2427 1311 2524 1381 μέν
2552 1308 2635 1373 τίς
2676 1310 2792 1362 ἐστι
2844 1308 3056 1371 πάντως
3084 1308 3142 1361 ὲν
3169 1306 3444 1377 διαφόροις
3472 1304 3673 1375 βαφαῖς
3698 1306 3729 1371 ἡ

2152 1403 2547 1475 συμπληροῦσα
2574 1402 2666 1455 τοῦ
2698 1401 2835 1468 ζώου
2877 1402 2973 1473 τὴν
3006 1402 3234 1472 μίμησιν
3257 1419 3270 1433 ο
3302 1402 3330 1452 6
3372 1398 3430 1451 δὲ
3466 1398 3605 1469 πρὸς
3638 1396 3733 1466 τὴν

2150 1494 2333 1547 εἰκόνα
2369 1493 2604 1562 βλέπων,
2628 1494 2728 1564 τὴν
2749 1494 2812 1546 ὲκ
2834 1494 2935 1561 τῆς
2965 1493 3159 1563 τέχνης
3177 1490 3265 1545 διὰ
3292 1491 3399 1544 τῶν
3421 1489 3733 1560 χρωμάτων

2153 1584 2670 1655 συμπληριοθεῖσαν,
2698 1585 2760 1637 οὐ
2788 1588 2906 1645 ταῖς
2934 1581 3386 1653 ὲπιχρωσθείσαις
3416 1580 3499 1648 τῷ
3542 1578 3733 1632 πίνακι

2152 1677 2351 1747 βαφαῖς
2385 1676 2749 1747 ὲμφιλοχωρεί
2784 1676 2861 1746 τῷ
2891 1675 3156 1744 θεάματι*
3186 1673 3319 1727 ἀλλὰ
3350 1672 3484 1742 πρὸς
3503 1671 3569 1724 τὸ
3596 1666 3734 1731 εἶδος

2154 1770 2338 1839 βλέπει
2366 1771 2545 1839 μόνον,
2569 1769 2697 1822 ὃδιὰ
2722 1768 2828 1821 τῶν
2861 1767 3167 1839 χρωμάτων
3187 1767 3216 1819 6
3239 1764 3491 1847 τεχνίτης
3523 1761 3734 1816 ἀνέδει-

2148 1863 2237 1927 ξεν
2266 1878 2279 1891 ⁸
2312 1861 2454 1915 οὕτω
2497 1863 2764 1932 προσήκει
2804 1861 2897 1913 καὶ
2933 1860 3027 1912 ἐπὶ
3069 1860 3170 1929 τῆς
3190 1853 3471 1930 παρούσης
3486 1854 3729 1924 Γραφῆς,

2152 1956 2225 2028 μὴ
2254 1955 2389 2027 πρὸς
2407 1954 2503 2027 τὴν
2535 1953 2786 2041 ὖ).ην.τὴν
2816 1954 2873 2006 ἐν
2899 1954 3009 2014 τοῖς
3040 1952 3245 2021 ῥήμασι
3278 1948 3587 2019 χρωμάτων
3615 1945 3733 2015 βλέ-

2148 2065 2272 2100 πειν
2292 2058 2305 2076 δ
2333 2047 2467 2100 ἀλλὰ
2487 2035 2738 2116 καθάπερ
2766 2061 2817 2096 τι
2841 2040 3116 2113 βασιλείας
3133 2035 3270 2103 εἶδος
3299 2039 3356 2093 ἐν
3381 2038 3565 2100 αὐτοῖς
3603 2035 3734 2090 καθ-

2149 2141 2280 2211 ορᾷν
2300 2139 2360 2193 τὸ
2387 2139 2472 2191 διὰ
2508 2138 2615 2192 τῶν
2661 2136 2915 2208 καθαρῶν
2946 2135 3231 2205 νοημάτων
3264 2130 3538 2187 άνατυποό
3548 2147 3637 2201 με’.
3651 2146 3730 2181 ον.

2148 2229 2354 2284 Λευκὸν
2376 2230 2504 2300 γάρ,
2525 2231 2557 2300 ἢ
2579 2228 2775 2300 ὠχρὸν,
2809 2229 2842 2298 ἢ
2870 2227 3056 2297 μέλαν,
3079 2226 3111 2296 ἢ
3139 2223 3386 2297 ἐρυθρὸν,
3414 2222 3448 2294 ἢ
3478 2222 3731 2277 κυάνεον.

2149 2323 2192 2393 ἢ,
2214 2321 2340 2375 ἄλλο
2388 2338 2440 2374 τι
2487 2320 2685 2391 χρῶμά
2724 2322 2839 2372 ἐστι
2870 2318 2936 2373 τά
2991 2319 3211 2389 ῥήματα
3248 2316 3419 2368 ταῦτα
3457 2312 3605 2367 κατά
3635 2312 3734 2372 τὰς

2151 2414 2472 2485 προχείρους
2503 2411 2789 2483 ἐμφάσεις,
2814 2410 3006 2480 στόμα,
3037 2408 3131 2462 καὶ
3155 2407 3383 2478 φίλημα,
3415 2406 3509 2460 καὶ
3533 2404 3732 2475 μύρον,

2152 2506 2246 2558 καὶ⁸
2271 2501 2436 2573 οἶνος,
2463 2504 2556 2557 καὶ
2578 2502 2647 2555 τὰ
2681 2502 2786 2556 τῶν
2822 2500 2995 2571 μελῶν
3021 2500 3279 2570 ὀνόματα,
3310 2499 3401 2552 καὶ
3427 2497 3610 2566 κλίνη,
3636 2496 3736 2559 καὶ

2151 2597 2406 2660 νεάνιδες,
2433 2598 2527 2650 καὶ
2557 2596 2624 2648 τὰ
2646 2594 2996 2655 τοιαῦτα.σ,⁹Η
3025 2594 3081 2647 δὲ
3100 2593 3187 2646 διὰ
3211 2592 3411 2645 τούτων
3435 2590 3737 2643 ἀποτελου-

2153 2690 2289 2761 μένη
2353 2689 2557 2759 μορφὴ,
2600 2686 2942 2759 μακαριότης
3000 2684 3116 2737 ἐστὶ
3161 2684 3252 2737 καὶ
3283 2682 3532 2745 ἀπάθεια,
3561 2681 3661 2733 καὶ
3699 2681 3734 2749 ἡ

2150 2783 2288 2853 πρὸς
2309 2782 2368 2834 τὸ
2379 2781 2532 2835 Θεῖον
2553 2781 2836 2850 συνάφεια,
2856 2779 3004 2849 καὶὴ
3028 2778 3132 2831 τῶν
3156 2777 3338 2831 κακῶν
3355 2774 3735 2845 ἁλλοτρίωτις,

2152 2873 2246 2925 καὶ
2276 2874 2308 2942 ὴ
2333 2871 2467 2942 πρὸς
2524 2870 2586 2923 τὸ
2626 2869 2795 2932 ὅντως
2828 2868 2990 2922 καλὸν
3027 2868 3118 2921 καὶ
3153 2863 3353 2934 ἀγαθὸν
3386 2862 3734 2931 ἐξομοίωσις.

2137 2964 2337 3023 εἹάὖτά
2391 2965 2505 3016 ἐστι
2559 2962 2626 3015 τὰ
2654 2962 2903 3032 νοήματα
2936 2961 3004 3013 τὰ
3040 2957 3416 3030 μαρτυροῦντα
3455 2953 3527 3021 τῷ
3567 2953 3740 3007 Σόλοι

2154 3055 2325 3127 μώντι
2362 3056 2457 3127 τὴν
2502 3055 2693 3123 σοφίαν
2744 3053 2959 3122 ἐκείνην
2987 3053 3085 3122 τὴν
3140 3049 3569 3120 ὑπερϐαίνουσαν
3605 3046 3741 3108 τοὺς

462 3135 554 3190 Hae
593 3144 722 3190 sunt
752 3135 951 3189 mentis
989 3136 1381 3203 conceptiones
1418 3148 1471 3189 et
1500 3136 1894 3207 intelligentize,
1922 3155 2041 3209 qum

2150 3149 2310 3219 ὄρους
2333 3149 2430 3220 τῆς
2460 3148 2808 3219 ἀνθρωπίνης
2833 3148 3042 3218 σοφίας.
3062 3147 3127 3199 Τί
3149 3144 3256 3216 γὰρ
3281 3143 3345 3197 ἂν
3366 3142 3569 3210 γένοιτο
3602 3140 3742 3193 τοὺ-

462 3226 746 3281 Solomoni
777 3225 961 3280 ferunt
988 3227 1367 3280 testimonium
1388 3228 1456 3282 de
1490 3229 1582 3283 illa
1621 3230 1890 3299 sapientia
1926 3248 2047 3301 qua:

459 3328 756 3389 exsuperat
796 3319 1064 3375 terminos
1096 3320 1349 3373 humanm
1368 3322 1669 3392 sapientiae.
1709 3322 1851 3388 Quid
1897 3324 2045 3378 enim

461 3410 626 3468 fuerit
655 3414 1059 3480 admirabilius,
1092 3428 1258 3483 quam
1300 3425 1354 3468 ut
1403 3424 1656 3469 naturam
1703 3417 1875 3487 ipsam
1924 3418 2046 3471 eili-

460 3504 572 3559 ciat
601 3504 952 3560 aifectionum
982 3522 1208 3562 suarum
1250 3510 1714 3578 expurgatricem,
1758 3509 1887 3563 dum
1953 3525 2048 3577 per

460 3610 522 3648 ea
575 3597 738 3651 verba
788 3611 909 3666 qua:
946 3603 1248 3652 censentur
1293 3614 1414 3653 esse
1443 3600 1600 3667 plena
1638 3598 2045 3664 ali‘ectionibus,

461 3687 705 3756 prmcipit
740 3702 804 3740 ac
836 3686 995 3742 docet
1028 3687 1530 3758 impatibilitatem?
1564 3687 1682 3744 Non
1724 3691 1872 3745 enim
1906 3691 2057 3745 dicit

461 3790 716 3846 Oportere
751 3785 1050 3833 esseaextr‘a
1078 3772 1260 3834 carnis
1301 3784 1484 3835 in0tus
1537 3770 1805 3838 obnoxios
1840 3783 2047 3838 aﬂecti-

463 3868 586 3927 bus,
615 3876 670 3921 et
696 3869 1029 3923 mortilicare
1054 3869 1295 3924 membra
1320 3886 1439 3939 qua:
1465 3879 1595 3925 sunt
1623 3882 1789 3942 snpra
1819 3881 2042 3939 terram,

459 3964 515 4012 et
553 3972 647 4010 ore
671 3974 792 4011 esse
825 3972 1020 4024 purum
1056 3973 1085 4010 a
1113 3961 1298 4014 verbis
1332 3961 1625 4029 patheticis
1658 3981 1670 4014 :
1721 3964 1814 4018 sed
1848 3965 1921 4018 ita
1965 3965 2048 4019 af-

464 4045 576 4097 ﬁcit
607 4045 865 4109 animam,
907 4052 966 4098 ut
1002 4061 1095 4114 per
1118 4061 1179 4099 ea
1214 4063 1334 4115 qua:
1366 4046 1620 4104 videntur
1647 4065 1770 4105 esse
1801 4054 2044 4110 absurda

459 4143 514 4191 et
536 4134 822 4197 indecora,
853 4136 1082 4205 aspiciat
1112 4139 1177 4191 ad
1212 4141 1522 4209 puritatem,
1554 4159 1648 4210 per
1668 4144 1829 4198 verba
1858 4148 2047 4215 pathe-

459 4229 566 4282 tica
603 4228 971 4297 interpretans
1003 4240 1238 4285 mentem
1281 4246 1345 4284 ac
1394 4234 1745 4298 sententiam,
1789 4235 1841 4290 in
1878 4254 2041 4307 quam

459 4330 567 4372 non
609 4318 756 4371 cadit
806 4319 1082 4375 interitus.
1134 4321 1249 4375 Hoc
1298 4322 1517 4391 quidem
1567 4341 1734 4378 unum
1784 4343 1886 4382 nos
1950 4334 2046 4399 per

458 4410 728 4479 pruwmia
775 4408 971 4463 doceat
1025 4411 1223 4474 oratio,
1272 4413 1417 4481 quod
1474 4430 1582 4468 non
1630 4424 1760 4469 sunt
1807 4421 2043 4490 ampliuS

458 4500 709 4555 homines
741 4501 833 4570 qui
867 4501 1316 4569 introducantur,
1355 4504 1421 4559 ad
1457 4506 1620 4577 adyta
1652 4512 2039 4580 mysteriorum
2076 4517 2118 4570 D
2149 4500 2213 4587 τά
2235 4534 2290 4587 θε

454 4591 620 4660 hujus
657 4593 802 4659 libri,
838 4593 932 4647 sed
971 4609 1065 4663 per
1098 4592 1305 4651 Christi
1347 4596 1697 4667 disciplinam
1749 4609 1874 4657 sunt
1919 4612 2033 4658 tra-

454 4681 603 4735 ducti
641 4685 707 4736 ad
742 4683 794 4737 id
830 4685 975 4753 quod
1009 4693 1092 4740 est
1123 4686 1388 4743 divinius.
1429 4688 1585 4745 Sicut
1633 4694 1749 4749 suis
1782 4694 2030 4766 discipu-

456 4772 522 4825 lis
547 4779 779 4825 testatur
808 4772 1072 4837 Verbum,
1108 4777 1252 4846 quod
1285 4790 1469 4833 essent
1500 4781 1720 4839 homine
1754 4788 2028 4847 meliores.

374 4926 380 4935 '
453 4880 593 4930 quos
634 4865 894 4919 discrevit
944 4869 1013 4922 ab
1069 4868 1311 4930 homine,
1369 4888 1489 4941 qua:
1533 4890 1561 4926 a
1611 4874 1839 4931 Domino
1886 4879 2029 4949 apud

456 4958 605 5027 ipsos
648 4957 787 5010 facta
826 4968 910 5013 est
944 4960 1248 5024 distinctio,
1280 4964 1501 5032 quando
1541 4968 1672 5022 dicit
1706 4988 1719 5024 :
1755 4971 1917 5037 Quem
1951 4989 2031 5027 me

362 5098 367 5105 ,
450 5052 633 5102 dirum
664 5064 781 5103 esse
811 5049 1088 5108 homines!
1130 5052 1227 5107 Vos
1252 5064 1425 5109 autem
1456 5075 1607 5128 quem
1642 5078 1722 5114 me
1748 5079 1862 5117 esse
1897 5065 2039 5118 dici—

452 5143 517 5193 tis
537 5142 620 5194 “1’
650 5139 857 5194 Revera
889 5144 1033 5196 enim
1068 5158 1165 5214 per
1196 5147 1310 5201 haec
1336 5150 1523 5211 verba,
1566 5167 1797 5221 quorum
1828 5171 1948 5224 quae
1982 5158 2037 5211 in

451 5238 707 5298 promptu
741 5238 825 5284 est
870 5233 1225 5299 signiﬁcatio,
1269 5238 1477 5293 indicat
1506 5245 1758 5298 carnales
1807 5244 2042 5302 delecta-

450 5320 650 5379 tiones,
708 5336 815 5375 non
871 5323 1133 5381 delabens
1170 5327 1235 5380 ad
1279 5330 1573 5385 obscenam
1620 5335 2033 5403 cogitationem,

452 5403 545 5455 sui
596 5422 779 5460 rerum
819 5410 1132 5467 divinarum
1183 5416 1583 5486 philosophiam
1625 5422 1689 5474 ad
1743 5440 1907 5493 pultas
1938 5428 2033 5481 ιΙο-

453 5492 659 5551 ducens
694 5501 894 5554 mentis
920 5507 1313 5575 conceptiones
1345 5528 1356 5563 :
1392 5511 1632 5565 ostendit
1660 5492 1769 5567 non
1801 5517 2034 5585 amplius

454 5593 576 5635 esse
630 5586 929 5655 hominem,
985 5610 1165 5665 neque
1220 5598 1422 5655 habere
1470 5610 1721 5655 naturatn
1772 5620 1936 5661 carne
1982 5618 2031 5663 et

529 5773 571 5805 "
601 5775 765 5829 Mure.
810 5796 928 5845 vm,
966 5788 1058 5843 ‘27.

2147 3259 2240 3294 του
2268 3242 2718 3313 παραδοξότερον,
2741 3243 2774 3312 ἢ
2801 3242 2863 3295 τὸ
2882 3241 3048 3311 αὐτὴν
3075 3240 3296 3309 ποιῆσαι
3321 3238 3415 3309 τὴν
3437 3235 3602 3304 φύσιν
3626 3236 3740 3288 τῶν

2152 3335 2293 3387 ἰδίων
2339 3336 2677 3406 παθημάτων
2714 3334 3032 3404 καθάρσιον,
3084 3333 3169 3386 διὰ
3211 3330 3317 3385 τῶν
3356 3328 3741 3399 νομιζομένων

2147 3426 2408 3497 ἐμπαθῷν
2464 3426 2721 3498 ῥημάτων
2750 3426 2845 3496 τὴν
2900 3424 3170 3479 ἀπάθειαν
3198 3420 3590 3486 νομοθετοῦσαν
3639 3422 3739 3474 καὶ

2148 3520 2543 3584 παιδεύουσανς
2570 3521 2641 3573 Οὐ
2671 3518 2776 3590 γὰρ
2795 3518 2941 3587 λέγει
2966 3518 3045 3581 τὺ,
3069 3517 3176 3570 δεῖν
3206 3516 3311 3581 ἔξω
3332 3515 3435 3567 τῶν
3465 3515 3560 3584 τῆς
3587 3531 3737 3585 σαρ-

2148 3613 2241 3676 κὸς
2274 3612 2525 3680 γενέσθαι
2562 3610 2878 3682 παθητικῶν
2909 3610 3243 3680 κινημάτων,
3305 3609 3397 3662 καὶ
3428 3607 3737 3676 νεκροῦντα

2145 3705 2214 3758 τὰ
2238 3704 2472 3775 μέλη’τὰ
2497 3704 2590 3756 ἐπὶ
2607 3703 2705 3773 τῆς
2726 3702 2849 3771 γῆς,
2873 3702 2966 3754 καὶ
2998 3700 3318 3773 καθαρεύειν
3355 3700 3469 3780 61:6‘
3484 3698 3596 3752 τῶν
3632 3702 3739 3771 ep-

2148 3798 2337 3851 παθῶν
2374 3797 2632 3868 ῥημάτων
2662 3792 2750 3863 τῷ
2781 3793 3007 3863 στόματι
3026 3811 3041 3824 ο
3074 3793 3187 3846 ἀλλ’
3209 3791 3352 3846 οὕτω
3378 3791 3593 3861 διέθηκε
3632 3794 3733 3865 τὴν

2145 3890 2343 3960 ψυχὴν,
2364 3890 2439 3953 ὡς
2472 3890 2559 3943 διὰ
2594 3889 2703 3943 τῶν
2748 3888 3113 3959 άπεμςραίνειν
3137 3885 3430 3939 δοκούντων
3460 3885 3596 3955 πρὸς
3628 3887 3732 3958 τὴν

2149 3983 2494 4053 καθαρότητα
2534 3981 2774 4052 βλέπειν,
2806 3981 2901 4034 καὶ
2928 3979 3017 4033 διά
3062 3978 3167 4031 τῶν
3200 3977 3460 4048 ὲμπαθῶν
3485 3979 3728 4048 ῥὴτεων,

2146 4076 2245 4144 τὴν
2274 4076 2548 4145 ἀκήρατον
2585 4073 2900 4146 ἑρμηνεύων
2933 4074 3188 4127 διάνοιαν.
3219 4071 3316 4125 Ἕν
3361 4071 3454 4141 μὲν
3476 4069 3537 4140 δὴ
3560 4070 3734 4125 τοῦτο

2145 4167 2235 4220 διὰ
2260 4167 2367 4220 τῶν
2394 4168 2692 4238 προοιμίων
2718 4167 2864 4237 ἡμᾶς
2893 4166 3234 4219 παιδευσάτω
3267 4166 3295 4217 6
3319 4163 3492 4232 λόγος,
3521 4162 3585 4215 τὸ
3620 4182 3733 4235 μη-

2149 4258 2267 4311 κέτι
2298 4258 2613 4328 ἀνθρώπους
2638 4253 2794 4321 εἶναι,
2818 4258 2945 4321 τοὺς
2984 4258 3077 4310 ἐπὶ
3112 4257 3181 4310 τὰ
3210 4256 3377 4311 ἄδυτα
3401 4255 3506 4308 τῶν
3528 4255 3628 4308 τοῦ
3648 4256 3735 4326 βι-

2148 4352 2294 4404 ϐλίου
2316 4351 2506 4404 τούτου
2525 4352 2836 4421 μυστηρίων
2857 4350 3259 4422 εἰσαγομένους,
3277 4349 3409 4404 ἀλλὰ
3429 4366 3732 4421 μεταποιη-

2148 4443 2304 4512 θῆναι
2335 4445 2400 4513 τῇ
2434 4443 2593 4511 φύσει
2636 4442 2724 4496 διὰ
2747 4443 2846 4512 τῆς
2875 4442 2970 4497 τοῦ
3014 4442 3247 4514 Χριστοῦ
3276 4440 3563 4511 μαθητείας
3587 4444 3732 4512 πρὸς

2298 4535 2504 4605 ιὸτερον
2525 4553 2536 4565 ·
2583 4534 2761 4600 καθὼς
2796 4536 3063 4608 μαρτυρεῖ
3095 4542 3203 4597 τοῖς
3242 4534 3428 4589 ἑαυτοῦ
3454 4533 3732 4605 μαθηταῖς

2148 4626 2176 4679 6
2210 4626 2401 4693 Λόγος,
2446 4628 2528 4680 ὅτι
2569 4627 2849 4698 κρείττους
2871 4624 3009 4699 ἦσαν
3050 4627 3082 4698 ἢ
3120 4627 3261 4680 κατὰ
3293 4626 3594 4698 ἄνθρωπον,
3634 4628 3730 4690 οὒς

2147 4716 2414 4787 διέκρινεν
2442 4719 2550 4771 ἀπὸ
2580 4720 2687 4772 τῶν
2707 4706 3338 4792 άνθρὼπωνήγενομένη
3364 4721 3495 4792 πρὸς
3526 4721 3729 4787 animi;

2148 4810 2298 4880 παρὰ
2351 4810 2443 4863 τοῦ
2502 4812 2706 4883 Κυρίου
2732 4812 2999 4883 διαστολὴ,
3034 4816 3121 4867 ὅτε
3163 4815 3296 4885 φησί
3327 4833 3336 4844 '
3372 4816 3508 4867 Τίνα
3531 4831 3610 4882 με
3634 4816 3731 4868 .ιέ-

2145 4919 2361 4970 ret-0w
2389 4906 2441 4956 ei
2475 4904 2769 4972 ἄνθρωποι
2817 4901 3003 4969 sirm;
3043 4907 3227 4975 Ὑμεῖς
3256 4905 3326 4959 δὲ
3362 4906 3493 4958 τίνα
3527 4923 3604 4974 με
3628 4910 3731 4961 ,ἱέ-

2144 5008 2275 5059 rem
2299 4989 2486 5055 sirm;
2526 4995 2738 5063 ἀληθῶς
2763 4995 2870 5067 γὰρ
2901 4996 2974 5059 ὡς
3004 4996 3089 5049 διὰ
3117 5001 3226 5050 τῶν
3262 4997 3515 5051 τοιούτων
3543 5000 3728 5067 ῥημά-

2140 5101 2271 5146 των,
2304 5078 2381 5137 ὦν
2408 5085 2439 5155 ἡ
2484 5085 2769 5158 πρόχειρος
2802 5087 3037 5158 ἔμφασις
3059 5088 3155 5150 τὰς
3195 5088 3489 5158 σαρκώδεις
3517 5087 3726 5158 13622::-

2143 5176 2292 5241 θείας
2326 5177 2716 5236 ἐνδείκνυνται.
2750 5181 2823 5252 μὴ
2856 5181 3274 5235 κατολισθαίνων
3294 5184 3372 5244 είς
3407 5181 3506 5250 τὴν
3534 5182 3712 5251 ῥυπῶν

2145 5284 2245 5320 σαν
2296 5266 2558 5331 διάνοιαν,
2593 5269 2727 5323 ἀλλὰ
2769 5270 2903 5343 πρὸς
2936 5270 3033 5342 τὴν
3064 5271 3170 5323 τῶν
3214 5271 3372 5324 θείων
3401 5271 3727 5340 φιλοσοφίαν

2143 5358 2236 5409 ἐπὶ
2271 5358 2369 5421 τὰς
2398 5357 2644 5428 καθαράς
2676 5361 2918 5424 ἐννοίας,
2953 5360 3041 5414 διὰ
3070 5362 3177 5415 τῶν
3228 5363 3485 5432 ῥημάτων
3517 5360 3725 5414 τούτων

2142 5450 2646 5521 χειραγωγούμενος
2672 5451 2984 5506 δείκνυσιτὺ
3026 5455 3221 5526 μηκέτι
3247 5455 3531 5525 ἄνθρωπος
3556 5448 3724 5521 εἶναι,

2146 5541 2278 5609 μηδὲ
2338 5543 2501 5614 σαρκὶ
2544 5544 2639 5595 καὶ
2694 5545 2887 5613 αἵματι
2937 5546 3397 5615 συμμεμιγμένην
3431 5546 3529 5617 τὴν
3560 5546 3724 5614 φύσιν

2143 5634 2284 5702 ἔχειν
2308 5651 2315 5659 ’
2344 5634 2474 5686 ἀλλὰ
2499 5634 2593 5704 τὴν
2612 5635 2968 5709 ἐλπιζομένην
3090 5638 3377 5692 ἀναστάσει
3414 5639 3521 5691 τῶν
3553 5622 3747 5706 an»sz
