3874 6396
167 442 260 496 777

1209 436 1275 493 ΙΝ
1312 434 1609 491 CANTICA
1647 433 1918 491 CANTIC.
1961 434 2246 490 IIOMILIA
2285 435 2326 491 1.

3302 436 3406 490 773

165 556 297 627 ζωὴν
327 551 710 616 ἐπιδείκνυται,
746 552 1027 621 ίσάγγελος
1053 551 1141 607 διὰ
1166 553 1262 624 τῆς
1284 551 1552 615 ἀπαθείας
1570 550 1723 619 γενό-

1841 550 2095 618 ιιιιιευίιιο
2130 552 2500 617 commistam,
2544 550 2639 606 sed
2681 550 2919 606 ostendit
2966 557 3287 604 sanctorum
3330 552 3404 603 vi-

167 664 334 719 μενος.
387 646 477 709 Ὠς
517 646 627 716 γὰρ
676 645 813 717 μετὰ
857 644 957 716 τὴν
1007 645 1303 699 ἀνάστασιν
1335 644 1396 697 τὸ
1432 645 1529 713 μὲν
1569 642 1729 712 σῶμα

167 735 633 809 μεταστοιχειωθέν
666 736 799 807 πρὸς
837 736 898 788 τὸ
921 736 1217 806 ἄφθαρτον,
1246 738 1312 805 τῇ
1333 735 1477 806 ψυχῇ
1509 733 1600 788 τοῦ
1632 734 1728 787 ἀν-

165 828 369 902 θρώπου
399 827 798 898 συμπλέκεταιο
824 827 893 880 τὰ
917 827 973 881 δέ
1004 827 1098 880 νῦν
1130 827 1219 879 διὰ
1256 829 1457 897 σαρκὸς
1495 827 1625 895 ἡμῖν
1646 826 1729 878 ἐν·

162 917 409 989 οχλοῦντα
436 918 606 988 πάθη,
639 920 750 981 τοῖς
777 917 1024 988 σώμασιν
1052 918 1279 981 ἐκείνοις
1309 918 1369 970 οὐ
1408 917 1729 970 συνανίστα-

164 1028 278 1065 ται*
309 1010 443 1066 ἀλλά
485 1027 569 1073 τις
628 1008 878 1082 είρηνικὴ
910 1010 1240 1073 κατάστασις
1282 1008 1380 1080 τὴν
1401 1008 1545 1079 ζωὴν
1573 1007 1727 1078 ἡμῶν
1769 1059 1781 1072 ,

160 1102 467 1169 διαδέξεται,
501 1102 696 1173 μηκέτι
728 1100 824 1154 τοῦ
872 1102 1217 1172 φρονήματος
1245 1104 1344 1173 τῆς
1366 1101 1566 1173 σαρκὸς
1593 1100 1730 1170 πρὸς

164 1193 253 1265 τὴν
268 1193 439 1264 ψυχὴν
464 1192 865 1259 στασιάζοντος,
895 1193 1030 1264 μηδὲ
1062 1193 1157 1246 τοῦ
1186 1194 1450 1264 ἐμφυλίου
1490 1192 1727 1262 πολέμου

161 1286 244 1340 διὰ
281 1285 389 1339 τῶν
426 1284 694 1356 ἐμπαθῶν
721 1286 1037 1355 κινημάτων
1072 1284 1624 1357 ἀντιστρατευομένου
1651 1283 1731 1355 τῷ

164 1376 301 1447 νόμῳ
326 1374 418 1429 τοῦ
446 1375 585 1440 νοὸς,
618 1377 710 1429 καὶ
730 1374 918 1446 ὥσπερ
943 1372 1286 1445 αἰχμάλωτόν
1313 1392 1431 1428 τινα
1456 1378 1521 1446 τῇ
1546 1376 1723 1446 ἀμαρ-

162 1467 246 1538 τίᾳ
278 1468 639 1537 προσάγοντος
677 1467 775 1537 τὴν
819 1466 1145 1537 ἡττηθεῖσαν
1174 1465 1354 1536 ψυχήν
1380 1482 1393 1495 ⁸
1424 1465 1560 1519 ἀλλὰ
1592 1466 1728 1519 πάν⁴

163 1574 263 1610 των
307 1557 414 1610 τῶν
462 1556 717 1611 τοιούτων
766 1556 1096 1627 καθαρεύσει
1126 1557 1246 1609 τότε
1272 1557 1306 1626 ἡ
1332 1556 1511 1625 φύσις,
1549 1559 1640 1610 καὶ
1672 1557 1730 1610 ἓν

162 1645 223 1698 δι’
266 1645 585 1715 ἀμφοτέρων
612 1643 764 1698 ἔσται
797 1644 857 1697 τὸ
887 1645 1161 1716 φρόνημα,
1189 1644 1291 1715 τῆς
1326 1646 1525 1717 σαρκός
1563 1664 1728 1717 φημι,

164 1737 250 1789 καὶ
275 1736 365 1791 τοῦ
406 1736 731 1807 πνεύματος,
762 1736 941 1804 πάσης
989 1737 1305 1808 σωματικῆς
1332 1737 1618 1802 διαθέσεως
1644 1738 1729 1802 ἐξ·

161 1829 539 1900 αφανισθείσης
587 1830 696 1883 ἀπὸ
722 1830 819 1900 τῆς
851 1828 1065 1898 φύσεως
1084 1845 1100 1861 ·
1133 1830 1273 1883 οὕτω
1297 1829 1726 1899 παρακελεύεται

158 1923 245 1976 διά
275 1921 365 1976 τοῦ
401 1923 607 1993 βιϐλίου
633 1923 824 1977 τούτου
857 1925 887 1976 6
914 1923 1071 1991 λόγος
1107 1924 1222 1986 τοῖς
1247 1924 1517 1987 ἐπαΐουσι,
1543 1922 1647 1976 κᾶν
1670 1924 1729 1975 ἐν
1761 1902 1800 1956 Β

165 2014 318 2085 σαρκὶ
363 2015 569 2085 ζῶμεν,
609 2014 771 2085 μηδὲν
814 2016 925 2078 τοῖς
974 2015 1209 2085 νοήμασι
1241 2014 1375 2085 πρὸς
1406 2015 1575 2085 αὐτὴν
1607 2017 1726 2068 ἐπι-

162 2106 511 2177 στρέφεσθαι·
540 2106 678 2160 ἀλλά
704 2107 797 2160 καὶ
820 2107 957 2177 πρὸς
978 2106 1143 2177 μόνην
1172 2107 1267 2177 τὴν
1289 2106 1466 2177 ψυχὴν
1490 2107 1726 2177 βλέπειν,

160 2198 248 2252 καὶ
265 2198 442 2262 πάσας
460 2198 559 2262 τὰς
586 2198 935 2269 ἀγαπητικάς
952 2198 1155 2252 τούτων
1188 2199 1455 2268 ἐμφάσεις
1484 2198 1731 2270 καθαράς

161 2307 215 2343 τε
244 2292 334 2344 καὶ
362 2290 695 2362 ἀμολύντους
734 2290 1044 2345 ἀνατιθέναι
1088 2290 1168 2361 τῷ
1208 2291 1526 2360 ὑπερέχοντι
1553 2290 1731 2344 πάντα

162 2382 277 2435 νοῦν
303 2382 494 2454 ἀγαθῷ
519 2383 636 2454 Θεῷ
656 2401 670 2419 ’
722 2376 768 2452 ᾧ
804 2383 963 2454 μόνον
1003 2383 1152 2436 ἐστὶν
1192 2383 1268 2445 ὡς
1294 2381 1529 2451 ἀληθῶς,
1560 2380 1730 2450 γλυκύ

163 2490 216 2526 τε
247 2476 337 2529 καὶ
392 2476 726 2547 ἐπιθυμητὸν
759 2477 852 2530 καὶ
892 2475 1153 2546 ἐράσμιον
1180 2492 1192 2505 ·
1215 2470 1275 2529 οὕ
1307 2477 1339 2545 ἡ
1375 2474 1672 2538 ἀπόλαυσις
1696 2476 1732 2545 ή

163 2566 243 2620 ἀεὶ
274 2567 532 2639 γινομένη
561 2567 783 2639 ἀφορμὴ
813 2567 1056 2638 μείζονος
1096 2565 1388 2636 ἐπιθυμίας
1411 2566 1640 2635 γίνεται,
1664 2569 1730 2637 τῇ

164 2659 413 2732 μετουσίᾳ
444 2659 551 2712 τῶν
586 2658 805 2727 ἀγαθῶν
837 2658 929 2711 τὸν
953 2658 1117 2713 πόθον
1141 2658 1601 2711 συνεπιτείνουσα.
1628 2656 1734 2709 Οὕ-

161 2765 262 2811 τως
285 2751 311 2802 6
332 2750 537 2820 Μωσῆς
559 2749 732 2818 ἐφίλει
752 2749 845 2802 τὸν
866 2747 998 2801 Θεὸν
1020 2787 1035 2812 ,
1068 2747 1239 2810 οὕτως
1258 2749 1285 2801 6
1320 2747 1505 2811 Ἠλίας
1522 2762 1536 2775 ’
1560 2746 1733 2812 οὕτως

162 2839 190 2890 ό
221 2839 467 2910 ’ῐωῶννης
497 2839 670 2909 ἐφίλει
695 2839 785 2891 τὸν
811 2836 1045 2908 νυμφίον
1078 2836 1250 2905 λέγων
1280 2854 1294 2869 ο
1346 2838 1397 2889 Ὀ
1431 2837 1591 2905 ἔχων
1619 2836 1734 2905 τὴν

162 2932 393 3000 νύμφην
445 2930 701 3000 νυμφίος
724 2930 927 2985 ἐστίν·
958 2932 991 2982 ὀ
1033 2928 1103 2983 δὲ
1133 2929 1309 2998 φίλος
1336 2929 1442 2981 τοῦ
1472 2922 1734 2998 νυμῄού

166 3022 305 3090 χαρᾷ
342 3023 538 3093 χαίρει
579 3022 678 3076 διὰ
721 3022 838 3089 τὴν
860 3019 1071 3091 φωνὴν
1096 3020 1203 3073 τοῦ
1240 3020 1525 3088 νυμφίου.
1551 3020 1734 3084 Οὕτως

164 3115 191 3165 ὁ
208 3114 399 3186 Πέτρος
434 3114 726 3186 ἐρωτηθεὶς
750 3115 799 3167 εί
817 3114 962 3183 φιλεῖ
983 3113 1075 3166 καὶ
1099 3113 1303 3183 ἀγαπᾷ,
1334 3112 1582 3183 ὁμολογεῖ
1600 3114 1736 3181 μετά

165 3207 489 3278 παρρησίας,
549 3206 725 3274 λέγων
747 3224 758 3235 ·
794 3205 877 3259 Σὺ
905 3202 1093 3271 οἶδας,
1123 3206 1318 3273 Κύριε,
1350 3203 1437 3257 ὅτι
1465 3203 1619 3272 ξριλῶ
1640 3220 1732 3258 σε.
1763 3235 1805 3292 C

165 3294 341 3360 Οὕτως
380 3298 433 3350 oi.
467 3295 644 3349 λοιποὶ
681 3295 966 3349 ἀπόστολοι
993 3312 1005 3324 ·
1049 3294 1222 3359 οὕτως
1249 3297 1278 3348 6
1309 3296 1518 3358 Παῦλος
1539 3298 1567 3349 6
1606 3298 1734 3367 πρὶν

162 3381 408 3456 διώκτης,
442 3385 537 3438 καλ⁵
561 3386 852 3455 ἀγαπήσας
870 3385 929 3438 ὃν
946 3385 1044 3455 οὐχ
1072 3386 1218 3455 ἐώρα
1250 3387 1502 3457 Χριστὸν,
1530 3386 1735 3457 ἔγραφε

164 3471 326 3539 λέγων
355 3492 369 3507 ·
416 3475 803 3545 Ἦρμοσάμην
832 3476 982 3546 ὑμᾶς
1011 3478 1311 3545 παρθένον
1334 3478 1527 3546 ἁγνὴν
1562 3494 1738 3547 παρίιο

166 3563 380 3632 στῆσαι
405 3562 490 3629 τῷ
507 3565 755 3632 Χριστῷ.
775 3564 961 3629 Οὕτως
986 3567 1017 3635 ή
1039 3565 1133 3619 νῦν
1162 3568 1476 3639 Ἐκκλησία,
1500 3571 1532 3640 η
1550 3570 1736 3640 νύμφη

165 3653 251 3709 τὸν
278 3656 511 3726 νυμφίον
538 3655 730 3725 ἐφίλει,
760 3656 902 3709 κατὰ
929 3656 1028 3727 τὴν
1058 3658 1114 3710 ἐν
1142 3657 1219 3728 τῷ
1259 3659 1497 3730 ’ᾼσματι
1532 3661 1737 3732 παρθέ-

169 3760 252 3797 νον
298 3746 394 3816 τὴν
454 3744 718 3814 λέγουσαν
739 3762 751 3775 -
784 3745 1102 3812 Φιλησάτω
1126 3763 1202 3815 με
1230 3748 1348 3800 ἀπὸ
1393 3748 1741 3818 φιλημάτων

168 3836 462 3903 στόματος
486 3833 694 3891 αὑτοῦ.
726 3833 912 3897 Οὕτως
939 3835 966 3886 6
1000 3834 1086 3888 διὰ
1113 3832 1214 3903 τῆς
1234 3834 1375 3889 κατά
1402 3838 1575 3907 στόμα
1604 3855 1741 3906 γινο-

173 3923 329 3994 μένης
353 3926 504 3995 αύτῷ
524 3925 676 3994 παρά
704 3923 798 3978 τοῦ
829 3924 964 3977 Θεοῦ
997 3924 1232 3994 ὁμιλίας,
1264 3925 1446 3999 καθὼς
1476 3924 1745 3999 μαρτυρεῖ

167 4013 199 4081 ἡ
226 4014 435 4087 Γραφὴ,
462 4015 544 4068 ὅτι
569 4017 627 4068 ἐν
649 4015 914 4086 ἐπιθυμίᾳ
941 4014 1144 4085 μείζονι
1166 4015 1275 4068 τῶν
1298 4016 1555 4070 τοιούτων
1584 4018 1743 4089 φιλη-

173 4105 350 4173 μάτων
385 4106 623 4175 ἐγένετο,
649 4105 787 4176 μετά
817 4105 1083 4169 τοσαύτας
1100 4105 1435 4175 θεοφανείας,
1471 4108 1547 4172 ὡς
1579 4111 1744 4180 μήπω

169 4196 490 4267 τεθεαμένος
556 4198 685 4251 ἰδεῖν
736 4196 905 4263 ἀξιῶν
938 4197 1028 4250 τὸν
1074 4196 1424 4268 ποθούμενον.
1482 4200 1667 4265 Οὕτως
1695 4205 1744 4254 οί

170 4281 340 4340 λοιποὶ
359 4289 577 4350 πάντες,
602 4282 685 4349 οἷς
710 4288 739 4339 6
763 4285 904 4349 θεῖος
948 4286 1109 4351 πόθος
1130 4287 1219 4340 διὰ
1259 4287 1455 4357 βάθους
1478 4290 1743 4357 ἐνέκειτο,

169 4375 397 4447 οὐδαμοῦ
425 4378 524 4447 τῆς
556 4376 850 4447 ἐπιθυμίας
873 4377 1111 4439 ἵσταντο,
1146 4380 1253 4431 πᾶν
1274 4379 1334 4431 τὸ
1355 4378 1536 4435 θεόθεν
1564 4383 1748 4447 αὐτοῖς

170 4466 246 4527 εἰς
300 4468 603 4522 ἀπόλαυσιν
661 4466 754 4521 τοῦ
787 4466 1116 4537 ποθουμένου
1147 4470 1449 4539 γινόμενον,
1478 4471 1610 4543 ὕλην
1655 4475 1747 4528 καὶ

1833 649 1942 694 tam
1973 656 2096 709 qua:
2129 651 2384 711 speratur
2417 643 2470 696 in
2508 643 2936 704 resurrectione,
2980 658 3078 711 per
3119 639 3404 710 impatibi-

1833 729 2038 785 litatem
2079 732 2310 789 etIectus
2340 750 2440 804 par
2473 736 2706 805 angelis.
2740 734 3028 801 Quomodo
3065 735 3238 798 enim,
3282 742 3406 803 post

1833 823 2318 890 reﬁurrectionem,
2354 840 2556 895 corpus
2599 826 2820 897 quidem
2871 826 2926 881 in
2974 826 3027 880 id
3072 830 3409 880 transmuta-

1832 919 1947 966 tum
1985 913 2038 966 iu
2071 915 2218 983 quod
2250 931 2361 970 non
2394 917 2544 970 cadit
2573 910 2854 982 interitus,
2889 915 3245 987 conjungitur
3288 914 3409 967 ani—

1831 1018 1934 1057 mae
1964 1003 2203 1060 hominis
2239 1021 2254 1059 :
2286 1017 2633 1076 quaeautem
2671 1026 2816 1064 nunc
2850 1026 2947 1080 per
2975 1023 3197 1064 carnem
3246 1007 3407 1061 nobis

1832 1095 2140 1150 molestiam
2165 1098 2429 1154 exhibent
2451 1101 2620 1154 animi
2646 1100 3112 1170 perturbationes,
3139 1113 3246 1154 non
3271 1113 3376 1151 con
3393 1127 3408 1137 -

1832 1180 2043 1241 sistunt
2093 1188 2147 1242 in
2196 1190 2307 1246 illis
2340 1192 2689 1262 corporibus.
2739 1192 2837 1248 sed
2883 1191 3144 1262 pacificus
3183 1190 3404 1260 quidam

1832 1287 2010 1335 status
2053 1282 2221 1335 vitam
2273 1293 2522 1338 nostram
2573 1285 2832 1354 excipiet,
2886 1284 3173 1354 prudentia
3219 1282 3405 1336 carnis

1830 1382 1939 1422 non
1975 1371 2212 1439 amplius
2264 1372 2589 1429 seditionem
2637 1383 2928 1430 exercente
2974 1375 3238 1430 adversus
3282 1372 3405 1427 ani-

1831 1474 1974 1514 mam
2012 1481 2024 1517 :
2056 1478 2234 1533 neque
2279 1465 2424 1521 bello
2474 1466 2734 1522 intestino
2788 1482 2885 1537 per
2930 1473 3115 1522 motus
3159 1464 3405 1520 affectio-

1832 1566 1962 1605 uum
1994 1563 2333 1624 repugnante
2363 1557 2465 1628 legi
2492 1559 2715 1621 mentis,
2749 1566 2804 1613 et
2833 1568 3093 1628 tanquam
3135 1556 3405 1626 captivam

1833 1648 2061 1708 peccato
2099 1643 2297 1697 victam
2336 1645 2643 1716 adducente
2688 1646 2928 1701 animam
2958 1664 2973 1711 ;
3003 1646 3097 1701 sed
3127 1646 3195 1700 ab
3227 1646 3409 1700 omni-

1832 1733 1936 1789 bus
1965 1736 2234 1804 ejusmodi
2270 1747 2399 1794 tunc
2444 1755 2579 1809 pura
2625 1743 2731 1801 erit
2780 1750 3000 1804 natura,
3031 1753 3086 1796 et
3120 1740 3408 1795 amborum

1832 1838 1941 1877 una
1985 1825 2091 1879 erit
2147 1829 2456 1897 prudentia,
2508 1832 2714 1893 carnis,
2767 1832 3012 1901 inquam,
3055 1838 3109 1885 et
3153 1830 3405 1900 spiritus,

1830 1916 1980 1969 omni
2018 1919 2298 1988 corporali
2323 1920 2611 1977 aﬂ‘ectione
2636 1922 2811 1976 deleta
2839 1937 2903 1976 ex
2939 1933 3169 1985 natura;
3201 1923 3275 1975 ita
3313 1936 3409 1991 per

1830 2007 1979 2063 hunc
2033 2009 2236 2064 librum
2285 2011 2444 2079 jubet
2501 2014 2679 2066 oratio
2745 2013 2814 2068 iis
2871 2013 2964 2083 qui
3023 2011 3293 2073 audiunt,
3349 2019 3410 2065 ut

1829 2101 2045 2156 etiamsi
2067 2103 2120 2155 in
2144 2117 2312 2158 carne
2336 2103 2603 2168 vivamus,
2640 2105 2847 2160 nostris
2878 2103 3309 2174 cogitationibus
3339 2102 3407 2156 ad

1829 2206 1949 2246 eam
2009 2192 2232 2248 minime
2299 2202 2730 2258 convertamur,
2781 2194 2877 2250 sed
2941 2195 3007 2249 ad
3035 2195 3208 2249 solam
3261 2194 3410 2263 aspi-

1831 2284 2044 2339 ciamus
2110 2285 2397 2347 animam,
2458 2293 2512 2338 et
2572 2301 2766 2341 omnes
2823 2286 3139 2341 dilectionis
3198 2286 3410 2356 signiﬁ-

1832 2376 2082 2431 cationes
2157 2393 2324 2446 puras
2383 2387 2437 2432 et
2500 2378 2815 2448 impollutas
2882 2377 3198 2433 dedicemus
3265 2379 3412 2431 bene

1837 2464 1980 2533 Deo,
2028 2467 2118 2537 qui
2179 2482 2396 2523 omnem
2443 2478 2667 2538 superat
2708 2469 3122 2539 intelligentiam
3153 2488 3167 2523 :
3197 2469 3285 2524 cui
3320 2484 3412 2524 so-

1839 2558 1953 2613 lum
1993 2568 2077 2614 est
2108 2575 2297 2614 revera
2341 2561 2487 2630 quod
2532 2561 2695 2615 dulce
2726 2569 2779 2615 et
2803 2560 3111 2629 jucundum
3150 2571 3412 2629 expeten-

1832 2648 2076 2718 dumque
2119 2659 2174 2703 et
2216 2649 2455 2704 amabile
2501 2667 2514 2703 :
2564 2650 2721 2718 cujus
2771 2665 2892 2719 qua:
2946 2664 3163 2718 semper
3196 2648 3413 2702 exstitit

1836 2741 2060 2806 fruitio,
2108 2741 2165 2795 fit
2189 2741 2418 2796 materia
2471 2748 2527 2796 et
2565 2743 2785 2796 occasio
2814 2741 3040 2810 majoris
3069 2738 3410 2808 cupiditatis,

1835 2832 2102 2887 bonorum
2158 2834 2579 2902 participatione
2614 2833 2903 2887 intendens
2939 2816 3296 2895 desiderium.
3333 2831 3410 2891 Ita

1835 2921 2014 2979 Moses
2049 2922 2215 2978 Deum
2244 2924 2546 2993 diligebat;
2572 2925 2645 2978 ita
2676 2923 2844 2988 Elias,
2877 2926 2949 2976 ita
2974 2923 3212 2978 Joannes
3245 2936 3414 2992 spon-

1835 3030 1959 3070 sum
2003 3016 2288 3087 diligebat,
2342 3017 2534 3071 dicens
2556 3017 2642 3069 “z
2683 3016 2787 3082 Qui
2838 3014 2991 3068 habet
3043 3032 3293 3084 sponsam
3337 3026 3414 3069 est

1836 3123 2105 3177 sponsus;
2168 3109 2372 3162 amicus
2433 3116 2609 3161 autem
2676 3108 2856 3175 sponsi
2922 3106 3111 3161 laetitia
3174 3105 3421 3175 afﬁcitur

1837 3209 2048 3267 propter
2091 3216 2363 3269 sponsum.
2420 3199 2495 3255 Ita
2552 3199 2747 3255 Petrus
2789 3208 3014 3269 rogatus
3059 3214 3126 3251 an
3168 3203 3311 3252 amet
3350 3209 3417 3249 ac

1839 3291 2067 3361 diligat,
2118 3292 2289 3346 libere
2338 3302 2392 3346 et
2456 3292 2798 3347 confidenter
2840 3290 3062 3352 fatetur,
3114 3289 3305 3345 dicens
3326 3289 3413 3342 ’τε

1845 3379 2090 3444 Domine,
2118 3390 2174 3433 tu
2200 3382 2305 3436 scis
2331 3382 2471 3452 quod
2503 3398 2622 3435 anno
2671 3391 2739 3435 te.
2800 3380 2875 3435 Ita
2930 3380 3108 3435 caueri
3160 3381 3416 3459 apostoli.

1840 3471 1918 3526 lta
1948 3471 2178 3540 Paulus,
2206 3475 2300 3543 qui
2348 3475 2502 3543 prius
2551 3481 2894 3545 persecutor,
2949 3488 3073 3526 cum
3135 3472 3421 3528 dilexisset

1837 3561 2121 3617 Christum
2153 3579 2315 3633 quem
2348 3580 2458 3619 non
2500 3565 2729 3622 viderat.
2782 3564 3004 3632 scripsit
3039 3564 3267 3617 dicens:
3320 3563 3422 3619 De-

1842 3656 2032 3725 spondi
2063 3672 2152 3709 vos
2184 3656 2437 3726 virginem
2467 3664 2671 3709 castam
2716 3654 2955 3708 exhibere
2999 3653 3213 3708 Christo
3242 3654 3306 3710 “.
3341 3654 3420 3724 l'a

1839 3763 1959 3818 qua:
1988 3761 2135 3801 nunc
2161 3756 2243 3801 est
2273 3747 2544 3809 Ecclesia,
2582 3760 2782 3816 sponsa
2838 3761 3100 3814 Sponsum
3136 3746 3416 3816 diligebat,

1840 3839 2232 3893 convenienter
2257 3839 2304 3894 ei
2330 3839 2527 3910 virgini
2558 3853 2679 3908 quae
2701 3838 2834 3893 dicit
2861 3838 2917 3891 in
2949 3837 3177 3890 Gantico
3205 3855 3218 3903 ;
3252 3836 3414 3892 Oscu-

1844 3928 1981 3981 letnr
2009 3945 2090 3982 me
2116 3930 2297 3983 osculo
2324 3930 2432 3983 oris
2466 3930 2551 3983 sui
2572 3929 2639 3983 ⁸⁸.
2677 3927 2769 3982 Sic
2812 3927 2906 3982 ille
2955 3927 3048 3997 qui
3098 3928 3297 3998 dignus
3337 3934 3422 3981 est

1842 4019 2066 4076 habitus
2091 4036 2216 4075 cum
2251 4021 2361 4077 Deo
2389 4023 2537 4091 loqui
2576 4021 2715 4077 facie
2742 4021 2806 4075 ad
2838 4020 3057 4085 faciem,
3094 4030 3154 4075 ut
3189 4030 3422 4077 testatur

1847 4114 2131 4183 Scriptura
2158 4114 2225 4178 "°,
2258 4115 2529 4181 ejusmodi
2561 4115 2878 4170 osculorum
2907 4113 3103 4185 majori
3140 4114 3422 4169 tenebatur

1845 4204 2142 4268 desiderio,
2200 4213 2492 4273 postquam
2543 4204 2591 4259 ei
2639 4205 2801 4260 toties
2849 4205 2992 4262 Deus
3053 4207 3420 4276 apparuisset,

1848 4309 2049 4365 rogans
2080 4302 2140 4347 ttt
2163 4295 2373 4350 videret
2408 4311 2570 4365 quem
2612 4296 2979 4360 desiderabat,
3029 4297 3258 4367 perinde
3283 4312 3344 4349 ac
3374 4297 3420 4350 si

1847 4402 2128 4455 nunquam
2194 4401 2318 4439 eum
2371 4395 2518 4441 esset
2571 4388 2971 4457 contemplatus
2993 4388 3060 4441 ".
3118 4386 3192 4441 Ita
3243 4388 3421 4442 ca‘tcri

1849 4494 2040 4532 omnes
2068 4492 2304 4547 quorum
2355 4478 2600 4531 divinum
2654 4478 2989 4533 desiderium
3046 4478 3318 4533 insidebat
3369 4481 3426 4532 in

171 4554 500 4631 ὑπέκκαυμα
540 4561 638 4629 τῆς
682 4558 1046 4651 σφοδροτέρρς
1082 4559 1375 4629 ἐπιθυμίας
1413 4564 1737 4636 ποιούμενοι.

1854 4568 1979 4623 imis
2005 4568 2396 4637 penetralibus.
2445 4584 2726 4638 nunquam
2761 4584 2921 4623 suum
2962 4570 3235 4635 satiarunt
3277 4568 3426 4622 desi-

172 4646 401 4713 derium,
434 4649 702 4720 quidquid
741 4650 823 4705 eis
855 4646 1120 4704 divinitus
1150 4651 1456 4717 eveniebat,
1494 4670 1604 4723 quo
1653 4656 1972 4713 fruerentur
2007 4674 2072 4712 eo
2112 4659 2205 4728 qui
2255 4658 2691 4724 desiderabatur,
2762 4660 3045 4720 materiam
3099 4660 3427 4730 arripientes

170 4748 224 4793 et
252 4741 498 4797 fomitem
536 4742 763 4811 majoris
800 4742 1086 4799 desiderii.

243 4836 456 4906 Ὥσπερ
497 4836 560 4907 δὴ
593 4837 689 4889 καὶ
729 4835 821 4890 νῦν
866 4838 900 4907 ἡ
940 4837 1016 4906 τῷ
1044 4837 1167 4907 Θεῷ
1196 4842 1573 4913 συναπτομένη
1603 4844 1749 4915 ψυχὴ

170 4924 482 4997 ἀκορέστως
517 4927 630 4998 ἔχει
661 4928 759 4996 τῆς
792 4926 1144 4991 ἀπολαύσεως
1165 4944 1180 4959 ·
1216 4929 1327 4998 ὅσῳ
1369 4930 1751 5005 δαψιλέστερον

174 5016 494 5084 ἐμφορεῖται
530 5017 629 5086 τῆς
668 5016 1053 5080 ἀπολαύσεως,
1102 5019 1351 5071 τοσοῦτον
1399 5021 1752 5093 σφοδρότερον

173 5109 281 5170 τοῖς
310 5107 499 5172 πόθοις
527 5109 870 5178 ἀκμάζουσα,
915 5110 1131 5179 Ἐπειδὴ
1164 5110 1273 5180 γὰρ
1306 5111 1376 5164 τὰ
1412 5113 1634 5184 ῥήματα
1657 5114 1752 5167 τοῦ

175 5204 428 5270 νυμφίου,
468 5204 684 5273 πνεῦμα
722 5204 816 5256 καὶ⁸
849 5200 961 5274 ζωή
990 5206 1139 5268 ἐστι,
1181 5205 1286 5267 πᾶς
1318 5204 1375 5258 δὲ
1415 5207 1445 5257 6
1476 5205 1553 5276 τῷ
1586 5207 1750 5260 πνεύν

179 5306 305 5358 ματι
341 5293 686 5362 κολλώμενος
718 5292 937 5361 πνεῦμα
962 5294 1196 5361 γίνεται,
1231 5294 1325 5347 καὶ
1348 5296 1378 5347 ὁ
1409 5300 1477 5368 τῇ
1495 5297 1607 5369 ζωῇ
1628 5313 1754 5351 συν-

171 5382 481 5452 απτόμενος
536 5379 643 5435 ἀπὸ
712 5382 944 5437 θανάτου
978 5386 1059 5447 είς
1105 5384 1200 5454 τὴν
1231 5382 1377 5456 ζωὴν
1417 5387 1750 5455 μεταδαίνει,

175 5469 317 5523 κατά
345 5470 448 5541 τὴν
481 5471 576 5523 τοῦ
604 5472 809 5540 Κυρίου
848 5473 1032 5541 φωνήν
1054 5485 1066 5498 ⁸
1103 5472 1190 5525 διὰ
1210 5470 1367 5525 τοῦτο
1397 5474 1553 5527 ποθεί
1583 5492 1755 5546 προσ-

177 5561 396 5629 εγγίσαι
427 5561 526 5630 τὴν
572 5561 749 5633 ψυχὴν
790 5566 854 5633 τῇ
882 5567 1027 5632 πηγῇ
1061 5564 1158 5633 τῆς
1205 5566 1585 5634 πνευματικῆς
1611 5566 1755 5637 ζωῆς

247 5763 291 5794 ³⁸
312 5761 479 5815 Joan.
512 5779 594 5825 ιιι,
622 5763 712 5815 9.9.
807 5763 852 5797 ⁸⁷
882 5761 1041 5816 Joan.
1079 5779 1190 5827 nl,
1220 5764 1306 5817 l5.

181 5846 375 5893 sum,
410 5833 496 5885 18.
576 5834 621 5863 ⁹²
649 5833 806 5887 Joan.
842 5849 894 5897 v,
926 5832 1016 5887 64.

510 5928 774 5986 Parnm.
837 5927 955 5987 Gtt.
990 5926 1205 5986 XLIV.

1922 4838 2211 4905 Quomodo
2233 4840 2395 4893 etiam
2420 4854 2541 4909 quae
2563 4856 2709 4895 nunc
2748 4856 2968 4917 quoque
3001 4842 3110 4897 Deo
3142 4843 3429 4914 conjungi-

1853 4938 1944 4984 tur
1981 4931 2184 4997 animo,
2217 4932 2407 4986 satiari
2439 4946 2549 4987 non
2589 4941 2770 5003 potest
2800 4933 3082 4998 fruitione,
3108 4952 3217 5004 quo
3249 4937 3430 5005 copio-

1856 5021 1973 5077 sius
2007 5023 2269 5078 fruitione
2300 5024 2577 5094 impletur,
2598 5040 2663 5080 eo
2690 5026 3086 5081 vehementiori
3112 5027 3302 5096 vigens
3330 5026 3429 5079 de-

1856 5117 2078 5172 siderio.
2106 5115 2245 5182 Quia
2292 5117 2439 5171 enim
2486 5118 2651 5175 verba
2702 5116 2890 5187 sponsi
2933 5116 3158 5187 spiritus
3208 5124 3335 5170 sunt
3376 5122 3432 5169 et

1857 5209 2054 5272 vita",
2087 5208 2402 5278 quicunque
2428 5216 2608 5271 autem
2633 5209 3049 5280 conglutinatur
3094 5208 3336 5277 spiritui,
3376 5207 3434 5260 fit

1859 5298 2120 5369 spiritus;
2148 5308 2201 5353 et
2224 5300 2315 5369 qui
2346 5299 2467 5354 vitae
2486 5300 2862 5371 conjungitur,
2886 5299 3087 5353 transit
3110 5314 3138 5351 a
3165 5308 3341 5352 morte
3366 5298 3431 5352 ad

1856 5388 2046 5449 vitam,
2075 5398 2443 5456 congruenter
2467 5384 2583 5445 voci
2616 5389 2834 5444 Domini
2865 5407 2879 5453 ;
2907 5398 3195 5459 propterea
3226 5390 3439 5445 deside-

1859 5486 1942 5532 rat
1959 5479 2400 5550 appmpinquare
2422 5481 2660 5535 animam
2676 5482 2809 5537 fonti
2823 5484 2946 5537 vita:
2963 5481 3265 5552 spiritualis
3284 5481 3440 5549 virgo

1859 5569 2059 5623 anima.
2084 5568 2230 5626 Fons
2251 5579 2432 5626 autem
2456 5577 2541 5626 est
2569 5587 2632 5627 os
2659 5572 2870 5641 sponsi,
2900 5572 3057 5629 unde
3080 5571 3436 5625 scaturientia

1401 5768 1448 5795 ⁸⁸
1467 5767 1506 5819 ΙΙ
1545 5768 1672 5822 Cor.
1705 5784 1733 5821 x

1846 5809 1857 5821 .
1937 5770 1982 5802 ⁶¹
2003 5769 2163 5826 Cant.
2190 5774 2307 5840 1,1.
2341 5790 2462 5839 sqo.
2540 5775 2585 5807 ’°
2609 5774 2762 5829 Deut.
2806 5788 2996 5838 xxxiv,
3032 5773 3118 5828 10.
3187 5772 3231 5803 ⁹¹
3262 5771 3438 5827 Exod.
