3874 6388
552 413 655 472 779

1810 414 1866 467 S.
1903 414 2234 469 GREGORII
2266 410 2556 473 NYSSENI

3696 423 3787 476 789

548 534 714 586 verba
748 530 870 582 ι’ἱιςυ
897 535 1109 582 acterna:
1155 526 1380 596 implent
1414 541 1477 583 os
1511 542 1574 583 ea
1605 526 1883 581 attrahens
1905 565 1921 593 ,
1973 528 2103 583 sicnl

2218 533 2252 601 ή
2292 530 2555 602 παρθένος
2579 529 2745 601 ψυχή.
2806 522 2958 583 ’11δέ
2998 531 3145 601 πηγή
3176 533 3291 582 ἐστι
3332 529 3427 583 τοῦ
3460 531 3697 602 νυμφίου
3738 535 3791 586 τέ

546 622 779 677 faciebat
816 619 1082 689 Propheta
1122 634 1220 689 per
1246 634 1310 675 os
1349 620 1572 675 trahens
1597 619 1853 690 spiritum
1881 620 1950 675 ⁸³.
1975 612 2117 686 Quia

545 728 675 783 ergo
702 719 917 781 oportet
944 726 1007 765 os
1063 710 1353 765 admovere
1398 725 1553 779 aqua:
1606 725 1756 775 eum,
1797 710 1892 779 qui
1929 719 2116 780 potum

545 803 776 856 attrahit
794 818 861 857 ex
883 804 1032 858 fonte
1059 821 1071 856 :
1100 801 1224 858 fons
1247 813 1424 857 autem
1451 812 1536 857 est
1560 802 1823 857 Dominus
1845 805 1938 874 qui
1956 804 2114 871 dixit,

547 891 607 946 Si
625 891 893 961 quissitit,
915 893 1084 946 ceniat
1102 893 1169 945 ad
1200 909 1280 946 me
1301 902 1349 947 et
1375 892 1517 946 bibat
1534 892 1602 959 ",
1621 904 1909 964 prepterea
1935 894 2117 948 anima

543 987 659 1040 vult
697 987 780 1041 ori
845 987 1009 1043 vitam
1045 986 1368 1042 scaturienti
1434 1001 1499 1041 os
1556 1001 1717 1040 suum
1784 984 2074 1038 admovere
2097 1022 2124 1049 ,_

542 1077 733 1133 dicens
760 1096 773 1132 :
804 1075 1088 1132 Osculetur
1117 1093 1197 1130 me
1229 1077 1410 1131 osculo
1433 1078 1539 1131 oris
1567 1077 1652 1131 sui
1676 1094 1696 1140 ;
1723 1084 1777 1131 et
1803 1075 1897 1145 qui
1928 1074 2112 1128 omni-

545 1169 647 1223 Lus
682 1177 894 1223 scatere
926 1167 1054 1222 facit
1080 1167 1271 1232 vitam,
1297 1179 1350 1223 et
1378 1170 1492 1222 vult
1520 1182 1711 1223 omnes
1745 1181 1869 1221 esse
1904 1166 2113 1229 salvos,

542 1259 815 1314 neminem
837 1258 953 1313 vult
983 1273 1177 1314 eorum
1203 1259 1295 1328 qui
1330 1258 1468 1313 salvi
1499 1257 1655 1322 fiunt,
1681 1271 1805 1313 esse
1832 1264 2112 1327 expertem

537 1346 706 1415 hujus
728 1347 903 1402 osculi
935 1355 1059 1412 ;est
1088 1348 1235 1401 enim
1261 1346 1384 1415 ejus
1410 1348 1662 1401 osculum
1693 1355 2112 1415 purgamentum

544 1438 794 1507 cujusvis
826 1438 1027 1495 sordis.
1050 1436 1419 1503 Quamobrem
1448 1438 1581 1491 mihi
1606 1436 1821 1492 videtur
1848 1436 2112 1491 Dominus

540 1529 646 1585 hoc
671 1530 1005 1600 exprobrare
1036 1529 1247 1585 Simoni
1280 1530 1520 1600 leproso,
1557 1528 1813 1585 Osculum
1840 1526 1970 1580 mihi
2005 1542 2112 1580 non

538 1622 731 1676 dedisti
761 1623 829 1675 ".
859 1623 1064 1676 Revera
1101 1621 1246 1685 enim
1291 1618 1485 1675 fuisset
1518 1618 1812 1674 mundatus
1855 1617 1925 1672 ab
1958 1617 2113 1686 πει-ἱ-

539 1713 751 1778 tudine,
777 1712 823 1768 si
848 1726 944 1767 ore
967 1711 1285 1767 attraxisset
1305 1712 1623 1783 puritatem.
1646 1710 1752 1766 Sed
1778 1710 1867 1765 ille
1890 1709 2110 1780 quidem

537 1805 733 1860 merito
771 1804 826 1859 id
852 1820 960 1860 non
993 1811 1079 1861 est
1127 1810 1413 1874 expertus,
1447 1811 1508 1858 ut
1559 1803 1720 1873 cujus
1772 1817 1903 1858 caro
1943 1814 2111 1871 supra

2223 622 2434 692 στόμα,
2495 620 2616 674 ὅθεν
2648 621 2719 673 τὰ
2771 622 2990 691 ῥήματα
3041 621 3144 691 τῆς
3193 621 3415 675 αἰωνίου
3469 621 3622 693 ζωῆς
3670 625 3788 677 ἀναν

2220 712 2452 784 ϐρύοντα
2493 712 2690 782 πληροῖ
2740 710 2801 764 τὸ
2844 712 3018 782 στόμα
3064 712 3126 765 τὸ
3173 710 3564 782 ἐφελκόμενον,
3619 712 3788 773 καθὼς

2218 802 2390 855 ἐποίει
2410 802 2743 873 ὁΠροφήτης
2768 800 2856 854 διὰ
2879 800 2972 854 τοῦ
2997 801 3263 871 πόματος
3289 801 3464 855 ἕλκων
3476 802 3543 855 τὺ
3557 802 3786 871 πνεῦμα.

2230 890 2445 962 Ἐπειδὴ
2478 890 2654 946 τοίνυν
2695 891 2799 962 χρὴ
2847 891 3161 962 προσθεῖναι
3196 892 3256 945 τὸ
3303 893 3481 964 στόμα
3525 892 3610 962 τῷ
3650 892 3790 945 ὕδατι

2216 982 2308 1035 τὸν
2335 984 2398 1035 ἐκ
2440 982 2541 1052 τῆς
2590 986 2771 1053 πηγῆς
2818 982 2981 1035 ποτὸν
3017 983 3416 1052 ἐφελκόμενον,
3468 982 3627 1054 πηγὴ
3665 983 3720 1034 δὲ
3765 984 3790 1034 6

2216 1072 2420 1142 Κύριος
2448 1075 2478 1126 6
2505 1072 2671 1126 είπών
2695 1090 2710 1104 ⁸
2735 1073 2808 1126 El
2826 1091 2916 1139 τις
2938 1072 3108 1141 διψᾷ,
3131 1073 3396 1143 ἐρχέσθω
3417 1074 3576 1141 πρός
3600 1090 3683 1142 με
3704 1075 3789 1127 καί

2215 1162 2463 1217 πινέτω’
2496 1164 2585 1218 διὰ
2631 1163 2791 1218 τοῦτο
2820 1166 2856 1236 ἡ
2900 1164 3049 1235 ψυχὴ
3080 1166 3449 1237 προσαγαγεῖν
3483 1164 3548 1217 τὸ
3593 1164 3787 1233 ἑαυτῆς

2216 1256 2391 1327 στόμα
2436 1254 2511 1326 τῷ
2542 1256 2640 1326 τὴν
2678 1255 2823 1328 ζωὴν
2874 1258 3175 1328 πηγάζοντι
3210 1256 3442 1327 στόματι
3503 1254 3785 1326 βούλεται,

2212 1347 2444 1416 λέγουσα
2469 1364 2484 1377 ⁸
2519 1346 2834 1415 Φιλησίίτω
2849 1364 2926 1416 με
2958 1348 3078 1401 ἀπὸ
3115 1345 3236 1400 τῶν
3270 1344 3636 1416 φιλημάτων
3664 1347 3788 1398 στό-

2208 1454 2398 1509 ματος
2445 1438 2668 1492 αὐτοῦ·
2726 1439 2820 1491 καὶ
2866 1440 2893 1491 6
2932 1441 3065 1492 πᾶσι
3098 1438 3198 1510 τὴν
3246 1438 3391 1509 ζωήν
3435 1436 3649 1508 βρύων,
3704 1437 3785 1490 καὶ

2213 1529 2421 1593 πάντας
2453 1529 2695 1599 σωθῆναι
2722 1528 2913 1595 θέλων,
2950 1529 3142 1583 οὐδένα
3181 1527 3428 1599 βούλεται
3466 1528 3584 1581 τῶν
3630 1527 3784 1592 σωζο-

2215 1621 2391 1693 μένων
2420 1619 2514 1674 τοῦ
2551 1619 2793 1674 τοιούτου
2842 1619 3143 1690 φιλήματος
3175 1615 3315 1672 εἶναι
3345 1619 3624 1690 ἀμέτοχον
3648 1635 3663 1649 ν
3694 1634 3785 1671 κα-

2212 1712 2435 1783 θάρσιον
2476 1710 2586 1783 γάρ
2612 1713 2728 1764 ἐστι
2773 1710 2944 1782 ῥύπου
2990 1710 3191 1775 παντὸς
3229 1709 3388 1763 τοῦτο
3430 1710 3496 1762 τὸ
3551 1708 3779 1778 φίλημα.

2210 1803 2303 1857 Διό
2337 1820 2427 1873 μοι
2455 1802 2602 1857 δοκεῖ
2630 1802 2709 1874 τῷ
2739 1801 2926 1875 λεπρῷ
2976 1802 3180 1874 Σίμωνι
3206 1802 3270 1856 τδ
3301 1801 3548 1877 τοιοῦτον
3602 1800 3781 1853 ὀνειδι-

538 1897 763 1951 rnodum
794 1897 1132 1953 excrevisset
1158 1911 1254 1967 per
1283 1896 1561 1963 morbum,
1606 1895 1677 1950 ob
1704 1909 1859 1951 suam
1896 1893 2103 1964 cupidi-

2213 1895 2412 1958 πικῶς
2454 1894 2750 1966 προφέρειν
2796 1896 2825 1949 6
2870 1893 3103 1965 Κύριος,
3134 1895 3215 1948 ὅτι
3264 1891 3505 1961 Φίλημά
3537 1909 3649 1960 μοι
3679 1891 3780 1943 οὐκ

535 1998 700 2045 tatem
732 1990 806 2044 ita
840 2003 1102 2054 manens,
1134 1996 1196 2043 ut
1225 1989 1497 2043 exinaniri
1533 2003 1641 2044 non
1674 1997 1856 2059 posset
1885 2002 1916 2041 a
1951 1986 2105 2041 vitio.

530 2080 733 2136 Anima
765 2087 948 2136 autem
1006 2088 1309 2152 expurgata
1350 2079 1420 2135 ab
1475 2080 1627 2135 omni
1674 2079 1884 2133 carnali
1930 2078 2104 2147 lepra,

533 2188 655 2244 quae
691 2172 995 2228 luminibus
1041 2173 1165 2242 ejus
1194 2170 1413 2237 obiciat,
1456 2171 1652 2242 aspicit
1681 2170 1950 2225 bonorum
1985 2169 2107 2223 the-

534 2280 796 2323 saurum:
823 2265 1090 2320 thesauro
1120 2272 1301 2319 autem
1330 2278 1529 2317 nomen
1560 2271 1645 2318 est
1690 2276 1805 2316 cor.
1835 2259 2107 2330 Pmpheta
2152 2302 2159 2313 .

533 2371 757 2427 quoque
785 2356 1016 2426 rogabat
1044 2363 1106 2409 ut
1140 2355 1248 2410 sibi
1284 2355 1565 2410 crearetur
1602 2369 1698 2409 cor
1744 2351 2007 2407 mundum
2037 2351 2105 2417 ",

536 2462 565 2501 a
596 2461 708 2517 quo
734 2446 820 2500 lac
844 2446 1091 2500 divinum
1118 2445 1501 2516 suppeditatur
1532 2445 1790 2500 uberibus
1814 2485 1830 2511 ,
1870 2460 1981 2514 quo
2007 2459 2109 2498 nu-

537 2538 700 2592 tritur
724 2538 907 2592 anima
928 2577 943 2600 ,
975 2536 1371 2592 convenienter
1402 2537 1743 2607 proportioni
1786 2536 1909 2592 ﬁdei
1936 2543 2108 2590 attra-

534 2633 672 2685 hens
693 2628 946 2699 gratiam.
988 2628 1354 2696 Quamobrem
1377 2629 1553 2685 dicit:
1602 2628 1754 2685 Bona
1781 2640 1903 2684 sunt
1943 2630 2106 2685 ubera

534 2729 627 2775 tua
655 2735 822 2789 supra
848 2721 1029 2774 vinum
1050 2759 1066 2785 ,
1100 2735 1166 2776 ex
1217 2722 1316 2775 loci
1369 2721 1638 2791 positione
1690 2735 1786 2790 per
1815 2720 1983 2775 ubera
2010 2735 2107 2775 cor

532 2811 695 2866 tacite
726 2812 1067 2883 signiﬁcans.
1097 2811 1335 2868 Omnino
1379 2820 1561 2867 autem
1598 2810 1691 2881 qui
1739 2825 1837 2866 cor
1880 2811 2103 2881 quidem

531 2903 804 2958 occultam
852 2911 907 2958 et
927 2918 1184 2958 arcanam
1214 2902 1521 2959 divinitatis
1549 2904 1802 2962 virtutem
1829 2902 2104 2972 intelligit,

532 3010 645 3050 non
679 2993 906 3049 errabit.
954 2994 1133 3049 Ubera
1182 3002 1362 3049 autem
1402 2994 1582 3049 bonas
1631 2993 1830 3049 divina:
1883 2994 2105 3049 virtutis

533 3098 634 3152 pro
663 3081 825 3152 nobis
846 3082 1194 3151 Operationes
1221 3082 1414 3135 merito
1442 3097 1737 3151 possumus
1766 3082 2101 3145 existimare,

402 3160 423 3179 ’
532 3188 629 3243 per
656 3186 797 3242 quas
830 3171 1266 3241 uniuscujusque
1294 3172 1461 3226 vitam
1492 3180 1753 3241 tanquam
1790 3173 1975 3228 nutrix
2006 3174 2103 3226 alit

2208 1986 2455 2051 ἔδωκας.
2486 1981 2566 2039 Ἦ
2591 1986 2700 2057 γάρ
2730 1986 2798 2041 ἂν
2823 1984 3165 2057 ἐκαθαρίσθη
3189 1982 3283 2038 τοῦ
3314 1981 3525 2046 πάθους
3552 1981 3641 2053 τῷ
3671 1980 3779 2033 στό-

2211 2093 2342 2147 ματι
2375 2075 2591 2139 σπάσας
2633 2075 2732 2147 τὴν
2761 2074 3125 2145 καθαρότητα.
3169 2073 3307 2126 Ἀλλ’
3335 2074 3547 2134 ἐκεῖνος
3576 2070 3682 2141 μὲν
3712 2070 3780 2122 εί-

2207 2168 2381 2230 κότως
2427 2166 2725 2238 ἀνέραστος
2760 2161 2849 2237 ἦν,
2895 2163 3319 2237 ὑπερσαρκήσας
3359 2163 3446 2216 διὰ
3479 2162 3585 2232 τῆς
3626 2160 3777 2213 νόσου

2206 2258 2345 2330 πρὸς
2372 2258 2471 2329 τὴν
2501 2257 2709 2312 οἰκείαν
2750 2256 3068 2328 ἐπιθυμίαν,
3101 2255 3278 2327 μένων
3304 2254 3410 2308 ὑπὸ
3442 2252 3545 2306 τοῦ
3576 2251 3777 2313 πάθους

2206 2350 2499 2412 ἀκένωτος.
2572 2349 2636 2402 Ἦ
2695 2347 2751 2401 δὲ
2808 2346 3195 2417 κεκαθαρμένη
3245 2344 3394 2415 ψυχὴ
3419 2381 3436 2407 ,
3507 2340 3781 2411 μηδεμιᾶς

2209 2437 2519 2509 σαρκώδους
2549 2436 2755 2508 λέπρας
2803 2435 3268 2506 ἐπιπροσθούσης,
3308 2433 3499 2503 βλέπει
3534 2432 3632 2485 τὸν
3676 2431 3778 2484 τῶν

2205 2528 2426 2597 ἀγαθῶν
2446 2527 2718 2598 θησαυρόν
2736 2545 2748 2557 ·
2777 2527 2947 2597 ὄνομα
2963 2527 3019 2580 δέ
3050 2528 3167 2579 ἐστι
3191 2525 3267 2597 τῷ
3296 2522 3558 2596 θησαυρῷ
3581 2525 3619 2594 ἡ
3642 2538 3775 2591 καρ-

2206 2620 2313 2673 δία.
2372 2620 2482 2674 Καὶ
2522 2621 2551 2672 6
2599 2619 2888 2689 Προφήτης
2928 2616 3174 2687 καθαρὰν
3227 2614 3511 2685 κτισθῆναι
3548 2613 3777 2684 καρδᾱιν

2206 2708 2529 2780 παρεκάλει,
2559 2705 2651 2775 ἀφ’
2683 2701 2750 2777 ἦς
2778 2708 2895 2759 ἐστι
2939 2708 3050 2769 τοῖς
3101 2705 3287 2775 μαζοῖς
3323 2706 3356 2774 ὴ
3404 2703 3641 2775 χορηγία
3684 2702 3775 2754 τοῦ

2206 2799 2349 2853 θείου
2377 2798 2645 2867 γάλακτος
2664 2834 2679 2860 ,
2708 2790 2754 2864 ᾧ
2778 2797 3037 2868 τρέφεται
3068 2800 3103 2866 ή
3135 2794 3311 2866 ψυχὴ,
3345 2793 3485 2847 κατά
3510 2792 3611 2863 τὴν
3642 2793 3775 2846 ἀνα-

2205 2891 2388 2959 λογίαν
2411 2891 2510 2959 τῆς
2537 2888 2773 2952 πίστεως
2800 2887 3140 2959 ἐφελκομένη
3168 2888 3266 2956 τὴν
3294 2886 3469 2957 χάριν.
3494 2883 3593 2937 Διά
3618 2883 3778 2936 τοῦτό

2205 3000 2369 3053 φησιν
2392 3024 2407 3047 ι
2438 2982 2521 3035 ὅτι
2562 2980 2784 3051 Ἀγαθοι
2815 2984 2868 3034 οἱ
2895 2979 3121 3049 μασθοί
3147 2995 3262 3033 σου
3292 2977 3441 3045 ὑπὲρ
3469 2973 3638 3030 οἶνον
3658 2993 3673 3006 ·
3708 2977 3779 3028 ὲκ

2204 3074 2305 3144 τῆς
2349 3073 2577 3143 τοπικῆς
2625 3071 2828 3135 θέσεως
2879 3070 2968 3124 διὰ
3004 3070 3112 3124 τῶν
3167 3069 3352 3140 μαζῶν
3395 3069 3494 3139 τὴν
3544 3066 3777 3138 καρδίαν

2206 3164 2673 3235 ὑποσημαίνουσα.
2706 3160 2933 3225 Πάντως
2949 3161 3006 3214 δὲ
3028 3160 3253 3231 καρδίαν
3282 3160 3379 3231 μὲν
3404 3159 3502 3230 τὴν
3526 3174 3781 3227 κεκρυμ-

534 3262 679 3320 Deus
703 3302 719 3328 ,
744 3262 1049 3332 unicuique
1077 3277 1265 3317 eorum
1305 3262 1400 3333 qui
1428 3263 1734 3333 accipiunt,
1770 3268 2103 3321 conveniens

2212 3256 2381 3328 μένην
2404 3273 2464 3309 τε
2499 3254 2594 3308 καὶ
2621 3254 2933 3325 ἀπόρρητον
2958 3253 3059 3323 τῆς
3090 3252 3340 3322 θεότητος
3368 3250 3592 3318 δύναμιν
3632 3248 3779 3301 νοῶν

531 3353 770 3424 largiens
800 3352 1221 3406 nutrimentum.

2207 3366 2291 3410 τις
2364 3348 2463 3418 οὐχ
2493 3346 2904 3417 ἁμαρτήσεται·
2949 3343 3151 3416 μαζοὺς
3183 3345 3239 3397 δὲ
3274 3344 3374 3406 τὰς
3412 3340 3617 3410 ἀγαθάς
3670 3340 3779 3406 τῆς

531 3444 683 3508 θείας
710 3443 989 3523 δυνάμεως
1012 3444 1151 3516 ὑπὲρ
1189 3444 1345 3515 ἡμῶν
1370 3444 1651 3516 ἐνεργείας
1678 3446 1903 3508 εἰκότως
1932 3444 1998 3498 ἄν
2020 3461 2104 3508 τις
2137 3442 2489 3512 ὑπονοήσειε,
2537 3439 2605 3493 δι’
2654 3433 2729 3494 ὧν
2776 3439 3073 3512 τιθηνεῖται
3114 3438 3213 3508 τὴν
3276 3437 3504 3491 ἑκάστου
3538 3434 3681 3505 ζωὴν
3743 3433 3777 3485 6

529 3536 681 3600 Θεὸς,
709 3536 1040 3606 κατάλληλον
1068 3537 1281 3607 ἑκάστῳ
1312 3535 1420 3590 τῶν
1444 3537 1745 3608 δεχομένων
1763 3539 1860 3609 τὴν
1889 3537 2092 3609 τροφὴν
2129 3535 2515 3609 χαριζόμενος.

598 3632 882 3698 Quoddam
912 3633 1080 3687 etiam
1110 3631 1258 3687 aliud
1278 3631 1476 3703 dogma
1509 3631 1780 3690 discimus
1805 3633 1984 3689 obiter
2006 3647 2104 3704 per

526 3724 693 3795 hujus
733 3724 857 3780 libri
906 3724 1307 3794 philosophiam
1328 3763 1344 3788 ,
1381 3740 1577 3797 nempe
1607 3724 1753 3796 quod
1788 3726 1987 3796 duplex
2019 3733 2105 3781 est

527 3816 585 3871 in
618 3814 779 3871 nobis
830 3818 1073 3880 sensus",
1124 3815 1284 3871 alius-
1316 3814 1537 3886 quidem
1585 3817 1919 3885 corporalis,
1959 3816 2102 3871 alius

530 3921 657 3962 vero
695 3906 915 3963 divinus
939 3944 954 3967 .
996 3906 1139 3962 sicut
1186 3907 1390 3963 alicubi
1444 3907 1649 3963 dicitur
1681 3910 1734 3963 in
1765 3909 2098 3973 Proverbiis,

529 3995 753 4051 Sensum
791 3995 1023 4049 divinum
1072 3996 1320 4051 invenies.
1366 3996 1464 4052 Est
1491 3998 1638 4052 enim
1670 3998 1916 4068 quaedam
1972 4013 2097 4068 pro-

529 4081 713 4151 portio
743 4088 800 4135 et
830 4083 1212 4137 convenientia
1238 4085 1572 4140 animalibus
1608 4088 1846 4143 motibus
1873 4096 1928 4142 et
1963 4103 2099 4158 ope-

528 4172 837 4227 rationibus
887 4186 1012 4225 cum
1066 4173 1451 4228 instrumentis
1515 4189 1775 4229 sensuum
1828 4178 2098 4246 corporis,

526 4271 582 4318 et
617 4262 723 4317 hoc
760 4261 1029 4318 discimus
1070 4278 1137 4318 ex
1171 4265 1532 4333 praesentibus
1568 4265 1811 4335 eloquiis:
1834 4267 2094 4337 Spiritus.

525 4352 725 4411 Vinum
747 4354 891 4411 enim
946 4363 1000 4409 et
1029 4355 1112 4410 lae
1141 4362 1302 4427 gustu
1334 4348 1736 4425 dijudicantur:
1761 4372 1884 4411 cum
1912 4364 2093 4412 autem

522 4446 615 4503 illa
649 4446 760 4502 sint
804 4447 1117 4516 ejusmodi,
1167 4455 1229 4501 ut
1274 4446 1381 4527 sub
1422 4446 1838 4516 intelligentiam
1872 4449 2091 4517 cadant,

522 4538 745 4594 omnino
770 4552 892 4608 quae
924 4553 987 4594 ea
1017 4537 1273 4609 intelligit
1301 4548 1354 4593 et
1380 4538 1762 4609 apprehendit,
1800 4548 1886 4595 est
1913 4540 2091 4596 virtus

2270 3629 2629 3700 Μανθάνομεν
2660 3628 2718 3681 δέ
2752 3645 2805 3682 τι
2835 3625 2981 3681 κατά
2999 3625 3234 3697 πάροδον
3260 3624 3354 3679 καὶ
3388 3625 3564 3695 ἕτερον
3588 3623 3775 3694 δόγμα

2197 3721 2285 3776 διά
2312 3721 2409 3790 τῆς
2437 3720 2533 3774 τοῦ
2566 3719 2768 3789 βιϐλίου
2801 3720 2991 3773 τούτου
3021 3717 3361 3787 φιλοσοφίας,
3400 3719 3478 3772 ὅτι
3501 3715 3663 3785 διπλῆ
3685 3718 3779 3780 τίς

2197 3817 2347 3868 ἐστιν
2375 3817 2431 3868 ἐν
2457 3815 2586 3884 ἡμῖν
2608 3812 2890 3882 αῐσθησις,
2923 3813 2956 3883 ὴ
2992 3811 3090 3882 μὲν
3124 3811 3429 3881 σωματικὴ.
3457 3811 3489 3879 ή
3530 3808 3584 3861 δὲ
3621 3809 3768 3862 θειο-

2196 3906 2332 3977 τέρα
2351 3946 2367 3970 ,
2401 3904 2585 3969 καθώς
2617 3904 2751 3976 φησί
2782 3920 2886 3956 που
2915 3905 3012 3974 τῆς
3056 3903 3363 3974 Παροιμίας
3391 3906 3419 3956 6
3458 3902 3612 3969 λόγος
3638 3916 3655 3930 ·
3684 3903 3767 3955 ὅτι

2200 3997 2496 4064 Αἵσθησιν
2537 3997 2706 4051 θείαν
2746 3994 3044 4063 εὑρήσεις.
3089 3993 3368 4063 Ἀναλογία
3395 3993 3500 4065 γάρ
3538 3992 3621 4056 τίς
3650 3995 3769 4048 ἐστι

2194 4088 2307 4150 τοῖς
2337 4086 2589 4157 ψυχικοῖς
2615 4088 2879 4158 κινήμασι
2912 4087 3005 4140 καὶ
3035 4087 3400 4157 ἐνεργήμασιν
3423 4084 3553 4158 πρὸς
3573 4083 3646 4136 τὰ
3668 4084 3767 4137 τοῦ

2198 4176 2448 4249 σώματος
2490 4176 2853 4249 αἰσθητήρια,
2888 4178 2983 4232 καὶ
3027 4176 3186 4232 τοῦτο
3215 4178 3278 4230 ἐκ
3323 4176 3433 4230 τῶν
3481 4175 3770 4245 παρόντων

2199 4268 2543 4340 μανθάνομεν
2571 4269 2768 4339 λογίων
2795 4270 2888 4324 τοῦ
2939 4268 3276 4339 Πνεΰματος.
3313 4267 3372 4322 Ὃ
3394 4266 3501 4336 γὰρ
3531 4261 3675 4331 οἶνός
3704 4283 3767 4321 τε

2202 4358 2298 4412 καὶ
2329 4358 2471 4427 γάλα
2503 4361 2569 4429 τῇ
2595 4359 2781 4429 γεύσει
2808 4360 3052 4431 κρίνεται
3071 4376 3087 4391 ’
3118 4358 3327 4429 νοητῶν
3357 4357 3414 4411 δὲ
3440 4357 3603 4411 ὄντων
3627 4358 3766 4411 ἐκεί·

2202 4461 2330 4510 νων,
2370 4448 2537 4519 νοητὴ
2575 4448 2795 4513 πάντως
2832 4450 2929 4503 καὶ
2957 4450 2990 4520 ἡ
3024 4447 3384 4520 ἀντιληπτικὴ
3422 4447 3626 4501 τούτων
3667 4449 3765 4518 τῆς

2198 4538 2375 4611 ψυχῆς
2410 4541 2527 4594 ἐστι
2564 4541 2812 4612 δύναμις.
2839 4541 2913 4595 T6
2950 4541 3020 4619 δὲ
3053 4540 3264 4610 φίλημα
3286 4540 3375 4595 διὰ
3401 4540 3498 4609 τῆς
3525 4540 3763 4610 ἀπτικῆς

522 4629 736 4685 animm.
772 4626 853 4681 Ad
883 4627 1258 4697 operationem
1294 4637 1477 4683 autem
1521 4627 1813 4683 deducitur
1842 4630 2093 4685 osculum

2206 4629 2503 4702 ιίσθήσεως
2547 4633 2871 4705 ἐνεργεῖται.
2925 4632 3261 4701 Ἐφάπτεται
3288 4631 3397 4703 γάρ
3426 4630 3672 4700 ἀλλήλων
3696 4630 3762 4685 τά

522 4733 619 4785 per
656 4731 880 4772 sensum
921 4727 1120 4773 tactus.
1154 4717 1289 4772 Nam
1319 4734 1379 4774 se
1408 4719 1639 4773 invicem
1676 4726 1906 4790 tangunt
1939 4720 2093 4775 labra

523 4805 580 4859 in
620 4806 834 4862 osculo.
862 4805 959 4862 Est
993 4818 1171 4862 autem
1211 4809 1377 4862 etiam
1425 4810 1647 4880 quidam
1685 4818 1866 4866 tactus
1897 4812 2096 4866 anima:

525 4894 616 4966 qui
659 4895 883 4950 verbum
934 4898 1138 4968 tangit;
1170 4900 1462 4956 deducitur
1502 4909 1683 4956 autem
1715 4900 1786 4956 ad
1819 4903 2097 4972 operatio-

519 5000 643 5043 nem
676 4999 776 5058 per
805 4986 1095 5057 quemdam
1144 5003 1469 5060 corporeum
1525 4998 1877 5056 contactum,
1908 4998 1962 5046 et
1998 4990 2094 5061 qui

518 5077 665 5131 cadit
709 5077 812 5133 sub
856 5077 1270 5150 intelligentiam
1299 5119 1313 5145 ,
1369 5086 1429 5135 ut
1462 5080 1681 5137 dicebat
1712 5083 1760 5136 is
1795 5083 1892 5152 qui
1928 5082 2090 5146 dixit,

519 5166 714 5223 Manus
744 5178 940 5223 nostra:
965 5179 1415 5226 contrectaverunt
1457 5174 1520 5227 de
1548 5173 1698 5228 verba
1752 5176 1873 5229 vita:
1896 5175 1963 5227 9’.
2002 5172 2092 5227 Si-

518 5258 719 5315 militer
762 5269 943 5317 autem
990 5262 1125 5319 odor
1172 5279 1391 5334 quoque
1433 5264 1747 5321 divinorum
1781 5276 2093 5334 unguento-

518 5362 663 5414 rum,
704 5368 815 5408 non
846 5364 932 5410 est
969 5356 1108 5411 odor
1135 5356 1375 5422 narium,
1416 5358 1510 5414 sed
1544 5357 1835 5427 cujusdam
1866 5358 2095 5414 virtutis

518 5444 763 5499 materia:
805 5447 1066 5515 expertis,
1103 5455 1157 5503 et
1202 5464 1324 5518 qua:
1363 5449 1666 5519 percipitur
1700 5449 2086 5520 intelligentia,

2192 4721 2343 4792 χείλη
2395 4723 2454 4775 ὲν
2499 4721 2578 4793 τῷ
2618 4723 2904 4795 φιλήματι.
2945 4724 3102 4777 Ἐστι
3151 4723 3209 4777 δέ
3251 4739 3335 4786 τις
3388 4723 3482 4776 καὶ
3519 4721 3633 4792 ἁφὴ
3664 4723 3763 4794 τῆς

2190 4810 2389 4882 ψυχῆς.
2440 4815 2475 4886 ἠ
2501 4815 2780 4886 ἁπτομένη
2828 4814 2923 4869 τοῦ
2957 4814 3138 4884 λόγου,
3173 4814 3264 4868 διά
3291 4831 3437 4876 τινος
3469 4812 3761 4882 ἀσωμάτου

2191 4903 2286 4956 καὶ
2310 4907 2505 4977 νοητῆς
2545 4908 2762 4977 ἐπαφῆς
2803 4906 3186 4978 ἐνεργουμένη,
3220 4906 3402 4970 καθὼς
3441 4901 3590 4959 εἶπεν
3618 4906 3652 4957 6
3683 4907 3761 4957 εί·

2191 4992 2329 5059 πὼν,
2374 4997 2454 5050 ὅτι
2502 5000 2572 5051 Al
2615 4997 2807 5067 χεῖρες
2848 4996 3017 5065 ἡμῶν
3055 4996 3466 5065 ἐψηλάφησαν
3495 4995 3627 5063 περὶ
3659 4996 3761 5049 τοῦ

2194 5086 2376 5154 λόγου
2403 5086 2512 5155 τῆς
2543 5086 2710 5156 ζωῆς.
2750 5088 3021 5150 Ὡσαύτως
3044 5087 3100 5141 δὲ
3145 5086 3240 5141 καὶ⁸
3267 5089 3300 5156 ὴ
3323 5085 3433 5138 τῶν
3466 5085 3627 5140 θείων
3663 5086 3761 5157 p.6-

2194 5192 2301 5247 ρων
2329 5177 2493 5248 ὀσμὴ,
2515 5179 2577 5231 οὐ
2608 5178 2900 5248 μυκτήρων
2932 5179 3079 5231 ἐστὶν
3101 5178 3265 5249 ὀσμὴ,
3296 5177 3433 5231 ἀλλά
3463 5194 3606 5240 τινος
3640 5195 3760 5246 νοη-

2190 5266 2291 5337 τῆς
2325 5267 2420 5321 καὶ
2442 5269 2608 5323 ἀῢλου
2632 5267 2931 5339 δυνάμεως,
2959 5271 3024 5340 τῇ
3057 5268 3151 5322 τοῦ
3174 5268 3478 5339 πνεύματος
3500 5268 3633 5339 ὁλκῇ
3666 5268 3759 5339 τὴν

2192 5356 2286 5410 τοῦ
2349 5357 2588 5429 Χριστοῦ
2636 5357 3103 5428 συνεφελκομένης
3139 5357 3386 5411 εὐωδίαν.
3444 5354 3603 5409 οὕτω
3651 5356 3762 5426 γὰρ

2194 5450 2229 5519 ἡ
2246 5447 2535 5503 ἀκολουθία
2552 5448 2655 5518 τῆς
2670 5449 3005 5520 παρθενικῆς
3023 5449 3189 5519 εὐχῆς
3210 5450 3268 5502 ἐν
3296 5446 3600 5519 προοιμίοις
3620 5446 3756 5517 ἔχει·

520 5545 641 5586 cum
670 5540 847 5589 tractu
884 5536 1110 5604 spiritus
1132 5538 1297 5594 simul
1334 5538 1618 5595 attrahens
1639 5539 1842 5594 Christi
1882 5539 2086 5594 bonum

2206 5540 2273 5592 iri
2340 5539 2561 5609 Ἀγαθοὶ
2584 5541 2810 5609 μασθοι
2872 5555 2990 5595 σου
3028 5539 3179 5608 ὑπὲρ
3212 5534 3397 5605 οἶνον,
3445 5541 3545 5595 καὶ
3598 5539 3755 5607 ὀσμὴ

519 5618 760 5679 odorem.
793 5623 885 5679 Sic
913 5625 1056 5679 enim
1089 5629 1199 5683 voti
1231 5629 1520 5700 virginalis
1546 5630 1600 5683 in
1624 5629 1893 5700 prommio
1924 5628 2086 5684 habet

2206 5630 2394 5697 μύρων
2422 5646 2539 5684 σου
2559 5628 2713 5699 ὑπὲρ
2742 5630 2940 5686 πάντα
2971 5628 3044 5684 τὰ
3080 5629 3376 5700 ἀρώματα.
3407 5628 3668 5701 Δηλοῦται
3699 5628 3756 5681 δὲ

592 5786 638 5821 ’³
660 5790 800 5851 Psal.
829 5810 1024 5860 cxvm,
1054 5798 1181 5855 131.
1251 5799 1473 5856 “Joan.
1499 5817 1593 5867 vn,
1630 5801 1718 5857 '57.
1814 5802 1860 5833 ”
1882 5800 2016 5857 Luc.
2047 5816 2095 5855 vr

2206 5801 2272 5855 i5.
2351 5801 2396 5835 "
2422 5800 2569 5857 Psal.
2604 5817 2656 5865 ι,
2692 5803 2777 5857 12.
2855 5802 2945 5856 οτι
2982 5801 3138 5859 Joan.
3167 5818 3207 5869 ι,
3253 5803 3301 5857 l.
