3874 6352
120 426 245 489 78l-

1183 428 1246 483 ΙΝ
1283 427 1573 484 CANTICA
1611 426 1879 482 CANTIC.
1938 427 2223 481 llOMlLlA
2259 428 2301 483 l.

3250 424 3356 480 782

120 551 203 606 διὰ
230 547 460 612 τούτων,
486 545 665 609 καθὼς
694 545 854 616 ἡμεῖς
879 544 1270 614 ὑπειλήφαμεν,
1301 545 1362 597 οὐ
1389 544 1581 615 μικρόν
1611 560 1684 606 τι,

1793 540 2182 612 consequentia
2212 563 2222 594 :
2254 539 2400 593 Bona
2419 537 2582 592 ubera
2614 549 2704 593 tua
2731 554 2894 608 supra
2924 539 3119 603 riuum,
3152 549 3200 593 et
3230 538 3359 595 odor

119 639 235 695 οὐδὲ
262 636 737 709 εὐκαταφρόνητον
777 635 976 707 νόημα.
1011 635 1166 703 Τάχα
1186 634 1295 703 γὰρ
1322 636 1380 687 ἐν
1414 634 1491 704 τῷ
1518 634 1684 705 ὐπερ-

121 732 283 785 θεῖναι
311 728 404 785 διὰ
423 727 766 799 συγκρίσεως
792 728 853 781 τὸ
886 730 949 780 ὲκ
973 726 1080 781 τῶν
1111 727 1270 780 θείων
1301 726 1519 797 μασθῶν
1545 726 1686 795 γάλα

120 824 212 893 τῆς
242 822 305 873 ὲκ
343 818 440 872 τοῦ
469 817 611 872 οίνου
650 819 949 890 γενομένης
986 820 1117 890 ἡμῖν
1151 818 1511 889 εὐφροσύνης,
1554 834 1687 889 μαν-

121 912 345 979 θάνομεν
382 906 475 962 διὰ
514 908 623 962 τῶν
677 908 1000 980 εἰρημένων,
1057 909 1139 962 ὅτι
1176 910 1323 962 πᾶσα
1369 907 1686 979 ἀνθρωπίνη

125 998 276 1068 σοφία
325 998 422 1052 καὶ
461 999 740 1069 ἐπιστήμη
787 998 896 1051 τῶν
932 998 1101 1050 ὄντων
1146 998 1239 1051 καὶ
1265 999 1414 1051 πᾶσα
1459 997 1689 1068 δύναμις

125 1090 423 1164 θεωρητικὴ
454 1083 548 1144 καί
574 1090 938 1162 κατανοητικὴ
971 1092 1238 1161 φαντασία
1270 1092 1545 1156 ἀδυνάτως
1576 1092 1687 1163 ἔχει

123 1182 492 1253 παρισωθῆναι
534 1182 622 1235 διὰ
670 1181 1009 1253 συγκρίσεως
1061 1184 1125 1253 τῇ
1195 1182 1533 1253 ἁπλουστέρα
1579 1182 1688 1235 τῶν

125 1272 274 1325 θείων
305 1268 642 1347 μαθημάτων
687 1275 880 1344 τροφῇ.
930 1273 1023 1325 Ἐκ
1071 1272 1180 1342 γὰρ
1223 1272 1330 1325 τῶν
1382 1262 1601 1342 μασθῶν
1629 1274 1690 1326 τὸ

124 1365 259 1433 γάλα
286 1365 511 1435 φέρεται
538 1381 553 1396 ο
589 1365 796 1435 νηπίων
828 1364 872 1417 δ’
905 1365 1021 1417 ἐστὶ
1048 1364 1110 1417 τὸ
1140 1365 1279 1433 γάλα
1305 1365 1502 1436 τροφή.
1543 1365 1604 1419 '0
1632 1365 1689 1418 δὲ

125 1452 252 1519 οἶνος
281 1455 345 1507 δι’
370 1455 615 1508 εὐτονίαν
647 1472 707 1508 τε
740 1456 833 1508 καὶ
856 1455 1185 1527 θερμότητα,
1208 1456 1316 1509 τῶν
1344 1456 1689 1529 τελειοτέρων

125 1532 410 1608 ἀπόλαυσίς
439 1545 649 1613 γίνεται
677 1562 689 1575 ·
722 1545 834 1600 ἀλλ’
876 1548 1024 1616 ὅμως
1070 1546 1130 1600 τὸ
1172 1549 1229 1600 ἐν
1270 1550 1336 1618 τῇ
1378 1546 1482 1614 ἔξω
1528 1549 1693 1619 σοφίᾳ,

125 1636 315 1691 τέλειον
358 1638 457 1709 τῆς
488 1634 790 1709 νηπιώδους
822 1635 915 1691 τοῦ
959 1636 1104 1691 θείου
1145 1637 1305 1707 λόγου
1345 1638 1690 1702 διδασκαλίας

125 1729 233 1780 ἐστὶ
260 1727 602 1799 μικρότερον.
635 1720 734 1782 Διὰ
756 1727 914 1781 τοῦτο
936 1728 1214 1798 κρείττους
1237 1731 1285 1782 οἱ
1310 1728 1442 1783 θεῖοι
1470 1728 1685 1799 μασθοὶ,

126 1815 208 1868 τοῦ
241 1814 581 1887 ἀνθρωπίνου
610 1815 775 1869 οἴνου.
818 1817 881 1869 Ἦ
904 1816 960 1869 δὲ
985 1816 1127 1887 ὀσμὴ
1154 1815 1265 1870 τῶν
1291 1816 1451 1871 θείων
1477 1816 1685 1888 μύρων,

1787 644 2174 705 unguentorum
2213 644 2424 687 tuorum
2482 649 2645 703 supra
2702 634 2880 687 omnia
2934 644 3199 689 aromata.
3258 634 3360 690 Per

1788 724 1905 779 hinc
1945 735 2150 790 autem,
2178 733 2245 778 ut
2290 738 2394 778 nos
2440 722 2837 786 existimamus,
2872 723 3215 794 signiﬁcatur
3246 739 3357 781 non

1786 830 1958 886 parva
2012 816 2228 886 aliqua,
2292 830 2474 886 neque
2527 816 2925 885 contemnenda
2972 817 3355 887 intelligentia.

1788 906 1954 963 Forte
1976 908 2122 962 enim
2156 907 2211 961 in
2246 921 2314 962 eo
2354 904 2502 977 quod
2534 906 2842 976 praetulerit
2866 921 2965 976 per
2986 909 3359 978 comparatio-

1788 1013 1910 1052 nem
1948 999 2030 1053 lac
2066 999 2212 1068 quod
2259 1015 2324 1054 ex
2358 999 2562 1054 divinis
2594 1006 2781 1053 manat
2823 1000 3111 1063 uberibus,
3158 1002 3359 1057 laetitia

1788 1102 1909 1157 quae
1954 1089 2112 1143 nobis
2155 1088 2334 1143 oritur
2366 1103 2434 1142 ex
2473 1087 2624 1154 vino,
2663 1103 2759 1157 per
2787 1102 2849 1141 ea
2875 1103 2996 1156 qua:
3025 1089 3170 1143 dicta
3204 1101 3355 1154 sunt,

1786 1179 2078 1243 discimus,
2113 1179 2262 1250 quod
2288 1180 2469 1234 omnis
2495 1179 2736 1233 humana
2761 1179 3051 1249 sapientia,
3088 1190 3143 1237 et
3166 1197 3354 1237 eorum

1787 1286 1910 1343 quae
1953 1278 2084 1327 sunt
2122 1271 2377 1332 scientia,
2409 1279 2464 1324 et
2498 1271 2679 1325 omnis
2710 1272 2885 1327 virtus
2912 1274 3355 1342 contemplativa.

1787 1369 1844 1416 et
1882 1367 2065 1417 mente
2098 1359 2572 1429 comprehendens
2599 1360 2913 1429 phantasia,
2948 1378 3044 1431 per
3069 1378 3358 1433 compara-

1786 1452 1993 1506 tionem
2036 1468 2145 1506 non
2190 1440 2371 1521 potest
2413 1455 2690 1523 equuari
2735 1453 2971 1523 simplici
3021 1456 3359 1512 nutrimento

1786 1543 2097 1597 divinarum
2137 1542 2574 1612 disciplinarum.
2605 1542 2715 1598 Lac
2742 1544 2888 1598 enim
2918 1543 3037 1599 ﬂuit
3066 1561 3134 1601 ex
3170 1547 3359 1602 uberi-

1786 1633 1925 1701 bus;
1958 1641 2043 1689 est
2091 1642 2272 1688 autem
2319 1634 2404 1688 lac
2462 1634 2865 1688 nutrimentum
2911 1636 3228 1692 infantium.
3260 1637 3359 1693 Vi-

1787 1738 1917 1778 num
1951 1730 2131 1777 autem
2181 1730 2406 1792 propter
2437 1723 2546 1776 vim
2589 1732 2645 1777 et
2685 1723 2927 1777 calorem
2972 1723 3137 1779 datur
3167 1722 3359 1780 fruen-

1788 1814 1919 1869 dum
1946 1812 2397 1884 perfectioribus,
2433 1813 2529 1868 sed
2564 1820 2747 1868 tamen
2770 1815 2914 1883 quod
2944 1824 3028 1868 est
3056 1816 3357 1885 perfectum

126 1905 346 1959 καλλίων
373 1907 493 1959 ἐστὶ
514 1907 694 1977 πάσης
722 1908 822 1976 τῆς
850 1907 909 1959 ὲν
936 1906 1222 1978 ἀρώμασιν
1246 1906 1490 1969 εὐωδίας.
1528 1906 1689 1961 Ὅθεν

1793 1906 1847 1959 ἰιι
1873 1913 2104 1960 externa
2147 1905 2438 1973 sapientia,
2469 1904 2654 1959 minus
2693 1914 2779 1959 est
2813 1920 2977 1973 quam
3008 1906 3180 1960 divini
3212 1908 3359 1960 verbi

126 1997 262 2050 δοκεῖ
313 1997 557 2051 τοιοῦτον
606 1998 697 2051 τὸν
755 1998 879 2052 νοῦν
932 1996 1337 2050 ἀποδεικνύειν*
1394 1996 1686 2070 Ἀρὼματα

128 2089 339 2162 νοοῦμεν
382 2091 483 2155 τὰς
548 2080 777 2161 ἀρετὰς,
829 2083 970 2154 οἷον,
1028 2088 1245 2158 σοφίαν,
1309 2090 1683 2160 σωφροσύνην,

128 2184 380 2256 ἀνδρείαν,
418 2182 683 2255 φρόνησιν
704 2223 718 2247 ,
750 2181 845 2235 καὶ
874 2179 943 2234 τὰ
974 2180 1219 2247 τοιαῦτα,
1264 2174 1342 2243 οἷς
1378 2197 1689 2251 προσχρων·

131 2274 344 2347 νύμενος
373 2274 539 2348 ,κατά
588 2273 685 2345 τὴν
726 2270 919 2343 εαυτοῦ
958 2271 1186 2342 δύναμιν
1229 2271 1324 2324 καὶ
1369 2270 1686 2343 προαίρεσιν

131 2362 372 2431 ἕκαστος,
421 2362 585 2429 ἄλλος
632 2364 807 2427 ἄλλως
850 2359 919 2417 ἐν’
956 2362 1153 2432 εὐωδίᾳ
1188 2359 1486 2432 γινόμεθαο
1519 2362 1548 2414 6
1589 2362 1686 2430 μὲν

130 2456 189 2509 ἐκ
218 2456 565 2530 σωφροσύνης
598 2456 630 2526 ἢ
662 2455 882 2525 σοφίας*
915 2457 943 2509 ό
970 2454 1027 2508 δὲ
1057 2455 1120 2506 ὲκ
1142 2452 1505 2523 δικαιοσύνης,
1539 2451 1687 2523 ἢάν-

128 2544 327 2616 δρείας,
352 2548 385 2619 ᾗ
415 2547 578 2603 ἄλλου
611 2544 754 2610 τινὸς
774 2542 881 2598 τῶν
905 2547 1025 2599 κατ’
1055 2544 1255 2615 ἀρετὴν
1287 2543 1591 2613 νοουμένων
1614 2560 1627 2574 ’
1657 2544 1686 2596 6

133 2635 184 2689 δὲ
225 2639 377 2709 τυχὸν
424 2640 524 2693 καὶ
562 2640 626 2692 ὲκ
680 2640 897 2691 πάντων
934 2637 1040 2691 τῶν
1072 2635 1327 2689 τοιούτων
1377 2636 1685 2706 ἀρωμάτων

136 2730 568 2801 συγκεκραμένην
616 2729 726 2800 ἔχει
777 2731 834 2781 ἐν
870 2727 1048 2798 ἐαυτῷ
1101 2726 1197 2797 τὴν
1240 2725 1481 2779 εὐωδίαν.
1549 2725 1684 2777 Ἀλλ’

134 2818 273 2888 ὅμως
309 2819 480 2873 ταῦτα
521 2818 697 2873 πάντα
724 2819 824 2872 οὐκ
870 2819 937 2872 ἂν
979 2820 1058 2881 είς
1090 2815 1374 2887 σύγκρισιν
1416 2814 1557 2868 ἔλθοι
1590 2815 1688 2885 τῆς

136 2910 413 2974 παντελοῦς
439 2911 646 2983 ἀρετῆς
683 2911 918 2981 ἐκείνης,
953 2911 1018 2981 ἥν
1046 2909 1174 2973 τοὺς
1194 2908 1454 2980 οὐρανοὺς
1485 2905 1684 2974 διειλη-

136 2998 277 3065 φέναι
315 3000 478 3069 φησιν
536 2999 847 3069 Ἀὁὸακοὺμ
880 3000 908 3052 ό
938 2998 1222 3069 προφήτης
1269 2994 1437 3050 εἰπών
1462 3013 1474 3025 ·
1529 2993 1689 3047 Ἐκά-

131 3083 317 3150 λυψεν
347 3079 647 3152 οὐρανοὺς
689 3081 729 3149 ἠ
776 3079 958 3151 ἁρετὴ
992 3081 1200 3148 αὐτοῦ,
1244 3080 1370 3152 ἥτις
1402 3082 1549 3135 ἐστὶν
1600 3080 1700 3136 αὐο

1787 1995 2065 2051 infantilis
2111 1995 2387 2050 doctrina.
2433 1994 2730 2064 Propterea
2780 1995 2909 2049 vino
2957 1994 3197 2049 humano
3246 2013 3361 2049 mc-

1789 2088 1931 2142 liora
1982 2095 2113 2142 sunt
2153 2087 2323 2142 ubera
2372 2087 2583 2141 divina.
2631 2085 2783 2143 Odor
2818 2096 3003 2142 autem
3042 2088 3358 2143 divinorum

1790 2185 2195 2250 unguentorum
2236 2187 2321 2234 est
2370 2178 2562 2233 melior
2603 2178 2755 2233 omni
2794 2178 3094 2250 fragrantia
3145 2194 3361 2234 aroma-

1793 2280 1931 2327 tum.
1971 2269 2125 2327 Unde
2175 2273 2337 2327 nobis
2382 2271 2599 2326 videtur
2650 2271 2793 2325 hanc
2840 2272 3089 2327 indicare
3137 2283 3359 2327 senten-

1786 2362 2244 2417 tiamzAromata
2286 2363 2646 2434 intelligimus
2681 2364 2937 2425 virtutes,
2976 2363 3230 2418 videlicet
3268 2379 3360 2418 sa-

1786 2451 2084 2522 pientiam,
2156 2455 2615 2522 temperantiam,
2663 2452 3075 2518 fortitudinem,
3125 2454 3364 2523 pruden-

1790 2544 1940 2607 tiam,
1967 2551 2021 2597 et
2059 2558 2183 2613 qua:
2212 2552 2344 2599 sunt
2382 2545 2723 2613 huiusmodi,
2758 2546 2960 2616 quibus
3000 2546 3204 2601 oblitus
3239 2563 3364 2602 con-
3440 2552 3447 2558 ’

1791 2634 2080 2689 venienter
2116 2650 2230 2690 sua:
2259 2635 2521 2704 potestati
2566 2643 2621 2689 et
2668 2636 2844 2690 libero
2873 2637 3043 2690 animi
3074 2638 3158 2692 sui
3202 2640 3363 2693 insti-

1791 2733 1946 2789 tuto,
1999 2727 2402 2796 unusquisque,
2450 2727 2591 2782 alius
2646 2727 2808 2781 aliter
2863 2744 3057 2784 sumus
3108 2731 3163 2784 in
3217 2730 3363 2787 bono

1788 2816 1990 2883 odore;
2033 2818 2177 2871 alius
2208 2817 2433 2887 quidem
2477 2834 2544 2872 ex
2589 2819 2956 2888 temperantia
3008 2829 3104 2874 aut
3136 2822 3357 2891 sapien-

1788 2906 1896 2972 tia;
1935 2906 2075 2961 alius
2117 2914 2297 2961 autem
2334 2922 2402 2961 ex
2429 2906 2649 2975 justitia
2681 2917 2777 2961 aut
2824 2909 3009 2977 magni
3047 2910 3217 2963 animi
3245 2912 3361 2965 vir—

1792 3003 1931 3059 tute,
1964 3003 2059 3048 aut
2108 2996 2294 3065 aliquo
2326 2996 2434 3051 alio
2472 3012 2541 3050 ex
2592 2997 2661 3052 iis
2706 2999 3256 3070 quae’intclliguntur
3296 3019 3364 3058 ex

1789 3085 2029 3153 virtute;
2066 3088 2208 3144 alius
2248 3096 2434 3144 autem
2486 3088 2628 3145 forte
2676 3090 2842 3145 habet
2869 3091 3032 3146 etiam
3080 3094 3134 3147 in
3177 3110 3235 3149 se
3276 3094 3363 3148 bo-

134 3176 364 3246 τοσοφία,
414 3177 514 3230 καὶ
556 3175 1003 3247 αὐτοδικαιοσύνη
1038 3177 1132 3229 καὶ
1173 3174 1560 3246 αὐτοαλήθεια,
1605 3175 1689 3229 καί

1793 3193 1927 3232 num
1952 3178 2177 3233 odorem
2218 3189 2685 3252 contemperatum
2715 3200 2778 3240 ex
2807 3187 3065 3241 omnibus
3090 3187 3364 3255 ejusmodi

132 3264 193 3318 τὰ
230 3268 345 3322 καθ’
392 3268 627 3322 ἕκαστον
671 3269 868 3322 πάντα.
925 3267 1047 3321 Τῶν
1099 3266 1368 3338 οὐρανίων
1424 3266 1611 3339 μύρων
1663 3269 1689 3339 ἦ

1798 3258 2159 3329 aromatibus.
2208 3270 2316 3328 Sed
2359 3280 2543 3330 tamen
2579 3278 2694 3331 haec
2738 3279 2923 3333 omnia
2965 3279 3101 3334 nihil
3135 3288 3268 3335 sunt
3316 3282 3364 3338 si

130 3355 282 3429 ὀσμὴ,
308 3362 492 3433 φησὶν,
528 3358 873 3428 ἀπαράθετον
910 3356 1021 3428 ἔχει
1052 3356 1149 3427 τὴν
1171 3357 1331 3428 χάριν
1363 3357 1499 3427 πρὸς
1523 3354 1689 3410 ταῦτα

1797 3358 2154 3416 conferantur
2189 3377 2314 3417 eum
2364 3365 2459 3418 illa
2497 3366 2740 3437 perfecta
2795 3378 2850 3423 et
2899 3372 3049 3426 omni
3087 3386 3155 3428 ex
3210 3382 3365 3443 parte

133 3450 195 3530 τὰ
224 3451 483 3523 ἀρώματα
511 3453 579 3504 τὰ
613 3452 745 3521 παρ’
775 3453 809 3519 ή
820 3449 935 3520 μῶν
964 3449 1364 3518 γινωσκόμενα.

1794 3448 2044 3504 absoluta
2074 3452 2298 3516 virtute,
2328 3467 2491 3523 quam
2513 3452 2767 3511 Habacue
2792 3460 3059 3530 propheta
3085 3462 3220 3517 dicit
3252 3478 3368 3519 om.

138 3528 211 3591 los
235 3540 733 3610 comprehendisse,
777 3540 965 3597 dicens
1004 3558 1018 3592 :
1055 3540 1271 3610 Operuit
1317 3539 1472 3594 calas
1520 3540 1686 3593 virtus
1724 3539 1839 3609 ejus
1856 3540 1925 3605 ",
1962 3556 2084 3610 quae
2120 3550 2206 3597 est
2236 3543 2352 3614 ipsa
2384 3561 2481 3614 per
2511 3561 2570 3601 sc
2612 3528 2918 3619 sapientia,
2988 3561 3045 3607 et
3116 3555 3229 3624 ipsa
3270 3571 3367 3625 per

137 3629 413 3698 sejustitia
446 3675 462 3700 ,
500 3641 556 3689 et
587 3635 704 3705 ipsa
732 3635 936 3690 veritas
959 3674 973 3698 ,
1021 3647 1076 3690 et
1127 3635 1343 3705 singula
1379 3632 1685 3703 ejusmodi,
1723 3648 1793 3689 ne
1833 3633 2012 3688 dicam
2050 3637 2254 3690 omnia.
2290 3634 2611 3694 Caelestium
2663 3653 3069 3712 unguentorum
3094 3683 3109 3710 ,
3164 3649 3362 3719 inquit,

136 3720 263 3774 odor
293 3724 538 3780 laetitiam
564 3726 730 3781 habet
761 3725 1271 3795 incomparabilem,
1295 3726 1341 3780 si
1369 3724 1691 3780 conferatur
1729 3740 1853 3779 cum
1880 3724 1949 3781 iis
1977 3727 2319 3783 aromatibus
2353 3744 2476 3799 quae
2506 3746 2538 3785 a
2565 3733 2728 3788 nobis
2751 3744 3188 3804 cognoscuntur.

164 3882 173 3883 ί
205 3813 362 3870 Πάλιν
377 3819 432 3871 ὲν
455 3821 568 3881 τοῖς
583 3816 780 3887 ἐφεξῆς
792 3818 1126 3888 ὑψηλοτέρας
1139 3817 1367 3872 ἀπτεται
1381 3817 1696 3886 φιλοσοφίας

137 3903 326 3978 ἡψυχὴ
371 3911 404 3980 ή
450 3908 670 3980 νύμφη,
704 3909 767 3962 τὸ
805 3909 1102 3982 ἀπρόσιτόν
1153 3928 1214 3962 τε
1266 3910 1361 3964 καὶ
1412 3908 1694 3980 ἀχώρητον

138 3993 394 4069 λογισμοῖς
426 3999 792 4072 ἀνθρωπίνοις
816 4001 914 4072 τῆς
941 4000 1092 4065 θείας
1120 4000 1403 4071 δυνάμεως
1426 4000 1696 4054 ἐνδεικνυ-

138 4087 284 4159 μένη,
309 4094 364 4145 ὲν
394 4088 478 4157 οἷς
513 4108 666 4163 φησι·
701 4094 907 4161 Μύρον
950 4092 1284 4147 ἐκκενωθὲν
1321 4090 1511 4162 ὄνομά
1540 4106 1689 4147 σου·

138 4181 359 4236 τοιοῦτον
383 4186 494 4257 γάρ
527 4202 610 4238 τοι
640 4185 786 4238 δοκεῖ
816 4201 905 4255 μοι
938 4184 1027 4238 διά
1061 4185 1155 4238 τοῦ
1185 4184 1344 4255 λόγου
1377 4184 1568 4239 τούτου
1599 4202 1695 4257 ση-

142 4269 408 4335 μαίνεσθαι
430 4314 444 4339 ,
474 4276 558 4328 ὅτι
591 4276 695 4329 οὐκ
720 4275 865 4328 ἔστιν
895 4277 1231 4348 ὀνομαστικῇ
1272 4278 1520 4349 σημασίᾳ
1547 4295 1697 4349 περι-

138 4357 385 4435 ληφθῆναι
431 4365 499 4420 δι’
546 4365 831 4437 ἀκριϐείας
868 4367 967 4438 τὴν
1014 4367 1266 4438 ἀόριστον
1317 4368 1510 4436 φύσινο
1557 4368 1695 4422 ἀλλὰ

141 4453 277 4505 πᾶσα
302 4458 588 4528 νοημάτων
624 4457 875 4527 δύναμις,
907 4458 1000 4512 καὶ
1034 4460 1184 4511 πᾶσα
1223 4458 1483 4529 ῥημάτων
1511 4476 1571 4512 τε
1601 4463 1699 4514 καὶ⁴

139 4546 405 4611 νοημάτων
434 4544 695 4619 ἔμφασις,
728 4550 829 4603 κάν
857 4566 909 4601 τι
937 4549 1077 4619 μέγα
1105 4550 1199 4602 καὶ
1224 4548 1527 4620 θεοπρεπὲς
1546 4550 1690 4621 ἔχειν

138 4628 272 4703 δόξῃ,
305 4635 464 4690 αὐτοῦ
497 4628 587 4690 τοῦ
614 4639 853 4707 ῥήματος
881 4638 1047 4700 ὅντως
1075 4637 1383 4707 ἐφάψασθαι
1404 4639 1565 4707 φύσιν
1592 4639 1691 4692 ούκ

140 4716 241 4787 ἔχει
264 4740 276 4753 ·
306 4724 417 4778 ἀλλ’
444 4725 635 4795 ὥσπερ
671 4722 730 4789 ἐξ
763 4723 924 4794 ἰχνῶν
952 4739 1112 4776 τινων
1155 4723 1250 4776 καὶ
1282 4725 1635 4794 ὲναῦσμάτων
1664 4725 1693 4776 6

139 4804 281 4877 λόγος
314 4815 466 4884 ἡμῶν
493 4814 585 4867 τοῦ
619 4813 791 4882 Λόγου
818 4811 1275 4882 καταστοχάζεται
1298 4855 1312 4879 ,
1342 4813 1430 4866 διὰ
1461 4815 1565 4866 τῶν
1595 4831 1694 4867 κα-

142 4902 619 4975 ταλαμϐανομένων
646 4902 880 4969 εἰκάζων
910 4905 974 4958 ἔκ
994 4922 1137 4967 τινος
1160 4904 1449 4973 ἀναλογίας
1478 4904 1538 4958 τὸ
1557 4906 1693 4958 ἀκα-

141 4990 416 5073 τάληπτον.
440 4998 510 5051 '0
537 5014 590 5049 τι
617 4995 727 5066 γὰρ
765 4996 832 5051 ἂν
869 4998 1266 5067 ἐπινοήσωμεν,
1304 4996 1486 5067 φησὶν,
1520 4996 1691 5066 ὄνομα

144 5086 486 5161 γνωριστικὺν
509 5085 605 5139 τοῦ
640 5086 745 5157 τῆς
783 5086 881 5157 σῆς
913 5086 1165 5158 θεότητος
1205 5085 1397 5157 μύρου,
1429 5086 1529 5140 οὐκ
1558 5086 1690 5140 αὐτὸ

144 5170 199 5221 τὸ
229 5174 390 5245 μύρον
427 5178 513 5231 διὰ
537 5178 638 5255 τῆς
683 5178 972 5248 ἐμφάσεως
1008 5179 1117 5232 τῶν
1144 5178 1450 5249 λεγομένων
1484 5179 1692 5249 σημαί·

144 5276 311 5329 νομεν,
341 5267 474 5321 ἀλλά
509 5267 681 5339 βραχύ
711 5285 763 5322 τι
793 5268 1043 5338 λείψανον
1071 5268 1244 5339 ἀτμοῦ
1284 5268 1385 5339 τῆς
1415 5268 1565 5332 θείας
1606 5269 1693 5322 εύ-

145 5350 292 5416 ωδίας
331 5359 440 5421 τοῖς
488 5359 816 5426 θεολογικοῖς
866 5359 1124 5429 ὀνόμασιν
1155 5358 1562 5429 ένδεικνύμεθα.
1606 5359 1694 5422 Ὠς

148 5436 231 5492 ἐπὶ
257 5444 360 5498 τῶν
398 5449 661 5518 ἀγγείων,
693 5442 769 5504 ὧν
811 5450 877 5504 ἂν
911 5449 1184 5520 ἐκκενωθῇ
1221 5448 1282 5502 τὸ
1336 5449 1526 5520 μύρον,
1561 5450 1692 5503 αὐτὸ

153 5529 240 5598 μὲν
258 5536 319 5605 τῇ
347 5538 535 5593 ἑαυτοῦ
564 5540 721 5609 φύσει
744 5543 1015 5609 ἀγνοεῖται
1038 5538 1099 5593 τὸ
1124 5539 1291 5610 μύρον
1314 5538 1375 5592 τὸ
1392 5539 1692 5593 ὲκκενωθὲν

150 5619 247 5675 τῶν
284 5627 530 5697 ἀγγείων,
577 5628 687 5686 οἷόν
726 5633 893 5685 ἐστιν’
946 5628 1007 5694 ἐξ
1046 5629 1293 5701 ἀμυδρᾶς
1332 5629 1387 5683 δέ
1418 5646 1560 5694 τινος
1593 5631 1692 5699 τῆς

220 5797 475 5861 "Hahae.
514 5822 597 5875 ιιι,
625 5808 679 5860 π.

1868 3817 2084 3873 Rursus
2116 3819 2170 3872 in
2206 3819 2274 3875 iis
2315 3835 2436 3890 qttt’e
2481 3820 2743 3894 deinceps
2779 3817 3139 3894 sequuntur,
3189 3829 3363 3884 subli-

1793 3907 2031 3963 miorem
2056 3911 2235 3980 tangit
2264 3911 2667 3982 philosophiam
2702 3916 2883 3969 anima
2919 3933 3144 3988 sponsa,
3178 3932 3365 3977 osten-

1793 3996 1930 4054 dens
1980 3998 2238 4055 humanis
2285 4003 2801 4061 ratiocinationibus
2844 4022 2952 4061 non
3001 4010 3119 4065 dari
3156 4012 3363 4067 aditum

1795 4089 1861 4144 ad
1903 4088 2151 4159 divinam
2188 4092 2475 4157 virtutem,
2508 4110 2609 4150 nec
2635 4096 2783 4151 illam
2820 4098 2890 4153 ab
2930 4100 3000 4155 iis
3026 4116 3189 4170 posse
3211 4119 3365 4158 eom-

1795 4178 2084 4247 prehendi,
2131 4195 2256 4235 cum
2314 4183 2488 4237 dicit:
2524 4181 2857 4255 Unguentum
2900 4188 3128 4258 ciosum
3180 4209 3366 4247 nomen

1800 4276 1970 4323 tuum.
2002 4269 2139 4324 Nam
2171 4287 2268 4341 per
2294 4272 2409 4326 haec
2439 4274 2605 4328 verba
2646 4276 2780 4331 mihi
2807 4278 3024 4332 videtur
3056 4281 3159 4335 hoc
3194 4283 3366 4351 signi-

1798 4363 1987 4425 ficare,
2027 4361 2174 4432 quod
2208 4363 2473 4418 immensa
2525 4373 2725 4419 natura
2765 4370 3087 4423 nominatim
3125 4373 3364 4440 perfecte

1797 4453 2192 4525 comprehendi
2234 4469 2342 4508 non
2376 4456 2571 4524 possit,
2603 4456 2699 4510 sed
2730 4459 2913 4513 omnis
2945 4460 3030 4516 vis
3069 4463 3369 4535 cogitatio-~

1800 4560 1929 4597 num
1953 4586 1968 4609 ,
1995 4553 2048 4599 et
2079 4543 2260 4597 omnis
2294 4543 2623 4613 significatio
2649 4549 2939 4602 verborum
2964 4564 3028 4604 ac
3054 4553 3359 4617 nominum,

1795 4635 2014 4690 etiamsi
2082 4634 2332 4689 videatur
2383 4635 2585 4691 habere
2651 4654 2909 4709 magnum
2970 4643 3251 4713 quidpiam
3304 4653 3365 4700 et

1794 4729 1939 4795 quod
1998 4727 2165 4779 Deum
2217 4724 2431 4788 deceat,
2476 4742 2586 4780 non
2637 4742 2757 4781 eam
2801 4729 2964 4785 habet
3004 4746 3254 4789 naturam
3305 4746 3364 4789 ut

1797 4823 1985 4887 tangat
2022 4816 2074 4871 id
2116 4815 2260 4886 quod
2309 4824 2395 4873 est
2425 4832 2550 4872 vere
2591 4819 2827 4874 Verbum
2858 4820 3002 4886 :_sed
3031 4825 3195 4879 veluti
3233 4829 3360 4896 qui-
3410 4856 3415 4859 -

1796 4906 2023 4960 busdam
2065 4905 2308 4972 vestigiis
2357 4914 2412 4960 ct
2467 4907 2931 4964 illustrationibus
2981 4914 3129 5000 patio
3170 4926 3361 4971 nostra

1796 4997 2036 5053 Verbum
2073 4995 2318 5065 conjicit,
2373 5012 2468 5065 per
2517 5013 2582 5051 ea
2628 5014 2750 5067 qua:
2794 4995 3358 5073 comprehenduntur.

1794 5103 1862 5142 ex
1901 5084 2135 5156 quadam
2159 5082 2517 5155 proportiOne
2542 5100 2595 5141 et
2626 5092 3011 5147 convenientia
3041 5096 3359 5164 coniectans

1794 5175 1850 5230 id
1897 5176 2043 5246 quod
2103 5192 2216 5229 non
2272 5183 2452 5245 potest
2513 5180 2929 5249 comprehendi.
2982 5182 3362 5253 Quodcunque

1795 5267 1966 5330 enim,
2035 5267 2238 5336 inquit,
2290 5283 2490 5323 nomen
2542 5254 3063 5341 excogitaverimns,
3119 5291 3229 5345 quo
3267 5291 3361 5330 ὀο-

1795 5364 2093 5426 gnoseatur
2135 5368 2472 5426 unguentum
2525 5369 2630 5415 tuae
2674 5362 3000 5428 divinitatis,
3035 5382 3129 5434 per
3171 5382 3360 5420 eorum

1797 5464 1919 5519 quae
1948 5448 2207 5503 dicuntur
2236 5449 2693 5519 significationem
2736 5469 2842 5507 non
2878 5455 3053 5524 ipsum
3086 5458 3364 5527 significa-

1799 5555 1923 5593 mus
1984 5550 2363 5610 unguentum,
2422 5541 2516 5595 scd
2577 5539 2778 5612 parvas
2826 5547 3041 5614 aliquas
3104 5548 3365 5617 reliquias

1800 5632 2018 5701 vaporis
2053 5631 2185 5686 boni
2238 5632 2410 5686 divini
2449 5632 2637 5688 odoris
2688 5635 3010 5707 tlieologicis
3054 5638 3364 5694 nominibus
