3874 6368
63 428 162 484 785

1086 423 1146 475 ΙΝ
1189 422 1488 479 ΟΑΝΠΕΑ
1528 422 1802 479 CANTIC.
1845 423 2129 479 HO.“th
2173 423 2233 479 11.

3172 474 3177 477 .
3228 425 3332 480 786

62 557 311 613 pws-0'01}
329 539 723 608 δραμούμεθα.
743 537 804 590 ’11
830 538 884 591 δὲ
912 539 1217 609 τελεωτέρα
1240 539 1385 610 ψυχὴ
1414 542 1635 611 σφοδρά-

1776 557 1930 595 orum
1965 555 2086 612 quae
2119 548 2265 594 retro
2292 549 2418 594 sunt
2441 539 2657 605 oblita},
2708 539 2772 593 ad
2809 556 2870 595 ca
2900 557 3020 611 qure
3043 551 3175 597 sunt
3204 554 3332 598 ante

66 652 210 706 τερον
238 630 604 686 ἔπεκταθεῖσα
634 631 747 690 τοῖς
776 627 1112 700 ἔμπροσθεν,
1146 630 1242 699 ἠδη
1272 630 1529 698 τυγχάνει
1554 628 1646 682 τοῦ

70 721 263 777 σκοποῦ
285 762 299 786 ,
353 721 423 773 δι’
454 720 512 773 ὃν
545 722 574 772 ό
621 718 818 790 δρόμος
855 716 1118 784 ἀνύεται,
1165 718 1261 770 καὶ
1303 717 1410 770 τῶν
1442 718 1499 769 ἐν
1536 719 1650 779 τοῖς

70 814 304 883 ταμείοις
344 810 639 882 θησαυρῶν
683 809 952 876 ἀξιοῦται.
995 809 1134 879 Φησὶ
1185 808 1329 879 γὰρ,
1378 809 1458 861 ὅτι
1508 810 1646 861 Ela-

74 903 273 975 ἡνετιιέ
292 920 369 973 με
398 906 432 956 ό
464 900 765 967 ,ϐασιλεὺς
805 903 893 967 εἰς
920 901 1163 971 ταμεῖον
1196 900 1405 954 αὑτοῦ.
1448 900 1512 952 Ἦ
1541 899 1651 969 γὰρ

76 997 256 1067 ἄκροις
284 993 525 1063 χείλεσιν
552 991 758 1061 ἀγαθοῦ
780 991 986 1067 ψαῦσαι
1014 992 1321 1062 ποθήσασα,
1348 992 1441 1045 καὶ
1465 989 1653 1044 τοσοῦ-

75 1062 157 1139 τον
189 1062 345 1156 μόνον
368 1083 697 1155 ἐφαψαμένη
726 1081 818 1136 τοῦ
850 1062 1103 1146 κάλλους,
1136 1082 1260 1136 ὅσον
1290 1083 1323 1153 ἡ
1353 1082 1453 1151 τῆς
1483 1081 1653 1150 εὐχῆς

78 1178 396 1231 ἐνδείκνυται
424 1174 652 1246 δύναμις
674 1214 688 1237 ,
714 1173 922 1244 ηὔξατο
949 1174 1006 1227 δὲ
1033 1168 1144 1226 οἶόν
1173 1186 1320 1237 τινος
1346 1172 1653 1242 φιλήματος

80 1267 360 1338 ἀξιωθῆναι
394 1265 485 1319 διὰ
516 1265 616 1336 τῆς
652 1264 747 1318 τοῦ
787 1263 958 1333 Λόγου
998 1263 1337 1333 ἐλλάμψεως.
1382 1262 1531 1333 Αὕτη
1584 1264 1653 1316 δι’

80 1352 146 1410 ὧν
176 1357 327 1427 ἔτυχε
348 1396 364 1420 ,
396 1356 492 1409 καὶ
526 1355 621 1409 ἐπὶ
655 1354 717 1408 τὸ
748 1353 1020 1424 ἐνδότερον
1063 1352 1173 1405 τῶν
1216 1353 1548 1423 ἀπορρήτων
1576 1349 1655 1421 τῷ

82 1446 311 1518 λογισμῷ
343 1446 644 1508 διαδυεῖσα,
682 1444 782 1513 βοᾷ
818 1444 891 1514 μὴ
929 1443 1088 1513 μόνον
1125 1443 1185 1495 ὲν
1219 1440 1515 1517 προθύροις
1547 1440 1655 1492 τῶν

84 1539 289 1605 ἀγαθῶν
313 1536 455 1593 εἶναι
481 1537 572 1592 τὸν
600 1537 820 1609 δρόμον,
856 1534 995 1590 ἀλλά
1015 1537 1082 1606 τῇ
1110 1536 1333 1605 ἀπαρχῇ
1364 1533 1459 1586 τοῦ
1486 1532 1656 1586 Πνεῦ-

89 1648 261 1701 ματος,
290 1622 357 1683 οῦ
388 1630 480 1684 διά
507 1630 609 1700 τῆς
639 1630 883 1701 χάριτος.
914 1624 1027 1681 οἷον
1056 1627 1146 1681 διά
1174 1642 1321 1690 τινος
1354 1625 1657 1696 φιλήματος

88 1722 278 1793 ἠξιώθη
328 1723 613 1792 διερευνᾷν
655 1719 750 1773 τοῦ
800 1717 935 1772 Θεοῦ
972 1718 1039 1772 τά
1094 1717 1234 1788 βάθη
1262 1755 1276 1779 ,
1320 1718 1412 1771 καὶ
1457 1719 1515 1769 ὲν
1548 1718 1658 1779 τοῖς

86 1812 280 1876 ἀδύτοις
326 1812 420 1866 τοῦ
474 1811 830 1881 παραδείσου,
873 1810 1016 1863 κατὰ
1065 1808 1158 1862 τὸν
1207 1808 1382 1878 μέγαν
1422 1807 1654 1869 Παῦλον,

1754 645 1813 685 se
1843 633 2165 685 extendunt.
2230 629 2359 684 Post
2407 640 2453 683 te
2487 630 2649 695 enim,
2701 631 2900 699 inquit,
2953 650 3224 687 curramus
3279 636 3334 688 in

1756 722 1969 776 odorem
2009 730 2393 793 unguentorum
2428 723 2696 777 tuorum’.
2728 721 2831 776 Sed
2859 739 2936 778 eae
2958 725 3176 793 quidem
3208 742 3332 795 qua:

1751 813 1971 868 virtutis
2008 812 2251 868 nondum
2291 813 2496 868 habent
2527 813 2939 883 perfectionem,
2987 823 3042 870 et
3070 824 3200 870 sunt
3230 818 3329 870 ad-

1754 904 1863 957 huc
1896 912 2058 960 aetate
2091 905 2344 974 juvenes,
2383 907 2711 974 prolltentur
2741 922 2799 961 se
2828 922 2952 963 esse
2980 924 3242 965 cursurus
3265 909 3334 963 ad

1754 1010 1983 1065 scopum
2040 1013 2202 1067 quem
2260 998 2340 1053 eis
2401 999 2639 1054 ostendit
2695 999 2831 1052 odor
2906 1010 3331 1070 unguentorum.

1754 1085 1951 1140 Dicunt
1967 1087 2111 1142 enim
2141 1108 2153 1143 :
2185 1086 2473 1144 Curremus
2502 1091 2556 1143 in
2577 1089 3185 1161 odoremunguentorum
3210 1104 3326 1146 luo-

1759 1193 1898 1233 rum.
1932 1178 2233 1234 Perfectior
2283 1188 2467 1235 autem
2512 1179 2697 1234 anima
2737 1181 3117 1238 vehementius
3159 1183 3226 1236 ad
3270 1198 3336 1238 ca

1764 1286 1885 1340 qua:
1911 1276 2040 1324 sunt
2087 1279 2213 1325 ante
2265 1280 2515 1335 extensa,
2550 1271 2662 1340 jam
2717 1288 2943 1343 scopum
2996 1274 3336 1343 assequitur,

1755 1370 1979 1431 propter
2014 1377 2174 1432 quem
2226 1377 2424 1417 cursus
2456 1363 2758 1431 perficitur,
2798 1373 2851 1418 et
2880 1364 3044 1434 digna
3085 1374 3339 1419 censetur

1758 1453 2032 1508 thesauris
2084 1456 2175 1523 qui
2223 1463 2354 1509 sunt
2408 1454 2461 1507 in
2501 1455 2896 1524 penetralibus.
2957 1456 3098 1511 Dicit
3144 1456 3335 1510 enim:

1756 1542 2070 1598 Introduxit
2108 1562 2187 1599 me
2229 1561 2318 1599 rex
2349 1547 2405 1600 in
2434 1564 2533 1601 sua
2567 1547 2881 1615 penetralia.
2921 1545 3056 1599 Nam
3100 1547 3190 1599 illa
3220 1548 3343 1616 qui-

1757 1632 1878 1688 dem
1916 1651 2037 1688 cum
2078 1637 2310 1691 summis
2340 1636 2510 1691 labris
2541 1636 2743 1689 bonum
2779 1644 3002 1705 tangere
3024 1633 3343 1689 desideras-

1758 1733 1863 1788 set.
1896 1735 1951 1779 et
1993 1726 2459 1795 pulchritudinem
2509 1726 2857 1782 solummodo
2888 1734 3096 1779 tantum
3126 1725 3342 1793 attigis-

1761 1824 1864 1880 set,
1894 1825 2157 1887 quantum
2193 1818 2401 1873 indicat
2434 1819 2515 1873 vis
2552 1818 2803 1887 optandi,
2852 1818 2997 1872 votis
3029 1816 3185 1887 petiit
3207 1833 3344 1887 quo-

87 1907 204 1975 ὁρᾷν
224 1905 281 1957 τέ
311 1921 441 1975 φησι
461 1903 536 1957 τὰ
564 1903 791 1969 ἀθέατα,
820 1902 915 1955 καὶ
933 1900 1043 1955 τῶν
1063 1899 1346 1970 ἀλαλήτων
1375 1900 1647 1970 ἐπακροᾶ-

1771 1902 1875 1956 lam
1938 1906 2101 1960 veluti
2137 1907 2329 1960 osculo
2376 1905 2541 1976 digna
2592 1906 2808 1960 cenSeri
2853 1921 2949 1975 per
2998 1903 3163 1959 Verbi
3216 1906 3342 1958 illu-

90 1997 200 2051 σθαι
239 1997 520 2068 ῥημάτιον.

1754 1995 2131 2051 minationem.
2161 1997 2285 2052 llaec
2309 2008 2490 2051 autem
2544 2006 2821 2060 assecuta,
2882 2005 2936 2051 et
2966 1998 3033 2052 ad
3098 1997 3335 2051 interius

91 2102 326 2144 arcanum
358 2090 688 2161 cogitatione
714 2088 1199 2159 ingressa,clamat
1224 2102 1332 2142 non
1391 2087 1565 2142 solum
1590 2102 1714 2143 esse
1751 2104 1976 2143 cursum
2028 2091 2081 2143 in
2137 2091 2422 2147 vestibulis
2480 2093 2772 2155 bonorum,
2830 2089 2927 2145 sed
2970 2090 3027 2143 in
3078 2088 3343 2159 primitiis

90 2187 329 2259 Spiritus,
357 2203 453 2254 per
509 2186 670 2256 cujus
708 2184 1171 2257 gratiamhveluti
1233 2199 1328 2259 per
1382 2183 1656 2254 quoddam
1710 2184 1983 2249 osculum,
2035 2185 2197 2256 digna
2267 2185 2458 2242 habita
2509 2192 2594 2241 est
2642 2200 2763 2255 qua:
2808 2192 3147 2239 scrutaretur
3215 2196 3343 2251 pro-

94 2283 242 2336 funda
298 2282 411 2346 Dei,
463 2290 524 2339 et
570 2298 692 2338 cum
727 2293 873 2338 esset
942 2283 997 2336 in
1059 2281 1237 2352 adytis
1290 2279 1549 2350 paraﬂisi,
1601 2289 1662 2332 ιιι
1738 2294 1970 2351 magnus
2039 2279 2174 2335 dicit
2231 2276 2453 2345 Paulus,
2526 2278 2732 2335 videret
2783 2293 2905 2349 quae
2967 2278 3072 2332 sub
3122 2276 3343 2332 oculum

95 2392 190 2431 non
251 2378 469 2445 cadunt,

164 2469 221 2522 'H
261 2471 314 2524 δὲ
349 2471 552 2542 ἐφεξῆς
605 2472 760 2543 ῥῆσις
792 2473 890 2541 τὴν
941 2469 1400 2544 ὲκκλησιαστικὴν
1446 2472 1656 2523 οἰκονο-

99 2559 211 2628 μίαν
239 2561 569 2615 ἐκκαλύπτει
603 2560 680 2632 τῷ
709 2562 869 2632 λόγῳ.
904 2563 965 2614 Οἱ
1002 2561 1110 2631 γὰρ
1141 2559 1347 2631 πρῶτοι
1386 2558 1659 2629 μαθητευ-

97 2652 259 2716 θέντες
279 2657 342 2724 τῇ
369 2656 579 2728 χάριτι,
608 2656 699 2708 καὶ
727 2655 994 2707 αὐτόπται
1015 2655 1109 2708 καὶ
1136 2653 1405 2724 ὑπηρέται
1430 2653 1659 2723 γενόμε-

96 2760 183 2807 νοι,
210 2746 302 2799 οὐκ
330 2750 385 2799 ὲν
414 2748 631 2810 ἑαυτοῖς
664 2746 723 2799 τὸ
752 2747 952 2815 ἀγαθὸν
987 2744 1323 2817 περιώρισαν
1343 2787 1358 2809 ,
1399 2744 1537 2798 ἀλλά
1564 2746 1657 2797 καὶ

97 2837 194 2899 τοῖς
223 2838 332 2907 μετ’
360 2838 608 2901 ἐκείνους
639 2839 701 2891 ὲκ
739 2836 1025 2900 διαδόσεως
1046 2837 1143 2906 τὴν
1185 2837 1356 2906 αὐτὴν
1395 2835 1656 2907 ἐποίησαν

52 2926 53 2931 “
100 2927 258 2997 χάριν.
286 2927 381 2982 Διά
400 2927 564 2981 τοῦτο
595 2928 729 2999 πρὸς
754 2928 852 2999 τὴν
882 2927 1102 2999 νύμφην
1126 2928 1288 2998 φασὶν
1316 2928 1370 2981 αἱ
1392 2924 1654 2991 νεάνιδες,

101 3017 185 3087 τὴν
213 3017 447 3092 πρώτην,
468 3020 562 3074 διὰ
589 3020 682 3073 τοῦ
715 3020 855 3074 κατά
883 3022 1057 3092 στόμα
1081 3020 1331 3091 γενέσθαι
1350 3019 1441 3073 τοῦ
1459 3020 1655 3089 Λόγου,

52 3108 55 3139 ί
102 3110 198 3164 τῶν
238 3112 452 3180 ἀγαθῶν
502 3112 917 3184 πληρωθεῖσαν,
970 3114 1065 3168 καὶ
1110 3114 1219 3166 τῶν
1262 3113 1660 3186 κεκρυμμένων

52 3204 53 3207 “
108 3205 396 3275 μυστηρίων
441 3205 807 3272 ἀξιωθεῖσαν,
845 3207 928 3259 ὃτι
996 3204 1520 3275 Ἀγαλλιασώμεθα
1564 3205 1663 3259 καὶ

54 3294 55 3319 ³
105 3295 509 3365 εὐφρανθῶμεν
531 3296 600 3350 ἐν
620 3297 740 3349 σοί.
773 3292 940 3367 Κοινὴ
964 3296 1071 3366 γὰρ
1101 3294 1257 3367 ἡμῶν
1286 3297 1401 3349 ἐστι
1430 3294 1577 3367 χαρὰ
1604 3295 1666 3349 τὸ

54 3384 55 3411 ί
108 3383 188 3437 σὺν
223 3387 569 3459 ἀγαλλίαμα,
602 3389 685 3442 ότι
718 3387 794 3451 ὡς
836 3389 899 3441 σὺ
932 3388 1030 3440 καὶ
1067 3387 1287 3458 ἀγαπᾷς
1338 3388 1477 3459 ὑπὲρ
1526 3385 1666 3442 οἶνον

107 3476 215 3539 τοὺς
253 3479 449 3548 μαζοὺς
486 3478 587 3532 τοῦ
618 3480 814 3548 Λόγου,
844 3478 987 3532 οὓτω
1030 3479 1126 3532 καὶ
1170 3481 1331 3550 ἡμεῖς
1365 3480 1446 3534 σέ.
1480 3480 1670 3551 Μιμη-

56 3566 57 3573 “
109 3564 308 3636 σώμεθα
338 3572 463 3634 σοὺς
503 3569 730 3639 μαζοὺς,
757 3568 822 3621 δι’
854 3563 927 3622 ὧν
957 3570 1083 3633 τοὺς
1107 3568 1331 3638 νηπίους
1359 3570 1416 3622 ὲν
1447 3568 1669 3640 Χριστῷ

56 3662 57 3667 “
109 3658 229 3724 γάλα
278 3662 539 3725 ποτίζεις.
599 3661 773 3733 ’Υπὲρ
814 3661 906 3714 τὸν
956 3660 1241 3733 ἄνθρωπον
1290 3662 1669 3733 ἀγαπήσωμεν

56 3768 57 3771 η
110 3744 249 3804 οἶνον.
285 3755 389 3808 Καὶ
423 3754 504 3817 ὡς
544 3754 609 3808 ἀν
646 3770 729 3817 τις
768 3756 859 3807 ἐπὶ
896 3754 957 3807 τὸ
992 3752 1327 3824 σαφέστερον
1363 3753 1668 3826 προαγάγοι

56 3854 57 3867 ‘
112 3840 162 3894 τὺ
204 3843 401 3915 νόημα,
455 3845 700 3900 τοιοῦτόν
741 3848 855 3899 ἐστι
905 3846 965 3899 τὸ
1013 3846 1337 3918 λεγόμενον·
1387 3846 1670 3918 Ἠγάπησε

55 3932 58 3945 ⁵
113 3932 222 3996 τοὺς
252 3935 449 4004 μαζοὺς
483 3934 581 3989 τοῦ
613 3936 810 4005 Λόγου,
841 3938 868 3989 ὁ
903 3937 994 3990 ἐπὶ
1021 3938 1083 3990 τὸ
1109 3937 1302 4008 στῆθος
1334 3936 1429 3992 τοῦ
1466 3939 1670 4010 Κυρίου

114 4022 377 4079 ἀναπεσὼν
413 4026 692 4097 Ἰωάννης,
723 4028 818 4080 καὶ
841 4021 951 4080 οἷόν
976 4045 1099 4081 τινα
1124 4029 1394 4097 σπογγιάν
1418 4030 1515 4101 τὴν
1541 4031 1672 4084 ἑαυ-ι

58 4140 59 4143 η
115 4112 195 4167 τοῦ
232 4117 450 4188 καρδίαν
486 4118 757 4188 παραθεὶς
789 4122 855 4190 τῇ
888 4122 1039 4191 πηγῇ
1076 4119 1177 4191 τῆς
1209 4117 1375 4191 ζωῆς,
1409 4120 1504 4175 καὶ
1535 4121 1673 4193 πλή-

58 4206 59 4213 “
120 4222 204 4277 ρης
227 4207 285 4262 ἔκ
316 4227 458 4275 τινος
491 4212 733 4283 ἀρρήτου
770 4211 1059 4276 διαδόσεως
1090 4210 1201 4267 τῶν
1220 4212 1561 4283 ἐγκειμένων
1575 4216 1674 4286 τῇ²

117 4296 196 4349 τοῦ
225 4299 452 4372 Χριστοῦ
495 4300 809 4372 μυστηρίων
844 4303 1167 4374 γενόμενος,
1202 4304 1296 4356 καὶ⁴
1328 4304 1459 4372 ἡμῖν
1490 4302 1673 4374 ἐπέχει

556 2386 611 2432 et
660 2368 875 2432 audiret
940 2377 1104 2432 verba
1164 2389 1287 2445 quae
1343 2389 1452 2429 non
1522 2374 1650 2428 licet
1688 2374 1893 2444 eloqui.

1837 2470 1969 2536 Quae
1997 2478 2177 2527 autem
2211 2472 2476 2542 deinceps
2504 2470 2752 2542 sequitur
2783 2469 2977 2537 dictio,
3004 2466 3346 2524 ecclesiasti-

1763 2574 1882 2614 cam
1910 2563 2275 2616 oeconomiam
2341 2562 2522 2618 verbis
2545 2563 2743 2633 aperit.
2795 2560 2930 2615 Nam
2961 2560 3054 2630 qui
3106 2562 3346 2629 primum

1762 2652 1987 2706 fuerunt
2014 2655 2192 2724 gratia
2216 2654 2443 2718 eruditi,
2495 2663 2551 2709 et
2589 2654 2682 2724 qui
2710 2654 2946 2710 Verbum
2985 2652 3222 2721 primum
3262 2650 3345 2703 vi-

1764 2745 1989 2809 derunt,
2034 2746 2162 2802 etei
2200 2746 2612 2811 ministrarunt,
2645 2760 2755 2799 non
2800 2744 2856 2798 in
2903 2744 3103 2811 seipsis
3139 2743 3346 2797 bonum

1763 2840 2350 2910 circumscripserunt,
2410 2839 2505 2896 sed
2545 2839 2712 2894 etiam
2785 2837 3027 2907 posteris
3096 2834 3348 2891 eamdem

1764 2938 2097 3001 paraverunt
2127 2931 2358 3000 gratiam
2383 2930 2424 2986 ³.
2455 2928 2752 2999 Propterea
2786 2925 2978 2980 dicunt
3015 2924 3341 2979 adolesccno

1763 3023 1891 3077 tulae
1920 3022 1987 3077 ad
2022 3037 2303 3092 sponsam,
2351 3038 2473 3091 qua:
2494 3021 2670 3091 prima
2696 3018 2855 3074 bonis
2884 3017 2982 3071 fuit
3019 3016 3242 3085 repleta,
3287 3022 3345 3070 et

1764 3118 1998 3174 occultis
2047 3117 2329 3190 mysteriis
2373 3116 2479 3171 fuit
2519 3117 2685 3186 digna
2715 3133 2733 3170 :
2763 3122 3055 3185 propterea
3088 3110 3236 3181 quod
3277 3124 3347 3164 ex

1764 3226 1861 3266 ore
1888 3210 2053 3265 verba
2087 3224 2152 3264 ea
2184 3209 2473 3264 hauserit:
2496 3208 2834 3261 Exsultemus
2867 3213 2917 3258 et
2945 3204 3182 3257 lwtemur
3205 3204 3347 3255 inte.

1767 3302 2090 3358 Communis
2138 3301 2290 3356 enim
2327 3307 2519 3356 nostra
2554 3298 2742 3353 laetitia
2784 3306 2868 3353 est
2906 3304 2997 3349 tua
3033 3292 3350 3357 exsultatio,

1766 3392 2029 3462 quoniam
2069 3391 2213 3446 sicut
2253 3398 2311 3444 tu
2342 3404 2497 3444 amas
2533 3403 2698 3458 supra
2737 3388 2923 3442 vinum
2966 3386 3136 3439 ubera
3162 3383 3351 3448 Verbi,

1768 3483 1845 3537 ita
1876 3496 1978 3537 nos
1999 3496 2220 3551 quoque
2250 3489 2318 3535 te.
2349 3478 2633 3534 Imitemur
2662 3477 2829 3532 ubera
2868 3484 2958 3529 tua
3003 3490 3103 3545 per
3147 3488 3271 3543 qua:
3296 3483 3353 3526 tu

1769 3573 1909 3628 lacte
1950 3582 2106 3642 potas
2128 3585 2225 3626 eos
2256 3568 2351 3640 qui
2373 3576 2502 3623 sunt
2546 3566 2788 3622 infantes
2810 3566 2864 3619 in
2889 3565 3138 3619 Christo.
3172 3560 3354 3630 Supra

1772 3662 2046 3717 hominem
2083 3675 2332 3716 amemus
2363 3659 2578 3714 vinum.
2613 3659 2680 3712 Et
2718 3665 2776 3711 ut
2802 3669 3001 3711 sensus
3033 3655 3126 3706 ﬁat
3158 3652 3357 3707 diluci-
3434 3679 3443 3687 ο

1773 3751 1914 3815 dior,
1954 3752 2062 3806 tale
2105 3760 2190 3807 est
2223 3751 2276 3805 id
2302 3747 2449 3820 quod
2474 3747 2679 3802 dicitur
2708 3766 2722 3802 :
2755 3744 2918 3801 Verbi
2952 3744 3157 3797 amavit
3183 3743 3355 3798 ubera

1773 3844 1865 3913 qui
1898 3858 2060 3914 supra
2087 3850 2282 3913 pectus
2315 3840 2529 3896 Domini
2562 3839 2617 3894 in
2646 3854 2803 3897 cmna
2837 3838 3112 3902 recubuit,
3152 3844 3208 3892 et
3250 3835 3359 3891 vel-

1774 3939 1852 3992 uti
1895 3936 2189 4006 quamdam
2237 3935 2522 4005 spongiam
2568 3948 2663 3988 cor
2715 3948 2876 3988 suum
2922 3932 3181 4003 apposuit
3220 3928 3358 3985 fonti

1774 4032 1919 4092 vitae,
1956 4038 2009 4084 et
2055 4045 2119 4084 ex
2171 4026 2433 4082 incll‘abili
2489 4024 2727 4096 quadam
2772 4024 3075 4079 traditione
3115 4023 3358 4093 repletus

1733 4179 1741 4187 ,
1774 4122 1978 4177 Christi
2003 4120 2301 4192 mysteriis,
2347 4118 2508 4173 nobis
2546 4133 2767 4188 quoque
2800 4117 3022 4172 exhibet
3058 4116 3359 4171 mamillam

1780 4213 2011 4270 aVerbo
2045 4211 2345 4281 impletam,
2391 4225 2606 4280 nosque
2654 4209 2844 4279 implet
2887 4208 3050 4264 bonis
3090 4223 3211 4277 qua:
3255 4205 3360 4261 eia

1779 4304 1931 4360 fonte
1972 4310 2104 4360 sunt
2168 4302 2362 4365 indita,
2424 4315 2618 4371 magna
2669 4315 2805 4355 voce
2863 4298 3171 4369 praedicans
3218 4297 3361 4366 quod

116 4389 202 4458 τὴν
233 4392 607 4464 πληρωθεῖσαι)
638 4393 741 4448 ὑπό
768 4395 861 4447 τοῦ
891 4394 1063 4463 Λόγου
1098 4393 1287 4465 θηλὴν,
1319 4395 1414 4448 καὶ
1453 4394 1661 4465 πλήρεις

1785 4412 2006 4468 semper
2032 4401 2120 4449 est
2148 4394 2409 4450 Verbum.
2445 4390 2601 4447 Unde
2642 4406 2743 4447 nos
2789 4405 3010 4461 quoque
3057 4391 3252 4444 merito
3282 4389 3362 4442 illi

60 4488 61 4499 ‘
119 4486 248 4536 ποιεῖ
271 4485 375 4538 τῶν
404 4486 729 4540 ὲντεθέντων
749 4486 898 4555 αὖτῷ
928 4487 1077 4556 παρὰ
1102 4487 1201 4557 τῆς
1223 4486 1408 4556 πηγῆς
1429 4487 1677 4565 ἀγαθῶν,

118 4575 384 4644 κηρύσσων
415 4580 471 4631 ὲν
515 4578 898 4650 μεγαλοφωνία
926 4575 1015 4632 τὸν
1049 4578 1135 4631 ἀεὶ
1167 4577 1296 4632 ὄντα
1328 4578 1520 4645 Λόγον·
1558 4578 1680 4631 ὅθεν

60 4674 61 4679 ‘
120 4663 324 4732 εἰκότως
363 4672 456 4723 καὶ
503 4672 664 4741 ἡμεῖς
699 4670 835 4741 πρὸς
868 4670 1028 4723 αὑτὸν
1066 4670 1300 4742 ἐροῦμεν
1324 4708 1338 4733 ,
1371 4670 1452 4723 ὅτι
1508 4670 1679 4739 Ἀγα-

120 4755 387 4829 πήσωμεν
402 4763 680 4831 μασθούς
700 4776 817 4817 σου
838 4760 989 4829 ὑπὲρ
1016 4756 1203 4815 οἶνον.
1227 4761 1400 4830 Εἴπερ
1423 4760 1488 4831 δὴ
1516 4759 1686 4814 τοιοῦ-

121 4861 191 4899 τοι
242 4853 577 4924 γεγόναμεν,
624 4853 700 4917 ὡς
737 4853 974 4918 νεάνιδες
1023 4849 1185 4920 εἶναι,
1233 4854 1343 4927 καὶ,
1379 4856 1517 4925 μήτε
1563 4856 1683 4917 ταῖς

62 4952 63 4959 ‘
122 4943 266 5009 φρεσὶ
295 4946 580 5016 νηπιάζειν
611 4945 714 5000 ὑπὸ
741 4947 841 5018 τῆς
867 4948 934 5018 τῇ
971 4946 1292 5017 ματαιότητι
1323 4946 1684 5018 συνεζευγμέ-

123 5046 205 5101 νης
236 5036 500 5109 νεότητος,
539 5038 675 5111 μήτε
706 5038 1049 5110 ρυτιδοῦσθαι
1074 5038 1141 5091 δι’
1172 5039 1447 5111 ἁμαρτίας
1475 5041 1533 5092 ὲν
1578 5056 1682 5091 πα-

122 5119 345 5197 λαιότητι
378 5130 448 5201 τῇ
480 5132 559 5194 είς
597 5130 906 5200 ἀφανισμὸν
945 5130 1331 5203 καταληγούσῃ
1351 5148 1364 5161 ·
1406 5130 1496 5184 διὰ
1527 5130 1687 5184 τοῦτο

123 5211 173 5265 δὲ
208 5214 504 5292 ἀγαπῶμεν
550 5224 649 5293 τὴν
701 5223 812 5277 τῶν
861 5224 971 5278 σῶν
1016 5224 1363 5295 διδαγμάτων
1399 5222 1685 5295 ἐπιῤῥοὴνν

64 5314 65 5333 ξ
124 5305 198 5358 ὅτι
231 5309 304 5362 Σὲ
332 5313 368 5380 ἡ
406 5314 663 5381 εὐθύτης
691 5313 1030 5384 ἠγάπησεν·
1062 5308 1217 5378 οὗτος
1245 5316 1355 5387 γάρ
1383 5318 1410 5369 δ
1438 5314 1687 5386 μαθητὴς

64 5396 65 5399 “
125 5392 178 5445 ὃν
218 5400 400 5468 ἠγάπα
434 5406 463 5457 ό
521 5386 765 5475 Ἰῆσοῦς·
812 5405 1020 5478 Ἰησοῦς
1062 5405 1120 5459 δέ
1155 5407 1301 5461 ἐστιν
1328 5386 1387 5477 γὴ
1434 5405 1685 5477 εὐθύτης.

66 5504 69 5515 ν
127 5486 340 5545 Κάλλιον
366 5495 422 5548 δὲ
453 5497 545 5549 καὶ
583 5496 1050 5568 θεοπρεπέστερον
1087 5501 1117 5551 ό
1154 5497 1312 5567 λόγος
1347 5492 1501 5562 οὗτος
1539 5497 1690 5567 παρὰ

66 5596 69 5605 ι
126 5576 206 5630 τὸν
248 5588 526 5657 προφήτην
574 5587 741 5641 Δαϐὶδ
777 5588 1031 5658 ὀνομάζει
1072 5590 1163 5643 τὸν
1201 5588 1427 5662 Κύριον.
1480 5590 1538 5641 '0
1594 5589 1691 5659 μὲν

66 5668 69 5683 ⁸
130 5664 224 5736 γάρ
252 5687 432 5742 φησιν,
469 5676 549 5730 ὅτι
589 5676 786 5743 Εὐθὺς
815 5680 1028 5744 Κύριος
1067 5682 1099 5733 ὀ
1131 5680 1302 5745 Θεός·
1335 5674 1486 5742 οὗτος
1516 5679 1570 5732 δὲ
1602 5681 1691 5732 εὑ-

192 5842 365 5902 Ῥ1ι11.
405 5867 488 5918 ιιι,
522 5855 606 5910 13.
685 5857 766 5911 ³11
805 5860 930 5914 Cor.
966 5875 1063 5925 xu,
1110 5860 1126 5912 l
1174 5876 1296 5929 sqq.

1410 5862 1423 5889 "
1448 5855 1608 5914 Joan.
1647 5876 1757 5924 xu,
1787 5860 1837 5913 7.

1782 4488 2066 4543 dicemus:
2108 4482 2406 4552 Diligamus
2456 4481 2623 4536 ubera
2701 4490 2794 4534 tua
2855 4496 3019 4550 supra
3070 4480 3271 4534 vinum.
3306 4478 3363 4533 Si

1784 4582 1969 4651 itaque
2002 4591 2195 4634 sumus
2243 4572 2537 4645 ejusmodi,
2580 4582 2641 4627 ut
2698 4573 2873 4629 simus
2922 4572 3361 4635 adulescentulas,

1782 4684 1837 4729 et
1865 4686 2043 4742 neque
2101 4678 2285 4723 mente
2323 4667 2501 4722 simus
2545 4664 2785 4721 infantes
2842 4664 2914 4720 ob
2948 4665 3177 4719 vanitati
3228 4679 3365 4719 con-

1778 4766 2027 4837 junctam
2048 4762 2418 4832 iuventutem,
2457 4773 2636 4829 neque
2662 4757 2815 4828 rugis
2844 4755 3218 4812 deformemur
3250 4773 3367 4827 pro-

1784 4866 1903 4929 pter
1936 4861 2249 4926 peccatum,
2282 4850 2425 4922 quod
2453 4852 2508 4905 in
2551 4857 2828 4905 vetustate
2859 4848 3061 4904 desinit
3092 4848 3145 4902 in
3178 4849 3368 4903 interi.

1785 4956 1935 5012 tum;
1970 4953 2262 5017 prapterca
2292 4951 2477 4997 autem
2511 4940 2791 5017 diligimus
2824 4950 3045 4995 tuorum
3064 4937 3367 4994 documen-

1785 5016 2288 5099 torumrinlluxum,
2343 5034 2486 5101 Quia
2513 5041 2559 5088 te
2584 5016 2778 5086 dilexit
2824 5031 3107 5087 rectitude.
3153 5031 3251 5086 llic
3284 5040 3366 5086 est

1788 5132 1934 5187 enim
1969 5126 2296 5199 discipulus,
2329 5140 2492 5196 quem
2530 5123 2791 5194 diligebat
2820 5122 3047 5179 Jesus‘:
3072 5122 3234 5177 Jesns
3278 5137 3368 5174 au-

1789 5232 1898 5277 tem
1928 5230 2013 5277 est
2043 5218 2339 5275 rectitude.
2370 5215 2669 5275 Pulchrius
2710 5223 2895 5269 autem
2932 5221 2986 5267 et
3017 5212 3128 5267 Deo
3166 5229 3369 5266 enare.

1792 5315 2035 5369 nientius
2059 5313 2147 5366 hic
2182 5311 2320 5365 liber
2368 5309 2614 5364 nominat
2677 5307 2967 5361 Domimnn
3024 5319 3187 5374 quam
3236 5320 3365 5374 pro-

1792 5407 1954 5477 pheta
1991 5403 2183 5458 David.
2213 5401 2384 5456 David
2420 5401 2567 5456 enim
2621 5398 2754 5453 dicit
2784 5415 2795 5449 :
2827 5395 3015 5449 Rectus
3053 5405 3130 5450 est
3187 5396 3371 5449 Damt-

1793 5514 1891 5552 mu
1915 5498 1957 5550 ³.
1993 5496 2093 5551 llic
2125 5502 2451 5550 autemeum
2482 5498 2637 5545 vocat
2658 5487 3065 5551 rectitudinem,
3086 5503 3194 5557 quo
3216 5490 3377 5556 quid-

1794 5591 1925 5661 quid
1961 5599 2047 5663 est
2084 5588 2369 5656 obliquum
2394 5583 2689 5652 corrigitur
2717 5590 2772 5636 et
2799 5579 3089 5634 deducitur
3115 5580 3179 5634 ad
3217 5581 3381 5632 recti-

1798 5681 2064 5737 tudincm.
2090 5678 2196 5735 Sed
2222 5684 2275 5736 in
2305 5676 2462 5733 nobis
2492 5689 2706 5744 quoque
2743 5674 2852 5734 liat,
2897 5680 2954 5725 ut
2983 5672 3247 5743 quidquid
3287 5684 3370 5727 Cal

1942 5860 1959 5888 "
1982 5858 2126 5914 l’sal.
2164 5875 2271 5922 χει,
2320 5860 2402 5912 lo.
