3874 6366
121 378 229 434 789

1201 377 1263 430 IN
1305 377 1598 433 CANTICA
1638 373 2200 434 CANTICJIOMILIA
2241 380 2304 435 Il.

3271 386 3375 440 790

123 495 313 564 μένοις
336 493 406 562 τῇ
432 489 572 556 λέξει
596 490 861 560 νοήμασίν
890 489 1064 557 ἐστιν,
1093 493 1144 543 εἰ
1177 491 1336 560 μόνον
1362 492 1700 562 ἐπιτηδείους

1816 496 2088 550 sententiis
2113 510 2232 565 quae
2259 496 2426 550 latent
2446 498 2498 550 in
2527 496 2840 560 dictionc,si
2868 497 3028 554 modo
3045 499 3166 553 vita:
3184 515 3371 553 curam

125 585 262 655 πρὸς
294 582 396 654 τὴν
426 584 504 646 εἰς
533 581 602 635 τά
628 583 792 650 ’Ἅγια
818 581 924 636 τῶν
955 582 1122 650 ἁγίων
1153 582 1354 636 εἴσοδον
1381 583 1607 646 ἑαυτοὺς
1639 583 1704 636 δι’

125 672 454 743 ἐπιμελείας
482 671 576 724 τοῦ
613 671 727 742 βίου
754 674 1100 743 ποιήσαιμεν,
1125 672 1205 743 τῷ
1233 674 1451 744 λουτῆρι
1483 675 1577 727 τοῦ
1605 675 1708 727 Λό-

127 781 226 831 γου
270 763 457 816 πάντα
503 761 673 831 ῥύπον
720 763 950 833 αἰσχρᾶς
997 762 1204 826 ἐννοίας
1245 764 1704 835 ἀποκλυσάμενοι,

132 855 348 925 μήποτε
384 853 705 925 θνήσκοντες
738 853 892 924 παρά
926 853 988 906 τὸ
1015 853 1381 926 παράγγελμα
1402 856 1496 908 τοῦ
1519 856 1704 927 νόμου,

131 945 460 1016 θνησιμαίου
501 946 802 1014 νοήματος,
841 944 874 1014 ἦ
923 961 1066 1008 τινος
1102 944 1212 998 τῶν
1264 944 1586 1017 ἀκαθάρτων
1623 947 1709 999 ὲν-

130 1037 344 1107 θυμίων
393 1036 688 1106 ἁψάμενοι,
749 1036 969 1090 ἀθέατοι
1012 1036 1122 1090 τῶν
1171 1038 1320 1100 ὲντὺς
1356 1037 1458 1105 τῆς
1503 1038 1708 1108 σκηνῆς

133 1127 433 1198 θαυμάτων
463 1126 928 1196 ἀποκλεισθῶμεν.
955 1128 1029 1180 Οὐ
1050 1127 1159 1199 γὰρ
1199 1129 1562 1199 παραδέχεται
1599 1130 1709 1184 τῶν

132 1223 391 1278 τοιούτων
430 1223 530 1295 τὴν
580 1223 782 1277 εἴσοδον
819 1225 848 1276 ὁ
889 1223 984 1276 τοῦ
1033 1223 1342 1292 πνεύματος
1388 1225 1582 1295 νόμος,
1615 1225 1708 1279 ἐὰν

139 1317 209 1386 μή
249 1333 334 1378 τις
385 1315 558 1388 πλύνῃ
602 1315 662 1368 τὸ
690 1317 789 1386 τῆς
829 1317 1182 1387 συνειδήσεως
1229 1315 1422 1369 ἑαυτοῦ
1470 1317 1705 1387 ἱμάτιον,

134 1407 276 1460 κατὰ
313 1408 376 1459 τὸ
419 1409 695 1470 Μωῦσέως
724 1408 1108 1479 παράγγελμα,
1136 1408 1165 1461 ὁ
1199 1410 1400 1481 νεκρᾶς
1429 1427 1574 1473 τινος
1615 1412 1711 1465 καὶ

139 1495 434 1565 βδελυκτῆς
465 1495 673 1558 έννοίας
706 1495 1002 1566 ἁψάμενος.

210 1570 467 1652 Ἀγείδὲ
510 1587 603 1641 τὸν
660 1586 814 1655 λόγον
869 1590 902 1657 ἠ
940 1587 1228 1642 ἀκολουθία
1267 1590 1376 1644 τῶν
1409 1589 1708 1662 προεξητα-

144 1677 350 1746 σμένων
377 1679 516 1749 πρὸς
537 1680 637 1749 τὴν
658 1679 888 1751 θεωρίαν
909 1681 1018 1734 τῶν
1044 1682 1196 1752 παρὰ
1217 1682 1316 1752 τῆς
1335 1683 1553 1754 νύμφης
1575 1684 1710 1754 πρὸς

1807 595 2076 655 gerentes,
2117 601 2219 641 nos
2254 596 2409 657 aptos
2454 587 2852 645 reddiderimus
2890 598 2951 643 ut
3003 590 3376 660 ingrediamur

1808 678 1862 730 in
1888 676 2085 732 Sancta
2113 689 2450 743 sanctorum,
2481 679 2698 733 lavacro
2731 678 2892 735 Verbi
2913 681 3083 734 abluti
3115 680 3376 736 sordibus

1807 766 2078 822 obscoenas
2103 769 2467 841 cogitationis,
2489 785 2556 824 ne
2589 771 2634 824 si
2662 781 2854 840 praeter
2885 771 3017 841 legis
3040 781 3384 840 przeceptum.

1809 860 2151 914 morticinam
2199 861 2397 916 mentis
2429 863 2862 930 conceptionem,
2912 870 3005 916 aut
3036 863 3374 917 immundam

1809 952 2045 1022 aliquam
2105 951 2444 1020 attigerimus
2511 953 2934 1023 cogitationem,
2993 953 3380 1017 excludamur,

1808 1056 1910 1095 nec
1941 1042 2371 1110 contemplemur
2395 1043 2658 1095 miracula
2698 1057 2820 1112 qua:
2853 1052 2980 1097 sunt
3014 1043 3154 1098 intra
3195 1043 3378 1098 taber-

1808 1133 2088 1188 naculum.
2131 1131 2238 1188 Lex
2269 1133 2412 1187 enim
2457 1135 2684 1203 spiritus
2725 1150 2832 1188 non
2870 1136 3133 1205 permittit
3175 1144 3235 1189 ut
3281 1135 3374 1206 qui

1810 1235 2080 1278 mortuam
2124 1236 2177 1280 et
2215 1210 2632 1280 abominandam
2680 1228 2918 1294 tetigerit
2967 1228 3372 1296 cogitationem.

1810 1317 2166 1388 ingrediatur,
2221 1318 2348 1380 nisi,
2421 1325 2480 1370 ut
2528 1317 2774 1388 prtecipit
2847 1317 3023 1374 Moses
3048 1319 3094 1382 ⁸,
3143 1317 3376 1373 abluerit

1810 1419 2016 1466 vestem
2042 1425 2155 1465 suae
2188 1409 2557 1465 conscientiae.

1877 1589 2192 1647 Orationem
2251 1597 2432 1645 autem
2464 1581 2698 1644 deducit
2735 1587 3126 1659 consequentia
3187 1603 3377 1644 eorum

1809 1698 1931 1754 quae
1976 1683 2129 1752 prius
2187 1688 2317 1736 sunt
2359 1680 2707 1745 examinata,
2756 1679 2824 1734 ad
2865 1678 3378 1748 contemplationem

138 1769 232 1830 τὰς
261 1769 510 1832 νεάνιδας
555 1771 880 1840 εἰρημένων.
921 1775 1076 1827 Ἔστι
1113 1775 1170 1827 δὲ
1195 1773 1372 1828 ταῦτα
1395 1791 1408 1805 ·
1438 1772 1710 1828 Μέλαινά

1816 1791 1997 1830 eorum
2041 1788 2161 1844 qua:
2210 1787 2240 1826 a
2296 1786 2494 1856 sponsa
2546 1772 2691 1826 dicta
2748 1778 2877 1826 sunt
2929 1770 3375 1825 adolescentulis.

140 1862 248 1926 εἰμι
273 1860 370 1915 καὶ
399 1859 580 1928 καλὴ,
606 1834 921 1930 θύγατέρες
955 1864 1359 1933 Ἰερουσαλὴμ,
1385 1866 1465 1931 ὡς
1485 1858 1711 1932 σκηύώ-

1816 1865 1937 1920 Haec
1983 1834 2158 1918 auiem
2190 1834 2372 1918 suntfz
2413 1861 2581 1931 Nigra
2610 1877 2727 1916 sum
2756 1869 2804 1914 et
2834 1862 3068 1930 formosa
3088 1899 3101 1924 ,
3131 1859 3260 1927 ﬁlia:
3289 1858 3378 1912 Je-

136 1968 288 2018 ματα
319 1951 524 2019 Κηδὰρ
547 1993 561 2017 ,
587 1954 666 2018 ὡς
697 1953 925 2022 assem
957 1955 1258 2024 Σολομὼν.
1283 1956 1477 2019 Καλῶς
1506 1958 1539 2027 ὴ
1567 1955 1711 2010 διδά-

146 2041 331 2104 σκαλος
357 2043 452 2110 ἀφ’
475 2036 549 2097 ὧν
575 2044 682 2097 ἔδει
701 2049 822 2109 ταῖς
848 2047 1312 2118 μαθητευομέναις
1334 2049 1528 2118 ψυχαῖς
1548 2049 1710 2118 ἆρχε-

143 2151 224 2186 ται
251 2135 521 2190 ποιεῖσθαι
545 2137 653 2190 τῶν
678 2139 900 2206 ἀγαθῶν
925 2140 1023 2210 τὴν
1057 2141 1332 2211 ὑφήγησιν
1350 2156 1364 2170 ’
1397 2141 1452 2192 αἱ
1485 2140 1580 2209 μὲν
1602 2140 1710 2210 γὰρ

146 2223 438 2294 προθύμως
469 2227 673 2297 ἔχουσι,
702 2229 768 2282 δι’
791 2223 866 2283 ὧν
904 2229 1356 2298 ἐπαγγέλλονται,
1384 2231 1580 2293 παντὸς
1613 2231 1709 2282 ἀν-

146 2312 404 2381 θρωπίνου
472 2316 670 2385 λόγου,
730 2318 790 2372 ὃν
846 2315 987 2373 οῐνον
1039 2321 1314 2392 τροπικῶς
1363 2321 1706 2392 ὀνομάζουσι,

145 2406 538 2478 προτιμοτέραν
568 2408 836 2463 ποιεῖσθαι
881 2409 979 2480 τὴν
1023 2413 1088 2464 ἐκ
1123 2411 1234 2463 τῶν
1281 2411 1512 2478 λογικῶν
1541 2412 1712 2481 αὐτῆς

148 2492 324 2558 μαζῶν
353 2495 731 2566 ἀπορρέουσαν
782 2497 938 2569 χάριν
965 2538 979 2560 ,
1013 2499 1184 2562 οὕτως
1219 2500 1468 2554 εἰποῦσαι
1498 2501 1572 2571 τῷ
1616 2503 1712 2573 ῥή-

150 2598 268 2650 ματι
286 2621 301 2646 ,
331 2584 411 2637 ὅτι
453 2585 869 2657 Ἀγαπήσομεν
893 2591 1168 2656 μασθούς
1197 2609 1313 2645 σου
1346 2592 1496 2660 ὑπὲρ
1521 2589 1707 2659 οἶνον,

147 2672 340 2739 ἐπειδή
371 2691 448 2728 σε
481 2678 520 2744 ὴ
548 2679 804 2746 εὐθύτης
831 2680 1170 2748 ἠγάπησεν.
1209 2683 1273 2736 Ἦ
1305 2683 1360 2736 δὲ
1393 2684 1710 2755 προσθήκην

153 2766 283 2814 ποιεῖ
312 2769 432 2828 ταῖς
474 2767 941 2838 μαθητευομέναις
976 2770 1070 2823 τοῦ
1119 2775 1248 2842 περὶ
1283 2773 1453 2844 αὐτὴν
1500 2775 1710 2846 θαύμα-

151 2866 232 2914 τος
253 2867 266 2882 ·
284 2854 356 2918 ὡς
376 2855 441 2909 ἂν
465 2857 664 2925 μᾶλλον
693 2858 958 2928 μάθοιμεν
985 2860 1083 2930 τὴν
1112 2861 1419 2933 ἀμέτρητον
1449 2863 1541 2916 τοῦ
1572 2883 1710 2935 νυμ-

129 2942 263 3027 φίου
315 2945 761 3016 φιλανθρωπίαν,
817 2948 913 3002 τοῦ
963 2951 1052 3004 διά
1090 2953 1189 3022 τῆς
1234 2954 1456 3024 ἀγάπης
1484 2957 1710 3010 ὲπιὸάλ-

155 3032 322 3098 λοντος
341 3039 404 3106 τῇ
426 3038 780 3122 ἀγαπηθείσῃ
803 3039 863 3093 τὸ
894 3041 1106 3107 κάλλος.
1129 3043 1214 3114 Μὴ
1239 3045 1556 3118 θαυμάσητε
1579 3049 1708 3120 γὰρ,

1810 1957 2063 2019 rusalem,
2095 1955 2228 2008 sicut
2265 1951 2605 2006 tabernacula
2636 1949 2832 2016 Cedar,
2864 1951 3001 2003 sicut
3037 1949 3193 2018 pelles
3221 1948 3380 2003 Salo-

1809 2048 1998 2102 monis.
2044 2046 2211 2101 Recte
2251 2053 2431 2100 autem
2481 2043 2673 2113 incipit
2712 2043 2972 2112 magistra
3021 2056 3088 2097 ex
3140 2040 3209 2095 iis
3257 2054 3380 2109 quas

1807 2140 2051 2211 oportuit
2091 2139 2375 2193 animabus
2412 2154 2534 2207 quae
2571 2137 2787 2190 discunt
2827 2137 3094 2191 bonorum
3137 2133 3379 2203 praebere

1807 2232 2251 2301 explicationem.
2281 2229 2414 2283 Nam
2442 2230 2547 2284 illae
2573 2228 2814 2298 quidem,
2837 2242 2933 2296 per
2971 2241 3033 2282 ea
3060 2241 3180 2295 quae
3215 2224 3378 2295 proti-

1809 2333 2011 2386 tentur,
2045 2328 2172 2376 sunt
2201 2327 2450 2390 prompto
2473 2328 2527 2374 et
2557 2320 2723 2373 alacri
2758 2317 2966 2383 animo,
2995 2324 3054 2371 ut
3079 2316 3253 2371 cuivis
3279 2315 3379 2369 hu-

1810 2429 1984 2468 manae
2011 2412 2232 2473 rationi,
2264 2426 2427 2480 quam
2473 2411 2678 2479 tropice
2709 2410 2893 2463 vinum
2915 2408 3218 2470 nominant,
3249 2423 3381 2476 prae-

1810 2503 1985 2558 ferant
2004 2517 2125 2572 qna:
2141 2519 2205 2556 ex
2228 2503 2437 2556 ratione
2461 2500 2702 2569 praeditis
2728 2499 2848 2567 ejus
2874 2499 3135 2552 uberibus
3161 2497 3380 2567 proﬂuit

1810 2597 2063 2666 gratiam,
2090 2594 2178 2649 bis
2224 2594 2405 2648 verbis
2449 2592 2693 2646 dicentes
2725 2608 2738 2643 :
2779 2589 3067 2659 Diligemus
3097 2588 3255 2643 ubera
3287 2597 3380 2642 tua

1811 2701 1971 2753 supra
2001 2685 2205 2748 vinum,
2239 2683 2364 2752 quia
2403 2690 2450 2736 te
2502 2681 2692 2734 dilexit
2731 2679 3012 2734 rectitudo.
3049 2679 3167 2748 lpsa
3196 2685 3378 2734 autem

1808 2775 2146 2831 discentibus
2191 2773 2338 2828 addit
2386 2773 2742 2834 miraculum,
2791 2770 2937 2841 quod
2983 2771 3038 2822 in
3072 2785 3131 2823 se
3174 2769 3375 2823 factum

1808 2877 1910 2933 est,
1940 2873 1998 2920 ut
2026 2865 2198 2934 magis
2223 2864 2502 2931 discamus
2538 2863 2859 2916 immensam
2895 2861 3080 2930 sponsi
3118 2861 3374 2929 benigni-

1809 2966 1996 3021 tatem,
2027 2956 2120 3026 qui
2149 2955 2359 3010 dilecta'
2391 2969 2486 3024 per
2518 2953 2864 3008 dilectionem
2902 2953 3099 3007 indidit
3137 2953 3378 3022 pulchr-in

1812 3049 2076 3103 tudinem.
2118 3046 2314 3111 Nolite,
2351 3044 2549 3114 inquit,
2583 3045 2792 3108 mirari,
2829 3043 2976 3113 quod
3011 3057 3096 3098 me
3125 3043 3382 3098 dilexerit

156 3126 323 3220 φησὶν,
354 3129 435 3220 δτι
477 3129 546 3199 μὲ
582 3129 810 3204 εὐθύτης
844 3136 1149 3206 ἠγάπησεν,
1191 3137 1306 3191 ἀλλ’
1335 3139 1416 3192 ὅτι
1455 3140 1710 3210 μέλαιναν

1817 3139 2122 3204 rectitudo;
2157 3137 2251 3192 sed
2286 3136 2429 3205 quod
2450 3175 2466 3200 ,
2494 3151 2616 3190 cum
2644 3135 2796 3206 nigra
2829 3149 3007 3190 essem
3041 3144 3296 3204 peccato,
3325 3143 3382 3188 et

156 3211 306 3270 οὖσαν
339 3219 397 3285 ἐξ
447 3221 725 3291 ἁμαρτίας
745 3262 761 3287 ,
797 3223 891 3278 καὶ
929 3229 1419 3300 προσῳκειωμένην
1451 3229 1529 3300 τῷ
1561 3231 1708 3300 ζόφῳ

157 3307 238 3361 διὰ
266 3311 368 3363 τῶν
392 3312 573 3383 ἔργων
591 3355 606 3379 ,
645 3315 814 3385 καλὴν
847 3315 935 3370 διὰ
964 3317 1064 3387 τῆς
1090 3319 1309 3391 ἀγάπης
1330 3320 1582 3392 ἐποίησέν
1601 3361 1616 3385 ,
1649 3322 1710 3374 τὸ

160 3397 274 3451 ἴδιον
300 3403 490 3481 κάλλος
538 3404 673 3474 πρὸς
717 3405 778 3458 τὸ
823 3406 953 3474 ἐμὸν
988 3404 1171 3477 αἶσχος
1222 3411 1707 3482 ἀνταλλαξάμενος.

158 3487 409 3555 Μεταθεὶς
436 3491 548 3562 γάρ
576 3492 712 3563 πρὸς
743 3495 932 3550 ἑαυτὸν
962 3496 1052 3550 τὸν
1096 3498 1205 3551 τῶν
1237 3499 1385 3569 ἐμῶν
1427 3502 1711 3573 ἁμαρτιῶν

163 3577 335 3646 ῥύπον,
371 3583 642 3652 μετέδωκέ
673 3601 762 3654 μοι
793 3586 892 3654 τῆς
922 3587 1114 3641 ἑαυτοῦ
1153 3589 1522 3662 καθαρότητος
1542 3633 1557 3657 ,
1595 3609 1710 3646 κοι-

160 3671 312 3723 νωνόν
349 3690 415 3742 με
466 3673 562 3727 τοῦ
613 3672 806 3727 ἑαυτοῦ
855 3676 1084 3741 κάλλους
1135 3680 1615 3750 ἀπεργασάμενος’
1655 3682 1712 3745 ὃς

161 3760 358 3828 πρῶτον
384 3763 636 3832 ἐποίησεν
667 3763 724 3829 ἐξ
754 3763 1023 3834 είδεχθοῦς
1070 3767 1340 3837 ἐρασμίαν
1359 3809 1374 3833 ,
1405 3769 1499 3822 καὶ
1543 3768 1714 3833 οὕτως

162 3850 448 3921 ἠτάπησεν.
484 3855 640 3908 Μετά
695 3855 866 3908 ταῦτα
915 3857 1280 3927 προτρέπεται
1327 3857 1427 3922 τὰς
1472 3860 1715 3923 νεάνιδας

164 3942 246 3992 καὶ
275 3945 436 4009 αὐτὰς
490 3947 742 4014 γενέσθαι
785 3947 984 4011 καλὰς,
1021 3949 1082 4001 τὸ
1126 3949 1245 4002 καθ’
1293 3949 1490 4021 ἑαυτὴν
1525 3951 1716 4016 κάλλος

166 4035 590 4101 προδεικνύουσα,
627 4037 745 4091 καθ’
778 4039 1068 4110 ὁμοιότητα
1095 4039 1189 4092 τοῦ
1235 4041 1472 4110 μεγάλου
1504 4043 1716 4098 Παύλου

165 4122 425 4190 λέγοντοςο
456 4130 712 4183 Γίνεσθε
742 4131 821 4195 ὡς
866 4129 980 4198 ἐγὼ
1004 4170 1020 4197 ,
1051 4130 1142 4185 ὅτι
1179 4131 1340 4202 κάγὼ
1384 4133 1466 4199 ὡς
1511 4133 1680 4201 ὑμεῖς
1699 4150 1714 4165 ⁸

168 4214 269 4281 καὶ,
299 4221 553 4288 Μιμηται
582 4238 702 4290 μου
734 4223 992 4289 γίνεσθε,
1023 4223 1215 4289 καθὼς
1251 4224 1409 4294 κάγὼ
1437 4226 1715 4292 Χριστοῦ.

169 4307 256 4359 Διὰ
280 4311 430 4365 τοῦτο
457 4313 566 4382 γὰρ
594 4314 698 4366 οὐκ
725 4315 790 4384 ἐᾷ
822 4313 920 4377 τὰς
967 4314 1409 4386 μαθητευομένας
1447 4318 1583 4388 αύτῇ
1617 4317 1720 4388 ψυ-

169 4397 258 4465 χὰς
285 4403 414 4473 πρὸς
441 4406 502 4458 τὸ
530 4406 856 4477 παρῳχηκὸς
882 4406 975 4459 τοῦ
1007 4407 1122 4475 βίου
1158 4407 1458 4477 βλεπούσας
1487 4409 1720 4463 ἀπελπί-

1810 3246 1907 3306 per
1933 3243 2100 3299 opera
2147 3227 2323 3280 allinis
2351 3241 2529 3282 essem
2575 3232 2628 3280 et
2657 3226 2953 3294 conjuncta
2995 3223 3258 3288 tenebris,
3294 3238 3382 3278 me

1811 3321 2093 3392 pulchram
2132 3317 2322 3372 fecerit
2361 3332 2456 3387 per
2505 3316 2885 3378 dilectionem,
2937 3331 3035 3371 sua
3073 3315 3379 3386 pulchritu-

1812 3413 1939 3467 dine
1966 3417 2297 3468 commutata
2343 3422 2466 3463 cum
2502 3421 2620 3461 mea
2664 3407 3020 3476 turpitudine.
3051 3406 3107 3460 ln
3139 3422 3198 3463 se
3229 3405 3376 3461 enim

1812 3503 2091 3559 translatis
2142 3500 2396 3556 sordibus
2434 3513 2680 3553 meorum
2720 3509 3100 3568 peccatorum,
3145 3514 3230 3552 me
3280 3513 3379 3553 sua

1814 3591 2054 3662 puritate
2102 3587 2398 3657 impertiit,
2451 3587 2689 3641 eﬂiciens
2741 3587 3055 3656 participem
3109 3603 3222 3641 sua:
3260 3589 3382 3656 pul-

1815 3679 2177 3741 cbritudinis,
2225 3675 2318 3746 qui
2357 3691 2425 3730 ex
2464 3675 2694 3730 deformi
2742 3675 2974 3744 primum
3019 3675 3146 3730 fecit
3177 3677 3383 3729 amabi-

1794 3771 1943 3833 -lem,
1977 3779 2030 3824 et
2063 3769 2144 3823 sic
2172 3766 2378 3822 dilexit.
2412 3765 2602 3824 Postea
2630 3765 2952 3820 adhortatur
2983 3766 3131 3834 ipsas
3164 3780 3384 3834 quoque

1817 3857 2251 3916 adolescentulas
2272 3897 2286 3921 ,
2323 3865 2383 3911 ut
2406 3857 2516 3913 sint
2545 3857 2800 3926 pulchrae,
2829 3857 2980 3926 prius
3012 3871 3164 3910 suam
3197 3865 3384 3910 osteno

1818 3956 1954 4010 dens
2006 3951 2498 4025 pulchritudinem,
2561 3966 2666 4002 non
2722 3965 2881 4004 secus
2927 3957 3092 4018 atque
3151 3965 3383 4018 magnus

1817 4043 2020 4100 Paulus
2078 4042 2172 4112 qui
2215 4042 2350 4095 dicit
2379 4039 2398 4071 ⁷
2435 4059 2448 4094 :
2488 4039 2671 4093 Estote
2717 4041 2852 4093 sicut
2896 4055 3008 4108 ego,
3056 4055 3178 4092 nam
3213 4048 3260 4091 et
3291 4055 3384 4107 ego

1820 4134 1968 4188 sicut
1997 4149 2120 4196 vos;
2160 4139 2254 4186 et:
2291 4130 2472 4184 Estote
2513 4129 2618 4198 mei.
2665 4129 2995 4190 imitatores,
3045 4127 3178 4180 sicut
3217 4135 3266 4180 et
3294 4143 3386 4196 ego

1820 4217 2077 4278 Christi“.
2118 4221 2220 4276 Per
2246 4220 2361 4276 haec
2394 4220 2536 4274 enim
2564 4234 2677 4272 non
2717 4219 2847 4274 sinit
2880 4226 2938 4271 ut
2968 4233 3088 4288 quae
3119 4233 3148 4272 a
3199 4234 3257 4273 se
3286 4218 3386 4271 do-

1821 4320 2012 4366 centur
2041 4309 2267 4372 animae,
2319 4309 2384 4362 ad
2425 4309 2591 4362 vitam
2639 4309 2970 4377 aspicientes
3019 4308 3385 4378 praeteritam,

1820 4401 2111 4471 desperent
2139 4415 2204 4454 ne
2249 4395 2490 4468 pulchras
2521 4398 2653 4452 ﬁant
2685 4415 2701 4453 :
2730 4399 2826 4454 sed
2863 4398 2930 4452 ad
2963 4399 3136 4467 ipsam
3173 4399 3389 4452 intuen-

171 4485 272 4548 Ιζειν
315 4493 404 4546 τοῦ
449 4496 692 4564 γίνεσθαι
724 4499 894 4561 καλάς
915 4515 929 4529 ·
961 4498 1095 4552 ἀλλά
1125 4499 1259 4569 πρὸς
1289 4499 1456 4571 αὐτὴν
1505 4500 1715 4572 ὁρώσας

1825 4504 1905 4550 tes
1950 4493 2054 4547 boc
2099 4490 2344 4561 exemplo
2389 4488 2631 4553 discant,
2673 4490 2817 4558 quod
2851 4504 3088 4559 praesens
3143 4491 3214 4545 sit
3251 4505 3390 4558 prae-

168 4579 308 4634 τοῦτο
341 4587 628 4654 μανθάνειν
655 4588 744 4641 διὰ
763 4588 858 4642 τοῦ
899 4589 1318 4659 ὑποδείγματος,
1345 4591 1428 4643 ὅτι
1458 4591 1518 4644 τὸ
1544 4593 1719 4663 παρὸν

170 4667 358 4731 γίνεται
392 4675 483 4728 τοῦ
516 4678 903 4748 παρῳχηκότος
929 4679 1302 4750 προκάλυμμα
1321 4721 1335 4744 ,
1372 4680 1463 4732 ἐὰν
1493 4682 1721 4752 ἄμωμον

171 4752 220 4826 ’θ’
252 4763 404 4831 Λέγει
429 4767 534 4838 γὰρ
552 4811 567 4835 ,
602 4770 684 4822 ὅτι
707 4769 825 4821 Κᾶν
859 4768 953 4822 νῦν
984 4787 1084 4840 μου
1112 4769 1394 4840 ἐπιλάμπῃ
1419 4770 1478 4822 τὸ
1505 4771 1717 4836 κάλλος,

172 4848 302 4919 ὄμοι
343 4855 426 4910 διὰ
464 4859 557 4912 τοῦ
594 4858 945 4930 ἀγαπηθῆναι
977 4859 1127 4931 παρὰ
1165 4861 1264 4930 τῆς
1305 4861 1595 4932 εὐθύτητος
1625 4864 1722 4916 έπ-

175 4945 466 5018 εμορφὼθη,
497 4949 612 5003 ἀλλ’
643 4944 759 5003 οἴδα
793 4951 1035 5021 ἐμαυτὴν
1067 4951 1127 5003 οὐ
1162 4951 1420 5021 λαμπρὰν
1460 4948 1623 5006 οὖσαν
1662 4954 1725 5006 τὸ

175 5038 432 5104 καταρχὰς
451 5077 465 5101 ,
498 5041 634 5095 ἀλλὰ
667 5041 942 5111 μέλαιναν.
973 5043 1045 5094 Τὸ
1073 5043 1129 5095 δὲ
1157 5041 1396 5095 τοιοῦτον
1431 5039 1568 5105 εἶδος
1601 5045 1726 5114 περὶ

176 5117 283 5184 ἐμὲ,
313 5125 370 5176 τὸ
420 5129 688 5184 σκοτεινὸν
734 5115 829 5183 καὶ
885 5127 1156 5199 ζοφῶδες,
1203 5131 1230 5182 ὁ
1284 5130 1566 5200 προλαϐὼν
1614 5130 1725 5198 βίος

178 5205 429 5282 ἐποίησεν.
472 5219 610 5274 Ἀλλ’
635 5221 784 5291 ὅμως
813 5222 988 5274 έκεῖνο
1012 5216 1145 5274 οὖσα
1169 5259 1183 5283 ,
1209 5220 1366 5272 τοῦτὸ
1403 5224 1541 5291 εἰμι.
1581 5223 1728 5275 Μετ-

181 5307 458 5379 εσκευάσθη
493 5311 599 5382 γὰρ
624 5313 685 5365 τὸ
711 5313 960 5383 ὁμοίωμα
992 5312 1085 5366 τοῦ
1118 5314 1339 5382 αἴσχους
1372 5315 1449 5376 είς
1500 5313 1726 5374 κάλλους

184 5397 396 5465 μορφήν.
418 5402 525 5454 Καὶ
549 5404 703 5474 ὑμεῖς
723 5404 922 5468 τοίνυν,
948 5398 993 5457 ὦ
1014 5404 1313 5474 θυγατέρες
1352 5405 1723 5476 Ἰερουσαλὴμ,

182 5478 504 5566 ἀναϐλέψατε⁸
525 5495 659 5566 πρὸς
688 5495 785 5565 τὴν
819 5496 1030 5567 μητέρα
1069 5495 1222 5566 ὑμῶν
1255 5497 1350 5567 τὴν
1385 5497 1496 5549 ἄνω
1537 5498 1727 5566 Ἰερου-

186 5567 364 5642 σαλήμ.
401 5579 460 5633 Εἰ
506 5584 598 5636 καὶ
636 5584 967 5655 σκηνώματα
1016 5586 1108 5639 τοῦ
1149 5586 1338 5656 Κηδὰρ
1381 5582 1508 5654 ἦτε,
1548 5585 1632 5638 διὰ
1667 5585 1726 5637 τὸ

247 5747 436 5810 ⁶Ντ··υ.
471 5777 575 5824 xix,
597 5763 630 5816 2
655 5781 773 5834 sqq.
853 5767 870 5794 τ
916 5765 1082 5820 lCor.
1114 5783 1206 5829 νιι,
1233 5765 1283 5818 7.
1361 5763 1578 5818 ³1(Ιι,›ι·.
1615 5779 1686 5819 ιν,
1738 5764 1816 5816 l6.

1823 4584 1968 4641 teriti
2017 4582 2370 4651 Operculum,
2427 4580 2474 4633 si
2521 4579 2574 4634 id
2605 4581 2741 4634 nulli
2787 4582 2859 4635 sit
2906 4579 3063 4634 aliine
3098 4581 3391 4650 reprehen—

1823 4673 1985 4730 sioni.
2035 4671 2177 4726 Dicit
2211 4671 2354 4725 enim
2386 4685 2399 4722 :
2430 4668 2581 4726 Licet
2617 4685 2734 4726 mea
2779 4687 2928 4726 nunc
2958 4671 3239 4740 splendeat
3273 4674 3393 4739 pul-

1825 4764 2111 4829 chritudo,
2143 4777 2260 4832 quae
2293 4762 2425 4816 mihi
2456 4761 2556 4816 fuit
2591 4762 2906 4827 informata,
2931 4773 3215 4833 propterea
3247 4764 3392 4834 quod

1823 4856 2020 4910 dilecta
2055 4853 2248 4908 fuerim
2279 4868 2309 4906 a
2345 4854 2692 4918 rectitudine,
2725 4855 2841 4909 scio
2871 4865 3047 4910 tamen
3073 4871 3158 4910 me
3188 4871 3218 4908 a
3243 4857 3396 4925 prin—

1824 4947 1970 5017 cipio
1999 4963 2106 5001 non
2140 4946 2310 5001 fuisse
2337 4946 2637 5016 elegantem
2665 4962 2727 5000 ac
2756 4947 3005 5012 nitidam,
3032 4946 3126 5002 sed
3160 4948 3390 5017 nigram.

1827 5037 1976 5091 Hanc
2017 5045 2196 5091 autem
2244 5045 2418 5091 atram
2466 5051 2529 5090 ac
2581 5038 3010 5103 tenebricosam,
3055 5054 3175 5107 quae
3225 5039 3279 5091 iu
3312 5053 3394 5089 me

1825 5139 1963 5194 crat,
1999 5127 2227 5182 formam
2267 5143 2382 5183 mea
2419 5128 2544 5183 fecit
2586 5130 2714 5183 vita.
2751 5128 2857 5184 Sed
2893 5139 3224 5182 tamencum
3261 5128 3393 5180 illud

1827 5235 2024 5283 essem,
2065 5220 2166 5272 hoc
2207 5233 2349 5272 sum.
2388 5218 2480 5271 Illa
2510 5219 2654 5271 enim
2691 5226 2878 5274 nostra
2917 5219 3262 5272 tenebrarum
3318 5217 3395 5270 si-

1836 5311 2084 5364 militudo
2115 5317 2476 5364 transmutata
2507 5317 2590 5363 est
2613 5313 2665 5363 in
2687 5308 2915 5364 formam
2944 5307 3391 5376 pulchritudinis.

1834 5399 1898 5452 Et
1927 5415 2022 5456 vos
2049 5415 2198 5469 ergo,
2233 5414 2265 5452 ο
2295 5397 2416 5452 tilias
2442 5396 2762 5462 Jerusalem,
2799 5397 3026 5463 aspicite
3055 5396 3122 5449 ad
3155 5404 3394 5450 vestram

1833 5500 2064 5546 matrem
2117 5506 2408 5560 supernam
2439 5489 2760 5544 Jerusalem.
2809 5487 3032 5543 Etiamsi
3081 5487 3276 5543 essetis
3311 5499 3394 5540 ta-

1837 5585 2128 5639 bernacula
2156 5584 2348 5647 tledar,
2399 5579 2861 5651 proptereaquod
2898 5581 2949 5634 in
2999 5581 3150 5634 vobis
3185 5579 3402 5634 inhabi-
