3874 6410
496 350 588 407 791

1752 346 1810 401 5.
1846 344 2178 402 GREGORII
2212 344 2512 404 NYSSENI
3644 346 3728 404 73!

492 476 633 524 taret
677 468 933 538 princeps
973 464 1257 536 potestatis
1293 463 1639 518 tenebrarum
1680 462 1892 532 (dictio
1918 464 2064 518 enim

2174 464 2447 534 ἐνοικῆσαι
2477 468 2535 520 ἐν
2569 468 2699 539 ὑμῖν
2738 468 2829 521 τὸν
2858 467 3093 539 ἄρχοντα
3122 464 3224 534 τῆς
3265 460 3523 528 ἐξουσίας
3546 459 3636 514 τοῦ
3658 461 3727 514 αἷ-

490 559 670 614 Cedar
718 558 988 630 signiﬁcat
1030 558 1541 627 obscurationem),
1577 556 1732 612 eritis
1768 556 1935 625 pelles
1968 554 2070 609 Sa-

490 653 759 713 lomonis.
792 646 895 705 hoc
926 658 1011 705 est
1040 649 1196 705 eritis
1239 649 1500 718 templum
1534 649 1702 719 regis,
1733 663 1858 703 cum
1892 647 1947 701 in
1975 662 2068 700 vo-

491 740 573 794 bis
622 738 938 794 inhabitarit
975 753 1066 793 rex
1121 735 1400 791 Salomon.
1451 735 1712 792 Salomon
1768 744 1947 791 autem
1987 744 2072 790 est

489 828 782 899 par-ilicus,
833 830 925 898 qui
968 842 997 880 a
1035 841 1167 898 pace
1211 842 1407 882 nomen
1444 827 1677 896 accepit.
1707 820 1883 881 Pelles
1922 827 2068 880 enim

490 918 801 973 Salomonis
851 933 917 972 ex
986 925 1142 987 parte
1206 917 1513 971 nominavit
1564 924 1739 970 totum
1805 916 2067 970 ambitum

489 1010 622 1080 regii
668 1009 1032 1065 tabernaculi.
1083 1008 1143 1064 in
1183 995 1289 1064 hoc
1328 1025 1493 1065 sensu
1528 1008 1660 1063 mihi
1708 1008 1924 1063 videtur
1954 1023 2071 1060 ma-

488 1116 630 1171 gnus
675 1101 766 1156 ille
802 1100 1007 1155 Paulus
1041 1099 1290 1171 proxime
1333 1100 1691 1163 constitisse,
1725 1099 1780 1153 in
1828 1098 2067 1167 Epistola

382 1210 398 1216 η
485 1182 552 1247 ad
598 1180 876 1249 Romanos
901 1192 946 1257 ’,
978 1193 1069 1248 ubi
1121 1191 1213 1248 Dei
1261 1193 1316 1246 in
1349 1207 1452 1247 nos
1491 1191 1835 1246 commendat
1885 1191 2069 1245 chari-

485 1292 675 1351 ta‘tem,
709 1284 854 1355 quod
880 1300 981 1340 nos
1012 1291 1331 1358 peccatores
1361 1300 1487 1340 cum
1518 1298 1790 1348 essemus,
1816 1291 1870 1339 et
1900 1283 2066 1352 nigri,

485 1378 790 1431 lmnlnosos
839 1375 1032 1431 iecerit
1068 1387 1121 1431 et
1170 1376 1435 1431 amabiles
1468 1375 1818 1445 resplendere
1867 1376 2065 1447 gratia.

484 1465 772 1533 Quomodo
822 1465 969 1519 enim
1022 1471 1190 1519 noctu
1248 1479 1372 1519 cum
1409 1465 1690 1527 tenebris,
1724 1479 1847 1535 qua:
1889 1464 2068 1518 domi-

484 1565 709 1621 nantur,
746 1557 910 1613 simul
941 1556 1229 1628 nigrantur
1251 1558 1456 1621 omnia,
1492 1557 1708 1612 etiamsi
1746 1570 1845 1611 sua
1870 1564 2066 1610 natura

485 1651 599 1704 sint
629 1648 950 1719 splendida,
983 1648 1305 1704 adveniente
1338 1659 1518 1702 autem
1564 1649 1720 1712 luce,
1754 1648 1810 1702 in
1854 1648 1921 1703 iis
1947 1662 2068 1716 qua:

486 1741 731 1795 tenebris
750 1749 808 1794 et
842 1739 1075 1810 caligine
1098 1746 1255 1794 erant
1282 1737 1609 1801 obscurata,
1642 1752 1750 1791 non
1777 1745 1960 1791 manet
1992 1737 2067 1791 si-

2174 572 2335 626 σχους
2367 558 2710 629 (σκοτασμὺς
2743 558 2853 632 γὰρ
2896 560 2933 629 ἡ
2978 557 3075 611 τοῦ
3106 556 3297 628 Κηδὰρ
3330 552 3480 618 λέξις
3529 551 3726 621 διερμη-

2172 648 2444 718 νεύεται),
2484 649 2696 721 δέρρεις
2737 649 2833 703 τοῦ
2867 649 3212 720 Σολομῶντος
3248 643 3549 717 γενήσεσθε
3575 682 3590 707 ,
3628 657 3728 696 του·

2170 737 2339 803 τέστι,
2363 738 2486 802 ναὸς
2514 739 2609 793 τοῦ
2643 739 2908 810 βασιλέως
2935 738 3122 793 ἔσεσθε
3150 778 3166 803 ,
3198 740 3258 790 ὲν
3282 737 3411 806 ὑμῖν
3436 734 3729 803 οἰκήσαντος

2170 825 2263 878 τοῦ
2288 825 2550 896 βασιλέως
2562 827 2923 899 Σολομῶντος.
2942 824 3196 897 Σολομὼν
3212 826 3271 879 δὲ
3291 822 3572 894 εἰρηνικός
3590 823 3728 883 ἐστιν,

2169 913 2200 964 ὁ
2228 916 2292 984 τῇ
2324 916 2513 986 εἰρήνῃ
2540 915 2848 985 ἐπώνυμος.
2881 915 3106 988 Δέρρεις
3138 915 3247 984 γάρ
3277 912 3625 982 Σολομῶντος
3648 910 3731 962 ἀπὸ

2174 1005 2370 1075 μέρους
2422 1009 2606 1063 πᾶσαν
2628 1009 2728 1078 τῆς
2760 1008 3044 1079 βασιλικῆς
3090 1008 3297 1078 σκηνῆς
3327 1005 3431 1074 τὴν
3467 1001 3731 1072 περιϐολὴν

2171 1099 2546 1170 κατωνόμασε.
2578 1101 2801 1165 Τούτοις
2827 1118 2917 1171 μοι
2941 1099 3091 1153 δοκεῖ
3113 1101 3226 1163 τοῖς
3256 1099 3529 1167 νοήμασιν
3560 1094 3730 1165 ὁμοίως

2171 1188 2382 1253 Παῦλος
2422 1191 2849 1262 προσεχέστερον
2893 1194 2951 1245 ἐν
2995 1193 3062 1261 τῇ
3097 1190 3234 1260 πρὸς
3275 1187 3581 1255 Ῥωμαῖους
3612 1183 3732 1254 φιλο·

2170 1280 2441 1351 χωρῆσαι,
2465 1282 2660 1352 λέγων,
2693 1286 2752 1338 ὲν
2779 1278 2860 1348 οἷς
2886 1283 3167 1353 συνίστησι
3202 1281 3299 1334 τοῦ
3329 1279 3472 1333 Θεοῦ
3507 1279 3605 1349 τὴν
3629 1276 3730 1346 περὶ

2170 1373 2316 1440 ἡμᾶς
2345 1373 2566 1442 ἀγάπην
2589 1413 2604 1438 ,
2635 1375 2717 1428 ὅτι
2748 1376 3104 1446 ἁμαρτωλοὺς
3134 1378 3284 1446 ἡμᾶς
3322 1375 3489 1437 ὂντας
3532 1373 3624 1426 καὶ
3658 1373 3732 1441 μέ·

2169 1462 2334 1527 λανσς
2356 1506 2372 1531 ,
2408 1467 2714 1535 φωτοειδείς
2755 1468 2848 1521 καὶ
2879 1467 3176 1538 ἐρασμίους
3219 1467 3307 1521 διὰ
3340 1465 3441 1521 τοῦ
3488 1464 3729 1536 περιλάμ-

2167 1552 2267 1621 ψαι
2290 1552 2390 1625 τὴν
2420 1556 2581 1627 χάριν
2613 1557 2892 1627 ἐποίησεν.
2923 1559 3134 1629 Ὠσπερ
3169 1561 3279 1628 γὰρ
3310 1540 3371 1613 ὲν
3398 1558 3563 1611 νυκτὶ
3587 1558 3731 1609 πάντα

2168 1645 2246 1715 τῷ
2268 1647 2654 1719 ἐπικρατοῦντι
2686 1650 3115 1721 συμμελαίνεται
3142 1650 3290 1721 ζόφῳ
3315 1691 3332 1715 ,
3373 1649 3485 1703 κᾶν
3537 1647 3731 1719 λαμπρᾶ

2170 1730 2310 1794 κατὰ
2346 1740 2505 1810 φύσιν
2548 1743 2676 1797 ὄντα
2723 1744 2860 1815 τύχῃ
2886 1762 2901 1775 ο
2938 1746 3113 1814 φωτὸς
3149 1745 3209 1798 δὲ
3260 1744 3646 1805 ἐπιλαϐόντος,
3682 1740 3732 1792 οὑ

485 1832 738 1888 militndo
767 1832 858 1886 illa
882 1831 1228 1886 tenebrarum
1252 1848 1266 1885 :
1294 1830 1367 1884 ita
1400 1830 1563 1883 etiam
1597 1829 1848 1883 traducta
1885 1830 2066 1883 anima

2174 1834 2473 1904 παραμένει
2511 1838 2625 1900 τοῖς
2665 1837 2725 1889 έν
2755 1837 2834 1908 τῷ
2883 1837 3032 1909 ζόφῳ
3065 1836 3427 1891 σκοτισθείσιν
3459 1837 3496 1906 ἡ
3539 1833 3732 1904 πρδςτὺ

484 1926 555 1979 ab
595 1940 783 1980 errore
838 1923 906 1978 ad
959 1922 1278 1985 veritatem,
1330 1921 1621 1978 tenebrosa
1669 1938 1887 1992 quoque
1942 1923 2067 1977 vitae

484 2016 662 2070 forma
714 2015 879 2071 simul
933 2021 1178 2069 mutatur
1231 2014 1298 2067 ad
1351 2011 1591 2068 lucidam
1645 2014 1896 2086 gratiam.
1939 2012 2066 2070 Hinc

483 2105 665 2163 autem
714 2106 875 2162 etiam
923 2106 989 2160 ad
1035 2104 1417 2171 Timotheum,
1466 2119 1589 2174 qua:
1639 2100 1711 2159 ad
1744 2104 2064 2161 adolescen-

482 2200 628 2254 tulas
664 2198 798 2253 dicit
826 2197 1031 2253 Christi
1061 2211 1264 2266 sponsa
1286 2237 1300 2258 ,
1335 2196 1539 2261 Paulus
1567 2212 1633 2252 ex
1668 2196 1828 2268 nigro
1875 2206 2067 2267 postea

483 2293 664 2345 factus
707 2288 1064 2359 splendidus,
1120 2287 1267 2358 quod
1309 2288 1425 2358 ipse
1472 2303 1693 2359 quoque
1740 2289 1941 2359 dignus
1996 2289 2068 2345 sit

484 2384 708 2440 habitus
740 2383 834 2455 qui
878 2382 1032 2437 ﬁeret
1059 2382 1308 2453 pulcher,
1349 2382 1442 2452 qui
1487 2384 1640 2453 prius
1667 2392 1785 2436 erat
1814 2382 2068 2452 blasphe-

483 2490 631 2538 mus,
661 2482 717 2529 et
755 2481 1096 2545 persecutor,
1122 2479 1177 2528 et
1221 2472 1658 2528 contumeliosus
1690 2473 1755 2537 ιο,
1782 2483 1833 2527 et
1866 2472 2022 2543 niger
2050 2492 2061 2526 :

483 2574 539 2622 et
580 2565 726 2637 quod
773 2565 1029 2621 Christus
1077 2564 1290 2619 venerit
1338 2561 1729 2627 inmundum,
1787 2571 1846 2616 ut
1879 2563 2067 2633 nigros

483 2659 689 2713 faceret
737 2656 1087 2728 splendidos,
1137 2671 1248 2711 non
1272 2655 1453 2725 justus
1502 2653 1572 2709 ad
1600 2669 1661 2710 se
1694 2669 1928 2723 vocans,
1969 2654 2067 2710 sed

481 2758 801 2819 peccatores
835 2747 902 2803 ad
943 2747 1355 2819 paenitentiam,
1391 2762 1532 2817 quos
1575 2747 1799 2802 lavacro
1838 2761 2066 2817 regene-

483 2839 716 2894 rationis
744 2839 929 2894 lucere
958 2837 1086 2893 fecit
1117 2847 1371 2908 tanquam
1404 2837 1697 2891 luminaria
1718 2877 1732 2901 ,
1774 2837 2068 2891 tenebrosa

484 2948 675 2986 eorum
722 2930 894 2985 forma
937 2945 1031 3001 per
1070 2946 1268 3001 aquam
1320 2930 1527 2984 abluta.
1561 2928 1677 2984 Hoc
1721 2929 1887 2984 etiam
1922 2929 2069 2984 videt

483 3024 683 3080 oculus
722 3023 888 3078 David
926 3023 980 3077 in
1034 3038 1270 3093 superna
1310 3023 1569 3087 civitate,
1602 3031 1656 3077 et
1683 3022 1914 3076 miratur
1944 3038 2069 3092 spe-

485 3113 784 3177 etaculum,
831 3127 1025 3183 nempe
1068 3112 1530 3184 quemadmodum
1572 3112 1629 3166 in
1681 3110 1773 3167 Dei
1807 3113 2065 3178 civitate,

484 3206 554 3258 de
584 3219 690 3275 qua
719 3204 866 3259 dicta
912 3170 1042 3259 sunt
1083 3170 1346 3275 gloriosa,
1379 3202 1623 3274 Babylon
1654 3202 1979 3272 collocatur,
2012 3214 2068 3259 et
2095 3170 2137 3228 θ

487 3295 640 3351 ltaab
669 3296 923 3352 meretrix
970 3310 1172 3367 sponsa
1219 3295 1476 3360 edicitur,
1525 3294 2069 3366 alienigenaeque,et

487 3386 668 3459 Tyrus
703 3397 756 3443 et
782 3388 1015 3458 populus
1042 3386 1365 3458 [Ethiopum
1400 3389 1455 3442 in
1482 3401 1547 3443 ea
1575 3387 1857 3443 exsistunt
1882 3406 1896 3443 :
1929 3386 2067 3444 adeo

487 3482 548 3534 ut
576 3493 737 3535 nemo
778 3479 952 3551 possit
991 3478 1229 3549 amplius
1281 3478 1409 3533 huic
1450 3478 1660 3532 civitati
1700 3477 2067 3532 habitatorum

485 3574 819 3646 exprobrare
834 3575 1187 3631 solitudinem
1201 3573 1394 3629 dicens
1413 3590 1427 3627 :
1450 3570 1726 3644 Numquid
1743 3573 1877 3629 Sion
1891 3572 2029 3627 dicet
2050 3590 2069 3628 :
2081 3609 2093 3618 -

487 3668 658 3723 Homo
689 3678 848 3722 natus
877 3677 954 3723 eu
987 3668 1042 3721 in
1067 3684 1132 3722 ea
1153 3666 1232 3721 “‘2
1275 3664 1410 3720 Nam
1440 3666 1553 3722 illic
1578 3680 1800 3737 quoque
1839 3665 2071 3721 tribules

488 3761 726 3815 civitatis
757 3762 891 3813 liunt
920 3759 1258 3830 alienigenae,
1288 3764 1344 3813 et
1382 3755 1871 3829 Hierosolymitani
1900 3755 2075 3828 Baby-

488 3852 649 3918 Iunii,
682 3860 736 3908 ct
779 3852 931 3923 virgo
983 3850 1264 3914 meretrix,
1318 3861 1368 3911 ct
1403 3850 1624 3907 candidi
1666 3849 1987 3922 Ethiopes,
2017 3856 2073 3907 et

489 3941 666 4016 Tyrus
691 3959 929 4014 superna
954 3943 1171 3998 civitas.
1203 3941 1279 3996 lta
1307 3943 1397 3998 hic
1425 3958 1647 4013 quoque
1667 3957 1872 4013 sponsa
1895 3957 2073 4013 prom-

489 4044 612 4104 ptas
640 4044 692 4089 ct
724 4038 907 4088 animo
931 4033 1143 4088 alacres
1171 4032 1350 4088 reddit
1394 4033 1533 4089 ﬁlias
1565 4032 1893 4096 Jerusalem,
1922 4048 2075 4087 com-

491 4122 758 4178 mendans
802 4123 991 4192 ενοιιεί
1034 4122 1367 4188 bonitatem,
1411 4123 1557 4193 quod
1606 4124 1830 4179 etiamsi
1858 4124 2071 4193 nigram

491 4213 762 4277 acceperit
788 4213 1048 4275 animam,
1082 4228 1178 4281 per
1198 4228 1317 4268 eam
1338 4228 1461 4284 quae
1486 4228 1612 4267 cum
1642 4212 1761 4281 ipso
1786 4213 2076 4269 intercedit

491 4304 933 4373 eunjunctionem
956 4343 971 4368 ,
1006 4305 1182 4359 reddit
1214 4305 1519 4374 pulchram,
1559 4314 1614 4360 ct
1656 4304 1702 4360 si
1731 4305 1857 4375 quis
1890 4307 1962 4362 sit
1993 4313 2075 4359 tas

492 4397 848 4452 bernaculum
897 4394 1092 4463 Ccdar,
1134 4396 1193 4450 ﬁt
1226 4397 1367 4451 lucis
1407 4397 1780 4452 habitaculum
1814 4398 1926 4452 veri
1974 4398 2075 4452 Sas

2170 1925 2360 1988 σκότος
2389 1926 2647 1995 ὁμοίωσις
2671 1944 2686 1960 ·
2719 1927 2863 1983 οὕτω
2891 1929 3281 2000 μετατεθείσης
3307 1929 3407 1999 τῆς
3437 1927 3616 1997 ψυχῆς
3644 1926 3732 1979 ἀπὸ

2167 2019 2268 2088 τῆς
2296 2018 2504 2089 πλάνης
2534 2019 2670 2090 πρὸς
2705 2019 2806 2092 τὴν
2841 2021 3100 2093 ἀλήθειαν
3122 2065 3137 2087 ,
3168 2021 3266 2074 καὶ
3294 2023 3328 2091 ἡ
3367 2019 3621 2089 σκοτεινὴ
3656 2015 3732 2071 τοῦ

2170 2108 2285 2179 βίου
2323 2110 2507 2181 μορφὴ
2537 2111 2673 2183 πρὸς
2705 2111 2810 2181 τὴν
2841 2113 3108 2183 φωτεινὴν
3147 2113 3309 2184 χάριν
3365 2108 3731 2182 συμμεταϐάλ-

2168 2200 2335 2255 λεται.
2378 2200 2567 2254 Ταῦτα
2611 2202 2707 2256 καὶ
2743 2202 2881 2272 πρὸς
2932 2202 3027 2256 τὸν
3067 2203 3330 2274 Τιμόθεον
3353 2243 3369 2267 ,
3401 2202 3442 2257 ἃ
3492 2200 3626 2272 πρὸς
3652 2198 3739 2267 τὰς,

2167 2292 2412 2356 νεάνιδας
2460 2292 2611 2361 λέγει
2647 2295 2682 2363 ἡ
2720 2292 2817 2347 τοῦ
2845 2293 3082 2364 Χριστοῦ
3126 2294 3347 2365 νύμφη,
3390 2295 3420 2347 ὁ
3450 2292 3685 2355 Παῦλος,
3710 2292 3735 2343 ό

2168 2384 2418 2455 λαμπρὸς
2447 2384 2511 2438 ὲκ
2541 2385 2770 2455 μέλανος
2807 2384 2946 2455 μετὰ
2980 2384 3156 2440 ταῦτα
3179 2385 3475 2455 γενόμενος
3500 2423 3516 2448 ,
3546 2384 3625 2438 ὅτι
3652 2400 3732 2435 κα·

2167 2476 2258 2539 λὺς
2281 2476 2488 2547 ἠξιώθη
2520 2477 2613 2530 καὶ
2641 2477 2804 2540 αὐτὸς
2827 2476 3083 2545 γενέσθαι
3103 2514 3120 2543 ,
3154 2480 3185 2531 ὁ
3218 2476 3486 2549 πρότερον
3516 2475 3732 2546 βλάσφη-

2171 2586 2270 2638 μος
2294 2567 2370 2622 ὢν
2396 2608 2410 2633 ,
2445 2569 2540 2623 καὶ
2563 2568 2796 2640 διώκτης
2823 2608 2837 2633 ,
2868 2570 2964 2624 καὶ
2994 2569 3256 2641 ὑϐριστὴς
3277 2609 3291 2631 ,
3321 2569 3416 2623 καὶ
3450 2568 3644 2640 μέλας.
3666 2568 3732 2621 δτι

2167 2660 2403 2729 Χριστὸς
2430 2661 2625 2724 είςντὸν
2654 2661 2860 2732 κόσμον
2889 2658 3021 2733 ἦλθε
3059 2661 3348 2732 λαμπροὺς
3374 2661 3601 2730 ποιῆσαι
3628 2658 3733 2720 τοὺς

2172 2750 2412 2821 μέλανας
2431 2791 2446 2815 ,
2469 2752 2532 2806 οὐ
2553 2752 2796 2816 δικαίους
2825 2753 2962 2824 πρὸς
2987 2751 3179 2807 ἑαυτὸν
3200 2751 3398 2815 καλῶν,
3424 2752 3567 2806 ἀλλὰ
3589 2753 3735 2821 ἀμαρ-

2167 2842 2371 2907 τωλοὺς
2395 2845 2476 2907 είς
2508 2844 2816 2915 μετάνοιαν,
2848 2843 2941 2908 οὒς
2965 2844 3043 2915 τῷ
3067 2842 3278 2915 λουτρῷ
3301 2845 3402 2914 τῆς
3431 2843 3733 2911 παλιγγενε-

2171 2932 2291 2997 σίας
2318 2934 2556 3005 λάμπειν
2580 2936 2658 3000 ὡς
2683 2938 2979 3008 φωστῆρας
3008 2936 3230 3008 εποίησε
3255 2975 3270 2999 ,
3301 2936 3363 2989 τὸ
3390 2934 3628 3004 ζοφῶδες
3652 2933 3730 2987 αὖ·

2168 3024 2277 3079 τῶν
2299 3020 2437 3089 εἶδος
2461 3026 2779 3091 άποκλύσας
2804 3027 2882 3097 τῷ
2905 3026 3081 3083 ὕδατι.
3107 3025 3251 3080 Αὐτὸ
3285 3024 3445 3079 τοῦτο
3474 3026 3569 3079 καὶ
3602 3026 3629 3077 ὁ
3657 3020 3735 3074 τοῦ

2170 3116 2333 3169 Δασιδ
2358 3116 2638 3189 ὀφθαλμὸς
2659 3119 2718 3173 ὲν
2745 3121 2813 3190 τῇ
2844 3117 2957 3172 ἄνω
2988 3117 3141 3171 πόλει
3171 3118 3294 3189 ὁρᾷ,
3313 3116 3409 3170 καὶ
3439 3118 3502 3169 ὲν
3522 3114 3734 3185 θαύματι

2172 3213 2406 3264 ποιεῖται
2428 3211 2490 3264 τὸ
2516 3210 2727 3282 θέαμαρ
2765 3212 2883 3275 πῶς
2930 3213 2989 3265 ὲν
3015 3213 3082 3283 τῇ
3107 3210 3259 3264 πόλει
3295 3208 3391 3262 τοῦ
3423 3208 3562 3261 Θεοῦ
3585 3248 3601 3266 ,
3627 3205 3735 3275 περὶ

2168 3296 2239 3372 ἦς
2286 3303 2354 3355 τὰ
2397 3301 2763 3372 δεδοξασμένα
2807 3300 3098 3371 λελάληται
3123 3341 3139 3366 ,
3175 3298 3434 3352 Βαϐυλὼν
3470 3296 3732 3360 οἰκίζεται,

2171 3395 2266 3450 καὶ
2292 3396 2326 3465 ἠ
2372 3394 2546 3467 πόρνη
2585 3392 2753 3448 Ῥαὰὸ
2787 3392 3216 3465 μνημονεύεται,
3246 3386 3535 3457 ἁλλόφυλοί
3573 3404 3630 3440 τε
3657 3384 3735 3438 καὶ

2172 3488 2348 3560 Τύρος
2380 3488 2476 3542 καὶ
2529 3490 2557 3541 ὁ
2586 3486 2695 3540 τῶν
2727 3485 3001 3541 Αἰθιόπων
3042 3484 3170 3547 λαὸς
3204 3484 3266 3535 ὲν
3296 3482 3436 3553 αὐτῇ
3486 3480 3731 3549 γίνονται·

2171 3577 2247 3641 ὡς
2299 3577 2495 3649 μηκέτι
2538 3576 2648 3631 τῶν
2693 3575 2998 3647 ἀνθρώπων
3026 3574 3149 3629 τινὰ
3176 3575 3242 3645 τῇ
3276 3572 3429 3626 πόλει
3459 3570 3626 3639 ταύτῃ
3653 3565 3735 3635 τὴν

2170 3668 2281 3723 τῶν
2301 3669 2600 3739 οἰκητόρων
2624 3665 2863 3738 ἐρημίαν
2885 3664 3178 3730 ἑπονειδίζε
3188 3682 3236 3718 ιν
3261 3663 3491 3733 λέγοντα
3514 3679 3529 3693 ο
3549 3660 3639 3726 Μή
3659 3675 3735 3722 τις

2172 3762 2261 3816 ἑτι
2292 3760 2367 3831 τῇ
2396 3760 2551 3816 Σιὼν
2581 3760 2722 3829 ἐρεῖ,
2761 3760 3107 3826 Ἀνθρωπος
3137 3754 3426 3824 ἐγεννήθη
3465 3754 3539 3807 ἐν
3560 3754 3704 3818 αὐτῇ
3717 3788 3730 3804 .

2173 3857 2351 3911 Κάκεῖ
2372 3855 2482 3925 γὰρ
2510 3853 2738 3923 φυλέται
2760 3853 2859 3922 τῆς
2882 3850 3093 3913 πόλεως
3111 3848 3352 3915 γίνονται
3378 3848 3429 3900 οἱ
3451 3843 3732 3914 ἀλλόφυλοι,

2173 3949 2270 4002 καὶ
2348 3945 2774 4017 Ἱεροσολυμῖται
2826 3939 3157 3994 Βαϐυλώνιοι
3185 3980 3201 4005 ,
3256 3939 3348 3992 καὶ
3398 3936 3658 4008 παρθένος
3705 3932 3732 3999 ἡ

2175 4042 2349 4113 πόρνη
2374 4081 2389 4105 ,
2413 4039 2510 4094 καὶ
2534 4037 2780 4109 λαμπροὶ
2812 4036 2863 4088 οἱ
2893 4034 3152 4097 Αἰθίοπες
3176 4071 3192 4098 ,
3240 4031 3334 4085 καὶ
3371 4030 3546 4102 Τύρος
3581 4029 3613 4097 ἡ
3640 4025 3736 4080 ἄνω

2174 4135 2328 4198 πόλις
2351 4151 2366 4166 θ
2420 4132 2563 4186 οὕτω
2600 4130 2695 4183 καὶ
2732 4124 2967 4181 ἐνταῦθα
2993 4125 3093 4188 τὰς
3142 4122 3447 4193 θυγατέρας
3489 4120 3735 4188 Ἰερουσα-

2174 4229 2288 4299 λὴμ
2316 4224 2805 4298 προθυμοποιεῖται
2840 4221 2874 4289 ἡ
2904 4217 3092 4288 νύμφη
3113 4257 3128 4282 ,
3168 4213 3468 4269 συνιστῶσα
3499 4211 3594 4264 τοῦ
3620 4225 3735 4277 νυμι

2177 4298 2300 4388 φίου
2337 4314 2436 4386 τὴν
2480 4311 2796 4381 ἀγαθότητα
2820 4353 2835 4376 ,
2864 4310 2946 4363 ὅτι
2976 4306 3082 4361 κᾶν
3136 4303 3396 4376 μέλαινάν
3440 4314 3560 4355 τινα
3602 4298 3730 4351 λάϐω

2175 4406 2376 4478 ψυχὴν,
2409 4406 2477 4476 τῇ
2504 4402 2639 4472 πρὸς
2671 4399 2864 4455 ἑαυτὸν
2892 4396 3161 4466 κοινωνίαν
3175 4392 3344 4465 καλὴν
3368 4389 3732 4462 ἀπεργάζεται,

492 4490 758 4556 lmnonis,
794 4489 898 4543 hoc
942 4498 1027 4545 est
1073 4490 1214 4559 regis
1255 4488 1472 4552 paciﬁci
1518 4489 1574 4543 in
1619 4503 1683 4543 ea
1716 4488 2023 4557 habitantis
2057 4506 2070 4545 :

2179 4498 2280 4551 κᾶν
2304 4512 2390 4558 τις
2420 4487 2738 4564 σκήνωμαῇ
2761 4488 2973 4561 Κηδὰρ,
3004 4486 3181 4556 φωτὸς
3203 4485 3519 4554 οἰκητήριον
3550 4479 3733 4567 γίνεται

481 4602 764 4660 propterea
814 4582 949 4637 dicit
983 4601 995 4637 :
1028 4579 1205 4651 Nigra
1238 4598 1356 4635 sum
1382 4591 1433 4636 et
1467 4584 1727 4651 formosa,
1756 4582 1888 4648 ﬁlia:
1910 4580 2073 4637 Jeru-

493 4677 690 4744 salem,
724 4683 785 4730 ut
807 4676 875 4730 ad
918 4690 1005 4729 me
1061 4675 1397 4745 aspicientes
1457 4689 1554 4731 vos
1612 4690 1833 4746 quoque
1871 4674 2075 4730 cilicia-

493 4767 627 4820 mini
660 4767 827 4836 pelles
858 4766 1168 4823 Salomonis
1189 4808 1206 4833 ,
1246 4768 1463 4822 etiamsi
1501 4767 1698 4823 essetis
1719 4767 2075 4823 tabernacula

493 4859 690 4916 Cedar.

476 5070 481 5078 ·
569 5045 773 5103 Deinde
796 5044 865 5118 iis
887 5060 1009 5116 quae
1035 5045 1181 5100 dicta
1210 5051 1340 5099 sunt
1365 5043 1647 5114 subiungit
1675 5054 1739 5098 ea
1771 5056 1893 5112 quae
1926 5040 2083 5097 dein-

496 5158 626 5212 ceps
653 5140 936 5200 dicuntur,
966 5152 1061 5208 per
1099 5152 1221 5207 qua:
1250 5136 1569 5192 necessario
1598 5135 1773 5190 munit
1799 5143 1854 5190 ct
1879 5133 2082 5188 contir—

497 5244 608 5287 mat
654 5240 892 5287 mentem
940 5245 1129 5285 eorum
1175 5230 1268 5299 qui
1313 5230 1568 5293 discunt,
1607 5243 1677 5283 ne
1725 5228 2085 5283 tenebricosac

502 5324 687 5379 (urina:
703 5339 925 5381 causam
944 5324 1222 5377 ascribant
1239 5320 1510 5383 Creatori,
1534 5319 1629 5374 sed
1645 5319 1873 5372 liberum
1900 5318 2087 5372 unius-

2180 4585 2277 4640 τοῦ
2327 4582 2579 4655 ἀληθινοῦ
2625 4577 2970 4651 Σολομῶντος
2993 4616 3007 4639 ,
3059 4574 3307 4628 τουτέστι
3344 4570 3439 4624 τοῦ
3482 4560 3736 4639 εἰρηνικοῦ

2185 4677 2446 4748 βασιλέως
2496 4676 2553 4727 ἐν
2599 4673 2737 4742 αὐτῇ
2772 4669 3217 4739 κατοικήσαντος.
3262 4663 3362 4716 Διὰ
3404 4660 3560 4714 τοῦτό
3602 4662 3734 4748 φηον

2183 4744 2453 4824 Mummi
2479 4768 2595 4834 εἰμι
2618 4763 2719 4817 καὶ
2760 4761 2917 4825 καλὴ
2940 4797 2953 4822 ,
2998 4754 3317 4826 θυγατέρες
3355 4744 3735 4820 Ἰερουατγανιήμ⁵

2185 4858 2274 4911 ἵνα
2306 4856 2444 4927 πρὸς
2469 4854 2570 4923 ἐμὲ
2612 4851 2905 4921 βλέπουσαι
2930 4887 2945 4911 ,
2979 4847 3073 4899 καὶ
3105 4844 3265 4914 ὑμεῖς
3295 4839 3521 4909 γένησθε
3551 4835 3739 4906 δέρρεις

2182 4947 2527 5019 Σολομῶντος
2550 4985 2564 5009 ,
2601 4943 2704 4997 κᾶν
2727 4939 3059 5012 σκηνώματα
3076 4934 3175 5010 ἦτε
3198 4935 3408 5006 Κηδάρ.
3442 4992 3452 5001 ε

2252 5012 2385 5097 Εἶτα
2420 5038 2616 5106 ἐπάγει
2660 5038 2774 5099 τοῖς
2828 5033 3139 5105 εἰρημένοις
3192 5030 3261 5084 τὰ
3305 5029 3528 5100 ἑφεξῆς,
3572 5023 3637 5079 δι’
3678 5012 3741 5073 ὧν

2181 5133 2495 5205 ἀναγκαίως
2521 5128 2879 5199 ἁσφαλίζεται
2906 5126 3006 5197 τὴν
3036 5125 3143 5179 τῶν
3177 5121 3621 5194 μαθητευομένων
3646 5112 3742 5211 5rd:

2183 5245 2332 5282 νοιαν
2356 5266 2370 5289 ,
2421 5224 2494 5295 μὴ
2548 5220 2626 5292 τῷ
2664 5217 2993 5290 Δημιουργῷ
3017 5217 3114 5286 τὴν
3146 5214 3327 5267 αἰτίαν
3357 5211 3451 5266 τοῦ
3490 5220 3740 5262 σκοτεινου

2193 5318 2366 5378 εἴδους
2390 5312 2732 5369 ἀνατιθέναι,
2768 5309 2902 5362 ἀλλὰ
2927 5308 3026 5376 τὴν
3061 5304 3293 5358 ἑκάστου
3336 5301 3641 5372 προαίρεσιν
3662 5308 3739 5345 του

501 5416 770 5484 cujusque
793 5416 1080 5470 arbitrium
1110 5413 1278 5483 hujus
1312 5411 1503 5465 formae
1535 5409 1844 5478 intelligant
1878 5409 2070 5477 jecissc

2194 5407 2435 5461 τοιούτου
2466 5404 2639 5466 εἴδους
2667 5401 2765 5463 τὰς
2809 5399 2982 5471 ἀρχὰς
3016 5394 3467 5452 καταϐάλλεσθαι.
3499 5388 3592 5455 Μὴ
3615 5382 3743 5494 ,θλέ-

505 5505 854 5574 principium.
892 5504 973 5561 Ne
997 5522 1097 5570 me,
1138 5504 1337 5573 inquit,
1369 5502 1668 5570 aspiciatis,
1696 5501 1947 5569 quoniam
1969 5515 2070 5551 sunt

2193 5505 2350 5569 ψητε
2372 5499 2522 5567 πρός
2536 5514 2635 5565 με.
2667 5494 2854 5565 φησὶν,
2876 5492 2964 5545 ὅτι
2996 5490 3110 5560 ἐγώ
3143 5491 3259 5558 εἱμι
3285 5488 3741 5574 μεμελανωμενιῖ.

506 5597 655 5664 nigra
674 5597 835 5662 facta.
868 5597 987 5652 Non
1014 5599 1158 5661 talis,
1194 5596 1391 5666 inquit,
1425 5593 1601 5661 primo
1638 5592 1779 5645 facta
1807 5590 2066 5644 summu

2197 5565 2277 5645 D5
2296 5565 2517 5661 τοιπιῦτη
2546 5590 2744 5659 γέγονα
2774 5585 2920 5657 παρὰ
2944 5584 3042 5656 τὴν
3069 5582 3306 5655 πρώτην.
3330 5578 3461 5633 Οὐδὲ
3488 5575 3592 5645 γὰρ
3619 5565 3750 5629 aix‘os‘

579 5770 599 5802 ’
627 5771 779 5823 ltutn.
813 5789 862 5839 v,
892 5773 947 5828 8.
1026 5773 1066 5802 ‘°
1093 5771 1111 5823 ι
1138 5771 1277 5824 Tim.
1309 5788 1346 5838 ι,
1390 5771 1474 5825 l3.

1555 5769 1594 5800 ¹¹
1627 5767 1771 5824 Psal.
1807 5783 2030 5834 Lxxxvt,
2066 5768 2098 5823 5
2132 5785 2253 5839 sqq.
