3874 6390
190 392 288 449 795

1235 392 1301 447 ΙΝ
1329 392 1630 450 CANTICA
1666 393 1939 451 CANTIC.
1979 394 2265 451 HOMlLlA
2295 393 2358 450 ll.

3322 393 3429 449 794

184 505 249 580 ἦν
269 506 381 568 ταῖς
401 505 688 573 φωτειναῖς
718 502 811 558 τοῦ
833 503 967 558 Θεοῦ
1002 505 1160 577 χερσὶ
1184 505 1586 581 πλασσομένην,
1625 524 1749 561 σκο-
1778 561 1783 572 ι

1886 508 2019 570 nim,
2052 507 2248 577 inquit.
2290 508 2408 561 erat
2435 512 2889 573 consentaneum,
2916 509 2976 557 ut
3006 502 3056 558 ei
3099 516 3220 573 qua:
3245 501 3432 557 lucida
3513 484 3527 494 ’

187 593 337 665 τεινῷ
380 611 483 648 τινι
522 595 618 647 καὶ
654 595 852 663 μέλανι
882 595 1321 668 περιχρωσθῆναι
1349 598 1426 667 τῷ
1455 598 1602 651 εῐδει.
1639 598 1753 651 Οὐκ

189 686 326 759 ήμην
355 684 575 757 τοιαύτη
597 725 612 749 ,
645 687 808 757 φησὶν
830 725 843 749 ,
877 686 1015 740 ἀλλά
1042 688 1260 756 γέγονα.
1292 690 1366 741 Οὐ
1400 689 1509 758 γὰρ
1558 691 1623 743 ὲκ
1651 689 1750 760 φύε

190 774 320 838 σεώς
363 777 478 847 εἰμι
532 776 999 848 μεμελανωμένη·
1033 777 1146 832 ἀλλ’
1187 780 1508 833 ἐπείσακτον
1554 798 1644 851 μοι
1697 781 1756 835 τὸ

188 867 415 923 τοιοῦτον
452 864 637 939 αἶσχος
664 869 897 938 ἐγένετο,
927 870 1020 923 τοῦ
1045 871 1197 941 ἡλίου
1234 872 1365 942 πρὸς
1404 872 1465 925 τὸ
1500 872 1668 943 μέλαν
1692 874 1757 925 ὲκ

188 958 435 1031 λαμπροῦ
498 959 595 1030 τὴν
660 962 872 1032 μορφὴν
941 959 1410 1034 μεταχρὼσαντος.
1473 963 1535 1017 '0
1587 963 1759 1031 ἥλιος

112 1054 125 1061 “
189 1054 326 1122 γὰρ,
358 1052 531 1122 φησὶ,
568 1052 947 1121 προσέϐλεψέ
988 1069 1087 1122 με.
1130 1053 1193 1107 Τί
1225 1050 1317 1108 οὖν
1349 1054 1378 1107 ὃ
1426 1054 1515 1108 διὰ
1554 1054 1761 1108 τούτων

196 1144 566 1216 μανθάνομενξ
589 1144 753 1214 Λέγει
784 1144 873 1198 διὰ
904 1145 1218 1216 παρασολῆς
1248 1149 1361 1210 τοῖς
1390 1146 1568 1216 ὄχλοις
1595 1150 1624 1200 ὁ
1648 1148 1762 1200 Κύ-

197 1254 334 1306 ριος,
361 1236 443 1290 ὅτι
470 1236 500 1289 ὀ
529 1235 767 1306 σπείρων
795 1236 885 1290 τὸν
918 1236 1073 1305 λόγον
1092 1275 1107 1300 ,
1134 1238 1195 1289 οὐ
1224 1237 1322 1308 τὴν
1352 1238 1561 1309 ἀγαθὴν
1601 1239 1761 1309 μόνον

193 1324 544 1396 κατασπείρει
576 1324 835 1395 καρδίαν,
859 1324 994 1378 ἀλλά
1024 1324 1126 1379 κᾶν
1151 1325 1379 1395 λιθώδης
1409 1343 1491 1390 τις
1520 1323 1588 1398 ἦν
1611 1367 1626 1391 ,
1660 1326 1763 1381 κᾶν

195 1418 308 1480 ταῖς
331 1414 595 1478 ἀκάνθαις
627 1415 970 1487 ὑλομανοῦσα
988 1457 1002 1481 ,
1039 1416 1143 1470 κᾶν
1182 1418 1436 1488 παρόδιός
1456 1434 1516 1470 τε
1544 1419 1636 1471 καὶ
1666 1436 1764 1472 πε-

194 1504 514 1577 πατημένη,
553 1507 718 1560 πᾶσιν
754 1506 845 1559 ἐπὶ
883 1505 1292 1578 φιλανθρωπίας
1340 1508 1619 1561 ἐπιϐάλλει
1670 1507 1765 1563 τοῦ

194 1598 348 1666 λόγου
380 1598 453 1652 τὰ
498 1599 807 1669 σπέρματα.
856 1599 966 1651 Καὶ
1017 1599 1246 1653 ἑκάστου
1280 1601 1346 1653 τὰ
1381 1600 1644 1672 ἰδιώματα
1677 1600 1769 1673 ἑρ-

198 1690 446 1761 μηνεύων
471 1690 551 1760 τῷ
599 1690 740 1759 λόγῳ
766 1731 781 1755 ,
819 1691 977 1743 τοῦτό
1010 1707 1172 1761 φησιν
1223 1692 1315 1745 ἐπὶ
1362 1691 1463 1761 τῆς
1515 1691 1770 1757 λιθὼδους

1858 600 1951 655 Dei
1985 602 2237 656 manibus
2285 600 2603 670 ﬁngebatur,
2634 582 2955 653 ‘illineretur
3013 596 3188 651 forma
3248 597 3432 667 aliqua

1858 691 2202 747 tenebricusa
2231 699 2285 745 et
2315 691 2491 759 nigra.
2526 689 2642 743 Non
2673 704 2821 743 eram
2854 703 3004 759 ergo,
3048 687 3249 756 inquit,
3283 688 3430 752 talis,

1859 783 1954 838 scd
1987 782 2127 837 facta
2161 798 2301 838 sum.
2324 776 2442 835 Non
2475 784 2617 835 enim
2648 780 2790 834 facta
2820 795 2939 835 sum
2967 780 3119 848 nigra
3150 794 3180 831 a
3213 786 3432 838 natura.

1859 874 1952 929 sed
1982 873 2279 928 adventitia
2311 874 2365 927 in
2399 888 2484 927 me
2528 873 2628 925 fuit
2677 872 2791 926 haec
2828 870 3136 941 turpitudo,
3179 884 3303 923 cum
3348 870 3436 924 sol

1862 977 2035 1017 meam
2069 961 2299 1015 formam
2330 977 2399 1014 ex
2433 960 2722 1030 splendido
2752 961 2939 1015 colore
2984 946 3219 1015 mutavit
3261 960 3316 1013 in
3347 960 3435 1013 ni-

1861 1068 2038 1123 grum.
2067 1050 2164 1106 Sol
2192 1053 2352 1116 enim,
2393 1052 2591 1120 inquit,
2624 1053 2830 1119 aspexit
2858 1068 2959 1109 me.
2991 1053 3133 1118 Quid
3167 1066 3301 1121 ergo
3349 1057 3438 1105 est

1862 1144 2006 1214 quod
2043 1160 2138 1214 per
2168 1144 2273 1198 hoc
2304 1145 2612 1199 discimus?
2635 1144 2773 1198 Dicit
2803 1144 3066 1200 Dominus
3114 1145 3292 1199 turbis
3342 1158 3440 1211 per

1863 1235 2203 1304 parabolam,
2238 1235 2382 1304 quod
2419 1235 2513 1305 qui
2550 1236 2773 1290 verbum
2820 1237 3076 1302 seminat,
3110 1251 3219 1291 non
3262 1236 3439 1291 solum

1867 1327 1922 1380 in
1959 1328 2100 1380 bono
2127 1326 2295 1380 cerdo
2331 1330 2585 1391 seminat,
2621 1326 2714 1381 sed
2769 1328 2934 1382 etiam
2971 1328 3017 1381 si
3055 1328 3126 1382 sit
3163 1325 3439 1397 quispiam

1866 1418 2170 1488 lapidosus,
2200 1423 2255 1473 et
2285 1419 2330 1474 si
2361 1418 2535 1488 spinis
2564 1418 2825 1482 luxuriet,
2852 1426 2907 1473 et
2938 1419 2982 1473 si
3011 1420 3081 1473 sit
3103 1419 3262 1487 juxta
3296 1417 3441 1470 viam

1867 1517 1921 1564 et
1977 1511 2373 1575 conculcatus,
2433 1510 2691 1564 omnibus
2743 1510 2814 1563 ob
2877 1510 3267 1580 benignitatem
3309 1506 3446 1577 jacit

1866 1603 2017 1657 verbi
2079 1602 2380 1658 semina“.
2431 1601 2495 1655 Et
2556 1602 2993 1671 uniuscujusque
3057 1600 3443 1673 proprietatem

1871 1710 2127 1750 sermone
2184 1693 2493 1765 explicans,
2550 1694 2677 1756 hoc,
2724 1694 2924 1763 inquit,
2957 1692 3158 1748 accidit
3190 1694 3243 1746 in
3302 1701 3446 1745 terra

197 1782 511 1852 συμϐαίνειν
565 1781 781 1852 ψυχῆς,
837 1782 1060 1835 ὅτιούκ
1108 1783 1167 1834 ἐν
1203 1782 1357 1853 βάθει
1414 1782 1655 1853 (tngo-3m
1708 1784 1769 1837 τὸ

1885 1786 2140 1856 lapidosa,
2159 1782 2304 1853 quod
2327 1803 2435 1841 non
2462 1787 2516 1841 in
2542 1785 2817 1856 profundo
2843 1785 3055 1840 radices
3079 1785 3190 1855 agit
3226 1782 3279 1837 id
3302 1780 3448 1850 quod

194 1849 536 1946 ἐσπαρμένον
560 1849 590 1938 ,“
810 1874 1147 1944 παραχρῆμα
1198 1849 1296 1943 μὲν
1344 1849 1426 1927 δι”
1449 1874 1766 1929 ἐπιπολαίου

1885 1886 1959 1930 est
1989 1876 2340 1939 scminatum,
2371 1876 2467 1931 sed
2498 1875 2751 1946 protinus
2777 1875 2995 1944 quidem
3046 1888 3143 1943 per
3176 1872 3451 1943 germinac

198 1964 434 2034 βλάστης
463 1962 557 2016 τὸν
597 1963 797 2033 στάχυν
837 1964 1339 2032 κατεπαγγέλλεται
1372 1982 1385 1995 ·
1441 1965 1769 2038 θερμότερον

192 2052 248 2109 δὲ
277 2054 370 2108 τοῦ
403 2054 560 2126 ἡλίου
582 2055 644 2108 τὸ
671 2054 1029 2125 ὑποκείμενον
1054 2055 1354 2125 θάλψαντος
1373 2097 1385 2114 ,
1414 2056 1492 2126 τῷ
1537 2056 1610 2126 μὴ
1640 2058 1772 2110 ὑποῖ-

196 2146 405 2200 κεῖσθαι
434 2147 558 2208 ταῖς
604 2144 779 2216 ῥίζαις
811 2144 1011 2216 ἰκμάδα
1030 2185 1044 2209 ,
1073 2145 1548 2217 καταξηραίνεται.
1573 2148 1774 2217 Πειρα-

196 2236 329 2307 σμὸν
352 2237 411 2290 δὲ
439 2236 530 2290 διὰ
552 2237 651 2306 τῆς
672 2235 966 2308 ἑρμηνείας
989 2236 1242 2306 ὀνομάζει
1261 2238 1351 2289 τὸν
1378 2238 1546 2308 ἥλιον.
1564 2237 1773 2291 Οὐκοῦν

193 2327 349 2380 τοῦτο
377 2327 533 2398 παρά
577 2327 675 2397 τῆς
716 2326 1035 2379 διδασκάλου
1085 2327 1146 2379 τὸ
1181 2328 1356 2397 δόγμα
1409 2329 1770 2398 μανθάνομεν,

194 2417 275 2471 ὅτι
300 2417 493 2487 γέγονε
525 2417 624 2488 μὲν
650 2419 683 2488 ἡ
727 2416 1041 2488 ἀνθρωπίνη
1071 2416 1232 2486 φύσις
1259 2418 1353 2470 τοῦ
1387 2418 1639 2490 ἀληθινοῦ
1664 2435 1775 2487 φω-

194 2508 284 2573 τὸς
308 2509 702 2579 ἀπεικόνισμα,
719 2508 908 2580 πόρρω
935 2507 1045 2561 τῶν
1079 2508 1368 2562 σκοτεινῶν
1389 2510 1773 2581 χαρακτήρων,

195 2602 259 2671 τῇ
294 2599 388 2653 τοῦ
423 2600 738 2671 ἀρχετύπου
791 2598 1020 2662 κάλλους
1068 2599 1345 2671 ὁμοιότητι
1378 2600 1668 2655 στίλϐουσα
1689 2618 1702 2632 ·
1748 2603 1777 2655 ὀ

195 2690 252 2743 δὲ
277 2691 589 2763 πειρασμὸς
614 2690 706 2744 τὸν
736 2689 986 2760 φλογώδη
1034 2689 1289 2743 καύσωνα
1320 2691 1384 2744 δι’
1413 2692 1627 2761 ἀπάτης
1660 2694 1779 2746 ὲπι-

197 2780 373 2835 ϐαλὼν
394 2823 411 2846 ,
451 2780 666 2851 ἁπαλὴν
705 2781 784 2833 ἐτι
814 2781 909 2834 καὶ⁵
957 2780 1142 2852 ἄριζον
1167 2782 1266 2852 τὴν
1291 2780 1512 2852 πρώτην
1545 2782 1778 2853 βλάστην

197 2872 465 2926 κατέϐαλε
486 2888 503 2903 ο
528 2872 621 2925 καὶ
645 2873 775 2941 πρὶν
807 2871 920 2938 ἕξιν
946 2872 1068 2926 τινὰ
1100 2872 1193 2925 τοῦ
1220 2873 1424 2941 ἀγαθοῦ
1452 2874 1775 2945 κτήσασθαι,

196 2964 289 3017 καὶ¹
311 2964 403 3017 διὰ
435 2965 539 3035 τῆς
564 2964 672 3016 τῶν
703 2963 979 3035 λογισμῶν
1021 2964 1296 3035 γεωργίας
1325 2964 1508 3018 δοῦναι
1553 2967 1673 3029 ταῖς
1702 2966 1782 3036 ρί-

198 3054 317 3119 ζαις
347 3055 519 3108 πότον
569 3054 661 3107 ἐπὶ
690 3054 752 3107 τὸ
799 3054 959 3124 βάθος
983 3095 998 3119 ,
1033 3050 1192 3118 εὐθὺς
1227 3054 1315 3109 διὰ
1349 3055 1452 3125 τῆς
1498 3058 1779 3128 παρακοῆς

1875 1964 2098 2031 tionem,
2129 1981 2251 2036 qua:
2276 1967 2455 2039 oritur
2484 1967 2536 2020 in
2567 1966 2880 2035 superﬁcie,
2913 1980 3147 2021 messem
3185 1963 3452 2034 promittit

1871 2061 1926 2112 et
1955 2058 2182 2128 spicam,
2213 2058 2308 2115 sed
2339 2074 2465 2113 cum
2489 2060 2570 2112 sol
2600 2061 2837 2115 calidius
2864 2060 3042 2114 solum
3076 2057 3292 2120 foverit,
3331 2069 3453 2125 pro-

1875 2154 2056 2215 pterea
2092 2147 2236 2217 quod
2268 2149 2450 2203 nullus
2487 2149 2683 2202 humor
2717 2150 2892 2204 subsit
2918 2150 2973 2203 in
3006 2147 3311 2211 radicibus,
3336 2160 3453 2199 ἐι-

1876 2239 2140 2293 siccatur.
2172 2232 2556 2294 Tentationem
2586 2236 2780 2295 autem
2830 2238 3247 2308 interpretando
3278 2236 3454 2292 nomi-

1875 2339 1970 2384 nat
1998 2331 2189 2386 solem.
2223 2330 2336 2386 Hoc
2365 2348 2497 2402 ergo
2545 2328 2744 2403 dogma
2776 2348 2807 2386 a
2860 2332 3119 2401 magistra
3164 2329 3451 2390 discimus,

1876 2420 2019 2489 quod
2054 2418 2196 2474 facta
2231 2416 2449 2490 quidem
2480 2433 2564 2477 est
2597 2422 2840 2476 humana
2870 2429 3069 2476 natura
3097 2421 3456 2475 simulacrum

1876 2527 2019 2567 verae
2061 2512 2226 2577 lucis,
2256 2512 2447 2581 procul
2476 2528 2506 2566 a
2538 2513 2847 2568 tenebrosis
2894 2512 3084 2582 ﬁguris
3133 2510 3346 2580 fulgens
3380 2510 3457 2563 si-

1878 2600 2193 2657 militudine
2225 2605 2558 2673 exemplaris
2589 2604 3018 2679 pulchritudinis
3046 2620 3063 2673 ;
3096 2603 3325 2658 tentatio
3360 2615 3461 2654 au-

1878 2705 1986 2751 tem
2015 2694 2294 2750 ardentem
2322 2704 2513 2750 aestum
2545 2711 2641 2764 per
2677 2695 2925 2749 fraudem
2953 2695 3230 2764 injiciens,
3258 2691 3459 2759 dejecit

1881 2789 2116 2859 primum
2152 2796 2375 2859 germen
2409 2787 2588 2841 adhuc
2619 2786 2999 2856 imperfectum
3051 2792 3105 2839 et
3132 2798 3328 2838 carens
3364 2795 3457 2834 ra-

1879 2878 2137 2932 dicibus:
2176 2885 2230 2932 et
2262 2878 2582 2947 priusquam
2615 2877 2858 2946 aliquem
2901 2875 3250 2945 acquisiisset
3299 2870 3458 2925 habi—

1881 2973 2019 3032 tum,
2053 2974 2108 3020 et
2160 2981 2254 3035 per
2298 2965 2692 3035 agriculturam
2748 2966 3048 3030 rationum,
3081 2964 3135 3017 in
3181 2958 3458 3032 profundo

1882 3072 2068 3131 potum
2100 3057 2341 3112 dedisset
2371 3056 2670 3117 radicibus,
2699 3057 2881 3111 statim
2907 3070 3002 3125 per
3030 3051 3459 3108 inobedientiam

198 3146 552 3218 ἀποξηράνας
575 3146 637 3199 τὸ
668 3146 875 3217 χλωρόν
896 3164 956 3199 τε
995 3147 1088 3200 καὶ
1121 3145 1344 3211 εὐθαλὲς
1376 3144 1513 3212 εἶδος
1533 3189 1548 3213 ,
1575 3148 1663 3203 διὰ
1683 3151 1782 3219 τῆς

1886 3151 2047 3206 viridi
2095 3159 2147 3205 et
2176 3149 2405 3203 ﬂorente
2439 3147 2616 3202 forma
2646 3136 2944 3212 exsiccata,
2993 3160 3091 3216 per
3131 3152 3324 3199 aestum
3378 3140 3467 3193 ni-

199 3238 452 3302 καύσεως
490 3238 658 3310 μέλαν
698 3238 973 3309 ἐποίησεν.
1008 3239 1070 3291 Εἰ
1109 3237 1163 3291 δὲ
1191 3239 1344 3307 ἡλιος
1375 3240 1408 3309 ἡ
1437 3239 1783 3309 ἀντικειμένη

1892 3260 2050 3315 grum
2080 3242 2280 3297 effecit.
2314 3241 2371 3297 Si
2408 3250 2586 3297 autem
2620 3241 2701 3295 sol
2729 3240 3050 3293 nominatur
3082 3236 3309 3291 adversa
3358 3241 3470 3287 ten-

200 3327 295 3384 τοῦ
344 3329 661 3403 πειρασμοῦ
698 3330 974 3402 προσϐολὴ
1012 3328 1370 3400 ὀνομάζεται,
1409 3328 1598 3401 μηδεὶς
1656 3330 1789 3395 ξενιε

201 3423 377 3486 ζέσθω
398 3422 516 3477 τῶν
547 3423 883 3487 ἀκουόντων,
919 3424 977 3475 ὲν
1013 3422 1224 3486 πολλοῖς
1259 3423 1321 3475 τὸ
1358 3424 1599 3476 τοιοῦτον
1638 3423 1789 3493 παρά

199 3516 297 3584 τῆς
343 3512 709 3570 θεοπνεύστου
740 3514 966 3586 Γραφῆς
999 3514 1402 3584 διδασκόμενος.
1437 3516 1548 3567 Καὶ
1594 3514 1703 3585 γὰρ
1732 3517 1790 3566 ἐν

202 3605 436 3679 δευτέρᾳ
472 3605 585 3659 τῶν
614 3604 970 3674 ἀναϐαθμῶν
998 3604 1166 3674 ’ῼδῆ,
1194 3604 1398 3674 ταύτην
1428 3607 1660 3657 ποιεῖται
1693 3601 1791 3676 τὴν

205 3694 463 3766 εὐλογίαν
487 3696 569 3767 τῷ
599 3695 697 3766 τὴν
729 3694 980 3766 βοήθειαν
1014 3694 1189 3764 ἔχοντι
1227 3693 1320 3747 τοῦ
1358 3696 1679 3766 ποιήσαντος
1701 3694 1794 3746 τὸν

202 3789 437 3859 οὐρανὸν
468 3788 564 3841 καὶ
589 3787 687 3857 τὴν
713 3786 817 3857 γῆν
840 3827 855 3852 ,
894 3786 954 3839 τὸ
990 3786 1069 3857 μὴ
1114 3785 1469 3854 συγκαίεσθαι
1499 3786 1658 3839 αὐτὸν
1688 3784 1793 3837 ὑπὸ

204 3880 299 3933 τοῦ
328 3880 492 3951 ἡλίου
522 3877 612 3932 διὰ
636 3878 737 3947 τῆς
769 3876 1001 3949 ἡμέρας.
1034 3877 1207 3949 Καὶκό
1244 3877 1530 3947 προφήτης
1573 3873 1795 3938 Ἡσαΐας

204 3971 305 4044 τὴν
331 3973 436 4043 τῆς
476 3969 803 4040 Ἐκκλησίας
826 3969 1161 4022 κατάστασιν
1201 3969 1577 4040 προφητεύων,
1608 3968 1797 4039 ὥσπερ

207 4068 332 4118 τινὰ
358 4063 593 4134 πομπὴν
627 4061 932 4134 ὑπογράφει
969 4063 1037 4133 τῇ
1072 4059 1335 4131 πολιτείᾳ,
1369 4060 1673 4131 φαιδρύνων
1720 4060 1799 4130 τῷ

207 4156 372 4227 Λόγῳ
438 4156 523 4226 τῷ
587 4155 903 4224 διηγὴματι.
960 4153 1122 4220 Λέγει
1167 4152 1276 4222 γὰρ
1346 4150 1651 4222 θυγατέρας
1713 4149 1799 4203 ἐπ’

208 4246 382 4318 ὤμων
435 4246 767 4318 αἰρομένας,
802 4245 897 4297 καὶ
938 4245 1132 4306 παῖδας
1178 4246 1235 4296 ὲν
1284 4243 1595 4313 λαμπήναις
1641 4260 1803 4312 κομι-

208 4340 522 4412 ζομένους,
576 4341 671 4391 καὶ
724 4336 985 4399 σκιαδίοις
1039 4336 1131 4388 τὸν
1195 4332 1474 4405 φωτισμὸν
1529 4334 1803 4405 ἀποκρού-

212 4444 441 4492 σαντας.
482 4428 559 4481 Δι’
585 4420 660 4480 ὧν
701 4429 758 4479 ὲν
790 4425 1073 4494 αἰνίγμασι
1100 4424 1190 4477 τὸν
1224 4428 1282 4478 ὲν
1320 4426 1485 4496 ἀρετῇ
1518 4424 1805 4495 διαγράφει

1896 3333 2121 3389 tatiouis
2160 3330 2415 3403 irruptio,
2452 3331 2584 3386 nulli
2624 3326 2938 3384 auditorum
2974 3328 3031 3384 id
3078 3326 3329 3382 videatur
3365 3337 3472 3377 no—

1896 3441 2046 3487 vum,
2080 3436 2205 3478 cum
2239 3422 2293 3476 in
2333 3423 2519 3476 mtdtis
2558 3421 2663 3474 tale
2692 3418 2976 3489 quidpiam
3005 3431 3109 3472 nos
3151 3418 3343 3470 doceat
3388 3412 3473 3466 di-

1895 3516 2103 3570 vinitus
2164 3514 2432 3583 inspirata
2477 3507 2783 3580 Scriptura.
2836 3507 3051 3563 Etenim
3112 3507 3166 3561 in
3226 3502 3474 3560 secundo

1898 3606 2106 3664 cantico
2141 3606 2434 3680 graduum,
2479 3604 2621 3659 hanc
2655 3600 2784 3657 facit
2806 3601 3269 3662 benedictionem,
3300 3597 3350 3652 ei
3380 3595 3474 3665 qui

1900 3702 2061 3755 habet
2087 3699 2353 3752 auxilium
2386 3712 2415 3749 a
2449 3694 2681 3749 Domino
2715 3694 2808 3764 qui
2848 3692 2978 3746 fecit
3017 3690 3216 3745 caelum
3263 3694 3317 3743 et
3366 3694 3477 3740 tero

1900 3806 2050 3854 ram,
2106 3807 2174 3844 ne
2202 3788 2320 3861 ipse
2344 3774 2347 3775 ν
2372 3804 2402 3842 a
2437 3788 2554 3842 sole
2587 3786 2943 3863 comburatur
3001 3797 3098 3853 per
3134 3781 3301 3835 diem.
3337 3777 3478 3831 Pro-

1903 3883 2064 3955 pheta
2094 3892 2315 3953 quoque
2344 3878 2518 3935 lsaias
2575 3878 2880 3948 praedicens
2932 3883 3136 3931 statum
3195 3870 3477 3933 Ecclesiae,

1903 3972 2169 4029 describit
2198 3971 2368 4026 veluti
2421 3966 2713 4038 quamdam
2754 3979 3032 4035 pompam,
3064 3959 3234 4018 Verbi
3292 3973 3481 4013 narra—

1904 4066 2073 4120 tione.
2116 4062 2260 4117 Dicit
2292 4060 2469 4123 enim,
2504 4058 2641 4112 ﬁlias
2677 4063 2914 4125 gestatas
2946 4051 3187 4106 humeris
3210 4091 3225 4114 ,
3255 4055 3311 4103 et
3342 4047 3482 4101 ﬁlios

1908 4167 2092 4213 vectos
2143 4154 2374 4219 lecticis,
2415 4159 2468 4205 et
2520 4156 2769 4203 arcentes
2811 4152 3004 4200 azstum
3058 4140 3329 4196 umbellis.
3381 4136 3485 4191 Per

1909 4264 2031 4319 qua:
2062 4246 2327 4302 describit
2360 4244 2414 4297 in
2468 4242 2758 4309 aenigmate
2791 4238 2956 4292 vitam
3001 4249 3124 4304 quae
3159 4233 3374 4302 degitur
3429 4230 3485 4282 in

1911 4343 2133 4401 virtute,
2167 4353 2263 4407 per
2293 4330 2559 4405 puerilem
2588 4331 2808 4401 quidem
2852 4335 3067 4382 astatem
3105 4324 3403 4380 ostendens
3434 4321 3487 4374 id

1911 4432 2055 4504 quod
2072 4438 2155 4486 est
2172 4443 2345 4498 nuper
2369 4432 2579 4487 natum,
2604 4420 2943 4490 simplexque
2958 4426 3013 4472 et
3034 4429 3230 4470 carens
3255 4412 3485 4475 malitia,

214 4519 333 4590 βίον
362 4561 377 4586 ,
403 4519 499 4573 διὰ
532 4518 629 4590 μὲν
662 4520 760 4581 τῆς
786 4515 1088 4586 νηπιώδους
1114 4515 1328 4586 ἡλικίας
1361 4515 1721 4568 ὑποδεικνύων
1745 4515 1783 4567 τί

1885 4499 2012 4593 ..ρον
2041 4518 2308 4575 umbellas
2341 4523 2546 4574 autem,
2583 4510 2840 4567 solatium
2877 4515 3067 4571 aastus,
3100 4502 3249 4573 quod
3278 4499 3490 4555 accedit

212 4610 514 4683 ἀρτιγενές
545 4626 605 4661 τε
635 4610 728 4661 καὶ
753 4607 956 4661 ἄκακον
983 4622 996 4635 ·
1025 4605 1113 4659 διὰ
1148 4605 1256 4657 τῶν
1291 4605 1547 4658 σκιαδίων
1570 4645 1585 4669 ,
1618 4606 1716 4676 τὴν
1755 4605 1815 4671 ἐξ

215 4703 565 4775 ἐγκρατείας
598 4716 656 4755 τε
699 4703 791 4759 καὶ
826 4699 1199 4771 καθαρότητος
1234 4700 1664 4771 προσγινομένην
1697 4704 1816 4764 ταῖς

213 4799 422 4868 ψυχαῖς
469 4795 823 4868 παραμυθίαν
851 4792 943 4847 τοῦ
986 4792 1283 4855 καύσωνος.
1319 4793 1396 4845 Δι’
1440 4790 1514 4846 ὧν
1546 4793 1815 4863 μανθάνοι-

216 4907 346 4961 μεν,
382 4889 473 4941 ὃτι
496 4887 603 4958 χρὴ
624 4887 709 4938 ἐπ’
729 4884 896 4954 ὤμων
916 4884 1167 4955 αἴρεσθαι
1190 4883 1289 4954 τὴν
1316 4882 1412 4937 τοῦ
1445 4883 1580 4937 Θεοῦ
1605 4902 1666 4937 νυ
1676 4898 1816 4955 μφο-

215 4978 599 5048 στολουμένην
620 4979 796 5049 ψυχὴν
817 5016 831 5040 ,
870 4976 930 5028 οὐ
958 4975 1304 5046 πατουμένην
1332 4975 1437 5028 ὑπὸ
1466 4974 1562 5044 τῆς
1593 4976 1815 5048 σαρκὸς,

214 5070 334 5125 ἀλλ’
367 5068 797 5139 ὲπικαθημένην
825 5066 905 5137 τῷ
948 5067 1097 5137 ὄγκῳ
1136 5065 1228 5119 τοῦ
1284 5063 1555 5137 σώματος.
1586 5067 1820 5137 Λαμπή-

216 5182 319 5236 νην
360 5164 424 5216 δὲ
455 5161 828 5225 ἀκούσαντες,
860 5158 957 5229 τὴν
982 5157 1359 5229 ἐκλαμπτικὴν
1393 5142 1491 5211 τοῦλ
1515 5157 1823 5227 βαπτίσμα-

1916 4614 2116 4670 animis
2140 4626 2204 4666 ex
2229 4607 2566 4664 continentia
2586 4613 2640 4659 et
2668 4603 2926 4674 puritate.
2943 4596 3050 4652 Per
3076 4610 3199 4667 quae
3222 4594 3490 4649 discimus

1917 4704 2161 4760 humeris
2194 4699 2397 4772 gestari
2446 4699 2683 4751 animam
2715 4693 2823 4747 Deo
2852 4689 3266 4762 desponsatam,
3298 4700 3408 4739 non
3460 4696 3491 4735 a

1917 4810 2088 4851 carne
2121 4793 2529 4852 conculcatam,
2560 4784 2653 4842 sed
2687 4784 2814 4839 moli
2851 4778 3102 4851 corporis
3135 4778 3492 4833 insidentem.

1920 4885 2224 4939 Audientes
2244 4889 2426 4935 autem
2451 4877 2638 4932 Grarce
2657 4873 2949 4945 λαμπὴνην
2970 4869 3265 4925 didicimus
3293 4863 3495 4919 illumi-

1917 4977 2183 5034 natricem
2241 4969 2500 5042 baptismi
2559 4965 2828 5038 gratiam,
2885 4978 2981 5032 per
3022 4974 3184 5032 quam
3234 4956 3497 5011 eﬁicimur

1918 5067 2099 5139 pueri,
2131 5078 2243 5119 non
2275 5062 2513 5131 amplius
2542 5059 2595 5112 in
2633 5067 2779 5111 terra
2810 5055 3038 5125 ﬁgentes
3069 5050 3381 5118 vestigium,
3401 5044 3496 5098 sed

1918 5134 2083 5226 super
2110 5156 2256 5208 illam
2294 5150 2500 5221 portati
2540 5148 2609 5202 ad
2650 5148 2818 5199 vitam
2868 5143 3174 5197 caelestem.
3227 5134 3497 5188 Umbrosa
3610 5208 3613 5213 φ

126 5272 131 5277 ·
214 5230 310 5321 τος
334 5255 513 5327 χάριν
543 5252 904 5325 μανθάνομεν,
932 5252 998 5304 δι’
1025 5246 1093 5323 ἦς
1117 5251 1305 5313 παῖδες
1330 5250 1611 5318 γινόμεθα,
1637 5249 1783 5302 οὐκέτ

1921 5255 2103 5303 autem
2137 5243 2195 5297 ﬁt
2224 5242 2387 5297 nobis
2429 5241 2540 5293 vita
2569 5246 2621 5291 et
2657 5234 2894 5295 roscida,
2924 5230 3199 5285 exstincto
3237 5231 3375 5277 aastu
3406 5235 3502 5289 pt-r

215 5315 304 5421 τῇ-
417 5315 501 5398 ’τὸ
539 5315 685 5415 έχνος
712 5315 1007 5415 ἐρείδοντες
1028 5315 1185 5406 ,ἀλλ’
1213 5344 1298 5395 ἐπ’
1330 5315 1543 5413 ἐκείνης
1572 5340 1707 5412 πρὸς
1726 5338 1783 5409 τιὴ

1926 5337 2193 5393 umbellas
2221 5332 2464 5389 virtutis.
2500 5327 2601 5383 llic
2629 5338 2713 5382 est
2741 5326 2821 5380 sol
2854 5321 3079 5381 laedens,
3109 5315 3331 5385 quando
3380 5315 3502 5381 ejus

215 5412 487 5509 οδράνιον
520 5412 668 5503 ζωὴν
698 5412 1070 5503 κομιζόμενοι.
1103 5431 1325 5501 Σκιερὸς
1354 5431 1411 5484 δὲ
1451 5412 1669 5499 γίνεται·
1693 5431 1783 5499 ἡμῑ

1930 5442 2098 5484 aestus
2123 5442 2231 5481 non
2260 5431 2479 5479 arcetur
2525 5435 2554 5474 a
2607 5419 2753 5473 nube
2770 5412 3034 5483 Spiritus,
3070 5422 3233 5478 quam
3298 5412 3378 5460 eis
3409 5418 3507 5458 ex-

221 5495 317 5584 xaIl.
344 5494 637 5600 δροσώδης
673 5526 703 5579 ὁ
741 5494 1016 5596 β’ίος,’διά
1045 5524 1153 5579 τῶν
1185 5494 1282 5595 της
1324 5494 1525 5597 ἀρετῆς
1570 5494 1783 5574 σκιαδίιι

1936 5519 2127 5593 pandit
2158 5516 2423 5573 Dominus
2454 5512 2519 5567 ad
2551 5512 2948 5581 tegumentum.
2972 5498 3072 5554 llic
3097 5496 3243 5553 enim
3277 5494 3359 5550 sol
3398 5500 3502 5559 est,

312 5804 359 5837 ¹²
381 5802 569 5860 Math.
600 5820 720 5872 xui,
764 5799 826 5857 18
859 5818 979 5873 sqq.
