3874 6424
458 337 562 394 795
1682 346 1740 401 S.
1776 346 2107 408 GREGOBII
2144 353 2436 413 NYSSENI
3604 366 3701 425 7S6

454 448 550 516 qui
598 448 823 503 nitidum
860 454 1106 521 corporis
1145 455 1493 525 superficiem
1527 460 1774 519 accendit
1813 462 2021 520 insultu

2132 471 2628 544 κατασϐεννυμένου
2656 474 2751 530 τοῦ
2795 475 3088 542 καύσωνος.
3119 472 3286 544 Οὗτος
3334 477 3426 537 οὖν
3474 484 3632 537 ἐστιν
3675 489 3703 540 6

454 541 840 605 tentationum,
865 552 917 597 et
951 543 1149 599 format
1173 548 1382 618 nigram
1413 550 1777 608 deformitate.

2132 541 2537 628 παραϐλάπτῶν
2588 564 2758 635 ἥλιος,
2788 566 2918 619 ὅταν
2952 567 3026 637 μὴ
3074 541 3473 641 διατειχίζηται
3511 577 3544 628 6
3577 581 3701 647 παρ’

452 628 618 681 αὐτοῦ
646 630 884 700 φλογμὸς
913 636 976 704 τῇ
1009 635 1203 707 νεφέλῃ
1237 638 1330 691 τοῦ
1357 637 1662 709 Πνεύματος
1682 682 1697 706 ,
1726 642 1796 713 ἢν
1837 641 2154 697 διεπέτασεν
2181 648 2362 713 αὐτοῖς
2386 653 2414 704 6
2442 628 2644 723 Κύριος
2702 656 2783 721 είς
2816 628 3026 727 axe-Imit-
3091 628 3297 722 αὐτοῖς.
3318 628 3337 636 ⁷

452 721 600 772 ἐστιν
647 723 675 773 6
704 722 855 791 ἥλιος
880 759 897 785 ,
940 725 971 776 6
1009 725 1107 796 τὴν
1176 727 1434 801 λαμπρὰν
1460 730 1553 784 τοῦ
1620 731 1869 803 σώματος
1938 732 2255 801 ἐπιφάνειαν
2303 743 2367 812 τῇ
2416 721 2687 817 προσσολῇ
2732 746 2839 801 τῶν
2890 721 3209 821 πειρασμῶν
3257 721 3543 810 Ῠὲπικαίων
3613 721 3704 813 3:41

457 810 719 879 μελαίνων
752 817 809 870 ὲν
834 816 1144 893 δυσμορφίᾳ
1167 822 1227 876 τὸ
1264 819 1423 888 εἶδος.

529 904 733 961 Deinde
757 918 943 966 narrat
970 911 1114 967 unde
1135 915 1465 985 principium
1497 920 1719 977 duxerit
1762 923 1895 979 boni
1927 937 2023 979 co-

456 994 589 1049 loris
627 996 692 1048 ad
738 998 953 1071 nigrum
990 1008 1402 1064 transmutatio.
1434 1008 1567 1066 Filii
1594 1023 1791 1078 autem,
1828 1015 2022 1085 inquit,

454 1087 643 1141 matris
668 1105 794 1142 mete
825 1104 1189 1162 pugnaverunt
1217 1098 1273 1152 in
1305 1115 1416 1154 me:
1481 1115 1769 1168 posuerunt
1816 1122 1895 1159 me
1932 1123 2024 1160 cu-

2202 917 2334 975 Εἷτα
2378 923 2643 996 διηγεῖται
2669 967 2684 990 ,
2713 927 2836 982 ὅθεν
2874 929 2975 1001 τὴν
3010 931 3183 1003 ἀρχὴν
3210 932 3368 1004 ἔσχεν
3395 935 3429 1005 ἡ
3474 936 3623 1005 πρὸς
3645 941 3704 994 τὸ

2136 1001 2302 1081 μέλαν
2337 1015 2435 1086 τῆς
2458 1018 2705 1090 εὐχροίας
2728 1020 2886 1090 ἡμῶν
2915 1001 3308 1093 μεταποίησις.
3332 1001 3450 1079 Υἱοὶ
3478 1001 3705 1097 μήτρός

2113 1107 2265 1170 “you,
2296 1105 2464 1175 φησὶν
2486 1145 2503 1171 ,
2540 1108 2913 1178 ἐμαχέσαντο
2945 1111 3015 1165 ἐν
3039 1112 3201 1181 ἐμοί’
3242 1113 3451 1169 ἔθεντο
3471 1135 3562 1185 με
3596 1137 3702 1188 φυ-

453 1177 654 1231 stodem
682 1180 734 1233 in
763 1182 943 1247 vineis,
972 1185 1176 1240 vineam
1204 1199 1380 1244 autem
1412 1208 1582 1246 meam
1604 1212 1707 1248 non
1741 1197 2019 1252 custodivi.

2132 1194 2441 1252 λάκισσαν
2493 1177 2987 1271 ἐναριπελῶσιν,
3027 1177 3350 1273 ἀμπελῶνα
3399 1177 3554 1275 ἐμον
3596 1177 3704 1265 οὐκ

454 1268 512 1322 In
538 1269 641 1323 hoc
669 1272 800 1327 mihi
821 1282 1042 1331 attenta;
1066 1281 1410 1346 praebeantur
1432 1299 1614 1347 aures,
1646 1301 1756 1340 non
1786 1288 1837 1341 in
1857 1303 2023 1343 accu-

2132 1288 2424 1356 ἐφύλαξα.
2465 1291 2574 1343 Καί
2622 1268 2712 1362 μοι
2755 1291 2914 1347 τοῦτο
2964 1268 3330 1365 παρασχέσθω
3379 1268 3595 1371 ὴνάκοὴ
3633 1300 3701 1372 μὴ

455 1366 571 1412 rate
594 1358 940 1418 discutienda
998 1366 1257 1425 dictionis
1321 1376 1757 1440 constructione,
1818 1378 1913 1431 sed
1969 1378 2025 1432 in

2132 1378 2244 1432 λίαν
2270 1358 2741 1452 ἀκριϐολογεῖσθαι
2767 1383 2904 1455 πρὸς
2932 1383 3029 1455 τὴν
3201 1358 3697 1457 λέξεωξσονταὶξὶνξ

452 1451 856 1508 consideranda
903 1470 1103 1513 sensus
1146 1464 1507 1519 connexione.
1537 1465 1693 1531 Quod
1723 1467 1768 1523 si
1820 1468 1867 1523 is
1915 1484 2025 1523 non

2132 1473 2260 1526 ἀλλὰ
2305 1451 2444 1545 πρὸς
2476 1474 2568 1529 τὸν
2617 1451 2929 1545 είρμδνντοῦ
2971 1451 3242 1547 νοήματος
3279 1478 3521 1548 βλέπειν.
3563 1451 3630 1536 Ei

455 1541 529 1594 sit
563 1556 826 1601 accurate
863 1562 1167 1619 connexus,
1200 1553 1254 1608 id
1304 1555 1608 1625 imputetur
1666 1559 2026 1615 imbecillitati

2132 1582 2174 1617 rt
2213 1564 2288 1637 μὴ
2319 1541 2563 1635 ἀνκριῦῶς
2596 1541 3024 1638 συνήρτημένον,
3056 1541 3425 1639 συμφράσεως
3446 1574 3517 1642 τῇ
3549 1572 3703 1625 ἀσθε-

455 1633 924 1703 interpretationis
978 1656 1170 1696 eorum
1234 1646 1330 1714 qui
1389 1647 1631 1719 linguam
1701 1648 2022 1707 Hebraicam

2132 1633 2243 1724 usi;
2269 1633 2578 1724 λογισάσθω
2603 1633 2855 1726 ὠνέὴῖ
2869 1633 3143 1727 ’δεραίων
3159 1633 3414 1726 γλῶτταν
3437 1633 3701 1731 μὲῖτασαλ.

453 1722 795 1778 transferunt
819 1727 872 1780 in
916 1743 1103 1785 vocem
1126 1731 1391 1790 Graecam.
1419 1735 1459 1791 li
1489 1738 1634 1792 enim
1658 1740 1749 1809 qui
1781 1741 2021 1794 studium

2132 1722 2326 1799 λόντων
2346 1722 2433 1809 είς
2459 1746 2557 1815 τὴν
2588 1722 2814 1805 Ἐλλάδα
2845 1722 3049 1816 φωνὴν.
3072 1722 3300 1819 Οἷς-γὰρ
3323 1748 3390 1802 ἂν
3408 1722 3699 1821 ὲττιμέλεια

454 1824 755 1882 posuerunt
778 1826 837 1872 ut
862 1822 1211 1879 erudirentur
1232 1826 1294 1880 in
1326 1842 1582 1884 sermone
1605 1829 1855 1896 Hebraeo,
1884 1833 2022 1887 nihil

2132 1840 2321 1907 γέγονε
2371 1838 2723 1909 παιδευθῆναι
2754 1836 2853 1910 τὴν
2899 1838 3157 1908 Ἐϐραίαν
3198 1839 3513 1907 διάλεκτον,
3556 1842 3702 1896 οὐδὲν

455 1907 739 1963 inveniunt
773 1911 1123 1979 ejusmodi,ut
1152 1919 1411 1974 videatur
1442 1938 1550 1976 non
1579 1924 1858 1981 cohaerere
1898 1942 1962 1981 ac
1990 1942 2022 1981 a

2132 1926 2440 1997 εὑρίσκεται
2466 1907 2704 1982 τοιοῦτον
2723 1969 2738 1993 ,
2770 1907 2884 1982 οἷον
2909 1927 3088 1983 δοκεῖν
3118 1930 3511 2002 ἀσυναρτήτως
3540 1932 3696 2002 ἔχειν.

452 2010 512 2049 se
539 1996 770 2053 invicem
799 2000 1127 2071 dependere.
1177 2006 1401 2079 Linguae
1436 2018 1619 2066 autem
1656 2025 1858 2070 nostrae
1887 2017 2023 2087 figu—

453 2096 571 2142 rata
596 2089 818 2159 locutio,
844 2109 952 2149 non
985 2100 1321 2157 conveniens
1357 2103 1641 2173 elegantiae
1686 2108 1884 2178 lingua:
1912 2108 2021 2165 He-

451 2178 815 2244 braaee,aﬂ‘ert
875 2188 1163 2255 quamdam
1231 2191 1611 2251 confusionem
1676 2198 1745 2254 iis
1794 2201 1889 2270 qui
1937 2216 2024 2256 se-

450 2279 698 2340 quuntur
725 2275 781 2329 in
810 2278 1101 2347 superficie
1125 2282 1583 2353 significationem
1617 2289 1894 2346 dictionis.
1926 2292 2026 2346 At-

452 2376 559 2430 que
590 2364 678 2418 hic
711 2375 796 2421 est
824 2370 1045 2437 quidem
1065 2386 1263 2429 sensus
1287 2377 1577 2430 verborum
1601 2394 1724 2448 quae
1755 2388 1882 2435 sunt
1905 2396 2025 2451 pro-

452 2454 656 2521 posita,
689 2467 956 2525 quantum
991 2477 1095 2517 nos
1129 2466 1647 2534 comprehendimus
1676 2488 1689 2523 :
1725 2467 1922 2524 Factus
1942 2481 2024 2526 est

453 2544 618 2599 homo
656 2547 726 2602 ab
755 2549 910 2603 initio
941 2553 1145 2610 nullius
1184 2554 1356 2608 divini
1423 2558 1552 2612 boni
1586 2559 1855 2630 indigens.
1892 2561 2023 2632 Ejus

450 2646 572 2691 erat
603 2640 781 2695 solum
816 2658 1018 2701 munus
1058 2647 1200 2701 bona
1257 2665 1502 2715 servare,
1557 2668 1666 2708 non
1717 2656 2020 2725 acquirere.

451 2726 800 2787 lnimicorum
843 2744 1023 2791 autem
1058 2737 1270 2795 insidiae
1301 2757 1431 2796 eum
1486 2743 1554 2799 iis
1609 2762 1731 2815 quae
1791 2735 2025 2805 habebat

451 2821 749 2889 nudarunt,
791 2828 959 2896 utqui
999 2844 1107 2883 non
1152 2833 1478 2889 custodierit
1523 2844 1774 2893 naturam
1820 2855 1941 2909 quae
1973 2841 2023 2895 ei

452 2910 577 2965 data
601 2911 778 2969 fuerat
804 2931 835 2970 a
871 2916 967 2973 Dei
1009 2920 1363 2992 benignitate.
1410 2924 1508 2980 Hic
1531 2936 1616 2982 est
1657 2943 1788 2999 ergo
1823 2947 2020 2987 sensus

452 3005 764 3062 verborum.
796 3007 929 3073 Quae
944 3019 1123 3066 autem
1165 3030 1262 3083 per
1293 3017 1459 3071 verba
1481 3019 1825 3087 aenigmatica
1860 3022 2022 3093 hujus

453 3109 651 3152 sensus
679 3099 751 3153 sit
785 3100 1029 3169 traditio,
1087 3118 1146 3160 se
1174 3105 1337 3163 habet
1357 3107 1462 3163 boc
1485 3110 1675 3166 modo:

526 3276 679 3343 Filii,
716 3280 917 3350 inquit,
954 3285 1139 3339 matris
1162 3302 1288 3340 mea,
1315 3301 1676 3359 pugnaverunt
1704 3295 1760 3348 in
1785 3311 1897 3350 me:
1928 3312 2024 3366 po-

453 3380 670 3423 suerunt
719 3389 800 3427 me
841 3375 1110 3430 custodem
1145 3381 1198 3431 in
1244 3380 1427 3446 vineis,
1473 3384 1674 3438 vineam
1709 3402 1878 3441 meam
1922 3405 2026 3444 non

452 3462 729 3516 custodivi.
768 3463 933 3520 Multa
964 3469 1153 3536 paucis
1186 3470 1494 3541 dogmatice
1531 3491 1632 3530 nos
1652 3477 1810 3533 docet
1827 3483 2021 3537 oratio.

456 3550 692 3608 Primum
724 3554 941 3625 quidem
982 3559 1033 3614 id
1064 3562 1209 3630 quod
1253 3578 1483 3635 magnus
1513 3562 1760 3624 enuntiat
1794 3568 2021 3643 Paulus,

449 3644 599 3712 quod
629 3647 813 3701 omnia
843 3661 970 3703 sunt
998 3666 1062 3705 ex
1089 3651 1217 3718 Deo,
1241 3661 1295 3709 et
1318 3673 1462 3712 unus
1491 3667 1576 3715 est
1599 3660 1742 3717 Deus
1768 3662 1928 3719 Pater
1958 3682 2024 3721 ex

450 3750 561 3805 quo
598 3740 801 3805 omnia,
833 3743 1062 3797 et'nihil
1090 3754 1174 3800 est
1202 3763 1267 3802 ex
1309 3748 1375 3802 iis
1402 3765 1523 3819 quae
1558 3762 1707 3820 sunt,
1738 3756 1880 3824 quod
1913 3771 2022 3811 non

453 3832 678 3896 propter
722 3829 873 3884 illum
911 3841 964 3887 et
987 3848 1051 3887 ex
1084 3834 1177 3889 illo
1199 3836 1398 3892 habeat
1419 3844 1713 3896 essentiam
1738 3843 1802 3896 ¹³.
1833 3844 2026 3900 Omnia

450 3918 617 3984 enim,
651 3921 847 3991 inquit,
880 3938 972 3989 per
1000 3925 1168 3992 ipsum
1196 3928 1341 3992 facta
1364 3942 1503 3997 sunt,
1538 3942 1587 3986 et
1610 3934 1724 3989 sine
1742 3951 1801 3988 eo
1823 3936 2026 4004 factum

449 4020 528 4062 est
583 4010 804 4066 nihil".
860 4015 964 4068 Sed
1020 4017 1280 4084 quoniam
1320 4035 1663 4093 quaecunque
1715 4024 1860 4082 Deus
1894 4026 2026 4083 facit

452 4098 613 4154 valde
663 4101 810 4154 bona
845 4113 975 4156 sunt
1013 4104 1227 4169 (omnia
1265 4112 1411 4162 enim
1448 4110 1577 4165 fecit
1615 4113 1668 4167 in
1704 4117 2022 4187 sapientia),

453 4190 605 4245 dedit
640 4202 851 4246 naturae.
901 4195 1132 4250 rationis
1177 4199 1427 4269 participi
1473 4202 1702 4271 gratiam
1751 4213 1810 4258 ut
1838 4207 1909 4261 sit
1941 4210 2027 4265 sui

450 4283 615 4351 juris,
643 4291 697 4338 et
725 4283 934 4338 addidit
960 4285 1269 4344 facultatem
1312 4290 1620 4360 inveniendi
1651 4311 1715 4350 ea
1738 4314 1858 4369 quae
1897 4311 2028 4357 sunt

2137 2018 2198 2072 '0
2230 2019 2284 2072 δὲ
2308 2019 2685 2090 σχηματισμὸς
2710 2019 2830 2119 τῆς
2847 2018 3125 2119 att-Wfﬁn}
3149 2020 3538 2119 ‘rEmggh
3568 2040 3699 2119 ςυμ-

2131 2110 2329 2165 6αίνων
2353 2110 2432 2181 τῷ
2476 2109 2841 2181 σχηματισμῷ
2869 2111 2969 2179 τῆς
3010 2111 3308 2182 Ἐὗραῖκῆς
3335 2109 3697 2180 εὐγλὶοττίας,

2131 2201 2390 2274 σύγχυσίν
2434 2219 2556 2256 τινα
2604 2203 2716 2265 τοῖς
2765 2200 3209 2272 ἐπιπολαιότερον
3258 2203 3615 2257 ἀκολουθοῦσι
3638 2206 3697 2275 τῇ

2131 2293 2379 2367 σημασίᾳ
2420 2293 2519 2362 τῆς
2561 2290 2756 2358 λέξεως
2787 2292 3179 2362 ἀπεργάζεται.
3224 2293 3289 2346 Ἠ
3332 2293 3435 2364 μὲν
3473 2289 3572 2349 οὖν
3602 2294 3701 2348 διά-

2129 2402 2249 2439 νοια
2274 2383 2382 2437 τῶν
2406 2383 2820 2455 προειρημένων
2847 2382 3109 2453 ῥημάτων
3127 2423 3141 2443 ,
3190 2381 3327 2454 αὕτη
3357 2384 3510 2440 ἐστὶν
3528 2423 3544 2449 ,
3581 2385 3700 2438 ὅσον

2130 2478 2290 2546 ἡμεῖς
2320 2475 2729 2545 κατειλήφαμεν
2758 2490 2773 2507 ο
2814 2475 2897 2529 ὃτι
2928 2474 3123 2543 Γέγονε
3159 2473 3221 2528 τὸ
3250 2474 3538 2546 καταρχὰς
3559 2477 3588 2530 6
3610 2474 3697 2529 ἀν-

2130 2567 2347 2638 θρωπος
2375 2565 2586 2629 οὐδενὸς
2612 2564 2721 2618 τῶν
2745 2564 2905 2620 θείων
2937 2564 3159 2633 ἀγαθῶν
3197 2564 3399 2635 ἐνδεής.
3430 2560 3527 2637 '9-
3547 2566 3695 2637 ἔργον

2127 2651 2196 2726 ἦν
2227 2655 2461 2725 φυλάξαι
2497 2654 2657 2726 μόνον
2686 2653 2755 2708 τά
2787 2654 2996 2723 ἀγαθὰ,
3025 2655 3143 2726 οὐχὶ
3182 2655 3509 2725 κτήσασθαι.
3554 2658 3616 2709 Ἦ
3644 2655 3695 2708 δὲ

2128 2746 2236 2801 τῶν
2267 2745 2473 2819 ἐχθρῶν
2522 2745 2783 2818 ἐπιδουλὴ
2814 2746 3019 2817 γυμνὸν
3060 2747 3220 2813 αὑτὸν
3249 2746 3360 2800 τῶν
3391 2747 3694 2818 προσόναον

2129 2838 2388 2908 ἐποίησε,
2432 2836 2507 2908 μὴ
2554 2835 2864 2905 φυλάξαντα
2911 2837 3011 2909 τὴν
3057 2835 3304 2890 δοθεῖσαν
3351 2837 3505 2907 αὐτῷ
3543 2837 3691 2907 φύσει

2131 2926 2282 2997 παρά
2314 2925 2408 2980 τοῦ
2459 2924 2595 2980 Θεοῦ
2640 2926 2952 2998 εὐκληρίαν.
3006 2925 3158 2996 Δῦτη
3204 2925 3303 2997 μὶν
3350 2923 3446 2979 οὖν
3488 2927 3692 2995 ἐστινή

2129 3016 2238 3071 τῶν
2270 3017 2531 3089 ῥημάτων
2550 3017 2776 3089 διάνοια.
2829 3018 2893 3070 Ἠ
2941 3016 2998 3071 δὲ
3023 3017 3112 3073 διὰ
3147 3016 3257 3071 τῶν
3285 3016 3691 3087 αίνιγματωδῶν

2050 3074 2095 3132 C
2125 3074 2298 3175 λόγων
2328 3074 2437 3161 ¹τοῦ
2480 3074 2751 3179 νοήματος
2788 3106 2977 3161 τούτου
3018 3106 3315 3179 παράδοσις
3354 3106 3550 3162 τοῦτον
3589 3105 3691 3178 ἔχει

2121 3200 2215 3253 τὸν
2238 3201 2461 3272 τρόπον·

2202 3293 2323 3347 Υἱοὶ
2346 3293 2574 3361 μητρός
2607 3308 2749 3362 μου,
2796 3287 2991 3361 φησὶν,
3023 3287 3398 3358 ἐμαχέσαντο
3424 3286 3497 3340 ἐν
3543 3285 3686 3355 ἐμοί·

2124 3386 2331 3441 ἕθεν-τό
2355 3402 2433 3453 με
2467 3382 2863 3453 φυλάκισσαν
2901 3381 2972 3436 ἐν
3009 3378 3312 3450 ἀμπελῶνι
3331 3421 3348 3447 ,
3379 3376 3691 3449 ἀμπελῶνα

2124 3477 2269 3547 ἐμὸν
2310 3478 2421 3531 οὐκ
2460 3475 2755 3546 ἐφύλαξα.
2804 3473 2982 3528 Πολλὰ
3025 3472 3091 3526 δι’
3128 3471 3321 3541 ὀλίγων
3364 3468 3691 3541 δογματικῶς

2125 3566 2438 3622 ὲκπαιδεύει
2482 3567 2511 3618 6
2538 3564 2713 3631 λόγος.
2752 3561 2974 3633 Πρῶτον
3025 3560 3121 3631 μὲν
3143 3560 3279 3632 ὅπερ
3309 3560 3405 3613 καὶ
3445 3559 3641 3631 ὁμοίως
3663 3557 3690 3610 6

2126 3657 2337 3719 Παῦλος
2360 3656 2692 3727 ἀπεφήνατο,
2714 3653 2794 3707 ὅτι
2823 3651 3095 3705 «canam
3123 3651 3187 3703 ὲκ
3219 3649 3312 3704 τοῦ
3333 3649 3468 3704 Θεοῦ
3495 3650 3586 3704 καὶ
3615 3642 3688 3710 εἷς

2126 3750 2259 3815 Θεὸς
2282 3750 2374 3803 καὶ
2394 3746 2582 3818 Πατὴρ
2610 3745 2668 3812 ἐξ
2696 3737 2757 3798 οὗ
2781 3744 2848 3797 τά
2874 3742 3072 3803 πάντα,
3090 3741 3183 3795 καὶ
3215 3739 3367 3793 οὐδὲν
3401 3741 3509 3794 τῶν
3536 3739 3688 3794 ὄντων

2129 3839 2296 3903 ἐστὶν,
2314 3837 2341 3890 ὃ
2380 3835 2455 3907 μὴ
2483 3836 2550 3889 δι’
2581 3833 2786 3888 ἐκεῖνόν
2811 3849 2869 3886 τε
2890 3832 2982 3886 καὶ
3004 3830 3064 3895 ἐξ
3090 3830 3296 3884 ἐκείνου
3319 3830 3379 3883 τὸ
3404 3826 3542 3885 εἶναι
3566 3829 3686 3900 ἔχει.

2125 3930 2330 3984 Πάντα
2356 3929 2484 4000 γάρ,
2506 3929 2661 3997 φησὶ,
2683 3924 2756 3979 δι’
2781 3925 2967 3979 αὐτοῦ
2988 3923 3245 3993 ἐγένετο,
3265 3924 3364 3977 καί
3402 3923 3579 3993 χωρίς
3591 3922 3688 3975 αὐ-

2124 4022 2232 4076 τοῦ
2283 4019 2518 4092 ἐγένετο
2572 4016 2715 4072 οὐδὲ
2773 4016 2864 4070 ἓν.
2939 4015 3077 4068 Ἀλλ’
3126 4014 3311 4085 ἐπειδὴ
3369 4013 3548 4068 πάντα
3600 4013 3689 4066 ὅσα

2125 4113 2379 4186 ἐποίησεν
2427 4114 2456 4165 ὁ
2487 4111 2644 4175 Θεὸς,
2681 4109 2820 4163 καλά
2856 4107 2976 4161 λίαν
3010 4107 3127 4159 ἐστὶ
3154 4105 3356 4176 (πάντα
3394 4104 3503 4174 γάρ
3536 4105 3592 4156 ὲν
3618 4117 3685 4155 co-

2129 4206 2227 4278 φίᾳ.
2248 4204 2545 4275 ἐποίησεν),
2564 4202 2729 4256 ἔδωκε
2751 4202 2817 4271 τῇ
2842 4189 3031 4269 λογικῇ
3051 4198 3206 4267 φύσει
3231 4198 3331 4265 τὴν
3359 4193 3688 4260 αὐτεξούσιον

2127 4298 2320 4369 χάριν,
2351 4295 2446 4349 καὶ
2479 4291 2785 4365 προσέθηκε
2814 4289 3040 4359 δύναμιν
3070 4287 3353 4359 εὑρετικὴν
3386 4285 3492 4338 τῶν
3534 4299 3687 4338 κατα-

454 4376 559 4429 sibi
587 4387 761 4446 grata,
809 4386 866 4433 ut
908 4381 1085 4437 locum
1119 4383 1343 4441 haberet
1376 4387 1429 4441 id
1460 4389 1603 4457 quod
1633 4399 1717 4447 est
1755 4396 1807 4447 in
1840 4408 2026 4452 nostra

2132 4386 2452 4459 θυμίων,ὼς
2472 4381 2537 4437 ἂν
2570 4382 2630 4436 τὸ
2656 4381 2741 4449 ἐφ’
2776 4382 2907 4449 ἡμῖν
2949 4376 3131 4448 χώραν
3166 4377 3312 4470 ἔχοι,
3341 4375 3445 4470 καὶ⁸
3468 4374 3543 4470 μὴ
3576 4388 3689 4470 κατ-

455 4462 747 4533 ροιέειειρ,
781 4475 835 4522 et
868 4484 976 4523 non
1002 4479 1148 4525 esset
1182 4472 1385 4527 bonum
1414 4488 1663 4532 coactum
1691 4487 1746 4533 et
1781 4481 2033 4539 involun—

455 4559 677 4625 tarium,
712 4561 806 4616 sed
855 4573 1004 4617 recte
1056 4561 1259 4619 factum
1294 4574 1439 4622 esset
1468 4569 1749 4625 electionis
1779 4582 1833 4626 et
1878 4562 2067 4631 liberi'

455 4648 690 4703 arbitrii.
729 4651 863 4705 Cum
916 4653 1006 4708 hic
1046 4665 1227 4709 autem
1280 4656 1434 4711 liberi
1468 4659 1677 4715 arbitrii
1704 4670 1885 4721 motus
1928 4667 2032 4720 im-

458 4740 610 4811 perio
661 4750 716 4795 et
767 4743 1021 4799 absoluta
1079 4755 1347 4819 potestate
1387 4766 1488 4805 nos
1533 4752 1826 4810 deduceret
1859 4757 1929 4813 ad
1976 4758 2031 4814 id

456 4831 604 4900 quod
636 4833 941 4900 videbatur,
985 4837 1238 4894 inventus
1265 4848 1349 4896 est
1381 4842 1603 4912 quidam
1636 4846 1688 4901 in
1720 4863 1898 4904 rerum
1931 4867 2030 4906 na-

455 4932 603 4989 tura,
644 4924 737 4995 qui
770 4926 912 4981 male
939 4942 1072 4984 usus
1099 4939 1182 4986 est
1208 4932 1475 5001 potestate
1502 4944 1557 4989 et
1584 4937 1755 4994 libero
1782 4941 2031 5008 arbitrio,

453 5028 510 5072 et
542 5027 914 5088 congruenter
940 5020 991 5076 ei
1031 5021 1177 5090 quod
1221 5022 1356 5077 dicit
1382 5024 1703 5095 Apostolus,
1744 5026 1921 5087 factus
1950 5039 2034 5089 est

457 5111 710 5167 inventor
735 5114 1026 5170 maiorum.
1069 5112 1173 5180 Qui
1208 5117 1450 5186 quidem,
1490 5120 1635 5189 quod
1665 5122 1733 5177 ad
1758 5121 1811 5177 id
1840 5125 2034 5179 attinet

456 5204 605 5272 quod
644 5215 727 5261 est
758 5221 788 5258 a
821 5205 953 5267 Deo,
1002 5215 1088 5262 est
1115 5205 1286 5262 frater
1316 5219 1536 5279 noster;
1580 5227 1645 5269 eo
1674 5227 1855 5270 autem
1886 5219 2033 5286 quod

461 5308 557 5347 sua
588 5304 785 5364 sponte
820 5296 1048 5352 deﬂuxit
1082 5313 1113 5352 a
1141 5298 1273 5353 boni
1308 5302 1750 5373 participatione,
1782 5313 1836 5362 et
1864 5307 2037 5362 malo»

467 5395 584 5447 rum
619 5386 925 5456 ingressum
965 5389 1269 5457 innovavit,
1294 5404 1349 5445 et
1380 5390 1556 5450 factus
1585 5401 1671 5455 est
1699 5406 1852 5465 pater
1881 5415 2036 5453 men-

466 5470 631 5538 dacii,
664 5492 762 5544 pro
793 5478 950 5533 hoste
983 5482 1224 5551 seipsum
1265 5484 1555 5540 constituit
1579 5487 1634 5541 in
1667 5488 1943 5552 omnibus,
1981 5490 2036 5544 in

468 5560 666 5625 quibus
692 5579 890 5635 scopus
913 5570 1069 5625 liberi
1103 5573 1314 5629 arbitrii
1343 5574 1520 5630 tendit
1545 5577 1611 5632 ad
1642 5578 1867 5633 bonum.
1904 5579 2036 5651 Pro-

546 5729 631 5793 "l
667 5736 789 5793 Cor.
836 5759 953 5807 vm,
990 5747 1041 5797 ϐ.
1158 5750 1382 5806 “Joau.
1412 5768 1449 5814 ι,
1480 5753 1533 5811 5.

2130 4477 2541 4549 ηναγκασμένον
2557 4474 2642 4543 εἴη
2655 4472 2717 4526 τὸ
2735 4470 2938 4541 ἀγαθὸν
2963 4470 3055 4524 καὶ
3073 4467 3344 4530 ἀκούσιον,
3365 4466 3500 4519 ἀλλά
3520 4464 3691 4535 κατόρ-

2128 4573 2286 4643 θωμα
2324 4568 2689 4641 προαιρέσεως
2718 4567 2971 4635 γίγνοιτο.
3015 4562 3214 4616 Τούτου
3244 4562 3301 4615 δὲ
3335 4560 3425 4615 τοῦ
3457 4560 3690 4626 αὐτεξουο

2130 4664 2244 4716 σίου
2277 4662 2575 4731 κινήματος
2604 4654 3079 4729 αὐτοκρατορικῶς
3112 4654 3248 4725 πρὸς
3270 4653 3331 4706 τὸ
3351 4651 3539 4706 δοκοῦν
3561 4652 3689 4723 ἡμᾶς

2128 4753 2443 4823 ἀγαγόντος,
2468 4749 2664 4821 εὑρέθη
2698 4766 2780 4812 τις
2814 4750 2872 4801 ὲν
2919 4750 2986 4819 τῇ
3020 4746 3180 4816 φύσει
3222 4745 3329 4800 τῶν
3366 4746 3533 4800 ὄντων
3557 4747 3585 4798 6
3609 4760 3690 4797 κα-

2132 4844 2244 4907 κῶς
2280 4846 2347 4915 τῇ
2374 4843 2592 4915 ἐξουσίᾳ
2619 4839 2983 4912 χρησάμενος,
3013 4839 3109 4892 καὶ
3139 4837 3289 4937 κατὰ.
3309 4838 3407 4908 τὴν
3426 4837 3691 4937 tofi-fimo:

2135 4936 2320 4989 στόλου
2371 4934 2553 5005 φωνὴν
2572 4974 2586 4997 ,
2615 4932 2803 4987 κακῶν
2843 4930 3139 5003 ὲφευρετὴς
3167 4931 3471 5000 γενόμενος.
3504 4932 3598 5005 ςύς
3625 4930 3689 4995 τῷ

2138 5026 2236 5097 μὲν
2257 5028 2319 5079 ἐκ
2338 5024 2473 5077 Θεοῦ
2502 5023 2595 5081 καὶ
2618 5022 2778 5077 αὐτὸν
2808 5015 2967 5084 εἶναι,
2988 5020 3214 5118 ἀδελιρός
3238 5021 3384 5118 ἐστιν
3403 5021 3664 5118 ἡμέτερος,
3675 5030 3687 5045 ·

2133 5117 2210 5190 τῷ
2230 5117 2286 5170 δὲ
2320 5116 2419 5187 τῆς
2449 5115 2544 5169 τοῦ
2576 5113 2781 5182 ἀγαθοῦ
2818 5112 3104 5184 μετουσίας
3134 5111 3397 5174 ἑκουσίως
3432 5111 3690 5181 ἀπορρυῆ-

2134 5231 2241 5278 ναι,
2269 5211 2366 5285 τὴν
2392 5209 2502 5264 τῶν
2544 5206 2730 5262 κακῶν
2775 5205 2978 5259 εἴσοδον
3025 5205 3440 5274 καινοτομήσας,
3472 5203 3565 5256 καὶ
3600 5215 3685 5253 πα-

2133 5305 2236 5376 τὴρ
2296 5302 2524 5374 ψεύδους
2555 5299 2863 5369 γενόμενος,
2889 5298 2969 5360 εἰς
3003 5296 3263 5367 πολεμίου
3318 5294 3469 5360 τάξιν
3520 5290 3689 5347 ἑαυτὸν

2133 5398 2494 5470 κατέστησεν,
2518 5395 2576 5447 ὲν
2610 5394 2774 5445 πᾶσιν
2804 5385 2885 5454 οἷς
2910 5391 2938 5443 6
2977 5388 3175 5453 σκοπὸς
3210 5388 3309 5458 τῆς
3339 5386 3689 5459 προαιρέσεως

2133 5490 2209 5553 ὼς
2233 5488 2369 5559 πρὸς
2405 5486 2467 5540 τὸ
2504 5486 2752 5555 κρεῖττον
2792 5480 2997 5551 βλέπει.
3031 5477 3132 5531 Διά
3172 5477 3363 5531 τούτου
3405 5478 3579 5533 τοίνυν
3611 5472 3690 5529 καὶ

2132 5584 2244 5646 τοῖς
2268 5580 2471 5642 λοιποῖς
2506 5577 2605 5648 τῆς
2627 5573 2735 5629 τῶν
2768 5570 2987 5641 ἀγαθῶν
3020 5570 3378 5645 ἀποπτήσεως
3405 5570 3500 5639 τῆς
3538 5569 3689 5639 ἀφορ-
