3874 6368
240 402 338 460 797

1247 399 1313 454 IN
1352 398 1653 455 CANTICA
1690 396 1963 453 CANTIC.
1998 394 2276 469 HOMILIA
2317 395 2378 453 ll.

2388 242 2427 259 ηδ

3374 401 3480 458 798

238 525 342 597 μῆς
371 518 746 593 ἐγγινομένης,
782 521 810 574 δ
838 521 902 593 δη
949 523 1043 576 καὶ
1077 521 1331 594 τῇ’φύσει
1362 523 1470 575 τῶν
1498 520 1798 592 ἀιθρὼπων

1915 527 2083 573 Jtcrea
2122 533 2254 588 ergo
2284 532 2408 571 cum
2455 517 2663 587 reliqua
2695 529 2856 572 etiam
2893 521 3131 577 accessit
3172 520 3390 577 occasio
3422 532 3477 577 et

235 608 463 675 ἐγένετο,
499 608 678 670 καλῶς
707 610 741 679 ἦ
770 627 899 667 ποτε
938 611 1182 681 μέλαινα,
1217 610 1309 677 νῦν
1335 612 1390 664 δὲ
1417 611 1573 681 καλὴ,
1601 612 1699 680 τὴν
1723 611 1806 664 ai-

236 695 353 748 τίαν
383 696 482 764 τῆς
519 693 788 764 ζοφώδους
815 698 988 767 ὅψεως
1017 700 1096 760 εἰς
1125 698 1251 761 τοῦς
1277 698 1548 761 τοιούτους
1576 699 1674 767 τῆς
1705 715 1808 768 μη-

237 784 360 854 τρὸς
384 784 532 848 υἱοὺς
569 786 873 857 ἀνατίθησι,
900 786 1227 841 παιδεύουσα
1253 786 1340 840 διὰ
1368 787 1474 840 τῶν
1499 787 1806 857 λεγομένων

238 877 400 945 ἡμᾶς,
424 876 506 929 ὅτι
544 877 643 946 μία
674 877 772 947 μὲν
807 880 936 931 πᾶσι
964 880 1075 941 τοῖς
1102 875 1250 931 οῦσίν
1272 881 1437 944 ἐστιν,
1458 874 1567 931 οἷόν
1590 896 1673 941 τις
1705 896 1807 932 πα·

238 966 357 1039 τὴρ,
388 969 421 1037 ή
444 966 551 1021 τῶν
579 967 748 1023 ὄντων
777 968 940 1023 αἰτία.
976 970 1083 1023 Καὶ
1102 969 1190 1023 διὰ
1215 968 1373 1021 τοῦτο
1398 970 1600 1037 ἀδελφὰ
1629 971 1807 1022 πάντα

240 1058 382 1110 ἐστὶν
411 1055 671 1126 ἀλλήλων,
697 1056 765 1109 τὰ
814 1058 871 1109 ἐν
918 1060 1028 1119 τοῖς
1078 1052 1198 1110 οὖσι
1242 1056 1502 1126 νοούμενα
1524 1058 1581 1125 ’ή
1617 1056 1672 1109 δέ
1706 1055 1807 1125 τῆς

240 1147 606 1218 προαιρέσεως
635 1147 862 1217 διαφορά
884 1186 898 1211 ,
935 1148 1069 1218 πρὸς
1091 1148 1152 1200 τὸ
1200 1147 1374 1216 φίλιόν
1402 1164 1461 1199 τε
1516 1150 1610 1199 καὶ
1651 1146 1807 1199 πολέ-

246 1256 361 1310 μιον
397 1240 494 1310 τὴν
548 1239 708 1308 φύσιν
744 1240 1032 1310 διέσχισεν.
1081 1242 1143 1293 Oi
1188 1239 1297 1310 γὰρ
1352 1239 1663 1308 ἀφεστῶτες
1708 1238 1808 1309 τῆς

241 1318 373 1401 πρὸς
407 1333 466 1385 τὸ
491 1332 693 1401 ἀγαθὸν
726 1332 984 1401 σχέσεως,
1013 1333 1105 1385 καὶ
1123 1332 1209 1385 διὰ
1232 1332 1332 1402 τῆς
1357 1332 1450 1384 τοῦ
1504 1333 1808 1404 κρείττονος

241 1425 587 1487 ἀποστάσεως
617 1424 677 1476 τὸ
715 1423 882 1478 κακὸν
913 1425 1318 1495 ὑποστήσαντες
1345 1423 1485 1493 (οὑδέ
1517 1425 1630 1493 γάρ
1659 1425 1806 1476 ἐστιν

239 1515 365 1585 ἄλλη
419 1532 501 1578 τις
551 1515 721 1567 κακοῦ
770 1515 1084 1579 ὑπόστασις,
1136 1517 1184 1567 εί
1221 1515 1295 1589 μὴ
1329 1519 1357 1568 6
1397 1515 1676 1585 χωρισμὸς
1710 1515 1806 1568 τοῦ

242 1604 559 1675 βελτίονος),
601 1607 781 1658 πᾶσαν
822 1606 1097 1660 ποιοῦνται
1146 1606 1243 1676 τὴν
1288 1607 1521 1677 σπουδὴν
1564 1607 1657 1660 καί
1690 1604 1823 1660 ἐπί-’

1908 608 2186 677 impulsio,
2243 614 2303 660 ut
2355 622 2384 660 a
2428 607 2585 662 bonis
2624 609 3024 677 excideremus,
3084 610 3229 680 quod
3262 612 3480 680 quidem

1907 700 2068 754 etiam
2102 699 2156 751 in
2192 706 2387 751 natura
2424 698 2526 752 fuit
2551 699 2812 764 humana,
2854 711 3003 757 recte
3031 718 3153 773 qua:
3190 703 3483 771 aliquando

1907 790 2125 860 quidem
2170 788 2274 842 fuit
2319 790 2496 859 nigra,
2550 806 2696 845 nunc
2735 802 2915 846 autem
2962 793 3211 862 pulchra,
3256 808 3480 847 causam

1907 880 2054 951 quod
2086 886 2344 950 appareat
2379 881 2556 949 nigra,
2598 881 2790 935 tribuit
2820 882 3087 959 ejusmodi
3125 883 3250 938 ﬁliis
3289 883 3482 936 matris

1909 984 2042 1035 suae,
2070 985 2165 1039 per
2187 985 2251 1023 ea
2290 984 2411 1039 quae
2449 970 2707 1024 dicuntur
2738 986 2842 1026 nos
2873 972 3153 1036 erudiens,
3194 972 3337 1043 quod
3364 988 3484 1027 om-

1908 1061 2093 1115 nibus.
2117 1060 2338 1130 quidem
2383 1075 2506 1130 qua:
2548 1070 2700 1123 sunt,
2731 1071 2817 1116 est
2850 1062 3017 1116 veluti
3048 1063 3270 1133 quidam
3300 1072 3482 1133 paler,

1906 1167 2096 1207 eorum
2140 1167 2264 1221 quae
2288 1161 2416 1206 sunt
2445 1167 2639 1205 causa:
2671 1162 2725 1206 et
2768 1161 3057 1223 propterea
3100 1165 3227 1210 sunt
3254 1156 3396 1210 inter
3426 1170 3487 1210 se
3542 1155 3547 1159 ’

1908 1242 2141 1295 invicem
2163 1242 2427 1307 fraterna,
2451 1255 2513 1295 ea
2538 1257 2657 1313 qme
2682 1243 2736 1295 in
2767 1243 2835 1297 iis
2855 1257 2978 1312 quas
3004 1254 3140 1299 sunt
3161 1246 3485 1316 intelligun-

1910 1341 2032 1398 tur;
2061 1324 2296 1391 instituti
2331 1340 2514 1387 autem
2550 1342 2603 1386 et
2636 1333 2822 1389 liberae
2854 1335 3142 1391 electionis
3178 1335 3487 1391 differentia

1907 1423 2093 1483 divisit
2120 1434 2396 1490 naturam,
2420 1425 2552 1478 utin
2571 1439 2634 1478 ea
2655 1433 2803 1480 esset
2820 1426 3064 1480 amicitia
3083 1436 3137 1482 et
3162 1428 3486 1482 inimicitiae.

1908 1514 2009 1581 Qui
2055 1515 2200 1585 enim
2226 1516 2615 1572 abscesserunt
2638 1516 2707 1569 ab
2730 1516 3051 1575 habitudine
3074 1518 3142 1572 ad
3171 1519 3398 1582 bonum,
3433 1527 3489 1573 et

1908 1619 2006 1672 per
2037 1619 2317 1669 recessum
2348 1619 2377 1657 a
2410 1610 2554 1659 bono
2593 1606 2796 1667 malum
2844 1607 3251 1664 constituerunt
3283 1608 3492 1679 (neque

240 1710 383 1747 νοιαν
412 1692 506 1745 τοῦ
545 1694 640 1747 καὶ
664 1693 857 1757 ἄλλους
883 1695 1020 1764 πρὸς
1043 1696 1142 1765 τὴν
1178 1696 1286 1749 τῶν
1314 1696 1498 1749 κακῶν
1523 1697 1807 1751 κοινωνίαν

1915 1693 2048 1759 enim
2073 1703 2157 1755 est
2180 1694 2746 1749 aliamalisubstantia
2770 1712 2976 1763 quama
2995 1696 3140 1752 bono
3157 1696 3487 1767 separatio),

239 1782 771 1853 προσεταιρίσασθαι.
828 1783 939 1836 Καὶ
990 1783 1079 1836 διὰ
1121 1783 1278 1837 τοῦτό
1325 1802 1507 1855 φησιν,
1559 1787 1639 1838 ὅτι
1687 1784 1804 1839 Υἱοὶ

1915 1782 2167 1837 adhibent
2195 1798 2355 1837 omne
2377 1784 2616 1837 studium
2639 1794 2692 1840 et
2718 1785 3070 1850 industriam,
3105 1793 3165 1839 ut
3189 1787 3330 1841 alios
3352 1801 3492 1855 quo-

235 1847 329 1947 τῆς
358 1847 568 1947 μητρός
596 1892 698 1946 μου
761 1873 846 1944 (τῇ
876 1874 983 1945 γὰρ
1015 1847 1347 1947 πληθυντικῆ
1370 1847 1613 1950 σημασίᾳ
1632 1878 1691 1929 τὸ
1711 1895 1806 1930 πο-

1915 1888 2018 1942 que
2052 1874 2156 1931 sibi
2179 1875 2476 1931 concilient
2507 1876 2571 1927 ad
2602 1875 2873 1931 malorum
2902 1875 3241 1939 societatem.
3276 1875 3342 1928 Et
3368 1847 3495 1930 ideo

238 1960 483 2032 λυςχιδὲς
533 1963 632 2033 τῆς
661 1964 858 2028 κακίας
901 1966 1276 2029 ἐνδείκνυται),
1316 1968 1548 2039 πόλεμον
1594 1972 1651 2021 ἐν
1685 1969 1807 2039 ἐμοὶ

241 2054 653 2124 συνεστήσαντο,
675 2056 774 2109 οὐκ
806 2056 1004 2123 ἔξωθεν
1026 2058 1085 2123 ἐξ
1106 2059 1404 2130 ἐπιδρομῆς
1428 2060 1805 2130 πολεμοῦντες,

239 2143 542 2216 ἀλλάὑτὴν
569 2145 667 2217 τὴν
699 2146 878 2218 ψυχὴν
917 2150 1272 2219 ποιησάμενοι
1305 2148 1398 2203 τοῦ
1432 2152 1489 2203 ἐν
1531 2151 1667 2221 αὐτῇ
1712 2167 1810 2202 πο-

236 2236 401 2306 λέμου
427 2237 762 2308 μεταίχμιον.
795 2241 883 2291 Ἐν
916 2240 1129 2310 ἑκάστῳ
1156 2242 1265 2312 γὰρ
1296 2243 1324 2294 6
1348 2241 1600 2310 πόλεμος,
1624 2240 1809 2315 καθὼς

237 2327 525 2398 ἑρμηνεύει
550 2331 579 2381 6
616 2331 756 2394 θεῖος
789 2331 1306 2400 Ἀπόστολος,λέγων
1325 2348 1340 2361 ⁸
1364 2331 1573 2386 Βλέπω
1601 2330 1668 2384 δὲ
1685 2332 1808 2385 ἕτε-

228 2434 339 2484 ρον
359 2418 552 2487 νόμον
569 2420 640 2473 ἐν
671 2419 793 2485 τοῖς
812 2420 1030 2489 μέλεσι
1061 2439 1180 2491 μου
1203 2422 1721 2490 ἀντιστρατευόμει
1745 2440 1812 2476 ον

235 2504 312 2572 τῷ
340 2508 507 2576 νόμῳ
554 2507 660 2561 τοῦ
704 2508 847 2573 νοός
878 2526 1017 2577 μου,
1055 2509 1154 2563 καὶ
1208 2509 1708 2579 αἰχμαλωτίζοντά
1733 2529 1811 2580 με

235 2596 311 2662 τῷ
356 2599 524 2667 νόμῳ
568 2597 677 2667 τῆς
714 2598 1002 2669 ἁμαρτιας
1054 2599 1135 2665 τῷ
1182 2601 1308 2655 ὄντι
1344 2601 1415 2654 ἐν
1453 2602 1575 2667 τοῖς
1595 2605 1814 2671 μέλεσι

231 2705 366 2757 μου.
404 2689 618 2760 Ταύτης
654 2690 830 2744 τοίνυν
868 2691 970 2761 τῆς
997 2692 1255 2761 ἐμφυλίου
1287 2693 1464 2763 μάχης
1486 2695 1543 2747 ἐν
1566 2695 1687 2763 ἐμοὶ
1714 2711 1776 2747 συ
1800 2725 1807 2735 -

241 2780 439 2850 στάσης
468 2779 620 2851 παρὰ
646 2780 753 2834 τῶν
777 2780 1020 2849 ἀδελφῶν
1059 2798 1182 2852 μου,
1221 2779 1434 2853 ἐχθρῶν
1464 2782 1521 2835 δὲ
1544 2783 1645 2852 τῆς
1672 2786 1811 2854 ἐμῆς

240 2872 532 2943 σωτηρίας,
568 2872 794 2941 μέλαινα
816 2872 1102 2943 ἐγενόμην,
1134 2872 1431 2944 ήττηθεῖσα
1456 2873 1559 2926 ὑπὸ
1584 2874 1690 2927 τῶν
1721 2891 1811 2926 πο-

201 2958 213 2975 ’
238 2962 437 3034 λεμίων
481 2965 574 3018 καὶ
609 2964 699 3021 τὸν
742 2964 1043 3034 ἀμπελῶνα
1082 2965 1173 3019 τὸν
1219 2965 1348 3035 ἐμὸν
1392 2965 1491 3019 οὐκ
1547 2965 1807 3035 ἐφύλαξα.

238 3055 440 3110 Ταὺτδν
472 3057 578 3128 χρὴ
612 3060 752 3110 νοεῖν
775 3055 854 3127 τῷ
895 3056 1207 3128 παραδείσῳ
1234 3056 1324 3109 τὸν
1356 3056 1672 3127 ἀμπελῶνα.
1702 3058 1810 3109 Καὶ

237 3147 342 3217 γὰρ
372 3149 536 3201 κάκεῖ
572 3147 863 3217 φυλάσσειν
898 3147 1096 3218 ἐτάχθη
1125 3150 1153 3201 ὁ
1190 3147 1472 3219 ἄνθρωπος
1510 3147 1600 3201 τὸν
1635 3150 1811 3218 παρά-
1840 3180 1885 3240 C

237 3240 404 3293 δεισον
424 3257 438 3271 ’
464 3241 499 3310 ἡ
519 3240 576 3292 δὲ
595 3240 695 3310 τῆς
718 3240 966 3309 φυλακῆς
988 3240 1215 3309 ἀμέλεια
1240 3239 1489 3292 ἐκϐάλλει
1513 3239 1608 3291 τοῦ
1634 3256 1813 3309 παρα-

237 3333 409 3386 δείσου
440 3332 533 3385 τὸν
563 3333 868 3403 ἄνθρωπον,
895 3334 989 3386 καὶ
1014 3334 1270 3402 οἰκήτορα
1295 3332 1401 3385 τῶν
1433 3331 1652 3400 δυσμῶν
1675 3334 1817 3387 ποιεῖ

236 3422 334 3492 τῆς
365 3422 631 3494 ἀνατολῆς
667 3424 1042 3495 ἀποστήσασα.
1077 3423 1173 3475 Διά
1202 3422 1411 3493 τοῦτοή
1442 3421 1669 3492 ἀνατολὴ
1697 3424 1815 3484 ταῖς

237 3515 465 3586 δυσμαῖς
504 3515 864 3583 ἐπιφαίνεται.
905 3514 1177 3570 Ψάλλετε
1220 3515 1348 3584 γὰρ,
1381 3515 1531 3583 φησὶ,
1570 3513 1648 3578 τῷ
1700 3517 1815 3567 Κυ-

230 3606 339 3673 ρίῳ
363 3605 445 3671 τῷ
474 3605 847 3671 ἐπιϐεϐηκότι
882 3604 979 3657 ἐπὶ
1014 3600 1281 3670 δυσμῶν,
1312 3603 1398 3655 ἵνα
1430 3600 1523 3654 τοῦ
1554 3600 1729 3669 φωτὸς
1757 3601 1814 3652 ὲν

237 3698 300 3766 τῇ
353 3695 548 3765 σκοτίᾳ
580 3694 902 3766 λάμποντος,
942 3692 1278 3764 μεταποιηθῇ
1314 3692 1450 3763 πρὸς
1495 3691 1595 3762 τήν
1624 3692 1816 3744 ἀκτῖνα

238 3787 296 3839 τὸ
329 3787 543 3849 σκότος,
577 3786 669 3841 καί
701 3786 925 3857 γένηται
950 3786 1090 3855 καλὴ
1124 3784 1286 3838 πάλιν
1317 3786 1350 3855 ή
1382 3783 1625 3853 μέλαινα.
1660 3781 1734 3833 Τὸ
1757 3780 1815 3833 δὲ

237 3877 424 3931 δοκοῦν
452 3877 826 3949 ἀσυνάρτητον
855 3877 955 3947 τῆς
980 3875 1177 3940 λέξεως
1193 3875 1329 3946 πρὸς
1364 3874 1462 3945 τὴν
1500 3871 1814 3944 εὑρεθεῖσαν

236 3969 498 4034 διάνοιαν,
520 3967 693 4039 τούτῳ
718 3966 796 4038 τῷ
820 3968 1005 4039 τρόπῳ
1026 3965 1246 4039 δυνατόν
1269 3968 1384 4017 ἐστι
1414 3962 1815 4035 παραμυθήσα-

240 4060 378 4114 σθαι’
412 4060 667 4117 Ἔθεντό
689 4076 785 4128 με,
822 4059 975 4130 φησὶ,
1015 4056 1409 4127 φυλάκισσαν
1438 4057 1508 4108 ἐν
1543 4052 1815 4123 ἀμπελῶ-

236 4168 357 4207 σιν.
390 4154 574 4224 Ὅπερ
605 4151 716 4205 ἴσον
749 4152 865 4204 ἐστὶ
891 4149 987 4215 τῷ,
1020 4149 1261 4203 Ἕθεντο
1303 4142 1702 4215 Ἰερουσαλὴμ
1727 4144 1816 4207 εὶς

240 4243 760 4315 ὀπωροφυλάκιον.
792 4243 864 4297 Οὐ
891 4242 1000 4313 γὰρ
1044 4242 1240 4295 ἐκεῖνοι
1268 4239 1607 4306 κατέστησαν
1645 4235 1814 4306 αὐτὴν

237 4338 457 4407 φύλακα
478 4337 572 4391 τοῦ
603 4337 746 4390 θείου
784 4334 1120 4407 ἀμπελῶνος,
1157 4334 1233 4396 ὼς
1267 4333 1330 4388 ἄν
1355 4349 1439 4395 τις
1463 4332 1528 4385 ἐκ
1553 4328 1648 4382 τοῦ
1678 4345 1814 4399 προ-

236 4431 421 4500 χείρου
456 4429 723 4500 νοήσειεν
745 4427 857 4480 ἀλλ’
880 4428 908 4479 ὁ
932 4425 1281 4495 καταστήσας
1313 4424 1414 4494 μέν
1445 4425 1589 4475 ἐστιν
1609 4421 1638 4475 6
1658 4419 1811 4483 Θεὸς,

1913 1965 2064 2028 dicit,
2085 1961 2207 2017 Filii
2240 1965 2432 2020 matris
2467 1982 2599 2021 mea:
2633 1965 2752 2036 (per
2788 1967 3053 2036 pluralem
3087 1967 3232 2021 enim
3281 1966 3489 2036 signiﬁ-

1913 2057 2205 2118 cntionem,
2247 2058 2487 2111 ostendit
2512 2059 2791 2126 multiplex
2830 2056 3045 2130 vitium)
3082 2057 3136 2111 in
3173 2073 3256 2112 me
3289 2059 3490 2116 bellum

1914 2147 2242 2214 conﬂarunt,
2279 2163 2386 2203 non
2418 2149 2660 2203 externis
2694 2150 3106 2204 incursionibus
3165 2149 3494 2217 belligeran-

1916 2247 2017 2303 tes,
2076 2237 2170 2293 sed
2203 2239 2256 2291 in
2304 2240 2424 2308 ipsa
2473 2239 2651 2292 anima
2694 2239 2821 2295 belli
2871 2240 3057 2297 sedem
3110 2239 3358 2309 ﬁgentes.
3392 2238 3493 2295 Est

1914 2331 2058 2384 enim
2089 2328 2143 2383 in
2190 2344 2522 2398 unoquoque
2572 2329 2796 2393 bellum,
2846 2338 2904 2385 ut
2946 2330 3165 2384 divinus
3196 2329 3493 2399 Apostolus

1914 2420 2208 2489 signiﬁcat,
2248 2421 2473 2475 dicens:
2535 2418 2694 2475 Video
2741 2421 2908 2475 aliam
2951 2420 3114 2491 legem
3156 2421 3211 2474 in
3248 2422 3494 2474 membris

1916 2511 2043 2562 meis
2085 2518 2455 2579 repugnantem
2489 2508 2592 2578 legi
2621 2509 2806 2562 mentis
2846 2524 2993 2573 mem,
3058 2516 3109 2563 et
3143 2508 3495 2576 captivantem

1916 2617 1996 2653 me
2040 2602 2092 2653 in
2139 2601 2295 2670 legem
2344 2599 2566 2668 peccati,
2618 2616 2736 2669 qua:
2769 2608 2848 2652 est
2894 2600 2947 2652 in
2990 2598 3238 2653 meiubria
3270 2598 3398 2653 meis
3424 2596 3493 2650 ¹⁸.

1915 2692 2051 2743 Cum
2090 2691 2192 2743 hoc
2229 2704 2359 2760 ergo
2402 2690 2601 2743 bellum
2635 2688 2982 2755 intestinum,
3040 2705 3070 2744 a
3101 2693 3239 2744 meis
3271 2688 3494 2760 quidem

1917 2782 2199 2845 fratribus,
2236 2781 2473 2835 inimicis
2508 2787 2689 2834 autem
2720 2769 2854 2835 mea:
2888 2780 3099 2845 salutis,
3141 2781 3196 2835 in
3231 2796 3317 2837 me
3348 2786 3499 2836 esset

1917 2873 2235 2937 conﬂatum,
2295 2871 2436 2925 facta
2472 2888 2592 2927 sum
2643 2871 2800 2941 nigra
2849 2871 2993 2926 victa
3040 2872 3109 2929 ab
3140 2872 3403 2936 inimicis,
3439 2880 3497 2927 et

1914 2967 2131 3021 vineam
2164 2982 2337 3019 meam
2368 2978 2473 3018 non
2501 2963 2795 3021 custodiri.
2828 2963 3183 3035 lntelligenda
3209 2972 3390 3020 autem
3412 2973 3499 3019 est

1916 3059 2071 3112 vinea
2109 3058 2248 3111 idem
2285 3055 2431 3126 quod
2468 3055 2782 3125 paradisus.
2811 3054 2945 3109 Nam
2977 3057 3088 3110 illic
3117 3070 3339 3127 quoque
3369 3056 3496 3125 jus-

1915 3164 2010 3204 sus
2033 3158 2118 3203 est
2153 3149 2316 3201 homo
2352 3146 2631 3203 custodire
2655 3148 2994 3217 paradisum.
3033 3145 3090 3200 ln
3127 3147 3495 3204 custodiendo

1916 3251 2094 3295 autem
2131 3240 2457 3315 negligentia
2496 3239 2774 3292 hominem
2805 3239 3041 3293 exclusit
3062 3254 3092 3292 a
3125 3239 3405 3308 paradiso,
3436 3244 3492 3293 et

1914 3332 2094 3387 eﬂ‘ecit
2116 3341 2173 3385 ut
2196 3332 2404 3384 habitet
2427 3330 2491 3382 ad
2519 3322 2863 3385 Occidentem
2886 3331 3159 3391 abductus
3176 3331 3244 3385 ab
3260 3331 3493 3385 oriente.

1915 3423 2208 3492 Propterea
2261 3419 2481 3474 occasui
2531 3426 2756 3491 apparet
2800 3420 3008 3474 oriens.
3053 3417 3280 3473 Caritate
3324 3419 3496 3483 enim,

1916 3515 2113 3584 inquit,
2159 3513 2405 3574 Domino,
2460 3512 2552 3582 qui
2596 3511 2831 3564 ascendit
2864 3525 3018 3578 super
3047 3527 3294 3564 occasum
3319 3511 3386 3578 ¹⁸,
3430 3518 3495 3565 ut

1914 3624 2037 3662 cum
2069 3608 2164 3660 lux
2207 3606 2451 3665 tenebris
2487 3605 2753 3670 illuxerit,
2795 3618 2824 3656 a
2873 3603 3026 3659 radio
3060 3608 3498 3658 transmutentur

1916 3695 2172 3758 tenebrae,
2227 3701 2280 3747 et
2337 3692 2428 3746 ﬁat
2479 3706 2674 3746 rursus
2718 3690 2947 3762 pulchra
2992 3705 3114 3759 quae
3157 3695 3275 3744 erat
3312 3688 3501 3757 nigra.

1914 3785 2069 3852 Quod
2103 3790 2282 3838 autem
2323 3782 2376 3835 in
2411 3782 2818 3843 dictionemum
2868 3794 3034 3835 sensu
3070 3780 3292 3834 invento
3343 3776 3497 3833 video

1913 3885 2005 3929 tur
2032 3889 2138 3927 non
2181 3872 2475 3932 cohaerere,
2502 3871 2553 3924 id
2588 3870 2691 3923 hoc
2734 3868 2894 3923 modo
2937 3870 3135 3939 poterit
3161 3865 3446 3921 conciliari
3479 3883 3493 3919 :

1913 3966 2021 4028 Me,
2055 3959 2254 4029 inquit,
2294 3970 2580 4029 posuerunt
2633 3960 2976 4016 rustodemin
2998 3951 3337 4019 vineisﬂuod
3371 3951 3497 4023 qui-

1915 4056 2036 4108 dem
2068 4049 2291 4121 perinde
2314 4058 2417 4116 est,
2449 4057 2509 4103 ut
2547 4047 2689 4120 quod
2718 4047 2963 4101 dicitur:
3009 4044 3308 4099 Posuerunt
3332 4042 3497 4123 Jerug

1915 4146 2081 4201 salem
2110 4144 2164 4197 in
2201 4158 2475 4213 pomorum
2503 4141 2801 4195 custodiam
2828 4138 2895 4195 ¹⁷.
2932 4136 3051 4191 Non
3086 4137 3231 4191 enim
3263 4135 3338 4189 illi
3377 4148 3498 4189 eam

1915 4232 2616 4292 constitueruntcustodem
2640 4230 2839 4284 divina:
2870 4229 3064 4290 vineae,
3102 4233 3161 4280 ut
3191 4241 3257 4280 ex
3287 4223 3495 4286 verbis,

1916 4344 2037 4399 qua:
2064 4334 2194 4382 sunt
2247 4326 2301 4379 in
2338 4330 2617 4393 promptu,
2667 4327 2852 4390 posset
2901 4317 3167 4387 intelligi;
3226 4315 3322 4370 sed
3353 4312 3500 4369 Deus

1915 4418 2135 4489 quidem
2177 4422 2263 4471 est
2298 4414 2390 4484 qui
2437 4410 2742 4472 constituit,
2796 4409 2871 4463 illi
2913 4416 3093 4462 autem
3134 4406 3311 4460 solum
3347 4403 3403 4457 in
3434 4414 3500 4457 ea

237 4495 435 4581 ἐκεῖνοι
463 4522 521 4575 δὲ
541 4495 883 4592 ἐμαχέσαντο
918 4519 1077 4590 μόνον
1100 4519 1157 4570 ἐν
1187 4515 1346 4586 αὐτῇ,
1379 4515 1472 4568 καὶ
1497 4513 1680 4566 ἔθεντο
1716 4511 1807 4563 αὑ-

1921 4516 2320 4582 pugnaverunt,
2357 4514 2411 4561 et
2452 4509 2751 4574 posuerunt
2785 4515 2903 4556 eam
2947 4507 3208 4567 tanquam
3239 4495 3500 4550 taberna-2

237 4611 333 4683 τὴν
368 4612 446 4675 ὡς
487 4610 697 4681 σκηνὴν,
718 4611 774 4662 ἐν
811 4605 1113 4678 ἀμπελῶνι,
1137 4604 1233 4657 καὶ
1266 4604 1341 4667 ὡς
1370 4600 1812 4672 ὀπωροφυλάκιον

1915 4605 2098 4659 culum
2146 4601 2202 4654 in
2242 4599 2421 4659 vinea,
2472 4604 2525 4650 et
2558 4603 2816 4663 tanquam
2867 4590 3144 4644 fructuum
3187 4584 3499 4642 custodiam

238 4674 302 4757 ἐν.
335 4674 668 4774 σικυηλάτιξκ
692 4674 811 4773 γΤῆς
852 4674 967 4770 γὰρ
1015 4694 1427 4767 φυλασσομένης
1471 4692 1692 4764 ὀπώρας
1732 4691 1812 4744 διὰ

1915 4694 1971 4748 in
1998 4688 2398 4747 cucumerario.
2424 4684 2715 4739 Fructibus
2739 4680 2883 4736 enim
2917 4679 3011 4750 qui
3046 4674 3502 4733 custodiebantur

237 4794 335 4863 τὴν
354 4761 664 4864 ’παρακοήν
704 4761 1059 4862 στερηθεῖσα,
1086 4761 1356 4858 ἄχρηστον
1383 4761 1563 4854 θέαμα
1589 4761 1812 4837 κατελεί-

1918 4783 2128 4855 privata
2182 4784 2406 4851 pr0pter
2447 4773 2897 4836 inobedientiam,
2955 4768 3145 4825 relicta
3181 4774 3286 4864 εει.
3309 4761 3505 4819 inutile

239 4855 480 4956 φθη,τοῦ
505 4855 911 4955 φυλασσομένου
938 4881 995 4933 ἐν
1021 4855 1171 4951 αὐτῆ
1189 4855 1263 4949 μὴ
1292 4877 1464 4940 ὄντος.
1494 4877 1606 4929 Καὶ
1634 4873 1812 4943 ἐπειδῆ

1919 4872 2321 4945 spectaculum,
2349 4883 2474 4923 cum
2515 4868 2571 4920 in
2603 4880 2667 4940 ea
2716 4878 2826 4918 non
2861 4867 3008 4917 esset
3049 4858 3104 4913 id
3144 4855 3287 4927 quod
3319 4862 3504 4956 custo:

237 4979 391 5033 ἔθετο
425 4979 455 5031 6
485 4977 615 5040 Θεὸς
650 4975 933 5047 ἄνθρωπον
960 4970 1251 5045 ἐργάζεθαι
1281 4971 1378 5024 καὶ
1407 4969 1700 5038 φυλάσσειν
1727 4967 1819 5020 τὸν

239 5071 591 5142 παράδεισον,
615 5067 772 5121 τοῦτό
798 5083 959 5138 φησιν
980 5066 1014 5136 ή
1033 5062 1241 5134 νύμφη,
1269 5063 1350 5116 ὅτι
1380 5058 1487 5115 Τοῦ
1511 5059 1645 5114 Θεοῦ
1681 5057 1818 5130 [τοῦ]

241 5161 475 5232 θεμένου
505 5159 603 5231 τὴν
635 5154 814 5229 ψυχήν
845 5175 945 5228 μου
971 5159 1052 5218 εἰς
1078 5154 1221 5225 ζωὴν
1253 5152 1388 5224 (ζωὴ
1420 5152 1529 5223 γὰρ
1566 5147 1633 5223 ἦν
1667 5152 1701 5221 ἡ
1726 5149 1819 5205 τοῦ

243 5251 578 5323 παραδείσου
597 5250 799 5320 τρυφὴ,
815 5250 871 5300 ἐν
886 5241 931 5316 ᾧ
951 5246 1101 5301 ἔθετο
1119 5248 1148 5299 6
1161 5245 1293 5308 Θεὸς
1316 5244 1407 5298 τὸν
1426 5243 1710 5314 ἄνθρωπον
1731 5245 1821 5313 ἐρ’

241 5343 511 5412 γὰζεσθαι
540 5343 633 5394 καὶ
664 5340 954 5410 φυλάσσειν
985 5337 1255 5409 αὐτόν),οἱ
1279 5335 1463 5407 ἐχθροὶ
1485 5334 1821 5406 μετέστησαν

240 5436 305 5488 ai
313 5436 411 5506 τὴν
427 5435 495 5486 ἐκ
506 5432 610 5502 τῆς
623 5431 716 5485 τοῦ
735 5430 1065 5501 παραδείσου
1086 5427 1315 5501 τρυφῆς,
1332 5428 1410 5489 εἰς
1431 5426 1490 5478 τὸ
1502 5423 1824 5487 σπουδάζειν

241 5529 370 5597 περὶ
390 5526 486 5578 τὸν
508 5517 683 5577 αὑτῶν
703 5522 1019 5593 ἀμπελῶνα,
1033 5514 1094 5574 οὗ
1114 5523 1142 5574 6
1160 5519 1349 5590 βότρυς
1365 5517 1602 5587 γεωργεῖ
1616 5515 1717 5585 τὴν
1740 5533 1827 5568 πι-

236 5612 405 5691 Bri-{av
419 5618 518 5670 καὶ
533 5619 564 5689 ή
581 5616 823 5686 σταφυλὴ
844 5615 943 5685 τὴν
969 5613 1153 5685 χολήν.
1185 5609 1434 5673 Τοιοῦτος
1447 5606 1703 5678 ἀμπελὼν
1730 5603 1802 5658 Σό
1816 5638 1828 5647 -

326 5794 366 5824 ⁸⁵
386 5792 549 5846 Rom.
582 5808 677 5857 vn,
710 5791 780 5845 '25
877 5789 1085 5846 “Psal.
1126 5800 1293 5850 vau,
1330 5785 1381 5839 5.

1924 4939 2197 5023 diebatur.
2255 4939 2323 5015 Et
2355 4939 2621 5030 quoniam
2671 4955 2817 5011 lieus
2865 4951 3050 5025 posuit
3100 4946 3378 5003 hominem
3432 4939 3502 5030 ad

1925 5055 2262 5127 operandum
2296 5060 2351 5108 et
2377 5029 2797 5106 custodiendum
2836 5041 3176 5132 paradisum,
3231 5037 3335 5090 hoc
3361 5029 3500 5132 dixit

1925 5121 2158 5219 sponsa:
2193 5143 2330 5199 Cum
2362 5141 2504 5196 Deus
2535 5139 2769 5192 animam
2802 5148 2977 5189 meam
3020 5126 3295 5219 posuisset
3328 5121 3395 5219 ad
3417 5121 3501 5176 vis

1928 5213 2075 5295 tam:
2110 5233 2321 5291 deliciae
2345 5232 2490 5286 enim
2535 5226 2772 5299 paradisi
2813 5223 2922 5277 vita
2952 5226 3089 5280 erat,
3129 5217 3184 5270 in
3213 5228 3324 5285 quo
3352 5213 3496 5269 Deus

1929 5326 2111 5400 posuit
2124 5322 2400 5379 hominem
2417 5319 2482 5373 ad
2501 5313 2835 5388 operandum
2854 5320 2905 5365 et
2917 5322 3040 5364 eum
3053 5300 3497 5400 custodiendum;

1926 5392 2135 5475 inimici
2148 5431 2233 5470 me
2249 5397 3161 5471 traduxeruntacustodiaparadisi
3183 5395 3247 5448 ad
3263 5392 3504 5453 studium

1928 5506 2238 5583 ponendum
2270 5504 2324 5558 in
2353 5502 2590 5563 vineam,
2622 5495 2782 5564 cujus
2813 5492 3006 5546 botrus
3028 5492 3251 5583 geperat
3277 5495 3500 5583 amarae

1932 5570 2068 5662 rem,
2093 5608 2147 5653 et
2170 5612 2269 5652 uva
2291 5595 2472 5650 bilem.
2496 5583 2945 5660 Ejusmodivinea
2959 5576 3346 5636 eratSodoma.
3365 5570 3505 5628 'l'alo

1469 5783 1508 5813 ν
1548 5780 1687 5835 Psal.
1720 5790 1947 5843 uxmtt,
1979 5777 2029 5835 1.
