3874 6368
395 370 497 426 799

1647 372 1705 427 S.
1732 368 2062 426 GREGORII
2095 367 2394 424 NYSSENI

3571 360 3666 418 εοθ

392 466 733 539 Sarmentum
776 485 1077 540 Gomorrha
1100 525 1114 547 ,
1151 502 1270 554 qua:
1299 486 1553 541 damnata
1584 497 1667 543 est
1696 502 1819 543 cum
1857 486 1958 552 So-

2064 484 2200 551 ὀομα
2228 479 2296 552 ἦν
2353 480 2577 549 τοιαύτη
2612 479 2880 550 κληματίς
2908 479 3187 551 Γόμορρα,
3218 479 3251 548 ὴ
3275 477 3666 547 συγκαταδικα-

390 579 572 634 domis
599 619 615 643 ,
666 595 761 649 per
794 595 933 648 quas
972 581 1049 632 ira
1087 581 1387 634 draconum
1433 583 1853 639 immedicabilis
1897 583 1981 639 ef-

391 667 512 721 fusa
555 678 639 723 est
673 670 724 721 in
766 669 925 722 malis
955 671 1327 725 torcularibus
1362 670 1792 727 Sodomilarum.
1826 672 1980 728 Licet

388 767 570 812 autem
624 762 678 813 in
737 759 1065 815 hodiernum
1122 778 1297 831 usque
1343 762 1486 816 diem
1540 762 1725 820 videre
1776 766 1978 821 multos

391 848 646 902 homines
676 859 966 906 turatores
996 860 1049 905 et
1077 851 1334 906 custodes
1363 853 1637 921 ejusmodi
1669 857 1973 925 vinearum,

387 940 481 1008 qui
522 940 819 1011 diligenter
851 944 905 996 iu
948 959 1006 1000 se
1049 960 1149 999 sua
1186 945 1316 999 vitia
1358 946 1715 1012 custodiunt,
1751 951 1976 1018 perinde

387 1044 449 1083 ac
480 1031 525 1084 si
560 1032 789 1087 timeant
830 1049 897 1088 ne
938 1036 1142 1089 malum
1184 1035 1441 1105 perdant.
1481 1036 1649 1094 Vides
1691 1041 1974 1110 improbos

342 1151 350 1158 -
385 1121 648 1178 custodes
706 1124 1063 1191 idololatriae,
1106 1142 1227 1196 quae
1266 1136 1558 1182 exercetur
1599 1129 1654 1183 in
1696 1131 1975 1200 impietate

384 1223 439 1269 ct
471 1215 525 1269 in
558 1218 789 1272 avaritia
811 1260 826 1283 ,
865 1220 1328 1289 quemadmodum
1356 1222 1584 1291 vigilant
1614 1223 1670 1277 in
1701 1226 1969 1279 malorum

384 1308 669 1372 custodia,
722 1311 986 1367 damnum
1032 1328 1157 1369 esse
1201 1314 1584 1370 existimantes
1625 1318 1830 1387 privari
1869 1320 1973 1373 ini-

384 1399 617 1468 quitate.
661 1399 722 1456 In
763 1402 889 1457 aliis
918 1418 1142 1474 quoque
1170 1404 1298 1459 licet
1329 1406 1519 1460 videre
1550 1422 1647 1462 eos
1677 1410 1771 1478 qui
1814 1411 1970 1480 peni-

383 1522 475 1572 tus
514 1527 885 1587 susceperunt
922 1521 1257 1589 voluptatem
1287 1561 1302 1586 ,
1349 1531 1445 1577 aut
1483 1525 1835 1593 superbiam,
1877 1538 1972 1583 aut

384 1605 588 1660 fastum
609 1647 624 1670 ,
651 1618 743 1662 aut
770 1610 978 1679 aliquid
1003 1611 1272 1680 ejusmodi
1296 1652 1310 1675 ,
1335 1618 1797 1684 quemadmodum
1819 1621 1969 1674 omni

383 1696 570 1753 studio
607 1714 670 1754 ea
738 1702 881 1755 mala
942 1705 1375 1772 amplectantur,
1422 1708 1634 1761 lucrum
1689 1726 1811 1765 esse
1864 1711 1969 1766 du-

381 1799 604 1856 centes,
638 1793 706 1847 ab
746 1793 1060 1863 bujusmodi
1098 1798 1246 1853 vitiis
1285 1814 1570 1869 nunquam
1615 1818 1807 1872 puram
1845 1820 1970 1859 esse
2005 1829 2045 1886 Β

381 1885 645 1939 animam.
678 1885 804 1941 Haec
833 1904 965 1958 ergo
995 1888 1159 1945 deﬂet
1189 1908 1418 1961 sponsa,
1451 1894 1642 1950 dicens
1667 1915 1679 1950 :
1708 1895 1967 1968 PrOpler-

377 1991 443 2031 ea
505 1976 649 2032 facta
700 1994 822 2035 sum
886 1984 1084 2054 nigra,
1145 1986 1290 2055 quod
1356 1988 1562 2043 inimici
1618 1990 1864 2054 zizania,
1912 1999 1967 2046 et

385 2071 531 2122 mala
562 2081 751 2127 nostra
792 2088 1074 2131 sarmenta
1107 2080 1426 2134 custodiens
1458 2092 1512 2136 et
1555 2089 1715 2137 tuens
1736 2126 1749 2149 ,
1788 2100 1963 2139 meam

376 2161 592 2217 vineam
625 2181 734 2220 non
768 2170 1030 2225 custodii.
1060 2169 1105 2224 0
1140 2179 1379 2241 quantos
1409 2176 1612 2229 excitat
1645 2175 1874 2232 affectus
1909 2178 1963 2232 in

376 2251 448 2306 iis
485 2256 577 2323 qui
607 2259 722 2311 acri
771 2275 937 2315 sensu
990 2262 1097 2317 ista
1136 2265 1489 2334 percipiunt:
1541 2264 1756 2321 Vineam
1794 2285 1965 2323 meam

376 2359 483 2397 non
542 2350 1007 2419 custodiviHlaec
1070 2371 1175 2409 vox
1225 2365 1309 2411 est
1362 2366 1549 2427 aperte
1597 2360 1959 2415 lamentatio:

378 2434 737 2506 lamentatio,
784 2458 906 2512 qua:
938 2448 1333 2514 prophetarum
1369 2450 1607 2519 gemitus
1641 2459 1694 2505 et
1725 2452 1963 2522 ejulatus

378 2537 565 2585 movet
613 2532 680 2586 ad
729 2536 1295 2594 commiscrationem.
1351 2542 1639 2607 Quomodo
1687 2543 1829 2599 facta
1878 2556 1963 2600 est

375 2625 637 2680 meretrix
674 2627 872 2684 civitas
907 2629 1083 2687 (idolis
1135 2631 1267 2687 Sion
1321 2636 1480 2703 plena
1512 2635 1774 2706 judicio?
1808 2637 1962 2705 Quo-

376 2714 538 2771 modo
574 2716 763 2772 relicta
793 2728 875 2773 est
917 2718 1021 2774 ﬁlia
1065 2716 1195 2776 Sion
1234 2732 1496 2795 tanquam
1540 2728 1958 2784 tabernaculum

375 2802 429 2857 in
459 2805 657 2860 vinea?
680 2806 967 2874 Quomodo
994 2813 1136 2867 sedit
1159 2814 1276 2868 sola
1308 2817 1505 2872 civitas
1530 2820 1688 2889 plena
1725 2823 1956 2890 populo,

375 2896 666 2953 dominans
718 2899 771 2953 in
833 2903 1185 2971 regionibus,
1244 2905 1384 2961 facta
1424 2921 1509 2965 est
1559 2913 1664 2967 sub
1711 2917 1962 2971 tributo?

374 2986 664 3053 Quomodo
713 2993 1071 3049 obscuratum
1121 3009 1207 3052 est
1257 3014 1481 3066 aurmn,
1529 3006 1820 3061 alteratum
1876 3017 1960 3065 est

373 3090 662 3150 argentum
721 3085 928 3141 bonum
967 3089 1056 3143 ‘3?
1100 3089 1388 3156 Quomodo
1440 3094 1590 3150 facta
1641 3104 1725 3152 est
1760 3100 1953 3170 nigra,

370 3184 495 3241 qua:
523 3189 649 3230 vera
683 3177 805 3232 luce
845 3181 1087 3250 primum
1140 3183 1422 3255 fulgebat?
1455 3186 1581 3242 Haec
1612 3192 1796 3244 omnia
1822 3233 1837 3257 ,
1872 3193 1956 3248 in,
1984 3173 2027 3229 (δ

371 3263 528 3333 quit,
577 3267 711 3323 mihi
758 3268 902 3326 facta
954 3282 1116 3339 sunt,
1172 3277 1304 3346 quia
1348 3278 1568 3334 vineam
1620 3296 1798 3337 meam
1844 3301 1955 3340 non

371 3357 634 3412 custodii.
669 3358 843 3417 Vinea
877 3374 963 3419 est
1001 3367 1426 3436 immortalitas,
1455 3372 1617 3427 vinea
1652 3384 1736 3429 est
1785 3377 1957 3447 impa-

371 3450 638 3518 tibilitas,
700 3464 755 3509 et
812 3454 922 3512 Deo
976 3459 1344 3527 assimilatio,
1391 3473 1447 3518 et
1498 3465 1568 3521 ab
1617 3468 1765 3521 omni
1815 3472 1959 3527 malo

371 3540 653 3598 alienatio.
692 3543 869 3616 Hujus
904 3548 1078 3604 vinea:
1110 3547 1327 3607 fructus
1357 3561 1442 3609 est
1476 3557 1708 3625 puritas.
1748 3558 1848 3614 Hic
1874 3570 1960 3617 est

370 3632 697 3701 splendidus
736 3639 1080 3712 pulcherque
1109 3651 1163 3698 et
1196 3654 1449 3703 maturus
1482 3647 1573 3703 ille
1609 3649 1829 3717 botrus,
1862 3654 1955 3725 qui

369 3728 707 3797 peculiarem
752 3740 800 3786 et
848 3734 1108 3789 eximiam
1165 3735 1397 3794 formam
1448 3757 1561 3810 pra:
1609 3759 1668 3800 se
1721 3744 1856 3814 fert,
1903 3759 1960 3804 et

369 3815 625 3871 castitate
676 3817 869 3877 dulces
919 3823 1102 3879 reddit
1152 3842 1353 3884 sensus
1392 3833 1610 3889 animm.
1653 3835 1956 3906 Capreolus

366 3905 541 3960 vineae
567 3915 651 3962 est
680 3922 805 3963 cum
842 3910 951 3966 vita
986 3920 1188 3969 aeterna
1225 3920 1542 3988 conjunctio
1575 3934 1629 3980 et
1658 3905 1955 3988 connexio.

368 3992 769 4055 Excrescentes
798 4002 1053 4070 palmites
1074 4043 1090 4070 ,
1125 4016 1254 4063 sunt
1286 4011 1548 4068 virtutum
1577 4018 1955 4089 celsitudines,

367 4101 492 4156 qua:
530 4089 846 4146 ascendunt
901 4110 1078 4165 usque
1128 4099 1196 4152 ad
1241 4101 1561 4162 altitudines
1612 4112 1952 4179 angelorum.

367 4174 520 4233 Folia
561 4191 742 4237 autem
779 4200 899 4253 qua:
926 4188 1307 4256 germinarnnt
1332 4234 1347 4255 ,
1381 4204 1434 4250 et
1464 4214 1585 4267 quae
1618 4174 1805 4269 quieto
1842 4206 1959 4274 spi-

367 4271 478 4324 ritu
519 4274 748 4342 pulchre
788 4276 843 4332 in
885 4280 1059 4336 ramis
1100 4285 1443 4356 quatiuntur,
1495 4300 1626 4345 sunt
1666 4271 1954 4367 multiplex

366 4360 680 4419 divinarum
709 4367 974 4424 virtutum
1002 4382 1264 4439 ornatus,
1299 4394 1422 4447 qua:
1450 4382 1615 4437 simul
1643 4360 1955 4455 germinant

366 4465 491 4505 cum
525 4456 744 4525 spiritu.
780 4456 905 4516 Haec
934 4464 1120 4519 omnia
1151 4469 1441 4536 possidens
1463 4512 1478 4538 ,
1517 4485 1571 4529 et
1600 4491 1725 4531 cum
1757 4495 1949 4536 eorum

368 4542 632 4606 fruitione
673 4553 961 4622 gloriarer,
1010 4569 1301 4630 propterea
1353 4566 1501 4634 quod
1559 4569 1775 4626 vineam
1838 4589 1949 4630 non

366 4641 679 4707 custodivi,
729 4645 877 4701 facta
932 4665 1054 4704 sum
1110 4654 1304 4724 nigra,
1344 4664 1401 4711 et
1438 4659 1575 4715 vitio
1621 4677 1652 4716 a
1707 4666 1949 4735 puritate

366 4733 518 4802 lapsa
541 4773 556 4798 ,
594 4737 825 4792 formam
859 4741 1014 4797 indui
1051 4756 1225 4803 atram
1253 4758 1308 4805 et
1335 4733 1761 4815 tenebricosam.
1801 4764 1950 4823 Talis

363 4821 509 4876 enim
535 4824 725 4879 formae
745 4837 830 4882 est
848 4833 1035 4887 tunica
1057 4838 1306 4905 pellicea.
1328 4841 1487 4900 Nunc
1511 4857 1694 4905 autem
1722 4864 1949 4926 propter

362 4914 754 4971 rectitudinem
778 4935 899 4989 quae
926 4939 1012 4979 me
1040 4943 1235 4987 rursus
1255 4927 1465 5001 dilexit,
1494 4937 1685 4996 ell‘ecta
1717 4914 1947 5014 pulchra

360 5013 415 5059 et
455 5006 768 5075 luminosa,
807 5024 1119 5085 suspectam
1168 5022 1343 5079 habeo
1393 5044 1568 5084 meam
1609 5006 1948 5106 prosperita-

364 5107 493 5164 Iem,
526 5117 595 5156 ne
625 5116 823 5160 rursus
852 5109 1078 5177 perdam
1108 5115 1600 5190 pulchritudinem,
1643 5142 1741 5196 per
1783 5131 1945 5202 igno-

360 5194 595 5248 rantiam
615 5211 726 5251 non
746 5213 998 5258 assecuta
1016 5207 1236 5263 modum
1255 5212 1378 5281 ejus
1402 5221 1522 5272 tuto
1540 5194 1939 5281 custodiendae.

430 5284 728 5357 Propterea
787 5309 1015 5353 cessans
1071 5301 1223 5371 loqui
1283 5318 1407 5359 cum
1475 5310 1945 5381 adolescentulis,

361 5376 504 5431 votis
561 5392 786 5438 revocat
824 5402 1125 5458 sponsum,
1163 5395 1213 5449 ei
1256 5412 1416 5466 quem
1458 5400 1809 5460 desiderabat
1845 5425 1949 5463 no—

362 5464 709 5561 mineindito
737 5490 801 5531 ex
835 5493 935 5534 sua
969 5482 1023 5537 in
1056 5484 1238 5556 ipsum
1276 5488 1588 5549 affectione.
1624 5496 1767 5561 Quid
1799 5500 1946 5555 enim

362 5549 544 5659 dicit?
597 5557 862 5625 Renuntia
913 5575 1066 5643 mihi,
1117 5595 1271 5647 quem
1308 5580 1487 5654 diligit
1555 5589 1737 5643 anima
1788 5609 1939 5659 mea,

361 5641 449 5695 κδ’
483 5662 697 5716 Pax“,
748 5660 837 5714 ubi
868 5666 1024 5720 cubes
1076 5669 1129 5722 in
1183 5674 1441 5729 meridie:
1473 5694 1535 5733 ne
1559 5682 1769 5749 quando
1817 5687 1943 5754 [iam

443 5820 487 5853 ⁸⁸
512 5818 716 5885 Threx).
746 5851 805 5905 Il,
845 5840 862 5893 Ι
900 5857 1024 5910 sqq.

2083 576 2271 626 σοεῐσα
2324 572 2609 642 Σοδόμοις,
2636 571 2703 624 δι’
2735 564 2811 623 ῶν
2852 572 2882 624 ὁ
2932 571 3040 622 τῶν
3087 569 3394 640 δρακόντων
3443 566 3613 638 θυμὸς
3641 571 3667 622 ό

2081 663 2296 728 ἀνίατος
2319 666 2377 716 ἐν
2398 667 2518 726 ταῖς
2541 664 2801 734 πονηραῖς
2824 662 3004 732 ληνοῖς
3027 662 3136 714 τῶν
3162 660 3472 732 Σοδομιτῶν
3506 661 3666 733 ὑπερ-

2080 753 2262 823 εχέθη.
2324 757 2480 807 Ἐστι
2526 752 2582 805 δὲ
2631 753 2725 806 καὶ
2763 752 2925 822 μέχρι
2970 751 3065 804 τοῦ
3110 752 3207 803 νῦν
3258 751 3367 805 τῶν
3412 750 3664 804 τοιούτων

2080 846 2421 915 ἀμπελώνων
2449 845 2785 915 ἐπιμελητάς
2808 862 2866 897 τε
2900 845 2995 897 καὶ
3024 842 3268 912 φύλακας
3289 844 3416 906 τοὺς
3442 841 3665 906 πολλοὺς

2077 938 2186 989 τῶν
2218 936 2518 1005 ἀνθρώπων
2566 936 2714 995 ἰδεῖν,
2761 936 2811 987 οἳ
2858 934 3059 1004 σπουδῇ
3093 934 3160 987 τὰ
3189 933 3336 1004 πάθη
3374 938 3512 1005 παρ’
3541 936 3662 989 ἐαυ-

2076 1031 2188 1091 τοῖς
2217 1028 2497 1098 τηροῦσιν,
2534 1026 2723 1096 ὥσπερ
2769 1025 3067 1087 δεδοικότες
3102 1024 3176 1093 μὴ
3220 1022 3281 1076 τι
3324 1024 3503 1077 κακὸν
3536 1024 3664 1077 ἀπο-

2076 1117 2323 1174 λέσωσιν.
2384 1119 2548 1189 ὐρᾷς
2596 1118 2722 1179 τοὺς
2770 1117 3042 1186 πονηροὺς
3091 1114 3191 1184 τῆς
3222 1112 3663 1184 εἰδωλολατρείας

2077 1209 2343 1278 φύλακας,
2383 1210 2482 1279 τῆς
2520 1226 2580 1262 τε
2613 1207 2756 1262 κατά
2802 1206 2901 1278 τὴν
2951 1205 3206 1259 ἀσέϐειαν
3235 1205 3329 1257 καὶΙ
3377 1204 3485 1273 τῆς
3530 1204 3662 1257 κατά

2073 1302 2173 1371 τὴν
2205 1299 2524 1367 πλεονεξίαν
2557 1298 2975 1370 ἐνεργουμένης,
3009 1297 3124 1360 πῶς
3159 1295 3577 1367 ἐπαγρυπνοῦσι
3603 1297 3660 1366 τῇ

2076 1391 2288 1462 φυλακῇ
2318 1391 2426 1444 τῶν
2465 1391 2672 1451 κακῶν,
2703 1389 2905 1461 ζημίαν
2939 1388 2999 1442 τὸ
3034 1387 3362 1459 στερηθῆναι
3407 1386 3515 1455 τῆς
3547 1387 3662 1438 ἀνο-

2077 1484 2203 1553 μίας
2240 1478 2569 1553 νομίζοντες.
2606 1482 2714 1535 Καὶ
2743 1481 2834 1533 ἐπὶ
2861 1480 2973 1533 τῶν
2999 1479 3175 1533 ἄλλων
3205 1477 3475 1541 ὡσαύτως
3523 1477 3662 1531 ἐστιν

2076 1575 2203 1627 ἰδεῖν
2249 1576 2375 1637 τοὺς
2426 1576 2484 1628 ἐν
2530 1570 2683 1643 βάθει
2716 1572 3197 1645 παραδεξαμένους
3234 1570 3333 1641 τὴν
3362 1569 3583 1640 ἡδονὴν,
3630 1567 3659 1639 ἢ

2073 1664 2470 1735 ὑπερηφανίαν,
2523 1665 2555 1735 ἢ
2615 1664 2805 1733 τῦφον,
2853 1663 2887 1735 ἢ
2936 1663 3066 1717 ἄλλο
3123 1678 3179 1714 τι
3223 1661 3333 1713 τῶν
3378 1659 3658 1722 τοιούτων,

2072 1756 2189 1818 πῶς
2222 1755 2565 1825 περιέχονται
2599 1755 2688 1808 διά
2732 1756 2913 1822 πάσης
2946 1752 3191 1822 φυλακῆς
3235 1750 3343 1803 τῶν
3382 1750 3656 1813 τοιούτων,

2075 1846 2264 1918 κέρδος
2312 1846 2621 1917 ποιούμενοι
2667 1847 2729 1900 τὸ
2782 1846 3055 1917 μηδέποτε
3083 1843 3179 1915 τὴν
3206 1842 3383 1913 ψυχὴν
3418 1842 3534 1896 τῶν
3563 1859 3659 1897 πα·

2070 1937 2179 1990 θῶν
2220 1936 2579 2008 καθαρεῦσαι.
2629 1938 2813 1992 Ταῦτα
2844 1932 2936 1991 οὖν
2961 1939 2995 2007 ἡ
3042 1938 3230 2006 νύμφη
3263 1935 3545 2006 ὀδύρεται,
3577 1934 3656 1987 λέ·

2068 2047 2276 2098 γουσα,
2311 2033 2393 2084 ὅτι
2446 2030 2545 2083 Διά
2574 2029 2735 2083 τοῦτο
2779 2028 3045 2099 ἐγενόμην
3080 2027 3329 2099 μέλαινα,
3373 2026 3570 2097 ἐπειδὴ
3596 2025 3657 2081 τὰ

2067 2120 2284 2186 ζιζάνια
2314 2121 2405 2174 τοῦ
2453 2121 2673 2193 ἐχθροῦ,
2719 2121 2814 2175 καὶ
2845 2120 2941 2182 τὰς
2975 2120 3215 2190 πονηρὰς
3244 2119 3425 2173 αὐτῶν
3458 2119 3655 2189 κλημα-

2066 2213 2212 2277 τίδας
2245 2212 2593 2281 φυλάσσουσα
2634 2228 2696 2264 τε
2724 2211 2820 2264 καὶ
2853 2210 3212 2281 περιέπουσα,
3242 2208 3331 2261 τὸν
3361 2208 3653 2279 ἀμπελῶνα

2064 2299 2156 2357 τὸν
2181 2303 2310 2374 ἒμὸν
2342 2304 2441 2357 οὐκ
2467 2302 2731 2372 ἐφύλαξα.
2770 2301 2836 2354 ’Ὤ
2875 2300 3040 2353 πόσον
3073 2302 3216 2353 κινεῖ
3252 2299 3427 2363 πάθος
3452 2302 3511 2352 ἐν
3550 2302 3653 2362 τοῖς

2065 2396 2397 2468 αἰσθητικῶς
2432 2397 2738 2461 ἐπαΐουσιν,
2786 2392 3140 2463 Ἀμπελῶνα
3187 2390 3336 2462 ἐμὸν
3367 2395 3486 2447 οὐκ
3522 2392 3653 2461 ἐφύ-

2063 2491 2256 2555 λαξα]
2305 2490 2511 2561 Θρῆνος
2565 2485 2823 2551 ἀντικρύς
2876 2487 3023 2538 ἐστιν
3070 2487 3103 2556 ἡ
3156 2485 3329 2556 φωνὴ,
3380 2485 3512 2547 τοὺς
3553 2483 3650 2536 τῶν

2064 2580 2361 2651 προφητῶν
2410 2578 2752 2648 στεναγμοὺς
2801 2576 2967 2631 κινῶν
3007 2578 3087 2640 είς
3116 2575 3483 2646 συμπάθειαν.
3537 2572 3652 2636 Πῶς

2062 2673 2280 2740 ἐγένετο
2314 2672 2546 2742 πόρνηή
2582 2670 2735 2733 πόλις
2766 2669 2932 2741 πιστὴ
2966 2668 3104 2722 Σιὼν
3138 2668 3348 2739 πλήρης
3382 2671 3645 2738 κρίσεως;

2062 2764 2188 2826 Πῶς
2215 2762 2545 2832 κατελείφθη
2583 2763 2617 2832 ἡ
2664 2760 2909 2830 θυγάτηρ
2942 2758 3080 2812 Σιὼν
3107 2760 3183 2823 ώς
3221 2760 3395 2829 σκηνὴ
3448 2761 3508 2811 ἐν
3540 2760 3639 2827 ἀμι

2062 2852 2298 2917 πελῶνι;
2331 2851 2456 2915 Πῶς
2489 2850 2711 2904 ἐκάθισε
2745 2850 2880 2920 μόνη
2908 2851 2941 2919 ἡ
2986 2849 3159 2913 πόλις,
3196 2850 3229 2918 ἡ
3260 2848 3643 2919 πεπληθυμένη

2060 2946 2240 3013 λαῶν;
2290 2947 2533 3017 ἄρχουσα
2589 2943 2681 3003 ἐπὶῑ
2742 2939 2971 3013 χώραις,
3023 2942 3255 3013 ἐγενήθη
3318 2942 3400 3004 εἰς
3457 2942 3643 3011 φόρον;

2062 3039 2186 3102 Πῶς
2212 3036 2518 3109 ἠμαυρώθη
2550 3036 2611 3089 τὸ
2640 3034 2886 3105 χρυσίον,
2916 3034 3181 3104 ⁴ιἰλλοιώθη
3214 3035 3275 3088 τὸ
3299 3034 3563 3108 ἀργύριον
3592 3033 3645 3086 τὸ

2061 3129 2300 3197 ἀγαθόν;
2339 3128 2463 3191 Πῶς
2493 3127 2708 3195 ἐγένετο
2740 3125 2990 3196 μέλαινα,
3044 3127 3077 3196 ἡ
3124 3126 3201 3195 τῷ
3242 3125 3485 3196 ἀληθινῷ
3517 3124 3643 3195 φωτὶ

2059 3221 2127 3275 τὰ
2161 3220 2356 3293 πρῶτα
2388 3218 2924 3289 συναναλάμπουσα;
2977 3220 3163 3273 Πάντα
3211 3216 3384 3271 ταῦτα
3436 3216 3641 3287 ἐγένετό

2063 3331 2173 3384 μοι,
2204 3314 2392 3384 φησιν,
2420 3312 2502 3366 ὅτι
2531 3311 2623 3364 τὸν
2652 3309 2951 3380 ἀμπελῶνα
2984 3311 3075 3363 τὸν
3105 3310 3236 3381 ἐμὸν
3256 3312 3356 3364 οὐκ
3385 3310 3637 3379 ἐφύλαξα.

2071 3404 2356 3477 Ἀμπελών
2400 3405 2548 3458 ἐστιν
2583 3406 2614 3475 ἡ
2648 3402 2931 3473 ,ἀθανασία
2952 3422 2965 3435 ·
3001 3403 3260 3476 ἀμπελὼν
3300 3406 3331 3475 ἡ
3387 3404 3637 3465 ἀπάθεια,

2058 3500 2154 3553 καὶ
2180 3502 2212 3570 ή
2265 3499 2402 3569 πρὸς
2446 3497 2507 3551 τὺ
2528 3499 2679 3552 Θεῖον
2707 3496 2965 3568 ὁμοίωσις
2985 3537 2999 3560 ,
3033 3497 3126 3550 καὶ
3172 3496 3205 3567 ἡ
3237 3495 3437 3559 παντὸς
3483 3494 3637 3549 κακοῦ

2057 3586 2429 3657 ἀλλοτρίωσις.
2462 3583 2662 3638 Τούτου
2693 3584 2787 3637 τοῦ
2815 3584 3140 3655 ἀμπελῶνος
3167 3585 3380 3655 καρπὸς
3412 3587 3448 3655 ἡ
3484 3584 3638 3639 καθα-

2061 3677 2243 3748 ρότης,
2291 3678 2320 3729 ὁ
2353 3673 2607 3746 λαμπρὸς
2657 3664 2815 3737 οὗτος
2844 3674 2938 3728 καὶ
2965 3672 3174 3745 ὥριμος
3204 3673 3420 3745 βότρυς,
3448 3674 3480 3726 ό
3517 3672 3636 3727 ιδιά-

2058 3768 2166 3834 ζων
2195 3768 2273 3838 τῷ
2317 3766 2447 3820 εἴδει
2476 3766 2571 3818 καὶ
2601 3764 3050 3834 καταγλυκαίνων
3093 3766 3152 3818 ἐν
3195 3766 3388 3837 ἁγνείᾳ
3431 3765 3505 3819 τὰ
3547 3765 3635 3833 τῆς

2056 3858 2235 3929 ψυχῆς
2266 3856 2617 3929 αἰσθητήρια.
2664 3856 2817 3921 Ἔλιξ
2845 3857 2902 3910 δέ
2939 3854 3034 3910 τοῦ
3063 3855 3405 3927 ἀμπελῶνος,
3436 3859 3472 3929 ἡ
3515 3856 3637 3928 πρὸς

2057 3952 2156 4022 τὴν
2202 3950 2372 4003 ἀΐδιον
2411 3948 2556 4018 ζωὴν
2605 3946 2910 4019 περιπλοκὴ
2956 3963 3019 4000 τε
3069 3948 3165 4000 καὶ
3198 3948 3483 4019 συμφυΐαι
3517 3947 3636 4016 κλή-

2062 4060 2205 4114 ματα
2260 4042 2318 4096 δὲ
2361 4041 2740 4112 αὐξανόμενα,
2794 4041 2862 4095 τὰ
2896 4041 3005 4095 τῶν
3048 4042 3259 4114 ἀρετῶν
3303 4045 3456 4097 ἐστιν
3501 4040 3634 4113 ὑψώ-

2061 4152 2209 4206 ματα
2241 4135 2378 4207 πρὸς
2419 4134 2479 4187 τὸ
2529 4132 2661 4203 ὕψος
2702 4134 2809 4187 τῶν
2853 4133 3102 4203 ἀγγέλων
3147 4134 3631 4208 ἀναδενδρούμεναο

2060 4228 2233 4297 φύλλα
2262 4227 2317 4280 δὲ
2343 4226 2607 4297 τεθηλότα
2650 4227 2743 4279 καὶ
2790 4224 2868 4296 τῷ
2916 4226 3169 4297 ἡρεμαίῳ
3216 4226 3486 4297 πνεύματι
3512 4226 3630 4295 γλαο

2059 4320 2245 4391 φυρῶς
2291 4322 2404 4383 τοῖς
2438 4318 2656 4381 κλάδοις
2708 4317 3081 4388 ἐπισειόμενα,
3131 4318 3160 4369 ό
3208 4317 3494 4390 πολυειδὴς
3537 4316 3631 4370 τῶν

2057 4413 2217 4467 θείων
2244 4411 2455 4482 ἀρετῶν
2490 4411 2693 4481 κόσμος
2727 4411 2863 4475 ἐστὶ,
2893 4410 3001 4463 τῶν
3041 4410 3541 4466 συναναθαλλόντων
3561 4408 3631 4479 τῷ

1979 4531 2032 4593 D
2059 4502 2356 4573 πνεύματι.
2388 4503 2432 4555 Τ
2435 4500 2576 4556 αὕτα
2609 4502 2788 4556 πάντα
2819 4501 3338 4593 κεκτημένη,φησ“ι,
3371 4503 3464 4555 καὶ
3496 4502 3626 4593 ὲνλτῇ
3684 4492 3689 4503 ’

2052 4594 2350 4650 ἀπολαύσει
2379 4594 2582 4647 τούτων
2611 4594 3064 4665 λαμπρυνομένη,
3097 4592 3185 4646 διὰ
3215 4594 3274 4647 τὸ
3309 4594 3383 4667 μὴ
3413 4590 3628 4665 φυλάξαι

2046 4688 2137 4741 τὸν
2192 4686 2510 4758 ἀμπελῶνα,
2546 4684 2956 4755 κατεμελάνθην
3000 4685 3077 4756 τῷ
3145 4686 3368 4740 πένθει’
3403 4688 3500 4758 τῆς
3528 4684 3626 4754 γὰρ

2047 4779 2417 4849 καθαρότητος
2469 4778 2801 4841 ἐκπεσοῦσα,
2838 4778 2899 4830 τὸ
2935 4776 3173 4844 ζοφῶδες
3217 4773 3358 4841 εἶδος
3391 4777 3625 4833 ἐνεδυσά-

2050 4890 2179 4943 μην.
2216 4870 2472 4934 Τοιοῦτος
2517 4870 2628 4941 γὰρ
2672 4869 2751 4940 τῷ
2794 4868 2923 4922 εἴδει
2971 4868 2999 4920 ὁ
3047 4867 3266 4938 χιτὼνό
3296 4869 3621 4940 δερμάτινος.

2056 4962 2172 5015 Νῦν
2193 4960 2251 5013 δὲ
2276 4960 2365 5013 διὰ
2390 4961 2489 5032 τὴν
2519 4959 2885 5029 ἀγαπήσασάν
2910 4977 2977 5031 με
2998 4958 3160 5013 πάλιν
3186 4960 3472 5031 εὐθύτητα,
3494 4956 3618 5024 καλή

2054 5068 2115 5104 τε
2162 5051 2256 5103 καὶ
2288 5048 2578 5119 φωτοειδὴς
2606 5051 2896 5119 γενομένη,
2951 5049 3244 5104 ὑποπτεύω
3290 5049 3391 5122 τὴν
3438 5050 3621 5117 εὐκλη-

2059 5144 2179 5214 ρίαν
2200 5185 2214 5208 ,
2243 5141 2317 5213 μὴ
2340 5142 2503 5196 πάλιν
2529 5140 2781 5195 ἀπολέσω
2803 5140 2866 5193 τὺ
2889 5141 3114 5204 κάλλος,
3138 5142 3332 5213 ἀγνοίᾳ
3360 5141 3453 5196 τοῦ
3493 5138 3619 5195 κατὰ

2054 5234 2151 5306 τὴν
2177 5233 2479 5303 ἀσφάλειαν
2499 5232 2723 5304 τρόπου,
2749 5232 2878 5304 περὶ
2900 5231 2997 5302 τὴν
3020 5232 3269 5304 φυλακὴν
3296 5235 3615 5305 ἀτυχήσασα.

2117 5326 2214 5380 Διά
2251 5325 2409 5378 τοῦτο
2434 5323 2810 5378 καταλιποῦσα
2835 5324 2928 5377 τὸν
2969 5324 3105 5395 πρὸς
3132 5326 3236 5389 τὰς
3261 5326 3502 5388 νεάνιδας
3536 5324 3617 5377 λόο

2047 5434 2159 5485 γον.
2200 5416 2363 5470 πάλιν
2407 5416 2473 5469 δι’
2519 5417 2684 5487 εύχῆς
2728 5415 2989 5470 ἀνακαλεῖ
3035 5415 3125 5470 τὸν
3159 5417 3409 5487 νυμφίον,
3460 5418 3615 5486 ὄνομα

2049 5508 2388 5578 ποιησαμένη
2421 5507 2515 5561 τοῦ
2552 5506 2889 5577 ποθουμένου
2923 5508 3023 5577 τὴν
3073 5507 3210 5577 πρὸς
3255 5507 3416 5560 αὑτὸν
3454 5504 3614 5560 ἐνδιά-

2048 5599 2199 5652 θετον
2232 5599 2435 5671 σχέσιν.
2471 5599 2536 5652 Τί
2583 5598 2693 5669 γάρ
2725 5615 2925 5669 φησιν;
2989 5598 3380 5669 Ἀπάγγειλόν
3393 5616 3511 5667 μοι,
3548 5594 3613 5650 ὃν

2056 5692 2371 5763 ἠγάπησεν
2412 5695 2446 5761 ἡ
2496 5691 2667 5759 ψυχή
2696 5708 2837 5760 μου,
2876 5690 2994 5744 ποῦ
3029 5692 3377 5759 ποιμαίνεις,
3428 5690 3463 5758 ἢ
3505 5683 3609 5743 ποῦ
