3874 6424
453 439 558 494 803

1742 427 1802 481 S.
1835 421 2166 483 GREGORll
2204 417 2502 475 NYSSENI

3638 412 3733 468 8M

454 566 503 611 et
563 570 724 624 pasce
785 550 964 608 ha‘dos
1013 548 1069 603 in
1123 545 1484 601 tabernaculis
1550 554 1851 613 pastorum.
1910 540 2047 595 Sen-

2171 539 2432 607 τοίμαινε
2460 535 2599 601 τοὺς
2628 529 2986 603 ἐρίφουςὲπὶ
3011 524 3365 601 σκηνώμασι
3390 527 3507 582 τῶν
3541 529 3732 597 ποιμέ-

457 664 555 705 sus
583 653 764 701 autem
795 645 988 698 horum
1019 640 1316 696 verborum
1349 648 1432 695 est
1452 636 1780 692 manifestus
1816 650 1884 689 ex
1911 648 2047 688 con-

458 739 745 809 sequentia
780 750 973 790 eorum
997 750 1121 805 quae
1146 742 1276 788 sunt
1303 732 1645 788 examinata.
1675 728 2043 785 Constructio

458 838 639 884 autem
680 829 917 891 videtur,
976 825 1166 882 nescio
1216 824 1519 896 quomodo,
1563 838 1688 878 esse
1727 821 1909 875 minus
1958 821 2046 873 lu-

458 920 604 976 cida.
637 919 902 984 Quisnam
925 925 1010 973 est
1041 932 1172 988 ergo
1198 930 1398 972 sensus
1416 915 1441 968 ?
1460 913 1769 969 Tutissima
1799 928 1899 967 nos
1920 926 2047 965 con-

459 1010 719 1066 servandi
762 1010 927 1075 ratio,
981 1016 1065 1063 est
1099 1008 1344 1078 seipsnm
1393 1021 1501 1060 non
1545 1006 1826 1076 ignorare,
1869 1017 2048 1073 neque

459 1100 667 1174 aliquid
703 1100 849 1156 aliud
882 1115 1048 1171 quam
1098 1099 1247 1170 quod
1288 1099 1343 1153 in
1377 1114 1437 1155 se
1463 1105 1550 1154 est
1587 1096 1886 1159 videntem,
1931 1096 2051 1163 exi:

412 1194 697 1250 ’stimare
745 1193 989 1262 seipsum
1045 1191 1292 1262 aspicere
1326 1208 1339 1244 :
1375 1188 1519 1261 quod
1561 1188 1778 1259 quidem
1807 1187 1877 1241 iis
1902 1185 2050 1241 acci-

462 1283 542 1339 dit
564 1284 655 1354 qui
693 1284 909 1355 seipsos
933 1298 1041 1336 non
1091 1282 1534 1347 considerantes,
1590 1280 1762 1344 vires,
1812 1286 1905 1333 aut
1928 1276 2051 1349 pul-

459 1380 848 1442 chritudinem,
882 1387 978 1431 aut
1006 1375 1262 1447 gloriam,
1306 1384 1401 1429 aut
1439 1373 1766 1444 potentiam,
1819 1378 1914 1425 aut
1949 1368 2045 1422 ali-

460 1487 600 1544 quas
638 1471 776 1525 alias
802 1469 1117 1532 facultates,
1149 1472 1244 1521 aut
1280 1465 1629 1532 l'astum,_aut
1655 1462 1905 1533 corporis
1936 1476 2054 1515 mo-

462 1565 569 1621 lem
609 1578 675 1617 ac
703 1558 1161 1639 magnitudinem,
1194 1565 1288 1611 aut
1320 1555 1516 1611 formae
1554 1554 1911 1624 elegantiam,
1958 1561 2055 1606 aut

465 1653 675 1726 aliquid
710 1651 859 1707 aliud
884 1652 939 1705 in
973 1649 1174 1721 seipsis
1208 1646 1486 1711 videntes,
1518 1661 1578 1701 se
1613 1646 1752 1700 tales
1783 1658 1910 1701 esse
1939 1643 2057 1698 exi-

466 1746 715 1804 stimant.
780 1744 1081 1814 Propterea
1141 1749 1274 1796 sunt
1331 1738 1417 1794 sui
1459 1753 1570 1793 non
1613 1736 1715 1792 tuti
1762 1734 2050 1799 custodes,

2148 646 2292 683 νων.
2332 627 2551 689 Τούτων
2588 624 2644 678 δὲ
2672 624 2781 678 τῶν
2813 622 3077 696 ῥημάτων
3102 622 3137 693 ἡ
3179 621 3277 692 μὲν
3302 620 3513 675 διάνοια
3539 618 3731 690 πρόῐη-

2148 721 2240 787 λέος
2279 723 2344 775 ἑκ
2375 721 2474 792 τῆς
2501 717 2612 772 τῶν
2659 714 3059 783 ἐξετασθέντων
3105 712 3428 777 ἀκολουθίας
3472 712 3661 778 ἐστὶν,
3702 713 3731 780 ἠ

2147 814 2205 868 δὲ
2237 810 2488 876 σύνταξις
2523 810 2669 863 δοκεῖ
2709 825 2825 870 πως
2862 806 2964 877 τὴν
2992 804 3263 874 ἀσάφειαν
3306 802 3475 874 ἔχειν.
3510 802 3612 864 Τίς
3651 797 3735 856 οὖν

2149 906 2183 977 ὴ
2212 904 2419 959 διάνοια
2444 916 2461 966 ;
2497 897 2931 971 Ἀσφαλέστατόν
2957 900 3073 951 ἑστι
3104 896 3474 967 φυλακτήριον
3498 889 3535 965 ἧ
3545 894 3663 966 μῶν
3684 895 3736 946 τὸ

2150 994 2341 1050 ἑαυτὸν
2402 992 2476 1065 μὴ
2520 992 2810 1062 ἀγνοῆσαι,
2844 987 2979 1061 μηδέ
3017 1004 3071 1042 τι
3107 985 3236 1041 ἀλλο
3270 985 3381 1039 τῶν
3412 985 3549 1057 περὶ
3584 982 3735 1038 αὑςδν

2152 1084 2441 1157 βλέποντα,
2481 1079 2672 1135 ἑαυτὸν
2707 1078 2917 1133 οἴεσθαι
2950 1077 3201 1148 βλέπειν
3233 1076 3372 1146 ὅπερ
3406 1074 3473 1146 δὴ
3500 1074 3736 1143 πάσχου-

2153 1193 2237 1230 σιν
2263 1177 2312 1228 οί
2334 1172 2542 1227 ἑαυτῶν
2572 1171 2984 1232 ἀνεπίσκεπτοι,
3017 1165 3226 1238 ἰσχὺνῆ
3260 1165 3479 1230 κάλλος,
3503 1165 3540 1235 ἢ
3569 1164 3734 1230 δόξαν,

2151 1267 2185 1340 ἢ
2220 1264 2559 1329 δυναστείαν,
2590 1264 2625 1333 ἡ
2668 1279 2790 1316 τινα
2825 1262 3055 1315 πλούτου
3105 1260 3444 1334 περιουσίαν,
3488 1257 3524 1328 ἢ
3556 1252 3735 1323 τῦφον,

2152 1358 2187 1429 ἢ
2215 1357 2396 1425 ὄγκον,
2430 1355 2463 1426 ἦ
2495 1354 2744 1425 σώματος
2779 1352 3027 1424 μέγεθος,
3059 1352 3092 1424 ἥ
3133 1355 3348 1424 μορφῆς
3381 1345 3736 1419 εὖμοιρίαν,ἢ

2154 1448 2283 1504 ἄλλο
2312 1466 2365 1501 τι
2392 1446 2630 1501 τοιοῦτον
2670 1446 2729 1498 ἑν
2763 1446 2975 1509 ἑαυτοῖς
3008 1442 3586 1517 ὁρῶντες,’τοιοὺτους
3625 1440 3741 1492 ἑαυ-

2156 1542 2282 1604 τοὺς
2320 1534 2459 1593 εἶναι
2498 1537 2802 1607 νομίξουσι.
2845 1537 2945 1590 Διά
2988 1536 3148 1591 τοῦτο
3194 1536 3455 1608 σφαλεροὶ
3505 1531 3740 1602 φύλακές

2156 1635 2295 1688 εἰσιν
2322 1633 2554 1697 ἑαυτῶν,
2602 1634 2671 1704 τῇ
2720 1632 2849 1703 περὶ
2880 1630 2944 1684 τὸ
2976 1631 3256 1701 ἀλλότριον
3289 1629 3495 1699 σχέσει,
3538 1624 3740 1694 ﬁgula-

2158 1744 2286 1784 κτον
2316 1724 2679 1797 περιορῶντες
2706 1722 2766 1776 τὸ
2795 1722 2943 1776 ἴδιον.
2982 1721 3109 1785 Πῶς
3132 1721 3239 1793 γάρ
3268 1722 3331 1776 άν
3356 1737 3440 1783 τις
3460 1717 3747 1788 φυλάξειεν

465 1856 565 1912 per
601 1832 975 1892 habitudinem
1001 1831 1069 1889 ad
1100 1833 1368 1897 alienum,
1393 1831 1678 1904 proprium
1715 1828 2058 1901 negligentes

2171 1820 2187 1875 5
2224 1820 2299 1892 μὴ
2342 1816 2660 1883 ἐπίσταταις
2713 1812 2923 1868 Οὐκοῦν
2970 1813 3353 1881 ἀσφαλεστάτη
3393 1808 3614 1881 φρουρά
3646 1807 3743 1860 τῶν

466 1928 886 1987 incustoditum.
951 1924 1431 1993 Quemadmodum
1504 1923 1651 1978 enim
1729 1921 2061 1976 custodierit

2171 1915 2219 1967 ἑν
2274 1913 2410 1982 ἡμῖν
2451 1907 2691 1976 ἀγαθῶν,
2742 1905 2805 1959 τὸ
2852 1906 3080 1969 ἑαυτοὺς
3131 1904 3205 1976 μὴ
3253 1905 3490 1972 ἀγνοεῖν,
3544 1899 3641 1953 καὶ
3688 1897 3742 1950 τὸ

466 2023 740 2096 quispiam
777 2019 829 2074 id
850 2020 998 2091 quod
1033 2018 1249 2073 nescit?
1275 2015 1477 2072 Eorum
1511 2031 1644 2084 ergo
1675 2029 1797 2085 quae
1839 2014 1970 2068 sunt
2003 2012 2057 2066 in

466 2116 626 2172 nobis
658 2114 928 2168 bonorum
960 2108 1459 2167 custodiendo'rum
1496 2115 1583 2163 est
1629 2105 1906 2162 tutissima
1968 2120 2060 2159 ra-

468 2205 569 2263 tio,
597 2203 837 2271 seipsum
875 2214 985 2253 non
1030 2200 1311 2267 ignorare,
1364 2203 1667 2266 exacteque
1700 2203 1756 2251 et
1801 2203 2062 2251 accurate

470 2311 531 2350 se
555 2293 700 2348 scire
727 2301 1176 2361 unumquemque
1203 2289 1335 2360 quid
1368 2287 1462 2351 sit,
1489 2298 1543 2343 et
1566 2287 1812 2359 seipsum
1848 2288 2057 2342 discer-

471 2403 602 2443 nere
638 2386 705 2439 ab
736 2385 804 2440 iis
836 2399 959 2453 quae
986 2393 1115 2438 sunt
1145 2383 1296 2437 circa
1322 2397 1404 2444 se,
1452 2396 1520 2436 ne
1574 2380 1896 2452 imprudens
1929 2381 2064 2436 alie-

473 2492 606 2533 num
647 2490 746 2546 pro
775 2474 962 2543 seipso
1002 2473 1300 2528 custodiat.
1336 2473 1441 2541 Qui
1472 2473 1621 2529 enim
1646 2473 1846 2543 aspicit
1885 2471 1953 2527 ad
1983 2473 2065 2527 vi-

474 2577 585 2623 tam
618 2581 741 2635 quae
798 2564 981 2635 agitur
1037 2565 1091 2619 in
1131 2564 1232 2619 hoc
1284 2564 1514 2630 mundo,
1558 2572 1612 2620 et
1656 2580 1777 2634 quae
1810 2565 1897 2621 hic
1938 2573 2067 2620 sunt

475 2662 717 2734 pretiosa
746 2658 1031 2715 existimat
1063 2656 1231 2727 digna
1266 2672 1389 2727 quze
1436 2654 1845 2723 custodiantur,
1885 2657 2066 2713 nescit

472 2754 791 2809 discernere
825 2749 1110 2822 proprium
1154 2750 1224 2803 ab
1255 2747 1624 2803 alieno.Nihil
1648 2750 1795 2804 enim
1839 2758 1923 2805 est
1967 2764 2063 2804 no-

473 2856 650 2903 strum
682 2858 873 2900 eorum
896 2856 1018 2913 quae
1053 2847 1365 2896 transeunt.
1391 2839 1686 2907 Quomodo
1720 2841 1866 2897 enim
1886 2841 2065 2896 domi-

473 2944 663 2993 natum
692 2933 998 2990 obtinueris
1029 2934 1087 2986 in
1128 2930 1183 2986 id
1209 2931 1355 3003 quod
1393 2932 1595 2987 transit
1625 2942 1680 2988 et
1713 2930 1877 2987 ﬂuit?
1920 2931 2060 2987 Cum

475 3043 610 3101 ergo
635 3042 699 3083 ea
730 3042 853 3097 quas
881 3024 1245 3095 intelligentia
1274 3025 1579 3095 percipitur
1619 3031 1674 3079 et
1703 3032 1790 3080 est
1821 3023 2069 3080 materiae

474 3134 676 3190 expers
702 3126 923 3183 natura,
949 3115 1169 3171 stabilis
1224 3115 1319 3182 sit,
1358 3122 1412 3170 et
1448 3130 1670 3187 semper
1713 3116 1970 3172 similiter
2013 3124 2069 3171 et

477 3209 673 3265 eodem
720 3204 885 3263 modo
934 3222 997 3263 se
1044 3205 1284 3275 habeat;
1322 3214 1572 3261 transeat
1608 3215 1792 3264 autem
1837 3209 2066 3264 materia
2093 3242 2139 3301 ο

477 3318 577 3375 per
604 3301 815 3356 ﬂuxum
836 3295 1130 3372 quemdam
1143 3309 1198 3355 et
1228 3309 1439 3354 motum
1469 3316 1691 3372 semper
1718 3310 1927 3357 mutata
1945 3322 1958 3359 :
1979 3318 2077 3359 ne-

477 3411 637 3454 cesse
666 3402 750 3452 est
782 3403 842 3449 ut
865 3397 961 3465 qui
994 3395 1063 3450 ab
1094 3409 1161 3449 eo
1183 3393 1327 3465 quod
1361 3402 1821 3465 stat,separatur,
1838 3398 2071 3452 omnino

477 3487 909 3545 circumferatur
946 3502 1074 3542 cum
1118 3501 1183 3541 eo
1227 3486 1377 3557 quod
1416 3496 1503 3543 est
1555 3488 1851 3552 instabile;
1878 3498 1935 3544 et
1971 3490 2069 3561 qui

479 3580 828 3651 persequitur
853 3579 906 3634 id
935 3577 1082 3650 quod
1122 3579 1344 3641 transit,
1398 3586 1454 3634 et
1487 3579 1754 3650 relinquit
1802 3580 1858 3635 id
1912 3581 2064 3653 quod

470 3680 568 3729 est
610 3672 833 3735 stabile,
869 3680 1106 3742 utroque
1131 3669 1534 3733 frustratur,ut
1565 3670 1910 3740 quialterum
1940 3670 2069 3741 qui-

480 3760 605 3820 dem
635 3762 902 3828 dimittat,
956 3762 1194 3817 alterum
1236 3775 1367 3816 vero
1407 3742 1516 3815 non
1575 3762 1752 3832 possit
1809 3760 2065 3817 retinere.

481 3853 774 3925 Propterea
806 3853 1112 3908 amicorum
1146 3852 1334 3921 sponsi
1367 3852 1662 3906 consilium
1690 3851 1828 3906 dicit
1851 3866 1915 3906 ea
1947 3865 2072 3922 quae

480 3943 630 3997 dicta
681 3948 833 4005 sunt,
892 3956 1091 4011 nempe
1125 3934 1223 3995 ι.ςί
1271 3955 1374 3993 non
1416 3956 1704 4011 cognoscas
1754 3942 2001 4008 teipsam,
2040 3956 2071 3994 ο

480 4034 707 4106 pulchra
727 4035 866 4089 inter
913 4033 1453 4102 mulieres,egredcre
1485 4033 1625 4085 tuin
1677 4034 1906 4103 restigiis
1951 4049 2073 4103 gre-

483 4141 642 4198 gum:
668 4135 717 4178 et
748 4139 902 4192 pasce
939 4123 1120 4177 haedos
1153 4131 1269 4177 tuos
1305 4125 1360 4176 in
1394 4122 1752 4177 tabernaculis
1775 4133 2074 4192 pastorum.

486 4218 603 4272 Hoc
642 4226 825 4273 autem
876 4223 983 4279 est,
1033 4215 1181 4285 quod
1229 4215 1324 4286 qui
1387 4215 1632 4286 seipsum
1686 4215 1981 4285 ignoravit,
2048 4231 2078 4271 a

428 4373 439 4383 μ
488 4323 657 4379 grege
687 4307 909 4379 quidem
942 4307 1192 4362 omnium
1217 4306 1446 4369 excidit,
1477 4306 1643 4361 simul
1670 4313 1853 4362 autem
1890 4308 2079 4378 pasci-

488 4411 579 4454 tur
607 4415 731 4454 cum
758 4396 951 4461 laedis,
986 4413 1223 4468 quorum
1251 4399 1419 4454 statio
1463 4398 1673 4468 rejecta
1708 4406 1795 4454 est
1834 4398 1904 4453 ad
1939 4400 2079 4454 sini-

488 4506 679 4557 sxram,
716 4508 839 4546 cum
864 4493 1044 4547 bonus
1094 4498 1286 4562 pastor
1318 4506 1450 4547 oves
1479 4491 1739 4548 statuerit
1773 4508 1802 4546 a
1846 4493 2081 4560 dextris,

2161 2004 2366 2074 γνῶναι
2419 2002 2651 2057 ἕκαστον
2705 1998 2898 2053 ἑαυτὸν
2958 1998 3095 2071 ὅπερ
3151 1997 3289 2058 ἐστὶ,
3344 1997 3439 2049 καὶ
3509 1991 3742 2063 ἀκριϐῶς

2163 2096 2355 2152 ἑαυτὸν
2400 2094 2508 2149 ἀπὸ
2549 2092 2659 2146 τῶν
2714 2092 2844 2162 περὶ
2876 2089 3039 2143 αὑτὸν
3079 2086 3397 2159 διακρίνειν,
3435 2086 3517 2150 ὡς
3568 2086 3633 2138 ἂν
3677 2080 3742 2154 μὴ

2161 2191 2312 2247 λάθοι
2350 2188 2639 2258 φυλάσσων
2674 2184 2790 2240 ἀνθ’
2835 2180 3030 2238 ἑαυτοῦ
3081 2180 3143 2235 τὸ
3184 2180 3480 2251 ἀλλότριον.
3533 2178 3594 2232 '0
3642 2175 3740 2244 γὰρ

2165 2283 2303 2356 πρὸς
2330 2279 2427 2350 τὴν
2473 2280 2531 2332 ἑν
2572 2275 2651 2349 τῷ
2688 2275 2880 2347 κόσμῳ
2906 2273 3083 2344 τούτῳ
3113 2273 3324 2344 βλέπων
3351 2271 3520 2342 ζωὴν,
3551 2268 3646 2322 καὶ
3680 2266 3740 2319 τὰ

2164 2372 2401 2429 ἐνταῦθα
2446 2370 2604 2442 τίμια
2650 2367 2899 2438 φυλακῆς
2949 2365 3076 2432 ἄξια
3122 2365 3345 2436 κρίνων,
3395 2362 3497 2415 οὐκ
3544 2357 3652 2414 οἶδε
3690 2356 3743 2409 τὸ

2168 2470 2295 2523 ἴδιον
2328 2467 2602 2536 διακρῖναι
2622 2461 2715 2518 τοῦ
2745 2461 3047 2533 ἀλλοτρίου.
3079 2459 3243 2514 Οὐδὲν
3271 2456 3381 2529 γὰρ
3407 2456 3519 2533 τῶν
3555 2469 3743 2525 παρερ-

2166 2560 2413 2633 χομένων
2459 2558 2606 2611 ἐστὶν
2650 2556 2941 2628 ἡμέτερον.
2973 2552 3099 2616 Πῶς
3120 2550 3228 2622 γὰρ
3255 2550 3320 2605 άν
3343 2566 3427 2617 τις
3456 2546 3741 2619 κρατήσειε

2166 2653 2261 2707 τοῦ
2313 2648 2608 2722 παροδικοῦ
2653 2665 2717 2701 τε
2757 2649 2851 2701 καὶ
2901 2646 3152 2718 ρέοντοςς
3198 2642 3350 2696 Ἐπεὶ
3379 2636 3472 2695 οὖν
3520 2640 3742 2711 ἔμμονον

2168 2742 2263 2798 καὶ
2289 2740 2552 2804 ὡσαύτως
2580 2738 2694 2810 ἔχει
2731 2739 2766 2808 ὴ
2804 2737 2968 2807 νοητή
2995 2752 3051 2787 τε
3082 2735 3176 2788 καὶ
3205 2732 3369 2795 άῦλος
3400 2730 3566 2800 φύσις
3586 2771 3601 2792 ,
3632 2729 3667 2799 ἡ
3693 2725 3742 2778 δὲ

2170 2836 2273 2906 ὕλη
2302 2834 2637 2905 παρέρχεται
2659 2830 2746 2883 διὰ
2779 2831 2907 2900 ῥοῆς
2932 2844 3078 2890 τινος
3110 2826 3203 2880 καί
3233 2824 3501 2895 κινήσεως
3523 2824 3741 2875 πάντοτε

2169 2924 2546 2996 ἀλλοιουμένην
2578 2919 2894 2991 ἀναγκαίως
2921 2921 2950 2973 ὁ
2978 2917 3072 2972 τοῦ
3102 2917 3337 2981 ἑστῶτος
3366 2915 3741 2985 χωριζόμενος,

2169 3018 2247 3089 τῷ
2275 3013 2597 3071 ἀστατοῦντι
2643 3012 2863 3076 πάντως
2910 3008 3434 3090 ῳμπαραφὲρεται·
3489 3005 3586 3058 καὶ
3622 3004 3650 3055 ὁ
3690 3000 3742 3052 τὸ

2172 3111 2582 3187 παρερχόμενον
2627 3107 2721 3163 καὶ
2756 3106 2816 3161 τὸ
2855 3104 3010 3169 ἑστὸς
3052 3099 3388 3165 καταλιπὼν,
3432 3097 3743 3187 ἀμφοτέρων

2170 3185 2551 3278 διαμαρτάνει,
2576 3199 2638 3255 τὸ
2664 3200 2762 3272 μὲν
2792 3197 2995 3268 ἀφιεὶς,
3025 3196 3086 3249 τὸ
3116 3187 3173 3249 δὲ
3201 3191 3450 3263 κατέχειν
3479 3189 3559 3262 μὴ
3599 3185 3743 3278 δυνά·

2183 3276 2363 3369 μενος,
2402 3291 2503 3346 Διά
2537 3288 2693 3344 τοῦτό
2738 3304 2904 3359 φησιν
2947 3288 2981 3357 ή
3023 3284 3130 3339 τῶν
3184 3283 3354 3354 φίλων
3396 3281 3490 3335 τοῦ
3525 3276 3743 3350 νυμφίου

2180 3386 2461 3461 συμϐουλὴ
2501 3384 2573 3439 τὰ
2615 3382 2884 3454 εἰρημένα
2945 3379 3027 3433 ὅτι
3066 3379 3207 3431 Ἐὰν
3253 3372 3540 3460 μὴγνῷς
3578 3383 3744 3425 σεαυ-

2176 3482 2313 3552 τὴν,
2340 3479 2380 3544 ἡ
2414 3475 2572 3545 καλὴ
2601 3476 2671 3530 ὲν
2694 3471 2990 3545 γυναιξὶν,
3029 3469 3239 3535 ἔξελθε
3270 3465 3353 3520 σὺ
3383 3465 3454 3518 ὲν
3481 3462 3743 3530 πτέρναις

2175 3578 2295 3635 τῶν
2341 3573 2634 3644 ποιμνίων
2658 3588 2671 3602 ·
2716 3568 2815 3624 καί
2866 3570 3141 3639 scalptura
3185 3564 3328 3631 τοὺς
3369 3563 3616 3632 ἐρίφους
3655 3557 3741 3612 ἐπὶ

2174 3668 2534 3737 σκηνώμασι
2570 3662 2693 3717 τῶν
2718 3659 3035 3729 ποιμένων.
3066 3657 3237 3712 Τοῦτο
3274 3656 3333 3710 δέ
3371 3659 3487 3709 ἑστι
3523 3656 3605 3721 τί;
3638 3652 3742 3705 Ὅτι

2176 3765 2205 3817 ὁ
2238 3758 2429 3814 ἑαυτὸν
2458 3755 2735 3826 ἀγνοήσας
2762 3752 3021 3805 ἑκπίπτει
3054 3748 3153 3821 μὲν
3190 3749 3292 3819 τῆς
3326 3747 3437 3800 τῶν
3472 3746 3741 3816 προϐάτων

2178 3852 2402 3922 ἀγέλης,
2451 3849 2714 3916 σύννομος
2743 3845 2800 3898 δὲ
2830 3842 3040 3911 γίνεται
3068 3843 3182 3904 τοῖς
3211 3838 3442 3909 ἑρίφοις,
3470 3832 3546 3892 ὧν
3572 3839 3605 3908 ἠ
3631 3833 3744 3889 crd-

2183 3962 2267 4009 σις
2298 3944 2391 3998 ἐπὶ
2422 3941 2482 3995 τὸ
2515 3937 2700 3993 σκαιὸν
2737 3933 2999 4004 ἀπεώσθη
3018 3950 3031 3963 ’
3069 3932 3213 3987 οὓτω
3243 3931 3337 3986 τοῦ
3375 3928 3543 3984 καλοῦ
3567 3924 3743 3996 ποιμέ-

2183 4057 2292 4103 νος,
2323 4040 2389 4091 ὲκ
2434 4030 2623 4098 δεξιῶν
2656 4029 2756 4101 μὲν
2788 4027 2856 4081 τά
2895 4025 3145 4098 πρόϐατα
3193 4025 3522 4094 στήσαντος,
3568 4013 3740 4088 ἀφορί-

2180 4144 2373 4192 σαντος
2412 4126 2471 4180 δὲ
2507 4126 2605 4194 τῆς
2643 4120 2954 4193 κρείττονος
2991 4116 3196 4188 λήξεως
3239 4114 3331 4168 ἐπὶ
3374 4113 3437 4167 τὸ
3478 4106 3742 4182 ἀριστερὸν

2176 4221 2248 4276 τά
2273 4219 2479 4291 ἑρίφια.
2510 4215 2684 4269 Τοῦτο
2721 4210 2900 4266 τοίνυν
2935 4212 3002 4263 ὲκ
3028 4210 3129 4280 τῆς
3154 4206 3266 4261 τῶν
3294 4206 3463 4275 φίλων
3490 4204 3586 4257 τοῦ
3623 4206 3742 4270 νυμ-

2178 4313 2304 4383 φίου
2335 4307 2644 4381 συμϐουλῆς
2675 4302 3062 4373 παιδευόμεθα,
3083 4300 3145 4374 τὸ
3182 4299 3294 4354 δεῖν
3336 4300 3419 4370 είς
3446 4297 3614 4368 αὐτὴν
3642 4291 3743 4364 βλέ-

2184 4417 2307 4459 πειν
2335 4401 2437 4474 τὴν
2477 4399 2587 4454 τῶν
2634 4396 2987 4470 πραγμάτων.
3025 4393 3209 4464 φύσιν,
3251 4394 3345 4447 καῖ
3371 4391 3445 4463 μὴ
3485 4390 3739 4453 πεπλανη-

2186 4495 2369 4567 μένοις
2396 4493 2568 4563 ίχνεσι
2601 4491 2704 4560 τῆς
2723 4486 2986 4558 ἀληθείας
3016 4482 3549 4556 παραστοχάξεσθαι.

489 4583 676 4638 haedos
705 4590 888 4638 autem
925 4598 955 4637 a
993 4582 1206 4637 meliori
1242 4589 1392 4637 sorte
1423 4584 1798 4654 segregaverit
1843 4584 1911 4638 ad
1943 4584 2252 4641 sinistram.
2284 4584 2362 4638 Ex
2394 4583 2713 4637 amicorum'
2733 4595 2866 4650 ergo
2931 4577 3121 4647 sponsi
3182 4572 3419 4629 consilio
3473 4570 3740 4628 discimus}

488 4686 748 4746 oportere
775 4673 1021 4743 aspicere
1046 4673 1114 4728 ad
1145 4674 1319 4744 ipsam
1351 4688 1532 4729 rerum
1565 4682 1843 4741 naturam,
1881 4684 1937 4730 et
1972 4690 2085 4731 non
2119 4675 2372 4746 vestigiis
2392 4673 2709 4729 errantibus
2753 4687 2784 4725 a
2822 4669 3053 4726 veritate
3094 4669 3375 4722 aberrare.

566 4765 708 4820 Sunt
728 4773 913 4818 autem
952 4765 1067 4818 hzec
1097 4765 1264 4818 verba
1298 4763 1505 4818 clarius
1533 4765 1884 4835 explicanda.
1919 4763 2068 4820 Multi

2277 4765 2622 4834 Σαφέστερον
2668 4762 2727 4816 δὲ
2782 4759 2888 4832 χρὴ
2937 4759 3031 4813 τὸν
3075 4757 3207 4828 περὶ⁹
3250 4756 3456 4810 τούτων
3511 4750 3741 4807 ἐκθέσθαί

490 4859 746 4915 homines
801 4870 911 4910 non
949 4855 1204 4926 judicant
1241 4855 1345 4926 ipsi
1391 4854 1852 4926 quemadmodum
1896 4872 1957 4912 se
1997 4857 2089 4910 ha-

454 4946 458 4950 ’
493 4953 661 5008 beant
684 4964 773 5004 res
806 4945 1035 5011 naturae,
1086 4947 1183 5004 sed
1224 4962 1417 5003 eorum
1451 4947 1546 5018 qui
1578 4947 1835 5003 vixerunt
1869 4947 2089 5001 intuen-

492 5052 577 5103 tes
598 5042 1082 5108 consuetudinem,
1104 5041 1368 5097 alierrant
1394 5056 1424 5096 a
1458 5055 1597 5096 sano
1626 5055 1813 5095 rerum
1844 5040 2084 5110 judicio,

495 5154 602 5194 non
644 5135 971 5208 prudentem
1024 5134 1268 5204 aliquam
1312 5133 1821 5195 ratiocinationem,
1857 5131 1954 5188 sed
1999 5145 2092 5185 ra-

495 5230 666 5286 tionis
737 5236 1020 5299 expertem
1080 5224 1542 5282 consuetudinem
1593 5224 1724 5280 boni
1761 5230 1817 5279 et
1873 5223 2093 5278 honesti

494 5322 903 5378 constituentes
928 5320 1197 5391 iudicem,
1244 5316 1392 5373 unde
1425 5317 1639 5387 seipsos
1686 5316 1997 5387 provehunt
2023 5312 2094 5369 ad

498 5412 726 5484 imperia
763 5418 819 5468 et
871 5414 1257 5485 magistratus,
1280 5411 1635 5480 honoresque
1664 5418 1721 5465 et
1767 5406 2095 5478 splendores

382 5520 403 5537 ·
497 5506 590 5575 qui
631 5513 758 5558 sunt
789 5504 844 5559 in
867 5505 973 5560 hoc
1004 5506 1308 5569 mundo,et
1333 5499 2093 5574 magnifaciuntmundanam

500 5596 798 5665 potentiam
830 5605 887 5653 et
919 5597 1388 5669 magnitudinem,
1413 5610 1537 5650 cum
1570 5594 1644 5649 sit
1674 5592 1950 5647 incertum
1980 5605 2093 5661 quo

499 5688 574 5742 sit
603 5690 1036 5759 unumquodque
1060 5706 1251 5745 eorum
1284 5687 1596 5744 rediturum
1648 5693 1775 5756 post
1821 5684 1966 5739 hanc
2007 5684 2093 5738 vi-

492 5780 640 5829 tam.
672 5768 787 5829 Non
816 5778 963 5832 enim
1000 5776 1067 5831 de
1092 5778 1292 5839 futuris
1335 5776 1470 5832 satis
1498 5784 1616 5831 tuto
1664 5773 1929 5845 [idejubet
1956 5788 2095 5829 con-

487 5860 762 5934 suetudo,
824 5868 985 5939 cujus
1030 5868 1153 5926 linis
1206 5884 1590 5941 Srpenumero
1638 5869 1918 5926 invenitur
1957 5883 2091 5940 grex

2186 4853 2365 4922 λόγον.
2402 4851 2598 4906 Πολλοὶ
2649 4849 2759 4903 τῶν
2804 4847 3106 4921 ἀνθρώπων
3149 4847 3253 4899 οὐκ
3294 4844 3447 4899 αὐτοὶ
3491 4844 3743 4913 κρίνουσιν

2186 4946 2337 5007 ὅπως
2388 4943 2502 5014 ἔχει
2555 4941 2626 4995 τὰ
2674 4941 2976 5012 πράγματά
3011 4936 3251 5007 φύσεως,
3297 4934 3439 4988 ἀλλὰ
3482 4934 3619 5002 πρὸς
3662 4928 3741 4997 τὴν

2189 5036 2477 5107 συνήθειαν
2515 5033 2622 5087 τῶν
2670 5030 3092 5103 προϐεϐηκότων
3144 5026 3407 5098 ὁρῶντες,
3457 5028 3553 5096 τῆς
3583 5020 3744 5093 ὑγιοῦς

2188 5129 2297 5182 τῶν
2316 5128 2484 5181 ὄντων
2511 5125 2750 5197 κρίσεως
2769 5123 3200 5195 ἁμαρτάνουσιν,
3233 5121 3335 5174 οὐκ
3374 5119 3619 5192 ἔμφρονά
3642 5128 3741 5168 τινα

2189 5219 2473 5291 λογισμὸν,
2506 5218 2642 5273 ἀλλά
2686 5216 2977 5288 συνήθειαν
3001 5214 3216 5283 ἄλογον,
3243 5212 3336 5266 τοῦ
3372 5212 3536 5266 καλοῦ
3575 5207 3742 5282 κριτή-

2193 5328 2309 5383 ριον
2342 5308 2811 5383 προϐαλλόμενον
2859 5306 2984 5405 ὅθεν
3017 5307 3097 5368 είς
3139 5304 3316 5376 ἀρχάς
3360 5320 3421 5357 τε
3475 5303 3565 5357 καὶ
3611 5302 3743 5355 δυνα-

2192 5401 2375 5464 στείας
2400 5401 2625 5463 ἑαυτοὺς
2648 5393 2957 5471 είσωθοῦἀι,
2980 5397 3071 5450 καὶ
3096 5395 3194 5459 τὰς
3221 5398 3280 5449 ὲν
3300 5393 3379 5465 τῷ
3407 5393 3593 5463 κόσμῳ
3613 5404 3745 5460 περι-

2194 5492 2421 5562 φανείας
2439 5531 2456 5556 .
2516 5490 2614 5547 καὶ
2669 5492 2797 5554 τοὺς
2851 5489 3070 5559 etuas;
3126 5488 3327 5557 ὄγκους
3384 5480 3513 5558 περὶ
3576 5476 3743 5538 πολλοῦ

2196 5584 2498 5652 ποιοῦνται,
2533 5583 2726 5654 ἄδηλον
2756 5582 2816 5636 ὃν
2843 5584 2924 5646 εἰς
2956 5583 2985 5636 ὅ
3033 5598 3087 5634 τι
3118 5580 3324 5636 τούτων
3353 5579 3580 5634 ἕκαστον
3602 5588 3746 5631 κατα-

2196 5681 2348 5752 λήξει
2383 5678 2523 5748 μετά
2556 5678 2647 5732 τὸν
2673 5679 2800 5750 τῇδε
2828 5677 2961 5748 βίον.
2996 5677 3071 5729 Οὐ
3097 5675 3205 5746 γάρ
3235 5672 3611 5745 ἀσφαλὴςᾙτῶν
3640 5667 3746 5743 μιλ-

2197 5773 2399 5827 λόντων
2438 5770 2712 5842 ἐγγυητὴς
2751 5770 2785 5841 ἡ
2822 5768 3096 5840 συνήθεια,
3127 5763 3197 5839 ἧς
3244 5766 3306 5819 τὸ
3359 5766 3526 5839 πέρας
3572 5764 3748 5835 ἐρίφων

2200 5864 2517 5935 εὑρίσκεται
2546 5843 2827 5932 πολλάκις,
2858 5861 2979 5931 οὐχὶ
3004 5859 3292 5931 προϐάτων
3320 5857 3508 5929 ἀγέλη.
3542 5849 3746 5918 Νοεξδὲ
