  <div class='ocr_page' id='page_1' title='image "/cluster/home/n/w/nwhite01/storage/ocr_20150623/44:no.1/coo.31924054869445/410.png"; bbox 0 0 3874 6404; ppageno 0'>
   <div class='ocr_carea' id='block_1_1' title="bbox 223 434 338 489">
    <p class='ocr_par' dir='ltr' id='par_1_1' title="bbox 223 434 338 489">
     <span class='ocr_line' id='line_1_1' title="bbox 223 434 338 489; baseline 0.009 -1"><span class='ocrx_word' id='word_1_1' title='bbox 223 434 338 489; x_wconf 77' lang='lat'><strong>305</strong></span> 
     </span>
    </p>
   </div>
   <div class='ocr_carea' id='block_1_2' title="bbox 1299 429 2436 489">
    <p class='ocr_par' dir='ltr' id='par_1_2' title="bbox 1299 429 2436 489">
     <span class='ocr_line' id='line_1_2' title="bbox 1299 429 2436 489; baseline -0.004 -1"><span class='ocrx_word' id='word_1_2' title='bbox 1299 432 1368 488; x_wconf 81' lang='lat' dir='ltr'><strong>IN</strong></span> <span class='ocrx_word' id='word_1_3' title='bbox 1396 431 1694 489; x_wconf 74' lang='lat' dir='ltr'><strong>CANTlCA</strong></span> <span class='ocrx_word' id='word_1_4' title='bbox 1727 429 1998 487; x_wconf 75' lang='lat' dir='ltr'><strong>CANTIC.</strong></span> <span class='ocrx_word' id='word_1_5' title='bbox 2046 430 2331 488; x_wconf 84' lang='lat' dir='ltr'><strong>HOMlLlA</strong></span> <span class='ocrx_word' id='word_1_6' title='bbox 2372 432 2436 486; x_wconf 89' lang='grc'><strong>11.</strong></span> 
     </span>
    </p>
   </div>
   <div class='ocr_carea' id='block_1_3' title="bbox 3389 424 3491 481">
    <p class='ocr_par' dir='ltr' id='par_1_3' title="bbox 3389 424 3491 481">
     <span class='ocr_line' id='line_1_3' title="bbox 3389 424 3491 481; baseline 0.029 -4"><span class='ocrx_word' id='word_1_7' title='bbox 3389 424 3491 481; x_wconf 83' lang='lat'><strong>806</strong></span> 
     </span>
    </p>
   </div>
   <div class='ocr_carea' id='block_1_4' title="bbox 223 546 1818 624">
    <p class='ocr_par' dir='ltr' id='par_1_4' title="bbox 223 551 1811 624">
     <span class='ocr_line' id='line_1_4' title="bbox 223 551 1811 624; baseline 0 -20"><span class='ocrx_word' id='word_1_8' title='bbox 223 552 449 615; x_wconf 60' lang='grc' dir='ltr'>πάντως</span> <span class='ocrx_word' id='word_1_9' title='bbox 477 551 567 605; x_wconf 60' lang='grc' dir='ltr'><strong>τὸν</strong></span> <span class='ocrx_word' id='word_1_10' title='bbox 605 551 762 621; x_wconf 84' lang='grc' dir='ltr'>λόγον</span> <span class='ocrx_word' id='word_1_11' title='bbox 794 553 859 606; x_wconf 76' lang='grc' dir='ltr'>ἐκ</span> <span class='ocrx_word' id='word_1_12' title='bbox 884 554 981 624; x_wconf 79' lang='grc' dir='ltr'><strong>τῆς</strong></span> <span class='ocrx_word' id='word_1_13' title='bbox 1019 551 1115 605; x_wconf 88' lang='grc' dir='ltr'><strong>τοῦ</strong></span> <span class='ocrx_word' id='word_1_14' title='bbox 1146 551 1479 621; x_wconf 82' lang='grc' dir='ltr'>Εὐαγγελίου</span> <span class='ocrx_word' id='word_1_15' title='bbox 1511 553 1710 622; x_wconf 83' lang='grc' dir='ltr'>φωνῆς.</span> <span class='ocrx_word' id='word_1_16' title='bbox 1751 552 1811 603; x_wconf 87' lang='grc'><strong>’0</strong></span> 
     </span>
    </p>
   </div>
   <div class='ocr_carea' id='block_1_5' title="bbox 1922 546 3494 624">
    <p class='ocr_par' dir='ltr' id='par_1_5' title="bbox 1922 546 3494 616">
     <span class='ocr_line' id='line_1_5' title="bbox 1922 546 3494 616; baseline -0.001 -14"><span class='ocrx_word' id='word_1_17' title='bbox 1922 548 2222 616; x_wconf 66' lang='lat' dir='ltr'><strong>haedorum,</strong></span> <span class='ocrx_word' id='word_1_18' title='bbox 2256 566 2366 606; x_wconf 88' lang='lat' dir='ltr'><strong>non</strong></span> <span class='ocrx_word' id='word_1_19' title='bbox 2391 549 2598 606; x_wconf 79' lang='lat' dir='ltr'><strong>ovium.</strong></span> <span class='ocrx_word' id='word_1_20' title='bbox 2633 548 2792 616; x_wconf 87' lang='lat' dir='ltr'><strong>Quod</strong></span> <span class='ocrx_word' id='word_1_21' title='bbox 2823 554 3006 604; x_wconf 89' lang='lat' dir='ltr'><strong>autem</strong></span> <span class='ocrx_word' id='word_1_22' title='bbox 3046 546 3172 603; x_wconf 84' lang='lat' dir='ltr'><strong>dico</strong></span> <span class='ocrx_word' id='word_1_23' title='bbox 3202 546 3363 616; x_wconf 84' lang='lat' dir='ltr'><strong>plane</strong></span> <span class='ocrx_word' id='word_1_24' title='bbox 3410 548 3494 601; x_wconf 86' lang='lat' dir='ltr'><strong>iu—</strong></span> 
     </span>
    </p>
   </div>
   <div class='ocr_carea' id='block_1_6' title="bbox 224 639 1810 715">
    <p class='ocr_par' dir='ltr' id='par_1_6' title="bbox 224 639 1810 715">
     <span class='ocr_line' id='line_1_6' title="bbox 224 639 1810 715; baseline 0.001 -23"><span class='ocrx_word' id='word_1_25' title='bbox 224 639 288 693; x_wconf 73' lang='grc' dir='ltr'><strong>δδ</strong></span> <span class='ocrx_word' id='word_1_26' title='bbox 339 640 475 711; x_wconf 75' lang='grc' dir='ltr'>πρὸς</span> <span class='ocrx_word' id='word_1_27' title='bbox 505 641 567 695; x_wconf 79' lang='grc' dir='ltr'>τὸ</span> <span class='ocrx_word' id='word_1_28' title='bbox 611 640 740 696; x_wconf 76' lang='grc' dir='ltr'>ἴδιον</span> <span class='ocrx_word' id='word_1_29' title='bbox 783 640 880 714; x_wconf 73' lang='grc' dir='ltr'><strong>τῆς</strong></span> <span class='ocrx_word' id='word_1_30' title='bbox 920 642 1269 715; x_wconf 80' lang='grc' dir='ltr'><strong>ἀνθρωπίνης</strong></span> <span class='ocrx_word' id='word_1_31' title='bbox 1311 641 1526 712; x_wconf 83' lang='grc' dir='ltr'>φύσεως</span> <span class='ocrx_word' id='word_1_32' title='bbox 1576 640 1810 712; x_wconf 82' lang='grc' dir='ltr'><strong>βλέπων,</strong></span> 
     </span>
    </p>
   </div>
   <div class='ocr_carea' id='block_1_7' title="bbox 221 735 1814 808">
    <p class='ocr_par' dir='ltr' id='par_1_7' title="bbox 221 735 1814 808">
     <span class='ocr_line' id='line_1_7' title="bbox 221 735 1814 808; baseline 0.001 -20"><span class='ocrx_word' id='word_1_33' title='bbox 221 735 391 789; x_wconf 77' lang='grc' dir='ltr'>τοῦτο</span> <span class='ocrx_word' id='word_1_34' title='bbox 425 735 484 790; x_wconf 81' lang='grc' dir='ltr'><strong>δέ</strong></span> <span class='ocrx_word' id='word_1_35' title='bbox 527 738 675 791; x_wconf 72' lang='grc' dir='ltr'>ἐστιν</span> <span class='ocrx_word' id='word_1_36' title='bbox 711 738 739 790; x_wconf 90' lang='lat'><strong>6</strong></span> <span class='ocrx_word' id='word_1_37' title='bbox 770 736 947 805; x_wconf 87' lang='grc' dir='ltr'>λόγος,</span> <span class='ocrx_word' id='word_1_38' title='bbox 993 738 1394 808; x_wconf 80' lang='grc' dir='ltr'><strong>καταφρονήσει</strong></span> <span class='ocrx_word' id='word_1_39' title='bbox 1428 737 1529 808; x_wconf 81' lang='grc' dir='ltr'>μὲν</span> <span class='ocrx_word' id='word_1_40' title='bbox 1564 737 1666 807; x_wconf 84' lang='grc' dir='ltr'><strong>τῆς</strong></span> <span class='ocrx_word' id='word_1_41' title='bbox 1692 737 1814 790; x_wconf 80' lang='grc' dir='ltr'>ἀλό-</span> 
     </span>
    </p>
   </div>
   <div class='ocr_carea' id='block_1_8' title="bbox 222 827 1813 902">
    <p class='ocr_par' dir='ltr' id='par_1_8' title="bbox 222 827 1813 902">
     <span class='ocr_line' id='line_1_8' title="bbox 222 827 1813 902; baseline 0.001 -22"><span class='ocrx_word' id='word_1_42' title='bbox 222 844 331 896; x_wconf 88' lang='grc' dir='ltr'><strong>γου</strong></span> <span class='ocrx_word' id='word_1_43' title='bbox 361 827 673 899; x_wconf 80' lang='grc' dir='ltr'>συνηθείας,</span> <span class='ocrx_word' id='word_1_44' title='bbox 704 828 859 883; x_wconf 76' lang='grc' dir='ltr'>οὐδὲν</span> <span class='ocrx_word' id='word_1_45' title='bbox 897 828 955 883; x_wconf 75' lang='grc' dir='ltr'>δὲ</span> <span class='ocrx_word' id='word_1_46' title='bbox 1002 827 1079 892; x_wconf 85' lang='grc' dir='ltr'><strong>ὡς</strong></span> <span class='ocrx_word' id='word_1_47' title='bbox 1120 829 1285 883; x_wconf 79' lang='grc' dir='ltr'>καλὸν</span> <span class='ocrx_word' id='word_1_48' title='bbox 1331 830 1634 902; x_wconf 79' lang='grc' dir='ltr'><strong>αἱρήσεται,</strong></span> <span class='ocrx_word' id='word_1_49' title='bbox 1666 829 1696 882; x_wconf 89' lang='lat'><strong>6</strong></span> <span class='ocrx_word' id='word_1_50' title='bbox 1738 830 1813 901; x_wconf 84' lang='grc' dir='ltr'>μὴ</span> 
     </span>
    </p>
   </div>
   <div class='ocr_carea' id='block_1_9' title="bbox 223 919 1816 994">
    <p class='ocr_par' dir='ltr' id='par_1_9' title="bbox 223 919 1816 994">
     <span class='ocr_line' id='line_1_9' title="bbox 223 919 1816 994; baseline 0.004 -22"><span class='ocrx_word' id='word_1_51' title='bbox 223 922 296 990; x_wconf 79' lang='grc' dir='ltr'>τῇ</span> <span class='ocrx_word' id='word_1_52' title='bbox 331 919 473 990; x_wconf 73' lang='grc' dir='ltr'>ψυχῇ</span> <span class='ocrx_word' id='word_1_53' title='bbox 510 920 665 991; x_wconf 80' lang='grc' dir='ltr'>φέρει</span> <span class='ocrx_word' id='word_1_54' title='bbox 695 920 757 974; x_wconf 84' lang='grc' dir='ltr'>τὸ</span> <span class='ocrx_word' id='word_1_55' title='bbox 803 920 1015 992; x_wconf 79' lang='grc' dir='ltr'><strong>κέρδος.</strong></span> <span class='ocrx_word' id='word_1_56' title='bbox 1051 921 1260 977; x_wconf 79' lang='grc' dir='ltr'>Οὐκοῦν</span> <span class='ocrx_word' id='word_1_57' title='bbox 1304 922 1366 976; x_wconf 81' lang='grc' dir='ltr'>οὐ</span> <span class='ocrx_word' id='word_1_58' title='bbox 1413 922 1519 994; x_wconf 88' lang='grc' dir='ltr'><strong>χρὴ</strong></span> <span class='ocrx_word' id='word_1_59' title='bbox 1570 923 1707 994; x_wconf 78' lang='grc' dir='ltr'>πρὸς</span> <span class='ocrx_word' id='word_1_60' title='bbox 1745 924 1816 978; x_wconf 89' lang='grc' dir='ltr'><strong>τά</strong></span> 
     </span>
    </p>
   </div>
   <div class='ocr_carea' id='block_1_10' title="bbox 227 1010 1816 1085">
    <p class='ocr_par' dir='ltr' id='par_1_10' title="bbox 227 1010 1816 1085">
     <span class='ocr_line' id='line_1_10' title="bbox 227 1010 1816 1085; baseline 0.004 -23"><span class='ocrx_word' id='word_1_61' title='bbox 227 1011 354 1083; x_wconf 75' lang='grc' dir='ltr'>ἴχνη</span> <span class='ocrx_word' id='word_1_62' title='bbox 388 1011 496 1065; x_wconf 89' lang='grc' dir='ltr'><strong>τῶν</strong></span> <span class='ocrx_word' id='word_1_63' title='bbox 531 1010 891 1083; x_wconf 82' lang='grc' dir='ltr'><strong>βοσκημάτων</strong></span> <span class='ocrx_word' id='word_1_64' title='bbox 929 1012 1166 1083; x_wconf 80' lang='grc' dir='ltr'><strong>βλέπειν,</strong></span> <span class='ocrx_word' id='word_1_65' title='bbox 1197 1012 1234 1067; x_wconf 78' lang='grc' dir='ltr'><strong>ἀ</strong></span> <span class='ocrx_word' id='word_1_66' title='bbox 1273 1013 1353 1082; x_wconf 82' lang='grc' dir='ltr'>τῷ</span> <span class='ocrx_word' id='word_1_67' title='bbox 1384 1013 1575 1082; x_wconf 84' lang='grc' dir='ltr'><strong>γεώδει</strong></span> <span class='ocrx_word' id='word_1_68' title='bbox 1603 1014 1701 1085; x_wconf 85' lang='grc' dir='ltr'><strong>βίῳ</strong></span> <span class='ocrx_word' id='word_1_69' title='bbox 1727 1014 1816 1068; x_wconf 83' lang='grc' dir='ltr'><strong>διὰ</strong></span> 
     </span>
    </p>
   </div>
   <div class='ocr_carea' id='block_1_11' title="bbox 222 1101 1813 1176">
    <p class='ocr_par' dir='ltr' id='par_1_11' title="bbox 222 1101 1813 1176">
     <span class='ocr_line' id='line_1_11' title="bbox 222 1101 1813 1176; baseline 0.003 -22"><span class='ocrx_word' id='word_1_70' title='bbox 222 1101 341 1154; x_wconf 90' lang='grc' dir='ltr'><strong>τῶν</strong></span> <span class='ocrx_word' id='word_1_71' title='bbox 368 1102 613 1172; x_wconf 88' lang='grc' dir='ltr'>πτερνῶν</span> <span class='ocrx_word' id='word_1_72' title='bbox 631 1104 758 1173; x_wconf 82' lang='grc' dir='ltr'>ὲνση</span> <span class='ocrx_word' id='word_1_73' title='bbox 768 1103 1043 1172; x_wconf 81' lang='grc' dir='ltr'><strong>μαίνονται</strong></span> <span class='ocrx_word' id='word_1_74' title='bbox 1064 1105 1114 1157; x_wconf 78' lang='lat' dir='ltr'><strong>oi</strong></span> <span class='ocrx_word' id='word_1_75' title='bbox 1139 1105 1543 1176; x_wconf 84' lang='grc' dir='ltr'>προωδευκότες</span> <span class='ocrx_word' id='word_1_76' title='bbox 1565 1105 1655 1159; x_wconf 83' lang='grc' dir='ltr'>τὸν</span> <span class='ocrx_word' id='word_1_77' title='bbox 1680 1106 1813 1176; x_wconf 78' lang='grc' dir='ltr'><strong>βίον⁹</strong></span> 
     </span>
    </p>
   </div>
   <div class='ocr_carea' id='block_1_12' title="bbox 227 1192 1855 1271">
    <p class='ocr_par' dir='ltr' id='par_1_12' title="bbox 227 1192 1855 1271">
     <span class='ocr_line' id='line_1_12' title="bbox 227 1192 1855 1271; baseline 0.004 -26"><span class='ocrx_word' id='word_1_78' title='bbox 227 1193 444 1263; x_wconf 85' lang='grc' dir='ltr'>ἀφανὴς</span> <span class='ocrx_word' id='word_1_79' title='bbox 475 1192 585 1265; x_wconf 84' lang='grc' dir='ltr'>γὰρ</span> <span class='ocrx_word' id='word_1_80' title='bbox 616 1196 680 1247; x_wconf 84' lang='grc' dir='ltr'>ὲκ</span> <span class='ocrx_word' id='word_1_81' title='bbox 702 1192 811 1249; x_wconf 88' lang='grc' dir='ltr'><strong>τῶν</strong></span> <span class='ocrx_word' id='word_1_82' title='bbox 845 1195 1187 1266; x_wconf 80' lang='grc' dir='ltr'>φαινομένων</span> <span class='ocrx_word' id='word_1_83' title='bbox 1225 1198 1258 1268; x_wconf 80' lang='grc' dir='ltr'><strong>ἡ</strong></span> <span class='ocrx_word' id='word_1_84' title='bbox 1290 1196 1385 1251; x_wconf 90' lang='grc' dir='ltr'><strong>τοῦ</strong></span> <span class='ocrx_word' id='word_1_85' title='bbox 1421 1199 1814 1271; x_wconf 85' lang='grc' dir='ltr'>προτιμοτέρου</span> <span class='ocrx_word' id='word_1_86' title='bbox 1844 1223 1855 1229; x_wconf 83' lang='grc'><strong>-</strong></span> 
     </span>
    </p>
   </div>
   <div class='ocr_carea' id='block_1_13' title="bbox 226 1277 1815 1358">
    <p class='ocr_par' dir='ltr' id='par_1_13' title="bbox 226 1277 1815 1358">
     <span class='ocr_line' id='line_1_13' title="bbox 226 1277 1815 1358; baseline 0.009 -30"><span class='ocrx_word' id='word_1_87' title='bbox 226 1277 432 1348; x_wconf 81' lang='grc' dir='ltr'>κρίσις,</span> <span class='ocrx_word' id='word_1_88' title='bbox 457 1278 562 1342; x_wconf 70' lang='grc' dir='ltr'>ἕως</span> <span class='ocrx_word' id='word_1_89' title='bbox 592 1279 660 1333; x_wconf 79' lang='grc' dir='ltr'>ἂν</span> <span class='ocrx_word' id='word_1_90' title='bbox 682 1280 787 1345; x_wconf 78' lang='grc' dir='ltr'><strong>ἔξω</strong></span> <span class='ocrx_word' id='word_1_91' title='bbox 806 1281 902 1334; x_wconf 90' lang='grc' dir='ltr'><strong>τοῦ</strong></span> <span class='ocrx_word' id='word_1_92' title='bbox 934 1281 1050 1353; x_wconf 84' lang='grc' dir='ltr'>βίου</span> <span class='ocrx_word' id='word_1_93' title='bbox 1075 1281 1381 1354; x_wconf 85' lang='grc' dir='ltr'>γενώμεθα,</span> <span class='ocrx_word' id='word_1_94' title='bbox 1404 1287 1567 1339; x_wconf 84' lang='grc' dir='ltr'>κάκεῖ</span> <span class='ocrx_word' id='word_1_95' title='bbox 1597 1287 1815 1358; x_wconf 82' lang='grc' dir='ltr'>γνῶμεν</span> 
     </span>
    </p>
   </div>
   <div class='ocr_carea' id='block_1_14' title="bbox 227 1368 1816 1446">
    <p class='ocr_par' dir='ltr' id='par_1_14' title="bbox 227 1368 1816 1446">
     <span class='ocr_line' id='line_1_14' title="bbox 227 1368 1816 1446; baseline 0.008 -27"><span class='ocrx_word' id='word_1_96' title='bbox 227 1368 376 1420; x_wconf 90' lang='grc' dir='ltr'>τίσιν</span> <span class='ocrx_word' id='word_1_97' title='bbox 422 1369 886 1442; x_wconf 76' lang='grc' dir='ltr'>ὴκολουθήσαμεν.</span> <span class='ocrx_word' id='word_1_98' title='bbox 928 1372 989 1425; x_wconf 85' lang='lat'><strong>&#39;0</strong></span> <span class='ocrx_word' id='word_1_99' title='bbox 1037 1373 1218 1427; x_wconf 89' lang='grc' dir='ltr'>τοίνυν</span> <span class='ocrx_word' id='word_1_100' title='bbox 1271 1374 1346 1446; x_wconf 85' lang='grc' dir='ltr'>μὴ</span> <span class='ocrx_word' id='word_1_101' title='bbox 1378 1375 1436 1442; x_wconf 78' lang='grc' dir='ltr'>ἐξ</span> <span class='ocrx_word' id='word_1_102' title='bbox 1482 1377 1660 1431; x_wconf 81' lang='grc' dir='ltr'>αὐτῶν</span> <span class='ocrx_word' id='word_1_103' title='bbox 1707 1377 1816 1431; x_wconf 81' lang='grc' dir='ltr'><strong>τῶν</strong></span> 
     </span>
    </p>
   </div>
   <div class='ocr_carea' id='block_1_15' title="bbox 228 1459 1818 1537">
    <p class='ocr_par' dir='ltr' id='par_1_15' title="bbox 228 1459 1818 1537">
     <span class='ocr_line' id='line_1_15' title="bbox 228 1459 1818 1537; baseline 0.007 -26"><span class='ocrx_word' id='word_1_104' title='bbox 228 1459 575 1530; x_wconf 83' lang='grc' dir='ltr'><strong>πραγμάτων</strong></span> <span class='ocrx_word' id='word_1_105' title='bbox 597 1460 888 1534; x_wconf 87' lang='grc' dir='ltr'>διακρίνων</span> <span class='ocrx_word' id='word_1_106' title='bbox 909 1463 970 1517; x_wconf 80' lang='grc' dir='ltr'>τὸ</span> <span class='ocrx_word' id='word_1_107' title='bbox 998 1463 1161 1518; x_wconf 82' lang='grc' dir='ltr'>καλὸν</span> <span class='ocrx_word' id='word_1_108' title='bbox 1182 1466 1248 1518; x_wconf 82' lang='grc' dir='ltr'>ὲκ</span> <span class='ocrx_word' id='word_1_109' title='bbox 1278 1464 1373 1518; x_wconf 88' lang='grc' dir='ltr'><strong>τοῦ</strong></span> <span class='ocrx_word' id='word_1_110' title='bbox 1394 1467 1655 1537; x_wconf 86' lang='grc' dir='ltr'>χείρονος,</span> <span class='ocrx_word' id='word_1_111' title='bbox 1681 1468 1818 1522; x_wconf 86' lang='grc' dir='ltr'><strong>ἀλλά</strong></span> 
     </span>
    </p>
   </div>
   <div class='ocr_carea' id='block_1_16' title="bbox 226 1550 1814 1631">
    <p class='ocr_par' dir='ltr' id='par_1_16' title="bbox 226 1550 1814 1631">
     <span class='ocr_line' id='line_1_16' title="bbox 226 1550 1814 1631; baseline 0.007 -29"><span class='ocrx_word' id='word_1_112' title='bbox 226 1553 346 1612; x_wconf 87' lang='grc' dir='ltr'>τοῖς</span> <span class='ocrx_word' id='word_1_113' title='bbox 381 1550 548 1621; x_wconf 86' lang='grc' dir='ltr'>ῐχνεσι</span> <span class='ocrx_word' id='word_1_114' title='bbox 576 1553 683 1607; x_wconf 88' lang='grc' dir='ltr'><strong>τῶν</strong></span> <span class='ocrx_word' id='word_1_115' title='bbox 711 1555 1134 1625; x_wconf 78' lang='grc' dir='ltr'><strong>προωδευκότων</strong></span> <span class='ocrx_word' id='word_1_116' title='bbox 1176 1556 1460 1628; x_wconf 81' lang='grc' dir='ltr'>ἑπόμενος,</span> <span class='ocrx_word' id='word_1_117' title='bbox 1483 1558 1581 1629; x_wconf 84' lang='grc' dir='ltr'>τὴν</span> <span class='ocrx_word' id='word_1_118' title='bbox 1612 1560 1814 1631; x_wconf 88' lang='grc' dir='ltr'>παρελ-</span> 
     </span>
    </p>
   </div>
   <div class='ocr_carea' id='block_1_17' title="bbox 230 1640 1818 1723">
    <p class='ocr_par' dir='ltr' id='par_1_17' title="bbox 230 1640 1818 1723">
     <span class='ocr_line' id='line_1_17' title="bbox 230 1640 1818 1723; baseline 0.008 -29"><span class='ocrx_word' id='word_1_119' title='bbox 230 1640 437 1695; x_wconf 86' lang='grc' dir='ltr'>θοῦσαν</span> <span class='ocrx_word' id='word_1_120' title='bbox 464 1644 559 1696; x_wconf 86' lang='grc' dir='ltr'><strong>τοῦ</strong></span> <span class='ocrx_word' id='word_1_121' title='bbox 583 1644 697 1715; x_wconf 82' lang='grc' dir='ltr'>βίου</span> <span class='ocrx_word' id='word_1_122' title='bbox 725 1646 1011 1717; x_wconf 84' lang='grc' dir='ltr'>συνήθειαν</span> <span class='ocrx_word' id='word_1_123' title='bbox 1052 1647 1371 1704; x_wconf 83' lang='grc' dir='ltr'>διδάσκαλον</span> <span class='ocrx_word' id='word_1_124' title='bbox 1391 1653 1491 1722; x_wconf 85' lang='grc' dir='ltr'><strong>τῆς</strong></span> <span class='ocrx_word' id='word_1_125' title='bbox 1511 1651 1648 1715; x_wconf 79' lang='grc' dir='ltr'>ἰδίας</span> <span class='ocrx_word' id='word_1_126' title='bbox 1674 1651 1818 1723; x_wconf 81' lang='grc' dir='ltr'>ζωῆς</span> 
     </span>
    </p>
   </div>
   <div class='ocr_carea' id='block_1_18' title="bbox 228 1730 1817 1812">
    <p class='ocr_par' dir='ltr' id='par_1_18' title="bbox 228 1730 1817 1812">
     <span class='ocr_line' id='line_1_18' title="bbox 228 1730 1817 1812; baseline 0.008 -30"><span class='ocrx_word' id='word_1_127' title='bbox 228 1730 690 1803; x_wconf 84' lang='grc' dir='ltr'>προϐαλλόμενος,</span> <span class='ocrx_word' id='word_1_128' title='bbox 731 1733 981 1789; x_wconf 82' lang='grc' dir='ltr'>λανθάνει</span> <span class='ocrx_word' id='word_1_129' title='bbox 1014 1735 1292 1801; x_wconf 86' lang='grc' dir='ltr'>πολλάκις,</span> <span class='ocrx_word' id='word_1_130' title='bbox 1329 1739 1470 1793; x_wconf 80' lang='grc' dir='ltr'>κατὰ</span> <span class='ocrx_word' id='word_1_131' title='bbox 1499 1738 1589 1792; x_wconf 82' lang='grc' dir='ltr'>τὸν</span> <span class='ocrx_word' id='word_1_132' title='bbox 1628 1741 1817 1812; x_wconf 71' lang='grc' dir='ltr'>καιρὸν</span> 
     </span>
    </p>
   </div>
   <div class='ocr_carea' id='block_1_19' title="bbox 130 1822 1812 1903">
    <p class='ocr_par' dir='ltr' id='par_1_19' title="bbox 130 1822 1812 1903">
     <span class='ocr_line' id='line_1_19' title="bbox 130 1822 1812 1903; baseline 0.007 -28"><span class='ocrx_word' id='word_1_133' title='bbox 130 1852 139 1855; x_wconf 93' lang='grc'><strong><em>-</em></strong></span> <span class='ocrx_word' id='word_1_134' title='bbox 225 1822 334 1894; x_wconf 82' lang='grc' dir='ltr'><strong>τῆς</strong></span> <span class='ocrx_word' id='word_1_135' title='bbox 353 1824 568 1889; x_wconf 84' lang='grc' dir='ltr'>δικαίας</span> <span class='ocrx_word' id='word_1_136' title='bbox 589 1826 842 1898; x_wconf 87' lang='grc' dir='ltr'>κρίσεως,</span> <span class='ocrx_word' id='word_1_137' title='bbox 859 1826 1045 1898; x_wconf 78' lang='grc' dir='ltr'>ἔριφος</span> <span class='ocrx_word' id='word_1_138' title='bbox 1066 1829 1188 1883; x_wconf 76' lang='grc' dir='ltr'>ἀντὶ</span> <span class='ocrx_word' id='word_1_139' title='bbox 1205 1829 1479 1901; x_wconf 88' lang='grc' dir='ltr'>προϐάτου</span> <span class='ocrx_word' id='word_1_140' title='bbox 1504 1832 1812 1903; x_wconf 88' lang='grc' dir='ltr'>γενόμενος.</span> 
     </span>
    </p>
   </div>
   <div class='ocr_carea' id='block_1_20' title="bbox 229 1913 1811 1992">
    <p class='ocr_par' dir='ltr' id='par_1_20' title="bbox 229 1913 1811 1992">
     <span class='ocr_line' id='line_1_20' title="bbox 229 1913 1811 1992; baseline 0.007 -25"><span class='ocrx_word' id='word_1_141' title='bbox 229 1913 445 1969; x_wconf 80' lang='grc' dir='ltr'>Οὐκοῦν</span> <span class='ocrx_word' id='word_1_142' title='bbox 489 1916 662 1970; x_wconf 86' lang='grc' dir='ltr'>ταῦτα</span> <span class='ocrx_word' id='word_1_143' title='bbox 712 1917 975 1988; x_wconf 88' lang='grc' dir='ltr'>λεγόντων</span> <span class='ocrx_word' id='word_1_144' title='bbox 1024 1919 1172 1974; x_wconf 75' lang='grc' dir='ltr'>ἔστιν</span> <span class='ocrx_word' id='word_1_145' title='bbox 1215 1922 1434 1976; x_wconf 82' lang='grc' dir='ltr'>ἀκούειν</span> <span class='ocrx_word' id='word_1_146' title='bbox 1470 1923 1578 1978; x_wconf 87' lang='grc' dir='ltr'><strong>τῶν</strong></span> <span class='ocrx_word' id='word_1_147' title='bbox 1615 1923 1811 1992; x_wconf 89' lang='grc' dir='ltr'>φίλων,</span> 
     </span>
    </p>
   </div>
   <div class='ocr_carea' id='block_1_21' title="bbox 227 2001 1820 2087">
    <p class='ocr_par' dir='ltr' id='par_1_21' title="bbox 227 2001 1820 2087">
     <span class='ocr_line' id='line_1_21' title="bbox 227 2001 1820 2087; baseline 0.006 -26"><span class='ocrx_word' id='word_1_148' title='bbox 227 2006 315 2061; x_wconf 77' lang='grc' dir='ltr'>ὅτι</span> <span class='ocrx_word' id='word_1_149' title='bbox 345 2006 451 2072; x_wconf 86' lang='grc' dir='ltr'><strong>Σὺ,</strong></span> <span class='ocrx_word' id='word_1_150' title='bbox 482 2001 528 2061; x_wconf 83' lang='grc' dir='ltr'><strong>ὧ</strong></span> <span class='ocrx_word' id='word_1_151' title='bbox 563 2007 728 2080; x_wconf 79' lang='grc' dir='ltr'>ψυχὴ,</span> <span class='ocrx_word' id='word_1_152' title='bbox 771 2012 805 2081; x_wconf 80' lang='grc' dir='ltr'>ἡ</span> <span class='ocrx_word' id='word_1_153' title='bbox 848 2011 914 2064; x_wconf 82' lang='grc' dir='ltr'>ὲκ</span> <span class='ocrx_word' id='word_1_154' title='bbox 957 2010 1216 2083; x_wconf 73' lang='grc' dir='ltr'>μελαίνης</span> <span class='ocrx_word' id='word_1_155' title='bbox 1256 2014 1521 2086; x_wconf 82' lang='grc' dir='ltr'>γενομένη</span> <span class='ocrx_word' id='word_1_156' title='bbox 1563 2015 1723 2087; x_wconf 84' lang='grc' dir='ltr'>καλὴ,</span> <span class='ocrx_word' id='word_1_157' title='bbox 1765 2015 1820 2070; x_wconf 81' lang='lat' dir='ltr'><strong>sl’</strong></span> 
     </span>
    </p>
   </div>
   <div class='ocr_carea' id='block_1_22' title="bbox 229 2098 1815 2182">
    <p class='ocr_par' dir='ltr' id='par_1_22' title="bbox 229 2098 1815 2182">
     <span class='ocr_line' id='line_1_22' title="bbox 229 2098 1815 2182; baseline 0.007 -31"><span class='ocrx_word' id='word_1_158' title='bbox 229 2114 319 2152; x_wconf 89' lang='grc' dir='ltr'><strong>σοι</strong></span> <span class='ocrx_word' id='word_1_159' title='bbox 354 2098 502 2169; x_wconf 84' lang='grc' dir='ltr'>μέλει</span> <span class='ocrx_word' id='word_1_160' title='bbox 537 2098 633 2153; x_wconf 92' lang='grc' dir='ltr'><strong>τοῦ</strong></span> <span class='ocrx_word' id='word_1_161' title='bbox 685 2102 1106 2168; x_wconf 79' lang='grc' dir='ltr'>συνδιαιωνίζειν</span> <span class='ocrx_word' id='word_1_162' title='bbox 1149 2121 1230 2159; x_wconf 91' lang='grc' dir='ltr'><strong>σοι</strong></span> <span class='ocrx_word' id='word_1_163' title='bbox 1260 2104 1360 2175; x_wconf 88' lang='grc' dir='ltr'><strong>τῆς</strong></span> <span class='ocrx_word' id='word_1_164' title='bbox 1386 2106 1684 2178; x_wconf 79' lang='grc' dir='ltr'>εὐμορφίας</span> <span class='ocrx_word' id='word_1_165' title='bbox 1714 2108 1815 2182; x_wconf 80' lang='grc' dir='ltr'>τὴν</span> 
     </span>
    </p>
   </div>
   <div class='ocr_carea' id='block_1_23' title="bbox 226 2189 1815 2268">
    <p class='ocr_par' dir='ltr' id='par_1_23' title="bbox 226 2189 1815 2268">
     <span class='ocr_line' id='line_1_23' title="bbox 226 2189 1815 2268; baseline 0.007 -26"><span class='ocrx_word' id='word_1_166' title='bbox 226 2189 417 2261; x_wconf 82' lang='grc' dir='ltr'>χάριν,</span> <span class='ocrx_word' id='word_1_167' title='bbox 456 2189 535 2263; x_wconf 80' lang='grc' dir='ltr'>μὴ</span> <span class='ocrx_word' id='word_1_168' title='bbox 563 2193 674 2256; x_wconf 85' lang='grc' dir='ltr'>τοῖς</span> <span class='ocrx_word' id='word_1_169' title='bbox 707 2193 906 2263; x_wconf 73' lang='grc' dir='ltr'>ἴχνεσιν</span> <span class='ocrx_word' id='word_1_170' title='bbox 938 2193 1221 2250; x_wconf 78' lang='grc' dir='ltr'>έπιπλανῶ</span> <span class='ocrx_word' id='word_1_171' title='bbox 1257 2196 1367 2250; x_wconf 86' lang='grc' dir='ltr'><strong>τῶν</strong></span> <span class='ocrx_word' id='word_1_172' title='bbox 1396 2197 1815 2268; x_wconf 81' lang='grc' dir='ltr'>προωδευκότων</span> 
     </span>
    </p>
   </div>
   <div class='ocr_carea' id='block_1_24' title="bbox 224 2282 1814 2361">
    <p class='ocr_par' dir='ltr' id='par_1_24' title="bbox 224 2282 1814 2361">
     <span class='ocr_line' id='line_1_24' title="bbox 224 2282 1814 2361; baseline 0.007 -25"><span class='ocrx_word' id='word_1_173' title='bbox 224 2283 326 2337; x_wconf 77' lang='grc' dir='ltr'>τὸν</span> <span class='ocrx_word' id='word_1_174' title='bbox 359 2282 505 2355; x_wconf 84' lang='grc' dir='ltr'>βίον·</span> <span class='ocrx_word' id='word_1_175' title='bbox 553 2284 747 2357; x_wconf 74' lang='grc' dir='ltr'>ἄδηλον</span> <span class='ocrx_word' id='word_1_176' title='bbox 782 2285 890 2358; x_wconf 83' lang='grc' dir='ltr'>γὰρ</span> <span class='ocrx_word' id='word_1_177' title='bbox 929 2287 978 2340; x_wconf 83' lang='grc' dir='ltr'><strong>εί</strong></span> <span class='ocrx_word' id='word_1_178' title='bbox 1026 2287 1101 2359; x_wconf 80' lang='grc' dir='ltr'>μὴ</span> <span class='ocrx_word' id='word_1_179' title='bbox 1138 2288 1323 2360; x_wconf 88' lang='grc' dir='ltr'>τρίϐος</span> <span class='ocrx_word' id='word_1_180' title='bbox 1368 2288 1572 2361; x_wconf 78' lang='grc' dir='ltr'>ἐρίφων</span> <span class='ocrx_word' id='word_1_181' title='bbox 1613 2292 1730 2346; x_wconf 75' lang='grc' dir='ltr'>ἐστὶ</span> <span class='ocrx_word' id='word_1_182' title='bbox 1753 2293 1814 2347; x_wconf 85' lang='grc' dir='ltr'>τὸ</span> 
     </span>
    </p>
   </div>
   <div class='ocr_carea' id='block_1_25' title="bbox 104 2373 1815 2457">
    <p class='ocr_par' dir='ltr' id='par_1_25' title="bbox 104 2373 1815 2457">
     <span class='ocr_line' id='line_1_25' title="bbox 104 2373 1815 2457; baseline 0.007 -30"><span class='ocrx_word' id='word_1_183' title='bbox 104 2420 115 2427; x_wconf 83' lang='lat'><strong><em>,</em></strong></span> <span class='ocrx_word' id='word_1_184' title='bbox 230 2375 580 2447; x_wconf 86' lang='grc' dir='ltr'>φαινόμενον,</span> <span class='ocrx_word' id='word_1_185' title='bbox 608 2373 691 2443; x_wconf 74' lang='grc' dir='ltr'>οἷς</span> <span class='ocrx_word' id='word_1_186' title='bbox 738 2380 803 2433; x_wconf 82' lang='grc' dir='ltr'>σὺ</span> <span class='ocrx_word' id='word_1_187' title='bbox 849 2378 1077 2434; x_wconf 81' lang='grc' dir='ltr'>κατόπιν</span> <span class='ocrx_word' id='word_1_188' title='bbox 1110 2380 1493 2448; x_wconf 81' lang='grc' dir='ltr'>ἀκολουθοῦσα,</span> <span class='ocrx_word' id='word_1_189' title='bbox 1520 2383 1609 2438; x_wconf 88' lang='grc' dir='ltr'><strong>διά</strong></span> <span class='ocrx_word' id='word_1_190' title='bbox 1644 2384 1706 2438; x_wconf 84' lang='grc' dir='ltr'><strong>τὺ</strong></span> <span class='ocrx_word' id='word_1_191' title='bbox 1739 2385 1815 2457; x_wconf 83' lang='grc' dir='ltr'>μὴ</span> 
     </span>
    </p>
   </div>
   <div class='ocr_carea' id='block_1_26' title="bbox 231 2466 1815 2544">
    <p class='ocr_par' dir='ltr' id='par_1_26' title="bbox 231 2466 1815 2544">
     <span class='ocr_line' id='line_1_26' title="bbox 231 2466 1815 2544; baseline 0.004 -25"><span class='ocrx_word' id='word_1_192' title='bbox 231 2466 519 2537; x_wconf 78' lang='grc' dir='ltr'>φαίνεσθαί</span> <span class='ocrx_word' id='word_1_193' title='bbox 565 2484 649 2522; x_wconf 90' lang='grc' dir='ltr'><strong>σοι</strong></span> <span class='ocrx_word' id='word_1_194' title='bbox 697 2468 824 2531; x_wconf 85' lang='grc' dir='ltr'>τοὺς</span> <span class='ocrx_word' id='word_1_195' title='bbox 846 2467 933 2522; x_wconf 85' lang='grc' dir='ltr'><strong>διὰ</strong></span> <span class='ocrx_word' id='word_1_196' title='bbox 957 2469 1066 2524; x_wconf 89' lang='grc' dir='ltr'><strong>τῶν</strong></span> <span class='ocrx_word' id='word_1_197' title='bbox 1113 2467 1274 2540; x_wconf 76' lang='grc' dir='ltr'>ἰχνῶν</span> <span class='ocrx_word' id='word_1_198' title='bbox 1293 2471 1393 2543; x_wconf 78' lang='grc' dir='ltr'>τὴν</span> <span class='ocrx_word' id='word_1_199' title='bbox 1424 2472 1667 2544; x_wconf 83' lang='grc' dir='ltr'>ἀτραπὸν</span> <span class='ocrx_word' id='word_1_200' title='bbox 1699 2473 1815 2544; x_wconf 87' lang='grc' dir='ltr'>τρί-</span> 
     </span>
    </p>
   </div>
   <div class='ocr_carea' id='block_1_27' title="bbox 229 2556 1816 2635">
    <p class='ocr_par' dir='ltr' id='par_1_27' title="bbox 229 2556 1816 2635">
     <span class='ocr_line' id='line_1_27' title="bbox 229 2556 1816 2635; baseline 0.004 -26"><span class='ocrx_word' id='word_1_201' title='bbox 229 2556 461 2625; x_wconf 82' lang='grc' dir='ltr'>ψαντας,</span> <span class='ocrx_word' id='word_1_202' title='bbox 492 2557 709 2613; x_wconf 77' lang='grc' dir='ltr'>ἐπειδὰν</span> <span class='ocrx_word' id='word_1_203' title='bbox 761 2557 1037 2629; x_wconf 81' lang='grc' dir='ltr'>παρῆλθες</span> <span class='ocrx_word' id='word_1_204' title='bbox 1068 2558 1160 2614; x_wconf 80' lang='grc' dir='ltr'>τὸν</span> <span class='ocrx_word' id='word_1_205' title='bbox 1195 2559 1326 2630; x_wconf 82' lang='grc' dir='ltr'>βίον,</span> <span class='ocrx_word' id='word_1_206' title='bbox 1354 2561 1448 2615; x_wconf 79' lang='grc' dir='ltr'>καὶ</span> <span class='ocrx_word' id='word_1_207' title='bbox 1491 2562 1816 2635; x_wconf 80' lang='grc' dir='ltr'>κατολίσθῃς</span> 
     </span>
    </p>
   </div>
   <div class='ocr_carea' id='block_1_28' title="bbox 231 2648 1812 2729">
    <p class='ocr_par' dir='ltr' id='par_1_28' title="bbox 231 2648 1812 2729">
     <span class='ocr_line' id='line_1_28' title="bbox 231 2648 1812 2729; baseline 0.004 -27"><span class='ocrx_word' id='word_1_208' title='bbox 231 2650 297 2703; x_wconf 80' lang='grc' dir='ltr'>ὲν</span> <span class='ocrx_word' id='word_1_209' title='bbox 334 2651 401 2721; x_wconf 80' lang='grc' dir='ltr'>τῇ</span> <span class='ocrx_word' id='word_1_210' title='bbox 451 2648 542 2703; x_wconf 89' lang='grc' dir='ltr'><strong>τοῦ</strong></span> <span class='ocrx_word' id='word_1_211' title='bbox 587 2649 817 2705; x_wconf 83' lang='grc' dir='ltr'>θανάτου</span> <span class='ocrx_word' id='word_1_212' title='bbox 859 2651 1098 2725; x_wconf 85' lang='grc' dir='ltr'>μάνδρᾳ,</span> <span class='ocrx_word' id='word_1_213' title='bbox 1162 2654 1370 2725; x_wconf 87' lang='grc' dir='ltr'>μήποτε</span> <span class='ocrx_word' id='word_1_214' title='bbox 1409 2655 1711 2728; x_wconf 74' lang='grc' dir='ltr'>προστεθῇς</span> <span class='ocrx_word' id='word_1_215' title='bbox 1746 2658 1812 2729; x_wconf 81' lang='grc' dir='ltr'>τῇ</span> 
     </span>
    </p>
   </div>
   <div class='ocr_carea' id='block_1_29' title="bbox 230 2738 1813 2819">
    <p class='ocr_par' dir='ltr' id='par_1_29' title="bbox 230 2738 1813 2819">
     <span class='ocr_line' id='line_1_29' title="bbox 230 2738 1813 2819; baseline 0.005 -25"><span class='ocrx_word' id='word_1_216' title='bbox 230 2740 347 2795; x_wconf 89' lang='grc' dir='ltr'><strong>τῶν</strong></span> <span class='ocrx_word' id='word_1_217' title='bbox 388 2741 590 2813; x_wconf 77' lang='grc' dir='ltr'>ἐρίφων</span> <span class='ocrx_word' id='word_1_218' title='bbox 632 2743 823 2814; x_wconf 83' lang='grc' dir='ltr'>ἀγέλῃ.</span> <span class='ocrx_word' id='word_1_219' title='bbox 853 2738 935 2807; x_wconf 69' lang='grc' dir='ltr'>οἷς</span> <span class='ocrx_word' id='word_1_220' title='bbox 964 2743 1235 2814; x_wconf 84' lang='grc' dir='ltr'>ἀγνοοῦσα</span> <span class='ocrx_word' id='word_1_221' title='bbox 1265 2745 1354 2802; x_wconf 88' lang='grc' dir='ltr'><strong>διά</strong></span> <span class='ocrx_word' id='word_1_222' title='bbox 1388 2746 1496 2801; x_wconf 87' lang='grc' dir='ltr'><strong>τῶν</strong></span> <span class='ocrx_word' id='word_1_223' title='bbox 1528 2747 1686 2819; x_wconf 87' lang='grc' dir='ltr'>ίχνῶν</span> <span class='ocrx_word' id='word_1_224' title='bbox 1717 2748 1813 2802; x_wconf 89' lang='grc' dir='ltr'><strong>τοῦ</strong></span> 
     </span>
    </p>
   </div>
   <div class='ocr_carea' id='block_1_30' title="bbox 233 2829 1107 2908">
    <p class='ocr_par' dir='ltr' id='par_1_30' title="bbox 233 2829 1107 2908">
     <span class='ocr_line' id='line_1_30' title="bbox 233 2829 1107 2908; baseline 0.009 -24"><span class='ocrx_word' id='word_1_225' title='bbox 233 2829 357 2903; x_wconf 81' lang='grc' dir='ltr'>βίου</span> <span class='ocrx_word' id='word_1_226' title='bbox 384 2833 613 2889; x_wconf 85' lang='grc' dir='ltr'>κατόπιν</span> <span class='ocrx_word' id='word_1_227' title='bbox 638 2834 1107 2908; x_wconf 77' lang='grc' dir='ltr'>ὲπηκολούθησας.</span> 
     </span>
    </p>
   </div>
   <div class='ocr_carea' id='block_1_31' title="bbox 311 3068 1811 3187">
    <p class='ocr_par' dir='ltr' id='par_1_31' title="bbox 311 3068 1811 3187">
     <span class='ocr_line' id='line_1_31' title="bbox 311 3068 1811 3187; baseline 0.007 -25"><span class='ocrx_word' id='word_1_228' title='bbox 311 3068 427 3163; x_wconf 52' lang='grc' dir='ltr'><strong>Ἆῤ·</strong></span> <span class='ocrx_word' id='word_1_229' title='bbox 455 3108 566 3178; x_wconf 72' lang='grc' dir='ltr'>γὰρ</span> <span class='ocrx_word' id='word_1_230' title='bbox 591 3109 678 3181; x_wconf 78' lang='grc' dir='ltr'>μὴ</span> <span class='ocrx_word' id='word_1_231' title='bbox 722 3108 881 3182; x_wconf 79' lang='grc' dir='ltr'>γνῷς</span> <span class='ocrx_word' id='word_1_232' title='bbox 902 3113 1193 3180; x_wconf 78' lang='grc' dir='ltr'>σεαυτὴν,</span> <span class='ocrx_word' id='word_1_233' title='bbox 1220 3114 1380 3184; x_wconf 76' lang='grc' dir='ltr'>κα.ὶὴ</span> <span class='ocrx_word' id='word_1_234' title='bbox 1412 3115 1483 3170; x_wconf 82' lang='grc' dir='ltr'>ἐν</span> <span class='ocrx_word' id='word_1_235' title='bbox 1515 3116 1811 3187; x_wconf 76' lang='grc' dir='ltr'>γυναιξὶν,</span> 
     </span>
    </p>
   </div>
   <div class='ocr_carea' id='block_1_32' title="bbox 1894 637 3494 708">
    <p class='ocr_par' dir='ltr' id='par_1_32' title="bbox 1894 637 3494 708">
     <span class='ocr_line' id='line_1_32' title="bbox 1894 637 3494 708; baseline 0.002 -19"><span class='ocrx_word' id='word_1_236' title='bbox 1894 638 2114 708; x_wconf 69' lang='grc' dir='ltr'>·ιειιὶςίε</span> <span class='ocrx_word' id='word_1_237' title='bbox 2176 654 2243 694; x_wconf 82' lang='lat' dir='ltr'><strong>ex</strong></span> <span class='ocrx_word' id='word_1_238' title='bbox 2305 652 2440 694; x_wconf 87' lang='lat' dir='ltr'><strong>voce</strong></span> <span class='ocrx_word' id='word_1_239' title='bbox 2501 639 2837 708; x_wconf 87' lang='lat' dir='ltr'><strong>evangelica.</strong></span> <span class='ocrx_word' id='word_1_240' title='bbox 2915 637 3021 705; x_wconf 83' lang='lat' dir='ltr'><strong>Qui</strong></span> <span class='ocrx_word' id='word_1_241' title='bbox 3105 647 3288 692; x_wconf 86' lang='lat' dir='ltr'><strong>autem</strong></span> <span class='ocrx_word' id='word_1_242' title='bbox 3352 639 3494 708; x_wconf 84' lang='lat' dir='ltr'><strong>aspi-</strong></span> 
     </span>
    </p>
   </div>
   <div class='ocr_carea' id='block_1_33' title="bbox 1914 728 3495 801">
    <p class='ocr_par' dir='ltr' id='par_1_33' title="bbox 1914 728 3495 801">
     <span class='ocr_line' id='line_1_33' title="bbox 1914 728 3495 801; baseline 0.003 -20"><span class='ocrx_word' id='word_1_243' title='bbox 1914 729 1989 782; x_wconf 90' lang='lat' dir='ltr'><strong>cit</strong></span> <span class='ocrx_word' id='word_1_244' title='bbox 2018 728 2086 783; x_wconf 84' lang='lat' dir='ltr'><strong>ad</strong></span> <span class='ocrx_word' id='word_1_245' title='bbox 2128 729 2182 784; x_wconf 87' lang='lat' dir='ltr'><strong>id</strong></span> <span class='ocrx_word' id='word_1_246' title='bbox 2222 730 2368 798; x_wconf 89' lang='lat' dir='ltr'><strong>quod</strong></span> <span class='ocrx_word' id='word_1_247' title='bbox 2410 737 2495 786; x_wconf 90' lang='lat' dir='ltr'><strong>est</strong></span> <span class='ocrx_word' id='word_1_248' title='bbox 2537 730 2819 801; x_wconf 90' lang='lat' dir='ltr'><strong>proprium</strong></span> <span class='ocrx_word' id='word_1_249' title='bbox 2843 730 3096 785; x_wconf 71' lang='lat' dir='ltr'><strong>humanae</strong></span> <span class='ocrx_word' id='word_1_250' title='bbox 3126 740 3357 792; x_wconf 73' lang='lat' dir='ltr'><strong>naturae.</strong></span> <span class='ocrx_word' id='word_1_251' title='bbox 3389 729 3495 785; x_wconf 84' lang='lat' dir='ltr'><strong>hoc</strong></span> 
     </span>
    </p>
   </div>
   <div class='ocr_carea' id='block_1_34' title="bbox 1915 821 3495 892">
    <p class='ocr_par' dir='ltr' id='par_1_34' title="bbox 1915 821 3495 892">
     <span class='ocr_line' id='line_1_34' title="bbox 1915 821 3495 892; baseline 0.001 -18"><span class='ocrx_word' id='word_1_252' title='bbox 1915 828 2201 877; x_wconf 83' lang='lat' dir='ltr'><strong>autemest</strong></span> <span class='ocrx_word' id='word_1_253' title='bbox 2247 821 2412 887; x_wconf 94' lang='lat' dir='ltr'><strong>ratio,</strong></span> <span class='ocrx_word' id='word_1_254' title='bbox 2444 822 2710 892; x_wconf 76' lang='lat' dir='ltr'><strong>despiciet</strong></span> <span class='ocrx_word' id='word_1_255' title='bbox 2749 821 2970 892; x_wconf 90' lang='lat' dir='ltr'><strong>quidem</strong></span> <span class='ocrx_word' id='word_1_256' title='bbox 3019 823 3252 878; x_wconf 86' lang='lat' dir='ltr'><strong>rationis</strong></span> <span class='ocrx_word' id='word_1_257' title='bbox 3294 836 3495 892; x_wconf 76' lang='lat' dir='ltr'><strong>exper—</strong></span> 
     </span>
    </p>
   </div>
   <div class='ocr_carea' id='block_1_35' title="bbox 1915 908 3496 985">
    <p class='ocr_par' dir='ltr' id='par_1_35' title="bbox 1915 908 3496 985">
     <span class='ocr_line' id='line_1_35' title="bbox 1915 908 3496 985; baseline 0.002 -19"><span class='ocrx_word' id='word_1_258' title='bbox 1915 920 2022 967; x_wconf 88' lang='lat' dir='ltr'><strong>tem</strong></span> <span class='ocrx_word' id='word_1_259' title='bbox 2072 914 2553 978; x_wconf 77' lang='lat' dir='ltr'><strong>consuetudinem,</strong></span> <span class='ocrx_word' id='word_1_260' title='bbox 2605 916 2815 969; x_wconf 90' lang='lat' dir='ltr'><strong>nullum</strong></span> <span class='ocrx_word' id='word_1_261' title='bbox 2865 924 3046 969; x_wconf 85' lang='lat' dir='ltr'><strong>autem</strong></span> <span class='ocrx_word' id='word_1_262' title='bbox 3098 908 3302 969; x_wconf 79' lang='lat' dir='ltr'><strong>bonum</strong></span> <span class='ocrx_word' id='word_1_263' title='bbox 3327 916 3496 985; x_wconf 84' lang='lat' dir='ltr'><strong>eliget</strong></span> 
     </span>
    </p>
   </div>
   <div class='ocr_carea' id='block_1_36' title="bbox 1914 1008 3495 1080">
    <p class='ocr_par' dir='ltr' id='par_1_36' title="bbox 1914 1008 3495 1080">
     <span class='ocr_line' id='line_1_36' title="bbox 1914 1008 3495 1080; baseline -0.001 -18"><span class='ocrx_word' id='word_1_264' title='bbox 1914 1009 2059 1080; x_wconf 92' lang='lat' dir='ltr'><strong>quod</strong></span> <span class='ocrx_word' id='word_1_265' title='bbox 2099 1022 2207 1063; x_wconf 91' lang='lat' dir='ltr'><strong>non</strong></span> <span class='ocrx_word' id='word_1_266' title='bbox 2239 1008 2429 1065; x_wconf 80' lang='lat' dir='ltr'><strong>aﬂ‘erat</strong></span> <span class='ocrx_word' id='word_1_267' title='bbox 2463 1012 2675 1066; x_wconf 88' lang='lat' dir='ltr'><strong>lucrum</strong></span> <span class='ocrx_word' id='word_1_268' title='bbox 2713 1011 2929 1066; x_wconf 68' lang='lat' dir='ltr'><strong>animae.</strong></span> <span class='ocrx_word' id='word_1_269' title='bbox 2968 1008 3086 1064; x_wconf 86' lang='lat' dir='ltr'><strong>Non</strong></span> <span class='ocrx_word' id='word_1_270' title='bbox 3118 1018 3336 1079; x_wconf 78' lang='lat' dir='ltr'><strong>Oportet</strong></span> <span class='ocrx_word' id='word_1_271' title='bbox 3364 1023 3495 1079; x_wconf 87' lang='lat' dir='ltr'><strong>ergo</strong></span> 
     </span>
    </p>
   </div>
   <div class='ocr_carea' id='block_1_37' title="bbox 1914 1102 3495 1174">
    <p class='ocr_par' dir='ltr' id='par_1_37' title="bbox 1914 1102 3495 1174">
     <span class='ocr_line' id='line_1_37' title="bbox 1914 1102 3495 1174; baseline 0.001 -19"><span class='ocrx_word' id='word_1_272' title='bbox 1914 1116 2011 1156; x_wconf 88' lang='lat' dir='ltr'><strong>eos</strong></span> <span class='ocrx_word' id='word_1_273' title='bbox 2044 1102 2109 1157; x_wconf 87' lang='lat' dir='ltr'><strong>ad</strong></span> <span class='ocrx_word' id='word_1_274' title='bbox 2141 1104 2407 1172; x_wconf 87' lang='lat' dir='ltr'><strong>pecudum</strong></span> <span class='ocrx_word' id='word_1_275' title='bbox 2464 1103 2713 1174; x_wconf 84' lang='lat' dir='ltr'><strong>aspicere</strong></span> <span class='ocrx_word' id='word_1_276' title='bbox 2742 1103 2991 1173; x_wconf 80' lang='lat' dir='ltr'><strong>vestigia,</strong></span> <span class='ocrx_word' id='word_1_277' title='bbox 3023 1118 3145 1172; x_wconf 74' lang='lat' dir='ltr'><strong>qua:</strong></span> <span class='ocrx_word' id='word_1_278' title='bbox 3189 1118 3287 1172; x_wconf 89' lang='lat' dir='ltr'><strong>per</strong></span> <span class='ocrx_word' id='word_1_279' title='bbox 3314 1103 3495 1157; x_wconf 81' lang='lat' dir='ltr'><strong>calces</strong></span> 
     </span>
    </p>
   </div>
   <div class='ocr_carea' id='block_1_38' title="bbox 1915 1192 3495 1266">
    <p class='ocr_par' dir='ltr' id='par_1_38' title="bbox 1915 1192 3495 1266">
     <span class='ocr_line' id='line_1_38' title="bbox 1915 1192 3495 1266; baseline 0 -17"><span class='ocrx_word' id='word_1_280' title='bbox 1915 1209 2010 1250; x_wconf 90' lang='lat' dir='ltr'><strong>eos</strong></span> <span class='ocrx_word' id='word_1_281' title='bbox 2041 1194 2350 1266; x_wconf 90' lang='lat' dir='ltr'><strong>signiﬁcant</strong></span> <span class='ocrx_word' id='word_1_282' title='bbox 2394 1195 2490 1264; x_wconf 89' lang='lat' dir='ltr'><strong>qui</strong></span> <span class='ocrx_word' id='word_1_283' title='bbox 2535 1194 2657 1248; x_wconf 83' lang='lat' dir='ltr'><strong>vitae</strong></span> <span class='ocrx_word' id='word_1_284' title='bbox 2710 1201 2939 1249; x_wconf 82' lang='lat' dir='ltr'><strong>terrenae</strong></span> <span class='ocrx_word' id='word_1_285' title='bbox 2973 1201 3103 1247; x_wconf 88' lang='lat' dir='ltr'><strong>sunt</strong></span> <span class='ocrx_word' id='word_1_286' title='bbox 3151 1192 3293 1248; x_wconf 80' lang='lat' dir='ltr'><strong>aliixi</strong></span> <span class='ocrx_word' id='word_1_287' title='bbox 3327 1211 3342 1261; x_wconf 89' lang='lat'><strong>;</strong></span> <span class='ocrx_word' id='word_1_288' title='bbox 3373 1193 3495 1261; x_wconf 77' lang='lat' dir='ltr'><strong>eius</strong></span> 
     </span>
    </p>
   </div>
   <div class='ocr_carea' id='block_1_39' title="bbox 1915 1285 3494 1357">
    <p class='ocr_par' dir='ltr' id='par_1_39' title="bbox 1915 1285 3494 1357">
     <span class='ocr_line' id='line_1_39' title="bbox 1915 1285 3494 1357; baseline -0.002 -16"><span class='ocrx_word' id='word_1_289' title='bbox 1915 1285 2059 1341; x_wconf 88' lang='lat' dir='ltr'><strong>enim</strong></span> <span class='ocrx_word' id='word_1_290' title='bbox 2092 1286 2235 1357; x_wconf 90' lang='lat' dir='ltr'><strong>quod</strong></span> <span class='ocrx_word' id='word_1_291' title='bbox 2266 1293 2349 1341; x_wconf 91' lang='lat' dir='ltr'><strong>est</strong></span> <span class='ocrx_word' id='word_1_292' title='bbox 2378 1286 2830 1357; x_wconf 67' lang='lat' dir='ltr'><strong>prmstantius,ex</strong></span> <span class='ocrx_word' id='word_1_293' title='bbox 2860 1286 2929 1340; x_wconf 91' lang='lat' dir='ltr'><strong>iis</strong></span> <span class='ocrx_word' id='word_1_294' title='bbox 2959 1300 3079 1356; x_wconf 64' lang='lat' dir='ltr'><strong>qum</strong></span> <span class='ocrx_word' id='word_1_295' title='bbox 3100 1296 3364 1356; x_wconf 87' lang='lat' dir='ltr'><strong>apparent</strong></span> <span class='ocrx_word' id='word_1_296' title='bbox 3385 1300 3494 1339; x_wconf 89' lang='lat' dir='ltr'><strong>non</strong></span> 
     </span>
    </p>
   </div>
   <div class='ocr_carea' id='block_1_40' title="bbox 1914 1376 3498 1447">
    <p class='ocr_par' dir='ltr' id='par_1_40' title="bbox 1914 1376 3498 1447">
     <span class='ocr_line' id='line_1_40' title="bbox 1914 1376 3498 1447; baseline 0.001 -16"><span class='ocrx_word' id='word_1_297' title='bbox 1914 1384 1999 1432; x_wconf 85' lang='lat' dir='ltr'><strong>est</strong></span> <span class='ocrx_word' id='word_1_298' title='bbox 2028 1376 2379 1432; x_wconf 83' lang='lat' dir='ltr'><strong>manifestum</strong></span> <span class='ocrx_word' id='word_1_299' title='bbox 2399 1376 2690 1447; x_wconf 87' lang='lat' dir='ltr'><strong>judicium,</strong></span> <span class='ocrx_word' id='word_1_300' title='bbox 2728 1378 2902 1434; x_wconf 88' lang='lat' dir='ltr'><strong>donec</strong></span> <span class='ocrx_word' id='word_1_301' title='bbox 2928 1393 2991 1432; x_wconf 77' lang='lat' dir='ltr'><strong>ex</strong></span> <span class='ocrx_word' id='word_1_302' title='bbox 3037 1380 3139 1433; x_wconf 86' lang='lat' dir='ltr'><strong>hac</strong></span> <span class='ocrx_word' id='word_1_303' title='bbox 3166 1377 3278 1433; x_wconf 81' lang='lat' dir='ltr'><strong>vita</strong></span> <span class='ocrx_word' id='word_1_304' title='bbox 3306 1392 3498 1432; x_wconf 80' lang='lat' dir='ltr'><strong>exces-</strong></span> 
     </span>
    </p>
   </div>
   <div class='ocr_carea' id='block_1_41' title="bbox 1915 1468 3499 1540">
    <p class='ocr_par' dir='ltr' id='par_1_41' title="bbox 1915 1468 3499 1540">
     <span class='ocr_line' id='line_1_41' title="bbox 1915 1468 3499 1540; baseline -0.001 -15"><span class='ocrx_word' id='word_1_305' title='bbox 1915 1469 2174 1537; x_wconf 88' lang='lat' dir='ltr'><strong>serimus,</strong></span> <span class='ocrx_word' id='word_1_306' title='bbox 2205 1478 2261 1526; x_wconf 89' lang='lat' dir='ltr'><strong>et</strong></span> <span class='ocrx_word' id='word_1_307' title='bbox 2292 1468 2404 1523; x_wconf 90' lang='lat' dir='ltr'><strong>illic</strong></span> <span class='ocrx_word' id='word_1_308' title='bbox 2433 1470 2852 1540; x_wconf 79' lang='lat' dir='ltr'><strong>cognoverimus</strong></span> <span class='ocrx_word' id='word_1_309' title='bbox 2880 1486 3148 1540; x_wconf 88' lang='lat' dir='ltr'><strong>quosnam</strong></span> <span class='ocrx_word' id='word_1_310' title='bbox 3186 1472 3361 1525; x_wconf 90' lang='lat' dir='ltr'><strong>simus</strong></span> <span class='ocrx_word' id='word_1_311' title='bbox 3409 1486 3499 1525; x_wconf 83' lang='lat' dir='ltr'><strong>se-</strong></span> 
     </span>
    </p>
   </div>
   <div class='ocr_carea' id='block_1_42' title="bbox 1915 1561 3499 1634">
    <p class='ocr_par' dir='ltr' id='par_1_42' title="bbox 1915 1561 3499 1634">
     <span class='ocr_line' id='line_1_42' title="bbox 1915 1561 3499 1634; baseline 0 -18"><span class='ocrx_word' id='word_1_312' title='bbox 1915 1561 2051 1621; x_wconf 88' lang='lat' dir='ltr'><strong>cuti.</strong></span> <span class='ocrx_word' id='word_1_313' title='bbox 2088 1561 2190 1628; x_wconf 87' lang='lat' dir='ltr'><strong>Qui</strong></span> <span class='ocrx_word' id='word_1_314' title='bbox 2220 1578 2349 1633; x_wconf 88' lang='lat' dir='ltr'><strong>ergo</strong></span> <span class='ocrx_word' id='word_1_315' title='bbox 2376 1576 2485 1617; x_wconf 90' lang='lat' dir='ltr'><strong>non</strong></span> <span class='ocrx_word' id='word_1_316' title='bbox 2509 1577 2576 1616; x_wconf 81' lang='lat' dir='ltr'><strong>ex</strong></span> <span class='ocrx_word' id='word_1_317' title='bbox 2601 1562 2737 1632; x_wconf 89' lang='lat' dir='ltr'><strong>ipsis</strong></span> <span class='ocrx_word' id='word_1_318' title='bbox 2772 1563 2936 1618; x_wconf 85' lang='lat' dir='ltr'><strong>rebus</strong></span> <span class='ocrx_word' id='word_1_319' title='bbox 2966 1564 3233 1631; x_wconf 71' lang='lat' dir='ltr'><strong>discernit</strong></span> <span class='ocrx_word' id='word_1_320' title='bbox 3265 1562 3319 1617; x_wconf 91' lang='lat' dir='ltr'><strong>id</strong></span> <span class='ocrx_word' id='word_1_321' title='bbox 3352 1563 3499 1634; x_wconf 87' lang='lat' dir='ltr'><strong>quod</strong></span> 
     </span>
    </p>
   </div>
   <div class='ocr_carea' id='block_1_43' title="bbox 1914 1653 3498 1725">
    <p class='ocr_par' dir='ltr' id='par_1_43' title="bbox 1914 1653 3498 1725">
     <span class='ocr_line' id='line_1_43' title="bbox 1914 1653 3498 1725; baseline 0 -16"><span class='ocrx_word' id='word_1_322' title='bbox 1914 1653 2117 1709; x_wconf 88' lang='lat' dir='ltr'><strong>bonum</strong></span> <span class='ocrx_word' id='word_1_323' title='bbox 2143 1662 2228 1710; x_wconf 91' lang='lat' dir='ltr'><strong>est</strong></span> <span class='ocrx_word' id='word_1_324' title='bbox 2253 1662 2307 1709; x_wconf 93' lang='lat' dir='ltr'><strong>et</strong></span> <span class='ocrx_word' id='word_1_325' title='bbox 2328 1656 2617 1711; x_wconf 84' lang='lat' dir='ltr'><strong>honestum</strong></span> <span class='ocrx_word' id='word_1_326' title='bbox 2648 1655 2717 1710; x_wconf 87' lang='lat' dir='ltr'><strong>ab</strong></span> <span class='ocrx_word' id='word_1_327' title='bbox 2741 1669 2807 1710; x_wconf 91' lang='lat' dir='ltr'><strong>eo</strong></span> <span class='ocrx_word' id='word_1_328' title='bbox 2849 1654 2996 1725; x_wconf 90' lang='lat' dir='ltr'><strong>quod</strong></span> <span class='ocrx_word' id='word_1_329' title='bbox 3028 1665 3113 1710; x_wconf 89' lang='lat' dir='ltr'><strong>est</strong></span> <span class='ocrx_word' id='word_1_330' title='bbox 3140 1657 3365 1719; x_wconf 82' lang='lat' dir='ltr'><strong>malum,</strong></span> <span class='ocrx_word' id='word_1_331' title='bbox 3403 1656 3498 1711; x_wconf 89' lang='lat' dir='ltr'><strong>sed</strong></span> 
     </span>
    </p>
   </div>
   <div class='ocr_carea' id='block_1_44' title="bbox 1917 1746 3497 1820">
    <p class='ocr_par' dir='ltr' id='par_1_44' title="bbox 1917 1746 3497 1820">
     <span class='ocr_line' id='line_1_44' title="bbox 1917 1746 3497 1820; baseline 0.002 -19"><span class='ocrx_word' id='word_1_332' title='bbox 1917 1761 2155 1814; x_wconf 89' lang='lat' dir='ltr'><strong>sequens</strong></span> <span class='ocrx_word' id='word_1_333' title='bbox 2216 1746 2444 1818; x_wconf 84' lang='lat' dir='ltr'><strong>vestigia</strong></span> <span class='ocrx_word' id='word_1_334' title='bbox 2502 1762 2693 1803; x_wconf 89' lang='lat' dir='ltr'><strong>eorum</strong></span> <span class='ocrx_word' id='word_1_335' title='bbox 2757 1750 2853 1820; x_wconf 90' lang='lat' dir='ltr'><strong>qui</strong></span> <span class='ocrx_word' id='word_1_336' title='bbox 2909 1756 3333 1819; x_wconf 63' lang='lat' dir='ltr'><strong>praecesserunt,</strong></span> <span class='ocrx_word' id='word_1_337' title='bbox 3364 1766 3497 1820; x_wconf 59' lang='lat' dir='ltr'><strong>pra:-</strong></span> 
     </span>
    </p>
   </div>
   <div class='ocr_carea' id='block_1_45' title="bbox 1920 1838 3501 1913">
    <p class='ocr_par' dir='ltr' id='par_1_45' title="bbox 1920 1838 3501 1913">
     <span class='ocr_line' id='line_1_45' title="bbox 1920 1838 3501 1913; baseline 0.004 -23"><span class='ocrx_word' id='word_1_338' title='bbox 1920 1838 2136 1892; x_wconf 89' lang='lat' dir='ltr'><strong>teritam</strong></span> <span class='ocrx_word' id='word_1_339' title='bbox 2181 1838 2309 1894; x_wconf 64' lang='lat' dir='ltr'><strong>vitae</strong></span> <span class='ocrx_word' id='word_1_340' title='bbox 2363 1841 2817 1897; x_wconf 86' lang='lat' dir='ltr'><strong>consuetudinem</strong></span> <span class='ocrx_word' id='word_1_341' title='bbox 2854 1843 3077 1898; x_wconf 89' lang='lat' dir='ltr'><strong>asciscit</strong></span> <span class='ocrx_word' id='word_1_342' title='bbox 3108 1843 3213 1897; x_wconf 83' lang='lat' dir='ltr'><strong>sibi</strong></span> <span class='ocrx_word' id='word_1_343' title='bbox 3245 1859 3342 1913; x_wconf 90' lang='lat' dir='ltr'><strong>pro</strong></span> <span class='ocrx_word' id='word_1_344' title='bbox 3376 1845 3501 1897; x_wconf 79' lang='lat' dir='ltr'><strong>vitae</strong></span> 
     </span>
    </p>
   </div>
   <div class='ocr_carea' id='block_1_46' title="bbox 1922 1924 3500 1999">
    <p class='ocr_par' dir='ltr' id='par_1_46' title="bbox 1922 1924 3500 1999">
     <span class='ocr_line' id='line_1_46' title="bbox 1922 1924 3500 1999; baseline 0.004 -23"><span class='ocrx_word' id='word_1_345' title='bbox 1922 1924 2204 1992; x_wconf 88' lang='lat' dir='ltr'><strong>magistra,</strong></span> <span class='ocrx_word' id='word_1_346' title='bbox 2236 1939 2380 1995; x_wconf 63' lang='lat' dir='ltr'><strong>saepe</strong></span> <span class='ocrx_word' id='word_1_347' title='bbox 2416 1924 2623 1981; x_wconf 79' lang='lat' dir='ltr'><strong>fallitur</strong></span> <span class='ocrx_word' id='word_1_348' title='bbox 2644 1935 2888 1999; x_wconf 81' lang='lat' dir='ltr'><strong>tempore</strong></span> <span class='ocrx_word' id='word_1_349' title='bbox 2920 1930 3295 1995; x_wconf 88' lang='lat' dir='ltr'><strong>discretionis,</strong></span> <span class='ocrx_word' id='word_1_350' title='bbox 3319 1938 3373 1986; x_wconf 84' lang='lat' dir='ltr'><strong>et</strong></span> <span class='ocrx_word' id='word_1_351' title='bbox 3398 1931 3500 1985; x_wconf 86' lang='lat' dir='ltr'><strong>im-</strong></span> 
     </span>
    </p>
   </div>
   <div class='ocr_carea' id='block_1_47' title="bbox 1923 2013 3501 2091">
    <p class='ocr_par' dir='ltr' id='par_1_47' title="bbox 1923 2013 3501 2091">
     <span class='ocr_line' id='line_1_47' title="bbox 1923 2013 3501 2091; baseline 0.008 -27"><span class='ocrx_word' id='word_1_352' title='bbox 1923 2013 2164 2082; x_wconf 88' lang='lat' dir='ltr'><strong>prudens</strong></span> <span class='ocrx_word' id='word_1_353' title='bbox 2193 2015 2380 2071; x_wconf 73' lang='lat' dir='ltr'><strong>baedus</strong></span> <span class='ocrx_word' id='word_1_354' title='bbox 2412 2033 2511 2087; x_wconf 90' lang='lat' dir='ltr'><strong>pro</strong></span> <span class='ocrx_word' id='word_1_355' title='bbox 2539 2033 2640 2073; x_wconf 88' lang='lat' dir='ltr'><strong>ove</strong></span> <span class='ocrx_word' id='word_1_356' title='bbox 2675 2018 2937 2073; x_wconf 79' lang='lat' dir='ltr'><strong>efﬁcitur.</strong></span> <span class='ocrx_word' id='word_1_357' title='bbox 2962 2018 3115 2074; x_wconf 84' lang='lat' dir='ltr'><strong>Licet</strong></span> <span class='ocrx_word' id='word_1_358' title='bbox 3134 2035 3266 2091; x_wconf 84' lang='lat' dir='ltr'><strong>ergo</strong></span> <span class='ocrx_word' id='word_1_359' title='bbox 3308 2021 3501 2076; x_wconf 86' lang='lat' dir='ltr'><strong>audire</strong></span> 
     </span>
    </p>
   </div>
   <div class='ocr_carea' id='block_1_48' title="bbox 1922 2100 3499 2181">
    <p class='ocr_par' dir='ltr' id='par_1_48' title="bbox 1922 2100 3499 2181">
     <span class='ocr_line' id='line_1_48' title="bbox 1922 2100 3499 2181; baseline 0.007 -25"><span class='ocrx_word' id='word_1_360' title='bbox 1922 2100 2037 2157; x_wconf 73' lang='lat' dir='ltr'><strong>haec</strong></span> <span class='ocrx_word' id='word_1_361' title='bbox 2062 2103 2308 2161; x_wconf 82' lang='lat' dir='ltr'><strong>dicentes</strong></span> <span class='ocrx_word' id='word_1_362' title='bbox 2329 2106 2536 2162; x_wconf 87' lang='lat' dir='ltr'><strong>amicos</strong></span> <span class='ocrx_word' id='word_1_363' title='bbox 2567 2123 2580 2160; x_wconf 89' lang='lat'><strong>:</strong></span> <span class='ocrx_word' id='word_1_364' title='bbox 2607 2106 2689 2163; x_wconf 88' lang='lat' dir='ltr'><strong>Tu</strong></span> <span class='ocrx_word' id='word_1_365' title='bbox 2717 2109 2920 2175; x_wconf 89' lang='lat' dir='ltr'><strong>anima,</strong></span> <span class='ocrx_word' id='word_1_366' title='bbox 2945 2125 3067 2180; x_wconf 69' lang='lat' dir='ltr'><strong>quae</strong></span> <span class='ocrx_word' id='word_1_367' title='bbox 3105 2125 3171 2166; x_wconf 76' lang='lat' dir='ltr'><strong>ex</strong></span> <span class='ocrx_word' id='word_1_368' title='bbox 3210 2112 3365 2181; x_wconf 89' lang='lat' dir='ltr'><strong>nigra</strong></span> <span class='ocrx_word' id='word_1_369' title='bbox 3415 2113 3499 2167; x_wconf 79' lang='lat' dir='ltr'><strong>fa-</strong></span> 
     </span>
    </p>
   </div>
   <div class='ocr_carea' id='block_1_49' title="bbox 1920 2195 3505 2274">
    <p class='ocr_par' dir='ltr' id='par_1_49' title="bbox 1920 2195 3505 2274">
     <span class='ocr_line' id='line_1_49' title="bbox 1920 2195 3505 2274; baseline 0.008 -27"><span class='ocrx_word' id='word_1_370' title='bbox 1920 2201 2009 2247; x_wconf 83' lang='lat' dir='ltr'><strong>cta</strong></span> <span class='ocrx_word' id='word_1_371' title='bbox 2056 2209 2118 2250; x_wconf 89' lang='lat' dir='ltr'><strong>es</strong></span> <span class='ocrx_word' id='word_1_372' title='bbox 2169 2195 2416 2265; x_wconf 87' lang='lat' dir='ltr'><strong>pulchra,</strong></span> <span class='ocrx_word' id='word_1_373' title='bbox 2449 2197 2497 2253; x_wconf 91' lang='lat' dir='ltr'><strong>si</strong></span> <span class='ocrx_word' id='word_1_374' title='bbox 2528 2205 2613 2253; x_wconf 90' lang='lat' dir='ltr'><strong>est</strong></span> <span class='ocrx_word' id='word_1_375' title='bbox 2642 2199 2739 2254; x_wconf 85' lang='lat' dir='ltr'><strong>tibi</strong></span> <span class='ocrx_word' id='word_1_376' title='bbox 2788 2214 2935 2255; x_wconf 72' lang='lat' dir='ltr'><strong>cura:</strong></span> <span class='ocrx_word' id='word_1_377' title='bbox 2962 2209 3023 2255; x_wconf 86' lang='lat' dir='ltr'><strong>ut</strong></span> <span class='ocrx_word' id='word_1_378' title='bbox 3053 2202 3213 2272; x_wconf 88' lang='lat' dir='ltr'><strong>longo</strong></span> <span class='ocrx_word' id='word_1_379' title='bbox 3253 2213 3505 2274; x_wconf 86' lang='lat' dir='ltr'><strong>tempore</strong></span> 
     </span>
    </p>
   </div>
   <div class='ocr_carea' id='block_1_50' title="bbox 1921 2284 3502 2368">
    <p class='ocr_par' dir='ltr' id='par_1_50' title="bbox 1921 2284 3502 2368">
     <span class='ocr_line' id='line_1_50' title="bbox 1921 2284 3502 2368; baseline 0.009 -29"><span class='ocrx_word' id='word_1_380' title='bbox 1921 2284 2083 2341; x_wconf 89' lang='lat' dir='ltr'><strong>duret</strong></span> <span class='ocrx_word' id='word_1_381' title='bbox 2114 2288 2288 2357; x_wconf 87' lang='lat' dir='ltr'><strong>gratia</strong></span> <span class='ocrx_word' id='word_1_382' title='bbox 2315 2296 2370 2344; x_wconf 87' lang='lat' dir='ltr'><strong>et</strong></span> <span class='ocrx_word' id='word_1_383' title='bbox 2400 2290 2568 2345; x_wconf 87' lang='lat' dir='ltr'><strong>decor</strong></span> <span class='ocrx_word' id='word_1_384' title='bbox 2594 2298 2700 2346; x_wconf 75' lang='lat' dir='ltr'><strong>tuae</strong></span> <span class='ocrx_word' id='word_1_385' title='bbox 2744 2292 2954 2357; x_wconf 81' lang='lat' dir='ltr'><strong>formae,</strong></span> <span class='ocrx_word' id='word_1_386' title='bbox 2995 2310 3065 2350; x_wconf 90' lang='lat' dir='ltr'><strong>ne</strong></span> <span class='ocrx_word' id='word_1_387' title='bbox 3112 2297 3332 2352; x_wconf 87' lang='lat' dir='ltr'><strong>aberres</strong></span> <span class='ocrx_word' id='word_1_388' title='bbox 3377 2311 3502 2368; x_wconf 90' lang='lat' dir='ltr'><strong>post</strong></span> 
     </span>
    </p>
   </div>
   <div class='ocr_carea' id='block_1_51' title="bbox 1922 2377 3499 2453">
    <p class='ocr_par' dir='ltr' id='par_1_51' title="bbox 1922 2377 3499 2453">
     <span class='ocr_line' id='line_1_51' title="bbox 1922 2377 3499 2453; baseline 0.008 -22"><span class='ocrx_word' id='word_1_389' title='bbox 1922 2377 2146 2448; x_wconf 84' lang='lat' dir='ltr'><strong>vestigia</strong></span> <span class='ocrx_word' id='word_1_390' title='bbox 2196 2393 2386 2434; x_wconf 88' lang='lat' dir='ltr'><strong>eorum</strong></span> <span class='ocrx_word' id='word_1_391' title='bbox 2421 2382 2515 2451; x_wconf 89' lang='lat' dir='ltr'><strong>qui</strong></span> <span class='ocrx_word' id='word_1_392' title='bbox 2564 2395 2963 2453; x_wconf 73' lang='lat' dir='ltr'><strong>praecesserunt</strong></span> <span class='ocrx_word' id='word_1_393' title='bbox 3000 2401 3156 2451; x_wconf 88' lang='lat' dir='ltr'><strong>;non</strong></span> <span class='ocrx_word' id='word_1_394' title='bbox 3210 2396 3295 2443; x_wconf 91' lang='lat' dir='ltr'><strong>est</strong></span> <span class='ocrx_word' id='word_1_395' title='bbox 3355 2391 3499 2444; x_wconf 88' lang='lat' dir='ltr'><strong>enim</strong></span> 
     </span>
    </p>
   </div>
   <div class='ocr_carea' id='block_1_52' title="bbox 1921 2465 3503 2551">
    <p class='ocr_par' dir='ltr' id='par_1_52' title="bbox 1921 2465 3503 2551">
     <span class='ocr_line' id='line_1_52' title="bbox 1921 2465 3503 2551; baseline 0.011 -32"><span class='ocrx_word' id='word_1_396' title='bbox 1921 2465 2188 2537; x_wconf 73' lang='lat' dir='ltr'><strong>apertum,</strong></span> <span class='ocrx_word' id='word_1_397' title='bbox 2215 2483 2284 2524; x_wconf 88' lang='lat' dir='ltr'><strong>an</strong></span> <span class='ocrx_word' id='word_1_398' title='bbox 2334 2470 2408 2526; x_wconf 88' lang='lat' dir='ltr'><strong>sit</strong></span> <span class='ocrx_word' id='word_1_399' title='bbox 2458 2471 2738 2527; x_wconf 67' lang='lat' dir='ltr'><strong>haedorum</strong></span> <span class='ocrx_word' id='word_1_400' title='bbox 2786 2474 2981 2530; x_wconf 84' lang='lat' dir='ltr'><strong>semita</strong></span> <span class='ocrx_word' id='word_1_401' title='bbox 3011 2491 3075 2532; x_wconf 76' lang='lat' dir='ltr'><strong>ea</strong></span> <span class='ocrx_word' id='word_1_402' title='bbox 3112 2493 3234 2547; x_wconf 65' lang='lat' dir='ltr'><strong>quae</strong></span> <span class='ocrx_word' id='word_1_403' title='bbox 3276 2492 3503 2551; x_wconf 77' lang='lat' dir='ltr'><strong>apparet</strong></span> 
     </span>
    </p>
   </div>
   <div class='ocr_carea' id='block_1_53' title="bbox 1919 2562 3501 2636">
    <p class='ocr_par' dir='ltr' id='par_1_53' title="bbox 1919 2562 3501 2636">
     <span class='ocr_line' id='line_1_53' title="bbox 1919 2562 3501 2636; baseline 0.009 -25"><span class='ocrx_word' id='word_1_404' title='bbox 1919 2573 2082 2627; x_wconf 87' lang='lat' dir='ltr'><strong>quam</strong></span> <span class='ocrx_word' id='word_1_405' title='bbox 2116 2567 2174 2614; x_wconf 91' lang='lat' dir='ltr'><strong>tu</strong></span> <span class='ocrx_word' id='word_1_406' title='bbox 2228 2562 2480 2631; x_wconf 82' lang='lat' dir='ltr'><strong>sequeris</strong></span> <span class='ocrx_word' id='word_1_407' title='bbox 2514 2581 2530 2628; x_wconf 88' lang='lat'>;</span> <span class='ocrx_word' id='word_1_408' title='bbox 2558 2572 2845 2634; x_wconf 81' lang='lat' dir='ltr'><strong>propterea</strong></span> <span class='ocrx_word' id='word_1_409' title='bbox 2880 2567 3024 2636; x_wconf 90' lang='lat' dir='ltr'><strong>quod</strong></span> <span class='ocrx_word' id='word_1_410' title='bbox 3055 2582 3086 2622; x_wconf 87' lang='lat' dir='ltr'><strong>a</strong></span> <span class='ocrx_word' id='word_1_411' title='bbox 3122 2575 3177 2623; x_wconf 87' lang='lat' dir='ltr'><strong>te</strong></span> <span class='ocrx_word' id='word_1_412' title='bbox 3221 2585 3331 2625; x_wconf 91' lang='lat' dir='ltr'><strong>non</strong></span> <span class='ocrx_word' id='word_1_413' title='bbox 3378 2588 3501 2627; x_wconf 86' lang='lat' dir='ltr'><strong>cer-</strong></span> 
     </span>
    </p>
   </div>
   <div class='ocr_carea' id='block_1_54' title="bbox 1918 2651 3499 2729">
    <p class='ocr_par' dir='ltr' id='par_1_54' title="bbox 1918 2651 3499 2729">
     <span class='ocr_line' id='line_1_54' title="bbox 1918 2651 3499 2729; baseline 0.007 -25"><span class='ocrx_word' id='word_1_414' title='bbox 1918 2659 2122 2705; x_wconf 89' lang='lat' dir='ltr'><strong>nantur</strong></span> <span class='ocrx_word' id='word_1_415' title='bbox 2150 2651 2242 2722; x_wconf 89' lang='lat' dir='ltr'><strong>qui</strong></span> <span class='ocrx_word' id='word_1_416' title='bbox 2276 2653 2523 2723; x_wconf 78' lang='lat' dir='ltr'><strong>vestigiis</strong></span> <span class='ocrx_word' id='word_1_417' title='bbox 2567 2654 2683 2710; x_wconf 87' lang='lat' dir='ltr'><strong>suis</strong></span> <span class='ocrx_word' id='word_1_418' title='bbox 2714 2656 2856 2709; x_wconf 86' lang='lat' dir='ltr'><strong>viam</strong></span> <span class='ocrx_word' id='word_1_419' title='bbox 2889 2658 3176 2721; x_wconf 85' lang='lat' dir='ltr'><strong>triverunt,</strong></span> <span class='ocrx_word' id='word_1_420' title='bbox 3209 2668 3499 2729; x_wconf 86' lang='lat' dir='ltr'><strong>postquam</strong></span> 
     </span>
    </p>
   </div>
   <div class='ocr_carea' id='block_1_55' title="bbox 1918 2741 3500 2806">
    <p class='ocr_par' dir='ltr' id='par_1_55' title="bbox 1918 2741 3500 2806">
     <span class='ocr_line' id='line_1_55' title="bbox 1918 2741 3500 2806; baseline 0.004 -9"><span class='ocrx_word' id='word_1_421' title='bbox 1918 2741 2088 2797; x_wconf 80' lang='lat' dir='ltr'><strong>vitam</strong></span> <span class='ocrx_word' id='word_1_422' title='bbox 2142 2743 2611 2806; x_wconf 84' lang='lat' dir='ltr'><strong>transmiseris,et</strong></span> <span class='ocrx_word' id='word_1_423' title='bbox 2651 2746 2704 2798; x_wconf 92' lang='lat' dir='ltr'><strong>in</strong></span> <span class='ocrx_word' id='word_1_424' title='bbox 2737 2745 2932 2801; x_wconf 89' lang='lat' dir='ltr'><strong>mortis</strong></span> <span class='ocrx_word' id='word_1_425' title='bbox 2970 2748 3246 2803; x_wconf 85' lang='lat' dir='ltr'><strong>stabulum</strong></span> <span class='ocrx_word' id='word_1_426' title='bbox 3285 2751 3500 2804; x_wconf 85' lang='lat' dir='ltr'><strong>inclusa</strong></span> 
     </span>
    </p>
   </div>
   <div class='ocr_carea' id='block_1_56' title="bbox 1920 2833 3503 2908">
    <p class='ocr_par' dir='ltr' id='par_1_56' title="bbox 1920 2833 3503 2908">
     <span class='ocr_line' id='line_1_56' title="bbox 1920 2833 3503 2908; baseline 0.005 -20"><span class='ocrx_word' id='word_1_427' title='bbox 1920 2833 2551 2901; x_wconf 77' lang='lat' dir='ltr'><strong>fueris,timendum‘est</strong></span> <span class='ocrx_word' id='word_1_428' title='bbox 2583 2852 2652 2892; x_wconf 91' lang='lat' dir='ltr'><strong>ne</strong></span> <span class='ocrx_word' id='word_1_429' title='bbox 2680 2839 2736 2891; x_wconf 92' lang='lat' dir='ltr'><strong>in</strong></span> <span class='ocrx_word' id='word_1_430' title='bbox 2767 2854 2981 2908; x_wconf 81' lang='lat' dir='ltr'><strong>gregem</strong></span> <span class='ocrx_word' id='word_1_431' title='bbox 3015 2839 3297 2895; x_wconf 69' lang='lat' dir='ltr'><strong>haedorum</strong></span> <span class='ocrx_word' id='word_1_432' title='bbox 3335 2845 3503 2898; x_wconf 86' lang='lat' dir='ltr'><strong>ascri-</strong></span> 
     </span>
    </p>
   </div>
   <div class='ocr_carea' id='block_1_57' title="bbox 1919 2926 3499 3002">
    <p class='ocr_par' dir='ltr' id='par_1_57' title="bbox 1919 2926 3499 3002">
     <span class='ocr_line' id='line_1_57' title="bbox 1919 2926 3499 3002; baseline 0.006 -20"><span class='ocrx_word' id='word_1_433' title='bbox 1919 2926 2089 2993; x_wconf 87' lang='lat' dir='ltr'><strong>baris,</strong></span> <span class='ocrx_word' id='word_1_434' title='bbox 2118 2942 2259 2997; x_wconf 89' lang='lat' dir='ltr'><strong>quos</strong></span> <span class='ocrx_word' id='word_1_435' title='bbox 2298 2927 2556 2999; x_wconf 86' lang='lat' dir='ltr'><strong>ignorans</strong></span> <span class='ocrx_word' id='word_1_436' title='bbox 2588 2945 2777 2985; x_wconf 88' lang='lat' dir='ltr'><strong>eorum</strong></span> <span class='ocrx_word' id='word_1_437' title='bbox 2827 2931 3074 3002; x_wconf 77' lang='lat' dir='ltr'><strong>vestigiis</strong></span> <span class='ocrx_word' id='word_1_438' title='bbox 3104 2933 3383 3002; x_wconf 88' lang='lat' dir='ltr'><strong>insistens,</strong></span> <span class='ocrx_word' id='word_1_439' title='bbox 3412 2951 3499 2991; x_wconf 81' lang='lat' dir='ltr'><strong>se-</strong></span> 
     </span>
    </p>
   </div>
   <div class='ocr_carea' id='block_1_58' title="bbox 1920 3023 2162 3074">
    <p class='ocr_par' dir='ltr' id='par_1_58' title="bbox 1920 3023 2162 3074">
     <span class='ocr_line' id='line_1_58' title="bbox 1920 3023 2162 3074; baseline -0.004 -1"><span class='ocrx_word' id='word_1_440' title='bbox 1920 3023 2045 3073; x_wconf 88' lang='lat' dir='ltr'><strong>cuta</strong></span> <span class='ocrx_word' id='word_1_441' title='bbox 2077 3033 2162 3074; x_wconf 91' lang='lat' dir='ltr'><strong>es.</strong></span> 
     </span>
    </p>
   </div>
   <div class='ocr_carea' id='block_1_59' title="bbox 1992 3106 3506 3183">
    <p class='ocr_par' dir='ltr' id='par_1_59' title="bbox 1992 3106 3506 3183">
     <span class='ocr_line' id='line_1_59' title="bbox 1992 3106 3506 3183; baseline 0.003 -21"><span class='ocrx_word' id='word_1_442' title='bbox 1992 3106 2051 3162; x_wconf 90' lang='lat' dir='ltr'><strong>Si</strong></span> <span class='ocrx_word' id='word_1_443' title='bbox 2094 3109 2234 3163; x_wconf 74' lang='lat' dir='ltr'><strong>enim</strong></span> <span class='ocrx_word' id='word_1_444' title='bbox 2288 3124 2392 3164; x_wconf 79' lang='lat' dir='ltr'><strong>non</strong></span> <span class='ocrx_word' id='word_1_445' title='bbox 2451 3125 2737 3179; x_wconf 74' lang='lat' dir='ltr'><strong>cognoscas</strong></span> <span class='ocrx_word' id='word_1_446' title='bbox 2798 3113 3042 3181; x_wconf 82' lang='lat' dir='ltr'><strong>teipsam,</strong></span> <span class='ocrx_word' id='word_1_447' title='bbox 3078 3130 3113 3167; x_wconf 83' lang='grc' dir='ltr'><strong>ο</strong></span> <span class='ocrx_word' id='word_1_448' title='bbox 3158 3113 3382 3183; x_wconf 79' lang='lat' dir='ltr'><strong>pulchra</strong></span> <span class='ocrx_word' id='word_1_449' title='bbox 3428 3115 3506 3168; x_wconf 79' lang='lat' dir='ltr'><strong>iu-</strong></span> 
     </span>
    </p>
   </div>
   <div class='ocr_carea' id='block_1_60' title="bbox 232 3199 1818 3295">
    <p class='ocr_par' dir='ltr' id='par_1_60' title="bbox 232 3199 1815 3277">
     <span class='ocr_line' id='line_1_60' title="bbox 232 3199 1815 3277; baseline 0.006 -22"><span class='ocrx_word' id='word_1_450' title='bbox 232 3199 449 3266; x_wconf 68' lang='grc' dir='ltr'>ἔξελθε</span> <span class='ocrx_word' id='word_1_451' title='bbox 489 3200 573 3256; x_wconf 80' lang='grc' dir='ltr'>σὺ</span> <span class='ocrx_word' id='word_1_452' title='bbox 618 3199 688 3257; x_wconf 81' lang='grc' dir='ltr'>ἐν</span> <span class='ocrx_word' id='word_1_453' title='bbox 727 3201 1006 3272; x_wconf 79' lang='grc' dir='ltr'>πτέρναις</span> <span class='ocrx_word' id='word_1_454' title='bbox 1048 3200 1169 3261; x_wconf 83' lang='grc' dir='ltr'><strong>τῶν</strong></span> <span class='ocrx_word' id='word_1_455' title='bbox 1197 3208 1503 3277; x_wconf 77' lang='grc' dir='ltr'>ποιμνίων,</span> <span class='ocrx_word' id='word_1_456' title='bbox 1545 3210 1645 3263; x_wconf 77' lang='grc' dir='ltr'>καὶ</span> <span class='ocrx_word' id='word_1_457' title='bbox 1683 3211 1815 3264; x_wconf 82' lang='grc' dir='ltr'>ποί-</span> 
     </span>
    </p>
   </div>
   <div class='ocr_carea' id='block_1_61' title="bbox 1922 3199 3503 3295">
    <p class='ocr_par' dir='ltr' id='par_1_61' title="bbox 1925 3202 3503 3276">
     <span class='ocr_line' id='line_1_61' title="bbox 1925 3202 3503 3276; baseline 0.004 -23"><span class='ocrx_word' id='word_1_458' title='bbox 1925 3208 2002 3255; x_wconf 86' lang='lat' dir='ltr'><strong>ter</strong></span> <span class='ocrx_word' id='word_1_459' title='bbox 2062 3202 2325 3264; x_wconf 75' lang='lat' dir='ltr'><strong>mulieres,</strong></span> <span class='ocrx_word' id='word_1_460' title='bbox 2370 3202 2613 3273; x_wconf 77' lang='lat' dir='ltr'><strong>egredere</strong></span> <span class='ocrx_word' id='word_1_461' title='bbox 2665 3212 2723 3257; x_wconf 86' lang='lat' dir='ltr'><strong>tu</strong></span> <span class='ocrx_word' id='word_1_462' title='bbox 2784 3205 2840 3258; x_wconf 83' lang='lat' dir='ltr'><strong>in</strong></span> <span class='ocrx_word' id='word_1_463' title='bbox 2903 3206 3130 3276; x_wconf 74' lang='lat' dir='ltr'><strong>vestigiis</strong></span> <span class='ocrx_word' id='word_1_464' title='bbox 3188 3221 3401 3276; x_wconf 81' lang='lat' dir='ltr'><strong>gregum</strong></span> <span class='ocrx_word' id='word_1_465' title='bbox 3453 3216 3503 3259; x_wconf 76' lang='lat' dir='ltr'><strong>et</strong></span> 
     </span>
    </p>
   </div>
   <div class='ocr_carea' id='block_1_62' title="bbox 142 3291 1828 3371">
    <p class='ocr_par' dir='ltr' id='par_1_62' title="bbox 142 3291 1828 3371">
     <span class='ocr_line' id='line_1_62' title="bbox 142 3291 1828 3371; baseline 0.008 -28"><span class='ocrx_word' id='word_1_466' title='bbox 142 3366 149 3371; x_wconf 31' lang='lat'><em>.</em></span> <span class='ocrx_word' id='word_1_467' title='bbox 227 3306 412 3363; x_wconf 77' lang='grc' dir='ltr'>μαινε</span> <span class='ocrx_word' id='word_1_468' title='bbox 435 3292 577 3358; x_wconf 80' lang='grc' dir='ltr'>τοὺς</span> <span class='ocrx_word' id='word_1_469' title='bbox 596 3291 840 3363; x_wconf 72' lang='grc' dir='ltr'>ἐρίφους</span> <span class='ocrx_word' id='word_1_470' title='bbox 863 3295 962 3349; x_wconf 79' lang='grc' dir='ltr'><strong>ἐπὶ</strong></span> <span class='ocrx_word' id='word_1_471' title='bbox 983 3296 1341 3367; x_wconf 81' lang='grc' dir='ltr'>σκηνώμασι</span> <span class='ocrx_word' id='word_1_472' title='bbox 1368 3298 1487 3353; x_wconf 86' lang='grc' dir='ltr'><strong>τῶν</strong></span> <span class='ocrx_word' id='word_1_473' title='bbox 1513 3299 1828 3370; x_wconf 79' lang='grc' dir='ltr'>ποιμένων.</span> 
     </span>
    </p>
   </div>
   <div class='ocr_carea' id='block_1_63' title="bbox 238 3384 1825 3465">
    <p class='ocr_par' dir='ltr' id='par_1_63' title="bbox 238 3384 1825 3465">
     <span class='ocr_line' id='line_1_63' title="bbox 238 3384 1825 3465; baseline 0.01 -30"><span class='ocrx_word' id='word_1_474' title='bbox 238 3385 421 3455; x_wconf 73' lang='grc' dir='ltr'>Ὅπερ</span> <span class='ocrx_word' id='word_1_475' title='bbox 455 3384 520 3438; x_wconf 85' lang='grc' dir='ltr'><strong>δι’</strong></span> <span class='ocrx_word' id='word_1_476' title='bbox 550 3385 738 3457; x_wconf 78' lang='grc' dir='ltr'>ἑτέρου</span> <span class='ocrx_word' id='word_1_477' title='bbox 782 3386 928 3450; x_wconf 84' lang='grc' dir='ltr'>τινὸς</span> <span class='ocrx_word' id='word_1_478' title='bbox 968 3388 1301 3460; x_wconf 85' lang='grc' dir='ltr'>ἀντιγράφου</span> <span class='ocrx_word' id='word_1_479' title='bbox 1333 3391 1663 3465; x_wconf 86' lang='grc' dir='ltr'>σαφέστερον</span> <span class='ocrx_word' id='word_1_480' title='bbox 1711 3395 1825 3451; x_wconf 77' lang='grc' dir='ltr'>ἐστι</span> 
     </span>
    </p>
   </div>
   <div class='ocr_carea' id='block_1_64' title="bbox 234 3476 1826 3556">
    <p class='ocr_par' dir='ltr' id='par_1_64' title="bbox 234 3476 1826 3556">
     <span class='ocr_line' id='line_1_64' title="bbox 234 3476 1826 3556; baseline 0.008 -27"><span class='ocrx_word' id='word_1_481' title='bbox 234 3476 591 3548; x_wconf 81' lang='grc' dir='ltr'>κατανοῆσαι,</span> <span class='ocrx_word' id='word_1_482' title='bbox 615 3476 692 3541; x_wconf 85' lang='grc' dir='ltr'>ὡς</span> <span class='ocrx_word' id='word_1_483' title='bbox 736 3477 793 3531; x_wconf 86' lang='grc' dir='ltr'>δὲ</span> <span class='ocrx_word' id='word_1_484' title='bbox 839 3478 914 3551; x_wconf 84' lang='grc' dir='ltr'>μὴ</span> <span class='ocrx_word' id='word_1_485' title='bbox 969 3479 1067 3550; x_wconf 84' lang='grc' dir='ltr'>τὴν</span> <span class='ocrx_word' id='word_1_486' title='bbox 1123 3477 1372 3546; x_wconf 81' lang='grc' dir='ltr'>σύνταξιν</span> <span class='ocrx_word' id='word_1_487' title='bbox 1413 3482 1523 3537; x_wconf 92' lang='grc' dir='ltr'><strong>τῶν</strong></span> <span class='ocrx_word' id='word_1_488' title='bbox 1566 3486 1826 3556; x_wconf 81' lang='grc' dir='ltr'>ῥημάτων</span> 
     </span>
    </p>
   </div>
   <div class='ocr_carea' id='block_1_65' title="bbox 234 3572 1824 3652">
    <p class='ocr_par' dir='ltr' id='par_1_65' title="bbox 234 3572 1824 3652">
     <span class='ocr_line' id='line_1_65' title="bbox 234 3572 1824 3652; baseline 0.007 -27"><span class='ocrx_word' id='word_1_489' title='bbox 234 3572 416 3625; x_wconf 84' lang='grc' dir='ltr'>δοκεῖν</span> <span class='ocrx_word' id='word_1_490' title='bbox 451 3572 837 3643; x_wconf 81' lang='grc' dir='ltr'>ἀσυναρτήτως</span> <span class='ocrx_word' id='word_1_491' title='bbox 875 3573 1039 3645; x_wconf 79' lang='grc' dir='ltr'>ἔχειν.</span> <span class='ocrx_word' id='word_1_492' title='bbox 1090 3576 1228 3647; x_wconf 77' lang='grc' dir='ltr'>Φησὶ</span> <span class='ocrx_word' id='word_1_493' title='bbox 1257 3577 1387 3648; x_wconf 85' lang='grc' dir='ltr'>γὰρ,</span> <span class='ocrx_word' id='word_1_494' title='bbox 1434 3579 1517 3632; x_wconf 80' lang='grc' dir='ltr'>ὅτι</span> <span class='ocrx_word' id='word_1_495' title='bbox 1570 3581 1712 3634; x_wconf 83' lang='grc' dir='ltr'><strong>Ἐὰν</strong></span> <span class='ocrx_word' id='word_1_496' title='bbox 1736 3583 1824 3652; x_wconf 81' lang='grc' dir='ltr'>μὴ</span> 
     </span>
    </p>
   </div>
   <div class='ocr_carea' id='block_1_66' title="bbox 235 3660 1824 3742">
    <p class='ocr_par' dir='ltr' id='par_1_66' title="bbox 235 3660 1824 3742">
     <span class='ocr_line' id='line_1_66' title="bbox 235 3660 1824 3742; baseline 0.008 -27"><span class='ocrx_word' id='word_1_497' title='bbox 235 3660 400 3733; x_wconf 76' lang='grc' dir='ltr'>γνῷς</span> <span class='ocrx_word' id='word_1_498' title='bbox 441 3664 729 3733; x_wconf 82' lang='grc' dir='ltr'>σεαυτὴν,</span> <span class='ocrx_word' id='word_1_499' title='bbox 764 3666 804 3734; x_wconf 77' lang='grc' dir='ltr'><strong><em>ἡ</em></strong></span> <span class='ocrx_word' id='word_1_500' title='bbox 868 3665 1027 3736; x_wconf 76' lang='grc' dir='ltr'>καλὴ</span> <span class='ocrx_word' id='word_1_501' title='bbox 1087 3668 1158 3722; x_wconf 80' lang='grc' dir='ltr'>ἐν</span> <span class='ocrx_word' id='word_1_502' title='bbox 1215 3669 1513 3739; x_wconf 74' lang='grc' dir='ltr'>γυναιξὶν,</span> <span class='ocrx_word' id='word_1_503' title='bbox 1570 3670 1824 3742; x_wconf 75' lang='grc' dir='ltr'>ἐξῆλθες</span> 
     </span>
    </p>
   </div>
   <div class='ocr_carea' id='block_1_67' title="bbox 233 3752 1826 3832">
    <p class='ocr_par' dir='ltr' id='par_1_67' title="bbox 233 3752 1826 3832">
     <span class='ocr_line' id='line_1_67' title="bbox 233 3752 1826 3832; baseline 0.005 -25"><span class='ocrx_word' id='word_1_504' title='bbox 233 3753 309 3808; x_wconf 78' lang='grc' dir='ltr'>ἐκ</span> <span class='ocrx_word' id='word_1_505' title='bbox 352 3752 474 3809; x_wconf 83' lang='grc' dir='ltr'><strong>τῶν</strong></span> <span class='ocrx_word' id='word_1_506' title='bbox 510 3755 783 3824; x_wconf 77' lang='grc' dir='ltr'>πτερνῶν</span> <span class='ocrx_word' id='word_1_507' title='bbox 829 3757 938 3811; x_wconf 81' lang='grc' dir='ltr'><strong>τοῦ</strong></span> <span class='ocrx_word' id='word_1_508' title='bbox 992 3759 1295 3827; x_wconf 78' lang='grc' dir='ltr'>ποιμνίου·</span> <span class='ocrx_word' id='word_1_509' title='bbox 1341 3760 1442 3815; x_wconf 79' lang='grc' dir='ltr'>καὶ</span> <span class='ocrx_word' id='word_1_510' title='bbox 1491 3763 1826 3832; x_wconf 80' lang='grc' dir='ltr'>ποιμαίνεις</span> 
     </span>
    </p>
   </div>
   <div class='ocr_carea' id='block_1_68' title="bbox 235 3838 1824 3920">
    <p class='ocr_par' dir='ltr' id='par_1_68' title="bbox 235 3838 1824 3920">
     <span class='ocr_line' id='line_1_68' title="bbox 235 3838 1824 3920; baseline 0.006 -22"><span class='ocrx_word' id='word_1_511' title='bbox 235 3844 486 3913; x_wconf 71' lang='grc' dir='ltr'>ἐρίφους</span> <span class='ocrx_word' id='word_1_512' title='bbox 541 3844 675 3900; x_wconf 73' lang='grc' dir='ltr'>ἀντὶ</span> <span class='ocrx_word' id='word_1_513' title='bbox 728 3838 1140 3917; x_wconf 69' lang='grc' dir='ltr'>’σκηνωμάτων</span> <span class='ocrx_word' id='word_1_514' title='bbox 1194 3849 1514 3920; x_wconf 69' lang='grc' dir='ltr'>ποιμένων-ο</span> <span class='ocrx_word' id='word_1_515' title='bbox 1567 3850 1707 3905; x_wconf 80' lang='grc' dir='ltr'>ὥστε</span> <span class='ocrx_word' id='word_1_516' title='bbox 1756 3853 1824 3907; x_wconf 88' lang='grc' dir='ltr'><strong>δι’</strong></span> 
     </span>
    </p>
   </div>
   <div class='ocr_carea' id='block_1_69' title="bbox 238 3935 1825 4024">
    <p class='ocr_par' dir='ltr' id='par_1_69' title="bbox 238 3935 1825 4024">
     <span class='ocr_line' id='line_1_69' title="bbox 238 3935 1825 4024; baseline 0.004 -34"><span class='ocrx_word' id='word_1_517' title='bbox 238 3935 529 4007; x_wconf 86' lang='grc' dir='ltr'>ἀκριϐείας</span> <span class='ocrx_word' id='word_1_518' title='bbox 577 3936 894 4007; x_wconf 83' lang='grc' dir='ltr'>συμϐαίνειν</span> <span class='ocrx_word' id='word_1_519' title='bbox 944 3938 1043 4010; x_wconf 82' lang='grc' dir='ltr'>τὴν</span> <span class='ocrx_word' id='word_1_520' title='bbox 1090 3940 1149 3993; x_wconf 78' lang='grc' dir='ltr'>ὲν</span> <span class='ocrx_word' id='word_1_521' title='bbox 1202 3943 1315 4005; x_wconf 81' lang='grc' dir='ltr'>τοῖς</span> <span class='ocrx_word' id='word_1_522' title='bbox 1344 3942 1567 4024; x_wconf 61' lang='grc' dir='ltr'>ῥήμασι</span> <span class='ocrx_word' id='word_1_523' title='bbox 1614 3942 1825 4005; x_wconf 81' lang='grc' dir='ltr'>τούτοις</span> 
     </span>
    </p>
   </div>
   <div class='ocr_carea' id='block_1_70' title="bbox 237 4026 1821 4106">
    <p class='ocr_par' dir='ltr' id='par_1_70' title="bbox 237 4026 1821 4106">
     <span class='ocr_line' id='line_1_70' title="bbox 237 4026 1821 4106; baseline 0.004 -24"><span class='ocrx_word' id='word_1_524' title='bbox 237 4026 649 4099; x_wconf 64' lang='grc' dir='ltr'>ἐμφαινομένην</span> <span class='ocrx_word' id='word_1_525' title='bbox 671 4028 907 4083; x_wconf 84' lang='grc' dir='ltr'>διάνοιαν</span> <span class='ocrx_word' id='word_1_526' title='bbox 944 4032 1009 4101; x_wconf 83' lang='grc' dir='ltr'><strong>τῇ</strong></span> <span class='ocrx_word' id='word_1_527' title='bbox 1041 4031 1470 4104; x_wconf 86' lang='grc' dir='ltr'>προαποδοθείσῃ</span> <span class='ocrx_word' id='word_1_528' title='bbox 1500 4032 1701 4106; x_wconf 83' lang='grc' dir='ltr'>θεωρίᾳ</span> <span class='ocrx_word' id='word_1_529' title='bbox 1726 4034 1821 4089; x_wconf 90' lang='grc' dir='ltr'><strong>τοῦ</strong></span> 
     </span>
    </p>
   </div>
   <div class='ocr_carea' id='block_1_71' title="bbox 237 4114 1817 4198">
    <p class='ocr_par' dir='ltr' id='par_1_71' title="bbox 237 4114 1817 4198">
     <span class='ocr_line' id='line_1_71' title="bbox 237 4114 1817 4198; baseline 0.006 -30"><span class='ocrx_word' id='word_1_530' title='bbox 237 4114 421 4185; x_wconf 84' lang='grc' dir='ltr'>λόγου.</span> <span class='ocrx_word' id='word_1_531' title='bbox 450 4115 660 4171; x_wconf 81' lang='grc' dir='ltr'>Οὐκοῦν</span> <span class='ocrx_word' id='word_1_532' title='bbox 690 4118 777 4173; x_wconf 78' lang='grc' dir='ltr'>ἶνα</span> <span class='ocrx_word' id='word_1_533' title='bbox 805 4117 879 4190; x_wconf 80' lang='grc' dir='ltr'>μὴ</span> <span class='ocrx_word' id='word_1_534' title='bbox 907 4118 1079 4172; x_wconf 91' lang='grc' dir='ltr'>ταῦτα</span> <span class='ocrx_word' id='word_1_535' title='bbox 1109 4120 1307 4194; x_wconf 81' lang='grc' dir='ltr'>πάθῃς,</span> <span class='ocrx_word' id='word_1_536' title='bbox 1337 4122 1568 4195; x_wconf 85' lang='grc' dir='ltr'>πρόσεχε</span> <span class='ocrx_word' id='word_1_537' title='bbox 1592 4126 1817 4198; x_wconf 75' lang='grc' dir='ltr'>σεαυτῇ,</span> 
     </span>
    </p>
   </div>
   <div class='ocr_carea' id='block_1_72' title="bbox 238 4208 1820 4285">
    <p class='ocr_par' dir='ltr' id='par_1_72' title="bbox 238 4208 1820 4285">
     <span class='ocr_line' id='line_1_72' title="bbox 238 4208 1820 4285; baseline 0.006 -25"><span class='ocrx_word' id='word_1_538' title='bbox 238 4208 408 4279; x_wconf 63' lang='grc' dir='ltr'>φησιν</span> <span class='ocrx_word' id='word_1_539' title='bbox 438 4210 468 4262; x_wconf 97' lang='lat'><strong>6</strong></span> <span class='ocrx_word' id='word_1_540' title='bbox 505 4208 680 4279; x_wconf 86' lang='grc' dir='ltr'>λόγος.</span> <span class='ocrx_word' id='word_1_541' title='bbox 707 4208 877 4264; x_wconf 88' lang='grc' dir='ltr'>Τοῦτο</span> <span class='ocrx_word' id='word_1_542' title='bbox 896 4212 1005 4282; x_wconf 90' lang='grc' dir='ltr'><strong>γάρ</strong></span> <span class='ocrx_word' id='word_1_543' title='bbox 1033 4213 1181 4265; x_wconf 76' lang='grc' dir='ltr'>ἔστιν</span> <span class='ocrx_word' id='word_1_544' title='bbox 1211 4212 1447 4282; x_wconf 77' lang='grc' dir='ltr'>ἀσφαλὲς</span> <span class='ocrx_word' id='word_1_545' title='bbox 1468 4214 1576 4269; x_wconf 88' lang='grc' dir='ltr'><strong>τῶν</strong></span> <span class='ocrx_word' id='word_1_546' title='bbox 1600 4215 1820 4285; x_wconf 85' lang='grc' dir='ltr'>ἀγαθῶν</span> 
     </span>
    </p>
   </div>
   <div class='ocr_carea' id='block_1_73' title="bbox 237 4298 1823 4377">
    <p class='ocr_par' dir='ltr' id='par_1_73' title="bbox 237 4298 1823 4377">
     <span class='ocr_line' id='line_1_73' title="bbox 237 4298 1823 4377; baseline 0.006 -26"><span class='ocrx_word' id='word_1_547' title='bbox 237 4298 637 4371; x_wconf 75' lang='grc' dir='ltr'>φυλακτήριον·</span> <span class='ocrx_word' id='word_1_548' title='bbox 667 4300 835 4369; x_wconf 88' lang='grc' dir='ltr'>γνῶθι</span> <span class='ocrx_word' id='word_1_549' title='bbox 884 4302 1049 4357; x_wconf 86' lang='grc' dir='ltr'>πόσον</span> <span class='ocrx_word' id='word_1_550' title='bbox 1103 4303 1242 4375; x_wconf 78' lang='grc' dir='ltr'>ὑπὲρ</span> <span class='ocrx_word' id='word_1_551' title='bbox 1278 4305 1378 4376; x_wconf 83' lang='grc' dir='ltr'>τὴν</span> <span class='ocrx_word' id='word_1_552' title='bbox 1416 4305 1606 4377; x_wconf 78' lang='grc' dir='ltr'>λοιπὴν</span> <span class='ocrx_word' id='word_1_553' title='bbox 1647 4308 1823 4361; x_wconf 81' lang='grc' dir='ltr'>κτίσιν</span> 
     </span>
    </p>
   </div>
   <div class='ocr_carea' id='block_1_74' title="bbox 240 4390 1826 4470">
    <p class='ocr_par' dir='ltr' id='par_1_74' title="bbox 240 4390 1826 4470">
     <span class='ocr_line' id='line_1_74' title="bbox 240 4390 1826 4470; baseline 0.006 -26"><span class='ocrx_word' id='word_1_554' title='bbox 240 4391 396 4462; x_wconf 87' lang='grc' dir='ltr'><strong>παρά</strong></span> <span class='ocrx_word' id='word_1_555' title='bbox 425 4390 518 4444; x_wconf 90' lang='grc' dir='ltr'><strong>τοῦ</strong></span> <span class='ocrx_word' id='word_1_556' title='bbox 550 4393 909 4464; x_wconf 82' lang='grc' dir='ltr'>πεποιηκότος</span> <span class='ocrx_word' id='word_1_557' title='bbox 937 4394 1246 4466; x_wconf 83' lang='grc' dir='ltr'>τετίμησαι.</span> <span class='ocrx_word' id='word_1_558' title='bbox 1281 4396 1394 4450; x_wconf 76' lang='grc' dir='ltr'><strong>Οὐκ</strong></span> <span class='ocrx_word' id='word_1_559' title='bbox 1417 4397 1644 4470; x_wconf 82' lang='grc' dir='ltr'>οὐρανὸς</span> <span class='ocrx_word' id='word_1_560' title='bbox 1665 4398 1826 4468; x_wconf 89' lang='grc' dir='ltr'>γέγο-</span> 
     </span>
    </p>
   </div>
   <div class='ocr_carea' id='block_1_75' title="bbox 1927 3292 3506 3368">
    <p class='ocr_par' dir='ltr' id='par_1_75' title="bbox 1927 3292 3506 3368">
     <span class='ocr_line' id='line_1_75' title="bbox 1927 3292 3506 3368; baseline 0.004 -23"><span class='ocrx_word' id='word_1_561' title='bbox 1927 3308 2081 3363; x_wconf 85' lang='lat' dir='ltr'><strong>pasce</strong></span> <span class='ocrx_word' id='word_1_562' title='bbox 2109 3292 2282 3348; x_wconf 65' lang='lat' dir='ltr'><strong>ha’dos</strong></span> <span class='ocrx_word' id='word_1_563' title='bbox 2324 3293 2379 3348; x_wconf 82' lang='lat' dir='ltr'><strong>in</strong></span> <span class='ocrx_word' id='word_1_564' title='bbox 2436 3293 2788 3350; x_wconf 74' lang='lat' dir='ltr'><strong>tabernaculis</strong></span> <span class='ocrx_word' id='word_1_565' title='bbox 2840 3306 3136 3364; x_wconf 74' lang='lat' dir='ltr'><strong>pastorum.</strong></span> <span class='ocrx_word' id='word_1_566' title='bbox 3172 3297 3329 3364; x_wconf 78' lang='lat' dir='ltr'><strong>Quod</strong></span> <span class='ocrx_word' id='word_1_567' title='bbox 3383 3299 3506 3368; x_wconf 86' lang='lat' dir='ltr'><strong>qui-</strong></span> 
     </span>
    </p>
   </div>
   <div class='ocr_carea' id='block_1_76' title="bbox 1926 3383 3503 3459">
    <p class='ocr_par' dir='ltr' id='par_1_76' title="bbox 1926 3383 3503 3459">
     <span class='ocr_line' id='line_1_76' title="bbox 1926 3383 3503 3459; baseline 0.003 -20"><span class='ocrx_word' id='word_1_568' title='bbox 1926 3385 2051 3439; x_wconf 87' lang='lat' dir='ltr'><strong>dem</strong></span> <span class='ocrx_word' id='word_1_569' title='bbox 2081 3383 2297 3442; x_wconf 83' lang='lat' dir='ltr'><strong>facilius</strong></span> <span class='ocrx_word' id='word_1_570' title='bbox 2327 3386 2453 3441; x_wconf 88' lang='lat' dir='ltr'><strong>licet</strong></span> <span class='ocrx_word' id='word_1_571' title='bbox 2478 3385 2788 3457; x_wconf 83' lang='lat' dir='ltr'><strong>intelligere</strong></span> <span class='ocrx_word' id='word_1_572' title='bbox 2826 3402 2923 3458; x_wconf 89' lang='lat' dir='ltr'><strong>per</strong></span> <span class='ocrx_word' id='word_1_573' title='bbox 2950 3389 3183 3445; x_wconf 72' lang='lat' dir='ltr'><strong>alterum</strong></span> <span class='ocrx_word' id='word_1_574' title='bbox 3206 3394 3503 3459; x_wconf 70' lang='lat' dir='ltr'><strong>exempfar,</strong></span> 
     </span>
    </p>
   </div>
   <div class='ocr_carea' id='block_1_77' title="bbox 1927 3468 3505 3547">
    <p class='ocr_par' dir='ltr' id='par_1_77' title="bbox 1927 3468 3505 3547">
     <span class='ocr_line' id='line_1_77' title="bbox 1927 3468 3505 3547; baseline 0.004 -19"><span class='ocrx_word' id='word_1_575' title='bbox 1927 3481 1987 3528; x_wconf 91' lang='lat' dir='ltr'><strong>ut</strong></span> <span class='ocrx_word' id='word_1_576' title='bbox 2019 3489 2086 3530; x_wconf 90' lang='lat' dir='ltr'><strong>ne</strong></span> <span class='ocrx_word' id='word_1_577' title='bbox 2117 3468 2407 3530; x_wconf 80' lang='lat' dir='ltr'><strong>verborum</strong></span> <span class='ocrx_word' id='word_1_578' title='bbox 2464 3477 2684 3547; x_wconf 87' lang='lat' dir='ltr'><strong>quidem</strong></span> <span class='ocrx_word' id='word_1_579' title='bbox 2733 3478 3079 3533; x_wconf 86' lang='lat' dir='ltr'><strong>constructio</strong></span> <span class='ocrx_word' id='word_1_580' title='bbox 3109 3479 3357 3534; x_wconf 81' lang='lat' dir='ltr'><strong>rideatur</strong></span> <span class='ocrx_word' id='word_1_581' title='bbox 3398 3496 3505 3535; x_wconf 84' lang='lat' dir='ltr'><strong>non</strong></span> 
     </span>
    </p>
   </div>
   <div class='ocr_carea' id='block_1_78' title="bbox 1926 3565 3502 3640">
    <p class='ocr_par' dir='ltr' id='par_1_78' title="bbox 1926 3565 3502 3640">
     <span class='ocr_line' id='line_1_78' title="bbox 1926 3565 3502 3640; baseline 0.004 -20"><span class='ocrx_word' id='word_1_582' title='bbox 1926 3565 2226 3621; x_wconf 67' lang='lat' dir='ltr'><strong>cohaarere.</strong></span> <span class='ocrx_word' id='word_1_583' title='bbox 2280 3566 2420 3622; x_wconf 90' lang='lat' dir='ltr'><strong>Dicit</strong></span> <span class='ocrx_word' id='word_1_584' title='bbox 2450 3568 2595 3623; x_wconf 89' lang='lat' dir='ltr'><strong>enim</strong></span> <span class='ocrx_word' id='word_1_585' title='bbox 2631 3588 2647 3624; x_wconf 91' lang='lat'><strong>:</strong></span> <span class='ocrx_word' id='word_1_586' title='bbox 2680 3567 2741 3623; x_wconf 85' lang='lat' dir='ltr'><strong>Si</strong></span> <span class='ocrx_word' id='word_1_587' title='bbox 2770 3586 2873 3624; x_wconf 84' lang='lat' dir='ltr'><strong>non</strong></span> <span class='ocrx_word' id='word_1_588' title='bbox 2909 3586 3191 3640; x_wconf 79' lang='lat' dir='ltr'><strong>cognoscas</strong></span> <span class='ocrx_word' id='word_1_589' title='bbox 3220 3580 3270 3626; x_wconf 85' lang='lat' dir='ltr'><strong>te</strong></span> <span class='ocrx_word' id='word_1_590' title='bbox 3312 3573 3502 3638; x_wconf 73' lang='lat' dir='ltr'><strong>ipsum,</strong></span> 
     </span>
    </p>
   </div>
   <div class='ocr_carea' id='block_1_79' title="bbox 1926 3655 3501 3730">
    <p class='ocr_par' dir='ltr' id='par_1_79' title="bbox 1926 3655 3501 3730">
     <span class='ocr_line' id='line_1_79' title="bbox 1926 3655 3501 3730; baseline 0.004 -23"><span class='ocrx_word' id='word_1_591' title='bbox 1926 3670 1956 3707; x_wconf 94' lang='grc' dir='ltr'><strong>ο</strong></span> <span class='ocrx_word' id='word_1_592' title='bbox 1992 3655 2214 3720; x_wconf 79' lang='lat' dir='ltr'><strong>pulchra</strong></span> <span class='ocrx_word' id='word_1_593' title='bbox 2241 3655 2378 3710; x_wconf 87' lang='lat' dir='ltr'><strong>inter</strong></span> <span class='ocrx_word' id='word_1_594' title='bbox 2405 3656 2673 3720; x_wconf 82' lang='lat' dir='ltr'><strong>mulieres,</strong></span> <span class='ocrx_word' id='word_1_595' title='bbox 2695 3674 2905 3728; x_wconf 85' lang='lat' dir='ltr'><strong>egressa</strong></span> <span class='ocrx_word' id='word_1_596' title='bbox 2936 3674 2991 3713; x_wconf 81' lang='lat' dir='ltr'><strong>es</strong></span> <span class='ocrx_word' id='word_1_597' title='bbox 3042 3660 3097 3713; x_wconf 87' lang='lat' dir='ltr'><strong>in</strong></span> <span class='ocrx_word' id='word_1_598' title='bbox 3129 3660 3359 3730; x_wconf 72' lang='lat' dir='ltr'><strong>vestigiis</strong></span> <span class='ocrx_word' id='word_1_599' title='bbox 3382 3678 3501 3730; x_wconf 62' lang='lat' dir='ltr'><strong>greo</strong></span> 
     </span>
    </p>
   </div>
   <div class='ocr_carea' id='block_1_80' title="bbox 1925 3748 3504 3818">
    <p class='ocr_par' dir='ltr' id='par_1_80' title="bbox 1925 3748 3504 3818">
     <span class='ocr_line' id='line_1_80' title="bbox 1925 3748 3504 3818; baseline 0.005 -20"><span class='ocrx_word' id='word_1_600' title='bbox 1925 3762 2087 3816; x_wconf 87' lang='lat' dir='ltr'><strong>gum,</strong></span> <span class='ocrx_word' id='word_1_601' title='bbox 2135 3757 2185 3801; x_wconf 87' lang='lat' dir='ltr'><strong>et</strong></span> <span class='ocrx_word' id='word_1_602' title='bbox 2235 3748 2415 3817; x_wconf 84' lang='lat' dir='ltr'><strong>pascis</strong></span> <span class='ocrx_word' id='word_1_603' title='bbox 2464 3748 2642 3803; x_wconf 64' lang='lat' dir='ltr'><strong>haedos</strong></span> <span class='ocrx_word' id='word_1_604' title='bbox 2689 3765 2782 3818; x_wconf 81' lang='lat' dir='ltr'><strong>pro</strong></span> <span class='ocrx_word' id='word_1_605' title='bbox 2821 3748 3177 3804; x_wconf 80' lang='lat' dir='ltr'><strong>tabernaculis</strong></span> <span class='ocrx_word' id='word_1_606' title='bbox 3204 3761 3504 3818; x_wconf 82' lang='lat' dir='ltr'><strong>pastorum,</strong></span> 
     </span>
    </p>
   </div>
   <div class='ocr_carea' id='block_1_81' title="bbox 1925 3837 3505 3911">
    <p class='ocr_par' dir='ltr' id='par_1_81' title="bbox 1925 3837 3505 3911">
     <span class='ocr_line' id='line_1_81' title="bbox 1925 3837 3505 3911; baseline 0.004 -19"><span class='ocrx_word' id='word_1_607' title='bbox 1925 3837 2063 3893; x_wconf 89' lang='lat' dir='ltr'><strong>adeo</strong></span> <span class='ocrx_word' id='word_1_608' title='bbox 2091 3845 2150 3891; x_wconf 94' lang='lat' dir='ltr'><strong>ut</strong></span> <span class='ocrx_word' id='word_1_609' title='bbox 2179 3853 2301 3908; x_wconf 65' lang='lat' dir='ltr'><strong>quae</strong></span> <span class='ocrx_word' id='word_1_610' title='bbox 2324 3839 2378 3893; x_wconf 92' lang='lat' dir='ltr'><strong>in</strong></span> <span class='ocrx_word' id='word_1_611' title='bbox 2411 3838 2497 3895; x_wconf 90' lang='lat' dir='ltr'><strong>his</strong></span> <span class='ocrx_word' id='word_1_612' title='bbox 2524 3839 2687 3896; x_wconf 89' lang='lat' dir='ltr'><strong>dictis</strong></span> <span class='ocrx_word' id='word_1_613' title='bbox 2725 3847 2950 3911; x_wconf 85' lang='lat' dir='ltr'><strong>apparet</strong></span> <span class='ocrx_word' id='word_1_614' title='bbox 2996 3842 3290 3907; x_wconf 86' lang='lat' dir='ltr'><strong>sententia,</strong></span> <span class='ocrx_word' id='word_1_615' title='bbox 3316 3856 3505 3899; x_wconf 80' lang='lat' dir='ltr'><strong>exacte</strong></span> 
     </span>
    </p>
   </div>
   <div class='ocr_carea' id='block_1_82' title="bbox 1927 3930 3555 4009">
    <p class='ocr_par' dir='ltr' id='par_1_82' title="bbox 1927 3930 3555 4009">
     <span class='ocr_line' id='line_1_82' title="bbox 1927 3930 3555 4009; baseline 0 -22"><span class='ocrx_word' id='word_1_616' title='bbox 1927 3931 2217 3987; x_wconf 82' lang='lat' dir='ltr'><strong>conveniat</strong></span> <span class='ocrx_word' id='word_1_617' title='bbox 2266 3931 2314 3986; x_wconf 92' lang='lat' dir='ltr'><strong>ei</strong></span> <span class='ocrx_word' id='word_1_618' title='bbox 2341 3946 2504 4000; x_wconf 91' lang='lat' dir='ltr'><strong>quam</strong></span> <span class='ocrx_word' id='word_1_619' title='bbox 2536 3932 2689 4001; x_wconf 90' lang='lat' dir='ltr'><strong>prius</strong></span> <span class='ocrx_word' id='word_1_620' title='bbox 2733 3930 3016 4001; x_wconf 88' lang='lat' dir='ltr'><strong>posuimus</strong></span> <span class='ocrx_word' id='word_1_621' title='bbox 3049 3942 3339 3988; x_wconf 80' lang='lat' dir='ltr'><strong>contextus</strong></span> <span class='ocrx_word' id='word_1_622' title='bbox 3372 3948 3500 3987; x_wconf 86' lang='lat' dir='ltr'><strong>con-</strong></span> <span class='ocrx_word' id='word_1_623' title='bbox 3550 4003 3555 4009; x_wconf 19' lang='grc'><strong>⁸</strong></span> 
     </span>
    </p>
   </div>
   <div class='ocr_carea' id='block_1_83' title="bbox 1928 4020 3505 4094">
    <p class='ocr_par' dir='ltr' id='par_1_83' title="bbox 1928 4020 3505 4094">
     <span class='ocr_line' id='line_1_83' title="bbox 1928 4020 3505 4094; baseline 0.002 -15"><span class='ocrx_word' id='word_1_624' title='bbox 1928 4023 2291 4093; x_wconf 85' lang='lat' dir='ltr'><strong>templationi.</strong></span> <span class='ocrx_word' id='word_1_625' title='bbox 2314 4020 2393 4078; x_wconf 78' lang='lat' dir='ltr'><strong>Ne</strong></span> <span class='ocrx_word' id='word_1_626' title='bbox 2426 4038 2557 4094; x_wconf 88' lang='lat' dir='ltr'><strong>ergo</strong></span> <span class='ocrx_word' id='word_1_627' title='bbox 2587 4022 2701 4077; x_wconf 64' lang='lat' dir='ltr'><strong>haec</strong></span> <span class='ocrx_word' id='word_1_628' title='bbox 2729 4022 2824 4078; x_wconf 84' lang='lat' dir='ltr'><strong>tibi</strong></span> <span class='ocrx_word' id='word_1_629' title='bbox 2859 4023 3132 4088; x_wconf 88' lang='lat' dir='ltr'><strong>accidant,</strong></span> <span class='ocrx_word' id='word_1_630' title='bbox 3165 4025 3384 4081; x_wconf 87' lang='lat' dir='ltr'><strong>attende</strong></span> <span class='ocrx_word' id='word_1_631' title='bbox 3405 4027 3505 4081; x_wconf 83' lang='lat' dir='ltr'><strong>tibi</strong></span> 
     </span>
    </p>
   </div>
   <div class='ocr_carea' id='block_1_84' title="bbox 1929 4113 3544 4193">
    <p class='ocr_par' dir='ltr' id='par_1_84' title="bbox 1929 4113 3544 4193">
     <span class='ocr_line' id='line_1_84' title="bbox 1929 4113 3544 4193; baseline 0.001 -23"><span class='ocrx_word' id='word_1_632' title='bbox 1929 4115 2071 4187; x_wconf 90' lang='lat' dir='ltr'><strong>ipsi,</strong></span> <span class='ocrx_word' id='word_1_633' title='bbox 2102 4116 2236 4171; x_wconf 90' lang='lat' dir='ltr'><strong>dicit</strong></span> <span class='ocrx_word' id='word_1_634' title='bbox 2284 4113 2566 4186; x_wconf 89' lang='lat' dir='ltr'><strong>Scriptura</strong></span> <span class='ocrx_word' id='word_1_635' title='bbox 2594 4132 2608 4167; x_wconf 90' lang='lat'><strong>:</strong></span> <span class='ocrx_word' id='word_1_636' title='bbox 2640 4114 2756 4170; x_wconf 61' lang='lat' dir='ltr'><strong>haec</strong></span> <span class='ocrx_word' id='word_1_637' title='bbox 2794 4123 2876 4170; x_wconf 87' lang='lat' dir='ltr'><strong>est</strong></span> <span class='ocrx_word' id='word_1_638' title='bbox 2906 4117 3051 4170; x_wconf 89' lang='lat' dir='ltr'><strong>enim</strong></span> <span class='ocrx_word' id='word_1_639' title='bbox 3094 4117 3370 4172; x_wconf 89' lang='lat' dir='ltr'><strong>tutissima</strong></span> <span class='ocrx_word' id='word_1_640' title='bbox 3404 4118 3505 4172; x_wconf 83' lang='lat' dir='ltr'><strong>bo—</strong></span> <span class='ocrx_word' id='word_1_641' title='bbox 3541 4191 3544 4193; x_wconf 12' lang='grc' dir='ltr'><strong>Α</strong></span> 
     </span>
    </p>
   </div>
   <div class='ocr_carea' id='block_1_85' title="bbox 1927 4207 3506 4279">
    <p class='ocr_par' dir='ltr' id='par_1_85' title="bbox 1927 4207 3506 4279">
     <span class='ocr_line' id='line_1_85' title="bbox 1927 4207 3506 4279; baseline 0.001 -16"><span class='ocrx_word' id='word_1_642' title='bbox 1927 4222 2125 4263; x_wconf 88' lang='lat' dir='ltr'><strong>norum</strong></span> <span class='ocrx_word' id='word_1_643' title='bbox 2175 4208 2678 4263; x_wconf 84' lang='lat' dir='ltr'><strong>conservandorum</strong></span> <span class='ocrx_word' id='word_1_644' title='bbox 2721 4208 2885 4263; x_wconf 87' lang='lat' dir='ltr'><strong>ratio.</strong></span> <span class='ocrx_word' id='word_1_645' title='bbox 2916 4207 3197 4278; x_wconf 89' lang='lat' dir='ltr'><strong>Cognosce</strong></span> <span class='ocrx_word' id='word_1_646' title='bbox 3240 4217 3506 4279; x_wconf 83' lang='lat' dir='ltr'><strong>quantum</strong></span> 
     </span>
    </p>
   </div>
   <div class='ocr_carea' id='block_1_86' title="bbox 1928 4296 3503 4368">
    <p class='ocr_par' dir='ltr' id='par_1_86' title="bbox 1928 4296 3503 4368">
     <span class='ocr_line' id='line_1_86' title="bbox 1928 4296 3503 4368; baseline 0 -15"><span class='ocrx_word' id='word_1_647' title='bbox 1928 4297 2008 4354; x_wconf 86' lang='lat' dir='ltr'><strong>sis</strong></span> <span class='ocrx_word' id='word_1_648' title='bbox 2028 4297 2294 4352; x_wconf 87' lang='lat' dir='ltr'><strong>honorata</strong></span> <span class='ocrx_word' id='word_1_649' title='bbox 2319 4313 2349 4351; x_wconf 91' lang='lat' dir='ltr'><strong>a</strong></span> <span class='ocrx_word' id='word_1_650' title='bbox 2374 4296 2635 4354; x_wconf 85' lang='lat' dir='ltr'><strong>Creatore</strong></span> <span class='ocrx_word' id='word_1_651' title='bbox 2657 4298 2780 4368; x_wconf 86' lang='lat' dir='ltr'><strong>plus</strong></span> <span class='ocrx_word' id='word_1_652' title='bbox 2805 4311 2969 4367; x_wconf 91' lang='lat' dir='ltr'><strong>quam</strong></span> <span class='ocrx_word' id='word_1_653' title='bbox 2995 4298 3204 4367; x_wconf 89' lang='lat' dir='ltr'><strong>reliqua</strong></span> <span class='ocrx_word' id='word_1_654' title='bbox 3225 4307 3503 4354; x_wconf 86' lang='lat' dir='ltr'><strong>creatura.</strong></span> 
     </span>
    </p>
   </div>
   <div class='ocr_carea' id='block_1_87' title="bbox 1925 4386 3505 4459">
    <p class='ocr_par' dir='ltr' id='par_1_87' title="bbox 1925 4386 3505 4459">
     <span class='ocr_line' id='line_1_87' title="bbox 1925 4386 3505 4459; baseline 0.001 -14"><span class='ocrx_word' id='word_1_655' title='bbox 1925 4387 2046 4445; x_wconf 87' lang='lat' dir='ltr'><strong>Non</strong></span> <span class='ocrx_word' id='word_1_656' title='bbox 2077 4387 2279 4443; x_wconf 78' lang='lat' dir='ltr'><strong>factum</strong></span> <span class='ocrx_word' id='word_1_657' title='bbox 2309 4386 2410 4442; x_wconf 78' lang='lat' dir='ltr'><strong>fuit</strong></span> <span class='ocrx_word' id='word_1_658' title='bbox 2446 4389 2645 4443; x_wconf 73' lang='lat' dir='ltr'><strong>coelum</strong></span> <span class='ocrx_word' id='word_1_659' title='bbox 2687 4387 2865 4459; x_wconf 87' lang='lat' dir='ltr'><strong>imago</strong></span> <span class='ocrx_word' id='word_1_660' title='bbox 2899 4387 2994 4444; x_wconf 88' lang='lat' dir='ltr'><strong>Dei</strong></span> <span class='ocrx_word' id='word_1_661' title='bbox 3023 4406 3038 4456; x_wconf 92' lang='lat'><strong>;</strong></span> <span class='ocrx_word' id='word_1_662' title='bbox 3070 4404 3176 4443; x_wconf 89' lang='lat' dir='ltr'><strong>non</strong></span> <span class='ocrx_word' id='word_1_663' title='bbox 3209 4389 3361 4455; x_wconf 89' lang='lat' dir='ltr'><strong>luna,</strong></span> <span class='ocrx_word' id='word_1_664' title='bbox 3393 4406 3505 4446; x_wconf 90' lang='lat' dir='ltr'><strong>non</strong></span> 
     </span>
    </p>
   </div>
   <div class='ocr_carea' id='block_1_88' title="bbox 237 4479 1818 4560">
    <p class='ocr_par' dir='ltr' id='par_1_88' title="bbox 237 4483 1818 4560">
     <span class='ocr_line' id='line_1_88' title="bbox 237 4483 1818 4560; baseline 0.005 -23"><span class='ocrx_word' id='word_1_665' title='bbox 237 4501 332 4538; x_wconf 86' lang='grc' dir='ltr'><strong>νεν</strong></span> <span class='ocrx_word' id='word_1_666' title='bbox 362 4484 526 4538; x_wconf 80' lang='grc' dir='ltr'>εἰκὼν</span> <span class='ocrx_word' id='word_1_667' title='bbox 548 4484 643 4538; x_wconf 87' lang='grc' dir='ltr'><strong>τοῦ</strong></span> <span class='ocrx_word' id='word_1_668' title='bbox 674 4483 831 4552; x_wconf 87' lang='grc' dir='ltr'>Θεοῦ,</span> <span class='ocrx_word' id='word_1_669' title='bbox 865 4486 926 4540; x_wconf 82' lang='grc' dir='ltr'>οὐ</span> <span class='ocrx_word' id='word_1_670' title='bbox 964 4487 1181 4559; x_wconf 85' lang='grc' dir='ltr'>σελήνη,</span> <span class='ocrx_word' id='word_1_671' title='bbox 1213 4489 1310 4559; x_wconf 82' lang='grc' dir='ltr'>οὐχ</span> <span class='ocrx_word' id='word_1_672' title='bbox 1336 4489 1505 4560; x_wconf 76' lang='grc' dir='ltr'>ἥλιος,</span> <span class='ocrx_word' id='word_1_673' title='bbox 1539 4491 1601 4544; x_wconf 81' lang='grc' dir='ltr'>οὐ</span> <span class='ocrx_word' id='word_1_674' title='bbox 1627 4491 1688 4545; x_wconf 80' lang='grc' dir='ltr'>τὸ</span> <span class='ocrx_word' id='word_1_675' title='bbox 1716 4490 1818 4546; x_wconf 86' lang='grc' dir='ltr'><strong>τῶν</strong></span> 
     </span>
    </p>
   </div>
   <div class='ocr_carea' id='block_1_89' title="bbox 1922 4479 3504 4560">
    <p class='ocr_par' dir='ltr' id='par_1_89' title="bbox 1928 4479 3504 4552">
     <span class='ocr_line' id='line_1_89' title="bbox 1928 4479 3504 4552; baseline 0.001 -16"><span class='ocrx_word' id='word_1_676' title='bbox 1928 4482 2054 4545; x_wconf 86' lang='lat' dir='ltr'><strong>sol,</strong></span> <span class='ocrx_word' id='word_1_677' title='bbox 2088 4495 2196 4552; x_wconf 81' lang='lat' dir='ltr'><strong>non</strong></span> <span class='ocrx_word' id='word_1_678' title='bbox 2251 4479 2493 4535; x_wconf 87' lang='lat' dir='ltr'><strong>siderum</strong></span> <span class='ocrx_word' id='word_1_679' title='bbox 2542 4479 2913 4549; x_wconf 89' lang='lat' dir='ltr'><strong>pulchritudo,</strong></span> <span class='ocrx_word' id='word_1_680' title='bbox 2974 4494 3149 4550; x_wconf 81' lang='lat' dir='ltr'><strong>neque</strong></span> <span class='ocrx_word' id='word_1_681' title='bbox 3204 4482 3504 4551; x_wconf 84' lang='lat' dir='ltr'><strong>quidquam</strong></span> 
     </span>
    </p>
   </div>
   <div class='ocr_carea' id='block_1_90' title="bbox 237 4560 1818 4654">
    <p class='ocr_par' dir='ltr' id='par_1_90' title="bbox 237 4576 1818 4654">
     <span class='ocr_line' id='line_1_90' title="bbox 237 4576 1818 4654; baseline 0.003 -22"><span class='ocrx_word' id='word_1_682' title='bbox 237 4577 456 4646; x_wconf 77' lang='grc' dir='ltr'>ἄστρων</span> <span class='ocrx_word' id='word_1_683' title='bbox 493 4576 710 4642; x_wconf 85' lang='grc' dir='ltr'>κάλλος,</span> <span class='ocrx_word' id='word_1_684' title='bbox 738 4578 839 4631; x_wconf 82' lang='grc' dir='ltr'>οὐκ</span> <span class='ocrx_word' id='word_1_685' title='bbox 890 4577 1017 4631; x_wconf 79' lang='grc' dir='ltr'>ἄλλο</span> <span class='ocrx_word' id='word_1_686' title='bbox 1064 4596 1116 4632; x_wconf 95' lang='grc' dir='ltr'><strong>τι</strong></span> <span class='ocrx_word' id='word_1_687' title='bbox 1167 4579 1277 4634; x_wconf 86' lang='grc' dir='ltr'><strong>τῶν</strong></span> <span class='ocrx_word' id='word_1_688' title='bbox 1324 4581 1464 4635; x_wconf 88' lang='grc' dir='ltr'><strong>κατά</strong></span> <span class='ocrx_word' id='word_1_689' title='bbox 1504 4580 1605 4654; x_wconf 80' lang='grc' dir='ltr'>τὴν</span> <span class='ocrx_word' id='word_1_690' title='bbox 1649 4584 1818 4638; x_wconf 88' lang='grc' dir='ltr'>κτίσιν</span> 
     </span>
    </p>
   </div>
   <div class='ocr_carea' id='block_1_91' title="bbox 1922 4560 3502 4654">
    <p class='ocr_par' dir='ltr' id='par_1_91' title="bbox 1926 4571 3502 4642">
     <span class='ocr_line' id='line_1_91' title="bbox 1926 4571 3502 4642; baseline 0.001 -14"><span class='ocrx_word' id='word_1_691' title='bbox 1926 4574 2073 4629; x_wconf 91' lang='lat' dir='ltr'><strong>aliud</strong></span> <span class='ocrx_word' id='word_1_692' title='bbox 2097 4590 2163 4629; x_wconf 79' lang='lat' dir='ltr'><strong>ex</strong></span> <span class='ocrx_word' id='word_1_693' title='bbox 2202 4573 2270 4628; x_wconf 88' lang='lat' dir='ltr'><strong>iis</strong></span> <span class='ocrx_word' id='word_1_694' title='bbox 2302 4586 2424 4642; x_wconf 73' lang='lat' dir='ltr'><strong>quae</strong></span> <span class='ocrx_word' id='word_1_695' title='bbox 2457 4579 2760 4626; x_wconf 90' lang='lat' dir='ltr'><strong>cernuntur</strong></span> <span class='ocrx_word' id='word_1_696' title='bbox 2790 4571 3092 4626; x_wconf 89' lang='lat' dir='ltr'><strong>secundum</strong></span> <span class='ocrx_word' id='word_1_697' title='bbox 3121 4581 3397 4629; x_wconf 83' lang='lat' dir='ltr'><strong>naturam.</strong></span> <span class='ocrx_word' id='word_1_698' title='bbox 3420 4573 3502 4630; x_wconf 90' lang='lat' dir='ltr'><strong>Tu</strong></span> 
     </span>
    </p>
   </div>
   <div class='ocr_carea' id='block_1_92' title="bbox 239 4662 1818 4746">
    <p class='ocr_par' dir='ltr' id='par_1_92' title="bbox 239 4667 1818 4746">
     <span class='ocr_line' id='line_1_92' title="bbox 239 4667 1818 4746; baseline 0.004 -22"><span class='ocrx_word' id='word_1_699' title='bbox 239 4667 583 4742; x_wconf 85' lang='grc' dir='ltr'>φαινομένων</span> <span class='ocrx_word' id='word_1_700' title='bbox 626 4670 797 4725; x_wconf 78' lang='grc' dir='ltr'>οὐδέν.</span> <span class='ocrx_word' id='word_1_701' title='bbox 834 4671 983 4744; x_wconf 87' lang='grc' dir='ltr'>Μόνη</span> <span class='ocrx_word' id='word_1_702' title='bbox 1023 4673 1086 4727; x_wconf 82' lang='grc' dir='ltr'>σὺ</span> <span class='ocrx_word' id='word_1_703' title='bbox 1123 4672 1351 4741; x_wconf 88' lang='grc' dir='ltr'>γέγονας</span> <span class='ocrx_word' id='word_1_704' title='bbox 1389 4673 1489 4744; x_wconf 88' lang='grc' dir='ltr'><strong>τῆς</strong></span> <span class='ocrx_word' id='word_1_705' title='bbox 1525 4675 1818 4746; x_wconf 80' lang='grc' dir='ltr'>ὑπερεχού-</span> 
     </span>
    </p>
   </div>
   <div class='ocr_carea' id='block_1_93' title="bbox 1922 4662 3504 4746">
    <p class='ocr_par' dir='ltr' id='par_1_93' title="bbox 1923 4662 3504 4736">
     <span class='ocr_line' id='line_1_93' title="bbox 1923 4662 3504 4736; baseline -0.001 -14"><span class='ocrx_word' id='word_1_706' title='bbox 1923 4666 2039 4722; x_wconf 89' lang='lat' dir='ltr'><strong>sola</strong></span> <span class='ocrx_word' id='word_1_707' title='bbox 2084 4664 2228 4721; x_wconf 80' lang='lat' dir='ltr'><strong>facta</strong></span> <span class='ocrx_word' id='word_1_708' title='bbox 2282 4678 2342 4722; x_wconf 91' lang='lat' dir='ltr'><strong>es</strong></span> <span class='ocrx_word' id='word_1_709' title='bbox 2380 4662 2582 4733; x_wconf 75' lang='lat' dir='ltr'><strong>effigies</strong></span> <span class='ocrx_word' id='word_1_710' title='bbox 2621 4672 2829 4717; x_wconf 85' lang='lat' dir='ltr'><strong>naturae</strong></span> <span class='ocrx_word' id='word_1_711' title='bbox 2857 4678 2979 4731; x_wconf 71' lang='lat' dir='ltr'><strong>quae</strong></span> <span class='ocrx_word' id='word_1_712' title='bbox 3032 4678 3249 4720; x_wconf 89' lang='lat' dir='ltr'><strong>omnem</strong></span> <span class='ocrx_word' id='word_1_713' title='bbox 3283 4675 3504 4736; x_wconf 88' lang='lat' dir='ltr'><strong>superat</strong></span> 
     </span>
    </p>
   </div>
   <div class='ocr_carea' id='block_1_94' title="bbox 241 4752 1818 4839">
    <p class='ocr_par' dir='ltr' id='par_1_94' title="bbox 241 4761 1818 4839">
     <span class='ocr_line' id='line_1_94' title="bbox 241 4761 1818 4839; baseline 0.004 -23"><span class='ocrx_word' id='word_1_714' title='bbox 241 4778 347 4832; x_wconf 86' lang='grc' dir='ltr'>σ-ης</span> <span class='ocrx_word' id='word_1_715' title='bbox 393 4761 567 4816; x_wconf 84' lang='grc' dir='ltr'>πάντα</span> <span class='ocrx_word' id='word_1_716' title='bbox 603 4763 728 4816; x_wconf 89' lang='grc' dir='ltr'>νοῦν</span> <span class='ocrx_word' id='word_1_717' title='bbox 757 4763 970 4832; x_wconf 85' lang='grc' dir='ltr'>φύσεως</span> <span class='ocrx_word' id='word_1_718' title='bbox 1011 4764 1392 4835; x_wconf 85' lang='grc' dir='ltr'>ἀπεικόνισμα,</span> <span class='ocrx_word' id='word_1_719' title='bbox 1419 4764 1514 4819; x_wconf 90' lang='grc' dir='ltr'><strong>τοῦ</strong></span> <span class='ocrx_word' id='word_1_720' title='bbox 1548 4766 1818 4839; x_wconf 84' lang='grc' dir='ltr'>ἀφθάρτου</span> 
     </span>
    </p>
   </div>
   <div class='ocr_carea' id='block_1_95' title="bbox 1922 4752 3502 4839">
    <p class='ocr_par' dir='ltr' id='par_1_95' title="bbox 1926 4752 3502 4827">
     <span class='ocr_line' id='line_1_95' title="bbox 1926 4752 3502 4827; baseline 0 -17"><span class='ocrx_word' id='word_1_721' title='bbox 1926 4754 2369 4827; x_wconf 84' lang='lat' dir='ltr'><strong>intelligentiam,</strong></span> <span class='ocrx_word' id='word_1_722' title='bbox 2403 4752 2705 4808; x_wconf 89' lang='lat' dir='ltr'><strong>similitudo</strong></span> <span class='ocrx_word' id='word_1_723' title='bbox 2749 4752 3174 4823; x_wconf 81' lang='lat' dir='ltr'><strong>pulchritudinis</strong></span> <span class='ocrx_word' id='word_1_724' title='bbox 3237 4756 3289 4810; x_wconf 91' lang='lat' dir='ltr'><strong>in</strong></span> <span class='ocrx_word' id='word_1_725' title='bbox 3337 4773 3502 4827; x_wconf 86' lang='lat' dir='ltr'><strong>quam</strong></span> 
     </span>
    </p>
   </div>
   <div class='ocr_carea' id='block_1_96' title="bbox 239 4844 1818 4926">
    <p class='ocr_par' dir='ltr' id='par_1_96' title="bbox 239 4851 1818 4926">
     <span class='ocr_line' id='line_1_96' title="bbox 239 4851 1818 4926; baseline 0.003 -18"><span class='ocrx_word' id='word_1_726' title='bbox 239 4851 474 4916; x_wconf 83' lang='grc' dir='ltr'>κάλλους</span> <span class='ocrx_word' id='word_1_727' title='bbox 509 4851 782 4923; x_wconf 84' lang='grc' dir='ltr'>ὁμοίωμα,</span> <span class='ocrx_word' id='word_1_728' title='bbox 805 4855 903 4925; x_wconf 85' lang='grc' dir='ltr'><strong>τῆς</strong></span> <span class='ocrx_word' id='word_1_729' title='bbox 938 4853 1197 4926; x_wconf 82' lang='grc' dir='ltr'>ἀληθινῆς</span> <span class='ocrx_word' id='word_1_730' title='bbox 1242 4854 1492 4926; x_wconf 79' lang='grc' dir='ltr'>θεότητος</span> <span class='ocrx_word' id='word_1_731' title='bbox 1535 4858 1818 4912; x_wconf 80' lang='grc' dir='ltr'>ἀποτύπω‹</span> 
     </span>
    </p>
   </div>
   <div class='ocr_carea' id='block_1_97' title="bbox 1922 4844 3504 4926">
    <p class='ocr_par' dir='ltr' id='par_1_97' title="bbox 1923 4844 3504 4917">
     <span class='ocr_line' id='line_1_97' title="bbox 1923 4844 3504 4917; baseline 0 -14"><span class='ocrx_word' id='word_1_732' title='bbox 1923 4863 2038 4904; x_wconf 91' lang='lat' dir='ltr'><strong>non</strong></span> <span class='ocrx_word' id='word_1_733' title='bbox 2071 4849 2219 4904; x_wconf 89' lang='lat' dir='ltr'><strong>cadit</strong></span> <span class='ocrx_word' id='word_1_734' title='bbox 2273 4848 2552 4911; x_wconf 88' lang='lat' dir='ltr'><strong>interitus,</strong></span> <span class='ocrx_word' id='word_1_735' title='bbox 2584 4860 2845 4916; x_wconf 80' lang='lat' dir='ltr'><strong>expressa</strong></span> <span class='ocrx_word' id='word_1_736' title='bbox 2888 4844 3061 4917; x_wconf 86' lang='lat' dir='ltr'><strong>ﬁgura</strong></span> <span class='ocrx_word' id='word_1_737' title='bbox 3099 4850 3241 4904; x_wconf 69' lang='lat' dir='ltr'><strong>vera:</strong></span> <span class='ocrx_word' id='word_1_738' title='bbox 3298 4850 3504 4905; x_wconf 87' lang='lat' dir='ltr'><strong>divini-</strong></span> 
     </span>
    </p>
   </div>
   <div class='ocr_carea' id='block_1_98' title="bbox 243 4943 1831 5018">
    <p class='ocr_par' dir='ltr' id='par_1_98' title="bbox 243 4943 1831 5018">
     <span class='ocr_line' id='line_1_98' title="bbox 243 4943 1831 5018; baseline 0.003 -20"><span class='ocrx_word' id='word_1_739' title='bbox 243 4959 346 5016; x_wconf 83' lang='grc' dir='ltr'><strong>μα,</strong></span> <span class='ocrx_word' id='word_1_740' title='bbox 375 4943 477 5015; x_wconf 86' lang='grc' dir='ltr'><strong>τῆς</strong></span> <span class='ocrx_word' id='word_1_741' title='bbox 507 4944 781 5017; x_wconf 88' lang='grc' dir='ltr'>μακαρίας</span> <span class='ocrx_word' id='word_1_742' title='bbox 804 4943 949 5015; x_wconf 81' lang='grc' dir='ltr'>ζωῆς</span> <span class='ocrx_word' id='word_1_743' title='bbox 976 4946 1196 5017; x_wconf 88' lang='grc' dir='ltr'>δοχεῖον,</span> <span class='ocrx_word' id='word_1_744' title='bbox 1230 4943 1325 4999; x_wconf 89' lang='grc' dir='ltr'><strong>τοῦ</strong></span> <span class='ocrx_word' id='word_1_745' title='bbox 1363 4945 1612 5018; x_wconf 84' lang='grc' dir='ltr'>ἀληθινοῦ</span> <span class='ocrx_word' id='word_1_746' title='bbox 1652 4949 1831 5018; x_wconf 84' lang='grc' dir='ltr'>φωτὸς</span> 
     </span>
    </p>
   </div>
   <div class='ocr_carea' id='block_1_99' title="bbox 241 5035 1823 5113">
    <p class='ocr_par' dir='ltr' id='par_1_99' title="bbox 241 5035 1823 5113">
     <span class='ocr_line' id='line_1_99' title="bbox 241 5035 1823 5113; baseline 0.001 -22"><span class='ocrx_word' id='word_1_747' title='bbox 241 5036 558 5106; x_wconf 70' lang='grc' dir='ltr'>ικμαγεῖον,</span> <span class='ocrx_word' id='word_1_748' title='bbox 580 5035 716 5108; x_wconf 76' lang='grc' dir='ltr'>πρὸς</span> <span class='ocrx_word' id='word_1_749' title='bbox 732 5035 760 5089; x_wconf 89' lang='lat'><strong>6</strong></span> <span class='ocrx_word' id='word_1_750' title='bbox 781 5035 1068 5107; x_wconf 86' lang='grc' dir='ltr'>βλέπουσα,</span> <span class='ocrx_word' id='word_1_751' title='bbox 1096 5037 1270 5091; x_wconf 80' lang='grc' dir='ltr'>έκεῖνο</span> <span class='ocrx_word' id='word_1_752' title='bbox 1290 5037 1436 5113; x_wconf 84' lang='grc' dir='ltr'>γίνῃ,</span> <span class='ocrx_word' id='word_1_753' title='bbox 1461 5039 1597 5110; x_wconf 81' lang='grc' dir='ltr'>ὅπερ</span> <span class='ocrx_word' id='word_1_754' title='bbox 1620 5039 1823 5104; x_wconf 77' lang='grc' dir='ltr'>ἐκεῖνός</span> 
     </span>
    </p>
   </div>
   <div class='ocr_carea' id='block_1_100' title="bbox 239 5128 1824 5201">
    <p class='ocr_par' dir='ltr' id='par_1_100' title="bbox 239 5128 1824 5201">
     <span class='ocr_line' id='line_1_100' title="bbox 239 5128 1824 5201; baseline 0.002 -18"><span class='ocrx_word' id='word_1_755' title='bbox 239 5129 382 5193; x_wconf 70' lang='grc' dir='ltr'>ἔστι,</span> <span class='ocrx_word' id='word_1_756' title='bbox 428 5129 735 5201; x_wconf 84' lang='grc' dir='ltr'>μιμουμένη</span> <span class='ocrx_word' id='word_1_757' title='bbox 772 5129 864 5182; x_wconf 80' lang='grc' dir='ltr'>τὸν</span> <span class='ocrx_word' id='word_1_758' title='bbox 897 5131 955 5183; x_wconf 82' lang='grc' dir='ltr'><strong>έν</strong></span> <span class='ocrx_word' id='word_1_759' title='bbox 991 5130 1074 5183; x_wconf 75' lang='grc' dir='ltr'>σοὶ</span> <span class='ocrx_word' id='word_1_760' title='bbox 1116 5128 1396 5200; x_wconf 85' lang='grc' dir='ltr'>λάμποντα</span> <span class='ocrx_word' id='word_1_761' title='bbox 1428 5129 1515 5184; x_wconf 83' lang='grc' dir='ltr'><strong>διὰ</strong></span> <span class='ocrx_word' id='word_1_762' title='bbox 1550 5131 1648 5201; x_wconf 89' lang='grc' dir='ltr'><strong>τῆς</strong></span> <span class='ocrx_word' id='word_1_763' title='bbox 1676 5133 1824 5186; x_wconf 87' lang='grc' dir='ltr'>ἀντι-</span> 
     </span>
    </p>
   </div>
   <div class='ocr_carea' id='block_1_101' title="bbox 238 5220 1822 5295">
    <p class='ocr_par' dir='ltr' id='par_1_101' title="bbox 238 5220 1822 5295">
     <span class='ocr_line' id='line_1_101' title="bbox 238 5220 1822 5295; baseline 0.001 -19"><span class='ocrx_word' id='word_1_764' title='bbox 238 5220 564 5295; x_wconf 80' lang='grc' dir='ltr'>λαμπούσης</span> <span class='ocrx_word' id='word_1_765' title='bbox 582 5222 755 5293; x_wconf 82' lang='grc' dir='ltr'>αὐγῆς</span> <span class='ocrx_word' id='word_1_766' title='bbox 774 5223 838 5276; x_wconf 76' lang='grc' dir='ltr'>ὲκ</span> <span class='ocrx_word' id='word_1_767' title='bbox 857 5222 955 5292; x_wconf 88' lang='grc' dir='ltr'><strong>τῆς</strong></span> <span class='ocrx_word' id='word_1_768' title='bbox 976 5221 1075 5293; x_wconf 87' lang='grc' dir='ltr'><strong>σῆς</strong></span> <span class='ocrx_word' id='word_1_769' title='bbox 1094 5221 1480 5293; x_wconf 81' lang='grc' dir='ltr'>καθαρότητος.</span> <span class='ocrx_word' id='word_1_770' title='bbox 1496 5222 1661 5278; x_wconf 80' lang='grc' dir='ltr'>Οὐδὲν</span> <span class='ocrx_word' id='word_1_771' title='bbox 1681 5222 1822 5278; x_wconf 75' lang='grc' dir='ltr'>οὕτω</span> 
     </span>
    </p>
   </div>
   <div class='ocr_carea' id='block_1_102' title="bbox 238 5311 1817 5385">
    <p class='ocr_par' dir='ltr' id='par_1_102' title="bbox 238 5311 1817 5385">
     <span class='ocr_line' id='line_1_102' title="bbox 238 5311 1817 5385; baseline 0.001 -19"><span class='ocrx_word' id='word_1_772' title='bbox 238 5314 354 5367; x_wconf 87' lang='grc' dir='ltr'><strong>τῶν</strong></span> <span class='ocrx_word' id='word_1_773' title='bbox 376 5312 543 5367; x_wconf 71' lang='grc' dir='ltr'>ὄντων</span> <span class='ocrx_word' id='word_1_774' title='bbox 575 5313 737 5385; x_wconf 86' lang='grc' dir='ltr'>μέγα,</span> <span class='ocrx_word' id='word_1_775' title='bbox 761 5312 837 5376; x_wconf 84' lang='grc' dir='ltr'><strong>ὡς</strong></span> <span class='ocrx_word' id='word_1_776' title='bbox 863 5311 941 5383; x_wconf 82' lang='grc' dir='ltr'><strong>τῷ</strong></span> <span class='ocrx_word' id='word_1_777' title='bbox 970 5312 1047 5383; x_wconf 85' lang='grc' dir='ltr'><strong>σῷ</strong></span> <span class='ocrx_word' id='word_1_778' title='bbox 1082 5312 1299 5384; x_wconf 88' lang='grc' dir='ltr'>μεγέθει</span> <span class='ocrx_word' id='word_1_779' title='bbox 1332 5312 1817 5384; x_wconf 83' lang='grc' dir='ltr'>παραμετρεῖσθαι.</span> 
     </span>
    </p>
   </div>
   <div class='ocr_carea' id='block_1_103' title="bbox 252 5400 1821 5474">
    <p class='ocr_par' dir='ltr' id='par_1_103' title="bbox 252 5400 1821 5474">
     <span class='ocr_line' id='line_1_103' title="bbox 252 5400 1821 5474; baseline -0.001 -18"><span class='ocrx_word' id='word_1_780' title='bbox 252 5404 318 5456; x_wconf 84' lang='lat'><strong>&#39;0</strong></span> <span class='ocrx_word' id='word_1_781' title='bbox 341 5401 566 5473; x_wconf 77' lang='grc' dir='ltr'>οὐρανὸς</span> <span class='ocrx_word' id='word_1_782' title='bbox 585 5402 704 5466; x_wconf 80' lang='grc' dir='ltr'>ὅλος</span> <span class='ocrx_word' id='word_1_783' title='bbox 737 5404 804 5474; x_wconf 77' lang='grc' dir='ltr'><strong>τῇ</strong></span> <span class='ocrx_word' id='word_1_784' title='bbox 842 5400 935 5455; x_wconf 91' lang='grc' dir='ltr'><strong>τοῦ</strong></span> <span class='ocrx_word' id='word_1_785' title='bbox 972 5401 1105 5456; x_wconf 72' lang='grc' dir='ltr'>θεοῦ</span> <span class='ocrx_word' id='word_1_786' title='bbox 1141 5400 1385 5474; x_wconf 79' lang='grc' dir='ltr'>σπιθαμῇ</span> <span class='ocrx_word' id='word_1_787' title='bbox 1419 5402 1821 5473; x_wconf 86' lang='grc' dir='ltr'>περιλαμϐάνε-</span> 
     </span>
    </p>
   </div>
   <div class='ocr_carea' id='block_1_104' title="bbox 238 5486 1795 5565">
    <p class='ocr_par' dir='ltr' id='par_1_104' title="bbox 238 5486 1795 5565">
     <span class='ocr_line' id='line_1_104' title="bbox 238 5486 1795 5565; baseline 0.001 -18"><span class='ocrx_word' id='word_1_788' title='bbox 238 5505 369 5558; x_wconf 71' lang='grc' dir='ltr'>ταιν,</span> <span class='ocrx_word' id='word_1_789' title='bbox 398 5491 471 5563; x_wconf 87' lang='grc' dir='ltr'><strong>γῆ</strong></span> <span class='ocrx_word' id='word_1_790' title='bbox 508 5491 566 5546; x_wconf 81' lang='grc' dir='ltr'>δὲ</span> <span class='ocrx_word' id='word_1_791' title='bbox 604 5493 700 5546; x_wconf 72' lang='grc' dir='ltr'>καὶ</span> <span class='ocrx_word' id='word_1_792' title='bbox 735 5492 977 5546; x_wconf 85' lang='grc' dir='ltr'>θάλασσα</span> <span class='ocrx_word' id='word_1_793' title='bbox 1002 5495 1068 5565; x_wconf 78' lang='grc' dir='ltr'>τῇ</span> <span class='ocrx_word' id='word_1_794' title='bbox 1090 5486 1254 5564; x_wconf 72' lang='grc' dir='ltr'>δρακὶ</span> <span class='ocrx_word' id='word_1_795' title='bbox 1288 5493 1389 5564; x_wconf 88' lang='grc' dir='ltr'><strong>τῆς</strong></span> <span class='ocrx_word' id='word_1_796' title='bbox 1421 5494 1601 5565; x_wconf 79' lang='grc' dir='ltr'>χειρὸς</span> <span class='ocrx_word' id='word_1_797' title='bbox 1632 5494 1795 5548; x_wconf 81' lang='grc' dir='ltr'>αὑτοῦ</span> 
     </span>
    </p>
   </div>
   <div class='ocr_carea' id='block_1_105' title="bbox 241 5584 1825 5659">
    <p class='ocr_par' dir='ltr' id='par_1_105' title="bbox 241 5584 1825 5659">
     <span class='ocr_line' id='line_1_105' title="bbox 241 5584 1825 5659; baseline 0.001 -21"><span class='ocrx_word' id='word_1_798' title='bbox 241 5584 639 5656; x_wconf 86' lang='grc' dir='ltr'>περιείργεται.</span> <span class='ocrx_word' id='word_1_799' title='bbox 672 5584 813 5659; x_wconf 84' lang='grc' dir='ltr'>Ἀλλ’</span> <span class='ocrx_word' id='word_1_800' title='bbox 834 5584 983 5655; x_wconf 82' lang='grc' dir='ltr'>ὅμως</span> <span class='ocrx_word' id='word_1_801' title='bbox 1017 5587 1046 5639; x_wconf 92' lang='lat'><strong>6</strong></span> <span class='ocrx_word' id='word_1_802' title='bbox 1084 5584 1322 5650; x_wconf 89' lang='grc' dir='ltr'>τοιοῦτος</span> <span class='ocrx_word' id='word_1_803' title='bbox 1361 5586 1456 5640; x_wconf 78' lang='grc' dir='ltr'>καὶ</span> <span class='ocrx_word' id='word_1_804' title='bbox 1489 5585 1761 5651; x_wconf 82' lang='grc' dir='ltr'>τοσοῦτος,</span> <span class='ocrx_word' id='word_1_805' title='bbox 1796 5588 1825 5640; x_wconf 93' lang='lat'><strong>6</strong></span> 
     </span>
    </p>
   </div>
   <div class='ocr_carea' id='block_1_106' title="bbox 241 5675 1825 5748">
    <p class='ocr_par' dir='ltr' id='par_1_106' title="bbox 241 5675 1825 5748">
     <span class='ocr_line' id='line_1_106' title="bbox 241 5675 1825 5748; baseline 0 -18"><span class='ocrx_word' id='word_1_806' title='bbox 241 5677 429 5730; x_wconf 78' lang='grc' dir='ltr'>πᾶσαν</span> <span class='ocrx_word' id='word_1_807' title='bbox 452 5677 518 5746; x_wconf 78' lang='grc' dir='ltr'>τῇ</span> <span class='ocrx_word' id='word_1_808' title='bbox 558 5675 785 5748; x_wconf 85' lang='grc' dir='ltr'>παλάμῃ</span> <span class='ocrx_word' id='word_1_809' title='bbox 808 5677 1181 5747; x_wconf 82' lang='grc' dir='ltr'>περισφίγγων</span> <span class='ocrx_word' id='word_1_810' title='bbox 1208 5676 1306 5747; x_wconf 75' lang='grc' dir='ltr'>τὴν</span> <span class='ocrx_word' id='word_1_811' title='bbox 1345 5676 1540 5739; x_wconf 88' lang='grc' dir='ltr'>κτίσιν,</span> <span class='ocrx_word' id='word_1_812' title='bbox 1575 5676 1694 5740; x_wconf 80' lang='grc' dir='ltr'>ὅλος</span> <span class='ocrx_word' id='word_1_813' title='bbox 1742 5694 1825 5730; x_wconf 93' lang='grc' dir='ltr'><strong>σοι</strong></span> 
     </span>
    </p>
   </div>
   <div class='ocr_carea' id='block_1_107' title="bbox 241 5764 1825 5840">
    <p class='ocr_par' dir='ltr' id='par_1_107' title="bbox 241 5764 1825 5840">
     <span class='ocr_line' id='line_1_107' title="bbox 241 5764 1825 5840; baseline 0 -19"><span class='ocrx_word' id='word_1_814' title='bbox 241 5764 493 5840; x_wconf 82' lang='grc' dir='ltr'>χωρητδς</span> <span class='ocrx_word' id='word_1_815' title='bbox 514 5766 739 5834; x_wconf 87' lang='grc' dir='ltr'>γίνεται,</span> <span class='ocrx_word' id='word_1_816' title='bbox 762 5766 858 5820; x_wconf 68' lang='grc' dir='ltr'>καὶ</span> <span class='ocrx_word' id='word_1_817' title='bbox 883 5767 940 5819; x_wconf 86' lang='grc' dir='ltr'>ὲν</span> <span class='ocrx_word' id='word_1_818' title='bbox 963 5766 1044 5821; x_wconf 69' lang='grc' dir='ltr'>σοὶ</span> <span class='ocrx_word' id='word_1_819' title='bbox 1065 5771 1326 5832; x_wconf 79' lang='grc' dir='ltr'>κατοικεῖ,</span> <span class='ocrx_word' id='word_1_820' title='bbox 1348 5768 1443 5822; x_wconf 81' lang='grc' dir='ltr'>καὶ</span> <span class='ocrx_word' id='word_1_821' title='bbox 1469 5768 1569 5823; x_wconf 80' lang='grc' dir='ltr'>οὐκ</span> <span class='ocrx_word' id='word_1_822' title='bbox 1590 5769 1825 5822; x_wconf 83' lang='grc' dir='ltr'>ὲνστενο-</span> 
     </span>
    </p>
   </div>
   <div class='ocr_carea' id='block_1_108' title="bbox 244 5856 1824 5932">
    <p class='ocr_par' dir='ltr' id='par_1_108' title="bbox 244 5856 1824 5932">
     <span class='ocr_line' id='line_1_108' title="bbox 244 5856 1824 5932; baseline 0.001 -20"><span class='ocrx_word' id='word_1_823' title='bbox 244 5860 416 5932; x_wconf 83' lang='grc' dir='ltr'>χωρεῖ</span> <span class='ocrx_word' id='word_1_824' title='bbox 434 5856 583 5930; x_wconf 83' lang='grc' dir='ltr'>πάσῃ</span> <span class='ocrx_word' id='word_1_825' title='bbox 603 5860 668 5929; x_wconf 77' lang='grc' dir='ltr'>τῇ</span> <span class='ocrx_word' id='word_1_826' title='bbox 694 5856 850 5927; x_wconf 83' lang='grc' dir='ltr'>φύσει</span> <span class='ocrx_word' id='word_1_827' title='bbox 876 5858 1201 5927; x_wconf 82' lang='grc' dir='ltr'>ὲνδιοδεύων,</span> <span class='ocrx_word' id='word_1_828' title='bbox 1220 5859 1249 5912; x_wconf 91' lang='lat'><strong>6</strong></span> <span class='ocrx_word' id='word_1_829' title='bbox 1271 5858 1437 5913; x_wconf 79' lang='grc' dir='ltr'>εἰπών</span> <span class='ocrx_word' id='word_1_830' title='bbox 1450 5877 1464 5889; x_wconf 74' lang='grc'><strong><em>⁸</em></strong></span> <span class='ocrx_word' id='word_1_831' title='bbox 1495 5858 1824 5927; x_wconf 85' lang='grc' dir='ltr'>Ἐνοικήσω</span> 
     </span>
    </p>
   </div>
   <div class='ocr_carea' id='block_1_109' title="bbox 1926 4938 3502 5008">
    <p class='ocr_par' dir='ltr' id='par_1_109' title="bbox 1926 4938 3502 5008">
     <span class='ocr_line' id='line_1_109' title="bbox 1926 4938 3502 5008; baseline -0.002 -10"><span class='ocrx_word' id='word_1_832' title='bbox 1926 4943 2078 5007; x_wconf 87' lang='lat' dir='ltr'><strong>tatis,</strong></span> <span class='ocrx_word' id='word_1_833' title='bbox 2105 4942 2230 4996; x_wconf 84' lang='lat' dir='ltr'><strong>vitae</strong></span> <span class='ocrx_word' id='word_1_834' title='bbox 2258 4941 2431 4995; x_wconf 67' lang='lat' dir='ltr'><strong>beatae</strong></span> <span class='ocrx_word' id='word_1_835' title='bbox 2463 4938 2894 5008; x_wconf 84' lang='lat' dir='ltr'><strong>receptaculum,</strong></span> <span class='ocrx_word' id='word_1_836' title='bbox 2927 4939 3039 4993; x_wconf 83' lang='lat' dir='ltr'><strong>veri</strong></span> <span class='ocrx_word' id='word_1_837' title='bbox 3065 4940 3289 4997; x_wconf 88' lang='lat' dir='ltr'><strong>luminis</strong></span> <span class='ocrx_word' id='word_1_838' title='bbox 3327 4941 3502 4996; x_wconf 78' lang='lat' dir='ltr'><strong>infor-</strong></span> 
     </span>
    </p>
   </div>
   <div class='ocr_carea' id='block_1_110' title="bbox 1928 5030 3505 5102">
    <p class='ocr_par' dir='ltr' id='par_1_110' title="bbox 1928 5030 3505 5102">
     <span class='ocr_line' id='line_1_110' title="bbox 1928 5030 3505 5102; baseline -0.001 -11"><span class='ocrx_word' id='word_1_839' title='bbox 1928 5044 2135 5091; x_wconf 87' lang='lat' dir='ltr'><strong>matum</strong></span> <span class='ocrx_word' id='word_1_840' title='bbox 2177 5033 2552 5100; x_wconf 86' lang='lat' dir='ltr'><strong>simulacrum,</strong></span> <span class='ocrx_word' id='word_1_841' title='bbox 2586 5031 2655 5086; x_wconf 85' lang='lat' dir='ltr'><strong>ad</strong></span> <span class='ocrx_word' id='word_1_842' title='bbox 2679 5030 2826 5101; x_wconf 89' lang='lat' dir='ltr'><strong>quod</strong></span> <span class='ocrx_word' id='word_1_843' title='bbox 2848 5031 3122 5100; x_wconf 88' lang='lat' dir='ltr'><strong>aspiciens</strong></span> <span class='ocrx_word' id='word_1_844' title='bbox 3149 5032 3202 5086; x_wconf 92' lang='lat' dir='ltr'><strong>id</strong></span> <span class='ocrx_word' id='word_1_845' title='bbox 3235 5034 3379 5102; x_wconf 87' lang='lat' dir='ltr'><strong>quod</strong></span> <span class='ocrx_word' id='word_1_846' title='bbox 3414 5035 3505 5090; x_wconf 84' lang='lat' dir='ltr'><strong>ille</strong></span> 
     </span>
    </p>
   </div>
   <div class='ocr_carea' id='block_1_111' title="bbox 1928 5122 3503 5194">
    <p class='ocr_par' dir='ltr' id='par_1_111' title="bbox 1928 5122 3503 5194">
     <span class='ocr_line' id='line_1_111' title="bbox 1928 5122 3503 5194; baseline -0.003 -11"><span class='ocrx_word' id='word_1_847' title='bbox 1928 5136 2014 5183; x_wconf 90' lang='lat' dir='ltr'><strong>est</strong></span> <span class='ocrx_word' id='word_1_848' title='bbox 2034 5123 2287 5188; x_wconf 74' lang='lat' dir='ltr'><strong>elﬁceris,</strong></span> <span class='ocrx_word' id='word_1_849' title='bbox 2317 5123 2545 5179; x_wconf 84' lang='lat' dir='ltr'><strong>imitans</strong></span> <span class='ocrx_word' id='word_1_850' title='bbox 2577 5138 2701 5178; x_wconf 90' lang='lat' dir='ltr'><strong>eum</strong></span> <span class='ocrx_word' id='word_1_851' title='bbox 2733 5122 2827 5194; x_wconf 90' lang='lat' dir='ltr'><strong>qui</strong></span> <span class='ocrx_word' id='word_1_852' title='bbox 2863 5124 2921 5177; x_wconf 89' lang='lat' dir='ltr'><strong>in.</strong></span> <span class='ocrx_word' id='word_1_853' title='bbox 2954 5129 3009 5178; x_wconf 86' lang='lat' dir='ltr'><strong>te</strong></span> <span class='ocrx_word' id='word_1_854' title='bbox 3044 5123 3375 5193; x_wconf 88' lang='lat' dir='ltr'><strong>resplendet,</strong></span> <span class='ocrx_word' id='word_1_855' title='bbox 3405 5139 3503 5194; x_wconf 85' lang='lat' dir='ltr'><strong>per</strong></span> 
     </span>
    </p>
   </div>
   <div class='ocr_carea' id='block_1_112' title="bbox 1928 5214 3499 5289">
    <p class='ocr_par' dir='ltr' id='par_1_112' title="bbox 1928 5214 3499 5289">
     <span class='ocr_line' id='line_1_112' title="bbox 1928 5214 3499 5289; baseline -0.003 -16"><span class='ocrx_word' id='word_1_856' title='bbox 1928 5217 2282 5289; x_wconf 86' lang='lat' dir='ltr'><strong>splendorem</strong></span> <span class='ocrx_word' id='word_1_857' title='bbox 2306 5230 2375 5271; x_wconf 78' lang='lat' dir='ltr'><strong>ex</strong></span> <span class='ocrx_word' id='word_1_858' title='bbox 2394 5214 2629 5270; x_wconf 86' lang='lat' dir='ltr'><strong>adverso</strong></span> <span class='ocrx_word' id='word_1_859' title='bbox 2646 5214 3000 5284; x_wconf 81' lang='lat' dir='ltr'><strong>reluigentem</strong></span> <span class='ocrx_word' id='word_1_860' title='bbox 3025 5229 3094 5269; x_wconf 80' lang='lat' dir='ltr'><strong>ex</strong></span> <span class='ocrx_word' id='word_1_861' title='bbox 3124 5224 3215 5268; x_wconf 88' lang='lat' dir='ltr'><strong>tua</strong></span> <span class='ocrx_word' id='word_1_862' title='bbox 3244 5214 3499 5282; x_wconf 86' lang='lat' dir='ltr'><strong>puritate.</strong></span> 
     </span>
    </p>
   </div>
   <div class='ocr_carea' id='block_1_113' title="bbox 1928 5299 3501 5378">
    <p class='ocr_par' dir='ltr' id='par_1_113' title="bbox 1928 5299 3501 5378">
     <span class='ocr_line' id='line_1_113' title="bbox 1928 5299 3501 5378; baseline -0.003 -14"><span class='ocrx_word' id='word_1_863' title='bbox 1928 5307 2284 5378; x_wconf 68' lang='lat' dir='ltr'><strong>Eorumqute</strong></span> <span class='ocrx_word' id='word_1_864' title='bbox 2313 5316 2444 5363; x_wconf 91' lang='lat' dir='ltr'><strong>sunt</strong></span> <span class='ocrx_word' id='word_1_865' title='bbox 2471 5306 2608 5362; x_wconf 87' lang='lat' dir='ltr'><strong>nihil</strong></span> <span class='ocrx_word' id='word_1_866' title='bbox 2637 5299 2722 5361; x_wconf 77' lang='lat' dir='ltr'><strong>est</strong></span> <span class='ocrx_word' id='word_1_867' title='bbox 2741 5305 2887 5360; x_wconf 84' lang='lat' dir='ltr'><strong>adeo</strong></span> <span class='ocrx_word' id='word_1_868' title='bbox 2906 5319 3182 5375; x_wconf 86' lang='lat' dir='ltr'><strong>magnum,</strong></span> <span class='ocrx_word' id='word_1_869' title='bbox 3217 5312 3276 5359; x_wconf 92' lang='lat' dir='ltr'><strong>ut</strong></span> <span class='ocrx_word' id='word_1_870' title='bbox 3324 5305 3501 5361; x_wconf 84' lang='lat' dir='ltr'><strong>susci-</strong></span> 
     </span>
    </p>
   </div>
   <div class='ocr_carea' id='block_1_114' title="bbox 1928 5395 3503 5476">
    <p class='ocr_par' dir='ltr' id='par_1_114' title="bbox 1928 5395 3503 5476">
     <span class='ocr_line' id='line_1_114' title="bbox 1928 5395 3503 5476; baseline -0.003 -18"><span class='ocrx_word' id='word_1_871' title='bbox 1928 5404 2042 5476; x_wconf 89' lang='lat' dir='ltr'><strong>piat</strong></span> <span class='ocrx_word' id='word_1_872' title='bbox 2070 5401 2465 5458; x_wconf 88' lang='lat' dir='ltr'><strong>dimensionem</strong></span> <span class='ocrx_word' id='word_1_873' title='bbox 2498 5397 3043 5469; x_wconf 60' lang='lat' dir='ltr'><strong>tuamagnitudinis.</strong></span> <span class='ocrx_word' id='word_1_874' title='bbox 3065 5395 3261 5453; x_wconf 91' lang='lat' dir='ltr'><strong>Totum</strong></span> <span class='ocrx_word' id='word_1_875' title='bbox 3299 5400 3503 5453; x_wconf 73' lang='lat' dir='ltr'><strong>emtum</strong></span> 
     </span>
    </p>
   </div>
   <div class='ocr_carea' id='block_1_115' title="bbox 1926 5489 3506 5565">
    <p class='ocr_par' dir='ltr' id='par_1_115' title="bbox 1926 5489 3506 5565">
     <span class='ocr_line' id='line_1_115' title="bbox 1926 5489 3506 5565; baseline -0.003 -15"><span class='ocrx_word' id='word_1_876' title='bbox 1926 5495 2022 5552; x_wconf 90' lang='lat' dir='ltr'><strong>Dei</strong></span> <span class='ocrx_word' id='word_1_877' title='bbox 2054 5494 2232 5565; x_wconf 86' lang='lat' dir='ltr'><strong>palma</strong></span> <span class='ocrx_word' id='word_1_878' title='bbox 2280 5492 2637 5558; x_wconf 84' lang='lat' dir='ltr'><strong>continetur;</strong></span> <span class='ocrx_word' id='word_1_879' title='bbox 2664 5498 2811 5545; x_wconf 87' lang='lat' dir='ltr'><strong>terra</strong></span> <span class='ocrx_word' id='word_1_880' title='bbox 2857 5499 2910 5544; x_wconf 88' lang='lat' dir='ltr'><strong>et</strong></span> <span class='ocrx_word' id='word_1_881' title='bbox 2950 5503 3100 5543; x_wconf 89' lang='lat' dir='ltr'><strong>mare</strong></span> <span class='ocrx_word' id='word_1_882' title='bbox 3140 5489 3343 5560; x_wconf 86' lang='lat' dir='ltr'><strong>pugillo</strong></span> <span class='ocrx_word' id='word_1_883' title='bbox 3383 5493 3506 5559; x_wconf 81' lang='lat' dir='ltr'><strong>ejus</strong></span> 
     </span>
    </p>
   </div>
   <div class='ocr_carea' id='block_1_116' title="bbox 1925 5580 3505 5655">
    <p class='ocr_par' dir='ltr' id='par_1_116' title="bbox 1925 5580 3505 5655">
     <span class='ocr_line' id='line_1_116' title="bbox 1925 5580 3505 5655; baseline -0.002 -14"><span class='ocrx_word' id='word_1_884' title='bbox 1925 5601 2124 5641; x_wconf 89' lang='lat' dir='ltr'><strong>manus</strong></span> <span class='ocrx_word' id='word_1_885' title='bbox 2155 5582 2657 5655; x_wconf 80' lang='lat' dir='ltr'><strong>comprehenditur.</strong></span> <span class='ocrx_word' id='word_1_886' title='bbox 2703 5580 2808 5637; x_wconf 90' lang='lat' dir='ltr'><strong>Sed</strong></span> <span class='ocrx_word' id='word_1_887' title='bbox 2842 5588 3024 5636; x_wconf 89' lang='lat' dir='ltr'><strong>tamen</strong></span> <span class='ocrx_word' id='word_1_888' title='bbox 3052 5581 3145 5651; x_wconf 91' lang='lat' dir='ltr'><strong>qui</strong></span> <span class='ocrx_word' id='word_1_889' title='bbox 3180 5589 3266 5637; x_wconf 87' lang='lat' dir='ltr'><strong>est</strong></span> <span class='ocrx_word' id='word_1_890' title='bbox 3317 5589 3505 5638; x_wconf 85' lang='lat' dir='ltr'><strong>tantus</strong></span> 
     </span>
    </p>
   </div>
   <div class='ocr_carea' id='block_1_117' title="bbox 1927 5675 3504 5748">
    <p class='ocr_par' dir='ltr' id='par_1_117' title="bbox 1927 5675 3504 5748">
     <span class='ocr_line' id='line_1_117' title="bbox 1927 5675 3504 5748; baseline -0.004 -15"><span class='ocrx_word' id='word_1_891' title='bbox 1927 5685 1981 5733; x_wconf 87' lang='lat' dir='ltr'><strong>et</strong></span> <span class='ocrx_word' id='word_1_892' title='bbox 2006 5679 2153 5745; x_wconf 87' lang='lat' dir='ltr'><strong>talis,</strong></span> <span class='ocrx_word' id='word_1_893' title='bbox 2181 5678 2273 5748; x_wconf 92' lang='lat' dir='ltr'><strong>qui</strong></span> <span class='ocrx_word' id='word_1_894' title='bbox 2313 5678 2623 5733; x_wconf 83' lang='lat' dir='ltr'><strong>universam</strong></span> <span class='ocrx_word' id='word_1_895' title='bbox 2664 5684 2969 5730; x_wconf 86' lang='lat' dir='ltr'><strong>creaturam</strong></span> <span class='ocrx_word' id='word_1_896' title='bbox 3005 5676 3184 5744; x_wconf 85' lang='lat' dir='ltr'><strong>palma</strong></span> <span class='ocrx_word' id='word_1_897' title='bbox 3237 5675 3504 5733; x_wconf 66' lang='lat' dir='ltr'><strong>continet.</strong></span> 
     </span>
    </p>
   </div>
   <div class='ocr_carea' id='block_1_118' title="bbox 1927 5767 3509 5840">
    <p class='ocr_par' dir='ltr' id='par_1_118' title="bbox 1927 5767 3509 5840">
     <span class='ocr_line' id='line_1_118' title="bbox 1927 5767 3509 5840; baseline -0.004 -17"><span class='ocrx_word' id='word_1_898' title='bbox 1927 5777 2078 5824; x_wconf 88' lang='lat' dir='ltr'><strong>totus</strong></span> <span class='ocrx_word' id='word_1_899' title='bbox 2108 5783 2138 5823; x_wconf 89' lang='lat' dir='ltr'><strong>a</strong></span> <span class='ocrx_word' id='word_1_900' title='bbox 2166 5776 2221 5824; x_wconf 91' lang='lat' dir='ltr'><strong>te</strong></span> <span class='ocrx_word' id='word_1_901' title='bbox 2252 5770 2487 5840; x_wconf 89' lang='lat' dir='ltr'><strong>capitur,</strong></span> <span class='ocrx_word' id='word_1_902' title='bbox 2510 5775 2565 5824; x_wconf 90' lang='lat' dir='ltr'><strong>et</strong></span> <span class='ocrx_word' id='word_1_903' title='bbox 2590 5768 2644 5822; x_wconf 90' lang='lat' dir='ltr'><strong>in</strong></span> <span class='ocrx_word' id='word_1_904' title='bbox 2669 5774 2721 5822; x_wconf 91' lang='lat' dir='ltr'><strong>te</strong></span> <span class='ocrx_word' id='word_1_905' title='bbox 2751 5767 2980 5830; x_wconf 84' lang='lat' dir='ltr'><strong>habitat,</strong></span> <span class='ocrx_word' id='word_1_906' title='bbox 2998 5774 3053 5823; x_wconf 90' lang='lat' dir='ltr'><strong>et</strong></span> <span class='ocrx_word' id='word_1_907' title='bbox 3075 5783 3182 5822; x_wconf 91' lang='lat' dir='ltr'><strong>non</strong></span> <span class='ocrx_word' id='word_1_908' title='bbox 3212 5768 3267 5822; x_wconf 90' lang='lat' dir='ltr'><strong>in</strong></span> <span class='ocrx_word' id='word_1_909' title='bbox 3293 5772 3509 5820; x_wconf 82' lang='lat' dir='ltr'><strong>arctam</strong></span> 
     </span>
    </p>
   </div>
   <div class='ocr_carea' id='block_1_119' title="bbox 1935 5855 3510 5937">
    <p class='ocr_par' dir='ltr' id='par_1_119' title="bbox 1935 5855 3510 5937">
     <span class='ocr_line' id='line_1_119' title="bbox 1935 5855 3510 5937; baseline -0.008 -21"><span class='ocrx_word' id='word_1_910' title='bbox 1935 5858 2151 5937; x_wconf 65' lang='lat' dir='ltr'><strong>QOgitur</strong></span> <span class='ocrx_word' id='word_1_911' title='bbox 2181 5858 2364 5915; x_wconf 89' lang='lat' dir='ltr'><strong>in-tua</strong></span> <span class='ocrx_word' id='word_1_912' title='bbox 2392 5872 2615 5916; x_wconf 73' lang='lat' dir='ltr'><strong>versans</strong></span> <span class='ocrx_word' id='word_1_913' title='bbox 2642 5865 2860 5925; x_wconf 82' lang='lat' dir='ltr'><strong>natura,</strong></span> <span class='ocrx_word' id='word_1_914' title='bbox 2892 5858 2986 5930; x_wconf 86' lang='lat' dir='ltr'><strong>qui</strong></span> <span class='ocrx_word' id='word_1_915' title='bbox 3008 5857 3185 5915; x_wconf 81' lang='lat' dir='ltr'><strong>dixit:</strong></span> <span class='ocrx_word' id='word_1_916' title='bbox 3218 5855 3280 5912; x_wconf 85' lang='lat' dir='ltr'><strong>In</strong></span> <span class='ocrx_word' id='word_1_917' title='bbox 3305 5856 3379 5910; x_wconf 80' lang='lat' dir='ltr'><strong>eis</strong></span> <span class='ocrx_word' id='word_1_918' title='bbox 3410 5855 3510 5906; x_wconf 85' lang='lat' dir='ltr'><strong>Ita-</strong></span> 
     </span>
    </p>
   </div>
  </div>
