3874 6424
498 404 601 459 8οἸ

1774 395 1831 452 S.
1870 396 2200 453 GBEGORII
2237 392 2533 449 NYSSENI
2868 345 2885 353 —
3663 386 3747 444 808

503 514 681 570 bitabo
707 521 757 567 et
785 510 1134 566 deambulabo
1170 511 1236 562 ὀ.
1282 508 1338 565 Si
1366 510 1480 565 lucc
1511 511 1769 581 aspicias,
1801 510 1854 564 in
1879 510 2084 565 nullam

2195 511 2257 563 ἐν
2291 509 2497 573 αὐτοῖς
2534 507 2631 562 καί
2661 504 3137 577 ἐμπεριπατήσω.
3168 504 3292 559 Ἐὰν
3332 500 3519 556 ταῦτα
3551 500 3748 574 βλέπῃς,

502 621 618 660 rem
677 612 952 657 terrenam
1001 601 1204 671 deliges
1261 610 1412 656 tuum
1464 604 1705 658 oculum.
1736 603 1877 668 Quid
1914 602 2078 657 dico?

502 698 617 751 lmo
642 711 709 749 ne
742 696 939 748 coelum
964 694 1182 763 quidem
1208 693 1304 749 tibi
1328 695 1642 748 censebitur
1675 694 2075 748 admirandum.

501 784 970 852 Quemadmodum
1013 784 1183 849 enim,
1213 800 1245 838 ο
1286 785 1469 847 homo,
1491 787 1660 840 caelos
1693 784 2078 847 admiraberis,

501 881 735 947 teipsum
774 876 1047 947 aspiciens
1095 877 1251 932 oculis
1306 877 1644 935 stabiliorem
1688 884 1741 930 et
1777 876 2081 932 durabilio-

500 983 616 1022 rem
651 967 675 1020 ?
712 963 848 1019 Nam
889 966 1088 1019 cmlum
1144 964 1361 1035 quidem
1413 966 1630 1031 transit,
1667 974 1725 1018 tu
1745 973 1925 1019 autem
1956 980 2082 1018 cum

500 1074 566 1115 eo
591 1058 738 1129 quod
773 1073 990 1127 semper
1019 1068 1129 1122 est,
1150 1057 1314 1112 simul
1363 1073 1550 1111 manes
1582 1057 1647 1111 ad
1699 1058 2078 1111 aeternitatem.

501 1151 621 1206 Non
659 1150 949 1204 admireris
971 1157 1129 1202 terra:
1159 1148 1525 1212 latitudinem,
1551 1163 1727 1218 neque
1761 1163 1908 1202 mare
1937 1146 2083 1216 quod

501 1242 763 1314 panditur
808 1241 862 1294 in
899 1238 1191 1304 inﬁnitum,
1220 1239 1419 1309 quibus
1454 1249 1513 1292 ut
1560 1253 1822 1308 praeesses
1854 1253 1915 1293 es
1946 1252 2083 1292 con-

505 1333 769 1394 stitutus,
810 1339 1070 1399 tauquam
1137 1330 1298 1384 alicui
1353 1345 1620 1399 equorum
1663 1329 1872 1392 currui,
1925 1328 1993 1383 ad
2033 1329 2084 1383 id

502 1423 650 1494 quod
680 1422 780 1476 tibi
806 1422 1041 1488 videtur,
1067 1422 1379 1476 obedientia
1412 1430 1465 1477 et
1491 1423 1543 1476 iu
1577 1431 1667 1476 tua
1697 1428 1964 1492 potestate
1981 1420 2086 1475 sita

504 1516 716 1571 habens
768 1515 1223 1569 hzec‘elementa.
1280 1513 1415 1567 Nam
1468 1521 1523 1568 et
1558 1523 1705 1568 terra
1741 1513 1838 1568 tibi
1886 1526 2089 1582 suppe-

504 1609 640 1662 ditat
690 1622 753 1661 ea
787 1621 908 1676 qua:
958 1616 1081 1661 sunt
1114 1604 1238 1660 usui
1287 1604 1352 1659 ad
1382 1605 1572 1665 vitam.
1599 1611 1654 1659 et
1677 1618 1828 1657 mare
1858 1616 1965 1657 non
2000 1615 2088 1656 se-

506 1716 607 1756 cus
654 1705 817 1768 atque
858 1711 1032 1767 equus
1058 1696 1152 1766 qui
1190 1694 1422 1750 habenis
1456 1694 1688 1765 regitur,
1715 1693 1814 1747 tibi
1864 1691 2088 1747 dorsum

505 1790 732 1860 praebet,
760 1797 812 1843 et
848 1803 1004 1843 suum
1035 1801 1307 1842 sessorem
1332 1785 1531 1861 accipit
1563 1784 1860 1839 hominem.
1885 1780 1942 1836 Si
1959 1794 2088 1851 ergo

2181 605 2260 666 είς
2303 602 2453 655 οὐδὲν
2500 599 2607 653 τῶν
2644 599 2934 667 περιγείων
2968 598 3069 666 τὸν,
3093 595 3365 667 ὀφθαλμὸν
3422 591 3749 663 ἀσχολήσεις.

2180 691 2247 745 Τί
2268 690 2425 744 τοῦτο
2451 689 2631 756 λέγω;
2672 686 2808 739 Ἀλλ’
2838 686 2991 740 οὐδὲν
3021 687 3049 738 ὁ
3077 682 3300 754 οὐρανός
3336 699 3423 734 σοι
3461 676 3750 748 θαυμαστὸς

2182 782 2582 853 νομισθήσεται.
2626 778 2750 841 Πῶς
2802 779 2911 850 γὰρ
2963 774 3258 847 θαυμάζεις
3290 770 3431 835 ’τοὺς
3489 769 3749 853 οὖ-ρανοὴ,

2180 868 2226 928 ὧ
2247 846 2527 941 ’ἀνθρωπῆ
2558 870 2749 923 ἑαυτὸν
2776 846 2988 940 βλέπων
3024 868 3133 921 τῶν
3170 864 3417 937 οὐρανῶν
3466 849 3749 932 μονιμώτε-
3790 846 3797 859 ”

2187 981 2315 1038 ρον;
2366 964 2416 1015 οἱ
2466 963 2563 1033 μὲν
2604 958 2712 1032 γὰρ
2756 961 3154 1031 παρέρχονται,
3197 958 3259 1008 σὺ
3308 954 3365 1006 δὲ
3409 951 3499 1021 τῷ
3544 952 3629 1006 ἀεὶ
3660 949 3753 1002 butt

2185 1054 2554 1125 συνδιαμένεις
2600 1052 2737 1123 πρὸς
2783 1050 2844 1103 τὸ
2893 1049 3079 1102 ἀΐδιον.
3113 1046 3188 1100 UO
3233 1038 3753 1125 OuuptiasmAa-rlsitn

2182 1144 2307 1213 γῆς,
2337 1122 2459 1197 ούδὲ
2484 1122 2693 1210 πελάγη
2722 1139 2856 1210 πρὸς
2893 1137 3117 1207 ἄπειρον
3157 1132 3526 1202 ὲκτεταμένα,
3559 1122 3633 1182 ὧν
3659 1128 3756 1181 ἔτι·

2185 1237 2399 1288 στατεῖν
2461 1231 2714 1301 ἐτάχθης,
2774 1228 2961 1301 ὥσπερ
3011 1227 3157 1291 τινὸς
3217 1222 3514 1293 ξυνωρίδος
3587 1217 3755 1271 πώλωδ

2183 1327 2395 1397 ἡνίοχος
2444 1322 2670 1393 εὐπειθῆ
2722 1321 2858 1393 πρὸς
2905 1320 2966 1372 τὸ
3011 1316 3199 1374 δοκοῦν
3244 1316 3380 1385 ἔχων
3414 1313 3489 1369 ea;
3542 1312 3755 1379 στοιχεῖα

2184 1419 2355 1472 ταῦτα
2386 1416 2477 1470 καὶ
2501 1412 2811 1478 ύπεξούσια.
2835 1413 2908 1464 ’Ἠ
2942 1427 3000 1463 τε
3026 1409 3136 1480 γὰρ
3166 1409 3237 1478 γῆ
3264 1424 3346 1459 σοι
3380 1404 3529 1475 πρὸς
3561 1402 3656 1464 τὰς
3681 1398 3754 1451 τοῦ

2189 1508 2301 1579 βίου
2328 1506 2518 1578 χρείας
2547 1505 2919 1574 ὑπηρετεῖται,
2949 1501 3042 1554 xui
3069 1502 3102 1571 ἡ
3143 1498 3386 1552 θάλασσα
3408 1493 3666 1563 καθάπερ
3690 1507 3754 1551 τις

2188 1601 2365 1665 πῶλος
2390 1601 2603 1670 εὐήνιος
2629 1598 2817 1667 ὑπέχει
2843 1611 2927 1648 σοι
2950 1594 3017 1647 τά
3045 1593 3207 1657 νῶτα,
3231 1591 3323 1643 καὶ
3348 1587 3625 1655 ἐπιϐάτην
3648 1586 3754 1636 ἑαυ-

2186 1694 2283 1764 τῆς
2310 1692 2399 1746 τὸν
2426 1690 2711 1762 ἄνθρωπον
2751 1687 2983 1757 δέχεται.
3028 1685 3152 1737 Ἐὰν
3199 1677 3290 1736 οὖν
3322 1678 3477 1750 γνῷς
3525 1676 3753 1745 σεαυτὴν,

2188 1788 2221 1857 ἡ
2258 1784 2394 1859 καλὴ
2428 1785 2483 1837 ἐν
2522 1780 2785 1857 γυναιξὶν,
2834 1777 3262 1848 ὑπερφρονήσεις
3302 1771 3515 1833 παντὸς
3555 1768 3669 1859 τοῦ.
3690 1766 3757 1818 κός

436 1904 439 1911 π
506 1889 561 1936 te
594 1894 971 1951 cognoscas,o
1000 1878 1390 1949 pulchrainter
1413 1876 1692 1943 mulieres,
1715 1882 1889 1933 totum
1926 1889 2086 1929 mun-

2195 1855 2347 1945 σμου,
2378 1855 2469 1927 καὶ
2520 1855 2656 1942 πρὸς
2695 1868 2754 1922 τὸ
2799 1866 2959 1925 ante»
2999 1863 3197 1934 ἀγαθὸν
3243 1858 3545 1922 διαπαντὸς
3573 1856 3753 1951 όρῶσα.

506 1972 636 2027 dum
664 1970 957 2039 despicies,
991 1977 1045 2024 et
1070 1969 1136 2023 ad
1170 1968 1413 2025 materiae
1440 1982 1637 2039 expers
1661 1968 1861 2022 bonum
1896 1979 2087 2035 perpe-

505 2068 601 2115 tuo
635 2060 873 2125 intuens,
900 2068 1219 2113 contemnes
1248 2072 1495 2112 errorem
1524 2072 1712 2112 eorum
1744 2072 1867 2127 quae
1897 2057 1952 2110 in
1984 2055 2088 2110 hac

506 2159 638 2208 sunt
690 2151 801 2205 vita
839 2150 1215 2219 vestigiorum.
1268 2148 1503 2204 Attende
1558 2164 1688 2219 ergo
1746 2163 1960 2219 semper
1990 2147 2089 2202 tibi

507 2243 637 2313 ipsi,
664 2250 718 2296 et
750 2257 859 2296 non
886 2241 1097 2296 errabis
1137 2241 1285 2295 circa
1314 2255 1530 2311 gregem
1572 2240 1874 2305 haedorum,
1915 2253 2092 2310 neque

509 2333 768 2389 efﬁcieris
808 2331 996 2387 haedus
1030 2346 1131 2400 pro
1162 2347 1263 2387 ove
1295 2332 1351 2386 in
1384 2332 1844 2402 temporejudicii
1868 2347 1883 2396 ;
1909 2345 2087 2400 neque

510 2424 886 2495 segregaberis
929 2439 957 2476 a
994 2424 1234 2478 statione
1276 2423 1341 2478 ad
1393 2422 1673 2478 dexteram
1708 2442 1720 2477 :
1754 2423 1849 2479 sed
1897 2422 2087 2479 audies

505 2514 809 2585 jucundam
840 2530 1050 2575 vocem,
1081 2529 1203 2584 qum
1238 2512 1370 2570 dicit
1402 2514 1662 2587 lanigeris
1688 2521 1741 2569 et
1785 2515 2086 2571 mansuetis

507 2606 706 2661 ovibus
742 2624 753 2659 :
800 2604 1000 2669 Venite,
1023 2604 1279 2660 benedicti
1296 2608 1479 2661 Patris
1504 2608 1623 2672 mei,
1657 2618 1820 2662 estote
1857 2607 2086 2663 hwredes

508 2698 655 2768 regni
685 2697 825 2753 vobis
848 2698 1027 2767 parati
1052 2707 1175 2752 ante
1204 2700 1627 2757 constitutionem
1657 2698 1843 2753 mundi
1874 2701 1939 2753 ⁹¹.
1964 2699 2084 2766 Quo

508 2808 612 2848 nos
645 2807 863 2863 quoque
907 2792 1057 2862 digni
1107 2801 1444 2861 reputemur,
1476 2792 1531 2846 in
1585 2790 1808 2849 Christo
1854 2793 2084 2849 Domino

508 2889 702 2939 nostro
730 2884 818 2939 cui
852 2882 1026 2954 gloria
1076 2882 1132 2937 in
1190 2884 1390 2940 saacula
1432 2884 1781 2943 saeculorum.
1818 2885 2013 2943 Amen.

1104 3041 1391 3099 HOMILIA
1425 3044 1515 3102 Ill.

580 3137 707 3191 Cn.
742 3136 854 3204 Li.
875 3134 928 3190 9.
961 3133 1247 3205 Equitatui
1265 3152 1379 3191 meo
1415 3138 1469 3190 in
1507 3138 1752 3193 curribus
1790 3138 2094 3199 Pharaonis

511 3226 808 3283 assimilavi
827 3236 892 3290 te,
915 3226 1210 3297 propinqua
1231 3243 1366 3282 mea.
1390 3228 1478 3282 10.
1497 3228 1671 3294 Quam
1687 3230 1919 3298 pulchrae
1938 3233 2097 3301 factm

514 3329 637 3373 sunt
663 3334 807 3389 gente
834 3329 938 3373 tute
958 3319 1096 3372 sicut
1119 3322 1362 3385 turturis,
1379 3321 1574 3375 collum
1605 3325 1897 3378 tuumsicut
1924 3328 2097 3382 moni-

513 3409 610 3463 lia.
635 3410 720 3462 ll.
743 3409 1136 3465 Similitudines
1159 3413 1281 3465 auri
1298 3413 1553 3481 faciemus
1576 3414 1671 3468 tibi
1696 3431 1814 3470 cum
1838 3418 1978 3473 notis
2010 3436 2099 3473 ar-

518 3503 681 3572 genti.
727 3502 816 3555 12.
849 3501 1027 3556 Donec
1057 3518 1150 3557 rea:
1202 3504 1258 3558 in
1288 3506 1532 3559 accubitu
1570 3523 1687 3573 suo,
1739 3490 1941 3564 nardns
1982 3528 2099 3566 mea

512 3593 659 3647 dedit
689 3594 900 3649 odorem
934 3612 1108 3649 suum.
1134 3597 1220 3651 15.
1246 3594 1565 3653 Fasciculus
1585 3600 1812 3670 myrrhae
1841 3604 2097 3671 patruelis

515 3703 660 3741 meus
688 3676 817 3741 mihi
848 3689 903 3741 in
934 3688 1106 3744 medio
1135 3688 1356 3744 uberum
1391 3708 1625 3746 meorum
1657 3696 2090 3753 commorabitur.

513 3776 710 3833 Botrus
743 3776 910 3856 Cypri
934 3781 1192 3851 patruelis
1224 3797 1369 3836 meus
1400 3783 1456 3837 in
1490 3784 1653 3845 vineis
1696 3783 1967 3857 Engaddi.

589 3960 940 4029 Quaecunque
971 3970 1097 4015 ante
1122 3976 1186 4017 ea
1219 3978 1340 4031 quae
1373 3979 1519 4018 nunc
1552 3965 1692 4021 lecta
1726 3968 1939 4023 suntin
1970 3984 2099 4039 pro-

518 4049 700 4101 mmiis
767 4047 977 4105 Cantici
1029 4050 1408 4117 canticorum,
1472 4051 1727 4107 similiter
1788 4071 1848 4110 se
1896 4057 2099 4113 habent

518 4151 685 4209 atque
707 4139 968 4208 splendor
994 4140 1087 4209 qui
1116 4156 1274 4195 mane
1305 4142 1482 4196 oritur
1512 4153 1634 4212 post
1666 4145 2099 4219 noctem.Neque

513 4230 663 4285 enim
702 4230 792 4285 ille
829 4236 914 4286 est
950 4230 1043 4285 lux
1074 4246 1235 4302 pura,
1282 4232 1377 4288 sed
1424 4235 1565 4291 lucis
1604 4239 1931 4305 prooemium
1969 4259 1982 4295 :
2033 4257 2097 4296 ea

2183 1966 2430 2038 περιόψει
2460 1962 2566 2017 τῶν
2592 1959 2733 2015 κατά
2756 1959 2846 2014 τὸν
2871 1958 2983 2028 βίον
3012 1958 3196 2010 τοῦτον
3222 1952 3379 2025 ἰχνῶν
3409 1950 3521 2022 τὴν
3547 1949 3753 2011 πλάνην.

2185 2057 2391 2113 Ούκοῦν
2425 2057 2512 2110 ἀεὶ
2550 2054 2781 2126 πρόσεχε
2821 2051 3045 2121 σεαυτῇ,
3090 2050 3184 2103 xui.
3222 2046 3283 2099 οὐ
3323 2043 3399 2115 μὴ
3453 2038 3754 2111 πλανηθήσῃ

2184 2149 2314 2220 περὶ
2339 2147 2436 2222 τὴν
2457 2145 2564 2201 τῶν
2598 2144 2800 2215 ἐρίφων
2832 2140 3033 2211 ἀγέλην
3052 2155 3068 2172 ο
3109 2138 3227 2191 οὐδὲ
3269 2135 3461 2207 ἔριφος
3488 2131 3754 2222 helepo-

2185 2217 2351 2293 ϐάτου
2375 2217 2432 2290 έν
2458 2235 2537 2306 τῷ
2563 2233 2739 2304 καιρῷ
2763 2233 2858 2307 τῆς
2881 2230 3113 2305 κρίσεως
3133 2225 3510 2295 ἐπιδειχθήσῃ,
3535 2220 3651 2279 οὐδὲ
3674 2217 3752 2287 τῆς

2184 2332 2249 2384 ὲκ
2292 2327 2479 2394 δεξιῶν
2520 2324 2783 2395 καθέδρας
2827 2319 3196 2392 ἀφορισθήσῃ·
3244 2316 3354 2371 ἀλλ’
3409 2312 3627 2381 ἀκούσῃ
3671 2308 3751 2376 τῆς

2184 2416 2440 2491 γλυκείας
2485 2416 2689 2486 φωνῆς,
2726 2414 2761 2487 ἥ
2808 2429 2937 2482 φησι
2981 2410 3117 2481 πρὸς
3157 2408 3225 2461 τὰ
3271 2404 3539 2477 ὲριοιρόρα
3577 2417 3633 2453 τε
3676 2397 3752 2449 καὶ

2184 2514 2367 2584 ἥμερα
2392 2506 2656 2587 πρόϐατα,
2689 2506 2771 2561 ὅτι
2803 2503 3000 2568 Δεῦτε,
3019 2504 3072 2555 ol
3096 2496 3495 2567 εὐλογημένοι
3529 2491 3752 2587 τοῦ-Πα-

2187 2580 2325 2674 {poi
2390 2580 2540 2669 μου,
2597 2597 3094 2665 κληρονομήσατε
3150 2590 3264 2657 τὴν
3318 2580 3752 2674 ἡτοιμασμένηγ

2190 2666 2332 2769 ύμῖιθ
2353 2666 2679 2760 βασιλείαν
2720 2686 2836 2743 ἀπὸ
2876 2681 3212 2750 καταϐολῆς
3251 2679 3517 2771 κόσμουΖ
3538 2669 3643 2771 'Hf
3676 2666 3751 2771 καὶ

2190 2766 2352 2860 ἡμεῖς
2400 2782 2790 2853 ἀξιωθείημεν·
2840 2782 2898 2831 ἐν
2943 2774 3163 2847 Χριστῷ
3215 2768 3387 2860 Ἰησοῦ
3447 2767 3531 2860 Τῷ
3584 2766 3753 2860 ,ςυρψ

2197 2854 2372 2951 1illd-133V.
2402 2870 2447 2946 ᾧ
2469 2876 2666 2947 πρέπει
2705 2874 2738 2943 ἡ
2772 2870 2899 2935 δόξα
2927 2871 3005 2932 εἰς
3031 2867 3155 2930 τοὺς
3183 2858 3380 2923 αἰῶνος
3400 2858 3518 2913 τῶν
3544 2854 3747 2910 αἰώνων.

2108 2979 2153 3038 C
2198 2974 2253 3026 Ἀ
2265 2972 2393 3043 μήνο

2807 3059 3048 3115 ΟΜΙΛΙΑ
3084 3056 3159 3112 1".

2292 3155 2371 3225 Τῇ
2422 3156 2584 3218 ἵππῳ
2634 3151 2703 3205 ἐν
2751 3150 2973 3219 ἅρμασι
3025 3146 3230 3216 Φαραὼ
3286 3137 3569 3216 ὡμοίωσὰ
3611 3130 3747 3197 σε,ἠ

2197 3249 2464 3318 πλησίον
2484 3263 2622 3315 μου.
2661 3244 2721 3298 Τί
2746 3242 3131 3311 ὼραιὼθησαν
3156 3239 3214 3289 ai
3240 3235 3524 3304 σιαγόνες
3550 3246 3658 3285 σου
3684 3227 3748 3295 ὼς

2197 3338 2499 3408 τρυγόνες,
2521 3334 2823 3405 τράχηλος
2845 3346 2960 3388 σου
2985 3331 3064 3395 ὡς
3088 3328 3378 3397 ὀρμίσκοι.
3410 3321 3750 3394 Ὀμοιώματα

2197 3428 2304 3484 τοῦ
2341 3428 2598 3499 χρυσίου
2634 3421 2966 3493 ποιήσομέν
2988 3437 3085 3475 σοι
3113 3417 3262 3489 μετὰ
3296 3416 3635 3487 στιγμάτων
3663 3409 3746 3464 τοῦ

2198 3522 2503 3591 ἀργυρίου.
2529 3519 2677 3583 Ἕως
2704 3512 2776 3571 οὗ
2819 3518 2851 3569 ὁ
2883 3511 3185 3579 ,βασιλεὺς
3221 3510 3287 3563 ἐν
3316 3508 3634 3563 ἀνακλίσει
3663 3503 3747 3555 αὐτ

2199 3612 2327 3678 τοῦ,
2347 3609 2567 3679 νάρδος
2576 3627 2695 3678 μου
2714 3606 2933 3661 ἔδωκεν
2949 3602 3148 3673 ὀσμὴν
3164 3599 3369 3659 αὐτοῦ.
3407 3600 3465 3653 Ἀ
3473 3598 3747 3664 πόδεσμες

2200 3701 2466 3771 στακτῆς
2503 3697 2822 3773 ἀδελφιδός
2851 3713 2970 3765 μου
2996 3692 3124 3763 ἐμοὶ
3166 3693 3281 3747 ἀνὰ
3309 3691 3507 3761 μέσον
3528 3681 3747 3759 μαστῶν

2194 3812 2312 3863 μου
2345 3790 2799 3859 αὐλισθήσεται.
2848 3787 3073 3854 Βότρυς
3106 3783 3217 3852 τῆς
3253 3784 3499 3849 Κύπρου
3532 3780 3745 3845 ἀδελφι-

2198 3884 2306 3950 δός
2326 3900 2446 3953 μου
2468 3881 2617 3952 ἐμοὶ,
2644 3881 2712 3933 ἐν
2746 3875 3096 3947 ἀμπελῶσιν
3136 3872 3459 3942 Ἐγταδδεί.

2272 3977 2412 4028 Ὅσα
2440 3974 2545 4045 πρὸ
2569 3973 2666 4043 τῆς
2699 3969 2977 4042 παρούσης
3008 3965 3365 4035 ἀναγνώσεως
3390 3964 3469 4025 ,ὲν
3499 3964 3612 4025 τοῖς
3634 3974 3743 4028 προ·

2200 4064 2521 4139 οιμίοιςῠτοῦ
2553 4064 2830 4136 ’ᾼσματος
2868 4060 2973 4114 τῶν
3027 4058 3281 4131 ᾲσμάτων
3322 4057 3451 4125 ἡμῖν
3485 4052 3745 4122 τεθεώρη-

2200 4175 2308 4223 ται,
2338 4158 2537 4229 ὁμοίως
2566 4156 2679 4226 ἔχει
2708 4156 2777 4226 τῇ
2805 4152 3063 4223 γινομένῃ
3110 4150 3247 4222 μετά
3296 4148 3394 4225 τὴν
3441 4148 3613 4203 νύκτα
3638 4142 3743 4212 περὶ

2201 4249 2290 4301 τὸν
2331 4248 2524 4320 ὄρθρον
2571 4248 2733 4318 αὐγῇ.
2782 4244 2919 4299 Οὖτε
2952 4245 3059 4317 γὰρ
3112 4243 3293 4313 ἐκείνη
3342 4241 3585 4313 καθαρὸν
3630 4237 3740 4307 φῶς,

514 4335 735 4390 quoque
758 4335 881 4391 quae
910 4322 1053 4376 dicta
1085 4330 1236 4388 sunt,
1277 4331 1407 4379 sunt
1454 4325 1793 4395 hujusmodi,
1830 4339 1886 4383 ut.
1934 4332 2086 4389 nobis

2199 4337 2331 4391 ἀλλά
2366 4336 2543 4406 φωτός
2571 4338 2685 4389 ἐστι
2722 4334 3003 4406 προοίμιον
3023 4373 3037 4397 ,
3067 4334 3161 4391 καὶ
3189 4333 3259 4386 τά
3286 4332 3554 4405 εἰρημένα
3585 4326 3741 4387 couti-

513 4412 823 4483 signilicent
858 4425 1110 4468 exortum
1166 4429 1314 4468 verte
1362 4416 1521 4481 lucis,
1558 4432 1669 4472 non
1720 4426 1901 4475 tamen
1948 4422 2003 4477 in
2038 4438 2097 4480 se

516 4502 754 4557 habeant
778 4503 956 4572 ipsum
986 4503 1175 4558 orbem
1204 4504 1337 4558 solis
1368 4504 1515 4559 clare
1544 4518 1921 4578 apparentem.
1956 4510 2093 4567 Nam

517 4595 573 4648 in
607 4595 716 4649 illis
745 4595 965 4665 quidem
994 4594 1238 4665 loquitur
1267 4610 1491 4665 sponsa,
1518 4606 1571 4653 et
1603 4601 1788 4666 amici,
1818 4609 1872 4657 et
1909 4603 2095 4658 adole-

519 4686 819 4739 scentulae:
861 4699 1009 4738 nunc
1036 4694 1217 4738 autem
1256 4701 1357 4738 vox
1390 4686 1561 4756 ipsius
1594 4691 1808 4758 sponsi,
1834 4699 2095 4762 tanquam

518 4775 669 4829 orbis
745 4775 877 4830 solis
957 4776 1177 4837 oritur,
1254 4777 1533 4833 radiorum
1605 4780 1897 4848 splendore
1972 4785 2098 4839 abs-

518 4864 766 4919 condens
803 4878 1019 4916 omnem
1088 4864 1434 4933 splendorem
1472 4874 1746 4923 astrorum
1791 4886 1912 4940 quae
1944 4873 2096 4941 prius

518 4956 873 5029 apparebant,
905 4961 959 5009 et
1002 4956 1256 5009 matutini
1286 4957 1432 5026 quod
1465 4958 1741 5014 illuxerat.
1781 4962 1874 5015 illa
1914 4972 2094 5018 autem

516 5050 702 5107 omnia
734 5047 842 5101 vim
875 5045 1165 5117 quamdam
1194 5046 1396 5135 habent
1426 5050 1815 5121 purgationum
1840 5059 1894 5107 et
1916 5068 2099 5123 asper-

518 5147 760 5210 siouum,
821 5160 919 5216 per
969 5160 1110 5215 quas
1149 5147 1363 5216 expiata
1398 5147 1581 5203 anima
1616 5158 1844 5218 paratur
1890 5150 1956 5205 ad
2009 5166 2096 5205 res

518 5235 735 5290 divinas
766 5235 1121 5305 excipiendas
1150 5253 1164 5289 :
1197 5236 1342 5305 quod
1362 5245 1555 5310 .autem
1583 5254 1733 5293 nunc
1763 5239 1986 5302 dicitur,
2011 5247 2095 5295 est

520 5327 874 5397 participatio
909 5325 1084 5398 ipsius
1114 5328 1441 5393 divinitatis,
1469 5329 1590 5399 ipso
1638 5329 1751 5386 Deo
1778 5329 1960 5386 Verbo
2000 5346 2096 5401 per

522 5418 794 5487 propriam
815 5433 1004 5473 vocem
1029 5419 1373 5489 impertiente
1408 5420 1647 5475 auditori
1680 5429 2007 5491 potestatem
2039 5422 2093 5476 in

521 5521 679 5574 quam
696 5523 805 5561 non
828 5510 973 5564 cadit
996 5512 1274 5566 interitus.
1300 5511 1367 5566 Et
1390 5514 1665 5582 quomodo
1683 5513 1735 5567 in
1763 5521 1948 5569 monte
1965 5512 2095 5568 Sina

524 5598 933 5665 purgationibus
964 5601 1115 5669 prius
1150 5611 1377 5673 paratus
1406 5601 1573 5659 Israel
1625 5603 1840 5660 duobus
1879 5604 2092 5670 diebus,

595 5766 641 5797 ³ο
666 5766 838 5825 Levit.
869 5788 1018 5839 xxvr,
1057 5776 1139 5832 12.
1196 5781 1259 5817 ~“
1285 5779 1474 5834 Matth.
1513 5796 1638 5840 xxv.
1674 5782 1760 5835 3:3.

2198 4445 2286 4492 τα,
2333 4427 2409 4490 ὡς
2448 4426 2546 4498 τὴν
2569 4425 2831 4497 ἀνατολὴν
2877 4425 2976 4495 μὲν
3022 4427 3151 4495 ἡμῖν
3183 4422 3278 4477 τοῦ
3308 4423 3564 4495 ἀληθινοῦ
3605 4439 3743 4476 καταο

2202 4519 2426 4589 μηνύειν
2473 4517 2650 4589 φωτὸς
2671 4555 2684 4581 ,
2734 4518 2792 4570 οὺ
2834 4517 2943 4588 μὴν
2989 4518 3045 4570 ὲν
3075 4517 3287 4580 ἑαυτοῖς
3314 4517 3456 4587 ἔχειν
3483 4516 3640 4571 αὑτὸν
3664 4512 3739 4569 τοῦ

2198 4608 2349 4679 ἡλίου
2379 4606 2471 4661 τὸν
2500 4606 2699 4659 κύκλον
2726 4605 3013 4678 τηλαυγῶς
3046 4606 3497 4676 προφαινόμενον.
3528 4609 3612 4660 Ἐν
3626 4603 3741 4658 ὲκεί-

2198 4716 2309 4762 νοις
2345 4699 2441 4767 μὲν
2472 4698 2579 4767 γὰρ
2608 4699 2642 4767 ή
2671 4697 2858 4768 νύμφη
2892 4697 3210 4767 φθέγγεται,
3264 4699 3357 4751 καὶ
3386 4699 3435 4751 oi
3469 4697 3625 4766 φίλοι,
3666 4692 3739 4749 καὶ

2198 4791 2254 4842 ui
2286 4787 2522 4851 νεάνιδες
2545 4805 2558 4819 ·
2593 4785 2690 4839 νῦν
2726 4786 2783 4841 δὲ
2813 4786 2977 4840 αὑτοῦ
3013 4784 3106 4839 τοῦ
3137 4788 3367 4858 νυμφίου
3398 4788 3571 4856 φωνὴ,
3600 4783 3739 4845 καθὰ-

2198 4895 2305 4947 περ
2332 4896 2414 4941 τις
2449 4877 2644 4941 κύκλος
2674 4878 2894 4949 ἡλιακδς
2927 4878 3226 4943 ἀνατέλλει,
3258 4880 3620 4950 ἀποκρύπτων
3644 4878 3741 4936 ταῖς

2197 4970 2305 5023 τῶν
2351 4970 2582 5023 ἀκτίνων
2626 4971 2823 5038 αὐγαῖς
2870 4971 3048 5024 πᾶσαν
3093 4971 3203 5024 τῶν
3266 4989 3325 5023 τε
3386 4970 3739 5041 προφανέντων

2197 5060 2464 5132 ἀστέρων,
2500 5061 2594 5114 καὶ
2626 5061 2719 5113 τοῦ
2759 5061 3169 5129 ὑπαυγόωαντος
3196 5061 3392 5134 ὄρθρου
3422 5062 3518 5134 τὴν
3552 5064 3742 5131 λαμπη-

2197 5151 2342 5206 δόνα.
2394 5152 2640 5206 Κάκεϊνα
2673 5152 2771 5222 μὲν
2798 5151 2974 5205 πάντα
3004 5153 3313 5225 καθαρσίων
3353 5154 3515 5213 τινῶν
3552 5154 3638 5211 καὶ
3662 5166 3740 5202 πει

2202 5242 2599 5316 ριρῥαντηρίων
2644 5242 2872 5313 δύναμιν
2906 5243 3047 5317 ἔχει,
3094 5244 3161 5297 δι’
3192 5238 3267 5297 ὧν
3302 5244 3678 5315 ἀφαγνισθεῖσα
3712 5238 3738 5308 ἡ

2196 5336 2341 5407 ψυχὴ
2371 5336 2507 5407 πρὸς
2535 5336 2633 5409 τὴν
2663 5336 2927 5408 ὑποδοχὴν
2951 5337 3055 5389 τῶν
3077 5336 3235 5391 θείων
3262 5335 3735 5409 παρασκευάζεται·

2196 5428 2226 5479 ὁ
2254 5427 2312 5480 δὲ
2338 5426 2434 5481 νῦν
2462 5426 2639 5495 λόγος,
2684 5427 2853 5498 αὐτῆς
2896 5428 2995 5497 τῆς
3045 5428 3294 5499 θεότητός
3325 5432 3439 5483 ἐστι
3488 5423 3737 5500 μετουσία.

2196 5516 2290 5570 τοῦ
2318 5518 2454 5571 Θεοῦ
2484 5518 2655 5587 Λόγου
2676 5518 2765 5572 διὰ
2795 5520 2894 5590 τῆς
2927 5520 3061 5584 ίδίας
3090 5522 3269 5592 φωνῆς
3300 5521 3654 5593 μεταδιδόντος
3676 5511 3736 5581 τῷ

2199 5609 2448 5665 ἀκούοντι
2468 5614 2568 5683 τῆς
2600 5611 2881 5684 ἀκηράτου
2902 5613 3182 5683 δυνάμεως
3206 5614 3304 5684 τὴν
3326 5613 3619 5668 κοινωνίαν.
3648 5601 3736 5660 Καὶ
