3874 6362
137 421 248 476 809

1209 429 1274 483 IN
1304 429 1601 488 CANTICA
1637 431 1910 491 CANTIC.
1938 434 2221 495 HOMILIA
2260 441 2342 497 lll.

3297 454 3403 511 810

137 535 343 609 ὥσπερ
370 537 463 591 ἐπὶ
492 537 585 594 τοῦ
617 541 748 598 Σινᾶ
779 549 1362 619 προπαρασκευασθεὶς
1385 552 1497 615 τοῖς
1522 551 1708 624 καθαρι

1831 559 1994 614 tertio
2034 560 2229 634 dignus
2254 570 2529 632 censetur,
2573 579 2787 622 summo
2826 581 3005 633 mane,
3048 577 3107 623 ut
3154 569 3201 626 ei
3257 569 3400 628 Deus

141 626 284 689 σίοις
333 628 362 679 6
419 626 631 701 Ἰσραὴλ
664 633 722 685 ὲν
747 632 987 704 ἡμέραις
1031 635 1146 701 δύο,
1180 640 1247 709 τῇ
1280 637 1440 712 τρίτῃ
1470 640 1610 695 κατά
1634 642 1726 695 τὸν

136 714 345 804 ὄρθρον
390 718 639 785 ἀξιοῦται
682 721 784 792 τῆς
821 721 1175 794 θεοφανείας,
1222 729 1405 783 οὐκέτι
1457 733 1584 803 περ)⁵
1627 732 1726 804 τὴν

137 803 343 857 πλύσιν
367 805 476 858 τῶν
505 807 735 878 ἱματίων
778 810 1005 882 ἄσχολος
1053 814 1162 879 ῶν,
1209 816 1326 870 ἀλλ’
1372 818 1534 872 αὐτὸν
1578 803 1726 891 δεχό-

138 909 308 963 μενος
356 893 611 964 ἐμφανῶς
641 896 732 951 τὸν
764 897 897 954 Θεὸν
917 939 933 966 ,
988 893 1049 954 οὗ
1101 902 1261 975 χάριν
1299 904 1389 958 τὸν
1418 905 1518 975 τῆς
1549 906 1726 978 ψυχῆς

136 983 316 1056 ῥύπον
345 984 432 1039 διὰ
462 985 572 1041 τῶν
601 988 982 1059 προλαϐόντων
1014 993 1325 1064 καθαρσίων
1352 995 1719 1052 ἀπεπλύνατο·

135 1075 281 1130 οὕτω
323 1077 420 1132 καὶ
464 1078 559 1133 νῦν
586 1082 618 1153 ἡ
650 1081 710 1134 ἐν
753 1085 866 1145 τοῖς
895 1083 1135 1153 φθάσασι
1171 1085 1349 1156 λόγοις
1380 1089 1720 1162 γεγενημένη

133 1167 245 1222 τῶν
273 1170 577 1241 προοιμίων
605 1172 700 1226 τοῦ
738 1174 1016 1246 ’ᾼσματος
1041 1176 1246 1249 θεωρία
1274 1179 1419 1233 κατά
1451 1180 1550 1247 τὰς
1585 1198 1719 1252 προ·

132 1258 411 1325 λαϐούσας
441 1259 534 1315 δύο
581 1263 818 1335 ἡμέρας,
864 1266 1116 1321 τοσοῦτον
1145 1268 1445 1341 ὠφέλησεν,
1478 1271 1601 1326 ὅσον
1629 1274 1721 1326 ὲκ-

137 1351 345 1406 πλῦναι
381 1353 475 1407 καὶ
502 1354 809 1410 ἀποκλῦσαι
837 1357 932 1411 τοῦ
959 1358 1133 1431 ῥύπου
1166 1362 1264 1431 τῆς
1305 1361 1506 1433 σαρκὸς
1533 1362 1632 1433 τὴν
1662 1364 1720 1417 ὲν

131 1446 245 1508 τοῖς
270 1444 588 1515 λεγομένοις
615 1445 872 1503 διάνοιαν.
907 1449 1079 1515 Αὐτὸς
1109 1451 1167 1505 δὲ
1189 1452 1218 1505 6
1252 1451 1383 1517 Θεὸς
1408 1454 1580 1523 Λόγος
1622 1456 1718 1525 σή-

138 1554 324 1607 μερον,
346 1537 472 1607 ἥτις
492 1539 609 1592 ἐστί
630 1540 806 1611 τρίτη,
829 1544 970 1612 μετὰ
1000 1542 1097 1615 τὴν
1116 1543 1339 1617 πρώτην
1358 1562 1416 1599 τε
1434 1546 1528 1599 καὶ
1545 1544 1720 1599 δευτέ-

137 1646 233 1701 ραν
273 1628 566 1700 κάθαρσιν,
597 1632 1010 1704 ὲπιφανήσεται,
1037 1635 1098 1688 ού
1132 1634 1336 1706 γνόφῳ,
1369 1635 1463 1690 καὶ⁸
1497 1634 1713 1707 θυέλλῃ,

134 1718 227 1771 καὶ
248 1719 552 1789 σάλπιγγος
574 1721 711 1791 ἡχῳ,
734 1721 830 1774 καὶ
851 1723 986 1793 πυρὶ
1003 1723 1249 1795 φοϐερῶς
1268 1725 1333 1779 ὲκ
1348 1724 1622 1796 πυθμένος
1636 1727 1716 1789 εἰς

132 1809 449 1882 ἀκρώρειαν
473 1806 568 1863 τοῦ
596 1810 755 1882 ὅρους
793 1810 890 1882 τὴν
921 1815 1178 1887 περιοχὴν
1210 1816 1583 1887 διασμύχοντι,
1614 1833 1715 1885 φα-

1825 659 2105 718 appareat,
2139 669 2248 709 non
2282 655 2517 725 amplius
2539 664 2840 728 occupatus
2862 658 2916 713 in
2953 658 3202 717 lavandis
3229 663 3400 717 vesti-

1824 739 1949 805 bus,
1993 742 2091 798 sed
2134 744 2315 815 ipsum
2366 745 2534 802 Deum
2565 756 2757 819 aperte
2801 750 3132 820 suscipiens,
3181 763 3403 823 propter

1823 832 1968 902 quod
2000 834 2198 891 animae
2224 837 2416 893 sordes
2444 854 2541 910 per
2572 841 2941 911 praecedentes
2991 843 3241 898 abiucrat
3270 860 3402 914 pur-

1822 924 2070 993 gationes
2092 944 2107 985 :
2127 926 2200 982 ita
2224 929 2388 984 etiam
2414 946 2582 1000 nunc,
2610 946 2730 1002 qua:
2760 932 2817 988 in
2840 933 2909 989 iis
2932 949 3052 1003 qua:
3076 935 3228 1005 prius
3255 934 3398 990 dicta

1823 1021 1954 1069 sunt
1994 1013 2096 1069 fuit
2144 1020 2534 1089 contemplatio
2560 1023 2950 1092 prooemiorum
2983 1023 3197 1081 Cantici
3226 1026 3396 1081 canti-

1822 1119 2039 1173 corum,
2067 1108 2283 1165 duobus
2305 1111 2500 1179 diebus
2532 1114 2971 1185 praecedentibus
2998 1123 3244 1173 :tantum
3271 1130 3398 1188 pro-

1822 1190 1927 1247 fuit
1974 1201 2036 1249 ut
2081 1196 2328 1253 ablueret
2370 1207 2425 1254 et
2474 1204 2798 1258 emundaret
2842 1219 2872 1258 a
2910 1204 3168 1260 sordibus
3212 1204 3398 1259 carnis

1821 1296 2044 1338 sensum
2077 1286 2174 1357 qui
2221 1284 2307 1342 est
2351 1286 2407 1342 in
2456 1288 2524 1345 iis
2558 1305 2679 1360 quae
2728 1291 3004 1347 dicuntur.
3042 1291 3167 1364 ipse
3214 1302 3393 1349 autem

1822 1371 1964 1431 Deus
1994 1376 2227 1433 Verbum
2254 1380 2439 1447 hodie,
2483 1384 2577 1452 qui
2618 1390 2702 1439 est
2743 1384 2860 1440 dies
2900 1386 3117 1451 tertius,
3166 1399 3393 1456 appare-

1819 1464 1901 1520 bit
1924 1476 2046 1537 post
2074 1470 2307 1539 primam
2333 1475 2723 1531 et'secundam
2758 1480 3162 1549 purgationem,
3191 1493 3301 1533 non
3338 1477 3392 1532 in

1818 1558 2053 1628 caligine
2083 1567 2138 1615 et
2170 1564 2432 1632 procella,
2463 1574 2519 1621 et
2557 1582 2694 1624 sono
2724 1569 2886 1635 tubae,
2920 1576 2975 1625 et
3006 1570 3236 1626 terribili
3269 1571 3396 1641 igne

1818 1661 1849 1701 a
1878 1649 2063 1706 radice
2093 1667 2265 1723 usque
2285 1655 2353 1711 ad
2376 1657 2634 1714 verticem
2664 1660 2864 1717 montis
2890 1661 3159 1717 ambitum
3185 1662 3394 1718 abster-

1815 1746 1999 1809 gente,
2026 1753 2271 1814 apertam
2312 1754 2368 1804 et
2404 1749 2750 1807 manifestam
2785 1768 2940 1809 suam
2975 1754 3225 1825 przebcns
3251 1769 3392 1826 prae-

1818 1831 2070 1901 sentiam,
2119 1836 2216 1892 sed
2255 1837 2539 1908 jucundus
2571 1850 2627 1898 et
2679 1843 2914 1901 aﬂ'abilis
2953 1861 3018 1901 ex
3070 1847 3254 1917 specie
3300 1846 3391 1901 illa

134 1902 293 1971 νερὲν
321 1903 419 1955 καὶ
439 1903 691 1973 ἐπίδηλον
719 1903 913 1957 ἑαυτοῦ
939 1904 1036 1977 τὴν
1059 1908 1359 1978 παρουσίαν
1380 1908 1708 1981 ποιούμενος⁴

1821 1922 2049 1978 terribili
2082 1926 2149 1981 ad
2174 1940 2391 1997 sponsae
2415 1930 2659 1987 laetitiam
2691 1948 2752 1991 se
2794 1902 3175 1991 transmutans
3198 1941 3254 1990 ct
3291 1949 3388 1991 ac-

132 1992 245 2045 ἀλλ’
267 1993 405 2064 ἡδὺς
424 1993 518 2046 καὶ
533 1994 876 2064 εὐπρόσιτος,
897 1996 960 2049 ὲκ
984 1996 1076 2051 τοῦ
1107 1998 1338 2071 φοϐεροῦ
1364 2000 1537 2064 εἴδους
1568 1995 1713 2054 ὲκεί-

134 2103 221 2139 νου
276 2086 419 2158 πρὸς
474 2088 581 2158 τὴν
628 2090 905 2163 νυμφικὴν
963 2089 1302 2163 εὐφροσύνην
1367 2091 1715 2163 μεθαρμοσά-

131 2193 310 2244 μενος.
359 2176 477 2246 Τῆς
519 2179 625 2250 γὰρ
653 2180 871 2252 νύμφης
895 2181 1180 2253 δεηθείσης
1216 2182 1409 2252 μαθεῖν
1440 2184 1567 2246 τοὺς
1611 2182 1713 2253 τῆς

133 2264 494 2330 ἀναπαύσεως
520 2268 736 2332 τόπους,
771 2271 828 2323 ὲν
861 2265 942 2335 οἷς
966 2271 995 2323 6
1017 2269 1221 2338 ἀγαθὸς
1251 2270 1455 2341 ποιμὴν
1479 2269 1576 2342 τὴν
1598 2271 1714 2324 δια-

131 2356 317 2427 τριϐὴν
339 2357 478 2427 ἔχει,
502 2357 641 2412 ὥστε
667 2361 741 2432 μή
767 2378 819 2414 τι
849 2361 991 2415 κατά
1018 2361 1241 2430 ἄγνοιαν
1267 2361 1376 2416 τῶν
1404 2362 1713 2435 ἀϐουλήτων

137 2445 354 2497 παθεῖν’
409 2442 529 2501 εἶτα
576 2449 684 2503 τῶν
730 2450 899 2520 φίλων
937 2451 1002 2505 τὸ
1045 2453 1286 2523 ἀσφαλὲς
1330 2452 1429 2524 τῆς
1458 2453 1714 2526 ἀληθείας

135 2537 416 2607 κριτήριον
462 2540 924 2612 ὑφηγησαμένων,
977 2544 1039 2597 τὸ
1085 2545 1221 2616 πρὸς
1263 2546 1460 2617 ἑαυτὴν
1495 2544 1713 2617 βλέπειν

134 2627 224 2699 τὴν
250 2628 451 2702 ψυχὴν,
499 2634 595 2686 καὶ
638 2633 834 2706 ἑαυτὴν
880 2635 1170 2704 γινώσκειν
1203 2653 1218 2668 ’
1265 2637 1329 2691 τὸ
1373 2637 1483 2710 γὰρ
1513 2637 1713 2709 ἑαυτὴν

136 2719 357 2787 ἀγνοεῖν,
381 2724 561 2795 ἀρχὴν
589 2726 935 2798 ἀπεφήναντο
966 2728 1062 2782 καὶ
1084 2728 1404 2784 ἀκολουθίαν
1431 2725 1571 2783 εῖναι
1615 2728 1710 2783 τοῦ

141 2810 267 2878 μηδὲ
294 2811 423 2866 ἀλλο
455 2830 510 2867 τι
542 2814 650 2868 τῶν
680 2815 908 2870 δεόντων
940 2814 1158 2872 εἰδέναι.
1186 2816 1311 2881 Πῶς
1343 2817 1453 2889 γὰρ
1489 2817 1557 2875 ἀν
1585 2819 1713 2875 ἀλλο

139 2916 188 2953 τι
217 2902 407 2971 μάθοι,
448 2905 642 2959 ἑαυτὸν
686 2906 930 2976 ἀγνοῶν;
973 2907 1097 2961 Ἐπὶ
1130 2907 1340 2972 τούτοις
1386 2909 1462 2974 ὡς
1513 2911 1711 2976 ἱκανῶς

140 2991 231 3063 ἡδη
256 2994 346 3048 τοῦ
376 2995 707 3067 ἡγεμονικοῦ
734 2997 834 3068 τῆς
851 2996 1033 3067 ψυχῆς
1058 2996 1491 3070 κεκαθαρμένον,
1507 2998 1711 3054 ἐπανα-

140 3081 302 3135 τέλλει
330 3087 396 3156 τῇ
431 3083 673 3156 ποθούσῃ
700 3086 730 3139 6
767 3084 926 3154 λόγος
951 3123 968 3150 ,
999 3086 1313 3158 προτροπὴν
1344 3086 1481 3160 πρὸς
1523 3087 1586 3141 τὸ
1622 3083 1711 3140 τέ-

141 3168 272 3225 λειον
313 3175 637 3246 ποιούμενος
677 3175 768 3230 διά
809 3176 909 3246 τῆς
955 3174 1224 3247 ἀποδοχῆς
1264 3175 1372 3230 τῶν
1401 3175 1703 3248 παρόντων.

152 3255 206 3308 '0
230 3256 333 3330 γὰρ
376 3260 472 3313 ἐπὶ
511 3260 624 3325 τοϊς
653 3260 1070 3334 κατορθώμασιν
1094 3261 1315 3329 ἔπαινος
1345 3262 1706 3338 σφοδροτέραν

140 3349 243 3411 τοῖς
278 3349 657 3424 κατορθώσασι
688 3351 787 3424 τὴν
829 3351 965 3425 πρὸς
1007 3350 1067 3406 τὸ
1116 3355 1363 3426 κρεῖττον
1399 3355 1709 3428 προθυμίαν

142 3437 387 3513 ἐντίθησι.

204 3533 245 3585 Τ
250 3536 294 3599 ίς
314 3533 405 3591 οὖν
431 3540 462 3593 ό
492 3538 642 3611 παρά
676 3538 771 3594 τοῦ
805 3536 1060 3612 ἀληθινοῦ
1088 3534 1265 3610 Λόγου
1306 3537 1544 3612 γεγονὼς
1574 3539 1706 3613 πρὸς

141 3623 229 3695 τὴν
261 3628 526 3699 παρθένον
562 3628 754 3699 λόγος;
804 3630 885 3701 Τῇ
917 3633 1078 3699 ἵππῳ
1098 3650 1240 3704 μου,
1274 3631 1459 3704 φησὶν,
1493 3634 1565 3689 ἐν
1598 3633 1705 3701 ἀρ’·

137 3728 275 3783 μασι
297 3719 510 3789 Φαραὼ
552 3720 829 3791 ὡμοίωσά
860 3739 954 3792 σε,
988 3725 1028 3792 ἡ
1075 3724 1344 3793 πλησίον
1369 3742 1508 3796 μου.
1564 3722 1704 3778 Ἀλλ’

143 3806 312 3880 ἐπειδὴ
360 3813 461 3866 οὐκ
508 3811 653 3867 ἔστιν
684 3817 749 3868 ὲκ
793 3814 888 3870 τοῦ
937 3816 1229 3887 προχείρου
1261 3816 1359 3887 τὴν
1404 3814 1514 3869 τῶν
1556 3819 1705 3889 εἱρη’

145 3897 305 3966 μένων
336 3902 613 3975 θεωρῆσαι
640 3905 897 3971 διάνοιαν,
922 3907 1173 3973 ἐξετάσαι
1203 3909 1470 3980 προσήκει
1495 3904 1564 3963 δι’
1589 3912 1707 3964 sm-

145 3986 367 4071 μελείας,
394 3991 576 4057 καθὼς
603 3993 669 4047 ἂν
693 3990 801 4048 οἷόν
827 4013 887 4049 τε
912 3992 968 4069 ᾖ,
1003 3996 1064 4051 τὸ
1089 3997 1468 4067 προκείμενον.
1505 3999 1706 4071 ’Ἄλλην

141 4067 351 4147 δύναμιν
382 4082 483 4153 τὴν
510 4067 1009 4158 ἀντιταχθείσανητῇ
1044 4086 1194 4159 ἵππῳ
1220 4087 1313 4142 τοῦ
1330 4082 1528 4161 Φαραὼ
1555 4067 1706 4162 παρὰ

141 4163 228 4234 τῆς
252 4169 484 4242 ἱστορίας
508 4174 804 4246 ἐμάθομεν,
826 4179 1054 4250 νεφέλην
1084 4180 1178 4233 καὶ
1202 4179 1395 4251 ῥάϐδον
1416 4181 1509 4235 καὶ
1532 4181 1705 4251 βίαιον

142 4253 324 4327 ἄνεμον
355 4265 448 4316 καὶ
478 4263 713 4333 πέλαγος
737 4266 857 4338 διχῆ
886 4266 1286 4341 διαιρούμενον,
1320 4271 1413 4325 καὶ
1444 4271 1607 4342 βυθὸν
1646 4270 1705 4326 ἐν

143 4345 293 4436 ἶέιῖνεει,
328 4354 420 4407 καὶ
468 4356 567 4427 τὴν
616 4358 681 4410 ἐκ
723 4359 985 4429 κυμάτων
1024 4362 1379 4432 τειχοποιίανν
1412 4364 1507 4418 καὶ
1532 4362 1704 4436 ξηρὰν

144 4435 376 4529 ἀϐυσσον,
403 4448 503 4521 τὴν
529 4449 619 4504 διὰ
646 4451 813 4521 μέσου
842 4452 949 4506 τῶν
974 4453 1033 4520 ἐξ
1064 4453 1253 4520 ὓδατος
1280 4458 1473 4527 πηγῶν
1492 4435 1704 4529 χερσω-

144 4525 339 4603 θείσαν·
374 4538 440 4591 δι’
468 4532 545 4594 ὧν
576 4540 828 4596 ἁπάντων
858 4536 1067 4611 ἐγίνετο
1105 4546 1219 4609 τοῖς
1262 4525 1626 4616 Ἰσραηλίέάις
1667 4548 1702 4619 ἢ
1733 4577 1780 4635 ο

146 4629 386 4698 σωτηρία,
437 4636 777 4708 πανστρατιᾷ
814 4634 910 4688 τοῦ
958 4633 1156 4706 Φαραὼ
1208 4635 1346 4705 μετά
1383 4634 1489 4688 τῶν
1520 4637 1702 4690 ἵππων

143 4722 197 4761 τε
217 4715 302 4767 καὶ
328 4720 582 4796 ἁρμάτων
614 4722 1084 4793 συγκαλυφθέντος
1111 4722 1221 4787 τοῖς
1253 4723 1508 4796 κύμασιν.
1539 4726 1700 4781 Οὐδε-

148 4805 262 4867 μιᾱς
302 4793 477 4867 τοίνυν
522 4815 752 4887 ἱππικῆς
799 4814 1079 4886 δυνάμεως
1126 4793 1573 4889 ἀντεισαχθείσης
1620 4817 1699 4889 τῷ

144 4891 402 4972 ΜΥυπτίῳ
431 4906 674 4977 στρατῷ,
722 4907 924 4979 ἄπορον
955 4906 1022 4961 ἀν
1053 4903 1137 4978 εἴη
1167 4907 1357 4977 μαθεῖν
1382 4908 1512 4980 ποίᾳ
1544 4909 1697 4981 ἵππῳ

145 4984 203 5073 τῇ
247 4988 556 5070 διαφανείσῃ
614 4998 758 5053 κατά
809 4999 919 5053 τῶν
973 4996 1287 5068 Αἰγυπτίων
1342 4999 1604 5071 ἀρμάτων
1661 5003 1694 5073 ἡ

145 5072 310 5151 νύμφη
342 5086 488 5158 παρὰ
510 5086 607 5141 τοῦ
646 5087 803 5157 λόγου
834 5088 930 5142 νῦν
958 5087 1399 5159 προσεικάζεται.
1435 5087 1515 5160 Τῇ
1546 5072 1699 5160 ἵππῳ

148 5177 237 5229 μου
259 5170 381 5244 γὰρ,
419 5178 575 5250 φησι,
605 5181 671 5250 τῇ
700 5182 757 5233 ὲν
800 5182 914 5243 τοῖς
947 5180 1158 5250 ἅρμασι
1200 5178 1296 5231 τοῦ
1338 5176 1541 5250 Φαραὼ
1574 5196 1701 5234 κατο

147 5263 455 5342 ξιργασμένῃ
493 5268 588 5339 τὴν
614 5269 791 5340 νίκην,
831 5268 1093 5340 ὼμοίωσά
1122 5286 1205 5335 σε,
1249 5270 1282 5340 ἡ
1314 5270 1538 5341 πλησίον
1573 5289 1695 5342 μου.

146 5334 211 5397 Ἦ
250 5349 399 5419 δῆλόν
428 5334 611 5426 "tactv,
651 5334 737 5414 ὅτι
774 5334 961 5433 ὥσπερ
991 5362 1094 5415 οὐκ
1139 5334 1369 5416 ἔστι-διὰ
1393 5334 1700 5432 ναυμαχίας

146 5432 421 5512 ἡπτιθῆναί
461 5467 631 5517 τινας,
666 5451 741 5524 μὴ
789 5452 1006 5507 ναυτίου
1052 5452 1283 5525 στρατοῦ
1328 5452 1427 5524 τὴν
1469 5455 1527 5507 ἐν
1577 5455 1698 5517 ταῖς

147 5530 288 5583 ναυσὶ
321 5535 425 5590 τῶν
454 5541 707 5595 ἐναντίων
740 5541 967 5613 δύναμιν
1009 5543 1415 5607 καταλύσαντος
1451 5561 1465 5575 ·
1521 5541 1696 5607 οὕτως

146 5612 253 5668 οὐδὲ
281 5620 342 5675 ἂν
372 5627 427 5680 ὲν
462 5630 772 5705 ἱππομαχίᾳ
820 5612 906 5698 τις
952 5633 1213 5707 ἡττηθείη
1238 5674 1253 5697 ,
1302 5637 1377 5707 μή
1426 5653 1572 5699 τινος
1605 5637 1694 5690 ἱπ-

149 5710 297 5800 ἶξικῆς
318 5714 378 5770 ὲκ
406 5720 508 5775 τῶν
540 5726 794 5779 ἐναντίων
823 5727 1235 5800 ἀντιταχθείσης
1266 5728 1580 5799 δυνάμεωςς
1632 5729 1693 5782 Εἰ

149 5788 207 5861 δὴ
228 5802 395 5858 τοίνυν
418 5811 474 5863 τὸ
500 5815 784 5885 κράτιστον
813 5817 911 5886 τῆς
935 5818 1043 5874 τῶν
1068 5820 1379 5889 Αἰγυπτίων
1410 5823 1689 5889 στρατιᾶς.

332 5898 592 5969 Paruum.
641 5909 755 5970 Gn.
797 5911 1007 5973 XLIV.

1815 2014 2191 2072 commodans.
2219 2017 2353 2074 Nam
2387 2035 2513 2076 cum
2540 2038 2740 2094 sponsa
2769 2024 3076 2096 rogavisset
3131 2033 3192 2079 ut
3224 2026 3393 2082 sciret

1815 2103 1934 2159 loca
1969 2106 2191 2177 quietis,
2229 2111 2283 2166 in
2312 2113 2514 2183 quibus
2559 2116 2736 2172 bonus
2776 2127 2967 2188 pastor
2996 2129 3272 2182 versatur,
3319 2133 3390 2174 ne

1813 2196 1946 2264 quid
1987 2212 2177 2254 eorum
2208 2217 2331 2271 qua:
2373 2204 2537 2261 nollet
2574 2207 2809 2277 amplius
2862 2209 2966 2278 ipsi
2999 2208 3214 2264 accidat
3263 2224 3388 2279 pro-

1815 2297 1934 2357 pter
1967 2287 2364 2358 ignorationem
2389 2334 2403 2360 ,
2433 2294 2629 2352 deinde
2660 2311 2784 2352 cum
2819 2299 2980 2353 amici
3011 2300 3060 2355 ei
3099 2301 3391 2370 exposuis-

1814 2385 1937 2433 sent
1992 2380 2117 2449 quis
2144 2381 2217 2436 sit
2246 2392 2428 2440 certus
2451 2386 2617 2455 judex
2647 2388 2917 2453 veritatis,
2944 2404 3140 2461 nempe
3166 2401 3225 2446 ut
3270 2393 3390 2446 ani-

1817 2481 1899 2520 ma
1928 2468 1994 2523 ad
2023 2470 2256 2540 seipsam
2295 2475 2550 2545 aspiciat,
2584 2484 2639 2532 ct
2675 2494 2735 2534 se
2759 2488 3059 2551 cognoscat
3090 2498 3102 2535 :
3151 2480 3385 2551 seipsam

1811 2558 1958 2612 enim
2004 2560 2278 2631 ignorare,
2331 2566 2758 2634 pronuntiarunt
2807 2583 2931 2625 esse
2962 2568 3288 2639 principium
3334 2579 3388 2625 ct

1811 2654 2263 2722 consequentiam
2297 2657 2582 2713 nesciendi
2611 2658 2831 2729 quidem
2863 2660 3071 2731 aliquid
3117 2660 3262 2715 aliud
3288 2674 3385 2714 eo-

1813 2754 1933 2794 rum
1979 2758 2105 2813 quae
2149 2754 2407 2815 oportet;
2466 2750 2741 2819 quomodo
2786 2750 2931 2806 enim
2982 2752 3188 2822 aliquid
3236 2752 3383 2807 aliud

1810 2829 1987 2889 discet
2012 2835 2106 2905 qui
2136 2836 2375 2907 seipsum
2408 2840 2657 2911 ignorat?
2685 2849 2807 2912 post
2836 2841 2954 2898 haec
2985 2850 3241 2913 tanquam
3271 2843 3382 2913 jam

1810 2924 1946 2980 satis
1990 2935 2322 2997 expurgata,
2376 2946 2498 3001 quae
2543 2935 2739 2987 anima:
2789 2934 3157 3005 principatum
3215 2943 3382 3000 tenet,

1809 3015 2092 3084 facultate,
2136 3020 2314 3075 oritur
2355 3021 2593 3079 Verbum
2648 3040 2861 3096 sponsae
2910 3025 3268 3089 desideranti.
3319 3044 3385 3083 ea

1809 3124 1931 3179 quae
1974 3122 2104 3167 sunt
2146 3114 2439 3184 praesentia
2484 3117 2825 3188 accipiendo,
2866 3119 3167 3177 adhortans
3211 3123 3277 3178 ad
3330 3122 3384 3176 id

1732 3234 1775 3294 ο
1808 3202 1955 3271 quod
1977 3212 2060 3260 est
2089 3204 2356 3264 divinius.
2387 3207 2533 3267 Laus
2560 3210 2705 3265 enim
2730 3220 2916 3267 rerum
2936 3221 3083 3269 recte
3107 3220 3382 3284 gestarum

1810 3293 1962 3350 affert
2001 3295 2265 3368 majorem
2301 3300 2467 3356 animi
2516 3302 2855 3359 alacritatem
2900 3303 2967 3360 ad
3015 3304 3070 3361 id
3122 3306 3267 3377 quod
3300 3317 3386 3363 est

1807 3385 2023 3443 melius.

1877 3542 2148 3610 Quidnam
2220 3561 2351 3619 ergo
2410 3546 2544 3604 dicit
2598 3562 2786 3606 verum
2843 3550 3081 3607 Verbum
3141 3552 3384 3625 virgini?

1809 3632 2090 3705 Equitatui
2120 3653 2258 3703 meo,
2304 3638 2503 3709 inquit,
2546 3641 2598 3694 in
2632 3640 2875 3695 curribus
2914 3638 3214 3697 Pharaonis
3245 3645 3385 3698 aui-

1805 3727 1993 3782 milavi
2027 3737 2096 3792 te,
2121 3730 2420 3801 propinqua
2446 3746 2582 3786 mea.
2614 3731 2720 3787 Sed
2754 3732 3011 3802 quoniam
3042 3747 3108 3789 ex
3136 3748 3204 3789 eo
3234 3734 3383 3804 quod

1805 3825 1891 3872 est
1927 3817 1981 3871 in
2010 3826 2297 3891 promptu,
2336 3836 2445 3876 non
2485 3820 2645 3877 facile
2677 3829 2856 3892 potest
2882 3822 3222 3878 considerari
3253 3838 3380 3878 sen-

1806 3923 1903 3967 sus
1931 3925 2121 3966 eorum
2153 3927 2276 3982 quae
2301 3909 2451 3967 dicta
2495 3918 2644 3981 sunt,
2680 3912 3106 3969 examinandum
3144 3923 3230 3970 est
3257 3915 3371 3970 dili-

1805 4009 1996 4072 genter
2038 3996 2092 4057 id
2127 4002 2273 4073 quod
2321 4011 2407 4059 est
2452 4004 2816 4075 propositum,
2868 4005 3052 4077 quoad
3096 4005 3218 4076 ejus
3264 4007 3379 4062 ﬁeri

1807 4090 2025 4159 poterit.
2073 4086 2247 4146 Aliam
2297 4098 2621 4164 potestatem
2666 4095 2934 4166 equitatui
2956 4088 3258 4153 Pharaonis
3284 4098 3383 4152 ob-

1801 4179 2005 4250 jectam
2060 4180 2360 4240 didicimus
2412 4185 2482 4241 ab
2525 4182 2783 4253 historia,
2835 4202 3029 4258 nempe
3075 4189 3276 4244 nubem
3329 4197 3381 4244 et

1805 4272 2012 4344 virgam
2061 4281 2117 4329 et
2172 4275 2470 4331 violentum
2520 4290 2586 4330 ac
2634 4277 3006 4334 vehementem
3054 4265 3276 4336 ventum
3327 4291 3383 4337 ct

1806 4378 1960 4420 mare
1998 4361 2251 4420 bifariam
2287 4362 2547 4434 divisum,
2581 4373 2635 4424 et
2679 4369 3011 4439 profundum
3047 4371 3101 4426 in
3135 4372 3379 4442 pulvere,

1806 4461 1860 4508 et
1912 4468 1977 4509 ex
2040 4452 2206 4511 undis
2257 4453 2509 4511 eﬂ‘ectum
2567 4470 2787 4513 murum
2846 4466 2902 4515 et
2962 4460 3165 4515 siccam
3213 4461 3379 4532 abys-

1806 4560 1928 4600 sum
1984 4562 2078 4616 per
2130 4544 2487 4604 intermedios
2532 4545 2586 4603 in
2631 4551 2791 4620 aquis
2842 4566 3030 4607 muros
3080 4552 3377 4608 arcfactatn

1805 4642 1861 4690 et
1881 4636 2192 4702 solidatam,
2226 4653 2323 4707 per
2365 4654 2484 4709 qua:
2506 4640 2689 4694 omnia
2726 4641 2876 4697 salus
2906 4650 3060 4712 parta
3085 4651 3171 4699 est
3197 4642 3378 4699 Israe-

1805 4725 1940 4791 litis,
1965 4742 2090 4781 cum
2127 4727 2338 4783 Pharao
2369 4744 2493 4785 cum
2521 4740 2634 4787 toto
2658 4734 2926 4797 exercitu,
2961 4741 3015 4790 et
3040 4749 3167 4790 eum
3196 4738 3378 4808 equis,

1803 4824 1859 4873 et
1919 4819 2179 4875 curribus
2236 4821 2398 4878 undis
2449 4821 2614 4877 fuerit
2682 4825 2933 4881 obrutus.
2983 4824 3163 4882 Nullis
3212 4829 3381 4899 igitur

1802 4907 1977 4981 copiis
2001 4912 2348 4982 equestribus
2380 4915 2612 4985 objectis
2645 4914 3029 4989 Egyptiorum
3075 4922 3366 4980 exercitui.

1801 5017 1911 5057 non
1950 5001 2109 5058 facile
2138 5002 2305 5059 fuerit
2336 5006 2480 5062 scire
2507 5008 2729 5063 cuinam
2759 5011 3027 5080 equitatui
3074 5013 3168 5082 qui
3214 5027 3380 5083 appa-

1802 5091 1974 5147 ruerit
2007 5100 2198 5146 contra
2242 5109 2440 5151 currus
2487 5095 2798 5168 IEgyptios,
2844 5114 2994 5156 nunc
3044 5100 3380 5158 assimiletur

1802 5194 2024 5250 sponsa.
2100 5180 2381 5252 Equitatui
2433 5200 2578 5248 meo,
2626 5190 2824 5259 inquit,
2873 5191 2967 5260 qui
3019 5190 3075 5245 in
3124 5193 3379 5248 curribus

1802 5267 2104 5326 Pharaonis
2135 5276 2434 5344 reportavit
2464 5278 2776 5348 victoriam,
2812 5281 3110 5342 assimilavi
3148 5290 3221 5349 te,
3253 5298 3379 5354 pro—

1804 5359 2009 5430 pinqua
2059 5377 2199 5417 mea.
2247 5363 2445 5421 Annon
2495 5378 2581 5425 est
2625 5371 2728 5425 hoc
2772 5370 3155 5438 manifestum,
3227 5377 3375 5447 quod

1801 5453 2082 5522 quomodo
2133 5453 2248 5510 fieri
2296 5471 2404 5513 non
2479 5468 2658 5530 potest
2718 5470 2778 5517 ut
2835 5464 3016 5520 navali
3064 5464 3258 5537 praelia
3304 5468 3379 5522 sit

1799 5550 1957 5615 parta
1997 5546 2228 5602 victoria
2257 5587 2272 5614 ,
2301 5549 2406 5605 nisi
2443 5552 2698 5610 nauticus
2726 5554 3003 5613 exercitus
3050 5557 3377 5615 demerserit

1803 5635 2104 5691 exercitum
2134 5639 2371 5696 hostium
2405 5642 2497 5714 qui
2531 5651 2615 5699 est
2654 5643 2710 5698 in
2749 5646 2979 5703 navibus
3010 5665 3028 5707 :
3062 5649 3135 5705 ita
3168 5665 3271 5706 nec
3318 5652 3374 5706 in

1800 5730 2038 5798 equestri
2099 5732 2284 5801 praelia
2347 5734 2526 5791 victus
2588 5736 2753 5793 fuerit
2811 5739 3107 5812 quispiam,
3166 5744 3211 5799 si
3265 5756 3374 5798 non

1800 5823 1995 5892 aliquae
2042 5829 2324 5893 equestres
2378 5827 2550 5896 copiae
2624 5829 2973 5887 inimicorum
3023 5848 3089 5891 ex
3147 5833 3376 5889 adverso

2886 5926 2964 5986 26
