3874 6368
76 413 220 469 813

1161 411 1228 469 ιΝ
1265 411 1562 469 ΟΑΝῚἹΟΑ
1600 409 1873 469 CANTIC.
1918 411 2207 473 HOMILIA
2244 417 2331 473 lli.

3293 432 3399 487 8H

78 529 223 583 ἀπὸ
283 530 392 601 τῆς
442 531 739 601 Αἰγυπτίας
796 532 956 598 ίλύος.
1012 532 1222 589 Οὐκοῦν
1269 530 1491 607 ἐπειδὴ,
1536 534 1688 591 καθὼ

1823 534 2127 593 missionis.
2157 535 2331 608 Igitur
2355 537 2820 610 quandoquidem,
2843 542 2985 598 sicut
3016 542 3151 599 dicit
3175 545 3398 603 divinus

80 636 292 690 φησιν
317 622 350 674 ὁ
404 619 546 685 θεῖος
607 622 927 687 Ἀπόστολος
948 663 963 686 ,
1009 624 1187 678 πάντα
1233 624 1371 695 πρὸς
1433 625 1719 680 νουθεσίαν

82 711 284 782 ἡμῶν
338 713 790 784 ἀναγέγραπται,
841 716 942 772 ὅσα
988 718 1023 787 ἡ
1078 717 1436 782 θεόπνευστος
1469 718 1713 790 περιέχει

85 801 321 874 Γραφή
345 819 359 834 ·
404 804 555 858 οὐδὲν
581 804 710 859 ἄλλο
740 806 772 877 ἢ
808 806 1165 878 συμϐουλεύει
1194 807 1285 863 διὰ
1312 808 1423 862 τῶν
1452 809 1587 880 πρὸς
1616 808 1713 881 τὴν

85 894 357 965 νύμφην
387 897 692 968 εἰρημένων
735 901 764 953 ὁ
799 900 968 969 Λόγος
996 903 1149 973 ἡμῖν,
1186 904 1267 957 ὅτι
1299 904 1404 975 χρὴ
1438 904 1533 958 καὶ
1564 904 1713 975 ἡμᾶς

82 983 326 1055 ἔποχον
356 985 686 1058 δεξαμένους
710 989 796 1058 ἐφ’
821 990 1029 1044 ἑαυτῶν
1060 992 1152 1045 τὸν
1192 995 1365 1063 Λόγον
1390 1034 1405 1059 ,
1454 996 1547 1049 καὶ
1580 1011 1713 1048 κατ-

82 1077 577 1147 αγωνισαμένους
603 1079 702 1150 τὴν
730 1080 1034 1148 Αἰγυπτίαν
1083 1083 1249 1138 ἵππον
1287 1086 1470 1150 αὐτοῖς
1503 1086 1711 1156 ἅρμασι

85 1170 213 1223 καὶ
268 1169 604 1234 ἀναϐάταις,
636 1171 735 1231 ,καὶ
770 1173 950 1227 πᾶσαν
991 1175 1170 1230 αὐτῶν
1208 1177 1306 1248 τὴν
1341 1179 1583 1250 πονηράν
1623 1179 1712 1233 δυ-

88 1261 383 1316 ναστείαν
410 1260 488 1332 τῷ
515 1262 671 1318 ὓδατι
694 1265 1153 1331 καταπνίξαντας,
1181 1265 1353 1334 οὕτως
1379 1270 1707 1342 ὁμοιωθῆναι

84 1356 178 1425 τῇ
211 1354 453 1425 δυνάμει
476 1356 681 1428 ἐκείνῃ.
714 1356 968 1431 καθάπερ
997 1361 1119 1415 τινὰ
1150 1361 1314 1414 ἵππον
1341 1361 1440 1433 τὴν
1471 1363 1710 1417 ἀντικειο

97 1445 298 1517 μένην
330 1446 591 1519 στρατιὰν
615 1449 913 1519 ὲναφέντας
942 1451 1020 1523 τῷ
1052 1452 1222 1508 ὕδατι.
1255 1454 1343 1518 Ὠς
1371 1454 1414 1508 δ’
1444 1453 1511 1509 ἂν
1542 1455 1710 1524 σαφέ-

96 1553 323 1609 στερον
370 1538 638 1610 μάθοιμεν
666 1540 729 1593 τὸ
759 1542 1070 1614 λεγόμενον,
1101 1545 1342 1601 τοιοῦτόν
1373 1548 1547 1601 ἐστιν’
1591 1547 1707 1601 Ούκ

92 1630 274 1685 ἔστιν
318 1630 652 1702 ὁμοιωθῆναι
698 1636 767 1705 τῇ
813 1635 985 1707 ἵππῳ,
1018 1636 1084 1690 δι’
1124 1637 1190 1709 ἧς
1235 1638 1306 1693 τά
1339 1638 1561 1711 ἅρματα
1597 1639 1707 1693 τῶν

93 1724 442 1792 Αἰγυπτίων
465 1723 542 1795 τῷ
565 1724 710 1797 βυθῷ
733 1724 1121 1797 κατεποντώθη,
1143 1720 1271 1798 ἐίμή
1289 1729 1470 1793 τιςδιὰ
1487 1729 1580 1783 τοῦ
1600 1747 1704 1801 μυ-

104 1812 323 1868 στικοῦ
377 1811 565 1880 ὕδατος
595 1813 692 1888 τῆς
743 1816 837 1871 τοῦ
871 1821 1245 1891 ἀντικειμένου
1280 1822 1524 1887 δουλείας
1553 1824 1705 1877 ἐλευ-

93 1903 474 1976 θερούμενος,
509 1909 618 1961 πᾶν
649 1898 1017 1977 Αἰγυπτιάζον
1040 1908 1239 1983 νόημα,
1268 1912 1363 1968 καὶ
1393 1915 1573 1968 πᾶσαν
1604 1914 1701 1968 ἁλι

94 1992 354 2062 λόφυλον
394 1995 590 2051 κακίαν
634 2014 693 2050 τε
739 1996 834 2052 καὶ
864 2000 1139 2072 ἁμαρτίαν
1168 2002 1248 2073 τῷ
1289 1998 1439 2057 ὕδατι
1483 2004 1702 2058 καταλι-

95 2082 238 2138 πὼν
261 2126 278 2152 ,
330 2083 570 2159 καθαρὸς
601 2088 805 2162 ἀναδύῃ
831 2130 846 2154 ,
901 2091 1068 2162 μηδὲν
1099 2092 1196 2163 τῆς
1227 2094 1529 2164 Αἰγυπτίας
1573 2113 1701 2150 συν-

95 2174 383 2247 ειδήσεως
467 2177 546 2249 τῷ
622 2179 760 2250 μετὰ
835 2181 1006 2234 ταῦτα
1073 2181 1173 2251 βίῳ
1242 2186 1697 2257 συνεπαγόμενος-

110 2265 181 2318 Ὀ
220 2266 337 2338 γάρ
373 2267 618 2340 ἀκριϐῶς
649 2271 839 2326 πασῶν
873 2271 1222 2344 καθαρεύσας
1249 2275 1358 2330 τῶν
1385 2278 1700 2347 Αἰγυπτίων

95 2358 364 2428 πληγῶν,
410 2360 640 2434 αἵματος
661 2402 676 2428 ,
729 2366 822 2419 καί
868 2365 1174 2438 βατράχων,
1226 2369 1319 2423 καὶ
1371 2370 1697 2441 φλυκτίδων,

94 2451 208 2503 καὶ
236 2450 484 2525 σκότους,
514 2453 734 2525 ἀκρίδος
763 2472 822 2510 τε
861 2458 955 2511 καὶ
994 2460 1255 2524 σκνιπῶν,
1286 2462 1380 2515 καὶ
1417 2463 1661 2536 χαλάζης
1681 2506 1696 2529 ,

98 2540 209 2593 καὶ
243 2541 344 2611 τῆς
374 2541 467 2595 τοῦ
502 2545 671 2615 πυρὸς
707 2547 1034 2620 ἐπομϐρίας,
1084 2551 1178 2604 καὶ
1216 2551 1324 2606 τῶν
1353 2552 1579 2621 λοιπῶν,
1622 2553 1696 2611 ὧν

102 2632 362 2702 ἱστορίας
404 2633 677 2707 μέμνηται
721 2636 896 2707 λόγος,
931 2632 1087 2705 οὗτος
1124 2642 1275 2707 ἄξιός
1317 2646 1468 2698 ἐστιν
1500 2647 1697 2719 ὁμοιω-

98 2721 278 2792 θῆναι
301 2725 367 2794 τῇ
401 2724 626 2796 δυνάμει
653 2730 856 2802 ἐκείνῃ,
886 2725 953 2802 ἧς
980 2731 1175 2803 ἔποχος
1204 2734 1233 2785 ὁ
1262 2733 1434 2804 Λόγος
1462 2734 1693 2806 γίνεταιε

100 2814 342 2880 Πάντως
370 2817 427 2871 δὲ
452 2817 552 2871 οὐκ
580 2819 881 2892 ἀγνοοῦμεν
908 2822 975 2878 τά
1001 2824 1088 2879 διὰ
1108 2825 1218 2880 τῶν
1241 2827 1465 2899 πληγῶν
1497 2846 1694 2902 σημαιο

101 2907 337 2977 νόμενα,
369 2909 487 2974 πῶς
513 2910 719 2979 γίνεται
740 2916 853 2978 τοῖς
882 2914 1199 2984 Αἰγυπτίοις
1222 2917 1281 2972 τὸ
1317 2915 1456 2990 αἷμα
1486 2921 1692 2993 πληγὴ.

32 3064 33 3067 η
103 2999 212 3052 καὶ
248 3000 287 3070 η
316 3001 425 3056 τῶν
452 3001 738 3076 βατράχων
763 3005 929 3079 ὀσμὴ,
963 3009 1056 3062 καὶ
1085 3010 1117 3081 ἡ
1164 3009 1258 3065 τοῦ
1304 3013 1482 3083 φωτὸς
1520 3017 1602 3080 εἰς
1633 3016 1694 3071 τὸ

106 3091 307 3156 σκότος
362 3093 629 3165 μεταϐολὴ
651 3137 664 3162 ,
698 3096 793 3149 καὶ
819 3097 888 3151 τά
941 3098 1062 3153 καθ’
1099 3101 1330 3156 ἕκαστον
1359 3104 1555 3159 πάντα.
1598 3106 1695 3170 Τίς

1817 627 2198 695 Apostolus",
2233 629 2416 685 omnia
2447 631 2650 703 scripta
2677 639 2808 688 sunt
2833 633 2899 687 ad
2930 642 3180 692 nostram
3215 640 3397 697 admo-

1818 716 2117 782 nitionem,
2173 735 2301 789 qua:
2324 720 2588 779 divinitus
2638 723 2902 795 inspirata
2951 729 3196 787 continet
3245 729 3397 788 Scri-

1819 814 1977 875 ptura
2007 828 2021 861 :
2054 808 2191 863 nihil
2221 811 2369 866 aliud
2419 813 2578 871 nobis
2626 818 2867 873 consulit
2894 817 3135 876 Verbum
3184 838 3282 891 per
3329 840 3395 880 ea

1815 913 1936 967 quae
1959 898 2105 956 dicta
2130 911 2259 958 sunt
2286 919 2522 972 sponsae,
2553 923 2716 977 quam
2746 910 2892 980 quod
2923 927 3026 969 nos
3055 923 3275 984 oportet
3299 932 3396 972 suo

1815 1005 1912 1059 pra
1941 1007 2043 1050 nos
2070 1003 2330 1065 suscepto
2358 996 2539 1054 Verbo
2578 1010 2817 1069 vectore,
2863 1013 2919 1060 et
2953 1005 3182 1064 devictis
3232 1012 3390 1080 equis

1814 1079 2112 1153 Egyptiis,
2157 1101 2283 1141 cum
2332 1088 2471 1159 ipsis
2519 1093 2775 1150 curribus
2803 1105 2856 1150 et
2887 1079 3296 1170 ascensoribus,
3332 1111 3389 1158 et

1811 1174 2067 1232 omnibus
2099 1175 2363 1248 improbis
2403 1181 2579 1252 copiis
2623 1184 2929 1252 suffocatis,
2981 1189 3057 1244 ita
3087 1191 3385 1249 assimilari

1813 1262 1924 1320 illis
1953 1265 2148 1337 copiis,
2180 1277 2440 1339 tanquam
2468 1274 2771 1343 equitatum
2798 1277 3110 1348 quemdam,
3151 1297 3247 1337 eos
3290 1285 3385 1354 qui

1811 1355 2185 1413 adversarium
2215 1361 2515 1418 exercitum
2558 1364 2613 1418 in
2657 1379 2854 1436 aquam
2883 1368 3284 1429 demerserunt.
3315 1373 3388 1430 Ut

1811 1454 1991 1504 autem
2023 1450 2267 1520 apertius
2312 1452 2685 1525 intelligamus
2731 1457 2878 1528 quod
2929 1459 3152 1529 dicitur,
3205 1464 3260 1519 id
3302 1477 3389 1523 est

1807 1535 2078 1609 ejusmodi
2100 1559 2114 1595 :
2136 1539 2280 1597 Fieri
2303 1556 2409 1600 non
2430 1555 2609 1617 potest
2640 1558 2695 1603 ut
2727 1551 3062 1608 assimiletur
3094 1555 3384 1627 quisquam

1807 1631 1986 1699 equis,
2013 1646 2110 1701 per
2135 1647 2276 1703 quos
2306 1634 2360 1690 in
2393 1638 2724 1706 profundum
2761 1650 2893 1697 sunt
2921 1643 3159 1702 demersi
3188 1662 3385 1703 currus

1807 1719 2209 1793 Egyptiorum,
2239 1726 2347 1782 nisi
2380 1742 2478 1798 per
2507 1744 2708 1800 aquam
2739 1734 3031 1806 mysticam
3059 1736 3327 1795 liberatus
3353 1756 3384 1792 a

1810 1814 2071 1871 servitute
2120 1817 2454 1886 adversarii,
2504 1822 2655 1877 omni
2716 1840 2882 1882 sensu
2937 1825 3285 1900 Egyptiaco,
3331 1840 3386 1887 et

1811 1904 1960 1959 omni
1985 1914 2213 1962 extento
2246 1909 2380 1964 vitio
2405 1918 2459 1966 et
2490 1921 2716 1982 peccato
2750 1916 2805 1970 in
2838 1932 2975 1988 aqua
3000 1920 3216 1985 relicto,
3245 1937 3382 1992 pure

1810 2008 2074 2069 emergat,
2107 1999 2444 2072 Egyptiacre
2474 2006 2827 2063 conscientiae
2872 2008 3008 2064 nihil
3052 2025 3239 2067 secum
3281 2013 3380 2068 ad-

1808 2084 2017 2143 ducens
2065 2089 2118 2143 in
2168 2090 2335 2147 vitam
2382 2100 2572 2163 postea
2622 2095 2885 2152 futuram.
2934 2098 3040 2166 Qui
3091 2103 3238 2157 enim
3292 2111 3379 2160 est

1810 2178 1969 2247 plane
1993 2196 2160 2251 purus
2185 2184 2254 2240 ab
2278 2187 2534 2243 omnibus
2562 2189 2735 2259 plagis
2762 2189 3054 2263 Egyptiis,
3087 2196 3375 2266 sanguine,

1807 2276 1861 2323 et
1893 2272 2066 2335 ranis,
2111 2282 2162 2328 et
2210 2276 2468 2351 pustulis,
2515 2286 2569 2333 et
2618 2281 2880 2347 tenebris,
2935 2283 3274 2356 locustisque
3322 2297 3379 2343 et

1806 2358 2185 2431 scyniphibus,
2203 2372 2257 2418 et
2278 2367 2564 2436 grandine,
2587 2380 2640 2425 et
2672 2370 2845 2428 imbre
2873 2372 3035 2446 ignis,
3065 2384 3120 2431 et
3165 2378 3380 2436 caeteris

1807 2464 2039 2520 quorum
2068 2453 2251 2508 divina
2282 2457 2529 2512 meminit
2563 2459 2814 2527 historia,
2863 2463 2910 2519 is
2944 2465 3142 2538 dignus
3173 2476 3259 2525 est
3286 2471 3381 2542 qui

1806 2548 2138 2605 assimiletur
2182 2550 2261 2607 illi
2310 2552 2498 2609 virtuti
2549 2556 2709 2627 cujus
2750 2559 2987 2616 Verbum
3041 2570 3129 2618 est
3169 2573 3378 2620 vector.

1805 2637 2041 2696 Omnino
2069 2649 2251 2699 autem
2289 2659 2399 2700 non
2433 2646 2747 2717 ignoramus
2782 2666 2847 2708 ea
2891 2668 3014 2723 quae
3060 2654 3378 2725 significan-

1805 2739 1896 2785 tur
1927 2748 2023 2802 per
2071 2734 2281 2804 plagas,
2318 2738 2780 2806 quemadmodum
2831 2741 3103 2815 Egyptiis
3155 2747 3379 2817 sanguis

1806 2819 1908 2876 fuit
1955 2823 2136 2894 plaga,
2187 2837 2243 2882 et
2274 2827 2411 2882 odor
2440 2843 2720 2896 ranarum,
2765 2842 2819 2887 et
2861 2834 3003 2891 lucis
3034 2836 3089 2891 in
3124 2839 3379 2894 tenebras

1803 2915 2055 2981 mutatio,
2089 2924 2144 2971 et
2183 2924 2381 2972 caetera
2430 2921 2634 2975 omnia.
2688 2920 2822 2988 Quis
2866 2924 3012 2980 enim
3060 2929 3236 2983 nescit
3281 2944 3381 2999 per

1803 3006 2111 3076 cuiusmodi
2146 3009 2315 3064 vitam
2349 3012 2409 3066 ﬁt
2451 3014 2677 3083 sanguis
2707 3016 3001 3087 quispiam,
3037 3019 3106 3074 ab
3133 3034 3200 3076 eo
3230 3019 3380 3091 quod

1802 3097 1956 3165 prius
2004 3109 2121 3154 erat
2154 3102 2393 3172 potabile
2448 3113 2692 3163 mutatus
2739 3107 2791 3163 in
2827 3110 3236 3181 corruptionem
3276 3122 3381 3168 :et
3426 3108 3443 3127 ‘

100 3181 223 3254 γὰρ
263 3183 359 3237 οὐκ
387 3178 611 3269 οἷδεηδιὰ
644 3188 889 3242 ποταποῦ
926 3188 1041 3260 βίου
1074 3186 1215 3264 αἷμά
1236 3211 1323 3258 τις
1354 3195 1586 3264 γίνεται,
1628 3200 1688 3252 ἐκ

1804 3189 1935 3259 quid
1976 3189 2203 3258 faciens,
2233 3195 2381 3252 domi
2429 3214 2544 3254 sua:
2594 3210 2845 3270 procreat
2876 3178 3076 3258 tetrum
3115 3219 3375 3261 ranarum

32 3346 33 3351 γ
106 3274 348 3346 ποτίμου
386 3264 511 3330 τοῦί
525 3279 789 3352 πρότερον
819 3282 899 3347 εἰς
939 3282 1241 3357 διαφθορὰν
1288 3264 1729 3362 άλλοιούμενοςθ

32 3370 33 3431 ξ
106 3365 213 3419 καὶ
234 3367 287 3419 τί
321 3367 486 3422 ποιῶν
515 3367 770 3439 ζωογονεῖ
790 3372 869 3444 τῷ
906 3374 1021 3447 ἰδίῳ
1052 3376 1187 3449 οἴκῳ
1218 3378 1319 3451 τὴν
1353 3380 1460 3435 τῶν
1489 3382 1693 3455 βατρά-

32 3462 33 3539 ς
105 3474 227 3528 χων
259 3457 536 3512 δυσωδίαν·
568 3462 663 3514 καί
694 3461 809 3526 πῶς
838 3471 1126 3536 μεταποιεῖ
1150 3470 1242 3524 τὸν
1268 3475 1527 3542 φωτεινδν
1556 3475 1690 3545 βίον.

108 3549 198 3612 εἰς
220 3546 353 3619 ἔργα
382 3551 538 3604 νυκτὶ
581 3550 711 3621 φίλα
739 3534 1098 3631 καιζοφώδη,
1131 3559 1199 3614 δι’
1234 3534 1309 3616 ὧν
1341 3566 1373 3635 ἡ
1409 3565 1506 3636 τῆς
1536 3534 1691 3634 γεένζ

107 3658 217 3712 νης
242 3640 467 3711 κάμινος
490 3643 589 3710 τάς
617 3647 855 3720 πονηρὰς
877 3652 977 3721 τῆς
995 3653 1371 3725 κατακρίσεως
1397 3656 1691 3725 φλυκτίδας

32 3714 33 3743 ³
109 3732 361 3797 ἀναζέειν
404 3739 583 3803 ποιεῖ;
615 3737 771 3793 Οὕτω
804 3739 860 3794 δὲ
892 3742 987 3796 καὶ
1011 3743 1079 3797 τὰ
1092 3744 1213 3798 καθ’
1240 3746 1470 3801 ἕκαστον
1490 3749 1601 3807 τῶν
1631 3750 1690 3803 ἐν

112 3824 373 3895 Αἰγύπτῳ
409 3829 594 3883 κακῶν
621 3832 802 3903 ῥᾴδιον
845 3834 1166 3904 μεταϐαλεῖν
1196 3840 1276 3903 εἰς
1322 3840 1603 3896 παίδευσίν
1633 3860 1692 3895 τε

110 3919 215 3972 καὶ
259 3900 633 3994 σωψρονισμὺν
665 3900 761 3979 τοῦ
792 3900 1100 3997 ἀκούοντος,
1141 3900 1278 3985 ἀλλά
1327 3934 1579 4005 περιττὸν
1628 3934 1693 3988 ἂν

32 4088 35 4103 Ρ
114 4007 206 4079 εἴη
239 4010 493 4080 μηκύνειν
524 4012 613 4067 διὰ
646 4014 756 4069 τῶν
784 4017 1228 4090 ὁμολογουμένων
1256 4021 1346 4075 τὸν
1373 4022 1548 4092 λόγον.

194 4099 401 4154 Τούτων
442 4102 620 4159 τοίνυν
652 4108 745 4160 καὶ
779 4107 887 4164 τῶν
918 4110 1176 4166 τοιούτων
1213 4113 1498 4187 κρείττους
1540 4117 1694 4184 γενόσ

120 4204 290 4260 μενοι,
323 4192 415 4245 καὶ
444 4191 522 4264 τῷ
554 4193 674 4265 Θεῷ
714 4197 1134 4268 πλησιάσαντες,
1170 4203 1265 4257 καὶ
1292 4205 1444 4259 αὐτοὶ
1480 4207 1695 4272 πάντως

1799 3280 2022 3339 odorem
2059 3303 2073 3339 :
2125 3293 2180 3341 et
2211 3287 2671 3358 quemadmodum
2707 3299 3039 3349 transmutat
3090 3296 3258 3351 vitam
3294 3296 3379 3350 lu-

1798 3373 1977 3430 cidam
2007 3374 2063 3429 in
2095 3364 2261 3447 opera
2313 3380 2487 3435 amica
2518 3382 2665 3438 nocti
2697 3391 2753 3437 et
2797 3385 3059 3450 tenebris,
3107 3401 3203 3456 per
3256 3402 3385 3458 quae

1799 3462 1993 3521 fornax
2060 3468 2322 3537 gehennae
2394 3471 2524 3526 facit
2582 3473 2814 3529 ebullire
2889 3477 3064 3532 malas
3127 3478 3378 3548 pustulas

1798 3553 2212 3613 damnationis?
2265 3558 2342 3614 lta
2386 3569 2567 3616 autem
2621 3562 3051 3635 unumquodque
3094 3580 3159 3620 ex
3217 3566 3379 3621 malis

1801 3659 1923 3712 qua:
1973 3652 2106 3700 sunt
2152 3647 2206 3702 in
2258 3647 2517 3721 Egypto,
2571 3650 2732 3707 facile
2769 3663 2855 3709 est
2900 3660 3273 3726 transmutare
3306 3656 3376 3710 ad

1800 3736 2161 3793 eruditionem
2200 3746 2254 3795 et
2282 3742 2710 3813 castigationem
2739 3744 3028 3801 auditoris.
3068 3745 3174 3802 Sed
3211 3748 3377 3803 fuerit

1796 3840 2267 3897 supervacaneum
2326 3832 2617 3887 extendere
2675 3834 2978 3889 orationem
3041 3851 3140 3905 per
3185 3851 3249 3893 ea
3305 3838 3376 3891 de

1801 3918 2005 3988 quibus
2030 3927 2273 3978 .constat.

1864 4120 2002 4176 Cum
2025 4121 2111 4178 his
2138 4137 2270 4195 ergo
2290 4132 2344 4180 et
2367 4132 2644 4195 quae-sunt
2671 4125 2989 4195 huiusmodi
3014 4129 3361 4185 evaserimus

1795 4215 2111 4285 superiores
2130 4257 2145 4283 ,
2178 4224 2234 4271 et
2264 4215 2373 4273 Deo
2406 4219 3032 4290 appmpinquaverimus
3056 4260 3070 4284 ,
3099 4221 3203 4290 ipsi
3233 4237 3374 4292 quo-

32 4362 35 4373 !
117 4283 477 4355 ἀκουσόμεθα·
511 4287 591 4341 ὅτι
626 4287 706 4359 Τῇ
736 4291 898 4358 ἵππῳ
933 4310 1053 4364 μου
1094 4295 1165 4349 ἐν
1214 4294 1442 4366 ἀρχαῖσι
1484 4299 1688 4369 Φαραὼ

1804 4274 1902 4373 que
1930 4274 2158 4359 omnino
2192 4274 2495 4362 audiemus-
2524 4322 2535 4357 :
2583 4274 2865 4378 Equitatui
2898 4325 3011 4364 meo
3043 4310 3098 4364 in
3124 4310 3370 4364 curribus

32 4362 35 4457 ἶ
116 4372 387 4441 ὡμοίωσά
414 4391 509 4442 σε.
540 4378 579 4446 ἡ
624 4382 891 4449 πλησίον
930 4362 1072 4452 μου.
1133 4362 1304 4440 Ἀλλά*
1335 4387 1498 4442 λυπεῖ
1530 4362 1688 4460 τυχὸν

1804 4362 2103 4452 i’haraonis
2135 4407 2183 4452 te
2203 4398 2522 4463 assimilavi,
2542 4401 2835 4471 propinqua
2864 4418 3003 4469 mea;
3027 4402 3122 4458 sed
3146 4416 3243 4459 eos
3274 4403 3368 4474 qui

32 4540 35 4553 Ι
116 4464 248 4529 τοὺς
290 4466 567 4541 σώφρονας
615 4473 709 4526 καὶ
755 4474 995 4546 καθαρὸν
1041 4476 1416 4551 ὲξησκηκότας
1467 4480 1601 4551 βίον,
1656 4483 1688 4553 ἡ

1804 4492 2150 4555 temperatam
2186 4492 2242 4542 et
2270 4501 2462 4557 puram
2510 4488 2679 4543 vitam
2714 4498 3103 4556 exercuerunt,
3135 4489 3372 4547 fortasse

32 4564 37 4573 '
119 4557 259 4628 πρὸς
277 4557 361 4613 τὸν
387 4560 553 4614 ἵππον
580 4562 858 4633 ὁμοίωσις·
884 4566 1017 4621 διότι
1048 4569 1233 4624 πολλοὶ
1253 4570 1360 4624 τῶν
1395 4573 1690 4643 προφητῶν

32 4640 35 4669 ³
120 4649 545 4719 ἀπαγορεύουσιν
581 4654 709 4724 ἡμῖν
742 4655 802 4709 τὸ
844 4658 1158 4727 ὁμοιοῦσθαι
1200 4663 1314 4726 τοῖς
1356 4640 1577 4731 ἵπποις,
1597 4666 1690 4741 τοῦ

32 4758 33 4763 η
125 4741 225 4814 μὲν
268 4741 524 4813 Ἱερεμίου
549 4743 648 4816 τὴν
694 4748 945 4819 μοιχικὴν
986 4747 1190 4804 λύσσαν
1224 4750 1304 4822 τῷ
1329 4753 1554 4825 ὀνόματι
1584 4755 1693 4811 τῶν

121 4833 300 4886 ἵππων
327 4832 788 4905 διασημάναντος,
825 4840 884 4892 ὲν
918 4834 1001 4903 οἷς
1029 4856 1214 4910 φησιν·
1258 4842 1466 4899 Ἵπποι
1507 4849 1693 4915 θηλυ-

32 4918 35 4925 ’
118 4921 321 4994 μανεῖς
336 4923 732 4994 ἐγενήθησαν,
758 4928 1015 4996 ἕκαστος
1036 4930 1134 4985 ἐπὶ
1162 4931 1277 5002 τὴν
1305 4934 1560 5005 γυναῖκα
1582 4937 1690 4992 τοῦ

124 5014 380 5081 πλησίον
409 5017 599 5072 αὐτοῦ
630 5019 975 5090 ἐχρεμέτιζε·
1023 5021 1119 5075 τοῦ
1145 5023 1202 5077 δὲ
1243 5025 1480 5095 μεγάλου
1527 5027 1692 5082 Δαϐὶδ

123 5104 342 5176 φοϐερὸν
364 5108 687 5180 ποιουμένου
711 5110 774 5164 τὸ
798 5111 875 5176 ὡς
906 5112 1070 5169 ἵππον
1093 5114 1212 5169 τινά
1241 5116 1334 5170 καὶ
1362 5117 1588 5188 ἡμίονον
1611 5119 1690 5188 γί-

32 5196 35 5225 ¹
123 5194 319 5258 νεσθαι,
344 5190 418 5250 ὦν
445 5198 655 5252 κελεύει
684 5205 977 5272 κατασχεῖν
1007 5204 1067 5257 ὲν
1096 5222 1164 5277 κη
1173 5204 1260 5276 μῷ
1290 5223 1350 5260 τε
1373 5208 1467 5262 καὶ
1488 5209 1691 5280 χαλινῷ

32 5286 37 5319 l

122 5285 224 5350 τὰς
266 5289 528 5356 σιαγόνας.
577 5290 675 5346 Διὰ
719 5292 880 5346 τοῦτο
926 5296 1330 5366 παραμυθεῖται
1370 5300 1450 5372 τῷ
1487 5302 1688 5374 ἐφεξῆς

124 5379 262 5448 λόγῳ
289 5378 378 5451 τὴν
407 5380 662 5451 τοιαύτην
694 5382 952 5452 διάνοιαν,
982 5386 1176 5456 λέγων·
1217 5390 1301 5444 ὅτι
1331 5391 1408 5444 Οὐ
1438 5394 1687 5449 τοιαῦταί

32 5474 37 5503 ⁸
127 5487 220 5525 σου
246 5472 369 5525 εἰσὶν
391 5473 450 5526 αἰ
476 5473 741 5542 σιαγόνες,
771 5476 877 5530 κᾶν
905 5477 1070 5543 ἵππος
1097 5476 1185 5552 ᾖς,
1226 5481 1302 5544 ὡς
1333 5485 1513 5556 κημοῦ
1547 5485 1689 5559 χρῄ-

32 5564 38 5597 ῖ
126 5563 238 5630 ζειν
267 5564 349 5618 καὶ
376 5563 596 5635 χαλινοῦ
629 5568 708 5630 εἰς
747 5568 1002 5641 ἀγχόνην·
1035 5571 1173 5626 ἀλλά
1211 5589 1292 5626 σοι
1324 5574 1414 5629 διὰ.
1441 5575 1544 5646 τῆς
1580 5594 1685 5632 κα-

32 5654 38 5683 τ
126 5654 404 5727 θαρότητος
448 5654 557 5710 τῶν
602 5658 881 5733 τρυγόνων
924 5663 958 5732 ή
1000 5663 1206 5731 σιαγὼν
1256 5664 1682 5732 καλλωπίζεται.

199 5832 238 5863 ³⁸
268 5829 429 5886 lCor.
459 5846 514 5896 ι,
542 5831 630 5886 ll.
708 5833 753 5864 ⁸⁷
777 5829 976 5889 Jercm.
1014 5851 1066 5901 ν,
1095 5836 1148 5892 8.
1226 5838 1269 5870 ²¹¹
1291 5837 1439 5897 Psal.
1473 5855 1623 5908 xxxi,
1660 5843 1712 5896 9.

1796 4575 1940 4630 male
1977 4575 2142 4630 habet
2177 4574 2335 4639 illud,
2373 4591 2434 4631 se
2470 4590 2614 4646 equo
2657 4592 2781 4634 esse
2811 4579 3146 4635 assimilatos
3191 4598 3206 4634 :
3244 4594 3371 4651 pro-

1795 4674 1981 4736 pterea
2030 4667 2175 4736 quod
2221 4666 2379 4722 multi
2431 4668 2710 4739 prophetae
2756 4670 2915 4726 nobis
2958 4671 3252 4742 prohibent
3296 4673 3372 4727 ὀε

1793 4755 2164 4811 assimilemur
2189 4756 2350 4827 equis
2369 4796 2384 4822 ,
2412 4771 2538 4812 cum
2570 4756 2837 4816 Jeremias
2870 4760 3089 4831 quidem
3117 4762 3370 4821 adulterii

1793 4847 2001 4902 rabiem
2031 4862 2301 4917 equorum
2338 4848 2559 4904 nomine
2588 4850 2783 4920 signiti-
2804 4854 3001 4916 avcrit,
3038 4869 3161 4909 cum
3188 4855 3325 4911 dicit
3351 4874 3367 4910 :

1795 4937 1933 5008 Equi
1968 4941 2025 4994 in
2059 4940 2287 5009 feminas
2320 4951 2593 4997 currentes
2637 4942 2768 5010 facti
2798 4954 2920 4999 sunt
2953 4962 2970 4999 :
3015 4949 3370 5019 unusquisque

1792 5030 2061 5084 Iiimiiebal
2086 5030 2155 5084 ad
2187 5046 2405 5086 uxorem
2429 5033 2661 5100 proximi
2691 5036 2776 5088 sui
2801 5037 2845 5071 ¹²
2877 5053 2891 5103 ;
2926 5051 3159 5107 magnus
3184 5048 3365 5095 autem

1791 5121 1963 5177 David
1992 5138 2104 5177 rem
2126 5123 2345 5178 duxerit
2362 5139 2486 5182 esse
2508 5126 2828 5191 terribilem,
2853 5127 2968 5184 Iieri
2994 5131 3137 5185 sicut
3161 5146 3364 5201 equum

1791 5223 1845 5268 et
1874 5213 2081 5267 mulum
2116 5231 2129 5267 :
2173 5228 2409 5284 quorum
2450 5215 2607 5284 jubet
2650 5216 2703 5270 in
2735 5233 2891 5276 canto
2911 5226 2966 5274 et
2993 5219 3147 5275 freno
3173 5221 3368 5275 maxil~

1792 5305 1875 5358 las
1914 5304 2290 5375 constringere
2311 5305 2378 5358 ⁸⁸.
2416 5307 2479 5359 Et
2514 5305 2635 5363 ideo
2670 5323 2737 5363 eo
2775 5308 2920 5376 quod
2960 5308 3223 5379 deinceps
3273 5326 3365 5366 se-

1790 5395 2001 5465 quitur,
2037 5409 2160 5450 eum
2219 5409 2439 5449 sensum
2477 5396 2722 5465 mitigat,
2768 5396 2958 5451 dicens
3012 5415 3025 5449 :
3075 5395 3192 5451 Non
3239 5408 3367 5454 sunt

1791 5486 2029 5541 maxilla:
2079 5494 2186 5541 ture
2230 5486 2540 5557 ejusmodi,
2590 5494 2647 5541 ut
2700 5488 2844 5542 sicut
2888 5503 3065 5558 equus
3110 5505 3269 5545 came
3316 5500 3364 5547 et

1793 5577 1948 5633 freno
1969 5594 2109 5648 opus
2131 5578 2333 5634 habeas
2361 5585 2419 5632 ut
2446 5578 2844 5649 constringaris
2870 5593 2883 5629 :
2916 5578 3013 5634 sed
3040 5597 3137 5652 per
3164 5582 3359 5652 purita-

1790 5677 1897 5723 tem
1927 5677 2201 5724 turturum
2232 5669 2331 5724 tibi
2358 5677 2590 5725 ornatur
2612 5686 2770 5741 gena.
2810 5669 2949 5728 Dicit
2973 5674 3119 5727 enim
3156 5671 3364 5739 πονου.
