3874 6368
112 394 210 468 su

1130 399 1197 458 lN
1235 402 1535 462 CANTiCA
1583 401 1854 463 CANTIC.
1902 403 2187 461 ιιιηηωΑ
2219 403 2307 461 lll.

3248 402 3351 456 N8

112 514 204 585 τῆς
230 510 505 586 πονηρίας,
540 516 675 588 μήτε
702 516 770 570 δι’
798 516 1174 589 ὑπερηφανίας
1193 521 1548 588 οἰδαίνουσαν,
1580 523 1682 593 μή·

1798 538 1894 593 que
1925 524 2029 578 ulla
2064 524 2169 578 alia
2205 522 2473 577 undarum
2505 520 2672 575 animi
2711 518 3134 590 perturbatione,
3178 519 3357 573 nllove

114 622 169 657 τε
196 606 302 668 τοῖς
327 603 422 657 τοῦ
457 604 630 677 θυμοῦ
665 606 902 678 κύμασιν
940 607 1356 681 ὲξαφρίζουσαν,
1394 613 1534 682 μήτε
1562 614 1680 666 κατ’

116 695 235 749 ἀλλο
262 713 313 748 τι
356 696 522 760 πάθος
571 696 1072 769 κλυδωνιζομένην,
1115 702 1210 754 καὶ
1249 704 1683 774 περιφερομένην

118 787 270 840 παντὶ
295 788 499 858 ἀνέμῳ,
521 787 601 859 τῷ
625 788 696 842 τὰ
724 790 944 845 ποικίλα
970 790 1200 862 κύματα.
1213 792 1322 847 τῶν
1347 793 1684 864 παθημάτων

118 876 403 948 ἐγείροντιο
433 879 481 930 εί
515 879 693 931 τοίνυν
722 880 859 950 αὐτή
882 896 941 932 τε
963 880 1138 944 οὕτως
1164 881 1298 951 ἔχοι,
1348 882 1443 934 καὶ
1473 884 1598 945 τοὺς
1627 884 1686 935 ὲν

117 964 187 1035 τῷ
222 964 445 1034 πελάγει
472 964 566 1019 τοῦ
597 965 713 1037 βίου
747 966 1176 1040 χειμαζομένους
1226 972 1283 1023 ὲν
1330 972 1453 1034 ταῖς
1491 986 1686 1024 παντο-

118 1059 289 1112 δαπῶν
322 1060 430 1114 τῶν
467 1061 663 1116 κακῶν
679 1063 998 1135 τρικυμίαις
1023 1067 1080 1118 ὲν
1111 1067 1282 1136 ἑαυτῇ
1312 1064 1684 1130 καταστέλλει,

119 1150 425 1217 λίαναύτοῖς
456 1153 549 1206 καὶ
597 1152 910 1224 ἀκύμαντον
943 1156 1041 1227 τὴν
1065 1156 1133 1210 δι’
1160 1159 1361 1230 ἀρετῆς
1414 1159 1559 1233 ζωὴν
1588 1163 1689 1230 ὑφ-

118 1242 426 1310 απλώσασα,
452 1242 591 1297 ὥστε
620 1249 745 1309 τοὺς
775 1247 834 1299 ὲν
866 1247 1003 1317 αὐτῇ
1034 1249 1324 1317 γεγονότας
1350 1250 1507 1315 ἐκτὸς
1538 1252 1686 1320 γίνε-

121 1334 234 1388 σθαι
268 1335 375 1408 τῶν
419 1337 484 1388 ἐκ
520 1337 783 1406 ναυαγίου
824 1338 1040 1405 κακῶν,
1087 1340 1267 1405 καλῶς
1309 1345 1419 1405 τοῖς
1447 1343 1552 1396 ὑπὸ
1592 1342 1686 1397 τοῦ

118 1424 279 1493 Λόγου
311 1425 723 1496 ἐπαινουμένοις
755 1428 1042 1500 όρμίσκοις
1081 1430 1381 1501 ὁμοιοῦται,
1423 1434 1523 1504 τῆς
1550 1433 1690 1504 πλη-

120 1517 361 1589 θυντικῆς
402 1519 675 1589 σημασίας
729 1521 829 1593 τὴν
859 1522 918 1574 ἐν
949 1522 1165 1593 ἑκάστῳ
1195 1522 1325 1576 εῖδει
1362 1526 1461 1595 τῆς
1488 1524 1690 1595 ἀρετῆς

120 1609 419 1679 τελειότητα
440 1610 832 1681 σημαινούσης.
876 1611 941 1665 Εἰ
964 1612 1073 1684 γὰρ
1094 1608 1162 1683 ἦν
1190 1613 1271 1666 ὲν).
1297 1613 1442 1684 μόνῳ
1471 1631 1692 1685 προσει-

120 1697 352 1767 κασμένη
379 1700 644 1771 ὁρμίσκῳ,
685 1702 883 1772 ἀτελὴς
926 1701 993 1756 ἂν
1042 1702 1260 1767 πάντως
1287 1704 1318 1756 ὁ
1348 1702 1567 1768 ἔπαινος
1599 1700 1688 1774 ἦν,

1784 624 1945 671 vento
1989 616 2119 680 lata,
2161 613 2253 682 qui
2303 614 2506 668 multos
2551 614 2752 668 excitat
2784 610 2984 666 ﬂuctus
3018 610 3356 666 animiaﬂe-

1784 718 1970 763 ctuum
2006 723 2019 760 :
2066 706 2120 762 si
2144 717 2276 775 ergo
2319 704 2437 774 ipsa
2473 704 2545 758 ita
2577 719 2638 760 se
2674 704 2891 769 habeat,
2936 712 2990 758 et
3038 719 3133 758 eos
3170 704 3265 773 qui
3303 704 3357 757 in

1786 798 1923 853 mari
1952 798 2078 852 vita:
2127 804 2448 864 tempestate
2489 796 2765 865 agitantur
2815 798 2870 848 in
2927 795 3158 850 summis
3197 811 3362 849 omne

1784 904 1958 959 genus
1984 888 2275 943 malorum
2308 886 2565 942 ﬂuctibus
2600 888 2745 957 apud
2774 902 2834 942 se
2861 886 2914 940 in
2945 886 3240 956 tranquillo
3272 901 3356 940 rc-

1786 981 1985 1046 tineat,
2012 980 2093 1034 eis
2122 979 2428 1049 planam-et
2467 980 2631 1033 nullis
2674 978 2932 1049 procellis
2972 978 3231 1047 agitatam
3267 994 3362 1047 per

1788 1074 2049 1128 virtutem
2080 1070 2367 1140 explicans
2404 1072 2571 1124 vitam
2611 1088 2623 1123 :
2670 1070 2807 1125 adeo
2841 1078 2901 1124 ut
2938 1070 3032 1140 qui
3059 1069 3112 1124 in
3139 1084 3201 1124 ea
3245 1068 3363 1124 fue-

1790 1167 1899 1219 rint
1930 1162 2042 1219 sint
2067 1170 2224 1217 extra
2249 1161 2431 1216 omnia
2465 1162 2605 1215 mala
2638 1162 2931 1232 naufragii,
2968 1170 3114 1217 recte
3144 1175 3174 1215 a
3207 1159 3361 1215 Scri-

1788 1266 1949 1327 ptura
1981 1253 2321 1310 assimilatur
2354 1252 2746 1322 ὁρμίσκοις,.ἱι1
2777 1261 2883 1318 est,
2908 1254 3216 1324 torquibus,
3244 1269 3365 1323 qua:

1788 1347 2089 1403 eﬂ‘eruntur
2115 1359 2340 1399 numero
2380 1344 2601 1415 plurali,
2630 1360 2764 1400 voce
2810 1344 3151 1415 significante
3189 1343 3365 1413 perfe-

1789 1437 2032 1492 ctionem
2058 1436 2113 1491 in
2146 1450 2478 1506 unaquaque
2510 1435 2730 1490 virtute.
2763 1433 2821 1490 Si
2850 1435 2997 1491 enim
3025 1436 3120 1490 uni
3146 1435 3247 1491 soli
3272 1450 3365 1489 as-

1792 1528 2029 1583 similata
2074 1528 2254 1597 torqui
2299 1534 2469 1589 esset,
2519 1526 2639 1582 laus
2675 1526 2899 1581 omnino
2944 1535 3093 1582 esset
3135 1526 3364 1591 inutilis,

1791 1617 1937 1688 quod
1963 1630 2071 1672 non
2101 1616 2241 1672 idem
2271 1615 2496 1671 haberet
2524 1615 2902 1671 testimonium
2935 1615 2989 1669 in
3013 1614 3230 1670 caeteris
3252 1615 3366 1668 vir-

1794 1709 2044 1764 tutibus:
2083 1722 2229 1762 nunc
2272 1719 2455 1763 autem
2495 1708 2747 1762 oratione
2779 1706 3164 1776 complectitur
3208 1719 3370 1759 omne

121 1785 189 1850 ὡς
209 1787 266 1839 οὐ
284 1786 383 1856 τὴν
402 1790 569 1856 αὐτὴν
589 1793 681 1843 καὶ
699 1791 793 1844 ἐπὶ
808 1792 917 1845 τῶν
937 1792 1138 1848 λοιπῶν
1150 1795 1361 1864 ἀρετῶν
1384 1795 1691 1866 μαρτυρίαν

1798 1793 2056 1846 virtutum
2103 1792 2504 1855 testimonium,
2545 1807 2668 1862 quae
2713 1792 2771 1846 lit
2802 1791 3081 1859 torquium
3116 1788 3368 1845 multitu-

122 1873 244 1947 ἔχων
266 1895 280 1910 ·
314 1877 412 1932 νῦν
432 1879 497 1932 δὲ
510 1882 688 1935 πᾶσαν
707 1882 1069 1954 συλλαμϐάνει
1089 1885 1169 1956 τῷ
1184 1885 1328 1956 λόγῳ
1350 1888 1461 1940 τῶν
1478 1887 1688 1959 ἀρετῶν

1798 1882 1927 1937 dini»
1941 1882 2291 1939 assimilatio.
2327 1883 2421 1937 list
2447 1883 2557 1939 hoc
2579 1897 2799 1954 quoque
2830 1881 3145 1944 consilium,
3164 1879 3310 1951 quod
3339 1896 3368 1932 a

121 1967 210 2037 τὴν
226 1970 525 2040 μαρτυρίαν
561 1974 595 2042 η
617 1973 750 2044 πρὸς
771 1974 831 2027 τὸ
853 1974 1052 2045 πλῆθος
1072 1975 1181 2029 τῶν
1200 1976 1477 2048 όρμίςκων
1492 1977 1693 2048 ὁμοίω-

1798 1973 1977 2031 Verbo
2016 1976 2291 2046 praebetur
2337 1975 2436 2029 toti
2480 1973 2759 2040 Ecclesiae,
2821 1990 2931 2029 non
2967 1980 3221 2045 oportere
3267 1988 3370 2027 nos

125 2074 218 2121 σις.
251 2060 352 2112 Καὶ
381 2061 537 2115 τοῦτο
561 2064 835 2136 συμϐουλή
861 2066 944 2130 τίς
975 2068 1092 2120 ὲστι
1119 2068 1272 2139 παρὰ
1297 2068 1389 2122 τοῦ
1415 2068 1588 2138 Λόγου
1614 2067 1691 2140 τῷ

123 2147 273 2218 κοινῷ
293 2150 397 2222 τῆς
428 2153 753 2225 Ἑκκλησίας
789 2158 1196 2230 προσαγομένη,
1222 2159 1282 2213 τὸ
1307 2158 1381 2231 μὴ
1407 2159 1517 2214 δεῖν
1543 2161 1688 2230 ἡμᾶς

126 2240 247 2311 πρὸς
275 2241 330 2293 ἓν
354 2260 410 2296 τι
448 2245 557 2299 τῶν
589 2247 808 2314 ἀγαθῶν
851 2249 1166 2319 βλέποντας,
1213 2251 1434 2322 ἀμελῶς
1468 2254 1690 2324 περὶτὰ

124 2327 273 2385 λοιπά
296 2336 405 2387 τῶν
433 2336 869 2409 κατορθωμάτων
895 2336 1060 2410 ἕχεινζ
1095 2340 1234 2395 Ἀλλτ
1269 2341 1324 2396 at"
1353 2359 1436 2397 σοι
1454 2344 1694 2413 γέγονεν

125 2421 335 2496 ὄρμοςή
374 2428 722 2502 σωφροσύνη.
773 2433 1023 2503 καθάπερ
1065 2434 1177 2486 τισὶ
1222 2435 1589 2505 μαργαρίταις
1618 2433 1695 2505 τῷ

125 2513 336 2588 καθαρῷ,
355 2517 466 2589 βίῳ,
489 2519 580 2572 τὸν
605 2521 875 2592 τράχηλον
906 2522 1241 2594 λαμπρύνων
1268 2542 1281 2555 ·
1305 2524 1465 2578 ἔστω»
1490 2526 1573 2578 σοὶ
1602 2525 1698 2580 καί

126 2601 292 2675 ἕτερος
318 2606 511 2678 ὅρμος,
550 2610 578 2663 ὁ
609 2612 734 2675 τοὺς
776 2613 993 2683 τιμίους
1020 2613 1203 2678 λίθους
1229 2615 1337 2668 τῶν
1378 2615 1611 2669 ἐντολῶν
1638 2616 1697 2669 ἐν

128 2692 289 2778 ἑαυτῷ
317 2688 697 2770 περιείργωνξ
720 2702 814 2755 καὶ
845 2703 912 2755 δι’
946 2703 1141 2758 ἑαυτοῦ
1174 2705 1272 2775 τῆς
1310 2706 1509 2778 δέῤῥης
1536 2707 1695 2761 πλεο-

130 2777 289 2842 νάζων
317 2782 376 2835 τὸ
406 2784 603 2848 κάλλος
623 2803 637 2817 ο
691 2786 832 2842 ἔστω
869 2790 951 2844 σοὶ
982 2792 1077 2845 καὶ
1113 2791 1273 2857 ἄλλος
1305 2777 1507 2866 κόσμος
1535 2812 1692 2867 περι⁴

130 2870 378 2943 αυχένιος,
404 2877 437 2946 ἡ
461 2876 688 2950 εὐσεϐής
714 2897 775 2932 τε
798 2883 892 2935 καλ¹
914 2883 1232 2952 ὑγιαίνουσα
1266 2885 1470 2951 πίστις,
1511 2887 1696 2957 κύκλῳ

130 2959 211 3012 τὸν
250 2963 342 3035 τῆς
375 2966 556 3038 ψυχῆς
596 2971 801 3041 αὐχένα
827 2974 1289 3046 διαλαμϐάνουσα.
1352 2973 1519 3043 Οὗτός
1548 2981 1695 3036 ἐστιν

131 3051 337 3119 ὀκλοιὸς
366 3058 640 3131 όχρύσεος
669 3064 696 3115 ὁ
720 3065 789 3117 ἐκ
814 3064 909 3118 τοῦ
941 3067 1220 3138 ἀκηράτου
1248 3071 1347 3141 τῆς
1368 3069 1697 3139 θεογνωσίας

1791 2064 1858 2119 ad
1882 2079 2049 2119 unum
2068 2065 2288 2136 aliquod
2308 2065 2512 2120 bonum
2535 2063 2888 2135 aspicientes,
2908 2064 2961 2119 in
2984 2061 3198 2119 caeteris
3222 2070 3371 2118 recte

1794 2155 1955 2211 factis
1990 2171 2115 2212 esse
2136 2156 2492 2227 negligentes.
2560 2155 2665 2210 Sed
2694 2155 2739 2211 si
2771 2155 2843 2210 sit
2878 2155 2973 2210 tibi
3005 2155 3208 2209 monile
3235 2163 3369 2209 tem-

1792 2246 2074 2318 perantiae,
2105 2247 2273 2302 veluti
2315 2247 2645 2316 quibusdam
2670 2246 3033 2315 margaritis,
3083 2259 3220 2315 pura
3261 2244 3371 2300 vita

1791 2338 2010 2394 incollo
2042 2337 2398 2408 resplendens
2430 2356 2443 2392 :
2497 2338 2568 2393 sit
2601 2339 2698 2393 tibi
2755 2338 2903 2392 aliud
2936 2338 3168 2402 monile,
3223 2339 3368 2408 quod

1792 2430 2069 2501 pretiosas
2092 2444 2345 2499 gemmas
2371 2438 2772 2499 praeceptorum
2802 2429 2855 2483 in
2894 2445 2953 2485 se
2985 2429 3286 2494 contineat,
3317 2440 3374 2483 et

1794 2537 1892 2592 per
1922 2537 1982 2577 se
2015 2522 2069 2575 in
2100 2520 2319 2577 cervice
2344 2521 2623 2592 copiosam
2665 2521 2975 2591 suppeditet
3014 2521 3375 2591 pulchritudi-

1796 2628 1944 2668 nem.
1981 2611 2063 2666 Sit
2091 2612 2257 2667 ctiam
2280 2612 2378 2666 tibi
2407 2611 2556 2666 aliud
2583 2612 2707 2666 colli
2735 2622 3140 2677 ornamentum,
3179 2626 3374 2681 nempe

1796 2704 2005 2773 pietas,
2050 2711 2312 2772 rectaque
2340 2711 2393 2757 et
2429 2717 2561 2759 sana
2597 2703 2760 2769 lides,
2808 2704 2863 2757 in
2913 2703 3100 2757 orbem
3134 2703 3371 2757 circum-

1798 2797 1935 2851 dans
1962 2794 2164 2849 collum
2190 2794 2404 2849 animae.
2449 2792 2563 2847 Hoc
2605 2802 2690 2849 est
2714 2794 2918 2848 collare
2945 2808 3195 2859 aureum,
3227 2793 3374 2863 quod

1796 2903 1863 2943 ex
1893 2887 2113 2944 sincero
2146 2901 2287 2942 auro
2314 2885 2405 2941 Dei
2432 2885 2766 2957 cognitionis
2792 2886 2937 2941 circa
2970 2887 3171 2941 collum
3207 2883 3375 2940 reful-

1799 2988 1888 3051 get
1919 2996 1934 3034 :
1980 2979 2048 3034 de
2069 2992 2177 3048 quo
2204 2977 2336 3032 dicit
2371 2976 2740 3047 proverbium,
2771 2975 3042 3031 Coronam
3073 2976 3374 3047 gratiarum

1803 3070 2031 3139 accipies
2059 3078 2149 3126 tuo
2183 3068 2368 3138 capiti.
2397 3077 2445 3122 et
2476 3075 2684 3137 torques
2721 3082 2909 3122 aureos
2937 3066 3073 3121 collo
3105 3064 3282 3121 tuo”.

133 3145 339 3211 Χρυσίου
361 3148 447 3219 ’τῷ
469 3152 724 3223 τραχήλῳ
747 3154 1221 3228 περιλαμπόμενος
1247 3176 1260 3189 ’
1299 3161 1427 3231 περὶ⁵
1448 3156 1508 3216 οὗ
1532 3177 1698 3234 φησιν
1735 3161 1769 3231 ἡ
1818 3160 2116 3232 παροιμίαν
2164 3161 2246 3214 ὃτι
2313 3156 2622 3228 Στέφανον
2663 3157 2921 3227 χαρίτων
2948 3155 3092 3225 δέξῃ
3130 3154 3216 3225 σῇ
3277 3171 3380 3211 κο-

126 3236 300 3306 ρυφῇ,
335 3240 433 3294 καὶ
460 3243 670 3298 κλοιὸν
698 3247 963 3315 χρύσεον
988 3251 1123 3320 περὶ
1145 3251 1226 3317 τῷ
1253 3252 1551 3323 τραχήλῳ.

195 3331 252 3384 Ἡ
270 3333 363 3403 μὲν
383 3332 477 3389 οὖν
492 3337 581 3391 διὰ
596 3298 999 3412 τῶνηόρμίσκων
1017 3298 1559 3419 σύμϐοζλὴγτοῖαύτη.
1581 3346 1696 3402 Kai-

1879 3298 2059 3413 Aique
2107 3349 2193 3397 cst
2240 3339 2457 3411 quidem
2492 3336 2767 3408 ejusmodi
2802 3335 3089 3392 consilium
3127 3350 3223 3406 per
3265 3343 3380 3390 tor-

137 3418 218 3511 ςξὸς
237 3424 298 3477 ἂν
326 3426 407 3498 εἴη
429 3428 630 3483 καὶτὸν
655 3431 850 3503 ἑφεξῆς
867 3434 1022 3503 λόγον
1047 3418 1362 3508 προσθεῖναι
1380 3441 1446 3509 τῇ
1475 3418 1698 3511 θεωρίᾳ,

134 3508 187 3560 ὃν
211 3513 255 3565 οἱ
270 3514 407 3582 φίλοι
437 3516 524 3570 τοῦ
550 3521 781 3590 νυμφίου
802 3523 936 3595 πρὸς
957 3525 1056 3597 τὴν
1075 3528 1340 3599 παρθένον
1356 3508 1696 3599 πεποίηνται.

139 3601 281 3657 Ἐστι
297 3606 349 3659 δὲ
372 3608 567 3678 ἠλέεις
587 3610 724 3683 αὕτη
742 3630 756 3643 ·
782 3614 1138 3686 Ὀμοιώματα
1159 3621 1415 3687 χρυσίου
1438 3620 1702 3689 ποιήσω·

130 3693 236 3760 μέν
248 3710 341 3749 σοι
361 3698 509 3762 μετὰ
529 3702 868 3772 στιγμάτων
892 3706 997 3760 τοῦ
1023 3709 1285 3779 ἀργύρου
1301 3727 1315 3741 ν
1342 3710 1454 3777 ἔως
1477 3714 1510 3765 ὁ
1526 3712 1704 3776 ,βασι-

134 3782 267 3851 λεὺς
285 3786 354 3839 ἐν
379 3789 700 3846 ἀνακλίσει
726 3795 941 3851 αὐτοῦ·
962 3797 1280 3863 Τούτωνοιδὲ,
1314 3801 1393 3872 τῷ
1434 3801 1533 3871 μὲν
1562 3804 1701 3874 πρὸς

136 3874 217 3965 τον
232 3878 416 3949 εἱρμὸν
433 3881 685 3952 βλέποντι
701 3888 805 3955 τῆς
820 3889 1284 3960 προαποδοθείσης
1299 3893 1430 3963 ἡμῖν
1447 3891 1699 3965 θεωρίας,

136 3962 272 4020 δοκεῖ
300 3986 413 4035 πως
454 3974 489 4043 ἡ
529 3973 733 4028 διάνοια
765 3978 1135 4050 συνηρτῆσθαι
1167 3982 1263 4033 καὶ
1297 3962 1361 4034 τδ
1404 3962 1700 4036 ἀκόλουθον

139 4054 286 4125 ἔχειν.
324 4062 385 4115 Ἦ
410 4063 466 4117 δὲ
496 4064 638 4131 λέξις
667 4068 1044 4137 ἐμϐαθύνουσα
1070 4074 1188 4136 ταῖς
1211 4076 1499 4143 τροπικαῖς
1525 4091 1703 4145 σημα-

142 4146 292 4213 σίαις,
335 4152 771 4225 δυσκατανόητον
811 4161 956 4213 ποιεῖ
986 4160 1047 4213 τὸ
1087 4160 1175 4215 διὰ
1215 4160 1326 4215 τῶν
1363 4164 1702 4233 αἰνιγμάτων

140 4232 472 4324 δηλούμενον.
533 4244 752 4317 Ἐπειδὴ
796 4246 905 4319 γὰρ
950 4252 1011 4301 τὸ
1050 4249 1151 4320 τῆς
1199 4250 1374 4323 ψυχῆς
1416 4232 1610 4316 κάλλος
1635 4255 1700 4324 τῇ

144 4323 281 4398 ἵππῳ
309 4334 374 4403 τῇ
404 4332 758 4408 καθαιρετικῇ
787 4338 905 4392 τῶν
929 4341 1240 4409 Αίγυπτίων
1293 4345 1552 4416 ἁρμάτων
1596 4323 1704 4416 ἀφέ

141 4418 403 4511 ωμοιώθη,
430 4426 677 4480 τουτέστι
705 4432 771 4500 τῇ
788 4429 1067 4504 ,ἀγγελικῇ
1091 4436 1319 4506 στρατιᾷ
1338 4453 1351 4466 ·
1377 4438 1440 4506 τῇ
1469 4437 1527 4491 δὲ
1553 4438 1704 4511 ἵππῳ

143 4504 515 4603 ἐκείνηςφησὶν.
532 4516 560 4568 ὁ
586 4517 745 4581 καλὸς
770 4520 1054 4593 ἐπιϐάτης,
1078 4504 1303 4595 χαλινὸν
1320 4526 1418 4597 μὲν
1429 4504 1579 4583 ξεῖναι

1808 3451 1965 3504 ques.
1997 3433 2236 3502 Tempus
2280 3437 2581 3487 esLautem
2612 3427 2915 3485 deducendi
2942 3425 3010 3480 ad
3044 3427 3379 3495 cmitempla-

1802 3528 2006 3581 tionem
2040 3539 2104 3579 ea
2129 3536 2346 3593 quoque
2374 3521 2539 3575 verba
2586 3534 2708 3589 quae
2748 3518 2908 3571 amici
2945 3516 3131 3586 ενοιιεὶ
3170 3515 3378 3570 faciunt

1802 3616 1869 3670 ad
1932 3615 2214 3684 virginem.
2262 3610 2360 3667 Est
2414 3619 2596 3664 autem
2630 3600 2965 3677 ‘hujusmodi
3022 3606 3225 3671 dictio,
3288 3605 3382 3660 Si-

1803 3703 2128 3760 militudines
2182 3703 2305 3756 auri
2347 3701 2601 3770 faciemus
2641 3699 2737 3753 tibi
2785 3714 2903 3752 cum
2956 3699 3096 3752 notis
3131 3699 3378 3768 argenti:

1802 3800 1963 3851 donec
2002 3810 2096 3850 rex
2140 3795 2195 3847 in
2235 3792 2479 3847 accubitu
2522 3807 2639 3846 suo.
2696 3789 2897 3844 Eorum
2926 3790 3221 3854 autem,.ei
3255 3790 3383 3860 qui-

1803 3888 1924 3944 dem
1959 3887 2050 3957 qui
2084 3884 2280 3955 aspicit
2328 3881 2394 3936 ad
2443 3881 2639 3937 seriem
2681 3881 2835 3951 prius
2867 3879 3011 3936 data
3050 3880 3210 3935 nobis
3240 3896 3376 3935 cons

1804 3977 2195 4049 temptationis,
2232 3976 2447 4031 videtur
2489 3971 2892 4044 quodammodo
2942 3972 3376 4043 perfectusesse

1804 4088 2000 4129 sensus
2034 4079 2090 4127 et
2129 4070 2332 4126 habere
2364 4065 2849 4136 consequentiam-
2885 4065 3151 4120 Dictionis
3203 4079 3381 4119 autem

1804 4171 2098 4220 contextus
2122 4159 2422 4232 profundas
2446 4158 2653 4213 habens
2675 4157 2914 4227 tropicas
2937 4156 3382 4227 significationes,

1804 4256 1969 4311 ellicit
1996 4265 2056 4310 ut
2080 4254 2154 4310 sit
2181 4253 2461 4309 intellectu
2487 4249 2724 4313 dillicile,
2753 4250 2897 4320 quod
2919 4251 3275 4321 signiﬁcatur.-
3287 4265 3384 4319 per

1805 4348 2116 4414 wnigmata.
2163 4343 2302 4398 Nam
2329 4342 2589 4412 quoniam
2612 4339 2980 4411 pulchritudo
3014 4340 3210 4394 animat
3248 4340 3387 4395 assi-

1807 4439 1995 4494 milata
2022 4436 2126 4490 fuit
2150 4436 2310 4504 equis
2338 4434 2431 4504 qui
2458 4446 2656 4487 currus
2687 4429 2918 4502 perdunt
2945 4428 3260 4501 Egyptios,
3285 4429 3388 4482 hoc

1807 4538 1894 4585 est
1925 4526 2194 4583 exercitui
2227 4524 2478 4594 angelico
2521 4540 2533 4576 :
2569 4521 2679 4578 illis
2712 4528 2895 4577 autem
2936 4520 3094 4591 equis
3127 4517 3260 4574 dicit
3290 4519 3388 4576 bo-

143 4598 497 4675 καθαρότητα,
533 4608 599 4678 ἢν
626 4608 716 4662 διὰ
742 4611 839 4664 τοῦ
863 4613 1128 4682 ὁμοιῶσαι
1169 4615 1268 4679 τὰς
1298 4618 1551 4686 σιαγόνας
1583 4598 1696 4685 ταῖς

1810 4634 2191 4677 nusassensor
2220 4618 2433 4671 frenum
2469 4614 2690 4685 quidem
2722 4628 2846 4670 esse
2870 4613 3191 4683 puritatem,
3217 4629 3381 4682 quam

144 4693 386 4783 τρυγόσιν
417 4699 741 4770 ἐνεσήμαινε
766 4719 779 4732 ·
837 4680 1041 4773 κόσμον
1079 4706 1138 4759 δὲ
1173 4680 1552 4779 περιαυχένιον
1578 4680 1696 4777 τοὺς

1810 4709 2137 4783 signiﬁcavit
2161 4724 2263 4778 per
2294 4706 2401 4762 hoc
2422 4680 2569 4776 quod
2598 4680 2924 4760 assimilavit
2951 4719 3122 4775 genas
3142 4680 3390 4759 .turturi-

146 4782 406 4849 ποικίλους
430 4787 635 4859 ὅρμους
659 4792 784 4856 τοὺς
819 4793 906 4848 διὰ
940 4794 1048 4848 τῶν
1082 4798 1308 4869 ἀρετῶν.
1333 4801 1696 4872 περιστίλϐον-

1805 4782 1910 4860 bus
1945 4822 1957 4856 :
1999 4808 2251 4857 ornatum
2275 4810 2457 4854 autem
2483 4806 2539 4852 et
2564 4796 2790 4858 collare,
2827 4796 3232 4851 varia.monilia
3268 4814 3388 4866 qua:

143 4885 233 4972 τας
252 4889 266 4903 ·
283 4873 570 4972 ’βούλονταί
594 4898 717 4936 τινα
742 4885 911 4939 καὶηοί
945 4887 1089 4957 φίλοι
1118 4889 1447 4961 προσθήκην
1471 4892 1550 4964 τῷ
1576 4894 1696 4948 κάλ-

1807 4893 2155 4965 resplendent
2201 4908 2299 4962 per
2336 4890 2844 4955 virtutes;-volunt
2885 4890 3048 4943 etiam
3084 4890 3247 4944 amici
3285 4892 3381 4943 ali-

145 4965 348 5036 λειτῆς
381 4968 547 5025 ἵππου
599 4975 953 5046 ποιήσασθαι,
1002 4979 1060 5046 ἐξ
1099 4982 1459 5051 ὁμοιωμάτων
1484 4985 1696 5056 χρυσίοι

1809 4998 1973 5056 quam
2006 4981 2122 5038 ﬁeri
2155 4979 2529 5037 accessionem
2569 4977 2692 5048 equi
2732 4977 3152 5049 pulchritudini,
3186 4992 3390 5031 ornan-

145 5059 606 5145 κατακοσμοῦντες
646 5064 716 5119 τά
755 5068 985 5141 φάλερα,
1017 5066 1097 5135 οἷς
1142 5072 1443 5138 ὲνστίζουσι
1477 5076 1572 5129 καὶ
1614 5077 1696 5131 τοῐ

1809 5083 1893 5131 tes
1908 5073 2160 5145 phaleras
2176 5071 2375 5128 exauri
2391 5068 2863 5132 similitudinibus,
2890 5069 3089 5138 quibus
3102 5066 3263 5121 etiam
3281 5066 3382 5119 im-

145 5144 396 5238 άργυρίου
423 5151 525 5224 τὴν
559 5155 904 5232 καθαρότητα
922 5203 937 5226 ,
987 5162 1062 5226 ῶς
1090 5162 1157 5217 ἂν
1195 5164 1395 5234 μᾶλλον
1420 5167 1713 5238 διαλάμποι

147 5233 204 5285 τὸ
223 5239 417 5307 κάλλος
449 5247 543 5299 τοῦ
583 5253 1067 5322 προκοσμήματος,
1094 5233 1392 5327 τῆςῗαύγῆς
1424 5233 1713 5330 τοῦυάῥγῦ·

150 5340 238 5393 pou
269 5332 401 5422 πρὸς
437 5338 540 5404 τὴν
576 5340 894 5411 λαμπηδόνα
938 5343 1047 5397 τοῦ.
1077 5346 1301 5416 χρυσίου
1344 5352 1713 5422 συγκιρναμέ-

151 5429 255 5483 νης.
318 5421 635 5492 Ἀναγκαῖον
682 5428 726 5482 δ’
766 5430 831 5484 ἂν
871 5432 957 5504 εἴη
996 5434 1105 5499 τάς,
1142 5437 1408 5506 τροπικὰς
1446 5421 1714 5509 ἐμφάσεις

151 5509 554 5601 καταλιπόντας,
575 5518 889 5592 ὠφελούσης
917 5526 1066 5595 ἡμᾶς
1097 5527 1330 5592 διανοίας
1370 5529 1445 5601 μὴ
1476 5531 1712 5601 ἀποστῆ-

153 5611 234 5650 σαι
266 5599 351 5656 τὸν
378 5604 553 5675 λόγον.
614 5613 994 5688 Προσεικάσθη
1044 5599 1460 5696 μὲνιὲκείνῃήτῇ
1491 5623 1642 5696 ἵππῳ

222 5775 261 5805 ⁸⁷
282 5775 441 5835 Prov.
488 5799 524 5849 ι,
555 5785 607 5840 8.

1814 5165 2060 5235 primunt
2092 5168 2253 5216 notas
2274 5160 2532 5232 puritatis
2557 5159 2791 5230 argenti,
2821 5165 2880 5212 ut
2903 5157 3076 5228 magis
3104 5155 3390 5226 splendeat

1813 5252 2172 5327 pulchritudo
2210 5252 2542 5312 ornamenti.
2575 5251 2786 5321 fulgore
2825 5249 3035 5319 argenti
3069 5254 3386 5314 contempe-

1815 5355 1934 5401 rato
1959 5359 2083 5400 cum
2108 5345 2288 5400 nitore
2314 5343 2455 5398 auri.
2482 5342 2718 5399 Necesse
2743 5349 2923 5396 autem
2952 5337 3135 5403 fuerit,
3160 5337 3387 5407 tropicis

1815 5437 2022 5492 relictis
2070 5434 2584 5507 signiﬁcationibus,
2624 5447 2733 5486 non
2777 5431 3058 5487 dimovere
3083 5428 3386 5483 orationem

1819 5531 1888 5586 ab
1915 5545 1981 5587 eo
2025 5545 2191 5586 sensu
2233 5527 2326 5602 qui
2375 5527 2531 5582 nobis
2565 5524 2761 5595 prosit.
2822 5521 2936 5576 illis
2981 5520 3200 5591 quidem
3231 5519 3388 5588 equis

1822 5622 1921 5679 fuit
1949 5621 2250 5679 assimilata
2275 5634 2396 5692 qua:
2419 5632 2515 5690 per
2540 5616 2771 5673 virtutes
2801 5620 3029 5686 purgata
3054 5612 3155 5669 fuit
3179 5610 3381 5666 anima.
