3874 6386
231 326 340 383 B'll

1268 324 1335 382 1N
1377 324 1675 384 CANTiCA‘
1710 323 1981 385 CAN'llC.
2033 321 2320 381 HOMILIA
2359 317 2446 377 III.

3403 317 3510 375 82%

234 439 495 514 ὁμοίωμά
521 443 634 496 ἐστι
655 441 749 497 τοῦ
778 441 1135 515 ζητουμένου.
1157 446 1232 499 Οὐ
1267 446 1375 517 γὰρ
1400 445 1529 500 αὐτὸ
1552 446 1820 501 δείκνυσιν

1930 457 2143 500 omnem
2182 454 2303 513 qua:
2335 435 2750 509 comprehendit
2793 434 3200 508 cogitationem.
3232 432 3365 500 Qum
3409 450 3506 491 au-

235 535 419 588 ὲκεῖνο
454 533 513 587 τὸ
534 530 690 599 εἶδος,
722 533 750 586 ὃ
775 533 897 589 οὔτε
934 552 1019 600 τις
1052 531 1209 601 εἶδεν,
1244 534 1366 589 οὔτε
1420 536 1546 591 ίδεῖν
1577 537 1822 603 δύναται,

235 623 382 679 ἀλλά
425 624 493 678 δι’
533 626 797 698 ἐσόπτρου
844 626 937 680 καὶ
975 627 1042 681 δι’
1072 626 1393 698 αἰνίγματος
1440 627 1675 698 ἐμφασίν
1702 645 1824 682 τινα

240 718 569 787 σκιογραφεῖ
598 716 691 770 τοῦ
753 716 1107 788 ζητουμένου,
1147 718 1210 772 ἔκ
1236 736 1379 782 τινος
1414 718 1676 788 εἰκασμοῦ
1706 720 1824 780 ταῖς

236 806 441 876 ψυχαῖς
465 806 842 878 ὲγγινομένην.
883 807 994 871 Πᾶς
1018 807 1073 859 δὲ
1096 806 1253 875 λόγος
1286 807 1392 859 τῶν
1413 806 1668 860 τοιούτων
1695 824 1821 876 νοητ

240 897 432 966 μάτων
479 894 829 967 σημαντικὸς,
872 895 1107 966 στιγμῆς
1140 910 1284 958 τινος
1313 893 1553 966 ἀμεροῦς
1596 892 1825 961 δύναμιν

198 1046 205 1051 _
237 988 381 1058 εχει,
411 987 485 1059 μὴ
509 987 803 1058 δυνάμενος
833 986 1072 1057 ἐμφῆναι
1100 988 1237 1059 ὅπερ
1266 987 1523 1057 ἠδιάνοια
1545 985 1820 1056 βούλεται·

236 1080 321 1143 ὡς
368 1074 508 1133 εἶναι
551 1080 731 1133 πᾶσαν
764 1079 862 1148 μὲν
910 1078 1145 1131 διάνοιαν
1181 1076 1498 1148 κατωτέραν
1530 1076 1628 1146 τῆς
1676 1075 1825 1138 θείας

240 1170 625 1240 κατανοήσεως
666 1186 680 1199 ·
720 1172 894 1223 πάντα
943 1168 1000 1222 δὲ
1037 1168 1193 1236 λόγον
1248 1167 1668 1238 ἑρμηνευτικὸν,
1710 1183 1826 1218 στι-

238 1260 393 1332 γμὴν
415 1260 669 1332 βραχεῖαν
698 1260 874 1314 δοκεῖν
925 1261 999 1333 μὴ
1034 1259 1337 1328 δυναμένην
1375 1258 1451 1328 τῷ
1492 1257 1680 1312 πλάτει
1730 1256 1826 1326 τῆς

236 1352 482 1416 διανοίας
515 1351 1046 1408 συνεπεκτείνεσθαι.
1078 1351 1189 1422 Τὴν
1213 1346 1304 1405 οὖν
1326 1350 1415 1404 διά
1435 1349 1541 1403 τῶν
1572 1350 1825 1404 τοιούτων

241 1441 534 1512 νοημάτων
584 1441 1100 1513 χειραγωγουμένην
1150 1439 1326 1511 ψυχὴν
1385 1440 1520 1511 πρὸς
1576 1439 1673 1509 τὴν
1720 1439 1826 1492 τῶν

240 1532 503 1602 ἀλήπτων
540 1532 820 1602 περίνοιαν
851 1532 939 1585 διὰ
967 1530 1133 1602 μόνης
1168 1530 1401 1593 πίστεως
1430 1529 1737 1593 είσοικίζειν
1770 1530 1827 1581 ἐν

242 1625 414 1696 ἑαυτῇ
438 1623 586 1692 λέγει
607 1623 714 1677 δεῖν
733 1623 831 1695 τὴν
864 1623 1039 1677 πάντα
1073 1622 1196 1677 νοῦν
1236 1622 1608 1694 ὑπερέχουσαν
1641 1620 1823 1691 φύσιν.

242 1715 361 1768 Καὶ
391 1713 548 1768 τοῦτό
592 1717 709 1767 ἐστι
757 1714 820 1767 τὸ
853 1713 1005 1784 παρά
1048 1712 1154 1767 τῶν
1184 1713 1353 1782 φίλων
1380 1712 1670 1782 λεγόμενον
1693 1726 1705 1739 °
1744 1712 1827 1763 ὅτι

244 1805 345 1859 Σοὶ
393 1806 729 1876 ποιήσωμεν,
764 1798 810 1858 ὦ
837 1804 1003 1876 ψυχὴ,
1039 1806 1106 1875 τῇ
1151 1802 1333 1868 καλῶς
1366 1804 1502 1875 πρὸς
1530 1803 1621 1857 τὸν
1664 1803 1828 1855 ἵππον
1859 1792 1897 1847 Β

246 1894 684 1967 ἀπεικασθείση,
734 1894 1036 1965 ίνδά).ματά
1084 1911 1206 1947 τινα
1267 1894 1365 1964 τῆς
1416 1892 1671 1965 ἀληθείας
1733 1891 1827 1945 καὶ

244 1986 590 2058 ὁμοιώματα.
638 1986 869 2058 Τοιαύτη
913 1987 1022 2058 γὰρ
1078 1986 1282 2040 τούτων
1318 1986 1491 2054 λόγων
1520 1984 1760 2057 ἀργύρου
1792 1986 1825 2055 ἡ

244 2077 490 2147 δύναμις,
507 2079 580 2142 ὡς
603 2077 917 2148 ἐναύσματά
940 2095 1061 2132 τινα
1086 2076 1466 2148 σπινθηροειδῆ
1482 2076 1654 2131 δοκεῖν
1680 2072 1819 2130 εἶναι

242 2168 318 2222 τά
360 2169 598 2238 ῥήματα,
638 2167 711 2240 μὴ
766 2168 1037 2238 δυνάμενα
1076 2169 1141 2223 δι’
1170 2168 1453 2239 ἀκριϐείας
1498 2168 1734 2238 ἐμφῆναι
1768 2168 1827 2221 τὸ

245 2258 562 2326 ἐγκείμενον
594 2257 792 2329 νόημα.
811 2258 884 2312 Συ
900 2257 953 2310 δὲ
970 2257 1141 2312 ταῦτα
1157 2257 1444 2329 δεξαμένη,
1460 2258 1746 2326 ὑποζύγιον
1769 2276 1827 2311 τε

247 2350 349 2404 καὶ
370 2350 681 2422 οἰκητήριον
703 2350 906 2422 γενήσῃ
936 2348 1024 2403 διά
1050 2349 1284 2410 πίστεως
1313 2347 1404 2401 τοῦ
1440 2366 1518 2401 σοι
1546 2349 1827 2403 ἐνανακλί-

244 2440 435 2494 νεσθαι
486 2439 771 2509 μέλλοντος
804 2438 892 2492 διὰ
944 2439 1043 2508 τῆς
1072 2439 1130 2491 ἐν
1165 2439 1246 2491 σοὶ
1293 2440 1695 2508 κατοικήσεωςυ
1735 2438 1829 2491 τοῦ

245 2530 357 2603 γὰρ
383 2530 545 2586 αὐτοῦ
575 2531 666 2584 καὶ
688 2529 874 2601 θρόνος
895 2524 946 2582 εἴ
962 2529 1057 2582 καὶ
1086 2524 1232 2592 οἶκος
1266 2530 1492 2601 γενήσῃ.
1513 2529 1665 2599 Τάχα
1691 2529 1734 2581 δ’
1766 2528 1829 2581 ἄν

246 2639 334 2685 τις
378 2622 520 2674 εἴποι
546 2621 641 2691 τὴν
675 2620 886 2675 Παύλου
910 2618 1119 2690 ψυχὴν,
1141 2621 1233 2672 καὶ
1267 2618 1321 2671 εῖ
1346 2637 1428 2683 τις
1467 2619 1598 2690 ἄλλη
1638 2620 1827 2688 γέγονε

247 2712 370 2766 κατ’
382 2711 616 2780 ἐκείνην,
638 2710 745 2764 τῶν
776 2708 1029 2765 τοιούτων
1049 2707 1326 2775 ἀξιοῦσθαι
1352 2708 1630 2779 ῥημάτων.
1660 2694 1833 2763 Ἐκεῖ-

248 2822 361 2868 νος)
383 2805 489 2876 γάρ
528 2803 718 2868 σκεῦος
750 2803 978 2873 ἐκλογῆς
1016 2800 1162 2866 ἅπαξ
1206 2800 1283 2871 τῷ
1321 2802 1563 2874 Δεσπότῃ
1602 2803 1829 2874 γενόμε-

246 2910 360 2956 νος,
400 2892 493 2946 καὶ
541 2893 623 2961 ἐφ’
660 2889 853 2945 ἑαυτοῦ
885 2890 979 2944 καὶ
1008 2892 1065 2942 ὲν
1096 2889 1275 2961 ἑαυτῷ
1312 2885 1423 2961 εἶχε
1455 2888 1546 2941 τὸν
1593 2891 1826 2962 Κύριον·

246 2983 307 3034 ὲν
344 2983 441 3053 μὲν
473 2979 549 3054 τῷ
595 2980 886 3052 βαστάζειν
916 2978 1078 3034 αὐτοῦ
1108 2980 1169 3033 τὸ
1197 2980 1366 3050 ὄνομα
1405 2981 1644 3036 ἐναντίον
1664 2981 1830 3037 ἐθνῶν

247 3074 345 3126 καὶ
378 3070 637 3142 βασιλέων
679 3071 842 3133 ἵππος
874 3070 1162 3140 γενόμενος
1185 3087 1200 3101 ·
1225 3072 1282 3123 ὲν
1306 3070 1362 3122 δὲ
1405 3070 1481 3141 τῷ
1517 3071 1711 3141 μηκέτι
1734 3073 1829 3127 αύ-

1930 544 2038 591 lem
2061 533 2128 589 de
2155 546 2221 588 ea
2257 530 2417 589 nobis
2440 530 2581 585 inest
2618 526 2999 597 intelligentia,
3034 526 3344 596 mentisque
3372 540 3506 581 con-

1928 624 2128 694 ceptio,
2154 631 2238 678 est
2261 622 2565 678 similitudo
2592 622 2712 690 ejus
2734 618 2882 691 quod
2910 618 3194 690 quaeritur.
3216 616 3333 673 Non
3358 618 3502 674 enim

1928 714 2173 772 ostendit
2206 714 2383 784 ipsam
2436 712 2583 769 illius
2626 711 2892 772 formam,
2936 723 3100 780 quam
3129 722 3307 778 neque
3351 712 3502 762 novit

1929 805 2202 878 quispiam
2228 844 2243 869 ,
2281 818 2464 874 neque
2498 816 2660 859 nosse
2687 811 2783 856 aut
2811 801 2995 856 videre
3029 806 3243 869 potest,
3281 798 3375 854 sed
3407 814 3503 869 per

1931 899 2212 970 speculum
2236 904 2289 952 et
2310 896 2541 968 aenigma
2566 895 2829 952 describit
2856 892 3148 965 quamdam
3184 892 3331 948 illius
3356 894 3500 962 quod

1929 990 2195 1061 qumritur
2218 995 2569 1058 apparentem
2601 986 2861 1056 speciem,
2886 999 3009 1055 qua:
3039 983 3184 1041 inest
3207 984 3406 1039 animis
3434 1001 3498 1040 ex

1929 1079 2163 1153 quadam
2192 1079 2533 1148 conjectura.
2562 1076 2751 1132 Omnis
2773 1084 2955 1131 autem
2982 1076 3156 1131 oratio
3190 1090 3315 1147 quas
3342 1075 3502 1146 signi-

1931 1172 2048 1227 ﬁcat
2104 1170 2417 1242 hujusmodi
2470 1168 2672 1225 mentis
2709 1167 3134 1238 coneeptiones,
3184 1166 3345 1222 habet
3393 1167 3499 1221 vim

1928 1260 2213 1333 cujusdam
2241 1261 2430 1335 puncti
2454 1259 2750 1324 individui,
2777 1272 2886 1313 non
2934 1258 3120 1313 valens
3146 1259 3419 1327 explicare
3447 1257 3499 1313 id

1929 1354 2073 1424 quod
2112 1353 2227 1409 vult
2255 1352 2455 1408 mentis
2488 1350 2781 1422 cogitatio:
2812 1348 2946 1405 adeo
2981 1356 3041 1405 ut
3069 1349 3250 1405 omnis
3280 1349 3499 1417 quidem

1928 1443 2187 1517 cogitatio
2236 1442 2545 1511 mentisque
2600 1440 2885 1510 conceptio
2932 1440 3003 1495 sit
3044 1440 3186 1494 infra
3218 1440 3310 1495 Dei
3349 1455 3500 1495 com-

1930 1534 2371 1605 prebensionem.
2422 1530 2612 1587 Omnis
2667 1538 2847 1591 autem
2908 1531 3275 1602 interpretans
3327 1531 3503 1585 oratio

1928 1626 2145 1681 videtur
2171 1638 2294 1680 esse
2325 1624 2489 1679 breve
2522 1629 2803 1693 punctum.
2848 1628 2908 1676 ut
2937 1636 3063 1693 quae
3089 1637 3198 1677 non
3224 1622 3400 1692 possit
3426 1621 3501 1676 si-

1930 1715 2042 1773 mul
2064 1714 2287 1772 extendi
2318 1730 2443 1770 cum
2490 1713 2777 1769 latitudine
2807 1712 3159 1784 cogitationis
3194 1714 3502 1782 ruentisque

1930 1806 2327 1878 conceptionis.
2381 1806 2633 1861 Animam
2674 1817 2840 1872 ergo,
2894 1819 3014 1875 qua:
3056 1819 3152 1874 per
3189 1804 3500 1874 hujusmodi

1928 1899 2128 1953 mentis
2158 1896 2553 1968 conceptiones
2589 1902 2849 1965 tanquam
2879 1895 3298 1949 manuducitur
3319 1896 3385 1953 ad
3412 1912 3501 1951 eo-

1929 2004 2050 2044 rum
2081 2004 2204 2061 quae
2235 1989 2356 2060 capi
2401 2003 2510 2045 non
2547 1995 2781 2058 possunt
2811 1987 3221 2058 cogitationem,
3245 1988 3377 2042 dicit
3407 2004 3502 2058 per

1929 2079 2101 2135 solam
2135 2078 2293 2135 [idem
2328 2086 2584 2150 oportere
2619 2076 2688 2131 ad
2722 2091 2877 2135 suam
2909 2076 3257 2132 introducere
3288 2077 3499 2132 habita-

1930 2171 2132 2226 tionem
2154 2177 2405 2227 naturam
2438 2169 2586 2223 illam
2611 2183 2733 2238 qua:
2779 2182 2995 2225 omnem
3042 2176 3271 2239 superat
3300 2167 3490 2223 intelli-

1928 2261 2187 2332 gentiam.
2218 2258 2285 2314 Et
2335 2260 2438 2316 hoc
2469 2268 2553 2315 est
2584 2258 2717 2314 illud
2748 2259 2892 2329 quod
2922 2258 3121 2315 dicitur
3159 2258 3228 2314 ab
3262 2258 3456 2315 amicis
3482 2278 3497 2313 :

1930 2352 2074 2417 Tibi,
2106 2367 2139 2406 ο
2170 2353 2373 2417 anima,
2406 2366 2529 2424 quae
2564 2358 2713 2407 recte
2744 2350 2903 2420 equis
2941 2365 3002 2407 es
3036 2348 3339 2407 assimilata
3365 2391 3380 2412 .
3423 2347 3502 2403 fa-

1930 2446 2138 2501 ciemus
2188 2443 2435 2515 qutedam
2490 2443 2737 2499 veritatis
2784 2443 3081 2499 simulacra
3126 2449 3181 2498 et
3236 2441 3498 2513 quasdam

1930 2534 2335 2593 similitudines.
2364 2534 2690 2605 Hujusmodi
2718 2540 2803 2591 est
2828 2534 2971 2589 enim
2994 2533 3187 2588 horum
3212 2532 3498 2589 verborum

1931 2627 2138 2697 argenti
2165 2627 2269 2689 vis.
2301 2632 2359 2682 ut
2388 2626 2724 2685 suscitabula
2752 2625 2998 2696 quadam
3031 2625 3186 2697 ignea
3217 2624 3499 2680 videantur

1930 2731 2052 2772 csse
2097 2716 2261 2771 verba
2284 2756 2300 2781 ,
2345 2732 2466 2787 quae
2500 2734 2608 2772 non
2662 2725 2892 2788 possunt
2942 2722 3198 2770 accurate
3228 2723 3281 2770 et
3310 2720 3499 2770 exacte

1931 2806 2235 2871 ostendere,
2267 2822 2389 2877 qua!
2418 2808 2582 2872 inest,
2616 2806 2813 2862 mentis
2846 2804 3274 2876 conceptionem.
3300 2803 3380 2858 Tu
3402 2818 3501 2858 au-

1932 2904 2038 2951 tem
2070 2896 2155 2955 his
2184 2898 2420 2968 acceptis
2442 2938 2456 2963 ,
2492 2896 2586 2954 ﬁes
2626 2913 2723 2968 per
2775 2898 2933 2953 [idem
2974 2896 3258 2966 subjugale
3286 2896 3500 2964 jumen-

1932 2995 2045 3040 tum
2072 2996 2125 3043 et
2158 2988 2527 3044 habitaculum
2556 2989 2676 3060 ejus
2709 2991 2801 3060 qui
2826 2988 2880 3043 in
2912 2996 2965 3044 te
3008 2997 3092 3045 est
3121 2987 3462 3042 habitaturus
3483 3024 3498 3048 .

1935 3093 2028 3147 per
2077 3092 2196 3132 eam
2244 3093 2366 3146 qua:
2397 3089 2477 3134 est
2536 3080 2590 3133 in
2632 3088 2683 3134 te
2740 3078 3163 3142 habitationem;
3193 3076 3315 3147 ejus
3355 3076 3499 3131 enim

247 3161 341 3217 τὸν
372 3161 491 3233 ζῇν,
514 3160 626 3214 ἀλλ’
661 3163 717 3215 ὲν
749 3160 926 3231 ἐαυτῷ
954 3158 1215 3213 δεικνύειν
1257 3159 1433 3224 ζῶντα
1463 3163 1667 3216 ἐκεῖνον
1688 3203 1703 3228 ,
1731 3166 1825 3219 καὶ

1933 3169 2028 3226 ﬁes
2053 3177 2107 3227 et
2133 3170 2292 3227 sedes
2315 3179 2370 3225 et
2394 3171 2610 3227 domus.
2636 3168 2893 3227 Fortasse
2916 3177 3092 3227 autem
3117 3168 3315 3227 dixerit
3342 3167 3499 3237 quis-

245 3253 477 3325 δοκιμὴν
525 3252 719 3308 διδόναι
757 3251 850 3306 τοῦ
890 3254 947 3305 ἐν
977 3251 1124 3321 αὐτῷ
1149 3250 1435 3315 λαλοῦντος
1464 3253 1723 3324 Χριστοῦ,
1742 3251 1821 3310 οῖ-

1929 3258 2070 3328 piam
2101 3257 2250 3314 Pauli
2286 3259 2547 3324 animam,
2574 3267 2669 3314 aut
2703 3258 2747 3314 si
2773 3273 2881 3329 qua
2918 3258 3022 3312 alia
3073 3256 3121 3311 ei
3152 3255 3316 3312 fuerit
3344 3256 3498 3310 simi-

247 3360 346 3407 κος
404 3343 794 3415 περιληπτικδς
846 3344 944 3414 τῆς
988 3343 1359 3414 ἀπεριλήπτου
1404 3345 1694 3417 γενόμενος
1724 3351 1824 3419 φύ-

1929 3349 2001 3404 lis
2026 3389 2042 3414 ,
2086 3349 2306 3421 dignam
2343 3365 2477 3407 esse.
2494 3349 2561 3405 de
2598 3366 2704 3420 qua
2745 3350 2863 3411 haec
2905 3346 3068 3407 verba
3100 3347 3371 3402 dicantur.
3408 3346 3501 3401 Ille

249 3451 406 3498 πως.
1927 3442 2075 3497 enim
2104 3442 2273 3497 semel
2317 3440 2494 3496 factus
2528 3456 2637 3509 vas
2666 3439 2950 3499 electionis
2976 3478 2989 3503 ,
3030 3452 3195 3509 supra
3248 3452 3308 3493 se
3358 3445 3407 3493 et
3446 3436 3499 3490 in

248 3541 311 3583 se
351 3526 583 3582 habebat
616 3524 909 3584 Dominum
935 3545 947 3582 :
972 3541 1154 3597 equus
1178 3526 1411 3597 quidem
1443 3526 1621 3586 factus
1672 3529 1726 3583 in
1759 3546 1841 3588 eov
1897 3532 2043 3603 quod
2116 3541 2355 3602 portaret
2400 3532 2521 3602 ejus
2554 3547 2750 3587 nomen
2786 3530 2855 3585 ad
2888 3537 3079 3600 gentes
3119 3536 3173 3583 et
3219 3543 3374 3598 reges
3403 3527 3442 3557 ³¹
3481 3544 3495 3579 :

248 3631 317 3671 ιιι-
338 3631 403 3672 eo
429 3625 607 3672 autem
640 3614 789 3686 quod
819 3617 936 3686 ipse
965 3633 1073 3672 non
1102 3619 1337 3689 amplius
1370 3619 1596 3687 viveret,
1622 3621 1717 3678 sed
1754 3622 1904 3678 illum
1931 3626 1984 3679 in
2008 3640 2068 3679 se
2097 3624 2407 3681 ostenderet
2474 3623 2766 3685 viventem,
2826 3631 2880 3677 et
2942 3621 3097 3679 daret
3157 3618 3501 3688 experimen-

251 3712 365 3760 tum
388 3705 590 3761 Christi
626 3706 682 3762 in
710 3720 771 3762 se
800 3706 1072 3777 loquentis
1096 3707 1163 3773 ³³,
1197 3707 1425 3763 elfectus
1455 3709 1653 3766 domus
1684 3714 1969 3769 continens
2031 3714 2179 3769 illam
2249 3722 2504 3769 naturam
2562 3726 2684 3783 quae
2749 3728 2858 3766 non
2883 3716 3061 3781 potest
3083 3705 3496 3778 comprehendi.

320 3798 507 3853 Ταῦτα
528 3798 635 3854 τῶν
657 3800 825 3869 φίλων
845 3801 936 3855 τοῦ
960 3802 1192 3871 νυμφίου
1222 3803 1288 3872 τῇ
1314 3801 1530 3875 καθαρᾷ
1568 3805 1660 3858 καὶ
1683 3822 1825 3877 παρ-

1997 3808 2134 3863 Cum
2185 3807 2349 3865 amici
2398 3805 2747 3877 sponsibaec
2791 3818 2944 3873 purae
2980 3801 3258 3857 dedissent
3304 3795 3498 3867 virgini

248 3890 388 3961 θένῳ
418 3890 797 3963 χαρισαμένων
817 3891 960 3965 ψυχῇ
983 3886 1115 3962 (εἶεν
1131 3893 1175 3947 δ’
1205 3888 1349 3948 οῦτοι
1378 3894 1445 3948 τὰ
1470 3894 1825 3969 λειτουργικά

1929 3898 2004 3968 (lii
2036 3908 2215 3953 autem
2238 3904 2365 3953 sunt
2392 3896 2839 3952 administratorii
2866 3893 3111 3965 spiritus,
3133 3890 3225 3961 qni
3261 3889 3492 3942 mittun-

249 3982 537 4051 πνεύματα
564 3982 632 4036 τά
673 3982 750 4046 εἰς
780 3981 1053 4036 διακονίαν
1093 3982 1551 4054 ἀποστελλόμενα,
1584 3984 1672 4040 διὰ
1700 3988 1825 4051 τοὺς

1929 3997 2016 4044 tur
2047 3988 2115 4044 ad
2147 3989 2509 4044 ministerium
2542 4028 2557 4053 ,
2602 3994 2824 4059 propter
2863 4000 2959 4041 eos
3003 3983 3096 4053 qui
3143 3989 3272 4037 sunt
3328 3978 3495 4033 futuri

251 4069 545 4142 μέλλοντας
580 4069 935 4141 κληρονομεῖν
974 4072 1289 4142 σωτηρίαν),
1328 4072 1658 4145 τελειότερον
1708 4092 1825 4139 πως

1929 4079 2173 4135 liaeredes
2214 4080 2410 4135 salutis
2442 4080 2510 4151 ³⁸)
2534 4119 2548 4141 .
2589 4093 2792 4151 sponsa
2838 4078 2907 4131 ﬁt
2938 4071 3338 4146 quodammodo
3384 4084 3493 4141 per-

248 4161 454 4231 γίνεται
486 4163 552 4232 τῇ
582 4160 866 4233 προσθήκῃ
898 4160 1004 4214 τῶν
1035 4163 1386 4233 χαρισμάτων
1414 4166 1447 4235 ἡ
1480 4164 1688 4238 νύμφη.
1713 4168 1825 4222 Καὶ

1931 4169 2125 4225 tectior
2170 4185 2266 4240 per
2317 4169 2614 4238 gratiarum
2671 4167 3065 4224 accessionem.
3122 4163 3367 4232 Cumque
3430 4159 3495 4211 all

252 4251 451 4321 μᾶλλον
499 4250 907 4322 προσεγγίσασα
940 4251 1019 4323 τῷ
1053 4251 1401 4324 ποθουμένῳ,
1435 4254 1565 4326 πρὶν
1600 4256 1661 4309 τὺ
1694 4256 1823 4309 κάλ-ο

1931 4279 2055 4319 eum
2116 4278 2277 4333 quem
2342 4262 2688 4319 desiderabat
2751 4259 2925 4333 magis
2983 4255 3495 4327 appropinquasset,

247 4343 338 4407 λος
364 4340 527 4397 αὑτοῦ
558 4344 671 4405 τοῖς
688 4341 983 4413 ὀφθαλμοῖς
1013 4344 1343 4413 ὲμφανῆναι,
1364 4345 1455 4399 διά
1473 4346 1572 4418 τῆς
1588 4347 1825 4418 ὀσφραν-

1929 4355 2247 4425 priusquam
2282 4354 2402 4423 ejus
2425 4351 2776 4424 pulchritudo
2807 4349 2983 4406 oculis
3011 4348 3376 4419 apparuisset,
3404 4361 3499 4416 per

249 4434 404 4504 τικῆς
427 4432 730 4505 αἰσθήσεως
764 4432 856 4487 τοῦ
902 4431 1236 4505 ζητουμένου
1265 4435 1590 4505 ἐφάπτεται,
1612 4432 1724 4492 οἷόν
1749 4455 1822 4492 τι·

1931 4446 2197 4503 odorandi
2246 4443 2559 4501 facultatem
2591 4458 2713 4499 eum
2743 4457 2904 4511 quem
2946 4438 3228 4510 quaerebat
3256 4435 3492 4505 attingit,

249 4542 337 4589 νο(⁸
359 4524 566 4597 χρωτὸς
596 4525 829 4594 ἰδιότητα
858 4525 1192 4597 ὀσφραντικῇ
1229 4526 1455 4597 δυνάμει
1487 4529 1823 4599 κατανοήσα-

1929 4546 1984 4593 et
2037 4537 2199 4593 veluti
2256 4535 2542 4605 cujusdam
2592 4534 2793 4589 coloris
2851 4531 3183 4602 proprietate
3235 4532 3303 4582 ab
3361 4526 3499 4581 odo-

251 4630 342 4677 σα,
394 4614 487 4668 καί
536 4631 699 4684 φησιν
743 4614 1113 4683 ἐπεγνωκέναι
1163 4616 1327 4670 αὐτοῦ
1376 4618 1474 4688 τὴν
1537 4619 1712 4689 ὀσμὴν
1756 4622 1823 4690 τῇ

1931 4629 2086 4684 randi
2138 4626 2395 4685 facultate
2421 4626 2830 4687 animadversa,
2863 4623 2998 4678 dicit
3033 4637 3092 4677 se
3134 4620 3253 4691 ejus
3294 4632 3499 4689 cogno-

249 4702 447 4776 εὐωδία
494 4704 589 4757 τοῦ
635 4704 828 4776 μύρου,
862 4698 923 4758 οῦ
961 4705 1151 4777 νάρδος
1193 4707 1309 4760 ἐστὶ
1340 4708 1402 4760 τὸ
1430 4707 1621 4780 ὄνομα,
1651 4709 1824 4783 ταύτῃ

1929 4721 2068 4776 risse
2112 4719 2373 4782 odorem,
2412 4733 2603 4787 nempe
2654 4714 2915 4789 unguenti
2967 4728 3191 4771 suavem
3253 4712 3496 4775 odorem,

250 4794 387 4866 πρὸς
413 4795 538 4859 τοὺς
567 4794 752 4864 φίλους
777 4798 841 4867 τῇ
874 4799 1022 4867 φωνῇ
1070 4797 1386 4868 χρησαμένη
1408 4837 1424 4862 ,
1451 4799 1680 4867 Νὰρδος
1705 4818 1825 4869 μου

1929 4811 2085 4879 Cujus
2145 4825 2342 4865 nomen
2399 4817 2484 4864 est
2546 4807 2751 4865 nardus
2784 4848 2799 4872 ,
2858 4807 2963 4861 hac
3023 4821 3163 4861 voce
3217 4813 3379 4859 utens
3429 4803 3496 4855 ad

249 4884 475 4940 ἔδωκεν
518 4885 719 4956 ὀσμὴν
752 4886 961 4943 αὐτοῦ.
1006 4886 1218 4960 Ὥσπερ
1250 4888 1439 4959 ὑμεῖς,
1474 4891 1670 4962 φησὶν,
1718 4891 1821 4944 ούκ

1929 4904 2150 4969 amicos,
2186 4900 2402 4956 Nardus
2444 4918 2558 4956 mea
2587 4901 2731 4957 dedit
2770 4900 2980 4955 adorent
3009 4915 3182 4953 suum.
3216 4894 3499 4963 Quomodo

251 4977 383 5034 αὐτὸ
407 4978 467 5031 τὸ
495 4977 767 5049 ἀκήρατον
797 4979 894 5049 τῆς
922 4977 1172 5048 θεότητος
1212 4980 1455 5050 χρυσίον,
1486 4980 1600 5034 ἀλλ’
1626 4979 1823 5052 ὁμοιὼ-

1930 4995 2076 5055 enim
2106 4996 2452 5066 vos,inquit,
2509 5012 2617 5050 non
2652 4995 2833 5067 ipsum
2873 4994 3147 5053 sincerum
3193 5004 3384 5044 aurum
3424 4988 3502 5041 di-

252 5088 398 5139 ματα
425 5070 513 5125 διά
540 5071 650 5126 τῶν
688 5071 951 5143 χωρητῶν
993 5073 1124 5141 ἡμῖν
1154 5072 1439 5143 νοημάτων
1473 5073 1564 5127 τοῦ
1599 5075 1823 5151 χρυσίου

248 5161 561 5235 χαρίζεσθε,
603 5162 663 5217 οὐ
700 5160 961 5230 τηλαυγεῖ
995 5160 1073 5232 τῷ
1109 5161 1252 5232 λόγῳ
1289 5164 1358 5216 τά
1390 5167 1510 5217 κατ’
1541 5166 1703 5219 αὑτὸν
1732 5168 1826 5220 ὲκο

248 5250 637 5316 καλύπτοντες,
664 5250 799 5307 ἀλλὰ
824 5250 910 5304 διὰ
935 5251 1035 5321 τῆς
1064 5250 1394 5323 βραδύτητος
1418 5252 1529 5308 τῶν
1553 5254 1647 5308 τοῦ
1673 5254 1824 5323 λογι-

249 5341 349 5400 κοῦ
370 5343 611 5415 ἀργύρου
638 5342 969 5413 στιγμάτων,
999 5343 1265 5414 ἐμφάσεις
1290 5346 1440 5411 τινάς
1470 5349 1822 5419 παρασχόμε-

250 5453 333 5491 xm
353 5435 446 5491 τοῦ
478 5436 831 5509 ζητουμένων
864 5438 1007 5495 οὕτω
1030 5441 1187 5510 κάγὼ
1214 5442 1301 5496 διὰ
1323 5444 1421 5514 τῆς
1441 5444 1698 5509 εὐπνοίας
1725 5444 1819 5498 τοῦ

249 5526 387 5601 ἐμοῦ
422 5526 615 5599 μύρου,
642 5527 740 5600 τὴν
771 5529 939 5601 αὐτὴν
975 5531 1184 5586 ἐκείνου
1215 5532 1440 5587 εὐωδίαν
1469 5535 1535 5605 τῇ
1567 5534 1819 5605 αἰσθήσει

330 5703 517 5760 “Act.
566 5718 648 5775 rx,
690 5704 758 5760 15
831 5704 875 5736 ³¹
911 5702 955 5757 ll
982 5703 1109 5760 Cor.
1140 5720 1258 5775 xm,
1293 5705 1344 5761 3.
1424 5701 1651 5761 "Hebr.
1678 5720 1717 5773 ι,
1752 5705 1841 5761 ﬂ.

1928 5085 2189 5150 viuitatis,
2233 5084 2325 5141 sed
2373 5100 2468 5155 per
2512 5100 2607 5140 eas
2657 5086 2854 5141 mentis
2905 5081 3307 5152 conceptioncs,
3361 5093 3498 5147 quas

1928 5191 2123 5247 capere
2152 5191 2466 5247 possumus,
2499 5177 2657 5233 nobis
2685 5177 2899 5233 donatis
2925 5174 3045 5229 auri
3078 5169 3493 5230 similitudines,

1927 5284 2036 5323 non
2085 5267 2325 5327 dilucida
2358 5269 2607 5325 oratione
2654 5285 2774 5339 quae
2823 5275 2950 5323 sunt
2995 5265 3115 5333 ejus
3165 5259 3495 5330 aperientes.

1928 5356 2022 5413 sed
2046 5373 2146 5435 per
2172 5359 2398 5429 exiguas
2428 5360 2639 5414 ratione
2670 5357 2882 5429 praediti
2914 5352 3122 5424 argenti
3149 5357 3329 5413 notas,
3363 5362 3499 5419 pne-

1930 5448 2121 5505 bentes
2147 5450 2409 5521 quasdam
2434 5459 2755 5522 apparentes
2775 5446 2985 5518 species
2998 5443 3118 5516 ejus
3144 5440 3284 5514 quod
3299 5437 3498 5511 quaeri-

1926 5546 2045 5595 tur:
2066 5537 2136 5595 ita
2171 5555 2272 5613 ego
2290 5556 2504 5612 quoque
2525 5556 2621 5611 per
2643 5540 2779 5597 bene
2794 5539 3089 5610 spirantem
3110 5535 3213 5591 mei
3236 5529 3497 5604 unguenti
