3874 6438
520 323 623 378 823

1720 342 1778 400 S.
1818 342 2151 404 GREGORII
2205 349 2495 411 NYSSENI

3677 336 3769 395 8‘“

516 442 900 539 ﬂagrantiam,
960 463 1125 505 sensu
1180 453 1395 524 percepi
1455 454 1602 512 illius
1656 457 1832 528 ipsius
1884 459 2091 516 bonum

2198 466 2604 539 παρεδεξάμην.
2652 465 2903 520 Τοιοῦτον
2941 436 2999 519 δέ
3041 481 3166 519 τινα
3208 462 3333 517 νοῦν
3376 462 3530 517 δοκεῖ
3574 479 3665 532 μοι
3717 463 3767 514 τὸ

518 537 768 592 odorem.
814 538 942 593 Miiti
975 548 1160 595 autem
1197 541 1251 595 id
1297 544 1444 614 quod
1476 546 1702 614 dicitur,
1736 548 1952 605 videtur
1994 552 2098 605 ha-

519 629 648 685 bere
693 630 858 685 talem
910 646 1132 688 sensum
1167 632 1659 707 :Quandoquidem
1708 640 2009 695 multorum
2042 648 2097 697 et

518 722 862 779 diversorum
914 735 1247 791 aromatum,
1290 729 1386 783 sed
1425 745 1534 784 non
1583 746 1649 785 ex
1699 732 1806 785 alia
1845 733 2095 803 proprie-

517 817 664 871 tate.
724 812 863 869 bene
918 815 1284 883 spirantium,
1353 819 1653 876 artiﬁciosa
1712 829 1767 877 et
1817 822 2097 877 moderata

520 900 709 956 mistio
743 903 851 958 tale
882 905 1423 978 ellicitunguentum,
1445 926 1509 966 ex
1536 911 1606 967 iis
1620 926 1742 983 quae
1773 912 1937 967 simul
1972 912 2096 982 inji-

514 991 760 1057 ciuntur,
794 1011 903 1049 una
942 996 1110 1053 herba
1146 999 1452 1067 redolente,
1495 1003 1584 1058 cui
1614 1018 1813 1060 nomen
1854 1013 1940 1060 est
1971 1019 2100 1059 nar-

515 1083 643 1150 dus,
674 1100 871 1141 nomen
903 1088 1154 1157 prabens
1193 1093 1296 1147 toti
1336 1093 1726 1165 compositioni
1762 1115 1774 1149 :
1810 1094 1956 1166 quod
1992 1110 2095 1149 ευ-

516 1182 626 1229 tem
659 1189 725 1230 ex
757 1178 1016 1234 omnibus
1045 1183 1372 1240 arotnaticis
1394 1186 1824 1256 proprietatibus
1848 1188 1904 1242 in
1931 1203 2096 1242 unam

514 1266 846 1323 conciliatur
907 1278 963 1325 et
1022 1271 1296 1329 conﬂatur
1366 1272 1759 1347 fragrantiam,
1836 1287 2094 1349 tanquam

515 1350 696 1419 ipsum
747 1357 938 1424 sponsi
990 1372 1214 1415 suavem
1266 1361 1495 1417 adorent
1557 1376 1820 1435 purgatus
1865 1367 2097 1437 suscipit

513 1459 753 1502 sensus:
807 1449 921 1505 baac
955 1467 1053 1521 per
1088 1468 1152 1507 ea
1193 1468 1318 1524 quas
1355 1453 1501 1510 dicta
1539 1466 1668 1512 sunt
1711 1458 2096 1515 existimamus

515 1534 755 1593 Verbum
786 1556 889 1597 nos
917 1543 1160 1611 erudire,
1184 1545 1331 1616 quod
1366 1546 1499 1601 illud
1523 1547 1770 1619 quidem,
1803 1549 2097 1621 qualecun-

454 1674 464 1685 .
515 1644 625 1698 que
671 1632 746 1687 sit
796 1636 1099 1691 secundum
1150 1639 1481 1703 essentiam,
1532 1640 1680 1710 quod
1732 1656 1921 1697 eorum
1973 1658 2095 1714 quas

516 1732 669 1785 sunt,
698 1736 923 1795 superat
948 1741 1166 1784 omnem
1192 1730 1642 1787 constitutionem
1666 1741 1719 1787 et
1741 1732 2095 1790 administra-

2197 558 2487 631 λεγόμενον
2520 558 2694 630 ἔχειν·
2719 556 2937 629 Ἐπειδὴ
2971 555 3181 610 πολλῶν
3206 555 3303 608 καὶ
3324 553 3607 625 διαφόρων
3635 553 3767 624 ἀρω-

2200 646 2407 719 μάτων,
2453 646 2569 702 ἀλλ’
2612 647 2675 701 οὐ
2722 648 2842 700 κατ’
2873 645 3039 717 ἀλλην
3093 645 3328 715 ίδιὸτητα
3379 641 3768 704 cuminum,

2195 737 2417 807 τεχνική
2455 753 2539 799 τις
2568 737 2663 790 καὶ
2686 735 2958 807 ἔμμετρος
2990 733 3132 805 μίξις
3163 734 3226 786 τὸ
3255 730 3498 786 τοιοῦτον
3529 731 3766 800 ἀπεργά-

2197 825 2346 891 ζεται
2379 826 2569 898 μύρον,
2608 827 2737 897 μιᾶς
2776 841 2920 888 τινος
2950 824 3089 887 πόας
3127 821 3359 886 εὐώδους
3397 823 3462 875 ὲκ
3507 822 3623 873 τῶν
3657 837 3769 874 συν-

2196 917 2630 989 εμϐαλλομένων,
2657 911 2881 991 ᾔόνομα
2912 914 3104 985 νάρδος
3124 913 3289 978 ἐστὶν,
3319 913 3426 984 ὅλῳ
3452 911 3543 982 τῷ
3581 912 3764 966 σκευά·

2199 1026 2363 1079 σματι
2397 1008 2778 1079 παρεχομένης
2815 1006 2875 1060 τὸ
2902 1005 3101 1076 όνομαο
3132 1004 3270 1059 τὸδὲ
3304 1007 3368 1058 ὲκ
3396 1003 3627 1057 πάντων
3670 1003 3788 1056 τῶν.

2196 1099 2562 1171 ἀρωματικῶν
2615 1098 2917 1168 ἰδιωμάτων
2976 1097 3057 1159 είς
3113 1095 3242 1167 μίαν
3287 1091 3765 1165 συνερανιζόμενα

2195 1190 2470 1255 εὐπνοιαν,
2500 1191 2577 1253 ὡς
2601 1190 2772 1259 αὐτὴν
2800 1187 2893 1242 τοῦ
2936 1187 3172 1259 νυμφίου
3216 1186 3314 1257 τὴν
3351 1184 3591 1238 εὐωδίαν
3620 1185 3652 1253 ή
3682 1198 3764 1236 κε-

2195 1282 2514 1354 καθαρμένη
2547 1280 2799 1351 αἴσθησις
2826 1279 3064 1350 δέχεται’
3093 1276 3266 1331 ταῦτα
3291 1276 3382 1330 διά
3408 1274 3527 1329 τῶν
3556 1272 3767 1346 εἰρημέ-

2195 1392 2301 1428 νων
2335 1371 2612 1426 παιδεύειν
2654 1371 2803 1441 ἡμᾶς
2839 1369 2931 1422 τὸν
2969 1367 3142 1437 Λόγον
3186 1365 3432 1437 οἰόμεθα,
3472 1366 3565 1419 ὅτι
3604 1366 3765 1417 εκείνη

2198 1465 2296 1536 μὲν
2316 1464 2345 1517 ὃ
2366 1463 2419 1515 τί
2449 1478 2577 1515 ποτε
2600 1463 2719 1514 κατ’
2749 1459 2938 1513 οὐσίαν
2967 1458 3105 1519 ἐστὶ,
3131 1456 3194 1510 τὸ
3224 1456 3404 1528 πάσης
3437 1453 3764 1526 ὑπερκείμεο

2194 1571 2285 1608 νον
2324 1554 2423 1624 τῆς
2462 1551 2569 1606 τῶν
2602 1551 2769 1606 όντων
2818 1546 3132 1613 συστάσεως
3176 1564 3236 1601 τε
3285 1548 3380 1601 καὶ
3421 1547 3759 1617 διοικήσεως,

2193 1643 2488 1717 ἀπρόσιτόν
2515 1660 2576 1696 τε
2605 1643 2700 1696 καὶ
2728 1640 2933 1710 ἀναφὲς
2965 1640 3061 1694 καὶ
3088 1638 3328 1709 ἄληπτον
3348 1654 3362 1667 ·
3403 1638 3439 1707 ἡ
3468 1637 3532 1690 δὲ
3560 1638 3619 1690 ὲν
3649 1638 3764 1708 ἡμῖν

2192 1736 2281 1791 διά
2319 1735 2419 1807 τῆς
2459 1734 2570 1789 τῶν
2609 1732 2819 1806 ἀρετῶν
2851 1729 3226 1802 καθαρότητος
3265 1726 3659 1801 μυρεψουμὲνη
3685 1725 3761 1778 εὐο

517 1814 742 1881 tionem,
792 1817 1137 1875 inaccessum
1180 1829 1284 1885 est,
1321 1837 1501 1894 neque
1543 1826 1690 1897 tangi
1720 1833 1814 1879 aut
1844 1840 2093 1896 compre-

2198 1824 2344 1891 ωδία,
2376 1800 2497 1879 ἀντ’
2532 1800 2740 1877 ἐκείνου
2779 1821 2911 1893 ἡμῖν
2939 1800 3168 1889 γίνεται,
3203 1800 3518 1889 μιμουμένη
3552 1814 3633 1886 τῷ
3660 1813 3764 1867 καθ’

514 1905 680 1961 bendi
724 1917 949 1980 potest:
991 1915 1085 1983 qui
1133 1928 1261 1969 vero
1301 1915 1358 1969 itt
1405 1915 1569 1972 nobis
1599 1925 1685 1972 est
1730 1917 1908 1973 bonus
1955 1916 2092 1971 odor

515 1999 688 2054 instar
706 2004 968 2073 unguenti
996 2006 1340 2077 compositus
1368 2023 1463 2079 per
1485 2008 1780 2080 puritatem
1802 2009 2089 2073 virtutum,

514 2092 561 2146 is
584 2093 743 2149 nobis
767 2096 983 2153 exsistit
1014 2097 1137 2153 loco
1163 2098 1336 2165 illius,
1369 2115 1467 2155 sua
1498 2102 1737 2171 puritate
1774 2102 2001 2157 imitans
2034 2101 2091 2156 id

512 2182 663 2252 quod
689 2194 774 2242 est
798 2195 996 2244 natura
1039 2190 1318 2247 sincerum
1356 2200 1411 2248 et
1443 2192 1692 2249 interitui
1724 2194 1951 2251 minime
1990 2194 2092 2249 ob—

514 2275 770 2343 noxium,
800 2289 853 2334 et
875 2280 1122 2337 bonitate
1143 2283 1345 2337 bonum
1365 2324 1378 2346 .
1412 2294 1465 2339 et
1496 2288 1563 2339 eo
1594 2285 1738 2355 quod
1777 2301 1884 2340 non
1908 2288 2095 2341 interit

513 2365 570 2420 id
600 2365 655 2420 in
683 2368 829 2437 quod
855 2383 965 2425 non
995 2371 1145 2427 cadit
1165 2373 1454 2439 interitus,
1483 2383 1537 2429 et
1562 2390 1628 2431 eo
1647 2376 1792 2446 quod
1816 2377 2014 2431 mutari
2040 2389 2096 2431 et

515 2455 739 2513 alterari
765 2475 874 2515 non
905 2469 1108 2532 potest,
1141 2463 1194 2518 id
1220 2464 1366 2534 quod
1396 2472 1482 2521 est
1505 2464 1848 2523 immutabile
1876 2474 1931 2521 et
1950 2467 2093 2522 inal-

513 2547 768 2616 terabile,
796 2559 851 2605 et
888 2552 1150 2609 omnibus
1193 2569 1317 2625 quat
1350 2555 1403 2609 in
1448 2556 1610 2612 nobis
1646 2565 1795 2613 recte
1824 2568 2095 2628 geruntur

512 2653 580 2693 ex
633 2640 857 2705 virtute,
902 2658 1088 2701 veram
1131 2645 1388 2701 virtutem
1443 2646 1821 2719 intelligimus,
1865 2648 1934 2706 de
1983 2665 2093 2718 qua

512 2730 647 2786 dicit
676 2732 896 2790 Abacuc
925 2737 1191 2806 propheta
1216 2737 1282 2805 ³⁸,
1298 2738 1444 2810 quod
1464 2740 1876 2811 comprehendit
1901 2757 2094 2800 omnes

513 2825 703 2881 ccelos.
729 2825 860 2894 Quae
888 2843 1021 2899 ergo
1055 2828 1170 2886 haec
1201 2830 1430 2888 disserit
1460 2832 1605 2902 apud
1638 2835 1846 2889 amicos
1880 2835 2092 2905 sponsi,

514 2932 712 2988 nempe
738 2918 883 2988 quod
918 2934 1080 2973 suum
1113 2920 1338 2976 odorem
1364 2920 1579 2977 dederit
1609 2924 1856 2991 nardus;
1896 2925 2012 2979 haec
2039 2933 2095 2980 et

515 3023 637 3076 qua
679 3018 810 3063 sunt
860 3009 1182 3079 huiusmodi
1219 3012 1351 3067 mihi
1398 3012 1614 3069 videtur
1655 3014 2093 3085 pbiiosophando

2192 1917 2391 1989 ἑαυτὴν
2410 1913 2634 1988 καθαρῷ
2661 1914 2722 1968 τὸ
2749 1915 2817 1983 τῇ
2849 1910 3012 1980 φύσει
3036 1910 3328 1981 ἀκήρατον,
3356 1909 3452 1962 καὶ
3480 1907 3565 1979 τῷ
3591 1904 3762 1975 ἀγαθῷ

2189 2010 2253 2064 τὸ
2291 2007 2516 2078 ἀγαθὸν,
2546 2009 2644 2060 καὶ
2678 2004 2757 2075 τῷ
2788 2002 3052 2074 ἀφθάρτῳ
3091 2003 3153 2056 τὸ
3193 2000 3505 2071 ἄφθαρτον,
3558 1999 3654 2058 καὶ
3695 1996 3763 2067 τῷ

2193 2098 2532 2170 ἀναλλοιώτῳ
2571 2097 2633 2152 τὸ
2658 2093 3033 2157 ἀναλλοίωτον,
3072 2093 3165 2147 καὶ
3193 2094 3326 2171 πᾶσι
3360 2093 3475 2154 τοῖς
3504 2090 3631 2144 κατ’
3659 2091 3762 2160 ἀρε-

2191 2194 2292 2265 τὴν
2333 2194 2391 2247 ὲν
2440 2191 2572 2262 ἡμῖν
2611 2185 3066 2257 κατορθουμένοις
3101 2182 3200 2259 τὴν
3235 2182 3501 2254 ἀληθινὴν
3556 2180 3761 2253 ἀρετὴν,

2195 2285 2323 2356 περὶ
2352 2278 2421 2355 ἦς
2458 2298 2622 2353 φησιν
2665 2276 2984 2348 Ἀϐσακούμ
3013 2277 3043 2330 ό
3076 2276 3384 2347 προφήτης,
3420 2273 3504 2338 ὡς
3534 2274 3659 2336 τοὺς
3684 2272 3760 2325 οὐ·

2198 2379 2390 2455 ρανούς
2412 2377 2621 2438 πάντας
2641 2370 3024 2439 διαλαύούσης.
3050 2369 3261 2422 Οὐκοῦν
3283 2366 3457 2422 ταῦτα
3485 2366 3628 2437 πρὸς
3650 2365 3758 2426 τοὺς

2196 2470 2382 2541 φίλους
2413 2466 2508 2521 τοῦ
2537 2464 2770 2536 νυμφίου
2799 2458 3091 2527 διεξιοῦσα,
3113 2457 3199 2514 ὅτι
3223 2456 3335 2531 Τὴν
3350 2457 3527 2530 ὀδμὴν
3555 2455 3755 2525 αὐτοῦὴ

2195 2564 2304 2638 ἐμὴ
2342 2561 2537 2634 νάρδος
2576 2560 2701 2631 ἐμοὶ
2730 2557 2947 2611 δίδωσι·
2978 2552 3152 2609 ταῦτά
3188 2569 3278 2625 μοι
3316 2552 3411 2605 καὶ
3450 2549 3527 2604 τὰ
3556 2547 3758 2603 τοιαῦτα

2194 2655 2344 2710 δοκεῖ
2370 2650 2732 2723 φιλοσοφοῦσα
2762 2649 2962 2717 λέγειν,
2990 2647 3073 2700 ότι
3103 2646 3182 2706 είς
3217 2644 3326 2696 πᾶν
3355 2639 3520 2704 ἄνθος
3553 2638 3755 2699 εὐωδίας

2195 2748 2229 2823 ἢ
2261 2746 2463 2818 ἀρωμα
2486 2745 2552 2797 ὲκ
2577 2741 2686 2795 τῶν
2713 2739 2971 2795 ποικίλων
3002 2737 3102 2810 τῆς
3130 2734 3331 2807 ἀρετῆς
3362 2732 3647 2823 λειμώνων
3680 2730 3757 2823 ἀν-

2197 2815 2529 2907 ⁶έολογήίσας,
2570 2832 2744 2888 πάντα
2774 2828 2969 2883 ἑαυτοῦ
2997 2826 3088 2880 τὸν
3120 2825 3233 2896 βίον
3273 2823 3524 2893 ἐμμυρον
3552 2819 3639 2874 διά
3672 2815 3757 2907 τῆς

2196 2925 2304 2979 τῶν
2325 2923 2447 2978 καθ’
2473 2923 2701 2976 ἕκαστον
2720 2916 3161 2991 ἐπιτηδευμάτων
3187 2912 3438 2983 εὐοδμίας
3458 2906 3757 2980 ἀπεργασά⁸

2202 3033 2384 3088 μενος,
2414 3013 2503 3069 διὰ
2528 3012 2747 3067 πάντων
2781 3012 2992 3079 ⁴γένοιτο
3017 3007 3220 3070 τέλειος
3239 3046 3253 3070 ,
3297 3004 3432 3076 πρὸς
3472 3002 3637 3056 αὐτὸν
3674 2998 3755 3068 μὲν

514 3100 720 3167 dicere,
761 3115 957 3172 nempe
999 3103 1145 3172 quod
1178 3103 1225 3157 si
1263 3104 1393 3175 quis
1427 3119 1644 3159 omnem
1675 3104 1815 3161 bene
1850 3106 2085 3161 olentem

2200 3110 2289 3164 τὸν
2316 3108 2447 3162 Θεὸν
2473 3106 2664 3174 Λόγον,
2692 3104 2768 3168 ὼς
2798 3102 2934 3176 πρὸς
2960 3101 3111 3173 ἡλίου
3135 3098 3334 3154 κύκλον
3361 3096 3570 3159 ἀτενῶς
3592 3092 3755 3192 ενιδεῖν

516 3191 728 3256 liorem,
756 3199 849 3247 aut
876 3207 1064 3248 aroma
1098 3193 1386 3265 collegerit
1417 3208 1485 3249 ex
1517 3194 1684 3250 variis
1719 3196 1893 3266 pratis
1924 3197 2098 3251 virtu—

516 3281 609 3345 tis,
633 3288 688 3336 et
718 3288 886 3336 totam
916 3297 1072 3338 suam
1100 3283 1269 3337 vitam
1297 3298 1467 3337 unum
1488 3282 1731 3339 emacerit
1756 3293 2097 3356 unguentum

518 3387 614 3440 per
639 3372 847 3427 bonum
879 3372 1105 3431 odorem
1139 3374 1484 3445 singulorum
1516 3375 1643 3430 vitae
1681 3377 2014 3441 studiorum,
2047 3386 2100 3431 et

516 3477 582 3517 ea
611 3464 823 3518 ratione
860 3479 958 3534 per
1008 3464 1193 3519 omnia
1244 3463 1413 3520 fuerit
1457 3464 1759 3536 perfectus,
1799 3465 1865 3522 ad
1919 3467 2098 3538 ipsum

516 3554 738 3627 quidem
764 3554 860 3611 Dei
885 3554 1150 3623 Verbum,
1179 3567 1436 3628 tanquam
1471 3557 1537 3611 ad
1567 3557 1756 3613 orbem
1799 3558 1934 3616 solis
1966 3556 2099 3613 den-

517 3660 646 3714 gere
672 3646 868 3702 oculos
912 3661 1013 3703 sua
1056 3661 1166 3702 non
1215 3653 1402 3717 potest
1450 3654 1695 3701 natura:
1739 3646 1836 3705 sed
1889 3646 1945 3702 in
1981 3646 2101 3718 ipso

516 3746 777 3808 tanquam
806 3739 861 3793 in
892 3738 1123 3809 speculo
1164 3739 1335 3795 solem
1362 3738 1579 3809 aspicit.
1611 3739 1762 3795 illius
1783 3737 1930 3794 enim
1957 3753 2101 3795 verte

515 3835 572 3883 et
614 3829 816 3889 divinae.
859 3830 1086 3887 virtutis
1131 3829 1297 3893 radii,
1346 3844 1499 3900 pura:
1541 3830 1666 3885 vitae
1713 3830 2099 3887 illucescentes

517 3934 613 3993 per
664 3928 978 3975 manantem
1018 3935 1099 3975 ex
1150 3920 1262 3976 illis
1305 3921 1803 3993 impatibilitatem,
1858 3921 2101 3978 elliciunt

515 4012 686 4068 nobis
721 4012 1113 4082 aspectabilem
1140 4008 1348 4082 quiest
1379 4014 1815 4085 inaspectabilis.
1861 4024 1916 4070 et
1942 4029 2098 4069 com-

516 4103 944 4177 prehensibilem
991 4116 1119 4158 eum
1154 4102 1222 4157 ad
1255 4118 1417 4173 quem
1452 4119 1563 4158 non
1608 4110 1763 4174 patet
1807 4102 2012 4167 aditus,
2044 4102 2098 4158 in

518 4192 745 4264 specuio
782 4202 974 4249 nostro
1000 4192 1173 4248 solem
1197 4191 1597 4249 describentes.
1630 4191 1772 4248 Idem
1803 4202 1886 4249 est
1916 4204 2097 4250 autem

518 4286 725 4351 dicere,
755 4283 903 4356 quod
944 4283 1014 4340 ad
1045 4298 1269 4341 sensum
1313 4285 1531 4350 attinet,
1574 4292 1668 4339 aut
1710 4284 1845 4340 solis
1890 4284 2098 4349 radios,

519 4385 615 4436 aut
643 4376 864 4433 virtutis
899 4375 1082 4432 ﬂuxus
1113 4384 1169 4432 et
1198 4377 1598 4443 emanationes,
1627 4384 1723 4431 aut
1746 4375 1945 4433 odores
1973 4391 2100 4431 aro-

2200 3198 2363 3269 φύσιν
2395 3199 2495 3251 οὐκ
2521 3196 2635 3267 ἔχει
2655 3213 2668 3227 ·
2701 3190 2968 3263 ὲνίὲαυτῷ
3007 3191 3063 3245 δὲ
3108 3187 3360 3258 καθάπερ
3398 3187 3458 3238 ὲν
3488 3182 3755 3252 κατόπτρῳ

2202 3290 2387 3361 βλέπει
2417 3287 2507 3340 τὸν
2544 3286 2717 3358 ἥλιον.
2750 3284 2815 3338 Δί
2854 3282 2966 3355 γὰρ
2992 3282 3092 3352 τῆς
3134 3278 3394 3350 ἀληθινῆς
3430 3276 3644 3345 ἐκείνης
3679 3272 3755 3326 καὶ

2200 3380 2350 3445 θείας
2393 3381 2594 3450 ἀρετῆς
2629 3378 2848 3439 ἀκτῖνες
2876 3372 2954 3445 τῷ
2990 3369 3391 3442 κεκαθαρμένῳ
3422 3367 3527 3438 βίῳ
3552 3365 3637 3421 διὰ
3672 3362 3754 3431 τῆς

2201 3470 2580 3546 ἀπορρεούσης
2615 3467 2798 3522 αὐτῶν
2841 3463 3111 3527 ἀπαθείας
3147 3460 3559 3531 ὲκλάμπουσαι,
3587 3452 3752 3546 ὁρατὸν

2201 3538 2451 3618 ποιοῦσιν
2468 3538 2600 3633 ἡμῖν
2617 3560 2677 3614 τὸ
2690 3558 2941 3632 ἀόρατον,
2960 3556 3054 3609 καὶ
3073 3551 3276 3624 ληπτὸν
3288 3549 3350 3603 τὸ
3370 3547 3675 3616 ἀπρόσιτον,
3689 3538 3755 3633 τῷ

2200 3653 2457 3726 ἡμετέρῳ
2479 3631 2772 3723 κατόπτρῳ
2793 3643 3242 3719 ὲνζωγραφοῦσαι
3267 3640 3359 3695 τὸν
3378 3640 3552 3710 ἥλιον.
3575 3631 3753 3726 Ταυτὸν

2284 3723 2437 3799 ἐστιν
2459 3742 2536 3807 ὡς
2562 3741 2699 3814 πρὸς
2722 3739 2785 3794 τὸ
2812 3737 3132 3809 ἐγκείμενον
3160 3733 3360 3805 νόημα,
3390 3731 3426 3801 ἢ
3455 3731 3672 3789 ἀκτῖνας
3692 3723 3754 3775 εί-

2200 3836 2325 3888 πεῖν
2359 3833 2532 3905 ὴλίου,
2566 3831 2601 3902 ἢ
2637 3831 2736 3901 τῆς
2774 3828 2976 3903 ἀρετῆς
3007 3823 3325 3897 ἀπορροίας,
3357 3821 3392 3892 ἢ
3430 3820 3534 3883 τὰς
3563 3819 3753 3910 ἀρωμί

2201 3926 2357 3990 τικάς
2383 3924 2632 3988 εὐωδίας.
2663 3923 2733 3975 Ὃ
2772 3939 2824 3975 τι
2849 3919 2959 3992 γὰρ
2998 3917 3066 3973 ἂν
3092 3918 3157 3971 ὲκ
3183 3911 3388 3968 τούτων
3412 3909 3548 3981 πρὸς
3571 3907 3653 3960 τὸν

2200 4018 2359 4088 λόγου
2415 4015 2620 4073 σκοπὸν
2657 3990 3018 4083 ύποθὼμεθα,
3053 4007 3111 4062 ἓν
3152 4005 3212 4073 ἐξ
3262 4004 3521 4058 ἀπάντων
3561 3995 3668 4051 ἐστὶ
3703 3990 3750 4091 τὸ

2202 4109 2551 4180 ἐγγινόμενον
2599 4107 2798 4178 νόημα,
2847 4103 2908 4157 τὸ
2956 4101 3046 4157 διά
3092 4100 3199 4153 τῶν
3247 4095 3459 4168 ἀρετῶν
3503 4094 3635 4163 ἡμῖν
3673 4100 3748 4180 τον

2201 4176 2402 4259 πάντα-
2433 4198 2559 4254 νοῦν
2605 4176 2967 4270 ὑπερέχοντος
3009 4189 3215 4261 ἀγαθοῦ
3256 4190 3357 4259 τὴν
3391 4185 3593 4252 γνῶσιν
3626 4176 3748 4250 tn":-

2201 4293 2409 4358 νεσθαι,
2447 4291 2636 4362 ὥσπερ
2663 4288 2780 4343 ἔστι
2827 4285 2917 4340 διά
2957 4301 3101 4347 τινος
3137 4281 3344 4343 εἰκόνος
3384 4279 3446 4331 τὸ
3473 4275 3746 4347 ἀρχέτυπον

2203 4384 2399 4448 κάλλος
2434 4379 2876 4449 ἀναλογίσασθαι.
2915 4376 3070 4432 Οὐτω
3102 4374 3196 4428 καὶ
3222 4371 3459 4434 Παῦλος,
3488 4371 3523 4440 ἡ
3568 4364 3743 4434 νύμφην

519 4470 773 4529 maticos.
805 4468 1084 4539 Quidquid
1120 4469 1266 4523 enim
1302 4470 1651 4539 posuerimus
1679 4484 1745 4523 ex
1781 4483 1847 4524 eo
1878 4468 1944 4524 ad
1975 4483 2096 4524 sco-

2203 4478 2231 4530 ό
2257 4476 2346 4530 διὰ
2378 4474 2488 4528 τῶν
2520 4471 2729 4544 ἀρετῶν
2756 4470 2848 4523 τὸν
2884 4466 3117 4539 νυμφίον
3154 4461 3513 4535 μἰμούμενος,
3540 4456 3627 4512 καὶ
3657 4452 3743 4544 ζον

517 4579 646 4632 pum
674 4562 850 4627 verbi,
879 4575 988 4615 una
1031 4568 1118 4617 est
1143 4575 1265 4632 quae
1293 4576 1361 4616 ex
1399 4561 1663 4617 omnibus
1698 4559 1757 4615 lit
1799 4559 2096 4624 sententia,

518 4669 717 4725 nempe
745 4653 892 4725 quod
923 4653 1054 4709 boni
1090 4653 1406 4726 superantis
1434 4667 1649 4708 omnem
1675 4652 2096 4724 intelligentiam

519 4760 619 4821 per
645 4746 885 4801 virtutes
922 4745 1086 4800 nobis
1114 4744 1361 4814 cognitio
1401 4744 1568 4808 inest,
1599 4743 1745 4800 sicut
1774 4758 1875 4813 per
1901 4756 2098 4813 quam-

517 4836 646 4895 dam
698 4836 991 4906 imaginem
1043 4836 1272 4907 cogitari
1315 4843 1495 4906 potest
1548 4835 1814 4906 primaria
1856 4835 2101 4905 pulchri-

521 4931 671 4987 tudo.
704 4927 779 4983 lta
806 4929 974 4983 etiam
1009 4929 1214 4984 Paulus
1238 4929 1308 4994 ³⁵,
1341 4928 1436 4999 qui
1482 4937 1570 4984 est
1611 4942 1835 4998 sponsa,
1862 4943 1962 4999 per
1988 4929 2102 4983 vir-

518 5030 667 5078 tutes
696 5036 961 5090 sponsum
1014 5020 1258 5087 imitans,
1291 5028 1346 5075 et
1394 5036 1490 5091 per
1535 5020 1770 5091 speciem
1808 5020 1862 5074 in
1913 5035 1972 5075 se
2000 5020 2099 5076 de-

519 5115 773 5171 scribens
791 5127 909 5169 eam
933 5111 999 5167 ad
1021 5127 1185 5183 quam
1218 5128 1324 5167 non
1346 5122 1496 5183 patet
1514 5113 1695 5167 aditus
1725 5111 2099 5182 pulchritudi-

523 5221 739 5270 nem,e.\'
758 5203 1029 5260 fructibus
1048 5203 1809 5275 spiritus,charitate,gaudio
1821 5211 1873 5258 et
1888 5210 2105 5275 pacc,et

521 5311 644 5369 qua:
670 5304 805 5351 sunt
830 5294 1147 5366 huiusmodi
1180 5295 1413 5367 species,
1446 5294 1588 5349 hanc
1609 5293 1842 5349 nardum
1873 5308 2100 5363 compo-

523 5402 661 5443 nens
696 5395 956 5457 tanquam
991 5388 1410 5459 unguentarius,
1446 5388 1581 5442 dicit
1613 5389 1668 5443 in
1701 5402 1762 5442 se
1788 5403 1913 5443 esse
1938 5388 2092 5444 Chri-

524 5477 592 5531 sti
620 5477 828 5532 bonum
859 5479 1105 5542 odorem,
1130 5478 1359 5548 gratiam
1391 5478 1540 5532 illam
1567 5484 2010 5547 exsuperantem,
2032 5478 2099 5532 ad

525 5578 690 5632 quam
722 5579 830 5619 non
875 5575 1025 5637 patet
1059 5569 1261 5643 aditus,
1298 5571 1353 5626 in
1397 5570 1580 5640 seipso
1617 5567 1879 5636 odorans,
1912 5575 1966 5625 ct
2012 5583 2097 5626 sc-

605 5727 872 5787 “iiabac.
898 5749 979 5789 tn.
1018 5738 1070 5793 3.
1148 5742 1191 5774 ³⁸
1250 5743 1292 5798 ιι
1324 5744 1453 5800 Cor.
1493 5758 1593 5809 xu,
1628 5743 1662 5797 2
1702 5759 1822 5815 sqq.

2205 4565 2436 4639 γραφῶν
2478 4542 2657 4633 ἑαύτῷ
2702 4561 2791 4614 διὰ
2836 4559 2931 4612 τοῦ
2976 4558 3090 4629 βίου
3131 4556 3193 4609 τὸ
3234 4553 3527 4624 ἀπρόσιτον
3561 4542 3743 4639 κάλλοςς

2204 4656 2269 4709 ἐκ
2300 4673 2359 4709 τε
2396 4655 2506 4708 τῶν
2536 4651 2765 4727 καρπῶν
2805 4649 2900 4703 τοῦ
2950 4648 3277 4719 πνεύματος,
3326 4643 3547 4712 ἀγάπης
3585 4652 3640 4690 τε
3672 4628 3744 4685 καὶ

2205 4748 2400 4819 χαρᾶς,
2452 4746 2545 4800 καὶ
2587 4744 2834 4819 εἰρήνης.
2869 4742 2966 4795 καὶ
2997 4739 3107 4792 τῶν
3141 4736 3398 4791 τοιούτων
3429 4731 3581 4786 εἱδῶν
3610 4735 3743 4819 μυρε-

2204 4818 2323 4909 ψῶν
2370 4837 2575 4908 ταύτην
2624 4836 2725 4907 τὴν
2768 4832 2997 4905 νάρδον,
3042 4827 3282 4902 Χριστοῦ
3321 4824 3549 4879 εὐωδίαν
3593 4818 3743 4909 ἔλεγεν

2205 4930 2399 4986 ἑαυτὸν
2437 4925 2579 4982 εἶναι
2598 4966 2613 4992 ,
2643 4927 2742 5001 τὴν
2781 4925 3076 4997 ἀπρόσιτον
3106 4920 3324 4990 ἐκείνην
3359 4917 3454 4971 καὶ
3486 4908 3742 5001 omptva-

2178 5012 2303 5076 ’σαν
2332 5021 2492 5093 χάριν
2531 5022 2589 5074 ὲν
2618 4996 2796 5088 ἑαύτῷ
2830 5013 3275 5087 ὀσφραινόμενος,
3320 5008 3413 5062 καὶ
3456 5006 3565 5067 τοῖς
3595 4996 3740 5093 mal;

2205 5084 2678 5181 ἑαυτὸν-παρέχων
2705 5084 2894 5177 ῶσπερ
2911 5084 3167 5176 θυμίαμά
3192 5118 3247 5154 τι
3277 5099 3395 5154 κατ’
3417 5084 3741 5181 ὲξουσίανᾼάγσ

2174 5172 2655 5274 ’τιλαμὸἀνεσθναῃ
2684 5199 2744 5263 ὃς
2781 5172 2925 5251 κατά
2954 5172 3052 5266 τὴν
3086 5172 3394 5265 προσοῦσαν
3422 5187 3626 5274 ἑκάστῳ
3651 5172 3740 5229 διά·

2208 5272 2390 5359 θεσιν,
2418 5294 2453 5366 ἢ
2499 5290 2760 5358 ζωοποιὸς
2793 5287 3022 5357 ἐγίνετο,
3053 5284 3086 5356 ἢ
3127 5280 3498 5352 θανατηφόρος
3530 5272 3735 5366 εὐπνοίας-

2211 5351 2524 5456 Ὥσπέρλὸ
2559 5380 2693 5436 αὐτὸ
2735 5351 2905 5451 μύρον
2948 5377 2998 5430 εί
3042 5351 3327 5445 κάνθαρος
3351 5371 3445 5425 καὶ
3483 5351 3738 5456 περιστερὲ

2210 5453 2565 5549 προστεθείη,
2613 5474 2673 5527 οὐ
2722 5471 2920 5525 ταύτὸν
2968 5469 3055 5523 ἐπ’
3093 5464 3417 5538 ἀμφοτέρων
3453 5453 3736 5549 ἐργάξετξίξ

2210 5537 2324 5623 ἀλλ’
2349 5569 2383 5639 ἡ
2407 5568 2504 5638 μὲν
2521 5537 2826 5637 ’περιστερά
2853 5558 3268 5636 ρωμαλαιοτέρα
3290 5554 3379 5610 διὰ
3403 5552 3506 5625 τῆς
3522 5537 3736 5605 εὐπνοίας
