3874 6354
126 361 241 418 8Ξὸ

1197 365 1260 420 IN
1302 364 1599 424 CANTICA
1639 364 1914 424 CANTIC.
1952 362 2232 421 "011lle
2274 362 2360 418 Ill.

116 477 224 535 τοῦ
256 476 428 550 μύρου
474 476 703 546 γίνεται,
733 480 763 532 ὁ
803 478 859 532 δὲ
902 478 1169 552 κάνθαρος
1213 482 1524 554 φθείρεται’
1563 482 1705 537 οὕτω

1810 483 1993 553 ipsum
2042 479 2167 535 aliis
2218 478 2490 547 praebens,
2544 484 2803 547 tauquam
2857 476 3093 545 aliquem
3142 477 3381 533 militum

118 569 223 624 καὶ
244 569 274 621 ὀ
300 568 472 639 μέγας
497 567 708 633 Παῦλος
733 568 796 623 τδ
824 570 967 623 Θεῖον
1008 572 1184 624 έκεῖνο
1208 571 1481 643 θυμίαμα,
1524 576 1572 627 εί
1604 573 1703 645 μέν

117 674 211 721 τις
233 653 302 728 ἦν
327 658 646 729 περιστερὰ,
668 662 700 733 ἢ
728 657 748 678 ⁶
766 659 942 726 Τῖτον,
965 660 998 730 ἢ
1023 659 1330 726 Σιλουανὸν,
1355 662 1388 733 ἢ
1419 662 1701 734 Τιμόθεον,

119 750 493 819 συμμετεῖχεν
516 747 665 818 αὐτῷ
678 747 784 818 τῆς
803 749 1029 813 εὐωδίας
1046 750 1141 803 τοῦ
1165 751 1362 823 μύρου,
1384 753 1706 824 προκόπτων

118 844 184 895 ἐν
214 840 375 894 παντὶ
409 840 559 911 καλῷ
585 844 698 904 τοῖς
726 842 843 893 κατ’
878 842 1042 896 αὐτὸν
1087 844 1501 915 ὑποδείγμασιν.
1551 846 1613 899 Εί
1650 845 1706 899 δὲ

118 930 319 1000 Δημᾶς
345 947 431 994 τις
458 925 528 1000 ἦν
562 929 597 1002 ἢ
656 929 1026 1002 Ἀλέξανδρος,
1058 933 1090 1004 ἢ
1133 933 1486 1007 Ἑρμογένης,
1520 936 1581 989 οὐ
1614 936 1707 1006 φέ-

122 1037 317 1091 ροντες
342 1021 404 1074 τὸ
434 1020 535 1091 τῆς
569 1023 895 1093 ἐγκρατείας
930 1022 1202 1095 θυμίαμα,
1233 1025 1521 1098 κανθάρων
1550 1026 1706 1099 δίκην

121 1112 235 1165 ὐπδ
288 1112 389 1182 τῆς
437 1111 667 1177 εὐωδίας
712 1113 1131 1182 ὲφυγαδεύοντο.
1181 1110 1255 1170 Οὐ
1310 1117 1470 1191 χάριν
1522 1117 1705 1186 ἔλεγεν

120 1205 152 1257 ὀ
185 1206 305 1266 τοῖς
340 1204 600 1268 τοιούτοις
630 1204 872 1258 εὐπνοῶν
922 1205 1146 1278 μύροις,
1193 1200 1276 1261 ὅτι
1324 1210 1582 1277 Χριστοῦ
1609 1211 1707 1263 εὑ-

121 1294 273 1348 ωδία
300 1294 509 1365 ἐσμὲν,
526 1295 595 1350 ἐν
617 1296 738 1363 τοῖς
762 1294 1132 1367 σωζομένοις.
1160 1300 1259 1353 καὶ
1279 1301 1351 1354 ἐν
1373 1300 1498 1366 τοῖς
1520 1301 1707 1356 ἀπολ-

120 1384 431 1454 λυμένοις,
484 1381 575 1451 οἷς
617 1386 736 1455 μὲν
779 1386 938 1456 ὀσμὴ
978 1388 1238 1445 θανάτου
1279 1392 1368 1456 είς
1412 1390 1702 1446 θάνατον·

120 1471 216 1541 οἷς
261 1474 332 1527 δὲ
373 1473 532 1544 ὀσμὴ
587 1473 735 1544 ζωῆς
779 1478 863 1542 είς
915 1475 1088 1546 ζωήν.
1133 1477 1199 1532 Ei
1236 1479 1292 1534 δέ
1341 1497 1395 1533 τι
1445 1479 1707 1550 συγγενὲς

120 1569 220 1621 καὶ
262 1569 298 1639 ἡ
339 1566 667 1638 εὐαγγελικὴ
705 1568 897 1639 νάρδος
956 1567 1068 1639 ἔχει
1116 1571 1254 1642 πρὸς
1285 1572 1347 1624 τὸ
1400 1571 1571 1643 μύρον
1605 1572 1705 1641 τῆς

119 1657 375 1729 νύμφης,
440 1655 618 1722 ἔξεστι
672 1656 752 1727 τῷ
810 1656 1116 1731 βουλομένῳ
1166 1660 1256 1714 διὰ
1299 1660 1406 1714 τῶν
1462 1678 1707 1732 γεγραμ-

1806 573 1979 628 libere
2022 568 2457 639 suscipiendum,
2510 566 2715 638 quibus
2743 567 3140 623 convenienter
3181 570 3231 624 ei
3263 585 3384 639 quae

1807 663 2111 733 unicuique
2142 660 2298 716 adest
2341 658 2639 724 aﬂectioni,
2668 659 2752 713 vel
2790 659 3042 715 vivificus
3074 660 3158 714 vel
3202 660 3383 715 letifer

1804 761 1924 807 erat
1983 736 2210 804 halitus.
2255 746 2542 814 Quomodo
2589 748 2733 802 enim
2777 746 2920 801 idem
2961 757 3302 817 unguentum
3333 750 3381 805 si

1808 844 1975 898 fuerit
2004 843 2317 913 appositum
2350 840 2628 896 scarame
2668 849 2723 895 et
2757 840 3043 904 columba»,
3079 856 3191 895 non
3239 841 3381 898 idem

1805 935 1971 990 eﬂicit
2001 934 2056 988 in
2088 934 2334 1003 utrisque
2366 950 2380 986 :
2410 932 2504 987 sed
2529 932 2781 986 columba
2812 931 3029 1001 quidem
3058 947 3153 1001 per
3181 932 3382 986 bonum

1807 1026 2072 1096 unguenti
2104 1025 2336 1078 halitum
2372 1023 2430 1077 ﬁt
2467 1023 2771 1090 robustior,
2817 1022 3005 1077 interit
3036 1032 3217 1076 autem
3263 1038 3383 1077 sca-

1806 1119 2053 1171 rabaaus:
2097 1116 2171 1169 ita
2207 1115 2373 1169 etiam
2426 1129 2657 1184 magnus
2707 1112 2912 1167 Paulus
2959 1112 3015 1165 in
3058 1112 3247 1166 divino
3292 1111 3384 1165 illo

1806 1208 2010 1273 suﬂitu,
2048 1208 2093 1262 si
2129 1215 2249 1261 erat
2282 1205 2505 1276 quidem
2548 1205 2824 1274 quispiam
2873 1204 3060 1274 aliqua
3105 1203 3383 1268 columba,

1806 1309 1900 1354 aut
1930 1297 2088 1354 Titus
2114 1304 2208 1350 aut
2241 1295 2536 1368 Sylvanus,
2556 1302 2652 1348 aut
2672 1293 3013 1357 Timotheus,
3036 1309 3160 1348 eum
3192 1293 3388 1362 imper-

1807 1391 1977 1445 tiebat
2009 1390 2154 1444 bono
2194 1388 2367 1443 odore
2403 1386 2690 1457 unguenti,
2726 1393 2785 1439 ut
2828 1386 2921 1456 qui
2955 1387 3009 1438 in
3049 1385 3193 1439 omni
3241 1384 3385 1438 bono

1806 1497 1907 1536 sua
1929 1482 2219 1551 proliceret
2239 1479 2494 1534 doctrina
2520 1485 2577 1533 et
2605 1479 2875 1546 exemplo.
2905 1476 3010 1531 Sed
3040 1476 3086 1530 si
3109 1475 3385 1545 quispiam

1804 1582 1927 1630 erat
1974 1573 2169 1629 Demas
2217 1580 2312 1626 aut
2343 1570 2674 1634 Alexander,
2712 1576 2807 1624 aut
2844 1568 3238 1636 Hermogenes,
3276 1582 3386 1621 non

1810 1666 2048 1721 ferentes
2096 1663 2338 1722 sullitum
2393 1662 2788 1726 continentiae,
2848 1677 2959 1715 non
3014 1674 3178 1713 secus
3223 1667 3388 1728 atque

123 1748 308 1820 μένων
363 1747 809 1818 ἀναλογίσασθαι,
864 1750 949 1814 τίς
991 1745 1058 1821 ἦν
1110 1753 1291 1823 ἐκείνη
1341 1754 1375 1823 ἠ
1428 1752 1619 1823 νάρδος
1669 1754 1704 1824 ὴ

1810 1758 2074 1813 scarabmi
2131 1755 2463 1827 fugabantur
2511 1770 2542 1809 a
2593 1754 2741 1808 bono
2786 1753 2975 1807 odore.
3017 1749 3386 1815 Quamobrem
3449 1795 3457 1806 .

120 1840 374 1913 πιστικὴ,
411 1843 446 1912 ἡ
480 1840 810 1911 πολύτιμος,
854 1842 889 1912 ἡ
936 1822 1298 1913 καταχεθεῖσα
1338 1822 1439 1914 μὲν
1473 1822 1575 1914 τῆς
1612 1822 1705 1897 κεέ

1810 1847 2025 1903 dicebat
2077 1847 2124 1903 is
2167 1822 2263 1916 qui
2314 1843 2585 1914 ejusmodi
2645 1843 2786 1896 bona
2841 1841 3026 1894 olebat
3070 1846 3383 1908 unguenta:

121 1933 305 2003 φαλῆς
351 1931 448 1984 τοῦ
500 1933 743 2002 Κυρίου,
797 1932 977 1986 πάντα
1024 1933 1083 1987 δὲ
1126 1934 1217 1987 τὸν
1265 1930 1410 1988 οἷκον
1464 1936 1563 2005 τῆς
1608 1937 1701 1989 εὐ-

120 2024 288 2089 ωδίας
332 2022 689 2095 πληρώσασα.
728 2026 882 2097 Τάχα
936 2023 1046 2097 γὰρ
1090 2026 1191 2079 οὐκ
1230 2026 1571 2091 ἀπεξένωται
1608 2027 1702 2081 τοῦ

124 2117 301 2188 μύρου
346 2116 410 2169 τὸ
444 2115 645 2188 μύρον,
698 2116 728 2171 δ
757 2120 825 2189 τῇ
870 2116 1057 2191 νύμφῃ
1107 2118 1205 2189 μὲν
1244 2117 1343 2190 τὴν
1391 2118 1559 2191 ὀδμὴν
1608 2118 1703 2172 τοῦ

120 2206 358 2276 νυμφίου
403 2206 617 2260 δίδωσιν
636 2223 650 2238 ο
681 2208 741 2261 ὲν
779 2207 846 2261 δὲ’
875 2208 955 2279 τῷ
990 2208 1307 2279 Εὐαγγελίῳ
1339 2209 1504 2261 αὐτοῦ
1534 2226 1706 2262 κατα-

121 2297 286 2369 χυθὲν
329 2296 424 2351 τοῦ
467 2298 707 2370 Κυρίου,
764 2299 961 2369 πληροῖ
1010 2298 1111 2370 τῆς
1148 2299 1381 2362 εὐωδίας
1417 2300 1510 2353 τὸν
1556 2300 1704 2355 οἷκον

121 2392 180 2444 ὲν
217 2383 264 2458 ᾧ
298 2389 361 2443 τὸ
397 2391 693 2462 συμπόσιον
718 2386 807 2461 ἦν.
837 2393 994 2445 Δοκεῖ
1038 2391 1148 2462 γάρ
1180 2408 1271 2461 μοι
1301 2391 1463 2444 κάκεῖ
1492 2407 1704 2463 προφη-

123 2482 257 2552 τικῷ
311 2498 418 2535 τινι
474 2482 746 2554 πνεύματι
786 2482 1129 2554 προμηνῦσαι
1177 2482 1266 2536 διὰ
1314 2482 1409 2536 τοῦ
1451 2483 1623 2554 μύρου
1670 2485 1704 2553 ἡ

125 2572 264 2644 γυνὴ
335 2572 399 2625 τὸ
448 2571 543 2625 τοῦ
582 2572 812 2628 θανάτου
852 2575 1183 2645 μυστήριον,
1225 2573 1406 2638 καθὼς
1441 2577 1708 2647 μαρτυριῖ

126 2666 239 2729 τοῖς
288 2665 422 2736 παρ’
453 2666 623 2736 αὐτῆς
651 2666 1036 2737 γεγενημένοις
1071 2669 1099 2720 ὁ
1125 2666 1329 2735 Κύριος
1370 2668 1543 2735 λέγων
1562 2684 1576 2698 ·
1623 2668 1705 2721 ὅτι

125 2756 464 2824 Προέλαὸεν
500 2759 588 2824 είς
627 2758 695 2810 τὸ
726 2757 1083 2827 ἐνταφιάσαι
1115 2774 1212 2826 με.
1263 2758 1373 2811 Καὶ
1412 2757 1500 2810 τὸν
1553 2753 1701 2811 οἷκον

127 2846 483 2919 πληρωθέντα
499 2850 599 2920 τῆς
617 2849 843 2913 εὐωδίας
863 2849 983 2903 ἀντὶ
1003 2848 1204 2912 παντὸς
1233 2846 1328 2901 τοῦ
1364 2848 1589 2919 κόσμου,
1613 2849 1707 2901 καὶ

126 2938 247 3011 ὅλης
293 2942 399 3011 τῆς
434 2941 757 3013 οίκουμένης
805 2945 946 2996 νοεῖν
992 2941 1336 3007 ὑποτίθεται,
1377 2942 1577 2997 εἰπών·
1624 2942 1706 2994 ὅτι

128 3030 325 3087 Ὅπου
353 3030 465 3087 ἐὰν
499 3031 772 3101 κηρυχθῇ
808 3032 875 3087 τὸ
891 3031 1259 3104 Εὐαγγέλιον
1278 3032 1456 3087 τοῦτο
1487 3034 1558 3087 ἐν
1585 3033 1705 3097 ὅλῳ

127 3123 204 3188 τῷ
239 3126 481 3195 κόσμῳ,
515 3126 554 3194 ὴ
591 3125 751 3195 ὀσμὴ
786 3123 894 3179 τοῦ
935 3125 1114 3197 ἔργου
1162 3124 1705 3193 συνδιαὸοθήσεται

128 3216 204 3282 τῷ
227 3216 340 3271 τοῦ
373 3218 744 3287 Εὐαγγελίου
789 3218 1116 3287 κηρύγματι
1135 3258 1150 3283 ,
1177 3220 1276 3272 καὶ
1306 3219 1705 3289 μνημόσυνον

128 3310 316 3376 ἕσται,
357 3310 510 3379 φησὶ,
532 3309 755 3377 ταύτης
778 3308 844 3363 τὸ
862 3309 1247 3379 Εὐαγγέλιον.
1276 3309 1485 3363 Οὐκοῦν
1518 3311 1576 3363 ὲν
1604 3311 1704 3381 μὲν

128 3401 202 3473 τῷ
264 3402 511 3473 ’ᾼσματι
552 3401 660 3454 τῶν
704 3403 986 3473 ᾀσμάτων,
1050 3404 1085 3471 ἠ
1142 3402 1335 3473 νάρδος
1382 3400 1481 3472 τὴν
1531 3400 1706 3471 ὀσμὴν

129 3490 218 3545 τοῦ
252 3492 491 3563 νυμφίου
524 3495 592 3563 τῇ
637 3491 823 3563 νύμφῃ
854 3492 1069 3545 δίδωσι·
1098 3494 1155 3545 ἐν
1191 3493 1249 3545 δὲ
1275 3491 1354 3563 τῷ
1388 3491 1706 3562 Εὐαγγελίῳ

130 3582 244 3635 ὅλου
270 3581 370 3636 τοῦ
399 3581 648 3652 σώματος
677 3582 776 3653 τῆς
812 3581 1138 3651 Ἐκκλησίας
1165 3583 1223 3635 ὲν
1247 3583 1397 3654 πάσῃ
1429 3584 1496 3653 τῇ
1529 3585 1707 3636 οίκου-

135 3672 264 3744 μένῃ
308 3671 404 3725 καὶ
433 3674 492 3725 ὲν
533 3672 695 3725 παντὶ
720 3670 799 3743 τῷ
832 3672 1021 3741 κόσμῳ
1053 3672 1288 3742 Χριστοῦ
1330 3673 1528 3727 εὐωδία
1560 3673 1707 3741 γίνε-

131 3778 242 3823 ται,
266 3765 300 3833 ἡ
338 3761 459 3814 τότε
486 3761 577 3815 τὸν
605 3757 752 3814 οῑκον
779 3759 1136 3831 πληρώσασα,
1165 3760 1306 3831 τάχα
1336 3778 1418 3825 τις
1454 3762 1706 3834 εὑρίσκε-

132 3871 214 3906 ται
257 3853 349 3907 διὰ
401 3852 604 3907 τούτων
649 3852 900 3906 κοινωνία
933 3854 990 3906 ὲν
1037 3852 1399 3926 ἀμφοτέροις,
1444 3852 1520 3917 ὡς
1551 3852 1611 3907 ἓν
1642 3852 1712 3906 τὰ

133 3944 220 3999 δύο
245 3946 447 4001 δοκεῖν.

1805 1936 2007 1993 Christi
2035 1937 2201 1990 bonus
2235 1934 2368 1989 odor
2395 1950 2578 1988 sumus
2608 1933 2662 1985 in
2694 1932 2762 1985 iis
2792 1931 2881 2001 qui
2913 1937 3208 1991 servantur,
3243 1938 3292 1980 et
3331 1928 3386 1981 in

1806 2032 1871 2086 iis
1906 2031 1995 2100 qui
2027 2037 2284 2098 pereunt:
2317 2027 2440 2080 aliis
2472 2035 2648 2079 autent
2681 2023 2814 2077 odor
2837 2024 3021 2075 mortis
3057 2022 3111 2074 in
3141 2030 3385 2084 mortem,

1806 2124 1927 2176 aliis
1954 2130 2127 2176 autem
2163 2120 2293 2172 odor
2322 2119 2442 2172 vita:
2481 2118 2535 2170 in
2577 2117 2739 2169 vitam
2763 2114 2830 2168 “.
2876 2112 3033 2179 Quod
3085 2111 3132 2166 si
3181 2110 3386 2163 uardus

1805 2212 2121 2282 evangeliea
2149 2210 2311 2264 habet
2331 2209 2571 2277 aliquam
2597 2204 2914 2259 afﬁnitatem
2949 2218 3073 2257 rum
3106 2210 3387 2271 unguento

1806 2318 2043 2375 sponsze,
2076 2303 2203 2357 licet
2227 2301 2429 2356 volenti
2459 2314 2557 2371 per
2574 2313 2636 2354 ea
2661 2314 2785 2368 quae
2813 2296 3022 2366 scripta
3050 2302 3183 2350 sunt
3203 2296 3388 2347 animo

1808 2395 2047 2465 cogitare
2064 2409 2300 2466 quautam
2332 2403 2465 2451 esset
2487 2393 2672 2449 uanius
2690 2392 2780 2446 illa
2792 2390 2976 2463 pistiea
2989 2385 3252 2458 pretiosa,
3266 2400 3389 2454 qua:

1808 2485 2026 2541 Domini
2049 2483 2272 2554 quidem
2293 2480 2460 2551 capiti
2489 2480 2692 2546 infusa,
2711 2486 2878 2533 totam
2908 2478 3129 2532 domum
3159 2474 3390 2544 replevit

1809 2573 1954 2627 bono
1979 2571 2148 2625 odore
2164 2570 2231 2623 ³⁷.
2255 2567 2419 2623 Forte
2444 2568 2590 2623 enim
2615 2581 2722 2621 non
2750 2566 2854 2621 fuit
2879 2565 2946 2618 ab
2970 2573 3247 2635 unguento
3266 2563 3389 2617 alie.

1808 2677 1938 2717 num
1976 2667 2335 2731 unguentum,
2369 2657 2515 2728 quod
2547 2672 2763 2727 sponsa:
2793 2655 3010 2725 quidem
3042 2655 3134 2707 dat
3162 2653 3387 2708 odorem

1809 2752 2020 2823 sponsi,
2046 2754 2097 2804 in
2121 2749 2412 2818 Evangelio
2433 2758 2611 2802 autem
2634 2746 2875 2802 infusum
2900 2747 2999 2815 ipsi
3023 2745 3271 2808 Domino,
3295 2744 3392 2798 im-

1808 2847 1918 2917 plet
1940 2848 2081 2899 bono
2098 2842 2268 2898 odore
2293 2841 2516 2895 domum
2540 2840 2595 2893 in
2622 2854 2730 2908 qua
2758 2845 2878 2892 erat
2900 2836 3231 2891 convivium.
3258 2834 3389 2889 Mihi

1808 2939 1954 2995 enim
1975 2938 2191 2993 videtur
2208 2932 2531 3005 prophetico
2555 2930 2788 3001 quodam
2809 2929 3005 2998 spiritu
3029 2943 3124 2995 per
3144 2942 3391 2995 unguen-

1810 3040 1926 3085 tum
1951 3028 2292 3101 signilicasse
2315 3024 2509 3078 mulier
2543 3024 2734 3076 mortis
2757 3018 3391 3093 mysterium,quomodo

1813 3125 1881 3179 iis
1909 3137 2030 3193 quae
2065 3121 2133 3174 ab
2166 3121 2285 3189 ipsa
2326 3117 2486 3175 fiunt,
2535 3114 2640 3169 fert
2676 3114 2943 3168 Dominus
2986 3111 3386 3175 testimonium,

1812 3216 2001 3271 dicens
2028 3233 2046 3268 -:
2108 3208 2500 3278 Prwoccuparit
2538 3206 2605 3260 ad
2655 3222 2736 3259 me
2782 3202 3134 3273 sepeliendum
3164 3201 3229 3255 ³⁸.
3285 3200 3391 3254 Do-

1807 3324 1958 3363 mum
1990 3315 2172 3361 autent
2206 3304 2352 3358 bono
2383 3300 2554 3355 odore
2584 3297 2871 3367 repletam,
2903 3310 3004 3365 pro
3038 3302 3156 3348 toto
3185 3290 3393 3345 mundo

1803 3410 1857 3456 et
1915 3399 2175 3454 universo
2214 3395 2349 3450 orbe
2400 3399 2678 3445 terrarum
2733 3388 2989 3442 admonet
3024 3401 3147 3441 esse
3197 3382 3396 3438 intelli-

1804 3490 2074 3561 gendum,
2132 3486 2327 3540 dicens
2378 3501 2390 3536 :
2461 3478 2764 3546 Ubicunque
2827 3477 3176 3545 pra'dicatum
3234 3473 3393 3542 fuerit

1803 3580 1900 3634 hoc
1928 3577 2281 3646 Evangelium
2311 3574 2365 3626 in
2396 3580 2507 3623 toto
2537 3567 2754 3629 mundo,
2786 3566 2917 3620 odor
2950 3563 3200 3634 unguenti
3231 3562 3393 3615 simul

1807 3668 2162 3725 distribuatur
2193 3681 2314 3719 cum
2360 3659 2742 3731 pra'dicatione
2789 3657 3085 3726 Evangelii,
3129 3664 3178 3710 et
3221 3657 3394 3708 moni-

1807 3770 2065 3825 mentum,
2135 3756 2332 3826 inquit,
2384 3752 2482 3807 erit
2526 3749 2639 3814 eius
2700 3747 3070 3818 Evangelium.
3121 3744 3391 3811 Quoniam

1807 3868 1942 3924 ergo
1976 3854 2034 3906 in
2083 3849 2318 3903 Cantico
2365 3846 2732 3906 canticorum,
2780 3840 2987 3894 nardus
3035 3837 3130 3891 dat
3177 3850 3397 3905 sponsa:

1810 3944 2036 4001 odorem
2062 3940 2278 4013 sponsi,
2312 3938 2371 3993 in
2405 3936 2700 4006 Evangelio
2733 3939 2915 3986 autem
2949 3929 3116 3983 totius
3144 3926 3396 3996 corporis

135 4039 408 4104 Ecclesiae,
460 4037 515 4092 in
562 4036 822 4093 universo
871 4036 1006 4091 orbe
1052 4049 1344 4101 terrarum,
1396 4043 1452 4091 et
1500 4036 1555 4091 in
1588 4043 1702 4094 toto
1742 4038 1951 4093 mundo
2021 4034 2228 4090 Christi
2286 4030 2345 4085 fit
2394 4032 2573 4086 bonus
2624 4026 2781 4089 odor,
2863 4023 2958 4093 qui
3004 4030 3135 4075 tunc
3174 4018 3395 4073 domum

135 4131 373 4201 implevit
408 4146 425 4185 :
460 4130 693 4185 fortasse
727 4145 822 4201 per
867 4129 982 4185 haec
1011 4129 1290 4185 invenitur
1318 4129 1373 4183 in
1417 4130 1668 4199 utrisque
1703 4131 1883 4203 aliqua
1915 4127 2237 4199 coniunctio
2263 4134 2317 4181 ct
2346 4125 2604 4185 societas,
2653 4126 2713 4173 ut
2742 4118 2851 4172 duo
2878 4114 3167 4169 videantur
3205 4125 3394 4167 unum.

198 4224 305 4278 Καὶ
340 4220 511 4276 ταῦτα
546 4223 644 4293 μὲν
686 4224 767 4286 είς
797 4221 1078 4276 τοσοῦτον
1112 4223 1146 4293 ή
1173 4222 1231 4275 δὲ
1266 4222 1464 4295 ἑφεξῆς
1528 4223 1710 4294 ,ῥῆσις

136 4314 483 4384 καταλλήλως
508 4313 609 4383 μὲν
634 4314 701 4384 τῇ
741 4312 834 4366 τοῦ
864 4312 1225 4384 ὲπιθαλαμίου
1255 4313 1533 4385 δράματος
1573 4315 1706 4368 ὐπο-

1883 4224 1949 4279 Et
1980 4221 2098 4276 haec
2131 4220 2352 4290 quidem
2392 4217 2678 4271 hactenus.
2724 4210 2858 4277 Quae
2911 4216 3093 4263 autem
3144 4205 3398 4276 sequitur

1812 4313 2005 4378 dictio,
2037 4312 2256 4368 videtur
2279 4308 2501 4380 quidem
2545 4318 2847 4374 congruere
2891 4309 3212 4371 argumento
3274 4298 3395 4367 epi-

139 4402 309 4472 θέσει,
359 4404 436 4467 ὡς
468 4403 619 4475 παρὰ
652 4402 752 4473 τῆς
782 4405 839 4457 ὲν
872 4404 1105 4458 παστάδι
1142 4403 1703 4477 παρεσκευασμένης,

1810 4406 2077 4469 thalamii,
2111 4412 2373 4472 tanquam
2420 4399 2490 4453 ab
2516 4411 2579 4451 ea
2628 4395 2843 4449 dicatur
2874 4408 2996 4462 qua:
3052 4397 3281 4460 paratur
3335 4388 3393 4442 in

138 4494 273 4567 ἔχειν
296 4497 475 4550 δοκεῖ’
507 4495 729 4566 μείζονα
760 4494 817 4548 δὲ
848 4495 940 4548 καὶ
967 4494 1306 4567 τελειοτέραν
1332 4497 1588 4566 ἐμφαίνει
1621 4513 1710 4565 φι-

137 4585 405 4657 λοσοφίαν⁹
436 4588 502 4658 ἣν
527 4586 866 4657 κατορθῶσαι
904 4587 1063 4656 μόνον
1090 4587 1198 4640 τῶν
1221 4587 1322 4657 ἤδη
1360 4587 1712 4659 τετελειωμέ-

139 4694 237 4731 νων
270 4679 403 4733 ὲστί.
436 4678 501 4730 Τί
524 4672 618 4731 οὖν
637 4680 753 4731 ἐστι
776 4678 837 4731 τὸ
858 4678 1181 4750 είρημένον;
1223 4678 1582 4749 Ἀπόδεσμος
1600 4679 1710 4748 τῆς

141 4769 398 4838 στακτῆς
428 4768 749 4837 ἀδελφιδός
779 4787 900 4839 μου
927 4771 1078 4840 ἐμοὶ,
1103 4770 1219 4825 ἀνὰ
1238 4771 1434 4842 μέσον
1457 4771 1577 4826 τῶν
1597 4788 1711 4841 μα-

142 4859 297 4914 σθῶν
337 4880 458 4932 μου
500 4860 956 4930 αὐλισθήσεται.
1004 4862 1174 4916 Φασὶν
1206 4862 1524 4935 ἐπιμέλειαν
1570 4858 1711 4918 εἶναι

141 4954 251 5015 ταῖς
300 4955 650 5027 φιλοκόσμοις
705 4954 816 5008 τῶν
866 4953 1172 5023 γυναικῶν,
1229 4955 1304 5026 μὴ
1348 4957 1463 5017 τοῖς
1511 4955 1713 5020 ἔξωθεν

142 5049 560 5119 προκοσμήμασι
607 5047 766 5119 μόνον
811 5048 1045 5101 ἐπινοεῖν
1087 5047 1308 5109 ἑαυταῖς
1353 5045 1415 5099 τὸ
1464 5045 1559 5098 ἐπὶ
1603 5043 1713 5099 τῶν

145 5136 504 5206 συμϐιούντων
520 5155 533 5170 ·
552 5138 666 5193 ἀλλ’
684 5137 1020 5210 ἐπιτηδεύειν
1037 5137 1125 5193 διά
1144 5153 1289 5201 τινος
1308 5137 1561 5201 εὐπνοίας
1582 5135 1715 5208 ἡδίω

145 5226 208 5278 τὰ
250 5229 475 5302 σώματα
514 5233 630 5294 τοῖς
678 5229 888 5284 ἑαυτῶν
921 5229 1146 5301 ἀνδράσι
1170 5227 1477 5299 φαίνεσθαι,
1504 5227 1566 5281 τὸ
1596 5226 1716 5281 κατ’

148 5318 378 5393 ἀλλήλαις
408 5322 667 5394 ὲνεργοῦν
696 5322 833 5394 πρὸς
857 5322 956 5393 τὴν
975 5321 1232 5392 τοιαύτην
1261 5320 1450 5395 χρείαν
1481 5320 1706 5391 ᾶρωμα,

145 5408 284 5476 ἐντὸς
323 5415 420 5485 τῆς
456 5414 599 5467 κατὰ
643 5415 743 5484 τὴν
774 5413 975 5484 ἐσθῆτα
1007 5412 1297 5484 περιϐολῆς
1327 5410 1711 5483 ἀποκρυπτού-

147 5514 292 5566 σαις,
331 5498 390 5558 οὗ
426 5504 518 5558 τὸν
546 5506 744 5558 οἰκεῖον
776 5505 947 5575 ἀτμὸν
973 5504 1265 5566 ἐκδιδόντος
1286 5546 1299 5568 ,
1343 5502 1438 5556 καὶ
1462 5501 1523 5555 τὸ
1550 5500 1712 5571 σῶμα

146 5592 206 5661 τῇ
236 5593 325 5648 τοῦ
354 5595 644 5668 ἀρὼματος
683 5595 910 5666 εὐπνοίᾳ
950 5592 1520 5666 συγκαταχρώννυται.
1562 5590 1708 5645 Ταύ-

216 5763 255 5795 δ⁸
288 5767 470 5825 llCor.
507 5787 564 5832 ll,
602 5770 683 5825 l3.
784 5768 979 5823 "Jour:
1038 5785 1134 5832 xu,
1164 5769 1216 5823 ’5.

1813 4499 2102 4563 thalamo;
2144 4495 2349 4550 indicat
2384 4502 2565 4547 autem
2598 4488 2867 4558 majorem
2902 4494 2955 4541 et
3007 4482 3391 4555 perfectiorem

1813 4585 2242 4659 philosophiam,
2295 4596 2461 4650 quant
2512 4587 2662 4633 recte
2700 4575 2927 4645 exsequi
2973 4588 3162 4628 eorum
3194 4581 3279 4626 est
3309 4586 3399 4626 so-

1814 4680 1929 4733 lum
1952 4677 2046 4749 qui
2078 4676 2189 4745 jam
2224 4680 2353 4729 sunt
2378 4669 2630 4742 perfecti.
2667 4666 2807 4734 Quid
2846 4676 2931 4721 est
2958 4680 3088 4735 ergo
3117 4664 3260 4733 quod
3312 4663 3400 4716 di-

1816 4780 1964 4825 ctum
1989 4766 2116 4823 est?
2144 4761 2464 4819 Fasciculus
2500 4758 2729 4830 myrrha:
2760 4756 3021 4827 patruelis
3059 4772 3205 4809 meus
3245 4755 3396 4819 mihi,

1817 4862 1873 4916 in
1892 4859 2062 4915 medio
2085 4859 2303 4911 uberum
2336 4868 2568 4908 meorum
2604 4850 3038 4905 commorabitur.
3085 4849 3251 4901 Aiunt
3278 4857 3393 4901 stu-

1817 4952 1909 5007 dio
1936 4965 2060 5006 esse
2090 4948 2174 5004 sui
2203 4945 2435 5002 ornandi
2461 4943 2677 5013 cupidis
2702 4941 3047 5001 mulieribus,
3074 4954 3182 4993 non
3212 4939 3391 4994 solum

1818 5040 2065 5100 externis
2098 5052 2400 5110 procurare
2429 5034 2774 5089 ornamentis
2807 5040 2868 5086 ut
2894 5032 3005 5086 sint
3027 5031 3299 5083 amabiles
3329 5029 3397 5082 iis

1818 5134 2069 5205 quicum
2106 5130 2245 5200 ipsis
2295 5129 2510 5188 vivunt,
2566 5125 2665 5181 sed
2696 5125 2863 5180 etiam
2911 5122 3044 5176 dare
3075 5134 3298 5189 operam
3342 5126 3398 5169 ut

1821 5241 1917 5297 per
1944 5222 2145 5294 quamd
2163 5237 2249 5275 am
2281 5219 2739 5281 suaveolentiam,
2765 5231 2997 5285 corpora
3029 5227 3248 5282 quoque
3274 5209 3392 5265 suis

1816 5316 2033 5371 maritis
2093 5319 2461 5384 congruenter
2547 5310 2836 5365 videantur
2895 5319 3087 5375 agere;
3146 5301 3211 5355 ad
3271 5314 3395 5355 eum

1816 5423 1976 5463 usum
2009 5420 2199 5460 armna
2232 5405 2376 5459 inter
2410 5418 2524 5459 suae
2544 5401 2710 5456 vestis
2732 5397 2996 5452 ambitum
3023 5393 3394 5453 occultantes,

1816 5513 1925 5567 quo
1990 5489 2150 5552 suum
2211 5494 2496 5550 emittente
2554 5503 2845 5560 vaporem,
2910 5499 3113 5555 corpus
3177 5496 3397 5552 quoque

1818 5590 1964 5645 bono
2002 5592 2171 5645 odore
2216 5586 2425 5642 halitus
2475 5583 2637 5641 simul
2680 5579 2937 5636 adicitur.
2977 5576 3118 5635 Cum
3150 5575 3264 5630 hate
3297 5586 3395 5627 au-

1296 5763 1513 5821 ”Joau.
1551 5778 1698 5830 xm,
1737 5761 1797 5816 l3
1821 5775 1941 5834 sqq.
