3874 6358
219 378 329 437 829

1228 377 1293 431 IN
1332 376 1625 433 C.\NTlCA
1666 375 1939 433 CANTIC.
1975 373 2257 430 llOMiLlA
2295 372 2383 429 IV.

3371 363 3475 419 830

221 496 412 552 Ᾱάσσει
441 493 516 564 τῷ
543 495 719 566 χρόνῳ
744 494 803 548 τὸ
822 490 980 559 εἶδος,
1008 492 1522 567 ἀνθῶν,κυπρίζων,
1558 492 1799 549 τελειούο

1923 493 2297 549 ilenitudine'm
2334 497 2678 559 temporum;
2712 496 2820 542 non
2855 497 3037 542 tamen
3065 495 3322 555 tanquam
3356 498 3477 536 om-

223 603 406 658 μενος,
443 586 857 655 πεπαινόμενος.
888 585 1315 654 Ἐπαγγέλλεται
1345 584 1520 639 τοίνυν
1550 587 1583 656 ή
1614 586 1795 656 ἄμπε-

223 684 314 742 λος
349 677 426 748 τῷ
480 676 593 747 ιδίῳ
640 675 857 747 καρπῷ,
900 676 958 739 ὃς
1001 676 1154 729 οὔπω
1194 675 1292 747 μέν
1331 677 1447 728 ἐστι
1495 676 1629 747 πρὸς
1657 672 1798 730 οἶνον

222 769 452 842 ὥριμος,
512 768 646 822 ἀλλά
698 768 846 838 μένει
899 766 961 821 τὸ
1015 767 1286 839 πλήρωμα
1320 767 1429 821 τῶν
1460 766 1705 838 καιρῶν·
1736 768 1797 821 ού

224 859 332 931 μὴν
353 859 429 921 ώς
456 862 536 923 εἰς
574 858 784 931 τρυφὴν
811 858 1238 922 ἀναπόλαυστος.
1264 859 1375 930 Τὴν
1389 859 1657 931 ὄσφρησιν
1690 857 1800 927 γὰρ

222 950 502 1021 εὐφραίνει
530 950 652 1005 ἀντὶ
674 950 771 1021 τῆς
794 950 1030 1018 γεύσεως
1074 952 1141 1021 τῇ
1181 949 1476 1021 προσδοκίᾳ
1519 948 1627 1001 τῶν
1667 948 1802 1016 ἀγα-

223 1041 355 1104 θῶν,
386 1043 499 1104 τοῖς
526 1041 720 1110 ἀτμοῖς
756 1041 854 1110 τῆς
892 1039 1104 1103 ἐλπίδος
1151 1038 1360 1109 ἡδύνων
1391 1038 1460 1091 τὰ
1489 1037 1589 1107 τῆς
1625 1036 1803 1108 ψυχῆς

223 1131 572 1202 αἰσθητήρια.
607 1130 681 1183 Τὸ
714 1130 823 1201 γὰρ
859 1129 1048 1185 πιστόν
1089 1147 1149 1183 τε
1183 1130 1674 1202 καὶ-ἀναμφίϐολον
1705 1131 1803 1200 τῆς

226 1200 586 1293 ἐλπιζομένης
612 1200 853 1294 χάριτος,
879 1225 912 1293 ἡ
951 1222 1252 1286 ἀπόλαυσις
1288 1200 1399 1286 τοῖς
1420 1200 1497 1277 δι’
1526 1222 1803 1293 ὑπομονῆς

226 1311 678 1382 ἀπεκδεχομένοις
744 1311 805 1365 τὺ
866 1311 1311 1383 προσδοκώμενον
1342 1310 1571 1379 γίνεται.
1617 1311 1805 1375 Οὕτως

227 1400 320 1459 οὖν
339 1406 367 1457 ὁ
394 1404 492 1475 τῆς
519 1403 743 1475 Κύπρου
767 1404 961 1476 βότρυς
986 1405 1122 1467 ἐστὶ,
1156 1404 1350 1474 βότρυς
1374 1399 1515 1456 οἶνον
1538 1401 1807 1471 ἐπαγγελ-

228 1495 470 1565 λόμενος,
504 1493 655 1548 οὖπω
677 1494 734 1548 δὲ
769 1489 910 1558 οἶνος
956 1494 1259 1565 γινόμενος,
1296 1493 1432 1548 ἀλλά
1470 1492 1561 1547 διὰ
1585 1492 1677 1546 τοῦ
1711 1493 1806 1549 ἄν·

228 1584 354 1647 θους
383 1585 437 1655 (ἡ
469 1584 526 1637 δὲ
557 1583 711 1647 ἐλπὶς
741 1584 801 1637 τὸ
854 1583 1012 1646 ἄνθος
1049 1585 1187 1653 ἐστὶ)
1225 1584 1324 1654 τὴν
1354 1584 1618 1656 ἐσομένην
1647 1585 1808 1656 χάριν

228 1676 604 1747 πιστούμενος.
651 1676 717 1730 Ἦ
768 1676 824 1730 δὲ
856 1675 952 1730 τοῦ
990 1674 1190 1729 Καδδεὶ
1226 1674 1515 1747 προσθήκη
1553 1674 1808 1745 σημαίνει

228 1769 320 1824 τὸν
350 1768 507 1823 πίονα
534 1767 730 1840 χῶρον,
756 1760 799 1835 ᾧ
833 1766 1187 1838 ὲνριζωθεῖσα
1216 1768 1251 1838 ἡ
1280 1765 1522 1837 ἄμπελος
1546 1764 1808 1836 εὖτροφον

1908 586 2038 639 nino
2066 585 2130 637 ad
2155 582 2536 638 oblectandum
2568 582 2806 651 ineptus.
2864 578 2971 633 Pro
3000 586 3162 646 gustu
3196 575 3341 632 enim
3372 574 3472 629 dc—

1907 676 2064 730 lectat
2108 674 2420 738 odoratum,
2452 674 2716 727 bonorum
2749 671 3173 741 exspectatione,
3232 666 3347 736 spei
3380 680 3475 719 va-

1907 766 2132 836 poribus
2178 763 2385 820 leniens
2419 778 2612 818 sensus
2664 762 2877 816 animae.
2920 759 3079 815 Certa
3131 757 3274 813 enim
3310 762 3365 809 et
3393 754 3476 807 in-

1908 856 2154 911 dubitata
2193 854 2328 909 lides
2370 855 2437 908 de
2490 854 2663 924 gratia
2701 869 2821 923 qua:
2860 860 3130 922 speratur,
3165 857 3250 905 est
3290 847 3477 901 l‘ruitio

1909 949 1978 1004 iis
2003 949 2093 1017 qui
2130 962 2224 1017 per
2275 945 2592 1016 patientiam
2638 950 2960 1014 exspectant
2990 942 3042 996 id
3079 939 3224 1011 quod
3284 953 3479 1006 exspe~

1909 1048 2112 1094 ctatur.
2150 1036 2241 1092 Sic
2269 1043 2356 1092 est
2378 1051 2507 1107 ergo
2532 1037 2735 1090 botrus
2763 1033 2948 1105 Cypri,
2998 1032 3184 1085 vinum
3244 1028 3477 1100 promit-

1912 1139 2053 1194 tens,
2075 1129 2260 1183 uondu
2276 1145 2325 1182 m
2351 1136 2532 1182 autem
2566 1126 2741 1181 factus
2770 1126 2976 1186 vinum,
3031 1120 3125 1177 sed
3160 1136 3256 1190 per
3291 1117 3479 1172 ﬂorem

1913 1220 2061 1291 (spes
2096 1227 2276 1273 autem
2323 1226 2407 1273 est
2435 1215 2556 1286 ﬂos)
2584 1217 2651 1270 de
2670 1217 2850 1269 futura
2879 1213 3053 1285 gratia
3074 1211 3233 1266 iidem
3251 1207 3478 1263 faciens.

1913 1312 2163 1381 Adjectio
2203 1319 2386 1365 autem
2441 1309 2692 1365 vocabuli
2742 1306 2940 1369 Gaddi,
2977 1303 3249 1376 signiﬁcat
3300 1303 3477 1357 locum

1913 1404 2193 1473 pinguem,
2245 1401 2298 1455 in
2335 1415 2445 1470 quo
2491 1399 2709 1453 radices
2756 1412 2924 1468 agens
2966 1395 3093 1450 vitis
3129 1395 3370 1462 Opimum
3426 1398 3481 1443 et

1914 1508 2139 1550 suavem
2167 1493 2283 1548 edit
2326 1490 2589 1546 fructum.
2643 1489 2739 1544 Sic
2768 1489 2914 1543 enim
2964 1487 3059 1557 qui
3105 1485 3174 1540 de
3236 1485 3482 1539 locorum

1912 1587 2258 1657 scripserunt
2288 1584 2555 1649 historia,
2584 1581 2775 1636 dicunt
2806 1588 3010 1636 sortem
3043 1575 3215 1632 Gaddi
3242 1589 3363 1630 esse
3383 1588 3483 1642 ap—

1922 1678 2156 1749 positam
2182 1677 2249 1731 ad
2278 1674 2504 1731 alendos
2546 1675 2750 1728 botros.
2782 1669 3056 1736 Quoniam
3098 1682 3227 1737 ergo
3255 1667 3348 1736 qui
3376 1663 3485 1733 legi

1914 1765 2125 1821 Domini
2160 1766 2492 1821 voluntatem
2524 1764 2687 1819 habet
2707 1762 3143 1824 convenientem,
3168 1758 3261 1814 diu
3285 1768 3341 1813 et
3356 1769 3487 1811 noc-

228 1861 324 1915 καὶ
348 1861 477 1931 ἡδὺν
504 1861 593 1913 τὸν
624 1858 836 1931 καρπὸν
874 1857 1268 1930 ἀπεργάζεται.
1297 1860 1359 1911 Οἱ
1388 1856 1629 1921 τοπικῶς
1664 1857 1807 1909 ίστο⁴

1923 1867 1970 1912 Lu
1988 1859 2041 1913 in
2060 1873 2123 1913 ea
2143 1857 2431 1919 meditans,
2455 1854 2685 1910 eﬂicitur
2715 1854 2880 1908 arbor
2905 1865 3121 1922 semper
3141 1849 3480 1921 germinans,

231 1954 495 2024 ρήσαντες
541 1951 755 2019 λέγουσι
788 1950 878 2004 τὸν
905 1950 1105 2022 κλῆρον
1140 1950 1236 2004 τοῦ
1268 1950 1465 2003 Καδδεὶ
1492 1948 1810 2020 ἐπιτηδείως

231 2042 373 2114 ἔχειν
410 2043 544 2113 πρὸς
582 2040 871 2110 εύτροφίαν
902 2039 1163 2112 βοτρύων.
1207 2039 1423 2110 Ἐπειδὴ
1465 2038 1644 2092 τοίνυν
1670 2038 1699 2090 ὁ
1732 2037 1809 2107 τῷ

234 2135 381 2205 νόμῳ
405 2132 498 2187 τοῦ
529 2131 733 2202 Κυρίου
767 2130 1058 2201 σύμφωνον
1080 2129 1218 2201 ἔχων
1248 2130 1308 2183 τὸ
1333 2128 1568 2199 θέλημα,
1600 2128 1696 2181 καὶ
1724 2126 1811 2181 διὰ

233 2227 412 2298 πάσης
429 2224 616 2288 νυκτός
634 2241 692 2277 τε
709 2224 800 2277 καὶ
815 2224 923 2294 ήμέ
931 2240 1029 2295 ρας
1043 2222 1245 2293 ταύτην
1263 2221 1361 2292 τὴν
1381 2220 1609 2292 μελέτην
1626 2218 1811 2273 ποιού-

234 2337 424 2396 μενος,
464 2317 710 2382 ἀειθαλὲς
761 2317 971 2385 γίνεται
1013 2314 1265 2387 δένδρον,
1308 2316 1428 2378 ταῖς
1469 2313 1579 2366 τῶν
1604 2312 1813 2366 ὑδάτων

232 2414 513 2484 ἐπιρροαῖς
554 2413 921 2480 πιαινόμενον,
966 2411 1024 2461 ἐν
1065 2406 1143 2477 τῷ
1183 2404 1477 2476 καθήκοντι
1507 2402 1685 2475 καιρῷ
1720 2402 1812 2456 τὸν

232 2502 447 2574 καρπὸν
482 2501 872 2572 παρεχόμενος,
906 2498 1100 2552 τούτου
1138 2498 1299 2569 χάριν
1340 2497 1436 2550 καί
1472 2498 1505 2567 ἡ
1545 2494 1641 2550 τοῦ
1672 2512 1811 2565 νυμ-

234 2594 357 2664 φίου
380 2592 624 2664 ἄμπελος
662 2594 719 2644 ὲν
761 2589 839 2661 τῷ
892 2589 1091 2644 Καδδεὶ
1121 2587 1201 2659 τῷ
1235 2587 1379 2641 πίονι
1407 2585 1558 2657 τόπῳ
1585 2584 1815 2658 ὲρῤιζωυ

237 2686 395 2758 μένη,
448 2684 727 2739 τουτέστιν
757 2686 814 2737 ὲν
845 2681 1038 2753 βαθείᾳ
1099 2684 1166 2753 τῇ
1213 2680 1443 2752 διανοίᾳ,
1481 2682 1547 2749 τῇ
1585 2678 1671 2732 διὰ
1705 2678 1813 2732 τῶν

235 2777 397 2831 θείων
451 2776 794 2846 διδαγμάτων
845 2772 1224 2845 καταρδομένη
1286 2770 1378 2824 καὶ
1419 2768 1678 2834 αὔξουσα,
1720 2768 1814 2821 τὸν

235 2866 439 2941 εὐανθῆ
462 2866 649 2919 τοῦτον
674 2865 768 2917 καὶ¹
820 2862 1155 2934 κυπρίξοντα
1188 2861 1381 2932 βότρυν
1425 2857 1812 2929 ἐκαρποφόρη-

238 2977 352 3026 σεν,
382 2951 427 3027 ᾧ
450 2958 539 3011 τὸν
559 2955 804 3027 γεωργὸν
836 2953 931 3009 καὶ
960 2953 1272 3023 φυτηκόμον
1306 2950 1506 3020 ἑαυτῆς
1528 2949 1708 3019 ἐνορᾷ.
1727 2949 1815 3013 Ὠς

237 3049 507 3126 μακάριον
555 3047 614 3100 τὸ
653 3044 892 3101 τοιοῦτον
917 3044 1209 3115 γεώργιον,
1259 3032 1320 3094 οὗ
1366 3042 1395 3094 ό
1439 3039 1648 3111 καρπὸς
1680 3038 1816 3107 πρὸς

234 3146 335 3217 τὴν
362 3143 457 3197 τοῦ
495 3141 727 3212 νυμφίου
744 3137 1023 3208 ὁμοιοῦται
1051 3133 1293 3206 μορφήνί
1325 3131 1541 3203 Ἐπειδὴ
1571 3131 1678 3202 γὰρ
1701 3129 1815 3199 φῶς

1917 1964 2182 2019 aquarum
2216 1947 2455 2003 ﬂuxibus
2472 1947 2687 2018 pinguis
2716 1946 2980 2007 evadens.
3008 1957 3219 2012 suoque
3241 1947 3488 2009 tempore

1914 2037 2152 2093 fructum
2177 2039 2444 2108 praebens,
2464 2051 2526 2091 ea
2549 2036 2616 2092 de
2634 2050 2799 2090 causa
2822 2034 3007 2104 sponsi
3039 2033 3219 2095 vinea,
3239 2030 3294 2084 in
3312 2027 3486 2083 Gaddi

1915 2146 2046 2201 agro
2075 2128 2264 2200 pingui
2312 2128 2452 2182 actis
2481 2127 2780 2191 radicibus,
2827 2125 2933 2180 hoc
2978 2130 3065 2179 est
3103 2124 3157 2177 in
3206 2118 3485 2191 profunda

1916 2220 2275 2291 cogitatione,
2340 2234 2462 2289 quae
2492 2233 2587 2289 per
2609 2217 2793 2272 divina
2844 2216 3172 2271 documenta
3228 2210 3489 2279 irrigatur

1917 2320 2257 2381 etaugetur,
2298 2310 2580 2365 ﬂorentem
2625 2310 2771 2364 hunc
2797 2314 2852 2363 et
2903 2311 3215 2362 vernantem
3270 2303 3488 2356 botrum

1918 2402 2195 2472 produxit,
2228 2417 2386 2456 suum
2414 2401 2634 2455 intuens
2678 2398 2971 2469 agricolam
3018 2404 3075 2451 et
3102 2395 3487 2464 plantatorem.

1919 2492 2091 2558 Quam
2145 2494 2304 2547 beata
2357 2501 2441 2548 est
2484 2491 2598 2546 lucc
2651 2490 3019 2561 agricultura,
3055 2485 3221 2555 cujus
3276 2481 3492 2537 fructus

1919 2585 2107 2656 sponsi
2160 2584 2351 2639 formae
2398 2583 2774 2639 assimilaturl
2814 2579 2950 2633 Nam
2976 2577 3236 2649 quoniam
3268 2574 3357 2627 ille
3407 2578 3492 2626 est

1920 2692 2049 2731 vera
2079 2678 2194 2742 lux,
2222 2685 2278 2732 et
2309 2690 2437 2730 vera
2469 2675 2603 2739 vita,
2644 2684 2695 2728 et
2719 2671 2933 2742 justitia
2968 2684 3116 2728 vera,
3171 2667 3315 2719 sicut
3356 2662 3493 2716 dicit

1921 2767 2217 2839 Sapientia,
2234 2776 2287 2822 et
2312 2781 2433 2836 quae
2453 2772 2583 2820 sunt
2610 2761 2945 2832 huiusmodi,
2980 2755 3198 2829 quando
3218 2752 3490 2825 quispiam

1919 2873 2016 2928 per
2045 2872 2209 2928 opera
2242 2856 2301 2911 [it
2336 2872 2400 2913 ea
2434 2871 2554 2927 qua:
2586 2855 2677 2910 ille
2707 2861 2813 2917 est,
2849 2852 2930 2907 sic
2966 2845 3489 2919 aspiciensbotrum

1921 2950 2155 3019 propriae.
2186 2949 2565 3013 conscientia},
2600 2946 2786 3016 ipsum
2827 2957 3089 3014 sponsum
3114 2941 3171 2993 in
3203 2942 3305 2991 hoc
3346 2932 3494 3002 aspi-

1921 3043 2030 3109 cit,
2069 3040 2248 3096 lucida
2278 3049 2332 3097 et
2376 3039 2721 3093 iuunaculata
2759 3036 2868 3089 vita
2908 3031 3153 3089 veritatis
3193 3032 3368 3083 lucem
3412 3025 3494 3077 in-

1923 3142 2106 3189 tuens.
2141 3133 2434 3203 Pr0pterea
2481 3132 2620 3187 dicit
2652 3130 2779 3185 vitis
2811 3129 2899 3183 illa
2937 3125 3166 3185 fertilis,
3211 3120 3366 3175 Meus
3411 3121 3495 3170 est

236 3206 488 3308 ainetvdv
511 3206 659 3285 ἐστιν
689 3206 915 3293 ὲκείνος,
953 3229 1047 3282 καὶ
1072 3224 1300 3297 ἀληθινὴ
1336 3223 1468 3294 ζωὴ,
1492 3222 1585 3276 καὶ
1614 3222 1816 3275 δικαιο-

1924 3222 2115 3276 botrus
2150 3223 2245 3293 qui
2299 3221 2454 3276 ﬂoret
2485 3229 2540 3276 et
2594 3220 2882 3290 germinat.
2918 3216 3038 3287 Ipse
3083 3220 3168 3268 est
3196 3211 3286 3265 ille
3337 3220 3496 3261 verus

239 3327 373 3397 σύνη
431 3322 655 3394 ἀληθὴς,
690 3318 873 3384 καθὼς
916 3321 950 3391 ἡ
992 3317 1164 3386 Σοφία
1225 3315 1380 3386 φησι,
1422 3315 1516 3368 καὶ
1543 3315 1722 3366 πάντα
1748 3312 1816 3366 τὰ

235 3417 482 3483 τοιαῦτα,
511 3417 639 3469 ὅταν
668 3431 749 3477 τις
810 3411 897 3466 διὰ
949 3409 1054 3465 τῶν
1085 3409 1261 3481 ἔργων
1293 3405 1463 3460 ταῦτα
1508 3405 1753 3474 γένηται,
1782 3403 1817 3457 ἃ

237 3512 444 3574 ἐκεῖνός
468 3511 636 3573 ἐστιν,
659 3506 803 3561 οὕτω
828 3503 919 3558 τὸν
948 3504 1046 3573 τῆς
1079 3501 1213 3564 ἰδίας
1246 3498 1604 3568 συνειδήσεως
1624 3496 1818 3567 βότρυν

240 3604 476 3675 βλέπων,
504 3599 667 3655 αὐτὸν
694 3598 785 3651 τὸν
808 3595 1041 3667 νυμφίον
1081 3595 1139 3647 ἐν
1171 3591 1348 3661 τούτῳ
1380 3589 1588 3660 βλέπει,
1623 3592 1689 3660 τῇ
1716 3607 1822 3658 φω-

237 3701 389 3771 τεινῇ
432 3714 494 3751 τε
543 3695 638 3749 καὶ
688 3693 948 3764 ἀκηράτῳ
1008 3689 1119 3760 ζωῇ
1167 3686 1228 3740 τὸ
1273 3685 1387 3756 φῶς
1450 3686 1548 3756 τῆς
1592 3682 1850 3755 ἀληθείας

1924 3312 2137 3374 hotrus,
2152 3313 2245 3382 qui
2267 3313 2504 3381 seipsum
2523 3311 2577 3365 in
2602 3310 2846 3366 vectibus
2871 3305 3062 3377 ligneis
3083 3301 3319 3362 exhibet,
3339 3295 3498 3365 cujus

1925 3405 2149 3473 sanguis
2180 3406 2246 3460 iis
2280 3405 2372 3475 qui
2410 3405 2545 3460 salvi
2568 3404 2704 3457 ﬁunt
2733 3410 2786 3456 et
2814 3402 3063 3455 laetantur
3093 3394 3151 3449 lit
3177 3391 3496 3463 poculentus

1925 3505 1980 3551 ct
2013 3498 2370 3559 s..|utaris,in
2405 3495 2628 3551 Christo
2679 3492 2808 3549 Jcsu
2859 3490 3089 3544 Domino
3140 3492 3352 3543 nostro,
3410 3478 3498 3531 cui

1929 3589 2102 3659 gloria
2130 3596 2184 3643 et
2222 3587 2464 3658 potentia
2496 3587 2551 3641 in
2581 3586 2784 3640 saecula
2832 3581 3186 3638 szeculnrum.
3225 3575 3422 3626 Amen.

1924 3681 2389 3753 ὲνοπτριζόμενος.
2429 3681 2529 3736 Διά
2564 3678 2721 3733 τοῦτό
2752 3692 2914 3748 φησιν
2947 3674 2981 3746 ὴ
3008 3670 3249 3742 ἄμπελος
3277 3668 3310 3737 ἡ
3344 3662 3501 3730 εὐθη-

238 3757 429 3852 νοῦσα,
458 3790 540 3843 ὅτι
575 3786 735 3857 Ἐμδς
761 3757 951 3856 βότρυς
977 3784 1005 3835 ό
1037 3757 1117 3837 διῖ
1158 3780 1316 3844 ἄνθος
1345 3778 1661 3849 κυπρίζων⁸
1732 3776 1893 3839 αὐτὸς
1931 3772 2136 3839 ἐκεῖνός
2164 3777 2312 3829 ἐστιν
2348 3777 2377 3829 ό
2424 3772 2672 3845 ἀληθινὸς
2721 3770 2933 3842 βότρυς,
2961 3769 2989 3820 ό
3023 3765 3112 3817 ἐπὶ
3142 3761 3246 3817 τῶν
3278 3757 3502 3826 ξυλίνων

239 3885 557 3957 ἀναφορέων
583 3852 995 3943 ἑαυτδνδείξας,
1034 3873 1105 3933 οὗ
1136 3876 1197 3928 τὸ
1220 3869 1357 3945 αἷμα
1384 3875 1497 3936 τοῖς
1524 3870 1855 3941 σωζομένοις
1890 3888 1949 3924 τε
2015 3872 2109 3925 καὶ
2135 3870 2602 3942 εὐφραινομένους,
2625 3864 2849 3935 πότιμόν
2871 3879 2929 3915 τε
2953 3860 3046 3914 καὶ
3076 3856 3338 3926 σωτήριον
3356 3852 3501 3920 γίνεο

239 3947 442 4040 ἰαμ-ὲν
473 3973 691 4047 Χριστῷ
726 3971 902 4043 Ἰησοῦ
923 3968 1002 4041 τῷ
1036 3965 1423 4039 Κυρίῳημῶν,
1450 3957 1495 4033 ᾧ
1549 3964 1583 4034 ἡ
1614 3962 1743 4029 δόξα
1768 3964 1863 4016 καὶ
1933 3963 1995 4018 τὺ
2031 3964 2229 4036 κράτος
2258 3966 2337 4028 είς
2369 3963 2494 4026 τοὺς
2531 3959 2731 4021 αἰῶνας
2755 3956 2862 4009 τῶν
2889 3952 3118 4008 αἰώνων.
3144 3947 3336 4018 Ἀμήν.

864 4102 1104 4158 οΜιΑΙΑ
1151 4099 1224 4155 Δ’.
1274 4132 1299 4157 κ

328 4245 475 4301 Ἰδοὺ
504 4238 563 4297 εἶ
584 4239 764 4308 καλὴ.
794 4240 833 4307 ἡ
877 4236 1145 4304 πλησίον
1167 4251 1286 4304 μου
1302 4249 1316 4264 ο
1341 4230 1471 4286 ιδοὺ
1493 4226 1553 4286 εἴ
1577 4228 1754 4297 καλὴ,
1774 4231 1827 4283 οἱ

245 4336 542 4409 ὀφθαλμοί
570 4350 688 4389 σου
714 4327 1085 4398 περιστερᾶς.
1120 4325 1276 4382 ἰδοὺ
1300 4321 1361 4379 εἷ
1375 4323 1563 4389 καλός
1580 4322 1829 4391 ἀδελφι-

245 4434 283 4487 δ
296 4435 352 4498 ἔς
360 4447 504 4501 μου,
529 4426 630 4482 καί
652 4441 717 4495 γε
740 4421 970 4492 ὡραῖος.
987 4418 1335 4488 Προσκλίνη
1353 4413 1522 4485 ’ἡμῶν
1542 4414 1823 4479 σύσκιος,

246 4524 416 4580 δοκοὶ
431 4521 601 4592 ἡμῶν
629 4517 849 4586 κέδροι,
873 4511 1232 4584 φατνώματα
1250 4510 1417 4578 ἡμων
1434 4505 1823 4574 κυπάρισσοι.

260 4616 404 4686 Ἐγὼ
417 4614 597 4679 ἄνθος
630 4610 735 4665 τοῦ
766 4606 994 4671 πεδίου,
1018 4603 1228 4673 κρίνον
1251 4598 1371 4653 τῶν
1401 4596 1712 4652 κοιλάδων.
1732 4596 1829 4660 Ὠς

248 4711 460 4776 κρίνον
486 4703 737 4774 ἐνμέσῳ
765 4695 1062 4758 ἀκανθῶν,
1110 4693 1297 4757 οὕτως
1335 4691 1373 4758 ἡ
1412 4688 1684 4757 πλησίον
1715 4703 1834 4755 μου

249 4801 370 4858 ἀνὰ
384 4797 576 4869 μέσον
597 4794 717 4848 τῶν
742 4787 1097 4860 θυγατέρων.
1133 4785 1229 4849 Ὠς
1244 4781 1451 4851 μῆλον
1482 4780 1553 4833 ἐν
1578 4777 1702 4843 τοῖς
1727 4777 1836 4840 ξύ-

248 4865 506 4954 λοις-τοῦ
535 4879 785 4953 δρυμοῦ,
813 4879 1001 4942 οὕτως
1027 4871 1350 4941 ἀδελφιδός
1369 4886 1488 4939 μου
1515 4866 1631 4923 ἁνὰ
1641 4865 1839 4936 μέσον

251 4978 375 5035 τῶν
441 4973 607 5032 υἱῶν.
646 4973 744 5027 Ἐν
792 4968 867 5037 τῇ
914 4963 1060 5033 σκιᾷ
1106 4962 1293 5017 αὐτοῦ
1338 4961 1688 5028 ἐπεθύμησα
1737 4955 1838 5011 καὶ

252 5068 526 5131 ἐκάθισα,
574 5064 675 5118 καὶ
723 5059 953 5129 καρπὸς
1008 5054 1194 5111 αὑτοῦ
1228 5050 1461 5124 γλυκὺς
1485 5051 1554 5104 ἐν
1584 5048 1840 5118 λάρυγγί

250 5180 394 5234 μου.
441 5154 806 5226 Εὶσαγάγετέ
835 5169 911 5221 με
959 5152 1046 5219 εὶς
1067 5146 1233 5201 οἷκον
1259 5144 1365 5199 τοῦ
1387 5144 1584 5206 οἴνου,
1622 5139 1840 5203 τάξατε

256 5228 351 5306 ἐπ’
371 5248 475 5321 ἐμὲ
493 5247 755 5317 ἀγάπην.
779 5237 1100 5312 Στηριξατέ
1112 5255 1190 5308 με
1212 5237 1444 5306 μύροις,
1482 5228 1842 5286 στοιϐάσατέ

252 5360 331 5415 με
446 5338 687 5411 μήλοις,
712 5333 801 5389 ὅτι
834 5328 1163 5401 τετρωμένη
1189 5327 1427 5396 ἀγάπης
1442 5323 1573 5395 ἐγώ.
1600 5319 1839 5377 Εὐώνυ-

254 5412 373 5505 μος
390 5429 576 5486 αὐτοῦ
598 5427 717 5483 ὑπὸ
748 5425 863 5491 τὴν
890 5417 1166 5493 κεφαλήν
1175 5435 1315 5490 μου,
1343 5416 1443 5505 καὶ
1466 5417 1505 5485 ἠ
1539 5412 1708 5479 δεξιὰ
1733 5414 1840 5467 αὑ·-

262 5502 374 5578 τοῦ
425 5514 824 5587 περιλήψονται
861 5531 959 5583 με.
1015 5512 1268 5579 Ὠρκισα
1315 5504 1489 5577 ὑμᾶς,
1523 5502 1871 5597 θυγατέρες,δ

275 5609 693 5680 Ἰερουσαλὴμ,
728 5606 796 5660 ὲν
839 5603 1133 5672 δυνάμεσι
1177 5601 1276 5655 καὶ
1318 5600 1390 5653 ἐν
1419 5599 1707 5670 ίσχύσεσι
1739 5597 1845 5651 τοῦ

264 5699 478 5771 ἀγροῦ·
514 5698 623 5753 ἐὰν
647 5695 911 5766 ἐγείρητε
939 5692 1037 5749 καὶ
1069 5691 1403 5763 ἐξεγείρητε
1443 5688 1557 5754 τὴν
1582 5685 1844 5756 ἀγάπην.

265 5793 376 5861 ἕως
412 5790 483 5850 οὗ
517 5790 765 5862 θελήσῃ.

2505 4091 2788 4149 HOMILIA
2818 4089 2909 4143 Ν.

1998 4210 2130 4266 CAP.
2156 4225 2177 4267 ι
2205 4211 2257 4280 ,ᾗ
2288 4209 2375 4264 15.
2408 4206 2540 4262 Ecce
2562 4205 2781 4276 pulchra
2808 4220 2884 4264 es,
2912 4200 3206 4269 propinqua
3230 4211 3363 4255 mea,
3391 4209 3504 4247 ecce

1927 4301 2148 4372 pulchra
2191 4317 2281 4365 es;
2314 4297 2449 4353 oculi
2484 4298 2561 4352 tui
2593 4295 2868 4350 columbis.
2913 4291 2999 4345 16.
3032 4289 3162 4343 Ecce
3187 4285 3399 4357 pulcher
3425 4301 3502 4346 es,

1928 4393 2187 4460 patruelis
2224 4409 2369 4446 meus
2397 4398 2447 4444 et
2491 4390 2775 4459 formosus.
2811 4385 2897 4437 l7.
2924 4382 3172 4436 Lectulus
3197 4387 3370 4432 noster
3393 4393 3507 4429 um-

1848 4492 1857 4501 ’
1929 4482 2338 4539 brosus.Trabes
2356 4490 2553 4535 nostra:
2571 4479 2732 4544 cedri,
2747 4475 3019 4547 laquearia
3044 4480 3228 4525 nostra
3248 4467 3504 4537 cupressi.

1860 4569 1903 4624 Ῑ)
1931 4576 2057 4632 CAP.
2079 4590 2137 4639 ιι,
2154 4575 2187 4644 ﬁ
2207 4576 2255 4628 ι.
2278 4573 2389 4644 Ego
2404 4574 2504 4642 ﬂos
2531 4571 2723 4640 campi,
2744 4570 2914 4622 lilium
2936 4564 3273 4621 convallium.
3292 4561 3346 4614 2.
3363 4559 3507 4614 Sicut

1937 4668 2111 4723 lilium
2134 4669 2270 4721 inter
2291 4666 2494 4735 spinas,
2513 4664 2591 4717 sic
2610 4678 2762 4716 soror
2782 4676 2897 4715 mea
2925 4659 3062 4712 inter
3083 4657 3244 4726 ﬁlias.
3281 4655 3334 4708 5.
3362 4650 3509 4708 Sicut

1933 4773 2147 4828 pontum
2198 4758 2251 4810 in
2295 4755 2452 4826 lignis
2507 4752 2679 4818 silvte,
2735 4752 2812 4806 sic
2869 4748 3127 4820 patruelis
3178 4762 3322 4799 meus
3375 4746 3510 4795 inter

1936 4849 2098 4919 filios.
2133 4845 2239 4903 Sub
2269 4845 2462 4900 umbra
2489 4844 2605 4913 ejus
2631 4840 2931 4896 desideravi
2976 4849 3026 4894 et
3056 4836 3188 4903 sedi,
3214 4844 3264 4889 et
3304 4834 3512 4904 fructus

1932 4957 2048 5009 ejus
2097 4938 2271 4993 dulcis
2314 4939 2371 4992 in
2413 4944 2624 5007 gutture
2673 4949 2807 4987 meo.
2841 4930 2894 4984 4.
2939 4928 3268 4983 Introducite
3318 4941 3399 4979 me
3455 4925 3509 4976 in

1938 5033 2128 5088 cellam
2194 5030 2455 5084 vinariam
2514 5041 2534 5080 :
2596 5025 2837 5079 ordinate
2890 5023 2948 5077 in
3024 5037 3103 5075 me
3175 5018 3490 5073 charitatem

1938 5119 2213 5178 5.Fulcite
2233 5135 2314 5173 me
2339 5117 2639 5188 unguentis,
2659 5115 2874 5168 sternite
2899 5111 3028 5166 mihi
3046 5121 3219 5163 lorum
3246 5107 3297 5158 in
3326 5104 3513 5166 ntalis;

1938 5216 2065 5286 quia
2096 5228 2212 5267 sum
2241 5211 2484 5265 sauciata
2515 5225 2549 5263 a
2579 5207 2879 5262 dilectione.
2911 5203 2964 5257 6.
3000 5200 3235 5255 Sinistra
3268 5195 3383 5263 ejus
3415 5194 3511 5247 sub

1941 5307 2111 5374 capite
2178 5319 2330 5367 meo,
2404 5309 2455 5356 et
2507 5299 2708 5354 dextra
2780 5296 2895 5365 ejus
2967 5286 3357 5359 amplexabitur
3411 5298 3512 5337 me.

1946 5399 1997 5452 7.
2032 5397 2291 5467 Adjuravi
2318 5411 2429 5460 vos,
2464 5393 2593 5463 ﬁlia:
2638 5387 2955 5451 Jerusalem,
2986 5385 3045 5438 in
3091 5376 3443 5451 potestatibus
3466 5389 3513 5430 et

1948 5490 2233 5549 virtutibus
2279 5489 2435 5558 agri,
2493 5486 2541 5540 si
2572 5482 2813 5538 excitetis
2862 5486 2912 5533 et
2967 5472 3255 5545 expergisci
3299 5468 3511 5539 faciatis

1946 5580 2281 5643 charitatem,
2310 5576 2475 5631 donec
2500 5573 2640 5628 velit.
