3874 6422
519 395 618 453 831

1787 402 1843 460 S.
1868 400 2191 460 GBEGONI
2221 404 2514 462 NYSSEXI

3664 406 3751 463 82‘:

586 514 760 568 Aiunt
791 527 888 569 eos
916 515 1005 584 qui
1041 529 1235 570 aurum
1267 524 1385 572 arte
1414 527 1744 589 expurgant,
1780 522 1827 575 si
1859 537 1956 591 per
1986 521 2090 574 ali-

2264 524 2401 577 Φασὶ
2426 525 2550 587 τοὺς
2584 521 2644 577 τὸ
2676 523 2896 595 χρυσίον
2935 523 3378 594 ἐκκαθαίροντας,
3412 525 3465 578 εί
3498 521 3590 581 διὰ
3630 540 3752 590 τινος

516 620 679 674 quam
696 605 1053 661 sordidiorem
1070 607 1351 663 materiam
1370 610 1437 665 de
1455 611 1727 666 industria
1748 613 2088 683 permistam,

523 697 820 752 obscurata
851 698 1013 751 fuerit
1048 700 1404 769 pulchritudo
1436 702 1768 773 splendoris,
1818 718 1914 773 per
1946 704 2091 775 ignis

518 787 791 841 fusionem
850 789 1022 842 colori
1078 789 1278 845 afferre
1326 795 1651 856 remedium.
1680 802 1733 849 et
1786 795 1889 851 hoc
1946 811 2092 866 saepe

520 881 719 943 facere,
751 888 805 934 et
862 881 915 934 in
950 882 1196 950 qualibet
1251 884 1473 941 fusione
1507 887 1883 952 considerare,
1915 904 2091 959 quan-

519 977 630 1020 tum
665 986 859 1023 aurum
915 983 1039 1042 post
1093 974 1329 1044 priorem
1389 975 1446 1030 in
1501 979 1862 1049 sequentibus
1927 979 2092 1034 fuerit

519 1061 861 1124 coloratius,
911 1078 1090 1133 neque
1146 1066 1302 1134 prius
1349 1082 1570 1125 cessare
1622 1069 1748 1140 igne
1806 1072 2089 1126 materiam

519 1165 845 1220 expmgare,
880 1169 1044 1222 quam
1098 1156 1216 1226 ipsa
1249 1158 1369 1212 auri
1412 1159 1626 1229 species
1660 1160 1763 1213 sibi
1816 1159 1919 1230 ipsi
1954 1160 2093 1215 ferat

520 1243 917 1309 testimonium,
949 1246 1095 1315 quod
1131 1248 1208 1302 sit
1238 1264 1374 1319 pura
1406 1262 1459 1304 et
1497 1250 1726 1306 minime
1756 1252 2089 1307 adulterina.

517 1330 765 1396 Quanam
801 1344 986 1390 autem
1038 1336 1107 1392 de
1156 1355 1345 1403 causa,
1377 1356 1566 1396 eorum
1601 1358 1723 1413 qua:
1770 1343 1912 1399 lecta
1961 1354 2093 1399 sunt

517 1430 846 1490 praesentem
905 1433 1211 1483 tractantes
1266 1433 1830 1501 contemplationem,
1893 1435 2090 1489 horum

520 1511 958 1577 meminerimus,
993 1516 1085 1570 flet
1108 1518 1269 1573 nobis
1293 1519 1653 1577 manifestum
1679 1538 1744 1578 ex
1772 1524 1895 1593 ipso
1920 1539 2088 1580 sensu

518 1615 709 1654 eorum
738 1619 861 1672 quae
890 1606 1094 1676 scripta
1130 1618 1278 1663 sunt.
1314 1612 1492 1667 Aurea
1530 1614 1601 1668 ab
1646 1614 1807 1670 initio
1835 1625 1955 1671 erat
1985 1616 2092 1671 hu-

519 1703 682 1742 mana
717 1702 933 1761 natura,
967 1704 1021 1750 et
1076 1701 1434 1768 resplendens
1465 1704 1849 1771 similitudine,
1887 1724 2009 1778 quae
2045 1710 2093 1763 t‘i

521 1777 895 1839 intercedebat
946 1801 1070 1842 eum
1122 1791 1267 1846 bono
1317 1792 1557 1861 sincero,
1605 1806 1658 1852 et
1711 1797 1766 1851 in
1797 1777 1943 1868 quod
1985 1816 2093 1855 non

2202 615 2597 686 ρυπαρωτέρας
2618 614 2748 686 ὕλης
2781 615 2906 668 κατ’
2929 608 3195 685 ἐπιϐολὴν
3215 616 3581 688 ἐμμιχθείσης
3598 619 3752 687 ἀμαυ·

2202 704 2402 776 ρωθείη
2432 705 2531 774 τῆς
2545 704 2887 776 λαμπηδόνος
2917 706 2976 759 τὸ
3007 706 3220 773 κάλλος,
3248 710 3313 778 τῇ
3341 707 3431 762 διὰ
3467 706 3566 761 τοῦ
3604 708 3753 780 πυρὸς

2197 798 2397 869 χωνείᾳ
2424 797 2748 866 θεραπεύειν
2772 796 2868 869 τὴν
2893 797 3198 869 δοσχροίαν,
3216 799 3311 852 καὶ
3334 798 3599 863 πολλάκις
3619 799 3756 854 τοῦτο

2198 890 2393 953 ποιεῦ),
2442 886 2538 942 καὶ
2590 888 2712 941 καθ’
2746 889 2982 957 ἑκάστην
3008 889 3234 957 χωνείαν
3269 892 3623 956 ἐπισκοπεῖν,
3652 891 3756 945 ὅσον

2200 978 2352 1050 παρά
2377 978 2473 1048 τὴν
2507 978 2775 1049 προτέραν
2804 980 2860 1031 ἐν
2889 982 3005 1043 τοῖς
3033 978 3232 1050 ἐφεξῆς
3269 982 3496 1050 γέγονεν
3524 983 3554 1034 ὁ
3581 985 3755 1052 χρυσὸς

2201 1070 2588 1144 εὖχροώτερος,
2613 1072 2704 1125 καὶ
2728 1070 2806 1143 μὴ
2821 1073 3081 1144 πρότερον
3107 1072 3376 1128 παύεσθαι
3401 1074 3484 1146 τῷ
3519 1075 3651 1145 πυρὶ
3674 1074 3756 1146 τὴν

2202 1162 2335 1234 ὓλην
2357 1162 2845 1233 ἀποκαθαίροντας,
2865 1163 2968 1227 ἕως
2986 1164 3115 1217 αύτὸ
3131 1166 3352 1236 χρυσίου
3364 1165 3425 1218 τὸ
3442 1157 3584 1229 εἶδος
3602 1166 3757 1235 ἐαυτῷ

2204 1255 2535 1327 μαρτυρήσῃ·
2583 1254 2643 1307 τδ
2663 1253 2898 1326 καθαρόν
2947 1271 3004 1307 τε
3033 1256 3125 1309 καὶ
3166 1256 3577 1327 ἀκιὸδήλευτον.
3621 1257 3759 1320 Τίνος

2199 1344 2257 1398 δέ
2310 1344 2469 1414 χάριν
2495 1344 2592 1414 τῆς
2625 1343 2906 1415 παρούσης
2936 1344 3042 1398 τῶν
3055 1345 3487 1417 ἀνεγνωσμένων
3548 1347 3759 1419 θεωρίας

2201 1436 2513 1507 ἁπτόμενοι,
2545 1436 2750 1489 τούτων
2798 1436 2898 1507 τὴν
2926 1438 3145 1508 μνήμην
3178 1439 3583 1509 ἐποιησάμεθα,
3625 1440 3761 1511 δῆλον

2201 1531 2331 1601 ἡμῖν
2366 1526 2425 1594 ἐξ
2452 1528 2624 1596 αύτῆς
2651 1530 2752 1599 τῆς
2779 1526 3016 1591 διανοίας
3051 1528 3160 1582 τῶν
3188 1531 3596 1602 γεγραμμένων
3620 1536 3756 1604 γενήτ

2203 1639 2372 1675 σεται.
2412 1621 2602 1694 Χρυσῆ
2624 1638 2704 1684 τις
2729 1615 2796 1691 ἦν
2818 1620 2878 1672 τὸ
2901 1622 3178 1692 καταρχὰς
3199 1626 3229 1693 ἡ
3250 1622 3571 1695 ἀνθρωπίνη
3602 1624 3755 1693 enim,

2202 1715 2294 1767 καὶ
2308 1714 2599 1784 λάμπουσα
2622 1713 2687 1782 τῇ
2709 1715 2846 1785 πρὸς
2871 1713 2931 1767 τὸ
2954 1714 3229 1785 ἀκήρατον
3252 1715 3457 1782 ἀγαθὸν
3471 1717 3757 1786 ὁμοιότητι·

2202 1803 2337 1858 ἀλλά
2363 1803 2625 1875 δύσχρους
2658 1805 2751 1857 καὶ⁸
2792 1805 3015 1876 μέλαινα
3054 1806 3191 1876 μετά
3229 1805 3385 1858 τοῦτο
3411 1809 3486 1877 τῇ
3531 1806 3758 1878 ἐπιμιξίᾳ.

519 1871 666 1925 cadit
697 1874 992 1933 interitus:
1024 1879 1119 1936 sed
1171 1881 1396 1938 decolor
1424 1893 1478 1940 et
1527 1886 1691 1958 nigra
1734 1899 1920 1959 postea
1955 1889 2090 1945 facta

2200 1896 2298 1965 τῆς
2352 1896 2549 1958 κακίας
2619 1894 2855 1962 ἐγένετο,
2906 1894 3089 1960 καθὼς
3141 1897 3198 1949 ἐν
3251 1898 3364 1959 τοῖς
3409 1898 3652 1967 πρώτοις
3680 1898 3755 1950 τοῦ

517 1971 605 2015 est
654 1979 751 2032 per
805 1967 1192 2027 admistionem
1215 1975 1356 2039 vitii,
1387 1981 1664 2046 quomodo
1716 1980 1769 2034 in
1826 1982 2096 2051 principio

518 2052 726 2108 (Iautici
757 2058 1067 2115 audivimus
1095 2078 1355 2132 sponsam
1381 2069 1679 2135 dicentem,
1704 2073 1850 2143 quod
1882 2075 2095 2145 nigram

518 2156 636 2197 eam
660 2144 857 2202 fecerit
873 2152 1203 2222 negligentia
1223 2158 1489 2214 custodia:
1523 2162 1710 2225 vineae,
1729 2164 1887 2234 cujus
1899 2181 2097 2223 curans

517 2235 924 2295 deformitatem
973 2246 1069 2313 qui
1124 2246 1180 2301 in
1229 2250 1499 2319 sapientia
1555 2256 1738 2308 omnia
1796 2256 2099 2312 fabricatur

522 2325 688 2391 Deus,
724 2344 831 2384 non
866 2335 1216 2392 machinatur
1252 2340 1307 2393 in
1336 2355 1399 2395 ea
1455 2357 1652 2399 novam
1685 2347 1927 2417 aliquam
1976 2365 2098 2419 qua:

521 2432 630 2471 non
666 2422 820 2488 prius
849 2432 967 2479 erat
996 2428 1487 2496 pulchritudinem,
1522 2435 1615 2490 sed
1641 2452 1737 2507 per
1763 2440 2095 2497 solutionem

521 2508 588 2562 ad
620 2511 856 2578 priorem
890 2515 1105 2572 reducit
1141 2522 1395 2589 gratiam,
1440 2539 1559 2578 eam
1605 2542 1725 2596 quae
1759 2530 1893 2585 vitio
1922 2531 2098 2588 fuerat

520 2601 846 2670 nigrefacta,
904 2606 1184 2665 fundendo
1233 2627 1297 2666 ac
1358 2617 1649 2673 conﬂando
1699 2620 1974 2679 deducens
2028 2626 2095 2680 ad

518 2694 885 2751 sinceritatem
919 2700 971 2753 in
1002 2718 1166 2771 quam
1200 2721 1309 2761 non
1334 2708 1477 2763 cadit
1509 2710 1782 2769 interitus.
1815 2714 2097 2783 Quomodo

515 2801 644 2853 ergo
692 2790 847 2857 periti
898 2801 950 2846 et
1002 2794 1293 2866 diligentes
1357 2802 1650 2869 aurifi'ces,
1693 2815 1816 2876 post
1865 2810 2095 2879 primam

520 2878 789 2931 fusionem
825 2885 1183 2940 considerant
1204 2901 1406 2959 quanta
1438 2896 1831 2963 pulchritudini
1859 2878 1999 2956 facta
2024 2903 2096 2958 sit

517 2970 767 3022 accessio
795 2974 1052 3037 materiae,
1081 2979 1240 3047 cujus
1295 2983 1488 3038 sordes
1540 2986 1662 3055 igne
1708 2987 1927 3045 fuerant
1960 3010 2094 3048 con-

517 3067 749 3127 sumptae
775 3080 787 3114 :
821 3072 875 3116 et
900 3079 1092 3123 rursus
1124 3067 1265 3124 facta
1296 3075 1535 3129 secunda
1580 3078 1817 3147 fusione,
1844 3086 2096 3142 conside-

2203 1986 2479 2058 ’ᾄσματος
2498 1987 2595 2057 τῆς
2619 1987 2836 2059 νύμφης
2853 1987 3187 2058 ἠκούσαμεν,
3220 1989 3301 2041 ὅτι
3332 1987 3598 2059 μέλαιναν
3618 1989 3757 2058 αὐτὴν

2198 2078 2455 2149 ἐποίησεν
2485 2080 2519 2148 ἡ
2552 2076 2646 2131 τοῦ
2679 2077 2999 2148 ἀμπελῶνος
3036 2077 3315 2151 ὀλιγωρία,
3361 2074 3429 2151 ἧς
3464 2079 3756 2151 θεραπεύων

2198 2170 2296 2241 τὴν
2325 2164 2689 2242 δυσμορφίαν
2712 2172 2740 2222 ὁ
2774 2168 2949 2223 πάντα
2976 2171 3033 2224 ἐν
3066 2171 3224 2242 σοφίᾳ
3265 2173 3596 2241 τεχνιτεύων
3623 2170 3752 2231 θεὸς.

2198 2264 2257 2316 ού
2295 2263 2479 2316 καινόν
2512 2279 2564 2314 τι
2587 2261 2780 2324 κάλλος
2812 2263 2897 2315 ἐπ’
2926 2261 3092 2332 αὐτὴν
3127 2265 3455 2333 μηχανᾶται,
3490 2263 3520 2316 δ
3544 2265 3617 2334 μὴ
3648 2263 3757 2333 πρό-

2196 2372 2354 2425 τερον
2396 2350 2484 2425 ἦν,
2535 2353 2647 2406 ἀλλ’
2685 2352 2778 2406 ἐπὶ
2807 2352 2907 2424 τὴν
2944 2352 3167 2424 πρώτην
3200 2353 3466 2421 ἐπανάγει
3495 2355 3671 2425 χάριν,
3703 2353 3756 2406 δι’

2197 2447 2507 2510 ἀναλύσεως
2542 2447 2641 2518 τὴν
2672 2445 2753 2516 τῷ
2799 2445 2955 2515 κακῷ
3008 2445 3360 2515 μελανθείσαν
3388 2446 3754 2517 μεταχωνεύων

2200 2543 2334 2613 πρὸς
2357 2543 2418 2595 τὸ
2432 2534 2742 2612 ἀκήρατον.
2777 2539 2989 2609 Ὥσπερ
3028 2538 3203 2591 τοίνυν
3226 2540 3273 2591 oi
3306 2538 3557 2608 ἀκριϐεῖς
3583 2552 3753 2608 χρυσο-

2197 2632 2477 2705 γνὼμονες
2528 2630 2663 2702 μετά
2710 2628 2817 2702 τὴν
2853 2627 3076 2699 πρώτην
3110 2630 3336 2699 χωνείαν
3364 2626 3752 2689 ἐπισκοποῦσιν,

2197 2727 2319 2780 ὅσον
2350 2724 2621 2778 ἐπέδωκεν
2670 2725 2748 2784 εἴς
2786 2721 2974 2784 κάλλος
2997 2721 3031 2791 ἡ
3066 2719 3165 2790 ὕλη
3198 2718 3276 2790 τῷ
3306 2721 3453 2791 πυρί
3479 2720 3575 2773 τὸν
3605 2720 3750 2789 ῥύπον

2197 2817 2641 2885 ἐνδαπανή’σασα’
2694 2813 2788 2868 καὶ
2851 2811 3010 2867 πάλιν
3042 2812 3299 2883 δευτέρας
3332 2811 3625 2879 γεγονυίας
3658 2828 3752 2880 χω-

2197 2911 2365 2974 νείας,
2400 2910 2546 2981 εἰμὴ
2579 2907 2777 2971 ἱκανῶς
2822 2904 2972 2977 παρὰ
2997 2904 3093 2976 τὴν
3122 2903 3346 2976 πρώτην
3390 2903 3753 2974 ἀπεκαθάρθη.

2196 3004 2257 3057 τὸ
2288 3001 2582 3075 προστεθὲν
2616 2999 2809 3063 κάλλος
2838 2997 3258 3066 ἐπιλογίζονται,
3290 2997 3383 3050 καὶ
3416 2995 3672 3059 πολλάκις
3703 2993 3752 3046 τὸ

2198 3098 2312 3151 ἴσον
2365 3093 2667 3156 ποιοῦντες,
2701 3091 2789 3145 ἀεὶ
2820 3090 2917 3154 τὰς
2956 3089 3049 3143 τοῦ
3081 3089 3309 3152 κάλλους
3342 3089 3655 3161 προσθήκας
3682 3085 3753 3140 διὰ

517 3157 642 3201 rant
681 3167 861 3206 annon
904 3155 1085 3211 addita
1122 3160 1177 3213 in
1206 3163 1379 3230 prima
1435 3167 1571 3223 satis
1596 3185 1893 3244 expurgatu
1933 3176 2090 3233 fuerit

519 3240 863 3265 ιιι..1,.1...ζι--.ι-
966 3257 1002 3265 ,.
1353 3255 1386 3265 ι.
1522 3258 1542 3265 ..
1608 3259 1618 3265 .

2196 3189 2296 3259 τῆς
2324 3184 2747 3257 ἐπιπημονικῆς
2774 3182 3094 3253 δοκιμασίας
3127 3176 3751 3248 ἐπιγινώσκουσιν-οὓτω

519 3240 902 3307 pulchritudo,
955 3257 1008 3301 et
1043 3265 1187 3320 smpe
1252 3255 1457 3323 pariter
1518 3240 1816 3329 facientes,
1879 3281 2090 3337 semper

2332 3240 2429 3331 νῦν
2474 3240 2908 3345 δ”θερλτέὲυτὴξ
2953 3269 3047 3324 τοῦ
3076 3240 3453 3341 ⁷μελανθέντος
3517 3269 3750 3342 χρυσίου,

517 3343 822 3400 agnoscunt
857 3352 952 3406 per
987 3342 1362 3409 probationem
1405 3364 1472 3404 ex
1504 3352 1728 3419 scientia
1769 3358 2091 3426 profectam,

516 3428 866 3484 accessiones
895 3432 1319 3500 pulchritudinis
1352 3440 1464 3495 :ita
1510 3443 1675 3498 ctiam
1708 3462 1854 3503 nunc
1879 3465 2094 3520 quoque

516 3518 609 3586 qui
642 3534 776 3573 auro
810 3524 1114 3593 nigrefacto
1144 3530 1365 3586 adhibet
1403 3535 1729 3602 remedium,
1766 3555 1892 3595 cum
1924 3545 2090 3601 veluti

515 3614 751 3677 quadam
786 3615 1000 3674 fusione
1027 3621 1288 3678 adhibitis
1340 3625 1755 3687 medicamentis
1788 3635 1991 3691 claram
2025 3655 2090 3695 ac

514 3704 739 3758 nitidam
778 3709 1109 3766 red.!idisset
1159 3715 1443 3774 animam:
1478 3719 1532 3775 in
1578 3723 1649 3776 iis
1701 3726 1920 3794 quidem
1969 3746 2092 3800 qua:

513 3810 933 3864 praecesserunt,
967 3804 1252 3874 cujusdam
1294 3810 1444 3880 equi,
1473 3813 1527 3867 in
1557 3829 1625 3869 eo
1659 3818 1804 3887 quod
1840 3831 2087 3891 apparet,

510 3887 559 3939 ei
610 3903 712 3943 suo
761 3895 1078 3951 testimonio
1127 3899 1322 3954 tribuit
1377 3887 2092 3972 pulchritudinemi-nune

513 3992 697 4036 autem
760 3992 1021 4055 tanquam
1074 3992 1303 4062 virginis
1358 3995 1425 4049 de
1478 4007 1680 4055 cetero
1736 4017 2091 4074 apparentem

2192 3370 2443 3439 καθάπερ
2472 3367 2578 3420 τινὶ
2607 3364 2751 3437 χὼνῃ
2777 3362 2954 3435 ψυχὴν
2983 3362 3057 3415 λα
3068 3362 3318 3433 μπρύνας
3344 3363 3434 3416 διὰ
3459 3364 3571 3416 τῶν
3599 3376 3743 3432 προσ-

2192 3462 2466 3533 αχθέντων
2520 3458 2656 3528 αὐτῇ
2722 3455 3065 3548 φαρμάκιον·
3113 3455 3183 3506 ἐν.
3213 3452 3311 3548 μέν
3347 3455 3459 3515 τοῖς
3512 3451 3749 3548 φθάσασιν

2193 3554 2360 3606 ἵππου
2405 3547 2551 3610 τινὸς
2603 3545 2908 3616 εὐμορφίαν
2941 3541 3016 3612 τῷ
3043 3542 3351 3613 φαινομένῳ
3392 3541 3749 3612 προσεμαρτύ-

2202 3660 2332 3717 ρησε
2359 3660 2372 3673 ·
2409 3642 2502 3696 νῦν
2552 3639 2609 3693 δὲ
2651 3639 2726 3701 ὼς
2774 3636 3046 3709 παρθένου
3091 3634 3277 3707 λοιπὸν
3326 3632 3663 3727 ,ἀποδέχεται

2198 3736 2468 3803 ἀναφανέν
2507 3732 2644 3802 αὐτῇ
2672 3729 2884 3792 κάλλος.
2919 3728 3055 3798 Φησὶ
3083 3726 3222 3798 γάρ·
3265 3725 3420 3780 Ἰδοὺ
3450 3718 3748 3789 εἴκαλῆνῆ

2196 3824 2470 3891 πλησίον
2519 3841 2658 3891 μου,
2702 3820 2828 3875 ιδοὺ
2879 3814 2939 3873 εἷ
2986 3816 3195 3885 καλήν
3232 3820 3286 3871 οἱ
3320 3816 3617 3887 ὀφθαλμοί
3649 3828 3748 3868 σου

2198 3913 2559 3984 περιστεραί.

2170 4010 2411 4068 admittit
2457 4007 2578 4077 ejus
2636 4002 3119 4076 pulchritudinem.
3184 3998 3335 4055 Dicit
3378 3999 3575 4055 enim:
3638 3996 3749 4052 Em

510 4078 732 4142 pulchra
757 4095 833 4137 es.
859 4085 1153 4150 propinqua
1176 4102 1312 4150 mea,
1337 4104 1459 4142 erce
1473 4092 1694 4158 pulchra
1721 4112 1797 4150 es.
1827 4097 1985 4155 Oculi
2007 4108 2085 4159 lui
2122 4104 2397 4161 columba.

586 4164 752 4219 Docet
774 4178 953 4223 autem
983 4173 1156 4227 oratio
1183 4190 1280 4245 per
1304 4193 1365 4231 ea
1393 4195 1514 4248 quae
1537 4184 1739 4254 scripta
1764 4198 1915 4257 sunt,
1945 4193 2089 4250 hanc

513 4255 938 4322 pulchritudinis
988 4276 1110 4317 esse
1161 4269 1633 4339 resumptionem,
1690 4280 1837 4347 quod
1895 4255 2088 4345 rursus

515 4361 663 4414 appri
691 4347 975 4417 piuquarit
1001 4369 1141 4409 vera:
1176 4358 1591 4431 pulchritudini,
1623 4381 1652 4420 a
1688 4385 1795 4439 qua
1836 4379 2084 4434 recessit.

421 4498 428 4507 η
514 4437 825 4509 υἰείιηιτιιὶιι]
852 4461 866 4496 :
902 4442 1035 4498 Ecce
1064 4447 1287 4514 pulchra
1309 4466 1384 4516 es,
1412 4437 1719 4527 propinqua
1753 4478 1888 4517 mea.
1919 4464 2088 4540 Prop-

509 4535 678 4593 terea,
714 4532 910 4602 inquit,
955 4546 1115 4591 antea
1147 4555 1256 4594 non
1292 4556 1414 4599 eras
1447 4546 1675 4616 pulchra

509 4619 624 4670 vitii
662 4626 1192 4695 appropinquatione
1225 4644 1254 4683 a
1297 4633 1559 4702 primaria
1610 4619 1917 4700 abalienata
1959 4649 2084 4717 pul-

508 4711 838 4773 chritudine.
888 4727 1254 4776 transmutata
1314 4724 1483 4782 fueris
1533 4731 1600 4785 ad
1652 4711 2083 4794 deformitatem.

506 4803 565 4856 id
609 4815 793 4860 autem
822 4810 968 4877 quod
998 4812 1203 4869 dicitur
1225 4825 1311 4871 est
1330 4817 1839 4887 ejusmodizLiheri
1871 4830 2085 4887 arbitrii

506 4909 679 4963 capax
716 4896 863 4951 ᾔει-ια
892 4908 977 4955 est
1005 4901 1244 4959 humana
1276 4916 1496 4976 natura,
1532 4919 1588 4966 et
1634 4914 1703 4968 ad
1754 4917 1898 4985 quod
1959 4934 2081 4975 eam

502 4986 655 5042 ducit
681 4989 919 5045 instituti
952 4994 1036 5048 sui
1070 4995 1356 5053 electionis
1387 5000 1693 5070 inclinatio,
1729 5023 1794 5062 ex
1825 5023 1890 5063 eo
1917 5010 2083 5065 etiam

416 5124 420 5127 .
504 5091 770 5136 mutatur.
801 5080 934 5139 Nam
962 5096 1015 5143 et
1044 5087 1089 5142 si
1118 5088 1211 5143 irae
1240 5093 1546 5163 susceperit
1590 5104 1797 5152 motum
1819 5138 1836 5163 ,
1865 5101 1924 5155 fit
1971 5100 2083 5156 ira-

501 5175 678 5229 cunda
709 5196 725 5231 :
755 5187 807 5231 et
832 5179 877 5233 si
906 5179 1249 5236 dominatum
1283 5184 1583 5242 obtinuerit
1636 5190 1931 5261 cupiditas,
1964 5194 2081 5249 sol-

500 5264 646 5319 vitur
684 5266 738 5321 in
771 5272 1125 5340 voluptatem.
1176 5272 1334 5341 Quod
1359 5276 1406 5332 si
1434 5277 1502 5331 ad
1527 5292 1733 5335 metum
1756 5290 1810 5336 et
1839 5282 2085 5340 formidi-

507 5369 626 5409 nem
656 5367 710 5413 et
742 5361 987 5432 singulas
1022 5366 1192 5421 animi
1248 5370 1694 5439 perturbationes
1739 5371 1881 5429 facta
1916 5375 2086 5431 fuerit

509 5453 816 5519 conversio,
859 5458 1007 5513 subit
1038 5456 1244 5517 formas
1273 5464 1714 5536 uniuscujusque
1748 5467 1915 5522 animi
1959 5485 2082 5539 per-

512 5536 836 5629 turbationis
863 5565 877 5601 :
911 5552 1187 5618 quomodo
1216 5555 1382 5609 etiam
1413 5563 1605 5611 contra
1632 5556 1847 5622 lenitas,
1872 5536 2084 5629 patien—

514 5620 611 5720 ιξξιν
637 5632 864 5705 puritas,
892 5655 1024 5709 pax,
1054 5641 1150 5698 irae
1173 5661 1283 5701 non
1330 5662 1454 5703 esse
1505 5648 1828 5713 obnoxium,
1861 5652 2084 5720 azgritu-

515 5705 656 5810 dlne.
685 5730 869 5781 carere
917 5733 974 5779 et
1006 5731 1273 5801 molestia,
1326 5737 1549 5793 minime
1582 5738 1918 5810 perturbari,
1969 5741 2081 5796 haec

513 5798 694 5853 omnia
723 5823 841 5871 Cum
878 5820 938 5872 in
974 5828 1032 5868 se
1054 5832 1375 5896 Suscepent,
1419 5828 1855 5901 uniuscujusque
1886 5831 2079 5887 Ιιοηιῐη

2258 4193 2515 4250 Παιδεύει
2539 4190 2628 4245 διὰ
2656 4189 2763 4244 τῶν
2799 4187 3106 4260 εἰρημένων
3135 4188 3165 4241 ὁ
3192 4186 3368 4256 λόγος,
3396 4185 3600 4256 ταύτην
3629 4179 3744 4236 εἶναι

2185 4286 2279 4341 τοῦ
2310 4284 2541 4347 κάλλους
2591 4283 2692 4352 τὴν
2754 4279 3117 4349 ἐπανάληψιν,
3166 4278 3226 4332 τὸ
3260 4277 3488 4348 πλησίον
3521 4273 3743 4374 γενέσθαι

2187 4378 2284 4447 τῆς
2332 4374 2429 4428 τοῦ
2476 4372 2642 4428 καλοῦ
2700 4374 2902 4442 πηγῆς,
2960 4371 3051 4424 καὶ
3103 4371 3463 4441 προσεγγίσαι
3504 4369 3741 4432 πάλιντῴ

2187 4468 2425 4538 ἀληθινῷ
2459 4465 2667 4530 κάλλει,
2712 4459 2779 4518 οὗ
2810 4462 3165 4534 ἀπεφοίτησε.
3199 4464 3336 4534 ⁴Ιιησὶ
3360 4464 3499 4532 γάρ’
3541 4460 3676 4518 Ἰδοὺ
3701 4452 3742 4511 εί

1701 4593 1717 4619 ,
1757 4554 1903 4623 quod
1943 4559 2085 4613 mala
2117 4593 2165 4652 υ
2191 4561 2372 4627 καλὴ,
2403 4561 2440 4628 ἡ
2464 4556 2732 4626 πλησίον
2744 4574 2885 4652 μου..
2918 4556 3018 4610 Δίὰ
3037 4554 3196 4652 τούτο
3214 4555 3474 4652 προτερον
3489 4548 3731 4652 ούκᾼῆσθτ

2195 4651 2356 4722 καλὴ,
2386 4649 2518 4703 διότι
2550 4645 2645 4701 τοῦ
2674 4646 2983 4719 ἀρχετύπου
3009 4645 3238 4710 κάλλους
3282 4645 3670 4711 άποξενωθεῖσα
3686 4642 3737 4709 τῇ

2194 4741 2409 4812 πονηρᾷ
2440 4738 2733 4809 γειτνιάσει
2777 4738 2877 4809 τῆς
2906 4737 3104 4801 κακίας
3131 4737 3268 4809 πρὸς
3308 4737 3370 4791 τὸ
3418 4736 3649 4834 εἰδεχθές
3666 4730 3741 4834 ἡλ-

2191 4831 2441 4902 λοιώθης.
2476 4831 2548 4884 Τὸ
2570 4831 2627 4884 δὲ
2647 4831 2939 4902 λεγόμενον
2974 4829 3211 4883 τοιοῦτόν
3241 4830 3633 4899 ἐστι”Δεκτική
3654 4829 3740 4877 τῶν

2190 4924 2334 4977 κατά
2356 4923 2582 4994 γνώμην
2616 4924 2836 4991 γέγονεν
2870 4924 2903 4992 ἡ
2936 4921 3251 4993 ἀνθρωπίνη
3294 4921 3476 4991 φύσις,
3511 4918 3739 4988 καὶπρὸς

2188 5013 2326 5087 ὅπερ
2359 5013 2425 5068 ἂν
2478 5016 2511 5085 ἡ
2573 5014 2715 5085 ῥοπὴ
2745 5014 2841 5082 τῆς
2871 5014 3245 5084 προαιρέσεως
3277 5013 3444 5083 αὐτὴν
3476 5013 3618 5081 ἄγει,
3643 5005 3737 5063 κατ’

2188 5107 2363 5160 ἐκεῖνο
2382 5106 2476 5160 καὶ
2505 5103 2937 5160 sumam/ros
2961 5121 3017 5157 τε
3041 5104 3149 5177 γάρ
3167 5104 3337 5175 θυμοῦ
3356 5100 3736 5175 παραδεξαμένη

2185 5196 2249 5251 τὸ
2276 5197 2462 5264 πάθος,
2496 5195 2753 5267 θυμώδης
2780 5196 2992 5265 γίνεται
3016 5212 3030 5226 ·
3063 5196 3159 5250 καῖ
3190 5197 3290 5268 τῆς
3322 5195 3612 5266 ἐπιθυμίας
3640 5196 3737 5246 ἐπι-

2185 5290 2564 5362 κρατησάσης,
2615 5290 2697 5353 είς
2758 5288 2950 5361 ἡδονὴν
2972 5287 3269 5342 διαλύεται.
3299 5288 3440 5360 Πρός
3482 5287 3668 5341 δειλίαν
3691 5297 3735 5335 τε

2187 5382 2282 5435 καὶ
2305 5382 2488 5450 φόϐον,
2510 5383 2605 5436 καί
2626 5379 2695 5434 τά
2719 5379 2843 5435 καθ’
2870 5382 3097 5436 ἕκαστον
3128 5381 3273 5453 πάθη
3304 5381 3402 5446 τῆς
3427 5381 3595 5453 ῥοπῆς
3618 5392 3735 5447 γενο-

2190 5472 2357 5543 μένης
2388 5472 2486 5536 τὰς
2530 5472 2760 5527 ἑκάστου
2812 5471 2921 5526 τῶν
2973 5472 3158 5526 παθῶν
3194 5472 3405 5544 μορφάς
3437 5471 3733 5526 ὑποδύεταιλ

2192 5564 2381 5634 ὥσπερ
2427 5563 2492 5635 δὴ
2531 5563 2625 5617 καὶ
2656 5564 2719 5616 ἐκ
2756 5562 2849 5616 τοῦ
2885 5563 3129 5616 ἐναντίου
3180 5564 3244 5616 τὸ
3294 5561 3655 5635 μακρόθυμονο.
3688 5554 3734 5609 τὸ

2192 5652 2450 5725 καθαρὸν,
2501 5652 2561 5706 τὸ
2589 5653 2884 5723 εἰρηνικὸν,
2923 5652 2982 5705 τὸ
3014 5653 3303 5725 ἀόργητον,
3335 5653 3395 5707 τὸ
3445 5653 3659 5716 ἄλυπον,
3686 5644 3734 5700 τὸ

2191 5744 2475 5816 εὐθαρσὲς,
2500 5745 2562 5798 τὸ
2599 5745 2888 5815 ἀπτόητον,
2923 5745 3098 5799 πάντα
3124 5745 3297 5800 ταῦτα
3325 5747 3382 5799 ἐν
3412 5746 3574 5815 ἑαυτῇ
3601 5740 3731 5803 δεξα-

2196 5836 2351 5908 μένη,
2408 5836 2636 5911 ἑκάστου
2675 5837 2879 5892 τούτων
2927 5835 3272 5909 ἐπισημαίνει
3312 5834 3403 5891 τὸν
3443 5831 3728 5910 χαρακτῆρα
