3874 6416
276 374 403 434 8'53

1346 378 1414 434 ΙΝ
1442 378 1737 435 CANTICA
1768 378 2035 437 CANTIC.
2063 381 2343 437 IIOMILIA
2376 382 2460 439 IV.

3431 395 3536 450 85-3

274 495 347 564 τῇ
377 490 702 545 καταστάσει
732 491 830 560 τῆς
852 490 1028 563 ψυχῆς
1059 492 1115 545 ἐν
1139 492 1408 563 ἀταραξίᾳ
1437 491 1853 563 γαληνιάξουσα.

1961 491 2138 562 signat
2166 494 2538 550 characterem
2593 510 2790 551 sereno
2838 511 2901 551 ac
2933 498 3232 568 tranquillo
3280 501 3535 559 minime-

274 585 579 657 Συμϐαίνει
599 584 779 638 τοίνυν
804 584 1023 655 ἀμέσως
1049 584 1184 656 πρὸς
1206 584 1301 655 τὴν
1322 585 1520 639 κακίαν
1536 588 1635 655 τῆς
1661 583 1860 656 ἀρετῆς

273 674 599 745 διεστώσης,
655 673 729 746 μὴ
761 674 1019 729 δύνασθαι
1053 675 1194 729 κατά
1220 676 1414 730 ταύτὸν
1451 676 1758 746 ἀμφότερον
1783 675 1862 745 τῷ

275 766 367 819 ἑνὶ
399 765 792 837 παραγίνεσθαι
815 782 828 797 ο
847 768 876 820 6
903 765 1012 838 γὰρ
1041 764 1134 819 τοῦ
1177 767 1476 838 σωφρονεῖν
1508 765 1771 831 ἀποστὰς,
1802 767 1861 819 ὲν

279 858 362 929 τῷ
384 858 668 929 ἀκολάστῳ
702 858 920 922 πάντως
944 859 1151 927 γίνεται
1166 857 1285 928 βίῳ,
1326 858 1420 911 καὶ
1447 860 1474 910 6
1496 857 1585 910 τὸν
1616 856 1861 926 ἀκάθαρ-

275 966 377 1002 τον
409 947 797 1019 βδελυξάμενος
823 947 959 1018 βίον,
981 945 1343 1017 κατώρθωσεν
1369 948 1510 1018 ὲντῇ
1541 946 1858 1017 ἀποστροφῇ

274 1040 379 1093 τοῦ
430 1040 602 1094 κακοῦ
639 1039 701 1092 τὸ
734 1039 1053 1111 ἀμόλυντον.
1088 1038 1246 1092 Οὖτω
1279 1039 1373 1091 καὶ
1399 1038 1565 1093 τάλλα
1594 1037 1793 1099 πάντα,
1830 1039 1859 1090 6

272 1132 656 1202 ταπεινόφρων
682 1133 780 1202 τῆς
809 1131 1190 1203 ὑπερηφανίας
1226 1128 1574 1202 κεχώρισται,
1605 1131 1700 1184 καὶ
1720 1132 1747 1184 ὁ
1770 1130 1859 1184 διὰ

273 1225 378 1276 τοῦ
408 1223 576 1294 τύφου
618 1223 810 1277 ἑαυτὸν
855 1222 1187 1291 ὲξογκώσας,
1226 1224 1325 1295 τὴν
1363 1222 1858 1295 ταπεινοφροσύνην

274 1312 563 1367 ἀπώσατο.
609 1311 719 1365 Καὶ
757 1312 809 1364 τί
842 1313 948 1383 χρὴ
978 1311 1048 1365 τά
1095 1313 1215 1366 καθ’
1245 1312 1474 1367 ἕκαστον
1495 1312 1721 1382 λέγοντα
1740 1313 1858 1366 δια-

270 1404 524 1477 τρίϐειν;
565 1401 689 1466 Πῶς
736 1404 829 1456 ἐπὶ
870 1402 982 1456 τῶν
1003 1404 1392 1474 ἀντικειμένων
1425 1407 1492 1476 τῇ
1522 1404 1677 1475 φύσει
1699 1408 1732 1476 ἡ
1761 1405 1855 1459 τοῦ

273 1496 400 1560 ἐνὸς
434 1494 668 1548 ἀπουσία
706 1492 855 1557 θέσις
892 1496 987 1548 καὶ
1033 1493 1264 1565 θπαρξις
1303 1494 1397 1548 τοῦ
1425 1496 1611 1568 ἑτέρου
1628 1496 1855 1565 γίνεται,

272 1587 425 1641 οὕτω
442 1586 617 1640 τοίνυν
633 1585 862 1658 ἐχούσης
882 1586 1038 1657 ἡμῶν
1062 1587 1159 1657 τῆς
1170 1587 1557 1658 προαιρέσεως,
1575 1588 1692 1641 κατ’
1710 1587 1859 1654 ὲξου-

274 1679 406 1732 σίαν
433 1678 577 1749 ἔχειν
625 1671 780 1749 ᾧπερ
813 1676 879 1731 ἂν
920 1676 1078 1747 ἐθέλῃ
1121 1676 1296 1749 τούτῳ
1340 1678 1855 1749 συσχηματίζεσθαι,

271 1768 462 1833 καλῶς
487 1785 619 1841 φησι
640 1768 775 1840 πρὸς
798 1768 895 1840 τὴν
917 1767 1291 1839 ὼραιωθείσαν
1319 1770 1348 1822 6
1381 1769 1538 1839 λόγος
1557 1787 1569 1800 ·
1595 1771 1675 1824 ὅτι
1699 1770 1856 1824 Ἀπο-

272 1863 455 1915 στᾶσα
492 1839 589 1932 μὲν
618 1839 717 1930 τῆς
769 1839 862 1913 τοῦ
895 1857 1064 1913 κακοῦ
1100 1859 1382 1922 κοινωνίας
1413 1861 1537 1931 ἐμοὶ
1561 1862 1858 1933 προσήγγι-
1889 1839 1930 1893 Β

273 1970 414 2017 σας·
447 1953 795 2024 πλησιάσασα
836 1951 892 2004 δὲ
918 1950 995 2022 τῷ
1044 1951 1324 2023 ἀπροσίτῳ
1348 1951 1555 2018 κάλλει,
1585 1953 1679 2006 καὶ
1719 1952 1856 2024 αὑτὴ

272 2046 420 2116 καλὴ
438 2046 689 2115 γέγονας,
718 2040 831 2098 οἷόν
860 2063 910 2098 τι
956 2043 1260 2116 κάτοπτρον
1300 2043 1379 2115 τῷ
1407 2043 1523 2115 ἐμῷ
1548 2045 1857 2116 χαρακτῆρι

273 2136 723 2209 ἐμμορφωθείσα.
756 2136 1059 2205 Κατόπτρῳ
1088 2135 1195 2205 γὰρ
1242 2134 1416 2189 ἔοικεν
1448 2135 1522 2200 ώς
1552 2135 1766 2207 ἀληθῶς
1796 2136 1858 2190 τὸ

272 2226 618 2297 ἀνθρώπινον
671 2226 811 2278 κατὰ
853 2224 956 2287 τὰς
1010 2224 1116 2278 τῶν
1171 2224 1544 2296 προαιρέσεων
1590 2225 1857 2295 ἐμφάσεις

274 2318 764 2391 μεταποιούμενον.
797 2318 894 2370 "Av
923 2333 983 2372 τε
1008 2316 1117 2388 γὰρ
1148 2318 1347 2389 χρυσὸν
1372 2318 1489 2381 ἴδοι,
1515 2318 1712 2388 χρυσὸς
1735 2317 1858 2387 φαί-

270 2429 450 2475 νεται,
474 2411 565 2464 καὶ
588 2410 687 2473 τὰς
731 2409 900 2472 αὑτὰς
938 2409 1112 2478 αὐγάς
1144 2409 1242 2481 τῆς
1272 2408 1402 2480 ὕλης
1427 2408 1514 2463 διά
1543 2410 1641 2479 τῆς
1674 2409 1856 2481 ἐμφά-

273 2522 419 2567 σεως
446 2504 713 2557 δείκνυσιν
733 2520 747 2533 ·
782 2504 847 2557 ἄν
870 2502 929 2555 τὲ
958 2520 1009 2556 τι
1037 2502 1148 2555 τῶν
1177 2501 1430 2572 εἰδεχθῶν
1453 2502 1737 2574 ὲμφανείη,
1765 2503 1860 2557 καὶ

270 2596 471 2650 τούτου
504 2596 560 2648 τὸ
583 2592 767 2666 αἶσχος
789 2594 856 2648 δι’
884 2593 1195 2664 ὁμοιώσεως
1234 2594 1643 2661 ἀπομάσσεται,
1660 2592 1852 2666 βάτραο

270 2689 375 2759 χόν
403 2706 541 2751 τινα,
580 2687 612 2757 ἢ
646 2686 872 2758 φρῦνον,
908 2685 940 2754 ἢ
993 2686 1409 2757 σκολόπενδραν,
1439 2687 1473 2757 ἢ
1509 2685 1635 2740 ἄλλο
1662 2704 1714 2739 τι
1749 2687 1859 2740 τῶν

271 2778 459 2849 ἀηδῶν
491 2777 776 2847 θεαμάτων
814 2776 892 2847 τῷ
924 2776 1108 2847 οἰκείῳ
1149 2777 1589 2847 ὑποκρινόμενον,
1613 2770 1766 2847 ᾧπερ
1793 2776 1860 2830 ἂν

270 2866 483 2920 τούτων
533 2865 727 2936 εὑρεθῇ
778 2865 1214 2936 ἀντιπρόσωπον.
1258 2865 1474 2935 Ἐπειδὴ
1515 2865 1692 2920 τοίνυν
1720 2867 1860 2920 κατά

270 2957 451 3013 νώτου
484 2957 581 3028 τὴν
616 2956 810 3011 κακίαν
857 2957 1196 3027 ποιησαμένη
1236 2958 1269 3026 ὴ
1312 2954 1691 3027 κεκαθαρμένη
1715 2955 1859 3027 ψυχὴ

272 3048 389 3104 ὑπὸ
408 3049 702 3117 Λόγου,τὸν
732 3048 955 3119 ἡλιακὸν
1002 3048 1060 3102 ὲν
1099 3049 1264 3120 ἑαυτῇ
1289 3048 1485 3102 κύκλον
1513 3049 1747 3113 ἐδέξατο,
1768 3048 1862 3102 καὶ

1963 597 2069 650 que
2091 582 2410 652 perturbato
2435 590 2579 638 statu
2606 584 2824 638 animae.
2858 582 3045 641 Evenit
3070 602 3223 658 ergo,
3248 596 3307 644 ut
3332 591 3536 647 virtute

1964 684 1994 723 a
2028 672 2156 725 vitio
2190 670 2469 741 disjuncta
2502 672 2621 727 sine
2650 672 2851 737 medio,
2909 688 3017 727 non
3057 677 3271 744 possint
3305 687 3536 748 utraque

1964 761 2054 814 uni
2086 760 2251 815 simul
2272 762 2511 817 'adesse:
2539 763 2632 831 qui
2657 762 2802 817 enim
2834 767 3064 820 recessit
3091 781 3122 819 a
3148 770 3533 836 temperantia.

1962 859 2213 905 versatur
2241 853 2465 906 omnino
2485 852 2540 907 in
2565 853 2673 906 vita
2693 853 2960 908 dissoluta
2982 865 3036 910 et
3060 857 3282 912 minime
3306 858 3531 930 frugali,

1960 949 2015 996 et
2040 941 2133 1012 qui
2163 942 2329 996 vitam
2377 944 2729 998 abominatur
2781 944 3139 1012 immundam,
3176 948 3250 1001 ita
3287 963 3347 1003 se
3393 952 3536 1021 gerit

1962 1036 2021 1084 ut
2055 1030 2109 1084 in
2146 1030 2452 1085 aversando
2477 1033 2624 1086 malo
2653 1042 2870 1089 maneat
2894 1037 3229 1105 impollutus.
3258 1040 3334 1095 lta
3368 1042 3533 1097 etiam

1959 1121 2027 1177 de
2055 1124 2269 1179 czeteris
2298 1139 2313 1174 :
2349 1125 2441 1194 qui
2474 1132 2560 1179 est
2597 1124 2839 1190 humilis,
2872 1137 3161 1198 separatur
3187 1146 3217 1185 a
3251 1134 3531 1203 superbia,

1958 1220 2012 1267 et
2046 1214 2139 1284 qui
2172 1229 2268 1284 per
2296 1214 2496 1270 fastum
2552 1215 2834 1284 intumuit,
2869 1221 3085 1289 repellit
3145 1222 3530 1279 humilitatem.

1961 1304 2025 1359 Et
2056 1306 2190 1377 quid
2246 1321 2384 1376 opus
2414 1314 2501 1363 est
2554 1307 2835 1363 immorari
2872 1311 2924 1364 in
2978 1311 3226 1369 dicendis
3276 1315 3531 1385 singulis,

1959 1398 2424 1468 quemadmodum
2453 1399 2508 1453 in
2536 1398 2603 1454 iis
2632 1416 2753 1470 qua:
2779 1401 2883 1455 sibi
2914 1402 3059 1457 inter
3085 1419 3146 1458 se
3167 1404 3531 1462 adversantur

1959 1497 2179 1554 natura,
2214 1491 2461 1545 absentia
2498 1491 2664 1546 unius
2712 1491 2784 1547 sit
2827 1495 3029 1563 positio
3066 1503 3120 1552 et
3178 1498 3532 1555 subsistentia

1959 1580 2233 1636 alterius?
2263 1580 2398 1634 Cum
2448 1581 2672 1652 sitergo
2724 1582 2778 1636 in
2831 1591 3097 1653 potestate
3146 1588 3323 1643 nostri
3374 1588 3534 1644 liberi

1959 1672 2193 1736 arbitrii,
2222 1672 2271 1727 ei
2308 1672 2542 1727 similem
2580 1672 2810 1743 figuram
2846 1677 2933 1730 cui
2968 1677 3204 1731 voluerit
3226 1679 3532 1749 suscipere,

1959 1765 2009 1820 ei
2038 1780 2159 1835 quae
2187 1765 2416 1837 pulchra
2449 1764 2591 1819 faeta
2621 1774 2706 1821 est
2739 1775 2888 1823 recte
2917 1768 3050 1823 dicit
3075 1771 3253 1825 oratio
3284 1790 3298 1826 :
3331 1773 3372 1827 A
3404 1773 3533 1828 mali

1958 1855 2173 1925 quidem
2224 1857 2490 1912 societate
2540 1857 2802 1914 recedens
2853 1859 2987 1914 mihi
3034 1865 3529 1933 appropinquasti:

1957 1947 2411 2017 appropinquans
2443 1955 2623 2002 autem
2662 1949 2938 2019 primariae
2972 1959 3027 2005 et
3059 1953 3357 2022 exemplari
3409 1956 3533 2024 pul-

1960 2038 2286 2104 chritudini,
2307 2038 2426 2109 ipsa
2453 2054 2671 2110 quoque
2696 2040 2926 2111 pulchra
2949 2056 3031 2107 es,
3056 2042 3221 2097 veluti
3252 2043 3531 2113 quoddam

1958 2130 2241 2199 speculum
2273 2130 2614 2185 conformata
2656 2148 2776 2188 meo
2821 2134 3151 2190 characteri.
3188 2133 3360 2191 llomo
3388 2138 3529 2193 enim

1957 2235 2146 2277 revera
2167 2222 2389 2292 speculo
2412 2230 2495 2278 est
2522 2223 2721 2278 similis
2749 2222 2953 2291 factus,
2991 2225 3195 2282 formas
3222 2228 3532 2298 suscipiens

1957 2327 2027 2368 ex
2084 2312 2397 2369 simulacris
2447 2313 2823 2369 institutorum
2868 2323 2922 2371 et
2964 2316 3258 2373 liberarum
3312 2321 3536 2375 electio-

1957 2418 2111 2459 num.
2150 2402 2276 2460 Sive
2304 2405 2450 2460 enim
2478 2421 2673 2461 aurum
2715 2407 2930 2476 viderit,
2969 2425 3163 2465 aurum
3208 2420 3454 2482 apparet,
3478 2420 3533 2468 et

1959 2495 2213 2550 eumdem
2232 2496 2473 2552 materia:
2496 2497 2842 2568 splendorem
2864 2515 2974 2569 pra:
2992 2517 3051 2557 se
3075 2501 3209 2557 fert:
3233 2505 3347 2558 sive
3367 2504 3531 2559 etiam

1958 2584 2241 2655 quidpiam
2270 2586 2517 2643 deforme
2562 2590 2897 2659 apparuerit,
2950 2592 3194 2647 eamdem
3221 2595 3383 2648 etiam
3416 2603 3532 2650 tur-

1959 2676 2263 2747 pitudinem
2316 2678 2577 2746 exprimit
2630 2695 2726 2749 per
2785 2681 3284 2749 assimilationem,
3342 2694 3532 2755 utpote

1959 2783 2147 2823 ranam
2183 2770 2444 2838 aliquam,
2474 2781 2567 2825 aut
2616 2772 2894 2839 bufonem,
2950 2786 3043 2829 aut
3088 2778 3528 2850 scolopendram,

1959 2866 2054 2912 aut
2105 2859 2323 2929 aliquod
2369 2862 2514 2916 aliud
2560 2862 2922 2932 injucundum
2984 2870 3378 2936 spectaculum,
3430 2886 3529 2926 sua

1960 2947 2134 3004 forma
2163 2952 2411 3007 referens
2433 2953 2578 3023 quod
2603 2954 2881 3009 inventum
2912 2955 3075 3010 fuerit
3104 2959 3185 3013 eis
3210 2960 3526 3018 adversum.

1960 3039 2230 3103 Quoniam
2274 3058 2405 3114 ergo
2433 3045 2664 3114 expulso
2714 3061 2744 3098 a
2777 3054 2929 3116 tergo
2958 3050 3111 3116 vitio,
3154 3061 3453 3124 expurgata
3498 3071 3529 3109 a

271 3137 359 3207 τῷ
388 3135 602 3204 ὀφθέντι
622 3141 677 3191 ἐν
700 3139 836 3209 αὐτῇ
854 3141 992 3207 φωτὶ
1018 3139 1409 3209 συνεξέλαμψε,
1434 3139 1522 3193 διὰ
1543 3139 1699 3193 τοῦτό
1725 3156 1858 3211 φησι

1963 3130 2140 3190 Verbo
2155 3135 2360 3202 anima,
2385 3136 2520 3192 solis
2544 3137 2809 3191 circulum
2837 3140 2890 3193 in
2918 3155 2975 3195 se
3006 3144 3267 3212 suscepit,
3292 3153 3344 3199 et
3367 3146 3531 3200 simul
3630 3198 3641 3206 .

273 3227 419 3298 πρὸς
449 3227 615 3297 αὐτὴν
630 3228 658 3279 6
673 3228 868 3299 Λόγος,
886 3230 1211 3299 ὅτιΓέγονας
1229 3229 1327 3301 ἤδη
1351 3230 1489 3302 καλὴ
1512 3229 1860 3302 πλησιάσασα

1966 3224 2165 3278 reluxit
2191 3241 2315 3279 eum
2349 3226 2471 3281 luce
2517 3244 2638 3297 qua:
2683 3229 2737 3282 in
2776 3228 2894 3299 ipsa
2937 3235 3210 3302 apparuit,
3246 3224 3530 3306 prapterea

272 3317 359 3387 τῷ
392 3314 508 3386 ὲμῷ
536 3317 693 3384 φωτὶ,
724 3315 815 3369 διὰ
860 3315 956 3369 τοῦ
991 3320 1399 3389 προσεγγισμοῦ
1450 3321 1548 3391 τὴν
1578 3322 1863 3375 κοινωνίαν

275 3405 616 3476 ἐφελκομένη
645 3405 739 3459 τοῦ
791 3406 1041 3471 κάλλους.
1087 3407 1241 3463 Ἰδοὺ
1283 3409 1341 3463 εἷ
1382 3410 1561 3479 καλὴ,
1589 3412 1772 3481 φησὶν,
1820 3410 1859 3478 ἠ

272 3499 548 3565 πλησίον
557 3516 696 3568 μου.
718 3490 851 3552 Εἶτα
867 3499 1126 3570 ἐπισχὼν,
1141 3502 1234 3554 καὶ
1249 3495 1360 3554 οἷον
1381 3502 1439 3553 ὲν
1453 3501 1739 3575 προσθήκῃ
1757 3502 1860 3554 τινὶ

275 3589 380 3645 καὶ
395 3589 636 3644 ἐπιτάσει
654 3590 947 3661 γενομένην
962 3590 1057 3644 τοῦ
1071 3590 1301 3654 κάλλους
1314 3592 1481 3663 αὐτὴν
1502 3592 1858 3663 θεασάμενος,

278 3680 447 3735 πάλιν
459 3680 551 3734 τὸν
566 3680 728 3734 αὑτὸν
751 3680 1191 3752 ἐπαναλαμϐάνει
1212 3680 1390 3749 λόγον,
1416 3681 1604 3736 εἰπών·
1635 3682 1789 3739 Ἰδοὺ
1808 3680 1867 3737 εἷ

276 3772 466 3840 καλή.
507 3772 645 3826 Ἀλλ’
658 3775 715 3826 ἐν
734 3773 832 3843 μὲν
846 3772 925 3844 τῷ
944 3774 1105 3844 προτέ
1114 3790 1192 3844 ρῳ
1201 3773 1298 3844 τὴν
1319 3774 1543 3847 πλησίον
1555 3774 1861 3847 ώνόμασεν’

275 3858 522 3914 ἐνταῦθα
583 3864 639 3916 δὲ
676 3864 773 3934 τὴν
798 3866 862 3917 ὲκ
888 3863 980 3917 τοῦ
1007 3862 1180 3927 εἴδους
1215 3863 1326 3918 τῶν
1357 3865 1618 3936 ὀμμάτων
1663 3883 1861 3937 γνωρι-

277 3950 539 4022 ζομένην·
591 3952 913 4021 Ὀερθαλμοὶ
956 3952 1065 4023 γάρ
1101 3965 1238 4016 σου,
1275 3955 1441 4025 φησὶ,
1484 3954 1857 4024 περιστερᾶς.

275 4042 557 4114 Πρότερον
592 4043 695 4114 μὲν
722 4043 830 4115 γὰρ
861 4045 948 4098 ὅτε
979 4044 1130 4115 ἵππῳ
1159 4046 1516 4117 ἀφωμοιώθη,
1557 4048 1618 4100 ὲν
1651 4048 1861 4115 σιαγόνι

276 4152 341 4188 τε
374 4135 466 4189 καὶ
491 4136 745 4208 τραχήλῳ
769 4139 797 4189 6
825 4136 1044 4201 ἔπαινος
1069 4132 1157 4207 ἦν.
1190 4137 1303 4191 Νῦν
1330 4139 1387 4192 δὲ
1412 4142 1501 4193 ὅτε
1527 4139 1586 4194 τὸ
1615 4140 1743 4194 ἴδιον
1773 4142 1864 4194 αύ-

273 4228 385 4297 τῆς
416 4228 655 4298 ἀνεφάνη
702 4228 917 4293 κάλλος,
954 4231 987 4300 ή
1018 4230 1124 4283 τῶν
1169 4231 1463 4302 ὀφθαλμῶν
1491 4233 1651 4302 χάρις
1681 4235 1859 4301 ἐγκω-

279 4317 561 4391 μιάζεται·
586 4322 615 4373 6
634 4319 690 4373 δὲ
711 4319 820 4373 τῶν
835 4319 1128 4390 ὀφθαλμῶν
1149 4321 1365 4387 ἔπαινός
1393 4325 1507 4377 ἐστι
1532 4323 1590 4377 τὸ
1613 4340 1861 4396 περιστε-

166 4477 181 4485 _
277 4412 390 4483 ρᾶς
415 4409 484 4463 τά
504 4409 725 4481 ὄμματα
747 4404 906 4473 εἶναι,
937 4412 1074 4483 ὅπερ
1104 4430 1192 4483 μοι
1215 4414 1363 4467 δοκεῖ
1385 4415 1639 4486 τοιαύτην
1663 4416 1861 4486 ἐμφαί-

1961 3317 2013 3373 ei
2046 3318 2179 3371 dicit
2198 3314 2728 3377 Verbum:Pulchra
2760 3319 2899 3375 facta
2944 3339 3023 3387 es,
3066 3341 3186 3394 quae
3232 3342 3364 3381 mete
3420 3329 3530 3384 luci

1964 3410 2436 3480 appropinquasti,
2477 3426 2574 3480 per
2602 3414 3187 3505 appropinq’uationem
3240 3421 3531 3490 acquireus

1962 3502 2400 3556 communionem
2460 3502 2919 3572 pulchritudinis.
2975 3504 3110 3561 Ecce
3171 3524 3258 3573 es,
3329 3509 3527 3578 inquit,

1958 3592 2203 3661 pulchra,
2228 3593 2522 3661 propinqua
2548 3608 2682 3647 mea.
2710 3592 2915 3649 Deinde
2937 3611 3060 3650 cum
3087 3611 3145 3651 se
3167 3597 3530 3664 cohibuisset,

1958 3690 2014 3736 et
2041 3697 2159 3737 eam
2203 3683 2370 3737 veluti
2402 3682 2455 3735 in
2506 3681 2743 3752 quadam
2794 3682 3072 3739 additione
3111 3694 3165 3740 et
3213 3688 3531 3744 accessione

1959 3774 2361 3841 contemplatus
2389 3779 2541 3829 esset
2579 3772 3028 3843 pulchritudinis,
3058 3792 3249 3832 rursus
3281 3777 3530 3834 eamdem

1959 3865 2158 3934 repetit
2223 3864 2579 3932 orationem,
2656 3865 2895 3921 dicens:
2964 3865 3100 3921 Ecce
3176 3867 3397 3937 pulchra
3450 3886 3527 3925 ιι.

1963 3957 2067 4014 Sed
2138 3957 2290 4027 prius
2353 3958 2571 4028 quidem
2616 3973 2736 4013 eam
2789 3957 3091 4013 nominavit
3124 3960 3528 4029 propinquam:

1957 4046 2051 4103 hic
2092 4055 2272 4101 autem
2305 4062 2422 4102 eam
2458 4063 2578 4118 qua:
2634 4048 2889 4116 cognosci
2920 4064 2984 4101 ur
3029 4064 3093 4102 ex
3131 4050 3314 4119 specie
3348 4053 3538 4111 oculo:-

1962 4156 2114 4206 rum,
2152 4141 2309 4196 Ocm'i
2345 4141 2491 4196 enim
2528 4141 2605 4194 ιιιὶ
2637 4140 2911 4194 columba’.
2938 4139 3098 4194 Prius
3133 4142 3275 4195 enim
3318 4141 3535 4211 quando

1960 4247 2101 4302 equo
2134 4232 2236 4287 fuit
2265 4234 2564 4289 assimilata
2586 4273 2602 4298 ,
2642 4233 2763 4286 laus
2793 4238 2913 4286 erat
2946 4230 3001 4284 iu
3033 4232 3255 4285 maxilla
3286 4243 3340 4287 et
3367 4235 3532 4289 collo.

1960 4327 2119 4381 Nunc
2161 4333 2342 4380 autem
2385 4340 2509 4378 cum
2541 4323 2659 4389 ejus
2704 4322 2919 4392 propria
2952 4324 3204 4392 apparuit
3233 4324 3537 4393 pulchritu-

1961 4415 2066 4479 do,
2099 4414 2352 4469 laudatur
2378 4413 2553 4483 gratia
2584 4420 2636 4467 et
2668 4411 2835 4466 decor
2875 4411 2993 4478 ejus
3034 4413 3338 4467 oculorum.
3393 4416 3537 4470 Laus

276 4518 400 4556 νειν
441 4500 700 4565 διάνοιαν,
745 4501 933 4572 ἐπειδὴ
978 4507 1098 4567 ταῖς
1137 4503 1404 4577 καθαραῖς
1445 4507 1551 4560 τῶν
1596 4506 1859 4576 ὀμμάτων

1963 4514 2143 4560 autem
2178 4505 2298 4573 ejus
2335 4503 2622 4557 oculorum
2650 4540 2665 4563 ,
2708 4499 2851 4571 quod
2897 4499 3007 4553 sint
3050 4500 3195 4555 oculi
3235 4502 3523 4557 columbae.

280 4592 479 4663 κόραις
546 4593 744 4663 ὁρᾶται
772 4591 881 4646 τῶν
916 4595 1270 4661 ἀτενιζόντων
1299 4598 1368 4651 τὰ
1410 4598 1694 4669 πρόσωπα.
1727 4599 1864 4651 Φασὶ

278 4685 400 4753 γάρ
428 4684 475 4735 οἱ
501 4682 723 4737 τοιαῦτα
745 4685 1088 4755 φυσιολογεῖν
1115 4689 1308 4759 ὲπιστή
1319 4706 1497 4759 μονες.
1529 4690 1613 4742 ὅτι
1637 4689 1736 4753 τὰς
1758 4688 1865 4742 τῶν

278 4774 521 4830 εἰδώλων
553 4773 863 4844 ἐμπτώσεις
898 4776 1206 4848 δεχόμενος,
1235 4780 1292 4834 αἳ
1320 4779 1429 4834 τῶν
1458 4780 1670 4851 ὁρατῶν
1696 4782 1866 4852 ἀπορ-

281 4862 525 4936 ρέουσιν,
564 4864 736 4928 οὕτως
765 4865 980 4937 ἐνεργεῖ
1002 4867 1102 4937 τὴν
1132 4867 1254 4938 ὄψιν
1278 4872 1307 4923 ό
1336 4870 1634 4941 ὀφθαλμός.
1658 4871 1860 4925 Τούτου

277 4957 447 5030 χάριν
477 4955 699 5019 ἔπαινος
726 4956 935 5023 γίνεται
961 4958 1064 5029 τῆς
1092 4959 1201 5013 τῶν
1244 4960 1534 5032 ὀφθαλμῶν
1564 4963 1866 5035 εὐμορφίας

277 5049 346 5102 τὸ
371 5046 469 5117 τῆς
490 5064 711 5119 περιστε
719 5050 819 5119 ρᾶς
847 5045 1006 5116 εἶδος,
1030 5050 1091 5105 τὸ
1114 5054 1232 5116 ταῖς
1258 5053 1447 5124 κόραις
1467 5055 1648 5109 αὐτῶν
1670 5057 1867 5127 ἐμφαι-

277 5138 529 5207 νόμενον.
562 5138 706 5209 Πρὸς
729 5138 758 5192 ὃ
787 5138 898 5211 γὰρ
927 5141 993 5196 άν
1018 5159 1101 5205 τις
1130 5144 1433 5217 ἑνατενίσῃ,
1464 5144 1621 5200 τοῦτο
1653 5147 1869 5218 δέχεται

278 5231 348 5282 ἐν
375 5227 548 5299 ἐαυτῷ
583 5228 646 5282 τὸ
672 5230 946 5300 ὁμοίωμα.
982 5230 1136 5286 Ἐπεὶ
1162 5230 1255 5288 οὖν
1290 5234 1487 5305 μηκέτι
1518 5237 1656 5307 πρὸς
1688 5237 1866 5308 σάρκα

279 5319 384 5375 καὶ
410 5314 551 5389 αἷμα
582 5319 815 5390 βλέπων,
864 5321 1000 5394 πρὸς
1027 5323 1120 5378 τὸν
1166 5326 1533 5396 πνευματικὸν
1584 5326 1696 5398 βίον
1724 5330 1827 5400 όρᾷ
1847 5369 1862 5393 ,

278 5410 471 5474 καθώς
501 5429 665 5482 φησιν
690 5415 720 5466 6
757 5414 1096 5479 ’Δπόστολος,
1120 5416 1229 5481 ζῶν
1259 5417 1550 5488 πνεύματι,
1583 5419 1678 5472 καὶ
1705 5420 1866 5473 πνεύ-

283 5519 421 5576 ματι
455 5502 703 5574 στοιχῶν,
739 5506 952 5569 καὶτὰς
970 5507 1199 5577 πράξεις
1220 5509 1313 5562 τοῦ
1335 5509 1586 5579 σώματος
1618 5511 1866 5573 θανατῶν

276 5593 369 5666 τῷ
398 5593 694 5666 πνεύματι,
724 5596 820 5650 καὶ
846 5597 967 5661 ὅλος
989 5597 1057 5652 δι’
1089 5599 1211 5653 ὅλου
1242 5602 1611 5671 πνευματικὸς
1637 5602 1865 5674 γενόμε-

277 5701 399 5750 νος,
430 5685 493 5738 ού
523 5685 785 5757 ψυχικὸς,
821 5688 943 5743 οὐδὲ
976 5689 1259 5760 σάρκινος’
1297 5691 1485 5746 τούτου
1516 5693 1675 5766 χάριν
1720 5711 1863 5766 μαρ-

362 5798 408 5828 δο
433 5795 607 5851 Galat.
631 5814 684 5862 v,
716 5798 782 5851 l6
801 5813 921 5868 sqq.

1961 4596 2118 4662 Quod
2158 4594 2376 4664 quidem
2420 4593 2553 4646 mihi
2588 4592 2802 4645 videtur
2827 4590 2972 4644 hunc
3001 4607 3221 4646 sensum
3256 4593 3536 4659 indicare,

1961 4686 2401 4758 quandoquidem
2438 4684 2492 4737 in
2528 4683 2750 4753 pupillis
2776 4682 3061 4737 oculorum
3108 4695 3409 4739 cernuntur
3456 4686 3537 4740 fa-

1960 4780 2073 4834 cies
2101 4792 2294 4833 eorum
2329 4776 2421 4845 qui
2459 4774 2582 4829 fixis
2620 4774 2905 4828 intuentur
2932 4774 3127 4828 oculis.
3170 4774 3366 4830 Dicunt
3394 4779 3536 4831 enim

1962 4871 2016 4926 bi
2048 4870 2141 4940 qui
2173 4877 2303 4924 sunt
2333 4865 2546 4939 praediti
2580 4865 2811 4921 scientia
2853 4864 3168 4935 hujusmodi
3214 4880 3394 4919 rerum
3445 4880 3540 4919 na-

1967 4962 2264 5027 turalium,
2314 4958 2460 5030 quod
2513 4957 2936 5013 simulacrorum
2992 4956 3337 5010 incursiones
3390 4955 3539 5008 exci-

1968 5055 2155 5126 piens,
2190 5066 2311 5123 quae
2338 5056 2541 5106 exeunt
2570 5064 2636 5104 ex
2666 5048 2832 5104 rebus
2867 5047 3326 5118 aspectabilibus,
3357 5046 3430 5098 ita
3463 5047 3542 5098 vi-

1970 5158 2090 5198 sum
2125 5142 2181 5195 in
2215 5139 2587 5211 operationem
2617 5134 2841 5191 deducit
2872 5134 3089 5190 oculus.
3133 5131 3245 5186 liae
3279 5133 3346 5185 de
3377 5146 3543 5185 causa

1968 5232 2090 5287 laus
2121 5228 2403 5283 oculorum
2440 5224 2874 5296 pulchritudinis
2907 5231 2991 5278 est
3030 5220 3203 5273 forma
3238 5219 3540 5282 columbae,

1971 5339 2092 5394 qua:
2112 5326 2335 5392 apparet
2354 5317 2409 5372 in
2425 5330 2612 5372 eorum
2632 5315 2872 5385 pupillis.
2895 5311 2951 5366 In
2971 5309 3113 5382 quod
3133 5311 3277 5395 enim
3296 5306 3546 5366 deﬁxerit

1972 5415 2162 5471 oculos
2180 5456 2195 5479 ,
2231 5412 2354 5482 ejus
2381 5410 2437 5464 in
2465 5424 2525 5465 se
2551 5406 2783 5475 suscipit
2806 5401 3246 5461 similitudinem.
3274 5399 3543 5467 Quoniam

1971 5523 2100 5581 ergo
2126 5506 2221 5577 qui
2256 5519 2363 5559 non
2391 5500 2628 5571 amplius
2657 5496 2857 5567 aspicit
2892 5496 2957 5550 ad
2984 5508 3205 5548 carnem
3239 5502 3293 5548 et
3324 5495 3548 5563 sangui-

1975 5615 2133 5662 nem,
2190 5596 2259 5651 ad
2319 5594 2482 5652 vitam
2544 5588 2739 5659 aspicit
2792 5584 3168 5657 spiritualem,
3224 5584 3365 5640 sicut
3414 5583 3549 5639 dicit

1970 5687 2264 5760 Apostolus
2284 5723 2299 5751 ,
2328 5679 2644 5744 vivificaris,
2669 5676 2869 5749 spiritu
2903 5674 3193 5731 ambulans
3222 5675 3293 5741 ",
3329 5681 3385 5730 et
3419 5689 3545 5730 cor-
