3874 6410
498 389 600 444 8ὖῦ

1735 386 1792 441 S.
1826 383 2155 442 GRECORH
2200 378 2491 440 NYSSENI

3652 375 3742 430 83.6

496 500 644 571 poris
709 501 955 556 actiones
1021 497 1217 568 spiritu
1293 496 1670 564 mortiﬁcans,
1733 511 1880 556 totus
1949 502 2061 556 etle-

2185 523 2246 556 τυ
2255 505 2425 575 ρεῖται
2447 503 2480 569 ἡ
2501 499 2601 570 τῆς
2627 495 2943 567 σωματικῆς
2970 494 3338 567 προσπαθείας
3361 490 3740 564 ἀπηλλαγμὲνη

495 603 618 650 ctus
643 592 978 661 spiritualis,
1011 605 1119 645 non
1148 589 1424 655 animalis,
1459 607 1636 661 neque
1658 595 1896 649 carnalis
1922 612 1936 648 :
1973 595 2073 648 hac

495 687 562 741 de
589 701 755 739 causa
800 684 974 738 fertur
1016 683 1394 736 testimonium
1443 683 1510 737 de
1553 686 1732 738 anima
1780 686 2010 739 liberata
2043 705 2072 739 a

494 777 766 846 corporali
796 775 1114 842 affectione,
1143 774 1288 844 quod
1320 774 1516 829 habeat
1544 777 1779 844 speciem
1808 778 2075 832 columba!

498 869 551 922 in
585 868 762 922 oculis
790 883 803 920 :
829 867 930 920 hoc
958 873 1041 920 est
1062 905 1076 928 ,
1107 865 1252 935 quod
1282 865 1578 921 character
1611 867 1732 921 vitae
1768 869 2072 936 spiritualis

497 960 805 1012 illustretur
854 956 1220 1026 perspicienle
1261 956 1429 1008 animi
1476 956 1752 1011 facultate.
1801 957 2070 1024 Quoniam

494 1065 624 1120 ergo
655 1063 826 1118 purus
859 1048 1038 1101 factus
1065 1057 1146 1101 est
1172 1045 1292 1115 ejus
1320 1047 1514 1100 oculus
1539 1062 1706 1118 capax
1738 1048 2071 1102 characteris

503 1141 769 1196 columbae
795 1179 810 1203 ,
850 1149 1135 1210 pr0pterea
1172 1141 1224 1191 in
1261 1141 1378 1193 eam
1439 1138 1600 1192 etiam
1635 1140 1780 1194 cadit
1832 1148 1890 1193 ut
1918 1156 2072 1194 com-

503 1235 795 1305 templetur
825 1236 1011 1303 sponsi
1049 1232 1530 1303 pulchritudinem.
1566 1232 1722 1288 Nunc
1783 1233 1928 1289 enim
1961 1234 2072 1302 pri-

497 1342 644 1379 mum
674 1324 824 1396 virgo
852 1325 905 1376 in
940 1325 1124 1393 Sponsi
1160 1323 1389 1376 formam
1421 1323 1657 1376 intendit
1685 1323 1902 1384 oculos,
1935 1337 2070 1392 quo—

491 1417 636 1472 niam
667 1417 974 1471 columbam
1010 1417 1242 1470 habebat
1275 1417 1329 1470 in
1362 1415 1560 1470 oculis.
1603 1415 1771 1470 Nemo
1803 1415 1942 1469 enim
1977 1429 2070 1482 po-

494 1519 590 1563 test
621 1509 792 1564 dicere
827 1507 1111 1562 Dominum
1143 1506 1328 1561 Jesum
1352 1548 1365 1570 ,
1406 1508 1615 1578 inquit,
1647 1508 1750 1561 nisi
1779 1507 1833 1560 in
1865 1505 2070 1575 Spiritu

493 1601 734 1654 sancto"
766 1618 777 1653 :
809 1599 1044 1653 etdicit:
1073 1598 1205 1652 Ecce
1225 1598 1437 1665 pulcher
1462 1615 1536 1663 es,
1555 1598 1810 1668 patruelis
1840 1604 2070 1662 metu,“

491 1693 778 1759 formosus.
809 1688 885 1743 Ex
909 1706 1018 1758 quo
1043 1691 1185 1744 cnim
1217 1691 1349 1744 nihil
1375 1689 1522 1743 aliud
1549 1690 1678 1743 mihi
1705 1689 1920 1742 videtur
1945 1703 2069 1742 esse

493 1783 822 1852 pulchrum,
873 1783 966 1837 sed
1012 1789 1294 1836 aversatus
1341 1798 1460 1837 sum
1511 1783 1694 1836 omnia
1743 1797 1864 1851 qua!
1910 1789 2067 1834 antea

2181 597 2345 665 ψυχὴ,
2376 595 2436 646 τὸ
2454 595 2552 662 τῆς
2582 590 2908 662 περιστερᾶς
2935 586 3074 651 εἶδος
3100 589 3158 640 ὲν
3179 590 3290 650 τοῖς
3321 587 3573 658 ὄμμασιν
3595 584 3739 655 ἔχειν,

2182 685 2425 738 τουτέστι
2456 683 2544 736 τὸν
2574 681 2898 752 χαρακτῆρα
2937 681 3035 748 τῆς
3072 677 3452 746 πνευματικῆς
3499 678 3639 746 ζωῆς
3676 676 3742 743 τῷ

2181 775 2474 849 διορατικῷ
2508 776 2605 844 τῆς
2644 773 2820 842 ψυχῆς
2867 769 3284 835 ὲναυγὰζεσθαι.
3331 768 3491 820 Ἐπεὶ
3535 764 3624 820 οὖν
3665 768 3742 832 γέ-

2182 885 2306 937 γονε
2345 865 2584 936 καθαρὸς
2634 867 2663 917 6
2700 863 2866 932 αὐτῆς
2911 859 3187 929 ὀφθαλμὸς
3229 858 3478 920 δεκτικὸς
3531 855 3622 909 τοῦ
3664 858 3744 926 τῆς

2184 960 2513 1030 περιστερᾶς
2559 956 2939 1028 χαρακτῆρος,
2985 951 3080 1006 διὰ
3122 951 3282 1005 τοῦτο
3321 954 3494 1022 χωρεί
3532 953 3624 1003 καὶ
3667 952 3742 1003 τοῦ

2184 1051 2421 1122 νυμφίου
2464 1049 2525 1101 τὸ
2564 1047 2758 1109 κάλλος
2808 1043 3128 1099 θεάσασθαι.
3169 1041 3282 1096 Νῦν
3329 1044 3439 1111 γὰρ
3495 1039 3744 1110 πρῶτονή

2185 1140 2450 1214 παρθένος
2473 1136 2704 1200 ἀτενίζει
2730 1139 2794 1206 τῇ
2824 1133 2916 1188 τοῦ
2939 1134 3174 1204 νυμφίου
3193 1133 3508 1204 μορφῇ,ἢτε
3532 1131 3648 1197 ἔσχε
3665 1131 3747 1201 τὴν

2173 1246 2241 1282 πε
2249 1245 2397 1300 ριστε
2409 1227 2507 1298 ρὰν
2524 1228 2582 1280 ἐν
2597 1229 2707 1290 τοῖς
2737 1225 2997 1297 ὄμμασιν.
3017 1225 3228 1290 Οὐδείς
3245 1225 3354 1294 γὰρ
3369 1218 3626 1277 δύναται
3648 1221 3686 1274 Κ
3696 1223 3747 1274 ὐ-

2165 1340 2306 1392 ριον
2342 1321 2579 1389 Ἰησοῦν
2613 1320 2825 1384 είπεῖν,
2857 1322 2908 1373 εί
2927 1319 3014 1388 μὴ
3040 1320 3110 1372 ὲν
3137 1319 3436 1387 Πνεύματι
3461 1318 3610 1384 ἁγίῳ
3632 1333 3644 1345 ο
3667 1318 3745 1369 καί

2171 1433 2355 1488 φησιν’
2373 1416 2518 1470 Ἰδοὺ
2533 1406 2590 1470 εἷ
2603 1416 2810 1482 καλὸς,
2827 1413 3148 1484 ἀδελφιὸός
3160 1432 3297 1484 μου,
3317 1414 3417 1468 καί
3440 1429 3510 1484 γε
3526 1413 3736 1480 ὡραῖος.

2186 1509 2301 1578 Ἀφ’
2337 1503 2398 1562 οὗ
2441 1508 2548 1580 γὰρ
2589 1507 2741 1562 οὐδὲν
2771 1508 2898 1562 ἄλλο
2932 1524 3021 1577 μοι
3056 1507 3219 1560 καέὸν
3249 1503 3390 1560 εἶναι
3440 1503 3608 1565 δοκεῖ,
3644 1505 3738 1557 ἀλλ’

2171 1601 2531 1672 ἀπεστράφην
2562 1600 2736 1653 πάντα
2767 1599 2867 1652 ὅσα
2893 1599 2954 1652 τὸ
2987 1599 3247 1670 πρότερον
3273 1600 3330 1651 ὲν
3358 1596 3555 1662 καλοῖς
3577 1595 3740 1664 ἐνομί-

2171 1687 2313 1753 ζετο,
2337 1686 2518 1740 οὐκέτι
2551 1703 2639 1756 μοι
2661 1685 2998 1756 πεπλάνηται
3020 1688 3052 1756 ἡ
3083 1685 3174 1738 τοῦ
3198 1685 3361 1739 καλοῦ
3385 1683 3599 1758 κρίσις,
3619 1682 3738 1740 ὥστε

2171 1777 2298 1830 ἄλλο
2325 1794 2376 1829 τι
2411 1775 2559 1848 παρὰ
2589 1777 2647 1828 σὲ
2686 1776 2849 1829 καλὸν
2887 1775 3113 1829 οἴεσθαι·
3144 1777 3243 1829 οὐκ
3286 1776 3517 1840 ἔπαινός
3550 1794 3632 1840 τις
3659 1777 3727 1828 ἀνα

491 1877 885 1944 reputabantur
931 1875 984 1927 in
1021 1874 1179 1929 bonis
1230 1888 1294 1927 ac
1350 1873 1631 1944 pulchris,
1669 1889 1775 1926 non
1831 1873 2061 1942 amplius

2171 1869 2462 1940 θρώπινος,
2501 1871 2561 1923 οὐ
2588 1869 2734 1936 δόξα,
2768 1871 2828 1922 οὐ
2863 1869 3204 1939 περιφάνεια,
3246 1871 3304 1921 οὐ
3332 1871 3580 1940 κοσμικὴ
3602 1869 3738 1922 δύνα-

491 1968 621 2020 niilti
653 1968 872 2022 aberrat
910 1967 977 2020 de
1021 1965 1167 2020 bono
1203 1963 1512 2035 judicium,
1558 1973 1616 2018 ut
1659 1965 1862 2034 aliquid
1917 1965 2065 2019 aliud

488 2057 783 2112 existimem
860 2065 1057 2127 praeter
1106 2066 1156 2112 te
1201 2072 1326 2112 esse
1375 2057 1578 2110 bonum
1610 2072 1672 2111 ac
1725 2057 2063 2127 pulchrum:

489 2163 596 2200 non
653 2147 823 2200 ullttm
887 2145 1151 2200 honorem
1216 2145 1553 2207 humanum,
1620 2161 1729 2198 non
1792 2145 2063 2216 gloriam,

489 2255 596 2291 non
626 2237 970 2308 Splendorem
1013 2237 1349 2290 mundanum
1375 2275 1389 2298 ,
1433 2251 1541 2290 non
1575 2236 1892 2305 potentiam.
1940 2235 2067 2292 Hmc

490 2332 635 2383 enim
685 2331 751 2384 iis
801 2329 894 2398 qui
942 2329 1216 2399 aspiciunt
1261 2328 1326 2381 ad
1380 2342 1640 2393 sensum,
1690 2329 1814 2382 boni
1849 2327 2065 2397 quidem

492 2420 672 2488 specie
714 2427 842 2473 sunt
882 2419 1015 2472 illita
1038 2460 1052 2484 ,
1080 2420 1172 2474 sed
1205 2434 1312 2472 non
1346 2427 1475 2473 sunt
1504 2419 1556 2473 id
1593 2419 1737 2488 quod
1769 2427 2065 2489 putantur.

491 2508 776 2575 Quomodo
806 2510 952 2564 enim
986 2509 1150 2563 fuerit
1183 2509 1472 2578 pulchrum
1494 2550 1508 2572 ,
1542 2509 1688 2580 quod
1723 2511 1872 2565 nullo
1904 2511 2068 2565 modo

489 2600 790 2654 consistit?
816 2598 947 2653 Nam
972 2601 1117 2669 quod
1157 2600 1211 2653 in
1239 2599 1339 2653 hoc
1364 2601 1570 2654 mundo
1595 2608 1679 2654 est
1705 2600 2065 2664 honoratum,

489 2706 642 2746 suam
680 2691 1158 2746 habetessentiam
1195 2691 1248 2745 in
1285 2692 1399 2746 sola
1430 2691 1831 2746 existimatione
1875 2705 2064 2746 eorum

486 2785 577 2852 qui
607 2798 732 2838 esse
769 2783 1103 2837 existimant.
1142 2781 1222 2836 Tu
1255 2791 1435 2837 autem
1468 2798 1598 2838 vere
1635 2783 1860 2853 pulcher
1895 2799 1910 2835 :
1956 2797 2063 2836 non

486 2875 660 2929 solum
688 2874 934 2944 pulcher,
955 2875 1047 2929 sed
1074 2875 1187 2944 ipsa
1205 2875 1332 2929 boni
1363 2876 1601 2930 essentia
1627 2890 1842 2945 semper
1868 2874 1989 2929 talis
2005 2888 2065 2928 es

486 2964 712 3018 omnino
738 2963 790 3017 id
820 2965 963 3032 quod
995 2981 1056 3018 es
1083 2982 1095 3017 :
1130 2979 1230 3018 nec
1265 2965 1319 3018 in
1349 2974 1590 3034 tempore
1619 2965 1817 3018 ﬂorens
1839 3005 1853 3029 ,
1887 2979 1986 3019 nec
2010 2964 2064 3017 in

487 3063 733 3124 tempore
782 3070 978 3110 rursus
1030 3054 1218 3108 florem
1267 3057 1570 3124 abjiciens,
1630 3057 1724 3112 sed
1779 3074 1902 3112 cum
1943 3059 2066 3112 vitae

485 3142 791 3196 aeternitate
817 3143 978 3197 simul
997 3141 1296 3198 extendens
1311 3143 1547 3210 speciem
1570 3159 1632 3197 ac
1655 3145 1908 3201 decorem
1935 3165 1948 3201 :
1977 3147 2060 3202 cui

2174 1979 2282 2033 μις.
2318 1961 2502 2015 Ταῦτα
2541 1960 2650 2031 γὰρ
2691 1963 2802 2024 τοῖς
2852 1960 2986 2032 πρὸς
3019 1960 3118 2030 τὴν
3152 1961 3404 2030 αἴσθησιν
3445 1961 3736 2031 βλέπουσιν.

2169 2053 2570 2123 ὲπικὲχρωσται
2603 2053 2701 2123 μὲν
2749 2053 2812 2123 τῇ
2845 2051 2938 2105 τοῦ
2979 2051 3142 2106 καλοῦ
3193 2051 3492 2124 φαντασία,
3542 2053 3602 2105 οὐ
3650 2053 3737 2122 μήν

2171 2147 2318 2199 ἐστιν
2344 2147 2478 2216 ὅπερ
2515 2144 2815 2214 νομίζεται.
2869 2142 2992 2206 Πῶς
3023 2145 3130 2215 γὰρ
3165 2143 3228 2195 ἄν
3271 2161 3323 2196 τι
3373 2144 3465 2214 εἴη
3515 2143 3737 2207 καλὸν,ὃ

2174 2237 2308 2308 μηδὲ
2333 2237 2467 2299 ὅλως
2489 2235 2604 2289 ἔστι
2628 2236 2748 2289 καθ’
2777 2233 3104 2300 ὑπόστασιν;
3134 2237 3206 2288 Τὸ
3229 2235 3335 2307 γὰρ
3375 2237 3437 2288 ἐν
3466 2235 3546 2305 τῷ
3572 2235 3736 2305 κόσμῳ

2171 2326 2344 2397 τούτῳ
2365 2325 2752 2395 τετιμημένον,
2774 2326 2831 2378 ἐν
2859 2325 2995 2398 μόνῃ
3011 2327 3075 2396 τῇ
3102 2327 3273 2397 οἰήσει
3302 2324 3405 2377 τῶν
3430 2324 3736 2396 νομιζόντων

2172 2414 2331 2478 εἶναι,
2362 2415 2422 2469 τὸ
2448 2411 2584 2469 εἶναι
2616 2415 2746 2487 ἔχει.
2777 2416 2849 2469 Σὺ
2874 2416 2930 2468 δὲ
2955 2415 3170 2487 ἀληθῶς
3199 2412 3250 2468 εἷ
3274 2415 3461 2479 καλός·
3492 2417 3554 2468 οὗ
3599 2414 3736 2478 καλὸς

2170 2510 2224 2562 δὲ
2259 2509 2436 2579 μόνον,
2477 2509 2589 2562 ἀλλ’
2621 2509 2758 2579 αὐτῇ
2801 2511 2866 2580 τῇ
2901 2504 2993 2562 τοῦ
3030 2508 3192 2561 καλοῦ
3221 2507 3377 2578 οὖςξᾳ
3401 2509 3495 2561 ἀεὶ
3521 2505 3734 2569 τοιοῦτος

2173 2600 2454 2670 ὑπάρχων,
2485 2601 2715 2653 πάντοτε
2739 2599 2814 2653 ὢν
2849 2601 2984 2670 ὅπερ
3017 2595 3082 2652 εἷ·
3115 2597 3238 2652 οὔτε
3268 2598 3405 2652 κατὰ
3443 2599 3632 2669 καιρὸν
3657 2598 3733 2649 ἁν-

2169 2692 2298 2755 θὼν,
2347 2692 2470 2744 οὔτε
2519 2693 2610 2746 ἐπὶ
2655 2692 2847 2763 καιροῦ
2889 2692 3050 2746 πάλιν
3096 2691 3412 2744 ἀποϐάλλων
3470 2692 3534 2744 τὸ
3574 2688 3730 2751 ἄνθος·

2173 2783 2307 2836 ἀλλὰ
2326 2785 2390 2853 τῇ
2421 2781 2684 2852 ἀῖδιότητι
2701 2783 2798 2853 τῆς
2817 2782 2963 2852 ζωῆς
2982 2799 3046 2835 συ
3054 2780 3439 2853 μπαρατείνων
3467 2782 3566 2849 τὴν
3585 2779 3730 2850 ὦρανο

2167 2866 2212 2940 ᾧ
2241 2872 2412 2942 ὄνομα
2437 2873 2468 2941 ὴ
2501 2871 2898 2940 φιλανθρωπία.
2946 2871 3004 2926 '0
3036 2871 3141 2942 γὰρ
3172 2872 3230 2937 ὲξ
3270 2871 3442 2924 Ἰούδα
3470 2869 3733 2932 ἀνατείλας

2169 2965 2300 3034 ⁴ἡμῖν
2350 2964 2613 3034 Χριστὸς,
2661 2964 2888 3033 ἁδελφὸς
2934 2962 2991 3018 δὲ
3033 2966 3061 3018 ὀ
3117 2964 3385 3017 Ἰουδαίων
3417 2965 3550 3027 λαὸς
3578 2960 3662 3017 τοῦ
3681 2960 3730 3025 ἐξ

2167 3051 2336 3105 ἐθνῶν
2365 3070 2445 3106 σοι
2478 3054 2814 3124 προσιόντος,
2846 3054 3026 3116 καλῶς
3054 3054 3142 3106 διὰ
3175 3054 3272 3124 τὴν
3305 3057 3363 3107 ὲν
3395 3057 3564 3128 σαρκὶ
3594 3071 3727 3122 γεγε-

2168 3146 2408 3216 νημένην
2436 3146 2530 3216 τῆς
2562 3144 2815 3216 θεότητός
2847 3163 2940 3200 σου
2975 3147 3299 3216 φανέρωσιν,
3343 3145 3620 3216 ἁδελφιδὸς
3646 3143 3728 3213 τῆς

487 3247 685 3288 nomen
714 3232 814 3286 fuit
846 3233 1154 3303 benignitas
1177 3240 1231 3286 et
1257 3233 1498 3287 Charitas
1529 3234 1583 3286 in
1615 3234 1886 3291 homines.
1923 3236 2061 3290 Nam

2169 3235 2440 3307 ποθούσης
2471 3236 2894 3307 κατωνομάσθη.

484 3325 576 3394 qui
613 3340 677 3378 ex
717 3322 856 3377 Iuda
892 3324 1052 3377 nobis
1091 3329 1244 3378 ortus
1286 3329 1372 3377 est
1413 3322 1672 3378 Christus
1704 3364 1718 3388 ,
1765 3334 1848 3379 cst
1889 3334 2072 3380 autem

2145 3323 2405 3380 Judalcus
2460 3327 2695 3395 populus
2725 3324 2893 3380 frater
2933 3327 3054 3394 ejus
3091 3326 3183 3395 qui
3229 3325 3295 3379 ad
3343 3333 3397 3380 te
3425 3325 3637 3381 accedit
3671 3338 3724 3377 ex

485 3419 740 3486 gentibus
773 3421 997 3484 propter
1023 3414 1100 3468 tui
1135 3414 1188 3466 in
1223 3428 1390 3469 carne
1425 3414 1624 3469 factam
1654 3415 2181 3482 manifestutionem,
2211 3417 2415 3470 dicitur
2446 3419 2710 3487 patruelis
2742 3417 2862 3486 ejus
2887 3434 3010 3488 qua;
3041 3428 3209 3472 amat.

555 3508 760 3562 Deinde
809 3507 1126 3578 subjungit,
1175 3506 1364 3563 Lectus
1399 3521 1578 3564 noster
1606 3509 1905 3564 umbrosus.
1945 3507 2058 3564 Hoc

484 3608 601 3661 est,
637 3605 690 3653 te
723 3599 1012 3668 cognovit,
1060 3606 1155 3652 aut
1199 3610 1496 3671 cognoscet
1533 3602 1770 3655 humana
1825 3607 2056 3665 natura,

484 3689 798 3742 umbrosum
815 3687 1004 3744 factum
1022 3707 1117 3760 per
1129 3689 1616 3760 dispensationem.
1636 3689 1836 3748 Venisti
1874 3689 2019 3744 enim
2041 3729 2056 3753 ,

481 3779 692 3850 inquit,
719 3785 774 3830 tu
805 3778 1034 3847 pulcher
1062 3786 1116 3832 et
1143 3780 1384 3834 decorus
1417 3781 1680 3848 patruelis
1711 3797 1866 3836 meus
1891 3782 1956 3837 ad
1983 3782 2061 3836 le-

479 3877 627 3948 ctum
650 3877 898 3923 nostrum
924 3867 1100 3924 factus
1129 3870 1446 3925 umbrosus.
1475 3869 1589 3925 Nisi
1619 3871 1763 3926 enim
1790 3872 1906 3941 ipse
1929 3873 2063 3941 teip-

479 3978 600 4017 sum
631 3959 1057 4023 obumbrasses,
1094 3960 1223 4014 dum
1259 3977 1357 4029 per
1398 3962 1542 4016 servi
1583 3962 1813 4016 formam
1847 3977 2056 4018 merum

479 4053 692 4106 radium
722 4049 1026 4104 divinitatis
1050 4050 1312 4105 obvelasti
1331 4091 1346 4116 ,
1371 4051 1496 4122 quis
1525 4061 1674 4106 tuam
1703 4054 2062 4110 sustinuisset

479 4141 922 4213 apparitionem?
969 4140 1164 4197 Nullus
1201 4143 1360 4207 ,enim
1410 4159 1652 4214 unquam
1723 4145 1933 4200 videbit
1981 4145 2061 4200 fa—

478 4235 618 4288 ciem
650 4233 896 4295 Domini,
929 4241 982 4287 et
1010 4234 1154 4286 vivet
1183 4234 1250 4288 "'.
1284 4233 1500 4290 Venisti
1550 4252 1682 4306 ergo
1729 4237 2058 4306 speciosus,

479 4326 571 4380 sed
604 4325 730 4378 talis
759 4323 986 4378 eﬂ'eatus
1021 4332 1080 4378 ut
1110 4334 1162 4378 te
1185 4339 1476 4394 possemus
1507 4329 1812 4398 suscipere.
1842 4327 2058 4383 Venisti

476 4417 816 4472 adumbratis
847 4416 1017 4472 radiis
1045 4415 1353 4472 divinitatis
1381 4419 1758 4489 integumento
1782 4421 2055 4490 corporis.

476 4506 945 4574 Quemadmodum
995 4506 1142 4561 enim
1195 4507 1466 4576 potuisset
1518 4509 1768 4564 mortalis
1818 4517 2054 4574 natura,

473 4603 528 4650 et
557 4597 611 4649 in
643 4611 806 4663 quam
839 4594 985 4650 cadit
1017 4595 1274 4650 interitus
1295 4637 1310 4661 ,
1358 4597 1619 4668 conjungi
1667 4614 1792 4653 cum
1835 4615 1900 4654 ea
1936 4614 2058 4669 quae

476 4685 719 4740 interitui
744 4685 970 4739 minime
999 4695 1084 4739 est
1116 4686 1447 4750 obnoxia,et
1475 4688 1544 4741 ad
1575 4703 1740 4757 quam
1771 4703 1878 4743 non
1909 4696 2057 4758 patet

2233 3507 2366 3565 Εἶτα
2399 3512 2644 3582 ἐπήγαγε
2667 3555 2681 3578 ,
2707 3513 3056 3581 Προσκλίνη
3085 3511 3254 3581 ήμῶν
3271 3513 3553 3580 σύσκιος.
3579 3513 3723 3564 Τουτ-

2163 3599 2334 3666 ἑστιν,
2369 3601 2508 3670 ἔγνω
2539 3619 2595 3655 σε
2617 3643 2631 3666 ,
2663 3604 2781 3673 ἦτοι
2822 3603 3090 3672 γνώσεται
3134 3605 3166 3674 ἡ
3202 3602 3522 3676 ἀνθρωπίνη
3551 3603 3720 3672 φύσις,

2164 3689 2384 3744 σύσκιον
2418 3695 2485 3763 τῇ
2516 3693 2794 3764 οἰκονομία
2827 3695 3137 3765 γενόμενον.
3165 3691 3369 3760 τΗλθες
3394 3696 3509 3768 γὰρ
3534 3697 3615 3757 σὺ,
3645 3710 3723 3762 φτ]-

2165 3783 2269 3846 σὶν,
2307 3785 2336 3836 6
2364 3783 2546 3847 καλὸς,
2595 3786 2624 3838 6
2669 3785 2980 3855 ἁδελφιδὸς,
3011 3788 3040 3839 6
3075 3786 3306 3858 ὡραῖος,
3338 3787 3480 3860 πρὸς
3497 3791 3563 3860 τῇ
3589 3787 3721 3857 κλίνῃ

2162 3873 2321 3943 ἡμῶν
2371 3874 2591 3938 σύσκιος
2629 3876 2943 3947 γενόμενος.
2988 3879 3050 3930 Εἰ
3092 3878 3203 3950 γὰρ
3260 3880 3333 3950 μὴ
3385 3880 3721 3938 συνεσκίασας

2161 3963 2320 4026 αὐτὸς
2351 3965 2562 4029 ἐαυτδν,
2589 3965 2688 4036 τὴν
2713 3967 2950 4038 ἄκρατον
2983 3969 3082 4039 τῆς
3098 3969 3350 4040 θεότητος
3383 3972 3577 4026 ἀκτῖνα
3601 3986 3714 4037 συγ·

2165 4054 2411 4119 καλύψας
2456 4060 2524 4128 τῇ
2563 4057 2656 4110 τοῦ
2695 4058 2882 4113 δούλου
2936 4063 3139 4132 μορφῇ,
3179 4062 3266 4124 τίς
3295 4063 3361 4118 ἂν
3410 4065 3615 4132 ὑπέστη
3642 4060 3717 4115 σοῦ

2162 4146 2258 4217 τὴν
2287 4148 2618 4217 ὲμφάνειανς
2650 4150 2838 4214 Οὐδεὶς
2881 4150 2990 4220 γὰρ
3029 4151 3217 4220 ὅψεται
3252 4153 3547 4223 πρόσωπον
3571 4151 3714 4213 Θεοῦ,

2161 4237 2256 4288 καὶ
2285 4238 2529 4308 ζήσεται.
2558 4233 2762 4301 Ἦλθες
2792 4239 2976 4293 τοίνυν
2996 4242 3024 4293 6
3044 4240 3266 4311 ὡραῖος,
3296 4243 3410 4296 ἀλλ’
3439 4244 3518 4309 ὡς
3542 4239 3716 4314 χωροῦ·

2164 4343 2264 4398 μεν
2295 4328 2587 4395 δέξασθαι,
2614 4329 2856 4394 τοιοῦτος
2898 4331 3210 4401 γενόμενος.
3248 4328 3452 4397 Ἶὶλθες
3495 4333 3589 4396 τὰς
3633 4330 3714 4399 τῆς

2160 4417 2416 4489 θεότητος
2451 4419 2674 4482 ἀκτῖνας
2702 4422 2768 4491 τῇ
2800 4420 3059 4492 περιϐολῇ
3095 4423 3396 4488 συσκιάσας
3427 4423 3523 4476 τοῦ
3552 4421 3712 4490 σώμα-

2157 4525 2268 4571 τος.
2302 4509 2426 4572 Πῶς
2455 4509 2558 4580 γὰρ
2588 4509 2654 4564 ἂν
2687 4510 2934 4582 ἐχώρησε
2969 4513 3137 4585 θνητὴ
3172 4515 3265 4568 καὶ
3287 4515 3550 4586 ὲπίκηρος
3578 4513 3712 4582 φύσις

2157 4604 2222 4671 τῇ
2254 4601 2515 4672 ἀκηράτῳ
2551 4605 2646 4656 καὶ
2674 4603 2954 4675 ἀπροσίτῳ
2999 4605 3232 4678 συζυγίᾳ
3273 4606 3708 4678 συναρμοσθῆναι,

2158 4697 2206 4748 εἰ
2255 4696 2329 4766 μὴ
2355 4698 2467 4760 τοῖς
2493 4699 2549 4749 ὲν
2584 4697 2764 4751 σκότει
2788 4697 2954 4762 ζῶσιν
2979 4701 3111 4770 ἡμῖν
3134 4701 3167 4771 ἡ
3203 4701 3331 4753 σκιὰ
3350 4701 3446 4754 τοῦ
3483 4699 3709 4772 σώματος

475 4775 687 4839 aditus,
739 4773 847 4826 nisi
891 4775 1050 4828 nobis
1094 4776 1409 4829 viventibus
1451 4776 1504 4829 in
1538 4777 1816 4844 tenebris,
1854 4781 2047 4833 umbra

2167 4781 2291 4851 πρὸς
2306 4781 2366 4834 τὸ
2386 4782 2501 4850 φῶς
2521 4783 2840 4854 ἐμεσίτευσε
2861 4803 2875 4852 ;
2903 4787 3105 4858 κλίνην
3126 4788 3183 4842 δὲ
3202 4790 3456 4859 ὀνομάζει
3470 4793 3503 4861 ἡ
3527 4789 3705 4859 νύμφη,

473 4865 724 4937 corporis
773 4863 972 4919 fuisset
1021 4865 1309 4935 interjecta
1365 4866 1508 4921 inter
1560 4869 1783 4922 lucem?
1830 4868 2052 4925 Lectum

470 4963 654 5012 autem
703 4954 951 5008 nominat
985 4969 1186 5023 sponsa
1208 4997 1223 5020 ,
1275 4956 1487 5026 tropica
1527 4957 1928 5026 signiﬁcatione
1962 4961 2053 5014 in-

469 5050 780 5114 terpretans
821 5041 1075 5096 humanae
1118 5051 1330 5098 natura:
1359 5060 1486 5099 eum
1517 5045 1701 5100 divina
1736 5057 2052 5120 contempe-

469 5137 761 5191 rationem.
796 5134 1083 5201 Quomodo
1117 5135 1282 5190 etiam
1325 5153 1558 5210 magnus
1605 5139 1900 5209 Apostolus
1950 5142 2044 5196 de-

468 5222 698 5290 spondet
727 5237 829 5277 nos
860 5223 1128 5292 virginem
1178 5223 1438 5294 Christo,
1486 5229 1840 5300 animamque
1887 5238 2050 5286 ornat

467 5320 726 5382 tanquam
781 5330 1074 5384 sponsam,
1116 5326 1172 5371 et
1207 5318 1444 5372 duorum
1482 5321 1932 5389 conjunctionem
1979 5324 2049 5378 ad

468 5402 632 5456 unius
659 5406 906 5473 corporis
937 5406 1197 5460 unionem
1234 5422 1493 5477 magnum
1526 5409 1661 5464 dicit
1686 5425 1812 5465 esse
1840 5419 2049 5478 myste-

469 5488 607 5542 rium
641 5507 705 5544 ac
733 5509 1139 5551 sacramentum
1183 5499 1408 5553 unionis
1440 5498 1647 5553 Christi
1689 5515 1815 5553 cum
1862 5502 2050 5556 Eccle-

471 5575 571 5627 εἰη.
612 5579 745 5633 Cum
781 5585 924 5636 enim
957 5585 1227 5649 dixisset,
1271 5587 1445 5643 Erunt
1489 5590 1594 5642 duo
1637 5591 1690 5643 in
1726 5607 1886 5644 unam
1926 5608 2048 5645 car-

473 5676 586 5714 nem
605 5703 618 5727 ,
645 5669 926 5738 subjungit
949 5691 962 5726 :
993 5675 1392 5731 Sat-ramentum
1417 5679 1514 5731 hoc
1540 5696 1788 5748 magnum
1813 5690 1924 5746 est;
1949 5699 2042 5753 ego

544 5787 587 5819 “
617 5775 639 5841 Ι
665 5791 795 5848 Cor.
839 5812 936 5862 xu,
966 5801 1020 5854 5.
1098 5804 1143 5836 δ’
1169 5803 1340 5860 Exod.
1382 5825 1576 5876 χχχιιι,
1613 5810 1702 5866 20.

2148 4873 2216 4941 τῇ
2243 4875 2479 4943 τροπικῇ
2505 4891 2570 4944 ση
2581 4875 2753 4946 μασίᾳ
2772 4876 2870 4946 τὴν
2888 4877 3024 4948 πρὸς
3051 4878 3112 4932 τὸ
3134 4878 3289 4934 Θεῖον
3318 4881 3611 4952 ἀνάκρασιν
3630 4879 3708 4946 τῆς

2148 4961 2500 5033 ἀνθρωπίνης
2550 4963 2765 5031 φύσεως
2795 4965 3197 5036 ὲρμηνεύουσα.
3241 4967 3329 5032 Ὠς
3373 4970 3467 5021 καὶ
3505 4971 3533 5021 6
3562 4966 3706 5038 μέγας

2161 5052 2482 5118 Ἀπόστολος
2538 5055 2838 5126 ἁρμόζεται
2893 5056 2972 5128 τῷ
3024 5055 3247 5129 Χριστῷ
3310 5059 3410 5131 τὴν
3467 5058 3705 5131 παρθένον

2147 5144 2316 5214 ἡμᾶς.
2347 5145 2442 5198 καὶ
2465 5147 2824 5216 νυμφοστολεῖ
2852 5148 2950 5220 τὴν
2977 5149 3178 5220 ψυχὴν,
3206 5152 3302 5204 καὶ
3330 5151 3428 5222 τὴν
3466 5146 3704 5221 προσκόλο

2152 5233 2309 5306 λησιν
2335 5237 2445 5290 τῶν
2485 5238 2578 5290 δύο
2606 5241 2687 5302 είς
2728 5239 2847 5302 ἑνὸς
2879 5240 3134 5310 σώματος
3165 5242 3452 5295 κοινωνίαν
3496 5242 3553 5293 τὸ
3587 5238 3704 5309 μέγα

2155 5327 2452 5398 μυστήριον
2494 5323 2633 5380 εἶναι
2678 5329 2826 5395 λέγει
2879 5329 2977 5400 τῆς
3019 5329 3114 5382 τοῦ
3158 5330 3396 5401 Χριστοῦ
3451 5330 3579 5401 πρὸς
3623 5326 3703 5394 τὴν

2162 5416 2490 5488 Ἐκκλησίαν
2516 5418 2787 5483 ὲνώσεως.
2806 5420 2992 5473 Εἰπὼν
3009 5421 3120 5493 γὰρ
3138 5423 3222 5475 ὅτι
3251 5424 3528 5476 Ἔσονται
3547 5420 3596 5472 oi
3611 5417 3700 5469 δύο

2149 5509 2235 5573 εὶς
2260 5510 2456 5577 σάρκα
2487 5513 2653 5580 μίαν,
2673 5513 2976 5582 ἐπήγαγεν*
3001 5514 3084 5566 ὅτι
3108 5515 3178 5566 Τὸ
3191 5513 3529 5582 μυστήριον
3551 5507 3700 5562 τοῦτο

2147 5600 2303 5670 μέγα
2333 5602 2529 5656 ἐστιν’
2558 5603 2674 5673 ἐγὼ
2693 5603 2762 5656 δὲ
2787 5604 2940 5674 λέγω
2970 5607 3058 5672 είς
3088 5605 3350 5674 Χριστὸν
3386 5604 3484 5658 καί
3505 5604 3586 5666 εὶς
3609 5596 3700 5661 τὴν

2167 5693 2554 5762 Ἐκκλησίαν.
2581 5695 2680 5750 Διὰ
2694 5695 2854 5750 τοῦτο
2874 5697 3054 5753 τοίνυν
3075 5698 3136 5750 τὸ
3150 5699 3468 5770 μυστήριον,
3485 5693 3653 5761 κλίνην
3671 5687 3695 5754 ἢ
