3874 6356
180 387 305 443 837
1164 384 1230 439 IN
1271 383 1568 441 CANTICA
1609 376 1881 440 CANTiC.
1915 383 2198 441 liOMlLlA
2239 386 2327 442 Ν.
3360 389 3466 447 833

172 477 477 551 παρθένος
492 478 635 550 ψυχὴ
661 477 777 549 ,τὴν
804 476 934 550 πρὸς
962 476 1196 555 τδΠΘεῖον
1220 476 1502 531 κοινωνίαν
1522 476 1768 547 ὠνόμασε

1898 486 2070 530 autem
2096 478 2214 532 diro
2238 480 2291 532 in
2310 479 2522 534 Christo
2543 489 2590 533 et
2620 478 2859 535 Ecclesia
2886 480 2950 535 “.
2974 479 3200 551 Propter
3216 479 3321 538 hoc
3339 496 3470 552 ergo

177 569 426 642 Ταύτην
452 571 509 623 δέ
540 570 639 622 οὐκ
663 569 837 633 ἄλλως
858 565 926 638 ἦν
963 569 1185 622 δυνατὸν
1208 567 1481 638 γενέσθαι,
1514 569 1561 619 εί
1594 568 1668 639 μὴ
1698 567 1768 619 διΞ

1891 577 2293 622 sacramentum
2316 608 2330 629 ,
2379 569 2579 623 lectum
2613 570 2793 623 anima
2820 570 2977 639 virgo
3008 571 3316 625 nominavit
3343 585 3469 626 cum

177 661 287 715 τοῦ
312 664 542 714 σύσκιον
566 663 698 731 ἡμῖν
724 660 813 714 διὰ
834 659 927 713 τοῦ
953 658 1198 729 σώματος
1227 657 1662 728 ἐπιφανῆναιτδν
1684 655 1788 709 Κύ-

182 768 338 823 ριον.
370 754 467 813 Ὃς
489 752 550 803 ού
578 750 810 821 νυμφίος
832 749 1011 820 μόνον,
1032 748 1167 802 ἀλλὰ
1182 750 1275 803 καὶ
1295 748 1575 819 οἰκοδόμος
1614 749 1785 811 ἐστὶν,

180 842 367 905 αὐτὸς
406 842 465 896 ἐν
490 843 625 912 ἡμῖν
657 842 748 893 καὶ
772 839 1094 909 τεχνιτεύων
1113 839 1203 895 τὸν
1222 833 1392 902 οἷκον,
1410 838 1504 892 καὶ
1519 839 1646 911 ὅλης
1663 840 1787 911 ’τῆς

180 933 399 1003 τέχνης
422 932 724 1002 γινόμενος.
748 934 980 1004 Ὀροφον
994 933 1103 1002 γὰρ
1122 932 1400 986 ἐπιϐάλλει
1431 932 1508 1003 τῷ
1527 933 1679 1003 οἴκῳ,
1700 932 1787 986 διὰ

181 1020 295 1089 τῆς
333 1020 583 1091 ἀσήπτου
625 1018 757 1089 ὕλης
781 1020 1138 1084 καλλωπίζων
1164 1020 1225 1074 τὸ
1250 1020 1410 1091 ἔργον
1430 1038 1442 1052 ·
1467 1021 1690 1092 τοιαύτη
1728 1021 1785 1075 δέ

182 1111 354 1163 ἐστιν
377 1112 410 1180 ή
429 1102 617 1181 κέδρος
636 1110 731 1163 καὶ
750 1114 783 1182 ἡ
804 1111 1163 1182 κυπάρισσος,
1181 1105 1257 1164 ὧν
1276 1115 1305 1165 ὁ
1334 1112 1650 1183 ἐγκείμενος
1672 1114 1785 1175 τοῖς

185 1200 387 1266 ξύλοις
410 1202 583 1266 τόνος,
617 1203 798 1274 πάσης
826 1204 1095 1275 σηπτίκῆς
1120 1203 1299 1268 αἰτίας
1327 1204 1590 1273 κρείττων
1615 1204 1780 1267 ἐστὶν,

179 1291 256 1344 οὐ
294 1292 483 1363 χρόνῳ
528 1291 713 1358 εἴκων,
746 1294 811 1346 ίοὺ
848 1293 1017 1363 σῆτας
1051 1293 1220 1363 φύων,
1255 1295 1354 1347 οὐκ
1403 1294 1600 1365 εὐρῶτι
1632 1292 1782 1362 φθει-

184 1385 455 1455 ρόμενος.
514 1383 609 1437 Ἐκ
650 1383 854 1437 τούτων
888 1384 1072 1454 κέδροι
1101 1384 1221 1454 μὲν,
1252 1383 1340 1437 διὰ
1385 1383 1445 1437 τὸ
1492 1385 1782 1455 ἐπιμήκεις

177 1468 364 1536 εἶναι,
390 1473 457 1526 τὰ
480 1473 656 1543 πλάτη
682 1471 775 1526 τοῦ
798 1472 948 1526 οἴκου
979 1472 1057 1544 τῷ
1082 1473 1263 1544 ὀρόφῳ
1288 1472 1743 1543 διαλαμϐάνουσιν
1761 1488 1776 1504 ⁶

178 1566 245 1617 αἱ
284 1564 346 1617 δὲ
381 1565 712 1634 κυπάρισσοι
741 1563 828 1617 διὰ
852 1564 950 1633 τῆς
982 1561 1279 1634 λεγομένης
1304 1562 1650 1633 φατνώσεως,
1682 1563 1779 1634 τὴν

177 1652 412 1707 ἔνδοθεν
439 1653 530 1707 τοῦ
559 1654 708 1708 οῖκου
740 1653 1085 1725 κατασκευὴν
1114 1655 1463 1726 ὠραῖζουσιν.
1534 1655 1687 1724 Ἔχει
1725 1656 1782 1711 δὲ

178 1745 220 1815 ἡ
258 1743 414 1809 λέξις
442 1745 616 1809 οὕτως
636 1760 649 1773 °
704 1744 873 1799 Δοκοὶ
896 1746 1079 1798 οἴκων
1101 1745 1270 1815 ἡμῶν
1299 1746 1518 1816 κέδροι.
1558 1746 1779 1814 Φατνή-

1890 654 1999 709 Ι)εο
2022 654 2463 724 coniunctionem
2491 671 2554 711 ac
2577 657 2916 711 societatem.
2945 657 3089 713 Fieri
3118 668 3301 713 autem
3328 659 3472 715 bene

1889 757 1995 795 non
2030 751 2242 812 poterat
2276 752 2333 797 ιιι
2384 758 2445 797 ea
2476 751 2655 811 esset,
2698 745 2805 799 nisi
2851 760 2950 815 per
2977 746 3081 801 hoc
3107 747 3256 816 quod
3286 746 3473 801 Domi-

1888 849 1993 889 nus
2027 836 2317 891 umbrosus
2353 852 2449 906 per
2478 853 2679 907 corpus
2710 839 2871 893 nobis
2905 842 3178 909 apparuit.
3216 841 3322 907 Qui
3357 855 3469 897 non

1887 926 2064 980 solum
2089 934 2172 981 est
2199 942 2437 996 sponsus
2462 968 2476 990 ,
2504 927 2599 983 sed
2624 930 2787 984 etiam
2826 931 2941 1001 ipsc
2964 932 3267 987 aediﬁcator
3291 933 3345 986 in
3370 947 3470 989 no-

1887 1017 1973 1071 bis
2004 1016 2110 1071 fuit
2141 1018 2373 1085 domus,
2407 1028 2461 1074 et
2494 1019 2691 1076 domus
2721 1023 3058 1078 architectus
3093 1031 3149 1077 et
3182 1024 3319 1078 artis
3350 1040 3468 1079 lna-

1886 1109 2042 1163 teria.
2093 1107 2319 1163 Tectum
2362 1110 2508 1165 enim
2558 1111 2785 1181 imponit
2828 1113 3037 1178 domui,
3082 1129 3222 1183 opus
3260 1130 3466 1170 ornans

1884 1214 1981 1268 per
2004 1201 2287 1254 materiam
2314 1216 2434 1271 qua:
2455 1204 2644 1273 nequit
2672 1203 2982 1274 putreﬁeri;
3013 1206 3137 1260 talis
3169 1214 3252 1260 est
3281 1214 3462 1261 autem

1883 1288 2080 1343 cedrus
2122 1298 2175 1343 et
2211 1305 2525 1361 cupressus,
2562 1306 2794 1361 quarum
2829 1295 3004 1349 virtus
3033 1309 3154 1364 qua:
3201 1294 3347 1349 inest
3394 1295 3463 1348 li-

1881 1381 2026 1449 gnis,
2060 1388 2144 1436 est
2174 1382 2447 1451 potentior
2477 1385 2669 1453 quavis
2692 1400 2858 1441 causa
2889 1386 3325 1455 putrefactionis,
3353 1401 3463 1439 non

1881 1474 2113 1541 tempori
2156 1473 2384 1540 cedens,
2438 1491 2546 1530 non
2603 1478 2779 1531 tineas
2827 1491 3144 1546 procreans,
3195 1492 3305 1530 non
3352 1478 3462 1532 situ

1878 1561 2105 1616 Veniens
2128 1561 2194 1615 ad
2226 1563 2526 1617 interitum.
2563 1561 2639 1616 Ex
2667 1564 2776 1627 his,
2808 1562 2982 1625 cedri,
3007 1570 3294 1633 pr0pterea
3316 1561 3461 1631 quod

1880 1657 2009 1706 sunt
2037 1667 2295 1720 procerae,
2337 1654 2680 1709 latitudinem
2728 1655 2926 1708 domus
2980 1661 3125 1709 tecto
3168 1661 3459 1721 occupant.

1879 1743 2140 1814 Cupressi
2165 1755 2343 1800 autem
2368 1763 2465 1817 per
2488 1761 2551 1802 ea
2574 1761 2695 1817 quae
2716 1746 2978 1800 dicuntur
3001 1744 3302 1815 laquearia,
3332 1750 3463 1799 sunt

174 1850 358 1901 ματα
388 1832 558 1901 ἡμῶν
582 1835 981 1902 κυπάρισσος.
1026 1836 1250 1899 Πάντως
1279 1836 1335 1889 δὲ
1376 1836 1441 1890 τὰ
1474 1835 1768 1907 δηλούμενα

1880 1834 2063 1889 decori
2110 1835 2337 1892 interna:
2381 1838 2564 1908 operis
2607 1836 3028 1891 constructioni.
3064 1834 3329 1891 Dictionis
3363 1850 3463 1890 au-

177 1921 283 1976 διά
304 1922 416 1976 τῶν
440 1924 611 1989 ξύλων
635 1926 953 1995 αἰνίγματα,
984 1943 1113 1995 φανε
1125 1927 1191 1997 ρὰ
1217 1929 1329 1989 τοῖς
1346 1927 1776 1981 ἐπακολουθοῦσι

176 2014 269 2083 τῷ
304 2013 480 2085 είρμῷ
522 2015 621 2084 τῆς
653 2015 890 2079 διανοίας
924 2016 1091 2072 ἐστίν.
1136 2017 1344 2088 Βροχὴν
1378 2018 1635 2088 ὀνομάζει
1678 2020 1775 2084 τὰς

179 2106 447 2170 ποικίλας
472 2108 577 2160 τῶν
610 2107 930 2178 πειρασμῶν
959 2107 1262 2178 προσϐολὰς
1288 2111 1345 2161 ἐν
1363 2108 1438 2179 τῷ
1463 2111 1776 2182 Εὐαγγελίῳ

175 2197 213 2249 ὁ
255 2196 482 2267 Κύριος,
535 2197 710 2265 λέγων
754 2198 845 2251 ἐπὶ
873 2197 968 2251 τοῦ
1004 2198 1184 2262 καλῶς
1214 2202 1311 2270 τὴν
1342 2200 1519 2253 οίκίαν
1551 2202 1643 2254 ἐπὶ
1676 2202 1774 2273 τὴν

179 2288 404 2359 πέτραν
437 2288 922 2359 οἰκοδομήσαντος,
957 2290 1039 2343 ὅτι
1080 2290 1307 2369 κατέϐη
1341 2291 1380 2359 ἠ
1408 2291 1609 2361 ,βροχὴ
1632 2336 1646 2359 ,
1676 2293 1774 2347 καί

176 2380 507 2434 ἔπνευσαν
546 2382 601 2433 οἱ
637 2380 843 2450 ἄνεμοι
864 2423 878 2444 ,
913 2382 1011 2434 καὶ
1045 2378 1237 2452 ἦλθον
1273 2384 1326 2435 οἱ
1358 2384 1607 2452 ποταμοί
1628 2426 1643 2449 ,
1676 2385 1774 2438 καὶ

180 2473 424 2538 ἀπαθὲς
444 2472 679 2542 ἔμεινεν
714 2474 782 2527 ἐν
804 2475 1035 2541 imitor;
1058 2476 1121 2528 τὸ
1144 2475 1531 2545 οἰκοδόμημα.
1557 2477 1774 2551 Ταύτης

178 2559 287 2618 οὖν
343 2565 525 2618 ἐνεκεν
572 2565 670 2636 τῆς
709 2567 883 2637 κακῆς
930 2566 1265 2638 ἐπομϐρίας,
1306 2568 1464 2638 χρεία
1518 2569 1771 2622 τοιούτων

186 2659 335 2727 ἡμῖν
368 2659 482 2709 ἐστι
512 2655 704 2710 δοκῶν.
742 2652 907 2711 Αὗται
937 2657 981 2710 δ’
1008 2656 1073 2709 ἂν
1107 2651 1216 2709 εἶεν
1239 2658 1294 2709 αί
1327 2658 1540 2727 ἀρεταὶ,
1584 2660 1640 2712 αῖ
1673 2659 1771 2723 τὰς

179 2747 303 2800 τῶν
336 2746 656 2817 πειρασμῶν
698 2745 958 2818 ὲπιρῤοὰς
993 2747 1143 2811 ἐντὸς
1184 2747 1392 2800 ἑαυτῶν
1428 2750 1489 2801 οὐ
1520 2749 1772 2819 προσίεν-

180 2856 318 2894 ται.
353 2836 575 2907 στερραί
619 2853 676 2889 τε
718 2832 873 2890 οὖσαι
922 2837 1016 2890 κα¹ι
1048 2837 1338 2901 άνένδοτοι,
1378 2840 1472 2892 καὶ
1526 2840 1586 2892 τὸ
1634 2840 1769 2911 πρὸς

181 2928 391 2982 κακίαν
425 2927 736 2999 ἀμάλακτον
765 2929 822 2980 ἐν
869 2930 982 2991 τοῖς
1018 2931 1341 2999 πειρασμοῖς
1385 2931 1765 2997 διασώζουσαι.

178 3020 475 3090 Μάθοιμεν
509 3019 554 3089 δῖ
610 3019 676 3073 ἂν
722 3019 783 3073 τὸ
821 3019 1130 3091 λεγόμενον,
1182 3021 1281 3090 τὴν
1326 3024 1384 3075 ἐν
1420 3022 1498 3093 τῷ
1545 3025 1769 3097 Ἐκκλη-

180 3114 386 3182 σιαστῇ
419 3111 575 3182 ῥῆσιν
613 3110 690 3182 τῷ
719 3111 1063 3181 προκειμένῳ
1098 3111 1572 3179 συνεξετάσαντες.
1626 3117 1770 3170 Ἐκεῖ

1879 1932 1987 1978 tem
2036 1926 2108 1979 ita
2145 1927 2307 1982 habet
2333 1935 2628 1983 contextus
2659 1943 2679 1981 :
2717 1926 2914 1981 Trabes
2948 1925 3227 1980 domorum
3250 1933 3461 1980 nostra-

1876 2031 1994 2067 rum
2026 2015 2187 2070 cedri.
2225 2015 2523 2087 Laquearia
2564 2027 2749 2071 nostra
2792 2017 3051 2085 cupressi.
3095 2016 3229 2082 Quae
3272 2024 3459 2070 autem

1878 2122 1976 2175 per
2003 2106 2147 2178 ligna
2181 2108 2560 2179 signiﬁcantur
2586 2109 2900 2178 aenigmata,
2926 2115 3057 2163 sunt
3080 2109 3244 2176 plane
3274 2107 3455 2162 meni-

1875 2193 2015 2250 festa
2045 2197 2112 2251 iis
2151 2197 2243 2266 qui
2278 2212 2473 2253 sensus
2503 2206 2924 2267 consequuntur
2958 2198 3181 2253 seriem.
3220 2195 3454 2251 lmbrem

1875 2297 2030 2342 vocat
2057 2286 2314 2344 Dominus
2330 2290 2385 2344 in
2402 2290 2711 2360 Evangeliis
2730 2291 2914 2346 varios
2933 2290 3172 2346 insultus
3188 2290 3452 2344 tentatio-

1877 2396 2026 2442 num,
2054 2381 2241 2436 dicens
2262 2380 2329 2437 de
2353 2390 2416 2436 eo
2449 2382 2538 2453 qui
2573 2390 2718 2437 recte
2738 2382 2957 2437 domum
2972 2379 3264 2437 aediﬁcaret
3290 2395 3456 2450 supra

1874 2478 2081 2539 petram
2100 2489 2113 2524 :
2132 2469 2280 2524 Venit
2300 2469 2486 2534 imber,
2505 2472 2765 2539 ﬂaverant
2782 2472 2942 2537 venti,
2959 2480 3007 2526 et
3024 2478 3270 2525 venerunt
3282 2468 3453 2538 ﬂuvii,

1873 2570 1921 2615 et
1945 2562 2009 2613 ab
2036 2562 2102 2615 iis
2126 2561 2353 2615 illatum
2374 2563 2569 2617 mansit
2592 2561 2877 2631 a‘diﬁcium
2900 2562 2969 2616 “.
3006 2560 3233 2631 Propter
3255 2559 3453 2612 malam

1873 2666 2001 2722 ergo
2030 2652 2168 2705 hanc
2204 2653 2463 2721 pluviam,
2496 2668 2636 2723 opus
2673 2661 2761 2709 est
2795 2652 2960 2707 nobis
2993 2649 3307 2721 hujusmodi
3335 2657 3452 2702 tra-

1871 2743 2048 2798 bibus.
2090 2742 2178 2797 Eae
2206 2753 2385 2799 autem
2415 2744 2619 2799 fuerint
2646 2745 2900 2807 virtutes,
2931 2758 3051 2812 qua:
3088 2741 3450 2795 tentationum

1870 2836 2106 2891 insultus
2136 2836 2189 2889 in
2221 2850 2279 2891 se
2307 2850 2415 2890 non
2452 2835 2777 2894 admittunt.
2812 2842 2872 2887 ut
2896 2846 3019 2902 quae
3042 2831 3156 2886 sint
3188 2830 3356 2884 ﬁrmae
3384 2843 3451 2881 ac

1870 2928 2077 2990 solidae,
2119 2941 2220 2980 nec
2269 2926 2429 2981 facile
2474 2926 2695 2989 cedant,
2739 2932 2796 2980 et
2852 2924 2957 2979 hoc
3003 2930 3248 2985 servent,
3294 2928 3355 2974 ut
3393 2920 3449 2973 in

1870 3019 2262 3073 tentationibus
2290 3018 2514 3072 minime
2534 3016 2888 3071 emolliantur
2918 3029 2948 3068 a
2981 3015 3134 3068 vitio.
3168 3011 3326 3078 Quod
3352 3026 3450 3065 au-

1872 3117 1978 3165 tem
2020 3109 2239 3173 dicitur,
2272 3109 2656 3178 intelligemus,
2696 3109 2741 3162 si
2772 3122 2897 3162 eum
2931 3120 2998 3161 eo
3032 3104 3177 3175 quod
3209 3110 3295 3159 est
3322 3117 3449 3172 pro-

178 3202 300 3273 γάρ
328 3219 491 3274 φησιν
516 3219 529 3233 ⁸
578 3202 675 3257 Ἐν
710 3204 1023 3272 ὀκνηρίαις
1052 3205 1556 3272 ταπεινωθήσεται
1594 3209 1632 3277 ἡ
1671 3209 1768 3263 δό-

1875 3203 2111 3272 positum
2137 3201 2297 3257 simul
2317 3201 2813 3255 examinaverimus
2825 3199 3080 3254 dictionis
3104 3204 3445 3255 contextum.

179 3307 394 3359 κωσις,
425 3293 524 3346 καί
554 3293 626 3347 ἐν
662 3293 836 3364 ἀργίᾳ
864 3294 1078 3363 χειρῶν
1110 3294 1310 3356 στάζει
1352 3298 1391 3364 ή
1421 3300 1601 3353 οἰκία.
1636 3300 1770 3353 Ὠσ-

178 3400 294 3455 περ
320 3384 429 3454 γὰρ
462 3386 511 3437 εί
545 3383 745 3455 ἀσθενῆ
780 3401 841 3437 τε
871 3386 967 3439 καὶ
1007 3386 1172 3439 ἄτονα
1206 3386 1310 3439 ὑπὸ
1333 3386 1656 3461 λεπτότητος
1682 3391 1766 3460 εῖη

177 3475 260 3529 τά
301 3474 435 3542 ξύλα
463 3474 534 3528 τά
571 3475 887 3547 διειληφότα
932 3475 1021 3531 τὸν
1054 3476 1269 3548 ὄροφον,
1306 3479 1552 3551 ὀκνηρῶς
1584 3481 1641 3535 δὲ
1669 3483 1767 3555 ἔχη

204 3566 348 3637 πρὸς
398 3566 496 3639 τὴν
528 3566 622 3620 τοῦ
674 3566 922 3637 δώματος
952 3569 1268 3640 ἐπιμέλειαν
1301 3574 1329 3625 ὁ
1358 3570 1451 3624 τοῦ
1488 3571 1636 3625 οἴκου
1683 3573 1768 3626 δε-

182 3658 415 3729 σπότης,
451 3658 605 3711 οὐδὲν
648 3657 903 3712 ἀπώνατο
927 3660 1027 3729 τῆς
1064 3660 1293 3731 στέγης,
1324 3660 1418 3714 τοῦ
1448 3661 1654 3733 ὄμϐρου
1681 3663 1765 3718 διὰ

190 3749 471 3818 σταγόνων
505 3749 832 3820 είσρέοντος.
865 3750 1204 3805 Κοιλαίνεται
1238 3751 1346 3824 γὰρ
1380 3750 1440 3816 ἐξ
1471 3752 1715 3824 ἀνάγκης
1738 3756 1767 3809 ὁ

196 3839 418 3911 ὃροφος,
453 3838 617 3894 εἴκων
649 3839 727 3911 τῷ
763 3840 920 3913 βάρει
949 3840 1042 3896 τοῦ
1066 3840 1277 3907 ὕδατος,
1310 3844 1405 3897 καὶ
1425 3845 1528 3899 οὐκ
1550 3846 1764 3915 ἀντέχει

179 3930 297 3986 τῶν
328 3930 500 3998 ξύλων
529 3933 563 4002 ἡ
605 3932 792 3986 ἀτονία
818 3932 956 4004 πρὸς
981 3934 1081 4005 τὴν
1112 3934 1205 3988 τοῦ
1233 3935 1429 4006 βάρους
1460 3938 1764 4010 προσϐολὴν

193 4018 597 4083 ὑποκλάζουσα.
629 4020 728 4074 Διὰ
765 4020 923 4075 τοῦτο
956 4024 1047 4077 ἐπὶ
1085 4024 1153 4077 τὰ
1197 4025 1347 4089 ἐντὸς
1383 4026 1668 4081 διαδίδοται
1704 4027 1765 4081 τὸ

178 4109 655 4181 ὲναπειλημμένον
678 4113 743 4183 τῇ
781 4113 1051 4183 κοιλότητι
1084 4113 1227 4184 ὕδωρ
1250 4156 1265 4181 ,
1296 4118 1389 4170 καὶ
1418 4117 1473 4169 αἱ
1509 4118 1765 4186 σταγόνες

185 4196 345 4257 αὗται
378 4202 520 4257 κατὰ
567 4203 659 4256 τὸν
706 4203 1052 4276 παροιμιώδη
1104 4205 1261 4276 λόγον
1308 4209 1659 4264 ἐκϐάλλουσιν
1699 4213 1763 4264 ἐκ

180 4291 281 4346 τοῦ
325 4292 452 4347 ίδίου
492 4292 643 4347 οίκου
680 4293 772 4347 τὸν
805 4294 1093 4367 ἄνθρωπον
1125 4297 1184 4350 ἐν
1212 4301 1278 4368 τῇ
1316 4299 1499 4370 ἡμέρᾳ
1536 4300 1629 4353 τοῦ
1675 4301 1764 4353 ύε-

179 4382 300 4437 τοῦ.
334 4383 519 4448 Οὕτως
549 4383 629 4455 τῷ
663 4384 762 4455 τῆς
791 4386 1105 4456 παραϐολῆς
1142 4389 1422 4459 αἰνίγματι
1459 4390 1764 4444 διακελεύε-

1871 3294 1962 3364 qui
1992 3301 2077 3348 est
2106 3294 2160 3348 in
2193 3291 2544 3348 Ecclesiaste.
2587 3291 2702 3345 lllic
2736 3291 2881 3345 enim
2908 3290 3042 3345 dicit
3071 3308 3084 3344 :
3120 3286 3187 3341 In
3212 3285 3446 3356 pigritiis

1869 3384 2244 3438 humiliabitur
2281 3384 2630 3454 contignatio,
2684 3392 2736 3437 et
2780 3383 2837 3436 in
2886 3383 2992 3435 alio
3031 3395 3284 3434 manuum
3321 3392 3443 3445 per-

1868 3475 2038 3528 stillat
2067 3475 2254 3529 domus
2284 3474 2349 3528 ".
2374 3473 2662 3540 Quomodo
2684 3473 2827 3529 enim
2847 3472 2893 3527 si
2923 3471 3069 3540 ligna
3101 3485 3222 3540 qua:
3238 3478 3443 3524 tectum

1868 3567 2170 3633 continent,
2204 3566 2314 3622 sint
2342 3567 2559 3620 inﬁrma
2594 3574 2645 3619 et
2681 3563 2974 3625 imbecilla,
3012 3563 3079 3617 ad
3120 3562 3319 3617 domus
3346 3575 3444 3615 au-

1872 3666 1979 3711 tem
2004 3672 2190 3711 curam
2214 3655 2507 3727 gerendam
2532 3655 2603 3710 sit
2626 3657 2778 3725 piger
2799 3653 3210 3724 paterfamilias,
3236 3659 3441 3706 tectum
3536 3689 3543 3698 .

1867 3749 1999 3802 nihil
2037 3747 2301 3820 profuerit
2340 3764 2462 3804 cum
2519 3748 2695 3803 imber
2742 3758 2840 3816 per
2882 3745 3060 3801 stillas
3098 3743 3331 3811 influat;
3363 3753 3441 3798 te-

1869 3847 2016 3893 ctum
2047 3840 2190 3895 enim
2237 3839 2552 3895 necessario
2598 3848 2825 3892 cavatur
2856 3835 3058 3891 cedens
3099 3849 3256 3903 aqua:
3302 3848 3442 3903 pon-

1866 3930 2019 3999 deri;
2058 3945 2158 3985 ncc
2188 3930 2458 4001 lignorum
2496 3928 2847 3985 imbecillitas
2890 3926 3116 3990 resistit,
3153 3923 3325 3978 fracta
3370 3922 3441 3976 ab

1866 4021 2073 4078 insultu
2104 4021 2364 4092 ponderis
2397 4037 2411 4072 :
2449 4030 2736 4091 propterea
2773 4018 2919 4075 subit
2953 4017 3188 4077 interna,
3222 4029 3344 4085 quae
3383 4013 3437 4067 in

1863 4112 2671 4182 concavitatibusintercipitur
2699 4125 2863 4181 aqua,
2903 4110 3143 4179 ipsaeque
3163 4108 3345 4171 stillae,
3380 4111 3440 4159 ut

1862 4214 1947 4262 est
1972 4206 2026 4259 in
2060 4202 2386 4276 proverbiis,
2414 4201 2691 4257 hominem
2712 4200 2877 4256 domo
2915 4199 3193 4270 expellunt
3228 4197 3281 4251 in
3308 4204 3440 4251 tem-

1860 4312 1995 4367 pore
2028 4295 2252 4366 pluviae;
2295 4295 2368 4349 ita
2403 4294 2561 4350 nobis
2586 4294 2641 4349 in
2675 4293 2966 4359 aenigmate
2998 4290 3269 4361 parabolae
3299 4302 3438 4359 pra:-

1862 4387 2015 4457 cipit,
2050 4402 2148 4456 per
2188 4386 2447 4440 virtutum
2474 4385 2644 4440 robur
2669 4400 2733 4441 ac
2761 4384 3071 4438 ﬁrmitatem
3092 4397 3201 4436 non
3241 4380 3438 4436 cedere

180 4492 276 4528 ται
312 4474 402 4529 διὰ
441 4476 541 4546 τῆς
577 4476 686 4530 τῶν
718 4476 929 4548 ἀρετῶν
976 4478 1222 4541 εὐτονίας
1265 4479 1574 4543 ἀνενδότους
1618 4476 1756 4533 εἶναι

1870 4477 2192 4534 ﬂuxionibus
2244 4477 2647 4533 tentationum:
2705 4490 2775 4531 ne
2821 4490 2919 4545 per
2967 4474 3136 4527 animi
3187 4479 3435 4526 motuum

182 4565 323 4637 πρὸς
346 4566 445 4629 τὰς
474 4566 584 4620 τῶν
616 4566 936 4638 πειρασμῶν
962 4568 1246 4640 ἐπιρροὰς,
1282 4570 1490 4640 μήποτε
1526 4570 1756 4641 μαλακι-

183 4657 408 4721 σθέντες
434 4656 524 4710 διὰ
554 4656 654 4727 τῆς
680 4657 788 4710 τῶν
818 4657 1156 4727 παθημάτων
1184 4675 1245 4710 συ
1254 4658 1554 4728 μπτώσεως
1591 4661 1757 4713 κοῖλοι

180 4748 466 4820 γενώμεθα
492 4788 507 4812 ,
556 4750 649 4803 καὶ
681 4749 782 4821 τὴν
823 4749 1196 4822 ἐπιρῤούντων
1225 4747 1521 4805 ’τοιούτων
1548 4751 1757 4806 ὑδάτων

180 4839 380 4908 ἔξωθεν
427 4840 519 4893 ἐπὶ
560 4840 659 4912 τὴν
704 4840 931 4912 καρδίαν
973 4840 1290 4911 είσρέουσαν
1329 4841 1480 4905 ἐντὸς
1520 4842 1626 4895 τῶν
1664 4860 1757 4896 τα-

185 4928 372 5001 μιείων
421 4929 891 5000 παραδεξιῖψεθα,
948 4929 1014 4982 δι’
1062 4922 1137 4983 ὧν
1178 4929 1457 5000 φθείρεται
1497 4932 1633 5001 ἡμῖν
1685 4932 1754 4985 τὰ

178 5018 435 5075 ἀπόθετα.
484 5023 550 5074 Ai
586 5021 644 5075 δὲ
673 5020 854 5090 κέδροι
884 5012 1045 5075 αὗται
1074 5020 1167 5074 τοῦ
1218 5021 1450 5076 Λιϐάνου
1474 5061 1490 5087 ,
1537 5020 1604 5083 ἃς
1634 5021 1759 5089 ἐφύη

178 5127 372 5165 τευσεν
400 5113 429 5165 ό
456 5110 661 5183 Κύριος
679 5151 694 5174 ,
744 5106 831 5174 αἷς
858 5111 1228 5165 ἐννοσεύσουσι
1262 5112 1329 5165 τὰ
1349 5110 1629 5183 στρουθία,
1679 5106 1756 5166 ὧν

174 5203 216 5276 ἡ
263 5201 356 5256 τοῦ
388 5202 614 5274 ἐρωδιοῦ
664 5202 826 5257 καλιά
872 5202 1214 5274 καθηγεῖται.
1266 5198 1438 5258 Αὖται
1485 5204 1666 5259 τοίνυν
1696 5207 1753 5259 αἱ

189 5292 389 5361 κέδροι,
445 5294 502 5347 αἱ
553 5293 782 5364 ἀρεταὶ,
830 5293 922 5347 τὸν
961 5290 1109 5347 οἶκον
1165 5294 1265 5363 τῆς
1323 5296 1602 5365 ωμφικῆς
1646 5313 1751 5349 πα-

181 5382 370 5446 στάδος
406 5382 918 5452 κατασφαλίζονται,
947 5378 1033 5447 αἷς
1055 5385 1460 5440 ἐννοσεύσουσιν
1480 5387 1537 5439 αἱ
1557 5386 1748 5456 ψυχαὶ,

178 5474 436 5545 στρουθία
483 5473 776 5545 γινόμενα,
827 5478 923 5530 καὶ
976 5475 1090 5529 τῶν
1140 5476 1386 5544 παγίδων
1445 5478 1751 5550 ύπεριπτά-

178 5582 357 5639 μεναι,
388 5558 465 5619 ὧν
502 5566 824 5638 καθηγεῖται
872 5570 907 5638 ἡ
947 5566 1043 5621 τοῦ
1076 5567 1300 5638 ἐρωδιοῦ
1342 5567 1501 5622 καλιά
1528 5607 1541 5632 ,
1572 5570 1638 5639 ἢν
1673 5569 1750 5621 01--

1862 4569 2085 4625 emolliti
2116 4569 2509 4633 incursionem,
2544 4568 2818 4637 eiusmodi
2863 4568 3129 4636 aquarum
3162 4565 3435 4619 extrinse‘

1859 4674 1957 4715 cus
1989 4659 2041 4713 in
2070 4674 2165 4713 cor
2202 4658 2547 4714 inﬂuentium
2590 4657 2854 4713 inﬂuxum
2887 4657 3246 4711 admittamus
3290 4655 3434 4709 intra

1857 4754 2180 4822 penetralia,
2212 4769 2306 4823 per
2338 4768 2476 4825 quas
2507 4753 2664 4808 nobis
2704 4759 2929 4822 pereant
2964 4764 3086 4821 qute
3117 4756 3246 4806 sunt
3276 4765 3437 4819 repo-

1857 4844 1976 4898 sita.
2011 4843 2103 4900 liae
2135 4852 2315 4901 autem
2347 4845 2496 4901 cedri
2528 4843 2743 4907 Libani,
2778 4859 2919 4913 quas
2948 4842 3212 4913 plantavit
3248 4841 3435 4895 Domi-

1856 4948 1983 4991 nus.
2030 4934 2085 4988 in
2129 4935 2330 5004 quibus
2366 4934 2650 4989 nidificant
2687 4934 2944 4989 volucres
2984 4933 3062 4998 “,
3124 4932 3269 4987 inter
3296 4945 3433 5000 quas

1854 5025 2161 5095 praecipuus
2192 5034 2277 5081 est
2303 5026 2694 5081 nidusherodii
2722 5026 2839 5091 ;hre
2871 5039 3001 5094 ergo
3031 5024 3202 5084 cedri,
3236 5036 3432 5091 nempe

1851 5116 2103 5180 virtutes,
2150 5118 2405 5171 muniunt
2459 5118 2680 5172 domum
2744 5116 3007 5186 nuptialis
3070 5113 3315 5175 thalami,
3375 5115 3432 5165 in

1853 5205 2053 5275 quibus
2098 5206 2380 5262 nidiﬁcant
2443 5210 2639 5263 animae
2702 5208 2907 5263 eil'eetae
2963 5206 3234 5269 volucres,
3290 5203 3434 5257 inter

1856 5312 1995 5366 quas
2012 5297 2374 5368 principatum
2397 5306 2543 5353 tenet
2570 5298 2780 5354 herodii
2800 5298 2984 5362 nidus,
3018 5310 3178 5365 quem
3207 5294 3432 5347 domum

1855 5395 2016 5443 vocat
2080 5388 2386 5459 Scriptura.
2453 5390 2621 5445 Aiunt
2685 5401 2863 5443 autem
2925 5388 3068 5441 hanc
3113 5399 3264 5439 avem
3302 5384 3432 5438 odio

1858 5479 2059 5535 habere
2087 5481 2312 5544 coitum,
2353 5489 2408 5536 et
2456 5481 2690 5551 quadam
2739 5490 2949 5534 natura:
2979 5477 3310 5533 necessitate
3342 5475 3429 5529 in-

1856 5578 1936 5623 ter
1963 5584 2023 5624 se
2052 5571 2297 5639 c0pulari
2324 5572 2646 5633 clamantes.
2681 5577 2737 5625 ct
2767 5585 2910 5641 aegre
2946 5568 3205 5636 ferentes,
3241 5574 3298 5621 et
3323 5566 3422 5623 tri'

243 5739 290 5773 δ’
315 5738 515 5811 Ephes.
538 5756 593 5808 v,
619 5739 710 5806 3i,
738 5738 828 5794 52.
903 5738 1159 5796 “Matth.
1197 5755 1295 5805 vn,
1330 5739 1399 5794 ει
1440 5756 1561 5811 sqq.
1639 5742 1684 5774 "
1710 5741 1891 5799 Eccle.
1926 5759 1979 5812 ι,
2018 5742 2102 5799 i8.
2180 5743 2226 5776 “
2248 5742 2392 5800 Psal.
2417 5758 2537 5811 cm,
2563 5742 2649 5800 i6.
