3874 6418
536 400 640 455 839

1753 397 1813 453 S.
1857 398 2183 454 GREGORII
2216 397 2508 455 NYSSENI
3660 382 3743 451 εει·

533 519 742 574 stitiam
766 517 1157 589 signiﬁcantes.
1187 516 1341 573 Unde
1369 517 1497 572 mihi
1518 517 1735 574 videtur
1759 518 2108 590 Scripturam

2217 523 2337 576 κίαν
2359 521 2613 593 ὀνομάζει
2640 523 2668 576 ὀ
2703 522 2877 590 λόγος.
2911 518 3143 589 Λέγουσι
3169 518 3226 573 δὲ
3259 518 3516 590 ἀπεχθῶς
3540 521 3650 590 περὶ
3668 522 3737 580 τὰς

534 625 634 678 per
662 610 768 663 hoc
794 624 991 663 nomen
1024 610 1077 662 in
1120 608 1410 679 aenigmate
1442 610 1753 681 signiﬁcare
1790 612 2106 681 puritatem.

534 702 645 756 llas
683 716 813 768 ergo
847 701 1030 754 trabes
1059 715 1226 769 super
1255 708 1396 754 tecta
1457 700 1578 771 puri
1632 701 1859 756 thalami
1915 701 2112 771 aspicit

533 804 754 857 Sponsa.
797 787 951 843 Videt
985 802 1164 843 autem
1189 790 1360 857 etqui
1401 798 1486 845 est
1535 806 1601 847 ex
1643 806 1907 861 cupresso
1943 806 2109 846 orna-

535 889 680 938 tum,
734 878 828 946 qui
912 892 1008 946 per
1063 878 1200 932 bene
1250 878 1541 948 levigatam
1599 890 1653 934 et
1720 880 2106 934 concinnatam

534 969 993 1037 compositionem
1029 969 1270 1024 illustrat
1301 986 1421 1025 eam
1469 986 1591 1041 quae
1621 971 1835 1025 videtur
1866 971 2111 1039 pulchri-

535 1058 800 1111 tudinem.
835 1057 1175 1126 Cupressum
1208 1060 1354 1114 enim
1399 1060 1538 1114 dixit
1567 1077 1690 1116 esse
1727 1077 1791 1116 ea
1826 1076 1949 1132 quae
1982 1071 2114 1116 sunt

533 1148 589 1203 in
625 1157 772 1203 tecto
816 1149 1118 1218 laquearia,
1156 1160 1281 1219 apta
1333 1153 1578 1219 quaedam
1628 1160 1684 1207 et
1735 1154 2007 1207 concinna
2045 1167 2112 1207 ac

530 1243 704 1295 celata
743 1257 988 1295 asserum
1025 1243 1360 1311 compactio,
1387 1244 1517 1297 tecti
1553 1244 1774 1299 varians
1801 1243 2111 1314 pulchritu-

531 1335 733 1389 dinem.
765 1334 905 1401 Quid
935 1348 1065 1402 ergo
1092 1348 1188 1404 per
1218 1334 1333 1389 haec
1371 1335 1674 1390 discimus?
1701 1335 1846 1391 Bene
1876 1337 1985 1390 olet
2015 1351 2113 1389 na-

532 1423 785 1479 turaliter
808 1436 1123 1492 cupressus,
1156 1436 1220 1475 ea
1255 1422 1371 1492 ipsa
1401 1432 1581 1477 autem
1637 1422 1840 1476 nullam
1871 1419 2112 1475 admittit

533 1512 903 1584 putredinem,
935 1520 990 1565 et
1022 1517 1106 1564 est
1137 1517 1262 1580 apta
1306 1509 1372 1564 ad
1404 1511 1719 1565 universum
1751 1508 1948 1565 fabrile
1977 1508 2113 1563 arti-

533 1605 744 1666 ﬁcium,
770 1614 828 1657 ut
851 1620 962 1670 qua:
979 1603 1050 1657 sit
1070 1602 1220 1656 laevis
1240 1608 1295 1655 et
1316 1603 1613 1666 concinna,
1627 1610 1682 1656 et
1702 1602 1769 1655 ad
1793 1617 1856 1655 ea
1876 1615 1997 1670 qua:
2014 1614 2111 1670 per

533 1697 824 1751 calaturas
843 1694 972 1748 ﬁunt
995 1702 1317 1747 ornamenta
1333 1692 1603 1763 apposita.
1626 1691 1729 1747 Per
1747 1707 1811 1747 ea
1838 1706 1968 1762 ergo
1987 1705 2111 1761 quae

532 1786 813 1851 dicuntur,
837 1783 1088 1838 existimo
1113 1798 1213 1837 nos
1240 1783 1343 1838 hoc
1360 1783 1591 1850 erudiri,
1622 1783 1768 1853 quod
1799 1798 1907 1837 non
1931 1783 2107 1838 solum

532 1893 656 1948 quae
684 1886 814 1933 sunt
844 1877 897 1930 in
938 1875 1122 1928 anima
1153 1875 1399 1939 virtutes,
1434 1876 1488 1929 in
1526 1875 1714 1930 habitu
1748 1889 1858 1929 non
1888 1872 2112 1929 eviden-
2147 1859 2189 1913 Β

534 1980 617 2025 ter
647 1978 793 2024 recte
825 1982 884 2022 se
927 1972 1145 2036 gerunt,
1191 1966 1283 2020 sed
1332 1983 1511 2038 neque
1557 1982 1676 2023 eam
1717 1966 1996 2036 negligant
2025 1981 2115 2021 ve-

533 2069 833 2126 nustatem,
865 2072 986 2129 qua:
1020 2066 1106 2111 est
1145 2055 1201 2110 in
1234 2072 1301 2112 eo
1341 2059 1485 2129 quod
1518 2066 1764 2129 apparet.
1797 2056 1937 2112 Sunt
1962 2056 2111 2113 enim

532 2152 868 2225 providenda
904 2151 1043 2205 bona
1092 2162 1278 2201 coram
1317 2148 1427 2206 Deo
1467 2132 1521 2205 et
1562 2151 1879 2206 hominibus
1914 2150 1958 2182 υ
1995 2168 2009 2204 :
2058 2158 2114 2207 et

532 2245 678 2315 quod
720 2252 936 2315 oportet
974 2245 1084 2303 Deo
1113 2246 1332 2315 quidem
1366 2258 1489 2299 esse
1522 2241 1894 2306 manifestum,
1932 2240 2112 2296 homi—

534 2338 697 2392 nibus
732 2347 912 2393 autem
965 2337 1318 2409 persuadere,
1368 2344 1423 2391 et
1470 2334 1673 2389 bonum
1711 2332 1911 2388 habere
1953 2331 2111 2387 testi-

534 2430 777 2483 monium
811 2429 955 2499 apud
1010 2445 1107 2485 eos
1140 2429 1233 2498 qui
1274 2426 1408 2482 foris
1453 2433 1581 2480 sunt
1604 2424 1673 2491 εκ,
1719 2431 1773 2478 et
1810 2421 2110 2493 splendidis

534 2520 720 2574 lucere
747 2520 1004 2589 operilms
1032 2535 1219 2575 coram
1253 2516 1586 2579 hominibus,
1624 2522 1677 2569 et
1711 2513 1909 2569 decore
1937 2513 2108 2570 hone-

534 2619 727 2682 steque
756 2612 1040 2667 ambulare
1064 2611 1209 2683 apud
1240 2625 1334 2666 eos
1367 2609 1460 2680 qui
1483 2608 1616 2663 foris
1646 2617 1794 2664 sunt.
1826 2605 1950 2662 Haec
1982 2614 2111 2662 sunt

533 2702 815 2771 laquearia
854 2717 951 2772 per
1004 2702 1209 2757 bonum
1237 2698 1443 2754 Christi
1496 2697 1739 2763 odorem,
1791 2696 1950 2767 cujus
1976 2696 2108 2753 mni-

534 2807 658 2862 gma
684 2799 769 2847 est
804 2807 1121 2863 cupressus,
1153 2789 1206 2843 in
1231 2791 1356 2843 vita:
1380 2788 1663 2843 honestate
1682 2786 1976 2842 artiﬁciose
2001 2787 2113 2842 ela-

510 2886 744 2963 ⁸ιιοιιαιιι,
782 2886 924 2941 sicut
963 2901 1027 2940 ea
1064 2892 1212 2939 recte
1254 2893 1306 2938 et
1342 2883 1614 2938 concinne
1641 2881 1849 2937 sciebat
1885 2895 2110 2951 compo-

534 2989 667 3030 nere
696 2974 914 3043 sapiens
949 2972 1280 3026 architectus
1305 2968 1529 3035 Paulus,
1559 2970 1748 3025 dieens
1777 2987 1791 3024 :
1824 2966 2019 3024 Omnia
2052 2969 2110 3023 in

534 3063 678 3120 vobis
705 3064 886 3117 ordine
904 3073 951 3118 et
974 3064 1186 3118 honeste
1206 3065 1341 3132 ﬁant
1368 3062 1432 3116 δ’.

2222 613 2394 683 μίξεις
2417 613 2560 684 ἔχειν
2581 611 2737 667 τοῦτο
2764 613 2825 666 τὸ
2851 612 3054 684 ὄρνεον,
3087 610 3180 665 καί
3201 627 3305 664 τινι
3335 609 3548 680 φύσεως
3573 610 3739 683 ἀνάγκη

2218 704 2355 775 πρὸς
2391 704 2593 777 ἄλληλα
2636 703 3030 769 συνδυάζεσθαι
3056 744 3071 768 ,
3100 702 3400 766 ὀκλάζοντα
3445 700 3537 755 καὶ
3563 701 3740 755 δυσανα-

2219 794 2533 865 σχετοῦντα,
2566 797 2660 851 καὶ
2685 796 2782 867 τὴν
2810 795 2999 865 ἀηδίαν
3032 792 3485 865 ἐπισημαίνοντα.
3516 792 3658 844 Ὀθεν
3678 809 3743 859 μοι

2214 887 2363 940 δοκεῖ
2391 888 2489 959 τὴν
2520 888 2863 961 καθαρότητα
2891 889 2947 940 ἐν
2976 886 3257 956 αἰνίγματι
3289 884 3380 938 διὰ
3406 884 3499 938 τοῦ
3532 883 3742 952 ὀνόματος

2214 977 2404 1032 τούτου
2432 980 2717 1050 σημαίνειν
2745 980 2772 1033 ὁ
2791 979 2966 1048 λόγος.
2988 977 3205 1040 Ταύτας
3227 973 3318 1031 οὖν
3359 975 3461 1038 τὰς
3486 975 3657 1040 δοκοὺς
3678 973 3742 1025 tsi

2213 1070 2340 1133 τοὺς
2370 1069 2601 1140 ὀρόφους
2625 1070 2723 1142 τῆς
2744 1070 2992 1142 καθαρᾶς
3014 1068 3282 1132 παστάδος
3311 1066 3502 1138 βλέπει
3524 1067 3556 1137 ἡ
3579 1064 3742 1135 νύμφη.

2225 1158 2360 1229 Ὁρᾷ
2384 1158 2440 1212 δὲ
2470 1160 2565 1212 καὶ
2591 1157 2683 1212 τὸν
2700 1161 2764 1213 ἐκ
2789 1156 2887 1229 τῆς
2920 1158 3259 1228 κυπαρίσσου
3290 1156 3497 1226 κόσμον
3530 1155 3614 1207 διά
3638 1168 3744 1214 τινος

2216 1247 2470 1314 εὐξέστου
2502 1268 2561 1303 τε
2604 1250 2697 1303 καὶ
2728 1249 3044 1323 ἐναρμονίου
3080 1247 3383 1312 συνθέσεως
3423 1246 3482 1299 τὸ
3520 1243 3744 1317 δρώμενον

2216 1339 2409 1403 κάλλος
2439 1339 2845 1409 ἒναγλαῖζοντα.
2876 1341 3229 1412 Κυπάρισσον
3252 1339 3361 1408 γάρ
3389 1333 3539 1391 εἶπεν
3564 1332 3744 1389 εἶναιτά

2215 1429 2309 1485 τοῦ
2329 1430 2524 1502 ὀρόφου
2549 1431 2883 1502 φατνώματα
2902 1449 2917 1464 ο
2945 1427 3279 1504 φατνώματα
3305 1430 3366 1483 δὲ
3386 1428 3598 1497 λέγεται
3622 1422 3742 1490 εἶναι,

2214 1520 2482 1593 εὔρυθμός
2519 1539 2603 1584 τις
2645 1523 2738 1575 καὶ
2784 1520 3077 1591 διάγλυφος
3124 1521 3352 1576 σανίδων
3397 1520 3558 1589 πῆξις
3591 1518 3646 1571 τδ
3675 1519 3744 1585 τῆς

2212 1614 2416 1687 ὀροφῆς
2457 1612 2661 1677 κάλλος’
2694 1610 3153 1668 διαποικίλλουσα.
3201 1612 3267 1666 Τί
3313 1607 3411 1665 οὖν
3460 1610 3546 1664 διὰ
3585 1609 3744 1662 τούτων

2218 1704 2602 1779 μανθάνομεν;
2649 1705 2879 1761 Εὐπνοεῖ
2912 1709 3156 1777 φυσικῶς
3191 1707 3225 1777 ἡ
3265 1704 3630 1776 κυπάρισσος·
3653 1704 3681 1771 ἡ
3702 1700 3744 1752 δὲ

2217 1799 2354 1871 αὐτὴ
2389 1801 2483 1853 καὶ
2520 1796 2809 1869 σηπεδόνος
2859 1796 3005 1853 ἐστὶν
3051 1798 3467 1870 ἀπαράδεκτος,
3516 1796 3604 1846 καὶ
3644 1791 3746 1863 πρὸς

2220 1892 2399 1945 πᾶσαν
2426 1888 2743 1962 τεκτονικὴν
2779 1890 3115 1962 φιλοτεχνίαν
3146 1886 3471 1958 ἐπιτηδείως
3502 1886 3625 1956 ἔχει,
3655 1882 3745 1935 λεία

2218 2000 2278 2035 τε
2312 1981 2568 2053 γινομένη
2604 1984 2697 2035 καὶ
2728 1977 3043 2052 ἐναρμόνιος
3066 2024 3081 2046 ,
3116 1980 3371 2051 καὶπρὸς
3414 1979 3538 2039 τοὺς
3561 1973 3640 2029 διά
3666 1972 3745 2025 τῶν

2218 2071 2487 2141 γλυφίδων
2519 2071 2941 2143 καλ).ωπισμούς
2984 2069 3307 2140 ἐπιτήδειος.
3331 2066 3506 2120 Τοῦτο
3518 2061 3604 2119 οὖν
3630 2059 3744 2131 οἷμιι

2218 2160 2305 2215 διά
2342 2162 2452 2214 τῶν
2475 2159 2781 2231 λεγομένων
2823 2160 2970 2232 ἡμᾶς
3005 2158 3357 2213 παιδεύεσθαι
3381 2198 3397 2220 ,
3438 2156 3512 2229 μὴ
3545 2156 3682 2227 μόνον
3705 2154 3745 2205 ἐν

2218 2254 2285 2323 τῇ
2313 2250 2458 2321 ψυχῇ
2490 2250 2588 2315 τὰς
2616 2251 2816 2323 ἀρετάς
2860 2252 2919 2303 ὲν
2956 2250 3068 2315 ἔξει
3120 2247 3518 2321 κατορθοῦσθαι
3554 2245 3674 2300 κατὰ
3705 2243 3746 2295 τὺ

2217 2339 2411 2410 ἄδηλον
2434 2355 2448 2369 θ
2480 2339 2616 2394 ἀλλὰ
2666 2339 2797 2413 μηδὲ
2838 2339 2939 2411 τῆς
2976 2340 3114 2393 κατά
3148 2335 3206 2391 ab
3245 2338 3565 2408 φαινόμενον
3595 2336 3748 2404 £6511;-

2223 2430 2459 2502 μοσύνης
2491 2428 2709 2501 ἀμελῶς
2751 2428 2913 2502 ἔχειν.
2963 2428 3083 2502 Χρὴ
3128 2429 3237 2499 γὰρ
3271 2426 3745 2501 προνοεῖνένώπιον

2219 2522 2425 2595 Κυρίου
2454 2523 2546 2576 καὶ
2571 2522 2871 2595 ἀνθρώπων
2890 2540 2903 2552 ·
2944 2523 3035 2576 καὶ
3060 2522 3177 2593 Θεῷ
3216 2522 3312 2592 μὲν
3350 2516 3743 2590 πεφανερῶςθαι·

2219 2612 2537 2685 ἀνθρώπους
2585 2614 2642 2667 δὲ
2688 2613 2924 2677 πείθειν,
2954 2614 3049 2667 καὶ
3094 2612 3401 2684 μαρτυρίαν
3433 2611 3598 2680 καλὴν
3637 2608 3746 2678 ἔχειν

2218 2703 2327 2758 ἀπὸ
2353 2703 2462 2758 τῶν
2499 2704 2718 2770 ἔξωθεν,
2751 2705 2846 2759 καὶ
2881 2703 3119 2774 λάμπειν
3147 2705 3258 2766 τοῖς
3296 2703 3576 2773 φωτεινοῐς
3606 2698 3747 2771 ἔργοις

2218 2793 2528 2867 ἔμπροσθεν
2556 2795 2666 2849 τῶν
2692 2794 3013 2866 ἀνθρώπων,
3051 2793 3145 2847 καί⁸
3174 2793 3530 2864 εὐσχημόνως
3556 2805 3746 2861 περιπα-

2216 2890 2330 2941 τεῖν
2352 2887 2486 2957 πρὸς
2500 2887 2626 2951 τοὺς
2646 2886 2771 2953 ἔξω.
2791 2883 2976 2940 Ταῦτά
3007 2886 3117 2938 ἐστι
3145 2886 3213 2938 τὰ
3239 2884 3571 2955 φατνώματα
3587 2880 3663 2936 διὰ
3675 2878 3747 2948 τῆς

2218 2977 2310 3032 τοῦ
2334 2979 2569 3050 Χριστοῦ
2596 2977 2842 3042 εὐωδίας,
2866 2972 2934 3049 ἦς
2959 2976 3185 3049 αἴνιγμά
3210 2978 3357 3030 ἐστιν
3386 2978 3420 3048 ἡ
3441 2974 3746 3045 κυπάρισσος,

2218 3070 2276 3122 ὲν
2303 3071 2369 3141 τῇ
2400 3068 2778 3141 εὐσχημοσύνῃ
2817 3067 2909 3120 τοῦ
2939 3067 3052 3137 βίου
3095 3065 3573 3138 φιλο-τεχνωμένη,
3608 3058 3749 3121 καθὼς

531 3157 651 3228 ᾔδει
672 3156 741 3210 τά
768 3157 991 3210 τοιαῦτα
1030 3154 1335 3209 συντιθέναι
1358 3152 1535 3217 καλῶς
1566 3168 1624 3205 τε
1663 3152 1758 3205 καὶ
1796 3151 2130 3224 ὲναρμονίως
2175 3156 2205 3211 ὁ
2238 3160 2396 3231 σοφὸς
2452 3161 2783 3235 ἀρχιτέκτων
2834 3158 3075 3226 Παῦλος,
3106 3159 3134 3212 ὁ
3162 3157 3334 3228 λέγων
3355 3171 3372 3186 ·
3412 3156 3607 3211 Πάντα
3632 3147 3749 3207 κατὰ

531 3247 706 3311 τάξιν
732 3248 804 3301 ἐν
830 3247 973 3317 ὑμῖν
1010 3246 1111 3301 καὶ
1142 3244 1529 3315 εὐσχημόνως
1559 3243 1831 3312 γινέσθω.

606 3338 703 3394 llis
717 3340 789 3392 ita
818 3347 964 3394 recte
984 3339 1175 3409 gestis,
1194 3337 1252 3391 ﬁt
1269 3337 1665 3391 incrementum
1681 3333 1802 3404 ejus
1814 3349 1933 3404 quae
1949 3342 2033 3390 est
2054 3335 2108 3391 in

2292 3342 2512 3398 Τούτων
2557 3342 2614 3397 δὲ
2648 3339 2821 3406 οὕτως
2851 3339 3337 3412 κατορθωθέντων,
3374 3338 3656 3410 ὲπαύξησις
3676 3328 3747 3385 τοῦ

536 3429 696 3486 nobis
738 3428 1161 3499 pulchritudinis
1188 3470 1203 3492 ,
1241 3426 1421 3497 ampla
1447 3434 1499 3481 et
1532 3425 1638 3480 lata
1690 3432 1879 3481 nostra
1920 3433 2115 3481 natura

534 3521 728 3576 edente
753 3518 934 3575 ﬁorem
962 3518 1296 3575 odoriferum
1313 3527 1365 3574 et
1388 3534 1608 3589 purum.
1634 3515 1778 3574 Flori
1808 3525 1989 3574 autem
2016 3534 2119 3574 no-

537 3629 660 3668 men
678 3621 762 3667 est
782 3613 974 3667 lilium.
993 3611 1048 3665 In
1074 3626 1181 3682 quo
1199 3611 1518 3666 naturaliter
1540 3610 1918 3666 consideratus
1941 3611 2120 3680 splen-

535 3705 657 3767 dor,
684 3704 847 3759 tacite
892 3703 1169 3773 signiﬁcat
1193 3703 1360 3773 jubar
1383 3702 1777 3773 temperantiae.
1814 3701 1939 3757 [late
1970 3703 2117 3758 enim

536 3809 736 3863 sponsa
765 3794 906 3863 apud
922 3809 982 3848 se
1004 3808 1340 3863 persequens
1360 3794 1491 3849 dicit
1521 3812 1534 3848 :
1566 3791 1994 3865 Ego,p0stquam
2016 3793 2119 3848 fuit

536 3886 603 3940 ad
627 3886 824 3941 lectum
845 3894 1092 3941 nostrum
1112 3901 1348 3955 sponsus
1366 3895 1553 3941 noster
1573 3900 1802 3955 corpore
1822 3885 2119 3940 adumbra-

538 3985 648 4039 tus,
668 3976 759 4043 qui
776 3975 879 4029 sibi
897 3975 1189 4029 aediﬁcavit
1208 3973 1452 4038 domum,
1471 3982 1663 4043 tegens
1677 3974 1939 4044 meipsam
1952 3974 2122 4028 virtu-

537 4072 654 4117 tum
670 4065 870 4126 cedris,
898 4063 1065 4115 odore
1082 4078 1466 4131 cupressorum
1496 4077 1772 4116 exornans
1794 4070 2020 4123 tectum,
2050 4076 2119 4116 ex

538 4165 736 4218 eampo
786 4159 999 4203 natura:
1039 4158 1158 4202 orta
1206 4164 1327 4202 sum
1370 4150 1493 4213 ﬁos,
1523 4156 1576 4203 et
1628 4149 1814 4203 colore
1851 4156 1905 4203 et
1948 4149 2119 4204 odore

538 4239 773 4308 reliquis
803 4238 1031 4293 ﬂoribus
1062 4238 1416 4294 antecellens.
1445 4237 1586 4292 Nata
1615 4238 1759 4292 enim
1791 4253 1911 4293 sum
1943 4237 2117 4292 lilium

537 4345 603 4384 ex
633 4329 1004 4382 convallibus.
1044 4326 1137 4382 Sic
1177 4334 1362 4381 autem
1399 4327 1564 4382 habet
1604 4334 1899 4382 contextus
1926 4325 2120 4380 dictio-

537 4422 626 4477 nis
657 4438 669 4473 :
695 4420 804 4491 Ego
832 4420 933 4489 ﬂos
973 4422 1164 4488 campi,
1212 4420 1387 4474 lilium
1423 4419 1664 4475 vallium.
1713 4416 1929 4475 Revera
1965 4418 2115 4472 enim

539 4527 634 4583 per
662 4527 724 4565 ea
748 4526 869 4581 qtae
896 4518 1027 4566 sunt
1056 4526 1085 4565 a
1118 4511 1280 4565 nobis
1311 4510 1467 4581 prius
1506 4508 1878 4574 considerata,
1923 4509 1978 4562 in
2014 4524 2117 4563 na-

538 4613 678 4658 turae
724 4604 1085 4674 amplitudine
1137 4604 1354 4657 exculta
1391 4611 1476 4658 est
1519 4602 1726 4656 anima.
1780 4599 1916 4654 llum
1964 4600 2113 4655 enim

537 4711 791 4765 campum
841 4695 1116 4760 audimus,
1147 4696 1506 4765 intelligimus
1539 4703 1749 4749 natura,
1789 4691 2109 4762 amplitudi-
2140 4689 2193 4749 D

538 4801 684 4846 nem.
734 4793 1017 4854 propterea
1061 4785 1207 4855 quod
1234 4800 1297 4839 ea
1340 4787 1413 4838 sit
1444 4792 1568 4854 apta
1611 4784 1677 4838 ad
1728 4780 2111 4851 suscipiendas

537 4876 741 4929 multas
778 4886 831 4930 et
860 4875 1105 4930 inﬁnitas
1133 4876 1523 4946 intelligentias
1565 4888 1660 4929 seu
1684 4873 1882 4927 mentis
1911 4885 2112 4926 conce-

536 4965 775 5035 ptiones,
821 4971 875 5019 ct
901 4966 1065 5020 verba
1100 4973 1155 5020 et
1198 4964 1543 5035 disciplinas.
1574 4963 1631 5017 Si
1659 4962 1827 5034 igitur
1880 4977 1968 5027 eo,
2000 4973 2113 5031 quo

533 5056 770 5113 dicimus
798 5056 982 5119 modo,
1022 5055 1090 5111 ab
1121 5070 1189 5110 eo
1232 5056 1325 5126 qui
1381 5063 1629 5109 nostram
1663 5051 1796 5107 colit
1848 5058 2107 5105 naturam

532 5148 813 5203 elaborata
866 5156 951 5202 est
995 5146 1196 5211 anima,
1242 5145 1489 5200 exoritur
1533 5158 1599 5197 ex
1654 5150 1866 5196 natura;
1905 5151 2110 5196 nostra;

534 5254 729 5309 eampo
763 5237 861 5293 ﬁos
906 5240 1045 5293 bene
1087 5238 1264 5302 olens,
1310 5235 1629 5306 nitidusque
1675 5244 1734 5290 et
1781 5247 1974 5303 purus.
2009 5230 2111 5285 llic

540 5346 665 5386 vero
713 5346 937 5401 campus
992 5329 1206 5385 etiamsi
1242 5328 1559 5383 nominetur
1595 5326 1774 5389 vallis,
1820 5338 1949 5378 eum
1998 5321 2112 5376 vita

537 5421 747 5474 cmlcsti
792 5430 1182 5490 comparatus,
1232 5417 1405 5473 nihilo
1457 5416 1645 5472 secius
1694 5422 1781 5471 est
1835 5425 2112 5482 campus:

540 5525 639 5565 nec
685 5514 867 5568 obstat
909 5512 1203 5582 quominus
1233 5527 1356 5583 qua:
1403 5510 1459 5564 in
1503 5510 1623 5579 ipso
1673 5507 1819 5561 culta
1871 5513 1978 5569 est,
2012 5503 2115 5559 llos

540 5590 687 5656 recte
720 5602 827 5657 ﬁat.
885 5600 961 5654 Ex
1000 5616 1242 5658 concavo
1287 5600 1433 5656 enim
1475 5599 1530 5654 in
1569 5598 1739 5653 altum
1785 5596 1990 5661 oriens,
2030 5610 2121 5652 as-

2215 3436 2273 3488 ὲν
2291 3435 2420 3506 ἡμῖν
2433 3434 2641 3504 γίνεται
2661 3432 2911 3496 κάλλους,
2932 3432 3028 3501 τῆς
3047 3431 3306 3495 πλατείας
3322 3431 3482 3501 ἡμῶν
3504 3429 3692 3499 φύσεως
3704 3421 3747 3473 τὸ

2215 3525 2411 3588 εὐῶδες
2433 3525 2528 3579 καὶ
2557 3524 2796 3595 καθαρὸν
2827 3522 2985 3586 ἄνθος
3010 3521 3383 3593 ἀναδιδούσης.
3408 3523 3608 3591 Ὀνομα
3626 3517 3672 3570 δὲ
3691 3510 3747 3581 τῷ

2214 3614 2365 3670 ἄνθει
2391 3614 2574 3686 κρίνον
2597 3614 2764 3668 ἐστίν.
2793 3608 2864 3684 ’ᾨ
2890 3612 2923 3682 ἡ
2955 3612 3196 3680 φυσικῶς
3218 3610 3615 3705 ξνθεωρουμὲνη
3640 3606 3747 3673 λαμ-

2215 3703 2528 3775 πρότηςτὴν
2539 3704 2637 3775 τῆς
2651 3703 3000 3776 σωφροσύνης
3024 3701 3388 3775 μαρμαρυγὴν
3401 3701 3745 3756 ὐπαινίσσεται.

2215 3794 2400 3848 Ταῦτα
2423 3794 2532 3865 γὰρ
2552 3795 2586 3863 ή
2612 3793 2798 3865 νύμφη
2817 3794 2942 3866 περὶ
2966 3793 3163 3863 ἑαυτῆς
3185 3791 3516 3863 διεξέρχεται
3541 3790 3743 3857 λέγουσι’

2216 3881 2361 3951 Ἐγώ
2379 3882 2518 3953 μετά
2528 3882 2589 3937 τὸ
2605 3882 2856 3952 γενέσθαι
2870 3884 3005 3955 πρὸς
3017 3884 3084 3954 τῇ
3105 3882 3260 3953 κλίνῃ
3271 3883 3303 3951 ή
3313 3882 3430 3951 μῶν
3465 3881 3551 3935 τὸν
3561 3873 3747 3946 νυμφίον

2219 3974 2575 4028 συσκιαθέντα
2612 3973 2690 4045 τῷ
2722 3973 2935 4044 σώματι
2961 4017 2976 4038 ,
3019 3973 3081 4036 δς
3124 3972 3475 4043 ᾠκοδόμησεν
3500 3967 3657 4038 ἑαυτῷ
3680 3962 3747 4017 τδν

2216 4062 2363 4120 οἷκον
2385 4107 2399 4131 ,
2445 4065 2543 4136 ἐμὲ
2586 4067 2708 4128 ταῖς
2733 4064 2842 4117 τῶν
2882 4064 3091 4135 ἀρετῶν
3123 4063 3338 4135 κέδροις
3370 4062 3641 4135 ὀροφώσας
3674 4054 3747 4124 τὴν

2220 4156 2548 4227 στέγην,καὶ
2580 4159 2647 4228 τῇ
2684 4155 2908 4225 εὐπνοία
2927 4154 3035 4208 τῶν
3072 4153 3427 4225 κυπαρίσσων
3452 4150 3746 4208 καλλωπίσας

2218 4251 2309 4307 τδν
2336 4254 2531 4323 ὄροφον
2554 4290 2569 4314 ,
2604 4250 2801 4319 γέγονα
2829 4251 2893 4303 ὲκ
2920 4247 3013 4302 τοῦ
3042 4247 3224 4301 πεδίου
3249 4248 3350 4315 τῆς
3373 4246 3582 4317 φύσεως
3605 4241 3745 4300 ἄνθος.

2218 4343 2441 4415 εὐχροίᾳ
2467 4358 2525 4395 τε
2557 4341 2649 4394 καὶ
2671 4340 2868 4411 εὐωδίᾳ
2900 4339 3008 4393 τῶν
3034 4338 3235 4392 λοιπῶν
3252 4337 3428 4391 ἀνθῶν
3447 4335 3744 4405 διαφέρουσαι

2219 4439 2419 4512 Κρίνον
2439 4438 2546 4511 γάρ
2568 4436 2808 4506 ἀνεφύην
2825 4439 2889 4490 ὲκ
2912 4435 3019 4488 τῶν
3041 4432 3319 4488 κοιλάδων.
3342 4433 3494 4503 Ἔχει
3515 4430 3567 4484 δὲ
3593 4422 3747 4498 ἠλέεις

2218 4533 2413 4599 οὕτως’
2446 4531 2587 4603 Ἐγὼ
2604 4533 2787 4597 ἄνθος
2815 4531 2921 4585 τοῦ
2948 4529 3188 4594 πεδίου,
3210 4530 3418 4598 κρίνον
3443 4527 3557 4582 τῶν
3591 4516 3745 4579 κοιλά-

2218 4631 2358 4685 δων.
2386 4629 2624 4699 ’Δληθῶς
2644 4629 2750 4703 γὰρ
2768 4628 2801 4700 ἡ
2825 4627 2912 4683 διά
2934 4627 3040 4681 τῶν
3061 4625 3547 4698 προθεωρηθέντων
3563 4622 3675 4695 ἡμῖν
3693 4611 3745 4682 τῷ

2217 4723 2406 4780 πλάτει
2440 4725 2655 4795 φύσεως
2681 4722 3055 4798 γεωργηθεῖσα
3079 4722 3243 4794 ψυχή.
3284 4721 3470 4776 Πεδίον
3493 4722 3592 4791 γάρ
3622 4710 3736 4770 ἀκού·

2218 4838 2432 4887 σαντες,
2452 4822 2549 4893 τὴν
2572 4820 2888 4893 πλατύτητα
2909 4822 3006 4891 τῆς
3030 4819 3379 4892 ἀνθρωπίνης
3400 4818 3603 4888 φύσεως
3626 4807 3745 4874 ἐνοή⁹

2220 4937 2417 4991 σαμεν,
2453 4920 2541 4975 διὰ
2570 4919 2630 4975 τὸ
2667 4919 2878 4976 πολλῶν
2926 4936 2987 4973 τε
3019 4918 3112 4972 καὶ
3145 4917 3389 4989 ἀπείρων
3429 4913 3589 4983 αὐτὴν
3612 4908 3742 4962 δεκτι-

2219 5015 2321 5086 κὴν
2343 5010 2484 5070 εἶναι
2504 5016 2790 5088 νοημάτων
2809 5032 2869 5069 τε
2891 5017 2986 5070 καὶ
3005 5015 3267 5087 ῥημάτων
3298 5014 3391 5067 καὶ
3432 5010 3572 5083 μαθη
3578 5006 3742 5079 μάτων·

2230 5112 2294 5167 Ἦ
2315 5113 2491 5167 τοίνυν
2517 5112 2661 5168 κατά
2677 5114 2765 5166 τὸν
2776 5112 3067 5185 εἰρημένον
3097 5113 3297 5184 τρόπον
3329 5110 3479 5181 παρά
3503 5106 3588 5162 τοῦ
3611 5113 3742 5171 rem?

2214 5208 2440 5279 γοῦντος
2467 5210 2567 5282 τὴν
2617 5209 2780 5279 φύσιν
2826 5210 2983 5281 ἡμῶν
3027 5207 3399 5279 ιμπονηθεῖσα
3438 5203 3596 5275 ψυχὴ,
3623 5194 3743 5251 ἄνθος

2213 5304 2441 5377 εὔοδμ6ν
2482 5323 2544 5360 τε
2579 5306 2675 5360 καὶ
2698 5304 2953 5377 λαμπρὸν
2984 5304 3080 5358 καὶ
3130 5303 3367 5374 καθαρὸν
3410 5297 3678 5368 ἀναφύεται
3699 5288 3742 5339 ἐν

2217 5402 2311 5455 τοῦ
2340 5402 2442 5473 τῆς
2489 5401 2706 5470 φύσεως
2738 5399 2897 5471 ἡμῶν
2951 5397 3158 5453 πεδίου.
3191 5397 3267 5450 Τὸ
3298 5397 3356 5452 δὲ
3388 5396 3561 5450 πεδίον
3596 5385 3743 5444 τοῦτον

2218 5498 2323 5553 κᾶν
2349 5498 2633 5568 συγκρίσει
2679 5497 2780 5567 τῆς
2808 5494 3065 5567 οὐρανίας
3088 5493 3363 5564 διαγωγῆς
3388 5490 3564 5553 κοιλὰς
3585 5477 3740 5551 ὄνομά·

2226 5592 2395 5664 ζηται,
2425 5594 2579 5648 οὐδὲν
2624 5586 2787 5664 ἦττον
2842 5590 3023 5647 πεδίον
3064 5589 3201 5653 ἐστὶ,
3240 5592 3334 5643 καὶ
3365 5591 3427 5644 οὐ
3470 5570 3740 5643 κωλύεταιῆ

612 5770 654 5803 δ’
682 5773 721 5829 ll
751 5774 876 5831 Cor.
924 5789 1046 5841 νιιι,
1070 5775 1161 5829 ει.
1238 5776 1283 5809 ⁸⁸
1310 5775 1327 5829 l
1359 5774 1598 5830 'l‘imolh.
1633 5788 1713 5837 Ill,
1747 5772 1800 5827 7.
1878 5768 1959 5823 "l
1988 5770 2113 5826 Cor.

2217 5784 2254 5837 γ,
2293 5770 2383 5825 40.
