3874 6356
68 506 186 561 8H
1143 491 1213 550 IN
1252 488 1546 561 CAN'IICA
1588 484 1862 546 CANTIC.
1905 483 2191 540 HOMILIA
2227 481 2318 539 IV.
2554 536 2561 549 ,
3264 478 3371 535 8-l‘2

71 626 141 677 ὲν
173 621 328 692 αὐτῇ
383 615 802 689 γεγωργηθεῖσα
853 612 1035 677 καλῶς
1077 611 1238 676 ἄνθος
1281 610 1535 681 γενέσθαι
1572 627 1585 641 ·
1624 610 1688 661 ὲκ

1824 606 1968 677 urgit
2012 618 2273 676 germen,
2329 600 2473 657 sicut
2520 600 2648 655 licet
2705 599 2887 655 videre
2935 598 3050 656 ﬁeri
3116 598 3171 652 in
3226 598 3366 657 lilio.

71 714 200 787 γὰρ
240 712 338 767 τοῦ
382 710 562 764 κοίλου
595 709 689 761 ἐπὶ
727 707 790 760 τὸ
831 705 1034 776 ὑψηλὸν
1060 707 1091 758 6
1129 704 1357 775 βλαστὸς
1384 700 1684 764 ἀνατέλλει,

1823 698 1988 769 [agna
2033 696 2177 753 enim
2224 709 2289 749 ex
2337 701 2491 763 parte
2541 707 2664 749 cum
2719 693 2775 746 in
2839 700 3049 747 rectum
3107 707 3135 746 a
3186 692 3372 745 radice

74 781 284 865 καθὼς
316 800 465 853 ἐστιν
496 797 625 851 ἰδεῖν
655 796 747 849 ἐπὶ
771 794 866 848 τοῦ
885 793 1072 866 κρίνου
1101 794 1406 863 γινόμενον.
1426 790 1687 844 Ἐπιπολὺ

1823 797 1972 843 nstar
2002 785 2290 841 arundinis
2321 785 2621 840 excurrerit
2652 781 2822 840 herba
2854 783 2989 847 lilii,
3030 782 3219 838 ﬂorem
3258 782 3371 837 edit

77 894 205 965 γὰρ
228 891 328 945 ἐπὶ
358 889 421 944 τὸ
453 887 636 959 ὄρθιον
659 886 726 938 ὲκ
752 885 850 955 τῆς
877 883 1036 957 ῥίζης
1068 881 1440 954 καλαμοειδῶς
1465 880 1691 952 ἀναδρα.

1823 894 1861 932 :x
1887 878 2115 942 vertice,
2162 890 2274 931 non
2318 875 2535 930 modico
2599 874 2969 929 intercedente
3013 873 3298 929 intervallo
3343 889 3373 925 ιι

84 986 286 1059 μοῦσα
318 986 354 1055 ἡ
395 982 594 1053 βοτάνη
642 976 738 1032 τοῦ
790 976 1000 1048 κρίνου,
1039 975 1163 1028 τότε
1206 974 1267 1027 τὸ
1306 972 1467 1035 ἄνθος
1496 971 1562 1024 ἐκ
1589 970 1690 1040 τῆς

1823 983 1943 1024 erra
1974 975 2184 1023 tantum
2212 967 2445 1031 distans,
2475 974 2759 1036 quantum,
2798 974 2858 1021 ut
2889 966 3102 1036 opinor,
3135 964 3271 1019 satis
3303 964 3375 1018 sit

81 1056 350 1148 κορυφῆς
383 1070 734 1131 ἀναδίδωσιν,
765 1067 867 1120 οὐκ
896 1066 1065 1137 ὀλίγῳ
1100 1063 1179 1134 τῷ
1218 1061 1420 1134 μεταξὺ
1464 1060 1691 1130 διαστή-

1823 1060 1863 1115 id
1907 1059 2012 1114 huc
2069 1066 2130 1113 ut
2180 1065 2397 1113 maneat
2448 1071 2585 1127 pura
2629 1057 2686 1111 in
2738 1056 2958 1112 sublimi
3006 1056 3372 1126 pulchritudo,

85 1147 235 1237 μᾷτι
273 1167 373 1236 τῆς
405 1162 510 1231 γῆς
538 1159 920 1229 ἀποστήσασα,
939 1156 1015 1220 ὡς
1045 1149 1321 1223 ἀν,οῐμαι,
1354 1150 1595 1223 καθαρὸν
1632 1149 1692 1203 ὲν

1823 1165 1907 1205 ton
1932 1150 2210 1221 inquinata
2234 1149 2490 1205 mistione
2514 1163 2637 1203 cum
2664 1154 2831 1206 terra.
2864 1147 3155 1218 Propterea
3211 1147 3375 1203 etiam

86 1256 372 1329 μετεώρῳ
410 1252 658 1323 διαμένοι
684 1250 745 1305 τὸ
786 1248 1002 1313 κάλλος,
1035 1250 1102 1319 τῇ
1128 1246 1267 1318 πρὸς
1292 1245 1393 1318 τὴν
1420 1244 1525 1314 γῆν
1571 1244 1692 1296 ἐπι-

1825 1248 1979 1296 ustus
2026 1241 2243 1308 oculus,
2289 1255 2408 1296 eam
2449 1255 2572 1311 quae
2616 1240 2720 1295 hoc
2754 1239 2897 1294 facta
2949 1248 3055 1306 est,
3101 1239 3187 1294 vel
3261 1237 3379 1292 ﬁeri

90 1349 263 1421 μιξίᾳ
322 1346 397 1417 μὴ
448 1343 831 1415 μολυνόμενον.
891 1338 991 1392 Διά
1042 1338 1216 1392 ταῦτα
1265 1338 1361 1391 καὶ
1405 1338 1434 1389 6
1485 1334 1691 1399 δίκαιος

1823 1330 2127 1387 lesideravit
2155 1331 2468 1402 (utrumque
2494 1332 2637 1386 enim
2699 1346 2764 1386 ex
2811 1332 2878 1387 iis
2914 1346 3035 1401 qua:
3064 1330 3212 1384 dicta
3251 1336 3380 1384 sunt

84 1418 384 1509 όφθαλμὺς
427 1437 525 1508 τὴν
573 1433 733 1488 τοῦτο
763 1431 1104 1503 γενομένην,
1148 1430 1269 1499 ἦτοι
1297 1426 1550 1497 γενέσθαι
1590 1442 1691 1479 πο-

1823 1420 2180 1491 ntelligimus,
2210 1437 2405 1493 nempe
2444 1420 2591 1492 quod
2634 1422 2716 1477 vel
2742 1420 3008 1492 gloriatur
3039 1436 3098 1476 se
3119 1419 3232 1489 jam
3265 1418 3382 1473 fac-

87 1532 360 1601 θήσασαν
399 1542 415 1557 ⁸
454 1526 740 1597 ἀμφότερα
798 1523 910 1592 γάρ
958 1525 1023 1575 ὲκ
1071 1519 1181 1574 τῶν
1227 1518 1531 1590 εἰρημένων
1590 1518 1693 1571 ὑπ-

1824 1526 1911 1566 am
1985 1527 2109 1569 esse
2158 1513 2304 1584 quod
2332 1514 2683 1580 desideravit,
2715 1512 2800 1567 vel
2846 1511 2990 1580 quod
3036 1521 3192 1582 rogat
3235 1510 3381 1580 agri-

88 1600 433 1690 ενοήσαμεν,
466 1616 500 1686 ἢ
548 1610 631 1668 ὃτι
690 1612 1114 1685 μεγαλαυχεῖται
1157 1609 1233 1673 ὡς
1280 1608 1382 1679 ἠδη
1424 1606 1692 1679 γενομένη

1823 1606 1975 1660 :olam
2014 1614 2075 1659 ut
2101 1603 2203 1660 llos
2236 1607 2329 1659 liat
2353 1620 2451 1675 per
2481 1605 2625 1660 illius
2658 1602 2977 1673 sapientiam
3000 1642 3015 1665 ,
3044 1618 3111 1656 ex
3150 1600 3383 1655 vallibus

88 1712 244 1779 ὅπερ
278 1705 648 1776 ὲπεπόθησεν,
681 1702 715 1774 ἢ
748 1704 831 1757 ὅτι
874 1702 1045 1754 δεῖται
1100 1697 1195 1752 τοῦ
1232 1697 1480 1769 γεωργοῦ
1533 1696 1694 1760 ἄνθος

92 1798 386 1869 γενέσθαι,
418 1796 507 1850 διὰ
559 1795 659 1865 τῆς
697 1793 906 1847 ἐκείνου
944 1791 1136 1860 σοφίας
1163 1792 1228 1843 ὲκ
1280 1788 1393 1843 τῶν
1433 1787 1693 1842 κοιλάδων

1823 1789 1918 1844 live
1942 1804 2073 1859 ergo
2095 1790 2213 1843 vult
2240 1788 2343 1843 hoc
2388 1788 2528 1853 fieri,
2560 1799 2663 1842 seu
2700 1787 2841 1842 facta
2874 1796 2958 1842 est
2983 1786 3127 1856 quod
3193 1785 3383 1847 voluit,

91 1892 203 1961 τῆς
243 1888 596 1963 ἀνθρωπίνης
650 1885 795 1955 ζωῆς
831 1886 912 1948 είς
967 1882 1155 1953 κρίνου
1200 1878 1407 1963 κάλλος
1459 1878 1694 1948 ἀναδραι

1823 1886 1951 1933 eote
2010 1879 2195 1949 justus
2238 1879 2425 1949 sponsi
2463 1880 2654 1934 oculus
2687 1877 2808 1949 ejus
2838 1879 2983 1933 bono
3009 1878 3203 1932 annuit
3237 1876 3385 1931 desi—

98 1981 323 2053 μοῦσα·
357 1980 468 2034 εῐτε
507 1976 601 2033 οὖν
648 1976 900 2047 γενέσθαι
949 1960 1403 2045 βούλεταιᾟτοῦτο,
1439 1971 1550 2023 εἴτε
1604 1970 1698 2023 καὶ

1823 1968 1950 2024 lerio
1995 1984 2116 2039 quae
2172 1969 2238 2024 ad
2285 1970 2406 2040 ejus
2451 1968 2681 2024 formam
2727 1970 2946 2040 aspicit,
3000 1977 3060 2025 ut
3128 1970 3249 2039 ipsa
3293 1967 3387 2022 ﬁat

95 2073 337 2141 γέγονεν
356 2072 494 2142 ὅπερ
522 2068 775 2139 ἠθέλησε,
804 2065 987 2128 καλῶς
1011 2066 1041 2118 6
1065 2064 1268 2126 δίκαιος
1300 2061 1575 2132 ὀφθαλμὸς
1598 2059 1693 2113 τοῦ

1823 2060 1999 2126 ilium,
2045 2060 2271 2117 minime
2319 2059 2584 2116 suﬂ'ocata
2618 2076 2649 2116 a
2690 2061 2865 2132 spinis
2907 2061 3061 2125 vitae,
3116 2075 3256 2131 quas
3288 2075 3390 2114 no-

100 2160 375 2230 νυμφίου,
402 2158 538 2229 πρὸς
568 2156 666 2226 τὴν
695 2154 905 2225 ἀγαθὴν
932 2152 1227 2221 ἐπιθυμίαν
1252 2152 1353 2221 τῆς
1374 2149 1509 2220 πρὸς
1533 2150 1697 2203 αὑτὸν

1823 2154 2032 2208 ninavit
2081 2152 2242 2219 ﬁlias,
2284 2154 2472 2219 tacite,
2508 2163 2566 2209 ut
2616 2153 2871 2217 arbitror,
2920 2157 3216 2209 ostendens
3292 2152 3391 2206 ini—

98 2251 329 2322 ὁρώσης
389 2248 533 2313 ίδὼν,
581 2246 838 2300 ἐπένευσε
891 2243 1146 2313 γενέσθαι
1181 2242 1368 2313 κρίνον
1399 2240 1589 2312 αὐτὴν,
1623 2240 1697 2311 μὴ

1823 2245 1976 2299 nicas
2017 2245 2143 2300 vita:
2178 2244 2431 2301 humanae
2478 2251 2795 2315 potesmtes,
2862 2261 3094 2315 quarum
3138 2245 3391 2300 nomina-

1801 1696 2053 1751 humana:
2091 1699 2216 1752 vita:
2260 1696 2327 1751 ad
2392 1696 2491 1750 lilii
2536 1710 2832 1765 assurgens
2898 1691 3383 1764 pulchritudinem)

104 2340 557 2412 συμπνιγόμενον
604 2338 725 2399 ταῖς
770 2334 865 2388 τοῦ
903 2334 1019 2405 βίου
1047 2332 1332 2396 ἀκάνθαις,
1369 2331 1438 2395 ἀς
1470 2332 1699 2400 θυγατέ-

1804 2345 1899 2390 tur
1925 2345 2082 2406 pater
2111 2340 2158 2392 is
2187 2337 2278 2406 qui
2314 2345 2399 2392 est
2433 2337 2686 2393 inventor
2712 2338 2851 2393 vitii.

106 2451 212 2505 ρας
256 2432 564 2503 ὠνόμασεν,
590 2426 989 2497 ἐνδειξάμενος,
1050 2423 1225 2498 οἶμαι,
1285 2425 1430 2479 κατά
1465 2424 1529 2478 τὸ
1596 2425 1951 2498 σιωπώμενον
1993 2429 2093 2493 τὰς
2142 2427 2344 2500 ἐχθρὰς
2392 2431 2493 2500 τῆς
2539 2427 2885 2500 ἀνθρωπίνης
2915 2429 3061 2500 ζωῆς
3110 2429 3391 2500 δυνάμεις,

104 2519 184 2580 ὧν
207 2526 394 2597 πατὴρ
424 2526 453 2578 6
482 2525 581 2595 τῆς
611 2524 810 2588 κακίας
842 2522 1071 2593 εὑρετὴς
1102 2523 1550 2594 κατονομάζεται.

193 2617 297 2682 Ὠς
341 2615 552 2683 κρίνον
581 2608 697 2679 οὖν,
733 2614 896 2685 φησιν
915 2652 931 2678 ,
962 2613 1033 2667 ἐν
1056 2610 1226 2681 μέσῳ
1253 2612 1371 2667 τῶν
1406 2610 1703 2675 ἀκανθῶν,

108 2707 309 2770 οὕτως
323 2704 557 2774 ἀδελφή
573 2722 693 2774 μου
720 2704 790 2756 ἐν
804 2703 974 2773 μέσῳ
999 2702 1119 2757 τῶν
1138 2703 1497 2773 θυγατέρων.
1533 2700 1708 2774 Ὀσην

116 2798 342 2869 ὁρῶμεν
386 2798 487 2867 τῆς
515 2798 594 2860 είς
620 2797 683 2849 τὸ
717 2796 850 2865 ὕψος
899 2795 1085 2849 ἀνόδου
1132 2788 1237 2866 ’τὴν
1283 2774 1564 2866 προκοπὴν
1616 2792 1709 2845 ἐπὶ

113 2893 218 2960 τῆς
259 2888 438 2958 ψυχῆς
481 2887 794 2957 γινομένην.
837 2886 1035 2957 Πρώτη
1069 2885 1272 2951 ἄνοδος,
1311 2885 1373 2938 τὺ
1425 2884 1563 2956 πρὸς
1609 2883 1708 2954 τὴν

118 2980 512 3053 καθαιρετικὴν
546 2981 650 3051 τῆς
674 2978 977 3049 Αἰγυπτίας
1004 2980 1285 3050 δυνάμεως
1310 2979 1474 3032 ἵππον
1510 2980 1709 3048 ὁμοιω-

119 3072 301 3144 θῆναι.
338 3071 577 3143 Δευτέρα
603 3070 787 3135 ἄνοδος
808 3112 822 3135 ,
851 3070 912 3123 τὸ
952 3070 1181 3141 πλησίον
1230 3071 1401 3142 αὐτὴν
1433 3071 1711 3139 γενέσθαι,

121 3166 221 3219 καὶ
267 3164 597 3236 περιστερᾶς
648 3162 872 3232 ποιῆσαι
919 3161 987 3215 τά
1033 3160 1278 3233 ὄμματα.
1319 3162 1489 3233 Τρίτη
1532 3161 1712 3217 τοίνυν

122 3256 311 3320 ἄνοδος
342 3254 404 3307 τὸ
437 3253 635 3323 μηκέτι
663 3252 911 3323 πλησίον,
951 3251 1066 3305 ἀλλ’
1104 3252 1340 3323 ἀδελφὴν
1381 3251 1476 3305 τοῦ
1507 3252 1712 3306 Asand-

124 3365 221 3401 του
248 3344 633 3417 ὀνομασθῆναι.
673 3345 779 3410 Ὃς
808 3342 888 3400 ἂν
914 3343 1165 3413 ποιήσῃ,
1198 3344 1354 3415 φησὶ,
1377 3343 1445 3396 τὸ
1481 3344 1712 3414 θέλημα

127 3437 240 3493 τοῦ
278 3438 510 3505 Πατρός
556 3453 677 3505 μου
708 3435 818 3490 τοῦ
856 3436 926 3489 ὲν
971 3435 1098 3501 τοῖς
1145 3434 1443 3503 οὐρανοῖς,
1473 3430 1716 3514 οὖτοςῤ

128 3529 395 3597 ἁδελφός
418 3544 560 3597 μου,
588 3527 688 3582 καὶ
718 3526 948 3595 ἀδελφή
982 3526 1124 3596 ⁹ὶιου,
1158 3527 1257 3580 καὶ
1284 3525 1482 3596 μήτηρ
1521 3526 1711 3580 ἐστίν.

145 3620 299 3674 Ἐπεὶ
323 3616 419 3672 οὖν
450 3617 673 3688 γέγονεν
714 3618 893 3684 ἄνθος,
924 3618 1091 3689 μηδὲν
1133 3616 1238 3670 ὑπὸ
1260 3616 1369 3671 τῶν
1408 3615 1717 3686 ἀκανθηφόι

138 3728 248 3784 ρων
287 3711 611 3784 πειρασμῶν
641 3711 778 3782 πρὸς
806 3711 869 3764 τὸ
904 3709 1160 3780 γενέσθαι
1205 3709 1391 3779 κρίνον
1434 3707 1716 3780 παραϐλα-

135 3803 311 3867 σεῖσα,
337 3801 708 3873 ὲπιλαθομένη
737 3802 795 3856 δὲ
842 3801 937 3856 τοῦ
983 3798 1115 3855 λαοῦ
1165 3800 1261 3853 καὶ
1305 3798 1399 3853 τοῦ
1443 3799 1592 3853 οἴκου
1622 3798 1716 3851 τοῦ
1780 3808 1783 3813 ’

136 3893 340 3965 ⁶πατρὸς
370 3893 562 3963 αὐτῆς,
591 3892 728 3964 πρὸς
788 3892 880 3945 τὸν
918 3890 1171 3962 ἀληθινὸν
1218 3884 1326 3943 εἶδε
1362 3888 1605 3963 Πατέρα,
1638 3888 1720 3942 διὸ

137 3985 232 4039 καὶ
263 3982 462 4054 ἀδελφὴ
485 3982 581 4037 τοῦ
609 3981 816 4054 Κυρίου
838 3982 1198 4053 ὀνομάζεται,
1220 3980 1298 4051 τῷ
1317 3980 1418 4050 τῆς
1447 3979 1719 4044 υἱοθεσίας

140 4075 408 4147 πνεύματι
437 4075 573 4147 πρὸς
597 4075 696 4146 τὴν
736 4075 1056 4144 συγγένειαν
1083 4073 1287 4144 ταύτην
1312 4073 1683 4144 εἰσποιηθεῖσα
1701 4112 1718 4139 ,

141 4169 237 4223 καὶ
260 4168 359 4238 τῆς
392 4168 529 4238 πρὸς
559 4167 661 4232 τὰς
684 4166 989 4239 θυγατέρας
1019 4165 1115 4220 τοῦ
1139 4166 1491 4237 ψευδωνύμου
1517 4166 1721 4235 πατρὸς

142 4261 422 4324 κοινωνίας
448 4260 825 4330 ἀπαλλαγεῖσα
844 4302 859 4327 ,
886 4260 1050 4314 πάλιν
1091 4260 1301 4329 γίνεται
1352 4258 1551 4330 ἑαυτῆς
1582 4257 1722 4329 ὑψη-

143 4352 354 4422 λοτέρα,
381 4352 476 4406 καὶ
501 4350 689 4421 βλέπει
717 4351 780 4404 τὸ
808 4350 1125 4422 μυστήριον,
1164 4349 1253 4404 διά
1283 4350 1394 4403 τῶν
1429 4349 1530 4420 τῆς
1566 4365 1723 4421 περι-

147 4444 339 4514 στερᾶς
375 4441 701 4513 ὀφθαλμῶνο
747 4441 890 4511 λέγω
923 4442 980 4494 δὲ
1022 4441 1103 4512 τῷ
1150 4441 1419 4511 πνεύματι
1458 4441 1557 4511 τῆς
1585 4456 1720 4511 προ-

145 4532 385 4604 φητείας.
427 4534 494 4585 Ὀ
520 4532 578 4586 δὲ
606 4530 774 4601 λέγει,
798 4531 1037 4585 τοιοῦτόν
1077 4534 1225 4585 ἐστιν
1254 4556 1260 4562 ε
1301 4530 1399 4595 Ὠς
1422 4529 1626 4599 μῆλον
1653 4529 1723 4583 ἐν

146 4625 269 4691 τοῖς
313 4625 523 4691 ξύλοις
576 4623 687 4678 τοῦ
721 4624 972 4693 δρυμοῦ,
1015 4624 1204 4688 οὕτως
1250 4619 1573 4688 ἀδελφιδός
1597 4637 1720 4689 μου

146 4715 261 4769 ἀνὰ
280 4712 471 4782 μέσον
495 4711 616 4766 τῶν
641 4712 805 4767 υἱῶν.
823 4712 889 4765 Τί
919 4707 1013 4765 οὖν
1047 4713 1194 4781 ἐστιν
1218 4709 1247 4763 ὅ
1276 4709 1556 4775 τεθέαται;
1585 4712 1724 4779 Δρυ-

1882 2607 2032 2664 Sicut
2067 2610 2239 2664 lilium
2269 2620 2434 2681 ergo,
2468 2609 2681 2682 inquit,
2723 2612 2861 2665 inter
2892 2612 3095 2680 spinas,
3129 2614 3204 2666 sic
3239 2631 3393 2669 soror

1811 2718 1927 2756 mea
1968 2703 2108 2756 inter
2156 2703 2320 2772 ﬁlias.
2369 2703 2647 2769 Quantum
2700 2702 2947 2758 videmus
2997 2718 3285 2761 ascensum
3334 2708 3391 2762 in

1811 2793 2017 2860 altum,
2068 2802 2280 2849 tantum
2337 2794 2584 2850 videmus
2633 2809 2757 2850 esse
2798 2795 2995 2849 animae
3052 2795 3385 2867 profectum.

1810 2885 2027 2941 Primus
2071 2900 2337 2943 ascensus
2378 2893 2463 2942 est
2509 2885 2805 2942 assimilari
2852 2888 3035 2956 equis,
3066 2888 3161 2958 qui
3198 2889 3393 2959 copias

1822 2978 2109 3051 Egyptias
2149 2979 2509 3050 perdiderunt
2560 2994 2625 3036 ac
2662 2979 3071 3035 destruxerunt.
3108 2979 3396 3038 Secundus

1820 3085 2086 3125 ascensus
2136 3078 2242 3133 est,
2296 3068 2443 3140 quod
2510 3084 2574 3125 ea
2633 3070 2774 3124 facta
2830 3070 2902 3125 sit
2957 3070 3286 3143 propinqua,
3341 3081 3398 3128 et

1817 3163 1964 3233 quod
2001 3160 2195 3217 fecerit
2240 3162 2432 3218 oculos
2476 3162 2764 3218 columbae.
2820 3159 3043 3219 Tertius
3074 3172 3158 3220 est
3202 3180 3397 3220 ascen-

1817 3270 1935 3319 sus,
1980 3254 2127 3324 quod
2162 3269 2272 3310 non
2308 3254 2543 3325 amplius
2584 3255 2917 3325 propinqua,
2961 3256 3057 3311 sed
3099 3271 3257 3333 soror
3290 3257 3397 3311 Do-

1816 3346 1949 3400 mini
1976 3347 2044 3401 sit
2086 3346 2383 3401 nominata.
2421 3344 2953 3423 Quigenimﬁnquit,
2984 3349 3173 3417 fecerit
3209 3348 3399 3403 volun-

1821 3447 1980 3491 tatem
2019 3436 2202 3490 Patris
2236 3438 2338 3491 mei
2383 3437 2475 3507 qui
2510 3438 2564 3491 in
2611 3438 2755 3492 caelis
2797 3448 2897 3502 est,
2949 3439 3034 3492 hic
3078 3449 3157 3493 est
3206 3440 3396 3509 frater,

1819 3545 1970 3583 soror
2016 3538 2067 3583 et
2118 3538 2289 3583 mater
2312 3529 2378 3584 ⁵⁸.
2431 3528 2724 3599 Postquam
2778 3545 2909 3600 ergo
2958 3529 3101 3585 facta
3147 3541 3232 3587 est
3274 3531 3394 3598 llos,

1817 3636 1996 3689 neque
2026 3634 2057 3673 a
2091 3619 2330 3690 spinosis
2358 3621 2486 3677 laesa
2520 3620 2623 3675 fuit
2678 3623 3076 3679 tentalionibus
3104 3627 3398 3696 quominus

1817 3720 1966 3764 esset
1992 3709 2188 3774 lilium,
2224 3710 2392 3765 oblita
2430 3711 2618 3781 populi
2650 3720 2704 3766 et
2742 3712 2938 3769 domus
2965 3716 3138 3785 patris
3176 3724 3230 3773 et
3271 3734 3397 3773 ma~

1819 3801 1920 3857 tris
1947 3815 2078 3866 suae,
2114 3801 2327 3869 aspexit
2367 3801 2434 3857 ad
2465 3817 2653 3857 verum
2678 3800 2895 3858 Patrem
2924 3823 2939 3860 :
2980 3815 3036 3861 et
3075 3807 3197 3863 ideo
3231 3824 3394 3863 voca-

1818 3897 1911 3945 tur
1955 3905 2113 3945 soror
2154 3887 2393 3956 Domini,
2447 3892 2642 3963 spiritu
2685 3892 2921 3949 ﬁliorum
2980 3896 3291 3969 adoptionis
3345 3901 3399 3955 in

1819 3984 1963 4039 hanc
1992 3984 2246 4054 adoptata
2276 3986 2682 4056 cognationem,
2717 3996 2769 4043 et
2793 3987 3028 4043 liberata
3060 4006 3090 4045 a
3136 3991 3403 4050 societate

1819 4084 1873 4132 et
1907 4076 2293 4145 conjunctione
2342 4092 2466 4132 cum
2510 4077 2726 4135 ﬁliabus
2762 4081 2933 4150 patris
2978 4083 3071 4152 qui
3117 4081 3257 4140 falso
3305 4100 3401 4140 no-

1821 4167 2086 4232 minatur,
2145 4169 2323 4238 seipsa
2372 4184 2570 4225 rursus
2617 4169 2676 4223 lit
2722 4171 3032 4238 sublimior,
3083 4182 3137 4228 et
3194 4176 3398 4244 aspiéit

1822 4262 2145 4335 mysterium
2182 4278 2278 4333 per
2321 4262 2514 4318 oculos
2565 4262 2856 4328 columbae,
2893 4278 2989 4333 per
3019 4263 3275 4333 spiritum
3320 4267 3406 4321 in-

1823 4368 1987 4425 quam
2048 4354 2368 4424 prophetiae.
2417 4350 2533 4406 Hoc
2580 4358 2664 4407 est
2714 4362 2897 4407 autem
2947 4355 3094 4424 quod
3155 4356 3400 4425 aspicit:

1824 4443 1975 4499 Sicut
2014 4458 2226 4513 pomum
2282 4446 2337 4495 in
2386 4442 2543 4513 lignis
2589 4441 2774 4507 silvae,
2823 4443 2901 4496 sic
2949 4443 3208 4512 patruelis
3258 4461 3403 4499 meus

1824 4538 1959 4591 inter
1985 4536 2147 4605 ﬁlios.
2182 4534 2323 4600 Quid
2354 4543 2439 4590 est
2466 4548 2596 4604 ergo
2628 4533 2776 4604 quod
2807 4534 2980 4590 vidit?
3029 4533 3234 4590 Silvam
3267 4537 3405 4593 solet

1823 4627 2111 4681 nominare
2158 4623 2462 4693 Scriptura,
2513 4623 2821 4678 silvestrem
2872 4623 3157 4678 hominum
3210 4625 3402 4686 vitam.

1824 4716 1880 4771 in
1928 4722 2037 4786 qna
2063 4713 2345 4769 luxuriant
2375 4712 2525 4768 varia
2573 4728 2771 4783 genera
2822 4713 2989 4767 animi
3031 4716 3401 4785 perturbatio-

151 4807 249 4877 μὸν
268 4804 517 4875 ὀνομάζει
543 4804 789 4876 συνήθως
821 4807 855 4875 ἡ
895 4804 1027 4873 ἀγία
1065 4802 1257 4875 Γραφὴ
1286 4802 1377 4855 τὸν
1399 4800 1574 4872 ὑλώδη
1612 4801 1717 4854 τῶν

1826 4823 1980 4872 num,
2007 4806 2062 4861 in
2100 4820 2206 4876 qua
2242 4815 2501 4875 tanquam
2541 4804 2598 4858 in
2642 4811 2802 4859 antro
2835 4805 3079 4861 insident
3112 4820 3175 4862 ac
3213 4808 3406 4863 delite-

146 4896 443 4969 ἀνθρώπων
467 4897 601 4968 βίον,
630 4899 721 4950 τὸν
739 4895 807 4950 τά
836 4896 1055 4950 ποικίλα
1087 4894 1195 4950 τῶν
1233 4893 1570 4965 παθημάτων
1602 4893 1716 4963 εἴδη

151 4988 581 5059 ὑλομανήσαντα,
609 4988 667 5040 ὲν
689 4980 735 5055 ᾧ
766 4987 835 5040 τά
857 4987 1131 5058 φθαρτικὰ
1163 4984 1329 5056 θηρία
1367 4983 1596 5053 φωλεύει
1626 4984 1721 5037 καὶ

150 5072 693 5150 κατακρύπτεται,ὧν
717 5080 751 5149 ή
782 5078 943 5148 φύσις
965 5080 1023 5132 ὲν
1045 5077 1183 5148 φωτὶ
1205 5077 1300 5130 καὶ
1327 5075 1461 5147 ήλίῳ
1498 5074 1719 5146 ἀνενέρ-

151 5186 312 5240 γητος
348 5170 605 5241 μένουσα,
650 5170 739 5224 διὰ
794 5170 1018 5233 σκότους
1058 5170 1158 5241 τὴν
1209 5169 1364 5239 ἰσχὺν
1401 5168 1532 5238 ἔχει.
1564 5168 1722 5221 Μετά

152 5259 259 5330 γὰρ
286 5258 344 5311 τὺ
378 5260 530 5313 δῦναι
561 5260 652 5313 τὸν
684 5258 872 5330 ἥλιον,
920 5259 1087 5330 φησὶν
1111 5258 1140 5310 6
1165 5258 1483 5328 Προφήτης,
1531 5254 1725 5318 νυκτὸς

155 5350 527 5421 ἐπιγινομένης
566 5352 627 5405 ὲν
676 5351 814 5422 αὐτῇ
856 5351 926 5405 τά
970 5350 1135 5421 θηρία
1183 5347 1293 5402 τῶν
1329 5347 1552 5419 φωλεῶν
1596 5349 1727 5402 ἁνα-

154 5442 383 5497 δύεσθιιι.
426 5442 646 5513 Ἐπειδὴ
697 5442 877 5496 τοίνυν
919 5445 949 5496 6
981 5442 1164 5513 μονιὸς
1202 5443 1230 5494 6
1264 5442 1322 5493 ἐν
1365 5439 1444 5511 τῷ
1482 5438 1726 5510 δρυμῶνι

156 5534 497 5606 τρεφόμενος,
526 5533 628 5605 τὴν
663 5532 833 5605 καλὴν
865 5534 965 5603 τῆς
994 5532 1340 5604 ἀνθρωπίνης
1371 5529 1586 5602 φύσεως
1618 5530 1727 5601 ἄμ·-

161 5626 315 5679 πελον
341 5624 663 5695 ἐλυμήνατο,
683 5625 866 5689 καθώς
889 5642 1053 5695 φησιν
1074 5626 1102 5677 6
1125 5621 1435 5695 Προφήτης,
1459 5624 1541 5677 ὃτι
1574 5622 1738 5678 Ἐλυ-

163 5737 196 5789 μ
207 5716 375 5785 liram
393 5712 590 5783 αὐτὴν
602 5712 678 5783 ὗς
693 5717 765 5771 ἐκ
784 5715 1032 5788 δρυμοῦ,
1049 5716 1149 5771 καὶ
1159 5717 1369 5787 μονιός
1383 5715 1587 5785 ἄγριος
1601 5732 1737 5770 κατ-

178 5982 190 5994 ·
264 5918 310 5951 ⁸⁸
332 5916 521 5975 Matth.
558 5934 662 5985 xu,
707 5921 815 5989 50;
846 5922 980 5981 Luc.
1024 5941 1145 5992 VIII,
1175 5927 1265 5983 21-

478 6018 749 6082 Ριτιιοι.
800 6020 891 6081 Gn
952 6020 1177 6081 XLIV.

1828 4905 1993 4955 scunt
2048 4897 2178 4953 ferae
2228 4898 2495 4964 exitiosae,
2547 4911 2785 4966 quarum
2838 4904 3036 4951 natura
3080 4898 3135 4952 in
3193 4899 3313 4954 luce
3353 4905 3408 4953 et

1829 4989 1944 5047 sole
1968 4994 2052 5044 est
2080 4988 2278 5051 otiosa,
2310 4995 2384 5054 et,
2420 4987 2528 5041 vim
2559 5002 2669 5042 non
2702 4988 2913 5043 habens
2940 4990 3219 5059 Operandi,
3262 4989 3407 5044 vires

1828 5080 1995 5135 habet
2042 5080 2098 5133 in
2158 5078 2420 5135 tenebris.
2492 5078 2627 5133 Nam
2685 5091 2972 5150 pos1quam
3035 5082 3117 5136 sol
3182 5080 3405 5143 occidit,

1831 5179 1997 5226 nocte
2041 5169 2390 5234 adveniente,
2422 5168 2698 5241 PrOpheta
2747 5171 2877 5225 dicit
2912 5171 3117 5226 bestias
3158 5171 3309 5226 silva:
3351 5171 3406 5225 in

1829 5277 1893 5318 ea
1933 5277 2001 5318 ex
2035 5262 2211 5318 antris
2238 5277 2523 5333 emergere
2547 5262 2615 5317 “.
2648 5262 2920 5328 Quoniam
2953 5276 3083 5331 ergo
3112 5261 3408 5332 singularis

1831 5353 1981 5410 ferus
2031 5354 2125 5425 qui
2176 5354 2423 5425 pascitur
2471 5354 2526 5409 in
2582 5354 2743 5417 silva,
2797 5352 3184 5423 gravissimum
3230 5352 3412 5406 attulit

1830 5445 2093 5501 damnum
2150 5445 2393 5515 pulchrae
2446 5446 2619 5501 vinea:
2675 5444 2925 5498 humanae
2971 5449 3206 5508 naturae,
3268 5442 3412 5498 sicut

1832 5535 1967 5591 dicit
1994 5535 2285 5606 Propheta,
2328 5535 2466 5590 Eam
2502 5537 2729 5590 vastavit
2759 5549 2884 5603 aper
2915 5534 2980 5588 de
3010 5535 3168 5602 silva,
3213 5543 3264 5589 et
3301 5535 3414 5589 sin-

1836 5625 2041 5697 gularis
2091 5626 2235 5695 ferus
2293 5626 2545 5696 depastus
2601 5635 2679 5682 est
2729 5642 2842 5682 eam
2868 5626 2915 5658 ’ί
2956 5644 2970 5680 :
3017 5636 3303 5698 propterea
3356 5626 3412 5681 in

1837 5714 1977 5771 silva
2028 5715 2309 5786 plantatur
2347 5716 2572 5783 malum,
2615 5717 2760 5789 quod
2810 5717 2866 5772 in
2905 5732 2971 5773 eo
3000 5718 3221 5790 quidem
3267 5716 3411 5791 quod

1364 5929 1408 5960 ⁵¹
1445 5927 1590 5984 l’sal.
1623 5940 1745 6005 cut,
1784 5926 1850 5984 l9
1890 5941 2005 5998 seq.
2083 5926 2130 5960 ⁸²
2156 5925 2303 5982 Psal.
2332 5941 2519 5993 mxix,
2563 5926 2649 5981 14.

3018 6026 3097 6085 ‘27
