3874 6380
596 480 709 538 Ἑίΰ

1836 471 1897 529 S.
1939 470 2270 529 GBEGORII
2326 470 2625 532 NYSSENI
3737 476 3812 531 ειι

604 597 688 644 est
722 587 951 657 lignum,
984 590 1067 639 est
1115 581 1361 653 ejusdem
1407 580 1665 639 essentiae
1696 549 1858 652 cujus
1905 581 2042 655 silva
2072 581 2177 636 hu-

2288 585 2616 656 ενεμήσατο
2639 586 2840 657 αὐτήν
2861 602 2875 619 ο
2914 587 3005 644 διὰ
3033 586 3192 644 τοῦτο
3221 587 3490 659 ἐμφύεται
3518 588 3595 661 τῷ
3618 589 3811 663 opacis:

606 692 785 744 rnana,
838 682 1080 731 tentatus
1104 683 1189 730 est
1220 674 1366 730 enim
1407 676 1463 731 in
1510 673 1926 730 similitudinem
1969 674 2179 744 absque

608 776 834 839 peccato
856 768 902 800 ⁸³
932 786 944 822 :
976 768 1031 821 in
1065 782 1130 821 eo
1172 776 1353 822 autem
1392 766 1538 838 quod
1575 766 1739 821 talem
1774 764 1880 821 fert
1907 764 2174 833 fructum,

608 868 668 917 ut
702 876 799 931 per
827 873 952 914 eum
991 857 1181 914 dulces
1208 856 1510 912 reddantur
1544 871 1743 914 sensus
1771 855 1987 921 animae,
2016 855 2180 911 habet

601 953 867 1023 majorem
933 965 965 1004 a
1017 950 1154 1005 silva
1207 947 1607 1014 diﬂ'erentiam,
1663 963 1830 1019 quam
1884 962 1949 1004 ea
2010 961 2176 1019 quam

601 1044 765 1099 habet
798 1043 973 1097 lilium
1002 1056 1032 1096 a
1057 1041 1250 1114 Spinis.
1280 1039 1417 1094 Nam
1449 1040 1625 1095 lilium
1652 1039 1877 1110 quidem
1912 1040 2096 1112 specie
2123 1045 2181 1095 et

600 1134 769 1190 odore
822 1143 982 1189 tenus
1057 1131 1478 1187 delectationem
1538 1131 1721 1203 parit;
1799 1132 1946 1203 pomi
1994 1138 2177 1187 autem

599 1219 774 1290 gratia
811 1220 990 1274 tribus
1024 1219 1281 1275 sensibus
1311 1227 1437 1289 apte
1480 1228 1535 1275 et
1575 1220 1966 1276 convenienter
1992 1220 2180 1277 distri-

598 1312 806 1377 buitur,
848 1320 907 1366 ut
939 1326 1060 1382 quae
1088 1321 1141 1367 et
1188 1312 1381 1368 oculos
1413 1311 1656 1368 delectat
1693 1314 1878 1384 specie
1927 1320 2178 1386 aspecta-

598 1402 716 1466 bili,
760 1410 815 1457 et
862 1402 1009 1456 bono
1058 1400 1229 1457 odore
1261 1400 1526 1456 odoratus
1570 1416 1795 1457 sensum
1841 1409 2080 1467 recreat,
2123 1408 2180 1459 et

599 1492 789 1547 cliecta
835 1492 1235 1549 nutrimentum
1282 1490 1571 1547 dulcedine
1608 1490 1773 1547 allicit
1821 1507 2044 1549 sensum
2079 1508 2182 1564 gu-

600 1590 743 1638 stus.
787 1582 959 1638 Recte
1003 1598 1135 1654 ergo
1170 1582 1306 1637 vidit
1355 1596 1561 1652 sponsa
1593 1597 1716 1652 quae
1763 1582 1838 1638 sit
1884 1583 1970 1637 sui
2000 1596 2032 1635 a
2072 1579 2180 1636 Do-

601 1675 753 1728 mino
781 1674 1113 1739 differentia,
1159 1673 1418 1744 quoniam
1452 1675 1543 1730 ille
1573 1674 1797 1745 quidem
1839 1684 1895 1730 et
1927 1673 2088 1729 nobis
2120 1673 2180 1728 lit

600 1765 788 1820 lxi-titia
812 1766 1119 1829 oculorum,
1164 1773 1225 1820 ut
1255 1765 1349 1836 qui
1388 1765 1445 1820 in
1482 1765 1565 1822 eis
1592 1765 1665 1822 sit
1691 1765 1807 1828 lux,
1834 1772 1885 1819 et
1926 1778 2177 1835 unguen-

597 1864 714 1911 tum
746 1856 1019 1922 odoratui,
1050 1864 1104 1911 et
1140 1855 1252 1912 vita
1287 1856 1725 1913 comedentibus.
1762 1853 1908 1910 Nam
1936 1856 2028 1927 qui
2058 1870 2178 1911 eum

596 1949 902 2012 comederit,
944 1949 1097 2015 vivet,
1139 1948 1284 2005 sicut
1325 1947 1528 2003 alicubi
1563 1947 1696 2003 dicit
1724 1923 2077 2019 Evangelium
2107 1945 2175 2002 “.
2209 1923 2253 1980 Β

598 2041 845 2096 llumana
886 2049 1070 2096 autem
1128 2049 1325 2095 natura
1381 2039 1621 2111 perlecta
1656 2055 1752 2110 per
1800 2040 2058 2104 virtutes,
2112 2038 2173 2096 ﬁt

598 2134 717 2195 llos.
756 2149 867 2189 non
911 2133 1088 2189 solum
1130 2132 1427 2203 agricolam
1481 2131 1753 2198 nutriens,
1795 2133 1891 2189 sed
1940 2129 2177 2202 seipsam

597 2242 894 2282 exornans.
946 2224 1042 2281 Ille
1086 2224 1233 2280 enim
1273 2238 1380 2280 non
1412 2230 1500 2279 est
1540 2224 1809 2279 bonorum
1856 2232 2177 2280 nostrorum

600 2335 790 2390 egens,
844 2316 941 2373 sed
997 2332 1099 2372 nos
1149 2317 1300 2373 illius
1345 2315 1510 2372 bonis
1551 2330 1796 2387 egemus,
1847 2314 1994 2372 sicut
2044 2314 2179 2369 dicit

598 2401 873 2475 Propheta
901 2404 947 2436 "
983 2419 998 2456 :
1038 2404 1301 2470 Quoniam
1337 2401 1595 2458 bonorum
1629 2419 1865 2459 meorum
1907 2421 2009 2458 non
2039 2420 2177 2474 eges.

567 2706 585 2724 ι
669 2688 959 2754 Propterea
1011 2680 1524 2756 sponsum_aspicit
1580 2687 1807 2753 purgata
1847 2678 2054 2742 anima,
2114 2677 2174 2732 in

597 2780 761 2851 lignis
791 2779 942 2834 silvae
971 2776 1112 2833 facta
1143 2762 1381 2838 malum,
1418 2782 1476 2828 ut
1517 2787 1643 2829 cum
1709 2770 1814 2826 sibi
1880 2767 2182 2824 inseruerit

597 2887 788 2927 omnes
821 2878 1066 2941 agrestes
1124 2883 1311 2924 ramos
1368 2867 1541 2933 silvae,
1601 2862 1801 2919 elliciat
1847 2869 1910 2917 ut
1971 2858 2182 2916 similes

602 2962 816 3017 fructus
846 2959 1172 3031 producant.
1205 2957 1492 3025 Quomodo
1520 2961 1654 3028 ergo
1685 2954 1849 3018 ﬁlias,
1883 2949 2029 3024 quod
2070 2950 2184 3005 sint

600 3052 774 3123 spinis
807 3050 1042 3112 similes,
1092 3049 1462 3104 intelleximus
1502 3046 1647 3102 ﬁlios
1681 3044 1857 3116 patris
1890 3043 1987 3114 qui
2041 3041 2183 3100 falso

601 3142 802 3196 dicitur
829 3158 842 3196 :
874 3155 996 3211 quae
1025 3138 1249 3209 quidem
1289 3137 1451 3192 simul
1480 3151 1606 3192 cum
1636 3134 1771 3189 ﬂore
1799 3140 2024 3198 exortae,
2064 3147 2186 3204 pro-

599 3246 762 3286 cessu
800 3229 1065 3300 temporis
1095 3227 1231 3298 ipsae
1265 3240 1485 3297 quoque
1531 3232 1821 3281 transeunt
1847 3222 1915 3278 ad
1952 3225 2182 3294 gratiam

600 3323 732 3380 lilii:
769 3323 844 3376 ita
872 3322 964 3376 hic
995 3335 1215 3392 quoque
1244 3334 1367 3374 cum
1406 3317 1815 3373 audivissemus
1844 3314 2184 3371 assimilatos

600 3412 872 3484 ejusmodi
904 3412 1065 3484 lignis
1103 3412 1276 3476 silvas,
1327 3425 1443 3465 non
1489 3406 1933 3465 existimavimus
1975 3404 2186 3478 signiﬁ-

599 3506 715 3560 cari
755 3504 962 3559 amicos
1029 3503 1241 3574 sponsi,
1279 3501 1375 3558 sed
1440 3498 1815 3564 adversarios,
1860 3512 2001 3568 quos
2055 3510 2186 3552 cum

601 3597 711 3651 sint
744 3596 837 3649 ﬁlii
879 3595 1226 3650 tenebrarum
1274 3601 1329 3649 et
1385 3593 1499 3665 irae,
1536 3604 1633 3660 per
1682 3587 1898 3644 fructus
1935 3602 2186 3644 commu-

598 3690 815 3743 nionem
861 3686 1220 3742 transformat
1273 3684 1331 3739 in
1384 3682 1525 3739 ﬁlios
1562 3680 1705 3737 lucis
1738 3690 1792 3735 et
1848 3679 1992 3736 ﬁlios
2048 3678 2183 3734 diei.

599 3778 895 3850 PrOpterea
924 3776 1060 3832 dicit
1093 3774 1273 3831 anima
1299 3788 1420 3844 qua:
1451 3784 1647 3830 sensus
1692 3768 1860 3826 habet
1911 3768 2187 3825 exercita-

598 3877 687 3927 tos
724 3889 738 3926 :
769 3867 1000 3923 Fructus
1041 3868 1154 3937 ejus
1203 3866 1375 3921 dulcis
1418 3866 1475 3919 in
1514 3872 1729 3935 gutture
1771 3878 1906 3917 meo.
1950 3860 2189 3919 Fructus

602 3967 784 4014 autem
820 3959 1046 4012 omnino
1088 3956 1339 4011 doctrina
1372 3962 1459 4010 est
1490 3949 1697 4015 :Quam
1730 3952 1911 4007 dulcia
1952 3967 2191 4023 namque

601 4048 807 4117 gutturi
837 4062 950 4100 meo
977 4046 1189 4115 eloquia
1225 4053 1338 4112 tua,
1369 4043 1547 4114 inquit
1570 4041 1861 4112 Propheta,
1893 4058 2059 4112 supra
2086 4041 2190 4096 mel

604 4139 687 4199 ori
732 4155 847 4192 meo
880 4136 1326 4193 “.-—-Utmalum
1350 4137 1407 4190 in
1444 4135 1603 4206 lignis
1654 4135 1829 4197 silete,
1869 4135 1948 4188 sic
1976 4143 2191 4204 patrue-

606 4231 671 4283 lis
698 4245 843 4283 meus
876 4229 1012 4283 inter
1040 4227 1202 4298 filios.
1244 4256 1315 4265 —
1346 4225 1455 4281 Sub
1506 4226 1697 4280 umbra
1729 4226 1845 4296 ejus
1896 4224 2192 4281 desideravi

602 4327 653 4372 et
683 4317 817 4383 sedi,
846 4327 895 4372 et
926 4316 1135 4388 fructus
1160 4315 1276 4384 ejus
1307 4314 1483 4370 dulcis
1516 4316 1570 4369 in
1611 4324 1820 4386 gutture
1852 4331 1984 4369 meo.
2034 4313 2191 4370 Tunc

603 4409 749 4465 enim
786 4425 912 4465 vere
938 4411 1106 4465 verbo
1129 4407 1319 4465 dulces
1349 4407 1485 4463 ﬁunt
1525 4424 1728 4463 sensus
1758 4407 1977 4473 animae,
2011 4422 2190 4478 quan-

604 4503 676 4557 do
710 4517 812 4556 nos
845 4502 913 4556 ab
941 4510 1078 4558 mstu
1108 4501 1474 4556 tentationum
1496 4500 1628 4554 mali
1659 4500 1854 4554 umbra
1893 4500 2188 4571 separavit,

2278 679 2340 732 τὸ
2370 679 2559 749 μῆλον,
2580 680 2609 733 ὃ
2629 680 2707 751 τῷ
2733 681 2830 751 μὲν
2847 679 3003 747 ξύλον
3031 677 3192 746 εἶναι,
3224 681 3325 747 τῆς
3352 682 3694 755 ἀνθρωπίνης
3714 684 3810 755 ὕλης

2279 770 2428 824 ἐστὶν
2466 770 2788 841 όμοούσιονο
2823 771 3123 842 ἑπειράσθη
3169 772 3277 842 γὰρ
3338 772 3483 825 κατὰ
3526 772 3693 827 πάντα
3725 775 3812 828 καθ’

2278 860 2576 933 ὁμοιότητα
2610 862 2779 933 χωρὶς
2828 862 3138 934 ἁμαρτίας·
3171 862 3250 933 τῷ
3285 863 3343 918 δὲ
3391 864 3633 919 τοιοῦτον
3668 866 3813 938 φέρειν

2279 951 2513 1021 καρπὸν,
2535 951 2602 1005 δι’
2623 946 2685 1006 οῦ
2707 952 3055 1021 γλυκαίνεται
3087 953 3155 1007 τὰ
3181 955 3280 1024 τῆς
3302 954 3483 1027 ψυχῆς
3514 957 3812 1029 αἰσθητήρια.

2278 1043 2500 1099 πλείονα
2546 1043 2659 1114 ἔχει
2710 1043 2810 1116 τὴν
2855 1042 2993 1114 πρὸς
3032 1043 3123 1096 τδν
3173 1042 3376 1117 δρυμδν
3425 1046 3813 1119 παραλλαγὴννῆ

2277 1135 2412 1206 ὅσην
2446 1133 2559 1205 ἔχει
2603 1134 2741 1204 πρὸς
2772 1133 2872 1198 τὰς
2903 1134 3144 1198 ἀκάνθας
3166 1135 3229 1188 τὸ
3252 1135 3457 1205 κρίνον.
3506 1135 3581 1189 Τὸ
3624 1136 3713 1207 μὲν
3737 1137 3815 1206 γὰρ

2279 1223 2462 1295 κρίνον
2486 1224 2648 1295 μέχρι
2670 1222 2766 1278 τοῦ
2806 1223 2979 1290 εἴδους
3013 1224 3109 1278 καὶ
3132 1223 3233 1295 τῆς
3263 1226 3523 1289 εὐπνοίας
3548 1225 3609 1279 τὸ
3635 1226 3815 1296 τερπνὸν

2279 1313 2415 1386 ἔχει.
2463 1316 2530 1368 Ἡ
2568 1315 2627 1368 δὲ
2656 1313 2751 1368 τοῦ
2790 1315 2962 1386 μήλου
3005 1315 3167 1387 χάρις
3204 1314 3341 1387 πρὸς
3377 1316 3481 1380 τὰς
3509 1320 3656 1386 τρεῖς
3677 1318 3816 1386 αἰσθή-

2280 1422 2397 1470 σεις
2425 1405 2698 1478 ἁρμοδίως
2722 1406 3169 1479 καταμερίζεται,
3201 1408 3297 1461 καὶ
3320 1406 3603 1477 ὀφθαλμὸν
3634 1407 3817 1477 saepe.

2279 1512 2447 1552 νουσα
2476 1500 2544 1569 τῇ
2577 1496 2700 1571 ὥρα
2718 1496 2815 1551 τοῦ
2852 1497 3047 1564 εἴδους,
3078 1499 3174 1553 καὶ
3200 1498 3301 1569 τὴν
3342 1499 3705 1572 όσφραντικὴν
3726 1498 3816 1565 ’1)δύ-

2280 1603 2446 1641 νουσα
2487 1588 2741 1658 αἴσθησιν
2788 1588 2877 1644 διὰ
2911 1588 3012 1659 τῆς
3056 1588 3331 1652 εὐπνοίας,
3370 1591 3467 1643 καὶ
3514 1590 3681 1661 τροφὴ
3710 1608 3817 1659 γινο-

2283 1675 2419 1747 μένη
2456 1676 2879 1747 καταγλυκαίνει
2907 1677 2975 1731 τὰ
3005 1678 3269 1746 γευστικά
3290 1679 3642 1754 αἰσθητήρια.
3671 1682 3817 1744 Καλῶς

2280 1762 2374 1822 οὖν
2394 1763 2534 1823 εἶδεν
2563 1770 2598 1841 ἡ
2636 1768 2821 1843 νύμφη
2851 1770 2913 1823 τὸ
2932 1772 3132 1842 ἑαυτῆς
3159 1772 3296 1843 πρὸς
3318 1772 3409 1826 τὸν
3438 1772 3708 1845 Δεσπότην
3732 1773 3815 1826 διά·

2283 1874 2447 1931 φορον
2472 1876 2485 1888 ·
2514 1860 2596 1913 ὅτι
2630 1850 2837 1923 ἐκεῖνος
2872 1860 2971 1932 μὲν
3013 1861 3171 1932 ἡμῶν
3213 1862 3305 1916 καὶ
3329 1862 3627 1935 ὀφθαλμῶν
3660 1863 3815 1933 γίνεται

2285 1947 2466 2019 χάρις,
2492 1946 2610 2018 φῶς
2629 1949 2933 2021 γινόμενος,
2955 1951 3050 2005 καὶ
3087 1950 3159 2021 μύ
3167 1968 3259 2022 ρον
3284 1954 3342 2006 ὲν
3363 1955 3428 2024 τῇ
3464 1954 3733 2027 ὀσφρήσει,
3752 1954 3816 2007 καὶ

2287 2036 2402 2109 ζωὴ
2434 2040 2550 2102 τοῖς
2568 2038 2861 2094 ἐσθίουσιν.
2906 2041 2960 2094 '0
2984 2042 3095 2112 γὰρ
3134 2043 3342 2115 φαγὼν
3370 2046 3584 2111 αὐτὸν,
3612 2044 3813 2113 ζήσεται,

2285 2126 2467 2192 καθώς
2491 2129 2624 2201 φησί
2653 2146 2756 2184 που
2776 2131 2839 2185 τὸ
2861 2131 3209 2201 Εύαγγέλων.
3252 2135 3315 2188 Ἡ
3336 2135 3394 2189 δὲ
3419 2136 3722 2209 ἀνθρωπίνη
3744 2138 3815 2207 φύ-

2287 2235 2373 2283 σις
2398 2218 2465 2273 δι’
2506 2220 2711 2292 ἀρετῆς
2742 2221 3092 2279 τελειωθεῖσα
3111 2262 3127 2289 ,
3150 2223 3312 2291 ἄνθος
3343 2227 3561 2296 γίνεται
3580 2267 3597 2292 ,
3623 2229 3757 2301 μόνον
3774 2227 3814 2282 οὗ

2285 2311 2376 2367 τὸν
2417 2312 2663 2385 γεωργὸν
2689 2314 2985 2386 τρέφουσα,
3025 2317 3166 2372 ἀλλὰ
3200 2320 3399 2390 ἑαυτὴν
3428 2320 3813 2387 καλλωπίζουσα.

2287 2403 2363 2458 Ού
2387 2403 2498 2475 γὰρ
2548 2405 2758 2470 δκεϊνος
2800 2407 2984 2480 ἐνδεὴς
3011 2407 3121 2462 τῶν
3149 2409 3432 2482 ἡμετέρων
3477 2412 3709 2482 ἀγαθῶν,
3737 2411 3815 2465 ἀλλ’

2285 2495 2449 2565 ἡμεῖς
2484 2495 2596 2550 τῶν
2643 2496 2857 2552 ἐκείνου
2882 2498 3116 2570 δεόμεθα
3134 2540 3150 2566 ,
3180 2501 3364 2566 καθώς
3407 2519 3580 2576 φησιν
3608 2505 3636 2557 ό
3655 2505 3813 2575 Προφή·

2286 2599 2406 2656 της,
2439 2586 2570 2641 Ὀτι
2603 2585 2725 2642 τῶν
2754 2588 2995 2660 ἀγαθῶν
3018 2609 3141 2661 μου
3160 2594 3233 2646 οὐ
3266 2594 3482 2663 χρείαν
3506 2586 3678 2665 ἔχεις.

2356 2675 2458 2731 Διὰ
2487 2675 2646 2732 τοῦτο
2676 2677 2863 2749 βλέπει
2878 2681 2970 2735 τὸν
2996 2684 3226 2753 νυμφίον
3245 2686 3278 2756 ὴ
3297 2684 3678 2757 κεκαθαρμένη
3695 2683 3813 2754 Μ.

2290 2764 2462 2837 μῆλον
2486 2768 2545 2821 ὲν
2568 2769 2683 2831 τοῖς
2717 2767 2813 2822 τοῦ
2849 2768 3056 2841 δρυμοῦ
3095 2771 3272 2838 ξύλοις
3300 2776 3573 2846 γενομένη
3595 2790 3611 2808 ο
3639 2774 3718 2828 ῖνα
3752 2775 3815 2841 ἐγ·

2287 2856 2618 2929 κεντρίσασα
2650 2859 2817 2932 ἑαυτῇ
2838 2861 3046 2926 πάντας
3072 2864 3199 2928 τοὺς
3230 2863 3457 2936 ἀγρίους
3485 2866 3583 2920 τοῦ
3597 2865 3815 2937 δρυμῶπς

2289 2948 2517 3013 κλάδους
2541 2988 2556 3010 ,
2593 2949 2672 3020 τῷ
2720 2952 2891 3023 ὁμοίῳ
2945 2953 3146 3025 καρπῷ
3218 2954 3403 3026 βρύειν
3457 2955 3815 3029 παρασκευάσῃ.

2293 3038 2505 3110 Ὥσπερ
2533 3039 2714 3094 τοίνυν
2742 3039 2842 3105 τὰς
2890 3041 3218 3115 θυγατέρας,
3252 3044 3344 3099 διὰ
3374 3045 3436 3099 τὸ
3465 3050 3591 3111 ταῖς
3615 3046 3817 3105 ἀκάνθαις

2288 3127 2639 3200 ὁμοιωθῆναι,
2674 3130 2746 3184 τὰ
2765 3131 2859 3185 τοῦ
2889 3132 3245 3205 ψευδωνύμου
3279 3137 3492 3209 πατρὸς
3518 3138 3817 3207 ἐνενοήσαμεν

2291 3218 2485 3271 τέκναο
2503 3220 2703 3284 αἵτινες
2734 3219 2813 3292 τῷ
2840 3220 2993 3276 ἄνθει
3036 3228 3551 3299 συμπαραφυεῖσαι,
3602 3225 3672 3297 τῷ
3691 3224 3818 3296 χρόνῳ

2288 3311 2384 3363 καὶ
2405 3310 2568 3363 αὐταὶ
2589 3310 2728 3383 πρὸς
2754 3311 2853 3382 τὴν
2895 3312 2990 3368 τοῦ
3033 3313 3220 3385 κρίνου
3257 3315 3643 3385 μεταϐαίνουσι
3668 3313 3815 3384 χάριν⁸

2286 3400 2431 3457 οὓτω
2462 3402 2558 3457 καὶ
2586 3403 2824 3458 ἐνταῦθα
2860 3405 2989 3470 τοὺς
3031 3406 3537 3476 πῳσεικασθέντας
3561 3410 3665 3470 τοῖς
3690 3400 3818 3457 τοιού·

2285 3509 2401 3556 τοις
2454 3491 2631 3558 ξύλοις
2668 3492 2764 3548 τοῦ
2810 3494 3019 3566 δρυμοῦ
3062 3495 3420 3561 ἀκούσαντες,
3450 3498 3517 3551 οὐ
3565 3495 3729 3567 φίλους
3752 3507 3819 3558 ση·

2292 3583 2581 3655 μαίνεσθαι
2626 3585 2720 3640 τοῦ
2773 3586 3040 3656 νυμφίου,
3074 3585 3212 3640 ἀλλὰ
3265 3589 3395 3651 τοὺς
3450 3588 3711 3649 ἐναντίους
3744 3583 3818 3636 ὑπ·

2289 3676 2593 3748 ενοήσαμεν
2614 3716 2629 3742 ,
2665 3676 2759 3741 οὒς
2803 3678 2953 3742 υἱοὺς
2995 3676 3155 3741 ὄντας
3186 3676 3283 3731 τοῦ
3325 3678 3553 3744 σκότους
3590 3680 3676 3733 καὶ
3700 3674 3818 3728 τέκνα

2289 3767 2483 3839 ὀργῆς.
2516 3768 2584 3839 τῇ
2616 3767 2872 3839 κοινωνίᾳ
2895 3767 2991 3821 τοῦ
3032 3767 3248 3841 καρποῦ
3293 3770 3375 3833 εἰς
3405 3771 3558 3836 υἱοὺς
3583 3769 3737 3840 φωτὸς
3753 3762 3819 3819 καὶ

2292 3859 2444 3922 υἱοὺς
2472 3854 2690 3930 ἡμέρας
2725 3858 3144 3929 μετασκευάζει.
3175 3860 3275 3915 Διὰ
3308 3859 3465 3915 τοῦτό
3506 3878 3664 3932 φησιν
3690 3859 3718 3927 ἡ
3748 3869 3814 3921 τε-

2289 3949 2647 4022 γυμνασμένη
2677 3950 2745 4004 τὰ
2772 3950 3101 4025 αίσθητήρια
3123 3950 3290 4024 ψυχὴ,
3321 3952 3404 4007 ὄτι
3431 3952 3665 4022 Καρπὸς
3679 3942 3817 4003 αὐτοῦ

2289 4040 2523 4112 γλυκὺς
2544 4041 2613 4095 ἐν
2655 4039 2734 4107 τῷ
2763 4039 3024 4112 λάρυγγι
3047 4060 3169 4113 μου
3191 4058 3206 4074 ·
3247 4044 3459 4114 καρπὸς
3477 4043 3590 4115 δὲή
3618 4041 3817 4096 διδασκα-

2292 4131 2381 4185 λία
2431 4131 2649 4195 πάντως
2694 4132 2862 4188 ἐστίν.
2909 4132 3005 4200 Ὠς
3031 4133 3263 4203 γλυκέα
3284 4134 3598 4206 γὰρ,φησὶ,
3635 4129 3705 4198 τῷ
3745 4124 3819 4183 .ιά-

2284 4227 2465 4296 ρυγγι
2484 4244 2605 4298 μου
2629 4227 2700 4283 τὰ
2738 4229 2921 4299 ,λόγιά
2948 4245 3090 4296 σου,
3123 4231 3153 4282 ὁ
3190 4229 3515 4300 Προφήτης,
3542 4226 3684 4295 ὑπὲρ
3714 4220 3815 4293 μέλι

2289 4318 2377 4384 τῷ
2397 4320 2649 4389 στόματι
2672 4338 2813 4389 μου.
2831 4351 2903 4361 -
2924 4320 3021 4387 Ὠς
3048 4318 3255 4390 μῆλον
3284 4319 3356 4373 ἐν
3387 4318 3512 4385 τοῖς
3539 4319 3723 4384 ξύλοις
3739 4305 3815 4364 τοῦ

2292 4407 2544 4477 βρυμοῦ,
2597 4410 2785 4475 οὕτως
2830 4409 3158 4479 ἀδελφιδός
3202 4425 3324 4478 μου
3354 4408 3470 4464 ἀνὰ
3516 4407 3698 4477 μέσον
3732 4395 3818 4453 τῶν

2291 4494 2456 4549 υἱῶν.
2466 4529 2540 4540 -
2551 4499 2566 4519 '
2577 4500 2697 4555 Υπὸ
2706 4499 2821 4571 τὴν
2828 4500 3210 4558 ouidi-0151013
3221 4500 3577 4572 ἐπεθύμησα
3584 4486 3815 4572 καὶέκάθῗ

604 4601 667 4647 ιιι
698 4608 809 4648 non
845 4594 915 4649 ab
950 4593 1056 4649 hoc
1101 4594 1216 4649 sole
1271 4607 1502 4649 uramur
1552 4591 1645 4664 qui
1693 4591 1853 4647 ardet
1893 4590 2184 4646 imminens

2293 4602 2432 4651 ισα,
2470 4587 2572 4641 καί
2616 4591 2650 4641 ὁ
2678 4589 2910 4668 καρπός
2946 4587 3133 4644 αὐτοῦ
3152 4571 3470 4658 γλυκὺςέν
3511 4585 3590 4653 τῷ
3620 4571 3815 4650 λάρυπί

606 4686 756 4739 nudo
781 4685 971 4755 capiti.
1007 4684 1126 4740 Non
1154 4686 1290 4740 alias
1320 4696 1502 4741 autem
1534 4684 1664 4740 licet
1715 4684 1819 4738 sub
1850 4683 2043 4739 umbra
2101 4697 2191 4737 ar-

607 4773 762 4829 boris
790 4774 916 4828 vitae
945 4773 1284 4844 refrigerari,
1329 4789 1494 4845 quant
1524 4774 1571 4830 si
1632 4772 1909 4843 cupiditas
1968 4771 2037 4825 ad
2068 4786 2190 4827 eam

607 4865 897 4921 deduxerit
947 4867 1208 4921 animam.
1253 4865 1424 4923 Vides
1479 4880 1582 4920 cur
1611 4863 1712 4918 tibi
1762 4864 1838 4918 sit
1884 4863 2051 4919 insita
2108 4864 2192 4919 vis

608 4957 1052 5028 concupiscendi,
1096 4974 1294 5028 nempe
1340 4966 1400 5013 ut
1457 4957 1557 5013 tibi
1594 4956 1748 5027 pomi
1791 4955 1995 5012 aﬂ'erat
2039 4956 2193 5011 desi-

606 5049 845 5117 derium,
887 5064 952 5105 ex
992 5065 1100 5124 quo
1152 5051 1203 5106 ei
1239 5050 1333 5121 qui
1397 5048 1851 5121 appropinquarit
1904 5033 2190 5118 multiplex

608 5139 838 5196 fruenda
869 5141 1087 5198 exsistit
1114 5143 1391 5212 voluptas.
1426 5139 1564 5195 Nam
1600 5148 1657 5197 et
1677 5140 1874 5195 oculus
1902 5147 2189 5197 recreatur

610 5234 927 5304 aspectabili
958 5234 1394 5305 pulchritudine,
1431 5241 1486 5289 et
1515 5246 1691 5289 nasus
1714 5230 1856 5287 bene
1888 5230 2191 5302 spirantem

608 5327 843 5397 percipit
874 5326 1121 5392 odorem,
1168 5334 1225 5382 ct
1252 5340 1454 5397 corpus
1504 5325 1690 5388 alitur,
1723 5329 1779 5379 et
1805 5338 1870 5379 os
1901 5322 2195 5379 dulcedine

518 5440 523 5443 λ
613 5420 867 5487 adicitur,
899 5429 954 5476 et
987 5432 1158 5476 aestus
1190 5419 1479 5481 avertitur,
1505 5426 1559 5473 et
1593 5416 1788 5471 umbra
1822 5415 1881 5469 ﬁt
1913 5414 2073 5471 sedes
2100 5414 2194 5469 cui

614 5509 850 5567 insideat
877 5512 1082 5576 anima,
1119 5524 1242 5582 quae
1282 5507 1574 5578 abnegavit
1643 5506 1966 5562 cathedram
2023 5505 2195 5576 pesti-

614 5599 814 5657 lentiae.

2283 4695 2424 4748 μου.
2455 4678 2588 4732 Τότε
2614 4679 2723 4750 γὰρ
2761 4667 2977 4751 ἀλήθῶς
3008 4680 3359 4749 γλυκαίνεται
3391 4680 3467 4751 τῷ
3504 4679 3643 4748 λόγῳ
3669 4671 3725 4727 τὰ
3744 4667 3813 4733 τῆς

2286 4769 2469 4842 ψυχῆς
2489 4771 2841 4843 αίσθητήρια,
2880 4774 3008 4826 ὃταν
3040 4774 3192 4843 ἡμᾶς
3219 4772 3357 4843 πρὸς
3395 4771 3485 4825 τὸν
3520 4772 3584 4826 ὲκ
3610 4766 3704 4821 τῶν
3734 4774 3815 4811 tu?

2293 4864 2518 4935 ρασμῶν
2560 4863 2802 4935 φλογμὸν
2830 4867 2863 4935 ή
2900 4862 3027 4918 σκιὰ
3078 4861 3176 4919 τοῦ
3216 4863 3388 4934 μήλου
3436 4857 3734 4930 διατειχίσῃ,
3762 4847 3813 4905 ὡς

2296 4956 2371 5028 μὴ
2402 4955 2760 5026 συγκαίεσθαι
2794 4956 2945 5028 ἡμᾶς
2987 4956 3092 5010 ὑπὸ
3137 4955 3235 5010 τοῦ
3274 4955 3516 5010 τοιούτου
3564 4951 3713 5025 ἡλίου,
3745 4956 3814 5010 τυ·
3860 4964 3869 4977 -

2301 5047 2438 5119 μνῆς
2476 5047 2577 5118 τῆς
2619 5047 2862 5119 κεφαλῆς
2897 5045 3276 5121 ὐπερζέοντος.
3315 5049 3430 5103 Οὐκ
3470 5042 3661 5100 ἔστιδὲ
3689 5032 3814 5093 ἄλλως

2298 5139 2404 5194 ὑπὸ
2432 5139 2530 5211 τὴν
2554 5140 2716 5194 σκιὰν
2742 5140 2838 5194 τοῦ
2873 5140 3031 5206 ξύλου
3050 5139 3151 5211 τῆς
3182 5140 3330 5211 ζωῆς
3359 5136 3642 5208 ἀναψῦξαι,
3661 5128 3724 5203 μὴ
3746 5122 3814 5190 τῆς

2299 5229 2593 5300 ἐπιθυμίας
2635 5230 2771 5302 πρὸς
2803 5228 2963 5285 τοῦτο
2989 5228 3088 5301 τὴν
3131 5228 3311 5301 ψυχὴν
3341 5227 3655 5298 ἀναγούσης.
3697 5212 3814 5285 ’θρᾲἶ

2299 5317 2390 5372 διὰ
2417 5318 2472 5371 τί
2504 5335 2587 5372 σοι
2615 5318 2649 5390 ἡ
2678 5318 3050 5391 ὲπιθυμητικὴ
3089 5317 3319 5390 δύναμις
3371 5319 3624 5387 ἔγκειται,
3652 5313 3725 5365 ἵνα
3759 5317 3812 5355 σοι

2302 5408 2467 5463 πόθον
2512 5410 2789 5483 ἐμποιήσῃ
2839 5409 2933 5464 τοῦ
2980 5409 3151 5481 μήλου
3176 5449 3193 5475 ,
3235 5403 3296 5465 οὗ
3342 5407 3619 5478 πολυειδὴς
3660 5401 3813 5483 γίνεται

2299 5503 2412 5565 τοῖς
2450 5482 2879 5573 προσεγγίσασιν
2910 5504 2943 5572 ἡ
2993 5502 3310 5565 ἀπόλαυσις.
3342 5501 3411 5554 Ὅ
3449 5516 3508 5554 τε
3543 5498 3646 5569 γὰρ

2305 5597 2404 5668 μδς
2455 5597 2521 5667 τῇ
2565 5594 2685 5667 ὥρᾳ
2733 5594 2829 5649 τοῦ
2886 5595 3118 5659 κάλλους
3165 5593 3664 5667 προσαναπαύεται,
3702 5575 3814 5637 καὶὸ

622 5693 836 5764 μυκτὴρ
859 5692 1087 5746 ἀναπνεῖ
1122 5692 1221 5762 τὴν
1248 5687 1495 5754 εὐωδίαν,
1513 5688 1605 5743 καὶ
1627 5690 1688 5742 τὸ
1721 5688 1881 5760 σῶμα
1916 5687 2198 5775 τρέφεται,
2235 5688 2330 5742 καὶ
2378 5687 2440 5741 τὸ
2482 5686 2659 5757 στόμα
2705 5687 3076 5756 γλυκαίνεται,
3126 5688 3221 5743 καὶ
3259 5690 3289 5742 ό
3325 5685 3541 5741 καύσων
3603 5670 3811 5745 ἀποστρέ-

619 5799 794 5852 φεται,
812 5785 905 5837 καὶ
928 5786 961 5855 ἡ
981 5783 1108 5839 σκιὰ
1137 5783 1325 5855 Θρόνος
1348 5781 1578 5851 γίνεται,
1666 5779 1964 5851 ἐγκάθηται
1989 5783 2022 5852 ἡ
2053 5780 2221 5852 ψυχὴ,
2262 5783 2294 5851 ἡ
2322 5781 2428 5834 τῶν
2463 5780 2666 5852 λοιμῶν
2688 5779 2789 5851 τὴν
2821 5780 3088 5852 καθέδραν
3115 5779 3484 5852 ἀρνησαμένη.

689 5901 739 5936 ⁵³
762 5900 927 5957 llcbr.
952 5917 1026 5968 iv,
1053 5903 1141 5957 l5.
1217 5900 1444 5971 'LJoan.
1469 5916 1545 5970 νι,
1581 5902 1668 5958 58.
1747 5903 1792 5935 "
1816 5900 1961 5985 Psal.
2002 5916 2092 5969 xv,
2120 5900 2176 5956 2.
2254 5901 2299 5934 '°
2322 5899 2468 5957 Psal.
2526 5915 2683 5969 xvnt,
2718 5901 2806 5954 ll.
