3874 6370
93 477 209 536 845

1039 483 1108 538 IN
1132 434 1443 540 ἐΑΝτιοΑ
1476 474 1752 536 CANTIC.
1795 474 2075 533 HOMILIA
2121 479 2205 534 IV.
2268 494 2271 497 λ

3264 476 3368 533 846

168 590 313 654 Εἶτά
333 612 497 665 φησιν
517 613 530 627 ο
559 596 922 667 Εἰσαγάγετέ
938 613 1014 669 με
1038 599 1125 665 εις
1153 593 1322 651 οἶκον
1351 597 1458 651 τοῦ
1487 596 1657 650 οῖνου
1678 629 1692 654 9

1866 593 2070 651 Deinde
2111 595 2243 650 dicit
2286 614 2298 650 :
2345 593 2668 648 Introducite
2730 610 2809 648 me
2852 592 2916 647 in
2966 593 3168 669 cellam
3215 594 3368 648 vina-

91 685 324 751 τάξατε
346 686 438 739 ἐπ’
459 687 565 757 ἐμὲ
592 687 851 757 ἀγάπην,
880 686 1202 755 στηρίξατέ
1232 700 1315 758 με
1351 688 1422 741 ἐν
1461 687 1691 755 μύροις.

92 775 473 832 Στοιϐάσατέ
497 794 573 847 με
604 779 675 832 ἐν
701 778 955 848 μήλοις-ο
977 777 1069 831 ὅτι
1097 778 1424 848 τετρωμένη
1457 774 1695 845 ἀγάπης

93 867 238 938 ἐγώ.
271 869 462 932 Ὅπως
481 868 652 940 τρέχῃ
677 867 756 939 τῷ
789 867 918 937 θείῳ
947 866 1132 937 δρόμῳ
1157 869 1190 938 ἡ
1221 866 1402 930 καλῶς
1432 865 1510 936 τῷ
1538 864 1693 933 ἵππῳ

94 958 572 1030 προσεικασθεῖσα
608 958 755 1030 ψυχὴ
780 1000 795 1021 ,
828 960 905 1024 ὡς
945 962 1167 1024 πυκνοῖς
1220 976 1280 1012 τε
1325 959 1417 1012 καὶ
1445 972 1693 1011 συντετα-

97 1051 296 1120 μένοις
350 1051 464 1113 τοῖς
512 1049 717 1120 ἆλμασι
765 1053 876 1114 τοῖς
926 1050 1234 1121 ἔμπροσθεν
1282 1047 1688 1111 ἐπεκτείνεται,

94 1141 243 1212 πρὸς
269 1140 323 1193 δὲ
353 1141 415 1193 τδ
443 1140 672 1195 κατόπιν
705 1141 806 1193 οὐκ
835 1141 1222 1211 ἐπιστρέφεται
1244 1156 1259 1172 ·
1283 1139 1462 1193 πόσων
1505 1139 1693 1208 ἔτυχεν

94 1233 158 1284 ὲν
213 1234 329 1295 τοῖς
361 1231 637 1300 φθάσασι·
658 1232 753 1286 καὶ
786 1230 866 1285 ἔτι
893 1231 1040 1303 διψᾷ.
1074 1233 1185 1286 Καὶ
1214 1229 1448 1301 τοσαύτη
1487 1230 1581 1283 τοῦ
1613 1230 1694 1284 δίο

93 1323 241 1390 ψους
271 1323 421 1375 ἐστὶν
449 1323 483 1393 ἡ
519 1322 790 1390 ἐπίτασις,
830 1323 912 1376 ὅτι
944 1324 1045 1376 οὐκ
1070 1310 1321 1394 ἀρκεῖται
1348 1321 1425 1393 τῷ
1454 1321 1552 1392 τῆς
1601 1337 1693 1375 σο-

97 1414 238 1482 φίας
259 1413 517 1484 κρατῆρι,
549 1414 658 1467 οὐδ’
693 1414 875 1468 ἱκανὸν
898 1414 1067 1469 οἴεται
1107 1414 1245 1486 πρὸς
1280 1414 1575 1486 θεραπείαν
1596 1414 1694 1484 τῆς

97 1504 269 1576 δίψης
304 1505 424 1559 ὅλον
447 1505 736 1575 ὲγχέασθαι
763 1506 853 1561 τὸν
888 1507 1138 1578 κρατῆρα
1168 1506 1246 1577 τῷ
1286 1506 1509 1577 στόματι
1535 1522 1549 1536 ·
1579 1504 1692 1559 ἀλλ’

100 1598 187 1659 εἰς
214 1596 379 1649 αὐτὸν
414 1594 509 1648 τοῦ
532 1596 675 1649 οἴνου
710 1597 801 1650 τὸν
833 1595 979 1651 οἶκον
1021 1598 1364 1669 παραχθῆναι
1394 1598 1562 1668 ζητεῖ,
1599 1595 1693 1650 καὶΙ

100 1689 304 1750 αὐταῖς
328 1689 446 1749 ταῖς
487 1686 668 1758 ληνοῖς
693 1688 950 1759 ὑποσχεῖν
978 1688 1039 1741 τὸ
1069 1688 1264 1759 στόμα,
1289 1691 1408 1752 ταῖς
1440 1689 1532 1741 τὸν
1553 1685 1693 1743 οἶνον

102 1777 201 1829 τὸν
230 1779 366 1848 ἡδὺν
415 1779 1012 1851 ὑπερϐλυζούσαις,καὶ
1067 1780 1193 1861 ἰδεῖν
1240 1781 1332 1835 τὸν
1380 1780 1574 1851 βότρυν
1603 1780 1692 1834 τὸν

99 1871 232 1931 ταῖς
263 1870 446 1939 ληνοῖς
490 1869 884 1942 ὲνθλιϐόμενον,
916 1872 1009 1925 καὶ
1049 1872 1144 1943 τὴν
1178 1871 1440 1943 ἄμπελον
1479 1873 1692 1943 ἐκείνην

99 1960 208 2029 τὴν
233 1960 328 2013 τὸν
355 1960 596 2014 τοιοῦτον
642 1961 837 2034 βότρυν
866 1963 1255 2036 ἐκτρέφουσαν,
1292 1964 1383 2018 καὶ
1404 1964 1492 2016 τὸν
1521 1981 1696 2036 γεωρ-

100 2049 205 2115 γὸν
230 2050 334 2121 τῆς
365 2050 628 2122 ἀληθινῆς
677 2052 947 2123 ἀμπέλου,
982 2053 1078 2107 τὸν
1108 2052 1280 2117 οὕτως
1314 2053 1574 2125 εῠτροφον
1603 2052 1694 2107 τὸν

105 2141 312 2210 βότρυν
347 2144 440 2195 καὶ
462 2141 593 2213 ἡδὺν
624 2132 1071 2215 ἀπεργαζόμενον
1105 2163 1116 2175 ·
1144 2139 1218 2197 ὧν
1247 2144 1475 2198 ἕκαστον
1506 2162 1694 2216 περιτ-

98 2233 198 2285 τὸν
226 2232 295 2287 ἂν
320 2232 403 2304 εἴη
427 2234 867 2305 διευκρινεῖσθαι,
905 2238 1145 2308 φανερᾶς
1164 2235 1327 2308 οὔσης
1348 2237 1448 2306 τῆς
1480 2238 1695 2307 ἑκάστῳ

99 2324 316 2379 τούτων
339 2324 778 2397 ὲνθεωρουμένης
825 2326 1093 2398 τροπικῆς
1141 2327 1435 2398 σημασίας.
1471 2328 1695 2390 Πάντως

70 2414 161 2468 -ίὲ
190 2416 413 2469 κάκεῖνο
443 2414 689 2485 βούλεται
723 2416 960 2469 κατιδεῖν
989 2416 1050 2469 τὸ
1092 2418 1407 2487 μυστήριον,
1436 2417 1551 2480 πῶς
1577 2418 1696 2488 ἐρυ-

102 2503 392 2575 θραίνεται
438 2504 520 2574 τῷ
568 2504 794 2577 πατητῷ
845 2506 944 2575 τῆς
994 2505 1155 2576 ληνοῦ
1214 2507 1282 2559 τὰ
1319 2505 1412 2559 τοῦ
1460 2506 1692 2576 νυμφίου

101 2596 480 2667 ἱμάτια.Περὶ
503 2591 564 2651 οὗ
590 2613 754 2666 φησιν
794 2597 823 2650 6
865 2598 1183 2668 προφήτης,
1226 2598 1306 2650 ὅτι
1341 2598 1442 2651 Διὰ
1478 2598 1534 2650 τί
1578 2614 1694 2653 σου
1737 2614 1747 2624 ’

100 2688 327 2755 ἐρυθρὰ
357 2686 431 2741 τὰ
472 2687 698 2756 Lucina,
730 2689 827 2743 καί
864 2688 936 2742 τὰ
979 2687 1280 2759 ἐνδύματά
1309 2703 1425 2743 σου
1458 2689 1538 2754 ὡς
1574 2690 1692 2743 ἀπὸ

101 2779 378 2845 stame
433 2780 659 2847 ληνοῦς
709 2780 809 2833 Διὰ
844 2781 1017 2834 ταῦτα
1048 2782 1140 2835 καὶ
1171 2782 1240 2834 τὰ
1277 2781 1499 2835 τοιαῦτα
1545 2780 1694 2844 ἐντὸς

100 2868 200 2921 τοῦ
236 2870 385 2922 οἴκου
416 2869 667 2937 γενέσθαι
701 2869 874 2935 ποθεῖ,
908 2871 965 2923 ὲν
991 2863 1034 2938 ᾧ
1057 2870 1117 2923 τὸ
1147 2871 1286 2924 κατὰ
1307 2871 1397 2923 τὸν
1418 2870 1555 2924 οἶνόν
1577 2871 1694 2923 ἐστι

106 2960 428 3031 μυστήριον.
471 2955 606 3013 Εἶτα
632 2960 782 3025 ὲντὸς
810 2962 1100 3032 γενομένη,
1131 2961 1294 3015 πάλιν
1315 2963 1407 3015 ἐπὶ
1430 2962 1490 3015 τὸ
1511 2960 1695 3033 μεῖζον

101 3050 580 3121 ὲξάλλεταιλητεῖ
596 3051 668 3119 γὰ
674 3069 706 3119 ρ
719 3051 780 3104 τὸ
796 3053 1129 3123 ὑποταγῆναι
1152 3056 1218 3125 τῇ
1241 3054 1448 3125 ἀγάπῃ.
1478 3053 1693 3125 Ἀγάπη

100 3142 163 3195 δέ
184 3143 334 3195 ἐστιν
350 3144 378 3195 ό
394 3143 545 3207 Θεὸς,
564 3142 706 3196 κατά
726 3144 824 3215 τὴν
853 3143 1097 3197 Ἰωάννου
1125 3146 1328 3218 φωνὴν,
1344 3139 1389 3213 ᾧ
1408 3148 1469 3198 τὸ
1492 3146 1695 3199 ὑποτα-

1795 688 1968 751 riam;
2006 687 2247 743 ordinate
2288 687 2342 742 in
2393 704 2472 743 me
2515 687 2847 742 charitatem.
2887 685 3096 741 Fulcite
3147 703 3227 741 me
3267 702 3369 740 uu-

1793 780 1998 849 guentis
2019 820 2034 843 ,
2067 778 2225 832 malis
2271 786 2443 832 torum
2481 778 2607 832 mihi
2644 778 2890 838 sternite,
2924 777 3051 846 quia
3092 793 3211 831 sum
3238 793 3369 839 sau-

1796 868 1939 921 ciata
1975 866 2299 922 dilectionis.
2332 865 2401 921 Ut
2423 866 2490 921 ad
2512 866 2972 920 divinumcurrat
2999 880 3225 921 cursum
3246 881 3372 935 quae

1796 967 1944 1012 recte
1984 956 2139 1027 prius
2175 957 2332 1027 equis
2365 956 2667 1012 assimilata
2701 962 2785 1012 est
2832 956 3038 1019 anima,
3101 962 3362 1025 tanquam

1796 1048 2007 1103 crebris
2046 1055 2101 1104 et
2131 1046 2399 1103 ordinatis
2431 1048 2666 1103 saltibus
2698 1048 2762 1101 ad
2799 1046 3080 1101 anteriora
3137 1044 3368 1100 tenden-

1797 1139 1946 1195 tibus
1979 1139 2313 1199 extenditur.
2341 1138 2407 1192 ad
2442 1138 2749 1209 posteriora
2781 1146 2964 1192 autem
3010 1152 3116 1191 non
3143 1151 3373 1191 conver-

1795 1233 1948 1296 titur,
1985 1239 2249 1302 quantum
2308 1230 2438 1285 lieet
2497 1229 2840 1300 occupando.
2879 1227 3187 1296 Quinetiam
3231 1228 3368 1283 sitit.

1797 1322 1985 1393 Usque
2023 1317 2159 1375 adeo
2197 1326 2378 1372 autem
2447 1328 2679 1392 augetur
2718 1320 2860 1388 sitis,
2900 1328 2960 1374 ut
2992 1336 3023 1376 e
3085 1318 3372 1390 sapientiae

1795 1421 2008 1470 cratere
2056 1429 2164 1470 non
2212 1414 2449 1480 hauriat,
2510 1428 2688 1482 neque
2742 1412 2810 1466 ad
2868 1410 3165 1468 sedandam
3220 1410 3372 1466 sitim

1796 1509 1929 1563 satis
1957 1522 2079 1562 esse
2108 1513 2279 1577 putet,
2314 1506 2362 1561 si
2395 1512 2567 1561 totum
2595 1514 2862 1561 craterem
2906 1506 2960 1558 in
2998 1519 3061 1559 os
3092 1502 3369 1568 infundat,

1796 1599 1890 1653 sed
1916 1605 2074 1667 r0gat
2103 1596 2165 1651 ut
2206 1598 2510 1652 deducatur
2536 1595 2604 1651 ad
2636 1596 2811 1666 ipsam
2843 1595 3036 1649 cellam
3065 1595 3332 1649 vinariam
3356 1634 3371 1658 ,

1795 1696 1848 1743 et
1880 1689 2014 1759 ipsis
2044 1688 2414 1744 torcularibus
2438 1703 2500 1743 os
2525 1686 2806 1757 subjiciat,
2866 1693 2920 1741 et
2958 1685 3119 1740 dulce
3171 1684 3365 1737 vinum

1795 1787 2013 1834 scatens
2045 1780 2298 1850 aspiciat,
2328 1779 2658 1848 hotrumque
2686 1777 2778 1847 qui
2808 1776 3139 1847 exprimitur
3167 1776 3221 1830 in
3268 1786 3374 1829 tor-

1796 1870 2096 1937 cularibus,
2128 1878 2181 1927 et
2217 1871 2381 1924 vitem
2424 1870 2573 1924 illam
2605 1884 2727 1939 qua:
2780 1869 2928 1924 hunc
2958 1870 3176 1923 botrum
3237 1868 3371 1932 alit,

1795 1970 1850 2017 et
1883 1977 2023 2017 verae
2060 1962 2206 2019 illius
2260 1964 2387 2018 vitis
2422 1962 2741 2032 agricolam,
2773 1960 2868 2030 qui
2903 1958 3041 2015 adeo
3103 1959 3371 2028 optimum

1793 2064 1849 2111 et
1886 2069 2110 2111 suavem
2166 2052 2329 2109 eilicit
2363 2053 2604 2132 botrum.
2639 2052 2883 2118 Quorum
2942 2049 3373 2120 unumquodque

1796 2158 2262 2214 supervacaneum
2294 2143 2460 2198 fuerit
2491 2143 2786 2213 explicare,
2819 2157 2945 2197 cum
2976 2142 3047 2196 sit
3076 2140 3373 2197 manifesta

1795 2251 1917 2306 quae
1946 2234 2001 2288 in
2033 2248 2365 2304 unoquoque
2394 2248 2584 2288 eorum
2613 2232 2996 2288 consideratur
3039 2231 3247 2301 tropica
3298 2231 3375 2288 si-

1795 2324 2092 2396 gniﬁcatio.
2121 2323 2257 2378 Illud
2290 2331 2470 2380 autem
2510 2324 2735 2379 omnino
2774 2323 2891 2377 vult
2930 2323 3114 2377 videre
3154 2328 3374 2393 myste-

1794 2418 1961 2483 rium,
1992 2416 2450 2486 quemadmodum
2490 2431 2694 2487 sponso
2730 2415 2965 2470 calcanti
3002 2414 3246 2469 torcular
3279 2431 3373 2470 ru-

1794 2510 1906 2565 brae
1946 2509 2078 2564 iiant
2110 2518 2311 2565 vestes.
2345 2508 2423 2564 De
2454 2524 2561 2579 quo
2589 2507 2722 2564 dicit
2760 2508 3024 2580 propheta
3054 2527 3067 2563 :
3105 2507 3279 2575 Quam
3309 2506 3371 2561 ob

1796 2620 1905 2658 rem
1946 2602 2109 2657 rubra
2140 2610 2261 2657 sunt
2290 2602 2602 2657 vestimenta
2654 2612 2766 2665 tua,
2797 2610 2847 2655 et
2898 2600 3203 2654 indumenta
3235 2600 3371 2654 sicut

1794 2693 1859 2748 de
1883 2693 2088 2747 calcato
2119 2692 2475 2747 torculari”?
2504 2691 2732 2761 Propter
2750 2691 2863 2746 haec
2885 2699 2938 2745 et
2968 2706 3090 2760 qua:
3117 2697 3246 2745 sunt
3270 2688 3374 2743 hu-

1792 2784 2054 2854 jusmodi,
2120 2783 2272 2853 cupit
2332 2782 2543 2853 ingredi
2588 2782 2838 2847 domum,
2896 2783 3089 2850 inqua
3118 2786 3202 2835 est
3258 2779 3372 2834 vini

1795 2876 2117 2946 mysterium
2156 2882 2224 2930 ‘ac
2252 2881 2681 2929 sacramentum.
2737 2870 2942 2927 Deinde
2995 2872 3266 2941 ingressa,
3304 2871 3372 2924 ad

1797 2967 1975 3035 majus
2032 2981 2227 3021 rursus
2284 2965 2491 3020 exsilit.
2530 2963 2705 3035 Rogat
2750 2964 2894 3019 enim
2958 2971 3013 3017 ut
3050 2963 3375 3033 subjiciatur

1797 3058 2077 3113 charitati.
2131 3056 2388 3111 Charitas
2447 3064 2625 3116 autem
2667 3063 2752 3111 est
2809 3054 2975 3117 Deus,
3028 3062 3089 3108 ut
3127 3068 3231 3108 vox
3290 3062 3374 3109 est

1796 3147 2027 3204 Joannis
2050 3150 2120 3214 ⁵⁸,
2157 3150 2244 3205 cui
2276 3149 2575 3219 subjectam
2611 3164 2735 3204 esse
2770 3148 3028 3212 animam,
3062 3162 3184 3203 esse
3226 3147 3373 3201 salu-

103 3233 271 3301 γῆναι
291 3232 390 3304 τὴν
419 3232 620 3303 ψυχὴν,
641 3233 913 3305 σωτηρίαν
935 3230 1072 3289 εἶναι
1104 3237 1131 3289 6
1157 3235 1320 3289 Δαὸῖδ
1354 3236 1691 3307 ἀπεφήνατο.

1799 3249 1906 3297 tem
1934 3240 2104 3296 David
2143 3242 2522 3313 pronuntiavit
2542 3242 2611 3293 ⁸9.
2637 3240 2906 3307 Quoniam
2948 3240 3195 3310 ingressa
3226 3255 3371 3302 sum,

116 3324 274 3377 Ἐπεὶ
298 3320 393 3377 οὖν
428 3323 649 3393 γέγονα,
664 3325 850 3395 φησὶν,
883 3327 941 3378 ὲν
970 3325 1050 3396 τῷ
1087 3325 1222 3398 οἴκῳ
1254 3327 1347 3381 τοῦ
1376 3327 1691 3393 οἶνου,ὁπο-

100 3416 307 3485 τάξατέ
335 3435 402 3488 με
428 3421 494 3489 τῇ
530 3419 739 3489 ἀγάπῃ,
778 3419 899 3489 ἦτοι
940 3419 1137 3484 τάξατε
1166 3421 1254 3475 ἐπ’
1285 3421 1386 3491 ἐμὲ
1428 3422 1527 3494 τὴν
1555 3423 1692 3491 ἀγά-

102 3528 238 3582 πην.
259 3510 448 3573 Ὅπως
466 3509 531 3563 ἂν
564 3512 743 3583 χρήσῃ
774 3513 839 3582 τῇ
875 3512 1186 3584 ἀναστροφῇ
1226 3513 1319 3565 τοῦ
1343 3512 1524 3583 λόγου,
1558 3516 1694 3568 ταύ-

100 3604 205 3659 τόν
234 3605 351 3657 ἐστι
375 3603 442 3656 δι’
467 3604 733 3675 ἑκατέρου
762 3603 822 3656 τὸ
846 3603 1268 3675 σημαινόμενον,
1293 3604 1356 3657 ἐκ
1394 3622 1453 3657 τε
1474 3605 1567 3659 τοῦ
1590 3586 1694 3659 ὑπὸ

100 3694 204 3767 τὴν
254 3696 475 3766 ἀγάπην
521 3695 805 3767 ταχθῆναι,
854 3697 949 3749 καλ¹
990 3694 1083 3749 τοῦ
1138 3695 1237 3767 τὴν
1289 3696 1509 3768 ἀγάπην
1556 3698 1692 3770 αὐτῇ

101 3786 487 3858 ἐπιταχθῆναι.
1540 3806 1549 3809 '

74 3918 81 3921 -
176 3879 252 3932 ’Ἡ
283 3878 425 3949 τάχα
461 3894 514 3932 τι
547 3878 651 3933 και
671 3878 847 3949 δόγμα
879 3879 987 3932 τῶν
1025 3867 1385 3950 ἀστειοτέρων
1433 3879 1522 3932 διὰ
1563 3878 1694 3933 ταύ-

97 3987 206 4041 της
232 3974 335 4042 τῆς
362 3969 547 4040 φωνῆς
575 3970 957 4041 διδασκόμεθα,
987 3971 1105 4023 οἵαν
1134 3967 1441 4024 ἀνατιθέναι
1469 3971 1546 4042 τῷ
1576 3972 1694 4044 Θεῷ

98 4063 204 4134 τὴν
242 4062 462 4135 ἀγάπην
506 4064 792 4135 προσήκει,
840 4065 934 4117 καὶ
980 4064 1127 4127 ὅπως
1159 4062 1293 4135 πρὸς
1332 4064 1458 4127 τοὺς
1503 4063 1694 4129 ἄλλους

100 4157 269 4227 ἔχειν.
306 4156 368 4208 Et
405 4154 514 4225 γὰρ
547 4155 652 4227 χρὴ
702 4154 881 4208 πάντα
926 4154 1065 4208 κατά
1090 4154 1244 4221 τάξιν
1290 4155 1383 4207 καὶ
1422 4155 1697 4226 εὐσχημό-

100 4264 214 4313 νως
236 4247 499 4317 γίνεσθαι,
528 4246 706 4317 πολλῷ
738 4246 935 4318 μᾶλλον
962 4249 995 4319 ἡ
1023 4246 1174 4313 τάξις
1210 4248 1270 4299 ὲν
1296 4250 1408 4311 τοῖς
1434 4246 1694 4310 τοιούτοις

104 4339 382 4411 ἁρμόδιος.
434 4339 507 4392 Οὐ
541 4340 651 4410 γὰρ
689 4338 756 4392 ἂν
799 4338 923 4393 οὔτε
971 4340 998 4391 6
1042 4339 1181 4393 Κάῖν
1237 4341 1329 4394 ἐπὶ
1381 4338 1458 4411 τῷ
1509 4339 1695 4403 κακῶς

98 4429 299 4485 διελεῖν
332 4429 651 4502 κατεκρίθη,
680 4432 727 4484 εί
773 4430 909 4501 μετά
940 4429 1033 4484 τοῦ
1069 4430 1241 4503 ὀρθῶς
1284 4434 1690 4503 προσενεγκεῖν,

100 4519 201 4573 καὶ
231 4518 292 4573 τὸ
329 4520 540 4590 πρέπον
585 4521 645 4574 ὲν
683 4523 748 4593 τῇ
779 4518 928 4586 τάξει
980 4522 1277 4592 πεφύλαχε,
1306 4522 1412 4576 τῶν
1445 4522 1593 4594 αὐτῷ
1631 4541 1692 4577 τε

1798 3332 1997 3403 inquit,
2031 3333 2084 3385 in
2117 3333 2315 3388 cellam
2349 3332 2644 3393 vinariam,
2679 3329 2942 3400 subjicite
2981 3345 3069 3386 me
3102 3330 3378 3392 charitati,

1798 3442 1893 3483 seu
1924 3426 2175 3481 ordinate
2222 3426 2277 3481 in
2338 3441 2422 3480 me
2478 3425 2830 3479 charitatem.
2868 3419 3375 3488 Quomodocunque

1796 3518 1945 3572 enim
1978 3518 2150 3571 utaris
2187 3517 2335 3571 verbi
2387 3516 2718 3580 inversione,
2775 3514 2917 3568 idem
2953 3522 3036 3567 est
3068 3510 3214 3581 quod
3270 3525 3370 3580 per

1797 3616 2089 3678 utrumque
2115 3608 2471 3679 signiﬁcatur,
2506 3622 2703 3677 nempe
2740 3613 2796 3661 et
2850 3620 2913 3660 ex
2955 3620 3019 3659 eo
3056 3604 3205 3675 quod
3239 3603 3374 3657 sub-

1791 3700 1934 3770 jecta
1977 3701 2049 3756 sit
2089 3701 2377 3764 charitati,
2411 3705 2465 3755 et
2501 3714 2569 3755 ex
2597 3712 2663 3754 eo
2700 3696 2846 3767 quod
2877 3696 3117 3751 charitas
3144 3696 3192 3750 ei
3224 3695 3375 3749 ordi-

1796 3798 1975 3845 netur.

1865 3880 2021 3936 Nunc
2048 3886 2299 3936 autemet
2324 3880 2521 3935 scitum
2546 3878 2766 3950 aliquod
2792 3879 2986 3949 dogma
3013 3894 3076 3934 ex
3103 3879 3205 3933 hac
3241 3894 3373 3935 voce

1799 3970 1939 4028 forte
1974 3970 2255 4037 docemur,
2289 3986 2484 4040 nempe
2523 3969 2831 4039 cujusmodi
2871 3969 2942 4025 sit
2985 3969 3096 4023 Deo
3129 3970 3374 4025 tribuen-

1796 4067 1864 4123 da
1902 4066 2163 4130 charitas,
2194 4075 2248 4120 et
2293 4064 2754 4136 quemadmodum
2788 4065 2840 4118 in
2874 4079 2933 4119 se
2964 4063 3196 4118 invicem
3243 4062 3379 4118 alie-

1796 4166 1914 4213 ctos
1939 4174 2061 4214 esse
2087 4164 2355 4228 Oporteat.
2401 4155 2458 4211 Si
2486 4158 2632 4212 enim
2673 4164 2891 4226 oportet
2956 4154 3136 4210 omnia
3183 4154 3377 4210 ordine

1795 4255 1849 4302 et
1880 4247 2109 4302 honeste
2138 4246 2277 4308 ﬁeri,
2319 4248 2491 4302 multo
2520 4248 2692 4317 magis
2715 4247 2770 4300 in
2825 4245 2911 4301 his
2955 4253 3039 4301 est
3066 4245 3202 4300 ordo
3242 4262 3378 4301 con-

1795 4340 2041 4395 veniens.
2074 4337 2267 4410 Neque
2289 4340 2433 4394 enim
2476 4338 2876 4393 condemnatus
2905 4346 3053 4394 esset
3082 4338 3218 4393 Cain
3251 4355 3379 4408 pro-

1796 4440 1984 4504 pterea
2014 4433 2158 4500 quod
2190 4431 2329 4486 male
2361 4430 2705 4493 divideret”,
2739 4431 2783 4484 si
2809 4445 2934 4485 cum
2966 4445 3031 4485 eo
3059 4430 3205 4500 quod
3230 4438 3379 4486 recte

1796 4522 2105 4590 obtulisset,
2133 4523 2295 4577 etiam
2322 4519 2373 4575 id
2402 4522 2545 4590 quod
2579 4520 2738 4574 decet
2769 4521 2825 4574 in
2856 4521 3048 4576 ordine
3073 4530 3374 4585 servasset,

99 4608 243 4681 πρὸς
280 4609 468 4682 χρείαν
513 4611 1014 4684 καταλειπομένων,
1049 4614 1141 4667 καὶ
1180 4612 1287 4666 τῶν
1318 4612 1396 4683 τῷ
1439 4614 1556 4684 Θεῷ
1590 4614 1692 4684 ἀφ-

1798 4626 1910 4673 tam
1943 4631 2133 4672 eorum
2178 4629 2300 4684 quae
2329 4612 2611 4668 restabant
2638 4613 2705 4666 ad
2752 4627 2934 4677 usum,
2974 4628 3137 4683 quam
3183 4627 3376 4667 eorum

100 4702 439 4772 ιερωμένων.
487 4702 616 4757 Δέον
653 4704 760 4776 γὰρ
810 4706 874 4757 ὲκ
913 4705 1021 4758 τῶν
1065 4705 1295 4777 πρώτων
1340 4705 1695 4776 γεννημάτων

93 4792 184 4863 τῷ
211 4792 331 4864 Θεῷ
359 4794 458 4864 τῆς
488 4794 676 4858 θυσίας
705 4794 1072 4867 ἀπάρξασθαι,
1102 4795 1263 4858 αὐτὸς
1294 4795 1404 4849 τῶν
1440 4796 1695 4868 τιμιωτέ-

100 4902 217 4955 ρων
248 4886 595 4957 ἐμφορηθεὶς,
622 4886 713 4941 τὸν
740 4887 871 4942 Θεὸν
898 4889 1010 4950 τοῖς
1047 4887 1322 4957 λειψάνοις
1354 4889 1690 4954 ἐδεξιώσατο.

98 4978 225 5047 Χρὴ
256 4976 433 5030 τοίνυν
476 4978 676 5031 εἰδέναι
716 4979 815 5050 τῆς
868 4979 1088 5051 ἀγάπης
1138 4978 1236 5052 τὴν
1280 4979 1454 5046 τάξιν,
1493 4980 1560 5051 ἢν
1589 4982 1692 5051 ὑφ-

96 5069 317 5138 ηγεῖται
368 5065 457 5120 διὰ
483 5066 577 5119 τοῦ
611 5067 798 5138 νόμου,
828 5067 944 5131 πῶς
984 5069 1083 5139 μὲν
1118 5068 1431 5137 ἀγαπᾶσθαι
1458 5069 1564 5139 χρὴ
1593 5068 1687 5120 τὸν

92 5159 255 5222 Θεὸν,
281 5158 397 5222 πῶς
426 5158 482 5212 δὲ
513 5159 604 5212 τὸν
647 5159 893 5229 πλησίον,
924 5161 1019 5212 καὶ
1050 5161 1151 5229 τὴν
1175 5163 1428 5227 γυναῖκα,
1472 5161 1562 5213 καὶ
1596 5161 1688 5213 τὸν

92 5251 313 5323 ἐχθρὸν,
341 5253 548 5323 μήποτε
578 5252 811 5315 ἄτακτός
838 5268 923 5315 τις
946 5252 1039 5305 καὶ
1068 5251 1439 5322 ὲνηλλαγμένη
1467 5252 1688 5322 γένηται

88 5345 202 5414 τῆς
221 5344 440 5415 ἀγάπης
473 5345 506 5414 ἡ
542 5344 946 5416 ἀποπλήρωσις.
995 5346 1087 5397 Δεῖ
1121 5345 1229 5416 γάρ
1265 5343 1396 5397 Θεὸν
1426 5345 1521 5416 μὲν
1554 5345 1690 5414 ἀγα-

91 5436 208 5505 πᾷν
235 5435 293 5499 ἐξ
319 5434 445 5506 ὅλης
470 5434 697 5506 καρδίας
715 5451 773 5488 τε
807 5436 900 5488 καὶ
921 5434 1117 5505 ψυχῆς,
1153 5436 1246 5488 καὶ
1271 5435 1572 5504 δυνάμεως,
1597 5436 1691 5489 καὶ

90 5525 422 5595 αἰσθήσεως
444 5525 535 5578 τὸν
563 5526 621 5578 δὲ
640 5524 888 5596 πλησίον,
911 5526 982 5587 ὡς
1006 5525 1216 5578 ἑαυτόψ
1237 5525 1334 5596 τὴν
1359 5525 1415 5578 δὲ
1432 5530 1687 5594 γυναῖκα,

94 5619 148 5671 εἰ
197 5616 294 5686 μὲν
344 5615 735 5687 καθαρωτέρας
770 5616 887 5668 ἐστὶ
931 5615 1130 5686 ψυχῆς,
1160 5615 1234 5679 ὡς
1268 5618 1295 5667 ό
1326 5616 1560 5685 Χριστὸς
1591 5604 1714 5673 τὴν’

106 5705 469 5776 Ἐκκλησίαν·
510 5707 538 5758 6
574 5705 631 5759 δὲ
664 5704 1090 5777 ἐμπαθέστερος,
1123 5705 1197 5768 ὡς
1240 5705 1300 5757 τὸ
1338 5705 1466 5758 ἴδιον
1494 5704 1651 5775 σῶμα
1672 5722 1686 5735 ⁸

1793 4724 1914 4781 qua:
1956 4708 2063 4762 Deo
2097 4705 2587 4762 consecrabantur.
2623 4703 2760 4759 Cum
2808 4704 2954 4759 enim
2991 4711 3269 4773 oporteret
3304 4719 3371 4758 ex

1792 4801 1859 4855 iis
1898 4813 2019 4868 quae
2056 4796 2235 4865 primo
2266 4805 2391 4851 nata
2420 4802 2602 4863 erant,
2638 4795 2749 4851 Deo
2781 4794 2999 4852 divinas
3038 4794 3240 4851 offerre
3261 4798 3376 4866 pri—

1793 4890 1994 4954 mitias,
2030 4888 2147 4959 ipse
2175 4888 2419 4960 repletus
2456 4887 2525 4942 iis
2567 4903 2689 4958 quae
2732 4895 2890 4943 erant
2911 4888 3258 4959 pretiosiora,
3293 4903 3380 4943 re-
3426 4954 3433 4961 η

1794 4977 1980 5046 liquiis
2037 4975 2208 5031 Deum
2265 4976 2547 5046 excipiens
2588 4984 2672 5031 est
2738 4986 3087 5047 prosecutus.
3150 4976 3378 5046 Oportet

1794 5080 1924 5136 ergo
1966 5064 2108 5119 scire
2166 5063 2416 5121 ordinem
2465 5065 2792 5131 charitatis,
2845 5084 3008 5137 quam
3062 5082 3160 5136 per
3200 5068 3373 5137 legem

1794 5157 2039 5225 exponit,
2085 5171 2281 5227 nempe
2309 5157 2775 5227 quemadmodum
2808 5158 2978 5214 Deum
3019 5166 3266 5227 oporteat
3293 5160 3377 5212 di-

1794 5249 1985 5319 ligere,
2019 5255 2074 5304 et
2096 5264 2346 5314 uxorem,
2371 5257 2426 5303 et
2456 5249 2858 5333 inimicumnne
2893 5251 3032 5304 forte
3064 5250 3373 5305 inordinata

1794 5346 1850 5392 et
1880 5338 2097 5394 inversa
2145 5339 2236 5393 iiat
2272 5339 2558 5395 charitatis
2594 5341 2929 5411 adimpletio.
2970 5340 3194 5410 Oportet
3225 5342 3370 5395 enim

1798 5427 1965 5484 Deum
2003 5429 2221 5500 quidem
2254 5430 2483 5502 diligere
2536 5448 2601 5486 ex
2640 5439 2755 5485 toto
2793 5432 2958 5487 corde
2993 5441 3046 5486 et
3096 5433 3278 5485 anima
3319 5440 3374 5487 et

1793 5522 2034 5590 potentia
2065 5530 2118 5578 et
2147 5538 2352 5580 sensu:
2401 5524 2708 5594 proximum
2754 5534 2934 5578 autem
2977 5533 3237 5595 tanquam
3281 5543 3371 5582 sco

1793 5613 1969 5682 ipsum
1998 5633 2010 5668 :
2044 5623 2098 5668 et
2131 5631 2379 5677 uxorem,
2417 5617 2461 5669 si
2492 5617 2730 5685 purioris
2768 5616 2989 5686 quidem
3031 5627 3117 5674 est
3150 5620 3366 5683 animm,

1792 5707 1934 5761 sicut
1975 5706 2230 5761 Christus
2275 5705 2615 5774 Ecclesiam;
2670 5708 2756 5763 sin
2788 5716 2972 5765 autem
3038 5720 3123 5766 est
3173 5714 3371 5768 animo:

185 5885 607 5950 "lsawxmﬂ.
684 5882 946 5939 "lJoan.
972 5899 1044 5950 tv,
1069 5883 1121 5939 8.
1199 5883 1611 5952 l"’Psal.t.tu,2.
1690 5893 1692 5907 ί

1796 5897 1952 5941 cnes.
1970 5897 2046 5949 ιν,
2070 5883 2123 5939 7.
