3874 6432
691 453 794 506 847

1969 445 2026 500 s.
2062 444 2389 503 oneconu
2425 444 2724 502 NYSSENI
3600 405 3606 408 ’
3810 444 3865 500 ut

695 565 857 635 paulo
895 561 1067 632 magis
1089 559 1340 616 obnoxiae
1368 558 1535 614 animi
1566 555 2094 630 perturbationibus,
2119 560 2266 615 sicut

2382 559 2509 614 ιῦτω
2538 559 2647 632 γὰρ
2676 556 2888 612 κελεύει
2921 557 2948 612 6
2979 556 3089 612 τῶν
3126 554 3393 612 τοιούτων
3413 554 3696 627 διατάκτης
3719 556 3868 621 Παῦλε.

691 670 891 723 corpus
940 653 1244 721 proprium.
1280 650 1372 706 Sic
1408 651 1554 705 enim
1585 648 1737 718 jubet
1777 648 1872 719 qui
1895 649 2008 703 bam
2047 648 2267 704 ordinat

679 741 895 796 'Paulus
919 740 1313 794 “.‘lnimicum
1348 750 1552 806 autem,
1583 739 1637 794 in
1659 754 1724 794 eo
1745 738 1893 808 quod
1931 753 2038 792 non
2073 737 2267 793 redda-

688 847 810 887 mus
844 831 1048 884 malum
1087 844 1187 899 pro
1225 829 1390 893 malo,
1441 827 1536 883 sed
1575 842 1676 898 pro
1713 827 1916 896 injuria
1960 824 2267 882 referamus

678 922 1034 977 beneﬁcium.
1068 919 1227 974 Nunc
1257 930 1438 974 autem
1494 919 1623 974 licet
1670 919 1857 974 videre
1895 917 2183 974 confusam
2213 921 2268 973 et

678 1013 1058 1068 inordinatam
1100 1013 1156 1066 in
1213 1011 1404 1066 multis
1453 1011 1801 1076 charitatem,
1844 1024 1940 1080 per
1977 1024 2086 1063 non
2130 1023 2268 1063 con-

685 1116 968 1174 gruentem
1029 1104 1522 1159 inconcinnitatem
1581 1103 1816 1157 erratice
1892 1099 2263 1156 incedentem.

685 1195 819 1250 Nam
839 1195 1005 1265 aliqui
1035 1194 1254 1265 quidem
1286 1194 1572 1264 pecunias,
1596 1201 1652 1248 et
1687 1193 1946 1256 honores,
1969 1199 2022 1247 et
2042 1206 2265 1258 uxores,

684 1288 739 1341 in
779 1302 874 1342 eas
927 1286 1066 1341 forte
1100 1285 1386 1340 ardentius
1417 1282 1620 1351 affecti,
1655 1298 1721 1338 ex
1774 1291 1890 1338 tota
1934 1283 2114 1337 anima
2140 1282 2267 1338 dili-

686 1387 820 1447 gunt
846 1386 900 1433 et
940 1378 1074 1432 totis
1103 1376 1337 1439 viribus,
1372 1385 1432 1430 ut
1455 1376 1620 1429 etiam
1646 1373 1883 1428 animam
1917 1389 2016 1445 pro
2063 1374 2144 1430 eis
2179 1389 2269 1429 ve-

691 1469 790 1522 lint
831 1466 1202 1537 profundere:
1246 1464 1355 1520 Deo
1399 1472 1667 1534 quantum
1719 1463 1970 1518 videtur:
2018 1465 2266 1535 proximo

687 1566 871 1612 autem
919 1557 1014 1611 vix
1051 1563 1260 1609 tantam
1299 1554 1592 1609 ostendant
1643 1554 1970 1609 charitatem
1997 1595 2012 1620 ,
2060 1562 2266 1624 quanta

689 1650 920 1703 debetur
960 1647 1224 1703 inimicis.
1279 1647 1335 1700 In
1368 1662 1463 1701 eos
1502 1652 1684 1701 autem
1725 1647 1818 1715 qui
1879 1645 2009 1700 odio
2065 1645 2267 1700 habent

690 1741 808 1794 hmc
847 1750 931 1795 est
973 1738 1208 1802 aﬁ‘eetio,
1243 1746 1303 1792 ut
1347 1738 1540 1808 majori
1583 1740 1727 1791 malo
1768 1737 2112 1791 ulciscantur
2141 1751 2264 1791 eum

690 1833 782 1902 qui
814 1831 966 1902 prior
994 1830 1172 1885 aﬁ‘ecit
1207 1829 1429 1898 injuria.
1455 1827 1734 1884 Ordinate
1787 1843 1918 1899 ergo
1951 1827 2006 1881 in
2043 1843 2149 1892 me,
2183 1827 2266 1882 itt-

2368 651 2472 704 Τὸν
2494 650 2687 722 ἐχθρὸν
2706 649 2770 703 ’δέ
2804 651 2862 704 ἐν
2885 648 2963 720 τῷ
2992 648 3067 720 μὴ
3096 649 3266 702 κακὸν
3293 647 3614 702 ἀντιδοῦναι
3634 647 3776 718 κακῷ.
3795 650 3870 703 ἁλὶ]

2366 740 2435 793 δι’
2457 739 2774 810 εὐεργεσίας
2798 739 2896 809 τὴν
2919 738 3129 792 ἀδικίαν
3151 735 3530 808 ἀμείψασθαι.
3557 735 3664 790 Νῦν
3683 737 3730 789 δὲ
3754 756 3874 805 συγκε-

2368 830 2609 902 χυμένην
2636 830 2783 883 ἐστιν
2814 829 2940 883 ἰδεῖν
2964 829 3057 882 καὶ⁹
3087 828 3326 882 ἄτακτον
3362 827 3464 880 ἐπὶ
3502 827 3612 880 τῶν
3637 827 3804 881 πολλῶν
3821 833 3874 898 d7:

2368 926 2609 997 ἀγάπην,
2643 924 2729 978 διά
2756 927 2853 997 τῆς
2881 923 3254 996 ἀκαταλλήλω
3284 924 3666 995 ἀναρμοστίας
3688 926 3874 993 mal-trr-

2371 1017 2548 1086 μένως
2598 1014 3018 1086 ἐνεργουμένην.
3077 1015 3139 1068 Οἳ
3189 1015 3463 1086 χρήματα
3516 1014 3614 1084 μὲν
3665 1015 3744 1067 καὶ
3778 1016 3874 1084 τιμὰς

2368 1107 2462 1160 καὶ
2513 1107 2810 1174 γυναῖκας,
2855 1103 2921 1158 ἀν
2963 1104 3166 1174 τύχωσι
3224 1102 3575 1174 θερμότερον
3621 1104 3741 1174 πρὸς
3777 1105 3874 1165 aint;

2367 1196 2719 1267 διακείμενοι,
2751 1194 2809 1262 ἐξ
2839 1195 2967 1265 ὅλης
2998 1194 3177 1264 ψυχῆς
3203 1195 3298 1248 καὶ
3339 1195 3634 1263 δυνάμεως
3661 1195 3874 1263 ἀγαπῶσιν,

2367 1286 2441 1350 ὡς
2469 1286 2564 1339 καὶ
2590 1287 2689 1358 τὴν
2720 1283 2864 1356 ζωὴν
2891 1285 2957 1339 ἂν
2995 1284 3136 1356 ὑπὲρ
3163 1283 3345 1339 αὐτῶν
3377 1284 3641 1356 ἐθελῆσαι
3675 1287 3874 1356 προέσθαι·

2367 1377 2502 1431 Θεὸν
2529 1377 2586 1430 δέ
2616 1375 2869 1429 τοσοῦτον
2903 1375 3027 1430 ὅσον
3061 1375 3265 1429 δοκεῖνο
3311 1374 3398 1445 τῷ
3445 1375 3507 1428 δὲ
3556 1373 3759 1444 πλησίον
3791 1375 3874 1444 μόλῃ

2366 1468 2432 1523 ἂν
2465 1468 2827 1532 ἐπιδείξαιντο
2856 1467 2954 1539 τὴν
2981 1468 3094 1530 τοῖς
3139 1467 3360 1537 ἐχθροῖς
3416 1465 3776 1537 ἀφορισθείσαν
3800 1468 3874 1530 ἀτι-

2368 1575 2500 1628 πην.
2544 1557 2611 1610 Ἡ
2657 1556 2715 1610 δὲ
2761 1556 2898 1626 πρὸς
2949 1556 3078 1619 τοὺς
3137 1553 3438 1624 μισοῦντας
3495 1552 3674 1623 σχέσις
3717 1551 3874 1616 ἐστὶψῴ

2370 1647 2575 1720 μείζονι
2615 1647 2768 1718 κακῷ
2803 1647 2930 1711 τοὺς
2975 1645 3467 1718 προλελυπηκότας
3513 1642 3797 1714 ἀμύνεσθαι,
3822 1642 3874 1693 τά.

2368 1742 2494 1808 ξατε
2519 1735 2633 1804 οὖν,
2666 1740 2849 1810 φησὶν,
2878 1740 2964 1792 ἐπ’
2996 1738 3096 1809 ἐμὲ
3135 1737 3232 1808 τὴν
3261 1736 3519 1807 ἀγάπην,
3546 1735 3680 1790 ὥστε
3709 1733 3799 1803 Θεῴ
3822 1732 3874 1800 μὲν

2367 1831 2676 1886 ἀνατιθέναι
2720 1831 2843 1884 ὅσον
2890 1829 3184 1900 ὀφείλεται,
3231 1828 3328 1881 ἐπὶ
3382 1828 3445 1881 δὲ
3498 1825 3606 1880 τῶν
3643 1824 3874 1881 ἀλλινιινὲιέ⁴

688 1925 828 1996 quit,
864 1923 1208 1985 charitatem,
1247 1929 1307 1976 ut
1340 1921 1456 1976 'Deo
1491 1930 1702 1976 tantum
1731 1921 1967 1975 tribuam
2001 1929 2266 1990 quantum

2382 1942 2519 1990 ςτου,
2550 1922 2645 1976 τοῦ
2676 1923 3044 1996 προσήκοντος
3083 1921 3279 1992 μέτρου
3314 1920 3394 1992 μὴ
3421 1921 3729 1990 ἀστοχῆσαι.
3757 1918 3806 1969 Ἦ
3828 1916 3874 1967 ul

687 2018 939 2080 debetur,
975 2016 1028 2070 in
1070 2029 1400 2084 unoquoque
1422 2021 1603 2069 autem
1633 2014 1889 2080 aliorum,
1919 2013 1988 2068 ab
2008 2029 2071 2070 ea
2103 2029 2267 2084 quam

686 2125 787 2180 par
821 2118 904 2164 est
931 2122 1189 2162 mensura
1224 2123 1334 2161 non
1380 2106 1647 2161 aberrem.
1697 2107 1779 2159 An
1825 2105 1978 2160 ‘forte
2018 2121 2116 2175 per
2162 2105 2271 2160 hoc

687 2207 851 2260 etiam
879 2206 1006 2260 licet
1049 2203 1369 2274 intelligere,
1402 2201 1548 2271 q'uod
1588 2201 1857 2267 Quoniam
1910 2215 2033 2270 quae
2093 2200 2270 2270 primo

692 2295 900 2350 fueram
943 2294 1162 2359 dilecta,
1215 2307 1312 2360 per
1340 2289 1770 2345 inobedie‘ntiam
1823 2289 1966 2344 inter
2019 2289 2271 2344 inimicos

692 2389 770 2442 fui
800 2396 1050 2456 reputata
1074 2424 1088 2448 ,
1125 2399 1273 2442 nunc
1307 2381 1375 2436 ad
1425 2381 1672 2437 eamdem
1707 2396 1930 2437 reversa
1989 2397 2110 2437 sum
2145 2398 2272 2453 gra-

693 2481 849 2543 tiam,
887 2493 982 2548 per
1011 2476 1335 2531 charitatem
1391 2487 1597 2543 sponso
1655 2471 1977 2540 conjuncta,
2023 2486 2086 2526 ea
2126 2487 2276 2527 nunc

693 2570 849 2634 dicit,
883 2567 1217 2624 Conﬁrmate
1255 2564 1390 2619 mihi
1423 2564 1586 2633 hujus
1613 2563 1803 2634 gratia:
1833 2562 2190 2618 stabilitatem
2224 2574 2278 2619 et

696 2663 1217 2724 immutabilitatem,
1242 2674 1340 2714 vos
1377 2657 1543 2712 amici
1577 2658 1787 2726 sponsi,
1822 2657 2007 2712 studio
2051 2665 2107 2711 et
2149 2656 2280 2712 dili-

695 2737 877 2828 gentia
915 2755 1050 2810 mihi
1085 2760 1478 2810 conservantes
1510 2752 1941 2822 propensionem
1965 2749 2033 2804 ad
2055 2747 2108 2803 id
2131 2749 2278 2822 quod

696 2860 779 2905 est
813 2849 1030 2905 melius.

770 2941 896 2995 l-ltec
926 2951 1106 2995 autem
1158 2954 1282 2995 cum
1323 2938 1570 3004 dixisset,
1626 2939 1828 2994 transit
1878 2951 2074 2992 rursus
2125 2936 2190 2991 ad
2228 2935 2282 2991 id

703 3032 848 3102 quod
876 3040 954 3088 est
995 3031 1294 3088 sublimius
1323 3049 1337 3085 :
1389 3030 1574 3084 fulciri
1616 3030 1817 3100 quippe
1840 3037 1998 3101 rogat
2031 3043 2283 3099 unguen-

705 3125 777 3176 tis
806 3122 870 3176 ad
899 3122 1246 3177 obtinendam
1279 3121 1552 3175 bonorum
1584 3119 1918 3174 ﬁrmitatem.
1951 3118 2158 3173 Fulcite
2181 3136 2281 3186 me,

705 3214 906 3284 inquit,
943 3212 1241 3283 unguentis.
1276 3210 1320 3264 0
1360 3209 1710 3266 admirabiles
1731 3212 2018 3267 columnas
2063 3219 2117 3266 et
2144 3225 2284 3265 nova

707 3304 918 3358 fulcra!
960 3301 1434 3369 Quemadmodum
1496 3301 1634 3356 ﬁunt
1683 3309 1962 3373 unguenta
2019 3302 2289 3357 columna:

707 3394 947 3450 domus?
987 3391 1451 3463 quemadmodum
1491 3391 1810 3446 ﬁrmissima
1870 3392 2001 3446 tecti
2033 3399 2291 3446 constru-

709 3487 820 3541 ctio
880 3485 1074 3539 nititur
1133 3484 1269 3538 bene
1330 3481 1562 3552 spiranti
1621 3481 1833 3544 odore?
1888 3480 2084 3536 Annon
2133 3481 2292 3549 plane

709 3579 1058 3649 perspicuum
1105 3586 1208 3640 est,
1251 3574 1398 3645 quod
1452 3589 1575 3645 quae
1623 3573 1979 3628 multifariam
2014 3586 2044 3626 a
2104 3572 2292 3628 multis

709 3678 1038 3724 exercentur
1104 3669 1359 3733 virtutes,
1417 3682 1519 3736 pro
1579 3667 1842 3721 varietate
1905 3663 2289 3734 operationum

708 3764 872 3818 etiam
895 3760 1300 3816 nominantur?
1334 3761 1509 3816 virtus
1539 3759 1686 3815 enim
1715 3766 1798 3813 est
1838 3771 1948 3811 non
1983 3756 2162 3812 solum
2194 3754 2293 3809 bo-

708 3870 838 3909 num
869 3853 1091 3917 intueri,
1127 3860 1182 3905 et
1212 3867 1334 3906 esse
1381 3852 1700 3920 participem
1728 3849 1851 3918 ejus
1882 3846 2031 3919 quod
2060 3854 2144 3903 est
2175 3861 2295 3901 me-

661 3951 664 3956 '
709 3948 838 4010 lius,
874 3944 970 4000 sed
1009 3944 1173 3998 etiam
1204 3943 1708 3997 immutabilitatem
1752 3943 1808 3996 in
1862 3943 2006 3996 bono
2057 3955 2290 3995 conser-

709 4051 861 4089 vare.
894 4034 997 4098 Qui
1028 4048 1158 4102 ergo
1202 4033 1314 4086 vult
1352 4031 1537 4087 fulciri
1595 4033 1910 4103 unguentis,
1950 4032 2151 4102 quaerit
2186 4029 2297 4086 sibi

715 4128 909 4180 adesse
943 4125 1258 4178 ﬁrmitatem
1298 4124 1354 4178 in
1406 4125 1726 4180 virtutibus.
1778 4122 1976 4178 Virtus
2008 4123 2155 4176 enim
2212 4129 2298 4176 est

716 4225 1079 4287 unguentum,
1120 4215 1376 4286 quoniam
1424 4224 1508 4271 est
1558 4215 1809 4286 sejuncta
1869 4216 1937 4270 ab
1966 4215 2117 4270 omni
2155 4222 2299 4270 tetro

717 4311 889 4363 odore
915 4316 1287 4378 peccatorum.
1325 4307 1708 4362 Admirabitur
1741 4315 1919 4362 autem
1953 4307 2117 4361 etiam
2149 4306 2300 4376 quis-

716 4401 862 4471 piam
904 4401 1356 4471 consequentiam
1415 4415 1608 4455 eorum
1664 4415 1786 4470 quae
1839 4398 1984 4453 dicta
2027 4408 2171 4463 sunt,
2203 4413 2301 4469 per

716 4508 965 4563 quanam
999 4493 1151 4563 cupit
1178 4491 1285 4546 sibi
1321 4491 1494 4548 sterni
1547 4491 1790 4546 domum.
1845 4491 1980 4545 Nam
2045 4491 2136 4547 hic
2189 4507 2299 4546 non

2372 2015 2528 2069 τοῦτο
2577 2015 2740 2085 τυχὸν
2788 2013 2933 2067 ἐστιν
2998 2012 3293 2082 ὑπονοῆσαι
3362 2010 3459 2064 διά
3514 2010 3608 2064 τοῦ
3661 2007 3874 2076 16min

2371 2105 2593 2176 Ἐπειδὴ
2627 2104 2974 2175 ἀγαπηθείσα
3007 2102 3136 2174 περὶ
3154 2102 3252 2172 τὴν
3279 2099 3537 2173 πρώτην,
3567 2098 3651 2152 διὰ
3673 2099 3752 2166 τῆς
3772 2112 3874 2164 πειρα-

2373 2199 2505 2270 κοῆς
2535 2199 2591 2251 ἐν
2617 2200 2725 2261 τοῖς
2757 2197 2969 2268 ἐχθροῖς
3000 2193 3305 2264 ἐλογίσθην,
3343 2193 3467 2247 νυνὶ
3495 2193 3553 2245 δέ
3583 2190 3727 2244 πάλιν
3749 2184 3874 2252 εὶςτῆτ

2375 2289 2544 2362 αὐτὴν
2573 2288 2871 2360 ἐπανῆλθον
2898 2287 3080 2358 χάριν,
3105 2285 3171 2338 δι’
3206 2285 3438 2356 ἀγάπης
3479 2283 3560 2354 τῷ
3595 2281 3778 2352 νυμφίῳ
3803 2294 3874 2327 σῖ.-

2377 2382 2745 2456 αρμοσθεῖσα·
2795 2381 3080 2452 κυρώσατέ
3141 2399 3268 2453 μοι,
3310 2380 3474 2451 φησι,
3507 2378 3569 2431 τὸ
3613 2377 3702 2446 τῆς
3738 2371 3872 2443 χάριτὴ

2377 2475 2581 2547 ταύτης
2611 2474 2942 2545 τεταγμένον
2987 2473 3081 2526 καὶ
3129 2473 3540 2544 ἀμετάστατον,
3560 2470 3704 2540 ὑμεῖς
3725 2466 3763 2518 ol
3792 2464 3874 2530 eiu;

2378 2567 2472 2621 τοῦ
2501 2567 2754 2638 νυμφίου,
2789 2565 2856 2618 δι’
2883 2565 3197 2635 ἐπιμελείας
3231 2564 3326 2618 καὶ
3376 2561 3651 2635 προσοχῆς
3675 2555 3741 2626 τῷ

2383 2658 2780 2734 συντηροῦντές
2801 2676 2896 2729 ,μοι
2927 2658 3026 2730 τὴν
3064 2658 3199 2729 πρὸς
3225 2656 3285 2710 τὺ
3314 2659 3568 2729 κρεῖττον
3594 2653 3768 2726 ῥοπήν.

2454 2941 2637 2996 Ταῦτα
2667 2941 2725 2994 δέ
2748 2939 2999 3004 εἰποῦσα,
3032 2941 3194 2996 πάλιν
3222 2943 3361 3018 πρὸς
3392 2942 3456 2996 τὸ
3490 2940 3780 3014 ὑψηλότερον
3800 2935 3869 3004 μέτ·

2382 3051 2520 3089 εισιο
2553 3033 2907 3106 στηριχθῆναι
2946 3033 3054 3105 γὰρ
3083 3021 3343 3106 πρὸςπὴν
3372 3035 3484 3089 τῶν
3511 3031 3713 3102 ἀγαθῶν
3737 3024 3868 3099 βεεαιὸ·

2384 3143 2524 3196 τητα
2567 3127 2680 3189 τοῖς
2731 3122 3133 3196 μύροιςλζητεῖ.
3182 3126 3516 3194 Στηρίξατέ
3539 3141 3642 3195 με,
3676 3115 3870 3191 φησὶννέν

2383 3217 2618 3287 μύροις.
2650 3216 2714 3268 Ὢ
2734 3215 3050 3286 παραδόξων
3084 3217 3178 3269 καὶ
3213 3217 3419 3271 καινῶν
3446 3203 3870 3288 ἐρεισμάτωνῑῠές

2389 3305 2459 3359 τὰ
2501 3304 2647 3376 μύρα
2686 3305 2864 3358 στύλοι
2888 3305 2979 3358 τοῦ
3009 3305 3156 3358 οῐκου
3189 3306 3433 3375 γίνονται
3459 3325 3475 3374 ;
3511 3307 3630 3370 Πῶς
3734 3295 3874 3362 εὖπνθῖί

2389 3395 2451 3449 τὸ
2481 3395 2677 3464 πάγιον
2712 3397 2810 3466 τῆς
2853 3396 2945 3450 τοῦ
2993 3396 3190 3468 ὀρόφου
3235 3399 3585 3469 κατασκευῆς
3617 3392 3870 3465 διερείδεταις

2394 3487 2463 3538 Ἢ
2488 3486 2644 3556 δῆλον
2685 3486 2900 3550 πάντως
2941 3488 3111 3554 ἐστὶν,
3157 3489 3237 3543 ὅτι
3282 3489 3342 3543 τὸ
3383 3492 3498 3545 τῶν
3545 3487 3727 3560 ἀρετῶν
3759 3480 3870 3553 χρῆμι

2379 3578 2687 3642 ’πολυειδῶς
2715 3580 2772 3632 ἐν
2801 3580 2932 3651 ἡμῖν
2965 3579 3417 3653 κατορθούμενον,
3471 3581 3604 3636 κατά
3642 3577 3724 3640 τὰς
3756 3575 3868 3636 διεξο-

2385 3669 2496 3739 .ράς
2531 3669 2641 3724 τῶν
2679 3670 3068 3740 ἐνεργημάτων
3114 3671 3205 3724 καὶ
3241 3671 3599 3744 όνομάζεται;
3639 3665 3786 3740 Ἀρετὴ
3809 3658 3869 3726 γάρ

2396 3763 2543 3815 ἐστιν
2573 3761 2633 3813 ού
2661 3761 2825 3832 μόνον
2852 3761 2914 3815 τὸ
2952 3761 3169 3832 βλέπειν
3198 3763 3259 3817 τὸ
3291 3764 3519 3832 ἀγαθὸν,
3549 3763 3635 3818 καὶ
3657 3755 3706 3813 τό
3730 3759 3772 3808 ἐν
3798 3764 3867 3821 μετ’

2395 3851 2554 3922 ουσία
2599 3849 2692 3902 τοῦ
2737 3849 3041 3922 κρείττονος
3083 3851 3354 3920 γίνεσθαι,
3383 3853 3522 3907 ἀλλά
3574 3837 3871 3914 xuii-66pm"

2402 3963 2612 4002 πτωτον
2664 3945 2722 4006 ἐν
2757 3945 2835 4018 τῷ
2888 3945 3042 4019 καλῷ
3096 3941 3478 4006 διασώζεσθαι.
3526 3943 3580 3994 '0
3620 3936 3866 4019 τοίνυν

2403 4031 2649 4103 ριχθῆναι
2709 4018 3028 4100 βουλόμενος
3084 4033 3142 4086 ἐν
3194 4036 3308 4097 τοῖς
3369 4033 3588 4106 μύροις,
3633 4027 3687 4080 τὸ
3733 4018 3866 4106 βέϐαιοι

2400 4127 2457 4178 ἐν
2506 4126 2624 4187 ταῖς
2669 4123 2890 4194 ἀρεταῖς
2938 4122 3088 4193 αὐτῷ
3135 4125 3530 4206 προσγενέσθαι
3571 4120 3714 4192 ζητεῖ.
3750 4105 3863 4206 Ἄξετὴ

2399 4215 2508 4285 γὰρ
2547 4215 2606 4268 τὸ
2651 4215 2842 4285 μύρον,
2887 4213 3020 4266 διότι
3053 4202 3234 4285 πάσης
3270 4215 3535 4278 δυσωδίας
3571 4202 3863 4282 ἁμαρτημάτων

2401 4304 2747 4376 κεχώρισται.
2783 4302 3091 4374 Θαυμάσειε
3129 4303 3171 4356 δ’
3207 4302 3271 4356 ἄν
3307 4320 3391 4367 τις
3425 4304 3520 4358 καὶ
3569 4301 3624 4354 τὸ
3661 4295 3744 4350 τῶν
3775 4291 3864 4376 si”:

2404 4373 2583 4468 μένων
2620 4373 2930 4458 ἀκόλουθον,
2973 4393 3060 4446 διὰ
3107 4392 3269 4450 τίνων
3319 4373 3864 4463 στοιϐασθῆναιτὸνοῖκιν

2405 4486 2684 4557 ἐπιθυμεῖ.
2719 4486 2793 4539 Ού
2828 4484 3009 4556 βάτοις
3041 4486 3152 4538 τισὶ
3197 4485 3291 4540 καὶ
3332 4487 3606 4549 ἀκάνθαις,
3642 4478 3714 4534 καὶ

716 4582 869 4636 rubis
897 4587 952 4636 et
991 4580 1189 4652 spinis,
1225 4587 1278 4634 et
1308 4579 1592 4646 stramine,
1626 4585 1682 4634 et
1715 4578 2023 4644 arundine,
2059 4587 2115 4635 et
2149 4579 2284 4643 feno,

2404 4579 2498 4631 καὶ
2533 4556 2754 4648 καλάμῃ
2793 4575 3018 4647 (μᾶλλον
3054 4575 3113 4628 δέ
3149 4575 3331 4640 καθώς
3370 4593 3530 4648 φησιν
3570 4576 3596 4628 6
3635 4556 3859 4652 Ἀπόστοξοςο

718 4673 922 4743 quibus
947 4680 1343 4728 construuntur
1375 4672 1574 4727 domus
1606 4672 1910 4727 materiatae
1937 4693 1948 4727 :
1984 4673 2078 4728 sed
2101 4672 2299 4729 domus

720 4761 1028 4817 sternenda;
1090 4763 1319 4816 materia
1376 4772 1504 4817 sunt
1537 4777 1720 4831 poma.
1781 4761 2033 4830 Sternite,
2095 4765 2299 4834 inquit,

721 4853 852 4907 mihi
883 4862 1056 4906 torum
1110 4854 1166 4906 in
1205 4854 1383 4910 malis.
1430 4851 1504 4907 Ut
1554 4855 1626 4909 sit
1665 4855 1891 4909 omnino
1937 4855 1985 4910 ei
2037 4855 2127 4910 hic
2180 4855 2300 4910 fru-

721 4954 866 5009 ctus,
893 4944 1268 5015 pulchritudo,
1301 4953 1666 5016 unguentum,
1698 4946 1952 5012 dulcedo,
1997 4948 2301 5003 nutrimen-

719 5046 861 5102 tum,
896 5051 992 5106 per
1017 5035 1269 5090 umbram
1303 5035 1670 5106 refrigeratio,
1703 5038 1863 5093 sedes
1909 5038 1964 5093 in
2004 5054 2112 5108 qua
2146 5039 2303 5110 quie-

722 5129 939 5192 scitur;
974 5127 1252 5189 columna,
1287 5141 1410 5196 qum
1435 5125 1683 5181 stabilit:
1717 5134 1924 5182 tectum
1955 5127 2102 5198 quod
2147 5128 2300 5198 tegit.

720 5218 858 5272 Nam
889 5228 946 5271 ut
974 5217 1326 5287 pulchritudo
1365 5215 1584 5286 quidem
1627 5217 1870 5272 cernitur
1909 5233 2037 5272 cum
2086 5217 2305 5274 deside-

721 5309 826 5363 rio.
849 5314 909 5360 ttt
939 5315 1276 5376 unguentum
1299 5305 1541 5366 delectat
1567 5305 1876 5370 odoratum,
1910 5315 1968 5361 ut
1999 5306 2307 5361 nutrimen-

723 5407 839 5451 tum
868 5394 1206 5466 pinguefaeit
1229 5410 1451 5464 corpus,
1481 5403 1534 5449 et
1564 5395 1856 5450 dulcedine
1879 5394 2044 5450 aﬁicit
2065 5406 2307 5466 gustum,

729 5497 788 5540 ut
816 5486 1012 5540 umbra
1055 5485 1344 5556 refrigerat
1382 5493 1577 5539 aestum
1606 5503 1620 5539 :
1664 5493 1724 5537 ut
1758 5483 1918 5538 sedes
1972 5494 2188 5539 recreat
2221 5486 2305 5538 la-

729 5579 954 5632 borem:
989 5585 1048 5630 ut
1079 5575 1276 5631 domus
1308 5583 1513 5630 tectum
1542 5615 1557 5642 ,
1597 5574 1868 5644 inquilino
1903 5575 2304 5644 operimentum

734 5666 1081 5734 suppeditat:
1115 5677 1176 5721 ut
1224 5667 1478 5724 columna
1514 5667 1716 5739 praebet
1761 5667 2261 5726 immutabilitatem
2291 5688 2302 5724 :

803 5843 844 5875 "
870 5844 1073 5915 Epltcs.
1095 5860 1145 5908 ν,
1166 5843 1258 5897 25.

2401 4670 2460 4722 οὐ
2497 4645 2693 4737 ξύλοις-
2719 4645 2829 4721 ξαν
2861 4667 3083 4740 καλάμῃ
3131 4667 3226 4720 και
3278 4645 3501 4739 meo),
3545 4659 3617 4727 οἷς
3658 4659 3696 4712 οι
3728 4645 3862 4740 W1:

2401 4755 2541 4814 οἶκοι
2585 4757 3112 4823 κατασκευάζονται’
3147 4757 3284 4814 ἀλλά
3334 4758 3517 4828 στοιϐὴ
3551 4757 3638 4824 τῆς
3673 4744 3741 4800 τοῦ
3774 4735 3857 4828 οίκευ

2405 4851 2603 4923 στέγης
2635 4849 2703 4903 τὰ
2735 4849 2879 4920 μῆλα
2907 4850 3134 4918 γίνεται.
3177 4849 3342 4918 Λέγει
3365 4826 3858 4923 γὰρξΣτοιόάσατέ

2402 4944 2473 4998 ἐν
2487 4914 2831 5013 adimebat
2853 4914 3074 5015 γένηται
3098 4914 3278 4996 πάντα
3303 4944 3360 4996 ἐν
3379 4914 3543 4996 sta-cm
3558 4931 3710 5004 αὐτῇὸ

2406 5007 2579 5098 οὗτος,
2613 5031 2674 5084 τὺ
2701 5007 2917 5099 κάλλος,
2951 5007 3011 5085 τὸ
3044 5032 3236 5104 μύρον,
3269 5033 3298 5085 6
3318 5029 3629 5102 γλυκασμὺς,
3656 5007 3857 5104 “Mm

2405 5124 2492 5180 διὰ
2513 5126 2612 5194 τῆς
2636 5126 2792 5190 σκιᾶς
2813 5101 3094 5193 ἀνάφυξις,
3159 5101 3454 5178 ἀναπαύων
3479 5122 3661 5195 θρόνος.
3677 5113 3698 5164 δ
3715 5101 3853 5195 psam:

2410 5193 2629 5283 στύλος,
2657 5219 2686 5269 ὁ
2717 5214 3102 5279 ἐπισκεπάζων
3123 5215 3339 5286 ὄροφος.
3384 5217 3471 5280 Ὦς
3681 5199 3758 5270 γὰρ
3781 5193 3856 5286 με

2409 5280 2704 5376 ἐπιθυμίας
2727 5306 2939 5376 ὁρᾶται,
2970 5304 3045 5368 ὡς
3075 5280 3246 5375 μύρον
3273 5304 3453 5374 ἡδύνει
3481 5303 3569 5374 τὴν
3599 5280 3852 5375 ὄσφρησινςῆ

2410 5398 2584 5472 τροφὴ
2628 5397 2833 5450 πιαίνει
2878 5395 2940 5447 τὸ
2993 5395 3153 5464 σῶμα
3193 5397 3288 5449 καὶ
3337 5395 3598 5464 γλυκαίνει
3632 5383 3708 5453 τὴν
3732 5377 3853 5472 is?"

2412 5489 2488 5553 ὡς
2531 5487 2662 5542 σκιά
2685 5555 2688 5560 _
2715 5485 3016 5557 καταψύχει
3064 5485 3154 5538 τὸν
3196 5487 3483 5552 καύσωνα,
3524 5485 3590 5547 ὡς
3616 5472 3756 5546 θρόνος

2418 5579 2579 5633 παύει
2613 5578 2702 5632 τὸν
2737 5577 2903 5632 κόπον
2926 5592 2938 5606 ·
2978 5575 3052 5640 ὼς
3097 5575 3262 5648 στέγη
3295 5575 3387 5629 τοῦ
3415 5577 3574 5639 οἷκουν
3595 5564 3731 5626 σκέπη

2417 5670 2652 5727 οικοῦντι
2678 5669 2916 5739 γίνεται·
2945 5669 3020 5733 ὡς
3046 5667 3235 5734 στύλος
3254 5647 3487 5740 παρέχει
3507 5668 3562 5723 τὸ
3577 5647 3850 5733 ciperem!”
