3874 6362
67 377 159 434 Βᾶθ

1074 383 1138 444 ΙΝ
1175 386 1775 447 CANTICACANTIC.
1815 387 2099 445 llOMlLlA
2138 389 2223 445 IV.

3209 396 3313 450 85')

67 492 128 554 ὣς
159 491 403 561 ἐμφανὲς
436 492 603 563 μῆλον
637 495 863 567 ώραῖζει
911 497 1002 552 τὸν
1050 499 1262 570 ὄροφον.
1310 502 1376 555 Τί
1414 501 1523 573 γὰρ
1571 497 1623 554 ἄν.

1739 507 1798 553 ιιι
1833 500 2035 554 malum
2065 499 2290 557 evidens
2321 499 2544 556 decorat
2580 510 2802 557 tectum.
2841 503 3128 570 Quodnam
3164 509 3311 563 enim

67 598 135 646 tt;
183 585 488 654 ἐπινοήσειε
536 587 1027 660 περικαλλέστερον
1059 590 1237 662 θέαμα
1271 586 1460 658 μήλων
1505 610 1634 647 συν-

67 671 274 735 θέσεως,
308 673 439 727 ὅταν
477 673 780 739 εύδιάθετος
823 678 856 746 ή
903 675 1093 748 ὀπώρα
1128 678 1268 730 κατὰ
1310 681 1372 731 τὸ
1413 682 1635 751 συνεχὲς

67 763 138 828 ἐφ’
169 761 361 814 ὑπτίου
399 762 540 826 τινὸς
572 764 708 835 πρὸς
741 765 910 835 αὐτὴν
937 765 1188 837 ἡνωμένη
1221 767 1365 821 κατὰ
1389 767 1487 840 τὴν
1513 769 1635 840 ὄψιν

67 851 422 918 ποικίλλεται,
471 853 566 907 τοῦ
627 855 973 927 ἐρυθήματος
1026 858 1124 928 τῆς
1177 860 1399 933 ὀπώρας
1461 879 1634 915 κατα-

67 943 385 1012 μιγνυμένου
411 943 544 1012 πρὸς
567 944 627 997 τὸ
659 945 976 1002 ὑπόλευκον.
1001 947 1065 1001 El
1089 950 1266 1003 τοίνυν
1293 951 1516 1006 δυνατὸν
1543 947 1632 1023 ἦν,

67 1032 116 1096 ἐξ
142 1031 396 1084 ἐπιπέδου
427 1032 536 1086 τῶν
581 1035 766 1104 μήλων
809 1034 956 1089 θέσιν
1005 1036 1212 1091 ἄνωθεν
1257 1041 1635 1112 ἐπαιωρουμέ-

67 1139 151 1192 νην
192 1122 456 1193 ὁρᾶσθαι,
499 1125 552 1176 τί
590 1124 656 1178 ἂν
693 1125 793 1195 τῆς
826 1126 1083 1196 τοιαύτης
1123 1126 1298 1196 ὂψεως
1337 1125 1405 1200 ἦν
1436 1130 1636 1201 γλαφυο

67 1212 326 1282 ρώτερον;
359 1213 534 1286 Ὅπερ
565 1214 658 1267 ἐπὶ
696 1215 796 1286 τῆς
833 1215 1039 1287 νοητῶν
1079 1216 1298 1285 ἀγαθῶν
1341 1219 1635 1290 ἐπιθυμίας

67 1303 198 1354 ἐστὶν
225 1302 324 1354 οὐκ
353 1301 630 1356 ἀδύνατον.
670 1303 746 1355 Οὐ
785 1303 893 1375 γὰρ
927 1303 1064 1374 βαρὺ
1105 1306 1206 1375 τῆς
1247 1305 1467 1378 ὀπώρας
1489 1308 1634 1362 ἐκεί-

67 1407 151 1459 νης
178 1389 239 1442 τὸ
271 1385 430 1453 εἶδος,
467 1391 587 1444 οὐδέ
625 1393 704 1456 είς
732 1392 835 1461 γῆν
880 1392 1062 1462 βριθον
1099 1395 1193 1447 καὶ¹
1217 1394 1632 1467 καθελκόμενον,

67 1478 185 1531 ἀλλὰ
213 1479 350 1549 πρὸς
386 1479 447 1532 τὸ
480 1478 614 1549 ὕψος
640 1481 739 1551 τὴν
772 1480 944 1552 ῥοπὴν
972 1484 1037 1536 ἐκ
1067 1482 1282 1552 φύσεως
1309 1484 1441 1555 ἔχει.
1482 1488 1635 1541 Ἀνα-

67 1568 193 1636 φυὴς
215 1568 323 1638 γὰρ
349 1569 382 1639 ή
406 1567 596 1640 ἀρετὴ,
641 1570 736 1622 καὶ
774 1569 908 1640 πρὸς
942 1569 1004 1624 τὸ
1047 1570 1161 1625 ἄνω
1195 1571 1398 1642 βλέπει.
1439 1573 1530 1628 Διὸ
1556 1575 1634 1646 τῷ

67 1659 236 1712 κάλλει
282 1659 393 1712 τῶν
439 1659 692 1715 τοιούτων
728 1662 916 1732 μήλων
963 1661 1221 1733 ἐπιθυμεῖ
1255 1666 1288 1734 ἡ
1319 1664 1504 1737 νύμφη
1543 1667 1633 1720 τὸν

67 1749 245 1819 ὗροφον
293 1750 389 1804 τοῦ
436 1750 566 1804 ἰδίου
612 1752 762 1806 οῐκου
809 1753 1218 1825 ἐνωραῖζεσθαι.
1267 1756 1342 1810 Οὐ
1389 1756 1497 1828 γάρ
1541 1773 1635 1828 μοι

1737 597 1916 661 potest
1980 593 2283 662 excogitari
2337 593 2622 663 pulchrius
2672 598 3092 665 spectaculum,
3143 615 3309 668 quam

1735 682 2004 736 malorum
2035 683 2381 752 compositio,
2423 685 2641 754 quando
2671 687 2811 742 bene
2857 687 3161 758 dispositus
3195 691 3311 744 fru-

1735 782 1857 827 ctus
1888 773 2236 829 continenter
2267 776 2322 829 in
2357 777 2542 847 aliquo
2572 777 2695 832 loco
2733 778 2897 848 plano
2943 788 2999 835 et
3053 781 3313 850 aequabili

1736 863 1841 918 sibi
1880 864 2090 930 unitus,
2144 874 2374 920 externa
2419 867 2602 936 specie
2647 868 2912 935 variatur,
2960 869 3159 924 rubore
3192 868 3308 922 fru-

1736 961 1860 1010 ctus
1892 955 2136 1010 admixto
2165 956 2384 1011 cuidam
2416 958 2665 1013 candori.
2715 960 2780 1014 Si
2803 975 2933 1030 ergo
2973 961 3092 1016 ﬁeri
3125 967 3313 1030 posset

1737 1055 1797 1100 ut
1820 1047 1874 1101 in
1898 1048 2190 1118 superﬁcie
2205 1050 2467 1103 collocata
2488 1051 2751 1104 malorum
2774 1053 3019 1120 positura
3037 1053 3311 1108 videretur

1734 1137 1972 1200 desuper
2005 1137 2060 1192 in
2092 1139 2262 1192 altum
2301 1141 2538 1201 sublata,
2574 1143 2706 1207 quid
2735 1143 2838 1197 hoe
2879 1151 3102 1213 aspectu
3138 1143 3313 1198 videri

1736 1235 1924 1298 posset
1955 1227 2296 1298 elegantius?
2317 1229 2472 1294 Quod
2506 1231 2726 1300 quidem
2758 1248 2868 1287 non
2896 1240 2980 1287 est
3012 1232 3308 1303 ejusmodi,

1736 1325 1796 1370 ut
1825 1317 1942 1371 ﬁeri
1971 1333 2079 1371 non
2114 1319 2288 1387 possit
2338 1320 2392 1373 in
2429 1320 2706 1376 desiderio
2752 1325 3019 1379 bonorum
3059 1339 3181 1394 qua:
3215 1338 3308 1378 ca—

1734 1405 1872 1460 dunt
1893 1407 1998 1462 sub
2027 1406 2465 1478 intelligentiam.
2492 1410 2679 1482 Neque
2709 1415 2854 1469 enim
2883 1423 2966 1470 est
2983 1429 3146 1485 grave
3177 1412 3316 1466 illud"

1733 1512 1905 1568 genus
1951 1498 2196 1565 fructus,
2244 1516 2422 1570 neque
2475 1501 2532 1556 in
2599 1511 2799 1559 terram
2855 1521 3088 1576 vergens
3118 1522 3181 1560 ac
3216 1507 3311 1561 de-

1733 1601 2009 1657 pressum,
2062 1587 2158 1641 sed
2190 1597 2386 1657 suapte
2417 1598 2614 1644 natura
2647 1607 2868 1647 sursum
2901 1591 3111 1647 fertur:
3147 1592 3312 1662 erigit

1733 1677 1881 1731 enim
1911 1693 2033 1734 sese
2056 1679 2256 1744 virtus,
2292 1689 2346 1736 et
2381 1681 2437 1735 in
2482 1683 2652 1736 altum
2683 1683 2900 1753 aspicit.
2933 1683 3306 1749 Quamobrem

1733 1767 1929 1823 horum
1993 1770 2264 1824 malorum
2324 1773 2738 1842 pulchritudine
2790 1774 3068 1829 desiderat
3109 1790 3312 1844 sponsa

67 1841 210 1894 τοῦτο
251 1842 397 1896 δοκεῖ
443 1843 582 1897 κατὰ
615 1844 677 1896 τὸ
719 1845 1127 1916 προηγούμενον
1167 1845 1250 1919 τῷ
1281 1847 1425 1918 λόγῳ
1469 1866 1623 1903 σπου-

1731 1872 1843 1914 suae
1871 1858 2069 1915 domus
2119 1841 2627 1918 tectumidecorari.
2663 1863 2781 1917 Non
2814 1865 2959 1919 enim
2993 1866 3127 1918 mihi
3161 1866 3312 1919 vide-

67 1933 322 1998 δάζεσθαι,
355 1934 431 1998 ὡς
466 1935 706 2004 ἐμφανές
755 1953 810 1988 τι
847 1935 1030 2008 θέαμα
1067 1937 1153 1991 διὰ
1177 1938 1278 2009 τῆς
1303 1939 1410 1992 τῶν
1441 1941 1628 2010 μήλων

67 2024 347 2087 συνθέσεως
399 2026 496 2078 ἐπὶ
546 2027 644 2096 τῆς
685 2026 902 2099 στοιϐῆς
949 2028 1199 2098 ὁρᾶσθαι.
1246 2029 1342 2092 Τίς
1394 2031 1503 2098 γὰρ
1561 2031 1628 2086 ἂν

67 2115 255 2180 γένοιτο
295 2116 382 2170 διὰ
415 2115 621 2171 τούτων
669 2118 805 2188 πρὸς
855 2118 1056 2190 ἀρετὴν
1106 2120 1317 2192 ὁδηγία,
1359 2123 1408 2175 εί
1448 2125 1521 2195 μή
1575 2141 1628 2177 τι

67 2204 224 2276 νόημα
248 2207 354 2260 τῶν
387 2208 737 2278 ὠφελούντων
763 2212 912 2280 ἡμᾶς
943 2211 1030 2282 εῐη
1064 2213 1176 2278 τοῖς
1203 2215 1511 2286 εἰρημένοις
1542 2217 1627 2270 ἐν-

67 2298 415 2370 θεωρούμενον
448 2318 478 2369 ;ι
1314 2315 1316 2318 ’

124 2476 183 2529 Τί
209 2472 297 2530 οὖν
326 2479 478 2532 ἐστιν
517 2478 546 2532 ὃ
583 2479 910 2551 είκάζομεν;
958 2481 1015 2533 ’0
1053 2481 1111 2536 ἐν
1147 2481 1226 2552 τῷ
1258 2481 1498 2555 δρυμῶνι
1527 2485 1627 2555 τῆς

67 2567 256 2633 φύσεως
287 2569 446 2639 ἡμῶν
493 2569 596 2623 ὑπὸ
639 2570 1045 2642 φιλανθρωπίας
1082 2571 1512 2644 ἀναϐλαστήσας,
1540 2573 1627 2628 διὰ

67 2657 144 2711 τοῦ
195 2663 480 2731 μετασχεῖν
529 2663 728 2732 σαρκός
766 2680 824 2715 τε
874 2665 967 2715 καὶ
1017 2663 1264 2733 αἵματος,
1303 2663 1472 2734 μῆλον
1504 2665 1625 2732 ἐγέ-

67 2763 184 2802 νετο,
215 2749 353 2820 Πρὸς
405 2750 666 2821 ἑκάτερον
710 2752 819 2823 γὰρ
864 2752 1065 2806 τούτων
1111 2753 1258 2806 ἔστιν
1299 2755 1423 2806 ίδείν
1469 2755 1526 2807 ἐν
1556 2756 1623 2826 τῇ

67 2832 232 2905 ὀπώρᾳ
261 2836 428 2908 ταύτῃ
464 2837 552 2890 διὰ
579 2839 678 2908 τῆς
705 2841 893 2909 χροιᾶς
946 2840 1044 2910 τὴν
1085 2842 1362 2912 ὁμοίωσιν.
1409 2843 1500 2913 Τῷ
1527 2844 1625 2914 μὲν

67 2924 154 2994 γὰρ
184 2926 657 2996 ὑπερλευκαίνοντι
700 2934 944 3002 μιμεῖται
992 2931 1090 3004 τὴν
1132 2934 1230 3005 τῆς
1260 2934 1458 3004 σαρκὸς
1501 2935 1626 2988 ἰδιό-

67 3031 202 3084 τητα,
232 3019 291 3072 τὸ
313 3019 368 3072 δὲ
401 3021 884 3092 ἐπικεχρωσμένον
905 3023 1154 3094 ἐρύθημα
1183 3025 1458 3094 συγγενῶς
1482 3025 1625 3096 ἔχειν

67 3105 182 3175 πρὸς
209 3108 300 3179 τήν
333 3109 429 3163 τοῦ
465 3111 694 3181 αἵματος
723 3112 883 3181 φύσιν
911 3113 994 3167 διὰ
1022 3114 1116 3166 τοῦ
1147 3115 1320 3180 εἴδους
1354 3116 1626 3188 μαρτύρε-

1729 1956 1820 2001 tur
1839 1948 2146 2021 principale
2171 1952 2325 2007 verbi
2367 1953 2472 2009 hoc
2489 1968 2611 2010 esse
2637 1953 2878 2008 studium
2901 1963 2954 2009 et
2971 1955 3307 2022 institutum,

1731 2047 1790 2093 ut
1819 2041 2042 2110 aliquod
2079 2042 2228 2098 humi
2286 2051 2520 2098 stratum
2553 2045 2878 2100 ostendatur
2934 2047 3308 2116 spectaculum

1727 2145 1827 2200 per
1871 2134 2145 2187 malorum
2195 2136 2670 2204 compositionem.
2712 2136 2971 2202 Quaenam
3030 2139 3175 2191 enim
3213 2153 3310 2206 per

1730 2223 1846 2278 hare
1876 2233 2023 2280 esset
2049 2229 2194 2280 ratio
2229 2226 2468 2281 ducendi
2519 2228 2584 2282 ad
2639 2229 2896 2283 virtutem
2922 2268 2937 2294 ,
2984 2229 3090 2284 nisi
3126 2228 3309 2299 aliqua

1728 2313 1888 2368 nobis
1915 2315 2208 2370 utilitatem
2237 2316 2472 2373 aﬁ'erens
2509 2319 2875 2391 intelligentia
2922 2321 3309 2377 considerare-

1727 2410 1816 2458 tur
1845 2404 1901 2457 in
1933 2404 2000 2459 iis
2027 2420 2151 2477 quae
2187 2405 2343 2460 dicta
2374 2417 2504 2462 sunt
2525 2409 2550 2461 ἲ

1797 2493 1941 2560 Quid
1955 2502 2042 2550 est
2069 2510 2198 2566 ergo
2215 2497 2362 2567 quod
2384 2497 2748 2567 eonjicimus?
2767 2498 2871 2565 Qui
2902 2499 2956 2554 in
2980 2507 3185 2555 nostrae
3214 2515 3312 2555 na—

1726 2593 1862 2638 turae
1921 2584 2058 2639 silva
2107 2587 2438 2656 germinavit
2492 2599 2717 2658 propter
2753 2604 2910 2644 suam
2944 2588 3000 2643 in
3054 2590 3309 2644 homines

1726 2674 2196 2740 benevolentiam,
2225 2691 2292 2730 ex
2323 2692 2390 2732 eo
2419 2677 2567 2747 quod
2594 2676 2699 2732 fuit
2723 2678 2999 2748 particeps
3034 2679 3221 2733 carnis
3255 2687 3309 2734 et

1726 2767 2033 2837 sanguinis,
2069 2767 2250 2823 factus
2299 2777 2384 2824 est
2412 2769 2638 2823 malum.
2696 2769 2778 2824 Ad
2828 2777 3121 2840 utrumque
3161 2770 3307 2824 enim

1726 2871 1918 2912 eorum
1949 2858 2076 2912 licet
2123 2859 2310 2913 videre
2350 2859 2403 2912 in
2441 2858 2545 2913 hoc
2575 2858 2759 2913 fructu
2796 2875 2894 2930 per
2931 2860 3181 2914 colorum
3218 2873 3310 2913 as-

1726 2950 2138 3004 similationem.
2195 2949 2331 3004 Nam
2362 2953 2602 3021 quodam
2643 2952 2863 3021 quidem
2912 2951 3154 3006 candore
3191 2951 3312 3005 imi-

1724 3049 1876 3096 tatur
1905 3042 2090 3096 carnis
2141 3043 2532 3112 preprietatem
2566 3063 2579 3099 :
2615 3045 2667 3099 ei
2703 3054 2884 3099 autem
2925 3044 3098 3098 illitus
3139 3044 3310 3098 rubor

1725 3146 1822 3200 per
1869 3146 2026 3186 suam
2067 3139 2302 3188 testatur
2347 3135 2587 3203 speciem
2642 3150 2702 3190 se
2752 3135 3044 3204 quamdam
3104 3134 3312 3188 habere

67 3212 154 3249 ται.
183 3198 340 3252 Ὅταν
367 3199 550 3252 τοίνυν
573 3202 605 3272 ή
637 3203 955 3272 ἐντρυφῶσα
976 3206 1087 3266 τοῖς
1121 3204 1284 3268 θείοις
1315 3205 1458 3276 ψυχὴ
1481 3206 1623 3260 κατὰ

1728 3223 2106 3293 cognationem
2134 3239 2259 3278 cum
2290 3234 2491 3279 natura
2523 3227 2831 3296 sanguinis.
2863 3225 3022 3291 Quod
3051 3241 3182 3294 ergo
3216 3239 3308 3280 re-

67 3289 145 3358 τὴν
176 3291 361 3363 στέγην
392 3291 600 3363 ταύτην
633 3291 848 3362 βλέπειν
875 3294 1209 3367 ἐπιθυμήσῃ,
1239 3295 1395 3349 τοῦτο
1425 3294 1502 3366 τῷ
1534 3298 1623 3349 αί-

67 3379 261 3449 νίγματι
311 3383 702 3454 παιδευόμεθα.
743 3385 836 3438 Ἐκ
868 3385 978 3456 γὰρ
1018 3385 1113 3438 τοῦ
1163 3387 1276 3440 ἄνω
1327 3386 1624 3456 βλέποντας

67 3468 188 3537 ἡμᾶς
212 3475 499 3544 προσέχειν
531 3477 643 3537 τοῖς
683 3475 892 3552 μήλοις,
938 3476 1074 3547 πρὸς
1099 3477 1346 3548 οὐράνιόν
1375 3479 1490 3530 ἐστι
1523 3495 1622 3530 πο-

67 3558 238 3616 λιτείαν
263 3564 570 3636 ὣηγείσθαι
606 3566 692 3618 διὰ
714 3565 822 3619 τῶν
857 3567 1228 3637 εὑαγγελικῶν
1255 3568 1619 3638 διδαγμάτων.

67 3651 218 3726 ’Δπερ
262 3659 290 3710 ὁ
336 3658 543 3713 ἄνωθεν
583 3659 892 3730 ἐρχόμενος,
941 3660 1035 3715 καὶ
1073 3661 1257 3714 ἐπάνω
1297 3661 1512 3714 πάντων
1546 3660 1621 3714 ὣν

67 3744 310 3813 ὑπέδειξεν
343 3751 476 3820 ἡμῖν
508 3749 595 3803 διὰ
643 3751 740 3820 τῆς
779 3753 837 3804 ἐν
873 3752 1035 3821 σαρκὶ
1081 3750 1457 3824 φανερώσεως,
1489 3753 1622 3805 πάν-

67 3851 152 3888 των
204 3837 308 3891 τῶν
364 3839 588 3908 ἀγαθῶν
639 3840 1050 3912 πολιτευμάτων
1106 3844 1162 3896 ἐν
1220 3841 1394 3912 ἐαυτῷ
1444 3842 1621 3907 δείξας

67 3925 116 3976 τὰ
181 3926 584 4000 ὑποδείγματα,
652 3929 836 3994 καθώς
913 3949 1076 4002 φησιν
1138 3933 1167 3985 ὁ
1244 3932 1475 4003 Κύριος,
1537 3934 1619 3987 ὃτι

67 4018 262 4072 unum
291 4021 391 4074 ἀπ’
417 4021 588 4090 ἐμοῦ,
619 4021 708 4075 ὅτι
739 4023 929 4091 πρᾶός
961 4026 1076 4092 ειμι
1109 4023 1207 4077 καὶ
1236 4023 1512 4090 ταπεινὸς
1547 4023 1619 4094 τῇ

67 4111 264 4179 καρδίᾳ.
294 4114 365 4166 Τὸ
391 4115 448 4167 δὲ
464 4113 594 4167 αὐτὸ
614 4113 770 4167 τοῦτο
797 4117 889 4168 καὶ
907 4118 935 4168 ὁ
959 4115 1297 4182 Ἀπόστολος,
1315 4116 1416 4187 τὴν
1437 4134 1621 4172 ταπει-

67 4203 362 4274 νοφροσύνην
391 4207 523 4276 ἡμῖν
563 4205 968 4276 ὑφηγούμενος,
999 4205 1176 4274 λέγει’
1209 4207 1479 4261 Aur-ater
1506 4206 1618 4276 γὰρ

67 4289 260 4360 δι’ἑνὸς
295 4295 667 4365 θεωρήματος
695 4295 902 4352 πᾶσαν
929 4297 1045 4366 τὴν
1077 4299 1368 4365 ἀλήθειαν
1397 4301 1617 4357 πιστώ-

67 4386 254 4438 τασθαι
281 4385 360 4452 τῷ
387 4390 569 4456 λόγῳ.
610 4390 752 4461 Πρὸς
775 4391 883 4460 γὰρ
908 4391 1034 4452 τοὺς
1058 4391 1127 4444 τὰ
1157 4392 1268 4446 ἄνω
1299 4391 1612 4461 βλέποντας,

67 4470 216 4526 Τοῦτο
252 4479 603 4544 φρονείσθω,
639 4480 822 4551 φησὶν,
846 4479 916 4535 ἐν
941 4480 1083 4551 ὑμῖν
1103 4480 1134 4534 ὃ
1159 4482 1258 4535 καὶ
1286 4482 1356 4536 ἐν
1381 4483 1614 4552 Χριστῷ

1724 3329 1845 3369 rum
1875 3315 2188 3371 divinarum
2218 3317 2432 3372 deliciis
2452 3333 2512 3372 se
2525 3319 2813 3373 oblectans
2838 3318 3048 3380 anima,
3073 3332 3136 3371 ea
3163 3317 3309 3370 intra

1723 3410 1865 3458 tecta
1890 3405 2140 3478 aspicere
2169 3404 2592 3470 desideraverit,
2647 3409 2750 3460 hoc
2794 3407 3085 3476 aenigmate
3120 3407 3308 3460 erudi-

1723 3509 1866 3548 mur.
1896 3493 1976 3549 Ex
2003 3509 2068 3550 eo
2103 3496 2252 3551 enim
2301 3496 2446 3566 quod
2483 3489 2705 3552 sursum
2737 3499 3100 3568 aspicientes,
3148 3513 3308 3566 poma

1723 3582 2090 3649 attendamus,
2127 3585 2193 3638 ad
2223 3585 2699 3640 conversationem
2737 3588 3016 3642 caelestem
3050 3587 3176 3641 licet
3210 3585 3310 3640 de-

1722 3672 1848 3726 duci
1883 3689 1978 3743 per
2010 3673 2342 3729 documenta
2367 3674 2710 3744 evangelica.
2745 3673 2879 3741 Quae
2926 3676 3148 3746 quidem
3209 3675 3300 3740 qui

1721 3761 1959 3832 desuper
1987 3764 2162 3828 venit,
2196 3773 2251 3819 et
2297 3773 2381 3821 est
2414 3781 2580 3835 super
2604 3767 2810 3832 omnia,
2857 3768 3020 3822 nobis
3064 3767 3308 3822 ostendit

1721 3866 1817 3920 per
1841 3866 1998 3906 suam
2017 3851 2074 3906 in
2105 3867 2274 3907 carne
2305 3853 2833 3919 manifestationem,
2853 3861 2912 3907 ut
2931 3855 3026 3924 qui
3050 3853 3301 3908 omnium

1721 3942 1990 3997 bonorum
2020 3942 2145 3997 vitae
2169 3943 2546 3998 institutorum
2571 3954 2626 3999 et
2645 3945 2924 3998 actionum
2948 3945 3002 3998 in
3033 3960 3092 4000 se
3117 3959 3301 3999 exem-

1719 4037 1808 4106 pla
1838 4035 2123 4102 indicarit,
2160 4037 2306 4092 sicut
2363 4036 2498 4092 dicit
2548 4037 2820 4092 Dominus
2858 4056 2870 4092 :
2908 4037 3112 4091 Discite
3151 4054 3182 4090 a
3225 4053 3306 4091 me

1717 4127 1858 4194 quod
1884 4142 2002 4180 sum
2041 4127 2186 4180 mitis
2212 4139 2262 4181 et
2287 4126 2503 4183 humilis
2535 4127 2696 4182 corde
2722 4128 2791 4182 θ’.
2842 4125 2956 4181 Hoc
2985 4128 3163 4196 ipsum
3214 4140 3307 4178 au-

1717 4224 1827 4273 tem
1867 4219 2164 4288 Apostolus
2191 4235 2413 4290 quoque
2429 4220 2791 4274 humilitatem
2813 4221 2973 4274 nobis
2991 4233 3302 4288 exponens,

1717 4309 1850 4364 dicit
1883 4328 1897 4364 :
1933 4309 2040 4378 Per
2063 4327 2224 4364 unam
2252 4312 2396 4364 enim
2436 4311 2932 4378 contemplationem
2976 4310 3096 4362 licet
3163 4307 3307 4364 verbi

1717 4402 2021 4454 universam
2048 4403 2368 4471 conﬁrmare
2401 4403 2692 4456 veritatem.
2733 4401 2876 4454 Dicit
2905 4401 3051 4455 enim
3092 4400 3174 4453 eis
3207 4399 3314 4467 qui-

1716 4508 1934 4548 sursum
1953 4495 2227 4564 aspiciunt
2258 4513 2272 4550 :
2297 4493 2412 4548 Hoc
2449 4496 2660 4559 sentite,
2684 4495 2882 4563 inquit,
2921 4494 2976 4546 in
3000 4492 3143 4546 vobis
3161 4492 3308 4562 quod-

67 4560 256 4630 Ἰησοῦ·
285 4568 350 4636 ὃς
369 4570 442 4624 ἐν
457 4569 661 4639 μορφῇ
682 4571 829 4626 Θεοῦ
855 4571 1144 4642 ὑπάρχων
1162 4575 1274 4640 οὐχ
1298 4574 1610 4644 ἁρπαγμὸν

1725 4586 1768 4638 in
1797 4585 2010 4639 Christo
2049 4585 2182 4640 Iesu
2212 4586 2296 4638 "z
2351 4587 2442 4656 qui
2495 4603 2614 4640 cum
2661 4587 2718 4640 in
2763 4586 2940 4652 forma
2985 4583 3085 4637 Dei
3125 4593 3298 4650 esset,

67 4652 303 4722 ἡγήσατο
335 4661 402 4715 τὸ
424 4659 580 4716 εἶναι
611 4662 718 4716 τσα
746 4662 896 4729 Θεῷ·
927 4665 1064 4719 ἀλλ’
1095 4665 1314 4719 ἑαυτὸν
1349 4666 1610 4722 ἐκένωσε

67 4747 269 4817 ιορφὴν
299 4751 525 4808 δούλου
558 4754 792 4821 λαϐὼν,
821 4756 850 4808 ὁ
882 4755 970 4810 διὰ
1003 4756 1203 4828 σαρκὸς
1254 4758 1348 4811 καὶ
1380 4759 1610 4830 αἵματος

67 4837 369 4914 ἐπιδημήσας
391 4845 470 4915 τῷ
499 4845 620 4916 βίῳ,
652 4846 746 4900 καὶ
772 4847 894 4901 ἀντὶ
923 4839 1020 4919 τῆς
1054 4849 1418 4921 προκειμένης
1461 4853 1611 4924 αὐτῷ

67 4931 206 4996 (api;
245 4935 301 4985 ἐν
330 4937 592 5007 μετουσίᾳ
617 4936 714 5006 τῆς
744 4937 1131 5009 ταπεινότητος
1159 4940 1319 5010 ὴμῶν
1349 4942 1611 5009 ἑκουσίως

67 5021 340 5091 γενόμενος,
368 5029 465 5082 καὶ
495 5028 633 5099 μετὰ
657 5033 758 5101 τῆς
784 5029 877 5083 τοῦ
918 5030 1146 5084 θανάτου
1187 5034 1460 5090 κατελθὼν
1492 5039 1612 5092 πεί-

67 5124 162 5174 σας.
191 5116 283 5171 Διὰ
319 5118 494 5174 ταῦτά
531 5137 692 5190 φησιν
726 5123 758 5194 ἡ
793 5121 1000 5194 νύμφη’
1031 5125 1390 5182 Στοιϐάσατέ
1432 5147 1509 5199 με
1545 5131 1616 5184 ἐν

67 5202 265 5294 utilene,
314 5210 400 5264 ἵνα
443 5212 658 5276 πάντως
707 5215 785 5277 είς
832 5214 963 5284 ὕψος
994 5217 1194 5288 ὁρῶσα,
1246 5218 1427 5289 βλέπω
1475 5222 1613 5294 πρὸς

67 5293 241 5386 εὰᾼτῶν
273 5301 492 5370 ἀγαθῶν
524 5305 899 5377 ὑποδείγματα
938 5309 1007 5362 τὰ
1049 5313 1108 5363 ἐν
1144 5311 1223 5383 τῷ
1256 5311 1475 5386 νυμφίῳ
1504 5293 1613 5369 δει-

67 5384 289 5456 ενὺμενα.
306 5393 450 5447 Ἐκεῖ
480 5397 513 5466 ἡ
536 5397 806 5469 πραότης·
839 5400 956 5452 ἐκεῖ
987 5401 1044 5453 τὸ
1074 5400 1340 5472 ἀόργητον
1362 5416 1374 5432 ⁸
1402 5384 1519 5458 ἐπεῖ
1547 5406 1609 5461 τὸ

67 5477 173 5544 πρὸς
205 5482 425 5555 ἐχθροὺς
470 5489 874 5559 ἀμνησίκακον,
921 5493 1014 5546 καὶ
1059 5493 1121 5547 τὸ
1167 5497 1304 5567 πρὸς
1339 5498 1468 5561 τοὺς
1514 5498 1606 5552 λυ-

67 5567 265 5661 τφῦντας
302 5576 696 5650 φιλάνθρωπον,
725 5582 816 5637 καὶ
857 5584 916 5638 τὺ
951 5585 1017 5639 δι’
1049 5587 1366 5658 εὐεργεσίας
1385 5591 1484 5661 τὴν
1510 5609 1608 5646 κα-

67 5657 165 5714 κὶτν
193 5663 505 5734 ἀμείϐεσθαι
527 5688 540 5703 ’
574 5673 692 5728 ἐκεῖ
736 5674 797 5728 τὸ
844 5657 1221 5748 ἐγκρατὲςιῗτὺ
1254 5657 1512 5754 καθαρδνι
1548 5685 1611 5740 τδ

118 5843 157 5876 ⁸³
181 5847 542 5928 Manliana!)
643 5861 688 5895 ⁸³
711 5860 945 5934 Philipp.
974 5877 1034 5933 ιι,
1070 5864 1126 5920 5.

1717 4693 1818 4732 non
1860 4677 2106 4742 rapinam
2146 4679 2435 4733 arbitratus
2478 4689 2555 4733 est
2604 4695 2658 4733 se
2696 4695 2809 4732 esse
2857 4677 3113 4746 aequalem
3154 4674 3296 4741 Deo,

1717 4767 1806 4822 sed
1840 4770 1977 4823 servi
2022 4769 2253 4839 formam
2297 4773 2531 4841 accepit,
2565 4771 2658 4841 qui
2693 4785 2791 4840 per
2823 4785 3042 4825 carnem
3084 4779 3138 4824 et
3171 4784 3302 4824 san-

1715 4865 1936 4935 guinem
1983 4867 2156 4921 estin
2210 4867 2314 4922 hac
2345 4869 2456 4922 vita
2499 4874 2776 4932 versatus,
2832 4872 2886 4920 et
2930 4879 3031 4935 pro
3060 4879 3124 4918 ea
3177 4878 3301 4933 qua:

1719 4957 1824 5013 sibi
1857 4963 1974 5013 erat
2005 4961 2292 5028 proposita
2322 4960 2539 5023 laetitia,
2593 4971 2648 5015 et
2691 4968 2897 5015 nostra
2937 4957 3300 5013 humanitatis

1717 5049 2025 5106 voluntarie
2057 5053 2335 5124 particeps
2372 5055 2552 5110 factus
2579 5061 2685 5118 est,
2714 5061 2770 5110 et
2793 5068 2966 5124 usque
3009 5052 3076 5106 ad
3103 5052 3298 5105 mortis

1713 5143 1864 5197 venit
1893 5145 2315 5214 experientiam.
2365 5147 2664 5218 Propterea
2697 5146 2834 5202 dicit
2873 5160 3076 5216 sponsa
3105 5162 3118 5197 :
3149 5143 3299 5197 Ster-

1711 5235 1822 5289 nite
1845 5237 1974 5290 mihi
2003 5245 2176 5291 torum
2202 5239 2258 5292 in
2284 5238 2441 5294 mal-is
2465 5277 2480 5303 ,
2523 5246 2583 5293 ut
2613 5253 2832 5308 semper
2863 5237 2917 5290 in
2949 5235 3120 5289 altum
3149 5233 3298 5303 aspi-

1710 5327 1883 5393 ciens,
1904 5335 2113 5384 attente
2139 5336 2194 5384 et
2225 5330 2456 5385 ﬁrmiter
2490 5327 2988 5397 videam‘exempla
3017 5326 3295 5379 honorum

1714 5434 1840 5489 quae
1867 5421 2233 5476 ostenduntur
2257 5422 2311 5475 in
2356 5437 2583 5492 sponso.
2636 5421 2750 5473 lllic
2784 5425 2869 5473 est
2900 5417 3101 5471 lenitas
3138 5433 3150 5468 :
3181 5414 3296 5468 illie

1715 5509 1812 5564 ira:
1841 5511 2089 5566 vacuitas
2125 5527 2138 5565 :
2176 5512 2287 5565 illic
2315 5511 2520 5566 oblivio
2547 5509 2880 5579 inju-riarum
2927 5509 3284 5573 acceptarum

1717 5599 1786 5654 ab
1810 5599 2091 5656 inimicis:
2131 5609 2186 5656 et
2228 5601 2542 5656 humanitas
2577 5600 2634 5654 in
2679 5613 2775 5654 eos
2821 5597 2918 5667 qui
2980 5593 3291 5650 molestiam

1718 5688 1972 5759 aﬁ'erunt,
2001 5700 2054 5748 et
2084 5707 2184 5763 pro
2213 5693 2356 5749 malo
2383 5690 2629 5749 referunt
2661 5689 3007 5748 beneﬁcium.
3044 5687 3160 5742 Illic
3205 5695 3294 5741 est
