3874 6438
667 366 765 423 851

1896 376 1953 435 S.
1988 376 2316 435 GREGORII
2341 379 2639 441 NYSSENI
3792 392 3855 447 εςιε

666 491 721 535 te
745 502 754 531 :
779 498 877 552 per
913 484 1050 548 ntia,
1075 487 1311 556 puritas,
1338 490 1622 558 patientia,
1651 500 1704 546 ct
1723 492 1870 547 inani
1900 493 2075 563 gloria
2099 494 2236 548 nihil

2343 497 2714 571 μακρόθυμον,
2763 499 2825 554 τὸ
2877 501 3060 573 πάσης
3105 500 3412 568 κενοδοξίας
3466 517 3531 554 τε
3585 501 3674 555 καὶ
3708 502 3856 568 ἀπάτης

669 585 751 632 est
781 588 813 643 p
851 576 1129 644 rmixtum,
1162 577 1466 650 fraudeque
1503 599 1627 653 qua:
1660 592 1909 640 versatur
1942 586 1999 641 in
2026 586 2096 642 iis
2118 600 2243 656 quas

654 660 736 714 'ad
764 663 903 717 lianc
935 666 1104 720 vitam
1142 670 1439 738 pertinent.

734 750 865 808 Post
888 755 1002 811 haec
1029 758 1214 816 laudat
1242 763 1607 834 sagittarium,
1633 767 1779 837 quod
1812 782 2038 838 scopum
2089 773 2242 823 recte

667 844 917 917 attingat,
970 858 1029 906 ut
1087 855 1181 923 qui
1220 854 1389 910 telum
1431 857 1661 928 pulchre
1708 860 1762 914 iu
1806 860 1983 930 ipsam
2013 859 2236 929 dirigat.

678 936 989 1007 Vulnerata,
1016 941 1218 1013 inquit,
1257 963 1376 1002 sum
1415 965 1448 1002 a
1483 949 1784 1007 dilectione.
1830 950 2083 1007 Ostendit
2136 951 2239 1006 hac

662 1029 914 1085 oratione
957 1034 1148 1101 telum,
1178 1039 1326 1108 quod
1350 1041 1503 1095 cordi
1538 1043 1645 1098 alte
1675 1043 1899 1099 insidet.
1930 1044 2034 1110 Qui
2066 1043 2234 1098 telum

659 1130 842 1175 autem
878 1123 1179 1193 jaculatur,
1221 1137 1307 1185 est
1333 1131 1555 1188 dilectio
1593 1148 1690 1189 seu
1727 1135 1993 1191 cliarilas.
2041 1134 2238 1190 Chari-

660 1217 829 1265 tatem
865 1220 1047 1269 autem
1086 1231 1211 1275 esse
1256 1216 1426 1274 Deum
1461 1220 1756 1278 didicimus
1798 1237 1828 1276 a
1887 1238 2043 1278 sacra
2080 1224 2237 1279 Scri-

660 1310 826 1371 ptura
846 1305 914 1370 “,
952 1308 1044 1378 qui
1065 1309 1294 1365 electam
1329 1327 1482 1366 suam
1518 1315 1797 1384 sagittam,
1839 1329 2034 1384 nempe
2068 1314 2237 1369 Deum

662 1395 1033 1465 unigenitum,
1065 1402 1269 1456 emittit
1306 1402 1362 1457 in
1388 1418 1486 1459 eos
1520 1405 1613 1473 qui
1665 1414 1979 1470 servantur,
2038 1405 2238 1474 spiritu

661 1485 787 1540 vitae
818 1487 959 1543 illita
993 1491 1200 1562 triplici
1236 1495 1417 1549 aculei
1448 1495 1700 1565 cuspide.
1746 1496 1988 1552 Aculeus
2054 1504 2237 1552 autem

664 1583 749 1631 est
786 1576 939 1646 ﬁdes,
976 1591 1034 1636 ut
1066 1598 1187 1653 qua:
1209 1583 1263 1639 in
1290 1600 1400 1655 quo
1426 1584 1613 1652 fuerit,
1659 1601 1786 1642 cum
1828 1589 2025 1658 sagitta
2072 1587 2240 1645 simul

667 1668 904 1726 adducat
934 1673 1301 1743 sagittarium,
1334 1686 1392 1733 ut
1417 1677 1551 1733 dicit
1586 1679 1851 1736 Dominus
1884 1698 1896 1735 :
1930 1677 2041 1749 Ego
2067 1677 2238 1735 etPa-

667 1767 747 1812 ter
782 1776 942 1816 unum
970 1780 1172 1831 sumus,
1198 1776 1247 1821 et
1286 1769 1568 1835 veniemus,
1616 1779 1665 1824 et
1715 1770 2041 1825 mansionem
2098 1769 2238 1837 apud

2342 587 2599 661 βιωτικῆς
2623 591 3001 664 ἀνεπίμικτον.

2410 765 2595 821 Ταῦτα
2617 765 2868 830 είποῦσα,
2898 768 3111 821 ἐπαινεῖ
3134 764 3225 821 τὸν
3248 765 3479 838 τοξότην
3503 766 3605 837 τῆς
3632 766 3858 835 εὐστοχιις,

2338 858 2414 923 ὡς
2462 858 2644 923 καλῶς
2689 861 2778 914 ἐπ’
2829 859 2998 929 αὐτὴν
3034 859 3098 913 τὸ
3151 859 3302 930 βέλος
3340 856 3669 912 εὐθύναντα.
3714 860 3858 923 Terpn-

2332 948 2487 1017 μέγη
2517 947 2647 1020 γὰρ,
2682 949 2869 1018 φησὶν,
2900 947 3134 1018 ἀγάπης
3172 946 3305 1017 ἐγώ.
3356 948 3618 1000 Δείκνυσι
3663 944 3732 1014 τῷ
3767 945 3861 1010 λόγῳ

2337 1037 2399 1090 τὸ
2427 1035 2598 1107 βέλος,
2634 1036 2697 1091 τὸ
2725 1040 2793 1109 τῇ
2828 1037 3021 1111 καρδίᾳ
3048 1036 3134 1090 διὰ
3177 1037 3371 1107 βάθους
3408 1035 3744 1105 ἐγκείμενον.
3773 1034 3859 1086 Ὁξὲ

2337 1126 2561 1199 τοξότης
2593 1127 2687 1183 τοῦ
2728 1127 2917 1199 βέλους
2953 1129 2988 1200 η
3029 1129 3215 1199 ἀγάπη
3255 1127 3425 1180 ἐστίν.
3472 1126 3716 1197 Ἀγάπην
3739 1124 3783 1177 δὲ
3804 1124 3860 1176 τίη

2337 1219 2470 1274 Θεὸν
2522 1216 2660 1274 εἶναι
2694 1219 2844 1292 παρὰ
2888 1223 2990 1291 τῆς
3036 1220 3198 1289 ἀγίας
3234 1219 3461 1290 Γραφῆς
3508 1216 3859 1288 μεμαθήκαμει,

2338 1310 2397 1376 ὃς
2425 1311 2486 1366 τὸ
2501 1310 2754 1365 ἐκλεκτὸν
2775 1310 2940 1366 αὐτού
2962 1310 3115 1380 βέλος
3132 1310 3222 1363 τὸν
3249 1310 3520 1380 μονογενῆ
3546 1307 3673 1361 Υίδν
3687 1308 3763 1359 ἐπὶ
3779 1308 3857 1366 rei»;

2342 1400 2683 1472 σωζομένους
2713 1402 2986 1472 ἐκπέμπει
3009 1441 3022 1463 ,
3066 1400 3146 1470 τῷ
3189 1399 3464 1470 πνεύματι
3506 1397 3656 1466 ζωῆς
3684 1398 3767 1465 τὴν
3786 1412 3858 1466 τρι-

2339 1493 2478 1564 πλῆν
2499 1493 2599 1564 τῆς
2620 1493 2802 1557 ἀκίδος
2819 1492 3003 1565 ἀκμὴν
3023 1490 3387 1564 περιχρὼσας.
3424 1491 3584 1553 ’Δκὶς
3602 1488 3658 1541 δὲ
3682 1488 3713 1558 ἠ
3736 1486 3856 1546 πίστις

2339 1585 2507 1650 ἐστὶν,
2542 1583 2630 1636 ἵνα
2661 1584 2721 1637 ἐν
2752 1576 2798 1651 ᾧ
2827 1582 3049 1652 γένηται
3095 1580 3387 1653 συνεισάγῃ
3428 1577 3578 1650 μετά
3612 1575 3700 1632 τοῦ
3734 1575 3854 1645 βέλευς

2338 1674 2434 1728 καὶ
2468 1673 2560 1727 τὸν
2592 1671 2835 1744 τοξότην,
2866 1671 2942 1736 ῶς
2967 1687 3132 1741 φησιν
3160 1672 3190 1724 ό
3221 1669 3443 1738 Κύριος,
3470 1669 3559 1722 δτι
3596 1666 3730 1735 Ἐγὼ
3750 1664 3855 1717 κοίό

2342 1764 2543 1834 Πατὴρ
2567 1765 2639 1820 ἓν
2661 1765 2869 1834 ἐσμεν,
2898 1762 2997 1818 καὶ
3021 1761 3411 1831 ἐλευσόμεθα,
3441 1758 3549 1814 καὶ
3570 1756 3754 1828 μονὴν
3770 1752 3855 1819 παρ’

663 1865 784 1904 eum
813 1852 1066 1922 faciemus
1088 1857 1152 1913 ⁸⁵.
1189 1857 1347 1915 Videt
1367 1876 1498 1931 ergo
1526 1877 1647 1931 quae
1679 1877 1777 1932 per
1806 1862 2022 1917 divinas
2044 1877 2238 1916 ascen-

2343 1832 2517 1922 αὐτῷ⁷
2551 1832 2905 1935 ποιήσομεν.
2953 1854 3084 1926 Ὁρᾷ
3138 1853 3318 1907 τοίνυν
3368 1854 3402 1923 ἡ
3459 1849 3556 1904 διὰ
3599 1848 3702 1903 τῶν
3754 1844 3855 1899 θείων

664 1938 848 1998 siones
878 1944 933 1998 in
968 1945 1140 2001 altum
1156 1948 1374 2003 sublata
1390 1957 1477 2006 est
1503 1951 1707 2012 anima,
1733 1949 1897 2005 dulce
1918 1950 2084 2004 telum
2105 1948 2237 2003 cha-

662 2029 865 2095 ritatis,
920 2050 1030 2104 quo
1058 2036 1176 2106 ipsa
1233 2038 1340 2094 fuit
1381 2041 1652 2109 sauciata,
1704 2050 1759 2096 et
1795 2042 1863 2097 de
1892 2056 1960 2097 eo
2013 2041 2239 2095 vulnere

662 2120 950 2190 gloriatur,
976 2127 1166 2185 dicens
1198 2150 1212 2186 :
1256 2130 1553 2187 Vulnerata
1581 2149 1701 2186 sum
1743 2149 1838 2203 ego
1870 2149 1903 2187 α
1933 2132 2234 2186 dilectione.

663 2212 708 2266 υ
754 2214 1047 2282 pulchrum
1101 2221 1302 2279 vulnus
1346 2230 1402 2278 et
1447 2223 1624 2280 dulcis
1665 2224 1821 2295 plaga
1848 2263 1864 2288 ,
1926 2239 2023 2294 per
2073 2238 2237 2294 quam

662 2305 878 2375 plagam
934 2307 1046 2365 vita
1114 2314 1263 2369 subit
1329 2315 1584 2378 interna,
1657 2316 1803 2387 quod
1862 2332 1984 2387 qua:
2038 2332 2067 2371 a
2129 2317 2240 2372 telo

668 2398 808 2454 facta
830 2410 914 2456 est
942 2404 1163 2468 divisio,
1204 2405 1481 2475 quoddam
1516 2409 1723 2464 ostium
1760 2418 1815 2464 et
1853 2409 2062 2464 aditum
2105 2424 2239 2478 ape-

665 2491 870 2546 ruerit!
906 2491 1044 2547 Nam
1080 2496 1246 2553 simul
1277 2506 1442 2568 atque
1472 2500 1641 2553 telum
1679 2499 1891 2569 accepit
1929 2499 2237 2565 charitatis,

661 2581 733 2637 ad
779 2585 1079 2655 nuptialem
1126 2589 1372 2644 laatitiam
1427 2590 1679 2660 protinus
1724 2597 2089 2648 transmutata
2138 2590 2241 2646 fuit

656 2673 946 2742 jaculatio.
981 2677 1143 2736 Vides
1177 2683 1321 2739 enim
1350 2683 1815 2754 quemadmodum
1836 2699 2031 2740 manus
2049 2698 2238 2739 arcum

660 2774 926 2836 tractant,
979 2770 1283 2841 dispertita:
1310 2774 1377 2829 ad
1423 2789 1582 2835 usum
1622 2773 2055 2845 operationibus.
2101 2772 2238 2829 Nam

660 2855 888 2914 sinistra
917 2862 1139 2930 quidem
1175 2878 1388 2929 arcum,
1436 2863 1662 2920 dextera
1695 2879 1826 2920 vero
1879 2879 2108 2920 nervum
2171 2863 2239 2919 ad

661 2960 723 3002 se
747 2950 994 3016 attrahit,
1032 2967 1128 3022 per
1158 2954 1371 3024 sagittae
1405 2955 1807 3011 concavitatem
1835 2956 2002 3010 telum
2057 2954 2127 3010 ad
2179 2969 2242 3011 se

662 3040 969 3104 attrahcns,
1002 3042 1150 3110 quod
1182 3043 1426 3098 adhibita
1462 3059 1629 3100 manu
1657 3046 1882 3102 sinistra
1906 3046 1973 3101 ad
2006 3060 2235 3118 scopum

2339 1947 2654 2004 ἀναδάσεων
2713 1947 2987 2017 ὐψωθεῐσα
3025 1944 3192 2015 ψυχὴ,
3232 1943 3294 1997 τὸ
3341 1943 3525 2011 γλυκὺ
3572 1942 3665 2010 τῆς
3703 1936 3855 2005 ἀγάπης

2342 2039 2494 2111 βέλος
2518 2040 2577 2092 ἐν
2605 2039 2792 2109 ἐαυτῇ,
2820 2031 2867 2107 ᾧ
2895 2038 3127 2109 ἐτρώθη,
3154 2037 3248 2090 καὶ
3277 2035 3548 2105 καύχημα
3573 2033 3778 2085 ποιεῖται
3795 2030 3852 2094 τήν

2341 2130 2574 2200 πληγὴν,
2619 2128 2871 2199 λέγουσα,
2904 2130 2987 2184 δτι
3035 2127 3368 2197 Τετρωμένη
3412 2123 3654 2195 ἀγάπης
3818 2118 3853 2167 Ὦ

2341 2222 2507 2275 καλοῦ
2535 2221 2848 2293 τραύματος
2881 2222 2976 2275 καὶ
3010 2219 3267 2289 γλυκείας
3303 2218 3550 2290 πληγῆς,
3573 2217 3637 2269 δι’
3661 2209 3721 2284 ἦς
3741 2213 3765 2282 ὴ
3784 2208 3851 2275 lui

2340 2313 2433 2368 ἐπὶ
2472 2314 2539 2367 τά
2578 2313 2726 2375 ἐντὸς
2770 2312 3069 2376 διαδύεται,
3113 2310 3301 2381 ὥσπερ
3328 2310 3454 2365 τινὰ
3495 2308 3665 2379 θύραν
3691 2302 3850 2358 καὶείπ-

2340 2404 2456 2459 οδον
2484 2404 2583 2475 τὴν
2617 2404 2680 2457 ἐκ
2712 2402 2807 2457 τοῦ
2835 2402 3018 2473 βέλους
3055 2401 3314 2472 διαίρεσιν
3348 2402 3522 2472 ἑαυτῇ
3562 2395 3849 2459 ὑπανοίξασαῖ

2353 2493 2518 2564 Ὀμοῦ
2563 2510 2624 2546 τε
2666 2491 2775 2564 γάρ
2817 2492 2879 2545 τὸ
2920 2495 3021 2562 τῆς
3065 2491 3285 2561 ἀγάπης
3338 2489 3499 2560 βέλος
3548 2488 3760 2551 ἐδέξατο,
3793 2482 3850 2534 11':

2341 2588 2679 2657 παραχρῆμα
2728 2586 2809 2649 εἰς
2852 2582 3092 2655 γαμικὴν
3147 2581 3410 2653 θυμηδίαν
3472 2582 3508 2651 ἡ
3569 2578 3732 2643 τοξεία
3771 2588 3849 2645 ps:-

2340 2677 2666 2747 εσκευὰσθη.
2705 2676 2941 2747 Φανερδν
2966 2675 3075 2747 γάρ
3097 2676 3213 2726 ἐστι
3240 2672 3357 2736 πῶς
3390 2673 3447 2726 at
3479 2674 3657 2743 χεῖρες
3678 2669 3730 2722 τὸ
3752 2665 3847 2729 τάξιν

2345 2768 2827 2841 μεταχειρίζονται,
2868 2767 3218 2839 μεριζόμεναι
3262 2765 3396 2835 πρὸς
3438 2766 3548 2835 τὴν
3582 2760 3749 2835 χρείαν
3777 2757 3848 2815 ταῖς

2342 2862 2661 2934 ἐνεργείαις.
2701 2862 2767 2914 Ἢ
2796 2860 2895 2931 μὲν
2920 2860 3027 2933 γὰρ
3048 2858 3323 2928 εὐώνυμος
3343 2856 3437 2910 τοῦ
3464 2856 3622 2919 τόξου
3649 2854 3845 2906 ἅπτεται·

2341 2958 2375 3025 ἡ
2397 2953 2546 3019 δεξιά
2580 2952 2638 3006 δὲ
2677 2951 2776 3023 τὴν
2818 2948 3015 3022 νευράν
3046 2949 3181 3021 πρὸς
3213 2948 3410 3017 ἑαυτὴν
3453 2947 3753 3002 ἐπισπᾶται,
3774 2955 3847 2989 ow-

2342 3046 2604 3116 ελκομένη
2625 3043 2712 3098 διά
2720 3043 2827 3096 τῶν
2838 3040 3105 3110 γλυφίδων
3120 3040 3180 3093 τὺ
3196 3038 3345 3110 βέλος
3356 3040 3424 3109 τῇ
3440 3036 3673 3108 προϐολῇ
3687 3033 3763 3100 τῆς
3772 3030 3845 3098 ἀρι-

662 3126 941 3198 dirigitur.
986 3128 1119 3196 Quae
1149 3147 1279 3204 ergo
1310 3134 1477 3203 paulo
1515 3144 1647 3191 ante
1673 3135 1767 3190 teli
1818 3134 1961 3190 facta
1999 3144 2087 3192 est
2117 3150 2241 3193 sco-

2346 3138 2538 3209 στερᾶς
2563 3135 2744 3208 χειρὸς
2769 3137 2905 3206 πρὸς
2935 3133 3026 3188 τὸν
3054 3132 3253 3186 σκοπὸν
3278 3120 3845 3233 εὐθυνόμενονκῐιτοὲἒλν

660 3229 789 3286 pus,
825 3233 974 3274 nunc
1028 3221 1265 3291 seipsam
1323 3238 1423 3292 pro
1476 3226 1588 3280 telo
1636 3225 1832 3296 aspicit
1885 3227 1940 3281 in
1986 3226 2241 3287 manibus

2344 3228 2452 3300 πρὸ
2480 3227 2662 3296 ὀλίγου
2696 3225 2895 3289 σκοπὸς
2920 3225 3183 3296 γενομένη
3225 3222 3319 3276 τοῦ
3362 3221 3576 3291 βέλους,
3604 3218 3690 3272 νῦν
3710 3211 3843 3277 ἑαυτὴν

664 3308 961 3380 sagittarii,
1014 3327 1141 3367 cum
1197 3313 1360 3368 aliter
1411 3315 1660 3379 dextera,
1710 3323 1765 3372 et
1812 3318 1969 3374 aliter
2017 3318 2240 3374 sinistra

664 3399 834 3454 telum
859 3403 1258 3472 apprehendat.
1300 3405 1408 3461 Sed
1436 3407 1699 3476 quoniam
1756 3423 1857 3478 per
1904 3408 2124 3479 tropth
2175 3425 2244 3465 ex

664 3495 1017 3564 epithalamio
1069 3505 1347 3569 sumptum
1381 3498 1765 3570 producuntur
1792 3515 1859 3556 ex
1879 3502 2241 3573 consequenti

664 3585 1061 3643 theorematum
1112 3589 1579 3661 signiﬁcationes,
1648 3606 1757 3647 non
1802 3591 1933 3647 fecit
1987 3594 2243 3651 aculeum

662 3677 756 3733 teli
806 3679 1065 3736 sustineri
1111 3696 1142 3735 a
1194 3682 1446 3750 sinistra,
1504 3698 1685 3754 neque
1728 3685 2008 3741 dexteram
2057 3693 2245 3741 tenere

664 3769 892 3824 alteram
924 3783 1160 3841 partem,
1223 3781 1283 3828 ut
1317 3775 1392 3831 sit
1424 3775 1607 3830 anima
1640 3776 1809 3831 telum
1846 3776 1902 3830 in
1949 3792 2114 3832 manu
2145 3792 2246 3848 po—

662 3864 832 3920 tentis
858 3864 1130 3921 directum
1165 3881 1388 3923 sursum
1428 3867 1498 3922 ad
1528 3882 1779 3939 scopum,
1818 3869 1913 3927 sed
1951 3868 2085 3925 fecit
2111 3870 2247 3924 sini-

664 3962 834 4011 stram
860 3956 1083 4026 quidem
1124 3958 1325 4029 subjici
1346 3958 1510 4029 capiti
1542 3974 1643 4030 pro
1674 3962 1864 4017 aculeo
1913 3979 1928 4015 :
1962 3963 2242 4019 dexteram

665 4053 850 4101 autem
888 4055 1074 4103 tenere
1108 4048 1160 4103 id
1186 4050 1333 4119 quod
1366 4058 1538 4105 restat
1570 4068 1584 4104 :
1636 4059 1695 4104 ut
1731 4052 1916 4117 simul,
1941 4062 2001 4106 ut
2025 4055 2242 4123 opinor,

659 4139 878 4209 duplici
936 4140 1231 4209 aenigmate
1276 4141 1700 4211 philosophetur
1741 4145 1922 4197 oratio
1952 4144 2020 4199 de
2060 4146 2244 4200 divina

660 4230 1015 4297 ascensione,
1047 4230 1348 4288 ostendens
1388 4234 1537 4303 quod
1571 4232 1715 4289 idem
1770 4235 1844 4290 sit
1890 4250 2133 4305 sponsus
2189 4245 2246 4292 et

661 4324 1009 4396 sagittarius,
1039 4324 1230 4380 eadem
1256 4333 1450 4382 nostra
1480 4341 1688 4397 sponsa
1711 4335 1765 4382 et
1792 4328 2016 4398 sagitta,
2044 4344 2241 4400 nempe

660 4431 799 4486 pura
838 4423 999 4471 utens
1025 4416 1234 4483 anima,
1266 4426 1322 4473 et
1345 4427 1608 4488 tanquam
1643 4419 1891 4485 iaculum
1940 4419 2007 4474 ad
2038 4419 2243 4475 bonum

2341 3319 2460 3373 ἀντὶ
2492 3317 2678 3387 βέλους
2714 3319 2771 3370 ἐν
2801 3318 2922 3379 ταῖς
2959 3317 3113 3386 χερσὶ
3143 3312 3237 3367 τοῦ
3269 3312 3486 3377 τοξότου
3520 3311 3710 3382 βλέπει,

2341 3413 2441 3483 τῆς
2459 3409 2657 3476 δεξιᾶς,
2689 3410 2783 3462 καὶ
2808 3409 3006 3480 ἑτέρως
3028 3409 3127 3477 τῆς
3150 3405 3430 3476 εὐωνύμου
3452 3394 3842 3483 διαλαμϐανούσης

2340 3503 2401 3555 τὸ
2433 3502 2601 3572 βέλος.
2629 3499 2765 3554 Ἀλλ’
2792 3500 2979 3571 ἐπειδὴ
3006 3498 3095 3552 διὰ
3120 3501 3219 3569 τῆς
3243 3496 3604 3566 ἐπιθαλαμίου
3628 3482 3842 3563 τροπῆςώ

2341 3593 2450 3647 τῶν
2473 3593 2841 3664 θεωρημάτων
2870 3593 3136 3663 ἐμφάσεις
3163 3591 3229 3644 δι’
3251 3587 3544 3643 ἀκολούθου
3568 3584 3839 3656 προάγονται,

2342 3688 2441 3741 οὐκ
2473 3686 2692 3756 ἐποίησε
2713 3685 2810 3756 τὴν
2839 3686 2999 3739 ἀκίδα
3024 3684 3118 3739 τοῦ
3149 3682 3336 3754 βέλους
3379 3680 3482 3734 ὐπὸ
3510 3679 3604 3749 τῆς
3626 3666 3842 3744 apiastri;

2342 3777 2627 3849 ἐχομένην,
2662 3776 2783 3830 οὐδέ
2809 3775 2908 3847 τὴν
2937 3775 3113 3842 δεξιὰν
3136 3775 3196 3828 τὸ
3219 3774 3405 3845 ἕτερον
3427 3766 3838 3855 διαλαμϐάνουσαξς

2342 3871 2417 3935 ὡς
2456 3870 2522 3925 ἂν
2549 3870 2758 3938 γένοιτο
2786 3872 2820 3940 ἡ
2853 3867 3000 3940 ψυχὴ
3054 3866 3203 3938 βέλος
3235 3867 3292 3919 ἐν
3336 3865 3479 3936 χειρὶ
3530 3860 3620 3915 τοῦ
3660 3857 3839 3940 δυνατΰμι

2346 3960 2482 4032 πρὸς
2515 3961 2607 4014 τὸν
2634 3960 2746 4015 ἄνω
2779 3938 3362 4028 ἁοπδνγεύθυνόμενον
3383 3973 3397 3986 ο
3421 3954 3537 4008 ἀλλ’
3567 3948 3755 4016 smine!

2349 4029 2447 4124 μέν
2494 4050 2772 4122 εὐώνυμον
2815 4050 2935 4103 ἀντὶ
2965 4049 3065 4121 τῆς
3114 4047 3295 4110 ἀκίδος
3343 4049 3409 4117 τῇ
3445 4043 3647 4114 κεφαλῇ
3674 4029 3839 4091 6:06:11-

2345 4134 2568 4198 λεσθαιέ
2599 4141 3057 4214 διαλαμϐάνεσθαι
3103 4141 3161 4194 δὲ
3199 4143 3267 4211 τῇ
3298 4138 3449 4209 δεξιᾷ
3483 4138 3544 4190 τὸ
3580 4130 3834 4197 λειπόμενον,

2348 4237 2423 4300 ὡς
2446 4235 2533 4301 ἂν,
2562 4232 2734 4306 οἶμαι,
2766 4233 2909 4288 κατά
2947 4233 3140 4287 ταύτὸν
3167 4233 3225 4285 ἐν
3257 4234 3371 4295 τοῖς
3397 4230 3600 4292 διπλοῖς
3629 4221 3836 4287 αἱηινίῖξιπ*ἰ

2345 4324 2415 4385 τά
2443 4329 2571 4401 περὶ
2597 4330 2698 4399 τῆς
2728 4327 2878 4389 θείας
2908 4325 3223 4388 ἀναϐάσεως
3253 4326 3281 4377 ὁ
3304 4323 3461 4392 λόγος
3488 4316 3833 4401 φιλοσοφήσειεγς

2346 4396 2560 4486 δεικνύς
2609 4396 2690 4474 ὅτι
2736 4421 2765 4472 ὁ
2811 4419 2973 4482 αὐτὸς
3019 4418 3112 4470 καὶ
3148 4415 3381 4487 νυμφίος
3410 4415 3502 4468 καὶ
3528 4411 3720 4476 τοξότης
3739 4396 3836 4453 ἐστὶν

658 4521 894 4577 scopum
949 4504 1196 4577 dirigens
1229 4518 1533 4577 :‘tanquam
1591 4523 1856 4578 sponsam
1894 4523 2114 4564 sursum
2148 4509 2241 4565 de-

2351 4510 2527 4584 ήμῶν,
2562 4509 2749 4583 νύμφῃ
2788 4525 2847 4562 τε
2876 4508 2970 4561 καὶ
3009 4507 3149 4577 βέλει
3197 4508 3263 4578 τῇ
3295 4502 3666 4575 κεκαθαρμένῃ

662 4600 878 4656 ducens
924 4597 994 4654 ad
1044 4598 1521 4671 participationem
1574 4601 1926 4664 aeternitatis,
1980 4602 2037 4655 in
2082 4616 2247 4671 quam

665 4707 775 4745 non
812 4692 959 4747 cadit
1011 4692 1292 4758 interitus,
1344 4692 1469 4747 vita:
1516 4692 1919 4763 longitudinem
1965 4702 2022 4749 et
2070 4708 2248 4749 annos

667 4782 796 4836 vitae
827 4797 927 4852 per
958 4784 1240 4840 dexteram
1270 4784 1567 4854 elargiens,
1600 4798 1699 4853 per
1724 4784 2005 4839 sinistram
2031 4791 2240 4847 autem,

669 4881 1006 4927 aeternorum
1038 4873 1313 4929 bonorum
1341 4872 1567 4930 divitias
1598 4880 1655 4929 et
1684 4871 1779 4928 Dei
1807 4874 2064 4944 gloriam,
2086 4873 2249 4943 cujus

668 4978 780 5019 non
816 4971 1053 5033 possunt
1075 4979 1201 5021 esse
1227 4964 1550 5036 participes,
1585 4964 1681 5035 qui
1720 4973 1976 5034 quaerunt
2016 4966 2245 5035 gloriam

667 5054 886 5111 mundi.
930 5055 1228 5127 Propterea
1276 5056 1412 5113 dicit
1453 5075 1467 5112 :
1502 5055 1740 5112 Sinistra
1781 5059 1898 5126 ejus
1939 5057 2034 5112 sub
2076 5057 2251 5126 capite

668 5163 910 5218 meo,per
926 5164 1091 5219 quam
1106 5148 1354 5219 jaculum
1371 5149 1619 5219 dirigitur
1652 5150 1719 5204 ad
1738 5164 1989 5220 scopum.
2015 5148 2250 5204 Dextera

672 5247 856 5297 autem
881 5242 1003 5312 ejus
1031 5257 1117 5298 me
1142 5242 1565 5313 apprehendens
1604 5250 1660 5297 et
1687 5242 1756 5296 ad
1780 5258 1841 5297 se
1883 5242 2130 5305 trahens,
2162 5239 2246 5297 ef-

673 5326 788 5384 ﬁcit
817 5345 905 5386 me
930 5330 1129 5394 levem,
1187 5337 1246 5384 ut
1275 5346 1496 5386 sursum
1543 5330 1710 5397 ferar,
1764 5342 1826 5385 ut
1869 5332 2000 5387 illuc
2034 5332 2245 5399 mittar,

670 5428 724 5475 et
752 5438 782 5477 a
815 5422 1106 5493 sagittario
1138 5424 1364 5478 minime
1404 5438 1649 5494 separer.
1699 5423 1851 5480 Adeo
1895 5432 1954 5479 ut
1997 5432 2052 5482 et
2082 5424 2249 5480 simul

675 5508 886 5566 feratur
915 5527 1014 5581 per
1053 5513 1472 5583 jaculationem,
1527 5521 1582 5569 et
1614 5514 1670 5569 in
1723 5512 1938 5569 Domini
1990 5517 2245 5573 manibus

674 5603 1055 5674 conquiescat.
1118 5604 1323 5662 Harum
1369 5622 1633 5662 manuum
1691 5608 2057 5678 proprietates
2117 5609 2250 5665 dicit

750 5777 791 5811 "‘
818 5779 836 5836 l
859 5782 1020 5841 Joan.
1057 5800 1130 5853 tv,
1161 5785 1214 5839 8.
1293 5786 1336 5818 “
1359 5785 1512 5842 Joan.
1546 5803 1656 5853 xw,
1688 5788 1775 5843 23.

2355 4581 2518 4674 μένος
2569 4581 2735 4671 ψυχῇᾴ
2785 4601 2860 4662 ὡς
2923 4598 3073 4669 βέλος
3118 4596 3255 4668 πρὸς
3286 4595 3374 4648 τὸν
3427 4593 3622 4663 ἀγαθὸν
3668 4581 3833 4674 εὐθύνων

2354 4670 2552 4745 σκοπόν
2575 4670 2593 4722 ’ν
2639 4670 2716 4753 ὡς
2763 4691 2981 4759 νύμφην
3034 4686 3170 4756 πρὸς
3201 4684 3489 4754 μετουσίαν
3530 4670 3833 4764 “nulla”?

2350 4788 2449 4855 τῆς
2478 4782 2755 4854 ἀφθάρτου
2795 4781 3114 4851 ἀῖδιότητος.
3153 4779 3326 4850 μῆκος
3372 4776 3485 4847 βίου
3516 4776 3604 4828 καὶ
3632 4771 3708 4836 ἐτη
3741 4763 3832 4855 ζωξὲ

2352 4846 2441 4932 διά
2464 4846 2563 4946 τῆυς
2593 4846 2771 4939 δεξιᾶς
2798 4846 3190 4945 χαριζόμενος-ο
3215 4846 3327 4923 ⁷διὰ
3379 4869 3435 4922 δὲ
3480 4867 3580 4937 τῆς
3625 4846 3833 4946 aptat???

2351 4970 2443 5023 τὸν
2465 4969 2575 5021 τῶν
2602 4966 2835 5022 αἰωνίων
2866 4963 3088 5033 ἀγαθῶν
3114 4961 3342 5016 πλοῦτον
3370 5001 3385 5023 ,
3412 4962 3504 5013 καὶ
3528 4959 3621 5029 τὴν
3650 4948 3724 5004 τοῦ
3745 4942 3829 5033 θεξυ

2349 5058 2528 5124 δόξαν,
2574 5053 2642 5128 ἧς
2675 5056 2724 5108 οί
2769 5055 2868 5126 τὴν
2909 5025 3002 5107 τοῦ
3034 5052 3241 5122 κόσμου
3267 5049 3553 5121 ζητοῦντες
3581 5025 3723 5106 ⁷ὃὸέὶοιν
3745 5025 3832 5124 ἀμέζ

2349 5167 2494 5221 τοχοι
2530 5149 2789 5218 γίνονται.
2832 5145 2931 5199 Διά
2962 5144 3118 5198 τοῦτό
3160 5160 3344 5214 φησιν,
3378 5142 3681 5208 Εὐώνυμος
3707 5128 3830 5221 ῥεῖ’τίξυ

2350 5208 2468 5297 ὑπό
2496 5208 2610 5309 thr
2636 5238 2912 5306 κεφαλήν
2942 5253 3083 5305 μου,
3120 5208 3186 5287 δέ
3224 5208 3293 5304 ἧς
3338 5232 3610 5286 εὐθύνεται
3651 5220 3756 5293 πρὸς
3774 5208 3830 5261 τὸν

2354 5333 2555 5389 σκοπὸν
2602 5331 2665 5385 τὸ
2711 5330 2891 5402 βέλος·
2929 5325 3077 5392 δεξιὰ
3123 5327 3180 5379 δέ
3227 5325 3390 5380 αὐτοῦ
3434 5325 3568 5397 πρδς
3610 5312 3827 5402 tacti;va

2350 5421 2680 5479 διαλαϐοῦσα
2704 5393 2801 5477 καὶ
2829 5419 3264 5491 ἐφελκυσαμένη,
3297 5393 3502 5488 κούφην
3545 5432 3607 5487 με
3645 5405 3751 5478 πρὸς

2352 5519 2465 5581 ἄνω
2494 5514 2667 5587 φορὰν
2695 5512 3084 5585 ἀπεργάζεται,
3123 5511 3283 5566 κάκεῖ
3304 5507 3661 5581 πεμπομένην,
3689 5492 3825 5587 καὶ

2352 5574 2579 5676 τοξότου.
2610 5607 2685 5678 μὴ
2718 5574 3091 5678 χωριζομένην
3112 5622 3125 5637 ο
3178 5604 3255 5668 ὡς
3286 5574 3423 5675 ὁμοῦ
3463 5574 3519 5655 τε
3548 5589 3757 5671 φέρεσθαι
3775 5574 3827 5633 διά
