  <div class='ocr_page' id='page_1' title='image "/cluster/home/n/w/nwhite01/storage/ocr_20150623/44:no.1/coo.31924054869445/434.png"; bbox 0 0 3874 6368; ppageno 0'>
   <div class='ocr_carea' id='block_1_1' title="bbox 226 326 425 393">
    <p class='ocr_par' dir='ltr' id='par_1_1' title="bbox 226 326 425 393">
     <span class='ocr_line' id='line_1_1' title="bbox 226 326 425 393; baseline -0.015 0"><span class='ocrx_word' id='word_1_1' title='bbox 226 326 425 393; x_wconf 66' lang='grc' dir='ltr'><strong>εὗδ’</strong></span> 
     </span>
    </p>
   </div>
   <div class='ocr_carea' id='block_1_2' title="bbox 1222 324 2393 388">
    <p class='ocr_par' dir='ltr' id='par_1_2' title="bbox 1222 324 2393 388">
     <span class='ocr_line' id='line_1_2' title="bbox 1222 324 2393 388; baseline -0.001 -5"><span class='ocrx_word' id='word_1_2' title='bbox 1222 328 1290 384; x_wconf 84' lang='grc' dir='ltr'><strong>ΙΝ</strong></span> <span class='ocrx_word' id='word_1_3' title='bbox 1336 327 1643 388; x_wconf 80' lang='lat' dir='ltr'><strong>CANTICA</strong></span> <span class='ocrx_word' id='word_1_4' title='bbox 1664 325 1940 384; x_wconf 77' lang='lat' dir='ltr'><strong>CANTIG.</strong></span> <span class='ocrx_word' id='word_1_5' title='bbox 1980 324 2268 386; x_wconf 79' lang='lat' dir='ltr'><strong>HOMILIA</strong></span> <span class='ocrx_word' id='word_1_6' title='bbox 2304 326 2393 383; x_wconf 74' lang='grc' dir='ltr'><strong>Ν.</strong></span> 
     </span>
    </p>
   </div>
   <div class='ocr_carea' id='block_1_3' title="bbox 3424 330 3531 385">
    <p class='ocr_par' dir='ltr' id='par_1_3' title="bbox 3424 330 3531 385">
     <span class='ocr_line' id='line_1_3' title="bbox 3424 330 3531 385; baseline 0 0"><span class='ocrx_word' id='word_1_7' title='bbox 3424 330 3531 385; x_wconf 66' lang='lat'><strong>855</strong></span> 
     </span>
    </p>
   </div>
   <div class='ocr_carea' id='block_1_4' title="bbox 226 447 1860 526">
    <p class='ocr_par' dir='ltr' id='par_1_4' title="bbox 226 447 1833 526">
     <span class='ocr_line' id='line_1_4' title="bbox 226 447 1833 526; baseline -0.003 -17"><span class='ocrx_word' id='word_1_8' title='bbox 226 458 337 526; x_wconf 71' lang='grc' dir='ltr'><strong>τῆς</strong></span> <span class='ocrx_word' id='word_1_9' title='bbox 391 452 573 526; x_wconf 82' lang='grc' dir='ltr'><strong>βολῆς,</strong></span> <span class='ocrx_word' id='word_1_10' title='bbox 621 451 717 506; x_wconf 68' lang='grc' dir='ltr'><strong>καὶ</strong></span> <span class='ocrx_word' id='word_1_11' title='bbox 764 450 886 515; x_wconf 80' lang='grc' dir='ltr'><strong>ταῖς</strong></span> <span class='ocrx_word' id='word_1_12' title='bbox 936 449 1099 522; x_wconf 79' lang='grc' dir='ltr'><strong>χερσὶ</strong></span> <span class='ocrx_word' id='word_1_13' title='bbox 1152 447 1249 503; x_wconf 73' lang='grc' dir='ltr'><strong>τοῦ</strong></span> <span class='ocrx_word' id='word_1_14' title='bbox 1293 449 1567 504; x_wconf 86' lang='grc' dir='ltr'><strong>Δεσπότου</strong></span> <span class='ocrx_word' id='word_1_15' title='bbox 1600 467 1833 504; x_wconf 88' lang='grc' dir='ltr'><strong>συνανα-</strong></span> 
     </span>
    </p>
   </div>
   <div class='ocr_carea' id='block_1_5' title="bbox 1967 447 3531 526">
    <p class='ocr_par' dir='ltr' id='par_1_5' title="bbox 1967 447 3531 522">
     <span class='ocr_line' id='line_1_5' title="bbox 1967 447 3531 522; baseline -0.002 -16"><span class='ocrx_word' id='word_1_16' title='bbox 1967 451 2327 515; x_wconf 78' lang='lat' dir='ltr'><strong>’roverbium,</strong></span> <span class='ocrx_word' id='word_1_17' title='bbox 2381 463 2579 522; x_wconf 85' lang='lat' dir='ltr'><strong>nempe</strong></span> <span class='ocrx_word' id='word_1_18' title='bbox 2610 448 2760 521; x_wconf 89' lang='lat' dir='ltr'><strong>quod</strong></span> <span class='ocrx_word' id='word_1_19' title='bbox 2796 447 3090 520; x_wconf 75' lang='lat' dir='ltr'><strong>longitudo</strong></span> <span class='ocrx_word' id='word_1_20' title='bbox 3141 451 3267 502; x_wconf 77' lang='lat' dir='ltr'><strong>vitae</strong></span> <span class='ocrx_word' id='word_1_21' title='bbox 3311 456 3366 502; x_wconf 88' lang='lat' dir='ltr'><strong>ct</strong></span> <span class='ocrx_word' id='word_1_22' title='bbox 3402 450 3531 503; x_wconf 87' lang='lat' dir='ltr'><strong>anni</strong></span> 
     </span>
    </p>
   </div>
   <div class='ocr_carea' id='block_1_6' title="bbox 227 528 1860 614">
    <p class='ocr_par' dir='ltr' id='par_1_6' title="bbox 227 540 1835 614">
     <span class='ocr_line' id='line_1_6' title="bbox 227 540 1835 614; baseline -0.004 -12"><span class='ocrx_word' id='word_1_23' title='bbox 227 546 533 602; x_wconf 86' lang='grc' dir='ltr'><strong>παύεσθαι.</strong></span> <span class='ocrx_word' id='word_1_24' title='bbox 561 545 644 599; x_wconf 85' lang='grc' dir='ltr'><strong>Τὰ</strong></span> <span class='ocrx_word' id='word_1_25' title='bbox 670 543 730 599; x_wconf 87' lang='grc' dir='ltr'><strong>δὲ</strong></span> <span class='ocrx_word' id='word_1_26' title='bbox 762 542 870 598; x_wconf 82' lang='grc' dir='ltr'><strong>τῶν</strong></span> <span class='ocrx_word' id='word_1_27' title='bbox 897 540 1103 614; x_wconf 84' lang='grc' dir='ltr'><strong>χειρῶν</strong></span> <span class='ocrx_word' id='word_1_28' title='bbox 1133 540 1339 596; x_wconf 85' lang='grc' dir='ltr'><strong>τούτων</strong></span> <span class='ocrx_word' id='word_1_29' title='bbox 1374 541 1642 613; x_wconf 84' lang='grc' dir='ltr'><strong>ίδιώματά</strong></span> <span class='ocrx_word' id='word_1_30' title='bbox 1670 558 1835 614; x_wconf 82' lang='grc' dir='ltr'><strong>φησιν</strong></span> 
     </span>
    </p>
   </div>
   <div class='ocr_carea' id='block_1_7' title="bbox 1967 528 3532 614">
    <p class='ocr_par' dir='ltr' id='par_1_7' title="bbox 1967 528 3532 614">
     <span class='ocr_line' id='line_1_7' title="bbox 1967 528 3532 614; baseline -0.002 -17"><span class='ocrx_word' id='word_1_31' title='bbox 1967 543 2067 599; x_wconf 61' lang='lat' dir='ltr'><strong>vitae</strong></span> <span class='ocrx_word' id='word_1_32' title='bbox 2101 550 2234 600; x_wconf 89' lang='lat' dir='ltr'><strong>sunt</strong></span> <span class='ocrx_word' id='word_1_33' title='bbox 2255 542 2486 599; x_wconf 80' lang='lat' dir='ltr'><strong>dextera</strong></span> <span class='ocrx_word' id='word_1_34' title='bbox 2506 542 2791 614; x_wconf 72' lang='lat' dir='ltr'><strong>sapientiae</strong></span> <span class='ocrx_word' id='word_1_35' title='bbox 2821 559 2835 595; x_wconf 88' lang='lat'>:</span> <span class='ocrx_word' id='word_1_36' title='bbox 2870 542 2927 597; x_wconf 90' lang='lat' dir='ltr'><strong>in</strong></span> <span class='ocrx_word' id='word_1_37' title='bbox 2946 540 3070 612; x_wconf 85' lang='lat' dir='ltr'><strong>eius</strong></span> <span class='ocrx_word' id='word_1_38' title='bbox 3093 528 3281 596; x_wconf 84' lang='lat' dir='ltr'><strong>autem</strong></span> <span class='ocrx_word' id='word_1_39' title='bbox 3301 539 3532 596; x_wconf 86' lang='lat' dir='ltr'><strong>sinistra</strong></span> 
     </span>
    </p>
   </div>
   <div class='ocr_carea' id='block_1_8' title="bbox 232 631 1833 709">
    <p class='ocr_par' dir='ltr' id='par_1_8' title="bbox 232 631 1833 709">
     <span class='ocr_line' id='line_1_8' title="bbox 232 631 1833 709; baseline -0.002 -19"><span class='ocrx_word' id='word_1_40' title='bbox 232 638 271 709; x_wconf 83' lang='grc' dir='ltr'>ἠ</span> <span class='ocrx_word' id='word_1_41' title='bbox 317 637 618 709; x_wconf 81' lang='grc' dir='ltr'><strong>Παροιμια,</strong></span> <span class='ocrx_word' id='word_1_42' title='bbox 657 635 743 690; x_wconf 85' lang='grc' dir='ltr'><strong>ὃτι</strong></span> <span class='ocrx_word' id='word_1_43' title='bbox 794 633 971 706; x_wconf 81' lang='grc' dir='ltr'><strong>μῆκος</strong></span> <span class='ocrx_word' id='word_1_44' title='bbox 1019 631 1157 704; x_wconf 85' lang='grc' dir='ltr'><strong>βίου,</strong></span> <span class='ocrx_word' id='word_1_45' title='bbox 1194 632 1290 687; x_wconf 75' lang='grc' dir='ltr'><strong>καὶ</strong></span> <span class='ocrx_word' id='word_1_46' title='bbox 1328 631 1426 705; x_wconf 76' lang='grc' dir='ltr'><strong>ἐτη</strong></span> <span class='ocrx_word' id='word_1_47' title='bbox 1461 632 1607 705; x_wconf 81' lang='grc' dir='ltr'><strong>ζωῆς</strong></span> <span class='ocrx_word' id='word_1_48' title='bbox 1656 635 1716 687; x_wconf 82' lang='grc' dir='ltr'><strong>ὲν</strong></span> <span class='ocrx_word' id='word_1_49' title='bbox 1769 636 1833 706; x_wconf 81' lang='grc' dir='ltr'><strong>τῇ</strong></span> 
     </span>
    </p>
   </div>
   <div class='ocr_carea' id='block_1_9' title="bbox 233 723 1839 868">
    <p class='ocr_par' dir='ltr' id='par_1_9' title="bbox 233 723 1839 868">
     <span class='ocr_line' id='line_1_9' title="bbox 233 723 1839 868; baseline -0.002 -87"><span class='ocrx_word' id='word_1_50' title='bbox 233 726 519 868; x_wconf 52' lang='grc' dir='ltr'><strong>δεξιιέόσέἦς</strong></span> <span class='ocrx_word' id='word_1_51' title='bbox 549 724 743 797; x_wconf 75' lang='grc' dir='ltr'><strong>σοφίας</strong></span> <span class='ocrx_word' id='word_1_52' title='bbox 764 742 779 758; x_wconf 76' lang='grc'><strong><em>⁸</em></strong></span> <span class='ocrx_word' id='word_1_53' title='bbox 812 727 871 781; x_wconf 82' lang='grc' dir='ltr'><strong>ὲν</strong></span> <span class='ocrx_word' id='word_1_54' title='bbox 918 725 976 780; x_wconf 83' lang='grc' dir='ltr'><strong>δὲ</strong></span> <span class='ocrx_word' id='word_1_55' title='bbox 995 726 1062 797; x_wconf 79' lang='grc' dir='ltr'><strong>τῇ</strong></span> <span class='ocrx_word' id='word_1_56' title='bbox 1092 725 1361 797; x_wconf 78' lang='grc' dir='ltr'><strong>ἀριστερᾷ</strong></span> <span class='ocrx_word' id='word_1_57' title='bbox 1384 723 1580 796; x_wconf 82' lang='grc' dir='ltr'><strong>αὐτῆς,</strong></span> <span class='ocrx_word' id='word_1_58' title='bbox 1608 723 1839 799; x_wconf 75' lang='grc' dir='ltr'><strong>πλοῦτος</strong></span> 
     </span>
     <span class='ocr_line' id='line_1_10' title="bbox 236 831 519 868; baseline 0 0"><span class='ocrx_word' id='word_1_59' title='bbox 236 832 317 868; x_wconf 85' lang='grc' dir='ltr'><strong>κα</strong></span> <span class='ocrx_word' id='word_1_60' title='bbox 430 831 519 868; x_wconf 55' lang='grc' dir='ltr'><strong>εα.</strong></span> 
     </span>
    </p>
   </div>
   <div class='ocr_carea' id='block_1_10' title="bbox 236 817 519 881">
    <p class='ocr_par' dir='ltr' id='par_1_10' title="bbox 236 817 519 881">
     <span class='ocr_line' id='line_1_11' title="bbox 236 817 519 881; baseline 0 -13"><span class='ocrx_word' id='word_1_61' title='bbox 236 817 340 869; x_wconf 82' lang='grc' dir='ltr'><strong>καὶ</strong></span> <span class='ocrx_word' id='word_1_62' title='bbox 368 817 519 881; x_wconf 81' lang='grc' dir='ltr'><strong>δόξα.</strong></span> 
     </span>
    </p>
   </div>
   <div class='ocr_carea' id='block_1_11' title="bbox 315 900 1840 978">
    <p class='ocr_par' dir='ltr' id='par_1_11' title="bbox 315 900 1840 978">
     <span class='ocr_line' id='line_1_12' title="bbox 315 900 1840 978; baseline -0.002 -19"><span class='ocrx_word' id='word_1_63' title='bbox 315 901 451 961; x_wconf 78' lang='grc' dir='ltr'><strong>Εἶτα</strong></span> <span class='ocrx_word' id='word_1_64' title='bbox 485 905 625 978; x_wconf 79' lang='grc' dir='ltr'><strong>πρὸς</strong></span> <span class='ocrx_word' id='word_1_65' title='bbox 670 903 771 970; x_wconf 81' lang='grc' dir='ltr'><strong>τὰς</strong></span> <span class='ocrx_word' id='word_1_66' title='bbox 817 902 1128 975; x_wconf 78' lang='grc' dir='ltr'><strong>θυγατέρας</strong></span> <span class='ocrx_word' id='word_1_67' title='bbox 1164 901 1265 973; x_wconf 82' lang='grc' dir='ltr'><strong>τῆς</strong></span> <span class='ocrx_word' id='word_1_68' title='bbox 1310 901 1423 958; x_wconf 78' lang='grc' dir='ltr'><strong>ἄνω</strong></span> <span class='ocrx_word' id='word_1_69' title='bbox 1483 900 1840 975; x_wconf 84' lang='grc' dir='ltr'><strong>Ἰερουσαλὴμ</strong></span> 
     </span>
    </p>
   </div>
   <div class='ocr_carea' id='block_1_12' title="bbox 235 993 1840 1072">
    <p class='ocr_par' dir='ltr' id='par_1_12' title="bbox 235 993 1840 1072">
     <span class='ocr_line' id='line_1_13' title="bbox 235 993 1840 1072; baseline -0.002 -19"><span class='ocrx_word' id='word_1_70' title='bbox 235 1000 439 1072; x_wconf 82' lang='grc' dir='ltr'><strong>τρέπει</strong></span> <span class='ocrx_word' id='word_1_71' title='bbox 471 997 564 1052; x_wconf 79' lang='grc' dir='ltr'><strong>τὸν</strong></span> <span class='ocrx_word' id='word_1_72' title='bbox 589 998 768 1067; x_wconf 88' lang='grc' dir='ltr'><strong>λόγον.</strong></span> <span class='ocrx_word' id='word_1_73' title='bbox 814 997 873 1052; x_wconf 87' lang='lat'><strong>&#39;0</strong></span> <span class='ocrx_word' id='word_1_74' title='bbox 916 996 975 1050; x_wconf 83' lang='grc' dir='ltr'><strong>δὲ</strong></span> <span class='ocrx_word' id='word_1_75' title='bbox 1003 995 1162 1070; x_wconf 78' lang='grc' dir='ltr'><strong>λόγος</strong></span> <span class='ocrx_word' id='word_1_76' title='bbox 1210 993 1558 1067; x_wconf 85' lang='grc' dir='ltr'><strong>παράκλησίς</strong></span> <span class='ocrx_word' id='word_1_77' title='bbox 1601 995 1749 1048; x_wconf 71' lang='grc' dir='ltr'><strong>ἐστιν</strong></span> <span class='ocrx_word' id='word_1_78' title='bbox 1781 995 1840 1049; x_wconf 77' lang='grc' dir='ltr'><strong>ὲν</strong></span> 
     </span>
    </p>
   </div>
   <div class='ocr_carea' id='block_1_13' title="bbox 236 1084 1841 1163">
    <p class='ocr_par' dir='ltr' id='par_1_13' title="bbox 236 1084 1841 1163">
     <span class='ocr_line' id='line_1_14' title="bbox 236 1084 1841 1163; baseline -0.002 -18"><span class='ocrx_word' id='word_1_79' title='bbox 236 1092 394 1163; x_wconf 76' lang='grc' dir='ltr'><strong>ὅρκῳ</strong></span> <span class='ocrx_word' id='word_1_80' title='bbox 455 1088 866 1162; x_wconf 81' lang='grc' dir='ltr'><strong>προσαγομένη,</strong></span> <span class='ocrx_word' id='word_1_81' title='bbox 920 1087 1017 1142; x_wconf 80' lang='grc' dir='ltr'><strong>τοῦ</strong></span> <span class='ocrx_word' id='word_1_82' title='bbox 1070 1088 1390 1153; x_wconf 80' lang='grc' dir='ltr'><strong>πλεονάζειν</strong></span> <span class='ocrx_word' id='word_1_83' title='bbox 1438 1087 1536 1140; x_wconf 76' lang='grc' dir='ltr'><strong>καὶ</strong></span> <span class='ocrx_word' id='word_1_84' title='bbox 1582 1084 1841 1155; x_wconf 81' lang='grc' dir='ltr'><strong>ὲπαύξειν</strong></span> 
     </span>
    </p>
   </div>
   <div class='ocr_carea' id='block_1_14' title="bbox 242 1176 1843 1252">
    <p class='ocr_par' dir='ltr' id='par_1_14' title="bbox 242 1176 1843 1252">
     <span class='ocr_line' id='line_1_15' title="bbox 242 1176 1843 1252; baseline -0.002 -17"><span class='ocrx_word' id='word_1_85' title='bbox 242 1182 341 1235; x_wconf 76' lang='grc' dir='ltr'><strong>ἀεὶ</strong></span> <span class='ocrx_word' id='word_1_86' title='bbox 372 1179 471 1252; x_wconf 82' lang='grc' dir='ltr'><strong>τὴν</strong></span> <span class='ocrx_word' id='word_1_87' title='bbox 516 1179 762 1251; x_wconf 82' lang='grc' dir='ltr'><strong>ἀγάπην,</strong></span> <span class='ocrx_word' id='word_1_88' title='bbox 812 1179 920 1243; x_wconf 74' lang='grc' dir='ltr'><strong>ἓως</strong></span> <span class='ocrx_word' id='word_1_89' title='bbox 967 1178 1035 1234; x_wconf 84' lang='grc' dir='ltr'>ἂν</span> <span class='ocrx_word' id='word_1_90' title='bbox 1061 1178 1283 1251; x_wconf 71' lang='grc' dir='ltr'><strong>ἐνεργὸν</strong></span> <span class='ocrx_word' id='word_1_91' title='bbox 1312 1176 1509 1231; x_wconf 77' lang='grc' dir='ltr'><strong>ἑαυτοῦ</strong></span> <span class='ocrx_word' id='word_1_92' title='bbox 1546 1177 1747 1249; x_wconf 83' lang='grc' dir='ltr'><strong>ποιήσῃ</strong></span> <span class='ocrx_word' id='word_1_93' title='bbox 1779 1177 1843 1231; x_wconf 84' lang='grc' dir='ltr'><strong>τὸ</strong></span> 
     </span>
    </p>
   </div>
   <div class='ocr_carea' id='block_1_15' title="bbox 244 1266 1843 1343">
    <p class='ocr_par' dir='ltr' id='par_1_15' title="bbox 244 1266 1843 1343">
     <span class='ocr_line' id='line_1_16' title="bbox 244 1266 1843 1343; baseline -0.001 -18"><span class='ocrx_word' id='word_1_94' title='bbox 244 1272 483 1343; x_wconf 78' lang='grc' dir='ltr'><strong>θέλημα,</strong></span> <span class='ocrx_word' id='word_1_95' title='bbox 510 1271 540 1324; x_wconf 84' lang='grc' dir='ltr'><strong>ό</strong></span> <span class='ocrx_word' id='word_1_96' title='bbox 571 1270 743 1325; x_wconf 85' lang='grc' dir='ltr'><strong>θέλων</strong></span> <span class='ocrx_word' id='word_1_97' title='bbox 772 1269 980 1334; x_wconf 83' lang='grc' dir='ltr'><strong>πάντας</strong></span> <span class='ocrx_word' id='word_1_98' title='bbox 1014 1268 1278 1340; x_wconf 80' lang='grc' dir='ltr'><strong>σωθῆναι,</strong></span> <span class='ocrx_word' id='word_1_99' title='bbox 1310 1268 1405 1322; x_wconf 80' lang='grc' dir='ltr'><strong>καὶ</strong></span> <span class='ocrx_word' id='word_1_100' title='bbox 1433 1269 1516 1332; x_wconf 82' lang='grc' dir='ltr'><strong>εἰς</strong></span> <span class='ocrx_word' id='word_1_101' title='bbox 1547 1266 1843 1337; x_wconf 75' lang='grc' dir='ltr'><strong>ἐπίγνωσιν</strong></span> 
     </span>
    </p>
   </div>
   <div class='ocr_carea' id='block_1_16' title="bbox 243 1355 1842 1436">
    <p class='ocr_par' dir='ltr' id='par_1_16' title="bbox 243 1355 1842 1436">
     <span class='ocr_line' id='line_1_17' title="bbox 243 1355 1842 1436; baseline -0.004 -16"><span class='ocrx_word' id='word_1_102' title='bbox 243 1365 505 1436; x_wconf 77' lang='grc' dir='ltr'><strong>ἀληθείας</strong></span> <span class='ocrx_word' id='word_1_103' title='bbox 544 1364 743 1421; x_wconf 76' lang='grc' dir='ltr'><strong>ἐλθεῖν.</strong></span> <span class='ocrx_word' id='word_1_104' title='bbox 789 1364 848 1419; x_wconf 87' lang='grc' dir='ltr'>Ὀ</span> <span class='ocrx_word' id='word_1_105' title='bbox 875 1364 934 1419; x_wconf 84' lang='grc' dir='ltr'><strong>δὲ</strong></span> <span class='ocrx_word' id='word_1_106' title='bbox 961 1363 1119 1433; x_wconf 81' lang='grc' dir='ltr'><strong>λόγος</strong></span> <span class='ocrx_word' id='word_1_107' title='bbox 1147 1355 1305 1427; x_wconf 72' lang='grc' dir='ltr'><strong>οὗτός</strong></span> <span class='ocrx_word' id='word_1_108' title='bbox 1336 1363 1485 1416; x_wconf 75' lang='grc' dir='ltr'><strong>ἐστιν</strong></span> <span class='ocrx_word' id='word_1_109' title='bbox 1516 1360 1577 1414; x_wconf 82' lang='grc' dir='ltr'><strong>ὃν</strong></span> <span class='ocrx_word' id='word_1_110' title='bbox 1609 1359 1842 1430; x_wconf 79' lang='grc' dir='ltr'><strong>πεποίη-</strong></span> 
     </span>
    </p>
   </div>
   <div class='ocr_carea' id='block_1_17' title="bbox 242 1452 1846 1528">
    <p class='ocr_par' dir='ltr' id='par_1_17' title="bbox 242 1452 1846 1528">
     <span class='ocr_line' id='line_1_18' title="bbox 242 1452 1846 1528; baseline -0.003 -17"><span class='ocrx_word' id='word_1_111' title='bbox 242 1474 376 1512; x_wconf 85' lang='grc' dir='ltr'><strong>ται·</strong></span> <span class='ocrx_word' id='word_1_112' title='bbox 428 1459 682 1527; x_wconf 79' lang='grc' dir='ltr'><strong>Ὠρκισα</strong></span> <span class='ocrx_word' id='word_1_113' title='bbox 716 1456 874 1528; x_wconf 82' lang='grc' dir='ltr'><strong>ὑμᾶς</strong></span> <span class='ocrx_word' id='word_1_114' title='bbox 894 1497 911 1524; x_wconf 95' lang='grc'><strong>,</strong></span> <span class='ocrx_word' id='word_1_115' title='bbox 937 1457 1258 1527; x_wconf 78' lang='grc' dir='ltr'><strong>θυγατέρες</strong></span> <span class='ocrx_word' id='word_1_116' title='bbox 1319 1452 1744 1523; x_wconf 78' lang='grc' dir='ltr'><strong>Ἰερουσαλὴμ,</strong></span> <span class='ocrx_word' id='word_1_117' title='bbox 1773 1452 1846 1506; x_wconf 76' lang='grc' dir='ltr'><strong>ἐν</strong></span> 
     </span>
    </p>
   </div>
   <div class='ocr_carea' id='block_1_18' title="bbox 244 1544 1843 1620">
    <p class='ocr_par' dir='ltr' id='par_1_18' title="bbox 244 1544 1843 1620">
     <span class='ocr_line' id='line_1_19' title="bbox 244 1544 1843 1620; baseline -0.003 -16"><span class='ocrx_word' id='word_1_118' title='bbox 244 1550 381 1616; x_wconf 81' lang='grc' dir='ltr'><strong>ταῖς</strong></span> <span class='ocrx_word' id='word_1_119' title='bbox 418 1549 714 1620; x_wconf 81' lang='grc' dir='ltr'><strong>δυνάμεσι</strong></span> <span class='ocrx_word' id='word_1_120' title='bbox 744 1549 845 1603; x_wconf 77' lang='grc' dir='ltr'><strong>καὶ</strong></span> <span class='ocrx_word' id='word_1_121' title='bbox 891 1549 962 1611; x_wconf 65' lang='grc' dir='ltr'><strong>ἐκ</strong></span> <span class='ocrx_word' id='word_1_122' title='bbox 993 1548 1123 1615; x_wconf 80' lang='grc' dir='ltr'><strong>ταῖς</strong></span> <span class='ocrx_word' id='word_1_123' title='bbox 1166 1548 1457 1618; x_wconf 70' lang='grc' dir='ltr'><strong>ἰσχύσεσι</strong></span> <span class='ocrx_word' id='word_1_124' title='bbox 1493 1545 1602 1600; x_wconf 84' lang='grc' dir='ltr'><strong>τοῦ</strong></span> <span class='ocrx_word' id='word_1_125' title='bbox 1634 1544 1843 1615; x_wconf 81' lang='grc' dir='ltr'><strong>ἀγροῦ,</strong></span> 
     </span>
    </p>
   </div>
   <div class='ocr_carea' id='block_1_19' title="bbox 242 1630 1844 1711">
    <p class='ocr_par' dir='ltr' id='par_1_19' title="bbox 242 1630 1844 1711">
     <span class='ocr_line' id='line_1_20' title="bbox 242 1630 1844 1711; baseline -0.001 -16"><span class='ocrx_word' id='word_1_126' title='bbox 242 1641 359 1695; x_wconf 82' lang='grc' dir='ltr'><strong>ἐὰν</strong></span> <span class='ocrx_word' id='word_1_127' title='bbox 381 1642 646 1711; x_wconf 61' lang='lat' dir='ltr'><strong>ere/pnes</strong></span> <span class='ocrx_word' id='word_1_128' title='bbox 671 1640 769 1695; x_wconf 79' lang='grc' dir='ltr'><strong>καὶ</strong></span> <span class='ocrx_word' id='word_1_129' title='bbox 800 1640 1136 1711; x_wconf 77' lang='grc' dir='ltr'><strong>ὲξεγείρητε</strong></span> <span class='ocrx_word' id='word_1_130' title='bbox 1168 1638 1284 1708; x_wconf 84' lang='grc' dir='ltr'><strong>τὴν</strong></span> <span class='ocrx_word' id='word_1_131' title='bbox 1328 1638 1590 1710; x_wconf 77' lang='grc' dir='ltr'><strong>ἀγάπην,</strong></span> <span class='ocrx_word' id='word_1_132' title='bbox 1619 1639 1732 1704; x_wconf 75' lang='grc' dir='ltr'><strong>ἕως</strong></span> <span class='ocrx_word' id='word_1_133' title='bbox 1770 1630 1844 1693; x_wconf 83' lang='grc' dir='ltr'><strong>οὗ</strong></span> 
     </span>
    </p>
   </div>
   <div class='ocr_carea' id='block_1_20' title="bbox 249 1728 1847 1802">
    <p class='ocr_par' dir='ltr' id='par_1_20' title="bbox 249 1728 1847 1802">
     <span class='ocr_line' id='line_1_21' title="bbox 249 1728 1847 1802; baseline -0.003 -15"><span class='ocrx_word' id='word_1_134' title='bbox 249 1731 513 1801; x_wconf 69' lang='grc' dir='ltr'><strong>θελήσῃ.</strong></span> <span class='ocrx_word' id='word_1_135' title='bbox 553 1731 758 1802; x_wconf 82' lang='grc' dir='ltr'><strong>Ὅρκος</strong></span> <span class='ocrx_word' id='word_1_136' title='bbox 803 1732 922 1785; x_wconf 72' lang='grc' dir='ltr'><strong>ἐστὶ</strong></span> <span class='ocrx_word' id='word_1_137' title='bbox 952 1731 1109 1801; x_wconf 80' lang='grc' dir='ltr'><strong>λόγος</strong></span> <span class='ocrx_word' id='word_1_138' title='bbox 1156 1730 1519 1802; x_wconf 80' lang='grc' dir='ltr'><strong>πιστούμενος</strong></span> <span class='ocrx_word' id='word_1_139' title='bbox 1553 1730 1620 1785; x_wconf 86' lang='grc' dir='ltr'><strong>δι’</strong></span> <span class='ocrx_word' id='word_1_140' title='bbox 1651 1728 1847 1783; x_wconf 82' lang='grc' dir='ltr'><strong>ἑαυτοῦ</strong></span> 
     </span>
    </p>
   </div>
   <div class='ocr_carea' id='block_1_21' title="bbox 245 1818 1924 1895">
    <p class='ocr_par' dir='ltr' id='par_1_21' title="bbox 245 1818 1924 1895">
     <span class='ocr_line' id='line_1_22' title="bbox 245 1818 1924 1895; baseline -0.002 -17"><span class='ocrx_word' id='word_1_141' title='bbox 245 1824 351 1895; x_wconf 78' lang='grc' dir='ltr'><strong>τὴν</strong></span> <span class='ocrx_word' id='word_1_142' title='bbox 401 1823 660 1895; x_wconf 79' lang='grc' dir='ltr'><strong>ἀλήθειαν</strong></span> <span class='ocrx_word' id='word_1_143' title='bbox 684 1840 698 1855; x_wconf 75' lang='grc' dir='ltr'><strong>ο</strong></span> <span class='ocrx_word' id='word_1_144' title='bbox 752 1822 914 1893; x_wconf 84' lang='grc' dir='ltr'><strong>διπλῆ</strong></span> <span class='ocrx_word' id='word_1_145' title='bbox 939 1822 997 1877; x_wconf 83' lang='grc' dir='ltr'><strong>δὲ</strong></span> <span class='ocrx_word' id='word_1_146' title='bbox 1025 1825 1059 1894; x_wconf 82' lang='grc' dir='ltr'><strong>ἡ</strong></span> <span class='ocrx_word' id='word_1_147' title='bbox 1088 1821 1232 1877; x_wconf 83' lang='grc' dir='ltr'><strong>κατά</strong></span> <span class='ocrx_word' id='word_1_148' title='bbox 1256 1821 1348 1875; x_wconf 88' lang='grc' dir='ltr'><strong>τὸν</strong></span> <span class='ocrx_word' id='word_1_149' title='bbox 1382 1822 1547 1894; x_wconf 82' lang='grc' dir='ltr'><strong>ὅρκον</strong></span> <span class='ocrx_word' id='word_1_150' title='bbox 1578 1819 1846 1891; x_wconf 76' lang='grc' dir='ltr'><strong>ἐνέργεια.</strong></span> <span class='ocrx_word' id='word_1_151' title='bbox 1880 1818 1924 1875; x_wconf 86' lang='grc' dir='ltr'><strong>Β</strong></span> 
     </span>
    </p>
   </div>
   <div class='ocr_carea' id='block_1_22' title="bbox 251 1910 1843 1988">
    <p class='ocr_par' dir='ltr' id='par_1_22' title="bbox 251 1910 1843 1988">
     <span class='ocr_line' id='line_1_23' title="bbox 251 1910 1843 1988; baseline -0.004 -19"><span class='ocrx_word' id='word_1_152' title='bbox 251 1918 327 1969; x_wconf 84' lang='grc' dir='ltr'><strong>Ἦ</strong></span> <span class='ocrx_word' id='word_1_153' title='bbox 354 1914 464 1988; x_wconf 81' lang='grc' dir='ltr'><strong>γὰρ</strong></span> <span class='ocrx_word' id='word_1_154' title='bbox 512 1914 680 1979; x_wconf 83' lang='grc' dir='ltr'><strong>αὐτὸς</strong></span> <span class='ocrx_word' id='word_1_155' title='bbox 711 1913 1000 1968; x_wconf 79' lang='grc' dir='ltr'><strong>πιστοῦται</strong></span> <span class='ocrx_word' id='word_1_156' title='bbox 1036 1913 1117 1985; x_wconf 84' lang='grc' dir='ltr'><strong>τῷ</strong></span> <span class='ocrx_word' id='word_1_157' title='bbox 1144 1912 1397 1968; x_wconf 85' lang='grc' dir='ltr'><strong>ἀκούοντι</strong></span> <span class='ocrx_word' id='word_1_158' title='bbox 1438 1912 1537 1984; x_wconf 82' lang='grc' dir='ltr'><strong>τὴν</strong></span> <span class='ocrx_word' id='word_1_159' title='bbox 1565 1910 1843 1984; x_wconf 80' lang='grc' dir='ltr'><strong>ἀλήθειαν,</strong></span> 
     </span>
    </p>
   </div>
   <div class='ocr_carea' id='block_1_23' title="bbox 250 2001 1846 2079">
    <p class='ocr_par' dir='ltr' id='par_1_23' title="bbox 250 2001 1846 2079">
     <span class='ocr_line' id='line_1_24' title="bbox 250 2001 1846 2079; baseline -0.004 -17"><span class='ocrx_word' id='word_1_160' title='bbox 250 2009 291 2079; x_wconf 83' lang='grc' dir='ltr'><strong>ἢ</strong></span> <span class='ocrx_word' id='word_1_161' title='bbox 321 2008 502 2071; x_wconf 72' lang='grc' dir='ltr'><strong>ἄλλοις</strong></span> <span class='ocrx_word' id='word_1_162' title='bbox 536 2007 627 2061; x_wconf 79' lang='grc' dir='ltr'><strong>διὰ</strong></span> <span class='ocrx_word' id='word_1_163' title='bbox 655 2005 750 2061; x_wconf 82' lang='grc' dir='ltr'><strong>τοῦ</strong></span> <span class='ocrx_word' id='word_1_164' title='bbox 780 2006 1048 2079; x_wconf 82' lang='grc' dir='ltr'><strong>ὁρκισμοῦ</strong></span> <span class='ocrx_word' id='word_1_165' title='bbox 1082 2006 1182 2078; x_wconf 85' lang='grc' dir='ltr'><strong>τὴν</strong></span> <span class='ocrx_word' id='word_1_166' title='bbox 1221 2007 1468 2077; x_wconf 83' lang='grc' dir='ltr'><strong>ἀνάγκην</strong></span> <span class='ocrx_word' id='word_1_167' title='bbox 1512 2005 1708 2074; x_wconf 75' lang='grc' dir='ltr'><strong>ἐπάγει</strong></span> <span class='ocrx_word' id='word_1_168' title='bbox 1754 2001 1846 2056; x_wconf 82' lang='grc' dir='ltr'><strong>τοῦ</strong></span> 
     </span>
    </p>
   </div>
   <div class='ocr_carea' id='block_1_24' title="bbox 251 2093 1851 2179">
    <p class='ocr_par' dir='ltr' id='par_1_24' title="bbox 251 2093 1851 2179">
     <span class='ocr_line' id='line_1_25' title="bbox 251 2093 1851 2179; baseline -0.007 -22"><span class='ocrx_word' id='word_1_169' title='bbox 251 2101 424 2170; x_wconf 73' lang='grc' dir='ltr'><strong>μηδὲν</strong></span> <span class='ocrx_word' id='word_1_170' title='bbox 452 2099 918 2172; x_wconf 65' lang='grc' dir='ltr'><strong>παραψεύδεσθαι·</strong></span> <span class='ocrx_word' id='word_1_171' title='bbox 940 2094 1075 2164; x_wconf 75' lang='grc' dir='ltr'><strong>οἷον,</strong></span> <span class='ocrx_word' id='word_1_172' title='bbox 1099 2100 1319 2179; x_wconf 77' lang='grc' dir='ltr'><strong>’ῼμοσε</strong></span> <span class='ocrx_word' id='word_1_173' title='bbox 1348 2099 1563 2167; x_wconf 82' lang='grc' dir='ltr'><strong>Κύριος</strong></span> <span class='ocrx_word' id='word_1_174' title='bbox 1577 2096 1657 2162; x_wconf 85' lang='grc' dir='ltr'><strong>τῷ</strong></span> <span class='ocrx_word' id='word_1_175' title='bbox 1671 2093 1851 2149; x_wconf 80' lang='grc' dir='ltr'><strong>Δαϐὶδ</strong></span> 
     </span>
    </p>
   </div>
   <div class='ocr_carea' id='block_1_25' title="bbox 248 2186 1851 2264">
    <p class='ocr_par' dir='ltr' id='par_1_25' title="bbox 248 2186 1851 2264">
     <span class='ocr_line' id='line_1_26' title="bbox 248 2186 1851 2264; baseline -0.006 -13"><span class='ocrx_word' id='word_1_176' title='bbox 248 2194 575 2264; x_wconf 68' lang='grc' dir='ltr'><strong>ἀλήθειαν,</strong></span> <span class='ocrx_word' id='word_1_177' title='bbox 609 2194 706 2249; x_wconf 76' lang='grc' dir='ltr'><strong>καί</strong></span> <span class='ocrx_word' id='word_1_178' title='bbox 733 2196 807 2248; x_wconf 87' lang='grc' dir='ltr'><strong>οὐ</strong></span> <span class='ocrx_word' id='word_1_179' title='bbox 828 2192 916 2264; x_wconf 80' lang='grc' dir='ltr'><strong>μὴ</strong></span> <span class='ocrx_word' id='word_1_180' title='bbox 945 2190 1226 2259; x_wconf 67' lang='lat' dir='ltr'><strong>(Mettio-st</strong></span> <span class='ocrx_word' id='word_1_181' title='bbox 1248 2190 1445 2258; x_wconf 80' lang='grc' dir='ltr'><strong>αὑτήν</strong></span> <span class='ocrx_word' id='word_1_182' title='bbox 1465 2206 1480 2222; x_wconf 87' lang='grc'><strong>·</strong></span> <span class='ocrx_word' id='word_1_183' title='bbox 1510 2187 1746 2244; x_wconf 72' lang='grc' dir='ltr'><strong>ἐνταῦθα</strong></span> <span class='ocrx_word' id='word_1_184' title='bbox 1787 2186 1851 2241; x_wconf 81' lang='grc' dir='ltr'><strong>τὸ</strong></span> 
     </span>
    </p>
   </div>
   <div class='ocr_carea' id='block_1_26' title="bbox 250 2281 1851 2360">
    <p class='ocr_par' dir='ltr' id='par_1_26' title="bbox 250 2281 1851 2360">
     <span class='ocr_line' id='line_1_27' title="bbox 250 2281 1851 2360; baseline -0.004 -19"><span class='ocrx_word' id='word_1_185' title='bbox 250 2288 450 2343; x_wconf 81' lang='grc' dir='ltr'><strong>πιστὸν</strong></span> <span class='ocrx_word' id='word_1_186' title='bbox 478 2289 579 2360; x_wconf 86' lang='grc' dir='ltr'><strong>τῆς</strong></span> <span class='ocrx_word' id='word_1_187' title='bbox 605 2286 957 2358; x_wconf 69' lang='grc' dir='ltr'><strong>ὑποσχέσεως</strong></span> <span class='ocrx_word' id='word_1_188' title='bbox 997 2281 1331 2358; x_wconf 73' lang='grc' dir='ltr'><strong>ἔμπεδοῦται</strong></span> <span class='ocrx_word' id='word_1_189' title='bbox 1362 2283 1440 2355; x_wconf 83' lang='grc' dir='ltr'><strong>τῷ</strong></span> <span class='ocrx_word' id='word_1_190' title='bbox 1475 2284 1646 2355; x_wconf 82' lang='grc' dir='ltr'><strong>ὅρκῳ.</strong></span> <span class='ocrx_word' id='word_1_191' title='bbox 1682 2282 1851 2337; x_wconf 84' lang='grc' dir='ltr'><strong>Ὅταν</strong></span> 
     </span>
    </p>
   </div>
   <div class='ocr_carea' id='block_1_27' title="bbox 251 2373 1852 2451">
    <p class='ocr_par' dir='ltr' id='par_1_27' title="bbox 251 2373 1852 2451">
     <span class='ocr_line' id='line_1_28' title="bbox 251 2373 1852 2451; baseline -0.004 -18"><span class='ocrx_word' id='word_1_192' title='bbox 251 2381 314 2434; x_wconf 80' lang='grc' dir='ltr'><strong>δὲ</strong></span> <span class='ocrx_word' id='word_1_193' title='bbox 340 2380 599 2451; x_wconf 80' lang='grc' dir='ltr'><strong>φροντίδα</strong></span> <span class='ocrx_word' id='word_1_194' title='bbox 632 2378 954 2450; x_wconf 81' lang='grc' dir='ltr'><strong>ποιούμενος</strong></span> <span class='ocrx_word' id='word_1_195' title='bbox 984 2378 1013 2431; x_wconf 82' lang='grc' dir='ltr'><strong>ὁ</strong></span> <span class='ocrx_word' id='word_1_196' title='bbox 1053 2376 1305 2451; x_wconf 81' lang='grc' dir='ltr'><strong>Ἀϐραὰμ</strong></span> <span class='ocrx_word' id='word_1_197' title='bbox 1331 2376 1433 2447; x_wconf 81' lang='grc' dir='ltr'><strong>τῆς</strong></span> <span class='ocrx_word' id='word_1_198' title='bbox 1460 2373 1716 2445; x_wconf 80' lang='grc' dir='ltr'><strong>εὐγενοῦς</strong></span> <span class='ocrx_word' id='word_1_199' title='bbox 1757 2374 1852 2427; x_wconf 73' lang='grc' dir='ltr'><strong>ἐπὶ</strong></span> 
     </span>
    </p>
   </div>
   <div class='ocr_carea' id='block_1_28' title="bbox 247 2462 1848 2543">
    <p class='ocr_par' dir='ltr' id='par_1_28' title="bbox 247 2462 1848 2543">
     <span class='ocr_line' id='line_1_29' title="bbox 247 2462 1848 2543; baseline -0.002 -19"><span class='ocrx_word' id='word_1_200' title='bbox 247 2471 335 2543; x_wconf 77' lang='grc' dir='ltr'><strong>τῷ</strong></span> <span class='ocrx_word' id='word_1_201' title='bbox 367 2473 645 2542; x_wconf 74' lang='grc' dir='ltr'><strong>μονογενεῖ</strong></span> <span class='ocrx_word' id='word_1_202' title='bbox 684 2469 966 2539; x_wconf 77' lang='grc' dir='ltr'><strong>συζυγίας,</strong></span> <span class='ocrx_word' id='word_1_203' title='bbox 999 2462 1319 2541; x_wconf 79' lang='grc' dir='ltr'><strong>προστάσσῃ</strong></span> <span class='ocrx_word' id='word_1_204' title='bbox 1373 2466 1453 2539; x_wconf 83' lang='grc' dir='ltr'><strong>τῷ</strong></span> <span class='ocrx_word' id='word_1_205' title='bbox 1489 2466 1604 2538; x_wconf 89' lang='grc' dir='ltr'><strong>ίδίῳ</strong></span> <span class='ocrx_word' id='word_1_206' title='bbox 1639 2465 1848 2540; x_wconf 79' lang='grc' dir='ltr'><strong>οίκέτῃ,</strong></span> 
     </span>
    </p>
   </div>
   <div class='ocr_carea' id='block_1_29' title="bbox 256 2555 1851 2635">
    <p class='ocr_par' dir='ltr' id='par_1_29' title="bbox 256 2555 1851 2635">
     <span class='ocr_line' id='line_1_30' title="bbox 256 2555 1851 2635; baseline -0.002 -21"><span class='ocrx_word' id='word_1_207' title='bbox 256 2565 337 2635; x_wconf 75' lang='grc' dir='ltr'><strong>μή</strong></span> <span class='ocrx_word' id='word_1_208' title='bbox 364 2579 485 2616; x_wconf 89' lang='grc' dir='ltr'><strong>τινα</strong></span> <span class='ocrx_word' id='word_1_209' title='bbox 516 2561 625 2615; x_wconf 83' lang='grc' dir='ltr'><strong>τῶν</strong></span> <span class='ocrx_word' id='word_1_210' title='bbox 655 2559 751 2615; x_wconf 79' lang='grc' dir='ltr'><strong>τοῦ</strong></span> <span class='ocrx_word' id='word_1_211' title='bbox 782 2559 975 2629; x_wconf 80' lang='grc' dir='ltr'><strong>γένους</strong></span> <span class='ocrx_word' id='word_1_212' title='bbox 1000 2558 1244 2624; x_wconf 83' lang='grc' dir='ltr'><strong>Χαναὰν,</strong></span> <span class='ocrx_word' id='word_1_213' title='bbox 1276 2557 1389 2612; x_wconf 82' lang='grc' dir='ltr'><strong>τῶν</strong></span> <span class='ocrx_word' id='word_1_214' title='bbox 1418 2559 1484 2630; x_wconf 74' lang='grc' dir='ltr'><strong>τῇ</strong></span> <span class='ocrx_word' id='word_1_215' title='bbox 1514 2555 1730 2626; x_wconf 79' lang='grc' dir='ltr'><strong>δουλείᾳ</strong></span> <span class='ocrx_word' id='word_1_216' title='bbox 1748 2573 1851 2611; x_wconf 87' lang='grc' dir='ltr'><strong>κα-</strong></span> 
     </span>
    </p>
   </div>
   <div class='ocr_carea' id='block_1_30' title="bbox 255 2645 1849 2725">
    <p class='ocr_par' dir='ltr' id='par_1_30' title="bbox 255 2645 1849 2725">
     <span class='ocr_line' id='line_1_31' title="bbox 255 2645 1849 2725; baseline -0.005 -16"><span class='ocrx_word' id='word_1_217' title='bbox 255 2653 732 2725; x_wconf 67' lang='grc' dir='ltr'><strong>ταδεδικασμένων</strong></span> <span class='ocrx_word' id='word_1_218' title='bbox 780 2649 1083 2705; x_wconf 84' lang='grc' dir='ltr'><strong>συνοικίσαι</strong></span> <span class='ocrx_word' id='word_1_219' title='bbox 1130 2647 1273 2720; x_wconf 84' lang='grc' dir='ltr'><strong>πρὸς</strong></span> <span class='ocrx_word' id='word_1_220' title='bbox 1311 2647 1488 2719; x_wconf 86' lang='grc' dir='ltr'><strong>γάμον</strong></span> <span class='ocrx_word' id='word_1_221' title='bbox 1521 2645 1601 2718; x_wconf 85' lang='grc' dir='ltr'><strong>τῷ</strong></span> <span class='ocrx_word' id='word_1_222' title='bbox 1641 2646 1849 2712; x_wconf 82' lang='grc' dir='ltr'><strong>Ἰσαὰκ,</strong></span> 
     </span>
    </p>
   </div>
   <div class='ocr_carea' id='block_1_31' title="bbox 257 2737 1851 2815">
    <p class='ocr_par' dir='ltr' id='par_1_31' title="bbox 257 2737 1851 2815">
     <span class='ocr_line' id='line_1_32' title="bbox 257 2737 1851 2815; baseline -0.003 -17"><span class='ocrx_word' id='word_1_223' title='bbox 257 2747 337 2809; x_wconf 76' lang='grc' dir='ltr'><strong>ὡς</strong></span> <span class='ocrx_word' id='word_1_224' title='bbox 376 2745 444 2799; x_wconf 82' lang='grc' dir='ltr'>ἂν</span> <span class='ocrx_word' id='word_1_225' title='bbox 494 2743 572 2815; x_wconf 83' lang='grc' dir='ltr'><strong>μὴ</strong></span> <span class='ocrx_word' id='word_1_226' title='bbox 625 2742 956 2814; x_wconf 84' lang='grc' dir='ltr'><strong>λυμαίνηται</strong></span> <span class='ocrx_word' id='word_1_227' title='bbox 988 2741 1056 2811; x_wconf 83' lang='grc' dir='ltr'><strong>τῇ</strong></span> <span class='ocrx_word' id='word_1_228' title='bbox 1099 2739 1352 2809; x_wconf 83' lang='grc' dir='ltr'><strong>εὐγενείᾳ</strong></span> <span class='ocrx_word' id='word_1_229' title='bbox 1391 2738 1493 2809; x_wconf 83' lang='grc' dir='ltr'><strong>τῆς</strong></span> <span class='ocrx_word' id='word_1_230' title='bbox 1522 2737 1772 2809; x_wconf 79' lang='grc' dir='ltr'><strong>διαδοχῆς</strong></span> <span class='ocrx_word' id='word_1_231' title='bbox 1816 2739 1851 2809; x_wconf 80' lang='grc' dir='ltr'>ὴ</span> 
     </span>
    </p>
   </div>
   <div class='ocr_carea' id='block_1_32' title="bbox 251 2825 1853 2902">
    <p class='ocr_par' dir='ltr' id='par_1_32' title="bbox 251 2825 1853 2902">
     <span class='ocr_line' id='line_1_33' title="bbox 251 2825 1853 2902; baseline -0.006 -12"><span class='ocrx_word' id='word_1_232' title='bbox 251 2836 355 2892; x_wconf 74' lang='grc' dir='ltr'><strong>τοῦ</strong></span> <span class='ocrx_word' id='word_1_233' title='bbox 389 2832 639 2890; x_wconf 84' lang='grc' dir='ltr'><strong>δουλικοῦ</strong></span> <span class='ocrx_word' id='word_1_234' title='bbox 667 2833 860 2902; x_wconf 82' lang='grc' dir='ltr'><strong>γένους</strong></span> <span class='ocrx_word' id='word_1_235' title='bbox 896 2829 1182 2902; x_wconf 75' lang='grc' dir='ltr'><strong>ἐπιμιξία,</strong></span> <span class='ocrx_word' id='word_1_236' title='bbox 1230 2827 1346 2882; x_wconf 81' lang='grc' dir='ltr'><strong>ἀλλ’</strong></span> <span class='ocrx_word' id='word_1_237' title='bbox 1377 2828 1443 2882; x_wconf 75' lang='grc' dir='ltr'><strong>ἐκ</strong></span> <span class='ocrx_word' id='word_1_238' title='bbox 1465 2827 1568 2898; x_wconf 84' lang='grc' dir='ltr'><strong>τῆς</strong></span> <span class='ocrx_word' id='word_1_239' title='bbox 1595 2825 1853 2899; x_wconf 81' lang='grc' dir='ltr'><strong>πατρῴας</strong></span> 
     </span>
    </p>
   </div>
   <div class='ocr_carea' id='block_1_33' title="bbox 254 2919 1854 2998">
    <p class='ocr_par' dir='ltr' id='par_1_33' title="bbox 254 2919 1854 2998">
     <span class='ocr_line' id='line_1_34' title="bbox 254 2919 1854 2998; baseline -0.008 -15"><span class='ocrx_word' id='word_1_240' title='bbox 254 2927 427 2983; x_wconf 73' lang='grc' dir='ltr'><strong>αὑτοῦ</strong></span> <span class='ocrx_word' id='word_1_241' title='bbox 456 2927 562 2998; x_wconf 81' lang='grc' dir='ltr'><strong>γῆς</strong></span> <span class='ocrx_word' id='word_1_242' title='bbox 603 2927 697 2979; x_wconf 76' lang='grc' dir='ltr'><strong>καὶ</strong></span> <span class='ocrx_word' id='word_1_243' title='bbox 728 2923 1048 2994; x_wconf 89' lang='grc' dir='ltr'><strong>συγγενείας</strong></span> <span class='ocrx_word' id='word_1_244' title='bbox 1076 2919 1421 2993; x_wconf 79' lang='grc' dir='ltr'><strong>ἁρμόσασθαι</strong></span> <span class='ocrx_word' id='word_1_245' title='bbox 1452 2919 1532 2992; x_wconf 82' lang='grc' dir='ltr'><strong>τῷ</strong></span> <span class='ocrx_word' id='word_1_246' title='bbox 1562 2921 1715 2975; x_wconf 81' lang='grc' dir='ltr'><strong>παιδὶ</strong></span> <span class='ocrx_word' id='word_1_247' title='bbox 1753 2919 1854 2989; x_wconf 81' lang='grc' dir='ltr'><strong>τὴν</strong></span> 
     </span>
    </p>
   </div>
   <div class='ocr_carea' id='block_1_34' title="bbox 260 3011 1855 3089">
    <p class='ocr_par' dir='ltr' id='par_1_34' title="bbox 260 3011 1855 3089">
     <span class='ocr_line' id='line_1_35' title="bbox 260 3011 1855 3089; baseline -0.005 -16"><span class='ocrx_word' id='word_1_248' title='bbox 260 3018 564 3089; x_wconf 73' lang='grc' dir='ltr'><strong>συζυγίαν,</strong></span> <span class='ocrx_word' id='word_1_249' title='bbox 599 3016 846 3086; x_wconf 80' lang='grc' dir='ltr'><strong>ἀνάγκην</strong></span> <span class='ocrx_word' id='word_1_250' title='bbox 880 3015 1077 3083; x_wconf 76' lang='grc' dir='ltr'><strong>ἐπάγει</strong></span> <span class='ocrx_word' id='word_1_251' title='bbox 1112 3011 1210 3065; x_wconf 83' lang='grc' dir='ltr'><strong>τοῦ</strong></span> <span class='ocrx_word' id='word_1_252' title='bbox 1241 3012 1318 3083; x_wconf 85' lang='grc' dir='ltr'><strong>μὴ</strong></span> <span class='ocrx_word' id='word_1_253' title='bbox 1363 3011 1680 3085; x_wconf 78' lang='grc' dir='ltr'><strong>ρᾳθυμῆσαι</strong></span> <span class='ocrx_word' id='word_1_254' title='bbox 1725 3011 1855 3080; x_wconf 76' lang='grc' dir='ltr'><strong>περὶ</strong></span> 
     </span>
    </p>
   </div>
   <div class='ocr_carea' id='block_1_35' title="bbox 257 3102 1855 3179">
    <p class='ocr_par' dir='ltr' id='par_1_35' title="bbox 257 3102 1855 3179">
     <span class='ocr_line' id='line_1_36' title="bbox 257 3102 1855 3179; baseline -0.005 -15"><span class='ocrx_word' id='word_1_255' title='bbox 257 3111 325 3164; x_wconf 72' lang='grc' dir='ltr'><strong>τὸ</strong></span> <span class='ocrx_word' id='word_1_256' title='bbox 353 3107 683 3179; x_wconf 83' lang='grc' dir='ltr'><strong>πρόσταγμα</strong></span> <span class='ocrx_word' id='word_1_257' title='bbox 714 3105 800 3161; x_wconf 76' lang='grc' dir='ltr'><strong>διὰ</strong></span> <span class='ocrx_word' id='word_1_258' title='bbox 833 3103 926 3159; x_wconf 81' lang='grc' dir='ltr'><strong>τοῦ</strong></span> <span class='ocrx_word' id='word_1_259' title='bbox 974 3103 1194 3176; x_wconf 83' lang='grc' dir='ltr'><strong>ὁρκίσαι</strong></span> <span class='ocrx_word' id='word_1_260' title='bbox 1240 3103 1423 3168; x_wconf 80' lang='grc' dir='ltr'><strong>αὑτὸν,</strong></span> <span class='ocrx_word' id='word_1_261' title='bbox 1472 3104 1522 3155; x_wconf 82' lang='grc' dir='ltr'><strong>εί</strong></span> <span class='ocrx_word' id='word_1_262' title='bbox 1576 3102 1676 3174; x_wconf 83' lang='grc' dir='ltr'><strong>μὲν</strong></span> <span class='ocrx_word' id='word_1_263' title='bbox 1732 3104 1855 3156; x_wconf 81' lang='grc' dir='ltr'><strong>ὲπι-</strong></span> 
     </span>
    </p>
   </div>
   <div class='ocr_carea' id='block_1_36' title="bbox 1943 635 2520 707">
    <p class='ocr_par' dir='ltr' id='par_1_36' title="bbox 1943 635 2520 707">
     <span class='ocr_line' id='line_1_37' title="bbox 1943 635 2520 707; baseline -0.005 -15"><span class='ocrx_word' id='word_1_264' title='bbox 1943 635 2150 693; x_wconf 68' lang='lat' dir='ltr'><strong>divitia:</strong></span> <span class='ocrx_word' id='word_1_265' title='bbox 2177 643 2234 693; x_wconf 88' lang='lat' dir='ltr'><strong>et</strong></span> <span class='ocrx_word' id='word_1_266' title='bbox 2257 635 2434 707; x_wconf 89' lang='lat' dir='ltr'><strong>gloria</strong></span> <span class='ocrx_word' id='word_1_267' title='bbox 2452 636 2520 688; x_wconf 78' lang='lat'><strong>&quot;.</strong></span> 
     </span>
    </p>
   </div>
   <div class='ocr_carea' id='block_1_37' title="bbox 2017 913 3535 984">
    <p class='ocr_par' dir='ltr' id='par_1_37' title="bbox 2017 913 3535 984">
     <span class='ocr_line' id='line_1_38' title="bbox 2017 913 3535 984; baseline -0.006 -8"><span class='ocrx_word' id='word_1_268' title='bbox 2017 918 2227 977; x_wconf 87' lang='lat' dir='ltr'><strong>Deinde</strong></span> <span class='ocrx_word' id='word_1_269' title='bbox 2281 917 2557 975; x_wconf 88' lang='lat' dir='ltr'><strong>convertit</strong></span> <span class='ocrx_word' id='word_1_270' title='bbox 2601 915 2911 973; x_wconf 88' lang='lat' dir='ltr'><strong>orationem</strong></span> <span class='ocrx_word' id='word_1_271' title='bbox 2964 913 3035 970; x_wconf 90' lang='lat' dir='ltr'><strong>ad</strong></span> <span class='ocrx_word' id='word_1_272' title='bbox 3097 913 3237 970; x_wconf 92' lang='lat' dir='ltr'><strong>ﬁlias</strong></span> <span class='ocrx_word' id='word_1_273' title='bbox 3281 928 3535 984; x_wconf 69' lang='lat' dir='ltr'><strong>supernae</strong></span> 
     </span>
    </p>
   </div>
   <div class='ocr_carea' id='block_1_38' title="bbox 1945 1003 3535 1074">
    <p class='ocr_par' dir='ltr' id='par_1_38' title="bbox 1945 1003 3535 1074">
     <span class='ocr_line' id='line_1_39' title="bbox 1945 1003 3535 1074; baseline -0.006 -8"><span class='ocrx_word' id='word_1_274' title='bbox 1945 1005 2275 1068; x_wconf 85' lang='lat' dir='ltr'><strong>Jerusalem.</strong></span> <span class='ocrx_word' id='word_1_275' title='bbox 2328 1009 2428 1065; x_wconf 88' lang='lat' dir='ltr'><strong>Est</strong></span> <span class='ocrx_word' id='word_1_276' title='bbox 2462 1016 2648 1064; x_wconf 84' lang='lat' dir='ltr'><strong>autem</strong></span> <span class='ocrx_word' id='word_1_277' title='bbox 2688 1005 2870 1063; x_wconf 77' lang='lat' dir='ltr'><strong>oratio</strong></span> <span class='ocrx_word' id='word_1_278' title='bbox 2900 1003 3216 1060; x_wconf 75' lang='lat' dir='ltr'><strong>adhortatio</strong></span> <span class='ocrx_word' id='word_1_279' title='bbox 3273 1018 3396 1074; x_wconf 79' lang='lat' dir='ltr'><strong>quae</strong></span> <span class='ocrx_word' id='word_1_280' title='bbox 3436 1003 3535 1057; x_wconf 88' lang='lat' dir='ltr'><strong>ad-</strong></span> 
     </span>
    </p>
   </div>
   <div class='ocr_carea' id='block_1_39' title="bbox 1947 1095 3536 1171">
    <p class='ocr_par' dir='ltr' id='par_1_39' title="bbox 1947 1095 3536 1171">
     <span class='ocr_line' id='line_1_40' title="bbox 1947 1095 3536 1171; baseline -0.008 -12"><span class='ocrx_word' id='word_1_281' title='bbox 1947 1104 2170 1160; x_wconf 83' lang='lat' dir='ltr'><strong>hibetur</strong></span> <span class='ocrx_word' id='word_1_282' title='bbox 2223 1115 2349 1158; x_wconf 90' lang='lat' dir='ltr'><strong>cum</strong></span> <span class='ocrx_word' id='word_1_283' title='bbox 2387 1099 2761 1171; x_wconf 75' lang='lat' dir='ltr'><strong>adiuratione,</strong></span> <span class='ocrx_word' id='word_1_284' title='bbox 2808 1104 2868 1152; x_wconf 91' lang='lat' dir='ltr'><strong>ut</strong></span> <span class='ocrx_word' id='word_1_285' title='bbox 2902 1095 3305 1166; x_wconf 85' lang='lat' dir='ltr'><strong>multiplicetur</strong></span> <span class='ocrx_word' id='word_1_286' title='bbox 3341 1101 3399 1149; x_wconf 88' lang='lat' dir='ltr'><strong>et</strong></span> <span class='ocrx_word' id='word_1_287' title='bbox 3436 1109 3536 1149; x_wconf 88' lang='lat' dir='ltr'><strong>au-</strong></span> 
     </span>
    </p>
   </div>
   <div class='ocr_carea' id='block_1_40' title="bbox 1949 1187 3535 1270">
    <p class='ocr_par' dir='ltr' id='par_1_40' title="bbox 1949 1187 3535 1270">
     <span class='ocr_line' id='line_1_41' title="bbox 1949 1187 3535 1270; baseline -0.009 -16"><span class='ocrx_word' id='word_1_288' title='bbox 1949 1205 2142 1270; x_wconf 89' lang='lat' dir='ltr'><strong>geatur</strong></span> <span class='ocrx_word' id='word_1_289' title='bbox 2162 1208 2386 1266; x_wconf 80' lang='lat' dir='ltr'><strong>semper</strong></span> <span class='ocrx_word' id='word_1_290' title='bbox 2411 1193 2681 1257; x_wconf 87' lang='lat' dir='ltr'><strong>cbaritas,</strong></span> <span class='ocrx_word' id='word_1_291' title='bbox 2735 1189 2911 1246; x_wconf 91' lang='lat' dir='ltr'><strong>donec</strong></span> <span class='ocrx_word' id='word_1_292' title='bbox 2942 1189 3011 1244; x_wconf 90' lang='lat' dir='ltr'><strong>ad</strong></span> <span class='ocrx_word' id='word_1_293' title='bbox 3060 1187 3316 1243; x_wconf 82' lang='lat' dir='ltr'><strong>eﬁ‘ectum</strong></span> <span class='ocrx_word' id='word_1_294' title='bbox 3372 1200 3535 1242; x_wconf 88' lang='lat' dir='ltr'><strong>suam</strong></span> 
     </span>
    </p>
   </div>
   <div class='ocr_carea' id='block_1_41' title="bbox 1950 1278 3536 1355">
    <p class='ocr_par' dir='ltr' id='par_1_41' title="bbox 1950 1278 3536 1355">
     <span class='ocr_line' id='line_1_42' title="bbox 1950 1278 3536 1355; baseline -0.009 -10"><span class='ocrx_word' id='word_1_295' title='bbox 1950 1288 2241 1345; x_wconf 79' lang='lat' dir='ltr'><strong>deduxerit</strong></span> <span class='ocrx_word' id='word_1_296' title='bbox 2277 1288 2644 1349; x_wconf 89' lang='lat' dir='ltr'><strong>voluntatem,</strong></span> <span class='ocrx_word' id='word_1_297' title='bbox 2664 1284 2760 1355; x_wconf 88' lang='lat' dir='ltr'><strong>qui</strong></span> <span class='ocrx_word' id='word_1_298' title='bbox 2789 1283 2908 1339; x_wconf 84' lang='lat' dir='ltr'><strong>vult</strong></span> <span class='ocrx_word' id='word_1_299' title='bbox 2936 1295 3131 1337; x_wconf 89' lang='lat' dir='ltr'><strong>omnes</strong></span> <span class='ocrx_word' id='word_1_300' title='bbox 3149 1279 3401 1334; x_wconf 86' lang='lat' dir='ltr'><strong>homines</strong></span> <span class='ocrx_word' id='word_1_301' title='bbox 3420 1278 3536 1333; x_wconf 85' lang='lat' dir='ltr'><strong>sal-</strong></span> 
     </span>
    </p>
   </div>
   <div class='ocr_carea' id='block_1_42' title="bbox 1951 1369 3532 1448">
    <p class='ocr_par' dir='ltr' id='par_1_42' title="bbox 1951 1369 3532 1448">
     <span class='ocr_line' id='line_1_43' title="bbox 1951 1369 3532 1448; baseline -0.009 -10"><span class='ocrx_word' id='word_1_302' title='bbox 1951 1397 2051 1437; x_wconf 90' lang='lat' dir='ltr'><strong>vos</strong></span> <span class='ocrx_word' id='word_1_303' title='bbox 2100 1380 2242 1443; x_wconf 87' lang='lat' dir='ltr'><strong>ﬁeri,</strong></span> <span class='ocrx_word' id='word_1_304' title='bbox 2300 1384 2358 1435; x_wconf 88' lang='lat' dir='ltr'><strong>et</strong></span> <span class='ocrx_word' id='word_1_305' title='bbox 2403 1379 2473 1434; x_wconf 92' lang='lat' dir='ltr'><strong>ad</strong></span> <span class='ocrx_word' id='word_1_306' title='bbox 2528 1375 2867 1448; x_wconf 74' lang='lat' dir='ltr'><strong>agnitionem</strong></span> <span class='ocrx_word' id='word_1_307' title='bbox 2923 1374 3120 1429; x_wconf 89' lang='lat' dir='ltr'><strong>venire</strong></span> <span class='ocrx_word' id='word_1_308' title='bbox 3192 1369 3532 1426; x_wconf 75' lang='lat' dir='ltr'><strong>veritatis&quot;.</strong></span> 
     </span>
    </p>
   </div>
   <div class='ocr_carea' id='block_1_43' title="bbox 1953 1460 3537 1538">
    <p class='ocr_par' dir='ltr' id='par_1_43' title="bbox 1953 1460 3537 1538">
     <span class='ocr_line' id='line_1_44' title="bbox 1953 1460 3537 1538; baseline -0.009 -11"><span class='ocrx_word' id='word_1_309' title='bbox 1953 1471 2080 1527; x_wconf 66' lang='lat' dir='ltr'><strong>Hmc</strong></span> <span class='ocrx_word' id='word_1_310' title='bbox 2115 1479 2246 1527; x_wconf 89' lang='lat' dir='ltr'><strong>sunt</strong></span> <span class='ocrx_word' id='word_1_311' title='bbox 2289 1476 2471 1526; x_wconf 87' lang='lat' dir='ltr'><strong>autem</strong></span> <span class='ocrx_word' id='word_1_312' title='bbox 2520 1468 2644 1538; x_wconf 85' lang='lat' dir='ltr'><strong>ejus</strong></span> <span class='ocrx_word' id='word_1_313' title='bbox 2682 1466 2852 1522; x_wconf 85' lang='lat' dir='ltr'><strong>verba</strong></span> <span class='ocrx_word' id='word_1_314' title='bbox 2889 1483 2903 1520; x_wconf 91' lang='lat'><strong>:</strong></span> <span class='ocrx_word' id='word_1_315' title='bbox 2943 1462 3207 1533; x_wconf 84' lang='lat' dir='ltr'><strong>Adjuravi</strong></span> <span class='ocrx_word' id='word_1_316' title='bbox 3251 1478 3365 1525; x_wconf 91' lang='lat' dir='ltr'><strong>vos,</strong></span> <span class='ocrx_word' id='word_1_317' title='bbox 3409 1460 3537 1530; x_wconf 70' lang='lat' dir='ltr'><strong>ﬁlia;</strong></span> 
     </span>
    </p>
   </div>
   <div class='ocr_carea' id='block_1_44' title="bbox 1952 1544 3603 1630">
    <p class='ocr_par' dir='ltr' id='par_1_44' title="bbox 1952 1544 3603 1630">
     <span class='ocr_line' id='line_1_45' title="bbox 1952 1544 3603 1630; baseline -0.009 -11"><span class='ocrx_word' id='word_1_318' title='bbox 1952 1562 2287 1628; x_wconf 79' lang='lat' dir='ltr'><strong>Jerusalem,</strong></span> <span class='ocrx_word' id='word_1_319' title='bbox 2336 1563 2393 1616; x_wconf 89' lang='lat' dir='ltr'><strong>in</strong></span> <span class='ocrx_word' id='word_1_320' title='bbox 2448 1558 2805 1630; x_wconf 76' lang='lat' dir='ltr'><strong>potestatibus</strong></span> <span class='ocrx_word' id='word_1_321' title='bbox 2861 1568 2911 1613; x_wconf 87' lang='lat' dir='ltr'><strong>et</strong></span> <span class='ocrx_word' id='word_1_322' title='bbox 2967 1555 3253 1610; x_wconf 75' lang='lat' dir='ltr'><strong>virtutibus</strong></span> <span class='ocrx_word' id='word_1_323' title='bbox 3320 1553 3458 1624; x_wconf 84' lang='lat' dir='ltr'><strong>agri,</strong></span> <span class='ocrx_word' id='word_1_324' title='bbox 3491 1551 3540 1605; x_wconf 88' lang='lat' dir='ltr'><strong>si</strong></span> <span class='ocrx_word' id='word_1_325' title='bbox 3594 1544 3603 1559; x_wconf 75' lang='lat'><strong>&#39;</strong></span> 
     </span>
    </p>
   </div>
   <div class='ocr_carea' id='block_1_45' title="bbox 1952 1641 3543 1723">
    <p class='ocr_par' dir='ltr' id='par_1_45' title="bbox 1952 1641 3543 1723">
     <span class='ocr_line' id='line_1_46' title="bbox 1952 1641 3543 1723; baseline -0.011 -12"><span class='ocrx_word' id='word_1_326' title='bbox 1952 1656 2188 1712; x_wconf 76' lang='lat' dir='ltr'><strong>excitetis</strong></span> <span class='ocrx_word' id='word_1_327' title='bbox 2225 1663 2276 1709; x_wconf 90' lang='lat' dir='ltr'><strong>et</strong></span> <span class='ocrx_word' id='word_1_328' title='bbox 2314 1651 2610 1723; x_wconf 76' lang='lat' dir='ltr'><strong>expergisci</strong></span> <span class='ocrx_word' id='word_1_329' title='bbox 2645 1648 2862 1721; x_wconf 78' lang='lat' dir='ltr'><strong>faciatis</strong></span> <span class='ocrx_word' id='word_1_330' title='bbox 2890 1646 3226 1701; x_wconf 82' lang='lat' dir='ltr'><strong>charitatem.</strong></span> <span class='ocrx_word' id='word_1_331' title='bbox 3255 1641 3543 1712; x_wconf 87' lang='lat' dir='ltr'><strong>Jusjuran-</strong></span> 
     </span>
    </p>
   </div>
   <div class='ocr_carea' id='block_1_46' title="bbox 1954 1731 3543 1816">
    <p class='ocr_par' dir='ltr' id='par_1_46' title="bbox 1954 1731 3543 1816">
     <span class='ocr_line' id='line_1_47' title="bbox 1954 1731 3543 1816; baseline -0.011 -13"><span class='ocrx_word' id='word_1_332' title='bbox 1954 1747 2087 1803; x_wconf 87' lang='lat' dir='ltr'><strong>dum</strong></span> <span class='ocrx_word' id='word_1_333' title='bbox 2120 1753 2205 1804; x_wconf 91' lang='lat' dir='ltr'><strong>est</strong></span> <span class='ocrx_word' id='word_1_334' title='bbox 2246 1745 2428 1800; x_wconf 86' lang='lat' dir='ltr'><strong>oratio</strong></span> <span class='ocrx_word' id='word_1_335' title='bbox 2457 1759 2557 1816; x_wconf 87' lang='lat' dir='ltr'><strong>per</strong></span> <span class='ocrx_word' id='word_1_336' title='bbox 2601 1757 2663 1798; x_wconf 90' lang='lat' dir='ltr'><strong>se</strong></span> <span class='ocrx_word' id='word_1_337' title='bbox 2699 1741 3043 1797; x_wconf 89' lang='lat' dir='ltr'><strong>conﬁrmans</strong></span> <span class='ocrx_word' id='word_1_338' title='bbox 3079 1737 3389 1792; x_wconf 84' lang='lat' dir='ltr'><strong>veritatem.</strong></span> <span class='ocrx_word' id='word_1_339' title='bbox 3442 1731 3543 1786; x_wconf 86' lang='lat' dir='ltr'><strong>Est</strong></span> 
     </span>
    </p>
   </div>
   <div class='ocr_carea' id='block_1_47' title="bbox 1957 1824 3544 1908">
    <p class='ocr_par' dir='ltr' id='par_1_47' title="bbox 1957 1824 3544 1908">
     <span class='ocr_line' id='line_1_48' title="bbox 1957 1824 3544 1908; baseline -0.009 -15"><span class='ocrx_word' id='word_1_340' title='bbox 1957 1846 2145 1895; x_wconf 90' lang='lat' dir='ltr'><strong>autem</strong></span> <span class='ocrx_word' id='word_1_341' title='bbox 2170 1836 2382 1908; x_wconf 79' lang='lat' dir='ltr'><strong>duplex</strong></span> <span class='ocrx_word' id='word_1_342' title='bbox 2411 1833 2714 1906; x_wconf 86' lang='lat' dir='ltr'><strong>juramenti</strong></span> <span class='ocrx_word' id='word_1_343' title='bbox 2748 1830 3041 1902; x_wconf 88' lang='lat' dir='ltr'><strong>operatio;</strong></span> <span class='ocrx_word' id='word_1_344' title='bbox 3075 1837 3172 1883; x_wconf 87' lang='lat' dir='ltr'><strong>aut</strong></span> <span class='ocrx_word' id='word_1_345' title='bbox 3209 1827 3356 1883; x_wconf 89' lang='lat' dir='ltr'><strong>enim</strong></span> <span class='ocrx_word' id='word_1_346' title='bbox 3387 1824 3544 1896; x_wconf 86' lang='lat' dir='ltr'><strong>quis-</strong></span> 
     </span>
    </p>
   </div>
   <div class='ocr_carea' id='block_1_48' title="bbox 1958 1915 3543 2003">
    <p class='ocr_par' dir='ltr' id='par_1_48' title="bbox 1958 1915 3543 2003">
     <span class='ocr_line' id='line_1_49' title="bbox 1958 1915 3543 2003; baseline -0.01 -17"><span class='ocrx_word' id='word_1_347' title='bbox 1958 1933 2102 2003; x_wconf 87' lang='lat' dir='ltr'><strong>piam</strong></span> <span class='ocrx_word' id='word_1_348' title='bbox 2124 1930 2175 1987; x_wconf 91' lang='lat' dir='ltr'><strong>ei</strong></span> <span class='ocrx_word' id='word_1_349' title='bbox 2207 1930 2302 2001; x_wconf 90' lang='lat' dir='ltr'><strong>qui</strong></span> <span class='ocrx_word' id='word_1_350' title='bbox 2344 1927 2498 1984; x_wconf 84' lang='lat' dir='ltr'><strong>audit</strong></span> <span class='ocrx_word' id='word_1_351' title='bbox 2526 1926 2709 1981; x_wconf 90' lang='lat' dir='ltr'><strong>ﬁrmat</strong></span> <span class='ocrx_word' id='word_1_352' title='bbox 2749 1923 2911 1979; x_wconf 87' lang='lat' dir='ltr'><strong>ﬁdem</strong></span> <span class='ocrx_word' id='word_1_353' title='bbox 2939 1921 3212 1985; x_wconf 88' lang='lat' dir='ltr'><strong>veritatis,</strong></span> <span class='ocrx_word' id='word_1_354' title='bbox 3264 1926 3362 1972; x_wconf 88' lang='lat' dir='ltr'><strong>aut</strong></span> <span class='ocrx_word' id='word_1_355' title='bbox 3399 1915 3543 1970; x_wconf 89' lang='lat' dir='ltr'><strong>alius</strong></span> 
     </span>
    </p>
   </div>
   <div class='ocr_carea' id='block_1_49' title="bbox 1955 2006 3544 2097">
    <p class='ocr_par' dir='ltr' id='par_1_49' title="bbox 1955 2006 3544 2097">
     <span class='ocr_line' id='line_1_50' title="bbox 1955 2006 3544 2097; baseline -0.013 -16"><span class='ocrx_word' id='word_1_356' title='bbox 1955 2039 2055 2097; x_wconf 91' lang='lat' dir='ltr'><strong>per</strong></span> <span class='ocrx_word' id='word_1_357' title='bbox 2096 2023 2475 2095; x_wconf 86' lang='lat' dir='ltr'><strong>juramentum</strong></span> <span class='ocrx_word' id='word_1_358' title='bbox 2522 2017 2681 2074; x_wconf 82' lang='lat' dir='ltr'><strong>aﬁ‘ert</strong></span> <span class='ocrx_word' id='word_1_359' title='bbox 2736 2015 3129 2072; x_wconf 82' lang='lat' dir='ltr'><strong>necessitatem</strong></span> <span class='ocrx_word' id='word_1_360' title='bbox 3200 2018 3260 2064; x_wconf 91' lang='lat' dir='ltr'><strong>ut</strong></span> <span class='ocrx_word' id='word_1_361' title='bbox 3314 2006 3544 2062; x_wconf 88' lang='lat' dir='ltr'><strong>minime</strong></span> 
     </span>
    </p>
   </div>
   <div class='ocr_carea' id='block_1_50' title="bbox 1957 2101 3543 2179">
    <p class='ocr_par' dir='ltr' id='par_1_50' title="bbox 1957 2101 3543 2179">
     <span class='ocr_line' id='line_1_51' title="bbox 1957 2101 3543 2179; baseline -0.013 -8"><span class='ocrx_word' id='word_1_362' title='bbox 1957 2116 2281 2179; x_wconf 87' lang='lat' dir='ltr'><strong>mentiatur,</strong></span> <span class='ocrx_word' id='word_1_363' title='bbox 2326 2122 2385 2168; x_wconf 92' lang='lat' dir='ltr'><strong>ut</strong></span> <span class='ocrx_word' id='word_1_364' title='bbox 2423 2132 2436 2168; x_wconf 91' lang='lat'><strong>:</strong></span> <span class='ocrx_word' id='word_1_365' title='bbox 2468 2110 2683 2167; x_wconf 77' lang='lat' dir='ltr'><strong>Iuravit</strong></span> <span class='ocrx_word' id='word_1_366' title='bbox 2730 2108 2995 2164; x_wconf 84' lang='lat' dir='ltr'><strong>Dominus</strong></span> <span class='ocrx_word' id='word_1_367' title='bbox 3039 2101 3208 2159; x_wconf 83' lang='lat' dir='ltr'><strong>David</strong></span> <span class='ocrx_word' id='word_1_368' title='bbox 3242 2101 3543 2161; x_wconf 87' lang='lat' dir='ltr'><strong>veritatem,</strong></span> 
     </span>
    </p>
   </div>
   <div class='ocr_carea' id='block_1_51' title="bbox 1955 2188 3548 2278">
    <p class='ocr_par' dir='ltr' id='par_1_51' title="bbox 1955 2188 3548 2278">
     <span class='ocr_line' id='line_1_52' title="bbox 1955 2188 3548 2278; baseline -0.014 -14"><span class='ocrx_word' id='word_1_369' title='bbox 1955 2216 2006 2264; x_wconf 81' lang='lat' dir='ltr'><strong>et</strong></span> <span class='ocrx_word' id='word_1_370' title='bbox 2032 2225 2135 2263; x_wconf 85' lang='lat' dir='ltr'><strong>non</strong></span> <span class='ocrx_word' id='word_1_371' title='bbox 2154 2204 2508 2278; x_wconf 76' lang='lat' dir='ltr'><strong>frustrabitur</strong></span> <span class='ocrx_word' id='word_1_372' title='bbox 2534 2219 2651 2258; x_wconf 88' lang='lat' dir='ltr'><strong>eam</strong></span> <span class='ocrx_word' id='word_1_373' title='bbox 2676 2200 2758 2256; x_wconf 81' lang='lat'><strong>&quot;:</strong></span> <span class='ocrx_word' id='word_1_374' title='bbox 2787 2199 2876 2255; x_wconf 90' lang='lat' dir='ltr'><strong>hic</strong></span> <span class='ocrx_word' id='word_1_375' title='bbox 2898 2197 3033 2253; x_wconf 91' lang='lat' dir='ltr'><strong>ﬁdes</strong></span> <span class='ocrx_word' id='word_1_376' title='bbox 3054 2192 3313 2267; x_wconf 85' lang='lat' dir='ltr'><strong>promissi</strong></span> <span class='ocrx_word' id='word_1_377' title='bbox 3341 2188 3548 2246; x_wconf 85' lang='lat' dir='ltr'><strong>conﬁr-</strong></span> 
     </span>
    </p>
   </div>
   <div class='ocr_carea' id='block_1_52' title="bbox 1956 2292 3547 2370">
    <p class='ocr_par' dir='ltr' id='par_1_52' title="bbox 1956 2292 3547 2370">
     <span class='ocr_line' id='line_1_53' title="bbox 1956 2292 3547 2370; baseline -0.012 -15"><span class='ocrx_word' id='word_1_378' title='bbox 1956 2309 2141 2355; x_wconf 89' lang='lat' dir='ltr'><strong>matur</strong></span> <span class='ocrx_word' id='word_1_379' title='bbox 2179 2296 2567 2370; x_wconf 85' lang='lat' dir='ltr'><strong>jurejurando.</strong></span> <span class='ocrx_word' id='word_1_380' title='bbox 2601 2292 2835 2361; x_wconf 84' lang='lat' dir='ltr'><strong>Quando</strong></span> <span class='ocrx_word' id='word_1_381' title='bbox 2868 2296 3054 2345; x_wconf 89' lang='lat' dir='ltr'><strong>autem</strong></span> <span class='ocrx_word' id='word_1_382' title='bbox 3106 2299 3299 2342; x_wconf 90' lang='lat' dir='ltr'><strong>curam</strong></span> <span class='ocrx_word' id='word_1_383' title='bbox 3346 2297 3547 2354; x_wconf 82' lang='lat' dir='ltr'><strong>gerens</strong></span> 
     </span>
    </p>
   </div>
   <div class='ocr_carea' id='block_1_53' title="bbox 1958 2375 3547 2457">
    <p class='ocr_par' dir='ltr' id='par_1_53' title="bbox 1958 2375 3547 2457">
     <span class='ocr_line' id='line_1_54' title="bbox 1958 2375 3547 2457; baseline -0.013 -12"><span class='ocrx_word' id='word_1_384' title='bbox 1958 2390 2236 2446; x_wconf 86' lang='lat' dir='ltr'><strong>Abraham</strong></span> <span class='ocrx_word' id='word_1_385' title='bbox 2265 2387 2472 2444; x_wconf 85' lang='lat' dir='ltr'><strong>nobilis</strong></span> <span class='ocrx_word' id='word_1_386' title='bbox 2524 2383 2771 2457; x_wconf 86' lang='lat' dir='ltr'><strong>conjugii</strong></span> <span class='ocrx_word' id='word_1_387' title='bbox 2818 2382 2894 2437; x_wconf 89' lang='lat' dir='ltr'><strong>ﬁli</strong></span> <span class='ocrx_word' id='word_1_388' title='bbox 2942 2380 3029 2436; x_wconf 87' lang='lat' dir='ltr'><strong>sui</strong></span> <span class='ocrx_word' id='word_1_389' title='bbox 3078 2377 3252 2442; x_wconf 81' lang='lat' dir='ltr'><strong>unici,</strong></span> <span class='ocrx_word' id='word_1_390' title='bbox 3312 2375 3547 2444; x_wconf 90' lang='lat' dir='ltr'><strong>imperat</strong></span> 
     </span>
    </p>
   </div>
   <div class='ocr_carea' id='block_1_54' title="bbox 1958 2463 3543 2551">
    <p class='ocr_par' dir='ltr' id='par_1_54' title="bbox 1958 2463 3543 2551">
     <span class='ocr_line' id='line_1_55' title="bbox 1958 2463 3543 2551; baseline -0.015 -11"><span class='ocrx_word' id='word_1_391' title='bbox 1958 2498 2121 2539; x_wconf 86' lang='lat' dir='ltr'><strong>servo</strong></span> <span class='ocrx_word' id='word_1_392' title='bbox 2146 2497 2251 2538; x_wconf 90' lang='lat' dir='ltr'><strong>suo</strong></span> <span class='ocrx_word' id='word_1_393' title='bbox 2272 2496 2343 2537; x_wconf 89' lang='lat' dir='ltr'><strong>ne</strong></span> <span class='ocrx_word' id='word_1_394' title='bbox 2368 2480 2606 2551; x_wconf 88' lang='lat' dir='ltr'><strong>aliquam</strong></span> <span class='ocrx_word' id='word_1_395' title='bbox 2636 2475 2791 2532; x_wconf 78' lang='lat' dir='ltr'><strong>exiis</strong></span> <span class='ocrx_word' id='word_1_396' title='bbox 2809 2474 2905 2545; x_wconf 91' lang='lat' dir='ltr'><strong>qui</strong></span> <span class='ocrx_word' id='word_1_397' title='bbox 2932 2479 3153 2529; x_wconf 80' lang='lat' dir='ltr'><strong>suntex</strong></span> <span class='ocrx_word' id='word_1_398' title='bbox 3171 2481 3374 2539; x_wconf 83' lang='lat' dir='ltr'><strong>genere</strong></span> <span class='ocrx_word' id='word_1_399' title='bbox 3397 2463 3543 2519; x_wconf 86' lang='lat' dir='ltr'><strong>Cha-</strong></span> 
     </span>
    </p>
   </div>
   <div class='ocr_carea' id='block_1_55' title="bbox 1958 2555 3551 2646">
    <p class='ocr_par' dir='ltr' id='par_1_55' title="bbox 1958 2555 3551 2646">
     <span class='ocr_line' id='line_1_56' title="bbox 1958 2555 3551 2646; baseline -0.016 -13"><span class='ocrx_word' id='word_1_400' title='bbox 1958 2591 2100 2633; x_wconf 88' lang='lat' dir='ltr'><strong>naan</strong></span> <span class='ocrx_word' id='word_1_401' title='bbox 2129 2614 2145 2641; x_wconf 96' lang='lat'><strong>,</strong></span> <span class='ocrx_word' id='word_1_402' title='bbox 2177 2574 2272 2646; x_wconf 89' lang='lat' dir='ltr'><strong>qui</strong></span> <span class='ocrx_word' id='word_1_403' title='bbox 2299 2571 2548 2629; x_wconf 90' lang='lat' dir='ltr'><strong>damnati</strong></span> <span class='ocrx_word' id='word_1_404' title='bbox 2594 2575 2727 2625; x_wconf 90' lang='lat' dir='ltr'><strong>sunt</strong></span> <span class='ocrx_word' id='word_1_405' title='bbox 2759 2568 2829 2622; x_wconf 89' lang='lat' dir='ltr'><strong>ad</strong></span> <span class='ocrx_word' id='word_1_406' title='bbox 2864 2563 3212 2627; x_wconf 74' lang='lat' dir='ltr'><strong>servitutem,</strong></span> <span class='ocrx_word' id='word_1_407' title='bbox 3249 2555 3551 2626; x_wconf 76' lang='lat' dir='ltr'><strong>coniungat</strong></span> 
     </span>
    </p>
   </div>
   <div class='ocr_carea' id='block_1_56' title="bbox 1958 2654 3550 2728">
    <p class='ocr_par' dir='ltr' id='par_1_56' title="bbox 1958 2654 3550 2728">
     <span class='ocr_line' id='line_1_57' title="bbox 1958 2654 3550 2728; baseline -0.014 -3"><span class='ocrx_word' id='word_1_408' title='bbox 1958 2668 2314 2725; x_wconf 87' lang='lat' dir='ltr'><strong>matrimonio</strong></span> <span class='ocrx_word' id='word_1_409' title='bbox 2338 2682 2465 2722; x_wconf 89' lang='lat' dir='ltr'><strong>cum</strong></span> <span class='ocrx_word' id='word_1_410' title='bbox 2506 2665 2620 2721; x_wconf 91' lang='lat' dir='ltr'><strong>ﬁlio</strong></span> <span class='ocrx_word' id='word_1_411' title='bbox 2647 2664 2822 2728; x_wconf 83' lang='lat' dir='ltr'><strong>Isaac,</strong></span> <span class='ocrx_word' id='word_1_412' title='bbox 2852 2677 2922 2717; x_wconf 91' lang='lat' dir='ltr'><strong>ne</strong></span> <span class='ocrx_word' id='word_1_413' title='bbox 2952 2654 3333 2716; x_wconf 82' lang='lat' dir='ltr'><strong>successionis</strong></span> <span class='ocrx_word' id='word_1_414' title='bbox 3377 2664 3550 2719; x_wconf 83' lang='lat' dir='ltr'><strong>gene-</strong></span> 
     </span>
    </p>
   </div>
   <div class='ocr_carea' id='block_1_57' title="bbox 1958 2740 3550 2828">
    <p class='ocr_par' dir='ltr' id='par_1_57' title="bbox 1958 2740 3550 2828">
     <span class='ocr_line' id='line_1_58' title="bbox 1958 2740 3550 2828; baseline -0.016 -10"><span class='ocrx_word' id='word_1_415' title='bbox 1958 2763 2039 2818; x_wconf 89' lang='lat' dir='ltr'><strong>ris</strong></span> <span class='ocrx_word' id='word_1_416' title='bbox 2057 2760 2321 2818; x_wconf 90' lang='lat' dir='ltr'><strong>nobilitas</strong></span> <span class='ocrx_word' id='word_1_417' title='bbox 2351 2763 2745 2828; x_wconf 87' lang='lat' dir='ltr'><strong>corrumpatur</strong></span> <span class='ocrx_word' id='word_1_418' title='bbox 2768 2753 3033 2817; x_wconf 89' lang='lat' dir='ltr'><strong>_mistione</strong></span> <span class='ocrx_word' id='word_1_419' title='bbox 3046 2746 3268 2806; x_wconf 86' lang='lat' dir='ltr'><strong>servilis</strong></span> <span class='ocrx_word' id='word_1_420' title='bbox 3286 2740 3509 2815; x_wconf 76' lang='lat' dir='ltr'><strong>generis</strong></span> <span class='ocrx_word' id='word_1_421' title='bbox 3533 2752 3550 2793; x_wconf 89' lang='lat'><strong>:</strong></span> 
     </span>
    </p>
   </div>
   <div class='ocr_carea' id='block_1_58' title="bbox 1961 2832 3550 2924">
    <p class='ocr_par' dir='ltr' id='par_1_58' title="bbox 1961 2832 3550 2924">
     <span class='ocr_line' id='line_1_59' title="bbox 1961 2832 3550 2924; baseline -0.016 -14"><span class='ocrx_word' id='word_1_422' title='bbox 1961 2853 2058 2911; x_wconf 90' lang='lat' dir='ltr'><strong>sed</strong></span> <span class='ocrx_word' id='word_1_423' title='bbox 2096 2869 2162 2909; x_wconf 81' lang='lat' dir='ltr'><strong>ex</strong></span> <span class='ocrx_word' id='word_1_424' title='bbox 2186 2850 2369 2924; x_wconf 89' lang='lat' dir='ltr'><strong>patria</strong></span> <span class='ocrx_word' id='word_1_425' title='bbox 2398 2864 2499 2906; x_wconf 90' lang='lat' dir='ltr'><strong>sua</strong></span> <span class='ocrx_word' id='word_1_426' title='bbox 2532 2856 2680 2904; x_wconf 89' lang='lat' dir='ltr'><strong>terra</strong></span> <span class='ocrx_word' id='word_1_427' title='bbox 2706 2854 2760 2902; x_wconf 92' lang='lat' dir='ltr'><strong>et</strong></span> <span class='ocrx_word' id='word_1_428' title='bbox 2779 2843 3111 2914; x_wconf 79' lang='lat' dir='ltr'><strong>cognatione</strong></span> <span class='ocrx_word' id='word_1_429' title='bbox 3133 2837 3246 2894; x_wconf 87' lang='lat' dir='ltr'><strong>tilio</strong></span> <span class='ocrx_word' id='word_1_430' title='bbox 3267 2850 3368 2891; x_wconf 90' lang='lat' dir='ltr'><strong>suo</strong></span> <span class='ocrx_word' id='word_1_431' title='bbox 3397 2832 3550 2887; x_wconf 84' lang='lat' dir='ltr'><strong>acci-</strong></span> 
     </span>
    </p>
   </div>
   <div class='ocr_carea' id='block_1_59' title="bbox 1962 2926 3555 3017">
    <p class='ocr_par' dir='ltr' id='par_1_59' title="bbox 1962 2926 3555 3017">
     <span class='ocr_line' id='line_1_60' title="bbox 1962 2926 3555 3017; baseline -0.016 -16"><span class='ocrx_word' id='word_1_432' title='bbox 1962 2946 2077 3017; x_wconf 91' lang='lat' dir='ltr'><strong>piat</strong></span> <span class='ocrx_word' id='word_1_433' title='bbox 2094 2944 2387 3015; x_wconf 82' lang='lat' dir='ltr'><strong>conjugem</strong></span> <span class='ocrx_word' id='word_1_434' title='bbox 2408 2941 2479 3005; x_wconf 79' lang='lat'><strong>&quot;,</strong></span> <span class='ocrx_word' id='word_1_435' title='bbox 2502 2938 2664 2996; x_wconf 84' lang='lat' dir='ltr'><strong>aﬁ‘ert</strong></span> <span class='ocrx_word' id='word_1_436' title='bbox 2681 2936 3184 2999; x_wconf 44' lang='lat' dir='ltr'><strong>necessitatem,“ne</strong></span> <span class='ocrx_word' id='word_1_437' title='bbox 3208 2932 3263 2985; x_wconf 94' lang='lat' dir='ltr'><strong>in</strong></span> <span class='ocrx_word' id='word_1_438' title='bbox 3279 2926 3439 2998; x_wconf 83' lang='lat' dir='ltr'><strong>jussu</strong></span> <span class='ocrx_word' id='word_1_439' title='bbox 3462 2938 3555 2979; x_wconf 75' lang='lat' dir='ltr'><strong>ex-</strong></span> 
     </span>
    </p>
   </div>
   <div class='ocr_carea' id='block_1_60' title="bbox 1916 3021 3553 3110">
    <p class='ocr_par' dir='ltr' id='par_1_60' title="bbox 1916 3021 3553 3110">
     <span class='ocr_line' id='line_1_61' title="bbox 1916 3021 3553 3110; baseline -0.015 -15"><span class='ocrx_word' id='word_1_440' title='bbox 1916 3074 1923 3085; x_wconf 65' lang='lat'><strong>.</strong></span> <span class='ocrx_word' id='word_1_441' title='bbox 1963 3037 2246 3110; x_wconf 85' lang='lat' dir='ltr'><strong>sequendo</strong></span> <span class='ocrx_word' id='word_1_442' title='bbox 2276 3036 2350 3091; x_wconf 90' lang='lat' dir='ltr'><strong>sit</strong></span> <span class='ocrx_word' id='word_1_443' title='bbox 2380 3033 2687 3106; x_wconf 86' lang='lat' dir='ltr'><strong>negligens,</strong></span> <span class='ocrx_word' id='word_1_444' title='bbox 2719 3036 3015 3102; x_wconf 88' lang='lat' dir='ltr'><strong>propterea</strong></span> <span class='ocrx_word' id='word_1_445' title='bbox 3041 3023 3192 3096; x_wconf 90' lang='lat' dir='ltr'><strong>quod</strong></span> <span class='ocrx_word' id='word_1_446' title='bbox 3228 3036 3353 3076; x_wconf 88' lang='lat' dir='ltr'><strong>eum</strong></span> <span class='ocrx_word' id='word_1_447' title='bbox 3389 3021 3553 3091; x_wconf 83' lang='lat' dir='ltr'><strong>adju-</strong></span> 
     </span>
    </p>
   </div>
   <div class='ocr_carea' id='block_1_61' title="bbox 1963 3110 3557 3193">
    <p class='ocr_par' dir='ltr' id='par_1_61' title="bbox 1963 3110 3557 3193">
     <span class='ocr_line' id='line_1_62' title="bbox 1963 3110 3557 3193; baseline -0.013 -9"><span class='ocrx_word' id='word_1_448' title='bbox 1963 3128 2191 3193; x_wconf 89' lang='lat' dir='ltr'><strong>raverit,</strong></span> <span class='ocrx_word' id='word_1_449' title='bbox 2230 3127 2276 3183; x_wconf 89' lang='lat' dir='ltr'><strong>si</strong></span> <span class='ocrx_word' id='word_1_450' title='bbox 2312 3140 2439 3182; x_wconf 89' lang='lat' dir='ltr'><strong>eum</strong></span> <span class='ocrx_word' id='word_1_451' title='bbox 2475 3125 2679 3189; x_wconf 87' lang='lat' dir='ltr'><strong>mittat,</strong></span> <span class='ocrx_word' id='word_1_452' title='bbox 2727 3127 2953 3192; x_wconf 89' lang='lat' dir='ltr'><strong>propter</strong></span> <span class='ocrx_word' id='word_1_453' title='bbox 2983 3117 3171 3187; x_wconf 89' lang='lat' dir='ltr'><strong>ipsum</strong></span> <span class='ocrx_word' id='word_1_454' title='bbox 3202 3127 3329 3169; x_wconf 87' lang='lat' dir='ltr'><strong>esse</strong></span> <span class='ocrx_word' id='word_1_455' title='bbox 3374 3110 3557 3166; x_wconf 80' lang='lat' dir='ltr'><strong>factu-</strong></span> 
     </span>
    </p>
   </div>
   <div class='ocr_carea' id='block_1_62' title="bbox 263 3170 1860 3290">
    <p class='ocr_par' dir='ltr' id='par_1_62' title="bbox 263 3170 1860 3271">
     <span class='ocr_line' id='line_1_63' title="bbox 263 3170 1860 3271; baseline -0.007 -16"><span class='ocrx_word' id='word_1_456' title='bbox 263 3170 465 3271; x_wconf 78' lang='grc' dir='ltr'><strong>στέλλῃ</strong></span> <span class='ocrx_word' id='word_1_457' title='bbox 527 3170 778 3271; x_wconf 74' lang='grc' dir='ltr'><strong>ποιήσειν</strong></span> <span class='ocrx_word' id='word_1_458' title='bbox 834 3196 912 3251; x_wconf 77' lang='grc' dir='ltr'><strong>δι’</strong></span> <span class='ocrx_word' id='word_1_459' title='bbox 945 3170 1144 3259; x_wconf 72' lang='grc' dir='ltr'><strong>αὐτὸν,</strong></span> <span class='ocrx_word' id='word_1_460' title='bbox 1197 3194 1298 3248; x_wconf 84' lang='grc' dir='ltr'><strong>ὅσα</strong></span> <span class='ocrx_word' id='word_1_461' title='bbox 1344 3192 1472 3264; x_wconf 78' lang='grc' dir='ltr'><strong>περὶ</strong></span> <span class='ocrx_word' id='word_1_462' title='bbox 1523 3170 1617 3245; x_wconf 79' lang='grc' dir='ltr'><strong>τοῦ</strong></span> <span class='ocrx_word' id='word_1_463' title='bbox 1674 3192 1860 3257; x_wconf 84' lang='grc' dir='ltr'><strong>παιδὸς</strong></span> 
     </span>
    </p>
   </div>
   <div class='ocr_carea' id='block_1_63' title="bbox 1967 3170 3560 3290">
    <p class='ocr_par' dir='ltr' id='par_1_63' title="bbox 1969 3170 3560 3290">
     <span class='ocr_line' id='line_1_64' title="bbox 1969 3170 3064 3193; baseline -0.013 -9"><span class='ocrx_word' id='word_1_464' title='bbox 1969 3170 2191 3193; x_wconf 74' lang='lat'><strong>.....,...,</strong></span> <span class='ocrx_word' id='word_1_465' title='bbox 2230 3170 2276 3183; x_wconf 84' lang='grc'><strong>.,.</strong></span> <span class='ocrx_word' id='word_1_466' title='bbox 2313 3170 2439 3182; x_wconf 70' lang='grc' dir='ltr'><strong>ν..-</strong></span> <span class='ocrx_word' id='word_1_467' title='bbox 2475 3170 2679 3189; x_wconf 50' lang='grc' dir='ltr'><strong>η.-,η,</strong></span> <span class='ocrx_word' id='word_1_468' title='bbox 2729 3170 2941 3192; x_wconf 30' lang='lat' dir='ltr'><strong>rer-&quot;</strong></span> <span class='ocrx_word' id='word_1_469' title='bbox 2986 3170 3064 3187; x_wconf 51' lang='grc' dir='ltr'><strong>τ,</strong></span> 
     </span>
     <span class='ocr_line' id='line_1_65' title="bbox 1970 3203 3560 3290; baseline -0.01 -15"><span class='ocrx_word' id='word_1_470' title='bbox 1970 3236 2093 3277; x_wconf 84' lang='lat' dir='ltr'><strong>rum</strong></span> <span class='ocrx_word' id='word_1_471' title='bbox 2124 3233 2248 3290; x_wconf 60' lang='lat' dir='ltr'><strong>quae</strong></span> <span class='ocrx_word' id='word_1_472' title='bbox 2275 3216 2493 3273; x_wconf 89' lang='lat' dir='ltr'><strong>censuit</strong></span> <span class='ocrx_word' id='word_1_473' title='bbox 2530 3214 2602 3269; x_wconf 90' lang='lat' dir='ltr'><strong>de</strong></span> <span class='ocrx_word' id='word_1_474' title='bbox 2635 3212 2772 3268; x_wconf 87' lang='lat' dir='ltr'><strong>ﬁlio.</strong></span> <span class='ocrx_word' id='word_1_475' title='bbox 2827 3209 3138 3281; x_wconf 83' lang='lat' dir='ltr'><strong>Adjuratur</strong></span> <span class='ocrx_word' id='word_1_476' title='bbox 3159 3220 3292 3276; x_wconf 80' lang='lat' dir='ltr'><strong>ergo</strong></span> <span class='ocrx_word' id='word_1_477' title='bbox 3318 3203 3560 3259; x_wconf 78' lang='lat' dir='ltr'><strong>famulus</strong></span> 
     </span>
    </p>
   </div>
   <div class='ocr_carea' id='block_1_64' title="bbox 262 3281 1865 3366">
    <p class='ocr_par' dir='ltr' id='par_1_64' title="bbox 262 3281 1865 3366">
     <span class='ocr_line' id='line_1_66' title="bbox 262 3281 1865 3366; baseline -0.006 -19"><span class='ocrx_word' id='word_1_478' title='bbox 262 3293 611 3366; x_wconf 77' lang='grc' dir='ltr'><strong>ἐδοκίμασεν.</strong></span> <span class='ocrx_word' id='word_1_479' title='bbox 669 3287 982 3361; x_wconf 80' lang='grc' dir='ltr'><strong>Ὀρκίζεται</strong></span> <span class='ocrx_word' id='word_1_480' title='bbox 1029 3285 1212 3340; x_wconf 87' lang='grc' dir='ltr'><strong>τοίνυν</strong></span> <span class='ocrx_word' id='word_1_481' title='bbox 1266 3285 1372 3339; x_wconf 85' lang='grc' dir='ltr'><strong>ὑπὸ</strong></span> <span class='ocrx_word' id='word_1_482' title='bbox 1418 3281 1514 3338; x_wconf 81' lang='grc' dir='ltr'><strong>τοῦ</strong></span> <span class='ocrx_word' id='word_1_483' title='bbox 1560 3283 1865 3366; x_wconf 64' lang='grc' dir='ltr'><strong>Ἀθραὰμό</strong></span> 
     </span>
    </p>
   </div>
   <div class='ocr_carea' id='block_1_65' title="bbox 266 3358 1867 3459">
    <p class='ocr_par' dir='ltr' id='par_1_65' title="bbox 266 3358 1867 3459">
     <span class='ocr_line' id='line_1_67' title="bbox 266 3358 1867 3459; baseline -0.006 -20"><span class='ocrx_word' id='word_1_484' title='bbox 266 3358 548 3459; x_wconf 75' lang='grc' dir='ltr'><strong>θεράπων,</strong></span> <span class='ocrx_word' id='word_1_485' title='bbox 611 3383 701 3437; x_wconf 88' lang='grc' dir='ltr'><strong>’ίνα</strong></span> <span class='ocrx_word' id='word_1_486' title='bbox 863 3379 1053 3436; x_wconf 84' lang='grc' dir='ltr'><strong>Ἰσαὰκ</strong></span> <span class='ocrx_word' id='word_1_487' title='bbox 1095 3378 1194 3450; x_wconf 78' lang='grc' dir='ltr'><strong>τὴν</strong></span> <span class='ocrx_word' id='word_1_488' title='bbox 1240 3377 1557 3450; x_wconf 83' lang='grc' dir='ltr'><strong>πρέπουσαν</strong></span> <span class='ocrx_word' id='word_1_489' title='bbox 1603 3358 1867 3446; x_wconf 77' lang='grc' dir='ltr'><strong>συζυγίαν</strong></span> 
     </span>
    </p>
   </div>
   <div class='ocr_carea' id='block_1_66' title="bbox 268 3467 1867 3551">
    <p class='ocr_par' dir='ltr' id='par_1_66' title="bbox 268 3467 1867 3551">
     <span class='ocr_line' id='line_1_68' title="bbox 268 3467 1867 3551; baseline -0.007 -17"><span class='ocrx_word' id='word_1_490' title='bbox 268 3476 609 3551; x_wconf 80' lang='grc' dir='ltr'><strong>ἁρμόσηται.</strong></span> <span class='ocrx_word' id='word_1_491' title='bbox 646 3473 855 3545; x_wconf 75' lang='grc' dir='ltr'><strong>Διπλῆς</strong></span> <span class='ocrx_word' id='word_1_492' title='bbox 885 3471 1066 3526; x_wconf 86' lang='grc' dir='ltr'><strong>τοίνυν</strong></span> <span class='ocrx_word' id='word_1_493' title='bbox 1098 3469 1269 3540; x_wconf 76' lang='grc' dir='ltr'><strong>οὔσης</strong></span> <span class='ocrx_word' id='word_1_494' title='bbox 1297 3468 1399 3539; x_wconf 79' lang='grc' dir='ltr'><strong>τῆς</strong></span> <span class='ocrx_word' id='word_1_495' title='bbox 1424 3467 1567 3523; x_wconf 84' lang='grc' dir='ltr'><strong>κατὰ</strong></span> <span class='ocrx_word' id='word_1_496' title='bbox 1586 3468 1678 3522; x_wconf 77' lang='grc' dir='ltr'><strong>τὸν</strong></span> <span class='ocrx_word' id='word_1_497' title='bbox 1703 3469 1867 3539; x_wconf 86' lang='grc' dir='ltr'><strong>ὅρκον</strong></span> 
     </span>
    </p>
   </div>
   <div class='ocr_carea' id='block_1_67' title="bbox 268 3559 1867 3641">
    <p class='ocr_par' dir='ltr' id='par_1_67' title="bbox 268 3559 1867 3641">
     <span class='ocr_line' id='line_1_69' title="bbox 268 3559 1867 3641; baseline -0.006 -17"><span class='ocrx_word' id='word_1_498' title='bbox 268 3569 573 3641; x_wconf 72' lang='grc' dir='ltr'><strong>ἐνεργείας,</strong></span> <span class='ocrx_word' id='word_1_499' title='bbox 608 3565 846 3624; x_wconf 73' lang='grc' dir='ltr'><strong>ἐνταῦθα</strong></span> <span class='ocrx_word' id='word_1_500' title='bbox 873 3567 909 3637; x_wconf 84' lang='grc' dir='ltr'>ἠ</span> <span class='ocrx_word' id='word_1_501' title='bbox 962 3564 1101 3638; x_wconf 82' lang='grc' dir='ltr'><strong>πρὸς</strong></span> <span class='ocrx_word' id='word_1_502' title='bbox 1152 3560 1405 3616; x_wconf 79' lang='grc' dir='ltr'><strong>τοσοῦτον</strong></span> <span class='ocrx_word' id='word_1_503' title='bbox 1443 3559 1578 3630; x_wconf 79' lang='grc' dir='ltr'><strong>ὕψος</strong></span> <span class='ocrx_word' id='word_1_504' title='bbox 1625 3560 1867 3631; x_wconf 84' lang='grc' dir='ltr'><strong>ἀναδρα-</strong></span> 
     </span>
    </p>
   </div>
   <div class='ocr_carea' id='block_1_68' title="bbox 276 3648 1869 3732">
    <p class='ocr_par' dir='ltr' id='par_1_68' title="bbox 276 3648 1869 3732">
     <span class='ocr_line' id='line_1_70' title="bbox 276 3648 1869 3732; baseline 0 -17"><span class='ocrx_word' id='word_1_505' title='bbox 276 3660 454 3732; x_wconf 80' lang='grc' dir='ltr'><strong>μοῦσα</strong></span> <span class='ocrx_word' id='word_1_506' title='bbox 489 3659 660 3731; x_wconf 82' lang='grc' dir='ltr'><strong>ψυχὴ,</strong></span> <span class='ocrx_word' id='word_1_507' title='bbox 686 3658 813 3713; x_wconf 81' lang='grc' dir='ltr'><strong>ὅσον</strong></span> <span class='ocrx_word' id='word_1_508' title='bbox 841 3658 901 3711; x_wconf 83' lang='grc' dir='ltr'><strong>ὲν</strong></span> <span class='ocrx_word' id='word_1_509' title='bbox 940 3658 1057 3720; x_wconf 84' lang='grc' dir='ltr'><strong>τοῖς</strong></span> <span class='ocrx_word' id='word_1_510' title='bbox 1095 3651 1601 3726; x_wconf 75' lang='grc' dir='ltr'><strong>προεξητασμένοις</strong></span> <span class='ocrx_word' id='word_1_511' title='bbox 1625 3648 1869 3721; x_wconf 77' lang='grc' dir='ltr'><strong>ὲθεωρή-</strong></span> 
     </span>
    </p>
   </div>
   <div class='ocr_carea' id='block_1_69' title="bbox 276 3737 1870 3823">
    <p class='ocr_par' dir='ltr' id='par_1_69' title="bbox 276 3737 1870 3823">
     <span class='ocr_line' id='line_1_71' title="bbox 276 3737 1870 3823; baseline -0.01 -16"><span class='ocrx_word' id='word_1_512' title='bbox 276 3767 486 3823; x_wconf 84' lang='grc' dir='ltr'><strong>σαμεν,</strong></span> <span class='ocrx_word' id='word_1_513' title='bbox 532 3752 654 3813; x_wconf 82' lang='grc' dir='ltr'><strong>ταῖς</strong></span> <span class='ocrx_word' id='word_1_514' title='bbox 706 3745 1180 3821; x_wconf 82' lang='grc' dir='ltr'><strong>μαθητευομέναις</strong></span> <span class='ocrx_word' id='word_1_515' title='bbox 1226 3742 1426 3813; x_wconf 76' lang='grc' dir='ltr'><strong>ψυχαῖς</strong></span> <span class='ocrx_word' id='word_1_516' title='bbox 1473 3740 1574 3812; x_wconf 77' lang='grc' dir='ltr'><strong>τὴν</strong></span> <span class='ocrx_word' id='word_1_517' title='bbox 1621 3739 1759 3812; x_wconf 81' lang='grc' dir='ltr'><strong>πρὸς</strong></span> <span class='ocrx_word' id='word_1_518' title='bbox 1806 3737 1870 3791; x_wconf 80' lang='grc' dir='ltr'><strong>τὸ</strong></span> 
     </span>
    </p>
   </div>
   <div class='ocr_carea' id='block_1_70' title="bbox 275 3826 1869 3914">
    <p class='ocr_par' dir='ltr' id='par_1_70' title="bbox 275 3826 1869 3914">
     <span class='ocr_line' id='line_1_72' title="bbox 275 3826 1869 3914; baseline -0.009 -16"><span class='ocrx_word' id='word_1_519' title='bbox 275 3844 481 3898; x_wconf 79' lang='grc' dir='ltr'><strong>τέλειον</strong></span> <span class='ocrx_word' id='word_1_520' title='bbox 513 3840 738 3914; x_wconf 88' lang='grc' dir='ltr'><strong>πρόοδον</strong></span> <span class='ocrx_word' id='word_1_521' title='bbox 763 3836 1144 3910; x_wconf 82' lang='grc' dir='ltr'><strong>ὑφηγουμένη,</strong></span> <span class='ocrx_word' id='word_1_522' title='bbox 1172 3835 1271 3905; x_wconf 83' lang='grc' dir='ltr'><strong>οὐχ</strong></span> <span class='ocrx_word' id='word_1_523' title='bbox 1315 3826 1392 3891; x_wconf 83' lang='grc' dir='ltr'><strong>ὧν</strong></span> <span class='ocrx_word' id='word_1_524' title='bbox 1431 3831 1570 3904; x_wconf 74' lang='grc' dir='ltr'><strong>αὕτη</strong></span> <span class='ocrx_word' id='word_1_525' title='bbox 1600 3831 1869 3902; x_wconf 83' lang='grc' dir='ltr'><strong>τετύχηκε</strong></span> 
     </span>
    </p>
   </div>
   <div class='ocr_carea' id='block_1_71' title="bbox 273 3922 1872 4009">
    <p class='ocr_par' dir='ltr' id='par_1_71' title="bbox 273 3922 1872 4009">
     <span class='ocr_line' id='line_1_73' title="bbox 273 3922 1872 4009; baseline -0.011 -17"><span class='ocrx_word' id='word_1_526' title='bbox 273 3936 507 4009; x_wconf 80' lang='grc' dir='ltr'><strong>παρέχει</strong></span> <span class='ocrx_word' id='word_1_527' title='bbox 543 3936 665 3998; x_wconf 81' lang='grc' dir='ltr'><strong>ταῖς</strong></span> <span class='ocrx_word' id='word_1_528' title='bbox 708 3931 1037 3995; x_wconf 82' lang='grc' dir='ltr'><strong>άκουούσαις</strong></span> <span class='ocrx_word' id='word_1_529' title='bbox 1069 3928 1159 3982; x_wconf 84' lang='grc' dir='ltr'><strong>διὰ</strong></span> <span class='ocrx_word' id='word_1_530' title='bbox 1191 3925 1289 3980; x_wconf 79' lang='grc' dir='ltr'><strong>τοῦ</strong></span> <span class='ocrx_word' id='word_1_531' title='bbox 1332 3927 1500 3998; x_wconf 82' lang='grc' dir='ltr'><strong>ὅρκου</strong></span> <span class='ocrx_word' id='word_1_532' title='bbox 1539 3923 1604 3977; x_wconf 83' lang='grc' dir='ltr'><strong>τὸ</strong></span> <span class='ocrx_word' id='word_1_533' title='bbox 1630 3922 1872 3995; x_wconf 78' lang='grc' dir='ltr'><strong>ἀναμφί-</strong></span> 
     </span>
    </p>
   </div>
   <div class='ocr_carea' id='block_1_72' title="bbox 277 4013 1871 4089">
    <p class='ocr_par' dir='ltr' id='par_1_72' title="bbox 277 4013 1871 4089">
     <span class='ocr_line' id='line_1_74' title="bbox 277 4013 1871 4089; baseline -0.01 -7"><span class='ocrx_word' id='word_1_534' title='bbox 277 4028 466 4082; x_wconf 88' lang='grc' dir='ltr'><strong>6ολον·</strong></span> <span class='ocrx_word' id='word_1_535' title='bbox 498 4025 613 4080; x_wconf 85' lang='grc' dir='ltr'><strong>ἀλλ’</strong></span> <span class='ocrx_word' id='word_1_536' title='bbox 660 4023 875 4086; x_wconf 66' lang='grc' dir='ltr'><strong>ὲκείνας</strong></span> <span class='ocrx_word' id='word_1_537' title='bbox 902 4020 990 4075; x_wconf 83' lang='grc' dir='ltr'><strong>διὰ</strong></span> <span class='ocrx_word' id='word_1_538' title='bbox 1018 4018 1112 4073; x_wconf 78' lang='grc' dir='ltr'><strong>τοῦ</strong></span> <span class='ocrx_word' id='word_1_539' title='bbox 1155 4014 1422 4089; x_wconf 81' lang='grc' dir='ltr'><strong>ὁρκισμοῦ</strong></span> <span class='ocrx_word' id='word_1_540' title='bbox 1455 4014 1597 4088; x_wconf 81' lang='grc' dir='ltr'><strong>πρὸς</strong></span> <span class='ocrx_word' id='word_1_541' title='bbox 1622 4013 1716 4068; x_wconf 81' lang='grc' dir='ltr'><strong>τὸν</strong></span> <span class='ocrx_word' id='word_1_542' title='bbox 1746 4013 1871 4067; x_wconf 85' lang='grc' dir='ltr'><strong>κατ’</strong></span> 
     </span>
    </p>
   </div>
   <div class='ocr_carea' id='block_1_73' title="bbox 278 4108 1872 4196">
    <p class='ocr_par' dir='ltr' id='par_1_73' title="bbox 278 4108 1872 4196">
     <span class='ocr_line' id='line_1_75' title="bbox 278 4108 1872 4196; baseline -0.01 -19"><span class='ocrx_word' id='word_1_543' title='bbox 278 4121 481 4196; x_wconf 82' lang='grc' dir='ltr'><strong>ἀρετὴν</strong></span> <span class='ocrx_word' id='word_1_544' title='bbox 508 4119 843 4192; x_wconf 82' lang='grc' dir='ltr'><strong>χειραγωγεῖ</strong></span> <span class='ocrx_word' id='word_1_545' title='bbox 871 4115 1007 4187; x_wconf 85' lang='grc' dir='ltr'><strong>βίον,</strong></span> <span class='ocrx_word' id='word_1_546' title='bbox 1046 4113 1186 4186; x_wconf 79' lang='grc' dir='ltr'><strong>μετὰ</strong></span> <span class='ocrx_word' id='word_1_547' title='bbox 1210 4113 1333 4166; x_wconf 84' lang='grc' dir='ltr'><strong>τότε</strong></span> <span class='ocrx_word' id='word_1_548' title='bbox 1355 4108 1656 4180; x_wconf 81' lang='grc' dir='ltr'><strong>ἀκοίμητόν</strong></span> <span class='ocrx_word' id='word_1_549' title='bbox 1684 4123 1747 4162; x_wconf 86' lang='grc' dir='ltr'><strong>τε</strong></span> <span class='ocrx_word' id='word_1_550' title='bbox 1776 4109 1872 4162; x_wconf 75' lang='grc' dir='ltr'><strong>καὶ</strong></span> 
     </span>
    </p>
   </div>
   <div class='ocr_carea' id='block_1_74' title="bbox 278 4196 1873 4287">
    <p class='ocr_par' dir='ltr' id='par_1_74' title="bbox 278 4196 1873 4287">
     <span class='ocr_line' id='line_1_76' title="bbox 278 4196 1873 4287; baseline -0.011 -17"><span class='ocrx_word' id='word_1_551' title='bbox 278 4213 649 4287; x_wconf 73' lang='grc' dir='ltr'><strong>ἐγρηγορυῖαν</strong></span> <span class='ocrx_word' id='word_1_552' title='bbox 689 4210 790 4280; x_wconf 85' lang='grc' dir='ltr'><strong>τὴν</strong></span> <span class='ocrx_word' id='word_1_553' title='bbox 825 4207 1046 4278; x_wconf 70' lang='grc' dir='ltr'><strong>ἀγάπην</strong></span> <span class='ocrx_word' id='word_1_554' title='bbox 1072 4196 1258 4277; x_wconf 63' lang='grc' dir='ltr'><strong>έχειν,</strong></span> <span class='ocrx_word' id='word_1_555' title='bbox 1304 4203 1411 4268; x_wconf 68' lang='grc' dir='ltr'><strong>ἕως</strong></span> <span class='ocrx_word' id='word_1_556' title='bbox 1456 4202 1523 4257; x_wconf 80' lang='grc' dir='ltr'>ἂν</span> <span class='ocrx_word' id='word_1_557' title='bbox 1568 4203 1648 4265; x_wconf 89' lang='grc' dir='ltr'><strong>είς</strong></span> <span class='ocrx_word' id='word_1_558' title='bbox 1697 4199 1873 4272; x_wconf 84' lang='grc' dir='ltr'><strong>πέρας</strong></span> 
     </span>
    </p>
   </div>
   <div class='ocr_carea' id='block_1_75' title="bbox 279 4286 1876 4370">
    <p class='ocr_par' dir='ltr' id='par_1_75' title="bbox 279 4286 1876 4370">
     <span class='ocr_line' id='line_1_77' title="bbox 279 4286 1876 4370; baseline -0.012 -11"><span class='ocrx_word' id='word_1_559' title='bbox 279 4304 427 4359; x_wconf 80' lang='grc' dir='ltr'><strong>ιλθοι</strong></span> <span class='ocrx_word' id='word_1_560' title='bbox 470 4286 535 4355; x_wconf 56' lang='lat' dir='ltr'><strong>vis</strong></span> <span class='ocrx_word' id='word_1_561' title='bbox 567 4298 774 4370; x_wconf 79' lang='grc' dir='ltr'><strong>ἀγαθὸν</strong></span> <span class='ocrx_word' id='word_1_562' title='bbox 820 4295 986 4351; x_wconf 81' lang='grc' dir='ltr'><strong>αὑτοῦ</strong></span> <span class='ocrx_word' id='word_1_563' title='bbox 1035 4294 1269 4367; x_wconf 80' lang='grc' dir='ltr'><strong>θέλημα.</strong></span> <span class='ocrx_word' id='word_1_564' title='bbox 1318 4289 1492 4347; x_wconf 79' lang='grc' dir='ltr'><strong>Τοῦτο</strong></span> <span class='ocrx_word' id='word_1_565' title='bbox 1541 4289 1601 4344; x_wconf 82' lang='grc' dir='ltr'><strong>δέ</strong></span> <span class='ocrx_word' id='word_1_566' title='bbox 1649 4290 1766 4342; x_wconf 72' lang='grc' dir='ltr'><strong>ἐστι</strong></span> <span class='ocrx_word' id='word_1_567' title='bbox 1811 4286 1876 4340; x_wconf 80' lang='grc' dir='ltr'><strong>τδ</strong></span> 
     </span>
    </p>
   </div>
   <div class='ocr_carea' id='block_1_76' title="bbox 280 4379 1869 4463">
    <p class='ocr_par' dir='ltr' id='par_1_76' title="bbox 280 4379 1869 4463">
     <span class='ocr_line' id='line_1_78' title="bbox 280 4379 1869 4463; baseline -0.013 -11"><span class='ocrx_word' id='word_1_568' title='bbox 280 4398 491 4460; x_wconf 86' lang='grc' dir='ltr'><strong>πάντας</strong></span> <span class='ocrx_word' id='word_1_569' title='bbox 523 4391 786 4463; x_wconf 77' lang='grc' dir='ltr'><strong>σωθῆναι,</strong></span> <span class='ocrx_word' id='word_1_570' title='bbox 818 4390 913 4444; x_wconf 70' lang='grc' dir='ltr'><strong>καὶ</strong></span> <span class='ocrx_word' id='word_1_571' title='bbox 941 4389 1022 4452; x_wconf 87' lang='grc' dir='ltr'><strong>είς</strong></span> <span class='ocrx_word' id='word_1_572' title='bbox 1046 4385 1339 4456; x_wconf 70' lang='grc' dir='ltr'><strong>ἐπίγνωσιν</strong></span> <span class='ocrx_word' id='word_1_573' title='bbox 1369 4381 1629 4455; x_wconf 82' lang='grc' dir='ltr'><strong>ἀληθείας</strong></span> <span class='ocrx_word' id='word_1_574' title='bbox 1675 4379 1869 4434; x_wconf 70' lang='grc' dir='ltr'><strong>ἐλθεῖν.</strong></span> 
     </span>
    </p>
   </div>
   <div class='ocr_carea' id='block_1_77' title="bbox 292 4468 1872 4556">
    <p class='ocr_par' dir='ltr' id='par_1_77' title="bbox 292 4468 1872 4556">
     <span class='ocr_line' id='line_1_79' title="bbox 292 4468 1872 4556; baseline -0.012 -16"><span class='ocrx_word' id='word_1_575' title='bbox 292 4488 354 4541; x_wconf 86' lang='lat'><strong>&#39;0</strong></span> <span class='ocrx_word' id='word_1_576' title='bbox 397 4485 456 4539; x_wconf 79' lang='grc' dir='ltr'><strong>δὲ</strong></span> <span class='ocrx_word' id='word_1_577' title='bbox 487 4481 753 4556; x_wconf 83' lang='grc' dir='ltr'><strong>ὀρκισμὺς</strong></span> <span class='ocrx_word' id='word_1_578' title='bbox 784 4478 975 4551; x_wconf 83' lang='grc' dir='ltr'><strong>ὥσπερ</strong></span> <span class='ocrx_word' id='word_1_579' title='bbox 1020 4479 1139 4530; x_wconf 74' lang='grc' dir='ltr'><strong>ἐκεῖ</strong></span> <span class='ocrx_word' id='word_1_580' title='bbox 1183 4475 1243 4527; x_wconf 79' lang='grc' dir='ltr'><strong>ὲν</strong></span> <span class='ocrx_word' id='word_1_581' title='bbox 1282 4473 1363 4544; x_wconf 84' lang='grc' dir='ltr'><strong>τῷ</strong></span> <span class='ocrx_word' id='word_1_582' title='bbox 1416 4471 1579 4544; x_wconf 82' lang='grc' dir='ltr'><strong>μηρῷ</strong></span> <span class='ocrx_word' id='word_1_583' title='bbox 1630 4468 1726 4524; x_wconf 80' lang='grc' dir='ltr'><strong>τοῦ</strong></span> <span class='ocrx_word' id='word_1_584' title='bbox 1760 4484 1872 4523; x_wconf 87' lang='grc' dir='ltr'><strong>πα-</strong></span> 
     </span>
    </p>
   </div>
   <div class='ocr_carea' id='block_1_78' title="bbox 280 4560 1873 4651">
    <p class='ocr_par' dir='ltr' id='par_1_78' title="bbox 280 4560 1873 4651">
     <span class='ocr_line' id='line_1_80' title="bbox 280 4560 1873 4651; baseline -0.012 -19"><span class='ocrx_word' id='word_1_585' title='bbox 280 4578 546 4651; x_wconf 84' lang='grc' dir='ltr'><strong>τριάρχου</strong></span> <span class='ocrx_word' id='word_1_586' title='bbox 576 4573 812 4644; x_wconf 71' lang='grc' dir='ltr'><strong>ἐγένετο,</strong></span> <span class='ocrx_word' id='word_1_587' title='bbox 840 4570 1012 4634; x_wconf 74' lang='grc' dir='ltr'><strong>οὕτως</strong></span> <span class='ocrx_word' id='word_1_588' title='bbox 1038 4565 1276 4623; x_wconf 74' lang='grc' dir='ltr'><strong>ἐνταῦθα</strong></span> <span class='ocrx_word' id='word_1_589' title='bbox 1301 4566 1360 4619; x_wconf 76' lang='grc' dir='ltr'><strong>ὲν</strong></span> <span class='ocrx_word' id='word_1_590' title='bbox 1397 4563 1664 4634; x_wconf 86' lang='grc' dir='ltr'><strong>δυνάμεσι</strong></span> <span class='ocrx_word' id='word_1_591' title='bbox 1692 4561 1788 4615; x_wconf 73' lang='grc' dir='ltr'><strong>καὶ</strong></span> <span class='ocrx_word' id='word_1_592' title='bbox 1814 4560 1873 4613; x_wconf 79' lang='grc' dir='ltr'><strong>ὲν</strong></span> 
     </span>
    </p>
   </div>
   <div class='ocr_carea' id='block_1_79' title="bbox 286 4652 1877 4738">
    <p class='ocr_par' dir='ltr' id='par_1_79' title="bbox 286 4652 1877 4738">
     <span class='ocr_line' id='line_1_81' title="bbox 286 4652 1877 4738; baseline -0.012 -16"><span class='ocrx_word' id='word_1_593' title='bbox 286 4666 534 4738; x_wconf 85' lang='grc' dir='ltr'><strong>ίσχύσεσι</strong></span> <span class='ocrx_word' id='word_1_594' title='bbox 560 4664 654 4718; x_wconf 79' lang='grc' dir='ltr'><strong>τοῦ</strong></span> <span class='ocrx_word' id='word_1_595' title='bbox 680 4659 853 4736; x_wconf 81' lang='grc' dir='ltr'><strong>άγροῦ</strong></span> <span class='ocrx_word' id='word_1_596' title='bbox 874 4702 890 4728; x_wconf 94' lang='grc'><strong>,</strong></span> <span class='ocrx_word' id='word_1_597' title='bbox 914 4660 1087 4724; x_wconf 77' lang='grc' dir='ltr'><strong>οὕτως</strong></span> <span class='ocrx_word' id='word_1_598' title='bbox 1115 4656 1361 4720; x_wconf 83' lang='grc' dir='ltr'><strong>εἰπόντος</strong></span> <span class='ocrx_word' id='word_1_599' title='bbox 1384 4654 1478 4709; x_wconf 77' lang='grc' dir='ltr'><strong>τοὺ</strong></span> <span class='ocrx_word' id='word_1_600' title='bbox 1509 4654 1669 4723; x_wconf 86' lang='grc' dir='ltr'><strong>λόγου</strong></span> <span class='ocrx_word' id='word_1_601' title='bbox 1698 4667 1715 4683; x_wconf 81' lang='grc'><em>’</em></span> <span class='ocrx_word' id='word_1_602' title='bbox 1743 4652 1877 4719; x_wconf 80' lang='grc' dir='ltr'><strong>Ὠρ-</strong></span> 
     </span>
    </p>
   </div>
   <div class='ocr_carea' id='block_1_80' title="bbox 285 4742 1875 4830">
    <p class='ocr_par' dir='ltr' id='par_1_80' title="bbox 285 4742 1875 4830">
     <span class='ocr_line' id='line_1_82' title="bbox 285 4742 1875 4830; baseline -0.011 -15"><span class='ocrx_word' id='word_1_603' title='bbox 285 4773 435 4815; x_wconf 64' lang='lat' dir='ltr'><strong>mea</strong></span> <span class='ocrx_word' id='word_1_604' title='bbox 461 4757 641 4830; x_wconf 81' lang='grc' dir='ltr'><strong>ὑμᾶς,</strong></span> <span class='ocrx_word' id='word_1_605' title='bbox 667 4752 991 4826; x_wconf 76' lang='grc' dir='ltr'><strong>θυγατέρες</strong></span> <span class='ocrx_word' id='word_1_606' title='bbox 1021 4746 1446 4819; x_wconf 76' lang='grc' dir='ltr'><strong>Ἰερουσαλὴμ,</strong></span> <span class='ocrx_word' id='word_1_607' title='bbox 1471 4747 1542 4801; x_wconf 75' lang='grc' dir='ltr'><strong>ἐν</strong></span> <span class='ocrx_word' id='word_1_608' title='bbox 1558 4742 1875 4813; x_wconf 80' lang='grc' dir='ltr'><strong>δυνάμεσι,</strong></span> 
     </span>
    </p>
   </div>
   <div class='ocr_carea' id='block_1_81' title="bbox 286 4834 1878 4919">
    <p class='ocr_par' dir='ltr' id='par_1_81' title="bbox 286 4834 1878 4919">
     <span class='ocr_line' id='line_1_83' title="bbox 286 4834 1878 4919; baseline -0.012 -12"><span class='ocrx_word' id='word_1_609' title='bbox 286 4851 391 4908; x_wconf 79' lang='grc' dir='ltr'><strong>καί</strong></span> <span class='ocrx_word' id='word_1_610' title='bbox 438 4852 509 4905; x_wconf 82' lang='grc' dir='ltr'><strong>ἐν</strong></span> <span class='ocrx_word' id='word_1_611' title='bbox 555 4849 845 4919; x_wconf 80' lang='grc' dir='ltr'><strong>ίσχύσεσι</strong></span> <span class='ocrx_word' id='word_1_612' title='bbox 879 4844 988 4900; x_wconf 82' lang='grc' dir='ltr'><strong>τοῦ</strong></span> <span class='ocrx_word' id='word_1_613' title='bbox 1031 4841 1241 4913; x_wconf 69' lang='grc' dir='ltr'><strong>ἀγροῦ,</strong></span> <span class='ocrx_word' id='word_1_614' title='bbox 1292 4840 1403 4894; x_wconf 74' lang='grc' dir='ltr'><strong>ἐὰν</strong></span> <span class='ocrx_word' id='word_1_615' title='bbox 1451 4838 1717 4909; x_wconf 79' lang='grc' dir='ltr'><strong>ἐγείρητε</strong></span> <span class='ocrx_word' id='word_1_616' title='bbox 1779 4834 1878 4889; x_wconf 72' lang='grc' dir='ltr'><strong>καί</strong></span> 
     </span>
    </p>
   </div>
   <div class='ocr_carea' id='block_1_82' title="bbox 285 4927 1881 5015">
    <p class='ocr_par' dir='ltr' id='par_1_82' title="bbox 285 4927 1881 5015">
     <span class='ocr_line' id='line_1_84' title="bbox 285 4927 1881 5015; baseline -0.012 -15"><span class='ocrx_word' id='word_1_617' title='bbox 285 4944 626 5015; x_wconf 76' lang='grc' dir='ltr'><strong>ὲξεγείρητε</strong></span> <span class='ocrx_word' id='word_1_618' title='bbox 657 4938 774 5008; x_wconf 76' lang='grc' dir='ltr'><strong>τὴν</strong></span> <span class='ocrx_word' id='word_1_619' title='bbox 801 4935 1044 5006; x_wconf 77' lang='grc' dir='ltr'><strong>ἀγάπην</strong></span> <span class='ocrx_word' id='word_1_620' title='bbox 1075 4934 1188 5000; x_wconf 80' lang='grc' dir='ltr'><strong>ἕως</strong></span> <span class='ocrx_word' id='word_1_621' title='bbox 1234 4927 1306 4988; x_wconf 83' lang='grc' dir='ltr'><strong>οὗ</strong></span> <span class='ocrx_word' id='word_1_622' title='bbox 1352 4929 1608 4999; x_wconf 72' lang='grc' dir='ltr'><strong>θελήσῃ.</strong></span> <span class='ocrx_word' id='word_1_623' title='bbox 1661 4929 1881 4999; x_wconf 83' lang='grc' dir='ltr'><strong>Θεωρη-</strong></span> 
     </span>
    </p>
   </div>
   <div class='ocr_carea' id='block_1_83' title="bbox 287 5020 1880 5098">
    <p class='ocr_par' dir='ltr' id='par_1_83' title="bbox 287 5020 1880 5098">
     <span class='ocr_line' id='line_1_85' title="bbox 287 5020 1880 5098; baseline -0.013 -6"><span class='ocrx_word' id='word_1_624' title='bbox 287 5038 414 5092; x_wconf 86' lang='grc' dir='ltr'><strong>τέον</strong></span> <span class='ocrx_word' id='word_1_625' title='bbox 454 5035 635 5089; x_wconf 88' lang='grc' dir='ltr'><strong>τοίνυν</strong></span> <span class='ocrx_word' id='word_1_626' title='bbox 676 5033 737 5085; x_wconf 79' lang='grc' dir='ltr'><strong>έν</strong></span> <span class='ocrx_word' id='word_1_627' title='bbox 780 5030 1014 5096; x_wconf 81' lang='grc' dir='ltr'><strong>τούτοις,</strong></span> <span class='ocrx_word' id='word_1_628' title='bbox 1066 5027 1282 5098; x_wconf 83' lang='grc' dir='ltr'><strong>πρῶτον</strong></span> <span class='ocrx_word' id='word_1_629' title='bbox 1332 5025 1432 5095; x_wconf 83' lang='grc' dir='ltr'><strong>μὲν</strong></span> <span class='ocrx_word' id='word_1_630' title='bbox 1471 5022 1558 5085; x_wconf 88' lang='grc' dir='ltr'><strong>τίς</strong></span> <span class='ocrx_word' id='word_1_631' title='bbox 1599 5024 1629 5076; x_wconf 89' lang='grc' dir='ltr'><strong>ό</strong></span> <span class='ocrx_word' id='word_1_632' title='bbox 1676 5020 1880 5092; x_wconf 85' lang='grc' dir='ltr'><strong>ἀγρός·</strong></span> 
     </span>
    </p>
   </div>
   <div class='ocr_carea' id='block_1_84' title="bbox 291 5111 1884 5195">
    <p class='ocr_par' dir='ltr' id='par_1_84' title="bbox 291 5111 1884 5195">
     <span class='ocr_line' id='line_1_86' title="bbox 291 5111 1884 5195; baseline -0.013 -12"><span class='ocrx_word' id='word_1_633' title='bbox 291 5129 487 5183; x_wconf 72' lang='grc' dir='ltr'><strong>ἔπειτα</strong></span> <span class='ocrx_word' id='word_1_634' title='bbox 515 5126 602 5189; x_wconf 89' lang='grc' dir='ltr'><strong>τίς</strong></span> <span class='ocrx_word' id='word_1_635' title='bbox 646 5125 682 5195; x_wconf 78' lang='grc' dir='ltr'><strong>ἡ</strong></span> <span class='ocrx_word' id='word_1_636' title='bbox 713 5122 868 5193; x_wconf 74' lang='grc' dir='ltr'><strong>ἰσχὺς</strong></span> <span class='ocrx_word' id='word_1_637' title='bbox 898 5119 994 5175; x_wconf 82' lang='grc' dir='ltr'><strong>τοῦ</strong></span> <span class='ocrx_word' id='word_1_638' title='bbox 1024 5117 1198 5190; x_wconf 81' lang='grc' dir='ltr'><strong>άγροῢ</strong></span> <span class='ocrx_word' id='word_1_639' title='bbox 1236 5116 1334 5171; x_wconf 80' lang='grc' dir='ltr'><strong>καὶ</strong></span> <span class='ocrx_word' id='word_1_640' title='bbox 1360 5118 1393 5188; x_wconf 79' lang='grc' dir='ltr'>ἡ</span> <span class='ocrx_word' id='word_1_641' title='bbox 1423 5115 1676 5185; x_wconf 89' lang='grc' dir='ltr'><strong>δύναμις,</strong></span> <span class='ocrx_word' id='word_1_642' title='bbox 1711 5111 1807 5165; x_wconf 73' lang='grc' dir='ltr'><strong>καὶ</strong></span> <span class='ocrx_word' id='word_1_643' title='bbox 1834 5111 1884 5164; x_wconf 84' lang='grc' dir='ltr'><strong>εί</strong></span> 
     </span>
    </p>
   </div>
   <div class='ocr_carea' id='block_1_85' title="bbox 291 5202 1884 5291">
    <p class='ocr_par' dir='ltr' id='par_1_85' title="bbox 291 5202 1884 5291">
     <span class='ocr_line' id='line_1_87' title="bbox 291 5202 1884 5291; baseline -0.014 -15"><span class='ocrx_word' id='word_1_644' title='bbox 291 5219 556 5291; x_wconf 75' lang='grc' dir='ltr'><strong>διαφοράν</strong></span> <span class='ocrx_word' id='word_1_645' title='bbox 603 5216 716 5287; x_wconf 74' lang='grc' dir='ltr'><strong>ἔχει</strong></span> <span class='ocrx_word' id='word_1_646' title='bbox 754 5214 927 5268; x_wconf 81' lang='grc' dir='ltr'><strong>ταῦτα</strong></span> <span class='ocrx_word' id='word_1_647' title='bbox 953 5210 1091 5283; x_wconf 81' lang='grc' dir='ltr'><strong>πρὸς</strong></span> <span class='ocrx_word' id='word_1_648' title='bbox 1126 5208 1352 5281; x_wconf 77' lang='grc' dir='ltr'><strong>ἄλληλα,</strong></span> <span class='ocrx_word' id='word_1_649' title='bbox 1383 5207 1418 5279; x_wconf 81' lang='grc' dir='ltr'>ἢ</span> <span class='ocrx_word' id='word_1_650' title='bbox 1456 5205 1515 5261; x_wconf 76' lang='grc' dir='ltr'><strong>ἓν</strong></span> <span class='ocrx_word' id='word_1_651' title='bbox 1541 5206 1608 5260; x_wconf 83' lang='grc' dir='ltr'><strong>δι’</strong></span> <span class='ocrx_word' id='word_1_652' title='bbox 1626 5202 1884 5274; x_wconf 48' lang='lat' dir='ltr'><strong>“appeas-</strong></span> 
     </span>
    </p>
   </div>
   <div class='ocr_carea' id='block_1_86' title="bbox 296 5294 1888 5385">
    <p class='ocr_par' dir='ltr' id='par_1_86' title="bbox 296 5294 1888 5385">
     <span class='ocr_line' id='line_1_88' title="bbox 296 5294 1888 5385; baseline -0.011 -20"><span class='ocrx_word' id='word_1_653' title='bbox 296 5327 411 5385; x_wconf 71' lang='grc' dir='ltr'><strong>ρων</strong></span> <span class='ocrx_word' id='word_1_654' title='bbox 441 5309 560 5363; x_wconf 76' lang='grc' dir='ltr'><strong>εστὶ</strong></span> <span class='ocrx_word' id='word_1_655' title='bbox 585 5307 647 5362; x_wconf 83' lang='grc' dir='ltr'><strong>τὸ</strong></span> <span class='ocrx_word' id='word_1_656' title='bbox 678 5303 1112 5377; x_wconf 58' lang='grc' dir='ltr'><strong>σημαινόμενον</strong></span> <span class='ocrx_word' id='word_1_657' title='bbox 1144 5300 1281 5373; x_wconf 76' lang='grc' dir='ltr'><strong>πρὸς</strong></span> <span class='ocrx_word' id='word_1_658' title='bbox 1310 5297 1542 5364; x_wconf 82' lang='grc' dir='ltr'><strong>τούτοις,</strong></span> <span class='ocrx_word' id='word_1_659' title='bbox 1569 5297 1622 5351; x_wconf 87' lang='grc' dir='ltr'><strong>τί</strong></span> <span class='ocrx_word' id='word_1_660' title='bbox 1646 5295 1708 5349; x_wconf 66' lang='grc' dir='ltr'><strong>τὸ</strong></span> <span class='ocrx_word' id='word_1_661' title='bbox 1747 5294 1888 5363; x_wconf 88' lang='grc' dir='ltr'><strong>ὲγεί-</strong></span> 
     </span>
    </p>
   </div>
   <div class='ocr_carea' id='block_1_87' title="bbox 298 5387 1881 5475">
    <p class='ocr_par' dir='ltr' id='par_1_87' title="bbox 298 5387 1881 5475">
     <span class='ocr_line' id='line_1_89' title="bbox 298 5387 1881 5475; baseline -0.01 -18"><span class='ocrx_word' id='word_1_662' title='bbox 298 5402 513 5475; x_wconf 84' lang='grc' dir='ltr'><strong>ρεσθαι,</strong></span> <span class='ocrx_word' id='word_1_663' title='bbox 553 5401 648 5454; x_wconf 69' lang='grc' dir='ltr'><strong>καὶ</strong></span> <span class='ocrx_word' id='word_1_664' title='bbox 665 5398 724 5453; x_wconf 80' lang='grc' dir='ltr'><strong>τί</strong></span> <span class='ocrx_word' id='word_1_665' title='bbox 754 5397 817 5451; x_wconf 85' lang='grc' dir='ltr'><strong>τὸ</strong></span> <span class='ocrx_word' id='word_1_666' title='bbox 845 5393 1216 5465; x_wconf 77' lang='grc' dir='ltr'><strong>ἐξεγείρεσθαι</strong></span> <span class='ocrx_word' id='word_1_667' title='bbox 1241 5392 1339 5464; x_wconf 86' lang='grc' dir='ltr'><strong>τὴν</strong></span> <span class='ocrx_word' id='word_1_668' title='bbox 1366 5391 1609 5462; x_wconf 84' lang='grc' dir='ltr'><strong>άγάπην.</strong></span> <span class='ocrx_word' id='word_1_669' title='bbox 1639 5388 1713 5442; x_wconf 88' lang='grc' dir='ltr'>Τὸ</span> <span class='ocrx_word' id='word_1_670' title='bbox 1737 5387 1848 5458; x_wconf 84' lang='grc' dir='ltr'><strong>γὰρ</strong></span> <span class='ocrx_word' id='word_1_671' title='bbox 1867 5426 1881 5451; x_wconf 92' lang='grc'><strong>,</strong></span> 
     </span>
    </p>
   </div>
   <div class='ocr_carea' id='block_1_88' title="bbox 298 5479 1885 5560">
    <p class='ocr_par' dir='ltr' id='par_1_88' title="bbox 298 5479 1885 5560">
     <span class='ocr_line' id='line_1_90' title="bbox 298 5479 1885 5560; baseline -0.009 -13"><span class='ocrx_word' id='word_1_672' title='bbox 298 5496 452 5560; x_wconf 80' lang='grc' dir='ltr'><strong>Ἕως</strong></span> <span class='ocrx_word' id='word_1_673' title='bbox 498 5487 572 5550; x_wconf 82' lang='grc' dir='ltr'><strong>οὗ</strong></span> <span class='ocrx_word' id='word_1_674' title='bbox 617 5488 885 5558; x_wconf 75' lang='grc' dir='ltr'><strong>θελήσῃ,</strong></span> <span class='ocrx_word' id='word_1_675' title='bbox 936 5486 1025 5540; x_wconf 82' lang='grc' dir='ltr'><strong>διὰ</strong></span> <span class='ocrx_word' id='word_1_676' title='bbox 1073 5484 1183 5539; x_wconf 85' lang='grc' dir='ltr'><strong>τῶν</strong></span> <span class='ocrx_word' id='word_1_677' title='bbox 1231 5484 1537 5557; x_wconf 76' lang='grc' dir='ltr'><strong>εἰρημένων</strong></span> <span class='ocrx_word' id='word_1_678' title='bbox 1582 5479 1885 5553; x_wconf 79' lang='grc' dir='ltr'><strong>προαποδέ-</strong></span> 
     </span>
    </p>
   </div>
   <div class='ocr_carea' id='block_1_89' title="bbox 181 5582 474 5644">
    <p class='ocr_par' dir='ltr' id='par_1_89' title="bbox 181 5582 474 5644">
     <span class='ocr_line' id='line_1_91' title="bbox 181 5582 474 5644; baseline -0.02 0"><span class='ocrx_word' id='word_1_679' title='bbox 181 5582 184 5585; x_wconf 46' lang='grc'>’</span> <span class='ocrx_word' id='word_1_680' title='bbox 297 5588 474 5644; x_wconf 77' lang='grc' dir='ltr'><strong>δοται.</strong></span> 
     </span>
    </p>
   </div>
   <div class='ocr_carea' id='block_1_90' title="bbox 379 5751 1860 5835">
    <p class='ocr_par' dir='ltr' id='par_1_90' title="bbox 379 5755 1860 5835">
     <span class='ocr_line' id='line_1_92' title="bbox 379 5755 1860 5835; baseline -0.009 -11"><span class='ocrx_word' id='word_1_681' title='bbox 379 5766 602 5823; x_wconf 77' lang='lat' dir='ltr'><strong>“Prov.</strong></span> <span class='ocrx_word' id='word_1_682' title='bbox 638 5782 722 5835; x_wconf 88' lang='grc' dir='ltr'><strong>ιιι,</strong></span> <span class='ocrx_word' id='word_1_683' title='bbox 766 5764 859 5821; x_wconf 79' lang='grc' dir='ltr'><strong>ίθ.</strong></span> <span class='ocrx_word' id='word_1_684' title='bbox 942 5766 983 5797; x_wconf 74' lang='grc'>⁸⁷</span> <span class='ocrx_word' id='word_1_685' title='bbox 1009 5762 1029 5817; x_wconf 93' lang='lat' dir='ltr'><strong>l</strong></span> <span class='ocrx_word' id='word_1_686' title='bbox 1059 5760 1297 5820; x_wconf 81' lang='lat' dir='ltr'><strong>Timotli.</strong></span> <span class='ocrx_word' id='word_1_687' title='bbox 1344 5776 1402 5825; x_wconf 88' lang='grc' dir='ltr'><strong>ιι,</strong></span> <span class='ocrx_word' id='word_1_688' title='bbox 1428 5758 1481 5813; x_wconf 66' lang='grc' dir='ltr'><strong>ό.</strong></span> <span class='ocrx_word' id='word_1_689' title='bbox 1572 5757 1613 5788; x_wconf 62' lang='grc'><strong>⁶³</strong></span> <span class='ocrx_word' id='word_1_690' title='bbox 1640 5755 1780 5811; x_wconf 80' lang='lat' dir='ltr'><strong>Psal.</strong></span> <span class='ocrx_word' id='word_1_691' title='bbox 1813 5770 1860 5810; x_wconf 71' lang='grc' dir='ltr'><strong>ει</strong></span> 
     </span>
    </p>
   </div>
   <div class='ocr_carea' id='block_1_91' title="bbox 1967 5751 2143 5835">
    <p class='ocr_par' dir='ltr' id='par_1_91' title="bbox 1967 5751 2143 5820">
     <span class='ocr_line' id='line_1_93' title="bbox 1967 5751 2143 5820; baseline 0.006 -14"><span class='ocrx_word' id='word_1_692' title='bbox 1967 5770 1999 5820; x_wconf 81' lang='grc' dir='ltr'><strong>ι,</strong></span> <span class='ocrx_word' id='word_1_693' title='bbox 2064 5751 2143 5807; x_wconf 89' lang='grc' dir='ltr'><strong>ιι.</strong></span> 
     </span>
    </p>
   </div>
   <div class='ocr_carea' id='block_1_92' title="bbox 1972 3297 3556 3374">
    <p class='ocr_par' dir='ltr' id='par_1_92' title="bbox 1972 3297 3556 3374">
     <span class='ocr_line' id='line_1_94' title="bbox 1972 3297 3556 3374; baseline -0.013 -6"><span class='ocrx_word' id='word_1_694' title='bbox 1972 3312 2043 3368; x_wconf 90' lang='lat' dir='ltr'><strong>ab</strong></span> <span class='ocrx_word' id='word_1_695' title='bbox 2077 3309 2415 3373; x_wconf 84' lang='lat' dir='ltr'><strong>Abrahamo,</strong></span> <span class='ocrx_word' id='word_1_696' title='bbox 2442 3316 2501 3363; x_wconf 90' lang='lat' dir='ltr'><strong>ut</strong></span> <span class='ocrx_word' id='word_1_697' title='bbox 2531 3304 2707 3371; x_wconf 85' lang='lat' dir='ltr'><strong>Isaac,</strong></span> <span class='ocrx_word' id='word_1_698' title='bbox 2755 3316 2922 3374; x_wconf 91' lang='lat' dir='ltr'><strong>quam</strong></span> <span class='ocrx_word' id='word_1_699' title='bbox 2972 3315 3072 3371; x_wconf 88' lang='lat' dir='ltr'><strong>par</strong></span> <span class='ocrx_word' id='word_1_700' title='bbox 3118 3306 3224 3363; x_wconf 85' lang='lat' dir='ltr'><strong>est,</strong></span> <span class='ocrx_word' id='word_1_701' title='bbox 3263 3297 3556 3365; x_wconf 81' lang='lat' dir='ltr'><strong>conjugem</strong></span> 
     </span>
    </p>
   </div>
   <div class='ocr_carea' id='block_1_93' title="bbox 1973 3386 3556 3473">
    <p class='ocr_par' dir='ltr' id='par_1_93' title="bbox 1973 3386 3556 3473">
     <span class='ocr_line' id='line_1_95' title="bbox 1973 3386 3556 3473; baseline -0.014 -14"><span class='ocrx_word' id='word_1_702' title='bbox 1973 3403 2231 3473; x_wconf 89' lang='lat' dir='ltr'><strong>accipiat.</strong></span> <span class='ocrx_word' id='word_1_703' title='bbox 2264 3400 2408 3469; x_wconf 88' lang='lat' dir='ltr'><strong>Ergo</strong></span> <span class='ocrx_word' id='word_1_704' title='bbox 2435 3413 2562 3454; x_wconf 88' lang='lat' dir='ltr'><strong>cum</strong></span> <span class='ocrx_word' id='word_1_705' title='bbox 2580 3392 2951 3467; x_wconf 83' lang='lat' dir='ltr'><strong>jurisjurandi</strong></span> <span class='ocrx_word' id='word_1_706' title='bbox 2970 3391 3171 3460; x_wconf 85' lang='lat' dir='ltr'><strong>duplex</strong></span> <span class='ocrx_word' id='word_1_707' title='bbox 3194 3386 3556 3458; x_wconf 84' lang='lat' dir='ltr'><strong>sitoperatio,</strong></span> 
     </span>
    </p>
   </div>
   <div class='ocr_carea' id='block_1_94' title="bbox 1973 3474 3559 3548">
    <p class='ocr_par' dir='ltr' id='par_1_94' title="bbox 1973 3474 3559 3548">
     <span class='ocr_line' id='line_1_96' title="bbox 1973 3474 3559 3548; baseline -0.015 1"><span class='ocrx_word' id='word_1_708' title='bbox 1973 3495 2064 3548; x_wconf 81' lang='lat' dir='ltr'><strong>hic</strong></span> <span class='ocrx_word' id='word_1_709' title='bbox 2119 3491 2303 3546; x_wconf 87' lang='lat' dir='ltr'><strong>anima</strong></span> <span class='ocrx_word' id='word_1_710' title='bbox 2352 3488 2421 3543; x_wconf 91' lang='lat' dir='ltr'><strong>ad</strong></span> <span class='ocrx_word' id='word_1_711' title='bbox 2474 3493 2683 3540; x_wconf 88' lang='lat' dir='ltr'><strong>tantam</strong></span> <span class='ocrx_word' id='word_1_712' title='bbox 2737 3478 3124 3537; x_wconf 89' lang='lat' dir='ltr'><strong>conscendens</strong></span> <span class='ocrx_word' id='word_1_713' title='bbox 3182 3474 3559 3534; x_wconf 72' lang='lat' dir='ltr'><strong>altitudinem,</strong></span> 
     </span>
    </p>
   </div>
   <div class='ocr_carea' id='block_1_95' title="bbox 1972 3564 3562 3658">
    <p class='ocr_par' dir='ltr' id='par_1_95' title="bbox 1972 3564 3562 3658">
     <span class='ocr_line' id='line_1_97' title="bbox 1972 3564 3562 3658; baseline -0.016 -16"><span class='ocrx_word' id='word_1_714' title='bbox 1972 3591 2238 3658; x_wconf 85' lang='lat' dir='ltr'><strong>quantam</strong></span> <span class='ocrx_word' id='word_1_715' title='bbox 2291 3575 2651 3649; x_wconf 86' lang='lat' dir='ltr'><strong>contemplati</strong></span> <span class='ocrx_word' id='word_1_716' title='bbox 2702 3586 2899 3628; x_wconf 88' lang='lat' dir='ltr'><strong>sumus</strong></span> <span class='ocrx_word' id='word_1_717' title='bbox 2954 3569 3013 3623; x_wconf 90' lang='lat' dir='ltr'><strong>in</strong></span> <span class='ocrx_word' id='word_1_718' title='bbox 3062 3569 3131 3623; x_wconf 90' lang='lat' dir='ltr'><strong>iis</strong></span> <span class='ocrx_word' id='word_1_719' title='bbox 3163 3582 3285 3637; x_wconf 84' lang='lat' dir='ltr'><strong>quae</strong></span> <span class='ocrx_word' id='word_1_720' title='bbox 3336 3564 3562 3619; x_wconf 81' lang='lat' dir='ltr'><strong>fuerunt</strong></span> 
     </span>
    </p>
   </div>
   <div class='ocr_carea' id='block_1_96' title="bbox 1974 3660 3560 3749">
    <p class='ocr_par' dir='ltr' id='par_1_96' title="bbox 1974 3660 3560 3749">
     <span class='ocr_line' id='line_1_98' title="bbox 1974 3660 3560 3749; baseline -0.015 -17"><span class='ocrx_word' id='word_1_721' title='bbox 1974 3677 2131 3749; x_wconf 89' lang='lat' dir='ltr'><strong>prius</strong></span> <span class='ocrx_word' id='word_1_722' title='bbox 2159 3672 2496 3735; x_wconf 83' lang='lat' dir='ltr'><strong>examinata,</strong></span> <span class='ocrx_word' id='word_1_723' title='bbox 2529 3665 2824 3722; x_wconf 87' lang='lat' dir='ltr'><strong>animabus</strong></span> <span class='ocrx_word' id='word_1_724' title='bbox 2849 3677 2971 3734; x_wconf 66' lang='lat' dir='ltr'><strong>qua:</strong></span> <span class='ocrx_word' id='word_1_725' title='bbox 3004 3660 3230 3715; x_wconf 80' lang='lat' dir='ltr'><strong>discunt</strong></span> <span class='ocrx_word' id='word_1_726' title='bbox 3273 3670 3560 3727; x_wconf 83' lang='lat' dir='ltr'><strong>exponens</strong></span> 
     </span>
    </p>
   </div>
   <div class='ocr_carea' id='block_1_97' title="bbox 1974 3748 3565 3838">
    <p class='ocr_par' dir='ltr' id='par_1_97' title="bbox 1974 3748 3565 3838">
     <span class='ocr_line' id='line_1_99' title="bbox 1974 3748 3565 3838; baseline -0.03 3"><span class='ocrx_word' id='word_1_727' title='bbox 1974 3748 2328 3838; x_wconf 59' lang='lat' dir='ltr'><strong>l’rogressum</strong></span> <span class='ocrx_word' id='word_1_728' title='bbox 2357 3758 2430 3817; x_wconf 80' lang='lat' dir='ltr'><strong>ad</strong></span> <span class='ocrx_word' id='word_1_729' title='bbox 2479 3757 2533 3813; x_wconf 89' lang='lat' dir='ltr'><strong>id</strong></span> <span class='ocrx_word' id='word_1_730' title='bbox 2567 3755 2713 3827; x_wconf 90' lang='lat' dir='ltr'><strong>quod</strong></span> <span class='ocrx_word' id='word_1_731' title='bbox 2747 3760 2834 3809; x_wconf 88' lang='lat' dir='ltr'><strong>est</strong></span> <span class='ocrx_word' id='word_1_732' title='bbox 2879 3748 3210 3822; x_wconf 82' lang='lat' dir='ltr'><strong>perfectum,</strong></span> <span class='ocrx_word' id='word_1_733' title='bbox 3274 3760 3384 3799; x_wconf 87' lang='lat' dir='ltr'><strong>non</strong></span> <span class='ocrx_word' id='word_1_734' title='bbox 3421 3757 3565 3814; x_wconf 60' lang='lat' dir='ltr'><strong>prat-</strong></span> 
     </span>
    </p>
   </div>
   <div class='ocr_carea' id='block_1_98' title="bbox 1974 3837 3565 3919">
    <p class='ocr_par' dir='ltr' id='par_1_98' title="bbox 1974 3837 3565 3919">
     <span class='ocr_line' id='line_1_100' title="bbox 1974 3837 3565 3919; baseline -0.016 -5"><span class='ocrx_word' id='word_1_735' title='bbox 1974 3837 2068 3914; x_wconf 89' lang='lat' dir='ltr'><strong>bet</strong></span> <span class='ocrx_word' id='word_1_736' title='bbox 2103 3851 2461 3910; x_wconf 86' lang='lat' dir='ltr'><strong>audientibus</strong></span> <span class='ocrx_word' id='word_1_737' title='bbox 2497 3861 2596 3919; x_wconf 88' lang='lat' dir='ltr'><strong>per</strong></span> <span class='ocrx_word' id='word_1_738' title='bbox 2632 3845 3035 3916; x_wconf 89' lang='lat' dir='ltr'><strong>juramentum,</strong></span> <span class='ocrx_word' id='word_1_739' title='bbox 3086 3848 3146 3893; x_wconf 86' lang='lat' dir='ltr'><strong>ut</strong></span> <span class='ocrx_word' id='word_1_740' title='bbox 3180 3837 3293 3893; x_wconf 90' lang='lat' dir='ltr'><strong>sint</strong></span> <span class='ocrx_word' id='word_1_741' title='bbox 3335 3844 3565 3890; x_wconf 74' lang='lat' dir='ltr'><strong>remotae</strong></span> 
     </span>
    </p>
   </div>
   <div class='ocr_carea' id='block_1_99' title="bbox 1977 3932 3558 4005">
    <p class='ocr_par' dir='ltr' id='par_1_99' title="bbox 1977 3932 3558 4005">
     <span class='ocr_line' id='line_1_101' title="bbox 1977 3932 3558 4005; baseline -0.013 -4"><span class='ocrx_word' id='word_1_742' title='bbox 1977 3949 2049 4003; x_wconf 84' lang='lat' dir='ltr'><strong>ab</strong></span> <span class='ocrx_word' id='word_1_743' title='bbox 2076 3945 2227 4001; x_wconf 88' lang='lat' dir='ltr'><strong>omni</strong></span> <span class='ocrx_word' id='word_1_744' title='bbox 2254 3941 2605 3998; x_wconf 88' lang='lat' dir='ltr'><strong>dubitatione</strong></span> <span class='ocrx_word' id='word_1_745' title='bbox 2631 3936 2700 3991; x_wconf 88' lang='lat' dir='ltr'><strong>de</strong></span> <span class='ocrx_word' id='word_1_746' title='bbox 2734 3936 2805 3991; x_wconf 87' lang='lat' dir='ltr'><strong>iis</strong></span> <span class='ocrx_word' id='word_1_747' title='bbox 2833 3948 2956 4005; x_wconf 83' lang='lat' dir='ltr'><strong>quae</strong></span> <span class='ocrx_word' id='word_1_748' title='bbox 2984 3932 3106 4003; x_wconf 89' lang='lat' dir='ltr'><strong>ipsa</strong></span> <span class='ocrx_word' id='word_1_749' title='bbox 3135 3938 3221 3985; x_wconf 89' lang='lat' dir='ltr'><strong>est</strong></span> <span class='ocrx_word' id='word_1_750' title='bbox 3246 3933 3509 3982; x_wconf 86' lang='lat' dir='ltr'><strong>assecuta</strong></span> <span class='ocrx_word' id='word_1_751' title='bbox 3547 3947 3558 3980; x_wconf 93' lang='lat'><strong>:</strong></span> 
     </span>
    </p>
   </div>
   <div class='ocr_carea' id='block_1_100' title="bbox 1978 4017 3566 4096">
    <p class='ocr_par' dir='ltr' id='par_1_100' title="bbox 1978 4017 3566 4096">
     <span class='ocr_line' id='line_1_102' title="bbox 1978 4017 3566 4096; baseline -0.017 0"><span class='ocrx_word' id='word_1_752' title='bbox 1978 4038 2077 4096; x_wconf 88' lang='lat' dir='ltr'><strong>sed</strong></span> <span class='ocrx_word' id='word_1_753' title='bbox 2105 4045 2161 4093; x_wconf 91' lang='lat' dir='ltr'><strong>et</strong></span> <span class='ocrx_word' id='word_1_754' title='bbox 2186 4035 2312 4091; x_wconf 86' lang='lat' dir='ltr'><strong>illas</strong></span> <span class='ocrx_word' id='word_1_755' title='bbox 2338 4031 2563 4089; x_wconf 90' lang='lat' dir='ltr'><strong>deducit</strong></span> <span class='ocrx_word' id='word_1_756' title='bbox 2591 4028 2661 4084; x_wconf 88' lang='lat' dir='ltr'><strong>ad</strong></span> <span class='ocrx_word' id='word_1_757' title='bbox 2698 4027 2869 4083; x_wconf 88' lang='lat' dir='ltr'><strong>vitam</strong></span> <span class='ocrx_word' id='word_1_758' title='bbox 2903 4040 2971 4081; x_wconf 78' lang='lat' dir='ltr'><strong>ex</strong></span> <span class='ocrx_word' id='word_1_759' title='bbox 3015 4023 3222 4079; x_wconf 86' lang='lat' dir='ltr'><strong>virtute</strong></span> <span class='ocrx_word' id='word_1_760' title='bbox 3257 4017 3566 4090; x_wconf 82' lang='lat' dir='ltr'><strong>degendam</strong></span> 
     </span>
    </p>
   </div>
   <div class='ocr_carea' id='block_1_101' title="bbox 1978 4106 3641 4202">
    <p class='ocr_par' dir='ltr' id='par_1_101' title="bbox 1978 4106 3641 4202">
     <span class='ocr_line' id='line_1_103' title="bbox 1978 4106 3641 4202; baseline -0.016 -17"><span class='ocrx_word' id='word_1_761' title='bbox 1978 4144 2078 4202; x_wconf 90' lang='lat' dir='ltr'><strong>per</strong></span> <span class='ocrx_word' id='word_1_762' title='bbox 2106 4121 2535 4198; x_wconf 86' lang='lat' dir='ltr'><strong>adjurationem,</strong></span> <span class='ocrx_word' id='word_1_763' title='bbox 2566 4124 2623 4174; x_wconf 87' lang='lat' dir='ltr'><strong>et</strong></span> <span class='ocrx_word' id='word_1_764' title='bbox 2664 4123 2725 4172; x_wconf 89' lang='lat' dir='ltr'><strong>ut</strong></span> <span class='ocrx_word' id='word_1_765' title='bbox 2771 4129 3020 4184; x_wconf 80' lang='lat' dir='ltr'><strong>eousque</strong></span> <span class='ocrx_word' id='word_1_766' title='bbox 3072 4112 3372 4181; x_wconf 86' lang='lat' dir='ltr'><strong>insopitam</strong></span> <span class='ocrx_word' id='word_1_767' title='bbox 3402 4116 3459 4162; x_wconf 84' lang='lat' dir='ltr'><strong>et</strong></span> <span class='ocrx_word' id='word_1_768' title='bbox 3490 4106 3568 4161; x_wconf 83' lang='lat' dir='ltr'><strong>vi—</strong></span> <span class='ocrx_word' id='word_1_769' title='bbox 3638 4112 3641 4117; x_wconf 80' lang='lat'><strong><em>&#39;</em></strong></span> 
     </span>
    </p>
   </div>
   <div class='ocr_carea' id='block_1_102' title="bbox 1979 4199 3604 4293">
    <p class='ocr_par' dir='ltr' id='par_1_102' title="bbox 1979 4199 3604 4293">
     <span class='ocr_line' id='line_1_104' title="bbox 1979 4199 3604 4293; baseline -0.016 -18"><span class='ocrx_word' id='word_1_770' title='bbox 1979 4199 2242 4293; x_wconf 76' lang='lat' dir='ltr'><strong>gilantem</strong></span> <span class='ocrx_word' id='word_1_771' title='bbox 2271 4214 2470 4269; x_wconf 88' lang='lat' dir='ltr'><strong>habeat</strong></span> <span class='ocrx_word' id='word_1_772' title='bbox 2498 4208 2851 4271; x_wconf 88' lang='lat' dir='ltr'><strong>charitatem,</strong></span> <span class='ocrx_word' id='word_1_773' title='bbox 2886 4204 3066 4260; x_wconf 89' lang='lat' dir='ltr'><strong>donec</strong></span> <span class='ocrx_word' id='word_1_774' title='bbox 3104 4200 3173 4256; x_wconf 86' lang='lat' dir='ltr'><strong>ad</strong></span> <span class='ocrx_word' id='word_1_775' title='bbox 3206 4199 3369 4254; x_wconf 90' lang='lat' dir='ltr'><strong>ﬁnem</strong></span> <span class='ocrx_word' id='word_1_776' title='bbox 3397 4211 3569 4252; x_wconf 87' lang='lat' dir='ltr'><strong>vene-</strong></span> <span class='ocrx_word' id='word_1_777' title='bbox 3596 4255 3604 4290; x_wconf 37' lang='grc' dir='ltr'><strong>ἶ</strong></span> 
     </span>
    </p>
   </div>
   <div class='ocr_carea' id='block_1_103' title="bbox 1982 4274 3611 4378">
    <p class='ocr_par' dir='ltr' id='par_1_103' title="bbox 1982 4274 3611 4378">
     <span class='ocr_line' id='line_1_105' title="bbox 1982 4274 3611 4378; baseline -0.018 -10"><span class='ocrx_word' id='word_1_778' title='bbox 1982 4274 2053 4368; x_wconf 64' lang='lat' dir='ltr'><strong>:it</strong></span> <span class='ocrx_word' id='word_1_779' title='bbox 2086 4311 2231 4367; x_wconf 90' lang='lat' dir='ltr'><strong>bona</strong></span> <span class='ocrx_word' id='word_1_780' title='bbox 2257 4305 2380 4378; x_wconf 84' lang='lat' dir='ltr'><strong>ejus</strong></span> <span class='ocrx_word' id='word_1_781' title='bbox 2400 4302 2684 4358; x_wconf 84' lang='lat' dir='ltr'><strong>voluntas.</strong></span> <span class='ocrx_word' id='word_1_782' title='bbox 2707 4295 2784 4351; x_wconf 86' lang='lat' dir='ltr'><strong>Ea</strong></span> <span class='ocrx_word' id='word_1_783' title='bbox 2809 4303 2995 4351; x_wconf 83' lang='lat' dir='ltr'><strong>autem</strong></span> <span class='ocrx_word' id='word_1_784' title='bbox 3020 4300 3136 4356; x_wconf 90' lang='lat' dir='ltr'><strong>est,</strong></span> <span class='ocrx_word' id='word_1_785' title='bbox 3157 4297 3217 4344; x_wconf 92' lang='lat' dir='ltr'><strong>ut</strong></span> <span class='ocrx_word' id='word_1_786' title='bbox 3249 4302 3446 4344; x_wconf 88' lang='lat' dir='ltr'><strong>omnes</strong></span> <span class='ocrx_word' id='word_1_787' title='bbox 3470 4286 3572 4340; x_wconf 82' lang='lat' dir='ltr'><strong>ho-</strong></span> <span class='ocrx_word' id='word_1_788' title='bbox 3599 4274 3611 4313; x_wconf 70' lang='grc'>⁵</span> 
     </span>
    </p>
   </div>
   <div class='ocr_carea' id='block_1_104' title="bbox 1980 4375 3573 4459">
    <p class='ocr_par' dir='ltr' id='par_1_104' title="bbox 1980 4375 3573 4459">
     <span class='ocr_line' id='line_1_106' title="bbox 1980 4375 3573 4459; baseline -0.021 1"><span class='ocrx_word' id='word_1_789' title='bbox 1980 4404 2160 4458; x_wconf 88' lang='lat' dir='ltr'><strong>mines</strong></span> <span class='ocrx_word' id='word_1_790' title='bbox 2177 4375 2318 4457; x_wconf 80' lang='lat' dir='ltr'><strong>salvi</strong></span> <span class='ocrx_word' id='word_1_791' title='bbox 2345 4396 2499 4459; x_wconf 85' lang='lat' dir='ltr'><strong>ﬁant,</strong></span> <span class='ocrx_word' id='word_1_792' title='bbox 2539 4398 2596 4448; x_wconf 88' lang='lat' dir='ltr'><strong>et</strong></span> <span class='ocrx_word' id='word_1_793' title='bbox 2652 4388 2723 4445; x_wconf 92' lang='lat' dir='ltr'><strong>ad</strong></span> <span class='ocrx_word' id='word_1_794' title='bbox 2767 4385 3111 4458; x_wconf 85' lang='lat' dir='ltr'><strong>agnitionem</strong></span> <span class='ocrx_word' id='word_1_795' title='bbox 3156 4380 3388 4436; x_wconf 86' lang='lat' dir='ltr'><strong>veniant</strong></span> <span class='ocrx_word' id='word_1_796' title='bbox 3428 4375 3573 4431; x_wconf 86' lang='lat' dir='ltr'><strong>veri-</strong></span> 
     </span>
    </p>
   </div>
   <div class='ocr_carea' id='block_1_105' title="bbox 1982 4469 3572 4563">
    <p class='ocr_par' dir='ltr' id='par_1_105' title="bbox 1982 4469 3572 4563">
     <span class='ocr_line' id='line_1_107' title="bbox 1982 4469 3572 4563; baseline -0.019 -11"><span class='ocrx_word' id='word_1_797' title='bbox 1982 4496 2132 4552; x_wconf 89' lang='lat' dir='ltr'><strong>tatis.</strong></span> <span class='ocrx_word' id='word_1_798' title='bbox 2160 4487 2446 4563; x_wconf 79' lang='lat' dir='ltr'><strong>Adjuratio</strong></span> <span class='ocrx_word' id='word_1_799' title='bbox 2475 4491 2659 4541; x_wconf 89' lang='lat' dir='ltr'><strong>autem</strong></span> <span class='ocrx_word' id='word_1_800' title='bbox 2695 4482 2838 4537; x_wconf 91' lang='lat' dir='ltr'><strong>sicut</strong></span> <span class='ocrx_word' id='word_1_801' title='bbox 2859 4479 2975 4533; x_wconf 88' lang='lat' dir='ltr'><strong>illic</strong></span> <span class='ocrx_word' id='word_1_802' title='bbox 2996 4477 3138 4530; x_wconf 83' lang='lat' dir='ltr'><strong>facta</strong></span> <span class='ocrx_word' id='word_1_803' title='bbox 3160 4479 3244 4528; x_wconf 84' lang='lat' dir='ltr'><strong>est</strong></span> <span class='ocrx_word' id='word_1_804' title='bbox 3273 4472 3330 4527; x_wconf 91' lang='lat' dir='ltr'><strong>in</strong></span> <span class='ocrx_word' id='word_1_805' title='bbox 3363 4469 3572 4525; x_wconf 82' lang='lat' dir='ltr'><strong>femore</strong></span> 
     </span>
    </p>
   </div>
   <div class='ocr_carea' id='block_1_106' title="bbox 1982 4562 3572 4660">
    <p class='ocr_par' dir='ltr' id='par_1_106' title="bbox 1982 4562 3572 4660">
     <span class='ocr_line' id='line_1_108' title="bbox 1982 4562 3572 4660; baseline -0.016 -17"><span class='ocrx_word' id='word_1_806' title='bbox 1982 4583 2336 4660; x_wconf 60' lang='lat' dir='ltr'><strong>patriarchas,</strong></span> <span class='ocrx_word' id='word_1_807' title='bbox 2387 4579 2465 4635; x_wconf 87' lang='lat' dir='ltr'><strong>ita</strong></span> <span class='ocrx_word' id='word_1_808' title='bbox 2510 4575 2602 4631; x_wconf 91' lang='lat' dir='ltr'><strong>hic</strong></span> <span class='ocrx_word' id='word_1_809' title='bbox 2650 4575 2708 4630; x_wconf 92' lang='lat' dir='ltr'><strong>in</strong></span> <span class='ocrx_word' id='word_1_810' title='bbox 2756 4569 3129 4644; x_wconf 88' lang='lat' dir='ltr'><strong>potestatibus</strong></span> <span class='ocrx_word' id='word_1_811' title='bbox 3168 4574 3225 4622; x_wconf 91' lang='lat' dir='ltr'><strong>et</strong></span> <span class='ocrx_word' id='word_1_812' title='bbox 3270 4562 3572 4619; x_wconf 88' lang='lat' dir='ltr'><strong>virtutibus</strong></span> 
     </span>
    </p>
   </div>
   <div class='ocr_carea' id='block_1_107' title="bbox 1984 4654 3575 4753">
    <p class='ocr_par' dir='ltr' id='par_1_107' title="bbox 1984 4654 3575 4753">
     <span class='ocr_line' id='line_1_109' title="bbox 1984 4654 3575 4753; baseline -0.018 -17"><span class='ocrx_word' id='word_1_813' title='bbox 1984 4654 2137 4753; x_wconf 71' lang='lat' dir='ltr'><strong>agri,</strong></span> <span class='ocrx_word' id='word_1_814' title='bbox 2176 4675 2347 4732; x_wconf 86' lang='lat' dir='ltr'><strong>verbo</strong></span> <span class='ocrx_word' id='word_1_815' title='bbox 2376 4671 2459 4728; x_wconf 92' lang='lat' dir='ltr'><strong>sic</strong></span> <span class='ocrx_word' id='word_1_816' title='bbox 2495 4668 2718 4725; x_wconf 87' lang='lat' dir='ltr'><strong>dicente</strong></span> <span class='ocrx_word' id='word_1_817' title='bbox 2749 4685 2763 4720; x_wconf 89' lang='lat'><strong>:</strong></span> <span class='ocrx_word' id='word_1_818' title='bbox 2797 4661 3059 4751; x_wconf 70' lang='lat' dir='ltr'><strong>Adjuravi</strong></span> <span class='ocrx_word' id='word_1_819' title='bbox 3087 4676 3198 4726; x_wconf 86' lang='lat' dir='ltr'><strong>vos,</strong></span> <span class='ocrx_word' id='word_1_820' title='bbox 3244 4657 3374 4729; x_wconf 67' lang='lat' dir='ltr'><strong>ﬁliae</strong></span> <span class='ocrx_word' id='word_1_821' title='bbox 3413 4654 3575 4710; x_wconf 82' lang='lat' dir='ltr'><strong>Jeru-</strong></span> 
     </span>
    </p>
   </div>
   <div class='ocr_carea' id='block_1_108' title="bbox 1984 4742 3573 4836">
    <p class='ocr_par' dir='ltr' id='par_1_108' title="bbox 1984 4742 3573 4836">
     <span class='ocr_line' id='line_1_110' title="bbox 1984 4742 3573 4836; baseline -0.018 -9"><span class='ocrx_word' id='word_1_822' title='bbox 1984 4742 2171 4835; x_wconf 71' lang='lat' dir='ltr'><strong>salem,</strong></span> <span class='ocrx_word' id='word_1_823' title='bbox 2207 4769 2265 4822; x_wconf 88' lang='lat' dir='ltr'><strong>in</strong></span> <span class='ocrx_word' id='word_1_824' title='bbox 2301 4760 2654 4836; x_wconf 80' lang='lat' dir='ltr'><strong>potestatibus</strong></span> <span class='ocrx_word' id='word_1_825' title='bbox 2684 4766 2734 4813; x_wconf 87' lang='lat' dir='ltr'><strong>et</strong></span> <span class='ocrx_word' id='word_1_826' title='bbox 2756 4742 3039 4812; x_wconf 66' lang='lat' dir='ltr'><strong>virtutibus</strong></span> <span class='ocrx_word' id='word_1_827' title='bbox 3075 4752 3216 4823; x_wconf 86' lang='lat' dir='ltr'><strong>agri,</strong></span> <span class='ocrx_word' id='word_1_828' title='bbox 3261 4750 3309 4804; x_wconf 89' lang='lat' dir='ltr'><strong>si</strong></span> <span class='ocrx_word' id='word_1_829' title='bbox 3335 4747 3573 4803; x_wconf 75' lang='lat' dir='ltr'><strong>excitetis</strong></span> 
     </span>
    </p>
   </div>
   <div class='ocr_carea' id='block_1_109' title="bbox 1986 4839 3573 4931">
    <p class='ocr_par' dir='ltr' id='par_1_109' title="bbox 1986 4839 3573 4931">
     <span class='ocr_line' id='line_1_111' title="bbox 1986 4839 3573 4931; baseline -0.017 -13"><span class='ocrx_word' id='word_1_830' title='bbox 1986 4871 2036 4917; x_wconf 85' lang='lat' dir='ltr'><strong>et</strong></span> <span class='ocrx_word' id='word_1_831' title='bbox 2066 4856 2363 4931; x_wconf 76' lang='lat' dir='ltr'><strong>expergisci</strong></span> <span class='ocrx_word' id='word_1_832' title='bbox 2392 4852 2611 4926; x_wconf 79' lang='lat' dir='ltr'><strong>faciatis</strong></span> <span class='ocrx_word' id='word_1_833' title='bbox 2645 4849 2989 4912; x_wconf 83' lang='lat' dir='ltr'><strong>charitatem,</strong></span> <span class='ocrx_word' id='word_1_834' title='bbox 3010 4846 3173 4900; x_wconf 83' lang='lat' dir='ltr'><strong>donec</strong></span> <span class='ocrx_word' id='word_1_835' title='bbox 3204 4842 3350 4897; x_wconf 83' lang='lat' dir='ltr'><strong>velit.</strong></span> <span class='ocrx_word' id='word_1_836' title='bbox 3388 4840 3444 4893; x_wconf 91' lang='lat' dir='ltr'><strong>In</strong></span> <span class='ocrx_word' id='word_1_837' title='bbox 3486 4839 3573 4893; x_wconf 90' lang='lat' dir='ltr'><strong>his</strong></span> 
     </span>
    </p>
   </div>
   <div class='ocr_carea' id='block_1_110' title="bbox 1988 4927 3574 5027">
    <p class='ocr_par' dir='ltr' id='par_1_110' title="bbox 1988 4927 3574 5027">
     <span class='ocr_line' id='line_1_112' title="bbox 1988 4927 3574 5027; baseline -0.016 -18"><span class='ocrx_word' id='word_1_838' title='bbox 1988 4954 2228 5027; x_wconf 84' lang='lat' dir='ltr'><strong>primum</strong></span> <span class='ocrx_word' id='word_1_839' title='bbox 2265 4943 2740 5027; x_wconf 88' lang='lat' dir='ltr'><strong>considerandum</strong></span> <span class='ocrx_word' id='word_1_840' title='bbox 2775 4948 2860 4997; x_wconf 89' lang='lat' dir='ltr'><strong>est</strong></span> <span class='ocrx_word' id='word_1_841' title='bbox 2895 4939 3022 5012; x_wconf 87' lang='lat' dir='ltr'><strong>quis</strong></span> <span class='ocrx_word' id='word_1_842' title='bbox 3053 4939 3126 4993; x_wconf 85' lang='lat' dir='ltr'><strong>sit</strong></span> <span class='ocrx_word' id='word_1_843' title='bbox 3157 4951 3288 5007; x_wconf 82' lang='lat' dir='ltr'><strong>ager</strong></span> <span class='ocrx_word' id='word_1_844' title='bbox 3324 4952 3339 4987; x_wconf 91' lang='lat'><strong>:</strong></span> <span class='ocrx_word' id='word_1_845' title='bbox 3376 4927 3574 4987; x_wconf 85' lang='lat' dir='ltr'><strong>deinde</strong></span> 
     </span>
    </p>
   </div>
   <div class='ocr_carea' id='block_1_111' title="bbox 1985 5024 3575 5119">
    <p class='ocr_par' dir='ltr' id='par_1_111' title="bbox 1985 5024 3575 5119">
     <span class='ocr_line' id='line_1_113' title="bbox 1985 5024 3575 5119; baseline -0.016 -17"><span class='ocrx_word' id='word_1_846' title='bbox 1985 5024 2108 5119; x_wconf 78' lang='lat' dir='ltr'><strong>quae</strong></span> <span class='ocrx_word' id='word_1_847' title='bbox 2140 5044 2212 5100; x_wconf 90' lang='lat' dir='ltr'><strong>sit</strong></span> <span class='ocrx_word' id='word_1_848' title='bbox 2247 5042 2424 5097; x_wconf 88' lang='lat' dir='ltr'><strong>virtus</strong></span> <span class='ocrx_word' id='word_1_849' title='bbox 2446 5024 2515 5096; x_wconf 75' lang='grc' dir='ltr'><strong>ἐι</strong></span> <span class='ocrx_word' id='word_1_850' title='bbox 2540 5047 2787 5111; x_wconf 87' lang='lat' dir='ltr'><strong>potestas</strong></span> <span class='ocrx_word' id='word_1_851' title='bbox 2818 5036 3029 5107; x_wconf 83' lang='lat' dir='ltr'><strong>agri,et</strong></span> <span class='ocrx_word' id='word_1_852' title='bbox 3065 5046 3133 5086; x_wconf 86' lang='lat' dir='ltr'><strong>an</strong></span> <span class='ocrx_word' id='word_1_853' title='bbox 3171 5031 3285 5084; x_wconf 77' lang='lat' dir='ltr'><strong>haec</strong></span> <span class='ocrx_word' id='word_1_854' title='bbox 3332 5026 3476 5080; x_wconf 85' lang='lat' dir='ltr'><strong>inter</strong></span> <span class='ocrx_word' id='word_1_855' title='bbox 3516 5039 3575 5078; x_wconf 87' lang='lat' dir='ltr'><strong>se</strong></span> 
     </span>
    </p>
   </div>
   <div class='ocr_carea' id='block_1_112' title="bbox 1986 5116 3572 5199">
    <p class='ocr_par' dir='ltr' id='par_1_112' title="bbox 1986 5116 3572 5199">
     <span class='ocr_line' id='line_1_114' title="bbox 1986 5116 3572 5199; baseline -0.018 -5"><span class='ocrx_word' id='word_1_856' title='bbox 1986 5116 2267 5199; x_wconf 80' lang='lat' dir='ltr'><strong>diﬁ&#39;erant,</strong></span> <span class='ocrx_word' id='word_1_857' title='bbox 2332 5142 2428 5188; x_wconf 89' lang='lat' dir='ltr'><strong>aut</strong></span> <span class='ocrx_word' id='word_1_858' title='bbox 2470 5132 2517 5188; x_wconf 92' lang='lat' dir='ltr'><strong>si</strong></span> <span class='ocrx_word' id='word_1_859' title='bbox 2596 5143 2771 5185; x_wconf 89' lang='lat' dir='ltr'><strong>unum</strong></span> <span class='ocrx_word' id='word_1_860' title='bbox 2826 5124 3118 5195; x_wconf 87' lang='lat' dir='ltr'><strong>utriusque</strong></span> <span class='ocrx_word' id='word_1_861' title='bbox 3181 5116 3572 5189; x_wconf 80' lang='lat' dir='ltr'><strong>signiﬁcatum.</strong></span> 
     </span>
    </p>
   </div>
   <div class='ocr_carea' id='block_1_113' title="bbox 1986 5202 3577 5297">
    <p class='ocr_par' dir='ltr' id='par_1_113' title="bbox 1986 5202 3577 5297">
     <span class='ocr_line' id='line_1_115' title="bbox 1986 5202 3577 5297; baseline -0.018 -13"><span class='ocrx_word' id='word_1_862' title='bbox 1986 5229 2259 5284; x_wconf 72' lang='lat' dir='ltr'><strong>l’rzeterea</strong></span> <span class='ocrx_word' id='word_1_863' title='bbox 2300 5225 2433 5297; x_wconf 90' lang='lat' dir='ltr'><strong>quid</strong></span> <span class='ocrx_word' id='word_1_864' title='bbox 2469 5224 2543 5282; x_wconf 91' lang='lat' dir='ltr'><strong>sit</strong></span> <span class='ocrx_word' id='word_1_865' title='bbox 2574 5222 2851 5284; x_wconf 79' lang='lat' dir='ltr'><strong>excitare,</strong></span> <span class='ocrx_word' id='word_1_866' title='bbox 2899 5226 2952 5274; x_wconf 90' lang='lat' dir='ltr'><strong>et</strong></span> <span class='ocrx_word' id='word_1_867' title='bbox 2983 5214 3118 5287; x_wconf 88' lang='lat' dir='ltr'><strong>quid</strong></span> <span class='ocrx_word' id='word_1_868' title='bbox 3147 5206 3456 5281; x_wconf 81' lang='lat' dir='ltr'><strong>expergisci</strong></span> <span class='ocrx_word' id='word_1_869' title='bbox 3498 5202 3577 5258; x_wconf 83' lang='lat' dir='ltr'><strong>fa-</strong></span> 
     </span>
    </p>
   </div>
   <div class='ocr_carea' id='block_1_114' title="bbox 1922 5300 3574 5380">
    <p class='ocr_par' dir='ltr' id='par_1_114' title="bbox 1922 5300 3574 5380">
     <span class='ocr_line' id='line_1_116' title="bbox 1922 5300 3574 5380; baseline -0.016 0"><span class='ocrx_word' id='word_1_870' title='bbox 1922 5356 1929 5367; x_wconf 54' lang='grc' dir='ltr'><strong>κη</strong></span> <span class='ocrx_word' id='word_1_871' title='bbox 1989 5338 2115 5380; x_wconf 86' lang='lat' dir='ltr'><strong>cere</strong></span> <span class='ocrx_word' id='word_1_872' title='bbox 2137 5320 2483 5377; x_wconf 89' lang='lat' dir='ltr'><strong>charitatem.</strong></span> <span class='ocrx_word' id='word_1_873' title='bbox 2541 5315 2682 5371; x_wconf 76' lang='grc' dir='ltr'><strong>ιιιυά</strong></span> <span class='ocrx_word' id='word_1_874' title='bbox 2733 5313 2878 5371; x_wconf 85' lang='lat' dir='ltr'><strong>enim</strong></span> <span class='ocrx_word' id='word_1_875' title='bbox 2920 5329 2933 5365; x_wconf 89' lang='lat'><strong>:</strong></span> <span class='ocrx_word' id='word_1_876' title='bbox 2979 5309 3158 5363; x_wconf 86' lang='lat' dir='ltr'><strong>Donec</strong></span> <span class='ocrx_word' id='word_1_877' title='bbox 3222 5303 3365 5366; x_wconf 83' lang='lat' dir='ltr'><strong>velit,</strong></span> <span class='ocrx_word' id='word_1_878' title='bbox 3421 5300 3574 5371; x_wconf 83' lang='lat' dir='ltr'><strong>prius</strong></span> 
     </span>
    </p>
   </div>
   <div class='ocr_carea' id='block_1_115' title="bbox 1993 5401 3213 5484">
    <p class='ocr_par' dir='ltr' id='par_1_115' title="bbox 1993 5401 3213 5484">
     <span class='ocr_line' id='line_1_117' title="bbox 1993 5401 3213 5484; baseline -0.017 -13"><span class='ocrx_word' id='word_1_879' title='bbox 1993 5416 2097 5471; x_wconf 86' lang='lat' dir='ltr'><strong>luit</strong></span> <span class='ocrx_word' id='word_1_880' title='bbox 2125 5411 2444 5484; x_wconf 80' lang='lat' dir='ltr'><strong>explicitum</strong></span> <span class='ocrx_word' id='word_1_881' title='bbox 2477 5423 2575 5480; x_wconf 90' lang='lat' dir='ltr'><strong>per</strong></span> <span class='ocrx_word' id='word_1_882' title='bbox 2617 5422 2680 5463; x_wconf 89' lang='lat' dir='ltr'><strong>ea</strong></span> <span class='ocrx_word' id='word_1_883' title='bbox 2733 5419 2856 5477; x_wconf 64' lang='lat' dir='ltr'><strong>quae</strong></span> <span class='ocrx_word' id='word_1_884' title='bbox 2885 5401 3031 5457; x_wconf 86' lang='lat' dir='ltr'><strong>dicta</strong></span> <span class='ocrx_word' id='word_1_885' title='bbox 3066 5404 3213 5455; x_wconf 90' lang='lat' dir='ltr'><strong>sunt.</strong></span> 
     </span>
    </p>
   </div>
   <div class='ocr_carea' id='block_1_116' title="bbox 2242 5739 2844 5809">
    <p class='ocr_par' dir='ltr' id='par_1_116' title="bbox 2242 5739 2844 5809">
     <span class='ocr_line' id='line_1_118' title="bbox 2242 5739 2844 5809; baseline -0.025 -5"><span class='ocrx_word' id='word_1_886' title='bbox 2242 5748 2286 5780; x_wconf 73' lang='grc' dir='ltr'><strong>θ’</strong></span> <span class='ocrx_word' id='word_1_887' title='bbox 2317 5745 2455 5802; x_wconf 83' lang='lat' dir='ltr'><strong>Gen.</strong></span> <span class='ocrx_word' id='word_1_888' title='bbox 2486 5756 2633 5809; x_wconf 67' lang='lat' dir='ltr'><strong>xxxv,</strong></span> <span class='ocrx_word' id='word_1_889' title='bbox 2658 5739 2693 5793; x_wconf 74' lang='lat'><strong>9.</strong></span> <span class='ocrx_word' id='word_1_890' title='bbox 2724 5752 2844 5808; x_wconf 86' lang='lat' dir='ltr'><strong>sqq.</strong></span> 
     </span>
    </p>
   </div>
  </div>
