3874 6404
411 331 514 386 855

1629 337 1671 393 S
1713 337 2043 396 GREGORII
2075 339 2372 402 NYSSENI
3577 349 3694 406 856

480 442 665 511 Atque
697 441 846 511 quod
880 457 978 512 per
1015 457 1206 513 agrum
1240 443 1463 516 quidem
1512 447 1776 504 mundum
1819 451 1992 522 signi-

2171 453 2294 508 Ὀτι
2343 455 2442 527 μὲν
2485 454 2572 510 διὰ
2613 455 2708 510 τοῦ
2755 456 2928 529 ἀγροῦ
2965 456 3056 511 τὸν
3096 458 3303 530 κόσμον
3344 462 3595 532 σημαίνει
3655 467 3692 536 ἡ

413 531 538 587 ﬁcet
575 549 680 588 vox
717 532 955 598 Domini,
986 550 1051 589 ex
1081 533 1394 606 Evangeliis
1429 539 1606 594 cuivis
1651 549 1738 596 est
1771 544 1993 613 perspi-

413 641 615 679 cuum.-
639 625 795 690 Quod
826 638 1004 681 autem
1059 636 1310 684 transeat
1347 629 1520 700 ﬁgura
1575 633 1767 688 mundi
1805 635 1992 704 hujus.

411 725 468 772 et
507 718 653 788 quod
687 718 740 771 in
775 727 974 773 natura
1008 722 1252 775 instabili
1295 723 1436 776 nihil
1470 723 1689 780 ﬁrmum
1733 729 1998 782 ostenda-

413 816 506 862 tur
543 816 596 864 et
640 810 859 873 stabile,
898 819 984 866 est
1033 812 1260 868 evidens
1295 830 1362 869 ex
1405 831 1603 886 magna
1657 823 1712 872 et
1771 820 1996 874 sublimi

411 917 546 956 voce
581 901 948 967 Ecclesiastas,
981 905 1073 974 qui
1109 906 1380 976 quidquid
1426 917 1654 978 apparet
1683 917 1738 964 et
1764 911 1992 975 transit,

415 991 556 1044 inter
591 1006 656 1046 ea
686 1007 808 1061 qua:
834 1002 965 1047 sunt
997 1009 1135 1048 vana
1184 998 1592 1054 annumeravit.
1623 998 1883 1065 Quaenam
1913 1008 1998 1056 est

412 1098 544 1150 ergo
577 1090 826 1152 potestas
853 1083 1018 1154 hujus
1049 1087 1165 1154 agri
1191 1087 1284 1156 qui
1317 1096 1404 1142 est
1430 1089 1702 1145 mundus?
1746 1099 1841 1144 aut
1873 1107 1996 1161 quae

413 1171 588 1226 virtus
621 1188 1086 1254 eorum,quorum
1128 1179 1394 1231 memoria
1437 1177 1600 1232 eﬁicit
1647 1179 1865 1236 ﬁliabus
1902 1179 1996 1236 Je-

415 1263 652 1318 rusalem
706 1271 767 1316 ut
824 1279 935 1318 non
991 1265 1062 1318 sit
1113 1266 1538 1321 transiliendum
1598 1272 1995 1340 praeceptum?

414 1348 547 1404 Nam
584 1353 630 1406 si
662 1352 729 1406 ad
767 1367 830 1407 ea
860 1368 980 1422 quae
1012 1362 1274 1423 apparent
1309 1357 1666 1425 aspiciamus,
1713 1359 1856 1414 hanc
1885 1361 2000 1414 exi-

415 1438 789 1494 stimationem
822 1441 1004 1510 rejicit
1035 1440 1418 1508 Ecclesiastes,
1445 1447 1601 1514 quasi
1651 1447 1705 1500 in
1753 1448 1833 1504 eis
1863 1464 2000 1502 non—

415 1530 563 1584 nulla
597 1533 670 1585 sit
697 1532 781 1586 vis
821 1534 1134 1600 potestatis,
1164 1549 1365 1590 vanum
1400 1537 1696 1594 nominans
1734 1540 2002 1610 quidquid

415 1623 472 1675 in
517 1621 601 1676 eis
641 1623 973 1687 ostenditur,
1021 1634 1076 1678 et
1111 1625 1163 1679 in
1201 1626 1347 1695 quod
1401 1628 1644 1682 studium
1691 1629 1996 1685 confertur.

414 1710 550 1765 Nam
583 1713 727 1781 quod
763 1723 848 1768 est
881 1729 1121 1786 vanum,i
1153 1733 1262 1771 non
1299 1719 1577 1774 consistit.
1624 1720 1782 1786 Quod
1816 1732 1997 1778 autem

2097 543 2192 597 τοῦ
2219 546 2491 599 Δεσπότου
2521 546 2694 618 φωνὴ,
2725 549 2886 602 παντὶ
2910 548 3068 620 δῆλον
3095 551 3158 604 ἐκ
3191 550 3300 605 τῶν
3331 553 3694 622 Εὐαγγελίων

2098 637 2246 691 ἐστίν
2271 655 2284 668 ·
2318 638 2399 692 ὅτι
2431 639 2488 692 δέ
2531 639 2771 711 παράγει
2801 642 2863 694 τὸ
2899 644 3087 712 σχῆμα
3110 642 3206 695 τοῦ
3231 643 3438 714 κόσμου
3467 645 3691 712 τούτου,

2100 728 2195 781 καὶ
2225 728 2376 782 οὐδὲν
2420 728 2616 796 πάγιον
2653 729 2927 783 δείκνυται
2958 732 3014 782 ἐν
3051 733 3118 801 τῇ
3153 732 3460 804 ἀστατούσῃ
3503 734 3691 802 φύσει,

2098 816 2255 888 δῆλον
2283 821 2346 870 ἐκ
2373 819 2472 888 τῆς
2495 819 2588 872 τοῦ
2623 819 3049 890 Ἑκκλησιαστοῢ
3077 822 3489 892 μεγαλοφωνίας
3515 827 3691 890 ἐστὶν,

2098 905 2158 969 ὃς
2189 908 2297 960 πᾶν
2319 908 2639 978 φαινόμενόν
2668 926 2728 961 τε
2755 911 2850 963 καὶ
2879 913 3310 983 παρερχόμενον,
3346 915 3405 968 ἐν
3437 918 3694 985 ματαίοις

2100 994 2424 1066 ἠρίθμησεν.
2461 997 2557 1060 Τίς
2589 993 2682 1050 οὖν
2715 999 2749 1067 ἡ
2787 998 3016 1070 δύναμις
3045 999 3138 1053 τοῦ
3161 1001 3401 1059 τοιούτου
3430 1003 3630 1074 ἀγροῦ,
3665 1007 3695 1059 ὅ

2101 1087 2248 1138 ἐστιν
2279 1089 2307 1140 ό
2333 1087 2571 1157 κόσμος;
2605 1089 2674 1141 Ἢ
2703 1087 2785 1152 τίς
2817 1089 2849 1159 ἡ
2884 1091 3056 1164 ἰσχὺς,
3085 1084 3160 1144 ὧν
3190 1093 3222 1162 ὴ
3255 1093 3440 1164 μνήμη
3469 1095 3696 1164 ἀπαρά-

2103 1175 2264 1230 ϐατον
2294 1181 2440 1231 ποιεῖ
2478 1177 2567 1231 διὰ
2599 1176 2694 1231 τοῦ
2738 1180 3004 1250 ὁρκισμοῦ
3049 1183 3171 1246 ταῖς
3209 1182 3540 1256 θυγατράσιν
3591 1188 3695 1240 Ἰε-

2107 1267 2386 1340 ρουσαλὴμ
2413 1271 2474 1322 τὸ
2507 1271 2904 1341 παράγγελμα;
2936 1272 2997 1324 Εἰ
3024 1271 3123 1343 μὲν
3154 1275 3263 1345 γὰρ
3299 1276 3435 1347 πρὸς
3457 1277 3525 1329 τά
3557 1294 3692 1344 φαι-

2103 1359 2306 1430 νόμενα
2348 1361 2641 1431 βλέπομεν,
2687 1361 2763 1424 ὡς
2793 1360 2960 1432 ούσης
3000 1363 3146 1426 τινὸς
3176 1367 3234 1417 ἐν
3271 1364 3479 1428 τούτοις
3519 1366 3691 1420 δυνά-

2108 1466 2283 1519 μεως,
2360 1451 2781 1520 παραγράφεται
2845 1450 2942 1522 τὴν
3009 1453 3265 1524 τοιαύτην
3323 1454 3596 1526 ὑπόληψιν
3661 1458 3692 1509 ό

2118 1542 2566 1614 Ἐκκλησιαστὴς,
2621 1543 2848 1612 μάταιον
2896 1543 3178 1614 ὀνομάζων
3222 1547 3328 1600 πᾶν
3367 1549 3422 1600 ἐν
3470 1549 3691 1610 τούτοις

2103 1631 2447 1703 δεικνύμενόν
2474 1649 2533 1686 τε
2565 1633 2660 1686 καὶ
2700 1631 3152 1703 σπουδαζόμενον.
3203 1633 3278 1688 To
3318 1635 3426 1706 γὰρ
3455 1636 3690 1707 μάταιον

2104 1725 2202 1794 οὐχ
2236 1724 2528 1793 ὑφέστηκε.
2577 1725 2651 1776 Τὸ
2677 1725 2734 1778 δὲ
2786 1727 2860 1796 μὴ
2909 1725 3138 1794 ὑφεστὸς
3171 1725 3310 1780 κατά
3345 1726 3443 1798 τὴν
3470 1728 3686 1792 οὐσίαν,

417 1806 471 1859 in
512 1806 747 1861 essentia
781 1821 891 1861 non
934 1809 1214 1872 consistit,
1253 1826 1363 1864 non
1401 1811 1567 1866 habet
1604 1814 1880 1869 virtutem.
1913 1817 1996 1870 An

2106 1815 2254 1883 ἰσχὺν
2285 1814 2384 1866 οὐκ
2427 1815 2559 1884 ἔχει.
2589 1815 2659 1868 Ἦ
2690 1814 2830 1885 τάχα
2857 1815 2944 1868 διά
2972 1817 3070 1885 τῆς
3102 1815 3466 1885 πληθυντικῆς
3498 1832 3687 1885 σημα-

416 1899 558 1952 forte
589 1913 686 1968 per
713 1898 978 1968 pluralem
1010 1900 1461 1970 signiﬁcationem
1489 1903 1656 1973 hujus
1681 1909 1997 1976 potestatis,

415 1990 648 2045 inveniri
684 1999 861 2058 potest
907 1993 1090 2062 aliqua
1131 2009 1329 2048 sensus
1362 1995 1716 2064 conjectura?
1752 1998 1811 2052 In
1843 2013 2001 2054 sacra

413 2082 556 2136 enim
589 2082 878 2151 Scriptura
911 2083 1074 2137 talem
1103 2085 1345 2141 nominis
1379 2085 1746 2142 dili‘erentiam
1797 2089 1852 2143 in
1900 2090 2002 2143 hu-

409 2173 652 2241 jusmodi
698 2176 976 2239 novimus,
1023 2183 1083 2228 ut
1131 2175 1352 2244 quando
1408 2179 1764 2248 singulariter
1799 2180 2002 2235 dicitur

415 2265 590 2320 virtus
615 2265 683 2329 ⁷⁸,
728 2265 795 2320 ad
843 2265 1016 2320 Deum
1066 2265 1338 2321 referatur
1387 2271 1659 2324 sententia
1697 2271 1866 2340 hujus
1906 2287 2003 2327 vo-

413 2354 495 2408 cis
524 2374 536 2407 :
569 2355 792 2424 quando
830 2365 1014 2410 autem
1053 2371 1150 2425 per
1185 2356 1414 2426 ﬁguram
1446 2360 1712 2427 pluralem
1746 2365 2003 2415 enuntia-

405 2435 527 2510 ‘tur,
560 2447 799 2502 ostendit
829 2455 1083 2501 naturam
1131 2449 1458 2518 angelicam,
1497 2458 1576 2514 ut,
1612 2451 1858 2505 Christus
1905 2451 2003 2506 Dei

414 2537 606 2600 uirtus,
637 2546 684 2591 et
723 2537 824 2591 Dei
865 2538 1130 2607 sapientia
1159 2541 1236 2606 7‘;
1277 2539 1367 2593 hic
1408 2540 1680 2611 singulari
1729 2544 1897 2597 Deum
1936 2542 2006 2597 si-

417 2626 659 2697 gniﬁcat.
701 2626 946 2682 Laudate
981 2627 1294 2695 Dominum,
1325 2646 1504 2684 omnes
1541 2633 1757 2686 virtutes
1793 2635 1908 2701 ejus
1931 2634 1999 2686 7'.

417 2716 516 2772 Hic
555 2718 770 2789 plurale
811 2719 1081 2773 virtutum
1148 2719 1358 2774 indicat
1410 2721 1864 2792 signiﬁcationem
1901 2737 2000 2777 na-

317 2845 321 2848 -
418 2817 558 2864 turae
626 2811 970 2880 angelorum,
1024 2826 1146 2881 quae
1196 2813 1342 2866 cadit
1391 2814 1496 2868 sub
1559 2813 1999 2884 intelligentiam.

415 2901 626 2957 Nomen
663 2910 845 2957 autem
879 2905 1171 2974 potestatis
1204 2905 1370 2960 simul
1412 2914 1700 2975 acceptum
1732 2921 1857 2959 cum
1888 2911 2001 2960 vir-

418 3001 534 3049 tute
569 2995 735 3049 habet
778 2995 1070 3050 clariorem
1107 2996 1393 3050 sententiae
1433 2997 1880 3065 expressionem;
1922 2996 2002 3051 sic

420 3081 705 3152 Scriptura
744 3098 840 3154 per
875 3083 1126 3138 iteratam
1156 3085 1537 3155 repetitionem
1563 3086 1852 3140 verborum
1884 3101 2004 3155 quae

416 3175 620 3230 habent
659 3176 907 3231 eamdem
941 3176 1073 3243 vim,
1124 3175 1336 3232 ﬁrmius
1369 3191 1433 3232 ac
1460 3178 1715 3233 stabilius
1762 3178 1815 3232 id
1855 3179 2002 3248 quod

417 3270 557 3333 vult,
609 3271 976 3340 exprimente,
1023 3278 1083 3324 ut
1144 3271 1304 3334 illud,
1350 3270 1611 3325 Dominus
1661 3271 1826 3326 virtus
1864 3289 2001 3338 mea,

423 3362 678 3415 Dominus
732 3363 1126 3432 ﬁrmamentum
1174 3378 1347 3416 meum
1371 3361 1440 3418 ⁷³.
1497 3361 1643 3417 Idem
1695 3363 1840 3418 enim
1897 3371 2001 3428 est,

419 3453 562 3524 quod
595 3470 692 3525 per
719 3462 1015 3525 utrumque
1045 3455 1273 3510 verbum
1312 3453 1680 3526 signiﬁcatur.
1715 3453 1821 3508 Sed
1850 3468 2005 3508 com-

420 3547 622 3618 positio
681 3561 870 3601 eorum
923 3562 1044 3617 quae
1098 3563 1284 3617 parem
1342 3548 1451 3601 vim
1512 3547 1748 3610 habent,
1800 3545 2007 3602 indicat

418 3638 789 3694 intensionem
837 3637 958 3707 ejus
996 3639 1144 3708 quod
1183 3637 1548 3707 signiﬁcatur.
1594 3636 1833 3691 Pluralis
1874 3651 2005 3707 ergo

417 3731 683 3783 virtutum
720 3728 1072 3800 signiﬁcatio,
1119 3737 1175 3784 et
1210 3729 1377 3784 simili
1417 3729 1578 3783 modo
1618 3729 1822 3782 mentio
1853 3737 2006 3798 pote-

417 3830 645 3888 statum,
697 3820 915 3876 videtur
961 3827 1200 3874 mentem
1246 3820 1557 3874 auditorum
1617 3818 1889 3874 deducere
1937 3818 2004 3872 ad

419 3913 719 3984 angelicam
767 3919 1044 3966 naturam.
1106 3908 1228 3974 Quo
1273 3910 1332 3964 ﬁt
1371 3917 1431 3964 ut
1475 3910 1772 3980 adjuratio,
1820 3926 1941 3981 quae
1974 3925 2005 3964 a

418 4006 688 4077 magistro
745 4003 1038 4058 adhibetur
1083 4002 1373 4057 animabus
1429 4019 1554 4072 quae
1621 4003 1878 4069 discunt,
1937 4003 2005 4057 ad

418 4094 894 4150 conﬁrmationem
946 4107 1136 4147 eorum
1183 4107 1304 4164 quae
1352 4101 1478 4147 sunt
1524 4092 1840 4162 dijudicata,
1896 4109 2006 4149 non

421 4191 491 4244 sit
511 4187 778 4242 adversus
801 4187 946 4239 hunc
958 4185 1222 4240 mundum
1241 4186 1332 4255 qui
1352 4187 1613 4256 praeterit,
1630 4185 1724 4241 sed
1743 4187 2006 4243 adversus

421 4293 636 4348 semper
664 4283 1074 4347 permanentem
1107 4276 1423 4346 angelorum
1459 4284 1734 4342 naturam,
1776 4276 1844 4330 ad
1869 4292 2006 4347 quos

415 4371 642 4438 jubetur
687 4372 956 4441 aspicere,
1002 4378 1062 4424 ut
1108 4368 1394 4424 conﬁrmet
1441 4369 1693 4438 exemplo
1736 4368 2006 4424 stabilita-

2105 1903 2222 1964 σίας
2249 1902 2347 1972 τῆς
2384 1903 2524 1955 κατά
2557 1901 2653 1973 τὴν
2685 1902 2931 1972 δύναμιν,
2967 1901 3082 1954 ἔστι
3111 1902 3234 1955 τινὰ
3261 1903 3565 1972 στοχασμὸν
3594 1905 3689 1956 εὑ-

2105 1996 2216 2064 ρεῖν
2251 1991 2344 2045 τοῦ
2378 1993 2689 2063 νοήματος;
2722 1992 2990 2062 Τοιαύτην
3025 1991 3134 2062 γὰρ
3162 1991 3405 2062 ἔγνωμεν
3434 1991 3589 2061 παρὰ
3617 1995 3685 2061 τῇ

2101 2085 2234 2156 ἁγίᾳ
2281 2083 2466 2155 Γραφῇ
2497 2083 2758 2153 διαφορὰν
2791 2083 2884 2136 ἐπὶ
2914 2082 3022 2136 τῶν
3055 2081 3311 2136 τοιούτων
3349 2081 3671 2151 ὀνομάτων⁸

2101 2176 2228 2229 ὅταν
2261 2176 2359 2246 μὲν
2386 2174 2686 2246 μοναδικῶς
2711 2177 2744 2245 ἡ
2771 2175 2998 2245 δύναμις
3014 2174 3257 2248 λέγηται,
3277 2174 3408 2237 ποὺς
3438 2174 3498 2227 τὸ
3517 2174 3686 2226 Θεῖον

2103 2267 2481 2338 ἀναπέμπεται
2511 2265 2599 2319 διά
2624 2267 2722 2337 τῆς
2749 2266 3000 2332 τοιαύτης
3026 2267 3262 2337 φωνῆςή
3287 2266 3490 2320 διάνοια
3507 2285 3518 2296 ·
3552 2267 3686 2320 ὅταν

2101 2358 2158 2411 δέ
2193 2358 2279 2411 διὰ
2322 2357 2416 2410 τοῦ
2471 2357 2836 2426 πληθυντικοῦ
2873 2358 3150 2428 σχήματος
3191 2353 3514 2423 ἐκφωνῆται,
3584 2355 3686 2426 τὴν

2103 2449 2397 2519 ἀγγελικὴν
2420 2447 2579 2518 φύσιν
2602 2449 2678 2518 τῷ
2694 2449 2836 2519 λόγῳ
2859 2448 3185 2518 παρίστησιν
3211 2465 3225 2478 °
3245 2441 3379 2510 οἷον,
3405 2446 3684 2514 Χριστὸς,

2107 2534 2254 2589 Θεοῦ
2286 2534 2540 2603 δύναμις
2573 2535 2672 2588 καὶ
2721 2537 2927 2604 σοφία,
2959 2535 3192 2588 ἐνταῦθα
3222 2535 3297 2606 τῷ
3330 2535 3603 2606 μοναδικῴ
3625 2536 3688 2589 τὸ

2104 2627 2258 2680 Θεῖον
2283 2625 2595 2696 ἐγνώρισεν.
2626 2626 2944 2697 Εὑλογεῖτε
2974 2625 3081 2679 τὸν
3115 2627 3331 2693 Κύριον
3355 2668 3370 2691 ,
3399 2624 3590 2680 πᾶσαι
3627 2627 3686 2677 αἱ

2103 2721 2385 2791 δυνάμεις
2432 2721 2639 2775 αὐτοῦ.
2694 2716 2823 2776 ⁷Ωδε
2869 2721 2930 2774 τὸ
2974 2720 3332 2790 πληθυντικὸν
3378 2721 3486 2773 τῶν
3525 2719 3688 2774 δυνά·

2108 2830 2252 2884 μεων
2279 2813 2378 2882 τῆς
2404 2811 2598 2881 νοητῆς
2631 2810 2739 2864 τῶν
2770 2810 3016 2880 ἀγγέλων
3045 2810 3257 2880 φύσεως
3280 2810 3378 2882 τὴν
3411 2808 3687 2880 σημασίαν

2104 2906 2462 2960 ἐνδείκνυται.
2496 2904 2569 2958 Τὸ
2599 2904 2655 2956 δέ
2679 2905 2779 2974 τῆς
2810 2903 2992 2974 ίσχύος
3020 2903 3189 2974 ὄνομα
3221 2902 3688 2972 συμπαραληφθὲν

2108 2997 2245 3067 μετὰ
2271 2997 2366 3066 τῆς
2396 2996 2676 3066 δυνάμεως
2697 3035 2712 3060 ,
2743 2995 2991 3048 ἐπίτασιν
3022 2994 3123 3064 τῆς
3161 2992 3253 3047 τοῦ
3291 2994 3557 3064 νοήματος
3589 2994 3688 3063 ἐμ·-

2107 3090 2322 3156 φάσεως
2355 3088 2498 3160 ἔχει’
2531 3088 2673 3141 οὕτω
2701 3090 2795 3158 τῆς
2826 3088 3046 3158 Γραφῆς
3077 3087 3164 3140 διὰ
3184 3087 3281 3157 τῆς
3302 3086 3687 3156 ἐπαναλήψεως

2107 3183 2216 3237 τῶν
2250 3180 2713 3252 ἰσοδυναμούντων
2733 3181 2992 3252 ῥημάτων
3025 3178 3365 3249 βεϐαιότερον
3391 3177 3688 3248 ἐμφαινούτ

2109 3290 2207 3345 σης
2238 3273 2266 3326 ὅ
2306 3272 2586 3342 βούλεται·
2637 3271 2712 3333 ὡς
2751 3270 2829 3334 τὸ,
2888 3270 3084 3338 Κύριε,
3122 3270 3160 3336 ή
3194 3269 3372 3338 ἰσχύς
3417 3284 3537 3336 μου
3588 3266 3687 3319 καὶ

2106 3362 2411 3433 στερέωμά
2435 3381 2577 3432 μου.
2614 3360 2822 3415 Ταὺτδν
2847 3360 2957 3431 γὰρ
2990 3359 3248 3430 ἐκάτερον
3286 3358 3395 3411 τῶν
3426 3356 3686 3428 ῥημάτων

2105 3457 2166 3510 τὸ
2189 3455 2609 3527 σημαινόμενον
2630 3472 2642 3485 ·
2692 3452 2804 3506 ἀλλ’
2840 3453 2877 3522 ἡ
2910 3452 3019 3505 τῶν
3056 3449 3518 3520 ἰσοδυναμούντων
3560 3464 3687 3500 aw-

2107 3547 2248 3619 θήκη
2281 3547 2504 3612 ἔνδειξιν
2552 3545 2785 3598 ποιεῖται
2839 3543 2938 3614 τῆς
2993 3542 3132 3596 κατὰ
3174 3542 3235 3594 τὸ
3291 3539 3686 3611 σημαινόμενον

2106 3639 2428 3700 ἐπιτάσεως.
2471 3638 2533 3690 Ἦ
2561 3639 2740 3689 τοίνυν
2771 3633 2880 3687 τῶν
2909 3633 3189 3704 δυνάμεων
3215 3629 3551 3702 πληθυντικὴ
3586 3647 3683 3700 ση-

2110 3733 2303 3804 μασία,
2338 3730 2432 3784 καὶ
2470 3731 2503 3800 ἡ
2534 3729 2889 3800 ὁμοιότροπος
2929 3725 3038 3779 τῶν
3083 3724 3282 3796 ἰσχύων
3313 3725 3523 3794 μνήμη,
3552 3722 3686 3793 πρὸς

2105 3825 2204 3896 τὴν
2233 3821 2529 3893 ἀγγελικὴν
2580 3821 2722 3874 ἔοικε
2754 3818 2913 3888 φύσιν
2960 3817 3192 3886 ἀπάγειν
3233 3815 3344 3868 τῶν
3383 3815 3686 3868 ἀκουόντων

2105 3916 2202 3988 τὴν
2236 3914 2474 3968 ἔννοιαν⁸
2529 3912 2671 3965 ὥστε
2714 3912 2805 3964 τὸν
2832 3909 3095 3980 όρκισμὸν
3137 3908 3228 3960 τὸν
3277 3907 3368 3960 ἐπὶ
3401 3904 3685 3976 βεϐαιώσει

2106 4008 2215 4062 τῶν
2252 4004 2593 4076 κεκριμένων
2639 4001 2789 4072 παρὰ
2816 4001 2916 4071 τῆς
2958 4000 3325 4062 διδασκαλίας,
3352 4001 3474 4061 ταῖς
3509 3995 3684 4068 μαθηο

2107 4099 2422 4168 τευομέναις
2449 4096 2646 4166 ψυχαῖς
2677 4092 3105 4165 προσαγόμενον,
3147 4091 3221 4162 μὴ
3251 4089 3396 4144 κατά
3417 4089 3511 4142 τοῦ
3546 4103 3684 4158 παρ-

2112 4195 2334 4262 άγοντος
2371 4188 2618 4259 γίνεσθαι
2651 4187 2857 4256 κόσμου
2883 4228 2897 4250 ,
2927 4184 3062 4238 ἀλλά
3089 4184 3229 4238 κατά
3277 4182 3375 4253 τῆς
3405 4181 3682 4250 ἐπιδιαμε-

2108 4285 2305 4354 νούσης
2341 4282 2515 4335 εἰσαεὶ
2561 4279 2775 4350 φύσεως
2810 4277 2920 4330 τῶν
2966 4277 3234 4346 ἀγγέλων,
3263 4275 3402 4348 πρὸς
3443 4273 3534 4337 οὒς
3567 4273 3684 4343 βλέο

2110 4395 2232 4430 πειν
2263 4373 2648 4438 διακελεύεται,
2699 4372 2786 4424 ἵνα
2820 4371 2880 4423 τὸ
2925 4368 3119 4437 πάγιόν
3173 4385 3230 4420 τε
3278 4368 3372 4420 καὶ
3428 4367 3682 4435 στάσιμον

421 4471 530 4518 tem
567 4472 620 4517 et
668 4461 1036 4518 constantiam
1091 4460 1217 4515 vita:
1256 4475 1379 4531 quze
1429 4477 1494 4515 ex
1552 4461 1756 4515 virtute
1800 4460 2000 4530 agitur.

2109 4471 2205 4540 τῆς
2231 4470 2350 4521 κατ’
2379 4466 2578 4538 ἀρετὴν
2607 4463 2880 4526 πολιτείας
2912 4460 3185 4532 βεϐαιώσῃ
3211 4461 3288 4530 τῷ
3308 4459 3680 4528 ὑποδείγματι.

419 4555 553 4610 Nam
587 4556 845 4627 quoniam
879 4554 1047 4607 vitam
1090 4561 1215 4623 post
1245 4553 1708 4609 resurrectionem
1745 4551 2006 4622 angelica:

419 4655 632 4702 natura:
693 4648 930 4702 similem
996 4646 1238 4699 futuram
1296 4653 1381 4699 est
1422 4645 1702 4714 pollicitus
1736 4643 1869 4714 (non
1922 4649 2006 4699 est

420 4746 601 4790 autem
627 4736 862 4791 mendax
893 4735 939 4791 is
972 4736 1064 4806 qui
1107 4736 1405 4807 promisit),
1439 4751 1786 4805 consequens
1813 4735 2002 4798 fuerit,

418 4831 583 4886 etiam
613 4845 734 4883 eam
780 4844 902 4898 qua:
932 4836 1016 4884 est
1058 4829 1113 4883 in
1148 4827 1354 4884 mundo
1387 4829 1556 4883 vitam
1599 4828 1898 4897 prmparari
1936 4827 2005 4883 ad

418 4939 538 4979 eam
578 4938 700 4993 quae
742 4931 932 4993 postea
981 4932 1065 4979 est
1115 4923 1326 4988 futura,
1362 4929 1423 4974 ut
1469 4921 1562 4990 qui
1616 4920 1673 4975 in
1719 4936 1886 4977 carne
1921 4923 2005 4976 vi-

417 5024 576 5078 vunt,
600 5017 655 5071 in
677 5032 810 5088 agro
832 5016 1020 5071 mundi
1052 5017 1316 5087 degentes
1343 5030 1450 5068 non
1483 5016 1671 5069 vivant
1699 5014 2002 5070 secundum

419 5126 678 5174 carnem,
725 5125 903 5180 neque
953 5109 1375 5164 conformentur
1429 5106 1557 5161 huic
1618 5107 1857 5174 mundo,
1905 5107 2003 5163 sed

421 5203 866 5270 prmmeditentur
907 5217 1029 5256 eam
1075 5203 1245 5256 vitam
1293 5215 1413 5269 quae
1466 5208 1741 5268 speratur,
1785 5216 1882 5270 per
1923 5200 2005 5253 vi-

422 5303 530 5346 tam
571 5309 694 5363 quae
737 5293 921 5364 agitur
947 5294 1000 5348 in
1055 5295 1159 5347 hoc
1190 5291 1414 5346 mundo.
1463 5291 1759 5362 Propterea
1801 5306 2004 5362 sponsa

423 5385 578 5443 aﬁert
621 5386 821 5440 animis
865 5400 1055 5439 eorum
1103 5384 1197 5453 qui
1242 5383 1464 5438 discunt
1505 5383 1646 5438 hanc
1691 5399 1788 5452 per
1819 5377 2004 5456 jusju-

427 5477 656 5530 randum
693 5477 1190 5540 conﬁrmationem,
1227 5483 1286 5530 ut
1310 5491 1498 5531 eorum
1524 5475 1636 5529 vita
1664 5490 1786 5544 quae
1818 5476 1870 5527 in
1899 5475 2004 5528 hoc

425 5578 557 5638 agro
592 5578 744 5622 recte
782 5569 1023 5641 degitur,
1056 5569 1291 5639 aspiciat
1321 5567 1386 5622 ad
1414 5566 1669 5632 virtutes,
1707 5582 1803 5636 per
1831 5566 2004 5636 impa-

1549 5745 1591 5775 τί
1620 5743 1766 5800 Psal.
1805 5759 2007 5800 τευ-ιιι

494 5741 541 5774 "°
567 5743 724 5797 nom.
762 5759 800 5811 ι,
836 5747 921 5802 l6.
1010 5746 1050 5778 τί
1081 5745 1096 5798 l
1130 5747 1257 5803 Cor.
1309 5763 1346 5814 ι,
1378 5745 1466 5799 24.

2124 4559 2340 4629 Ἐπειδὴ
2387 4557 2494 4629 γὰρ
2533 4557 2622 4609 τὸν
2676 4553 2814 4625 μετά
2860 4553 2957 4624 τὴν
3007 4551 3304 4606 ἀνάστασιν
3348 4549 3460 4619 βίον
3505 4549 3682 4617 ὅμοιον

2109 4650 2443 4723 ἐπήγγελται
2463 4651 2526 4720 τῇ
2556 4645 2886 4701 καταστάσει
2911 4644 3018 4697 τῶν
3045 4641 3346 4714 ἀνθρώπων
3365 4638 3682 4711 γενήσεσθαι

2112 4741 2368 4812 (ἀψευδὴς
2407 4739 2515 4811 γὰρ
2560 4741 2588 4792 ό
2617 4735 3127 4807 ἐπαγγειλάμενος),
3179 4732 3468 4786 ἀκόλουθον
3499 4731 3564 4784 ἂν
3599 4730 3681 4800 εἴη

2111 4837 2208 4888 καὶ
2235 4834 2334 4904 τὴν
2369 4835 2425 4887 ἐν
2470 4831 2548 4902 τῷ
2578 4832 2768 4901 κόσμῳ
2821 4827 2964 4899 ζωὴν
3014 4825 3151 4898 πρὸς
3191 4827 3290 4897 τὴν
3331 4823 3682 4893 ἐλπιζομένην

2114 4925 2254 4998 μετά
2291 4924 2460 4978 ταῦτα
2508 4920 3043 4991 παρασκευάζεσθαι,
3089 4917 3230 4971 ὥστε
3265 4919 3322 4970 ἐν
3358 4915 3521 4986 σαρκὶ
3552 4913 3682 4978 ζῶνσ

2111 5036 2231 5082 τας,
2274 5018 2368 5071 καὶ
2399 5019 2457 5071 ἐν
2491 5016 2646 5088 ἀγρῷ
2677 5014 2770 5068 τοῦ
2801 5014 3006 5082 κόσμου
3041 5010 3230 5064 τούτου
3266 5009 3568 5076 διάγοντας,
3612 5006 3682 5075 μὴ

2111 5110 2254 5164 κατά
2300 5109 2478 5179 σάρκα
2531 5107 2650 5177 ζῇν,
2706 5106 2839 5178 μηδέ
2886 5100 3382 5174 συσχηματίζεσθαι
3415 5099 3493 5168 τῷ
3533 5097 3683 5150 αἰῶνι

2111 5203 2307 5272 τούτῳ,
2347 5199 2482 5253 ἁλλά
2532 5198 2872 5269 προμελετᾷν
2921 5195 3010 5248 τὸν
3057 5192 3410 5262 ἐλπιζόμενον
3463 5190 3572 5260 βίον
3600 5187 3683 5242 διὰ

2111 5296 2206 5366 τῆς
2237 5297 2293 5346 ἐν
2328 5293 2406 5364 τῷ
2446 5292 2635 5362 κόσμῳ
2666 5290 2831 5359 ζωῆς.
2865 5289 2964 5340 Διά
2986 5287 3141 5339 τοῦτο
3165 5284 3264 5354 τὴν
3293 5284 3378 5336 διά
3411 5283 3502 5335 τοῦ
3527 5282 3682 5350 ὅρκου

2113 5386 2404 5459 βεϐαίωσιν
2449 5386 2670 5454 ἐμποιεῖ
2713 5384 2831 5444 ταῖς
2864 5380 3062 5450 ψυχαῖς
3092 5377 3199 5429 τῶν
3235 5373 3683 5446 μαθητευομένων

2111 5479 2144 5549 ἡ
2189 5476 2404 5548 νύμφη.
2439 5475 2579 5528 ὥστε
2625 5475 2722 5544 τὴν
2757 5472 2902 5542 ζωὴν
2934 5469 3112 5524 αὐτῶν
3167 5467 3264 5538 τὴν
3312 5468 3368 5518 ἐν
3411 5465 3488 5534 τῷ
3534 5460 3683 5531 ἀγρῷ

2109 5571 2282 5639 τούτῳ
2330 5566 2772 5638 κατορθουμένην
2827 5563 2965 5635 πρὸς
3007 5559 3105 5625 τὰς
3149 5557 3400 5628 δυνάμεις
3450 5553 3680 5625 βλέπειν,

2018 5785 2028 5808 ,
2062 5745 2116 5799 2.
2196 5744 2241 5776 ⁷³
2266 5742 2410 5799 Psai.
2443 5758 2576 5812 χιιι,
2607 5740 2662 5795 εὶ.
