3874 6362
222 339 341 399 357

1294 341 1361 397 IN
1397 339 1696 399 CANTICA
1744 318 2016 399 CAerc.
2053 338 2342 398 nonum
2382 339 2448 397 ν.

3391 336 3497 394 858

225 449 582 526 μιμουμένην
615 449 704 505 διά
733 451 832 523 τῆς
863 452 1132 518 ἀπαθείας
1171 454 1267 526 τὴν
1308 455 1604 527 ἀγγελικὴν
1646 455 1815 510 κάθα-

1930 452 2227 509 Libilitatem
2277 451 2448 507 vitam
2502 448 2728 506 imitans
2783 449 3110 521 angelicam.
3194 448 3289 507 Sic
3347 453 3497 508 enim

227 545 462 616 ρότητα.
519 542 676 598 Οὕτω
728 545 837 617 γὰρ
891 546 1243 619 ἐγειρομένης
1298 547 1401 618 τῆς
1453 548 1673 619 ἀγάπης
1719 549 1813 602 καὶ

227 633 673 707 ἐξεγειρομένης,
703 636 842 708 ὅπερ
871 637 1018 690 ἐστὶν
1050 637 1362 710 ύψουμένης
1389 656 1449 692 τε
1481 639 1577 693 καὶ
1615 639 1701 692 ἀεὶ
1728 639 1815 693 διὰ

229 726 560 798 προσθήκης
599 726 736 798 πρὸς
772 728 834 781 τὸ
875 725 1057 798 μεῖζον
1089 728 1484 803 ἐπαυξομένης,
1515 732 1575 785 τὸ
1613 728 1816 800 ἀγαθὸν

229 813 361 871 εἷπε
391 817 604 889 θέλημα
634 819 726 873 τοῦ
767 819 901 873 Θεοῦ
928 820 1263 876 τελειοῦσθαι
1293 823 1368 887 ὡς
1401 825 1458 877 ἐν
1483 824 1695 897 οὐρανῷ
1722 824 1816 878 καὶ

229 910 333 964 ἐπὶ
362 910 484 981 γῆς,
520 911 619 981 τῆς
668 911 968 984 ἀγγελικῆς
998 913 1266 978 ἀπαθείας
1302 914 1394 969 καὶ
1440 917 1499 971 ἐν
1545 919 1677 988 ἡμῖν
1720 934 1819 971 κα-

232 999 630 1072 τορθουμένης.
664 1001 849 1055 Ταῦτα
893 1005 1299 1076 κατενοήσαμεν
1325 1007 1405 1070 εἰς
1446 1007 1528 1071 τὸ,
1567 1007 1820 1076 Ὥρκισα

232 1090 417 1161 ὑμᾶς,
439 1093 756 1162 θυγατέρες
801 1096 1218 1165 Ἰερουσαλὴμ,
1265 1098 1334 1152 ἐν
1362 1098 1674 1169 δυνάμεσι,
1718 1101 1817 1155 καὶ

232 1184 311 1259 ἐν
343 1185 626 1253 ίσχύσεσι
659 1186 766 1241 τοῦ
793 1187 980 1257 ἀγροῦ
999 1206 1012 1221 ·
1042 1190 1152 1244 ἐὰν
1183 1191 1447 1261 ἐγείρητε
1475 1193 1574 1247 καὶ
1604 1193 1821 1263 ἐξεγεί-

226 1292 383 1343 ρητε
414 1275 526 1343 τὴν
568 1275 829 1346 ἀγάπην,
856 1278 967 1344 ἕως
1013 1276 1087 1337 οὗ
1120 1283 1375 1353 θελήσῃ.
1412 1284 1474 1337 El
1518 1284 1577 1337 δέ
1611 1270 1819 1348 τις-κεύ-

239 1363 425 1435 ρεθείη
452 1364 607 1433 λόγος
632 1366 818 1439 ἔτερος
859 1369 1058 1439 μᾶλλον
1088 1373 1462 1442 προσεγγίζων
1495 1375 1558 1445 τῇ
1592 1373 1822 1445 ἀληθείᾳ

233 1453 351 1506 τῶν
373 1452 737 1524 ζητουμένων,
762 1456 1024 1528 δεξόμεθα
1048 1460 1147 1530 τὴν
1167 1461 1345 1532 χάριν,
1374 1461 1469 1516 καὶ
1500 1462 1821 1534 εὐχαριστή-

236 1561 409 1615 σομεν
442 1544 521 1615 τῷ
556 1546 995 1603 ἀποκαλύπτοντι
1037 1550 1106 1604 τά
1149 1554 1506 1623 κεκρυμμένα
1548 1556 1823 1627 μυστήρια

234 1632 332 1686 διὰ
379 1634 471 1687 τοῦ
533 1635 689 1703 ἁγίου
738 1637 1074 1709 Πνεύματος,
1123 1642 1182 1693 ἐν
1233 1641 1455 1714 Χριστῷ
1518 1643 1692 1715 Ἰησοῦ
1743 1644 1822 1716 τῷ

238 1725 434 1796 Κυρίῳ
462 1726 637 1797 ἡμῶν,
665 1721 709 1796 ᾧ
739 1731 940 1801 πρέπει
979 1732 1013 1803 ἡ
1059 1731 1186 1800 δόξα
1213 1735 1293 1795 είς
1322 1736 1448 1799 τοὺς
1479 1735 1681 1801 αἰῶνας
1711 1736 1821 1791 τῶν

237 1814 474 1871 αἰώνων.
519 1816 712 1889 Ἀμήν.

664 1968 669 1977 ,
855 1910 1101 1968 OMIAIA
1133 1915 1208 1970 E'.

315 1999 491 2066 Φωνὴ
517 1998 845 2069 ἀδελφιδοῦ
877 2020 1018 2073 μου.
1051 2005 1201 2061 Ἰδοὺ
1238 2001 1417 2075 οὗτος
1445 2008 1577 2077 ἥκει
1612 2010 1822 2079 πηδῶν

236 2085 344 2140 ἐπὶ
386 2089 458 2142 τὰ
495 2089 621 2158 ὄρη,
661 2091 1057 2163 διαλλόμενος
1088 2097 1186 2151 ἐπὶ
1230 2098 1370 2165 τοὺς
1390 2100 1679 2166 βουνούς.
1714 2102 1819 2155 '0-

233 2179 411 2247 μοιός
437 2180 609 2234 ἐστιν
639 2180 963 2252 ἁδελφιδός
1002 2203 1123 2254 μου
1161 2184 1237 2256 τῆ
1268 2186 1530 2256 δορκάδι,
1562 2190 1601 2259 ἣ
1634 2189 1822 2258 ν’εόρῷ

238 2268 486 2340 ἐλάφων
514 2272 613 2325 ἐπὶ
639 2273 714 2327 τὰ
757 2274 864 2343 ὄρη
904 2277 1149 2345 Bardi“.
1200 2278 1354 2333 Ἰδοὺ
1406 2276 1584 2346 οὗτος
1630 2282 1822 2335 ὀπίσω

238 2361 353 2416 τοῦ
381 2363 584 2432 τοίχου
622 2364 811 2435 ἡμῶν,
839 2369 1245 2436 παρακύπτων
1271 2370 1368 2424 διὰ
1394 2370 1511 2425 τῶν
1545 2372 1819 2441 θυρίδων,

237 2453 553 2508 ἑκκύπτων
577 2455 675 2509 διὰ
710 2456 830 2512 τῶν
870 2459 1147 2516 δικτύων.
1207 2464 1612 2533 Ἀποκρίνεται
1645 2465 1821 2521 ἀδελ-

238 2545 417 2615 φιδός
449 2565 587 2616 μου,
616 2548 714 2602 καὶ
739 2548 899 2619 λέγει
913 2570 1017 2621 μοι
1037 2568 1049 2582 θ
1104 2553 1382 2620 Ἀνάστα,
1406 2557 1566 2621 ἐλθὲ,
1599 2558 1638 2625 ἠ
1665 2561 1821 2627 πλη-

239 2638 385 2690 σίον
406 2656 545 2707 μου,
581 2640 738 2709 καλή
772 2658 914 2710 μου,
957 2645 1276 2713 περιστερά
1298 2664 1440 2715 μου.
1474 2649 1602 2703 Ὅτι
1632 2649 1763 2704 ίδοὺ
1789 2652 1824 2705 ὁ

239 2729 466 2798 χειμὼν
512 2730 842 2800 παρῆλθεν,
893 2737 928 2789 ό
978 2735 1153 2803 ὑετὸς
1187 2736 1478 2806 ἀπῆλθεν,
1527 2740 1820 2811 ἐπορεύθη

238 2817 454 2884 ἐαυτῷ.
478 2821 553 2875 Τὰ
577 2821 726 2891 ἄνθη
755 2824 919 2893 ὤφθη
950 2825 1018 2879 ὲν
1046 2826 1120 2895 τῇ
1141 2826 1238 2898 τῇ,
1275 2831 1479 2898 καιρὸς
1501 2831 1613 2899 τῆς
1634 2833 1816 2901 τομῆς

238 2906 484 2976 ἔφθακε,
521 2910 692 2980 φωνὴ
731 2912 843 2981 τῆς
886 2917 1176 2984 τρυγόνος
1217 2919 1490 2988 ἠκούσθη
1533 2922 1604 2975 ἐν
1640 2922 1717 2992 τῇ
1744 2923 1822 2994 τῇ

238 2997 432 3069 ἡμῶν.
487 3001 556 3055 Ἡ
583 3002 745 3072 συκῆ
789 3004 1119 3074 ἐξήνεγκεν
1158 3011 1459 3079 ὀλύνθους
1487 3013 1678 3082 αὐτῆς
1702 3033 1715 3046 ·
1761 3018 1822 3069 al

237 3089 498 3159 ἄμπελοι
529 3094 938 3166 κυπρίζουσιν,
987 3098 1221 3155 ἔδωκαν
1263 3104 1482 3173 ὀσμήν.
1548 3107 1819 3174 Ἀνάστα,

1912 547 2149 601 excitata
2193 552 2250 601 et
2292 551 2612 614 experrecta
2661 542 2951 603 charitate.
2983 542 3042 598 id
3090 552 3196 611 est,
3230 543 3288 598 in
3326 544 3499 599 altum

1914 634 2152 703 sublata,
2208 646 2261 693 et
2312 651 2531 706 semper
2571 651 2671 706 per
2721 633 3058 691 additionem
3116 636 3184 690 ad
3232 636 3501 705 majorem

1915 739 2075 786 aucta
2120 728 2563 800 amplitudinem,
2604 728 2803 783 bonam
2848 726 2942 782 Dei
2977 725 3118 782 dixit
3156 727 3501 783 voluntatem

1914 820 2125 893 perﬁci,
2178 820 2326 877 sicut
2371 820 2429 875 in
2480 819 2624 875 coelo
2659 826 2714 875 et
2750 819 2805 873 in
2851 827 3020 885 terra,
3075 835 3203 874 cum
3254 820 3500 891 angelica

1917 912 2300 983 impatibilitas
2327 912 2382 967 in
2413 911 2575 966 nobis
2616 925 2838 981 quoque
2863 909 3108 980 perlecta
3142 910 3330 966 fuerit.
3373 910 3501 967 Haec

1915 1005 2348 1077 excogitavimus
2386 1003 2442 1057 in
2481 1003 2647 1057 illud:
2680 1002 2940 1071 Adjuravi
2981 1019 3095 1068 vos,
3127 1002 3259 1073 ﬁlia:
3277 1001 3503 1057 Jerusa-

1919 1099 2040 1162 lem,
2080 1097 2137 1150 in
2173 1094 2544 1162 potestatibus,
2589 1102 2637 1149 el
2669 1093 2949 1164 virtutibus
2984 1094 3122 1165 agri,
3168 1096 3216 1149 si
3262 1096 3501 1149 excitetis

1917 1198 1967 1243 et
2011 1188 2305 1257 expergisci
2341 1186 2562 1257 faciatis
2606 1186 2945 1253 charitatem,
2967 1186 3132 1241 donec
3163 1186 3306 1241 velit.
3345 1186 3504 1254 Quod

1921 1282 1968 1337 si
1994 1281 2179 1350 aliqua
2214 1279 2322 1334 alia
2366 1278 2683 1334 inveniatur
2711 1279 3005 1344 sententia,
3042 1293 3165 1349 quae
3195 1280 3371 1351 magis
3410 1294 3507 1334 ac-

1920 1370 2080 1430 cedat
2111 1372 2177 1427 ad
2208 1372 2496 1429 veritatem
2526 1386 2718 1426 eorum
2747 1387 2870 1442 qua:
2895 1380 3242 1442 quaeruntur,
3277 1382 3506 1444 accepta

1919 1464 2028 1520 erit
2068 1465 2266 1535 gratia,
2307 1470 2362 1519 et
2394 1463 2604 1534 gratias
2654 1477 2880 1533 agemus
2914 1463 2963 1518 ei
3012 1464 3109 1533 qui
3152 1464 3361 1519 revelat
3403 1478 3504 1518 oc-

1921 1555 2069 1611 culta
2099 1555 2363 1626 mysteria
2411 1570 2509 1625 per
2537 1561 2792 1609 sanctum
2845 1551 3135 1624 Spiritum,
3182 1554 3239 1608 in
3275 1552 3506 1609 Christo

1919 1647 2074 1712 Jesu,
2132 1663 2296 1719 quem
2346 1647 2505 1704 decet
2560 1647 2734 1719 gloria
2777 1647 2836 1702 in
2895 1647 3098 1704 saecula
3151 1646 3504 1704 saeculorum.

1922 1740 2120 1794 Amen.

2515 1911 2803 1969 HOMILIA
2839 1913 2912 1969 ν.

1994 2006 2123 2062 CAP.
2160 2022 2231 2073 ιι,
2265 2007 2321 2076 ᾗ.
2358 2005 2409 2061 8.
2451 2003 2568 2061 Vox
2604 2005 2862 2074 patruelis
2903 2005 3028 2059 mei.
3071 2002 3208 2058 Ecce
3241 2005 3326 2058 hic
3368 2007 3507 2060 venit

1922 2099 2129 2154 saltans
2150 2114 2314 2167 supra
2335 2107 2557 2164 montes,
2583 2107 2633 2152 et
2662 2113 2754 2167 per
2784 2095 2946 2151 colles
2975 2096 3305 2150 transiliens.
3333 2098 3387 2152 9.
3419 2096 3507 2152 Si-

1922 2190 2065 2245 milis
2099 2198 2178 2244 est
2208 2189 2465 2257 patruelis
2509 2206 2656 2243 meus
2691 2204 2916 2257 capreis,
2954 2197 3047 2241 aut
3085 2188 3304 2242 hinnulo
3332 2205 3509 2243 cervo-

1922 2299 2062 2347 rum,
2088 2298 2243 2351 super
2266 2291 2467 2335 mortles
2502 2280 2725 2335 Bwthel.
2760 2279 2896 2334 Ecce
2939 2279 3022 2332 hic
3053 2289 3161 2333 stat
3189 2289 3307 2350 post
3330 2282 3509 2350 parie-

1927 2386 2029 2431 tem
2087 2391 2297 2440 meum,
2360 2373 2686 2444 prospiciens
2745 2389 2838 2442 per
2894 2372 3186 2442 fenestras,
3248 2388 3509 2444 apparens

1921 2485 2013 2537 per
2066 2466 2349 2521 cancellos.
2422 2464 2509 2518 10.
2559 2465 2855 2533 Respondet
2913 2466 3211 2535 patruelis,
3268 2475 3318 2519 et
3381 2464 3511 2518 dicit

1922 2562 2100 2616 mihi:
2142 2559 2345 2629 Surge,
2383 2558 2531 2623 veni,
2580 2558 2878 2627 propinqua
2903 2573 3019 2610 mea
3044 2595 3059 2620 ,
3097 2556 3321 2626 pulchra
3368 2573 3507 2622 mea,

1923 2649 2168 2705 columba
2217 2665 2352 2702 mea.
2408 2649 2497 2701 11.
2549 2646 2817 2712 Quoniam
2862 2662 2979 2700 ecce
3013 2646 3181 2700 hiems
3210 2647 3506 2715 prieteriit,

1923 2738 2091 2792 imber
2140 2737 2274 2791 abiit
2314 2745 2365 2789 et
2410 2751 2464 2789 se
2510 2733 2724 2800 recepit.
2778 2732 2866 2786 12.
2910 2731 3096 2786 Flores
3137 2734 3237 2786 visi
3285 2743 3409 2787 sunt
3454 2734 3509 2788 in

1924 2839 2088 2892 terra,
2117 2838 2318 2896 tempus
2343 2823 2634 2895 putationis
2658 2821 2887 2876 advenit.
2925 2821 3037 2875 Vox
3070 2823 3294 2876 lurturis
3323 2822 3509 2877 audita

1920 2927 2000 2974 est
2054 2918 2109 2971 in
2164 2927 2308 2971 terra
2370 2923 2576 2968 nostra.
2647 2911 2733 2965 15.
2810 2907 2975 2962 Ficus
3034 2909 3257 2979 protulit
3300 2924 3510 2980 grossos

1922 3026 2067 3065 suos.
2116 3007 2256 3063 Vites
2299 3005 2512 3075 ﬂorent,
2546 3003 2803 3056 dederunt
2837 3000 3074 3057 odorem.
3123 2999 3326 3070 Surge,
3355 3000 3507 3064 veni,

1922 3103 2213 3172 propinqua
2271 3114 2422 3159 mea,
2467 3093 2691 3165 pulchra
2734 3110 2873 3148 mea.
2932 3092 3023 3149 14.
3056 3090 3315 3149 Columba
3354 3109 3510 3159 mea,

237 3183 404 3248 ἐλθὲ,
426 3185 463 3252 ἡ
499 3188 769 3256 πλησίον
788 3207 929 3258 μου,
966 3191 1121 3260 καλή
1145 3212 1260 3263 μου
1277 3236 1291 3259 ,
1319 3199 1642 3267 περιστερά
1675 3218 1817 3269 μου.

1930 3197 1979 3248 in
2032 3192 2253 3263 tegmine
2296 3198 2460 3259 petra:
2505 3188 2672 3257 juatta
2736 3184 3209 3256 propugnaculum.
3287 3184 3516 3238 Ostende

251 3274 361 3330 Ἐν
372 3277 566 3346 σκέπῃ
588 3277 691 3346 τῆς
711 3280 951 3348 πέτρας,
979 3284 1238 3351 ἐχόμενα
1262 3288 1366 3342 τοῦ
1395 3292 1819 3362 προτειχίσμα-

236 3381 367 3432 τος,
408 3364 610 3431 δεῖξόν
640 3386 742 3438 μοι
773 3371 887 3439 τὴν
923 3373 1068 3441 ὄψιν
1095 3388 1231 3442 σου,
1256 3377 1353 3430 καὶ
1381 3379 1709 3434 ἀκούτισόν
1747 3398 1824 3451 με

238 3456 361 3526 τὴν
390 3458 600 3527 φωνήν
628 3474 765 3527 σου,
812 3461 901 3516 ὅτι
934 3464 973 3532 ἠ
1006 3466 1175 3535 φωνή
1218 3482 1335 3522 σου
1369 3469 1559 3537 ἡδεῖα,
1600 3474 1638 3541 ἠ
1685 3472 1825 3540 ὄψις

238 3563 364 3603 σου
418 3551 621 3621 ὡραία.
682 3553 946 3609 Πιάσατε
1003 3556 1149 3626 ἡμῖν
1199 3558 1515 3628 ἀλώπεκας
1569 3565 1825 3633 μικροὺς

238 3640 640 3709 ἀφανίζοντας
682 3644 1063 3714 ἀμπελῶνας.
1115 3648 1225 3702 Kal
1267 3653 1329 3704 al
1367 3650 1622 3721 ἄμπελοι
1655 3652 1828 3722 ἡμῶν

240 3728 654 3798 κυπρίζουσαι.
721 3733 1069 3806 Ἀδελφιδός
1099 3756 1220 3807 μου
1263 3740 1413 3809 ἐμοὶ,
1453 3741 1617 3812 κάγὼ
1643 3742 1822 3810 αὐτῷ,

240 3825 276 3877 ό
304 3824 638 3892 ποιμαίνων
675 3826 747 3880 ἐν
772 3827 897 3894 τοῖς
941 3832 1185 3899 κρίνοις,
1230 3832 1342 3898 ἓως
1375 3830 1448 3890 οὗ
1486 3834 1824 3909 διαπνεύση

239 3912 472 3983 ἡμέρα,
516 3916 613 3970 καὶ
664 3919 996 3988 κινηθῶσιν
1044 3925 1105 3978 al
1154 3927 1341 3981 σκιαί.
1399 3927 1824 3998 Ἀπόστρεψον,

242 4005 558 4076 ὀμοιώθητι
582 4008 685 4073 σὺ,
704 4010 988 4082 ἀδελφιδέ
1014 4033 1156 4085 μου,
1180 4015 1260 4082 τῷ
1287 4018 1559 4090 δόρκωνι,
1582 4021 1620 4091 ἢ
1641 4022 1828 4090 νεϐρῷ

240 4096 490 4167 ἐλάφων
512 4099 610 4153 ἐπὶ
635 4101 740 4171 ὅρη
766 4106 1165 4175 κοιλωμάτων.

317 4188 402 4241 Τά
429 4188 523 4243 νῦν
564 4193 896 4260 προτεθέντα
928 4195 1015 4249 διὰ
1048 4198 1148 4270 τῆς
1186 4200 1545 4271 ἀναγνώσεως
1584 4205 1715 4276 ἡμῖν
1765 4207 1831 4260 ἐκ

242 4282 348 4354 τῆς
376 4280 471 4334 τοῦ
501 4282 776 4355 ᾊσματος
802 4287 910 4341 τῶν
951 4291 1214 4361 ᾀσμάτων
1258 4295 1597 4365 φιλοσοφίας,
1627 4299 1721 4351 καὶ
1751 4300 1832 4361 είς

243 4370 544 4443 ἐπιθυμίαν
574 4374 696 4443 ἄγει
728 4376 829 4447 τῆς
857 4377 966 4433 τῶν
999 4381 1411 4453 ὑπερκειμένων
1440 4386 1660 4457 ἀγαθῶν
1695 4387 1832 4441 θεω-

246 4463 397 4535 ρίας,
438 4465 534 4518 καὶ
566 4465 742 4538 λύπην
778 4471 1051 4542 ἐντίθησιν
1100 4475 1259 4544 ἡμῶν
1288 4479 1410 4539 ταῖς
1439 4476 1666 4548 ψυχαῖς,
1694 4480 1832 4533 ἀπό-

1928 3283 2057 3339 milii
2091 3282 2282 3353 faciem
2326 3290 2473 3333 tuam
2497 3320 2513 3343 ,
2561 3286 2612 3332 et
2661 3278 2748 3346 {ac
2793 3293 2874 3330 me
2907 3276 3095 3329 audire
3130 3290 3303 3329 vocem
3343 3283 3512 3330 tuam.

1937 3376 2052 3433 Vox
2100 3376 2239 3431 enim
2282 3383 2374 3427 tua
2426 3379 2506 3426 est
2566 3369 2740 3425 dulcis
2768 3407 2786 3435 ,
2846 3376 2897 3423 et
2943 3368 3107 3436 facies
3171 3376 3265 3420 tua
3301 3366 3513 3420 decora.

1932 3470 2020 3524 15.
2072 3467 2258 3535 Capite
2299 3464 2449 3519 nobis
2486 3462 2665 3532 vulpes
2691 3500 2706 3525 ,
2755 3476 2873 3531 quae
2902 3470 3027 3514 sunt
3071 3459 3281 3530 quidem
3316 3474 3515 3528 parum,

1929 3559 2288 3616 demoliuntur
2351 3563 2531 3609 autem
2593 3554 2769 3607 vineas
2826 3566 2844 3605 .'
2902 3552 3094 3620 florent
3153 3551 3294 3605 enim
3357 3551 3519 3603 vinea:

1929 3661 2146 3707 nostris.
2210 3648 2295 3703 16.
2348 3646 2451 3703 Sed
2506 3646 2765 3715 patruelis
2815 3660 2959 3697 meus
3004 3642 3173 3709 mihi,
3209 3649 3261 3696 et
3301 3657 3392 3711 ego
3429 3641 3516 3704 ei,

1931 3742 2022 3813 qui
2064 3739 2237 3811 pascit
2289 3739 2428 3793 inter
2468 3736 2605 3791 lilia.
2650 3733 2739 3788 17.
2781 3733 2957 3787 Donec
3007 3732 3325 3801 perspirarit
3379 3730 3516 3795 dies,

1931 3842 1984 3887 et
2046 3841 2204 3886 mota:
2271 3828 2472 3899 fuerint
2546 3826 2769 3881 umbris.
2833 3823 3103 3879 Revertere
3156 3825 3297 3888 cito,
3360 3840 3391 3877 ο
3432 3837 3521 3891 pn-

1934 3922 2119 3978 truelis
2141 3960 2156 3985 ,
2206 3922 2282 3975 sis
2319 3919 2514 3974 similis
2550 3933 2756 3988 caprea:
2780 3957 2797 3985 ,
2849 3926 2944 3971 aut
2994 3914 3216 3970 hinnulo
3252 3930 3520 3970 cervorum

1933 4032 2098 4086 supra
2134 4022 2335 4069 montes
2361 4027 2649 4077 concavas.

2008 4188 2142 4257 Quae
2192 4201 2291 4258 per
2340 4185 2634 4241 lectionem
2676 4197 2824 4239 nunc
2863 4180 3027 4238 nobis
3074 4188 3205 4238 sunt
3238 4180 3518 4252 proposita

1935 4296 2000 4337 ex
2021 4279 2374 4351 philosophia
2407 4276 2621 4333 Cantici
2644 4276 3014 4340 canticorum,
3049 4273 3331 4329 adducunt
3357 4274 3525 4329 etiam

1937 4373 2101 4428 nobis
2135 4370 2472 4426 desiderium
2508 4367 2994 4438 contemplationis
3021 4379 3212 4419 eorum
3247 4365 3518 4419 bonorum

1937 4480 2060 4535 quae
2106 4476 2273 4533 supra
2326 4468 2477 4523 sunt,
2519 4466 2575 4515 et
2625 4459 2825 4512 animis
2874 4455 3086 4511 nostris
3143 4453 3527 4524 aegritudinem

245 4569 453 4622 γνωσιν
496 4557 830 4627 ἐμποιοῦντα
871 4561 1072 4632 τρόπον
1121 4564 1244 4617 τινά
1288 4568 1387 4636 τῆς
1579 4566 1825 4640 ἀλήπτων

1942 4556 2200 4617 allerunt,
2234 4569 2358 4624 quae
2403 4551 2575 4607 efﬁcit
2620 4556 2681 4605 ut
2718 4546 3128 4616 quodammodo
3173 4546 3527 4616 desperemus

246 4648 656 4718 κατανοήσεως.
683 4650 809 4717 Πῶς
837 4651 947 4725 γὰρ
969 4654 1035 4708 ἄν
1060 4672 1142 4718 τις
1168 4655 1387 4720 ἀλύπως
1414 4656 1685 4731 διατεθείη
1715 4678 1839 4714 σκο-

246 4738 393 4802 πῶν,
428 4740 509 4793 ὅτι
550 4742 609 4794 ἐν
637 4743 925 4808 τοσαύταις
963 4745 1173 4810 ἀνόδοις
1204 4748 1478 4817 ὑψωθεῐσα
1515 4751 1581 4803 δι’
1616 4752 1838 4824 ἀγάπης

247 4831 393 4899 πρὸς
419 4832 516 4905 τὴν
541 4833 635 4887 τοῦ
657 4835 863 4905 ἀγαθοῦ
888 4838 1177 4909 μετουσίαν
1204 4841 1237 4910 ἡ
1263 4841 1647 4915 κεκαθαρμένη
1666 4843 1832 4917 ψυχὴ,

243 4921 425 4987 οὔπω,
454 4923 637 4988 καθώς
672 4944 835 4999 φησιν
874 4930 903 4982 ὁ
952 4931 1305 4999 Ἀπόστολος,
1337 4936 1724 5008 κατειληφέναι
1751 4939 1836 4992 5o.-

247 5012 345 5066 κεί
390 5011 452 5064 τὸ
500 5011 867 5085 ζητούμενον;
921 5017 1113 5073 Καίτοι
1165 5038 1229 5090 γε
1270 5023 1405 5093 πρὸς
1459 5025 1555 5089 τάς
1617 5026 1838 5090 ἀνόδους

248 5102 470 5167 ὲκείνας
525 5104 775 5173 βλέπων,
820 5109 920 5173 τὰς
967 5111 1437 5184 προδιηνυσμένας
1483 5117 1541 5168 ἐν
1588 5117 1700 5179 τοῖς
1733 5116 1839 5187 πρὸ

247 5193 460 5247 τούτων
477 5195 679 5265 λόγοις,
707 5200 1044 5274 ἐμακάριζον
1074 5204 1242 5277 αὐτὴν
1264 5204 1365 5274 τῆς
1393 5206 1732 5270 ἀναϐάσεως,
1750 5208 1839 5261 ὅτε

246 5284 317 5341 τὸ
363 5286 534 5354 γλυκὺ
586 5290 755 5360 μῆλον
795 5293 1009 5362 ἐπέγνω
1045 5295 1146 5367 τῆς
1186 5297 1467 5368 ἀκαρπίας
1506 5298 1600 5352 τοῦ
1631 5298 1839 5371 δρυμοῦ

1944 4648 2012 4703 de
2044 4646 2115 4701 iis
2155 4655 2341 4700 mente
2388 4640 2762 4714 percipiendis
2802 4653 2925 4710 qua:
2953 4654 3063 4693 non
3093 4644 3328 4708 possunt
3373 4650 3527 4691 com-

1944 4737 2235 4810 prehendi.
2298 4733 2775 4804 Quemadmodum
2827 4731 2974 4788 enim
3030 4746 3142 4785 non
3187 4743 3331 4800 aegre
3390 4726 3532 4781 ferat

1942 4832 2242 4903 quispiam,
2300 4830 2348 4885 si
2396 4826 2738 4891 consideret,
2774 4823 2923 4896 quod
2950 4824 3006 4879 in
3036 4823 3209 4878 tantis
3266 4822 3324 4877 in
3360 4821 3529 4874 altum

1944 4926 2163 4982 sublata
2190 4921 2615 4981 ascensionibus
2649 4935 2749 4991 Per
2768 4919 3122 4981 charitatem,
3148 4915 3217 4972 ad
3240 4914 3370 4969 boni
3399 4927 3530 4982 par-

1940 5014 2341 5086 ticipationem,
2377 5020 2608 5083 purgata
2649 5011 2856 5076 anima,
2902 5007 3173 5071 nondum,
3222 5005 3366 5061 sicut
3395 5000 3532 5055 dicit

1933 5109 2234 5181 Apostolus
2262 5106 2331 5173 τι,
2356 5102 2846 5176 comprehendisse
2870 5100 3086 5156 videtur
3119 5096 3173 5152 id
3203 5094 3350 5165 quod
3379 5105 3531 5161 quae.

1937 5201 2128 5258 ritur?
2181 5212 2501 5271 quanquam
2534 5194 2817 5266 aspiciens
2845 5193 3070 5264 quidem
3104 5196 3256 5244 certe
3286 5186 3352 5240 ad
3390 5184 3516 5239 illas

1941 5294 2302 5351 escensiones
2350 5304 2474 5361 quae
2540 5288 2767 5343 luerunt
2836 5290 3074 5355 peractae
3134 5280 3188 5334 in
3250 5276 3530 5350 prioribus

247 5378 603 5450 διακρίνασα,
666 5384 761 5437 καὶ
812 5383 889 5450 ὠς
937 5366 1494 5463 ἐπιθυμητὴν-αὑτοῦ
1533 5392 1633 5464 τὴν
1664 5366 1825 5447 enim

1944 5386 2013 5442 de
2052 5399 2294 5457 superno
2324 5397 2561 5438 ascensu
2582 5393 2701 5435 eam
2727 5376 2997 5432 ducebam
3020 5375 3260 5434 beatam,
3307 5366 3533 5440 quando

249 5472 575 5542 ἒπθιὴσατο,
608 5475 702 5529 καὶ
734 5477 812 5548 τῷ
844 5479 1041 5552 καρπῷ
1074 5483 1603 5551 καταγλυκανθείσα,
1640 5485 1697 5537 ἐν
1728 5486 1843 5547 τοῖς

248 5562 527 5634 ταμιείοις
551 5565 652 5637 τῆς
672 5568 1011 5643 εὐφροσύνης
1039 5573 1255 5644 ἐγένετο
1272 5615 1289 5634 .
1323 5571 1478 5633 Οἶνον
1502 5577 1560 5632 δὲ
1585 5576 1840 5648 ὀνομάζει

328 5740 379 5773 ⁷⁸
401 5738 603 5814 Ephes.
634 5758 713 5815 ιιι,
758 5745 844 5803 12.

1949 5479 2175 5552 agnovit
2209 5477 2371 5533 dulce
2402 5474 2632 5536 malum,
2665 5472 2849 5542 ipsum
2880 5480 3144 5537 separaris
3171 5477 3201 5517 a
3241 5462 3393 5519 silvae
3418 5467 3532 5552 ste-

1948 5551 2178 5640 rilitate,
2224 5577 2281 5627 et
2314 5578 2574 5639 tanquam
2618 5557 3124 5633 concupiscendam
3151 5554 3275 5627 ejus
3302 5551 3532 5627 putabat
