3874 6414
452 317 556 377 859

1713 320 1774 381 S.
1817 320 2146 378 GREGORII
2184 321 2481 379 NYSSENI

3616 320 3715 377 860

449 431 574 469 esse
619 414 913 482 umbram;
959 422 1015 469 et
1061 414 1274 472 fructus
1307 415 1602 474 dulcedine
1635 416 1854 483 atlecta.
1905 428 2016 475 eral

2136 419 2232 491 τὴν
2256 419 2626 492 εὐφροσύνην,
2646 411 2690 487 ᾧ
2721 421 2754 491 ὴ
2781 418 2975 490 καρδία
2998 418 3106 472 τῶν
3134 416 3470 489 μετεχόντων
3494 414 3713 484 εὐφραί-

451 504 507 559 in
564 507 766 564 laetitiae
814 507 1209 578 penetralibus.
1267 506 1468 563 Vinum
1539 519 1720 568 autem
1777 519 2026 574 nominat

449 599 718 666 laetitiam,
751 600 896 670 quod
949 599 1187 654 laetiﬁcat
1224 615 1322 655 cor
1364 586 1556 658 eorum
1597 605 1691 674 qui
1737 616 1877 667 sunt.
1899 609 2024 693 eius

447 690 762 760 participes,
810 699 864 745 et
897 699 1160 760 tanquam
1194 691 1250 746 in
1285 692 1555 750 charitate
1591 690 2025 762 collocata,'ful-

444 779 590 832 citur.
614 782 932 850 unguentis,
973 797 1267 852 pomorum
1293 783 1638 853 operimento
1675 787 1934 853 vallatur,
1967 798 2022 845 et

443 877 705 940 tanquam
741 872 798 927 in
832 872 1002 929 corde
1034 883 1259 945 accepta
1292 875 1581 932 charitatis
1630 877 1854 949 sagitta,
1895 897 2024 936 rur-

441 976 538 1017 sus
569 962 688 1032 ipsa
715 979 934 1035 quoque
955 966 1008 1019 in
1034 967 1288 1021 manibus
1315 966 1585 1038 sagittarii
1613 966 1930 1039 ﬁtjaculum
1955 973 2022 1029 ad

440 1068 670 1122 scOpum
705 1056 954 1112 veritatis
988 1056 1258 1114 directum
1293 1057 1348 1112 in
1390 1058 1648 1116 manibus
1681 1065 1918 1130 potentis
1953 1067 2018 1121 ".

443 1143 568 1199 llaec
610 1153 666 1200 ct
711 1162 834 1217 qua:
868 1155 1000 1202 sunt
1047 1147 1367 1218 hujusmodi
1403 1149 1704 1220 aspiciens,
1731 1152 2022 1209 existima-

443 1233 565 1288 bam
622 1251 766 1302 eam,
812 1253 934 1308 quae
984 1248 1104 1293 erat
1155 1238 1293 1293 adeo
1334 1237 1550 1294 sublata
1590 1243 1646 1296 in
1687 1243 1880 1311 altum,
1928 1261 2023 1316 ap-

443 1328 809 1396 prchendisse
833 1347 1110 1386 summum
1131 1331 1514 1387 beatitudinis.
1541 1331 1670 1398 Sed,
1691 1344 1750 1390 ut
1781 1337 2018 1405 videtur,

438 1437 562 1490 quae
597 1423 750 1491 prius
797 1431 924 1478 sunt
956 1433 1200 1493 peracta,
1255 1432 1382 1478 sunt
1414 1424 1592 1479 adhuc
1633 1431 1898 1497 prooemia
1932 1446 2021 1488 as-

437 1524 663 1564 census.
719 1510 922 1566 Omnes
968 1511 1115 1567 enim
1153 1513 1276 1568 illas
1327 1515 1706 1578 escensiones,
1757 1534 1866 1573 non
1919 1536 2020 1581 no-

441 1603 614 1656 minat
639 1604 1158 1673 contemplationem
1185 1612 1239 1658 et
1265 1605 1570 1660 evidentem
1597 1607 1848 1664 veritatis
1871 1625 2020 1664 com-

440 1687 879 1756 prehensionem,
928 1690 1024 1745 sed
1073 1706 1260 1744 vocem
1329 1691 1450 1762 ejus
1500 1694 1593 1764 qui
1646 1695 2015 1766 desideratur,

2131 528 2300 576 νεται,
2320 512 2412 564 καὶ
2431 511 2506 574 ὡς
2528 512 2584 564 ἐν
2606 512 2672 581 τῇ
2693 509 2880 578 ἀγάπῃ
2905 507 3163 578 ταχθεῖσα
3182 509 3293 568 τοῖς
3315 503 3507 576 μύροις
3533 502 3714 569 στηρί-

2132 600 2303 665 ζεται,
2321 599 2678 671 διαληφθεῖσα
2692 600 2757 670 τῇ
2775 598 2880 652 τῶν
2904 597 3090 668 μήλων
3111 596 3391 667 περιϐολῇ,
3413 595 3509 646 καὶ
3529 592 3609 654 ὡς
3623 593 3713 659 ἐγ-

2131 693 2350 764 κάρδιον
2399 692 2666 764 δεξαμένη
2717 691 2818 761 τῆς
2869 690 3094 760 ἀγάπης
3126 688 3189 742 τὸ
3237 687 3416 757 βέλος,
3450 686 3617 738 πάλιν
3658 686 3713 738 ἐν

2129 787 2249 848 ταῖς
2279 784 2434 856 χερσὶ
2467 784 2562 837 τοῦ
2589 783 2805 848 τοξότου
2848 783 2943 837 καὶ
2969 781 3108 851 αὑτὴ
3153 780 3304 850 βέλος
3334 777 3544 846 γίνεται
3575 774 3713 846 πρὸς

2128 875 2220 929 τὸν
2251 877 2350 946 τῆς
2379 873 2635 945 ἀληθείας
2681 871 2902 936 σκοπὸν,
2933 873 2992 925 ἐν
3022 873 3142 934 ταῖς
3171 869 3328 940 χερσὶ
3359 865 3452 920 τοῦ
3482 863 3712 919 δυνατοῦ

2129 966 2485 1037 εύθυνομένη.
2541 965 2728 1019 Ταῦτα
2784 965 2880 1018 καὶ
2926 963 2994 1016 τὰ
3041 961 3268 1015 τοιαῦτα
3319 960 3563 1029 βλέπων,
3615 956 3709 1010 τοῦ

2129 1057 2433 1128 ἀκροτάτου
2490 1060 2590 1128 τῆς
2641 1055 3040 1128 μακαριότητος
3086 1051 3409 1123 ἐπειλῆφθαι
3460 1050 3563 1122 τὴν
3621 1050 3709 1102 διὰ

2127 1146 2396 1200 τοσούτων
2425 1145 2729 1216 ὑψωθεῖσαν
2753 1143 3074 1215 ἐλογιζόμην
3096 1159 3109 1174 ⁸
3133 1143 3271 1208 ἀλλ’,
3301 1145 3376 1206 ὡς
3397 1141 3598 1205 ἔοικεν,
3630 1140 3709 1193 ἔτι

2127 1237 2392 1308 προοίμια
2427 1237 2525 1307 τῆς
2557 1237 2743 1292 ἀνόδου
2777 1236 2846 1290 τά
2875 1235 3311 1307 -προδιηνυσμένα
3341 1234 3476 1287 ἐστί.
3518 1234 3713 1295 Πάσας

2127 1327 2237 1400 γὰρ
2258 1328 2355 1392 τὰς
2373 1327 2663 1392 ἀναϐάσεις
2691 1327 2902 1392 ἐκείνας
2920 1327 2981 1381 ού
3005 1326 3237 1398 Θεωρίαν
3265 1326 3384 1379 τινὰ
3410 1325 3507 1378 καὶ
3535 1325 3711 1378 κατά·

2126 1421 2282 1490 λογον
2313 1421 2520 1491 ἐναργῆ
2560 1423 2660 1492 τῆς
2694 1420 2981 1491 ἀληθείας,
3014 1419 3149 1474 ἀλλά
3179 1419 3359 1490 φωνὴν
3386 1417 3478 1470 τοῦ
3504 1417 3709 1470 ποθου-

2129 1511 2290 1583 μένου
2324 1511 2701 1582 κατονομάζει,
2726 1511 2814 1564 διά
2831 1510 2932 1581 τῆς
2962 1511 3130 1581 ἀκοῆς
3158 1508 3712 1582 χαρακτηριζομένην

2124 1601 2234 1662 τοῖς
2271 1598 2572 1668 ἰδιώμασιν,
2608 1598 2669 1650 οὐ
2709 1598 2799 1652 διὰ
2829 1599 2927 1668 τῆς
2958 1600 3335 1668 κατανοήσεως
3368 1599 3713 1667 γινωσκομέ-

2124 1706 2221 1760 νην
2257 1691 2351 1742 καὶ
2381 1690 2793 1762 εύφραίνουσαν.
2830 1692 2893 1745 Et
2929 1686 3023 1745 οὖν
3053 1692 3236 1761 ἐκείνη
3276 1689 3524 1743 τοσοῦτον
3551 1690 3712 1759 ὑψω-

438 1792 562 1845 ιιιιω
621 1779 719 1847 per
765 1777 1011 1833 auditum
1065 1780 1392 1848 exprimitur
1444 1781 1498 1835 in
1549 1785 2016 1854 proprietatibus:

2125 1779 2298 1842 θεῖσα,
2327 1780 2510 1844 καθὼς
2543 1783 2670 1852 περὶ
2695 1781 2788 1834 τοῦ
2823 1781 3059 1852 μεγάλου
3085 1781 3298 1834 Παύλου
3336 1780 3710 1852 μανθάνομεν,

438 1885 547 1920 ιιοιι
584 1879 765 1924 autem
815 1870 1014 1925 mentis
1046 1873 1539 1943 comprehensione
1587 1880 1940 1947 cognoscitur
1968 1890 2022 1936 et

440 1963 678 2016 laetiﬁcat
707 1959 786 2017 ⁷⁸.’
801 1961 859 2017 Si
883 1979 1016 2034 ergo
1040 1963 1130 2017 illa
1165 1963 1220 2018 in
1247 1965 1417 2019 altum
1450 1982 1624 2036 usque
1653 1970 1787 2024 adeo
1809 1981 2018 2038 evecta,

436 2053 580 2107 sicut
629 2052 896 2108 discimus
954 2055 1022 2109 de
1072 2070 1271 2125 magno
1323 2055 1515 2122 Paulo,
1563 2060 1655 2129 qui
1697 2076 1862 2130 super
1907 2071 2021 2120 tres

435 2146 607 2200 cmlos
661 2144 762 2200 fuit
813 2146 1096 2210 sublatus,
1144 2147 1384 2202 nondum
1450 2160 1708 2206 accurate
1772 2167 2022 2224 compre-

438 2234 698 2291 hendisse
749 2236 1062 2290 ostenditur
1111 2237 1164 2290 id
1219 2238 1364 2308 quod
1409 2240 1838 2296 consideratur:
1888 2245 2020 2314 quid

436 2333 876 2380 consentaneum
913 2335 996 2382 est
1028 2327 1188 2382 nobis
1230 2330 1544 2394 usuvenire,
1583 2341 1678 2386 aut
1707 2335 1760 2386 in
1796 2336 2022 2403 quibus-

435 2429 564 2470 nam
581 2430 704 2471 esse
732 2432 832 2472 nos
859 2426 1133 2487 reputare,
1165 2418 1258 2488 qui
1281 2419 1348 2474 ad
1371 2420 1659 2492 adytorum
1684 2427 2019 2496 contempla-

431 2507 601 2560 tionis
643 2507 911 2563 vestibula
963 2508 1207 2563 nondum
1241 2524 1409 2579 prope
1453 2512 1832 2568 accessimus?
1866 2515 2020 2572 Licet

434 2611 615 2656 autem
645 2617 742 2672 per
768 2617 831 2657 ea
880 2619 1003 2674 quze
1031 2604 1099 2660 ab
1124 2604 1240 2674 ipsa
1273 2607 1419 2660 dicta
1449 2615 1580 2661 sunt
1619 2608 1807 2665 videre
1849 2627 2016 2682 quam

433 2692 505 2746 sit
549 2694 920 2764 contemplatu
957 2695 1184 2754 difficile
1230 2697 1375 2766 quod
1433 2699 1720 2767 quaeritur.
1782 2700 1894 2756 Vox
1929 2718 2021 2771 pa-

433 2783 619 2838 truelt's
664 2786 786 2853 mei,
835 2785 1034 2857 inquit,
1088 2802 1198 2842 non
1251 2788 1447 2852 forma,
1499 2804 1610 2844 non
1668 2791 1855 2860 facies,
1905 2810 2016 2850 non

435 2871 610 2932 ﬁgura
653 2889 970 2944 expressam
1020 2881 1320 2935 ostendens
1379 2891 1630 2935 naturam
1691 2883 1813 2952 ejus
1868 2886 2017 2956 quod

430 2968 719 3031 quaaritur,
787 2966 881 3019 sed
932 2983 1060 3033 vox,
1119 2970 1296 3040 magis
1341 2970 1574 3027 aﬂ‘erens
1617 2975 2014 3044 conjecturam,

431 3069 595 3124 quam
625 3054 837 3110 ﬁrmam
871 3059 1259 3129 cognitionem,
1288 3060 1414 3130 quis
1443 3061 1515 3116 sit
1546 3063 1592 3116 is
1624 3065 1717 3134 qui
1750 3067 2010 3138 loquitur.

2122 1871 2217 1923 τοῦ
2246 1871 2349 1935 ἕως
2375 1871 2542 1943 τριῶν
2579 1869 2824 1944 οὐρανῶν
2871 1874 3302 1944 ὑπεραρθέντος,
3335 1871 3486 1925 οῦπω
3513 1889 3707 1925 κατειο

2122 1961 2352 2032 ληφέναι
2386 1962 2448 2016 τό
2490 1964 2848 2036 προκείμενον
2891 1965 2958 2019 δι’
3008 1965 3294 2036 ἀκριϐείας
3329 1964 3671 2018 ἐνδείκνυται
3693 1979 3707 1992 ·

2122 2053 2176 2106 τί
2205 2053 2397 2107 παθεῖν
2435 2054 2580 2117 είκδς
2621 2057 2788 2126 ἡμᾶς,
2835 2057 2869 2126 ἢ
2906 2057 2964 2110 ἐν
3004 2058 3146 2111 τίσιν
3176 2050 3317 2111 εἶναι
3358 2054 3707 2123 λογίσασθαι,

2122 2145 2248 2208 τοὺς
2280 2147 2445 2216 μήπω
2482 2149 2594 2209 τοῖς
2627 2147 2917 2220 προθύροις
2959 2148 3066 2203 τῶν
3096 2149 3306 2203 ἀδύτων
3333 2147 3433 2218 τῆς
3465 2147 3708 2218 θεωρίας

2122 2237 2476 2306 ἐγγίσαντας;
2521 2237 2738 2306 Ἔξεστι
2785 2241 2842 2294 δέ
2877 2241 2986 2294 τῶν
3035 2241 3100 2295 δι’
3148 2242 3317 2311 αὐτῆς
3359 2241 3704 2310 εἰρημένων,

2122 2327 2357 2380 κατιδεῖν
2381 2326 2490 2380 τῶν
2514 2327 2860 2400 ζητουμένων
2887 2331 2948 2384 τὺ
2967 2331 3361 2403 δυσθεώρητον.
3391 2329 3561 2398 Φωνὴ
3591 2329 3707 2383 τοῦ

2119 2416 2445 2487 ἀδελφιδοῦ
2478 2437 2619 2489 μου,
2654 2424 2838 2492 φησιν,
2869 2423 2969 2476 οὐκ
3008 2419 3167 2490 εἶδος,
3203 2423 3264 2476 ού
3297 2422 3611 2494 πρόσωπον,
3644 2423 3705 2474 οὐ

2120 2507 2406 2581 χαρακτὴρ
2432 2511 2710 2581 ἐμφαίνων
2740 2511 2834 2566 τοῦ
2865 2511 3193 2582 ζητουμένου
3226 2511 3323 2582 τὴν
3351 2511 3533 2578 φύσιν,
3563 2511 3707 2564 ἀλλά

2121 2603 2294 2673 φωνὴ,
2328 2603 2629 2675 στοχασμὸν
2662 2604 2820 2674 μόνον
2849 2603 3170 2675 ἐμποιοῦσα,
3203 2604 3237 2673 ἢ
3274 2601 3562 2673 βεϐαίωσιν
3605 2603 3705 2656 τοῦ

2122 2693 2514 2766 φθεγγομένου,
2543 2695 2692 2760 ὅστις
2725 2697 2891 2751 ἐστίν.
2925 2697 3049 2751 ’Ὁτι
3076 2695 3186 2768 γὰρ
3222 2695 3468 2767 εἰκασμῷ
3499 2695 3706 2766 μᾶλλον

2119 2786 2262 2842 ἔοικε
2304 2788 2367 2842 τὸ
2404 2788 2729 2860 λεγόμενον,
2761 2791 2856 2844 καὶ
2882 2790 3001 2860 ούχὶ
3039 2789 3394 2860 ἀναμφιϐὁλῳ
3427 2791 3535 2842 τινὶ
3563 2789 3698 2860 πλη-

2122 2879 2351 2952 ροφορίᾳ
2374 2880 2474 2949 τῆς
2501 2880 2876 2952 καταλήψεως,
2901 2881 3056 2952 δῆλόν
3080 2882 3226 2934 ἐστιν
3253 2883 3318 2936 ἐκ
3341 2880 3435 2934 τοῦ
3465 2882 3563 2950 μιᾷ
3590 2898 3704 2933 τινι

2118 2971 2324 3043 διανοίᾳ⁴
2368 2975 2712 3042 προσφυῆναι
2754 2973 2847 3026 τὸν
2879 2973 3070 3042 λόγον,
3108 2973 3244 3044 μηδὲ
3284 2973 3421 3045 πρὸς
3468 2972 3526 3026 ἐν
3561 2967 3702 3035 aiio;

2119 3061 2270 3132 όρᾷν,
2310 3060 2425 3114 ἀλλ’
2458 3061 2551 3114 ἐπὶ
2580 3061 2750 3116 πολλά
2785 3062 3043 3134 φέρεσθαι
3074 3066 3193 3127 ταῖς
3225 3063 3530 3127 όπτασίαις,
3568 3063 3702 3116 ἀλλο

429 3143 587 3211 Quod
627 3146 774 3201 enim
835 3148 888 3202 id
941 3149 1091 3219 quod
1142 3148 1348 3203 dicitur
1383 3151 1609 3220 propius
1683 3157 1910 3210 accedat
1947 3158 2015 3213 ad

2119 3167 2176 3203 τε
2209 3150 2424 3222 βλέπειν
2449 3151 2722 3224 οἰομένην,
2751 3154 2845 3207 καὶ
2881 3155 2943 3207 οὐ
2975 3153 3202 3207 πάντοτε
3232 3153 3308 3225 τῷ
3344 3154 3490 3224 αὐτῷ
3521 3171 3701 3222 παρα-

429 3236 832 3305 conjecturam,
865 3256 1030 3310 quant
1064 3241 1130 3296 ad
1163 3253 1366 3296 certam
1400 3253 1453 3297 et
1475 3243 1836 3303 indubitatam
1868 3266 2017 3307 com-

429 3325 874 3394 prehensionem,
916 3347 981 3385 ex
1035 3331 1140 3388 hoc
1175 3337 1524 3406 perspicuum
1563 3347 1668 3404 est,
1722 3341 1868 3410 quod
1908 3357 2018 3398 non

431 3420 486 3472 in
536 3433 645 3472 una
684 3421 940 3490 quapiam
995 3423 1206 3480 haereat
1243 3431 1390 3484 verbi
1447 3433 1799 3502 cogitatione,
1840 3451 2020 3505 neque

428 3523 594 3563 unam
629 3509 860 3580 aSpiciat
904 3512 1158 3584 formam,
1197 3519 1293 3574 sed
1350 3520 1418 3575 ad
1448 3522 1650 3577 multas
1686 3521 1896 3580 feratur
1925 3527 2009 3580 vi-

427 3601 634 3668 siones,
683 3605 848 3660 modo
897 3607 1000 3662 hoc
1056 3609 1220 3664 modo
1281 3611 1412 3666 illud
1465 3629 1525 3669 se
1580 3614 1766 3670 videre
1818 3617 2012 3673 existi-

2120 3243 2384 3314 μένουσαν
2407 3243 2716 3316 χαρακτῆρι
2733 3244 2826 3298 τοῦ
2851 3245 3306 3316 καταληφθέντος,
3329 3246 3485 3316 δῆλον
3508 3247 3572 3299 ἐκ
3588 3247 3704 3299 τῶν

2117 3332 2421 3405 λεγομένων
2473 3335 2642 3390 ἐστίν.
2696 3335 2842 3391 Ἰδοὺ
2890 3339 3036 3407 γὰρ,
3068 3339 3264 3409 φησὶν,
3311 3334 3486 3404 οὗτος
3525 3339 3696 3406 ἣκει,

2117 3426 2236 3479 ούδέ
2281 3426 2472 3495 ἑστὼς,
2515 3428 2636 3481 οὐδὲ
2673 3431 3031 3504 παραμένων,
3065 3429 3141 3493 ὼς
3183 3430 3269 3485 διὰ
3305 3431 3401 3501 τῆς
3433 3430 3698 3498 ἐπιμονῆς

2116 3517 2478 3588 γνωρίζεσθαι
2529 3517 2607 3589 τῷ
2657 3518 2989 3585 ἀτενίζοντι,
3037 3520 3152 3573 ἀλλ’
3185 3517 3523 3591 ἀφαρπάζων
3571 3521 3698 3572 ἐαυ-

2115 3607 2208 3660 τὸν
2246 3606 2354 3661 τῶν
2410 3609 2622 3678 ὄψεων,
2669 3609 2801 3681 πρὶν
2845 3611 2924 3674 εἰς
2967 3610 3178 3664 τελείαν
3234 3611 3434 3680 γνῶσιν
3481 3611 3691 3664 ἐλθεῖν·

427 3708 607 3761 mans,
657 3705 713 3751 et
754 3713 862 3753 non
902 3714 1121 3770 seraper
1148 3701 1202 3755 in
1246 3703 1436 3759 eadem
1484 3716 1801 3776 permaneat
1841 3709 2014 3780 ﬁgura

2119 3698 2329 3767 Πηδῶν
2359 3700 2490 3772 γάρ,
2533 3701 2717 3771 φησὶν,
2747 3702 2846 3755 ἐπὶ
2877 3703 2950 3756 τὰ
2985 3703 3112 3771 ὄρη,
3143 3703 3243 3757 καὶ
3286 3702 3408 3768 τοῖς
3443 3702 3696 3769 βουνοῖς

424 3784 547 3854 ejus
592 3788 737 3858 quod
773 3800 857 3845 est
906 3793 1390 3862 comprehensum,
1442 3795 1579 3850 Ecce
1615 3799 1775 3865 enim,
1813 3799 2013 3872 inquit,

424 3876 510 3930 hic
540 3881 696 3944 venit,
761 3896 872 3936 non
919 3890 1098 3946 stans.
1157 3900 1336 3956 neque
1383 3903 1736 3956 permanens,
1797 3899 1858 3947 ut
1917 3909 2017 3964 per

425 3968 741 4024 diuturnam
789 3976 1128 4030 mansionem
1190 3979 1367 4046 possit
1419 3982 1644 4050 agnosci
1701 3983 1770 4036 ab
1802 3999 1868 4039 eo
1915 3987 2008 4056 qui

428 4059 550 4114 ﬁxis
597 4063 841 4116 intuetur
879 4065 1076 4129 oculis,
1129 4066 1223 4120 sed
1275 4065 1336 4122 se
1369 4070 1436 4122 ab
1469 4072 1646 4126 oculis
1681 4075 2007 4143 surripiens,

424 4149 748 4218 priusquam
785 4152 852 4206 ad
885 4153 1188 4222 perfectam
1220 4159 1404 4212 veniat
1461 4160 2011 4230 cognitionem:Sal-

430 4252 546 4295 laus
574 4240 741 4308 enim,
767 4241 967 4312 inquit,
996 4262 1153 4314 super
1187 4258 1390 4303 montes
1413 4260 1463 4304 et
1492 4251 1799 4306 transiliens
1830 4255 2011 4310 colles.

2111 3789 2546 3859 ἐφαλλόμενος.
2573 3791 2682 3844 Καὶ
2702 3789 2798 3844 νῦν
2825 3791 2924 3862 μὲν
2946 3791 3142 3864 δορκάς
3163 3792 3506 3860 γνωρίζεται,
3532 3791 3695 3845 πάλιν

2114 3879 2171 3933 δέ
2200 3880 2380 3953 νεϐρῷ
2412 3880 2856 3952 προσδικάζεται.
2893 3882 3126 3950 Ὅμοιος
3149 3881 3277 3952 γὰρ,
3309 3882 3491 3950 φησὶν,
3515 3881 3696 3934 ἁδελ-

2115 3967 2290 4037 φιδός
2313 3987 2433 4040 μου
2457 3971 2588 4024 ἐστὶ
2623 3970 2696 4039 τῇ
2729 3970 3000 4040 δορκάδι,
3044 3969 3081 4039 ἢ
3111 3969 3296 4038 νεϐρῷ
3324 3970 3564 4039 ἐλάφων
3593 3969 3695 4022 ἐπὶ

2115 4059 2197 4124 τῷ
2229 4060 2350 4128 ὄρει
2385 4059 2634 4126 Βαιθήλ.
2677 4060 2862 4124 Οὕτως
2896 4060 2958 4113 τὸ
2993 4060 3080 4114 ἀεὶ
3123 4061 3688 4132 καταλαμϐανόμενον,

2115 4150 2303 4206 ἄλλοτε
2336 4151 2492 4216 ἀλλος
2526 4151 2644 4206 ἐστὶ
2674 4153 2981 4225 χαρακτήρ.

425 4329 491 4384 Ει
521 4348 668 4388 nunc
703 4334 922 4404 quidem
966 4336 1315 4395 existimatur
1386 4357 1619 4412 caprea,
1678 4358 1874 4400 rursus
1915 4357 2096 4403 autem
2135 4351 2469 4410 assimilatur
2519 4353 2750 4408 hinnulo
2795 4367 3107 4409 cervorum.
3165 4352 3373 4408 Similis
3403 4360 3480 4406 est
3521 4350 3685 4412 enim,

423 4427 617 4496 inquit,
644 4430 902 4498 patruelis
933 4448 1076 4488 meus
1101 4451 1325 4503 capreae,
1361 4446 1454 4491 aut
1491 4437 1714 4492 hinnulo
1774 4455 2045 4496 cervorum
2116 4461 2274 4515 super
2320 4455 2522 4502 montes
2551 4446 2771 4504 Bwthel.
2800 4447 2878 4502 lla
2907 4450 3050 4520 quod
3087 4461 3300 4517 semper
3337 4445 3689 4515 comprehen-

423 4519 590 4586 ditur,
637 4531 721 4576 est
767 4523 904 4578 alias
967 4525 1075 4578 alia
1129 4526 1320 4599 ﬁgura.

493 4610 620 4665 Haec
677 4623 805 4668 sunt
865 4631 988 4685 qua:
1043 4619 1178 4672 mihi
1234 4636 1297 4676 ex
1345 4637 1411 4677 eo
1465 4638 1632 4679 sensu
1689 4625 1782 4695 qui
1817 4633 1903 4682 est
1955 4627 2008 4682 in

2187 4625 2371 4681 Ταῦτά
2397 4629 2545 4681 ἐστιν
2578 4627 2614 4681 ἀ
2648 4645 2715 4699 με
2745 4627 2887 4681 κατά
2916 4627 3015 4699 τὴν
3048 4627 3336 4700 πρόχειρον
3368 4627 3574 4682 ἔννοιαν
3609 4631 3686 4694 εἰς

422 4711 703 4772 promptu,
745 4705 980 4761 afferunt
1011 4711 1344 4780 molestiam,
1367 4723 1422 4769 et
1450 4716 1692 4771 cﬁiciunt
1729 4727 1788 4772 ut
1818 4718 2013 4789 despe-

421 4808 538 4847 rem
587 4794 750 4864 plene
799 4805 854 4851 et
913 4799 1156 4868 perfecte
1184 4818 1349 4874 posse
1399 4810 1620 4877 assequi
1651 4809 2012 4880 comprehen-

419 4883 633 4939 sionem
679 4890 869 4941 eorum
914 4905 1036 4959 quae
1084 4907 1251 4965 supra
1311 4906 1461 4952 sunt.
1525 4897 2011 4960 Verumenimvero

417 4977 744 5032 tentandum
801 4991 906 5046 est,
955 4983 1007 5038 in
1061 4984 1229 5041 Deum
1276 5005 1374 5059 spe
1425 4992 1717 5060 collocata,
1771 4993 1866 5062 qui
1915 4995 2010 5048 dat

418 5070 646 5125 verbum
666 5074 1178 5144 evangelizantibus
1209 5081 1411 5136 virtute
1443 5084 1611 5138 multa
1673 5086 1741 5152 ⁷⁷,
1773 5085 1828 5140 in
1863 5086 2008 5142 serie

416 5162 604 5234 aliqua
651 5179 748 5234 per
788 5183 1136 5238 consequens
1170 5172 1434 5242 adaptare
1487 5177 2005 5248 contemplationem

419 5253 491 5310 iis
529 5270 651 5325 quae
703 5264 1102 5331 comprehensa
1155 5275 1286 5322 sunt
1324 5268 1709 5339 intelligentia.
1759 5268 1870 5324 Vox
1908 5287 2009 5339 pa-

420 5349 610 5402 truelis
654 5354 776 5420 mei,
829 5356 1024 5427 inquit.
1055 5357 1122 5414 Et
1166 5362 1351 5416 statim
1383 5363 1671 5432 subjunxit
1714 5380 1727 5417 :
1763 5361 1898 5416 Ecce
1926 5363 2010 5416 hic

426 5439 584 5494 venit.
635 5439 776 5507 Quid
816 5461 950 5517 ergo
1015 5450 1073 5504 in
1129 5450 1216 5506 liis
1256 5452 1660 5524 intelligimus?
1703 5451 2011 5506 Prmvident

430 5526 666 5587 fortasse
693 5549 813 5604 quae
847 5537 992 5594 dicta
1017 5551 1146 5597 sunt
1169 5559 1264 5614 per
1300 5544 1652 5615 Evangelium
1690 5541 2003 5598 manifesta-

2110 4716 2289 4789 λύπην
2315 4717 2459 4786 ἄγει,
2484 4719 2796 4788 ἀπόγνωσιν
2824 4719 3157 4790 ἐμποιοῦντα
3179 4721 3277 4789 τῆς
3297 4722 3560 4793 ἀκριϐοῦς
3583 4722 3684 4776 τῶν

2112 4808 2527 4880 ὑπερκειμένων
2574 4813 2974 4882 κατανοήσεως.
3025 4811 3172 4882 Πλὴν
3215 4813 3350 4866 ἀλλά
3402 4814 3683 4886 πειρατέον

2109 4899 2408 4963 ἀναθέντας
2429 4900 2509 4970 τῷ
2542 4901 2663 4972 Θεῷ
2690 4902 2788 4973 τὴν
2814 4902 3028 4966 ἐλπίδα,
3068 4903 3146 4973 τῷ
3173 4903 3369 4957 διδόντι
3399 4905 3552 4976 ῥῆμα
3576 4907 3682 4968 τοῖς

2110 4992 2617 5064 εύαγγελιζομένοις
2651 4995 2876 5066 δυνάμει
2926 4996 3114 5067 πολλῇ,
3154 4997 3530 5068 προσαρμόσαι
3577 5001 3681 5060 τοῖς

2109 5103 2514 5158 προκατανενοη
2525 5087 2705 5158 μένοις
2741 5089 2799 5141 ἐν
2830 5088 3007 5159 εἱρμῷ
3041 5106 3143 5143 τινι
3173 5089 3241 5142 δι’
3269 5089 3560 5143 ἀκολούθου
3587 5091 3680 5161 τὴν

2110 5177 2361 5252 θεωρίαν.
2395 5179 2567 5247 Φωνὴ
2591 5179 2698 5233 τοῦ
2730 5179 3054 5249 ἀδελφιδοῦ
3081 5199 3217 5249 μου,
3242 5182 3426 5251 φησίν.
3458 5184 3564 5236 Καὶ
3591 5183 3678 5234 εὐ-

2111 5270 2207 5334 θὺς
2247 5273 2551 5341 ἐπήγαγεν”
2598 5271 2752 5326 Ἰδοὺ
2783 5267 2959 5338 οὗτος
2990 5271 3142 5340 ἥκει.
3175 5273 3238 5325 Τί
3266 5269 3358 5326 οὖν
3387 5277 3444 5326 ἐν
3476 5273 3676 5335 τούτοις

2112 5362 2521 5432 ύπενοήσαμεν;
2554 5362 2859 5432 Προϐλέπει
2891 5362 3032 5432 τάχα
3066 5363 3162 5434 τὴν
3193 5363 3422 5417 διά’τοῦ’
3442 5364 3676 5430 Εὑαγγε-

2112 5452 2226 5504 λίου
2267 5451 2674 5522 φανερωθεῖσαν
2702 5455 2833 5524 ἡμῖν
2866 5452 2961 5506 τοῦ
2997 5453 3131 5506 Θεοῦ
3168 5454 3337 5521 Λόγου
3374 5453 3676 5524 οἰκονομίαν

2109 5544 2175 5598 τὰ
2221 5545 2520 5617 εἰρημένα,
2559 5545 2656 5617 τὴν
2698 5528 3267 5617 προκαταγγελθεῖσαν
3313 5547 3408 5618 μὲν
3447 5545 3530 5600 διὰ
3571 5540 3675 5594 τῶν

505 5714 925 5791 "Psal.cnv1,
956 5727 1009 5781 4.
1087 5727 1196 5781 "ll
1237 5727 1366 5784 Cor.
1401 5745 1496 5799 ιιι,
1558 5729 1612 5783 2.
1690 5731 1732 5762 ⁷⁷
1758 5729 1901 5785 Psal.
1945 5746 2112 5797 uvn,
2156 5731 2238 5786 ιε.
