3874 6376
404 422 409 429 ,
458 355 559 413 est

1507 358 1574 414 IN
1609 354 1911 419 CANTICA
1947 360 2221 420 CANTIC.
2274 360 2565 420 HOMILIA
2601 363 2669 421 ν.

3614 362 3718 420 862

459 474 775 547 προφητῶν,
804 477 1211 550 φανερωθεῖσαν
1234 478 1291 533 δὲ
1316 478 1405 533 διὰ
1428 479 1527 551 τῆς
1556 481 1700 536 κατὰ
1733 482 1914 554 σάρκα
1941 482 2039 537 τοῦ

2142 492 2254 542 tam
2316 484 2478 543 nobis
2536 484 2632 540 Dei
2684 481 2853 542 Verbi
2917 484 3409 557 dispensationem,
3456 500 3578 555 quae
3626 500 3723 555 per

460 565 590 620 Υἱοῦ
620 567 957 638 θεοφανείας.
983 572 1357 643 Μαρτυρείται
1381 571 1487 644 γὰρ
1518 576 1629 637 τοῖς
1658 572 1840 644 ἔργοις
1861 576 1895 646 ἡ
1922 574 2043 631 θεία

390 734 413 743 Ἢ
459 659 643 731 φωνὴ,
684 662 779 714 καὶ
824 662 1152 717 συνάπτεται
1197 664 1275 735 τῷ
1319 664 1463 736 λόγῳ
1492 665 1596 736 τῆς
1632 668 1962 736 ἐπαγγελίας
2005 669 2040 739 ὴ

458 749 707 816 ἔκϐασις,
760 751 944 817 καθώς
986 771 1149 825 φησιν
1186 758 1215 809 6
1268 756 1577 827 Προφήτης,
1632 757 1716 810 ὅτι
1766 758 2042 825 Καθάπερ

457 839 830 910 ἠκούσαμεν,
881 844 1032 897 οὔτω
1070 843 1169 898 καὶ
1198 845 1454 916 εἴδομεν.
1492 846 1698 913 Φωνὴ,
1745 848 1900 917 φησι,
1934 847 2041 901 τοῦ

458 931 787 1001 ἀδελφιδοῦ
806 952 927 1003 μου
947 977 962 998 ,
996 934 1154 989 τοῦτό
1182 937 1329 989 ἐστιν
1392 936 1421 989 δ
1500 938 1837 1008 ἠκούσαμεν.
1886 937 2041 992 Ἰδοὺ

459 1016 640 1087 οὗτος
696 1022 828 1090 ἣκει
848 1041 861 1055 ο
914 1023 1071 1078 τοῦτο
1120 1024 1150 1078 6
1202 1028 1314 1090 τοῖς
1366 1027 1665 1097 ὀφθαλμοῖς
1719 1026 2039 1096 ἐδεξάμεθα.

456 1113 817 1182 Πολυμερῶς
831 1117 929 1169 καί
946 1118 1338 1185 πολυτρόπως
1354 1118 1539 1172 πάλαι
1554 1122 1587 1173 ό
1604 1118 1747 1185 Θεὸς
1760 1117 2043 1186 λαλήσας

454 1202 585 1269 τοῖς
607 1205 905 1273 πατράσιν
922 1207 1092 1278 ήμῶν
1114 1209 1185 1262 ἐν
1202 1207 1325 1275 τοῖς
1343 1208 1676 1287 προφήταις
1691 1224 1705 1237 '
1725 1208 1861 1279 αὕτη
1890 1210 1924 1281 ἡ
1943 1210 2043 1280 τῆς

454 1296 641 1366 φωνῆς
671 1297 806 1367 ἀκοή
829 1308 848 1329 ο
886 1297 980 1351 ἐπ’
1008 1297 1284 1368 ἐσχάτων
1318 1297 1440 1355 τῶν
1465 1300 1698 1369 ἡμερῶν
1732 1299 2043 1368 ἐλάλησεν

458 1384 603 1453 ἡμῖν
629 1385 700 1440 ὲν
737 1386 864 1452 Υἱῷ.
906 1387 1163 1442 Τουτέστι
1195 1389 1257 1442 τὸ
1293 1389 1621 1460 εἰρημένον,
1677 1389 1822 1444 Ἰδοὺ
1864 1385 2039 1455 οὗτος

453 1474 590 1542 ἣκει
622 1475 929 1545 ἐπιπηδῶν
959 1478 1083 1545 τοῖς
1107 1479 1293 1547 ὄρεσι,
1337 1481 1435 1534 καὶ
1468 1479 1621 1533 κατὰ
1651 1478 1769 1533 τῶν
1792 1479 2044 1544 ,Βουνῶν

449 1562 871 1635 διαλλάμενος,
905 1567 1198 1639 προσφυῶς
1228 1569 1325 1622 καὶ
1361 1568 1712 1641 καταλλὴλως
1735 1572 1801 1640 τῇ
1836 1586 1895 1622 τε
1924 1570 2045 1640 δορ·

450 1653 579 1707 κάδι
615 1657 758 1710 κατά
788 1673 911 1710 τινα
943 1657 1073 1711 ίδιον
1099 1657 1277 1726 λόγον,
1309 1658 1402 1711 καὶ
1432 1657 1591 1711 πάλιν
1621 1657 1699 1728 τῷ
1726 1657 1903 1730 νεϐρῷ
1930 1658 2042 1712 τῶν

448 1745 687 1815 ἐλάφων,
719 1747 840 1801 καθ’
868 1748 1064 1820 ἑτέραν
1090 1748 1301 1804 ἔννοιαν
1331 1751 1704 1821 ὁμοιούμενος.
1750 1742 1816 1803 Ἥ
1841 1750 2041 1821 δορκὰς

451 1839 709 1910 σημαίνει
741 1839 839 1912 τὴν
893 1840 1170 1905 όξυωπίαν
1219 1843 1314 1896 τοῦ
1367 1843 1430 1897 τὸ
1477 1844 1585 1896 πᾶν
1631 1842 2034 1907 ἐπιϐλέποντος.

448 1928 591 1981 Φασὶ
632 1929 742 2003 γάρ
777 1930 935 1985 τοῦτο
979 1932 1043 1987 τὸ
1080 1932 1219 1998 ζῶον
1248 1930 1544 2005 ὑπερφυῶς
1581 1932 1935 2006 δερκόμενον,
1971 1936 2037 1987 ὲκ

446 2019 552 2090 τῆς
583 2023 861 2093 ἐνεργείας
883 2023 1029 2096 ἔχειν
1057 2025 1117 2078 τὸ
1140 2024 1333 2098 ὄνομα.
1378 2026 1539 2080 Ἀλλὰ
1568 2027 1675 2097 μὴν
1697 2026 1893 2082 ταύτόν
1922 2029 2038 2082 ἐστι

446 2111 530 2184 τῷ
579 2112 876 2169 θεάσασθαι
924 2115 985 2168 τὸ
1026 2116 1337 2188 δέρκεσθαι.
1385 2116 1595 2171 Οὐκοῦν
1625 2120 1667 2171 ·ό
1713 2116 1923 2189 ἐφορῶν
1970 2116 2040 2170 τὰ

447 2205 630 2257 πάντα
669 2206 763 2259 καὶ
796 2206 1128 2271 ἐπιϐλέπων,
1164 2208 1229 2262 ὲκ
1268 2207 1362 2261 τοῦ
1397 2207 1699 2263 θεάσασθαι
1731 2208 1802 2262 τὰ
1836 2207 2034 2273 πάντα,

447 2294 586 2360 Θεὸς
605 2296 714 2351 τῶν
745 2297 964 2352 πάντων
988 2298 1411 2370 ἐπονομάζεται.
1453 2298 1671 2370 Ἐπειδὴ
1700 2298 1879 2352 τοίνυν
1904 2297 2040 2361 Θεὸς

446 2387 770 2460 ἐφανερώθη
796 2390 854 2441 ὲν
880 2391 1041 2462 σαρκὶ
1078 2394 1108 2445 6
1137 2392 1232 2445 ἐπὶ
1254 2391 1574 2463 καθαιρέσει
1595 2390 1702 2446 τῶν
1730 2391 2040 2460 ἀντικειμέ-

446 2495 558 2532 νων
587 2479 869 2550 δυνάμεων
896 2483 1182 2552 ἐπιφανεὶς
1208 2482 1287 2555 τῷ
1333 2475 1434 2556 ptui
1453 2524 1468 2547 ,
1509 2483 1600 2537 διὰ
1628 2482 1787 2537 τοῦτο
1818 2481 2039 2555 δορκάδι

452 2570 555 2640 μὲν
578 2572 880 2643 ὁμοιοῦται,
901 2576 931 2627 6
957 2574 1022 2627 ὲκ
1050 2574 1160 2631 τῶν
1192 2574 1439 2647 οὐρανῶν
1461 2575 1555 2628 ἐπὶ
1575 2574 1673 2646 τὴν
1700 2577 1803 2646 γῆν
1824 2572 2042 2627 ἐπιϐλέ-

445 2662 561 2733 ψας
582 2680 597 2695 ⁹
633 2664 809 2736 νεϐρῷ
839 2666 895 2721 δὲ
917 2707 932 2732 ,
959 2666 1029 2720 τὰ
1053 2667 1155 2739 ὅρη
1198 2668 1294 2722 καὶ
1320 2667 1451 2731 τοὺς
1480 2667 1703 2738 βουνοὺς
1733 2665 2038 2738 διαλαμϐά-

446 2768 560 2807 νων
604 2756 715 2820 τοῖς
761 2755 994 2827 ἂλμασι·
1040 2758 1340 2823 τουτέστιν,
1388 2758 1418 2811 ό
1460 2757 1791 2812 καταπατῶν
1840 2774 1900 2811 τε
1946 2758 2040 2812 καὶ

443 2844 737 2899 καταλύων
766 2846 838 2900 τά
865 2848 1077 2920 πονηρὰ
1102 2849 1204 2919 τῆς
1229 2848 1337 2904 τῶν
1362 2848 1631 2921 δαιμόνων
1661 2847 1858 2911 κακίας
1888 2847 2038 2918 ὑψῶν

448 2955 620 3009 ματα.
664 2940 804 3011 Ὄρη
858 2939 957 3009 μὲν
992 2940 1100 3011 γὰρ
1134 2939 1317 3009 λέγει,
1365 2940 1435 2993 τά
1474 2941 1532 2993 ὲν
1575 2941 1641 3011 τῇ
1683 2937 2038 3012 κραταιότητι

445 3029 621 3083 αὑτοῦ
655 3030 1071 3101 ταρασσόμενα,
1103 3030 1177 3095 ὦς
1219 3049 1386 3103 φησιν
1418 3034 1446 3085 6
1469 3031 1635 3085 Δαϐὶδ
1655 3069 1670 3095 ,
1708 3031 1783 3086 Τὰ
1802 3046 2067 3100 peract-

2141 574 2435 646 prepbetas
2460 575 2678 644 quidem
2696 576 2849 633 prius
2864 574 2968 630 fuit
2993 575 3340 641 annuntiata,
3373 574 3724 630 manifestata

2141 672 2322 719 autem
2382 680 2478 734 per
2530 663 2744 719 Domini
2801 665 2857 720 in
2905 679 3074 719 carne
3130 662 3550 734 apparitionem.
3585 660 3725 718 Nam

2141 751 2209 807 de
2259 769 2392 809 voce
2415 754 2602 809 divina
2624 755 3003 810 testimonium
3037 753 3220 836 ierunt
3258 768 3444 824 opera,
3469 760 3525 809 et
3554 754 3726 808 verbo

2140 841 2522 911 promissionis
2565 843 2921 912 coniungitur
2952 850 3202 907 eventus,
3250 843 3397 898 sicut
3425 842 3559 896 dicit
3588 840 3725 896 Pro-

2142 934 2303 1002 pheta
2335 951 2349 989 :
2378 932 2528 988 Sicut
2577 933 2912 1000 audivimus,
2954 937 3032 989 sic
3092 934 3318 989 vidimus
3347 936 3419 988 ⁷⁸.
3456 933 3571 989 Voa:
3622 949 3723 1001 pa-

2141 1026 2328 1081 truelis
2369 1027 2492 1094 mei,
2525 1027 2735 1097 inquit,
2769 1028 2873 1084 hoc
2912 1036 2998 1084 est
3033 1029 3177 1099 quod
3219 1027 3550 1083 audivimus.
3590 1024 3727 1080 Ecce

2140 1117 2225 1172 hic
2253 1118 2387 1172 venit
2417 1133 2436 1172 :
2469 1118 2574 1173 hoc
2601 1118 2750 1188 quod
2776 1119 2955 1174 oculis
2979 1121 3315 1189 accepimus.
3358 1117 3724 1188 Multifariarn

2142 1208 2426 1279 multisque
2475 1208 2647 1263 modis
2697 1208 2826 1264 olim
2880 1208 3022 1264 Deus
3070 1210 3276 1264 loeutus
3317 1210 3557 1278 patribus
3619 1224 3720 1262 no-

2141 1301 2269 1353 stris
2310 1300 2365 1352 in
2406 1298 2669 1369 prophetis
2698 1312 2718 1352 :
2747 1299 2864 1355 haec
2911 1307 2998 1355 est
3039 1299 3252 1353 auditio
3289 1299 3481 1353 vocis:
3524 1299 3583 1351 in
3621 1310 3720 1349 no—

2141 1391 2370 1444 vissimis
2401 1390 2586 1444 diebus
2621 1390 2826 1445 locutus
2855 1399 2934 1444 est
2961 1391 3110 1445 nobis
3133 1392 3189 1444 in
3212 1388 3358 1444 Filio
3386 1390 3455 1442 ⁷⁸.
3488 1387 3604 1441 Hoc
3634 1393 3722 1441 est

2141 1481 2197 1537 id
2226 1481 2373 1552 quod
2420 1480 2627 1535 dictum
2680 1489 2788 1545 εει,
2823 1479 2961 1535 Ecce
3005 1480 3088 1534 hic
3125 1481 3260 1535 venit
3307 1478 3514 1533 saltans
3556 1490 3720 1545 supra

2142 1583 2367 1636 montes,
2401 1581 2459 1627 et
2493 1588 2587 1640 per
2625 1572 2788 1626 colles
2819 1571 3130 1625 transiliens
3165 1570 3457 1639 :apposite
3495 1582 3561 1621 ac
3591 1581 3724 1622 con-

2139 1667 2425 1722 venienter
2461 1674 2518 1721 et
2550 1679 2763 1734 caprea:
2800 1677 2869 1720 ex
2912 1666 3134 1733 propria
3179 1662 3361 1731 aliqua
3395 1659 3632 1721 ratione,
3665 1665 3724 1714 et

2141 1772 2338 1814 rursus
2384 1756 2614 1810 hinnulo
2649 1769 2941 1811 cervorum
2985 1755 3095 1808 alio
3145 1766 3311 1809 sensu
3356 1752 3718 1807 assimilatas.

2074 1833 2118 1893 Β
2143 1846 2352 1918 Caprea
2386 1847 2660 1918 signiﬁcat
2690 1848 2842 1903 visus
2884 1859 3119 1901 acumen
3147 1852 3205 1899 et
3243 1842 3721 1914 perspicacitatem

2140 1937 2282 2006 ejus‘
2303 1937 2397 2007 qui
2442 1937 2625 1991 omnia
2675 1935 2919 2005 respicit.
2973 1934 3146 1987 Aiunt
3171 1932 3321 1987 enim
3358 1932 3464 1986 hoc
3516 1928 3724 1984 animal

2138 2027 2355 2097 egregie
2397 2034 2453 2081 et
2491 2025 2801 2080 mirandum
2854 2026 2910 2079 in
2955 2023 3181 2080 modum
3226 2022 3468 2087 intuens,
3521 2033 3723 2074 nomen

2140 2116 2340 2172 habere
2371 2131 2436 2170 ex
2460 2115 2810 2185 operatione;
2832 2112 3031 2183 δορκάς
3062 2113 3206 2168 enim
3226 2112 3450 2174 dicitur,
3481 2108 3588 2162 ἀπὸ
3626 2104 3724 2161 τοῦ

2138 2206 2447 2279 δέρκεσθαι,
2493 2209 2641 2277 quod
2679 2213 2765 2263 est
2798 2206 3001 2260 videre.
3036 2203 3198 2273 Atqui
3249 2200 3537 2273 δέρκεσθαι
3577 2198 3724 2254 idem

2138 2308 2224 2355 est
2252 2299 2397 2370 quod
2426 2298 2674 2365 θεᾶσθαι,
2704 2299 2850 2369 quod
2882 2296 3155 2363 signiﬁcat
3190 2295 3330 2350 idem
3361 2294 3507 2363 quod
3539 2292 3727 2347 videre

2139 2397 2196 2444 et
2228 2389 2499 2460 aspicere.
2535 2388 2638 2457 Qui
2671 2405 2803 2459 ergo
2831 2389 3016 2444 omnia
3049 2388 3247 2458 aspicit
3270 2395 3326 2441 et
3358 2385 3621 2450 intuetur,
3657 2398 3727 2438 ex

2140 2496 2206 2538 eo
2232 2482 2382 2552 quod
2416 2482 2598 2537 omnia
2651 2483 2948 2548 intueatur,
2997 2496 3195 2549 nempe
3230 2479 3338 2532 ἀπὸ
3364 2476 3459 2532 τοῦ
3500 2474 3727 2530 θεᾶσθαι

2141 2576 2459 2631 nominatur
2490 2574 2637 2632 Deus
2672 2571 3077 2631 universorum.
3114 2570 3387 2640 Quoniam
3420 2583 3552 2640 ergo
3583 2567 3725 2622 Deus

2140 2667 2196 2725 ἡ)
2227 2681 2393 2723 carne
2423 2666 2526 2721 l'uit
2569 2664 2978 2733 manifestatus,
3012 2664 3105 2734 qui
3138 2664 3204 2719 ad
3251 2659 3598 2717 adversariae
3631 2658 3728 2713 de-

2141 2759 2331 2815 lendas
2357 2768 2658 2830 potestates
2687 2760 2743 2815 in
2774 2756 2981 2814 mundo
3011 2757 3285 2829 apparuit,
3318 2764 3605 2825 propterea
3631 2767 3726 2806 as-

2141 2852 2417 2906 similatur
2447 2866 2682 2921 capreae,
2710 2858 2769 2906 ut
2799 2851 2893 2921 qui
2925 2866 2956 2906 e
2988 2849 3148 2906 ccelis
3178 2849 3234 2903 in
3261 2856 3465 2904 terram
3497 2858 3727 2915 aspexe-

2140 2942 2233 2996 rit.
2267 2943 2508 2997 Hinnulo
2536 2953 2722 2998 autem
2755 2957 3070 3006 cervorum,
3102 2940 3197 3011 qui
3228 2950 3445 2994 montes
3472 2944 3528 2990 et
3554 2935 3727 2991 colles

2143 3032 2377 3089 saltibus
2397 3033 2836 3103 comprehendit,
2869 3033 2976 3088 hoc
3006 3038 3110 3097 est,
3143 3030 3237 3101 qui
3267 3028 3556 3083 couculcat
3586 3025 3729 3080 fran-

443 3119 671 3190 θέμενα
707 3122 776 3173 ἐν
818 3121 1088 3190 καρδίαις
1133 3122 1461 3177 θαλασσιῖη·
1481 3162 1497 3188 ,
1541 3122 1637 3175 καὶ
1668 3122 1747 3195 τῷ
1788 3125 2041 3193 συγγενεῖ

2143 3125 2331 3196 gitque
2366 3134 2421 3182 et
2446 3127 2647 3182 evertit
2674 3125 2954 3196 improbas
2982 3122 3101 3180 vitii
3136 3122 3446 3178 dmmonum
3482 3117 3730 3172 altitudi—

439 3210 601 3282 τόπῳ
653 3212 753 3281 τῆς
814 3212 1053 3267 ἀϐύσσου
1117 3213 1514 3285 καταδυόμενα.
1575 3214 1713 3285 Περὶ
1770 3208 1846 3268 ὧν
1900 3215 2039 3293 πρὸς

2142 3235 2265 3276 nes.
2296 3218 2431 3273 Nam
2463 3227 2681 3275 montes
2715 3219 2939 3290 quidem
2980 3217 3112 3273 dicit
3141 3231 3237 3272 eos
3270 3214 3362 3285 qui
3396 3210 3728 3267 ct'mttrban-

441 3305 578 3367 τοὺς
613 3303 860 3375 μαθητὰς
893 3299 1044 3358 εἶπεν
1080 3306 1108 3359 6
1142 3304 1346 3377 Κύριος
1367 3347 1384 3371 ,
1418 3306 1500 3359 ὅτι
1552 3304 1689 3360 Ἐὰν
1733 3304 1911 3374 ἔχητε
1939 3306 2036 3359 πι-

445 3409 593 3449 στιν
615 3395 697 3461 ὡς
728 3396 950 3451 κόκκον
983 3395 1319 3464 σινάπεως,
1366 3397 1550 3467 ἐρεῖτε
1582 3398 1681 3465 τῷ,
1705 3398 1825 3466 ὄρει
1850 3400 2042 3466 τούτῳ

449 3488 704 3557 (δεικνὺς
730 3488 807 3560 τῷ
836 3489 981 3559 λόγῳ
1022 3488 1085 3542 τὸ
1128 3488 1361 3560 πονηρὸν
1398 3491 1575 3542 έκεῖνο
1620 3490 1715 3543 καὶ
1760 3489 2039 3560 σεληναῖον

444 3579 768 3651 δαιμόνιον),
792 3580 881 3634 ὅτι
903 3580 1145 3649 ’Ἄρθητι
1169 3581 1269 3635 καί
1281 3581 1548 3650 βλήθητι
1565 3584 1652 3647 εὶς
1676 3581 1792 3651 τὴν
1816 3580 2042 3636 θάλασ-

449 3687 596 3725 σαν.
648 3671 865 3743 Ἐπειδὴ
906 3673 1087 3726 τοίνυν
1120 3673 1253 3726 ἴδιον
1284 3673 1383 3743 τῆς
1412 3672 1623 3745 νεϐρῶν
1656 3676 1772 3728 ἐστι
1824 3673 2040 3742 φύσεως

447 3763 517 3815 τὸ
557 3762 888 3818 ἁναλωτικὸν
929 3764 1038 3817 τῶν
1072 3763 1298 3835 θηρίων,
1352 3766 1446 3818 καὶ
1486 3765 1548 3819 τὸ
1594 3755 1923 3835 φυγαδεύειν
1961 3764 2040 3836 τῷ

450 3853 696 3925 ἄσθματι
735 3855 830 3909 καὶ
871 3858 937 3927 τῇ
968 3846 1083 3908 τοῦ’
1110 3856 1321 3927 χρωτὸς
1357 3856 1580 3927 ἰδιότητι
1622 3856 1684 3910 τὺ
1716 3857 1825 3910 τῶν
1863 3858 2040 3926 ὄφεων

452 3946 650 4016 γένος*
685 3947 773 4002 διὰ
813 3947 970 4002 τοῦτο
1018 3947 1238 4018 δορκάδι
1283 3948 1381 4019 μὲν
1429 3949 1456 4001 6
1497 3948 1708 4021 ἐφορῶν
1744 3948 1813 4002 τὰ
1864 3950 2041 4003 πάντα

453 4037 755 4109 ὡμοίωται·
781 4038 958 4110 νεϐρῷ
981 4038 1038 4093 δὲ
1068 4039 1303 4108 ἐλάφων,
1328 4039 1404 4104 ὡς
1430 4040 1616 4093 πατῶν
1644 4056 1702 4093 τε
1734 4040 1827 4093 καὶ
1854 4039 2041 4093 ἀναλί-

460 4146 608 4183 σκων
630 4130 728 4202 τὴν
753 4132 998 4186 ἐναντίαν
1025 4133 1328 4205 ἐνέργειαν,
1362 4132 1430 4204 ἢν
1460 4134 1494 4204 ἡ
1528 4131 1765 4205 τροπικὴ
1796 4130 2043 4204 σημασία

456 4222 561 4294 δρη
585 4223 681 4277 καὶ
713 4221 934 4293 βουνοὺς
957 4226 1337 4297 κατωνόμασε.

2136 3319 2229 3366 tur
2259 3312 2312 3366 in
2344 3312 2465 3380 ejus
2496 3309 2843 3376 fortitudine,
2872 3317 2932 3365 ut
2961 3308 3100 3362 dicit
3125 3304 3317 3369 David,
3349 3303 3456 3369 Qui
3495 3300 3728 3369 transfe-

2138 3414 2332 3458 runtur
2360 3406 2414 3458 in
2462 3420 2556 3458 cor
2582 3404 2750 3458 utaris
2771 3444 2785 3469 ,
2812 3412 2868 3458 et
2896 3401 2997 3471 qui
3020 3401 3077 3456 in
3105 3405 3402 3470 cognatum
3432 3395 3516 3451 eis
3545 3391 3728 3464 abyssi

2140 3496 2321 3550 locum
2358 3493 2750 3563 demerguntur
2778 3494 2850 3549 ⁸ο.
2897 3492 2972 3550 De
3025 3492 3227 3561 quibus
3271 3487 3411 3542 dixit
3463 3483 3728 3538 Dominus

2142 3587 2261 3641 suis
2299 3584 2590 3654 discipulis
2617 3601 2629 3636 :
2670 3583 2733 3639 Si
2771 3583 3010 3636 habeatis
3042 3582 3201 3650 ﬁdem
3232 3580 3368 3633 sicut
3397 3590 3620 3646 granum
3647 3573 3728 3627 εἰς

2143 3679 2317 3745 napis,
2352 3675 2539 3730 dicetis
2572 3676 2696 3728 huic
2722 3674 2890 3729 monti
2919 3674 3047 3745 (hoc
3080 3672 3244 3727 verbo
3265 3669 3565 3725 ostendens
3594 3665 3727 3719 illud

2142 3768 2455 3838 improbum
2513 3782 2579 3822 ac
2629 3767 2823 3821 lunare
2865 3762 3221 3833 daemonium)
3269 3781 3281 3817 :
3334 3759 3628 3815 Extollitor
3677 3767 3729 3811 et

2139 3856 2417 3926 projicitor
2458 3856 2512 3910 in
2541 3871 2686 3910 mare
2707 3855 2775 3910 ⁸¹.
2808 3853 3081 3920 Quoniam
3124 3852 3292 3922 igitur
3333 3861 3419 3906 est
3447 3847 3728 3919 proprium

2142 3955 2355 4003 naturae
2400 3947 2755 4002 hinnulorum
2794 3959 3105 4007 cervorum,
3144 3952 3204 3997 ut
3247 3950 3300 3997 et
3344 3941 3557 3995 belluas
3589 3951 3725 3992 con-

2144 4046 2389 4104 sumant,
2425 4048 2476 4094 et
2509 4037 2644 4092 alitu
2678 4037 2987 4106 colorisque
3031 4036 3116 4090 sui
3142 4034 3476 4105 proprietate
3501 4043 3726 4098 serpen-

2143 4139 2229 4187 tcs
2280 4130 2491 4202 fugent,
2548 4136 2836 4201 propterea
2885 4142 3096 4198 capreae
3126 4126 3347 4196 quidem
3393 4121 3728 4178 assimilatur

2145 4225 2242 4296 qui
2267 4224 2452 4279 omnia
2496 4222 2777 4288 intuetur;
2807 4221 3039 4279 hinnulo
3084 4225 3269 4274 autem
3306 4228 3618 4274 cervorum,
3670 4218 3734 4265 ut

456 4319 556 4387 qui
588 4319 874 4375 conculcet
915 4328 970 4375 et
1015 4329 1310 4377 consumat
1346 4320 1717 4376 adversariam
1748 4320 2144 4391 operationem,
2188 4333 2354 4391 quam
2404 4317 2615 4387 tropica
2658 4314 3059 4387 signiﬁcatione
3104 4310 3408 4366 nominavit
3435 4317 3650 4363 montes
3677 4311 3733 4359 et

458 4413 651 4467 colles.

532 4503 727 4574 Γέγονε
778 4502 959 4558 τοίνυν
1005 4504 1039 4574 ἡ
1087 4502 1182 4557 τοῦ
1227 4470 1461 4575 νυμφίου
1510 4503 1663 4574 φωνὴ
1710 4503 1744 4573 ή
1798 4501 1888 4556 διὰ
1935 4499 2041 4555 τῶν

2216 4498 2345 4554 Fuit
2373 4511 2508 4567 ergo
2539 4511 2642 4552 vox
2663 4492 2850 4564 sponsi
2874 4507 2972 4562 per
2993 4488 3287 4561 prophetas
3306 4488 3360 4541 in
3375 4485 3576 4556 quibus
3592 4484 3733 4540 Deus

462 4593 760 4667 προφητῶν
807 4596 866 4647 ὲ,ν
911 4589 993 4658 οἷς
1036 4593 1296 4664 ἐλάλησεν
1342 4594 1371 4645 6
1414 4591 1579 4655 Θεόςρ
1618 4594 1713 4645 καὶ
1763 4590 1902 4663 μετὰ
1944 4592 2046 4662 τὴν

465 4687 650 4757 φωνὴν
685 4680 851 4757 ἦλθεν
893 4687 922 4739 6
960 4686 1153 4754 Λόγος,
1187 4683 1468 4755 ὲπιπηδῶν
1498 4685 1613 4748 τοῖς
1654 4682 2047 4754 ἀντικειμένοις

461 4776 637 4849 δρεσι,
679 4777 773 4829 καὶ
804 4773 914 4829 τῶν
946 4774 1148 4846 βουνῶν
1178 4774 1577 4845 καθαλλόμενος
1596 4815 1611 4841 ,
1642 4774 1822 4828 πᾶσαν
1860 4775 1926 4827 ὲκ
1950 4773 2045 4847 τοᾷ

464 4866 581 4920 [σου
610 4865 709 4938 τὴν
737 4866 1107 4937 άποστατικὴν
1127 4865 1355 4937 δύναμιν
1385 4866 1630 4938 ὑπίχνιον
1653 4864 1830 4937 ἑαυτῷ
1854 4864 2043 4929 ποιῶν,

457 4956 560 5027 τήν
609 4974 670 5011 τε
712 4957 1130 5027 ὑποδεεστέραν,
1179 4958 1274 5011 καὶ
1317 4958 1418 5029 τὴν
1461 4958 1830 5028 προάγουσαν.
1875 4953 2046 5009 Τοῦτο

461 5050 572 5120 γάρ
602 5050 710 5104 τῶν
742 5050 944 5121 βουνῶν
986 5052 1019 5121 ὴ
1050 5050 1184 5122 πρὸς
1218 5050 1287 5103 τὰ
1325 5050 1425 5121 ὅρη
1456 5048 1709 5121 διαστολὴ
1744 5048 2047 5103 ὑπαινίττε-

460 5159 575 5206 ται,
609 5140 691 5194 ὅτι
733 5142 829 5194 καὶ
862 5142 923 5195 τὸ
965 5140 1149 5212 ἐξέχον
1178 5143 1236 5196 ἐν
1271 5143 1384 5205 τοῖς
1417 5140 1809 5212 ἀντικειμένοις
1842 5140 2044 5211 ὁμοίως

460 5231 541 5305 τῷ
586 5230 949 5303 ὑποϐεϐηκότι
994 5231 1339 5303 καθαιρεῖται
1359 5271 1374 5295 ,
1409 5231 1467 5285 ὲν
1499 5233 1566 5303 τῇ
1600 5230 1827 5302 δυνάμει
1858 5230 2045 5283 τεκαὶ

463 5323 684 5395 ἐξουσίᾳ
738 5322 1095 5394 πατούμενον.
1156 5324 1385 5396 Ὁμοίως
1432 5323 1543 5395 γὰρ
1589 5325 1985 5377 καταπατεῖται
2016 5324 2046 5377 6

462 5416 603 5472 λέων
634 5434 694 5469 τε
723 5416 816 5471 καὶ
845 5418 873 5469 6
900 5415 1136 5486 δράκων,
1165 5414 1233 5469 τὰ
1265 5415 1617 5486 ὑπερέχοντα,
1648 5416 1677 5469 ὅ
1705 5431 1764 5468 τε
1798 5414 1922 5485 ὄφις
1952 5413 2045 5467 καὶ

464 5511 494 5562 6
515 5509 795 5581 σκορπίος,
822 5508 891 5562 τὰ
911 5507 1169 5569 δοκοῦντα
1197 5507 1616 5580 καταδεέστερα.
1648 5502 1775 5562 Οἷόν
1801 5524 1855 5560 τι
1878 5507 2042 5576 λέγω·

475 5601 566 5656 Ἦν
598 5605 709 5666 τοῖς
738 5600 1119 5655 ἀκολουθοῦσιν
1147 5600 1296 5672 αὐτῷ
1338 5599 1671 5677 δχλοιςπδρη,
1702 5598 1976 5669 δαιμόνια,
2006 5598 2040 5670 ἢ

2148 4600 2233 4649 est
2262 4593 2479 4647 locutus
2513 4604 2527 4640 :
2557 4599 2611 4644 et
2644 4595 2768 4657 post
2799 4599 2989 4640 vocem
3023 4583 3171 4638 venit
3205 4580 3478 4643 Verbum,
3527 4578 3734 4634 saliens

2148 4697 2316 4755 supra
2351 4689 2566 4736 montes
2589 4680 2873 4743 adversos,
2901 4682 2958 4730 et
2994 4674 3050 4728 in
3085 4672 3257 4728 colles
3288 4670 3629 4731 transiliens,
3665 4684 3731 4723 ex

2147 4787 2306 4842 aequo
2336 4784 2552 4825 omnem
2600 4781 2721 4837 qua
2770 4764 2840 4819 ab
2882 4765 3002 4834 ipso
3032 4759 3235 4817 defecit
3268 4767 3595 4831 potestatem
3627 4757 3734 4812 sibi

2150 4863 2387 4920 reddens
2401 4860 2731 4931 subiectam,
2752 4867 2860 4912 tam
2881 4871 3005 4928 quas
3028 4862 3114 4910 est
3131 4853 3405 4924 superior,
3424 4864 3588 4922 quam
3611 4865 3733 4920 qua:

2150 4963 2236 5013 est
2265 4953 2496 5009 inferior
2527 4959 2580 5006 et
2611 4950 2813 5004 minor.
2853 4945 2971 5002 Hoc
2998 4945 3143 5001 enim
3171 4942 3481 5001 subindicat
3509 4937 3735 4993 collium

2151 5064 2182 5103 a
2207 5045 2485 5102 montibus
2530 5041 2858 5106 diiierentia,
2895 5037 3043 5109 quod
3083 5036 3138 5093 id
3164 5033 3309 5109 quod
3340 5031 3554 5089 excellit
3589 5029 3732 5085 inter

2152 5137 2520 5200 adversarios,
2572 5149 2728 5204 seque
2773 5131 3041 5197 deleatur,
3098 5135 3154 5182 et
3212 5122 3400 5182 eadem
3430 5121 3636 5175 virtute
3668 5133 3732 5173 ac

2151 5237 2425 5302 potestate
2461 5226 2839 5290 conculcetur,
2890 5229 3056 5287 atque
3095 5216 3149 5272 id
3179 5214 3326 5287 quod
3364 5220 3447 5269 est
3475 5208 3728 5267 inferius.

2154 5321 2420 5378 Similiter
2469 5314 3068 5373 enim'conculcantur
3120 5310 3209 5363 leo
3270 5314 3325 5361 et
3388 5304 3576 5369 draco,
3633 5302 3734 5373 qui

2150 5415 2414 5477 eminent,
2467 5419 2631 5481 atque
2687 5422 2915 5478 serpens
2963 5411 3018 5459 et
3065 5398 3319 5469 scorpius
3347 5395 3441 5467 qui
3468 5393 3727 5447 videntur

2153 5507 2464 5564 inferiores.
2511 5500 2757 5572 Exempli
2794 5511 2963 5554 causa
2997 5513 3010 5549 :
3046 5492 3104 5550 In
3136 5490 3311 5548 turbis
3339 5503 3461 5560 quas
3483 5500 3606 5542 eum
3635 5499 3728 5539 se-

2147 5601 2456 5672 quebantur
2497 5600 2656 5652 erant
2712 5599 2946 5655 montes,
2985 5587 3280 5649 daemones,
3324 5589 3418 5637 aut
3457 5579 3512 5635 in
3561 5590 3728 5650 syna-

538 5779 584 5811 "
628 5776 773 5835 Psal.
829 5795 997 5845 xnvu,
1040 5778 1106 5835 9..
1191 5780 1237 5813 τ’
1265 5777 1426 5835 ilebr.
1464 5795 1502 5849 ι,
1532 5778 1586 5833 τι.
1684 5777 1729 5809 ⁸ο
1762 5774 1906 5831 Psal.
1943 5790 2041 5829 xu

2142 5814 2147 5827 ,
2208 5740 2266 5804 *θ’
2292 5769 2479 5826 Matth.
2511 5782 2643 5857 ξνιι,
2679 5767 2757 5821 l9.
