3874 6432
351 374 460 428 863

1579 381 1638 440 S.
1679 381 2006 440 GREGORII
2044 379 2338 438 NYSSENI

3499 370 3597 427 86$

357 491 536 559 gogis,
591 497 684 545 aut
738 491 794 546 lu
846 495 1066 565 regione
1119 495 1543 566 Gerasenorum,
1593 501 1772 555 autin
1805 501 1926 556 aliis

2037 503 2087 554 ὲν
2107 503 2228 564 ταῖς
2247 499 2588 567 συναγωγαῖς
2610 490 2700 566 ἦν,
2721 494 2756 565 ἢ
2784 494 2841 547 ἐν
2861 493 2927 566 τῇ
2950 490 3104 562 χώρᾳ
3121 488 3232 544 τῶν
3253 488 3597 562 Γερασηνῶν,

353 584 544 639 multis
571 584 1647 656 locis,quierigebanturetextollebantur
1663 592 1930 649 adversus

355 675 651 728 humanam
683 683 956 731 naturam.
993 675 1071 730 Ex
1105 677 1171 732 iis
1201 687 1331 732 sunt
1355 687 1409 735 et
1432 681 1601 738 colles
1631 692 1686 737 et
1715 691 1930 739 montes

351 765 682 821 excellentes
730 774 785 821 et
839 767 1149 824 inferiores.
1200 769 1308 826 Sed
1347 773 1614 828 hinnulus
1643 789 1928 828 cervorum

353 855 444 923 qui
485 856 762 910 consumit
811 866 1116 928 serpentes,
1163 869 1218 915 et
1275 863 1368 931 qui
1410 864 1573 918 etiam
1630 863 1932 934 discipulos

354 946 563 1016 perﬁcit
598 947 653 1000 in
713 957 965 1004 naturain
1017 967 1330 1020 cervorum,
1375 969 1500 1008 cum
1551 956 1687 1009 dicit
1746 974 1759 1010 :
1801 955 1934 1010 Dedi

353 1037 492 1088 vobis
541 1047 853 1105 potestatem
907 1039 1154 1094 calcandi
1186 1058 1345 1110 super
1396 1054 1659 1112 serpentes
1698 1054 1747 1098 et
1782 1061 1932 1099 scor-

351 1124 464 1191 pios
493 1123 539 1155 ⁸⁸
568 1165 582 1188 ,
637 1125 692 1178 in
733 1141 926 1181 omnes
959 1143 1025 1182 ex
1057 1144 1214 1198 ωειυο
1241 1131 1482 1198 plantam
1517 1132 1781 1200 immittit,
1817 1133 1932 1187 haec

353 1219 406 1265 et
437 1211 654 1282 fugans,
690 1221 744 1269 et
777 1215 847 1269 ab
881 1217 966 1272 his
1003 1216 1070 1271 ad
1101 1219 1208 1273 alia
1244 1220 1584 1284 transiliens,
1608 1229 1668 1274 ut
1700 1237 1795 1292 per
1819 1222 1934 1277 haec

354 1314 612 1372 appareat
655 1308 980 1377 magnitudo
1012 1324 1201 1364 eorum
1231 1313 1324 1381 qui
1359 1312 1411 1366 in
1456 1313 1629 1367 altum
1665 1314 1936 1369 tolluntur

350 1407 415 1446 ex
470 1396 694 1463 virtute,
731 1413 841 1453 non
869 1401 1105 1470 amplius
1137 1402 1432 1458 obscurata
1463 1419 1495 1458 a
1526 1405 1760 1460 collibus
1791 1407 1930 1461 vitii.

355 1480 621 1541 Videntur
666 1489 812 1542 enim
862 1501 1078 1547 montes
1127 1492 1315 1548 Bethel
1361 1510 1428 1548 ex
1476 1496 1933 1566 interpretatione

356 1575 617 1641 nominis,
657 1580 948 1636 ostendere
994 1585 1266 1638 excelsam
1313 1592 1368 1639 et
1414 1587 1692 1641 caelestem
1742 1589 1931 1643 vitam.

355 1663 488 1720 Nam
541 1667 765 1723 domum
813 1671 905 1726 Dei
957 1672 1100 1729 hanc
1137 1675 1451 1745 signiﬁcare
1501 1678 1819 1744 dictionem,
1850 1680 1936 1734 di-

353 1767 487 1812 cunt
516 1759 552 1813 ii
581 1763 674 1831 qui
712 1764 895 1818 sciunt
924 1766 1163 1837 linguam
1201 1769 1508 1825 Hebraeam.
1556 1771 1695 1826 Dicit
1727 1775 1930 1844 itaque,

2031 593 2065 664 ἢ
2102 593 2160 644 ἐν
2195 591 2402 662 ἐτέροις
2441 588 2625 652 τόποις
2662 586 2906 649 πολλοῖς,
2937 581 3077 637 κατά
3115 581 3216 653 τῆς
3264 579 3601 651 ἀνθρωπίνης

2036 689 2249 757 φύσεως
2277 685 2556 758 ὑψούμενά
2599 701 2659 737 τε
2701 683 2796 736 καὶ
2828 679 3229 753 κορυφούμενα.
3278 678 3372 731 Ἐκ
3398 677 3601 730 τούτων

2031 775 2176 850 ἦσαν
2205 777 2382 849 βουνοὶ
2409 776 2503 829 καὶ
2524 775 2624 846 δρη
2650 771 3006 844 ὑπερέχοντες
3030 786 3090 823 τε
3112 768 3206 822 καὶ
3231 764 3598 835 ὑποκείμενον

2034 873 2148 927 ἀλλ’
2178 874 2206 925 6
2236 871 2424 943 νεϐρὸς
2453 867 2562 923 τῶν
2589 868 2822 936 ἐλάφων,
2851 866 2881 918 6
2913 862 3242 925 ἀναλωτικὸς
3267 860 3375 913 τῶν
3404 859 3600 928 δφεων,

2032 963 2062 1014 6
2091 961 2185 1014 καὶ
2217 961 2344 1024 τοὺς
2381 957 2626 1030 μαθητὰς
2660 957 2738 1018 είς
2781 953 2880 1024 τὴν
2909 951 3015 1006 τῶν
3040 951 3254 1020 ἐλάφων
3284 947 3607 1020 καταρτιζό-

2038 1068 2195 1122 μενος
2240 1050 2422 1120 φύσιν,
2461 1050 2520 1102 ἐν
2555 1041 2637 1109 οἷς
2676 1043 2856 1112 λέγει,
2892 1042 2972 1095 ὅτι
3002 1039 3236 1094 Δέδωκα
3264 1037 3406 1108 ὑμῖν
3435 1036 3606 1101 ἐξου-

2034 1145 2180 1198 σίαν
2201 1142 2306 1197 τοῦ
2335 1139 2545 1196 πατεῖν
2571 1136 2769 1191 ἐπάνω
2793 1134 2914 1188 τῶν
2939 1133 3130 1203 ὄφεων
3156 1131 3253 1186 καί
3281 1129 3604 1198 σκορπίων,

2036 1239 2201 1290 πᾶσιν
2249 1235 2444 1304 ἐπίσης
2476 1229 2754 1285 ἐπιϐάλλει
2797 1227 2858 1281 τὸ
2897 1227 3075 1297 ἴχνος,
3111 1223 3284 1277 ταῦτά
3328 1238 3385 1274 τε
3425 1238 3606 1291 φυγα-

2034 1327 2226 1390 δεὺων,
2261 1323 2356 1380 καὶ
2372 1321 2769 1394 μεθαλλόμενος
2795 1319 2902 1372 ἀπὺ
2931 1317 3134 1372 τούτων
3162 1313 3296 1386 πρὸς
3322 1313 3501 1382 ἕτερα,
3530 1311 3610 1374 ὡς

2037 1417 2128 1472 διὰ
2161 1415 2363 1470 τούτων
2399 1413 2461 1466 τὺ
2498 1413 2724 1484 μέγεθος
2762 1410 2870 1464 τῶν
2907 1411 3026 1464 κατ’
3060 1407 3258 1478 ἀρετὴν
3289 1404 3611 1476 ὑψουμένων

2036 1507 2394 1579 ἀναφανῆναι,
2437 1504 2630 1577 μηκέτι
2658 1504 2771 1566 τοῖς
2799 1499 3094 1570 γεωλόφοις
3127 1497 3227 1568 τῆς
3257 1497 3453 1558 κακίας
3480 1496 3610 1546 ἐπι-

2038 1599 2415 1672 σκοτούμενον.
2444 1597 2525 1650 Τὰ
2553 1595 2662 1666 γάρ
2691 1595 2791 1667 ὅρη
2829 1591 3033 1662 Βαιθὴλ
3081 1590 3255 1644 ἔοικεν
3282 1591 3346 1642 ἐκ
3376 1586 3470 1640 τοῦ
3499 1585 3616 1639 ὀνό-

2042 1710 2209 1766 ματος
2241 1693 2340 1761 τῆς
2372 1687 2698 1761 ἑρμηνείας,
2732 1686 2822 1739 τὸν
2863 1685 3064 1754 ὑψηλὸν
3100 1681 3194 1736 καὶ
3233 1679 3479 1750 οὐράνιον
3518 1679 3612 1729 ἐν-

2036 1785 2342 1840 δείκνυσθαι
2370 1783 2503 1853 βίον.
2541 1777 2701 1834 Οἴκον
2732 1779 2838 1850 γὰρ
2866 1777 3000 1830 Θεοῦ
3033 1773 3316 1845 σημαίνειν
3340 1771 3438 1840 τὴν
3466 1767 3616 1832 λέξιν

355 1849 525 1946 Super
566 1865 767 1910 montes
813 1857 1016 1913 Bethel.
1067 1861 1174 1916 Eos
1218 1861 1357 1916 vidit
1405 1873 1671 1934 purgatus
1713 1876 1767 1920 et
1807 1882 1929 1936 per-

2037 1876 2238 1946 ταύτην
2278 1849 2442 1944 φασὶν
2480 1874 2530 1926 οἱ
2562 1873 2661 1942 τῆς
2710 1849 2974 1940 Ἐϐραίων
3003 1865 3186 1936 φωνῆς
3225 1862 3612 1930 ἐπιστήμονες.

353 1941 543 2009 spicax
575 1944 770 1999 animae
797 1948 1012 2014 oculus,
1049 1950 1143 2018 qui
1177 1964 1302 2004 cum
1328 1949 1533 2007 divinis
1564 1952 1672 2008 illis
1699 1955 1931 2011 saltibus

351 2032 446 2100 qui
497 2031 632 2088 ﬁunt
681 2035 946 2093 adversus
993 2039 1256 2096 adversos
1313 2044 1506 2106 colles,
1556 2045 1722 2100 simul
1777 2055 1922 2102 tran-

354 2123 496 2191 silit;
564 2135 619 2181 et
687 2128 755 2182 de
786 2139 1032 2200 tempore
1085 2139 1231 2202 quod
1283 2143 1473 2203 postea
1522 2143 1607 2190 est
1659 2136 1928 2209 futurum,

352 2223 611 2286 tanquam
655 2219 722 2273 de
761 2236 872 2289 1am
911 2232 1181 2292 praesente
1225 2225 1387 2278 verba
1440 2223 1609 2280 facit:
1643 2237 1930 2298 propterea

353 2307 498 2373 quod
535 2307 605 2362 sit
635 2319 785 2364 certa
809 2319 863 2365 et
912 2313 1219 2368 indubitata
1279 2331 1400 2385 quae
1450 2325 1705 2386 speratur
1731 2322 1930 2390 gratia,

356 2408 507 2462 spem
563 2404 822 2467 tanquam
871 2414 1012 2469 opus
1062 2401 1167 2463 iam
1215 2399 1419 2456 factum
1475 2403 1718 2460 intuens.
1785 2395 1795 2404 ’

425 2592 568 2648 Dicit
627 2594 798 2660 enim,
857 2597 1005 2667 quod
1057 2597 1382 2669 quic'nobili
1433 2599 1714 2656 celeritate
1769 2603 1934 2658 saltat

354 2685 618 2740 adversus
665 2693 918 2753 montes,
975 2694 1030 2742 et
1085 2702 1116 2741 a
1167 2688 1404 2744 collibus
1459 2689 1513 2743 in
1555 2690 1724 2747 colles
1779 2699 1933 2748 tran-

2039 1967 2130 2020 Διό
2163 1981 2350 2035 φησιν,
2400 1961 2523 2015 Ἐπί
2557 1962 2630 2013 τὰ
2661 1958 2768 2026 ὄρη
2796 1953 3044 2020 Βαιθήλ.
3084 1947 3207 2005 Εἷδε
3241 1948 3417 2002 ταῦτα
3456 1947 3485 1998 6
3520 1963 3617 1999 κε-

2039 2056 2384 2127 καθαρμένος
2422 2053 2517 2106 καὶ
2553 2049 2854 2121 διορατικὸς
2892 2049 2991 2118 τῆς
3021 2043 3202 2113 ψυχῆς
3233 2038 3518 2109 ὀφθαλμὸς
3539 2077 3555 2103 ,
3586 2041 3616 2091 6

2037 2154 2148 2213 τοῖς
2173 2148 2334 2211 θείοις
2365 2145 2592 2206 ἐκείνοις
2627 2140 2830 2211 ἀλμασι
2849 2139 2961 2201 τοῖς
2999 2133 3141 2190 κατὰ
3167 2132 3275 2186 τῶν
3305 2129 3619 2199 ἀντικειμέ-

2037 2261 2144 2298 νων
2164 2239 2454 2310 γεωλόφων
2477 2232 2783 2304 γινομένοις
2813 2247 2876 2282 συ
2884 2224 3341 2313 μμεθαλλόμενοςῖ
3365 2223 3458 2275 καὶ
3483 2221 3617 2291 περὶ

2036 2334 2130 2390 τοῦ
2163 2333 2356 2404 χρόνου
2399 2327 2624 2397 ὕστερον
2662 2320 3057 2392 γενησομένου,
3095 2317 3170 2380 ὡς
3206 2315 3305 2386 ἤδη
3349 2313 3617 2404 παρρνςος

2039 2403 2271 2478 ποιεῖται
2292 2421 2380 2473 τὸν
2401 2418 2558 2486 λόγον
2577 2433 2589 2446 ·
2623 2414 2713 2468 διά
2745 2413 2805 2465 τὸ
2834 2411 3020 2464 πιστόν
3050 2425 3109 2461 τε
3130 2407 3223 2460 καὶ
3247 2403 3617 2475 ἁναμφίδολον

2034 2517 2134 2588 τῆς
2153 2511 2512 2583 ἐλπιζομένης
2533 2508 2773 2579 χάριτος,
2793 2504 2868 2567 ὡς
2884 2503 3042 2574 ἔργον
3057 2499 3153 2570 τὴν
3175 2497 3362 2588 ἐλπίδα
3380 2493 3612 2588 βλέπων.

2104 2602 2243 2673 Φησὶ
2271 2599 2401 2670 γάρ,
2432 2599 2514 2651 ὅτι
2545 2598 2573 2650 6
2604 2592 2747 2648 κατὰ
2775 2593 2882 2646 τῶν
2916 2591 3086 2661 ὀρέων
3128 2587 3312 2658 πηδῶν
3344 2586 3617 2655 εὐκινήτῳ

2037 2694 2115 2766 τῷ
2145 2695 2320 2764 τάχει,
2374 2690 2467 2744 καί⁵
2503 2689 2583 2751 είς
2631 2685 2853 2756 βουνοὺς
2895 2682 3003 2736 ἀπὸ
3045 2681 3248 2752 βουνῶν
3283 2678 3618 2750 μεθαλλόμε-

353 2779 496 2842 silit,
534 2781 775 2848 seipsum
817 2781 1056 2834 ostendit
1097 2780 1455 2846 immobilem,
1500 2790 1624 2851 post
1666 2783 1929 2852 parietem

2037 2804 2147 2850 νος,
2185 2784 2446 2853 στάσιμον
2485 2779 2753 2833 δείκνυσιν
2793 2774 2982 2828 ἐαυτὸν
3029 2773 3258 2826 κατόπιν
3294 2769 3388 2824 τοῦ
3431 2770 3616 2838 τοίχου

354 2885 603 2935 manens,
647 2881 702 2926 et
738 2887 804 2926 ex
851 2873 1112 2928 cancellis
1150 2873 1312 2928 verba
1355 2873 1582 2934 faciens.
1624 2875 1716 2931 Sic
1747 2891 1929 2932 autem

2040 2879 2346 2950 γενόμενος,
2373 2873 2464 2928 καὶ
2492 2874 2556 2925 ἐκ
2584 2870 2694 2924 τῶν
2721 2867 2952 2923 δικτύων
2979 2865 3087 2920 τῶν
3116 2865 3344 2936 θυρίδων
3371 2863 3615 2930 διαλεγόο

351 2961 518 3016 habet
559 2971 770 3019 textus:
797 2962 931 3018 Ecce
976 2964 1059 3018 hic
1117 2973 1227 3019 stat
1274 2974 1392 3033 post
1427 2968 1684 3036 parietem
1732 2985 1929 3033 meum,

2043 2988 2219 3043 μενος.
2252 2969 2403 3038 Ἔχει
2425 2966 2481 3020 δὲ
2507 2964 2680 3027 οὕτως
2711 2963 2746 3032 ἡ
2765 2961 2909 3027 λέξις
2925 2977 2940 2990 ·
2980 2957 3133 3014 Ἰδοὺ
3159 2953 3338 3023 οὗτος
3359 2955 3619 3022 ἔστηκεν

339 3053 672 3122 prospiciens
727 3069 818 3120 per
859 3054 1138 3123 fenestras,
1187 3070 1444 3122 apparens
1496 3073 1588 3126 per
1646 3057 1929 3113 cancellos.

2041 3065 2232 3116 ὀπίσω
2259 3059 2366 3114 τοῦ
2391 3059 2596 3126 τοίχου
2617 3054 2806 3126 ἡμῶν,
2831 3052 3231 3120 παρακύπτων
3251 3048 3348 3102 διὰ
3372 3049 3490 3101 τῶν
3517 3051 3621 3100 θυ-

350 3142 529 3212 Atque
587 3142 734 3212 quod
807 3144 1168 3214 corporaliter
1215 3145 1434 3214 quidem
1482 3147 1816 3203 describitur
1865 3148 1929 3202 ab

2037 3153 2254 3224 ρίδων,
2294 3151 2607 3204 ὲκκύπτων
2649 3146 2746 3200 διὰ
2787 3143 2905 3198 τῶν
2947 3143 3220 3197 δικτύων.
3267 3141 3340 3194 Τὸ
3385 3141 3481 3212 μὲν
3524 3135 3618 3192 οὖν

350 3233 618 3298 oratione,
670 3243 754 3290 est
796 3234 1272 3306 ejusmodi:Cum
1320 3252 1524 3307 sponsa
1554 3238 1705 3293 intus
1751 3248 1936 3294 custo-

349 3327 532 3382 «liente
589 3327 844 3392 domum,
907 3343 1004 3398 per
1061 3327 1332 3383 fenestras
1402 3335 1615 3384 amator
1670 3329 1931 3396 disserit,

347 3422 404 3469 et
454 3415 666 3485 pariete
719 3414 1048 3472 intermedio
1109 3425 1405 3488 utrumque
1478 3428 1733 3488 arcente,
1796 3422 1934 3477 citra

348 3507 520 3562 ullum
583 3508 1071 3579 impedimentum,
1129 3510 1186 3566 ﬁt
1238 3513 1510 3568 sermonis
1557 3515 1934 3570 communica-

347 3601 447 3665 tio,
478 3615 576 3670 per
620 3599 888 3657 fenestras
915 3602 1133 3672 quidem
1162 3618 1222 3658 se
1245 3603 1568 3659 demittente
1599 3605 1803 3676 capite,
1835 3621 1935 3676 per

345 3693 621 3748 cancellos
665 3701 845 3748 autem
908 3694 1001 3764 qui
1065 3705 1193 3750 sunt
1255 3696 1310 3750 in
1369 3695 1647 3764 fenestris,
1699 3698 1931 3754 interius

344 3784 504 3838 oculo
533 3784 888 3855 despiciente.
930 3786 1246 3859 Anagogica
1287 3797 1471 3843 autem
1517 3791 1931 3861 comtemplatio

343 3877 592 3946 sequitur
612 3893 833 3934 sensum
870 3879 1024 3950 prius
1047 3881 1438 3935 examinatum.
1475 3880 1577 3936 Via
1607 3883 1756 3938 enim
1790 3900 1927 3940 cou-

342 3969 642 4038 sequentiae
719 3969 1016 4024 humanam
1076 3978 1330 4026 naturam
1405 3971 1518 4028 Deo
1570 3975 1926 4045 conjunctam

340 4060 522 4115 reddit
585 4063 783 4125 oratio,
837 4062 1076 4132 primum
1125 4062 1348 4134 quidem
1415 4064 1591 4134 ipsam
1646 4067 1928 4124 illustrans

342 4167 438 4222 per
467 4152 762 4222 prophetas
785 4165 838 4207 et
865 4163 1134 4223 praecepta
1163 4155 1318 4225 legis.
1353 4153 1445 4208 Sic
1482 4155 1626 4209 enim
1664 4157 1927 4228 intelligi-

340 4260 487 4309 mus,
521 4243 792 4300 fenestras
820 4246 1040 4316 quidem
1089 4249 1407 4318 prophetas,
1467 4247 1562 4318 qui
1593 4249 1774 4304 lumen
1832 4251 1924 4304 in-

343 4335 683 4391 troducunt:
741 4337 1018 4393 cancellos
1051 4345 1257 4403 autem,
1316 4338 1573 4408 legalium
1625 4347 1927 4410 praecepto-

340 4443 463 4482 rum
510 4428 958 4484 connexionem:
1024 4444 1121 4500 per
1175 4445 1298 4500 quae
1345 4431 1508 4486 ambo
1567 4431 1713 4486 intro
1777 4433 1925 4486 subit

2041 3242 2367 3316 σωματικῶς
2430 3243 2488 3295 ἐν
2545 3239 2624 3310 τῷ
2685 3237 2830 3308 λόγῳ
2887 3233 3369 3306 ὑπογραφόμενον,
3439 3229 3617 3284 τοιοῦ-

2036 3337 2126 3389 τόν
2180 3337 2327 3388 ἐστιν
2352 3349 2365 3363 ⁸
2413 3332 2496 3385 ὅτι
2537 3329 2684 3382 ἐνδον
2720 3326 3078 3398 οίκουροῦσαν
3119 3325 3217 3392 τὴν
3254 3323 3470 3393 νύμφην
3529 3320 3616 3373 διὰ

2035 3426 2145 3481 τῶν
2188 3424 2416 3496 θυρίδων
2457 3424 2486 3475 6
2526 3418 2760 3491 ἐραστὴς
2793 3418 3135 3486 διαλέγεται,
3180 3415 3276 3468 καὶ
3313 3413 3407 3466 τοῦ
3437 3411 3614 3481 τοίχου

2036 3517 2180 3573 κατὰ
2223 3517 2285 3570 τὸ
2331 3515 2494 3586 μέσον
2544 3511 2886 3583 ἀμφοτέρους
2927 3509 3289 3580 διείργοντος,
3329 3503 3616 3574 ἀνεμπόδι-

2037 3628 2161 3674 στος
2212 3609 2422 3678 γίνεται
2479 3605 2574 3659 τοῦ
2619 3604 2848 3674 λόγουη
2897 3601 3182 3666 κοινωνία,
3234 3597 3324 3652 διά
3376 3597 3471 3668 μὲν
3523 3594 3614 3648 θυ-

2036 3703 2197 3776 ρίδων
2253 3701 2353 3772 τῆς
2404 3698 2646 3768 κεφαλῆς
2701 3692 3196 3767 παρακυπτούσης,
3253 3689 3341 3744 διὰ
3395 3689 3452 3743 δὲ
3506 3688 3614 3741 τῶν

2032 3793 2263 3848 δικτύων
2323 3792 2432 3844 τῶν
2462 3791 2521 3843 ἐν
2578 3790 2700 3851 ταῖς
2761 3785 2942 3855 θυρίσι
2997 3783 3134 3855 πρὸς
3189 3782 3260 3835 τὰ
3309 3781 3458 3844 ἐντὸς
3518 3777 3612 3832 τοῦ

2032 3883 2310 3956 ὀφθαλμοῦ
2339 3881 2751 3943 διακύπτοντος.
2795 3879 2859 3931 Ἡ
2887 3877 2946 3930 δέ
2975 3875 3120 3930 κατὰ
3149 3872 3441 3943 ἀναγωγὴν
3475 3870 3612 3924 θεω-

2035 3977 2126 4048 ρία
2185 3976 2286 4047 τῆς
2319 3970 2802 4046 προεξητασμένης
2825 3969 3004 4040 ἔχεται
3031 3965 3289 4028 διανοίας.
3340 3963 3477 4034 Ὁδῷ
3502 3961 3610 4034 γὰρ

2030 4070 2124 4122 κοιλ⁸
2160 4065 2452 4136 ἀκολουθίᾳ
2491 4063 2826 4134 προσοικειοῖ
2868 4059 2947 4130 τῷ
2985 4057 3103 4128 Θεῷ
3141 4057 3240 4127 τὴν
3269 4053 3614 4127 ἀνθρωπίνην

2031 4159 2194 4228 φύσιν
2223 4159 2252 4210 6
2277 4157 2459 4224 λόγος,
2492 4153 2709 4225 πρῶτον
2741 4153 2839 4224 μέν
2872 4151 3042 4221 αὐτὴν
3070 4148 3159 4202 διὰ
3185 4147 3295 4230 τῶν
3321 4146 3613 4219 προφητῶν

2036 4247 2396 4317 καταυγάζων
2429 4246 2523 4300 καὶ
2562 4244 2671 4297 τῶν
2703 4241 2941 4314 νομικῶν
2969 4238 3466 4312 παραγγελμάτων.
3503 4237 3612 4291 Οῦ-

2027 4360 2137 4406 τως
2179 4341 2289 4412 γὰρ
2337 4337 2587 4409 νοοῦμεν,
2629 4335 2849 4407 θυρίδας
2894 4334 2990 4405 μὲν
3017 4333 3143 4396 τοὺς
3172 4331 3457 4402 προφήτας
3487 4329 3612 4391 τοὺς

2027 4433 2090 4487 τὸ
2119 4432 2235 4502 φῶς
2264 4432 2583 4500 εἰσάγοντας
2609 4446 2621 4459 ·
2650 4428 2842 4482 δίκτυα
2881 4425 2938 4479 δὲ
2963 4424 3059 4496 τὴν
3087 4423 3199 4476 τῶν
3226 4422 3472 4493 νομίμων
3513 4435 3613 4473 πα-

341 4520 600 4590 splendor
620 4521 734 4576 veri
760 4521 1005 4577 luminis.
1033 4519 1167 4576 Post
1205 4522 1322 4576 haec
1352 4530 1532 4577 autem
1559 4531 1644 4578 est
1682 4523 1922 4593 perfecta

2037 4525 2430 4600 ραγγελμάτων
2456 4524 2664 4594 πλοκήν
2687 4538 2701 4554 ο
2733 4521 2801 4575 δι’
2829 4514 2903 4574 ὧν
2932 4518 3258 4591 ἀμφοτέρων
3291 4517 3330 4587 ἡ,
3350 4515 3489 4584 αὐγὴ
3515 4512 3609 4566 τοῦ

338 4613 482 4669 lucis
515 4612 868 4680 illuminatio,
911 4614 1134 4683 quando
1165 4613 1418 4682 apparuit
1451 4629 1579 4669 vera
1611 4615 1702 4668 lux
1737 4615 1807 4672 iis
1832 4619 1926 4687 qui

2037 4618 2283 4690 ἀληθινοῦ
2323 4616 2500 4688 φωτὸς
2542 4615 2636 4668 ἐπὶ
2669 4614 2736 4668 τὰ
2789 4612 2940 4675 ἐντὸς
2996 4609 3400 4682 παρεισδύεται.
3457 4607 3609 4662 Μετά

339 4705 531 4761 sedent
575 4705 630 4758 in
667 4705 908 4760 tenebris
941 4705 997 4760 et
1047 4705 1103 4759 in
1151 4705 1347 4758 umbra
1394 4704 1612 4771 mortis,
1669 4721 1766 4776 per
1795 4722 1930 4762 con-

341 4796 796 4870 temperationem
871 4810 997 4849 cum
1059 4804 1252 4850 nostra
1306 4803 1525 4851 natura.
1587 4797 1750 4854 Prius
1796 4816 1927 4872 ergo

340 4889 662 4961 splendores
691 4888 1133 4959 pr0pheticarum
1189 4890 1678 4961 intelligentiarum
1733 4893 1928 4948 animae

341 4983 746 5060 ill‘ucescentes,
791 4997 887 5051 per
917 4997 947 5034 a
987 4982 1146 5037 nobis
1195 4991 1378 5038 mente
1429 4983 1731 5040 intellectas
1780 4984 1929 5041 fene-

338 5085 484 5132 stras
542 5081 597 5130 et
636 5074 936 5140 cancellos,
987 5073 1290 5131 immittunt
1341 5073 1674 5130 desiderium
1705 5076 1927 5132 videndi

339 5165 510 5220 solem
531 5165 634 5220 sub
665 5164 778 5219 dio.
818 5164 1024 5220 Deinde
1054 5163 1135 5219 sic
1160 5161 1215 5216 id
1247 5162 1395 5234 quod
1426 5163 1770 5220 desideratur
1797 5180 1926 5235 pro-

338 5257 481 5311 cedit
515 5257 579 5310 ad
605 5256 878 5313 effectum.

407 5433 707 5492 Audiamus
725 5445 905 5492 autem
927 5451 1174 5507 quaenam
1192 5435 1326 5491 dicit
1342 5435 1596 5491 Ecclesiae
1612 5436 1658 5491 is
1675 5437 1766 5506 qui
1789 5451 1921 5491 non-

339 5522 468 5577 dum
483 5533 567 5577 est
581 5525 717 5579 intra
732 5529 1115 5598 parietem,sed
1126 5536 1232 5584 stat
1249 5543 1342 5599 per
1357 5527 1620 5582 fenestras
1637 5528 1784 5581 illam
1799 5529 1926 5581 allo-

339 5625 534 5682 quens.
555 5611 845 5680 Respondet
860 5633 1020 5684 emm,
1045 5619 1242 5687 inquit,
1259 5618 1513 5688 patruelis
1542 5634 1708 5685 meus,
1731 5627 1779 5673 et
1793 5617 1922 5674 dicit

416 5809 463 5840 ⁶²
485 5807 618 5862 Luc.
658 5823 710 5877 χ,
739 5813 824 5868 19,

2026 4710 2202 4764 ταῦτα
2256 4709 2314 4762 δὲ
2365 4711 2398 4780 ἡ
2455 4707 2637 4760 τελεία
2677 4705 2772 4758 τοῦ
2812 4703 2990 4774 φωτὸς
3045 4701 3313 4774 ἒλλαμψις
3371 4702 3606 4770 γίνεται,

2026 4806 2154 4859 ὅταν
2189 4803 2425 4872 ἐπιφανῇ
2455 4799 2517 4852 τὸ
2554 4799 2670 4869 φῶς
2695 4797 2755 4851 τὸ
2781 4796 3033 4869 ἀληθινὸν
3065 4799 3176 4859 τοῖς
3205 4796 3263 4848 ἐν
3305 4794 3483 4847 σκότει
3516 4793 3609 4846 καὶ

2030 4897 2158 4968 σκιᾷ
2185 4893 2535 4964 καθημένοις,
2560 4890 2647 4945 διὰ
2674 4891 2775 4961 τῆς
2809 4890 2945 4962 πρὸς
2970 4889 3070 4960 τὴν
3099 4889 3260 4959 φύσιν
3298 4889 3455 4960 ἡμῶν
3489 4905 3608 4940 συν-

2029 4987 2400 5058 ανακράσεως.
2454 4983 2726 5054 Πρότερον
2767 4976 2875 5048 οὖν,
2907 4981 2964 5033 αἱ
3004 4979 3168 5048 αὐγαὶ
3197 4978 3308 5032 τῶν
3345 4995 3607 5050 προφητι-

2029 5081 2140 5136 κῶν
2171 5097 2230 5134 τε
2259 5079 2352 5133 καὶ
2382 5075 2622 5148 νομικῶν
2654 5074 2939 5145 νοημάτων
2966 5072 3341 5144 ἐλλάμπουσαι
3369 5075 3434 5143 τῇ
3461 5070 3603 5141 ψυχῇ

2026 5172 2115 5227 διὰ
2161 5169 2268 5224 τῶν
2318 5167 2611 5240 νοηθεισῶν
2661 5167 2790 5237 ἡμῖν
2827 5165 3057 5234 θυρίδων
3105 5181 3166 5217 τε
3215 5164 3310 5217 καὶ
3355 5163 3602 5227 δικτύων,

2028 5262 2323 5333 ἐπιθυμίαν
2347 5256 2636 5331 ἐμποιοῦσι
2667 5257 2757 5310 τοῦ
2792 5257 2920 5310 ίδεῖν
2942 5257 3000 5308 ἐν
3031 5254 3281 5327 ὑπαίθρῳ
3312 5255 3402 5308 τὸν
3433 5255 3601 5326 ἥλιον.

2028 5351 2140 5408 Εἶθ’
2168 5353 2338 5416 οὓτως
2359 5352 2421 5405 τὸ
2451 5350 2782 5420 ποθούμενον
2819 5351 2898 5412 εἰς
2929 5347 3089 5419 ἔργον
3120 5347 3464 5419 προέρχεται.

2115 5444 2457 5515 Ἀκούσωμεν
2492 5443 2549 5496 δὲ
2577 5438 2666 5494 οἷα
2714 5440 2851 5512 πρὸς
2883 5441 2982 5512 τὴν
3039 5439 3364 5510 Ἐκκλησίαν
3394 5438 3540 5492 λαλεῐ
3576 5440 3604 5492 ὁ

2034 5539 2202 5608 μήπω
2231 5536 2381 5598 ἐντὸς
2408 5534 2502 5588 τοῦ
2524 5532 2702 5604 τοίχου
2727 5531 3017 5603 γενόμενος
3039 5573 3052 5595 ,
3084 5531 3199 5586 ἀλλ’
3230 5531 3358 5603 ἔστη
3390 5530 3476 5584 διὰ
3497 5527 3602 5581 τῶν

2032 5626 2379 5700 φωταγωγῶν
2428 5627 2565 5698 αὐτῇ
2618 5623 3153 5697 προσφθεγγόμενος⁹
3213 5622 3601 5692 Ἀποκρίνεται
