3874 6390
337 440 450 497 865

1398 438 1465 495 IN
1501 432 1802 495 CANTICA
1838 429 2107 488 CANTIC.
2162 431 2445 490 llOMILlA
2491 435 2555 489 V.

3501 431 3606 488 866

339 569 476 638 γὰρ,
501 565 689 638 φησὶν,
721 567 754 620 ό
778 563 1102 634 ἀΰελφιδός
1117 580 1265 634 μου,
1291 579 1388 618 και
1414 563 1576 631 λέγει
1591 559 1696 628 μοι
1709 573 1722 586 '
1759 554 1927 610 Ἀνά-

2034 553 2157 606 mihi
2190 570 2208 607 :
2235 553 2425 626 Surge,
2452 555 2586 618 veni,
2617 554 2909 624 propinqua
2934 568 3069 616 mea,
3093 550 3317 620 pulchra
3352 564 3486 615 mea,
3517 565 3608 602 co-

342 674 486 724 στα,
510 657 670 723 ἐλθὲ,
710 658 749 724 ἡ
784 656 1054 724 πλησίον
1077 672 1218 724 μου,
1243 653 1400 721 καλή
1435 670 1575 723 μου,
1609 643 1928 718 περιστερά

336 767 483 821 μου.
517 750 647 802 Ὀτι
680 747 810 802 ἰδοὺ
840 751 874 802 ὁ
889 747 1109 816 χειμὼν
1128 743 1456 812 παρῆλθεν,
1483 744 1516 796 ὁ
1535 740 1709 806 ὑετὸς
1726 735 1926 806 ἀπῆλ-

342 846 472 904 θεν,
493 841 784 909 ἐπορεύθη
808 837 1000 902 ἐαυτῷ
1020 875 1035 891 .
1060 837 1138 891 Τὰ
1172 837 1323 903 ἄνθη
1351 834 1518 903 ὤφθη
1557 832 1627 886 ἐν
1662 829 1735 898 τῇ
1761 827 1860 897 γῇ,
1893 828 1927 881 ό

343 934 552 1004 καιρὸς
601 931 712 1001 τῆς
751 929 940 1000 τομῆς
969 929 1210 998 ἔφθακε.
1261 925 1432 994 Φωνὴ
1476 925 1589 992 τῆς
1641 922 1927 991 τρυγόνος

341 1025 618 1092 ἠκούσθη
648 1023 719 1076 ὲν
755 1019 829 1088 τῇ
863 1018 941 1089 τῇ
966 1016 1154 1087 ἡμῶν.
1192 1017 1252 1072 Ἡ
1276 1015 1438 1084 συκῆ
1468 1013 1753 1082 ἐξήνεγκε
1781 1009 1926 1074 τοὺς

343 1117 643 1180 ὀλύνθους
673 1106 988 1179 αὐτῆς.Ἀί
1030 1109 1287 1178 ἄμπελοι
1319 1106 1488 1176 ἡμῶν
1515 1101 1922 1171 κυπρίζουσιν,

343 1205 578 1261 ἔδωκαν
610 1203 830 1274 ὀσμήν.
879 1202 968 1264 Ὠς
1002 1197 1294 1270 γλαφυρῶς
1327 1199 1460 1268 ἡμῖν
1491 1193 1796 1263 ὑπογράφει
1826 1189 1924 1261 τὴν

343 1299 442 1355 τοῦ
472 1299 632 1370 ἔαρος
660 1294 821 1366 χάριν
849 1295 878 1348 6
909 1292 1152 1361 πλάστης
1172 1289 1265 1343 τοῦ
1298 1289 1480 1359 ἔαρος,
1513 1285 1645 1356 πρὸς
1667 1285 1726 1336 ὃν
1757 1296 1922 1352 φησιν

341 1394 374 1446 ὁ
401 1389 584 1455 Δαϐὶδ,
605 1389 690 1442 ὅτι
726 1386 906 1455 Θέρος
931 1384 1030 1438 καί
1057 1385 1186 1452 ἔαρ,
1207 1381 1290 1436 σὺ
1311 1380 1585 1444 ἔπλασας
1613 1374 1782 1431 αὐτὰ·
1808 1373 1923 1426 λύει

341 1481 446 1553 τὴν
475 1479 567 1533 τοῦ
606 1477 874 1550 χειμῶνος
920 1476 1254 1545 κατήφειαν,
1286 1467 1718 1542 παρεληλυθέναι
1750 1464 1924 1532 λέγων

342 1576 447 1646 τὴν
483 1571 798 1644 χειμερινὴν
840 1565 1305 1638 σκυθρωπότητα,
1334 1564 1430 1616 καὶ
1478 1561 1578 1632 τὴν
1608 1559 1716 1611 τῶν
1753 1554 1924 1610 ὑετῶν

343 1668 559 1741 ἀηδίαν.
586 1663 874 1735 Λειμῶνας
901 1661 1140 1714 δείκνυσι
1182 1657 1444 1728 βρύοντας
1490 1648 1924 1741 καί-ὡραϊζομέ-

343 1739 474 1826 νους
510 1762 621 1821 τοῖς
658 1755 864 1812 ἄνθεσι.
896 1752 978 1806 Τά
1026 1750 1082 1803 δὲ
1111 1749 1246 1819 ἄνθη
1281 1750 1340 1803 ὲν
1378 1747 1529 1816 ἀκμῇ
1574 1739 1709 1797 εἶναι
1753 1741 1922 1809 λέγει,

345 1857 445 1912 καὶ
474 1853 609 1925 πρὸς
641 1848 813 1920 τομὴν
864 1842 1182 1917 ἐπιτηδείως
1228 1841 1392 1912 ἔχειν,
1427 1839 1504 1902 ώς
1550 1839 1608 1900 ές
1659 1833 1922 1903 στεφάνου

2027 645 2207 700 tumba
2229 663 2361 700 mea.
2397 647 2660 714 Quoniam
2718 663 2835 700 ecce
2888 645 3051 698 hiems
3107 642 3386 712 praeteriit,
3438 641 3606 694 imber

2025 735 2177 798 abiit,
2209 733 2335 791 et'se
2364 738 2576 806 recepit.
2616 734 2804 790 Flores
2831 735 2927 788 visi
2955 743 3076 788 sunt
3115 734 3167 786 in
3196 743 3358 796 terra,
3398 740 3603 799 tempus

2023 828 2313 896 putationis
2361 827 2592 884 advenit.
2648 827 2761 882 Vox
2796 828 3018 880 turturis
3055 825 3243 878 audita
3275 833 3352 877 est
3380 823 3435 876 in
3461 832 3604 876 terra

2025 927 2227 972 nostra.
2254 916 2417 972 Ficus
2447 920 2666 988 protulit
2685 935 2894 989 grossos
2917 935 3062 972 suos.
3097 915 3237 969 Vites
3257 915 3472 982 florent,
3512 913 3602 966 de-

2023 1011 2213 1065 derunt
2256 1011 2488 1066 odorem.
2533 1011 2577 1066 Ο
2620 1027 2782 1081 quam
2821 1011 3096 1082 eleganter
3134 1008 3293 1064 nobis
3341 1006 3606 1062 describit

2027 1103 2169 1157 veris
2196 1103 2570 1157 amrenitatem
2612 1103 2839 1159 Creator
2868 1101 3037 1164 veris,
3078 1098 3168 1153 cui
3209 1097 3346 1152 dicit
3386 1094 3596 1149 David:

2024 1192 2288 1248 {Estatem
2309 1203 2358 1249 et
2384 1210 2490 1260 ver,
2514 1202 2567 1246 tu
2598 1194 2798 1262 tinxisti
2825 1210 2890 1247 ea
2907 1192 2976 1246 ⁸³.
2998 1192 3170 1246 Solvit
3199 1189 3404 1245 hiemis
3429 1187 3603 1242 tristi-

2024 1286 2180 1350 tiam,
2206 1287 2396 1341 dicens
2433 1286 2720 1341 transiisse
2750 1285 3028 1339 hibernam
3051 1283 3390 1345 maestitiam,
3415 1288 3469 1336 et
3497 1280 3603 1334 im—

2024 1376 2203 1431 brium
2230 1377 2559 1432 molestiam.
2590 1375 2838 1432 Ostendit
2869 1383 3022 1445 prata
3056 1374 3321 1428 scatentia
3354 1380 3409 1426 et
3438 1371 3605 1425 deco-

2023 1477 2142 1524 rata
2168 1468 2412 1524 llorihus.
2436 1467 2624 1524 Flores
2653 1475 2835 1522 autem
2863 1465 2994 1521 dicit
3030 1481 3153 1521 esse
3188 1465 3244 1518 in
3272 1479 3372 1518 suo
3397 1465 3603 1534 vigore,

2023 1567 2078 1616 et
2100 1560 2212 1631 jam
2240 1576 2365 1616 esse
2404 1559 2758 1630 tempestivos
2789 1559 2856 1612 ad
2887 1557 3189 1628 putandum
3224 1575 3236 1611 :
3274 1555 3506 1624 perinde
3541 1567 3606 1607 ac

2023 1655 2073 1710 si
2133 1653 2354 1723 plexum
2407 1667 2624 1708 corona:
2679 1659 2772 1705 aut
2829 1649 3093 1720 unguenti
3151 1647 3604 1715 compositionem

2024 1745 2248 1799 omnino
2279 1744 2470 1798 tollant
2503 1743 2540 1797 ii
2575 1743 2666 1813 qui
2705 1743 2886 1812 legunt
2916 1741 3104 1796 ﬂores.
3141 1737 3380 1809 Tempus
3424 1743 3606 1791 autem

2024 1835 2200 1892 laetius
2230 1836 2407 1891 reddit
2445 1836 2642 1898 oratio,
2676 1834 2859 1888 avium
2889 1848 3109 1903 quoque
3133 1831 3389 1885 cantibus
3425 1829 3482 1882 in
3513 1826 3610 1882 sil-

345 1912 645 2016 πλοκηνίῆ
685 1912 871 2014 μύρων
922 1912 1264 2007 κατασκευὴν
1311 1931 1652 2004 ἀναιρεῖσθαι
1709 1928 1924 1989 πάντως

2034 1929 2108 1984 vis
2143 1928 2553 1991 resonantibus,
2614 1927 2768 1982 suavi
2795 1940 2930 1980 voce
2973 1931 3250 1978 turturum
3282 1933 3513 1978 sonante
3551 1923 3608 1976 in

343 2043 474 2104 τοὺς
510 2012 865 2105 ἀνθολόγους⁹
900 2032 1081 2103 ἡδύνει
1118 2030 1174 2082 δὲ
1207 2028 1298 2081 τὸν
1336 2024 1526 2095 καιρὸν
1555 2026 1583 2077 6
1610 2022 1789 2090 λόγος,
1829 2017 1925 2071 καὶ

2034 2018 2270 2073 auribus.
2305 2015 2496 2072 Ficum
2548 2023 2730 2071 autem
2761 2015 2898 2070 dicit
2919 2024 2973 2069 et
3005 2015 3193 2079 vitem,
3255 2028 3378 2082 quae
3425 2027 3492 2066 ex
3525 2012 3608 2066 eis

343 2102 469 2196 ταῖς
506 2129 611 2184 τῶν
640 2102 868 2200 ὀρνίθων
897 2123 1072 2200 ᾠδαῖς⁸
1104 2120 1245 2176 κατὰ
1293 2118 1362 2171 τὰ
1388 2116 1525 2184 ἄλση
1557 2109 1926 2183 περιηχούμε-

2034 2110 2220 2165 Futura:
2260 2118 2388 2165 sunt
2408 2107 2632 2163 delicias
2666 2110 2720 2161 in
2747 2106 2814 2160 iis
2835 2121 2956 2176 qua:
3006 2111 3272 2174 apparent
3320 2102 3604 2158 exordiis:

343 2195 459 2289 νον,
504 2221 606 2292 τῆς
654 2195 836 2290 ηδείας
883 2215 992 2268 τῶν
1034 2195 1313 2285 τρυγόνων
1360 2207 1544 2277 φωνῆς
1576 2206 1696 2267 ταῖς
1737 2203 1927 2292 ἀκοαῖς

2034 2202 2174 2256 illam
2226 2201 2447 2271 quidem
2505 2213 2728 2270 grossos
2768 2197 3184 2268 producentem,
3249 2195 3392 2249 hanc
3425 2205 3604 2248 autem

345 2283 749 2388 πρόσηχούσης.
780 2307 958 2378 Συκῆν
999 2283 1252 2372 δὲ-λέγει
1281 2301 1376 2355 καὶ
1403 2296 1666 2388 ἄμπελον,
1697 2293 1795 2365 τὴν
1831 2291 1925 2345 ἀπ’

2034 2290 2270 2346 edentem
2297 2289 2480 2354 ﬂores,
2518 2298 2578 2343 ut
2605 2304 2672 2343 ex
2701 2288 2844 2343 bono
2897 2287 3065 2342 odore
3113 2287 3447 2356 voluptatem
3476 2283 3609 2338 alfa-

342 2379 926 2472 adtdivnyevqcopévnv
954 2393 1184 2466 τρυφὴν,
1224 2393 1336 2451 τοῖς
1364 2386 1707 2457 φαινομένοις
1742 2398 1930 2454 προοι·

2034 2383 2124 2437 lim
2151 2383 2412 2452 percipiat
2453 2382 2737 2436 odoratus.
2778 2381 2952 2450 Atque
2990 2381 3070 2436 sic
3119 2379 3339 2449 quidem
3366 2380 3610 2435 luxuriat

347 2494 671 2569 μηιάζεσθαι·
730 2490 829 2561 τὴν
885 2488 984 2558 μὲν
1033 2486 1161 2548 τοὺς
1234 2479 1488 2543 ὀλύνθους
1555 2475 1924 2547 ἐκφέρουσαν,

2034 2483 2206 2530 oratio
2233 2475 2288 2528 in
2322 2473 2686 2530 describenda
2730 2487 2901 2528 verno
2951 2481 3218 2542 tempore,
3251 2481 3304 2527 et
3331 2472 3606 2528 tristitiam

342 2563 448 2660 τὴν
484 2585 541 2639 δὲ
564 2582 645 2655 τῷ
689 2581 842 2636 ἄνθει
885 2575 1264 2648 κυπρίζουσαν
1289 2614 1304 2639 ,
1335 2572 1411 2636 ώς
1448 2567 1803 2660 κατατρυφᾷν
1827 2565 1927 2635 τῆς

2034 2567 2319 2637 repellens,
2357 2573 2412 2620 et
2439 2565 2691 2620 lubenter
2741 2579 2967 2619 versans
3006 2563 3061 2616 in
3096 2564 3360 2633 jucundis
3415 2579 3611 2618 narra-

344 2656 577 2739 εύωδίας
614 2674 714 2745 τὴν
760 2673 1046 2742 ὄσφρησιν.
1083 2667 1240 2721 Οὕτω
1281 2665 1379 2736 μὲν
1411 2657 1502 2718 οὖν
1537 2659 1830 2731 ἁϐρύνεται
1859 2658 1925 2727 τῇ

2034 2659 2292 2714 tionibus.
2323 2656 2445 2712 Non
2499 2665 2717 2727 oportet
2744 2665 2948 2721 autem,
2989 2663 3050 2710 ut
3101 2657 3366 2721 arbitror,
3395 2657 3611 2726 cogita-

345 2769 642 2840 ὑπογραφῇ
670 2766 769 2836 τῆς
799 2762 1024 2835 ἐαρινῆς
1060 2759 1205 2831 ὧρας
1234 2760 1262 2812 6
1288 2758 1445 2825 λόγος
1468 2795 1482 2819 ,
1507 2753 1568 2807 τό
1586 2769 1645 2806 τε
1681 2749 1927 2840 σκυθρω-

2034 2751 2236 2804 tionem
2269 2762 2593 2818 permanere
2622 2747 2675 2801 in
2703 2747 2788 2801 his
2810 2747 3099 2802 luculentis
3123 2747 3607 2817 descriptionibus,

347 2862 452 2916 πὸν
473 2836 824 2919 ἀποϐάλλων,
865 2853 959 2906 καὶ
998 2852 1112 2913 τοῖς
1157 2845 1512 2916 γλυκυτέροις
1539 2836 1929 2912 ὲμφιλοχωρῶν

2034 2840 2124 2897 sed
2159 2855 2254 2910 per
2311 2854 2408 2894 cas
2434 2839 2629 2894 deduci
2666 2839 2731 2892 ad
2760 2853 2823 2892 ea
2853 2853 2973 2907 qua:
3003 2853 3098 2907 per
3138 2839 3251 2893 haec
3282 2839 3499 2908 eloquia
3537 2841 3612 2894 si-

343 2952 668 3022 διηγήμασι.
702 2944 824 3017 Χρὴ
862 2944 950 3007 δὲ,
981 2938 1168 3012 οἶμαι,
1206 2938 1281 3010 μὴ
1308 2936 1640 3007 παραμεῖναι
1682 2931 1781 3000 τὴν
1814 2929 1931 3022 διάῗ

2034 2921 2360 3005 gnificantur
2399 2932 2680 3004 mysteria,
2733 2939 2792 2985 ut
2841 2931 3119 3000 aperiatur
3181 2931 3480 2986 thesaurus
3525 2932 3614 2985 in-

343 3019 600 3113 νοιανητῇ
639 3039 750 3094 τῶν
789 3033 1084 3106 γλαφυρῶν
1115 3030 1320 3086 τούτων
1348 3026 1664 3096 ὑπογραφῇ,
1696 3022 1831 3077 ἀλλὰ
1863 3019 1930 3074 δι’

2034 3025 2475 3096 telligentiarum,
2513 3023 2608 3093 qui
2663 3021 2975 3078 occultatur
3018 3021 3075 3076 in
3122 3022 3328 3076 verbis.
3350 3021 3492 3088 Quid
3526 3029 3613 3076 est

341 3135 527 3192 αὐτῶν
556 3130 887 3204 ὁδηγηθῆναι
909 3127 1047 3198 πρὸς
1079 3122 1148 3178 τά
1168 3120 1469 3193 δηλούμενα
1495 3118 1583 3172 διὰ
1606 3116 1712 3169 τῶν
1736 3114 1930 3182 λογίων

2034 3133 2163 3188 ergo
2193 3118 2337 3188 quod
2383 3115 2658 3170 dicimus?
2699 3115 2924 3185 Frigore
2953 3113 3275 3170 idololatria!
3317 3116 3614 3186 aliquando

341 3228 551 3284 τούτων
583 3224 878 3297 μυστήρια,
903 3218 1046 3272 ὥστε
1068 3211 1514 3282 ἀνακαλυφθῆναι
1541 3208 1631 3262 τὸν
1658 3204 1929 3278 θησαυρὸν

2034 3216 2386 3265 concreverat
2416 3223 2586 3277 genus
2634 3207 2957 3270 humanum,
2992 3206 3177 3260 mobili
3204 3207 3484 3261 hominum
3513 3221 3616 3261 na-

341 3321 458 3376 τῶν
480 3316 792 3388 νοημάτων,
844 3311 936 3365 τὸν
970 3304 1424 3378 ἐγκεκρυμμένον
1461 3303 1573 3364 τοῖς
1605 3299 1836 3371 ῥήμασι.
1865 3297 1930 3349 Τί

2034 3310 2155 3356 tura
2184 3315 2449 3356 conversa
2483 3299 2549 3354 ad
2585 3300 2791 3354 cultum
2825 3315 3008 3355 rerum
3032 3298 3417 3354 immobilium.
3451 3297 3615 3354 Simi-

343 3412 444 3473 οὗν
471 3417 618 3469 ἐστιν
655 3413 684 3466 ὃ
717 3423 930 3478 φαμεν;
963 3404 1209 3472 Πεπὴγει
1254 3398 1386 3452 ποτὲ
1414 3396 1494 3468 τῷ
1525 3396 1622 3466 τῆς
1653 3390 1932 3446 εἰδωλολα-

2034 3395 2102 3449 les
2135 3394 2304 3458 enim,
2339 3393 2541 3462 inquit,
2571 3392 2728 3461 ﬁant,
2766 3393 2855 3460 qui
2878 3391 3080 3460 faciunt
3108 3391 3495 3456 illa,etomnes
3524 3391 3615 3459 qui

343 3507 534 3581 τρείας
569 3499 765 3576 κρυμῷ
802 3498 862 3552 τὺ
889 3494 1247 3567 ἀνθρώπινον,
1277 3490 1376 3560 τῆς
1409 3488 1690 3558 εὐκινήτου
1717 3484 1931 3554 φύσεως

343 3575 464 3653 τιῦν
504 3575 807 3666 ἀνθρώπων
833 3589 971 3660 πρὸς
1010 3585 1110 3656 τὴν
1135 3582 1243 3637 τῶν
1271 3580 1543 3650 ἀκινήτων
1574 3575 1931 3646 σεϐασμάτων

348 3690 514 3760 φύσιν
541 3664 990 3759 μεταϐληθείσης.
1007 3677 1236 3745 ’Ὅμοιοι
1252 3672 1384 3743 γὰρ,
1407 3669 1560 3740 φησὶ,
1583 3667 1864 3760 γένοιντο.
1879 3664 1932 3760 oi

349 3755 667 3843 ποιοῦντες
706 3771 860 3828 αὐτὰ
880 3811 894 3837 ,
948 3767 1050 3823 καὶ
1091 3765 1315 3830 πάντες
1364 3765 1417 3817 οι
1459 3761 1808 3822 πεποιθότες
1840 3755 1932 3809 ἐπ’

348 3869 581 3936 αὐτοῖς.
616 3865 728 3919 Καὶ
754 3863 815 3916 τὸ
854 3859 1000 3924 εἰκὸς
1029 3859 1087 3913 ἐν
1125 3857 1238 3918 τοῖς
1264 3851 1576 3923 γενομένοις
1600 3845 1690 3921 ἦν.
1723 3849 1934 3918 ’Ὠσπερ

350 3963 465 4033 γάρ
511 3961 559 4012 οἰ
606 3957 705 4028 τὴν
766 3949 1027 4024 ἀληθινὴν
1065 3942 1306 4016 Θεότητα
1342 3942 1662 4013 βλέποντες,
1693 3939 1778 4008 ἐφ’
1811 3939 1936 3990 ἐαυ-

346 4030 462 4108 τῶν
499 4051 742 4120 δέχονται
777 4045 848 4099 τὰ
874 4044 973 4114 τῆς
997 4039 1146 4102 θείας
1185 4037 1399 4107 φύσεως
1427 4033 1719 4104 ἰδιώματα·
1764 4030 1936 4094 οὕτως

350 4148 382 4200 6
413 4147 483 4215 τῇ
514 4139 836 4213 ματαιότητι
857 4135 967 4190 τῶν
997 4131 1230 4186 εἰδώλων
1257 4126 1628 4200 προσανέχων,
1656 4140 1938 4196 μετεστοι-

353 4253 418 4307 χε
428 4213 570 4288 idem
594 4231 732 4302 πρὸς
754 4229 814 4282 τὸ
840 4225 1189 4299 βλεπόμενον,
1215 4219 1360 4282 λίθος
1385 4218 1445 4284 ἐξ
1469 4216 1757 4288 ἀνθρώπου
1793 4213 1938 4307 γινό-

356 4304 540 4398 μενος.
603 4319 822 4391 Ἐπειδὴ
870 4317 1048 4372 τοίνυν
1091 4311 1490 4368 ἀπολιθωθεῖσα
1537 4307 1630 4362 διὰ
1680 4310 1780 4377 τῆς
1826 4304 1936 4358 τῶν

351 4397 590 4472 εἰδώλων
614 4413 872 4484 λατρείας
895 4450 911 4477 ,
945 4407 1202 4477 ἀκίνητος
1239 4399 1307 4475 ἧν
1336 4403 1474 4473 πρὸς
1513 4401 1575 4455 τὸ
1621 4401 1869 4471 κρεῖττον
1902 4397 1936 4468 ἡ

352 4503 551 4574 φύσις,
605 4501 886 4570 πεπηγυῖα
931 4495 1010 4566 τῷ
1060 4495 1161 4566 τῆς
1208 4489 1650 4561 εἰδωλολατρείας
1703 4485 1936 4560 κρυμῷ,

2030 3489 2300 3555 conﬁdunt
2336 3488 2390 3539 in
2432 3486 2507 3539 eis
2540 3486 2606 3538 ⁸⁸.
2668 3483 3110 3539 Consentaneum
3142 3492 3327 3539 autem
3354 3496 3471 3538 erat
3500 3482 3615 3536 haec

2031 3579 2103 3633 ita
2135 3576 2273 3632 ﬁeri.
2304 3574 2590 3641 Quomodo
2628 3575 2776 3628 enim
2827 3575 2918 3643 qui
2947 3587 3130 3628 veram
3167 3571 3616 3642 aspiciuntDivi-

2030 3671 2296 3735 nitatem,
2348 3669 2404 3722 in
2450 3683 2510 3722 se
2553 3666 2828 3735 accipiunt
2874 3665 3073 3719 divinae
3127 3674 3338 3718 natura:
3373 3665 3620 3733 pr0prie-

2033 3768 2176 3813 tates
2213 3777 2226 3813 :
2290 3758 2366 3812 ita
2392 3757 2484 3826 qui
2524 3755 2947 3810 simulacrorum
2993 3753 3312 3807 attendebat
3361 3753 3616 3816 vanitati,

2033 3847 2530 3904 transformabatur
2586 3846 2644 3900 in
2705 3845 2758 3900 id
2810 3843 2957 3914 quod
3011 3844 3418 3914 aspiciebatur,
3477 3845 3619 3915 lapis

2031 3940 2213 3994 factus
2252 3954 2318 3994 ex
2356 3937 2592 3992 homine.
2632 3935 2903 4002 Quoniam
2945 3951 3076 4006 ergo
3107 3950 3230 4005 qua:
3260 3949 3357 4004 per
3398 3936 3612 3990 cultum

2035 4031 2304 4087 idolorum
2363 4028 2690 4100 lapiduerat,
2723 4028 2790 4082 ad
2844 4028 2898 4083 id
2948 4027 3099 4098 quod
3147 4035 3232 4083 est
3263 4027 3458 4082 melius
3495 4036 3618 4082 erat

2035 4122 2334 4178 immobilis
2385 4131 2605 4184 natura,
2660 4127 2916 4175 concreta
2964 4119 3168 4190 frigore
3211 4119 3538 4175 idololatria:
3602 4138 3619 4175 :

2036 4229 2100 4269 ea
2135 4214 2203 4269 de
2225 4229 2395 4269 causa
2429 4218 2654 4283 propter
2683 4225 2929 4280 asperam
2983 4211 3126 4266 hanc
3175 4210 3410 4266 hiemem
3448 4210 3622 4266 oritur

2037 4306 2120 4361 sol
2137 4305 2387 4376 iustitiae,
2418 4312 2472 4359 et
2495 4319 2589 4358 ver
2612 4301 2793 4367 ellicit,
2813 4301 3116 4358 meridiano
3145 4312 3311 4357 vento
3333 4303 3477 4358 hanc
3508 4304 3624 4359 sol-

2037 4407 2200 4454 vente
2235 4397 2490 4466 glaciem.
2545 4394 2706 4451 simul
2735 4409 2862 4448 cum
2909 4401 3032 4447 ortu
3079 4393 3360 4448 radiorum
3405 4393 3624 4450 fovente

2041 4487 2310 4561 quidquid
2333 4497 2419 4544 est
2445 4487 2778 4555 subjectum,
2808 4493 2868 4540 ut
2911 4485 3107 4554 spiritu
3136 4485 3508 4542 excalel‘actus
3527 4487 3623 4558 qui

352 4594 549 4650 τούτου
579 4591 740 4663 χάριν
776 4586 1127 4644 ὲπανατέλλει
1156 4582 1233 4654 τῷ
1255 4580 1479 4654 χαλεπῷ
1503 4579 1677 4650 τούτῳ
1707 4576 1933 4650 χειμῶνι

2040 4596 2136 4652 per
2183 4581 2306 4649 gelu
2374 4579 2538 4632 homo
2567 4575 2873 4646 lapiduerat
2895 4613 2912 4639 ,
2948 4584 3002 4630 et
3041 4575 3186 4631 fotus
3222 4577 3377 4630 radio
3412 4576 3579 4633 Verbi
3605 4619 3623 4639 ,

353 4689 386 4740 6
427 4683 526 4754 τῆς
556 4677 901 4748 δικαιοσύνης
928 4675 1100 4747 ¹ἣλιος,
1128 4673 1223 4726 καί
1246 4672 1347 4742 ἔαρ
1373 4673 1548 4735 ποιεῖ,
1580 4667 1676 4722 τοῦ
1719 4684 1936 4740 μεσημ-

357 4774 546 4848 6ρινοῦ
557 4771 901 4843 πνεύματος,
924 4767 1018 4822 τοῦ
1035 4766 1135 4837 τὴν
1156 4764 1408 4834 τοιαύτην
1423 4761 1731 4825 διαλύοντος
1753 4757 1936 4831 πῆξιν,

357 4869 480 4938 ἅμα
508 4868 574 4937 τῇ
606 4860 836 4933 ἀνατολῇ
869 4859 977 4914 τῶν
1015 4857 1248 4913 ἀκτίνων
1279 4854 1668 4916 ὲπιθάλποντος
1697 4853 1844 4906 ἅπαν
1878 4851 1940 4905 τὸ

359 4957 757 5026 ὑποκείμενονο
794 4953 880 5005 ἵνα
911 4945 1324 5020 διαθερμανθείς
1363 4943 1440 5014 τῷ
1477 4945 1746 5015 πνεύματι
1785 4943 1813 4996 6
1855 4940 1944 4996 διά

356 5049 459 5105 τοῦ
493 5046 692 5117 κρύους
726 5041 1080 5103 άπολιθωθείς
1108 5038 1426 5111 ἄνθρωπος,
1458 5036 1551 5090 καί
1579 5035 1944 5105 ὑποθαλφθείς

358 5141 434 5209 τῇ
459 5140 639 5194 ἀκτῖνι
663 5135 758 5190 τοῦ
793 5135 968 5203 Λόγου
994 5173 1008 5198 ,
1038 5131 1200 5186 πάλιν
1228 5130 1454 5201 γένηται
1474 5129 1618 5200 ὕδωρ
1650 5129 1945 5199 ἀλλόμενον

362 5235 448 5295 εἰς
480 5231 624 5300 ζωὴν
656 5227 892 5283 αἰώνιον.
934 5225 1193 5281 Πνεύσει
1226 5223 1337 5295 γὰρ
1358 5263 1372 5288 ,
1405 5222 1573 5292 φησὶ,
1601 5221 1669 5275 τὸ
1710 5218 1947 5288 πνεῦμα

362 5323 576 5386 αὐτοῦ,
607 5321 704 5375 καὶ
723 5318 1019 5388 ρυήσεται
1039 5316 1228 5371 ὕδατα
1266 5313 1680 5384 στρεφομένης
1713 5311 1824 5381 τῆς
1844 5310 1948 5364 πέ-

363 5431 512 5484 τρας
541 5415 628 5479 εἰς
665 5411 886 5481 λίμνας
913 5409 1176 5472 ὑδάτων,
1212 5407 1314 5462 καί
1336 5405 1448 5475 τῆς
1490 5405 1825 5475 ἀκροτόμου
1863 5403 1949 5468 εἰς

367 5507 568 5574 πηγὰς
595 5501 851 5559 ὑδάτων.
887 5501 1061 5572 Ὅπερ
1105 5499 1436 5570 γυμνότερον
1479 5498 1618 5570 πρὸς
1653 5497 1779 5559 τοὺς
1821 5496 1950 5548 Ἰου-

2042 4688 2238 4729 rursus
2269 4671 2363 4726 ﬁat
2389 4685 2532 4741 aqua
2558 4669 2762 4724 saliens
2795 4669 2852 4722 in
2872 4668 3037 4722 vitam
3058 4677 3318 4724 aeternam
3337 4671 3405 4725 ⁸⁸.
3444 4670 3627 4724 Flabit

2036 4764 2184 4821 enim
2218 4763 2435 4831 spiritus
2476 4759 2613 4828 ejus,
2658 4758 2858 4829 inquit,
2898 4764 2948 4812 et
2995 4757 3161 4826 ﬂuent
3203 4773 3355 4827 aqua:
3395 4759 3463 4824 ⁸⁸,
3499 4774 3628 4811 con-

2037 4870 2188 4910 versa
2232 4864 2381 4921 petra
2431 4851 2487 4905 in
2528 4849 2677 4931 {acus
2727 4866 3012 4920 aquarum,
3063 4859 3112 4906 et
3156 4867 3283 4919 rupe
3335 4853 3389 4905 in
3445 4848 3617 4921 fontes

2041 4961 2303 5016 aquarum
2335 4941 2594 5009 ".~Quod
2624 4942 2846 5012 quidem
2874 4945 3121 5020 apertius
3149 4941 3623 5013 Judaeis‘Baptista

2052 5038 2326 5104 clamavit,
2347 5038 2557 5100 dicens,
2585 5036 2794 5106 lapides
2809 5051 2930 5092 esse
2950 5025 3326 5099 suscitandos.
3351 5042 3410 5091 ut
3437 5035 3631 5090 ﬁerent

2052 5132 2148 5189 lilii
2205 5129 2527 5202 patriarcha:
2563 5127 2794 5182 Abrahae
2829 5127 2875 5160 ⁸⁸
2906 5127 2956 5182 ei
2993 5126 3282 5182 assimilati
3323 5141 3421 5195 per
3452 5125 3632 5180 virtu-

2051 5232 2184 5281 tem.
2229 5222 2356 5277 Haac
2403 5237 2534 5292 ergo
2575 5237 2605 5276 a
2633 5219 2815 5276 Verbo
2843 5218 2992 5274 audit
3025 5216 3268 5273 Ecclesia
3291 5257 3306 5281 ,
3351 5232 3449 5287 per
3480 5216 3632 5272 fene-

2055 5321 2200 5370 stras
2258 5311 2606 5383 propheticas
2649 5318 2706 5366 et
2760 5311 2962 5381 legales
3023 5307 3296 5363 cancellos
3353 5309 3634 5378 accipiens

2057 5405 2401 5477 splendorem
2463 5403 2712 5458 veritatis
2752 5420 2766 5457 :
2816 5415 2939 5456 cum
2999 5398 3330 5453 consisteret
3369 5398 3634 5453 doctrinae

2056 5496 2240 5566 paries
2275 5495 2524 5566 typicus,
2574 5493 2700 5556 lex,
2764 5491 3020 5561 inquam,
3078 5503 3201 5558 quae
3244 5487 3480 5544 faciebat
3511 5505 3637 5544 um-

365 5596 553 5659 δαίους
593 5596 623 5648 6
668 5593 976 5656 Bamwchc
1025 5591 1316 5662 ἀνεϐόησε,
1375 5589 1550 5659 λέγων
1595 5589 1722 5652 τοὺς
1771 5586 1933 5650 λίθους

2057 5589 2209 5644 bram
2241 5587 2550 5643 futurorum
2599 5585 2890 5648 bonorum,
2934 5596 3044 5638 non
3084 5591 3266 5636 autem
3306 5581 3637 5636 ostendebat

447 5787 493 5817 "
534 5794 680 5848 Psal.
716 5807 911 5858 Lxxui,
961 5792 1046 5846 l7.
1152 5791 1199 5824 ⁸⁵
1237 5789 1383 5848 Psal.
1420 5804 1582 5858 cxln,
1638 5788 1690 5844 8.

379 5864 428 5898 ⁸⁸
463 5863 659 5921 Matth.
703 5877 786 5928 ιιι,
821 5862 878 5918 9.

1793 5787 1839 5821 "
1878 5786 2036 5842 Joan.
2085 5803 2159 5857 Iv,
2203 5789 2289 5843 14.

2387 5786 2433 5818 ⁸⁸
2470 5785 2614 5842 Psal.
2659 5798 2862 5849 cum,
2917 5782 3006 5838 l8.

3110 5782 3154 5816 "
3195 5777 3338 5838 Psal.
3393 5792 3551 5844 cxm,
3582 5774 3636 5831 8.
3731 5787 3734 5789 λ
