3874 6400
293 441 402 496 867
1545 444 1602 501 S.
1645 445 1981 506 GREGORII
2021 447 2320 506 NYSSENI
3454 451 3572 506 868

292 557 470 626 ipsam
507 571 689 612 rerum
718 555 1032 627 imaginem,
1081 565 1206 627 post
1235 573 1402 630 quam
1453 563 1634 618 stabat
1673 565 1874 619 veritas

1982 565 2206 629 τούτους
2237 564 2584 637 ἐγείρεσθαι,
2625 565 2706 628 είς
2738 565 2800 618 τὸ
2828 565 3082 633 γενέσθαι
3117 565 3286 622 τέκνα
3319 565 3412 620 τοῦ
3447 568 3560 621 Πα-

292 651 505 706 liaereus
541 650 746 720 figurae,
781 649 1021 720 primum
1048 651 1270 719 quidem
1297 669 1394 723 per
1422 657 1714 724 prophetas
1748 654 1874 710 Ver-

1978 659 2257 730 τριάρχου,
2277 657 2343 710 δι’
2367 657 2569 727 ἀρετῆς
2591 658 2941 728 όμοιούμενα.
2969 657 3154 710 Ταῦτα
3173 657 3349 710 τοίνυν
3373 657 3574 711 ἀκούει

291 743 422 797 bum
449 743 733 796 illustrans
754 740 1011 796 Ecclesia:
1031 759 1044 796 :
1062 753 1250 812 postea
1267 754 1450 800 autem
1474 747 1748 820 Evangelii
1775 765 1874 804 ma-

1979 748 2074 801 τοῦ
2107 749 2281 816 Λόγου
2325 749 2358 818 ἠ
2405 747 2723 817 Ἐκκλησία,
2759 747 2848 800 διὰ
2879 748 2986 800 τῶν
3027 747 3376 818 προφητικῶν
3409 747 3575 819 θυρί-

290 835 646 890 nifestatione
667 843 1029 892 consumente
1061 853 1278 894 omnem
1305 841 1670 896 umbraticam
1695 842 1874 911 figurae

1982 841 2088 894 δων
2133 839 2369 892 καὶτῶν
2423 839 2664 909 νομικῶν
2709 839 2945 892 δικτύων
3005 839 3269 910 δεχομένη
3312 841 3410 910 τὴν
3461 840 3576 910 τῆς

289 927 684 996 visionem,per
701 943 860 997 quam
885 929 1187 984 destruitur
1200 933 1419 1001 quidem
1437 935 1617 1004 paries
1636 938 1874 992 interme

1985 933 2241 1003 ἀληθείας
2274 934 2468 1004 αὐγὴν,
2498 933 2577 985 ἔτι
2608 931 2938 995 συνεστῶτος
2963 932 3057 984 τοῦ
3099 932 3330 985 τυπικοῦ
3361 933 3463 1002 τῆς
3486 933 3574 986 διο

287 1019 434 1083 dius,
455 1020 811 1088 conjungitur
829 1030 1010 1078 autem
1027 1024 1118 1094 qui
1136 1033 1220 1079 est
1240 1027 1293 1080 in
1307 1025 1470 1080 domo
1485 1041 1578 1081 aer
1592 1028 1699 1083 luci
1718 1030 1874 1086 aethe-

1987 1023 2284 1085 δασκαλίας
2317 1023 2522 1092 τοίχου,
2565 1021 2659 1075 τοῦ
2705 1022 2872 1092 νόμου
2911 1021 3087 1089 λέγω,
3133 1023 3229 1075 τοῦ
3271 1022 3369 1093 τὴν
3403 1023 3574 1076 σκιάν

291 1127 417 1172 reae,
452 1112 588 1166 adeo
623 1120 684 1166 ut
718 1129 827 1167 non
859 1116 1096 1184 amplius
1127 1133 1265 1187 opus
1292 1118 1508 1185 habeat,
1551 1128 1610 1173 ut
1646 1121 1698 1176 ei
1759 1121 1874 1174 illu-

1985 1115 2265 1178 ποιοῦντος
2299 1114 2408 1167 τῶν
2429 1115 2729 1185 μελλόντων
2763 1115 3007 1184 ἀγαθῶν,
3037 1115 3136 1168 οὐκ
3175 1116 3342 1187 αὐτὴν
3367 1119 3470 1188 τὴν
3497 1120 3575 1170 εί-

285 1210 472 1256 cescat
501 1218 597 1271 per
627 1202 922 1268 fenestras,
961 1221 1086 1260 cum
1125 1207 1240 1276 ipsa
1267 1208 1358 1261 lux
1389 1223 1517 1263 vera
1553 1223 1650 1278 per
1688 1210 1874 1266 radios

1984 1207 2117 1260 κόνα
2149 1205 2257 1258 τῶν
2289 1206 2636 1276 πραγμάτων
2679 1205 3034 1271 δεικνύοντος,
3068 1201 3128 1259 οὗ
3157 1206 3381 1259 κατόπιν
3413 1207 3574 1260 ἵστα-

287 1295 639 1365 cvangelicos
669 1297 855 1350 omnia
896 1314 1018 1368 qua:
1050 1307 1180 1353 sunt
1233 1300 1523 1356 illuminet.
1581 1300 1874 1371 Propterea

1978 1317 2068 1352 ται
2103 1300 2136 1368 ἡ
2176 1296 2402 1368 ἀλήθεια
2441 1297 2676 1368 ἐχομένη
2713 1295 2807 1349 τοῦ
2840 1295 3043 1348 τύπουο
3093 1295 3306 1366 πρῶτον
3341 1296 3438 1366 μὲν
3477 1297 3572 1350 διὰ

292 1385 528 1441 Verbum
591 1388 792 1441 clamat
842 1390 1102 1444 Ecclesiae
1160 1406 1257 1460 per
1309 1390 1599 1455 fenestras,
1651 1391 1869 1462 erigens

1977 1389 2084 1443 τῶν
2103 1389 2397 1462 προφητῶν
2418 1388 2793 1456 ὲναυγάζουσα
2815 1391 2880 1458 τῇ
2923 1387 3219 1458 Ἐκκλησία
3243 1388 3332 1440 τὸν
3359 1387 3536 1454 Λόγον
3552 1404 3567 1416 ·

287 1475 479 1540 elisos,
512 1483 566 1531 et
598 1477 791 1533 dicens
823 1497 834 1532 :
875 1478 1052 1550 Surge
1092 1495 1213 1548 quae
1247 1481 1398 1550 lapsa
1434 1495 1493 1535 es
1553 1480 1610 1534 in
1658 1480 1871 1536 lubrico

1981 1483 2118 1554 μετὰ
2151 1481 2325 1535 ταῦτα
2368 1482 2425 1536 δὲ
2463 1484 2528 1553 τῇ
2581 1480 2888 1552 φανερώσει
2936 1479 3031 1532 τοῦ
3092 1481 3417 1547 Εύαγγελίου
3456 1480 3571 1532 πᾶς

289 1569 501 1636 peccati
539 1584 725 1632 caano,
763 1585 886 1638 quae
914 1585 943 1624 a
999 1578 1251 1641 serpente
1293 1570 1446 1626 fuisti
1494 1571 1775 1640 impedita,
1819 1581 1874 1626 et

1981 1593 2078 1628 σαν
2104 1575 2198 1628 τοῦ
2215 1575 2386 1628 τύπου
2409 1574 2507 1646 τὴν
2525 1573 2762 1642 σκιοειδῆ
2793 1572 3092 1640 φαντασίαν
3113 1571 3566 1639 ἐξαναλίσκουσα,

289 1659 538 1714 cecidisti
574 1659 630 1714 in
661 1669 896 1727 terram,
929 1670 982 1716 et
1007 1661 1160 1718 fuisti
1195 1662 1250 1716 in
1277 1663 1429 1732 lapsu
1469 1661 1872 1729 inobedientize,

1977 1666 2043 1718 δι’
2073 1661 2141 1736 ἧς
2175 1664 2521 1736 καθαιρεῖται
2573 1665 2669 1734 μὲν
2715 1662 2777 1715 τὸ
2833 1661 3178 1731 μεσότοιχονο
3233 1663 3570 1717 συνάπτεται

289 1765 475 1820 surge.
705 1754 712 1758 ’
1983 1755 2039 1808 δὲ
2066 1758 2095 1808 ὁ
2132 1758 2189 1809 ὲν
2235 1755 2314 1826 τῷ
2347 1755 2479 1825 οἴκῳ
2505 1755 2613 1826 ἀὴρ
2643 1754 2778 1825 πρὸς
2805 1753 2866 1805 τὸ
2898 1752 3139 1824 αἰθέριον
3168 1754 3285 1822 φῶς
3307 1793 3320 1816 ,
3347 1754 3420 1817 ώς
3457 1771 3570 1825 μη-

290 1841 412 1894 κέτι
453 1843 542 1896 διὰ
579 1842 687 1896 τῶν
721 1843 955 1915 θυρίδων
993 1845 1184 1917 χρείαν
1259 1845 1403 1916 ἔχειν
1469 1847 1962 1918 περιαυγάζεσθαι,
2003 1849 2169 1902 αὑτοῦ
2197 1849 2292 1902 τοῦ
2327 1848 2582 1917 ἀληθινοῦ
2614 1848 2788 1917 φωτὸς
2811 1847 2900 1900 διὰ
2938 1845 3047 1900 τῶν
3070 1839 3435 1916 εὐαγγελικῶν
3470 1849 3570 1901 ἀκ-

285 1935 449 1989 τίνων
531 1938 601 1990 τὰ
647 1936 795 1991 ἔνδον
852 1938 1029 1992 πάντα
1065 1940 1560 2008 καταφωτίζοντος.
1607 1940 1707 1993 Διά
1783 1941 1944 1994 τοῦτο
1983 1942 2158 2012 ἐμϐοᾷ
2180 1943 2268 1996 διὰ
2294 1942 2402 1994 τῶν
2431 1940 2783 2011 φωταγωγῶν
2807 1942 2872 2010 τῇ
2919 1940 3214 2011 Ἐκκλησία
3241 1943 3268 1993 ὁ
3295 1941 3466 2008 Λόγος
3491 1979 3509 2005 ,
3537 1937 3568 1988 ό

286 2029 528 2102 ἀνορθῶν
559 2031 685 2094 τοὺς
716 2032 1217 2106 κατερῤαγμένους,
1291 2033 1467 2103 λέγων
1490 2051 1504 2066 ·
1558 2037 1870 2108 Ἀνάστηθι,
1902 2037 2105 2108 δηλαδὴ
2133 2039 2198 2090 ὲκ
2232 2037 2328 2090 τοῦ
2359 2035 2682 2108 πτώματος,
2715 2037 2748 2106 ὴ
2777 2035 2855 2104 τῷ
2893 2034 3103 2106 αἰσχρῷ
3158 2035 3258 2104 τῆς
3289 2035 3567 2106 ἁμαρτίας

287 2120 679 2191 ἐνολισθήσασα
703 2161 718 2185 ,
762 2123 794 2191 ή
827 2124 1257 2193 συμποδισθεῖσα
1294 2125 1382 2180 διὰ
1411 2126 1506 2179 τοῦ
1537 2127 1748 2198 ὄφεως,
1779 2129 1875 2183 καὶ
1913 2131 1992 2193 είς
2031 2129 2135 2201 γῆν
2163 2129 2426 2194 πεσοῦσα,
2462 2129 2558 2182 καὶ
2590 2130 2650 2181 ὲν
2682 2127 2761 2197 τῷ
2787 2126 3057 2197 πτώματι.
3111 2127 3212 2198 τῆς
3276 2128 3571 2198 παρακοῆς

285 2215 578 2286 γενομένη,
609 2216 841 2272 ἀνάστα.

356 2396 476 2451 Non
503 2407 684 2452 autem
723 2398 819 2452 tibi
871 2398 1093 2465 sufﬁcit,
1144 2403 1345 2476 inquit,
1384 2421 1415 2460 a
1474 2407 1633 2480 lapsu
1691 2411 1869 2465 solum

2051 2404 2167 2458 Οὐκ
2214 2403 2376 2473 ἀρκεῖ
2405 2401 2462 2455 δέ
2507 2419 2589 2455 σοι
2619 2400 2680 2454 τὸ
2711 2400 3103 2472 ἀνορθωθῆναι,
3139 2401 3324 2470 φησιν,
3374 2401 3436 2453 ὲκ
3465 2403 3566 2456 τοῦ

285 2492 460 2562 erigi,
494 2490 592 2547 sed
639 2491 803 2547 etiam
851 2494 1184 2565 progredere
1232 2513 1331 2566 per
1373 2500 1641 2556 virtutum
1693 2503 1874 2575 profe-

1979 2495 2288 2566 πτώματος.
2334 2494 2470 2548 ἀλλά
2497 2496 2590 2547 καὶ
2623 2493 2888 2582 πρόσελθε
2921 2494 3010 2546 διὰ
3055 2496 3154 2564 τῆς
3197 2494 3304 2546 τῶν
3342 2494 3566 2562 ἀγαθῶν

285 2592 461 2647 ctum,
501 2598 728 2639 cursum
771 2600 1041 2656 peragens
1073 2587 1129 2642 iu
1180 2588 1404 2646 virtute.
1446 2591 1603 2658 Quod
1652 2596 1873 2664 quidem

1978 2587 2281 2658 προκοπῆς,
2318 2587 2410 2640 τὸν
2436 2589 2492 2640 ὲν
2523 2587 2688 2658 ἀρετῇ
2727 2584 3018 2664 διανύουσα
3043 2584 3262 2656 δρόμον.
3294 2585 3472 2656 ’Ὀπερ
3497 2585 3562 2657 δὴ

285 2676 588 2733 didicimus
615 2676 673 2732 in
718 2677 1047 2749 paralytico.
1104 2679 1227 2735 Non
1282 2683 1462 2737 solum
1513 2685 1659 2739 enim
1713 2686 1876 2742 efﬁcit

283 2766 522 2823 Verbum
565 2780 625 2823 ut
695 2771 855 2825 tollat
883 2786 1024 2828 onus
1048 2773 1183 2827 illud
1205 2773 1355 2838 lecti,
1377 2774 1472 2830 sed
1496 2778 1661 2830 etiam
1694 2777 1874 2848 ipsum

281 2859 441 2932 jubet
477 2863 765 2918 ambulare
784 2864 852 2918 ".
893 2863 1014 2931 Quo
1069 2865 1202 2919 mihi
1263 2865 1485 2921 videtur
1539 2868 1826 2939 Scriptura
1854 2908 1870 2934 ,

286 2969 386 3024 per
413 2953 756 3009 transeuntis
789 2961 1019 3022 motum,
1067 2957 1383 3026 significare
1435 2974 1787 3030 progressum
1819 2970 1874 3016 et

285 3053 643 3113 augmentum
674 3045 729 3098 in
766 3047 914 3100 bono
936 3047 1004 3100 °°.
1043 3047 1230 3118 Surge,
1266 3051 1468 3119 inquit,
1490 3061 1538 3106 et
1563 3055 1696 3107 veni.
1719 3052 1764 3109 Ο
1791 3055 1874 3110 vis

281 3134 478 3206 jussus
522 3145 576 3191 et
615 3136 830 3206 imperii
862 3135 940 3189 9'!
976 3137 1074 3192 Est
1119 3155 1311 3195 revera
1347 3156 1453 3195 vox
1497 3143 1718 3198 virtutis
1768 3159 1874 3200 vox

287 3225 408 3292 Dei,
441 3233 502 3281 ut
531 3227 710 3296 inquit
731 3226 1022 3282 Psalmista
1049 3247 1063 3281 τ
1090 3229 1358 3295 Quoniam
1377 3247 1499 3286 ecce
1526 3233 1678 3287 dabit
1700 3251 1874 3288 vocent

286 3336 464 3384 suam,
494 3333 668 3374 vocem
704 3319 914 3373 virtutis
940 3335 971 3373 :.
995 3329 1073 3383 et,
1113 3320 1235 3390 Ipse
1284 3323 1422 3377 dixit
1448 3332 1498 3379 et
1539 3325 1688 3394 facta
1729 3337 1872 3393 sunt,

288 3415 399 3481 ipse
427 3413 704 3466 mandavit
751 3421 801 3468 et
841 3422 1026 3467 creata
1046 3424 1192 3468 sunt.
1254 3417 1396 3471 Ecce
1446 3432 1598 3472 nunc
1653 3432 1875 3489 quoque

289 3504 432 3560 dixit
457 3504 705 3575 jacenti:
739 3504 908 3576 Surge
936 3515 986 3559 et
1019 3507 1176 3559 veni:
1212 3514 1264 3561 et
1296 3506 1484 3562 statim
1516 3508 1585 3563 ad
1607 3522 1746 3578 opus
1779 3508 1875 3563 de-

287 3595 512 3649 ducitur
537 3595 684 3664 quod
712 3595 956 3663 jubetur.
978 3594 1111 3649 Nam
1147 3595 1312 3651 simul
1333 3605 1499 3668 atque
1522 3599 1735 3668 accepit
1762 3598 1874 3653 vim

290 3684 479 3748 Verbi,
513 3692 625 3740 stat
657 3694 713 3740 et
743 3685 980 3748 assistit,
1013 3696 1067 3740 et
1100 3687 1167 3740 ad
1207 3687 1390 3742 lumen
1441 3702 1613 3758 prope
1639 3687 1872 3751 accedit,

1977 2655 2072 2735 καὶ
2117 2655 2229 2732 ὲπὶή
2263 2679 2357 2732 τοῦ
2419 2655 2793 2750 παραλυτικοῦ
2848 2655 3272 2748 μεμαθήκαμεν.
3325 2676 3403 2732 Οὐ
3445 2655 3562 2749 γὰρ
3671 2708 3676 2710 -

1975 2775 2277 2845 διανίστησι
2340 2774 2499 2843 μόνον
2566 2775 2595 2826 ό
2647 2772 2822 2841 Λόγος
2873 2771 2934 2824 τὸ
2987 2770 3336 2824 ὲπικλινίδεον
3397 2771 3562 2842 ἄχθος

1976 2867 2172 2931 ἐκεῖνο,
2202 2864 2336 2919 ἀλλὰ
2374 2864 2468 2918 καὶ
2502 2864 2827 2934 περιπατεῖν
2857 2861 3224 2930 ὲγκελεύεται.
3253 2863 3427 2933 Ὅπερ
3471 2879 3561 2933 μοι

1975 2956 2122 3008 δοκεῖ
2155 2956 2256 3026 τὴν
2302 2954 2440 3026 πρὸς
2466 2953 2526 3007 τὸ
2558 2955 2806 3024 κρεῖττον
2833 2953 3064 3023 πρόοδόν
3093 2968 3154 3004 τε
3199 2952 3294 3006 καὶ
3336 2951 3561 3022 αΰξησιν

1974 3047 2061 3101 διὰ
2110 3047 2210 3116 τῆς
2249 3045 2618 3118 μεταϐατικῆς
2665 3045 2934 3116 κινήσεως
2985 3043 3272 3115 σημαίνειν
3315 3046 3343 3099 ό
3383 3041 3556 3112 λόγος.

1987 3137 2241 3192 Ἀνάστα
2282 3132 2395 3201 οὖν,
2441 3136 2594 3207 φησι,
2626 3135 2724 3190 καὶ
2767 3135 2996 3200 ἔξελθε.
3018 3167 3029 3176 -
3051 3136 3115 3188 Ὢ
3145 3135 3560 3206 προστάγματος

1973 3230 2237 3300 δύναμιςί
2289 3228 2459 3293 ὄντως
2497 3227 2649 3299 φωνὴ
2699 3227 2982 3298 δυνάμεώς
3029 3227 3178 3281 ἐστιν
3213 3227 3246 3298 ἡ
3283 3226 3436 3298 φωνὴ
3464 3226 3558 3280 τοῦ

1974 3321 2132 3388 Θεοῦ,
2155 3320 2338 3386 καθὼς
2357 3323 2391 3392 ἡ
2413 3319 2704 3392 ψαλμῳδία
2727 3321 2891 3390 φησὶν
2911 3363 2926 3387 ,
2961 3319 3044 3372 ὅτι
3081 3318 3223 3374 Ἰδοὺ
3252 3318 3429 3372 δώσει
3449 3319 3562 3387 τὴν

1975 3414 2186 3483 φωνὴν
2213 3413 2421 3479 αὐτοῦ,
2446 3411 2658 3482 φωνὴν
2686 3409 3014 3480 δυνάμεως.
3044 3410 3175 3476 Καὶ,
3201 3412 3390 3477 Αὐτὸς
3411 3406 3558 3476 εἶπε,

1975 3507 2074 3561 καὶ
2139 3505 2558 3576 ἐγενήθησαν·
2609 3505 2790 3570 αὐτὸς
2839 3503 3197 3568 ἐνετείλατο,
3259 3503 3358 3557 καὶ
3407 3487 3582 3557 ἐπί(

1976 3603 2242 3666 σθησαν.
2301 3597 2434 3650 Ἰδοὺ
2488 3596 2581 3650 καὶ
2630 3594 2727 3649 νῦν
2773 3590 2896 3648 εἷπε
2948 3593 3085 3665 πρὸς
3129 3593 3229 3666 τὴν
3265 3595 3558 3666 κειμένην,

1977 3690 2061 3744 ὅτι
2104 3689 2450 3764 Ἀνάστηθν
2487 3690 2600 3755 καὶ,
2627 3689 2708 3743 ὅτι
2733 3689 3067 3756 Πρόσελθε·
3097 3689 3191 3742 καὶ
3213 3689 3374 3752 εὐθὺς
3405 3689 3559 3760 ἔργον

289 3786 352 3832 ut
381 3785 617 3833 testatus
647 3786 734 3832 est
775 3777 896 3846 ipse
943 3778 1038 3848 qui
1066 3793 1186 3833 eam
1224 3777 1478 3846 vocavit,
1513 3795 1638 3834 cum
1675 3779 1756 3835 sic
1789 3778 1874 3833 di-

1977 3781 2039 3835 τὺ
2083 3755 2413 3852 πρόσταγμα
2463 3777 2693 3848 γίνεται.
2753 3755 2918 3848 Ὅμοῦ
2951 3778 3059 3851 γὰρ
3089 3779 3150 3832 τὸ
3182 3755 3556 3843 δέξασθαιττοῧ

290 3869 461 3926 xisset
482 3868 949 3940 Verbum:Surge,
978 3870 1114 3932 veni,
1142 3871 1441 3940 propinqua
1470 3886 1607 3938 mea,
1630 3869 1878 3925 columba

288 3979 426 4018 mea.
465 3962 601 4029 Quis
631 3970 718 4017 est
747 3952 839 4017 hic
872 3961 1014 4017 ordo
1041 3962 1363 4017 sermonis?
1407 3962 1876 4033 quemadmodum

289 4057 530 4114 cohaeret
559 4056 795 4110 alterum
823 4055 981 4109 alteri
1009 4055 1033 4107 ?
1071 4053 1539 4124 quemadmodum
1579 4070 1879 4110 conserva-

292 4156 384 4200 tur
412 4159 511 4215 per
536 4143 756 4207 seriem,
782 4149 1046 4212 tanquam
1073 4143 1128 4197 iu
1151 4143 1340 4213 aliquo
1364 4153 1582 4214 torque,
1614 4158 1877 4200 sensuum

293 4235 740 4305 consequentia?
779 4235 948 4288 Audit
990 4235 1248 4304 jussum:
1290 4235 1461 4291 verbo
1519 4235 1880 4290 conﬁrmatur

295 4345 359 4384 ac
415 4329 728 4392 roboratur,
785 4326 1080 4389 excitatur,
1134 4327 1380 4393 accedit,
1441 4326 1874 4397 appropinquat,

295 4422 524 4493 pulchra
560 4419 830 4485 redditur,
893 4418 1150 4473 columba
1189 4419 1526 4473 nominatur.
1588 4417 1878 4484 Quomodo

292 4513 438 4568 enim
469 4519 652 4582 potest
685 4511 801 4565 ﬁeri
850 4525 909 4563 ut
945 4511 1001 4564 in
1035 4512 1263 4580 speculo
1324 4511 1555 4581 pulcher
1586 4512 1660 4566 sit
1713 4525 1876 4580 aspe-

291 4615 436 4666 ctus,
469 4606 515 4659 si
552 4620 662 4658 non
693 4605 938 4673 pulchrae
969 4604 1207 4673 alicujus
1238 4603 1427 4660 formae
1475 4603 1751 4672 acceperit
1796 4601 1877 4657 si-

293 4698 644 4752 mulacrum?
674 4697 818 4767 Ergo
875 4697 1128 4750 humanae
1162 4711 1384 4766 quoque
1433 4703 1646 4749 naturae
1677 4708 1874 4763 specu-

293 4792 403 4842 lum
458 4803 568 4841 non
626 4787 781 4856 prius
814 4787 990 4841 evasit
1044 4789 1360 4856 pulchrum,
1422 4801 1586 4855 quam
1643 4785 1876 4855 pulchro

291 4877 775 4949 appropinquavit,
811 4885 865 4932 et
890 4876 1242 4931 informatum
1279 4876 1384 4932 fuit
1413 4877 1652 4947 imagine
1676 4876 1876 4930 divinae

291 4971 740 5042 pulchritudinis.
785 4970 1075 5037 Quomodo
1136 4971 1282 5026 enim
1347 4971 1620 5040 serpentis
1683 4969 1876 5023 habuit

1970 3870 2147 3940 Λόγου
2167 3873 2268 3945 τὴν
2295 3872 2544 3945 δύναμιν,
2575 3871 2669 3926 καὶ
2699 3871 2934 3936 ἵσταται,
2963 3872 3057 3925 καὶ
3089 3872 3441 3943 παρίσταται,
3466 3871 3558 3924 καὶ

1979 3964 2207 4037 πλησίον
2232 3964 2441 4034 γίνεται
2473 3963 2569 4018 τοῦ
2618 3963 2814 4033 φωτὸς,
2853 3964 2928 4029 ὡς
2955 3964 3047 4018 ὑπ’
3079 3963 3246 4017 αὐτοῦ
3273 3963 3368 4018 τοῦ
3396 3963 3557 4017 καλέ·

1979 4073 2171 4121 σαντος
2216 4055 2388 4127 αὐτὴν
2451 4055 2870 4127 μεμαρτύρηται
2899 4095 2914 4120 ,
2962 4053 3134 4120 οὕτως
3182 4055 3424 4117 εἰπόντος
3462 4053 3553 4107 τοῦ

1980 4149 2178 4217 Λόγουο
2217 4147 2488 4210 Ἀνάστα,
2519 4147 2682 4214 ἐλθὲ,
2717 4147 2754 4213 ἡ
2786 4147 3055 4214 πλησίον
3073 4165 3213 4216 μου,
3243 4147 3400 4212 καλή
3415 4165 3552 4216 μου,

1977 4240 2296 4310 περιστερά
2320 4257 2460 4309 μου.
2491 4237 2585 4302 Τίς
2627 4239 2661 4308 ἡ
2705 4237 2858 4302 τάξις
2889 4236 3028 4308 αὕτη
3059 4237 3154 4291 τοῦ
3194 4237 3386 4307 λόγου;
3433 4238 3555 4302 Πῶς
3603 4249 3614 4256 ‘

1976 4332 2162 4402 ἔχεται
2204 4331 2266 4384 τὸ
2309 4329 2497 4400 ἕτερον
2545 4329 2639 4382 τοῦ
2687 4329 2922 4401 ὲτέρου;
2984 4330 3110 4393 Πῶς
3157 4329 3389 4395 σώζεται
3432 4330 3552 4384 καθ’

1977 4425 2168 4496 εἱρμὸν
2192 4425 2380 4495 ὥσπερ
2420 4425 2478 4476 ὲν
2517 4422 2706 4477 ἁλύσει
2737 4423 2845 4476 τινὶ
2877 4423 2939 4477 τὸ
2977 4420 3086 4477 τῶν
3118 4423 3406 4493 νοημάτων
3431 4421 3554 4475 ἀκό-

1977 4516 2194 4579 λουθον;
2228 4515 2443 4568 Ἀκούει
2464 4513 2562 4568 τοῦ
2590 4515 3014 4585 προστάγματος
3033 4531 3046 4545 ·
3069 4513 3458 4584 ὲνδυναμοῦται
3479 4511 3554 4583 τῷ

1976 4607 2153 4679 λόγῳ,
2205 4606 2514 4678 ἐγείρεται,
2563 4605 2968 4678 προσέρχεται,
3028 4603 3357 4674 πλησιάζει,
3419 4603 3554 4674 καλὴ

1975 4699 2204 4768 γίνεται,
2230 4697 2532 4770 περιστερά
2551 4697 2895 4767 ὀνομάζεται.
2924 4696 3048 4761 Πῶς
3069 4697 3176 4765 γάρ
3197 4698 3313 4748 ἐστι
3334 4695 3553 4748 δυνατὸν

1977 4788 2148 4857 καλὴν
2169 4787 2288 4856 bal/tv
2320 4789 2377 4840 ὲν
2421 4787 2713 4857 κατόπτρῳ
2747 4785 2873 4838 ίδεῖν
2899 4827 2912 4848 ,
2947 4786 3020 4855 μὴ
3057 4784 3228 4854 καλῆς
3254 4798 3398 4846 τινος
3426 4801 3555 4855 μορ-

1977 4881 2084 4950 φῆς
2116 4875 2412 4948 δεξαμένου
2441 4877 2538 4948 τὴν
2573 4875 2848 4947 ἔμφασιν;
2885 4874 3094 4930 Οὐκοῦν
3125 4875 3220 4928 καὶ
3244 4877 3304 4928 τὸ
3333 4875 3433 4944 τῆς
3461 4877 3555 4928 ἀν-
3665 4899 3672 4902 -

1977 4969 2256 5040 θρωπίνης
2299 4967 2514 5038 φύσεως
2559 4968 2886 5040 κάτοπτρον,
2929 4968 2990 5020 οὐ
3036 4967 3302 5038 πρότερον
3343 4968 3554 5035 ἐγένετο

291 5063 532 5134 speciem
572 5062 818 5133 quandiu
845 5062 996 5116 humi
1025 5062 1218 5132 jacuit,
1251 5069 1307 5117 et
1330 5061 1398 5116 ad
1420 5063 1598 5132 ipsum
1621 5061 1870 5131 aspexit:

1977 5060 2161 5122 καλὸν,
2205 5059 2319 5112 ἀλλ’
2350 5061 2439 5112 ὅτε
2477 5057 2556 5129 τῷ
2589 5057 2740 5129 καλῷ
2787 5059 3107 5138 ἐπλησίασε,
3143 5061 3234 5112 καὶ
3281 5062 3346 5131 τῇ
3389 5059 3554 5113 εἰκόνι

289 5155 479 5209 eodem
506 5153 669 5208 modo
693 5162 983 5223 postquam
1006 5155 1268 5217 surrexit,
1303 5160 1357 5208 et
1381 5153 1582 5207 bonum
1615 5153 1719 5208 sibi
1745 5160 1872 5207 ante

1976 5149 2070 5203 τοῦ
2099 5149 2242 5204 θείου
2293 5149 2524 5212 κάλλους
2553 5149 2934 5221 ὲνεμορφώθη.
2965 5151 3180 5221 ’Ὠσπερ
3211 5151 3321 5221 γὰρ
3361 5151 3420 5204 τὸ
3461 5149 3552 5204 τοῦ

290 5245 486 5298 oculos
517 5245 722 5312 posuit,
747 5252 911 5313 atque
937 5243 1070 5298 vitio
1101 5251 1250 5314 terga
1279 5242 1463 5309 vertit,
1495 5242 1872 5297 conformatur

290 5335 458 5388 etiam
496 5334 571 5387 illi
601 5333 668 5388 ad
700 5334 846 5404 quod
884 5334 1102 5403 aspicit.
1135 5333 1345 5402 Aspicit
1370 5340 1550 5388 autem
1576 5334 1644 5388 ad
1668 5333 1872 5402 prima-

290 5427 430 5481 tiam
489 5436 542 5480 et
599 5427 965 5496 exemplarem
1026 5425 1542 5496 pulchritudinem:
1607 5433 1866 5478 caeterum

289 5518 543 5571 (olumba
578 5516 930 5586 pulchritudo
960 5525 1066 5571 est.
1100 5514 1394 5585 Propterea
1443 5529 1568 5568 cum
1620 5515 1728 5568 luci
1771 5528 1869 5584 ap-

289 5607 691 5679 propinquarit,
726 5608 817 5662 lux
849 5604 1099 5662 efﬁcitur.
1129 5605 1188 5660 lu
1218 5607 1340 5660 luce
1378 5612 1560 5660 autem
1605 5612 1869 5675 tanquam

290 5696 471 5768 imago
499 5696 855 5768 cﬂingebatur
895 5698 1108 5768 species
1131 5697 1418 5763 columbm,
1448 5697 1619 5766 illius,
1645 5696 1868 5768 inquam

1972 5241 2152 5310 όφεως
2185 5237 2328 5311 εἶχεν
2374 5236 2511 5304 εἶδος
2555 5241 2660 5304 ἕως
2689 5241 2866 5295 ἔκειτο
2893 5242 2984 5294 ἐπί
3012 5240 3112 5311 τῆς
3147 5241 3269 5312 γῆς,
3302 5242 3392 5294 καὶ
3422 5242 3555 5310 πρὸς

1971 5332 2140 5386 ἀὐτὸν
2175 5331 2434 5403 ἀφεώραο
2478 5331 2621 5385 κατὰ
2661 5331 2751 5384 τὸν
2785 5333 2948 5386 αὐτὸν
2988 5333 3210 5403 τρόπον,
3249 5333 3434 5402 ἐπειδὴ
3463 5333 3555 5385 ἁν-

1976 5428 2129 5496 έστη,
2180 5425 2274 5478 καὶ
2319 5426 2380 5478 τὸ
2420 5425 2623 5492 ἀγαθὸν
2665 5424 2866 5490 ἔδειξεν
2900 5425 3098 5496 ἑαυτὴν
3122 5424 3549 5496 ἀντιπρόσωπον,

1975 5515 2120 5568 κατά
2147 5515 2316 5569 νώτου
2353 5515 2448 5586 τὴν
2487 5516 2685 5569 κακίαν
2715 5515 3082 5586 ποιησαμένη,
3121 5515 3255 5586 πρὸς
3288 5514 3316 5567 ὃ
3346 5512 3550 5585 βλέπει,

1977 5607 2097 5659 κατ’
2139 5606 2315 5660 ἐκεῖνο
2360 5608 2454 5659 καὶ
2502 5605 2918 5677 σχηματίζεται.
2972 5606 3166 5659 Βλέπει
3217 5607 3271 5658 δὲ
3325 5605 3462 5677 πρὸς
3495 5603 3552 5657 τὸ

1978 5697 2282 5768 ἀρχέτυπον
2327 5697 2520 5761 κάλλος
2553 5716 2566 5728 ·
2625 5697 2922 5768 περιστερὰ
2967 5696 3023 5750 δὲ
3072 5696 3133 5748 τὸ
3187 5697 3399 5760 κάλλος.
3453 5693 3551 5749 Διὰ

363 5873 406 5906 ’θ
451 5875 645 5933 Matth.
704 5891 782 5940 ix,
833 5875 900 5944 6;
946 5859 1112 5932 Marc.
1152 5893 1213 5944 ιι,
1271 5878 1355 5934 ιι.
1428 5879 1474 5912 ⁹⁰
1514 5876 1661 5936 Psal.
1695 5892 1862 5946 vau,

1976 5878 2007 5932 ἰ.
2085 5878 2128 5909 ⁹¹
2186 5876 2331 5933 Psal.
2372 5894 2543 5944 xuii,
2577 5877 2628 5933 9.
