  <div class='ocr_page' id='page_1' title='image "/cluster/home/n/w/nwhite01/storage/ocr_20150623/44:no.1/coo.31924054869445/442.png"; bbox 0 0 3874 6368; ppageno 0'>
   <div class='ocr_carea' id='block_1_1' title="bbox 375 450 492 508">
    <p class='ocr_par' dir='ltr' id='par_1_1' title="bbox 375 450 492 508">
     <span class='ocr_line' id='line_1_1' title="bbox 375 450 492 508; baseline 0.017 -2"><span class='ocrx_word' id='word_1_1' title='bbox 375 450 492 508; x_wconf 83' lang='grc'><strong>869</strong></span> 
     </span>
    </p>
   </div>
   <div class='ocr_carea' id='block_1_2' title="bbox 1439 389 2594 498">
    <p class='ocr_par' dir='ltr' id='par_1_2' title="bbox 1439 389 2594 498">
     <span class='ocr_line' id='line_1_2' title="bbox 1439 389 2594 498; baseline -0.006 -2"><span class='ocrx_word' id='word_1_2' title='bbox 1439 439 1506 496; x_wconf 75' lang='grc' dir='ltr'><strong>ΙΝ</strong></span> <span class='ocrx_word' id='word_1_3' title='bbox 1540 439 1846 498; x_wconf 78' lang='lat' dir='ltr'><strong>CANTICA</strong></span> <span class='ocrx_word' id='word_1_4' title='bbox 1887 433 2161 495; x_wconf 84' lang='lat' dir='ltr'><strong>CANTIC.</strong></span> <span class='ocrx_word' id='word_1_5' title='bbox 2199 433 2490 492; x_wconf 78' lang='lat' dir='ltr'><strong>HOMILIA</strong></span> <span class='ocrx_word' id='word_1_6' title='bbox 2521 389 2594 490; x_wconf 12' lang='grc' dir='ltr'><strong>ἣν.</strong></span> 
     </span>
    </p>
   </div>
   <div class='ocr_carea' id='block_1_3' title="bbox 3550 429 3661 488">
    <p class='ocr_par' dir='ltr' id='par_1_3' title="bbox 3550 429 3661 488">
     <span class='ocr_line' id='line_1_3' title="bbox 3550 429 3661 488; baseline -0.036 1"><span class='ocrx_word' id='word_1_7' title='bbox 3550 429 3661 488; x_wconf 82' lang='lat'><strong>8&#39;10</strong></span> 
     </span>
    </p>
   </div>
   <div class='ocr_carea' id='block_1_4' title="bbox 375 541 1988 632">
    <p class='ocr_par' dir='ltr' id='par_1_4' title="bbox 375 549 1972 632">
     <span class='ocr_line' id='line_1_4' title="bbox 375 549 1972 632; baseline -0.009 -13"><span class='ocrx_word' id='word_1_8' title='bbox 375 565 542 618; x_wconf 74' lang='grc' dir='ltr'>τοῦτο</span> <span class='ocrx_word' id='word_1_9' title='bbox 587 561 664 632; x_wconf 79' lang='grc' dir='ltr'>τῷ</span> <span class='ocrx_word' id='word_1_10' title='bbox 689 558 828 630; x_wconf 71' lang='grc' dir='ltr'>φωτὶ</span> <span class='ocrx_word' id='word_1_11' title='bbox 875 554 1322 628; x_wconf 84' lang='grc' dir='ltr'>προσεγγίσασα,</span> <span class='ocrx_word' id='word_1_12' title='bbox 1356 553 1474 622; x_wconf 90' lang='grc' dir='ltr'><strong>φῶς</strong></span> <span class='ocrx_word' id='word_1_13' title='bbox 1512 554 1745 622; x_wconf 90' lang='grc' dir='ltr'>γίνεται.</span> <span class='ocrx_word' id='word_1_14' title='bbox 1795 549 1886 622; x_wconf 80' lang='grc' dir='ltr'>Τῷ</span> <span class='ocrx_word' id='word_1_15' title='bbox 1916 551 1972 605; x_wconf 81' lang='grc' dir='ltr'><strong>δέ</strong></span> 
     </span>
    </p>
   </div>
   <div class='ocr_carea' id='block_1_5' title="bbox 2095 541 3658 632">
    <p class='ocr_par' dir='ltr' id='par_1_5' title="bbox 2095 541 3658 619">
     <span class='ocr_line' id='line_1_5' title="bbox 2095 541 3658 619; baseline -0.003 -17"><span class='ocrx_word' id='word_1_16' title='bbox 2095 548 2367 614; x_wconf 68' lang='grc' dir='ltr'>εοιυηὼαξ,</span> <span class='ocrx_word' id='word_1_17' title='bbox 2397 547 2558 619; x_wconf 86' lang='lat' dir='ltr'><strong>cujus</strong></span> <span class='ocrx_word' id='word_1_18' title='bbox 2583 543 2795 617; x_wconf 86' lang='lat' dir='ltr'><strong>species</strong></span> <span class='ocrx_word' id='word_1_19' title='bbox 2819 543 3148 615; x_wconf 85' lang='lat' dir='ltr'><strong>signiﬁcavit</strong></span> <span class='ocrx_word' id='word_1_20' title='bbox 3164 541 3457 600; x_wconf 88' lang='lat' dir='ltr'><strong>adventum</strong></span> <span class='ocrx_word' id='word_1_21' title='bbox 3481 544 3658 601; x_wconf 85' lang='lat' dir='ltr'><strong>sancti</strong></span> 
     </span>
    </p>
   </div>
   <div class='ocr_carea' id='block_1_6' title="bbox 379 639 1969 722">
    <p class='ocr_par' dir='ltr' id='par_1_6' title="bbox 379 639 1969 722">
     <span class='ocr_line' id='line_1_6' title="bbox 379 639 1969 722; baseline -0.008 -16"><span class='ocrx_word' id='word_1_22' title='bbox 379 653 528 722; x_wconf 69' lang='grc' dir='ltr'>φωτὶ</span> <span class='ocrx_word' id='word_1_23' title='bbox 555 650 616 703; x_wconf 92' lang='grc' dir='ltr'><strong>τὸ</strong></span> <span class='ocrx_word' id='word_1_24' title='bbox 661 647 824 703; x_wconf 87' lang='grc' dir='ltr'>καλὸν</span> <span class='ocrx_word' id='word_1_25' title='bbox 865 646 966 715; x_wconf 79' lang='grc' dir='ltr'>τῆς</span> <span class='ocrx_word' id='word_1_26' title='bbox 1014 645 1345 716; x_wconf 75' lang='grc' dir='ltr'>περιστερᾶς</span> <span class='ocrx_word' id='word_1_27' title='bbox 1387 639 1526 707; x_wconf 75' lang='grc' dir='ltr'>εἶδος</span> <span class='ocrx_word' id='word_1_28' title='bbox 1565 642 1969 707; x_wconf 80' lang='grc' dir='ltr'>ἐνεικονίζεται,</span> 
     </span>
    </p>
   </div>
   <div class='ocr_carea' id='block_1_7' title="bbox 381 727 1971 808">
    <p class='ocr_par' dir='ltr' id='par_1_7' title="bbox 381 727 1971 808">
     <span class='ocr_line' id='line_1_7' title="bbox 381 727 1971 808; baseline -0.007 -14"><span class='ocrx_word' id='word_1_29' title='bbox 381 740 604 808; x_wconf 75' lang='grc' dir='ltr'><strong>ἐκείνης</strong></span> <span class='ocrx_word' id='word_1_30' title='bbox 642 737 786 805; x_wconf 86' lang='grc' dir='ltr'>λέγω</span> <span class='ocrx_word' id='word_1_31' title='bbox 826 735 927 805; x_wconf 82' lang='grc' dir='ltr'><strong>τῆς</strong></span> <span class='ocrx_word' id='word_1_32' title='bbox 980 735 1331 803; x_wconf 77' lang='grc' dir='ltr'>περιστερᾶς,</span> <span class='ocrx_word' id='word_1_33' title='bbox 1365 727 1434 804; x_wconf 78' lang='grc' dir='ltr'>ἦς</span> <span class='ocrx_word' id='word_1_34' title='bbox 1479 732 1540 786; x_wconf 88' lang='grc' dir='ltr'><strong>τὸ</strong></span> <span class='ocrx_word' id='word_1_35' title='bbox 1581 728 1719 795; x_wconf 78' lang='grc' dir='ltr'>εἶδος</span> <span class='ocrx_word' id='word_1_36' title='bbox 1752 732 1848 802; x_wconf 83' lang='grc' dir='ltr'>τὴν</span> <span class='ocrx_word' id='word_1_37' title='bbox 1878 730 1971 784; x_wconf 79' lang='grc' dir='ltr'>τοῦ</span> 
     </span>
    </p>
   </div>
   <div class='ocr_carea' id='block_1_8' title="bbox 382 826 1574 901">
    <p class='ocr_par' dir='ltr' id='par_1_8' title="bbox 382 826 1574 901">
     <span class='ocr_line' id='line_1_8' title="bbox 382 826 1574 901; baseline -0.005 -17"><span class='ocrx_word' id='word_1_38' title='bbox 382 831 545 901; x_wconf 79' lang='grc' dir='ltr'>ἁγίου</span> <span class='ocrx_word' id='word_1_39' title='bbox 578 829 895 900; x_wconf 84' lang='grc' dir='ltr'>Πνεύματος</span> <span class='ocrx_word' id='word_1_40' title='bbox 926 827 1228 899; x_wconf 78' lang='grc' dir='ltr'>παρουσίαν</span> <span class='ocrx_word' id='word_1_41' title='bbox 1259 826 1574 895; x_wconf 82' lang='grc' dir='ltr'>ἐγνώρισεν.</span> 
     </span>
    </p>
   </div>
   <div class='ocr_carea' id='block_1_9' title="bbox 473 915 1975 990">
    <p class='ocr_par' dir='ltr' id='par_1_9' title="bbox 473 915 1975 990">
     <span class='ocr_line' id='line_1_9' title="bbox 473 915 1975 990; baseline -0.006 -14"><span class='ocrx_word' id='word_1_42' title='bbox 473 921 630 976; x_wconf 75' lang='grc' dir='ltr'>Οὕτω</span> <span class='ocrx_word' id='word_1_43' title='bbox 675 920 852 974; x_wconf 87' lang='grc' dir='ltr'>τοίνυν</span> <span class='ocrx_word' id='word_1_44' title='bbox 899 920 1035 990; x_wconf 80' lang='grc' dir='ltr'>αὑτῇ</span> <span class='ocrx_word' id='word_1_45' title='bbox 1089 919 1494 988; x_wconf 71' lang='grc' dir='ltr'><strong>προσφωνήσας</strong></span> <span class='ocrx_word' id='word_1_46' title='bbox 1545 918 1574 968; x_wconf 98' lang='lat'><strong>6</strong></span> <span class='ocrx_word' id='word_1_47' title='bbox 1627 915 1822 984; x_wconf 84' lang='grc' dir='ltr'><strong>λόγος,</strong></span> <span class='ocrx_word' id='word_1_48' title='bbox 1879 915 1975 968; x_wconf 77' lang='grc' dir='ltr'><strong>καὶ</strong></span> 
     </span>
    </p>
   </div>
   <div class='ocr_carea' id='block_1_10' title="bbox 384 1007 1976 1084">
    <p class='ocr_par' dir='ltr' id='par_1_10' title="bbox 384 1007 1976 1084">
     <span class='ocr_line' id='line_1_10' title="bbox 384 1007 1976 1084; baseline -0.006 -17"><span class='ocrx_word' id='word_1_49' title='bbox 384 1014 664 1084; x_wconf 77' lang='grc' dir='ltr'>ὀνομάσας</span> <span class='ocrx_word' id='word_1_50' title='bbox 709 1013 900 1082; x_wconf 78' lang='grc' dir='ltr'>αὐτὴν,</span> <span class='ocrx_word' id='word_1_51' title='bbox 953 1011 1122 1081; x_wconf 80' lang='grc' dir='ltr'>καλὴν</span> <span class='ocrx_word' id='word_1_52' title='bbox 1161 1011 1258 1080; x_wconf 78' lang='grc' dir='ltr'><strong>μὲν</strong></span> <span class='ocrx_word' id='word_1_53' title='bbox 1307 1009 1394 1062; x_wconf 78' lang='grc' dir='ltr'>διὰ</span> <span class='ocrx_word' id='word_1_54' title='bbox 1425 1009 1486 1061; x_wconf 91' lang='grc' dir='ltr'><strong>τὸ</strong></span> <span class='ocrx_word' id='word_1_55' title='bbox 1536 1007 1784 1076; x_wconf 76' lang='grc' dir='ltr'>πλησίον,</span> <span class='ocrx_word' id='word_1_56' title='bbox 1827 1024 1976 1078; x_wconf 85' lang='grc' dir='ltr'>περι-</span> 
     </span>
    </p>
   </div>
   <div class='ocr_carea' id='block_1_11' title="bbox 388 1095 1972 1173">
    <p class='ocr_par' dir='ltr' id='par_1_11' title="bbox 388 1095 1972 1173">
     <span class='ocr_line' id='line_1_11' title="bbox 388 1095 1972 1173; baseline -0.006 -17"><span class='ocrx_word' id='word_1_57' title='bbox 388 1102 592 1173; x_wconf 76' lang='grc' dir='ltr'>στερὰν</span> <span class='ocrx_word' id='word_1_58' title='bbox 625 1101 681 1154; x_wconf 87' lang='grc' dir='ltr'>δὲ</span> <span class='ocrx_word' id='word_1_59' title='bbox 708 1101 794 1153; x_wconf 77' lang='grc' dir='ltr'><strong>διὰ</strong></span> <span class='ocrx_word' id='word_1_60' title='bbox 825 1101 884 1152; x_wconf 90' lang='grc' dir='ltr'><strong>τὸ</strong></span> <span class='ocrx_word' id='word_1_61' title='bbox 913 1099 1128 1164; x_wconf 82' lang='grc' dir='ltr'>κάλλος,</span> <span class='ocrx_word' id='word_1_62' title='bbox 1162 1099 1256 1151; x_wconf 73' lang='grc' dir='ltr'>καὶ</span> <span class='ocrx_word' id='word_1_63' title='bbox 1294 1097 1362 1150; x_wconf 85' lang='grc' dir='ltr'>τὰ</span> <span class='ocrx_word' id='word_1_64' title='bbox 1393 1096 1592 1166; x_wconf 78' lang='grc' dir='ltr'>ἐφεξῆς</span> <span class='ocrx_word' id='word_1_65' title='bbox 1619 1095 1972 1166; x_wconf 82' lang='grc' dir='ltr'>διεξέρχεται,</span> 
     </span>
    </p>
   </div>
   <div class='ocr_carea' id='block_1_12' title="bbox 385 1186 1974 1262">
    <p class='ocr_par' dir='ltr' id='par_1_12' title="bbox 385 1186 1974 1262">
     <span class='ocr_line' id='line_1_12' title="bbox 385 1186 1974 1262; baseline -0.006 -14"><span class='ocrx_word' id='word_1_66' title='bbox 385 1194 577 1248; x_wconf 82' lang='grc' dir='ltr'>οὐκέτι</span> <span class='ocrx_word' id='word_1_67' title='bbox 607 1192 781 1261; x_wconf 88' lang='grc' dir='ltr'>λέγων</span> <span class='ocrx_word' id='word_1_68' title='bbox 824 1193 1047 1262; x_wconf 81' lang='grc' dir='ltr'>κρατεῖν</span> <span class='ocrx_word' id='word_1_69' title='bbox 1091 1190 1184 1244; x_wconf 81' lang='grc' dir='ltr'>τοῦ</span> <span class='ocrx_word' id='word_1_70' title='bbox 1221 1189 1487 1260; x_wconf 91' lang='grc' dir='ltr'>χειμῶνος</span> <span class='ocrx_word' id='word_1_71' title='bbox 1515 1187 1623 1240; x_wconf 91' lang='grc' dir='ltr'><strong>τῶν</strong></span> <span class='ocrx_word' id='word_1_72' title='bbox 1660 1187 1846 1258; x_wconf 80' lang='grc' dir='ltr'>ψυχῶν</span> <span class='ocrx_word' id='word_1_73' title='bbox 1879 1186 1974 1258; x_wconf 80' lang='grc' dir='ltr'>τὴν</span> 
     </span>
    </p>
   </div>
   <div class='ocr_carea' id='block_1_13' title="bbox 389 1279 1975 1356">
    <p class='ocr_par' dir='ltr' id='par_1_13' title="bbox 389 1279 1975 1356">
     <span class='ocr_line' id='line_1_13' title="bbox 389 1279 1975 1356; baseline -0.005 -17"><span class='ocrx_word' id='word_1_74' title='bbox 389 1287 716 1356; x_wconf 81' lang='grc' dir='ltr'><strong>κατήφειαν.</strong></span> <span class='ocrx_word' id='word_1_75' title='bbox 781 1285 856 1338; x_wconf 90' lang='grc' dir='ltr'>Οὑ</span> <span class='ocrx_word' id='word_1_76' title='bbox 906 1284 1012 1356; x_wconf 79' lang='grc' dir='ltr'><strong>γάρ</strong></span> <span class='ocrx_word' id='word_1_77' title='bbox 1067 1284 1283 1354; x_wconf 81' lang='grc' dir='ltr'>ἀντέχει</span> <span class='ocrx_word' id='word_1_78' title='bbox 1339 1281 1474 1353; x_wconf 90' lang='grc' dir='ltr'>πρὸς</span> <span class='ocrx_word' id='word_1_79' title='bbox 1521 1281 1619 1352; x_wconf 79' lang='grc' dir='ltr'>τὴν</span> <span class='ocrx_word' id='word_1_80' title='bbox 1668 1282 1865 1336; x_wconf 80' lang='grc' dir='ltr'>ἀκτῖνα</span> <span class='ocrx_word' id='word_1_81' title='bbox 1915 1279 1975 1332; x_wconf 89' lang='grc' dir='ltr'><strong>τὸ</strong></span> 
     </span>
    </p>
   </div>
   <div class='ocr_carea' id='block_1_14' title="bbox 390 1371 1976 1448">
    <p class='ocr_par' dir='ltr' id='par_1_14' title="bbox 390 1371 1976 1448">
     <span class='ocr_line' id='line_1_14' title="bbox 390 1371 1976 1448; baseline -0.001 -18"><span class='ocrx_word' id='word_1_82' title='bbox 390 1379 582 1448; x_wconf 81' lang='grc' dir='ltr'>κρύος.</span> <span class='ocrx_word' id='word_1_83' title='bbox 631 1375 808 1440; x_wconf 83' lang='grc' dir='ltr'>Ἰδοὺ,</span> <span class='ocrx_word' id='word_1_84' title='bbox 839 1375 1023 1445; x_wconf 76' lang='grc' dir='ltr'>φησὶν,</span> <span class='ocrx_word' id='word_1_85' title='bbox 1056 1377 1089 1428; x_wconf 82' lang='grc' dir='ltr'><strong>ὀ</strong></span> <span class='ocrx_word' id='word_1_86' title='bbox 1125 1373 1346 1442; x_wconf 75' lang='grc' dir='ltr'>χειμὼν</span> <span class='ocrx_word' id='word_1_87' title='bbox 1374 1371 1703 1441; x_wconf 78' lang='grc' dir='ltr'>παρῆλθεν,</span> <span class='ocrx_word' id='word_1_88' title='bbox 1740 1375 1772 1426; x_wconf 84' lang='grc' dir='ltr'><strong>ό</strong></span> <span class='ocrx_word' id='word_1_89' title='bbox 1801 1374 1976 1440; x_wconf 81' lang='grc' dir='ltr'>ὑετὸς</span> 
     </span>
    </p>
   </div>
   <div class='ocr_carea' id='block_1_15' title="bbox 389 1464 1976 1537">
    <p class='ocr_par' dir='ltr' id='par_1_15' title="bbox 389 1464 1976 1537">
     <span class='ocr_line' id='line_1_15' title="bbox 389 1464 1976 1537; baseline -0.003 -13"><span class='ocrx_word' id='word_1_90' title='bbox 389 1467 692 1536; x_wconf 73' lang='grc' dir='ltr'>ἀπῆλθεν.</span> <span class='ocrx_word' id='word_1_91' title='bbox 739 1468 1030 1535; x_wconf 78' lang='grc' dir='ltr'>ἐπορεύθη</span> <span class='ocrx_word' id='word_1_92' title='bbox 1075 1464 1284 1532; x_wconf 84' lang='grc' dir='ltr'>ἐαυτῷ.</span> <span class='ocrx_word' id='word_1_93' title='bbox 1333 1464 1692 1537; x_wconf 80' lang='grc' dir='ltr'>Πολυώνυμον</span> <span class='ocrx_word' id='word_1_94' title='bbox 1737 1469 1880 1520; x_wconf 90' lang='grc' dir='ltr'>ποιεῖ</span> <span class='ocrx_word' id='word_1_95' title='bbox 1914 1467 1976 1520; x_wconf 91' lang='grc' dir='ltr'><strong>τὸ</strong></span> 
     </span>
    </p>
   </div>
   <div class='ocr_carea' id='block_1_16' title="bbox 393 1559 1978 1632">
    <p class='ocr_par' dir='ltr' id='par_1_16' title="bbox 393 1559 1978 1632">
     <span class='ocr_line' id='line_1_16' title="bbox 393 1559 1978 1632; baseline 0 -18"><span class='ocrx_word' id='word_1_96' title='bbox 393 1561 590 1624; x_wconf 86' lang='grc' dir='ltr'>κακὸν,</span> <span class='ocrx_word' id='word_1_97' title='bbox 619 1562 760 1614; x_wconf 87' lang='grc' dir='ltr'><strong>κατά</strong></span> <span class='ocrx_word' id='word_1_98' title='bbox 781 1560 878 1624; x_wconf 82' lang='grc' dir='ltr'>τὰς</span> <span class='ocrx_word' id='word_1_99' title='bbox 912 1560 1172 1632; x_wconf 72' lang='grc' dir='ltr'>διαφορὶς</span> <span class='ocrx_word' id='word_1_100' title='bbox 1202 1560 1310 1613; x_wconf 90' lang='grc' dir='ltr'><strong>τῶν</strong></span> <span class='ocrx_word' id='word_1_101' title='bbox 1351 1559 1738 1632; x_wconf 85' lang='grc' dir='ltr'>ἐνεργημάτων</span> <span class='ocrx_word' id='word_1_102' title='bbox 1780 1562 1978 1631; x_wconf 87' lang='grc' dir='ltr'>ὀνομα-</span> 
     </span>
    </p>
   </div>
   <div class='ocr_carea' id='block_1_17' title="bbox 391 1652 1977 1724">
    <p class='ocr_par' dir='ltr' id='par_1_17' title="bbox 391 1652 1977 1724">
     <span class='ocr_line' id='line_1_17' title="bbox 391 1652 1977 1724; baseline 0.002 -20"><span class='ocrx_word' id='word_1_103' title='bbox 391 1652 640 1724; x_wconf 83' lang='grc' dir='ltr'>ζόμενον.</span> <span class='ocrx_word' id='word_1_104' title='bbox 690 1654 749 1706; x_wconf 89' lang='lat'><strong>&#39;0</strong></span> <span class='ocrx_word' id='word_1_105' title='bbox 801 1652 962 1716; x_wconf 88' lang='grc' dir='ltr'>αὑτὸς</span> <span class='ocrx_word' id='word_1_106' title='bbox 1007 1652 1114 1723; x_wconf 80' lang='grc' dir='ltr'><strong>γάρ</strong></span> <span class='ocrx_word' id='word_1_107' title='bbox 1165 1653 1258 1705; x_wconf 78' lang='grc' dir='ltr'><strong>καὶ</strong></span> <span class='ocrx_word' id='word_1_108' title='bbox 1289 1652 1518 1722; x_wconf 89' lang='grc' dir='ltr'>χειμὼν,</span> <span class='ocrx_word' id='word_1_109' title='bbox 1550 1653 1644 1705; x_wconf 74' lang='grc' dir='ltr'><strong>καὶ</strong></span> <span class='ocrx_word' id='word_1_110' title='bbox 1676 1653 1848 1716; x_wconf 88' lang='grc' dir='ltr'>ὑετὸς,</span> <span class='ocrx_word' id='word_1_111' title='bbox 1883 1653 1977 1707; x_wconf 78' lang='grc' dir='ltr'>καὶ</span> 
     </span>
    </p>
   </div>
   <div class='ocr_carea' id='block_1_18' title="bbox 392 1743 1976 1816">
    <p class='ocr_par' dir='ltr' id='par_1_18' title="bbox 392 1743 1976 1816">
     <span class='ocr_line' id='line_1_18' title="bbox 392 1743 1976 1816; baseline 0.001 -20"><span class='ocrx_word' id='word_1_112' title='bbox 392 1744 695 1814; x_wconf 87' lang='grc' dir='ltr'>σταγόνες,</span> <span class='ocrx_word' id='word_1_113' title='bbox 727 1743 852 1798; x_wconf 77' lang='grc' dir='ltr'>καθ’</span> <span class='ocrx_word' id='word_1_114' title='bbox 887 1745 1117 1798; x_wconf 73' lang='grc' dir='ltr'>ἕκαστον</span> <span class='ocrx_word' id='word_1_115' title='bbox 1158 1744 1270 1796; x_wconf 89' lang='grc' dir='ltr'><strong>τῶν</strong></span> <span class='ocrx_word' id='word_1_116' title='bbox 1323 1745 1605 1815; x_wconf 79' lang='grc' dir='ltr'>ὀνομάτων</span> <span class='ocrx_word' id='word_1_117' title='bbox 1665 1744 1976 1816; x_wconf 78' lang='grc' dir='ltr'>πειρασμοῦ</span> 
     </span>
    </p>
   </div>
   <div class='ocr_carea' id='block_1_19' title="bbox 391 1834 1978 1907">
    <p class='ocr_par' dir='ltr' id='par_1_19' title="bbox 391 1834 1978 1907">
     <span class='ocr_line' id='line_1_19' title="bbox 391 1834 1978 1907; baseline 0 -19"><span class='ocrx_word' id='word_1_118' title='bbox 391 1853 544 1899; x_wconf 78' lang='grc' dir='ltr'>τινος</span> <span class='ocrx_word' id='word_1_119' title='bbox 589 1835 730 1890; x_wconf 85' lang='grc' dir='ltr'><strong>κατά</strong></span> <span class='ocrx_word' id='word_1_120' title='bbox 779 1835 840 1889; x_wconf 92' lang='grc' dir='ltr'><strong>τὸ</strong></span> <span class='ocrx_word' id='word_1_121' title='bbox 890 1834 1091 1898; x_wconf 77' lang='grc' dir='ltr'>ἰδιάζον</span> <span class='ocrx_word' id='word_1_122' title='bbox 1144 1836 1566 1907; x_wconf 83' lang='grc' dir='ltr'>σημαινομένου.</span> <span class='ocrx_word' id='word_1_123' title='bbox 1626 1836 1714 1889; x_wconf 86' lang='grc' dir='ltr'>Ἐν</span> <span class='ocrx_word' id='word_1_124' title='bbox 1747 1835 1855 1907; x_wconf 84' lang='grc' dir='ltr'><strong>γάρ</strong></span> <span class='ocrx_word' id='word_1_125' title='bbox 1898 1835 1978 1907; x_wconf 84' lang='grc' dir='ltr'>τῷ</span> 
     </span>
    </p>
   </div>
   <div class='ocr_carea' id='block_1_20' title="bbox 383 1927 1978 2000">
    <p class='ocr_par' dir='ltr' id='par_1_20' title="bbox 383 1927 1978 2000">
     <span class='ocr_line' id='line_1_20' title="bbox 383 1927 1978 2000; baseline 0.001 -19"><span class='ocrx_word' id='word_1_126' title='bbox 383 1927 647 1999; x_wconf 73' lang='grc' dir='ltr'>χειμῶνι,</span> <span class='ocrx_word' id='word_1_127' title='bbox 669 1928 736 1982; x_wconf 83' lang='grc' dir='ltr'><strong>τά</strong></span> <span class='ocrx_word' id='word_1_128' title='bbox 760 1927 1022 1999; x_wconf 83' lang='grc' dir='ltr'>τεθηλότα</span> <span class='ocrx_word' id='word_1_129' title='bbox 1047 1927 1388 2000; x_wconf 85' lang='grc' dir='ltr'>μαραίνεται,</span> <span class='ocrx_word' id='word_1_130' title='bbox 1415 1928 1476 1982; x_wconf 88' lang='grc' dir='ltr'><strong>τὸ</strong></span> <span class='ocrx_word' id='word_1_131' title='bbox 1497 1929 1590 1982; x_wconf 81' lang='grc' dir='ltr'><strong>ἐπὶ</strong></span> <span class='ocrx_word' id='word_1_132' title='bbox 1612 1929 1719 1982; x_wconf 89' lang='grc' dir='ltr'><strong>τῶν</strong></span> <span class='ocrx_word' id='word_1_133' title='bbox 1743 1928 1978 2000; x_wconf 84' lang='grc' dir='ltr'>δένδρων</span> 
     </span>
    </p>
   </div>
   <div class='ocr_carea' id='block_1_21' title="bbox 396 2019 1982 2094">
    <p class='ocr_par' dir='ltr' id='par_1_21' title="bbox 396 2019 1982 2094">
     <span class='ocr_line' id='line_1_21' title="bbox 396 2019 1982 2094; baseline 0.001 -20"><span class='ocrx_word' id='word_1_134' title='bbox 396 2021 615 2085; x_wconf 85' lang='grc' dir='ltr'>κάλλος,</span> <span class='ocrx_word' id='word_1_135' title='bbox 645 2020 674 2074; x_wconf 83' lang='grc' dir='ltr'><strong>ὃ</strong></span> <span class='ocrx_word' id='word_1_136' title='bbox 700 2020 788 2074; x_wconf 83' lang='grc' dir='ltr'>διὰ</span> <span class='ocrx_word' id='word_1_137' title='bbox 817 2019 926 2074; x_wconf 87' lang='grc' dir='ltr'><strong>τῶν</strong></span> <span class='ocrx_word' id='word_1_138' title='bbox 951 2020 1166 2090; x_wconf 82' lang='grc' dir='ltr'>φύλλων</span> <span class='ocrx_word' id='word_1_139' title='bbox 1195 2020 1440 2090; x_wconf 82' lang='grc' dir='ltr'>φυσικῶς</span> <span class='ocrx_word' id='word_1_140' title='bbox 1471 2021 1784 2086; x_wconf 76' lang='grc' dir='ltr'>ὡραῖζεται,</span> <span class='ocrx_word' id='word_1_141' title='bbox 1815 2022 1982 2094; x_wconf 74' lang='grc' dir='ltr'>ἀπορ-</span> 
     </span>
    </p>
   </div>
   <div class='ocr_carea' id='block_1_22' title="bbox 401 2111 1980 2185">
    <p class='ocr_par' dir='ltr' id='par_1_22' title="bbox 401 2111 1980 2185">
     <span class='ocr_line' id='line_1_22' title="bbox 401 2111 1980 2185; baseline -0.001 -19"><span class='ocrx_word' id='word_1_142' title='bbox 401 2115 490 2185; x_wconf 74' lang='grc' dir='ltr'><strong>ρεῖ</strong></span> <span class='ocrx_word' id='word_1_143' title='bbox 510 2112 618 2166; x_wconf 90' lang='grc' dir='ltr'><strong>τῶν</strong></span> <span class='ocrx_word' id='word_1_144' title='bbox 651 2111 882 2175; x_wconf 83' lang='grc' dir='ltr'>κλάδων,</span> <span class='ocrx_word' id='word_1_145' title='bbox 913 2113 1007 2165; x_wconf 77' lang='grc' dir='ltr'><strong>καὶ</strong></span> <span class='ocrx_word' id='word_1_146' title='bbox 1041 2114 1106 2184; x_wconf 83' lang='grc' dir='ltr'>τῇ</span> <span class='ocrx_word' id='word_1_147' title='bbox 1139 2115 1211 2182; x_wconf 81' lang='grc' dir='ltr'>γῇ</span> <span class='ocrx_word' id='word_1_148' title='bbox 1249 2111 1668 2182; x_wconf 87' lang='grc' dir='ltr'>καταμίγνυται.</span> <span class='ocrx_word' id='word_1_149' title='bbox 1706 2113 1843 2184; x_wconf 85' lang='grc' dir='ltr'>Σιγᾷ</span> <span class='ocrx_word' id='word_1_150' title='bbox 1871 2113 1980 2166; x_wconf 89' lang='grc' dir='ltr'><strong>τῶν</strong></span> 
     </span>
    </p>
   </div>
   <div class='ocr_carea' id='block_1_23' title="bbox 405 2200 1981 2275">
    <p class='ocr_par' dir='ltr' id='par_1_23' title="bbox 405 2200 1981 2275">
     <span class='ocr_line' id='line_1_23' title="bbox 405 2200 1981 2275; baseline 0 -19"><span class='ocrx_word' id='word_1_151' title='bbox 405 2203 679 2274; x_wconf 86' lang='grc' dir='ltr'>μουσικῶν</span> <span class='ocrx_word' id='word_1_152' title='bbox 710 2201 938 2274; x_wconf 83' lang='grc' dir='ltr'>ὀρνίθων</span> <span class='ocrx_word' id='word_1_153' title='bbox 959 2204 993 2273; x_wconf 80' lang='grc' dir='ltr'>ἡ</span> <span class='ocrx_word' id='word_1_154' title='bbox 1019 2202 1273 2273; x_wconf 86' lang='grc' dir='ltr'>μελῳδία,</span> <span class='ocrx_word' id='word_1_155' title='bbox 1308 2202 1498 2270; x_wconf 84' lang='grc' dir='ltr'>φεύγει</span> <span class='ocrx_word' id='word_1_156' title='bbox 1525 2203 1558 2273; x_wconf 82' lang='grc' dir='ltr'><strong>ὴ</strong></span> <span class='ocrx_word' id='word_1_157' title='bbox 1581 2200 1780 2274; x_wconf 88' lang='grc' dir='ltr'>ἀηδὼν,</span> <span class='ocrx_word' id='word_1_158' title='bbox 1803 2203 1981 2275; x_wconf 86' lang='grc' dir='ltr'>ναρκᾷ</span> 
     </span>
    </p>
   </div>
   <div class='ocr_carea' id='block_1_24' title="bbox 399 2293 1982 2368">
    <p class='ocr_par' dir='ltr' id='par_1_24' title="bbox 399 2293 1982 2368">
     <span class='ocr_line' id='line_1_24' title="bbox 399 2293 1982 2368; baseline -0.002 -19"><span class='ocrx_word' id='word_1_159' title='bbox 399 2299 433 2368; x_wconf 75' lang='grc' dir='ltr'><strong>ἡ</strong></span> <span class='ocrx_word' id='word_1_160' title='bbox 462 2295 702 2367; x_wconf 83' lang='grc' dir='ltr'>χελιδὼν,</span> <span class='ocrx_word' id='word_1_161' title='bbox 753 2294 1105 2360; x_wconf 55' lang='grc' dir='ltr'>ἀποξενοὼαι</span> <span class='ocrx_word' id='word_1_162' title='bbox 1143 2295 1242 2365; x_wconf 85' lang='grc' dir='ltr'>τῆς</span> <span class='ocrx_word' id='word_1_163' title='bbox 1273 2293 1466 2358; x_wconf 83' lang='grc' dir='ltr'>καλιᾶς</span> <span class='ocrx_word' id='word_1_164' title='bbox 1505 2295 1539 2365; x_wconf 78' lang='grc' dir='ltr'><strong>ἡ</strong></span> <span class='ocrx_word' id='word_1_165' title='bbox 1585 2293 1798 2363; x_wconf 84' lang='grc' dir='ltr'>τρυγών</span> <span class='ocrx_word' id='word_1_166' title='bbox 1825 2311 1840 2326; x_wconf 90' lang='grc'><strong>·</strong></span> <span class='ocrx_word' id='word_1_167' title='bbox 1891 2313 1982 2364; x_wconf 91' lang='grc' dir='ltr'>μι-</span> 
     </span>
    </p>
   </div>
   <div class='ocr_carea' id='block_1_25' title="bbox 405 2384 1982 2459">
    <p class='ocr_par' dir='ltr' id='par_1_25' title="bbox 405 2384 1982 2459">
     <span class='ocr_line' id='line_1_25' title="bbox 405 2384 1982 2459; baseline -0.001 -18"><span class='ocrx_word' id='word_1_168' title='bbox 405 2391 587 2459; x_wconf 89' lang='grc' dir='ltr'>μεῖται</span> <span class='ocrx_word' id='word_1_169' title='bbox 616 2387 792 2441; x_wconf 88' lang='grc' dir='ltr'>πάντα</span> <span class='ocrx_word' id='word_1_170' title='bbox 817 2387 916 2456; x_wconf 76' lang='grc' dir='ltr'><strong>τὴν</strong></span> <span class='ocrx_word' id='word_1_171' title='bbox 946 2385 1038 2439; x_wconf 80' lang='grc' dir='ltr'>τοῦ</span> <span class='ocrx_word' id='word_1_172' title='bbox 1071 2386 1300 2440; x_wconf 84' lang='grc' dir='ltr'>Θανάτου</span> <span class='ocrx_word' id='word_1_173' title='bbox 1335 2387 1658 2456; x_wconf 81' lang='grc' dir='ltr'>κατήφειαν,</span> <span class='ocrx_word' id='word_1_174' title='bbox 1696 2384 1982 2456; x_wconf 82' lang='grc' dir='ltr'>νεκροῦται</span> 
     </span>
    </p>
   </div>
   <div class='ocr_carea' id='block_1_26' title="bbox 398 2478 1983 2551">
    <p class='ocr_par' dir='ltr' id='par_1_26' title="bbox 398 2478 1983 2551">
     <span class='ocr_line' id='line_1_26' title="bbox 398 2478 1983 2551; baseline 0 -17"><span class='ocrx_word' id='word_1_175' title='bbox 398 2483 429 2534; x_wconf 89' lang='lat'><strong>6</strong></span> <span class='ocrx_word' id='word_1_176' title='bbox 465 2481 710 2551; x_wconf 77' lang='grc' dir='ltr'>βλαστὸς,</span> <span class='ocrx_word' id='word_1_177' title='bbox 747 2480 1079 2550; x_wconf 79' lang='grc' dir='ltr'>ἀποθνήσκει</span> <span class='ocrx_word' id='word_1_178' title='bbox 1112 2481 1146 2550; x_wconf 85' lang='grc' dir='ltr'>ἡ</span> <span class='ocrx_word' id='word_1_179' title='bbox 1172 2479 1298 2532; x_wconf 88' lang='grc' dir='ltr'>πόα.</span> <span class='ocrx_word' id='word_1_180' title='bbox 1335 2478 1442 2532; x_wconf 78' lang='grc' dir='ltr'><strong>Καὶ</strong></span> <span class='ocrx_word' id='word_1_181' title='bbox 1463 2479 1652 2549; x_wconf 91' lang='grc' dir='ltr'>ῶσπερ</span> <span class='ocrx_word' id='word_1_182' title='bbox 1681 2479 1843 2532; x_wconf 80' lang='grc' dir='ltr'>ὀστέα</span> <span class='ocrx_word' id='word_1_183' title='bbox 1877 2480 1983 2534; x_wconf 88' lang='grc' dir='ltr'><strong>τῶν</strong></span> 
     </span>
    </p>
   </div>
   <div class='ocr_carea' id='block_1_27' title="bbox 403 2570 1984 2644">
    <p class='ocr_par' dir='ltr' id='par_1_27' title="bbox 403 2570 1984 2644">
     <span class='ocr_line' id='line_1_27' title="bbox 403 2570 1984 2644; baseline -0.003 -17"><span class='ocrx_word' id='word_1_184' title='bbox 403 2573 625 2644; x_wconf 86' lang='grc' dir='ltr'>σαρκῶν</span> <span class='ocrx_word' id='word_1_185' title='bbox 670 2571 1072 2642; x_wconf 81' lang='grc' dir='ltr'>κεχωρισμένα,</span> <span class='ocrx_word' id='word_1_186' title='bbox 1107 2570 1280 2634; x_wconf 81' lang='grc' dir='ltr'>οὕτως</span> <span class='ocrx_word' id='word_1_187' title='bbox 1312 2572 1362 2624; x_wconf 86' lang='grc' dir='ltr'><strong>οί</strong></span> <span class='ocrx_word' id='word_1_188' title='bbox 1409 2571 1594 2624; x_wconf 84' lang='grc' dir='ltr'>κλάδοι</span> <span class='ocrx_word' id='word_1_189' title='bbox 1625 2571 1735 2625; x_wconf 89' lang='grc' dir='ltr'><strong>τῶν</strong></span> <span class='ocrx_word' id='word_1_190' title='bbox 1769 2571 1984 2641; x_wconf 86' lang='grc' dir='ltr'>φύλλων</span> 
     </span>
    </p>
   </div>
   <div class='ocr_carea' id='block_1_28' title="bbox 402 2661 1985 2736">
    <p class='ocr_par' dir='ltr' id='par_1_28' title="bbox 402 2661 1985 2736">
     <span class='ocr_line' id='line_1_28' title="bbox 402 2661 1985 2736; baseline -0.002 -19"><span class='ocrx_word' id='word_1_191' title='bbox 402 2663 804 2736; x_wconf 79' lang='grc' dir='ltr'>γυμνωθέντες,</span> <span class='ocrx_word' id='word_1_192' title='bbox 865 2662 1102 2732; x_wconf 74' lang='grc' dir='ltr'>εἰδεχθὲς</span> <span class='ocrx_word' id='word_1_193' title='bbox 1149 2661 1329 2731; x_wconf 87' lang='grc' dir='ltr'>θέαμα</span> <span class='ocrx_word' id='word_1_194' title='bbox 1380 2661 1664 2730; x_wconf 85' lang='grc' dir='ltr'>γίνονται,</span> <span class='ocrx_word' id='word_1_195' title='bbox 1717 2662 1838 2716; x_wconf 72' lang='grc' dir='ltr'>ἀντὶ</span> <span class='ocrx_word' id='word_1_196' title='bbox 1885 2663 1985 2731; x_wconf 83' lang='grc' dir='ltr'>τῆς</span> 
     </span>
    </p>
   </div>
   <div class='ocr_carea' id='block_1_29' title="bbox 403 2751 1984 2826">
    <p class='ocr_par' dir='ltr' id='par_1_29' title="bbox 403 2751 1984 2826">
     <span class='ocr_line' id='line_1_29' title="bbox 403 2751 1984 2826; baseline -0.001 -18"><span class='ocrx_word' id='word_1_197' title='bbox 403 2753 716 2826; x_wconf 86' lang='grc' dir='ltr'>προσούσης</span> <span class='ocrx_word' id='word_1_198' title='bbox 742 2753 926 2816; x_wconf 87' lang='grc' dir='ltr'>αὑτοῖς</span> <span class='ocrx_word' id='word_1_199' title='bbox 954 2754 1020 2806; x_wconf 85' lang='grc' dir='ltr'><strong>ἐκ</strong></span> <span class='ocrx_word' id='word_1_200' title='bbox 1046 2752 1154 2805; x_wconf 88' lang='grc' dir='ltr'><strong>τῶν</strong></span> <span class='ocrx_word' id='word_1_201' title='bbox 1182 2751 1426 2822; x_wconf 88' lang='grc' dir='ltr'>βλαστῶν</span> <span class='ocrx_word' id='word_1_202' title='bbox 1462 2752 1712 2820; x_wconf 76' lang='grc' dir='ltr'>ἀγλαΐας.</span> <span class='ocrx_word' id='word_1_203' title='bbox 1748 2752 1812 2804; x_wconf 87' lang='grc' dir='ltr'><strong>Τί</strong></span> <span class='ocrx_word' id='word_1_204' title='bbox 1847 2752 1890 2805; x_wconf 80' lang='grc' dir='ltr'>δ’</span> <span class='ocrx_word' id='word_1_205' title='bbox 1919 2751 1984 2806; x_wconf 83' lang='grc' dir='ltr'><strong>άν</strong></span> 
     </span>
    </p>
   </div>
   <div class='ocr_carea' id='block_1_30' title="bbox 399 2844 1984 2916">
    <p class='ocr_par' dir='ltr' id='par_1_30' title="bbox 399 2844 1984 2916">
     <span class='ocr_line' id='line_1_30' title="bbox 399 2844 1984 2916; baseline -0.002 -15"><span class='ocrx_word' id='word_1_206' title='bbox 399 2865 489 2912; x_wconf 87' lang='grc' dir='ltr'><strong>τις</strong></span> <span class='ocrx_word' id='word_1_207' title='bbox 519 2847 762 2916; x_wconf 85' lang='grc' dir='ltr'>λέγοιτά</span> <span class='ocrx_word' id='word_1_208' title='bbox 791 2846 932 2900; x_wconf 85' lang='grc' dir='ltr'>κατὰ</span> <span class='ocrx_word' id='word_1_209' title='bbox 977 2845 1251 2900; x_wconf 85' lang='grc' dir='ltr'>θάλασσαν</span> <span class='ocrx_word' id='word_1_210' title='bbox 1279 2846 1448 2916; x_wconf 88' lang='grc' dir='ltr'>πάθη,</span> <span class='ocrx_word' id='word_1_211' title='bbox 1492 2845 1562 2898; x_wconf 84' lang='grc' dir='ltr'><strong>τά</strong></span> <span class='ocrx_word' id='word_1_212' title='bbox 1603 2845 1692 2899; x_wconf 79' lang='grc' dir='ltr'>διὰ</span> <span class='ocrx_word' id='word_1_213' title='bbox 1733 2844 1826 2899; x_wconf 83' lang='grc' dir='ltr'>τοῦ</span> <span class='ocrx_word' id='word_1_214' title='bbox 1869 2862 1984 2915; x_wconf 91' lang='grc' dir='ltr'>χει-</span> 
     </span>
    </p>
   </div>
   <div class='ocr_carea' id='block_1_31' title="bbox 407 2925 1988 3012">
    <p class='ocr_par' dir='ltr' id='par_1_31' title="bbox 407 2925 1988 3012">
     <span class='ocr_line' id='line_1_31' title="bbox 407 2925 1988 3012; baseline -0.002 -19"><span class='ocrx_word' id='word_1_215' title='bbox 407 2939 584 3012; x_wconf 88' lang='grc' dir='ltr'>μῶνος</span> <span class='ocrx_word' id='word_1_216' title='bbox 613 2939 904 3010; x_wconf 84' lang='grc' dir='ltr'>γινόμενα;</span> <span class='ocrx_word' id='word_1_217' title='bbox 953 2937 1077 3001; x_wconf 89' lang='grc' dir='ltr'>Πῶς</span> <span class='ocrx_word' id='word_1_218' title='bbox 1112 2939 1176 2991; x_wconf 90' lang='grc' dir='ltr'><strong>ἐκ</strong></span> <span class='ocrx_word' id='word_1_219' title='bbox 1206 2937 1382 3008; x_wconf 88' lang='grc' dir='ltr'>βυθῶν</span> <span class='ocrx_word' id='word_1_220' title='bbox 1419 2925 1868 3008; x_wconf 69' lang='grc' dir='ltr'>ἀναστρεφομένη</span> <span class='ocrx_word' id='word_1_221' title='bbox 1892 2937 1988 2990; x_wconf 73' lang='grc' dir='ltr'><strong>καὶ</strong></span> 
     </span>
    </p>
   </div>
   <div class='ocr_carea' id='block_1_32' title="bbox 402 3027 1987 3102">
    <p class='ocr_par' dir='ltr' id='par_1_32' title="bbox 402 3027 1987 3102">
     <span class='ocr_line' id='line_1_32' title="bbox 402 3027 1987 3102; baseline -0.004 -14"><span class='ocrx_word' id='word_1_222' title='bbox 402 3033 761 3088; x_wconf 87' lang='grc' dir='ltr'>διοιδαίνουσα</span> <span class='ocrx_word' id='word_1_223' title='bbox 778 3031 1088 3095; x_wconf 83' lang='grc' dir='ltr'>-σκοπέλους</span> <span class='ocrx_word' id='word_1_224' title='bbox 1120 3032 1215 3084; x_wconf 74' lang='grc' dir='ltr'><strong>καὶ</strong></span> <span class='ocrx_word' id='word_1_225' title='bbox 1259 3029 1359 3102; x_wconf 78' lang='grc' dir='ltr'><strong>ὅρη</strong></span> <span class='ocrx_word' id='word_1_226' title='bbox 1409 3032 1688 3101; x_wconf 87' lang='grc' dir='ltr'>μιμεῖται,</span> <span class='ocrx_word' id='word_1_227' title='bbox 1740 3028 1876 3100; x_wconf 90' lang='grc' dir='ltr'>πρὸς</span> <span class='ocrx_word' id='word_1_228' title='bbox 1925 3027 1987 3081; x_wconf 91' lang='grc' dir='ltr'><strong>τὸ</strong></span> 
     </span>
    </p>
   </div>
   <div class='ocr_carea' id='block_1_33' title="bbox 402 3120 1988 3196">
    <p class='ocr_par' dir='ltr' id='par_1_33' title="bbox 402 3120 1988 3196">
     <span class='ocr_line' id='line_1_33' title="bbox 402 3120 1988 3196; baseline -0.003 -18"><span class='ocrx_word' id='word_1_229' title='bbox 402 3123 587 3196; x_wconf 73' lang='grc' dir='ltr'>ὄρθιον</span> <span class='ocrx_word' id='word_1_230' title='bbox 617 3125 802 3195; x_wconf 86' lang='grc' dir='ltr'>σχῆμα</span> <span class='ocrx_word' id='word_1_231' title='bbox 846 3123 1228 3194; x_wconf 86' lang='grc' dir='ltr'>κορυφουμένη</span> <span class='ocrx_word' id='word_1_232' title='bbox 1269 3121 1347 3193; x_wconf 82' lang='grc' dir='ltr'>τῷ</span> <span class='ocrx_word' id='word_1_233' title='bbox 1382 3120 1568 3186; x_wconf 83' lang='grc' dir='ltr'>ὕδατι;</span> <span class='ocrx_word' id='word_1_234' title='bbox 1611 3120 1737 3185; x_wconf 86' lang='grc' dir='ltr'>Πῶς</span> <span class='ocrx_word' id='word_1_235' title='bbox 1771 3120 1988 3191; x_wconf 78' lang='grc' dir='ltr'>ὲφορμᾷ</span> 
     </span>
    </p>
   </div>
   <div class='ocr_carea' id='block_1_34' title="bbox 2076 639 2339 710">
    <p class='ocr_par' dir='ltr' id='par_1_34' title="bbox 2076 639 2339 710">
     <span class='ocr_line' id='line_1_34' title="bbox 2076 639 2339 710; baseline 0 -18"><span class='ocrx_word' id='word_1_236' title='bbox 2076 639 2339 710; x_wconf 86' lang='lat' dir='ltr'><strong>Spiritus.</strong></span> 
     </span>
    </p>
   </div>
   <div class='ocr_carea' id='block_1_35' title="bbox 2145 912 3656 984">
    <p class='ocr_par' dir='ltr' id='par_1_35' title="bbox 2145 912 3656 984">
     <span class='ocr_line' id='line_1_35' title="bbox 2145 912 3656 984; baseline -0.001 -16"><span class='ocrx_word' id='word_1_237' title='bbox 2145 912 2284 968; x_wconf 89' lang='lat' dir='ltr'><strong>Cum</strong></span> <span class='ocrx_word' id='word_1_238' title='bbox 2315 927 2446 984; x_wconf 89' lang='lat' dir='ltr'><strong>ergo</strong></span> <span class='ocrx_word' id='word_1_239' title='bbox 2473 912 2553 968; x_wconf 84' lang='lat' dir='ltr'><strong>sic</strong></span> <span class='ocrx_word' id='word_1_240' title='bbox 2580 927 2698 967; x_wconf 91' lang='lat' dir='ltr'><strong>eam</strong></span> <span class='ocrx_word' id='word_1_241' title='bbox 2727 912 2964 967; x_wconf 76' lang='lat' dir='ltr'><strong>allocuta</strong></span> <span class='ocrx_word' id='word_1_242' title='bbox 2990 920 3140 968; x_wconf 90' lang='lat' dir='ltr'><strong>esset</strong></span> <span class='ocrx_word' id='word_1_243' title='bbox 3167 912 3366 978; x_wconf 86' lang='lat' dir='ltr'><strong>oratio,</strong></span> <span class='ocrx_word' id='word_1_244' title='bbox 3401 920 3454 967; x_wconf 88' lang='lat' dir='ltr'><strong>et</strong></span> <span class='ocrx_word' id='word_1_245' title='bbox 3483 912 3656 983; x_wconf 83' lang='lat' dir='ltr'><strong>ipsam</strong></span> 
     </span>
    </p>
   </div>
   <div class='ocr_carea' id='block_1_36' title="bbox 2077 1005 3660 1076">
    <p class='ocr_par' dir='ltr' id='par_1_36' title="bbox 2077 1005 3660 1076">
     <span class='ocr_line' id='line_1_36' title="bbox 2077 1005 3660 1076; baseline -0.002 -18"><span class='ocrx_word' id='word_1_246' title='bbox 2077 1005 2297 1076; x_wconf 79' lang='lat' dir='ltr'><strong>quidem</strong></span> <span class='ocrx_word' id='word_1_247' title='bbox 2334 1006 2676 1060; x_wconf 90' lang='lat' dir='ltr'><strong>nominasset</strong></span> <span class='ocrx_word' id='word_1_248' title='bbox 2720 1005 3006 1075; x_wconf 86' lang='lat' dir='ltr'><strong>pulchram</strong></span> <span class='ocrx_word' id='word_1_249' title='bbox 3055 1013 3282 1075; x_wconf 84' lang='lat' dir='ltr'><strong>propter</strong></span> <span class='ocrx_word' id='word_1_250' title='bbox 3336 1005 3660 1075; x_wconf 84' lang='lat' dir='ltr'><strong>pr0pinqui-</strong></span> 
     </span>
    </p>
   </div>
   <div class='ocr_carea' id='block_1_37' title="bbox 2074 1093 3656 1166">
    <p class='ocr_par' dir='ltr' id='par_1_37' title="bbox 2074 1093 3656 1166">
     <span class='ocr_line' id='line_1_37' title="bbox 2074 1093 3656 1166; baseline -0.001 -17"><span class='ocrx_word' id='word_1_251' title='bbox 2074 1104 2262 1160; x_wconf 88' lang='lat' dir='ltr'><strong>tatem,</strong></span> <span class='ocrx_word' id='word_1_252' title='bbox 2297 1093 2604 1150; x_wconf 81' lang='lat' dir='ltr'><strong>columbam</strong></span> <span class='ocrx_word' id='word_1_253' title='bbox 2637 1105 2816 1150; x_wconf 89' lang='lat' dir='ltr'><strong>autem</strong></span> <span class='ocrx_word' id='word_1_254' title='bbox 2855 1104 3080 1166; x_wconf 87' lang='lat' dir='ltr'><strong>propter</strong></span> <span class='ocrx_word' id='word_1_255' title='bbox 3135 1096 3601 1166; x_wconf 90' lang='lat' dir='ltr'><strong>pulchritudinem</strong></span> <span class='ocrx_word' id='word_1_256' title='bbox 3640 1139 3656 1161; x_wconf 94' lang='lat'><strong>,</strong></span> 
     </span>
    </p>
   </div>
   <div class='ocr_carea' id='block_1_38' title="bbox 2075 1186 3658 1258">
    <p class='ocr_par' dir='ltr' id='par_1_38' title="bbox 2075 1186 3658 1258">
     <span class='ocr_line' id='line_1_38' title="bbox 2075 1186 3658 1258; baseline -0.001 -16"><span class='ocrx_word' id='word_1_257' title='bbox 2075 1187 2430 1258; x_wconf 89' lang='lat' dir='ltr'><strong>persequitur</strong></span> <span class='ocrx_word' id='word_1_258' title='bbox 2461 1187 2512 1241; x_wconf 88' lang='lat' dir='ltr'><strong>id</strong></span> <span class='ocrx_word' id='word_1_259' title='bbox 2545 1188 2691 1257; x_wconf 87' lang='lat' dir='ltr'><strong>quod</strong></span> <span class='ocrx_word' id='word_1_260' title='bbox 2717 1186 2977 1257; x_wconf 85' lang='lat' dir='ltr'><strong>deinceps</strong></span> <span class='ocrx_word' id='word_1_261' title='bbox 3011 1187 3277 1256; x_wconf 89' lang='lat' dir='ltr'><strong>sequitur,</strong></span> <span class='ocrx_word' id='word_1_262' title='bbox 3317 1187 3507 1241; x_wconf 87' lang='lat' dir='ltr'><strong>dicens</strong></span> <span class='ocrx_word' id='word_1_263' title='bbox 3550 1201 3658 1240; x_wconf 89' lang='lat' dir='ltr'><strong>non</strong></span> 
     </span>
    </p>
   </div>
   <div class='ocr_carea' id='block_1_39' title="bbox 2077 1275 3660 1349">
    <p class='ocr_par' dir='ltr' id='par_1_39' title="bbox 2077 1275 3660 1349">
     <span class='ocr_line' id='line_1_39' title="bbox 2077 1275 3660 1349; baseline -0.001 -16"><span class='ocrx_word' id='word_1_264' title='bbox 2077 1279 2312 1349; x_wconf 89' lang='lat' dir='ltr'><strong>amplius</strong></span> <span class='ocrx_word' id='word_1_265' title='bbox 2343 1279 2616 1333; x_wconf 88' lang='lat' dir='ltr'><strong>dominari</strong></span> <span class='ocrx_word' id='word_1_266' title='bbox 2648 1279 2844 1334; x_wconf 89' lang='lat' dir='ltr'><strong>hiemis</strong></span> <span class='ocrx_word' id='word_1_267' title='bbox 2873 1279 3182 1333; x_wconf 89' lang='lat' dir='ltr'><strong>animarum</strong></span> <span class='ocrx_word' id='word_1_268' title='bbox 3220 1279 3523 1334; x_wconf 83' lang='lat' dir='ltr'><strong>tristitiam.</strong></span> <span class='ocrx_word' id='word_1_269' title='bbox 3557 1275 3660 1332; x_wconf 85' lang='lat' dir='ltr'><strong>Ne-</strong></span> 
     </span>
    </p>
   </div>
   <div class='ocr_carea' id='block_1_40' title="bbox 2077 1363 3658 1440">
    <p class='ocr_par' dir='ltr' id='par_1_40' title="bbox 2077 1363 3658 1440">
     <span class='ocr_line' id='line_1_40' title="bbox 2077 1363 3658 1440; baseline -0.001 -16"><span class='ocrx_word' id='word_1_270' title='bbox 2077 1384 2184 1440; x_wconf 90' lang='lat' dir='ltr'><strong>que</strong></span> <span class='ocrx_word' id='word_1_271' title='bbox 2215 1370 2359 1424; x_wconf 91' lang='lat' dir='ltr'><strong>enim</strong></span> <span class='ocrx_word' id='word_1_272' title='bbox 2393 1368 2568 1439; x_wconf 79' lang='lat' dir='ltr'><strong>frigus</strong></span> <span class='ocrx_word' id='word_1_273' title='bbox 2613 1368 2823 1425; x_wconf 87' lang='lat' dir='ltr'><strong>resistit</strong></span> <span class='ocrx_word' id='word_1_274' title='bbox 2863 1369 3041 1423; x_wconf 86' lang='lat' dir='ltr'><strong>radio.</strong></span> <span class='ocrx_word' id='word_1_275' title='bbox 3078 1373 3211 1423; x_wconf 88' lang='lat' dir='ltr'><strong>Ecce</strong></span> <span class='ocrx_word' id='word_1_276' title='bbox 3251 1363 3418 1430; x_wconf 90' lang='lat' dir='ltr'><strong>enim,</strong></span> <span class='ocrx_word' id='word_1_277' title='bbox 3461 1369 3658 1438; x_wconf 83' lang='lat' dir='ltr'><strong>inquit,</strong></span> 
     </span>
    </p>
   </div>
   <div class='ocr_carea' id='block_1_41' title="bbox 2076 1459 3662 1532">
    <p class='ocr_par' dir='ltr' id='par_1_41' title="bbox 2076 1459 3662 1532">
     <span class='ocr_line' id='line_1_41' title="bbox 2076 1459 3662 1532; baseline -0.001 -17"><span class='ocrx_word' id='word_1_278' title='bbox 2076 1462 2242 1517; x_wconf 75' lang='lat' dir='ltr'><strong>hiems</strong></span> <span class='ocrx_word' id='word_1_279' title='bbox 2265 1462 2545 1532; x_wconf 75' lang='lat' dir='ltr'><strong>prwteriit,</strong></span> <span class='ocrx_word' id='word_1_280' title='bbox 2567 1459 2735 1514; x_wconf 79' lang='lat' dir='ltr'><strong>imber</strong></span> <span class='ocrx_word' id='word_1_281' title='bbox 2759 1461 2888 1514; x_wconf 80' lang='lat' dir='ltr'><strong>abiit</strong></span> <span class='ocrx_word' id='word_1_282' title='bbox 2913 1469 2961 1514; x_wconf 83' lang='lat' dir='ltr'><strong>et</strong></span> <span class='ocrx_word' id='word_1_283' title='bbox 2993 1477 3048 1514; x_wconf 83' lang='lat' dir='ltr'><strong>se</strong></span> <span class='ocrx_word' id='word_1_284' title='bbox 3076 1462 3287 1528; x_wconf 79' lang='lat' dir='ltr'><strong>recepit.</strong></span> <span class='ocrx_word' id='word_1_285' title='bbox 3318 1460 3462 1516; x_wconf 87' lang='lat' dir='ltr'><strong>Malo</strong></span> <span class='ocrx_word' id='word_1_286' title='bbox 3490 1463 3662 1514; x_wconf 84' lang='lat' dir='ltr'><strong>multa</strong></span> 
     </span>
    </p>
   </div>
   <div class='ocr_carea' id='block_1_42' title="bbox 2080 1551 3666 1624">
    <p class='ocr_par' dir='ltr' id='par_1_42' title="bbox 2080 1551 3666 1624">
     <span class='ocr_line' id='line_1_42' title="bbox 2080 1551 3666 1624; baseline -0.002 -15"><span class='ocrx_word' id='word_1_287' title='bbox 2080 1555 2273 1610; x_wconf 90' lang='lat' dir='ltr'><strong>tribuit</strong></span> <span class='ocrx_word' id='word_1_288' title='bbox 2301 1556 2546 1615; x_wconf 88' lang='lat' dir='ltr'><strong>nomina,</strong></span> <span class='ocrx_word' id='word_1_289' title='bbox 2587 1562 2648 1607; x_wconf 93' lang='lat' dir='ltr'><strong>ut</strong></span> <span class='ocrx_word' id='word_1_290' title='bbox 2681 1551 2825 1624; x_wconf 89' lang='lat' dir='ltr'><strong>quod</strong></span> <span class='ocrx_word' id='word_1_291' title='bbox 2863 1553 3178 1607; x_wconf 85' lang='lat' dir='ltr'><strong>nominetur</strong></span> <span class='ocrx_word' id='word_1_292' title='bbox 3237 1568 3302 1605; x_wconf 82' lang='lat' dir='ltr'><strong>ex</strong></span> <span class='ocrx_word' id='word_1_293' title='bbox 3343 1552 3666 1606; x_wconf 85' lang='lat' dir='ltr'><strong>dill&#39;ercntiis</strong></span> 
     </span>
    </p>
   </div>
   <div class='ocr_carea' id='block_1_43' title="bbox 2078 1644 3663 1717">
    <p class='ocr_par' dir='ltr' id='par_1_43' title="bbox 2078 1644 3663 1717">
     <span class='ocr_line' id='line_1_43' title="bbox 2078 1644 3663 1717; baseline -0.003 -16"><span class='ocrx_word' id='word_1_294' title='bbox 2078 1647 2481 1717; x_wconf 90' lang='lat' dir='ltr'><strong>operationum.</strong></span> <span class='ocrx_word' id='word_1_295' title='bbox 2503 1645 2645 1700; x_wconf 88' lang='lat' dir='ltr'><strong>Idem</strong></span> <span class='ocrx_word' id='word_1_296' title='bbox 2667 1645 2814 1700; x_wconf 91' lang='lat' dir='ltr'><strong>enim</strong></span> <span class='ocrx_word' id='word_1_297' title='bbox 2846 1653 2898 1698; x_wconf 91' lang='lat' dir='ltr'><strong>et</strong></span> <span class='ocrx_word' id='word_1_298' title='bbox 2925 1644 3101 1699; x_wconf 91' lang='lat' dir='ltr'><strong>hiems</strong></span> <span class='ocrx_word' id='word_1_299' title='bbox 3119 1644 3365 1698; x_wconf 89' lang='lat' dir='ltr'><strong>ctimber</strong></span> <span class='ocrx_word' id='word_1_300' title='bbox 3397 1651 3450 1697; x_wconf 90' lang='lat' dir='ltr'><strong>et</strong></span> <span class='ocrx_word' id='word_1_301' title='bbox 3479 1644 3663 1704; x_wconf 59' lang='lat' dir='ltr'><strong>stillat,</strong></span> 
     </span>
    </p>
   </div>
   <div class='ocr_carea' id='block_1_44' title="bbox 2079 1733 3666 1804">
    <p class='ocr_par' dir='ltr' id='par_1_44' title="bbox 2079 1733 3666 1804">
     <span class='ocr_line' id='line_1_44' title="bbox 2079 1733 3666 1804; baseline -0.003 -13"><span class='ocrx_word' id='word_1_302' title='bbox 2079 1747 2134 1792; x_wconf 90' lang='lat' dir='ltr'><strong>et</strong></span> <span class='ocrx_word' id='word_1_303' title='bbox 2157 1737 2544 1792; x_wconf 89' lang='lat' dir='ltr'><strong>convenienter</strong></span> <span class='ocrx_word' id='word_1_304' title='bbox 2571 1736 2869 1804; x_wconf 85' lang='lat' dir='ltr'><strong>unicuique</strong></span> <span class='ocrx_word' id='word_1_305' title='bbox 2898 1736 3109 1789; x_wconf 90' lang='lat' dir='ltr'><strong>nomini</strong></span> <span class='ocrx_word' id='word_1_306' title='bbox 3146 1735 3446 1789; x_wconf 82' lang='lat' dir='ltr'><strong>tentatione</strong></span> <span class='ocrx_word' id='word_1_307' title='bbox 3483 1733 3666 1804; x_wconf 88' lang='lat' dir='ltr'><strong>aliqua</strong></span> 
     </span>
    </p>
   </div>
   <div class='ocr_carea' id='block_1_45' title="bbox 2080 1824 3664 1898">
    <p class='ocr_par' dir='ltr' id='par_1_45' title="bbox 2080 1824 3664 1898">
     <span class='ocr_line' id='line_1_45' title="bbox 2080 1824 3664 1898; baseline -0.004 -15"><span class='ocrx_word' id='word_1_308' title='bbox 2080 1844 2147 1883; x_wconf 82' lang='lat' dir='ltr'><strong>ex</strong></span> <span class='ocrx_word' id='word_1_309' title='bbox 2184 1828 2516 1898; x_wconf 87' lang='lat' dir='ltr'><strong>proprietate</strong></span> <span class='ocrx_word' id='word_1_310' title='bbox 2554 1826 2882 1897; x_wconf 88' lang='lat' dir='ltr'><strong>signiﬁcata,</strong></span> <span class='ocrx_word' id='word_1_311' title='bbox 2932 1824 3136 1878; x_wconf 89' lang='lat' dir='ltr'><strong>dicitur</strong></span> <span class='ocrx_word' id='word_1_312' title='bbox 3174 1825 3372 1886; x_wconf 91' lang='lat' dir='ltr'><strong>hiems,</strong></span> <span class='ocrx_word' id='word_1_313' title='bbox 3437 1831 3664 1894; x_wconf 88' lang='lat' dir='ltr'><strong>propter</strong></span> 
     </span>
    </p>
   </div>
   <div class='ocr_carea' id='block_1_46' title="bbox 2082 1901 3666 1990">
    <p class='ocr_par' dir='ltr' id='par_1_46' title="bbox 2082 1901 3666 1990">
     <span class='ocr_line' id='line_1_46' title="bbox 2082 1901 3666 1990; baseline -0.003 -16"><span class='ocrx_word' id='word_1_314' title='bbox 2082 1921 2437 1990; x_wconf 90' lang='lat' dir='ltr'><strong>multiplicem</strong></span> <span class='ocrx_word' id='word_1_315' title='bbox 2471 1921 2736 1974; x_wconf 90' lang='lat' dir='ltr'><strong>malorum</strong></span> <span class='ocrx_word' id='word_1_316' title='bbox 2782 1916 3264 1989; x_wconf 87' lang='lat' dir='ltr'><strong>signiﬁcationem.</strong></span> <span class='ocrx_word' id='word_1_317' title='bbox 3313 1915 3448 1969; x_wconf 88' lang='lat' dir='ltr'><strong>Nam</strong></span> <span class='ocrx_word' id='word_1_318' title='bbox 3487 1901 3666 1970; x_wconf 81' lang='lat' dir='ltr'><strong>hieme</strong></span> 
     </span>
    </p>
   </div>
   <div class='ocr_carea' id='block_1_47' title="bbox 2080 2005 3666 2080">
    <p class='ocr_par' dir='ltr' id='par_1_47' title="bbox 2080 2005 3666 2080">
     <span class='ocr_line' id='line_1_47' title="bbox 2080 2005 3666 2080; baseline -0.006 -14"><span class='ocrx_word' id='word_1_319' title='bbox 2080 2019 2134 2066; x_wconf 88' lang='lat' dir='ltr'><strong>et</strong></span> <span class='ocrx_word' id='word_1_320' title='bbox 2166 2027 2287 2080; x_wconf 56' lang='lat' dir='ltr'><strong>quae</strong></span> <span class='ocrx_word' id='word_1_321' title='bbox 2316 2009 2692 2080; x_wconf 85' lang='lat' dir='ltr'><strong>germinarant</strong></span> <span class='ocrx_word' id='word_1_322' title='bbox 2737 2015 3124 2072; x_wconf 87' lang='lat' dir='ltr'><strong>marcescunt,</strong></span> <span class='ocrx_word' id='word_1_323' title='bbox 3157 2015 3212 2062; x_wconf 87' lang='lat' dir='ltr'><strong>et</strong></span> <span class='ocrx_word' id='word_1_324' title='bbox 3247 2007 3506 2060; x_wconf 87' lang='lat' dir='ltr'><strong>arborum</strong></span> <span class='ocrx_word' id='word_1_325' title='bbox 3542 2005 3666 2075; x_wconf 91' lang='lat' dir='ltr'><strong>pul-</strong></span> 
     </span>
    </p>
   </div>
   <div class='ocr_carea' id='block_1_48' title="bbox 2081 2098 3668 2173">
    <p class='ocr_par' dir='ltr' id='par_1_48' title="bbox 2081 2098 3668 2173">
     <span class='ocr_line' id='line_1_48' title="bbox 2081 2098 3668 2173; baseline -0.003 -16"><span class='ocrx_word' id='word_1_326' title='bbox 2081 2103 2360 2168; x_wconf 84' lang='lat' dir='ltr'><strong>chritudo,</strong></span> <span class='ocrx_word' id='word_1_327' title='bbox 2389 2118 2510 2173; x_wconf 86' lang='lat' dir='ltr'><strong>quae</strong></span> <span class='ocrx_word' id='word_1_328' title='bbox 2536 2103 2864 2158; x_wconf 87' lang='lat' dir='ltr'><strong>naturaliter</strong></span> <span class='ocrx_word' id='word_1_329' title='bbox 2891 2116 3048 2156; x_wconf 89' lang='lat' dir='ltr'><strong>suam</strong></span> <span class='ocrx_word' id='word_1_330' title='bbox 3090 2107 3435 2155; x_wconf 86' lang='lat' dir='ltr'><strong>venustatem</strong></span> <span class='ocrx_word' id='word_1_331' title='bbox 3476 2113 3540 2152; x_wconf 91' lang='lat' dir='ltr'><strong>ac</strong></span> <span class='ocrx_word' id='word_1_332' title='bbox 3574 2098 3668 2152; x_wconf 86' lang='lat' dir='ltr'><strong>de-</strong></span> 
     </span>
    </p>
   </div>
   <div class='ocr_carea' id='block_1_49' title="bbox 2081 2187 3669 2260">
    <p class='ocr_par' dir='ltr' id='par_1_49' title="bbox 2081 2187 3669 2260">
     <span class='ocr_line' id='line_1_49' title="bbox 2081 2187 3669 2260; baseline -0.005 -14"><span class='ocrx_word' id='word_1_333' title='bbox 2081 2206 2267 2246; x_wconf 91' lang='lat' dir='ltr'><strong>corem</strong></span> <span class='ocrx_word' id='word_1_334' title='bbox 2298 2191 2511 2260; x_wconf 85' lang='lat' dir='ltr'><strong>accepit</strong></span> <span class='ocrx_word' id='word_1_335' title='bbox 2545 2206 2576 2244; x_wconf 89' lang='lat' dir='ltr'><strong>a</strong></span> <span class='ocrx_word' id='word_1_336' title='bbox 2614 2190 2794 2255; x_wconf 81' lang='lat' dir='ltr'><strong>foliis,</strong></span> <span class='ocrx_word' id='word_1_337' title='bbox 2827 2189 3030 2244; x_wconf 80' lang='lat' dir='ltr'><strong>excidit</strong></span> <span class='ocrx_word' id='word_1_338' title='bbox 3064 2204 3092 2241; x_wconf 91' lang='lat' dir='ltr'><strong>a</strong></span> <span class='ocrx_word' id='word_1_339' title='bbox 3123 2187 3271 2242; x_wconf 79' lang='lat' dir='ltr'><strong>foliis</strong></span> <span class='ocrx_word' id='word_1_340' title='bbox 3300 2196 3354 2241; x_wconf 91' lang='lat' dir='ltr'><strong>et</strong></span> <span class='ocrx_word' id='word_1_341' title='bbox 3405 2188 3669 2242; x_wconf 89' lang='lat' dir='ltr'><strong>miscetur</strong></span> 
     </span>
    </p>
   </div>
   <div class='ocr_carea' id='block_1_50' title="bbox 2083 2273 3670 2346">
    <p class='ocr_par' dir='ltr' id='par_1_50' title="bbox 2083 2273 3670 2346">
     <span class='ocr_line' id='line_1_50' title="bbox 2083 2273 3670 2346; baseline -0.006 -9"><span class='ocrx_word' id='word_1_342' title='bbox 2083 2291 2280 2346; x_wconf 84' lang='lat' dir='ltr'><strong>terrae;</strong></span> <span class='ocrx_word' id='word_1_343' title='bbox 2326 2282 2664 2336; x_wconf 90' lang='lat' dir='ltr'><strong>musicarum</strong></span> <span class='ocrx_word' id='word_1_344' title='bbox 2720 2282 2903 2334; x_wconf 84' lang='lat' dir='ltr'><strong>avium</strong></span> <span class='ocrx_word' id='word_1_345' title='bbox 2961 2279 3083 2334; x_wconf 74' lang='lat' dir='ltr'><strong>silet</strong></span> <span class='ocrx_word' id='word_1_346' title='bbox 3139 2284 3486 2332; x_wconf 86' lang='lat' dir='ltr'><strong>concentus:</strong></span> <span class='ocrx_word' id='word_1_347' title='bbox 3532 2273 3670 2344; x_wconf 81' lang='lat' dir='ltr'><strong>fugit</strong></span> 
     </span>
    </p>
   </div>
   <div class='ocr_carea' id='block_1_51' title="bbox 2083 2368 3672 2441">
    <p class='ocr_par' dir='ltr' id='par_1_51' title="bbox 2083 2368 3672 2441">
     <span class='ocr_line' id='line_1_51' title="bbox 2083 2368 3672 2441; baseline -0.004 -17"><span class='ocrx_word' id='word_1_348' title='bbox 2083 2371 2344 2435; x_wconf 91' lang='lat' dir='ltr'><strong>luscinia,</strong></span> <span class='ocrx_word' id='word_1_349' title='bbox 2383 2378 2564 2441; x_wconf 89' lang='lat' dir='ltr'><strong>torpet</strong></span> <span class='ocrx_word' id='word_1_350' title='bbox 2595 2370 2858 2437; x_wconf 88' lang='lat' dir='ltr'><strong>hirundo,</strong></span> <span class='ocrx_word' id='word_1_351' title='bbox 2891 2385 2918 2424; x_wconf 91' lang='lat' dir='ltr'><strong>a</strong></span> <span class='ocrx_word' id='word_1_352' title='bbox 2954 2370 3083 2423; x_wconf 90' lang='lat' dir='ltr'><strong>nido</strong></span> <span class='ocrx_word' id='word_1_353' title='bbox 3130 2368 3515 2438; x_wconf 79' lang='lat' dir='ltr'><strong>peregrinatur</strong></span> <span class='ocrx_word' id='word_1_354' title='bbox 3553 2375 3672 2421; x_wconf 91' lang='lat' dir='ltr'><strong>tur-</strong></span> 
     </span>
    </p>
   </div>
   <div class='ocr_carea' id='block_1_52' title="bbox 2087 2460 3676 2530">
    <p class='ocr_par' dir='ltr' id='par_1_52' title="bbox 2087 2460 3676 2530">
     <span class='ocr_line' id='line_1_52' title="bbox 2087 2460 3676 2530; baseline -0.004 -12"><span class='ocrx_word' id='word_1_355' title='bbox 2087 2465 2514 2527; x_wconf 88' lang='lat' dir='ltr'><strong>tur;imitantur</strong></span> <span class='ocrx_word' id='word_1_356' title='bbox 2546 2463 2731 2519; x_wconf 88' lang='lat' dir='ltr'><strong>omnia</strong></span> <span class='ocrx_word' id='word_1_357' title='bbox 2767 2463 3050 2520; x_wconf 89' lang='lat' dir='ltr'><strong>tristitiam</strong></span> <span class='ocrx_word' id='word_1_358' title='bbox 3082 2463 3296 2527; x_wconf 90' lang='lat' dir='ltr'><strong>mortis,</strong></span> <span class='ocrx_word' id='word_1_359' title='bbox 3327 2460 3517 2516; x_wconf 85' lang='lat' dir='ltr'><strong>interit</strong></span> <span class='ocrx_word' id='word_1_360' title='bbox 3551 2474 3676 2530; x_wconf 79' lang='lat' dir='ltr'><strong>ger-</strong></span> 
     </span>
    </p>
   </div>
   <div class='ocr_carea' id='block_1_53' title="bbox 2083 2552 3674 2624">
    <p class='ocr_par' dir='ltr' id='par_1_53' title="bbox 2083 2552 3674 2624">
     <span class='ocr_line' id='line_1_53' title="bbox 2083 2552 3674 2624; baseline -0.005 -14"><span class='ocrx_word' id='word_1_361' title='bbox 2083 2570 2232 2614; x_wconf 86' lang='lat' dir='ltr'><strong>men.</strong></span> <span class='ocrx_word' id='word_1_362' title='bbox 2267 2555 2503 2609; x_wconf 89' lang='lat' dir='ltr'><strong>moritur</strong></span> <span class='ocrx_word' id='word_1_363' title='bbox 2530 2556 2694 2610; x_wconf 88' lang='lat' dir='ltr'><strong>herba</strong></span> <span class='ocrx_word' id='word_1_364' title='bbox 2724 2569 2741 2608; x_wconf 87' lang='lat'><strong>:</strong></span> <span class='ocrx_word' id='word_1_365' title='bbox 2773 2561 2828 2609; x_wconf 90' lang='lat' dir='ltr'><strong>et</strong></span> <span class='ocrx_word' id='word_1_366' title='bbox 2853 2568 2966 2624; x_wconf 86' lang='lat' dir='ltr'><strong>quo</strong></span> <span class='ocrx_word' id='word_1_367' title='bbox 2991 2552 3154 2607; x_wconf 89' lang='lat' dir='ltr'><strong>modo</strong></span> <span class='ocrx_word' id='word_1_368' title='bbox 3187 2568 3314 2607; x_wconf 92' lang='lat' dir='ltr'><strong>ossa</strong></span> <span class='ocrx_word' id='word_1_369' title='bbox 3357 2559 3608 2623; x_wconf 85' lang='lat' dir='ltr'><strong>separata</strong></span> <span class='ocrx_word' id='word_1_370' title='bbox 3643 2567 3674 2603; x_wconf 88' lang='lat' dir='ltr'><strong>a</strong></span> 
     </span>
    </p>
   </div>
   <div class='ocr_carea' id='block_1_54' title="bbox 2085 2643 3676 2710">
    <p class='ocr_par' dir='ltr' id='par_1_54' title="bbox 2085 2643 3676 2710">
     <span class='ocr_line' id='line_1_54' title="bbox 2085 2643 3676 2710; baseline -0.004 -9"><span class='ocrx_word' id='word_1_371' title='bbox 2085 2647 2369 2710; x_wconf 89' lang='lat' dir='ltr'><strong>carnibus,</strong></span> <span class='ocrx_word' id='word_1_372' title='bbox 2403 2647 2476 2700; x_wconf 90' lang='lat' dir='ltr'><strong>ita</strong></span> <span class='ocrx_word' id='word_1_373' title='bbox 2507 2647 2645 2700; x_wconf 89' lang='lat' dir='ltr'><strong>rami</strong></span> <span class='ocrx_word' id='word_1_374' title='bbox 2677 2646 2870 2700; x_wconf 89' lang='lat' dir='ltr'><strong>nudati</strong></span> <span class='ocrx_word' id='word_1_375' title='bbox 2927 2645 3074 2699; x_wconf 79' lang='lat' dir='ltr'><strong>foliis</strong></span> <span class='ocrx_word' id='word_1_376' title='bbox 3123 2645 3370 2700; x_wconf 81' lang='lat' dir='ltr'><strong>deforme</strong></span> <span class='ocrx_word' id='word_1_377' title='bbox 3433 2643 3676 2699; x_wconf 80' lang='lat' dir='ltr'><strong>evadunt</strong></span> 
     </span>
    </p>
   </div>
   <div class='ocr_carea' id='block_1_55' title="bbox 2086 2734 3674 2808">
    <p class='ocr_par' dir='ltr' id='par_1_55' title="bbox 2086 2734 3674 2808">
     <span class='ocr_line' id='line_1_55' title="bbox 2086 2734 3674 2808; baseline -0.003 -15"><span class='ocrx_word' id='word_1_378' title='bbox 2086 2738 2487 2808; x_wconf 84' lang='lat' dir='ltr'><strong>spectaculum,</strong></span> <span class='ocrx_word' id='word_1_379' title='bbox 2530 2753 2630 2808; x_wconf 93' lang='lat' dir='ltr'><strong>pro</strong></span> <span class='ocrx_word' id='word_1_380' title='bbox 2658 2738 2842 2808; x_wconf 86' lang='lat' dir='ltr'><strong>specie</strong></span> <span class='ocrx_word' id='word_1_381' title='bbox 2885 2751 2950 2790; x_wconf 90' lang='lat' dir='ltr'><strong>ac</strong></span> <span class='ocrx_word' id='word_1_382' title='bbox 2982 2736 3183 2790; x_wconf 88' lang='lat' dir='ltr'><strong>decore</strong></span> <span class='ocrx_word' id='word_1_383' title='bbox 3211 2734 3306 2804; x_wconf 90' lang='lat' dir='ltr'><strong>qui</strong></span> <span class='ocrx_word' id='word_1_384' title='bbox 3347 2734 3429 2789; x_wconf 89' lang='lat' dir='ltr'><strong>cis</strong></span> <span class='ocrx_word' id='word_1_385' title='bbox 3483 2735 3674 2789; x_wconf 86' lang='lat' dir='ltr'><strong>aderat</strong></span> 
     </span>
    </p>
   </div>
   <div class='ocr_carea' id='block_1_56' title="bbox 2085 2828 3669 2900">
    <p class='ocr_par' dir='ltr' id='par_1_56' title="bbox 2085 2828 3669 2900">
     <span class='ocr_line' id='line_1_56' title="bbox 2085 2828 3669 2900; baseline -0.002 -16"><span class='ocrx_word' id='word_1_386' title='bbox 2085 2845 2152 2884; x_wconf 82' lang='lat' dir='ltr'><strong>ex</strong></span> <span class='ocrx_word' id='word_1_387' title='bbox 2185 2829 2549 2900; x_wconf 86' lang='lat' dir='ltr'><strong>germinibus.</strong></span> <span class='ocrx_word' id='word_1_388' title='bbox 2577 2828 2720 2894; x_wconf 87' lang='lat' dir='ltr'><strong>Quid</strong></span> <span class='ocrx_word' id='word_1_389' title='bbox 2751 2838 2932 2882; x_wconf 89' lang='lat' dir='ltr'><strong>autem</strong></span> <span class='ocrx_word' id='word_1_390' title='bbox 2977 2840 3414 2880; x_wconf 85' lang='lat' dir='ltr'><strong>commemorare</strong></span> <span class='ocrx_word' id='word_1_391' title='bbox 3470 2828 3669 2882; x_wconf 84' lang='lat' dir='ltr'><strong>attinet</strong></span> 
     </span>
    </p>
   </div>
   <div class='ocr_carea' id='block_1_57' title="bbox 2085 2918 3674 2991">
    <p class='ocr_par' dir='ltr' id='par_1_57' title="bbox 2085 2918 3674 2991">
     <span class='ocr_line' id='line_1_57' title="bbox 2085 2918 3674 2991; baseline -0.003 -15"><span class='ocrx_word' id='word_1_392' title='bbox 2085 2937 2150 2977; x_wconf 89' lang='lat' dir='ltr'><strong>ea</strong></span> <span class='ocrx_word' id='word_1_393' title='bbox 2184 2937 2306 2991; x_wconf 70' lang='lat' dir='ltr'><strong>qua:</strong></span> <span class='ocrx_word' id='word_1_394' title='bbox 2358 2921 2414 2976; x_wconf 90' lang='lat' dir='ltr'><strong>in</strong></span> <span class='ocrx_word' id='word_1_395' title='bbox 2451 2922 2588 2975; x_wconf 91' lang='lat' dir='ltr'><strong>mari</strong></span> <span class='ocrx_word' id='word_1_396' title='bbox 2633 2922 2809 2976; x_wconf 90' lang='lat' dir='ltr'><strong>hieme</strong></span> <span class='ocrx_word' id='word_1_397' title='bbox 2874 2918 3154 2981; x_wconf 84' lang='lat' dir='ltr'><strong>accidunt,</strong></span> <span class='ocrx_word' id='word_1_398' title='bbox 3211 2918 3674 2988; x_wconf 87' lang='lat' dir='ltr'><strong>quemadmodum</strong></span> 
     </span>
    </p>
   </div>
   <div class='ocr_carea' id='block_1_58' title="bbox 2088 3011 3674 3080">
    <p class='ocr_par' dir='ltr' id='par_1_58' title="bbox 2088 3011 3674 3080">
     <span class='ocr_line' id='line_1_58' title="bbox 2088 3011 3674 3080; baseline -0.003 -12"><span class='ocrx_word' id='word_1_399' title='bbox 2088 3015 2158 3071; x_wconf 91' lang='lat' dir='ltr'><strong>ab</strong></span> <span class='ocrx_word' id='word_1_400' title='bbox 2192 3015 2302 3069; x_wconf 91' lang='lat' dir='ltr'><strong>imo</strong></span> <span class='ocrx_word' id='word_1_401' title='bbox 2329 3028 2584 3069; x_wconf 84' lang='lat' dir='ltr'><strong>eversum</strong></span> <span class='ocrx_word' id='word_1_402' title='bbox 2618 3020 2674 3068; x_wconf 89' lang='lat' dir='ltr'><strong>et</strong></span> <span class='ocrx_word' id='word_1_403' title='bbox 2719 3012 3077 3066; x_wconf 83' lang='lat' dir='ltr'><strong>tumefactum</strong></span> <span class='ocrx_word' id='word_1_404' title='bbox 3139 3012 3397 3080; x_wconf 88' lang='lat' dir='ltr'><strong>scopulos</strong></span> <span class='ocrx_word' id='word_1_405' title='bbox 3430 3011 3674 3065; x_wconf 87' lang='lat' dir='ltr'><strong>imitatur</strong></span> 
     </span>
    </p>
   </div>
   <div class='ocr_carea' id='block_1_59' title="bbox 2089 3101 3676 3172">
    <p class='ocr_par' dir='ltr' id='par_1_59' title="bbox 2089 3101 3676 3172">
     <span class='ocr_line' id='line_1_59' title="bbox 2089 3101 3676 3172; baseline -0.004 -11"><span class='ocrx_word' id='word_1_406' title='bbox 2089 3113 2144 3161; x_wconf 90' lang='lat' dir='ltr'><strong>et</strong></span> <span class='ocrx_word' id='word_1_407' title='bbox 2172 3115 2410 3168; x_wconf 87' lang='lat' dir='ltr'><strong>montes,</strong></span> <span class='ocrx_word' id='word_1_408' title='bbox 2469 3105 2526 3159; x_wconf 89' lang='lat' dir='ltr'><strong>in</strong></span> <span class='ocrx_word' id='word_1_409' title='bbox 2563 3113 2770 3160; x_wconf 90' lang='lat' dir='ltr'><strong>rectam</strong></span> <span class='ocrx_word' id='word_1_410' title='bbox 2807 3103 3036 3172; x_wconf 84' lang='lat' dir='ltr'><strong>ﬁguram</strong></span> <span class='ocrx_word' id='word_1_411' title='bbox 3070 3103 3247 3156; x_wconf 91' lang='lat' dir='ltr'><strong>instar</strong></span> <span class='ocrx_word' id='word_1_412' title='bbox 3278 3101 3503 3156; x_wconf 84' lang='lat' dir='ltr'><strong>verticis</strong></span> <span class='ocrx_word' id='word_1_413' title='bbox 3534 3117 3676 3172; x_wconf 88' lang='lat' dir='ltr'><strong>aqua</strong></span> 
     </span>
    </p>
   </div>
   <div class='ocr_carea' id='block_1_60' title="bbox 404 3194 1988 3286">
    <p class='ocr_par' dir='ltr' id='par_1_60' title="bbox 404 3194 1988 3286">
     <span class='ocr_line' id='line_1_60' title="bbox 404 3194 1988 3286; baseline -0.003 -15"><span class='ocrx_word' id='word_1_414' title='bbox 404 3194 935 3286; x_wconf 20' lang='lat' dir='ltr'><strong>and-irepﬂrrolepia</strong></span> <span class='ocrx_word' id='word_1_415' title='bbox 980 3216 1048 3285; x_wconf 80' lang='grc' dir='ltr'>τῇ</span> <span class='ocrx_word' id='word_1_416' title='bbox 1095 3216 1202 3284; x_wconf 81' lang='grc' dir='ltr'><strong>γῇ,</strong></span> <span class='ocrx_word' id='word_1_417' title='bbox 1248 3213 1388 3284; x_wconf 84' lang='grc' dir='ltr'>ὑπὲρ</span> <span class='ocrx_word' id='word_1_418' title='bbox 1435 3213 1537 3278; x_wconf 81' lang='grc' dir='ltr'>τὰς</span> <span class='ocrx_word' id='word_1_419' title='bbox 1582 3213 1750 3284; x_wconf 85' lang='grc' dir='ltr'>μονὰς</span> <span class='ocrx_word' id='word_1_420' title='bbox 1793 3212 1988 3283; x_wconf 78' lang='grc' dir='ltr'>ἑαυτὴν</span> 
     </span>
    </p>
   </div>
   <div class='ocr_carea' id='block_1_61' title="bbox 2095 3194 3677 3286">
    <p class='ocr_par' dir='ltr' id='par_1_61' title="bbox 2096 3194 3677 3267">
     <span class='ocr_line' id='line_1_61' title="bbox 2096 3194 3677 3267; baseline -0.003 -15"><span class='ocrx_word' id='word_1_421' title='bbox 2096 3196 2418 3266; x_wconf 78' lang='lat' dir='ltr'><strong>fastigiata?</strong></span> <span class='ocrx_word' id='word_1_422' title='bbox 2467 3195 2931 3267; x_wconf 88' lang='lat' dir='ltr'><strong>quemadmodum</strong></span> <span class='ocrx_word' id='word_1_423' title='bbox 2978 3194 3035 3248; x_wconf 91' lang='lat' dir='ltr'><strong>in</strong></span> <span class='ocrx_word' id='word_1_424' title='bbox 3091 3203 3294 3249; x_wconf 90' lang='lat' dir='ltr'><strong>terram</strong></span> <span class='ocrx_word' id='word_1_425' title='bbox 3329 3194 3509 3254; x_wconf 88' lang='lat' dir='ltr'><strong>irruit.</strong></span> <span class='ocrx_word' id='word_1_426' title='bbox 3566 3208 3677 3247; x_wconf 92' lang='lat' dir='ltr'><strong>non</strong></span> 
     </span>
    </p>
   </div>
   <div class='ocr_carea' id='block_1_62' title="bbox 319 3304 1988 3376">
    <p class='ocr_par' dir='ltr' id='par_1_62' title="bbox 319 3304 1988 3376">
     <span class='ocr_line' id='line_1_62' title="bbox 319 3304 1988 3376; baseline -0.002 -14"><span class='ocrx_word' id='word_1_427' title='bbox 319 3329 326 3334; x_wconf 86' lang='grc'><strong>·</strong></span> <span class='ocrx_word' id='word_1_428' title='bbox 373 3308 852 3370; x_wconf 72' lang='grc' dir='ltr'>’ἐπεκὸάλλουσα,</span> <span class='ocrx_word' id='word_1_429' title='bbox 899 3306 993 3360; x_wconf 73' lang='grc' dir='ltr'><strong>καὶ</strong></span> <span class='ocrx_word' id='word_1_430' title='bbox 1033 3307 1153 3370; x_wconf 89' lang='grc' dir='ltr'>ταῖς</span> <span class='ocrx_word' id='word_1_431' title='bbox 1203 3304 1522 3376; x_wconf 76' lang='grc' dir='ltr'>ἐπαλλήλοις</span> <span class='ocrx_word' id='word_1_432' title='bbox 1569 3304 1680 3357; x_wconf 92' lang='grc' dir='ltr'><strong>τῶν</strong></span> <span class='ocrx_word' id='word_1_433' title='bbox 1727 3304 1988 3374; x_wconf 88' lang='grc' dir='ltr'>κυμάτων</span> 
     </span>
    </p>
   </div>
   <div class='ocr_carea' id='block_1_63' title="bbox 407 3396 1989 3471">
    <p class='ocr_par' dir='ltr' id='par_1_63' title="bbox 407 3396 1989 3471">
     <span class='ocr_line' id='line_1_63' title="bbox 407 3396 1989 3471; baseline -0.004 -16"><span class='ocrx_word' id='word_1_434' title='bbox 407 3401 650 3471; x_wconf 85' lang='grc' dir='ltr'>πληγαῖς</span> <span class='ocrx_word' id='word_1_435' title='bbox 681 3397 791 3453; x_wconf 78' lang='grc' dir='ltr'>οἷόν</span> <span class='ocrx_word' id='word_1_436' title='bbox 841 3417 950 3452; x_wconf 88' lang='grc' dir='ltr'>τισι</span> <span class='ocrx_word' id='word_1_437' title='bbox 997 3397 1406 3470; x_wconf 88' lang='grc' dir='ltr'>μηχανημάτων</span> <span class='ocrx_word' id='word_1_438' title='bbox 1453 3397 1780 3468; x_wconf 78' lang='grc' dir='ltr'>προσϐολαῖς</span> <span class='ocrx_word' id='word_1_439' title='bbox 1819 3396 1989 3468; x_wconf 79' lang='grc' dir='ltr'>αὐτὴν</span> 
     </span>
    </p>
   </div>
   <div class='ocr_carea' id='block_1_64' title="bbox 409 3487 1987 3561">
    <p class='ocr_par' dir='ltr' id='par_1_64' title="bbox 409 3487 1987 3561">
     <span class='ocr_line' id='line_1_64' title="bbox 409 3487 1987 3561; baseline -0.005 -12"><span class='ocrx_word' id='word_1_440' title='bbox 409 3493 798 3549; x_wconf 87' lang='grc' dir='ltr'>κατασείουσα.</span> <span class='ocrx_word' id='word_1_441' title='bbox 851 3491 1013 3545; x_wconf 85' lang='grc' dir='ltr'>Ἀλλά</span> <span class='ocrx_word' id='word_1_442' title='bbox 1039 3508 1126 3561; x_wconf 92' lang='grc' dir='ltr'><strong>μοι</strong></span> <span class='ocrx_word' id='word_1_443' title='bbox 1157 3491 1266 3543; x_wconf 88' lang='grc' dir='ltr'>νόει</span> <span class='ocrx_word' id='word_1_444' title='bbox 1304 3489 1374 3543; x_wconf 83' lang='grc' dir='ltr'>τὰ</span> <span class='ocrx_word' id='word_1_445' title='bbox 1401 3488 1494 3542; x_wconf 81' lang='grc' dir='ltr'>τοῦ</span> <span class='ocrx_word' id='word_1_446' title='bbox 1525 3487 1792 3559; x_wconf 87' lang='grc' dir='ltr'>χειμῶνος</span> <span class='ocrx_word' id='word_1_447' title='bbox 1817 3487 1987 3558; x_wconf 88' lang='grc' dir='ltr'>πάθη,</span> 
     </span>
    </p>
   </div>
   <div class='ocr_carea' id='block_1_65' title="bbox 403 3579 1990 3651">
    <p class='ocr_par' dir='ltr' id='par_1_65' title="bbox 403 3579 1990 3651">
     <span class='ocr_line' id='line_1_65' title="bbox 403 3579 1990 3651; baseline -0.006 -11"><span class='ocrx_word' id='word_1_448' title='bbox 403 3585 584 3641; x_wconf 83' lang='grc' dir='ltr'>ταῦτα</span> <span class='ocrx_word' id='word_1_449' title='bbox 619 3584 715 3639; x_wconf 71' lang='grc' dir='ltr'><strong>καὶ</strong></span> <span class='ocrx_word' id='word_1_450' title='bbox 742 3583 811 3637; x_wconf 92' lang='grc' dir='ltr'><strong>τά</strong></span> <span class='ocrx_word' id='word_1_451' title='bbox 838 3581 1063 3637; x_wconf 76' lang='grc' dir='ltr'>τοιαῦτα</span> <span class='ocrx_word' id='word_1_452' title='bbox 1086 3581 1265 3635; x_wconf 88' lang='grc' dir='ltr'>πάντα</span> <span class='ocrx_word' id='word_1_453' title='bbox 1295 3579 1730 3651; x_wconf 80' lang='grc' dir='ltr'>μεταλαμϐάνων</span> <span class='ocrx_word' id='word_1_454' title='bbox 1756 3581 1835 3643; x_wconf 85' lang='grc' dir='ltr'><strong>είς</strong></span> <span class='ocrx_word' id='word_1_455' title='bbox 1860 3597 1990 3650; x_wconf 80' lang='grc' dir='ltr'>τρο-</span> 
     </span>
    </p>
   </div>
   <div class='ocr_carea' id='block_1_66' title="bbox 407 3667 1990 3748">
    <p class='ocr_par' dir='ltr' id='par_1_66' title="bbox 407 3667 1990 3748">
     <span class='ocr_line' id='line_1_66' title="bbox 407 3667 1990 3748; baseline -0.008 -17"><span class='ocrx_word' id='word_1_456' title='bbox 407 3675 580 3748; x_wconf 83' lang='grc' dir='ltr'>πικὴν</span> <span class='ocrx_word' id='word_1_457' title='bbox 611 3675 908 3746; x_wconf 90' lang='grc' dir='ltr'>σημασίαν.</span> <span class='ocrx_word' id='word_1_458' title='bbox 941 3672 1005 3726; x_wconf 88' lang='grc' dir='ltr'>Τί</span> <span class='ocrx_word' id='word_1_459' title='bbox 1035 3673 1184 3725; x_wconf 89' lang='grc' dir='ltr'>ὲστιν</span> <span class='ocrx_word' id='word_1_460' title='bbox 1208 3672 1266 3723; x_wconf 86' lang='grc' dir='ltr'><strong>ἐν</strong></span> <span class='ocrx_word' id='word_1_461' title='bbox 1287 3668 1516 3740; x_wconf 88' lang='grc' dir='ltr'>χειμῶνι</span> <span class='ocrx_word' id='word_1_462' title='bbox 1545 3669 1605 3722; x_wconf 87' lang='grc' dir='ltr'><strong>τὸ</strong></span> <span class='ocrx_word' id='word_1_463' title='bbox 1632 3667 1905 3722; x_wconf 87' lang='grc' dir='ltr'>ἀπανθοῦν</span> <span class='ocrx_word' id='word_1_464' title='bbox 1929 3684 1990 3719; x_wconf 89' lang='grc' dir='ltr'><strong>τε</strong></span> 
     </span>
    </p>
   </div>
   <div class='ocr_carea' id='block_1_67' title="bbox 407 3757 1990 3836">
    <p class='ocr_par' dir='ltr' id='par_1_67' title="bbox 407 3757 1990 3836">
     <span class='ocr_line' id='line_1_67' title="bbox 407 3757 1990 3836; baseline -0.006 -16"><span class='ocrx_word' id='word_1_465' title='bbox 407 3766 510 3820; x_wconf 72' lang='grc' dir='ltr'>καὶ</span> <span class='ocrx_word' id='word_1_466' title='bbox 540 3764 964 3836; x_wconf 87' lang='grc' dir='ltr'>μαραινόμενον;</span> <span class='ocrx_word' id='word_1_467' title='bbox 1013 3761 1078 3815; x_wconf 89' lang='grc' dir='ltr'><strong>Τί</strong></span> <span class='ocrx_word' id='word_1_468' title='bbox 1109 3761 1170 3815; x_wconf 90' lang='grc' dir='ltr'><strong>τὸ</strong></span> <span class='ocrx_word' id='word_1_469' title='bbox 1211 3762 1290 3823; x_wconf 87' lang='grc' dir='ltr'><strong>είς</strong></span> <span class='ocrx_word' id='word_1_470' title='bbox 1317 3761 1421 3830; x_wconf 85' lang='grc' dir='ltr'><strong>γῆν</strong></span> <span class='ocrx_word' id='word_1_471' title='bbox 1448 3761 1512 3813; x_wconf 84' lang='grc' dir='ltr'><strong>ἐκ</strong></span> <span class='ocrx_word' id='word_1_472' title='bbox 1536 3757 1645 3813; x_wconf 89' lang='grc' dir='ltr'><strong>τῶν</strong></span> <span class='ocrx_word' id='word_1_473' title='bbox 1672 3759 1990 3829; x_wconf 83' lang='grc' dir='ltr'>ἀκρεμόνων</span> 
     </span>
    </p>
   </div>
   <div class='ocr_carea' id='block_1_68' title="bbox 407 3849 1992 3928">
    <p class='ocr_par' dir='ltr' id='par_1_68' title="bbox 407 3849 1992 3928">
     <span class='ocr_line' id='line_1_68' title="bbox 407 3849 1992 3928; baseline -0.006 -16"><span class='ocrx_word' id='word_1_474' title='bbox 407 3857 812 3928; x_wconf 89' lang='grc' dir='ltr'>ἀναλυόμενον;</span> <span class='ocrx_word' id='word_1_475' title='bbox 865 3855 961 3918; x_wconf 89' lang='grc' dir='ltr'><strong>Τίς</strong></span> <span class='ocrx_word' id='word_1_476' title='bbox 1007 3855 1040 3924; x_wconf 88' lang='grc' dir='ltr'><strong>ή</strong></span> <span class='ocrx_word' id='word_1_477' title='bbox 1090 3851 1349 3906; x_wconf 90' lang='grc' dir='ltr'>σιωπῶσα</span> <span class='ocrx_word' id='word_1_478' title='bbox 1380 3851 1490 3906; x_wconf 88' lang='grc' dir='ltr'><strong>τῶν</strong></span> <span class='ocrx_word' id='word_1_479' title='bbox 1524 3849 1735 3922; x_wconf 83' lang='grc' dir='ltr'>ᾠδικῶν</span> <span class='ocrx_word' id='word_1_480' title='bbox 1762 3849 1992 3922; x_wconf 88' lang='grc' dir='ltr'>ὀρνίθων</span> 
     </span>
    </p>
   </div>
   <div class='ocr_carea' id='block_1_69' title="bbox 409 3940 1992 4024">
    <p class='ocr_par' dir='ltr' id='par_1_69' title="bbox 409 3940 1992 4024">
     <span class='ocr_line' id='line_1_69' title="bbox 409 3940 1992 4024; baseline -0.005 -23"><span class='ocrx_word' id='word_1_481' title='bbox 409 3949 598 4018; x_wconf 87' lang='grc' dir='ltr'>φωνή;</span> <span class='ocrx_word' id='word_1_482' title='bbox 647 3946 743 4009; x_wconf 92' lang='grc' dir='ltr'><strong>Τίς</strong></span> <span class='ocrx_word' id='word_1_483' title='bbox 765 3947 798 4015; x_wconf 83' lang='grc' dir='ltr'>ὴ</span> <span class='ocrx_word' id='word_1_484' title='bbox 831 3945 1075 4024; x_wconf 74' lang='grc' dir='ltr'>θάλασσα</span> <span class='ocrx_word' id='word_1_485' title='bbox 1108 3945 1141 4014; x_wconf 82' lang='grc' dir='ltr'>ὴ</span> <span class='ocrx_word' id='word_1_486' title='bbox 1176 3941 1531 4014; x_wconf 81' lang='grc' dir='ltr'>ἐπωρυομένη</span> <span class='ocrx_word' id='word_1_487' title='bbox 1557 3943 1668 4004; x_wconf 84' lang='grc' dir='ltr'>τοῖς</span> <span class='ocrx_word' id='word_1_488' title='bbox 1698 3940 1888 4006; x_wconf 79' lang='grc' dir='ltr'>ὑδασι;</span> <span class='ocrx_word' id='word_1_489' title='bbox 1927 3940 1992 3993; x_wconf 91' lang='grc' dir='ltr'><strong>Τί</strong></span> 
     </span>
    </p>
   </div>
   <div class='ocr_carea' id='block_1_70' title="bbox 409 4033 1989 4102">
    <p class='ocr_par' dir='ltr' id='par_1_70' title="bbox 409 4033 1989 4102">
     <span class='ocr_line' id='line_1_70' title="bbox 409 4033 1989 4102; baseline -0.005 -8"><span class='ocrx_word' id='word_1_490' title='bbox 409 4040 510 4095; x_wconf 81' lang='grc' dir='ltr'><strong>ἐπὶ</strong></span> <span class='ocrx_word' id='word_1_491' title='bbox 541 4038 750 4101; x_wconf 85' lang='grc' dir='ltr'>τούτοις</span> <span class='ocrx_word' id='word_1_492' title='bbox 782 4038 809 4091; x_wconf 90' lang='lat'><strong>6</strong></span> <span class='ocrx_word' id='word_1_493' title='bbox 842 4036 1024 4101; x_wconf 87' lang='grc' dir='ltr'>ὑετός;</span> <span class='ocrx_word' id='word_1_494' title='bbox 1075 4035 1232 4098; x_wconf 89' lang='grc' dir='ltr'>Τίνες</span> <span class='ocrx_word' id='word_1_495' title='bbox 1273 4033 1368 4088; x_wconf 79' lang='grc' dir='ltr'>τοῦ</span> <span class='ocrx_word' id='word_1_496' title='bbox 1407 4033 1565 4087; x_wconf 80' lang='grc' dir='ltr'>ὑετοῦ</span> <span class='ocrx_word' id='word_1_497' title='bbox 1601 4035 1656 4087; x_wconf 77' lang='grc' dir='ltr'><strong>αἱ</strong></span> <span class='ocrx_word' id='word_1_498' title='bbox 1695 4034 1989 4102; x_wconf 89' lang='grc' dir='ltr'>σταγόνες;</span> 
     </span>
    </p>
   </div>
   <div class='ocr_carea' id='block_1_71' title="bbox 409 4124 1994 4200">
    <p class='ocr_par' dir='ltr' id='par_1_71' title="bbox 409 4124 1994 4200">
     <span class='ocr_line' id='line_1_71' title="bbox 409 4124 1994 4200; baseline -0.004 -15"><span class='ocrx_word' id='word_1_499' title='bbox 409 4131 544 4194; x_wconf 86' lang='grc' dir='ltr'>Πῶς</span> <span class='ocrx_word' id='word_1_500' title='bbox 569 4129 746 4198; x_wconf 86' lang='grc' dir='ltr'>ἐαυτῷ</span> <span class='ocrx_word' id='word_1_501' title='bbox 778 4127 1072 4200; x_wconf 84' lang='grc' dir='ltr'>πορεύεται</span> <span class='ocrx_word' id='word_1_502' title='bbox 1099 4129 1127 4180; x_wconf 90' lang='lat'><strong>6</strong></span> <span class='ocrx_word' id='word_1_503' title='bbox 1156 4125 1310 4189; x_wconf 90' lang='grc' dir='ltr'>ὑετός</span> <span class='ocrx_word' id='word_1_504' title='bbox 1343 4142 1359 4193; x_wconf 89' lang='grc'>;</span> <span class='ocrx_word' id='word_1_505' title='bbox 1411 4124 1510 4178; x_wconf 87' lang='grc' dir='ltr'>Διά</span> <span class='ocrx_word' id='word_1_506' title='bbox 1551 4124 1742 4179; x_wconf 88' lang='grc' dir='ltr'>τούτου</span> <span class='ocrx_word' id='word_1_507' title='bbox 1773 4125 1903 4197; x_wconf 85' lang='grc' dir='ltr'>γὰρ.</span> <span class='ocrx_word' id='word_1_508' title='bbox 1934 4125 1994 4179; x_wconf 89' lang='grc' dir='ltr'><strong>τὸ</strong></span> 
     </span>
    </p>
   </div>
   <div class='ocr_carea' id='block_1_72' title="bbox 412 4217 1996 4293">
    <p class='ocr_par' dir='ltr' id='par_1_72' title="bbox 412 4217 1996 4293">
     <span class='ocr_line' id='line_1_72' title="bbox 412 4217 1996 4293; baseline -0.003 -16"><span class='ocrx_word' id='word_1_509' title='bbox 412 4223 661 4293; x_wconf 72' lang='grc' dir='ltr'>ἔμψυχόν</span> <span class='ocrx_word' id='word_1_510' title='bbox 687 4238 748 4274; x_wconf 85' lang='grc' dir='ltr'><strong>τε</strong></span> <span class='ocrx_word' id='word_1_511' title='bbox 787 4220 882 4274; x_wconf 76' lang='grc' dir='ltr'>καὶ</span> <span class='ocrx_word' id='word_1_512' title='bbox 910 4219 1291 4291; x_wconf 84' lang='grc' dir='ltr'>προαιρετικὸν</span> <span class='ocrx_word' id='word_1_513' title='bbox 1317 4217 1413 4272; x_wconf 82' lang='grc' dir='ltr'>τοῦ</span> <span class='ocrx_word' id='word_1_514' title='bbox 1447 4218 1688 4272; x_wconf 89' lang='grc' dir='ltr'>τοιούτου</span> <span class='ocrx_word' id='word_1_515' title='bbox 1728 4217 1996 4288; x_wconf 86' lang='grc' dir='ltr'>χειμῶνος</span> 
     </span>
    </p>
   </div>
   <div class='ocr_carea' id='block_1_73' title="bbox 416 4307 1143 4382">
    <p class='ocr_par' dir='ltr' id='par_1_73' title="bbox 416 4307 1143 4382">
     <span class='ocr_line' id='line_1_73' title="bbox 416 4307 1143 4382; baseline -0.006 -17"><span class='ocrx_word' id='word_1_516' title='bbox 416 4311 786 4382; x_wconf 83' lang='grc' dir='ltr'>ὑποσημαίνει</span> <span class='ocrx_word' id='word_1_517' title='bbox 807 4309 868 4363; x_wconf 86' lang='grc' dir='ltr'><strong>τὸ</strong></span> <span class='ocrx_word' id='word_1_518' title='bbox 893 4307 1143 4378; x_wconf 86' lang='grc' dir='ltr'>αἴνιγμα.</span> 
     </span>
    </p>
   </div>
   <div class='ocr_carea' id='block_1_74' title="bbox 490 4461 1997 4538">
    <p class='ocr_par' dir='ltr' id='par_1_74' title="bbox 490 4461 1997 4538">
     <span class='ocr_line' id='line_1_74' title="bbox 490 4461 1997 4538; baseline -0.003 -18"><span class='ocrx_word' id='word_1_519' title='bbox 490 4467 642 4538; x_wconf 86' lang='grc' dir='ltr'>Τάχα</span> <span class='ocrx_word' id='word_1_520' title='bbox 675 4464 784 4535; x_wconf 82' lang='grc' dir='ltr'>γὰρ</span> <span class='ocrx_word' id='word_1_521' title='bbox 813 4461 916 4516; x_wconf 75' lang='grc' dir='ltr'><strong>κᾶν</strong></span> <span class='ocrx_word' id='word_1_522' title='bbox 949 4462 1026 4534; x_wconf 80' lang='grc' dir='ltr'>μὴ</span> <span class='ocrx_word' id='word_1_523' title='bbox 1053 4461 1196 4516; x_wconf 76' lang='grc' dir='ltr'>’καθ’</span> <span class='ocrx_word' id='word_1_524' title='bbox 1240 4461 1472 4516; x_wconf 72' lang='grc' dir='ltr'>ἕκαστον</span> <span class='ocrx_word' id='word_1_525' title='bbox 1507 4461 1821 4536; x_wconf 81' lang='grc' dir='ltr'>διασαφήσῃ</span> <span class='ocrx_word' id='word_1_526' title='bbox 1851 4463 1882 4516; x_wconf 89' lang='lat'><strong>6</strong></span> <span class='ocrx_word' id='word_1_527' title='bbox 1906 4462 1997 4516; x_wconf 76' lang='grc' dir='ltr'>λό-</span> 
     </span>
    </p>
   </div>
   <div class='ocr_carea' id='block_1_75' title="bbox 345 4549 2000 4632">
    <p class='ocr_par' dir='ltr' id='par_1_75' title="bbox 345 4549 2000 4632">
     <span class='ocr_line' id='line_1_75' title="bbox 345 4549 2000 4632; baseline -0.004 -18"><span class='ocrx_word' id='word_1_528' title='bbox 345 4549 358 4558; x_wconf 45' lang='lat'><strong><em>&#39;</em></strong></span> <span class='ocrx_word' id='word_1_529' title='bbox 414 4578 536 4632; x_wconf 88' lang='grc' dir='ltr'>γος,</span> <span class='ocrx_word' id='word_1_530' title='bbox 565 4557 830 4631; x_wconf 84' lang='grc' dir='ltr'>πρόδηλός</span> <span class='ocrx_word' id='word_1_531' title='bbox 867 4558 985 4610; x_wconf 83' lang='grc' dir='ltr'>ἐστι</span> <span class='ocrx_word' id='word_1_532' title='bbox 1016 4555 1096 4626; x_wconf 86' lang='grc' dir='ltr'>τῷ</span> <span class='ocrx_word' id='word_1_533' title='bbox 1143 4553 1437 4610; x_wconf 82' lang='grc' dir='ltr'>ἀκούσαντι</span> <span class='ocrx_word' id='word_1_534' title='bbox 1464 4556 1498 4626; x_wconf 81' lang='grc' dir='ltr'>ἡ</span> <span class='ocrx_word' id='word_1_535' title='bbox 1527 4555 1758 4609; x_wconf 80' lang='grc' dir='ltr'>ἑκάστου</span> <span class='ocrx_word' id='word_1_536' title='bbox 1793 4554 2000 4609; x_wconf 90' lang='grc' dir='ltr'>τούτων</span> 
     </span>
    </p>
   </div>
   <div class='ocr_carea' id='block_1_76' title="bbox 418 4646 2000 4723">
    <p class='ocr_par' dir='ltr' id='par_1_76' title="bbox 418 4646 2000 4723">
     <span class='ocr_line' id='line_1_76' title="bbox 418 4646 2000 4723; baseline -0.004 -17"><span class='ocrx_word' id='word_1_537' title='bbox 418 4651 803 4723; x_wconf 74' lang='grc' dir='ltr'>ἐμφαινομένη</span> <span class='ocrx_word' id='word_1_538' title='bbox 829 4648 1038 4701; x_wconf 87' lang='grc' dir='ltr'>διάνοια</span> <span class='ocrx_word' id='word_1_539' title='bbox 1073 4663 1088 4677; x_wconf 76' lang='grc'><strong>⁸</strong></span> <span class='ocrx_word' id='word_1_540' title='bbox 1141 4647 1258 4711; x_wconf 88' lang='grc' dir='ltr'><strong>πῶς</strong></span> <span class='ocrx_word' id='word_1_541' title='bbox 1291 4646 1534 4717; x_wconf 83' lang='grc' dir='ltr'>ἐτεθήλει</span> <span class='ocrx_word' id='word_1_542' title='bbox 1568 4647 1628 4701; x_wconf 88' lang='grc' dir='ltr'><strong>τὸ</strong></span> <span class='ocrx_word' id='word_1_543' title='bbox 1653 4647 1934 4717; x_wconf 83' lang='grc' dir='ltr'>καταρχὰς</span> <span class='ocrx_word' id='word_1_544' title='bbox 1967 4648 2000 4716; x_wconf 81' lang='grc' dir='ltr'>ἡ</span> 
     </span>
    </p>
   </div>
   <div class='ocr_carea' id='block_1_77' title="bbox 418 4735 2004 4816">
    <p class='ocr_par' dir='ltr' id='par_1_77' title="bbox 418 4735 2004 4816">
     <span class='ocr_line' id='line_1_77' title="bbox 418 4735 2004 4816; baseline -0.003 -20"><span class='ocrx_word' id='word_1_545' title='bbox 418 4741 738 4816; x_wconf 86' lang='grc' dir='ltr'>ἀνθρωπίνη</span> <span class='ocrx_word' id='word_1_546' title='bbox 773 4741 955 4810; x_wconf 89' lang='grc' dir='ltr'>φύσις,</span> <span class='ocrx_word' id='word_1_547' title='bbox 989 4739 1095 4803; x_wconf 78' lang='grc' dir='ltr'>ἕως</span> <span class='ocrx_word' id='word_1_548' title='bbox 1132 4740 1189 4791; x_wconf 89' lang='grc' dir='ltr'><strong>ἐν</strong></span> <span class='ocrx_word' id='word_1_549' title='bbox 1221 4737 1298 4810; x_wconf 81' lang='grc' dir='ltr'>τῷ</span> <span class='ocrx_word' id='word_1_550' title='bbox 1328 4739 1645 4811; x_wconf 87' lang='grc' dir='ltr'>παραδείσῳ</span> <span class='ocrx_word' id='word_1_551' title='bbox 1671 4735 1760 4810; x_wconf 83' lang='grc' dir='ltr'>ἦν,</span> <span class='ocrx_word' id='word_1_552' title='bbox 1798 4739 1878 4810; x_wconf 85' lang='grc' dir='ltr'>τῷ</span> <span class='ocrx_word' id='word_1_553' title='bbox 1903 4739 2004 4810; x_wconf 84' lang='grc' dir='ltr'>τῆς</span> 
     </span>
    </p>
   </div>
   <div class='ocr_carea' id='block_1_78' title="bbox 417 4829 2003 4904">
    <p class='ocr_par' dir='ltr' id='par_1_78' title="bbox 417 4829 2003 4904">
     <span class='ocr_line' id='line_1_78' title="bbox 417 4829 2003 4904; baseline -0.004 -16"><span class='ocrx_word' id='word_1_554' title='bbox 417 4833 606 4904; x_wconf 79' lang='grc' dir='ltr'>πηγῆς</span> <span class='ocrx_word' id='word_1_555' title='bbox 655 4831 870 4902; x_wconf 79' lang='grc' dir='ltr'>ἐκείνης</span> <span class='ocrx_word' id='word_1_556' title='bbox 919 4830 1070 4884; x_wconf 79' lang='grc' dir='ltr'>ὕδατι</span> <span class='ocrx_word' id='word_1_557' title='bbox 1100 4830 1422 4901; x_wconf 86' lang='grc' dir='ltr'>πιαινομένη</span> <span class='ocrx_word' id='word_1_558' title='bbox 1453 4830 1546 4884; x_wconf 74' lang='grc' dir='ltr'>καὶ</span> <span class='ocrx_word' id='word_1_559' title='bbox 1575 4829 1840 4885; x_wconf 87' lang='grc' dir='ltr'>θάλλουσα</span> <span class='ocrx_word' id='word_1_560' title='bbox 1863 4868 1879 4894; x_wconf 88' lang='grc'><strong>,</strong></span> <span class='ocrx_word' id='word_1_561' title='bbox 1914 4829 2003 4882; x_wconf 84' lang='grc' dir='ltr'><strong>ὅτε</strong></span> 
     </span>
    </p>
   </div>
   <div class='ocr_carea' id='block_1_79' title="bbox 415 4921 2005 4998">
    <p class='ocr_par' dir='ltr' id='par_1_79' title="bbox 415 4921 2005 4998">
     <span class='ocr_line' id='line_1_79' title="bbox 415 4921 2005 4998; baseline -0.001 -19"><span class='ocrx_word' id='word_1_562' title='bbox 415 4921 491 4998; x_wconf 77' lang='grc' dir='ltr'>ἦν</span> <span class='ocrx_word' id='word_1_563' title='bbox 538 4925 660 4979; x_wconf 71' lang='grc' dir='ltr'>ἀντὶ</span> <span class='ocrx_word' id='word_1_564' title='bbox 709 4922 922 4993; x_wconf 86' lang='grc' dir='ltr'>φύλλων</span> <span class='ocrx_word' id='word_1_565' title='bbox 953 4924 982 4975; x_wconf 90' lang='lat'><strong>6</strong></span> <span class='ocrx_word' id='word_1_566' title='bbox 1008 4922 1105 4992; x_wconf 87' lang='grc' dir='ltr'>τῆς</span> <span class='ocrx_word' id='word_1_567' title='bbox 1134 4921 1431 4984; x_wconf 81' lang='grc' dir='ltr'>ἀθανασίας</span> <span class='ocrx_word' id='word_1_568' title='bbox 1465 4921 1710 4991; x_wconf 85' lang='grc' dir='ltr'>βλαστὸς,</span> <span class='ocrx_word' id='word_1_569' title='bbox 1751 4921 2005 4994; x_wconf 77' lang='grc' dir='ltr'>ῶραῖζων</span> 
     </span>
    </p>
   </div>
   <div class='ocr_carea' id='block_1_80' title="bbox 419 5012 2005 5088">
    <p class='ocr_par' dir='ltr' id='par_1_80' title="bbox 419 5012 2005 5088">
     <span class='ocr_line' id='line_1_80' title="bbox 419 5012 2005 5088; baseline -0.001 -18"><span class='ocrx_word' id='word_1_570' title='bbox 419 5016 522 5088; x_wconf 80' lang='grc' dir='ltr'>τὴν</span> <span class='ocrx_word' id='word_1_571' title='bbox 552 5015 743 5086; x_wconf 85' lang='grc' dir='ltr'>φύσιν·</span> <span class='ocrx_word' id='word_1_572' title='bbox 783 5013 920 5068; x_wconf 83' lang='grc' dir='ltr'>ἀλλὰ</span> <span class='ocrx_word' id='word_1_573' title='bbox 968 5012 1065 5066; x_wconf 84' lang='grc' dir='ltr'>τοῦ</span> <span class='ocrx_word' id='word_1_574' title='bbox 1115 5013 1385 5084; x_wconf 89' lang='grc' dir='ltr'>χειμῶνος</span> <span class='ocrx_word' id='word_1_575' title='bbox 1435 5017 1532 5086; x_wconf 86' lang='grc' dir='ltr'><strong>τῆς</strong></span> <span class='ocrx_word' id='word_1_576' title='bbox 1573 5017 1862 5086; x_wconf 84' lang='grc' dir='ltr'>παρακοῆς</span> <span class='ocrx_word' id='word_1_577' title='bbox 1904 5015 2005 5088; x_wconf 85' lang='grc' dir='ltr'>τὴν</span> 
     </span>
    </p>
   </div>
   <div class='ocr_carea' id='block_1_81' title="bbox 422 5105 2004 5182">
    <p class='ocr_par' dir='ltr' id='par_1_81' title="bbox 422 5105 2004 5182">
     <span class='ocr_line' id='line_1_81' title="bbox 422 5105 2004 5182; baseline -0.001 -20"><span class='ocrx_word' id='word_1_578' title='bbox 422 5109 582 5182; x_wconf 72' lang='grc' dir='ltr'>ῥίζαν</span> <span class='ocrx_word' id='word_1_579' title='bbox 614 5107 1057 5178; x_wconf 80' lang='grc' dir='ltr'>άποξηράναντος</span> <span class='ocrx_word' id='word_1_580' title='bbox 1075 5147 1090 5171; x_wconf 92' lang='grc'><strong>,</strong></span> <span class='ocrx_word' id='word_1_581' title='bbox 1140 5106 1472 5177; x_wconf 81' lang='grc' dir='ltr'>άπετινάχθη</span> <span class='ocrx_word' id='word_1_582' title='bbox 1501 5105 1561 5158; x_wconf 89' lang='grc' dir='ltr'><strong>τὸ</strong></span> <span class='ocrx_word' id='word_1_583' title='bbox 1590 5107 1768 5170; x_wconf 84' lang='grc' dir='ltr'>άνθος,</span> <span class='ocrx_word' id='word_1_584' title='bbox 1801 5107 1896 5161; x_wconf 80' lang='grc' dir='ltr'><strong>καὶ</strong></span> <span class='ocrx_word' id='word_1_585' title='bbox 1924 5109 2004 5173; x_wconf 88' lang='grc' dir='ltr'><strong>είς</strong></span> 
     </span>
    </p>
   </div>
   <div class='ocr_carea' id='block_1_82' title="bbox 419 5196 2005 5273">
    <p class='ocr_par' dir='ltr' id='par_1_82' title="bbox 419 5196 2005 5273">
     <span class='ocr_line' id='line_1_82' title="bbox 419 5196 2005 5273; baseline -0.001 -19"><span class='ocrx_word' id='word_1_586' title='bbox 419 5202 528 5273; x_wconf 80' lang='grc' dir='ltr'>γῆν</span> <span class='ocrx_word' id='word_1_587' title='bbox 592 5199 825 5269; x_wconf 88' lang='grc' dir='ltr'>ἀνελύθη</span> <span class='ocrx_word' id='word_1_588' title='bbox 853 5238 868 5263; x_wconf 91' lang='grc'><strong>,</strong></span> <span class='ocrx_word' id='word_1_589' title='bbox 943 5197 1037 5251; x_wconf 74' lang='grc' dir='ltr'><strong>καὶ</strong></span> <span class='ocrx_word' id='word_1_590' title='bbox 1100 5196 1390 5268; x_wconf 79' lang='grc' dir='ltr'>ἐγυμνώθη</span> <span class='ocrx_word' id='word_1_591' title='bbox 1458 5197 1550 5250; x_wconf 80' lang='grc' dir='ltr'>τοῦ</span> <span class='ocrx_word' id='word_1_592' title='bbox 1617 5198 1845 5262; x_wconf 88' lang='grc' dir='ltr'>κάλλους</span> <span class='ocrx_word' id='word_1_593' title='bbox 1904 5201 2005 5271; x_wconf 83' lang='grc' dir='ltr'>τῆς</span> 
     </span>
    </p>
   </div>
   <div class='ocr_carea' id='block_1_83' title="bbox 421 5288 2005 5361">
    <p class='ocr_par' dir='ltr' id='par_1_83' title="bbox 421 5288 2005 5361">
     <span class='ocr_line' id='line_1_83' title="bbox 421 5288 2005 5361; baseline -0.004 -14"><span class='ocrx_word' id='word_1_594' title='bbox 421 5291 722 5354; x_wconf 88' lang='grc' dir='ltr'>ἀθανασίας</span> <span class='ocrx_word' id='word_1_595' title='bbox 756 5292 785 5344; x_wconf 89' lang='lat'><strong>6</strong></span> <span class='ocrx_word' id='word_1_596' title='bbox 817 5288 1123 5360; x_wconf 78' lang='grc' dir='ltr'>ἄνθρωπος,</span> <span class='ocrx_word' id='word_1_597' title='bbox 1149 5290 1243 5342; x_wconf 73' lang='grc' dir='ltr'>καὶ</span> <span class='ocrx_word' id='word_1_598' title='bbox 1284 5290 1318 5359; x_wconf 81' lang='grc' dir='ltr'>ἡ</span> <span class='ocrx_word' id='word_1_599' title='bbox 1359 5288 1466 5342; x_wconf 90' lang='grc' dir='ltr'><strong>τῶν</strong></span> <span class='ocrx_word' id='word_1_600' title='bbox 1504 5289 1715 5361; x_wconf 85' lang='grc' dir='ltr'>ἀρετῶν</span> <span class='ocrx_word' id='word_1_601' title='bbox 1747 5289 1851 5343; x_wconf 88' lang='grc' dir='ltr'><strong>πόα</strong></span> <span class='ocrx_word' id='word_1_602' title='bbox 1874 5307 2005 5343; x_wconf 87' lang='grc' dir='ltr'>κατ-</span> 
     </span>
    </p>
   </div>
   <div class='ocr_carea' id='block_1_84' title="bbox 422 5361 2081 5453">
    <p class='ocr_par' dir='ltr' id='par_1_84' title="bbox 422 5361 2081 5453">
     <span class='ocr_line' id='line_1_84' title="bbox 422 5361 2081 5453; baseline -0.001 -17"><span class='ocrx_word' id='word_1_603' title='bbox 422 5381 698 5453; x_wconf 73' lang='grc' dir='ltr'>εξηράνθη</span> <span class='ocrx_word' id='word_1_604' title='bbox 721 5419 737 5446; x_wconf 87' lang='grc'><strong>,</strong></span> <span class='ocrx_word' id='word_1_605' title='bbox 783 5381 882 5451; x_wconf 82' lang='grc' dir='ltr'>τῆς</span> <span class='ocrx_word' id='word_1_606' title='bbox 925 5380 1062 5452; x_wconf 86' lang='grc' dir='ltr'>πρὸς</span> <span class='ocrx_word' id='word_1_607' title='bbox 1105 5381 1194 5432; x_wconf 84' lang='grc' dir='ltr'><strong>τὸν</strong></span> <span class='ocrx_word' id='word_1_608' title='bbox 1237 5379 1368 5432; x_wconf 78' lang='grc' dir='ltr'>Θεὸν</span> <span class='ocrx_word' id='word_1_609' title='bbox 1401 5379 1619 5450; x_wconf 68' lang='grc' dir='ltr'>ἀγάπης</span> <span class='ocrx_word' id='word_1_610' title='bbox 1659 5379 1749 5434; x_wconf 84' lang='grc' dir='ltr'><strong>διά</strong></span> <span class='ocrx_word' id='word_1_611' title='bbox 1781 5380 1842 5433; x_wconf 89' lang='grc' dir='ltr'><strong>τὸ</strong></span> <span class='ocrx_word' id='word_1_612' title='bbox 1869 5381 2005 5453; x_wconf 73' lang='grc' dir='ltr'>πληο</span> <span class='ocrx_word' id='word_1_613' title='bbox 2034 5361 2081 5435; x_wconf 69' lang='grc'><strong>1)</strong></span> 
     </span>
    </p>
   </div>
   <div class='ocr_carea' id='block_1_85' title="bbox 422 5471 2001 5546">
    <p class='ocr_par' dir='ltr' id='par_1_85' title="bbox 422 5471 2001 5546">
     <span class='ocr_line' id='line_1_85' title="bbox 422 5471 2001 5546; baseline -0.003 -16"><span class='ocrx_word' id='word_1_614' title='bbox 422 5475 688 5546; x_wconf 83' lang='grc' dir='ltr'>θυνθῆναι</span> <span class='ocrx_word' id='word_1_615' title='bbox 733 5473 830 5545; x_wconf 85' lang='grc' dir='ltr'><strong>τὴν</strong></span> <span class='ocrx_word' id='word_1_616' title='bbox 868 5473 1098 5544; x_wconf 87' lang='grc' dir='ltr'>ἀνομίαν</span> <span class='ocrx_word' id='word_1_617' title='bbox 1142 5471 1586 5542; x_wconf 71' lang='grc' dir='ltr'>καταψυχούσης,</span> <span class='ocrx_word' id='word_1_618' title='bbox 1631 5471 1752 5526; x_wconf 85' lang='grc' dir='ltr'>ὅθεν</span> <span class='ocrx_word' id='word_1_619' title='bbox 1777 5472 1845 5526; x_wconf 88' lang='grc' dir='ltr'>τὰ</span> <span class='ocrx_word' id='word_1_620' title='bbox 1879 5490 2001 5527; x_wconf 88' lang='grc' dir='ltr'>ποι-</span> 
     </span>
    </p>
   </div>
   <div class='ocr_carea' id='block_1_86' title="bbox 421 5562 2007 5636">
    <p class='ocr_par' dir='ltr' id='par_1_86' title="bbox 421 5562 2007 5636">
     <span class='ocr_line' id='line_1_86' title="bbox 421 5562 2007 5636; baseline -0.003 -14"><span class='ocrx_word' id='word_1_621' title='bbox 421 5566 551 5622; x_wconf 73' lang='grc' dir='ltr'>κίλα</span> <span class='ocrx_word' id='word_1_622' title='bbox 601 5564 750 5636; x_wconf 87' lang='grc' dir='ltr'>πάθη</span> <span class='ocrx_word' id='word_1_623' title='bbox 809 5567 924 5628; x_wconf 89' lang='grc' dir='ltr'>τοῖς</span> <span class='ocrx_word' id='word_1_624' title='bbox 987 5563 1382 5634; x_wconf 88' lang='grc' dir='ltr'>ἀντικειμένοις</span> <span class='ocrx_word' id='word_1_625' title='bbox 1424 5562 1729 5632; x_wconf 86' lang='grc' dir='ltr'>πνεύμασιν</span> <span class='ocrx_word' id='word_1_626' title='bbox 1771 5563 1830 5614; x_wconf 89' lang='grc' dir='ltr'><strong>ἐν</strong></span> <span class='ocrx_word' id='word_1_627' title='bbox 1872 5562 2007 5633; x_wconf 79' lang='grc' dir='ltr'>ἡμῖν</span> 
     </span>
    </p>
   </div>
   <div class='ocr_carea' id='block_1_87' title="bbox 423 5648 2007 5728">
    <p class='ocr_par' dir='ltr' id='par_1_87' title="bbox 423 5648 2007 5728">
     <span class='ocr_line' id='line_1_87' title="bbox 423 5648 2007 5728; baseline -0.002 -18"><span class='ocrx_word' id='word_1_628' title='bbox 423 5654 770 5728; x_wconf 84' lang='grc' dir='ltr'>ἐκορυφώθη,</span> <span class='ocrx_word' id='word_1_629' title='bbox 807 5655 876 5708; x_wconf 81' lang='grc' dir='ltr'>δι’</span> <span class='ocrx_word' id='word_1_630' title='bbox 914 5648 988 5708; x_wconf 80' lang='grc' dir='ltr'>ὧν</span> <span class='ocrx_word' id='word_1_631' title='bbox 1032 5654 1099 5708; x_wconf 79' lang='grc' dir='ltr'>τὰ</span> <span class='ocrx_word' id='word_1_632' title='bbox 1151 5654 1364 5725; x_wconf 84' lang='grc' dir='ltr'>πονηρά</span> <span class='ocrx_word' id='word_1_633' title='bbox 1406 5653 1507 5723; x_wconf 76' lang='grc' dir='ltr'>τῆς</span> <span class='ocrx_word' id='word_1_634' title='bbox 1551 5653 1729 5724; x_wconf 74' lang='grc' dir='ltr'>ψυχῆς</span> <span class='ocrx_word' id='word_1_635' title='bbox 1772 5652 2007 5721; x_wconf 88' lang='grc' dir='ltr'>ναυάγια</span> 
     </span>
    </p>
   </div>
   <div class='ocr_carea' id='block_1_88' title="bbox 422 5743 2004 5816">
    <p class='ocr_par' dir='ltr' id='par_1_88' title="bbox 422 5743 2004 5816">
     <span class='ocr_line' id='line_1_88' title="bbox 422 5743 2004 5816; baseline 0 -18"><span class='ocrx_word' id='word_1_636' title='bbox 422 5747 656 5816; x_wconf 85' lang='grc' dir='ltr'>γίνεται.</span> <span class='ocrx_word' id='word_1_637' title='bbox 695 5747 834 5800; x_wconf 81' lang='grc' dir='ltr'>Ἀλλ’</span> <span class='ocrx_word' id='word_1_638' title='bbox 862 5747 1104 5810; x_wconf 80' lang='grc' dir='ltr'>ἐλθόντος</span> <span class='ocrx_word' id='word_1_639' title='bbox 1131 5744 1224 5799; x_wconf 79' lang='grc' dir='ltr'>τοῦ</span> <span class='ocrx_word' id='word_1_640' title='bbox 1268 5745 1328 5798; x_wconf 89' lang='grc' dir='ltr'><strong>τὸ</strong></span> <span class='ocrx_word' id='word_1_641' title='bbox 1358 5743 1456 5816; x_wconf 75' lang='grc' dir='ltr'>ἔαρ</span> <span class='ocrx_word' id='word_1_642' title='bbox 1483 5743 1591 5798; x_wconf 89' lang='grc' dir='ltr'><strong>τῶν</strong></span> <span class='ocrx_word' id='word_1_643' title='bbox 1617 5743 1805 5814; x_wconf 79' lang='grc' dir='ltr'>ψυχῶν</span> <span class='ocrx_word' id='word_1_644' title='bbox 1843 5745 2004 5816; x_wconf 81' lang='grc' dir='ltr'>ἡμῶν</span> 
     </span>
    </p>
   </div>
   <div class='ocr_carea' id='block_1_89' title="bbox 423 5832 2004 5910">
    <p class='ocr_par' dir='ltr' id='par_1_89' title="bbox 423 5832 2004 5910">
     <span class='ocr_line' id='line_1_89' title="bbox 423 5832 2004 5910; baseline -0.004 -16"><span class='ocrx_word' id='word_1_645' title='bbox 423 5841 848 5910; x_wconf 79' lang='grc' dir='ltr'>ἐμποιήσαντος,</span> <span class='ocrx_word' id='word_1_646' title='bbox 877 5837 954 5902; x_wconf 80' lang='grc' dir='ltr'><strong>ὃς,</strong></span> <span class='ocrx_word' id='word_1_647' title='bbox 992 5835 1086 5890; x_wconf 81' lang='grc' dir='ltr'>τοῦ</span> <span class='ocrx_word' id='word_1_648' title='bbox 1113 5832 1352 5906; x_wconf 83' lang='grc' dir='ltr'>πονηροῦ</span> <span class='ocrx_word' id='word_1_649' title='bbox 1375 5833 1580 5904; x_wconf 85' lang='grc' dir='ltr'>ἀνέμου</span> <span class='ocrx_word' id='word_1_650' title='bbox 1612 5832 1711 5904; x_wconf 80' lang='grc' dir='ltr'><strong>τὴν</strong></span> <span class='ocrx_word' id='word_1_651' title='bbox 1723 5833 2004 5888; x_wconf 80' lang='grc' dir='ltr'>θάλασσάν</span> 
     </span>
    </p>
   </div>
   <div class='ocr_carea' id='block_1_90' title="bbox 2096 3281 3678 3358">
    <p class='ocr_par' dir='ltr' id='par_1_90' title="bbox 2096 3281 3678 3358">
     <span class='ocr_line' id='line_1_90' title="bbox 2096 3281 3678 3358; baseline -0.004 -16"><span class='ocrx_word' id='word_1_652' title='bbox 2096 3303 2258 3344; x_wconf 83' lang='lat' dir='ltr'><strong>secus</strong></span> <span class='ocrx_word' id='word_1_653' title='bbox 2288 3296 2456 3358; x_wconf 87' lang='lat' dir='ltr'><strong>atque</strong></span> <span class='ocrx_word' id='word_1_654' title='bbox 2487 3285 2665 3342; x_wconf 90' lang='lat' dir='ltr'><strong>hostis</strong></span> <span class='ocrx_word' id='word_1_655' title='bbox 2692 3299 2992 3354; x_wconf 84' lang='lat' dir='ltr'><strong>erumpens</strong></span> <span class='ocrx_word' id='word_1_656' title='bbox 3025 3283 3168 3337; x_wconf 90' lang='lat' dir='ltr'><strong>ultra</strong></span> <span class='ocrx_word' id='word_1_657' title='bbox 3199 3284 3336 3338; x_wconf 87' lang='lat' dir='ltr'><strong>lines</strong></span> <span class='ocrx_word' id='word_1_658' title='bbox 3369 3298 3482 3337; x_wconf 65' lang='lat' dir='ltr'><strong>sum</strong></span> <span class='ocrx_word' id='word_1_659' title='bbox 3517 3281 3678 3337; x_wconf 85' lang='lat' dir='ltr'><strong>habi-</strong></span> 
     </span>
    </p>
   </div>
   <div class='ocr_carea' id='block_1_91' title="bbox 2096 3375 3677 3447">
    <p class='ocr_par' dir='ltr' id='par_1_91' title="bbox 2096 3375 3677 3447">
     <span class='ocr_line' id='line_1_91' title="bbox 2096 3375 3677 3447; baseline -0.004 -13"><span class='ocrx_word' id='word_1_660' title='bbox 2096 3379 2345 3443; x_wconf 84' lang='lat' dir='ltr'><strong>tationis,</strong></span> <span class='ocrx_word' id='word_1_661' title='bbox 2374 3385 2429 3434; x_wconf 90' lang='lat' dir='ltr'><strong>et</strong></span> <span class='ocrx_word' id='word_1_662' title='bbox 2456 3376 2826 3447; x_wconf 84' lang='lat' dir='ltr'><strong>frequentium</strong></span> <span class='ocrx_word' id='word_1_663' title='bbox 2862 3375 3131 3429; x_wconf 89' lang='lat' dir='ltr'><strong>undarum</strong></span> <span class='ocrx_word' id='word_1_664' title='bbox 3168 3375 3394 3438; x_wconf 87' lang='lat' dir='ltr'><strong>ictibus,</strong></span> <span class='ocrx_word' id='word_1_665' title='bbox 3417 3382 3677 3443; x_wconf 88' lang='lat' dir='ltr'><strong>tanquam</strong></span> 
     </span>
    </p>
   </div>
   <div class='ocr_carea' id='block_1_92' title="bbox 2095 3465 3681 3541">
    <p class='ocr_par' dir='ltr' id='par_1_92' title="bbox 2095 3465 3681 3541">
     <span class='ocr_line' id='line_1_92' title="bbox 2095 3465 3681 3541; baseline -0.006 -15"><span class='ocrx_word' id='word_1_666' title='bbox 2095 3471 2379 3541; x_wconf 88' lang='lat' dir='ltr'><strong>aliquibus</strong></span> <span class='ocrx_word' id='word_1_667' title='bbox 2405 3469 2786 3523; x_wconf 88' lang='lat' dir='ltr'><strong>machinarum</strong></span> <span class='ocrx_word' id='word_1_668' title='bbox 2826 3467 3150 3529; x_wconf 89' lang='lat' dir='ltr'><strong>insultibus,</strong></span> <span class='ocrx_word' id='word_1_669' title='bbox 3178 3466 3352 3536; x_wconf 89' lang='lat' dir='ltr'><strong>ipsam</strong></span> <span class='ocrx_word' id='word_1_670' title='bbox 3387 3465 3681 3536; x_wconf 86' lang='lat' dir='ltr'><strong>quatiens?</strong></span> 
     </span>
    </p>
   </div>
   <div class='ocr_carea' id='block_1_93' title="bbox 2096 3556 3681 3629">
    <p class='ocr_par' dir='ltr' id='par_1_93' title="bbox 2096 3556 3681 3629">
     <span class='ocr_line' id='line_1_93' title="bbox 2096 3556 3681 3629; baseline -0.003 -12"><span class='ocrx_word' id='word_1_671' title='bbox 2096 3561 2206 3618; x_wconf 90' lang='lat' dir='ltr'><strong>Sed</strong></span> <span class='ocrx_word' id='word_1_672' title='bbox 2245 3562 2346 3615; x_wconf 92' lang='lat' dir='ltr'><strong>has</strong></span> <span class='ocrx_word' id='word_1_673' title='bbox 2378 3567 2434 3615; x_wconf 89' lang='lat' dir='ltr'><strong>et</strong></span> <span class='ocrx_word' id='word_1_674' title='bbox 2468 3575 2592 3629; x_wconf 65' lang='lat' dir='ltr'><strong>quae</strong></span> <span class='ocrx_word' id='word_1_675' title='bbox 2619 3568 2749 3614; x_wconf 85' lang='lat' dir='ltr'><strong>sunt</strong></span> <span class='ocrx_word' id='word_1_676' title='bbox 2779 3556 3094 3627; x_wconf 88' lang='lat' dir='ltr'><strong>hujusmodi</strong></span> <span class='ocrx_word' id='word_1_677' title='bbox 3132 3557 3331 3612; x_wconf 89' lang='lat' dir='ltr'><strong>hiemis</strong></span> <span class='ocrx_word' id='word_1_678' title='bbox 3362 3557 3681 3613; x_wconf 85' lang='lat' dir='ltr'><strong>aﬁ‘ectiones</strong></span> 
     </span>
    </p>
   </div>
   <div class='ocr_carea' id='block_1_94' title="bbox 2095 3649 3682 3720">
    <p class='ocr_par' dir='ltr' id='par_1_94' title="bbox 2095 3649 3682 3720">
     <span class='ocr_line' id='line_1_94' title="bbox 2095 3649 3682 3720; baseline -0.006 -9"><span class='ocrx_word' id='word_1_679' title='bbox 2095 3670 2291 3711; x_wconf 89' lang='lat' dir='ltr'><strong>omnes</strong></span> <span class='ocrx_word' id='word_1_680' title='bbox 2310 3653 2443 3707; x_wconf 90' lang='lat' dir='ltr'><strong>mihi</strong></span> <span class='ocrx_word' id='word_1_681' title='bbox 2467 3661 2649 3706; x_wconf 91' lang='lat' dir='ltr'><strong>mente</strong></span> <span class='ocrx_word' id='word_1_682' title='bbox 2682 3663 2842 3705; x_wconf 84' lang='lat' dir='ltr'><strong>versa</strong></span> <span class='ocrx_word' id='word_1_683' title='bbox 2881 3649 2948 3703; x_wconf 88' lang='lat' dir='ltr'><strong>ad</strong></span> <span class='ocrx_word' id='word_1_684' title='bbox 2995 3649 3265 3720; x_wconf 90' lang='lat' dir='ltr'><strong>tropicam</strong></span> <span class='ocrx_word' id='word_1_685' title='bbox 3297 3649 3576 3705; x_wconf 89' lang='lat' dir='ltr'><strong>deducens</strong></span> <span class='ocrx_word' id='word_1_686' title='bbox 3606 3651 3682 3704; x_wconf 85' lang='lat' dir='ltr'><strong>si-</strong></span> 
     </span>
    </p>
   </div>
   <div class='ocr_carea' id='block_1_95' title="bbox 2096 3736 3682 3814">
    <p class='ocr_par' dir='ltr' id='par_1_95' title="bbox 2096 3736 3682 3814">
     <span class='ocr_line' id='line_1_95' title="bbox 2096 3736 3682 3814; baseline -0.004 -16"><span class='ocrx_word' id='word_1_687' title='bbox 2096 3743 2526 3814; x_wconf 86' lang='lat' dir='ltr'><strong>gniﬁcationem.</strong></span> <span class='ocrx_word' id='word_1_688' title='bbox 2561 3739 2702 3806; x_wconf 86' lang='lat' dir='ltr'><strong>Quid</strong></span> <span class='ocrx_word' id='word_1_689' title='bbox 2745 3739 2818 3793; x_wconf 91' lang='lat' dir='ltr'><strong>sit</strong></span> <span class='ocrx_word' id='word_1_690' title='bbox 2858 3738 3002 3808; x_wconf 92' lang='lat' dir='ltr'><strong>quod</strong></span> <span class='ocrx_word' id='word_1_691' title='bbox 3056 3737 3233 3791; x_wconf 90' lang='lat' dir='ltr'><strong>hieme</strong></span> <span class='ocrx_word' id='word_1_692' title='bbox 3270 3736 3583 3792; x_wconf 88' lang='lat' dir='ltr'><strong>deﬂorescit</strong></span> <span class='ocrx_word' id='word_1_693' title='bbox 3627 3745 3682 3792; x_wconf 89' lang='lat' dir='ltr'><strong>ct</strong></span> 
     </span>
    </p>
   </div>
   <div class='ocr_carea' id='block_1_96' title="bbox 2098 3826 3685 3896">
    <p class='ocr_par' dir='ltr' id='par_1_96' title="bbox 2098 3826 3685 3896">
     <span class='ocr_line' id='line_1_96' title="bbox 2098 3826 3685 3896; baseline -0.004 -11"><span class='ocrx_word' id='word_1_694' title='bbox 2098 3829 2427 3885; x_wconf 83' lang='lat' dir='ltr'><strong>marcescit?</strong></span> <span class='ocrx_word' id='word_1_695' title='bbox 2449 3827 2590 3894; x_wconf 85' lang='lat' dir='ltr'><strong>Quid</strong></span> <span class='ocrx_word' id='word_1_696' title='bbox 2619 3827 2692 3882; x_wconf 90' lang='lat' dir='ltr'><strong>sit</strong></span> <span class='ocrx_word' id='word_1_697' title='bbox 2725 3827 2867 3896; x_wconf 91' lang='lat' dir='ltr'><strong>quod</strong></span> <span class='ocrx_word' id='word_1_698' title='bbox 2903 3827 2958 3880; x_wconf 89' lang='lat' dir='ltr'><strong>in</strong></span> <span class='ocrx_word' id='word_1_699' title='bbox 2981 3833 3182 3880; x_wconf 90' lang='lat' dir='ltr'><strong>terram</strong></span> <span class='ocrx_word' id='word_1_700' title='bbox 3213 3841 3277 3879; x_wconf 81' lang='lat' dir='ltr'><strong>ex</strong></span> <span class='ocrx_word' id='word_1_701' title='bbox 3312 3826 3480 3881; x_wconf 89' lang='lat' dir='ltr'><strong>ramis</strong></span> <span class='ocrx_word' id='word_1_702' title='bbox 3511 3827 3685 3882; x_wconf 81' lang='lat' dir='ltr'><strong>resol-</strong></span> 
     </span>
    </p>
   </div>
   <div class='ocr_carea' id='block_1_97' title="bbox 2098 3918 3683 3987">
    <p class='ocr_par' dir='ltr' id='par_1_97' title="bbox 2098 3918 3683 3987">
     <span class='ocr_line' id='line_1_97' title="bbox 2098 3918 3683 3987; baseline -0.003 -11"><span class='ocrx_word' id='word_1_703' title='bbox 2098 3920 2557 3986; x_wconf 73' lang='lat' dir='ltr'><strong>vitur?Quzenam</strong></span> <span class='ocrx_word' id='word_1_704' title='bbox 2582 3919 2654 3974; x_wconf 88' lang='lat' dir='ltr'><strong>sit</strong></span> <span class='ocrx_word' id='word_1_705' title='bbox 2671 3933 2776 3973; x_wconf 79' lang='lat' dir='ltr'><strong>vox</strong></span> <span class='ocrx_word' id='word_1_706' title='bbox 2799 3933 2919 3987; x_wconf 66' lang='lat' dir='ltr'><strong>qum</strong></span> <span class='ocrx_word' id='word_1_707' title='bbox 2949 3918 3074 3972; x_wconf 89' lang='lat' dir='ltr'><strong>silet</strong></span> <span class='ocrx_word' id='word_1_708' title='bbox 3103 3931 3434 3971; x_wconf 86' lang='lat' dir='ltr'><strong>cannrarum</strong></span> <span class='ocrx_word' id='word_1_709' title='bbox 3460 3919 3683 3973; x_wconf 82' lang='lat' dir='ltr'><strong>avium?</strong></span> 
     </span>
    </p>
   </div>
   <div class='ocr_carea' id='block_1_98' title="bbox 2097 4009 3681 4086">
    <p class='ocr_par' dir='ltr' id='par_1_98' title="bbox 2097 4009 3681 4086">
     <span class='ocr_line' id='line_1_98' title="bbox 2097 4009 3681 4086; baseline -0.003 -17"><span class='ocrx_word' id='word_1_710' title='bbox 2097 4014 2375 4086; x_wconf 77' lang='lat' dir='ltr'><strong>quodnam</strong></span> <span class='ocrx_word' id='word_1_711' title='bbox 2419 4013 2492 4068; x_wconf 90' lang='lat' dir='ltr'><strong>sit</strong></span> <span class='ocrx_word' id='word_1_712' title='bbox 2533 4026 2683 4066; x_wconf 87' lang='lat' dir='ltr'><strong>mare</strong></span> <span class='ocrx_word' id='word_1_713' title='bbox 2731 4012 2877 4080; x_wconf 89' lang='lat' dir='ltr'><strong>quod</strong></span> <span class='ocrx_word' id='word_1_714' title='bbox 2909 4011 3056 4080; x_wconf 90' lang='lat' dir='ltr'><strong>rugit</strong></span> <span class='ocrx_word' id='word_1_715' title='bbox 3093 4009 3390 4065; x_wconf 85' lang='lat' dir='ltr'><strong>ﬂuctibus?</strong></span> <span class='ocrx_word' id='word_1_716' title='bbox 3417 4009 3681 4075; x_wconf 87' lang='lat' dir='ltr'><strong>Quisnam</strong></span> 
     </span>
    </p>
   </div>
   <div class='ocr_carea' id='block_1_99' title="bbox 2099 4105 3684 4173">
    <p class='ocr_par' dir='ltr' id='par_1_99' title="bbox 2099 4105 3684 4173">
     <span class='ocr_line' id='line_1_99' title="bbox 2099 4105 3684 4173; baseline -0.001 -11"><span class='ocrx_word' id='word_1_717' title='bbox 2099 4108 2298 4163; x_wconf 89' lang='lat' dir='ltr'><strong>deinde</strong></span> <span class='ocrx_word' id='word_1_718' title='bbox 2335 4107 2407 4163; x_wconf 90' lang='lat' dir='ltr'><strong>sit</strong></span> <span class='ocrx_word' id='word_1_719' title='bbox 2440 4107 2658 4161; x_wconf 84' lang='lat' dir='ltr'><strong>imber?</strong></span> <span class='ocrx_word' id='word_1_720' title='bbox 2684 4105 2816 4171; x_wconf 62' lang='lat' dir='ltr'><strong>Qum</strong></span> <span class='ocrx_word' id='word_1_721' title='bbox 2833 4105 2944 4160; x_wconf 89' lang='lat' dir='ltr'><strong>sint</strong></span> <span class='ocrx_word' id='word_1_722' title='bbox 2966 4105 3159 4160; x_wconf 90' lang='lat' dir='ltr'><strong>imbris</strong></span> <span class='ocrx_word' id='word_1_723' title='bbox 3185 4106 3383 4160; x_wconf 72' lang='lat' dir='ltr'><strong>stillae?</strong></span> <span class='ocrx_word' id='word_1_724' title='bbox 3413 4105 3684 4173; x_wconf 84' lang='lat' dir='ltr'><strong>Quemad-</strong></span> 
     </span>
    </p>
   </div>
   <div class='ocr_carea' id='block_1_100' title="bbox 2099 4193 3681 4264">
    <p class='ocr_par' dir='ltr' id='par_1_100' title="bbox 2099 4193 3681 4264">
     <span class='ocr_line' id='line_1_100' title="bbox 2099 4193 3681 4264; baseline -0.002 -11"><span class='ocrx_word' id='word_1_725' title='bbox 2099 4199 2320 4253; x_wconf 92' lang='lat' dir='ltr'><strong>modum</strong></span> <span class='ocrx_word' id='word_1_726' title='bbox 2361 4197 2539 4251; x_wconf 90' lang='lat' dir='ltr'><strong>imber</strong></span> <span class='ocrx_word' id='word_1_727' title='bbox 2570 4197 2724 4252; x_wconf 88' lang='lat' dir='ltr'><strong>abeat</strong></span> <span class='ocrx_word' id='word_1_728' title='bbox 2762 4204 2816 4250; x_wconf 92' lang='lat' dir='ltr'><strong>et</strong></span> <span class='ocrx_word' id='word_1_729' title='bbox 2857 4210 2916 4251; x_wconf 91' lang='lat' dir='ltr'><strong>se</strong></span> <span class='ocrx_word' id='word_1_730' title='bbox 2936 4194 3165 4264; x_wconf 82' lang='lat' dir='ltr'><strong>recipiat</strong></span> <span class='ocrx_word' id='word_1_731' title='bbox 3186 4195 3210 4247; x_wconf 90' lang='lat'><strong>?</strong></span> <span class='ocrx_word' id='word_1_732' title='bbox 3235 4193 3337 4248; x_wconf 85' lang='lat' dir='ltr'><strong>Per</strong></span> <span class='ocrx_word' id='word_1_733' title='bbox 3370 4196 3475 4250; x_wconf 93' lang='lat' dir='ltr'><strong>hoc</strong></span> <span class='ocrx_word' id='word_1_734' title='bbox 3512 4197 3681 4262; x_wconf 89' lang='lat' dir='ltr'><strong>enim,</strong></span> 
     </span>
    </p>
   </div>
   <div class='ocr_carea' id='block_1_101' title="bbox 2101 4286 3679 4360">
    <p class='ocr_par' dir='ltr' id='par_1_101' title="bbox 2101 4286 3679 4360">
     <span class='ocr_line' id='line_1_101' title="bbox 2101 4286 3679 4360; baseline -0.002 -14"><span class='ocrx_word' id='word_1_735' title='bbox 2101 4291 2155 4346; x_wconf 89' lang='lat' dir='ltr'><strong>id</strong></span> <span class='ocrx_word' id='word_1_736' title='bbox 2184 4288 2332 4360; x_wconf 90' lang='lat' dir='ltr'><strong>quod</strong></span> <span class='ocrx_word' id='word_1_737' title='bbox 2369 4297 2452 4342; x_wconf 90' lang='lat' dir='ltr'><strong>est</strong></span> <span class='ocrx_word' id='word_1_738' title='bbox 2489 4288 2790 4342; x_wconf 89' lang='lat' dir='ltr'><strong>animatum</strong></span> <span class='ocrx_word' id='word_1_739' title='bbox 2823 4293 2876 4341; x_wconf 90' lang='lat' dir='ltr'><strong>et</strong></span> <span class='ocrx_word' id='word_1_740' title='bbox 2909 4286 3082 4341; x_wconf 87' lang='lat' dir='ltr'><strong>libero</strong></span> <span class='ocrx_word' id='word_1_741' title='bbox 3111 4286 3340 4340; x_wconf 88' lang='lat' dir='ltr'><strong>arbitrio</strong></span> <span class='ocrx_word' id='word_1_742' title='bbox 3370 4288 3679 4356; x_wconf 85' lang='lat' dir='ltr'><strong>praeditum,</strong></span> 
     </span>
    </p>
   </div>
   <div class='ocr_carea' id='block_1_102' title="bbox 2103 4378 3291 4450">
    <p class='ocr_par' dir='ltr' id='par_1_102' title="bbox 2103 4378 3291 4450">
     <span class='ocr_line' id='line_1_102' title="bbox 2103 4378 3291 4450; baseline -0.005 -14"><span class='ocrx_word' id='word_1_743' title='bbox 2103 4382 2269 4437; x_wconf 90' lang='lat' dir='ltr'><strong>tacite</strong></span> <span class='ocrx_word' id='word_1_744' title='bbox 2303 4379 2577 4450; x_wconf 87' lang='lat' dir='ltr'><strong>signiﬁcat</strong></span> <span class='ocrx_word' id='word_1_745' title='bbox 2615 4379 2847 4448; x_wconf 59' lang='lat' dir='ltr'><strong>arnigma</strong></span> <span class='ocrx_word' id='word_1_746' title='bbox 2887 4379 3053 4448; x_wconf 80' lang='lat' dir='ltr'><strong>hujus</strong></span> <span class='ocrx_word' id='word_1_747' title='bbox 3070 4378 3291 4433; x_wconf 83' lang='lat' dir='ltr'><strong>hiemis.</strong></span> 
     </span>
    </p>
   </div>
   <div class='ocr_carea' id='block_1_103' title="bbox 2175 4468 3682 4540">
    <p class='ocr_par' dir='ltr' id='par_1_103' title="bbox 2175 4468 3682 4540">
     <span class='ocr_line' id='line_1_103' title="bbox 2175 4468 3682 4540; baseline -0.001 -16"><span class='ocrx_word' id='word_1_748' title='bbox 2175 4470 2340 4526; x_wconf 88' lang='lat' dir='ltr'><strong>Forte</strong></span> <span class='ocrx_word' id='word_1_749' title='bbox 2372 4469 2517 4524; x_wconf 90' lang='lat' dir='ltr'><strong>enim</strong></span> <span class='ocrx_word' id='word_1_750' title='bbox 2571 4469 2675 4524; x_wconf 89' lang='lat' dir='ltr'><strong>etsi</strong></span> <span class='ocrx_word' id='word_1_751' title='bbox 2731 4469 2944 4540; x_wconf 87' lang='lat' dir='ltr'><strong>singula</strong></span> <span class='ocrx_word' id='word_1_752' title='bbox 2976 4484 3084 4523; x_wconf 93' lang='lat' dir='ltr'><strong>non</strong></span> <span class='ocrx_word' id='word_1_753' title='bbox 3125 4468 3418 4537; x_wconf 83' lang='lat' dir='ltr'><strong>explicarit</strong></span> <span class='ocrx_word' id='word_1_754' title='bbox 3471 4469 3682 4534; x_wconf 89' lang='lat' dir='ltr'><strong>oratio,</strong></span> 
     </span>
    </p>
   </div>
   <div class='ocr_carea' id='block_1_104' title="bbox 2104 4556 3686 4626">
    <p class='ocr_par' dir='ltr' id='par_1_104' title="bbox 2104 4556 3686 4626">
     <span class='ocr_line' id='line_1_104' title="bbox 2104 4556 3686 4626; baseline -0.003 -9"><span class='ocrx_word' id='word_1_755' title='bbox 2104 4558 2342 4617; x_wconf 88' lang='lat' dir='ltr'><strong>auditori</strong></span> <span class='ocrx_word' id='word_1_756' title='bbox 2384 4559 2491 4613; x_wconf 90' lang='lat' dir='ltr'><strong>erit</strong></span> <span class='ocrx_word' id='word_1_757' title='bbox 2525 4557 2817 4612; x_wconf 81' lang='lat' dir='ltr'><strong>manifesta</strong></span> <span class='ocrx_word' id='word_1_758' title='bbox 2867 4556 3139 4612; x_wconf 91' lang='lat' dir='ltr'><strong>sententia</strong></span> <span class='ocrx_word' id='word_1_759' title='bbox 3176 4571 3296 4626; x_wconf 68' lang='lat' dir='ltr'><strong>quae</strong></span> <span class='ocrx_word' id='word_1_760' title='bbox 3349 4572 3408 4612; x_wconf 90' lang='lat' dir='ltr'><strong>se</strong></span> <span class='ocrx_word' id='word_1_761' title='bbox 3445 4559 3686 4613; x_wconf 85' lang='lat' dir='ltr'><strong>ostendit</strong></span> 
     </span>
    </p>
   </div>
   <div class='ocr_carea' id='block_1_105' title="bbox 2105 4648 3688 4720">
    <p class='ocr_par' dir='ltr' id='par_1_105' title="bbox 2105 4648 3688 4720">
     <span class='ocr_line' id='line_1_105' title="bbox 2105 4648 3688 4720; baseline -0.005 -12"><span class='ocrx_word' id='word_1_762' title='bbox 2105 4653 2159 4708; x_wconf 91' lang='lat' dir='ltr'><strong>in</strong></span> <span class='ocrx_word' id='word_1_763' title='bbox 2200 4663 2536 4720; x_wconf 90' lang='lat' dir='ltr'><strong>unoquoque</strong></span> <span class='ocrx_word' id='word_1_764' title='bbox 2563 4663 2755 4703; x_wconf 89' lang='lat' dir='ltr'><strong>eorum</strong></span> <span class='ocrx_word' id='word_1_765' title='bbox 2783 4666 2796 4701; x_wconf 88' lang='lat'>:</span> <span class='ocrx_word' id='word_1_766' title='bbox 2829 4649 3289 4718; x_wconf 87' lang='lat' dir='ltr'><strong>quemadmodum</strong></span> <span class='ocrx_word' id='word_1_767' title='bbox 3322 4649 3374 4702; x_wconf 90' lang='lat' dir='ltr'><strong>in</strong></span> <span class='ocrx_word' id='word_1_768' title='bbox 3404 4648 3558 4702; x_wconf 89' lang='lat' dir='ltr'><strong>initio</strong></span> <span class='ocrx_word' id='word_1_769' title='bbox 3586 4650 3688 4702; x_wconf 86' lang='lat' dir='ltr'><strong>hu-</strong></span> 
     </span>
    </p>
   </div>
   <div class='ocr_carea' id='block_1_106' title="bbox 2104 4739 3683 4813">
    <p class='ocr_par' dir='ltr' id='par_1_106' title="bbox 2104 4739 3683 4813">
     <span class='ocr_line' id='line_1_106' title="bbox 2104 4739 3683 4813; baseline -0.003 -15"><span class='ocrx_word' id='word_1_770' title='bbox 2104 4757 2269 4798; x_wconf 87' lang='lat' dir='ltr'><strong>mana</strong></span> <span class='ocrx_word' id='word_1_771' title='bbox 2303 4740 2632 4813; x_wconf 88' lang='lat' dir='ltr'><strong>germinavit</strong></span> <span class='ocrx_word' id='word_1_772' title='bbox 2667 4748 2887 4804; x_wconf 88' lang='lat' dir='ltr'><strong>natura,</strong></span> <span class='ocrx_word' id='word_1_773' title='bbox 2917 4739 3161 4810; x_wconf 90' lang='lat' dir='ltr'><strong>quandiu</strong></span> <span class='ocrx_word' id='word_1_774' title='bbox 3198 4739 3375 4794; x_wconf 79' lang='lat' dir='ltr'><strong>fuitin</strong></span> <span class='ocrx_word' id='word_1_775' title='bbox 3406 4741 3683 4810; x_wconf 88' lang='lat' dir='ltr'><strong>paradiso,</strong></span> 
     </span>
    </p>
   </div>
   <div class='ocr_carea' id='block_1_107' title="bbox 2103 4831 3686 4904">
    <p class='ocr_par' dir='ltr' id='par_1_107' title="bbox 2103 4831 3686 4904">
     <span class='ocr_line' id='line_1_107' title="bbox 2103 4831 3686 4904; baseline -0.001 -16"><span class='ocrx_word' id='word_1_776' title='bbox 2103 4847 2248 4904; x_wconf 88' lang='lat' dir='ltr'><strong>aqua</strong></span> <span class='ocrx_word' id='word_1_777' title='bbox 2312 4832 2464 4888; x_wconf 90' lang='lat' dir='ltr'><strong>illius</strong></span> <span class='ocrx_word' id='word_1_778' title='bbox 2497 4831 2664 4887; x_wconf 77' lang='lat' dir='ltr'><strong>fontis</strong></span> <span class='ocrx_word' id='word_1_779' title='bbox 2696 4831 2922 4902; x_wconf 86' lang='lat' dir='ltr'><strong>irrigata</strong></span> <span class='ocrx_word' id='word_1_780' title='bbox 2955 4840 3010 4886; x_wconf 89' lang='lat' dir='ltr'><strong>et</strong></span> <span class='ocrx_word' id='word_1_781' title='bbox 3065 4831 3386 4902; x_wconf 86' lang='lat' dir='ltr'><strong>germinans</strong></span> <span class='ocrx_word' id='word_1_782' title='bbox 3414 4845 3430 4885; x_wconf 90' lang='lat'><strong>:</strong></span> <span class='ocrx_word' id='word_1_783' title='bbox 3466 4832 3686 4902; x_wconf 85' lang='lat' dir='ltr'><strong>quando</strong></span> 
     </span>
    </p>
   </div>
   <div class='ocr_carea' id='block_1_108' title="bbox 2104 4923 3686 4996">
    <p class='ocr_par' dir='ltr' id='par_1_108' title="bbox 2104 4923 3686 4996">
     <span class='ocr_line' id='line_1_108' title="bbox 2104 4923 3686 4996; baseline -0.003 -13"><span class='ocrx_word' id='word_1_784' title='bbox 2104 4933 2224 4984; x_wconf 88' lang='lat' dir='ltr'><strong>erat</strong></span> <span class='ocrx_word' id='word_1_785' title='bbox 2258 4940 2359 4996; x_wconf 86' lang='lat' dir='ltr'><strong>pro</strong></span> <span class='ocrx_word' id='word_1_786' title='bbox 2393 4924 2540 4980; x_wconf 79' lang='lat' dir='ltr'><strong>foliis</strong></span> <span class='ocrx_word' id='word_1_787' title='bbox 2577 4939 2800 4995; x_wconf 82' lang='lat' dir='ltr'><strong>germen</strong></span> <span class='ocrx_word' id='word_1_788' title='bbox 2833 4923 3288 4989; x_wconf 90' lang='lat' dir='ltr'><strong>immortalitatis,</strong></span> <span class='ocrx_word' id='word_1_789' title='bbox 3317 4930 3567 4978; x_wconf 89' lang='lat' dir='ltr'><strong>naturam</strong></span> <span class='ocrx_word' id='word_1_790' title='bbox 3598 4924 3686 4978; x_wconf 83' lang='lat' dir='ltr'><strong>de-</strong></span> 
     </span>
    </p>
   </div>
   <div class='ocr_carea' id='block_1_109' title="bbox 2105 5012 3686 5080">
    <p class='ocr_par' dir='ltr' id='par_1_109' title="bbox 2105 5012 3686 5080">
     <span class='ocr_line' id='line_1_109' title="bbox 2105 5012 3686 5080; baseline -0.005 -8"><span class='ocrx_word' id='word_1_791' title='bbox 2105 5015 2450 5080; x_wconf 87' lang='lat' dir='ltr'><strong>corans;sed</strong></span> <span class='ocrx_word' id='word_1_792' title='bbox 2492 5030 2618 5070; x_wconf 90' lang='lat' dir='ltr'><strong>cum</strong></span> <span class='ocrx_word' id='word_1_793' title='bbox 2661 5014 2838 5070; x_wconf 90' lang='lat' dir='ltr'><strong>hiems</strong></span> <span class='ocrx_word' id='word_1_794' title='bbox 2877 5012 3266 5070; x_wconf 59' lang='lat' dir='ltr'><strong>inobcdientim</strong></span> <span class='ocrx_word' id='word_1_795' title='bbox 3315 5013 3554 5066; x_wconf 86' lang='lat' dir='ltr'><strong>radicem</strong></span> <span class='ocrx_word' id='word_1_796' title='bbox 3592 5026 3686 5066; x_wconf 83' lang='lat' dir='ltr'><strong>ex-</strong></span> 
     </span>
    </p>
   </div>
   <div class='ocr_carea' id='block_1_110' title="bbox 2105 5103 3685 5171">
    <p class='ocr_par' dir='ltr' id='par_1_110' title="bbox 2105 5103 3685 5171">
     <span class='ocr_line' id='line_1_110' title="bbox 2105 5103 3685 5171; baseline -0.004 -7"><span class='ocrx_word' id='word_1_797' title='bbox 2105 5107 2394 5171; x_wconf 85' lang='lat' dir='ltr'><strong>siccassel,</strong></span> <span class='ocrx_word' id='word_1_798' title='bbox 2421 5105 2524 5162; x_wconf 84' lang='lat' dir='ltr'><strong>ﬁos</strong></span> <span class='ocrx_word' id='word_1_799' title='bbox 2552 5106 2606 5160; x_wconf 88' lang='lat' dir='ltr'><strong>in</strong></span> <span class='ocrx_word' id='word_1_800' title='bbox 2646 5114 2848 5162; x_wconf 89' lang='lat' dir='ltr'><strong>terram</strong></span> <span class='ocrx_word' id='word_1_801' title='bbox 2885 5120 3157 5162; x_wconf 77' lang='lat' dir='ltr'><strong>excussus</strong></span> <span class='ocrx_word' id='word_1_802' title='bbox 3211 5110 3330 5168; x_wconf 89' lang='lat' dir='ltr'><strong>est,</strong></span> <span class='ocrx_word' id='word_1_803' title='bbox 3361 5103 3685 5168; x_wconf 86' lang='lat' dir='ltr'><strong>dissolutus,</strong></span> 
     </span>
    </p>
   </div>
   <div class='ocr_carea' id='block_1_111' title="bbox 2103 5195 3685 5270">
    <p class='ocr_par' dir='ltr' id='par_1_111' title="bbox 2103 5195 3685 5270">
     <span class='ocr_line' id='line_1_111' title="bbox 2103 5195 3685 5270; baseline -0.006 -15"><span class='ocrx_word' id='word_1_804' title='bbox 2103 5207 2158 5255; x_wconf 89' lang='lat' dir='ltr'><strong>et</strong></span> <span class='ocrx_word' id='word_1_805' title='bbox 2186 5198 2427 5254; x_wconf 89' lang='lat' dir='ltr'><strong>nudatus</strong></span> <span class='ocrx_word' id='word_1_806' title='bbox 2465 5198 2573 5252; x_wconf 81' lang='lat' dir='ltr'><strong>fuit</strong></span> <span class='ocrx_word' id='word_1_807' title='bbox 2603 5199 2768 5254; x_wconf 89' lang='lat' dir='ltr'><strong>homo</strong></span> <span class='ocrx_word' id='word_1_808' title='bbox 2805 5214 2835 5253; x_wconf 91' lang='lat' dir='ltr'><strong>a</strong></span> <span class='ocrx_word' id='word_1_809' title='bbox 2890 5196 3302 5270; x_wconf 87' lang='lat' dir='ltr'><strong>pulchritudine</strong></span> <span class='ocrx_word' id='word_1_810' title='bbox 3361 5195 3685 5250; x_wconf 86' lang='lat' dir='ltr'><strong>immortali-</strong></span> 
     </span>
    </p>
   </div>
   <div class='ocr_carea' id='block_1_112' title="bbox 2105 5285 3683 5357">
    <p class='ocr_par' dir='ltr' id='par_1_112' title="bbox 2105 5285 3683 5357">
     <span class='ocr_line' id='line_1_112' title="bbox 2105 5285 3683 5357; baseline -0.004 -11"><span class='ocrx_word' id='word_1_811' title='bbox 2105 5291 2258 5356; x_wconf 87' lang='lat' dir='ltr'><strong>tatis,</strong></span> <span class='ocrx_word' id='word_1_812' title='bbox 2292 5299 2347 5346; x_wconf 89' lang='lat' dir='ltr'><strong>et</strong></span> <span class='ocrx_word' id='word_1_813' title='bbox 2384 5290 2661 5346; x_wconf 84' lang='lat' dir='ltr'><strong>exsiccata</strong></span> <span class='ocrx_word' id='word_1_814' title='bbox 2696 5289 2800 5345; x_wconf 80' lang='lat' dir='ltr'><strong>fuit</strong></span> <span class='ocrx_word' id='word_1_815' title='bbox 2827 5290 2998 5345; x_wconf 87' lang='lat' dir='ltr'><strong>herba</strong></span> <span class='ocrx_word' id='word_1_816' title='bbox 3039 5289 3329 5350; x_wconf 80' lang='lat' dir='ltr'><strong>virtutum,</strong></span> <span class='ocrx_word' id='word_1_817' title='bbox 3363 5285 3683 5357; x_wconf 75' lang='lat' dir='ltr'><strong>refrigerata</strong></span> 
     </span>
    </p>
   </div>
   <div class='ocr_carea' id='block_1_113' title="bbox 2108 5377 3684 5450">
    <p class='ocr_par' dir='ltr' id='par_1_113' title="bbox 2108 5377 3684 5450">
     <span class='ocr_line' id='line_1_113' title="bbox 2108 5377 3684 5450; baseline -0.004 -13"><span class='ocrx_word' id='word_1_818' title='bbox 2108 5383 2166 5437; x_wconf 87' lang='lat' dir='ltr'><strong>in</strong></span> <span class='ocrx_word' id='word_1_819' title='bbox 2200 5382 2370 5438; x_wconf 88' lang='lat' dir='ltr'><strong>Deum</strong></span> <span class='ocrx_word' id='word_1_820' title='bbox 2442 5379 2743 5443; x_wconf 81' lang='lat' dir='ltr'><strong>charitate,</strong></span> <span class='ocrx_word' id='word_1_821' title='bbox 2783 5387 3067 5448; x_wconf 84' lang='lat' dir='ltr'><strong>propterea</strong></span> <span class='ocrx_word' id='word_1_822' title='bbox 3145 5379 3290 5450; x_wconf 86' lang='lat' dir='ltr'><strong>quod</strong></span> <span class='ocrx_word' id='word_1_823' title='bbox 3349 5377 3684 5432; x_wconf 87' lang='lat' dir='ltr'><strong>abundasset</strong></span> 
     </span>
    </p>
   </div>
   <div class='ocr_carea' id='block_1_114' title="bbox 2110 5467 3685 5543">
    <p class='ocr_par' dir='ltr' id='par_1_114' title="bbox 2110 5467 3685 5543">
     <span class='ocr_line' id='line_1_114' title="bbox 2110 5467 3685 5543; baseline -0.002 -16"><span class='ocrx_word' id='word_1_824' title='bbox 2110 5473 2396 5543; x_wconf 88' lang='lat' dir='ltr'><strong>iniquitas,</strong></span> <span class='ocrx_word' id='word_1_825' title='bbox 2430 5472 2575 5528; x_wconf 86' lang='lat' dir='ltr'><strong>unde</strong></span> <span class='ocrx_word' id='word_1_826' title='bbox 2614 5472 2781 5527; x_wconf 73' lang='lat' dir='ltr'><strong>varia:</strong></span> <span class='ocrx_word' id='word_1_827' title='bbox 2809 5473 3126 5527; x_wconf 79' lang='lat' dir='ltr'><strong>aiiectiones</strong></span> <span class='ocrx_word' id='word_1_828' title='bbox 3171 5469 3421 5524; x_wconf 77' lang='lat' dir='ltr'><strong>adversis</strong></span> <span class='ocrx_word' id='word_1_829' title='bbox 3465 5467 3685 5524; x_wconf 82' lang='lat' dir='ltr'><strong>ﬂatibus</strong></span> 
     </span>
    </p>
   </div>
   <div class='ocr_carea' id='block_1_115' title="bbox 2109 5561 3689 5632">
    <p class='ocr_par' dir='ltr' id='par_1_115' title="bbox 2109 5561 3689 5632">
     <span class='ocr_line' id='line_1_115' title="bbox 2109 5561 3689 5632; baseline -0.004 -11"><span class='ocrx_word' id='word_1_830' title='bbox 2109 5567 2167 5622; x_wconf 92' lang='lat' dir='ltr'><strong>in</strong></span> <span class='ocrx_word' id='word_1_831' title='bbox 2199 5567 2358 5621; x_wconf 86' lang='lat' dir='ltr'><strong>nobis</strong></span> <span class='ocrx_word' id='word_1_832' title='bbox 2416 5573 2545 5620; x_wconf 89' lang='lat' dir='ltr'><strong>sunt</strong></span> <span class='ocrx_word' id='word_1_833' title='bbox 2581 5565 2636 5618; x_wconf 91' lang='lat' dir='ltr'><strong>in</strong></span> <span class='ocrx_word' id='word_1_834' title='bbox 2669 5566 2839 5618; x_wconf 89' lang='lat' dir='ltr'><strong>altum</strong></span> <span class='ocrx_word' id='word_1_835' title='bbox 2887 5562 3170 5627; x_wconf 68' lang='lat' dir='ltr'><strong>excitatae,</strong></span> <span class='ocrx_word' id='word_1_836' title='bbox 3225 5577 3322 5632; x_wconf 85' lang='lat' dir='ltr'><strong>per</strong></span> <span class='ocrx_word' id='word_1_837' title='bbox 3374 5575 3512 5630; x_wconf 91' lang='lat' dir='ltr'><strong>quas</strong></span> <span class='ocrx_word' id='word_1_838' title='bbox 3554 5561 3689 5616; x_wconf 88' lang='lat' dir='ltr'><strong>ﬁunt</strong></span> 
     </span>
    </p>
   </div>
   <div class='ocr_carea' id='block_1_116' title="bbox 2111 5653 3692 5724">
    <p class='ocr_par' dir='ltr' id='par_1_116' title="bbox 2111 5653 3692 5724">
     <span class='ocr_line' id='line_1_116' title="bbox 2111 5653 3692 5724; baseline -0.001 -14"><span class='ocrx_word' id='word_1_839' title='bbox 2111 5657 2254 5711; x_wconf 88' lang='lat' dir='ltr'><strong>mala</strong></span> <span class='ocrx_word' id='word_1_840' title='bbox 2289 5656 2484 5710; x_wconf 69' lang='lat' dir='ltr'><strong>anima:</strong></span> <span class='ocrx_word' id='word_1_841' title='bbox 2519 5655 2825 5724; x_wconf 82' lang='lat' dir='ltr'><strong>naufragia.</strong></span> <span class='ocrx_word' id='word_1_842' title='bbox 2863 5653 2970 5709; x_wconf 89' lang='lat' dir='ltr'><strong>Sed</strong></span> <span class='ocrx_word' id='word_1_843' title='bbox 2999 5669 3122 5708; x_wconf 91' lang='lat' dir='ltr'><strong>cum</strong></span> <span class='ocrx_word' id='word_1_844' title='bbox 3180 5655 3424 5710; x_wconf 90' lang='lat' dir='ltr'><strong>venisset</strong></span> <span class='ocrx_word' id='word_1_845' title='bbox 3454 5653 3545 5724; x_wconf 87' lang='lat' dir='ltr'><strong>qui</strong></span> <span class='ocrx_word' id='word_1_846' title='bbox 3594 5668 3692 5710; x_wconf 78' lang='lat' dir='ltr'><strong>ver</strong></span> 
     </span>
    </p>
   </div>
   <div class='ocr_carea' id='block_1_117' title="bbox 2111 5746 3688 5816">
    <p class='ocr_par' dir='ltr' id='par_1_117' title="bbox 2111 5746 3688 5816">
     <span class='ocr_line' id='line_1_117' title="bbox 2111 5746 3688 5816; baseline -0.003 -16"><span class='ocrx_word' id='word_1_847' title='bbox 2111 5747 2166 5800; x_wconf 91' lang='lat' dir='ltr'><strong>in</strong></span> <span class='ocrx_word' id='word_1_848' title='bbox 2203 5747 2409 5802; x_wconf 90' lang='lat' dir='ltr'><strong>nostris</strong></span> <span class='ocrx_word' id='word_1_849' title='bbox 2443 5747 2641 5801; x_wconf 88' lang='lat' dir='ltr'><strong>animis</strong></span> <span class='ocrx_word' id='word_1_850' title='bbox 2683 5747 2882 5802; x_wconf 87' lang='lat' dir='ltr'><strong>indidit</strong></span> <span class='ocrx_word' id='word_1_851' title='bbox 2935 5761 2999 5800; x_wconf 91' lang='lat' dir='ltr'><strong>ac</strong></span> <span class='ocrx_word' id='word_1_852' title='bbox 3033 5747 3360 5816; x_wconf 86' lang='lat' dir='ltr'><strong>procreavit.</strong></span> <span class='ocrx_word' id='word_1_853' title='bbox 3408 5746 3525 5816; x_wconf 90' lang='lat' dir='ltr'><strong>qui,</strong></span> <span class='ocrx_word' id='word_1_854' title='bbox 3561 5759 3688 5798; x_wconf 86' lang='lat' dir='ltr'><strong>cum</strong></span> 
     </span>
    </p>
   </div>
   <div class='ocr_carea' id='block_1_118' title="bbox 2112 5839 3689 5911">
    <p class='ocr_par' dir='ltr' id='par_1_118' title="bbox 2112 5839 3689 5911">
     <span class='ocr_line' id='line_1_118' title="bbox 2112 5839 3689 5911; baseline -0.002 -17"><span class='ocrx_word' id='word_1_855' title='bbox 2112 5839 2288 5895; x_wconf 83' lang='lat' dir='ltr'><strong>malus</strong></span> <span class='ocrx_word' id='word_1_856' title='bbox 2325 5847 2519 5895; x_wconf 83' lang='lat' dir='ltr'><strong>ventus</strong></span> <span class='ocrx_word' id='word_1_857' title='bbox 2551 5854 2704 5896; x_wconf 86' lang='lat' dir='ltr'><strong>mare</strong></span> <span class='ocrx_word' id='word_1_858' title='bbox 2740 5839 3036 5911; x_wconf 88' lang='lat' dir='ltr'><strong>aliquando</strong></span> <span class='ocrx_word' id='word_1_859' title='bbox 3059 5840 3356 5899; x_wconf 84' lang='lat' dir='ltr'><strong>excitasset</strong></span> <span class='ocrx_word' id='word_1_860' title='bbox 3411 5846 3462 5894; x_wconf 86' lang='lat' dir='ltr'><strong>et</strong></span> <span class='ocrx_word' id='word_1_861' title='bbox 3497 5842 3689 5892; x_wconf 85' lang='lat' dir='ltr'><strong>ventos</strong></span> 
     </span>
    </p>
   </div>
  </div>
