3866 6408
309 456 409 512 871

1514 452 1574 507 S.
1603 450 1930 508 GREGORII
1964 448 2260 505 NVSSENI

3459 446 3576 502 872

313 573 596 642 increpat,
643 577 697 626 et
735 569 869 624 dicit
913 568 1092 625 mari:
1151 568 1319 637 Tace,
1359 569 1694 624 obmutesce:
1740 576 1794 623 et
1819 569 1885 624 ad

1999 583 2121 621 ποτε
2153 564 2538 635 διεγείραντος,
2571 561 2665 618 καὶ
2708 563 2818 628 τοῖς
2865 561 3170 634 πνεύμασιν
3197 563 3444 635 ἐπιτιμᾷ,
3475 568 3576 618 καὶ

311 663 660 719 serenitatem
688 670 743 716 et
775 661 1226 732 tranquillitatem
1265 661 1485 716 redacta
1515 668 1644 716 sunt
1678 660 1882 724 omnia,

309 761 364 807 et
403 767 601 806 rursus
665 750 858 820 incipit
914 759 1104 806 nostra
1156 759 1354 805 natura
1410 751 1647 821 propriis
1699 751 1883 805 ornari

308 842 581 908 ﬂoribus;
621 843 750 896 vitae
779 852 963 897 autem
1020 850 1223 898 nostrae
1253 842 1414 898 ﬂores
1447 843 1701 906 virtutes,
1739 857 1886 897 nunc

283 929 530 1001 'quidem
571 931 786 996 ﬂorent,
827 947 987 986 suum
1019 940 1200 987 autem
1236 932 1474 987 fructum
1503 933 1746 1002 praebent
1785 946 1887 988 suo

309 1032 575 1093 tempore.
628 1023 929 1094 Propterea
955 1023 1090 1078 dicit
1137 1024 1440 1094 Scriptum
1473 1032 1672 1088 textus,
1703 1025 1886 1079 Hiems

307 1113 589 1180 prwteriit,
613 1113 782 1167 imber
805 1112 963 1177 abiit,
991 1131 1045 1168 se
1075 1114 1286 1183 recepit.
1313 1112 1500 1168 Flores
1538 1115 1634 1168 visi
1663 1123 1785 1168 sunt
1830 1114 1886 1168 in

309 1216 477 1268 terra,
502 1213 703 1272 tempus
731 1205 1026 1273 putationis
1063 1206 1292 1259 advenit.
1321 1203 1509 1272 Vides,
1543 1205 1736 1274 inquit,
1763 1219 1888 1274 pra-

309 1305 427 1350 tum
461 1295 664 1350 ﬂorens
696 1290 1035 1350 virtutibus"?
1073 1294 1240 1351 Vides
1289 1297 1728 1366 temperantiam,
1783 1295 1888 1349 hoc

307 1396 393 1444 est
420 1387 766 1458 splendidum
796 1400 850 1443 et
891 1388 1029 1443 bene
1058 1389 1214 1443 olens
1253 1388 1478 1442 lilium’?
1512 1387 1676 1443 Vides
1713 1386 1889 1456 pudo-

310 1495 448 1544 rem,
488 1479 714 1534 rosam?
738 1478 901 1534 Vides
919 1477 1140 1542 violam,
1163 1480 1366 1535 Christi
1395 1481 1598 1536 bonum
1627 1477 1890 1535 odorem?

309 1570 424 1624 Cur
481 1585 610 1640 ergo
671 1585 772 1640 per
817 1570 933 1626 haec
967 1585 1074 1624 non
1123 1571 1265 1626 texis
1296 1572 1598 1626 coronam?
1650 1569 1767 1626 Hoc
1805 1577 1891 1626 est

310 1669 528 1730 tempus
575 1661 631 1715 in
672 1675 782 1731 quo
844 1661 932 1716 hls
997 1661 1243 1718 collectis
1301 1669 1519 1732 oportet
1578 1661 1890 1732 hujusmodi

310 1755 535 1809 coronis
591 1755 801 1809 ornari.
868 1754 1093 1823 Tempus
1141 1755 1432 1824 putationis
1491 1754 1720 1810 advenit.
1776 1753 1892 1810 Hoc

310 1847 644 1902 testificatur
669 1862 773 1902 vox
811 1848 1063 1909 turturis,
1093 1848 1148 1902 id
1194 1855 1299 1913 est,
1336 1863 1443 1902 vox
1489 1847 1780 1902 clamantis
1833 1849 1889 1900 in

1990 661 2057 729 τῇ
2089 657 2330 726 θαλάσσῄ
2363 655 2529 724 λέγει,
2563 655 2779 721 Σιώπα,
2798 656 3128 724 πεφίμωσο,
3159 656 3336 710 πάντα
3364 659 3442 719 είς
3471 673 3577 724 γα-

1991 749 2180 819 λήνην,
2225 749 2320 802 καὶ
2354 747 2616 818 νηνεμίαν
2664 747 3090 817 μετεσκευάσθη,
3122 749 3216 801 καὶ
3243 749 3406 802 πάλιν
3437 750 3574 802 ἀνα-

1993 839 2206 893 θάλλειν
2252 839 2500 909 ἄρχεται,
2548 838 2642 891 καὶ
2689 839 2801 901 τοῖς
2846 837 2998 901 ἰδίοις
3063 837 3278 892 ἄνθεσιν
3334 841 3368 910 ἡ
3408 839 3571 908 φύσις

1992 931 2148 1001 ήμῶν
2177 930 2470 1001 ὡραΐζεται
2492 945 2505 960 ο
2537 925 2670 1000 ἄνθη
2699 929 2755 982 δὲ
2785 929 2883 1000 τῆς
2911 928 3057 1000 ζωῆς
3084 930 3241 1001 ἡμῶν
3269 932 3324 983 αί
3354 933 3568 1002 ἀρεταὶ,

1991 1023 2088 1078 νῦν
2109 1022 2214 1093 μὲν
2241 1021 2520 1085 ἀνθοῦσαι,
2547 1021 2639 1074 τὸν
2666 1021 2721 1073 δὲ
2747 1022 2958 1093 καρπὸν
2986 1023 3166 1077 αὐτῶν
3188 1023 3266 1093 τῷ
3294 1024 3406 1094 ἰδίῳ
3430 1041 3570 1093 παρ-

1992 1113 2246 1184 εχόμεναι
2276 1112 2471 1184 καιρῷ.
2506 1112 2604 1165 Διὰ
2628 1111 2785 1165 τοῦτό
2806 1130 2969 1184 φησιν
2997 1115 3025 1167 6
3054 1113 3228 1182 λόγος,
3265 1115 3320 1165 Ὁ
3351 1115 3573 1183 χειμιῖιη⁸

1992 1201 2323 1272 παρῆλθεν,
2356 1205 2390 1256 ό
2421 1203 2594 1269 ὑετὸς
2620 1203 2915 1272 ἀπῆλθεν,
2943 1204 3236 1272 ἐπορεύθη
3258 1205 3471 1269 ἐαυτῷ·
3499 1207 3571 1258 τὰ

1992 1295 2144 1363 ἄνθη
2169 1294 2335 1364 ὤφθη
2367 1295 2438 1348 ἐν
2468 1293 2544 1363 τῇ
2566 1293 2662 1364 τῇ,
2692 1295 2897 1363 καιρὸς
2928 1293 3040 1363 τῆς
3069 1294 3255 1364 τομῆς
3285 1296 3565 1364 ἔφθακεν.

2005 1384 2188 1456 Ὁρᾷς,
2239 1386 2391 1456 φησὶ,
2434 1385 2527 1439 τὸν
2559 1384 2799 1455 λειμῶνα
2848 1384 2939 1438 τὸν
2975 1384 3062 1438 διὰ
3093 1384 3203 1438 τῶν
3235 1385 3443 1455 ἀρετῶν
3478 1386 3571 1438 ἀν-

1993 1475 2224 1541 θοῦντα;
2263 1476 2425 1546 Ὁρᾷς
2451 1474 2549 1545 τὴν
2590 1474 2946 1546 σωφροσύνην
2965 1517 2980 1541 ,
3011 1475 3168 1529 τοῦτό
3195 1477 3308 1529 ἐστι
3338 1475 3397 1528 τὸ
3425 1476 3569 1545 λαμ-

1995 1567 2130 1637 πρόν
2155 1583 2214 1618 τε
2237 1566 2332 1619 καὶ
2353 1566 2551 1629 εὑῶδες
2572 1566 2754 1635 κρίνον
2777 1581 2791 1630 ;
2823 1567 2986 1637 Ὁρᾷς
3004 1566 3102 1637 τὴν
3124 1566 3275 1631 αίδὼ,
3297 1567 3358 1619 τὸ
3381 1568 3530 1638 ῥόδον
3550 1583 3566 1630 ;

1994 1657 2052 1710 τὸ
2083 1659 2160 1710 ίον
2180 1698 2194 1721 ,
2219 1656 2312 1709 τοῦ
2343 1657 2580 1728 Χριστοῦ
2615 1658 2714 1729 τὴν
2731 1657 2989 1724 εύωδίαν;
3018 1659 3082 1710 Τί
3107 1654 3199 1712 οὖν
3225 1659 3284 1712 οὐ
3312 1675 3568 1726 στεφανο-

1995 1747 2216 1810 πλοκεῖς
2247 1746 2334 1800 διὰ
2363 1747 2604 1813 τούτων;
2645 1741 2814 1812 Οὗτός
2846 1750 2994 1802 ἐστιν
3021 1750 3050 1801 6
3083 1749 3274 1819 καιρὸς
3297 1750 3354 1800 ὲν
3391 1743 3435 1816 ᾧ
3460 1750 3565 1820 χρὴ

1994 1836 2331 1908 δρεψάμενον
2354 1840 2419 1909 τῇ
2451 1838 2624 1910 πλοκῇ
2652 1839 2760 1892 τῶν
2787 1839 3040 1893 τοιούτων
3072 1839 3350 1909 στεφάνων
3371 1841 3568 1908 ἐγκαλ-

308 1940 531 1994 deserto
554 1941 622 1992 θ’.
651 1938 889 1994 Joannes
913 1941 1058 1996 enim
1093 1947 1176 1995 est
1204 1947 1407 1995 turtur.
1449 1939 1499 1995 Is
1532 1948 1616 1996 est
1646 1953 1886 2010 praecur-

1999 1931 2354 1986 λωπίσασθαι.
2410 1932 2467 1984 '0
2496 1933 2700 2000 καιρὸς
2741 1934 2853 2003 τῆς
2890 1935 3079 2003 τομῆς
3107 1937 3349 2004 ἔφθακε.
3399 1935 3567 1989 Τοῦτό

309 2046 405 2086 sor
439 2031 687 2101 praeclari
729 2029 897 2099 hujus
947 2031 1115 2095 veris,
1155 2032 1248 2100 qui
1301 2031 1546 2087 ostendit
1577 2029 1890 2085 hominibus

309 2122 572 2192 pulchros
604 2121 766 2178 liores
798 2122 1040 2188 virtutis,
1085 2129 1141 2177 et
1170 2123 1401 2193 porrigit
1434 2123 1502 2177 iis
1560 2121 1657 2191 qui
1695 2121 1892 2175 volunt

308 2209 472 2266 ﬂores
527 2210 825 2278 colligere:
884 2225 982 2279 per
1011 2226 1150 2280 quos
1211 2210 1538 2267 ostendebat
1567 2209 1756 2265 ﬂorem
1793 2209 1887 2279 qui

309 2304 484 2359 exite
515 2302 698 2358 radice
745 2300 922 2367 Jesse,
970 2317 1168 2374 nempe
1223 2302 1438 2374 Agnum
1479 2301 1576 2357 Dei
1631 2301 1726 2372 qui
1785 2300 1890 2355 tol-

310 2394 374 2446 lit
401 2401 625 2464 peccata
650 2393 868 2452 mundi,
900 2399 955 2448 et
979 2393 1305 2463 suggerebat
1334 2395 1401 2448 de
1433 2393 1594 2448 malis
1625 2391 1892 2463 paeniten-

311 2485 467 2550 tiam,
503 2486 757 2540 et'vitam
790 2483 1098 2554 degendam
1129 2499 1194 2540 ex
1230 2484 1465 2539 virtute.

1998 2039 2077 2075 σοι
2109 2022 2535 2093 διαμαρτύρεται
2573 2024 2606 2093 ἡ
2643 2022 2794 2093 φωνὴ
2821 2025 2922 2094 τῆς
2953 2023 3247 2093 τρυγόνος,
3291 2025 3568 2078 τουτέστιν
3600 2049 3642 2072 ε

1996 2115 2031 2184 ὴ
2063 2113 2212 2184 φωνὴ
2236 2112 2330 2166 τοῦ
2367 2113 2595 2184 βοῶντος
2637 2114 2694 2167 ὲν
2723 2117 2789 2184 τῇ
2823 2115 3032 2185 ἐρήμῳ.
3078 2115 3329 2185 Ἰωάννης
3355 2116 3501 2168 ἐστὶν
3534 2117 3567 2184 ή

1995 2205 2230 2278 τρυγών.
2277 2201 2443 2268 Οὗτος
2471 2208 2500 2259 6
2525 2204 2619 2258 τοῦ
2646 2205 2871 2276 φαιδροῦ
2905 2205 3064 2276 ἔαρος
3091 2207 3412 2277 πρόδρομος,
3439 2209 3468 2260 6
3499 2205 3569 2260 τὰ

1996 2296 2135 2351 καλὰ
2157 2297 2258 2365 τῆς
2283 2296 2486 2367 ἀρετῆς
2527 2295 2660 2367 ἄνθη
2687 2298 2797 2358 τοῖς
2836 2295 3141 2368 ἀνθρώποις
3171 2295 3447 2360 δεικνύων,
3474 2295 3570 2348 καὶ

1995 2389 2108 2451 τοῖς
2177 2387 2521 2458 βουλομένοις
2581 2386 2887 2454 ἀνθολογεῖν
2956 2386 3252 2458 προτείνων
3289 2402 3302 2415 ·
3370 2387 3437 2439 δι’
3491 2379 3569 2440 ὧν

1995 2479 2314 2534 ὑπεδείκνυε
2356 2479 2418 2532 τὸ
2460 2480 2525 2532 ὲκ
2550 2479 2651 2549 τῆς
2677 2477 2830 2550 ῥίζης
2859 2476 2952 2530 τοῦ
3007 2479 3206 2530 Ἰεσσαὶ
3254 2477 3432 2544 ἄνθος,
3479 2479 3570 2533 τὸν

311 2576 485 2648 ἀμνὸν
517 2575 610 2629 τοῦ
637 2575 772 2630 Θεοῦ
815 2576 905 2630 τὸν
933 2575 1155 2648 αἴροντα
1197 2576 1295 2647 τὴν
1338 2573 1612 2648 ἁμαρτίαν
1642 2573 1737 2629 τοῦ
1798 2573 2028 2646 κόσμου,
2078 2573 2174 2627 καί⁹
2222 2572 2508 2628 ὑπετίθετο
2557 2572 2656 2643 τὴν
2699 2573 2766 2625 ὲκ
2797 2570 2904 2626 τῶν
2933 2570 3118 2626 κακῶν
3155 2569 3442 2640 μετάνοιαν
3474 2572 3570 2624 καὶ

307 2671 408 2742 τὴν
432 2673 552 2726 κατ’
585 2671 784 2743 ἀρετὴν
815 2670 1112 2726 πολιτείαν.

380 2762 584 2817 Audita
628 2771 705 2816 est
744 2760 952 2830 enim,
985 2762 1182 2834 inquit,
1215 2779 1314 2817 vos:
1373 2764 1594 2818 turturis
1650 2765 1707 2818 in
1747 2772 1891 2819 terra

313 2862 517 2907 nostra.
568 2849 798 2906 Terram
841 2850 982 2906 forte
1015 2852 1267 2907 nominat
1312 2867 1409 2908 eos
1463 2854 1559 2923 qui
1613 2861 1746 2909 sunt
1790 2853 1891 2908 da-

314 2944 483 2997 mnati
520 2943 572 2996 in
608 2943 760 3009 vitio,
795 2957 936 3012 quos
969 2944 1295 3014 publicanos
1323 2954 1378 2999 et
1407 2946 1728 3000 meretrices
1758 2943 1892 3000 dicit

314 3033 696 3103 Evangelium,
732 3047 762 3085 a
787 3033 991 3102 quibus
1014 3034 1262 3088 auditum
1287 3042 1371 3089 est
1391 3035 1615 3090 verbum
1639 3033 1890 3101 Joannis,

313 3139 439 3178 cum
486 3123 687 3193 reliqui
740 3123 965 3178 minime
1025 3124 1378 3180 admisissent
1423 3125 1890 3195 praedicationem.

2078 2764 2369 2832 Ἠκούσθη
2399 2763 2529 2835 γὰρ,
2560 2764 2712 2836 φησὶ,
2740 2763 2908 2833 φωνὴ
2931 2764 3042 2833 τῆς
3075 2764 3361 2838 τρυγόνος
3394 2765 3465 2818 ἐν
3494 2764 3570 2834 τῇ

1997 2856 2073 2928 τῇ
2099 2855 2288 2927 ἡμῶν.
2336 2857 2488 2927 Τάχα
2516 2858 2619 2928 γῆν
2649 2859 2773 2919 τοὺς
2805 2857 3286 2928 κατεγνωσμένους
3315 2858 3372 2911 ἐν
3401 2857 3570 2929 κακίᾳ

1996 2948 2378 3020 κατονομάζει,
2428 2948 2523 3012 οὓς
2562 2949 2797 3012 τελώνας
2840 2967 2899 3002 τε
2941 2950 3036 3002 καὶ
3078 2949 3281 3020 πόρνας
3317 2948 3467 3017 λέγει
3508 2948 3570 3001 τὸ

1996 3041 2349 3110 Εὐαγγέλιον,
2384 3043 2442 3094 ὲν
2485 3038 2578 3104 οἷς,
2598 3039 2838 3111 ἠκούσθη
2891 3040 2986 3093 τοῦ
3031 3040 3275 3094 Ἰωάννου
3323 3040 3351 3091 6
3390 3039 3566 3108 λόγος,

1995 3133 2104 3186 τῶν
2132 3133 2336 3186 λοιπῶν
2367 3134 2429 3186 οὐ
2461 3133 2924 3205 παραδεξαμένων
2963 3133 3022 3186 τὺ
3068 3133 3348 3203 κήρυγμα.
3403 3132 3476 3186 Τὸ
3512 3131 3569 3184 δὲ

315 3214 470 3280 Quod
512 3221 696 3268 autem
729 3213 936 3268 dictum
967 3221 1054 3270 est
1108 3215 1176 3270 de
1205 3214 1311 3293 ﬁcu
1342 3232 1360 3273 :
1401 3214 1635 3270 Protulit
1679 3234 1891 3288 grossos

1999 3224 2128 3295 περὶ
2175 3225 2276 3295 τῆς
2322 3225 2492 3296 συκῆς
2543 3227 2871 3296 εἰρημένον,
2933 3227 3013 3280 ὅτι
3071 3225 3385 3297 Ἐξήνεγκε
3431 3227 3572 3294 τοὺς

315 3321 460 3368 suos,
518 3303 736 3359 ratione
767 3306 852 3359 sic
905 3304 1312 3375 intelligamus:
1334 3305 1500 3362 Ficus
1529 3308 1600 3364 ob
1631 3310 1894 3376 calorem,

315 3405 400 3452 est
435 3395 664 3466 praedita
694 3397 747 3452 vi
783 3395 986 3467 insigni
1022 3397 1334 3452 attrahendi
1369 3399 1617 3456 humoris
1669 3415 1737 3454 ex
1766 3415 1895 3470 pro-

317 3489 507 3544 fundo.
539 3489 675 3543 Cum
713 3495 896 3543 autem
926 3488 1134 3545 multus
1160 3488 1360 3545 humor
1385 3491 1656 3547 consistat
1691 3492 1747 3546 in
1779 3507 1898 3547 me-

316 3581 488 3645 dulla,
529 3581 850 3636 necessario
876 3589 1072 3636 natura
1115 3595 1214 3650 per
1253 3581 1549 3637 humorum
1581 3584 1898 3639 concoctio-

212 3700 216 3704 -
315 3687 440 3727 nem
463 3673 518 3726 in
553 3673 757 3742 planta,
784 3673 1013 3743 expellit
1041 3689 1111 3728 ex
1142 3673 1312 3730 ramis
1348 3674 1596 3730 inutilem
1625 3683 1682 3730 et
1720 3685 1897 3732 terre-

317 3775 486 3820 strem
519 3765 823 3820 humorem.
856 3765 1026 3837 quue
1052 3782 1199 3837 saepe
1226 3766 1377 3834 facit,
1407 3765 1586 3824 donec
1613 3769 1895 3825 sincerum

316 3865 370 3912 et
400 3857 468 3910 ad
509 3856 865 3912 nutriendum
905 3866 1092 3928 aptum
1147 3857 1436 3915 humorem
1489 3867 1618 3930 apto
1652 3859 1900 3930 proferat

317 3957 587 4020 tempore,
645 3949 716 4004 ab
779 3949 962 4006 inutili
1001 3958 1366 4021 expurgatum
1407 3955 1692 4022 qualitate.
1740 3952 1898 4019 Quod

317 4057 449 4112 ergo
479 4053 607 4095 ante
635 4041 856 4096 dulcem
887 4049 943 4096 et
969 4039 1275 4110 perfectum
1308 4041 1573 4109 fructum,
1611 4057 1642 4096 a
1681 4041 1785 4098 ﬂcu
1816 4047 1901 4098 in-

320 4143 437 4190 star
483 4132 695 4187 fructus
752 4131 1109 4201 producitur,
1178 4147 1408 4202 grossus
1465 4133 1692 4199 dicitur,
1752 4133 1899 4203 quod

321 4222 540 4293 quidem
595 4228 682 4277 est
730 4221 911 4292 ipsum
964 4237 1182 4292 quoque
1237 4223 1581 4278 esculentum
1643 4238 1900 4278 nonnun-

322 4327 485 4384 quam
515 4315 831 4372 volentibus
864 4333 878 4370 :
917 4330 1026 4370 non
1063 4322 1150 4372 est
1177 4326 1364 4372 tamen
1398 4317 1490 4372 ille
1525 4317 1758 4384 fructus,
1801 4316 1898 4373 sed

325 4408 536 4461 l'r'uctus
567 4408 918 4478 procemium.
942 4407 1046 4474 Qui
1075 4424 1205 4481 ergo
1230 4424 1295 4465 ea
1317 4408 1475 4474 vidit,
1503 4409 1741 4464 fructum
1771 4425 1900 4465 mox

324 4496 569 4552 futurum
601 4499 826 4554 omnino
858 4507 1164 4571 exspectat.
1209 4499 1349 4556 Sunt
1391 4500 1536 4556 enim
1565 4501 1781 4572 signum
1832 4500 1899 4555 ﬂ-

1997 3316 2297 3382 ὀλύνθους
2324 3317 2534 3385 αὐτῆς,
2577 3317 2776 3370 οὑτωσὶ
2823 3317 2900 3387 τῷ
2926 3317 3068 3388 λόγῳ
3108 3320 3530 3389 κατανοήσωμεν
3550 3335 3566 3351 ·

2010 3408 2262 3478 Ἐλκτικὴ
2305 3408 2406 3478 τῆς
2439 3409 2496 3461 ὲν
2527 3408 2607 3479 τῷ
2650 3407 2805 3478 βάθει
2832 3409 3036 3472 νοτίδος
3075 3409 3438 3480 διαφερόντως
3467 3409 3570 3462 ὑπὸ

1998 3499 2329 3571 θερμότητός
2363 3503 2510 3553 ἐστιν
2543 3503 2576 3572 ή
2622 3501 2781 3571 συκῆ.
2831 3500 3040 3572 Πολλῆς
3088 3500 3145 3554 δὲ
3189 3501 3330 3555 κατὰ
3358 3501 3456 3566 τὰς
3485 3503 3570 3554 ένο

1995 3593 2258 3666 τεριώνας
2303 3595 2402 3664 τῆς
2454 3593 2677 3664 ἰκμάδος
2723 3593 3157 3664 συνισταμένης,
3195 3593 3504 3660 ἀναγκαίως
3537 3596 3569 3664 ὴ

2001 3685 2160 3756 φύσις
2193 3685 2280 3738 διὰ
2319 3684 2420 3754 τῆς
2466 3683 2572 3736 τῶν
2619 3683 2802 3754 ὑγρῶν
2836 3683 3052 3754 πέψεως
3096 3683 3194 3752 τῆς
3225 3683 3282 3736 ὲν
3321 3683 3398 3753 τῷ
3422 3683 3570 3753 φυτῷ

1999 3778 2292 3849 γινομένης
2325 3776 2386 3831 τὸ
2419 3775 2636 3848 ἀχρεῖὁν
2681 3793 2741 3830 τε
2785 3777 2881 3831 καὶ
2909 3777 3109 3846 γεῶδες
3134 3776 3232 3845 τῆς
3261 3777 3482 3846 ἰκμάδος
3509 3778 3569 3828 ἐκ

1997 3869 2106 3924 τῶν
2133 3869 2452 3940 ἀκρεμόνων
2481 3867 2943 3933 ἀποσκευάζεται.
2974 3869 3085 3922 Καὶ
3120 3866 3380 3931 πολλάκις
3418 3868 3569 3922 τοῦτο

2001 3966 2163 4028 ποιεῖ,
2188 3961 2264 4026 ὡς
2286 3961 2352 4016 ἂν
2381 3962 2442 4014 τὸ
2469 3959 2759 4032 εἰλικρινές
2785 3978 2843 4014 τε
2875 3962 2970 4014 καὶ
2997 3961 3260 4032 τρόφιμον
3288 3962 3348 4014 ὲν
3375 3961 3453 4030 τῷ
3476 3977 3561 4014 κα-

2000 4051 2218 4121 θήκοντι
2267 4048 2446 4120 καιρῷ
2487 4047 2788 4122 προϐάλλῃ,
2826 4049 3236 4120 κεκαθαρμένον
3268 4049 3364 4118 τῆς
3401 4050 3567 4120 ἀχρή-

2001 4158 2126 4194 στου
2151 4141 2452 4211 ποιότητος.
2483 4138 2653 4194 Τοῦτο
2680 4140 2860 4194 τοίνυν
2889 4139 2996 4212 πρὸ
3018 4140 3111 4194 τοῦ
3135 4140 3382 4209 γλυκέως
3399 4159 3456 4194 τε
3481 4142 3569 4195 καὶ

1998 4231 2448 4304 τελείουικαρποῦ
2482 4231 2586 4285 ὑπὸ
2615 4233 2713 4303 τῆς
2743 4233 2912 4302 συκῆς
2943 4233 3000 4285 ὲν
3027 4231 3260 4303 καρπῶν
3290 4232 3422 4285 εἴδει
3447 4248 3570 4303 προ-

2001 4323 2359 4394 ϐαλλόμενον,
2411 4323 2629 4388 δλυνθος
2680 4324 2934 4393 λέγεται·
2983 4325 3121 4396 ὅπερ
3156 4324 3250 4377 καὶ
3300 4325 3432 4379 αὐτὸ
3478 4323 3568 4394 μὲν

2000 4413 2258 4482 ἐδώδιμον
2299 4413 2410 4467 ἐσθ’
2461 4415 2551 4468 ὅτε
2600 4417 2712 4479 τοῖς
2748 4412 3093 4484 βουλομένοις
3137 4415 3317 4469 ἐστίν·
3365 4415 3426 4468 οὐ
3469 4415 3568 4486 μὴν

2001 4507 2176 4560 ἐκεῖνό
2198 4508 2344 4562 ἐστιν
2372 4508 2400 4560 6
2435 4505 2664 4581 καρπὸς,
2717 4505 2855 4560 ἀλλὰ
2887 4505 2982 4560 τοῦ
3031 4507 3244 4578 καρποῦ
3291 4507 3566 4578 προοίμιον

322 4603 487 4643 cuum
518 4591 926 4646 esculentarum
954 4591 1156 4662 grossi,
1195 4607 1335 4662 quos
1364 4591 1496 4647 dicit
1525 4591 1684 4647 ﬁcum
1713 4603 1893 4661 protu-

1999 4599 2227 4666 γίνεται.
2266 4600 2322 4652 '0
2348 4598 2522 4655 ταῦτα
2545 4602 2723 4656 τοίνυν
2757 4603 3108 4675 θεασάμενος.
3133 4605 3338 4659 καὶτὸν
3365 4605 3568 4676 καρπὸν

323 4675 476 4730 lisse.
507 4675 648 4741 Quia
691 4678 839 4733 enim
899 4695 994 4733 ver
1044 4681 1330 4749 spirituale
1381 4696 1600 4752 sponsae
1627 4681 1895 4737 describit

322 4769 536 4824 oratio:
567 4777 654 4824 est
685 4778 869 4825 autem
900 4771 1002 4826 hoc
1030 4779 1246 4841 tempus
1294 4773 1351 4828 in
1381 4774 1626 4830 conﬁnio
1656 4775 1894 4831 duorum

323 4867 653 4928 temporum,
701 4875 894 4930 nempe
951 4869 1004 4915 et
1045 4861 1284 4916 tristitiae
1346 4864 1634 4929 hiemalis,
1668 4876 1722 4922 et
1779 4865 1899 4920 fru-

323 4957 534 5017 ctuum,
590 4950 685 5020 qui
743 4951 1079 5020 colliguntur
1127 4960 1337 5018 aestate,
1406 4956 1892 5027 participationis:

324 5049 617 5112 propterea
640 5041 783 5096 mala
813 5043 1032 5112 quidem
1061 5045 1390 5113 praeteriisse
1417 5046 1660 5104 dilucide
1685 5063 1898 5103 annun-

323 5136 460 5199 tiat,
522 5133 796 5205 perfectos
859 5145 1042 5197 autem
1099 5137 1308 5194 fructus
1359 5139 1580 5197 virtutis
1649 5141 1896 5196 nondum

323 5235 510 5297 aperte
535 5226 796 5282 ostendit.
824 5224 931 5282 Sed
956 5228 1057 5283 hos
1088 5229 1309 5299 quidem
1337 5232 1586 5288 recondit
1619 5248 1684 5288 ac
1717 5247 1900 5289 reser-

322 5325 412 5372 vat
470 5317 526 5372 in
557 5325 775 5389 tempus
806 5327 1202 5389 Opportunum,
1237 5321 1458 5390 quando
1489 5331 1652 5380 aestas
1683 5325 1898 5380 inStite-

323 5409 414 5464 rit.
457 5408 580 5465 Scis
610 5422 792 5465 autem
825 5411 1050 5467 omnino
1081 5413 1212 5481 quid
1238 5411 1581 5482 signiﬁcetur
1613 5431 1710 5484 per
1734 5424 1896 5470 aesta-

325 5507 431 5555 tem
461 5517 525 5556 ex
552 5515 685 5556 voce
714 5501 955 5570 Domini,
991 5519 1187 5574 nempe
1233 5504 1384 5575 quod
1450 5503 1644 5560 Messis
1676 5514 1757 5561 est
1796 5522 1902 5563 ste-

320 5590 426 5643 cuti
444 5588 828 5644 consummatio
876 5593 960 5661 9';
994 5610 1142 5650 nunc
1169 5603 1350 5651 autem
1378 5596 1618 5651 ostendit
1642 5596 1900 5654 ﬂorentes

324 5698 450 5755 spes
477 5692 766 5753 Virtutum,
798 5701 1031 5757 quarum
1058 5687 1293 5756 fructus,
1332 5697 1396 5744 ut
1441 5689 1576 5744 dicit
1603 5689 1900 5772 Propheta,

2005 4690 2129 4744 ὅσον
2171 4689 2381 4745 οὐδέπω
2432 4693 2648 4758 πάντως
2697 4694 2996 4766 ἐκδέχεται.
3047 4697 3278 4767 Σημεῖον
3317 4696 3425 4768 γὰρ
3465 4695 3567 4751 τῶν

2003 4781 2282 4852 ἐδωδίμων
2309 4783 2488 4837 σύκων
2513 4785 2562 4837 οξ
2588 4784 2802 4838 ὄλυνθοι
2837 4786 3100 4853 γίνονται,
3139 4785 3232 4850 οὓς
3266 4785 3568 4857 ἐξενηνοχέ-

2003 4891 2092 4927 ναι
2135 4875 2270 4945 φησὶ
2316 4876 2417 4946 τὴν
2464 4877 2656 4946 συκῆν.
2707 4877 2923 4948 Ἐπειδὴ
2956 4879 3065 4951 γὰρ
3114 4879 3176 4932 τὸ
3212 4879 3569 4951 πνευματικὸν

2005 4965 2105 5037 ἔαρ
2134 4965 2440 5036 ὑπογράφει
2466 4971 2532 5038 τῇ
2564 4967 2748 5039 νύμφῃ
2775 4971 2802 5022 6
2831 4968 2988 5038 λόγος
3008 4985 3020 4999 ·
3064 4971 3092 5023 ὁ
3117 4969 3171 5023 δὲ
3206 4970 3392 5041 καιρὸς
3426 4965 3567 5034 οὗτος

2008 5056 2257 5128 μεθόριός
2301 5058 2418 5112 ἐστι
2454 5059 2548 5112 δύο
2575 5059 2806 5130 καιρῶν,
2844 5060 2946 5130 τῆς
2973 5078 3032 5114 τε
3064 5062 3380 5133 χειμερινῆς
3409 5077 3570 5130 κατη-

2003 5149 2179 5218 φείας,
2213 5150 2308 5203 καὶ
2340 5151 2441 5221 τῆς
2482 5153 2542 5206 ὲν
2577 5153 2654 5222 τῷ
2681 5151 2826 5222 θέρει
2853 5152 2958 5205 τῶν
2986 5153 3215 5224 καρπῶν
3250 5152 3532 5224 μετουσίας
3555 5167 3568 5180 ·

2001 5237 2090 5292 διὰ
2115 5240 2273 5293 τοῦτο
2318 5240 2379 5294 τὸ
2423 5242 2523 5311 μὲν
2553 5243 2942 5315 παρῳχηκέναι
2972 5243 3040 5296 τὰ
3079 5243 3244 5307 κακὰ,
3278 5243 3571 5317 διαρρήδην

2001 5329 2410 5398 εὐαγγελίζεται
2441 5349 2455 5364 ο
2508 5333 2636 5396 τοὺς
2680 5334 2736 5388 δὲ
2769 5337 3016 5406 καρποὺς
3061 5336 3159 5405 τῆς
3199 5337 3398 5406 ἀρετῆς
3427 5334 3571 5388 οὔπω

2000 5422 2219 5487 τελείως
2254 5425 2629 5501 προδείκνυσιν
2649 5468 2664 5492 ,
2711 5427 2849 5480 ἀλλὰ
2868 5429 3091 5492 τούτους
3138 5429 3238 5499 μὲν
3287 5430 3346 5482 ὲν
3376 5427 3453 5499 τῷ
3482 5445 3572 5480 και

2001 5515 2218 5587 θήκοντι
2249 5518 2426 5590 καιρῷ
2457 5520 2812 5591 ταμιεύεται,
2844 5522 2972 5576 ὅταν
3004 5524 3099 5593 στῇ
3125 5521 3186 5575 τὸ
3213 5521 3389 5592 θέρος.
3418 5518 3571 5584 οἶδας

1997 5607 2055 5662 δὲ
2085 5608 2302 5674 πάντως
2333 5611 2394 5663 τὸ
2436 5610 2524 5666 διὰ
2563 5611 2658 5665 τοῦ
2693 5611 2885 5684 θέρους
2915 5613 3245 5685 δηλούμενον
3269 5613 3333 5666 ὲκ
3368 5613 3464 5684 τῆς
3484 5611 3571 5663 τοῦ

1997 5698 2204 5769 Κυρίου
2227 5701 2430 5772 φωνῆς,
2458 5701 2491 5771 ἢ
2527 5701 2684 5757 τοῦτό
2713 5720 2896 5774 φησιν,
2923 5706 3004 5758 ὅτι
3050 5705 3111 5758 ’0
3138 5704 3413 5773 θερισμὸς
3434 5720 3574 5757 συν.

389 5856 451 5895 -οι
491 5862 680 5917 Matth.
724 5879 802 5931 ιιι,
845 5865 932 5932 5;
999 5866 1165 5922 Marc.
1202 5883 1242 5933 ι,
1273 5868 1329 5925 3.
1407 5869 1454 5903 υ
1502 5868 1693 5926 Matth.
1736 5883 1861 5937 xm.
1909 5870 2000 5929 59-
