3866 6360
405 488 522 550 873

1428 479 1498 537 IN
1530 477 1833 539 CANTICA
1866 477 2139 538 CANTIC.
2198 476 2485 533 IIOMILIA
2528 475 2592 531 V.

3567 468 3671 527 δτι
3764 538 3771 547 ,

400 611 608 667 τέλεια
645 604 752 663 τοῦ
789 603 1003 671 αἰῶνός
1047 604 1178 658 ἐστι
1198 620 1213 636 ·
1270 601 1365 657 νῦν
1414 603 1472 658 δὲ
1513 605 1611 670 τὰς
1640 604 1861 670 ἐλπίδας
1888 602 1997 658 δεί-

2121 610 2326 674 ipparet
2379 603 2434 656 in
2488 608 2735 671 tempore
2790 596 2989 656 suo“.
3033 596 3172 654 Cum
3223 591 3389 670 igitur
3433 596 3678 657 humana

404 718 567 757 κνυσι
590 698 680 754 διὰ
701 697 811 752 τῶν
841 695 1052 768 ἀρετῶν
1080 688 1368 763 ἀνθούσας,
1395 687 1471 751 ὧν
1498 698 1527 750 6
1556 696 1787 767 καρπὸς,
1812 694 1997 760 καθώς

405 808 576 866 φησιν
595 793 623 846 6
644 790 958 861 Προφήτης,
987 789 1047 840 ὲν
1073 786 1153 858 τῷ
1174 786 1354 859 καιρῷ
1374 786 1452 859 τῷ
1479 787 1594 859 ἰδίῳ
1616 787 1994 858 προφαίνεται.

407 884 527 956 Τῆς
554 883 735 943 τοίνυν
761 881 1110 952 ἀνθρωπίνης
1148 878 1364 948 φύσεως
1393 879 1537 934 κατά
1568 881 1668 952 τὴν
1701 890 2000 951 μνημονευ-

408 976 600 1030 θεῖσαν
624 970 859 1029 ἐνταῦθα
883 969 1074 1041 συκῆν,
1106 971 1306 1041 πολλὴν
1327 970 1418 1025 διὰ
1444 971 1539 1025 τοῦ
1562 972 1845 1042 νοηθέντος
1865 973 1999 1042 ἡμῖν

408 1065 681 1138 χειμῶνος
714 1063 906 1136 -κακὴν
940 1062 1142 1133 ἰκμάδα
1187 1062 1588 1133 συλλεξαμένης
1613 1102 1630 1128 ,
1676 1062 1854 1123 καλῶς
1884 1064 1913 1116 ό
1940 1063 2000 1115 τὸ

405 1155 642 1228 ψυχικὸν
664 1155 765 1225 ἔαρ
786 1156 917 1227 ἡμῖν
930 1154 1315 1226 ἐργαζόμενος,
1337 1152 1431 1207 καί⁸
1451 1155 1517 1223 τῇ
1538 1153 1781 1224 καθηκού
1791 1168 1857 1226 σῃ
1880 1168 2020 1220 γεω-

408 1244 578 1319 novi;
620 1246 951 1318 φυτηκομῶν
995 1246 1057 1299 τὸ
1099 1244 1459 1316 ἀνθρώπινον,
1512 1245 1728 1317 πρῶτον
1768 1243 1866 1315 μὲν
1906 1244 2001 1297 ὲκ·-

410 1337 599 1393 6ἀλλει
619 1337 718 1405 τῆς
741 1332 956 1406 φύσεως
977 1336 1085 1389 πᾶν
1100 1334 1226 1388 ὅσον
1249 1334 1453 1404 γεῶδες
1472 1335 1566 1389 καὶ
1592 1334 1861 1407 ἄχρηστον
1881 1335 2005 1389 ἀντὶ

410 1426 756 1499 ἀκρεμόνων,
773 1427 840 1482 δι’
863 1424 1302 1497 ὲξομολογήσεως
1324 1424 1714 1491 ἀποσκευάζων
1737 1425 1804 1479 τὰ
1826 1441 2005 1497 περιτ-

410 1519 660 1590 τώματα.
688 1514 803 1572 Εἴθ’
825 1515 998 1580 οὕτως
1018 1518 1344 1588 χαρακτῆρα
1364 1534 1487 1571 τινα
1518 1516 1618 1587 τῆς
1642 1516 2004 1588 ἐλπιζομένης

420 1606 845 1683 μακαριότητος,
884 1607 974 1664 διὰ
999 1609 1100 1680 τῆς
1143 1605 1492 1681 ἀστειοτέρας
1530 1608 1677 1680 ζωῆς
1701 1607 2006 1663 ἐπιϐάλλων

410 1701 498 1772 τῷ
525 1700 644 1772 βίῳ,
667 1695 777 1754 οἷόν
802 1716 945 1754 τισιν
974 1698 1216 1763 ὀλύνθοις
1243 1699 1341 1770 τὴν
1371 1698 1667 1770 μέλλουσαν
1694 1698 2007 1769 γλυκύτητα

413 1789 528 1843 ’τῶν
548 1788 728 1844 συκῶν
747 1788 1177 1858 εὐαγγελίζεται.
1194 1787 1304 1843 Καὶ
1316 1788 1471 1842 τοῦτό
1489 1791 1603 1843 ἐστι
1618 1790 1680 1843 τὸ
1695 1789 2004 1861 λεγόμενον,

2096 702 2313 756 natura,
2341 699 2708 763 congruenter
2750 690 2876 746 ﬂeui
2898 729 2915 757 ,
2948 689 3015 746 de
3045 705 3154 761 qua
3212 690 3305 746 hic
3340 690 3399 746 tit
3443 692 3674 759 mentio,

2096 802 2191 857 per
2225 785 2556 840 intellectam
2605 797 2633 837 a
2677 783 2839 839 nobis
2874 783 3106 838 hiemem
3145 783 3347 837 malum
3399 784 3680 857 collegerit

2099 878 2406 941 humorem,
2445 884 2593 929 recte
2622 875 2714 945 qui
2757 874 2952 928 animae
2985 889 3079 929 ver
3123 872 3177 928 in
3215 873 3376 929 nobis
3407 874 3586 942 eiiieit,
3626 881 3683 932 et

2098 967 2447 1023 convenienti
2501 966 2837 1037 agricultura
2874 965 2927 1019 in
2963 965 3123 1022 nobis
3184 966 3394 1037 plantat
3448 966 3499 1021 id
3534 967 3682 1039 quod

2098 1068 2182 1116 est
2217 1058 2538 1122 humanum,
2590 1058 2825 1129 primum
2867 1058 3085 1128 quidem
3143 1072 3174 1113 a
3210 1066 3411 1115 natura
3463 1060 3685 1130 expellit

2099 1152 2372 1223 quidquid
2427 1157 2513 1206 est
2556 1158 2836 1204 terrenum
2871 1159 2923 1204 et
2956 1150 3171 1217 inutile,
3199 1165 3479 1205 ramorum
3538 1151 3682 1212 loco.

2102 1260 2200 1315 per
2246 1242 2654 1300 confessionem
2711 1239 2991 1312 ex’pellens
3052 1253 3426 1299 excrementa.
3480 1242 3687 1299 Deinde

2103 1335 2465 1393 beatitudinis
2502 1349 2626 1406 quae
2660 1342 2943 1404 speratur,
2977 1335 3270 1404 quemdam
3310 1336 3688 1391 characterem

2104 1445 2202 1500 per
2228 1429 2603 1486 honestiorem
2644 1428 2861 1483 vivendi
2896 1428 3166 1483 rationem
3213 1428 3469 1498 injicicns
3515 1428 3687 1484 homi-

2105 1524 2292 1590 nibus,
2360 1524 2528 1579 veluti
2568 1523 2904 1594 quibusdam
2939 1523 3174 1595 gressis,
3218 1523 3499 1579 fructuum
3540 1525 3691 1579 futu-

2106 1633 2224 1672 ram
2262 1616 2553 1671 annuntiat
2584 1615 2953 1671 dulcedinem.
2994 1613 3059 1670 Et
3102 1616 3210 1671 hoc
3249 1625 3331 1673 est
3369 1617 3514 1688 quod
3556 1617 3692 1672 dici-

2107 1718 2218 1772 tur,
2249 1709 2414 1765 Ficus
2450 1707 2675 1778 protulit
2706 1723 2922 1779 grossos
2954 1724 3097 1763 suos.
3146 1706 3224 1763 lta
3266 1708 3403 1763 mihi
3452 1709 3692 1779 intelligo

2105 1804 2269 1859 etiam
2304 1802 2588 1857 ﬂorentem
2629 1800 2818 1868 vitem,
2856 1801 3016 1872 cujus
3060 1801 3246 1857 vinum
3293 1802 3514 1874 quidem
3548 1804 3694 1873 quod

414 1884 505 1937 ὅτι
543 1882 607 1939 Ἡ
630 1879 793 1951 συκῆ
813 1880 1101 1952 ἐξήνεγκε
1123 1881 1265 1948 τοὺς
1286 1880 1587 1948 ὀλύνθους
1611 1882 1823 1951 αὐτῆς.
1852 1880 2007 1936 Οὐτω

2121 1894 2355 1951 laatiiicat
2412 1908 2510 1948 cor
2560 1893 2828 1958 hominis,
2885 1894 3135 1964 implebit
3189 1894 3368 1964 ipsum
3421 1904 3693 1951 craterem

417 1972 520 2042 μοὶ
543 1974 732 2044 νόησον
753 1972 849 2027 καλ⁸
868 1974 968 2044 τὴν
992 1973 1368 2044 κυπρίξουσαν
1390 1972 1652 2045 ἄμπελον,
1671 1967 1739 2046 ἦς
1765 1977 1794 2029 6
1819 1974 1916 2045 μὲν
1938 1970 2010 2028 οἳ·

2121 1985 2437 2055 sapientiae:
2480 1993 2534 2040 et
2564 1991 2906 2056 proponetur
2955 1984 3203 2041 comivis
3258 1993 3318 2039 ut
3368 2001 3435 2040 ex
3473 1986 3698 2042 sublimi

413 2082 534 2129 νος,
557 2067 585 2119 6
604 2064 701 2137 τὴν
720 2065 947 2137 καρδίαν
969 2064 1300 2137 εὐφραίνων,
1333 2065 1613 2139 πληρώσει
1646 2066 1777 2120 ποτὲ
1805 2067 1895 2121 τδν
1910 2069 2011 2136 τῆς

422 2157 618 2227 σοφίας
649 2151 925 2231 κρατῆραο
956 2156 1052 2212 καὶ
1078 2157 1431 2229 προκείσεται
1463 2160 1577 2221 τοῖς
1609 2158 1916 2228 συμπόταις
1947 2159 2012 2211 ὲκ

414 2247 520 2303 τοῦ
554 2246 757 2320 ὑψηλοῦ
785 2247 1143 2320 κηρύγματος
1171 2248 1294 2303 κατ’
1323 2249 1573 2316 ἐξουσίαν
1602 2246 1904 2320 ἀρύσασθαι
1933 2250 2013 2314 είς

418 2341 637 2412 ἀγαθήν
669 2357 727 2393 τε
763 2341 861 2393 καὶ
888 2339 1149 2409 νηφάλιον
1193 2339 1386 2411 μέθην.
1440 2338 1690 2409 Ἐκείνην
1728 2340 1871 2408 λέγω
1914 2339 2014 2410 τὴν

427 2430 621 2502 μέθην,
650 2431 716 2484 δι’
743 2424 812 2503 ἦς
848 2432 961 2495 τοῖς
984 2430 1294 2502 ἀνθρώποις
1331 2432 1397 2485 ὲκ
1421 2430 1531 2485 τῶν
1558 2430 1759 2485 ὐλικῶν
1788 2430 1925 2501 πρὸς
1956 2429 2015 2483 τὸ

424 2523 703 2594 θειότερον
730 2520 764 2594 ἠ
796 2521 1018 2585 ἐκτασις
1042 2522 1272 2591 γίνεται.

500 2610 614 2667 Νῦν
660 2612 758 2684 μὶν
803 2611 1057 2685 κυπρίζει
1086 2613 1175 2669 διά
1196 2613 1291 2668 τοῦ
1321 2613 1517 2679 ἄνθους
1544 2616 1578 2686 ἠ
1615 2598 1884 2686 ἄμπελος,
1919 2611 2015 2669 καί

423 2716 516 2768 τις
546 2703 811 2758 ἐκδίδοται
837 2706 969 2778 παρ’
998 2704 1172 2775 αὐτῆς
1198 2702 1376 2777 ἀτμὸς
1403 2706 1733 2774 εὐωδιάζων,
1767 2706 1901 2778 ἡδὺς
1926 2708 2019 2761 καὶ

427 2794 740 2865 προσηνὴς,
776 2793 914 2862 πρὸς
939 2792 1002 2848 τὺ
1048 2793 1303 2867 περιέχον
1352 2795 1572 2866 πνεῦμα
1604 2796 2018 2867 κατακιρνάμε-

432 2902 542 2950 νος.
576 2879 738 2949 Οἶδας
767 2884 825 2938 δὲ
846 2883 909 2939 τὺ
933 2884 1152 2956 πνεῦμα
1176 2885 1414 2951 πάντως,
1445 2886 1474 2940 6
1502 2887 1602 2955 τὴν
1629 2887 1861 2942 εὐωδίαν
1882 2884 2017 2942 ταύ-

429 2989 534 3045 την
572 2975 685 3037 τοῖς
728 2971 1056 3044 σωζομένοις
1099 2972 1391 3044 ἐργάζεται
1414 3014 1430 3039 ,
1468 2975 1620 3046 παρὰ
1657 2975 1751 3029 τοῦ
1801 2975 2018 3031 Παύλου

434 3065 644 3141 μαθών.
682 3064 868 3120 Ταῦτα
902 3065 1250 3138 προδείκνυσι
1293 3070 1360 3138 τῇ
1390 3064 1580 3141 νύμφῃ
1626 3069 1655 3121 6
1696 3069 1874 3138 λόγος,
1923 3066 2018 3122 τοῦ

430 3157 602 3215 καλοῦ
622 3157 731 3211 τῶν
749 3154 937 3229 ψυχῶν
960 3156 1119 3229 ἔαρος
1137 3157 1206 3211 τά
1230 3158 1611 3230 γνωρίσματα.
1636 3160 1732 3213 καὶ
1762 3159 2022 3214 ἐπισπεύ-

430 3251 515 3305 δει
547 3248 684 3322 πρὸς
714 3248 814 3321 τὴν
844 3250 952 3304 τῶν
982 3250 1362 3321 προκειμένων
1399 3249 1720 3313 ἀπόλαυσιν,
1742 3250 2020 3322 διεγείρων

430 3344 606 3415 αὐτὴν
629 3342 706 3414 τῷ
741 3341 906 3414 λόγῳ,
941 3340 1195 3397 Ἀνάστα
1220 3385 1235 3408 ,
1259 3342 1433 3410 λέγων
1454 3382 1468 3407 ,
1510 3340 1671 3405 ἐλθὲ,
1694 3342 1733 3410 ἡ
1755 3342 2023 3410 πλησίον

429 3455 576 3507 μου.
607 3436 763 3505 mhi
786 3454 928 3506 μου,
980 3434 1302 3505 περιστερά
1324 3431 1467 3505 μου.
1501 3433 1642 3488 Ὅσα
1679 3435 1926 3508 δόγματα
1953 3434 2022 3489 δι’

432 3526 633 3595 ὀλίγων
662 3530 719 3581 ὲν
745 3526 858 3593 τοῖς
899 3526 1106 3599 ῥήμασι
1144 3527 1356 3589 τούτοις
1385 3528 1413 3579 6
1442 3527 1614 3595 Λόγος
1646 3528 1776 3597 ἡμῖν
1810 3526 2024 3581 ὑποδεί-

432 3620 659 3672 κνυσινῐ
692 3619 765 3671 Οὐ
790 3618 896 3690 γὰρ
921 3616 1063 3670 κατά
1089 3633 1210 3669 τινα
1237 3614 1613 3686 παρέλκουσαν
1639 3612 2020 3684 ματαιολογίαν

433 3710 552 3773 τοῖς
582 3709 765 3773 αὐτοῖς
817 3710 1055 3779 ῥήμασιν
1089 3706 1483 3778 ὲμφιλοχωρεῖν
1536 3706 1633 3776 τὴν
1668 3705 2022 3758 θεόπνευστον

432 3800 788 3854 διδασκαλίαν
819 3800 966 3853 ἐστὶν
995 3798 1159 3861 εἰκός.
1205 3796 1365 3849 Ἀλλά
1396 3814 1450 3849 τι
1487 3795 1629 3866 μέγα
1669 3796 1762 3848 καὶ
1795 3796 2023 3867 θεοπρε-

436 3891 540 3956 πὲς
576 3892 751 3962 νόημα
781 3892 866 3945 διὰ
912 3888 1011 3961 τῆς
1057 3887 1410 3957 παλιλλογίας
1452 3889 1583 3959 ἡμῖν
1623 3888 2021 3941 ὐποδείκνυται.

434 3985 513 4038 T6
538 3984 592 4037 δὲ
630 3983 920 4052 λεγόμενον
947 3982 1188 4036 τοιοῦτόν
1233 3983 1381 4034 ἐστιν
1400 3997 1412 4010 ·
1447 3981 1508 4033 Ἥ
1543 3980 1791 4051 μακαρία
1819 3980 1912 4032 καὶ
1939 3979 2025 4031 αἲ-

436 4075 548 4137 διος
573 4075 665 4127 καὶ
688 4073 863 4126 πάντα
890 4073 1013 4126 νοῦν
1037 4073 1139 4125 ὐπε
1150 4072 1383 4142 ρέχουσα
1405 4069 1586 4137 φύσις,
1612 4071 1789 4122 πάντα
1807 4068 1874 4122 τὰ
1898 4068 2024 4123 ὄντα

435 4168 498 4219 ἐν
541 4167 704 4235 ἑαυτῇ
747 4164 1102 4236 περιέχουσα,
1136 4163 1229 4215 ὐπ’
1258 4161 1473 4224 οὐδενὸς
1523 4160 1838 4230 περιέχεται
1872 4161 2022 4230 ὅρου.

435 4258 606 4311 Οὐδὲν
636 4257 745 4328 γάρ
774 4257 890 4309 ἐστι
931 4254 1059 4326 περὶ
1091 4254 1260 4325 αὐτὴν
1294 4253 1686 4325 θεωρούμενον,
1717 4251 1779 4304 οὐ
1815 4252 2025 4322 χρόνος,

434 4348 503 4402 οὐ
529 4349 710 4409 τόπος,
733 4348 794 4400 οὐ
830 4347 1051 4418 χρῶμα,
1080 4347 1141 4399 οὐ
1173 4346 1378 4418 σχῆμα,
1410 4346 1510 4399 οὐκ
1531 4342 1688 4409 εἶδος,
1721 4344 1821 4397 οὐκ
1841 4343 2024 4413 ὄγκος,

435 4441 504 4495 οὐ
544 4416 881 4508 πηλικότης,
906 4416 966 4492 οὐ
999 4438 1294 4507 διάστημα,
1330 4416 1452 4490 οὐδὲ
1485 4436 1616 4491 ἀλλο
1647 4454 1698 4488 τι
1727 4434 1836 4489 τῶν
1871 4451 2031 4506 περι-

438 4536 766 4609 γραπτικῶν
813 4535 1003 4605 ὄνομα,
1053 4532 1086 4603 ἢ
1136 4534 1388 4601 πρᾶγμα,
1426 4531 1458 4601 ἢ
1508 4531 1706 4601 νόημα,
1754 4529 1891 4583 ἀλλὰ
1920 4530 2028 4582 πᾶν

437 4628 571 4699 περὶ
600 4628 767 4698 αὐτὴν
803 4625 1091 4694 νοούμενον
1121 4620 1327 4691 ἀγαθὸν
1370 4622 1450 4683 εἰς
1491 4619 1717 4689 ἀπειρόν
1746 4636 1805 4671 τε
1840 4620 1934 4672 καὶ
1961 4621 2023 4673 ἀσ
2056 4638 2100 4693 D

440 4718 657 4789 όριστον
685 4716 950 4787 πρόεισιν.
989 4716 1162 4768 Ὅπου
1197 4712 1307 4784 γὰρ
1343 4712 1512 4765 κακία
1544 4710 1726 4782 χώραν
1759 4711 1859 4764 οὐκ
1891 4709 2022 4780 ἔχει,

441 4808 649 4878 ἀγαθοῦ
683 4808 853 4879 πέρας
890 4809 1037 4861 ἐστὶν
1071 4807 1243 4860 οὐδέν.
1288 4805 1411 4857 Ἐπὶ
1442 4803 1551 4874 γὰρ
1583 4804 1681 4873 τῆς
1726 4802 2026 4873 τρεπτικῆς

443 4900 679 4972 φύσεως.
710 4900 796 4953 διὰ
816 4901 876 4953 τὺ
907 4900 1027 4969 ἴσην
1055 4897 1337 4965 ἐγκεῖσθαι
1366 4894 1462 4965 τὴν
1489 4894 1716 4962 δύναμιν
1744 4897 1809 4964 τῇ
1844 4910 2027 4964 προαι-

446 4992 595 5064 ρέσει
620 4992 754 5063 πρὸς
780 4992 877 5063 τὴν
905 4992 987 5060 ἐφ’
1037 4990 1272 5060 ἑκάτερα
1301 4988 1409 5041 τῶν
1444 4985 1701 5041 ἐναντίων
1744 4984 1935 5055 ῥοπὴν,
1966 4982 2026 5036 τό

439 5098 503 5136 τε
539 5081 740 5149 ἀγαθὸν
779 5083 838 5135 τὸ
877 5083 934 5135 ὲν
967 5084 1120 5153 ἡμῖν,
1160 5081 1252 5133 καὶ
1288 5080 1347 5132 τί)
1386 5078 1553 5133 κακὸν
1591 5078 1710 5140 ταῖς
1757 5076 2027 5146 διαδοχαῖς

442 5170 693 5241 ἀλλήλων
736 5171 1095 5239 ἐναπολήγει,
1131 5170 1225 5221 καὶ
1257 5168 1465 5235 γίνεται
1498 5164 1592 5217 τοῦ
1641 5162 1848 5231 ἀγαθοῦ
1902 5162 2025 5231 ὅρος

442 5262 480 5331 ἡ
519 5260 871 5330 ὲπιγινομένη
902 5258 1087 5319 κακία,
1112 5258 1205 5312 καὶ
1229 5257 1404 5308 πάντα
1425 5256 1491 5309 τὰ
1520 5254 1627 5307 τῶν
1656 5251 1844 5321 ψυχῶν
1869 5250 2025 5322 ἡμῶν

442 5346 877 5420 ἐπιτηδεύματα,
912 5350 1012 5402 ὅσα
1041 5347 1184 5400 κατά
1215 5347 1276 5399 τὸ
1313 5346 1555 5398 ἐναντίον
1595 5343 1847 5413 ἀλλήλοις
1879 5343 2026 5395 ἀντι-

444 5443 808 5510 καθέστηκεν,
846 5442 924 5503 είς
954 5439 1158 5509 ἄλληλα
1183 5437 1360 5507 λήγει,
1397 5437 1490 5490 καὶ
1520 5436 1612 5489 ὐπ’
1646 5434 1891 5505 ἀλλήλων
1913 5433 2026 5504 ὁρία-

422 5533 617 5597 ιζεται.
666 5528 728 5583 'H
777 5530 833 5583 δὲ
876 5529 1020 5600 ἁπλῆ
1060 5528 1156 5582 καὶ
1194 5526 1413 5598 καθαρά
1463 5527 1557 5579 καὶ
1610 5524 1887 5596 μονοειδὴς
1932 5523 2027 5577 καὶ

443 5622 715 5693 ἄτρεπτος
732 5621 825 5675 καὶ
847 5620 1203 5684 ἀναλλοίωτος
1219 5621 1401 5689 φύσις,
1428 5618 1514 5671 ἀεὶ
1527 5616 1787 5680 ὡσαύτως
1807 5616 2023 5686 ἔχουσα,

446 5712 543 5766 καὶ
572 5710 827 5764 οὐδέποτε
849 5709 1044 5779 ἑαυτῆς
1070 5707 1418 5779 ἐξισταμένῃ,
1452 5705 1542 5759 διὰ
1569 5704 1629 5758 τὸ
1656 5704 2027 5774 ἁπαράδεκτος

517 5889 564 5919 ’³
618 5888 764 5945 Psal.
806 5905 847 5952 ι,
883 5888 938 5944 3.
1013 5887 1060 5918 ’³
1114 5887 1155 5941 ll
1188 5885 1313 5939 Cor.
1371 5900 1429 5949 ιι,
1468 5885 1553 5939 16.

771 5977 1047 6036 Parnm”
1083 5973 1203 6031 (in.
1250 5971 1423 6028 XLll
1451 6014 1475 6029 ..

2113 2078 2508 2149 praedicatione
2565 2078 2736 2133 libere
2793 2077 3097 2133 misceatur
3143 2076 3212 2132 ad
3256 2078 3454 2133 bonam
3503 2087 3558 2135 et
3607 2094 3705 2135 so-

2115 2170 2290 2226 briam
2313 2170 2660 2227 ebrietatem.
2688 2169 2837 2225 Illam
2860 2171 3008 2233 dico.
3050 2187 3151 2242 per
3180 2186 3346 2243 quam
3378 2173 3698 2230 hominibus

2114 2280 2182 2320 ex
2223 2264 2390 2320 rebus
2421 2264 2803 2320 materialibus
2839 2265 2897 2319 tit
2933 2267 3326 2322 transmutatio
3357 2267 3426 2322 ad
3457 2267 3509 2324 id
3551 2269 3700 2339 quod

2117 2363 2199 2411 est
2227 2355 2490 2412 divinius.

2188 2609 2346 2665 Nune
2384 2606 2603 2681 quidem
2655 2610 2813 2667 ﬂoret
2860 2611 3010 2677 vilis,
3052 2619 3106 2667 et
3137 2627 3205 2667 ex
3253 2627 3316 2667 ea
3364 2628 3462 2682 per
3508 2612 3701 2670 ﬂorem

2118 2703 2390 2757 emittitur
2416 2717 2587 2773 vapor
2615 2702 2838 2773 quidam
2866 2703 3005 2758 bene
3031 2703 3188 2759 olens
3231 2710 3288 2758 et
3330 2702 3540 2771 suavis,
3568 2719 3704 2761 con-

2119 2810 2456 2873 temperatus
2507 2817 2633 2858 cum
2686 2803 2963 2859 ambiente
3017 2803 3238 2874 spiritu.
3299 2802 3460 2860 Nosti
3517 2815 3701 2865 autem

2119 2897 2346 2950 omnino
2385 2895 2661 2965 spiritum,
2713 2895 2809 2966 qui
2838 2894 3002 2951 eﬂicit
3048 2896 3193 2952 hunc
3240 2897 3444 2953 bonum
3478 2900 3701 2958 odorem

2122 2988 2192 3044 iis
2218 2987 2311 3059 qui
2343 2988 2481 3043 salvi
2524 2987 2680 3051 ﬁunt,
2716 2994 2776 3042 ut
2811 2989 2905 3058 qui
2944 2988 3048 3043 hoc
3090 2989 3352 3046 didiceris
3379 3006 3409 3045 a
3436 2990 3610 3048 Paulo
3634 2994 3708 3045 ⁸⁸.

2122 3082 2249 3138 Haec
2281 3097 2499 3154 sponsa:
2526 3083 2704 3137 oratio
2735 3084 2888 3152 prius
2924 3081 3165 3138 ostendit
3197 3082 3400 3138 indicia
3447 3093 3502 3140 et
3544 3093 3705 3141 notas

2124 3177 2252 3233 boni
2282 3177 2426 3233 veris
2455 3176 2788 3243 animarum,
2815 3186 2869 3231 et
2901 3190 3022 3231 eam
3059 3176 3251 3231 incitat
3276 3185 3335 3231 ut
3385 3176 3603 3233 fruatur
3639 3178 3706 3234 iis

2125 3285 2246 3338 qua:
2275 3277 2403 3325 sunt
2445 3267 2750 3338 proposita,
2802 3267 2986 3324 verbis
3027 3283 3148 3323 eam
3197 3268 3472 3334 excitans,
3515 3268 3706 3340 Surge,

2124 3362 2339 3423 dicens,
2369 3362 2507 3423 veni,
2535 3360 2832 3430 propinqua
2856 3375 2994 3422 mea,
3034 3359 3261 3429 pulchra
3291 3376 3429 3426 mea,
3460 3361 3707 3418 columba

2125 3480 2262 3517 mea.
2289 3464 2462 3529 Quam
2497 3463 2667 3515 multa
2696 3471 2875 3514 autem
2907 3460 3164 3530 dogmata
3195 3463 3384 3530 paucis
3415 3461 3502 3517 his
3525 3464 3707 3520 verbis

2125 3562 2285 3617 nobis
2314 3560 2557 3616 ostendit
2584 3556 2855 3613 Verbum!
2910 3573 3019 3611 non
3063 3559 3208 3613 enim
3242 3558 3390 3615 inani
3440 3561 3622 3630 aliqua
3656 3568 3707 3616 et

2130 3667 2535 3724 Supervacanea
2575 3652 2825 3706 oratione
2875 3651 2931 3705 in
2992 3650 3184 3706 iisdem
3223 3651 3408 3706 verbis
3455 3652 3707 3709 lubenter

2126 3747 2408 3801 immorari
2443 3744 2707 3799 divinitus
2741 3743 3064 3812 inspiratam
3100 3742 3408 3799 doctrinam
3453 3752 3538 3800 est
3571 3760 3708 3800 eon-

2127 3855 2471 3903 sentanenm.
2510 3843 2617 3898 Sed
2673 3857 2870 3914 magna
2913 3843 3095 3912 aliqua
3128 3850 3182 3899 et
3231 3841 3343 3898 Deo
3372 3845 3709 3901 conveniens

2129 3937 2488 4008 intelligentia
2537 3936 2847 3991 ostenditur
2895 3934 3055 3989 nobis
3115 3949 3213 4004 per
3249 3934 3390 3988 hanc
3420 3937 3708 4006 repetitam

2128 4032 2478 4088 sententiam.
2536 4030 2691 4097 Quod
2758 4038 2940 4083 autem
2988 4028 3191 4082 dicitur
3247 4022 3709 4092 estliujusmodi:

2128 4126 2290 4180 Beata
2322 4133 2377 4180 et
2413 4133 2615 4180 aeterna
2650 4130 2704 4177 et
2739 4136 2956 4176 omnem
2994 4120 3407 4191 intelligentiam
3439 4121 3711 4175 excedens

2128 4231 2347 4282 natura,
2379 4216 2564 4271 omnia
2590 4230 2711 4283 quae
2740 4222 2871 4269 sunt
2901 4214 2954 4267 in
2983 4212 3162 4283 seipsa
3191 4228 3475 4278 coercens,
3506 4228 3534 4266 a
3563 4214 3710 4267 nullo

2130 4311 2362 4366 termino
2389 4306 2786 4363 circumdatur.
2837 4303 2986 4357 Nihil
3041 4313 3124 4359 est
3182 4304 3329 4359 enim
3388 4303 3532 4372 quod
3563 4304 3710 4359 circa

2129 4405 2303 4474 ipsam
2337 4400 2744 4461 consideratur,
2777 4414 2886 4451 non
2939 4407 3174 4466 tempus,
3205 4411 3313 4450 non
3372 4398 3547 4461 locus,
3601 4413 3710 4452 non

2129 4496 2303 4558 color,
2337 4508 2444 4547 non
2474 4491 2667 4561 ﬁgura,
2699 4503 2805 4542 non
2858 4488 3195 4558 magnitudo,
3242 4504 3351 4542 non
3407 4490 3711 4559 quantitas,

2130 4602 2239 4641 non
2263 4585 2633 4647 intervallum,
2652 4596 2830 4650 neque
2852 4581 3022 4634 ullum
3043 4581 3188 4635 aliud
3209 4595 3406 4634 nomen
3432 4582 3710 4651 pertinens

2133 4682 2199 4736 ad
2232 4676 2804 4746 circumscriptionem
2825 4714 2840 4737 ,
2892 4682 2987 4729 aut
3020 4690 3110 4730 res
3133 4716 3147 4736 ,
3194 4686 3287 4728 aut
3328 4676 3710 4746 intelligentia,

2133 4775 2228 4831 sed
2260 4786 2425 4828 omne
2451 4771 2656 4824 bonum
2685 4768 2829 4838 quod
2858 4769 3005 4823 circa
3031 4768 3205 4837 ipsam
3240 4767 3563 4839 intelligitur
3588 4783 3709 4837 pto-

2134 4866 2280 4923 cedit
2307 4867 2362 4919 in
2393 4863 2692 4927 inﬁnitum,
2729 4871 2784 4916 et
2819 4860 3043 4915 minime
3078 4860 3577 4914 circumscribitur.
3606 4857 3710 4913 Ubi

2132 4958 2278 5013 enim
2311 4956 2449 5009 vitio
2481 4956 2667 5009 nullus
2699 4961 2785 5007 est
2825 4954 2998 5015 locus,
3025 4952 3212 5008 nullus
3253 4959 3346 5007 est
3392 4952 3518 5005 boni
3566 4951 3711 5004 linis.

2132 5050 2191 5105 In
2237 5048 2488 5103 mutabili
2517 5047 2664 5101 enim
2712 5054 2930 5111 natura,
2986 5055 3274 5115 propterea
3316 5042 3465 5111 quod
3510 5041 3711 5110 pariter

2134 5142 2277 5196 inest
2305 5146 2546 5209 potestas
2592 5145 2644 5193 et
2678 5136 2848 5189 libera
2885 5134 3119 5205 eligendi
3170 5132 3426 5186 voluntas
3457 5130 3523 5185 ad
3555 5130 3711 5184 incli-

2134 5234 2407 5286 nationem
2458 5244 2523 5283 ac
2570 5227 2991 5299 propensionem
3037 5224 3101 5277 ad
3134 5231 3364 5292 utraque
3411 5219 3712 5283 contraria,

2133 5330 2278 5401 quod
2313 5335 2398 5382 est
2436 5328 2488 5380 in
2522 5324 2679 5380 nobis
2728 5323 2933 5376 bonum
2976 5328 3031 5373 et
3076 5316 3277 5371 malum
3321 5315 3395 5369 ita
3429 5313 3712 5378 desinunt,

2135 5431 2194 5477 ut
2230 5421 2331 5477 sibi
2365 5419 2602 5473 invicem
2649 5417 2992 5470 succedant:
3041 5417 3096 5463 et
3134 5406 3262 5462 boni
3310 5411 3394 5460 est
3442 5403 3712 5458 terminus

2135 5516 2324 5569 vitium
2356 5510 2652 5567 adveniens
2688 5526 2700 5561 :
2736 5513 2791 5561 et
2819 5502 3006 5558 omnia
3045 5499 3355 5555 animarum
3396 5502 3711 5552 nostrarum

2135 5606 2317 5663 studia
2346 5614 2400 5660 et
2428 5600 2702 5662 instituta,
2736 5610 2862 5667 qua:
2903 5593 3005 5650 sibi
3041 5591 3273 5646 invicem
3329 5587 3710 5646 adversantur,

2134 5703 2187 5757 in
2221 5715 2278 5756 se
2303 5698 2537 5753 invicem
2560 5690 2844 5754 desinunt,
2864 5695 2917 5743 et
2939 5702 2968 5741 a
2991 5702 3050 5741 se
3071 5684 3306 5739 invisent
3324 5681 3708 5737 terminantur.

3391 5948 3466 6006 '23
