3866 6390
379 474 486 529 875

1605 472 1662 525 S.
1700 470 2030 526 GREGORII
2066 469 2364 526 NYSSENI

3521 473 3632 531 870

372 586 613 658 Simplex
645 592 823 639 autem
853 593 907 638 et
937 598 1070 653 pura
1102 591 1158 639 et
1184 584 1475 641 uniformis
1505 594 1560 641 et
1588 586 1942 642 immutabilis

2047 580 2185 639 εἶναι
2217 588 2315 657 τῆς
2347 585 2484 657 πρὸς
2513 583 2579 639 τὸ
2604 584 2771 639 κακὸν
2805 584 3109 651 κοινωνίας,
3155 586 3404 659 ἀόριστος
3447 590 3502 641 ἐν
3541 589 3633 659 τῷ

372 686 426 733 et
452 674 836 737 iualterabilis,
863 681 917 729 et
959 689 1082 744 qua:
1123 691 1340 746 semper
1370 678 1625 733 similiter
1667 685 1721 733 et
1750 676 1942 732 eodem

371 767 533 822 modo
556 782 615 822 se
632 765 795 820 habet
816 773 1037 830 natura,
1057 774 1112 820 et
1133 781 1163 820 a
1182 768 1361 837 seipsa
1384 782 1664 839 nunquam
1688 767 1903 823 excedit
1927 786 1942 825 :

373 865 662 930 propterea
699 857 845 927 quod
875 871 983 912 non
1014 858 1082 912 sit
1113 873 1285 928 capax
1309 859 1592 915 societatis
1628 875 1751 914 eum
1778 859 1943 923 malo,

371 958 553 1003 manet
578 949 632 1002 in
662 948 809 1002 bono
839 947 1065 1002 minime
1086 947 1526 1018 circumscripta,
1558 949 1611 1003 in
1645 965 1703 1005 se
1734 950 1946 1004 nullum

368 1041 557 1094 videns
589 1037 772 1100 ﬁnem,
808 1046 1095 1107 propterea
1125 1037 1270 1104 quod
1307 1038 1362 1092 in
1417 1053 1475 1093 se
1506 1038 1713 1091 nullum
1766 1038 1949 1093 videat

368 1131 730 1185 contrarium.
765 1129 996 1195 Quando
1022 1144 1152 1200 ergo
1189 1130 1356 1183 trahit
1382 1132 1676 1185 humanam
1706 1130 1945 1183 animam

368 1222 435 1276 ad
461 1222 546 1277 sui
574 1223 1072 1292 participationem,
1106 1221 1301 1291 aequa1i
1333 1236 1549 1290 semper
1587 1234 1866 1285 mensura,
1889 1219 1945 1274 in

364 1329 428 1369 ea
455 1329 576 1384 quae
618 1313 684 1367 ad
721 1313 775 1367 id
821 1313 967 1382 quod
999 1318 1084 1367 est
1132 1312 1330 1367 melius
1371 1327 1436 1367 ac
1487 1312 1838 1381 praestantius
1884 1311 1943 1366 fit

366 1405 733 1475 exsuperatio:
758 1419 809 1469 e,
844 1404 1086 1473 assurgit
1115 1417 1280 1473 supra
1327 1417 1449 1457 eam
1478 1417 1599 1472 quae
1633 1411 1719 1463 est
1768 1402 1941 1472 parti-

365 1513 517 1568 ceps.
547 1495 680 1550 Nam
704 1496 885 1550 anima
916 1494 1138 1565 quidem
1172 1494 1355 1564 seipsa
1400 1508 1617 1563 semper
1654 1492 1713 1545 ﬁt
1744 1492 1937 1561 major,

2045 677 2235 749 ἀγαθῷ
2285 678 2469 749 μένει,
2518 678 2639 732 οὑδέ
2678 678 2848 749 αὑτῆς
2901 677 3174 749 βλέπουσα
3221 679 3411 750 πέρας,
3448 681 3539 735 διὰ
3567 684 3632 735 τδ

2050 768 2216 838 μηδὲν
2244 768 2351 820 τῶν
2380 770 2638 823 ἐναντίων
2661 768 2899 838 βλέπειν.
2931 770 3097 823 Ὅταν
3123 769 3303 824 τοίνυν
3331 772 3632 843 ἐφέλκηται

2048 857 2182 927 πρὸς
2214 857 2502 926 μετουσίαν
2531 860 2730 928 ἐαυτῆς
2749 858 2845 930 τὴν
2865 858 3214 930 ἀνθρωπίνην
3233 861 3428 930 ψυχὴν,
3446 862 3532 913 ἀεὶ
3549 861 3633 932 τῷ

2048 951 2148 1018 ίσῳ
2169 950 2349 1019 μέτρῳ
2365 950 2504 1003 κατά
2518 950 2618 1023 τὴν
2642 951 2699 1014 ἐς
2714 951 2772 1003 τὸ
2790 953 3038 1022 κρεῖττον
3054 952 3327 1023 ὑπεροχὴν
3350 953 3448 1022 τῆς
3468 971 3632 1022 μετε-

2051 1039 2252 1108 χούσης
2273 1041 2732 1112 ὑπερανέστηκεν.
2775 1042 2838 1095 Ἦ
2871 1042 2971 1113 μὲν
2996 1042 3105 1114 γὰρ
3130 1043 3275 1115 ψυχὴ
3306 1044 3503 1116 μείζων
3530 1047 3633 1098 aft-

2051 1134 2147 1204 τῆς
2176 1134 2403 1187 πάντοτε
2434 1133 2521 1187 διὰ
2544 1135 2643 1206 τῆς
2665 1133 2760 1188 τοῦ
2782 1135 3139 1208 ὑπερέχοντος
3166 1137 3450 1207 μετουσίας
3479 1138 3634 1205 γίνεσ-

2048 1242 2159 1288 ται,
2192 1227 2285 1279 καὶ
2316 1227 2656 1298 αὐξανομένη
2692 1228 2789 1298 οὑχ
2838 1229 3055 1283 ἵσταται
3080 1246 3093 1259 ·
3133 1230 3195 1282 τὸ
3236 1230 3294 1283 δὲ
3331 1231 3634 1300 μετεχόμε-

2048 1332 2137 1369 νον
2166 1316 2366 1385 ἀγαθὸν
2393 1320 2449 1371 ἐν
2477 1316 2575 1387 ίσῳ
2602 1318 2750 1388 μένει
2772 1316 3055 1382 ὡσαύτως,
3084 1319 3189 1372 ὑπὸ
3205 1320 3303 1390 τῆς
3325 1320 3417 1372 ἐπὶ
3443 1320 3633 1374 πλεῖον

2048 1407 2135 1460 ἀεὶ
2169 1408 2502 1481 μετεχούσης
2537 1410 2596 1463 ἐν
2629 1409 2717 1481 ἴσῃ
2749 1410 2980 1465 πάντοτε
3005 1413 3074 1481 τῇ
3099 1411 3337 1482 ὑπεροχῇ
3371 1411 3634 1481 εὑρισκό-

2050 1511 2233 1565 μενον.

364 1599 419 1647 et
451 1598 683 1663 augetur
706 1605 801 1661 per
836 1589 1313 1660 participationem
1341 1589 1462 1657 ejus
1497 1587 1640 1657 quod
1675 1597 1987 1659 exsuperat,
2029 1604 2207 1659 neque
2237 1589 2443 1645 desinit
2489 1591 2718 1663 augeri:
2751 1591 2954 1647 bonum
3006 1600 3187 1648 autem
3224 1591 3369 1662 quod
3403 1592 3636 1662 partiri-

364 1690 546 1752 patur,
578 1696 792 1752 semper
819 1687 1001 1735 manet
1031 1680 1085 1735 in
1111 1680 1442 1750 aequalitate,
1487 1686 1547 1733 ut
1599 1679 1743 1751 quod
1788 1682 1856 1734 ah
1922 1697 1984 1735 ea
2052 1697 2179 1752 quae
2203 1698 2417 1754 semper
2465 1691 2551 1739 est
2596 1684 2831 1754 amplius
2870 1684 3163 1756 particeps,
3213 1698 3427 1753 semper
3476 1685 3636 1740 inve-

367 1777 550 1830 niatur
574 1776 624 1828 in
650 1773 844 1844 aequali
869 1772 1307 1842 exsuperatione.

439 1866 700 1923 Videmus
729 1881 862 1937 ergo
889 1873 1154 1937 tanquam
1188 1866 1243 1920 in
1268 1865 1550 1922 scalarum
1583 1879 1818 1921 ascensu
1850 1879 1946 1932 per
1977 1872 2019 1926 Β

364 1959 585 2016 virtutis
650 1959 1005 2015 ascensiones
1063 1972 1325 2028 sponsam
1394 1972 1423 2011 a
1488 1956 1670 2013 Verbo
1724 1954 1942 2011 deduci.

367 2052 611 2106 Immittit
640 2051 816 2122 primo
849 2049 1091 2106 Verbum
1121 2051 1333 2105 radium
1366 2066 1460 2121 per
1507 2048 1778 2106 fenestras
1821 2062 1944 2119 pro-

366 2146 635 2217 pheticas,
664 2152 759 2198 aut
789 2144 1064 2199 cancellos
1096 2150 1492 2212 praeceptorum
1545 2140 1702 2212 legis,
1746 2147 1800 2195 et
1823 2154 1942 2195 eam

366 2237 597 2292 advocat
625 2244 684 2289 ut
721 2234 1124 2304 appropinquct
1150 2233 1281 2295 luci,
1312 2241 1365 2288 et
1396 2232 1625 2303 pulchra
1652 2231 1744 2285 fiat
1771 2231 1945 2286 instar

366 2326 631 2381 columbae
656 2323 888 2379 formata
924 2323 978 2376 in
1015 2324 1157 2378 luce.
1191 2321 1399 2378 Deinde
1443 2337 1567 2377 cum
1610 2337 1793 2376 rerum
1830 2320 1945 2391 pul-

366 2418 627 2472 chrarum
656 2422 868 2470 tantum
916 2412 1134 2478 fuisset,
1183 2421 1455 2484 quantum
1502 2413 1678 2483 potuit
1725 2427 1941 2483 capere,

369 2508 663 2580 particeps,
678 2523 871 2565 rursus
886 2507 955 2564 de
991 2511 1222 2580 integro,
1247 2514 1307 2560 ut
1327 2521 1447 2576 qua:
1468 2506 1740 2560 bonorum
1764 2506 1944 2560 adhuc

367 2617 476 2656 non
498 2606 644 2656 esset
661 2597 955 2669 particeps,
978 2610 1099 2651 eam
1125 2597 1352 2651 attrahit
1375 2596 1440 2651 ad
1464 2596 1942 2668 participationem

366 2692 493 2748 boni
521 2689 1004 2762 supereminentis,
1029 2688 1166 2744 adeo
1191 2696 1249 2743 ut
1276 2689 1326 2744 id
1351 2689 1531 2759 ipsum
1551 2689 1698 2760 quod
1726 2705 1944 2760 semper

366 2792 592 2855 apparet
627 2789 996 2852 congruenter
1047 2781 1385 2852 proportioni
1440 2780 1742 2852 profectus,
1778 2782 1941 2837 simul

367 2877 536 2931 etiam
577 2875 817 2928 attrahat
845 2873 1199 2937 desiderium,
1234 2883 1290 2928 et
1317 2882 1538 2943 pr0ptcr
1566 2874 1943 2944 exsuperatio-

366 2983 490 3024 nem
528 2967 794 3021 bonorum
863 2982 985 3035 qua:
1034 2981 1249 3036 semper
1300 2966 1730 3022 considerantur
1779 2967 1835 3020 in
1877 2982 1942 3023 eo

365 3058 512 3128 quod
531 3056 1176 3126 supereminet,videatur
1195 3056 1372 3125 primo
1390 3065 1612 3127 tangere
1628 3073 1938 3115 ascensum.

366 3149 665 3219 PtOpterca
694 3162 825 3218 ergo
847 3148 896 3202 ei
944 3147 1195 3201 excitatae
1238 3162 1432 3203 rursus
1477 3148 1633 3214 dicit,
1671 3147 1860 3220 Surge,
1890 3158 1943 3204 et

371 3240 420 3296 ei
448 3253 572 3294 cum
604 3237 844 3292 venisset
869 3236 1022 3297 dicit,
1057 3235 1205 3291 Veni.
1232 3236 1419 3307 Neque
1442 3238 1586 3292 enim
1612 3240 1659 3293 ei
1689 3240 1783 3310 qui
1814 3255 1942 3295 vere

370 3331 548 3401 surgit
584 3343 822 3399 unquam
866 3327 1042 3383 deerit
1088 3343 1304 3399 semper
1349 3344 1616 3399 surgere;
1669 3346 1849 3402 neque
1891 3331 1943 3386 ei

364 3421 458 3490 qui
514 3418 690 3472 curiit
752 3415 818 3470 ad
883 3415 1218 3482 Dominum,
1288 3433 1528 3489 unquam
1588 3426 1944 3475 consumetur

366 3499 606 3582 amplum
665 3517 719 3563 et
771 3509 941 3562 latum
1010 3509 1189 3578 campi
1256 3510 1495 3579 Spatium
1558 3510 1629 3564 ad
1692 3498 1941 3566 divinum

366 3615 588 3657 cursum
614 3599 1036 3656 conficiendum.
1065 3600 1293 3670 Oportet
1313 3600 1456 3656 enim
1483 3617 1697 3672 semper
1718 3619 1943 3674 surgere

365 3701 419 3749 et
464 3693 712 3756 excitari,
758 3701 814 3748 et
861 3707 957 3763 per
998 3707 1223 3747 cursum
1269 3692 1759 3763 appropinquando
1801 3710 1944 3749 nun-

365 3801 527 3856 quam
555 3800 794 3840 eessare.
827 3783 1193 3849 Quamobrem
1229 3783 1445 3850 quoties
1470 3783 1600 3837 dicit
1628 3800 1641 3837 :
1695 3783 1862 3853 Surge
1884 3791 1940 3839 et

365 3875 516 3933 chi.
545 3874 706 3927 toties
739 3874 968 3944 largitur
1004 3873 1317 3927 facultatem
1359 3873 1424 3927 ad
1470 3874 1521 3928 id
1551 3875 1696 3944 quod
1744 3876 1942 3932 melius

364 3974 447 4021 est
502 3966 851 4021 ascendendi.
913 3963 1005 4018 Sic
1066 3964 1305 4034 intelligo
1359 3981 1479 4034 qua:
1542 3974 1845 4036 sequuntur
1885 3966 1940 4020 in

367 4065 533 4109 textu.
575 4052 706 4107 Nam
761 4054 852 4122 qui
892 4052 1178 4123 pulchram
1234 4070 1297 4107 ex
1336 4056 1562 4122 pulchra
1600 4056 1754 4125 jubet
1802 4058 1939 4124 fieri,

365 4154 549 4214 aperte
595 4143 851 4198 admonet
909 4154 961 4197 et
1012 4144 1258 4213 suggerit
1320 4145 1451 4199 illud
1518 4145 1938 4216 Apostolicum,

359 4235 560 4305 jubens
592 4236 838 4290 eamdem
863 4233 1155 4304 imaginem
1188 4250 1218 4288 a
1270 4236 1441 4306 gloria
1475 4238 1854 4295 transformari
1885 4242 1939 4296 in

363 4328 591 4399 gloriam
614 4327 683 4391 ’⁸,
713 4325 847 4382 adeo
874 4334 933 4381 ut
959 4341 1176 4397 semper
1189 4325 1443 4382 videatur
1462 4343 1583 4384 esse
1605 4330 1774 4400 gloria
1793 4333 1939 4402 quod

364 4420 654 4489 accipitur,
683 4430 735 4473 et
765 4418 910 4487 quod
961 4433 1177 4488 semper
1230 4419 1533 4484 invenitur,
1565 4428 1620 4474 et
1680 4422 1810 4477 licet
1867 4423 1939 4479 sit

2130 1865 2375 1938 Ὁρῶμεν
2414 1868 2593 1921 τοίνυν
2626 1867 2815 1940 ὥσπερ
2853 1868 2912 1921 ἐν
2957 1866 3181 1938 βαθμῶν
3210 1867 3471 1922 ἀναὸἁσει
3509 1886 3633 1939 χει-

2051 1956 2474 2029 ραγωγουμένην
2504 1958 2593 2012 διά
2636 1958 2744 2013 τῶν
2773 1960 2872 2029 τῆς
2928 1960 3129 2030 ἀρεστῆς
3170 1957 3369 2012 ἀνόδων
3417 1958 3509 2012 ἐπὶ
3558 1960 3632 2013 τὰ

2047 2046 2155 2120 ὕψη
2188 2048 2337 2119 παρά
2361 2047 2455 2102 τοῦ
2474 2048 2646 2117 Λόγου
2675 2047 2775 2119 τὴν
2802 2042 3153 2119 νύμφηνῙἭν
3181 2050 3198 2069 ⁶
3217 2048 3387 2119 ἐνίησι
3407 2047 3633 2118 πρῶτον

2045 2141 2133 2195 διὰ
2173 2140 2282 2195 τῶν
2316 2140 2612 2213 προφητῶν
2651 2140 2904 2213 θυρίδων,
2954 2140 3050 2195 καλ⁹
3096 2140 3203 2194 τῶν
3242 2140 3477 2195 δικτύων
3512 2144 3632 2195 τῶν

2045 2225 2139 2281 τοῦ
2169 2228 2334 2297 νόμου
2365 2229 2844 2300 παραγγελμάτων
2869 2228 2967 2301 τὴν
3007 2230 3203 2284 ἀκτῖνα
3231 2232 3260 2283 ὁ
3305 2230 3494 2300 Λόγος,
3529 2233 3631 2285 καὶ

2048 2319 2393 2389 προσκαλεῖτ⁹
2418 2320 2586 2391 αὑτὴν
2615 2321 2829 2389 ἐγγίσαι
2858 2321 3020 2389 φωτὶ,
3050 2322 3144 2374 καὶ
3166 2321 3346 2401 ⁸καλὴν
3372 2322 3630 2391 γενέσθαι

2046 2411 2182 2481 πρὸς
2213 2411 2274 2463 τὸ
2301 2406 2440 2474 εἶδος
2468 2410 2568 2480 τῆς
2602 2412 2929 2484 περιστερᾶς
2956 2413 3015 2465 ἐν
3038 2411 3117 2482 τῷ
3151 2414 3289 2483 φωτὶ
3317 2413 3633 2484 μορφωθεῖο

2048 2521 2166 2558 σαν.
2204 2499 2336 2556 Εἶτα
2369 2503 2746 2573 μετασχοῦσαν
2789 2504 2899 2557 τῶν
2948 2505 3147 2571 καλῶν,
3187 2506 3313 2560 ὅσον
3344 2506 3625 2579 ἐχώρησε,

2045 2595 2206 2649 πάλιν
2241 2594 2301 2659 ἐξ
2333 2596 2607 2665 ὑπαρχῆς,
2632 2594 2708 2659 ὡς
2742 2594 2820 2649 ἔτι
2852 2595 2960 2648 τῶν
2993 2595 3175 2651 καλῶν
3215 2592 3379 2651 οὖσαν
3416 2600 3630 2670 ἀμέτο-

2044 2704 2158 2757 χον,
2189 2685 2323 2756 πρὸς
2343 2684 2437 2738 τοῦ
2462 2685 2857 2756 ὑπερκειμένου
2884 2683 3115 2749 κάλλους
3146 2685 3430 2756 μετουσίαν
3469 2687 3635 2754 ἐφέλ-

2045 2795 2219 2840 κεται,
2253 2775 2393 2830 ὥστε
2424 2776 2561 2846 αὐτῇ
2588 2774 2731 2828 κατά
2761 2774 2859 2846 τὴν
2891 2774 3184 2843 ἀναλογίαν
3216 2776 3314 2846 τῆς
3340 2777 3633 2846 προκοπῆς

1990 2906 1999 2912 .
2044 2868 2181 2939 πρὸς
2201 2867 2262 2920 τὸ
2293 2868 2383 2921 ἀεὶ
2405 2867 2834 2938 προφαινόμενον
2864 2867 2957 2919 καὶ
2984 2866 3082 2938 τὴν
3102 2866 3397 2937 ἐπιθυμίαν
3428 2869 3634 2921 συναύ-

2046 2955 2252 3020 ξεσθαι,
2282 2956 2376 3008 καὶ
2399 2955 2487 3009 διὰ
2519 2956 2619 3025 τὴν
2645 2954 2952 3027 ὑπερϐολὴν
2978 2954 3086 3009 τῶν
3118 2954 3348 3009 πάντοτε
3388 2956 3530 3011 κατά
3566 2957 3632 3011 τὸ

2044 3045 2440 3119 ὑπερκείμενον
2478 3046 2882 3117 εὑρισκομένων
2920 3045 3159 3113 ἀγαθῶν,
3192 3045 3423 3117 πρώτως
3450 3047 3628 3100 ἄπτε-

2046 3140 2171 3194 σθαι
2205 3140 2304 3210 τῆς
2343 3139 2533 3193 ἀνόδου
2562 3139 2736 3193 δοκεῖν
2790 3140 2888 3191 Διά
2916 3139 3075 3192 τοῦτό
3102 3155 3233 3208 φησι
3276 3138 3438 3192 πάλιν
3488 3138 3630 3210 πρὸς

2044 3232 2141 3303 τὴν
2161 3233 2325 3302 ἐγηγε
2337 3249 2366 3303 ρ
2372 3232 2538 3302 μένην
2559 3234 2587 3285 ὁ
2601 3230 2789 3298 Λόγος,
2807 3232 2887 3284 ὅτι
2918 3229 3245 3299 Ἀνάστηθι,
3263 3231 3358 3283 καὶ
3373 3230 3508 3301 πρὸς
3523 3232 3630 3301 τὴν

2044 3324 2323 3388 ἐλθοῦσαν,
2350 3325 2432 3377 ὅτι
2468 3324 2652 3380 Ἐλθέ.
2681 3322 2819 3376 Οὔτε
2854 3322 2963 3393 γὰρ
2987 3322 3064 3392 τῷ
3084 3321 3252 3386 ὅντως
3280 3322 3630 3393 ἀνισταμένῳ

2042 3415 2216 3485 λείψει
2247 3416 2376 3468 ποτὲ
2418 3416 2508 3469 ἀεὶ
2552 3414 2874 3468 ἀνίστασθαι
2897 3458 2909 3479 ,
2945 3412 3069 3467 οὔτε
3097 3412 3176 3483 τῷ
3212 3413 3458 3484 τρέχοντι
3491 3414 3632 3483 πρὸς

2042 3507 2134 3561 τὸν
2166 3507 2390 3579 Κύριον,
2425 3508 2469 3577 ή-
2488 3506 2623 3577 πρὸς
2654 3506 2745 3559 τὸν
2777 3507 2918 3559 θεῖον
2947 3504 3146 3575 δρόμον
3188 3505 3498 3575 εὐρυχωρία
3526 3504 3627 3559 δα-

2045 3600 2438 3671 πανηθήσεται.
2488 3598 2599 3651 ’Λεί
2638 3615 2697 3650 τε
2742 3597 2851 3666 γὰρ
2886 3595 3200 3668 ἐγείρεσθαι
3233 3595 3360 3668 χρὴ.
3401 3598 3494 3649 καὶ
3523 3613 3635 3666 μη-

2043 3690 2233 3746 δέποτε
2270 3687 2361 3743 διὰ
2404 3687 2499 3741 τοῦ
2542 3687 2744 3757 δρόμου
2783 3684 3243 3756 προσεγγίζοντας
3287 3684 3625 3737 παύσασθαι.

2048 3785 2125 3850 ὡς
2181 3781 2370 3843 ὁσάκις
2412 3779 2477 3833 ἂν
2514 3779 2662 3847 λέγει
2695 3778 2756 3831 τὸ
2807 3776 3125 3844 Ἀνάστηθι
3148 3792 3162 3806 ·
3197 3777 3294 3831 καὶ
3324 3776 3385 3829 τὸ
3428 3777 3626 3831 Ἐλοἐ’

2042 3872 2264 3936 τοσάκις
2288 3873 2388 3942 τῆς
2412 3871 2548 3942 πρὸς
2571 3871 2902 3941 τδ-κρείττον
2927 3867 3243 3931 ἀναϐάσεως
3270 3868 3369 3938 τὴν
3396 3868 3624 3939 δύναμιν

2041 3966 2273 4019 δίδωσιν.
2328 3963 2486 4018 Οὕτω
2528 3962 2637 4015 νόει
2676 3962 2771 4016 καὶ
2812 3961 2881 4014 τά
2926 3961 3124 4032 ἐφεξῆς
3156 3960 3492 4031 προκείμενα
3527 3958 3625 4013 τοῦ

2041 4055 2222 4124 λόγου.
2265 4056 2323 4109 '0
2362 4054 2471 4125 γὰρ
2504 4054 2676 4125 καλὴν
2703 4055 2769 4106 ἐκ
2809 4052 2982 4123 καλῆς
3008 4051 3257 4121 γενέσθαι
3280 4051 3536 4112 κελεύων,
3560 4051 3623 4104 τὸ

2040 4145 2399 4199 ἀποστολικδν
2443 4146 2699 4215 ἄντικρυς
2731 4142 3070 4207 ὑποτίθεται,
3099 4143 3199 4211 τὴν
3240 4142 3410 4212 αὐτὴν
3439 4142 3625 4196 εἰκόνα

2041 4238 2402 4310 προστάσσων
2441 4237 2548 4290 ἀπὸ
2587 4235 2744 4305 δόξης
2780 4237 2860 4297 εἰς
2902 4233 3058 4299 δόξαν
3109 4233 3620 4306 μεταμορᾳοῦσθαν

2048 4331 2126 4397 ὼς
2175 4329 2404 4383 πάντοτε
2448 4328 2605 4394 δόξαν
2658 4323 2794 4380 εἶναι
2846 4326 3259 4396 λαμϐανόμενον
3301 4326 3397 4379 καὶ
3425 4326 3486 4379 τὸ
3533 4326 3622 4378 ἀεὶ

2042 4423 2448 4493 εὑρισκόμενον,
2469 4421 2580 4478 κᾶν
2617 4420 2698 4473 ὅτι
2733 4420 2969 4490 μάλιστα
3004 4418 3146 4489 μέγα
3177 4434 3228 4472 τι
3272 4419 3365 4472 καὶ¹
3398 4418 3622 4490 ὑψηλὸν,

365 4526 619 4582 magnum
651 4521 702 4565 et
726 4511 1031 4573 excelsum,
1060 4510 1321 4565 credatur
1350 4526 1474 4567 esse
1497 4512 1680 4567 minus
1702 4528 1768 4569 eo
1790 4529 1935 4583 quon

2049 4514 2076 4584 ἢ
2108 4515 2429 4585 μικρότερον
2452 4511 2590 4566 εἶναι
2611 4511 2703 4564 τοῦ
2726 4510 3080 4581 ἐλπιζομένου
3110 4508 3440 4564 πιστεύεται.
3467 4510 3622 4564 ὕῦτω

364 4608 635 4670 speratur.
665 4600 756 4653 Sic
778 4614 909 4669 ergo
934 4615 1058 4655 eum
1083 4609 1229 4654 esset
1259 4601 1510 4656 columba
1550 4602 1617 4658 iis
1645 4620 1763 4673 quae
1786 4606 1939 4676 prius

362 4699 512 4744 recte
538 4690 823 4758 gessisset,
853 4690 1217 4747 nihilominus
1246 4707 1364 4746 eam
1401 4709 1595 4750 rursus
1638 4694 1793 4764 jubet
1824 4698 1938 4753 lieri

362 4779 693 4842 columbam,
728 4795 823 4848 per
866 4780 1411 4838 transformationem
1450 4786 1506 4839 in
1555 4786 1607 4840 id
1660 4788 1807 4857 quod
1855 4797 1939 4843 est

361 4871 578 4925 melius.
614 4871 748 4925 Etsi
785 4870 888 4925 hoc
922 4871 1122 4926 factum
1162 4872 1351 4937 fuerit,
1393 4876 1653 4948 deinceps
1682 4880 1936 4935 ostendet

358 4962 535 5017 oratio
565 4978 661 5032 per
691 4976 886 5016 nomen
926 4962 978 5016 id
1005 4965 1150 5033 quod
1176 4976 1258 5021 est
1290 4966 1565 5037 superius.

431 5054 573 5108 Dicit
617 5055 802 5109 enim:
855 5053 919 5108 Et
957 5054 1058 5108 huc
1098 5056 1229 5121 veni,
1282 5058 1525 5114 columba
1578 5078 1714 5127 mea,
1762 5065 1819 5118 in
1861 5073 1936 5118 te-

355 5147 527 5217 gmine
560 5155 722 5213 petrw
760 5147 922 5213 juxta
977 5147 1452 5217 propugnaculum.
1504 5149 1638 5216 Quis
1683 5161 1767 5209 est
1805 5169 1936 5225 ergo

359 5253 620 5292 ascensus
670 5236 735 5290 ad
790 5236 1212 5305 perfectionem,
1252 5238 1348 5309 qui
1387 5240 1731 5309 signiﬁcetur
1775 5244 1829 5298 in
1874 5246 1941 5301 iis

358 5343 477 5397 qua:
531 5345 677 5382 num:
730 5329 876 5383 dicta
923 5329 1097 5384 sunt?
1133 5327 1251 5383 Non
1298 5331 1534 5401 amplius
1581 5335 1828 5404 aspicere
1872 5336 1940 5391 ad

358 5417 600 5471 studium
632 5433 822 5471 eorum
860 5433 983 5488 qua:
1017 5418 1329 5483 attrahunt,
1371 5421 1469 5474 sed
1500 5421 1566 5474 ad
1596 5422 1649 5475 id
1683 5424 1829 5492 quod
1855 5432 1940 5480 est

359 5508 556 5563 melius
597 5509 790 5562 ducem
824 5507 1028 5563 habere
1062 5507 1344 5578 propriam
1382 5510 1761 5579 cupiditatem.
1798 5513 1935 5579 lluc,

358 5597 531 5667 inquit
577 5599 703 5669 ipsi,
755 5599 921 5654 veni:
957 5616 1066 5656 non
1099 5617 1165 5656 ex
1200 5599 1544 5670 aegritudine,
1585 5613 1680 5659 aut
1726 5621 1791 5660 ex
1836 5622 1934 5662 ne-

353 5689 631 5753 cessitate,
685 5688 779 5743 sed
812 5690 1048 5761 propriis
1084 5692 1195 5747 tuis
1243 5690 1552 5750 rationibus
1601 5696 1933 5755 confirmans

427 5862 471 5893 εδ
519 5859 565 5915 ll
595 5861 747 5925 tior.,
783 5875 865 5927 ut,
907 5862 990 5919 l8.

2042 4606 2223 4659 τοίνυν
2251 4599 2579 4677 περιστερὰν
2603 4599 2769 4657 οὖσαν
2804 4606 2862 4655 ὲν
2891 4605 3004 4665 τοῖς
3037 4603 3617 4674 προκατωρθωμένοις,

2040 4697 2195 4749 οὐδὲν
2216 4692 2376 4767 ἧττον
2400 4694 2728 4766 περιστερὰν
2761 4693 2928 4763 αὐτὴν
2962 4692 3122 4747 πάλιν
3160 4694 3246 4747 διὰ
3273 4694 3373 4763 τῆς
3404 4695 3537 4761 πρὸς
3558 4694 3621 4747 τὸ

2044 4792 2290 4861 κρεῖττον
2313 4784 2791 4857 μεταμορφώσεως
2817 4784 3067 4853 γενέσθαι
3094 4784 3483 4840 διακελεύεται.
3511 4789 3620 4842 Καὶ

2044 4883 2093 4934 εἰ
2116 4878 2275 4933 τοῦτο
2298 4880 2526 4947 γένοιτο,
2548 4877 2607 4930 τὸ
2629 4877 2768 4946 ὑπὲρ
2790 4875 2948 4930 τοῦτο
2972 4876 3132 4929 πάλιν
3152 4878 3180 4928 ό
3203 4877 3358 4944 λόγος
3382 4877 3614 4947 καθεξῆς

2042 4973 2130 5026 διὰ
2167 4970 2261 5024 τοῦ
2290 4970 2553 5040 ὀνόματος
2582 4968 2869 5033 ὑποδείξει.

2113 5064 2275 5131 Λέγει
2308 5063 2438 5132 γάρ’
2476 5061 2658 5128 Δεῦρο
2698 5059 2957 5129 σεαυτὴ,
2997 5058 3317 5127 περιστερά
3351 5077 3497 5129 μου,
3544 5058 3616 5112 ἐν

2044 5155 2242 5224 σκέπῃ
2271 5154 2380 5223 τῆς
2407 5154 2629 5222 πέτρας
2672 5152 2928 5221 ἐχομένη
2960 5151 3066 5204 τοῦ
3104 5153 3612 5221 προτειχίσματος.

2042 5247 2138 5311 Τίς
2168 5244 2260 5301 οὖν
2289 5249 2321 5317 ἡ
2346 5246 2483 5316 πρὸς
2506 5245 2568 5297 τὸ
2593 5244 2797 5297 τέλειον
2820 5244 3026 5306 ἄνοδος,
3062 5242 3184 5313 ἥτις
3220 5246 3331 5307 τοῖς
3351 5245 3448 5299 νῦν
3471 5244 3616 5315 εἰρη-

2045 5338 2223 5408 μένοις
2252 5336 2610 5407 ἐμφαίνεται;
2638 5334 2713 5387 Τὸ
2745 5335 2942 5405 μηκέτι
2977 5334 3113 5405 πρὸς
3138 5333 3236 5404 τὴν
3259 5335 3366 5388 τῶν
3387 5335 3612 5405 ἐφελκο-

2044 5427 2219 5496 μένων
2249 5425 2467 5495 βλέπειν
2509 5422 2766 5494 σπουδὴν,
2793 5422 2907 5476 ἀλλ’
2938 5422 3129 5492 ὁδηγὸν
3160 5423 3298 5494 πρὸς
3334 5424 3394 5476 τὸ
3429 5426 3611 5494 κρείτ-

2038 5536 2128 5572 τον
2173 5517 2271 5587 τὴν
2317 5517 2452 5571 ίδίαν
2510 5515 2806 5587 ἐπιθυμίαν
2851 5515 3017 5586 ἔχειν.
3063 5514 3233 5586 Δεῦρο
3276 5516 3403 5586 γὰρ,
3452 5515 3605 5585 φησὶ,

2044 5609 2267 5679 σεαυτὴ,
2326 5608 2400 5679 μὴ
2433 5609 2496 5661 ὲκ
2524 5606 2723 5678 λύπης,
2753 5606 2787 5677 ἢ
2822 5605 2880 5672 ἐξ
2921 5606 3185 5674 ἀνάγκης,
3229 5606 3362 5660 ἀλλὰ
3386 5607 3607 5679 σεαυτὴ,

2039 5704 2151 5765 τοῖς
2174 5700 2321 5763 ἰδίοις
2347 5700 2626 5771 λογισμοῖς
2647 5702 2748 5773 τὴν
2778 5696 3085 5771 προθυμίαν
3107 5698 3166 5751 ἐν
3186 5694 3265 5766 τῷ
3283 5692 3431 5762 καλῷ
3450 5694 3608 5762 ἑπιρ-
