3866 6370
365 532 485 592 ϐτἹ

1429 532 1497 588 1N
1537 521 1839 592 CANTICA
1893 533 2160 592 CANTIC.
2203 533 2490 594 uorum
2529 537 2594 593 v.

3537 537 3641 596 878

369 647 634 718 ρὡασα,
683 645 784 701 οὐκ
839 641 1085 718 ἀνάγκης
1139 643 1586 718 καθηγουμένης.
1647 647 1946 701 Ἀδέσποτοη

2064 645 2420 718 cupiditatem
2450 649 2516 704 ad
2549 647 2600 704 id
2637 647 2780 720 quod
2811 656 2897 705 est
2921 649 3234 716 honestum,
3265 664 3375 706 non
3411 649 3642 706 ducente

369 739 485 812 γὰρ
513 741 546 811 ἡ
573 739 762 810 ἀρετὴ.
793 739 888 794 καὶ
913 739 1179 804 ἑκούσιον,
1211 739 1306 792 καλ⁸
1329 738 1577 807 ἀνάγκης
1603 740 1783 808 πάσης
1809 738 1958 791 ἐλεύ-

369 831 554 903 θερον.
587 830 840 896 Τοιοῦτος
879 827 948 902 ἦν
987 829 1184 893 Δαϐὶδ,
1223 831 1252 884 ό
1300 829 1368 883 τά
1415 828 1642 883 ἑκούσια
1684 829 1820 898 μόνα
1849 829 1958 883 τῶν

367 925 508 996 παρ’
550 923 714 978 αὑτοῦ
743 923 1044 994 γινομένων
1085 921 1440 992 εύδοκηθῆναι
1467 921 1548 991 τῷ
1579 920 1698 991 Θεῷ
1726 937 1958 991 προσευ-

367 1016 624 1086 χόμενος,
650 1015 744 1068 καὶ
771 1013 1033 1077 ἑκουσίως
1065 1012 1214 1066 θύειν
1245 1011 1739 1082 ἐπαγγελλόμενος.
1771 1011 1957 1064 Τοιοῦ-

363 1123 466 1170 τος
493 1107 720 1170 ἕκαστος
758 1105 864 1159 τῶν
894 1105 1084 1174 ἁγίων,
1116 1103 1306 1158 ἑαυτὸν
1357 1104 1436 1172 τῷ
1479 1101 1598 1174 Θεῷ
1641 1103 1952 1173 προσάγων,

365 1200 475 1252 οὐκ
507 1197 566 1262 ἐξ
593 1198 838 1266 ἀνάγκης
871 1196 1157 1266 ἀγόμενος.
1194 1193 1307 1248 Καὶ
1339 1195 1404 1247 σὺ
1439 1193 1618 1247 τοίνυν
1645 1192 1818 1258 δεῖξον
1858 1193 1954 1264 τὴν

363 1289 585 1344 τελείαν
607 1289 939 1342 κατάστασιν
966 1285 1060 1340 τοῦ
1093 1287 1294 1356 σεαυτῇ
1329 1285 1431 1354 τῆς
1465 1285 1599 1356 πρὸς
1621 1283 1682 1337 τὸ
1709 1287 1954 1356 κρεῖττον

364 1381 560 1436 ἀνόδου
594 1381 692 1450 τὴν
728 1379 1024 1448 ἐπιθυμίαν
1053 1377 1260 1446 λαϐεῖν.
1295 1376 1532 1447 Τοιαύτη
1573 1376 1630 1430 δὲ
1663 1376 1950 1446 γενομένη,

365 1474 559 1543 φησὶν,
589 1473 736 1543 ἣξεις
761 1472 852 1524 ἐπὶ
875 1469 970 1540 τὴν
997 1473 1206 1539 σκέπην
1235 1469 1334 1538 τῆς
1362 1469 1571 1536 πέτρας
1596 1468 1828 1538 ἐχομένη
1857 1467 1950 1520 τοῦ

352 1563 844 1636 προτειχίσματος.
877 1561 949 1613 Τὸ
968 1561 1024 1614 δὲ
1045 1560 1338 1629 λεγόμενον
1369 1558 1608 1611 τοιοῦτόν
1633 1559 1800 1611 ἐστιν.
1830 1557 1952 1631 Χρὴ

363 1657 480 1726 γὰρ
511 1654 864 1726 μεταϐάλλειν
885 1653 976 1706 τὸν
1001 1652 1156 1720 λόγον
1178 1651 1285 1704 ἀπὸ
1315 1650 1420 1704 τῶν
1449 1650 1786 1721 αἰνιγμάτων
1815 1649 1950 1721 πρὸς

361 1750 430 1802 τὸ
457 1749 804 1817 σαφέστερον.
834 1747 950 1800 Μία
983 1745 1160 1815 σκέπη
1192 1744 1290 1814 τῆς
1323 1742 1674 1813 ἀνθρωπίνης
1704 1743 1820 1795 ἐστὶ
1849 1741 1952 1810 ψυ-

359 1841 470 1910 χῆς
493 1879 507 1896 .
553 1838 614 1891 τὸ
667 1837 866 1907 ὑψηλὸν
905 1831 1256 1903 Εὑαγγέλιον,
1307 1834 1363 1884 ἐν
1394 1825 1437 1900 ᾧ
1467 1834 1494 1886 ὁ
1521 1832 1809 1902 γενόμενος
1849 1830 1948 1900 τῆς

361 1931 630 1994 σκιώδους
657 1927 999 1990 διδασκαλίας
1043 1927 1128 1980 διὰ
1163 1926 1271 1979 τῶν
1303 1924 1547 1979 τοπικῶν
1577 1941 1636 1976 τε
1687 1923 1784 1976 καὶ
1814 1940 1950 1994 συμ-

2065 739 2415 795 necessitate.
2463 737 2696 796 Domino
2730 741 2877 796 enim
2912 749 3062 797 caret
3107 745 3304 810 virtus,
3348 749 3515 799 etest
3547 757 3642 798 νο·-

2064 828 2324 895 Iuntaria,
2355 837 2408 886 et
2445 831 2514 885 ab
2543 831 2694 886 omni
2733 835 3062 890 necessitate
3105 835 3296 890 libera.
3335 834 3486 890 Talis
3518 841 3642 890 erat

2067 920 2255 984 David.
2288 922 2383 992 qui
2413 938 2480 978 ex
2521 923 2590 980 iis
2620 939 2742 994 quae
2772 927 2841 980 ab
2883 926 3004 996 ipso
3050 925 3189 982 facta
3219 933 3398 989 erant,
3428 941 3490 980 ea
3524 927 3641 982 sola

2061 1023 2183 1065 cs.~‘e
2227 1010 2338 1068 Deo
2380 1023 2534 1084 grata
2573 1023 2628 1070 et
2695 1016 2926 1085 probata
2973 1018 3472 1085 animadvertebat,
3521 1033 3642 1088 qua!

2061 1108 2218 1154 erant
2269 1103 2596 1170 voluntaria,
2638 1111 2694 1160 et
2751 1121 2810 1162 se
2849 1107 3156 1164 voluntarie
3205 1110 3641 1164 sacriﬁcaturum

2061 1194 2412 1262 promittebat
2431 1198 2500 1252 ’τι
2544 1198 2694 1255 Talis
2732 1209 2818 1256 est
2853 1203 3233 1273 unusquisque
3280 1210 3506 1260 sanctus
3545 1203 3636 1272 qui

2061 1297 2120 1338 se
2154 1282 2266 1338 Dro
2314 1284 2494 1350 oﬂert,
2539 1303 2650 1344 non
2702 1299 2860 1347 actus
2905 1295 3260 1350 necessitate.
3309 1294 3376 1352 Et
3415 1304 3472 1350 tu
3509 1312 3640 1368 ergo

2059 1374 2288 1430 ostende
2315 1375 2615 1445 perfectam
2662 1378 2718 1432 in
2756 1387 2808 1435 te
2847 1383 3128 1452 accepisse
3167 1386 3638 1450 constitutionem,

2059 1468 2415 1536 cupiditatem
2461 1485 2730 1528 ascensus
2771 1473 2841 1528 ad
2872 1472 2924 1527 id
2969 1475 3114 1545 quod
3146 1483 3231 1531 est
3258 1477 3475 1532 melius.
3501 1475 3638 1532 Cum

2057 1566 2237 1614 autem
2291 1560 2438 1623 talis,
2487 1561 2700 1632 inquit,
2759 1566 3035 1631 evaseris,
3083 1569 3266 1622 venies
3311 1567 3377 1621 ad
3426 1575 3636 1637 petram

2057 1650 2315 1720 tegminis
2353 1651 2511 1721 juxta
2559 1657 3056 1726 propugnaculum.
3099 1657 3254 1724 Quod
3292 1666 3471 1714 autem
3507 1659 3641 1713 dicit

2056 1749 2138 1796 est
2172 1741 2467 1811 ejusmodi.
2504 1743 2735 1818 Oportet
2771 1749 2918 1804 enim
2962 1751 3029 1803 ab
3057 1750 3440 1821 aenigmatibus
3468 1750 3639 1804 abdu-

2056 1841 2200 1886 ctam
2233 1835 2537 1891 orationem
2575 1846 2814 1895 tractare
2843 1840 3161 1898 dilucidius.
3198 1843 3377 1898 Unum
3419 1850 3636 1914 tegmen

2056 1924 2314 1981 humanae
2365 1929 2561 1984 anima:
2599 1938 2684 1987 est
2731 1933 2964 1988 sublime
3014 1933 3390 2004 Evangelium,
3432 1934 3486 1988 in
3527 1949 3636 2003 quo

361 2021 600 2074 ίολικῶν
649 2020 934 2090 νοημάτων
979 2017 1163 2070 οὐκέτι
1217 2015 1572 2087 προσδέεται,
1613 2012 1946 2085 φανερούσης

2055 2032 2180 2070 cum
2212 2015 2378 2073 fuerit
2423 2020 2679 2076 umbrosa
2729 2023 2983 2078 doctrina
3017 2040 3116 2094 per
3150 2025 3362 2094 typieas
3403 2031 3457 2079 et
3487 2039 3635 2096 sym-

371 2114 466 2183 τῆς
516 2111 772 2182 ἀληθείας
821 2112 887 2164 τά
934 2109 1326 2180 κεκαλυμμένα
1369 2107 1476 2160 τῶν
1512 2108 1949 2178 προσταγμάτων

359 2204 684 2274 αἰνίγματα.
721 2203 931 2272 Πέτραν
959 2203 1016 2255 δὲ
1059 2202 1156 2272 τὴν
1188 2199 1547 2270 εύαγγελικὴν
1590 2197 1951 2269 ὀνομάζεσθαι

358 2295 550 2367 χάριν,
587 2295 762 2357 οὐδεὶς
789 2295 1030 2347 ἀντείποι
1063 2292 1170 2346 τῶν
1195 2293 1287 2347 καὶ
1323 2289 1572 2345 ὁπωσοῦν
1611 2290 1948 2360 μετεχόντων

356 2387 468 2456 τῆς
497 2387 748 2448 πίστεως·
790 2385 1118 2454 πολλαχόθεν
1148 2387 1256 2455 γὰρ
1293 2382 1439 2436 ἐστιν
1484 2383 1551 2436 ἐκ
1586 2383 1684 2452 τῆς
1728 2383 1952 2454 Γραφῆς

358 2477 526 2531 τοῦτο
556 2477 766 2546 μαθεῖν,
798 2477 856 2530 τὸ
883 2477 1090 2548 πέτραν
1116 2471 1257 2528 εἶναι
1287 2474 1640 2542 Εύαγγέλιον.
1677 2473 1750 2526 Τὸ
1773 2475 1951 2528 τοίνυν

355 2561 656 2636 λεγόμενον
695 2567 933 2620 τοιοῦτόν
959 2569 1105 2620 ἐστιν
1123 2579 1139 2598 ⁶
1165 2568 1226 2620 Ei
1256 2566 1683 2637 ὲνεγυμνάσθης,
1710 2559 1754 2618 ὦ
1781 2565 1949 2636 ψυχὴ,

357 2657 446 2730 τῷ
470 2659 637 2730 νόμῳ,
675 2660 722 2712 εί
750 2661 846 2722 τὰς
875 2659 962 2713 διὰ
987 2659 1096 2712 τῶν
1134 2658 1488 2730 προφητικῶν
1517 2659 1748 2728 θυρίδων
1779 2658 1951 2726 αὐγάς

355 2755 432 2822 τῇ
465 2752 668 2822 διανοίᾳ
691 2751 963 2814 τεθέασαι,
999 2753 1201 2824 μηκέτι
1225 2751 1330 2804 ὑπὸ
1351 2751 1446 2822 τὴν
1469 2750 1560 2804 τοῦ
1587 2750 1811 2820 νομικοῦ
1844 2751 1952 2804 τοί-

357 2861 464 2914 χου
501 2843 657 2897 σκιάν
689 2843 836 2914 μένε.
880 2845 1048 2897 Σκιάν
1073 2844 1182 2916 γάρ
1215 2845 1244 2896 ὁ
1282 2845 1461 2913 τοῖχος
1492 2843 1636 2895 ποιεῖ
1672 2841 1779 2894 τῶν
1823 2842 1950 2912 μελ-

356 2935 564 2989 λόντων
595 2936 834 3005 ἀγαθῶν,
868 2937 969 2990 οὐκ
993 2935 1162 3006 αὐτὴν
1203 2935 1302 3007 τὴν
1337 2935 1518 2989 εἰκόνα
1544 2934 1651 2988 τῶν
1693 2935 1950 3006 πραγμάι-

355 3045 492 3082 των·
519 3029 632 3082 ἀλλ’
663 3029 754 3082 ἐπὶ
795 3028 894 3100 τὴν
933 3028 1140 3098 πέτραν
1185 3029 1250 3081 ὲκ
1291 3027 1385 3082 τοῦ
1417 3027 1681 3096 σύνεγγυς
1719 3029 1826 3082 ἀπὸ
1855 3026 1947 3082 τοῦ

355 3118 544 3188 τοίχου
582 3119 867 3189 μετάϐηθι.
907 3120 1129 3192 Ἕχεται
1169 3118 1342 3190 γὰρὴ
1389 3118 1562 3190 πέτρα
1595 3119 1686 3172 τοῦ
1733 3134 1950 3192 προτει-

354 3211 644 3282 χίσματοςο
680 3210 865 3282 ἐπειδὴ
907 3212 1005 3281 τῆς
1041 3209 1404 3282 εύαγγελικῆς
1434 3210 1669 3275 πίστεως
1713 3214 1742 3265 ό
1775 3213 1946 3282 νόμος

353 3301 722 3374 προτείχισμα
753 3303 962 3371 γέγονε·
993 3302 1087 3356 καὶ
1115 3301 1297 3372 ἔχεται
1323 3301 1568 3372 ἀλλήλων
1587 3302 1655 3354 τὰ
1677 3303 1941 3373 δόγματα,

351 3393 674 3462 γειτνιῶντα
699 3395 840 3448 κατὰ
868 3395 964 3464 τὴν
991 3393 1237 3463 δύναμιν.
1267 3394 1332 3446 Τί
1367 3394 1475 3464 γὰρ
1515 3393 1814 3465 ἐγγύτερον
1846 3397 1940 3450 τοῦ

351 3485 458 3552 Μὴ
475 3485 812 3554 μοιχεῦσαι,
843 3485 904 3540 τὸ
935 3487 1009 3556 μὴ
1055 3483 1492 3553 Ἐπιθυμῆσαι;
1523 3486 1618 3540 καὶ
1649 3487 1742 3540 τοῦ
1779 3487 1947 3540 καθα-

353 3576 542 3650 ρεύειν
575 3579 681 3632 ἀπὸ
702 3578 885 3647 φόνου,
918 3578 996 3642 τὸ,
1025 3579 1158 3649 μηδὲ
1189 3579 1324 3648 ὀργῇ
1347 3579 1444 3648 τὴν
1470 3579 1694 3650 καρδίαν
1731 3579 1946 3648 μολύνε-

351 3669 514 3736 ’τθαι;
549 3669 700 3724 Ἐπεὶ
711 3662 802 3722 οὖν
821 3667 1000 3738 ἔχεται
1017 3667 1108 3722 τοῦ
1129 3667 1632 3740 προτειχίσματοςή
1655 3669 1830 3739 σκέπη
1849 3670 1946 3741 τῆς

352 3760 585 3832 πέτρας,
619 3760 937 3823 ἀδιάστατός
968 3759 1082 3812 ἐστί
1112 3775 1194 3812 σοι
1222 3759 1254 3829 ή
1278 3759 1386 3812 ἀπὸ
1404 3758 1498 3812 τοῦ
1519 3759 1700 3828 τοίχου
1732 3761 1820 3813 ἐπὶ
1846 3760 1945 3832 τὴν

352 3851 568 3922 πέτραν
605 3851 954 3920 μετάστασις.
990 3852 1270 3922 Περιτομὴ
1305 3851 1363 3903 ὲν
1397 3850 1475 3920 τῷ
1512 3852 1698 3924 τοίχῳ.
1729 3853 1824 3906 καὶ
1848 3871 1944 3906 πε-

355 3943 558 4017 ριτομὴ
589 3945 646 3996 ὲν
675 3946 739 4014 τῇ
771 3945 979 4014 πέτρᾳ,
1015 3933 1285 4014 πρόῆατον
1333 3943 1426 3996 καί
1461 3943 1753 4012 πρόϐατον,
1807 3939 1944 4014 αἷμα

351 4037 454 4092 καὶ
482 4030 656 4107 αἷμα,
696 4035 882 4106 πάσχα
919 4035 1013 4089 καὶ
1047 4036 1260 4106 πάσχα,
1287 4035 1380 4087 καὶ
1432 4035 1606 4087 πάντα
1649 4035 1835 4104 σχεδον
1871 4037 1941 4090 τὰ

351 4126 520 4190 αὐτὰ,
539 4129 631 4180 καὶ
647 4125 735 4180 διὰ
759 4125 868 4179 τῶν
891 4124 1076 4178 αὐτῶν
1103 4124 1347 4195 ἀλλήλων
1374 4123 1626 4192 ἐχόμενα,
1657 4125 1795 4194 πλὴν
1823 4126 1943 4178 ὅσον

351 4217 706 4290 πνευματικὴ
743 4219 840 4289 μὲν
869 4218 903 4287 ἡ
931 4217 1105 4288 πέτρα
1127 4255 1141 4278 ,
1169 4217 1352 4286 χοῖκδς
1377 4215 1420 4267 δ’
1456 4215 1484 4266 ὁ
1509 4217 1707 4283 τοῖχος,
1747 4209 1792 4283 ᾧ
1819 4232 1944 4267 συν-

349 4307 770 4362 αναπέπλασται
809 4305 870 4358 τὺ
911 4302 1223 4373 σωματικὸν
1259 4302 1476 4370 γεῶδες.
1544 4302 1604 4352 Ἦ
1637 4301 1680 4353 δ’
1711 4301 1942 4368 εὐαγγε-

349 4397 482 4469 λικὴ
513 4397 685 4469 πέτρα
706 4437 720 4460 ,
749 4396 841 4450 τὸν
867 4393 1122 4466 σαρκώδη
1172 4393 1281 4446 τῶν
1306 4383 1592 4462 νοημάτων
1638 4390 1807 4459 πηλὸν
1844 4391 1944 4444 οὐκ

349 4491 492 4560 ἔχει.
533 4488 694 4542 Ἀλλά
719 4487 813 4542 καὶ
845 4486 1143 4556 περιτομὴν
1164 4484 1432 4554 λαμϐάνει
1457 4486 1484 4537 ό
1513 4482 1817 4556 ἄνθρωπος,
1850 4482 1942 4535 καὶ

351 4583 478 4645 ὅλος
513 4580 671 4651 ὑγιὴς
713 4579 884 4651 μένει,
922 4575 1191 4649 μηδεμιᾶς
1220 4573 1401 4642 λώϐης
1441 4571 1941 4642 ἀκροτηριαζούσης

2051 2105 2258 2162 bolicas
2315 2109 2741 2180 intelligentias,
2805 2129 2912 2167 non
2977 2114 3214 2184 amplius
3275 2129 3413 2184 opus
3472 2114 3634 2168 habet

2053 2202 2302 2266 veritate,
2365 2218 2486 2272 qua:
2544 2203 2754 2272 aperiat
2807 2217 3000 2274 operta
3051 2212 3446 2276 praeceptorum
3501 2204 3634 2257 ami-

2051 2301 2252 2361 gmata.
2299 2292 2512 2348 Petram
2556 2304 2737 2350 autem
2775 2296 3006 2366 gratiam
3055 2296 3324 2350 nominari
3357 2296 3634 2364 evangeli-

2050 2397 2192 2446 cant,
2229 2400 2390 2438 nemo
2435 2386 2834 2441 contradixerit
2869 2403 2933 2442 ex
2975 2386 3040 2440 iis
3071 2387 3164 2456 qui
3203 2393 3331 2441 sunt
3355 2394 3632 2456 utcunque

2054 2473 2177 2528 ﬁdei
2230 2474 2531 2546 participes
2565 2493 2672 2532 :ex
2727 2478 2914 2532 multis
2958 2477 3105 2533 enim
3151 2477 3287 2532 locis
3335 2476 3634 2546 Scriptura:

2051 2565 2160 2621 dici
2211 2575 2391 2636 potest
2432 2575 2646 2638 petram
2698 2585 2824 2624 esse
2876 2568 3249 2641 Evangelium.
3299 2569 3454 2634 Quod
3501 2579 3632 2637 ergo

2049 2659 2252 2714 dicitur
2297 2668 2378 2716 est
2421 2661 2728 2730 ejusmodi:
2763 2659 2821 2716 Si
2869 2663 2922 2716 in
2961 2664 3079 2734 lege
3121 2661 3273 2718 fuisti
3307 2661 3627 2725 exercitata,

2049 2764 2084 2803 ο
2114 2751 2318 2817 anima,
2360 2759 2414 2806 et
2458 2767 2554 2821 per
2597 2752 2868 2809 fenestras
2921 2755 3273 2824 prephelicas
3313 2751 3630 2822 splendores

2050 2851 2234 2895 mente
2273 2842 2560 2912 aspexisti,
2609 2857 2677 2896 ne
2729 2857 2965 2900 maneas
3004 2844 3240 2914 amplius
3285 2843 3388 2899 sub
3433 2842 3629 2896 umbra

2051 2930 2190 2984 muri
2225 2931 2447 3002 legalis;
2487 2947 2678 2988 murus
2701 2933 2845 2986 enim
2873 2933 3003 2988 facit
3041 2935 3289 2990 umbram
3318 2933 3628 2990 futurorum

2049 3021 2341 3088 honorum,
2380 3039 2490 3077 non
2533 3023 2704 3094 ipsam
2736 3040 2918 3080 rerum
2963 3027 3254 3099 imaginem
3287 3045 3300 3082 :
3336 3027 3431 3082 sed
3463 3043 3530 3083 ex
3563 3042 3630 3082 eo

2049 3113 2197 3182 quod
2246 3123 2331 3168 est
2369 3129 2538 3185 prope
2595 3132 2810 3170 murum
2861 3119 3031 3174 transi
3077 3119 3144 3173 ad
3187 3128 3418 3188 petram.
3466 3117 3630 3174 Petra

2047 3204 2194 3258 enim
2229 3213 2313 3260 est
2343 3207 2650 3276 propinqua
2680 3211 3093 3280 propugnaculo
3131 3226 3228 3266 seu
3258 3212 3584 3265 antemurali
3611 3229 3628 3266 :

2047 3299 2494 3368 quandoquidem
2539 3299 2621 3355 lex
2657 3301 2759 3355 fuit
2808 3305 3277 3372 pr0pugnaculum
3331 3319 3427 3359 seu
3473 3314 3630 3360 ante-

2048 3389 2257 3444 mttrale
2289 3389 2412 3445 ﬁdei
2455 3393 2784 3463 evangelica:
2810 3411 2822 3446 :
2850 3401 2905 3448 et
2947 3395 3052 3448 sibi
3083 3395 3224 3450 inter
3253 3411 3312 3452 se
3349 3397 3630 3452 cohaerent

2046 3480 2324 3550 dogmata,
2383 3490 2442 3535 ut
2489 3498 2611 3552 quae
2663 3483 2864 3538 virtute
2918 3493 3048 3540 sunt
3090 3486 3419 3556 prepinqua.
3483 3471 3648 3554 Quid‘

2045 3572 2189 3625 enim
2238 3581 2531 3642 praecepto,
2566 3571 2689 3626 Non
2728 3573 3092 3638 mwchaberis,
3129 3585 3212 3631 est
3243 3577 3625 3648 propinquius.

2049 3660 2173 3716 Non
2209 3663 2590 3730 concupisces?
2618 3671 2671 3719 et
2700 3673 2995 3735 praecepto,
3025 3665 3168 3734 quod
3198 3665 3354 3736 jubet
3386 3683 3446 3722 se
3479 3669 3628 3723 caede

2047 3772 2153 3810 non
2201 3757 2600 3821 contaminare,
2641 3773 2828 3832 quam,
2857 3774 2926 3812 ne
2975 3759 3052 3812 ira
3099 3759 3321 3830 quidem
3355 3776 3450 3815 cor
3497 3763 3627 3816 in'lla

2045 3849 2208 3905 cere?
2231 3848 2499 3915 Quoniam
2533 3865 2664 3919 ergo
2693 3849 2932 3905 cohaeret
2967 3852 3380 3920 propugnaculo
3412 3861 3626 3920 tegmen‘

2045 3949 2232 4012 βου-ιιι,
2263 3949 2347 3996 est
2373 3941 2472 3995 tibi
2508 3941 2849 3996 indubitatus
2880 3941 3150 3997 transitus
3180 3955 3209 3996 a
3249 3956 3409 3996 muro
3433 3941 3499 3996 ad
3533 3957 3624 4011 ped

2045 4043 2207 4091 tram.
2242 4033 2606 4089 Circumcisio
2632 4041 2717 4088 est
2754 4034 2807 4086 in
2836 4049 3016 4094 mum,
3062 4044 3117 4087 et
3145 4032 3502 4088 circumcisio
3537 4042 3625 4086 est

2045 4126 2100 4179 in
2141 4134 2318 4195 petra,
2351 4126 2470 4180 ovis
2504 4131 2560 4180 et
2599 4125 2741 4190 ovis,
2781 4125 3009 4194 sanguis
3039 4133 3094 4179 et
3129 4125 3376 4194 sanguis.
3416 4124 3620 4193 pascha

2044 4226 2099 4272 ct
2134 4217 2358 4287 pascha,
2391 4225 2446 4270 et
2490 4217 2680 4272 eadem
2720 4216 2833 4270 fere
2872 4216 3079 4280 omnia,
3119 4215 3223 4272 sibi
3259 4215 3492 4271 invicem
3527 4229 3625 4268 co-

2045 4309 2332 4373 haerentia,
2377 4309 2482 4364 nisi
2513 4308 2658 4378 quod
2707 4315 2862 4377 petra
2914 4307 3136 4378 quidem
3167 4315 3252 4364 est
3295 4307 3622 4378 spiritualis,

2044 4416 2238 4456 murus
2265 4408 2446 4454 autem
2486 4405 2573 4454 est
2613 4408 2890 4456 terrenus,
2922 4397 3069 4467 quod
3107 4396 3272 4452 simul
3325 4411 3452 4450 cum
3493 4410 3622 4450 cor-

2043 4494 2220 4563 porali
2248 4501 2525 4546 terrenum
2571 4504 2790 4560 quoque
2825 4497 2912 4543 est
2941 4487 3196 4542 edictum.
3239 4485 3398 4541 Petra
3435 4493 3620 4540 autem

2041 4583 2357 4654 evangelica
2389 4595 2497 4637 non
2537 4581 2700 4634 habet
2732 4578 2955 4633 carnale
2992 4580 3166 4631 lutum
3201 4576 3618 4651 sententiarum.

349 4674 422 4729 τὸ
455 4673 678 4742 πλάσμα
705 4673 803 4742 τῆς
833 4669 1067 4738 φύσεως.
1100 4667 1213 4720 Καὶ
1236 4665 1499 4734 φυλάσσει
1529 4666 1586 4716 ὲν
1612 4667 1677 4734 τῇ
1709 4663 1817 4715 τῶν
1846 4679 1938 4716 κα-

2049 4675 2349 4742 Qninetiam
2399 4672 2599 4742 accipit
2639 4671 2806 4724 homo
2841 4667 3340 4730 circumcisionem,
3376 4677 3432 4722 et
3473 4673 3622 4722 totus

348 4765 472 4822 κῶν
511 4763 752 4836 ἀπραξίᾳ
796 4763 857 4815 τὸ
893 4759 1192 4821 Σάϐϐατον,
1235 4757 1328 4809 καὶ
1374 4754 1471 4825 τὴν
1507 4753 1637 4825 πρὸς
1677 4751 1738 4805 τὸ
1776 4753 1938 4806 καλὸν

349 4858 552 4930 ἀργίαν
572 4855 634 4910 οὺ
660 4854 1046 4926 παραδέχεται,
1069 4848 1254 4920 μαθὼν
1279 4844 1359 4902 ὅτι
1383 4845 1557 4910 ἔξεστι
1579 4845 1654 4915 τῷ
1680 4845 1940 4915 Σαϐϐάτῳ

350 4951 521 5008 καλὸν
549 4951 746 5010 ποιεῖν,
779 4947 872 5000 καὶ
899 4945 1208 5013 ἀδιάκριτον
1233 4941 1465 4993 ποιεῖται
1487 4939 1584 5007 τῆς
1610 4939 1813 5008 τροφῆς
1843 4937 1940 5004 τὴν

355 5040 672 5116 μετουσίαν,
723 5039 818 5093 καὶ
855 5031 1164 5106 ἀκαθάρτου
1197 5034 1294 5102 οὐχ
1340 5029 1592 5084 ἅπτεται.
1631 5030 1796 5082 Οὐδὲν
1833 5027 1940 5097 γὰρ

349 5133 468 5189 τῶν
487 5133 881 5204 εἰσερχομένων
903 5128 990 5182 διὰ
1013 5126 1106 5180 τοῦ
1135 5125 1399 5195 στόματος
1421 5122 1596 5176 κοινὸν
1622 5118 1754 5173 εἶναι
1789 5121 1940 5190 παρὰ

349 5225 459 5294 τῆς
485 5225 690 5294 πέτρας
718 5219 1066 5276 παιδεύεται·
1100 5211 1237 5273 ἀλλά
1266 5217 1353 5270 διὰ
1378 5217 1594 5268 πάντων
1622 5213 1722 5278 τὰς
1753 5231 1940 5285 σωμα-

350 5315 516 5378 τικάς
547 5303 640 5367 τού
677 5308 846 5381 νόμου
892 5310 1304 5381 παρατηρήσεις
1331 5303 1676 5376 ἀποθεμένη,
1711 5305 1844 5376 πρὸς
1882 5305 1943 5358 τὸ

353 5397 732 5477 πνευματικόν
757 5421 817 5456 τε
845 5403 940 5457 καὶ
971 5392 1159 5474 νοητὸν
1194 5398 1599 5471 μεταλαμϐάνει
1627 5397 1734 5450 τῶν
1765 5399 1831 5469 ρη
1843 5397 1945 5468 μά-

350 5516 468 5554 των
504 5499 602 5568 τὴν
651 5497 910 5556 διάνοιαν,
955 5493 1128 5557 οὕτως
1163 5493 1406 5554 εἰπόντος
1436 5491 1529 5542 τοῦ
1563 5488 1802 5550 Παύλου,
1857 5489 1937 5542 ὅτι

367 5590 437 5641 '0
463 5589 648 5657 νόμος
688 5587 1089 5656 πνευματικός
1110 5585 1300 5637 ἐστιν.
1351 5585 1408 5636 '0
1437 5581 1546 5651 γὰρ
1576 5582 1742 5642 ὅντως
1770 5580 1936 5634 ἐκϐα-

352 5678 468 5738 λὼν
502 5681 590 5734 τὸν
616 5680 800 5750 νόμον,
837 5674 942 5732 ὑπὸ
969 5677 1068 5740 τὴν
1099 5677 1306 5745 σκέπην
1338 5673 1440 5742 τῆς
1471 5669 1829 5740 εύαγγελικῆς
1858 5671 1940 5738 γί-

353 5789 514 5828 νεται
540 5773 778 5844 πέτρας,
808 5770 906 5842 τὴν
937 5769 1204 5841 ἐχομένην
1234 5765 1327 5820 τοῦ
1377 5761 1688 5835 σωματικοῦ
1723 5779 1940 5833 προτειο

355 5865 651 5939 χίσματος.

2041 4781 2212 4823 sanus
2236 4773 2542 4834 permanet,
2572 4763 2829 4832 figmento
2850 4769 3058 4815 naturae
3083 4758 3291 4814 nullam
3315 4757 3626 4828 accipiente

2042 4856 2468 4912 mutilationem.
2512 4853 2782 4910 Observat
2821 4867 3042 4922 quoque
3072 4849 3372 4906 Sabbatum
3403 4863 3434 4902 a
3460 4849 3622 4906 malis

2041 4948 2389 5010 cessatione,
2454 4955 2509 5002 et
2573 4959 2681 5000 non
2757 4944 2999 5000 admittit
3061 4942 3303 5013 quietem
3359 4955 3390 4994 a
3437 4941 3619 5004 bonis,

2041 5055 2168 5095 cum
2211 5037 2468 5094 didicerit
2497 5037 2644 5106 quod
2687 5036 2930 5092 Sabbato
2981 5035 3110 5090 licet
3159 5035 3364 5090 bonum
3415 5030 3618 5086 facere.

2041 5131 2196 5186 Facit
2234 5129 2396 5186 etiam
2447 5130 2820 5186 indistinctam
2855 5129 2966 5184 cibi
3021 5123 3522 5198 participationem,
3562 5129 3622 5175 et

2039 5219 2382 5275 immundum
2447 5234 2557 5274 non
2613 5218 2806 5290 tangit.
2859 5217 3032 5273 Docet
3069 5216 3216 5272 enim
3268 5225 3421 5283 petra
3479 5211 3620 5266 nihil

2038 5325 2161 5365 esse
2194 5307 2534 5363 immundum
2566 5323 2632 5364 ex
2668 5308 2736 5365 iis
2759 5323 2880 5379 quae
2907 5322 3004 5378 per
3031 5319 3095 5360 os
3121 5303 3507 5376 ingrediuntur
3528 5302 3574 5334 ’⁸
3601 5319 3616 5358 :

2040 5402 2136 5457 sed
2163 5400 2544 5471 corporalibus
2579 5400 2806 5454 omnino
2848 5398 3068 5468 rejectis
3112 5393 3616 5456 observationibus,

2042 5494 2285 5548 traducit
2314 5492 2610 5548 verborum
2663 5491 2992 5546 sententiam
3027 5487 3092 5542 ad
3147 5488 3198 5543 id
3240 5485 3388 5558 quod
3426 5495 3510 5540 est
3543 5485 3620 5538 in-

2044 5603 2390 5656 corporeum,
2438 5595 2493 5642 et
2523 5586 2668 5656 quod
2703 5585 2850 5641 cadit
2898 5583 3003 5640 sub
3043 5581 3487 5652 intelligentiam,
3533 5580 3619 5636 sic.

2044 5676 2260 5732 dicente
2293 5675 2484 5739 Paulo,
2519 5676 2626 5730 Lex
2656 5684 2734 5730 est
2773 5673 3069 5744 spiritualis
3091 5673 3156 5726 θ’.
3193 5670 3328 5726 Nam
3362 5671 3456 5741 qui
3485 5685 3620 5726 .vcre

2051 5767 2222 5836 legem
2247 5767 2428 5836 ejeeit,
2463 5768 2509 5823 is
2549 5767 2651 5822 sub
2681 5777 2892 5838 tegmen
2921 5774 3091 5838 petrae
3113 5765 3442 5834 evangelicae
3474 5764 3618 5818 reri-

2053 5858 2222 5925 pitur,
2271 5872 2394 5927 quae
2443 5865 2528 5915 est
2564 5858 2811 5928 proxima
2867 5856 3140 5927 corporali
3178 5851 3611 5926 propugnaculo.

437 5977 482 6008 ’7
523 5965 666 6030 1³⁸³1-
729 5993 815 6042 ιν,
869 5976 922 6030 8.
999 5975 1044 6006 θ’
1107 5969 1301 6026 Matth.
1357 5986 1444 6032 xv,
1503 5969 1594 6026 18.
1671 5967 1716 6000 ⁹⁹
1778 5966 1937 6022 Rom.

2049 5983 2093 6036 ut,
2129 5963 2224 6024 l4:
