3866 6356
435 518 544 578 379
1691 511 1745 566 s.
1780 504 2104 563 cuuconn
2140 507 2431 565 NYSSENI
3596 516 3696 574 330

515 639 647 690 tlum
683 633 922 688 Verbum
955 633 1032 689 sic
1061 632 1107 687 ei
1148 633 1438 689 clamasset
1466 646 1559 702 per
1585 630 1871 691 fenestras,
1902 627 2020 698 pul-

2197 630 2377 683 Ταῦτα
2406 630 2497 683 τοῦ
2531 630 2701 700 Λόγου
2730 634 2816 687 διὰ
2843 634 2949 688 τῶν
2981 635 3209 704 θυρίδων
3240 636 3377 707 αὐτῇ
3401 636 3697 708 ἐμϐοήσαν-

441 729 572 785 cltre
605 726 898 794 respondet
930 726 1205 791 columba,
1244 724 1549 778 illuminata
1599 722 1895 793 splendore
1933 722 2017 772 in-

2127 736 2242 785 τος,
2279 721 2459 786 καλῶς
2506 724 2865 796 ἀποκρίνεται
2911 728 2946 797 ἡ
2992 729 3311 799 περιστερὰ,
3359 730 3394 800 ἡ
3432 729 3695 798 περιλαμ-

442 819 889 886 tclligentiarum,
934 826 987 870 et
1019 826 1223 885 petram
1256 816 1565 886 intelligens
1604 829 1727 884 qum
1762 822 1846 868 est
1872 813 2021 866 (thri-

2127 810 2318 880 φθεῖσα
2347 813 2436 867 διὰ
2457 815 2558 884 τῆς
2580 815 2691 869 τῶν
2716 817 3006 887 νοημάτων
3034 818 3227 890 αὐγῆς,
3252 820 3349 873 καὶ
3379 819 3475 889 τὴν
3497 819 3699 890 πέτραν

442 918 583 965 stus.
613 908 751 961 Dicit
802 908 946 963 enim
986 927 998 961 :
1040 906 1267 963 Ostende
1313 907 1444 960 mihi
1485 906 1677 975 [aciem
1734 915 1901 969 tuam,
1972 912 2020 957 et

2127 906 2383 975 νοήσασα,
2404 907 2526 977 ἥτις
2549 905 2706 963 ἐστὶν
2720 908 2749 961 6
2767 910 3020 980 Χριστός.
3045 910 3209 979 Λέγει
3234 908 3470 981 γὰρ,ὅτι
3495 912 3698 976 Δεῖξόν

444 1000 530 1067 fac
562 1015 641 1053 me
676 1000 863 1052 audire
893 1015 1065 1053 vocem
1088 1007 1259 1052 tuam.
1300 998 1411 1052 Vox
1437 1000 1577 1052 enim
1608 1008 1700 1051 tua
1724 1007 1802 1052 est
1824 997 2018 1059 dulcis,

2127 1013 2216 1064 μοι
2244 996 2360 1065 τὴν
2391 998 2535 1068 ὄψιν
2566 1016 2703 1063 σου,
2739 1002 2837 1055 καὶ
2865 1002 3194 1056 ἀκούτισόν
3215 1020 3317 1073 μοι
3349 1003 3466 1072 τὴν
3494 1007 3701 1073 φωνήν

440 1101 489 1147 et
529 1093 694 1162 facies
745 1103 834 1144 tua
871 1091 1086 1146 decora.
1136 1090 1293 1157 Quod
1335 1098 1517 1145 autem
1567 1090 1700 1145 dicit
1741 1098 1824 1143 est
1872 1087 2020 1157 ejus-

2127 1101 2259 1142 o'mr
2292 1088 2380 1143 ὅτι
2403 1090 2442 1157 ἠ
2472 1090 2641 1160 φωνή
2669 1106 2786 1147 σου
2834 1092 3025 1162 ἡδεῖα,
3049 1093 3147 1149 καὶ
3177 1094 3317 1163 ὄψις
3344 1108 3462 1148 σου
3493 1095 3695 1162 ὡραία.

440 1185 587 1240 modi
619 1204 634 1239 :
667 1185 781 1239 Non
836 1185 1071 1254 amplius
1113 1184 1245 1238 mihi
1293 1185 1512 1253 loquere
1557 1198 1652 1254 per
1700 1196 2013 1239 sermonem

2127 1180 2196 1233 Τὸ
2228 1180 2283 1234 δὲ
2320 1181 2614 1253 λεγόμενον
2641 1185 2883 1239 τοιοῦτόν
2916 1187 3051 1240 ἐστι’
3088 1185 3304 1258 Μηκέτι
3335 1190 3424 1257 μοὶ
3450 1186 3697 1254 διαλέγου

438 1278 891 1333 documentorum
927 1277 1371 1349 prepheticorum
1407 1285 1461 1330 et
1505 1276 1787 1346 legalium,
1826 1275 1920 1330 sed
1961 1283 2019 1327 ut

2127 1272 2209 1326 διὰ
2252 1273 2360 1326 τῶν
2396 1277 2752 1347 προφητικῶν
2798 1294 2859 1330 τε
2903 1278 2999 1332 καὶ
3045 1277 3286 1349 νομικῶν
3333 1280 3697 1350 αἰνιγμάτων,

436 1384 664 1440 possum
709 1369 915 1432 videre,
956 1370 1030 1423 ita
1072 1369 1305 1439 teipsum
1347 1368 1478 1422 mihi
1531 1374 1718 1438 aperte
1766 1364 2017 1431 ostende,

2127 1364 2237 1417 ἀλλ’
2291 1364 2367 1430 ὡς
2430 1367 2558 1420 ἰδεῖν
2606 1367 2877 1440 δύναμαι,
2929 1368 3074 1424 οὕτω
3129 1370 3220 1441 μοὶ
3275 1367 3447 1436 δεῖξον
3509 1368 3699 1422 σαυτὸν

435 1471 497 1516 ιιι
528 1462 631 1517 sim
668 1462 810 1516 intra
842 1470 1048 1532 petram
1092 1462 1486 1531 evangelicam,
1523 1462 1717 1516 relicto
1761 1460 1893 1531 legis
1922 1476 2019 1513 an-

2127 1455 2402 1525 ὲμφανῶς,
2424 1457 2512 1511 ἵνα
2530 1458 2681 1522 ἐντὸς
2702 1460 2949 1531 γένωμαι
2972 1460 3071 1531 τῆς
3092 1459 3453 1531 εὐαγγελικῆς
3470 1460 3697 1531 πέτρας.

436 1555 712 1617 temurali,
746 1563 863 1621 aut,
898 1562 955 1608 ut
994 1570 1127 1609 mete
1158 1556 1384 1624 capiunt
1424 1568 1607 1613 aures,
1652 1553 1727 1605 ita
1755 1552 2017 1617 concede,

2127 1544 2493 1599 καταλιποῦσα
2522 1547 2584 1600 τὸ
2622 1547 2717 1601 τοῦ
2756 1549 2920 1621 νόμου
2953 1550 3337 1621 προτείχισμα·
3367 1550 3462 1605 καὶ
3489 1550 3569 1613 ὡς
3593 1568 3699 1620 χω-

439 1655 499 1698 ut.
550 1660 657 1699 vox
709 1653 801 1699 tua
854 1645 991 1700 meis
1038 1646 1266 1700 auribus
1324 1647 1560 1699 insonet.
1620 1641 1678 1697 Si
1721 1644 1866 1697 enim
1916 1659 2019 1696 vox

2127 1638 2208 1706 ρεῖ
2232 1637 2265 1707 ἠ
2295 1636 2432 1708 ἀκοή
2463 1655 2587 1707 μου.
2618 1636 2762 1692 οὕτω
2791 1639 2880 1704 δὸς
2911 1640 3011 1711 τὴν
3038 1641 3223 1710 φωνήν
3255 1658 3349 1694 σου
3378 1642 3437 1694 ὲν
3467 1642 3583 1704 τοῖς
3603 1639 3699 1693 ὠσί

435 1749 559 1804 qute
590 1733 860 1787 emittitur
886 1748 983 1804 per
1014 1732 1286 1790 fenestras
1321 1740 1406 1787 est
1442 1732 1576 1787 adeo
1606 1732 1808 1796 dulcis,
1847 1732 2020 1785 multo

2127 1744 2227 1796 μου
2255 1730 2530 1793 γενέσθαι.
2562 1731 2624 1784 El
2653 1732 2761 1803 γὰρ
2794 1734 2828 1803 ἡ
2868 1733 2957 1786 διὰ
2996 1733 3104 1786 τῶν
3126 1732 3357 1805 θυρίδων
3387 1732 3545 1804 φωνὴ
3578 1749 3699 1786 τοσα-

437 1827 613 1898 magis
651 1839 740 1881 tua
797 1828 850 1880 in
903 1838 1201 1896 conspectu
1252 1828 1544 1896 praesentia
1596 1827 1701 1881 erit
1739 1825 2014 1880 amabilis.

2127 1819 2274 1873 οὖτόν
2313 1823 2460 1875 ἐστιν
2513 1823 2701 1892 ἡδεῖα,
2750 1826 2887 1879 πολὺ
2924 1825 3127 1897 μᾶλλον
3165 1825 3199 1895 ἡ
3237 1824 3379 1878 κατὰ
3411 1824 3700 1896 πρόσωπόν

439 1916 561 1973 llaec
610 1918 745 1972 dicit
799 1932 1023 1988 sponsa,
1096 1932 1220 1972 cum
1280 1917 1638 1973 intellexisset
1692 1917 2015 1989 mysterium

2127 1930 2219 1967 σου
2245 1915 2517 1985 ὲμφὰνεια
2535 1916 2597 1969 τὸ
2616 1917 2881 1988 ἐράσμιον
2900 1918 3034 1983 ἕξει.
3060 1918 3247 1973 Ταῦτα
3265 1919 3415 1988 λέγει
3436 1919 3472 1989 ἡ
3495 1918 3695 1989 νύμφη,

434 2010 580 2080 quod
613 2018 697 2065 est
725 2010 778 2064 in
816 1984 967 2079 petra
996 2012 1330 2080 evangelica,
1367 2011 1432 2065 ad
1470 2012 1613 2082 quod
1645 1984 1764 2066 eam
1794 2011 2019 2066 deduxit

2127 1984 2365 2077 νοήσασα
2386 2008 2447 2061 τὸ
2468 2009 2610 2062 κατὰ
2635 1984 2735 2079 τὴν
2759 1984 3121 2081 εὐαγγελικὴν
3150 1984 3356 2082 πέτραν
3384 1984 3697 2082 μυστήριον,

441 2099 700 2162 Verbum,
727 2099 875 2170 quod
918 2100 1273 2155 multifariam
1308 2103 1607 2172 multisque
1633 2101 1818 2158 modis
1847 2101 2021 2156 exsti-

437 2193 501 2246 tit
540 2193 593 2247 in
628 2191 921 2255 fenestris;
953 2204 1006 2248 et
1037 2202 1253 2256 tenetur
1280 2194 1555 2250 desiderio
1590 2193 1714 2264 ejus
1750 2192 2021 2248 adventus

436 2286 492 2340 in
532 2294 720 2348 carne,
761 2301 959 2356 nempe
987 2295 1048 2340 ut
1086 2286 1322 2341 Verbum
1374 2286 1467 2342 fiat
1496 2302 1649 2348 caro,
1696 2293 1753 2342 et
1780 2284 1925 2340 Deus
1966 2285 2021 2339 in

435 2390 604 2433 carne
652 2387 933 2448 appareat,
970 2385 1025 2433 et
1062 2377 1278 2433 divinas
1320 2394 1484 2435 voces
1536 2378 1749 2435 nostris
1795 2377 2022 2432 auribus

435 2465 729 2530 exhibeat,
789 2482 911 2537 quae
970 2468 1156 2540 dignis
1212 2470 1544 2541 promittunt
1596 2469 2019 2524 beatitudinem.

436 2554 605 2614 Vides
645 2558 1110 2629 quemadmodum
1141 2568 1269 2615 voto
1308 2576 1527 2631 sponsae
1558 2562 1899 2617 conveniunt
1924 2577 2023 2618 vo-

435 2661 528 2704 ces
560 2647 865 2713 Simeonis,
901 2649 1059 2705 Nunc
1086 2650 1315 2708 dimittis
1342 2670 1548 2709 servum
1577 2664 1749 2720 tuum,
1778 2655 2018 2719 Domine,

434 2740 723 2795 secundum
784 2741 993 2795 rarbunt
1056 2751 1202 2797 tuum
1265 2745 1319 2799 in
1370 2761 1519 2815 pace.
1580 2746 1724 2814 Quia
1778 2748 2020 2802 viderunt

435 2832 578 2888 oculi
623 2833 725 2887 mei
767 2835 1008 2890 salutare
1063 2845 1213 2889 tuum
1239 2836 1279 2889 ί.
1321 2837 1418 2893 Ille
1460 2840 1606 2893 enim
1649 2840 1784 2894 vidit
1814 2840 2018 2911 ipsum,

436 2932 497 2979 ut
531 2924 865 2980 desideravit
911 2927 1119 2985 videre.
1173 2928 1394 2986 Duleem
1445 2941 1628 2986 autem
1676 2932 1798 3001 ejus
1830 2949 2020 2989 vocem

438 3022 767 3084 agnoscunt,
799 3016 891 3086 qui
939 3027 1275 3088 acceperunt
1303 3020 1536 3089 gratiam
1587 3022 1890 3094 Evangelii,
1927 3027 2021 3095 qui

437 3107 717 3169 dixerunt.
769 3108 941 3164 Verba
974 3111 1096 3165 uiue
1130 3123 1342 3169 (eterna:
1375 3114 1535 3169 habes
1553 3116 1596 3169 ⁸.

509 3376 804 3448 Propterea
849 3377 1062 3449 justum
1095 3394 1313 3451 sponsae
1341 3390 1524 3437 votum
1558 3383 1791 3454 suscipit
1848 3401 2018 3454 purus

438 3484 700 3542 sponsus,
752 3477 805 3526 et
855 3470 1103 3541 seipsum
1138 3480 1326 3543 aperte
1364 3482 1718 3540 ostensurus,
1776 3477 2017 3548 primum

438 3563 630 3619 incitat
657 3573 949 3621 venatores
997 3566 1066 3620 ad
1100 3566 1378 3622 venandas
1409 3568 1621 3639 vulpes,
1669 3584 1738 3624 ne
1787 3571 2021 3639 amplius

437 3656 507 3711 ab
532 3656 612 3713 eis
643 3655 973 3725 impediatur
991 3659 1169 3723 vinea,
1203 3674 1314 3731 quo
1335 3659 1516 3715 minus
1541 3659 1755 3722 ﬂoreat,
1786 3660 2018 3718 dicens:

439 3744 626 3817 Capite
651 3747 799 3802 nobis
839 3748 1035 3817 vulpes,
1067 3766 1185 3820 qua:
1218 3760 1341 3806 sunt
1363 3752 1570 3821 quidem
1604 3769 1802 3821 parum,
1836 3752 2021 3807 dento-

440 3835 641 3891 liuntur
692 3847 866 3892 autem
906 3839 1104 3894 vineas.
1151 3839 1447 3895 Florebunt
1490 3841 1635 3895 enim
1672 3843 1862 3906 vinem,
1892 3843 1936 3897 si
1959 3858 2023 3897 ea

439 3928 725 3993 tollantur,
765 3944 793 3983 a
819 3930 1022 4000 quibus
1060 3941 1369 3986 vastantur.
1429 3932 1614 4002 Capite
1650 3934 1799 3989 nobis
1842 3934 2023 4004 vulpes

436 4033 656 4084 parvas,
682 4035 800 4087 qua:
825 4018 1186 4073 demoliuntur
1216 4022 1415 4075 vineas.
1448 4022 1668 4077 Floreat
1697 4025 1834 4077 enim
1865 4026 2025 4078 vinea:

441 4118 657 4163 nostrae.
697 4108 914 4165 Ficrine
938 4119 1122 4180 potest
1150 4121 1208 4166 ut
1247 4129 1345 4184 pro
1367 4113 1633 4185 dignitate
1664 4130 2026 4185 assequamur

442 4194 784 4269 maiestatem
807 4202 1228 4268 sententiarum,
1264 4211 1320 4260 et
1371 4204 1572 4261 divina:
1627 4208 2024 4276 magnitudinis

439 4290 769 4347 miraculum
803 4293 954 4364 quod
996 4296 1242 4350 continet
1273 4298 1473 4363 oratio,
1499 4306 1554 4354 et
1587 4307 1850 4369 quantam
1887 4301 2026 4356 divi-

440 4399 523 4439 na:
570 4383 1207 4443 virtutisexcellentiam
1261 4391 1535 4461 signiﬁcat
1594 4408 1793 4449 sensus
1833 4411 2022 4450 eorum

437 4494 560 4551 quae
595 4479 744 4536 dicta
774 4492 942 4547 sunt?
977 4499 1171 4554 nempe
1191 4487 1648 4555 quemadmodum
1673 4491 1763 4545 ille
1812 4491 1880 4546 de
1915 4510 2026 4563 quo

436 4569 555 4625 haec
588 4570 870 4639 dicuntur,
902 4573 1197 4641 homicida,
1227 4578 1316 4647 qui
1353 4589 1545 4648 potens
1572 4589 1656 4635 est
1697 4581 1753 4635 in
1793 4584 2022 4650 malitia,

2123 2101 2204 2164 εἰς
2236 2102 2372 2171 ὅπερ
2401 2100 2570 2172 αὐτὴν
2590 2103 2619 2155 6
2644 2102 2969 2173 πολυμερῶς
2998 2104 3090 2157 καὶ
3124 2104 3482 2175 πολυτρόπως
3507 2105 3565 2156 ἐν
3588 2104 3699 2166 ταῖς

2124 2189 2305 2262 θυρίσι
2336 2191 2630 2261 γενόμενος
2665 2192 2835 2261 Λόγος
2902 2193 3335 2265 ἐχειραγώγησε·
3369 2193 3465 2246 καὶ
3494 2195 3554 2246 ὲν
3585 2192 3697 2245 ἑπι-

2125 2279 2294 2351 θυμίᾳ
2336 2281 2630 2351 γεγένηται
2662 2283 2762 2353 τῆς
2810 2282 2899 2336 διὰ
2935 2285 3138 2356 σαρκὸς
3182 2283 3548 2354 θεοφανεὶαςν
3569 2282 3700 2336 ῶστε

2123 2372 2215 2425 τὸν
2246 2373 2417 2443 Λόγον
2442 2373 2697 2443 γενέσθαι
2744 2376 2953 2448 σάρκα,
2990 2378 3087 2431 καὶ
3124 2378 3220 2431 τὸν
3263 2378 3396 2431 Θεὸν
3437 2379 3501 2430 ὲν
3548 2378 3700 2450 σαρκὶ

2124 2462 2530 2534 φανερωθῆναι,
2567 2465 2662 2518 καὶ
2690 2467 3035 2537 παραθέσθαι
3060 2470 3181 2533 ταῖς
3209 2469 3401 2533 ἀκοαῖς
3424 2470 3586 2541 ἡμῶν
3611 2470 3700 2533 τὰς

2125 2553 2277 2616 θείας
2303 2556 2485 2625 φωνὰς
2513 2557 2611 2622 τὰς
2636 2559 3115 2631 ὲπαγγελλομένας
3133 2563 3244 2625 τοῖς
3259 2561 3431 2627 ἀξίοις
3453 2563 3557 2635 τὴν
3579 2562 3699 2616 αἰὼ-

2123 2662 2236 2700 νιον
2274 2650 2681 2721 μακαριότητα.
2709 2651 2835 2711 Πῶς
2856 2651 2918 2705 δὲ
2953 2652 3308 2724 συμϐαίνωσι
3346 2657 3410 2725 τῇ
3447 2655 3585 2726 εὐχῇ
3612 2655 3701 2724 τῆς

2124 2740 2345 2813 νύμφης
2369 2744 2426 2795 αἱ
2444 2744 2537 2797 τοῦ
2566 2744 2853 2814 Συμεῶνος
2870 2748 3068 2814 φωναὶ,
3084 2748 3144 2811 ὅς
3168 2765 3354 2819 φησιν’
3392 2750 3701 2814 Ἀπολύεις

2124 2834 2242 2888 νῦν
2269 2835 2376 2889 τὸν
2398 2835 2624 2890 δοῦλόν
2642 2852 2781 2903 σου,
2806 2838 3100 2901 Δέσποτα,
3123 2839 3273 2894 κατὰ
3307 2839 3374 2893 τὸ
3402 2838 3569 2909 ῥῆμά
3595 2856 3700 2893 σου

2122 2928 2194 2981 ἐν
2211 2926 2443 2995 εἰρήνῃ.
2476 2929 2604 2982 Ὅτι
2621 2925 2786 2983 εἶδον
2799 2933 2853 2984 οἱ
2876 2931 3173 3001 ὀφθαλμοί
3185 2950 3305 3002 μου
3331 2932 3393 2985 τό
3415 2932 3701 2999 σωτήριόν

2124 3034 2263 3073 σου.
2302 3019 2407 3072 Ἴδε
2442 3020 2550 3089 γὰρ
2583 3023 2819 3085 ἐκεῖνος,
2860 3022 2937 3087 ὡς
2979 3024 3109 3078 ἰδεῖν
3158 3024 3503 3095 ὲπεπόθησεν
3550 3024 3694 3091 αὕτη.

2124 3111 2237 3181 Τὴν
2283 3110 2339 3163 δὲ
2388 3111 2574 3183 φωνὴν
2622 3112 2789 3166 αὐτοῦ
2835 3112 2934 3184 τὴν
2981 3115 3164 3186 ἡδεῖαν
3204 3116 3253 3169 οἱ
3291 3115 3580 3185 δεξάμενοι
3613 3114 3697 3168 τοῦ

2122 3205 2461 3273 Εὐαγγελίου
2509 3206 2607 3275 τὴν
2659 3207 2820 3277 χάριν
2867 3207 3338 3277 ἐπιγινώσκουσιν,
3366 3209 3417 3263 οἱ
3441 3202 3694 3259 εἰπόντες.

2046 3335 2091 3394 C
2127 3295 2209 3348 ὅτι
2252 3294 2513 3364 Ῥήματα
2550 3294 2698 3364 ζωῆς
2721 3297 2964 3350 αἰωνίου
2991 3297 3172 3367 ἔχεις.

2195 3387 2294 3440 Διὰ
2311 3388 2485 3442 ταῦτα
2507 3388 2719 3458 δέχεται
2739 3388 2904 3459 εὐχὴν
2936 3392 3036 3460 τῆς
3063 3390 3286 3461 νύμφης
3300 3391 3522 3446 δικαίαν
3549 3388 3701 3446 οὖσαν

2124 3479 2154 3532 6
2175 3477 2414 3548 καθαρὸς
2446 3480 2699 3549 νυμφίος.
2729 3482 2826 3533 καὶ
2866 3480 3077 3551 μέλλων
3106 3481 3374 3535 δεικνύειν
3399 3483 3592 3537 ἑαυτὸν
3614 3485 3701 3553 ἐμ-

2127 3569 2333 3639 φανῶς,
2368 3567 2584 3640 πρῶτον
2639 3570 2762 3632 τοὺς
2817 3568 3088 3639 θηρευτὰς
3118 3572 3380 3642 παρορμᾷ
3444 3572 3581 3644 πρὸς
3613 3571 3699 3641 τὴν

2124 3660 2301 3731 ἄγραν
2333 3659 2443 3711 τῶν
2476 3660 2797 3721 ἀλωπέκων,
2847 3660 2924 3723 ὡς
2955 3660 3154 3730 μηκέτι
3189 3660 3281 3714 τὸν
3313 3661 3613 3732 ἀμπελῶνα
3640 3661 3698 3714 δι’

2126 3751 2308 3805 αὐτῶν
2361 3751 2499 3822 πρὸς
2549 3751 2640 3804 τὸν
2681 3751 2996 3823 κυπρισμὸν
3039 3751 3460 3823 ἐμποδίζεσθαι,
3508 3753 3697 3823 λέγων’

2128 3842 2391 3898 Πιάσατε
2441 3844 2593 3918 ἡμῖν
2646 3845 2995 3913 ἀλώπεκας.
3049 3846 3303 3916 μικροὺς
3348 3847 3467 3917 μὲν
3513 3849 3699 3910 ὄντας.

2127 3936 2566 4005 ἀφανιστικοὺς
2593 3936 2663 3990 δὲ
2692 3936 2813 3992 τῶν
2831 3938 3219 4008 ἀμπελώνων.
3259 3940 3578 4011 Ἀνθήσουσι
3604 3939 3701 4008 γὰρ

2127 4030 2182 4082 αἱ
2215 4030 2470 4100 ἄμπελοι,
2506 4032 2555 4083 εἰ
2585 4036 2786 4101 μηκέτι
2817 4031 2904 4102 εἴη
2929 4031 3000 4086 τὰ
3027 4031 3422 4104 λυμαινόμενα.
3456 4033 3700 4087 Πιάσατε

2127 4121 2275 4189 ’ἡμῖν
2310 4120 2627 4187 ἀλώπεκας
2655 4122 2947 4192 μικροὺς,
2996 4121 3394 4193 ἀφανίζοντας
3429 4123 3565 4190 τοὺς
3608 4124 3700 4190 ἀμ-

2128 4211 2427 4278 πελῶνας,
2456 4214 2554 4267 καὶ
2582 4217 2640 4269 al
2667 4214 2925 4284 ἄμπελοι
2944 4213 3116 4284 ἡμῶν
3139 4213 3550 4284 κυπρίζουσιν.
3569 4210 3701 4282 τΔριὶ

2128 4304 2244 4357 ἐστι
2276 4304 2502 4358 δυνατὸν
2546 4306 2664 4359 κατ’
2697 4306 2855 4371 ἀξίαν
2898 4305 3185 4375 ἐφικέσθαι
3210 4306 3307 4377 τῆς
3346 4306 3700 4378 μεγαλοφυῖας

2126 4395 2236 4449 τῶν
2261 4394 2583 4466 νοημάτων;
2635 4396 2803 4449 Ὅσον
2837 4396 3026 4467 θαῦμα
3053 4397 3153 4466 τῆς
3185 4395 3335 4461 θείας
3365 4396 3700 4467 μεγαλειότη-

2127 4505 2217 4551 τος
2240 4487 2485 4561 περιέχει
2525 4491 2553 4542 ό
2587 4489 2780 4556 λόγοςς
2830 4489 3005 4559 Ὅσην
3028 4488 3282 4560 ἐμφαίνει
3310 4488 3412 4557 τῆς
3435 4488 3700 4559 δυνάμεως

2127 4579 2221 4633 τοῦ
2260 4580 2395 4633 Θεοῦ
2445 4581 2543 4652 τὴν
2571 4579 2877 4650 ὑπερϐολὴν
2906 4581 2941 4650 ἠ
2988 4578 3098 4632 τῶν
3141 4578 3449 4649 εἰρημένων
3476 4579 3696 4639 διάνοιας

437 4660 597 4729 cujus
627 4661 811 4731 lingua
844 4673 1105 4733 tanquam
1137 4669 1404 4723 novacula
1437 4679 1617 4734 acuta,
1646 4671 1715 4727 de
1745 4688 1855 4741 quo
1886 4673 2021 4727 dicit

2131 4671 2256 4735 Πῶς
2283 4673 2511 4734 ἐκεῖνος.
2538 4672 2665 4739 περὶ
2692 4665 2753 4724 οὗ
2780 4669 2849 4724 τὰ
2868 4669 3172 4740 τηλικαῦτα
3193 4669 3432 4738 λέγεται,
3459 4672 3486 4723 6
3515 4669 3698 4739 ἀνθρω-

434 4749 729 4821 Prophela,
781 4752 1004 4825 Sagitta:
1055 4760 1282 4827 potentis
1342 4773 1515 4817 acuta:
1545 4779 1663 4816 cum
1699 4763 2020 4819 carbonibus

2131 4763 2409 4827 ποκτόνος,
2465 4765 2493 4817 6
2535 4765 2591 4816 ὲν
2640 4764 2808 4833 κακίᾳ
2843 4763 3102 4827 δυνατὸς,
3146 4756 3206 4817 οὗ
3247 4764 3281 4834 ἡ
3326 4762 3544 4831 γλῶσσα
3580 4758 3696 4813 ὡσεὶ

436 4842 774 4898 desolatoriis
798 4845 849 4911 ³;
879 4854 957 4912 et,
984 4845 1283 4904 Insidiatur
1307 4863 1561 4922 tanquam
1586 4854 1665 4909 leo
1694 4856 1746 4909 in
1770 4856 2020 4924 spelunca

2131 4854 2290 4927 ξυρὸν
2304 4857 2641 4926 ἠκονημένον
2659 4854 2811 4926 [περὶ
2828 4849 2888 4907 οὒ
2912 4872 3045 4925 φησι
3066 4856 3094 4908 6
3116 4855 3431 4926 Προφήτης
3461 4852 3536 4907 Τὰ
3550 4850 3695 4916 βέλη

437 4950 537 4990 sua
551 4934 594 4998 δ,
614 4933 787 4991 Draco
807 4937 898 4993 ille
916 4953 1171 5009 magnus,
1188 4936 1739 5007 εροεῑθωήηΐθιηιιες
1781 4948 2021 5007 dilatans

2128 4948 2234 5002 τοῦ
2281 4947 2544 5001 δυνατοῦ
2583 4946 2950 5020 ἠκονημένα]
2990 4948 3113 5002 σὺν
3139 4947 3267 5013 τοῖς
3291 4947 3542 5015 ἄνθραξι
3586 4943 3694 5007 τοῖς

435 5042 499 5084 os
528 5041 712 5094 suum,
773 5037 958 5084 rector
1011 5031 1175 5102 hujus
1213 5035 1505 5091 mundanae
1543 5039 1831 5107 potestatis
1870 5048 2021 5096 teneo

2127 5040 2441 5112 ἐρημικοῖς·
2474 5042 2589 5103 καὶ,
2627 5040 2955 5110 Ἔνεδρεύει
2979 5043 3059 5107 ὡς
3090 5042 3248 5097 λέων
3277 5042 3348 5094 ἐν
3381 5039 3458 5108 τῇ
3479 5038 3696 5109 μάνδρᾳ

438 5119 684 5183 brarum,
721 5121 813 5190 qui
869 5122 1033 5177 habet
1079 5125 1368 5194 imperium
1426 5130 1640 5195 mortis,
1674 5142 1725 5185 et
1759 5146 2021 5201 quaecun-

2130 5134 2337 5198 αὐτοῦ,
2373 5136 2401 5186 6
2442 5134 2690 5205 Δράκων.
2733 5135 2762 5185 ό
2805 5134 2995 5204 μέγας,
3027 5136 3055 5187 ό
3088 5134 3423 5203 ἀποστάτης.
3456 5135 3485 5186 6
3508 5128 3696 5203 ᾆδης,ὀ

438 5225 544 5279 que
577 5226 643 5266 ex
667 5226 898 5279 persona
951 5215 1073 5281 ejus
1122 5227 1311 5271 narrat
1341 5221 1648 5289 prophetia.
1704 5222 1808 5288 Qui
1843 5223 2021 5279 aufert

2131 5224 2417 5279 πλατύνων
2460 5226 2524 5279 τὸ
2566 5226 2741 5295 στόμα
2779 5225 2964 5289 αὐτοῦ,
2997 5227 3026 5278 6
3055 5224 3455 5297 κοσμοκράτωρ
3485 5227 3585 5296 τῆς
3618 5220 3695 5286 ἐξ·

437 5301 704 5357 tcrminos
744 5305 1010 5372 gentium,
1050 5321 1190 5376 quos
1220 5309 1545 5376 constituit,
1578 5328 1771 5382 nempe
1808 5314 2023 5369 Altissi-

439 5406 593 5458 mus,
632 5408 731 5464 pro
763 5411 991 5452 numero
1013 5399 1331 5466 angelorum
1352 5415 1615 5470 suorum;
1647 5405 1737 5472 qui
1769 5418 2023 5476 compre-

442 5482 633 5540 hendit
666 5487 854 5543 orbem
887 5496 1046 5544 terra:
1078 5491 1222 5545 sicut
1250 5493 1461 5556 nidum,
1484 5502 1539 5548 et
1576 5510 1697 5571 eam
1729 5498 1870 5550 tollit
1898 5505 2023 5552 tan-

443 5588 606 5642 quam
626 5590 728 5631 ova
752 5576 1045 5643 derelicta;
1070 5585 1162 5652 qui
1191 5583 1324 5638 dicit
1351 5599 1410 5640 se
1432 5585 1737 5654 positurum
1764 5587 2023 5643 thronum

445 5676 605 5718 suum
639 5654 804 5735 super
831 5671 1008 5726 nubes
1031 5712 1046 5734 ,
1107 5678 1160 5726 et
1180 5667 1423 5721 futurum
1441 5668 1674 5726 similem
1702 5676 2020 5745 Altissimo,

442 5761 499 5808 et
529 5770 873 5829 quaecunque
906 5760 1189 5833 Scriptura
1227 5765 1295 5821 de
1327 5779 1394 5821 eo
1422 5769 1776 5839 persequitur
1812 5771 1868 5825 in
1895 5769 2020 5840 Job,

2127 5318 2317 5382 ουσίας
2354 5317 2449 5371 τοῦ
2495 5317 2738 5381 σκότους,
2789 5321 2818 5371 6
2866 5318 3004 5389 ἔχων
3045 5318 3140 5373 τοῦ
3189 5320 3420 5374 θανάτου
3473 5320 3531 5372 τὸ
3573 5317 3695 5389 κρέα

2127 5427 2258 5473 τος,
2330 5410 2424 5463 καὶ
2482 5410 2587 5463 ὅσα
2646 5411 2712 5464 ἐκ
2772 5410 3066 5480 προσώπου
3132 5409 3298 5464 αὑτοῦ
3357 5412 3622 5482 διηγεῖται
3665 5409 3692 5477 ἡ

2130 5501 2454 5573 προφητεία.
2493 5500 2548 5555 ὐ
2578 5500 2981 5573 ἀφαιρούμενος
3025 5501 3148 5573 ὅρια
3194 5500 3362 5555 ἐθνῶν
3407 5502 3443 5555 ἃ
3492 5502 3691 5569 ἔστησε.

2129 5593 2373 5664 δηλονότι
2432 5594 2461 5646 6
2501 5592 2797 5661 ’⁸Υψιστος,
2848 5592 2973 5645 κατ’
3040 5591 3272 5663 ἀριθμὸν
3317 5592 3561 5662 ἀλλήλων
3602 5596 3691 5647 αὑ·

2127 5683 2221 5738 τοῦ
2256 5723 2272 5747 ,
2336 5684 2365 5737 6
2429 5681 2860 5751 καταλαμϐάνων
2923 5681 3022 5753 τὴν
3073 5682 3395 5752 οἰκουμένην
3445 5681 3521 5745 ὡς
3572 5694 3691 5734 νοσ-

2133 5774 2276 5837 σιὰν,
2311 5773 2405 5828 καὶ
2450 5772 2528 5836 ὡς
2577 5770 3007 5843 καταλελειμένα
3063 5769 3147 5826 ὠά
3240 5781 3413 5847 ατρων
3445 5770 3599 5829 αύτῶ
3668 5771 3691 5819 ὁ

520 5932 544 5993 ἓ
577 5931 712 5989 Luc.
753 5949 810 6003 ιι,
833 5934 926 6000 29,
976 5936 1068 5991 50.
1141 5941 1161 5970 ¹
1192 5938 1350 5995 Joan.
1379 5957 1455 6010 νι,
1490 5943 1578 6000 69.
1659 5946 1679 5979 ³
1713 5944 1863 6007 Psal.
1905 5963 2021 6005 οτι]

2128 5994 2141 6007 .
2219 5950 2240 5984 ⁸
2269 5950 2416 6006 Psal.
2452 5968 2506 6019 κ,
2534 5950 2568 6005 9
2598 5964 2709 6005 sec.
2743 5944 2907 6002 llebr.
