3866 6392
345 304 452 362 881

1458 311 1522 364 ιΝ
1555 310 1845 367 CANTICA
1876 307 2146 363 (ANTIO.
2188 309 2475 367 HOMILIA
2521 308 2579 364 Υ.

3506 299 3611 355 832

344 422 528 491 λέγων
601 426 808 479 τιθέναι
875 427 1061 481 ἐπάνω
1114 427 1221 480 τῶν
1276 431 1513 498 νεφελῶν
1578 433 1669 485 τὸν
1742 431 1926 503 θρόνον

2047 444 2150 498 tua:
2222 430 2382 500 plane
2433 436 2563 484 sunt
2623 424 2913 488 terribilia,
2971 424 3129 493 cujus
3162 422 3329 474 latera
3391 416 3612 487 quidem

340 515 537 578 αὐτοῦ,
603 516 697 570 καὶ
750 518 932 587 ὅμοιος
988 518 1233 585 γίνεσθαι
1286 519 1362 590 τῷ
1391 522 1656 592 ’λ’ψίστῳ,
1694 523 1786 576 καὶ
1829 523 1927 575 ὅσα

338 607 404 660 ὲν
431 605 641 677 τῷΊὼὸ
665 610 694 662 ό
729 608 888 677 λόγος
915 612 1042 681 περὶ
1071 611 1234 665 αὐτοῦ
1254 612 1606 685 διεξέρχεται,
1632 615 1700 668 τά
1725 610 1851 683 φοϐε
1863 615 1929 686 ρά

339 697 441 749 καὶ
475 697 741 771 φρικώδη,
764 695 844 754 -οῦ
879 702 1076 771 χαλκαῖ
1105 702 1204 773 μὲν
1248 705 1303 758 αἱ
1332 705 1585 776 πλευραὶ,
1630 705 1843 777 σίδηρος
1873 706 1928 758 δὲ

338 789 508 859 χυτὸς
540 790 572 859 ἡ
606 789 782 860 ῥάχις,
813 791 1017 861 ἔγκατα
1039 793 1095 846 δὲ
1128 793 1292 847 αὐτοῦ
1324 796 1592 867 σμυρίτης
1618 794 1763 858 λίθος
1788 793 1929 848 "xui.

340 880 529 933 πάντα
574 882 818 945 τοιαῦτα,
864 883 931 937 δι’
971 878 1046 936 ὧν
1079 884 1177 954 τὴν
1221 884 1457 955 φοὸεράν
1500 884 1661 954 φύσιν
1714 887 1930 956 ἐκείνην

340 970 657 1041 ὑπογράφει
689 975 718 1025 ὀ
766 971 944 1041 λόγος.
972 966 1142 1037 Οὗτος
1169 969 1261 1026 οὖν
1282 975 1310 1026 ὁ
1333 972 1592 1038 τοιοῦτος,
1610 979 1636 1030 ὁ
1654 974 1930 1039 τοσοῦτος,

336 1065 368 1116 ὁ
404 1065 709 1134 στρατηγὸς
739 1064 848 1117 τῶν
878 1067 934 1118 ἐν
965 1068 1074 1128 τοῖς
1102 1065 1318 1136 δαίμοσι
1344 1066 1644 1134 λεγεώνων,
1676 1067 1790 1130 πῶς
1810 1067 1927 1119 ὀνο-

340 1154 580 1222 μάζεται
614 1156 765 1225 παρά
792 1156 890 1225 τῆς
919 1156 1181 1226 ἀληθινῆς
1209 1174 1268 1209 τε
1295 1158 1388 1211 καὶ
1418 1158 1584 1227 μόνης
1613 1159 1928 1228 δυνάμεως

337 1242 557 1312 Μικρὸν
579 1242 903 1298 ἀλωπέκιον.
940 1246 1047 1298 Καὶ
1072 1248 1119 1298 oi
1149 1246 1277 1317 περὶ
1305 1247 1467 1299 αὐτὸν
1492 1247 1711 1312 πάντες,
1745 1250 1777 1317 ἡ
1802 1250 1932 1301 ὑπο-

344 1332 555 1404 χείριος
597 1335 747 1405 αὐτῷ
781 1335 1029 1406 στρατιὰ,
1077 1337 1277 1399 πάντες
1307 1337 1444 1390 κατὰ
1475 1338 1534 1390 τὸ
1569 1338 1681 1391 ἴσον
1720 1338 1929 1403 ἐξευτε-

342 1424 626 1489 λισθέντες
678 1429 1136 1498 κατονομάζονται
1189 1430 1339 1500 παρά
1385 1428 1478 1483 τοῦ
1538 1432 1931 1501 παρορμῶντος

341 1514 488 1585 πρὸς
534 1516 634 1586 τὴν
671 1517 791 1572 κατ’
821 1518 999 1571 αὐτῶν
1035 1519 1208 1591 ἄγραν
1238 1522 1363 1582 τοὺς
1397 1520 1684 1591 θηρευτὰς.
1729 1519 1930 1576 Εἷενδὲ

339 1606 415 1657 ἂν
440 1600 585 1660 οὗτοι
612 1608 753 1679 τάχα
793 1610 891 1680 μὲν
925 1611 980 1664 αἱ
1010 1612 1301 1679 ἁγγελικαὶ
1328 1613 1604 1682 δυνάμεις,
1633 1615 1693 1668 αἱ
1718 1616 1813 1686 τῆς
1848 1616 1930 1680 δες-

340 1699 612 1769 σποτικῆς
632 1703 932 1772 παρουσίας
953 1703 1043 1756 ἐπὶ
1060 1704 1157 1775 τὴν
1178 1704 1281 1775 γῆν
1302 1706 1814 1775 προπομπεύουσαι,
1834 1712 1930 1764 καὶ

2028 532 2157 576 sunt
2213 535 2383 585 terrea,
2443 535 2636 573 aurum
2691 525 2873 572 autem
2907 516 3067 571 fusile
3099 515 3292 586 spina;
3352 509 3615 567 intestina

2027 621 2211 668 autem
2230 613 2350 682 ejus
2403 613 2542 682 lapis
2574 612 2868 681 smyrites:
2905 618 3318 679 etquzeeunque
3344 609 3473 659 sunt
3508 601 3613 656 hu-

2023 703 2289 773 jusmodi,
2331 718 2427 772 per
2455 717 2575 772 qua:
2632 702 2931 756 terribilem
2993 700 3141 753 illam
3182 704 3460 772 gnaturam
3513 692 3612 747 de-
3686 730 3693 737 ο

2027 795 2219 849 scribit
2252 793 2558 864 Scriptura.
2590 792 2689 846 ilic
2723 808 2855 862 ergo
2888 780 3014 845 talis
3053 798 3106 844 et
3140 797 3331 842 tantus
3367 787 3612 855 impera-

2030 894 2115 939 tor
2148 886 2420 956 legionum
2448 887 2778 946 daemonum,
2811 880 3271 952 quemadmodum
3304 894 3332 931 a
3384 891 3509 931 vera
3561 882 3615 930 et

2029 978 2145 1033 sola
2176 985 2444 1048 potestate
2473 977 2829 1033 nominatur?
2857 991 3024 1045 parva
3054 974 3246 1043 vulpes
3286 990 3297 1025 :
3330 981 3384 1024 et
3423 982 3614 1022 oumes

2030 1071 2121 1140 qui
2144 1084 2269 1124 eum
2290 1069 2724 1127 circumsistunt,
2749 1073 2801 1120 et
2830 1065 3123 1119 universus
3146 1062 3239 1131 qui
3262 1071 3345 1115 est
3365 1059 3469 1113 sub
3494 1056 3614 1126 ejus

2029 1168 2299 1233 potestate
2327 1160 2623 1219 exercitus,
2670 1172 2861 1211 oumes
2894 1171 2961 1210 ex
3000 1170 3158 1225 aequo
3192 1151 3475 1221 despectui
3512 1148 3614 1201 ha-

2032 1253 2128 1309 biti
2164 1252 2515 1306 nominantur
2550 1249 2850 1319 vulpecula:
2895 1248 2962 1302 ab
3009 1262 3073 1301 eo
3106 1246 3198 1316 qui
3230 1244 3421 1298 incitat
3450 1253 3617 1295 vena—

2030 1357 2177 1402 tores
2203 1346 2269 1399 ad
2299 1360 2395 1401 eos
2424 1345 2725 1399 venandos.
2760 1342 2795 1395 li
2833 1351 3012 1396 autem
3054 1340 3192 1394 forte
3226 1337 3428 1391 fuerint
3453 1347 3614 1401 ange-

2032 1439 2151 1492 licae
2185 1444 2510 1508 potestates,
2555 1450 2676 1505 quae
2728 1435 2783 1488 in
2814 1433 3048 1487 adventu
3079 1430 3288 1484 Domini
3322 1429 3374 1481 in
3417 1434 3617 1479 terram

2030 1530 2305 1585 deducunt
2346 1528 2524 1598 ipsum
2578 1542 2756 1597 regem
2799 1525 3007 1595 gloriae,
3056 1524 3111 1577 in
3147 1520 3410 1575 mundum
3450 1515 3619 1569 addu-

2031 1628 2249 1681 centes,
2301 1626 2357 1672 et
2416 1618 2597 1686 ipsum
2631 1614 2985 1671 ostendentes
3021 1611 3444 1684 ignorantibus:
3486 1605 3619 1672 Quis

2030 1722 2109 1768 est
2144 1712 2243 1765 iste
2268 1708 2377 1764 Rea:
2391 1709 2617 1780 gloriae?
2642 1705 2825 1762 Fortis
2850 1715 2899 1761 et
2930 1715 3109 1773 potens
3146 1704 3199 1756 in
3229 1700 3413 1770 ‘prtelio
3436 1700 3480 1753 ⁵.

338 1791 439 1844 τὸν
481 1790 701 1860 βασιλέα
737 1792 837 1861 τῆς
885 1793 1045 1864 δόξης
1095 1794 1244 1859 ἐντὸς
1296 1796 1390 1848 τοῦ
1440 1796 1554 1866 βίου
1596 1800 1962 1872 παράγουσαι,
2002 1806 2094 1858 καὶ
2130 1804 2243 1866 τοῖς
2280 1799 2567 1869 ἀγνοοῦσιν
2597 1796 3054 1851 ὲπιδεικνύουσαι.
3108 1794 3203 1859 Τίς
3234 1794 3402 1847 ἐστιν
3440 1783 3621 1850 οὗτος

340 1886 378 1936 ό
413 1883 714 1951 βασιλεὺς
745 1884 852 1954 τῆς
881 1886 1112 1954 δόξης;
1153 1889 1208 1941 '0
1232 1891 1511 1957 κραταιὸς
1545 1892 1642 1945 καὶ
1677 1892 1934 1962 δυνατὸς
1970 1900 2040 1953 ἐν
2063 1897 2323 1966 πολέμῳ.

426 1979 583 2039 Ἴσως
609 1978 653 2031 δ’
676 1980 741 2034 ἄν
761 1998 843 2043 τις
872 1982 1015 2034 εἴποι
1049 1982 1142 2036 καὶ
1170 1983 1235 2036 τὰ
1267 1984 1614 2054 λειτουργικὰ
1646 1987 1933 2057 πνεύματα

2106 1992 2269 2046 Forte
2288 1996 2470 2043 autem
2507 1987 2707 2043 dixerit
2742 1984 3015 2056 quispiam
3045 1982 3209 2038 etiam
3260 1978 3491 2049 spiritus
3524 1989 3617 2030 au-

339 2068 417 2122 τὰ
450 2071 530 2132 είς
560 2069 835 2125 διακονίαν
879 2072 1317 2143 ἀποστελλόμενα
1354 2075 1441 2128 διὰ
1477 2079 1599 2137 τοὺς
1642 2078 1931 2147 μέλλοντας

341 2160 702 2231 κληρονομεῖν
736 2163 1028 2233 σωτηρίαν.
1083 2166 1233 2234 Τάχα
1263 2166 1317 2218 δὲ
1353 2166 1621 2238 θηρευτὰς
1665 2170 1809 2223 εἴποι
1846 2188 1930 2235 τις

341 2251 417 2303 ἂν
451 2252 542 2304 καὶ
574 2251 705 2315 τοὺς
740 2254 1068 2318 ἀποστόλους
1107 2252 1279 2321 εἶναι,
1329 2260 1454 2321 τοὺς
1499 2262 1576 2322 εἰς
1612 2260 1707 2330 τὴν
1758 2263 1930 2333 ἄγραν

340 2341 459 2395 τῶν
493 2340 696 2413 θηρίων
731 2344 934 2398 τούτων
967 2349 1439 2418 ἐπιπεμπομένους,
1472 2352 1615 2421 πρὸς
1640 2352 1731 2414 οὒς
1757 2351 1930 2419 εἶπεν,

340 2432 431 2485 ὅτι
465 2434 702 2501 "animo
732 2434 883 2503 ὑμᾶς
905 2436 1094 2503 ἁλιεῖς
1124 2437 1239 2492 τῶν
1262 2439 1608 2506 ἀνθρώπιον.
1636 2444 1709 2496 Οὐ
1735 2444 1843 2516 γὰρ
1868 2444 1933 2498 ἂν

343 2523 661 2591 ὲνήργησαν
703 2524 800 2593 τὴν
843 2525 1191 2597 ἀνθρωπίνην
1244 2527 1431 2580 ἀλείαν
1480 2533 1546 2601 τῇ
1586 2532 1694 2585 τῶν
1739 2533 1934 2600 λογίων

344 2614 611 2693 περιβολῇ
663 2616 761 2679 τὰς
802 2618 910 2670 τῶν
949 2619 1273 2689 σωζομένων
1312 2621 1490 2691 ψυχὰς
1522 2625 1931 2693 σαγηνεύοντες,

345 2709 399 2760 εί
436 2707 509 2779 μὴ
552 2709 814 2780 πρότερον
855 2713 919 2764 ὲκ
950 2711 1058 2765 τῶν
1102 2713 1327 2782 φωλεῶν
1356 2716 1423 2768 τὰ
1452 2715 1627 2786 θηρία
1651 2716 1822 2770 ταῦτα
1855 2718 1935 2784 ἐξ·

349 2796 568 2860 έὸαλον,
584 2801 710 2863 τοὺς
740 2804 968 2872 μικροὺς
991 2803 1233 2868 ἐκείνους
1254 2804 1566 2870 ἀλώπεκας,
1593 2808 1658 2861 ἐκ
1677 2808 1782 2860 τῶν
1804 2825 1937 2879 καρ-

346 2886 483 2942 διῶν
511 2888 675 2958 λέγω,
705 2886 791 2955 αἷς
835 2892 1186 2961 ὲνεφώλευον,
1221 2894 1361 2949 ὥστε
1397 2897 1620 2966 ποιῆσαι
1664 2898 1827 2951 τόπον
1858 2898 1939 2970 τῷ

347 2979 469 3050 Υἱῷ
498 2981 592 3035 τοῦ
624 2982 779 3046 Θεοῦ,
808 2984 943 3036 ὅπου
978 2984 1076 3057 τὴν
1107 2986 1302 3041 ἑαυτοῦ
1335 2989 1577 3060 κεφαλὴν
1624 2989 1937 3061 ἀναπαύσῃ,

351 3073 555 3144 μηκέτι
596 3074 694 3127 τοῦ
733 3076 925 3143 γένους
954 3076 1061 3130 τῶν
1111 3078 1412 3133 ἀλωπέκων
1447 3082 1505 3134 ὲν
1542 3084 1663 3146 ταῖς
1691 3082 1939 3153 καρδίαις

350 3164 708 3233 φωλεύοντος.
757 3166 901 3239 Πλὴν
938 3168 1147 3240 οὕσπερ
1181 3170 1248 3224 ἂν
1279 3170 1544 3242 ὑπόθηται
1571 3175 1701 3237 τοὺς
1739 3173 1938 3245 θηρευ-

349 3255 454 3319 τάς
495 3253 631 3310 εἶναι
673 3261 700 3312 ὁ
732 3257 914 3327 λόγος,
964 3260 1027 3312 τὸ
1068 3261 1353 3330 μεγαλεῖον
1396 3265 1490 3318 καὶ
1518 3266 1797 3337 ἄφραστον
1840 3264 1940 3336 τῆς

2038 2082 2485 2144 ministratorios,
2506 2080 2599 2149 qui
2624 2080 2916 2133 mittuntur
2931 2076 2997 2130 ad
3021 2073 3381 2128 ministerium
3403 2076 3623 2139 propter

2036 2189 2131 2231 eos
2167 2174 2258 2244 qui
2326 2181 2456 2229 sunt
2513 2171 2682 2224 futuri
2751 2168 2995 2223 haeredes
3030 2165 3229 2221 salutis
3259 2164 3299 2217 °.
3365 2162 3621 2216 Fortasse

2037 2265 2197 2320 etiam
2236 2271 2415 2318 autem
2472 2261 2671 2316 dixerit
2700 2259 2975 2330 quispiam
3026 2265 3317 2309 venatores
3339 2267 3461 2307 esse
3496 2267 3620 2307 sau-

2039 2366 2158 2411 ctos
2198 2355 2497 2425 apostolos,
2539 2353 2631 2424 qui
2667 2352 2960 2406 mittuntur
3014 2348 3078 2403 ad
3113 2349 3209 2403 has
3250 2347 3392 2401 feras
3422 2358 3623 2398 venan-

2040 2448 2161 2502 das.
2217 2444 2428 2512 Quibus
2481 2444 2659 2498 dixit:
2700 2441 2923 2495 Faciant
2971 2458 3058 2494 vos
3110 2440 3400 2508 piscatores
3457 2435 3626 2490 homi-

2042 2555 2165 2593 num
2194 2540 2237 2591 ".
2279 2535 2397 2590 Non
2429 2534 2575 2591 enim
2616 2533 2876 2590 fecissent
2906 2531 3265 2603 piscationem
3318 2527 3624 2589 hominum,

2040 2625 2385 2695 eioquiorum
2428 2638 2629 2694 sagcna
2692 2638 2885 2677 eorum
2924 2621 3018 2692 qui
3059 2620 3196 2682 salvi
3256 2620 3389 2672 liunt
3413 2616 3626 2671 animas

2041 2720 2377 2784 irretientes,
2412 2717 2519 2772 nisi
2542 2716 2698 2788 prius
2731 2729 2761 2770 e
2784 2712 3064 2784 speluncis
3093 2711 3304 2766 belluas
3340 2707 3631 2778 ejicerent,

2040 2826 2237 2881 nempe
2267 2824 2463 2881 parvas
2503 2807 2695 2877 vulpes
2726 2822 2793 2861 ex
2820 2804 3083 2860 cordibus
3112 2803 3164 2856 in
3191 2801 3391 2872 quibus
3439 2799 3629 2854 delite—

2044 2903 2293 2966 scebant,
2331 2910 2389 2954 ut
2446 2897 2585 2953 Filio
2640 2906 2697 2953 et
2745 2898 2857 2951 Deo
2909 2896 3088 2950 locum
3134 2893 3399 2956 facerent,
3436 2892 3489 2945 iu
3522 2906 3629 2960 quo

2043 3001 2207 3063 caput
2235 3006 2397 3047 suum
2444 2989 2760 3054 reclinaret,
2815 2987 2967 3041 nullo
2999 3000 3200 3057 genere
3230 2985 3472 3054 vulpium
3499 2983 3632 3037 deli-

2044 3092 2287 3140 tescente
2340 3082 2577 3153 amplius
2625 3080 2679 3135 in
2714 3078 2999 3135 cordibus.
3050 3078 3320 3134 Cmterum
3369 3092 3478 3131 non
3511 3089 3634 3130 esse

2045 3191 2184 3246 quos
2207 3177 2357 3245 ponit
2409 3174 2688 3243 Scriptura
2734 3179 3045 3237 venatores,
3112 3183 3366 3241 magnam
3408 3176 3464 3224 et
3499 3166 3635 3221 inef-

2048 3266 2267 3320 fabilem
2312 3265 2554 3320 divinam
2619 3265 2899 3325 virtutem,
2954 3262 3219 3317 discimus
3264 3275 3361 3331 per
3403 3273 3467 3313 ea
3514 3273 3636 3328 qua:

353 3346 509 3410 θείας
539 3348 818 3417 δυνάμεως
850 3350 939 3402 διά
981 3350 1089 3403 τῶν
1129 3354 1621 3425 προστεταγμένων
1648 3356 1830 3419 αὐτοῖς
1860 3355 1941 3408 διο

2047 3359 2183 3428 ipsis
2234 3357 2519 3427 jubentur.
2575 3356 2696 3410 Non
2734 3356 2880 3411 enim
2917 3354 3078 3421 dixit,
3105 3353 3394 3409 Venamini
3442 3366 3635 3423 aprum

350 3440 689 3510 δασκόμεθα.
748 3440 826 3497 Οὐ
858 3443 965 3511 γὰρ
1015 3438 1191 3507 εἷπεν,
1242 3445 1323 3498 ὅτι
1373 3446 1687 3517 Θηρεύσατε
1737 3442 1801 3501 ὗν
1850 3447 1942 3501 τὸν

355 3533 429 3584 ὲκ
470 3530 564 3583 τοῦ
610 3530 839 3602 δρυμοῦ,
901 3531 1000 3603 τὴν
1050 3533 1295 3604 ἄμπελον
1347 3537 1443 3589 τοῦ
1495 3537 1631 3589 Θεοῦ
1688 3536 1943 3606 λυμαινό-

358 3639 547 3693 μενον,
595 3622 627 3694 ῆ
666 3624 758 3677 τὸν
803 3626 986 3695 μονιὸν
1026 3625 1118 3679 τὸν
1159 3626 1371 3696 ἄγριον,
1412 3628 1445 3697 ἢ
1485 3627 1576 3681 τὸν
1632 3628 1945 3701 ὠρυόμενον

358 3715 623 3787 λέοντα,ῆ
658 3715 720 3768 τὸ
743 3716 885 3786 μέγα
910 3715 1149 3787 κῆτος,ἧ
1174 3717 1266 3770 τὸν
1301 3719 1629 3791 ὑποϐρύχιον
1653 3720 1940 3791 δράκοντα.

360 3801 447 3860 Ἦ
481 3806 590 3878 γὰρ
618 3806 682 3860 ἄν
706 3823 829 3859 τινα
852 3804 1084 3875 δύναμιν
1112 3804 1221 3859 τῶν
1255 3807 1702 3879 ἀντιμαχούντων
1727 3810 1815 3863 διὰ
1838 3809 1947 3863 τῶν

360 3899 623 3953 τοιούτων
654 3902 682 3954 ό
707 3899 862 3971 λόγος
892 3905 1006 3965 τοῖς
1041 3901 1335 3972 θηρευταίς
1377 3899 1733 3953 ἐνεδείκνυτο.
1788 3900 1948 3954 Ἀλλά

363 3993 563 4057 πᾶσαι,
596 3995 779 4063 φησὶν,
810 3995 1017 4047 ἐκεῖναι
1051 3995 1109 4047 αἱ
1143 3991 1409 4063 περίγειοι
1441 3991 1776 4053 δυναστεῖαι,
1814 3992 1950 4061 πρὸς

360 4086 436 4150 ἃς
466 4088 498 4154 ἡ
527 4085 673 4155 πάλη
704 4090 815 4150 τοῖς
844 4087 1152 4158 ἀνθρώποις
1188 4085 1356 4146 ἐστὶν,
1386 4084 1554 4155 ἀρχαί
1593 4102 1654 4137 τε
1681 4085 1772 4137 καὶ
1801 4084 1950 4149 ἐξου-

365 4181 506 4244 σίαι,
538 4182 633 4235 καὶ
672 4182 1111 4252 κοσμοκράτορες
1139 4181 1387 4242 σκότους,
1415 4179 1510 4232 καὶ
1539 4177 1824 4247 πνεύματα
1853 4195 1950 4230 πο-

361 4271 587 4342 νηρίας,
616 4270 897 4325 ἀλωπεκία
917 4271 1035 4323 ἐστὶ
1062 4271 1255 4341 μικρά,
1272 4270 1463 4340 δολερά
1492 4286 1549 4321 τε
1575 4269 1669 4322 καὶ
1695 4268 1949 4335 δύστηνα,

361 4362 511 4434 πρὸς
550 4363 649 4433 τὴν
690 4363 965 4434 ἡμετέραν
1000 4362 1298 4432 κρινόμενα
1328 4359 1580 4430 δύναμιν.
1645 4359 1771 4412 Ἐὰν
1812 4359 1954 4411 ὲκεί-

366 4474 481 4512 νων
518 4455 995 4525 κατακρατήσητε,
1031 4452 1341 4525 ἀπολήψετε
1374 4453 1475 4523 τὴν
1503 4453 1640 4505 ίδίαν
1672 4451 1854 4521 χάριν.
1895 4452 1955 4503 ὐ

362 4546 635 4618 ἁμπελὼν
680 4548 709 4599 ό
741 4546 1031 4617 ἡμέτερος,
1075 4547 1111 4616 ἡ
1160 4544 1478 4615 ἀνθρωπίνη
1508 4542 1691 4613 φύσις,
1722 4543 1817 4595 καὶ
1859 4543 1956 4613 τὴν

362 4638 480 4694 τῶν
505 4638 746 4711 βοτρύων
777 4638 949 4709 φορὰν
965 4636 1053 4690 διὰ
1070 4634 1166 4690 τοῦ
1193 4636 1388 4699 ἄνθους
1408 4635 1508 4705 τῆς
1533 4634 1789 4706 ἐναρέτου
1815 4633 1957 4687 πολι-

2047 3449 2379 3515 silvestrem,
2427 3447 2523 3518 qui
2565 3449 2778 3502 vincam
2813 3445 2907 3501 Dei
2947 3446 3338 3516 dep0pulatur,
3375 3451 3471 3497 aut
3521 3443 3639 3497 sine

2045 3540 2287 3611 gularem
2341 3540 2548 3604 ferum,
2597 3548 2690 3594 aut
2740 3539 3040 3608 rugientem
3088 3539 3321 3602 leonem,
3376 3544 3473 3589 aut
3524 3549 3637 3587 ma-

2047 3648 2207 3705 gnam
2225 3634 2512 3696 balaenam,
2557 3641 2652 3686 aut
2683 3631 2958 3685 marinum
2997 3635 3317 3685 draconem.
3348 3626 3466 3684 Vim
3489 3626 3636 3680 enim

2047 3725 2285 3794 aliquam
2339 3737 2527 3779 eorum
2580 3737 2702 3792 quae
2754 3730 2946 3782 contra
3008 3722 3363 3793 depugnant,
3427 3734 3524 3790 per
3572 3733 3635 3772 ea

2049 3815 2363 3871 ostenderet
2421 3815 2597 3869 oratio
2650 3815 3022 3870 venatoribus.
3085 3812 3189 3868 Sed
3241 3813 3347 3866 illa:
3403 3826 3637 3875 omnes,

2050 3906 2259 3976 inquit,
2308 3914 2601 3961 terrestres
2658 3913 2995 3976 potestates,
3052 3909 3314 3959 adversus
3364 3918 3501 3972 quas
3556 3910 3639 3958 cst

2050 4000 2365 4055 colluctatio
2417 3999 2756 4062 hominibus,
2816 3999 3176 4069 principatus,
3230 4003 3530 4068 potestates
3588 4001 3641 4049 et

2054 4099 2294 4146 rectores
2338 4091 2684 4149 tenebrarum
2749 4090 2938 4145 mundi
2974 4090 3160 4159 hujus,
3202 4097 3256 4145 et
3282 4088 3514 4158 spiritus
3545 4101 3640 4141 ue—

2052 4183 2258 4254 quitiae,
2303 4194 2430 4237 sunt
2475 4199 2657 4252 parvae
2707 4184 2894 4252 vulpes
2940 4182 3145 4237 dolosae
3183 4193 3234 4237 et
3280 4180 3546 4243 infelices,
3597 4179 3640 4235 si

2056 4291 2177 4331 cum
2232 4276 2435 4331 nostris
2491 4274 2849 4328 conferantur
2907 4274 3136 4328 viribus.
3204 4272 3260 4326 Si
3319 4272 3441 4327 illas
3490 4270 3611 4326 devi

2056 4365 2276 4445 ceritis,
2334 4366 2614 4435 propriam
2677 4366 2959 4437 accipietis
3012 4366 3262 4434 gratiam.
3330 4362 3498 4417 Vinea
3546 4378 3644 4416 no-

2056 4464 2171 4509 stra
2219 4462 2304 4509 est
2349 4454 2585 4507 hmnana
2645 4462 2881 4517 natura,
2953 4467 3074 4522 quae
3135 4451 3235 4505 fert
3298 4450 3485 4503 botros
3550 4462 3645 4515 per

2056 4543 2218 4598 flores
2264 4544 2384 4597 vitae
2439 4559 2560 4614 qua:
2612 4544 2791 4613 agitur
2843 4560 2908 4597 ex
2949 4543 3170 4596 virtute.
3235 4540 3421 4608 Capite
3480 4538 3646 4606 igitur

2059 4632 2207 4686 nobis
2243 4646 2434 4700 parvas
2490 4632 2689 4701 vulpes,
2753 4649 2870 4702 qua:
2926 4632 3286 4685 demetiuntur
3342 4631 3542 4691 vineas,
3596 4638 3645 4683 rt

362 4731 524 4792 τείας
560 4729 1001 4801 προοιμιάζεται.
1068 4726 1333 4781 Πιιὶσατε
1376 4720 1471 4779 οὖν
1516 4724 1663 4793 ἡμῖν
1707 4722 1941 4792 μικροὺς

2065 4724 2225 4778 vinea:
2254 4733 2451 4777 nostra:
2475 4724 2690 4792 ﬂorent.
2716 4723 2967 4778 Divinum
2987 4724 3204 4794 jussum
3234 4721 3443 4778 audivit
3465 4722 3644 4785 vinea,

363 4820 690 4887 ἀλώπεκας
718 4818 1113 4889 ἀφανίζοντας
1136 4815 1479 4888 ἀμπελῶνα,
1510 4816 1604 4869 καὶ
1626 4818 1687 4869 αὶ
1705 4815 1961 4883 ἄμπελοι

364 4912 543 4981 ἡμῶν
559 4911 1151 4980 κτοπρίζουσιν.Ἤκου
1159 4925 1218 4962 σε
1276 4905 1367 4959 τοῦ
1382 4905 1527 4958 θείου
1543 4904 1961 4975 προστάγματος

363 5007 407 5074 ή
447 5000 704 5072 ἄμπελος.
749 5004 782 5072 ὴ
822 5000 981 5069 γυνὴ,
1018 5000 1147 5070 περὶ
1180 4991 1251 5070 ἧς
1286 5015 1452 5068 φησιν
1489 4999 1518 5050 ὁ
1560 4997 1743 5061 Δαὸὶδ,
1780 4998 1860 5050 ὅτι
1902 4999 1963 5054 Ἡ

368 5094 532 5165 γυνή
552 5109 670 5147 σου
692 5093 771 5159 ὡς
794 5094 1067 5168 ἄμπελος
1088 5090 1452 5157 εὐθηνοῦσα.
1487 5092 1597 5144 Καὶ
1619 5091 1730 5145 ἴδεν
1759 5092 1960 5163 ἑαυτὴν

368 5189 438 5238 ὲν
473 5185 539 5254 τῇ
573 5183 802 5252 δυνάμει
844 5181 937 5236 τοῦ
969 5181 1326 5243 κελεύσαντος
1363 5182 1464 5252 τῆς
1497 5183 1561 5235 ὲκ
1594 5181 1703 5235 τῶν
1747 5181 1953 5253 θηρίων

369 5274 585 5332 τούτων
606 5274 784 5346 λύμης
812 5273 1252 5345 κεκαθαρμένην,
1287 5273 1381 5326 καὶ
1416 5274 1577 5337 εὐθὺς
1598 5274 1813 5327 δίδωσιν
1836 5276 1959 5327 ἑαυ-

370 5365 480 5437 τὴν
506 5365 585 5437 τῷ
614 5364 846 5436 γεωργῴ
881 5363 959 5435 τῷ
986 5363 1047 5417 τὸ
1079 5363 1389 5433 μεσότοιχον
1428 5362 1524 5416 τοῦ
1567 5363 1822 5433 φραγμοῦ
1860 5363 1955 5416 λύ-

2063 4832 2257 4886 nempe
2284 4818 2475 4872 mulier
2506 4818 2576 4871 de
2603 4832 2712 4887 qua
2756 4817 2893 4872 dicit
2919 4817 3110 4883 David,
3180 4816 3331 4871 Umor
3373 4825 3466 4869 tua
3511 4816 3647 4868 sicut

2063 4909 2179 4962 vitis
2204 4909 2482 4964 abundans
2514 4910 2554 4961 ⁸.
2590 4909 2655 4962 Et
2690 4910 2825 4964 vidit
2854 4925 2994 4974 eam,
3022 4910 3223 4963 virtute
3245 4909 3365 4979 ejus
3397 4907 3491 4975 qui
3537 4907 3652 4975 jus-

2063 5002 2155 5064 sit,
2212 5001 2280 5055 ab
2328 5001 2497 5055 exitio
2548 5011 2602 5057 et
2672 5002 3099 5072 depOpulatione
3156 5001 3348 5053 harum
3410 4998 3648 5052 ferarum

2064 5100 2438 5161 expurgatam,
2495 5102 2551 5146 et
2596 5094 2779 5148 statim
2838 5093 2931 5147 dat
2977 5094 3214 5161 seipsam
3258 5089 3511 5160 agricolae
3553 5087 3648 5157 qui

2061 5185 2210 5252 Sepis
2230 5182 2616 5236 intermedium
2643 5182 2812 5236 diruit
2838 5183 3119 5251 parietem.
3146 5179 3331 5249 Neque
3358 5178 3502 5232 enim
3534 5190 3651 5228 am-

2068 5276 2210 5345 plius
2240 5280 2459 5329 arcetur
2490 5276 2698 5343 pariete
2728 5274 2885 5345 legis,
2931 5288 3040 5343 quo
3072 5272 3255 5327 minus
3286 5269 3651 5340 conjungatur

2063 5380 2187 5419 cum
2212 5379 2283 5418 eo
2302 5364 2395 5434 qui
2431 5364 2793 5418 desideratur.

372 5475 558 5515 σαντι.
597 5456 798 5511 οὐκέτι
826 5455 933 5526 γὰρ
975 5453 1053 5524 τῷ
1101 5453 1269 5525 τοίχῳ
1299 5452 1393 5506 τοῦ
1436 5453 1601 5523 νόμου
1650 5454 1785 5524 πρὸς
1824 5454 1922 5525 τὴν
1965 5455 2256 5523 συνάφειαν
2290 5452 2385 5506 τοῦ
2414 5452 2751 5525 ποθουμένου
2786 5452 3186 5521 διατειχίςεται.

470 5552 668 5617 Ἀλλὰ,
695 5551 879 5621 φησὶν,
899 5548 1013 5618 ἐγὼ
1036 5547 1116 5613 τῷ
1142 5546 1442 5616 ἀδελφιδῷ
1456 5566 1596 5617 μου,
1616 5548 1712 5602 καὶ
1740 5553 1772 5602 ό
1796 5548 1963 5602 ἀδελ.

377 5643 561 5719 φιδός
572 5660 692 5713 μου
712 5642 863 5712 ἐμοὶ,
876 5643 909 5695 ό
931 5640 1260 5711 ποιμαίνων
1273 5640 1344 5694 ἐν
1363 5639 1485 5706 τοῖς
1507 5640 1875 5709 κρίνοις,ἒως
1893 5636 1965 5695 οὗ

458 5756 481 5791 ³
528 5753 675 5812 Psal.
713 5771 870 5821 χχιιι,
908 5756 940 5809 8
1039 5756 1058 5787 ⁸
1085 5754 1245 5809 Hebr.
1283 5772 1319 5820 ι,
1372 5756 1452 5810 Η.

2162 5547 2261 5603 Sed
2316 5564 2440 5617 ego,
2500 5548 2708 5618 inquit,
2774 5546 3003 5617 patrueli
3076 5562 3223 5609 meo,
3281 5551 3332 5597 et
3396 5546 3650 5611 patruelis

2075 5657 2217 5694 meus
2251 5640 2414 5707 mihi,
2444 5640 2534 5710 qui
2563 5642 2732 5709 pascit
2769 5641 2903 5693 inter
2946 5638 3093 5705 lilia,
3137 5636 3298 5691 donec
3342 5633 3661 5707 pcrspirarit

1533 5758 1550 5789 ⁷
1604 5756 1796 5811 Matth.
1829 5772 1899 5818 tv,
1939 5756 2001 5811 19
2097 5758 2119 5789 ⁸
2167 5755 2550 5824 Ρειιιμοκχνιι,
2591 5758 2643 5811 5.
