3866 6370
414 298 517 359 8375

1636 308 1692 364 S.
1735 310 2061 369 (lRECORl!
2103 316 2398 374 NYSSENI

3566 323 3687 378 και

409 414 520 472 δίε.»
549 424 597 468 et
646 425 801 469 mota:
831 415 1029 484 fuerint
1067 417 1287 473 umbra’.
1340 418 1455 475 lloc
1500 430 1682 479 autem
1720 435 1805 480 est
1835 440 1850 480 :
1879 426 1988 484 Vidi

2106 435 2444 504 διαπνεύσῃ
2471 436 2509 504 η
2532 434 2739 505 ἡμέρα.
2765 435 2861 489 καὶ
2883 435 3209 504 κινηθῶσιν
3225 440 3284 491 ai
3305 440 3487 492 σκιαί.
3512 441 3693 495 Τοῦτο

411 504 551 569 facie
576 503 641 557 ad
674 501 870 558 faciem
902 521 1024 561 eum
1056 506 1149 577 qui
1181 523 1397 579 semper
1425 522 1626 577 manet,
1658 523 1713 571 et
1740 518 1833 586 qui
1866 534 1993 589 pro-

410 605 532 666 pter
558 612 643 652 me
668 612 732 651 ex
763 613 956 653 sorore
980 615 1098 653 mea
1127 599 1417 673 Synagoga
1448 603 1502 658 in
1534 605 1769 662 humana
1799 619 1993 665 natura

410 694 495 743 est
530 695 788 751 exortus,
828 698 881 742 et
917 689 971 743 in
1006 705 1071 745 eo
1106 693 1433 762 requiesco,
1470 701 1525 749 et
1566 695 1636 750 ﬁo
1670 703 1792 768 ejus
1829 699 1990 755 habi—

409 779 672 836 taculum.
719 778 819 835 Hic
846 780 992 835 enim
1026 790 1111 837 est
1141 791 1332 853 pastor
1360 785 1539 843 bonus
1561 826 1575 849 ,
1608 788 1700 858 qui
1732 805 1838 844 non
1871 790 1995 847 leno

411 870 587 936 pascit
630 886 884 940 gregem,
934 874 1028 928 sed
1077 888 1218 943 puro
1253 875 1371 929 lilio
1419 877 1598 946 pascit
1630 894 1780 935 oves.
1822 879 1871 937 ls
1902 888 1987 939 est

408 962 554 1017 enim
600 978 792 1017 revera
838 964 933 1033 qui
988 964 1111 1021 feno
1141 981 1251 1021 non
1289 969 1528 1038 amplius
1567 971 1739 1025 nutrit
1784 972 1991 1028 fenum.

408 1044 629 1110 Natura:
664 1057 809 1111 enim
841 1059 1054 1128 experti
1088 1059 1319 1115 rationis
1351 1062 1637 1133 proprium
1683 1068 1996 1122 nutrimen-

409 1155 520 1200 ttun
559 1155 643 1202 est
675 1146 882 1204 fenum.
919 1148 1094 1207 Homo
1125 1159 1309 1206 autem
1344 1168 1469 1207 cum
1501 1155 1573 1209 sit
1604 1156 1877 1228 particeps
1905 1174 1995 1212 ra-

408 1240 611 1303 tionis,
650 1256 781 1295 vero
823 1242 1068 1296 nutritur
1121 1244 1315 1298 verbo.
1367 1243 1523 1310 Quod
1580 1247 1625 1301 si
1675 1247 1990 1317 huiusmodi

408 1331 533 1384 feno
569 1329 738 1385 fuerit
771 1342 1088 1398 saturatus,
1119 1334 1238 1403 ipse
1266 1350 1489 1405 quoque
1526 1338 1582 1390 tit
1615 1336 1821 1395 fenum.
1865 1340 1993 1395 0m-

409 1423 490 1479 nis
526 1424 712 1489 enim,
752 1424 971 1494 inquit,
1001 1442 1125 1480 caro
1163 1436 1239 1481 est
1282 1427 1460 1496 fenum
1494 1432 1534 1495 ⁸,
1574 1432 1820 1499 quandiu
1861 1448 1992 1487 caro

327 1570 343 1591 ‘
405 1521 510 1568 est.
563 1512 660 1569 Sin
709 1523 891 1569 autem
929 1516 1020 1570 ﬁat
1058 1518 1291 1588 spiritus
1322 1520 1415 1589 qui
1453 1531 1617 1577 natus
1654 1532 1737 1578 est
1770 1541 1835 1580 ex
1877 1526 1992 1595 spi-

406 1606 557 1669 ritu,
607 1620 715 1659 non
766 1609 1003 1677 amplius
1050 1610 1235 1665 cibum
1278 1611 1536 1681 depascet
1591 1631 1655 1670 ex
1699 1615 1857 1680 feno,
1895 1617 1989 1672 sed

407 1696 636 1766 spiritus
665 1697 770 1752 erit
801 1698 919 1766 ejus
951 1699 1271 1755 alimentum
1296 1745 1310 1768 ,
1362 1704 1507 1773 quod
1553 1707 1774 1775 quidem
1821 1710 1987 1764 tacite

406 1786 680 1856 significat
737 1789 834 1842 lilii
895 1791 1110 1859 puritas
1160 1800 1215 1848 et
1265 1769 1442 1850 bonus
1495 1769 1653 1851 odor.
1698 1797 1816 1853 Erit
1857 1816 1986 1871 ergo
2018 1769 2059 1825 Β

406 1879 520 1947 ipse
550 1894 769 1948 quoque
812 1880 987 1934 lilium
1030 1899 1227 1952 purum
1258 1893 1311 1939 et
1344 1886 1482 1945 bene
1513 1889 1669 1943 olens
1693 1930 1707 1952 ,
1744 1899 1986 1948 mutatus

402 1976 456 2027 et
486 1971 753 2026 alteratus
789 1988 852 2026 ex
891 1973 1135 2029 alimenti
1173 1985 1391 2031 natura.
1425 1976 1538 2031 Hoc
1583 1988 1668 2032 est
1719 1980 1835 2036 dies
1884 1983 1980 2051 qui

401 2062 574 2117 radiis
608 2064 937 2119 dill‘unditur
971 2081 1065 2120 seu
1111 2069 1424 2139 perspirat,
1474 2070 1618 2125 sicut
1662 2071 1844 2126 divina
1885 2090 1984 2129 no-

404 2156 631 2209 minavit
667 2156 987 2225 Scriptura,
1037 2174 1156 2212 eam
1204 2176 1327 2229 qua:
1374 2177 1469 2231 per
1522 2164 1708 2220 radios
1755 2167 1986 2235 spiritus

406 2244 544 2308 facta
598 2255 683 2302 est
738 2247 1086 2304 «limisionem
1142 2253 1437 2307 nominans
1486 2256 1980 2323 perspirationem,

404 2336 551 2398 unde
603 2345 891 2391 moventur
925 2340 1133 2393 innbrae
1186 2342 1354 2395 vitae:
1412 2358 1550 2411 quas
1598 2344 1887 2415 diligenter
1932 2357 1987 2403 et

405 2428 651 2483 studiose
684 2429 991 2493 intuentur,
1022 2430 1115 2501 qui
1153 2431 1273 2485 luce
1305 2434 1553 2487 veritatis
1611 2436 1805 2490 animae
1851 2452 1984 2492 ocu-

404 2519 516 2573 lum
552 2535 662 2572 non
701 2520 1094 2587 illustrarunt,
1129 2523 1381 2577 umbram
1415 2533 1470 2577 ct
1506 2526 1556 2579 id
1594 2527 1738 2595 quod
1784 2536 1868 2581 est
1894 2544 1986 2583 va-

403 2625 536 2674 num
567 2626 629 2665 ac
660 2613 842 2675 inane,
872 2622 1127 2681 tanquam
1153 2614 1297 2683 quod
1321 2616 1607 2683 consistat,
1633 2619 1982 2688 aspicientes,

400 2713 456 2759 et
490 2705 639 2775 quod
674 2722 803 2767 vere
834 2716 953 2773 est,
992 2714 1256 2777 tanquam
1291 2708 1438 2778 quod
1472 2725 1579 2764 non
1613 2711 1714 2776 sit,
1755 2728 1863 2766 non
1900 2728 1986 2768 re-

400 2797 508 2853 etis
541 2806 836 2856 cernentes
866 2799 1064 2855 oculis.
1100 2797 1206 2855 Sed
1239 2801 1332 2870 qui
1366 2800 1691 2857 nutriuntur
1720 2819 1815 2874 per
1846 2806 1981 2874 lilia,

401 2888 508 2953 hoc
537 2900 650 2953 est,
683 2906 919 2960 quorum
949 2907 1088 2961 puro
1140 2900 1195 2946 et
1247 2893 1389 2948 bene
1429 2894 1597 2947 olenti
1648 2899 1986 2954 nutrimento

404 2981 785 3051 impinguatur
815 2983 999 3037 anima
1024 3023 1037 3047 ,
1069 2999 1196 3038 cum
1228 2984 1296 3037 ab
1338 2984 1486 3037 omni
1539 2984 1718 3040 fallaci
1767 2996 1821 3042 et
1860 3005 1984 3043 um-

403 3073 569 3128 brosa
620 3074 836 3129 visione
876 3089 1066 3129 eorum
1120 3075 1176 3133 in
1217 3090 1338 3145 quae
1372 3076 1613 3130 studium
1652 3078 1707 3131 in
1741 3078 1844 3134 hac
1875 3081 1985 3136 vita

402 3164 709 3231 confertur,
748 3182 807 3221 se
840 3167 1206 3227 abduxerim,
1239 3167 1302 3221 ad
1357 3182 1539 3222 rerum
1597 3184 1781 3225 veram
1839 3173 1988 3244 aspi-

402 3256 551 3317 cient
586 3258 994 3323 substantiam,
1027 3258 1201 3313 ell'ecti
1236 3258 1328 3312 ﬁlii
1354 3260 1494 3313 lucis
1529 3270 1581 3314 et
1609 3261 1737 3316 diei.

475 3347 602 3402 llam:
640 3349 838 3418 aspicit
878 3363 1082 3417 sponsa
1106 3388 1122 3412 ,
1157 3358 1212 3402 et
1254 3360 1412 3420 urget
1446 3350 1687 3406 Verbum
1722 3358 1783 3405 ut
1823 3368 1983 3423 quam

404 3440 671 3499 citissime
711 3457 863 3511 spem
894 3442 1162 3496 bonorum
1196 3426 1438 3497 dedueiit
1469 3444 1534 3498 ad
1567 3443 1823 3499 etl‘ectum
1845 3488 1859 3511 ,
1897 3445 1986 3501 di-

402 3549 534 3588 cens
567 3553 578 3588 :
610 3531 879 3587 Revertere
908 3534 1011 3586 cito
1034 3576 1048 3599 ,
1078 3552 1108 3589 ο
1138 3534 1394 3604 patruelis
1414 3575 1429 3600 ,
1459 3537 1534 3590 sis
1564 3537 1754 3591 similis
1784 3554 1987 3602 caprea:

405 3634 499 3678 aut
542 3625 761 3679 hinnulo
807 3642 1076 3681 cervorum
1123 3643 1286 3697 supra
1332 3638 1532 3683 montes
1578 3632 1982 3688 concavitatum.

324 3788 345 3794 ἡ
404 3718 540 3772 Vide
570 3733 629 3772 ut
664 3734 859 3788 caprea
888 3760 902 3775 .
950 3730 1005 3774 tu
1039 3720 1135 3790 qui
1168 3721 1370 3789 aspicis
1411 3721 1775 3791 cogitationes
1809 3722 1989 3778 homi-

402 3827 572 3875 num,
620 3821 677 3865 tu
726 3813 823 3882 qui
869 3812 1121 3867 cordium
1174 3812 1309 3882 legis
1360 3812 1810 3883 discep'ationes.
1859 3813 1988 3870 Dele

405 3904 613 3972 peccati
665 3904 1112 3971 generationem,
1171 3904 1317 3958 sicut
1371 3904 1634 3960 hinnulus
1699 3921 1986 3960 cervorum

404 3996 550 4059 delet
607 4010 778 4063 genus
840 4001 1176 4064 serpentum.
1232 3995 1398 4052 Vides
1445 4012 1717 4052 eoncavos
1774 4005 1988 4054 montes

403 4086 531 4141 vitae
578 4084 861 4149 humanae,
908 4101 1142 4154 quorum
1192 4101 1256 4141 ea
1307 4104 1428 4157 qum
1483 4097 1818 4157 assurgunt,
1879 4105 1987 4144 non

406 4186 537 4234 sunt
586 4176 841 4241 vertices,
887 4176 981 4233 sed
1017 4176 1224 4232 valles?
1251 4178 1437 4233 Currit
1477 4195 1606 4248 ergo
1632 4195 1791 4248 quam
1819 4181 1991 4235 celer-

406 4266 545 4319 rime
572 4265 808 4321 Verbum
842 4267 907 4321 ad
942 4275 1156 4322 montes
1186 4283 1476 4325 concaros.
1523 4270 1797 4339 Quidquid
1842 4272 1987 4326 enim

407 4357 688 4418 extollitur
747 4358 1011 4413 adversus
1080 4358 1389 4427 veritatem,
1424 4371 1506 4414 est
1559 4360 1876 4417 barathrum
1933 4369 1989 4418 et

2094 526 2150 580 δέ
2164 528 2310 580 ἐστιν
2325 543 2338 558 ·
2356 522 2528 589 Εἶδον,
2544 527 2698 597 φησὶ,
2713 527 3004 599 πρόσωπον
3023 529 3158 600 προς
3176 529 3468 600 πρόσωπον
3486 533 3581 584 τον
3599 534 3693 588 ἀεὶ

2093 604 2382 688 δνταδπερ
2400 617 2534 684 ἐστὶ,
2555 617 2624 671 δι’
2640 618 2739 687 ἐμὲ
2761 618 2816 671 δὲ
2838 620 2900 672 ὲκ
2917 621 3015 689 τῆς
3043 619 3276 691 ἀδελφῆς
3303 638 3403 690 μου
3431 622 3530 691 τῆς
3556 640 3693 675 σονς

2094 709 2319 780 αγωγῆς
2341 709 2703 781 ἀνθρωπικῶς
2732 709 3107 774 ἀνατείλαντα,
3150 711 3244 765 καὶ
3273 715 3330 765 ὲν
3364 714 3510 785 αὑτῷ
3544 715 3689 769 ἀνα-

2095 802 2360 872 παύομαι,
2405 801 2499 855 καὶ
2543 802 2765 872 γίνομαι
2806 800 2954 872 αὐτῷ
2984 802 3320 875 οἰκητήριον.
3370 801 3538 869 Οὗτος
3570 808 3692 879 γάρ

2093 893 2242 944 ἐστιν
2265 892 2292 943 ὀ
2326 891 2533 960 ποιμὴν
2567 891 2596 943 ό
2622 890 2807 954 καλὸς,
2838 891 2898 955 ὃς
2932 892 3054 962 οὐχὶ
3082 892 3273 963 χόρτον
3309 899 3542 949 ποιεῖται
3585 898 3693 968 τὴν

2107 983 2200 1037 ,ῶν
2230 983 2495 1053 ποιμνίων
2520 984 2713 1054 νομὴν,
2762 984 2897 1038 ἀλλά
2944 984 3205 1056 καθαροῖς
3236 987 3442 1056 κρίνοις
3480 989 3689 1058 τρέφει

2092 1071 2160 1124 τὰ
2191 1072 2458 1142 πρόϐατα.
2501 1073 2577 1126 Οὐ
2615 1072 2813 1143 μηκέτι
2859 1073 3035 1144 χόρτῳ
3079 1074 3297 1145 τρέτων
3338 1075 3427 1127 τὸν
3456 1076 3685 1147 χόρτον.

2106 1163 2235 1216 ’ἰδία
2264 1162 2373 1233 γὰρ
2412 1162 2585 1233 τροφὴ
2622 1163 2723 1232 τῆς
2751 1162 2945 1230 ἀλόγου
2988 1162 3203 1231 φύσεως
3231 1164 3258 1214 ὁ
3291 1163 3687 1234 χόρτοςὲστίν.

2106 1256 2164 1308 '0
2189 1255 2233 1308 δ’
2279 1255 2566 1324 ἄνθρωπος
2615 1255 2833 1323 λογικὸς
2870 1255 2977 1317 ὢν,
3025 1255 3103 1326 τῷ
3141 1255 3377 1325 ἀληθινῷ
3415 1254 3691 1325 τρέφεται

2092 1347 2256 1418 λόγῳ.
2301 1348 2363 1401 Εἰ
2388 1349 2444 1401 δὲ
2489 1348 2728 1401 τοιούτου
2769 1349 3128 1421 ὲμψορηθείη,
3176 1351 3269 1403 καὶ
3299 1349 3454 1412 αὐτὸς
3482 1350 3689 1419 χόρτος

2091 1439 2320 1508 γίνεται.
2355 1439 2530 1493 Πᾶσα
2556 1439 2664 1511 γὰρ
2692 1439 2871 1507 σὰρξ,
2905 1442 3060 1511 φησι,
3109 1443 3320 1509 χόρτος
3350 1441 3542 1506 eat-3r,
3576 1441 3691 1504 ἓως

2093 1530 2158 1585 ἂν
2194 1531 2329 1603 σάρξ
2449 1531 2593 1584 Εἰδέ
2622 1549 2704 1594 τις
2746 1532 2965 1602 πνεῦμα
3022 1530 3250 1599 γένοιτο,
3287 1528 3572 1600 γεννηθεὶς
3623 1533 3689 1585 ἐκ

2092 1625 2187 1680 τοῦ
2237 1632 2569 1695 πνεύματος,
2620 1625 2804 1678 οὐκέτι
2837 1625 2929 1678 τὸν
2961 1623 3205 1697 χορτώδη
3247 1625 3691 1694 ὲπιϐοσκηθήσε-

2091 1734 2181 1771 ται
2222 1716 2353 1785 βίον,
2390 1716 2525 1769 ἀλλά
2558 1716 2619 1769 τὸ
2664 1717 2879 1786 πνεῦμα
2920 1716 3085 1770 αὐτοῦ
3128 1715 3281 1770 ἔσται
3307 1719 3501 1787 τροφὴ,
3540 1719 3687 1785 ὅπερ

2088 1812 2120 1879 ἡ
2162 1808 2473 1880 καθαρότης
2513 1809 2605 1861 καὶ
2645 1811 2676 1878 ὴ
2724 1809 2945 1862 εῠπνοια
2989 1808 3083 1862 τοῦ
3127 1808 3311 1880 κρίνου
3352 1809 3681 1873 αἰνίσσεται,

2092 1896 2286 1954 Ἔσται
2312 1897 2406 1953 οὖν
2442 1901 2534 1953 καὶ
2570 1900 2753 1964 αὐτὸς,
2793 1899 3035 1970 καθαρὴν
3077 1900 3259 1971 κρίνον
3300 1900 3391 1952 καὶ
3419 1898 3681 1963 εὔπνουν,

2088 1994 2226 2065 πρὸς
2246 1992 2342 2064 τὴν
2361 1995 2563 2063 τροφῆς
2584 1992 2745 2059 φύσιν
2771 1991 3167 2062 ἀλλοιούμενος.
3194 1992 3481 2044 Τουτέστιν
3514 1992 3550 2060 ἡ
3572 1990 3684 2042 δια-

2086 2088 2349 2158 δεχομὲνη
2376 2089 2497 2149 ταῖς
2516 2089 2729 2139 ἀκτῖσιν
2747 2086 2949 2156 ἡμέρα,
2982 2085 3101 2155 ἦτοι
3119 2084 3465 2143 διαπνέουσα,
3488 2082 3682 2145 καθὼς

2087 2176 2418 2246 ὠνόμασενὴ
2440 2175 2556 2229 Θεία
2575 2175 2725 2244 φωνὴ
2738 2173 2835 2244 τὴν
2853 2172 2941 2226 διὰ
2958 2172 3050 2226 τοῦ
3071 2171 3375 2242 πνεύματος
3394 2170 3504 2222 τῶν
3522 2170 3674 2223 ἀκτίς

2087 2286 2193 2324 νων
2219 2268 2507 2338 γινομένην
2537 2266 2801 2335 διάχυσιν,
2824 2265 3085 2335 διαπνοὴν
3109 2265 3417 2332 ὀνομάσασα
3433 2303 3446 2321 ,
3470 2262 3597 2315 ὅθεν
3621 2263 3678 2316 at

2086 2359 2182 2414 τοῦ
2217 2359 2332 2428 βίου
2367 2357 2785 2428 μετακινοῦνται
2816 2356 2965 2409 σκιαί
2993 2373 3006 2386 ·
3040 2356 3167 2425 περὶ
3185 2354 3253 2418 ἃς
3270 2353 3409 2407 κατά
3435 2353 3680 2423 σπουδὴν

2086 2451 2307 2523 ὁρῶσιν,
2343 2449 2394 2502 oi
2431 2450 2597 2519 μήπω
2627 2445 2705 2517 τῷ
2734 2445 2874 2513 φωτὶ
2899 2446 2998 2515 τῆς
3025 2444 3280 2513 ἀληθείας
3307 2443 3396 2497 τὶν
3434 2444 3537 2514 τῆς
3572 2445 3678 2513 ψυ-

2086 2544 2186 2614 χῆς
2215 2540 2491 2612 ὀφθαλμὸν
2544 2536 3012 2605 καταυγὰσαντες,
3055 2537 3103 2589 οἱ
3145 2534 3243 2605 τὴν
3277 2533 3434 2588 σκιὰν
3475 2535 3576 2587 καὶ¹
3617 2534 3678 2587 τὺ

2090 2636 2317 2705 μάταιον
2354 2632 2427 2693 ὡς
2456 2628 2703 2699 ὑφεστὼς
2743 2628 2995 2700 δρῶντες,
3046 2628 3141 2680 καὶ
3171 2626 3231 2680 τὸ
3258 2625 3473 2697 ἀληθῶς
3509 2625 3575 2678 δν
3600 2626 3679 2689 ὡς

2090 2726 2166 2797 μὴ
2186 2726 2245 2779 ὃν
2268 2710 2725 2798 παραϐλέποντες.
2766 2722 2904 2777 Ἀλλ’
2930 2725 2977 2775 οἱ
2997 2720 3084 2774 διὰ
3114 2720 3218 2773 τῶν
3238 2720 3440 2791 κρίνων
3467 2721 3673 2789 cpe-96-

2092 2835 2272 2889 μενοι,
2322 2817 2631 2878 τουτέστιν,
2679 2818 2731 2870 οἱ
2765 2820 2831 2887 τῇ
2870 2814 3086 2887 καθαρᾷ
3125 2831 3183 2866 τε
3227 2814 3321 2866 καὶ
3368 2812 3680 2886 εὐπνοούσῃ

2086 2911 2259 2979 τροφῇ
2284 2907 2383 2978 τὴν
2406 2906 2582 2977 ψυχὴν
2607 2907 2792 2960 πιαινό
2800 2924 2971 2976 μενοι,
2993 2906 3171 2958 πᾶσαν
3189 2903 3473 2974 ἀπατηλήν
3494 2921 3553 2956 τε
3583 2904 3678 2956 καὶ

2093 2998 2330 3069 σκιοειδῆ
2352 2998 2651 3067 φαντασίαν
2676 2997 2785 3051 τῶν
2806 2996 2947 3050 κατά
2976 2996 3068 3049 τὸν
3104 2995 3213 3066 βίον
3234 2994 3423 3048 τοῦτον
3440 2996 3678 3048 σπουδα-

2012 3102 2054 3160 c
2089 3089 2329 3159 ζομένων
2369 3088 2577 3142 ἑαυτῶν
2613 3088 3047 3156 ἀποστήσαντες,
3081 3085 3216 3157 προς
3255 3084 3357 3152 τὴν
3410 3082 3681 3156 ἀληθινὴν

2086 3181 2194 3235 τῶν
2234 3182 2572 3252 πραγμάτων
2603 3180 2901 3234 ὑπόστασιν
2932 3178 3152 3249 ὄψονται
3173 3218 3189 3245 ,
3235 3178 3341 3231 υἱοὶ
3369 3178 3548 3247 φωτὸς
3580 3178 3674 3231 καὶ

2089 3273 2196 3327 υἱοὶ
2224 3271 2435 3344 ἡμέρας
2464 3270 2760 3342 γινόμενοι.

2158 3361 2343 3416 Ταῦτα
2379 3360 2567 3431 βλέπει
2598 3362 2631 3430 ἡ
2663 3359 2871 3430 νύμφη,
2905 3358 3000 3413 καὶ
3039 3355 3353 3423 κατεπείγει
3378 3354 3468 3408 τὸν
3497 3356 3672 3423 Λόγον

2085 3453 2174 3509 διά
2203 3455 2401 3525 τάχους
2443 3454 2523 3517 εἱς
2555 3452 2716 3523 ἔργον
2749 3452 3032 3520 διαγαγεῖν
3077 3449 3184 3502 τῶν
3212 3446 3432 3516 ἀγαθῶν
3461 3445 3560 3517 τὴν
3589 3446 3674 3498 ἐλ-

2087 3545 2237 3608 πίδα,
2255 3544 2677 3611 Ἀπόστρεψον,
2693 3541 2949 3609 λέγουσα,
2985 3535 3032 3594 ὦ
3050 3536 3352 3607 ἀδελφιδὲ,
3375 3537 3674 3607 ὁμοιόθητι

2086 3634 2332 3703 δορκάδι
2370 3635 2408 3702 ἢ
2435 3631 2623 3702 νεϐρῷ
2649 3632 2892 3702 ἐλάφων
2923 3630 3022 3685 ἐπὶ
3058 3630 3132 3684 τὰ
3159 3630 3264 3698 ὄρη
3304 3628 3425 3681 τῶν
3458 3631 3670 3681 κοιλω-

2081 3726 2303 3796 μάτων.
2352 3725 2460 3778 Ἴδε
2504 3724 2579 3788 ὡς
2620 3722 2840 3794 δορκας,
2877 3723 2905 3774 ό
2942 3722 3040 3785 τάς
3074 3719 3401 3789 ἐνθυμήσεις
3441 3716 3549 3770 τῶν
3578 3717 3672 3770 ἀνι

2088 3817 2322 3890 θρώπων
2370 3815 2603 3885 βλέπων,
2633 3816 2662 3867 ό
2704 3814 2833 3879 τοὺς
2866 3812 3249 3882 διαλογισμοὺς
3281 3809 3392 3863 τῶν
3436 3807 3672 3881 καρδιῶν

2086 3904 2495 3974 ἀναγινώσκων.
2559 3904 2847 3973 ’Λφάνισον
2880 3903 2981 3974 τὴν
3011 3901 3173 3973 γονὴν
3206 3903 3305 3972 τῆς
3329 3900 3547 3964 κακίας,
3595 3898 3669 3963 ὡς

2088 3997 2289 4069 νεϐρὸς.
2329 3996 2545 4065 ἐλάφων
2588 3994 2957 4059 ἐξαναλίσκων
3010 3992 3068 4046 τὸ
3123 3992 3278 4058 γένος
3319 3991 3429 4043 τῶν
3470 3990 3668 4057 ὄφεων.

2099 4088 2263 4161 Ὁρᾷς
2293 4086 2361 4140 τὰ
2392 4087 2547 4140 κοῖλα
2576 4086 2676 4157 ὅρη
2710 4083 2805 4139 τοῦ
2832 4084 3174 4155 ἀνθρωπίνου
3212 4083 3348 4151 βίου,
3385 4076 3460 4136 ὧν
3480 4082 3545 4135 τὰ
3572 4083 3673 4134 επ-

2089 4180 2468 4250 αναστήματα,
2499 4177 2621 4248 οὐχὶ
2657 4176 2961 4249 ἀκρώρειαί
2994 4177 3151 4239 εἰσιν,
3187 4172 3321 4227 ἀλλὰ
3352 4176 3668 4244 φάραγγεςς

2089 4271 2286 4341 Τρέχει
2326 4269 2507 4323 τοίνυν
2535 4269 2641 4331 ἓως
2663 4268 2863 4339 τάχους
2883 4270 2911 4321 ό
2942 4267 3113 4334 Λόγος
3142 4266 3234 4319 ἐπὶ
3261 4265 3331 4319 τὰ
3358 4264 3510 4318 κοῖλα
3544 4262 3667 4335 ὄρη.

2089 4363 2208 4415 Πᾶν
2240 4360 2348 4433 γὰρ
2368 4360 2429 4414 τὸ
2454 4359 2597 4415 κατά
2615 4358 2716 4430 τῆς
2746 4359 3005 4431 ἀληθείας
3032 4357 3165 4428 ὕψου
3175 4374 3356 4428 μενον,
3398 4356 3671 4428 βάραθρόν

407 4464 514 4502 non
569 4464 763 4514 mons,
838 4451 1157 4506 concavitas
1209 4461 1262 4506 et
1317 4467 1424 4506 non
1484 4468 1779 4524 assurgens
1833 4454 1987 4509 lasti-

2094 4453 2336 4505 ἐστικαὶ
2378 4451 2500 4522 οὐχὶ
2548 4450 2694 4521 ὄρος.
2745 4450 3043 4521 Κοίλωμα,
3094 4448 3189 4501 καὶ
3236 4448 3335 4501 οὐκ
3363 4447 3665 4515 ἀνάστημα.

406 4542 577 4609 g'mn.
629 4539 687 4594 Si
732 4557 893 4611 ergo,
940 4542 1148 4612 inquit,
1182 4543 1246 4597 ad
1286 4542 1398 4595 hinc
1429 4544 1760 4608 accurreris,
1802 4544 1987 4601 Omnis

407 4630 560 4685 valiis
612 4631 915 4699 implebilur
971 4640 1021 4685 et
1071 4633 1242 4685 omnis
1292 4648 1440 4685 mons
1472 4633 1775 4702 hujusmodi
1812 4636 1989 4690 limiti-

412 4720 631 4789 iiabilitr
662 4723 725 4773 ¹⁰.
782 4722 846 4775 Ει
896 4724 1012 4778 haec
1063 4725 1196 4778 dicit
1241 4724 1419 4778 anima
1451 4742 1613 4795 quam
1647 4728 1821 4795 pascit
1857 4727 1991 4781 Ver-

411 4808 577 4874 bum,
629 4827 739 4873 non
785 4813 1064 4883 aliquibus
1105 4814 1281 4882 spinis
1336 4825 1431 4867 aut
1476 4816 1633 4880 leno,
1695 4818 1788 4871 sed
1846 4819 1991 4872 bnno

409 4901 580 4955 odore
624 4901 863 4956 liliorum
907 4919 1055 4970 pura:
1110 4905 1235 4959 vitm.
1284 4905 1797 4962 administrationis.
1858 4908 1993 4973 Qui-

410 4993 517 5051 bus
564 4994 728 5048 etiam
778 4994 938 5049 nobis
969 4995 1128 5050 detur
1171 4996 1358 5051 satiari
1407 4996 1581 5064 pastis
1621 5011 1649 5050 a
1690 4995 1889 5064 Verbo,
1936 5000 1990 5053 in

412 5084 633 5143 Christo
661 5084 790 5140 Jesu
820 5084 1053 5142 Domino
1081 5095 1306 5150 nostro,
1337 5088 1425 5139 cui
1458 5088 1632 5156 gloria
1665 5096 1718 5142 et
1750 5090 1991 5158 potentia

413 5189 539 5232 cum
577 5183 771 5231 saneto
802 5176 1044 5246 Spiritu,
1081 5193 1226 5243 nunc
1257 5184 1310 5229 et
1345 5193 1583 5247 semper,
1615 5186 1668 5233 et
1704 5179 1760 5241 in
1797 5182 1993 5236 smcula

414 5265 764 5337 surculorum.
794 5265 989 5334 Amen.

990 5400 1275 5456 HOMILIA
1311 5401 1396 5457 Vl.

485 5508 620 5566 CAP.
651 5527 733 5581 In,
750 5526 897 5569 vers.
918 5514 970 5568 1.
998 5512 1063 5568 In
1086 5513 1218 5567 lecto
1241 5527 1398 5569 noctu
1421 5517 1635 5586 quwsivi
1652 5533 1800 5586 quem
1824 5517 1997 5587 diligit

395 5735 403 5744 .
489 5690 513 5731 ’
549 5689 678 5748 lsai.
715 5710 804 5760 ιιι,
834 5696 891 5764 6.
968 5696 1012 5728 ¹⁰
1052 5694 1176 5753 lsai.
1232 5712 1321 5762 ιιι,
1356 5695 1424 5763 4;
1460 5695 1590 5751 Luc.
1655 5713 1736 5766 ιιι,
1789 5699 1821 5751 4

2109 4541 2237 4597 Ἐἀν
2292 4538 2386 4596 οὖν
2435 4539 2749 4614 ὲπιδράμῃς
2799 4540 2894 4594 ἐπὶ
2942 4539 3135 4608 ταῦτα,
3220 4538 3383 4608 φησὶ,
3415 4535 3596 4590 Πᾶσα
3630 4536 3668 4603 ἡ

2091 4630 2332 4698 τοιαύτη
2371 4630 2605 4701 φάραγξ
2646 4629 3134 4698 πληρωθήσεται,
3169 4629 3267 4683 καὶ
3309 4626 3433 4682 πᾶν
3455 4627 3523 4680 τὸ
3552 4645 3669 4681 τοι-

2092 4721 2274 4774 οῦτον
2309 4722 2446 4790 ὄρος
2489 4721 3017 4787 ταπεινωθήσεται.
3059 4721 3244 4775 Ταῦτα
3298 4719 3593 4789 φθέγγεται
3633 4719 3665 4786 ἠ

2091 4811 2258 4883 ψυχὴ,
2289 4814 2354 4885 ἣν
2380 4812 2659 4883 ποιμαίνει
2687 4814 2716 4865 ὁ
2748 4814 2942 4884 Λόγος.
2976 4814 3077 4867 οὐκ
3101 4815 3157 4867 ὲν
3186 4810 3449 4874 ἀκάνθαις
3474 4810 3610 4863 τισὶν
3635 4807 3667 4876 ἦ

2093 4903 2328 4973 χόρτοις,
2363 4902 2475 4956 ἀλλ’
2502 4905 2560 4956 ὲν
2587 4905 2655 4974 τῇ
2676 4903 2903 4973 εὐοδμίᾳ
2928 4904 3038 4956 τῶν
3061 4903 3262 4973 κρίνων
3290 4902 3387 4971 τῆς
3422 4898 3667 4967 καθαρᾶς

2095 4993 2390 5058 πολιτείας.
2435 4987 2536 5048 Ὧν
2577 4995 2788 5062 γένοιτο
2832 4997 2927 5049 καὶ
2959 4996 3108 5065 ἡμᾶς
3150 4990 3527 5063 ἐμφορηθῆναι
3560 5006 3669 5040 ποι-

2101 5084 2458 5155 μαινομένους
2498 5086 2603 5138 ὑπὸ
2645 5086 2737 5139 τοῦ
2773 5086 2968 5154 Λόγου,
3018 5087 3076 5137 ὲν
3110 5082 3329 5155 Χριστῷ
3384 5081 3558 5150 Ἰησοῦ
3597 5078 3669 5147 τῷ

2097 5178 2284 5248 Κυρίῳ
2315 5178 2491 5248 ἡμῶν,
2521 5171 2566 5244 ᾧ
2603 5178 2803 5248 πρέπει
2846 5182 2879 5249 ἡ
2907 5179 3034 5244 δόξα
3057 5177 3150 5231 καὶ
3184 5177 3403 5248 κράτος,
3444 5176 3525 5241 εἰς
3548 5172 3668 5234 τοὺς

2097 5269 2296 5334 αἰῶνας
2324 5269 2432 5322 τῶν
2459 5267 2689 5325 αἰώνων.
2745 5273 2944 5341 Ἀμήν.

2705 5404 2942 5459 UMlAlA
2986 5406 3074 5471 cr.

2177 5519 2303 5574 Ἐπὶ
2328 5520 2538 5593 κοίτην
2571 5537 2693 5593 μου
2730 5519 2800 5575 ἐν
2846 5518 3025 5585 νυξὶν
3060 5516 3321 5587 ἐζήτησα
3349 5514 3421 5569 ὃν
3444 5508 3671 5582 ὴγάπην
