3866 6372
328 316 447 375 εει

1370 319 1436 374 IN
1471 319 1765 376 CANTICA
1803 318 2075 376 CANTIC.
2121 315 2404 374 HOMILIA
2451 316 2537 370 Vl.

3499 304 3601 362 836

332 450 453 487 σεν
480 432 515 500 ἠ
547 433 714 501 ψυχή
745 451 885 502 μου.
936 434 1221 504 Ὲζιξτησα
1249 436 1571 502 αὐτὸν,καὶ
1596 442 1709 509 οὐχ
1742 433 1921 507 εὖρον

2029 436 2201 489 anima
2217 450 2349 487 mea.
2372 431 2603 498 Qucesizi
2621 443 2736 482 eum
2753 434 2801 479 et
2822 441 2924 479 non
2940 423 3115 478 inveni
3126 438 3243 476 eum
3262 437 3278 475 .·
3300 423 3602 475 vocavieum

331 523 556 576 αὐτόν·
594 523 863 577 ἐκάλεσα
898 526 1104 591 αὑτὸν,
1148 526 1247 580 καὶ
1269 530 1384 597 οὐχ
1421 529 1744 598 ὑπήκουσέ
1766 547 1917 599 μου.

350 613 789 683 Ἀναστήσομαι
811 614 880 667 δὲ
895 616 995 670 καὶ
1016 618 1313 672 κυκλώσω
1325 620 1397 673 ὲν
1410 618 1489 688 τῇ
1501 621 1692 682 πόλει,
1705 621 1775 674 ἑν
1794 620 1923 686 ταῖς

332 704 581 774 ἀγοραῖς
602 705 699 759 καί
720 707 790 760 ἐν
808 707 941 772 ταῖς
957 710 1289 776 πλατείαις,
1311 711 1406 765 καὶ
1427 711 1658 779 ζητήσω
1686 712 1761 767 ὃν
1786 713 1923 782 ἠγά-

335 810 547 862 πησεν
566 796 603 862 ἠ
623 796 794 865 ψυχή
818 814 958 866 μου.
979 797 1262 867 Ἑζήτησα
1283 801 1470 855 αὐτὸν
1490 805 1717 873 καὶούχ
1742 799 1925 871 εὗρον

335 887 549 940 αὐτόν.
577 887 946 945 Ἑπεκάλεσα
965 890 1175 956 αὐτὸν,
1197 892 1293 946 καὶ
1317 896 1431 963 οὐχ
1450 894 1765 961 ὑπήκουσέ
1780 914 1918 964 μου.

337 982 393 1032 Ε
402 977 625 1045 Epeo-ciu
636 997 713 1048 με
733 984 787 1034 ol
809 982 1154 1050 τηροῦντες,
1170 988 1223 1039 οἱ
1249 985 1622 1053 κυκλοῦντες
1641 988 1711 1041 ἐν
1728 986 1803 1056 τῇ
1818 990 1896 1042 πό

333 1072 451 1123 λει.
481 1070 576 1139 Μὴ
599 1070 672 1125 ὃν
701 1074 1019 1142 ἠγάπησεν
1040 1076 1078 1143 ἡ
1105 1076 1275 1146 ψυχή
1289 1095 1429 1146 μου,
1449 1079 1680 1143 sidere;
1721 1081 1817 1143 Ὧς
1837 1097 1925 1147 μι-

336 1161 489 1227 κρέιν
503 1161 599 1214 ὅτε
614 1176 731 1229 παρ
740 1162 929 1230 ἦλθον
941 1165 1043 1219 ἀπ’
1057 1165 1275 1229 αὐτῶν,
1289 1166 1405 1232 ἕως
1422 1163 1494 1223 οὗ
1512 1164 1694 1237 εὖρον
1708 1168 1774 1222 ὃν
1788 1172 1827 1239 ἡ
1841 1166 1926 1237 γά-

337 1258 542 1316 εζησεν
555 1254 590 1319 ἡ
609 1253 777 1321 ψυχή
795 1272 929 1323 μου.
968 1256 1296 1324 Ἐκράτησα
1307 1259 1519 1322 αὐτὸν,
1538 1258 1759 1312 καὶούκ
1771 1257 1925 1326 ἀρῆ-

336 1357 421 1394 κα
436 1343 541 1393 αὐτ
552 1340 643 1403 ὸν,
660 1342 773 1409 ἕως
787 1339 858 1398 οὗ
876 1344 1204 1414 εἰσήγαγον
1218 1346 1407 1399 αὐτὸν
1419 1349 1508 1413 εἰς
1521 1344 1690 1401 οἷκον
1698 1349 1925 1416 μητρός

327 1450 477 1501 μου,
512 1434 610 1486 καί
654 1437 740 1499 είς
783 1435 1049 1505 ταμιεῖον
1075 1436 1184 1504 τῆς
1208 1440 1645 1505 συλλαϐούσης
1664 1454 1758 1507 με.
1796 1439 1926 1506 Ὦρ-

335 1541 487 1579 κισα
509 1523 684 1594 ὑμᾶς,
710 1526 1031 1597 θυγατέρες
1069 1529 1478 1598 Ἰερουσαλὴμ,
1502 1531 1571 1582 ἐν
1590 1530 1718 1595 ταῖς
1740 1529 1920 1583 δυνά-

327 1632 497 1684 μεσι.
536 1618 632 1669 καὶ.
663 1618 734 1671 ἐν
764 1618 892 1683 ταῖς
938 1621 1224 1688 ἱσχύσεσι
1257 1620 1365 1674 τοῦ
1392 1620 1599 1690 άπροῦ,
1642 1623 1752 1674 ἐὰν
1779 1621 1925 1691 ἐγεί-

324 1723 481 1775 pigre
507 1708 607 1761 καὶ
632 1709 968 1778 effem/pnes
1001 1711 1115 1780 τὴν
1141 1712 1401 1780 ἀγάπην,
1427 1712 1538 1778 ἕως
1566 1713 1644 1766 ἂν
1666 1712 1921 1780 θελήσῃ.

2020 534 2069 581 et
2100 542 2202 579 non
2233 523 2432 577 audivit
2459 537 2559 575 me.
2583 519 2637 572 ἓ.
2659 518 2886 588 Surgam
2907 525 3081 569 autem
3101 521 3151 568 et
3168 511 3400 567 circuibo
3425 512 3606 565 eicite-

2025 631 2124 675 tem
2138 618 2194 672 in
2212 614 2342 686 foris
2357 622 2405 666 et
2424 612 2477 666 in
2491 609 2677 678 plateis
2694 625 2710 665 :
2725 617 2773 664 et
2789 622 3030 678 quaram
3042 626 3192 681 quem
3207 610 3382 681 diligit
3398 611 3578 665 anima

2022 722 2155 759 mea.
2191 705 2245 759 '5.
2275 704 2508 771 Qua’sivi
2544 719 2663 758 eum
2690 712 2740 757 et
2780 720 2884 758 non
2911 703 3083 757 inueni
3114 717 3254 756 eum.
3289 698 3606 753 Invenerunt

2023 814 2101 849 me
2115 798 2207 867 qui
2226 795 2530 851 custodiunt
2554 796 2939 850 circumeuntes
2970 795 3257 848 civitatem.
3292 791 3433 844 Num
3454 807 3607 860 quem

2021 889 2199 958 diligit
2232 889 2414 942 anima
2450 904 2565 942 mea
2595 888 2843 943 vidistis?
2876 888 2930 941 4.
2969 886 3376 953 Quamprimum
3418 899 3607 951 parum

2022 978 2087 1031 ab
2125 979 2201 1032 eis
2236 978 2450 1043 transii,
2480 977 2644 1032 donec
2684 978 2852 1031 inveni
2882 992 3001 1031 eum
3033 991 3181 1045 quem
3217 975 3388 1044 diligit
3429 973 3608 1025 anima

2026 1087 2164 1133 mea,
2199 1071 2345 1124 tenui
2384 1085 2523 1133 eum,
2562 1080 2610 1123 et
2647 1087 2751 1124 non
2783 1068 2966 1122 dimisi
3009 1065 3344 1144 eum,‘d‘onec
3377 1081 3490 1117 enm
3526 1065 3609 1118 in-

2026 1161 2239 1216 troduan'
2269 1163 2324 1216 in
2351 1160 2567 1216 domum
2616 1163 2806 1216 matris
2846 1177 2995 1220 mete.
3031 1169 3079 1213 et
3110 1161 3162 1212 in
3199 1159 3445 1212 cunctere
3491 1157 3607 1225 ejus

2023 1272 2142 1326 quo:
2167 1272 2248 1310 me
2297 1256 2550 1322 concepit.
2583 1254 2636 1307 5.
2677 1253 2935 1323 Adjuravi
2981 1271 3089 1316 vos,
3128 1252 3255 1322 lilia!
3285 1250 3604 1313 Jerusalem,

2026 1349 2081 1401 in
2114 1348 2468 1415 potestatibus
2500 1357 2549 1401 et
2581 1347 2863 1402 virtutibus
2897 1348 3031 1418 agri,
3086 1347 3132 1400 si
3164 1346 3401 1400 excitetis
3435 1354 3482 1398 et
3513 1359 3608 1397 ea:-

2026 1443 2251 1511 pergisci
2281 1443 2501 1511 faciatis
2546 1442 2882 1507 c/taritatem,
2918 1441 3080 1494 donec
3109 1440 3249 1493 velit.
3286 1437 3336 1492 6.
3378 1436 3507 1501 Quae
3534 1445 3612 1490 est

2027 1533 2133 1587 ista
2179 1550 2296 1603 qua:
2341 1533 2578 1589 ascendit
2626 1536 2684 1587 in
2730 1533 2999 1587 desertum
3045 1531 3181 1585 sicut
3217 1540 3432 1582 truncus
3480 1527 3611 1595 fumi

2027 1640 2319 1693 evaporans
2368 1625 2640 1695 myrrham
2684 1635 2731 1680 et
2767 1624 2906 1689 thus,
2936 1639 3000 1678 ex
3045 1624 3286 1678 omnibus
3315 1617 3613 1689 pulveribus

2032 1717 2385 1773 aromatorii?
2432 1717 2483 1775 7.
2518 1716 2651 1771 Ecce
2700 1716 2921 1771 lectulus
2969 1715 3305 1771 Salomonis:
3341 1713 3615 1780 sexaginta

338 1796 446 1861 Τίς
474 1798 623 1866 αὕτη
656 1802 694 1869 ἠ
727 1802 1143 1856 ἀναϐαίνουσα
1178 1803 1246 1857 ἐκ
1277 1802 1389 1872 τῆς
1413 1803 1660 1871 ἐρήμου,
1684 1803 1763 1868 ὡς
1783 1819 1919 1857 στε-

2029 1808 2188 1874 fortes
2218 1809 2362 1863 circa
2400 1824 2515 1863 eum
2544 1825 2608 1864 ex
2642 1809 2870 1879 fortibus
2903 1806 3096 1863 Israel.
3132 1808 3185 1862 8.
3221 1805 3412 1861 Omnes
3443 1813 3617 1858 tenen-

330 1890 492 1956 λέχη
534 1893 927 1961 τεθυμιαμένη
970 1896 1252 1962 σμύρναν
1297 1896 1397 1948 καὶ
1447 1897 1734 1961 λίϐανον,
1800 1895 1922 1949 ἀπὸ

335 1980 586 2034 πάντων
627 1982 950 2051 κονιορτῶν
975 1986 1289 2055 μυρεψοῦ;
1340 1986 1486 2040 Ἰδοὺ
1524 1989 1563 2054 ἡ
1600 1987 1779 2053 κλίνη
1814 1986 1924 2040 τοῦ

2027 1906 2104 1951 tes
2139 1898 2402 1968 gladium,
2437 1901 2597 1969 periti
2622 1917 2833 1972 pugnw,
2881 1901 2960 1955 vir
2990 1897 3228 1969 gladium
3258 1912 3415 1965 super
3446 1895 3615 1965 femur

2028 2005 2183 2043 suum
2208 2000 2419 2060 propter
2446 2002 2710 2060 stuporem
2739 2001 3076 2047 nocturnum.

331 2076 763 2145 Σο.ἰομῶντος;
834 2079 1134 2147 ἐξήκοντα
1177 2083 1422 2137 δυνατοὶ
1466 2084 1671 2147 κύκλῳ
1722 2081 1915 2149 αὐτῆς
1952 2083 2073 2137 άπὸ
2141 2086 2422 2142 δυνατῶν
2453 2090 2715 2157 Ἰσραήλ.
2784 2086 3016 2152 Πάντες
3056 2084 3412 2153 κατέχοντες
3463 2082 3610 2149 ῥομ’
3662 2078 3673 2087 ’

331 2183 425 2234 φα
440 2167 546 2231 ἀν,
587 2167 994 2238 δεδιδαγμένοι
1037 2172 1337 2240 πολέμων.
1400 2174 1581 2242 Ἀνὴρ
1608 2172 1913 2243 ῥομφαίαν
1949 2175 2136 2230 αὐτοῦ
2168 2177 2265 2231 ἐπὶ
2287 2179 2487 2249 μηρὸν
2510 2175 2701 2234 αὑτοῦ
2731 2177 2850 2233 ἀπὸ
2873 2176 3136 2247 θάμϐους
3167 2174 3236 2227 ἐν
3270 2171 3468 2236 νυξίν.

413 2258 579 2311 Πάλιν
607 2260 676 2312 τὰ
707 2260 926 2330 μεγάλα
954 2279 1013 2315 τε
1045 2265 1141 2317 καὶ¹
1168 2264 1349 2334 ὑψηλὰ
1377 2264 1624 2335 δόγματα
1649 2264 1799 2336 παρὰ
1829 2264 1923 2318 τοῦ

336 2347 618 2418 νᾼσματος
652 2351 759 2404 τῶν
786 2353 1050 2424 ᾀσμάτων
1093 2355 1183 2409 διὰ
1213 2356 1315 2427 τῆς
1359 2357 1642 2428 παρούσης
1680 2357 1927 2427 ἀναγνώ-

333 2457 475 2504 σεως
508 2442 896 2514 παιδευόμεθα.
937 2446 1232 2516 Φιλοσοφία
1272 2448 1384 2519 γάρ
1424 2451 1539 2502 ἐστι
1572 2450 1633 2502 τὸ
1656 2450 1756 2519 τῆς
1790 2448 1926 2520 νύμ-

330 2549 449 2602 φης
493 2534 771 2606 διήγημα,
824 2535 891 2588 δι’
917 2529 993 2590 ὧν
1034 2538 1103 2592 τὰ
1146 2540 1275 2610 περὶ
1322 2541 1522 2611 ἑαυτῆς
1567 2539 1922 2611 διεξέρχεται,

331 2624 487 2685 ὅπως
506 2626 612 2697 χρὴ
638 2627 762 2697 περὶ
783 2626 844 2679 τὸ
874 2627 1028 2681 θεῖον
1053 2627 1196 2698 ἔχειν
1227 2632 1352 2694 τοὺς
1376 2632 1609 2702 ἐραστὰς
1636 2631 1730 2685 τοῦ
1759 2633 1927 2700 ὑπερ-

330 2716 569 2786 κοσμίου
603 2718 831 2782 κάλλους
876 2719 1332 2791 δογματιζούσης.
1396 2723 1460 2776 Ὃ
1491 2722 1547 2776 δὲ
1582 2723 1925 2794 μανθάνομεν

328 2809 427 2862 διὰ
457 2809 565 2863 τῶν
591 2813 970 2883 προκειμένων
995 2814 1194 2883 λογίων
1216 2814 1456 2868 τοιοῦτόν
1478 2817 1615 2869 ἐστι.
1648 2817 1767 2886 Χρὴ
1794 2818 1919 2886 γὰρ,

330 2900 512 2973 οἶμαι,
548 2904 912 2975 προεκθέσθαι
944 2906 1211 2978 πρότερον
1240 2907 1341 2979 τὴν
1370 2909 1485 2970 τοῖς
1526 2910 1709 2978 ῥητοῖς
1741 2910 1924 2976 ἐγκει-

334 2992 512 3064 μένην
537 2994 807 3048 διάνοιαν·
846 2992 946 3049 εἷθ’
975 2997 1150 3060 οὕτως
1187 2997 1501 3069 ἐφαρμόσαι
1543 2999 1656 3061 τοῖς
1686 2997 1926 3069 προθεω-

2097 2265 2312 2325 Rursus
2374 2284 2570 2340 magna
2629 2277 2684 2323 et
2735 2269 2951 2324 excelsa
2998 2269 3255 2337 dogmata
3302 2279 3331 2317 a
3385 2260 3613 2318 Cantico

2030 2357 2372 2414 canticorum
2404 2375 2500 2429 per
2540 2360 2683 2415 hanc
2713 2359 2975 2414 docemur
3016 2357 3326 2412 lectionem.
3366 2354 3615 2409 Philoso-

2033 2447 2157 2515 phia
2189 2449 2335 2504 enim
2377 2458 2461 2506 est
2500 2466 2719 2518 sponsas
2762 2451 3008 2505 narratio
3060 2465 3155 2518 per
3189 2464 3253 2504 ea
3291 2464 3411 2517 quae
3446 2448 3513 2501 de
3556 2462 3615 2502 se

2032 2548 2304 2607 recenset,
2369 2543 2659 2598 statuendo
2710 2542 3173 2613 quemadmodum
3233 2542 3287 2594 in
3336 2539 3505 2593 Deum
3555 2553 3615 2594 se

2029 2645 2221 2699 gerere
2266 2640 2519 2701 oporteat
2551 2642 2827 2689 amatores
2854 2632 3318 2703 supramundanm
3364 2629 3610 2700 pulchri-

2035 2721 2262 2777 tudinis.
2294 2722 2448 2788 Quod
2475 2732 2656 2779 autem
2689 2725 2958 2779 discimus
2987 2737 3084 2791 per
3113 2737 3175 2776 ea
3204 2736 3323 2791 qua:
3339 2730 3468 2774 sunt
3488 2733 3615 2790 pro-

2033 2814 2235 2884 posita,
2274 2831 2446 2885 prope
2478 2823 2564 2871 est
2612 2813 2906 2884 ejusmodi.
2954 2812 3182 2883 Oportet
3214 2813 3384 2874 enim,
3437 2818 3496 2866 ut
3525 2826 3614 2864 ar-

2034 2908 2229 2970 bitror,
2264 2908 2416 2977 prius
2450 2923 2725 2978 exponere
2750 2922 2973 2962 sensum
3000 2905 3091 2975 qui
3127 2904 3270 2958 inest
3309 2905 3359 2955 in
3397 2902 3610 2958 verbis:

2032 2999 2231 3054 deinde
2272 3000 2438 3055 verba
2472 3000 2740 3056 divinitus
2789 2999 3057 3069 inspirata
3091 2995 3511 3052 accommodare
3545 2996 3613 3051 iis

333 3085 554 3155 ρηθεῖσι
581 3102 650 3138 τα
678 3085 1015 3141 θεόπνευστα
1053 3089 1293 3158 ῥήματα.
1350 3088 1506 3140 Ἔστι
1532 3088 1731 3153 τοίνυν,
1763 3088 1839 3151 ὡς
1863 3090 1921 3142 ὲν

2029 3107 2147 3161 quae
2178 3099 2308 3147 sunt
2359 3090 2514 3161 prius
2561 3091 2934 3147 considerata.
2990 3091 3087 3146 Est
3115 3105 3268 3160 ergo,
3318 3099 3377 3142 ut
3423 3088 3614 3159 paucis

330 3175 505 3246 ὀλίγῳ
549 3176 837 3231 συνελόντα
878 3177 1103 3249 φράσαι,
1132 3176 1375 3233 τοιοῦτόν
1419 3197 1468 3232 τι
1496 3179 1671 3249 δόγμα
1703 3178 1791 3232 διὰ
1817 3178 1925 3232 τῶν

330 3265 643 3335 εἰρημένων
682 3268 1143 3338 ἀναφαινόμενον
1183 3271 1316 3339 Διχῇ
1347 3268 1617 3339 τέτμηται
1657 3271 1798 3324 κατὰ
1829 3270 1926 3341 τὴν

331 3359 602 3411 ἀνωτάτω
636 3358 958 3429 διαίρεσινὴ
989 3358 1096 3410 τῶν
1133 3356 1303 3411 ὄντων
1336 3358 1520 3427 φύσις.
1571 3361 1643 3414 Τὸ
1686 3362 1784 3431 μὲν
1816 3363 1925 3433 γάρ

333 3451 489 3502 ἐστιν
524 3449 779 3519 αἰσθητὸν
812 3452 906 3504 καὶ
939 3450 1139 3513 ὑλῶδες
1162 3466 1175 3479 ’
1224 3450 1287 3503 τὸ
1318 3451 1374 3503 δὲ
1397 3452 1586 3522 νοητὸν
1617 3453 1711 3505 καὶ
1742 3452 1921 3508 ᾶῦλον.

330 3540 607 3610 Atelli;th
641 3542 739 3612 μὲν
780 3538 871 3596 οὖν
906 3540 1158 3611 λέγομεν,
1184 3543 1307 3595 ὅσον
1348 3546 1416 3615 τῇ
1463 3544 1716 3615 αἰσθήσει
1751 3561 1924 3597 κατα-

328 3630 685 3703 λαμϐάνομεν
711 3649 725 3663 ·
775 3634 963 3706 νοητὸν
988 3634 1044 3687 δὲ
1085 3634 1145 3686 τὸ
1180 3634 1523 3706 ὑπερπίπτον
1550 3635 1651 3706 τὴν
1680 3635 1927 3705 αἰσθητι-

334 3724 447 3794 κὴν
500 3725 852 3796 κατανόησιν·
905 3726 969 3780 ὲκ
1002 3726 1207 3781 τούτων
1238 3727 1300 3780 τὸ
1349 3727 1449 3797 μὲν
1478 3726 1667 3797 νοητὸν
1700 3725 1925 3793 ἀπειρόν

333 3820 461 3871 ἐστι
488 3818 581 3871 καὶ
611 3818 862 3889 ἀόριστον
885 3838 899 3850 ·
930 3820 989 3873 τὸ
1016 3820 1074 3874 δὲ
1092 3820 1291 3891 κὲτερον
1314 3820 1534 3872 πάντων
1566 3819 1674 3870 τισὶ
1695 3818 1923 3887 διαλαμ-

331 3910 563 3962 ϐάνεται
606 3912 828 3980 πέρασι.
880 3912 1071 3983 Πάσης
1115 3911 1225 3983 γὰρ
1273 3911 1407 3983 ὕλης
1444 3911 1522 3981 τῷ
1559 3909 1711 3980 ποσῷ
1739 3927 1799 3962 τε
1833 3910 1926 3962 καὶ⁹

329 4001 418 4070 τῷ
449 4001 586 4072 ποιῷ
615 4002 1037 4075 διειλημμένης,
1089 4005 1148 4057 ὲν
1180 4004 1329 4074 ὄγκῳ
1360 4005 1452 4056 καὶ
1496 4002 1626 4054 εἴδει
1668 4002 1762 4055 καὶ
1806 4003 1926 4053 ἐπι-

331 4095 539 4166 φανείᾳ
576 4097 668 4149 καὶ
710 4100 948 4167 σχήματι
1003 4096 1176 4168 πέρας
1201 4097 1407 4166 γίνεται
1452 4094 1552 4165 τῆς
1584 4094 1710 4164 περὶ
1755 4092 1924 4164 αὐτὴν

329 4188 723 4259 κατανοήσεως
764 4190 833 4242 τά
880 4189 1004 4258 περὶ
1047 4188 1217 4259 αὐτὴν
1260 4187 1640 4258 θεωρούμενα,
1695 4186 1770 4249 ὡς
1817 4204 1923 4256 μη·-

328 4279 427 4332 δὲν
470 4278 615 4349 ἔχειν
657 4280 746 4334 τὸν
793 4281 895 4351 τὴν
940 4279 1070 4350 ὕλην
1104 4279 1548 4351 διερευνώμενον,
1588 4276 1692 4343 ἔξω
1722 4276 1924 4329 τούτων

331 4374 400 4424 ὲν
431 4372 703 4441 φαντασίᾳ.
746 4371 948 4426 λαϐεῖν.
1007 4373 1080 4425 Τὸ
1112 4371 1168 4425 δὲ
1199 4371 1388 4443 νοητόν
1420 4387 1480 4423 τε
1507 4370 1600 4423 καὶ
1636 4367 1795 4421 ἄῦλον
1825 4368 1924 4437 τῆς

2029 3182 2231 3250 dicam,
2271 3181 2590 3252 hujusmodi
2634 3182 2833 3253 dogma
2868 3197 2967 3252 per
3014 3196 3078 3237 ea
3115 3196 3234 3251 qua:
3269 3181 3414 3234 dicta
3449 3189 3613 3236 sunt:

2029 3272 2288 3328 Bilariam
2320 3272 2585 3327 dividitur
2613 3286 2799 3326 rerum
2840 3281 3153 3327 creatarum
3189 3279 3385 3324 natura
3418 3286 3484 3324 ex
3518 3285 3615 3323 διιο-

2028 3376 2216 3432 prema
2249 3362 2541 3417 divisione.
2575 3359 2710 3415 Nam
2745 3361 2891 3415 aliud
2929 3361 3152 3431 quidem
3195 3368 3281 3416 est
3327 3360 3529 3416 sensile
3561 3369 3615 3414 et

2031 3452 2348 3507 utateriale:
2388 3452 2538 3508 aliud
2572 3461 2754 3506 autem
2790 3452 2940 3521 quod
2975 3452 3335 3522 intelligentia
3379 3451 3610 3522 percipi-

2028 3553 2139 3609 tur,
2172 3552 2229 3597 et
2266 3550 2350 3598 est
2383 3559 2581 3613 expers
2629 3544 2898 3597 materiai.
2954 3545 3134 3612 Atque
3163 3543 3364 3598 sensile
3393 3542 3611 3611 quidem

2028 3637 2263 3691 dicimus
2291 3636 2561 3706 quidquid
2591 3650 2756 3691 sensu
2788 3634 3296 3705 comprehenditur.
3332 3634 3489 3701 Quod
3533 3636 3616 3688 in-

2027 3726 2325 3795 telligentia
2364 3733 2546 3780 autem
2590 3726 2909 3795 percipitur,
2966 3726 3020 3779 id
3055 3726 3201 3796 quod
3251 3740 3471 3780 onmem
3512 3742 3609 3780 su-

2029 3822 2180 3882 perat
2203 3826 2403 3868 sensus
2426 3813 2997 3883 comprehensionem,
3024 3829 3125 3868 nec
3154 3813 3279 3867 ullis
3301 3814 3617 3868 continetur

2029 3904 2251 3959 ﬁnibus.
2282 3903 2416 3957 Nam
2449 3919 2574 3958 cum
2603 3903 2786 3960 omnis
2821 3904 3046 3958 materia
3079 3918 3109 3957 a
3144 3913 3350 3974 quanto
3376 3912 3428 3959 et
3462 3906 3611 3974 quali

2028 3997 2097 4050 sit
2118 3980 2537 4065 comprehensa,
2561 3994 2726 4049 unius
2750 4002 2832 4050 est
2859 3994 3056 4050 mentis
3080 3993 3610 4063 comprehensionis,

2027 4102 2088 4141 ea
2112 4102 2231 4156 qua:
2254 4097 2381 4140 sunt
2405 4086 2460 4140 in
2489 4085 2607 4154 ipsa
2634 4082 3060 4149 considerantis,
3088 4084 3213 4138 linis
3231 4084 3284 4136 in
3303 4082 3543 4151 pondere
3558 4090 3614 4136 et

2029 4179 2203 4233 fonna
2235 4187 2289 4232 et
2335 4176 2627 4248 superﬁcie
2652 4183 2705 4230 et
2743 4176 2913 4247 ﬁgura
2941 4193 2953 4228 :
2998 4173 3133 4228 adeo
3165 4182 3224 4229 ut
3252 4175 3347 4244 qui
3397 4184 3615 4230 scruta-

2029 4281 2118 4325 tur
2156 4270 2467 4334 materiam,
2504 4268 2640 4321 nihil
2685 4266 2863 4336 possit
2886 4275 3043 4321 extra
3091 4266 3207 4320 base
3254 4266 3613 4336 comprehen—

2029 4361 2158 4416 dere
2183 4362 2237 4414 in
2272 4360 2589 4430 phantasia;
2624 4357 2679 4412 id
2712 4368 2894 4413 autem
2931 4356 3079 4427 quod
3117 4357 3419 4427 percipitur
3450 4358 3612 4413 intel-

329 4435 591 4532 τοιαύτης
620 4435 881 4534 περιοχῆς
911 4462 1215 4535 καθαρεῦον
1245 4435 1500 4530 ἐκφεύγει
1534 4460 1626 4513 τὸν
1664 4462 1789 4528 ὅρον
1810 4499 1823 4522 ,
1863 4435 1922 4511 ἕν

2029 4453 2271 4523 ligentia,
2313 4461 2368 4506 et
2412 4458 2497 4506 est
2530 4464 2728 4519 expers
2772 4451 3039 4512 materiae,
3091 4464 3288 4518 purum
3342 4450 3410 4504 ab
3460 4451 3608 4504 onmi

332 4556 517 4609 οὐδενὶ
553 4556 979 4626 περατούμενον.
1035 4555 1206 4608 Πάλιν
1234 4554 1292 4606 δὲ
1328 4554 1422 4606 καὶ
1451 4554 1550 4623 τῆς
1577 4552 1775 4622 νοητῆς
1823 4550 1926 4619 φύ-

333 4663 481 4710 σεως
517 4646 880 4720 διῃρημένης.
907 4648 939 4717 ἡ
977 4647 1072 4716 μὲν
1095 4646 1348 4709 ἄκτιστός
1381 4646 1516 4708 ἐστι,
1543 4642 1638 4696 καὶ
1673 4640 1940 4711 ποιητικὴ·

328 4738 451 4791 τῶν
481 4738 669 4800 ὄντων,
703 4738 790 4791 ἀεὶ
816 4734 952 4791 οὖσα
977 4738 1115 4807 ὅπερ
1149 4734 1266 4788 ἐστί
1293 4750 1306 4763 ’
1351 4736 1445 4787 καὶ
1484 4733 1712 4787 πάντοτε
1751 4731 1928 4784 ὡσαύ-

328 4846 448 4892 τως
485 4829 701 4900 ἔχουσα,
735 4830 999 4900 κρείττων
1027 4844 1087 4880 τε
1120 4825 1436 4897 προσθήκης
1470 4825 1690 4896 ἁπάσης
1713 4825 1805 4878 καὶ
1826 4826 1927 4895 τῆς

330 4922 710 4985 ἐλαττώσεως,
739 4923 850 4974 τῶν
872 4921 1094 4990 ἀγαθῶν
1128 4920 1476 4983 ἀνεπίδεκτος
1494 4936 1507 4949 ·
1541 4921 1573 4989 ἡ
1606 4919 1665 4971 δὲ
1693 4917 1783 4971 διὰ
1807 4918 1921 4971 κτί-

333 5031 478 5075 σεως
503 5013 842 5086 παραχθεῖσα
891 5014 947 5076 ἐς
990 5013 1202 5081 γένεσιν
1245 5012 1383 5082 πρὸς
1413 5010 1476 5064 τὸ
1506 5010 1722 5081 πρῶτον
1749 5010 1920 5062 αἴτιον

329 5105 428 5157 ἀεὶ
464 5103 683 5172 βλέπει,
733 5105 826 5156 καὶ
862 5106 929 5174 τῇ
980 5102 1242 5173 μετουσίᾳ
1283 5101 1377 5155 τοῦ
1418 5100 1762 5171 περιέχοντος
1802 5100 1919 5152 δια-

330 5195 538 5258 παντὸς
580 5196 638 5247 ὲν
684 5195 761 5265 τῷ
795 5194 983 5264 ἀγαθῷ
1025 5187 1403 5264 συντηρεῖται,
1458 5193 1552 5245 καὶ
1578 5192 1776 5261 τρόπον
1802 5190 1922 5243 τινὰ

331 5286 573 5339 πάντοτε
610 5287 871 5350 κτίζεται,
920 5286 1010 5338 διὰ
1040 5287 1139 5355 τῆς
1182 5289 1238 5337 ὲν
1286 5288 1395 5347 τοῖς
1427 5284 1650 5352 ἀγαθοῖς
1682 5283 1921 5352 ἐπαυξῆ-

334 5394 480 5439 σεως
520 5377 654 5446 πρὸς
683 5375 742 5427 τὸ
771 5376 953 5445 μεῖζον
980 5376 1356 5445 ἁλλοιουμένη,
1396 5374 1470 5437 ὡς
1505 5374 1635 5443 μηδὲ
1665 5372 1833 5441 ταύτῃ
1869 5390 1928 5423 τι»

330 5468 514 5538 ςτέρας
534 5467 936 5537 ὲνθεωρείσθαι,
964 5469 1098 5539 μηδὲ
1118 5470 1228 5539 ὅρῳ
1255 5468 1360 5520 τινὶ
1382 5467 1479 5537 τὴν
1506 5467 1643 5537 πρὸς
1660 5469 1720 5518 τὸ
1750 5469 1924 5536 κρεῖτ-

330 5574 431 5615 τον
462 5558 686 5629 αὔξησιν
719 5559 889 5628 αὐτῆς
936 5559 1373 5631 περιγράφεσθαι
1396 5576 1409 5589 '
1453 5559 1567 5610 ἀλλ’
1605 5554 1744 5610 εἶναι
1782 5558 1921 5611 πάν-

332 5666 463 5702 τοτε
484 5649 574 5701 ἀεὶ
613 5649 673 5701 τὸ
704 5650 876 5720 παρὸν
905 5650 1128 5717 ἀγαθὸν,
1176 5649 1279 5702 κᾶν
1306 5650 1386 5702 ὅτι
1428 5647 1656 5718 μάλιστα
1686 5646 1826 5716 μέγα
1860 5662 1919 5698 τε

339 5743 440 5794 καὶ
472 5740 676 5794 τέλειον
705 5736 843 5794 εἶναι
874 5741 1038 5803 δοκεῖ,
1073 5740 1244 5812 ἀρχὴν
1274 5739 1367 5792 τοῦ
1399 5738 1798 5809 ὑπερκειμένου
1827 5737 1921 5791 καὶ

2025 4543 2296 4615 ejusmodi
2345 4540 2862 4610 comprehensione,
2931 4540 3119 4611 eﬂ'ugit
3175 4540 3490 4605 terminum,
3552 4550 3612 4595 ut

2025 4637 2170 4707 quod
2204 4636 2261 4689 in
2286 4634 2438 4688 nullo
2467 4634 2710 4687 ﬁniatur.
2751 4631 2965 4687 Rursus
2998 4640 3182 4687 autem
3207 4646 3329 4686 cum
3367 4648 3489 4701 quae
3526 4632 3613 4685 in-

2025 4728 2329 4798 telligentia
2378 4724 2681 4797 percipitur
2719 4732 2937 4786 natura,
2989 4723 3243 4779 bifariam
3294 4724 3366 4779 sit
3411 4723 3603 4785 divisa,

2025 4821 2130 4874 alia
2162 4818 2381 4888 quidem
2414 4825 2497 4872 est
2525 4816 2793 4881 increata,
2825 4824 2880 4869 et
2906 4829 3096 4869 eorum
3137 4829 3258 4885 quae
3295 4823 3424 4870 sunt
3452 4829 3609 4867 erea-

2030 4913 2159 4976 trix,
2215 4917 2271 4964 et
2315 4924 2438 4979 quae
2471 4923 2685 4978 semper
2717 4914 2802 4962 est
2852 4905 2904 4960 id
2951 4906 3094 4976 quod
3131 4914 3252 4962 est:
3308 4913 3369 4961 et
3393 4921 3609 4977 semper

2029 5004 2283 5061 similiter
2330 5010 2384 5057 et
2418 5000 2612 5056 eodem
2648 4999 2812 5053 modo
2857 5013 2918 5054 se
2960 4998 3147 5063 habet,
3194 5007 3243 5053 et
3287 4999 3480 5067 quavis
3510 4999 3608 5050 ad-

2028 5097 2240 5151 ditione
2267 5100 2322 5147 et
2341 5090 2711 5147 diminutione
2746 5097 2831 5145 est
2858 5090 3130 5159 superior,
3171 5104 3267 5142 nec
3296 5088 3437 5141 bona
3465 5088 3607 5142 valet

2028 5189 2306 5258 accipere:
2344 5187 2451 5239 alia
2483 5193 2667 5239 autem
2719 5197 2842 5253 qua:
2878 5196 2976 5251 per
3002 5180 3333 5235 creationem
3372 5177 3604 5230 deducta

2028 5284 2093 5336 ad
2128 5278 2559 5351 generationem,
2588 5289 2805 5344 semper
2831 5272 3029 5341 aspicit
3053 5269 3120 5324 ad
3154 5269 3383 5339 primam
3414 5282 3601 5321 eorum

2028 5390 2149 5444 quae
2180 5378 2309 5428 sunt
2340 5384 2587 5433 causam,
2641 5373 2697 5422 et
2727 5362 3143 5436 participatione
3176 5361 3297 5428 ejus
3330 5359 3475 5428 quod
3511 5374 3605 5411 su-

2029 5462 2330 5535 pereminet
2356 5474 2573 5529 semper
2594 5463 2954 5512 conservatur
2981 5454 3033 5506 in
3057 5452 3224 5514 bono,
3255 5458 3308 5504 et
3337 5449 3599 5519 quodam-

2028 5556 2191 5610 modo
2236 5559 2478 5617 creatur,
2523 5565 2620 5620 per
2659 5549 3057 5602 incrementum
3091 5541 3145 5596 in
3203 5541 3361 5595 bonis
3394 5548 3602 5593 mutata

2027 5648 2092 5700 ad
2124 5645 2175 5698 id
2211 5642 2355 5714 quod
2388 5650 2473 5697 est
2514 5639 2716 5708 majus,
2766 5636 2902 5690 adeo
2948 5642 3006 5688 ut
3046 5649 3112 5687 ne
3144 5632 3195 5686 in
3248 5632 3349 5686 hac
3380 5633 3601 5702 quidem

2029 5735 2410 5792 consideretur
2443 5730 2593 5796 linis,
2620 5742 2798 5798 neque
2835 5724 2947 5780 ullo
2981 5723 3214 5781 termino
3250 5721 3601 5778 circumscri-
