  <div class='ocr_page' id='page_1' title='image "/cluster/home/n/w/nwhite01/storage/ocr_20150623/44:no.1/coo.31924054869445/451.png"; bbox 0 0 3866 6416; ppageno 0'>
   <div class='ocr_carea' id='block_1_1' title="bbox 386 288 492 349">
    <p class='ocr_par' dir='ltr' id='par_1_1' title="bbox 386 288 492 349">
     <span class='ocr_line' id='line_1_1' title="bbox 386 288 492 349; baseline 0 0"><span class='ocrx_word' id='word_1_1' title='bbox 386 288 492 349; x_wconf 75' lang='grc'><strong>887</strong></span> 
     </span>
    </p>
   </div>
   <div class='ocr_carea' id='block_1_2' title="bbox 1628 309 2373 370">
    <p class='ocr_par' dir='ltr' id='par_1_2' title="bbox 1628 309 2373 370">
     <span class='ocr_line' id='line_1_2' title="bbox 1628 309 2373 370; baseline 0.007 -7"><span class='ocrx_word' id='word_1_2' title='bbox 1628 309 1684 363; x_wconf 92' lang='lat' dir='ltr'><strong>S.</strong></span> <span class='ocrx_word' id='word_1_3' title='bbox 1722 311 2051 370; x_wconf 78' lang='lat' dir='ltr'><strong>GREGORil</strong></span> <span class='ocrx_word' id='word_1_4' title='bbox 2085 314 2373 370; x_wconf 76' lang='lat' dir='ltr'><strong>NYSSENI</strong></span> 
     </span>
    </p>
   </div>
   <div class='ocr_carea' id='block_1_3' title="bbox 3554 318 3669 376">
    <p class='ocr_par' dir='ltr' id='par_1_3' title="bbox 3554 318 3669 376">
     <span class='ocr_line' id='line_1_3' title="bbox 3554 318 3669 376; baseline 0.009 -1"><span class='ocrx_word' id='word_1_5' title='bbox 3554 318 3669 376; x_wconf 78' lang='lat'><strong>833</strong></span> 
     </span>
    </p>
   </div>
   <div class='ocr_carea' id='block_1_4' title="bbox 392 414 1983 516">
    <p class='ocr_par' dir='ltr' id='par_1_4' title="bbox 392 414 1964 496">
     <span class='ocr_line' id='line_1_4' title="bbox 392 414 1964 496; baseline 0.015 -29"><span class='ocrx_word' id='word_1_6' title='bbox 392 414 545 470; x_wconf 84' lang='lat' dir='ltr'><strong>batur</strong></span> <span class='ocrx_word' id='word_1_7' title='bbox 571 415 694 488; x_wconf 84' lang='lat' dir='ltr'><strong>ejus</strong></span> <span class='ocrx_word' id='word_1_8' title='bbox 719 419 1118 478; x_wconf 76' lang='lat' dir='ltr'><strong>incrementum</strong></span> <span class='ocrx_word' id='word_1_9' title='bbox 1147 424 1213 479; x_wconf 89' lang='lat' dir='ltr'><strong>ad</strong></span> <span class='ocrx_word' id='word_1_10' title='bbox 1244 424 1295 479; x_wconf 90' lang='lat' dir='ltr'><strong>id</strong></span> <span class='ocrx_word' id='word_1_11' title='bbox 1318 428 1460 496; x_wconf 78' lang='lat' dir='ltr'><strong>quod</strong></span> <span class='ocrx_word' id='word_1_12' title='bbox 1485 436 1570 485; x_wconf 92' lang='lat' dir='ltr'><strong>est</strong></span> <span class='ocrx_word' id='word_1_13' title='bbox 1602 433 1836 490; x_wconf 90' lang='lat' dir='ltr'><strong>melius:</strong></span> <span class='ocrx_word' id='word_1_14' title='bbox 1870 434 1964 492; x_wconf 88' lang='lat' dir='ltr'><strong>sed</strong></span> 
     </span>
    </p>
   </div>
   <div class='ocr_carea' id='block_1_5' title="bbox 2088 414 3669 516">
    <p class='ocr_par' dir='ltr' id='par_1_5' title="bbox 2088 433 3669 513">
     <span class='ocr_line' id='line_1_5' title="bbox 2088 433 3669 513; baseline 0.004 -24"><span class='ocrx_word' id='word_1_15' title='bbox 2088 437 2317 501; x_wconf 75' lang='grc' dir='ltr'>ιείζονος</span> <span class='ocrx_word' id='word_1_16' title='bbox 2335 452 2349 467; x_wconf 77' lang='grc' dir='ltr'><strong><em>ο</em></strong></span> <span class='ocrx_word' id='word_1_17' title='bbox 2385 437 2461 501; x_wconf 80' lang='grc' dir='ltr'>ὡς</span> <span class='ocrx_word' id='word_1_18' title='bbox 2483 438 2576 492; x_wconf 78' lang='grc' dir='ltr'><strong>καὶ</strong></span> <span class='ocrx_word' id='word_1_19' title='bbox 2590 433 2661 493; x_wconf 65' lang='grc' dir='ltr'>ὶν</span> <span class='ocrx_word' id='word_1_20' title='bbox 2692 437 2864 507; x_wconf 70' lang='grc' dir='ltr'>τούτῳ</span> <span class='ocrx_word' id='word_1_21' title='bbox 2886 436 2978 491; x_wconf 82' lang='grc' dir='ltr'><strong>τὸν</strong></span> <span class='ocrx_word' id='word_1_22' title='bbox 3008 437 3365 493; x_wconf 81' lang='grc' dir='ltr'>άποστολικόν</span> <span class='ocrx_word' id='word_1_23' title='bbox 3391 441 3669 513; x_wconf 69' lang='grc' dir='ltr'>ἀληθεύε-</span> 
     </span>
    </p>
   </div>
   <div class='ocr_carea' id='block_1_6' title="bbox 386 513 1983 598">
    <p class='ocr_par' dir='ltr' id='par_1_6' title="bbox 386 513 1971 586">
     <span class='ocr_line' id='line_1_6' title="bbox 386 513 1971 586; baseline 0.014 -23"><span class='ocrx_word' id='word_1_24' title='bbox 386 513 458 563; x_wconf 73' lang='lat' dir='ltr'><strong>sit</strong></span> <span class='ocrx_word' id='word_1_25' title='bbox 490 523 711 580; x_wconf 79' lang='lat' dir='ltr'><strong>semper</strong></span> <span class='ocrx_word' id='word_1_26' title='bbox 748 513 896 582; x_wconf 90' lang='lat' dir='ltr'><strong>quod</strong></span> <span class='ocrx_word' id='word_1_27' title='bbox 927 530 1168 584; x_wconf 75' lang='lat' dir='ltr'><strong>praesens</strong></span> <span class='ocrx_word' id='word_1_28' title='bbox 1203 523 1287 572; x_wconf 90' lang='lat' dir='ltr'><strong>est</strong></span> <span class='ocrx_word' id='word_1_29' title='bbox 1325 518 1555 586; x_wconf 89' lang='lat' dir='ltr'><strong>bonum,</strong></span> <span class='ocrx_word' id='word_1_30' title='bbox 1596 523 1698 579; x_wconf 88' lang='lat' dir='ltr'><strong>etsi</strong></span> <span class='ocrx_word' id='word_1_31' title='bbox 1734 527 1971 585; x_wconf 79' lang='lat' dir='ltr'><strong>maxime</strong></span> 
     </span>
    </p>
   </div>
   <div class='ocr_carea' id='block_1_7' title="bbox 2088 513 3673 598">
    <p class='ocr_par' dir='ltr' id='par_1_7' title="bbox 2088 526 3673 598">
     <span class='ocr_line' id='line_1_7' title="bbox 2088 526 3673 598; baseline 0.006 -19"><span class='ocrx_word' id='word_1_32' title='bbox 2088 527 2201 581; x_wconf 68' lang='lat' dir='ltr'><strong>sliat</strong></span> <span class='ocrx_word' id='word_1_33' title='bbox 2238 526 2414 595; x_wconf 73' lang='grc' dir='ltr'>λόγον,</span> <span class='ocrx_word' id='word_1_34' title='bbox 2460 526 2550 581; x_wconf 68' lang='grc' dir='ltr'>διὰ</span> <span class='ocrx_word' id='word_1_35' title='bbox 2577 528 2675 598; x_wconf 85' lang='grc' dir='ltr'>τῆς</span> <span class='ocrx_word' id='word_1_36' title='bbox 2713 528 2820 581; x_wconf 84' lang='grc' dir='ltr'><strong>τῶν</strong></span> <span class='ocrx_word' id='word_1_37' title='bbox 2848 528 3157 598; x_wconf 77' lang='grc' dir='ltr'>ἔμπροσθεν</span> <span class='ocrx_word' id='word_1_38' title='bbox 3198 530 3575 597; x_wconf 73' lang='grc' dir='ltr'>ἐπεκτάσεως,</span> <span class='ocrx_word' id='word_1_39' title='bbox 3610 535 3673 589; x_wconf 82' lang='grc' dir='ltr'>ἐν</span> 
     </span>
    </p>
   </div>
   <div class='ocr_carea' id='block_1_8' title="bbox 384 597 1967 687">
    <p class='ocr_par' dir='ltr' id='par_1_8' title="bbox 384 597 1967 687">
     <span class='ocr_line' id='line_1_8' title="bbox 384 597 1967 687; baseline 0.016 -39"><span class='ocrx_word' id='word_1_40' title='bbox 384 597 642 656; x_wconf 81' lang='lat' dir='ltr'><strong>videatur</strong></span> <span class='ocrx_word' id='word_1_41' title='bbox 675 618 800 658; x_wconf 91' lang='lat' dir='ltr'><strong>esse</strong></span> <span class='ocrx_word' id='word_1_42' title='bbox 854 621 1113 677; x_wconf 78' lang='lat' dir='ltr'><strong>magnum</strong></span> <span class='ocrx_word' id='word_1_43' title='bbox 1163 617 1218 664; x_wconf 89' lang='lat' dir='ltr'><strong>et</strong></span> <span class='ocrx_word' id='word_1_44' title='bbox 1261 612 1595 681; x_wconf 70' lang='lat' dir='ltr'><strong>praestabile,</strong></span> <span class='ocrx_word' id='word_1_45' title='bbox 1637 617 1967 687; x_wconf 88' lang='lat' dir='ltr'><strong>principium</strong></span> 
     </span>
    </p>
   </div>
   <div class='ocr_carea' id='block_1_9' title="bbox 384 693 1966 777">
    <p class='ocr_par' dir='ltr' id='par_1_9' title="bbox 384 693 1966 777">
     <span class='ocr_line' id='line_1_9' title="bbox 384 693 1966 777; baseline 0.011 -29"><span class='ocrx_word' id='word_1_46' title='bbox 384 693 506 765; x_wconf 77' lang='lat' dir='ltr'><strong>ejus</strong></span> <span class='ocrx_word' id='word_1_47' title='bbox 540 698 685 766; x_wconf 90' lang='lat' dir='ltr'><strong>quod</strong></span> <span class='ocrx_word' id='word_1_48' title='bbox 736 703 1127 770; x_wconf 84' lang='lat' dir='ltr'><strong>supereminet,</strong></span> <span class='ocrx_word' id='word_1_49' title='bbox 1159 712 1214 760; x_wconf 88' lang='lat' dir='ltr'><strong>et</strong></span> <span class='ocrx_word' id='word_1_50' title='bbox 1256 716 1342 760; x_wconf 89' lang='lat' dir='ltr'><strong>est</strong></span> <span class='ocrx_word' id='word_1_51' title='bbox 1371 707 1549 777; x_wconf 79' lang='lat' dir='ltr'><strong>majus</strong></span> <span class='ocrx_word' id='word_1_52' title='bbox 1577 727 1589 762; x_wconf 88' lang='lat'><strong>:</strong></span> <span class='ocrx_word' id='word_1_53' title='bbox 1638 710 1775 764; x_wconf 85' lang='lat' dir='ltr'><strong>adeo</strong></span> <span class='ocrx_word' id='word_1_54' title='bbox 1809 719 1867 766; x_wconf 90' lang='lat' dir='ltr'><strong>ut</strong></span> <span class='ocrx_word' id='word_1_55' title='bbox 1911 713 1966 766; x_wconf 91' lang='lat' dir='ltr'><strong>in</strong></span> 
     </span>
    </p>
   </div>
   <div class='ocr_carea' id='block_1_10' title="bbox 386 786 1966 871">
    <p class='ocr_par' dir='ltr' id='par_1_10' title="bbox 386 786 1966 871">
     <span class='ocr_line' id='line_1_10' title="bbox 386 786 1966 871; baseline 0.01 -30"><span class='ocrx_word' id='word_1_56' title='bbox 386 786 488 841; x_wconf 78' lang='lat' dir='ltr'><strong>hoc</strong></span> <span class='ocrx_word' id='word_1_57' title='bbox 517 804 703 845; x_wconf 91' lang='lat' dir='ltr'><strong>verum</strong></span> <span class='ocrx_word' id='word_1_58' title='bbox 754 792 826 848; x_wconf 89' lang='lat' dir='ltr'><strong>sit</strong></span> <span class='ocrx_word' id='word_1_59' title='bbox 856 795 1001 864; x_wconf 88' lang='lat' dir='ltr'><strong>quod</strong></span> <span class='ocrx_word' id='word_1_60' title='bbox 1036 795 1171 851; x_wconf 92' lang='lat' dir='ltr'><strong>dicit</strong></span> <span class='ocrx_word' id='word_1_61' title='bbox 1204 798 1505 868; x_wconf 75' lang='lat' dir='ltr'><strong>Apostolus</strong></span> <span class='ocrx_word' id='word_1_62' title='bbox 1532 801 1596 866; x_wconf 83' lang='lat'><strong>“,</strong></span> <span class='ocrx_word' id='word_1_63' title='bbox 1633 817 1730 871; x_wconf 85' lang='lat' dir='ltr'><strong>per</strong></span> <span class='ocrx_word' id='word_1_64' title='bbox 1771 812 1966 858; x_wconf 78' lang='lat' dir='ltr'><strong>exten-</strong></span> 
     </span>
    </p>
   </div>
   <div class='ocr_carea' id='block_1_11' title="bbox 385 880 1969 964">
    <p class='ocr_par' dir='ltr' id='par_1_11' title="bbox 385 880 1969 964">
     <span class='ocr_line' id='line_1_11' title="bbox 385 880 1969 964; baseline 0.011 -31"><span class='ocrx_word' id='word_1_65' title='bbox 385 880 594 935; x_wconf 82' lang='lat' dir='ltr'><strong>sionem</strong></span> <span class='ocrx_word' id='word_1_66' title='bbox 626 884 691 939; x_wconf 89' lang='lat' dir='ltr'><strong>ad</strong></span> <span class='ocrx_word' id='word_1_67' title='bbox 723 884 775 939; x_wconf 91' lang='lat' dir='ltr'><strong>id</strong></span> <span class='ocrx_word' id='word_1_68' title='bbox 804 888 948 956; x_wconf 89' lang='lat' dir='ltr'><strong>quod</strong></span> <span class='ocrx_word' id='word_1_69' title='bbox 978 896 1061 943; x_wconf 90' lang='lat' dir='ltr'><strong>est</strong></span> <span class='ocrx_word' id='word_1_70' title='bbox 1095 899 1242 955; x_wconf 88' lang='lat' dir='ltr'><strong>ante,</strong></span> <span class='ocrx_word' id='word_1_71' title='bbox 1276 890 1537 946; x_wconf 82' lang='lat' dir='ltr'><strong>oblivioni</strong></span> <span class='ocrx_word' id='word_1_72' title='bbox 1569 894 1712 948; x_wconf 89' lang='lat' dir='ltr'><strong>datis</strong></span> <span class='ocrx_word' id='word_1_73' title='bbox 1750 895 1816 950; x_wconf 89' lang='lat' dir='ltr'><strong>iis</strong></span> <span class='ocrx_word' id='word_1_74' title='bbox 1847 910 1969 964; x_wconf 73' lang='lat' dir='ltr'><strong>quze</strong></span> 
     </span>
    </p>
   </div>
   <div class='ocr_carea' id='block_1_12' title="bbox 385 973 1966 1055">
    <p class='ocr_par' dir='ltr' id='par_1_12' title="bbox 385 973 1966 1055">
     <span class='ocr_line' id='line_1_12' title="bbox 385 973 1966 1055; baseline 0.009 -29"><span class='ocrx_word' id='word_1_75' title='bbox 385 973 538 1044; x_wconf 82' lang='lat' dir='ltr'><strong>prius</strong></span> <span class='ocrx_word' id='word_1_76' title='bbox 568 987 698 1032; x_wconf 89' lang='lat' dir='ltr'><strong>sunt</strong></span> <span class='ocrx_word' id='word_1_77' title='bbox 742 979 1004 1050; x_wconf 81' lang='lat' dir='ltr'><strong>perfecta.</strong></span> <span class='ocrx_word' id='word_1_78' title='bbox 1041 981 1175 1036; x_wconf 80' lang='lat' dir='ltr'><strong>Nam</strong></span> <span class='ocrx_word' id='word_1_79' title='bbox 1209 985 1354 1054; x_wconf 89' lang='lat' dir='ltr'><strong>quod</strong></span> <span class='ocrx_word' id='word_1_80' title='bbox 1392 999 1612 1055; x_wconf 88' lang='lat' dir='ltr'><strong>semper</strong></span> <span class='ocrx_word' id='word_1_81' title='bbox 1651 993 1734 1040; x_wconf 85' lang='lat' dir='ltr'><strong>est</strong></span> <span class='ocrx_word' id='word_1_82' title='bbox 1767 986 1966 1054; x_wconf 85' lang='lat' dir='ltr'><strong>majus,</strong></span> 
     </span>
    </p>
   </div>
   <div class='ocr_carea' id='block_1_13' title="bbox 2074 617 3671 694">
    <p class='ocr_par' dir='ltr' id='par_1_13' title="bbox 2074 617 3671 694">
     <span class='ocr_line' id='line_1_13' title="bbox 2074 617 3671 694; baseline 0.005 -24"><span class='ocrx_word' id='word_1_83' title='bbox 2074 617 2214 689; x_wconf 83' lang='grc' dir='ltr'>λήθῃ</span> <span class='ocrx_word' id='word_1_84' title='bbox 2241 618 2540 689; x_wconf 74' lang='grc' dir='ltr'><strong>γινομένων</strong></span> <span class='ocrx_word' id='word_1_85' title='bbox 2569 618 2678 671; x_wconf 84' lang='grc' dir='ltr'>τῶν</span> <span class='ocrx_word' id='word_1_86' title='bbox 2707 620 3204 691; x_wconf 83' lang='grc' dir='ltr'>προδιηνυσμένων.</span> <span class='ocrx_word' id='word_1_87' title='bbox 3257 622 3329 675; x_wconf 81' lang='grc' dir='ltr'><strong>Τὸ</strong></span> <span class='ocrx_word' id='word_1_88' title='bbox 3357 623 3462 694; x_wconf 81' lang='grc' dir='ltr'><strong>γάρ</strong></span> <span class='ocrx_word' id='word_1_89' title='bbox 3500 625 3597 678; x_wconf 84' lang='grc' dir='ltr'><strong>άεί</strong></span> <span class='ocrx_word' id='word_1_90' title='bbox 3615 642 3671 678; x_wconf 88' lang='grc' dir='ltr'><strong>τι</strong></span> 
     </span>
    </p>
   </div>
   <div class='ocr_carea' id='block_1_14' title="bbox 2080 705 3669 782">
    <p class='ocr_par' dir='ltr' id='par_1_14' title="bbox 2080 705 3669 782">
     <span class='ocr_line' id='line_1_14' title="bbox 2080 705 3669 782; baseline 0.005 -24"><span class='ocrx_word' id='word_1_91' title='bbox 2080 705 2293 777; x_wconf 72' lang='grc' dir='ltr'>μεῖζον,</span> <span class='ocrx_word' id='word_1_92' title='bbox 2339 707 2432 760; x_wconf 77' lang='grc' dir='ltr'>καὶ</span> <span class='ocrx_word' id='word_1_93' title='bbox 2470 706 2595 761; x_wconf 85' lang='grc' dir='ltr'>καθ’</span> <span class='ocrx_word' id='word_1_94' title='bbox 2645 708 2951 779; x_wconf 77' lang='grc' dir='ltr'>ὑπερϐολὴν</span> <span class='ocrx_word' id='word_1_95' title='bbox 2997 709 3205 778; x_wconf 78' lang='grc' dir='ltr'>ἀγαθὸν</span> <span class='ocrx_word' id='word_1_96' title='bbox 3243 711 3669 782; x_wconf 81' lang='grc' dir='ltr'><strong>εὑρισκόμενον,</strong></span> 
     </span>
    </p>
   </div>
   <div class='ocr_carea' id='block_1_15' title="bbox 2075 799 3670 871">
    <p class='ocr_par' dir='ltr' id='par_1_15' title="bbox 2075 799 3670 871">
     <span class='ocr_line' id='line_1_15' title="bbox 2075 799 3670 871; baseline 0.004 -20"><span class='ocrx_word' id='word_1_97' title='bbox 2075 799 2206 869; x_wconf 55' lang='grc' dir='ltr'><strong>περὶ⁵</strong></span> <span class='ocrx_word' id='word_1_98' title='bbox 2249 799 2408 853; x_wconf 79' lang='grc' dir='ltr'>ἑαυτὸ</span> <span class='ocrx_word' id='word_1_99' title='bbox 2447 799 2674 869; x_wconf 88' lang='grc' dir='ltr'>κατέχον</span> <span class='ocrx_word' id='word_1_100' title='bbox 2714 799 2813 871; x_wconf 83' lang='grc' dir='ltr'><strong>τὴν</strong></span> <span class='ocrx_word' id='word_1_101' title='bbox 2856 801 2964 854; x_wconf 86' lang='grc' dir='ltr'>τῶν</span> <span class='ocrx_word' id='word_1_102' title='bbox 3010 802 3346 871; x_wconf 84' lang='grc' dir='ltr'>μετεχόντων</span> <span class='ocrx_word' id='word_1_103' title='bbox 3392 804 3670 871; x_wconf 83' lang='grc' dir='ltr'>διάθεσιν,</span> 
     </span>
    </p>
   </div>
   <div class='ocr_carea' id='block_1_16' title="bbox 2076 891 3671 968">
    <p class='ocr_par' dir='ltr' id='par_1_16' title="bbox 2076 891 3671 968">
     <span class='ocr_line' id='line_1_16' title="bbox 2076 891 3671 968; baseline 0.004 -24"><span class='ocrx_word' id='word_1_104' title='bbox 2076 891 2175 944; x_wconf 79' lang='grc' dir='ltr'><strong>οὐκ</strong></span> <span class='ocrx_word' id='word_1_105' title='bbox 2201 892 2263 961; x_wconf 82' lang='grc' dir='ltr'>έᾷ</span> <span class='ocrx_word' id='word_1_106' title='bbox 2293 891 2429 961; x_wconf 75' lang='grc' dir='ltr'>πρὸς</span> <span class='ocrx_word' id='word_1_107' title='bbox 2459 891 2528 944; x_wconf 75' lang='grc' dir='ltr'>τὰ</span> <span class='ocrx_word' id='word_1_108' title='bbox 2559 893 2925 963; x_wconf 77' lang='grc' dir='ltr'><strong>παρῳχηκότα</strong></span> <span class='ocrx_word' id='word_1_109' title='bbox 2951 893 3192 963; x_wconf 80' lang='grc' dir='ltr'><strong>βλέπειν,</strong></span> <span class='ocrx_word' id='word_1_110' title='bbox 3225 896 3291 963; x_wconf 75' lang='grc' dir='ltr'>τῇ</span> <span class='ocrx_word' id='word_1_111' title='bbox 3331 895 3443 948; x_wconf 84' lang='grc' dir='ltr'><strong>τῶν</strong></span> <span class='ocrx_word' id='word_1_112' title='bbox 3472 913 3671 968; x_wconf 82' lang='grc' dir='ltr'>προτι-</span> 
     </span>
    </p>
   </div>
   <div class='ocr_carea' id='block_1_17' title="bbox 2080 983 3675 1057">
    <p class='ocr_par' dir='ltr' id='par_1_17' title="bbox 2080 983 3675 1057">
     <span class='ocr_line' id='line_1_17' title="bbox 2080 983 3675 1057; baseline 0.003 -22"><span class='ocrx_word' id='word_1_113' title='bbox 2080 983 2320 1053; x_wconf 81' lang='grc' dir='ltr'>μοτέρων</span> <span class='ocrx_word' id='word_1_114' title='bbox 2349 983 2646 1036; x_wconf 72' lang='grc' dir='ltr'>ἀπολαύσει</span> <span class='ocrx_word' id='word_1_115' title='bbox 2681 983 2790 1035; x_wconf 85' lang='grc' dir='ltr'><strong>τῶν</strong></span> <span class='ocrx_word' id='word_1_116' title='bbox 2821 984 3261 1056; x_wconf 85' lang='grc' dir='ltr'>καταδεεστέρων</span> <span class='ocrx_word' id='word_1_117' title='bbox 3302 985 3402 1056; x_wconf 78' lang='grc' dir='ltr'><strong>τὴν</strong></span> <span class='ocrx_word' id='word_1_118' title='bbox 3438 989 3675 1057; x_wconf 75' lang='grc' dir='ltr'>μνήμην</span> 
     </span>
    </p>
   </div>
   <div class='ocr_carea' id='block_1_18' title="bbox 384 1067 1983 1147">
    <p class='ocr_par' dir='ltr' id='par_1_18' title="bbox 384 1067 1968 1146">
     <span class='ocr_line' id='line_1_18' title="bbox 384 1067 1968 1146; baseline 0.008 -27"><span class='ocrx_word' id='word_1_119' title='bbox 384 1071 439 1120; x_wconf 83' lang='lat' dir='ltr'><strong>et</strong></span> <span class='ocrx_word' id='word_1_120' title='bbox 472 1067 619 1137; x_wconf 90' lang='lat' dir='ltr'><strong>quod</strong></span> <span class='ocrx_word' id='word_1_121' title='bbox 656 1068 934 1126; x_wconf 77' lang='lat' dir='ltr'><strong>invenitur</strong></span> <span class='ocrx_word' id='word_1_122' title='bbox 968 1074 1021 1126; x_wconf 91' lang='lat' dir='ltr'><strong>in</strong></span> <span class='ocrx_word' id='word_1_123' title='bbox 1053 1074 1322 1130; x_wconf 87' lang='lat' dir='ltr'><strong>bonorum</strong></span> <span class='ocrx_word' id='word_1_124' title='bbox 1352 1076 1794 1145; x_wconf 81' lang='lat' dir='ltr'><strong>exsuperatione,</strong></span> <span class='ocrx_word' id='word_1_125' title='bbox 1826 1077 1968 1146; x_wconf 88' lang='lat' dir='ltr'><strong>apud</strong></span> 
     </span>
    </p>
   </div>
   <div class='ocr_carea' id='block_1_19' title="bbox 2088 1067 3672 1147">
    <p class='ocr_par' dir='ltr' id='par_1_19' title="bbox 2088 1071 3672 1147">
     <span class='ocr_line' id='line_1_19' title="bbox 2088 1071 3672 1147; baseline 0.001 -20"><span class='ocrx_word' id='word_1_126' title='bbox 2088 1074 2576 1146; x_wconf 77' lang='grc' dir='ltr'>παρακρουόμενον.</span> <span class='ocrx_word' id='word_1_127' title='bbox 2627 1075 2700 1128; x_wconf 82' lang='grc' dir='ltr'>Τὸ</span> <span class='ocrx_word' id='word_1_128' title='bbox 2731 1077 2829 1146; x_wconf 87' lang='grc' dir='ltr'>μὲν</span> <span class='ocrx_word' id='word_1_129' title='bbox 2858 1071 2950 1129; x_wconf 80' lang='grc' dir='ltr'><strong>οὖν</strong></span> <span class='ocrx_word' id='word_1_130' title='bbox 2977 1075 3156 1146; x_wconf 88' lang='grc' dir='ltr'>νόημα</span> <span class='ocrx_word' id='word_1_131' title='bbox 3180 1076 3239 1129; x_wconf 79' lang='grc' dir='ltr'><strong>τὸ</strong></span> <span class='ocrx_word' id='word_1_132' title='bbox 3264 1080 3331 1147; x_wconf 76' lang='grc' dir='ltr'>τῇ</span> <span class='ocrx_word' id='word_1_133' title='bbox 3365 1076 3672 1147; x_wconf 73' lang='grc' dir='ltr'><strong>φιλοσοφίᾳ</strong></span> 
     </span>
    </p>
   </div>
   <div class='ocr_carea' id='block_1_20' title="bbox 385 1159 1983 1241">
    <p class='ocr_par' dir='ltr' id='par_1_20' title="bbox 385 1159 1947 1238">
     <span class='ocr_line' id='line_1_20' title="bbox 385 1159 1947 1238; baseline 0.005 -26"><span class='ocrx_word' id='word_1_134' title='bbox 385 1174 444 1215; x_wconf 88' lang='lat' dir='ltr'><strong>se</strong></span> <span class='ocrx_word' id='word_1_135' title='bbox 476 1159 730 1216; x_wconf 76' lang='lat' dir='ltr'><strong>detinens</strong></span> <span class='ocrx_word' id='word_1_136' title='bbox 763 1161 1104 1221; x_wconf 77' lang='lat' dir='ltr'><strong>all‘ectionem</strong></span> <span class='ocrx_word' id='word_1_137' title='bbox 1142 1181 1335 1221; x_wconf 84' lang='lat' dir='ltr'><strong>eorum</strong></span> <span class='ocrx_word' id='word_1_138' title='bbox 1366 1167 1460 1238; x_wconf 89' lang='lat' dir='ltr'><strong>qui</strong></span> <span class='ocrx_word' id='word_1_139' title='bbox 1491 1173 1622 1223; x_wconf 91' lang='lat' dir='ltr'><strong>sunt</strong></span> <span class='ocrx_word' id='word_1_140' title='bbox 1651 1167 1947 1237; x_wconf 77' lang='lat' dir='ltr'><strong>participes</strong></span> 
     </span>
    </p>
   </div>
   <div class='ocr_carea' id='block_1_21' title="bbox 2088 1159 3670 1241">
    <p class='ocr_par' dir='ltr' id='par_1_21' title="bbox 2088 1166 3670 1241">
     <span class='ocr_line' id='line_1_21' title="bbox 2088 1166 3670 1241; baseline 0.003 -22"><span class='ocrx_word' id='word_1_141' title='bbox 2088 1167 2168 1220; x_wconf 73' lang='grc' dir='ltr'>τοῦ</span> <span class='ocrx_word' id='word_1_142' title='bbox 2199 1166 2473 1236; x_wconf 83' lang='grc' dir='ltr'>νυμφικοῦ</span> <span class='ocrx_word' id='word_1_143' title='bbox 2508 1166 2845 1238; x_wconf 79' lang='grc' dir='ltr'><strong>διηγήματος</strong></span> <span class='ocrx_word' id='word_1_144' title='bbox 2877 1170 3010 1239; x_wconf 79' lang='grc' dir='ltr'>ἡμῖν</span> <span class='ocrx_word' id='word_1_145' title='bbox 3036 1168 3524 1241; x_wconf 77' lang='grc' dir='ltr'>δογματιζόμενον,</span> <span class='ocrx_word' id='word_1_146' title='bbox 3552 1187 3670 1223; x_wconf 79' lang='grc' dir='ltr'>τοι-</span> 
     </span>
    </p>
   </div>
   <div class='ocr_carea' id='block_1_22' title="bbox 385 1252 1983 1330">
    <p class='ocr_par' dir='ltr' id='par_1_22' title="bbox 385 1252 1978 1330">
     <span class='ocr_line' id='line_1_22' title="bbox 385 1252 1978 1330; baseline 0.006 -28"><span class='ocrx_word' id='word_1_147' title='bbox 385 1266 494 1305; x_wconf 88' lang='lat' dir='ltr'><strong>non</strong></span> <span class='ocrx_word' id='word_1_148' title='bbox 526 1252 659 1308; x_wconf 89' lang='lat' dir='ltr'><strong>sinit</strong></span> <span class='ocrx_word' id='word_1_149' title='bbox 691 1257 941 1325; x_wconf 86' lang='lat' dir='ltr'><strong>aspicere</strong></span> <span class='ocrx_word' id='word_1_150' title='bbox 972 1257 1040 1311; x_wconf 90' lang='lat' dir='ltr'><strong>ad</strong></span> <span class='ocrx_word' id='word_1_151' title='bbox 1074 1274 1136 1313; x_wconf 92' lang='lat' dir='ltr'><strong>ea</strong></span> <span class='ocrx_word' id='word_1_152' title='bbox 1178 1272 1299 1329; x_wconf 66' lang='lat' dir='ltr'><strong>quae</strong></span> <span class='ocrx_word' id='word_1_153' title='bbox 1328 1267 1457 1314; x_wconf 91' lang='lat' dir='ltr'><strong>sunt</strong></span> <span class='ocrx_word' id='word_1_154' title='bbox 1490 1261 1788 1330; x_wconf 67' lang='lat' dir='ltr'><strong>praeterita,</strong></span> <span class='ocrx_word' id='word_1_155' title='bbox 1821 1261 1876 1313; x_wconf 92' lang='lat' dir='ltr'><strong>in</strong></span> <span class='ocrx_word' id='word_1_156' title='bbox 1911 1260 1978 1313; x_wconf 89' lang='lat' dir='ltr'><strong>iis</strong></span> 
     </span>
    </p>
   </div>
   <div class='ocr_carea' id='block_1_23' title="bbox 2088 1252 2748 1330">
    <p class='ocr_par' dir='ltr' id='par_1_23' title="bbox 2088 1258 2748 1329">
     <span class='ocr_line' id='line_1_23' title="bbox 2088 1258 2748 1329; baseline 0.005 -19"><span class='ocrx_word' id='word_1_157' title='bbox 2088 1258 2237 1312; x_wconf 79' lang='grc' dir='ltr'>οὖτον</span> <span class='ocrx_word' id='word_1_158' title='bbox 2265 1258 2403 1312; x_wconf 71' lang='grc' dir='ltr'>εἶναι</span> <span class='ocrx_word' id='word_1_159' title='bbox 2439 1258 2748 1329; x_wconf 78' lang='grc' dir='ltr'>νομίζομεν.</span> 
     </span>
    </p>
   </div>
   <div class='ocr_carea' id='block_1_24' title="bbox 385 1339 3670 1421">
    <p class='ocr_par' dir='ltr' id='par_1_24' title="bbox 385 1339 3670 1421">
     <span class='ocr_line' id='line_1_24' title="bbox 385 1339 3670 1421; baseline 0.003 -29"><span class='ocrx_word' id='word_1_160' title='bbox 385 1339 636 1399; x_wconf 77' lang='lat' dir='ltr'><strong>fruendis</strong></span> <span class='ocrx_word' id='word_1_161' title='bbox 675 1361 798 1416; x_wconf 62' lang='lat' dir='ltr'><strong>quae</strong></span> <span class='ocrx_word' id='word_1_162' title='bbox 832 1355 964 1402; x_wconf 88' lang='lat' dir='ltr'><strong>sunt</strong></span> <span class='ocrx_word' id='word_1_163' title='bbox 1001 1349 1408 1418; x_wconf 67' lang='lat' dir='ltr'><strong>prmstantiora,</strong></span> <span class='ocrx_word' id='word_1_164' title='bbox 1479 1350 1768 1404; x_wconf 82' lang='lat' dir='ltr'><strong>excutiens</strong></span> <span class='ocrx_word' id='word_1_165' title='bbox 1836 1349 2156 1403; x_wconf 79' lang='lat' dir='ltr'><strong>memoriam</strong></span> <span class='ocrx_word' id='word_1_166' title='bbox 2209 1363 2398 1403; x_wconf 85' lang='lat' dir='ltr'><strong>eorum</strong></span> <span class='ocrx_word' id='word_1_167' title='bbox 2454 1364 2576 1419; x_wconf 81' lang='lat' dir='ltr'><strong>quae</strong></span> <span class='ocrx_word' id='word_1_168' title='bbox 2656 1358 2786 1405; x_wconf 89' lang='lat' dir='ltr'><strong>sunt</strong></span> <span class='ocrx_word' id='word_1_169' title='bbox 2841 1349 3133 1405; x_wconf 84' lang='lat' dir='ltr'><strong>deteriora.</strong></span> <span class='ocrx_word' id='word_1_170' title='bbox 3204 1349 3387 1421; x_wconf 81' lang='lat' dir='ltr'><strong>Atque</strong></span> <span class='ocrx_word' id='word_1_171' title='bbox 3432 1365 3670 1406; x_wconf 80' lang='lat' dir='ltr'><strong>sensum</strong></span> 
     </span>
    </p>
   </div>
   <div class='ocr_carea' id='block_1_25' title="bbox 384 1436 3129 1513">
    <p class='ocr_par' dir='ltr' id='par_1_25' title="bbox 384 1436 3129 1513">
     <span class='ocr_line' id='line_1_25' title="bbox 384 1436 3129 1513; baseline 0.003 -23"><span class='ocrx_word' id='word_1_172' title='bbox 384 1436 605 1506; x_wconf 77' lang='lat' dir='ltr'><strong>quidem</strong></span> <span class='ocrx_word' id='word_1_173' title='bbox 636 1441 730 1509; x_wconf 89' lang='lat' dir='ltr'><strong>qui</strong></span> <span class='ocrx_word' id='word_1_174' title='bbox 762 1455 790 1493; x_wconf 88' lang='lat' dir='ltr'><strong>a</strong></span> <span class='ocrx_word' id='word_1_175' title='bbox 821 1441 1171 1512; x_wconf 83' lang='lat' dir='ltr'><strong>philosophia</strong></span> <span class='ocrx_word' id='word_1_176' title='bbox 1199 1458 1414 1513; x_wconf 67' lang='lat' dir='ltr'><strong>sponsae</strong></span> <span class='ocrx_word' id='word_1_177' title='bbox 1443 1445 1779 1500; x_wconf 90' lang='lat' dir='ltr'><strong>narrationis</strong></span> <span class='ocrx_word' id='word_1_178' title='bbox 1808 1444 1965 1498; x_wconf 87' lang='lat' dir='ltr'><strong>nobis</strong></span> <span class='ocrx_word' id='word_1_179' title='bbox 2003 1442 2289 1505; x_wconf 87' lang='lat' dir='ltr'><strong>statuitur,</strong></span> <span class='ocrx_word' id='word_1_180' title='bbox 2347 1444 2508 1498; x_wconf 87' lang='lat' dir='ltr'><strong>talem</strong></span> <span class='ocrx_word' id='word_1_181' title='bbox 2554 1458 2678 1498; x_wconf 85' lang='lat' dir='ltr'><strong>esse</strong></span> <span class='ocrx_word' id='word_1_182' title='bbox 2737 1443 3129 1501; x_wconf 75' lang='lat' dir='ltr'><strong>esistimanus.</strong></span> 
     </span>
    </p>
   </div>
   <div class='ocr_carea' id='block_1_26' title="bbox 454 1528 1983 1608">
    <p class='ocr_par' dir='ltr' id='par_1_26' title="bbox 454 1528 1971 1608">
     <span class='ocr_line' id='line_1_26' title="bbox 454 1528 1971 1608; baseline 0.005 -24"><span class='ocrx_word' id='word_1_183' title='bbox 454 1528 697 1602; x_wconf 89' lang='lat' dir='ltr'><strong>Tempus</strong></span> <span class='ocrx_word' id='word_1_184' title='bbox 742 1543 927 1589; x_wconf 88' lang='lat' dir='ltr'><strong>autem</strong></span> <span class='ocrx_word' id='word_1_185' title='bbox 976 1544 1060 1590; x_wconf 89' lang='lat' dir='ltr'><strong>est</strong></span> <span class='ocrx_word' id='word_1_186' title='bbox 1113 1537 1348 1606; x_wconf 87' lang='lat' dir='ltr'><strong>primum</strong></span> <span class='ocrx_word' id='word_1_187' title='bbox 1396 1537 1614 1608; x_wconf 80' lang='lat' dir='ltr'><strong>quidem</strong></span> <span class='ocrx_word' id='word_1_188' title='bbox 1653 1537 1971 1593; x_wconf 85' lang='lat' dir='ltr'><strong>meminisse</strong></span> 
     </span>
    </p>
   </div>
   <div class='ocr_carea' id='block_1_27' title="bbox 2088 1528 3670 1608">
    <p class='ocr_par' dir='ltr' id='par_1_27' title="bbox 2146 1533 3670 1607">
     <span class='ocr_line' id='line_1_27' title="bbox 2146 1533 3670 1607; baseline -0.003 -17"><span class='ocrx_word' id='word_1_189' title='bbox 2146 1536 2352 1607; x_wconf 83' lang='grc' dir='ltr'>Καιρὸς</span> <span class='ocrx_word' id='word_1_190' title='bbox 2392 1536 2437 1589; x_wconf 80' lang='grc' dir='ltr'>δ’</span> <span class='ocrx_word' id='word_1_191' title='bbox 2472 1536 2537 1589; x_wconf 84' lang='grc' dir='ltr'><strong>ἂν</strong></span> <span class='ocrx_word' id='word_1_192' title='bbox 2567 1535 2650 1605; x_wconf 74' lang='grc' dir='ltr'><strong>εἴη</strong></span> <span class='ocrx_word' id='word_1_193' title='bbox 2680 1536 2894 1606; x_wconf 82' lang='grc' dir='ltr'>πρῶτον</span> <span class='ocrx_word' id='word_1_194' title='bbox 2929 1535 3027 1605; x_wconf 82' lang='grc' dir='ltr'>μὲν</span> <span class='ocrx_word' id='word_1_195' title='bbox 3058 1535 3227 1607; x_wconf 82' lang='grc' dir='ltr'>αὐτῆς</span> <span class='ocrx_word' id='word_1_196' title='bbox 3251 1533 3670 1606; x_wconf 76' lang='grc' dir='ltr'>ἐπιμνησθῆναι</span> 
     </span>
    </p>
   </div>
   <div class='ocr_carea' id='block_1_28' title="bbox 384 1622 1983 1700">
    <p class='ocr_par' dir='ltr' id='par_1_28' title="bbox 384 1625 1970 1699">
     <span class='ocr_line' id='line_1_28' title="bbox 384 1625 1970 1699; baseline 0 -18"><span class='ocrx_word' id='word_1_197' title='bbox 384 1633 677 1683; x_wconf 76' lang='lat' dir='ltr'><strong>contextus</strong></span> <span class='ocrx_word' id='word_1_198' title='bbox 699 1627 994 1683; x_wconf 83' lang='lat' dir='ltr'><strong>verborum</strong></span> <span class='ocrx_word' id='word_1_199' title='bbox 1022 1628 1337 1684; x_wconf 87' lang='lat' dir='ltr'><strong>divinorum</strong></span> <span class='ocrx_word' id='word_1_200' title='bbox 1361 1629 1736 1699; x_wconf 87' lang='lat' dir='ltr'><strong>eloquiorum:</strong></span> <span class='ocrx_word' id='word_1_201' title='bbox 1770 1625 1970 1681; x_wconf 87' lang='lat' dir='ltr'><strong>deinde</strong></span> 
     </span>
    </p>
   </div>
   <div class='ocr_carea' id='block_1_29' title="bbox 2088 1622 3670 1700">
    <p class='ocr_par' dir='ltr' id='par_1_29' title="bbox 2088 1622 3670 1700">
     <span class='ocr_line' id='line_1_29' title="bbox 2088 1622 3670 1700; baseline -0.002 -19"><span class='ocrx_word' id='word_1_202' title='bbox 2088 1629 2173 1700; x_wconf 67' lang='grc' dir='ltr'>τῆς</span> <span class='ocrx_word' id='word_1_203' title='bbox 2197 1629 2393 1694; x_wconf 78' lang='grc' dir='ltr'>λέξεως</span> <span class='ocrx_word' id='word_1_204' title='bbox 2416 1629 2523 1682; x_wconf 86' lang='grc' dir='ltr'><strong>τῶν</strong></span> <span class='ocrx_word' id='word_1_205' title='bbox 2558 1627 2932 1682; x_wconf 80' lang='grc' dir='ltr'>θεοπνεύστων</span> <span class='ocrx_word' id='word_1_206' title='bbox 2955 1626 3153 1696; x_wconf 83' lang='grc' dir='ltr'>λογίων</span> <span class='ocrx_word' id='word_1_207' title='bbox 3174 1644 3188 1658; x_wconf 88' lang='grc'><strong>·</strong></span> <span class='ocrx_word' id='word_1_208' title='bbox 3226 1622 3325 1680; x_wconf 80' lang='grc' dir='ltr'>εἷθ’</span> <span class='ocrx_word' id='word_1_209' title='bbox 3354 1626 3534 1690; x_wconf 73' lang='grc' dir='ltr'>οὕτως</span> <span class='ocrx_word' id='word_1_210' title='bbox 3567 1628 3670 1695; x_wconf 77' lang='grc' dir='ltr'><strong>ἔφ-</strong></span> 
     </span>
    </p>
   </div>
   <div class='ocr_carea' id='block_1_30' title="bbox 385 1718 1983 1814">
    <p class='ocr_par' dir='ltr' id='par_1_30' title="bbox 385 1718 1966 1790">
     <span class='ocr_line' id='line_1_30' title="bbox 385 1718 1966 1790; baseline -0.001 -18"><span class='ocrx_word' id='word_1_211' title='bbox 385 1718 457 1774; x_wconf 82' lang='lat' dir='ltr'><strong>iis</strong></span> <span class='ocrx_word' id='word_1_212' title='bbox 491 1734 615 1789; x_wconf 52' lang='lat' dir='ltr'><strong>quae.</strong></span> <span class='ocrx_word' id='word_1_213' title='bbox 658 1719 811 1789; x_wconf 88' lang='lat' dir='ltr'><strong>prius</strong></span> <span class='ocrx_word' id='word_1_214' title='bbox 848 1727 978 1776; x_wconf 90' lang='lat' dir='ltr'><strong>sunt</strong></span> <span class='ocrx_word' id='word_1_215' title='bbox 1027 1721 1376 1777; x_wconf 87' lang='lat' dir='ltr'><strong>considerata</strong></span> <span class='ocrx_word' id='word_1_216' title='bbox 1431 1720 1692 1790; x_wconf 86' lang='lat' dir='ltr'><strong>adaptare</strong></span> <span class='ocrx_word' id='word_1_217' title='bbox 1744 1733 1966 1775; x_wconf 84' lang='lat' dir='ltr'><strong>sensum</strong></span> 
     </span>
    </p>
   </div>
   <div class='ocr_carea' id='block_1_31' title="bbox 2088 1718 3668 1814">
    <p class='ocr_par' dir='ltr' id='par_1_31' title="bbox 2088 1719 3668 1791">
     <span class='ocr_line' id='line_1_31' title="bbox 2088 1719 3668 1791; baseline -0.003 -18"><span class='ocrx_word' id='word_1_218' title='bbox 2088 1721 2311 1791; x_wconf 85' lang='grc' dir='ltr'>ιρμόσαι</span> <span class='ocrx_word' id='word_1_219' title='bbox 2340 1721 2453 1783; x_wconf 78' lang='grc' dir='ltr'>τοῖς</span> <span class='ocrx_word' id='word_1_220' title='bbox 2502 1719 2930 1790; x_wconf 82' lang='grc' dir='ltr'>προθεωρηθεῑσι</span> <span class='ocrx_word' id='word_1_221' title='bbox 2974 1719 3076 1790; x_wconf 78' lang='grc' dir='ltr'>τὴν</span> <span class='ocrx_word' id='word_1_222' title='bbox 3105 1720 3219 1782; x_wconf 81' lang='grc' dir='ltr'>τοῖς</span> <span class='ocrx_word' id='word_1_223' title='bbox 3253 1719 3437 1789; x_wconf 79' lang='grc' dir='ltr'>ῥητοῖς</span> <span class='ocrx_word' id='word_1_224' title='bbox 3473 1720 3668 1786; x_wconf 73' lang='grc' dir='ltr'>ἐγκει-</span> 
     </span>
    </p>
   </div>
   <div class='ocr_carea' id='block_1_32' title="bbox 382 1806 1983 1882">
    <p class='ocr_par' dir='ltr' id='par_1_32' title="bbox 382 1807 1970 1879">
     <span class='ocr_line' id='line_1_32' title="bbox 382 1807 1970 1879; baseline -0.001 -17"><span class='ocrx_word' id='word_1_225' title='bbox 382 1807 481 1876; x_wconf 80' lang='lat' dir='ltr'><strong>qui</strong></span> <span class='ocrx_word' id='word_1_226' title='bbox 547 1809 689 1865; x_wconf 88' lang='lat' dir='ltr'><strong>situs</strong></span> <span class='ocrx_word' id='word_1_227' title='bbox 754 1818 837 1865; x_wconf 80' lang='lat' dir='ltr'><strong>est</strong></span> <span class='ocrx_word' id='word_1_228' title='bbox 898 1809 954 1864; x_wconf 92' lang='lat' dir='ltr'><strong>in</strong></span> <span class='ocrx_word' id='word_1_229' title='bbox 1016 1810 1219 1868; x_wconf 80' lang='lat' dir='ltr'><strong>verbis.</strong></span> <span class='ocrx_word' id='word_1_230' title='bbox 1254 1809 1321 1864; x_wconf 86' lang='lat' dir='ltr'><strong>In</strong></span> <span class='ocrx_word' id='word_1_231' title='bbox 1374 1810 1508 1864; x_wconf 86' lang='lat' dir='ltr'><strong>lecto</strong></span> <span class='ocrx_word' id='word_1_232' title='bbox 1549 1819 1705 1864; x_wconf 79' lang='lat' dir='ltr'><strong>noctu</strong></span> <span class='ocrx_word' id='word_1_233' title='bbox 1754 1808 1970 1879; x_wconf 77' lang='lat' dir='ltr'><strong>quwsivi</strong></span> 
     </span>
    </p>
   </div>
   <div class='ocr_carea' id='block_1_33' title="bbox 2088 1806 3663 1882">
    <p class='ocr_par' dir='ltr' id='par_1_33' title="bbox 2088 1806 3663 1882">
     <span class='ocr_line' id='line_1_33' title="bbox 2088 1806 3663 1882; baseline -0.001 -18"><span class='ocrx_word' id='word_1_234' title='bbox 2088 1810 2246 1882; x_wconf 53' lang='grc' dir='ltr'>μένην</span> <span class='ocrx_word' id='word_1_235' title='bbox 2272 1810 2529 1865; x_wconf 82' lang='grc' dir='ltr'>διάνοιαν.</span> <span class='ocrx_word' id='word_1_236' title='bbox 2566 1810 2689 1863; x_wconf 78' lang='grc' dir='ltr'>Ἐπί</span> <span class='ocrx_word' id='word_1_237' title='bbox 2723 1810 2933 1877; x_wconf 78' lang='grc' dir='ltr'>κοίτην</span> <span class='ocrx_word' id='word_1_238' title='bbox 2947 1827 3067 1878; x_wconf 82' lang='grc' dir='ltr'>μου</span> <span class='ocrx_word' id='word_1_239' title='bbox 3099 1810 3170 1863; x_wconf 82' lang='grc' dir='ltr'>ἐν</span> <span class='ocrx_word' id='word_1_240' title='bbox 3194 1808 3375 1873; x_wconf 76' lang='grc' dir='ltr'>νυξὶν</span> <span class='ocrx_word' id='word_1_241' title='bbox 3392 1806 3663 1875; x_wconf 73' lang='grc' dir='ltr'>ἐζήτησα</span> 
     </span>
    </p>
   </div>
   <div class='ocr_carea' id='block_1_34' title="bbox 386 1900 1972 1970">
    <p class='ocr_par' dir='ltr' id='par_1_34' title="bbox 386 1900 1972 1970">
     <span class='ocr_line' id='line_1_34' title="bbox 386 1900 1972 1970; baseline 0 -18"><span class='ocrx_word' id='word_1_242' title='bbox 386 1906 581 1969; x_wconf 77' lang='lat' dir='ltr'><strong>ipsum,</strong></span> <span class='ocrx_word' id='word_1_243' title='bbox 619 1911 667 1955; x_wconf 89' lang='lat' dir='ltr'><strong>et</strong></span> <span class='ocrx_word' id='word_1_244' title='bbox 706 1918 808 1956; x_wconf 87' lang='lat' dir='ltr'><strong>non</strong></span> <span class='ocrx_word' id='word_1_245' title='bbox 840 1902 1050 1956; x_wconf 84' lang='lat' dir='ltr'><strong>inveni:</strong></span> <span class='ocrx_word' id='word_1_246' title='bbox 1102 1903 1272 1970; x_wconf 82' lang='lat' dir='ltr'><strong>ipsum</strong></span> <span class='ocrx_word' id='word_1_247' title='bbox 1304 1902 1503 1966; x_wconf 83' lang='lat' dir='ltr'><strong>vocavi,</strong></span> <span class='ocrx_word' id='word_1_248' title='bbox 1540 1911 1589 1956; x_wconf 91' lang='lat' dir='ltr'><strong>et</strong></span> <span class='ocrx_word' id='word_1_249' title='bbox 1635 1918 1738 1955; x_wconf 87' lang='lat' dir='ltr'><strong>non</strong></span> <span class='ocrx_word' id='word_1_250' title='bbox 1771 1900 1972 1954; x_wconf 81' lang='lat' dir='ltr'><strong>audivit</strong></span> 
     </span>
    </p>
   </div>
   <div class='ocr_carea' id='block_1_35' title="bbox 386 1988 1972 2061">
    <p class='ocr_par' dir='ltr' id='par_1_35' title="bbox 386 1988 1972 2061">
     <span class='ocr_line' id='line_1_35' title="bbox 386 1988 1972 2061; baseline 0.001 -17"><span class='ocrx_word' id='word_1_251' title='bbox 386 2004 486 2045; x_wconf 69' lang='lat' dir='ltr'><strong>me.</strong></span> <span class='ocrx_word' id='word_1_252' title='bbox 536 1988 766 2061; x_wconf 81' lang='lat' dir='ltr'><strong>Surgunt</strong></span> <span class='ocrx_word' id='word_1_253' title='bbox 820 2001 996 2047; x_wconf 88' lang='lat' dir='ltr'><strong>autem</strong></span> <span class='ocrx_word' id='word_1_254' title='bbox 1038 2002 1088 2048; x_wconf 89' lang='lat' dir='ltr'><strong>et</strong></span> <span class='ocrx_word' id='word_1_255' title='bbox 1123 1994 1355 2047; x_wconf 75' lang='grc' dir='ltr'>σίνοιιὶὺο</span> <span class='ocrx_word' id='word_1_256' title='bbox 1390 1994 1652 2047; x_wconf 86' lang='lat' dir='ltr'><strong>civitatem</strong></span> <span class='ocrx_word' id='word_1_257' title='bbox 1677 2033 1692 2057; x_wconf 93' lang='lat'><strong>,</strong></span> <span class='ocrx_word' id='word_1_258' title='bbox 1728 1993 1783 2045; x_wconf 85' lang='lat' dir='ltr'><strong>in</strong></span> <span class='ocrx_word' id='word_1_259' title='bbox 1840 1991 1972 2061; x_wconf 78' lang='lat' dir='ltr'><strong>foris</strong></span> 
     </span>
    </p>
   </div>
   <div class='ocr_carea' id='block_1_36' title="bbox 391 2082 1972 2155">
    <p class='ocr_par' dir='ltr' id='par_1_36' title="bbox 391 2082 1972 2155">
     <span class='ocr_line' id='line_1_36' title="bbox 391 2082 1972 2155; baseline 0.001 -21"><span class='ocrx_word' id='word_1_260' title='bbox 391 2090 440 2135; x_wconf 82' lang='lat' dir='ltr'><strong>et</strong></span> <span class='ocrx_word' id='word_1_261' title='bbox 475 2082 529 2135; x_wconf 90' lang='lat' dir='ltr'><strong>in</strong></span> <span class='ocrx_word' id='word_1_262' title='bbox 570 2082 797 2149; x_wconf 76' lang='lat' dir='ltr'><strong>plateis,</strong></span> <span class='ocrx_word' id='word_1_263' title='bbox 845 2094 894 2138; x_wconf 85' lang='lat' dir='ltr'><strong>et</strong></span> <span class='ocrx_word' id='word_1_264' title='bbox 926 2099 1164 2153; x_wconf 82' lang='lat' dir='ltr'><strong>quwram</strong></span> <span class='ocrx_word' id='word_1_265' title='bbox 1206 2101 1355 2155; x_wconf 84' lang='lat' dir='ltr'><strong>quem</strong></span> <span class='ocrx_word' id='word_1_266' title='bbox 1391 2084 1563 2155; x_wconf 86' lang='lat' dir='ltr'><strong>diligit</strong></span> <span class='ocrx_word' id='word_1_267' title='bbox 1605 2085 1785 2138; x_wconf 85' lang='lat' dir='ltr'><strong>anima</strong></span> <span class='ocrx_word' id='word_1_268' title='bbox 1837 2099 1972 2137; x_wconf 86' lang='lat' dir='ltr'><strong>mea.</strong></span> 
     </span>
    </p>
   </div>
   <div class='ocr_carea' id='block_1_37' title="bbox 389 2175 1976 2246">
    <p class='ocr_par' dir='ltr' id='par_1_37' title="bbox 389 2175 1976 2246">
     <span class='ocr_line' id='line_1_37' title="bbox 389 2175 1976 2246; baseline 0.001 -17"><span class='ocrx_word' id='word_1_269' title='bbox 389 2176 624 2242; x_wconf 69' lang='lat' dir='ltr'><strong>Quwsivi</strong></span> <span class='ocrx_word' id='word_1_270' title='bbox 662 2191 780 2229; x_wconf 88' lang='lat' dir='ltr'><strong>eum</strong></span> <span class='ocrx_word' id='word_1_271' title='bbox 815 2184 863 2230; x_wconf 86' lang='lat' dir='ltr'><strong>et</strong></span> <span class='ocrx_word' id='word_1_272' title='bbox 893 2192 999 2230; x_wconf 87' lang='lat' dir='ltr'><strong>non</strong></span> <span class='ocrx_word' id='word_1_273' title='bbox 1021 2177 1195 2231; x_wconf 86' lang='lat' dir='ltr'><strong>inveni</strong></span> <span class='ocrx_word' id='word_1_274' title='bbox 1232 2193 1371 2232; x_wconf 88' lang='lat' dir='ltr'><strong>eum.</strong></span> <span class='ocrx_word' id='word_1_275' title='bbox 1407 2175 1727 2231; x_wconf 77' lang='lat' dir='ltr'><strong>Invenerunt</strong></span> <span class='ocrx_word' id='word_1_276' title='bbox 1768 2193 1849 2231; x_wconf 81' lang='lat' dir='ltr'><strong>me</strong></span> <span class='ocrx_word' id='word_1_277' title='bbox 1885 2177 1976 2246; x_wconf 86' lang='lat' dir='ltr'><strong>qui</strong></span> 
     </span>
    </p>
   </div>
   <div class='ocr_carea' id='block_1_38' title="bbox 387 2267 1977 2339">
    <p class='ocr_par' dir='ltr' id='par_1_38' title="bbox 387 2267 1977 2339">
     <span class='ocr_line' id='line_1_38' title="bbox 387 2267 1977 2339; baseline -0.001 -17"><span class='ocrx_word' id='word_1_278' title='bbox 387 2267 695 2323; x_wconf 76' lang='lat' dir='ltr'><strong>rustodiunt</strong></span> <span class='ocrx_word' id='word_1_279' title='bbox 718 2268 1104 2323; x_wconf 80' lang='lat' dir='ltr'><strong>circumeuntes</strong></span> <span class='ocrx_word' id='word_1_280' title='bbox 1131 2271 1418 2325; x_wconf 83' lang='lat' dir='ltr'><strong>civitatem.</strong></span> <span class='ocrx_word' id='word_1_281' title='bbox 1448 2268 1596 2323; x_wconf 85' lang='lat' dir='ltr'><strong>Num</strong></span> <span class='ocrx_word' id='word_1_282' title='bbox 1625 2286 1776 2339; x_wconf 84' lang='lat' dir='ltr'><strong>quem</strong></span> <span class='ocrx_word' id='word_1_283' title='bbox 1801 2269 1977 2339; x_wconf 76' lang='lat' dir='ltr'><strong>diligit</strong></span> 
     </span>
    </p>
   </div>
   <div class='ocr_carea' id='block_1_39' title="bbox 389 2359 1976 2431">
    <p class='ocr_par' dir='ltr' id='par_1_39' title="bbox 389 2359 1976 2431">
     <span class='ocr_line' id='line_1_39' title="bbox 389 2359 1976 2431; baseline -0.001 -15"><span class='ocrx_word' id='word_1_284' title='bbox 389 2361 573 2417; x_wconf 75' lang='lat' dir='ltr'><strong>anima</strong></span> <span class='ocrx_word' id='word_1_285' title='bbox 619 2376 735 2414; x_wconf 83' lang='lat' dir='ltr'><strong>mea</strong></span> <span class='ocrx_word' id='word_1_286' title='bbox 784 2360 1031 2416; x_wconf 72' lang='lat' dir='ltr'><strong>vidistis?</strong></span> <span class='ocrx_word' id='word_1_287' title='bbox 1072 2361 1478 2431; x_wconf 83' lang='lat' dir='ltr'><strong>Quamprimum</strong></span> <span class='ocrx_word' id='word_1_288' title='bbox 1525 2376 1719 2430; x_wconf 85' lang='lat' dir='ltr'><strong>parum</strong></span> <span class='ocrx_word' id='word_1_289' title='bbox 1780 2359 1846 2414; x_wconf 85' lang='lat' dir='ltr'><strong>ab</strong></span> <span class='ocrx_word' id='word_1_290' title='bbox 1900 2361 1976 2415; x_wconf 72' lang='lat' dir='ltr'><strong>eis</strong></span> 
     </span>
    </p>
   </div>
   <div class='ocr_carea' id='block_1_40' title="bbox 390 2449 1975 2521">
    <p class='ocr_par' dir='ltr' id='par_1_40' title="bbox 390 2449 1975 2521">
     <span class='ocr_line' id='line_1_40' title="bbox 390 2449 1975 2521; baseline -0.001 -16"><span class='ocrx_word' id='word_1_291' title='bbox 390 2450 609 2514; x_wconf 79' lang='lat' dir='ltr'><strong>transii,</strong></span> <span class='ocrx_word' id='word_1_292' title='bbox 657 2449 821 2504; x_wconf 75' lang='lat' dir='ltr'><strong>donec</strong></span> <span class='ocrx_word' id='word_1_293' title='bbox 849 2451 1021 2505; x_wconf 79' lang='lat' dir='ltr'><strong>inveni</strong></span> <span class='ocrx_word' id='word_1_294' title='bbox 1064 2466 1183 2504; x_wconf 87' lang='lat' dir='ltr'><strong>eum</strong></span> <span class='ocrx_word' id='word_1_295' title='bbox 1214 2467 1368 2520; x_wconf 80' lang='lat' dir='ltr'><strong>quem</strong></span> <span class='ocrx_word' id='word_1_296' title='bbox 1400 2450 1577 2521; x_wconf 84' lang='lat' dir='ltr'><strong>diligit</strong></span> <span class='ocrx_word' id='word_1_297' title='bbox 1607 2450 1787 2503; x_wconf 87' lang='lat' dir='ltr'><strong>anima</strong></span> <span class='ocrx_word' id='word_1_298' title='bbox 1822 2465 1975 2504; x_wconf 87' lang='lat' dir='ltr'><strong>mea:</strong></span> 
     </span>
    </p>
   </div>
   <div class='ocr_carea' id='block_1_41' title="bbox 391 2540 1979 2608">
    <p class='ocr_par' dir='ltr' id='par_1_41' title="bbox 391 2540 1979 2608">
     <span class='ocr_line' id='line_1_41' title="bbox 391 2540 1979 2608; baseline 0.001 -13"><span class='ocrx_word' id='word_1_299' title='bbox 391 2541 537 2595; x_wconf 85' lang='lat' dir='ltr'><strong>tenui</strong></span> <span class='ocrx_word' id='word_1_300' title='bbox 575 2556 694 2594; x_wconf 85' lang='lat' dir='ltr'><strong>eum</strong></span> <span class='ocrx_word' id='word_1_301' title='bbox 732 2551 782 2595; x_wconf 91' lang='lat' dir='ltr'><strong>et</strong></span> <span class='ocrx_word' id='word_1_302' title='bbox 825 2557 927 2596; x_wconf 86' lang='lat' dir='ltr'><strong>non</strong></span> <span class='ocrx_word' id='word_1_303' title='bbox 960 2540 1142 2596; x_wconf 75' lang='lat' dir='ltr'><strong>dimisi</strong></span> <span class='ocrx_word' id='word_1_304' title='bbox 1182 2557 1319 2608; x_wconf 86' lang='lat' dir='ltr'><strong>eum,</strong></span> <span class='ocrx_word' id='word_1_305' title='bbox 1356 2540 1525 2596; x_wconf 84' lang='lat' dir='ltr'><strong>donec</strong></span> <span class='ocrx_word' id='word_1_306' title='bbox 1556 2557 1675 2596; x_wconf 89' lang='lat' dir='ltr'><strong>eum</strong></span> <span class='ocrx_word' id='word_1_307' title='bbox 1705 2540 1979 2596; x_wconf 72' lang='lat' dir='ltr'><strong>introduxi</strong></span> 
     </span>
    </p>
   </div>
   <div class='ocr_carea' id='block_1_42' title="bbox 389 2631 1979 2705">
    <p class='ocr_par' dir='ltr' id='par_1_42' title="bbox 389 2631 1979 2705">
     <span class='ocr_line' id='line_1_42' title="bbox 389 2631 1979 2705; baseline 0.001 -19"><span class='ocrx_word' id='word_1_308' title='bbox 389 2634 446 2686; x_wconf 86' lang='lat' dir='ltr'><strong>in</strong></span> <span class='ocrx_word' id='word_1_309' title='bbox 473 2631 688 2687; x_wconf 87' lang='lat' dir='ltr'><strong>domum</strong></span> <span class='ocrx_word' id='word_1_310' title='bbox 719 2633 907 2688; x_wconf 77' lang='lat' dir='ltr'><strong>matris</strong></span> <span class='ocrx_word' id='word_1_311' title='bbox 945 2648 1094 2698; x_wconf 71' lang='lat' dir='ltr'><strong>mete,</strong></span> <span class='ocrx_word' id='word_1_312' title='bbox 1138 2642 1187 2688; x_wconf 87' lang='lat' dir='ltr'><strong>et</strong></span> <span class='ocrx_word' id='word_1_313' title='bbox 1218 2634 1273 2687; x_wconf 86' lang='lat' dir='ltr'><strong>in</strong></span> <span class='ocrx_word' id='word_1_314' title='bbox 1314 2633 1558 2689; x_wconf 85' lang='lat' dir='ltr'><strong>conclare</strong></span> <span class='ocrx_word' id='word_1_315' title='bbox 1599 2634 1715 2703; x_wconf 71' lang='lat' dir='ltr'><strong>ejus</strong></span> <span class='ocrx_word' id='word_1_316' title='bbox 1749 2649 1866 2705; x_wconf 71' lang='lat' dir='ltr'><strong>qua:</strong></span> <span class='ocrx_word' id='word_1_317' title='bbox 1898 2649 1979 2687; x_wconf 90' lang='lat' dir='ltr'><strong>me</strong></span> 
     </span>
    </p>
   </div>
   <div class='ocr_carea' id='block_1_43' title="bbox 389 2726 647 2794">
    <p class='ocr_par' dir='ltr' id='par_1_43' title="bbox 389 2726 647 2794">
     <span class='ocr_line' id='line_1_43' title="bbox 389 2726 647 2794; baseline -0.008 -10"><span class='ocrx_word' id='word_1_318' title='bbox 389 2726 647 2794; x_wconf 75' lang='lat' dir='ltr'><strong>concepit.</strong></span> 
     </span>
    </p>
   </div>
   <div class='ocr_carea' id='block_1_44' title="bbox 466 3002 1980 3074">
    <p class='ocr_par' dir='ltr' id='par_1_44' title="bbox 466 3002 1980 3074">
     <span class='ocr_line' id='line_1_44' title="bbox 466 3002 1980 3074; baseline 0.001 -16"><span class='ocrx_word' id='word_1_319' title='bbox 466 3003 753 3071; x_wconf 86' lang='lat' dir='ltr'><strong>Quomodo</strong></span> <span class='ocrx_word' id='word_1_320' title='bbox 792 3019 927 3074; x_wconf 75' lang='lat' dir='ltr'><strong>ergo</strong></span> <span class='ocrx_word' id='word_1_321' title='bbox 968 3004 1024 3058; x_wconf 91' lang='lat' dir='ltr'><strong>in</strong></span> <span class='ocrx_word' id='word_1_322' title='bbox 1058 3004 1125 3060; x_wconf 83' lang='lat' dir='ltr'><strong>iis</strong></span> <span class='ocrx_word' id='word_1_323' title='bbox 1162 3019 1284 3074; x_wconf 81' lang='lat' dir='ltr'><strong>quae</strong></span> <span class='ocrx_word' id='word_1_324' title='bbox 1317 3003 1464 3059; x_wconf 89' lang='lat' dir='ltr'><strong>dicta</strong></span> <span class='ocrx_word' id='word_1_325' title='bbox 1509 3010 1640 3059; x_wconf 82' lang='lat' dir='ltr'><strong>sunt</strong></span> <span class='ocrx_word' id='word_1_326' title='bbox 1669 3002 1980 3060; x_wconf 81' lang='lat' dir='ltr'><strong>invenimus</strong></span> 
     </span>
    </p>
   </div>
   <div class='ocr_carea' id='block_1_45' title="bbox 2074 1897 3663 1971">
    <p class='ocr_par' dir='ltr' id='par_1_45' title="bbox 2074 1897 3663 1971">
     <span class='ocr_line' id='line_1_45' title="bbox 2074 1897 3663 1971; baseline -0.001 -17"><span class='ocrx_word' id='word_1_327' title='bbox 2074 1901 2147 1955; x_wconf 80' lang='grc' dir='ltr'>ὃν</span> <span class='ocrx_word' id='word_1_328' title='bbox 2173 1900 2492 1971; x_wconf 74' lang='grc' dir='ltr'>ἠγάπησεν</span> <span class='ocrx_word' id='word_1_329' title='bbox 2520 1902 2558 1969; x_wconf 77' lang='grc' dir='ltr'>ἡ</span> <span class='ocrx_word' id='word_1_330' title='bbox 2598 1900 2768 1969; x_wconf 65' lang='grc' dir='ltr'><strong>ψυχή</strong></span> <span class='ocrx_word' id='word_1_331' title='bbox 2804 1917 2947 1966; x_wconf 85' lang='grc' dir='ltr'>μου·</span> <span class='ocrx_word' id='word_1_332' title='bbox 2986 1897 3248 1968; x_wconf 73' lang='grc' dir='ltr'>ἐζήτησα</span> <span class='ocrx_word' id='word_1_333' title='bbox 3289 1899 3504 1964; x_wconf 74' lang='grc' dir='ltr'>αὑτὸν,</span> <span class='ocrx_word' id='word_1_334' title='bbox 3563 1899 3663 1952; x_wconf 76' lang='grc' dir='ltr'><strong>καὶ</strong></span> 
     </span>
    </p>
   </div>
   <div class='ocr_carea' id='block_1_46' title="bbox 2074 1989 3667 2061">
    <p class='ocr_par' dir='ltr' id='par_1_46' title="bbox 2074 1989 3667 2061">
     <span class='ocr_line' id='line_1_46' title="bbox 2074 1989 3667 2061; baseline -0.004 -14"><span class='ocrx_word' id='word_1_335' title='bbox 2074 1995 2187 2061; x_wconf 84' lang='grc' dir='ltr'>οὐχ</span> <span class='ocrx_word' id='word_1_336' title='bbox 2218 1989 2400 2060; x_wconf 82' lang='grc' dir='ltr'>εὖρον</span> <span class='ocrx_word' id='word_1_337' title='bbox 2427 1991 2642 2046; x_wconf 81' lang='grc' dir='ltr'>αὐτόν·</span> <span class='ocrx_word' id='word_1_338' title='bbox 2680 1990 2946 2045; x_wconf 66' lang='grc' dir='ltr'>ἐκάλεσα</span> <span class='ocrx_word' id='word_1_339' title='bbox 2973 1990 3180 2055; x_wconf 81' lang='grc' dir='ltr'>αὐτὸν,</span> <span class='ocrx_word' id='word_1_340' title='bbox 3218 1991 3315 2044; x_wconf 78' lang='grc' dir='ltr'><strong>καὶ</strong></span> <span class='ocrx_word' id='word_1_341' title='bbox 3358 1992 3472 2058; x_wconf 84' lang='grc' dir='ltr'>οὐχ</span> <span class='ocrx_word' id='word_1_342' title='bbox 3505 1989 3667 2055; x_wconf 57' lang='lat' dir='ltr'><strong>om}-</strong></span> 
     </span>
    </p>
   </div>
   <div class='ocr_carea' id='block_1_47' title="bbox 2075 2079 3665 2155">
    <p class='ocr_par' dir='ltr' id='par_1_47' title="bbox 2075 2079 3665 2155">
     <span class='ocr_line' id='line_1_47' title="bbox 2075 2079 3665 2155; baseline -0.003 -16"><span class='ocrx_word' id='word_1_343' title='bbox 2075 2085 2264 2139; x_wconf 80' lang='grc' dir='ltr'><strong>κουσέ</strong></span> <span class='ocrx_word' id='word_1_344' title='bbox 2289 2103 2430 2155; x_wconf 83' lang='grc' dir='ltr'>μου.</span> <span class='ocrx_word' id='word_1_345' title='bbox 2467 2083 2913 2151; x_wconf 67' lang='grc' dir='ltr'>Ἀναοντήονομαι</span> <span class='ocrx_word' id='word_1_346' title='bbox 2942 2082 3013 2135; x_wconf 79' lang='grc' dir='ltr'>δὲ</span> <span class='ocrx_word' id='word_1_347' title='bbox 3043 2082 3143 2136; x_wconf 75' lang='grc' dir='ltr'><strong>καὶ</strong></span> <span class='ocrx_word' id='word_1_348' title='bbox 3170 2081 3463 2136; x_wconf 69' lang='grc' dir='ltr'><strong>κυκλώσω</strong></span> <span class='ocrx_word' id='word_1_349' title='bbox 3489 2081 3564 2135; x_wconf 84' lang='grc' dir='ltr'>ὲν</span> <span class='ocrx_word' id='word_1_350' title='bbox 3591 2079 3665 2148; x_wconf 75' lang='grc' dir='ltr'>τῇ</span> 
     </span>
    </p>
   </div>
   <div class='ocr_carea' id='block_1_48' title="bbox 2075 2173 3663 2245">
    <p class='ocr_par' dir='ltr' id='par_1_48' title="bbox 2075 2173 3663 2245">
     <span class='ocr_line' id='line_1_48' title="bbox 2075 2173 3663 2245; baseline -0.001 -16"><span class='ocrx_word' id='word_1_351' title='bbox 2075 2176 2249 2231; x_wconf 71' lang='grc' dir='ltr'>πόλει</span> <span class='ocrx_word' id='word_1_352' title='bbox 2269 2217 2282 2241; x_wconf 91' lang='grc'><strong>,</strong></span> <span class='ocrx_word' id='word_1_353' title='bbox 2328 2177 2398 2229; x_wconf 84' lang='grc' dir='ltr'>ὲν</span> <span class='ocrx_word' id='word_1_354' title='bbox 2436 2175 2565 2241; x_wconf 84' lang='grc' dir='ltr'>ταῖς</span> <span class='ocrx_word' id='word_1_355' title='bbox 2591 2175 2868 2245; x_wconf 72' lang='grc' dir='ltr'>ἀγοραῖς,</span> <span class='ocrx_word' id='word_1_356' title='bbox 2916 2173 3018 2228; x_wconf 80' lang='grc' dir='ltr'><strong>καὶ</strong></span> <span class='ocrx_word' id='word_1_357' title='bbox 3048 2174 3119 2227; x_wconf 76' lang='grc' dir='ltr'>ὲν</span> <span class='ocrx_word' id='word_1_358' title='bbox 3148 2173 3278 2239; x_wconf 74' lang='grc' dir='ltr'>ταῖς</span> <span class='ocrx_word' id='word_1_359' title='bbox 3324 2173 3663 2237; x_wconf 72' lang='grc' dir='ltr'>πλατείαις,</span> 
     </span>
    </p>
   </div>
   <div class='ocr_carea' id='block_1_49' title="bbox 2076 2265 3666 2338">
    <p class='ocr_par' dir='ltr' id='par_1_49' title="bbox 2076 2265 3666 2338">
     <span class='ocr_line' id='line_1_49' title="bbox 2076 2265 3666 2338; baseline -0.003 -14"><span class='ocrx_word' id='word_1_360' title='bbox 2076 2269 2175 2324; x_wconf 75' lang='grc' dir='ltr'>καί</span> <span class='ocrx_word' id='word_1_361' title='bbox 2201 2268 2433 2338; x_wconf 75' lang='grc' dir='ltr'>ζητήσω</span> <span class='ocrx_word' id='word_1_362' title='bbox 2462 2268 2534 2322; x_wconf 80' lang='grc' dir='ltr'>ὃν</span> <span class='ocrx_word' id='word_1_363' title='bbox 2570 2268 2892 2338; x_wconf 77' lang='grc' dir='ltr'>ἠγάπησεν</span> <span class='ocrx_word' id='word_1_364' title='bbox 2921 2268 2960 2335; x_wconf 78' lang='grc' dir='ltr'><strong><em>ή</em></strong></span> <span class='ocrx_word' id='word_1_365' title='bbox 2990 2266 3162 2336; x_wconf 73' lang='grc' dir='ltr'><strong>ψυχή</strong></span> <span class='ocrx_word' id='word_1_366' title='bbox 3192 2284 3330 2336; x_wconf 79' lang='grc' dir='ltr'><strong>⁴μου.</strong></span> <span class='ocrx_word' id='word_1_367' title='bbox 3375 2265 3666 2334; x_wconf 82' lang='grc' dir='ltr'>Ἐζήτησα</span> 
     </span>
    </p>
   </div>
   <div class='ocr_carea' id='block_1_50' title="bbox 2076 2354 3665 2427">
    <p class='ocr_par' dir='ltr' id='par_1_50' title="bbox 2076 2354 3665 2427">
     <span class='ocr_line' id='line_1_50' title="bbox 2076 2354 3665 2427; baseline -0.002 -12"><span class='ocrx_word' id='word_1_368' title='bbox 2076 2362 2283 2422; x_wconf 79' lang='grc' dir='ltr'>αὐτὸν,</span> <span class='ocrx_word' id='word_1_369' title='bbox 2317 2358 2416 2413; x_wconf 76' lang='grc' dir='ltr'><strong>καὶ</strong></span> <span class='ocrx_word' id='word_1_370' title='bbox 2449 2361 2563 2427; x_wconf 88' lang='grc' dir='ltr'>οὐχ</span> <span class='ocrx_word' id='word_1_371' title='bbox 2586 2354 2769 2427; x_wconf 81' lang='grc' dir='ltr'>εὖρον</span> <span class='ocrx_word' id='word_1_372' title='bbox 2794 2360 3000 2415; x_wconf 77' lang='grc' dir='ltr'>αὐτόν.</span> <span class='ocrx_word' id='word_1_373' title='bbox 3056 2356 3336 2426; x_wconf 81' lang='grc' dir='ltr'>Εὔροσὰν</span> <span class='ocrx_word' id='word_1_374' title='bbox 3354 2375 3432 2427; x_wconf 82' lang='grc' dir='ltr'><strong>με</strong></span> <span class='ocrx_word' id='word_1_375' title='bbox 3476 2360 3532 2412; x_wconf 76' lang='lat' dir='ltr'><strong>oi</strong></span> <span class='ocrx_word' id='word_1_376' title='bbox 3560 2374 3665 2424; x_wconf 61' lang='grc' dir='ltr'>τηυ</span> 
     </span>
    </p>
   </div>
   <div class='ocr_carea' id='block_1_51' title="bbox 2069 2448 3664 2524">
    <p class='ocr_par' dir='ltr' id='par_1_51' title="bbox 2069 2448 3664 2524">
     <span class='ocr_line' id='line_1_51' title="bbox 2069 2448 3664 2524; baseline -0.004 -15"><span class='ocrx_word' id='word_1_377' title='bbox 2069 2453 2344 2524; x_wconf 82' lang='grc' dir='ltr'>ροῦντες,</span> <span class='ocrx_word' id='word_1_378' title='bbox 2369 2455 2422 2507; x_wconf 79' lang='lat' dir='ltr'><strong>oi</strong></span> <span class='ocrx_word' id='word_1_379' title='bbox 2448 2452 2823 2518; x_wconf 73' lang='grc' dir='ltr'><strong>κυκλοῦντες</strong></span> <span class='ocrx_word' id='word_1_380' title='bbox 2847 2452 2917 2505; x_wconf 83' lang='grc' dir='ltr'>ἐν</span> <span class='ocrx_word' id='word_1_381' title='bbox 2944 2448 3019 2520; x_wconf 79' lang='grc' dir='ltr'>τῇ</span> <span class='ocrx_word' id='word_1_382' title='bbox 3051 2452 3243 2504; x_wconf 74' lang='grc' dir='ltr'>πόλει.</span> <span class='ocrx_word' id='word_1_383' title='bbox 3275 2449 3371 2518; x_wconf 72' lang='grc' dir='ltr'><strong>Μὴ</strong></span> <span class='ocrx_word' id='word_1_384' title='bbox 3410 2449 3485 2504; x_wconf 83' lang='grc' dir='ltr'>ὃν</span> <span class='ocrx_word' id='word_1_385' title='bbox 3520 2449 3664 2519; x_wconf 60' lang='lat' dir='ltr'><strong>157d-</strong></span> 
     </span>
    </p>
   </div>
   <div class='ocr_carea' id='block_1_52' title="bbox 2078 2541 3666 2615">
    <p class='ocr_par' dir='ltr' id='par_1_52' title="bbox 2078 2541 3666 2615">
     <span class='ocr_line' id='line_1_52' title="bbox 2078 2541 3666 2615; baseline -0.004 -16"><span class='ocrx_word' id='word_1_386' title='bbox 2078 2559 2281 2615; x_wconf 80' lang='grc' dir='ltr'>πηοεν</span> <span class='ocrx_word' id='word_1_387' title='bbox 2316 2545 2356 2613; x_wconf 79' lang='grc' dir='ltr'><strong><em>ἠ</em></strong></span> <span class='ocrx_word' id='word_1_388' title='bbox 2396 2542 2567 2613; x_wconf 68' lang='grc' dir='ltr'><strong>ψυχή</strong></span> <span class='ocrx_word' id='word_1_389' title='bbox 2592 2559 2711 2613; x_wconf 82' lang='grc' dir='ltr'><strong>μου</strong></span> <span class='ocrx_word' id='word_1_390' title='bbox 2738 2542 2933 2608; x_wconf 68' lang='lat' dir='ltr'><strong>were;</strong></span> <span class='ocrx_word' id='word_1_391' title='bbox 2980 2542 3060 2608; x_wconf 84' lang='grc' dir='ltr'>ὡς</span> <span class='ocrx_word' id='word_1_392' title='bbox 3083 2541 3344 2610; x_wconf 80' lang='grc' dir='ltr'>σμικρὸν</span> <span class='ocrx_word' id='word_1_393' title='bbox 3369 2541 3471 2594; x_wconf 82' lang='grc' dir='ltr'>ὅτε</span> <span class='ocrx_word' id='word_1_394' title='bbox 3513 2554 3666 2608; x_wconf 74' lang='grc' dir='ltr'>παρ-</span> 
     </span>
    </p>
   </div>
   <div class='ocr_carea' id='block_1_53' title="bbox 2077 2627 3665 2706">
    <p class='ocr_par' dir='ltr' id='par_1_53' title="bbox 2077 2627 3665 2706">
     <span class='ocr_line' id='line_1_53' title="bbox 2077 2627 3665 2706; baseline -0.005 -15"><span class='ocrx_word' id='word_1_395' title='bbox 2077 2636 2273 2706; x_wconf 80' lang='grc' dir='ltr'>ῆλθον</span> <span class='ocrx_word' id='word_1_396' title='bbox 2309 2634 2411 2690; x_wconf 80' lang='grc' dir='ltr'><strong>ἀπ’</strong></span> <span class='ocrx_word' id='word_1_397' title='bbox 2445 2632 2664 2699; x_wconf 83' lang='grc' dir='ltr'>αὐτῶν,</span> <span class='ocrx_word' id='word_1_398' title='bbox 2703 2632 2815 2699; x_wconf 81' lang='grc' dir='ltr'>ἕως</span> <span class='ocrx_word' id='word_1_399' title='bbox 2855 2632 2927 2687; x_wconf 81' lang='grc' dir='ltr'>οὗ</span> <span class='ocrx_word' id='word_1_400' title='bbox 2965 2627 3149 2700; x_wconf 78' lang='grc' dir='ltr'>εὖρον</span> <span class='ocrx_word' id='word_1_401' title='bbox 3175 2629 3248 2685; x_wconf 79' lang='grc' dir='ltr'>ὃν</span> <span class='ocrx_word' id='word_1_402' title='bbox 3275 2629 3602 2701; x_wconf 62' lang='grc' dir='ltr'>ἠγάπησεν</span> <span class='ocrx_word' id='word_1_403' title='bbox 3626 2629 3665 2697; x_wconf 77' lang='grc' dir='ltr'><strong><em>ἠ</em></strong></span> 
     </span>
    </p>
   </div>
   <div class='ocr_carea' id='block_1_54' title="bbox 2078 2718 3665 2797">
    <p class='ocr_par' dir='ltr' id='par_1_54' title="bbox 2078 2718 3665 2797">
     <span class='ocr_line' id='line_1_54' title="bbox 2078 2718 3665 2797; baseline -0.008 -13"><span class='ocrx_word' id='word_1_404' title='bbox 2078 2725 2248 2796; x_wconf 64' lang='grc' dir='ltr'><strong>ψυχή</strong></span> <span class='ocrx_word' id='word_1_405' title='bbox 2260 2744 2382 2797; x_wconf 81' lang='grc' dir='ltr'>μου</span> <span class='ocrx_word' id='word_1_406' title='bbox 2406 2743 2419 2754; x_wconf 80' lang='grc'><em>’</em></span> <span class='ocrx_word' id='word_1_407' title='bbox 2443 2723 2747 2794; x_wconf 74' lang='grc' dir='ltr'><strong>ἐκράτησα</strong></span> <span class='ocrx_word' id='word_1_408' title='bbox 2764 2723 2969 2787; x_wconf 81' lang='grc' dir='ltr'>αὑτὸν,</span> <span class='ocrx_word' id='word_1_409' title='bbox 2984 2722 3085 2778; x_wconf 75' lang='grc' dir='ltr'>καί</span> <span class='ocrx_word' id='word_1_410' title='bbox 3102 2725 3213 2777; x_wconf 82' lang='grc' dir='ltr'>οὐκ</span> <span class='ocrx_word' id='word_1_411' title='bbox 3231 2720 3438 2791; x_wconf 71' lang='grc' dir='ltr'>ἀφῆκα</span> <span class='ocrx_word' id='word_1_412' title='bbox 3455 2718 3665 2781; x_wconf 77' lang='grc' dir='ltr'>αὑτὸν,</span> 
     </span>
    </p>
   </div>
   <div class='ocr_carea' id='block_1_55' title="bbox 2077 2811 3662 2887">
    <p class='ocr_par' dir='ltr' id='par_1_55' title="bbox 2077 2811 3662 2887">
     <span class='ocr_line' id='line_1_55' title="bbox 2077 2811 3662 2887; baseline -0.006 -12"><span class='ocrx_word' id='word_1_413' title='bbox 2077 2819 2189 2885; x_wconf 70' lang='grc' dir='ltr'>ἕως</span> <span class='ocrx_word' id='word_1_414' title='bbox 2219 2813 2292 2875; x_wconf 82' lang='grc' dir='ltr'>οὗ</span> <span class='ocrx_word' id='word_1_415' title='bbox 2322 2818 2650 2887; x_wconf 71' lang='grc' dir='ltr'><strong>εἰσήγαγον</strong></span> <span class='ocrx_word' id='word_1_416' title='bbox 2695 2815 2883 2871; x_wconf 84' lang='grc' dir='ltr'>αὐτὸν</span> <span class='ocrx_word' id='word_1_417' title='bbox 2912 2816 3000 2881; x_wconf 82' lang='grc' dir='ltr'>εὶς</span> <span class='ocrx_word' id='word_1_418' title='bbox 3040 2811 3210 2869; x_wconf 74' lang='grc' dir='ltr'>οἷκον</span> <span class='ocrx_word' id='word_1_419' title='bbox 3249 2814 3479 2884; x_wconf 82' lang='grc' dir='ltr'>μητρός</span> <span class='ocrx_word' id='word_1_420' title='bbox 3519 2828 3662 2882; x_wconf 81' lang='grc' dir='ltr'>μου,</span> 
     </span>
    </p>
   </div>
   <div class='ocr_carea' id='block_1_56' title="bbox 2080 2906 3287 2979">
    <p class='ocr_par' dir='ltr' id='par_1_56' title="bbox 2080 2906 3287 2979">
     <span class='ocr_line' id='line_1_56' title="bbox 2080 2906 3287 2979; baseline -0.005 -14"><span class='ocrx_word' id='word_1_421' title='bbox 2080 2910 2178 2965; x_wconf 79' lang='grc' dir='ltr'><strong>καὶ</strong></span> <span class='ocrx_word' id='word_1_422' title='bbox 2206 2912 2292 2976; x_wconf 81' lang='grc' dir='ltr'>εὶς</span> <span class='ocrx_word' id='word_1_423' title='bbox 2312 2908 2575 2979; x_wconf 79' lang='grc' dir='ltr'>ταμιεῖον</span> <span class='ocrx_word' id='word_1_424' title='bbox 2596 2906 2704 2977; x_wconf 82' lang='grc' dir='ltr'>τῆς</span> <span class='ocrx_word' id='word_1_425' title='bbox 2731 2906 3173 2972; x_wconf 71' lang='grc' dir='ltr'>συλλαϐούσης</span> <span class='ocrx_word' id='word_1_426' title='bbox 3194 2921 3287 2975; x_wconf 81' lang='grc' dir='ltr'>με.</span> 
     </span>
    </p>
   </div>
   <div class='ocr_carea' id='block_1_57' title="bbox 2151 2995 3662 3071">
    <p class='ocr_par' dir='ltr' id='par_1_57' title="bbox 2151 2995 3662 3071">
     <span class='ocr_line' id='line_1_57' title="bbox 2151 2995 3662 3071; baseline -0.005 -14"><span class='ocrx_word' id='word_1_427' title='bbox 2151 3002 2278 3066; x_wconf 85' lang='grc' dir='ltr'><strong>Πῶς</strong></span> <span class='ocrx_word' id='word_1_428' title='bbox 2307 3001 2485 3057; x_wconf 80' lang='grc' dir='ltr'>τοίνυν</span> <span class='ocrx_word' id='word_1_429' title='bbox 2528 3002 2587 3055; x_wconf 78' lang='grc' dir='ltr'>ὲν</span> <span class='ocrx_word' id='word_1_430' title='bbox 2623 3002 2735 3064; x_wconf 87' lang='grc' dir='ltr'>τοίς</span> <span class='ocrx_word' id='word_1_431' title='bbox 2774 3000 3086 3071; x_wconf 75' lang='grc' dir='ltr'>εἰρημένοις</span> <span class='ocrx_word' id='word_1_432' title='bbox 3109 2998 3438 3071; x_wconf 81' lang='grc' dir='ltr'>εὑρίσκομεν</span> <span class='ocrx_word' id='word_1_433' title='bbox 3476 2996 3547 3051; x_wconf 78' lang='grc' dir='ltr'><strong>τὰ</strong></span> <span class='ocrx_word' id='word_1_434' title='bbox 3578 2995 3662 3049; x_wconf 84' lang='grc' dir='ltr'>δο-</span> 
     </span>
    </p>
   </div>
   <div class='ocr_carea' id='block_1_58' title="bbox 395 3087 1983 3167">
    <p class='ocr_par' dir='ltr' id='par_1_58' title="bbox 395 3093 1980 3167">
     <span class='ocr_line' id='line_1_58' title="bbox 395 3093 1980 3167; baseline -0.003 -13"><span class='ocrx_word' id='word_1_435' title='bbox 395 3110 594 3155; x_wconf 77' lang='lat' dir='ltr'><strong>sensus</strong></span> <span class='ocrx_word' id='word_1_436' title='bbox 619 3095 712 3167; x_wconf 91' lang='lat' dir='ltr'><strong>qui</strong></span> <span class='ocrx_word' id='word_1_437' title='bbox 743 3096 1053 3166; x_wconf 79' lang='lat' dir='ltr'><strong>dogmatice</strong></span> <span class='ocrx_word' id='word_1_438' title='bbox 1085 3110 1182 3166; x_wconf 88' lang='lat' dir='ltr'><strong>per</strong></span> <span class='ocrx_word' id='word_1_439' title='bbox 1214 3093 1576 3166; x_wconf 86' lang='lat' dir='ltr'><strong>periphrasim</strong></span> <span class='ocrx_word' id='word_1_440' title='bbox 1602 3108 1634 3149; x_wconf 85' lang='lat' dir='ltr'><strong>a</strong></span> <span class='ocrx_word' id='word_1_441' title='bbox 1659 3094 1820 3150; x_wconf 87' lang='lat' dir='ltr'><strong>nobis</strong></span> <span class='ocrx_word' id='word_1_442' title='bbox 1848 3101 1980 3151; x_wconf 88' lang='lat' dir='ltr'><strong>sunt</strong></span> 
     </span>
    </p>
   </div>
   <div class='ocr_carea' id='block_1_59' title="bbox 2088 3087 3667 3167">
    <p class='ocr_par' dir='ltr' id='par_1_59' title="bbox 2088 3087 3667 3166">
     <span class='ocr_line' id='line_1_59' title="bbox 2088 3087 3667 3166; baseline -0.006 -18"><span class='ocrx_word' id='word_1_443' title='bbox 2088 3091 2369 3166; x_wconf 83' lang='grc' dir='ltr'>γματικῶς</span> <span class='ocrx_word' id='word_1_444' title='bbox 2410 3094 2544 3163; x_wconf 78' lang='grc' dir='ltr'>ἡμῖν</span> <span class='ocrx_word' id='word_1_445' title='bbox 2590 3089 3045 3161; x_wconf 80' lang='grc' dir='ltr'>προθεωρηθέντα</span> <span class='ocrx_word' id='word_1_446' title='bbox 3093 3090 3381 3159; x_wconf 84' lang='grc' dir='ltr'>νοήματα;</span> <span class='ocrx_word' id='word_1_447' title='bbox 3446 3087 3667 3157; x_wconf 78' lang='grc' dir='ltr'>γέγονεν</span> 
     </span>
    </p>
   </div>
   <div class='ocr_carea' id='block_1_60' title="bbox 394 3185 1983 3260">
    <p class='ocr_par' dir='ltr' id='par_1_60' title="bbox 394 3185 1983 3260">
     <span class='ocr_line' id='line_1_60' title="bbox 394 3185 1983 3260; baseline -0.003 -14"><span class='ocrx_word' id='word_1_448' title='bbox 394 3187 674 3260; x_wconf 82' lang='lat' dir='ltr'><strong>expositi?</strong></span> <span class='ocrx_word' id='word_1_449' title='bbox 707 3185 765 3242; x_wconf 83' lang='lat' dir='ltr'><strong>In</strong></span> <span class='ocrx_word' id='word_1_450' title='bbox 796 3187 1236 3259; x_wconf 60' lang='lat' dir='ltr'><strong>praaceJentibus</strong></span> <span class='ocrx_word' id='word_1_451' title='bbox 1268 3185 1712 3250; x_wconf 88' lang='lat' dir='ltr'><strong>ascensionibus,</strong></span> <span class='ocrx_word' id='word_1_452' title='bbox 1748 3186 1849 3241; x_wconf 75' lang='lat' dir='ltr'><strong>fuit</strong></span> <span class='ocrx_word' id='word_1_453' title='bbox 1884 3201 1983 3256; x_wconf 93' lang='lat' dir='ltr'><strong>pro</strong></span> 
     </span>
    </p>
   </div>
   <div class='ocr_carea' id='block_1_61' title="bbox 397 3278 1985 3354">
    <p class='ocr_par' dir='ltr' id='par_1_61' title="bbox 397 3278 1985 3354">
     <span class='ocr_line' id='line_1_61' title="bbox 397 3278 1985 3354; baseline -0.003 -16"><span class='ocrx_word' id='word_1_454' title='bbox 397 3282 611 3338; x_wconf 86' lang='lat' dir='ltr'><strong>ratione</strong></span> <span class='ocrx_word' id='word_1_455' title='bbox 655 3282 779 3354; x_wconf 87' lang='lat' dir='ltr'><strong>ejus</strong></span> <span class='ocrx_word' id='word_1_456' title='bbox 826 3280 972 3351; x_wconf 91' lang='lat' dir='ltr'><strong>quod</strong></span> <span class='ocrx_word' id='word_1_457' title='bbox 1027 3294 1244 3351; x_wconf 79' lang='lat' dir='ltr'><strong>semper</strong></span> <span class='ocrx_word' id='word_1_458' title='bbox 1280 3278 1340 3334; x_wconf 81' lang='lat' dir='ltr'><strong>iit</strong></span> <span class='ocrx_word' id='word_1_459' title='bbox 1384 3279 1729 3344; x_wconf 86' lang='lat' dir='ltr'><strong>incrementi,</strong></span> <span class='ocrx_word' id='word_1_460' title='bbox 1767 3294 1985 3350; x_wconf 87' lang='lat' dir='ltr'><strong>semper</strong></span> 
     </span>
    </p>
   </div>
   <div class='ocr_carea' id='block_1_62' title="bbox 400 3372 1985 3444">
    <p class='ocr_par' dir='ltr' id='par_1_62' title="bbox 400 3372 1985 3444">
     <span class='ocr_line' id='line_1_62' title="bbox 400 3372 1985 3444; baseline -0.001 -13"><span class='ocrx_word' id='word_1_461' title='bbox 400 3380 612 3431; x_wconf 81' lang='lat' dir='ltr'><strong>mutata</strong></span> <span class='ocrx_word' id='word_1_462' title='bbox 645 3373 712 3429; x_wconf 89' lang='lat' dir='ltr'><strong>ad</strong></span> <span class='ocrx_word' id='word_1_463' title='bbox 747 3373 803 3429; x_wconf 97' lang='lat' dir='ltr'><strong>id</strong></span> <span class='ocrx_word' id='word_1_464' title='bbox 832 3372 979 3444; x_wconf 88' lang='lat' dir='ltr'><strong>quod</strong></span> <span class='ocrx_word' id='word_1_465' title='bbox 1010 3380 1096 3428; x_wconf 88' lang='lat' dir='ltr'><strong>est</strong></span> <span class='ocrx_word' id='word_1_466' title='bbox 1136 3373 1358 3435; x_wconf 89' lang='lat' dir='ltr'><strong>melius,</strong></span> <span class='ocrx_word' id='word_1_467' title='bbox 1389 3380 1441 3427; x_wconf 85' lang='lat' dir='ltr'><strong>et</strong></span> <span class='ocrx_word' id='word_1_468' title='bbox 1473 3373 1525 3426; x_wconf 90' lang='lat' dir='ltr'><strong>in</strong></span> <span class='ocrx_word' id='word_1_469' title='bbox 1556 3372 1700 3427; x_wconf 92' lang='lat' dir='ltr'><strong>bono</strong></span> <span class='ocrx_word' id='word_1_470' title='bbox 1731 3388 1985 3444; x_wconf 83' lang='lat' dir='ltr'><strong>compre-</strong></span> 
     </span>
    </p>
   </div>
   <div class='ocr_carea' id='block_1_63' title="bbox 402 3464 1984 3535">
    <p class='ocr_par' dir='ltr' id='par_1_63' title="bbox 402 3464 1984 3535">
     <span class='ocr_line' id='line_1_63' title="bbox 402 3464 1984 3535; baseline 0.002 -19"><span class='ocrx_word' id='word_1_471' title='bbox 402 3466 576 3520; x_wconf 85' lang='lat' dir='ltr'><strong>henso</strong></span> <span class='ocrx_word' id='word_1_472' title='bbox 631 3479 912 3534; x_wconf 86' lang='lat' dir='ltr'><strong>nunquam</strong></span> <span class='ocrx_word' id='word_1_473' title='bbox 965 3464 1192 3530; x_wconf 86' lang='lat' dir='ltr'><strong>sistens,</strong></span> <span class='ocrx_word' id='word_1_474' title='bbox 1248 3479 1395 3519; x_wconf 90' lang='lat' dir='ltr'><strong>nunc</strong></span> <span class='ocrx_word' id='word_1_475' title='bbox 1438 3464 1596 3534; x_wconf 86' lang='lat' dir='ltr'><strong>equis</strong></span> <span class='ocrx_word' id='word_1_476' title='bbox 1642 3473 1984 3535; x_wconf 88' lang='lat' dir='ltr'><strong>comparata,</strong></span> 
     </span>
    </p>
   </div>
   <div class='ocr_carea' id='block_1_64' title="bbox 402 3553 1981 3628">
    <p class='ocr_par' dir='ltr' id='par_1_64' title="bbox 402 3553 1981 3628">
     <span class='ocr_line' id='line_1_64' title="bbox 402 3553 1981 3628; baseline 0.001 -19"><span class='ocrx_word' id='word_1_477' title='bbox 402 3555 493 3624; x_wconf 80' lang='lat' dir='ltr'><strong>qui</strong></span> <span class='ocrx_word' id='word_1_478' title='bbox 526 3553 847 3627; x_wconf 67' lang='lat' dir='ltr'><strong>Egyptium</strong></span> <span class='ocrx_word' id='word_1_479' title='bbox 882 3562 1138 3611; x_wconf 87' lang='lat' dir='ltr'><strong>evertunt</strong></span> <span class='ocrx_word' id='word_1_480' title='bbox 1181 3563 1500 3628; x_wconf 84' lang='lat' dir='ltr'><strong>tyrannum,</strong></span> <span class='ocrx_word' id='word_1_481' title='bbox 1557 3571 1752 3613; x_wconf 86' lang='lat' dir='ltr'><strong>rursus</strong></span> <span class='ocrx_word' id='word_1_482' title='bbox 1799 3568 1981 3612; x_wconf 86' lang='lat' dir='ltr'><strong>autem</strong></span> 
     </span>
    </p>
   </div>
   <div class='ocr_carea' id='block_1_65' title="bbox 404 3643 1985 3715">
    <p class='ocr_par' dir='ltr' id='par_1_65' title="bbox 404 3643 1985 3715">
     <span class='ocr_line' id='line_1_65' title="bbox 404 3643 1985 3715; baseline 0.001 -18"><span class='ocrx_word' id='word_1_483' title='bbox 404 3646 697 3715; x_wconf 80' lang='lat' dir='ltr'><strong>torquibus</strong></span> <span class='ocrx_word' id='word_1_484' title='bbox 746 3654 799 3700; x_wconf 90' lang='lat' dir='ltr'><strong>et</strong></span> <span class='ocrx_word' id='word_1_485' title='bbox 848 3643 1157 3701; x_wconf 86' lang='lat' dir='ltr'><strong>turturibus</strong></span> <span class='ocrx_word' id='word_1_486' title='bbox 1206 3644 1511 3701; x_wconf 87' lang='lat' dir='ltr'><strong>assimilata</strong></span> <span class='ocrx_word' id='word_1_487' title='bbox 1553 3646 1607 3700; x_wconf 91' lang='lat' dir='ltr'><strong>in</strong></span> <span class='ocrx_word' id='word_1_488' title='bbox 1647 3645 1773 3700; x_wconf 92' lang='lat' dir='ltr'><strong>colli</strong></span> <span class='ocrx_word' id='word_1_489' title='bbox 1814 3660 1985 3701; x_wconf 86' lang='lat' dir='ltr'><strong>orna-</strong></span> 
     </span>
    </p>
   </div>
   <div class='ocr_carea' id='block_1_66' title="bbox 404 3735 1984 3808">
    <p class='ocr_par' dir='ltr' id='par_1_66' title="bbox 404 3735 1984 3808">
     <span class='ocr_line' id='line_1_66' title="bbox 404 3735 1984 3808; baseline -0.001 -15"><span class='ocrx_word' id='word_1_490' title='bbox 404 3744 609 3793; x_wconf 88' lang='lat' dir='ltr'><strong>mento.</strong></span> <span class='ocrx_word' id='word_1_491' title='bbox 632 3735 834 3792; x_wconf 89' lang='lat' dir='ltr'><strong>Deinde</strong></span> <span class='ocrx_word' id='word_1_492' title='bbox 858 3736 943 3792; x_wconf 91' lang='lat' dir='ltr'><strong>his</strong></span> <span class='ocrx_word' id='word_1_493' title='bbox 971 3752 1079 3792; x_wconf 93' lang='lat' dir='ltr'><strong>non</strong></span> <span class='ocrx_word' id='word_1_494' title='bbox 1111 3744 1368 3793; x_wconf 88' lang='lat' dir='ltr'><strong>contenta</strong></span> <span class='ocrx_word' id='word_1_495' title='bbox 1403 3737 1652 3808; x_wconf 86' lang='lat' dir='ltr'><strong>procedit</strong></span> <span class='ocrx_word' id='word_1_496' title='bbox 1682 3737 1864 3793; x_wconf 89' lang='lat' dir='ltr'><strong>adhuc</strong></span> <span class='ocrx_word' id='word_1_497' title='bbox 1890 3753 1984 3793; x_wconf 91' lang='lat' dir='ltr'><strong>su-</strong></span> 
     </span>
    </p>
   </div>
   <div class='ocr_carea' id='block_1_67' title="bbox 405 3827 1985 3902">
    <p class='ocr_par' dir='ltr' id='par_1_67' title="bbox 405 3827 1985 3902">
     <span class='ocr_line' id='line_1_67' title="bbox 405 3827 1985 3902; baseline 0.003 -18"><span class='ocrx_word' id='word_1_498' title='bbox 405 3829 611 3898; x_wconf 87' lang='lat' dir='ltr'><strong>perius.</strong></span> <span class='ocrx_word' id='word_1_499' title='bbox 641 3827 775 3884; x_wconf 86' lang='lat' dir='ltr'><strong>Nam</strong></span> <span class='ocrx_word' id='word_1_500' title='bbox 810 3841 907 3899; x_wconf 89' lang='lat' dir='ltr'><strong>per</strong></span> <span class='ocrx_word' id='word_1_501' title='bbox 936 3840 1161 3883; x_wconf 87' lang='lat' dir='ltr'><strong>suavem</strong></span> <span class='ocrx_word' id='word_1_502' title='bbox 1188 3828 1419 3883; x_wconf 88' lang='lat' dir='ltr'><strong>nardum</strong></span> <span class='ocrx_word' id='word_1_503' title='bbox 1443 3830 1688 3886; x_wconf 88' lang='lat' dir='ltr'><strong>divinum</strong></span> <span class='ocrx_word' id='word_1_504' title='bbox 1738 3832 1985 3902; x_wconf 78' lang='lat' dir='ltr'><strong>agnoscit</strong></span> 
     </span>
    </p>
   </div>
   <div class='ocr_carea' id='block_1_68' title="bbox 404 3923 1985 3994">
    <p class='ocr_par' dir='ltr' id='par_1_68' title="bbox 404 3923 1985 3994">
     <span class='ocr_line' id='line_1_68' title="bbox 404 3923 1985 3994; baseline 0.001 -15"><span class='ocrx_word' id='word_1_505' title='bbox 404 3925 604 3979; x_wconf 86' lang='lat' dir='ltr'><strong>bonum</strong></span> <span class='ocrx_word' id='word_1_506' title='bbox 634 3923 856 3979; x_wconf 87' lang='lat' dir='ltr'><strong>odorem</strong></span> <span class='ocrx_word' id='word_1_507' title='bbox 877 3964 894 3990; x_wconf 94' lang='lat'><strong>,</strong></span> <span class='ocrx_word' id='word_1_508' title='bbox 923 3930 978 3979; x_wconf 91' lang='lat' dir='ltr'><strong>et</strong></span> <span class='ocrx_word' id='word_1_509' title='bbox 1008 3938 1110 3979; x_wconf 89' lang='lat' dir='ltr'><strong>nec</strong></span> <span class='ocrx_word' id='word_1_510' title='bbox 1156 3924 1210 3978; x_wconf 94' lang='lat' dir='ltr'><strong>in</strong></span> <span class='ocrx_word' id='word_1_511' title='bbox 1247 3923 1330 3979; x_wconf 89' lang='lat' dir='ltr'><strong>his</strong></span> <span class='ocrx_word' id='word_1_512' title='bbox 1372 3924 1595 3994; x_wconf 88' lang='lat' dir='ltr'><strong>quidem</strong></span> <span class='ocrx_word' id='word_1_513' title='bbox 1629 3932 1849 3993; x_wconf 85' lang='lat' dir='ltr'><strong>manet,</strong></span> <span class='ocrx_word' id='word_1_514' title='bbox 1886 3923 1985 3981; x_wconf 89' lang='lat' dir='ltr'><strong>sed</strong></span> 
     </span>
    </p>
   </div>
   <div class='ocr_carea' id='block_1_69' title="bbox 405 4014 1986 4085">
    <p class='ocr_par' dir='ltr' id='par_1_69' title="bbox 405 4014 1986 4085">
     <span class='ocr_line' id='line_1_69' title="bbox 405 4014 1986 4085; baseline 0.003 -18"><span class='ocrx_word' id='word_1_515' title='bbox 405 4029 600 4070; x_wconf 86' lang='lat' dir='ltr'><strong>rursus</strong></span> <span class='ocrx_word' id='word_1_516' title='bbox 632 4028 758 4070; x_wconf 86' lang='lat' dir='ltr'><strong>eum</strong></span> <span class='ocrx_word' id='word_1_517' title='bbox 786 4028 949 4084; x_wconf 84' lang='lat' dir='ltr'><strong>quem</strong></span> <span class='ocrx_word' id='word_1_518' title='bbox 992 4014 1294 4079; x_wconf 86' lang='lat' dir='ltr'><strong>desiderat,</strong></span> <span class='ocrx_word' id='word_1_519' title='bbox 1334 4015 1499 4070; x_wconf 89' lang='lat' dir='ltr'><strong>veluti</strong></span> <span class='ocrx_word' id='word_1_520' title='bbox 1534 4015 1810 4085; x_wconf 86' lang='lat' dir='ltr'><strong>quoddam</strong></span> <span class='ocrx_word' id='word_1_521' title='bbox 1847 4017 1986 4079; x_wconf 84' lang='lat' dir='ltr'><strong>bene</strong></span> 
     </span>
    </p>
   </div>
   <div class='ocr_carea' id='block_1_70' title="bbox 404 4103 1987 4174">
    <p class='ocr_par' dir='ltr' id='par_1_70' title="bbox 404 4103 1987 4174">
     <span class='ocr_line' id='line_1_70' title="bbox 404 4103 1987 4174; baseline 0.003 -17"><span class='ocrx_word' id='word_1_522' title='bbox 404 4104 560 4161; x_wconf 83' lang='lat' dir='ltr'><strong>olens</strong></span> <span class='ocrx_word' id='word_1_523' title='bbox 592 4119 800 4169; x_wconf 85' lang='lat' dir='ltr'><strong>aroma,</strong></span> <span class='ocrx_word' id='word_1_524' title='bbox 854 4103 1144 4172; x_wconf 87' lang='lat' dir='ltr'><strong>suspendit</strong></span> <span class='ocrx_word' id='word_1_525' title='bbox 1194 4105 1335 4158; x_wconf 89' lang='lat' dir='ltr'><strong>inter</strong></span> <span class='ocrx_word' id='word_1_526' title='bbox 1383 4119 1481 4160; x_wconf 87' lang='lat' dir='ltr'><strong>sua</strong></span> <span class='ocrx_word' id='word_1_527' title='bbox 1519 4106 1731 4159; x_wconf 81' lang='lat' dir='ltr'><strong>ratione</strong></span> <span class='ocrx_word' id='word_1_528' title='bbox 1762 4107 1987 4174; x_wconf 71' lang='lat' dir='ltr'><strong>praedita</strong></span> 
     </span>
    </p>
   </div>
   <div class='ocr_carea' id='block_1_71' title="bbox 409 4197 1987 4271">
    <p class='ocr_par' dir='ltr' id='par_1_71' title="bbox 409 4197 1987 4271">
     <span class='ocr_line' id='line_1_71' title="bbox 409 4197 1987 4271; baseline 0.001 -17"><span class='ocrx_word' id='word_1_529' title='bbox 409 4198 604 4264; x_wconf 82' lang='lat' dir='ltr'><strong>ubera,</strong></span> <span class='ocrx_word' id='word_1_530' title='bbox 652 4197 800 4253; x_wconf 88' lang='lat' dir='ltr'><strong>unde</strong></span> <span class='ocrx_word' id='word_1_531' title='bbox 832 4205 1045 4253; x_wconf 85' lang='lat' dir='ltr'><strong>scatent</strong></span> <span class='ocrx_word' id='word_1_532' title='bbox 1072 4197 1257 4253; x_wconf 85' lang='lat' dir='ltr'><strong>divina</strong></span> <span class='ocrx_word' id='word_1_533' title='bbox 1297 4198 1649 4264; x_wconf 86' lang='lat' dir='ltr'><strong>documenta,</strong></span> <span class='ocrx_word' id='word_1_534' title='bbox 1696 4199 1753 4254; x_wconf 89' lang='lat' dir='ltr'><strong>in</strong></span> <span class='ocrx_word' id='word_1_535' title='bbox 1805 4200 1987 4271; x_wconf 88' lang='lat' dir='ltr'><strong>amplo</strong></span> 
     </span>
    </p>
   </div>
   <div class='ocr_carea' id='block_1_72' title="bbox 408 4287 1984 4358">
    <p class='ocr_par' dir='ltr' id='par_1_72' title="bbox 408 4287 1984 4358">
     <span class='ocr_line' id='line_1_72' title="bbox 408 4287 1984 4358; baseline 0.003 -14"><span class='ocrx_word' id='word_1_536' title='bbox 408 4287 595 4344; x_wconf 88' lang='lat' dir='ltr'><strong>cordis</strong></span> <span class='ocrx_word' id='word_1_537' title='bbox 621 4289 798 4358; x_wconf 83' lang='lat' dir='ltr'><strong>spatio</strong></span> <span class='ocrx_word' id='word_1_538' title='bbox 822 4303 948 4344; x_wconf 90' lang='lat' dir='ltr'><strong>eum</strong></span> <span class='ocrx_word' id='word_1_539' title='bbox 977 4288 1233 4344; x_wconf 89' lang='lat' dir='ltr'><strong>induens.</strong></span> <span class='ocrx_word' id='word_1_540' title='bbox 1258 4289 1386 4345; x_wconf 81' lang='lat' dir='ltr'><strong>Post</strong></span> <span class='ocrx_word' id='word_1_541' title='bbox 1417 4291 1530 4345; x_wconf 68' lang='lat' dir='ltr'><strong>haec</strong></span> <span class='ocrx_word' id='word_1_542' title='bbox 1559 4290 1793 4346; x_wconf 74' lang='lat' dir='ltr'><strong>fructum</strong></span> <span class='ocrx_word' id='word_1_543' title='bbox 1824 4308 1984 4348; x_wconf 87' lang='lat' dir='ltr'><strong>suum</strong></span> 
     </span>
    </p>
   </div>
   <div class='ocr_carea' id='block_1_73' title="bbox 408 4380 1985 4452">
    <p class='ocr_par' dir='ltr' id='par_1_73' title="bbox 408 4380 1985 4452">
     <span class='ocr_line' id='line_1_73' title="bbox 408 4380 1985 4452; baseline 0.003 -17"><span class='ocrx_word' id='word_1_544' title='bbox 408 4380 542 4442; x_wconf 71' lang='lat' dir='ltr'><strong>facit</strong></span> <span class='ocrx_word' id='word_1_545' title='bbox 566 4380 900 4452; x_wconf 73' lang='lat' dir='ltr'><strong>Agricolam,</strong></span> <span class='ocrx_word' id='word_1_546' title='bbox 937 4381 1114 4450; x_wconf 89' lang='lat' dir='ltr'><strong>ipsum</strong></span> <span class='ocrx_word' id='word_1_547' title='bbox 1152 4381 1366 4436; x_wconf 87' lang='lat' dir='ltr'><strong>botrum</strong></span> <span class='ocrx_word' id='word_1_548' title='bbox 1405 4383 1714 4450; x_wconf 87' lang='lat' dir='ltr'><strong>nominans,</strong></span> <span class='ocrx_word' id='word_1_549' title='bbox 1759 4400 1985 4439; x_wconf 85' lang='lat' dir='ltr'><strong>suavem</strong></span> 
     </span>
    </p>
   </div>
   <div class='ocr_carea' id='block_1_74' title="bbox 407 4474 1991 4546">
    <p class='ocr_par' dir='ltr' id='par_1_74' title="bbox 407 4474 1991 4546">
     <span class='ocr_line' id='line_1_74' title="bbox 407 4474 1991 4546; baseline 0.001 -15"><span class='ocrx_word' id='word_1_550' title='bbox 407 4482 465 4532; x_wconf 84' lang='lat' dir='ltr'><strong>et</strong></span> <span class='ocrx_word' id='word_1_551' title='bbox 511 4481 725 4546; x_wconf 79' lang='lat' dir='ltr'><strong>gratum</strong></span> <span class='ocrx_word' id='word_1_552' title='bbox 759 4474 983 4528; x_wconf 87' lang='lat' dir='ltr'><strong>odorem</strong></span> <span class='ocrx_word' id='word_1_553' title='bbox 1020 4474 1358 4528; x_wconf 88' lang='lat' dir='ltr'><strong>emittentem</strong></span> <span class='ocrx_word' id='word_1_554' title='bbox 1408 4490 1504 4544; x_wconf 87' lang='lat' dir='ltr'><strong>per</strong></span> <span class='ocrx_word' id='word_1_555' title='bbox 1545 4475 1751 4529; x_wconf 88' lang='lat' dir='ltr'><strong>llorcm.</strong></span> <span class='ocrx_word' id='word_1_556' title='bbox 1805 4475 1870 4529; x_wconf 82' lang='lat' dir='ltr'><strong>Et</strong></span> <span class='ocrx_word' id='word_1_557' title='bbox 1904 4477 1991 4532; x_wconf 82' lang='lat' dir='ltr'><strong>his</strong></span> 
     </span>
    </p>
   </div>
   <div class='ocr_carea' id='block_1_75' title="bbox 410 4566 1992 4639">
    <p class='ocr_par' dir='ltr' id='par_1_75' title="bbox 410 4566 1992 4639">
     <span class='ocr_line' id='line_1_75' title="bbox 410 4566 1992 4639; baseline 0.002 -19"><span class='ocrx_word' id='word_1_558' title='bbox 410 4567 829 4623; x_wconf 78' lang='lat' dir='ltr'><strong>ascensionibus</strong></span> <span class='ocrx_word' id='word_1_559' title='bbox 866 4566 947 4621; x_wconf 90' lang='lat' dir='ltr'><strong>sic</strong></span> <span class='ocrx_word' id='word_1_560' title='bbox 974 4576 1157 4629; x_wconf 75' lang='lat' dir='ltr'><strong>aucta,</strong></span> <span class='ocrx_word' id='word_1_561' title='bbox 1190 4567 1421 4636; x_wconf 89' lang='lat' dir='ltr'><strong>pulchra</strong></span> <span class='ocrx_word' id='word_1_562' title='bbox 1446 4568 1670 4631; x_wconf 87' lang='lat' dir='ltr'><strong>dicitur,</strong></span> <span class='ocrx_word' id='word_1_563' title='bbox 1700 4575 1757 4621; x_wconf 87' lang='lat' dir='ltr'><strong>et</strong></span> <span class='ocrx_word' id='word_1_564' title='bbox 1780 4568 1835 4623; x_wconf 84' lang='lat' dir='ltr'><strong>iit</strong></span> <span class='ocrx_word' id='word_1_565' title='bbox 1864 4584 1992 4639; x_wconf 83' lang='lat' dir='ltr'><strong>pro-</strong></span> 
     </span>
    </p>
   </div>
   <div class='ocr_carea' id='block_1_76' title="bbox 412 4659 1994 4729">
    <p class='ocr_par' dir='ltr' id='par_1_76' title="bbox 412 4659 1994 4729">
     <span class='ocr_line' id='line_1_76' title="bbox 412 4659 1994 4729; baseline 0.003 -19"><span class='ocrx_word' id='word_1_566' title='bbox 412 4659 649 4727; x_wconf 84' lang='lat' dir='ltr'><strong>pinqua:</strong></span> <span class='ocrx_word' id='word_1_567' title='bbox 706 4666 762 4713; x_wconf 82' lang='lat' dir='ltr'><strong>et</strong></span> <span class='ocrx_word' id='word_1_568' title='bbox 796 4674 918 4729; x_wconf 74' lang='lat' dir='ltr'><strong>quae</strong></span> <span class='ocrx_word' id='word_1_569' title='bbox 964 4672 1048 4715; x_wconf 88' lang='lat' dir='ltr'><strong>est</strong></span> <span class='ocrx_word' id='word_1_570' title='bbox 1101 4659 1154 4712; x_wconf 92' lang='lat' dir='ltr'><strong>in</strong></span> <span class='ocrx_word' id='word_1_571' title='bbox 1210 4660 1383 4728; x_wconf 89' lang='lat' dir='ltr'><strong>ipsius</strong></span> <span class='ocrx_word' id='word_1_572' title='bbox 1422 4659 1600 4716; x_wconf 88' lang='lat' dir='ltr'><strong>oculis</strong></span> <span class='ocrx_word' id='word_1_573' title='bbox 1647 4659 1994 4729; x_wconf 80' lang='lat' dir='ltr'><strong>pulchritudo</strong></span> 
     </span>
    </p>
   </div>
   <div class='ocr_carea' id='block_1_77' title="bbox 413 4747 1994 4820">
    <p class='ocr_par' dir='ltr' id='par_1_77' title="bbox 413 4747 1994 4820">
     <span class='ocr_line' id='line_1_77' title="bbox 413 4747 1994 4820; baseline 0.004 -20"><span class='ocrx_word' id='word_1_574' title='bbox 413 4747 753 4807; x_wconf 78' lang='lat' dir='ltr'><strong>assimilatur</strong></span> <span class='ocrx_word' id='word_1_575' title='bbox 798 4749 1090 4805; x_wconf 87' lang='lat' dir='ltr'><strong>columbis.</strong></span> <span class='ocrx_word' id='word_1_576' title='bbox 1130 4749 1334 4805; x_wconf 84' lang='lat' dir='ltr'><strong>Deinde</strong></span> <span class='ocrx_word' id='word_1_577' title='bbox 1383 4750 1731 4820; x_wconf 68' lang='lat' dir='ltr'><strong>procedit-ad</strong></span> <span class='ocrx_word' id='word_1_578' title='bbox 1764 4751 1816 4806; x_wconf 91' lang='lat' dir='ltr'><strong>id</strong></span> <span class='ocrx_word' id='word_1_579' title='bbox 1849 4752 1994 4820; x_wconf 82' lang='lat' dir='ltr'><strong>quod</strong></span> 
     </span>
    </p>
   </div>
   <div class='ocr_carea' id='block_1_78' title="bbox 411 4838 1995 4913">
    <p class='ocr_par' dir='ltr' id='par_1_78' title="bbox 411 4838 1995 4913">
     <span class='ocr_line' id='line_1_78' title="bbox 411 4838 1995 4913; baseline 0.003 -18"><span class='ocrx_word' id='word_1_580' title='bbox 411 4846 499 4897; x_wconf 87' lang='lat' dir='ltr'><strong>est</strong></span> <span class='ocrx_word' id='word_1_581' title='bbox 533 4839 730 4909; x_wconf 84' lang='lat' dir='ltr'><strong>majus.</strong></span> <span class='ocrx_word' id='word_1_582' title='bbox 770 4838 934 4894; x_wconf 80' lang='lat' dir='ltr'><strong>Facta</strong></span> <span class='ocrx_word' id='word_1_583' title='bbox 986 4842 1133 4896; x_wconf 89' lang='lat' dir='ltr'><strong>enim</strong></span> <span class='ocrx_word' id='word_1_584' title='bbox 1188 4842 1561 4912; x_wconf 81' lang='lat' dir='ltr'><strong>perspicacior</strong></span> <span class='ocrx_word' id='word_1_585' title='bbox 1622 4842 1713 4909; x_wconf 80' lang='lat' dir='ltr'><strong>illa</strong></span> <span class='ocrx_word' id='word_1_586' title='bbox 1772 4859 1995 4913; x_wconf 88' lang='lat' dir='ltr'><strong>quoque</strong></span> 
     </span>
    </p>
   </div>
   <div class='ocr_carea' id='block_1_79' title="bbox 417 4932 1990 5006">
    <p class='ocr_par' dir='ltr' id='par_1_79' title="bbox 417 4932 1990 5006">
     <span class='ocr_line' id='line_1_79' title="bbox 417 4932 1990 5006; baseline 0.001 -19"><span class='ocrx_word' id='word_1_587' title='bbox 417 4932 579 4990; x_wconf 74' lang='lat' dir='ltr'><strong>Verbi</strong></span> <span class='ocrx_word' id='word_1_588' title='bbox 624 4933 790 4990; x_wconf 82' lang='lat' dir='ltr'><strong>discit</strong></span> <span class='ocrx_word' id='word_1_589' title='bbox 826 4935 1107 5005; x_wconf 80' lang='lat' dir='ltr'><strong>decorem,</strong></span> <span class='ocrx_word' id='word_1_590' title='bbox 1153 4945 1207 4989; x_wconf 91' lang='lat' dir='ltr'><strong>et</strong></span> <span class='ocrx_word' id='word_1_591' title='bbox 1258 4935 1489 4989; x_wconf 86' lang='lat' dir='ltr'><strong>miratur</strong></span> <span class='ocrx_word' id='word_1_592' title='bbox 1531 4935 1990 5006; x_wconf 80' lang='lat' dir='ltr'><strong>quemadmodum</strong></span> 
     </span>
    </p>
   </div>
   <div class='ocr_carea' id='block_1_80' title="bbox 416 5024 1992 5091">
    <p class='ocr_par' dir='ltr' id='par_1_80' title="bbox 416 5024 1992 5091">
     <span class='ocr_line' id='line_1_80' title="bbox 416 5024 1992 5091; baseline 0.001 -10"><span class='ocrx_word' id='word_1_593' title='bbox 416 5024 778 5082; x_wconf 88' lang='lat' dir='ltr'><strong>adumbratus</strong></span> <span class='ocrx_word' id='word_1_594' title='bbox 827 5025 1115 5082; x_wconf 88' lang='lat' dir='ltr'><strong>descendit</strong></span> <span class='ocrx_word' id='word_1_595' title='bbox 1159 5027 1223 5079; x_wconf 87' lang='lat' dir='ltr'><strong>ad</strong></span> <span class='ocrx_word' id='word_1_596' title='bbox 1279 5029 1476 5082; x_wconf 89' lang='lat' dir='ltr'><strong>lectum</strong></span> <span class='ocrx_word' id='word_1_597' title='bbox 1522 5029 1647 5083; x_wconf 71' lang='lat' dir='ltr'><strong>vita:</strong></span> <span class='ocrx_word' id='word_1_598' title='bbox 1695 5026 1992 5091; x_wconf 85' lang='lat' dir='ltr'><strong>inferioris,</strong></span> 
     </span>
    </p>
   </div>
   <div class='ocr_carea' id='block_1_81' title="bbox 416 5118 1995 5188">
    <p class='ocr_par' dir='ltr' id='par_1_81' title="bbox 416 5118 1995 5188">
     <span class='ocr_line' id='line_1_81' title="bbox 416 5118 1995 5188; baseline 0.001 -15"><span class='ocrx_word' id='word_1_599' title='bbox 416 5118 686 5179; x_wconf 83' lang='lat' dir='ltr'><strong>materiali</strong></span> <span class='ocrx_word' id='word_1_600' title='bbox 733 5125 931 5172; x_wconf 85' lang='lat' dir='ltr'><strong>natura</strong></span> <span class='ocrx_word' id='word_1_601' title='bbox 964 5119 1214 5188; x_wconf 81' lang='lat' dir='ltr'><strong>corporis</strong></span> <span class='ocrx_word' id='word_1_602' title='bbox 1261 5119 1482 5174; x_wconf 83' lang='lat' dir='ltr'><strong>humani</strong></span> <span class='ocrx_word' id='word_1_603' title='bbox 1513 5121 1843 5175; x_wconf 81' lang='lat' dir='ltr'><strong>occultatus.</strong></span> <span class='ocrx_word' id='word_1_604' title='bbox 1898 5118 1995 5174; x_wconf 77' lang='lat' dir='ltr'><strong>llis</strong></span> 
     </span>
    </p>
   </div>
   <div class='ocr_carea' id='block_1_82' title="bbox 417 5210 1997 5282">
    <p class='ocr_par' dir='ltr' id='par_1_82' title="bbox 417 5210 1997 5282">
     <span class='ocr_line' id='line_1_82' title="bbox 417 5210 1997 5282; baseline 0.002 -20"><span class='ocrx_word' id='word_1_605' title='bbox 417 5212 631 5268; x_wconf 85' lang='lat' dir='ltr'><strong>accedit</strong></span> <span class='ocrx_word' id='word_1_606' title='bbox 659 5211 806 5281; x_wconf 90' lang='lat' dir='ltr'><strong>quod</strong></span> <span class='ocrx_word' id='word_1_607' title='bbox 836 5210 1056 5267; x_wconf 85' lang='lat' dir='ltr'><strong>virtutis</strong></span> <span class='ocrx_word' id='word_1_608' title='bbox 1083 5214 1303 5265; x_wconf 85' lang='lat' dir='ltr'><strong>domum</strong></span> <span class='ocrx_word' id='word_1_609' title='bbox 1324 5211 1504 5267; x_wconf 85' lang='lat' dir='ltr'><strong>verbis</strong></span> <span class='ocrx_word' id='word_1_610' title='bbox 1524 5212 1805 5277; x_wconf 80' lang='lat' dir='ltr'><strong>describit,</strong></span> <span class='ocrx_word' id='word_1_611' title='bbox 1834 5213 1997 5282; x_wconf 82' lang='lat' dir='ltr'><strong>cujus</strong></span> 
     </span>
    </p>
   </div>
   <div class='ocr_carea' id='block_1_83' title="bbox 419 5300 2000 5373">
    <p class='ocr_par' dir='ltr' id='par_1_83' title="bbox 419 5300 2000 5373">
     <span class='ocr_line' id='line_1_83' title="bbox 419 5300 2000 5373; baseline 0 -16"><span class='ocrx_word' id='word_1_612' title='bbox 419 5316 528 5370; x_wconf 83' lang='lat' dir='ltr'><strong>qua</strong></span> <span class='ocrx_word' id='word_1_613' title='bbox 558 5302 765 5373; x_wconf 77' lang='lat' dir='ltr'><strong>tegitur</strong></span> <span class='ocrx_word' id='word_1_614' title='bbox 804 5301 1035 5357; x_wconf 87' lang='lat' dir='ltr'><strong>materia</strong></span> <span class='ocrx_word' id='word_1_615' title='bbox 1073 5308 1158 5356; x_wconf 86' lang='lat' dir='ltr'><strong>est</strong></span> <span class='ocrx_word' id='word_1_616' title='bbox 1198 5300 1396 5356; x_wconf 89' lang='lat' dir='ltr'><strong>cedrus</strong></span> <span class='ocrx_word' id='word_1_617' title='bbox 1424 5311 1481 5356; x_wconf 84' lang='lat' dir='ltr'><strong>et</strong></span> <span class='ocrx_word' id='word_1_618' title='bbox 1528 5317 1845 5371; x_wconf 69' lang='lat' dir='ltr'><strong>cupressus,</strong></span> <span class='ocrx_word' id='word_1_619' title='bbox 1877 5316 2000 5371; x_wconf 68' lang='lat' dir='ltr'><strong>qum</strong></span> 
     </span>
    </p>
   </div>
   <div class='ocr_carea' id='block_1_84' title="bbox 423 5396 2002 5469">
    <p class='ocr_par' dir='ltr' id='par_1_84' title="bbox 423 5396 2002 5469">
     <span class='ocr_line' id='line_1_84' title="bbox 423 5396 2002 5469; baseline 0 -19"><span class='ocrx_word' id='word_1_620' title='bbox 423 5396 764 5464; x_wconf 83' lang='lat' dir='ltr'><strong>putredinem</strong></span> <span class='ocrx_word' id='word_1_621' title='bbox 794 5413 904 5454; x_wconf 90' lang='lat' dir='ltr'><strong>non</strong></span> <span class='ocrx_word' id='word_1_622' title='bbox 929 5398 1162 5469; x_wconf 82' lang='lat' dir='ltr'><strong>suscipit</strong></span> <span class='ocrx_word' id='word_1_623' title='bbox 1191 5404 1247 5453; x_wconf 88' lang='lat' dir='ltr'><strong>et</strong></span> <span class='ocrx_word' id='word_1_624' title='bbox 1271 5397 1680 5467; x_wconf 85' lang='lat' dir='ltr'><strong>corruptionem</strong></span> <span class='ocrx_word' id='word_1_625' title='bbox 1699 5435 1714 5460; x_wconf 91' lang='lat'><strong>,</strong></span> <span class='ocrx_word' id='word_1_626' title='bbox 1751 5410 1848 5465; x_wconf 91' lang='lat' dir='ltr'><strong>per</strong></span> <span class='ocrx_word' id='word_1_627' title='bbox 1880 5411 2002 5469; x_wconf 70' lang='lat' dir='ltr'><strong>qua:</strong></span> 
     </span>
    </p>
   </div>
   <div class='ocr_carea' id='block_1_85' title="bbox 424 5487 2002 5559">
    <p class='ocr_par' dir='ltr' id='par_1_85' title="bbox 424 5487 2002 5559">
     <span class='ocr_line' id='line_1_85' title="bbox 424 5487 2002 5559; baseline 0.001 -19"><span class='ocrx_word' id='word_1_628' title='bbox 424 5487 605 5543; x_wconf 83' lang='lat' dir='ltr'><strong>verbis</strong></span> <span class='ocrx_word' id='word_1_629' title='bbox 635 5489 872 5559; x_wconf 83' lang='lat' dir='ltr'><strong>explicat</strong></span> <span class='ocrx_word' id='word_1_630' title='bbox 898 5490 1255 5546; x_wconf 82' lang='lat' dir='ltr'><strong>stabilitatem</strong></span> <span class='ocrx_word' id='word_1_631' title='bbox 1289 5496 1345 5544; x_wconf 90' lang='lat' dir='ltr'><strong>et</strong></span> <span class='ocrx_word' id='word_1_632' title='bbox 1370 5488 1866 5544; x_wconf 78' lang='lat' dir='ltr'><strong>inmutabilitatem</strong></span> <span class='ocrx_word' id='word_1_633' title='bbox 1906 5489 2002 5542; x_wconf 82' lang='lat' dir='ltr'><strong>ha-</strong></span> 
     </span>
    </p>
   </div>
   <div class='ocr_carea' id='block_1_86' title="bbox 426 5575 2001 5653">
    <p class='ocr_par' dir='ltr' id='par_1_86' title="bbox 426 5575 2001 5653">
     <span class='ocr_line' id='line_1_86' title="bbox 426 5575 2001 5653; baseline 0.003 -24"><span class='ocrx_word' id='word_1_634' title='bbox 426 5575 695 5636; x_wconf 84' lang='lat' dir='ltr'><strong>bitudinis</strong></span> <span class='ocrx_word' id='word_1_635' title='bbox 725 5578 792 5631; x_wconf 87' lang='lat' dir='ltr'><strong>ad</strong></span> <span class='ocrx_word' id='word_1_636' title='bbox 830 5580 1055 5635; x_wconf 87' lang='lat' dir='ltr'><strong>bonum.</strong></span> <span class='ocrx_word' id='word_1_637' title='bbox 1095 5580 1362 5637; x_wconf 65' lang='lat' dir='ltr'><strong>Prmterea</strong></span> <span class='ocrx_word' id='word_1_638' title='bbox 1393 5596 1490 5652; x_wconf 80' lang='lat' dir='ltr'><strong>per</strong></span> <span class='ocrx_word' id='word_1_639' title='bbox 1535 5581 2001 5653; x_wconf 82' lang='lat' dir='ltr'><strong>comparationem</strong></span> 
     </span>
    </p>
   </div>
   <div class='ocr_carea' id='block_1_87' title="bbox 504 5752 1093 5840">
    <p class='ocr_par' dir='ltr' id='par_1_87' title="bbox 504 5752 1093 5840">
     <span class='ocr_line' id='line_1_87' title="bbox 504 5752 1093 5840; baseline 0.003 -27"><span class='ocrx_word' id='word_1_640' title='bbox 504 5753 547 5840; x_wconf 49' lang='grc' dir='ltr'><strong>δέ</strong></span> <span class='ocrx_word' id='word_1_641' title='bbox 596 5752 827 5825; x_wconf 77' lang='lat' dir='ltr'><strong>Philipp.</strong></span> <span class='ocrx_word' id='word_1_642' title='bbox 870 5773 951 5823; x_wconf 78' lang='lat' dir='ltr'><strong>Ill,</strong></span> <span class='ocrx_word' id='word_1_643' title='bbox 1012 5760 1093 5815; x_wconf 72' lang='lat'><strong>15.</strong></span> 
     </span>
    </p>
   </div>
   <div class='ocr_carea' id='block_1_88' title="bbox 2084 3178 3668 3256">
    <p class='ocr_par' dir='ltr' id='par_1_88' title="bbox 2084 3178 3668 3256">
     <span class='ocr_line' id='line_1_88' title="bbox 2084 3178 3668 3256; baseline -0.006 -15"><span class='ocrx_word' id='word_1_644' title='bbox 2084 3186 2144 3241; x_wconf 70' lang='grc' dir='ltr'>ὲν</span> <span class='ocrx_word' id='word_1_645' title='bbox 2168 3186 2288 3249; x_wconf 76' lang='grc' dir='ltr'>ταῖς</span> <span class='ocrx_word' id='word_1_646' title='bbox 2335 3182 2735 3256; x_wconf 76' lang='grc' dir='ltr'>προλαϐοῦσαις</span> <span class='ocrx_word' id='word_1_647' title='bbox 2766 3181 2977 3244; x_wconf 84' lang='grc' dir='ltr'>ἀνόδοις</span> <span class='ocrx_word' id='word_1_648' title='bbox 3025 3180 3161 3253; x_wconf 81' lang='grc' dir='ltr'>πρὸς</span> <span class='ocrx_word' id='word_1_649' title='bbox 3204 3178 3362 3249; x_wconf 87' lang='grc' dir='ltr'>λόγον</span> <span class='ocrx_word' id='word_1_650' title='bbox 3398 3180 3498 3249; x_wconf 87' lang='grc' dir='ltr'>τῆς</span> <span class='ocrx_word' id='word_1_651' title='bbox 3543 3178 3668 3232; x_wconf 77' lang='grc' dir='ltr'><strong>ἐκά-</strong></span> 
     </span>
    </p>
   </div>
   <div class='ocr_carea' id='block_1_89' title="bbox 2087 3271 3667 3347">
    <p class='ocr_par' dir='ltr' id='par_1_89' title="bbox 2087 3271 3667 3347">
     <span class='ocr_line' id='line_1_89' title="bbox 2087 3271 3667 3347; baseline -0.006 -15"><span class='ocrx_word' id='word_1_652' title='bbox 2087 3295 2239 3335; x_wconf 88' lang='grc' dir='ltr'>στοτε</span> <span class='ocrx_word' id='word_1_653' title='bbox 2260 3275 2557 3347; x_wconf 84' lang='grc' dir='ltr'>γινομένης</span> <span class='ocrx_word' id='word_1_654' title='bbox 2577 3274 2877 3344; x_wconf 80' lang='grc' dir='ltr'>αὐξήσεως.</span> <span class='ocrx_word' id='word_1_655' title='bbox 2910 3274 3023 3327; x_wconf 78' lang='grc' dir='ltr'><strong>Ἀεὶ</strong></span> <span class='ocrx_word' id='word_1_656' title='bbox 3044 3272 3152 3344; x_wconf 85' lang='grc' dir='ltr'>γὰρ</span> <span class='ocrx_word' id='word_1_657' title='bbox 3181 3271 3317 3344; x_wconf 80' lang='grc' dir='ltr'>πρὸς</span> <span class='ocrx_word' id='word_1_658' title='bbox 3341 3271 3400 3329; x_wconf 71' lang='grc' dir='ltr'>τὸ</span> <span class='ocrx_word' id='word_1_659' title='bbox 3422 3273 3667 3343; x_wconf 75' lang='grc' dir='ltr'>κρεῖττον</span> 
     </span>
    </p>
   </div>
   <div class='ocr_carea' id='block_1_90' title="bbox 2086 3362 3666 3440">
    <p class='ocr_par' dir='ltr' id='par_1_90' title="bbox 2086 3362 3666 3440">
     <span class='ocr_line' id='line_1_90' title="bbox 2086 3362 3666 3440; baseline -0.007 -15"><span class='ocrx_word' id='word_1_660' title='bbox 2086 3369 2443 3440; x_wconf 85' lang='grc' dir='ltr'>ἀλλοιουμένη</span> <span class='ocrx_word' id='word_1_661' title='bbox 2466 3407 2481 3433; x_wconf 86' lang='grc'><strong>,</strong></span> <span class='ocrx_word' id='word_1_662' title='bbox 2525 3367 2621 3420; x_wconf 77' lang='grc' dir='ltr'>καὶ</span> <span class='ocrx_word' id='word_1_663' title='bbox 2667 3365 2924 3420; x_wconf 86' lang='grc' dir='ltr'>οὐδέποτε</span> <span class='ocrx_word' id='word_1_664' title='bbox 2972 3365 3065 3417; x_wconf 77' lang='grc' dir='ltr'>ἐπὶ</span> <span class='ocrx_word' id='word_1_665' title='bbox 3096 3363 3189 3418; x_wconf 78' lang='grc' dir='ltr'>τοῦ</span> <span class='ocrx_word' id='word_1_666' title='bbox 3234 3362 3666 3433; x_wconf 81' lang='grc' dir='ltr'>καταληφθέντος</span> 
     </span>
    </p>
   </div>
   <div class='ocr_carea' id='block_1_91' title="bbox 2086 3453 3664 3532">
    <p class='ocr_par' dir='ltr' id='par_1_91' title="bbox 2086 3453 3664 3532">
     <span class='ocr_line' id='line_1_91' title="bbox 2086 3453 3664 3532; baseline -0.008 -15"><span class='ocrx_word' id='word_1_667' title='bbox 2086 3462 2291 3532; x_wconf 83' lang='grc' dir='ltr'>ἀγαθοῦ</span> <span class='ocrx_word' id='word_1_668' title='bbox 2331 3459 2618 3531; x_wconf 75' lang='grc' dir='ltr'>ἑπομένη,</span> <span class='ocrx_word' id='word_1_669' title='bbox 2655 3458 2750 3513; x_wconf 79' lang='grc' dir='ltr'>νῦν</span> <span class='ocrx_word' id='word_1_670' title='bbox 2795 3458 2894 3529; x_wconf 79' lang='grc' dir='ltr'><strong>μὲν</strong></span> <span class='ocrx_word' id='word_1_671' title='bbox 2934 3458 3085 3528; x_wconf 79' lang='grc' dir='ltr'>ἵππῳ</span> <span class='ocrx_word' id='word_1_672' title='bbox 3116 3453 3574 3526; x_wconf 75' lang='grc' dir='ltr'>παραϐαλλομένη</span> <span class='ocrx_word' id='word_1_673' title='bbox 3601 3453 3664 3521; x_wconf 81' lang='grc' dir='ltr'>τῇ</span> 
     </span>
    </p>
   </div>
   <div class='ocr_carea' id='block_1_92' title="bbox 2086 3542 3665 3627">
    <p class='ocr_par' dir='ltr' id='par_1_92' title="bbox 2086 3542 3665 3627">
     <span class='ocr_line' id='line_1_92' title="bbox 2086 3542 3665 3627; baseline -0.009 -17"><span class='ocrx_word' id='word_1_674' title='bbox 2086 3553 2582 3627; x_wconf 74' lang='grc' dir='ltr'>καταστρεψαμένη</span> <span class='ocrx_word' id='word_1_675' title='bbox 2609 3552 2701 3605; x_wconf 79' lang='grc' dir='ltr'><strong>τὸν</strong></span> <span class='ocrx_word' id='word_1_676' title='bbox 2733 3549 3032 3621; x_wconf 76' lang='grc' dir='ltr'>Αίγύπτιον</span> <span class='ocrx_word' id='word_1_677' title='bbox 3071 3548 3331 3620; x_wconf 82' lang='grc' dir='ltr'>τύραννον</span> <span class='ocrx_word' id='word_1_678' title='bbox 3355 3564 3367 3576; x_wconf 93' lang='grc'><strong>·</strong></span> <span class='ocrx_word' id='word_1_679' title='bbox 3428 3545 3589 3598; x_wconf 85' lang='grc' dir='ltr'>πάλιν</span> <span class='ocrx_word' id='word_1_680' title='bbox 3614 3542 3665 3595; x_wconf 80' lang='grc' dir='ltr'>δὲ</span> 
     </span>
    </p>
   </div>
   <div class='ocr_carea' id='block_1_93' title="bbox 2087 3637 3665 3720">
    <p class='ocr_par' dir='ltr' id='par_1_93' title="bbox 2087 3637 3665 3720">
     <span class='ocr_line' id='line_1_93' title="bbox 2087 3637 3665 3720; baseline -0.009 -19"><span class='ocrx_word' id='word_1_681' title='bbox 2087 3646 2371 3720; x_wconf 86' lang='grc' dir='ltr'>ὁρμίσκοις</span> <span class='ocrx_word' id='word_1_682' title='bbox 2414 3645 2508 3699; x_wconf 55' lang='grc' dir='ltr'><strong>καὶ⁸</strong></span> <span class='ocrx_word' id='word_1_683' title='bbox 2543 3643 2799 3714; x_wconf 84' lang='grc' dir='ltr'>τρυγόσιν</span> <span class='ocrx_word' id='word_1_684' title='bbox 2842 3640 3169 3711; x_wconf 80' lang='grc' dir='ltr'>εἰκαζομένη</span> <span class='ocrx_word' id='word_1_685' title='bbox 3204 3637 3347 3691; x_wconf 73' lang='grc' dir='ltr'>κατὰ</span> <span class='ocrx_word' id='word_1_686' title='bbox 3385 3637 3477 3690; x_wconf 81' lang='grc' dir='ltr'><strong>τὸν</strong></span> <span class='ocrx_word' id='word_1_687' title='bbox 3518 3650 3665 3706; x_wconf 85' lang='grc' dir='ltr'>περι-</span> 
     </span>
    </p>
   </div>
   <div class='ocr_carea' id='block_1_94' title="bbox 2091 3726 3661 3810">
    <p class='ocr_par' dir='ltr' id='par_1_94' title="bbox 2091 3726 3661 3810">
     <span class='ocr_line' id='line_1_94' title="bbox 2091 3726 3661 3810; baseline -0.011 -16"><span class='ocrx_word' id='word_1_688' title='bbox 2091 3739 2339 3810; x_wconf 85' lang='grc' dir='ltr'>αυχένιον</span> <span class='ocrx_word' id='word_1_689' title='bbox 2378 3738 2600 3808; x_wconf 84' lang='grc' dir='ltr'>κόσμον.</span> <span class='ocrx_word' id='word_1_690' title='bbox 2670 3730 2804 3787; x_wconf 84' lang='grc' dir='ltr'>Εἶτα</span> <span class='ocrx_word' id='word_1_691' title='bbox 2830 3733 2905 3797; x_wconf 83' lang='grc' dir='ltr'>ὡς</span> <span class='ocrx_word' id='word_1_692' title='bbox 2936 3733 3035 3785; x_wconf 83' lang='grc' dir='ltr'>οὐκ</span> <span class='ocrx_word' id='word_1_693' title='bbox 3065 3729 3396 3802; x_wconf 71' lang='grc' dir='ltr'>ἀρκεσθεῖσα</span> <span class='ocrx_word' id='word_1_694' title='bbox 3440 3726 3661 3787; x_wconf 84' lang='grc' dir='ltr'>τούτοις,</span> 
     </span>
    </p>
   </div>
   <div class='ocr_carea' id='block_1_95' title="bbox 2089 3817 3664 3901">
    <p class='ocr_par' dir='ltr' id='par_1_95' title="bbox 2089 3817 3664 3901">
     <span class='ocr_line' id='line_1_95' title="bbox 2089 3817 3664 3901; baseline -0.008 -18"><span class='ocrx_word' id='word_1_695' title='bbox 2089 3829 2169 3883; x_wconf 76' lang='grc' dir='ltr'>ἔτι</span> <span class='ocrx_word' id='word_1_696' title='bbox 2195 3828 2331 3901; x_wconf 81' lang='grc' dir='ltr'>πρὸς</span> <span class='ocrx_word' id='word_1_697' title='bbox 2361 3826 2631 3897; x_wconf 83' lang='grc' dir='ltr'>ἀνώτερον</span> <span class='ocrx_word' id='word_1_698' title='bbox 2661 3824 2895 3895; x_wconf 84' lang='grc' dir='ltr'>πρόεισι.</span> <span class='ocrx_word' id='word_1_699' title='bbox 2942 3824 3041 3876; x_wconf 75' lang='grc' dir='ltr'><strong>Διὰ</strong></span> <span class='ocrx_word' id='word_1_700' title='bbox 3072 3820 3181 3891; x_wconf 83' lang='grc' dir='ltr'>γὰρ</span> <span class='ocrx_word' id='word_1_701' title='bbox 3208 3821 3305 3890; x_wconf 82' lang='grc' dir='ltr'>τῆς</span> <span class='ocrx_word' id='word_1_702' title='bbox 3333 3817 3520 3888; x_wconf 79' lang='grc' dir='ltr'><strong>ἡδείας</strong></span> <span class='ocrx_word' id='word_1_703' title='bbox 3541 3817 3664 3888; x_wconf 81' lang='grc' dir='ltr'>νάρ-</span> 
     </span>
    </p>
   </div>
   <div class='ocr_carea' id='block_1_96' title="bbox 2087 3909 3667 3993">
    <p class='ocr_par' dir='ltr' id='par_1_96' title="bbox 2087 3909 3667 3993">
     <span class='ocr_line' id='line_1_96' title="bbox 2087 3909 3667 3993; baseline -0.01 -17"><span class='ocrx_word' id='word_1_704' title='bbox 2087 3923 2200 3988; x_wconf 90' lang='grc' dir='ltr'>δου,</span> <span class='ocrx_word' id='word_1_705' title='bbox 2222 3920 2319 3993; x_wconf 84' lang='grc' dir='ltr'>τὴν</span> <span class='ocrx_word' id='word_1_706' title='bbox 2342 3919 2492 3973; x_wconf 76' lang='grc' dir='ltr'>θείαν</span> <span class='ocrx_word' id='word_1_707' title='bbox 2510 3916 2862 3986; x_wconf 70' lang='grc' dir='ltr'>ἐπιγινώσκει</span> <span class='ocrx_word' id='word_1_708' title='bbox 2885 3915 3135 3980; x_wconf 78' lang='grc' dir='ltr'>εὐωδίαν,</span> <span class='ocrx_word' id='word_1_709' title='bbox 3157 3912 3254 3965; x_wconf 77' lang='grc' dir='ltr'>καὶ</span> <span class='ocrx_word' id='word_1_710' title='bbox 3272 3910 3395 3964; x_wconf 84' lang='grc' dir='ltr'>οὐδὲ</span> <span class='ocrx_word' id='word_1_711' title='bbox 3417 3914 3475 3964; x_wconf 84' lang='grc' dir='ltr'>ὲν</span> <span class='ocrx_word' id='word_1_712' title='bbox 3501 3909 3667 3977; x_wconf 78' lang='grc' dir='ltr'>τούτῳ</span> 
     </span>
    </p>
   </div>
   <div class='ocr_carea' id='block_1_97' title="bbox 2092 3998 3665 4087">
    <p class='ocr_par' dir='ltr' id='par_1_97' title="bbox 2092 3998 3665 4087">
     <span class='ocr_line' id='line_1_97' title="bbox 2092 3998 3665 4087; baseline -0.006 -19"><span class='ocrx_word' id='word_1_713' title='bbox 2092 4015 2263 4087; x_wconf 84' lang='grc' dir='ltr'>μένει,</span> <span class='ocrx_word' id='word_1_714' title='bbox 2292 4012 2429 4066; x_wconf 80' lang='grc' dir='ltr'>ἀλλὰ</span> <span class='ocrx_word' id='word_1_715' title='bbox 2445 4011 2607 4065; x_wconf 82' lang='grc' dir='ltr'>πάλιν</span> <span class='ocrx_word' id='word_1_716' title='bbox 2626 4009 2790 4064; x_wconf 76' lang='grc' dir='ltr'>αὐτὸν</span> <span class='ocrx_word' id='word_1_717' title='bbox 2807 4008 2898 4062; x_wconf 82' lang='grc' dir='ltr'>τὸν</span> <span class='ocrx_word' id='word_1_718' title='bbox 2921 4005 3252 4077; x_wconf 76' lang='grc' dir='ltr'>ποθούμενον</span> <span class='ocrx_word' id='word_1_719' title='bbox 3272 3998 3384 4057; x_wconf 72' lang='grc' dir='ltr'>οἷόν</span> <span class='ocrx_word' id='word_1_720' title='bbox 3402 4020 3457 4057; x_wconf 88' lang='grc' dir='ltr'><strong>τι</strong></span> <span class='ocrx_word' id='word_1_721' title='bbox 3476 4006 3665 4074; x_wconf 79' lang='grc' dir='ltr'>ἄρωμα</span> 
     </span>
    </p>
   </div>
   <div class='ocr_carea' id='block_1_98' title="bbox 2090 4093 3663 4174">
    <p class='ocr_par' dir='ltr' id='par_1_98' title="bbox 2090 4093 3663 4174">
     <span class='ocr_line' id='line_1_98' title="bbox 2090 4093 3663 4174; baseline -0.01 -14"><span class='ocrx_word' id='word_1_722' title='bbox 2090 4105 2323 4160; x_wconf 75' lang='grc' dir='ltr'>εὔπνουν</span> <span class='ocrx_word' id='word_1_723' title='bbox 2340 4105 2507 4174; x_wconf 79' lang='grc' dir='ltr'>ἑαυτῇ</span> <span class='ocrx_word' id='word_1_724' title='bbox 2536 4101 2827 4173; x_wconf 79' lang='grc' dir='ltr'>περιάπτει</span> <span class='ocrx_word' id='word_1_725' title='bbox 2846 4099 3047 4171; x_wconf 77' lang='grc' dir='ltr'>μεταξὺ</span> <span class='ocrx_word' id='word_1_726' title='bbox 3070 4098 3178 4151; x_wconf 86' lang='grc' dir='ltr'>τῶν</span> <span class='ocrx_word' id='word_1_727' title='bbox 3202 4095 3435 4166; x_wconf 81' lang='grc' dir='ltr'>λογικῶν</span> <span class='ocrx_word' id='word_1_728' title='bbox 3467 4093 3663 4166; x_wconf 82' lang='grc' dir='ltr'>μαζῶν,</span> 
     </span>
    </p>
   </div>
   <div class='ocr_carea' id='block_1_99' title="bbox 2089 4187 3666 4267">
    <p class='ocr_par' dir='ltr' id='par_1_99' title="bbox 2089 4187 3666 4267">
     <span class='ocr_line' id='line_1_99' title="bbox 2089 4187 3666 4267; baseline -0.008 -16"><span class='ocrx_word' id='word_1_729' title='bbox 2089 4196 2211 4252; x_wconf 81' lang='grc' dir='ltr'>ὅθεν</span> <span class='ocrx_word' id='word_1_730' title='bbox 2240 4195 2394 4267; x_wconf 82' lang='grc' dir='ltr'>βρύει</span> <span class='ocrx_word' id='word_1_731' title='bbox 2417 4194 2488 4248; x_wconf 88' lang='grc' dir='ltr'>τὰ</span> <span class='ocrx_word' id='word_1_732' title='bbox 2511 4193 2630 4247; x_wconf 87' lang='grc' dir='ltr'>θεῖα</span> <span class='ocrx_word' id='word_1_733' title='bbox 2661 4189 3085 4263; x_wconf 85' lang='grc' dir='ltr'>διδάγματα,τῷ</span> <span class='ocrx_word' id='word_1_734' title='bbox 3108 4190 3396 4260; x_wconf 83' lang='grc' dir='ltr'>χωρήματι</span> <span class='ocrx_word' id='word_1_735' title='bbox 3419 4187 3518 4257; x_wconf 79' lang='grc' dir='ltr'>τῆς</span> <span class='ocrx_word' id='word_1_736' title='bbox 3548 4201 3666 4256; x_wconf 80' lang='grc' dir='ltr'>καρ-</span> 
     </span>
    </p>
   </div>
   <div class='ocr_carea' id='block_1_100' title="bbox 2089 4279 3666 4357">
    <p class='ocr_par' dir='ltr' id='par_1_100' title="bbox 2089 4279 3666 4357">
     <span class='ocr_line' id='line_1_100' title="bbox 2089 4279 3666 4357; baseline -0.007 -15"><span class='ocrx_word' id='word_1_737' title='bbox 2089 4289 2207 4352; x_wconf 86' lang='grc' dir='ltr'>δίας</span> <span class='ocrx_word' id='word_1_738' title='bbox 2233 4285 2596 4357; x_wconf 83' lang='grc' dir='ltr'>ὲνδυσαμένη.</span> <span class='ocrx_word' id='word_1_739' title='bbox 2650 4284 2806 4339; x_wconf 84' lang='grc' dir='ltr'>Μετὰ</span> <span class='ocrx_word' id='word_1_740' title='bbox 2833 4282 2993 4337; x_wconf 75' lang='grc' dir='ltr'>τοῦτο</span> <span class='ocrx_word' id='word_1_741' title='bbox 3028 4281 3240 4353; x_wconf 77' lang='grc' dir='ltr'>καρπὸν</span> <span class='ocrx_word' id='word_1_742' title='bbox 3274 4280 3474 4351; x_wconf 77' lang='grc' dir='ltr'>ἑαυτῆς</span> <span class='ocrx_word' id='word_1_743' title='bbox 3509 4279 3666 4333; x_wconf 82' lang='grc' dir='ltr'>ποιεῖ-</span> 
     </span>
    </p>
   </div>
   <div class='ocr_carea' id='block_1_101' title="bbox 2090 4369 3666 4450">
    <p class='ocr_par' dir='ltr' id='par_1_101' title="bbox 2090 4369 3666 4450">
     <span class='ocr_line' id='line_1_101' title="bbox 2090 4369 3666 4450; baseline -0.011 -15"><span class='ocrx_word' id='word_1_744' title='bbox 2090 4392 2182 4435; x_wconf 83' lang='grc' dir='ltr'><strong>ται</strong></span> <span class='ocrx_word' id='word_1_745' title='bbox 2216 4379 2307 4434; x_wconf 81' lang='grc' dir='ltr'><strong>τὸν</strong></span> <span class='ocrx_word' id='word_1_746' title='bbox 2336 4376 2605 4450; x_wconf 82' lang='grc' dir='ltr'>γεωργὸν,</span> <span class='ocrx_word' id='word_1_747' title='bbox 2657 4376 2850 4448; x_wconf 80' lang='grc' dir='ltr'>βότρυν</span> <span class='ocrx_word' id='word_1_748' title='bbox 2882 4376 3046 4429; x_wconf 81' lang='grc' dir='ltr'>αὐτὸν</span> <span class='ocrx_word' id='word_1_749' title='bbox 3084 4370 3446 4443; x_wconf 80' lang='grc' dir='ltr'>ὀνομάζουσα,</span> <span class='ocrx_word' id='word_1_750' title='bbox 3493 4369 3589 4441; x_wconf 76' lang='grc' dir='ltr'><strong>ἡδύ</strong></span> <span class='ocrx_word' id='word_1_751' title='bbox 3620 4382 3666 4419; x_wconf 89' lang='grc' dir='ltr'><strong>τι</strong></span> 
     </span>
    </p>
   </div>
   <div class='ocr_carea' id='block_1_102' title="bbox 2093 4459 3667 4542">
    <p class='ocr_par' dir='ltr' id='par_1_102' title="bbox 2093 4459 3667 4542">
     <span class='ocr_line' id='line_1_102' title="bbox 2093 4459 3667 4542; baseline -0.01 -16"><span class='ocrx_word' id='word_1_752' title='bbox 2093 4473 2190 4526; x_wconf 77' lang='grc' dir='ltr'><strong>καὶ</strong></span> <span class='ocrx_word' id='word_1_753' title='bbox 2218 4469 2489 4542; x_wconf 81' lang='grc' dir='ltr'>προσηνὲς</span> <span class='ocrx_word' id='word_1_754' title='bbox 2511 4468 2602 4522; x_wconf 85' lang='grc' dir='ltr'>διὰ</span> <span class='ocrx_word' id='word_1_755' title='bbox 2622 4467 2717 4521; x_wconf 80' lang='grc' dir='ltr'><strong>τοῦ</strong></span> <span class='ocrx_word' id='word_1_756' title='bbox 2740 4465 2935 4530; x_wconf 82' lang='grc' dir='ltr'>ἄνθους</span> <span class='ocrx_word' id='word_1_757' title='bbox 2959 4462 3323 4526; x_wconf 78' lang='grc' dir='ltr'>εὐωδιάζοντα</span> <span class='ocrx_word' id='word_1_758' title='bbox 3349 4479 3363 4493; x_wconf 90' lang='grc'><strong>·</strong></span> <span class='ocrx_word' id='word_1_759' title='bbox 3387 4462 3484 4515; x_wconf 75' lang='grc' dir='ltr'><strong>καὶ</strong></span> <span class='ocrx_word' id='word_1_760' title='bbox 3506 4459 3667 4519; x_wconf 75' lang='grc' dir='ltr'>οὕτως</span> 
     </span>
    </p>
   </div>
   <div class='ocr_carea' id='block_1_103' title="bbox 2093 4553 3662 4635">
    <p class='ocr_par' dir='ltr' id='par_1_103' title="bbox 2093 4553 3662 4635">
     <span class='ocr_line' id='line_1_103' title="bbox 2093 4553 3662 4635; baseline -0.011 -15"><span class='ocrx_word' id='word_1_761' title='bbox 2093 4564 2388 4635; x_wconf 80' lang='grc' dir='ltr'>αὐξηθεῖσα</span> <span class='ocrx_word' id='word_1_762' title='bbox 2417 4562 2505 4615; x_wconf 84' lang='grc' dir='ltr'>διὰ</span> <span class='ocrx_word' id='word_1_763' title='bbox 2539 4559 2646 4615; x_wconf 83' lang='grc' dir='ltr'><strong>τῶν</strong></span> <span class='ocrx_word' id='word_1_764' title='bbox 2672 4559 2931 4614; x_wconf 85' lang='grc' dir='ltr'>τοιούτων</span> <span class='ocrx_word' id='word_1_765' title='bbox 2982 4557 3212 4618; x_wconf 82' lang='grc' dir='ltr'>ἀνόδων,</span> <span class='ocrx_word' id='word_1_766' title='bbox 3266 4555 3407 4625; x_wconf 79' lang='grc' dir='ltr'>καλὴ</span> <span class='ocrx_word' id='word_1_767' title='bbox 3441 4553 3662 4620; x_wconf 83' lang='grc' dir='ltr'>λέγεται,</span> 
     </span>
    </p>
   </div>
   <div class='ocr_carea' id='block_1_104' title="bbox 2094 4642 3666 4725">
    <p class='ocr_par' dir='ltr' id='par_1_104' title="bbox 2094 4642 3666 4725">
     <span class='ocr_line' id='line_1_104' title="bbox 2094 4642 3666 4725; baseline -0.009 -15"><span class='ocrx_word' id='word_1_768' title='bbox 2094 4657 2189 4711; x_wconf 75' lang='grc' dir='ltr'><strong>καὶ</strong></span> <span class='ocrx_word' id='word_1_769' title='bbox 2215 4654 2441 4725; x_wconf 83' lang='grc' dir='ltr'>πλησίον</span> <span class='ocrx_word' id='word_1_770' title='bbox 2469 4654 2698 4723; x_wconf 87' lang='grc' dir='ltr'>γίνεται,</span> <span class='ocrx_word' id='word_1_771' title='bbox 2742 4652 2837 4705; x_wconf 73' lang='grc' dir='ltr'>καὶ</span> <span class='ocrx_word' id='word_1_772' title='bbox 2877 4651 3228 4722; x_wconf 78' lang='grc' dir='ltr'>περιστεραῖς</span> <span class='ocrx_word' id='word_1_773' title='bbox 3260 4647 3322 4700; x_wconf 85' lang='grc' dir='ltr'><strong>τὸ</strong></span> <span class='ocrx_word' id='word_1_774' title='bbox 3352 4647 3409 4699; x_wconf 86' lang='grc' dir='ltr'>ὲν</span> <span class='ocrx_word' id='word_1_775' title='bbox 3436 4647 3549 4707; x_wconf 83' lang='grc' dir='ltr'>τοῖς</span> <span class='ocrx_word' id='word_1_776' title='bbox 3580 4642 3666 4713; x_wconf 77' lang='grc' dir='ltr'><strong>ὃμ-</strong></span> 
     </span>
    </p>
   </div>
   <div class='ocr_carea' id='block_1_105' title="bbox 2100 4731 3668 4818">
    <p class='ocr_par' dir='ltr' id='par_1_105' title="bbox 2100 4731 3668 4818">
     <span class='ocr_line' id='line_1_105' title="bbox 2100 4731 3668 4818; baseline -0.011 -15"><span class='ocrx_word' id='word_1_777' title='bbox 2100 4766 2265 4818; x_wconf 87' lang='grc' dir='ltr'>μασιν</span> <span class='ocrx_word' id='word_1_778' title='bbox 2290 4747 2462 4818; x_wconf 82' lang='grc' dir='ltr'>αὐτῆς</span> <span class='ocrx_word' id='word_1_779' title='bbox 2482 4744 2877 4818; x_wconf 78' lang='grc' dir='ltr'>παρεικάξεται</span> <span class='ocrx_word' id='word_1_780' title='bbox 2894 4742 3107 4804; x_wconf 82' lang='grc' dir='ltr'>κάλλος.</span> <span class='ocrx_word' id='word_1_781' title='bbox 3128 4736 3259 4792; x_wconf 84' lang='grc' dir='ltr'>Εἶτα</span> <span class='ocrx_word' id='word_1_782' title='bbox 3281 4737 3443 4791; x_wconf 87' lang='grc' dir='ltr'>πάλιν</span> <span class='ocrx_word' id='word_1_783' title='bbox 3462 4735 3597 4806; x_wconf 83' lang='grc' dir='ltr'>πρὸς</span> <span class='ocrx_word' id='word_1_784' title='bbox 3615 4731 3668 4785; x_wconf 81' lang='grc' dir='ltr'>τὸ</span> 
     </span>
    </p>
   </div>
   <div class='ocr_carea' id='block_1_106' title="bbox 2099 4817 3663 4914">
    <p class='ocr_par' dir='ltr' id='par_1_106' title="bbox 2099 4817 3663 4914">
     <span class='ocr_line' id='line_1_106' title="bbox 2099 4817 3663 4914; baseline -0.013 -18"><span class='ocrx_word' id='word_1_785' title='bbox 2099 4817 2282 4914; x_wconf 72' lang='grc' dir='ltr'>μεῖζον</span> <span class='ocrx_word' id='word_1_786' title='bbox 2309 4817 2499 4911; x_wconf 84' lang='grc' dir='ltr'>χωρεῖ.</span> <span class='ocrx_word' id='word_1_787' title='bbox 2545 4817 2984 4909; x_wconf 75' lang='grc' dir='ltr'>Διορατικωτέρα</span> <span class='ocrx_word' id='word_1_788' title='bbox 3007 4833 3117 4903; x_wconf 79' lang='grc' dir='ltr'><strong>γὰρ</strong></span> <span class='ocrx_word' id='word_1_789' title='bbox 3136 4830 3402 4900; x_wconf 82' lang='grc' dir='ltr'>γενομένη</span> <span class='ocrx_word' id='word_1_790' title='bbox 3426 4826 3663 4893; x_wconf 85' lang='grc' dir='ltr'>κάκείνη,</span> 
     </span>
    </p>
   </div>
   <div class='ocr_carea' id='block_1_107' title="bbox 2100 4918 3668 5003">
    <p class='ocr_par' dir='ltr' id='par_1_107' title="bbox 2100 4918 3668 5003">
     <span class='ocr_line' id='line_1_107' title="bbox 2100 4918 3668 5003; baseline -0.011 -15"><span class='ocrx_word' id='word_1_791' title='bbox 2100 4935 2195 4990; x_wconf 78' lang='grc' dir='ltr'>τοῦ</span> <span class='ocrx_word' id='word_1_792' title='bbox 2222 4935 2399 5003; x_wconf 81' lang='grc' dir='ltr'>Λόγου</span> <span class='ocrx_word' id='word_1_793' title='bbox 2422 4930 2830 5002; x_wconf 82' lang='grc' dir='ltr'>καταμανθάνει</span> <span class='ocrx_word' id='word_1_794' title='bbox 2849 4928 2945 4999; x_wconf 82' lang='grc' dir='ltr'><strong>τὴν</strong></span> <span class='ocrx_word' id='word_1_795' title='bbox 2970 4927 3138 4998; x_wconf 81' lang='grc' dir='ltr'>ὤραν·</span> <span class='ocrx_word' id='word_1_796' title='bbox 3161 4924 3255 4978; x_wconf 77' lang='grc' dir='ltr'><strong>καὶ</strong></span> <span class='ocrx_word' id='word_1_797' title='bbox 3275 4921 3542 4991; x_wconf 78' lang='grc' dir='ltr'>θαυμάζει</span> <span class='ocrx_word' id='word_1_798' title='bbox 3565 4918 3668 4979; x_wconf 74' lang='grc' dir='ltr'>πῶς</span> 
     </span>
    </p>
   </div>
   <div class='ocr_carea' id='block_1_108' title="bbox 2101 5011 3666 5097">
    <p class='ocr_par' dir='ltr' id='par_1_108' title="bbox 2101 5011 3666 5097">
     <span class='ocr_line' id='line_1_108' title="bbox 2101 5011 3666 5097; baseline -0.014 -15"><span class='ocrx_word' id='word_1_799' title='bbox 2101 5028 2318 5092; x_wconf 77' lang='grc' dir='ltr'>εὖσκιος</span> <span class='ocrx_word' id='word_1_800' title='bbox 2349 5026 2442 5081; x_wconf 73' lang='grc' dir='ltr'><strong>ἐπὶ</strong></span> <span class='ocrx_word' id='word_1_801' title='bbox 2485 5025 2583 5097; x_wconf 83' lang='grc' dir='ltr'><strong>τὴν</strong></span> <span class='ocrx_word' id='word_1_802' title='bbox 2621 5024 2809 5093; x_wconf 84' lang='grc' dir='ltr'>κλίνην</span> <span class='ocrx_word' id='word_1_803' title='bbox 2854 5021 2953 5091; x_wconf 81' lang='grc' dir='ltr'>τῆς</span> <span class='ocrx_word' id='word_1_804' title='bbox 2990 5019 3140 5072; x_wconf 85' lang='grc' dir='ltr'>κάτω</span> <span class='ocrx_word' id='word_1_805' title='bbox 3173 5017 3319 5085; x_wconf 80' lang='grc' dir='ltr'>ζωῆς</span> <span class='ocrx_word' id='word_1_806' title='bbox 3344 5011 3666 5071; x_wconf 77' lang='grc' dir='ltr'>καταϐαίνει,</span> 
     </span>
    </p>
   </div>
   <div class='ocr_carea' id='block_1_109' title="bbox 2101 5100 3668 5193">
    <p class='ocr_par' dir='ltr' id='par_1_109' title="bbox 2101 5100 3668 5193">
     <span class='ocr_line' id='line_1_109' title="bbox 2101 5100 3668 5193; baseline -0.015 -17"><span class='ocrx_word' id='word_1_807' title='bbox 2101 5125 2168 5193; x_wconf 78' lang='grc' dir='ltr'>τῇ</span> <span class='ocrx_word' id='word_1_808' title='bbox 2200 5121 2358 5191; x_wconf 81' lang='grc' dir='ltr'>ὐλικῇ</span> <span class='ocrx_word' id='word_1_809' title='bbox 2392 5118 2486 5172; x_wconf 79' lang='grc' dir='ltr'><strong>τοῦ</strong></span> <span class='ocrx_word' id='word_1_810' title='bbox 2529 5115 2870 5186; x_wconf 84' lang='grc' dir='ltr'>ἀνθρωπίνου</span> <span class='ocrx_word' id='word_1_811' title='bbox 2912 5111 3164 5182; x_wconf 80' lang='grc' dir='ltr'>σώματος</span> <span class='ocrx_word' id='word_1_812' title='bbox 3197 5106 3357 5177; x_wconf 83' lang='grc' dir='ltr'>φύσει</span> <span class='ocrx_word' id='word_1_813' title='bbox 3399 5100 3668 5166; x_wconf 83' lang='grc' dir='ltr'>συσκιαζό-</span> 
     </span>
    </p>
   </div>
   <div class='ocr_carea' id='block_1_110' title="bbox 2107 5193 3670 5286">
    <p class='ocr_par' dir='ltr' id='par_1_110' title="bbox 2107 5193 3670 5286">
     <span class='ocr_line' id='line_1_110' title="bbox 2107 5193 3670 5286; baseline -0.015 -18"><span class='ocrx_word' id='word_1_814' title='bbox 2107 5231 2284 5286; x_wconf 89' lang='grc' dir='ltr'>μενος.</span> <span class='ocrx_word' id='word_1_815' title='bbox 2338 5210 2482 5282; x_wconf 79' lang='grc' dir='ltr'>Πρὸς</span> <span class='ocrx_word' id='word_1_816' title='bbox 2510 5209 2723 5271; x_wconf 83' lang='grc' dir='ltr'>τούτοις</span> <span class='ocrx_word' id='word_1_817' title='bbox 2762 5205 2853 5260; x_wconf 84' lang='grc' dir='ltr'><strong>τὸν</strong></span> <span class='ocrx_word' id='word_1_818' title='bbox 2884 5203 2983 5274; x_wconf 80' lang='grc' dir='ltr'>τῆς</span> <span class='ocrx_word' id='word_1_819' title='bbox 3012 5201 3211 5273; x_wconf 82' lang='grc' dir='ltr'>ἀρετῆς</span> <span class='ocrx_word' id='word_1_820' title='bbox 3249 5194 3397 5286; x_wconf 82' lang='grc' dir='ltr'>οἷκον</span> <span class='ocrx_word' id='word_1_821' title='bbox 3426 5194 3504 5263; x_wconf 83' lang='grc' dir='ltr'>τῷ</span> <span class='ocrx_word' id='word_1_822' title='bbox 3539 5193 3670 5286; x_wconf 53' lang='grc' dir='ltr'>λόγῳ</span> 
     </span>
    </p>
   </div>
   <div class='ocr_carea' id='block_1_111' title="bbox 2104 5278 3671 5373">
    <p class='ocr_par' dir='ltr' id='par_1_111' title="bbox 2104 5278 3671 5373">
     <span class='ocr_line' id='line_1_111' title="bbox 2104 5278 3671 5373; baseline -0.018 -15"><span class='ocrx_word' id='word_1_823' title='bbox 2104 5278 2418 5373; x_wconf 67' lang='grc' dir='ltr'>διαγράφει,</span> <span class='ocrx_word' id='word_1_824' title='bbox 2446 5293 2507 5354; x_wconf 73' lang='grc' dir='ltr'>οὗ</span> <span class='ocrx_word' id='word_1_825' title='bbox 2539 5297 2747 5366; x_wconf 88' lang='grc' dir='ltr'>γίνεται</span> <span class='ocrx_word' id='word_1_826' title='bbox 2786 5296 2820 5365; x_wconf 82' lang='grc' dir='ltr'><strong>ἡ</strong></span> <span class='ocrx_word' id='word_1_827' title='bbox 2848 5291 3111 5365; x_wconf 83' lang='grc' dir='ltr'>ὲρέψιμος</span> <span class='ocrx_word' id='word_1_828' title='bbox 3142 5286 3264 5360; x_wconf 78' lang='grc' dir='ltr'>ὕλη,</span> <span class='ocrx_word' id='word_1_829' title='bbox 3296 5284 3485 5354; x_wconf 77' lang='grc' dir='ltr'>κέδρος</span> <span class='ocrx_word' id='word_1_830' title='bbox 3507 5299 3568 5335; x_wconf 76' lang='grc' dir='ltr'><strong>τε</strong></span> <span class='ocrx_word' id='word_1_831' title='bbox 3588 5278 3671 5335; x_wconf 79' lang='grc' dir='ltr'><strong>καὶ</strong></span> 
     </span>
    </p>
   </div>
   <div class='ocr_carea' id='block_1_112' title="bbox 2108 5374 3669 5466">
    <p class='ocr_par' dir='ltr' id='par_1_112' title="bbox 2108 5374 3669 5466">
     <span class='ocr_line' id='line_1_112' title="bbox 2108 5374 3669 5466; baseline -0.015 -15"><span class='ocrx_word' id='word_1_832' title='bbox 2108 5397 2461 5466; x_wconf 84' lang='grc' dir='ltr'>κυπάρισσος,</span> <span class='ocrx_word' id='word_1_833' title='bbox 2482 5389 2775 5462; x_wconf 85' lang='grc' dir='ltr'>σηπεδόνος</span> <span class='ocrx_word' id='word_1_834' title='bbox 2797 5403 2858 5440; x_wconf 91' lang='grc' dir='ltr'><strong>τε</strong></span> <span class='ocrx_word' id='word_1_835' title='bbox 2876 5384 2971 5438; x_wconf 79' lang='grc' dir='ltr'>καὶ</span> <span class='ocrx_word' id='word_1_836' title='bbox 2993 5379 3289 5451; x_wconf 78' lang='grc' dir='ltr'>διαφθορᾶς</span> <span class='ocrx_word' id='word_1_837' title='bbox 3311 5374 3669 5466; x_wconf 60' lang='grc' dir='ltr'>ἀνεπίδεπτος,</span> 
     </span>
    </p>
   </div>
   <div class='ocr_carea' id='block_1_113' title="bbox 2107 5461 3671 5555">
    <p class='ocr_par' dir='ltr' id='par_1_113' title="bbox 2107 5461 3671 5555">
     <span class='ocr_line' id='line_1_113' title="bbox 2107 5461 3671 5555; baseline -0.017 -14"><span class='ocrx_word' id='word_1_838' title='bbox 2107 5488 2174 5541; x_wconf 84' lang='grc' dir='ltr'>δι’</span> <span class='ocrx_word' id='word_1_839' title='bbox 2208 5461 2283 5540; x_wconf 65' lang='grc' dir='ltr'><strong>ὥς,</strong></span> <span class='ocrx_word' id='word_1_840' title='bbox 2327 5484 2389 5537; x_wconf 79' lang='grc' dir='ltr'>τδ</span> <span class='ocrx_word' id='word_1_841' title='bbox 2424 5461 2648 5555; x_wconf 80' lang='grc' dir='ltr'>μόνιμόν</span> <span class='ocrx_word' id='word_1_842' title='bbox 2692 5496 2753 5533; x_wconf 88' lang='grc' dir='ltr'><strong>τε</strong></span> <span class='ocrx_word' id='word_1_843' title='bbox 2788 5477 2883 5532; x_wconf 73' lang='grc' dir='ltr'><strong>καὶ</strong></span> <span class='ocrx_word' id='word_1_844' title='bbox 2920 5471 3297 5546; x_wconf 78' lang='grc' dir='ltr'>ἀμετάϐλητον</span> <span class='ocrx_word' id='word_1_845' title='bbox 3325 5467 3427 5537; x_wconf 82' lang='grc' dir='ltr'><strong>τῆς</strong></span> <span class='ocrx_word' id='word_1_846' title='bbox 3464 5465 3597 5537; x_wconf 78' lang='grc' dir='ltr'>πρὸς</span> <span class='ocrx_word' id='word_1_847' title='bbox 3618 5461 3671 5515; x_wconf 84' lang='grc' dir='ltr'>τὸ</span> 
     </span>
    </p>
   </div>
   <div class='ocr_carea' id='block_1_114' title="bbox 2110 5555 3670 5650">
    <p class='ocr_par' dir='ltr' id='par_1_114' title="bbox 2110 5555 3670 5650">
     <span class='ocr_line' id='line_1_114' title="bbox 2110 5555 3670 5650; baseline -0.017 -15"><span class='ocrx_word' id='word_1_848' title='bbox 2110 5579 2312 5650; x_wconf 83' lang='grc' dir='ltr'>ἀγαθὸν</span> <span class='ocrx_word' id='word_1_849' title='bbox 2354 5560 2591 5649; x_wconf 80' lang='grc' dir='ltr'>σχέσεως</span> <span class='ocrx_word' id='word_1_850' title='bbox 2617 5569 2961 5645; x_wconf 82' lang='grc' dir='ltr'>διερμηνεύει</span> <span class='ocrx_word' id='word_1_851' title='bbox 3000 5566 3077 5637; x_wconf 80' lang='grc' dir='ltr'>τῷ</span> <span class='ocrx_word' id='word_1_852' title='bbox 3101 5565 3263 5635; x_wconf 79' lang='grc' dir='ltr'>λόγῳ.</span> <span class='ocrx_word' id='word_1_853' title='bbox 3319 5559 3442 5615; x_wconf 74' lang='grc' dir='ltr'><strong>Ἐπὶ</strong></span> <span class='ocrx_word' id='word_1_854' title='bbox 3474 5555 3670 5616; x_wconf 81' lang='grc' dir='ltr'>τούτοις</span> 
     </span>
    </p>
   </div>
  </div>
