3866 6358
129 314 253 374 889

1234 313 1300 369 ΙΝ
1339 311 1640 370 CANTICA
1668 308 1936 367 CANTIC.
1984 314 2263 373 HOMILIA
2306 317 2395 372 Vl.

3319 310 3425 373 890

133 435 234 491 δ.ἀ
257 432 603 505 συγκρίσεως
629 432 663 502 ἡ
692 430 828 503 πρὸς
853 430 914 485 τὸ
944 430 1192 501 κρεῖττον
1214 428 1385 494 αὐτῆς
1410 425 1732 500 παραλλαγὴ

1850 431 2146 486 )stenditur
2178 431 2299 501 ejus
2344 431 2413 487 ab
2443 446 2510 485 eo
2541 428 2686 501 quod
2722 438 2807 485 est
2855 429 3054 486 melius
3094 426 3421 492 differentia,

132 526 447 593 δείκνυται,
473 525 569 579 καὶ
604 524 788 596 κρίνον
827 524 886 577 ὲν
926 521 1189 585 ἀκάνθαις
1220 520 1405 574 δοκεῖ’
1447 520 1543 574 καὶ
1577 519 1739 572 πάλιν

137 619 246 674 καὶ¹
292 620 426 690 παρ’
477 616 694 687 ἐκείνης
737 615 1039 687 καθορᾶται
1085 612 1182 667 τοῦ
1230 613 1465 684 νυμφίου
1513 613 1574 666 τὸ
1605 614 1740 677 πρὸς

138 710 278 774 τοὺς
305 709 505 773 ἄλλους
534 708 810 780 διάφορον.
844 707 1025 777 Μῆλον
1048 706 1158 778 γὰρ
1179 705 1508 777 ὀνομάζεται
1534 706 1738 777 μεταξὺ

140 802 436 874 δρυμῶνος
463 800 739 872 ἀκάρπου,
778 801 844 869 τῇ
882 798 1105 870 εὐχροίᾳ
1133 801 1232 870 τῆς
1260 797 1482 869 ὀπώρας
1513 796 1740 868 ὡραῖζό-

146 910 338 965 μενον,
364 886 427 947 οὗ
450 892 550 964 τὴν
582 890 743 945 σκιὰν
760 890 1067 944 ὑπελθοῦσα
1082 893 1139 944 ὲν
1156 890 1232 961 τῷ
1246 891 1380 961 οίκῳ
1397 890 1622 958 γίνεται,
1645 890 1739 943 καὶ

145 986 353 1058 μύροις
383 984 716 1056 στηρίζεται,
742 984 836 1037 καὶ
863 986 976 1047 τοῖς
1003 985 1241 1053 καρποῖς
1264 982 1360 1036 τοῦ
1390 982 1563 1053 μήλου
1599 999 1741 1035 στοι-

141 1078 400 1143 ϐάζεται,
419 1077 515 1130 καὶ
540 1076 597 1129 τὸ
624 1076 882 1131 ἐκλεκτὸν
914 1075 1067 1146 βέλος
1086 1078 1145 1129 ὲν
1164 1079 1230 1147 τῇ
1257 1075 1453 1146 καρδίᾳ
1473 1073 1739 1147 δεξαμένη

142 1171 240 1225 διά
258 1173 362 1241 τῆς
383 1170 645 1239 γλυκείας
673 1170 910 1240 πληγῆς,
934 1168 1096 1223 πάλιν
1120 1169 1214 1223 καὶ
1244 1168 1384 1238 αὑτὴ
1420 1167 1573 1237 βέλος
1601 1168 1743 1236 γίνε-

140 1279 240 1315 ται
272 1263 335 1315 ὲν
361 1264 482 1325 ταῖς
508 1265 665 1332 χερσὶ⁵
690 1260 784 1314 τοῦ
814 1260 1054 1326 τοξότου,
1082 1263 1181 1331 τῆς
1213 1262 1311 1331 μὲν
1334 1261 1615 1331 εὐωνύμου
1642 1262 1741 1331 τὴν

144 1351 398 1421 κεφαλὴν
426 1351 563 1422 πρὸς
591 1352 683 1404 τὸν
718 1350 832 1404 ἀνω
857 1351 1060 1404 σκοπὸν
1109 1350 1438 1420 εὑθυνούσης
1463 1370 1477 1382 ·
1532 1351 1634 1422 τῆς
1651 1352 1740 1405 δε-

142 1443 271 1510 ξιᾶς
300 1444 360 1497 δὲ
384 1443 522 1514 πρὸς
552 1444 753 1511 ἑαυτὴν
785 1442 1263 1515 διαλαμϐανούσης
1292 1443 1353 1497 τὸ
1380 1444 1551 1514 βέλος.
1589 1448 1742 1501 Μετά

140 1536 327 1591 ταῦτα
372 1536 450 1600 ὡς
483 1536 584 1608 ἤδη
639 1535 776 1608 πρὸς
812 1535 874 1589 τὺ
909 1535 1114 1588 τέλειον
1154 1535 1409 1604 φθάσασα
1430 1578 1444 1601 ,
1485 1539 1579 1592 καὶ
1623 1542 1744 1603 ταῖς

141 1627 368 1691 λοιπαῖς
399 1627 499 1699 τὴν
536 1629 629 1681 ἐπὶ
660 1628 753 1680 τὸν
786 1629 1124 1700 ποθούμενον
1167 1629 1477 1701 προθυμίαν
1521 1632 1746 1702 ὑφηγεῖ-

142 1717 345 1788 ταιτῷ
379 1718 544 1789 λόγῳ,
585 1718 652 1771 δι’
686 1719 955 1791 ὀρκισμοῦ
995 1737 1144 1785 τινος
1174 1720 1273 1793 τὴν
1309 1722 1531 1794 ἀγάπην
1561 1724 1742 1777 αὑτῶν

144 1811 538 1882 ἐπεγείρουσα.
581 1810 679 1875 Τίς
708 1807 803 1865 οὖν
831 1812 933 1867 οὑκ
968 1811 1035 1867 ἂν
1069 1814 1213 1868 είποι
1242 1815 1341 1886 τὴν
1364 1817 1455 1869 ἐπὶ
1489 1817 1741 1873 τοσοῦτον

144 1900 462 1970 ὑψωθεῖσαν
489 1902 669 1972 ψυχὴν
700 1902 760 1955 ὲν
797 1901 878 1973 τῷ
923 1904 1211 1975 ἀκροτάτῳ
1257 1906 1588 1977 γεγενῆσθαι
1629 1908 1742 1980 ὅρῳ

143 1991 252 2061 τῆς
277 1992 649 2063 τελειότητος;
688 1994 829 2048 Ἀλλ’
858 1996 1010 2065 ὅμως
1036 1995 1097 2049 τὸ
1122 1997 1297 2067 πέρας
1321 1998 1430 2051 τῶν
1458 2000 1744 2071 προδιηνυ-

148 2084 373 2155 σμένων
403 2085 546 2156 ἀρχὴ
587 2085 798 2155 γίνεται
829 2088 929 2158 τῆς
958 2088 1049 2141 ἐπὶ
1080 2088 1150 2142 τὰ
1184 2090 1555 2162 ὑπερκείμενα
1597 2109 1743 2164 χειρ-

146 2176 422 2245 αγωγίας.
478 2177 663 2233 Πάντα
692 2180 801 2250 γάρ
833 2181 1020 2235 ἐκεῖνα
1056 2183 1242 2251 φωνῆς
1276 2178 1409 2254 ἦχος
1458 2186 1740 2257 ἐνομίσθη,

146 2266 292 2337 πρὸς
325 2268 425 2338 τὴν
466 2268 575 2321 τῶν
601 2270 880 2338 μυστικῶν
918 2269 1151 2340 θεωρίαν
1179 2272 1277 2343 τὴν
1309 2272 1486 2345 ψυχὴν
1516 2274 1604 2327 διά
1645 2275 1745 2345 τῆς

146 2359 324 2429 ἀκοῆς
344 2360 798 2431 επιστρεφούσης,
817 2364 910 2416 καὶ
935 2362 1153 2433 βλέπειν
1174 2365 1397 2436 ἄρχεται
1429 2368 1519 2420 τὸν
1552 2368 1746 2422 ποθού-

151 2466 338 2522 μενον,
368 2450 513 2523 ἄλλῳ
536 2451 666 2506 εἴδει
693 2456 808 2517 τοῖς
830 2455 1129 2526 ὀφθαλμοῖς
1158 2458 1583 2530 ἐμφαινόμενον.
1614 2465 1745 2532 Δορ-

147 2543 278 2598 κάδι
305 2545 415 2616 γὰρ
454 2544 760 2615 ὁμοιοῦται,
801 2549 900 2601 καὶ
926 2550 1104 2621 νεϐρῷ
1147 2552 1546 2623 παρεικάζεται
1570 2571 1585 2586 ο
1650 2556 1747 2609 καὶ

146 2635 251 2705 οὑχ
270 2634 523 2707 εστηκεν,
553 2636 679 2691 οὗτε
712 2640 807 2694 ἐπὶ
834 2641 934 2713 τῆς
961 2643 1238 2717 ἡμετέρας
1272 2645 1469 2715 ὅψεως,
1502 2645 1627 2701 οὔτε
1654 2648 1747 2701 ἐπὶ

146 2722 249 2779 τοῦ
289 2724 459 2779 τόπου
493 2727 657 2781 αὑτοῦ
697 2729 760 2783 τὸ
803 2730 1132 2802 φαινόμενον
1153 2749 1168 2763 ο
1198 2733 1316 2786 ἀλλ’
1365 2736 1603 2807 ὲπιπηδᾷ
1632 2738 1746 2800 τοῖς

148 2814 358 2890 ὄρεσιν,
398 2815 507 2869 ἀπὸ
526 2816 637 2870 τῶν
662 2818 1008 2891 ἀκροτηρίων
1035 2819 1129 2873 ἐπὶ
1153 2819 1250 2884 τὰς
1273 2820 1384 2874 τῶν
1415 2822 1619 2893 βουνῶν
1639 2821 1747 2888 ἐξο-

149 2912 258 2984 χάς
287 2908 707 2981 μεθαλλόμενος.
752 2912 864 2965 Καὶ
899 2911 1062 2966 πάλιν
1094 2916 1152 2967 ὲν
1184 2914 1391 2984 μείζονι
1413 2917 1744 2970 καταστάσει

150 3003 189 3071 ἠ
217 3000 406 3073 νύμφη
440 3001 672 3085 γίνεται,
701 3006 889 3075 φωνῆς
910 3005 1168 3076 δευτέρας
1197 3007 1336 3078 πρὸς
1361 3005 1533 3079 αὑτὴν
1562 3007 1746 3062 ἐλθού-

152 3110 290 3165 σης,
337 3095 407 3149 δι’
446 3091 515 3171 ἦς
547 3099 900 3169 παρορμᾶται
941 3099 1267 3154 καταλιπεῖν
1298 3100 1395 3172 τὴν
1432 3101 1527 3155 τοῦ
1564 3103 1743 3173 τοίχου

152 3182 340 3247 σκιὰν,
364 3184 459 3238 καὶ
487 3187 547 3240 έν
576 3186 827 3258 ὑπαίθρῳ
866 3188 1152 3258 γενέσθαι,
1195 3192 1290 3246 καὶ
1333 3194 1398 3263 τῇ
1434 3193 1612 3268 σκέπῃ
1646 3196 1744 3267 τῆς

150 3276 360 3349 πέτρας
394 3279 873 3335 συναναπαύεσθαι
893 3322 909 3346 ,
952 3282 1054 3353 τῆς
1096 3285 1363 3357 ἐχομένης
1394 3287 1491 3341 τοῦ
1525 3305 1745 3359 προτει-

152 3369 440 3441 χίσματος,
464 3372 559 3426 καὶ
590 3373 690 3445 τῆς
724 3376 949 3447 ἐαρινῆς
977 3376 1129 3450 ῶρας
1149 3381 1589 3452 κατατρυφῆσαι,
1623 3384 1746 3454 δρε-

153 3463 367 3534 πομένη
393 3464 491 3517 τοῦ
520 3466 715 3537 καιροῦ
740 3466 810 3521 τά
851 3467 987 3540 άνθη
1021 3470 1231 3541 ἀκμαῖα
1262 3471 1392 3527 ὄντα
1422 3474 1517 3527 καὶ
1547 3473 1744 3547 ὡραῖα,

155 3557 252 3610 καὶ
275 3555 414 3627 πρὸς
441 3558 614 3630 τομὴν
641 3560 954 3632 ἐπιτήδεια,
1008 3564 1103 3617 καὶ
1135 3563 1237 3619 ὅσα
1282 3564 1417 3620 ἄλλα
1452 3566 1591 3637 πρὸς
1613 3568 1748 3622 ἀπό-

155 3645 348 3704 λαυσιν
370 3649 401 3701 ὀ
427 3650 620 3720 καιρὸς
645 3654 761 3715 τοῖς
786 3653 1035 3735 τρυφῶσι
1069 3655 1377 3727 χαρίζεται,
1403 3659 1460 3712 ὲν
1492 3660 1612 3723 ταῖς
1638 3659 1749 3713 τῶν

160 3738 436 3809 μουσικῶν
468 3739 696 3811 ὀρνίθων
728 3746 933 3811 φωναῖς
956 3760 971 3774 ·
1027 3745 1096 3799 δι’
1128 3739 1206 3799 ὧν
1236 3746 1400 3801 πάλιν
1435 3747 1749 3820 τελεωτέρα

156 3829 419 3900 γινομένη
443 3832 477 3901 ἡ
503 3832 710 3903 νύμφη,
738 3835 909 3906 αὑτὴν
943 3836 1086 3903 ἀξιοί
1120 3837 1215 3891 τοῦ
1248 3836 1622 3911 φθεγγομένου
1646 3843 1749 3914 τὴν

150 3918 279 3991 ὄψιν
305 3921 436 3976 ίδεῐν
465 3924 754 3993 ἐμφανῶς,
787 3928 881 3981 καὶ
915 3930 1008 3983 τὸν
1037 3930 1196 3999 λόγον
1228 3932 1359 4004 παρ’
1400 3933 1566 3987 αὑτοῦ
1591 3934 1749 4001 δέξα-

158 4011 307 4077 σθαι,
353 4015 553 4085 μηκέτι
595 4016 663 4070 δι⁹
711 4018 913 4089 ἑτέρων
944 4020 1336 4091 φθεγγόμενον.
1390 4024 1561 4078 Πάλιν
1606 4026 1751 4090 είκός

158 4104 308 4159 ἐστιν
333 4105 427 4158 ὲπὶ
449 4107 660 4172 τούτοις
694 4111 1103 4182 μακαρισθῆναι
1132 4114 1233 4184 τὴν
1261 4115 1460 4187 ψυχὴν,
1488 4117 1586 4188 τῆς
1614 4117 1754 4189 ὑψη-

156 4194 260 4267 λῆς
280 4197 601 4263 ἀναϐάσεως
618 4199 714 4253 τοῦ
735 4202 1039 4274 ἀκροτάτου
1058 4204 1167 4259 τῶν
1193 4206 1360 4261 ποθου
1369 4208 1544 4278 μένων
1569 4212 1751 4279 ἐφικο-

163 4288 352 4359 μένιην.
393 4289 458 4342 Τί
484 4290 591 4361 γὰρ
621 4289 688 4344 ἂν
737 4308 821 4355 τις
853 4292 1039 4362 μεῖζον
1080 4296 1158 4352 είς
1191 4301 1543 4372 μακαρισμὸν
1570 4302 1756 4374 ἐννοή-

162 4397 326 4442 σειεν,
352 4380 448 4435 τοῦ
482 4382 647 4436 είδεῖν
665 4382 758 4436 τὸν
792 4383 926 4437 Θεόν
951 4402 965 4448 ;
1008 4386 1169 4441 Ἀλλά
1191 4391 1285 4442 καὶ
1305 4391 1485 4455 τοῦτο,
1513 4393 1621 4448 τῶν
1657 4396 1757 4467 μὲν

1840 536 1894 578 ct
1938 524 2156 578 videtur
2193 540 2316 581 esse
2357 524 2533 578 lilium
2570 523 2716 579 inter
2764 523 2958 592 spinas
2994 539 3007 575 :
3044 529 3100 576 et
3134 536 3331 578 rursus
3369 521 3424 577 in

1842 616 1931 669 illa
1964 618 2209 670 cernitur
2241 616 2432 686 sponsi
2480 615 2549 669 ab
2585 614 2704 669 aliis
2732 613 3053 668 discrimen.
3101 612 3428 668 Nominatur

1842 707 1985 760 enim
2033 722 2252 777 pomum
2307 707 2363 761 in
2415 707 2568 777 sylva
2600 705 2775 762 sterili
2825 704 2971 760 bono
3005 704 3222 761 fructus
3258 705 3428 761 odore

1841 798 2180 864 decoratum,
2208 799 2369 868 cujus
2406 798 2656 853 umbram
2689 799 2807 868 ipsa
2851 798 3099 861 subiens,
3129 796 3348 854 exsistit
3372 797 3427 851 itt

1843 890 2004 944 domo
2037 890 2160 955 viri,
2190 900 2245 945 et
2278 890 2509 944 fulcitur
2537 890 2857 962 unguentis,
2887 897 2943 945 et
2971 890 3115 959 pomi
3156 889 3429 945 fructibus

1844 981 2100 1051 stipatur,
2126 989 2179 1036 ct
2206 982 2379 1037 electa
2412 982 2611 1053 sagitta
2644 982 2699 1036 in
2727 982 2895 1037 corde
2922 997 3024 1036 suo
3059 987 3304 1050 aCCepta,
3331 996 3430 1051 per

1844 1071 2059 1127 dulcem
2099 1073 2314 1143 plagam
2350 1073 2468 1142 ipsa
2519 1087 2714 1127 rursus
2750 1074 2807 1126 lit
2837 1072 3031 1144 sagitta
3079 1072 3134 1126 in
3175 1071 3431 1126 manibus

1845 1166 2133 1237 sagittarii,
2168 1166 2393 1220 sinistra
2431 1166 2653 1236 quidem
2686 1165 2955 1236 dirigente
2998 1173 3165 1234 caput
3208 1163 3275 1218 ad
3305 1178 3430 1218 sco—

1844 1274 1973 1329 pum
2001 1274 2300 1327 supernum
2328 1274 2341 1310 :
2374 1258 2569 1313 dextra
2602 1264 2784 1312 autem
2814 1256 2880 1311 ad
2912 1257 3150 1326 seipsaut
3174 1257 3428 1327 sagittam

1845 1358 2220 1405 convertente.
2272 1349 2403 1404 Post
2435 1350 2570 1411 haec,
2607 1357 2665 1402 ut
2699 1363 2821 1419 qua:
2858 1348 2973 1419 jam
3003 1348 3313 1419 pervenerit
3360 1345 3431 1401 ad

1846 1441 1900 1496 id
1930 1441 2077 1511 quod
2104 1448 2189 1496 est
2223 1440 2553 1510 perchtum,
2596 1439 2813 1495 caeteris
2841 1453 2997 1494 suam
3027 1439 3235 1495 ineunt
3267 1452 3431 1509 quem

1845 1535 2146 1597 desiderat,
2190 1542 2412 1589 enarrat
2464 1533 2816 1597 charitatem,
2874 1531 3090 1586 ratione
3140 1530 3431 1601 cujusdam

1847 1626 2211 1697 adjurationis
2238 1641 2332 1681 eas
2358 1625 2608 1681 excitans
2635 1623 2701 1677 ad
2731 1622 3107 1677 dilectionem.
3140 1621 3277 1688 Quis
3301 1636 3435 1701 ergo

1846 1734 1955 1773 non
1986 1718 2189 1773 dixerit
2217 1716 2456 1772 animam
2490 1730 2613 1786 qua:
2640 1723 2726 1770 est
2749 1713 2887 1769 adeo
2915 1713 3130 1769 sublata
3163 1716 3220 1771 in
3244 1716 3436 1779 altum,

1844 1812 2161 1882 pervenisse
2185 1810 2251 1865 ad
2288 1825 2565 1865 summum
2590 1809 2885 1864 terminum
2913 1805 3308 1878 perfectionis?
3328 1803 3433 1858 Sed

1845 1914 2027 1959 tamen
2074 1904 2194 1960 ﬁnis
2240 1917 2432 1959 eorum
2486 1916 2610 1973 qua:
2664 1904 2817 1972 prius
2872 1909 3002 1956 sunt
3049 1898 3325 1961 confecta,
3377 1896 3435 1950 ﬁt

1846 1995 2175 2067 principium
2228 1995 2571 2053 deductionis
2638 1992 2705 2047 ad
2735 2006 2798 2047 ea
2843 2007 2967 2062 qnze
3000 1988 3431 2061 superemineat.

1842 2087 1977 2143 Nam
2007 2088 2099 2143 illa
2133 2086 2362 2143 omnino
2409 2094 2541 2140 sunt
2587 2085 2901 2140 existimata
2943 2098 3114 2138 sonus
3144 2080 3295 2137 vocis
3340 2093 3436 2149 per

1844 2184 2091 2238 auditum
2117 2182 2359 2236 animam
2384 2180 2765 2235 convertentis
2786 2178 2852 2232 ad
2883 2176 3213 2232 naturalium
3249 2186 3434 2229 rerum

1845 2274 2396 2343 contemplationem,
2433 2284 2488 2328 et
2517 2271 2709 2340 incipit
2730 2270 2916 2325 videre
2945 2283 3069 2324 eum
3097 2282 3257 2337 quem
3291 2265 3439 2319 desi-

1845 2367 2022 2434 derat,
2051 2368 2105 2420 in
2157 2366 2263 2420 alia
2309 2366 2491 2436 specie
2526 2372 2881 2435 apparentem
2926 2360 3128 2416 oculis.
3162 2358 3297 2412 Nam
3341 2372 3437 2411 ca-

1847 2477 1990 2533 preaa
2017 2458 2198 2517 evadit
2237 2459 2457 2525 similis,
2499 2469 2554 2514 et
2601 2457 2939 2512 assitnilatur
2988 2454 3217 2511 ltinnulo
3258 2450 3436 2517 cervi;

1847 2568 1949 2610 nec
2003 2561 2089 2609 est
2135 2553 2190 2609 in
2223 2559 2415 2610 nostro
2467 2552 2609 2617 visu,
2663 2563 2768 2606 nec
2806 2550 2859 2603 in
2894 2547 3088 2604 eodem
3126 2546 3251 2602 loco
3292 2543 3437 2615 quod

1847 2654 2108 2719 apparet;
2157 2644 2251 2702 sed
2285 2644 2415 2701 salit
2454 2643 2511 2698 in
2557 2649 2808 2705 montes,
2840 2656 2871 2695 a
2905 2638 3298 2710 promontoriis
3331 2637 3437 2693 salr

1845 2748 1972 2796 tans
2013 2753 2181 2809 super
2214 2737 2452 2793 vertices
2492 2734 2742 2790 collium.
2783 2731 2850 2787 Et
2881 2746 3079 2788 rursus
3119 2730 3173 2785 in
3222 2728 3439 2785 meliori

1847 2839 1995 2886 statu
2024 2843 2229 2901 sponsa
2262 2827 2643 2891 constituitur,
2680 2838 2806 2880 cum
2840 2822 2907 2878 ad
2938 2837 3058 2878 eam
3093 2821 3306 2877 venerit
3332 2833 3440 2874 vox

1847 2921 2113 2987 secunda,
2152 2936 2251 2993 per
2282 2934 2445 2991 quam
2487 2918 2753 2974 incitatur
2779 2923 2841 2972 ut
2879 2915 3156 2985 relinquat
3191 2911 3441 2967 umbram

1846 3029 1968 3086 quae
2002 3011 2254 3085 procedit
2286 3026 2356 3067 ex
2386 3009 2619 3083 pariete,
2645 3017 2701 3064 et
2728 3009 2800 3065 sit
2829 3007 2932 3063 sub
2958 3006 3072 3071 dio,
3108 3013 3170 3059 ut
3194 3002 3446 3075 quiescat

1772 3128 1819 3191 ε
1850 3107 1953 3164 sub
1978 3103 2221 3177 tegmine
2256 3112 2449 3175 petrae,
2503 3116 2624 3173 quae
2647 3109 2733 3158 est
2763 3100 2921 3172 juxta
2944 3097 3441 3191 prepugnaculuAm,

1848 3208 1903 3255 et
1938 3214 1999 3255 se
2041 3197 2194 3254 verni
2221 3195 2487 3267 temporis
2520 3195 2738 3266 expleat
2772 3192 3009 3253 deliciis.
3042 3189 3311 3260 colligens
3342 3185 3445 3241 llo-

1848 3308 1940 3348 res
1980 3291 2148 3363 hujus
2177 3289 2466 3362 temporis,
2502 3288 2597 3360 qui
2629 3295 2760 3344 sunt
2800 3285 3019 3358 pulcbrl
3054 3291 3110 3340 et
3137 3283 3443 3353 elegantes,

1848 3391 1903 3439 et
1929 3383 2041 3453 apti
2081 3381 2149 3437 ad
2193 3381 2518 3447 secandum,
2561 3387 2618 3435 et
2666 3380 3010 3451 quaecunque
3073 3376 3182 3432 alia
3228 3382 3448 3445 tempus

1851 3473 2083 3531 fruenda
2107 3474 2332 3529 exhibet
2358 3473 2428 3529 iis
2464 3471 2561 3543 qui
2590 3487 2652 3528 se
2675 3471 2898 3542 explent
2930 3470 3144 3526 deliciis
3173 3469 3228 3522 in
3264 3468 3443 3522 musi-

1851 3583 2038 3623 earutn
2067 3567 2251 3623 avium
2292 3566 2525 3621 vocibus
2549 3582 2563 3620 :
2600 3580 2696 3634 per
2721 3579 2845 3634 qua:
2868 3576 3072 3633 sponsa
3108 3575 3300 3616 rursus
3321 3574 3449 3615 evac

1850 3661 1986 3716 dens
2038 3658 2362 3732 perfectior,
2424 3673 2486 3714 se
2537 3656 2761 3727 dignam
2815 3662 3005 3710 censet
3047 3661 3105 3707 ut
3154 3651 3445 3707 manifeste

1852 3754 2128 3809 intueatur
2171 3750 2372 3805 faciem
2415 3749 2558 3818 ejus,
2613 3755 2669 3803 et
2711 3747 2832 3819 ejus
2861 3750 3170 3802 orationem
3206 3745 3445 3815 excipiat

1853 3845 1920 3899 ab
1952 3845 2096 3915 ipso,
2131 3842 2224 3912 qui
2265 3855 2375 3896 non
2421 3839 2657 3909 amplius
2703 3852 2801 3909 per
2844 3836 3013 3891 alium
3055 3835 3222 3892 verba
3253 3835 3442 3890 faciat.

1854 3934 2070 3991 Rursus
2101 3943 2185 3991 est
2213 3940 2645 3989 consentaneum
2686 3938 2912 4001 propter
2940 3929 3057 3985 haec
3080 3929 3296 3985 beatam
3325 3930 3446 3984 exi-

1854 4028 2068 4085 stimari
2117 4027 2378 4092 animam,
2426 4038 2549 4096 quae
2596 4024 2653 4078 in
2701 4023 2810 4078 alta
2840 4014 3167 4079 ascensione
3198 4023 3446 4092 pervenit

1855 4121 1922 4176 ad
1956 4134 2231 4176 summum
2274 4132 2465 4174 eorum
2499 4131 2623 4183 quae
2659 4115 3065 4171 desiderantur.
3116 4112 3260 4181 Quid
3298 4113 3445 4169 enim'
3496 4156 3497 4159 η

1857 4213 1924 4267 ad
1955 4211 2355 4267 beatitudinem
2395 4209 2578 4279 majus
2614 4215 2790 4278 potest
2823 4206 3125 4277 excogitari
3166 4220 3332 4276 quam
3365 4206 3449 4259 vi-

1857 4304 1988 4359 dere
2005 4300 2215 4357 Deum?
2244 4298 2349 4354 Sed
2376 4299 2482 4353 hoc
2507 4312 2730 4369 quoque
2756 4306 2842 4353 est
2863 4297 3085 4368 quidem
3114 4297 3237 4351 finis
3256 4311 3446 4350 eorum

1858 4409 1981 4465 qum
2006 4404 2225 4465 peracta
2254 4401 2403 4455 sunt,
2433 4391 2654 4445 initium
2679 4405 2809 4446 vero
2849 4391 2965 4459 spei
2990 4404 3180 4444 eorum
3211 4405 3335 4459 qua:
3361 4405 3449 4444 ευ-

161 4470 640 4543 προδιηνυσμένων
664 4473 837 4545 πέρας
874 4478 1012 4541 ἐστὶ,
1047 4479 1143 4549 τῆς
1174 4480 1233 4534 δὲ
1271 4481 1382 4535 τῶν
1423 4484 1747 4557 ὑπερκειμέ.

1859 4488 2221 4558 pereminent.
2257 4482 2474 4539 Rursus
2501 4484 2649 4539 enim
2702 4480 2855 4536 audit
2893 4496 3108 4546 vocent,
3141 4495 3263 4549 quae
3291 4480 3449 4549 jubet

162 4581 271 4617 νων
311 4563 525 4628 ἐλπίδος
566 4566 711 4636 ἀρχὴ
756 4567 984 4635 γίνεται.
1045 4570 1217 4625 Πάλιν
1256 4573 1366 4644 γάρ
1415 4578 1514 4647 τῆς
1564 4580 1754 4650 φωνῆς

162 4655 351 4712 ἀκούει
377 4656 480 4727 τῆς
507 4657 966 4733 διακελευομένης
998 4664 1110 4726 τοῖς
1134 4663 1423 4735 θηρευταῖς
1459 4669 1551 4723 ἐπὶ
1577 4688 1754 4742 σωτη-

167 4748 258 4821 ρίᾳ
288 4747 398 4802 τῶν
428 4749 771 4822 ἀμπελώνων
798 4752 908 4808 τῶν
938 4753 1197 4822 λογικῶν,
1228 4757 1495 4829 ἀγρεῦσαι
1521 4760 1589 4814 τὰ
1619 4761 1750 4832 βλαη

165 4840 335 4896 πτικά
355 4840 463 4895 τῶν
484 4843 715 4913 καρπῶν
736 4843 921 4916 θηρία,
941 4847 1068 4910 τοὺς
1096 4850 1324 4919 μικροὺς
1346 4850 1590 4916 ἐκείνους
1616 4853 1759 4907 ἀλὼ-

166 4952 343 4999 πεκας
365 4951 380 4965 ·
422 4937 518 4990 καὶ
541 4936 733 4991 τούτου
760 4939 1072 5009 γενομένου,
1121 4947 1433 5015 μεταχωρεῖ
1459 4946 1526 4999 τὰ
1555 4948 1650 5013 δύρ
1677 4955 1758 5018 εἰς

167 5026 392 5096 ἄλληλα,
430 5028 537 5081 ὅτε
560 5028 694 5093 Θεὸς
718 5030 777 5082 ὲν
813 5032 880 5102 τῇ
920 5030 1065 5102 ψυχῇ
1107 5034 1411 5104 γινόμενος,
1460 5042 1554 5094 καὶ
1596 5043 1759 5099 πάλιν

168 5119 248 5182 είς
281 5119 374 5172 τὸν
403 5118 537 5174 Θεὸν
587 5122 622 5191 ἡ
656 5120 799 5191 ψυχὴ
846 5124 1232 5193 μετοικίζεται.
1283 5129 1445 5198 Λέγει
1485 5136 1623 5205 γάρ,
1676 5136 1760 5190 ὅτι

173 5210 517 5281 Ἀδελφιδός
572 5231 693 5283 μου
751 5215 883 5285 ἐμοί
905 5233 921 5248 ο
990 5218 1145 5287 κάγὼ
1196 5222 1255 5274 ὲν
1311 5223 1495 5295 αὐτῷ,
1570 5226 1650 5296 τῷ
1700 5230 1758 5281 ἐν

168 5306 280 5367 τοῖς
305 5310 507 5375 κρίνοις
541 5307 910 5376 ποιμαίνοντι,
942 5310 1037 5363 καὶ
1073 5310 1364 5381 μεταθέντι
1410 5315 1512 5386 τὴν
1545 5315 1759 5388 ἀνθρω-

170 5392 330 5463 πίνην
347 5393 492 5466 ζωὴν
536 5394 646 5449 ἀπὸ
673 5394 785 5449 τῶν
807 5398 1084 5454 σκιοειδῶν
1104 5402 1508 5473 φαντασμάτων
1534 5405 1628 5459 ἐπὶ
1656 5407 1757 5477 τὴν

169 5482 276 5535 τῶν
298 5484 466 5540 ὀντων
491 5484 771 5557 ἀλήθειαν.
807 5488 971 5562 Ὁρᾷς
1002 5493 1084 5555 είς
1103 5492 1228 5547 ὅσον
1257 5494 1600 5567 ἀναϐέϐηκεν
1621 5497 1756 5568 ὕψος

171 5577 207 5649 ἡ
232 5577 297 5629 ὲκ
320 5576 603 5649 δυνάμεως
634 5580 715 5642 είς
741 5580 968 5653 δύναμιν
997 5584 1140 5640 κατά
1166 5585 1258 5641 τὸν
1289 5590 1627 5661 προφητικὸν
1655 5607 1757 5646 πο-

251 5762 294 5794 ¹²
342 5759 489 5818 Psal.
541 5776 767 5830 Lxxxm,
819 5762 873 5819 8.

1859 4577 2218 4634 venatoribus
2250 4583 2311 4631 ut
2343 4589 2446 4645 pro
2477 4575 2657 4631 salute
2693 4574 2975 4628 vinearum
3006 4573 3216 4627 ratione
3246 4572 3444 4642 praedi-

1859 4680 2062 4732 tarum,
2117 4674 2386 4723 venentur
2440 4666 2706 4722 animalia
2756 4682 2880 4736 qua:
2936 4664 3151 4721 fruetus
3217 4666 3445 4731 ltedunt,

1858 4776 2054 4831 nempe
2081 4775 2279 4831 parvas
2322 4759 2446 4815 illas
2487 4758 2702 4829 vulpes.
2738 4757 2816 4812 Eo
2858 4765 3039 4812 autem
3078 4759 3221 4813 facto
3247 4758 3359 4813 duo
3391 4759 3448 4813 in

1857 4869 1921 4911 se
1955 4843 2190 4909 invicem
2219 4858 2531 4907 transeunt.
2580 4849 2715 4904 Nam
2747 4860 2801 4905 et
2846 4849 2988 4907 Deus
3029 4860 3114 4907 est
3152 4851 3206 4905 in
3238 4851 3445 4913 anima,

1856 4956 1911 5003 et
1943 4961 2143 5002 rursus
2174 4945 2359 5000 anima
2389 4945 2588 5015 migrat
2611 4945 2663 4998 in
2690 4944 2883 4999 Deum.
2914 4944 3004 4999 Ait
3026 4945 3194 5008 enim,
3220 4943 3447 4998 Patrue-

1859 5039 1926 5093 lis
1958 5052 2102 5093 meus
2138 5036 2303 5100 mihi,
2342 5042 2396 5092 et
2426 5050 2527 5105 ego
2555 5035 2633 5089 illi
2676 5035 2920 5104 pascenti
2946 5035 3243 5101 interlilia,
3266 5045 3318 5090 et
3348 5035 3450 5089 ltu-

1861 5145 2080 5187 tnanam
2113 5129 2281 5183 vitam
2308 5127 2664 5183 transferenti
2697 5142 2727 5182 a
2753 5128 2887 5185 visis
2917 5128 3198 5184 umbrosis
3226 5128 3292 5182 ad
3324 5141 3445 5181 eam

1865 5238 1987 5293 quae
2012 5237 2139 5277 vere
2161 5230 2245 5277 est
2275 5221 2582 5277 veritatem.
2619 5219 2786 5276 Vides
2809 5221 2862 5275 in
2889 5228 3151 5290 quantam
3181 5217 3449 5275 ascende--

1867 5317 1938 5371 rit
1966 5314 2310 5370 altitudinem
2348 5315 2531 5368 anima
2559 5328 2682 5382 quae
2706 5313 2864 5381 juxta
2891 5311 2943 5366 id
2974 5309 3121 5380 quod
3150 5309 3287 5365 dicit
3314 5309 3450 5366 Pro-

1864 5408 2026 5478 pheta
2054 5406 2099 5439 “
2122 5447 2138 5471 ,
2166 5406 2409 5462 ambulat
2430 5420 2461 5460 a
2494 5405 2697 5459 virtute
2730 5404 2785 5458 in
2815 5402 3092 5469 virtutem,
3119 5408 3175 5455 ut
3200 5401 3451 5457 videatur

1862 5515 1986 5556 esse
2015 5506 2269 5555 assecuta
2310 5511 2586 5556 summum
2637 5494 2755 5565 spei
2794 5494 3086 5550 bonorum.
3123 5492 3264 5559 Quid
3296 5494 3447 5549 enim

1865 5601 1948 5648 est
1980 5591 2164 5656 altius,
2193 5605 2357 5660 quam
2399 5602 2522 5645 esse
2559 5587 2616 5644 in
2653 5587 2772 5656 ipso
2812 5587 2905 5657 qui
2939 5584 3308 5650 desideratur,
3349 5594 3450 5641 aut
