3866 6360
432 301 529 358 891

1674 312 1730 367 S.
1773 311 2101 370 GREGORII
2141 314 2431 369 NYSSENI

3600 317 3705 373 899

432 432 560 473 eum
600 419 691 489 qui
723 419 1070 476 desideratur
1101 422 1153 477 in
1197 426 1437 494 seipsum
1476 431 1790 499 suscipere?
1821 430 1885 484 Et
1920 442 2005 485 ta-

2121 435 2387 505 ρευομένη
2416 433 2593 501 λόγον,
2630 435 2705 496 ὡς
2738 433 2832 485 τοῦ
2859 435 3159 504 ἀκροτάτου
3199 436 3297 506 τῆς
3340 436 3449 489 τῶν
3482 436 3709 504 ἀγαθῶν

436 526 558 564 men
590 528 713 565 cum
758 515 809 566 in
837 529 904 567 eo
934 514 1120 578 fuerit,
1170 531 1364 572 rursus
1404 519 1752 582 lamentatur,
1807 532 1865 576 ut
1895 538 2017 593 quae

436 603 562 656 boni
601 604 671 658 sit
695 605 979 675 indigens:
1031 616 1085 661 et
1127 618 1183 662 ut
1227 626 1350 681 quae
1382 614 1621 666 nondum
1655 615 1851 668 habeat
1887 630 2015 684 pro-

435 697 669 765 pusitmn
700 698 982 765 desiderii,
1025 702 1243 772 angitur
1271 715 1431 759 etest
1467 706 1745 775 perplexa,
1783 722 2016 776 eamque

433 788 846 855 perplexitatem
906 792 1104 848 animm
1155 798 1472 852 narratione
1527 814 1624 853 sua
1690 798 1897 869 profert
1960 799 2014 852 in

431 880 729 948 publicum.

427 972 580 1039 χκνεῖ
607 987 664 1023 τε
697 973 791 1025 καὶ
814 972 1152 1045 δυσχεραίνει
1184 977 1277 1030 καὶ
1306 979 1404 1049 τὴν
1436 981 1690 1050 τοιαύτην
1718 982 1818 1051 τῆς
1836 979 2016 1051 ψυχῆς

425 1064 487 1116 τδ
516 1062 868 1135 ζητούμενον,
901 1067 1205 1138 ὑπογράφει
1230 1071 1306 1140 τῷ
1338 1072 1497 1143 λόγῳ.

500 1156 623 1211 Haec
660 1165 839 1211 autem
879 1162 1348 1216 omniadiscmius
1377 1180 1470 1232 per
1494 1169 2007 1237 contemplationem

427 1266 473 1303 ν.
500 1250 723 1303 rborum
761 1250 815 1303 in
844 1260 1104 1305 contextu
1137 1254 1295 1307 nobis
1322 1260 1751 1324 propositorum,
1775 1276 1870 1328 per
1888 1277 2009 1329 qua:

424 1352 609 1410 aperte
636 1342 921 1407 docemur,
953 1345 1100 1413 quod
1133 1361 1311 1415 neque
1364 1348 1472 1401 ullo
1531 1352 1632 1403 lin'
1685 1354 2011 1407 terminatur

424 1434 748 1500 magnitudo
775 1434 974 1488 divina:
1008 1446 1236 1501 natura},
1277 1456 1453 1508 neque
1487 1443 1632 1497 ullus
1682 1444 1876 1498 modus
1908 1460 2001 1499 co-

423 1526 686 1593 guitiunis
752 1526 817 1582 iit
873 1530 1143 1585 terminus
1207 1532 1592 1589 intellectionis
1641 1550 1829 1590 eorum
1887 1553 2006 1606 τίμιαι

424 1628 771 1684 qmu-rnntur,
803 1635 917 1687 quo
949 1631 1197 1691 oporteat
1231 1640 1289 1677 se
1322 1626 1539 1693 sistere,
1573 1643 1639 1681 ne
1689 1631 2006 1698 progredia-

2120 525 2334 586 ἐλπίδος
2378 524 2734 594 τετυχηκέναι
2764 524 2979 591 δοκεῖν;
3023 526 3088 578 Τί
3122 528 3231 598 γὰρ
3262 526 3533 598 ἀνώτερον
3608 535 3713 583 τοῦ

2120 616 2179 668 ἐν
2222 614 2368 684 αὑτῷ
2414 613 2665 682 γενέσθαι
2707 614 2784 684 τῷ
2822 614 3174 685 ποθουμένῳ,
3222 617 3316 669 καὶ
3345 618 3402 671 ὲν
3432 615 3584 685 αὐτῷ
3616 616 3710 668 τδδ

2121 705 2454 777 ποθούμενον
2474 705 2726 771 δέξασθαι
2747 721 2761 771 ;
2797 705 2935 758 Ἀλλ’
2956 707 3106 777 ὅμως
3133 708 3192 759 ὲν
3219 707 3392 777 τούτῳ
3408 707 3710 777 γενομένη.

2121 797 2283 850 πάλιν
2309 797 2384 859 ὡς
2428 796 2612 865 ἐνδεὴς
2657 790 2792 848 οὖσα
2820 795 2915 849 τοῦ
2944 796 3150 865 ἀγαθοῦ
3191 797 3556 868 ἀποδύρεται·
3612 799 3711 851 καὶ

2120 888 2194 952 ὡς
2233 889 2399 957 μήπω
2424 886 2624 958 ἔχουσα
2652 887 2713 940 τὸ
2751 889 2815 958 τῇ
2854 887 3117 958 ἐπιθυμίᾳ
3141 890 3516 958 προκείμενον,
3555 891 3715 959 ἀμη-

2088 979 2406 1050 ἀμηχανίαν
2463 978 2777 1048 δημισιεύει
2810 978 2886 1049 τῷ
2927 979 3224 1049 διηγήματι
3270 980 3365 1033 καὶ
3394 980 3543 1042 ὅπως
3576 977 3713 1052 εὗρε

2183 1158 2369 1212 Ταῦτα
2414 1158 2471 1211 δὲ
2517 1159 2693 1212 πάντα
2739 1159 2827 1212 διὰ
2867 1160 2966 1230 τῆς
3002 1160 3109 1214 τῶν
3147 1164 3520 1233 προκειμένων
3564 1169 3712 1238 ἡμῖν

2113 1253 2292 1323 ῥητῶν
2337 1250 2571 1321 θεωρίας
2605 1251 2966 1320 μανθάνομεν,
3000 1252 3066 1304 δι’
3109 1247 3184 1306 ὧν
3216 1256 3401 1323 σαφῶς
3439 1257 3710 1326 διδασκό.

2114 1346 2275 1415 μεοα,
2319 1343 2378 1395 τὸ
2426 1345 2564 1413 μήτε
2595 1344 2701 1395 τινὶ
2746 1344 2941 1414 πέρατι
2986 1344 3048 1395 τὸ
3085 1347 3368 1415 μεγαλεῖον
3411 1351 3510 1419 τῆς
3542 1351 3713 1413 Θείας

2107 1435 2383 1506 ὁρίζεσθαι
2432 1433 2681 1501 φύσεως,
2732 1436 2865 1503 μήτε
2915 1452 2968 1487 τι
3017 1435 3270 1503 γνώσεως
3324 1437 3518 1510 μέτρον
3565 1442 3707 1511 ὅρον

2111 1524 2353 1594 γίνεσθαι
2387 1525 2483 1592 τῆς
2523 1524 2631 1575 τῶν
2668 1524 3016 1593 ζητουμένων
3049 1529 3458 1598 κατανοήσεως,
3503 1531 3638 1600 μεθ’
3682 1535 3717 1586 δ

2116 1618 2304 1686 στῆναι
2333 1617 2436 1685 χρη
2460 1618 2558 1684 τῆς
2588 1617 2679 1668 ἐπὶ
2705 1617 2765 1667 τὸ
2796 1617 2983 1687 πρὶσω
3009 1620 3201 1689 φορᾶς.
3224 1620 3316 1671 τὸν
3336 1620 3441 1673 τῶν
3471 1622 3715 1693 ὑψηλῶν

443 1678 456 1684 -
758 1678 835 1687 ν.
986 1678 1000 1691 .
1527 1678 1976 1698 ,κντένοευτη

426 1716 518 1760 ῑιιι·
549 1724 611 1762 ae
644 1722 1035 1779 promoveatnr
1067 1716 1296 1769 ulterius
1331 1718 1377 1771 is
1407 1719 1499 1787 qui
1533 1720 1787 1773 sublimia
1827 1737 2005 1788 perse-

2113 1708 2436 1777 ὀρεγόμενον
2469 1723 2482 1737 ⁸
2534 1706 2650 1758 ἀλλ’
2686 1706 2856 1769 οὕτως
2890 1708 3033 1777 ἔχειν
3062 1709 3153 1762 τὸν
3178 1709 3265 1762 διὰ
3305 1711 3401 1780 τῆς
3435 1713 3710 1783 ὑπερκει-

424 1810 615 1870 qmtur
643 1820 658 1857 :
690 1804 783 1857 sed
815 1805 887 1858 ita
921 1822 978 1860 se
1010 1820 1161 1877 gerat
1213 1809 1259 1864 is
1301 1811 1394 1879 qui
1445 1827 1541 1881 per
1598 1814 2010 1881 supereminen-

424 1894 559 1945 tium
605 1894 1031 1952 intellectioncm
1091 1900 1157 1954 ad
1218 1917 1508 1970 Supernam
1543 1905 1717 1956 currit
1752 1914 2007 1966 mentem,

424 1996 481 2039 nt
511 1987 692 2042 omnis
725 1987 989 2058 perfodio
1015 1992 1350 2061 cognitionis
1372 2010 1532 2063 quam
1560 1996 1794 2048 humana
1834 2005 2011 2065 potest

423 2080 643 2148 as<equi
682 2091 903 2149 natura,
933 2084 1002 2138 sit
1032 2085 1360 2154 principium
1393 2086 1648 2140 desiderii
1673 2104 1861 2141 eorum
1889 2107 2010 2160 quae

424 2176 905 2228 suntexcclsiora.
942 2175 1071 2229 Mihi
1118 2186 1298 2230 autem
1365 2178 1657 2245 diligenter
1719 2181 2008 2234 considera

423 2260 477 2314 id
510 2265 655 2331 quod
688 2273 771 2317 est
806 2268 1145 2335 propositmn
1184 2268 1251 2321 ad
1282 2274 1784 2342 rontetnplanfmn,
1828 2276 1872 2327 si
1905 2276 2008 2329 hoc

424 2358 577 2420 prius
611 2365 791 2410 mente
840 2359 1343 2427 comprehenderis,
1404 2362 1549 2429 quod
1614 2365 1887 2418 tlndamus
1923 2376 2007 2419 est

425 2445 717 2512 scripturae
742 2451 1046 2517 corporalis
1075 2451 1393 2520 descriptio,
1429 2461 1483 2505 et
1528 2455 1790 2520 nuptialis
1840 2472 2009 2526 appa-

424 2545 579 2590 ratus
612 2541 894 2592 materiam
922 2540 1016 2593 dat
1042 2546 1510 2613 contemplationi,
1544 2560 1572 2598 a
1604 2548 1804 2615 quibus
1840 2552 2011 2617 philo-

422 2628 637 2694 Sopbia,
676 2632 743 2685 ad
779 2632 833 2685 id
884 2634 1029 2702 quod
1065 2642 1150 2688 est
1184 2649 1377 2704 purum
1412 2646 1465 2689 et
1521 2652 1718 2706 expers
1769 2641 2008 2694 materia:

422 2722 821 2775 sententiarum
851 2733 904 2778 et
936 2725 1137 2779 mentis
1182 2728 1607 2795 conceptionum
1662 2732 2007 2787 transferens

420 2816 876 2885 signiﬁcationes,
927 2833 1023 2887 per
1068 2833 1130 2873 ea
1192 2835 1315 2889 qua:
1368 2821 1421 2874 in
1476 2823 1612 2892 ipsis
1670 2834 2009 2894 peraguntur

420 2909 673 2978 producit
699 2909 979 2979 dogmata,
1016 2917 1176 2965 utens
1209 2912 1277 2967 iis
1312 2929 1434 2982 quae
1467 2914 1604 2967 ilum
1649 2915 1703 2967 in
1739 2918 2006 2985 anigma-

2116 1801 2280 1869 μένης
2331 1801 2711 1869 κατανοήσεως
2742 1800 2833 1852 ἐπὶ
2865 1800 2955 1852 τὸν
2986 1802 3098 1854 ἄνω
3136 1803 3397 1872 τρέχοντα
3425 1802 3579 1868 νοῦν,
3626 1807 3709 1869 ὡς

2112 1896 2291 1946 πᾶσαν
2340 1892 2649 1961 τελειότητα
2692 1892 2943 1961 γνώσεως
2992 1895 3090 1963 τὴν
3124 1897 3348 1966 ἑφικτὴν
3378 1900 3441 1967 τῇ
3477 1899 3706 1969 ἀνθρω-

2113 1985 2241 2054 πίνη
2298 1985 2487 2051 φύσει,
2536 1986 2710 2055 ἀρχὴν
2758 1985 3004 2052 γίνεσθαι
3052 1986 3151 2055 τῆς
3196 1987 3303 2040 τῶν
3347 1988 3708 2060 ὑψηλοτέρων

2110 2079 2425 2148 ἐπιθυμίας.
2458 2078 2566 2131 Καί
2589 2094 2679 2147 μοι
2716 2078 2905 2131 σκόπει
2932 2078 2998 2130 δι’
3027 2078 3311 2149 ἀκρίϐειαν
3346 2081 3434 2133 τὸν
3471 2085 3706 2151 προκεί-

2114 2188 2273 2240 μενον
2317 2173 2379 2239 τῇ
2434 2170 2636 2239 Θεωρία
2682 2168 2856 2236 λόγον,
2904 2169 3062 2222 τοῦτο
3108 2174 3577 2243 προκατανοήσας,
3619 2177 3707 2230 ὅτι

2111 2258 2350 2329 θάλαμός
2380 2263 2528 2312 ἐστιν
2558 2262 2589 2329 ἡ
2623 2260 2909 2331 σωματικὴ
2943 2262 3036 2315 τοῦ
3068 2262 3229 2330 λόγου
3255 2264 3569 2336 ὑπογραφὴ,
3605 2270 3709 2321 καὶ

2109 2353 2319 2420 γαμική
2356 2369 2438 2414 τις
2464 2352 2745 2422 διασκευὴ,
2777 2354 2960 2406 δίδωσι
2990 2357 3054 2425 τῇ
3090 2355 3291 2427 θεωρίᾳ
3316 2357 3414 2420 τάς
3440 2358 3598 2421 ὔλας,
3625 2355 3707 2413 ιῖν

2110 2443 2143 2512 ὴ
2174 2442 2479 2510 φιλοσοφία,
2516 2443 2651 2511 πρὸς
2680 2445 2737 2495 τὸ
2763 2445 3003 2516 καθαρόν
3034 2463 3090 2498 τε
3119 2449 3211 2499 καὶ
3242 2448 3400 2501 ἀῦλον
3440 2466 3711 2519 μετενεγο

2111 2531 2281 2585 κοῦσα
2322 2532 2420 2594 τὰς
2468 2531 2573 2585 τῶν
2616 2534 2903 2602 νοημάτων
2936 2538 3220 2604 ἐμφάσεις,
3255 2537 3343 2591 διὰ
3374 2539 3484 2591 τῶν
3514 2542 3706 2605 αὑτοῇ

2110 2623 2541 2692 ἐπιτελουμένων
2575 2626 2805 2695 προάγει
2838 2626 2908 2678 τὰ
2939 2627 3200 2696 δόγματα,
3240 2632 3349 2692 τοῖς
3395 2631 3506 2684 τῶν
3548 2650 3703 2700 γινο-

2113 2714 2288 2785 μένων
2309 2717 2592 2783 αἰνίγμασι
2624 2718 3050 2787 σνγχρησαμένη
3088 2719 3222 2789 πρὸς
3249 2722 3347 2792 τὴν
3372 2721 3483 2774 τῶν
3514 2723 3706 2793 δηλου-

2113 2807 2289 2877 μένων
2341 2809 2659 2878 σαφήνειαν.
2706 2810 2924 2880 Ἐπειδὴ
2974 2812 3153 2864 τοίνυν
3199 2812 3417 2883 νύμφην
3453 2816 3554 2884 μὲν
3598 2818 3704 2869 ὑπ-

2110 2897 2265 2956 έθετο
2295 2899 2393 2970 τὴν
2423 2901 2602 2972 ψυχὴν
2629 2902 2657 2953 ό
2705 2892 2881 2968 λόγος,
2906 2905 2933 2956 ὁ
2952 2903 3007 2955 δὲ
3033 2904 3091 2970 ἐξ
3119 2903 3247 2974 ὅλης
3266 2905 3497 2977 καρδίας
3522 2925 3580 2960 τε
3605 2911 3704 2962 καὶ

421 2997 571 3052 tibus
603 2999 670 3051 ad
699 2998 1027 3053 declaranda
1054 3015 1117 3054 ea
1145 3017 1267 3071 qua}
1298 3002 1701 3070 signiﬁcantur.
1734 3005 2002 3071 Quoniam

2113 2991 2285 3061 ψυχῆς
2336 2993 2427 3044 καὶ
2462 2992 2747 3061 δυνάμεως
2789 2995 2920 3063 παρ’
2952 2996 3121 3063 αὐτῆς
3150 2997 3514 3067 ἀγαπώμενος
3541 3000 3711 3067 θεὸς,

420 3103 552 3158 δι’ςο
585 3089 871 3159 Scriptura
900 3092 1136 3145 animam
1171 3094 1359 3163 posuit
1403 3110 1526 3150 esse
1576 3112 1831 3167 sponsam
1860 3118 1873 3153 :
1910 3101 2003 3169 qui

421 3191 606 3235 autem
635 3197 703 3235 ex
739 3190 854 3234 toto
889 3182 1078 3244 corde,
1117 3194 1170 3237 et
1199 3188 1403 3246 anima,
1433 3198 1484 3240 et
1530 3189 1730 3241 virtute
1765 3190 1834 3241 ab
1887 3194 2005 3258 ipsa

420 3272 669 3342 diligitur
701 3271 864 3331 Dens.
894 3284 1123 3328 vocatur
1144 3289 1406 3343 sponsus,
1434 3286 1854 3346 consequenter,
1884 3297 2006 3349 qua:

419 3363 573 3417 venit
603 3363 671 3416 ad
703 3379 1001 3428 summum,
1033 3371 1092 3419 ut
1118 3366 1491 3431 existimabat,
1515 3384 1702 3423 eorum
1739 3385 1859 3438 quae
1881 3386 2006 3439 spe-

420 3467 636 3515 rantur,
686 3467 739 3511 et
770 3456 881 3525 jam
919 3473 977 3511 se
1023 3468 1490 3528 contemperatam
1532 3461 1831 3516 arbitratur
1878 3480 2001 3518 eum

417 3567 483 3605 eo
513 3550 606 3619 qui
654 3550 1019 3617 desideratur,
1056 3552 1257 3605 lectum
1320 3555 1559 3622 appellat
1615 3554 2001 3623 perfectiorem

418 3642 548 3696 boni
582 3642 1082 3712 participationem,
1117 3652 1172 3698 et
1226 3654 1442 3699 noctem
1478 3646 1612 3700 dicit
1667 3656 1881 3716 tempus
1918 3658 2001 3704 te-

417 3734 714 3789 nebrarum
744 3752 758 3788 :
793 3750 888 3803 per
921 3750 1118 3789 nomen
1151 3744 1334 3791 autem
1366 3739 1568 3803 noctis,
1600 3739 1842 3794 ostendit
1870 3758 2003 3796 con-

417 3826 825 3895 templationem
864 3841 1054 3881 eorum
1106 3844 1228 3897 quae
1282 3845 1389 3882 non
1431 3829 1637 3883 cadunt
1705 3831 1808 3885 sub
1844 3848 2002 3901 aspe-

415 3925 590 3981 ctum,
626 3918 691 3970 ad
731 3918 1151 3972 similitudinem
1185 3918 1352 3974 Mosis
1383 3922 1475 3990 qui
1526 3922 1627 3974 fuit
1658 3923 1712 3975 in
1766 3923 2000 3992 caligine

417 4009 471 4062 in
496 4023 603 4078 qua
643 4017 761 4062 erat
796 4008 958 4067 Deus,
990 4011 1106 4077 qui,
1140 4018 1198 4063 ut
1231 4012 1305 4064 ait
1341 4006 1610 4081 Propheta
1638 4014 1703 4077 ¹⁸,
1744 4016 1999 4073 tenebras

416 4104 601 4175 posuit
626 4104 910 4157 latibulum
941 4120 1099 4157 suum
1137 4108 1190 4157 in
1228 4107 1462 4160 circuitu
1491 4123 1611 4161 suo.

489 4195 546 4248 In
579 4210 685 4264 qua
714 4210 839 4247 cum
876 4194 1060 4259 fuerit,
1096 4196 1325 4250 docetur
1372 4184 1516 4267 quod
1570 4209 1781 4256 tantum
1845 4205 1999 4260 abest

417 4298 480 4345 ut
512 4288 825 4343 ascenderit
880 4288 945 4341 ad
986 4288 1402 4359 perfectionem,
1442 4299 1502 4343 ut
1547 4307 1615 4345 ne
1670 4293 1995 4362 principium

2114 3086 2343 3154 νυμφίος
2369 3089 2818 3158 κατονομάζεται.
2844 3090 3145 3155 ἀκολούθως
3171 3093 3264 3145 ἐπὶ
3289 3094 3350 3146 τὸ
3374 3096 3696 3164 ἀκρότατον,

2112 3176 2186 3239 ὡς
2220 3177 2376 3246 diem,
2421 3179 2531 3231 τῶν
2578 3180 2948 3250 ἐλπιζομένων
2994 3183 3241 3248 ἐλθοῦσα,
3274 3186 3371 3239 καὶ⁸
3412 3187 3513 3257 ἢδη
3560 3189 3699 3259 πρός

2111 3266 2202 3320 τὸν
2271 3270 2602 3341 ποθούμενον
2665 3274 3070 3345 ἀνακεκρᾶσθαι
3129 3278 3434 3346 νομίσασα,
3511 3280 3698 3347 κοίτην

2110 3359 2365 3430 ὀνομάζει
2398 3364 2497 3434 τὴν
2535 3364 2876 3437 τελειοτέραν
2899 3367 2993 3420 τοῦ
3019 3368 3225 3437 ἀγαθοῦ
3260 3372 3573 3439 μετουσίαν,
3606 3374 3699 3426 καὶ

2111 3452 2280 3505 νύκτα
2326 3455 2491 3522 λέγει,
2536 3456 2625 3510 τὸν
2680 3456 2773 3509 τοῦ
2834 3459 3056 3522 σκότους
3088 3460 3313 3531 καιρόν-
3359 3462 3449 3514 διὰ
3495 3462 3554 3515 δὲ
3597 3463 3698 3516 τοῦ

2109 3544 2368 3615 ὀνόματος
2416 3548 2512 3616 τῆς
2550 3548 2762 3613 νυκτὸς,
2812 3550 3144 3604 ἐνδείκνυται
3185 3551 3294 3604 τῶν
3326 3553 3573 3623 ἀοράτων
3596 3554 3698 3623 τὴν

2110 3635 2344 3707 Θεωρίαν
2366 3678 2378 3701 ,
2412 3640 2533 3693 καθ’
2560 3642 2851 3711 ὁμοιότητα
2890 3642 2985 3695 τοῦ
3032 3644 3310 3706 Μωῦσέως
3331 3685 3347 3709 ,
3395 3644 3489 3697 τοῦ
3524 3646 3582 3698 ὲν
3616 3645 3696 3715 τῷ

2109 3729 2292 3797 γνόφῳ
2324 3731 2602 3797 γεγονότος
2634 3734 2690 3784 έν
2723 3725 2767 3799 ᾧ
2816 3729 2882 3802 ἦν
2910 3724 2938 3784 ὅ
2976 3734 3108 3790 Θεὸς
3129 3747 3142 3761 ⁸
3195 3734 3253 3796 ὃς
3298 3734 3469 3792 ἔθετο,
3513 3735 3697 3800 καθώς

2109 3837 2273 3888 φησιν
2302 3823 2330 3873 ό
2362 3824 2670 3893 Προφήτης,
2722 3826 2912 3887 σκότος
2952 3826 3276 3896 ἀποκρυφὴν
3311 3827 3475 3879 αὑτοῦ
3512 3827 3696 3900 κύκλῳ

2108 3929 2294 3965 αωτου.

2188 4198 2277 4252 Ἐν
2325 4192 2369 4266 ᾧ
2421 4202 2756 4266 καταστᾶσι,
2790 4202 2907 4253 τότε
2946 4199 3273 4263 διδάσκεται,
3311 4200 3392 4251 ὅτι
3437 4196 3693 4249 τοσοῦτον

2106 4293 2311 4359 ἀπέσχε
2340 4291 2434 4344 τοῦ
2484 4293 2737 4362 ἐπιϐῆναι
2781 4293 2880 4362 τῆς
2927 4293 3284 4362 τελειότητος,
3318 4291 3435 4343 ὅσοι,
3469 4290 3516 4341 οἱ
3555 4288 3689 4358 μηδὲ

417 4383 636 4454 quidem
671 4381 936 4451 attigerit.
969 4380 1089 4435 Jam
1125 4383 1295 4444 enim,
1338 4382 1539 4451 inquit,
1600 4384 1668 4438 iis
1702 4401 1820 4454 qum
1869 4394 1999 4441 sunt

2113 4385 2203 4452 τὴν
2234 4383 2407 4453 ἀρχὴν
2436 4383 2877 4454 ἐγχειρήσαντες.
2930 4385 3068 4456 Ἤδη
3097 4384 3229 4455 γὰρ,
3261 4382 3445 4452 φησὶν,
3476 4381 3552 4443 ὡς
3581 4379 3693 4432 τῶν

422 4476 682 4547 perfecta,
717 4477 960 4545 dignata,
995 4481 1049 4527 et
1085 4482 1345 4543 tanquam
1377 4474 1431 4527 in
1457 4475 1597 4529 lecto
1625 4477 1881 4545 quopiam
1912 4495 2002 4534 e0-

422 4584 541 4620 rum
559 4584 677 4635 quae
698 4566 1055 4635 sunteognita
1076 4565 1591 4632 comprehensionis
1621 4567 1997 4635 requiescens,

421 4656 642 4726 quando
676 4670 825 4709 cram
874 4655 1018 4707 intra
1052 4669 1116 4707 ea
1147 4668 1270 4722 qua:
1317 4668 1425 4706 non
1452 4653 1657 4708 cadunt
1702 4656 1805 4709 sub
1841 4672 1999 4726 aspe-

421 4759 590 4809 r-tum,
624 4747 832 4801 relictis
878 4747 1153 4810 sensibus,
1191 4747 1409 4815 quando
1442 4747 1768 4801 continebar
1813 4748 2000 4803 divina

421 4848 609 4903 nocte,
652 4853 902 4908 quazrcns
936 4854 1060 4893 eum
1100 4839 1191 4907 qui
1229 4838 1429 4892 latebat
1461 4840 1513 4891 in
1552 4839 1785 4909 caligine
1818 4859 1829 4895 :
1869 4850 2002 4895 tunc

422 4932 647 5001 quidem
690 4931 954 4985 habebant
988 4930 1338 4985 dilectiottem
1378 4930 1433 4984 in
1474 4947 1598 4985 eum
1644 4932 1738 5001 qui
1785 4932 2005 4987 deside-

422 5024 647 5077 rabatur
672 5040 687 5088 ;
725 5023 962 5092 idipsum
997 5032 1177 5077 autem
1203 5024 1348 5090 quod
1374 5024 1707 5093 diligebatur
1730 5026 2004 5087 evolabat,

422 5124 481 5168 ut
514 5113 563 5167 id
595 5113 1006 5184 apprehendere
1034 5127 1139 5165 non
1172 5120 1396 5181 possent
1428 5114 1808 5183 cogitationes.
1841 5114 2005 5180 Quaa-

421 5212 604 5259 rclzam
641 5207 785 5259 enim
837 5206 1017 5273 ipsum
1056 5204 1109 5257 in
1148 5204 1289 5257 lecto
1317 5219 1438 5258 meo
1472 5216 1657 5269 noctu,
1696 5214 1755 5259 ut
1787 5222 2004 5263 nossem

423 5313 544 5365 «pate
575 5298 646 5352 sit
685 5297 805 5366 ejus
834 5297 1100 5359 essentia,
1139 5297 1284 5350 unde
1323 5296 1569 5365 incipiat,
1607 5313 1716 5365 quo
1762 5298 2000 5362 desinat,

425 5387 479 5442 in
511 5404 750 5458 quonam
783 5404 938 5443 suam
977 5390 1175 5442 habeat
1203 5389 1520 5443 essentiam.
1554 5388 1658 5442 Sed
1683 5404 1791 5443 non
1818 5390 2004 5445 inveni

426 5478 642 5547 ipsum:
676 5480 866 5534 vocavi
909 5480 1088 5550 ipsum
1126 5480 1471 5545 nominatim,
1505 5491 1770 5548 quantum
1828 5496 1859 5535 a
1916 5498 2004 5538 me

428 5567 541 5623 ﬁeri
572 5572 770 5640 potuit,
801 5579 861 5624 ut
887 5570 1188 5627 invenirem
1242 5571 1294 5625 in
1332 5572 1554 5626 nomine
1607 5573 1727 5643 ejus
1756 5572 1851 5643 qui
1892 5587 2000 5628 non

503 5736 543 5768 ³⁸
613 5745 759 5803 Psal.
822 5763 953 5813 xvn,
996 5750 1078 5805 l2.

2108 4474 2330 4527 τελείων
2364 4474 2696 4537 ἀξιωθεῖσα,
2743 4473 2993 4545 καθάπερ
3029 4475 3122 4526 ἐπὶ
3169 4473 3354 4543 κοίτης
3396 4471 3544 4532 τινος
3588 4469 3692 4538 τῆς

2108 4564 2214 4615 τῶν
2241 4564 2599 4633 ἐγνωσμένων
2629 4563 2987 4634 καταλήψεως
3026 4564 3272 4633 ἐμαυτὴν
3308 4560 3685 4620 ἀναπαύουσα,

2109 4652 2198 4707 ὅτε
2232 4654 2339 4707 τῶν
2372 4655 2618 4725 ἀοράτων
2664 4655 2816 4717 ὲντὸς
2861 4656 3126 4725 ἐγενόμην
3150 4694 3165 4716 ,
3218 4651 3593 4706 καταλιποῦσα
3623 4654 3690 4701 :‘1

2111 4745 2459 4817 αἰσθητήρια,
2492 4749 2579 4800 ὅτε
2632 4747 2991 4818 περιεσχέθην
3016 4749 3083 4816 τῇ
3116 4745 3236 4816 θείᾳ
3279 4744 3461 4804 νυκτὶ,
3503 4742 3597 4795 τὸν
3630 4743 3689 4794 ἐν

2109 4839 2188 4911 τῷ
2220 4839 2405 4910 γνόφῳ
2446 4838 2831 4909 κεκρυμμένον
2881 4836 3228 4908 ἀναζητοῦσα
3252 4875 3266 4899 ,
3314 4836 3433 4889 τότε
3464 4835 3563 4904 τὴν
3591 4834 3689 4904 μὲν

2104 4931 2327 5002 ἀγάπην
2350 4932 2485 5002 πρὸς
2509 4932 2570 4985 τὸ
2591 4932 2922 5002 ποθούμενον
2943 4929 3087 5000 εἶχον
3109 4946 3123 4959 ο
3154 4930 3286 4983 αὐτὸ
3304 4929 3360 4980 δὲ
3379 4927 3438 4979 τὸ
3464 4925 3689 4993 ἀγαπὼο

2109 5039 2269 5093 μενον
2295 5022 2485 5091 διέπτη
2506 5023 2614 5075 τῶν
2642 5022 2918 5093 λογισμῶν
2949 5022 3047 5091 τὴν
3071 5021 3265 5091 λαϐήν.
3308 5018 3560 5086 Ἐζήτουν
3581 5018 3690 5086 γὰρ

2104 5115 2268 5169 αὑτὸν
2307 5115 2398 5167 ἐπὶ
2439 5117 2506 5185 τῇ
2552 5115 2708 5187 κοίτῃ
2742 5131 2845 5184 μου
2879 5115 2937 5167 ἐν
2966 5116 3084 5175 ταῖς
3114 5112 3284 5176 νυξὶν,
3316 5110 3454 5163 ὥστε
3485 5110 3689 5176 γνῶναι

2103 5210 2186 5273 τίς
2223 5209 2256 5279 ἡ
2286 5208 2463 5272 οὐσία,
2503 5207 2665 5260 πόθεν
2695 5208 2944 5277 ἄρχεται,
2971 5208 3053 5268 είς
3084 5205 3137 5258 τί
3164 5204 3479 5273 καταλήγει,
3509 5204 3607 5254 καὶ
3634 5204 3689 5253 ἐν

2092 5300 2208 5353 Δ’τίνι
2244 5300 2305 5352 τὸ
2335 5296 2473 5353 εἶναι
2510 5300 2644 5369 ἔχει.
2691 5298 2828 5350 Ἀλλ’
2872 5299 2970 5368 οὐχ
3019 5290 3175 5367 εὗρον
3204 5296 3365 5349 αὐτόν
3395 5311 3408 5324 ο
3458 5292 3689 5345 ἐκάλουν

2108 5394 2269 5447 αὑτὸν
2302 5392 2362 5457 ἐξ
2399 5392 2681 5462 ὀνόματος,
2727 5391 2802 5454 ὡς
2842 5387 2910 5462 ἦν
2954 5406 3043 5460 μοι
3070 5390 3294 5443 δυνατὸν
3330 5387 3572 5456 ἐξευρεῖν
3599 5388 3691 5438 ἐπὶ

2108 5484 2202 5536 τοῦ
2230 5482 2676 5551 ἀκατονομάστου
2711 5480 2994 5551 ὀνόματος.
3040 5479 3180 5532 Ἀλλ’
3207 5479 3306 5531 οὐκ
3334 5473 3399 5547 ἦν
3424 5475 3689 5545 ὀνόματος

2108 5576 2347 5647 ἔμφασις
2396 5576 2428 5642 ἡ
2476 5573 2880 5644 καθικνουμένη
2916 5570 3281 5642 ζητουμένου.
3343 5570 3467 5631 Πῶς
3508 5567 3619 5637 γὰρ
3659 5567 3689 5619 ὁ
