  <div class='ocr_page' id='page_1' title='image "/cluster/home/n/w/nwhite01/storage/ocr_20150623/44:no.1/coo.31924054869445/454.png"; bbox 0 0 3866 6368; ppageno 0'>
   <div class='ocr_carea' id='block_1_1' title="bbox 342 339 464 393">
    <p class='ocr_par' dir='ltr' id='par_1_1' title="bbox 342 339 464 393">
     <span class='ocr_line' id='line_1_1' title="bbox 342 339 464 393; baseline 0.016 -2"><span class='ocrx_word' id='word_1_1' title='bbox 342 339 464 393; x_wconf 71' lang='grc' dir='ltr'><strong>8(ιῦ</strong></span> 
     </span>
    </p>
   </div>
   <div class='ocr_carea' id='block_1_2' title="bbox 1412 320 2572 378">
    <p class='ocr_par' dir='ltr' id='par_1_2' title="bbox 1412 320 2572 378">
     <span class='ocr_line' id='line_1_2' title="bbox 1412 320 2572 378; baseline -0.002 0"><span class='ocrx_word' id='word_1_2' title='bbox 1412 323 1474 378; x_wconf 82' lang='grc' dir='ltr'><strong>ΙΝ</strong></span> <span class='ocrx_word' id='word_1_3' title='bbox 1513 321 1805 378; x_wconf 61' lang='grc' dir='ltr'><strong>(ᾺΝΤΙΕΑ</strong></span> <span class='ocrx_word' id='word_1_4' title='bbox 1845 323 2114 378; x_wconf 66' lang='grc' dir='ltr'><strong>(ᾺΝΤΙΟ.</strong></span> <span class='ocrx_word' id='word_1_5' title='bbox 2163 320 2444 376; x_wconf 67' lang='lat' dir='ltr'><strong>liOMilJA</strong></span> <span class='ocrx_word' id='word_1_6' title='bbox 2487 320 2572 376; x_wconf 68' lang='lat' dir='ltr'><strong>Vl.</strong></span> 
     </span>
    </p>
   </div>
   <div class='ocr_carea' id='block_1_3' title="bbox 3496 316 3598 377">
    <p class='ocr_par' dir='ltr' id='par_1_3' title="bbox 3496 316 3598 377">
     <span class='ocr_line' id='line_1_3' title="bbox 3496 316 3598 377; baseline 0.029 -3"><span class='ocrx_word' id='word_1_7' title='bbox 3496 316 3598 377; x_wconf 65' lang='lat' dir='ltr'><strong>8M</strong></span> 
     </span>
    </p>
   </div>
   <div class='ocr_carea' id='block_1_4' title="bbox 338 435 1906 513">
    <p class='ocr_par' dir='ltr' id='par_1_4' title="bbox 338 439 1906 513">
     <span class='ocr_line' id='line_1_4' title="bbox 338 439 1906 513; baseline 0.018 -24"><span class='ocrx_word' id='word_1_8' title='bbox 338 443 488 512; x_wconf 63' lang='grc' dir='ltr'>ὑπὲρ</span> <span class='ocrx_word' id='word_1_9' title='bbox 512 442 615 494; x_wconf 81' lang='grc' dir='ltr'>πᾶν</span> <span class='ocrx_word' id='word_1_10' title='bbox 643 440 812 512; x_wconf 74' lang='grc' dir='ltr'>ὄνομα</span> <span class='ocrx_word' id='word_1_11' title='bbox 835 439 913 494; x_wconf 84' lang='grc' dir='ltr'><strong>ὣν</strong></span> <span class='ocrx_word' id='word_1_12' title='bbox 941 439 1028 495; x_wconf 82' lang='grc' dir='ltr'>διὰ</span> <span class='ocrx_word' id='word_1_13' title='bbox 1049 441 1146 512; x_wconf 82' lang='grc' dir='ltr'>τῆς</span> <span class='ocrx_word' id='word_1_14' title='bbox 1170 441 1530 513; x_wconf 74' lang='grc' dir='ltr'>ὸνομαστικῆς</span> <span class='ocrx_word' id='word_1_15' title='bbox 1563 443 1662 512; x_wconf 72' lang='grc' dir='ltr'><strong>κλῆ</strong></span> <span class='ocrx_word' id='word_1_16' title='bbox 1675 460 1806 504; x_wconf 67' lang='grc' dir='ltr'><strong>σεωὲ</strong></span> <span class='ocrx_word' id='word_1_17' title='bbox 1837 442 1906 508; x_wconf 57' lang='grc' dir='ltr'>ἐξ</span> 
     </span>
    </p>
   </div>
   <div class='ocr_carea' id='block_1_5' title="bbox 2010 435 3602 513">
    <p class='ocr_par' dir='ltr' id='par_1_5' title="bbox 2025 435 3602 510">
     <span class='ocr_line' id='line_1_5' title="bbox 2025 435 3602 510; baseline 0.001 -19"><span class='ocrx_word' id='word_1_18' title='bbox 2025 447 2203 509; x_wconf 86' lang='lat' dir='ltr'><strong>potest</strong></span> <span class='ocrx_word' id='word_1_19' title='bbox 2233 439 2522 492; x_wconf 85' lang='lat' dir='ltr'><strong>nominari.</strong></span> <span class='ocrx_word' id='word_1_20' title='bbox 2563 437 2666 491; x_wconf 88' lang='lat' dir='ltr'><strong>Sed</strong></span> <span class='ocrx_word' id='word_1_21' title='bbox 2702 451 2808 490; x_wconf 90' lang='lat' dir='ltr'><strong>non</strong></span> <span class='ocrx_word' id='word_1_22' title='bbox 2846 443 2964 492; x_wconf 86' lang='lat' dir='ltr'><strong>erat</strong></span> <span class='ocrx_word' id='word_1_23' title='bbox 2997 435 3238 494; x_wconf 83' lang='lat' dir='ltr'><strong>nominis</strong></span> <span class='ocrx_word' id='word_1_24' title='bbox 3269 438 3602 510; x_wconf 78' lang='lat' dir='ltr'><strong>signiﬁcatio</strong></span> 
     </span>
    </p>
   </div>
   <div class='ocr_carea' id='block_1_6' title="bbox 335 526 1920 601">
    <p class='ocr_par' dir='ltr' id='par_1_6' title="bbox 335 526 1920 601">
     <span class='ocr_line' id='line_1_6' title="bbox 335 526 1920 601; baseline -0.001 -19"><span class='ocrx_word' id='word_1_25' title='bbox 335 529 594 601; x_wconf 67' lang='grc' dir='ltr'>ευρεοείη</span> <span class='ocrx_word' id='word_1_26' title='bbox 617 547 631 594; x_wconf 89' lang='lat'><strong>;</strong></span> <span class='ocrx_word' id='word_1_27' title='bbox 657 526 730 584; x_wconf 70' lang='grc' dir='ltr'><strong>Οἵ)</strong></span> <span class='ocrx_word' id='word_1_28' title='bbox 759 530 918 601; x_wconf 77' lang='grc' dir='ltr'>χάριν</span> <span class='ocrx_word' id='word_1_29' title='bbox 945 531 1128 601; x_wconf 70' lang='grc' dir='ltr'>φησιν.</span> <span class='ocrx_word' id='word_1_30' title='bbox 1163 529 1246 583; x_wconf 86' lang='grc' dir='ltr'>ὃτι</span> <span class='ocrx_word' id='word_1_31' title='bbox 1281 528 1576 584; x_wconf 72' lang='grc' dir='ltr'>Ἐκάλεσα</span> <span class='ocrx_word' id='word_1_32' title='bbox 1595 532 1800 590; x_wconf 74' lang='grc' dir='ltr'>αὐτὸν,</span> <span class='ocrx_word' id='word_1_33' title='bbox 1821 530 1920 582; x_wconf 84' lang='grc' dir='ltr'><strong>καὶ</strong></span> 
     </span>
    </p>
   </div>
   <div class='ocr_carea' id='block_1_7' title="bbox 335 621 1920 692">
    <p class='ocr_par' dir='ltr' id='par_1_7' title="bbox 335 621 1920 692">
     <span class='ocr_line' id='line_1_7' title="bbox 335 621 1920 692; baseline 0.001 -19"><span class='ocrx_word' id='word_1_34' title='bbox 335 623 418 673; x_wconf 78' lang='grc' dir='ltr'><strong>οὐ</strong></span> <span class='ocrx_word' id='word_1_35' title='bbox 423 640 458 690; x_wconf 83' lang='grc' dir='ltr'><strong><em>χ</em></strong></span> <span class='ocrx_word' id='word_1_36' title='bbox 487 621 797 686; x_wconf 67' lang='grc' dir='ltr'><strong>ὑπήκουσέ</strong></span> <span class='ocrx_word' id='word_1_37' title='bbox 819 640 960 690; x_wconf 82' lang='grc' dir='ltr'>μου.</span> <span class='ocrx_word' id='word_1_38' title='bbox 995 623 1126 676; x_wconf 84' lang='grc' dir='ltr'>Τότε</span> <span class='ocrx_word' id='word_1_39' title='bbox 1153 623 1321 690; x_wconf 72' lang='grc' dir='ltr'>ἔγνων</span> <span class='ocrx_word' id='word_1_40' title='bbox 1350 623 1431 675; x_wconf 81' lang='grc' dir='ltr'>ὅτι</span> <span class='ocrx_word' id='word_1_41' title='bbox 1459 623 1557 692; x_wconf 80' lang='grc' dir='ltr'><strong>τῆς</strong></span> <span class='ocrx_word' id='word_1_42' title='bbox 1581 622 1920 691; x_wconf 83' lang='grc' dir='ltr'>μεγαλοπρε-</span> 
     </span>
    </p>
   </div>
   <div class='ocr_carea' id='block_1_8' title="bbox 339 713 1918 785">
    <p class='ocr_par' dir='ltr' id='par_1_8' title="bbox 339 713 1918 785">
     <span class='ocr_line' id='line_1_8' title="bbox 339 713 1918 785; baseline -0.001 -20"><span class='ocrx_word' id='word_1_43' title='bbox 339 713 526 775; x_wconf 78' lang='grc' dir='ltr'>πείας,</span> <span class='ocrx_word' id='word_1_44' title='bbox 559 716 655 783; x_wconf 85' lang='grc' dir='ltr'>τῆς</span> <span class='ocrx_word' id='word_1_45' title='bbox 686 713 864 784; x_wconf 80' lang='grc' dir='ltr'>δόξης,</span> <span class='ocrx_word' id='word_1_46' title='bbox 896 715 994 784; x_wconf 79' lang='grc' dir='ltr'>τῆς</span> <span class='ocrx_word' id='word_1_47' title='bbox 1025 714 1332 785; x_wconf 74' lang='grc' dir='ltr'><strong>ἁγιωσύνης</strong></span> <span class='ocrx_word' id='word_1_48' title='bbox 1359 715 1522 768; x_wconf 70' lang='grc' dir='ltr'>αὑτοῦ</span> <span class='ocrx_word' id='word_1_49' title='bbox 1549 715 1647 767; x_wconf 75' lang='grc' dir='ltr'>οὐκ</span> <span class='ocrx_word' id='word_1_50' title='bbox 1677 715 1790 766; x_wconf 71' lang='grc' dir='ltr'>ἔστι</span> <span class='ocrx_word' id='word_1_51' title='bbox 1822 717 1918 765; x_wconf 74' lang='grc' dir='ltr'><strong>πέ-</strong></span> 
     </span>
    </p>
   </div>
   <div class='ocr_carea' id='block_1_9' title="bbox 345 803 1922 876">
    <p class='ocr_par' dir='ltr' id='par_1_9' title="bbox 345 803 1922 876">
     <span class='ocr_line' id='line_1_9' title="bbox 345 803 1922 876; baseline 0.001 -21"><span class='ocrx_word' id='word_1_52' title='bbox 345 819 470 872; x_wconf 82' lang='grc' dir='ltr'>ρας.</span> <span class='ocrx_word' id='word_1_53' title='bbox 521 803 610 870; x_wconf 67' lang='grc' dir='ltr'>ῥιδ</span> <span class='ocrx_word' id='word_1_54' title='bbox 655 805 818 857; x_wconf 85' lang='grc' dir='ltr'>πάλιν</span> <span class='ocrx_word' id='word_1_55' title='bbox 858 805 1192 875; x_wconf 72' lang='grc' dir='ltr'>διανίστησιν</span> <span class='ocrx_word' id='word_1_56' title='bbox 1228 804 1456 874; x_wconf 79' lang='grc' dir='ltr'>ἑαυτὴν,</span> <span class='ocrx_word' id='word_1_57' title='bbox 1499 806 1592 861; x_wconf 77' lang='grc' dir='ltr'>καὶ</span> <span class='ocrx_word' id='word_1_58' title='bbox 1639 806 1922 876; x_wconf 77' lang='grc' dir='ltr'>περιπολεῖ</span> 
     </span>
    </p>
   </div>
   <div class='ocr_carea' id='block_1_10' title="bbox 333 893 1920 968">
    <p class='ocr_par' dir='ltr' id='par_1_10' title="bbox 333 893 1920 968">
     <span class='ocr_line' id='line_1_10' title="bbox 333 893 1920 968; baseline -0.002 -21"><span class='ocrx_word' id='word_1_59' title='bbox 333 897 414 968; x_wconf 72' lang='grc' dir='ltr'>τῇ</span> <span class='ocrx_word' id='word_1_60' title='bbox 442 893 648 964; x_wconf 69' lang='grc' dir='ltr'>διανοίᾳ</span> <span class='ocrx_word' id='word_1_61' title='bbox 673 895 772 965; x_wconf 82' lang='grc' dir='ltr'><strong>τὴν</strong></span> <span class='ocrx_word' id='word_1_62' title='bbox 797 896 992 967; x_wconf 84' lang='grc' dir='ltr'>νοητήν</span> <span class='ocrx_word' id='word_1_63' title='bbox 1024 912 1081 947; x_wconf 88' lang='grc' dir='ltr'><strong>τε</strong></span> <span class='ocrx_word' id='word_1_64' title='bbox 1115 896 1211 948; x_wconf 74' lang='grc' dir='ltr'><strong>καὶ</strong></span> <span class='ocrx_word' id='word_1_65' title='bbox 1239 896 1607 966; x_wconf 75' lang='grc' dir='ltr'>ὑπερκὸσμιον</span> <span class='ocrx_word' id='word_1_66' title='bbox 1643 895 1823 964; x_wconf 75' lang='grc' dir='ltr'>φύσιν,</span> <span class='ocrx_word' id='word_1_67' title='bbox 1857 897 1920 964; x_wconf 66' lang='grc' dir='ltr'>ἦν</span> 
     </span>
    </p>
   </div>
   <div class='ocr_carea' id='block_1_11' title="bbox 336 979 1916 1058">
    <p class='ocr_par' dir='ltr' id='par_1_11' title="bbox 336 979 1916 1058">
     <span class='ocr_line' id='line_1_11' title="bbox 336 979 1916 1058; baseline 0 -22"><span class='ocrx_word' id='word_1_68' title='bbox 336 985 500 1037; x_wconf 79' lang='grc' dir='ltr'>πόλιν</span> <span class='ocrx_word' id='word_1_69' title='bbox 525 985 902 1055; x_wconf 79' lang='grc' dir='ltr'>κατονομάζει,</span> <span class='ocrx_word' id='word_1_70' title='bbox 929 987 988 1037; x_wconf 85' lang='grc' dir='ltr'>ὲν</span> <span class='ocrx_word' id='word_1_71' title='bbox 1085 988 1140 1038; x_wconf 89' lang='grc' dir='ltr'><strong>αί</strong></span> <span class='ocrx_word' id='word_1_72' title='bbox 1177 985 1339 1055; x_wconf 82' lang='grc' dir='ltr'>ἀρχαί</span> <span class='ocrx_word' id='word_1_73' title='bbox 1369 1002 1426 1036; x_wconf 87' lang='grc' dir='ltr'><strong>τε</strong></span> <span class='ocrx_word' id='word_1_74' title='bbox 1455 987 1547 1038; x_wconf 72' lang='grc' dir='ltr'>καὶ</span> <span class='ocrx_word' id='word_1_75' title='bbox 1577 987 1916 1056; x_wconf 74' lang='grc' dir='ltr'><strong>κυριότητες,</strong></span> 
     </span>
    </p>
   </div>
   <div class='ocr_carea' id='block_1_12' title="bbox 337 1073 1920 1144">
    <p class='ocr_par' dir='ltr' id='par_1_12' title="bbox 337 1073 1920 1144">
     <span class='ocr_line' id='line_1_12' title="bbox 337 1073 1920 1144; baseline 0 -18"><span class='ocrx_word' id='word_1_76' title='bbox 337 1073 442 1126; x_wconf 76' lang='grc' dir='ltr'><strong>καὶ</strong></span> <span class='ocrx_word' id='word_1_77' title='bbox 461 1075 508 1126; x_wconf 90' lang='grc' dir='ltr'>οἱ</span> <span class='ocrx_word' id='word_1_78' title='bbox 532 1076 648 1136; x_wconf 86' lang='grc' dir='ltr'>ταῖς</span> <span class='ocrx_word' id='word_1_79' title='bbox 675 1073 944 1138; x_wconf 73' lang='grc' dir='ltr'><strong>ἐξουσίαις</strong></span> <span class='ocrx_word' id='word_1_80' title='bbox 970 1074 1399 1142; x_wconf 72' lang='grc' dir='ltr'>ἀποτεταγμένοι</span> <span class='ocrx_word' id='word_1_81' title='bbox 1427 1073 1635 1144; x_wconf 77' lang='grc' dir='ltr'>θρόνοι·</span> <span class='ocrx_word' id='word_1_82' title='bbox 1672 1073 1707 1143; x_wconf 84' lang='grc' dir='ltr'>ἦ</span> <span class='ocrx_word' id='word_1_83' title='bbox 1733 1091 1789 1124; x_wconf 85' lang='grc' dir='ltr'><strong>τε</strong></span> <span class='ocrx_word' id='word_1_84' title='bbox 1815 1075 1920 1126; x_wconf 73' lang='grc' dir='ltr'>τῶν</span> 
     </span>
    </p>
   </div>
   <div class='ocr_carea' id='block_1_13' title="bbox 339 1165 1920 1239">
    <p class='ocr_par' dir='ltr' id='par_1_13' title="bbox 339 1165 1920 1239">
     <span class='ocr_line' id='line_1_13' title="bbox 339 1165 1920 1239; baseline -0.001 -19"><span class='ocrx_word' id='word_1_85' title='bbox 339 1167 682 1238; x_wconf 73' lang='grc' dir='ltr'>ἐπουρανίων</span> <span class='ocrx_word' id='word_1_86' title='bbox 712 1170 1018 1239; x_wconf 84' lang='grc' dir='ltr'>πανήγυρις</span> <span class='ocrx_word' id='word_1_87' title='bbox 1041 1208 1054 1228; x_wconf 92' lang='grc'><strong>,</strong></span> <span class='ocrx_word' id='word_1_88' title='bbox 1103 1169 1168 1236; x_wconf 80' lang='grc' dir='ltr'><strong>ἣν</strong></span> <span class='ocrx_word' id='word_1_89' title='bbox 1196 1167 1402 1236; x_wconf 73' lang='grc' dir='ltr'>ἀγορὰν</span> <span class='ocrx_word' id='word_1_90' title='bbox 1428 1165 1702 1236; x_wconf 70' lang='grc' dir='ltr'>ὀνομάζει,</span> <span class='ocrx_word' id='word_1_91' title='bbox 1741 1169 1830 1220; x_wconf 74' lang='grc' dir='ltr'>καὶ</span> <span class='ocrx_word' id='word_1_92' title='bbox 1861 1168 1920 1219; x_wconf 76' lang='grc' dir='ltr'>τὸ</span> 
     </span>
    </p>
   </div>
   <div class='ocr_carea' id='block_1_14' title="bbox 337 1258 1918 1330">
    <p class='ocr_par' dir='ltr' id='par_1_14' title="bbox 337 1258 1918 1330">
     <span class='ocr_line' id='line_1_14' title="bbox 337 1258 1918 1330; baseline -0.002 -17"><span class='ocrx_word' id='word_1_93' title='bbox 337 1259 715 1330; x_wconf 76' lang='grc' dir='ltr'><strong>ἀπερίληπτον</strong></span> <span class='ocrx_word' id='word_1_94' title='bbox 765 1259 984 1330; x_wconf 85' lang='grc' dir='ltr'>ἀριθμῷ</span> <span class='ocrx_word' id='word_1_95' title='bbox 1035 1258 1279 1328; x_wconf 74' lang='grc' dir='ltr'>πλῆθος,</span> <span class='ocrx_word' id='word_1_96' title='bbox 1332 1259 1360 1310; x_wconf 86' lang='grc' dir='ltr'>ὃ</span> <span class='ocrx_word' id='word_1_97' title='bbox 1397 1258 1474 1328; x_wconf 78' lang='grc' dir='ltr'>τῷ</span> <span class='ocrx_word' id='word_1_98' title='bbox 1513 1259 1612 1328; x_wconf 82' lang='grc' dir='ltr'>τῆς</span> <span class='ocrx_word' id='word_1_99' title='bbox 1659 1259 1918 1322; x_wconf 79' lang='grc' dir='ltr'><strong>πλατείας</strong></span> 
     </span>
    </p>
   </div>
   <div class='ocr_carea' id='block_1_15' title="bbox 333 1349 1920 1421">
    <p class='ocr_par' dir='ltr' id='par_1_15' title="bbox 333 1349 1920 1421">
     <span class='ocr_line' id='line_1_15' title="bbox 333 1349 1920 1421; baseline -0.001 -18"><span class='ocrx_word' id='word_1_100' title='bbox 333 1350 684 1420; x_wconf 74' lang='grc' dir='ltr'><strong>διασημαίνει</strong></span> <span class='ocrx_word' id='word_1_101' title='bbox 719 1351 961 1420; x_wconf 76' lang='grc' dir='ltr'>ὀνόματι,</span> <span class='ocrx_word' id='word_1_102' title='bbox 996 1353 1044 1403; x_wconf 90' lang='grc' dir='ltr'><strong>εί</strong></span> <span class='ocrx_word' id='word_1_103' title='bbox 1090 1351 1196 1420; x_wconf 79' lang='grc' dir='ltr'><strong>ἄρα</strong></span> <span class='ocrx_word' id='word_1_104' title='bbox 1243 1353 1300 1403; x_wconf 79' lang='grc' dir='ltr'><strong>ἐν</strong></span> <span class='ocrx_word' id='word_1_105' title='bbox 1343 1349 1550 1414; x_wconf 78' lang='grc' dir='ltr'><strong>τούτοις</strong></span> <span class='ocrx_word' id='word_1_106' title='bbox 1580 1351 1827 1421; x_wconf 77' lang='grc' dir='ltr'>εὑρεθείη</span> <span class='ocrx_word' id='word_1_107' title='bbox 1860 1350 1920 1402; x_wconf 77' lang='grc' dir='ltr'><strong>τὸ</strong></span> 
     </span>
    </p>
   </div>
   <div class='ocr_carea' id='block_1_16' title="bbox 335 1441 1918 1514">
    <p class='ocr_par' dir='ltr' id='par_1_16' title="bbox 335 1441 1918 1514">
     <span class='ocr_line' id='line_1_16' title="bbox 335 1441 1918 1514; baseline -0.001 -18"><span class='ocrx_word' id='word_1_108' title='bbox 335 1443 724 1513; x_wconf 76' lang='grc' dir='ltr'><strong>ἀγαπώμενον.</strong></span> <span class='ocrx_word' id='word_1_109' title='bbox 755 1445 819 1497; x_wconf 85' lang='grc' dir='ltr'>Ἡ</span> <span class='ocrx_word' id='word_1_110' title='bbox 845 1445 940 1514; x_wconf 75' lang='grc' dir='ltr'><strong>μὲν</strong></span> <span class='ocrx_word' id='word_1_111' title='bbox 959 1441 1050 1496; x_wconf 72' lang='grc' dir='ltr'><strong>οὖν</strong></span> <span class='ocrx_word' id='word_1_112' title='bbox 1073 1462 1136 1496; x_wconf 83' lang='grc' dir='ltr'><strong>πε</strong></span> <span class='ocrx_word' id='word_1_113' title='bbox 1147 1443 1300 1514; x_wconf 73' lang='grc' dir='ltr'>ριῆκε</span> <span class='ocrx_word' id='word_1_114' title='bbox 1323 1445 1716 1514; x_wconf 79' lang='grc' dir='ltr'>διερευνωμένη</span> <span class='ocrx_word' id='word_1_115' title='bbox 1741 1446 1918 1496; x_wconf 77' lang='grc' dir='ltr'>πᾶσαν</span> 
     </span>
    </p>
   </div>
   <div class='ocr_carea' id='block_1_17' title="bbox 333 1533 1918 1606">
    <p class='ocr_par' dir='ltr' id='par_1_17' title="bbox 333 1533 1918 1606">
     <span class='ocr_line' id='line_1_17' title="bbox 333 1533 1918 1606; baseline 0.004 -23"><span class='ocrx_word' id='word_1_116' title='bbox 333 1534 640 1606; x_wconf 75' lang='grc' dir='ltr'><strong>ἀγγελικὴν</strong></span> <span class='ocrx_word' id='word_1_117' title='bbox 679 1536 1071 1606; x_wconf 80' lang='grc' dir='ltr'><strong>διακόσμησιν,</strong></span> <span class='ocrx_word' id='word_1_118' title='bbox 1119 1537 1210 1590; x_wconf 70' lang='grc' dir='ltr'>καὶ</span> <span class='ocrx_word' id='word_1_119' title='bbox 1259 1537 1334 1599; x_wconf 87' lang='grc' dir='ltr'>ὡς</span> <span class='ocrx_word' id='word_1_120' title='bbox 1378 1537 1476 1589; x_wconf 77' lang='grc' dir='ltr'>οὐκ</span> <span class='ocrx_word' id='word_1_121' title='bbox 1523 1533 1658 1589; x_wconf 70' lang='grc' dir='ltr'>εἶδεν</span> <span class='ocrx_word' id='word_1_122' title='bbox 1705 1538 1762 1588; x_wconf 83' lang='grc' dir='ltr'><strong>ὲν</strong></span> <span class='ocrx_word' id='word_1_123' title='bbox 1806 1539 1918 1600; x_wconf 83' lang='grc' dir='ltr'>τοῖς</span> 
     </span>
    </p>
   </div>
   <div class='ocr_carea' id='block_1_18' title="bbox 333 1627 1918 1699">
    <p class='ocr_par' dir='ltr' id='par_1_18' title="bbox 333 1627 1918 1699">
     <span class='ocr_line' id='line_1_18' title="bbox 333 1627 1918 1699; baseline 0.001 -19"><span class='ocrx_word' id='word_1_124' title='bbox 333 1627 642 1696; x_wconf 71' lang='grc' dir='ltr'>εὑρεθεῖσιν</span> <span class='ocrx_word' id='word_1_125' title='bbox 668 1628 888 1694; x_wconf 72' lang='grc' dir='ltr'>ἀγαθοῖς</span> <span class='ocrx_word' id='word_1_126' title='bbox 912 1629 971 1681; x_wconf 72' lang='grc' dir='ltr'>τὸ</span> <span class='ocrx_word' id='word_1_127' title='bbox 1005 1627 1354 1698; x_wconf 76' lang='grc' dir='ltr'>ζητούμενον,</span> <span class='ocrx_word' id='word_1_128' title='bbox 1386 1629 1544 1681; x_wconf 74' lang='grc' dir='ltr'>τοῦτο</span> <span class='ocrx_word' id='word_1_129' title='bbox 1574 1628 1693 1681; x_wconf 80' lang='grc' dir='ltr'>καθ’</span> <span class='ocrx_word' id='word_1_130' title='bbox 1719 1628 1918 1699; x_wconf 80' lang='grc' dir='ltr'>ἑαυτὴν</span> 
     </span>
    </p>
   </div>
   <div class='ocr_carea' id='block_1_19' title="bbox 332 1713 1916 1790">
    <p class='ocr_par' dir='ltr' id='par_1_19' title="bbox 332 1713 1916 1790">
     <span class='ocr_line' id='line_1_19' title="bbox 332 1713 1916 1790; baseline 0 -20"><span class='ocrx_word' id='word_1_131' title='bbox 332 1717 640 1785; x_wconf 54' lang='grc' dir='ltr'>ἐλογίσατο</span> <span class='ocrx_word' id='word_1_132' title='bbox 669 1713 820 1788; x_wconf 69' lang='grc' dir='ltr'>’.ὶρα</span> <span class='ocrx_word' id='word_1_133' title='bbox 871 1717 972 1773; x_wconf 68' lang='grc' dir='ltr'><strong>γᾶν</strong></span> <span class='ocrx_word' id='word_1_134' title='bbox 1014 1721 1244 1782; x_wconf 81' lang='grc' dir='ltr'>ἐκείνοις</span> <span class='ocrx_word' id='word_1_135' title='bbox 1281 1720 1484 1789; x_wconf 84' lang='grc' dir='ltr'>ληπτόν</span> <span class='ocrx_word' id='word_1_136' title='bbox 1531 1721 1644 1772; x_wconf 77' lang='grc' dir='ltr'>ἐστι</span> <span class='ocrx_word' id='word_1_137' title='bbox 1690 1719 1750 1770; x_wconf 84' lang='grc' dir='ltr'><strong>τὸ</strong></span> <span class='ocrx_word' id='word_1_138' title='bbox 1787 1721 1916 1790; x_wconf 84' lang='grc' dir='ltr'>παρ’</span> 
     </span>
    </p>
   </div>
   <div class='ocr_carea' id='block_1_20' title="bbox 331 1807 1916 1881">
    <p class='ocr_par' dir='ltr' id='par_1_20' title="bbox 331 1807 1916 1881">
     <span class='ocr_line' id='line_1_20' title="bbox 331 1807 1916 1881; baseline -0.001 -18"><span class='ocrx_word' id='word_1_139' title='bbox 331 1807 478 1878; x_wconf 66' lang='grc' dir='ltr'>ἐμοῦ</span> <span class='ocrx_word' id='word_1_140' title='bbox 505 1807 898 1878; x_wconf 72' lang='grc' dir='ltr'>ἁγαπιῖ)μενον;</span> <span class='ocrx_word' id='word_1_141' title='bbox 939 1809 1046 1863; x_wconf 84' lang='grc' dir='ltr'>Καί</span> <span class='ocrx_word' id='word_1_142' title='bbox 1078 1828 1210 1881; x_wconf 75' lang='grc' dir='ltr'>φησι</span> <span class='ocrx_word' id='word_1_143' title='bbox 1244 1813 1378 1880; x_wconf 71' lang='grc' dir='ltr'>πρὸς</span> <span class='ocrx_word' id='word_1_144' title='bbox 1404 1810 1595 1872; x_wconf 70' lang='grc' dir='ltr'>αὐτούς</span> <span class='ocrx_word' id='word_1_145' title='bbox 1617 1829 1631 1842; x_wconf 91' lang='grc'><strong>·</strong></span> <span class='ocrx_word' id='word_1_146' title='bbox 1677 1810 1772 1876; x_wconf 75' lang='grc' dir='ltr'><strong>Μὴ</strong></span> <span class='ocrx_word' id='word_1_147' title='bbox 1801 1809 1916 1862; x_wconf 83' lang='grc' dir='ltr'><strong>κᾶν</strong></span> 
     </span>
    </p>
   </div>
   <div class='ocr_carea' id='block_1_21' title="bbox 329 1900 1913 1970">
    <p class='ocr_par' dir='ltr' id='par_1_21' title="bbox 329 1900 1913 1970">
     <span class='ocr_line' id='line_1_21' title="bbox 329 1900 1913 1970; baseline 0.001 -18"><span class='ocrx_word' id='word_1_148' title='bbox 329 1900 510 1969; x_wconf 79' lang='grc' dir='ltr'>ὑμεῖς</span> <span class='ocrx_word' id='word_1_149' title='bbox 557 1900 630 1954; x_wconf 80' lang='grc' dir='ltr'><strong>ὃν</strong></span> <span class='ocrx_word' id='word_1_150' title='bbox 669 1901 990 1968; x_wconf 75' lang='grc' dir='ltr'><strong>ἠγάπησεν</strong></span> <span class='ocrx_word' id='word_1_151' title='bbox 1040 1903 1078 1969; x_wconf 76' lang='grc' dir='ltr'><strong><em>ἡ</em></strong></span> <span class='ocrx_word' id='word_1_152' title='bbox 1124 1901 1294 1970; x_wconf 68' lang='grc' dir='ltr'><strong>ψυχή</strong></span> <span class='ocrx_word' id='word_1_153' title='bbox 1337 1920 1477 1970; x_wconf 82' lang='grc' dir='ltr'>μου,</span> <span class='ocrx_word' id='word_1_154' title='bbox 1523 1903 1729 1966; x_wconf 62' lang='lat' dir='ltr'><strong>idem;</strong></span> <span class='ocrx_word' id='word_1_155' title='bbox 1778 1903 1913 1954; x_wconf 84' lang='grc' dir='ltr'>Σιω-</span> 
     </span>
    </p>
   </div>
   <div class='ocr_carea' id='block_1_22' title="bbox 331 1990 1916 2062">
    <p class='ocr_par' dir='ltr' id='par_1_22' title="bbox 331 1990 1916 2062">
     <span class='ocr_line' id='line_1_22' title="bbox 331 1990 1916 2062; baseline 0.001 -18"><span class='ocrx_word' id='word_1_156' title='bbox 331 1991 629 2060; x_wconf 74' lang='grc' dir='ltr'>στησάντων</span> <span class='ocrx_word' id='word_1_157' title='bbox 667 1991 723 2044; x_wconf 83' lang='grc' dir='ltr'>δὲ</span> <span class='ocrx_word' id='word_1_158' title='bbox 772 1990 910 2060; x_wconf 81' lang='grc' dir='ltr'>πρὸς</span> <span class='ocrx_word' id='word_1_159' title='bbox 937 1991 1036 2060; x_wconf 83' lang='grc' dir='ltr'>τὴν</span> <span class='ocrx_word' id='word_1_160' title='bbox 1063 1992 1320 2062; x_wconf 81' lang='grc' dir='ltr'>τοιαύτην</span> <span class='ocrx_word' id='word_1_161' title='bbox 1368 1992 1656 2062; x_wconf 80' lang='grc' dir='ltr'>ἐρώτησιν,</span> <span class='ocrx_word' id='word_1_162' title='bbox 1705 1993 1798 2045; x_wconf 84' lang='grc' dir='ltr'>καὶ</span> <span class='ocrx_word' id='word_1_163' title='bbox 1827 1993 1916 2046; x_wconf 73' lang='grc' dir='ltr'><strong>διὰ</strong></span> 
     </span>
    </p>
   </div>
   <div class='ocr_carea' id='block_1_23' title="bbox 328 2080 1912 2151">
    <p class='ocr_par' dir='ltr' id='par_1_23' title="bbox 328 2080 1912 2151">
     <span class='ocr_line' id='line_1_23' title="bbox 328 2080 1912 2151; baseline 0.003 -19"><span class='ocrx_word' id='word_1_164' title='bbox 328 2083 436 2150; x_wconf 78' lang='grc' dir='ltr'>τῆς</span> <span class='ocrx_word' id='word_1_165' title='bbox 468 2083 676 2151; x_wconf 72' lang='grc' dir='ltr'>σιωπῆς</span> <span class='ocrx_word' id='word_1_166' title='bbox 709 2081 1096 2151; x_wconf 78' lang='grc' dir='ltr'><strong>ἐνδειξαμένων</strong></span> <span class='ocrx_word' id='word_1_167' title='bbox 1128 2083 1186 2137; x_wconf 81' lang='grc' dir='ltr'><strong>τὸ</strong></span> <span class='ocrx_word' id='word_1_168' title='bbox 1217 2084 1486 2146; x_wconf 79' lang='grc' dir='ltr'>κάκείνοις</span> <span class='ocrx_word' id='word_1_169' title='bbox 1515 2083 1752 2151; x_wconf 82' lang='grc' dir='ltr'>ἄληπτον</span> <span class='ocrx_word' id='word_1_170' title='bbox 1775 2080 1912 2137; x_wconf 80' lang='grc' dir='ltr'>εἶναι</span> 
     </span>
    </p>
   </div>
   <div class='ocr_carea' id='block_1_24' title="bbox 325 2171 1908 2246">
    <p class='ocr_par' dir='ltr' id='par_1_24' title="bbox 325 2171 1908 2246">
     <span class='ocr_line' id='line_1_24' title="bbox 325 2171 1908 2246; baseline 0.002 -21"><span class='ocrx_word' id='word_1_171' title='bbox 325 2171 399 2225; x_wconf 72' lang='grc' dir='ltr'>τὸ</span> <span class='ocrx_word' id='word_1_172' title='bbox 445 2175 576 2243; x_wconf 80' lang='grc' dir='ltr'>παρ’</span> <span class='ocrx_word' id='word_1_173' title='bbox 622 2174 792 2243; x_wconf 69' lang='grc' dir='ltr'>αὐτῆς</span> <span class='ocrx_word' id='word_1_174' title='bbox 827 2172 1186 2244; x_wconf 75' lang='grc' dir='ltr'>ζητούμενον,</span> <span class='ocrx_word' id='word_1_175' title='bbox 1231 2175 1306 2240; x_wconf 87' lang='grc' dir='ltr'>ὼς</span> <span class='ocrx_word' id='word_1_176' title='bbox 1351 2174 1591 2243; x_wconf 71' lang='grc' dir='ltr'>διεξῆλθε</span> <span class='ocrx_word' id='word_1_177' title='bbox 1630 2179 1696 2246; x_wconf 81' lang='grc' dir='ltr'>τῇ</span> <span class='ocrx_word' id='word_1_178' title='bbox 1745 2176 1908 2228; x_wconf 82' lang='grc' dir='ltr'>πολυ-</span> 
     </span>
    </p>
   </div>
   <div class='ocr_carea' id='block_1_25' title="bbox 327 2263 1910 2338">
    <p class='ocr_par' dir='ltr' id='par_1_25' title="bbox 327 2263 1910 2338">
     <span class='ocr_line' id='line_1_25' title="bbox 327 2263 1910 2338; baseline -0.016 -3"><span class='ocrx_word' id='word_1_179' title='bbox 327 2263 700 2336; x_wconf 71' lang='grc' dir='ltr'><strong>πραγμοσύνῃ</strong></span> <span class='ocrx_word' id='word_1_180' title='bbox 733 2265 832 2334; x_wconf 74' lang='grc' dir='ltr'><strong>τῆς</strong></span> <span class='ocrx_word' id='word_1_181' title='bbox 863 2265 1103 2328; x_wconf 83' lang='grc' dir='ltr'>διανοίας</span> <span class='ocrx_word' id='word_1_182' title='bbox 1135 2268 1316 2319; x_wconf 81' lang='grc' dir='ltr'>πᾶσαν</span> <span class='ocrx_word' id='word_1_183' title='bbox 1359 2267 1572 2336; x_wconf 81' lang='grc' dir='ltr'>ἐκείνην</span> <span class='ocrx_word' id='word_1_184' title='bbox 1602 2266 1700 2337; x_wconf 75' lang='grc' dir='ltr'><strong>τὴν</strong></span> <span class='ocrx_word' id='word_1_185' title='bbox 1742 2267 1910 2338; x_wconf 79' lang='grc' dir='ltr'>ὑπερ-</span> 
     </span>
    </p>
   </div>
   <div class='ocr_carea' id='block_1_26' title="bbox 327 2355 1907 2427">
    <p class='ocr_par' dir='ltr' id='par_1_26' title="bbox 327 2355 1907 2427">
     <span class='ocr_line' id='line_1_26' title="bbox 327 2355 1907 2427; baseline 0.003 -20"><span class='ocrx_word' id='word_1_186' title='bbox 327 2355 562 2424; x_wconf 77' lang='grc' dir='ltr'>κόσμιον</span> <span class='ocrx_word' id='word_1_187' title='bbox 605 2355 778 2418; x_wconf 82' lang='grc' dir='ltr'>πόλιν,</span> <span class='ocrx_word' id='word_1_188' title='bbox 810 2357 902 2408; x_wconf 80' lang='grc' dir='ltr'><strong>καὶ</strong></span> <span class='ocrx_word' id='word_1_189' title='bbox 931 2357 1049 2409; x_wconf 80' lang='grc' dir='ltr'>οὐδὲ</span> <span class='ocrx_word' id='word_1_190' title='bbox 1078 2358 1134 2408; x_wconf 83' lang='grc' dir='ltr'><strong>ὲν</strong></span> <span class='ocrx_word' id='word_1_191' title='bbox 1164 2359 1274 2419; x_wconf 80' lang='grc' dir='ltr'>τοῖς</span> <span class='ocrx_word' id='word_1_192' title='bbox 1305 2361 1512 2427; x_wconf 84' lang='grc' dir='ltr'>νοητοῖς</span> <span class='ocrx_word' id='word_1_193' title='bbox 1543 2375 1602 2410; x_wconf 85' lang='grc' dir='ltr'><strong>τε</strong></span> <span class='ocrx_word' id='word_1_194' title='bbox 1639 2359 1734 2412; x_wconf 81' lang='grc' dir='ltr'><strong>καὶ</strong></span> <span class='ocrx_word' id='word_1_195' title='bbox 1764 2361 1907 2412; x_wconf 84' lang='grc' dir='ltr'>ἁσω·</span> 
     </span>
    </p>
   </div>
   <div class='ocr_carea' id='block_1_27' title="bbox 331 2443 1910 2518">
    <p class='ocr_par' dir='ltr' id='par_1_27' title="bbox 331 2443 1910 2518">
     <span class='ocr_line' id='line_1_27' title="bbox 331 2443 1910 2518; baseline 0.003 -18"><span class='ocrx_word' id='word_1_196' title='bbox 331 2447 528 2510; x_wconf 83' lang='grc' dir='ltr'>μάτοις</span> <span class='ocrx_word' id='word_1_197' title='bbox 554 2443 693 2500; x_wconf 74' lang='grc' dir='ltr'>οἶδεν</span> <span class='ocrx_word' id='word_1_198' title='bbox 722 2447 780 2500; x_wconf 77' lang='grc' dir='ltr'><strong>ὃν</strong></span> <span class='ocrx_word' id='word_1_199' title='bbox 805 2447 1070 2518; x_wconf 74' lang='grc' dir='ltr'>ἐπόθησεν</span> <span class='ocrx_word' id='word_1_200' title='bbox 1097 2465 1110 2478; x_wconf 78' lang='grc' dir='ltr'><strong><em>ο</em></strong></span> <span class='ocrx_word' id='word_1_201' title='bbox 1151 2449 1273 2500; x_wconf 76' lang='grc' dir='ltr'>τότε</span> <span class='ocrx_word' id='word_1_202' title='bbox 1313 2449 1686 2504; x_wconf 79' lang='grc' dir='ltr'>καταλιποῦσα</span> <span class='ocrx_word' id='word_1_203' title='bbox 1717 2453 1823 2505; x_wconf 82' lang='grc' dir='ltr'><strong>πᾶν</strong></span> <span class='ocrx_word' id='word_1_204' title='bbox 1849 2453 1910 2504; x_wconf 81' lang='grc' dir='ltr'><strong>τὸ</strong></span> 
     </span>
    </p>
   </div>
   <div class='ocr_carea' id='block_1_28' title="bbox 323 2538 1910 2613">
    <p class='ocr_par' dir='ltr' id='par_1_28' title="bbox 323 2538 1910 2613">
     <span class='ocr_line' id='line_1_28' title="bbox 323 2538 1910 2613; baseline 0.003 -23"><span class='ocrx_word' id='word_1_205' title='bbox 323 2539 738 2610; x_wconf 69' lang='grc' dir='ltr'>εὑρισκόμενον,</span> <span class='ocrx_word' id='word_1_206' title='bbox 760 2538 902 2592; x_wconf 79' lang='grc' dir='ltr'>οὕτω</span> <span class='ocrx_word' id='word_1_207' title='bbox 916 2559 930 2599; x_wconf 74' lang='lat'><strong>_&#39;</strong></span> <span class='ocrx_word' id='word_1_208' title='bbox 953 2538 1211 2613; x_wconf 79' lang='grc' dir='ltr'>ἐγνώρισε</span> <span class='ocrx_word' id='word_1_209' title='bbox 1232 2540 1292 2592; x_wconf 82' lang='grc' dir='ltr'>τὸ</span> <span class='ocrx_word' id='word_1_210' title='bbox 1317 2541 1665 2610; x_wconf 79' lang='grc' dir='ltr'>ζητούμενον,</span> <span class='ocrx_word' id='word_1_211' title='bbox 1686 2545 1742 2594; x_wconf 79' lang='grc' dir='ltr'>ἐν</span> <span class='ocrx_word' id='word_1_212' title='bbox 1766 2543 1910 2612; x_wconf 80' lang='grc' dir='ltr'>μόνῳ</span> 
     </span>
    </p>
   </div>
   <div class='ocr_carea' id='block_1_29' title="bbox 241 2628 1909 2700">
    <p class='ocr_par' dir='ltr' id='par_1_29' title="bbox 241 2628 1909 2700">
     <span class='ocr_line' id='line_1_29' title="bbox 241 2628 1909 2700; baseline 0.003 -19"><span class='ocrx_word' id='word_1_213' title='bbox 241 2682 250 2686; x_wconf 92' lang='lat'><em>_</em></span> <span class='ocrx_word' id='word_1_214' title='bbox 324 2628 414 2697; x_wconf 78' lang='grc' dir='ltr'>τῷ</span> <span class='ocrx_word' id='word_1_215' title='bbox 443 2629 515 2698; x_wconf 81' lang='grc' dir='ltr'>μὴ</span> <span class='ocrx_word' id='word_1_216' title='bbox 553 2628 1068 2698; x_wconf 74' lang='grc' dir='ltr'>καταλαμϐάνεσθαι</span> <span class='ocrx_word' id='word_1_217' title='bbox 1098 2630 1150 2682; x_wconf 87' lang='grc' dir='ltr'><strong>τί</strong></span> <span class='ocrx_word' id='word_1_218' title='bbox 1185 2631 1353 2694; x_wconf 78' lang='grc' dir='ltr'>ἐστιν,</span> <span class='ocrx_word' id='word_1_219' title='bbox 1387 2631 1470 2683; x_wconf 85' lang='grc' dir='ltr'>ὅτι</span> <span class='ocrx_word' id='word_1_220' title='bbox 1501 2632 1616 2687; x_wconf 69' lang='grc' dir='ltr'>ἐστὶ</span> <span class='ocrx_word' id='word_1_221' title='bbox 1649 2635 1909 2700; x_wconf 71' lang='grc' dir='ltr'>γινωσκό-</span> 
     </span>
    </p>
   </div>
   <div class='ocr_carea' id='block_1_30' title="bbox 325 2714 1904 2791">
    <p class='ocr_par' dir='ltr' id='par_1_30' title="bbox 325 2714 1904 2791">
     <span class='ocr_line' id='line_1_30' title="bbox 325 2714 1904 2791; baseline 0.002 -22"><span class='ocrx_word' id='word_1_222' title='bbox 325 2735 527 2791; x_wconf 83' lang='grc' dir='ltr'>μενον,</span> <span class='ocrx_word' id='word_1_223' title='bbox 571 2714 630 2772; x_wconf 63' lang='lat' dir='ltr'><strong>ob</strong></span> <span class='ocrx_word' id='word_1_224' title='bbox 677 2720 784 2771; x_wconf 79' lang='grc' dir='ltr'>πᾶν</span> <span class='ocrx_word' id='word_1_225' title='bbox 831 2718 1116 2789; x_wconf 80' lang='grc' dir='ltr'>γνώρισμα</span> <span class='ocrx_word' id='word_1_226' title='bbox 1161 2721 1599 2790; x_wconf 75' lang='grc' dir='ltr'>καταληπτικον,</span> <span class='ocrx_word' id='word_1_227' title='bbox 1647 2724 1904 2791; x_wconf 76' lang='grc' dir='ltr'>ἐμπόδιον</span> 
     </span>
    </p>
   </div>
   <div class='ocr_carea' id='block_1_31' title="bbox 319 2810 1908 2883">
    <p class='ocr_par' dir='ltr' id='par_1_31' title="bbox 319 2810 1908 2883">
     <span class='ocr_line' id='line_1_31' title="bbox 319 2810 1908 2883; baseline 0.003 -21"><span class='ocrx_word' id='word_1_228' title='bbox 319 2811 444 2874; x_wconf 70' lang='grc' dir='ltr'>τοῖς</span> <span class='ocrx_word' id='word_1_229' title='bbox 473 2810 803 2882; x_wconf 77' lang='grc' dir='ltr'>ἀναζητοῦσι</span> <span class='ocrx_word' id='word_1_230' title='bbox 831 2811 966 2882; x_wconf 73' lang='grc' dir='ltr'>πρὸς</span> <span class='ocrx_word' id='word_1_231' title='bbox 991 2811 1089 2882; x_wconf 86' lang='grc' dir='ltr'><strong>τὴν</strong></span> <span class='ocrx_word' id='word_1_232' title='bbox 1119 2811 1333 2883; x_wconf 78' lang='grc' dir='ltr'>εὕρεσιν</span> <span class='ocrx_word' id='word_1_233' title='bbox 1357 2813 1586 2880; x_wconf 88' lang='grc' dir='ltr'>γίνεται.</span> <span class='ocrx_word' id='word_1_234' title='bbox 1624 2814 1721 2866; x_wconf 77' lang='grc' dir='ltr'><strong>Διὰ</strong></span> <span class='ocrx_word' id='word_1_235' title='bbox 1751 2815 1908 2869; x_wconf 68' lang='grc' dir='ltr'><strong>τοίτὸ</strong></span> 
     </span>
    </p>
   </div>
   <div class='ocr_carea' id='block_1_32' title="bbox 320 2901 1906 2977">
    <p class='ocr_par' dir='ltr' id='par_1_32' title="bbox 320 2901 1906 2977">
     <span class='ocr_line' id='line_1_32' title="bbox 320 2901 1906 2977; baseline 0.003 -24"><span class='ocrx_word' id='word_1_236' title='bbox 320 2919 494 2970; x_wconf 78' lang='grc' dir='ltr'>φησι’</span> <span class='ocrx_word' id='word_1_237' title='bbox 529 2903 739 2977; x_wconf 71' lang='grc' dir='ltr'>Μικρὸν</span> <span class='ocrx_word' id='word_1_238' title='bbox 758 2905 846 2958; x_wconf 84' lang='grc' dir='ltr'>ὅτε</span> <span class='ocrx_word' id='word_1_239' title='bbox 868 2901 1140 2972; x_wconf 73' lang='grc' dir='ltr'>παρῆλθον</span> <span class='ocrx_word' id='word_1_240' title='bbox 1165 2903 1260 2956; x_wconf 81' lang='grc' dir='ltr'><strong>ἀπ’</strong></span> <span class='ocrx_word' id='word_1_241' title='bbox 1291 2904 1489 2965; x_wconf 83' lang='grc' dir='ltr'>αὐτῶν,</span> <span class='ocrx_word' id='word_1_242' title='bbox 1510 2907 1706 2973; x_wconf 56' lang='grc' dir='ltr'>ἀφεῖσα</span> <span class='ocrx_word' id='word_1_243' title='bbox 1729 2908 1906 2961; x_wconf 73' lang='grc' dir='ltr'>πᾶσαν</span> 
     </span>
    </p>
   </div>
   <div class='ocr_carea' id='block_1_33' title="bbox 315 2991 1906 3066">
    <p class='ocr_par' dir='ltr' id='par_1_33' title="bbox 315 2991 1906 3066">
     <span class='ocr_line' id='line_1_33' title="bbox 315 2991 1906 3066; baseline 0.003 -21"><span class='ocrx_word' id='word_1_244' title='bbox 315 2992 428 3062; x_wconf 78' lang='grc' dir='ltr'>τὴν</span> <span class='ocrx_word' id='word_1_245' title='bbox 459 2991 649 3052; x_wconf 83' lang='grc' dir='ltr'>κτίσιν,</span> <span class='ocrx_word' id='word_1_246' title='bbox 685 2993 780 3044; x_wconf 73' lang='grc' dir='ltr'>καὶ</span> <span class='ocrx_word' id='word_1_247' title='bbox 815 2992 1159 3063; x_wconf 81' lang='grc' dir='ltr'>παρελθοῦσα</span> <span class='ocrx_word' id='word_1_248' title='bbox 1195 2997 1302 3047; x_wconf 85' lang='grc' dir='ltr'><strong>πᾶν</strong></span> <span class='ocrx_word' id='word_1_249' title='bbox 1327 2996 1387 3048; x_wconf 76' lang='grc' dir='ltr'><strong>τὸ</strong></span> <span class='ocrx_word' id='word_1_250' title='bbox 1418 2998 1476 3048; x_wconf 84' lang='grc' dir='ltr'><strong>ὲν</strong></span> <span class='ocrx_word' id='word_1_251' title='bbox 1513 2998 1578 3066; x_wconf 81' lang='grc' dir='ltr'>τῇ</span> <span class='ocrx_word' id='word_1_252' title='bbox 1606 2997 1781 3049; x_wconf 78' lang='grc' dir='ltr'>κτίσει</span> <span class='ocrx_word' id='word_1_253' title='bbox 1820 3013 1906 3049; x_wconf 86' lang='grc' dir='ltr'><strong>νο-</strong></span> 
     </span>
    </p>
   </div>
   <div class='ocr_carea' id='block_1_34' title="bbox 316 3085 1902 3156">
    <p class='ocr_par' dir='ltr' id='par_1_34' title="bbox 316 3085 1902 3156">
     <span class='ocr_line' id='line_1_34' title="bbox 316 3085 1902 3156; baseline 0.001 -18"><span class='ocrx_word' id='word_1_254' title='bbox 316 3085 575 3152; x_wconf 79' lang='grc' dir='ltr'>ούμενον,</span> <span class='ocrx_word' id='word_1_255' title='bbox 615 3085 705 3138; x_wconf 78' lang='grc' dir='ltr'><strong>καὶ</strong></span> <span class='ocrx_word' id='word_1_256' title='bbox 751 3086 932 3141; x_wconf 70' lang='grc' dir='ltr'>πᾶσαν</span> <span class='ocrx_word' id='word_1_257' title='bbox 979 3085 1392 3156; x_wconf 83' lang='grc' dir='ltr'>καταληπτικὴν</span> <span class='ocrx_word' id='word_1_258' title='bbox 1441 3087 1625 3156; x_wconf 80' lang='grc' dir='ltr'>ἔφοδον</span> <span class='ocrx_word' id='word_1_259' title='bbox 1677 3089 1902 3141; x_wconf 82' lang='grc' dir='ltr'>καταλι-</span> 
     </span>
    </p>
   </div>
   <div class='ocr_carea' id='block_1_35' title="bbox 316 3171 1900 3248">
    <p class='ocr_par' dir='ltr' id='par_1_35' title="bbox 316 3171 1900 3248">
     <span class='ocr_line' id='line_1_35' title="bbox 316 3171 1900 3248; baseline 0.002 -20"><span class='ocrx_word' id='word_1_260' title='bbox 316 3175 523 3239; x_wconf 77' lang='grc' dir='ltr'>ποῦσα,</span> <span class='ocrx_word' id='word_1_261' title='bbox 555 3179 619 3248; x_wconf 83' lang='grc' dir='ltr'>τῇ</span> <span class='ocrx_word' id='word_1_262' title='bbox 657 3175 836 3229; x_wconf 82' lang='grc' dir='ltr'>πίστει</span> <span class='ocrx_word' id='word_1_263' title='bbox 871 3171 1028 3247; x_wconf 78' lang='grc' dir='ltr'>εὖρον</span> <span class='ocrx_word' id='word_1_264' title='bbox 1058 3176 1117 3229; x_wconf 83' lang='grc' dir='ltr'>τὸ</span> <span class='ocrx_word' id='word_1_265' title='bbox 1149 3176 1511 3248; x_wconf 84' lang='grc' dir='ltr'>ἀγαπώμενον</span> <span class='ocrx_word' id='word_1_266' title='bbox 1531 3195 1544 3208; x_wconf 75' lang='grc' dir='ltr'><strong><em>ο</em></strong></span> <span class='ocrx_word' id='word_1_267' title='bbox 1595 3179 1690 3232; x_wconf 71' lang='grc' dir='ltr'>καὶ</span> <span class='ocrx_word' id='word_1_268' title='bbox 1718 3179 1900 3232; x_wconf 78' lang='grc' dir='ltr'>οὐκέτι</span> 
     </span>
    </p>
   </div>
   <div class='ocr_carea' id='block_1_36' title="bbox 320 3265 1904 3348">
    <p class='ocr_par' dir='ltr' id='par_1_36' title="bbox 320 3265 1904 3348">
     <span class='ocr_line' id='line_1_36' title="bbox 320 3265 1904 3348; baseline 0.003 -30"><span class='ocrx_word' id='word_1_269' title='bbox 320 3265 549 3348; x_wconf 76' lang='grc' dir='ltr'>μεθήσω</span> <span class='ocrx_word' id='word_1_270' title='bbox 577 3269 643 3338; x_wconf 83' lang='grc' dir='ltr'><strong>τῇ</strong></span> <span class='ocrx_word' id='word_1_271' title='bbox 679 3267 778 3337; x_wconf 82' lang='grc' dir='ltr'><strong>τῆς</strong></span> <span class='ocrx_word' id='word_1_272' title='bbox 817 3267 1051 3331; x_wconf 80' lang='grc' dir='ltr'>πίστεως</span> <span class='ocrx_word' id='word_1_273' title='bbox 1087 3267 1225 3338; x_wconf 78' lang='grc' dir='ltr'>λαϐῇ</span> <span class='ocrx_word' id='word_1_274' title='bbox 1271 3269 1364 3322; x_wconf 83' lang='grc' dir='ltr'>τοῦ</span> <span class='ocrx_word' id='word_1_275' title='bbox 1395 3269 1711 3342; x_wconf 83' lang='grc' dir='ltr'>εὑρεθέντος</span> <span class='ocrx_word' id='word_1_276' title='bbox 1751 3272 1904 3323; x_wconf 87' lang='grc' dir='ltr'>ἀντε-</span> 
     </span>
    </p>
   </div>
   <div class='ocr_carea' id='block_1_37' title="bbox 315 3357 1900 3431">
    <p class='ocr_par' dir='ltr' id='par_1_37' title="bbox 315 3357 1900 3431">
     <span class='ocr_line' id='line_1_37' title="bbox 315 3357 1900 3431; baseline 0.003 -21"><span class='ocrx_word' id='word_1_277' title='bbox 315 3357 550 3429; x_wconf 81' lang='grc' dir='ltr'>χομένη,</span> <span class='ocrx_word' id='word_1_278' title='bbox 598 3357 702 3422; x_wconf 71' lang='grc' dir='ltr'>ἕως</span> <span class='ocrx_word' id='word_1_279' title='bbox 747 3357 814 3411; x_wconf 83' lang='grc' dir='ltr'><strong>ἂν</strong></span> <span class='ocrx_word' id='word_1_280' title='bbox 862 3357 1013 3422; x_wconf 74' lang='grc' dir='ltr'>ἐντὸς</span> <span class='ocrx_word' id='word_1_281' title='bbox 1054 3359 1280 3430; x_wconf 80' lang='grc' dir='ltr'>γένηται</span> <span class='ocrx_word' id='word_1_282' title='bbox 1305 3358 1396 3413; x_wconf 84' lang='grc' dir='ltr'>τοῦ</span> <span class='ocrx_word' id='word_1_283' title='bbox 1437 3360 1571 3430; x_wconf 77' lang='grc' dir='ltr'>ἐμοῦ</span> <span class='ocrx_word' id='word_1_284' title='bbox 1613 3363 1860 3431; x_wconf 83' lang='grc' dir='ltr'>ταμιείου</span> <span class='ocrx_word' id='word_1_285' title='bbox 1886 3380 1900 3392; x_wconf 92' lang='grc'><strong>·</strong></span> 
     </span>
    </p>
   </div>
   <div class='ocr_carea' id='block_1_38' title="bbox 313 3451 1902 3529">
    <p class='ocr_par' dir='ltr' id='par_1_38' title="bbox 313 3451 1902 3529">
     <span class='ocr_line' id='line_1_38' title="bbox 313 3451 1902 3529; baseline 0.003 -24"><span class='ocrx_word' id='word_1_286' title='bbox 313 3451 517 3521; x_wconf 77' lang='grc' dir='ltr'>καρδία</span> <span class='ocrx_word' id='word_1_287' title='bbox 549 3451 604 3505; x_wconf 81' lang='grc' dir='ltr'>δὲ</span> <span class='ocrx_word' id='word_1_288' title='bbox 633 3451 850 3514; x_wconf 70' lang='grc' dir='ltr'>πάντως</span> <span class='ocrx_word' id='word_1_289' title='bbox 877 3453 939 3506; x_wconf 82' lang='grc' dir='ltr'><strong>τὸ</strong></span> <span class='ocrx_word' id='word_1_290' title='bbox 959 3453 1204 3522; x_wconf 67' lang='grc' dir='ltr'>ταμιεῖόν</span> <span class='ocrx_word' id='word_1_291' title='bbox 1238 3455 1403 3516; x_wconf 73' lang='grc' dir='ltr'>ἐστιν,</span> <span class='ocrx_word' id='word_1_292' title='bbox 1455 3453 1488 3529; x_wconf 73' lang='grc' dir='ltr'>ἡ</span> <span class='ocrx_word' id='word_1_293' title='bbox 1542 3455 1662 3508; x_wconf 82' lang='grc' dir='ltr'>τότε</span> <span class='ocrx_word' id='word_1_294' title='bbox 1695 3456 1902 3523; x_wconf 81' lang='grc' dir='ltr'>γίνεται</span> 
     </span>
    </p>
   </div>
   <div class='ocr_carea' id='block_1_39' title="bbox 310 3545 1904 3622">
    <p class='ocr_par' dir='ltr' id='par_1_39' title="bbox 310 3545 1904 3622">
     <span class='ocr_line' id='line_1_39' title="bbox 310 3545 1904 3622; baseline 0.004 -25"><span class='ocrx_word' id='word_1_295' title='bbox 310 3545 544 3616; x_wconf 80' lang='grc' dir='ltr'>δεκτικὴ</span> <span class='ocrx_word' id='word_1_296' title='bbox 573 3545 672 3616; x_wconf 79' lang='grc' dir='ltr'><strong>τῆς</strong></span> <span class='ocrx_word' id='word_1_297' title='bbox 719 3545 869 3610; x_wconf 83' lang='grc' dir='ltr'>θείας</span> <span class='ocrx_word' id='word_1_298' title='bbox 901 3548 1245 3618; x_wconf 74' lang='grc' dir='ltr'>ἐνοικήσεως.</span> <span class='ocrx_word' id='word_1_299' title='bbox 1287 3549 1414 3604; x_wconf 85' lang='grc' dir='ltr'>ὅταν</span> <span class='ocrx_word' id='word_1_300' title='bbox 1461 3550 1730 3620; x_wconf 75' lang='grc' dir='ltr'><strong>ἐπανέλθῃ</strong></span> <span class='ocrx_word' id='word_1_301' title='bbox 1767 3552 1904 3622; x_wconf 73' lang='grc' dir='ltr'>πρὸς</span> 
     </span>
    </p>
   </div>
   <div class='ocr_carea' id='block_1_40' title="bbox 310 3635 1901 3713">
    <p class='ocr_par' dir='ltr' id='par_1_40' title="bbox 310 3635 1901 3713">
     <span class='ocr_line' id='line_1_40' title="bbox 310 3635 1901 3713; baseline 0.003 -21"><span class='ocrx_word' id='word_1_302' title='bbox 310 3638 421 3707; x_wconf 79' lang='grc' dir='ltr'>τὴν</span> <span class='ocrx_word' id='word_1_303' title='bbox 466 3635 798 3692; x_wconf 80' lang='grc' dir='ltr'>κατάστασιν</span> <span class='ocrx_word' id='word_1_304' title='bbox 832 3639 1068 3710; x_wconf 79' lang='grc' dir='ltr'>ἐκείνην,</span> <span class='ocrx_word' id='word_1_305' title='bbox 1105 3641 1162 3693; x_wconf 84' lang='grc' dir='ltr'>ὲν</span> <span class='ocrx_word' id='word_1_306' title='bbox 1287 3640 1348 3694; x_wconf 83' lang='grc' dir='ltr'><strong>τὸ</strong></span> <span class='ocrx_word' id='word_1_307' title='bbox 1389 3642 1668 3713; x_wconf 77' lang='grc' dir='ltr'><strong>καταρχὰς</strong></span> <span class='ocrx_word' id='word_1_308' title='bbox 1695 3639 1783 3712; x_wconf 81' lang='grc' dir='ltr'><strong>ἦν,</strong></span> <span class='ocrx_word' id='word_1_309' title='bbox 1814 3645 1901 3696; x_wconf 82' lang='grc' dir='ltr'><strong>ὅτε</strong></span> 
     </span>
    </p>
   </div>
   <div class='ocr_carea' id='block_1_41' title="bbox 311 3727 1902 3802">
    <p class='ocr_par' dir='ltr' id='par_1_41' title="bbox 311 3727 1902 3802">
     <span class='ocr_line' id='line_1_41' title="bbox 311 3727 1902 3802; baseline 0.003 -23"><span class='ocrx_word' id='word_1_310' title='bbox 311 3727 567 3798; x_wconf 65' lang='grc' dir='ltr'>ἐπλάσθη</span> <span class='ocrx_word' id='word_1_311' title='bbox 601 3729 707 3782; x_wconf 82' lang='grc' dir='ltr'><strong>ὑπὸ</strong></span> <span class='ocrx_word' id='word_1_312' title='bbox 749 3729 849 3802; x_wconf 81' lang='grc' dir='ltr'>τῆς</span> <span class='ocrx_word' id='word_1_313' title='bbox 889 3728 1280 3801; x_wconf 78' lang='grc' dir='ltr'>συλλαϐούσης.</span> <span class='ocrx_word' id='word_1_314' title='bbox 1325 3730 1551 3801; x_wconf 83' lang='grc' dir='ltr'>Μητέρα</span> <span class='ocrx_word' id='word_1_315' title='bbox 1592 3733 1649 3784; x_wconf 80' lang='grc' dir='ltr'>δὲ</span> <span class='ocrx_word' id='word_1_316' title='bbox 1684 3732 1902 3796; x_wconf 84' lang='grc' dir='ltr'>πάντως</span> 
     </span>
    </p>
   </div>
   <div class='ocr_carea' id='block_1_42' title="bbox 311 3817 1898 3890">
    <p class='ocr_par' dir='ltr' id='par_1_42' title="bbox 311 3817 1898 3890">
     <span class='ocr_line' id='line_1_42' title="bbox 311 3817 1898 3890; baseline 0 -17"><span class='ocrx_word' id='word_1_317' title='bbox 311 3817 422 3888; x_wconf 77' lang='grc' dir='ltr'><strong>τὴν</strong></span> <span class='ocrx_word' id='word_1_318' title='bbox 464 3818 685 3890; x_wconf 86' lang='grc' dir='ltr'>πρώτην</span> <span class='ocrx_word' id='word_1_319' title='bbox 728 3819 828 3888; x_wconf 84' lang='grc' dir='ltr'>τῆς</span> <span class='ocrx_word' id='word_1_320' title='bbox 872 3819 1184 3882; x_wconf 81' lang='grc' dir='ltr'>συστάσεως</span> <span class='ocrx_word' id='word_1_321' title='bbox 1222 3819 1377 3890; x_wconf 82' lang='grc' dir='ltr'><strong>ἡμῶν</strong></span> <span class='ocrx_word' id='word_1_322' title='bbox 1422 3819 1602 3874; x_wconf 75' lang='grc' dir='ltr'>αἰτίαν</span> <span class='ocrx_word' id='word_1_323' title='bbox 1633 3821 1767 3875; x_wconf 80' lang='grc' dir='ltr'>νοῶν</span> <span class='ocrx_word' id='word_1_324' title='bbox 1797 3837 1898 3883; x_wconf 87' lang='grc' dir='ltr'>τις,</span> 
     </span>
    </p>
   </div>
   <div class='ocr_carea' id='block_1_43' title="bbox 311 3910 840 3986">
    <p class='ocr_par' dir='ltr' id='par_1_43' title="bbox 311 3910 840 3986">
     <span class='ocr_line' id='line_1_43' title="bbox 311 3910 840 3986; baseline 0.002 -24"><span class='ocrx_word' id='word_1_325' title='bbox 311 3911 420 3986; x_wconf 73' lang='grc' dir='ltr'>οὐχ</span> <span class='ocrx_word' id='word_1_326' title='bbox 447 3910 840 3982; x_wconf 83' lang='grc' dir='ltr'>ἁμαρτήσεται.</span> 
     </span>
    </p>
   </div>
   <div class='ocr_carea' id='block_1_44' title="bbox 391 4077 1900 4152">
    <p class='ocr_par' dir='ltr' id='par_1_44' title="bbox 391 4077 1900 4152">
     <span class='ocr_line' id='line_1_44' title="bbox 391 4077 1900 4152; baseline 0.003 -22"><span class='ocrx_word' id='word_1_327' title='bbox 391 4077 595 4150; x_wconf 77' lang='grc' dir='ltr'>Καιρδς</span> <span class='ocrx_word' id='word_1_328' title='bbox 633 4079 678 4130; x_wconf 84' lang='grc' dir='ltr'>δ’</span> <span class='ocrx_word' id='word_1_329' title='bbox 726 4077 792 4131; x_wconf 84' lang='grc' dir='ltr'>ἂν</span> <span class='ocrx_word' id='word_1_330' title='bbox 835 4079 920 4148; x_wconf 78' lang='grc' dir='ltr'>εἴη</span> <span class='ocrx_word' id='word_1_331' title='bbox 975 4078 1136 4132; x_wconf 83' lang='grc' dir='ltr'>πάλιν</span> <span class='ocrx_word' id='word_1_332' title='bbox 1192 4079 1279 4132; x_wconf 74' lang='grc' dir='ltr'>ἐπ’</span> <span class='ocrx_word' id='word_1_333' title='bbox 1329 4081 1498 4150; x_wconf 70' lang='grc' dir='ltr'>αὐτῆς</span> <span class='ocrx_word' id='word_1_334' title='bbox 1556 4081 1654 4152; x_wconf 83' lang='grc' dir='ltr'><strong>τῆς</strong></span> <span class='ocrx_word' id='word_1_335' title='bbox 1703 4081 1900 4146; x_wconf 81' lang='grc' dir='ltr'>λέξεως</span> 
     </span>
    </p>
   </div>
   <div class='ocr_carea' id='block_1_45' title="bbox 315 4167 1900 4243">
    <p class='ocr_par' dir='ltr' id='par_1_45' title="bbox 315 4167 1900 4243">
     <span class='ocr_line' id='line_1_45' title="bbox 315 4167 1900 4243; baseline 0.003 -23"><span class='ocrx_word' id='word_1_336' title='bbox 315 4167 662 4238; x_wconf 81' lang='grc' dir='ltr'>παραθέσθαι</span> <span class='ocrx_word' id='word_1_337' title='bbox 692 4169 790 4233; x_wconf 75' lang='grc' dir='ltr'><strong>τὰς</strong></span> <span class='ocrx_word' id='word_1_338' title='bbox 822 4169 970 4233; x_wconf 85' lang='grc' dir='ltr'>θείας</span> <span class='ocrx_word' id='word_1_339' title='bbox 1001 4171 1203 4240; x_wconf 82' lang='grc' dir='ltr'>φωνὰς,</span> <span class='ocrx_word' id='word_1_340' title='bbox 1237 4171 1374 4224; x_wconf 82' lang='grc' dir='ltr'>ὥστε</span> <span class='ocrx_word' id='word_1_341' title='bbox 1407 4175 1518 4236; x_wconf 87' lang='grc' dir='ltr'>τοῖς</span> <span class='ocrx_word' id='word_1_342' title='bbox 1548 4172 1900 4243; x_wconf 87' lang='grc' dir='ltr'>θεωρηθεῖσιν</span> 
     </span>
    </p>
   </div>
   <div class='ocr_carea' id='block_1_46' title="bbox 310 4265 1901 4339">
    <p class='ocr_par' dir='ltr' id='par_1_46' title="bbox 310 4265 1901 4339">
     <span class='ocr_line' id='line_1_46' title="bbox 310 4265 1901 4339; baseline 0.002 -20"><span class='ocrx_word' id='word_1_343' title='bbox 310 4265 735 4336; x_wconf 78' lang='grc' dir='ltr'>ὲφαρμοσθῆναι</span> <span class='ocrx_word' id='word_1_344' title='bbox 790 4265 858 4318; x_wconf 84' lang='grc' dir='ltr'>τὰ</span> <span class='ocrx_word' id='word_1_345' title='bbox 921 4268 1164 4337; x_wconf 79' lang='grc' dir='ltr'>ῥήματα.</span> <span class='ocrx_word' id='word_1_346' title='bbox 1229 4269 1351 4322; x_wconf 75' lang='grc' dir='ltr'><strong>Ἐπί</strong></span> <span class='ocrx_word' id='word_1_347' title='bbox 1400 4271 1610 4338; x_wconf 85' lang='grc' dir='ltr'>κοίτην</span> <span class='ocrx_word' id='word_1_348' title='bbox 1653 4288 1772 4339; x_wconf 86' lang='grc' dir='ltr'><strong>μου</strong></span> <span class='ocrx_word' id='word_1_349' title='bbox 1829 4271 1901 4322; x_wconf 82' lang='grc' dir='ltr'><strong>ἐν</strong></span> 
     </span>
    </p>
   </div>
   <div class='ocr_carea' id='block_1_47' title="bbox 308 4355 1898 4430">
    <p class='ocr_par' dir='ltr' id='par_1_47' title="bbox 308 4355 1898 4430">
     <span class='ocr_line' id='line_1_47' title="bbox 308 4355 1898 4430; baseline 0.001 -18"><span class='ocrx_word' id='word_1_350' title='bbox 308 4356 498 4419; x_wconf 75' lang='grc' dir='ltr'><em>νυξὶν</em></span> <span class='ocrx_word' id='word_1_351' title='bbox 530 4355 789 4424; x_wconf 68' lang='grc' dir='ltr'>ἐζήτησα</span> <span class='ocrx_word' id='word_1_352' title='bbox 831 4357 905 4410; x_wconf 76' lang='grc' dir='ltr'><strong>ὃν</strong></span> <span class='ocrx_word' id='word_1_353' title='bbox 942 4358 1262 4427; x_wconf 74' lang='grc' dir='ltr'><strong>ἠγάπησεν</strong></span> <span class='ocrx_word' id='word_1_354' title='bbox 1287 4362 1325 4428; x_wconf 74' lang='grc' dir='ltr'><em>ἠ</em></span> <span class='ocrx_word' id='word_1_355' title='bbox 1353 4361 1523 4430; x_wconf 68' lang='grc' dir='ltr'><strong>ψυχή</strong></span> <span class='ocrx_word' id='word_1_356' title='bbox 1561 4379 1701 4430; x_wconf 83' lang='grc' dir='ltr'>μου.</span> <span class='ocrx_word' id='word_1_357' title='bbox 1741 4359 1898 4430; x_wconf 64' lang='grc' dir='ltr'><strong>Ἐξῆ-</strong></span> 
     </span>
    </p>
   </div>
   <div class='ocr_carea' id='block_1_48' title="bbox 2020 527 3600 600">
    <p class='ocr_par' dir='ltr' id='par_1_48' title="bbox 2020 527 3600 600">
     <span class='ocr_line' id='line_1_48' title="bbox 2020 527 3600 600; baseline 0.002 -18"><span class='ocrx_word' id='word_1_358' title='bbox 2020 545 2139 600; x_wconf 73' lang='lat' dir='ltr'><strong>qua:</strong></span> <span class='ocrx_word' id='word_1_359' title='bbox 2177 531 2512 600; x_wconf 83' lang='lat' dir='ltr'><strong>pertingeret</strong></span> <span class='ocrx_word' id='word_1_360' title='bbox 2548 543 2720 598; x_wconf 91' lang='lat' dir='ltr'><strong>usque</strong></span> <span class='ocrx_word' id='word_1_361' title='bbox 2753 527 2819 580; x_wconf 87' lang='lat' dir='ltr'><strong>ad</strong></span> <span class='ocrx_word' id='word_1_362' title='bbox 2850 527 2900 584; x_wconf 88' lang='lat' dir='ltr'><strong>id</strong></span> <span class='ocrx_word' id='word_1_363' title='bbox 2937 528 3083 597; x_wconf 85' lang='lat' dir='ltr'><strong>quod</strong></span> <span class='ocrx_word' id='word_1_364' title='bbox 3113 529 3402 598; x_wconf 63' lang='lat' dir='ltr'><strong>quaeritur.</strong></span> <span class='ocrx_word' id='word_1_365' title='bbox 3453 530 3600 598; x_wconf 66' lang='lat' dir='ltr'><strong>Quo«</strong></span> 
     </span>
    </p>
   </div>
   <div class='ocr_carea' id='block_1_49' title="bbox 2020 621 3598 692">
    <p class='ocr_par' dir='ltr' id='par_1_49' title="bbox 2020 621 3598 692">
     <span class='ocr_line' id='line_1_49' title="bbox 2020 621 3598 692; baseline 0.003 -19"><span class='ocrx_word' id='word_1_366' title='bbox 2020 622 2182 673; x_wconf 82' lang='lat' dir='ltr'><strong>modo</strong></span> <span class='ocrx_word' id='word_1_367' title='bbox 2213 621 2356 674; x_wconf 90' lang='lat' dir='ltr'><strong>enim</strong></span> <span class='ocrx_word' id='word_1_368' title='bbox 2392 621 2484 688; x_wconf 89' lang='lat' dir='ltr'><strong>qui</strong></span> <span class='ocrx_word' id='word_1_369' title='bbox 2513 627 2596 673; x_wconf 86' lang='lat' dir='ltr'><strong>est</strong></span> <span class='ocrx_word' id='word_1_370' title='bbox 2623 635 2787 689; x_wconf 83' lang='lat' dir='ltr'><strong>supra</strong></span> <span class='ocrx_word' id='word_1_371' title='bbox 2815 635 2977 674; x_wconf 89' lang='lat' dir='ltr'><strong>omne</strong></span> <span class='ocrx_word' id='word_1_372' title='bbox 3004 636 3223 684; x_wconf 88' lang='lat' dir='ltr'><strong>nomen,</strong></span> <span class='ocrx_word' id='word_1_373' title='bbox 3255 621 3434 676; x_wconf 74' lang='lat' dir='ltr'><strong>efferri</strong></span> <span class='ocrx_word' id='word_1_374' title='bbox 3473 639 3598 692; x_wconf 85' lang='lat' dir='ltr'><strong>pos-</strong></span> 
     </span>
    </p>
   </div>
   <div class='ocr_carea' id='block_1_50' title="bbox 2021 711 3594 778">
    <p class='ocr_par' dir='ltr' id='par_1_50' title="bbox 2021 711 3594 778">
     <span class='ocr_line' id='line_1_50' title="bbox 2021 711 3594 778; baseline 0.003 -16"><span class='ocrx_word' id='word_1_375' title='bbox 2021 712 2090 762; x_wconf 85' lang='lat' dir='ltr'><strong>sit</strong></span> <span class='ocrx_word' id='word_1_376' title='bbox 2125 726 2217 778; x_wconf 81' lang='lat' dir='ltr'><strong>per</strong></span> <span class='ocrx_word' id='word_1_377' title='bbox 2272 713 2613 763; x_wconf 74' lang='lat' dir='ltr'><strong>vocationem</strong></span> <span class='ocrx_word' id='word_1_378' title='bbox 2671 711 2956 764; x_wconf 77' lang='lat' dir='ltr'><strong>noininis?</strong></span> <span class='ocrx_word' id='word_1_379' title='bbox 3005 711 3368 776; x_wconf 80' lang='lat' dir='ltr'><strong>Quamobrem</strong></span> <span class='ocrx_word' id='word_1_380' title='bbox 3426 714 3594 778; x_wconf 87' lang='lat' dir='ltr'><strong>dicit,</strong></span> 
     </span>
    </p>
   </div>
   <div class='ocr_carea' id='block_1_51' title="bbox 2037 801 3595 874">
    <p class='ocr_par' dir='ltr' id='par_1_51' title="bbox 2037 801 3595 874">
     <span class='ocr_line' id='line_1_51' title="bbox 2037 801 3595 874; baseline 0.004 -21"><span class='ocrx_word' id='word_1_381' title='bbox 2037 801 2226 854; x_wconf 70' lang='lat' dir='ltr'><strong>Veraci</strong></span> <span class='ocrx_word' id='word_1_382' title='bbox 2257 805 2510 868; x_wconf 58' lang='lat' dir='ltr'><strong>ipsumet</strong></span> <span class='ocrx_word' id='word_1_383' title='bbox 2533 819 2633 854; x_wconf 83' lang='lat' dir='ltr'><strong>non</strong></span> <span class='ocrx_word' id='word_1_384' title='bbox 2665 803 2835 856; x_wconf 84' lang='lat' dir='ltr'><strong>audiit</strong></span> <span class='ocrx_word' id='word_1_385' title='bbox 2871 819 2970 855; x_wconf 85' lang='lat' dir='ltr'><strong>me.</strong></span> <span class='ocrx_word' id='word_1_386' title='bbox 3001 801 3156 858; x_wconf 85' lang='lat' dir='ltr'><strong>Tune</strong></span> <span class='ocrx_word' id='word_1_387' title='bbox 3189 805 3416 874; x_wconf 74' lang='lat' dir='ltr'><strong>cognm&#39;i</strong></span> <span class='ocrx_word' id='word_1_388' title='bbox 3447 804 3595 874; x_wconf 86' lang='lat' dir='ltr'><strong>quod</strong></span> 
     </span>
    </p>
   </div>
   <div class='ocr_carea' id='block_1_52' title="bbox 2022 894 3590 964">
    <p class='ocr_par' dir='ltr' id='par_1_52' title="bbox 2022 894 3590 964">
     <span class='ocr_line' id='line_1_52' title="bbox 2022 894 3590 964; baseline 0.004 -20"><span class='ocrx_word' id='word_1_389' title='bbox 2022 894 2458 961; x_wconf 47' lang='lat' dir='ltr'><strong>magniﬁcentia),</strong></span> <span class='ocrx_word' id='word_1_390' title='bbox 2488 894 2696 962; x_wconf 70' lang='lat' dir='ltr'><strong>glorim,</strong></span> <span class='ocrx_word' id='word_1_391' title='bbox 2717 894 3162 964; x_wconf 83' lang='lat' dir='ltr'><strong>sanctitatiscjus</strong></span> <span class='ocrx_word' id='word_1_392' title='bbox 3187 912 3293 950; x_wconf 91' lang='lat' dir='ltr'><strong>non</strong></span> <span class='ocrx_word' id='word_1_393' title='bbox 3323 903 3400 951; x_wconf 83' lang='lat' dir='ltr'><strong>est</strong></span> <span class='ocrx_word' id='word_1_394' title='bbox 3443 897 3590 952; x_wconf 88' lang='lat' dir='ltr'><strong>linis.</strong></span> 
     </span>
    </p>
   </div>
   <div class='ocr_carea' id='block_1_53' title="bbox 2020 981 3591 1058">
    <p class='ocr_par' dir='ltr' id='par_1_53' title="bbox 2020 981 3591 1058">
     <span class='ocr_line' id='line_1_53' title="bbox 2020 981 3591 1058; baseline 0.006 -27"><span class='ocrx_word' id='word_1_395' title='bbox 2020 981 2382 1046; x_wconf 71' lang='lat' dir='ltr'><strong>Quamobrem</strong></span> <span class='ocrx_word' id='word_1_396' title='bbox 2428 984 2542 1052; x_wconf 86' lang='lat' dir='ltr'><strong>ipsa</strong></span> <span class='ocrx_word' id='word_1_397' title='bbox 2582 999 2775 1037; x_wconf 85' lang='lat' dir='ltr'><strong>rursus</strong></span> <span class='ocrx_word' id='word_1_398' title='bbox 2826 986 3092 1054; x_wconf 81' lang='lat' dir='ltr'><strong>exsurgit,</strong></span> <span class='ocrx_word' id='word_1_399' title='bbox 3154 994 3208 1039; x_wconf 84' lang='lat' dir='ltr'><strong>et</strong></span> <span class='ocrx_word' id='word_1_400' title='bbox 3238 987 3351 1040; x_wconf 90' lang='lat' dir='ltr'><strong>obit</strong></span> <span class='ocrx_word' id='word_1_401' title='bbox 3381 989 3591 1058; x_wconf 83' lang='lat' dir='ltr'><strong>c0gita-</strong></span> 
     </span>
    </p>
   </div>
   <div class='ocr_carea' id='block_1_54' title="bbox 2023 1073 3592 1148">
    <p class='ocr_par' dir='ltr' id='par_1_54' title="bbox 2023 1073 3592 1148">
     <span class='ocr_line' id='line_1_54' title="bbox 2023 1073 3592 1148; baseline 0.006 -24"><span class='ocrx_word' id='word_1_402' title='bbox 2023 1073 2168 1126; x_wconf 88' lang='lat' dir='ltr'><strong>tione</strong></span> <span class='ocrx_word' id='word_1_403' title='bbox 2196 1073 2720 1141; x_wconf 71' lang='lat' dir='ltr'><strong>supramundanam.</strong></span> <span class='ocrx_word' id='word_1_404' title='bbox 2749 1084 2800 1126; x_wconf 79' lang='lat' dir='ltr'><strong>et</strong></span> <span class='ocrx_word' id='word_1_405' title='bbox 2832 1092 2952 1144; x_wconf 58' lang='lat' dir='ltr'><strong>qua;</strong></span> <span class='ocrx_word' id='word_1_406' title='bbox 2979 1077 3333 1146; x_wconf 82' lang='lat' dir='ltr'><strong>intelligentia</strong></span> <span class='ocrx_word' id='word_1_407' title='bbox 3359 1079 3592 1148; x_wconf 82' lang='lat' dir='ltr'><strong>percipi-</strong></span> 
     </span>
    </p>
   </div>
   <div class='ocr_carea' id='block_1_55' title="bbox 2021 1168 3592 1240">
    <p class='ocr_par' dir='ltr' id='par_1_55' title="bbox 2021 1168 3592 1240">
     <span class='ocr_line' id='line_1_55' title="bbox 2021 1168 3592 1240; baseline 0.006 -23"><span class='ocrx_word' id='word_1_408' title='bbox 2021 1171 2126 1226; x_wconf 88' lang='lat' dir='ltr'><strong>tur,</strong></span> <span class='ocrx_word' id='word_1_409' title='bbox 2165 1176 2436 1228; x_wconf 85' lang='lat' dir='ltr'><strong>naturam,</strong></span> <span class='ocrx_word' id='word_1_410' title='bbox 2477 1182 2638 1234; x_wconf 91' lang='lat' dir='ltr'><strong>quam</strong></span> <span class='ocrx_word' id='word_1_411' title='bbox 2673 1177 2828 1219; x_wconf 90' lang='lat' dir='ltr'><strong>vocat</strong></span> <span class='ocrx_word' id='word_1_412' title='bbox 2868 1168 3170 1235; x_wconf 85' lang='lat' dir='ltr'><strong>civitatem,</strong></span> <span class='ocrx_word' id='word_1_413' title='bbox 3209 1169 3261 1223; x_wconf 92' lang='lat' dir='ltr'><strong>in</strong></span> <span class='ocrx_word' id='word_1_414' title='bbox 3326 1187 3432 1240; x_wconf 87' lang='lat' dir='ltr'><strong>qua</strong></span> <span class='ocrx_word' id='word_1_415' title='bbox 3462 1179 3592 1226; x_wconf 84' lang='lat' dir='ltr'><strong>sunt</strong></span> 
     </span>
    </p>
   </div>
   <div class='ocr_carea' id='block_1_56' title="bbox 2020 1256 3592 1329">
    <p class='ocr_par' dir='ltr' id='par_1_56' title="bbox 2020 1256 3592 1329">
     <span class='ocr_line' id='line_1_56' title="bbox 2020 1256 3592 1329; baseline 0.007 -23"><span class='ocrx_word' id='word_1_416' title='bbox 2020 1256 2356 1324; x_wconf 79' lang='lat' dir='ltr'><strong>principatus</strong></span> <span class='ocrx_word' id='word_1_417' title='bbox 2388 1265 2440 1309; x_wconf 90' lang='lat' dir='ltr'><strong>et</strong></span> <span class='ocrx_word' id='word_1_418' title='bbox 2469 1256 2886 1318; x_wconf 73' lang='lat' dir='ltr'><strong>dominationes,</strong></span> <span class='ocrx_word' id='word_1_419' title='bbox 2935 1274 2996 1311; x_wconf 91' lang='lat' dir='ltr'><strong>ac</strong></span> <span class='ocrx_word' id='word_1_420' title='bbox 3042 1261 3402 1329; x_wconf 85' lang='lat' dir='ltr'><strong>potestatibus</strong></span> <span class='ocrx_word' id='word_1_421' title='bbox 3451 1265 3592 1317; x_wconf 80' lang='lat' dir='ltr'><strong>assi-</strong></span> 
     </span>
    </p>
   </div>
   <div class='ocr_carea' id='block_1_57' title="bbox 2019 1347 3587 1419">
    <p class='ocr_par' dir='ltr' id='par_1_57' title="bbox 2019 1347 3587 1419">
     <span class='ocr_line' id='line_1_57' title="bbox 2019 1347 3587 1419; baseline 0.006 -24"><span class='ocrx_word' id='word_1_422' title='bbox 2019 1347 2163 1414; x_wconf 83' lang='lat' dir='ltr'><strong>gnati</strong></span> <span class='ocrx_word' id='word_1_423' title='bbox 2199 1347 2400 1405; x_wconf 79' lang='lat' dir='ltr'><strong>throni,</strong></span> <span class='ocrx_word' id='word_1_424' title='bbox 2438 1359 2491 1400; x_wconf 87' lang='lat' dir='ltr'><strong>et</strong></span> <span class='ocrx_word' id='word_1_425' title='bbox 2521 1349 2824 1400; x_wconf 68' lang='lat' dir='ltr'><strong>cmlestium</strong></span> <span class='ocrx_word' id='word_1_426' title='bbox 2859 1358 3179 1413; x_wconf 87' lang='lat' dir='ltr'><strong>conventus,</strong></span> <span class='ocrx_word' id='word_1_427' title='bbox 3215 1365 3374 1419; x_wconf 85' lang='lat' dir='ltr'><strong>quem</strong></span> <span class='ocrx_word' id='word_1_428' title='bbox 3411 1354 3587 1405; x_wconf 89' lang='lat' dir='ltr'><strong>lorum</strong></span> 
     </span>
    </p>
   </div>
   <div class='ocr_carea' id='block_1_58' title="bbox 2019 1437 3589 1509">
    <p class='ocr_par' dir='ltr' id='par_1_58' title="bbox 2019 1437 3589 1509">
     <span class='ocr_line' id='line_1_58' title="bbox 2019 1437 3589 1509; baseline 0.003 -19"><span class='ocrx_word' id='word_1_429' title='bbox 2019 1437 2283 1500; x_wconf 86' lang='lat' dir='ltr'><strong>nominat,</strong></span> <span class='ocrx_word' id='word_1_430' title='bbox 2316 1446 2370 1490; x_wconf 81' lang='lat' dir='ltr'><strong>et</strong></span> <span class='ocrx_word' id='word_1_431' title='bbox 2395 1437 2970 1506; x_wconf 86' lang='lat' dir='ltr'><strong>incomprehensibilis</strong></span> <span class='ocrx_word' id='word_1_432' title='bbox 3013 1455 3242 1494; x_wconf 87' lang='lat' dir='ltr'><strong>numero</strong></span> <span class='ocrx_word' id='word_1_433' title='bbox 3277 1443 3589 1509; x_wconf 61' lang='lat' dir='ltr'><strong>multitudo,</strong></span> 
     </span>
    </p>
   </div>
   <div class='ocr_carea' id='block_1_59' title="bbox 2017 1527 3590 1596">
    <p class='ocr_par' dir='ltr' id='par_1_59' title="bbox 2017 1527 3590 1596">
     <span class='ocr_line' id='line_1_59' title="bbox 2017 1527 3590 1596; baseline 0.007 -22"><span class='ocrx_word' id='word_1_434' title='bbox 2017 1541 2177 1595; x_wconf 83' lang='lat' dir='ltr'><strong>quam</strong></span> <span class='ocrx_word' id='word_1_435' title='bbox 2215 1527 2483 1595; x_wconf 89' lang='lat' dir='ltr'><strong>signilicat</strong></span> <span class='ocrx_word' id='word_1_436' title='bbox 2512 1529 2732 1581; x_wconf 88' lang='lat' dir='ltr'><strong>nomine</strong></span> <span class='ocrx_word' id='word_1_437' title='bbox 2767 1527 2978 1596; x_wconf 72' lang='lat' dir='ltr'><strong>plateaz,</strong></span> <span class='ocrx_word' id='word_1_438' title='bbox 3012 1544 3082 1582; x_wconf 87' lang='lat' dir='ltr'><strong>an</strong></span> <span class='ocrx_word' id='word_1_439' title='bbox 3124 1530 3176 1582; x_wconf 89' lang='lat' dir='ltr'><strong>in</strong></span> <span class='ocrx_word' id='word_1_440' title='bbox 3213 1531 3292 1584; x_wconf 89' lang='lat' dir='ltr'><strong>eis</strong></span> <span class='ocrx_word' id='word_1_441' title='bbox 3343 1531 3590 1585; x_wconf 81' lang='lat' dir='ltr'><strong>invenia-</strong></span> 
     </span>
    </p>
   </div>
   <div class='ocr_carea' id='block_1_60' title="bbox 2020 1618 3592 1691">
    <p class='ocr_par' dir='ltr' id='par_1_60' title="bbox 2020 1618 3592 1691">
     <span class='ocr_line' id='line_1_60' title="bbox 2020 1618 3592 1691; baseline 0.004 -20"><span class='ocrx_word' id='word_1_442' title='bbox 2020 1627 2107 1671; x_wconf 89' lang='lat' dir='ltr'><strong>tur</strong></span> <span class='ocrx_word' id='word_1_443' title='bbox 2140 1619 2187 1671; x_wconf 88' lang='lat' dir='ltr'><strong>id</strong></span> <span class='ocrx_word' id='word_1_444' title='bbox 2217 1619 2360 1687; x_wconf 87' lang='lat' dir='ltr'><strong>quod</strong></span> <span class='ocrx_word' id='word_1_445' title='bbox 2391 1618 2656 1688; x_wconf 77' lang='lat' dir='ltr'><strong>diligitur.</strong></span> <span class='ocrx_word' id='word_1_446' title='bbox 2715 1619 2894 1690; x_wconf 83' lang='lat' dir='ltr'><strong>Atque</strong></span> <span class='ocrx_word' id='word_1_447' title='bbox 2933 1622 3021 1673; x_wconf 87' lang='lat' dir='ltr'><strong>illa</strong></span> <span class='ocrx_word' id='word_1_448' title='bbox 3056 1621 3276 1691; x_wconf 84' lang='lat' dir='ltr'><strong>quidem</strong></span> <span class='ocrx_word' id='word_1_449' title='bbox 3335 1633 3592 1678; x_wconf 77' lang='lat' dir='ltr'><strong>scrutans</strong></span> 
     </span>
    </p>
   </div>
   <div class='ocr_carea' id='block_1_61' title="bbox 2019 1710 3592 1780">
    <p class='ocr_par' dir='ltr' id='par_1_61' title="bbox 2019 1710 3592 1780">
     <span class='ocr_line' id='line_1_61' title="bbox 2019 1710 3592 1780; baseline 0.006 -19"><span class='ocrx_word' id='word_1_450' title='bbox 2019 1710 2131 1762; x_wconf 91' lang='lat' dir='ltr'><strong>obit</strong></span> <span class='ocrx_word' id='word_1_451' title='bbox 2163 1724 2379 1763; x_wconf 86' lang='lat' dir='ltr'><strong>onmem</strong></span> <span class='ocrx_word' id='word_1_452' title='bbox 2419 1710 2726 1780; x_wconf 85' lang='lat' dir='ltr'><strong>angelicum</strong></span> <span class='ocrx_word' id='word_1_453' title='bbox 2758 1711 3084 1777; x_wconf 81' lang='lat' dir='ltr'><strong>exercitum,</strong></span> <span class='ocrx_word' id='word_1_454' title='bbox 3110 1721 3164 1766; x_wconf 88' lang='lat' dir='ltr'><strong>et</strong></span> <span class='ocrx_word' id='word_1_455' title='bbox 3193 1728 3316 1766; x_wconf 90' lang='lat' dir='ltr'><strong>cum</strong></span> <span class='ocrx_word' id='word_1_456' title='bbox 3347 1714 3400 1765; x_wconf 89' lang='lat' dir='ltr'><strong>in</strong></span> <span class='ocrx_word' id='word_1_457' title='bbox 3435 1715 3592 1770; x_wconf 88' lang='lat' dir='ltr'><strong>bonis</strong></span> 
     </span>
    </p>
   </div>
   <div class='ocr_carea' id='block_1_62' title="bbox 1948 1793 3590 1874">
    <p class='ocr_par' dir='ltr' id='par_1_62' title="bbox 1948 1793 3590 1874">
     <span class='ocr_line' id='line_1_62' title="bbox 1948 1793 3590 1874; baseline 0.006 -24"><span class='ocrx_word' id='word_1_458' title='bbox 1948 1793 1989 1850; x_wconf 86' lang='grc' dir='ltr'><strong><em>Β</em></strong></span> <span class='ocrx_word' id='word_1_459' title='bbox 2021 1802 2254 1854; x_wconf 71' lang='grc' dir='ltr'>ἱιινυιιιὶε</span> <span class='ocrx_word' id='word_1_460' title='bbox 2285 1818 2388 1855; x_wconf 89' lang='lat' dir='ltr'><strong>non</strong></span> <span class='ocrx_word' id='word_1_461' title='bbox 2417 1802 2647 1856; x_wconf 87' lang='lat' dir='ltr'><strong>vidisset</strong></span> <span class='ocrx_word' id='word_1_462' title='bbox 2674 1803 2726 1856; x_wconf 88' lang='lat' dir='ltr'><strong>id</strong></span> <span class='ocrx_word' id='word_1_463' title='bbox 2758 1803 2903 1872; x_wconf 89' lang='lat' dir='ltr'><strong>quod</strong></span> <span class='ocrx_word' id='word_1_464' title='bbox 2929 1803 3294 1872; x_wconf 68' lang='lat' dir='ltr'><strong>qumrebatur,</strong></span> <span class='ocrx_word' id='word_1_465' title='bbox 3327 1806 3427 1858; x_wconf 91' lang='lat' dir='ltr'><strong>hoc</strong></span> <span class='ocrx_word' id='word_1_466' title='bbox 3449 1807 3590 1874; x_wconf 86' lang='lat' dir='ltr'><strong>apud</strong></span> 
     </span>
    </p>
   </div>
   <div class='ocr_carea' id='block_1_63' title="bbox 2015 1891 3586 1967">
    <p class='ocr_par' dir='ltr' id='par_1_63' title="bbox 2015 1891 3586 1967">
     <span class='ocr_line' id='line_1_63' title="bbox 2015 1891 3586 1967; baseline 0.003 -22"><span class='ocrx_word' id='word_1_467' title='bbox 2015 1909 2073 1946; x_wconf 85' lang='lat' dir='ltr'><strong>se</strong></span> <span class='ocrx_word' id='word_1_468' title='bbox 2102 1891 2546 1962; x_wconf 81' lang='lat' dir='ltr'><strong>cogitavitzNutn</strong></span> <span class='ocrx_word' id='word_1_469' title='bbox 2579 1895 2970 1963; x_wconf 79' lang='lat' dir='ltr'><strong>comprehendi</strong></span> <span class='ocrx_word' id='word_1_470' title='bbox 3001 1903 3182 1964; x_wconf 86' lang='lat' dir='ltr'><strong>potest</strong></span> <span class='ocrx_word' id='word_1_471' title='bbox 3213 1895 3344 1950; x_wconf 90' lang='lat' dir='ltr'><strong>illud</strong></span> <span class='ocrx_word' id='word_1_472' title='bbox 3379 1897 3521 1967; x_wconf 87' lang='lat' dir='ltr'><strong>quod</strong></span> <span class='ocrx_word' id='word_1_473' title='bbox 3556 1914 3586 1950; x_wconf 87' lang='lat' dir='ltr'><strong>a</strong></span> 
     </span>
    </p>
   </div>
   <div class='ocr_carea' id='block_1_64' title="bbox 2015 1983 3586 2060">
    <p class='ocr_par' dir='ltr' id='par_1_64' title="bbox 2015 1983 3586 2060">
     <span class='ocr_line' id='line_1_64' title="bbox 2015 1983 3586 2060; baseline 0.004 -26"><span class='ocrx_word' id='word_1_474' title='bbox 2015 1999 2099 2037; x_wconf 88' lang='lat' dir='ltr'><strong>me</strong></span> <span class='ocrx_word' id='word_1_475' title='bbox 2126 1983 2404 2052; x_wconf 78' lang='lat' dir='ltr'><strong>diligitur?</strong></span> <span class='ocrx_word' id='word_1_476' title='bbox 2427 1991 2482 2037; x_wconf 88' lang='lat' dir='ltr'><strong>et</strong></span> <span class='ocrx_word' id='word_1_477' title='bbox 2519 1983 2653 2037; x_wconf 88' lang='lat' dir='ltr'><strong>dicit</strong></span> <span class='ocrx_word' id='word_1_478' title='bbox 2681 1985 2761 2038; x_wconf 89' lang='lat' dir='ltr'><strong>eis</strong></span> <span class='ocrx_word' id='word_1_479' title='bbox 2793 2002 2808 2038; x_wconf 89' lang='lat'><strong>:</strong></span> <span class='ocrx_word' id='word_1_480' title='bbox 2837 1983 3094 2054; x_wconf 80' lang='lat' dir='ltr'><strong>Nunquid</strong></span> <span class='ocrx_word' id='word_1_481' title='bbox 3120 2002 3207 2039; x_wconf 83' lang='lat' dir='ltr'><strong>vos</strong></span> <span class='ocrx_word' id='word_1_482' title='bbox 3239 2002 3387 2055; x_wconf 83' lang='lat' dir='ltr'><strong>quem</strong></span> <span class='ocrx_word' id='word_1_483' title='bbox 3415 1988 3586 2060; x_wconf 82' lang='lat' dir='ltr'><strong>diligit</strong></span> 
     </span>
    </p>
   </div>
   <div class='ocr_carea' id='block_1_65' title="bbox 2013 2075 3585 2134">
    <p class='ocr_par' dir='ltr' id='par_1_65' title="bbox 2013 2075 3585 2134">
     <span class='ocr_line' id='line_1_65' title="bbox 2013 2075 3585 2134; baseline 0.004 -10"><span class='ocrx_word' id='word_1_484' title='bbox 2013 2075 2192 2126; x_wconf 84' lang='lat' dir='ltr'><strong>anima</strong></span> <span class='ocrx_word' id='word_1_485' title='bbox 2224 2091 2362 2134; x_wconf 88' lang='lat' dir='ltr'><strong>mea.</strong></span> <span class='ocrx_word' id='word_1_486' title='bbox 2393 2075 2637 2131; x_wconf 74' lang='lat' dir='ltr'><strong>uidistis?</strong></span> <span class='ocrx_word' id='word_1_487' title='bbox 2683 2075 2818 2128; x_wconf 83' lang='lat' dir='ltr'><strong>Cum</strong></span> <span class='ocrx_word' id='word_1_488' title='bbox 2867 2083 3046 2129; x_wconf 86' lang='lat' dir='ltr'><strong>autem</strong></span> <span class='ocrx_word' id='word_1_489' title='bbox 3085 2076 3162 2130; x_wconf 91' lang='lat' dir='ltr'><strong>illi</strong></span> <span class='ocrx_word' id='word_1_490' title='bbox 3191 2079 3490 2133; x_wconf 81' lang='lat' dir='ltr'><strong>tacuissent</strong></span> <span class='ocrx_word' id='word_1_491' title='bbox 3519 2080 3585 2132; x_wconf 88' lang='lat' dir='ltr'><strong>ad</strong></span> 
     </span>
    </p>
   </div>
   <div class='ocr_carea' id='block_1_66' title="bbox 2011 2165 3587 2235">
    <p class='ocr_par' dir='ltr' id='par_1_66' title="bbox 2011 2165 3587 2235">
     <span class='ocr_line' id='line_1_66' title="bbox 2011 2165 3587 2235; baseline 0.003 -17"><span class='ocrx_word' id='word_1_492' title='bbox 2011 2179 2128 2218; x_wconf 87' lang='lat' dir='ltr'><strong>eam</strong></span> <span class='ocrx_word' id='word_1_493' title='bbox 2181 2165 2682 2235; x_wconf 78' lang='lat' dir='ltr'><strong>interrogationem,</strong></span> <span class='ocrx_word' id='word_1_494' title='bbox 2737 2175 2790 2220; x_wconf 92' lang='lat' dir='ltr'><strong>et</strong></span> <span class='ocrx_word' id='word_1_495' title='bbox 2829 2167 3048 2221; x_wconf 81' lang='lat' dir='ltr'><strong>silentio</strong></span> <span class='ocrx_word' id='word_1_496' title='bbox 3099 2169 3434 2224; x_wconf 83' lang='lat' dir='ltr'><strong>iudicassent</strong></span> <span class='ocrx_word' id='word_1_497' title='bbox 3481 2169 3587 2226; x_wconf 89' lang='lat' dir='ltr'><strong>illis</strong></span> 
     </span>
    </p>
   </div>
   <div class='ocr_carea' id='block_1_67' title="bbox 2011 2257 3586 2330">
    <p class='ocr_par' dir='ltr' id='par_1_67' title="bbox 2011 2257 3586 2330">
     <span class='ocr_line' id='line_1_67' title="bbox 2011 2257 3586 2330; baseline 0.006 -27"><span class='ocrx_word' id='word_1_498' title='bbox 2011 2271 2226 2324; x_wconf 84' lang='lat' dir='ltr'><strong>quoque</strong></span> <span class='ocrx_word' id='word_1_499' title='bbox 2253 2273 2374 2311; x_wconf 84' lang='lat' dir='ltr'><strong>esse</strong></span> <span class='ocrx_word' id='word_1_500' title='bbox 2425 2257 2980 2326; x_wconf 82' lang='lat' dir='ltr'><strong>incomprehensibile</strong></span> <span class='ocrx_word' id='word_1_501' title='bbox 3047 2258 3098 2312; x_wconf 93' lang='lat' dir='ltr'><strong>id</strong></span> <span class='ocrx_word' id='word_1_502' title='bbox 3155 2259 3302 2328; x_wconf 91' lang='lat' dir='ltr'><strong>quod</strong></span> <span class='ocrx_word' id='word_1_503' title='bbox 3339 2260 3408 2313; x_wconf 90' lang='lat' dir='ltr'><strong>ab</strong></span> <span class='ocrx_word' id='word_1_504' title='bbox 3468 2261 3586 2330; x_wconf 88' lang='lat' dir='ltr'><strong>ipsa</strong></span> 
     </span>
    </p>
   </div>
   <div class='ocr_carea' id='block_1_68' title="bbox 2011 2347 3587 2421">
    <p class='ocr_par' dir='ltr' id='par_1_68' title="bbox 2011 2347 3587 2421">
     <span class='ocr_line' id='line_1_68' title="bbox 2011 2347 3587 2421; baseline 0.004 -23"><span class='ocrx_word' id='word_1_505' title='bbox 2011 2348 2300 2415; x_wconf 63' lang='lat' dir='ltr'><strong>quaeritur;</strong></span> <span class='ocrx_word' id='word_1_506' title='bbox 2335 2357 2623 2417; x_wconf 87' lang='lat' dir='ltr'><strong>postquam</strong></span> <span class='ocrx_word' id='word_1_507' title='bbox 2663 2347 2826 2402; x_wconf 89' lang='lat' dir='ltr'><strong>nimis</strong></span> <span class='ocrx_word' id='word_1_508' title='bbox 2883 2349 3104 2402; x_wconf 85' lang='lat' dir='ltr'><strong>curioso</strong></span> <span class='ocrx_word' id='word_1_509' title='bbox 3159 2351 3340 2404; x_wconf 81' lang='lat' dir='ltr'><strong>studio</strong></span> <span class='ocrx_word' id='word_1_510' title='bbox 3375 2353 3587 2421; x_wconf 80' lang='lat' dir='ltr'><strong>cogita-</strong></span> 
     </span>
    </p>
   </div>
   <div class='ocr_carea' id='block_1_69' title="bbox 2011 2439 3584 2508">
    <p class='ocr_par' dir='ltr' id='par_1_69' title="bbox 2011 2439 3584 2508">
     <span class='ocr_line' id='line_1_69' title="bbox 2011 2439 3584 2508; baseline 0.005 -19"><span class='ocrx_word' id='word_1_511' title='bbox 2011 2441 2176 2491; x_wconf 80' lang='lat' dir='ltr'><strong>toais</strong></span> <span class='ocrx_word' id='word_1_512' title='bbox 2207 2439 2514 2508; x_wconf 80' lang='lat' dir='ltr'><strong>peragravit</strong></span> <span class='ocrx_word' id='word_1_513' title='bbox 2549 2439 2695 2490; x_wconf 89' lang='lat' dir='ltr'><strong>illam</strong></span> <span class='ocrx_word' id='word_1_514' title='bbox 2727 2439 3231 2508; x_wconf 88' lang='lat' dir='ltr'><strong>supramundanam</strong></span> <span class='ocrx_word' id='word_1_515' title='bbox 3268 2442 3544 2496; x_wconf 87' lang='lat' dir='ltr'><strong>civitatem</strong></span> <span class='ocrx_word' id='word_1_516' title='bbox 3568 2483 3584 2508; x_wconf 85' lang='lat'><strong>,</strong></span> 
     </span>
    </p>
   </div>
   <div class='ocr_carea' id='block_1_70' title="bbox 2013 2529 3586 2600">
    <p class='ocr_par' dir='ltr' id='par_1_70' title="bbox 2013 2529 3586 2600">
     <span class='ocr_line' id='line_1_70' title="bbox 2013 2529 3586 2600; baseline 0.004 -18"><span class='ocrx_word' id='word_1_517' title='bbox 2013 2541 2138 2582; x_wconf 88' lang='lat' dir='ltr'><strong>tunc</strong></span> <span class='ocrx_word' id='word_1_518' title='bbox 2205 2530 2394 2582; x_wconf 83' lang='lat' dir='ltr'><strong>relicto</strong></span> <span class='ocrx_word' id='word_1_519' title='bbox 2431 2529 2686 2584; x_wconf 82' lang='lat' dir='ltr'><strong>unchI‘so</strong></span> <span class='ocrx_word' id='word_1_520' title='bbox 2732 2533 2876 2600; x_wconf 88' lang='lat' dir='ltr'><strong>quod</strong></span> <span class='ocrx_word' id='word_1_521' title='bbox 2947 2531 3348 2595; x_wconf 81' lang='lat' dir='ltr'><strong>inveniebatur,</strong></span> <span class='ocrx_word' id='word_1_522' title='bbox 3385 2533 3458 2587; x_wconf 88' lang='lat' dir='ltr'><strong>ita</strong></span> <span class='ocrx_word' id='word_1_523' title='bbox 3493 2550 3586 2588; x_wconf 81' lang='lat' dir='ltr'><strong>co-</strong></span> 
     </span>
    </p>
   </div>
   <div class='ocr_carea' id='block_1_71' title="bbox 2012 2619 3588 2695">
    <p class='ocr_par' dir='ltr' id='par_1_71' title="bbox 2012 2619 3588 2695">
     <span class='ocr_line' id='line_1_71' title="bbox 2012 2619 3588 2695; baseline 0.006 -24"><span class='ocrx_word' id='word_1_524' title='bbox 2012 2621 2198 2686; x_wconf 80' lang='lat' dir='ltr'><strong>gnovit</strong></span> <span class='ocrx_word' id='word_1_525' title='bbox 2232 2619 2282 2673; x_wconf 90' lang='lat' dir='ltr'><strong>id</strong></span> <span class='ocrx_word' id='word_1_526' title='bbox 2313 2620 2458 2689; x_wconf 89' lang='lat' dir='ltr'><strong>quod</strong></span> <span class='ocrx_word' id='word_1_527' title='bbox 2501 2622 2871 2690; x_wconf 69' lang='lat' dir='ltr'><strong>quauebalur,</strong></span> <span class='ocrx_word' id='word_1_528' title='bbox 2907 2632 2964 2675; x_wconf 91' lang='lat' dir='ltr'><strong>ut</strong></span> <span class='ocrx_word' id='word_1_529' title='bbox 2988 2623 3037 2676; x_wconf 95' lang='lat' dir='ltr'><strong>ei</strong></span> <span class='ocrx_word' id='word_1_530' title='bbox 3073 2623 3270 2690; x_wconf 89' lang='lat' dir='ltr'><strong>solum,</strong></span> <span class='ocrx_word' id='word_1_531' title='bbox 3315 2626 3459 2695; x_wconf 90' lang='lat' dir='ltr'><strong>quod</strong></span> <span class='ocrx_word' id='word_1_532' title='bbox 3503 2626 3588 2681; x_wconf 88' lang='lat' dir='ltr'><strong>iu-</strong></span> 
     </span>
    </p>
   </div>
   <div class='ocr_carea' id='block_1_72' title="bbox 1949 2711 3587 2784">
    <p class='ocr_par' dir='ltr' id='par_1_72' title="bbox 1949 2711 3587 2784">
     <span class='ocr_line' id='line_1_72' title="bbox 1949 2711 3587 2784; baseline 0.007 -23"><span class='ocrx_word' id='word_1_533' title='bbox 1949 2725 1956 2737; x_wconf 84' lang='grc'><em>’</em></span> <span class='ocrx_word' id='word_1_534' title='bbox 2010 2711 2340 2778; x_wconf 76' lang='lat' dir='ltr'><strong>telligeretur</strong></span> <span class='ocrx_word' id='word_1_535' title='bbox 2368 2729 2474 2765; x_wconf 90' lang='lat' dir='ltr'><strong>non</strong></span> <span class='ocrx_word' id='word_1_536' title='bbox 2511 2727 2672 2782; x_wconf 85' lang='lat' dir='ltr'><strong>posse</strong></span> <span class='ocrx_word' id='word_1_537' title='bbox 2703 2713 3114 2782; x_wconf 87' lang='lat' dir='ltr'><strong>comprehendi,</strong></span> <span class='ocrx_word' id='word_1_538' title='bbox 3161 2725 3587 2784; x_wconf 75' lang='lat' dir='ltr'><strong>cognosceretur</strong></span> 
     </span>
    </p>
   </div>
   <div class='ocr_carea' id='block_1_73' title="bbox 2008 2803 3587 2877">
    <p class='ocr_par' dir='ltr' id='par_1_73' title="bbox 2008 2803 3587 2877">
     <span class='ocr_line' id='line_1_73' title="bbox 2008 2803 3587 2877; baseline 0.006 -23"><span class='ocrx_word' id='word_1_539' title='bbox 2008 2817 2148 2866; x_wconf 79' lang='lat' dir='ltr'><strong>esse,</strong></span> <span class='ocrx_word' id='word_1_540' title='bbox 2181 2803 2339 2870; x_wconf 90' lang='lat' dir='ltr'><strong>cujus</strong></span> <span class='ocrx_word' id='word_1_541' title='bbox 2381 2819 2542 2857; x_wconf 86' lang='lat' dir='ltr'><strong>omne</strong></span> <span class='ocrx_word' id='word_1_542' title='bbox 2577 2805 2792 2873; x_wconf 86' lang='lat' dir='ltr'><strong>signum</strong></span> <span class='ocrx_word' id='word_1_543' title='bbox 2825 2819 2890 2857; x_wconf 89' lang='lat' dir='ltr'><strong>ac</strong></span> <span class='ocrx_word' id='word_1_544' title='bbox 2922 2805 3184 2860; x_wconf 87' lang='lat' dir='ltr'><strong>indicium</strong></span> <span class='ocrx_word' id='word_1_545' title='bbox 3223 2810 3587 2877; x_wconf 79' lang='lat' dir='ltr'><strong>comprehcn-</strong></span> 
     </span>
    </p>
   </div>
   <div class='ocr_carea' id='block_1_74' title="bbox 2008 2888 3585 2968">
    <p class='ocr_par' dir='ltr' id='par_1_74' title="bbox 2008 2888 3585 2968">
     <span class='ocr_line' id='line_1_74' title="bbox 2008 2888 3585 2968; baseline 0.009 -29"><span class='ocrx_word' id='word_1_546' title='bbox 2008 2888 2162 2953; x_wconf 81' lang='lat' dir='ltr'><strong>dens,</strong></span> <span class='ocrx_word' id='word_1_547' title='bbox 2212 2889 2271 2941; x_wconf 92' lang='lat' dir='ltr'><strong>ﬁt</strong></span> <span class='ocrx_word' id='word_1_548' title='bbox 2307 2889 2756 2959; x_wconf 89' lang='lat' dir='ltr'><strong>impedimentum</strong></span> <span class='ocrx_word' id='word_1_549' title='bbox 2797 2893 2862 2946; x_wconf 92' lang='lat' dir='ltr'><strong>iis</strong></span> <span class='ocrx_word' id='word_1_550' title='bbox 2907 2893 2996 2961; x_wconf 92' lang='lat' dir='ltr'><strong>qui</strong></span> <span class='ocrx_word' id='word_1_551' title='bbox 3048 2905 3302 2964; x_wconf 82' lang='lat' dir='ltr'><strong>qua-runt</strong></span> <span class='ocrx_word' id='word_1_552' title='bbox 3348 2899 3412 2950; x_wconf 87' lang='lat' dir='ltr'><strong>ad</strong></span> <span class='ocrx_word' id='word_1_553' title='bbox 3464 2899 3585 2968; x_wconf 88' lang='lat' dir='ltr'><strong>ejus</strong></span> 
     </span>
    </p>
   </div>
   <div class='ocr_carea' id='block_1_75' title="bbox 2008 2977 3584 3058">
    <p class='ocr_par' dir='ltr' id='par_1_75' title="bbox 2008 2977 3584 3058">
     <span class='ocr_line' id='line_1_75' title="bbox 2008 2977 3584 3058; baseline 0.01 -29"><span class='ocrx_word' id='word_1_554' title='bbox 2008 2977 2397 3033; x_wconf 73' lang='lat' dir='ltr'><strong>inventionem.</strong></span> <span class='ocrx_word' id='word_1_555' title='bbox 2433 2979 2723 3051; x_wconf 87' lang='lat' dir='ltr'><strong>Propterea</strong></span> <span class='ocrx_word' id='word_1_556' title='bbox 2755 2983 2888 3036; x_wconf 91' lang='lat' dir='ltr'><strong>dicit</strong></span> <span class='ocrx_word' id='word_1_557' title='bbox 2914 3002 2928 3038; x_wconf 90' lang='lat'><strong>:</strong></span> <span class='ocrx_word' id='word_1_558' title='bbox 2953 2984 3366 3054; x_wconf 84' lang='lat' dir='ltr'><strong>Quamprimum</strong></span> <span class='ocrx_word' id='word_1_559' title='bbox 3395 3005 3584 3058; x_wconf 84' lang='lat' dir='ltr'><strong>parum</strong></span> 
     </span>
    </p>
   </div>
   <div class='ocr_carea' id='block_1_76' title="bbox 2011 3071 3588 3148">
    <p class='ocr_par' dir='ltr' id='par_1_76' title="bbox 2011 3071 3588 3148">
     <span class='ocr_line' id='line_1_76' title="bbox 2011 3071 3588 3148; baseline 0.007 -26"><span class='ocrx_word' id='word_1_560' title='bbox 2011 3072 2078 3123; x_wconf 86' lang='lat' dir='ltr'><strong>ab</strong></span> <span class='ocrx_word' id='word_1_561' title='bbox 2103 3071 2184 3126; x_wconf 90' lang='lat' dir='ltr'><strong>eis</strong></span> <span class='ocrx_word' id='word_1_562' title='bbox 2223 3073 2438 3134; x_wconf 90' lang='lat' dir='ltr'><strong>transii,</strong></span> <span class='ocrx_word' id='word_1_563' title='bbox 2495 3074 2683 3129; x_wconf 88' lang='lat' dir='ltr'><strong>relicta</strong></span> <span class='ocrx_word' id='word_1_564' title='bbox 2735 3076 2882 3129; x_wconf 89' lang='lat' dir='ltr'><strong>omni</strong></span> <span class='ocrx_word' id='word_1_565' title='bbox 2950 3087 3220 3138; x_wconf 77' lang='lat' dir='ltr'><strong>creatura,</strong></span> <span class='ocrx_word' id='word_1_566' title='bbox 3255 3087 3310 3132; x_wconf 85' lang='lat' dir='ltr'><strong>et</strong></span> <span class='ocrx_word' id='word_1_567' title='bbox 3367 3093 3588 3148; x_wconf 69' lang='lat' dir='ltr'><strong>praater-</strong></span> 
     </span>
    </p>
   </div>
   <div class='ocr_carea' id='block_1_77' title="bbox 2005 3165 3586 3238">
    <p class='ocr_par' dir='ltr' id='par_1_77' title="bbox 2005 3165 3586 3238">
     <span class='ocr_line' id='line_1_77' title="bbox 2005 3165 3586 3238; baseline 0.005 -22"><span class='ocrx_word' id='word_1_568' title='bbox 2005 3165 2176 3219; x_wconf 80' lang='lat' dir='ltr'><strong>misso</strong></span> <span class='ocrx_word' id='word_1_569' title='bbox 2211 3166 2465 3218; x_wconf 87' lang='lat' dir='ltr'><strong>universo</strong></span> <span class='ocrx_word' id='word_1_570' title='bbox 2509 3166 2654 3234; x_wconf 90' lang='lat' dir='ltr'><strong>quod</strong></span> <span class='ocrx_word' id='word_1_571' title='bbox 2709 3165 3034 3236; x_wconf 76' lang='lat' dir='ltr'><strong>intelligitur</strong></span> <span class='ocrx_word' id='word_1_572' title='bbox 3101 3169 3154 3220; x_wconf 93' lang='lat' dir='ltr'><strong>in</strong></span> <span class='ocrx_word' id='word_1_573' title='bbox 3195 3180 3490 3238; x_wconf 75' lang='lat' dir='ltr'><strong>creatura;</strong></span> <span class='ocrx_word' id='word_1_574' title='bbox 3532 3181 3586 3225; x_wconf 81' lang='lat' dir='ltr'><strong>et</strong></span> 
     </span>
    </p>
   </div>
   <div class='ocr_carea' id='block_1_78' title="bbox 2005 3257 3585 3328">
    <p class='ocr_par' dir='ltr' id='par_1_78' title="bbox 2005 3257 3585 3328">
     <span class='ocr_line' id='line_1_78' title="bbox 2005 3257 3585 3328; baseline 0.004 -18"><span class='ocrx_word' id='word_1_575' title='bbox 2005 3257 2230 3310; x_wconf 85' lang='lat' dir='ltr'><strong>dimissa</strong></span> <span class='ocrx_word' id='word_1_576' title='bbox 2253 3257 2400 3310; x_wconf 91' lang='lat' dir='ltr'><strong>omni</strong></span> <span class='ocrx_word' id='word_1_577' title='bbox 2431 3257 2514 3309; x_wconf 71' lang='lat' dir='ltr'><strong>via</strong></span> <span class='ocrx_word' id='word_1_578' title='bbox 2543 3265 2594 3310; x_wconf 91' lang='lat' dir='ltr'><strong>et</strong></span> <span class='ocrx_word' id='word_1_579' title='bbox 2636 3258 2851 3311; x_wconf 88' lang='lat' dir='ltr'><strong>ratione</strong></span> <span class='ocrx_word' id='word_1_580' title='bbox 2873 3258 3585 3328; x_wconf 79' lang='lat' dir='ltr'><strong>comprehetulendi,inveni</strong></span> 
     </span>
    </p>
   </div>
   <div class='ocr_carea' id='block_1_79' title="bbox 2007 3345 3584 3418">
    <p class='ocr_par' dir='ltr' id='par_1_79' title="bbox 2007 3345 3584 3418">
     <span class='ocr_line' id='line_1_79' title="bbox 2007 3345 3584 3418; baseline 0.004 -20"><span class='ocrx_word' id='word_1_581' title='bbox 2007 3346 2108 3400; x_wconf 75' lang='lat' dir='ltr'><strong>ﬁde</strong></span> <span class='ocrx_word' id='word_1_582' title='bbox 2157 3363 2280 3400; x_wconf 91' lang='lat' dir='ltr'><strong>eum</strong></span> <span class='ocrx_word' id='word_1_583' title='bbox 2317 3347 2408 3414; x_wconf 88' lang='lat' dir='ltr'><strong>qui</strong></span> <span class='ocrx_word' id='word_1_584' title='bbox 2450 3345 2732 3416; x_wconf 75' lang='lat' dir='ltr'><strong>diligitur:</strong></span> <span class='ocrx_word' id='word_1_585' title='bbox 2771 3357 2824 3400; x_wconf 91' lang='lat' dir='ltr'><strong>et</strong></span> <span class='ocrx_word' id='word_1_586' title='bbox 2882 3363 2990 3400; x_wconf 91' lang='lat' dir='ltr'><strong>non</strong></span> <span class='ocrx_word' id='word_1_587' title='bbox 3043 3351 3280 3418; x_wconf 78' lang='lat' dir='ltr'><strong>amplius</strong></span> <span class='ocrx_word' id='word_1_588' title='bbox 3314 3350 3584 3405; x_wconf 85' lang='lat' dir='ltr'><strong>dimittam</strong></span> 
     </span>
    </p>
   </div>
   <div class='ocr_carea' id='block_1_80' title="bbox 2003 3435 3584 3504">
    <p class='ocr_par' dir='ltr' id='par_1_80' title="bbox 2003 3435 3584 3504">
     <span class='ocr_line' id='line_1_80' title="bbox 2003 3435 3584 3504; baseline 0.004 -16"><span class='ocrx_word' id='word_1_589' title='bbox 2003 3451 2124 3488; x_wconf 87' lang='lat' dir='ltr'><strong>cum</strong></span> <span class='ocrx_word' id='word_1_590' title='bbox 2175 3449 2307 3490; x_wconf 87' lang='lat' dir='ltr'><strong>ansa</strong></span> <span class='ocrx_word' id='word_1_591' title='bbox 2365 3435 2486 3488; x_wconf 81' lang='lat' dir='ltr'><strong>ﬁdei</strong></span> <span class='ocrx_word' id='word_1_592' title='bbox 2542 3437 2968 3504; x_wconf 85' lang='lat' dir='ltr'><strong>apprehensum,</strong></span> <span class='ocrx_word' id='word_1_593' title='bbox 3006 3437 3181 3492; x_wconf 87' lang='lat' dir='ltr'><strong>donec</strong></span> <span class='ocrx_word' id='word_1_594' title='bbox 3243 3439 3403 3493; x_wconf 80' lang='lat' dir='ltr'><strong>fuerit</strong></span> <span class='ocrx_word' id='word_1_595' title='bbox 3439 3441 3584 3494; x_wconf 83' lang='lat' dir='ltr'><strong>intra</strong></span> 
     </span>
    </p>
   </div>
   <div class='ocr_carea' id='block_1_81' title="bbox 2007 3528 3582 3596">
    <p class='ocr_par' dir='ltr' id='par_1_81' title="bbox 2007 3528 3582 3596">
     <span class='ocr_line' id='line_1_81' title="bbox 2007 3528 3582 3596; baseline 0.005 -17"><span class='ocrx_word' id='word_1_596' title='bbox 2007 3543 2184 3579; x_wconf 78' lang='lat' dir='ltr'><strong>meum</strong></span> <span class='ocrx_word' id='word_1_597' title='bbox 2221 3528 2515 3580; x_wconf 79' lang='lat' dir='ltr'><strong>conclave:</strong></span> <span class='ocrx_word' id='word_1_598' title='bbox 2552 3541 2649 3579; x_wconf 86' lang='lat' dir='ltr'><strong>cor</strong></span> <span class='ocrx_word' id='word_1_599' title='bbox 2697 3537 2876 3579; x_wconf 84' lang='lat' dir='ltr'><strong>autem</strong></span> <span class='ocrx_word' id='word_1_600' title='bbox 2910 3529 3132 3580; x_wconf 82' lang='lat' dir='ltr'><strong>onmino</strong></span> <span class='ocrx_word' id='word_1_601' title='bbox 3180 3537 3264 3582; x_wconf 83' lang='lat' dir='ltr'><strong>est</strong></span> <span class='ocrx_word' id='word_1_602' title='bbox 3299 3531 3582 3596; x_wconf 83' lang='lat' dir='ltr'><strong>conclave,</strong></span> 
     </span>
    </p>
   </div>
   <div class='ocr_carea' id='block_1_82' title="bbox 2006 3618 3584 3692">
    <p class='ocr_par' dir='ltr' id='par_1_82' title="bbox 2006 3618 3584 3692">
     <span class='ocr_line' id='line_1_82' title="bbox 2006 3618 3584 3692; baseline 0.006 -24"><span class='ocrx_word' id='word_1_603' title='bbox 2006 3620 2148 3686; x_wconf 88' lang='lat' dir='ltr'><strong>quod</strong></span> <span class='ocrx_word' id='word_1_604' title='bbox 2176 3629 2304 3672; x_wconf 88' lang='lat' dir='ltr'><strong>tunc</strong></span> <span class='ocrx_word' id='word_1_605' title='bbox 2333 3620 2388 3671; x_wconf 86' lang='lat' dir='ltr'><strong>lit</strong></span> <span class='ocrx_word' id='word_1_606' title='bbox 2421 3633 2592 3686; x_wconf 78' lang='lat' dir='ltr'><strong>capax</strong></span> <span class='ocrx_word' id='word_1_607' title='bbox 2627 3618 2824 3670; x_wconf 70' lang='lat' dir='ltr'><strong>divina:</strong></span> <span class='ocrx_word' id='word_1_608' title='bbox 2853 3618 2972 3684; x_wconf 78' lang='lat' dir='ltr'><strong>ejus</strong></span> <span class='ocrx_word' id='word_1_609' title='bbox 3005 3619 3384 3677; x_wconf 86' lang='lat' dir='ltr'><strong>habitationis.</strong></span> <span class='ocrx_word' id='word_1_610' title='bbox 3413 3639 3584 3692; x_wconf 81' lang='lat' dir='ltr'><strong>quan-</strong></span> 
     </span>
    </p>
   </div>
   <div class='ocr_carea' id='block_1_83' title="bbox 2003 3709 3578 3778">
    <p class='ocr_par' dir='ltr' id='par_1_83' title="bbox 2003 3709 3578 3778">
     <span class='ocr_line' id='line_1_83' title="bbox 2003 3709 3578 3778; baseline 0.004 -17"><span class='ocrx_word' id='word_1_611' title='bbox 2003 3709 2073 3762; x_wconf 90' lang='lat' dir='ltr'><strong>do</strong></span> <span class='ocrx_word' id='word_1_612' title='bbox 2108 3709 2326 3762; x_wconf 87' lang='lat' dir='ltr'><strong>redierit</strong></span> <span class='ocrx_word' id='word_1_613' title='bbox 2369 3713 2434 3761; x_wconf 89' lang='lat' dir='ltr'><strong>ad</strong></span> <span class='ocrx_word' id='word_1_614' title='bbox 2472 3709 2623 3760; x_wconf 89' lang='lat' dir='ltr'><strong>illum</strong></span> <span class='ocrx_word' id='word_1_615' title='bbox 2661 3715 2862 3761; x_wconf 87' lang='lat' dir='ltr'><strong>statum</strong></span> <span class='ocrx_word' id='word_1_616' title='bbox 2924 3709 2976 3761; x_wconf 92' lang='lat' dir='ltr'><strong>in</strong></span> <span class='ocrx_word' id='word_1_617' title='bbox 3011 3725 3119 3778; x_wconf 90' lang='lat' dir='ltr'><strong>quo</strong></span> <span class='ocrx_word' id='word_1_618' title='bbox 3173 3711 3271 3763; x_wconf 79' lang='lat' dir='ltr'><strong>fuit</strong></span> <span class='ocrx_word' id='word_1_619' title='bbox 3304 3711 3369 3764; x_wconf 90' lang='lat' dir='ltr'><strong>ab</strong></span> <span class='ocrx_word' id='word_1_620' title='bbox 3403 3713 3578 3777; x_wconf 85' lang='lat' dir='ltr'><strong>initio,</strong></span> 
     </span>
    </p>
   </div>
   <div class='ocr_carea' id='block_1_84' title="bbox 2002 3801 3580 3871">
    <p class='ocr_par' dir='ltr' id='par_1_84' title="bbox 2002 3801 3580 3871">
     <span class='ocr_line' id='line_1_84' title="bbox 2002 3801 3580 3871; baseline 0.005 -19"><span class='ocrx_word' id='word_1_621' title='bbox 2002 3802 2220 3871; x_wconf 79' lang='lat' dir='ltr'><strong>quando</strong></span> <span class='ocrx_word' id='word_1_622' title='bbox 2254 3801 2351 3854; x_wconf 81' lang='lat' dir='ltr'><strong>fuit</strong></span> <span class='ocrx_word' id='word_1_623' title='bbox 2377 3801 2610 3855; x_wconf 85' lang='lat' dir='ltr'><strong>eﬁictum</strong></span> <span class='ocrx_word' id='word_1_624' title='bbox 2640 3801 2708 3854; x_wconf 87' lang='lat' dir='ltr'><strong>ab</strong></span> <span class='ocrx_word' id='word_1_625' title='bbox 2733 3817 2794 3854; x_wconf 87' lang='lat' dir='ltr'><strong>ea</strong></span> <span class='ocrx_word' id='word_1_626' title='bbox 2827 3817 2948 3869; x_wconf 69' lang='lat' dir='ltr'><strong>qua:</strong></span> <span class='ocrx_word' id='word_1_627' title='bbox 2997 3805 3268 3870; x_wconf 85' lang='lat' dir='ltr'><strong>concepit.</strong></span> <span class='ocrx_word' id='word_1_628' title='bbox 3308 3802 3424 3858; x_wconf 81' lang='lat' dir='ltr'><strong>Non</strong></span> <span class='ocrx_word' id='word_1_629' title='bbox 3481 3805 3580 3860; x_wconf 85' lang='lat' dir='ltr'><strong>ab-</strong></span> 
     </span>
    </p>
   </div>
   <div class='ocr_carea' id='block_1_85' title="bbox 2001 3892 3580 3964">
    <p class='ocr_par' dir='ltr' id='par_1_85' title="bbox 2001 3892 3580 3964">
     <span class='ocr_line' id='line_1_85' title="bbox 2001 3892 3580 3964; baseline 0.004 -18"><span class='ocrx_word' id='word_1_630' title='bbox 2001 3895 2204 3946; x_wconf 73' lang='lat' dir='ltr'><strong>crraldt</strong></span> <span class='ocrx_word' id='word_1_631' title='bbox 2245 3901 2424 3946; x_wconf 87' lang='lat' dir='ltr'><strong>autem</strong></span> <span class='ocrx_word' id='word_1_632' title='bbox 2473 3892 2696 3945; x_wconf 89' lang='lat' dir='ltr'><strong>omnino</strong></span> <span class='ocrx_word' id='word_1_633' title='bbox 2751 3892 2999 3961; x_wconf 83' lang='lat' dir='ltr'><strong>quisquis</strong></span> <span class='ocrx_word' id='word_1_634' title='bbox 3035 3892 3297 3962; x_wconf 80' lang='lat' dir='ltr'><strong>intelliget</strong></span> <span class='ocrx_word' id='word_1_635' title='bbox 3332 3904 3580 3964; x_wconf 79' lang='lat' dir='ltr'><strong>matrem,</strong></span> 
     </span>
    </p>
   </div>
   <div class='ocr_carea' id='block_1_86' title="bbox 2004 3983 3170 4054">
    <p class='ocr_par' dir='ltr' id='par_1_86' title="bbox 2004 3983 3170 4054">
     <span class='ocr_line' id='line_1_86' title="bbox 2004 3983 3170 4054; baseline 0.003 -18"><span class='ocrx_word' id='word_1_636' title='bbox 2004 3985 2231 4054; x_wconf 86' lang='lat' dir='ltr'><strong>primam</strong></span> <span class='ocrx_word' id='word_1_637' title='bbox 2263 4000 2481 4038; x_wconf 77' lang='lat' dir='ltr'><strong>causam</strong></span> <span class='ocrx_word' id='word_1_638' title='bbox 2509 3989 2708 4038; x_wconf 65' lang='lat' dir='ltr'><strong>nostra)</strong></span> <span class='ocrx_word' id='word_1_639' title='bbox 2739 3983 3170 4039; x_wconf 81' lang='lat' dir='ltr'><strong>Constitutionis.</strong></span> 
     </span>
    </p>
   </div>
   <div class='ocr_carea' id='block_1_87' title="bbox 2072 4071 3580 4142">
    <p class='ocr_par' dir='ltr' id='par_1_87' title="bbox 2072 4071 3580 4142">
     <span class='ocr_line' id='line_1_87' title="bbox 2072 4071 3580 4142; baseline 0.003 -16"><span class='ocrx_word' id='word_1_640' title='bbox 2072 4071 2310 4142; x_wconf 88' lang='lat' dir='ltr'><strong>Tempus</strong></span> <span class='ocrx_word' id='word_1_641' title='bbox 2343 4081 2427 4128; x_wconf 83' lang='lat' dir='ltr'><strong>est</strong></span> <span class='ocrx_word' id='word_1_642' title='bbox 2469 4081 2649 4126; x_wconf 88' lang='lat' dir='ltr'><strong>autem</strong></span> <span class='ocrx_word' id='word_1_643' title='bbox 2687 4072 2997 4141; x_wconf 73' lang='lat' dir='ltr'><strong>exponendi</strong></span> <span class='ocrx_word' id='word_1_644' title='bbox 3049 4089 3208 4127; x_wconf 80' lang='lat' dir='ltr'><strong>voces</strong></span> <span class='ocrx_word' id='word_1_645' title='bbox 3262 4074 3476 4131; x_wconf 83' lang='lat' dir='ltr'><strong>divinas</strong></span> <span class='ocrx_word' id='word_1_646' title='bbox 3524 4077 3580 4131; x_wconf 91' lang='lat' dir='ltr'><strong>in</strong></span> 
     </span>
    </p>
   </div>
   <div class='ocr_carea' id='block_1_88' title="bbox 2002 4167 3572 4237">
    <p class='ocr_par' dir='ltr' id='par_1_88' title="bbox 2002 4167 3572 4237">
     <span class='ocr_line' id='line_1_88' title="bbox 2002 4167 3572 4237; baseline 0.002 -15"><span class='ocrx_word' id='word_1_647' title='bbox 2002 4168 2121 4237; x_wconf 87' lang='lat' dir='ltr'><strong>ipso</strong></span> <span class='ocrx_word' id='word_1_648' title='bbox 2154 4169 2442 4222; x_wconf 77' lang='lat' dir='ltr'><strong>verborum</strong></span> <span class='ocrx_word' id='word_1_649' title='bbox 2477 4174 2758 4229; x_wconf 76' lang='lat' dir='ltr'><strong>contextu,</strong></span> <span class='ocrx_word' id='word_1_650' title='bbox 2817 4175 2874 4219; x_wconf 90' lang='lat' dir='ltr'><strong>ut</strong></span> <span class='ocrx_word' id='word_1_651' title='bbox 2911 4167 3073 4221; x_wconf 74' lang='lat' dir='ltr'><strong>verba</strong></span> <span class='ocrx_word' id='word_1_652' title='bbox 3119 4170 3449 4222; x_wconf 87' lang='lat' dir='ltr'><strong>conveniant</strong></span> <span class='ocrx_word' id='word_1_653' title='bbox 3505 4171 3572 4226; x_wconf 79' lang='lat' dir='ltr'><strong>iis</strong></span> 
     </span>
    </p>
   </div>
   <div class='ocr_carea' id='block_1_89' title="bbox 1999 4257 3583 4331">
    <p class='ocr_par' dir='ltr' id='par_1_89' title="bbox 1999 4257 3583 4331">
     <span class='ocr_line' id='line_1_89' title="bbox 1999 4257 3583 4331; baseline 0.001 -19"><span class='ocrx_word' id='word_1_654' title='bbox 1999 4276 2119 4330; x_wconf 71' lang='lat' dir='ltr'><strong>qute</strong></span> <span class='ocrx_word' id='word_1_655' title='bbox 2182 4268 2308 4312; x_wconf 91' lang='lat' dir='ltr'><strong>sunt</strong></span> <span class='ocrx_word' id='word_1_656' title='bbox 2365 4258 2730 4312; x_wconf 77' lang='lat' dir='ltr'><strong>considerata.</strong></span> <span class='ocrx_word' id='word_1_657' title='bbox 2784 4257 2848 4310; x_wconf 79' lang='lat' dir='ltr'><strong>In</strong></span> <span class='ocrx_word' id='word_1_658' title='bbox 2910 4260 3040 4311; x_wconf 85' lang='lat' dir='ltr'><strong>lecto</strong></span> <span class='ocrx_word' id='word_1_659' title='bbox 3082 4275 3192 4311; x_wconf 81' lang='lat' dir='ltr'><strong>meo</strong></span> <span class='ocrx_word' id='word_1_660' title='bbox 3231 4270 3386 4312; x_wconf 88' lang='lat' dir='ltr'><strong>noctu</strong></span> <span class='ocrx_word' id='word_1_661' title='bbox 3441 4277 3583 4331; x_wconf 68' lang='lat' dir='ltr'><strong>qure-</strong></span> 
     </span>
    </p>
   </div>
   <div class='ocr_carea' id='block_1_90' title="bbox 2000 4349 3581 4420">
    <p class='ocr_par' dir='ltr' id='par_1_90' title="bbox 2000 4349 3581 4420">
     <span class='ocr_line' id='line_1_90' title="bbox 2000 4349 3581 4420; baseline -0.001 -14"><span class='ocrx_word' id='word_1_662' title='bbox 2000 4353 2098 4406; x_wconf 79' lang='lat' dir='ltr'><strong>sini</strong></span> <span class='ocrx_word' id='word_1_663' title='bbox 2127 4367 2279 4420; x_wconf 85' lang='lat' dir='ltr'><strong>quem</strong></span> <span class='ocrx_word' id='word_1_664' title='bbox 2311 4349 2484 4419; x_wconf 79' lang='lat' dir='ltr'><strong>diligit</strong></span> <span class='ocrx_word' id='word_1_665' title='bbox 2531 4351 2711 4402; x_wconf 84' lang='lat' dir='ltr'><strong>anima</strong></span> <span class='ocrx_word' id='word_1_666' title='bbox 2764 4365 2898 4402; x_wconf 83' lang='lat' dir='ltr'><strong>mea.</strong></span> <span class='ocrx_word' id='word_1_667' title='bbox 2933 4349 3168 4414; x_wconf 73' lang='lat' dir='ltr'><strong>Qna&#39;sivi</strong></span> <span class='ocrx_word' id='word_1_668' title='bbox 3210 4351 3348 4402; x_wconf 76' lang='lat' dir='ltr'><strong>enim</strong></span> <span class='ocrx_word' id='word_1_669' title='bbox 3380 4367 3496 4404; x_wconf 85' lang='lat' dir='ltr'><strong>eum</strong></span> <span class='ocrx_word' id='word_1_670' title='bbox 3529 4362 3581 4406; x_wconf 90' lang='lat' dir='ltr'><strong>et</strong></span> 
     </span>
    </p>
   </div>
   <div class='ocr_carea' id='block_1_91' title="bbox 309 4443 1906 4542">
    <p class='ocr_par' dir='ltr' id='par_1_91' title="bbox 309 4447 1898 4519">
     <span class='ocr_line' id='line_1_91' title="bbox 309 4447 1898 4519; baseline 0.004 -19"><span class='ocrx_word' id='word_1_671' title='bbox 309 4463 476 4513; x_wconf 79' lang='grc' dir='ltr'>τησα</span> <span class='ocrx_word' id='word_1_672' title='bbox 523 4449 732 4513; x_wconf 77' lang='grc' dir='ltr'>αὑτὸν,</span> <span class='ocrx_word' id='word_1_673' title='bbox 792 4449 890 4502; x_wconf 77' lang='grc' dir='ltr'><strong>καὶ</strong></span> <span class='ocrx_word' id='word_1_674' title='bbox 948 4451 1061 4518; x_wconf 84' lang='grc' dir='ltr'><strong>οὐχ</strong></span> <span class='ocrx_word' id='word_1_675' title='bbox 1125 4447 1304 4519; x_wconf 76' lang='grc' dir='ltr'>εὗρον</span> <span class='ocrx_word' id='word_1_676' title='bbox 1354 4455 1578 4506; x_wconf 79' lang='grc' dir='ltr'><strong>αὐτόν·</strong></span> <span class='ocrx_word' id='word_1_677' title='bbox 1631 4451 1898 4507; x_wconf 70' lang='grc' dir='ltr'>ἐκάλεσα</span> 
     </span>
    </p>
   </div>
   <div class='ocr_carea' id='block_1_92' title="bbox 2010 4443 3576 4542">
    <p class='ocr_par' dir='ltr' id='par_1_92' title="bbox 2010 4443 3576 4504">
     <span class='ocr_line' id='line_1_92' title="bbox 2010 4443 3576 4504; baseline 0.002 -8"><span class='ocrx_word' id='word_1_678' title='bbox 2010 4461 2103 4497; x_wconf 83' lang='lat' dir='ltr'><strong>non</strong></span> <span class='ocrx_word' id='word_1_679' title='bbox 2155 4445 2322 4497; x_wconf 84' lang='lat' dir='ltr'><strong>inveni</strong></span> <span class='ocrx_word' id='word_1_680' title='bbox 2360 4459 2497 4504; x_wconf 87' lang='lat' dir='ltr'><strong>eum,</strong></span> <span class='ocrx_word' id='word_1_681' title='bbox 2546 4443 2723 4495; x_wconf 82' lang='lat' dir='ltr'><strong>rocavi</strong></span> <span class='ocrx_word' id='word_1_682' title='bbox 2776 4459 2891 4495; x_wconf 86' lang='lat' dir='ltr'><strong>eum</strong></span> <span class='ocrx_word' id='word_1_683' title='bbox 2955 4453 3003 4494; x_wconf 76' lang='lat' dir='ltr'><strong>ct</strong></span> <span class='ocrx_word' id='word_1_684' title='bbox 3069 4459 3170 4495; x_wconf 89' lang='lat' dir='ltr'><strong>non</strong></span> <span class='ocrx_word' id='word_1_685' title='bbox 3221 4443 3420 4496; x_wconf 85' lang='lat' dir='ltr'><strong>andirit</strong></span> <span class='ocrx_word' id='word_1_686' title='bbox 3477 4461 3576 4499; x_wconf 87' lang='lat' dir='ltr'><strong>me.</strong></span> 
     </span>
    </p>
   </div>
   <div class='ocr_carea' id='block_1_93' title="bbox 308 4531 1906 4616">
    <p class='ocr_par' dir='ltr' id='par_1_93' title="bbox 308 4540 1894 4616">
     <span class='ocr_line' id='line_1_93' title="bbox 308 4540 1894 4616; baseline 0.004 -24"><span class='ocrx_word' id='word_1_687' title='bbox 308 4540 526 4602; x_wconf 78' lang='grc' dir='ltr'>αὑτὸν,</span> <span class='ocrx_word' id='word_1_688' title='bbox 552 4540 647 4593; x_wconf 80' lang='grc' dir='ltr'>καί</span> <span class='ocrx_word' id='word_1_689' title='bbox 682 4542 795 4610; x_wconf 85' lang='grc' dir='ltr'><strong>οὐχ</strong></span> <span class='ocrx_word' id='word_1_690' title='bbox 827 4540 1146 4606; x_wconf 78' lang='grc' dir='ltr'><strong>ὑπήκουσέ</strong></span> <span class='ocrx_word' id='word_1_691' title='bbox 1169 4559 1309 4616; x_wconf 78' lang='grc' dir='ltr'>μου.</span> <span class='ocrx_word' id='word_1_692' title='bbox 1349 4543 1790 4614; x_wconf 78' lang='grc' dir='ltr'>Ἀναστήσομαι</span> <span class='ocrx_word' id='word_1_693' title='bbox 1818 4545 1894 4614; x_wconf 74' lang='grc' dir='ltr'>δὴ</span> 
     </span>
    </p>
   </div>
   <div class='ocr_carea' id='block_1_94' title="bbox 2010 4531 3577 4616">
    <p class='ocr_par' dir='ltr' id='par_1_94' title="bbox 2010 4531 3577 4605">
     <span class='ocr_line' id='line_1_94' title="bbox 2010 4531 3577 4605; baseline -0.003 -15"><span class='ocrx_word' id='word_1_694' title='bbox 2010 4534 2231 4605; x_wconf 86' lang='lat' dir='ltr'><strong>Surgam</strong></span> <span class='ocrx_word' id='word_1_695' title='bbox 2251 4543 2427 4587; x_wconf 80' lang='lat' dir='ltr'><strong>autent</strong></span> <span class='ocrx_word' id='word_1_696' title='bbox 2457 4539 2504 4586; x_wconf 85' lang='lat' dir='ltr'><strong>et</strong></span> <span class='ocrx_word' id='word_1_697' title='bbox 2527 4531 2759 4585; x_wconf 78' lang='lat' dir='ltr'><strong>circuibo</strong></span> <span class='ocrx_word' id='word_1_698' title='bbox 2778 4532 3042 4585; x_wconf 80' lang='lat' dir='ltr'><strong>civitatem</strong></span> <span class='ocrx_word' id='word_1_699' title='bbox 3070 4533 3122 4584; x_wconf 87' lang='lat' dir='ltr'><strong>in</strong></span> <span class='ocrx_word' id='word_1_700' title='bbox 3147 4531 3280 4600; x_wconf 80' lang='lat' dir='ltr'><strong>{oris</strong></span> <span class='ocrx_word' id='word_1_701' title='bbox 3298 4542 3345 4586; x_wconf 88' lang='lat' dir='ltr'><strong>et</strong></span> <span class='ocrx_word' id='word_1_702' title='bbox 3367 4533 3577 4598; x_wconf 80' lang='lat' dir='ltr'><strong>plateis,</strong></span> 
     </span>
    </p>
   </div>
   <div class='ocr_carea' id='block_1_95' title="bbox 308 4631 1898 4702">
    <p class='ocr_par' dir='ltr' id='par_1_95' title="bbox 308 4631 1898 4702">
     <span class='ocr_line' id='line_1_95' title="bbox 308 4631 1898 4702; baseline 0.003 -16"><span class='ocrx_word' id='word_1_703' title='bbox 308 4633 419 4686; x_wconf 81' lang='grc' dir='ltr'><strong>καὶ</strong></span> <span class='ocrx_word' id='word_1_704' title='bbox 458 4631 754 4693; x_wconf 74' lang='grc' dir='ltr'>κυκλώσει)</span> <span class='ocrx_word' id='word_1_705' title='bbox 795 4631 866 4684; x_wconf 77' lang='grc' dir='ltr'><strong>ἐν</strong></span> <span class='ocrx_word' id='word_1_706' title='bbox 907 4631 982 4700; x_wconf 80' lang='grc' dir='ltr'>τῇ</span> <span class='ocrx_word' id='word_1_707' title='bbox 1015 4633 1185 4686; x_wconf 72' lang='grc' dir='ltr'>πόλει</span> <span class='ocrx_word' id='word_1_708' title='bbox 1207 4673 1221 4695; x_wconf 94' lang='grc'><strong>,</strong></span> <span class='ocrx_word' id='word_1_709' title='bbox 1268 4633 1337 4686; x_wconf 82' lang='grc' dir='ltr'><strong>ἐν</strong></span> <span class='ocrx_word' id='word_1_710' title='bbox 1368 4633 1498 4699; x_wconf 82' lang='grc' dir='ltr'>ταῖς</span> <span class='ocrx_word' id='word_1_711' title='bbox 1528 4635 1770 4702; x_wconf 63' lang='grc' dir='ltr'>ἀγοραῖς</span> <span class='ocrx_word' id='word_1_712' title='bbox 1797 4636 1898 4690; x_wconf 79' lang='grc' dir='ltr'>καί</span> 
     </span>
    </p>
   </div>
   <div class='ocr_carea' id='block_1_96' title="bbox 305 4718 1894 4794">
    <p class='ocr_par' dir='ltr' id='par_1_96' title="bbox 305 4718 1894 4794">
     <span class='ocr_line' id='line_1_96' title="bbox 305 4718 1894 4794; baseline 0.002 -18"><span class='ocrx_word' id='word_1_713' title='bbox 305 4724 389 4776; x_wconf 79' lang='grc' dir='ltr'><strong>ἐν</strong></span> <span class='ocrx_word' id='word_1_714' title='bbox 423 4721 551 4788; x_wconf 82' lang='grc' dir='ltr'>ταῖς</span> <span class='ocrx_word' id='word_1_715' title='bbox 581 4721 893 4788; x_wconf 76' lang='grc' dir='ltr'>πλατείαις</span> <span class='ocrx_word' id='word_1_716' title='bbox 915 4762 930 4787; x_wconf 92' lang='grc'><strong>,</strong></span> <span class='ocrx_word' id='word_1_717' title='bbox 985 4721 1083 4775; x_wconf 85' lang='grc' dir='ltr'>καί</span> <span class='ocrx_word' id='word_1_718' title='bbox 1129 4718 1360 4789; x_wconf 78' lang='grc' dir='ltr'>ζητήσω</span> <span class='ocrx_word' id='word_1_719' title='bbox 1400 4723 1472 4776; x_wconf 77' lang='grc' dir='ltr'><strong>ὃν</strong></span> <span class='ocrx_word' id='word_1_720' title='bbox 1509 4723 1830 4794; x_wconf 72' lang='grc' dir='ltr'><strong>ἠγάπησεν</strong></span> <span class='ocrx_word' id='word_1_721' title='bbox 1856 4727 1894 4794; x_wconf 80' lang='grc' dir='ltr'><strong><em>ἠ</em></strong></span> 
     </span>
    </p>
   </div>
   <div class='ocr_carea' id='block_1_97' title="bbox 306 4809 1894 4884">
    <p class='ocr_par' dir='ltr' id='par_1_97' title="bbox 306 4809 1894 4884">
     <span class='ocr_line' id='line_1_97' title="bbox 306 4809 1894 4884; baseline 0.003 -17"><span class='ocrx_word' id='word_1_722' title='bbox 306 4813 488 4884; x_wconf 64' lang='grc' dir='ltr'><strong><em>ψυχή</em></strong></span> <span class='ocrx_word' id='word_1_723' title='bbox 509 4830 650 4882; x_wconf 82' lang='grc' dir='ltr'>μου.</span> <span class='ocrx_word' id='word_1_724' title='bbox 687 4809 979 4878; x_wconf 74' lang='grc' dir='ltr'>Ἐζήτησα</span> <span class='ocrx_word' id='word_1_725' title='bbox 1004 4812 1210 4875; x_wconf 81' lang='grc' dir='ltr'>αὑτὸν,</span> <span class='ocrx_word' id='word_1_726' title='bbox 1235 4813 1334 4866; x_wconf 81' lang='grc' dir='ltr'>καί</span> <span class='ocrx_word' id='word_1_727' title='bbox 1353 4815 1464 4882; x_wconf 81' lang='grc' dir='ltr'><strong>οὐχ</strong></span> <span class='ocrx_word' id='word_1_728' title='bbox 1493 4811 1674 4882; x_wconf 81' lang='grc' dir='ltr'>εὗρον</span> <span class='ocrx_word' id='word_1_729' title='bbox 1687 4817 1894 4871; x_wconf 80' lang='grc' dir='ltr'><strong>αὐτόν.</strong></span> 
     </span>
    </p>
   </div>
   <div class='ocr_carea' id='block_1_98' title="bbox 307 4903 1898 4977">
    <p class='ocr_par' dir='ltr' id='par_1_98' title="bbox 307 4903 1898 4977">
     <span class='ocr_line' id='line_1_98' title="bbox 307 4903 1898 4977; baseline 0.004 -21"><span class='ocrx_word' id='word_1_730' title='bbox 307 4903 596 4972; x_wconf 80' lang='grc' dir='ltr'><strong>Εὗροσάν</strong></span> <span class='ocrx_word' id='word_1_731' title='bbox 633 4921 710 4974; x_wconf 82' lang='grc' dir='ltr'><strong>με</strong></span> <span class='ocrx_word' id='word_1_732' title='bbox 751 4907 804 4958; x_wconf 82' lang='grc' dir='ltr'>οἱ</span> <span class='ocrx_word' id='word_1_733' title='bbox 842 4904 1166 4974; x_wconf 79' lang='grc' dir='ltr'>τηροῦντες</span> <span class='ocrx_word' id='word_1_734' title='bbox 1215 4907 1268 4957; x_wconf 83' lang='lat' dir='ltr'><strong>ot</strong></span> <span class='ocrx_word' id='word_1_735' title='bbox 1317 4905 1685 4971; x_wconf 78' lang='grc' dir='ltr'>κυκλοῦντες</span> <span class='ocrx_word' id='word_1_736' title='bbox 1719 4908 1790 4960; x_wconf 82' lang='grc' dir='ltr'><strong>ἐν</strong></span> <span class='ocrx_word' id='word_1_737' title='bbox 1823 4907 1898 4977; x_wconf 77' lang='grc' dir='ltr'>τῇ</span> 
     </span>
    </p>
   </div>
   <div class='ocr_carea' id='block_1_99' title="bbox 308 4994 1898 5065">
    <p class='ocr_par' dir='ltr' id='par_1_99' title="bbox 308 4994 1898 5065">
     <span class='ocr_line' id='line_1_99' title="bbox 308 4994 1898 5065; baseline 0 -13"><span class='ocrx_word' id='word_1_738' title='bbox 308 4997 511 5052; x_wconf 69' lang='grc' dir='ltr'><strong>πόλει.</strong></span> <span class='ocrx_word' id='word_1_739' title='bbox 545 4995 642 5064; x_wconf 77' lang='grc' dir='ltr'><strong>Μὴ</strong></span> <span class='ocrx_word' id='word_1_740' title='bbox 673 4996 746 5050; x_wconf 82' lang='grc' dir='ltr'><strong>ὃν</strong></span> <span class='ocrx_word' id='word_1_741' title='bbox 772 4994 1091 5064; x_wconf 69' lang='grc' dir='ltr'><strong>ἠγάπησεν</strong></span> <span class='ocrx_word' id='word_1_742' title='bbox 1129 4997 1166 5062; x_wconf 80' lang='grc' dir='ltr'><strong><em>ἡ</em></strong></span> <span class='ocrx_word' id='word_1_743' title='bbox 1199 4995 1369 5064; x_wconf 72' lang='grc' dir='ltr'><strong>ψυχή</strong></span> <span class='ocrx_word' id='word_1_744' title='bbox 1396 5013 1536 5065; x_wconf 81' lang='grc' dir='ltr'>μου,</span> <span class='ocrx_word' id='word_1_745' title='bbox 1569 4996 1760 5063; x_wconf 67' lang='lat' dir='ltr'><strong>tosta;</strong></span> <span class='ocrx_word' id='word_1_746' title='bbox 1800 4998 1898 5064; x_wconf 83' lang='grc' dir='ltr'>Ὠς</span> 
     </span>
    </p>
   </div>
   <div class='ocr_carea' id='block_1_100' title="bbox 301 5083 1898 5158">
    <p class='ocr_par' dir='ltr' id='par_1_100' title="bbox 301 5083 1898 5158">
     <span class='ocr_line' id='line_1_100' title="bbox 301 5083 1898 5158; baseline 0.001 -16"><span class='ocrx_word' id='word_1_747' title='bbox 301 5088 526 5158; x_wconf 78' lang='grc' dir='ltr'>μικρὸν</span> <span class='ocrx_word' id='word_1_748' title='bbox 555 5087 654 5141; x_wconf 82' lang='grc' dir='ltr'>ὅτε</span> <span class='ocrx_word' id='word_1_749' title='bbox 680 5088 992 5156; x_wconf 75' lang='grc' dir='ltr'>παρῆλθον</span> <span class='ocrx_word' id='word_1_750' title='bbox 1013 5088 1112 5142; x_wconf 82' lang='grc' dir='ltr'><strong>ἀπ’</strong></span> <span class='ocrx_word' id='word_1_751' title='bbox 1131 5086 1350 5151; x_wconf 76' lang='grc' dir='ltr'>αὐτῶν,</span> <span class='ocrx_word' id='word_1_752' title='bbox 1383 5087 1494 5154; x_wconf 77' lang='grc' dir='ltr'>ἕως</span> <span class='ocrx_word' id='word_1_753' title='bbox 1527 5083 1598 5144; x_wconf 79' lang='grc' dir='ltr'>οὗ</span> <span class='ocrx_word' id='word_1_754' title='bbox 1623 5084 1802 5156; x_wconf 78' lang='grc' dir='ltr'>εὗρον</span> <span class='ocrx_word' id='word_1_755' title='bbox 1826 5090 1898 5144; x_wconf 80' lang='grc' dir='ltr'><strong>ὃν</strong></span> 
     </span>
    </p>
   </div>
   <div class='ocr_carea' id='block_1_101' title="bbox 307 5179 1897 5249">
    <p class='ocr_par' dir='ltr' id='par_1_101' title="bbox 307 5179 1897 5249">
     <span class='ocr_line' id='line_1_101' title="bbox 307 5179 1897 5249; baseline -0.001 -13"><span class='ocrx_word' id='word_1_756' title='bbox 307 5180 635 5248; x_wconf 72' lang='grc' dir='ltr'><strong>ἠγάπησεν</strong></span> <span class='ocrx_word' id='word_1_757' title='bbox 678 5180 716 5248; x_wconf 71' lang='grc' dir='ltr'><strong>’ἡ</strong></span> <span class='ocrx_word' id='word_1_758' title='bbox 752 5181 921 5248; x_wconf 71' lang='grc' dir='ltr'><strong>ψυχή</strong></span> <span class='ocrx_word' id='word_1_759' title='bbox 965 5197 1105 5249; x_wconf 82' lang='grc' dir='ltr'>μου.</span> <span class='ocrx_word' id='word_1_760' title='bbox 1173 5179 1509 5247; x_wconf 82' lang='grc' dir='ltr'>Ἐκράτησα</span> <span class='ocrx_word' id='word_1_761' title='bbox 1548 5179 1754 5244; x_wconf 76' lang='grc' dir='ltr'>αὐτὸν,</span> <span class='ocrx_word' id='word_1_762' title='bbox 1799 5181 1897 5234; x_wconf 80' lang='grc' dir='ltr'>καί</span> 
     </span>
    </p>
   </div>
   <div class='ocr_carea' id='block_1_102' title="bbox 308 5267 1898 5342">
    <p class='ocr_par' dir='ltr' id='par_1_102' title="bbox 308 5267 1898 5342">
     <span class='ocr_line' id='line_1_102' title="bbox 308 5267 1898 5342; baseline -0.001 -14"><span class='ocrx_word' id='word_1_763' title='bbox 308 5274 428 5328; x_wconf 68' lang='grc' dir='ltr'><strong>οὐκ</strong></span> <span class='ocrx_word' id='word_1_764' title='bbox 466 5271 672 5340; x_wconf 63' lang='grc' dir='ltr'><strong>ἀφῆκα</strong></span> <span class='ocrx_word' id='word_1_765' title='bbox 727 5272 945 5335; x_wconf 83' lang='grc' dir='ltr'>αὑτὸν,</span> <span class='ocrx_word' id='word_1_766' title='bbox 993 5271 1103 5337; x_wconf 82' lang='grc' dir='ltr'>ἕως</span> <span class='ocrx_word' id='word_1_767' title='bbox 1135 5267 1207 5326; x_wconf 85' lang='grc' dir='ltr'>οὗ</span> <span class='ocrx_word' id='word_1_768' title='bbox 1254 5271 1578 5342; x_wconf 74' lang='grc' dir='ltr'>εἰσήγαγον</span> <span class='ocrx_word' id='word_1_769' title='bbox 1617 5273 1804 5326; x_wconf 80' lang='grc' dir='ltr'>αὑτὸν</span> <span class='ocrx_word' id='word_1_770' title='bbox 1832 5274 1898 5340; x_wconf 85' lang='grc' dir='ltr'>ἐς</span> 
     </span>
    </p>
   </div>
   <div class='ocr_carea' id='block_1_103' title="bbox 308 5359 1898 5432">
    <p class='ocr_par' dir='ltr' id='par_1_103' title="bbox 308 5359 1898 5432">
     <span class='ocr_line' id='line_1_103' title="bbox 308 5359 1898 5432; baseline 0.002 -14"><span class='ocrx_word' id='word_1_771' title='bbox 308 5359 486 5418; x_wconf 63' lang='grc' dir='ltr'><em>οἷκον</em></span> <span class='ocrx_word' id='word_1_772' title='bbox 509 5363 737 5432; x_wconf 83' lang='grc' dir='ltr'>μητρός</span> <span class='ocrx_word' id='word_1_773' title='bbox 769 5380 910 5431; x_wconf 84' lang='grc' dir='ltr'>μου,</span> <span class='ocrx_word' id='word_1_774' title='bbox 953 5362 1054 5418; x_wconf 79' lang='grc' dir='ltr'><strong>καὶ</strong></span> <span class='ocrx_word' id='word_1_775' title='bbox 1093 5365 1180 5428; x_wconf 85' lang='grc' dir='ltr'><strong>είς</strong></span> <span class='ocrx_word' id='word_1_776' title='bbox 1217 5362 1480 5431; x_wconf 81' lang='grc' dir='ltr'>ταμιεῖον</span> <span class='ocrx_word' id='word_1_777' title='bbox 1516 5362 1628 5430; x_wconf 82' lang='grc' dir='ltr'>τῆς</span> <span class='ocrx_word' id='word_1_778' title='bbox 1665 5370 1898 5420; x_wconf 78' lang='grc' dir='ltr'>συλλα-</span> 
     </span>
    </p>
   </div>
   <div class='ocr_carea' id='block_1_104' title="bbox 310 5449 1895 5524">
    <p class='ocr_par' dir='ltr' id='par_1_104' title="bbox 310 5449 1895 5524">
     <span class='ocr_line' id='line_1_104' title="bbox 310 5449 1895 5524; baseline 0 -17"><span class='ocrx_word' id='word_1_779' title='bbox 310 5453 547 5517; x_wconf 70' lang='grc' dir='ltr'>ϐούσης</span> <span class='ocrx_word' id='word_1_780' title='bbox 581 5468 678 5522; x_wconf 81' lang='grc' dir='ltr'>με.</span> <span class='ocrx_word' id='word_1_781' title='bbox 725 5452 849 5504; x_wconf 73' lang='grc' dir='ltr'><strong>Ἐπὶ</strong></span> <span class='ocrx_word' id='word_1_782' title='bbox 880 5451 1088 5514; x_wconf 80' lang='grc' dir='ltr'>τούτοις</span> <span class='ocrx_word' id='word_1_783' title='bbox 1129 5449 1292 5504; x_wconf 80' lang='grc' dir='ltr'>πάλιν</span> <span class='ocrx_word' id='word_1_784' title='bbox 1322 5451 1428 5504; x_wconf 76' lang='grc' dir='ltr'>ὑπὸ</span> <span class='ocrx_word' id='word_1_785' title='bbox 1467 5451 1895 5524; x_wconf 82' lang='grc' dir='ltr'>φιλανθρωπίας,</span> 
     </span>
    </p>
   </div>
   <div class='ocr_carea' id='block_1_105' title="bbox 311 5541 1898 5614">
    <p class='ocr_par' dir='ltr' id='par_1_105' title="bbox 311 5541 1898 5614">
     <span class='ocr_line' id='line_1_105' title="bbox 311 5541 1898 5614; baseline -0.001 -14"><span class='ocrx_word' id='word_1_786' title='bbox 311 5545 414 5600; x_wconf 74' lang='grc' dir='ltr'><strong>καὶ</strong></span> <span class='ocrx_word' id='word_1_787' title='bbox 454 5545 574 5606; x_wconf 84' lang='grc' dir='ltr'>ταῖς</span> <span class='ocrx_word' id='word_1_788' title='bbox 617 5543 952 5613; x_wconf 84' lang='grc' dir='ltr'>θυγατράσιν</span> <span class='ocrx_word' id='word_1_789' title='bbox 991 5541 1348 5614; x_wconf 79' lang='grc' dir='ltr'>Ἰερουσαλὴμ</span> <span class='ocrx_word' id='word_1_790' title='bbox 1387 5541 1714 5612; x_wconf 77' lang='grc' dir='ltr'>διαλέγεται,</span> <span class='ocrx_word' id='word_1_791' title='bbox 1744 5544 1810 5609; x_wconf 81' lang='grc' dir='ltr'>ἃς</span> <span class='ocrx_word' id='word_1_792' title='bbox 1842 5548 1898 5598; x_wconf 83' lang='grc' dir='ltr'>ὲν</span> 
     </span>
    </p>
   </div>
   <div class='ocr_carea' id='block_1_106' title="bbox 306 5629 1898 5702">
    <p class='ocr_par' dir='ltr' id='par_1_106' title="bbox 306 5629 1898 5702">
     <span class='ocr_line' id='line_1_106' title="bbox 306 5629 1898 5702; baseline -0.001 -17"><span class='ocrx_word' id='word_1_793' title='bbox 306 5632 430 5694; x_wconf 69' lang='grc' dir='ltr'>τοῖς</span> <span class='ocrx_word' id='word_1_794' title='bbox 462 5629 770 5702; x_wconf 80' lang='grc' dir='ltr'>ἔμπροσθεν</span> <span class='ocrx_word' id='word_1_795' title='bbox 802 5631 858 5684; x_wconf 73' lang='grc' dir='ltr'><strong>ὲν</strong></span> <span class='ocrx_word' id='word_1_796' title='bbox 899 5631 1183 5700; x_wconf 75' lang='grc' dir='ltr'>συγκρίσει</span> <span class='ocrx_word' id='word_1_797' title='bbox 1228 5631 1322 5684; x_wconf 83' lang='grc' dir='ltr'><strong>τοῦ</strong></span> <span class='ocrx_word' id='word_1_798' title='bbox 1365 5631 1465 5700; x_wconf 75' lang='grc' dir='ltr'>τῆς</span> <span class='ocrx_word' id='word_1_799' title='bbox 1509 5631 1727 5702; x_wconf 78' lang='grc' dir='ltr'>νύμφης</span> <span class='ocrx_word' id='word_1_800' title='bbox 1766 5633 1898 5685; x_wconf 78' lang='grc' dir='ltr'>κάλ-</span> 
     </span>
    </p>
   </div>
   <div class='ocr_carea' id='block_1_107' title="bbox 305 5719 1898 5794">
    <p class='ocr_par' dir='ltr' id='par_1_107' title="bbox 305 5719 1898 5794">
     <span class='ocr_line' id='line_1_107' title="bbox 305 5719 1898 5794; baseline -0.001 -17"><span class='ocrx_word' id='word_1_801' title='bbox 305 5723 444 5785; x_wconf 79' lang='grc' dir='ltr'>λους</span> <span class='ocrx_word' id='word_1_802' title='bbox 476 5720 567 5776; x_wconf 74' lang='grc' dir='ltr'>τοῦ</span> <span class='ocrx_word' id='word_1_803' title='bbox 597 5719 1053 5793; x_wconf 83' lang='grc' dir='ltr'>παρεικασθέντος</span> <span class='ocrx_word' id='word_1_804' title='bbox 1099 5719 1176 5792; x_wconf 71' lang='grc' dir='ltr'>τῷ</span> <span class='ocrx_word' id='word_1_805' title='bbox 1223 5722 1392 5794; x_wconf 80' lang='grc' dir='ltr'>κρίνῳ</span> <span class='ocrx_word' id='word_1_806' title='bbox 1417 5764 1429 5788; x_wconf 95' lang='grc'><strong>,</strong></span> <span class='ocrx_word' id='word_1_807' title='bbox 1480 5723 1720 5788; x_wconf 84' lang='grc' dir='ltr'>ἀκάνθας</span> <span class='ocrx_word' id='word_1_808' title='bbox 1761 5724 1898 5789; x_wconf 74' lang='grc' dir='ltr'>ὅλως</span> 
     </span>
    </p>
   </div>
   <div class='ocr_carea' id='block_1_108' title="bbox 1997 4625 3578 4696">
    <p class='ocr_par' dir='ltr' id='par_1_108' title="bbox 1997 4625 3578 4696">
     <span class='ocr_line' id='line_1_108' title="bbox 1997 4625 3578 4696; baseline -0.002 -15"><span class='ocrx_word' id='word_1_809' title='bbox 1997 4637 2046 4682; x_wconf 82' lang='grc' dir='ltr'><strong>ει</strong></span> <span class='ocrx_word' id='word_1_810' title='bbox 2095 4643 2331 4696; x_wconf 71' lang='grc' dir='ltr'>(μιαιναηι</span> <span class='ocrx_word' id='word_1_811' title='bbox 2381 4643 2531 4696; x_wconf 83' lang='lat' dir='ltr'><strong>quem</strong></span> <span class='ocrx_word' id='word_1_812' title='bbox 2563 4625 2737 4694; x_wconf 84' lang='lat' dir='ltr'><strong>diligit</strong></span> <span class='ocrx_word' id='word_1_813' title='bbox 2779 4625 2960 4676; x_wconf 86' lang='lat' dir='ltr'><strong>anima</strong></span> <span class='ocrx_word' id='word_1_814' title='bbox 3005 4641 3140 4676; x_wconf 84' lang='lat' dir='ltr'><strong>meo.</strong></span> <span class='ocrx_word' id='word_1_815' title='bbox 3187 4625 3418 4690; x_wconf 73' lang='lat' dir='ltr'><strong>Qutesivi</strong></span> <span class='ocrx_word' id='word_1_816' title='bbox 3461 4641 3578 4678; x_wconf 86' lang='lat' dir='ltr'><strong>eum</strong></span> 
     </span>
    </p>
   </div>
   <div class='ocr_carea' id='block_1_109' title="bbox 1996 4713 3579 4783">
    <p class='ocr_par' dir='ltr' id='par_1_109' title="bbox 1996 4713 3579 4783">
     <span class='ocr_line' id='line_1_109' title="bbox 1996 4713 3579 4783; baseline -0.004 -10"><span class='ocrx_word' id='word_1_817' title='bbox 1996 4729 2046 4774; x_wconf 88' lang='lat' dir='ltr'><strong>et</strong></span> <span class='ocrx_word' id='word_1_818' title='bbox 2093 4736 2195 4772; x_wconf 87' lang='lat' dir='ltr'><strong>non</strong></span> <span class='ocrx_word' id='word_1_819' title='bbox 2234 4719 2406 4772; x_wconf 77' lang='lat' dir='ltr'><strong>inveni</strong></span> <span class='ocrx_word' id='word_1_820' title='bbox 2455 4733 2592 4769; x_wconf 77' lang='lat' dir='ltr'><strong>eunt.</strong></span> <span class='ocrx_word' id='word_1_821' title='bbox 2653 4713 2967 4767; x_wconf 75' lang='lat' dir='ltr'><strong>Inrencrunt</strong></span> <span class='ocrx_word' id='word_1_822' title='bbox 3030 4729 3108 4767; x_wconf 87' lang='lat' dir='ltr'><strong>me</strong></span> <span class='ocrx_word' id='word_1_823' title='bbox 3153 4715 3243 4783; x_wconf 86' lang='lat' dir='ltr'><strong>qui</strong></span> <span class='ocrx_word' id='word_1_824' title='bbox 3275 4715 3579 4768; x_wconf 84' lang='lat' dir='ltr'><strong>custodiunt</strong></span> 
     </span>
    </p>
   </div>
   <div class='ocr_carea' id='block_1_110' title="bbox 1997 4804 3576 4874">
    <p class='ocr_par' dir='ltr' id='par_1_110' title="bbox 1997 4804 3576 4874">
     <span class='ocr_line' id='line_1_110' title="bbox 1997 4804 3576 4874; baseline -0.003 -11"><span class='ocrx_word' id='word_1_825' title='bbox 1997 4812 2378 4864; x_wconf 80' lang='lat' dir='ltr'><strong>circumeuntes</strong></span> <span class='ocrx_word' id='word_1_826' title='bbox 2401 4810 2684 4862; x_wconf 77' lang='lat' dir='ltr'><strong>civitatem.</strong></span> <span class='ocrx_word' id='word_1_827' title='bbox 2716 4804 2856 4858; x_wconf 79' lang='lat' dir='ltr'><strong>Nam</strong></span> <span class='ocrx_word' id='word_1_828' title='bbox 2879 4821 3027 4874; x_wconf 85' lang='lat' dir='ltr'><strong>quem</strong></span> <span class='ocrx_word' id='word_1_829' title='bbox 3048 4805 3219 4874; x_wconf 83' lang='lat' dir='ltr'><strong>diligit</strong></span> <span class='ocrx_word' id='word_1_830' title='bbox 3241 4807 3420 4860; x_wconf 86' lang='lat' dir='ltr'><strong>anima</strong></span> <span class='ocrx_word' id='word_1_831' title='bbox 3442 4822 3576 4870; x_wconf 85' lang='lat' dir='ltr'><strong>mea,</strong></span> 
     </span>
    </p>
   </div>
   <div class='ocr_carea' id='block_1_111' title="bbox 1998 4895 3572 4966">
    <p class='ocr_par' dir='ltr' id='par_1_111' title="bbox 1998 4895 3572 4966">
     <span class='ocr_line' id='line_1_111' title="bbox 1998 4895 3572 4966; baseline -0.006 -9"><span class='ocrx_word' id='word_1_832' title='bbox 1998 4903 2248 4958; x_wconf 75' lang='lat' dir='ltr'><strong>uidistis?</strong></span> <span class='ocrx_word' id='word_1_833' title='bbox 2307 4899 2708 4966; x_wconf 80' lang='lat' dir='ltr'><strong>Quamprimum</strong></span> <span class='ocrx_word' id='word_1_834' title='bbox 2765 4912 2952 4963; x_wconf 83' lang='lat' dir='ltr'><strong>parum</strong></span> <span class='ocrx_word' id='word_1_835' title='bbox 3003 4896 3067 4948; x_wconf 90' lang='lat' dir='ltr'><strong>ab</strong></span> <span class='ocrx_word' id='word_1_836' title='bbox 3115 4897 3188 4948; x_wconf 82' lang='lat' dir='ltr'><strong>eis</strong></span> <span class='ocrx_word' id='word_1_837' title='bbox 3228 4897 3440 4958; x_wconf 85' lang='lat' dir='ltr'><strong>transii,</strong></span> <span class='ocrx_word' id='word_1_838' title='bbox 3471 4895 3572 4948; x_wconf 89' lang='lat' dir='ltr'><strong>do-</strong></span> 
     </span>
    </p>
   </div>
   <div class='ocr_carea' id='block_1_112' title="bbox 1999 4987 3576 5061">
    <p class='ocr_par' dir='ltr' id='par_1_112' title="bbox 1999 4987 3576 5061">
     <span class='ocr_line' id='line_1_112' title="bbox 1999 4987 3576 5061; baseline -0.008 -11"><span class='ocrx_word' id='word_1_839' title='bbox 1999 4995 2420 5050; x_wconf 83' lang='lat' dir='ltr'><strong>necinvenieum</strong></span> <span class='ocrx_word' id='word_1_840' title='bbox 2445 5007 2597 5061; x_wconf 83' lang='lat' dir='ltr'><strong>quem</strong></span> <span class='ocrx_word' id='word_1_841' title='bbox 2627 4989 2801 5058; x_wconf 86' lang='lat' dir='ltr'><strong>diligit</strong></span> <span class='ocrx_word' id='word_1_842' title='bbox 2853 4989 3034 5042; x_wconf 89' lang='lat' dir='ltr'><strong>anima</strong></span> <span class='ocrx_word' id='word_1_843' title='bbox 3066 5005 3202 5041; x_wconf 83' lang='lat' dir='ltr'><strong>utea.</strong></span> <span class='ocrx_word' id='word_1_844' title='bbox 3241 4987 3408 5041; x_wconf 86' lang='lat' dir='ltr'><strong>Tenui</strong></span> <span class='ocrx_word' id='word_1_845' title='bbox 3458 5003 3576 5039; x_wconf 74' lang='lat' dir='ltr'><strong>enni</strong></span> 
     </span>
    </p>
   </div>
   <div class='ocr_carea' id='block_1_113' title="bbox 1997 5079 3574 5144">
    <p class='ocr_par' dir='ltr' id='par_1_113' title="bbox 1997 5079 3574 5144">
     <span class='ocr_line' id='line_1_113' title="bbox 1997 5079 3574 5144; baseline -0.007 -3"><span class='ocrx_word' id='word_1_846' title='bbox 1997 5097 2045 5142; x_wconf 85' lang='lat' dir='ltr'><strong>et</strong></span> <span class='ocrx_word' id='word_1_847' title='bbox 2079 5104 2181 5140; x_wconf 83' lang='lat' dir='ltr'><strong>non</strong></span> <span class='ocrx_word' id='word_1_848' title='bbox 2213 5085 2394 5138; x_wconf 80' lang='lat' dir='ltr'><strong>dimisi</strong></span> <span class='ocrx_word' id='word_1_849' title='bbox 2423 5099 2563 5144; x_wconf 87' lang='lat' dir='ltr'><strong>eum,</strong></span> <span class='ocrx_word' id='word_1_850' title='bbox 2593 5081 2756 5134; x_wconf 83' lang='lat' dir='ltr'><strong>donec</strong></span> <span class='ocrx_word' id='word_1_851' title='bbox 2791 5097 2908 5133; x_wconf 86' lang='lat' dir='ltr'><strong>eum</strong></span> <span class='ocrx_word' id='word_1_852' title='bbox 2940 5080 3216 5134; x_wconf 80' lang='lat' dir='ltr'><strong>introdua&#39;i</strong></span> <span class='ocrx_word' id='word_1_853' title='bbox 3247 5079 3303 5132; x_wconf 85' lang='lat' dir='ltr'><strong>in</strong></span> <span class='ocrx_word' id='word_1_854' title='bbox 3359 5079 3574 5131; x_wconf 85' lang='lat' dir='ltr'><strong>domum</strong></span> 
     </span>
    </p>
   </div>
   <div class='ocr_carea' id='block_1_114' title="bbox 1999 5171 3572 5240">
    <p class='ocr_par' dir='ltr' id='par_1_114' title="bbox 1999 5171 3572 5240">
     <span class='ocr_line' id='line_1_114' title="bbox 1999 5171 3572 5240; baseline -0.005 -8"><span class='ocrx_word' id='word_1_855' title='bbox 1999 5179 2186 5232; x_wconf 78' lang='lat' dir='ltr'><strong>matris</strong></span> <span class='ocrx_word' id='word_1_856' title='bbox 2213 5183 2360 5240; x_wconf 67' lang='lat' dir='ltr'><strong>metu,</strong></span> <span class='ocrx_word' id='word_1_857' title='bbox 2399 5185 2448 5228; x_wconf 90' lang='lat' dir='ltr'><strong>et</strong></span> <span class='ocrx_word' id='word_1_858' title='bbox 2499 5176 2550 5226; x_wconf 87' lang='lat' dir='ltr'><strong>in</strong></span> <span class='ocrx_word' id='word_1_859' title='bbox 2573 5173 2816 5226; x_wconf 81' lang='lat' dir='ltr'><strong>conclave</strong></span> <span class='ocrx_word' id='word_1_860' title='bbox 2859 5171 2973 5240; x_wconf 84' lang='lat' dir='ltr'><strong>ejus</strong></span> <span class='ocrx_word' id='word_1_861' title='bbox 3023 5186 3141 5240; x_wconf 75' lang='lat' dir='ltr'><strong>qua:</strong></span> <span class='ocrx_word' id='word_1_862' title='bbox 3193 5185 3272 5222; x_wconf 86' lang='lat' dir='ltr'><strong>me</strong></span> <span class='ocrx_word' id='word_1_863' title='bbox 3316 5171 3572 5235; x_wconf 67' lang='lat' dir='ltr'><strong>concepit.</strong></span> 
     </span>
    </p>
   </div>
   <div class='ocr_carea' id='block_1_115' title="bbox 2001 5263 3576 5334">
    <p class='ocr_par' dir='ltr' id='par_1_115' title="bbox 2001 5263 3576 5334">
     <span class='ocr_line' id='line_1_115' title="bbox 2001 5263 3576 5334; baseline -0.005 -11"><span class='ocrx_word' id='word_1_864' title='bbox 2001 5271 2126 5324; x_wconf 82' lang='lat' dir='ltr'><strong>i’ost</strong></span> <span class='ocrx_word' id='word_1_865' title='bbox 2162 5270 2278 5322; x_wconf 65' lang='lat' dir='ltr'><strong>haec</strong></span> <span class='ocrx_word' id='word_1_866' title='bbox 2317 5281 2512 5321; x_wconf 88' lang='lat' dir='ltr'><strong>rursus</strong></span> <span class='ocrx_word' id='word_1_867' title='bbox 2564 5273 2784 5334; x_wconf 89' lang='lat' dir='ltr'><strong>propter</strong></span> <span class='ocrx_word' id='word_1_868' title='bbox 2843 5263 3228 5331; x_wconf 79' lang='lat' dir='ltr'><strong>benignitatem</strong></span> <span class='ocrx_word' id='word_1_869' title='bbox 3280 5263 3576 5330; x_wconf 77' lang='lat' dir='ltr'><strong>alloquitur</strong></span> 
     </span>
    </p>
   </div>
   <div class='ocr_carea' id='block_1_116' title="bbox 2000 5353 3576 5426">
    <p class='ocr_par' dir='ltr' id='par_1_116' title="bbox 2000 5353 3576 5426">
     <span class='ocr_line' id='line_1_116' title="bbox 2000 5353 3576 5426; baseline -0.004 -11"><span class='ocrx_word' id='word_1_870' title='bbox 2000 5361 2137 5416; x_wconf 75' lang='lat' dir='ltr'><strong>ﬁlias</strong></span> <span class='ocrx_word' id='word_1_871' title='bbox 2171 5359 2508 5418; x_wconf 87' lang='lat' dir='ltr'><strong>Jerusalem,</strong></span> <span class='ocrx_word' id='word_1_872' title='bbox 2550 5371 2692 5426; x_wconf 89' lang='lat' dir='ltr'><strong>quas</strong></span> <span class='ocrx_word' id='word_1_873' title='bbox 2733 5366 2894 5408; x_wconf 79' lang='lat' dir='ltr'><strong>antea</strong></span> <span class='ocrx_word' id='word_1_874' title='bbox 2925 5353 3334 5422; x_wconf 86' lang='lat' dir='ltr'><strong>comparatione</strong></span> <span class='ocrx_word' id='word_1_875' title='bbox 3361 5369 3576 5422; x_wconf 72' lang='lat' dir='ltr'><strong>Sponsae</strong></span> 
     </span>
    </p>
   </div>
   <div class='ocr_carea' id='block_1_117' title="bbox 2002 5445 3574 5523">
    <p class='ocr_par' dir='ltr' id='par_1_117' title="bbox 2002 5445 3574 5523">
     <span class='ocr_line' id='line_1_117' title="bbox 2002 5445 3574 5523; baseline -0.003 -18"><span class='ocrx_word' id='word_1_876' title='bbox 2002 5452 2451 5523; x_wconf 85' lang='lat' dir='ltr'><strong>pulchritudinis,</strong></span> <span class='ocrx_word' id='word_1_877' title='bbox 2503 5464 2668 5520; x_wconf 89' lang='lat' dir='ltr'><strong>quam</strong></span> <span class='ocrx_word' id='word_1_878' title='bbox 2724 5449 2837 5500; x_wconf 89' lang='lat' dir='ltr'><strong>lilio</strong></span> <span class='ocrx_word' id='word_1_879' title='bbox 2897 5446 3332 5504; x_wconf 83' lang='lat' dir='ltr'><strong>assimilaverat,</strong></span> <span class='ocrx_word' id='word_1_880' title='bbox 3385 5445 3574 5514; x_wconf 86' lang='lat' dir='ltr'><strong>spinas</strong></span> 
     </span>
    </p>
   </div>
   <div class='ocr_carea' id='block_1_118' title="bbox 1999 5539 3574 5614">
    <p class='ocr_par' dir='ltr' id='par_1_118' title="bbox 1999 5539 3574 5614">
     <span class='ocr_line' id='line_1_118' title="bbox 1999 5539 3574 5614; baseline -0.004 -18"><span class='ocrx_word' id='word_1_881' title='bbox 1999 5545 2308 5614; x_wconf 63' lang='lat' dir='ltr'><strong>appellavit,</strong></span> <span class='ocrx_word' id='word_1_882' title='bbox 2357 5551 2412 5597; x_wconf 91' lang='lat' dir='ltr'><strong>et</strong></span> <span class='ocrx_word' id='word_1_883' title='bbox 2467 5557 2564 5613; x_wconf 88' lang='lat' dir='ltr'><strong>per</strong></span> <span class='ocrx_word' id='word_1_884' title='bbox 2622 5539 3024 5609; x_wconf 86' lang='lat' dir='ltr'><strong>adjurationem</strong></span> <span class='ocrx_word' id='word_1_885' title='bbox 3075 5545 3412 5608; x_wconf 88' lang='lat' dir='ltr'><strong>potestatum</strong></span> <span class='ocrx_word' id='word_1_886' title='bbox 3450 5554 3574 5611; x_wconf 67' lang='lat' dir='ltr'><strong>quan.</strong></span> 
     </span>
    </p>
   </div>
   <div class='ocr_carea' id='block_1_119' title="bbox 1997 5629 3572 5699">
    <p class='ocr_par' dir='ltr' id='par_1_119' title="bbox 1997 5629 3572 5699">
     <span class='ocr_line' id='line_1_119' title="bbox 1997 5629 3572 5699; baseline -0.004 -9"><span class='ocrx_word' id='word_1_887' title='bbox 1997 5644 2126 5690; x_wconf 89' lang='lat' dir='ltr'><strong>sunt</strong></span> <span class='ocrx_word' id='word_1_888' title='bbox 2157 5635 2208 5687; x_wconf 88' lang='lat' dir='ltr'><strong>in</strong></span> <span class='ocrx_word' id='word_1_889' title='bbox 2239 5632 2462 5696; x_wconf 88' lang='lat' dir='ltr'><strong>mundo,</strong></span> <span class='ocrx_word' id='word_1_890' title='bbox 2495 5631 2621 5686; x_wconf 77' lang='lat' dir='ltr'><strong>facit</strong></span> <span class='ocrx_word' id='word_1_891' title='bbox 2655 5645 2946 5698; x_wconf 70' lang='lat' dir='ltr'><strong>assurgere</strong></span> <span class='ocrx_word' id='word_1_892' title='bbox 2979 5629 3044 5684; x_wconf 90' lang='lat' dir='ltr'><strong>ad</strong></span> <span class='ocrx_word' id='word_1_893' title='bbox 3105 5643 3288 5699; x_wconf 85' lang='lat' dir='ltr'><strong>parem</strong></span> <span class='ocrx_word' id='word_1_894' title='bbox 3351 5631 3572 5684; x_wconf 78' lang='grc' dir='ltr'>ιιεοὼιιιι</span> 
     </span>
    </p>
   </div>
   <div class='ocr_carea' id='block_1_120' title="bbox 1998 5719 3569 5790">
    <p class='ocr_par' dir='ltr' id='par_1_120' title="bbox 1998 5719 3569 5790">
     <span class='ocr_line' id='line_1_120' title="bbox 1998 5719 3569 5790; baseline -0.003 -11"><span class='ocrx_word' id='word_1_895' title='bbox 1998 5725 2303 5790; x_wconf 77' lang='lat' dir='ltr'><strong>charitatis,</strong></span> <span class='ocrx_word' id='word_1_896' title='bbox 2331 5731 2389 5776; x_wconf 93' lang='lat' dir='ltr'><strong>ut</strong></span> <span class='ocrx_word' id='word_1_897' title='bbox 2425 5723 2674 5777; x_wconf 80' lang='lat' dir='ltr'><strong>voluntas</strong></span> <span class='ocrx_word' id='word_1_898' title='bbox 2700 5721 2890 5790; x_wconf 78' lang='lat' dir='ltr'><strong>sponsi</strong></span> <span class='ocrx_word' id='word_1_899' title='bbox 2917 5722 2988 5776; x_wconf 90' lang='lat' dir='ltr'><strong>sit</strong></span> <span class='ocrx_word' id='word_1_900' title='bbox 3009 5721 3171 5776; x_wconf 88' lang='lat' dir='ltr'><strong>etiam</strong></span> <span class='ocrx_word' id='word_1_901' title='bbox 3201 5722 3254 5772; x_wconf 94' lang='lat' dir='ltr'><strong>in</strong></span> <span class='ocrx_word' id='word_1_902' title='bbox 3281 5719 3362 5773; x_wconf 88' lang='lat' dir='ltr'><strong>cis</strong></span> <span class='ocrx_word' id='word_1_903' title='bbox 3393 5720 3569 5774; x_wconf 77' lang='lat' dir='ltr'><strong>tortis.</strong></span> 
     </span>
    </p>
   </div>
  </div>
