3866 6408
391 252 506 328 eos

1647 271 1702 325 S.
1746 265 2074 327 GREGORH
2114 266 2399 327 NYSSENI

3565 263 3673 320 896

402 386 617 442 Dietum
648 394 733 440 est
770 392 948 440 autem
1000 386 1054 440 in
1115 387 1181 441 iis
1238 402 1358 456 qum
1398 396 1821 457 prteccsserunt,
1862 387 1986 459 quis

2108 386 2360 458 ὺνόμασε,
2394 388 2486 441 καὶ
2516 388 2603 442 διὰ
2648 387 2740 441 τοῦ
2785 387 2946 457 ὅρκου
2993 386 3097 439 τῶν
3138 386 3194 437 ἐν
3232 384 3309 457 τῷ
3353 384 3541 454 κόσμῳ
3579 384 3679 437 δυ-

405 479 475 534 sit
511 477 753 532 mundus
798 478 850 532 in
883 494 990 548 quo
1022 487 1149 534 sunt
1189 481 1418 535 virtutes
1450 496 1512 535 ac
1562 489 1886 549 potestates,
1940 493 1993 535 et

404 585 529 641 qua
564 569 637 623 sit
676 570 931 624 voluntas
958 570 1079 638 ejus
1111 571 1205 640 qui
1256 587 1320 626 cx
1356 579 1472 626 toto
1510 572 1675 626 corde
1719 572 1990 642 diligitur,

405 659 545 716 adeo
570 668 630 715 ut
665 674 776 713 non
814 660 886 716 sit
932 675 1073 730 opus
1103 660 1171 715 de
1220 660 1414 715 iisdem
1463 661 1735 732 prolixius
1786 660 1990 727 dicere,

405 768 530 808 cum
562 767 685 823 quae
722 753 776 805 in
809 753 995 808 verbis
1030 753 1183 823 prius
1222 752 1323 806 fuit
1372 753 1720 808 considerata
1772 760 1995 807 sentcn-

406 843 507 911 tia,
536 843 674 899 satis
704 842 949 898 declaret
979 844 1033 898 id
1069 844 1214 914 quod
1247 844 1301 898 in
1332 844 1437 899 hoc
1477 844 1601 898 loco
1649 844 1990 912 intelligitur.

408 931 513 989 Sed
544 933 910 1005 procedamus
957 934 1022 989 ad
1060 935 1109 989 id
1141 936 1285 1005 quod
1315 933 1576 1004 deinceps
1611 935 1885 1003 sequitur,
1935 943 1994 988 ut

409 1023 712 1087 videamus,
755 1041 885 1078 num
937 1023 1051 1079 ﬁeri
1092 1025 1266 1095 possit
1325 1034 1382 1078 ut
1446 1042 1546 1081 nos
1598 1042 1818 1096 quoque
1868 1044 1992 1082 cum

408 1112 650 1185 perfecta
681 1115 961 1177 columba,
1004 1132 1126 1185 qua:
1168 1117 1221 1171 in
1256 1118 1428 1170 altum
1472 1117 1672 1179 evolat,
1729 1120 1994 1172 ascenda-

411 1221 553 1273 mus,
584 1215 638 1261 et
698 1208 1000 1262 amicorum
1048 1210 1236 1279 sponsi
1273 1225 1460 1263 vocem
1510 1210 1826 1273 audiamus,
1897 1212 1992 1280 qui

407 1297 528 1365 ejus
555 1312 845 1354 ascensum
883 1316 950 1354 cx
987 1300 1208 1356 deserto
1259 1303 1549 1369 mirantur,
1594 1304 1739 1373 quod
1775 1305 1994 1375 quidem

410 1389 682 1458 praecipue
712 1398 1053 1460 spectatores
1086 1392 1140 1446 in
1172 1402 1454 1463 stuporem
1510 1396 1699 1462 trahit,
1746 1398 1995 1466 quando-

409 1477 636 1549 quidem
680 1480 843 1534 talem
879 1482 1138 1551 producit
1166 1484 1468 1548 desertum,
1507 1485 1587 1541 sic
1647 1497 1704 1541 ut
1738 1487 1994 1541 arborum

410 1570 879 1640 pulchritudinem
945 1574 1210 1649 imitetur,
1249 1590 1370 1645 quae
1409 1577 1460 1630 in
1511 1576 1733 1632 deserlo
1792 1594 1992 1647 vapore

412 1662 626 1717 Sumtus
659 1665 1007 1720 excoluntur.
1046 1664 1270 1722 Suiiitus
1302 1679 1483 1723 autem
1509 1678 1666 1723 erant
1699 1672 1915 1740 myrrha
1941 1680 1994 1725 et

415 1754 561 1810 thus.
588 1754 857 1810 Czeterum
901 1773 1008 1811 una
1040 1774 1159 1811 rum
1196 1775 1396 1830 vapore
1430 1775 1495 1815 ex
1552 1761 1636 1815 his
1692 1764 1996 1831 prodeunte

415 1844 595 1913 pulvis
620 1844 894 1914 quispiam
936 1847 1281 1901 excitabatur
1310 1856 1366 1903 et
1412 1849 1744 1903 ascendebat
1773 1868 1839 1906 ex
1874 1868 1996 1906 aro-

415 1935 655 1991 malibus
693 1937 1067 1991 comminutis.
1103 1937 1181 1991 Ita
1212 1949 1270 1993 ut
1305 1939 1426 1993 loco
1459 1941 1699 2010 pulveris
1722 1959 1843 1995 cu-u
1873 1961 1996 1999 acre

413 2028 559 2082 misti
620 2030 840 2084 subtilis
890 2030 1137 2100 qtmlam
1184 2040 1490 2086 aromatum
1554 2044 1702 2088 esset
1752 2037 1989 2106 diﬂ‘usio,

412 2116 572 2186 cujus
607 2120 655 2174 vi
691 2129 875 2177 rectus
898 2130 951 2174 et
982 2122 1236 2177 sublimis
1267 2123 1443 2192 pulvis
1479 2127 1820 2195 erumpebat.

2094 477 2310 546 νάμεων
2342 477 2476 547 πρὸς
2512 475 2572 529 τὸ
2608 477 2718 528 ἴσον
2748 476 2845 547 τῆς
2874 475 3091 546 ἀγάπης
3116 474 3415 545 διανίστησι
3452 474 3669 545 μέτρον,

2094 566 2233 619 ὥστε
2264 566 2323 619 τὸ
2350 566 2558 637 θέλημα
2601 565 2694 619 τοῦ
2725 566 2959 637 νυμφίου
2991 566 3086 620 καὶ
3115 565 3203 619 ἐπ’
3236 565 3418 618 αὑτῶν
3447 565 3677 635 ἐνεργὸν

2094 657 2361 726 γίνεσθαι.
2425 659 2650 730 Εἴρηται
2706 660 2762 712 δὲ
2826 662 2883 712 ἐν
2941 662 3053 723 τοῖς
3100 658 3360 727 φθάσασι,
3408 656 3491 720 τίς
3536 675 3595 710 τε
3639 657 3673 709 ὁ

2094 748 2300 817 κόσμος
2346 748 2403 799 ἐν
2512 749 2568 801 αί
2605 748 2786 819 ίσχύες
2834 750 2927 802 καὶ
2969 751 3024 802 αί
3072 749 3350 819 δυνάμεις,
3396 749 3491 802 καὶ
3520 747 3572 799 τί
3609 748 3671 799 τὺ

2096 839 2310 911 θέλημα
2334 838 2429 893 τοῦ
2463 838 2523 906 ἐξ
2566 840 2693 911 ὅλης
2740 842 2964 912 καρδίας
3011 860 3069 894 τε
3108 843 3202 894 καὶ
3233 842 3410 912 ψυχῆς
3446 841 3673 909 ἀγαπω-

2099 933 2285 1005 μένου,
2314 934 2389 998 ὡς
2416 933 2491 1006 μὴ
2521 933 2712 1005 χρείαν
2739 931 2877 987 εἶναι
2904 933 3065 987 πάλιν
3090 934 3156 987 δι’
3195 934 3372 987 αὐτῶν
3400 933 3489 986 τὸν
3514 933 3673 1001 λόγον

2097 1024 2452 1096 μηκύνεσθαι,
2483 1024 2583 1095 τῆς
2626 1023 3103 1097 προθεωρηθείσης
3147 1026 3277 1096 ἡμῖν
3313 1024 3374 1077 ἐν
3418 1028 3531 1086 τοῖς
3577 1024 3677 1095 ῥή-

2099 1134 2229 1187 μασι
2252 1116 2509 1180 διανοίας,
2529 1118 2591 1169 τὸ
2614 1119 2672 1169 ἐν
2696 1115 2773 1187 τῷ
2793 1117 2941 1187 τόπῳ
2969 1116 3144 1188 τούτῳ
3164 1115 3449 1186 νοούμενον
3473 1114 3677 1176 ἱκανῶς

2096 1207 2456 1280 φανεροὺσης.
2512 1208 2673 1262 Ἀλλὰ
2705 1208 2839 1279 πρὸς
2865 1208 2925 1261 τὸ
2956 1206 3149 1279 ἐφεξῆς
3192 1206 3287 1261 τοῦ
3332 1207 3491 1275 λόγου
3534 1223 3676 1277 προ-

2091 1301 2288 1371 ΐωμεν,
2321 1299 2482 1370 εἴπερ
2521 1299 2732 1368 γένοιτο
2769 1299 2990 1352 δυνατὸν
3024 1301 3117 1352 καὶ
3145 1301 3278 1370 ἡμῖν
3307 1297 3680 1367 συναναϐἧναι

2095 1395 2158 1462 τῇ
2189 1392 2370 1463 τελείᾳ
2403 1393 2705 1463 περιστερᾷ
2748 1390 2884 1462 πρὸς
2916 1391 2977 1444 τὸ
3024 1390 3158 1461 ὕψος
3189 1390 3551 1462 ἀνιπταμένῃ.
3582 1388 3680 1441 καὶ

2095 1482 2327 1539 ἀκοῦσαι
2357 1483 2456 1553 τῆς
2496 1482 2606 1536 τῶν
2644 1482 2813 1553 φίλων
2838 1481 2931 1535 τοῦ
2962 1483 3195 1553 νυμφίου
3222 1482 3423 1555 φωνῆς,
3458 1483 3516 1535 ἐν
3545 1481 3683 1534 θαύ-

2100 1572 2228 1646 ματι
2268 1574 2610 1645 ποιουμένων
2655 1573 2754 1645 τὴν
2787 1573 3053 1627 ἀνάϐασιν
3102 1574 3273 1645 αὐτῆς
3319 1572 3418 1644 τὴν
3468 1574 3529 1625 ἐκ
3577 1571 3683 1641 τῆς

2097 1668 2329 1740 ἐρήμοὺ,
2358 1665 2386 1719 δ
2414 1665 2477 1737 δὴ
2511 1665 2604 1719 καὶ
2636 1665 2836 1736 μᾶλλον
2868 1663 3148 1729 πλεονάζει
3190 1666 3303 1727 τοῖς
3333 1664 3546 1726 θεαταῖς
3579 1662 3684 1731 τὴν

2100 1761 2382 1830 ἔκπληξιν,
2416 1761 2465 1812 εἰ
2512 1758 2768 1828 τοιαύτην
2799 1758 2832 1829 ἡ
2867 1757 3071 1829 ἔρημος
3101 1755 3434 1816 ἀναδίδωσιν,
3483 1754 3560 1817 ὡς
3591 1771 3685 1823 μι-

2105 1851 2323 1926 μεῖσθαι
2366 1849 2597 1922 δένδρων
2644 1849 2857 1912 κάλλος,
2897 1847 3006 1900 τῶν
3040 1849 3096 1900 ὲν
3129 1849 3193 1917 τῇ
3227 1847 3417 1917 ἐρήμῳ
3443 1844 3528 1896 διὰ
3569 1842 3685 1894 τῶν

2101 1944 2289 2015 ἀτμῶν
2316 1940 2412 1995 τοῦ
2444 1941 2787 2010 θυμιάματος
2815 1938 3262 2010 γεωργουμένων.
3294 1937 3374 1989 Τά
3396 1936 3452 1989 δὲ
3483 1933 3685 2004 θυμιά-

2105 2054 2249 2109 ματα
2282 2034 2495 2105 σμύρνα
2538 2032 2632 2086 καὶ
2681 2031 2894 2095 λίϐανος
2927 2026 2995 2102 ἦν
3026 2047 3040 2061 ·
3094 2028 3173 2100 τῷ
3220 2028 3277 2081 δὲ
3325 2026 3430 2081 ἀπὸ
3474 2025 3686 2077 τούτων

2101 2128 2259 2200 ἀτμῴ
2303 2128 2396 2180 καὶ
2453 2125 2727 2195 κονιορτός
2778 2141 2862 2186 τις
2911 2123 2999 2176 διὰ
3044 2123 3151 2176 τῶν
3183 2119 3686 2189 λεπτοποιηθέντων

411 2210 721 2280 ἀρωμάτων
748 2213 1099 2284 συνηγείρετό
1124 2231 1181 2268 τε
1208 2214 1302 2268 καὶ
1330 2216 1707 2269 συνανέϐαινεν
1734 2236 1747 2249 ·
1782 2218 1854 2283 ὡς
1878 2221 1996 2274 ἀντὶ
2035 2222 2238 2284 κόνεως
2265 2215 2402 2273 εἶναι
2429 2219 2527 2289 τῆς
2553 2214 3008 2287 ἀνακεκραμένης
3064 2214 3199 2285 πρὸς
3260 2212 3350 2267 τὸν
3382 2211 3533 2281 ἀέρα,
3584 2209 3687 2280 τὴν

411 2301 721 2373 λεπτομερῆ
757 2302 864 2356 τῶν
890 2304 1198 2375 ἀρωμάτων
1230 2304 1496 2375 διάχυσιν,
1544 2307 1612 2360 δι’
1644 2304 1710 2378 ἦς
1754 2309 1934 2380 ὄρθιος
1966 2310 1994 2361 ὀ
2034 2312 2309 2385 κονιορτὸς
2340 2307 2407 2382 ἦν
2435 2310 2527 2363 καὶ
2562 2309 2852 2379 μετέωρος.

485 2394 657 2450 Porro
687 2403 872 2451 textus
905 2398 986 2451 sic
1013 2396 1173 2450 habet
1197 2415 1209 2449 :
1231 2396 1363 2463 Qua:
1382 2409 1459 2452 est
1483 2400 1588 2453 ista
1615 2416 1729 2470 quw
1760 2403 1998 2457 ascendit

2178 2405 2332 2475 Ἔχει
2363 2402 2419 2456 δὲ
2447 2401 2619 2463 οὕτως
2652 2402 2685 2470 ἡ
2715 2398 2877 2464 λέξις·
2922 2400 3013 2465 Τίς
3034 2397 3184 2465 αὕτη
3209 2398 3246 2465 ὴ
3271 2396 3691 2450 ἀναϐαἰοουσα

415 2487 481 2541 de
497 2486 704 2542 deserto
718 2488 854 2541 sicut
888 2490 1062 2541 trunci
1076 2488 1232 2557 fumi,
1247 2491 1460 2545 incensa
1489 2493 1705 2562 myrrha
1724 2504 1772 2546 et
1794 2495 1908 2549 thus
1935 2495 2000 2549 ab

2108 2495 2170 2548 ἐκ
2209 2492 2317 2562 τῆς
2356 2493 2577 2562 ἐρήμου
2598 2492 2677 2557 ὡς
2706 2488 2965 2558 στελέχη
3005 2487 3256 2547 καπνοῦ,
3286 2488 3693 2556 τεθυμιαμέιη

418 2576 658 2634 omnibus
688 2577 991 2647 palearibus
1026 2580 1476 2650 unguentarii?Si
1510 2585 1634 2651 quis
1662 2585 1904 2639 animum
1934 2587 2000 2640 ad

2108 2587 2347 2656 σμύρνα
2408 2583 2507 2637 καὶ
2565 2584 2811 2649 λίϐανος
2874 2581 2992 2635 ἀπὸ
3053 2579 3295 2633 πάντων
3359 2578 3692 2647 κονιορτῶν

414 2682 478 2722 ea
509 2684 631 2740 quae
672 2668 819 2722 dicta
876 2676 1007 2724 sunt
1042 2669 1333 2740 diligenter
1387 2673 1654 2738 attenuat,
1716 2676 1999 2729 veritatem

2108 2676 2403 2746 μυρεψοῦς
2460 2675 2529 2728 Εἴ
2565 2693 2647 2737 τις
2679 2674 2923 2744 ἀκριϐῶς
2967 2674 3275 2743 ἐπιστήσειε
3312 2676 3422 2736 τοῖς
3457 2673 3692 2743 εἰρημέ-

415 2756 714 2826 dogmatis,
750 2758 897 2828 quod
940 2774 970 2812 ιι
1003 2758 1162 2814 nobis
1205 2759 1358 2827 prius
1392 2761 1729 2817 intellectum
1776 2772 1879 2827 est,
1918 2764 2004 2818 in-

2108 2787 2218 2833 νοις
2249 2768 2341 2822 τὸν
2372 2768 2527 2830 νοῦν,
2572 2768 2797 2839 εὑρήσει
2842 2765 2935 2819 τοῦ
2984 2764 3508 2836 προκατανοηθὲντος
3546 2765 3695 2835 ἡμῖν

415 2850 616 2905 veniet.
647 2847 785 2904 Nam
816 2851 1278 2921 quemadmodum
1312 2854 1368 2908 in
1395 2854 1732 2910 theatrorum
1765 2858 1997 2926 pompis,

420 2938 546 2993 licet
568 2938 732 2993 iidem
759 2940 890 3003 sint,
915 2939 1010 3011 qui
1034 2941 1375 3012 propositam
1420 2945 1557 3014 ipsis
1584 2945 1869 3001 historiam
1902 2963 1999 3000 ex-

419 3028 628 3094 hibent,
664 3044 812 3084 nunc
847 3030 925 3094 hi,
957 3046 1106 3087 nunc
1137 3033 1216 3087 illi
1249 3049 1548 3090 censentur
1578 3051 1864 3108 apparere,
1903 3038 1996 3108 qui

2108 3042 2284 3105 αὐτοῖς
2354 3041 2595 3111 ἱστορίαν
2656 3038 3126 3109 ὑποκρινόμενοι,

421 3133 522 3189 pro
556 3120 819 3176 varietate
852 3138 1214 3193 personarum
1246 3126 1485 3195 speciem
1520 3137 1757 3194 mutant,
1791 3138 1845 3183 et
1909 3130 2004 3199 qui

423 3227 573 3267 nunc
605 3227 802 3267 servus
829 3226 922 3268 aut
948 3214 1112 3268 homo
1132 3216 1378 3284 privatus
1409 3226 1657 3286 apparet,
1692 3219 1857 3289 paulo
1883 3226 2008 3289 post

425 3305 657 3359 bellator
687 3313 783 3360 aut
811 3306 968 3363 miles
995 3310 1263 3373 cernitur,
1291 3316 1346 3364 et
1374 3293 1566 3364 rursus
1598 3310 1845 3365 habitum
1877 3312 2006 3367 sub-

423 3395 526 3450 diti
578 3396 876 3465 deponens,
940 3396 1290 3467 imperatoris
1346 3414 1635 3469 personam
1704 3411 1758 3456 et
1798 3402 2006 3456 cultum

426 3488 690 3552 assumit,
724 3499 818 3544 aut
850 3489 995 3561 regis
1028 3490 1265 3560 speciem
1301 3491 1477 3545 incinit
1518 3512 1530 3547 :
1577 3493 1656 3549 sic
1685 3502 1739 3549 et
1784 3493 1839 3547 in
1900 3495 2009 3547 vir-

429 3581 563 3636 tutis
595 3582 981 3653 progressibns
1028 3596 1137 3637 non
1196 3599 1415 3655 semper
1468 3584 1716 3640 eamdem
1775 3584 2011 3639 retinent

328 3704 331 3711 -
431 3673 660 3727 formam
690 3675 782 3743 qui
813 3688 843 3727 a
868 3673 1122 3730 claritate
1165 3675 1634 3731 transformamur
1695 3677 1750 3731 in
1787 3677 2012 3731 clarita-

429 3774 561 3831 tem,
596 3768 691 3821 sed
721 3781 822 3837 pro
855 3767 1069 3822 ratione
1097 3767 1364 3822 bonorum
1398 3767 1780 3839 perfectionis,
1812 3769 2014 3838 quibus

430 3874 490 3913 se
541 3857 776 3929 quisque
828 3858 1118 3928 praeditum
1170 3860 1434 3923 ostendit,
1493 3861 1750 3931 prOprius
1786 3860 2012 3932 quidam

430 3951 557 4005 vita:
586 3951 856 4005 illucescit
889 3948 1200 4014 character,
1246 3952 1390 4008 alius
1439 3951 1616 4008 factus
1666 3969 1731 4008 ex
1771 3956 1898 4024 alio,
1960 3966 2015 4013 et

431 4031 701 4111 apparens
751 4055 848 4111 per
883 4048 1238 4110 augmentum
1287 4044 1583 4097 bonorum.
1638 4046 2007 4111 Quamobrem

433 4131 564 4185 mihi
599 4129 856 4184 videntur
885 4130 1050 4185 amici
1099 4131 1288 4200 sponsi
1339 4140 1603 4202 tanquam
1674 4151 1786 4190 rem
1819 4154 2012 4193 noxam

433 4220 695 4275 admirari
730 4221 783 4275 id
813 4220 961 4292 quod
989 4230 1235 4292 apparet,
1268 4223 1363 4293 qui
1399 4224 1555 4294 prius
1611 4225 1831 4295 quidem
1891 4245 2013 4283 eam

434 4320 808 4385 cognovferunt
854 4312 1170 4383 pulchram;
1210 4314 1528 4383 pulchram,
1580 4315 1836 4385 inquam,
1874 4320 2017 4376 inter

434 4405 571 4461 alias
596 4404 893 4461 mulieres:
925 4414 1115 4475 postea
1168 4415 1352 4461 autem
1392 4409 1515 4461 auri
1546 4424 1765 4481 quoque
1816 4428 2014 4469 murae-
2046 4379 2089 4436 θ

434 4495 580 4554 nulis
604 4511 728 4552 cum
768 4498 912 4553 notis
947 4499 1161 4570 argenti
1195 4498 1317 4568 ejus
1373 4500 1706 4557 decoraruut
1768 4506 2018 4573 pulchri-

436 4587 705 4644 tudinem.
739 4587 901 4644 Nunc
932 4600 1115 4645 autem
1150 4592 1574 4661 praecedentium
1608 4604 1861 4650 notarum
1896 4599 2017 4650 uul-

437 4681 544 4733 lam
569 4680 864 4747 intuentes,
889 4680 985 4737 sed
1016 4696 1047 4736 a
1080 4682 1503 4739 sublimioribus
1537 4683 1690 4739 illam
1724 4686 2019 4757 iusignien-

437 4780 544 4836 tes,
572 4772 843 4825 mirantur
869 4787 976 4826 non
1005 4773 1185 4827 solum
1204 4787 1523 4837 ascensum,
1556 4775 1653 4831 sed
1675 4777 1840 4830 etiam
1875 4776 2021 4832 unde

438 4862 765 4918 ascenderit.
802 4861 914 4918 Hoc
945 4876 1030 4920 est
1058 4865 1205 4919 enim
1240 4866 1386 4936 quod
1424 4867 1684 4936 majorem
1713 4866 1872 4923 affert
1901 4879 2015 4925 stu-

436 4970 647 5025 porem,
673 4954 822 5025 quod
868 4971 976 5011 una
1013 4958 1129 5012 sola
1168 4966 1429 5013 cernatur
1469 4959 1766 5015 ascendere
1800 4975 2020 5030 compa-

435 5055 554 5104 rata
578 5047 790 5103 nemori
821 5063 1176 5118 procer-arum
1213 5050 1473 5105 arborum
1503 5070 1515 5106 :
1560 5060 1823 5121 putantur
1873 5054 2018 5107 enim

433 5135 692 5195 caudices
729 5137 784 5192 in
841 5139 1012 5192 altum
1063 5139 1361 5197 ascendere
1415 5149 1470 5196 et
1527 5157 1796 5198 crescere.
1862 5142 2019 5210 Quod

435 5235 620 5284 autem
648 5229 745 5284 alit
773 5228 1058 5294 caudices,
1092 5245 1203 5284 non
1249 5242 1334 5287 est
1383 5233 1565 5302 aliqua
1614 5242 1761 5288 terra
1800 5235 2020 5305 pinguis

340 5393 345 5397 θ
435 5325 494 5375 et;
528 5319 760 5390 irrigua,
798 5321 892 5376 sed
925 5319 1195 5388 squalida,
1256 5322 1411 5376 arida
1449 5331 1502 5378 et
1528 5323 1768 5379 deserta.
1799 5325 1855 5379 In
1882 5341 2021 5396 quo-

437 5425 565 5466 nam
603 5426 736 5482 ergo
784 5414 1002 5468 radices
1038 5423 1208 5481 agunt
1252 5412 1308 5466 hi
1359 5415 1579 5479 trunci,
1625 5424 1680 5470 et
1729 5417 1874 5472 unde
1916 5432 2020 5471 au-

440 5503 679 5570 gentur?
710 5502 886 5557 Radix
913 5504 1135 5573 quidem
1164 5511 1249 5559 est
1274 5503 1457 5573 pulvis
1511 5513 1845 5559 aromatum.
1888 5506 2021 5559 Irri-

422 5590 590 5669 ~salio
620 5604 799 5649 autem
838 5606 922 5651 est
975 5611 1143 5664 vapor
1196 5612 1263 5651 ex
1298 5595 1592 5663 sumtibus,
1636 5595 1883 5653 irrorans
1915 5597 2019 5652 hoc

447 5692 639 5736 nemus
667 5700 761 5752 per
788 5684 991 5742 bonum
1023 5688 1270 5754 odorem,
1301 5695 1559 5758 quantam
1607 5688 1768 5745 habet
1801 5670 2043 5746 laudcm‘

2105 2859 2373 2929 δόγματος
2401 2858 2498 2929 τὴν
2521 2857 2796 2928 ἀλήθειαν.
2832 2850 3048 2926 Ὠσπερ
3077 2854 3186 2925 γὰρ
3214 2855 3270 2906 ἐν
3288 2857 3406 2919 ταῖς
3438 2857 3693 2924 πομπαξ

2104 2950 2211 3003 τῶν
2237 2948 2480 3019 θεάτρων
2522 2947 2625 3001 κᾶν
2663 2948 2709 2999 oi
2752 2946 2906 2999 αὑτοὶ
2942 2939 3076 2998 ὦσιν
3112 2946 3160 2999 οί
3208 2944 3304 3016 τὴν
3330 2942 3703 3015 προτεθεῖσαν

3186 3039 3332 3106 ὅμως
3388 3035 3559 3105 ἕτεροι
3628 3034 3701 3099 ἐξ

2107 3133 2309 3204 ἐτέρων
2369 3132 2677 3203 νομίζονται
2730 3130 3014 3199 φαίνεσθαι
3075 3131 3124 3183 οἱ
3179 3132 3245 3199 τῇ
3295 3128 3524 3198 διατορᾷ
3570 3126 3698 3180 τῶν

2109 3222 2468 3294 προσωπείων
2507 3223 2568 3275 τὸ
2609 3216 2747 3284 εἶδος
2791 3220 2852 3274 τὸ
2886 3222 3014 3292 περὶ
3048 3220 3248 3292 ,αὑτοὺς
3285 3218 3703 3288 ἐναμείϐοντες,

2110 3318 2204 3371 καὶ⁹
2228 3315 2322 3369 νῦν
2359 3314 2544 3377 δοῦλος
2590 3314 2685 3368 καὶ
2737 3311 2951 3384 ἰδιώτης
2999 3310 3319 3381 φαινόμενος
3358 3310 3471 3380 μετ’
3506 3307 3699 3375 ὀλίγον

2110 3406 2367 3481 ἀριστεύς
2385 3424 2441 3459 τε
2462 3407 2558 3460 καὶ
2592 3405 2932 3478 στρατιώτης
2961 3405 3172 3476 ὁρᾶται.
3212 3402 3305 3455 καὶ
3340 3400 3499 3454 πάλιν
3520 3416 3702 3453 κατα-

2111 3499 2281 3554 λιπὼν
2324 3500 2387 3554 τὸ
2416 3498 2723 3571 ὑποχείριον
2757 3498 2963 3568 σχῆμα,
2997 3493 3356 3567 στρατηγικὸν
3394 3488 3528 3556 εἶδος
3558 3492 3704 3545 ἀνα-

2110 3590 2401 3662 λαμϐάνει,
2448 3588 2482 3661 ἢ
2517 3590 2611 3643 καὶ
2642 3588 2903 3659 βασιλέως
2946 3584 3157 3658 μορφὴν
3188 3581 3503 3636 ὑποδύεται·
3545 3579 3707 3633 οὕτω.

2114 3682 2206 3736 καὶ
2231 3682 2290 3736 ἐν
2317 3683 2438 3745 ταῖς
2477 3679 2619 3734 κατά
2654 3679 2750 3751 τὴν
2789 3677 2987 3750 ἀρετὴν
3017 3676 3340 3749 προκοπαῖς,
3373 3672 3433 3727 οὑ
3464 3672 3701 3727 πάντοτε

2113 3773 2193 3845 τῷ
2223 3772 2372 3844 αὐτῷ
2407 3772 2783 3842 παραμένουσι
2816 3768 3125 3842 χαρακτῆρι
3167 3768 3215 3820 οί
3262 3766 3369 3820 ἀπὸ
3403 3765 3558 3835 δόξης
3599 3763 3704 3818 διὰ

2113 3870 2213 3936 τῆς
2258 3867 2366 3920 τῶν
2416 3864 2762 3936 ὑψηλοτέρων
2820 3861 3111 3933 ἐπιθυμίας
3157 3857 3700 3930 μεταμορφούμενοι,

2115 3957 2251 4011 ἀλλά
2283 3955 2419 4028 πρὸς
2446 3955 2604 4024 λόγον
2631 3955 2718 4008 ἀεὶ
2751 3953 3189 4024 κατορθωθείσης
3213 3952 3429 4019 ἑκάστῳ
3449 3949 3547 4018 τῆς
3580 3948 3703 4001 τῶν

2115 4044 2337 4115 ἀγαθῶν
2360 4044 2718 4115 τελειότητος,
2758 4042 2889 4106 ίδιός
2911 4060 2996 4104 τις
3026 4040 3104 4112 τῷ
3128 4040 3227 4111 βίῳ
3256 4039 3537 4110 χαρακτὴρ
3567 4039 3696 4090 ἐπι-

2115 4138 2343 4210 λάμπει,
2370 4136 2529 4199 ἄλλος
2557 4134 2619 4199 ἐξ
2648 4133 2810 4190 ἄλλου
2831 4134 3135 4204 γινόμενος,
3167 4132 3257 4185 διὰ
3282 4134 3377 4203 τῆς
3420 4130 3528 4183 τῶν
3555 4132 3698 4198 ἀγα-

2118 4230 2226 4285 θῶν
2257 4228 2629 4300 ἐπαυξήσεως.
2670 4227 2760 4280 Διό
2786 4243 2876 4296 μοι
2897 4224 3112 4279 δοκοῦσι
3143 4221 3442 4288 ξενίζεσθαι
3468 4221 3599 4292 πρὸς
3628 4220 3698 4273 τὸ

2119 4320 2441 4393 φαινόμενον
2481 4319 2531 4370 oi
2575 4315 2716 4386 φίλοι
2766 4312 2862 4368 τοῦ
2900 4311 3155 4383 νυμφίου,
3198 4312 3246 4364 οἱ
3288 4309 3549 4379 πρότερον
3595 4306 3698 4377 μὲν

2116 4412 2285 4484 αὑτὴν
2323 4408 2626 4481 ἐγνωκότες
2664 4405 2855 4476 καλὴν,
2895 4402 3010 4459 ἀλλ’
3046 4402 3123 4464 ὡς
3154 4402 3212 4453 ἐν
3239 4399 3453 4468 γυναιξὶ
3483 4397 3655 4467 καλήν
3678 4412 3693 4425 ·

2118 4502 2258 4574 μετά
2284 4500 2457 4556 ταῦτα
2480 4499 2538 4553 δὲ
2564 4499 2631 4552 δι’
2653 4496 2947 4568 ὁμοιότητα
2969 4493 3191 4565 χρυσίου
3219 4490 3356 4563 μετά
3382 4490 3701 4559 στιγμάτων

2114 4589 2209 4644 τοῦ
2232 4587 2498 4660 ἀργυρίου
2535 4586 2597 4640 τὸ
2634 4584 2830 4647 κάλλος
2870 4583 3042 4652 αὐτῆς
3072 4579 3420 4653 ὼραῖζοντες.
3460 4578 3597 4631 Νυνὶ
3635 4577 3697 4630 δέ

2120 4683 2287 4756 μηδὲν
2322 4682 2433 4736 τῶν
2480 4679 2862 4753 προλαϐόντων
2902 4676 3143 4747 σημείων
3176 4675 3305 4745 περὶ
3349 4672 3514 4743 αὐτὴν
3560 4670 3694 4724 καθ-

2116 4777 2368 4847 ορῶντες,
2398 4773 2511 4827 ἀλλ’
2551 4771 2659 4826 ἀπὸ
2677 4772 2786 4824 τῶν
2814 4768 3158 4840 ὑψηλοτέρων
3185 4763 3691 4837 χαρακτηρίζοντες,

2119 4866 2489 4936 θαυμάζουσιν
2525 4863 2587 4918 οὒ
2632 4863 2790 4935 μόνον
2815 4861 2912 4933 τὴν
2951 4859 3156 4921 ἄνοδον,
3194 4857 3329 4911 ἀλλά
3357 4858 3452 4910 καὶ⁴
3479 4855 3600 4908 ὅθεν
3629 4853 3695 4907 ἂν

2119 4958 2372 5029 ἔδραμεν.
2422 4956 2593 5009 Τοῦτο
2631 4955 2740 5026 γάρ
2773 4956 2922 5007 ἐστιν
2952 4953 2980 5006 ὃ
3012 4951 3110 5023 τὴν
3152 4951 3399 5004 ἐπίτασιν
3429 4950 3568 5001 ποιεῖ
3597 4947 3698 5015 τῆς

2119 5049 2468 5122 ἐκπλήξεως’
2522 5048 2622 5119 μία
2663 5049 2855 5120 ὁρᾶται
2898 5048 2932 5117 ή
2965 5044 3330 5099 ἀναϐαίνουσα
3354 5081 3369 5104 ,
3420 5041 3512 5094 καὶ
3544 5040 3696 5093 ἄλσει

2118 5143 2345 5214 δένδρων
2374 5140 2437 5194 τὸ
2475 5139 2797 5210 φαινόμενον
2841 5135 3242 5208 παραϐάλλεται
3264 5152 3275 5165 ·
3326 5133 3549 5204 στελέχη
3590 5131 3699 5204 γὰρ

2121 5232 2347 5306 ὁρᾶσθαι
2381 5229 2659 5301 νομίζεται
2692 5229 2749 5290 ἐς
2778 5225 2913 5295 ὕψος
2942 5223 3307 5295 ἀνατρέχοντα
3344 5220 3437 5275 καὶ
3473 5219 3697 5285 αὐξανό-

2123 5341 2279 5395 μενα.
2309 5322 2381 5375 Τὸ
2401 5320 2458 5374 δὲ
2481 5318 2785 5390 ὑποτρέφον
2806 5315 2874 5370 τὰ
2901 5316 3126 5386 στελέχη
3150 5313 3345 5376 ταῦτα,
3367 5313 3427 5365 οὑ
3458 5312 3596 5364 πίων
3616 5311 3697 5373 τίς

2119 5420 2238 5471 ἐστι
2267 5417 2340 5487 γῆ
2378 5415 2473 5469 καὶ
2503 5413 2869 5484 κατάρρυτος,
2906 5410 3020 5465 ἀλλ’
3060 5408 3323 5482 αὐχμηρά
3354 5408 3445 5461 καὶ
3468 5405 3700 5474 διψώδης

2118 5526 2178 5561 τε
2219 5509 2313 5561 καὶ
2359 5506 2579 5578 ἔρημος.
2633 5505 2751 5559 Τίνι
2795 5504 2975 5559 τοίνυν
3017 5500 3328 5574 ἐρῤιζοῦται
3363 5498 3431 5553 τά
3475 5497 3697 5566 στελέχη

2120 5600 2420 5666 ταῦτα,καὶ
2439 5598 2559 5651 ὅθεν
2580 5596 2836 5663 abierat;
2869 5593 3024 5657 Ῥίςα
3046 5593 3145 5664 μὲν
3167 5593 3369 5654 αὑτοῖς,
3391 5587 3547 5659 ἡτῶν
3566 5587 3708 5656 ἀρω-

2127 5689 2309 5760 μάτων
2346 5687 2491 5750 κόνις
2530 5686 2695 5743 ἐστίν.
2737 5684 2950 5756 ’Δρδεία
2970 5682 3026 5736 δὲ
3060 5683 3089 5736 ό
3125 5683 3188 5736 ἐκ
3218 5679 3323 5735 τῶν
3347 5675 3699 5750 θυμιαμάτων
