3866 6364
264 499 386 555 897

1309 499 1377 556 ΙΝ
1402 499 1702 557 CANTICA
1742 501 2013 561 CANTIC.
2056 505 2343 566 HOMlLlA
2382 513 2470 570 Vl.

3467 515 3572 574 898

276 615 458 687 ἀτμὸς
476 613 833 686 ἑπιδροσίζων
847 614 937 669 διὰ
952 617 1051 685 τῆς
1066 614 1296 680 εὐωδίας
1309 615 1469 671 τοῦτο
1483 616 1544 670 τὸ
1563 615 1745 681 ἄλσος,
1760 617 1871 671 ὅσοι

1990 622 2040 678 id
2069 627 2214 695 quod
2246 626 2451 683 dicitur
2478 630 2621 699 ejus,
2653 631 2722 687 de
2746 647 2851 702 qua
2890 631 3059 687 latum
3095 630 3199 687 fuit
3247 630 3315 686 de
3336 629 3426 687 his
3459 640 3571 689 tes-

275 711 508 764 έπαινον
525 709 770 780 περιέχει
787 709 886 779 τῆς
906 709 1002 763 ἐπὶ
1022 711 1137 773 τοῖς
1150 709 1411 773 τοιούτοις
1432 709 1878 781 μαρτυρηθείσης

275 799 509 868 ὸλόγος.
553 799 626 852 Τό
645 816 705 852 τε
746 799 857 871 γάρ
895 798 1157 870 ἀλλήλους
1193 797 1456 872 διερωτᾷν
1491 802 1618 872 περὶ
1647 801 1748 870 τῆς
1781 802 1874 869 ὀφα

275 891 492 963 θείσης,
540 890 616 953 ὡς
665 892 725 945 ἔν
776 891 921 961 ἄλλῳ
963 891 1289 964 δεικνυμένῃ
1331 891 1410 962 τῷ
1456 891 1621 954 εῖδει,
1668 892 1762 946 καὶ
1812 893 1875 945 οὐ

281 985 426 1038 κατὰ
456 984 555 1054 τὴν
589 984 860 1055 προτέραν
901 982 1134 1056 μορφὴν,
1168 982 1443 1051 ἐγκώμιόν
1480 984 1595 1037 ἐστι
1629 983 1727 1055 τῆς
1754 986 1876 1037 κατ’

276 1076 487 1148 ἀρετὴν
540 1076 825 1147 προκοπῆς
871 1074 1248 1139 τελειότατον,
1295 1075 1497 1147 πολλὴν
1541 1076 1680 1147 αὐτῇ
1738 1093 1877 1147 μαρ-

280 1169 484 1241 τυροῦν
523 1168 622 1239 τὴν
658 1167 790 1239 πρὸς
825 1168 884 1220 τὸ
918 1170 1166 1239 κρεῖττον
1206 1166 1563 1238 παραλλαγὴν
1586 1168 1680 1221 καὶ
1711 1168 1876 1238 μετά-

276 1281 496 1319 στασιν.
549 1262 922 1334 Ξενιζομένων
971 1262 1080 1334 γάρ
1128 1265 1276 1316 ἐστιν
1321 1264 1355 1333 ή
1411 1263 1563 1335 φωνὴ
1617 1262 1769 1334 ποιρά
1814 1262 1876 1315 τὸ

278 1358 513 1430 σύνηθες
571 1354 711 1420 εἶδος
770 1357 828 1409 ἐν
881 1355 1120 1426 θαύματι
1173 1356 1513 1426 ποιουμένων
1556 1355 1656 1427 τήν
1703 1357 1874 1410 ἐπαν-

274 1447 482 1503 θοῦσαν
578 1448 832 1519 μορφὴν,
908 1446 991 1501 ὅτι
1047 1444 1202 1516 Αὕτη
1282 1447 1316 1518 ή
1385 1445 1752 1500 ἀναϐαίνουσα
1810 1448 1874 1501 ὲκ

282 1538 384 1609 τῆς
424 1539 671 1609 ἐρήμου,
730 1536 957 1609 μέλαινα
1010 1537 1073 1590 τὸ
1130 1537 1398 1609 πρότερον
1456 1539 1591 1608 ἡμῖν
1640 1537 1871 1609 ἑωρᾶτο,

272 1629 403 1693 πῶς
472 1630 573 1700 τὴν
648 1628 930 1700 σκοτεινὴν
1008 1628 1222 1701 μορφὴν
1293 1627 1667 1699 ἀπεκλύσατο;
1754 1629 1873 1693 πῶς

274 1721 419 1791 αὐτῇ
474 1720 727 1791 χιονῶδες
768 1719 1141 1792 ἐπαστράπτει
1189 1720 1252 1775 τὸ
1301 1720 1715 1791 πρόσωπονςἫ
1744 1720 1874 1792 ἔρη-

278 1815 387 1885 μός
432 1815 598 1878 ἔστιν,
643 1813 720 1878 ὡς
762 1813 959 1875 έοικεν,
1005 1812 1154 1867 αίτία
1197 1812 1422 1878 τούτων,
1464 1815 1497 1884 ή
1545 1813 1795 1885 καθάπερ
1820 1832 1871 1867 τι

273 1905 433 1977 ἔρνος
465 1904 794 1976 ἀναδραμεῖν
824 1905 995 1975 αὐτῆς
1030 1904 1092 1957 τὸ
1121 1903 1253 1974 ὕψος
1277 1904 1570 1975 ποιήσασα,
1602 1905 1697 1957 καὶ
1734 1904 1871 1975 πρὸς

1986 717 2300 775 timonium.
2372 721 2508 778 Nam
2557 733 2611 779 et
2656 726 2803 794 quod
2838 741 2897 781 se
2927 726 3159 782 invicem
3224 725 3571 797 interrogant

1979 806 2047 862 de
2077 823 2139 863 ea
2173 825 2295 880 qua:
2322 815 2597 884 apparuit,
2634 825 2893 886 tanquam
2927 819 2982 873 in
3016 820 3121 873 alia
3154 834 3276 889 quae
3321 818 3571 874 ostendi—

1979 907 2071 953 tur
2097 900 2295 969 forma,
2320 912 2375 959 et
2412 921 2522 960 non
2565 908 2619 962 iu
2648 923 2710 963 ea
2743 924 2867 979 quae
2902 911 3056 979 prius
3090 919 3231 975 erat,
3276 919 3362 965 est
3395 924 3569 967 enco-

1981 995 2153 1046 mium
2209 996 2354 1065 ejus,
2404 1013 2527 1067 quae
2578 1014 2640 1053 ex
2686 999 2938 1069 profectu
2977 1001 3033 1055 in
3087 997 3285 1052 virtute
3306 992 3560 1059 eﬂicitur,

1978 1084 2472 1153 perfectissimum,
2499 1096 2711 1146 testans
2733 1107 2983 1163 magnam
3011 1092 3131 1163 ejus
3159 1104 3281 1144 esse
3301 1088 3562 1146 differen-

1976 1176 2109 1229 tiam
2140 1187 2196 1232 et
2228 1181 2587 1237 mulationem
2613 1183 2666 1236 in
2686 1198 2750 1237 eo
2770 1184 2917 1253 quod
2946 1194 3031 1239 est
3057 1183 3275 1237 melius.
3297 1179 3390 1236 Est
3417 1181 3564 1236 enim

1975 1283 2082 1322 vox
2112 1272 2451 1341 stupentium
2488 1282 2545 1328 et
2585 1276 2965 1344 perculsorum
3002 1274 3387 1339 admiratione,
3418 1272 3566 1342 quod

1976 1371 2172 1429 praeter
2211 1359 2431 1414 solitum
2452 1359 2626 1416 forma
2650 1365 2859 1426 ﬂoreat,
2884 1379 3075 1439 nempe
3091 1365 3564 1433 Quemadmodum

1972 1468 2037 1509 ea
2052 1470 2173 1524 qua:
2193 1455 2441 1510 ascendit
2459 1470 2522 1511 ex
2543 1456 2919 1520 deserto,cum
2939 1457 3097 1527 prius
3112 1458 3273 1513 nobis
3288 1458 3569 1513 videretur

1971 1546 2149 1618 nigra,
2166 1547 2514 1603 tenebrosam
2535 1546 2766 1603 formam
2790 1548 3055 1603 abluerit?
3089 1549 3561 1620 quemadmodum

1971 1639 2021 1693 ei
2056 1639 2214 1695 nivea
2253 1638 2486 1711 refulget
2531 1638 2927 1712 pulchritudo?
2959 1640 3101 1695 Num
3154 1641 3458 1707 desertum,
3504 1648 3565 1696 ut

1969 1730 2207 1793 videtur,
2253 1740 2538 1788 estcausa
2575 1733 2723 1803 quod
2775 1734 2892 1804 ipsa
2942 1735 3088 1791 sicut
3130 1734 3427 1804 virgultum
3477 1748 3567 1790 as-

1970 1830 2162 1892 surgat
2195 1824 2251 1877 in
2277 1824 2468 1888 altum,
2503 1824 2676 1894 ipsam
2710 1824 2763 1878 in
2796 1841 2916 1880 cam
2943 1836 3166 1882 mutans
3197 1826 3567 1896 pulchritudi-

1971 1911 2274 1970 nem?Non
2305 1917 2451 1971 enim
2495 1931 2629 1974 casu
2673 1916 2922 1981 fortuito,
2973 1934 3152 1989 neque
3184 1919 3368 1988 aliqua
3420 1927 3570 1973 sorte

270 1974 340 2050 τί)
382 1974 621 2050 τοιοῦτον
669 1974 1077 2067 μεταϐάλλουσα
1122 1996 1342 2064 κάλλοςς
1371 1974 1445 2048 Οὐ
1479 1996 1587 2067 γάρ
1613 1995 1671 2063 ἐξ
1713 1974 1871 2049 αὺτο-

1974 2008 2093 2063 sine
2118 2008 2332 2063 delectu
2363 2007 2545 2065 factus
2579 2017 2664 2064 est
2697 2009 2786 2064 hic
2821 2011 2876 2065 in
2917 2009 3088 2063 altum
3123 2024 3390 2065 ascensus
3419 2023 3436 2063 :
3471 2008 3568 2064 sed

272 2090 453 2162 μάτου
483 2090 625 2154 τινὸς
660 2089 969 2161 συντυχίας,
1003 2089 1125 2143 οὐδὲ
1160 2088 1301 2142 κατά
1330 2088 1553 2158 ἄκριτόν
1580 2104 1700 2141 τινα
1733 2088 1870 2141 ἀπο-

270 2184 550 2255 κλήρωσιν
577 2181 799 2252 γέγονεν
842 2180 983 2253 αὕτη
1024 2183 1057 2253 ή
1107 2180 1243 2251 πρὸς
1270 2180 1332 2233 τὸ
1381 2179 1514 2250 ὕψος
1552 2178 1829 2251 ἀναδρομή
1853 2194 1867 2209 ο

269 2276 394 2330 ἀλλ’
426 2276 484 2344 ἐξ
511 2276 727 2330 οἰκείων
757 2274 935 2328 πόνων
967 2273 1034 2328 δι’
1069 2272 1396 2346 ἐγκράτειαν
1421 2274 1515 2327 καὶ
1549 2272 1871 2340 ἐπιμέλειαν

268 2367 337 2421 τὸ
370 2365 562 2429 κάλλος
599 2366 888 2437 ἐκτήσατο.
913 2364 1069 2419 Οὕτω
1126 2362 1257 2416 ποτὲ
1288 2363 1385 2416 καὶ
1407 2364 1440 2433 ή
1461 2361 1553 2416 τοῦ
1580 2363 1868 2434 Προφήτου

266 2456 421 2528 ψυχὴ
450 2456 686 2527 διψώδης
718 2458 933 2525 ἐγένετο
960 2456 1061 2526 τῆς
1088 2454 1238 2518 Θείας
1274 2452 1475 2525 πηγῆς,
1502 2453 1688 2525 ἐπειδὴ
1722 2452 1871 2523 αὐτῷ

267 2552 306 2621 ἡ
338 2548 476 2620 σάρξ
502 2549 706 2620 ἔρημός
742 2566 803 2603 τε
844 2550 940 2602 καὶ
967 2549 1166 2613 ἄϐατος
1203 2548 1297 2601 καὶ
1324 2545 1551 2617 ἄνυδρος
1580 2544 1873 2614 γενομένη,

264 2642 336 2696 τὸ
366 2641 504 2695 θεῖον
525 2641 677 2712 δίψος
704 2641 762 2694 ὲν
789 2642 956 2712 ἑαυτῇ
989 2640 1340 2713 παρεδέξατο.
1374 2638 1447 2691 Ίὺ
1470 2637 1650 2691 τοίνυν
1674 2640 1737 2690 ὲκ
1769 2635 1871 2704 τῆς

266 2735 481 2805 ἐρήμου
533 2732 847 2787 ἀναϐαίνειν
892 2733 1084 2803 αὐτὴν,
1126 2731 1432 2804 μαρτυρίαν
1486 2730 1729 2804 περιέχει
1775 2729 1869 2782 τοῦ

264 2822 364 2878 διὰ
413 2823 688 2896 προσοχῆς
730 2841 791 2877 τε
833 2823 929 2877 καὶ
979 2820 1302 2894 ἐγκρατείας
1353 2821 1413 2884 ἐς
1465 2820 1719 2874 τοσοῦτον
1776 2819 1870 2873 καὶ

266 2914 514 2968 τοιοῦτον
562 2912 692 2984 ὕψος
743 2914 1096 2986 ἀναδραμεῖν,
1150 2912 1226 2977 ὡς
1277 2912 1372 2966 καὶ
1411 2914 1525 2975 τοῖς
1559 2911 1732 2982 φίλοις
1775 2909 1868 2963 τοῦ

265 3005 511 3076 νυμφίου
551 3003 738 3075 θαῦμα
766 3003 1038 3073 γενέσθαι,
1071 3003 1120 3056 οἳ
1161 3002 1249 3057 διὰ
1289 3002 1501 3056 πολλῶν
1535 3001 1871 3072 ὖποδειγμά-
1908 3020 1915 3027 °

265 3114 383 3151 των
422 3096 483 3150 τὸ
527 3096 722 3160 κάλλος
768 3092 940 3164 αὐτῆς
984 3095 1399 3167 ἑρμηνεύουσιν,
1435 3094 1619 3165 ἐπειδὴ
1658 3093 1725 3147 δι’
1755 3093 1871 3157 ἐνὸς

267 3192 424 3245 ἅπαν
463 3188 864 3260 περιληφθῆναι
896 3188 993 3257 οὐχ
1017 3183 1129 3241 οἷόν
1156 3205 1214 3241 τε
1240 3183 1329 3259 ἦν.
1377 3188 1603 3259 Πρῶτον
1632 3188 1731 3258 μὲν
1761 3185 1870 3258 γάρ

1968 2115 2033 2155 ex
2070 2100 2187 2155 suis
2221 2100 2502 2156 laboribus
2535 2116 2633 2171 per
2682 2101 3081 2158 continentiam
3125 2109 3181 2155 et
3221 2100 3566 2171 diligentiam

1969 2193 2265 2262 acquisivit
2290 2194 2780 2263 pulchritudinem.
2808 2195 2886 2248 Ita
2910 2194 3076 2248 etiam
3108 2193 3405 2263 aliquando
3429 2188 3567 2245 Pto-

1967 2285 2146 2356 pheta:
2199 2288 2381 2341 anima
2430 2287 2534 2341 fuit
2576 2287 2772 2343 sitiens
2814 2286 3061 2342 divinum
3116 2285 3364 2349 fontem,
3414 2290 3569 2353 post-

1969 2396 2134 2450 quam
2170 2395 2302 2435 caro
2330 2396 2451 2451 quae
2477 2379 2527 2435 ei
2560 2388 2811 2436 evaserat
2837 2379 3083 2445 deserta,
3114 2380 3327 2434 nullum
3353 2377 3569 2433 habens

1970 2471 2203 2537 aditum,
2233 2472 2501 2543 aridaque
2527 2480 2583 2528 et
2605 2472 2898 2542 inaquosa,
2929 2472 3172 2526 divinam
3199 2471 3254 2524 in
3285 2485 3343 2526 se
3378 2484 3573 2526 susce-

1970 2564 2047 2636 pit
2091 2565 2261 2621 sitim.
2290 2563 2447 2631 Quod
2482 2582 2545 2620 ea
2579 2580 2713 2635 ergo
2749 2564 2999 2619 ascendit
3035 2565 3091 2619 in
3127 2563 3433 2629 desertum,
3463 2563 3570 2618 hoc

1969 2659 2226 2730 perhibet
2256 2658 2659 2722 testimonium,
2695 2657 2842 2726 quod
2882 2672 2978 2726 per
3009 2656 3343 2711 industriam
3389 2665 3572 2713 atten-

1968 2752 2285 2819 tionemque
2334 2756 2389 2804 et
2440 2748 2841 2803 continentiam
2891 2749 2946 2802 in
3005 2748 3175 2801 altum
3228 2747 3567 2812 ascenderit,

1970 2843 2108 2897 adeo
2157 2850 2217 2896 ut
2267 2850 2321 2896 et
2368 2842 2562 2896 amicis
2598 2841 2786 2911 sponsi
2834 2840 2887 2895 id
2939 2841 3011 2897 sit
3064 2839 3439 2904 admirationi,
3472 2842 3569 2913 qui

1969 2935 2159 2989 multis
2218 2933 2486 3002 exemplis
2547 2932 2668 3003 ejus
2717 2931 2999 3002 explicant
3050 2931 3569 3002 pulchritudinem,

1975 3025 2426 3098 quandoquidem
2466 3041 2575 3079 uno
2606 3041 2716 3079 non
2761 3033 2975 3094 poterat
3014 3025 3271 3080 universa
3315 3040 3573 3096 compro-

1971 3121 2160 3176 hendi.
2209 3119 2344 3175 Nam
2378 3120 2617 3190 primum
2671 3119 2893 3188 quidem
2948 3118 3275 3175 caudicibus
3322 3127 3416 3173 aut
3460 3119 3573 3173 vir-

1971 3215 2138 3285 gultis
2186 3213 2496 3268 assimilant
2548 3211 2670 3281 ejus
2734 3211 3244 3281 pulchritudinem,
3313 3225 3416 3265 nec
3472 3210 3571 3266 uni

267 3282 552 3354 στελέχεσι
600 3281 698 3354 τὴν
729 3282 879 3352 ὥραν
909 3279 1207 3345 εἰκάζουσι,
1241 3282 1336 3335 καὶ
1376 3282 1495 3334 οὐδὲ
1531 3279 1735 3334 τούτων
1766 3278 1866 3343 ἐνὶ,

1975 3307 2152 3363 solum
2181 3322 2245 3361 ex
2283 3304 2413 3369 illis,
2445 3303 2538 3359 sed
2577 3312 2629 3358 et
2677 3305 2938 3357 arborum
2970 3318 3192 3373 quoque
3225 3300 3570 3355 multitudini

266 3373 391 3428 ἀλλ’
422 3374 503 3437 είς
530 3372 733 3445 πλῆθος
763 3373 993 3444 δένδρων
1020 3373 1211 3441 ἄγεται
1257 3373 1366 3426 τῶν
1400 3374 1458 3425 ὲν
1487 3373 1623 3443 αὐτῇ
1660 3371 1865 3442 θαυμά-

262 3469 438 3540 τωνή
469 3466 706 3530 εἰκασία,
741 3467 817 3531 ὡς
865 3467 931 3520 ἂν
970 3466 1031 3519 τὸ
1066 3465 1345 3529 πολυειδὲς
1370 3466 1464 3519 καὶ
1495 3464 1735 3519 ποικίλον
1764 3463 1872 3517 τῶν

264 3559 486 3632 ᾶρετῶν
509 3561 573 3630 τῇ
606 3560 898 3630 ὑπογραφῇ
924 3556 1019 3611 τοῦ
1050 3556 1249 3621 ἄλσους
1288 3555 1691 3609 διαδεικνύοιτο.
1740 3552 1870 3608 Εἶτα

267 3646 483 3709 καπνὸς
524 3647 589 3699 ὲκ
632 3645 996 3717 θυμιαμάτων
1044 3646 1125 3709 είς
1156 3645 1255 3716 τὴν
1284 3644 1468 3699 εἰκόνα
1510 3644 1602 3698 τοῦ
1643 3645 1872 3709 κάλλους

265 3737 798 3809 παραλαμϐάνεται·
851 3738 946 3791 καὶ
991 3736 1112 3791 οὐδὲ
1156 3730 1311 3800 οὗτος
1350 3736 1586 3801 ἁπλοῦς,
1646 3737 1760 3789 ἀλλ’
1809 3738 1871 3789 ἐκ

269 3828 525 3900 σμύρνης
573 3828 668 3883 καὶ
717 3828 937 3884 λιϐάνου
995 3828 1459 3900 συγκεκραμένος,
1507 3828 1583 3893 ὡς
1641 3828 1768 3900 μίαν
1813 3828 1872 3894 ἐξ

265 3922 477 3993 ἀμφοῖν
507 3920 751 3990 γίνεσθαι
776 3920 885 3975 τῶν
914 3922 1103 3993 ἀτμῶν
1132 3922 1232 3993 τὴν
1264 3921 1444 3993 χάριν,
1467 3921 1535 3975 δι’
1575 3915 1651 3975 ὧν
1686 3923 1749 3974 τὸ
1773 3922 1872 3991 τῆς

268 4006 495 4086 νύμφης
527 4014 907 4085 ὑπογράφεται
943 4015 1157 4078 κάλλος.
1187 4014 1378 4079 Ἀλλος
1412 4014 1631 4077 ἔπαινος
1678 4014 1869 4085 αὐτῆς,

264 4107 303 4177 ἢ
342 4104 449 4159 τῶν
479 4105 788 4177 ἀρωμάτων
818 4104 1025 4159 τούτων
1072 4105 1282 4175 γίνεται
1329 4104 1494 4177 μίξις.
1528 4105 1595 4158 Ἥ
1632 4104 1868 4176 σμύρνα,

267 4202 413 4275 πρὸς
431 4202 523 4256 τὸν
544 4199 913 4270 ὲνταφιασμὸν
945 4198 1053 4252 τῶν
1086 4197 1354 4267 σωμάτων
1383 4195 1703 4267 ἐπιτηδείως
1735 4194 1867 4265 ἔχει’

264 4290 300 4348 ὁ
331 4292 388 4347 δὲ
416 4292 631 4356 λίϐανος
667 4291 810 4347 κατά
836 4308 957 4344 τινα
995 4289 1152 4359 λόγον
1182 4289 1485 4360 ἀφιέρωται
1517 4290 1582 4360 τῇ
1612 4286 1706 4341 τοῦ
1736 4287 1869 4341 Θεοῦ

266 4387 430 4458 τιμῇ.
481 4387 541 4438 '0
572 4383 749 4438 τοίνυν
802 4382 994 4437 ἑαυτὸν
1040 4381 1250 4453 μέλλων
1293 4381 1607 4436 ἀνατιθέναι
1649 4382 1717 4451 τῇ
1776 4379 1869 4433 τοῦ

268 4478 411 4533 Θεοῦ
446 4478 735 4551 θεραπείᾳ,
761 4478 861 4531 οὐκ
893 4476 1068 4542 άλλως
1096 4475 1246 4530 ἔσται
1275 4474 1491 4537 λίϐανος
1524 4473 1602 4544 τῷ
1624 4471 1743 4543 Θεῷ
1777 4471 1871 4526 θυ-

271 4567 571 4642 μιώμενος,
599 4569 647 4621 εί
676 4567 751 4639 μὴ
779 4568 1044 4639 πρότερον
1068 4567 1284 4639 σμύρνα
1304 4565 1537 4635 γένοιτο,
1565 4567 1867 4631 τουτέστιν,

266 4661 324 4712 εἰ
357 4659 430 4729 μή
466 4659 533 4712 τά
571 4657 667 4711 ἐπὶ
699 4660 799 4729 τῆς
836 4657 941 4727 γῆς
976 4655 1141 4711 αὐτοῦ
1184 4654 1319 4726 μέλη
1356 4652 1704 4725 νεκρώσειεν,
1742 4669 1871 4705 συν·
1901 4641 1946 4697 Ῑ)

265 4750 465 4817 ταφεὶς
492 4750 570 4821 τῷ
608 4748 767 4819 ἡμῶν
807 4747 1195 4818 ἀναδεξαμένῳ
1239 4744 1330 4800 τὸν
1368 4744 1619 4809 θάνατον,
1646 4745 1743 4798 καὶ
1771 4744 1869 4815 τὴν

269 4840 524 4911 σμύρναν
564 4842 779 4913 ἐκείνην
807 4840 905 4913 τὴν
945 4840 1003 4894 ὲν
1033 4838 1112 4911 τῷ
1152 4837 1508 4909 ὲνταφιασμῷ
1539 4835 1632 4892 τοῦ
1664 4837 1870 4909 Κυρίου

266 4933 749 5005 παραληφθεῖσαν,
785 4936 850 5005 τῇ
890 4934 1052 5004 σαρκὶ⁵
1089 4934 1155 5003 τῇ
1193 4931 1298 5005 ίδίᾳ
1336 4930 1424 4985 διὰ
1470 4930 1565 4984 τοῦ
1598 4930 1872 5004 νεκρῶσαι

265 5025 345 5080 τὰ
384 5027 519 5097 μέλη
570 5025 1032 5097 καταδεξάμενος’
1080 5019 1155 5081 ὧν
1200 5022 1527 5095 γενομένων,
1577 5025 1687 5077 πᾶν
1733 5021 1874 5087 εἶδος

266 5117 385 5172 τῶν
419 5118 539 5171 κατ’
573 5117 773 5189 ἀρετὴν
818 5116 1129 5189 ἀρωμάτων
1167 5116 1223 5169 ὲν
1268 5114 1346 5184 τῷ
1380 5112 1566 5185 κύκλῳ
1593 5111 1688 5165 τοῦ
1731 5112 1869 5183 βίον,

268 5206 529 5281 καθάπερ
580 5208 637 5260 ἐν
695 5206 821 5278 θυῖᾳ
872 5207 979 5260 τινλ⁵
1027 5203 1562 5275 λεπτοποιηθέντων,
1601 5202 1693 5255 τὸν
1742 5201 1871 5272 ἡδὺν

267 5300 482 5352 ἐκεῖνον
548 5298 824 5369 κονιορτὸν
884 5296 1287 5370 ἀπεργάζεται,
1338 5294 1397 5348 ὃν
1450 5292 1631 5349 λαϐὼν
1680 5293 1739 5347 ὲν
1791 5291 1872 5363 τῷ

268 5389 537 5461 ἄσθματι,
583 5387 813 5454 εὔπνους
852 5389 1079 5457 γίνεται,
1119 5387 1215 5442 τοῦ
1263 5385 1671 5459 μεμυρισμένον
1710 5384 1873 5439 πνεύ-

274 5499 450 5554 ματος
496 5481 709 5554 πλήρης
754 5481 1064 5551 γενόμενος.
1117 5479 1271 5534 Μετά
1320 5479 1419 5550 τὴν
1462 5479 1520 5532 ὲν
1564 5477 1644 5548 τῷ
1688 5476 1873 5532 κάλλει

274 5573 611 5645 μαρτυρίαν,
636 5573 687 5626 oi
719 5572 861 5642 φίλοι
890 5571 986 5626 τοῦ
1015 5572 1272 5643 νυμφίου,
1303 5571 1399 5625 κα¹ι
1422 5571 1875 5642 παρασκευασταὶ

266 5662 374 5719 τοῦ
411 5662 578 5733 ἁγνοῦ
610 5662 880 5734 θαλάμου,
927 5664 1022 5717 καὶ
1060 5664 1160 5734 τῆς
1202 5661 1451 5734 καθαρᾶς
1482 5660 1700 5733 νύμφης
1740 5679 1875 5732 προ-

277 5757 606 5832 μνήστορες,
638 5754 1080 5811 ὑποδεικνύουσιν
1126 5756 1263 5828 αὐτῇ
1310 5756 1409 5826 τῆς
1444 5753 1726 5826 βασιλικῆς
1755 5753 1873 5808 κλί-

1974 3406 2330 3470 c0mparatur
2379 3397 2502 3466 ejus
2552 3393 2909 3467 pulchritudo
2963 3394 3327 3457 admirabilis,
3379 3402 3438 3446 ut
3486 3392 3576 3448 de-

1975 3495 2277 3565 scriptione
2323 3492 2570 3548 nemoris
2622 3490 2950 3547 ostendatur
2998 3489 3263 3543 virtutum
3306 3487 3569 3544 varietas.

1975 3581 2181 3639 Deinde
2217 3582 2400 3637 fumus
2430 3597 2495 3635 ex
2529 3580 2803 3636 sumtibus
2829 3579 3137 3635 assumitur
3171 3578 3237 3632 ad
3276 3578 3571 3649 imaginem

1976 3672 2411 3744 pulchritudinis
2445 3691 2457 3726 :
2496 3686 2676 3740 neque
2729 3670 2819 3724 hic
2854 3668 3110 3738 simplex,
3161 3667 3255 3724 sed
3295 3668 3570 3723 sumtibus

1974 3766 2211 3838 myrrhae
2244 3773 2297 3819 et
2327 3764 2507 3819 thuris
2539 3762 2705 3819 simul
2734 3760 3076 3824 commistis,
3119 3768 3181 3814 ut
3218 3774 3285 3814 ex
3313 3760 3570 3830 utrisque

1973 3875 2084 3915 una
2123 3860 2196 3914 sit
2226 3859 2451 3929 vaporis
2479 3856 2680 3928 gratia,
2716 3870 2813 3925 per
2837 3868 2959 3924 qua:
2991 3867 3212 3923 sponsa)
3233 3851 3572 3907 describitur

1972 3952 2349 4025 pulchritudo.
2388 3952 2509 4005 Alia
2533 3951 2657 4006 laus
2699 3957 2786 4005 est
2830 3948 3025 4003 mixtio
3061 3952 3390 4005 aromatum.
3424 3943 3573 4017 llyr-

1975 4040 2074 4095 rha
2110 4049 2196 4096 est
2227 4048 2353 4110 apta
2384 4039 2449 4093 ad
2482 4054 2777 4110 corporum
2809 4038 3149 4102 sepulturam
3183 4055 3195 4091 :
3229 4036 3357 4091 thus
3388 4045 3569 4090 autem

1973 4145 2058 4193 est
2089 4136 2326 4207 quadam
2372 4135 2589 4190 ratione
2622 4140 3012 4189 consecratum
3061 4129 3259 4186 honori
3302 4127 3422 4184 Dei.
3466 4127 3571 4195 Qui

1974 4244 2032 4283 se
2065 4228 2181 4282 vult
2210 4242 2342 4298 ergo
2371 4224 2467 4281 Dei
2525 4225 2784 4280 dedicare
2816 4222 3013 4289 cultui,
3056 4238 3168 4277 non
3217 4220 3324 4277 erit
3362 4208 3570 4277 bonum

1958 4321 2105 4377 ‘thus
2156 4320 2266 4376 Deo
2307 4327 2721 4379 consecratum,
2769 4315 2878 4372 nisi
2922 4316 3076 4385 prius
3114 4313 3280 4368 fuerit
3321 4311 3570 4384 myrrha,

1975 4413 2078 4469 hoc
2107 4419 2212 4477 est,
2248 4409 2358 4465 nisi
2406 4408 2823 4464 mortiﬁcaverit
2858 4405 3105 4461 membra
3145 4420 3269 4475 qua.
3302 4411 3434 4459 sunt
3475 4418 3575 4459 sua

1974 4520 2072 4576 pra
2121 4514 2346 4569 terram,
2404 4501 2769 4571 consepultus
2814 4513 2940 4554 cum
2991 4511 3057 4552 eo
3106 4496 3202 4565 qui
3257 4510 3357 4566 pro
3407 4495 3572 4551 nobis

1974 4604 2210 4655 mortem
2247 4593 2515 4665 suscepit,
2546 4580 2601 4647 et
2631 4590 2911 4664 myrrham
2946 4587 3093 4641 illam
3133 4603 3255 4657 quae
3284 4594 3571 4658 assumpta

1976 4695 2061 4741 est
2108 4684 2174 4739 ad
2224 4682 2440 4737 Domini
2498 4678 2862 4749 sepulturam,
2916 4676 2973 4730 in
3020 4675 3244 4745 propria
3290 4688 3458 4730 carne
3501 4674 3572 4729 ad

1979 4774 2362 4834 mortilicanda
2387 4789 2487 4831 sua
2515 4771 2763 4828 membra
2791 4770 3089 4841 acceperit.
3114 4767 3248 4836 Quae
3273 4783 3397 4823 cum
3427 4766 3572 4822 facta

1981 4874 2209 4939 fuerint,
2241 4886 2404 4925 omne
2445 4884 2619 4941 genus
2651 4875 2961 4922 aromatum
2991 4882 3058 4921 ex
3092 4865 3323 4930 virtute,
3354 4863 3408 4917 in
3446 4863 3573 4918 vitae

1979 4964 2211 5030 circulo,
2270 4972 2533 5031 tanquam
2582 4959 2639 5014 in
2687 4958 2873 5029 aliquo
2908 4957 3178 5013 mortario
3233 4955 3289 5011 in
3339 4953 3572 5011 subtiles

1982 5063 2166 5127 partes
2196 5053 2686 5117 comminutorum,
2723 5065 2946 5106 suavem
2992 5050 3144 5104 illum
3190 5047 3354 5103 emcit
3383 5045 3572 5117 pulve-

1978 5165 2116 5209 rem,
2158 5160 2321 5217 quem
2367 5144 2461 5215 qui
2508 5142 2716 5214 accepit
2749 5142 2805 5197 in
2846 5141 3114 5204 anhelitu,
3165 5138 3373 5193 odorus
3402 5135 3572 5192 elﬁci-

1978 5248 2091 5305 tur,
2141 5238 2338 5308 plenus
2395 5234 2595 5306 spiritu
2654 5241 2936 5307 unguenta
2989 5231 3283 5289 redolenti.
3324 5227 3456 5284 Post
3500 5228 3571 5283 de

1977 5327 2398 5400 pulchritudine
2444 5328 2619 5381 latum
2666 5327 3071 5388 testimonium,
3127 5324 3292 5378 amici
3354 5320 3569 5392 sponsi,

1978 5428 2033 5475 et
2093 5418 2188 5490 qui
2248 5425 2446 5488 parant
2503 5417 2806 5472 thalamum
2854 5416 3242 5486 impollutam,
3305 5420 3362 5468 et
3420 5427 3573 5482 purae

1980 5525 2200 5581 Sponsa:
2246 5508 2508 5579 pronubi,
2565 5507 2865 5585 ostendunt
2915 5506 2964 5561 ci
3022 5503 3225 5574 regalis
3277 5500 3401 5557 lecti
3448 5498 3573 5567 pul-

1979 5598 2376 5664 chritudinem,
2428 5607 2488 5653 ut
2537 5612 2799 5669 sponsam
2844 5595 3040 5666 majori
3077 5591 3383 5649 accendant
3423 5587 3575 5670 desi-

1979 5688 2135 5745 derio
2167 5690 2369 5745 divinas
2414 5699 2468 5745 et
2511 5687 2880 5744 immaculata;
2924 5702 3051 5743 cum
3079 5700 3146 5742 eo
3176 5686 3301 5742 vita:
3335 5695 3570 5740 consuea

1980 5782 2212 5839 tudinis.

273 5892 378 5949 νης
404 5875 466 5930 τὸ
494 5873 712 5938 κάλλος,
741 5874 818 5937 ὡς
849 5872 916 5928 ἂν
954 5872 1155 5944 μᾶλλον
1192 5872 1249 5937 ὲς
1279 5870 1574 5941 ἐπιθυμίαν
1608 5868 1710 5939 τὴν
1744 5867 1961 5945 νύμφην
1989 5875 2251 5946 ἀγάγοιεν
2297 5875 2397 5948 τῆς
2430 5875 2580 5938 θείας
2634 5892 2695 5927 τε
2739 5872 2832 5927 καὶ
2875 5873 3148 5945 ἀχράντου
3220 5866 3338 5940 μετ’
3402 5858 3565 5918 αὐτοῦ

278 5963 657 6039 συμϐιώσεως.
