3866 6390
426 497 537 555 899

491 607 619 665 Haec
650 617 831 663 autem
863 615 947 663 est
995 607 1119 662 lecti
1172 608 1324 678 regis
1355 606 1675 677 descriptio,
1711 606 1779 661 de
1809 621 1914 676 qua
1947 606 2000 660 in
2032 607 2078 663 Δ

421 699 676 751 oratione
721 698 1154 752 demonstrativa
1201 712 1297 765 per
1345 712 1406 751 ea
1441 713 1563 767 qua:
1614 697 1897 750 disserunt
1952 698 2000 749 ei

423 789 629 857 aliquid
688 788 1003 857 relinquunt
1051 788 1501 844 existimandum.
1561 788 1757 842 Dii-unt
1806 789 1949 841 enim
1988 828 2000 840 .

420 879 554 935 Ecce
622 882 787 935 [crtus
855 881 1191 944 Salomonis,
1274 882 1550 950 sexaginta
1625 881 1789 948 fortes
1861 880 2003 931 circa

418 986 534 1023 eum
593 986 658 1022 ea:
703 970 926 1038 {ortibus
983 969 1169 1024 Israel.
1223 972 1415 1026 Omnes
1474 980 1699 1024 tenentes
1743 970 2001 1041 gladium,

416 1062 573 1130 periti
598 1078 811 1132 pugnw,
844 1062 1256 1132 uniuscujusque
1285 1064 1425 1116 ensis
1469 1079 1628 1131 super
1658 1062 1828 1130 femur
1849 1077 2004 1114 suum

416 1166 630 1222 propter
661 1165 928 1222 stuporem
974 1165 1313 1207 nocturnum.
1356 1157 1532 1222 Atque
1576 1153 1723 1222 quod
1781 1171 1887 1207 non
1936 1169 1999 1207 ex

420 1248 655 1301 historia
684 1248 902 1316 quidem
950 1248 1017 1301 de
1056 1248 1196 1300 lecto
1232 1248 1394 1300 verba
1449 1247 1603 1311 liant,
1638 1249 1812 1301 cuivis
1842 1248 2005 1302 fuerit

418 1338 769 1408 perspicuum
794 1352 889 1405 per
906 1352 967 1391 ea
989 1353 1111 1406 quae
1134 1338 1199 1391 de
1222 1336 1517 1391 Salomone
1544 1339 1745 1407 scripta
1768 1347 1893 1393 sunt
1919 1339 2003 1391 hi-

417 1430 629 1483 storice
669 1445 734 1483 ac
765 1431 1133 1499 corporaliter
1167 1448 1180 1483 :
1220 1430 1381 1498 cujus
1411 1440 1465 1484 et
1493 1447 1742 1484 mensam
1775 1431 2002 1500 regiam,

421 1528 476 1574 et
528 1522 800 1590 reliquum
844 1522 897 1575 in
942 1534 1110 1590 regno
1151 1530 1498 1591 apparatum,
1551 1523 1783 1593 vitteque
1836 1523 2003 1576 totius

422 1614 776 1669 traducenda:
825 1616 1094 1670 rationem
1140 1615 1563 1684 diligentissime
1606 1623 1660 1669 et
1696 1615 2001 1670 accuratis~

420 1708 558 1761 sime
597 1706 891 1775 descripsit
919 1708 1057 1761 liber
1095 1706 1298 1777 Regum
1330 1726 1341 1760 :
1378 1708 1504 1761 novi
1537 1717 1717 1762 autem
1753 1715 1806 1764 et
1842 1705 2004 1761 alieni

418 1796 487 1851 de
525 1797 664 1851 lecto
736 1799 874 1852 nihil
929 1798 1068 1853 dixit
1103 1818 1114 1852 :
1151 1800 1334 1869 itaque
1371 1801 1597 1853 Omnino
1645 1808 1729 1853 est
1778 1815 2006 1854 necesse

418 1890 971 1958 εκροεὶιίοηειηιιιοιι
1015 1908 1237 1945 manere
1272 1892 1325 1945 in
1375 1892 1578 1955 littera,
1625 1892 1720 1946 sed
1762 1892 2003 1960 aliquam

1683 490 1740 546 S.
1767 487 2094 547 GREGORII
2150 485 2448 545 NYSSENI

3590 485 3694 542 900

2184 604 2252 657 Ἢ
2294 604 2353 658 δὲ
2391 603 2682 675 ὑπογραφὴ
2727 603 2828 673 τῆς
2864 602 2958 657 τοῦ
3003 601 3266 674 βασιλέως
3312 602 3515 673 κλίνης.
3553 603 3694 672 αὐτή

2104 700 2270 759 ἐστιν,
2300 698 2364 767 ῆν
2409 696 2485 766 τῷ
2527 695 2781 766 δεικτικῷ
2826 695 2969 765 λόγῳ
3012 696 3104 748 ὑπ’
3146 694 3267 764 ὄψιν
3302 693 3524 761 ἄγουσιν
3557 693 3696 763 αὐτῇ

2101 788 2167 839 δι’
2217 782 2290 840 ὧν
2327 787 2712 857 διεξέρχονται.
2770 788 3000 855 Λέγουσι
3052 786 3189 856 γάρ·
3236 787 3381 840 Ἰδοὺ
3432 786 3470 853 ἡ
3516 787 3696 854 κλίνη

2104 879 2209 932 τοῦ
2236 879 2639 947 Σολομῶντος,
2667 879 2965 944 ἐξήκοντα
2985 878 3231 933 δυνατοὶ
3256 880 3462 941 κύκλῳ
3482 876 3697 947 αὐτῆς,

2103 971 2221 1025 ἀπὸ
2259 971 2534 1025 δυνατῶν
2576 971 2837 1038 Ἰσραὴλ,
2883 970 3109 1036 πάντες
3151 969 3508 1038 κατέχοντες
3549 966 3697 1038 ῥομ-

2104 1065 2309 1132 φαιάν,
2325 1064 2732 1132 δεδιδαγμένοι
2763 1065 3050 1132 πόλεμον
3098 1063 3274 1132 ἀνὴρ,
3292 1062 3561 1131 ῥομφαία
3592 1063 3700 1114 αὑ-

2104 1154 2210 1208 τοῦ
2240 1156 2335 1208 ἐπὶ
2366 1155 2473 1208 τὸν
2496 1156 2645 1224 μηρέ
2656 1172 2694 1208 ν
2721 1155 2926 1219 αὑτοῦ,
2959 1153 3077 1209 ἀπὸ
3109 1153 3370 1223 θάμϐους
3395 1154 3465 1207 ἐν
3492 1154 3696 1216 νυξίν.

2108 1248 2229 1300 Ὅτι
2263 1247 2359 1315 μὲν
2391 1242 2482 1299 οὖν
2514 1247 2613 1299 οὐκ
2645 1248 2708 1298 ἐκ
2741 1247 2837 1316 τῆς
2865 1246 3107 1316 ἱστορίας
3140 1247 3169 1298 ὀ
3206 1246 3335 1314 περὶ
3368 1246 3466 1316 τῆς
3510 1245 3703 1315 κλίνης

2105 1337 2262 1405 λόγος
2300 1337 2438 1401 ἐστὶ,
2474 1337 2633 1389 παντὶ
2668 1336 2822 1406 δῆλον
2851 1335 2918 1389 ἂν
2945 1332 3171 1404 γένοιτο,
3199 1335 3286 1389 διά
3313 1335 3423 1387 τῶν
3458 1351 3703 1404 σωματι-

2106 1430 2217 1493 κῶς
2247 1430 2375 1499 περὶ
2415 1428 2508 1483 τοῦ
2549 1428 2893 1499 Σολομῶντος
2943 1427 3353 1499 ἱστορηθέντων.
3401 1422 3476 1481 Οὗ
3510 1427 3606 1480 καὶ
3631 1425 3704 1479 τά

2108 1522 2355 1594 βασίλεια
2400 1522 2493 1575 καὶ
2536 1522 2634 1590 τὴν
2666 1520 2966 1592 τράπεζαν,
3010 1520 3104 1573 καὶ
3144 1520 3241 1589 τὴν
3281 1519 3477 1588 λοιπὴν
3525 1522 3587 1572 ἐν
3629 1519 3698 1589 τῇ

2109 1613 2353 1685 βασιλεία
2399 1612 2673 1682 διαγωγὴν
2724 1612 2858 1683 μετά
2906 1611 3085 1683 πάσης
3134 1608 3418 1681 ἀκριϐείας
3465 1611 3495 1661 ὁ
3540 1608 3703 1675 λόγος

2107 1705 2391 1776 ὑπέγραψε
2410 1722 2423 1736 ·
2455 1704 2637 1758 καινὴν
2661 1704 2715 1755 δέ
2738 1721 2789 1756 τι
2815 1704 2908 1756 καὶ
2938 1700 3389 1773 παρηλλαγμένον
3416 1696 3537 1753 εἷπε
3569 1698 3702 1770 περὶ

2107 1798 2204 1866 τῆς
2233 1796 2419 1864 κλίνης
2447 1795 2618 1856 οὐδὲν,
2642 1794 2715 1857 ὡς
2749 1795 2928 1847 πᾶσαν
2953 1795 3196 1863 ἀνάγκην
3227 1789 3385 1846 εἶναι.
3416 1791 3491 1861 μὴ
3528 1809 3704 1862 παρα-

2112 1891 2290 1958 μεῖναι
2331 1878 2409 1957 τῷ
2452 1888 2739 1957 γράμματι
2789 1886 2887 1957 τὴν
2939 1886 3214 1958 ἐξήγησιν,
3256 1885 3391 1938 ἀλλά
3427 1884 3516 1938 διά
3558 1901 3702 1946 τινος

417 1981 818 2036 αονιπιιιίυνθιη
853 1983 1319 2050 comprehendere
1350 1983 1787 2053 intelligentiam,
1823 1990 2003 2037 mente

2106 1975 2532 2047 ἐπιμελεστέρας
2583 1977 2961 2047 κατανοήσεως
3022 1975 3344 2046 μεταλαϐεῖν
3384 1974 3473 2027 τὸν
3520 1973 3701 2041 λόγον,

417 2071 655 2127 abducta
695 2087 725 2125 a
769 2074 1039 2127 materiali
1089 2076 1491 2145 significatione
1547 2076 1613 2129 ad
1659 2074 2003 2143 spiritualem

415 2162 567 2217 verbi
620 2165 1167 2233 contemplationem.
1217 2167 1351 2231 Quis
1382 2168 1527 2221 enim
1569 2168 1693 2222 lecti
1742 2168 2003 2237 nuptialis

418 2252 586 2307 fuerit
616 2265 852 2310 ornatus
883 2272 948 2310 ex
983 2258 1267 2326 sexaginta
1294 2260 1540 2324 armatis,
1574 2262 1665 2331 qui
1695 2276 1757 2315 ea
1792 2261 2003 2315 didice-

420 2354 554 2400 runt
576 2362 699 2416 qua:
743 2358 872 2402 sunt
904 2349 1031 2404 belli
1062 2352 1367 2405 terribilia?
1405 2351 1467 2405 Et
1491 2353 1616 2421 quis
1648 2362 1878 2409 ornatus
1918 2361 2003 2408 est

418 2435 569 2490 ensis
616 2450 727 2504 quo
764 2436 1073 2491 accinctum
1130 2445 1215 2491 est
1260 2440 1500 2508 corpus?
1548 2439 1688 2506 Quid
1738 2458 1867 2495 vero
1908 2443 2003 2511 qui

418 2523 565 2577 circa
596 2539 691 2578 eos
725 2536 809 2579 cst
858 2535 1053 2594 stupor
1102 2528 1451 2583 nocturnus?
1480 2526 1804 2584 Terribilem
1836 2532 2002 2586 eziatn

422 2622 705 2683 stuporem
741 2613 856 2670 ﬁeri
884 2632 949 2670 ex
992 2617 1322 2687 quihusdam
1356 2621 1644 2675 nocturnis
1674 2623 1999 2689 terroribus,

421 2719 517 2773 per
545 2706 792 2774 stuporis
825 2709 1154 2761 vocabulum
1198 2709 1443 2764 ostendit
1483 2714 1681 2777 oratio,
1725 2729 1885 2783 quem
1918 2716 2002 2769 liis

418 2795 573 2849 tiicit'
599 2798 824 2851 evenire
868 2802 1123 2853 armatis.
1174 2799 1269 2855 list
1308 2817 1443 2871 ergo
1485 2804 1717 2859 omnino
1760 2821 1857 2875 per
1888 2806 2004 2861 hinc

418 2888 583 2941 verba
628 2889 956 2959 quaerendus
1003 2907 1198 2945 sensus
1241 2903 1654 2949 consentaneus
1702 2910 1765 2949 ac
1809 2911 2006 2951 conse-

417 2992 596 3044 quens
646 2977 714 3031 iis
766 2993 889 3048 qua:
942 2982 1095 3050 prius
1141 2990 1269 3036 sunt
1317 2984 1687 3038 considerata.
1740 2986 1874 3051 Quis
1920 2997 2005 3043 est

417 3083 552 3138 ergo
605 3070 842 3123 sensus?
878 3069 972 3125 Est
1019 3082 1453 3127 consentaneum
1503 3076 1718 3129 ostendi
1763 3077 1910 3131 divin
1951 3095 2002 3132 m

422 3159 889 3230 pulchritudinem
925 3166 978 3215 in
1018 3171 1231 3217 terrore
1268 3164 1468 3220 habere
1505 3167 1710 3237 aliquid
1747 3171 2002 3235 amabile,

2105 2070 2185 2131 ei;
2216 2068 2593 2139 πνευματικὴν
2628 2066 2861 2139 θεωρίαν
2904 2069 3002 2137 τῆς
3047 2067 3238 2136 ὑλικῆς
3277 2068 3569 2135 ἐμφάσεως
3610 2064 3702 2117 τὸν

2104 2156 2228 2211 νοῦν
2258 2159 2687 2228 ἀποστήσαντες.
2718 2158 2814 2222 Τίς
2844 2158 2953 2230 γάρ
2984 2158 3049 2211 ἂν
3078 2158 3136 2224 ἐξ
3174 2157 3406 2210 ὁπλιτῶν
3438 2157 3702 2226 ἐξήκοντα

2106 2249 2492 2319 καλλωπισμὸς
2519 2249 2726 2319 γένοιτο
2750 2250 2938 2319 κλίνης
2964 2249 3259 2320 νυμφικῆς,
3290 2244 3373 2313 οἷς
3402 2249 3702 2319 μαθήματα

2109 2345 2206 2414 μὲν
2236 2343 2302 2395 τὰ
2333 2342 2536 2413 φοϐερὰ
2569 2339 2662 2397 τοῦ
2698 2342 2971 2412 πολέμους
3016 2342 3233 2410 Κόσμος
3276 2340 3332 2394 δὲ
3380 2342 3413 2411 ἡ
3461 2339 3705 2410 ῥομφαία

2106 2434 2523 2506 προϐεϐλημένη
2550 2434 2644 2488 τοῦ
2681 2432 2970 2505 σώματος;
3006 2430 3227 2504 Θάμϐος
3263 2431 3319 2484 δὲ
3351 2432 3478 2502 περὶ
3505 2432 3706 2493 αὐτοὺς

2105 2528 2439 2597 νυκτερινόν;
2473 2527 2583 2599 Τὴν
2616 2526 2723 2599 γὰρ
2772 2526 3006 2598 φοϐερὰν
3039 2524 3296 2596 ἔκπληξιν
3338 2518 3433 2595 τὴν
3480 2524 3546 2575 ὲκ
3593 2523 3707 2575 δειο

2109 2621 2292 2691 μάτων
2317 2619 2481 2674 τινῶν
2507 2619 2835 2690 νυκτερινῶν
2866 2619 3176 2690 γινομένην,
3201 2617 3289 2671 διά
3310 2618 3407 2688 τῆς
3432 2616 3529 2669 τοῦ
3565 2616 3702 2685 θάμ-

2105 2714 2231 2772 ϐους
2268 2713 2465 2779 λέξεως
2510 2712 2539 2764 ὁ
2580 2711 2737 2780 λόγος
2776 2692 3143 2772 ἐνδείκνυται,
3190 2710 3257 2781 ἢν
3302 2713 3414 2772 τοῖς
3449 2709 3704 2772 ὁπλίταις

2103 2804 2313 2867 τούτοις
2348 2805 2628 2874 προσεῖναι
2658 2803 2821 2871 λέγει.
2862 2800 3070 2856 Οὐκοῦν
3102 2802 3262 2854 παντὶ
3308 2803 3494 2871 τρόπῳ
3534 2799 3706 2870 ζητη-

2104 2896 2224 2949 τέον
2258 2894 2323 2948 ἂν
2368 2895 2451 2964 εἴη
2487 2893 2725 2949 διάνοιάν
2774 2910 2894 2947 τινα
2935 2893 3021 2947 διὰ
3058 2892 3165 2947 τῶν
3201 2883 3459 2964 ῥημάτων
3496 2891 3703 2944 τούτων

2107 2986 2643 3058 προτεθεωρημένοις
2683 2986 2994 3041 ἀκόλουθον.
3046 2986 3143 3050 Τίς
3186 2982 3277 3039 οὖν
3319 2986 3464 3037 ἐστιν
3506 2985 3538 3051 ὴ
3581 2983 3702 3036 διά-

2104 3096 2260 3145 νοια;
2297 3081 2481 3133 Ἐοικε
2528 3079 2589 3132 τὸ
2628 3078 2770 3133 θεῖον
2806 3075 3001 3142 κάλλος
3031 3080 3087 3132 ἐν
3120 3078 3195 3149 τῷ
3235 3076 3447 3149 φοϐερῷ
3474 3074 3533 3129 τὸ
3566 3069 3701 3145 Epic

2108 3189 2265 3243 σμιον
2298 3170 2464 3242 ἔχειν,
2500 3171 2607 3224 άπὸ
2640 3170 2746 3224 τῶν
2781 3162 3036 3224 ἐναντίων
3064 3168 3144 3240 τῷ
3184 3168 3480 3240 σωματικῷ
3511 3167 3700 3221 κάλλεε

420 3264 485 3303 ex
534 3249 604 3304 iis
632 3266 753 3318 quae
786 3258 918 3305 sunt
950 3254 1230 3307 contraria
1276 3270 1555 3325 corporea:
1584 3260 1999 3325 pulchritudini.

2106 3261 2472 3332 δεικνύμενον.
2519 3260 2783 3314 Ἐνταῦθα
2825 3260 2922 3332 μὲν
2965 3259 3074 3332 γάρ
3113 3260 3423 3329 ἐλεγκτικὸν
3455 3260 3533 3322 είς
3569 3260 3698 3343 txr-

420 3341 561 3395 Nam
602 3343 691 3397 hic
736 3343 956 3411 quidem
992 3345 1221 3399 attrahit
1262 3347 1327 3401 ad
1376 3349 1730 3417 cupiditatem
1773 3353 1823 3407 id
1857 3353 2003 3423 quod

419 3438 505 3486 cst
554 3431 719 3495 visui,
748 3432 1080 3501 jucundum,
1128 3437 1272 3506 quod
1330 3438 1591 3492 blandum
1637 3448 1691 3495 et
1733 3442 1802 3496 ab
1855 3444 2002 3497 οηίιιί

419 3522 651 3577 terribili
700 3526 934 3594 iratique
966 3527 1129 3581 animi
1178 3527 1464 3585 affectione
1505 3543 1840 3602 separatum.
1881 3536 2004 3589 Pul-

419 3614 679 3670 chritudo
718 3624 903 3670 autem
943 3618 1033 3672 illa
1071 3619 1126 3673 in
1163 3636 1328 3690 quam
1366 3639 1472 3676 non
1522 3626 1673 3679 cadit
1721 3627 2001 3692 interitus,

417 3714 502 3760 est
537 3708 714 3779 magni
746 3716 801 3763 et
830 3710 1033 3766 excelsi
1068 3711 1236 3766 animi
1273 3713 1445 3769 virtus
1482 3718 1767 3778 terribilis.
1798 3727 1853 3773 et
1882 3736 2005 3790 qua:

419 3802 525 3851 non
598 3808 776 3869 potest
825 3802 1148 3856 conturbari
1212 3813 1305 3857 aut
1358 3815 1585 3877 stupore
1644 3809 1805 3865 allici.
1865 3810 2001 3866 Nam

417 3893 678 3957 quoniam
711 3893 881 3947 animi
914 3895 1155 3949 motibus
1186 3896 1423 3951 obnoxia
1458 3906 1512 3953 et
1548 3899 1772 3955 sordida
1807 3917 2005 3973 corpo-

418 3996 540 4034 rum
601 3982 902 4053 cupiditas,
959 3986 1225 4041 membris
1279 3990 1465 4043 carnis
1506 3990 1777 4056 insidens,
1833 3995 2001 4049 veluti

419 4073 668 4142 quzedam
715 4077 1032 4144 praedonum
1064 4084 1279 4142 turmae,
1323 4081 1491 4134 menti
1534 4081 1847 4148 insidiatur,
1881 4101 2000 4139 eam

419 4179 801 4231 salienumero
835 4170 1106 4237 captivam
1149 4170 1215 4225 ad
1256 4187 1415 4226 suam
1446 4175 1719 4244 arripiens
1752 4180 2005 4234 volunta-

418 4261 529 4311 tem
565 4272 579 4310 :
616 4255 727 4311 Deo
751 4267 934 4312 autem
966 4259 1208 4317 evadcns
1245 4264 1492 4330 inimica,
1530 4266 1674 4321 sicut
1701 4268 1833 4323 dicit
1857 4270 2005 4341 Apo-

420 4352 619 4414 stolus,
648 4350 793 4420 quod
835 4352 1126 4421 prudentia
1172 4356 1358 4410 carnis
1390 4355 1499 4411 Deo
1538 4366 1624 4413 est
1664 4359 1886 4415 inimica
1914 4362 1999 4416 ηε

420 4453 707 4515 propterea
738 4453 822 4500 est
850 4461 1219 4516 consequens.
1269 4456 1327 4501 ut
1357 4448 1577 4506 divinus
1616 4466 1771 4507 amor
1815 4454 1905 4509 liat
1936 4471 2002 4510 ex

412 4538 486 4597 iis
519 4552 641 4606 quae
690 4543 820 4592 sunt
873 4520 1152 4593 contraria
1198 4542 1476 4611 corporali
1528 4543 1846 4613 cupiditati.-
1881 4546 2001 4615 Quo

2106 3353 2307 3424 θυμίαν
2342 3354 2457 3406 ἐστὶ
2489 3351 2550 3407 τὸ
2580 3351 2850 3426 προσηνὲς
2884 3356 2950 3424 τῇ
2992 3350 3111 3421 ὄψει
3148 3348 3243 3405 καὶ
3289 3350 3562 3422 μειλίχιον,
3601 3340 3700 3402 καὶ

2106 3446 2283 3514 πάσης
2317 3444 2552 3515 φοϐερᾶς
2594 3462 2653 3497 τε
2702 3445 2795 3498 καὶ
2824 3443 3104 3513 θυμώδους
3143 3441 3433 3505 διαθέσεως
3462 3457 3700 3511 κεχωρισ-

2105 3536 2321 3606 σμένον.
2358 3536 2431 3589 Τὸ
2459 3536 2733 3606 ἀκήρατον
2761 3535 2816 3587 δὲ
2848 3535 3039 3597 κάλλος
3084 3536 3277 3596 ἐκεῖνο,
3319 3536 3352 3605 ἡ
3400 3531 3602 3604 φοϐερά
3634 3539 3696 3583 τε

2103 3630 2195 3684 καὶ
2244 3628 2664 3700 ἀκατάπληκτος
2706 3627 2894 3698 ἀνδρία
2941 3625 3104 3680 ἐστίν.
3150 3626 3366 3693 Ἐπειδὴ
3398 3623 3501 3693 γὰρ
3528 3626 3558 3694 ἠ
3590 3625 3691 3692 ἐμ-

2104 3722 2283 3791 παθὴς
2310 3722 2405 3775 καὶ
2436 3721 2662 3792 ρυπῶσα
2703 3719 2809 3772 τῶν
2861 3720 3129 3789 σωμάτων
3170 3717 3433 3787 ἐπιθυμία
3457 3718 3563 3778 τοῖς
3590 3714 3700 3784 τῆς

2105 3811 2308 3883 σαρκὸς
2345 3810 2561 3882 μέλεσιν
2610 3810 2981 3883 ἐγκαθημένη,
3029 3810 3281 3880 καθάπερ
3320 3826 3369 3862 τι
3412 3806 3699 3876 σύνταγμα

2102 3902 2395 3977 λῃστρικὸν
2425 3904 2695 3975 ἐνεδρεύει
2735 3903 2826 3958 τὸν
2866 3900 3010 3967 νοῦν,
3052 3903 3145 3955 καὶ
3192 3901 3528 3972 αἰχμάλωτον
3566 3899 3701 3967 ἄγει

2105 3997 2364 4061 πολλάκις
2426 3995 2560 4068 πρὸς
2606 3997 2666 4049 τὸ
2719 3999 2917 4069 ἑαυτῆς
2971 3994 3218 4066 βούλημα
3267 3994 3698 4064 συναρπάσασαθ

2104 4087 2295 4157 ἐχθρὸν
2320 4086 2375 4140 δὲ
2403 4086 2480 4157 τῷ
2500 4086 2618 4157 Θεῷ
2650 4088 2711 4140 τὸ
2740 4085 3040 4156 γινόμενον,
3066 4086 3248 4149 καθὼς
3280 4103 3440 4157 φησιν
3468 4086 3497 4137 ὁ
3534 4084 3701 4137 Ἅπό⁶

2106 4178 2310 4241 στολος,
2340 4179 2422 4231 ὅτι
2456 4176 2516 4229 τὸ
2554 4178 2809 4249 φρόνημα
2844 4180 2942 4247 τῆς
2985 4177 3186 4248 σαρκὸς
3220 4176 3383 4247 ἔχθρα
3416 4177 3492 4238 εἰς
3528 4174 3696 4227 Θεὸνο

2103 4272 2192 4325 διὰ
2223 4270 2381 4324 τοῦτο
2411 4269 2699 4323 ἀκόλουθόν
2735 4272 2901 4331 ἐστιν,
2930 4271 2993 4322 ἐκ
3035 4269 3141 4321 τῶν
3174 4268 3428 4321 ἐναντίων
3461 4267 3555 4332 τῆς
3586 4283 3700 4319 cum

2108 4363 2345 4435 ματικῆς
2370 4361 2665 4432 ἐπιθυμίας
2704 4360 2794 4415 τὸν
2839 4360 2981 4413 θεῖον
3025 4359 3204 4430 ἔρωτα
3245 4358 3515 4428 γίνεσθαι’
3549 4356 3699 4410 ὥστε

2104 4458 2152 4510 εἰ
2177 4454 2381 4526 ταύτης
2411 4454 2733 4523 καθηγεῖται
2763 4452 2914 4513 λύσις
2948 4451 3039 4504 καὶ
3075 4451 3255 4513 ἄνεσις
3292 4450 3383 4503 καὶ
3417 4445 3699 4519 βλακώδης

2103 4549 2367 4618 διάχυσις,
2417 4547 2534 4599 ἐκεῖ
2570 4544 2668 4615 τὴν
2724 4541 2984 4612 ἐπίφοϐον
3033 4559 3093 4595 τε
3144 4542 3239 4595 καὶ
3280 4538 3699 4610 ἀκατάπληκτον

422 4625 479 4678 iit
529 4636 587 4680 ut
644 4628 690 4681 si
754 4629 920 4697 hujus
960 4630 1071 4683 dux
1126 4628 1291 4684 fuerit
1349 4633 1662 4697 dissolutio,
1727 4639 2001 4700 remissio,

2109 4639 2359 4711 ἀνδρείαν
2402 4636 2533 4708 ὓλην
2577 4634 2669 4689 τοῦ
2713 4635 2856 4689 θείον
2907 4634 3109 4704 ἔρωτος
3151 4633 3413 4702 γίνεσθαι.
3445 4631 3549 4685 Τοῦ
3583 4632 3695 4700 γὰρ

420 4717 713 4787 mollisque
763 4729 817 4772 ct
868 4731 1126 4774 enervata
1173 4722 1416 4781 dilTusio.
1451 4726 1565 4780 illic
1605 4728 1900 4785 vehemens
1949 4740 2003 4785 et

421 4825 543 4878 quae
592 4810 902 4878 perturbari
950 4829 1058 4866 non
1113 4824 1298 4883 potest
1343 4817 1513 4871 animi
1554 4822 1874 4889 magnitudo
1925 4824 2000 4878 sit

421 4902 649 4956 materia
705 4903 877 4957 divini
933 4907 1159 4962 amoris.
1208 4908 1345 4964 Cum
1401 4911 1546 4964 enim
1597 4911 1675 4965 ira
1727 4913 1893 4968 fortis
1938 4930 2002 4970 ac

421 4993 599 5049 virilis
633 4995 951 5051 insidiantis
981 5000 1276 5071 voluptatis
1304 5012 1513 5059 turmas
1538 5008 1915 5074 perterruerit,
1948 5016 2002 5062 et

419 5085 476 5141 in
509 5085 691 5159 fugam
727 5090 973 5154 vcrlcr’t,
1030 5099 1143 5145 tum
1196 5104 1423 5164 apparet
1470 5113 1607 5166 pura
1654 5102 1851 5155 animae
1887 5102 2005 5171 pul-

418 5176 696 5241 chritudo,
728 5181 881 5233 nullo
911 5190 1059 5236 motu
1096 5187 1368 5241 maculata
1395 5190 1698 5259 corporalis
1728 5194 2003 5264 cupidita-

420 5267 509 5321 tis.
549 5265 876 5325 Necessario
919 5274 1087 5343 igitur
1128 5278 1395 5345 nuptialis
1422 5281 1570 5350 regis
1602 5282 1780 5338 lectus
1809 5285 1879 5338 ab
1910 5300 2000 5338 ar-

420 5360 582 5414 matis
617 5361 1013 5426 circumdatur,
1064 5382 1299 5434 quorum
1340 5369 1464 5425 belli
1503 5372 1719 5441 peritia,
1760 5391 1825 5430 eo
1858 5378 2002 5446 quod

350 5466 361 5471 -
421 5461 585 5518 super
637 5450 815 5508 femur
867 5465 1117 5525 paratum
1166 5457 1405 5514 habeant
1451 5477 1678 5528 ensem,
1739 5475 2004 5523 terrorem

422 5534 576 5592 affert
604 5548 657 5594 et
687 5553 967 5613 stuporem
1007 5548 1323 5603 tenebrosis
1365 5552 1816 5621 cogitationibus,
1854 5568 1906 5612 et
1939 5556 2005 5614 iis

420 5628 515 5692 qui
567 5630 622 5683 in
672 5632 912 5690 obscuro
956 5637 1314 5707 insidiantur,
1364 5650 1419 5697 et
1469 5644 1691 5714 sagittis
1737 5654 2004 5717 appetunt

417 5728 605 5776 rectos
633 5724 820 5778 corde.

498 5899 544 5930 “
601 5900 754 5955 Roth.
799 5919 916 5968 Vill,
958 5907 1009 5961 7.

2100 4730 2401 4801 ἀνδρώδους
2445 4727 2619 4798 θυμοῦ
2662 4727 2752 4781 τὸν
2799 4726 2898 4795 τῆς
2951 4726 3143 4795 ἡδονῆς
3190 4718 3346 4792 λόγον
3384 4724 3693 4794 καταπτοή-

2102 4821 2295 4884 σαντός
2338 4839 2398 4874 τε
2436 4821 2530 4873 καὶ
2572 4815 3030 4887 φυγαδεύσαντος,
3064 4812 3206 4866 οὕτω
3232 4812 3291 4866 τὸ
3323 4812 3557 4883 καθαρὸν
3593 4814 3696 4882 τῆς

2099 4913 2277 4984 ψυχῆς
2306 4912 2660 4981 ἀναφαίνεται
2702 4909 2917 4972 κάλλος,
2957 4906 3147 4979 μηδενὶ
3175 4906 3336 4960 πάθει
3380 4906 3696 4976 σωματικῆς

2109 5003 2405 5074 ἐπιθυμίας
2444 5000 2981 5074 καταρῤυπούμενον.
3038 4997 3245 5050 Οὐκοῦν
3296 4996 3605 5063 ἀναγκαίως
3656 4989 3693 5067 ἢ

2108 5094 2353 5167 νυμφικὴ
2382 5095 2475 5148 τοῦ
2506 5091 2768 5165 βασιλέως
2807 5090 2962 5161 κλίνη
3009 5090 3121 5152 τοῖς
3151 5088 3391 5152 ὁπλίταις
3427 5089 3482 5140 ἐν
3512 5080 3697 5158 κύκλῳ
3792 5094 3799 5101 ·

2108 5186 2553 5257 διαλαμϐάνεται,
2585 5178 2659 5238 ὧν
2692 5184 2725 5257 ἡ
2769 5184 2862 5237 τοῦ
2915 5182 3168 5253 πολεμεῖν
3200 5181 3480 5253 ἐμπειρία,
3516 5182 3609 5235 καὶ
3636 5176 3698 5236 τὸ

2110 5280 2396 5350 πρόχειρον
2426 5278 2569 5348 ἔχειν
2595 5279 2685 5330 ἐπὶ
2715 5276 2807 5330 τοῦ
2836 5275 3009 5347 μηροῦ
3036 5275 3135 5347 τὴν
3165 5274 3455 5346 ῥομφαίαν,
3487 5272 3691 5342 θάμεοι,

2104 5372 2198 5424 καὶ
2238 5370 2498 5441 ἔκπληξιν
2548 5371 2769 5440 ἐμποιεῖ
2810 5371 2921 5430 τοῖς
2968 5366 3349 5436 σκοτουμένοις
3390 5367 3692 5434 λογισμοῖς,

2103 5465 2212 5525 τοῖς
2244 5465 2300 5517 ἐν
2328 5458 2444 5527 νυξί
2472 5479 2528 5514 τε
2557 5462 2650 5516 καὶ
2678 5460 2981 5530 σκοτομήνῃ
3024 5460 3149 5513 τοὺς
3185 5459 3358 5522 εὖθεῖς
3498 5455 3697 5528 καρδίᾳ

2102 5553 2317 5625 λοχοῦσί
2349 5572 2407 5608 τε
2433 5554 2525 5608 καὶ
2555 5553 2886 5619 τοξεύουσιν.
