3866 6394
122 512 243 569 sor
1244 502 1308 557 IN
1348 500 1647 557 omnes
1680 497 1951 555 «nunc.
1999 499 2285 556 uorum
2330 502 2415 559 VI.
3340 509 3445 567 θοῇ

212 622 368 678 ’⁸οτι
415 621 521 693 γὰρ
542 619 859 692 ἀναιρετικὴ
887 618 994 672 τῶν
1022 620 1281 690 ῥυπαρῶν
1312 619 1515 690 ἡδονῶν
1548 621 1694 671 ἐστιν
1728 634 1739 670 1

1935 616 2088 683 Quod
2129 618 2273 673 enim
2311 620 2579 676 obscenas
2602 622 2907 693 voluptates
2932 625 3110 680 deleat
3131 642 3194 680 ac
3217 637 3445 695 perimat

125 721 255 773 τῶν
314 718 850 788 περιστοιχισμένων
896 715 995 787 τὴν
1034 715 1218 785 κλίνην
1253 715 1558 780 ὲξόπλισις,
1602 714 1652 766 δί

1913 724 2052 762 rrum
2094 711 2185 779 qui
2225 711 2421 765 lectum
2455 714 2703 768 ambiunt
2736 725 3011 769 armatura
3035 756 3048 780 ,
3089 720 3440 788 perspicuum

128 810 205 862 ἂν
257 809 493 876 γένοιτο
521 810 609 862 διὰ
645 809 741 878 τῆς
780 806 1106 877 ὑπογραφῆς
1146 806 1240 858 τοῦ
1272 806 1452 874 λόγου,
1489 806 1546 867 ὃς
1575 822 1650 874 φη

1911 804 2028 856 ierit
2064 818 2130 856 ex
2169 802 2287 870 ejus
2325 802 2473 872 quod
2510 813 2595 858 est
2634 805 2687 858 in
2728 816 2984 861 contextu
3025 809 3393 878 desciiptioue
3426 829 3438 864 :

125 901 221 953 ὅτι
254 899 514 965 Πάντες
543 898 948 968 δεδιδαγμένοι
998 899 1284 964 πόλεμον,
1312 896 1467 964 ἀνὴρ
1497 898 1652 964 poma

1920 894 1952 945 ti
1988 894 2059 946 ita
2090 893 2289 957 habet,
2333 895 2525 955 Omnes
2555 898 2709 964 periti
2756 914 2943 969 pugna'
2971 938 2983 962 ,
3030 901 3442 973 uniuscujusque

126 992 345 1046 αὐτοῦ
383 993 485 1045 ἐπὶ
520 993 628 1046 τὸν
654 991 851 1061 μηρὸν
878 990 1083 1045 αὑτοῦ.
1131 988 1369 1058 Ἀληθῶς
1406 988 1515 1060 γὰρ
1544 989 1652 1041 είδό

1915 985 1999 1037 isis
2031 1000 2194 1053 supra
2221 984 2392 1052 femur
2414 1002 2589 1041 suum.
2619 987 2830 1043 IIevera
2861 991 3007 1045 enim
3039 1002 3096 1045 ut
3125 993 3323 1047 bellum
3348 1008 3442 1065 ge-

129 1087 321 1147 ὲστὶν,
359 1086 516 1148 ὅπως
565 1082 1079 1156 ἀντιστρατεύεσθαι
1116 1082 1220 1153 χρὴ
1253 1085 1319 1154 τῇ
1360 1081 1522 1153 σαρκί
1566 1098 1622 1133 τε

1911 1083 2020 1128 ιιιιι·
2060 1075 2324 1132 adversus
2362 1078 2708 1149 voluptates,
2750 1090 2965 1150 oportet
3014 1084 3166 1137 carni
3208 1095 3261 1139 et
3302 1100 3438 1141 san-

124 1177 214 1246 τῷ
257 1178 494 1245 αἵματι,
537 1179 595 1231 ὲν
620 1177 699 1247 τῷ
726 1177 824 1247 τὴν
862 1176 1134 1246 ῥομφαίαν
1171 1176 1263 1228 ἐπὶ
1299 1173 1378 1244 τῷ
1428 1172 1586 1244 μηρῷ
1617 1173 1651 1241 ἐς

1908 1169 2012 1221 uini
2032 1209 2045 1231 ,
2069 1176 2329 1238 tanquam
2358 1170 2585 1236 femori,
2609 1188 2796 1228 ensem
2824 1174 3023 1229 habere
3047 1176 3435 1231 accommoda-

128 1269 616 1339 ὲφηρμοσμένην.
648 1268 778 1321 Νοετ
802 1269 858 1321 δὲ
889 1269 1104 1326 πάντως
1145 1269 1173 1320 ό
1208 1267 1316 1319 τῶν
1345 1264 1630 1337 γραφικῶν

1909 1276 1994 1314 ιιιι.
2035 1260 2271 1316 Omnino
2294 1271 2475 1318 autem
2500 1264 2753 1336 intelligit
2776 1266 2823 1321 is
2849 1267 2940 1336 qui
2974 1267 3268 1338 Scriptum
3301 1270 3436 1324 reni-

125 1360 388 1428 ἄπειρος
437 1359 722 1430 νοημάτων
772 1360 862 1412 καὶ
910 1359 1268 1428 αἰνιγμάτων,
1319 1358 1382 1412 ἐκ
1421 1374 1480 1413 τε
1525 1357 1626 1425 τῆς

1908 1360 2101 1406 natum
2142 1369 2249 1407 non
2285 1364 2368 1410 est
2411 1355 2668 1426 ignarus,
2701 1375 2765 1413 ex
2801 1361 3077 1416 mentione
3113 1344 3339 1418 femoris
3380 1362 3435 1417 id

130 1451 330 1522 μηροῦ
376 1451 601 1521 μνήμης
629 1452 688 1504 τὸ
727 1451 1122 1522 σημαινόμενον
1147 1492 1160 1512 ,
1208 1454 1300 1504 καὶ
1343 1452 1423 1503 ὃτι
1457 1450 1657 1521 ῥομφαί

1907 1443 2002 1497 uod
2034 1446 2395 1515 significatur,
2426 1459 2480 1502 et
2509 1451 2653 1519 quod
2685 1452 2897 1522 gladius
2930 1461 3015 1509 est
3052 1454 3293 1508 verbum.
3330 1455 3434 1522 Qui

124 1540 302 1609 λόγος
358 1542 534 1595 ἐστίν.
578 1543 636 1595 '0
684 1542 863 1594 τοίνυν
912 1541 971 1595 τὸ
1014 1541 1242 1610 φοϐερὸν
1285 1541 1467 1602 ὅπλον,
1511 1541 1651 1608 λέγω

1906 1550 1986 1604 'go
2024 1534 2126 1589 fert
2159 1552 2309 1591 arma
2335 1580 2350 1605 ,
2388 1540 2511 1595 dico
2554 1549 2737 1598 autem
2779 1547 3157 1615 temperantia:
3190 1547 3433 1616 gladium

124 1631 232 1702 τὴν
275 1634 390 1701 τῆς
442 1633 794 1702 σωφροσύνης
833 1633 1126 1704 ῥομφαίαν.
1177 1632 1565 1699 διεζωσμένος·
1603 1627 1651 1686 οἶ

1909 1626 2164 1680 :cinctum
2187 1668 2201 1691 ,
2232 1628 2280 1684 is
2308 1639 2393 1683 est
2417 1631 2670 1688 amabilis
2704 1633 2844 1689 lecto
2876 1635 2929 1688 in
2957 1650 3117 1705 quem
3151 1652 3261 1691 non
3289 1638 3436 1692 cadit

125 1725 287 1777 ἐστιν
323 1727 354 1778 ὁ
383 1727 454 1796 τῇ
480 1724 738 1794 ἀφθάρτῳ
771 1725 924 1795 κλίνῃ
958 1725 1239 1796 ἐράσμιος,
1268 1719 1348 1789 εἷς
1377 1724 1485 1777 τῶν
1518 1724 1652 1777 δυναί

1908 1720 2139 1787 )rruptio
2171 1728 2225 1773 et
2253 1721 2534 1787 interitus,
2568 1741 2713 1780 unus
2743 1741 2809 1779 ex
2847 1726 3086 1783 lortihus
3130 1728 3330 1794 Israel,
3379 1738 3435 1784 et

136 1814 401 1884 Ἰσραὴλ,
438 1815 533 1868 καὶ⁸
571 1802 665 1868 τοῧ
694 1815 993 1883 καταλόγου
1026 1815 1133 1868 τῶν
1164 1815 1427 1884 ἐξήκοντα
1455 1814 1621 1881 ἄξιος.
1650 1816 1663 1867 ῗ

1907 1812 2056 1879 iguus
2078 1813 2168 1879 qui
2196 1811 2469 1867 referatur
2493 1815 2545 1868 in
2579 1817 2889 1886 eatalogum
2927 1819 3238 1889 sexaginta.
3278 1819 3434 1875 IIunc

122 1910 183 1963 δὲ
216 1909 473 1981 ἀριθμδν
511 1909 697 1963 τοῦτον
723 1909 863 1979 ἔχειν
895 1910 991 1980 μέν
1021 1927 1143 1964 τινα
1169 1911 1423 1979 μυστικὸν
1452 1911 1625 1978 λόγον,

1907 1911 2037 1957 .Item
2070 1919 2358 1959 numerum
2392 1906 2629 1975 aliquam
2674 1910 2959 1979 mysticam
3003 1911 3207 1979 Itﬂiere
3264 1915 3434 1969 ratio-c

127 2000 600 2071 ἀμφιϐάλλομεν·
637 2001 772 2054 ἀλλά
806 2002 984 2071 μόνοις
1029 2001 1258 2064 ἐκείνοις
1284 2001 1460 2071 δῆλον,
1500 1999 1581 2065 οἷς
1613 2004 1654 2056 ά

1902 2010 1973 2050 3m
2000 2011 2108 2049 non
2137 1996 2328 2051 dubito
2356 2015 2368 2050 :
2404 1998 2496 2051 sed
2530 1998 2583 2051 id
2617 1999 2685 2054 iis
2711 2002 2887 2054 solum
2920 2009 3005 2056 est
3036 2002 3390 2059 manifestum
3414 2047 3429 2069 ,

125 2090 416 2143 καλύπτει
446 2090 517 2143 τὰ
544 2090 901 2161 κεκρυμμένα
934 2094 1209 2164 μυστήρια
1245 2095 1277 2163 ἡ
1310 2093 1402 2146 τοῦ
1434 2094 1652 2164 Πνεύμα

1904 2089 2046 2143 libus
2071 2090 2285 2143 occulta
2312 2090 2516 2145 revelat
2540 2092 2802 2162 mysteria
2824 2094 2999 2163 gratia
3033 2095 3291 2164 Spiritus.
3322 2096 3430 2151 Nos

123 2181 317 2251 χάρις.
374 2182 575 2252 ’Πμεῖς
611 2183 665 2235 δὲ
703 2182 882 2244 καλῶς
917 2182 1060 2254 ἔχειν
1089 2185 1266 2254 φαμὲν
1304 2185 1411 2237 τῶν
1442 2186 1650 2257 προχείε

1901 2191 2026 2235 ttem
2064 2190 2212 2236 recte
2244 2182 2445 2236 habere
2480 2191 2771 2253 putamus,
2810 2184 2856 2239 si
2891 2200 3012 2239 eum
3047 2185 3115 2241 iis
3148 2202 3268 2256 qua:
3299 2197 3428 2242 sunt

124 2273 223 2325 τοῦ
270 2274 445 2341 λόγου
492 2275 780 2343 νοημάτων
820 2274 1249 2346 ἐμφορηθέντας,
1305 2275 1486 2339 καθὼς
1528 2278 1618 2329 ἐπὶ

1941 2281 2194 2343 promptu
2230 2273 2378 2327 verbi
2422 2275 2712 2330 sententiis
2751 2291 2851 2329 nos
2890 2275 3092 2330 alfatim
3127 2279 3431 2348 expleveri-

126 2364 330 2435 Πάσχα
368 2364 674 2435 νομοθετεῖ.
694 2367 953 2436 Μωῦσῆς,
988 2366 1097 2417 τῶν
1130 2367 1580 2437 προφαινομένων
1614 2386 1653 2420 σι

1905 2383 1987 2429 us,
2017 2366 2158 2419 sicut
2181 2365 2235 2419 in
2264 2366 2527 2421 Pascbate
2552 2368 2797 2437 praecipit
2820 2367 3054 2438 Moyses,
3077 2384 3143 2423 ex
3167 2372 3426 2426 carnibus

127 2454 244 2508 κῶν
292 2455 676 2525 ἐμφαγόντας,
708 2456 1268 2527 ἀπολυπραγμόνητον
1319 2459 1478 2511 ἐάσαι
1518 2460 1581 2511 τὸ
1629 2477 1654 2511 τ

1902 2475 2057 2529 ιίιυὶιέ
2104 2468 2367 2529 apparent
2413 2459 2847 2523 comederimus,
2895 2461 3273 2526 dimittamus,
3329 2480 3429 2521 nec

122 2549 345 2613 ὀστέοις
374 2550 486 2619 τῆς
512 2550 778 2619 ἀσαφείας
811 2553 1274 2622 ἐγκεκρυμμένον.
1310 2553 1371 2605 Εἰ
1400 2553 1456 2606 δέ
1487 2552 1569 2616 τίς
1596 2555 1649 2605 ἑο

1899 2552 2058 2605 Iriose
2086 2560 2394 2605 scrutemur
2423 2550 2475 2604 id
2503 2550 2647 2621 quod
2684 2551 2790 2606 sub
2819 2553 3039 2608 ossibus
3066 2554 3197 2611 latet
3225 2556 3426 2611 obscu-

127 2641 491 2711 ἐπιθυμητὴς
519 2640 625 2693 τῶν
656 2642 901 2711 κρυφίων
928 2643 1138 2712 μυελῶν
1169 2643 1260 2695 τοῦ
1295 2644 1476 2711 λόγου,
1512 2643 1654 2713 ζητεί

1898 2644 2020 2697 tatis
2058 2644 2123 2698 ".
2179 2642 2235 2696 Si
2287 2644 2412 2712 quis
2451 2652 2632 2698 autem
2681 2644 2957 2699 desiderat
2992 2649 3239 2703 occultas
3274 2650 3425 2705 verbi

125 2734 281 2804 παρὰ
320 2732 421 2786 τοῦ
471 2732 538 2786 τὰ
583 2735 938 2804 κεκρυμμένα
971 2737 1083 2796 τοῖς
1128 2733 1295 2798 ἀξίοις
1332 2735 1652 2790 ἀποκαλύπτ

1897 2733 2107 2787 edullas
2129 2774 2142 2798 ,
2176 2742 2384 2803 quaerat
2413 2750 2477 2789 ex
2514 2749 2580 2789 eo
2605 2736 2695 2804 qui
2731 2736 2911 2806 dignis
2949 2739 3151 2792 revelat
3185 2740 3421 2794 Occulta.

126 2842 239 2887 τος.
276 2825 368 2888 Ὠς
394 2825 447 2877 δ’
474 2823 541 2878 ἂν
577 2825 649 2894 μὴ
679 2825 966 2895 δοκοίημεν
997 2824 1343 2894 ἀγύμναστον
1376 2827 1653 2897 παρατρέχ

1895 2841 1915 2878 e
1949 2831 2129 2879 tamen
2168 2825 2453 2879 videamur
2483 2824 2534 2878 id
2565 2824 2710 2894 quod
2755 2826 2958 2879 dicitur
2991 2829 3270 2896 praeterire
3313 2845 3422 2884 non

127 2916 220 2969 τδν
248 2917 440 2985 λόγον,
482 2917 618 2987 μηδὲ
643 2917 1048 2988 καταρᾳθυμείν
1081 2917 1172 2969 τοῦ
1206 2916 1352 2969 θείου
1384 2918 1654 2988 προστάγι

1896 2929 2128 2968 cassum
2150 2954 2164 2976 ,
2196 2923 2251 2968 et
2278 2914 2520 2967 divinum
2561 2915 2836 2985 negligere
2872 2927 3200 2987 przeeeptum
3222 2960 3236 2981 ,
3277 2921 3423 2987 quod

130 3025 240 3072 τος,
276 3008 377 3062 τοῦ
415 3011 645 3080 ὲρευνᾷν
686 3009 787 3072 τὰς
828 3010 978 3072 θείας
1015 3008 1458 3078 διακελευομένου
1493 3009 1657 3077 Γοαφς

1971 3022 2051 3061 tas
2080 3007 2236 3075 jubet
2263 3007 2499 3062 scrutari
2530 3007 2847 3077 Scripturas
2877 3010 2948 3071 ’³,
2994 3010 3064 3063 ita
3110 3011 3427 3068 eonsidere—
3491 3039 3498 3053 -

129 3102 332 3155 οὑτωσὶ
380 3102 476 3155 τὸν
515 3101 641 3172 περὶ
677 3100 739 3153 τὸ
781 3099 1041 3171 ἑξήκοντα
1074 3100 1527 3170 διασκοπήσωμεν
1556 3098 1656 3167 λόγι

1895 3116 1957 3155 us
1987 3099 2055 3154 de
2104 3115 2170 3154 eo
2214 3100 2362 3169 quod
2410 3099 2613 3155 dicitur
2657 3100 2726 3155 de
2772 3101 3085 3169 sexaginta:
3125 3100 3420 3159 Duodecim

132 3193 354 3247 Δώδεκα
384 3193 576 3265 ῥάϐδοι
605 3192 724 3247 κατ’
754 3192 984 3263 ἀριθμὸν
1017 3192 1125 3245 τῶν
1153 3192 1333 3261 φυλῶν
1360 3190 1453 3244 τοῦ
1496 3192 1659 3262 Ἱσραὶ

1895 3207 2032 3263 rgze,
2074 3207 2172 3261 pro
2208 3205 2433 3246 numero
2480 3192 2722 3246 tribuum
2775 3192 2977 3256 Israel,
3026 3208 3090 3247 ex
3148 3207 3422 3266 praecepto

132 3284 274 3336 κατά
302 3285 640 3355 πρόσταγμα
685 3282 825 3335 θεῖον
877 3281 1027 3352 ποιρά
1072 3283 1165 3336 τοῦ
1206 3284 1482 3346 Μωῡσέως
1521 3282 1659 3352 λαμϐ

1895 3284 2019 3337 vino
2044 3282 2387 3351 accipiuntur
2416 3298 2446 3335 a
2481 3281 2686 3354 Moyse,
2715 3283 2807 3338 sed
2841 3299 2950 3338 una
2982 3285 3237 3341 omnibus
3267 3293 3422 3340 ante-

131 3392 332 3439 νονται,
372 3376 515 3429 ἀλλὰ
544 3377 639 3445 μία
663 3376 772 3428 τῶν
800 3375 988 3428 πασῶν
1024 3375 1383 3447 προετιμήθη,
1417 3375 1551 3445 μόνη
1584 3393 1658 3429 πα

1891 3383 1943 3430 ta
1973 3382 2056 3429 est
2076 3415 2091 3438 ,
2120 3390 2243 3445 quae
2272 3373 2386 3428 sola
2412 3389 2522 3442 prie.
2552 3375 2766 3428 caeteris
2794 3373 3083 3430 ﬂoruerat.
3104 3375 3318 3431 Rursus
3345 3378 3416 3432 ab

94 3476 95 3479 ‘
131 3466 229 3529 τὰς
253 3467 423 3529 ἀλλας
453 3467 825 3536 βλαστήσασα.
859 3465 1022 3519 Πάλιν
1058 3465 1206 3535 παρὰ
1235 3464 1329 3517 τοῦ
1355 3464 1510 3535 Ναυὴ
1536 3466 1621 3534 Ἰη‹

1898 3482 1959 3521 su
1988 3465 2135 3520 Nave
2160 3480 2318 3535 pares
2341 3480 2570 3518 numero
2605 3465 2861 3520 tribubus
2888 3465 3055 3520 Israel
3093 3467 3301 3535 lapides
3327 3484 3421 3522 ac-

137 3557 417 3629 ίσάριθμοι
450 3563 574 3622 ταῖς
600 3558 797 3626 φυλαῖς
828 3557 923 3611 τοῦ
968 3557 1181 3628 Ἰσραὴλ
1212 3557 1347 3609 λίῦοι
1377 3559 1441 3609 ἐκ
1478 3556 1570 3609 τοῦ
1603 3557 1664 3609 ‘Ic

1893 3558 2116 3624 piuntur
2138 3572 2201 3609 ex
2227 3553 2467 3609 Jordane
2486 3595 2501 3617 ,
2529 3570 2765 3623 quorum
2802 3557 3044 3609 omnium
3078 3557 3262 3610 nullus
3289 3559 3420 3628 reji-

132 3646 288 3700 ὄάνου
320 3650 715 3719 λαμϐάνονται,
746 3645 820 3704 ὧν
861 3648 979 3700 οὐδὲ
1030 3642 1110 3709 εἷς
1157 3646 1461 3714 ἀπόϐλητος
1502 3646 1659 3713 γίνετ‹

1890 3656 1998 3713 tur,
2035 3648 2152 3717 pari
2189 3648 2398 3701 honore
2430 3647 2699 3715 assumpti
2735 3646 2801 3700 ad
2840 3646 3125 3702 ferendum
3163 3652 3417 3707 trstimo-

135 3738 352 3793 πάντων
382 3740 667 3810 ὁμοτίμως
699 3741 779 3801 εἰς
813 3737 1118 3808 μαρτυρίαν
1150 3736 1242 3789 τοῦ
1284 3736 1425 3788 κατὰ
1466 3733 1555 3788 τὸν
1598 3735 1662 3787 ‘Io

1832 3742 1983 3796 nium
2018 3742 2084 3795 de
2124 3741 2386 3810 mysterio
2418 3739 2561 3809 quod
2598 3738 2802 3792 factum
2838 3748 2923 3795 est
2958 3741 3012 3794 in
3045 3739 3301 3797 Iordane.

133 3828 295 3898 δάνην
328 3830 633 3900 μυστηρίου
659 3828 1148 3898 παραληφθέντων.

204 3920 313 3971 Καὶ
344 3920 482 3972 πολὺ
517 3918 576 3971 τὸ
606 3916 893 3971 ἀκόλουθον
921 3919 977 3969 ὲν
1006 3919 1117 3980 τοῖς
1160 3916 1555 3986 ἱστορουμένοις
1591 3917 1727 3971 ἐστί.

1902 3916 2093 3987 Magna
2133 3924 2215 3971 est
2255 3924 2435 3971 autem
2477 3918 2871 3987 consequentia
2914 3919 2968 3970 in
3012 3920 3079 3973 iis
3113 3935 3235 3988 quae
3271 3918 3414 3976 refe-

135 4006 423 4081 Προκοπὴν
466 4011 577 4079 γάρ
618 4027 738 4061 τινα
770 4008 862 4060 τοῦ
900 4007 1026 4060 λαοῦ
1070 4006 1207 4078 πρὸς
1243 4007 1302 4059 τὸ
1341 4008 1662 4078 τελειότερον

1883 4017 2044 4062 uitur.
2088 4008 2387 4075 Quemdam
2426 4009 2571 4064 enim
2610 4010 2914 4079 profectum
2953 4011 3018 4064 ad
3054 4012 3105 4064 id
3144 4012 3290 4082 quod
3325 4022 3410 4068 est

135 4099 284 4168 λόγος
318 4103 677 4160 ἐνδείκνυται,
700 4100 775 4162 ῶς
809 4101 865 4150 ὲν
896 4100 1087 4167 ἀρχαῖς
1133 4100 1229 4169 μὲν
1262 4101 1359 4168 τῆς
1389 4100 1662 4170 νομοθεσία

1882 4100 2123 4155 >rfertius
2158 4100 2400 4154 ostendit
2435 4101 2647 4161 oratio,
2685 4110 2875 4171 utpote
2906 4102 2959 4156 in
3001 4103 3157 4157 initio
3192 4105 3409 4173 quidem

140 4192 263 4259 μίαν
300 4195 594 4263 εὑρεθῆναι
628 4191 819 4263 ῥάϐδον
853 4189 1032 4253 ζῶσάν
1062 4207 1121 4242 τε
1166 4192 1258 4242 καὶ
1288 4190 1667 4260 βλαστάνουσα·

1886 4194 1968 4264 gis
2010 4194 2131 4246 lata:
2168 4193 2450 4246 inventam
2488 4191 2662 4247 fuisse
2697 4208 2861 4246 uuam
2902 4194 3109 4265 virgam
3147 4196 3408 4251 virentem

136 4284 229 4347 τὰς
248 4285 304 4337 δὲ
335 4286 534 4347 λοιπὰς
566 4284 639 4347 ὡς
671 4282 839 4354 ξηράς
877 4299 934 4334 τε
964 4280 1129 4345 οὔσας
1162 4283 1254 4335 καὶ
1283 4284 1564 4353 ἀκάρπους
1593 4284 1663 4336 ἀπ

1917 4285 2318 4356 germinantem
2347 4302 2360 4337 :
2398 4292 2627 4338 cretei-as
2669 4295 2850 4339 autem
2888 4284 3056 4339 fuisse
3086 4286 3321 4355 rejectas
3354 4296 3413 4341 ut

138 4375 410 4447 ϐληθῆναι.
454 4376 701 4439 Πλείονος
733 4376 787 4428 δὲ
825 4372 1200 4443 διαγεγονότός
1237 4376 1452 4444 χρόνου,
1492 4375 1585 4427 καὶ
1616 4376 1665 4452 τί

1883 4392 2003 4432 ccas
2042 4387 2094 4431 et
2128 4375 2419 4429 infertiles.
2456 4376 2592 4430 Cum
2638 4384 2841 4430 autem’
2876 4377 2998 4445 plus
3045 4380 3410 4446 processisset

136 4468 371 4535 νομικῶν
392 4470 577 4528 αὐτοῖς
600 4466 1071 4536 παραγγελμάτων
1092 4467 1149 4519 ὲν
1169 4465 1533 4536 ἀκριϐεστέρα
1559 4482 1659 4517 κατ

1882 4470 2125 4538 mporis,
2158 4477 2211 4521 et
2252 4466 2446 4536 Iegalia
2502 4467 2623 4536 ejus
2667 4477 2937 4537 prmcepta
2984 4468 3308 4537 diligentius
3354 4484 3408 4525 et

138 4563 313 4630 νοήσει
345 4563 748 4633 γεγενημένων,
779 4562 854 4625 ὡς
895 4561 989 4613 καὶ
1036 4560 1132 4627 τὴν
1175 4562 1239 4613 ὲκ
1278 4559 1528 4630 δευτέρου
1569 4578 1665 4632 περ

1879 4563 2139 4617 :curatius
2176 4561 2415 4613 fuissent
2446 4560 2761 4613 examinata
2783 4601 2796 4624 ,
2833 4561 3076 4617 secundo
3107 4561 3273 4615 etiam
3310 4576 3406 4616 ae—

137 4653 302 4721 τομὴν
336 4654 433 4724 τὴν
470 4632 618 4723 παρά
658 4651 751 4704 τοῦ
793 4648 967 4722 Ἰησοῦ
1012 4650 1193 4712 αὐτοῖς
1237 4652 1582 4722 ἐπαγομένην
1628 4670 1664 4704 κη

1879 4654 2037 4723 ιρίεςο
2077 4651 2551 4706 circumcisionem
2593 4666 2622 4703 a
2661 4649 2788 4705 Jesu
2824 4652 2904 4706 eis
2937 4652 3156 4705 allatam
3180 4694 3194 4714 ,
3224 4655 3406 4723 gladio

139 4740 320 4810 νοῆσαι
366 4746 460 4797 καὶ
498 4743 771 4808 δέξασθαι.
804 4743 903 4810 τῆς
945 4740 1203 4811 πετρίνης
1244 4742 1515 4812 μαχαίρας
1560 4761 1664 4814 περ

1879 4745 2039 4798 :triuo
2085 4744 2165 4796 eis
2214 4740 2497 4794 auferente
2548 4742 2776 4795 omnino
2822 4742 3092 4811 quidquid
3135 4753 3255 4800 erat
3298 4746 3406 4800 im-

138 4820 357 4905 ελούσης
395 4836 576 4889 αὐτῶν
606 4837 714 4888 πᾶν
741 4835 803 4887 τὸ
839 4833 1144 4904 ἀκάθαρτον
1164 4849 1177 4863 ’
1215 4836 1326 4887 νοεῖ
1355 4834 1411 4887 δὲ
1445 4835 1661 4899 πάντως

1886 4837 2086 4890 undum
2121 4832 2418 4903 (intelligit
2466 4841 2646 4886 autem
2688 4836 2915 4888 omn':no
2958 4836 3202 4904 prudens
3245 4839 3404 4893 audi-

142 4926 402 4991 συνεστὼς
437 4928 711 4998 ἀκροατὴς
737 4926 836 4996 τῆς
864 4944 922 4978 τε
964 4925 1168 4996 πέτρας
1204 4926 1298 4977 καὶ
1321 4926 1419 4994 τῆς
1446 4927 1669 4997 μαχαίρε

1877 4946 1908 4983 ι’
1941 4937 2107 4998 petra:
2135 4935 2188 4981 et
2222 4925 2385 4995 gladii
2423 4924 2917 4997 significationem)
2960 4938 3014 4981 et
3052 4928 3224 4985 fuisse
3269 4946 3404 4986 con--

138 5016 196 5069 τὸ
225 5022 646 5090 σημαινόμενον·
678 5020 754 5081 ὡς
779 5019 923 5082 εἰκὸς
947 5014 1016 5089 ἦν
1042 5017 1430 5089 βεϐαιωθείσης
1456 5022 1515 5072 ἐν
1539 5021 1665 5072 αὐτο

1877 5032 2146 5073 ιηιίιιιοιιιη
2180 5026 2303 5086 post
2332 5016 2805 5070 confirmationem
2835 5016 3010 5086 ipsius
3047 5018 3168 5073 vita:
3196 5034 3319 5088 qua:
3350 5028 3404 5073 et

140 5106 232 5177 τῆς
272 5112 503 5182 νομίμου
543 5129 603 5164 τε
644 5112 737 5165 καὶ
778 5110 1032 5180 ἐναρέτου
1060 5108 1225 5178 ζωῆς,
1263 5109 1465 5180 μηδένα
1496 5110 1604 5163 τῶν
1641 5110 1667 5163 λ

1874 5132 1887 5167 ι
1933 5115 2047 5182 lege
2093 5119 2146 5162 et
2192 5125 2258 5165 ex
2306 5114 2507 5162 virtute
2538 5109 2735 5179 agitur,
2767 5110 2977 5163 nullum
3008 5124 3073 5164 ex
3105 5110 3173 5165 iis
3203 5110 3401 5180 lapidi-

142 5194 243 5252 θων
274 5202 378 5254 τῶν
410 5205 498 5257 ἐπ’
526 5203 751 5274 ὀνόματι
798 5202 906 5256 τῶν
941 5201 1286 5273 Ἰσραηλιτῶν
1323 5202 1501 5271 φυλῶν
1542 5221 1669 5275 παρ(

1875 5222 1945 5267 IS,
1979 5204 2072 5274 qui
2108 5202 2376 5271 assutupti
2403 5190 2667 5257 sunt'sub
2701 5203 2922 5257 nomine
2956 5201 3195 5255 tribuum
3225 5200 3402 5255 Israe-

142 5284 443 5358 ληφθέντων
475 5296 762 5366 εὑρεθῆναι
793 5294 1112 5363 ἀπόϐλητον.
1157 5295 1309 5347 Ἐπεὶ
1353 5295 1410 5347 δὲ
1442 5295 1548 5366 χρὴ
1583 5295 1669 5348 πάι

1871 5310 2082 5360 larum,
2139 5295 2422 5350 inventum
2469 5292 2639 5351 fuisse
2695 5293 3077 5362 rejicieudum.
3131 5292 3398 5358 Quoniam

141 5391 256 5430 τοτε
302 5381 411 5436 τῶν
461 5383 680 5453 ἀγαθῶν
724 5385 820 5447 τὰς
876 5383 1205 5456 ὲπαυξήσεις
1257 5383 1563 5455 ἐπιζητεῖν,
1632 5388 1668 5441 ὃ⁴

1874 5399 2001 5446 item
2058 5394 2272 5458 Oportet
2330 5388 2556 5440 omnino
2608 5401 2854 5455 quaerere
2903 5386 3170 5439 bonorum
3224 5384 3401 5438 incre-

145 5468 401 5539 προῆλθεν
428 5476 458 5528 ὁ
487 5477 697 5548 χρόνος,
725 5476 819 5530 καὶ
844 5478 878 5546 ἡ
900 5475 1125 5545 δύναμις
1151 5474 1243 5528 τοῦ
1279 5476 1495 5547 Ἰσραὴλ
1522 5477 1672 5547 μείζο

1878 5492 2002 5539 enta
2029 5524 2044 5543 ,
2078 5481 2303 5551 quando
2337 5490 2556 5550 tempus
2592 5480 2904 5549 processit,
2939 5485 2992 5532 et
3030 5477 3130 5530 fuit
3166 5475 3401 5546 amplior

144 5554 369 5624 ἐγένετο.
401 5565 556 5622 Οὕτω
584 5568 693 5639 γάρ
732 5585 896 5638 φησιν
939 5569 996 5621 ὲν
1034 5569 1145 5630 τοῖς
1174 5569 1553 5638 προκειμένοις
1592 5572 1671 5641 ὴμ

1871 5583 1998 5630 rtus
2032 5573 2272 5628 Israelis.
2303 5573 2393 5627 Sic
2419 5574 2564 5627 enim
2594 5571 2795 5626 dicitur
2821 5572 2873 5625 in
2904 5569 3087 5623 verbis
3116 5584 3236 5639 qua:
3268 5576 3398 5620 sunt

150 5647 319 5716 ῥητοῖς
348 5657 376 5707 ὁ
398 5656 574 5728 λόγος,
604 5661 683 5712 ὅτι
716 5660 822 5713 ἀπὸ
867 5659 1097 5730 Ἰσραὴλ,
1135 5659 1257 5712 τότε
1296 5660 1478 5713 οὐκέτι
1503 5657 1583 5724 εἷς
1613 5663 1677 5715 ἀπ

1869 5667 1984 5721 obis
2018 5666 2329 5736 preposita.
2362 5664 2506 5733 quod
2541 5671 2671 5716 tunc
2715 5661 2766 5713 in
2808 5659 2974 5715 Israel
3015 5673 3123 5712 non
3163 5656 3396 5724 amplius

151 5740 310 5811 φυλῆς
351 5746 495 5812 λίθος
535 5751 693 5821 ἢμία
730 5751 922 5823 ῥάϐδος
962 5750 1329 5822 λαμϐάνεται·
1369 5750 1504 5805 ἀλλὰ
1558 5755 1678 5807 πέντ

1871 5775 1889 5812 t
1916 5757 2061 5811 tribu
2090 5756 2225 5825 lapis
2249 5764 2342 5811 aut
2370 5757 2522 5826 virga
2546 5769 2652 5808 una
2676 5752 2916 5807 sumitur
2948 5769 2961 5805 :
2991 5749 3082 5807 sed
3108 5763 3206 5818 pro
3233 5745 3398 5818 virgis

217 5908 254 5939 ”
307 5914 477 5974 Exod.
533 5938 634 5986 xu,
685 5922 737 5977 9.
817 5924 858 5954 "
896 5920 1088 5977 Joauu.
1131 5938 1184 5986 γ,
1241 5924 1330 5981 50.
