3866 6354
523 475 631 533 905

1783 468 1840 524 s.
1866 427 2196 526 caecout!
2228 467 2523 526 NYSSENI

3699 467 3803 525 ΟΜ

525 596 620 640 aut
649 582 927 655 lapidibus
956 583 1010 637 in
1039 596 1369 654 unaquaque
1399 581 1544 638 tribu
1576 580 1821 653 quinque
1849 580 1953 636 viri
1990 580 2093 636 bel-

2207 583 2325 639 ἀντὶ
2358 584 2568 656 ῥάϐδων
2597 583 2630 655 ἢ
2659 583 2824 638 λίθων
2860 582 2954 654 ἀφ’
2984 583 3222 654 ἑκάστης
3262 582 3436 653 φυλῆς
3469 581 3670 654 ἄνδρες
3701 600 3801 639 πο-

524 673 681 730 licosi
707 713 721 736 ,
752 673 831 728 rei
861 673 1116 729 militaris
1150 674 1346 744 periti,
1375 689 1441 728 ex
1472 672 1705 728 fortibus
1735 672 1898 727 Israel
1918 712 1933 736 ,
1965 686 2102 742 quo-

523 776 646 817 rum
679 762 1062 832 unusquisque
1093 778 1281 818 ensem
1314 762 1552 818 habebat
1582 776 1752 832 supra
1781 762 1980 824 femur,
2016 762 2103 816 di-

522 855 710 910 vinum
762 856 960 910 lectum
1005 856 1059 910 in
1114 857 1305 912 orbem
1355 855 1798 911 circumdabnnt.
1856 855 2100 921 Quorum

523 956 814 1019 propterea
857 950 1042 1004 nullus
1081 948 1183 1003 fuit
1215 949 1549 1019 rejiciendus
1573 987 1587 1011 ,
1616 947 1877 1018 quoniam
1913 947 2098 1015 cujus--

524 1043 657 1097 libet
690 1043 870 1098 tribus
903 1042 1160 1113 primitia:
1206 1053 1337 1098 sunt
1384 1043 1664 1112 quinque,
1712 1056 1947 1111 quorum
2000 1038 2165 1091 ειη-⁵

521 1153 710 1193 merus
746 1137 1042 1192 duodecies
1076 1136 1478 1207 multiplicatus
1509 1151 1778 1191 summam
1815 1133 1979 1190 ellicit
2016 1148 2103 1188 se-

519 1233 764 1303 xaginta.
801 1231 1027 1301 Oportet
1061 1246 1193 1301 ergo
1224 1247 1288 1285 ex
1319 1244 1649 1299 unaquaque
1678 1227 1824 1281 tribu
1861 1225 2102 1296 quinque

515 1323 795 1379 terribiles
826 1330 1069 1376 armatos
1096 1322 1300 1376 milites
1324 1336 1451 1376 esse
1480 1319 1737 1375 custodes
1770 1318 1891 1374 lecti
1923 1317 2098 1387 regis,

517 1414 658 1470 adeo
689 1423 749 1470 ut
790 1415 836 1470 si
870 1413 1091 1470 deﬁciat
1127 1429 1388 1467 numerus
1417 1412 1662 1483 quinque
1686 1452 1701 1478 ,
1738 1411 1789 1464 id
1831 1409 1975 1480 quod
2018 1423 2103 1464 re-

518 1515 626 1565 stat
656 1508 880 1563 minime
910 1507 982 1562 sit
1015 1506 1435 1560 admittendum.

592 1597 735 1654 Num
789 1606 971 1653 autem
1006 1597 1060 1651 in
1096 1599 1199 1652 hoc
1232 1597 1475 1665 incmpto
1529 1602 1613 1651 est
1644 1590 1853 1664 aliquid
1890 1589 2103 1645 auden-

517 1689 674 1756 dum,
738 1700 798 1745 ut
853 1690 1105 1744 dicamus
1148 1684 1620 1749 Quemadmodum
1674 1686 1729 1740 in
1774 1697 2103 1754 unaquaque

519 1778 667 1833 tribu
720 1789 1007 1833 armantur
1049 1777 1317 1849 quinque,
1387 1788 1447 1830 ut
1500 1776 1614 1831 sint
1669 1775 1928 1829 custodes
1974 1772 2102 1827 lecti

2206 676 2261 728 λε
2270 678 2476 745 μισταὶ,
2498 676 2863 747 δεδιδαγμένοι
2890 677 3124 749 πόλεμον
3152 679 3261 732 ἀπὸ
3288 679 3527 734 δυνατῶν
3562 679 3800 752 Ἰσραὴλ,

2204 769 2448 837 αἴροντες
2488 767 2779 839 ῥομφαίαν,
2817 768 2916 838 τὴν
2950 767 3100 821 θείαν
3135 768 3325 838 κλίνην
3371 768 3802 840 περιστοιχίζον-

2202 877 2314 923 τες.
2343 854 2445 912 Ὧν
2484 859 2571 913 διὸ,
2619 860 2776 913 τοῦτο
2820 860 2993 924 οὐδεὶς
3036 860 3344 929 ἀπόϐλητος
3394 861 3630 925 γίνεται,
3668 861 3802 916 διότι

2206 952 2383 1021 πάσης
2422 951 2594 1022 φυλῆς
2616 951 2861 1023 ἀπαρχὴ,
2909 953 2959 1004 oi
3006 951 3166 1005 πέντε
3198 952 3457 1019 γίνονται,
3498 941 3578 1006 ῶν
3617 954 3648 1004 ὁ
3676 952 3798 1024 ἀρι-

2202 1040 2337 1112 θμὸς
2366 1043 2662 1108 δωδεκάκις
2693 1043 3176 1115 κεφαλαιούμενος,
3214 1044 3275 1097 τὸ
3327 1044 3607 1116 πλήρωμα
3658 1047 3800 1098 ποιεῖ

2200 1137 2308 1189 τῶν
2339 1136 2619 1206 ἑξήκοντα.
2659 1137 2779 1207 Χρὴ
2820 1136 2996 1189 τοίνυν
3042 1136 3203 1189 πέντε
3232 1136 3323 1204 ἀφ’
3349 1136 3588 1201 ἑκάστης
3624 1135 3798 1204 φυλῆς

2203 1227 2466 1300 φοϐεροὺς
2493 1228 2833 1299 ὁπλομάχους
2862 1226 3107 1297 φύλακας
3135 1230 3231 1298 τῆς
3253 1229 3348 1281 τοῦ
3388 1227 3655 1298 βασιλέως
3686 1226 3799 1281 xli-

2201 1338 2299 1392 νης
2325 1320 2598 1390 γενέσθαι,
2628 1320 2704 1384 ὡς
2735 1321 2849 1389 εἴγε
2882 1320 3055 1374 λείποι
3102 1320 3181 1390 τῷ
3224 1320 3441 1392 ἀριθμῷ
3472 1321 3584 1375 τῶν
3616 1320 3795 1389 πέντε,

2202 1411 2578 1482 ἀπαράδεκτον
2609 1408 2746 1465 εἶναι
2773 1411 2866 1465 καὶ
2889 1410 2951 1464 τὸ
2978 1411 3316 1482 λειπόμενον.

2270 1583 2422 1661 *Αρά
2449 1590 2567 1643 ἐστι
2595 1590 3005 1662 κατατολμῆσαι
3034 1588 3220 1643 λοιπὸν
3250 1588 3344 1642 τοῦ
3379 1588 3795 1661 ὲνθυμήματοςς

2204 1675 2334 1743 Πῶς
2389 1677 2495 1748 ἀφ’
2522 1678 2762 1750 ἑκάστης
2787 1681 2962 1753 φυλῆς
3002 1682 3051 1734 οἱ
3092 1680 3253 1734 πέντε
3313 1678 3666 1742 ὁπλίζονται,
3707 1682 3794 1733 ἵνα

2202 1770 2301 1839 τῆς
2330 1769 2613 1840 βασιλικῆς
2656 1771 2844 1841 κλίνης
2878 1772 3122 1841 φύλακες
3151 1773 3444 1840 γένωνται;
3479 1771 3607 1836 Πῶς
3653 1771 3791 1827 ἕκα-

516 1872 702 1940 regis?
724 1884 777 1927 et
805 1870 1268 1942 quemadmodum
1308 1870 1686 1941 unusquisque
1713 1869 1905 1923 borum
1938 1868 2093 1939 quin-

2207 1878 2332 1926 στος
2368 1864 2478 1916 τῶν
2512 1863 2673 1918 πέντε
2702 1864 2937 1930 τούτων,
2982 1863 3214 1939 φοὸερὸς
3238 1869 3350 1930 τοῖς
3393 1867 3786 1939 ἀντιτεταγμέ-

517 1981 629 2034 que
677 1959 749 2018 l'it
797 1965 1069 2020 terribilis
1097 1965 1453 2030 adversariis,
1479 1978 1665 2017 ensem
1697 1976 1857 2017 suum
1890 1961 2093 2015 habens

2207 1943 2319 2021 νοις
2344 1956 2433 2010 διὰ
2478 1958 2575 2025 τῆς
2619 1957 2886 2022 ὁπλίσεως
2926 1937 3164 2027 γίνεται,
3215 1958 3313 2030 τὴν
3365 1961 3644 2030 ῥομφαίαν
3693 1937 3789 2014 τοῦ

516 2055 834 2126 impositum
880 2071 1049 2125 super
1085 2054 1305 2111 femur?
1352 2057 1431 2109 An
1468 2071 1575 2109 non
1608 2064 1693 2110 est
1725 2054 2099 2117 manifestum,

514 2148 662 2218 quod
714 2165 858 2204 unus
907 2148 1070 2218 lapis,
1130 2164 1329 2219 nempe
1376 2149 1410 2202 ii
1458 2147 1710 2218 quinque
1740 2146 1934 2200 armati
1970 2154 2102 2202 sunt

517 2241 905 2310 unusquisque
958 2257 1178 2304 sensus,
1233 2240 1653 2296 convenientem
1712 2253 1873 2294 suum
1910 2253 2100 2293 ensem

512 2327 756 2383 educens
806 2329 872 2381 ad
931 2335 1204 2384 terrorem
1247 2327 1640 2381 inimicorum?
1680 2325 1839 2383 Oculi
1875 2326 2097 2396 quidem

512 2426 601 2475 est
628 2418 783 2474 ensis
836 2429 1102 2489 perpetuo
1131 2419 1383 2488 aspicere
1413 2420 1481 2473 ad
1511 2418 1826 2482 Dominum,
1859 2425 1914 2474 et
1950 2427 2101 2473 recta

513 2508 739 2572 intueri,
800 2517 855 2564 et
903 2508 1055 2563 nullo
1104 2509 1249 2578 turpi
1292 2510 1611 2579 spectaculo
1657 2507 1956 2580 inquinari.
1988 2508 2095 2563 Au-

510 2601 663 2657 ditus
717 2616 870 2657 arma
917 2611 1047 2658 sunt
1105 2603 1383 2665 similiter,
1432 2602 1743 2658 divinorum
1797 2603 2100 2658 documen-

511 2702 697 2749 torum
751 2696 986 2760 auditio,
1010 2705 1065 2752 et
1086 2711 1373 2766 nunquam
1400 2712 1603 2751 vanum
1632 2697 1686 2751 in
1714 2712 1774 2753 se
1801 2695 2095 2752 admittere

510 2801 844 2843 sermonem.
903 2787 979 2843 Ita
1037 2789 1202 2844 etiam
1261 2787 1392 2842 licet
1454 2803 1673 2843 armare
1718 2796 1976 2859 gustum.
2038 2798 2097 2845 et

509 2888 741 2946 tactum,
791 2889 847 2938 et
899 2880 1192 2936 odoratum
1235 2881 1416 2952 gladio
1467 2882 1853 2948 continentiae;
1896 2897 2097 2938 unum-

509 2988 785 3043 quemque
842 2988 1066 3028 sensum
1120 2973 1356 3043 tegendo
1395 2973 1719 3045 congruenti
1755 2973 1948 3039 lorica,
1998 2989 2098 3044 per

509 3075 635 3132 qua:
675 3061 985 3118 tenebrosis
1015 3062 1446 3133 cogitationibus
1491 3073 1686 3133 stupor
1717 3064 1776 3118 lit
1802 3071 1857 3117 et
1888 3071 2090 3130 terror,

509 3167 744 3222 quorum
791 3152 955 3207 etiam
983 3160 1202 3222 tempus
1230 3161 1413 3221 aptum
1445 3152 1511 3207 ad
1545 3153 1774 3207 insidias
1803 3152 2094 3210 struendas

510 3244 776 3299 adversus
804 3246 1018 3300 animas
1055 3258 1161 3298 nox
1189 3251 1317 3299 sunt
1345 3252 1399 3298 et
1433 3243 1696 3299 tenebrae.
1735 3243 1793 3298 In
1846 3259 1909 3299 ea
1944 3243 2088 3298 enim

508 3339 649 3393 dixit
699 3338 995 3408 Propheta,
1028 3339 1235 3393 bestias
1271 3336 1385 3407 agri
1423 3339 1624 3391 malum
1657 3339 1762 3394 sibi
1805 3336 2093 3409 providere

506 3448 663 3488 esum
708 3449 773 3488 ex
821 3431 1113 3503 pecoribus
1180 3430 1291 3486 Dei.
1363 3429 1601 3484 Posuisti
1656 3431 1828 3494 enim,
1886 3430 2090 3500 inquit,

509 3524 771 3589 tenebras,
813 3536 865 3579 et
934 3523 1081 3594 facta
1133 3534 1209 3578 est
1253 3539 1380 3580 nom.
1414 3522 1481 3579 In
1532 3525 1649 3593 ipsa
1693 3523 2092 3590 pertransibunt

507 3632 685 3671 omnes
739 3615 918 3671 bestia:
962 3614 1146 3681 silere,
1177 3613 1342 3668 catuli
1373 3614 1636 3683 rugientes
1670 3623 1727 3666 ul
1764 3614 1979 3682 rapiant
2025 3613 2089 3668 ".

504 3707 775 3774 Quoniam
825 3714 1005 3762 autem
1048 3715 1130 3762 est
1161 3706 1327 3761 Israel
1382 3706 1700 3775 quicunque
1755 3704 1815 3759 lit
1862 3704 2087 3760 salvus:

503 3814 617 3855 non
658 3801 801 3855 enim
839 3799 1158 3870 quicunque
1194 3807 1326 3855 sunt
1359 3814 1425 3852 ex
1467 3796 1656 3863 Israel,
1700 3807 1829 3852 sunt
1870 3795 2091 3852 Israeli-

504 3885 685 3958 tre“;
735 3891 832 3946 sed
885 3892 1205 3959 quicunque
1257 3888 1425 3944 Deum
1459 3889 1680 3959 proprie
1725 3889 1995 3960 aspiciunt
2024 3904 2119 3944 ex'

502 3983 651 4040 bona
701 3982 1023 4052 operatione
1072 3985 1215 4035 hanc
1276 3981 1479 4036 habent
1534 3980 2087 4035 denominatiouem:

504 4076 791 4146 preprium
838 4082 923 4130 est
975 4084 1157 4129 autem
1216 4075 1336 4145 ejus
1372 4076 1464 4145 qui
1512 4075 1679 4129 Deum
1721 4076 1889 4140 videt,
1939 4078 2090 4132 nullo

504 4180 669 4220 sensu
709 4164 962 4234 aspicere
1005 4163 1072 4217 ad
1120 4174 1429 4234 peccatum.
1490 4160 1663 4217 Nemo
1708 4166 1855 4220 enim
1909 4175 2090 4235 potest

505 4256 572 4310 ad
621 4256 761 4312 duos
813 4256 1071 4312 dominos
1131 4258 1403 4326 aspicere,
1438 4257 1533 4311 sed
1586 4264 1640 4311 et
1680 4256 1904 4311 omnino
1944 4274 2088 4315 unus

498 4348 630 4407 odio
657 4347 962 4410 habendus.
987 4348 1033 4403 si
1057 4356 1142 4403 est
1167 4349 1328 4402 aliter
1349 4346 1687 4418 diligendus.
1725 4345 1799 4400 Ea
1822 4347 1892 4402 de
1918 4363 2087 4405 causa

503 4438 563 4494 ﬁt
612 4454 759 4494 unus
812 4440 988 4495 lectus
1025 4440 1173 4508 regis
1218 4438 1488 4517 quidquid
1529 4446 1801 4493 servatur.
1838 4437 1895 4493 Si
1941 4439 2086 4494 enim

500 4545 695 4588 omnes
735 4530 903 4588 Deum
950 4532 1216 4587 videbunt
1262 4531 1354 4601 qui
1390 4529 1595 4586 fuerint
1629 4530 1796 4585 corde
1849 4532 2083 4599 nmndo;

2208 2048 2385 2119 μηροῦ
2452 2048 2915 2121 προϐαλλόμενος;
2960 2053 3029 2105 Ἢ
3079 2051 3236 2124 δῆλόν
3287 2053 3463 2116 ἐστιν,
3517 2053 3602 2110 ὅτι
3640 2056 3670 2107 ὁ
3710 2049 3791 2119 εἷς

2204 2140 2370 2205 λίθος,
2400 2143 2449 2195 οἱ
2496 2143 2656 2195 πέντε
2689 2143 2906 2196 ὁπλῖται
2951 2134 3098 2196 οὗτοί
3132 2145 3269 2197 είσιν
3314 2142 3555 2214 ἑκάστης
3594 2146 3791 2217 αἰσθή-

2206 2251 2377 2299 σεως,
2424 2234 2523 2305 τὴν
2577 2234 2882 2306 πρόσφορον
2931 2237 3098 2308 ἑαυτῇ
3160 2237 3438 2307 ῥομφαίαν
3491 2240 3576 2302 είς
3615 2239 3788 2292 κατά-

2203 2324 2400 2397 πληξιν
2451 2323 2562 2377 τῶν
2614 2325 2872 2379 ἐναντίων
2921 2325 3396 2397 προϐαλλομένηςς
3470 2325 3787 2397 Ὀφθαλμοῠ

2204 2416 2448 2489 ῥομφαία
2492 2414 2555 2483 τὸ
2602 2416 2891 2481 διαπαντὸς
2936 2418 3069 2488 ὁρᾷν
3115 2417 3249 2488 πρὸς
3287 2415 3376 2470 τὸν
3413 2415 3660 2488 Κύριον,
3693 2416 3789 2471 καὶ

2200 2507 2340 2579 ὀρθὰ
2379 2505 2631 2577 βλέπειν,
2668 2507 2761 2562 καὶ
2810 2507 2998 2579 μηδενὶ⁵
3030 2505 3140 2562 τῶν
3192 2506 3454 2579 ῥυπαρῶν
3492 2508 3788 2579 θεαμάτων

2200 2595 2692 2669 καταμολύνεσθαι.
2755 2597 2953 2667 Ἀκοῆς
3006 2596 3170 2651 ὅπλον
3219 2596 3480 2661 ὡσαύτως
3532 2599 3568 2669 ἠ
3627 2596 3789 2651 θείων

2200 2689 2547 2760 διδαγμάτων
2597 2686 2861 2759 ἀκρόασις
2880 2729 2895 2753 ,
2963 2687 3059 2743 καὶ
3114 2689 3176 2743 τὸ
3228 2688 3505 2758 μηδέποτε
3554 2690 3788 2761 μάταιον

2202 2781 2360 2851 λόγον
2391 2783 2450 2836 ὲν
2495 2782 2631 2854 αὑτῇ
2676 2780 2951 2850 δέξασθαι.
2996 2779 3184 2846 Οὕτως
3224 2774 3376 2832 ἐστιν
3418 2782 3643 2838 ὁπλίσαι
3694 2787 3792 2839 καὶ

2198 2875 2298 2948 τὴν
2324 2872 2536 2946 γεῦσιν,
2580 2878 2676 2931 καὶ
2708 2876 2808 2946 τὴν
2846 2877 3013 2949 ἁφὴν,
3040 2877 3136 2932 καὶ
3163 2874 3262 2947 τὴν
3291 2873 3562 2946 ὄσφρησιν
3590 2878 3658 2947 τῇ
3688 2874 3791 2948 τῆς

2197 2968 2524 3041 ἐγκρατείας
2551 2970 2816 3044 ῥομφαίᾳ,
2839 2970 3190 3042 καταλλήλως
3211 2968 3448 3041 ἑκάστην
3462 2968 3575 3022 τῶν
3596 2969 3793 3041 αἰσθή⁴

2199 3079 2338 3118 σεων
2390 3063 2798 3138 θωρακίζοντα,
2853 3062 2920 3118 δι’
2954 3056 3031 3119 ὧν
3075 3063 3284 3134 γίνεται
3313 3063 3525 3135 θάμϐος
3563 3064 3661 3119 καὶ
3692 3063 3789 3118 ἐκ·

2196 3155 2395 3226 πληξις
2425 3155 2539 3220 τοῖς
2580 3155 2874 3220 σκοτεινοῖς
2918 3154 3220 3228 λογισμοῖς,
3253 3146 3329 3211 ὧν
3357 3153 3550 3228 καιρὸς
3579 3157 3663 3221 εἰς
3682 3156 3789 3227 τὴν

2200 3246 2340 3302 κατὰ
2361 3245 2469 3301 τῶν
2498 3242 2684 3317 ψυχῶν
2707 3246 3049 3320 ἐπιϐουλὴνή
3078 3248 3173 3315 νὺξ
3201 3248 3411 3317 γίνεται
3444 3249 3539 3302 καὶ
3566 3249 3630 3301 τὸ
3662 3251 3788 3302 6x6-

2197 3355 2309 3403 τος.
2346 3339 2434 3393 Ἐν
2458 3340 2632 3410 ταύτῃ
2660 3337 2771 3410 γὰρ
2802 3331 2957 3394 εἶπεν
2986 3342 3014 3393 ὁ
3048 3342 3364 3414 Προφήτης,
3387 3342 3457 3396 τὰ
3487 3342 3656 3414 θηρία
3683 3342 3784 3396 τοῦ

2195 3428 2368 3501 ἀγροῦ
2402 3430 2501 3502 τὴν
2532 3416 2775 3503 πονηρὰν
2806 3431 3008 3503 βρῶσιν
3038 3431 3251 3497 ἑαυτοῖς
3282 3434 3347 3488 ὲκ
3375 3435 3484 3487 τῶν
3511 3432 3609 3488 τοῦ
3642 3434 3785 3488 Θεοῦ

2195 3522 2463 3592 ποιμνίων
2486 3520 3162 3592 περιεργάζεσθαι.’Έθου
3188 3524 3316 3595 γὰρ,
3344 3525 3496 3596 φησὶ,
3529 3528 3783 3593 σκότος,

2193 3613 2291 3668 καὶ
2330 3614 2568 3685 ἐγένετο
2610 3615 2748 3679 νύξ.
2792 3616 2896 3670 Ἐν
2934 3613 3089 3685 αὑτῇ
3125 3617 3537 3672 διελεύσονται
3579 3620 3785 3676 πάντα

2191 3708 2266 3762 τὰ
2302 3709 2478 3777 θηρία
2527 3709 2634 3762 τοῦ
2683 3706 2940 3779 δρυμοῦ,
2994 3711 3256 3780 σκύμνοι
3292 3711 3618 3782 ἀῳυόμενοι
3674 3715 3784 3770 τοῦ

2166 3799 2480 3868 ἁρπάσαι.
2527 3800 2748 3870 Ἐπειδὴ
2773 3800 2950 3854 τοίνυν
2991 3802 3205 3873 Ἰσραὴλ
3229 3803 3438 3871 γίνεται
3476 3805 3581 3866 πᾶς
3612 3807 3643 3858 ὁ
3676 3822 3783 3859 σω-

2193 3889 2421 3961 ζόμενος
2438 3907 2452 3920 ·
2475 3891 2536 3945 οὐ
2557 3890 2665 3963 γὰρ
2692 3892 2893 3954 πάντες
2919 3893 2969 3944 οἱ
2993 3892 3053 3957 ἐξ
3087 3892 3321 3964 Ἰσραὴλ,
3344 3889 3485 3948 οὗτοι
3516 3895 3772 3967 Ἰσραήλ·

2190 3983 2305 4037 ἀλλ’
2351 3985 2465 4037 ὅσοι
2505 3983 2762 4053 βλέπουσι
2809 3982 2901 4036 τὸν
2933 3984 3097 4049 Θεὸν,
3128 3986 3195 4037 ἐκ
3232 3984 3333 4054 τῆς
3361 3984 3645 4055 ἐνεργείας
3678 4004 3780 4038 κυ-

2192 4074 2325 4145 ρίως
2372 4076 2438 4146 τῇ
2485 4074 2828 4146 προσηγορίᾳ
2875 4074 3049 4147 ταύτῃ
3089 4074 3563 4146 κατονομάζονται.
3614 4075 3780 4129 Ἶδιον

2188 4164 2245 4218 δὲ
2274 4163 2368 4218 τοῦ
2417 4165 2652 4236 δρῶντός
2682 4167 2798 4219 ἐστι
2827 4165 2918 4219 τὸν
2947 4165 3103 4223 Θεὸν.
3131 4164 3193 4218 τὸ
3228 4166 3421 4238 μηδενὶ
3441 4165 3548 4220 τῶν
3576 4166 3779 4237 aio-01;-

2188 4257 2393 4328 τηρίων
2428 4258 2563 4329 πρὸς
2597 4257 2869 4330 ἁμαρτίαν
2902 4255 3139 4327 βλέπειν.
3172 4258 3363 4322 Οὐδεὶς
3393 4258 3501 4330 γὰρ
3542 4258 3777 4314 δύναται

2191 4350 2330 4421 πρὸς
2366 4351 2461 4405 δύο
2513 4336 2749 4422 κυρίουξ
2787 4353 2918 4423 ὁρᾷν
2943 4367 2956 4382 ⁸
3011 4350 3148 4406 ἀλλὰ
3191 4352 3296 4423 χρὴ
3343 4352 3433 4405 τὸν
3465 4352 3559 4404 ἕνα
3607 4369 3775 4421 μισηο

2191 4442 2389 4513 θῆναι,
2423 4444 2472 4495 εί
2504 4443 2687 4513 μέλλει
2725 4444 3042 4513 ἀγαπᾶσθαι
3069 4444 3098 4496 ὁ
3130 4443 3335 4514 ἕτερος.
3368 4443 3565 4497 Τούτου
3610 4446 3777 4515 χάριν

2193 4535 2290 4604 μία
2317 4534 2489 4605 ικλίνη
2525 4535 2618 4588 τοῦ
2656 4535 2918 4606 βασιλέως
2967 4538 3174 4605 γίνεται
3201 4539 3311 4590 πᾶν
3337 4536 3399 4590 τὸ
3441 4536 3769 4605 σωζόμενον.

501 4622 595 4691 qui
644 4629 831 4676 autem
869 4621 1038 4678 Deum
1076 4623 1360 4690 viderunt,
1396 4622 1562 4678 Israel
1596 4624 1815 4693 proprie
1853 4622 1992 4677 ﬁunt
2031 4632 2086 4680 ct

2199 4627 2253 4680 Εἰ
2277 4627 2385 4698 γὰρ
2425 4628 2627 4691 πάντες
2652 4628 2870 4697 ὄψονται
2903 4628 2992 4681 τὸν
3021 4628 3153 4682 Θεὸν
3183 4629 3232 4681 οἱ
3265 4628 3496 4699 καθαροὶ
3530 4630 3594 4698 τῇ
3630 4646 3773 4698 καρο

504 4714 861 4767 nominantur
894 4732 909 4768 :
962 4714 1016 4767 in
1066 4713 1357 4769 duodecim
1394 4720 1576 4768 autem
1607 4714 1786 4770 tribus
1815 4715 2085 4770 dividitur

500 4804 609 4859 hoc
649 4818 851 4860 nomen
895 4820 1097 4860 arcana
1139 4806 1376 4875 quadam
1428 4805 1665 4870 ratione,
1716 4815 1863 4861 recte
1909 4808 2084 4877 pleni-

500 4896 636 4951 tudo
678 4912 868 4952 eorum
923 4899 1015 4967 qui
1052 4897 1189 4952 salvi
1242 4898 1402 4965 ﬁunt,
1438 4913 1668 4952 numero
1719 4899 2001 4968 sexaginta
2028 4899 2083 4953 in

498 5005 769 5046 summam
827 4989 1126 5061 redigitur,
1163 5006 1287 5045 cum
1341 5006 1513 5045 unum
1553 4991 1775 5061 quidem
1827 5000 2083 5047 sumatur

496 5082 553 5137 in
604 5097 935 5155 unaquaque
978 5090 1154 5154 parte,
1201 5083 1255 5137 in
1308 5085 1552 5154 quinque
1609 5091 1787 5139 autem
1840 5093 2083 5140 armatos

496 5190 597 5245 pro
633 5190 863 5231 numero
902 5188 1169 5230 sensuum
1201 5173 1307 5229 hoc
1359 5190 1525 5229 unum
1575 5173 1872 5228 dividatur.

564 5467 768 5522 Omnes
806 5474 938 5532 ergo
979 5458 1075 5531 qui
1121 5457 1306 5514 divina
1361 5454 1542 5513 induti
1586 5462 1717 5511 sunt
1766 5462 2073 5522 armatura,

490 5569 661 5611 unum
698 5552 844 5623 regis
871 5552 1071 5608 lectum
1108 5548 1477 5612 circumdant,
1502 5547 1681 5603 ellecti
1706 5562 1899 5603 omnes
1930 5562 2075 5602 unus

2188 4716 2277 4788 δίᾳ
2314 4717 2630 4787 γενόμενοι·
2672 4719 2722 4771 οἱ
2764 4717 2821 4770 δὲ
2848 4719 2941 4770 τὸν
2974 4717 3107 4771 Θεὸν
3141 4718 3375 4781 ἰδόντες,
3423 4718 3641 4789 Ἰσραὴλ
3674 4736 3772 4772 xu-

2190 4809 2323 4880 ρίως
2363 4808 2605 4877 γίνονταί
2636 4826 2697 4863 τε
2730 4808 2826 4863 καὶ
2870 4808 3254 4879 ὀνομάζονται’
3291 4809 3495 4863 δώδεκα
3530 4810 3585 4863 δὲ
3630 4811 3770 4865 διαι-

2191 4902 2362 4971 ρεῖται
2391 4900 2586 4970 φυλαῖς
2628 4900 2774 4954 κατά
2812 4917 2933 4953 τινα
2961 4900 3118 4969 λόγον
3167 4901 3476 4973 ἀπόρρητον
3520 4902 3683 4956 τοῦτο
3712 4904 3769 4957 τὸ

2186 4991 2378 5062 ὄνομα,
2411 4992 2593 5056 καλῶς
2638 4993 2700 5045 τὸ
2736 4992 3009 5064 πλήρωμα
3035 4993 3142 5046 τῶν
3175 4994 3494 5065 σωζομένων
3530 4993 3609 5065 τῷ
3644 4997 3768 5065 ἀρι-

2187 5083 2312 5155 θμῷ
2368 5083 2478 5137 τῶν
2532 5084 2795 5156 ἐξήκοντα
2855 5085 3242 5152 κεφαλαιοιὴαι
3264 5102 3279 5115 °
3342 5085 3460 5148 ἐνὸς
3519 5086 3619 5157 μὲν
3675 5085 3765 5156 ἀφ’

2184 5179 2416 5233 ἑκάστου
2451 5177 2653 5249 μέρους
2695 5178 3131 5248 λαμϐανομένου,
3158 5180 3237 5239 είς
3264 5178 3426 5231 πέντε
3457 5178 3512 5231 δὲ
3539 5180 3767 5245 ὁπλίτας

2185 5270 2327 5324 κατὰ
2371 5269 2460 5323 τὸν
2502 5268 2736 5340 ἀριθμὸν
2783 5268 2893 5322 τῶν
2943 5270 3251 5340 αἰσθήσεων
3284 5269 3376 5323 τοῦ
3424 5269 3541 5334 ἑνὸς
3572 5272 3764 5326 τοέτου

2187 5361 2571 5431 μεριζομένου.

2254 5452 2464 5507 Οὐκοῦν
2499 5454 2698 5518 πάντες
2737 5455 2787 5507 οἱ
2828 5454 2982 5508 θείαν
3020 5453 3373 5525 ἐνδυσάμενοι
3427 5454 3760 5521 πανοπλίαν,

2185 5545 2315 5615 μίαν
2347 5544 2609 5599 κυκλοῦσι
2633 5544 2726 5598 τοῦ
2768 5545 3032 5616 βασιλέως
3069 5545 3279 5617 κλίνην,
3323 5546 3538 5616 Ἰσραὴλ
3560 5548 3761 5610 πάντες

490 5642 682 5708 Israel,
704 5653 759 5700 et
793 5659 920 5698 cum
952 5659 1050 5714 per
1072 5641 1364 5699 duodecim
1390 5642 1569 5696 tribus
1591 5640 1931 5711 intelligatur
1952 5655 2075 5711 qua:

2199 5637 2490 5708 Γενόμενοι,
2534 5639 2628 5691 καὶ
2655 5638 2742 5692 διὰ
2768 5637 2877 5693 τῶν
2907 5635 3114 5691 δώδεκα
3154 5638 3338 5709 φυλῶν
3373 5638 3473 5707 τῆς
3505 5640 3758 5709 πανταχῆ

488 5744 574 5791 est
623 5733 827 5803 ubique
874 5733 1201 5802 optimatum
1269 5740 1322 5789 et
1374 5747 1434 5788 se
1497 5730 1713 5786 fortiter
1767 5731 2070 5800 gerentium

2199 5729 2474 5801 νοουμένης
2501 5729 2817 5801 ἀριστείας,
2848 5733 2930 5794 εἰς
2954 5729 3045 5785 τὸν
3076 5730 3309 5802 ἀριθμὸν
3348 5728 3454 5784 τῶν
3491 5729 3759 5799 ἐξήκοντ]

562 5915 603 5946 "
640 5912 786 5969 Psal.
816 5927 934 5979 cm,
967 5913 1053 5979 18,
1083 5915 1176 5982 20,
1229 5913 1319 5967 2i.
1403 5912 1445 5945 ¹⁸
1477 5909 1634 5965 llum.
1683 5925 1758 5976 ﬂ,
1786 5909 1843 5965 ὃ.
