3866 6360
229 386 349 445 905

1278 384 1340 445 tu
1384 375 1680 445 CANTICA
1721 371 1990 443 CANTlC.
2033 373 2313 445 HOMILIA
2352 390 2463 449 vn.

3397 382 3503 446 9-36

228 500 444 567 παντὸς
483 499 1054 573 ἀνακὲφαλαιουμένου
1099 501 1192 555 τοῦ
1220 504 1327 556 τῶν
1368 504 1637 575 ἀριστέων
1673 504 1805 576 πλη-

1919 502 2251 570 respublica,
2309 505 2532 559 fortium
2590 503 2830 558 virorum
2884 499 3226 574 plenitudine
3276 500 3495 556 redacta

233 593 529 667 ρώματος,
578 592 677 663 μία
708 593 1010 664 παράταξις
1038 594 1134 647 καὶ
1166 592 1396 665 στρατὸς
1433 590 1543 659 εἷς,
1588 594 1683 648 καὶ
1720 595 1817 663 μία

229 686 396 755 κλίνη
416 725 432 752 ,
463 686 743 739 τουτέστιν
796 682 1092 755 Ἐκκλησία
1121 686 1253 756 μία,
1288 688 1382 739 καὶ⁵
1413 685 1540 749 λαὸς
1570 682 1650 749 εἷς
1671 729 1686 751 ,
1722 686 1819 739 καὶ

230 776 425 847 νύμφη
456 777 554 848 μία
580 778 630 830 οἱ
677 777 882 840 πάντες
916 778 1238 848 γενήσονται
1257 817 1271 842 ,
1301 778 1391 847 ὑφ’
1420 778 1500 831 ἑνὶ
1535 778 1815 848 ταξιάρχῳ

229 869 334 921 καὶ
375 866 745 939 ἐκκλησιαστῇ
802 868 895 921 καὶ
933 869 1151 939 νυμφίῳ
1203 868 1342 940 πρὸς
1391 869 1511 932 ἐνὸς
1563 868 1815 940 σώματος

226 959 521 1013 κοινωνίαν
551 955 1084 1031 προσαρμοζόμενοι.
1114 959 1190 1012 Τὸ
1208 960 1265 1013 δὲ
1287 959 1476 1029 κλίνην
1506 960 1813 1015 ἀνάπαυσιν

224 1045 370 1103 εἶναι
414 1047 525 1102 τῶν
572 1048 927 1120 σωζομένων,
966 1049 1063 1103 καὶ
1093 1046 1158 1104 ἐκ
1203 1050 1305 1120 τῆς
1335 1049 1428 1103 τοῦ
1459 1050 1593 1105 Θεοῦ
1626 1053 1811 1122 φωνῆς

223 1140 621 1212 διδασκόμεθα,
656 1142 718 1205 ὃς
738 1151 873 1211 φησι
902 1141 1041 1212 πρὸς
1075 1134 1168 1194 τὸν
1198 1140 1432 1203 ἀναιδῶς
1457 1142 1515 1195 ὲν
1536 1143 1691 1195 νυκτὶ
1718 1142 1814 1196 θυ-

228 1228 668 1302 ροκρουστοῦντα
687 1245 702 1259 ο
740 1227 822 1282 ὅτι
854 1229 1007 1297 Ἤδη
1051 1230 1091 1298 ἠ
1129 1231 1279 1298 θύρα
1307 1230 1682 1296 κέκλεισται,
1710 1224 1811 1286 καὶ

224 1323 307 1376 τὰ
336 1321 542 1375 παιδία
580 1321 708 1391 μετ’
739 1321 886 1390 ἐμοῦ
919 1321 1018 1375 ἐπὶ
1059 1319 1171 1389 τῆς
1196 1322 1404 1390 κοίτης
1427 1323 1580 1377 ἐστί.
1611 1323 1811 1387 Καλῶς

223 1415 292 1469 δὲ
334 1417 460 1479 τοὺς
486 1414 573 1469 διὰ
603 1414 711 1469 τῶν
761 1408 942 1468 ὅπλων
987 1415 1087 1485 τῆς
1128 1414 1476 1486 δικαιοσύνης
1506 1414 1568 1467 τὺ
1598 1416 1808 1481 ἀπαθὲς

225 1504 688 1576 κατορθώσαντας
707 1546 722 1570 ,
770 1505 959 1559 παιδία
1011 1503 1374 1576 κατονομάζει
1417 1507 1446 1559 ό
1495 1504 1681 1574 λόγος,
1720 1506 1809 1560 διά

224 1598 437 1652 τούτων
463 1599 594 1668 ήμῖν
625 1597 1020 1669 ὑφηγούμενος,
1048 1598 1130 1651 ὅτι
1155 1597 1217 1650 τὸ
1244 1597 1306 1662 ἐξ
1333 1597 1650 1667 ἐπιμελείας
1675 1598 1808 1669 ἡμῖν

225 1689 660 1760 προσγινόμενον
691 1688 926 1756 ἀγαθὸν,
961 1690 1061 1742 οὐκ
1084 1689 1214 1744 ἄλλο
1231 1688 1284 1742 τί
1323 1692 1439 1743 ἐστι
1473 1690 1623 1762 παρά
1648 1689 1711 1744 τὸ
1746 1689 1807 1756 ἐξ

222 1779 407 1851 ἀρχῆς
438 1778 762 1832 ὲναποτεθὲν
796 1781 862 1850 τῇ
891 1780 1069 1847 φύσει.
1102 1781 1232 1835 Ὅτε
1256 1780 1373 1853 ’γὰρ
1402 1781 1500 1853 τὴν
1529 1782 1805 1853 ῥομφαίαν

1923 592 1977 644 in
2023 608 2297 648 summam
2342 598 2553 651 numeri
2587 596 2892 668 sexaginta,
2921 611 3029 650 una
3064 594 3234 657 acies,
3264 599 3321 648 et
3354 607 3496 648 unus

1921 687 2220 750 exercitus,
2250 695 2306 741 et
2356 704 2499 744 unus
2532 696 2619 743 est
2666 689 2865 755 lectus,
2921 702 3116 757 nempe
3162 700 3271 740 una
3305 683 3496 740 Eccle-

1921 776 2026 839 sia,
2083 785 2139 832 et
2181 779 2416 848 p0pulus
2460 793 2626 843 unus,
2656 786 2712 834 et
2740 793 2851 834 una
2904 792 3108 848 sponsa
3146 777 3274 831 ﬂent
3302 790 3495 830 omnes

1919 866 2027 921 sub
2077 882 2188 922 uno
2237 870 2460 925 tribuno
2527 870 2783 936 militum,
2849 876 2904 925 et
2959 869 3373 929 coneionatore,
3441 873 3496 919 et

1919 971 2127 1028 sponso
2174 963 2443 1029 compacti
2486 968 2541 1016 ct
2582 961 2895 1016 concinnati
2931 962 2986 1014 in
3033 974 3197 1013 unam
3246 958 3497 1027 corporis

1918 1047 2385 1117 conjunctionem.
2458 1051 2614 1118 Quod
2674 1063 2858 1107 autem
2917 1053 3093 1107 lectus
3149 1051 3224 1105 sit
3277 1050 3495 1118 requies

1916 1152 2108 1193 eorum
2165 1141 2257 1209 qui
2318 1140 2455 1195 salvi
2511 1140 2668 1207 fiunt,
2715 1142 2980 1197 docemur
3029 1142 3194 1196 etiam
3245 1155 3314 1194 ex
3360 1152 3496 1193 voce

1920 1227 2158 1292 Domini,
2210 1231 2303 1300 qui
2354 1231 2489 1287 dicit
2537 1232 2589 1287 ei
2636 1234 2729 1301 qui
2770 1240 2935 1287 noctu
2988 1232 3189 1287 ostium
3240 1230 3495 1301 pulsabat

1917 1319 2306 1390 impudenter:
2342 1321 2603 1377 Clausum
2643 1333 2722 1378 est
2754 1326 2974 1389 ostium,
3011 1334 3058 1377 et
3100 1323 3247 1393 pueri
3292 1337 3494 1375 mecum

1915 1417 2039 1462 sunt
2079 1411 2134 1463 in
2167 1410 2330 1464 cubili
2369 1411 2435 1464 '°.
2483 1411 2653 1467 Recte
2685 1419 2869 1468 autem
2906 1427 3002 1467 eos
3044 1412 3137 1481 qui
3195 1426 3290 1481 per
3341 1425 3494 1463 arma

1910 1499 2143 1569 justitiaa
2190 1502 2296 1557 sibi
2342 1514 2737 1574 compararunt
2767 1504 3249 1574 impatibilitatem,
3294 1517 3495 1573 pueros

1917 1591 2188 1656 nominat,
2248 1594 2656 1665 exponentibus
2705 1596 2869 1653 nobis
2913 1596 3287 1667 dogmatibus,
3347 1595 3493 1664 quod

1912 1681 2118 1738 bonum
2157 1686 2305 1756 quod
2352 1688 2515 1743 nobis
2563 1687 2775 1743 accedit
2825 1703 2892 1743 ex
2943 1687 3219 1743 industria
3269 1701 3334 1740 ac
3365 1684 3494 1741 dili-

1913 1776 2119 1848 gentia,
2145 1793 2256 1833 non
2286 1786 2374 1836 est
2434 1779 2581 1835 aliud
2615 1781 2820 1835 bonum
2859 1794 2923 1836 ac
2980 1780 3295 1845 honestum,
3329 1793 3494 1849 quam

223 1867 638 1939 διαζωσάμενος
673 1869 764 1923 διὰ
789 1872 1061 1941 προσοχῆς
1088 1870 1183 1924 τοῦ
1205 1871 1328 1924 κατ’
1367 1871 1567 1943 ἀρετὴν
1600 1872 1715 1942 βίου
1746 1872 1805 1928 τὸ

1913 1867 1970 1921 id
2016 1869 2163 1938 quod
2226 1870 2295 1926 ab
2344 1871 2507 1927 initio
2563 1880 2764 1927 natura
2812 1881 2900 1930 est
2948 1874 3109 1930 nobis
3157 1873 3492 1945 repositum.

225 1959 408 2023 πάθος
459 1961 904 2024 ἀπεσκευάσατο,
960 1961 1080 2015 τότε
1133 1959 1335 2031 νήπιον
1384 1957 1488 2029 τῆς
1557 1963 1810 2034 ήλικίας,

225 2050 578 2120 ἀναισθήτως
611 2050 723 2121 ἔχει
747 2051 841 2104 τοῦ
868 2051 1110 2105 τοιούτου
1134 2052 1361 2116 πάθους.
1404 2053 1479 2105 Οὐ
1510 2052 1619 2124 γὰρ
1647 2056 1815 2124 χωρεῖ

220 2140 295 2194 τὸ
327 2140 498 2202 πάθος
526 2145 559 2211 ή
591 2140 769 2211 ἀωρία
795 2139 894 2211 τῆς
919 2141 1157 2213 ήλικίας.
1196 2141 1405 2196 Οὐκοῦν
1444 2142 1640 2196 ταυτόν
1664 2146 1813 2197 ἐστιν

222 2231 456 2296 ὁπλίτας
487 2249 548 2284 τε
577 2232 706 2304 περὶ
733 2232 832 2303 τὴν
865 2232 1053 2303 κλίνην
1087 2228 1224 2287 εἶναι
1253 2233 1462 2304 μαθεῖν,
1512 2235 1608 2288 καὶ
1640 2235 1808 2306 νήπια

226 2323 328 2375 ἐπὶ
359 2323 461 2393 τῆς
500 2322 687 2394 κλίνης
735 2323 1146 2393 ἅναπαυόμενα.
1194 2323 1312 2379 Μία
1361 2324 1471 2397 γὰρ
1504 2326 1591 2379 ἐπ’
1627 2327 1809 2396 ἀμφο-

227 2416 409 2487 τέρων
445 2420 478 2488 ή
525 2415 794 2480 ἀπάθεια,
835 2416 944 2470 τῶν
971 2433 1031 2469 τε
1069 2418 1142 2487 μὴ
1188 2417 1672 2487 παραδεξαμένων,
1718 2419 1811 2472 καὶ

224 2509 346 2565 τῶν
405 2509 785 2580 ἀπωσαμὲνων
846 2508 905 2561 τὸ
973 2508 1162 2571 πάθος.
1224 2507 1290 2562 Oi
1350 2509 1451 2579 μὲν
1495 2509 1604 2580 γὰρ
1655 2513 1810 2566 οὔπω

225 2601 477 2667 ἔγνωσαν
497 2618 512 2631 ·
559 2600 608 2652 oi
636 2598 694 2652 δὲ
724 2600 861 2671 πρλς
903 2599 1000 2671 τὴν
1033 2598 1255 2670 πρώτην
1292 2601 1625 2655 κατάστασιν
1685 2603 1810 2655 ἐαυ-

222 2688 357 2750 τοὺς
400 2686 777 2757 ἐπανήγαγον,
815 2686 1145 2758 στραφέντες
1166 2726 1181 2750 ,
1217 2687 1314 2740 καὶ
1339 2686 1525 2740 παιδία
1563 2691 1630 2758 τῇ
1662 2689 1807 2742 ἀπα-

223 2777 352 2846 θείᾳ
388 2778 701 2849 γενόμενοι,
750 2778 827 2841 ὡς
871 2777 1142 2848 μακάριον
1190 2776 1254 2831 τὸ
1292 2778 1352 2831 ὲν
1392 2778 1603 2842 τούτοις
1651 2779 1807 2851 εὐρε-

228 2870 430 2940 θῆναι,
477 2869 511 2939 ἦ
557 2869 790 2935 παιδίον,
838 2870 873 2939 ἢ
918 2868 1185 2937 ὁπλίτην.
1229 2868 1264 2939 ἢ
1295 2868 1546 2939 ἀληθινὸν
1589 2871 1805 2943 Ἰσραη-

116 2952 131 2959 ”
225 2962 386 3033 λίτην
445 2963 760 3033 γενόμενον,
818 2964 891 3026 ὡς
936 2961 1034 3033 μὲν
1099 2962 1434 3033 ἰσραηλίτην
1482 2962 1540 3019 ὲν
1589 2964 1807 3040 καθαρᾷ

221 3054 430 3125 καρδίᾳ
459 3055 551 3108 τὸν
593 3053 726 3108 Θεὸν
767 3055 1010 3125 ὁρῶντα·
1070 3052 1146 3119 ὡς
1193 3055 1251 3108 δὲ
1287 3055 1535 3128 ὁπλίτην,
1568 3061 1627 3113 ὲν
1664 3060 1800 3114 ἀπα-

221 3144 354 3216 θείᾳ.
421 3145 516 3199 καὶ
565 3142 896 3217 καθαρότητι
959 3147 1059 3219 τὴν
1104 3147 1199 3201 τοῦ
1267 3148 1533 3220 βασιλέως
1598 3152 1802 3225 κλίνην,

1913 1956 2143 2024 Quando
2192 1961 2340 2016 enim
2383 1963 2477 2033 qui
2536 1962 2733 2019 femori
2787 1965 3029 2020 accinxit
3066 1979 3279 2027 ensem,
3312 1971 3491 2018 atten—

1912 2045 2093 2102 dendo
2137 2048 2265 2104 vitae
2296 2064 2365 2106 ex
2401 2053 2603 2108 virtute
2629 2053 2873 2124 agenda,
2904 2055 3115 2125 expulit
3161 2054 3330 2109 animi
3367 2069 3492 2124 pcr—

1909 2137 2306 2205 turbationem,
2354 2149 2487 2198 tunc
2517 2143 2704 2201 infans
2739 2153 2901 2200 aetate
2930 2154 3036 2212 est,
3069 2161 3268 2217 expers
3295 2160 3492 2201 sensus

1909 2224 2186 2293 ejusmodi
2223 2230 2390 2284 animi
2420 2232 2868 2301 perturbationis.
2908 2230 3028 2289 Non
3076 2237 3221 2289 enim
3255 2250 3318 2291 ea
3357 2245 3490 2291 aetas

1910 2316 2204 2373 immatura
2233 2335 2405 2391 capax
2433 2330 2519 2379 est
2546 2324 2816 2391 ejusmodi
2857 2326 3306 2395 perturbationis.
3341 2326 3487 2381 Idem

1908 2417 1996 2463 est
2032 2424 2165 2480 ergo
2202 2410 2386 2468 dicere
2437 2423 2491 2469 et
2537 2424 2778 2471 armatos
2820 2432 2944 2473 esse
2991 2418 3140 2473 circa
3176 2419 3400 2483 lectum,
3438 2431 3491 2474 et

1910 2496 2171 2565 infantes,
2206 2516 2314 2556 una
2351 2506 2554 2575 quippe
2586 2515 2670 2562 est
2708 2509 3107 2578 impatibilitas,
3143 2510 3490 2580 quandoqui-

1908 2586 2033 2643 dem
2066 2589 2122 2643 hi
2153 2607 2262 2647 non
2300 2594 2667 2661 admiserunt,
2725 2599 2803 2653 illi
2834 2616 2966 2655 vero
3009 2605 3289 2670 ejecerunt
3318 2604 3487 2657 animi

1908 2681 2403 2748 perturbationem.
2460 2685 2596 2742 Nam
2640 2689 2717 2744 illi
2771 2690 2992 2759 quidem
3047 2694 3292 2747 nondum
3320 2709 3490 2750 nove-

1907 2777 2069 2838 runt;
2124 2772 2181 2827 hi
2229 2790 2361 2830 vero
2397 2776 2464 2832 ad
2504 2778 2743 2847 priorem
2776 2788 2979 2836 statum
3023 2796 3084 2838 se
3130 2784 3484 2854 redegerunt.

1908 2866 2184 2931 conversi,
2232 2876 2288 2923 et
2336 2869 2744 2941 impatibilitate
2794 2872 2971 2929 eﬂ'ecti
3006 2878 3184 2945 pueri,
3233 2878 3371 2933 adeo
3428 2886 3488 2932 ut

1906 2956 2105 3014 beatus
2145 2959 2199 3014 in
2248 2961 2335 3017 his
2368 2964 2703 3031 inveniatur,
2733 2965 2815 3020 vel
2854 2966 3057 3032 infans,
3097 2969 3183 3023 vel
3220 2977 3486 3029 armatus.

1906 3049 1993 3103 vel
2039 3065 2205 3107 verus
2235 3051 2482 3109 Israelita
2539 3054 2740 3120 factus,
2776 3065 2834 3112 ut
2871 3074 3037 3116 verus
3086 3061 3330 3117 Israelita
3366 3065 3491 3131 qui-

1906 3139 2033 3195 dem
2054 3141 2110 3196 in
2132 3159 2272 3213 puro
2293 3146 2458 3202 corde
2486 3146 2655 3202 Deum
2686 3150 2900 3217 videns,
2933 3162 2992 3206 ut
3016 3162 3261 3210 armatus
3282 3163 3484 3223 autem,

218 3236 475 3290 τουτέστι
513 3237 612 3307 τὴν
656 3236 849 3291 ἑαυτοῦ
902 3237 1129 3309 καρδίαν
1189 3238 1571 3307 φυλάσσονταο
1625 3241 1701 3306 ὡς
1747 3243 1804 3297 δὲ

1910 3228 1964 3282 in
2004 3230 2410 3300 impatibilitate
2443 3250 2509 3290 ac
2548 3237 2793 3306 puritate
2849 3240 2993 3309 regis
3031 3240 3255 3306 lectum,
3287 3242 3340 3296 id
3379 3250 3485 3308 est,

221 3329 463 3392 παιδίον,
497 3329 589 3382 ἐπὶ
619 3330 720 3400 τῆς
749 3329 1022 3401 μακαρίας
1050 3329 1233 3401 κοίτης
1268 3331 1712 3403 ἀναπαυόμενον,
1751 3335 1806 3387 ὲν

222 3419 451 3490 Χριστῷ
496 3416 670 3489 Ἰησοῦ
711 3418 788 3489 τῷ
835 3421 1027 3492 Κυρίῳ
1068 3413 1320 3497 ἡμῶνμῖ)
1360 3422 1540 3493 ήδόξα
1579 3424 1658 3486 ei;
1680 3425 1808 3489 τοὺς

223 3509 431 3573 αἰῶνας
468 3508 576 3563 τῶν
613 3509 850 3564 αίώνων.
894 3511 1089 3582 Ἀμήν.

833 3599 1075 3657 ΟΜΙΛῙΑ
1113 3603 1185 3657 Z'.

298 3695 543 3765 Φορεῗον
585 3694 874 3763 ἐποίησεν
916 3694 1107 3761 ἑαυτῷ
1132 3697 1167 3750 ό
1188 3697 1491 3765 βασιλεὺς
1523 3696 1805 3769 Σολομὼν

219 3787 347 3844 ἀπὸ
386 3789 587 3853 ξύλων
623 3788 730 3842 τοῦ
760 3787 1036 3849 Λιϐάνου.
1076 3789 1345 3855 στύλους
1378 3792 1564 3845 αὐτοῦ
1598 3794 1805 3862 ἐποίη-

219 3892 340 3929 σεν
406 3877 718 3946 ἀργύριον.
781 3876 881 3929 καὶ
948 3872 1274 3931 ἀνάκλιτον
1327 3880 1616 3947 χρυσίον,
1672 3882 1802 3935 ἐπί-

220 3970 401 4035 ϐασις
436 3967 624 4023 αὐτοῦ
667 3962 963 4037 πορφυρᾶ.
1005 3968 1212 4034 Ἐντὸς
1251 3968 1441 4025 αὐτοῦ
1482 3975 1803 4041 λιθόστρω-

220 4072 356 4119 νον,
398 4056 641 4125 ἀγάπην
684 4054 804 4112 ἀπὸ
851 4057 1187 4126 θυγατέρων
1239 4052 1641 4130 Ἰερουσαλήμ.
1688 4064 1800 4116 Θυ-

222 4146 470 4219 γατέρες
494 4148 666 4214 Σιὼν,
710 4148 1005 4212 ἐξέλθετε,
1041 4150 1139 4203 καὶ
1171 4151 1324 4205 ἴδετε
1356 4153 1426 4206 ἐν
1456 4152 1537 4218 τῷ
1552 4154 1811 4218 βασιλεῖ

219 4236 529 4307 Σολομὼν,
563 4237 634 4291 ἐν
674 4236 755 4302 τῷ
783 4236 1091 4306 στεφάνῳ,
1135 4232 1184 4305 ᾧ
1227 4241 1650 4311 ἐστεφάνωσεν
1695 4247 1803 4298 αὐ-

217 4329 335 4384 τὸν
385 4329 419 4395 ἠ
466 4328 665 4398 μήτηρ
701 4329 890 4381 αὐτοῦ
921 4329 990 4382 ἐν
1027 4328 1219 4398 ἡμέρᾳ
1261 4333 1653 4401 νυμφεύσεως
1695 4337 1802 4389 αὑ-

215 4421 352 4485 τοῦ,
388 4423 487 4475 καὶ
531 4423 603 4476 ἐν
646 4420 838 4491 ἡμέρᾳ
868 4423 1253 4492 εὐφροσύνης
1298 4427 1547 4495 καρδίας
1589 4430 1798 4484 αὑτοῦ.

231 4512 393 4568 Ἰδοὺ
446 4511 503 4566 ετ
555 4511 736 4581 καλὴ.
785 4515 824 4582 ἡ
867 4516 1134 4582 πλησίον
1166 4533 1319 4585 μου,
1352 4512 1480 4571 ίδοὺ
1523 4514 1581 4571 εἷ
1618 4519 1797 4587 καλή.

232 4603 556 4671 Ὀφθαλμοί
607 4617 724 4657 σου
779 4607 1149 4673 περιστεραὶ,
1203 4606 1374 4672 ἐκτὸς
1422 4606 1531 4673 τῆς
1578 4609 1802 4675 σιωπή-

216 4694 380 4761 σεώς
429 4695 705 4759 σου,⁶ὡς
750 4692 958 4765 ἀγέλαι
1015 4696 1135 4750 τῶν
1185 4697 1405 4765 αἰγῶν,
1467 4697 1530 4753 αΣ
1575 4698 1800 4754 ἀπεκα-

214 4788 550 4853 λύφθησαν
585 4786 704 4840 ἀπὸ
754 4787 859 4841 τοῦ
908 4786 1173 4841 Γαλαὰδ.
1229 4788 1501 4856 Ὀδόντες
1550 4806 1669 4845 σου
1720 4792 1801 4858 ὡς

215 4869 438 4939 ἀγέλαι
471 4870 589 4924 τῶν
633 4874 1035 4940 κεκαρμένων,
1074 4873 1138 4927 αἱ
1183 4875 1492 4944 ἀνέϐησαν
1533 4879 1653 4932 ἀπὸ
1692 4880 1800 4935 τοῦ

213 4956 504 5023 λουτροῦ.
542 4961 602 5011 αι
637 4957 828 5014 πᾶσαι
851 4959 1301 5030 διδυμεύουσαι,
1333 4966 1431 5019 καὶ
1458 4967 1800 5025 ἀτεκνοῦσα

215 5047 336 5100 οὐκ
388 5047 562 5101 ἔστιν
605 5049 675 5102 ἐν
711 5050 940 5117 αὐταῖς.
999 5052 1095 5119 Ὠς
1127 5056 1423 5124 σπαρτίον
1463 5052 1528 5111 τὸ
1557 5060 1801 5116 κόκκων

216 5140 400 5206 χείλη
453 5151 607 5205 σου,
646 5140 745 5193 καί
776 5140 815 5207 ἡ
859 5141 1043 5195 λαλιὰ
1088 5160 1205 5198 σου
1247 5145 1448 5213 ὡραία.
1502 5150 1587 5215 Ως
1614 5152 1802 5204 λέπυ-

212 5245 333 5298 ρον
380 5228 533 5296 ῥοᾶς
592 5228 823 5300 μῆλόν-
870 5247 987 5286 σου
1048 5234 1223 5300 ἐκτὸς
1278 5236 1391 5305 τῆς
1441 5240 1799 5310 σιωπήσεώς

215 5329 360 5370 σου.
410 5314 505 5382 Ὡς
548 5317 774 5387 πύργος
818 5320 996 5374 Δαϐίδ
1027 5320 1329 5391 τράχηλός
1364 5339 1517 5392 σου,
1569 5332 1603 5381 ό
1648 5331 1798 5396 ᾠκοο

216 5404 559 5475 δομημένος
614 5408 703 5471 εις
757 5410 1048 5466 Θαλπιώθ.
1102 5414 1292 5469 Χίλιοι
1317 5416 1515 5484 θιῳεοὶ
1541 5420 1796 5490 κρέμαν-

214 5509 319 5547 ται
366 5495 460 5547 ἐπ’
504 5497 725 5562 αὑτὸν,
791 5498 980 5554 πᾶσαι
1043 5501 1294 5571 ,ϐολίδες
1347 5507 1467 5561 τῶν
1501 5508 1792 5567 δυνατῶν.

212 5585 340 5640 Δύο
369 5589 597 5655 μαστοί
633 5605 752 5643 σου
785 5591 867 5656 ὡς
898 5592 1008 5647 δύο
1034 5597 1226 5663 νεϐροί
1246 5596 1480 5668 δίδυμοι
1502 5602 1796 5670 δορκάδος

1908 3334 2008 3374 cor
2048 3337 2208 3377 suum
2256 3324 2598 3393 custodiens,
2641 3337 2705 3383 ut
2758 3329 2941 3385 infans
2983 3340 3189 3395 autem,
3230 3334 3283 3388 in
3329 3335 3489 3392 beato

1908 3411 2050 3467 lecto
2096 3417 2408 3483 quiescens.
2447 3420 2502 3473 in
2543 3418 2764 3477 Christo
2804 3421 2934 3477 Iesu
2983 3422 3214 3479 Domino
3273 3436 3501 3495 nostro,-

1908 3503 1997 3558 cui
2039 3506 2213 3576 gloria
2265 3508 2322 3563 in
2366 3512 2567 3566 auaritia
2620 3515 2970 3571 smeulorum.
3018 3516 3207 3572 Amen:

2466 3602 2753 3661 HOMILIA
2813 3606 2929 3662 VII.

1976 3683 2107 3742 CAP.
2132 3704 2214 3753 Ill,
2233 3693 2286 3764 ᾖ.
2306 3692 2359 3747 9.
2388 3691 2674 3748 Ferculum
2696 3698 2798 3751 sibi
2819 3697 2944 3767 fecit
2965 3698 3221 3759 Salomon
3243 3720 3307 3759 ea:
3329 3707 3487 3778 lignis

1906 3775 2118 3833 Libani.
2148 3783 2232 3836 10.
2256 3782 2546 3841 Columnas
2567 3787 2671 3841 sibi
2688 3789 2811 3858 fecit
2830 3802 3127 3862 argenteas,
3148 3809 3198 3850 et
3212 3775 3490 3852 reclinata-

1901 3869 2047 3939 rium
2079 3887 2233 3925 suum
2276 3888 2518 3939 aureum,
2556 3894 2803 3934 ascensus
2831 3884 2946 3950 ejus
2971 3900 3286 3952 purpureus.
3332 3887 3486 3942 Intra

1904 3959 2076 4028 ipsum
2104 3972 2180 4015 est
2213 3967 2568 4031 pavimentum
2609 3970 2869 4027 charitate
2907 3980 3140 4030 stratum
3175 3994 3240 4031 ea:
3270 3980 3485 4047 ﬁliabus

1902 4047 2222 4142 Ierusalem.
2253 4057 2340 4111 11.
2378 4058 2552 4128 Exite,
2589 4064 2718 4132 ﬁlia:
2743 4062 2895 4127 Sion,
2926 4076 2975 4121 et
3004 4067 3171 4125 videte
3188 4087 3357 4142 regem
3382 4073 3486 4127 Sa-

1906 4141 2165 4199 lomonem
2193 4148 2248 4201 in
2274 4166 2470 4205 corona
2495 4170 2601 4223 qua
2627 4159 2900 4212 coronavit
2926 4174 3047 4212 eum
3076 4173 3246 4215 mater
3272 4163 3409 4233 ejus,
3430 4164 3486 4218 in

1902 4234 1989 4289 die
2012 4237 2437 4305 desponsationis
2468 4261 2599 4308 sum,
2629 4256 2679 4301 et
2719 4248 2773 4301 in
2801 4250 2887 4302 die
2934 4251 3142 4307 lwtitim
3171 4257 3346 4309 cordis
3378 4260 3480 4313 sui.

1902 4321 2213 4398 (ΣΑΡ.1ν,Ῡ.
2256 4331 2307 4384 Ι.
2345 4330 2477 4385 Ecce
2505 4335 2726 4401 pulchra
2757 4353 2831 4401 es,
2871 4341 3163 4410 propinqua
3196 4360 3333 4407 mea,
3371 4363 3491 4400 ecce

1900 4415 2122 4478 pulchra
2151 4435 2226 4473 es.
2258 4420 2417 4478 Oculi
2461 4426 2538 4478 tui
2567 4426 2842 4493 columbm,
2870 4441 3063 4496 prteter
3091 4433 3146 4485 id
3183 4436 3321 4504 quod
3350 4437 3404 4489 in
3437 4449 3491 4491 te

1904 4509 2166 4566 reticetur.
2192 4512 2357 4568 Coma
2382 4525 2472 4570 tua
2500 4517 2638 4570 velut
2679 4535 2854 4588 greges
2894 4537 3179 4589 caprarum
3222 4541 3338 4594 qua’
3362 4537 3487 4582 sunt

1906 4602 2150 4657 revelata:
2175 4605 2239 4657 de
2262 4615 2436 4660 monte
2465 4602 2696 4665 Galaad.
2731 4609 2787 4661 2.
2823 4609 3016 4664 Dentes
3048 4613 3126 4665 tui
3147 4615 3285 4667 sicut
3306 4633 3484 4688 greges

1910 4700 2186 4746 tonsarum
2254 4710 2371 4765 qua:
2425 4698 2771 4752 ascenderunt
2820 4701 2886 4754 de
2930 4700 3168 4767 lauacro,
3215 4712 3265 4759 et
3308 4721 3491 4761 omnes

1906 4783 2139 4850 geminos
2161 4786 2398 4853 pariunt,
2426 4795 2476 4840 et
2501 4788 2700 4842 sterilis
2722 4805 2823 4842 non
2844 4799 2922 4844 est
2943 4792 3084 4845 inter
3098 4808 3209 4848 eas.
3251 4794 3305 4849 ‘5.
3335 4793 3487 4851 Sicut

1906 4876 2179 4944 funiculus
2210 4881 2485 4935 coccineus
2512 4881 2661 4934 labia
2686 4892 2800 4947 tua,
2825 4891 2876 4936 et
2899 4901 3074 4939 sermo
3100 4895 3223 4941 tuus
3244 4888 3480 4957 pulcher.

1910 4967 2188 5038 Tanquam
2217 4980 2396 5025 cortex
2425 4972 2558 5025 mali
2584 4974 2763 5042 punici
2811 4990 2946 5044 gena
2976 4985 3089 5040 tua,
3118 4988 3272 5031 extra
3325 4979 3484 5034 silen-

1909 5062 2041 5114 tium
2076 5072 2246 5115 tuum.
2279 5063 2332 5117 ι,
2368 5063 2519 5118 Sicut
2553 5066 2716 5118 turris
2750 5065 2921 5120 Dauid
2943 5067 3138 5121 collum
3172 5077 3341 5132 tuum,
3366 5085 3484 5139 qua:

1903 5161 1985 5205 est
2018 5153 2286 5221 a'diﬁcata
2316 5155 2372 5207 in
2400 5152 2707 5222 Thalpioth.
2746 5154 2897 5210 Mille
2928 5157 3097 5228 διῃριί
3125 5158 3180 5211 in
3217 5159 3334 5226 ipsa
3355 5173 3486 5227 pen-

1903 5241 2049 5304 dent,
2083 5258 2262 5297 omnes
2286 5244 2454 5298 hasne
2479 5244 2720 5313 fortium.
2746 5246 2802 5300 5.
2852 5246 2977 5301 Duo
3000 5247 3163 5301 ubera
3204 5260 3298 5301 tua
3344 5250 3484 5303 sicut

1903 5333 2009 5387 duo
2041 5333 2249 5388 hinnuli
2268 5350 2471 5403 caprea:
2490 5335 2722 5405 gemelli,
2738 5337 2831 5406 qui
2849 5346 3141 5404 pascuntur
3161 5339 3215 5392 in
3244 5339 3399 5395 (iliis.
3424 5332 3478 5395 6.

1909 5423 2084 5478 Donec
2134 5425 2392 5493 perspiret
2441 5424 2554 5479 dies
2576 5437 2626 5480 et
2672 5436 2979 5480 moveantur
3022 5428 3247 5484 umbrae.
3280 5430 3377 5485 Ibo
3413 5434 3486 5486 ad

1903 5526 2138 5570 montem
2187 5515 2436 5587 myrrhea,
2502 5524 2553 5570 et
2593 5516 2664 5569 ad
2730 5516 2918 5572 collem
2968 5519 3160 5572 thuris.
3224 5519 3277 5572 7.
3345 5518 3484 5573 Tota

1900 5606 2123 5675 pulchra
2144 5622 2221 5671 es,
2247 5607 2542 5675 propinqua
2565 5623 2706 5671 mea,
2733 5619 2782 5662 et
2812 5609 3023 5663 macula
3054 5625 3160 5664 non
3187 5618 3264 5664 est
3290 5608 3345 5663 in
3376 5618 3449 5666 te.

213 5681 277 5736 oi
335 5681 649 5776 νεμόμενοι
715 5686 787 5739 ἐν
828 5687 1074 5755 κρίνοις.
1130 5691 1280 5758 Ἕως
1352 5691 1423 5750 οὗ
1472 5695 1809 5767 διαπνεύσῃ
1882 5701 2107 5770 ἡμέρα,
2179 5701 2278 5755 και
2339 5699 2665 5768 κιηθῶσιν
2720 5704 2779 5757 αἱ
2863 5703 3051 5758 σκιαί.
3110 5704 3482 5774 Πορεύσοέιαι

404 5795 453 5828 ⁸ο
492 5794 623 5852 Luc.
682 5788 764 5861 ἰι,
825 5797 876 5853 7.

566 5887 841 5950 Ρηιιοι..
885 5889 1005 5951 Gn.
1037 5888 1267 5951 XLIV.

3091 5911 3170 5969 ‘29
