3866 6362
465 351 563 409 907

1708 357 1766 412 S.
1800 356 2133 414 GRGGORII
2161 356 2455 416 NYSSENI

3622 372 3738 432 908

461 470 697 538 ἐμαυτῷ
744 469 893 537 πρὸς
946 469 1009 521 τὸ
1061 470 1198 536 ὅρος
1247 470 1353 538 τῆς
1391 474 1683 540 σμύρνης,
1731 475 1829 529 καὶ
1881 477 2032 543 πρὸς
2068 477 2173 531 τὸν
2239 477 2474 545 ,ϐουνὸν
2514 480 2618 536 τοῦ
2674 465 2948 540 Λιϐάνου.
3001 485 3143 556 Ὅλη
3178 489 3421 562 malim)
3460 495 3736 562 πλησίον

457 577 597 629 μου,
645 558 741 611 καὶ
771 557 973 627 μῶμος
1007 561 1116 612 οὐκ
1142 560 1312 612 ἔστιν
1338 561 1408 614 ἐν
1439 565 1558 616 σοί.

532 653 590 707 ln
627 655 816 710 multis
849 669 942 708 rex
986 654 1248 710 Salomon
1287 659 1590 713 assumitur
1623 660 1674 714 in
1704 670 1890 732 typum
1927 662 2041 718 veri
2074 665 2120 722 Δ

461 746 606 813 regis
639 761 652 809 ;
689 746 742 798 in
780 745 989 810 multis,
1021 746 1270 817 inquam,
1303 765 1424 819 quae
1455 766 1484 804 a
1532 761 1725 807 sancta
1756 754 2043 824 Scriptura

461 836 526 890 de
559 837 679 906 ipso
710 846 1092 905 recensentur,
1121 841 1290 894 relata
1331 843 1397 896 ad
1441 843 1496 896 id
1525 845 1672 914 quod
1708 853 1793 901 est
1824 847 2039 902 melius.

459 927 592 980 Nam
643 936 697 982 et
751 928 1014 996 paciﬁcus
1065 932 1293 997 dicitur,
1348 942 1403 989 et
1455 937 1781 992 immensam
1835 938 2042 993 habens

459 1019 787 1089 sapientiam
814 1039 826 1073 :
853 1028 904 1074 et
933 1022 1198 1090 templum
1223 1024 1481 1091 aediﬁcat,
1507 1036 1561 1082 et
1588 1028 1726 1097 regit
1761 1029 2040 1097 lsraelem,

457 1122 509 1166 rt
547 1115 808 1184 populum
860 1115 1079 1184 judicat
1116 1117 1170 1170 in
1212 1117 1464 1183 justitia:
1519 1127 1573 1175 et
1602 1129 1685 1174 est
1738 1138 1802 1175 ex
1835 1122 2044 1177 semine

456 1205 649 1261 David.
687 1207 793 1261 Sed
835 1215 889 1262 et
935 1209 1002 1263 ad
1038 1210 1216 1278 ipsum
1271 1213 1420 1266 venit
1468 1213 1658 1283 regina
1695 1213 2037 1285 Ethiopum.

455 1296 592 1351 Nam
623 1298 739 1352 hazc
769 1299 990 1369 quidem
1022 1301 1230 1363 omnia,
1271 1311 1326 1358 et
1349 1319 1472 1374 quae
1520 1313 1649 1358 sunt
1702 1305 2046 1373 hujnsmodi,

455 1388 523 1440 de
553 1403 620 1443 eo
659 1389 880 1458 quidem
915 1391 1178 1446 dicuntur
1221 1394 1425 1463 typice,
1483 1396 1807 1451 describunt
1859 1408 2040 1452 autem

455 1482 716 1538 virtutem
754 1483 1055 1555 Evangelii.
1102 1485 1238 1551 Quis
1285 1488 1430 1542 enim
1481 1489 1620 1544 adeo
1659 1490 1924 1559 paciﬁcus
1957 1498 2041 1545 est

455 1580 620 1642 atque
660 1574 709 1629 is
755 1575 849 1645 qui
901 1577 1181 1630 interemit
1233 1579 1597 1646 inimicitias,
1649 1582 1799 1644 cruci
1855 1589 2038 1637 autem

454 1680 586 1719 suos
621 1666 790 1719 aiﬁxit
848 1667 1126 1729 inimicos.
1185 1687 1445 1742 nosque,
1507 1674 1618 1728 imo
1671 1690 1802 1728 vero
1863 1682 2038 1728 totum

457 1758 722 1812 mundum
756 1759 860 1814 sibi
897 1763 1305 1829 reconciliavit,
1357 1768 1600 1838 et‘sepis
1658 1767 2037 1822 intcrmediam

453 1851 616 1904 solvit
647 1853 964 1918 maceriem,
1016 1861 1074 1907 ut
1123 1855 1264 1910 duos
1321 1857 1376 1911 in
1434 1859 1617 1927 seipso
1673 1859 1935 1914 conderet
1984 1858 2038 1912 in

451 1957 622 1996 unum
657 1959 859 1998 novum
913 1945 1215 2011 hominem,
1267 1950 1362 2018 qui
1421 1949 1548 2004 facit
1587 1967 1798 2020 pacem,
1851 1959 1906 2006 et
1941 1950 2035 2021 qui

450 2036 712 2104 praedicat
742 2037 809 2091 iis
837 2039 931 2108 qui
969 2039 1149 2112 longe,
1183 2049 1238 2096 et
1272 2043 1339 2097 iis
1363 2044 1454 2113 qui
1499 2060 1688 2114 prope,
1714 2059 1904 2114 pacem
1937 2059 2034 2114 per

450 2143 545 2182 eos
592 2128 685 2197 qui
711 2133 1075 2185 ‘annunliant
1133 2133 1388 2188 bona"?
1416 2136 1556 2201 Quis
1579 2142 1661 2191 est
1695 2145 1875 2190 autem
1912 2136 2040 2191 talis

449 2218 752 2274 aediﬁcator
784 2223 1008 2290 templi.
1042 2225 1223 2294 qualis
1279 2227 1374 2297 qui
1425 2226 1783 2282 fundamenta
1818 2228 2038 2298 quidem

446 2310 584 2376 jacit
620 2311 674 2364 in
701 2313 982 2367 montibus
1009 2315 1243 2382 sanctis,
1283 2318 1387 2371 hoc
1413 2328 1520 2382 est,
1554 2319 1608 2372 in
1643 2319 1930 2388 prophetis
1985 2327 2040 2375 et

451 2401 738 2469 apostolis,
771 2404 868 2472 qui
897 2404 1161 2469 aediﬁcat,
1188 2407 1334 2461 sicut
1358 2408 1493 2461 dicit
1526 2410 1848 2477 Apostolus,
1875 2424 2041 2478 super

455 2492 876 2550 fundamentum
907 2499 1284 2566 apostolorum
1321 2508 1372 2553 et
1398 2500 1819 2568 pr0phetarum,
1855 2515 1951 2570 per
1982 2515 2039 2555 se

449 2584 699 2639 viventes
726 2594 778 2640 et
815 2587 1091 2644 animatos
1120 2589 1350 2658 lapides,
1384 2591 1478 2658 qui
1512 2606 1608 2659 per
1641 2605 1699 2644 se
1742 2605 1805 2644 ac
1847 2599 2040 2660 sponte

447 2673 748 2729 volvuntur
781 2676 849 2732 ad
874 2681 1312 2749 compactionem
1348 2690 1400 2736 et
1421 2681 1822 2746 connexionem
1857 2682 2038 2752 parie-

453 2771 585 2830 tum,
610 2763 767 2834 juxta
801 2767 852 2821 id
885 2769 1031 2838 quod
1062 2769 1197 2822 dicit
1229 2768 1504 2841 Propheta
1531 2773 1601 2835 υ,
1633 2779 1694 2825 ut
1723 2773 1959 2827 connexi
1986 2780 2041 2827 et

448 2859 728 2926 compacti
767 2859 823 2913 in
856 2859 1062 2915 virtute
1103 2860 1226 2915 ﬁdei
1279 2870 1333 2916 et
1366 2863 1588 2916 vinculo
1630 2863 1806 2932 pacis,
1844 2877 1942 2934 per
1972 2877 2033 2917 se

449 2955 705 3000 crescant
734 2947 787 3000 in
819 2950 1084 3018 templum
1144 2957 1422 3011 sanctum,
1459 2959 1518 3004 ut
1566 2951 1707 3005 ﬁant
1757 2952 2039 3006 habitacu-

448 3037 562 3091 lum
625 3037 718 3091 Dei
768 3038 826 3092 in
883 3038 1120 3109 spiritu?
1157 3040 1315 3106 Quod
1379 3051 1561 3096 autem
1611 3057 1713 3096 sua
1769 3044 2039 3114 sapientia

453 3127 719 3183 Salomon
746 3145 928 3184 veram
954 3130 1227 3200 signiﬁcet
1250 3133 1603 3201 sapientiam,
1626 3148 1790 3188 nemo
1818 3141 2044 3187 contra-

449 3219 698 3286 dixerit,
765 3221 834 3274 ad
901 3221 1194 3276 historiam
1259 3224 1542 3292 aspiciens
1610 3232 1665 3279 et
1726 3225 2038 3279 veritatem.

449 3309 712 3365 Testatur
742 3311 888 3365 enim
916 3312 1170 3376 historia,
1197 3315 1344 3382 quod
1378 3315 1468 3369 ille
1493 3309 1740 3369 excessit
1763 3315 2032 3369 terminos

449 3400 707 3456 humanae
736 3401 1042 3471 sapientiae,
1073 3411 1131 3458 ut
1152 3405 1245 3474 qui
1275 3405 1521 3459 omnium
1547 3421 1730 3460 rerum
1763 3405 2033 3475 cognitio-

448 3507 575 3546 nem
603 3491 658 3546 in
702 3493 792 3547 sui
829 3495 1018 3554 cordis
1066 3495 1362 3550 latitudine
1411 3497 1640 3566 ceperit,
1695 3497 1831 3552 adeo
1879 3505 1937 3551 ut
1981 3504 2035 3552 et

450 3583 666 3653 priores
687 3586 1039 3653 praeterierit,
1064 3593 1119 3641 et
1148 3588 1242 3656 qui
1274 3588 1536 3657 deinceps
1566 3595 1694 3642 sunt
1726 3587 2032 3651 consecuti,

449 3689 576 3730 eum
629 3691 739 3730 non
790 3678 1009 3746 possint
1056 3679 1322 3748 assequi:
1369 3678 1635 3734 Dominus
1697 3690 1897 3734 autem
1935 3694 2032 3734 sua

449 3777 672 3833 natura,
699 3767 750 3822 id
786 3769 964 3838 ipsum
1000 3769 1148 3838 quod
1200 3776 1306 3832 est,
1336 3779 1421 3824 est
1474 3770 1715 3824 essentia
1755 3770 2030 3833 veritatis,

448 3860 732 3931 sapientiae
779 3868 832 3914 et
866 3863 1128 3930 potentia:
1177 3875 1240 3915 ac
1289 3863 1524 3917 virtutis.
1559 3862 1853 3933 Propterea
1902 3878 2028 3918 cum

449 3952 684 4007 dixisset
717 3951 887 4005 David
915 3970 928 4005 :
965 3951 1160 4006 Omnia
1198 3953 1252 4004 in
1283 3953 1546 4021 sapientia
1578 3955 1750 4022 fecisti
1777 3955 1857 4009 ¹³ε
1893 3953 2032 4008 Pro-

451 4043 670 4112 phetam
721 4042 1092 4110 interpretans
1136 4042 1358 4098 divinus
1413 4045 1734 4113 Apostolus,
1795 4046 1850 4098 in
1909 4046 2031 4114 ipso

451 4133 586 4187 dicit
617 4139 806 4187 creata
833 4149 957 4187 esse
991 4133 1176 4187 omnia
1200 4135 1284 4188 ’δε
1326 4142 1514 4204 utpote
1565 4136 1712 4204 quod
1761 4136 2030 4206 Propheta

453 4239 578 4279 eum
611 4223 880 4296 signiﬁcet
910 4240 1005 4294 per
1040 4225 1384 4294 sapientiam.

521 4405 681 4473 Quod
707 4413 890 4461 autem
921 4421 1016 4460 rex
1039 4405 1204 4461 Israel
1230 4405 1301 4460 sit
1323 4405 1609 4468 Dominus,
1633 4404 1845 4460 inimici
1865 4404 2030 4459 etiam

453 4498 574 4567 ejus
605 4497 789 4552 testati
819 4505 970 4560 sunt,
1009 4498 1100 4566 qui
1139 4495 1546 4552 confessionem
1566 4495 1720 4566 regni
1753 4497 1874 4561 ejus
1903 4496 2034 4549 sub—

455 4591 796 4659 scripserunt
825 4589 1000 4653 cruci,
1039 4588 1136 4642 llic
1167 4596 1244 4642 est
1291 4604 1383 4642 rex
1415 4587 1732 4642 Judworum
1765 4588 1809 4619 ’³
1838 4607 1851 4642 ι
1888 4588 2034 4642 acci-

2233 663 2320 715 Ἐν
2370 663 2586 728 πολλοῖς
2629 667 2659 718 6
2706 664 2956 736 βασιλεὺς
2993 669 3244 740 Σολομὼν
3284 673 3365 736 εἰς
3415 673 3587 729 τύπον
3634 677 3738 731 τοῦ

2145 753 2404 824 ἀληθινοῦ
2460 755 2723 826 βασιλέως
2784 761 3302 832 παραλαμϐάνεταιθ
3363 765 3578 830 πολλοῖς
3627 769 3736 839 δὴ,

2147 844 2292 913 φημὶ
2315 885 2328 908 9
2360 846 2471 908 τοῖς
2510 846 2646 918 πρὸς
2689 848 2750 901 τὸ
2791 851 3034 918 κρεῖττον
3074 852 3199 922 περὶ
3229 853 3392 907 αὐτοῦ
3446 856 3597 926 παρά
3629 859 3735 928 τῆς

2143 936 2306 1004 ἁγίας
2344 937 2568 1008 Γραφῆς
2610 940 3028 1012 ἱστορουμένοις.
3084 945 3372 1015 Εἱρηνικός
3399 964 3459 999 τε
3487 947 3597 1019 γὰρ
3637 950 3733 1002 λέ-

2144 1044 2331 1096 γεται,
2369 1032 2464 1082 καὶ
2514 1032 2702 1100 σοφίαν
2753 1034 3056 1106 ἀμέτρητον
3095 1036 3240 1107 ἔχει·
3288 1040 3380 1092 καὶ
3417 1040 3546 1093 ναὸν
3579 1043 3734 1094 οἰκο-

2143 1115 2330 1185 δομεῖ,
2364 1116 2635 1186 βασιλεύει
2667 1139 2723 1173 τε
2758 1122 2852 1175 τοῦ
2892 1124 3126 1198 Ἰσραὴλ,
3157 1128 3249 1181 καὶ
3277 1129 3451 1200 κρίνει
3479 1131 3574 1184 τὸν
3596 1131 3734 1185 labs:

2145 1206 2202 1257 ὲν
2222 1206 2534 1280 δικαιοσύνῃ
2553 1226 2566 1243 ο
2597 1212 2691 1264 καὶ
2718 1213 2782 1265 ὲκ
2810 1212 2902 1267 τοῦ
2928 1217 3240 1286 σπέρματός
3271 1221 3384 1273 ἐστι
3408 1220 3504 1274 τοῦ
3533 1224 3730 1277 Δαὸίδ.

2157 1291 2317 1346 Ἀλλά
2366 1296 2458 1348 καὶ
2497 1298 2528 1366 ή
2561 1298 2667 1350 τῶν
2706 1301 2974 1356 Αἰθιόπων
3011 1303 3293 1374 βασίλισσα
3328 1309 3488 1362 αὐτὸν
3538 1316 3728 1384 φοιτᾷ.

2144 1382 2329 1438 Ταῦτα
2361 1386 2469 1456 γὰρ
2506 1388 2682 1444 πάντα
2722 1393 2815 1444 καὶ
2858 1393 2926 1446 τὰ
2972 1396 3228 1463 τοιαῦτα,
3261 1400 3388 1470 περὶ
3417 1401 3584 1455 αὐτοῦ
3623 1405 3730 1473 μὲν

2143 1474 2356 1542 λέγεται
2404 1480 2680 1546 τυπικῶς,
2733 1484 3127 1556 προδιαγράφει
3165 1489 3221 1541 δὲ
3255 1490 3347 1544 τοῦ
3377 1492 3726 1561 Εῦαγγελίου

2141 1567 2239 1635 τὴν
2269 1567 2515 1640 δύναμιν.
2553 1573 2648 1638 Τίς
2695 1575 2803 1648 γὰρ
2839 1577 3012 1642 οὕτως
3051 1583 3351 1653 εἰρηνικὸς,
3391 1585 3467 1650 ὡς
3501 1588 3534 1639 6
3580 1589 3728 1642 ἀπο-

2151 1659 2372 1724 κτείνας
2385 1663 2481 1733 τὴν
2497 1664 2716 1735 ἔχθραν,
2734 1670 2828 1722 καὶ
2851 1669 2925 1739 τῷ
2964 1671 3176 1743 σταυρῷ
3207 1676 3566 1746 προσηλώσας
3595 1682 3728 1743 τοὺς

2139 1750 2368 1822 ἐχθροὺς
2407 1755 2621 1809 ἑαυτοῦ⁶
2661 1759 2837 1829 ἡμᾶς,
2866 1760 3063 1830 μᾶλλον
3092 1762 3150 1820 δὲ
3177 1764 3266 1816 τὸν
3295 1765 3497 1836 κόσμον
3540 1771 3727 1840 ἐαυτῷ

2143 1842 2499 1908 καταλλάξας,
2537 1846 2631 1900 καὶ
2677 1848 2738 1900 τὸ
2769 1851 3079 1922 μεσότοιχον
3108 1852 3200 1907 τοῦ
3229 1859 3482 1928 φραγμοῦ
3523 1860 3722 1926 λύσας,

2144 1931 2230 1984 ἵνα
2269 1936 2395 1998 τοὺς
2432 1935 2525 1989 δύο
2567 1938 2728 2010 κτίσῃ
2756 1942 2812 1994 ἐν
2844 1942 3020 2012 ἑαυτῷ
3056 1945 3135 2008 εἰς
3163 1944 3260 1999 ἕνα
3290 1949 3471 2003 καινὸν
3497 1950 3723 2022 ἄνθρω·

2140 2040 2242 2076 πον
2264 2066 2277 2086 ,
2316 2028 2483 2082 ποιῶν
2511 2032 2753 2102 εἰρήνην,
2787 2034 2815 2087 6
2863 2035 3104 2106 κηρύξας
3134 2041 3244 2102 τοῖς
3275 2043 3490 2112 μακράν
3531 2061 3594 2096 τε
3627 2046 3723 2098 καὶ

2142 2118 2254 2179 τοῖς
2299 2119 2467 2187 ἐγγὺς
2515 2121 2608 2193 τὴν
2647 2124 2893 2197 εἰρήνην,
2945 2127 3033 2182 διὰ
3063 2129 3170 2183 τῶν
3215 2132 3722 2202 εὐαγγελιζομένων

2134 2208 2208 2260 ’τά
2243 2210 2445 2276 ἀγαθάς
2477 2213 2574 2275 Τίς
2596 2215 2651 2268 δὲ
2677 2216 2918 2282 τοιοῦτος
2944 2221 3224 2292 οἰκοδόμος
3255 2224 3409 2289 ναοῦς
3437 2225 3512 2290 ὡς
3533 2227 3564 2278 6
3590 2231 3724 2293 τοὺς

2145 2300 2243 2368 μὲν
2277 2300 2557 2371 θεμελίους
2584 2305 2945 2373 αὐτοῦ’τιθεὶς
2969 2312 3028 2363 ἐν
3056 2313 3167 2376 τοῖς
3191 2313 3341 2384 ὄρεσι
3375 2318 3486 2380 τοῖς
3510 2319 3718 2386 ἁγίοις,

2144 2394 2434 2456 τουτέστιν,
2480 2398 2536 2449 ἐν
2571 2401 2683 2462 τοῖς
2717 2403 3022 2472 προφήταις
3050 2406 3140 2458 καὶ
3174 2407 3489 2474 ἀποστόλοις
3511 2427 3525 2440 ·
3567 2413 3722 2468 ἑποι-

2142 2483 2384 2553 κοδομῶν
2407 2485 2486 2550 δὲ,
2519 2488 2702 2553 καθώς
2733 2507 2895 2562 φησιν
2927 2495 2955 2544 6
2980 2494 3219 2559 Παῦλος,
3251 2498 3343 2552 ἐπὶ
3368 2499 3444 2570 τῷ
3478 2501 3722 2574 θεμελίῳ

2140 2575 2249 2627 τῶν
2267 2575 2580 2633 ἀποστόλων
2603 2581 2695 2634 καὶ
2733 2586 3027 2655 προφητῶν
3046 2629 3061 2652 ,
3082 2589 3206 2651 τοὺς
3221 2587 3426 2654 ζῶντας
3461 2593 3556 2645 καὶ
3591 2596 3720 2658 τοῦς

2145 2667 2424 2738 ἐμψύχους
2453 2670 2653 2736 λίθους,
2678 2675 2806 2738 τοὺς
2843 2675 2909 2728 δι’
2949 2677 3154 2731 ἑαυτῶν
3189 2679 3322 2750 πρὸς
3343 2681 3441 2751 τὴν
3464 2683 3578 2737 τῶν
3606 2687 3716 2738 τοί·

2141 2776 2252 2829 χων
2287 2761 2551 2831 ἁρμονίαν
2589 2766 2729 2819 κατὰ
2770 2767 2862 2821 τὸν
2894 2770 3227 2839 προφητικὸν
3258 2771 3411 2840 λόγον
3456 2777 3718 2830 κεκυλισο

2144 2851 2338 2921 μένους
2359 2893 2373 2917 ,
2403 2853 2542 2908 ὥστε
2575 2860 3043 2928 συναρμοσθέντας
3073 2863 3129 2916 ἐν
3158 2867 3220 2932 τῇ
3257 2865 3464 2935 ὲνότητι
3493 2868 3596 2937 τῆς
3626 2870 3719 2921 πί-

2143 2957 2344 3006 στεως,
2378 2944 2470 2997 καὶ
2503 2944 2580 3014 τῷ
2620 2946 2904 3020 συνδέσμῳ
2939 2950 3038 3020 τῆς
3082 2953 3334 3022 εἰρήνης,
3371 2955 3610 3022 αὐξῆσαι
3649 2959 3718 3011 δι’

2141 3030 2350 3083 ἑαυτῶν
2373 3033 2464 3086 τὸν
2496 3034 2622 3087 ναὸν
2653 3034 2742 3088 τὸν
2769 3035 2942 3104 ἅγιον,
2972 3041 3051 3101 εἰς
3075 3040 3133 3093 τὸ
3171 3041 3422 3108 γενέσθαι
3457 3061 3719 3114 κατοικη-

2139 3123 2324 3194 τήριον
2369 3123 2502 3177 Θεοῦ
2536 3127 2595 3178 ἐν
2635 3127 2931 3198 πνεύματι;
2962 3130 3082 3183 Ὅτι
3116 3131 3171 3184 δὲ
3214 3134 3306 3186 καὶ
3343 3135 3407 3204 τῇ
3451 3135 3616 3206 σοφίᾳ
3650 3139 3716 3205 τῇ

2141 3211 2334 3265 ἑαυτοῦ
2361 3215 2388 3266 6
2419 3213 2666 3285 Σολομὼν
2697 3217 2795 3288 τὴν
2837 3218 3095 3292 ἀληθινὴν
3143 3221 3332 3291 μηνύει
3365 3225 3588 3291 σοφίαν,
3624 3227 3718 3278 οῦ·-

2139 3303 2250 3365 δείς
2288 3301 2352 3356 ἂν
2379 3304 2644 3371 ἀντείποι,
2674 3307 2808 3378 πρός
2836 3325 2896 3360 τε
2931 3310 3029 3381 τὴν
3059 3311 3296 3382 ἱστορίαν
3323 3314 3415 3364 καὶ
3448 3313 3588 3384 πρὸς
3620 3314 3717 3383 τὴν

2056 3370 2102 3428 C
2136 3393 2398 3465 ἀλήθειαν
2431 3370 2665 3465 βλέπων.
2699 3370 3072 3471 Μαρτυρεῖται
3104 3370 3204 3471 μὲν
3231 3401 3339 3474 γάρ
3371 3370 3583 3468 ἐκεῖνος
3611 3370 3715 3458 ὑπὸ

2131 3491 2230 3558 τῆς
2274 3490 2545 3561 ἱστορίας,
2582 3493 2662 3545 ὅτι
2693 3492 2939 3563 παρῆλθε
2967 3495 3092 3557 τοὺς
3115 3494 3215 3564 τῆς
3244 3494 3591 3567 ἀνθρωπίνης
3620 3515 3713 3550 σο·

2132 3579 2260 3646 φίας
2305 3579 2498 3649 ὅρους,
2552 3580 2768 3635 πάντων
2795 3581 2893 3654 τὴν
2933 3583 3134 3650 γνῶσιν
3181 3584 3238 3636 ἐν
3278 3585 3355 3654 τῷ
3386 3585 3578 3639 πλάτει
3611 3587 3713 3656 τῆς

2130 3667 2357 3740 καρδίας
2398 3668 2688 3741 χωρήσας,
2718 3671 2795 3734 ὡς
2836 3674 2930 3725 καὶ
2965 3673 3088 3735 τοὺς
3119 3673 3486 3743 προλαϐόντας
3523 3693 3708 3747 παρα-

2128 3759 2388 3830 δραμεῖν,
2417 3761 2510 3812 καὶ
2537 3765 2648 3824 τοῖς
2683 3759 2878 3832 ἐφεξῆς
2922 3763 3176 3831 γενέσθαι
3217 3765 3503 3832 ἀνέφικτος
3525 3783 3539 3796 °
3589 3769 3622 3821 6
3654 3768 3710 3822 δὲ

2136 3853 2339 3924 Κύριος
2379 3853 2521 3907 κατά
2567 3855 2664 3926 τήν
2710 3857 2903 3910 ἑαυτοῦ
2948 3856 3137 3926 φύσιν,
3191 3857 3321 3912 αὐτὸ
3356 3860 3493 3930 ὅπερ
3535 3861 3706 3926 ἐστὶν,

2135 3946 2393 4016 ἀληθείας
2431 3965 2491 4000 τε
2545 3948 2639 4001 καὶ
2683 3949 2877 4017 σοφίας
2919 3949 3011 4002 καὶ
3057 3949 3334 4020 δυνάμεως
3370 3953 3526 4005 ούσία
3570 3955 3707 4008 ἐστί.

2134 4038 2234 4092 Διά
2264 4039 2418 4093 τοῦτο
2451 4039 2542 4093 τοῦ
2576 4041 2741 4094 Δαὸὶδ
2777 4042 3022 4113 εἰπόντος
3040 4059 3054 4073 ο
3102 4043 3180 4095 ὅτι
3207 4041 3408 4096 Πάντα
3432 4046 3503 4099 ἐν
3523 4049 3706 4116 σοφίᾳ

2135 4129 2464 4196 ἐποίησας,
2494 4129 2812 4201 ἑρμηνεύων
2849 4132 2942 4185 τὸν
2980 4135 3269 4206 Προφήτην
3304 4139 3334 4190 6
3361 4136 3503 4201 θεῖος
3549 4140 3707 4193 Ἀπό-

2143 4219 2347 4285 στολος,
2378 4221 2434 4273 ὲν
2456 4219 2603 4290 αὐτῷ
2634 4221 2879 4274 ἐκτίσθαι
2909 4222 2980 4276 τά
3009 4224 3184 4280 πάντα
3207 4226 3383 4295 λέγει’
3418 4229 3494 4293 ὡς
3521 4232 3703 4287 τοῦτον

2136 4311 2226 4364 τοῦ
2255 4313 2543 4382 Προφήτου
2572 4313 2657 4366 διὰ
2688 4314 2784 4384 τῆς
2820 4316 3012 4384 σοφίας
3041 4317 3412 4388 σημαίνοντος.

2207 4401 2280 4454 Τὸ
2316 4401 2371 4455 δὲ
2410 4402 2632 4473 βασιλέα
2666 4405 2758 4458 τοῦ
2803 4407 3021 4478 Ἰσραὴλ
3055 4405 3193 4463 εἶναι
3219 4411 3310 4463 τὸν
3341 4411 3543 4482 Κύριον
3563 4453 3578 4477 ,
3615 4414 3704 4468 καὶ

2137 4492 2288 4562 παρά
2323 4493 2431 4546 τῶν
2470 4494 2680 4566 ἐχθρῶν
2712 4497 3148 4568 μεμαρτύρηται,
3185 4499 3292 4554 τῶν
3327 4503 3702 4574 ὑπογεγραφό-

2134 4599 2240 4635 των
2263 4582 2340 4653 τῷ
2368 4585 2585 4655 σταυρῷ
2622 4585 2719 4657 τὴν
2749 4587 3040 4656 ὁμολογίαν
3068 4589 3166 4659 τῆς
3196 4590 3470 4660 βασιλείας
3507 4595 3667 4648 αὐτοῦ
3687 4612 3698 4624 ·

456 4683 638 4748 pimus
668 4679 814 4734 enim
845 4679 1243 4744 testimonium,
1278 4679 1495 4734 etiamsi
1545 4680 1612 4733 de
1660 4678 2032 4749 magnitudine

2144 4673 2215 4727 ὅτι
2254 4669 2447 4740 Οὗτός
2475 4675 2646 4730 ἐστιν
2688 4679 2721 4729 ό
2745 4678 3050 4745 ,βασιλεὺς
3082 4679 3200 4734 τῶν
3257 4682 3588 4736 Ἰουδαίων·
3625 4685 3702 4738 δε-

459 4772 750 4841 potestatis
780 4781 1074 4827 censeatur
1102 4771 1412 4836 detrahere,
1439 4771 1571 4825 dum
1612 4785 1777 4840 regno
1819 4769 2034 4825 lsraeli-

459 4871 642 4917 tarum
667 4862 926 4917 terminat
951 4863 1278 4916 dominium.
1303 4860 1422 4916 Non
1445 4861 1591 4916 enim
1615 4861 1688 4914 ita
1712 4860 1874 4918 habet
1899 4881 1912 4916 :
1939 4861 2033 4916 sed

462 4970 529 5010 ex
555 4960 711 5025 parte
745 4953 1034 5022 imperium
1068 4955 1121 5007 in
1149 4953 1480 5022 emnesipsa
1512 4953 1567 5006 in
1600 4968 1767 5007 cruce
1801 4952 2035 5019 inscrip-

457 5047 536 5100 tio
561 5044 777 5106 tribuit,
808 5045 956 5114 quod
986 5060 1094 5098 non
1124 5043 1410 5113 adjecerit,
1464 5043 1610 5111 quod
1659 5044 1707 5098 is
1738 5044 1809 5098 sit
1853 5043 2031 5097 solum

458 5153 554 5193 rex
584 5136 919 5192 Judteornm.
955 5136 1091 5190 Nam
1118 5151 1244 5190 cum
1269 5137 1318 5190 ei
1345 5137 1523 5191 oratio
1555 5136 1804 5191 absolute
1829 5135 2036 5189 tribue—

457 5227 532 5280 rit
581 5242 684 5283 suo
733 5227 1051 5282 testimonio
1107 5224 1424 5280 Judaeorum
1481 5226 1813 5295 imperium,
1870 5223 2035 5279 etiam

461 5316 750 5388 imperium
771 5317 828 5372 in
846 5333 1040 5373 omnes
1063 5318 1228 5373 tacite
1242 5332 1307 5372 eo
1329 5333 1579 5373 sermone
1598 5334 1717 5374 corn
1726 5316 2034 5387 prehendit.

461 5405 580 5463 Rex
605 5408 752 5462 enim
779 5409 1051 5465 universa:
1075 5416 1238 5463 terrae
1267 5409 1431 5462 etiam
1462 5409 1516 5462 in
1543 5415 1754 5478 partem
1785 5407 2039 5462 domina-

463 5505 578 5552 tum
605 5498 860 5565 obtinet;
895 5498 1206 5553 Salomonis
1241 5506 1423 5552 autem
1457 5499 1700 5553 studium
1746 5497 1802 5552 in
1845 5511 2035 5552 verum

461 5585 753 5654 judicium,
786 5590 1059 5659 signiﬁcat
1095 5605 1290 5644 verum
1335 5589 1578 5660 judicem
1609 5590 1776 5644 totius
1820 5587 2033 5652 mundi,

525 5698 572 5773 τί
627 5700 822 5770 Ephes.
875 5719 938 5764 II,
994 5704 1059 5758 Η
1105 5719 1222 5773 seq.
1291 5707 1336 5738 η
1377 5704 1523 5760 Psal.

469 5749 534 5768 ’νὴ

468 5706 572 5801 57³⁸
627 5706 822 5770 I'Zplies.
875 5719 938 5764 II,
994 5706 1059 5758 Η
1105 5719 1222 5773 seq.
1291 5707 1336 5738 "
1377 5706 1523 5760 Psal.
1615 5721 1807 5768 xxxvn,
1841 5706 1876 5758 2
1913 5720 2032 5774 sqq.

2140 4765 2348 4836 χόμεθα
2383 4765 2491 4836 γὰρ
2523 4767 2620 4838 τὴν
2655 4771 2992 4841 μαρτυρίαν,
3031 4773 3080 4824 εἰ
3121 4773 3213 4825 καὶ
3250 4775 3700 4846 κατασμικρύνειν

2140 4857 2493 4927 νομίζεταιτὸ
2531 4859 2812 4928 μεγαλεῖον
2833 4861 2926 4914 τοῦ
2946 4862 3199 4933 κράτους,
3215 4868 3279 4936 τῇ
3309 4863 3413 4918 τῶν
3447 4865 3702 4939 Ἰσραηλι-

2141 4949 2248 5001 τῶν
2275 4949 2520 5021 βασιλείᾳ
2541 4951 2640 5021 τὴν
2655 4952 2972 5006 δεσποτείαν
3009 4954 3286 5025 ὁρίζουσα.
3305 4955 3376 5007 Οὐ
3410 4954 3517 5026 γὰρ
3539 4956 3701 5017 οῦτως

2140 5040 2254 5111 ἔχει
2276 5059 2287 5071 ·
2307 5040 2421 5094 ἀλλ’
2438 5041 2547 5095 ἀπὸ
2567 5042 2785 5113 μέρους,
2805 5042 2905 5113 τὴν
2919 5043 3058 5096 κατά
3080 5044 3297 5097 πάντων
3317 5045 3488 5116 ἀρχὴν
3519 5048 3549 5116 ή
3587 5048 3698 5118 157::-

2138 5131 2322 5203 γραφὴ
2345 5131 2483 5203 αῦτη
2502 5132 2579 5203 τῷ
2603 5133 2819 5203 σταυρῷ
2836 5133 3140 5204 ἀνατίθησι,
3163 5134 3241 5205 τῷ
3269 5135 3342 5206 μὴ
3371 5137 3696 5205 προσ-θεῖναι,

2138 5223 2220 5275 ὅτι
2257 5223 2434 5293 μόνων
2473 5223 2580 5276 τῶν
2615 5223 2884 5277 Ἰουδαίων
2921 5217 3079 5289 οὗτός
3105 5227 3220 5278 ἐστι
3245 5225 3510 5295 βασιλεύς.
3547 5229 3700 5280 Ἀπο-

2139 5313 2312 5377 λύτως
2344 5315 2459 5385 γὰρ
2502 5314 2650 5384 αὐτῷ
2687 5318 3188 5387 προσμαρτυρήσας
3229 5317 3257 5369 6
3289 5317 3443 5386 λόγος
3465 5317 3561 5390 τὴν
3601 5317 3701 5372 τῶν

2152 5405 2416 5459 Ἰουδαίων
2467 5406 2662 5476 ἀρχὴν,
2709 5408 2804 5461 καὶ
2839 5407 2900 5461 τὸ
2931 5407 3072 5462 κατά
3099 5408 3314 5462 πάντων
3347 5409 3543 5480 κράτος
3567 5409 3703 5464 κατά

2141 5494 2204 5549 τὸ
2238 5493 2593 5564 σιωπώμενον
2632 5495 2698 5564 τῇ
2733 5495 2994 5567 ὁμολογίᾳ
3047 5495 3216 5567 ταύτῃ
3270 5495 3698 5566 συμπαρέλαόεν.

2155 5586 2214 5639 '0
2243 5584 2350 5657 γὰρ
2371 5583 2622 5654 βασιλεὺς
2653 5584 2834 5657 πάσης
2865 5585 2965 5655 τῆς
2989 5587 3091 5657 γῆς
3120 5588 3212 5640 καὶ
3241 5586 3332 5639 τοῦ
3355 5586 3550 5658 μέρους
3576 5583 3702 5640 πάν·

2145 5704 2192 5736 ³³
2223 5703 2370 5757 Psal.
2397 5717 2514 5765 CIII,
2542 5702 2632 5755 24.
2710 5702 2754 5735 ’δ
2787 5701 3000 5758 Coloss.
3030 5719 3071 5767 ι,
3097 5701 3183 5757 l6.
3261 5701 3306 5734 ”
3329 5698 3515 5754 Matth.
3537 5713 3701 5763 xxvn,
