3866 6366
195 392 304 451 909

1182 386 1248 441 ΙΝ
1287 383 1580 441 CANTICA
1614 380 1881 440 CANTlC.
1922 375 2203 438 ilOMlLlA
2249 381 2359 435 VII.

3359 377 3464 435 9l0

196 525 310 573 τως
331 504 431 577 τὴν
462 505 779 561 δεσποτείαν
806 504 925 578 ἔχει
949 521 961 536 ·
993 507 1025 576 ἡ
1050 506 1106 559 δὲ
1140 507 1268 576 περὶ
1292 507 1391 576 τὴν
1415 504 1627 559 δικαίαν
1662 503 1780 574 κρί-

1903 500 1975 569 μιί
2024 498 2191 552 dicit:
2258 487 2419 548 Pater
2476 494 2729 547 neminem
2770 492 3006 561 judirut,
3062 492 3152 546 scd
3193 494 3463 561 judicium

199 616 289 657 σιν
325 598 417 654 τοῦ
446 600 789 670 Σολομῶντος
823 597 1024 668 σπουδὴ
1057 597 1146 650 τὸν
1178 596 1430 666 ἀληθινὸν
1459 596 1653 668 κριτὴν
1686 596 1779 649 τοῦ

198 692 400 756 παντὸς
435 692 643 762 κόσμου
670 692 1040 761 διασημαίνει,
1066 691 1123 755 ὃς
1159 706 1321 760 φησιν
1341 706 1353 719 ’
1396 688 1458 741 '0
1483 690 1685 756 Πατὴρ
1708 691 1781 743 οὐ

199 785 388 854 κρίνει
423 783 666 846 οὐδένα,
706 783 869 839 ἀλλὰ
910 783 1027 851 τὴν
1068 784 1273 850 κρίσιν
1319 781 1528 836 πᾶσαν
1563 776 1784 835 δέδωκε

201 872 280 940 τῷ
311 873 455 939 Υίῷ’
484 873 579 928 καὶ
604 873 707 935 ὅτι,
746 874 829 926 Οὐ
866 872 1120 942 δύναμαι
1151 872 1344 927 ποιεῖν
1392 873 1493 927 ἀπ’
1524 872 1783 941 ἐμαυτοῦ

202 966 386 1021 οὐδέν
406 982 419 996 σ
452 965 612 1020 ἀλλὰ
663 963 858 1032 καθὼς
885 966 1110 1029 ἀκούω,
1147 968 1348 1033 κρίνω,
1390 966 1488 1021 καὶ
1519 967 1558 1033 ’ἡ
1588 966 1786 1036 κρίσις

200 1061 240 1125 ἠ
270 1057 384 1127 ἐμὴ
407 1056 608 1110 δικαία
652 1056 844 1109 ἐστίν.
877 1048 1045 1120 Οὗτος
1079 1057 1187 1127 γὰρ
1208 1057 1236 1108 ὁ
1258 1056 1557 1126 ἀκρότατος
1579 1058 1680 1121 τῆς
1711 1054 1786 1110 δι-

202 1150 364 1212 καίας
412 1147 647 1219 κρίσεως
703 1148 848 1220 ὅρος,
904 1148 965 1201 τὺ
1001 1148 1075 1220 μὴ
1132 1149 1225 1216 ἀφ’
1260 1147 1454 1201 ἑαυτοῦ
1499 1148 1640 1202 κατά
1664 1166 1787 1203 τινα

205 1239 579 1311 προσπάθειαν
638 1239 930 1309 ἀπόκρισιν
982 1241 1091 1301 τοῖς
1146 1236 1489 1309 κρινομένοις
1561 1238 1782 1310 νέμειν·

205 1328 340 1386 ἀλλὰ
369 1329 586 1400 πρῶτον
625 1327 846 1383 ἀκούειν
892 1328 1001 1382 τῶν
1037 1329 1309 1382 ὑποδίκων
1349 1331 1417 1399 τῇ
1451 1327 1649 1399 κρίσει,
1687 1323 1786 1381 εἶθ’

202 1420 378 1484 οὕτως
413 1419 510 1490 τὴν
539 1418 627 1473 ἐπ’
657 1420 839 1482 αὐτοῖς
867 1419 1045 1489 ψῆφον
1094 1419 1424 1473 ἐκτίθεσθαι.
1462 1414 1537 1472 Ob
1565 1418 1725 1491 χάριν
1743 1422 1786 1491 ,ἡ

204 1512 298 1566 τοῦ
323 1510 460 1565 Θεοῦ
494 1510 723 1582 δύναμίς
750 1526 871 1564 τινα
902 1510 1156 1581 ὁμολογεῖ
1174 1511 1248 1581 μὴ
1267 1510 1547 1565 δύνασθαι.
1581 1510 1655 1564 Τὸ
1679 1509 1789 1581 γὰρ

205 1601 310 1668 ἔξω
347 1600 440 1654 τοῦ
494 1599 703 1654 δικαίου
768 1598 1112 1673 παρατρέψαι
1160 1599 1259 1671 τὴν
1308 1601 1490 1671 κρίσιν
1540 1600 1792 1654 ἀδυνατεῖ

205 1689 455 1760 ἀλήθεια.
503 1688 660 1742 Ἀλλά
688 1687 750 1741 τὸ
778 1688 875 1759 μὲν
901 1689 965 1743 ἐκ
992 1687 1087 1743 τοῦ
1116 1688 1430 1760 σπέρματος
1460 1686 1624 1743 Δαϐὶδ
1650 1683 1789 1742 εἶναι

1881 609 2031 645 omne
2060 590 2205 645 dedit
2242 588 2386 641 Filio
2410 586 2456 619 "
2487 605 2500 649 ς
2545 594 2620 645 et,
2652 584 2771 638 Non
2819 600 3034 652 possunt
3081 599 3147 637 ex
3173 601 3251 639 me
3292 583 3467 653 facere

1880 684 2209 754 quidquam:
2256 680 2347 735 sed
2412 679 2549 732 sicut
2602 677 2783 734 audio.
2837 676 3060 744 judico:
3109 681 3157 728 et
3201 677 3466 745 judicium

1882 792 2057 830 meum
2100 773 2310 843 justum
2358 780 2435 825 est
2477 771 2542 821 ’⁷.
2594 766 2719 821 llaec
2763 774 2847 820 est
2891 766 3036 821 enim
3084 765 3219 831 juSti
3272 764 3467 835 judicii

1885 865 2238 920 exactissima
2272 862 2543 923 deﬁnitio,
2596 876 2703 915 non
2727 875 2789 915 ex
2828 876 2887 915 se
2947 860 3130 929 aliqua
3182 858 3469 913 aliectione

1884 955 2016 1009 dare
2040 968 2370 1024 responsum
2404 953 2470 1017 iis
2496 951 2589 1022 qui
2622 953 2674 1005 in
2701 949 2913 1018 judicio
2957 950 3337 1016 contendunt;
3370 949 3467 1005 sed

1885 1046 2120 1114 primum
2148 1044 2337 1100 audire
2367 1059 2462 1100 eos
2494 1043 2588 1113 qui
2615 1042 2852 1098 subeunt
2874 1040 3169 1109 judicium,
3196 1048 3250 1096 et
3273 1040 3470 1095 deinde

1884 1140 1939 1191 in
1974 1151 2069 1193 eos
2103 1136 2245 1192 ferre
2291 1135 2645 1191 sententiam.
2698 1132 3066 1199 Quamobrem
3111 1147 3170 1186 se
3214 1133 3466 1202 quantam

1887 1243 1995 1282 non
2031 1242 2194 1297 posse
2222 1227 2318 1281 Dei
2348 1227 2554 1280 fatetur
2582 1224 2844 1295 potentia.
2879 1222 3014 1278 Nam
3062 1232 3217 1278 extra
3256 1223 3467 1291 justum

1886 1328 2196 1390 pervertere
2215 1317 2485 1387 judicium
2537 1316 2763 1370 minime
2812 1324 2995 1386 potest
3038 1317 3265 1371 veritas.
3312 1315 3471 1381 Quod

1887 1419 2070 1466 autem
2092 1412 2165 1466 sit
2187 1426 2250 1465 ex
2277 1411 2489 1466 semine
2511 1406 2681 1462 David
2706 1410 3008 1464 secundum
3035 1423 3281 1473 carnem,
3310 1409 3473 1476 idque

1888 1500 2229 1572 signiﬁcetur
2256 1517 2350 1571 per
2377 1516 2501 1556 eum
2527 1501 2619 1571 qui
2653 1510 2818 1555 natus
2847 1510 2930 1555 est
2954 1516 3020 1556 ex
3050 1500 3274 1563 Davide,
3320 1499 3386 1555 de.
3410 1516 3475 1553 eo

1889 1596 2370 1666 prietermittcmus
2400 1596 2685 1667 prolixiori
2727 1597 2805 1650 uti
2838 1597 3113 1662 oratione,
3156 1606 3211 1652 ut
3258 1597 3326 1653 de
3365 1614 3477 1668 quo

1890 1688 2028 1743 satis
2056 1695 2293 1742 constet.
2322 1687 2678 1759 Ethiopissa:
2710 1696 2892 1743 autem
2917 1690 3259 1760 mysterium,
3286 1705 3479 1759 quem—

208 1781 348 1835 κατὰ
380 1779 558 1850 σάρκα
589 1778 677 1833 τὸν
703 1778 927 1851 Κύριον,
961 1780 1057 1834 καὶ
1108 1778 1258 1849 παρά
1289 1777 1382 1832 τοῦ
1415 1778 1700 1848 γεγονότος
1725 1780 1789 1832 ἐκ

1903 1779 2186 1833 admodum
2221 1779 2416 1834 relicto
2474 1794 2643 1850 regno
2694 1779 3039 1850 IEtbiopum,
3069 1789 3121 1835 et
3148 1782 3479 1836 transmisso

206 1873 299 1926 τοῦ
326 1846 492 1926 Δαϐὶδ
526 1846 957 1943 προμηνύεσθαι,
988 1871 1063 1935 ὼς
1092 1846 1521 1942 ὁμολογούμενον
1547 1870 1626 1940 τῷ
1646 1870 1790 1941 λόγῳ

1903 1872 2049 1920 tanto
2077 1867 2225 1936 quod
2258 1846 2632 1922 intercedebat
2662 1868 2864 1937 spatio,
2888 1846 3151 1938 properat
3202 1869 3266 1922 ad
3317 1870 3478 1923 Salo-

210 1966 551 2038 παρήσομεν.
579 1964 652 2018 Τὸ
678 1963 736 2017 δέ
764 1963 907 2018 κατά
944 1965 1043 2034 τὴν
1074 1962 1441 2017 Αἱθιόπισσανι
1463 1964 1790 2034 μυστήριον,

209 2057 325 2121 πῶς
345 2054 722 2111 καταλιποῦσα
770 2053 880 2109 τῶν
929 2053 1205 2108 Αἰθιόπων
1244 2053 1345 2124 τὴν
1377 2052 1673 2124 βασιλείαν,
1702 2054 1796 2107 καὶ

209 2148 460 2202 τοσοῦτον
484 2146 713 2202 διαϐᾶσα
735 2145 826 2201 τὸν
855 2146 912 2200 ἐν
929 2143 1005 2216 τῷ
1030 2144 1178 2216 μέσῳ
1207 2144 1386 2207 τόπον,
1423 2144 1560 2215 πρὸς
1584 2142 1676 2197 τὸν
1708 2145 1797 2198 Σο-

209 2238 461 2310 λομῶντα
514 2238 601 2292 διὰ
651 2238 711 2292 τὸ
736 2235 892 2302 κλέος
934 2238 1032 2306 τῆς
1063 2236 1256 2306 σοφίας
1295 2234 1596 2310 ἐπείγεται,
1629 2235 1797 2299 λίθοις

211 2306 413 2398 τιμίοις
444 2327 537 2381 καὶ
563 2326 779 2398 χρυσῷ,
798 2324 892 2379 καὶ
915 2327 1027 2388 τοῖς
1058 2323 1164 2378 τῶν
1190 2306 1798 2397 ἀρωμάτωνδὴδύσμασι

209 2420 526 2491 δεξιουμένη
558 2419 649 2472 τὸν
675 2416 915 2488 βασιλέα,
952 2415 1110 2489 δῆλον
1134 2416 1199 2471 ἂν
1226 2416 1437 2485 γένοιτο
1465 2415 1545 2486 τῶ
1574 2417 1799 2486 ἐπιστή-

213 2530 364 2568 σαντι
407 2511 546 2583 πρὸς
577 2511 605 2564 ὅ
641 2526 696 2562 τι
726 2508 835 2561 τῶν
865 2506 1233 2575 εὐαγγελικῶν
1261 2506 1444 2576 βλέπει
1483 2506 1796 2576 θαυμάτων.

214 2604 307 2666 Τίς
334 2602 447 2672 γὰρ
474 2602 574 2655 οὐκ
599 2596 739 2653 οἶδεν
760 2598 843 2652 ὅτι
888 2597 1117 2668 μέλαινα
1150 2592 1218 2669 ἦν
1269 2597 1329 2663 ἐξ
1359 2595 1801 2668 είδωλολατρείας

211 2692 270 2746 τὸ
295 2689 577 2761 καταρχὰς
611 2689 644 2760 ἡ
675 2687 734 2755 ἐξ
758 2687 927 2742 ἐθνῶν
960 2687 1277 2758 Ἐκκλησία,
1306 2688 1436 2757 πρὶν
1475 2686 1802 2757 Ἐκκλησίαν

210 2781 486 2849 γενέσθαι,
523 2777 702 2849 πολλῷ
729 2777 933 2849 μεταξὺ
954 2776 1032 2847 τῷ
1063 2777 1164 2848 τῆς
1208 2776 1429 2846 ἀγνοίας
1450 2778 1800 2849 διαστήματι,

212 2873 309 2943 τῆς
341 2872 484 2944 πρὸς
528 2870 619 2924 τὸν
658 2868 911 2939 ἀληθινὸν
949 2868 1083 2922 Θεὸν
1121 2868 1375 2937 γνώσεως
1404 2869 1800 2942 ἀπῳκισμένης

228 2961 365 3014 Ἀλλ’
400 2962 491 3015 ὅτε
543 2959 789 3028 ἐπεφάνη
838 2960 870 3027 ἠ
913 2958 1074 3030 χάρις
1118 2958 1214 3011 τοῦ
1257 2956 1417 3023 Θεοῦ,
1450 2959 1606 3031 καὶὴ
1643 2959 1806 3029 σοφία

216 3053 506 3124 διέλαμψε,
537 3052 632 3105 καὶ
656 3051 715 3103 τὸ
754 3051 870 3118 φῶς
905 3049 967 3103 τὸ
1000 3048 1251 3121 ἀληθινὸν
1275 3051 1412 3122 πρὸς
1442 3051 1568 3112 τοὺς
1596 3051 1652 3104 ἐν
1682 3050 1805 3104 σκό-

215 3160 294 3197 τει
343 3146 440 3198 καὶ
491 3144 618 3214 σκιᾷ
668 3142 904 3197 θανάτου
955 3142 1299 3212 καθημένους
1340 3143 1438 3213 τὴν
1469 3144 1660 3198 ἀκτῖνα
1696 3144 1805 3199 διέ-

217 3235 561 3306 πεμψε,τότε
592 3234 686 3286 τοῦ
726 3232 942 3304 Ἰσραὴλ
974 3233 1111 3304 πρὸς
1140 3235 1255 3301 φῶς
1292 3234 1679 3304 ἐπιμύσαντος,
1714 3237 1807 3289 καὶ

216 3326 313 3394 τῆς
357 3323 469 3378 τῶν
509 3322 727 3391 ἀγαθῶν
782 3324 1075 3393 μετουσίας
1128 3323 1321 3377 ἐαυτὸν
1376 3326 1805 3397 ἀποστήσαντος,

219 3417 466 3490 ἔρχονται
501 3417 552 3469 ot
597 3416 874 3478 Αἰθίοπες,
921 3417 970 3468 oi
1003 3414 1172 3468 ἐθνῶν
1213 3418 1281 3487 τῇ
1329 3417 1511 3470 πίστει
1542 3417 1809 3489 προστρέ-

219 3525 423 3578 χοντες,
458 3506 556 3560 καὶ
605 3507 661 3560 οἵ
702 3496 832 3560 ποτε
884 3505 1036 3569 ὄντες
1075 3505 1313 3577 μακρὰν.
1355 3507 1523 3575 ἐγγὺς
1548 3508 1807 3575 γίνονται,

217 3596 295 3668 τῷ
320 3595 570 3669 μυστικῷ
596 3596 747 3650 ὕδατι
772 3596 870 3665 τὴν
890 3595 1149 3674 μελανίαν
1166 3596 1603 3668 ἀπκλυσάμενοι
1623 3615 1636 3627 ⁸
1669 3598 1809 3652 ὥστε

1895 1972 2112 2012 monem
2146 1967 2370 2027 propter
2393 1958 2610 2012 laudem
2646 1959 2950 2027 sapientiae,
2980 1961 3211 2030 gemmis
3240 1968 3294 2015 et
3315 1975 3478 2024 auro,

1898 2050 2305 2119 unguentisque
2362 2050 2621 2119 pretiosis
2685 2066 2869 2121 regem
2928 2051 3226 2105 ltonoritice
3281 2067 3477 2120 prosc-

1896 2154 2095 2210 queus,
2149 2139 2506 2195 manifestum
2564 2127 2730 2195 fuerit
2778 2142 3023 2195 animum
3074 2142 3374 2197 advertenti
3411 2142 3479 2196 ad

1896 2230 2174 2299 quodnam
2230 2229 2621 2301 Evangelicum
2685 2232 2879 2302 aspicit
2940 2233 3290 2288 miraculum.
3345 2232 3482 2299 Quis

1899 2322 2044 2376 enim
2073 2323 2425 2393 nescit,quod
2449 2339 2570 2394 quae
2588 2340 2654 2378 ex
2676 2323 2990 2379 idololatria
3023 2325 3091 2379 ab
3120 2325 3278 2380 initio
3304 2334 3387 2381 est
3415 2343 3483 2381 ex

1902 2412 2157 2480 gentibus
2182 2411 2454 2477 Ecclesia,
2485 2414 2644 2485 nigra
2679 2422 2816 2476 erat,
2852 2414 3172 2485 priusquam
3209 2414 3354 2470 ﬁeret
3376 2413 3484 2470 Ec-
3588 2448 3589 2451 η

1901 2504 2066 2559 clcsia
2092 2545 2105 2566 ,
2145 2505 2420 2576 longoque
2468 2506 2757 2577 interiecto
2785 2506 3149 2576 ignorationis
3174 2507 3483 2572 intervallo,

1905 2597 2099 2664 procul
2134 2596 2424 2652 habitabat
2448 2612 2476 2650 a
2501 2599 2614 2653 veri
2636 2597 2730 2651 Dei
2757 2597 3107 2668 cognitione?
3137 2596 3243 2653 Sed
3263 2599 3485 2668 quando

1904 2686 2163 2755 apparuit
2196 2688 2373 2758 gratia
2406 2686 2523 2752 Dei,
2558 2696 2613 2742 et
2644 2689 2826 2743 illuxit
2847 2689 3210 2759 sapientia,et
3235 2691 3325 2745 lux
3356 2706 3486 2746 vera

1905 2776 1973 2829 ad
2009 2791 2105 2831 eos
2133 2776 2227 2845 qui
2261 2778 2528 2833 sedebant
2559 2779 2614 2832 in
2659 2778 2904 2833 tenebris
2937 2784 2991 2833 et
3039 2779 3235 2834 umbra
3268 2782 3486 2848 multis,

1907 2867 2058 2921 misit
2107 2869 2359 2933 radium,
2411 2879 2543 2922 tunc
2601 2868 2799 2924 lsraele
2855 2870 2920 2924 ad
2965 2870 3144 2927 lucem
3196 2872 3490 2930 claudente

1906 2960 2124 3023 oculos,
2165 2966 2222 3015 et
2250 2961 2492 3031 seipsum
2544 2961 2852 3017 abduceute
2883 2978 2912 3016 ιι
2946 2964 3215 3018 bonorum
3264 2967 3489 3035 partici-

1908 3051 2155 3121 patione,
2177 3056 2405 3108 veniunt
2433 3051 2725 3124 Etltiopes
2754 3055 2789 3108 ii
2817 3056 2910 3125 qui
2936 3056 3003 3109 ad
3034 3055 3193 3112 ﬁdem
3221 3060 3491 3116 accedunt

1911 3158 1976 3199 ex
2015 3144 2292 3214 gentibus,
2326 3151 2380 3198 et
2413 3144 2506 3215 qui
2542 3145 2840 3214 aliquando
2898 3146 3059 3217 longe
3091 3157 3272 3213 erant,
3321 3167 3491 3223 prope

1912 3235 2206 3299 accedunt,
2260 3237 2484 3306 nigrore
2539 3236 2728 3290 abluto
2766 3251 2905 3305 aqua
2955 3240 3206 3309 mystica,
3245 3240 3380 3296 adeo
3434 3254 3492 3298 ut

1914 3325 2255 3398 Ethiopia"
2280 3329 2587 3397 porrexerit
2610 3342 2808 3383 manus
2828 3330 2958 3392 Deo,
2978 3345 3043 3384 eo
3066 3331 3212 3401 quod
3231 3332 3493 3389 obtulerit
3576 3324 3579 3329 ’

1912 3418 2055 3473 dona
2115 3419 2249 3489 regi,
2280 3419 2508 3488 pietatis
2537 3431 2805 3484 aromata,
2835 3428 2890 3475 et
2929 3434 3123 3474 aurum
3165 3421 3261 3477 Dei
3298 3426 3491 3494 cogni-

1912 3510 2104 3573 tionis,
2127 3518 2180 3566 et
2215 3526 2463 3582 gemmas
2497 3520 2921 3581 praeceptorum,
2961 3519 3015 3568 et
3045 3513 3311 3568 virtutum
3360 3531 3491 3587 ope-
3546 3564 3549 3569 .

1910 3603 2168 3657 rationis.

218 3686 314 3758 τὴν
344 3685 631 3740 Αἰθιοπίαν
684 3683 994 3756 προφθάσαι
1031 3688 1191 3756 χεῖρα
1232 3687 1401 3757 αὐτῆς
1423 3686 1501 3758 τῷ
1533 3688 1671 3759 Θεῷ,
1749 3689 1843 3742 καὶ
1881 3692 2178 3763 προσάγειν
2199 3693 2347 3763 δῶρα
2372 3692 2450 3762 τῷ
2483 3693 2712 3763 βασιλεῖ,
2738 3692 2807 3746 τά
2823 3711 2879 3749 τε
2898 3695 2995 3765 τῆς
3014 3695 3292 3771 εὐσεϐείας
3348 3698 3493 3771 ἀρώ-
3565 3720 3584 3738 ο

224 3792 385 3849 ματα,
402 3776 575 3832 καὶτὸ
597 3777 696 3846 τῆς
720 3776 1053 3845 θεογνωσίας
1073 3779 1428 3849 χρυσίον,καὶ
1480 3782 1608 3845 τοὺς
1660 3782 1877 3851 τιμίους
1913 3783 2094 3848 λίθους
2141 3786 2239 3856 τῆς
2285 3784 2393 3839 τῶν
2446 3786 2676 3840 ἐντολῶν
2702 3804 2761 3839 τε
2803 3786 2897 3840 καὶ
2937 3788 3043 3841 τῶν
3073 3789 3283 3860 ἀρετῶν
3324 3793 3491 3863 ἐργα-

223 3872 358 3937 σίας.

303 3967 464 4021 Ἀλλά
486 3966 624 4037 πρὸς
646 3966 675 4019 ὅ
703 3982 755 4018 τι
782 3966 996 4037 βλέπων
1015 3966 1264 4021 ἐντεῦθεν
1280 3967 1517 4040 ἄρχομαι
1546 3970 1645 4034 τῆς
1669 3987 1801 4040 προ-

222 4058 486 4129 κειμένης
533 4058 665 4128 ήμῖν
702 4057 811 4111 τῶν
845 4056 1024 4128 ῥητῶν
1069 4057 1325 4128 θεωρίας,
1362 4059 1464 4130 ἤδη
1484 4059 1803 4131 διασαφήσω

220 4149 296 4221 τῷ
340 4151 490 4220 λόγῳ
536 4148 708 4217 αὐτὴν
758 4147 1158 4220 προεκθέμενος
1197 4148 1295 4219 τὴν
1319 4150 1464 4216 λέξιν
1498 4151 1609 4205 τῶν
1645 4151 1803 4206 θείων

222 4239 415 4307 λογίων
444 4239 675 4310 ἔχουσαν
720 4238 894 4302 οὕτως
913 4256 926 4269 ·
952 4236 1200 4309 Φορεῖον
1226 4241 1521 4312 ἐποίησεν
1554 4242 1745 4308 ἑαυτῷ
1770 4246 1802 4298 ὁ

220 4329 519 4394 βασιλεὺς
548 4328 960 4398 Σολομὼνάπὸ
981 4328 1184 4393 ξύλων
1199 4330 1308 4385 τοῦ
1340 4330 1622 4396 Λιϐάνου,
1661 4332 1807 4387 στύ-

222 4423 371 4487 λους
387 4420 580 4476 αὑτοῦ
601 4421 888 4488 ἐποίησεν
924 4420 1224 4491 ἀργύριον,
1265 4420 1365 4477 καὶ
1389 4421 1457 4477 τὸ
1482 4423 1810 4479 ἁνάκλιτον

227 4512 411 4567 αὑτοῦ
453 4512 733 4581 χρυσίωι,
759 4512 1041 4566 ἐπίϐασιν
1068 4513 1257 4568 αὐτοῦ
1300 4515 1637 4584 πορφύραν.
1678 4517 1809 4569 Ἐν-

1985 3966 2092 4022 Sed
2138 3979 2404 4035 quorsum
2459 3965 2763 4034 aspiciens,
2799 3964 2931 4019 hinc
2987 3965 3195 4038 incipio
3245 3986 3276 4024 a
3333 3973 3492 4030 nobis

1910 4057 2511 4128 propositarerborum
2535 4058 3145 4130 contemplatione.jam
3173 4062 3490 4131 declarabo,

1912 4152 1956 4207 si
1991 4152 2149 4221 prius
2181 4164 2421 4221 posuero
2453 4150 2756 4205 dictionem
2779 4150 3091 4206 divinorum
3123 4155 3490 4225 eloquiorum,

1909 4258 2033 4313 qua!
2074 4242 2158 4297 sic
2205 4241 2399 4297 habet:
2442 4239 2729 4319 Ferculum
2774 4243 2875 4296 sibi
2914 4244 3040 4311 fecit
3092 4263 3185 4301 rea:
3239 4248 3495 4307 Salomon

1906 4349 1971 4389 ea:
2009 4334 2168 4404 lignis
2208 4332 2425 4395 Libani,
2458 4333 2735 4387 columnas
2783 4335 2886 4388 sibi
2928 4336 3054 4405 fecit
3106 4351 3404 4410 argenteas,
3445 4354 3496 4397 et

1907 4424 2308 4479 reclinatorium
2325 4440 2479 4477 suum
2499 4440 2743 4477 aureum.
2761 4425 2799 4476 Α
2811 4442 3025 4480 scensus
3042 4429 3156 4497 ejus
3174 4446 3492 4499 purpureus.

1911 4513 2068 4569 Intra
2099 4515 2270 4583 ipsum
2313 4524 2393 4568 est
2435 4515 2793 4583 pavimentum
2840 4516 3104 4572 cliarilale
3153 4529 3381 4576 stratum
3433 4541 3496 4579 ea:

227 4603 327 4669 τὸς
376 4602 567 4657 αὐτοῦ
608 4606 1015 4671 λιθόστρωτον
1052 4603 1297 4674 ἀγάπην
1323 4605 1442 4660 ἀπὸ
1474 4605 1799 4676 θυγατέρων

1910 4607 2125 4676 ﬁliabus
2189 4606 2515 4662 Jerusalem.
2588 4607 2875 4675 Quomodo
2929 4612 2983 4666 in
3032 4613 3102 4669 iis
3161 4631 3284 4685 quae
3343 4621 3496 4688 prius

242 4692 657 4762 Ἰερουσαλήμ.
701 4694 913 4765 ’Ὠσπερ
941 4695 1121 4748 τοίνυν
1154 4697 1211 4748 ἐν
1256 4699 1368 4760 τοῖς
1402 4690 1799 4771 προεξητασμέ-

1916 4705 2044 4750 sunt
2066 4695 2402 4761 examinata,
2437 4695 2506 4750 de
2538 4695 2835 4753 Salomone
2863 4698 3069 4755 dictum
3099 4681 3206 4767 est,
3245 4681 3495 4777 per-quae

229 4798 336 4849 νοις
366 4786 495 4856 περὶ
551 4785 645 4839 τοῦ
695 4785 1039 4858 Σολομῶντος
1066 4779 1224 4858 εὗρεν
1264 4790 1293 4841 ό
1336 4788 1514 4857 λόγος.
1544 4791 1612 4843 δι’
1640 4784 1717 4845 ὧν
1746 4793 1809 4846 τὸ

235 4875 356 4945 περὶ
403 4873 501 4928 τοῦ
539 4871 668 4927 ναοῦ
720 4876 1018 4946 μυστήριον
1072 4877 1131 4930 ἐν
1183 4875 1377 4948 ἐκείνῳ
1422 4878 1502 4949 τῷ
1532 4879 1810 4950 προσώπῳ

214 4962 587 5037 ⁵διαγράφεται
610 4979 624 4994 ⁸
670 4963 813 5018 οὕτω
846 4964 939 5017 καὶ
987 4964 1074 5018 διὰ
1102 4964 1202 5036 τῆς
1241 4964 1337 5019 τοῦ
1384 4967 1600 5037 φορείου
1636 4985 1808 5023 κατα-

233 5056 430 5127 σκευῆς
455 5058 489 5127 ἡ
526 5056 655 5126 περὶ
676 5056 834 5126 ἡμῶν
859 5056 1140 5126 οίκονομία
1172 5054 1611 5127 διασημαίνεται.
1642 5060 1813 5113 Πολυ-

234 5147 444 5211 τρόπως
496 5146 607 5219 γὰρ
639 5146 821 5212 ὁΘεὸς
863 5148 922 5201 ἐν
954 5150 1067 5213 τοῖς
1113 5146 1284 5213 ἀξίοις
1323 5148 1515 5202 ἑαυτοῦ
1562 5149 1806 5218 γίνεται,

232 5237 410 5302 καθὼς
432 5238 661 5301 ἕκαστος
686 5238 754 5292 ἂν
772 5238 868 5311 ἔχῃ
906 5240 1187 5310 δυνάμεώς
1206 5257 1265 5292 τε
1294 5241 1388 5295 καὶ
1423 5241 1599 5306 ἀξίας,
1638 5240 1811 5307 οὕτως

231 5325 288 5378 ἐν
338 5327 555 5398 ἑκάστῳ
591 5327 889 5398 γινόμενος.
931 5327 989 5381 Ὀ
1035 5328 1132 5398 μὲν
1157 5329 1265 5400 γάρ
1294 5347 1380 5392 τις
1410 5331 1620 5398 γίνεται
1672 5330 1809 5385 Θεοῦ

231 5414 414 5481 τόπος,
461 5418 490 5470 ὁ
536 5417 593 5471 δέ
638 5413 806 5483 οἶκος,
831 5418 991 5482 ἄλλος
1018 5419 1075 5473 δέ
1102 5418 1309 5492 θρόνος,
1345 5421 1440 5474 καί¹
1461 5419 1649 5493 ἕτερος
1678 5421 1810 5475 ὑπο-

231 5504 432 5560 πόδιον.
475 5508 632 5562 Ἔστι
675 5508 733 5563 δέ
775 5515 864 5575 τις
908 5511 1005 5564 καὶ
1056 5511 1210 5582 ἆρμα
1243 5511 1546 5582 γινόμενος,
1578 5511 1610 5582 ἢ
1645 5512 1813 5577 ἵππος

231 5593 467 5666 εὐήνιος,
494 5596 782 5670 δεχόμενος
808 5602 896 5671 ἐφ’
930 5602 1124 5656 ἑαυτοῦ
1168 5603 1259 5657 τὸν
1294 5603 1497 5672 ἀγαθὸν
1524 5602 1811 5673 ἐπιϐάτην,

1906 4785 2046 4841 illud
2078 4786 2145 4841 de
2189 4787 2393 4857 templo
2422 4789 2743 4858 mysterium
2782 4792 2835 4843 in
2880 4792 2972 4845 tali
3013 4809 3249 4863 persona
3287 4797 3489 4853 descri-

1906 4878 2091 4936 bitur:
2140 4878 2223 4934 sic
2252 4880 2418 4933 etiam
2461 4895 2527 4935 ex
2564 4880 2758 4936 ferculi
2800 4887 3216 4943 constructione
3278 4890 3496 4959 signiti—

1909 4978 2069 5025 catur
2088 4970 2159 5025 de
2189 4971 2350 5027 nobis
2383 4971 2751 5043 dispensatio.
2805 4973 2993 5033 Multis
3023 4978 3169 5034 enim
3201 4981 3385 5035 modis
3411 4990 3496 5036 est

1911 5060 2059 5119 Deus
2102 5062 2159 5117 in
2198 5063 2266 5118 iis
2301 5064 2395 5133 qui
2426 5072 2557 5120 sunt
2587 5081 2648 5121 se
2674 5064 2851 5136 digni,
2884 5077 3048 5138 prout
3091 5068 3199 5125 fert
3232 5071 3499 5126 uniuscu-

1914 5153 2117 5224 jusque
2155 5152 2419 5220 facultas,
2449 5166 2503 5210 et
2530 5157 2613 5213 sic
2661 5174 2994 5229 unoquoque
3041 5168 3125 5219 est
3160 5159 3375 5227 dignus.
3414 5161 3497 5215 Fit

1916 5244 2065 5298 enim
2121 5244 2323 5315 aliquis
2372 5245 2529 5302 locus
2572 5248 2690 5310 Dei,
2734 5247 2875 5302 alius
2930 5263 3059 5303 vero
3107 5247 3328 5315 domus,
3357 5250 3498 5305 alius

1919 5343 2099 5390 autem
2129 5336 2309 5400 sedes,
2337 5344 2391 5392 et
2416 5338 2558 5393 alius
2589 5336 2915 5393 scabellum.
2945 5326 3043 5393 Est
3074 5339 3239 5393 etiam
3273 5331 3502 5410 aliquis,

1918 5427 2013 5496 qui
2047 5425 2276 5484 effectus
2322 5443 2546 5494 currus,
2582 5436 2637 5485 et
2676 5444 2858 5499 equus
2917 5429 3009 5499 qui
3066 5428 3298 5485 habenis
3341 5428 3499 5486 facile

1919 5521 2152 5591 regitur,
2173 5522 2487 5592 suscipiens
2508 5524 2713 5578 bonum
2740 5535 2902 5583 suum
2931 5536 3228 5583 sessorem,
3258 5531 3311 5577 et
3334 5531 3500 5592 prout

1922 5608 2144 5667 videtur
2183 5616 2236 5669 ei
2280 5614 2378 5683 qui
2410 5611 2622 5683 dirigit,
2652 5626 2878 5668 cursum
2924 5626 3087 5668 suum
3140 5612 3387 5671 conﬁcit.
3429 5611 3503 5667 υς.

311 5770 355 5804 ⁸⁸
410 5770 569 5829 Joan.
630 5792 686 5843 ν,
730 5775 820 5831 22.
897 5778 941 5811 ³⁷
989 5777 1121 5836 ibid.
1172 5779 1261 5834 50.
1338 5781 1383 5812 ’⁸
1450 5779 1594 5835 Psal.
1642 5795 1810 5849 vau,
1866 5781 1957 5836 52.
