3866 6370
448 345 548 403 Hi

1684 342 1742 396 S.
1770 339 2101 397 GREGORII
2122 340 2210 396 ΝΥ
2224 334 2419 398 ΞΞΕΜ

3612 349 3721 408 ΜΞ

448 465 632 515 autem
684 467 834 507 nunc
884 450 1173 516 docemur,
1233 451 1292 506 fit
1345 450 1511 506 etiam
1567 450 1843 522 quispiam
1908 450 2011 519 ejus

2132 451 2376 523 καὶπρὸς
2399 451 2459 505 τὸ
2486 447 2677 504 δοκοῦν
2699 449 2779 521 τῷ
2804 448 3081 507 εύθύνοντι
3114 452 3345 510 διανύων
3371 455 3461 511 τὸν
3484 457 3717 530 δρόμον.

440 540 742 608 ferculum,
778 541 873 612 qui
912 557 979 596 ex
1007 541 1158 597 illius
1211 541 1484 613 sapientia
1512 556 1622 596 non
1670 542 1851 597 solum
1888 555 2027 595 con-

448 638 682 696 struitur
706 650 773 690 ει
808 632 973 703 lignis
1000 630 1216 698 Libani,
1251 631 1348 688 sed
1374 633 1539 688 etiam
1570 646 1707 687 auro
1730 642 1784 686 et
1800 639 2028 702 argento

444 739 499 786 et
544 740 790 800 purpura
839 731 894 780 et
945 725 1181 796 gemmis
1235 723 1633 780 convenienter
1689 730 1924 779 ornatur
1970 723 2026 778 in

445 832 781 890 unaquaque
806 824 983 887 parte,
1024 831 1124 885 per
1155 831 1278 887 qua:
1310 816 1555 872 charitas
1582 816 1704 886 ejus
1730 814 1920 871 eﬂicax
1945 814 2024 879 fit,

442 927 552 967 non
585 910 849 966 omnibus
880 908 1230 979 capientibus
1280 908 1570 964 charitatis
1627 909 2023 980 operationem,

440 1004 533 1059 sed
560 1002 606 1059 si
629 1018 737 1073 qua
767 1001 876 1055 lilia
898 1015 1157 1071 supernae
1180 997 1489 1056 Jerusalem
1514 1015 1636 1070 qua:
1663 1007 1749 1056 est
1769 1000 2023 1064 libera",

438 1093 795 1164 cognoscitur
829 1109 926 1165 per
954 1093 1148 1148 vitam.
1191 1091 1370 1163 Atque
1401 1092 1551 1164 quod
1584 1094 1632 1150 is
1668 1092 1891 1164 quidem
1931 1092 2024 1164 qui

436 1190 491 1243 in
525 1204 585 1244 se
618 1186 724 1243 fert
780 1185 977 1250 Deum,
1030 1185 1104 1239 sit
1159 1183 1426 1239 ferculum
1489 1185 1611 1254 ejus
1662 1186 1755 1255 qui
1813 1186 1868 1241 in
1903 1184 2025 1254 ipso

436 1279 674 1343 insidet,
729 1266 1090 1333 manifestum
1147 1275 1317 1331 fuerit
1367 1277 1534 1331 etiam
1584 1275 1912 1346 priusquam
1954 1273 2024 1329 de

418 1380 499 1429 ‘eo
535 1373 847 1443 loquamur.
876 1362 991 1437 Ὀιιί
1041 1369 1223 1434 enim,
1269 1367 1429 1439 juxta
1475 1375 1729 1424 sanctum
1766 1368 2019 1430 Paulum,

436 1478 548 1518 non
582 1461 823 1533 amplius
856 1460 992 1515 vivit
1018 1461 1160 1530 ipse,
1200 1457 1299 1515 sed
1346 1459 1402 1513 in
1448 1473 1507 1514 se
1547 1459 1822 1515 viventem
1859 1459 2022 1514 habet

436 1550 717 1607 Christum
748 1550 814 1615 ³ο,
850 1557 905 1604 et
953 1549 1050 1604 dat
1096 1548 1533 1620 experimentum
1564 1547 1774 1603 Christi
1827 1548 1922 1618 qui
1964 1549 2019 1603 in

434 1645 555 1716 ipso
591 1644 858 1714 loquitur,
895 1643 940 1697 is
979 1641 1185 1696 dicitur
1213 1647 1269 1697 et
1297 1640 1355 1694 fit
1386 1640 1653 1696 ferculum
1683 1640 1804 1710 ejus
1830 1639 1924 1712 qui
1953 1640 2021 1695 ab

435 1738 557 1808 ipso
617 1737 794 1791 fertur
834 1743 889 1790 et
941 1742 1212 1806 portatur.
1262 1731 1369 1789 Sed
1417 1748 1529 1789 non
1577 1740 1663 1788 est
1718 1733 1822 1788 hoc
1869 1732 2019 1803 quod

434 1828 719 1899 qurcritur.
750 1827 885 1882 Illud
911 1827 1097 1898 potius
1124 1832 1348 1895 oportet
1377 1824 1675 1898 diligenter
1706 1823 2016 1892 attendere,

432 1920 564 1991 quid
595 1920 700 1976 sibi
736 1920 852 1975 vult
885 1918 1035 1973 varia
1059 1926 1114 1973 et
1143 1917 1433 1988 multiplex
1461 1919 1715 1973 materia.

502 2192 793 2268 Quomodo
825 2217 956 2273 ergo
986 2210 1187 2273 praeter
1211 2218 1434 2268 aurum,
1466 2212 1782 2276 argentum,
1805 2213 1862 2260 et
1886 2216 2018 2276 pur-

416 2297 646 2362 puram,
697 2284 751 2349 ét
810 2308 1055 2362 gemmas
1112 2294 1420 2350 assumitur
1483 2294 1619 2365 ligni
1687 2304 1885 2351 natura
1948 2296 2017 2350 ad

433 2384 911 2440 constructionem
943 2385 1137 2440 ferculi
1166 2384 1378 2455 ?Atqui
1425 2385 1647 2456 sapiens
1677 2385 2019 2453 architectus

436 2472 638 2531 Paulus
686 2475 1090 2546 repudiandum
1139 2486 1332 2533 censet
1377 2477 1585 2549 lignum
1631 2492 1757 2532 cum
1812 2476 1940 2532 feno
1963 2484 2018 2532 et

436 2566 637 2638 stipula
669 2565 737 2621 ad
768 2566 967 2621 domus
1017 2565 1461 2634 aedificationem,
1526 2575 1588 2621 ut
1619 2565 1765 2637 quod
1810 2580 2012 2621 consu-

432 2666 617 2712 matur
648 2670 678 2710 a
707 2657 757 2710 vi
796 2656 940 2727 ignis
974 2665 1359 2720 consumente,
1402 2673 1526 2730 quae
1556 2673 1697 2729 opus
1729 2658 1924 2729 probat
1948 2657 2012 2711 ³¹.

431 2746 540 2805 Sed
572 2748 782 2806 scimus
813 2762 937 2803 esse
958 2748 1214 2817 aliquam
1249 2749 1384 2820 ligni
1419 2756 1700 2815 naturam,
1728 2764 1848 2820 qua:
1869 2748 1925 2804 in
1950 2763 2016 2804 eo

430 2841 575 2912 quod
642 2848 750 2905 est,
821 2853 934 2895 non
1004 2848 1335 2910 permanet,
1405 2841 1501 2897 sed
1580 2841 1816 2912 seipsam
1888 2856 2012 2896 mu-

429 2940 509 2987 tat
545 2931 601 2986 in
650 2946 872 2995 aurum,
929 2938 1025 2985 aut
1080 2938 1392 3001 argentum,
1460 2938 1555 2985 aut
1610 2932 1821 3002 aliquid
1866 2930 2013 2986 aliud

426 3023 756 3094 pretiosum.
786 3023 847 3077 In
883 3036 1080 3093 magna
1106 3023 1250 3077 enim
1280 3021 1377 3077 Dei
1404 3021 1571 3078 domo
1607 3026 1683 3078 ait
1711 3022 2011 3094 Apostolus

2141 544 2230 608 Ὢς
2254 543 2311 597 δὲ
2333 543 2429 598 νῦν
2462 541 2845 613 διδασκόμεθα,
2882 544 2977 599 καὶ
3006 550 3223 618 φορεῖον
3252 549 3416 604 αὐτοῦ
3446 568 3531 615 τις
3569 551 3721 620 γίνε-

2128 649 2239 698 ται,
2264 635 2293 683 6
2317 632 2460 687 Ιιιατά
2492 632 2588 704 τὴν
2615 633 2824 687 ἐκείνου
2871 636 3064 705 σοφίαν
3089 636 3152 690 οὐ
3188 638 3347 708 μόνον
3370 642 3482 705 τοῖς
3513 643 3586 695 ὲκ
3622 642 3717 695 τοῦ

2126 723 2363 778 Λιϐάνου
2406 724 2951 796 κατασκευαζόμενος
2988 725 3185 795 ξύλοις,
3215 729 3351 785 ἀλλά
3391 732 3486 786 καὶ
3518 734 3719 804 χρυσῷ

2127 817 2231 870 καὶ
2258 817 2507 889 ἀργυρίῳ
2540 816 2635 871 καὶ
2671 818 2930 890 πορφύρᾳ
2959 810 3053 872 καὶ
3078 818 3247 885 λίθοις
3273 823 3633 895 καταλλήλως
3654 810 3716 877 μέν

2127 908 2342 980 ἑκάστῳ
2381 909 2557 983 μέρει,
2578 909 2644 964 δι’
2669 900 2797 981 ὧνή
2833 911 3023 982 ἀγάπη
3045 911 3211 967 αὑτοῦ
3229 914 3448 987 ἐνεργὸς
3467 918 3711 984 γίνεται,

2124 1001 2186 1054 ού
2218 1000 2436 1055 πάντων
2483 1001 2803 1072 χωρούντων
2836 1002 2936 1073 τὴν
2974 1004 3075 1075 τῆς
3110 1004 3334 1078 ἀγάπης
3380 1007 3671 1078 ἐνέργειαν
3695 1026 3710 1041 ο

2124 1093 2240 1147 ἀλλ’
2270 1094 2325 1146 εῐ
2350 1111 2431 1158 τις
2467 1093 2711 1166 θυγάτηρ
2734 1094 2833 1166 τῆς
2875 1094 2987 1149 ἄνω
3031 1096 3385 1170 Ἰερουσαλὴμ
3415 1100 3519 1170 τῆς
3554 1102 3713 1156 ἐλευ-

2124 1182 2287 1256 θέρας
2341 1184 2429 1238 διά
2470 1185 2563 1239 τοῦ
2596 1186 2709 1258 βίου
2755 1185 3092 1258 γνωρίζοιτα
3119 1188 3243 1242 Ὀτι
3276 1189 3373 1259 μὲν
3404 1186 3500 1246 οὖν
3546 1194 3580 1246 ὁ
3620 1192 3712 1247 τὸν

2122 1275 2255 1330 θεὸν
2282 1278 2340 1331 ἐν
2366 1277 2544 1348 ἑαυτῷ
2571 1278 2775 1350 φέρων,
2804 1280 3019 1351 φορεῖον
3046 1280 3162 1334 ἐστι
3183 1280 3279 1335 τοῦ
3303 1283 3361 1335 ἐν
3393 1283 3548 1354 αὐτῷ
3578 1302 3711 1337 κατ-

2121 1364 2396 1430 οικοῦντος
2421 1367 2514 1420 καὶ
2547 1367 2963 1439 καθεδουμένου,
2992 1368 3149 1440 δῆλον
3187 1371 3281 1425 καὶ
3310 1371 3416 1443 πρὸ
3434 1373 3546 1426 τῶν
3578 1377 3714 1444 ἠμε-

2121 1460 2296 1532 τέρων
2324 1461 2498 1531 λόγων
2529 1460 2595 1515 ἂν
2637 1461 2743 1532 εἴη.
2782 1460 2841 1515 '0
2873 1462 2980 1533 γὰρ
3004 1461 3146 1515 κατά
3165 1462 3256 1516 τὸν
3285 1463 3437 1531 ἅγιον
3466 1464 3709 1529 Παῦλον,

2124 1552 2322 1624 μηκέτι
2371 1551 2534 1615 αὐτὸς
2576 1550 2707 1617 ζῶν,
2744 1550 2882 1605 ἀλλά
2919 1550 3098 1615 ζῶντα
3148 1551 3286 1625 έχων
3320 1556 3377 1609 ὲν
3413 1556 3599 1626 ἑαυτῷ
3624 1557 3710 1610 τὸν

2120 1644 2376 1715 Χριστὸν,
2403 1645 2499 1698 καὶ
2530 1643 2762 1715 δοκιμὴν
2795 1643 2969 1708 διδοὺς
3016 1642 3111 1697 τοῦ
3156 1646 3214 1698 ὲν
3247 1644 3398 1717 αὐτῷ
3417 1646 3710 1710 λαλοῦντος

2121 1738 2379 1809 Χριστοῦ,
2419 1730 2575 1801 οὗτος
2614 1737 2819 1808 κυρίως
2859 1738 3074 1808 φορεῖον
3116 1737 3330 1806 λέγεται
3371 1738 3466 1792 καὶ
3492 1741 3708 1807 γίνεται

2118 1826 2215 1883 τοῦ
2245 1829 2305 1882 ἐν
2330 1824 2480 1897 αύτῷ
2505 1826 2805 1899 φερομένου
2830 1827 2924 1880 καὶ
2949 1826 3040 1880 ὑπ’
3072 1825 3238 1881 αὐτοῦ
3272 1826 3702 1898 βασταζομένου.

2134 1918 2275 1973 Ἀλλ’
2298 1919 2358 1971 ού
2388 1916 2546 1972 τοῦτό
2587 1920 2703 1971 ὲστι
2751 1916 2813 1970 τὸ
2859 1916 3209 1989 ζητούμενον.
3253 1917 3531 1971 Ἐκεῖνοδὲ
3562 1919 3702 1989 μᾶλ-

2120 2013 2208 2066 λον
2230 2012 2499 2084 προσήκει
2530 2010 2598 2064 δι’
2628 2008 2945 2081 ἐπιμελείας
2981 2012 3337 2081 κατανοῆσαι,
3367 2009 3422 2062 τί
3453 2009 3705 2079 βούλεται

2118 2103 2180 2156 τὸ
2206 2104 2306 2173 τῆς
2332 2102 2463 2175 ῦλης
2484 2102 2725 2156 ποικίλον
2753 2118 2814 2155 τε
2838 2102 2933 2156 καί¹
2961 2102 3256 2166 πολυειδές.

2186 2181 2317 2256 Πῶς
2346 2188 2441 2246 οῦν
2468 2190 3068 2263 συμπαραλαμϐάνεται
3089 2191 3294 2262 χρυσίῳ
3320 2190 3407 2245 καὶ
3431 2192 3705 2264 ἀργυρίῳ.

2118 2285 2214 2339 καὶ
2243 2283 2520 2355 πορφύρᾳ,
2558 2283 2653 2337 καὶ
2700 2282 2869 2346 λίθοις
2913 2284 2946 2354 ἡ
2992 2282 3085 2336 τοῦ
3121 2282 3276 2347 ξύλου
3306 2281 3469 2352 φύσις
3491 2285 3577 2347 εἰς
3608 2285 3707 2354 τὴν

2118 2359 2463 2445 κατασκευὴν
2483 2373 2577 2426 τοῦ
2605 2372 2825 2445 φορείου
2848 2392 2863 2439 ;
2893 2373 3003 2427 Καί
3027 2372 3108 2426 τοί
3133 2390 3196 2442 γε
3224 2373 3285 2426 τὺ
3304 2373 3462 2440 ξύλον
3486 2377 3514 2427 6
3542 2376 3707 2443 cro-pb;

2117 2467 2451 2540 ἀρχιτέκτων
2486 2464 2722 2531 Παῦλος,
2759 2464 2898 2536 μετά
2931 2464 3024 2518 τοῦ
3051 2465 3243 2535 χόρτου
3275 2467 3368 2518 καὶ
3396 2464 3497 2535 τῆς
3534 2466 3706 2519 καλά-

2120 2580 2227 2634 μης
2276 2563 2357 2624 εἰς
2409 2560 2507 2631 τὴν
2535 2558 2822 2630 οἰκοδομὴν
2847 2557 2941 2611 τοῦ
2965 2559 3115 2611 οἴκου
3145 2558 3321 2629 κρίνει
3366 2558 3700 2630 ἀπόϐλητον,

2114 2652 2190 2716 ὡς
2204 2655 2270 2723 τῇ
2293 2651 2599 2721 ἀναλωτικῇ
2630 2648 2725 2702 τοῦ
2761 2649 2931 2720 πυρὸς
2965 2648 3188 2719 δυνάμει
3214 2652 3282 2721 τῇ
3320 2648 3696 2721 δοκιμαζούσῃ

2115 2743 2174 2795 τὸ
2215 2742 2375 2814 ἔργον
2421 2739 2890 2809 ὲνδαπανώμενον.
2947 2738 3085 2791 Ἀλλ’
3119 2738 3340 2806 οίδαμέν
3387 2757 3509 2793 τινα
3544 2741 3702 2806 ξύλου

2116 2834 2277 2904 φύσιν
2310 2835 2386 2905 μὴ
2416 2833 2774 2903 διαμένουσαν
2805 2832 2866 2884 ὲν
2892 2821 2937 2897 ᾧ
2958 2831 3127 2895 ἐστιν,
3153 2829 3288 2883 ἀλλά
3316 2830 3453 2901 πρὸς
3478 2814 3730 2905 χρυσὸν,ξ

2114 2896 2147 2997 ἦ
2169 2896 2431 2997 ἄργυρον,
2456 2896 2646 2995 ἧνάλλο
2672 2939 2722 2974 τι
2757 2920 2865 2983 τῶν
2889 2896 3085 2991 τιμίων
3099 2921 3299 2991 ἑαυτὴν
3324 2896 3698 2991 μεταϐάλλου-
3723 2896 3730 2957 ἶ

2116 3033 2235 3070 σαν.
2310 3015 2399 3068 Ἐν
2456 3015 2564 3085 γὰρ
2626 3016 2692 3084 τῇ
2719 3011 2957 3083 »μεγάλῃ
3014 3011 3107 3064 τοῦ
3141 3010 3276 3064 θεοῦ
3303 3012 3450 3083 οἰκίᾳ
3486 3013 3655 3082 φησὶν
3678 3014 3703 3063 ὀ

428 3131 553 3172 esse
583 3128 714 3171 vasa
741 3122 940 3169 natura
973 3128 1137 3170 aurea
1167 3120 1221 3169 et
1250 3121 1511 3185 argentea
1530 3114 1573 3146 "
1593 3157 1607 3182 ,
1639 3129 1835 3185 nempe
1857 3128 2011 3169 crea-

2126 3106 2446 3171 Ἀπόστολος
2468 3105 2537 3159 τὰ
2563 3106 2662 3176 μὲν
2689 3100 2828 3158 εἶναι
2845 3105 3023 3176 χρυσᾶ
3048 3106 3113 3176 τῇ
3146 3104 3327 3174 φύσει,
3360 3104 3455 3157 καὶ
3485 3106 3703 3175 ἀργυρᾶ.

416 3214 608 3262 'turam
633 3206 1014 3274 incorpoream
1050 3211 1106 3258 et
1137 3203 1538 3275 intelligentem
1580 3219 1677 3273 per
1695 3204 1810 3258 haec
1838 3203 2008 3258 tacite

428 3295 747 3369 significans
780 3294 1054 3359 fortasse;
1085 3309 1182 3365 per
1212 3294 1331 3350 haec
1360 3295 1539 3366 lignea
1570 3296 1699 3349 vero
1725 3302 1780 3349 et
1825 3293 2008 3348 fictilia

320 3425 332 3435 ς
410 3394 530 3444 'nos
549 3386 784 3442 fortasse
806 3385 1186 3450 subindicans,
1230 3400 1371 3455 quos
1399 3392 1644 3440 terrenos
1664 3383 1792 3440 fecit
1821 3382 2009 3439 inobo-

426 3478 633 3536 dientia
705 3485 760 3534 et
806 3476 1001 3533 ﬁctiles
1041 3483 1369 3546 :peccatum
1426 3482 1606 3530 autem
1662 3488 1760 3545 per
1801 3474 2006 3544 lignqu

424 3571 791 3627 commissum
835 3584 939 3626 nos
975 3569 1107 3625 fecit
1154 3583 1285 3626 vasa
1334 3568 1513 3640 lignea
1558 3582 1624 3623 ex
1668 3554 1872 3623 aureis.
1903 3567 2009 3621 Pro

425 3661 689 3734 dignitate
713 3670 894 3716 autem
921 3659 1165 3714 materiae
1184 3658 1398 3715 divisus
1433 3666 1517 3714 est
1544 3657 1710 3713 etiam
1743 3670 1881 3712 usus
1909 3671 2007 3711 va-

424 3769 630 3811 sorum.
652 3750 791 3807 Nam
829 3766 952 3822 quae
978 3758 1111 3807 sunt
1137 3766 1205 3807 ex
1236 3749 1551 3822 pretiosiori
1577 3748 1829 3815 materia,
1863 3747 2010 3803 ordi-

407 3850 551 3899 ‘nata
584 3849 715 3899 sunt
743 3852 797 3899 et
818 3842 1076 3912 deputata
1106 3839 1174 3894 ad
1196 3839 1458 3895 honorem
1483 3856 1498 3904 ;
1532 3838 1635 3892 alia
1664 3845 1849 3893 autem
1878 3846 2009 3892 sunt

423 3935 640 4004 abjecta
669 3933 740 3988 ad
772 3942 930 4002 turpe
960 3940 1015 3988 et
1042 3932 1467 4003 ignominiosum
1494 3929 1880 3986 ministerium.
1900 3927 2005 3984 Sed

407 4018 557 4094 'quid
580 4021 649 4077 de
682 4020 883 4076 talibus
904 4017 1039 4073 dicit
1063 4018 1305 4075 Paulus?
1334 4018 1432 4073 Est
1464 4019 1519 4072 in
1540 4020 1689 4074 vasis
1734 4025 2007 4088 potestate

410 4124 492 4169 ‘ex
507 4126 607 4169 sua
625 4110 783 4167 liberi
804 4110 1017 4165 arbitrii
1034 4109 1320 4174 electione,
1340 4110 1425 4165 vel
1450 4123 1677 4164 aureum
1704 4125 1771 4164 ex
1798 4109 2002 4179 ligneo,

412 4204 511 4261 vel
539 4209 856 4275 argenteum
883 4200 1001 4257 fieri
1026 4217 1093 4258 ex
1122 4200 1295 4256 fictili.
1340 4200 1545 4271 Siquis
1591 4201 1748 4264 enim,
1807 4199 2003 4270 inquit,

414 4296 657 4367 ‘seipsum
692 4292 1077 4358 emundarerit,
1115 4292 1219 4347 erit
1249 4308 1339 4347 vas
1386 4291 1611 4346 Domino
1643 4295 1696 4345 in
1730 4291 2005 4356 honorem,

411 4389 499 4443 'ad
524 4402 677 4443 omne
702 4400 831 4455 opus
854 4380 1052 4439 bonum
1079 4392 1333 4454 paratum
1350 4384 1415 4439 ³³.
1446 4381 1612 4439 Forte
1644 4397 1775 4455 ergo
1800 4398 1899 4454 per
1936 4397 2003 4438 ea

2120 3200 2310 3270 σκεύη,
2344 3201 2443 3271 τὴν
2468 3197 2782 3269 ἀσώματον,
2821 3192 2998 3267 οἶμαι,
3038 3196 3132 3250 καὶ
3178 3191 3371 3268 νοεράν
3402 3196 3583 3248 κτίσιν
3616 3195 3698 3247 διὰ

2115 3294 2319 3347 τούτων
2359 3290 2840 3358 ύπαινισσόμενος’
2880 3288 2948 3343 τά
2978 3284 3034 3342 δὲ
3057 3287 3244 3355 ξύλινά
3284 3305 3343 3341 τε
3368 3289 3696 3359 καιόστρά·

2115 3400 2259 3448 κινα,
2287 3383 2439 3454 ἡμᾶς
2468 3381 2609 3453 τάχα
2636 3380 2724 3434 διὰ
2750 3379 2953 3434 τούτων
2980 3379 3393 3449 ἀποσημαίνων,
3433 3379 3528 3443 οὓς
3558 3382 3696 3433 ἀπε-

2114 3475 2319 3543 γαίωσε
2367 3473 2464 3545 μὲν
2492 3474 2526 3543 ἡ
2565 3470 2818 3543 παρακοὴ
2857 3470 2951 3524 καὶ
2979 3470 3337 3541 ὀστρακίνους
3402 3471 3691 3542 ἐποίησεν·

2113 3572 2147 3639 ή
2181 3567 2340 3623 δὲδιά
2366 3565 2460 3620 τοῦ
2500 3564 2660 3633 ξύλου
2695 3563 2966 3636 ἁμαρτὰς,
2999 3562 3187 3628 ξύλινα
3219 3565 3368 3636 ἡμᾶς
3395 3564 3695 3636 σκεύηάντὶ

2114 3660 2330 3733 χρυσῶν
2364 3659 2757 3731 ἀπειργάσατο.
2788 3656 3136 3729 Μεμέρισται
3168 3656 3225 3710 δὲ
3249 3656 3383 3726 πρὸς
3410 3658 3511 3728 τὴν
3539 3658 3693 3724 ἀξίαν

2113 3754 2211 3825 τῆς
2228 3752 2360 3822 ῦλης
2379 3753 2473 3806 καὶ
2496 3752 2660 3823 ἡτῶν
2682 3748 2892 3803 σκευῶν
2916 3749 3132 3822 χρῆσις.
3155 3749 3236 3804 Τὰ
3258 3750 3357 3821 μὲν
3375 3750 3484 3821 γάρ
3500 3768 3693 3822 τιμιω-

2114 3842 2276 3914 τέρας
2307 3840 2462 3912 ύλης,
2511 3841 2592 3904 είς
2646 3838 2810 3911 τιμὴν
2841 3839 3215 3892 ἀποτέτακται
3241 3856 3256 3870 ·
3292 3840 3361 3894 τὰ
3388 3840 3445 3893 δὲ
3491 3843 3571 3905 είς
3594 3842 3691 3912 τὴν

2112 3936 2305 4006 ἄτιμον
2349 3931 2652 4003 ὑπηρεσίαν
2705 3932 3064 4003 ἀπέρριπται.
3103 3930 3264 3986 Ἀλλά
3308 3932 3360 3986 τί
3387 3947 3521 4003 φησι
3567 3933 3690 4005 περὶ

2112 4019 2220 4072 τῶν
2240 4016 2494 4072 τοιούτων
2518 4020 2545 4072 6
2562 4017 2771 4081 Παῦλος
2798 4035 2813 4082 ;
2851 4018 2975 4071 Ὅτι
3001 4017 3250 4084 ἐξουσίαν
3276 4019 3394 4090 ἔχει
3423 4020 3484 4073 τὸ
3499 4022 3689 4085 σκεῦος

2114 4112 2178 4165 ὲκ
2208 4110 2309 4180 τῆς
2363 4109 2499 4174 ίδίας
2546 4109 2937 4180 προαιρέσεως,
2969 4109 3002 4179 ἢ
3035 4108 3263 4180 χρύσεον
3311 4110 3433 4171 ἀπὸ,
3458 4111 3683 4177 ξυλίνου,

2112 4203 2146 4273 ἢ
2172 4201 2442 4273 ἀργύρεον
2466 4200 2559 4253 ἀπ’
2583 4200 2904 4270 ὀστρακίνου
2950 4199 3224 4268 γενέσθαι.
3268 4201 3408 4256 Ἐὰν
3438 4201 3549 4270 γάρ
3576 4220 3682 4268 τις.

2113 4313 2186 4367 φη
2193 4294 2297 4355 σὶν,
2322 4290 2621 4363 ἐκκαθάρῃ
2636 4291 2873 4354 ἑαυτὸν,
2891 4290 3064 4345 ἔσται
3077 4291 3299 4357 σκεῦος
3314 4294 3399 4359 είς
3412 4293 3596 4363 τιμὴν
3611 4292 3686 4357 τῷ

2112 4386 2408 4455 Δεσπότῃ,
2445 4383 2595 4454 πρὸς
2632 4384 2756 4441 πᾶν
2776 4383 2955 4452 ἔργον
2975 4382 3201 4452 ἀγαθὸν
3223 4384 3678 4454 ἡτοιμασμένον.

412 4492 549 4553 quae
568 4480 714 4536 dicta
739 4485 887 4543 sunt,
921 4475 1246 4532 adducimur
1269 4474 1337 4531 ad
1360 4473 1691 4547 propositam
1715 4474 1836 4545 ejus
1856 4474 2004 4546 quod

2117 4480 2265 4552 Τάχα
2289 4480 2468 4534 τοίνυν
2496 4477 2584 4531 διά
2604 4477 2711 4531 τῶν
2732 4476 3037 4548 εἰρημένων
3065 4478 3451 4549 προσαγόμεθα
3475 4496 3594 4543 πως
3617 4480 3679 4548 τῇ

427 4573 625 4627 lectum
656 4577 741 4627 est
772 4568 1308 4639 contemplationem.
1346 4565 1503 4623 Mons
1519 4561 1767 4622 Libanus
1786 4567 1841 4621 in
1865 4567 2005 4621 mul—

412 4661 497 4716 'tis
526 4661 665 4716 locis
686 4660 895 4717 sanctae
925 4657 1232 4730 "Scriptum
1275 4664 1756 4722 commemoratur,
1803 4657 1869 4712 ad
1923 4658 2005 4711 in-

414 4750 716 4807 dicandum
745 4751 1109 4806 adversariam
1137 4756 1480 4820 potestatem,
1532 4756 1592 4802 ut
1616 4747 1837 4829 quando
1869 4747 2004 4803 dicit

415 4849 524 4912 per
568 4839 895 4910 Prophetam
932 4858 944 4893 :
979 4837 1224 4893 Conteret
1259 4837 1518 4891 Dominus
1558 4837 1743 4891 cedro:
1785 4834 2002 4902 Libani,

423 4944 474 4989 et
507 4932 826 4989 comminuet
854 4947 944 4986 eas
987 4939 1037 4985 et
1088 4927 1348 4983 Libanum
1387 4940 1446 4982 ut
1493 4928 1713 4982 vitulum
1758 4929 2000 4993 illum“,

412 5028 517 5100 "qui
542 5025 753 5083 scilicet
785 5022 886 5077 fuit
915 5038 943 5076 a
981 5021 1129 5078 Mose
1158 5022 1529 5078 comminatus
1562 5022 1617 5076 in
1658 5022 1899 5085 deserto,
1950 5028 2001 5075 et

421 5128 648 5193 propter
696 5116 1052 5175 subtilitatem
1088 5113 1265 5171 factus
1291 5114 1395 5170 fuit
1420 5116 1677 5187 potabilis
1712 5114 1998 5170 Israelitis.

420 5214 522 5270 Hic
566 5211 710 5268 enim
747 5209 1091 5281 signiﬁcatur
1139 5223 1235 5278 per
1284 5208 1647 5279 prophetiam,
1706 5207 1851 5277 quod
1886 5221 1998 5261 non

421 5306 599 5361 solum
630 5304 773 5359 mala
798 5318 922 5373 quae
951 5309 1071 5357 orta
1111 5308 1240 5356 sunt
1270 5317 1336 5356 ex
1362 5300 1677 5356 adversaria
1705 5307 1995 5369 potestate.

422 5396 516 5452 sed
551 5398 716 5451 etiam
746 5395 864 5465 ipse
891 5408 1050 5449 mons
1071 5392 1247 5461 prima
1276 5390 1404 5444 mali
1434 5390 1589 5445 radix
1613 5388 1880 5454 Libanus,
1903 5390 1997 5459 qui

423 5488 562 5541 clam
594 5484 739 5541 fovet
782 5483 1050 5553 ejusmodi
1101 5482 1360 5536 arborum
1412 5480 1631 5547 silvam,
1668 5480 1735 5535 ad
1766 5481 1996 5535 nihilum

425 5578 717 5647 redigetur.
747 5574 860 5631 Nos
892 5590 1022 5648 ergo
1057 5575 1264 5630 fuimus
1293 5573 1508 5644 quidem
1541 5572 1997 5645 aliquandoligna

496 5689 541 5758 '_'
595 5688 772 5742 Galat.
837 5703 875 5752 ι,
927 5691 1018 5745 ‘20.
1144 5691 1188 5724 ³ο
1244 5688 1287 5743 ll
1336 5690 1463 5745 Cor.
1521 5682 1613 5758 ιιιῖ
1638 5690 1723 5745 1‘2.

431 5756 477 5788 ’δ
507 5755 650 5810 l‘sal.
684 5771 880 5819 xxvm,
921 5760 953 5813 5
982 5762 1104 5830 sqq.
1315 5770 1329 5779 ‘

1849 5691 1892 5722 ³¹
1930 5690 2096 5748 lCor.
2146 5704 2240 5756 ιιι,
2271 5687 2357 5741 12.

2110 4568 2445 4642 προκειμένῃ
2473 4567 2675 4639 θεωρίᾳ
2704 4564 2799 4620 τοῦ
2834 4566 3014 4635 λόγου.
3054 4566 3128 4619 Τὸ
3156 4566 3282 4637 δρος
3314 4570 3342 4620 6
3370 4567 3601 4632 Λίϐανος
3625 4568 3678 4621 ἐν

2107 4659 2319 4724 πολλοῖς
2347 4660 2446 4730 τῆς
2471 4658 2631 4727 ἀγίας
2654 4657 2874 4729 Γραφῆς
2896 4658 2973 4722 εἰς
2998 4656 3219 4722 ἔνδειξιν
3243 4661 3341 4728 τῆς
3370 4658 3677 4730 ἀντικειμέ-

2104 4770 2205 4824 νης
2252 4750 2539 4821 δυνάμεως
2590 4747 3016 4820 μνημονεύεται·
3050 4749 3127 4813 ὡς
3152 4750 3278 4804 ὅταν
3306 4750 3450 4819 λέγει
3475 4750 3562 4803 διά
3587 4749 3674 4803 τοῦ

2106 4843 2389 4915 Προφήτου
2410 4858 2423 4871 ο
2452 4841 2535 4894 ὅτι
2570 4841 2888 4908 Συντρίψει
2916 4841 3129 4909 Κύριος
3156 4842 3265 4907 τὰς
3300 4840 3550 4910 κέδρους
3574 4841 3674 4896 τοῦ

2110 4930 2389 4995 Λιϐάνου,
2410 4928 2507 4984 καὶ
2522 4928 2808 4984 λεπτυνεῖ
2820 4927 3007 4995 αὐτάς
3018 4945 3081 4983 τε
3096 4929 3194 4983 καὶ
3213 4929 3320 4984 τόν
3334 4932 3592 4985 Λίϐανον
3601 4931 3674 4995 ὡς

2108 5024 2216 5077 τὸν
2234 5023 2477 5091 μόσχον
2501 5019 2760 5084 ἐκεῖνον,
2795 5019 2996 5091 δηλαδὴ
3029 5020 3120 5073 τὸν
3143 5021 3201 5073 ὲν
3213 5023 3281 5091 τῇ
3304 5021 3496 5092 ἐρήμῳ
3516 5037 3670 5075 κατα-

2107 5112 2400 5167 λεανθὲντα
2429 5111 2534 5165 ὑπὸ
2559 5110 2651 5164 τοῦ
2675 5109 2971 5175 Μωῦσέως,
3009 5112 3102 5165 καὶ
3125 5111 3351 5182 πότιμον
3375 5112 3462 5166 διά
3488 5110 3672 5167 λεπτὸι

2106 5222 2246 5277 τητα
2281 5205 2393 5267 τοῖς
2433 5202 2792 5275 Ἰσραηλίταις
2825 5203 3133 5274 γενόμενον.
3159 5203 3422 5274 Δηλοῦται
3442 5204 3549 5275 γὰρ
3576 5193 3671 5256 ὧδε

2104 5298 2192 5352 διά
2240 5297 2344 5368 τῆς
2386 5294 2719 5366 προφητείας
2768 5294 2849 5347 ὅτι
2876 5295 2936 5346 οὐ
2966 5294 3126 5364 μόνον
3149 5294 3217 5348 τά
3235 5294 3508 5364 ὲκφυέντα
3533 5293 3673 5365 παρά

2104 5390 2204 5461 τῆς
2233 5387 2615 5457 ἀντικειμένης
2659 5385 2943 5457 δυνάμεως
2983 5386 3150 5451 κακὰ,
3181 5386 3319 5441 ἀλλά
3344 5386 3441 5440 καὶ
3467 5387 3597 5440 αὐτὸ
3618 5384 3673 5437 τὸ

2105 5481 2229 5553 ὅρος
2249 5481 2282 5551 ἡ
2306 5478 2493 5550 πρώτη
2518 5476 2613 5531 τοῦ
2635 5475 2807 5531 κακοῦ
2836 5477 2982 5549 ῥίζα,
3004 5479 3033 5531 6
3048 5477 3298 5542 Λίϐανος,
3314 5479 3343 5531 6
3360 5477 3672 5551 ὑποτρέφων

2106 5569 2215 5625 τῶν
2237 5568 2493 5623 τοιούτων
2516 5568 2749 5639 δένδρων
2768 5567 2866 5639 τὴν
2890 5567 3043 5639 ὓλην,
3071 5570 3152 5633 είς
3168 5568 3229 5623 τὸ
3245 5568 3323 5640 μὴ
3341 5568 3401 5623 δν
3420 5569 3672 5640 περιπή-

2466 5692 2510 5723 ³¹
2552 5691 2595 5745 ll
2652 5688 2889 5745 Timoth.
2965 5703 3027 5754 tt,
3086 5685 3179 5743 ‘20.
3294 5687 3338 5720 ³³
3392 5689 3524 5746 ibid.
3587 5688 3670 5743 2|.
