3866 6352
167 466 292 526 915

1232 483 1296 538 IN
1330 482 1626 540 CANTlC-A
1656 481 1927 543 CANTlC.
1972 486 2258 543 HUMlLlA
2299 489 2411 547 VII.

3354 495 3461 550 9H

171 604 366 643 σεται.
392 588 602 644 Οὐκοῦν
633 595 792 664 ἡμεῖς
822 593 969 669 ἦμέν
999 618 1129 654 ποτε
1156 600 1250 655 τοῦ
1273 601 1505 656 Λιϐάνου
1531 602 1596 657 τὰ
1623 603 1774 670 ξύλα,

1890 604 2092 670 Libani,-
2124 615 2182 660 ιιι
2207 608 2298 678 qni
2329 608 2383 662 in
2414 608 2508 664 illo
2544 610 2757 667 radices
2780 612 3107 682 egissemus,
3135 629 3230 683 per
3261 615 3459 670 malam

152 680 294 743 εὲως
324 683 383 734 ὲν
408 682 603 754 ἐκείνῳ
634 682 776 756 ἦμεν
804 690 1182 762 ἐρριζωμένοι,
1206 692 1295 747 διά
1328 710 1386 745 τε
1416 694 1509 747 τοῦ
1536 695 1771 766 πονηροῦ

174 770 338 840 βίου,
372 775 584 846 καὶτῆς
602 776 710 831 τῶν
736 779 967 834 εἰδώλων
997 783 1212 854 ἀπάτης
1234 802 1247 814 ο
1270 784 1384 838 ἀλλ’
1416 785 1604 855 ἐπειδὴ
1634 789 1776 839 ἐκεῖ·

174 861 280 919 θεν
326 863 433 916 ὑπὸ
482 866 581 936 τῆς
620 867 845 941 λογικῆς
892 871 1081 944 ἀξίνης
1122 873 1521 946 ὲξετμήθημεν,
1571 877 1665 929 καὶ
1718 880 1775 930 ἐν

174 956 310 1016 ταῖς
355 956 511 1025 χερσὶ
548 958 640 1010 τοῦ
681 959 923 1031 τεχνίτου
974 964 1295 1035 ἐγενόμεθα,
1334 970 1549 1037 φορεῖον
1581 969 1773 1022 ἑαυτοῦ

175 1043 346 1113 ἡμᾶς
379 1047 622 1117 ἐποίησε,
656 1053 1146 1124 μεταστοιχειώσας
1175 1055 1267 1108 τοῦ
1302 1056 1460 1122 ξύλου
1491 1057 1588 1129 τὴν
1618 1058 1776 1127 φύσιν

176 1134 274 1186 διὰ
311 1137 415 1207 τῆς
465 1140 881 1209 παλιγγενεσίας
918 1146 996 1208 εἰς
1033 1145 1295 1217 ἀργύριόν
1326 1165 1384 1201 τε
1414 1148 1505 1202 καὶ
1536 1150 1777 1220 χρυσίον,

177 1225 283 1277 καὶ
317 1227 401 1289 εἰς
428 1228 626 1300 εὐανθῆ
658 1233 964 1303 πορφύραν,
1000 1230 1095 1288 καὶ
1127 1239 1206 1300 εἰς
1226 1238 1325 1301 τὰς
1349 1238 1457 1291 τῶν
1488 1238 1651 1292 λίθων
1683 1241 1779 1293 αὐ-

178 1314 293 1382 γάς
318 1332 333 1343 ·
366 1316 457 1367 καὶ
483 1315 671 1389 ὥσπερ
700 1324 861 1390 φησὶν
906 1326 933 1376 6
980 1325 1318 1392 Ἀπόστολος,
1355 1328 1435 1381 ὅτι
1466 1330 1779 1397 Καταλλή-

178 1405 316 1469 ,κως
346 1404 623 1473 ἐμέρισεν
644 1409 926 1479 ἐκάστῳό
953 1413 1097 1480 Θεὸς
1118 1416 1227 1480 τὰς
1252 1418 1363 1471 τοῦ
1389 1418 1560 1488 ἁγίου
1590 1422 1779 1474 Hreu-

180 1510 386 1564 ματος
417 1496 667 1566 δωρεάς·
729 1504 824 1556 καὶ
847 1498 892 1573 ᾧ
927 1505 1025 1576 μὲν
1062 1506 1246 1562 δίδωσι
1275 1512 1612 1582 προφητείαν
1638 1515 1780 1569 κατὰ

180 1584 290 1656 τὴν
313 1587 608 1657 ἀναλογίαν
658 1592 757 1664 τῆς
798 1594 1064 1662 πίστεως·
1116 1600 1259 1670 ἄλλῳ
1306 1601 1362 1654 δὲ
1415 1601 1542 1659 ἄλλο
1568 1622 1620 1658 τι
1671 1605 1782 1659 τῶν

184 1679 613 1751 ἐνεργημάτων,
668 1685 804 1755 πρὸς
832 1686 860 1739 ὃ
893 1689 1133 1759 πέφυκέν
1179 1709 1235 1746 τε
1272 1695 1365 1748 καὶ
1401 1694 1624 1751 δύναται
1654 1696 1784 1751 ἕκα-

188 1784 324 1832 στος
355 1772 457 1842 τὴν
483 1774 643 1845 χάριν
694 1776 969 1844 δέξασθαι,
1011 1783 1050 1853 ἢ
1074 1784 1348 1856 ὀφθαλμὸς
1388 1786 1484 1840 τοῦ
1534 1788 1783 1860 σώματος

185 1862 295 1932 τῆς
335 1864 663 1935 Ἐκκλησίας
702 1869 1009 1941 γινόμενος,
1058 1875 1090 1943 ἢ
1130 1877 1210 1939 είς
1241 1880 1395 1948 χεῖρα
1427 1879 1778 1945 τασσόμενος,

1884 696 2067 761 vitam,
2098 705 2152 752 et
2198 714 2293 770 per
2349 698 2593 759 fraudem
2634 701 2943 758 daemonum
2980 721 2993 757 :
3029 703 3125 759 sed
3163 712 3460 774 postquam

1881 787 2030 841 illinc
2063 803 2094 841 a
2128 790 2358 846 rationis
2405 792 2670 862 participe
2710 794 2890 849 securi
2933 794 3105 855 excisi
3150 807 3365 862 sumus,
3406 804 3463 853 et

1884 878 2084 935 fuimus
2108 880 2162 934 in
2194 880 2451 939 manilius
2481 884 2733 952 artificis,
2791 886 2838 942 is
2868 901 2967 941 nos
2995 902 3157 943 suum
3187 887 3316 943 fecit
3355 886 3464 949 fer-

1859 971 2087 1035 .eulum,
2136 982 2503 1027 transmutata
2538 975 2669 1047 ligni
2713 986 2906 1032 natura
2964 994 3060 1049 per
3094 980 3465 1051 regeneratio-

1884 1077 2006 1116 nem
2040 1063 2092 1117 in
2133 1073 2420 1136 argentum
2478 1077 2532 1123 et
2574 1084 2791 1133 aurum,
2842 1079 2899 1125 et
2941 1070 3225 1129 ﬂorentem
3265 1089 3464 1145 purpu-

1884 1170 2023 1217 ram,
2059 1162 2112 1210 et
2162 1157 2217 1211 in
2255 1158 2606 1227 splendorem
2648 1178 3028 1233 gemmarum;
3068 1175 3122 1223 et
3157 1167 3300 1223 sicut
3331 1166 3467 1224 dicit

1888 1242 2185 1314 Apostolus
2227 1246 2293 1311 ³⁵,
2342 1244 2718 1303 Οοηυεηὶεηηιεν
2770 1252 3050 1322 unicuique
3096 1251 3277 1308 divisit
3315 1252 3460 1308 Deus

1890 1335 2037 1387 dona
2080 1335 2253 1388 sancti
2298 1334 2529 1405 Spiritus
2568 1347 2671 1393 :et
2703 1339 2794 1391 alii
2825 1341 3046 1409 quidem
3092 1341 3186 1396 dat
3223 1343 3461 1414 prophe-

1888 1426 2019 1491 tiam
2067 1433 2462 1486 convenienter
2496 1433 2836 1502 proportioni
2873 1434 3031 1500 tidei;
3075 1434 3168 1488 alii
3194 1450 3325 1489 vero
3364 1434 3468 1489 ali-

1887 1533 2051 1587 quam
2092 1520 2253 1578 aliam
2285 1522 2680 1590 Operationcm,
2731 1531 2898 1593 prout
2944 1532 3033 1579 est
3090 1525 3470 1596 unusquisque

1888 1617 2049 1685 aptus
2082 1619 2297 1681 natura,
2332 1622 2385 1665 et
2420 1622 2601 1683 potest
2649 1615 2936 1684 suscipere
2963 1617 3217 1686 gratiam,
3263 1624 3322 1671 ut
3374 1615 3469 1687 qui

1889 1702 2303 1773 veloulinetur
2345 1705 2538 1759 oculus
2599 1704 2879 1771 Ecclesiae,
2943 1707 3025 1762 vel
3071 1706 3247 1763 locum
3291 1715 3471 1762 teneat

1892 1808 2176 1857 manuum,
2221 1796 2303 1849 vel
2360 1797 2482 1850 loco
2548 1796 2700 1866 pedis
2746 1796 2937 1863 fulciat
2972 1813 3036 1852 ac
3075 1798 3316 1855 stabiliat
3347 1799 3470 1855 :_ita

1891 1887 2054 1939 etiam
2097 1887 2150 1939 in
2205 1886 2398 1941 ferculi
2447 1891 2862 1957 constructione
2910 1890 3057 1947 aliud
3116 1891 3333 1961 quidem
3386 1897 3470 1946 est

186 1953 222 2026 ἢ
273 1956 404 2008 ἀντὶ
461 1960 619 2022 ποδὸς
676 1962 1091 2035 ὑποστηρίζων·
1150 1958 1294 2022 οὕτω
1334 1971 1429 2023 καὶ
1477 1972 1537 2025 ὲν
1576 1975 1640 2043 τῇ
1691 1974 1783 2027 τοῦ

1890 1977 2165 2041 columna,
2213 1979 2361 2031 aliud
2410 1994 2538 2041 vero
2581 1996 2869 2045 ascensus,
2916 1981 3062 2034 aliud
3103 1996 3230 2036 vero
3275 1989 3359 2036 est
3408 1996 3469 2035 ea

190 2049 424 2120 φορείου
455 2058 789 2125 κατασκευῇ,
828 2060 857 2110 6
897 2056 995 2128 μέν
1030 2077 1112 2124 τις
1147 2061 1356 2126 στύλος,
1391 2066 1418 2117 6
1447 2063 1504 2118 δὲ
1534 2065 1786 2131 ἐπίϐασις

188 2140 413 2209 γίνεται
433 2159 446 2173 ·
476 2143 661 2216 ἕτερος
699 2146 756 2200 δὲ
787 2149 848 2201 τὸ
887 2151 1023 2222 πρὸς
1056 2154 1121 2222 τῇ
1156 2155 1362 2227 κεφαλῇ
1404 2156 1566 2228 μέρος
1598 2157 1627 2210 ὃ
1660 2159 1788 2213 ἀνά-

192 2233 385 2287 κλιτον
441 2237 881 2309 προσηγόρευσεν
904 2257 915 2268 ·
941 2244 1047 2296 εἰσὶ
1093 2234 1149 2296 δέ
1182 2263 1325 2310 τινες
1362 2248 1410 2300 οἱ
1446 2251 1525 2312 είς
1553 2249 1614 2302 τὸ
1639 2250 1788 2314 ἐντὸς

190 2325 546 2395 τεταγμένοι.
573 2322 672 2382 Ὦν
703 2330 956 2385 ἁπάντων
976 2335 1120 2388 κατά
1145 2353 1266 2390 τινα
1293 2338 1449 2407 λόγον
1479 2343 1507 2392 ὁ
1536 2341 1788 2413 τεχνίτης

192 2416 256 2469 οὐ
286 2419 543 2491 μονοειδῆ
568 2423 705 2493 πρὸς
728 2425 819 2478 τὸν
844 2428 1233 2502 καλλωπισμὸν
1258 2434 1464 2486 ἐπινοεί
1485 2435 1584 2504 τὴν
1606 2435 1739 2506 ὕλην
1771 2455 1782 2466 ·

192 2506 336 2561 ἀλλά
368 2509 551 2564 πάντα
590 2512 690 2581 μὲν
720 2521 1149 2589 κατακοσμεῖται
1175 2520 1252 2592 τῷ
1285 2522 1470 2577 κάλλει
1495 2542 1508 2555 ·
1531 2525 1787 2600 διάφορος

110 2644 117 2647 ν
194 2597 259 2650 δὲ
286 2601 385 2653 καὶ
411 2600 744 2675 κατάλληλος
776 2609 992 2681 ἑκάστῳ
1025 2612 1228 2666 τούτων
1258 2615 1552 2671 ἐπινοεῖται
1579 2622 1611 2688 ἡ
1646 2618 1781 2691 ὥρα.

195 2690 322 2743 Είσὶ
367 2693 553 2748 τοίνυν
589 2696 851 2770 ἀργύριον
896 2702 993 2772 μὲν
1015 2705 1063 2756 ot
1096 2703 1280 2757 στύλοι
1312 2706 1407 2760 τοῦ
1442 2694 1660 2778 φορείου
1683 2726 1696 2738 ο
1728 2712 1785 2764 αἱ

196 2781 254 2835 δὲ
273 2783 488 2839 τούτων
518 2788 796 2855 ἐπιϐάσεις
830 2794 1083 2865 πορφύρα
1106 2812 1118 2825 ·
1148 2797 1211 2849 ἐκ
1241 2799 1464 2868 χρυσίου
1490 2800 1547 2853 δὲ
1577 2802 1635 2855 τὸ
1657 2803 1787 2856 ἀνά-

196 2870 385 2927 κλιτον
408 2874 470 2926 τὸ
497 2878 562 2947 τῇ
588 2879 794 2950 κεφαλῇ
824 2882 1134 2949 ὐποὸαῖνον,
1166 2887 1224 2937 ὲν
1250 2878 1294 2952 ᾧ
1328 2888 1497 2942 κλίνει
1540 2891 1639 2962 τὴν
1658 2893 1783 2945 ἐαυ-

196 2961 294 3015 τοῦ
319 2967 566 3039 κεφαλὴν
583 2971 613 3022 6
637 2973 895 3042 νυ”μφίος·
918 2979 1031 3040 τοῖς
1049 2977 1104 3031 δὲ
1131 2982 1334 3050 τιμίοις
1363 2982 1533 3046 λίθοις
1548 2961 1609 3037 τδ
1637 2985 1785 3042 ἔνδον

198 3052 349 3109 ἅπαν
382 3062 884 3119 καταποικίλλεται.
911 3068 1122 3124 Οὐκοῦν
1155 3072 1379 3136 στύλους
1408 3073 1507 3143 μὲν
1541 3077 1783 3147 νοητέον,

198 3146 325 3209 τοὺς
366 3148 595 3215 στύλους
625 3152 726 3223 τῆς
767 3155 1112 3227 Ἐκκλησίας,
1143 3155 1224 3225 οἷς
1255 3163 1499 3234 ἀκριϐῶς
1526 3166 1585 3219 τὸ
1618 3146 1787 3237 ἀργύ-

1891 2084 2018 2138 pars
2048 2085 2166 2139 ῳιιο
2197 2080 2280 2128 est
2311 2069 2379 2123 ad
2406 2078 2589 2139 caput,
2616 2087 2777 2141 quam
2805 2074 3475 2143 vocavitreclinatorium,

1890 2159 1979 2212 alii
2030 2171 2211 2214 autem
2256 2172 2385 2215 sunt
2422 2162 2680 2216 collocati
2720 2162 2889 2218 intus.
2928 2164 3172 2231 Quorum
3222 2164 3469 2220 omnium

1889 2248 2122 2323 quadam
2157 2250 2369 2306 ratione
2395 2255 2849 2323 compositionem
2884 2253 3082 2309 artifex
3121 2271 3229 2309 non
3261 2255 3469 2311 unifor-

1897 2341 2056 2395 miler
2087 2343 2359 2417 excogitat
2399 2346 2745 2401 solummodo
2774 2346 2839 2400 ad
2871 2353 3150 2410 ornatum,
3197 2346 3293 2402 sed
3314 2361 3470 2401 exor-

1887 2440 2089 2485 nantur
2121 2432 2340 2501 quidem
2362 2436 2545 2488 omnia
2571 2437 3014 2503 pulchritudine;
3048 2436 3269 2493 diversa
3285 2446 3469 2493 autem

1886 2529 1941 2575 et
1976 2522 2268 2601 unicuique
2292 2539 2481 2579 eorum
2508 2529 2840 2589 conveniens
2872 2530 3217 2599 excogitatur
3256 2530 3469 2598 elegan-

1890 2614 2059 2682 tia‘ct
2108 2613 2293 2670 decor.
2339 2617 2653 2688 Suntcrgo
2710 2629 2979 2690 argenteae
3024 2619 3245 2690 quidem
3278 2619 3469 2674 ferculi

1887 2707 2172 2770 columnae,
2209 2724 2395 2763 earum
2416 2720 2598 2764 autem
2619 2712 2879 2781 purpurei
2912 2728 3178 2773 ascensus
3205 2730 3217 2766 :
3244 2726 3469 2767 aureum
3570 2740 3581 2745 ι

1889 2804 2068 2851 autem
2102 2807 2187 2853 est
2221 2797 2634 2855 reclinatorium
2680 2802 2825 2872 quod
2860 2811 3135 2857 sustentat
3184 2811 3372 2873 caput,
3415 2803 3470 2856 in

1889 2901 1999 2957 quo
2038 2897 2204 2957 caput
2241 2905 2401 2944 suum
2447 2891 2678 2945 reclinat
2723 2909 2985 2963 sponsus:
3015 2894 3244 2962 gemmis
3288 2901 3471 2947 autem

1888 2985 1943 3032 et
1968 2978 2243 3048 lapidibus
2284 2983 2538 3047 pretiosis
2578 2984 2825 3038 variatur
2863 2984 3132 3055 quidquid
3174 2993 3260 3040 est
3302 2986 3469 3040 intus.

1891 3064 2031 3121 Sunt
2054 3084 2184 3140 ergo
2199 3067 2764 3136 columnae,Ecclesiae
2782 3076 3069 3140 columnaa,
3094 3075 3293 3145 quibus
3314 3076 3471 3145 plane

1890 3177 2086 3231 purum
2111 3170 2160 3217 et
2197 3164 2322 3234 igne
2348 3168 2717 3220 examinatum
2749 3179 3033 3236 argentum
3061 3179 3146 3222 est
3173 3166 3468 3249 eloquium.

203 3250 316 3330 ριον
342 3238 590 3311 καθαρόν
634 3261 693 3297 τε
720 3247 814 3299 καὶ
849 3252 1245 3323 πεπυρωμένον
1269 3258 1298 3308 6
1326 3256 1481 3327 λόγος
1510 3260 1678 3313 ἐστίν.
1722 3261 1785 3313 Ἠ

1890 3250 2140 3324 Purpura
2188 3265 2370 3311 autem
2422 3266 2576 3321 sunt,
2646 3260 2739 3330 qui
2788 3258 2853 3312 ad
2899 3259 3098 3327 regalis
3156 3244 3473 3330 reipublicae

198 3327 257 3380 δὲ
290 3332 554 3402 πορφύρα
592 3335 731 3388 εἰσιν
757 3338 807 3391 οἳ
830 3339 925 3409 τῆς
960 3340 1233 3411 βασιλείας
1261 3346 1320 3398 ἐν
1352 3347 1428 3417 τῷ
1464 3347 1652 3419 ὑψηλῷ
1679 3349 1781 3420 τῆς

1893 3361 2163 3400 summum
2223 3349 2448 3417 gradum
2493 3351 2882 3406 ascenderunt.
2949 3351 3289 3423 Przecipuum
3327 3353 3472 3407 enim

200 3420 483 3487 πολιτείας
526 3426 938 3501 ὲπιϐεὸήκασιν.
1002 3432 1310 3504 Ἐξαίρετον
1353 3438 1462 3510 γάρ
1499 3441 1789 3513 γνώρισμα

198 3513 296 3580 τῆς
338 3514 621 3585 βασιλείας
651 3521 685 3589 ὴ
717 3522 969 3593 πορφύρα
1000 3525 1300 3595 νομίζεται.
1343 3530 1415 3582 T6
1445 3531 1501 3583 δὲ
1529 3534 1785 3604 ὴγεμονιτ

201 3605 295 3674 κδν
314 3608 509 3676 αὐτοῦ,
527 3611 584 3665 ἐν
600 3605 645 3680 ᾧ
662 3613 759 3683 τὴν
797 3616 1035 3687 κεφαλὴν
1054 3618 1220 3672 αὐτοῦ
1244 3621 1413 3675 κλίνει
1440 3624 1469 3675 6
1489 3625 1549 3677 τὸ
1576 3630 1789 3697 φορεῖον

203 3701 647 3765 κατασκευάσας,
687 3705 748 3757 τὸ
793 3706 900 3759 τῶν
955 3709 1212 3779 καθαρῶν
1244 3713 1529 3783 δογμάτων
1566 3719 1789 3788 χρυσίον

202 3792 369 3845 ἐστίν.
411 3793 552 3847 Ὅσα
580 3795 638 3848 δὲ
668 3797 847 3869 ἀφανῆ
872 3817 931 3851 τε
957 3802 1052 3855 καὶ
1080 3803 1287 3874 κρύφια
1319 3810 1382 3876 τῇ
1410 3809 1624 3881 καθαρᾷ
1662 3828 1788 3865 συν-

203 3882 415 3954 ειδήσει
442 3883 547 3937 τῶν
581 3887 777 3957 τιμίων
822 3888 1005 3944 λίθωνΓ
1027 3893 1400 3964 ἐνωραῖξεται,
1428 3898 1494 3951 δι’
1515 3893 1590 3953 ὧν
1619 3903 1790 3969 ἁπάν-

204 3989 311 4027 των
342 3974 459 4029 ἀπὸ
500 3976 610 4031 τῶν
641 3977 956 4064 θυγατέρων
991 3983 1347 4064 Ἰερουσαλὴμ
1378 3991 1409 4060 ή
1445 3991 1634 4064 ἀγάπη
1670 4011 1791 4049 συν-

207 4063 442 4121 ίσταται.
477 4067 537 4121 El
561 4068 618 4122 δὲ
648 4063 889 4139 βούλοιτό
920 4091 1005 4139 τις
1028 4063 1240 4147 φορεῖον
1273 4080 1371 4149 μὲν
1408 4084 1587 4139 πᾶσαν
1610 4063 1790 4155 λέγειν

204 4152 302 4224 τὴν
344 4154 674 4227 Ἐκκλησίαν
695 4175 709 4190 ο
737 4163 1089 4232 καταμερίζοι
1116 4164 1173 4217 δὲ
1199 4169 1339 4221 κατά
1370 4169 1467 4234 τὰς
1498 4172 1604 4227 τῶν
1637 4152 1789 4248 ἐνερ-

206 4246 370 4311 γειῶν
415 4247 675 4319 διαφοράς
729 4254 809 4315 εἰς
854 4255 1123 4324 πρόσωπά
1169 4275 1289 4313 τινα
1331 4261 1424 4315 τοῦ
1464 4266 1681 4334 φορείου
1722 4246 1789 4321 τά

212 4334 374 4407 μέρη,
396 4338 474 4401 ὡς
498 4337 563 4408 δὴ
588 4341 718 4410 περὶ
750 4341 941 4395 τούτου
978 4346 1320 4419 προείρηται,
1350 4351 1551 4423 πολλὴν
1577 4356 1669 4407 καὶ
1696 4356 1789 4409 οὖ-

206 4442 315 4490 τως
338 4430 591 4483 εὐκολίαν
612 4433 641 4484 6
662 4432 819 4501 λόγος
850 4433 980 4504 ἔχει,
1013 4436 1228 4509 ἑκάστῳ
1249 4440 1491 4511 τάγματι
1520 4443 1791 4505 τῶνκατά

208 4518 305 4590 τὴν
356 4521 683 4593 Ἐκκλησίαν
724 4527 1071 4597 τεταγμένων
1100 4530 1409 4600 ἐφαρμόσαι
1439 4531 1545 4595 τοῦ,
1569 4537 1801 4606 φορείουρ

209 4610 275 4663 τὰ
299 4613 443 4686 μέρη
463 4630 479 4645 ο
530 4614 714 4678 καθώς
765 4634 931 4688 φησιν
965 4620 993 4671 6
1036 4621 1377 4687 Ἀπόστολος,
1407 4625 1490 4677 ὅτι
1520 4627 1727 4683 Ἕϐετο
1756 4633 1789 4684 ό

213 4702 357 4770 θεὸς
381 4707 453 4760 ἐν
473 4705 549 4776 τῇ
587 4707 930 4778 Ἐκκλησίᾳ,
955 4710 1190 4779 πρῶτον
1219 4713 1620 4784 ἀποστόλους,
1657 4719 1790 4774 δεύ-

209 4806 382 4858 τερον
406 4798 739 4867 προφήτας,
761 4802 963 4869 τρίτον
984 4800 1412 4870 διδασκάλους,
1444 4804 1635 4870 ἔπειτα
1664 4809 1785 4863 καθ’

210 4881 441 4942 ἕκαστον
488 4890 668 4945 πάντα
713 4893 852 4964 πρὸς
894 4893 986 4948 τὸν
1033 4896 1405 4967 καταρτισμὸν
1443 4899 1551 4953 τῶν
1592 4901 1783 4971 ἁγίων·

210 4972 284 5037 ὡς
306 4976 396 5032 διὰ
416 4979 526 5033 τῶν
558 4983 835 5052 ὀνομάτων
862 4983 969 5037 τῶν
996 4984 1132 5055 πρὸς
1148 4986 1246 5056 τὴν
1262 4987 1355 5040 τοῦ
1375 4990 1592 5059 φορείου
1620 5008 1787 5053 κατα-

215 5067 412 5140 σκευὴν
425 5071 819 5128 συντελούντων
838 5075 1018 5146 ἱερέας
1032 5075 1269 5129 νοεῖσθαι
1292 5079 1387 5131 καὶ
1410 5080 1783 5147 διδασκάλους,

213 5155 309 5209 καὶ
363 5161 463 5232 τὴν
515 5164 719 5234 σεμνὴν
771 5164 1068 5236 παρθενίαν
1105 5167 1204 5238 τὴν
1253 5168 1403 5232 ἐντὸς
1438 5170 1533 5237 τοῦ
1567 5172 1813 5243 φορείου

215 5245 543 5322 καθαρότητι
573 5253 682 5308 τῶν
728 5253 958 5333 ἀρετῶν,
992 5246 1111 5325 οἷόν⁴
1131 5275 1239 5311 τισι
1267 5257 1430 5313 λίθων
1469 5250 1667 5331 αὐγαῖς
1704 5264 1789 5317 ἐν·

214 5342 650 5410 αστράπτουσαν.

298 5429 457 5487 Ἀλλά
495 5436 626 5507 περὶ
686 5436 785 5507 μὲν
844 5437 1049 5492 τούτων
1088 5441 1343 5497 τοσαῦτα.
1394 5443 1455 5496 Ὀ
1494 5444 1552 5497 δὲ
1589 5444 1788 5517 ἐφεξῆς

218 5520 370 5591 λόγος
395 5528 712 5601 προτροπὴν
730 5531 973 5602 περιέχει
990 5532 1124 5603 πρὸς
1147 5533 1247 5598 τὰς
1267 5534 1568 5608 θυγατέρας
1602 5536 1791 5608 Ἰερου-

218 5612 399 5688 σαλὴμ
426 5618 576 5690 παρά
606 5618 706 5689 τῆς
739 5620 959 5692 νύμφης
979 5622 1276 5692 γινόμενος.
1309 5624 1398 5687 Ὠς
1422 5625 1530 5696 γὰρ
1558 5627 1586 5677 6
1614 5626 1789 5695 μέγας

168 5692 173 5697 ’
221 5701 427 5774 Παῦλος
452 5709 654 5782 ζημίαν
688 5713 890 5783 ἡγεῖτο,
914 5715 963 5767 εί
995 5713 1070 5784 μὴ
1099 5715 1234 5767 πᾶσι
1254 5713 1361 5770 τῶν
1389 5692 1531 5769 ἰδίων
1568 5692 1785 5785 ἀγαθῶν

1894 3441 2043 3507 regni
2078 3442 2291 3508 signum
2317 3452 2575 3496 censetur
2615 3458 2738 3497 esse
2782 3457 3043 3511 purpura.
3087 3444 3471 3514 Principatum

1890 3535 2071 3582 autem
2113 3528 2365 3584 obtinens
2401 3529 2659 3593 facultas,
2696 3530 2749 3583 in
2780 3545 2888 3599 qua
2913 3537 3080 3600 caput
3110 3546 3271 3584 suum
3308 3530 3474 3585 recli-

1892 3626 1983 3674 net
2010 3619 2056 3673 is
2088 3619 2173 3688 qui
2195 3622 2506 3675 construxit
2537 3621 2929 3687 ferculum,est
2957 3636 3222 3691 purorum
3250 3622 3472 3691 dogma-

1890 3715 2007 3762 tum
2039 3723 2254 3761 aurum.
2292 3710 2643 3781 Quaecunque
2677 3719 2860 3764 autem
2912 3713 3102 3779 latent,
3146 3719 3201 3768 et
3230 3728 3339 3767 non
3372 3728 3472 3783 ap-

1892 3807 2107 3868 parent,
2153 3798 2486 3854 decorantur
2540 3817 2675 3873 pura
2724 3818 3061 3871 gemmarum
3102 3803 3470 3867 conscientia,

1892 3904 1988 3958 per
2013 3905 2133 3959 qua:
2165 3891 2350 3945 omnia
2386 3893 2643 3948 consistit
2680 3895 2922 3951 charitas
2950 3914 3017 3961 ex
3041 3894 3255 3951 filiabus
3280 3895 3469 3951 Israel.

1894 3978 1954 4035 Si
1985 3983 2109 4052 quis
2144 3992 2325 4038 autem
2376 3984 2507 4038 velit
2544 3985 2812 4042 ferculum
2851 3988 3070 4061 quidem
3118 3987 3302 4043 dicere
3342 3987 3470 4040 uni-

1890 4088 2104 4128 versam
2152 4076 2477 4141 Ecclesiam,
2535 4078 2751 4134 dividat
2797 4089 2979 4135 autem
3042 4096 3112 4135 ex
3155 4078 3474 4135 ditferentiis

1893 4167 2278 4236 operationum
2330 4168 2385 4221 in
2428 4185 2719 4241 personas,
2747 4171 2981 4242 aliquas,
3033 4177 3223 4242 partes
3255 4171 3470 4235 ferculi,

1894 4265 1951 4312 ut
1984 4258 2099 4327 jam
2123 4259 2191 4326 de
2219 4275 2291 4317 eo.
2316 4262 2526 4327 dictum
2559 4272 2645 4318 est
2675 4274 2860 4329 antea,
2907 4265 2990 4320 sic
3023 4278 3243 4334 quoque
3274 4272 3359 4320 est
3391 4263 3473 4317 fa-

1890 4348 2158 4420 cillimum
2196 4351 2493 4421 unicuique
2523 4353 2704 4418 ordini
2748 4369 2936 4409 eorum
2967 4355 3061 4424 qui
3091 4362 3221 4409 sunt
3267 4354 3324 4422 in
3367 4352 3475 4409 Ec-

1890 4439 2054 4492 clesia
2085 4440 2342 4509 adaptare
2371 4453 2553 4510 partes
2585 4441 2778 4509 ferenti
2811 4458 2825 4495 :
2851 4442 3129 4513 quomodo
3158 4443 3294 4498 dicit
3323 4442 3473 4513 Apo-

1891 4530 2066 4585 stolus
2094 4549 2106 4583 :
2137 4530 2349 4602 Posuit,
2395 4531 2595 4602 inquit,
2652 4532 2795 4587 Deus
2832 4534 2887 4586 in
2932 4532 3470 4607 Ecclesia,hprimum

1893 4616 2180 4681 apostolos,
2216 4616 2443 4683 secundo
2488 4619 2792 4688 prophetas,
2847 4621 3002 4674 tertio
3042 4621 3284 4676 doctores
3304 4622 3371 4687 “,
3417 4630 3472 4677 et

1892 4704 2210 4775 singulatim
2244 4707 2427 4761 omnia
2452 4711 2519 4764 ad
2550 4711 2939 4779 perfectionem
2979 4723 3325 4781 sanctorum,
3393 4717 3469 4771 ita

1886 4804 1946 4850 ut
1977 4810 2074 4865 per
2102 4797 2204 4852 has
2236 4812 2419 4864 voces,
2472 4804 2910 4878 qutecunquead
2948 4806 3225 4876 opificium
3277 4809 3469 4864 ferculi

1883 4887 2539 4963 pertinent,sacerdotesﬁ
2580 4908 2645 4947 ac
2693 4893 2951 4963 doctores
2990 4897 3387 4971 intelligantur,
3416 4909 3471 4955 et

1882 4978 2253 5044 venerandam
2290 4980 2657 5051 virginitatem
2693 4999 2820 5041 esse
2867 4993 3198 5051 statuamus,
3249 5002 3369 5058 quae
3409 4988 3467 5042 in

1884 5068 2113 5135 ferculo,
2133 5071 2418 5141 _virtutum
2448 5076 2708 5144 puritate,
2737 5082 2996 5149 tanquam
3031 5080 3201 5135 radiis
3233 5079 3466 5147 quibus-

1889 5161 2014 5217 dam
2047 5162 2434 5236 pretiosiorum
2470 5165 2713 5236 lapidum
2745 5168 2976 5239 fulgeat.

1963 5446 2042 5501 Ac
2054 5445 2122 5499 de
2143 5445 2228 5503 his
2249 5447 2470 5517 quidem
2488 5447 2775 5505 hactenus.
2808 5448 2939 5514 Quae
2954 5457 3258 5518 sequuntur
3277 5449 3462 5515 verba,

1892 5536 2109 5606 prolata
2137 5538 2205 5591 ab
2237 5536 2353 5607 ipsa
2393 5553 2619 5608 sponsa,
2644 5539 3077 5595 exhortationem
3107 5539 3175 5593 ad
3205 5540 3348 5595 ﬁlias
3377 5537 3464 5595 Je-

1890 5626 2129 5681 t'usalem
2176 5629 2481 5682 continent.
2542 5627 2679 5683 Nam
2726 5629 3185 5701 quemadmodum
3235 5644 3464 5700 magnus

1889 5717 1979 5771 ille
2009 5715 2271 5772 Paulus"
2306 5733 2408 5788 pro
2434 5718 2637 5777 damno
2656 5719 2911 5790 ducebat,
2956 5722 3005 5780 si
3038 5736 3151 5780 non
3176 5734 3303 5777 cum
3339 5718 3465 5777 uni-

290 5881 333 5925 ”
387 5883 549 5960 Rom.
612 5906 711 5958 xu,
758 5893 791 5949 4
826 5908 947 5965 sqq.
1001 5895 1044 5929 ³⁸
1082 5893 1125 5948 ll
1208 5894 1335 5950 Cor.
1374 5912 1413 5963 ι,
1464 5896 1552 5966 12,
1586 5895 1676 5954 28.
1755 5899 1785 5932 ³⁵

1916 5898 2043 5957 Cor.
2103 5913 2204 5969 vn,
2252 5896 2305 5955 7.
2794 5898 2823 5927 ‘
