  <div class='ocr_page' id='page_1' title='image "/cluster/home/n/w/nwhite01/storage/ocr_20150623/44:no.1/coo.31924054869445/465.png"; bbox 0 0 3866 6360; ppageno 0'>
   <div class='ocr_carea' id='block_1_1' title="bbox 430 429 530 483">
    <p class='ocr_par' dir='ltr' id='par_1_1' title="bbox 430 429 530 483">
     <span class='ocr_line' id='line_1_1' title="bbox 430 429 530 483; baseline 0.01 -2"><span class='ocrx_word' id='word_1_1' title='bbox 430 429 530 483; x_wconf 59' lang='grc' dir='ltr'><strong>9ξῦ</strong></span> 
     </span>
    </p>
   </div>
   <div class='ocr_carea' id='block_1_2' title="bbox 1635 432 2384 497">
    <p class='ocr_par' dir='ltr' id='par_1_2' title="bbox 1635 432 2384 497">
     <span class='ocr_line' id='line_1_2' title="bbox 1635 432 2384 497; baseline 0.015 -10"><span class='ocrx_word' id='word_1_2' title='bbox 1635 432 1692 488; x_wconf 90' lang='lat' dir='ltr'><strong>S.</strong></span> <span class='ocrx_word' id='word_1_3' title='bbox 1735 434 2062 491; x_wconf 73' lang='lat' dir='ltr'><strong>GliEGORii</strong></span> <span class='ocrx_word' id='word_1_4' title='bbox 2088 438 2384 497; x_wconf 70' lang='lat' dir='ltr'><strong>NYSSENI</strong></span> 
     </span>
    </p>
   </div>
   <div class='ocr_carea' id='block_1_3' title="bbox 3594 455 3693 511">
    <p class='ocr_par' dir='ltr' id='par_1_3' title="bbox 3594 455 3693 511">
     <span class='ocr_line' id='line_1_3' title="bbox 3594 455 3693 511; baseline 0 0"><span class='ocrx_word' id='word_1_5' title='bbox 3594 455 3693 511; x_wconf 80' lang='lat' dir='ltr'><strong>9i6</strong></span> 
     </span>
    </p>
   </div>
   <div class='ocr_carea' id='block_1_4' title="bbox 423 543 2008 637">
    <p class='ocr_par' dir='ltr' id='par_1_4' title="bbox 423 543 1995 618">
     <span class='ocr_line' id='line_1_4' title="bbox 423 543 1995 618; baseline 0.005 -21"><span class='ocrx_word' id='word_1_6' title='bbox 423 544 601 601; x_wconf 87' lang='lat' dir='ltr'><strong>versis</strong></span> <span class='ocrx_word' id='word_1_7' title='bbox 641 544 784 598; x_wconf 83' lang='lat' dir='ltr'><strong>bona</strong></span> <span class='ocrx_word' id='word_1_8' title='bbox 833 558 930 598; x_wconf 89' lang='lat' dir='ltr'><strong>sua</strong></span> <span class='ocrx_word' id='word_1_9' title='bbox 965 543 1451 611; x_wconf 84' lang='lat' dir='ltr'><strong>communicasset,</strong></span> <span class='ocrx_word' id='word_1_10' title='bbox 1497 562 1672 618; x_wconf 86' lang='lat' dir='ltr'><strong>eaque</strong></span> <span class='ocrx_word' id='word_1_11' title='bbox 1717 550 1785 605; x_wconf 91' lang='lat' dir='ltr'><strong>de</strong></span> <span class='ocrx_word' id='word_1_12' title='bbox 1831 565 1995 608; x_wconf 86' lang='lat' dir='ltr'><strong>causa</strong></span> 
     </span>
    </p>
   </div>
   <div class='ocr_carea' id='block_1_5' title="bbox 2112 543 3692 637">
    <p class='ocr_par' dir='ltr' id='par_1_5' title="bbox 2112 555 3692 637">
     <span class='ocr_line' id='line_1_5' title="bbox 2112 555 3692 637; baseline 0.013 -31"><span class='ocrx_word' id='word_1_13' title='bbox 2112 555 2452 629; x_wconf 75' lang='grc' dir='ltr'>ἐκοινώνησε,</span> <span class='ocrx_word' id='word_1_14' title='bbox 2510 561 2589 618; x_wconf 83' lang='grc' dir='ltr'>διὸ</span> <span class='ocrx_word' id='word_1_15' title='bbox 2651 565 2718 618; x_wconf 77' lang='grc' dir='ltr'><strong>τὰ</strong></span> <span class='ocrx_word' id='word_1_16' title='bbox 2776 564 2998 631; x_wconf 68' lang='grc' dir='ltr'>τοιαῦτα</span> <span class='ocrx_word' id='word_1_17' title='bbox 3037 565 3175 636; x_wconf 85' lang='grc' dir='ltr'>πρὸς</span> <span class='ocrx_word' id='word_1_18' title='bbox 3222 567 3349 631; x_wconf 71' lang='grc' dir='ltr'>τοὺς</span> <span class='ocrx_word' id='word_1_19' title='bbox 3399 567 3692 637; x_wconf 73' lang='grc' dir='ltr'>ἀκούοντας</span> 
     </span>
    </p>
   </div>
   <div class='ocr_carea' id='block_1_6' title="bbox 425 635 2003 698">
    <p class='ocr_par' dir='ltr' id='par_1_6' title="bbox 425 635 2003 698">
     <span class='ocr_line' id='line_1_6' title="bbox 425 635 2003 698; baseline 0.006 -10"><span class='ocrx_word' id='word_1_20' title='bbox 425 635 604 690; x_wconf 83' lang='lat' dir='ltr'><strong>verbis</strong></span> <span class='ocrx_word' id='word_1_21' title='bbox 638 635 788 689; x_wconf 83' lang='lat' dir='ltr'><strong>hisce</strong></span> <span class='ocrx_word' id='word_1_22' title='bbox 814 635 882 688; x_wconf 91' lang='lat' dir='ltr'><strong>ad</strong></span> <span class='ocrx_word' id='word_1_23' title='bbox 901 635 1185 691; x_wconf 79' lang='lat' dir='ltr'><strong>audientes</strong></span> <span class='ocrx_word' id='word_1_24' title='bbox 1219 638 1513 695; x_wconf 87' lang='lat' dir='ltr'><strong>utebatur:</strong></span> <span class='ocrx_word' id='word_1_25' title='bbox 1558 638 1725 694; x_wconf 83' lang='lat' dir='ltr'><strong>Velim</strong></span> <span class='ocrx_word' id='word_1_26' title='bbox 1753 658 1840 696; x_wconf 82' lang='lat' dir='ltr'><strong>vos</strong></span> <span class='ocrx_word' id='word_1_27' title='bbox 1870 643 2003 698; x_wconf 78' lang='lat' dir='ltr'><strong>tales</strong></span> 
     </span>
    </p>
   </div>
   <div class='ocr_carea' id='block_1_7' title="bbox 424 722 2005 802">
    <p class='ocr_par' dir='ltr' id='par_1_7' title="bbox 424 722 2005 802">
     <span class='ocr_line' id='line_1_7' title="bbox 424 722 2005 802; baseline 0.008 -24"><span class='ocrx_word' id='word_1_28' title='bbox 424 728 543 794; x_wconf 81' lang='lat' dir='ltr'><strong>ﬁeri</strong></span> <span class='ocrx_word' id='word_1_29' title='bbox 566 726 742 796; x_wconf 85' lang='lat' dir='ltr'><strong>qualis</strong></span> <span class='ocrx_word' id='word_1_30' title='bbox 773 743 863 797; x_wconf 85' lang='lat' dir='ltr'><strong>ego</strong></span> <span class='ocrx_word' id='word_1_31' title='bbox 894 743 1034 794; x_wconf 85' lang='lat' dir='ltr'><strong>sum,</strong></span> <span class='ocrx_word' id='word_1_32' title='bbox 1091 743 1216 783; x_wconf 81' lang='lat' dir='ltr'><strong>cuin</strong></span> <span class='ocrx_word' id='word_1_33' title='bbox 1258 737 1313 784; x_wconf 85' lang='lat' dir='ltr'><strong>et</strong></span> <span class='ocrx_word' id='word_1_34' title='bbox 1369 722 1487 801; x_wconf 77' lang='lat' dir='ltr'><strong>ipse</strong></span> <span class='ocrx_word' id='word_1_35' title='bbox 1538 732 1838 802; x_wconf 84' lang='lat' dir='ltr'><strong>aliquando</strong></span> <span class='ocrx_word' id='word_1_36' title='bbox 1875 736 2005 792; x_wconf 83' lang='lat' dir='ltr'><strong>talis</strong></span> 
     </span>
    </p>
   </div>
   <div class='ocr_carea' id='block_1_8' title="bbox 426 808 2003 894">
    <p class='ocr_par' dir='ltr' id='par_1_8' title="bbox 426 808 2003 894">
     <span class='ocr_line' id='line_1_8' title="bbox 426 808 2003 894; baseline 0.006 -24"><span class='ocrx_word' id='word_1_37' title='bbox 426 819 640 883; x_wconf 81' lang='lat' dir='ltr'><strong>fuerim,</strong></span> <span class='ocrx_word' id='word_1_38' title='bbox 669 808 860 890; x_wconf 83' lang='lat' dir='ltr'><strong>quales</strong></span> <span class='ocrx_word' id='word_1_39' title='bbox 893 835 989 875; x_wconf 84' lang='lat' dir='ltr'><strong>vos</strong></span> <span class='ocrx_word' id='word_1_40' title='bbox 1022 822 1175 877; x_wconf 86' lang='lat' dir='ltr'><strong>estis.</strong></span> <span class='ocrx_word' id='word_1_41' title='bbox 1210 819 1341 877; x_wconf 90' lang='lat' dir='ltr'><strong>item</strong></span> <span class='ocrx_word' id='word_1_42' title='bbox 1369 839 1384 877; x_wconf 90' lang='lat'><strong>:</strong></span> <span class='ocrx_word' id='word_1_43' title='bbox 1420 820 1587 877; x_wconf 83' lang='lat' dir='ltr'><strong>Velim</strong></span> <span class='ocrx_word' id='word_1_44' title='bbox 1614 840 1703 879; x_wconf 75' lang='lat' dir='ltr'><strong>vos</strong></span> <span class='ocrx_word' id='word_1_45' title='bbox 1734 825 1851 894; x_wconf 82' lang='lat' dir='ltr'><strong>ﬁeri</strong></span> <span class='ocrx_word' id='word_1_46' title='bbox 1876 825 2003 879; x_wconf 87' lang='lat' dir='ltr'><strong>imi-</strong></span> 
     </span>
    </p>
   </div>
   <div class='ocr_carea' id='block_1_9' title="bbox 423 912 2006 986">
    <p class='ocr_par' dir='ltr' id='par_1_9' title="bbox 423 912 2006 986">
     <span class='ocr_line' id='line_1_9' title="bbox 423 912 2006 986; baseline 0.006 -24"><span class='ocrx_word' id='word_1_47' title='bbox 423 920 621 965; x_wconf 80' lang='lat' dir='ltr'><strong>tatores</strong></span> <span class='ocrx_word' id='word_1_48' title='bbox 656 912 779 978; x_wconf 80' lang='lat' dir='ltr'><strong>mei,</strong></span> <span class='ocrx_word' id='word_1_49' title='bbox 806 912 1255 983; x_wconf 83' lang='lat' dir='ltr'><strong>quemadmodum</strong></span> <span class='ocrx_word' id='word_1_50' title='bbox 1290 930 1385 986; x_wconf 85' lang='lat' dir='ltr'><strong>ego</strong></span> <span class='ocrx_word' id='word_1_51' title='bbox 1415 912 1620 969; x_wconf 82' lang='lat' dir='ltr'><strong>Christi</strong></span> <span class='ocrx_word' id='word_1_52' title='bbox 1661 931 1784 972; x_wconf 88' lang='lat' dir='ltr'><strong>sum</strong></span> <span class='ocrx_word' id='word_1_53' title='bbox 1823 917 2006 971; x_wconf 90' lang='lat' dir='ltr'><strong>imita-</strong></span> 
     </span>
    </p>
   </div>
   <div class='ocr_carea' id='block_1_10' title="bbox 422 1004 2002 1077">
    <p class='ocr_par' dir='ltr' id='par_1_10' title="bbox 422 1004 2002 1077">
     <span class='ocr_line' id='line_1_10' title="bbox 422 1004 2002 1077; baseline 0.004 -22"><span class='ocrx_word' id='word_1_54' title='bbox 422 1011 511 1056; x_wconf 85' lang='lat' dir='ltr'><strong>tor</strong></span> <span class='ocrx_word' id='word_1_55' title='bbox 534 1006 579 1042; x_wconf 66' lang='grc'><strong>³*</strong></span> <span class='ocrx_word' id='word_1_56' title='bbox 618 1004 741 1059; x_wconf 91' lang='lat' dir='ltr'><strong>:sic</strong></span> <span class='ocrx_word' id='word_1_57' title='bbox 768 1012 822 1059; x_wconf 90' lang='lat' dir='ltr'><strong>et</strong></span> <span class='ocrx_word' id='word_1_58' title='bbox 867 1005 1262 1077; x_wconf 80' lang='lat' dir='ltr'><strong>benignissima</strong></span> <span class='ocrx_word' id='word_1_59' title='bbox 1308 1007 1424 1061; x_wconf 67' lang='lat' dir='ltr'><strong>haec</strong></span> <span class='ocrx_word' id='word_1_60' title='bbox 1462 1022 1666 1077; x_wconf 89' lang='lat' dir='ltr'><strong>sponsa</strong></span> <span class='ocrx_word' id='word_1_61' title='bbox 1695 1007 2002 1064; x_wconf 88' lang='lat' dir='ltr'><strong>divinorum</strong></span> 
     </span>
    </p>
   </div>
   <div class='ocr_carea' id='block_1_11' title="bbox 422 1094 2002 1169">
    <p class='ocr_par' dir='ltr' id='par_1_11' title="bbox 422 1094 2002 1169">
     <span class='ocr_line' id='line_1_11' title="bbox 422 1094 2002 1169; baseline 0.004 -23"><span class='ocrx_word' id='word_1_62' title='bbox 422 1094 612 1163; x_wconf 83' lang='lat' dir='ltr'><strong>sponsi</strong></span> <span class='ocrx_word' id='word_1_63' title='bbox 651 1098 1039 1166; x_wconf 70' lang='lat' dir='ltr'><strong>mysteriorum</strong></span> <span class='ocrx_word' id='word_1_64' title='bbox 1076 1099 1354 1168; x_wconf 81' lang='lat' dir='ltr'><strong>particeps</strong></span> <span class='ocrx_word' id='word_1_65' title='bbox 1412 1096 1576 1164; x_wconf 83' lang='lat' dir='ltr'><strong>facta,</strong></span> <span class='ocrx_word' id='word_1_66' title='bbox 1648 1112 2002 1169; x_wconf 80' lang='lat' dir='ltr'><strong>posteaquam</strong></span> 
     </span>
    </p>
   </div>
   <div class='ocr_carea' id='block_1_12' title="bbox 422 1186 2004 1261">
    <p class='ocr_par' dir='ltr' id='par_1_12' title="bbox 422 1186 2004 1261">
     <span class='ocr_line' id='line_1_12' title="bbox 422 1186 2004 1261; baseline 0.005 -22"><span class='ocrx_word' id='word_1_67' title='bbox 422 1186 605 1241; x_wconf 87' lang='lat' dir='ltr'><strong>cubile</strong></span> <span class='ocrx_word' id='word_1_68' title='bbox 629 1189 1024 1258; x_wconf 82' lang='lat' dir='ltr'><strong>conspexit,ac</strong></span> <span class='ocrx_word' id='word_1_69' title='bbox 1055 1191 1200 1261; x_wconf 84' lang='lat' dir='ltr'><strong>regis</strong></span> <span class='ocrx_word' id='word_1_70' title='bbox 1247 1190 1512 1245; x_wconf 80' lang='lat' dir='ltr'><strong>ferculum</strong></span> <span class='ocrx_word' id='word_1_71' title='bbox 1560 1190 1753 1247; x_wconf 87' lang='lat' dir='ltr'><strong>cii&#39;ecta</strong></span> <span class='ocrx_word' id='word_1_72' title='bbox 1784 1198 1889 1258; x_wconf 89' lang='lat' dir='ltr'><strong>cst,</strong></span> <span class='ocrx_word' id='word_1_73' title='bbox 1937 1192 2004 1247; x_wconf 90' lang='lat' dir='ltr'><strong>ad</strong></span> 
     </span>
    </p>
   </div>
   <div class='ocr_carea' id='block_1_13' title="bbox 418 1279 2005 1352">
    <p class='ocr_par' dir='ltr' id='par_1_13' title="bbox 418 1279 2005 1352">
     <span class='ocr_line' id='line_1_13' title="bbox 418 1279 2005 1352; baseline 0.005 -21"><span class='ocrx_word' id='word_1_74' title='bbox 418 1279 746 1349; x_wconf 84' lang='lat' dir='ltr'><strong>juvenculas</strong></span> <span class='ocrx_word' id='word_1_75' title='bbox 774 1281 976 1337; x_wconf 82' lang='lat' dir='ltr'><strong>clamat</strong></span> <span class='ocrx_word' id='word_1_76' title='bbox 1016 1283 1093 1352; x_wconf 90' lang='lat' dir='ltr'><strong>(et</strong></span> <span class='ocrx_word' id='word_1_77' title='bbox 1129 1282 1336 1337; x_wconf 75' lang='lat' dir='ltr'><strong>fuerint</strong></span> <span class='ocrx_word' id='word_1_78' title='bbox 1388 1282 1620 1340; x_wconf 84' lang='lat' dir='ltr'><strong>forsitan</strong></span> <span class='ocrx_word' id='word_1_79' title='bbox 1660 1286 1743 1340; x_wconf 68' lang='lat' dir='ltr'><strong>[NB</strong></span> <span class='ocrx_word' id='word_1_80' title='bbox 1787 1287 2005 1339; x_wconf 89' lang='lat' dir='ltr'><strong>illorum</strong></span> 
     </span>
    </p>
   </div>
   <div class='ocr_carea' id='block_1_14' title="bbox 423 1366 2007 1446">
    <p class='ocr_par' dir='ltr' id='par_1_14' title="bbox 423 1366 2007 1446">
     <span class='ocr_line' id='line_1_14' title="bbox 423 1366 2007 1446; baseline 0.008 -28"><span class='ocrx_word' id='word_1_81' title='bbox 423 1366 618 1421; x_wconf 74' lang='lat' dir='ltr'><strong>animae</strong></span> <span class='ocrx_word' id='word_1_82' title='bbox 650 1368 744 1439; x_wconf 87' lang='lat' dir='ltr'><strong>qui</strong></span> <span class='ocrx_word' id='word_1_83' title='bbox 778 1371 1010 1426; x_wconf 86' lang='lat' dir='ltr'><strong>salutem</strong></span> <span class='ocrx_word' id='word_1_84' title='bbox 1058 1374 1528 1445; x_wconf 86' lang='lat' dir='ltr'><strong>consequuntur),</strong></span> <span class='ocrx_word' id='word_1_85' title='bbox 1566 1382 1620 1429; x_wconf 90' lang='lat' dir='ltr'><strong>et</strong></span> <span class='ocrx_word' id='word_1_86' title='bbox 1659 1393 1672 1428; x_wconf 90' lang='lat'><strong>:</strong></span> <span class='ocrx_word' id='word_1_87' title='bbox 1707 1375 2007 1446; x_wconf 86' lang='lat' dir='ltr'><strong>Quousque</strong></span> 
     </span>
    </p>
   </div>
   <div class='ocr_carea' id='block_1_15' title="bbox 422 1460 2008 1537">
    <p class='ocr_par' dir='ltr' id='par_1_15' title="bbox 422 1460 2008 1537">
     <span class='ocr_line' id='line_1_15' title="bbox 422 1460 2008 1537; baseline 0.005 -25"><span class='ocrx_word' id='word_1_88' title='bbox 422 1460 781 1528; x_wconf 89' lang='lat' dir='ltr'><strong>tandem,ait,</strong></span> <span class='ocrx_word' id='word_1_89' title='bbox 823 1463 965 1518; x_wconf 89' lang='lat' dir='ltr'><strong>intra</strong></span> <span class='ocrx_word' id='word_1_90' title='bbox 1021 1465 1145 1521; x_wconf 68' lang='lat' dir='ltr'><strong>vitae</strong></span> <span class='ocrx_word' id='word_1_91' title='bbox 1188 1467 1507 1537; x_wconf 88' lang='lat' dir='ltr'><strong>speluncam</strong></span> <span class='ocrx_word' id='word_1_92' title='bbox 1547 1466 1745 1523; x_wconf 66' lang='lat' dir='ltr'><strong>abditae</strong></span> <span class='ocrx_word' id='word_1_93' title='bbox 1787 1467 2008 1523; x_wconf 80' lang='lat' dir='ltr'><strong>latetis?</strong></span> 
     </span>
    </p>
   </div>
   <div class='ocr_carea' id='block_1_16' title="bbox 422 1547 2006 1630">
    <p class='ocr_par' dir='ltr' id='par_1_16' title="bbox 422 1547 2006 1630">
     <span class='ocr_line' id='line_1_16' title="bbox 422 1547 2006 1630; baseline 0.008 -28"><span class='ocrx_word' id='word_1_94' title='bbox 422 1547 825 1622; x_wconf 82' lang='lat' dir='ltr'><strong>Progredimini</strong></span> <span class='ocrx_word' id='word_1_95' title='bbox 880 1563 1034 1612; x_wconf 74' lang='lat' dir='ltr'><strong>extra</strong></span> <span class='ocrx_word' id='word_1_96' title='bbox 1091 1566 1300 1614; x_wconf 65' lang='lat' dir='ltr'><strong>naturae</strong></span> <span class='ocrx_word' id='word_1_97' title='bbox 1345 1558 1670 1624; x_wconf 88' lang='lat' dir='ltr'><strong>velamenta,</strong></span> <span class='ocrx_word' id='word_1_98' title='bbox 1738 1559 2006 1630; x_wconf 68' lang='lat' dir='ltr'><strong>factaeque</strong></span> 
     </span>
    </p>
   </div>
   <div class='ocr_carea' id='block_1_17' title="bbox 429 1642 2002 1722">
    <p class='ocr_par' dir='ltr' id='par_1_17' title="bbox 429 1642 2002 1722">
     <span class='ocr_line' id='line_1_17' title="bbox 429 1642 2002 1722; baseline 0.008 -28"><span class='ocrx_word' id='word_1_99' title='bbox 429 1643 554 1698; x_wconf 64' lang='lat' dir='ltr'><strong>tiliae</strong></span> <span class='ocrx_word' id='word_1_100' title='bbox 583 1642 741 1712; x_wconf 84' lang='lat' dir='ltr'><strong>Sion,</strong></span> <span class='ocrx_word' id='word_1_101' title='bbox 772 1646 1150 1704; x_wconf 90' lang='lat' dir='ltr'><strong>admirandum</strong></span> <span class='ocrx_word' id='word_1_102' title='bbox 1187 1651 1293 1706; x_wconf 89' lang='lat' dir='ltr'><strong>hoc</strong></span> <span class='ocrx_word' id='word_1_103' title='bbox 1335 1652 1708 1721; x_wconf 85' lang='lat' dir='ltr'><strong>spectaculum</strong></span> <span class='ocrx_word' id='word_1_104' title='bbox 1753 1652 2002 1722; x_wconf 87' lang='lat' dir='ltr'><strong>aspicite.</strong></span> 
     </span>
    </p>
   </div>
   <div class='ocr_carea' id='block_1_18' title="bbox 426 1734 2002 1812">
    <p class='ocr_par' dir='ltr' id='par_1_18' title="bbox 426 1734 2002 1812">
     <span class='ocr_line' id='line_1_18' title="bbox 426 1734 2002 1812; baseline 0.006 -25"><span class='ocrx_word' id='word_1_105' title='bbox 426 1734 718 1790; x_wconf 89' lang='lat' dir='ltr'><strong>intuemini</strong></span> <span class='ocrx_word' id='word_1_106' title='bbox 745 1736 1188 1794; x_wconf 88' lang='lat' dir='ltr'><strong>decentissimam</strong></span> <span class='ocrx_word' id='word_1_107' title='bbox 1232 1741 1286 1794; x_wconf 90' lang='lat' dir='ltr'><strong>in</strong></span> <span class='ocrx_word' id='word_1_108' title='bbox 1320 1741 1500 1810; x_wconf 81' lang='lat' dir='ltr'><strong>capite</strong></span> <span class='ocrx_word' id='word_1_109' title='bbox 1531 1743 1675 1812; x_wconf 83' lang='lat' dir='ltr'><strong>regis</strong></span> <span class='ocrx_word' id='word_1_110' title='bbox 1714 1756 2002 1806; x_wconf 90' lang='lat' dir='ltr'><strong>coronam,</strong></span> 
     </span>
    </p>
   </div>
   <div class='ocr_carea' id='block_1_19' title="bbox 423 1830 2003 1904">
    <p class='ocr_par' dir='ltr' id='par_1_19' title="bbox 423 1830 2003 1904">
     <span class='ocr_line' id='line_1_19' title="bbox 423 1830 2003 1904; baseline 0.004 -23"><span class='ocrx_word' id='word_1_111' title='bbox 423 1842 589 1896; x_wconf 83' lang='lat' dir='ltr'><strong>quam</strong></span> <span class='ocrx_word' id='word_1_112' title='bbox 624 1836 799 1884; x_wconf 89' lang='lat' dir='ltr'><strong>mater</strong></span> <span class='ocrx_word' id='word_1_113' title='bbox 822 1830 993 1901; x_wconf 82' lang='lat' dir='ltr'><strong>ipsius</strong></span> <span class='ocrx_word' id='word_1_114' title='bbox 1012 1832 1060 1886; x_wconf 88' lang='lat' dir='ltr'><strong>ei</strong></span> <span class='ocrx_word' id='word_1_115' title='bbox 1094 1832 1514 1904; x_wconf 89' lang='lat' dir='ltr'><strong>circumposuit,</strong></span> <span class='ocrx_word' id='word_1_116' title='bbox 1545 1833 2003 1903; x_wconf 84' lang='lat' dir='ltr'><strong>quemadmodum</strong></span> 
     </span>
    </p>
   </div>
   <div class='ocr_carea' id='block_1_20' title="bbox 423 1898 2082 1995">
    <p class='ocr_par' dir='ltr' id='par_1_20' title="bbox 423 1898 2082 1995">
     <span class='ocr_line' id='line_1_20' title="bbox 423 1898 2082 1995; baseline 0.004 -21"><span class='ocrx_word' id='word_1_117' title='bbox 423 1928 579 1975; x_wconf 89' lang='lat' dir='ltr'><strong>vates</strong></span> <span class='ocrx_word' id='word_1_118' title='bbox 615 1921 706 1975; x_wconf 87' lang='lat' dir='ltr'><strong>ille</strong></span> <span class='ocrx_word' id='word_1_119' title='bbox 739 1922 985 1992; x_wconf 86' lang='lat' dir='ltr'><strong>loquitur</strong></span> <span class='ocrx_word' id='word_1_120' title='bbox 1017 1939 1033 1981; x_wconf 89' lang='lat'><strong>:</strong></span> <span class='ocrx_word' id='word_1_121' title='bbox 1071 1922 1309 1980; x_wconf 75' lang='lat' dir='ltr'><strong>Posuisti</strong></span> <span class='ocrx_word' id='word_1_122' title='bbox 1343 1926 1399 1981; x_wconf 85' lang='lat' dir='ltr'><strong>in</strong></span> <span class='ocrx_word' id='word_1_123' title='bbox 1430 1935 1613 1995; x_wconf 83' lang='lat' dir='ltr'><strong>caput_</strong></span> <span class='ocrx_word' id='word_1_124' title='bbox 1640 1926 1807 1995; x_wconf 80' lang='lat' dir='ltr'><strong>ipsius</strong></span> <span class='ocrx_word' id='word_1_125' title='bbox 1850 1942 2003 1980; x_wconf 85' lang='lat' dir='ltr'><strong>coro-</strong></span> <span class='ocrx_word' id='word_1_126' title='bbox 2036 1898 2082 1957; x_wconf 72' lang='grc' dir='ltr'><strong>Β</strong></span> 
     </span>
    </p>
   </div>
   <div class='ocr_carea' id='block_1_21' title="bbox 425 2013 2004 2089">
    <p class='ocr_par' dir='ltr' id='par_1_21' title="bbox 425 2013 2004 2089">
     <span class='ocr_line' id='line_1_21' title="bbox 425 2013 2004 2089; baseline 0.005 -23"><span class='ocrx_word' id='word_1_127' title='bbox 425 2029 551 2066; x_wconf 86' lang='lat' dir='ltr'><strong>nam</strong></span> <span class='ocrx_word' id='word_1_128' title='bbox 587 2013 652 2068; x_wconf 85' lang='lat' dir='ltr'><strong>de</strong></span> <span class='ocrx_word' id='word_1_129' title='bbox 680 2014 853 2083; x_wconf 78' lang='lat' dir='ltr'><strong>lapide</strong></span> <span class='ocrx_word' id='word_1_130' title='bbox 893 2016 1125 2085; x_wconf 79' lang='lat' dir='ltr'><strong>pretioso</strong></span> <span class='ocrx_word' id='word_1_131' title='bbox 1164 2015 1364 2072; x_wconf 86' lang='lat' dir='ltr'><strong>iactam</strong></span> <span class='ocrx_word' id='word_1_132' title='bbox 1395 2016 1462 2072; x_wconf 75' lang='lat'><strong>”.</strong></span> <span class='ocrx_word' id='word_1_133' title='bbox 1482 2016 1669 2088; x_wconf 78' lang='lat' dir='ltr'><strong>Neque</strong></span> <span class='ocrx_word' id='word_1_134' title='bbox 1711 2018 2004 2089; x_wconf 86' lang='lat' dir='ltr'><strong>quisquam</strong></span> 
     </span>
    </p>
   </div>
   <div class='ocr_carea' id='block_1_22' title="bbox 422 2108 2003 2179">
    <p class='ocr_par' dir='ltr' id='par_1_22' title="bbox 422 2108 2003 2179">
     <span class='ocr_line' id='line_1_22' title="bbox 422 2108 2003 2179; baseline 0.003 -18"><span class='ocrx_word' id='word_1_135' title='bbox 422 2122 614 2161; x_wconf 82' lang='lat' dir='ltr'><strong>eorum</strong></span> <span class='ocrx_word' id='word_1_136' title='bbox 651 2108 746 2178; x_wconf 88' lang='lat' dir='ltr'><strong>qui</strong></span> <span class='ocrx_word' id='word_1_137' title='bbox 772 2108 958 2179; x_wconf 80' lang='lat' dir='ltr'><strong>aliquo</strong></span> <span class='ocrx_word' id='word_1_138' title='bbox 987 2109 1044 2164; x_wconf 92' lang='lat' dir='ltr'><strong>in</strong></span> <span class='ocrx_word' id='word_1_139' title='bbox 1075 2109 1317 2166; x_wconf 85' lang='lat' dir='ltr'><strong>oraculis</strong></span> <span class='ocrx_word' id='word_1_140' title='bbox 1342 2108 1545 2165; x_wconf 87' lang='lat' dir='ltr'><strong>divinis</strong></span> <span class='ocrx_word' id='word_1_141' title='bbox 1563 2108 1771 2179; x_wconf 87' lang='lat' dir='ltr'><strong>judicio</strong></span> <span class='ocrx_word' id='word_1_142' title='bbox 1798 2110 2003 2177; x_wconf 87' lang='lat' dir='ltr'><strong>valent,</strong></span> 
     </span>
    </p>
   </div>
   <div class='ocr_carea' id='block_1_23' title="bbox 422 2197 2008 2269">
    <p class='ocr_par' dir='ltr' id='par_1_23' title="bbox 422 2197 2008 2269">
     <span class='ocr_line' id='line_1_23' title="bbox 422 2197 2008 2269; baseline 0.002 -18"><span class='ocrx_word' id='word_1_143' title='bbox 422 2197 492 2251; x_wconf 89' lang='lat' dir='ltr'><strong>de</strong></span> <span class='ocrx_word' id='word_1_144' title='bbox 525 2197 776 2252; x_wconf 77' lang='lat' dir='ltr'><strong>vocabuli</strong></span> <span class='ocrx_word' id='word_1_145' title='bbox 815 2199 866 2253; x_wconf 92' lang='lat' dir='ltr'><strong>vi</strong></span> <span class='ocrx_word' id='word_1_146' title='bbox 898 2198 1270 2269; x_wconf 81' lang='lat' dir='ltr'><strong>argutabitur,</strong></span> <span class='ocrx_word' id='word_1_147' title='bbox 1308 2197 1457 2269; x_wconf 91' lang='lat' dir='ltr'><strong>quod</strong></span> <span class='ocrx_word' id='word_1_148' title='bbox 1494 2212 1593 2269; x_wconf 91' lang='lat' dir='ltr'><strong>pro</strong></span> <span class='ocrx_word' id='word_1_149' title='bbox 1628 2204 1781 2267; x_wconf 88' lang='lat' dir='ltr'><strong>patre</strong></span> <span class='ocrx_word' id='word_1_150' title='bbox 1813 2198 2008 2254; x_wconf 85' lang='lat' dir='ltr'><strong>matris</strong></span> 
     </span>
    </p>
   </div>
   <div class='ocr_carea' id='block_1_24' title="bbox 427 2287 2007 2362">
    <p class='ocr_par' dir='ltr' id='par_1_24' title="bbox 427 2287 2007 2362">
     <span class='ocr_line' id='line_1_24' title="bbox 427 2287 2007 2362; baseline 0.001 -21"><span class='ocrx_word' id='word_1_151' title='bbox 427 2288 516 2342; x_wconf 90' lang='lat' dir='ltr'><strong>hic</strong></span> <span class='ocrx_word' id='word_1_152' title='bbox 551 2287 644 2342; x_wconf 84' lang='lat' dir='ltr'><strong>fiat</strong></span> <span class='ocrx_word' id='word_1_153' title='bbox 687 2289 914 2354; x_wconf 86' lang='lat' dir='ltr'><strong>mentio,</strong></span> <span class='ocrx_word' id='word_1_154' title='bbox 958 2304 1084 2344; x_wconf 89' lang='lat' dir='ltr'><strong>cum</strong></span> <span class='ocrx_word' id='word_1_155' title='bbox 1115 2289 1592 2362; x_wconf 74' lang='lat' dir='ltr'><strong>utriusquevocis</strong></span> <span class='ocrx_word' id='word_1_156' title='bbox 1628 2304 1826 2346; x_wconf 83' lang='lat' dir='ltr'><strong>sensus</strong></span> <span class='ocrx_word' id='word_1_157' title='bbox 1864 2290 2007 2346; x_wconf 88' lang='lat' dir='ltr'><strong>idem</strong></span> 
     </span>
    </p>
   </div>
   <div class='ocr_carea' id='block_1_25' title="bbox 427 2356 2005 2448">
    <p class='ocr_par' dir='ltr' id='par_1_25' title="bbox 427 2356 2005 2448">
     <span class='ocr_line' id='line_1_25' title="bbox 427 2356 2005 2448; baseline -0.001 -14"><span class='ocrx_word' id='word_1_158' title='bbox 427 2378 520 2434; x_wconf 87' lang='lat' dir='ltr'><strong>sit.</strong></span> <span class='ocrx_word' id='word_1_159' title='bbox 548 2378 686 2433; x_wconf 87' lang='lat' dir='ltr'><strong>Nam</strong></span> <span class='ocrx_word' id='word_1_160' title='bbox 719 2393 845 2433; x_wconf 89' lang='lat' dir='ltr'><strong>cum</strong></span> <span class='ocrx_word' id='word_1_161' title='bbox 893 2380 949 2433; x_wconf 92' lang='lat' dir='ltr'><strong>in</strong></span> <span class='ocrx_word' id='word_1_162' title='bbox 980 2386 1175 2433; x_wconf 88' lang='lat' dir='ltr'><strong>natura</strong></span> <span class='ocrx_word' id='word_1_163' title='bbox 1228 2356 1423 2433; x_wconf 50' lang='lat' dir='ltr'><strong>divina,</strong></span> <span class='ocrx_word' id='word_1_164' title='bbox 1469 2393 1652 2448; x_wconf 89' lang='lat' dir='ltr'><strong>neque</strong></span> <span class='ocrx_word' id='word_1_165' title='bbox 1704 2378 2005 2444; x_wconf 88' lang='lat' dir='ltr'><strong>masculus,</strong></span> 
     </span>
    </p>
   </div>
   <div class='ocr_carea' id='block_1_26' title="bbox 426 2467 2006 2540">
    <p class='ocr_par' dir='ltr' id='par_1_26' title="bbox 426 2467 2006 2540">
     <span class='ocr_line' id='line_1_26' title="bbox 426 2467 2006 2540; baseline -0.002 -16"><span class='ocrx_word' id='word_1_166' title='bbox 426 2484 605 2540; x_wconf 88' lang='lat' dir='ltr'><strong>neque</strong></span> <span class='ocrx_word' id='word_1_167' title='bbox 637 2467 906 2525; x_wconf 79' lang='lat' dir='ltr'><strong>femineus</strong></span> <span class='ocrx_word' id='word_1_168' title='bbox 930 2485 1097 2526; x_wconf 82' lang='lat' dir='ltr'><strong>sexus</strong></span> <span class='ocrx_word' id='word_1_169' title='bbox 1124 2469 1378 2534; x_wconf 79' lang='lat' dir='ltr'><strong>exsistat,</strong></span> <span class='ocrx_word' id='word_1_170' title='bbox 1410 2467 1540 2539; x_wconf 90' lang='lat' dir='ltr'><strong>(quo</strong></span> <span class='ocrx_word' id='word_1_171' title='bbox 1579 2468 1722 2522; x_wconf 90' lang='lat' dir='ltr'><strong>enim</strong></span> <span class='ocrx_word' id='word_1_172' title='bbox 1753 2476 1914 2538; x_wconf 89' lang='lat' dir='ltr'><strong>pacto</strong></span> <span class='ocrx_word' id='word_1_173' title='bbox 1951 2468 2006 2521; x_wconf 91' lang='lat' dir='ltr'><strong>in</strong></span> 
     </span>
    </p>
   </div>
   <div class='ocr_carea' id='block_1_27' title="bbox 426 2558 2007 2633">
    <p class='ocr_par' dir='ltr' id='par_1_27' title="bbox 426 2558 2007 2633">
     <span class='ocr_line' id='line_1_27' title="bbox 426 2558 2007 2633; baseline -0.001 -17"><span class='ocrx_word' id='word_1_174' title='bbox 426 2558 631 2619; x_wconf 86' lang='lat' dir='ltr'><strong>deitate</strong></span> <span class='ocrx_word' id='word_1_175' title='bbox 662 2562 824 2619; x_wconf 86' lang='lat' dir='ltr'><strong>nobis</strong></span> <span class='ocrx_word' id='word_1_176' title='bbox 851 2560 1114 2633; x_wconf 88' lang='lat' dir='ltr'><strong>quiddam</strong></span> <span class='ocrx_word' id='word_1_177' title='bbox 1140 2559 1417 2632; x_wconf 89' lang='lat' dir='ltr'><strong>ejusmodi</strong></span> <span class='ocrx_word' id='word_1_178' title='bbox 1456 2560 1644 2616; x_wconf 89' lang='lat' dir='ltr'><strong>venire</strong></span> <span class='ocrx_word' id='word_1_179' title='bbox 1682 2560 1738 2614; x_wconf 90' lang='lat' dir='ltr'><strong>in</strong></span> <span class='ocrx_word' id='word_1_180' title='bbox 1771 2569 2007 2616; x_wconf 89' lang='lat' dir='ltr'><strong>mentem</strong></span> 
     </span>
    </p>
   </div>
   <div class='ocr_carea' id='block_1_28' title="bbox 426 2652 2007 2725">
    <p class='ocr_par' dir='ltr' id='par_1_28' title="bbox 426 2652 2007 2725">
     <span class='ocr_line' id='line_1_28' title="bbox 426 2652 2007 2725; baseline -0.001 -15"><span class='ocrx_word' id='word_1_181' title='bbox 426 2654 623 2724; x_wconf 86' lang='lat' dir='ltr'><strong>possit,</strong></span> <span class='ocrx_word' id='word_1_182' title='bbox 658 2668 784 2709; x_wconf 91' lang='lat' dir='ltr'><strong>cum</strong></span> <span class='ocrx_word' id='word_1_183' title='bbox 815 2666 982 2710; x_wconf 84' lang='lat' dir='ltr'><strong>sexus</strong></span> <span class='ocrx_word' id='word_1_184' title='bbox 1015 2652 1318 2708; x_wconf 89' lang='lat' dir='ltr'><strong>discrimen</strong></span> <span class='ocrx_word' id='word_1_185' title='bbox 1361 2667 1431 2708; x_wconf 88' lang='lat' dir='ltr'><strong>ne</strong></span> <span class='ocrx_word' id='word_1_186' title='bbox 1479 2652 1699 2725; x_wconf 83' lang='lat' dir='ltr'><strong>quidem</strong></span> <span class='ocrx_word' id='word_1_187' title='bbox 1748 2653 1803 2706; x_wconf 88' lang='lat' dir='ltr'><strong>in</strong></span> <span class='ocrx_word' id='word_1_188' title='bbox 1847 2652 2007 2708; x_wconf 89' lang='lat' dir='ltr'><strong>nobis</strong></span> 
     </span>
    </p>
   </div>
   <div class='ocr_carea' id='block_1_29' title="bbox 426 2743 2009 2822">
    <p class='ocr_par' dir='ltr' id='par_1_29' title="bbox 426 2743 2009 2822">
     <span class='ocr_line' id='line_1_29' title="bbox 426 2743 2009 2822; baseline -0.001 -22"><span class='ocrx_word' id='word_1_189' title='bbox 426 2746 745 2803; x_wconf 83' lang='lat' dir='ltr'><strong>hominibus</strong></span> <span class='ocrx_word' id='word_1_190' title='bbox 770 2757 1038 2822; x_wconf 88' lang='lat' dir='ltr'><strong>perpetuo</strong></span> <span class='ocrx_word' id='word_1_191' title='bbox 1070 2745 1399 2803; x_wconf 88' lang='lat' dir='ltr'><strong>duraturum</strong></span> <span class='ocrx_word' id='word_1_192' title='bbox 1429 2745 1524 2809; x_wconf 86' lang='lat' dir='ltr'><strong>sit,</strong></span> <span class='ocrx_word' id='word_1_193' title='bbox 1582 2744 1784 2815; x_wconf 89' lang='lat' dir='ltr'><strong>quippe</strong></span> <span class='ocrx_word' id='word_1_194' title='bbox 1816 2744 1910 2813; x_wconf 91' lang='lat' dir='ltr'><strong>qui</strong></span> <span class='ocrx_word' id='word_1_195' title='bbox 1953 2743 2009 2798; x_wconf 90' lang='lat' dir='ltr'><strong>id</strong></span> 
     </span>
    </p>
   </div>
   <div class='ocr_carea' id='block_1_30' title="bbox 424 2834 2005 2910">
    <p class='ocr_par' dir='ltr' id='par_1_30' title="bbox 424 2834 2005 2910">
     <span class='ocr_line' id='line_1_30' title="bbox 424 2834 2005 2910; baseline -0.003 -16"><span class='ocrx_word' id='word_1_196' title='bbox 424 2838 715 2910; x_wconf 84' lang='lat' dir='ltr'><strong>temporis,</strong></span> <span class='ocrx_word' id='word_1_197' title='bbox 747 2853 873 2893; x_wconf 90' lang='lat' dir='ltr'><strong>cum</strong></span> <span class='ocrx_word' id='word_1_198' title='bbox 912 2853 1109 2894; x_wconf 90' lang='lat' dir='ltr'><strong>omnes</strong></span> <span class='ocrx_word' id='word_1_199' title='bbox 1134 2851 1306 2893; x_wconf 89' lang='lat' dir='ltr'><strong>unum</strong></span> <span class='ocrx_word' id='word_1_200' title='bbox 1335 2835 1391 2892; x_wconf 89' lang='lat' dir='ltr'><strong>in</strong></span> <span class='ocrx_word' id='word_1_201' title='bbox 1423 2834 1648 2891; x_wconf 88' lang='lat' dir='ltr'><strong>Christo</strong></span> <span class='ocrx_word' id='word_1_202' title='bbox 1682 2834 2005 2902; x_wconf 81' lang='lat' dir='ltr'><strong>eiliciemur,</strong></span> 
     </span>
    </p>
   </div>
   <div class='ocr_carea' id='block_1_31' title="bbox 427 2927 2011 2999">
    <p class='ocr_par' dir='ltr' id='par_1_31' title="bbox 427 2927 2011 2999">
     <span class='ocr_line' id='line_1_31' title="bbox 427 2927 2011 2999; baseline 0 -16"><span class='ocrx_word' id='word_1_203' title='bbox 427 2927 586 2999; x_wconf 77' lang='lat' dir='ltr'><strong>signa</strong></span> <span class='ocrx_word' id='word_1_204' title='bbox 626 2927 966 2984; x_wconf 88' lang='lat' dir='ltr'><strong>discriminis</strong></span> <span class='ocrx_word' id='word_1_205' title='bbox 1017 2927 1183 2998; x_wconf 85' lang='lat' dir='ltr'><strong>hujus</strong></span> <span class='ocrx_word' id='word_1_206' title='bbox 1230 2942 1339 2982; x_wconf 84' lang='lat' dir='ltr'><strong>una</strong></span> <span class='ocrx_word' id='word_1_207' title='bbox 1375 2942 1500 2982; x_wconf 90' lang='lat' dir='ltr'><strong>cum</strong></span> <span class='ocrx_word' id='word_1_208' title='bbox 1532 2934 1649 2984; x_wconf 86' lang='lat' dir='ltr'><strong>toto</strong></span> <span class='ocrx_word' id='word_1_209' title='bbox 1691 2928 1862 2984; x_wconf 82' lang='lat' dir='ltr'><strong>veteri</strong></span> <span class='ocrx_word' id='word_1_210' title='bbox 1908 2929 2011 2983; x_wconf 84' lang='lat' dir='ltr'><strong>ho-</strong></span> 
     </span>
    </p>
   </div>
   <div class='ocr_carea' id='block_1_32' title="bbox 430 3017 2011 3090">
    <p class='ocr_par' dir='ltr' id='par_1_32' title="bbox 430 3017 2011 3090">
     <span class='ocr_line' id='line_1_32' title="bbox 430 3017 2011 3090; baseline 0.002 -19"><span class='ocrx_word' id='word_1_211' title='bbox 430 3020 577 3079; x_wconf 86' lang='lat' dir='ltr'><strong>mine</strong></span> <span class='ocrx_word' id='word_1_212' title='bbox 600 3019 823 3075; x_wconf 79' lang='lat' dir='ltr'><strong>exuturi</strong></span> <span class='ocrx_word' id='word_1_213' title='bbox 849 3018 1098 3090; x_wconf 80' lang='lat' dir='ltr'><strong>sumus?)</strong></span> <span class='ocrx_word' id='word_1_214' title='bbox 1130 3020 1337 3075; x_wconf 90' lang='lat' dir='ltr'><strong>idcirco</strong></span> <span class='ocrx_word' id='word_1_215' title='bbox 1360 3019 1416 3074; x_wconf 87' lang='lat' dir='ltr'><strong>in</strong></span> <span class='ocrx_word' id='word_1_216' title='bbox 1446 3029 1659 3075; x_wconf 82' lang='lat' dir='ltr'><strong>naturae</strong></span> <span class='ocrx_word' id='word_1_217' title='bbox 1684 3020 1834 3075; x_wconf 90' lang='lat' dir='ltr'><strong>illius</strong></span> <span class='ocrx_word' id='word_1_218' title='bbox 1868 3017 2011 3076; x_wconf 82' lang='lat' dir='ltr'><strong>inef-</strong></span> 
     </span>
    </p>
   </div>
   <div class='ocr_carea' id='block_1_33' title="bbox 427 3107 2008 3182">
    <p class='ocr_par' dir='ltr' id='par_1_33' title="bbox 427 3107 2008 3182">
     <span class='ocr_line' id='line_1_33' title="bbox 427 3107 2008 3182; baseline 0.001 -18"><span class='ocrx_word' id='word_1_219' title='bbox 427 3107 613 3166; x_wconf 73' lang='lat' dir='ltr'><strong>fabilis</strong></span> <span class='ocrx_word' id='word_1_220' title='bbox 636 3108 969 3167; x_wconf 86' lang='lat' dir='ltr'><strong>indicatione</strong></span> <span class='ocrx_word' id='word_1_221' title='bbox 1017 3126 1123 3168; x_wconf 79' lang='lat' dir='ltr'><strong>vox</strong></span> <span class='ocrx_word' id='word_1_222' title='bbox 1164 3111 1374 3180; x_wconf 69' lang='lat' dir='ltr'><strong>quaevis</strong></span> <span class='ocrx_word' id='word_1_223' title='bbox 1397 3125 1587 3182; x_wconf 88' lang='lat' dir='ltr'><strong>parem</strong></span> <span class='ocrx_word' id='word_1_224' title='bbox 1613 3112 1722 3166; x_wconf 88' lang='lat' dir='ltr'><strong>vim</strong></span> <span class='ocrx_word' id='word_1_225' title='bbox 1748 3111 1963 3167; x_wconf 85' lang='lat' dir='ltr'><strong>obtinet</strong></span> <span class='ocrx_word' id='word_1_226' title='bbox 1991 3127 2008 3179; x_wconf 89' lang='lat'><strong>;</strong></span> 
     </span>
    </p>
   </div>
   <div class='ocr_carea' id='block_1_34' title="bbox 427 3201 2011 3275">
    <p class='ocr_par' dir='ltr' id='par_1_34' title="bbox 427 3201 2011 3275">
     <span class='ocr_line' id='line_1_34' title="bbox 427 3201 2011 3275; baseline 0.001 -19"><span class='ocrx_word' id='word_1_227' title='bbox 427 3215 607 3272; x_wconf 89' lang='lat' dir='ltr'><strong>neque</strong></span> <span class='ocrx_word' id='word_1_228' title='bbox 638 3204 828 3268; x_wconf 89' lang='lat' dir='ltr'><strong>maris,</strong></span> <span class='ocrx_word' id='word_1_229' title='bbox 871 3217 1049 3273; x_wconf 88' lang='lat' dir='ltr'><strong>neque</strong></span> <span class='ocrx_word' id='word_1_230' title='bbox 1080 3201 1298 3257; x_wconf 72' lang='lat' dir='ltr'><strong>femina:</strong></span> <span class='ocrx_word' id='word_1_231' title='bbox 1341 3203 1611 3258; x_wconf 84' lang='lat' dir='ltr'><strong>vocabulo</strong></span> <span class='ocrx_word' id='word_1_232' title='bbox 1650 3203 2011 3275; x_wconf 65' lang='lat' dir='ltr'><strong>signiﬁcatio-</strong></span> 
     </span>
    </p>
   </div>
   <div class='ocr_carea' id='block_1_35' title="bbox 428 3293 2010 3371">
    <p class='ocr_par' dir='ltr' id='par_1_35' title="bbox 428 3293 2010 3371">
     <span class='ocr_line' id='line_1_35' title="bbox 428 3293 2010 3371; baseline 0.004 -24"><span class='ocrx_word' id='word_1_233' title='bbox 428 3307 555 3349; x_wconf 90' lang='lat' dir='ltr'><strong>nem</strong></span> <span class='ocrx_word' id='word_1_234' title='bbox 579 3293 730 3350; x_wconf 89' lang='lat' dir='ltr'><strong>illius</strong></span> <span class='ocrx_word' id='word_1_235' title='bbox 753 3295 1066 3365; x_wconf 69' lang='lat' dir='ltr'><strong>purissima:</strong></span> <span class='ocrx_word' id='word_1_236' title='bbox 1110 3303 1321 3350; x_wconf 72' lang='lat' dir='ltr'><strong>natura:</strong></span> <span class='ocrx_word' id='word_1_237' title='bbox 1366 3295 1662 3364; x_wconf 86' lang='lat' dir='ltr'><strong>polluente.</strong></span> <span class='ocrx_word' id='word_1_238' title='bbox 1712 3295 2010 3371; x_wconf 86' lang='lat' dir='ltr'><strong>Pr0pterea</strong></span> 
     </span>
    </p>
   </div>
   <div class='ocr_carea' id='block_1_36' title="bbox 430 3385 2012 3459">
    <p class='ocr_par' dir='ltr' id='par_1_36' title="bbox 430 3385 2012 3459">
     <span class='ocr_line' id='line_1_36' title="bbox 430 3385 2012 3459; baseline 0.004 -18"><span class='ocrx_word' id='word_1_239' title='bbox 430 3387 488 3441; x_wconf 90' lang='lat' dir='ltr'><strong>in</strong></span> <span class='ocrx_word' id='word_1_240' title='bbox 509 3385 806 3458; x_wconf 78' lang='lat' dir='ltr'><strong>Evangelio</strong></span> <span class='ocrx_word' id='word_1_241' title='bbox 847 3388 1071 3459; x_wconf 89' lang='lat' dir='ltr'><strong>quidam</strong></span> <span class='ocrx_word' id='word_1_242' title='bbox 1104 3395 1263 3459; x_wconf 86' lang='lat' dir='ltr'><strong>pater</strong></span> <span class='ocrx_word' id='word_1_243' title='bbox 1301 3387 1411 3445; x_wconf 84' lang='lat' dir='ltr'><strong>tilio</strong></span> <span class='ocrx_word' id='word_1_244' title='bbox 1445 3390 1668 3459; x_wconf 88' lang='lat' dir='ltr'><strong>nuptias</strong></span> <span class='ocrx_word' id='word_1_245' title='bbox 1708 3389 1890 3446; x_wconf 87' lang='lat' dir='ltr'><strong>facere</strong></span> <span class='ocrx_word' id='word_1_246' title='bbox 1928 3392 2012 3447; x_wconf 75' lang='lat' dir='ltr'><strong>di-</strong></span> 
     </span>
    </p>
   </div>
   <div class='ocr_carea' id='block_1_37' title="bbox 431 3477 2011 3551">
    <p class='ocr_par' dir='ltr' id='par_1_37' title="bbox 431 3477 2011 3551">
     <span class='ocr_line' id='line_1_37' title="bbox 431 3477 2011 3551; baseline 0.004 -19"><span class='ocrx_word' id='word_1_247' title='bbox 431 3478 582 3533; x_wconf 86' lang='lat' dir='ltr'><strong>citur</strong></span> <span class='ocrx_word' id='word_1_248' title='bbox 603 3479 648 3511; x_wconf 78' lang='grc'><strong>⁸⁸</strong></span> <span class='ocrx_word' id='word_1_249' title='bbox 684 3497 698 3535; x_wconf 88' lang='lat'><strong>:</strong></span> <span class='ocrx_word' id='word_1_250' title='bbox 728 3477 1004 3550; x_wconf 87' lang='lat' dir='ltr'><strong>Propheta</strong></span> <span class='ocrx_word' id='word_1_251' title='bbox 1033 3494 1159 3534; x_wconf 87' lang='lat' dir='ltr'><strong>vero</strong></span> <span class='ocrx_word' id='word_1_252' title='bbox 1181 3479 1273 3534; x_wconf 89' lang='lat' dir='ltr'><strong>ille</strong></span> <span class='ocrx_word' id='word_1_253' title='bbox 1295 3478 1464 3535; x_wconf 90' lang='lat' dir='ltr'><strong>Deum</strong></span> <span class='ocrx_word' id='word_1_254' title='bbox 1483 3481 1822 3551; x_wconf 86' lang='lat' dir='ltr'><strong>compellans</strong></span> <span class='ocrx_word' id='word_1_255' title='bbox 1851 3501 1866 3538; x_wconf 91' lang='lat'><strong>:</strong></span> <span class='ocrx_word' id='word_1_256' title='bbox 1905 3482 2011 3538; x_wconf 88' lang='lat' dir='ltr'><strong>Po-</strong></span> 
     </span>
    </p>
   </div>
   <div class='ocr_carea' id='block_1_38' title="bbox 431 3571 2012 3643">
    <p class='ocr_par' dir='ltr' id='par_1_38' title="bbox 431 3571 2012 3643">
     <span class='ocr_line' id='line_1_38' title="bbox 431 3571 2012 3643; baseline 0.002 -17"><span class='ocrx_word' id='word_1_257' title='bbox 431 3572 615 3639; x_wconf 83' lang='lat' dir='ltr'><strong>suisti,</strong></span> <span class='ocrx_word' id='word_1_258' title='bbox 648 3571 748 3636; x_wconf 88' lang='lat' dir='ltr'><strong>ait,</strong></span> <span class='ocrx_word' id='word_1_259' title='bbox 780 3573 837 3626; x_wconf 83' lang='lat' dir='ltr'><strong>in</strong></span> <span class='ocrx_word' id='word_1_260' title='bbox 863 3581 1018 3640; x_wconf 84' lang='lat' dir='ltr'><strong>caput</strong></span> <span class='ocrx_word' id='word_1_261' title='bbox 1048 3572 1213 3643; x_wconf 84' lang='lat' dir='ltr'><strong>ipsius</strong></span> <span class='ocrx_word' id='word_1_262' title='bbox 1253 3588 1507 3627; x_wconf 83' lang='lat' dir='ltr'><strong>coronam</strong></span> <span class='ocrx_word' id='word_1_263' title='bbox 1537 3571 1601 3626; x_wconf 83' lang='lat' dir='ltr'><strong>de</strong></span> <span class='ocrx_word' id='word_1_264' title='bbox 1641 3574 1875 3643; x_wconf 84' lang='lat' dir='ltr'><strong>pretioso</strong></span> <span class='ocrx_word' id='word_1_265' title='bbox 1929 3576 2012 3631; x_wconf 84' lang='lat' dir='ltr'><strong>la-</strong></span> 
     </span>
    </p>
   </div>
   <div class='ocr_carea' id='block_1_39' title="bbox 429 3662 2015 3734">
    <p class='ocr_par' dir='ltr' id='par_1_39' title="bbox 429 3662 2015 3734">
     <span class='ocr_line' id='line_1_39' title="bbox 429 3662 2015 3734; baseline 0.003 -17"><span class='ocrx_word' id='word_1_266' title='bbox 429 3662 550 3733; x_wconf 85' lang='lat' dir='ltr'><strong>pide</strong></span> <span class='ocrx_word' id='word_1_267' title='bbox 577 3663 779 3719; x_wconf 89' lang='lat' dir='ltr'><strong>factam</strong></span> <span class='ocrx_word' id='word_1_268' title='bbox 813 3680 827 3717; x_wconf 90' lang='lat'><strong>:</strong></span> <span class='ocrx_word' id='word_1_269' title='bbox 863 3663 979 3719; x_wconf 76' lang='lat' dir='ltr'><strong>haec</strong></span> <span class='ocrx_word' id='word_1_270' title='bbox 1004 3664 1240 3734; x_wconf 90' lang='lat' dir='ltr'><strong>denique</strong></span> <span class='ocrx_word' id='word_1_271' title='bbox 1270 3678 1475 3719; x_wconf 88' lang='lat' dir='ltr'><strong>corona</strong></span> <span class='ocrx_word' id='word_1_272' title='bbox 1512 3678 1725 3734; x_wconf 83' lang='lat' dir='ltr'><strong>sponso</strong></span> <span class='ocrx_word' id='word_1_273' title='bbox 1765 3680 1794 3719; x_wconf 90' lang='lat' dir='ltr'><strong>a</strong></span> <span class='ocrx_word' id='word_1_274' title='bbox 1840 3674 2015 3721; x_wconf 87' lang='lat' dir='ltr'><strong>matre</strong></span> 
     </span>
    </p>
   </div>
   <div class='ocr_carea' id='block_1_40' title="bbox 432 3754 2012 3827">
    <p class='ocr_par' dir='ltr' id='par_1_40' title="bbox 432 3754 2012 3827">
     <span class='ocr_line' id='line_1_40' title="bbox 432 3754 2012 3827; baseline 0.003 -18"><span class='ocrx_word' id='word_1_275' title='bbox 432 3757 692 3825; x_wconf 86' lang='lat' dir='ltr'><strong>imposita</strong></span> <span class='ocrx_word' id='word_1_276' title='bbox 730 3754 954 3810; x_wconf 91' lang='lat' dir='ltr'><strong>dicitur.</strong></span> <span class='ocrx_word' id='word_1_277' title='bbox 1004 3754 1144 3821; x_wconf 85' lang='lat' dir='ltr'><strong>Quia</strong></span> <span class='ocrx_word' id='word_1_278' title='bbox 1180 3755 1349 3826; x_wconf 82' lang='lat' dir='ltr'><strong>igitur</strong></span> <span class='ocrx_word' id='word_1_279' title='bbox 1383 3768 1506 3810; x_wconf 67' lang='lat' dir='ltr'><strong>unae</strong></span> <span class='ocrx_word' id='word_1_280' title='bbox 1541 3763 1756 3810; x_wconf 87' lang='lat' dir='ltr'><strong>tantum</strong></span> <span class='ocrx_word' id='word_1_281' title='bbox 1803 3757 2012 3827; x_wconf 73' lang='lat' dir='ltr'><strong>nuptiae</strong></span> 
     </span>
    </p>
   </div>
   <div class='ocr_carea' id='block_1_41' title="bbox 435 3850 2011 3922">
    <p class='ocr_par' dir='ltr' id='par_1_41' title="bbox 435 3850 2011 3922">
     <span class='ocr_line' id='line_1_41' title="bbox 435 3850 2011 3922; baseline 0.003 -22"><span class='ocrx_word' id='word_1_282' title='bbox 435 3856 586 3911; x_wconf 88' lang='lat' dir='ltr'><strong>sunt,</strong></span> <span class='ocrx_word' id='word_1_283' title='bbox 612 3856 667 3903; x_wconf 91' lang='lat' dir='ltr'><strong>et</strong></span> <span class='ocrx_word' id='word_1_284' title='bbox 697 3863 805 3902; x_wconf 93' lang='lat' dir='ltr'><strong>una</strong></span> <span class='ocrx_word' id='word_1_285' title='bbox 840 3865 1064 3919; x_wconf 89' lang='lat' dir='ltr'><strong>sponsa,</strong></span> <span class='ocrx_word' id='word_1_286' title='bbox 1096 3859 1151 3906; x_wconf 88' lang='lat' dir='ltr'><strong>et</strong></span> <span class='ocrx_word' id='word_1_287' title='bbox 1183 3850 1251 3905; x_wconf 88' lang='lat' dir='ltr'><strong>ab</strong></span> <span class='ocrx_word' id='word_1_288' title='bbox 1283 3865 1389 3904; x_wconf 91' lang='lat' dir='ltr'><strong>uno</strong></span> <span class='ocrx_word' id='word_1_289' title='bbox 1415 3866 1622 3905; x_wconf 86' lang='lat' dir='ltr'><strong>corona</strong></span> <span class='ocrx_word' id='word_1_290' title='bbox 1675 3866 1880 3922; x_wconf 88' lang='lat' dir='ltr'><strong>sponso</strong></span> <span class='ocrx_word' id='word_1_291' title='bbox 1904 3852 2011 3905; x_wconf 89' lang='lat' dir='ltr'><strong>im-</strong></span> 
     </span>
    </p>
   </div>
   <div class='ocr_carea' id='block_1_42' title="bbox 434 3936 2015 4012">
    <p class='ocr_par' dir='ltr' id='par_1_42' title="bbox 434 3936 2015 4012">
     <span class='ocr_line' id='line_1_42' title="bbox 434 3936 2015 4012; baseline 0.007 -26"><span class='ocrx_word' id='word_1_292' title='bbox 434 3936 949 4003; x_wconf 83' lang='lat' dir='ltr'><strong>poniturzomnino</strong></span> <span class='ocrx_word' id='word_1_293' title='bbox 1008 3937 1144 4012; x_wconf 83' lang='lat' dir='ltr'><strong>nihil</strong></span> <span class='ocrx_word' id='word_1_294' title='bbox 1206 3938 1543 3994; x_wconf 89' lang='lat' dir='ltr'><strong>discriminis</strong></span> <span class='ocrx_word' id='word_1_295' title='bbox 1568 3947 1673 4005; x_wconf 87' lang='lat' dir='ltr'><strong>est,</strong></span> <span class='ocrx_word' id='word_1_296' title='bbox 1733 3942 1849 3995; x_wconf 89' lang='lat' dir='ltr'><strong>sive</strong></span> <span class='ocrx_word' id='word_1_297' title='bbox 1888 3941 2015 4012; x_wconf 89' lang='lat' dir='ltr'><strong>quis</strong></span> 
     </span>
    </p>
   </div>
   <div class='ocr_carea' id='block_1_43' title="bbox 435 4021 2015 4095">
    <p class='ocr_par' dir='ltr' id='par_1_43' title="bbox 435 4021 2015 4095">
     <span class='ocr_line' id='line_1_43' title="bbox 435 4021 2015 4095; baseline 0.007 -20"><span class='ocrx_word' id='word_1_298' title='bbox 435 4021 532 4077; x_wconf 88' lang='lat' dir='ltr'><strong>Dei</strong></span> <span class='ocrx_word' id='word_1_299' title='bbox 563 4022 763 4079; x_wconf 87' lang='lat' dir='ltr'><strong>Filium</strong></span> <span class='ocrx_word' id='word_1_300' title='bbox 800 4026 1092 4095; x_wconf 80' lang='lat' dir='ltr'><strong>unigenam</strong></span> <span class='ocrx_word' id='word_1_301' title='bbox 1125 4023 1294 4080; x_wconf 88' lang='lat' dir='ltr'><strong>Deum</strong></span> <span class='ocrx_word' id='word_1_302' title='bbox 1326 4034 1505 4092; x_wconf 86' lang='lat' dir='ltr'><strong>vocet,</strong></span> <span class='ocrx_word' id='word_1_303' title='bbox 1556 4028 1671 4083; x_wconf 90' lang='lat' dir='ltr'><strong>sive</strong></span> <span class='ocrx_word' id='word_1_304' title='bbox 1700 4026 1897 4085; x_wconf 84' lang='lat' dir='ltr'><strong>Filium</strong></span> <span class='ocrx_word' id='word_1_305' title='bbox 1930 4029 2015 4086; x_wconf 90' lang='lat' dir='ltr'><strong>di-</strong></span> 
     </span>
    </p>
   </div>
   <div class='ocr_carea' id='block_1_44' title="bbox 436 4116 2010 4191">
    <p class='ocr_par' dir='ltr' id='par_1_44' title="bbox 436 4116 2010 4191">
     <span class='ocr_line' id='line_1_44' title="bbox 436 4116 2010 4191; baseline 0.004 -22"><span class='ocrx_word' id='word_1_306' title='bbox 436 4116 694 4171; x_wconf 85' lang='lat' dir='ltr'><strong>lectionis</strong></span> <span class='ocrx_word' id='word_1_307' title='bbox 735 4117 878 4186; x_wconf 84' lang='lat' dir='ltr'><strong>ejus,</strong></span> <span class='ocrx_word' id='word_1_308' title='bbox 943 4116 1407 4188; x_wconf 87' lang='lat' dir='ltr'><strong>quemadmodum</strong></span> <span class='ocrx_word' id='word_1_309' title='bbox 1473 4117 1683 4175; x_wconf 90' lang='lat' dir='ltr'><strong>Paulus</strong></span> <span class='ocrx_word' id='word_1_310' title='bbox 1743 4121 2010 4191; x_wconf 88' lang='lat' dir='ltr'><strong>loquitur,</strong></span> 
     </span>
    </p>
   </div>
   <div class='ocr_carea' id='block_1_45' title="bbox 436 4206 2012 4280">
    <p class='ocr_par' dir='ltr' id='par_1_45' title="bbox 436 4206 2012 4280">
     <span class='ocr_line' id='line_1_45' title="bbox 436 4206 2012 4280; baseline 0.006 -20"><span class='ocrx_word' id='word_1_311' title='bbox 436 4220 564 4260; x_wconf 90' lang='lat' dir='ltr'><strong>cum</strong></span> <span class='ocrx_word' id='word_1_312' title='bbox 606 4206 797 4261; x_wconf 86' lang='lat' dir='ltr'><strong>eadem</strong></span> <span class='ocrx_word' id='word_1_313' title='bbox 863 4214 1107 4277; x_wconf 88' lang='lat' dir='ltr'><strong>potestas</strong></span> <span class='ocrx_word' id='word_1_314' title='bbox 1158 4217 1389 4280; x_wconf 90' lang='lat' dir='ltr'><strong>utroque</strong></span> <span class='ocrx_word' id='word_1_315' title='bbox 1442 4209 1712 4265; x_wconf 86' lang='lat' dir='ltr'><strong>vocabulo</strong></span> <span class='ocrx_word' id='word_1_316' title='bbox 1768 4211 2012 4271; x_wconf 87' lang='lat' dir='ltr'><strong>indicata</strong></span> 
     </span>
    </p>
   </div>
   <div class='ocr_carea' id='block_1_46' title="bbox 436 4297 2015 4370">
    <p class='ocr_par' dir='ltr' id='par_1_46' title="bbox 436 4297 2015 4370">
     <span class='ocr_line' id='line_1_46' title="bbox 436 4297 2015 4370; baseline 0.006 -20"><span class='ocrx_word' id='word_1_317' title='bbox 436 4304 671 4351; x_wconf 79' lang='lat' dir='ltr'><strong>exornet</strong></span> <span class='ocrx_word' id='word_1_318' title='bbox 724 4297 906 4367; x_wconf 88' lang='lat' dir='ltr'><strong>ipsum</strong></span> <span class='ocrx_word' id='word_1_319' title='bbox 974 4307 1032 4353; x_wconf 89' lang='lat' dir='ltr'><strong>ut</strong></span> <span class='ocrx_word' id='word_1_320' title='bbox 1084 4313 1373 4370; x_wconf 89' lang='lat' dir='ltr'><strong>sponsum,</strong></span> <span class='ocrx_word' id='word_1_321' title='bbox 1425 4300 1490 4357; x_wconf 90' lang='lat' dir='ltr'><strong>ad</strong></span> <span class='ocrx_word' id='word_1_322' title='bbox 1550 4300 2015 4360; x_wconf 88' lang='lat' dir='ltr'><strong>cohabitationem</strong></span> 
     </span>
    </p>
   </div>
   <div class='ocr_carea' id='block_1_47' title="bbox 436 4387 2016 4463">
    <p class='ocr_par' dir='ltr' id='par_1_47' title="bbox 436 4387 2016 4463">
     <span class='ocr_line' id='line_1_47' title="bbox 436 4387 2016 4463; baseline 0.006 -21"><span class='ocrx_word' id='word_1_323' title='bbox 436 4395 706 4443; x_wconf 87' lang='lat' dir='ltr'><strong>nostram.</strong></span> <span class='ocrx_word' id='word_1_324' title='bbox 769 4387 1104 4459; x_wconf 78' lang='lat' dir='ltr'><strong>Egredimini</strong></span> <span class='ocrx_word' id='word_1_325' title='bbox 1149 4404 1302 4460; x_wconf 80' lang='lat' dir='ltr'><strong>ergo,</strong></span> <span class='ocrx_word' id='word_1_326' title='bbox 1355 4390 1534 4461; x_wconf 83' lang='lat' dir='ltr'><strong>inquit</strong></span> <span class='ocrx_word' id='word_1_327' title='bbox 1576 4390 1646 4446; x_wconf 90' lang='lat' dir='ltr'><strong>ad</strong></span> <span class='ocrx_word' id='word_1_328' title='bbox 1688 4391 2016 4463; x_wconf 89' lang='lat' dir='ltr'><strong>juvencuias</strong></span> 
     </span>
    </p>
   </div>
   <div class='ocr_carea' id='block_1_48' title="bbox 437 4479 2015 4557">
    <p class='ocr_par' dir='ltr' id='par_1_48' title="bbox 437 4479 2015 4557">
     <span class='ocr_line' id='line_1_48' title="bbox 437 4479 2015 4557; baseline 0.003 -21"><span class='ocrx_word' id='word_1_329' title='bbox 437 4496 664 4552; x_wconf 84' lang='lat' dir='ltr'><strong>sponsa,</strong></span> <span class='ocrx_word' id='word_1_330' title='bbox 698 4489 753 4539; x_wconf 89' lang='lat' dir='ltr'><strong>et</strong></span> <span class='ocrx_word' id='word_1_331' title='bbox 788 4483 909 4536; x_wconf 75' lang='lat' dir='ltr'><strong>tiliae</strong></span> <span class='ocrx_word' id='word_1_332' title='bbox 931 4479 1064 4537; x_wconf 89' lang='lat' dir='ltr'><strong>Sion</strong></span> <span class='ocrx_word' id='word_1_333' title='bbox 1098 4481 1431 4551; x_wconf 84' lang='lat' dir='ltr'><strong>eiiiciamim,</strong></span> <span class='ocrx_word' id='word_1_334' title='bbox 1466 4492 1525 4538; x_wconf 94' lang='lat' dir='ltr'><strong>ut</strong></span> <span class='ocrx_word' id='word_1_335' title='bbox 1548 4483 1616 4540; x_wconf 88' lang='lat' dir='ltr'><strong>de</strong></span> <span class='ocrx_word' id='word_1_336' title='bbox 1646 4483 1867 4540; x_wconf 87' lang='lat' dir='ltr'><strong>sublimi</strong></span> <span class='ocrx_word' id='word_1_337' title='bbox 1893 4499 2015 4557; x_wconf 83' lang='lat' dir='ltr'><strong>spe-</strong></span> 
     </span>
    </p>
   </div>
   <div class='ocr_carea' id='block_1_49' title="bbox 2109 648 3692 732">
    <p class='ocr_par' dir='ltr' id='par_1_49' title="bbox 2109 648 3692 732">
     <span class='ocr_line' id='line_1_49' title="bbox 2109 648 3692 732; baseline 0.008 -31"><span class='ocrx_word' id='word_1_338' title='bbox 2109 648 2328 718; x_wconf 78' lang='grc' dir='ltr'>έλεγεν·</span> <span class='ocrx_word' id='word_1_339' title='bbox 2385 652 2466 706; x_wconf 83' lang='grc' dir='ltr'><strong>ὅτι</strong></span> <span class='ocrx_word' id='word_1_340' title='bbox 2518 656 2772 709; x_wconf 75' lang='grc' dir='ltr'><strong>Γίνεσθε</strong></span> <span class='ocrx_word' id='word_1_341' title='bbox 2813 656 2893 722; x_wconf 81' lang='grc' dir='ltr'>ὠς</span> <span class='ocrx_word' id='word_1_342' title='bbox 2924 656 3058 726; x_wconf 67' lang='grc' dir='ltr'>ἐγὼ,</span> <span class='ocrx_word' id='word_1_343' title='bbox 3103 657 3186 711; x_wconf 82' lang='grc' dir='ltr'><strong>ὅτι</strong></span> <span class='ocrx_word' id='word_1_344' title='bbox 3231 658 3327 711; x_wconf 77' lang='grc' dir='ltr'>καὶ</span> <span class='ocrx_word' id='word_1_345' title='bbox 3349 659 3517 723; x_wconf 71' lang='grc' dir='ltr'>αὐτὸς</span> <span class='ocrx_word' id='word_1_346' title='bbox 3549 661 3692 732; x_wconf 69' lang='grc' dir='ltr'>ήμην</span> 
     </span>
    </p>
   </div>
   <div class='ocr_carea' id='block_1_50' title="bbox 2108 737 3687 816">
    <p class='ocr_par' dir='ltr' id='par_1_50' title="bbox 2108 737 3687 816">
     <span class='ocr_line' id='line_1_50' title="bbox 2108 737 3687 816; baseline 0.009 -27"><span class='ocrx_word' id='word_1_347' title='bbox 2108 737 2238 791; x_wconf 79' lang='grc' dir='ltr'>ποτὲ</span> <span class='ocrx_word' id='word_1_348' title='bbox 2282 739 2404 792; x_wconf 80' lang='grc' dir='ltr'>καθ’</span> <span class='ocrx_word' id='word_1_349' title='bbox 2448 742 2618 812; x_wconf 78' lang='grc' dir='ltr'>ὑμᾶς·</span> <span class='ocrx_word' id='word_1_350' title='bbox 2683 744 2777 797; x_wconf 78' lang='grc' dir='ltr'>καὶ</span> <span class='ocrx_word' id='word_1_351' title='bbox 2823 745 2904 797; x_wconf 87' lang='grc' dir='ltr'>ὅτι</span> <span class='ocrx_word' id='word_1_352' title='bbox 2957 745 3218 814; x_wconf 80' lang='grc' dir='ltr'>Μιμηταί</span> <span class='ocrx_word' id='word_1_353' title='bbox 3256 765 3378 815; x_wconf 84' lang='grc' dir='ltr'>μου</span> <span class='ocrx_word' id='word_1_354' title='bbox 3426 749 3687 816; x_wconf 75' lang='grc' dir='ltr'>γίνεσθε,</span> 
     </span>
    </p>
   </div>
   <div class='ocr_carea' id='block_1_51' title="bbox 2108 832 3690 914">
    <p class='ocr_par' dir='ltr' id='par_1_51' title="bbox 2108 832 3690 914">
     <span class='ocr_line' id='line_1_51' title="bbox 2108 832 3690 914; baseline 0.008 -29"><span class='ocrx_word' id='word_1_355' title='bbox 2108 832 2304 899; x_wconf 80' lang='grc' dir='ltr'>καθὼς</span> <span class='ocrx_word' id='word_1_356' title='bbox 2355 834 2470 902; x_wconf 78' lang='grc' dir='ltr'><strong>ἐγὼ</strong></span> <span class='ocrx_word' id='word_1_357' title='bbox 2530 837 2821 905; x_wconf 80' lang='grc' dir='ltr'><strong>Χριστοῦ·</strong></span> <span class='ocrx_word' id='word_1_358' title='bbox 2874 837 3020 892; x_wconf 72' lang='grc' dir='ltr'>οὕτω</span> <span class='ocrx_word' id='word_1_359' title='bbox 3077 839 3173 893; x_wconf 65' lang='grc' dir='ltr'><strong>καὶ</strong></span> <span class='ocrx_word' id='word_1_360' title='bbox 3214 840 3248 910; x_wconf 82' lang='grc' dir='ltr'>ὴ</span> <span class='ocrx_word' id='word_1_361' title='bbox 3308 841 3690 914; x_wconf 79' lang='grc' dir='ltr'>φιλάνθρωπος</span> 
     </span>
    </p>
   </div>
   <div class='ocr_carea' id='block_1_52' title="bbox 2109 925 3690 1006">
    <p class='ocr_par' dir='ltr' id='par_1_52' title="bbox 2109 925 3690 1006">
     <span class='ocr_line' id='line_1_52' title="bbox 2109 925 3690 1006; baseline 0.007 -28"><span class='ocrx_word' id='word_1_362' title='bbox 2109 925 2295 998; x_wconf 80' lang='grc' dir='ltr'>νύμφη</span> <span class='ocrx_word' id='word_1_363' title='bbox 2351 927 2492 998; x_wconf 78' lang='grc' dir='ltr'>αὕτη</span> <span class='ocrx_word' id='word_1_364' title='bbox 2544 928 2653 983; x_wconf 85' lang='grc' dir='ltr'>τῶν</span> <span class='ocrx_word' id='word_1_365' title='bbox 2716 929 2876 985; x_wconf 87' lang='grc' dir='ltr'>θείων</span> <span class='ocrx_word' id='word_1_366' title='bbox 2930 931 3023 985; x_wconf 82' lang='grc' dir='ltr'><strong>τοῦ</strong></span> <span class='ocrx_word' id='word_1_367' title='bbox 3066 932 3337 986; x_wconf 84' lang='grc' dir='ltr'>Δεσπότου</span> <span class='ocrx_word' id='word_1_368' title='bbox 3381 936 3690 1006; x_wconf 81' lang='grc' dir='ltr'><strong>μυστηρίων</strong></span> 
     </span>
    </p>
   </div>
   <div class='ocr_carea' id='block_1_53' title="bbox 2108 1017 3689 1096">
    <p class='ocr_par' dir='ltr' id='par_1_53' title="bbox 2108 1017 3689 1096">
     <span class='ocr_line' id='line_1_53' title="bbox 2108 1017 3689 1096; baseline 0.006 -27"><span class='ocrx_word' id='word_1_369' title='bbox 2108 1017 2532 1084; x_wconf 79' lang='grc' dir='ltr'>ἀξιωθεῖσα,ὂτε</span> <span class='ocrx_word' id='word_1_370' title='bbox 2564 1020 2664 1093; x_wconf 81' lang='grc' dir='ltr'><strong>τὴν</strong></span> <span class='ocrx_word' id='word_1_371' title='bbox 2701 1021 2890 1094; x_wconf 78' lang='grc' dir='ltr'>κλίνην</span> <span class='ocrx_word' id='word_1_372' title='bbox 2923 1022 3019 1086; x_wconf 78' lang='grc' dir='ltr'>ἴδε,</span> <span class='ocrx_word' id='word_1_373' title='bbox 3052 1022 3148 1077; x_wconf 67' lang='grc' dir='ltr'>καὶ</span> <span class='ocrx_word' id='word_1_374' title='bbox 3175 1026 3391 1096; x_wconf 82' lang='grc' dir='ltr'><strong>φορεῖον</strong></span> <span class='ocrx_word' id='word_1_375' title='bbox 3423 1024 3689 1094; x_wconf 80' lang='grc' dir='ltr'>βασιλέως</span> 
     </span>
    </p>
   </div>
   <div class='ocr_carea' id='block_1_54' title="bbox 2108 1107 3689 1181">
    <p class='ocr_par' dir='ltr' id='par_1_54' title="bbox 2108 1107 3689 1181">
     <span class='ocr_line' id='line_1_54' title="bbox 2108 1107 3689 1181; baseline 0.009 -23"><span class='ocrx_word' id='word_1_376' title='bbox 2108 1107 2346 1174; x_wconf 77' lang='grc' dir='ltr'>ἐγένετο,</span> <span class='ocrx_word' id='word_1_377' title='bbox 2378 1107 2477 1179; x_wconf 74' lang='grc' dir='ltr'>βοᾷ</span> <span class='ocrx_word' id='word_1_378' title='bbox 2517 1108 2655 1181; x_wconf 85' lang='grc' dir='ltr'>πρὸς</span> <span class='ocrx_word' id='word_1_379' title='bbox 2686 1110 2786 1174; x_wconf 81' lang='grc' dir='ltr'>τὰς</span> <span class='ocrx_word' id='word_1_380' title='bbox 2811 1112 3058 1178; x_wconf 75' lang='grc' dir='ltr'><strong>νεάνιδας</strong></span> <span class='ocrx_word' id='word_1_381' title='bbox 3080 1128 3094 1143; x_wconf 82' lang='grc'><strong><em>⁸</em></strong></span> <span class='ocrx_word' id='word_1_382' title='bbox 3130 1109 3291 1168; x_wconf 74' lang='grc' dir='ltr'>αὗται</span> <span class='ocrx_word' id='word_1_383' title='bbox 3324 1114 3371 1168; x_wconf 88' lang='grc' dir='ltr'><strong>δ’</strong></span> <span class='ocrx_word' id='word_1_384' title='bbox 3398 1115 3467 1169; x_wconf 84' lang='grc' dir='ltr'>ἂν</span> <span class='ocrx_word' id='word_1_385' title='bbox 3502 1112 3619 1170; x_wconf 83' lang='grc' dir='ltr'>εἷεν</span> <span class='ocrx_word' id='word_1_386' title='bbox 3640 1120 3689 1172; x_wconf 80' lang='grc' dir='ltr'>αἱ</span> 
     </span>
    </p>
   </div>
   <div class='ocr_carea' id='block_1_55' title="bbox 2107 1198 3690 1279">
    <p class='ocr_par' dir='ltr' id='par_1_55' title="bbox 2107 1198 3690 1279">
     <span class='ocr_line' id='line_1_55' title="bbox 2107 1198 3690 1279; baseline 0.007 -28"><span class='ocrx_word' id='word_1_387' title='bbox 2107 1198 2217 1252; x_wconf 83' lang='grc' dir='ltr'><strong>τῶν</strong></span> <span class='ocrx_word' id='word_1_388' title='bbox 2256 1198 2579 1270; x_wconf 77' lang='grc' dir='ltr'><strong>σωζομένων</strong></span> <span class='ocrx_word' id='word_1_389' title='bbox 2626 1201 2822 1274; x_wconf 74' lang='grc' dir='ltr'>ψυχαίο</span> <span class='ocrx_word' id='word_1_390' title='bbox 2874 1205 3019 1269; x_wconf 87' lang='grc' dir='ltr'>Ἕως</span> <span class='ocrx_word' id='word_1_391' title='bbox 3077 1206 3229 1269; x_wconf 76' lang='grc' dir='ltr'>πότε,</span> <span class='ocrx_word' id='word_1_392' title='bbox 3289 1206 3551 1276; x_wconf 77' lang='grc' dir='ltr'><strong>λέγουσα,</strong></span> <span class='ocrx_word' id='word_1_393' title='bbox 3619 1209 3690 1279; x_wconf 79' lang='grc' dir='ltr'>τῷ</span> 
     </span>
    </p>
   </div>
   <div class='ocr_carea' id='block_1_56' title="bbox 2110 1290 3690 1373">
    <p class='ocr_par' dir='ltr' id='par_1_56' title="bbox 2110 1290 3690 1373">
     <span class='ocr_line' id='line_1_56' title="bbox 2110 1290 3690 1373; baseline 0.008 -30"><span class='ocrx_word' id='word_1_394' title='bbox 2110 1290 2360 1363; x_wconf 78' lang='grc' dir='ltr'>σπηλαίῳ</span> <span class='ocrx_word' id='word_1_395' title='bbox 2380 1292 2475 1346; x_wconf 80' lang='grc' dir='ltr'><strong>τοῦ</strong></span> <span class='ocrx_word' id='word_1_396' title='bbox 2507 1293 2623 1364; x_wconf 85' lang='grc' dir='ltr'>βίου</span> <span class='ocrx_word' id='word_1_397' title='bbox 2654 1292 3109 1360; x_wconf 69' lang='grc' dir='ltr'>ὲναποκλείεσθεέ</span> <span class='ocrx_word' id='word_1_398' title='bbox 3143 1298 3388 1365; x_wconf 77' lang='grc' dir='ltr'>ὲξέλθετε</span> <span class='ocrx_word' id='word_1_399' title='bbox 3422 1300 3539 1354; x_wconf 86' lang='grc' dir='ltr'><strong>τῶν</strong></span> <span class='ocrx_word' id='word_1_400' title='bbox 3566 1319 3690 1373; x_wconf 83' lang='grc' dir='ltr'>προ-</span> 
     </span>
    </p>
   </div>
   <div class='ocr_carea' id='block_1_57' title="bbox 2107 1383 3689 1463">
    <p class='ocr_par' dir='ltr' id='par_1_57' title="bbox 2107 1383 3689 1463">
     <span class='ocr_line' id='line_1_57' title="bbox 2107 1383 3689 1463; baseline 0.007 -28"><span class='ocrx_word' id='word_1_401' title='bbox 2107 1383 2478 1455; x_wconf 72' lang='grc' dir='ltr'><strong>καλυμμάτων</strong></span> <span class='ocrx_word' id='word_1_402' title='bbox 2533 1386 2631 1456; x_wconf 82' lang='grc' dir='ltr'>τῆς</span> <span class='ocrx_word' id='word_1_403' title='bbox 2683 1388 2920 1458; x_wconf 87' lang='grc' dir='ltr'>φύσεως,</span> <span class='ocrx_word' id='word_1_404' title='bbox 2965 1390 3061 1443; x_wconf 75' lang='grc' dir='ltr'><strong>καὶ</strong></span> <span class='ocrx_word' id='word_1_405' title='bbox 3088 1390 3227 1445; x_wconf 79' lang='grc' dir='ltr'>ἴδετε</span> <span class='ocrx_word' id='word_1_406' title='bbox 3263 1391 3325 1445; x_wconf 83' lang='grc' dir='ltr'><strong>τὸ</strong></span> <span class='ocrx_word' id='word_1_407' title='bbox 3373 1391 3689 1463; x_wconf 83' lang='grc' dir='ltr'>θαυμαστὸν</span> 
     </span>
    </p>
   </div>
   <div class='ocr_carea' id='block_1_58' title="bbox 2109 1474 3689 1556">
    <p class='ocr_par' dir='ltr' id='par_1_58' title="bbox 2109 1474 3689 1556">
     <span class='ocr_line' id='line_1_58' title="bbox 2109 1474 3689 1556; baseline 0.007 -28"><span class='ocrx_word' id='word_1_408' title='bbox 2109 1474 2317 1545; x_wconf 84' lang='grc' dir='ltr'>θέαμα⁶</span> <span class='ocrx_word' id='word_1_409' title='bbox 2346 1476 2485 1531; x_wconf 80' lang='grc' dir='ltr'>Σιὼν</span> <span class='ocrx_word' id='word_1_410' title='bbox 2533 1477 2830 1551; x_wconf 79' lang='grc' dir='ltr'>θυγατέρες</span> <span class='ocrx_word' id='word_1_411' title='bbox 2881 1481 3194 1552; x_wconf 79' lang='grc' dir='ltr'>γενόμεναι,</span> <span class='ocrx_word' id='word_1_412' title='bbox 3226 1482 3499 1538; x_wconf 81' lang='grc' dir='ltr'>θεάσασθε</span> <span class='ocrx_word' id='word_1_413' title='bbox 3540 1503 3689 1556; x_wconf 66' lang='lat' dir='ltr'><strong>mp:-</strong></span> 
     </span>
    </p>
   </div>
   <div class='ocr_carea' id='block_1_59' title="bbox 2106 1561 3686 1644">
    <p class='ocr_par' dir='ltr' id='par_1_59' title="bbox 2106 1561 3686 1644">
     <span class='ocr_line' id='line_1_59' title="bbox 2106 1561 3686 1644; baseline 0.007 -26"><span class='ocrx_word' id='word_1_414' title='bbox 2106 1564 2374 1636; x_wconf 87' lang='grc' dir='ltr'>τρέποντα</span> <span class='ocrx_word' id='word_1_415' title='bbox 2397 1561 2464 1639; x_wconf 77' lang='grc' dir='ltr'>τῇ</span> <span class='ocrx_word' id='word_1_416' title='bbox 2507 1569 2713 1642; x_wconf 85' lang='grc' dir='ltr'>κεφαλῇ</span> <span class='ocrx_word' id='word_1_417' title='bbox 2736 1570 2830 1624; x_wconf 84' lang='grc' dir='ltr'>τοῦ</span> <span class='ocrx_word' id='word_1_418' title='bbox 2863 1571 3124 1641; x_wconf 81' lang='grc' dir='ltr'>βασιλέως</span> <span class='ocrx_word' id='word_1_419' title='bbox 3142 1574 3231 1627; x_wconf 85' lang='grc' dir='ltr'><strong>τὸν</strong></span> <span class='ocrx_word' id='word_1_420' title='bbox 3258 1574 3548 1644; x_wconf 86' lang='grc' dir='ltr'>στέφανον,</span> <span class='ocrx_word' id='word_1_421' title='bbox 3577 1576 3686 1644; x_wconf 72' lang='lat' dir='ltr'><strong>avi)</strong></span> 
     </span>
    </p>
   </div>
   <div class='ocr_carea' id='block_1_60' title="bbox 2112 1658 3687 1739">
    <p class='ocr_par' dir='ltr' id='par_1_60' title="bbox 2112 1658 3687 1739">
     <span class='ocr_line' id='line_1_60' title="bbox 2112 1658 3687 1739; baseline 0.006 -28"><span class='ocrx_word' id='word_1_422' title='bbox 2112 1660 2297 1731; x_wconf 80' lang='grc' dir='ltr'>μήτηρ</span> <span class='ocrx_word' id='word_1_423' title='bbox 2322 1660 2469 1732; x_wconf 82' lang='grc' dir='ltr'>αὐτῷ</span> <span class='ocrx_word' id='word_1_424' title='bbox 2496 1658 2792 1733; x_wconf 67' lang='grc' dir='ltr'>περιέθηκε</span> <span class='ocrx_word' id='word_1_425' title='bbox 2839 1664 2981 1718; x_wconf 81' lang='grc' dir='ltr'>κατὰ</span> <span class='ocrx_word' id='word_1_426' title='bbox 3008 1665 3107 1736; x_wconf 81' lang='grc' dir='ltr'>τὴν</span> <span class='ocrx_word' id='word_1_427' title='bbox 3135 1666 3229 1721; x_wconf 83' lang='grc' dir='ltr'><strong>τοῦ</strong></span> <span class='ocrx_word' id='word_1_428' title='bbox 3262 1668 3554 1739; x_wconf 85' lang='grc' dir='ltr'>Προφήτου</span> <span class='ocrx_word' id='word_1_429' title='bbox 3586 1686 3687 1736; x_wconf 79' lang='grc' dir='ltr'>φω-</span> 
     </span>
    </p>
   </div>
   <div class='ocr_carea' id='block_1_61' title="bbox 2107 1752 3687 1828">
    <p class='ocr_par' dir='ltr' id='par_1_61' title="bbox 2107 1752 3687 1828">
     <span class='ocr_line' id='line_1_61' title="bbox 2107 1752 3687 1828; baseline 0.004 -24"><span class='ocrx_word' id='word_1_430' title='bbox 2107 1752 2225 1824; x_wconf 77' lang='grc' dir='ltr'>νὴν,</span> <span class='ocrx_word' id='word_1_431' title='bbox 2274 1753 2334 1817; x_wconf 85' lang='grc' dir='ltr'>ὃς</span> <span class='ocrx_word' id='word_1_432' title='bbox 2388 1771 2553 1825; x_wconf 89' lang='grc' dir='ltr'>φησιν</span> <span class='ocrx_word' id='word_1_433' title='bbox 2572 1770 2586 1784; x_wconf 79' lang='grc'><strong><em>⁸</em></strong></span> <span class='ocrx_word' id='word_1_434' title='bbox 2620 1756 2885 1825; x_wconf 83' lang='grc' dir='ltr'>Ἐθηκας</span> <span class='ocrx_word' id='word_1_435' title='bbox 2913 1757 3015 1811; x_wconf 80' lang='grc' dir='ltr'><strong>ἐπὶ</strong></span> <span class='ocrx_word' id='word_1_436' title='bbox 3054 1757 3168 1826; x_wconf 77' lang='grc' dir='ltr'><strong>τὴν</strong></span> <span class='ocrx_word' id='word_1_437' title='bbox 3198 1758 3479 1828; x_wconf 59' lang='grc' dir='ltr'>κεφαλὴν</span> <span class='ocrx_word' id='word_1_438' title='bbox 3506 1758 3687 1813; x_wconf 78' lang='grc' dir='ltr'>αὐτοῦ</span> 
     </span>
    </p>
   </div>
   <div class='ocr_carea' id='block_1_62' title="bbox 2108 1843 3687 1915">
    <p class='ocr_par' dir='ltr' id='par_1_62' title="bbox 2108 1843 3687 1915">
     <span class='ocr_line' id='line_1_62' title="bbox 2108 1843 3687 1915; baseline 0.003 -19"><span class='ocrx_word' id='word_1_439' title='bbox 2108 1843 2417 1913; x_wconf 62' lang='grc' dir='ltr'>στέφανον</span> <span class='ocrx_word' id='word_1_440' title='bbox 2467 1846 2537 1899; x_wconf 84' lang='grc' dir='ltr'>ἐκ</span> <span class='ocrx_word' id='word_1_441' title='bbox 2578 1846 2754 1900; x_wconf 73' lang='grc' dir='ltr'>λίθου</span> <span class='ocrx_word' id='word_1_442' title='bbox 2781 1848 2994 1915; x_wconf 74' lang='grc' dir='ltr'>τιμίου.</span> <span class='ocrx_word' id='word_1_443' title='bbox 3019 1847 3244 1912; x_wconf 83' lang='grc' dir='ltr'><strong>Πάντως</strong></span> <span class='ocrx_word' id='word_1_444' title='bbox 3274 1848 3329 1902; x_wconf 83' lang='grc' dir='ltr'><strong>δὲ</strong></span> <span class='ocrx_word' id='word_1_445' title='bbox 3362 1848 3546 1914; x_wconf 77' lang='grc' dir='ltr'>οὐδεὶς</span> <span class='ocrx_word' id='word_1_446' title='bbox 3586 1847 3687 1901; x_wconf 86' lang='grc' dir='ltr'><strong>τῶν</strong></span> 
     </span>
    </p>
   </div>
   <div class='ocr_carea' id='block_1_63' title="bbox 2109 1936 3689 2012">
    <p class='ocr_par' dir='ltr' id='par_1_63' title="bbox 2109 1936 3689 2012">
     <span class='ocr_line' id='line_1_63' title="bbox 2109 1936 3689 2012; baseline 0.003 -23"><span class='ocrx_word' id='word_1_447' title='bbox 2109 1936 2316 2008; x_wconf 77' lang='grc' dir='ltr'>κρίνειν</span> <span class='ocrx_word' id='word_1_448' title='bbox 2336 1937 2460 2001; x_wconf 82' lang='grc' dir='ltr'>τοὺς</span> <span class='ocrx_word' id='word_1_449' title='bbox 2478 1937 2605 2009; x_wconf 66' lang='grc' dir='ltr'>περὶ</span> <span class='ocrx_word' id='word_1_450' title='bbox 2629 1937 2763 1991; x_wconf 88' lang='grc' dir='ltr'>Θεὸν</span> <span class='ocrx_word' id='word_1_451' title='bbox 2789 1938 2979 2008; x_wconf 78' lang='grc' dir='ltr'>λόγους</span> <span class='ocrx_word' id='word_1_452' title='bbox 3000 1939 3432 2010; x_wconf 76' lang='grc' dir='ltr'>ὲπεσκεμμένων</span> <span class='ocrx_word' id='word_1_453' title='bbox 3469 1938 3689 2012; x_wconf 76' lang='grc' dir='ltr'>ἀκριϐο-</span> 
     </span>
    </p>
   </div>
   <div class='ocr_carea' id='block_1_64' title="bbox 2107 2026 3689 2104">
    <p class='ocr_par' dir='ltr' id='par_1_64' title="bbox 2107 2026 3689 2104">
     <span class='ocr_line' id='line_1_64' title="bbox 2107 2026 3689 2104; baseline 0.004 -23"><span class='ocrx_word' id='word_1_454' title='bbox 2107 2026 2349 2096; x_wconf 88' lang='grc' dir='ltr'>λογεῖται</span> <span class='ocrx_word' id='word_1_455' title='bbox 2390 2029 2516 2098; x_wconf 74' lang='grc' dir='ltr'>περὶ</span> <span class='ocrx_word' id='word_1_456' title='bbox 2547 2030 2646 2100; x_wconf 84' lang='grc' dir='ltr'><strong>τὴν</strong></span> <span class='ocrx_word' id='word_1_457' title='bbox 2670 2028 2763 2082; x_wconf 80' lang='grc' dir='ltr'>τοῦ</span> <span class='ocrx_word' id='word_1_458' title='bbox 2794 2030 3059 2100; x_wconf 78' lang='grc' dir='ltr'>ὀνόματος</span> <span class='ocrx_word' id='word_1_459' title='bbox 3098 2031 3357 2103; x_wconf 78' lang='grc' dir='ltr'><strong>ἔμφασιν,</strong></span> <span class='ocrx_word' id='word_1_460' title='bbox 3387 2033 3472 2087; x_wconf 85' lang='grc' dir='ltr'>ὅτι</span> <span class='ocrx_word' id='word_1_461' title='bbox 3509 2034 3689 2104; x_wconf 81' lang='grc' dir='ltr'>μήτηρ</span> 
     </span>
    </p>
   </div>
   <div class='ocr_carea' id='block_1_65' title="bbox 2109 2116 3689 2194">
    <p class='ocr_par' dir='ltr' id='par_1_65' title="bbox 2109 2116 3689 2194">
     <span class='ocr_line' id='line_1_65' title="bbox 2109 2116 3689 2194; baseline 0.005 -25"><span class='ocrx_word' id='word_1_462' title='bbox 2109 2117 2231 2170; x_wconf 72' lang='grc' dir='ltr'>ἀντὶ</span> <span class='ocrx_word' id='word_1_463' title='bbox 2280 2116 2373 2170; x_wconf 78' lang='grc' dir='ltr'>τοῦ</span> <span class='ocrx_word' id='word_1_464' title='bbox 2418 2117 2624 2189; x_wconf 87' lang='grc' dir='ltr'>πατρὸς</span> <span class='ocrx_word' id='word_1_465' title='bbox 2655 2120 3077 2191; x_wconf 77' lang='grc' dir='ltr'>μνημονεύεται,</span> <span class='ocrx_word' id='word_1_466' title='bbox 3127 2122 3255 2194; x_wconf 87' lang='grc' dir='ltr'>μίαν</span> <span class='ocrx_word' id='word_1_467' title='bbox 3294 2123 3387 2192; x_wconf 85' lang='grc' dir='ltr'><strong>ἀφ’</strong></span> <span class='ocrx_word' id='word_1_468' title='bbox 3420 2123 3689 2193; x_wconf 78' lang='grc' dir='ltr'><strong>ἑκατέρας</strong></span> 
     </span>
    </p>
   </div>
   <div class='ocr_carea' id='block_1_66' title="bbox 2111 2209 3688 2286">
    <p class='ocr_par' dir='ltr' id='par_1_66' title="bbox 2111 2209 3688 2286">
     <span class='ocr_line' id='line_1_66' title="bbox 2111 2209 3688 2286; baseline 0.002 -23"><span class='ocrx_word' id='word_1_469' title='bbox 2111 2210 2293 2280; x_wconf 81' lang='grc' dir='ltr'><strong>φωνῆς</strong></span> <span class='ocrx_word' id='word_1_470' title='bbox 2322 2209 2719 2282; x_wconf 78' lang='grc' dir='ltr'>ἀναλαμόάνων</span> <span class='ocrx_word' id='word_1_471' title='bbox 2757 2212 3016 2271; x_wconf 83' lang='grc' dir='ltr'>διάνοιαν.</span> <span class='ocrx_word' id='word_1_472' title='bbox 3059 2214 3278 2286; x_wconf 82' lang='grc' dir='ltr'><strong>Ἐπειδὴ</strong></span> <span class='ocrx_word' id='word_1_473' title='bbox 3305 2214 3416 2286; x_wconf 81' lang='grc' dir='ltr'>γὰρ</span> <span class='ocrx_word' id='word_1_474' title='bbox 3441 2213 3572 2268; x_wconf 76' lang='grc' dir='ltr'>οὔτε</span> <span class='ocrx_word' id='word_1_475' title='bbox 3598 2214 3688 2285; x_wconf 80' lang='grc' dir='ltr'><strong>ἄῤ-</strong></span> 
     </span>
    </p>
   </div>
   <div class='ocr_carea' id='block_1_67' title="bbox 2110 2301 3688 2377">
    <p class='ocr_par' dir='ltr' id='par_1_67' title="bbox 2110 2301 3688 2377">
     <span class='ocr_line' id='line_1_67' title="bbox 2110 2301 3688 2377; baseline 0.004 -23"><span class='ocrx_word' id='word_1_476' title='bbox 2110 2306 2233 2376; x_wconf 80' lang='grc' dir='ltr'><strong>ρην,</strong></span> <span class='ocrx_word' id='word_1_477' title='bbox 2263 2301 2387 2356; x_wconf 68' lang='grc' dir='ltr'>οὔτε</span> <span class='ocrx_word' id='word_1_478' title='bbox 2420 2303 2551 2374; x_wconf 78' lang='grc' dir='ltr'>θῆλυ</span> <span class='ocrx_word' id='word_1_479' title='bbox 2594 2304 2656 2357; x_wconf 85' lang='grc' dir='ltr'><strong>τὸ</strong></span> <span class='ocrx_word' id='word_1_480' title='bbox 2695 2305 2850 2361; x_wconf 83' lang='grc' dir='ltr'>Θεῖόν</span> <span class='ocrx_word' id='word_1_481' title='bbox 2889 2307 3006 2359; x_wconf 77' lang='grc' dir='ltr'>ἐστι</span> <span class='ocrx_word' id='word_1_482' title='bbox 3028 2324 3040 2337; x_wconf 85' lang='grc'>·</span> <span class='ocrx_word' id='word_1_483' title='bbox 3091 2304 3209 2369; x_wconf 84' lang='grc' dir='ltr'><strong>πῶς</strong></span> <span class='ocrx_word' id='word_1_484' title='bbox 3237 2305 3345 2377; x_wconf 82' lang='grc' dir='ltr'>γὰρ</span> <span class='ocrx_word' id='word_1_485' title='bbox 3380 2305 3453 2360; x_wconf 83' lang='grc' dir='ltr'><strong>ἂν.</strong></span> <span class='ocrx_word' id='word_1_486' title='bbox 3474 2307 3570 2359; x_wconf 72' lang='grc' dir='ltr'>ἐπὶ</span> <span class='ocrx_word' id='word_1_487' title='bbox 3594 2304 3688 2373; x_wconf 79' lang='grc' dir='ltr'>τῆς</span> 
     </span>
    </p>
   </div>
   <div class='ocr_carea' id='block_1_68' title="bbox 2109 2396 3688 2471">
    <p class='ocr_par' dir='ltr' id='par_1_68' title="bbox 2109 2396 3688 2471">
     <span class='ocr_line' id='line_1_68' title="bbox 2109 2396 3688 2471; baseline 0 -22"><span class='ocrx_word' id='word_1_488' title='bbox 2109 2396 2358 2465; x_wconf 84' lang='grc' dir='ltr'>θεότητός</span> <span class='ocrx_word' id='word_1_489' title='bbox 2407 2415 2460 2451; x_wconf 87' lang='grc' dir='ltr'><strong>τι</strong></span> <span class='ocrx_word' id='word_1_490' title='bbox 2488 2397 2706 2471; x_wconf 79' lang='grc' dir='ltr'><strong>νοηθείη</strong></span> <span class='ocrx_word' id='word_1_491' title='bbox 2771 2397 3030 2463; x_wconf 77' lang='grc' dir='ltr'>τοιοῦτον,</span> <span class='ocrx_word' id='word_1_492' title='bbox 3062 2396 3224 2451; x_wconf 81' lang='grc' dir='ltr'>ὁπότε</span> <span class='ocrx_word' id='word_1_493' title='bbox 3263 2396 3384 2450; x_wconf 79' lang='grc' dir='ltr'><strong>οὐδὲ</strong></span> <span class='ocrx_word' id='word_1_494' title='bbox 3421 2399 3558 2468; x_wconf 74' lang='grc' dir='ltr'>ἡμῖν</span> <span class='ocrx_word' id='word_1_495' title='bbox 3586 2397 3688 2458; x_wconf 75' lang='grc' dir='ltr'>τοῖς</span> 
     </span>
    </p>
   </div>
   <div class='ocr_carea' id='block_1_69' title="bbox 2109 2487 3689 2560">
    <p class='ocr_par' dir='ltr' id='par_1_69' title="bbox 2109 2487 3689 2560">
     <span class='ocr_line' id='line_1_69' title="bbox 2109 2487 3689 2560; baseline 0 -19"><span class='ocrx_word' id='word_1_496' title='bbox 2109 2487 2416 2560; x_wconf 84' lang='grc' dir='ltr'>ἀνθρώποις</span> <span class='ocrx_word' id='word_1_497' title='bbox 2441 2488 2598 2542; x_wconf 78' lang='grc' dir='ltr'>τοῦτο</span> <span class='ocrx_word' id='word_1_498' title='bbox 2630 2489 2711 2552; x_wconf 82' lang='grc' dir='ltr'><strong>είς</strong></span> <span class='ocrx_word' id='word_1_499' title='bbox 2734 2488 2793 2541; x_wconf 89' lang='grc' dir='ltr'><strong>τὸ</strong></span> <span class='ocrx_word' id='word_1_500' title='bbox 2809 2489 3052 2558; x_wconf 83' lang='grc' dir='ltr'>διηνεκὲς</span> <span class='ocrx_word' id='word_1_501' title='bbox 3069 2488 3395 2559; x_wconf 83' lang='grc' dir='ltr'>παραμένει,</span> <span class='ocrx_word' id='word_1_502' title='bbox 3427 2488 3545 2542; x_wconf 79' lang='grc' dir='ltr'>ἀλλ’</span> <span class='ocrx_word' id='word_1_503' title='bbox 3572 2489 3689 2541; x_wconf 84' lang='grc' dir='ltr'>ὅταν</span> 
     </span>
    </p>
   </div>
   <div class='ocr_carea' id='block_1_70' title="bbox 2108 2577 3688 2650">
    <p class='ocr_par' dir='ltr' id='par_1_70' title="bbox 2108 2577 3688 2650">
     <span class='ocr_line' id='line_1_70' title="bbox 2108 2577 3688 2650; baseline 0 -19"><span class='ocrx_word' id='word_1_504' title='bbox 2108 2580 2168 2632; x_wconf 82' lang='grc' dir='ltr'>ὲν</span> <span class='ocrx_word' id='word_1_505' title='bbox 2194 2577 2414 2650; x_wconf 80' lang='grc' dir='ltr'>Χριστῷ</span> <span class='ocrx_word' id='word_1_506' title='bbox 2442 2579 2499 2633; x_wconf 80' lang='grc' dir='ltr'>ἓν</span> <span class='ocrx_word' id='word_1_507' title='bbox 2530 2580 2730 2644; x_wconf 84' lang='grc' dir='ltr'>πάντες</span> <span class='ocrx_word' id='word_1_508' title='bbox 2775 2578 3083 2650; x_wconf 84' lang='grc' dir='ltr'>γενώμεθα,</span> <span class='ocrx_word' id='word_1_509' title='bbox 3122 2578 3191 2632; x_wconf 68' lang='grc' dir='ltr'>τὰ</span> <span class='ocrx_word' id='word_1_510' title='bbox 3220 2581 3421 2649; x_wconf 86' lang='grc' dir='ltr'>σημεῖα</span> <span class='ocrx_word' id='word_1_511' title='bbox 3455 2580 3558 2650; x_wconf 81' lang='grc' dir='ltr'><strong>τῆς</strong></span> <span class='ocrx_word' id='word_1_512' title='bbox 3582 2577 3688 2632; x_wconf 67' lang='grc' dir='ltr'>διας</span> 
     </span>
    </p>
   </div>
   <div class='ocr_carea' id='block_1_71' title="bbox 2110 2667 3689 2741">
    <p class='ocr_par' dir='ltr' id='par_1_71' title="bbox 2110 2667 3689 2741">
     <span class='ocr_line' id='line_1_71' title="bbox 2110 2667 3689 2741; baseline -0.001 -20"><span class='ocrx_word' id='word_1_513' title='bbox 2110 2669 2282 2739; x_wconf 79' lang='grc' dir='ltr'>φορᾶς</span> <span class='ocrx_word' id='word_1_514' title='bbox 2312 2669 2515 2741; x_wconf 81' lang='grc' dir='ltr'>ταύτης</span> <span class='ocrx_word' id='word_1_515' title='bbox 2546 2668 2686 2740; x_wconf 86' lang='grc' dir='ltr'><strong>μετὰ</strong></span> <span class='ocrx_word' id='word_1_516' title='bbox 2708 2669 2831 2723; x_wconf 84' lang='grc' dir='ltr'>ὅλου</span> <span class='ocrx_word' id='word_1_517' title='bbox 2863 2668 2957 2722; x_wconf 78' lang='grc' dir='ltr'><strong>τοῦ</strong></span> <span class='ocrx_word' id='word_1_518' title='bbox 2978 2668 3210 2723; x_wconf 84' lang='grc' dir='ltr'>παλαιοῦ</span> <span class='ocrx_word' id='word_1_519' title='bbox 3242 2667 3535 2740; x_wconf 81' lang='grc' dir='ltr'>ἀνθρώπου</span> <span class='ocrx_word' id='word_1_520' title='bbox 3568 2684 3689 2721; x_wconf 83' lang='grc' dir='ltr'>συν-</span> 
     </span>
    </p>
   </div>
   <div class='ocr_carea' id='block_1_72' title="bbox 2111 2756 3685 2830">
    <p class='ocr_par' dir='ltr' id='par_1_72' title="bbox 2111 2756 3685 2830">
     <span class='ocr_line' id='line_1_72' title="bbox 2111 2756 3685 2830; baseline -0.001 -20"><span class='ocrx_word' id='word_1_521' title='bbox 2111 2757 2444 2829; x_wconf 83' lang='grc' dir='ltr'>εκδυόμεθα;</span> <span class='ocrx_word' id='word_1_522' title='bbox 2511 2760 2700 2811; x_wconf 85' lang='grc' dir='ltr'>τούτου</span> <span class='ocrx_word' id='word_1_523' title='bbox 2740 2757 2901 2830; x_wconf 83' lang='grc' dir='ltr'>χάριν</span> <span class='ocrx_word' id='word_1_524' title='bbox 2963 2758 3276 2828; x_wconf 85' lang='grc' dir='ltr'>ἰσοδυναμεί</span> <span class='ocrx_word' id='word_1_525' title='bbox 3310 2757 3447 2826; x_wconf 87' lang='grc' dir='ltr'>πρὸς</span> <span class='ocrx_word' id='word_1_526' title='bbox 3472 2757 3575 2827; x_wconf 78' lang='grc' dir='ltr'><strong>τὴν</strong></span> <span class='ocrx_word' id='word_1_527' title='bbox 3606 2756 3685 2809; x_wconf 77' lang='grc' dir='ltr'>ἕν·-</span> 
     </span>
    </p>
   </div>
   <div class='ocr_carea' id='block_1_73' title="bbox 2110 2848 3685 2921">
    <p class='ocr_par' dir='ltr' id='par_1_73' title="bbox 2110 2848 3685 2921">
     <span class='ocr_line' id='line_1_73' title="bbox 2110 2848 3685 2921; baseline -0.003 -19"><span class='ocrx_word' id='word_1_528' title='bbox 2110 2848 2274 2921; x_wconf 83' lang='grc' dir='ltr'>δειξιν</span> <span class='ocrx_word' id='word_1_529' title='bbox 2326 2850 2427 2920; x_wconf 84' lang='grc' dir='ltr'>τῆς</span> <span class='ocrx_word' id='word_1_530' title='bbox 2470 2849 2749 2921; x_wconf 75' lang='grc' dir='ltr'><strong>ἀφθάρτου</strong></span> <span class='ocrx_word' id='word_1_531' title='bbox 2814 2848 3028 2919; x_wconf 87' lang='grc' dir='ltr'>φύσεως</span> <span class='ocrx_word' id='word_1_532' title='bbox 3076 2851 3184 2903; x_wconf 80' lang='grc' dir='ltr'>πᾶν</span> <span class='ocrx_word' id='word_1_533' title='bbox 3214 2849 3277 2902; x_wconf 82' lang='grc' dir='ltr'><strong>τὸ</strong></span> <span class='ocrx_word' id='word_1_534' title='bbox 3303 2848 3685 2919; x_wconf 82' lang='grc' dir='ltr'>εὑρισκόμενον</span> 
     </span>
    </p>
   </div>
   <div class='ocr_carea' id='block_1_74' title="bbox 2110 2939 3685 3013">
    <p class='ocr_par' dir='ltr' id='par_1_74' title="bbox 2110 2939 3685 3013">
     <span class='ocr_line' id='line_1_74' title="bbox 2110 2939 3685 3013; baseline 0.003 -19"><span class='ocrx_word' id='word_1_535' title='bbox 2110 2940 2282 3012; x_wconf 73' lang='grc' dir='ltr'>ὄνομα</span> <span class='ocrx_word' id='word_1_536' title='bbox 2306 2958 2318 2971; x_wconf 87' lang='grc'><strong>·</strong></span> <span class='ocrx_word' id='word_1_537' title='bbox 2352 2939 2477 2994; x_wconf 77' lang='grc' dir='ltr'>οὒτε</span> <span class='ocrx_word' id='word_1_538' title='bbox 2508 2940 2717 3013; x_wconf 82' lang='grc' dir='ltr'>θήλεος,</span> <span class='ocrx_word' id='word_1_539' title='bbox 2755 2940 2880 2994; x_wconf 76' lang='grc' dir='ltr'>οὕτε</span> <span class='ocrx_word' id='word_1_540' title='bbox 2909 2941 3132 3013; x_wconf 72' lang='grc' dir='ltr'>ἄρρενος</span> <span class='ocrx_word' id='word_1_541' title='bbox 3164 2941 3263 3011; x_wconf 82' lang='grc' dir='ltr'><strong>τὴν</strong></span> <span class='ocrx_word' id='word_1_542' title='bbox 3288 2939 3568 3010; x_wconf 83' lang='grc' dir='ltr'>σημασίαν</span> <span class='ocrx_word' id='word_1_543' title='bbox 3595 2939 3685 3006; x_wconf 80' lang='grc' dir='ltr'><strong>τῆς</strong></span> 
     </span>
    </p>
   </div>
   <div class='ocr_carea' id='block_1_75' title="bbox 2112 3027 3685 3104">
    <p class='ocr_par' dir='ltr' id='par_1_75' title="bbox 2112 3027 3685 3104">
     <span class='ocr_line' id='line_1_75' title="bbox 2112 3027 3685 3104; baseline -0.005 -17"><span class='ocrx_word' id='word_1_544' title='bbox 2112 3032 2391 3104; x_wconf 79' lang='grc' dir='ltr'>ἀκηράτου</span> <span class='ocrx_word' id='word_1_545' title='bbox 2431 3031 2898 3102; x_wconf 84' lang='grc' dir='ltr'>καταμολύνοντος</span> <span class='ocrx_word' id='word_1_546' title='bbox 2940 3031 3176 3101; x_wconf 87' lang='grc' dir='ltr'>φύσεως.</span> <span class='ocrx_word' id='word_1_547' title='bbox 3208 3030 3484 3084; x_wconf 63' lang='lat' dir='ltr'><strong>Atina-310</strong></span> <span class='ocrx_word' id='word_1_548' title='bbox 3504 3032 3564 3083; x_wconf 82' lang='grc' dir='ltr'>ὲν</span> <span class='ocrx_word' id='word_1_549' title='bbox 3596 3027 3685 3099; x_wconf 82' lang='grc' dir='ltr'>μὲν</span> 
     </span>
    </p>
   </div>
   <div class='ocr_carea' id='block_1_76' title="bbox 2112 3120 3681 3195">
    <p class='ocr_par' dir='ltr' id='par_1_76' title="bbox 2112 3120 3681 3195">
     <span class='ocr_line' id='line_1_76' title="bbox 2112 3120 3681 3195; baseline -0.003 -18"><span class='ocrx_word' id='word_1_550' title='bbox 2112 3124 2190 3194; x_wconf 81' lang='grc' dir='ltr'>τῷ</span> <span class='ocrx_word' id='word_1_551' title='bbox 2219 3123 2539 3195; x_wconf 84' lang='grc' dir='ltr'>Εὑαγγελίῳ</span> <span class='ocrx_word' id='word_1_552' title='bbox 2562 3123 2591 3176; x_wconf 86' lang='grc' dir='ltr'>ὁ</span> <span class='ocrx_word' id='word_1_553' title='bbox 2618 3122 2801 3195; x_wconf 73' lang='grc' dir='ltr'>πατὴρ</span> <span class='ocrx_word' id='word_1_554' title='bbox 2832 3122 3048 3193; x_wconf 82' lang='grc' dir='ltr'>λέγεται</span> <span class='ocrx_word' id='word_1_555' title='bbox 3083 3124 3260 3177; x_wconf 84' lang='grc' dir='ltr'>ποιεῖν</span> <span class='ocrx_word' id='word_1_556' title='bbox 3283 3121 3411 3183; x_wconf 78' lang='grc' dir='ltr'>τοὺς</span> <span class='ocrx_word' id='word_1_557' title='bbox 3440 3120 3681 3190; x_wconf 83' lang='grc' dir='ltr'>γάμους’</span> 
     </span>
    </p>
   </div>
   <div class='ocr_carea' id='block_1_77' title="bbox 2116 3212 3685 3285">
    <p class='ocr_par' dir='ltr' id='par_1_77' title="bbox 2116 3212 3685 3285">
     <span class='ocr_line' id='line_1_77' title="bbox 2116 3212 3685 3285; baseline -0.001 -19"><span class='ocrx_word' id='word_1_558' title='bbox 2116 3214 2146 3266; x_wconf 85' lang='grc' dir='ltr'>ὁ</span> <span class='ocrx_word' id='word_1_559' title='bbox 2175 3213 2232 3267; x_wconf 84' lang='grc' dir='ltr'><strong>δὲ</strong></span> <span class='ocrx_word' id='word_1_560' title='bbox 2259 3214 2553 3285; x_wconf 78' lang='grc' dir='ltr'>Προφήτης</span> <span class='ocrx_word' id='word_1_561' title='bbox 2604 3213 2738 3284; x_wconf 89' lang='grc' dir='ltr'>πρὸς</span> <span class='ocrx_word' id='word_1_562' title='bbox 2798 3213 2890 3266; x_wconf 87' lang='grc' dir='ltr'><strong>τὸν</strong></span> <span class='ocrx_word' id='word_1_563' title='bbox 2937 3212 3069 3267; x_wconf 86' lang='grc' dir='ltr'>Θεὸν</span> <span class='ocrx_word' id='word_1_564' title='bbox 3100 3212 3248 3281; x_wconf 88' lang='grc' dir='ltr'>λέγει</span> <span class='ocrx_word' id='word_1_565' title='bbox 3280 3229 3293 3243; x_wconf 82' lang='lat'><strong><em>°</em></strong></span> <span class='ocrx_word' id='word_1_566' title='bbox 3322 3212 3406 3269; x_wconf 81' lang='grc' dir='ltr'>ὃτι</span> <span class='ocrx_word' id='word_1_567' title='bbox 3433 3212 3685 3277; x_wconf 82' lang='grc' dir='ltr'>Ἐθηκας</span> 
     </span>
    </p>
   </div>
   <div class='ocr_carea' id='block_1_78' title="bbox 2116 3298 3680 3373">
    <p class='ocr_par' dir='ltr' id='par_1_78' title="bbox 2116 3298 3680 3373">
     <span class='ocr_line' id='line_1_78' title="bbox 2116 3298 3680 3373; baseline -0.004 -17"><span class='ocrx_word' id='word_1_568' title='bbox 2116 3303 2214 3357; x_wconf 76' lang='grc' dir='ltr'><strong>ἐπὶ</strong></span> <span class='ocrx_word' id='word_1_569' title='bbox 2243 3303 2358 3373; x_wconf 84' lang='grc' dir='ltr'><strong>τὴν</strong></span> <span class='ocrx_word' id='word_1_570' title='bbox 2378 3300 2843 3372; x_wconf 66' lang='grc' dir='ltr'>κεφαλὴν-αὺτοῦ</span> <span class='ocrx_word' id='word_1_571' title='bbox 2861 3302 3166 3371; x_wconf 72' lang='grc' dir='ltr'>στέφανον</span> <span class='ocrx_word' id='word_1_572' title='bbox 3178 3302 3247 3356; x_wconf 81' lang='grc' dir='ltr'>ἐκ</span> <span class='ocrx_word' id='word_1_573' title='bbox 3267 3302 3443 3355; x_wconf 73' lang='grc' dir='ltr'>λίθου</span> <span class='ocrx_word' id='word_1_574' title='bbox 3461 3298 3652 3368; x_wconf 83' lang='grc' dir='ltr'>τιμίου</span> <span class='ocrx_word' id='word_1_575' title='bbox 3668 3312 3680 3329; x_wconf 68' lang='grc' dir='ltr'><strong><em>ο</em></strong></span> 
     </span>
    </p>
   </div>
   <div class='ocr_carea' id='block_1_79' title="bbox 2118 3383 3683 3464">
    <p class='ocr_par' dir='ltr' id='par_1_79' title="bbox 2118 3383 3683 3464">
     <span class='ocr_line' id='line_1_79' title="bbox 2118 3383 3683 3464; baseline -0.005 -16"><span class='ocrx_word' id='word_1_576' title='bbox 2118 3393 2350 3451; x_wconf 74' lang='grc' dir='ltr'>ἐνταῦθα</span> <span class='ocrx_word' id='word_1_577' title='bbox 2386 3393 2443 3449; x_wconf 83' lang='grc' dir='ltr'><strong>δὲ</strong></span> <span class='ocrx_word' id='word_1_578' title='bbox 2476 3393 2628 3464; x_wconf 79' lang='grc' dir='ltr'>παρὰ</span> <span class='ocrx_word' id='word_1_579' title='bbox 2664 3394 2763 3463; x_wconf 84' lang='grc' dir='ltr'><strong>τῆς</strong></span> <span class='ocrx_word' id='word_1_580' title='bbox 2813 3393 3018 3464; x_wconf 82' lang='grc' dir='ltr'>μητρός</span> <span class='ocrx_word' id='word_1_581' title='bbox 3062 3408 3228 3463; x_wconf 85' lang='grc' dir='ltr'>φησιν</span> <span class='ocrx_word' id='word_1_582' title='bbox 3253 3389 3588 3445; x_wconf 78' lang='grc' dir='ltr'>ἐπιτίθεσθαι</span> <span class='ocrx_word' id='word_1_583' title='bbox 3614 3383 3683 3455; x_wconf 77' lang='grc' dir='ltr'>τῷ</span> 
     </span>
    </p>
   </div>
   <div class='ocr_carea' id='block_1_80' title="bbox 2116 3480 3684 3558">
    <p class='ocr_par' dir='ltr' id='par_1_80' title="bbox 2116 3480 3684 3558">
     <span class='ocr_line' id='line_1_80' title="bbox 2116 3480 3684 3558; baseline -0.001 -17"><span class='ocrx_word' id='word_1_584' title='bbox 2116 3486 2335 3558; x_wconf 84' lang='grc' dir='ltr'>νυμφίῳ</span> <span class='ocrx_word' id='word_1_585' title='bbox 2382 3486 2473 3542; x_wconf 78' lang='grc' dir='ltr'><strong>τὸν</strong></span> <span class='ocrx_word' id='word_1_586' title='bbox 2513 3486 2792 3554; x_wconf 85' lang='grc' dir='ltr'>στέφανον.</span> <span class='ocrx_word' id='word_1_587' title='bbox 2846 3486 3000 3543; x_wconf 73' lang='grc' dir='ltr'>Ἐπεὶ</span> <span class='ocrx_word' id='word_1_588' title='bbox 3038 3480 3129 3539; x_wconf 82' lang='grc' dir='ltr'>οὖν</span> <span class='ocrx_word' id='word_1_589' title='bbox 3164 3486 3309 3538; x_wconf 76' lang='grc' dir='ltr'>ἐστιν</span> <span class='ocrx_word' id='word_1_590' title='bbox 3338 3480 3419 3547; x_wconf 79' lang='grc' dir='ltr'>εἷς</span> <span class='ocrx_word' id='word_1_591' title='bbox 3458 3484 3487 3553; x_wconf 73' lang='grc' dir='ltr'>ὁ</span> <span class='ocrx_word' id='word_1_592' title='bbox 3518 3481 3684 3550; x_wconf 78' lang='grc' dir='ltr'>γάμος</span> 
     </span>
    </p>
   </div>
   <div class='ocr_carea' id='block_1_81' title="bbox 2116 3569 3683 3649">
    <p class='ocr_par' dir='ltr' id='par_1_81' title="bbox 2116 3569 3683 3649">
     <span class='ocr_line' id='line_1_81' title="bbox 2116 3569 3683 3649; baseline -0.008 -16"><span class='ocrx_word' id='word_1_593' title='bbox 2116 3578 2210 3635; x_wconf 79' lang='grc' dir='ltr'>καὶ</span> <span class='ocrx_word' id='word_1_594' title='bbox 2230 3577 2329 3649; x_wconf 87' lang='grc' dir='ltr'>μία</span> <span class='ocrx_word' id='word_1_595' title='bbox 2347 3577 2556 3649; x_wconf 81' lang='grc' dir='ltr'>νύμφη,</span> <span class='ocrx_word' id='word_1_596' title='bbox 2577 3576 2672 3629; x_wconf 71' lang='grc' dir='ltr'><strong>καὶ</strong></span> <span class='ocrx_word' id='word_1_597' title='bbox 2700 3575 2850 3646; x_wconf 76' lang='grc' dir='ltr'>παρὰ</span> <span class='ocrx_word' id='word_1_598' title='bbox 2880 3576 2998 3640; x_wconf 79' lang='grc' dir='ltr'>ἐνὸς</span> <span class='ocrx_word' id='word_1_599' title='bbox 3014 3574 3364 3630; x_wconf 68' lang='grc' dir='ltr'>ἐπιϐάλλεται</span> <span class='ocrx_word' id='word_1_600' title='bbox 3381 3572 3457 3642; x_wconf 83' lang='grc' dir='ltr'>τῷ</span> <span class='ocrx_word' id='word_1_601' title='bbox 3477 3569 3683 3641; x_wconf 82' lang='grc' dir='ltr'>νυμφίῳ</span> 
     </span>
    </p>
   </div>
   <div class='ocr_carea' id='block_1_82' title="bbox 2116 3654 3683 3737">
    <p class='ocr_par' dir='ltr' id='par_1_82' title="bbox 2116 3654 3683 3737">
     <span class='ocr_line' id='line_1_82' title="bbox 2116 3654 3683 3737; baseline -0.01 -14"><span class='ocrx_word' id='word_1_602' title='bbox 2116 3671 2145 3724; x_wconf 90' lang='grc' dir='ltr'>ὁ</span> <span class='ocrx_word' id='word_1_603' title='bbox 2176 3668 2437 3737; x_wconf 82' lang='grc' dir='ltr'>στέφανος</span> <span class='ocrx_word' id='word_1_604' title='bbox 2457 3684 2470 3698; x_wconf 86' lang='grc'><strong>·</strong></span> <span class='ocrx_word' id='word_1_605' title='bbox 2504 3666 2654 3720; x_wconf 79' lang='grc' dir='ltr'>οὐδὲν</span> <span class='ocrx_word' id='word_1_606' title='bbox 2676 3666 2922 3737; x_wconf 73' lang='grc' dir='ltr'>διαφέρει</span> <span class='ocrx_word' id='word_1_607' title='bbox 2955 3664 3197 3728; x_wconf 84' lang='grc' dir='ltr'>πάντως,</span> <span class='ocrx_word' id='word_1_608' title='bbox 3228 3660 3408 3734; x_wconf 84' lang='grc' dir='ltr'>ἣΥἱὸν</span> <span class='ocrx_word' id='word_1_609' title='bbox 3440 3659 3536 3712; x_wconf 77' lang='grc' dir='ltr'>τοῦ</span> <span class='ocrx_word' id='word_1_610' title='bbox 3558 3654 3683 3711; x_wconf 85' lang='grc' dir='ltr'><strong>Θεοῦ</strong></span> 
     </span>
    </p>
   </div>
   <div class='ocr_carea' id='block_1_83' title="bbox 2118 3745 3681 3830">
    <p class='ocr_par' dir='ltr' id='par_1_83' title="bbox 2118 3745 3681 3830">
     <span class='ocr_line' id='line_1_83' title="bbox 2118 3745 3681 3830; baseline -0.004 -17"><span class='ocrx_word' id='word_1_611' title='bbox 2118 3760 2209 3819; x_wconf 81' lang='grc' dir='ltr'><strong>τὸν</strong></span> <span class='ocrx_word' id='word_1_612' title='bbox 2247 3758 2507 3830; x_wconf 83' lang='grc' dir='ltr'>μονογενῆ</span> <span class='ocrx_word' id='word_1_613' title='bbox 2531 3757 2712 3827; x_wconf 86' lang='grc' dir='ltr'>λέγειν</span> <span class='ocrx_word' id='word_1_614' title='bbox 2748 3757 2902 3824; x_wconf 88' lang='grc' dir='ltr'>Θεὸν,</span> <span class='ocrx_word' id='word_1_615' title='bbox 2936 3751 3104 3830; x_wconf 80' lang='grc' dir='ltr'>ἧΥίὸν</span> <span class='ocrx_word' id='word_1_616' title='bbox 3120 3755 3221 3825; x_wconf 83' lang='grc' dir='ltr'><strong>τῆς</strong></span> <span class='ocrx_word' id='word_1_617' title='bbox 3248 3753 3466 3822; x_wconf 80' lang='grc' dir='ltr'>ἀγάπης</span> <span class='ocrx_word' id='word_1_618' title='bbox 3506 3745 3681 3807; x_wconf 65' lang='grc' dir='ltr'>αὐτοῦ.</span> 
     </span>
    </p>
   </div>
   <div class='ocr_carea' id='block_1_84' title="bbox 2118 3841 3757 3921">
    <p class='ocr_par' dir='ltr' id='par_1_84' title="bbox 2118 3841 3757 3921">
     <span class='ocr_line' id='line_1_84' title="bbox 2118 3841 3757 3921; baseline -0.009 -15"><span class='ocrx_word' id='word_1_619' title='bbox 2118 3849 2260 3906; x_wconf 78' lang='grc' dir='ltr'>κατὰ</span> <span class='ocrx_word' id='word_1_620' title='bbox 2281 3849 2379 3921; x_wconf 82' lang='grc' dir='ltr'>τὴν</span> <span class='ocrx_word' id='word_1_621' title='bbox 2397 3848 2611 3903; x_wconf 83' lang='grc' dir='ltr'>Παύλου</span> <span class='ocrx_word' id='word_1_622' title='bbox 2647 3849 2852 3920; x_wconf 83' lang='grc' dir='ltr'>φωνὴν,</span> <span class='ocrx_word' id='word_1_623' title='bbox 2881 3848 2957 3911; x_wconf 87' lang='grc' dir='ltr'>ὼς</span> <span class='ocrx_word' id='word_1_624' title='bbox 2991 3847 3119 3917; x_wconf 74' lang='grc' dir='ltr'>μιᾶς</span> <span class='ocrx_word' id='word_1_625' title='bbox 3145 3842 3315 3914; x_wconf 74' lang='grc' dir='ltr'>οὔσης</span> <span class='ocrx_word' id='word_1_626' title='bbox 3351 3841 3472 3895; x_wconf 84' lang='grc' dir='ltr'>καθ’</span> <span class='ocrx_word' id='word_1_627' title='bbox 3501 3841 3683 3895; x_wconf 82' lang='grc' dir='ltr'>έκάτε·</span> <span class='ocrx_word' id='word_1_628' title='bbox 3744 3844 3757 3857; x_wconf 83' lang='grc'><strong><em>⁸</em></strong></span> 
     </span>
    </p>
   </div>
   <div class='ocr_carea' id='block_1_85' title="bbox 2119 3933 3685 4017">
    <p class='ocr_par' dir='ltr' id='par_1_85' title="bbox 2119 3933 3685 4017">
     <span class='ocr_line' id='line_1_85' title="bbox 2119 3933 3685 4017; baseline -0.009 -21"><span class='ocrx_word' id='word_1_629' title='bbox 2119 3959 2213 4017; x_wconf 84' lang='grc' dir='ltr'><strong>ρον</strong></span> <span class='ocrx_word' id='word_1_630' title='bbox 2243 3941 2414 4011; x_wconf 77' lang='grc' dir='ltr'>ὄνομα</span> <span class='ocrx_word' id='word_1_631' title='bbox 2470 3941 2569 4013; x_wconf 76' lang='grc' dir='ltr'>τῆς</span> <span class='ocrx_word' id='word_1_632' title='bbox 2598 3938 3073 4011; x_wconf 87' lang='grc' dir='ltr'>νυμφοστολούσης</span> <span class='ocrx_word' id='word_1_633' title='bbox 3112 3936 3274 3991; x_wconf 84' lang='grc' dir='ltr'>αὐτὸν</span> <span class='ocrx_word' id='word_1_634' title='bbox 3302 3934 3395 3987; x_wconf 73' lang='grc' dir='ltr'>ἐπὶ</span> <span class='ocrx_word' id='word_1_635' title='bbox 3434 3933 3534 4004; x_wconf 78' lang='grc' dir='ltr'>τῆς</span> <span class='ocrx_word' id='word_1_636' title='bbox 3563 3933 3685 4001; x_wconf 79' lang='grc' dir='ltr'>ἠμε-</span> 
     </span>
    </p>
   </div>
   <div class='ocr_carea' id='block_1_86' title="bbox 2117 4018 3685 4107">
    <p class='ocr_par' dir='ltr' id='par_1_86' title="bbox 2117 4018 3685 4107">
     <span class='ocr_line' id='line_1_86' title="bbox 2117 4018 3685 4107; baseline -0.009 -20"><span class='ocrx_word' id='word_1_637' title='bbox 2117 4034 2282 4107; x_wconf 86' lang='grc' dir='ltr'>τέρας</span> <span class='ocrx_word' id='word_1_638' title='bbox 2296 4033 2657 4103; x_wconf 83' lang='grc' dir='ltr'>συνοικήσεως</span> <span class='ocrx_word' id='word_1_639' title='bbox 2675 4031 2979 4102; x_wconf 83' lang='grc' dir='ltr'>δυνάμεως.</span> <span class='ocrx_word' id='word_1_640' title='bbox 3018 4026 3294 4093; x_wconf 81' lang='grc' dir='ltr'>Ἐξέλθετε</span> <span class='ocrx_word' id='word_1_641' title='bbox 3315 4020 3430 4089; x_wconf 81' lang='grc' dir='ltr'>οὖν,</span> <span class='ocrx_word' id='word_1_642' title='bbox 3460 4023 3625 4095; x_wconf 74' lang='grc' dir='ltr'>φησὶν</span> <span class='ocrx_word' id='word_1_643' title='bbox 3652 4018 3685 4088; x_wconf 74' lang='grc' dir='ltr'><strong>ὴ</strong></span> 
     </span>
    </p>
   </div>
   <div class='ocr_carea' id='block_1_87' title="bbox 2117 4114 3684 4195">
    <p class='ocr_par' dir='ltr' id='par_1_87' title="bbox 2117 4114 3684 4195">
     <span class='ocr_line' id='line_1_87' title="bbox 2117 4114 3684 4195; baseline -0.008 -17"><span class='ocrx_word' id='word_1_644' title='bbox 2117 4122 2303 4195; x_wconf 82' lang='grc' dir='ltr'>νύμφη</span> <span class='ocrx_word' id='word_1_645' title='bbox 2338 4123 2475 4194; x_wconf 85' lang='grc' dir='ltr'>πρὸς</span> <span class='ocrx_word' id='word_1_646' title='bbox 2501 4123 2599 4187; x_wconf 82' lang='grc' dir='ltr'><strong>τὰς</strong></span> <span class='ocrx_word' id='word_1_647' title='bbox 2630 4121 2897 4186; x_wconf 80' lang='grc' dir='ltr'>νεάνιδας,</span> <span class='ocrx_word' id='word_1_648' title='bbox 2922 4120 3014 4177; x_wconf 75' lang='grc' dir='ltr'>καὶ</span> <span class='ocrx_word' id='word_1_649' title='bbox 3046 4119 3342 4190; x_wconf 83' lang='grc' dir='ltr'>θυγατέρες</span> <span class='ocrx_word' id='word_1_650' title='bbox 3381 4115 3520 4169; x_wconf 88' lang='grc' dir='ltr'>Σιὼν</span> <span class='ocrx_word' id='word_1_651' title='bbox 3544 4114 3684 4183; x_wconf 77' lang='grc' dir='ltr'>γένε-</span> 
     </span>
    </p>
   </div>
   <div class='ocr_carea' id='block_1_88' title="bbox 2120 4205 3684 4283">
    <p class='ocr_par' dir='ltr' id='par_1_88' title="bbox 2120 4205 3684 4283">
     <span class='ocr_line' id='line_1_88' title="bbox 2120 4205 3684 4283; baseline -0.01 -13"><span class='ocrx_word' id='word_1_652' title='bbox 2120 4215 2213 4270; x_wconf 89' lang='grc' dir='ltr'><strong>σθε</strong></span> <span class='ocrx_word' id='word_1_653' title='bbox 2238 4233 2251 4246; x_wconf 90' lang='grc'><strong>·</strong></span> <span class='ocrx_word' id='word_1_654' title='bbox 2281 4214 2423 4269; x_wconf 85' lang='grc' dir='ltr'>ὥστε</span> <span class='ocrx_word' id='word_1_655' title='bbox 2451 4214 2559 4267; x_wconf 86' lang='grc' dir='ltr'><strong>άπὸ</strong></span> <span class='ocrx_word' id='word_1_656' title='bbox 2584 4214 2820 4278; x_wconf 79' lang='grc' dir='ltr'>σκοπιᾶς</span> <span class='ocrx_word' id='word_1_657' title='bbox 2859 4211 3068 4283; x_wconf 79' lang='grc' dir='ltr'>ὑψηλῆς</span> <span class='ocrx_word' id='word_1_658' title='bbox 3102 4209 3266 4281; x_wconf 72' lang='grc' dir='ltr'>(οὕτω</span> <span class='ocrx_word' id='word_1_659' title='bbox 3306 4208 3413 4280; x_wconf 83' lang='grc' dir='ltr'>γὰρ</span> <span class='ocrx_word' id='word_1_660' title='bbox 3444 4206 3583 4259; x_wconf 86' lang='grc' dir='ltr'>Σιὼν</span> <span class='ocrx_word' id='word_1_661' title='bbox 3604 4205 3684 4273; x_wconf 83' lang='grc' dir='ltr'>έρ-</span> 
     </span>
    </p>
   </div>
   <div class='ocr_carea' id='block_1_89' title="bbox 2121 4299 3685 4379">
    <p class='ocr_par' dir='ltr' id='par_1_89' title="bbox 2121 4299 3685 4379">
     <span class='ocr_line' id='line_1_89' title="bbox 2121 4299 3685 4379; baseline -0.009 -18"><span class='ocrx_word' id='word_1_662' title='bbox 2121 4306 2434 4379; x_wconf 85' lang='grc' dir='ltr'>μηνεύεται)</span> <span class='ocrx_word' id='word_1_663' title='bbox 2459 4303 2826 4376; x_wconf 81' lang='grc' dir='ltr'>δυνηθῆναιτὸ</span> <span class='ocrx_word' id='word_1_664' title='bbox 2856 4301 3167 4375; x_wconf 85' lang='grc' dir='ltr'>θαυμαστὸν</span> <span class='ocrx_word' id='word_1_665' title='bbox 3190 4302 3318 4357; x_wconf 85' lang='grc' dir='ltr'>ἰδεῖν</span> <span class='ocrx_word' id='word_1_666' title='bbox 3352 4299 3555 4368; x_wconf 83' lang='grc' dir='ltr'>θέαμα,</span> <span class='ocrx_word' id='word_1_667' title='bbox 3585 4309 3685 4348; x_wconf 85' lang='grc' dir='ltr'><strong>στε⁹</strong></span> 
     </span>
    </p>
   </div>
   <div class='ocr_carea' id='block_1_90' title="bbox 2117 4386 3679 4471">
    <p class='ocr_par' dir='ltr' id='par_1_90' title="bbox 2117 4386 3679 4471">
     <span class='ocr_line' id='line_1_90' title="bbox 2117 4386 3679 4471; baseline -0.007 -19"><span class='ocrx_word' id='word_1_668' title='bbox 2117 4398 2535 4471; x_wconf 80' lang='grc' dir='ltr'>φανηφοροῦντα</span> <span class='ocrx_word' id='word_1_669' title='bbox 2588 4396 2677 4452; x_wconf 86' lang='grc' dir='ltr'><strong>τὸν</strong></span> <span class='ocrx_word' id='word_1_670' title='bbox 2740 4395 2995 4466; x_wconf 85' lang='grc' dir='ltr'>νυμφίον.</span> <span class='ocrx_word' id='word_1_671' title='bbox 3049 4394 3321 4463; x_wconf 82' lang='grc' dir='ltr'>Στέφανος</span> <span class='ocrx_word' id='word_1_672' title='bbox 3374 4391 3432 4444; x_wconf 83' lang='grc' dir='ltr'><strong>δὲ</strong></span> <span class='ocrx_word' id='word_1_673' title='bbox 3477 4386 3679 4457; x_wconf 80' lang='grc' dir='ltr'>αὐτῷή</span> 
     </span>
    </p>
   </div>
   <div class='ocr_carea' id='block_1_91' title="bbox 2132 4482 3793 4561">
    <p class='ocr_par' dir='ltr' id='par_1_91' title="bbox 2132 4482 3793 4561">
     <span class='ocr_line' id='line_1_91' title="bbox 2132 4482 3793 4561; baseline -0.011 -14"><span class='ocrx_word' id='word_1_674' title='bbox 2132 4491 2426 4561; x_wconf 86' lang='grc' dir='ltr'>Ἐκκλησία</span> <span class='ocrx_word' id='word_1_675' title='bbox 2437 4489 2665 4559; x_wconf 86' lang='grc' dir='ltr'>γίνεται,</span> <span class='ocrx_word' id='word_1_676' title='bbox 2685 4488 2775 4543; x_wconf 81' lang='grc' dir='ltr'><strong>διὰ</strong></span> <span class='ocrx_word' id='word_1_677' title='bbox 2803 4486 2910 4542; x_wconf 83' lang='grc' dir='ltr'>τῶν</span> <span class='ocrx_word' id='word_1_678' title='bbox 2937 4486 3197 4561; x_wconf 76' lang='grc' dir='ltr'>ἐμψύχων</span> <span class='ocrx_word' id='word_1_679' title='bbox 3222 4485 3385 4538; x_wconf 84' lang='grc' dir='ltr'>λίθων</span> <span class='ocrx_word' id='word_1_680' title='bbox 3411 4482 3510 4553; x_wconf 82' lang='grc' dir='ltr'>τὴν</span> <span class='ocrx_word' id='word_1_681' title='bbox 3530 4493 3682 4548; x_wconf 81' lang='grc' dir='ltr'>κεφα-</span> <span class='ocrx_word' id='word_1_682' title='bbox 3788 4536 3793 4540; x_wconf 29' lang='grc' dir='ltr'><strong>η</strong></span> 
     </span>
    </p>
   </div>
   <div class='ocr_carea' id='block_1_92' title="bbox 436 4565 2008 4655">
    <p class='ocr_par' dir='ltr' id='par_1_92' title="bbox 436 4572 2008 4648">
     <span class='ocr_line' id='line_1_92' title="bbox 436 4572 2008 4648; baseline 0.003 -22"><span class='ocrx_word' id='word_1_683' title='bbox 436 4572 561 4626; x_wconf 90' lang='lat' dir='ltr'><strong>cula</strong></span> <span class='ocrx_word' id='word_1_684' title='bbox 596 4572 726 4642; x_wconf 91' lang='lat' dir='ltr'><strong>(hoc</strong></span> <span class='ocrx_word' id='word_1_685' title='bbox 771 4574 917 4629; x_wconf 87' lang='lat' dir='ltr'><strong>enim</strong></span> <span class='ocrx_word' id='word_1_686' title='bbox 964 4589 1071 4629; x_wconf 79' lang='lat' dir='ltr'><strong>vox</strong></span> <span class='ocrx_word' id='word_1_687' title='bbox 1112 4573 1244 4629; x_wconf 91' lang='lat' dir='ltr'><strong>Sion</strong></span> <span class='ocrx_word' id='word_1_688' title='bbox 1284 4575 1580 4648; x_wconf 81' lang='lat' dir='ltr'><strong>significat)</strong></span> <span class='ocrx_word' id='word_1_689' title='bbox 1638 4577 2008 4648; x_wconf 88' lang='lat' dir='ltr'><strong>spectaculum</strong></span> 
     </span>
    </p>
   </div>
   <div class='ocr_carea' id='block_1_93' title="bbox 2112 4565 3680 4655">
    <p class='ocr_par' dir='ltr' id='par_1_93' title="bbox 2117 4565 3680 4655">
     <span class='ocr_line' id='line_1_93' title="bbox 2117 4565 3680 4655; baseline -0.012 -17"><span class='ocrx_word' id='word_1_690' title='bbox 2117 4582 2216 4655; x_wconf 81' lang='grc' dir='ltr'>λὴν</span> <span class='ocrx_word' id='word_1_691' title='bbox 2237 4584 2294 4636; x_wconf 81' lang='grc' dir='ltr'><strong>έν</strong></span> <span class='ocrx_word' id='word_1_692' title='bbox 2321 4580 2507 4653; x_wconf 83' lang='grc' dir='ltr'>κύκλῳ</span> <span class='ocrx_word' id='word_1_693' title='bbox 2542 4578 3003 4651; x_wconf 78' lang='grc' dir='ltr'>διαλαμϐάνουσα.</span> <span class='ocrx_word' id='word_1_694' title='bbox 3032 4574 3478 4648; x_wconf 83' lang='grc' dir='ltr'>Στεφανηπλόκος</span> <span class='ocrx_word' id='word_1_695' title='bbox 3512 4572 3569 4626; x_wconf 78' lang='grc' dir='ltr'><strong>δὲ</strong></span> <span class='ocrx_word' id='word_1_696' title='bbox 3598 4565 3680 4621; x_wconf 76' lang='grc' dir='ltr'><strong>τοῦ</strong></span> 
     </span>
    </p>
   </div>
   <div class='ocr_carea' id='block_1_94' title="bbox 437 4659 2008 4743">
    <p class='ocr_par' dir='ltr' id='par_1_94' title="bbox 437 4660 2008 4736">
     <span class='ocr_line' id='line_1_94' title="bbox 437 4660 2008 4736; baseline 0.005 -23"><span class='ocrx_word' id='word_1_697' title='bbox 437 4660 827 4717; x_wconf 87' lang='lat' dir='ltr'><strong>admirandum</strong></span> <span class='ocrx_word' id='word_1_698' title='bbox 884 4663 1071 4718; x_wconf 84' lang='lat' dir='ltr'><strong>videre</strong></span> <span class='ocrx_word' id='word_1_699' title='bbox 1132 4664 1381 4734; x_wconf 86' lang='lat' dir='ltr'><strong>possitis,</strong></span> <span class='ocrx_word' id='word_1_700' title='bbox 1415 4665 1675 4721; x_wconf 86' lang='lat' dir='ltr'><strong>videlicet</strong></span> <span class='ocrx_word' id='word_1_701' title='bbox 1746 4680 2008 4736; x_wconf 89' lang='lat' dir='ltr'><strong>sponsum</strong></span> 
     </span>
    </p>
   </div>
   <div class='ocr_carea' id='block_1_95' title="bbox 2112 4659 3677 4743">
    <p class='ocr_par' dir='ltr' id='par_1_95' title="bbox 2121 4659 3677 4743">
     <span class='ocr_line' id='line_1_95' title="bbox 2121 4659 3677 4743; baseline -0.006 -16"><span class='ocrx_word' id='word_1_702' title='bbox 2121 4672 2366 4728; x_wconf 84' lang='grc' dir='ltr'>τοιούτου</span> <span class='ocrx_word' id='word_1_703' title='bbox 2396 4670 2686 4741; x_wconf 84' lang='grc' dir='ltr'>στεφάνου,</span> <span class='ocrx_word' id='word_1_704' title='bbox 2709 4672 2744 4743; x_wconf 80' lang='grc' dir='ltr'><strong>ἡ</strong></span> <span class='ocrx_word' id='word_1_705' title='bbox 2786 4669 2974 4739; x_wconf 81' lang='grc' dir='ltr'>ἀγάπη</span> <span class='ocrx_word' id='word_1_706' title='bbox 3000 4668 3166 4733; x_wconf 67' lang='grc' dir='ltr'>ἐστὶν,</span> <span class='ocrx_word' id='word_1_707' title='bbox 3193 4668 3279 4739; x_wconf 82' lang='grc' dir='ltr'>ἢν,</span> <span class='ocrx_word' id='word_1_708' title='bbox 3318 4664 3428 4717; x_wconf 81' lang='grc' dir='ltr'>εἴτε</span> <span class='ocrx_word' id='word_1_709' title='bbox 3462 4659 3677 4733; x_wconf 65' lang='grc' dir='ltr'>μητέρα,</span> 
     </span>
    </p>
   </div>
   <div class='ocr_carea' id='block_1_96' title="bbox 437 4748 2008 4835">
    <p class='ocr_par' dir='ltr' id='par_1_96' title="bbox 437 4752 2008 4828">
     <span class='ocr_line' id='line_1_96' title="bbox 437 4752 2008 4828; baseline 0.005 -23"><span class='ocrx_word' id='word_1_710' title='bbox 437 4765 645 4805; x_wconf 85' lang='lat' dir='ltr'><strong>corona</strong></span> <span class='ocrx_word' id='word_1_711' title='bbox 678 4752 1015 4807; x_wconf 87' lang='lat' dir='ltr'><strong>redimitum.</strong></span> <span class='ocrx_word' id='word_1_712' title='bbox 1057 4752 1154 4810; x_wconf 89' lang='lat' dir='ltr'><strong>Est</strong></span> <span class='ocrx_word' id='word_1_713' title='bbox 1175 4763 1356 4811; x_wconf 91' lang='lat' dir='ltr'><strong>autem</strong></span> <span class='ocrx_word' id='word_1_714' title='bbox 1383 4770 1585 4811; x_wconf 89' lang='lat' dir='ltr'><strong>corona</strong></span> <span class='ocrx_word' id='word_1_715' title='bbox 1621 4756 1788 4828; x_wconf 91' lang='lat' dir='ltr'><strong>hujus</strong></span> <span class='ocrx_word' id='word_1_716' title='bbox 1827 4755 2008 4813; x_wconf 72' lang='lat' dir='ltr'><strong>Eccle~</strong></span> 
     </span>
    </p>
   </div>
   <div class='ocr_carea' id='block_1_97' title="bbox 2112 4748 3679 4835">
    <p class='ocr_par' dir='ltr' id='par_1_97' title="bbox 2123 4748 3679 4835">
     <span class='ocr_line' id='line_1_97' title="bbox 2123 4748 3679 4835; baseline -0.01 -17"><span class='ocrx_word' id='word_1_717' title='bbox 2123 4764 2232 4819; x_wconf 71' lang='grc' dir='ltr'>εἴτε</span> <span class='ocrx_word' id='word_1_718' title='bbox 2279 4763 2498 4835; x_wconf 81' lang='grc' dir='ltr'>ἀγάπην</span> <span class='ocrx_word' id='word_1_719' title='bbox 2533 4779 2617 4826; x_wconf 84' lang='grc' dir='ltr'><strong>τις</strong></span> <span class='ocrx_word' id='word_1_720' title='bbox 2654 4761 2823 4830; x_wconf 84' lang='grc' dir='ltr'>λέγει,</span> <span class='ocrx_word' id='word_1_721' title='bbox 2855 4761 2955 4830; x_wconf 81' lang='grc' dir='ltr'><strong>οὐχ</strong></span> <span class='ocrx_word' id='word_1_722' title='bbox 3000 4759 3392 4833; x_wconf 72' lang='grc' dir='ltr'>ἁμαρτήσεται.</span> <span class='ocrx_word' id='word_1_723' title='bbox 3421 4752 3552 4817; x_wconf 88' lang='grc' dir='ltr'>Θεὸς</span> <span class='ocrx_word' id='word_1_724' title='bbox 3586 4748 3679 4817; x_wconf 78' lang='grc' dir='ltr'><strong>γάρ</strong></span> 
     </span>
    </p>
   </div>
   <div class='ocr_carea' id='block_1_98' title="bbox 437 4837 2008 4926">
    <p class='ocr_par' dir='ltr' id='par_1_98' title="bbox 437 4843 2008 4918">
     <span class='ocr_line' id='line_1_98' title="bbox 437 4843 2008 4918; baseline 0.004 -19"><span class='ocrx_word' id='word_1_725' title='bbox 437 4843 544 4907; x_wconf 83' lang='lat' dir='ltr'><strong>sia,</strong></span> <span class='ocrx_word' id='word_1_726' title='bbox 570 4859 692 4913; x_wconf 66' lang='lat' dir='ltr'><strong>quae</strong></span> <span class='ocrx_word' id='word_1_727' title='bbox 716 4845 907 4915; x_wconf 88' lang='lat' dir='ltr'><strong>sponsi</strong></span> <span class='ocrx_word' id='word_1_728' title='bbox 942 4854 1105 4915; x_wconf 88' lang='lat' dir='ltr'><strong>caput</strong></span> <span class='ocrx_word' id='word_1_729' title='bbox 1150 4847 1291 4902; x_wconf 89' lang='lat' dir='ltr'><strong>vivis</strong></span> <span class='ocrx_word' id='word_1_730' title='bbox 1335 4854 1390 4902; x_wconf 82' lang='lat' dir='ltr'><strong>et</strong></span> <span class='ocrx_word' id='word_1_731' title='bbox 1436 4847 1693 4902; x_wconf 87' lang='lat' dir='ltr'><strong>animatis</strong></span> <span class='ocrx_word' id='word_1_732' title='bbox 1740 4846 2008 4918; x_wconf 83' lang='lat' dir='ltr'><strong>lapidibus</strong></span> 
     </span>
    </p>
   </div>
   <div class='ocr_carea' id='block_1_99' title="bbox 2112 4837 3679 4926">
    <p class='ocr_par' dir='ltr' id='par_1_99' title="bbox 2121 4837 3679 4926">
     <span class='ocr_line' id='line_1_99' title="bbox 2121 4837 3679 4926; baseline -0.011 -18"><span class='ocrx_word' id='word_1_733' title='bbox 2121 4856 2270 4912; x_wconf 84' lang='grc' dir='ltr'>ἐστιν</span> <span class='ocrx_word' id='word_1_734' title='bbox 2303 4852 2513 4926; x_wconf 85' lang='grc' dir='ltr'>ἀγάπη,</span> <span class='ocrx_word' id='word_1_735' title='bbox 2565 4851 2708 4908; x_wconf 85' lang='grc' dir='ltr'>κατὰ</span> <span class='ocrx_word' id='word_1_736' title='bbox 2762 4851 2863 4922; x_wconf 80' lang='grc' dir='ltr'><strong>τὴν</strong></span> <span class='ocrx_word' id='word_1_737' title='bbox 2908 4850 3152 4913; x_wconf 79' lang='grc' dir='ltr'>Ἰωάννου</span> <span class='ocrx_word' id='word_1_738' title='bbox 3196 4847 3400 4919; x_wconf 81' lang='grc' dir='ltr'>φωνήν.</span> <span class='ocrx_word' id='word_1_739' title='bbox 3431 4837 3679 4910; x_wconf 69' lang='grc' dir='ltr'>Τούτιρδὲ</span> 
     </span>
    </p>
   </div>
   <div class='ocr_carea' id='block_1_100' title="bbox 438 4933 2008 5020">
    <p class='ocr_par' dir='ltr' id='par_1_100' title="bbox 438 4933 2008 5008">
     <span class='ocr_line' id='line_1_100' title="bbox 438 4933 2008 5008; baseline 0.007 -20"><span class='ocrx_word' id='word_1_740' title='bbox 438 4933 684 5005; x_wconf 88' lang='lat' dir='ltr'><strong>undique</strong></span> <span class='ocrx_word' id='word_1_741' title='bbox 713 4935 1040 4992; x_wconf 89' lang='lat' dir='ltr'><strong>circumdat.</strong></span> <span class='ocrx_word' id='word_1_742' title='bbox 1082 4938 1257 5008; x_wconf 90' lang='lat' dir='ltr'><strong>Atque</strong></span> <span class='ocrx_word' id='word_1_743' title='bbox 1292 4937 1433 4995; x_wconf 89' lang='lat' dir='ltr'><strong>hanc</strong></span> <span class='ocrx_word' id='word_1_744' title='bbox 1473 4953 1737 4994; x_wconf 89' lang='lat' dir='ltr'><strong>coronam</strong></span> <span class='ocrx_word' id='word_1_745' title='bbox 1771 4939 2008 5000; x_wconf 86' lang='lat' dir='ltr'><strong>charitas</strong></span> 
     </span>
    </p>
   </div>
   <div class='ocr_carea' id='block_1_101' title="bbox 2112 4933 3675 5020">
    <p class='ocr_par' dir='ltr' id='par_1_101' title="bbox 2119 4935 3675 5020">
     <span class='ocr_line' id='line_1_101' title="bbox 2119 4935 3675 5020; baseline -0.005 -18"><span class='ocrx_word' id='word_1_746' title='bbox 2119 4947 2199 5018; x_wconf 81' lang='grc' dir='ltr'>τῷ</span> <span class='ocrx_word' id='word_1_747' title='bbox 2247 4945 2496 5020; x_wconf 81' lang='grc' dir='ltr'>στεφάνῳ</span> <span class='ocrx_word' id='word_1_748' title='bbox 2557 4942 3009 5016; x_wconf 79' lang='grc' dir='ltr'>ὲνευφραίνεσθαι</span> <span class='ocrx_word' id='word_1_749' title='bbox 3048 4942 3196 5012; x_wconf 85' lang='grc' dir='ltr'>λέγει</span> <span class='ocrx_word' id='word_1_750' title='bbox 3240 4939 3457 5009; x_wconf 81' lang='grc' dir='ltr'>αύτὸνή</span> <span class='ocrx_word' id='word_1_751' title='bbox 3486 4935 3675 5004; x_wconf 72' lang='grc' dir='ltr'>νύμφην</span> 
     </span>
    </p>
   </div>
   <div class='ocr_carea' id='block_1_102' title="bbox 436 5023 2008 5119">
    <p class='ocr_par' dir='ltr' id='par_1_102' title="bbox 436 5025 2008 5102">
     <span class='ocr_line' id='line_1_102' title="bbox 436 5025 2008 5102; baseline 0.004 -18"><span class='ocrx_word' id='word_1_752' title='bbox 436 5028 757 5085; x_wconf 77' lang='lat' dir='ltr'><strong>connexuit.</strong></span> <span class='ocrx_word' id='word_1_753' title='bbox 783 5025 920 5082; x_wconf 85' lang='lat' dir='ltr'><strong>Nam</strong></span> <span class='ocrx_word' id='word_1_754' title='bbox 954 5029 1069 5084; x_wconf 88' lang='lat' dir='ltr'><strong>sive</strong></span> <span class='ocrx_word' id='word_1_755' title='bbox 1091 5029 1215 5102; x_wconf 91' lang='lat' dir='ltr'><strong>quis</strong></span> <span class='ocrx_word' id='word_1_756' title='bbox 1246 5029 1351 5086; x_wconf 88' lang='lat' dir='ltr'><strong>hoc</strong></span> <span class='ocrx_word' id='word_1_757' title='bbox 1380 5031 1566 5097; x_wconf 86' lang='lat' dir='ltr'><strong>matri,</strong></span> <span class='ocrx_word' id='word_1_758' title='bbox 1601 5032 1719 5087; x_wconf 85' lang='lat' dir='ltr'><strong>sive</strong></span> <span class='ocrx_word' id='word_1_759' title='bbox 1753 5032 2008 5091; x_wconf 88' lang='lat' dir='ltr'><strong>charitati</strong></span> 
     </span>
    </p>
   </div>
   <div class='ocr_carea' id='block_1_103' title="bbox 2112 5023 3679 5119">
    <p class='ocr_par' dir='ltr' id='par_1_103' title="bbox 2116 5023 3679 5119">
     <span class='ocr_line' id='line_1_103' title="bbox 2116 5023 3679 5119; baseline -0.009 -20"><span class='ocrx_word' id='word_1_760' title='bbox 2116 5038 2480 5116; x_wconf 47' lang='grc' dir='ltr'>τῷονυμφικῷ</span> <span class='ocrx_word' id='word_1_761' title='bbox 2531 5038 2722 5110; x_wconf 79' lang='grc' dir='ltr'>κόσμῳ</span> <span class='ocrx_word' id='word_1_762' title='bbox 2759 5036 3206 5107; x_wconf 81' lang='grc' dir='ltr'>ὲναγαλλόμενον.</span> <span class='ocrx_word' id='word_1_763' title='bbox 3250 5032 3444 5103; x_wconf 85' lang='grc' dir='ltr'>Χαίρει</span> <span class='ocrx_word' id='word_1_764' title='bbox 3482 5028 3587 5119; x_wconf 82' lang='grc' dir='ltr'><strong>γὰρ</strong></span> <span class='ocrx_word' id='word_1_765' title='bbox 3615 5023 3679 5085; x_wconf 78' lang='grc' dir='ltr'>ὡς</span> 
     </span>
    </p>
   </div>
   <div class='ocr_carea' id='block_1_104' title="bbox 437 5119 2008 5207">
    <p class='ocr_par' dir='ltr' id='par_1_104' title="bbox 437 5120 2008 5193">
     <span class='ocr_line' id='line_1_104' title="bbox 437 5120 2008 5193; baseline 0.004 -17"><span class='ocrx_word' id='word_1_766' title='bbox 437 5122 665 5186; x_wconf 88' lang='lat' dir='ltr'><strong>tribuat,</strong></span> <span class='ocrx_word' id='word_1_767' title='bbox 694 5136 801 5177; x_wconf 92' lang='lat' dir='ltr'><strong>non</strong></span> <span class='ocrx_word' id='word_1_768' title='bbox 834 5121 1133 5177; x_wconf 86' lang='lat' dir='ltr'><strong>aberrabit.</strong></span> <span class='ocrx_word' id='word_1_769' title='bbox 1188 5120 1402 5178; x_wconf 86' lang='lat' dir='ltr'><strong>Etenim</strong></span> <span class='ocrx_word' id='word_1_770' title='bbox 1428 5121 1572 5179; x_wconf 90' lang='lat' dir='ltr'><strong>Deus</strong></span> <span class='ocrx_word' id='word_1_771' title='bbox 1609 5132 1694 5180; x_wconf 84' lang='lat' dir='ltr'><strong>est</strong></span> <span class='ocrx_word' id='word_1_772' title='bbox 1746 5124 2008 5193; x_wconf 77' lang='lat' dir='ltr'><strong>Charitas,</strong></span> 
     </span>
    </p>
   </div>
   <div class='ocr_carea' id='block_1_105' title="bbox 2112 5119 3657 5207">
    <p class='ocr_par' dir='ltr' id='par_1_105' title="bbox 2112 5119 3657 5207">
     <span class='ocr_line' id='line_1_105' title="bbox 2112 5119 3657 5207; baseline -0.014 -16"><span class='ocrx_word' id='word_1_773' title='bbox 2112 5134 2328 5207; x_wconf 85' lang='grc' dir='ltr'>άληθῶς</span> <span class='ocrx_word' id='word_1_774' title='bbox 2362 5135 2393 5187; x_wconf 84' lang='grc' dir='ltr'><strong>ὁ</strong></span> <span class='ocrx_word' id='word_1_775' title='bbox 2421 5133 2667 5187; x_wconf 89' lang='grc' dir='ltr'>σύνοικον</span> <span class='ocrx_word' id='word_1_776' title='bbox 2694 5132 2794 5203; x_wconf 79' lang='grc' dir='ltr'>τὴν</span> <span class='ocrx_word' id='word_1_777' title='bbox 2841 5124 3164 5200; x_wconf 80' lang='grc' dir='ltr'>Ἐκκλησίαν</span> <span class='ocrx_word' id='word_1_778' title='bbox 3194 5124 3371 5195; x_wconf 77' lang='grc' dir='ltr'>ἑαυτῷ</span> <span class='ocrx_word' id='word_1_779' title='bbox 3398 5119 3657 5192; x_wconf 82' lang='grc' dir='ltr'>ποιησάμε</span> 
     </span>
    </p>
   </div>
   <div class='ocr_carea' id='block_1_106' title="bbox 439 5213 2008 5296">
    <p class='ocr_par' dir='ltr' id='par_1_106' title="bbox 439 5213 2008 5287">
     <span class='ocr_line' id='line_1_106' title="bbox 439 5213 2008 5287; baseline 0.003 -18"><span class='ocrx_word' id='word_1_780' title='bbox 439 5214 898 5283; x_wconf 83' lang='lat' dir='ltr'><strong>quemadmodum</strong></span> <span class='ocrx_word' id='word_1_781' title='bbox 926 5213 1168 5269; x_wconf 83' lang='lat' dir='ltr'><strong>Joannes</strong></span> <span class='ocrx_word' id='word_1_782' title='bbox 1203 5216 1277 5270; x_wconf 89' lang='lat' dir='ltr'><strong>ait</strong></span> <span class='ocrx_word' id='word_1_783' title='bbox 1298 5215 1364 5268; x_wconf 67' lang='grc' dir='ltr'><strong>δι.</strong></span> <span class='ocrx_word' id='word_1_784' title='bbox 1386 5214 1552 5287; x_wconf 85' lang='lat' dir='ltr'><strong>Atqui</strong></span> <span class='ocrx_word' id='word_1_785' title='bbox 1584 5217 1685 5271; x_wconf 90' lang='lat' dir='ltr'><strong>hac</strong></span> <span class='ocrx_word' id='word_1_786' title='bbox 1713 5232 1776 5273; x_wconf 88' lang='lat' dir='ltr'><strong>ex</strong></span> <span class='ocrx_word' id='word_1_787' title='bbox 1807 5233 2008 5274; x_wconf 85' lang='lat' dir='ltr'><strong>corona</strong></span> 
     </span>
    </p>
   </div>
   <div class='ocr_carea' id='block_1_107' title="bbox 2112 5213 3676 5296">
    <p class='ocr_par' dir='ltr' id='par_1_107' title="bbox 2114 5214 3676 5296">
     <span class='ocr_line' id='line_1_107' title="bbox 2114 5214 3676 5296; baseline -0.015 -15"><span class='ocrx_word' id='word_1_788' title='bbox 2114 5244 2223 5293; x_wconf 85' lang='grc' dir='ltr'>νος,</span> <span class='ocrx_word' id='word_1_789' title='bbox 2256 5227 2377 5290; x_wconf 81' lang='grc' dir='ltr'>ταῖς</span> <span class='ocrx_word' id='word_1_790' title='bbox 2405 5225 2623 5296; x_wconf 83' lang='grc' dir='ltr'>ἀρεταῖς</span> <span class='ocrx_word' id='word_1_791' title='bbox 2652 5222 2763 5276; x_wconf 85' lang='grc' dir='ltr'><strong>τῶν</strong></span> <span class='ocrx_word' id='word_1_792' title='bbox 2812 5218 3220 5292; x_wconf 84' lang='grc' dir='ltr'>διαπρεπόντων</span> <span class='ocrx_word' id='word_1_793' title='bbox 3249 5218 3306 5269; x_wconf 84' lang='grc' dir='ltr'>ὲν</span> <span class='ocrx_word' id='word_1_794' title='bbox 3329 5214 3467 5284; x_wconf 77' lang='grc' dir='ltr'>αὐτῇ</span> <span class='ocrx_word' id='word_1_795' title='bbox 3499 5220 3676 5296; x_wconf 81' lang='grc' dir='ltr'>στεφα-</span> 
     </span>
    </p>
   </div>
   <div class='ocr_carea' id='block_1_108' title="bbox 441 5306 2018 5381">
    <p class='ocr_par' dir='ltr' id='par_1_108' title="bbox 441 5306 2018 5381">
     <span class='ocr_line' id='line_1_108' title="bbox 441 5306 2018 5381; baseline 0.006 -24"><span class='ocrx_word' id='word_1_796' title='bbox 441 5306 769 5375; x_wconf 82' lang='lat' dir='ltr'><strong>voiuptatem</strong></span> <span class='ocrx_word' id='word_1_797' title='bbox 806 5321 930 5362; x_wconf 89' lang='lat' dir='ltr'><strong>eum</strong></span> <span class='ocrx_word' id='word_1_798' title='bbox 964 5320 1160 5376; x_wconf 86' lang='lat' dir='ltr'><strong>capere</strong></span> <span class='ocrx_word' id='word_1_799' title='bbox 1185 5306 1262 5360; x_wconf 86' lang='lat' dir='ltr'><strong>ait</strong></span> <span class='ocrx_word' id='word_1_800' title='bbox 1285 5322 1509 5377; x_wconf 87' lang='lat' dir='ltr'><strong>sponsa,</strong></span> <span class='ocrx_word' id='word_1_801' title='bbox 1526 5308 1755 5364; x_wconf 85' lang='lat' dir='ltr'><strong>miriﬁce</strong></span> <span class='ocrx_word' id='word_1_802' title='bbox 1771 5310 2018 5381; x_wconf 77' lang='lat' dir='ltr'><strong>gauden-</strong></span> 
     </span>
    </p>
   </div>
   <div class='ocr_carea' id='block_1_109' title="bbox 442 5396 2017 5469">
    <p class='ocr_par' dir='ltr' id='par_1_109' title="bbox 442 5396 2017 5469">
     <span class='ocr_line' id='line_1_109' title="bbox 442 5396 2017 5469; baseline 0.005 -21"><span class='ocrx_word' id='word_1_803' title='bbox 442 5409 551 5451; x_wconf 87' lang='lat' dir='ltr'><strong>tem</strong></span> <span class='ocrx_word' id='word_1_804' title='bbox 584 5398 905 5454; x_wconf 87' lang='lat' dir='ltr'><strong>oruatuillo</strong></span> <span class='ocrx_word' id='word_1_805' title='bbox 954 5399 1305 5469; x_wconf 89' lang='lat' dir='ltr'><strong>sponsalitio.</strong></span> <span class='ocrx_word' id='word_1_806' title='bbox 1354 5396 1567 5455; x_wconf 85' lang='lat' dir='ltr'><strong>Revera</strong></span> <span class='ocrx_word' id='word_1_807' title='bbox 1621 5400 1771 5455; x_wconf 90' lang='lat' dir='ltr'><strong>enim</strong></span> <span class='ocrx_word' id='word_1_808' title='bbox 1827 5401 2017 5456; x_wconf 72' lang='lat' dir='ltr'><strong>laetitia</strong></span> 
     </span>
    </p>
   </div>
   <div class='ocr_carea' id='block_1_110' title="bbox 442 5487 2017 5565">
    <p class='ocr_par' dir='ltr' id='par_1_110' title="bbox 442 5487 2017 5565">
     <span class='ocr_line' id='line_1_110' title="bbox 442 5487 2017 5565; baseline 0.004 -21"><span class='ocrx_word' id='word_1_809' title='bbox 442 5487 677 5557; x_wconf 70' lang='lat' dir='ltr'><strong>afficitur</strong></span> <span class='ocrx_word' id='word_1_810' title='bbox 707 5491 752 5545; x_wconf 85' lang='lat' dir='ltr'><strong>is</strong></span> <span class='ocrx_word' id='word_1_811' title='bbox 789 5490 883 5560; x_wconf 88' lang='lat' dir='ltr'><strong>qui</strong></span> <span class='ocrx_word' id='word_1_812' title='bbox 923 5489 1229 5546; x_wconf 80' lang='lat' dir='ltr'><strong>Ecclesium</strong></span> <span class='ocrx_word' id='word_1_813' title='bbox 1266 5492 1557 5565; x_wconf 84' lang='lat' dir='ltr'><strong>conjugem</strong></span> <span class='ocrx_word' id='word_1_814' title='bbox 1589 5494 1694 5549; x_wconf 88' lang='lat' dir='ltr'><strong>sibi</strong></span> <span class='ocrx_word' id='word_1_815' title='bbox 1730 5492 1884 5556; x_wconf 87' lang='lat' dir='ltr'><strong>fecit,</strong></span> <span class='ocrx_word' id='word_1_816' title='bbox 1929 5511 2017 5550; x_wconf 90' lang='lat' dir='ltr'><strong>rc-</strong></span> 
     </span>
    </p>
   </div>
   <div class='ocr_carea' id='block_1_111' title="bbox 445 5575 2009 5655">
    <p class='ocr_par' dir='ltr' id='par_1_111' title="bbox 445 5575 2009 5655">
     <span class='ocr_line' id='line_1_111' title="bbox 445 5575 2009 5655; baseline 0.008 -27"><span class='ocrx_word' id='word_1_817' title='bbox 445 5575 666 5637; x_wconf 71' lang='lat' dir='ltr'><strong>dimitus</strong></span> <span class='ocrx_word' id='word_1_818' title='bbox 699 5582 916 5637; x_wconf 87' lang='lat' dir='ltr'><strong>illorum</strong></span> <span class='ocrx_word' id='word_1_819' title='bbox 960 5584 1277 5648; x_wconf 85' lang='lat' dir='ltr'><strong>virtutibus,</strong></span> <span class='ocrx_word' id='word_1_820' title='bbox 1326 5585 1418 5655; x_wconf 91' lang='lat' dir='ltr'><strong>qui</strong></span> <span class='ocrx_word' id='word_1_821' title='bbox 1453 5588 1507 5639; x_wconf 90' lang='lat' dir='ltr'><strong>in</strong></span> <span class='ocrx_word' id='word_1_822' title='bbox 1538 5600 1601 5640; x_wconf 89' lang='lat' dir='ltr'><strong>ea</strong></span> <span class='ocrx_word' id='word_1_823' title='bbox 1636 5592 1763 5639; x_wconf 86' lang='lat' dir='ltr'><strong>sunt</strong></span> <span class='ocrx_word' id='word_1_824' title='bbox 1803 5586 2009 5640; x_wconf 84' lang='lat' dir='ltr'><strong>eximii.</strong></span> 
     </span>
    </p>
   </div>
   <div class='ocr_carea' id='block_1_112' title="bbox 442 5663 2017 5746">
    <p class='ocr_par' dir='ltr' id='par_1_112' title="bbox 442 5663 2017 5746">
     <span class='ocr_line' id='line_1_112' title="bbox 442 5663 2017 5746; baseline 0.006 -22"><span class='ocrx_word' id='word_1_825' title='bbox 442 5663 627 5726; x_wconf 72' lang='lat' dir='ltr'><strong>Fuerit</strong></span> <span class='ocrx_word' id='word_1_826' title='bbox 663 5679 844 5726; x_wconf 86' lang='lat' dir='ltr'><strong>autem</strong></span> <span class='ocrx_word' id='word_1_827' title='bbox 889 5672 1127 5733; x_wconf 82' lang='lat' dir='ltr'><strong>fortasse</strong></span> <span class='ocrx_word' id='word_1_828' title='bbox 1158 5675 1356 5732; x_wconf 89' lang='lat' dir='ltr'><strong>melius</strong></span> <span class='ocrx_word' id='word_1_829' title='bbox 1388 5680 1502 5731; x_wconf 80' lang='lat' dir='ltr'><strong>haec</strong></span> <span class='ocrx_word' id='word_1_830' title='bbox 1553 5676 1671 5746; x_wconf 90' lang='lat' dir='ltr'><strong>ipsa</strong></span> <span class='ocrx_word' id='word_1_831' title='bbox 1705 5677 1868 5732; x_wconf 74' lang='lat' dir='ltr'><strong>verba</strong></span> <span class='ocrx_word' id='word_1_832' title='bbox 1908 5679 2017 5733; x_wconf 90' lang='lat' dir='ltr'><strong>col-</strong></span> 
     </span>
    </p>
   </div>
   <div class='ocr_carea' id='block_1_113' title="bbox 543 5826 587 5858">
    <p class='ocr_par' dir='ltr' id='par_1_113' title="bbox 543 5826 587 5858">
     <span class='ocr_line' id='line_1_113' title="bbox 543 5826 587 5858; baseline 0 0"><span class='ocrx_word' id='word_1_833' title='bbox 543 5826 587 5858; x_wconf 68' lang='lat' dir='ltr'><strong>ID</strong></span> 
     </span>
    </p>
   </div>
   <div class='ocr_carea' id='block_1_114' title="bbox 512 5872 1616 5948">
    <p class='ocr_par' dir='ltr' id='par_1_114' title="bbox 512 5872 1616 5948">
     <span class='ocr_line' id='line_1_114' title="bbox 512 5872 1616 5948; baseline 0.005 -16"><span class='ocrx_word' id='word_1_834' title='bbox 512 5872 561 5908; x_wconf 74' lang='grc'><strong>⁸⁸</strong></span> <span class='ocrx_word' id='word_1_835' title='bbox 607 5877 633 5932; x_wconf 84' lang='grc' dir='ltr'><strong>ι</strong></span> <span class='ocrx_word' id='word_1_836' title='bbox 689 5877 818 5933; x_wconf 80' lang='lat' dir='ltr'><strong>Cor.</strong></span> <span class='ocrx_word' id='word_1_837' title='bbox 880 5893 954 5947; x_wconf 78' lang='lat' dir='ltr'><strong>zu,</strong></span> <span class='ocrx_word' id='word_1_838' title='bbox 1000 5880 1051 5934; x_wconf 88' lang='lat' dir='ltr'><strong>i.</strong></span> <span class='ocrx_word' id='word_1_839' title='bbox 1094 5881 1137 5913; x_wconf 77' lang='grc'><strong>³⁸³</strong></span> <span class='ocrx_word' id='word_1_840' title='bbox 1190 5878 1333 5939; x_wconf 74' lang='lat' dir='ltr'><strong>Psai.</strong></span> <span class='ocrx_word' id='word_1_841' title='bbox 1392 5896 1483 5948; x_wconf 67' lang='lat' dir='ltr'><strong>ax,</strong></span> <span class='ocrx_word' id='word_1_842' title='bbox 1565 5883 1616 5937; x_wconf 66' lang='lat' dir='ltr'><strong>i.</strong></span> 
     </span>
    </p>
   </div>
   <div class='ocr_carea' id='block_1_115' title="bbox 2115 5295 3677 5388">
    <p class='ocr_par' dir='ltr' id='par_1_115' title="bbox 2115 5295 3677 5388">
     <span class='ocr_line' id='line_1_115' title="bbox 2115 5295 3677 5388; baseline -0.009 -16"><span class='ocrx_word' id='word_1_843' title='bbox 2115 5317 2392 5388; x_wconf 85' lang='grc' dir='ltr'>νούμενος.</span> <span class='ocrx_word' id='word_1_844' title='bbox 2423 5295 2682 5387; x_wconf 80' lang='grc' dir='ltr'>Κρεῖττον</span> <span class='ocrx_word' id='word_1_845' title='bbox 2718 5313 2763 5366; x_wconf 85' lang='grc' dir='ltr'>δ’</span> <span class='ocrx_word' id='word_1_846' title='bbox 2793 5313 2859 5367; x_wconf 85' lang='grc' dir='ltr'><strong>ἂν</strong></span> <span class='ocrx_word' id='word_1_847' title='bbox 2900 5310 2988 5382; x_wconf 75' lang='grc' dir='ltr'><strong>εἴη</strong></span> <span class='ocrx_word' id='word_1_848' title='bbox 3029 5309 3200 5372; x_wconf 77' lang='grc' dir='ltr'>αὐτὰς</span> <span class='ocrx_word' id='word_1_849' title='bbox 3232 5303 3568 5378; x_wconf 80' lang='grc' dir='ltr'>παραθέσθαι</span> <span class='ocrx_word' id='word_1_850' title='bbox 3590 5295 3677 5358; x_wconf 71' lang='grc' dir='ltr'>τὰς</span> 
     </span>
    </p>
   </div>
   <div class='ocr_carea' id='block_1_116' title="bbox 2120 5392 3677 5478">
    <p class='ocr_par' dir='ltr' id='par_1_116' title="bbox 2120 5392 3677 5478">
     <span class='ocr_line' id='line_1_116' title="bbox 2120 5392 3677 5478; baseline -0.013 -14"><span class='ocrx_word' id='word_1_851' title='bbox 2120 5408 2272 5474; x_wconf 85' lang='grc' dir='ltr'>θείας</span> <span class='ocrx_word' id='word_1_852' title='bbox 2300 5407 2484 5478; x_wconf 78' lang='grc' dir='ltr'>φωνὰς</span> <span class='ocrx_word' id='word_1_853' title='bbox 2521 5408 2612 5461; x_wconf 74' lang='grc' dir='ltr'>ἐπὶ</span> <span class='ocrx_word' id='word_1_854' title='bbox 2650 5404 2847 5473; x_wconf 79' lang='grc' dir='ltr'>λέξεως</span> <span class='ocrx_word' id='word_1_855' title='bbox 2889 5402 3117 5474; x_wconf 78' lang='grc' dir='ltr'>ἐχούσας</span> <span class='ocrx_word' id='word_1_856' title='bbox 3153 5398 3323 5463; x_wconf 72' lang='grc' dir='ltr'>οὕτως</span> <span class='ocrx_word' id='word_1_857' title='bbox 3397 5392 3677 5461; x_wconf 70' lang='grc' dir='ltr'>Ἐξέλθετε</span> 
     </span>
    </p>
   </div>
   <div class='ocr_carea' id='block_1_117' title="bbox 2122 5480 3677 5567">
    <p class='ocr_par' dir='ltr' id='par_1_117' title="bbox 2122 5480 3677 5567">
     <span class='ocr_line' id='line_1_117' title="bbox 2122 5480 3677 5567; baseline 0.003 -15"><span class='ocrx_word' id='word_1_858' title='bbox 2122 5499 2222 5553; x_wconf 81' lang='grc' dir='ltr'>καὶ</span> <span class='ocrx_word' id='word_1_859' title='bbox 2271 5498 2445 5563; x_wconf 79' lang='grc' dir='ltr'>ἴδετε,</span> <span class='ocrx_word' id='word_1_860' title='bbox 2508 5495 2825 5567; x_wconf 81' lang='grc' dir='ltr'>θυγατέρες</span> <span class='ocrx_word' id='word_1_861' title='bbox 2874 5492 3048 5556; x_wconf 79' lang='grc' dir='ltr'>Σιὼν,</span> <span class='ocrx_word' id='word_1_862' title='bbox 3081 5484 3485 5553; x_wconf 70' lang='grc' dir='ltr'><strong>τὸν-βασιλέα</strong></span> <span class='ocrx_word' id='word_1_863' title='bbox 3512 5480 3677 5567; x_wconf 55' lang='grc' dir='ltr'><strong>Σφλυξ</strong></span> 
     </span>
    </p>
   </div>
   <div class='ocr_carea' id='block_1_118' title="bbox 2118 5559 3676 5658">
    <p class='ocr_par' dir='ltr' id='par_1_118' title="bbox 2118 5559 3676 5658">
     <span class='ocr_line' id='line_1_118' title="bbox 2118 5559 3676 5658; baseline -0.013 -16"><span class='ocrx_word' id='word_1_864' title='bbox 2118 5587 2323 5658; x_wconf 74' lang='grc' dir='ltr'>μῶντα</span> <span class='ocrx_word' id='word_1_865' title='bbox 2373 5559 2441 5643; x_wconf 56' lang='grc' dir='ltr'>ἐκ</span> <span class='ocrx_word' id='word_1_866' title='bbox 2492 5585 2573 5652; x_wconf 79' lang='grc' dir='ltr'>τῷ</span> <span class='ocrx_word' id='word_1_867' title='bbox 2590 5559 2898 5653; x_wconf 43' lang='grc' dir='ltr'><strong>⁷στεφάνῳ,</strong></span> <span class='ocrx_word' id='word_1_868' title='bbox 2921 5574 2970 5648; x_wconf 82' lang='grc' dir='ltr'>ᾧ</span> <span class='ocrx_word' id='word_1_869' title='bbox 2998 5577 3419 5647; x_wconf 68' lang='grc' dir='ltr'>ἐστεφάνωσεν</span> <span class='ocrx_word' id='word_1_870' title='bbox 3443 5559 3676 5658; x_wconf 71' lang='grc' dir='ltr'>αὑτὸν</span> 
     </span>
    </p>
   </div>
   <div class='ocr_carea' id='block_1_119' title="bbox 2119 5650 3672 5749">
    <p class='ocr_par' dir='ltr' id='par_1_119' title="bbox 2119 5650 3672 5749">
     <span class='ocr_line' id='line_1_119' title="bbox 2119 5650 3672 5749; baseline -0.023 0"><span class='ocrx_word' id='word_1_871' title='bbox 2119 5650 2315 5749; x_wconf 58' lang='lat' dir='ltr'><strong>initur)</strong></span> <span class='ocrx_word' id='word_1_872' title='bbox 2360 5650 2564 5742; x_wconf 31' lang='grc' dir='ltr'><strong>αὐτοῦ)</strong></span> <span class='ocrx_word' id='word_1_873' title='bbox 2619 5678 2689 5731; x_wconf 68' lang='grc' dir='ltr'><strong>ἐν</strong></span> <span class='ocrx_word' id='word_1_874' title='bbox 2713 5650 2901 5745; x_wconf 65' lang='grc' dir='ltr'>ἦιιέρᾳ</span> <span class='ocrx_word' id='word_1_875' title='bbox 2945 5671 3334 5742; x_wconf 68' lang='grc' dir='ltr'>νυμφεύσεως</span> <span class='ocrx_word' id='word_1_876' title='bbox 3361 5659 3563 5728; x_wconf 82' lang='grc' dir='ltr'>αὑτοῦ,</span> <span class='ocrx_word' id='word_1_877' title='bbox 3590 5650 3672 5709; x_wconf 76' lang='grc' dir='ltr'><strong>καὶ</strong></span> 
     </span>
    </p>
   </div>
   <div class='ocr_carea' id='block_1_120' title="bbox 1700 5874 3101 5952">
    <p class='ocr_par' dir='ltr' id='par_1_120' title="bbox 1700 5874 3101 5952">
     <span class='ocr_line' id='line_1_120' title="bbox 1700 5874 3101 5952; baseline 0.008 -32"><span class='ocrx_word' id='word_1_878' title='bbox 1700 5884 1742 5914; x_wconf 68' lang='lat' dir='ltr'><strong>&#39;«o</strong></span> <span class='ocrx_word' id='word_1_879' title='bbox 1801 5882 1988 5947; x_wconf 55' lang='grc' dir='ltr'><strong>Διηιιιι,</strong></span> <span class='ocrx_word' id='word_1_880' title='bbox 2057 5899 2190 5950; x_wconf 62' lang='grc' dir='ltr'><strong>χιιι,</strong></span> <span class='ocrx_word' id='word_1_881' title='bbox 2250 5882 2284 5936; x_wconf 73' lang='grc' dir='ltr'><strong>ξ),</strong></span> <span class='ocrx_word' id='word_1_882' title='bbox 2339 5896 2459 5952; x_wconf 76' lang='lat' dir='ltr'><strong>sqq.</strong></span> <span class='ocrx_word' id='word_1_883' title='bbox 2538 5879 2582 5910; x_wconf 74' lang='lat'>“</span> <span class='ocrx_word' id='word_1_884' title='bbox 2640 5877 2845 5935; x_wconf 80' lang='lat' dir='ltr'><strong>lJoan.</strong></span> <span class='ocrx_word' id='word_1_885' title='bbox 2908 5891 2985 5943; x_wconf 78' lang='grc' dir='ltr'><strong>ιν,</strong></span> <span class='ocrx_word' id='word_1_886' title='bbox 3046 5874 3101 5931; x_wconf 74' lang='grc'><strong>8.</strong></span> 
     </span>
    </p>
   </div>
  </div>
