  <div class='ocr_page' id='page_1' title='image "/cluster/home/n/w/nwhite01/storage/ocr_20150623/44:no.1/coo.31924054869445/466.png"; bbox 0 0 3866 6350; ppageno 0'>
   <div class='ocr_carea' id='block_1_1' title="bbox 146 414 253 473">
    <p class='ocr_par' dir='ltr' id='par_1_1' title="bbox 146 414 253 473">
     <span class='ocr_line' id='line_1_1' title="bbox 146 414 253 473; baseline -0.056 0"><span class='ocrx_word' id='word_1_1' title='bbox 146 414 253 473; x_wconf 77' lang='grc'><strong><em>917</em></strong></span> 
     </span>
    </p>
   </div>
   <div class='ocr_carea' id='block_1_2' title="bbox 1213 410 2381 472">
    <p class='ocr_par' dir='ltr' id='par_1_2' title="bbox 1213 410 2381 472">
     <span class='ocr_line' id='line_1_2' title="bbox 1213 410 2381 472; baseline -0.001 -2"><span class='ocrx_word' id='word_1_2' title='bbox 1213 415 1280 470; x_wconf 87' lang='grc' dir='ltr'><strong><em>ΙΝ</em></strong></span> <span class='ocrx_word' id='word_1_3' title='bbox 1307 414 1606 472; x_wconf 62' lang='grc' dir='ltr'><strong><em>ΟΑΝΤΙΩᾹ</em></strong></span> <span class='ocrx_word' id='word_1_4' title='bbox 1633 410 1906 470; x_wconf 84' lang='lat' dir='ltr'><strong><em>CANTIC.</em></strong></span> <span class='ocrx_word' id='word_1_5' title='bbox 1948 411 2230 468; x_wconf 72' lang='lat' dir='ltr'><strong><em>HOMILIA</em></strong></span> <span class='ocrx_word' id='word_1_6' title='bbox 2270 413 2381 469; x_wconf 84' lang='lat' dir='ltr'><strong><em>Vll.</em></strong></span> 
     </span>
    </p>
   </div>
   <div class='ocr_carea' id='block_1_3' title="bbox 3307 415 3411 471">
    <p class='ocr_par' dir='ltr' id='par_1_3' title="bbox 3307 415 3411 471">
     <span class='ocr_line' id='line_1_3' title="bbox 3307 415 3411 471; baseline 0.019 -2"><span class='ocrx_word' id='word_1_7' title='bbox 3307 415 3411 471; x_wconf 75' lang='lat'><strong><em>918</em></strong></span> 
     </span>
    </p>
   </div>
   <div class='ocr_carea' id='block_1_4' title="bbox 149 524 1756 601">
    <p class='ocr_par' dir='ltr' id='par_1_4' title="bbox 149 524 1736 601">
     <span class='ocr_line' id='line_1_4' title="bbox 149 524 1736 601; baseline -0.002 -16"><span class='ocrx_word' id='word_1_8' title='bbox 149 530 220 585; x_wconf 81' lang='grc' dir='ltr'><strong><em>ἐν</em></strong></span> <span class='ocrx_word' id='word_1_9' title='bbox 252 528 446 598; x_wconf 77' lang='grc' dir='ltr'>ἡμέρᾳ</span> <span class='ocrx_word' id='word_1_10' title='bbox 494 530 879 600; x_wconf 71' lang='grc' dir='ltr'>εὐφροσύνης</span> <span class='ocrx_word' id='word_1_11' title='bbox 937 529 1186 600; x_wconf 78' lang='grc' dir='ltr'><strong><em>καρδίας</em></strong></span> <span class='ocrx_word' id='word_1_12' title='bbox 1227 531 1433 586; x_wconf 82' lang='grc' dir='ltr'>αὐτοῦ.</span> <span class='ocrx_word' id='word_1_13' title='bbox 1488 530 1601 601; x_wconf 84' lang='grc' dir='ltr'><strong><em>Τὴν</em></strong></span> <span class='ocrx_word' id='word_1_14' title='bbox 1643 524 1736 582; x_wconf 78' lang='grc' dir='ltr'><strong><em>οὖν</em></strong></span> 
     </span>
    </p>
   </div>
   <div class='ocr_carea' id='block_1_5' title="bbox 1862 524 3419 601">
    <p class='ocr_par' dir='ltr' id='par_1_5' title="bbox 1862 526 3419 600">
     <span class='ocr_line' id='line_1_5' title="bbox 1862 526 3419 600; baseline 0.003 -20"><span class='ocrx_word' id='word_1_15' title='bbox 1862 528 2030 592; x_wconf 90' lang='lat' dir='ltr'><strong><em>ocari,</em></strong></span> <span class='ocrx_word' id='word_1_16' title='bbox 2102 542 2225 597; x_wconf 80' lang='lat' dir='ltr'><strong><em>quae</em></strong></span> <span class='ocrx_word' id='word_1_17' title='bbox 2281 526 2504 598; x_wconf 84' lang='lat' dir='ltr'><strong><em>quidem</em></strong></span> <span class='ocrx_word' id='word_1_18' title='bbox 2571 527 2888 598; x_wconf 70' lang='lat' dir='ltr'><strong><em>huiusmodi</em></strong></span> <span class='ocrx_word' id='word_1_19' title='bbox 2967 535 3117 586; x_wconf 86' lang='lat' dir='ltr'><strong><em>sunt:</em></strong></span> <span class='ocrx_word' id='word_1_20' title='bbox 3201 527 3419 600; x_wconf 81' lang='lat' dir='ltr'><strong><em>Egredi-</em></strong></span> 
     </span>
    </p>
   </div>
   <div class='ocr_carea' id='block_1_6' title="bbox 150 619 1738 694">
    <p class='ocr_par' dir='ltr' id='par_1_6' title="bbox 150 619 1738 694">
     <span class='ocr_line' id='line_1_6' title="bbox 150 619 1738 694; baseline 0.001 -22"><span class='ocrx_word' id='word_1_21' title='bbox 150 619 411 691; x_wconf 80' lang='grc' dir='ltr'>τοιαύτην</span> <span class='ocrx_word' id='word_1_22' title='bbox 446 621 857 693; x_wconf 71' lang='grc' dir='ltr'><strong><em>φιλανθρωπίαν</em></strong></span> <span class='ocrx_word' id='word_1_23' title='bbox 892 623 989 694; x_wconf 80' lang='grc' dir='ltr'>τῆς</span> <span class='ocrx_word' id='word_1_24' title='bbox 1026 622 1245 694; x_wconf 81' lang='grc' dir='ltr'><strong><em>νύμφης</em></strong></span> <span class='ocrx_word' id='word_1_25' title='bbox 1280 626 1310 677; x_wconf 94' lang='grc' dir='ltr'><strong><em>ὀ</em></strong></span> <span class='ocrx_word' id='word_1_26' title='bbox 1343 622 1515 690; x_wconf 84' lang='grc' dir='ltr'>Λόγος</span> <span class='ocrx_word' id='word_1_27' title='bbox 1544 621 1738 675; x_wconf 86' lang='grc' dir='ltr'>ἀποδε-</span> 
     </span>
    </p>
   </div>
   <div class='ocr_carea' id='block_1_7' title="bbox 154 712 1740 786">
    <p class='ocr_par' dir='ltr' id='par_1_7' title="bbox 154 712 1740 786">
     <span class='ocr_line' id='line_1_7' title="bbox 154 712 1740 786; baseline 0 -20"><span class='ocrx_word' id='word_1_28' title='bbox 154 712 408 782; x_wconf 77' lang='grc' dir='ltr'><strong><em>ξάμενος,</em></strong></span> <span class='ocrx_word' id='word_1_29' title='bbox 456 714 538 767; x_wconf 86' lang='grc' dir='ltr'>ὅτι</span> <span class='ocrx_word' id='word_1_30' title='bbox 576 715 719 769; x_wconf 78' lang='grc' dir='ltr'>κατὰ</span> <span class='ocrx_word' id='word_1_31' title='bbox 765 715 996 786; x_wconf 79' lang='grc' dir='ltr'><strong><em>μίμησιν</em></strong></span> <span class='ocrx_word' id='word_1_32' title='bbox 1029 715 1125 769; x_wconf 81' lang='grc' dir='ltr'><strong><em>τοῦ</em></strong></span> <span class='ocrx_word' id='word_1_33' title='bbox 1177 715 1446 768; x_wconf 87' lang='grc' dir='ltr'>Δεσπότου</span> <span class='ocrx_word' id='word_1_34' title='bbox 1485 715 1580 768; x_wconf 76' lang='grc' dir='ltr'><strong><em>καὶ</em></strong></span> <span class='ocrx_word' id='word_1_35' title='bbox 1601 712 1740 783; x_wconf 81' lang='grc' dir='ltr'>αὑτὴ</span> 
     </span>
    </p>
   </div>
   <div class='ocr_carea' id='block_1_8' title="bbox 152 804 1741 878">
    <p class='ocr_par' dir='ltr' id='par_1_8' title="bbox 152 804 1741 878">
     <span class='ocr_line' id='line_1_8' title="bbox 152 804 1741 878; baseline 0.001 -21"><span class='ocrx_word' id='word_1_36' title='bbox 152 805 365 866; x_wconf 80' lang='grc' dir='ltr'>πάντας</span> <span class='ocrx_word' id='word_1_37' title='bbox 388 804 529 857; x_wconf 87' lang='grc' dir='ltr'>θέλει</span> <span class='ocrx_word' id='word_1_38' title='bbox 548 804 805 876; x_wconf 85' lang='grc' dir='ltr'>σωθῆναι,</span> <span class='ocrx_word' id='word_1_39' title='bbox 826 807 919 860; x_wconf 71' lang='grc' dir='ltr'>καὶ</span> <span class='ocrx_word' id='word_1_40' title='bbox 941 808 1021 870; x_wconf 87' lang='grc' dir='ltr'><strong><em>είς</em></strong></span> <span class='ocrx_word' id='word_1_41' title='bbox 1048 806 1341 876; x_wconf 76' lang='grc' dir='ltr'>ἐπίγνωσιν</span> <span class='ocrx_word' id='word_1_42' title='bbox 1355 809 1454 878; x_wconf 82' lang='grc' dir='ltr'><strong><em>τῆς</em></strong></span> <span class='ocrx_word' id='word_1_43' title='bbox 1485 804 1741 876; x_wconf 81' lang='grc' dir='ltr'>ἀληθείας</span> 
     </span>
    </p>
   </div>
   <div class='ocr_carea' id='block_1_9' title="bbox 155 894 1740 968">
    <p class='ocr_par' dir='ltr' id='par_1_9' title="bbox 155 894 1740 968">
     <span class='ocr_line' id='line_1_9' title="bbox 155 894 1740 968; baseline -0.001 -19"><span class='ocrx_word' id='word_1_44' title='bbox 155 895 363 951; x_wconf 83' lang='grc' dir='ltr'>ἐλθεῖν·</span> <span class='ocrx_word' id='word_1_45' title='bbox 391 896 724 965; x_wconf 84' lang='grc' dir='ltr'>σεμνοτέραν</span> <span class='ocrx_word' id='word_1_46' title='bbox 768 897 938 968; x_wconf 78' lang='grc' dir='ltr'>αὐτὴν</span> <span class='ocrx_word' id='word_1_47' title='bbox 981 897 1351 967; x_wconf 77' lang='grc' dir='ltr'><strong><em>ἀπεργάζεται</em></strong></span> <span class='ocrx_word' id='word_1_48' title='bbox 1379 899 1407 951; x_wconf 91' lang='lat'><strong><em>6</em></strong></span> <span class='ocrx_word' id='word_1_49' title='bbox 1436 895 1609 966; x_wconf 76' lang='grc' dir='ltr'>κῆρυξ</span> <span class='ocrx_word' id='word_1_50' title='bbox 1646 894 1740 947; x_wconf 81' lang='grc' dir='ltr'>τοῦ</span> 
     </span>
    </p>
   </div>
   <div class='ocr_carea' id='block_1_10' title="bbox 157 983 1743 1059">
    <p class='ocr_par' dir='ltr' id='par_1_10' title="bbox 157 983 1743 1059">
     <span class='ocr_line' id='line_1_10' title="bbox 157 983 1743 1059; baseline -0.001 -20"><span class='ocrx_word' id='word_1_51' title='bbox 157 983 388 1047; x_wconf 87' lang='grc' dir='ltr'>κάλλους</span> <span class='ocrx_word' id='word_1_52' title='bbox 451 985 620 1056; x_wconf 71' lang='grc' dir='ltr'>αὑτῆς</span> <span class='ocrx_word' id='word_1_53' title='bbox 659 986 752 1039; x_wconf 78' lang='grc' dir='ltr'>καὶ</span> <span class='ocrx_word' id='word_1_54' title='bbox 806 984 1094 1059; x_wconf 76' lang='grc' dir='ltr'><strong><em>ζωγράφος</em></strong></span> <span class='ocrx_word' id='word_1_55' title='bbox 1145 987 1448 1058; x_wconf 84' lang='grc' dir='ltr'>γινόμενος.</span> <span class='ocrx_word' id='word_1_56' title='bbox 1504 986 1578 1039; x_wconf 81' lang='grc' dir='ltr'><strong>Οὐ</strong></span> <span class='ocrx_word' id='word_1_57' title='bbox 1633 984 1743 1056; x_wconf 81' lang='grc' dir='ltr'>γὰρ</span> 
     </span>
    </p>
   </div>
   <div class='ocr_carea' id='block_1_11' title="bbox 160 1075 1744 1150">
    <p class='ocr_par' dir='ltr' id='par_1_11' title="bbox 160 1075 1744 1150">
     <span class='ocr_line' id='line_1_11' title="bbox 160 1075 1744 1150; baseline 0.001 -21"><span class='ocrx_word' id='word_1_58' title='bbox 160 1075 348 1139; x_wconf 84' lang='grc' dir='ltr'>ἁπλῶς</span> <span class='ocrx_word' id='word_1_59' title='bbox 381 1078 409 1129; x_wconf 91' lang='lat'><strong><em>6</em></strong></span> <span class='ocrx_word' id='word_1_60' title='bbox 438 1076 536 1146; x_wconf 76' lang='grc' dir='ltr'>τῆς</span> <span class='ocrx_word' id='word_1_61' title='bbox 562 1076 711 1149; x_wconf 83' lang='grc' dir='ltr'>ὧρας</span> <span class='ocrx_word' id='word_1_62' title='bbox 762 1080 981 1145; x_wconf 74' lang='grc' dir='ltr'>ἔπαινος</span> <span class='ocrx_word' id='word_1_63' title='bbox 1011 1080 1256 1148; x_wconf 89' lang='grc' dir='ltr'>λέγεται,</span> <span class='ocrx_word' id='word_1_64' title='bbox 1301 1078 1597 1150; x_wconf 80' lang='grc' dir='ltr'>καθολικὴν</span> <span class='ocrx_word' id='word_1_65' title='bbox 1623 1095 1744 1133; x_wconf 90' lang='grc' dir='ltr'>τινα</span> 
     </span>
    </p>
   </div>
   <div class='ocr_carea' id='block_1_12' title="bbox 160 1167 1746 1245">
    <p class='ocr_par' dir='ltr' id='par_1_12' title="bbox 160 1167 1746 1245">
     <span class='ocr_line' id='line_1_12' title="bbox 160 1167 1746 1245; baseline 0.002 -26"><span class='ocrx_word' id='word_1_66' title='bbox 160 1167 438 1237; x_wconf 82' lang='grc' dir='ltr'>εὐφημίαν</span> <span class='ocrx_word' id='word_1_67' title='bbox 476 1170 744 1245; x_wconf 81' lang='grc' dir='ltr'>περιέχων</span> <span class='ocrx_word' id='word_1_68' title='bbox 799 1172 896 1225; x_wconf 78' lang='grc' dir='ltr'><strong><em>τοῦ</em></strong></span> <span class='ocrx_word' id='word_1_69' title='bbox 942 1172 1200 1236; x_wconf 82' lang='grc' dir='ltr'><strong><em>κάλλους·</em></strong></span> <span class='ocrx_word' id='word_1_70' title='bbox 1239 1171 1353 1226; x_wconf 82' lang='grc' dir='ltr'>ἀλλ’</span> <span class='ocrx_word' id='word_1_71' title='bbox 1381 1169 1746 1242; x_wconf 83' lang='grc' dir='ltr'>ὲμφιλοχωρεῖ</span> 
     </span>
    </p>
   </div>
   <div class='ocr_carea' id='block_1_13' title="bbox 158 1261 1745 1337">
    <p class='ocr_par' dir='ltr' id='par_1_13' title="bbox 158 1261 1745 1337">
     <span class='ocr_line' id='line_1_13' title="bbox 158 1261 1745 1337; baseline 0.001 -22"><span class='ocrx_word' id='word_1_72' title='bbox 158 1261 239 1333; x_wconf 83' lang='grc' dir='ltr'>τῷ</span> <span class='ocrx_word' id='word_1_73' title='bbox 289 1263 435 1332; x_wconf 86' lang='grc' dir='ltr'>λόγῳ</span> <span class='ocrx_word' id='word_1_74' title='bbox 472 1266 584 1328; x_wconf 85' lang='grc' dir='ltr'>τοῖς</span> <span class='ocrx_word' id='word_1_75' title='bbox 610 1265 732 1319; x_wconf 77' lang='grc' dir='ltr'>καθ’</span> <span class='ocrx_word' id='word_1_76' title='bbox 773 1266 1002 1320; x_wconf 79' lang='grc' dir='ltr'>ἕκαστον</span> <span class='ocrx_word' id='word_1_77' title='bbox 1059 1266 1305 1337; x_wconf 89' lang='grc' dir='ltr'>μέρεσιν,</span> <span class='ocrx_word' id='word_1_78' title='bbox 1350 1264 1480 1318; x_wconf 77' lang='grc' dir='ltr'>ἴδιον</span> <span class='ocrx_word' id='word_1_79' title='bbox 1527 1264 1745 1334; x_wconf 81' lang='grc' dir='ltr'><strong><em>ἑκάστῳ</em></strong></span> 
     </span>
    </p>
   </div>
   <div class='ocr_carea' id='block_1_14' title="bbox 165 1350 1745 1428">
    <p class='ocr_par' dir='ltr' id='par_1_14' title="bbox 165 1350 1745 1428">
     <span class='ocr_line' id='line_1_14' title="bbox 165 1350 1745 1428; baseline 0.009 -25"><span class='ocrx_word' id='word_1_80' title='bbox 165 1350 316 1423; x_wconf 80' lang='grc' dir='ltr'>μέλει</span> <span class='ocrx_word' id='word_1_81' title='bbox 344 1352 432 1406; x_wconf 77' lang='grc' dir='ltr'>διὰ</span> <span class='ocrx_word' id='word_1_82' title='bbox 460 1355 801 1427; x_wconf 76' lang='grc' dir='ltr'>συγκρίσεως</span> <span class='ocrx_word' id='word_1_83' title='bbox 831 1374 890 1410; x_wconf 88' lang='grc' dir='ltr'><strong><em>τε</em></strong></span> <span class='ocrx_word' id='word_1_84' title='bbox 920 1357 1015 1412; x_wconf 76' lang='grc' dir='ltr'><strong><em>καὶ</em></strong></span> <span class='ocrx_word' id='word_1_85' title='bbox 1048 1355 1361 1427; x_wconf 83' lang='grc' dir='ltr'>ὁμοιώσεως</span> <span class='ocrx_word' id='word_1_86' title='bbox 1389 1355 1745 1428; x_wconf 69' lang='grc' dir='ltr'>χαριζόμενος</span> 
     </span>
    </p>
   </div>
   <div class='ocr_carea' id='block_1_15' title="bbox 162 1443 1234 1516">
    <p class='ocr_par' dir='ltr' id='par_1_15' title="bbox 162 1443 1234 1516">
     <span class='ocr_line' id='line_1_15' title="bbox 162 1443 1234 1516; baseline 0.013 -20"><span class='ocrx_word' id='word_1_87' title='bbox 162 1443 224 1496; x_wconf 82' lang='grc' dir='ltr'><strong><em>τδ</em></strong></span> <span class='ocrx_word' id='word_1_88' title='bbox 260 1443 555 1516; x_wconf 78' lang='grc' dir='ltr'>ἐγκώμιον.</span> <span class='ocrx_word' id='word_1_89' title='bbox 1228 1454 1234 1462; x_wconf 89' lang='grc'><em>’</em></span> 
     </span>
    </p>
   </div>
   <div class='ocr_carea' id='block_1_16' title="bbox 233 1709 1745 1782">
    <p class='ocr_par' dir='ltr' id='par_1_16' title="bbox 233 1709 1745 1782">
     <span class='ocr_line' id='line_1_16' title="bbox 233 1709 1745 1782; baseline -0.001 -18"><span class='ocrx_word' id='word_1_90' title='bbox 233 1710 403 1778; x_wconf 81' lang='grc' dir='ltr'>Λέγει</span> <span class='ocrx_word' id='word_1_91' title='bbox 443 1710 500 1763; x_wconf 82' lang='grc' dir='ltr'>δὲ</span> <span class='ocrx_word' id='word_1_92' title='bbox 542 1710 713 1774; x_wconf 75' lang='grc' dir='ltr'>οὕτως</span> <span class='ocrx_word' id='word_1_93' title='bbox 732 1728 745 1741; x_wconf 89' lang='grc'><strong>·</strong></span> <span class='ocrx_word' id='word_1_94' title='bbox 789 1711 942 1766; x_wconf 80' lang='grc' dir='ltr'>Ἰδοὺ</span> <span class='ocrx_word' id='word_1_95' title='bbox 970 1709 1031 1767; x_wconf 81' lang='grc' dir='ltr'>εἴ</span> <span class='ocrx_word' id='word_1_96' title='bbox 1044 1712 1227 1782; x_wconf 75' lang='grc' dir='ltr'>καλὴ,</span> <span class='ocrx_word' id='word_1_97' title='bbox 1258 1714 1296 1781; x_wconf 72' lang='grc' dir='ltr'>ἡ</span> <span class='ocrx_word' id='word_1_98' title='bbox 1325 1712 1745 1780; x_wconf 72' lang='grc' dir='ltr'>πλησίονμου,</span> 
     </span>
    </p>
   </div>
   <div class='ocr_carea' id='block_1_17' title="bbox 1842 617 3415 692">
    <p class='ocr_par' dir='ltr' id='par_1_17' title="bbox 1842 617 3415 692">
     <span class='ocr_line' id='line_1_17' title="bbox 1842 617 3415 692; baseline 0.003 -22"><span class='ocrx_word' id='word_1_99' title='bbox 1842 618 1972 671; x_wconf 77' lang='lat' dir='ltr'><strong><em>ntini</em></strong></span> <span class='ocrx_word' id='word_1_100' title='bbox 1989 627 2038 672; x_wconf 84' lang='lat' dir='ltr'><strong><em>et</em></strong></span> <span class='ocrx_word' id='word_1_101' title='bbox 2071 618 2260 684; x_wconf 82' lang='lat' dir='ltr'><strong><em>videte,</em></strong></span> <span class='ocrx_word' id='word_1_102' title='bbox 2290 619 2421 688; x_wconf 68' lang='lat' dir='ltr'><strong><em>ﬁlia</em></strong></span> <span class='ocrx_word' id='word_1_103' title='bbox 2447 617 2600 683; x_wconf 82' lang='lat' dir='ltr'><strong><em>Sion,</em></strong></span> <span class='ocrx_word' id='word_1_104' title='bbox 2656 618 2996 675; x_wconf 83' lang='lat' dir='ltr'><strong><em>Salomonem</em></strong></span> <span class='ocrx_word' id='word_1_105' title='bbox 3027 637 3198 692; x_wconf 84' lang='lat' dir='ltr'><strong><em>regem</em></strong></span> <span class='ocrx_word' id='word_1_106' title='bbox 3238 622 3294 675; x_wconf 83' lang='lat' dir='ltr'><strong><em>in</em></strong></span> <span class='ocrx_word' id='word_1_107' title='bbox 3325 637 3415 675; x_wconf 85' lang='lat' dir='ltr'><strong><em>co-</em></strong></span> 
     </span>
    </p>
   </div>
   <div class='ocr_carea' id='block_1_18' title="bbox 1840 710 3417 781">
    <p class='ocr_par' dir='ltr' id='par_1_18' title="bbox 1840 710 3417 781">
     <span class='ocr_line' id='line_1_18' title="bbox 1840 710 3417 781; baseline 0.004 -20"><span class='ocrx_word' id='word_1_108' title='bbox 1840 725 1992 777; x_wconf 81' lang='lat' dir='ltr'><strong><em>rona,</em></strong></span> <span class='ocrx_word' id='word_1_109' title='bbox 2029 725 2133 778; x_wconf 86' lang='lat' dir='ltr'><strong><em>qua</em></strong></span> <span class='ocrx_word' id='word_1_110' title='bbox 2174 711 2446 765; x_wconf 73' lang='lat' dir='ltr'><strong><em>coronarit</em></strong></span> <span class='ocrx_word' id='word_1_111' title='bbox 2485 726 2601 765; x_wconf 84' lang='lat' dir='ltr'><strong><em>eum</em></strong></span> <span class='ocrx_word' id='word_1_112' title='bbox 2636 720 2805 766; x_wconf 76' lang='lat' dir='ltr'><strong><em>mater</em></strong></span> <span class='ocrx_word' id='word_1_113' title='bbox 2853 712 3021 781; x_wconf 80' lang='lat' dir='ltr'><strong><em>ipsius</em></strong></span> <span class='ocrx_word' id='word_1_114' title='bbox 3059 712 3154 766; x_wconf 83' lang='lat' dir='ltr'><strong><em>illo</em></strong></span> <span class='ocrx_word' id='word_1_115' title='bbox 3180 710 3267 765; x_wconf 82' lang='lat' dir='ltr'><strong><em>die</em></strong></span> <span class='ocrx_word' id='word_1_116' title='bbox 3315 726 3417 781; x_wconf 80' lang='lat' dir='ltr'><strong><em>quo</em></strong></span> 
     </span>
    </p>
   </div>
   <div class='ocr_carea' id='block_1_19' title="bbox 1842 799 3417 872">
    <p class='ocr_par' dir='ltr' id='par_1_19' title="bbox 1842 799 3417 872">
     <span class='ocr_line' id='line_1_19' title="bbox 1842 799 3417 872; baseline 0.001 -18"><span class='ocrx_word' id='word_1_117' title='bbox 1842 799 2291 869; x_wconf 77' lang='lat' dir='ltr'><strong><em>despondebatur,</em></strong></span> <span class='ocrx_word' id='word_1_118' title='bbox 2345 811 2394 857; x_wconf 86' lang='lat' dir='ltr'><strong><em>et</em></strong></span> <span class='ocrx_word' id='word_1_119' title='bbox 2424 801 2509 856; x_wconf 85' lang='lat' dir='ltr'><strong><em>die</em></strong></span> <span class='ocrx_word' id='word_1_120' title='bbox 2547 801 2753 857; x_wconf 75' lang='lat' dir='ltr'><strong><em>latitia:</em></strong></span> <span class='ocrx_word' id='word_1_121' title='bbox 2801 801 2977 858; x_wconf 78' lang='lat' dir='ltr'><strong><em>cordis</em></strong></span> <span class='ocrx_word' id='word_1_122' title='bbox 3028 803 3219 872; x_wconf 76' lang='lat' dir='ltr'><strong><em>ipsius.</em></strong></span> <span class='ocrx_word' id='word_1_123' title='bbox 3264 801 3417 857; x_wconf 84' lang='lat' dir='ltr'><strong><em>Hauc</em></strong></span> 
     </span>
    </p>
   </div>
   <div class='ocr_carea' id='block_1_20' title="bbox 1843 892 3415 965">
    <p class='ocr_par' dir='ltr' id='par_1_20' title="bbox 1843 892 3415 965">
     <span class='ocr_line' id='line_1_20' title="bbox 1843 892 3415 965; baseline 0.001 -20"><span class='ocrx_word' id='word_1_124' title='bbox 1843 892 2006 963; x_wconf 86' lang='lat' dir='ltr'><strong><em>igitur</em></strong></span> <span class='ocrx_word' id='word_1_125' title='bbox 2036 908 2252 963; x_wconf 71' lang='lat' dir='ltr'><strong><em>sponsa:</em></strong></span> <span class='ocrx_word' id='word_1_126' title='bbox 2269 894 2662 964; x_wconf 65' lang='lat' dir='ltr'><strong><em>benignitatem</em></strong></span> <span class='ocrx_word' id='word_1_127' title='bbox 2681 892 2917 949; x_wconf 78' lang='lat' dir='ltr'><strong><em>Verbum</em></strong></span> <span class='ocrx_word' id='word_1_128' title='bbox 2946 896 3247 964; x_wconf 80' lang='lat' dir='ltr'><strong><em>excipiens,</em></strong></span> <span class='ocrx_word' id='word_1_129' title='bbox 3267 894 3415 965; x_wconf 89' lang='lat' dir='ltr'><strong><em>quod</em></strong></span> 
     </span>
    </p>
   </div>
   <div class='ocr_carea' id='block_1_21' title="bbox 1842 984 3415 1055">
    <p class='ocr_par' dir='ltr' id='par_1_21' title="bbox 1842 984 3415 1055">
     <span class='ocr_line' id='line_1_21' title="bbox 1842 984 3415 1055; baseline 0 -15"><span class='ocrx_word' id='word_1_130' title='bbox 1842 1000 1904 1040; x_wconf 87' lang='lat' dir='ltr'><strong><em>ca</em></strong></span> <span class='ocrx_word' id='word_1_131' title='bbox 1935 984 2150 1040; x_wconf 82' lang='lat' dir='ltr'><strong><em>Domini</em></strong></span> <span class='ocrx_word' id='word_1_132' title='bbox 2183 986 2251 1041; x_wconf 89' lang='lat' dir='ltr'><strong><em>ad</em></strong></span> <span class='ocrx_word' id='word_1_133' title='bbox 2284 985 2647 1042; x_wconf 74' lang='lat' dir='ltr'><strong><em>imitationem</em></strong></span> <span class='ocrx_word' id='word_1_134' title='bbox 2675 988 2804 1042; x_wconf 86' lang='lat' dir='ltr'><strong><em>velit</em></strong></span> <span class='ocrx_word' id='word_1_135' title='bbox 2832 1002 3024 1044; x_wconf 89' lang='lat' dir='ltr'><strong><em>omnes</em></strong></span> <span class='ocrx_word' id='word_1_136' title='bbox 3059 988 3241 1044; x_wconf 88' lang='lat' dir='ltr'><strong><em>salvos</em></strong></span> <span class='ocrx_word' id='word_1_137' title='bbox 3277 987 3415 1055; x_wconf 79' lang='lat' dir='ltr'><strong><em>ﬁeri,</em></strong></span> 
     </span>
    </p>
   </div>
   <div class='ocr_carea' id='block_1_22' title="bbox 1843 1076 3421 1150">
    <p class='ocr_par' dir='ltr' id='par_1_22' title="bbox 1843 1076 3421 1150">
     <span class='ocr_line' id='line_1_22' title="bbox 1843 1076 3421 1150; baseline 0.001 -18"><span class='ocrx_word' id='word_1_138' title='bbox 1843 1089 1897 1132; x_wconf 88' lang='lat' dir='ltr'><strong><em>et</em></strong></span> <span class='ocrx_word' id='word_1_139' title='bbox 1932 1076 2002 1131; x_wconf 87' lang='lat' dir='ltr'><strong><em>ad</em></strong></span> <span class='ocrx_word' id='word_1_140' title='bbox 2036 1076 2405 1147; x_wconf 72' lang='lat' dir='ltr'><strong><em>cognitionem</em></strong></span> <span class='ocrx_word' id='word_1_141' title='bbox 2443 1078 2693 1134; x_wconf 70' lang='lat' dir='ltr'><strong><em>veritatis</em></strong></span> <span class='ocrx_word' id='word_1_142' title='bbox 2738 1080 3024 1149; x_wconf 82' lang='lat' dir='ltr'><strong><em>pervenire</em></strong></span> <span class='ocrx_word' id='word_1_143' title='bbox 3040 1081 3106 1146; x_wconf 75' lang='lat'><strong><em>“,</em></strong></span> <span class='ocrx_word' id='word_1_144' title='bbox 3140 1081 3421 1150; x_wconf 87' lang='lat' dir='ltr'><strong><em>pulchrio-</em></strong></span> 
     </span>
    </p>
   </div>
   <div class='ocr_carea' id='block_1_23' title="bbox 1844 1168 3420 1244">
    <p class='ocr_par' dir='ltr' id='par_1_23' title="bbox 1844 1168 3420 1244">
     <span class='ocr_line' id='line_1_23' title="bbox 1844 1168 3420 1244; baseline 0.003 -21"><span class='ocrx_word' id='word_1_145' title='bbox 1844 1185 1955 1224; x_wconf 89' lang='lat' dir='ltr'><strong><em>rem</em></strong></span> <span class='ocrx_word' id='word_1_146' title='bbox 2006 1168 2153 1224; x_wconf 82' lang='lat' dir='ltr'><strong><em>illam</em></strong></span> <span class='ocrx_word' id='word_1_147' title='bbox 2191 1168 2381 1234; x_wconf 82' lang='lat' dir='ltr'><strong><em>efﬁcit,</em></strong></span> <span class='ocrx_word' id='word_1_148' title='bbox 2426 1169 2604 1226; x_wconf 80' lang='lat' dir='ltr'><strong><em>factus</em></strong></span> <span class='ocrx_word' id='word_1_149' title='bbox 2650 1180 2705 1227; x_wconf 89' lang='lat' dir='ltr'><strong><em>et</em></strong></span> <span class='ocrx_word' id='word_1_150' title='bbox 2745 1186 2925 1241; x_wconf 62' lang='lat' dir='ltr'><strong><em>praeco</em></strong></span> <span class='ocrx_word' id='word_1_151' title='bbox 2958 1184 3015 1228; x_wconf 91' lang='lat' dir='ltr'><strong><em>et</em></strong></span> <span class='ocrx_word' id='word_1_152' title='bbox 3043 1174 3220 1243; x_wconf 87' lang='lat' dir='ltr'><strong><em>pictor</em></strong></span> <span class='ocrx_word' id='word_1_153' title='bbox 3261 1174 3420 1244; x_wconf 89' lang='lat' dir='ltr'><strong><em>quasi</em></strong></span> 
     </span>
    </p>
   </div>
   <div class='ocr_carea' id='block_1_24' title="bbox 1844 1260 3423 1335">
    <p class='ocr_par' dir='ltr' id='par_1_24' title="bbox 1844 1260 3423 1335">
     <span class='ocr_line' id='line_1_24' title="bbox 1844 1260 3423 1335; baseline 0.004 -21"><span class='ocrx_word' id='word_1_154' title='bbox 1844 1260 2064 1331; x_wconf 90' lang='lat' dir='ltr'><strong><em>quidam</em></strong></span> <span class='ocrx_word' id='word_1_155' title='bbox 2092 1262 2397 1317; x_wconf 86' lang='lat' dir='ltr'><strong><em>venustatis</em></strong></span> <span class='ocrx_word' id='word_1_156' title='bbox 2413 1260 2688 1331; x_wconf 74' lang='lat' dir='ltr'><strong><em>rjus.Non</em></strong></span> <span class='ocrx_word' id='word_1_157' title='bbox 2718 1264 2861 1318; x_wconf 89' lang='lat' dir='ltr'><strong><em>enim</em></strong></span> <span class='ocrx_word' id='word_1_158' title='bbox 2902 1264 3228 1334; x_wconf 82' lang='lat' dir='ltr'><strong><em>simpliciter</em></strong></span> <span class='ocrx_word' id='word_1_159' title='bbox 3248 1264 3423 1335; x_wconf 87' lang='lat' dir='ltr'><strong><em>ipsius</em></strong></span> 
     </span>
    </p>
   </div>
   <div class='ocr_carea' id='block_1_25' title="bbox 1846 1349 3424 1427">
    <p class='ocr_par' dir='ltr' id='par_1_25' title="bbox 1846 1349 3424 1427">
     <span class='ocr_line' id='line_1_25' title="bbox 1846 1349 3424 1427; baseline 0.004 -24"><span class='ocrx_word' id='word_1_160' title='bbox 1846 1350 2024 1405; x_wconf 80' lang='lat' dir='ltr'><strong><em>forma</em></strong></span> <span class='ocrx_word' id='word_1_161' title='bbox 2072 1349 2358 1415; x_wconf 86' lang='lat' dir='ltr'><strong><em>laudatur,</em></strong></span> <span class='ocrx_word' id='word_1_162' title='bbox 2409 1352 2711 1420; x_wconf 77' lang='lat' dir='ltr'><strong><em>generatim</em></strong></span> <span class='ocrx_word' id='word_1_163' title='bbox 2759 1354 3097 1424; x_wconf 66' lang='lat' dir='ltr'><strong><em>praedicata:</em></strong></span> <span class='ocrx_word' id='word_1_164' title='bbox 3130 1354 3223 1410; x_wconf 90' lang='lat' dir='ltr'><strong><em>sed</em></strong></span> <span class='ocrx_word' id='word_1_165' title='bbox 3272 1356 3424 1427; x_wconf 88' lang='lat' dir='ltr'><strong><em>sigil-</em></strong></span> 
     </span>
    </p>
   </div>
   <div class='ocr_carea' id='block_1_26' title="bbox 1845 1440 3422 1518">
    <p class='ocr_par' dir='ltr' id='par_1_26' title="bbox 1845 1440 3422 1518">
     <span class='ocr_line' id='line_1_26' title="bbox 1845 1440 3422 1518; baseline 0.003 -23"><span class='ocrx_word' id='word_1_166' title='bbox 1845 1440 1998 1496; x_wconf 87' lang='lat' dir='ltr'><strong><em>latim</em></strong></span> <span class='ocrx_word' id='word_1_167' title='bbox 2035 1440 2279 1498; x_wconf 89' lang='lat' dir='ltr'><strong><em>membra</em></strong></span> <span class='ocrx_word' id='word_1_168' title='bbox 2304 1442 2747 1518; x_wconf 71' lang='lat' dir='ltr'><strong><em>considerantur,</em></strong></span> <span class='ocrx_word' id='word_1_169' title='bbox 2764 1459 2827 1499; x_wconf 90' lang='lat' dir='ltr'><strong><em>ac</em></strong></span> <span class='ocrx_word' id='word_1_170' title='bbox 2852 1446 3127 1514; x_wconf 82' lang='lat' dir='ltr'><strong><em>peculiare</em></strong></span> <span class='ocrx_word' id='word_1_171' title='bbox 3148 1445 3422 1515; x_wconf 86' lang='lat' dir='ltr'><strong><em>quoddam</em></strong></span> 
     </span>
    </p>
   </div>
   <div class='ocr_carea' id='block_1_27' title="bbox 1848 1532 3426 1604">
    <p class='ocr_par' dir='ltr' id='par_1_27' title="bbox 1848 1532 3426 1604">
     <span class='ocr_line' id='line_1_27' title="bbox 1848 1532 3426 1604; baseline 0.003 -18"><span class='ocrx_word' id='word_1_172' title='bbox 1848 1532 2094 1587; x_wconf 89' lang='lat' dir='ltr'><strong><em>membro</em></strong></span> <span class='ocrx_word' id='word_1_173' title='bbox 2117 1534 2318 1603; x_wconf 86' lang='lat' dir='ltr'><strong><em>cuique</em></strong></span> <span class='ocrx_word' id='word_1_174' title='bbox 2343 1549 2439 1604; x_wconf 84' lang='lat' dir='ltr'><strong><em>per</em></strong></span> <span class='ocrx_word' id='word_1_175' title='bbox 2481 1537 2948 1604; x_wconf 81' lang='lat' dir='ltr'><strong><em>comparationem</em></strong></span> <span class='ocrx_word' id='word_1_176' title='bbox 2997 1551 3063 1591; x_wconf 89' lang='lat' dir='ltr'><strong><em>ac</em></strong></span> <span class='ocrx_word' id='word_1_177' title='bbox 3106 1537 3426 1592; x_wconf 85' lang='lat' dir='ltr'><strong><em>similitudi-</em></strong></span> 
     </span>
    </p>
   </div>
   <div class='ocr_carea' id='block_1_28' title="bbox 1848 1621 2646 1678">
    <p class='ocr_par' dir='ltr' id='par_1_28' title="bbox 1848 1621 2646 1678">
     <span class='ocr_line' id='line_1_28' title="bbox 1848 1621 2646 1678; baseline 0.005 -5"><span class='ocrx_word' id='word_1_178' title='bbox 1848 1636 1972 1676; x_wconf 85' lang='lat' dir='ltr'><strong><em>nem</em></strong></span> <span class='ocrx_word' id='word_1_179' title='bbox 2016 1621 2327 1677; x_wconf 90' lang='lat' dir='ltr'><strong><em>encomium</em></strong></span> <span class='ocrx_word' id='word_1_180' title='bbox 2369 1622 2646 1678; x_wconf 88' lang='lat' dir='ltr'><strong><em>tribuitur.</em></strong></span> 
     </span>
    </p>
   </div>
   <div class='ocr_carea' id='block_1_29' title="bbox 1923 1710 3425 1786">
    <p class='ocr_par' dir='ltr' id='par_1_29' title="bbox 1923 1710 3425 1786">
     <span class='ocr_line' id='line_1_29' title="bbox 1923 1710 3425 1786; baseline 0.002 -20"><span class='ocrx_word' id='word_1_181' title='bbox 1923 1710 2062 1767; x_wconf 89' lang='lat' dir='ltr'><strong><em>Sunt</em></strong></span> <span class='ocrx_word' id='word_1_182' title='bbox 2082 1720 2267 1768; x_wconf 89' lang='lat' dir='ltr'><strong><em>autem</em></strong></span> <span class='ocrx_word' id='word_1_183' title='bbox 2294 1713 2408 1769; x_wconf 65' lang='lat' dir='ltr'><strong><em>haec</em></strong></span> <span class='ocrx_word' id='word_1_184' title='bbox 2438 1714 2614 1784; x_wconf 86' lang='lat' dir='ltr'><strong><em>ipsius</em></strong></span> <span class='ocrx_word' id='word_1_185' title='bbox 2638 1716 2806 1772; x_wconf 88' lang='lat' dir='ltr'><strong><em>verba</em></strong></span> <span class='ocrx_word' id='word_1_186' title='bbox 2837 1734 2855 1771; x_wconf 71' lang='grc' dir='ltr'><strong><em>ι</em></strong></span> <span class='ocrx_word' id='word_1_187' title='bbox 2880 1715 3058 1781; x_wconf 83' lang='lat' dir='ltr'><strong><em>Quam</em></strong></span> <span class='ocrx_word' id='word_1_188' title='bbox 3094 1717 3319 1786; x_wconf 77' lang='lat' dir='ltr'><strong><em>pulchra</em></strong></span> <span class='ocrx_word' id='word_1_189' title='bbox 3349 1732 3425 1779; x_wconf 79' lang='lat' dir='ltr'><strong><em>es,</em></strong></span> 
     </span>
    </p>
   </div>
   <div class='ocr_carea' id='block_1_30' title="bbox 165 1798 1756 1878">
    <p class='ocr_par' dir='ltr' id='par_1_30' title="bbox 165 1798 1749 1878">
     <span class='ocr_line' id='line_1_30' title="bbox 165 1798 1749 1878; baseline 0.001 -23"><span class='ocrx_word' id='word_1_190' title='bbox 165 1802 295 1856; x_wconf 71' lang='grc' dir='ltr'>ἰδοὺ</span> <span class='ocrx_word' id='word_1_191' title='bbox 322 1798 383 1855; x_wconf 83' lang='grc' dir='ltr'>εἴ</span> <span class='ocrx_word' id='word_1_192' title='bbox 409 1802 587 1871; x_wconf 68' lang='grc' dir='ltr'>καλή.</span> <span class='ocrx_word' id='word_1_193' title='bbox 635 1803 698 1855; x_wconf 86' lang='grc' dir='ltr'><strong>Ἡ</strong></span> <span class='ocrx_word' id='word_1_194' title='bbox 734 1804 839 1876; x_wconf 79' lang='grc' dir='ltr'><strong><em>γὰρ</em></strong></span> <span class='ocrx_word' id='word_1_195' title='bbox 863 1806 1219 1878; x_wconf 80' lang='grc' dir='ltr'>μιμησαμένη</span> <span class='ocrx_word' id='word_1_196' title='bbox 1258 1806 1353 1860; x_wconf 81' lang='grc' dir='ltr'>τοῦ</span> <span class='ocrx_word' id='word_1_197' title='bbox 1385 1807 1654 1859; x_wconf 86' lang='grc' dir='ltr'>Δεσπότου</span> <span class='ocrx_word' id='word_1_198' title='bbox 1689 1804 1749 1857; x_wconf 73' lang='grc' dir='ltr'>τὸ</span> 
     </span>
    </p>
   </div>
   <div class='ocr_carea' id='block_1_31' title="bbox 1862 1798 3429 1878">
    <p class='ocr_par' dir='ltr' id='par_1_31' title="bbox 1862 1804 3429 1878">
     <span class='ocr_line' id='line_1_31' title="bbox 1862 1804 3429 1878; baseline 0.003 -21"><span class='ocrx_word' id='word_1_199' title='bbox 1862 1804 2026 1858; x_wconf 72' lang='lat' dir='ltr'><strong><em>amica</em></strong></span> <span class='ocrx_word' id='word_1_200' title='bbox 2051 1820 2188 1868; x_wconf 81' lang='lat' dir='ltr'><strong><em>mea,</em></strong></span> <span class='ocrx_word' id='word_1_201' title='bbox 2218 1820 2376 1874; x_wconf 86' lang='lat' dir='ltr'><strong><em>quam</em></strong></span> <span class='ocrx_word' id='word_1_202' title='bbox 2399 1805 2620 1874; x_wconf 80' lang='lat' dir='ltr'><strong><em>pulchra</em></strong></span> <span class='ocrx_word' id='word_1_203' title='bbox 2641 1823 2717 1861; x_wconf 80' lang='lat' dir='ltr'><strong><em>es.</em></strong></span> <span class='ocrx_word' id='word_1_204' title='bbox 2751 1805 2887 1860; x_wconf 85' lang='lat' dir='ltr'><strong><em>Nam</em></strong></span> <span class='ocrx_word' id='word_1_205' title='bbox 2922 1816 3282 1878; x_wconf 85' lang='lat' dir='ltr'><strong><em>posteaquam</em></strong></span> <span class='ocrx_word' id='word_1_206' title='bbox 3306 1808 3429 1862; x_wconf 85' lang='lat' dir='ltr'><strong><em>imi-</em></strong></span> 
     </span>
    </p>
   </div>
   <div class='ocr_carea' id='block_1_32' title="bbox 167 1883 1756 1970">
    <p class='ocr_par' dir='ltr' id='par_1_32' title="bbox 167 1891 1743 1968">
     <span class='ocr_line' id='line_1_32' title="bbox 167 1891 1743 1968; baseline 0.003 -24"><span class='ocrx_word' id='word_1_207' title='bbox 167 1891 549 1963; x_wconf 86' lang='grc' dir='ltr'>φιλάνθρωπον</span> <span class='ocrx_word' id='word_1_208' title='bbox 583 1891 849 1963; x_wconf 78' lang='grc' dir='ltr'>βούλημα,</span> <span class='ocrx_word' id='word_1_209' title='bbox 882 1896 974 1949; x_wconf 76' lang='grc' dir='ltr'>καὶ</span> <span class='ocrx_word' id='word_1_210' title='bbox 1011 1896 1245 1963; x_wconf 77' lang='grc' dir='ltr'>ἐξελθεῖν</span> <span class='ocrx_word' id='word_1_211' title='bbox 1302 1897 1743 1968; x_wconf 85' lang='grc' dir='ltr'>ὲγκελευσαμένη</span> 
     </span>
    </p>
   </div>
   <div class='ocr_carea' id='block_1_33' title="bbox 1862 1883 3425 1970">
    <p class='ocr_par' dir='ltr' id='par_1_33' title="bbox 1862 1896 3425 1970">
     <span class='ocr_line' id='line_1_33' title="bbox 1862 1896 3425 1970; baseline 0.001 -21"><span class='ocrx_word' id='word_1_212' title='bbox 1862 1903 1962 1950; x_wconf 72' lang='lat' dir='ltr'><strong><em>Lata</em></strong></span> <span class='ocrx_word' id='word_1_213' title='bbox 2002 1896 2290 1967; x_wconf 78' lang='lat' dir='ltr'><strong><em>benignam</em></strong></span> <span class='ocrx_word' id='word_1_214' title='bbox 2330 1898 2453 1953; x_wconf 80' lang='lat' dir='ltr'><strong><em>Heri</em></strong></span> <span class='ocrx_word' id='word_1_215' title='bbox 2504 1898 2590 1952; x_wconf 92' lang='lat' dir='ltr'><strong><em>sui</em></strong></span> <span class='ocrx_word' id='word_1_216' title='bbox 2641 1899 2976 1954; x_wconf 83' lang='lat' dir='ltr'><strong><em>voluntatem</em></strong></span> <span class='ocrx_word' id='word_1_217' title='bbox 3034 1900 3219 1970; x_wconf 85' lang='lat' dir='ltr'><strong><em>egredi</em></strong></span> <span class='ocrx_word' id='word_1_218' title='bbox 3257 1899 3425 1970; x_wconf 84' lang='lat' dir='ltr'><strong><em>jussit</em></strong></span> 
     </span>
    </p>
   </div>
   <div class='ocr_carea' id='block_1_34' title="bbox 167 1983 1747 2060">
    <p class='ocr_par' dir='ltr' id='par_1_34' title="bbox 167 1983 1747 2060">
     <span class='ocr_line' id='line_1_34' title="bbox 167 1983 1747 2060; baseline 0.004 -25"><span class='ocrx_word' id='word_1_219' title='bbox 167 1983 286 2037; x_wconf 83' lang='grc' dir='ltr'>καθ’</span> <span class='ocrx_word' id='word_1_220' title='bbox 325 1983 621 2054; x_wconf 79' lang='grc' dir='ltr'>ὁμοιότητα</span> <span class='ocrx_word' id='word_1_221' title='bbox 653 1985 746 2037; x_wconf 79' lang='grc' dir='ltr'>τοῦ</span> <span class='ocrx_word' id='word_1_222' title='bbox 792 1987 1041 2059; x_wconf 80' lang='grc' dir='ltr'>’Λϐραὰμ</span> <span class='ocrx_word' id='word_1_223' title='bbox 1071 1989 1168 2054; x_wconf 84' lang='grc' dir='ltr'>τὰς</span> <span class='ocrx_word' id='word_1_224' title='bbox 1211 1990 1478 2057; x_wconf 86' lang='grc' dir='ltr'>νεάνιδας,</span> <span class='ocrx_word' id='word_1_225' title='bbox 1510 1991 1747 2060; x_wconf 78' lang='grc' dir='ltr'>ἑκάστην</span> 
     </span>
    </p>
   </div>
   <div class='ocr_carea' id='block_1_35' title="bbox 167 2074 1750 2157">
    <p class='ocr_par' dir='ltr' id='par_1_35' title="bbox 167 2074 1750 2157">
     <span class='ocr_line' id='line_1_35' title="bbox 167 2074 1750 2157; baseline 0.006 -30"><span class='ocrx_word' id='word_1_226' title='bbox 167 2074 273 2129; x_wconf 76' lang='grc' dir='ltr'><strong><em>ἀπὸ</em></strong></span> <span class='ocrx_word' id='word_1_227' title='bbox 297 2075 401 2146; x_wconf 81' lang='grc' dir='ltr'>τῆς</span> <span class='ocrx_word' id='word_1_228' title='bbox 422 2076 523 2147; x_wconf 85' lang='grc' dir='ltr'>γῆς</span> <span class='ocrx_word' id='word_1_229' title='bbox 546 2078 766 2148; x_wconf 78' lang='grc' dir='ltr'>ἑαυτῆς,</span> <span class='ocrx_word' id='word_1_230' title='bbox 804 2081 896 2132; x_wconf 72' lang='grc' dir='ltr'><strong><em>καὶ</em></strong></span> <span class='ocrx_word' id='word_1_231' title='bbox 912 2080 1021 2134; x_wconf 83' lang='grc' dir='ltr'>ἀπὸ</span> <span class='ocrx_word' id='word_1_232' title='bbox 1051 2081 1152 2152; x_wconf 79' lang='grc' dir='ltr'>τῆς</span> <span class='ocrx_word' id='word_1_233' title='bbox 1174 2083 1304 2153; x_wconf 77' lang='grc' dir='ltr'>περὶ</span> <span class='ocrx_word' id='word_1_234' title='bbox 1332 2083 1399 2136; x_wconf 80' lang='grc' dir='ltr'><strong><em>τά</em></strong></span> <span class='ocrx_word' id='word_1_235' title='bbox 1418 2076 1750 2157; x_wconf 73' lang='grc' dir='ltr'>αίσθητῄ¹ρια</span> 
     </span>
    </p>
   </div>
   <div class='ocr_carea' id='block_1_36' title="bbox 171 2165 1751 2245">
    <p class='ocr_par' dir='ltr' id='par_1_36' title="bbox 171 2165 1751 2245">
     <span class='ocr_line' id='line_1_36' title="bbox 171 2165 1751 2245; baseline 0.006 -28"><span class='ocrx_word' id='word_1_236' title='bbox 171 2165 489 2233; x_wconf 80' lang='grc' dir='ltr'>συγγενείας</span> <span class='ocrx_word' id='word_1_237' title='bbox 526 2168 717 2238; x_wconf 75' lang='grc' dir='ltr'>αὐτῆς,</span> <span class='ocrx_word' id='word_1_238' title='bbox 746 2169 889 2222; x_wconf 81' lang='grc' dir='ltr'>ὣστε</span> <span class='ocrx_word' id='word_1_239' title='bbox 952 2171 1077 2224; x_wconf 73' lang='grc' dir='ltr'>ἰδεῖν</span> <span class='ocrx_word' id='word_1_240' title='bbox 1116 2173 1208 2226; x_wconf 83' lang='grc' dir='ltr'><strong><em>τὸν</em></strong></span> <span class='ocrx_word' id='word_1_241' title='bbox 1240 2173 1478 2244; x_wconf 79' lang='grc' dir='ltr'>καθαρὸν</span> <span class='ocrx_word' id='word_1_242' title='bbox 1517 2174 1751 2245; x_wconf 84' lang='grc' dir='ltr'>νυμφίον</span> 
     </span>
    </p>
   </div>
   <div class='ocr_carea' id='block_1_37' title="bbox 172 2258 1752 2336">
    <p class='ocr_par' dir='ltr' id='par_1_37' title="bbox 172 2258 1752 2336">
     <span class='ocr_line' id='line_1_37' title="bbox 172 2258 1752 2336; baseline 0.006 -28"><span class='ocrx_word' id='word_1_243' title='bbox 172 2258 684 2329; x_wconf 73' lang='grc' dir='ltr'>στεφανηφοροῦντα</span> <span class='ocrx_word' id='word_1_244' title='bbox 736 2260 835 2333; x_wconf 80' lang='grc' dir='ltr'>τὴν</span> <span class='ocrx_word' id='word_1_245' title='bbox 874 2262 1203 2335; x_wconf 84' lang='grc' dir='ltr'>Ἐκκλησίαν</span> <span class='ocrx_word' id='word_1_246' title='bbox 1228 2282 1241 2295; x_wconf 78' lang='grc'><em>’</em></span> <span class='ocrx_word' id='word_1_247' title='bbox 1278 2264 1495 2336; x_wconf 83' lang='grc' dir='ltr'>άληθῶς</span> <span class='ocrx_word' id='word_1_248' title='bbox 1524 2263 1752 2335; x_wconf 82' lang='grc' dir='ltr'>πλησίον</span> 
     </span>
    </p>
   </div>
   <div class='ocr_carea' id='block_1_38' title="bbox 170 2348 1752 2427">
    <p class='ocr_par' dir='ltr' id='par_1_38' title="bbox 170 2348 1752 2427">
     <span class='ocr_line' id='line_1_38' title="bbox 170 2348 1752 2427; baseline 0.006 -27"><span class='ocrx_word' id='word_1_249' title='bbox 170 2348 375 2415; x_wconf 83' lang='grc' dir='ltr'>γίνεται</span> <span class='ocrx_word' id='word_1_250' title='bbox 404 2352 502 2421; x_wconf 81' lang='grc' dir='ltr'>τῆς</span> <span class='ocrx_word' id='word_1_251' title='bbox 521 2350 844 2423; x_wconf 82' lang='grc' dir='ltr'>δεσποτικῆς</span> <span class='ocrx_word' id='word_1_252' title='bbox 866 2354 1221 2426; x_wconf 88' lang='grc' dir='ltr'>ἀγαθότητος,</span> <span class='ocrx_word' id='word_1_253' title='bbox 1250 2355 1338 2409; x_wconf 80' lang='grc' dir='ltr'><strong><em>διὰ</em></strong></span> <span class='ocrx_word' id='word_1_254' title='bbox 1363 2356 1464 2427; x_wconf 79' lang='grc' dir='ltr'>τῆς</span> <span class='ocrx_word' id='word_1_255' title='bbox 1498 2356 1637 2427; x_wconf 83' lang='grc' dir='ltr'>πρὸς</span> <span class='ocrx_word' id='word_1_256' title='bbox 1659 2357 1752 2410; x_wconf 86' lang='grc' dir='ltr'><strong><em>τὸν</em></strong></span> 
     </span>
    </p>
   </div>
   <div class='ocr_carea' id='block_1_39' title="bbox 172 2438 1753 2517">
    <p class='ocr_par' dir='ltr' id='par_1_39' title="bbox 172 2438 1753 2517">
     <span class='ocr_line' id='line_1_39' title="bbox 172 2438 1753 2517; baseline 0.006 -29"><span class='ocrx_word' id='word_1_257' title='bbox 172 2438 397 2510; x_wconf 83' lang='grc' dir='ltr'>πλησίον</span> <span class='ocrx_word' id='word_1_258' title='bbox 424 2440 642 2512; x_wconf 82' lang='grc' dir='ltr'>ἀγάπης</span> <span class='ocrx_word' id='word_1_259' title='bbox 688 2442 767 2513; x_wconf 82' lang='grc' dir='ltr'>τῷ</span> <span class='ocrx_word' id='word_1_260' title='bbox 810 2442 928 2513; x_wconf 80' lang='grc' dir='ltr'><strong><em>Θεῷ</em></strong></span> <span class='ocrx_word' id='word_1_261' title='bbox 968 2446 1399 2517; x_wconf 88' lang='grc' dir='ltr'>προσεγγίσασα.</span> <span class='ocrx_word' id='word_1_262' title='bbox 1440 2446 1610 2513; x_wconf 79' lang='grc' dir='ltr'><strong><em>Καλὴ</em></strong></span> <span class='ocrx_word' id='word_1_263' title='bbox 1662 2440 1753 2499; x_wconf 74' lang='grc' dir='ltr'><strong><em>οὖν</em></strong></span> 
     </span>
    </p>
   </div>
   <div class='ocr_carea' id='block_1_40' title="bbox 170 2525 1757 2609">
    <p class='ocr_par' dir='ltr' id='par_1_40' title="bbox 170 2525 1757 2609">
     <span class='ocr_line' id='line_1_40' title="bbox 170 2525 1757 2609; baseline 0.006 -27"><span class='ocrx_word' id='word_1_264' title='bbox 170 2525 240 2591; x_wconf 75' lang='grc' dir='ltr'>εἷ,</span> <span class='ocrx_word' id='word_1_265' title='bbox 264 2529 400 2602; x_wconf 70' lang='grc' dir='ltr'>φησὶ</span> <span class='ocrx_word' id='word_1_266' title='bbox 427 2532 563 2602; x_wconf 76' lang='grc' dir='ltr'>πρὸς</span> <span class='ocrx_word' id='word_1_267' title='bbox 593 2532 763 2605; x_wconf 75' lang='grc' dir='ltr'>αὐτὴν</span> <span class='ocrx_word' id='word_1_268' title='bbox 788 2534 816 2586; x_wconf 95' lang='grc' dir='ltr'><strong><em>ὀ</em></strong></span> <span class='ocrx_word' id='word_1_269' title='bbox 847 2535 1039 2603; x_wconf 80' lang='grc' dir='ltr'>Λόγος,</span> <span class='ocrx_word' id='word_1_270' title='bbox 1067 2540 1131 2608; x_wconf 80' lang='grc' dir='ltr'>τῇ</span> <span class='ocrx_word' id='word_1_271' title='bbox 1164 2537 1299 2609; x_wconf 81' lang='grc' dir='ltr'>καλῇ</span> <span class='ocrx_word' id='word_1_272' title='bbox 1332 2539 1649 2609; x_wconf 86' lang='grc' dir='ltr'>προαιρέσει</span> <span class='ocrx_word' id='word_1_273' title='bbox 1677 2537 1757 2608; x_wconf 83' lang='grc' dir='ltr'>τῷ</span> 
     </span>
    </p>
   </div>
   <div class='ocr_carea' id='block_1_41' title="bbox 172 2622 1753 2700">
    <p class='ocr_par' dir='ltr' id='par_1_41' title="bbox 172 2622 1753 2700">
     <span class='ocr_line' id='line_1_41' title="bbox 172 2622 1753 2700; baseline 0.006 -27"><span class='ocrx_word' id='word_1_274' title='bbox 172 2622 357 2692; x_wconf 82' lang='grc' dir='ltr'>ἀγαθῷ</span> <span class='ocrx_word' id='word_1_275' title='bbox 397 2622 763 2693; x_wconf 83' lang='grc' dir='ltr'>πλησιάσασα.</span> <span class='ocrx_word' id='word_1_276' title='bbox 800 2625 867 2678; x_wconf 84' lang='grc' dir='ltr'><strong>Ἠ</strong></span> <span class='ocrx_word' id='word_1_277' title='bbox 917 2626 975 2679; x_wconf 85' lang='grc' dir='ltr'>δὲ</span> <span class='ocrx_word' id='word_1_278' title='bbox 1020 2627 1355 2700; x_wconf 78' lang='grc' dir='ltr'>ἐπανάληψις</span> <span class='ocrx_word' id='word_1_279' title='bbox 1396 2629 1488 2683; x_wconf 82' lang='grc' dir='ltr'>τοῦ</span> <span class='ocrx_word' id='word_1_280' title='bbox 1531 2628 1753 2683; x_wconf 79' lang='grc' dir='ltr'>ἐπαίνου</span> 
     </span>
    </p>
   </div>
   <div class='ocr_carea' id='block_1_42' title="bbox 172 2712 1753 2793">
    <p class='ocr_par' dir='ltr' id='par_1_42' title="bbox 172 2712 1753 2793">
     <span class='ocr_line' id='line_1_42' title="bbox 172 2712 1753 2793; baseline 0.006 -29"><span class='ocrx_word' id='word_1_281' title='bbox 172 2712 230 2765; x_wconf 78' lang='grc' dir='ltr'><strong><em>τὸ</em></strong></span> <span class='ocrx_word' id='word_1_282' title='bbox 259 2713 530 2784; x_wconf 83' lang='grc' dir='ltr'>ἄψευστον</span> <span class='ocrx_word' id='word_1_283' title='bbox 560 2715 661 2787; x_wconf 80' lang='grc' dir='ltr'>τῆς</span> <span class='ocrx_word' id='word_1_284' title='bbox 694 2719 1003 2789; x_wconf 83' lang='grc' dir='ltr'>μαρτυρίας</span> <span class='ocrx_word' id='word_1_285' title='bbox 1033 2718 1385 2775; x_wconf 85' lang='grc' dir='ltr'>ἐνδείκνυται.</span> <span class='ocrx_word' id='word_1_286' title='bbox 1431 2722 1518 2773; x_wconf 89' lang='grc' dir='ltr'>Ἐν</span> <span class='ocrx_word' id='word_1_287' title='bbox 1552 2720 1658 2791; x_wconf 79' lang='grc' dir='ltr'>γὰρ</span> <span class='ocrx_word' id='word_1_288' title='bbox 1688 2724 1753 2793; x_wconf 82' lang='grc' dir='ltr'>τῇ</span> 
     </span>
    </p>
   </div>
   <div class='ocr_carea' id='block_1_43' title="bbox 173 2804 1755 2883">
    <p class='ocr_par' dir='ltr' id='par_1_43' title="bbox 173 2804 1755 2883">
     <span class='ocr_line' id='line_1_43' title="bbox 173 2804 1755 2883; baseline 0.005 -27"><span class='ocrx_word' id='word_1_289' title='bbox 173 2804 325 2877; x_wconf 76' lang='grc' dir='ltr'>διπλῇ</span> <span class='ocrx_word' id='word_1_290' title='bbox 360 2807 644 2880; x_wconf 78' lang='grc' dir='ltr'>μαρτυρίᾳ</span> <span class='ocrx_word' id='word_1_291' title='bbox 704 2809 1053 2880; x_wconf 79' lang='grc' dir='ltr'>βεϐαιοῦσθαι</span> <span class='ocrx_word' id='word_1_292' title='bbox 1102 2811 1202 2883; x_wconf 81' lang='grc' dir='ltr'>τὴν</span> <span class='ocrx_word' id='word_1_293' title='bbox 1252 2811 1507 2883; x_wconf 80' lang='grc' dir='ltr'>ἀλήθειαν</span> <span class='ocrx_word' id='word_1_294' title='bbox 1544 2815 1572 2867; x_wconf 89' lang='grc' dir='ltr'><strong><em>ὀ</em></strong></span> <span class='ocrx_word' id='word_1_295' title='bbox 1613 2813 1755 2876; x_wconf 81' lang='grc' dir='ltr'>θεῖος</span> 
     </span>
    </p>
   </div>
   <div class='ocr_carea' id='block_1_44' title="bbox 175 2897 1751 2975">
    <p class='ocr_par' dir='ltr' id='par_1_44' title="bbox 175 2897 1751 2975">
     <span class='ocr_line' id='line_1_44' title="bbox 175 2897 1751 2975; baseline 0.006 -25"><span class='ocrx_word' id='word_1_296' title='bbox 175 2897 532 2967; x_wconf 85' lang='grc' dir='ltr'>ἀποφαίνεται</span> <span class='ocrx_word' id='word_1_297' title='bbox 567 2901 749 2970; x_wconf 88' lang='grc' dir='ltr'>νόμος.</span> <span class='ocrx_word' id='word_1_298' title='bbox 775 2903 874 2956; x_wconf 83' lang='grc' dir='ltr'>Διά</span> <span class='ocrx_word' id='word_1_299' title='bbox 893 2903 1052 2957; x_wconf 83' lang='grc' dir='ltr'>τοῦτό</span> <span class='ocrx_word' id='word_1_300' title='bbox 1083 2922 1246 2975; x_wconf 89' lang='grc' dir='ltr'>φησιν</span> <span class='ocrx_word' id='word_1_301' title='bbox 1263 2922 1277 2937; x_wconf 77' lang='grc' dir='ltr'><strong>ο</strong></span> <span class='ocrx_word' id='word_1_302' title='bbox 1323 2905 1470 2960; x_wconf 85' lang='grc' dir='ltr'>Ἰδοὺ</span> <span class='ocrx_word' id='word_1_303' title='bbox 1497 2901 1555 2960; x_wconf 76' lang='grc' dir='ltr'>εἷ</span> <span class='ocrx_word' id='word_1_304' title='bbox 1572 2900 1751 2973; x_wconf 72' lang='grc' dir='ltr'>καλὴ,</span> 
     </span>
    </p>
   </div>
   <div class='ocr_carea' id='block_1_45' title="bbox 176 2989 1758 3067">
    <p class='ocr_par' dir='ltr' id='par_1_45' title="bbox 176 2989 1758 3067">
     <span class='ocr_line' id='line_1_45' title="bbox 176 2989 1758 3067; baseline 0.005 -26"><span class='ocrx_word' id='word_1_305' title='bbox 176 2989 213 3055; x_wconf 73' lang='grc' dir='ltr'><strong><em>ἡ</em></strong></span> <span class='ocrx_word' id='word_1_306' title='bbox 244 2991 515 3057; x_wconf 80' lang='grc' dir='ltr'>πλησίον</span> <span class='ocrx_word' id='word_1_307' title='bbox 538 3009 679 3060; x_wconf 82' lang='grc' dir='ltr'>μου,</span> <span class='ocrx_word' id='word_1_308' title='bbox 708 2993 838 3047; x_wconf 75' lang='grc' dir='ltr'>ἰδοὺ</span> <span class='ocrx_word' id='word_1_309' title='bbox 861 2989 919 3049; x_wconf 78' lang='grc' dir='ltr'>εἴ</span> <span class='ocrx_word' id='word_1_310' title='bbox 938 2994 1116 3060; x_wconf 71' lang='grc' dir='ltr'>καλή.</span> <span class='ocrx_word' id='word_1_311' title='bbox 1150 2994 1288 3048; x_wconf 86' lang='grc' dir='ltr'>Ἀλλ’</span> <span class='ocrx_word' id='word_1_312' title='bbox 1314 2996 1501 3067; x_wconf 80' lang='grc' dir='ltr'>ἐπειδὴ</span> <span class='ocrx_word' id='word_1_313' title='bbox 1524 2997 1582 3049; x_wconf 78' lang='grc' dir='ltr'>ἓν</span> <span class='ocrx_word' id='word_1_314' title='bbox 1601 2996 1758 3066; x_wconf 86' lang='grc' dir='ltr'>σῶμα</span> 
     </span>
    </p>
   </div>
   <div class='ocr_carea' id='block_1_46' title="bbox 176 3077 1757 3156">
    <p class='ocr_par' dir='ltr' id='par_1_46' title="bbox 176 3077 1757 3156">
     <span class='ocr_line' id='line_1_46' title="bbox 176 3077 1757 3156; baseline 0.004 -26"><span class='ocrx_word' id='word_1_315' title='bbox 176 3077 264 3130; x_wconf 78' lang='grc' dir='ltr'>τοῦ</span> <span class='ocrx_word' id='word_1_316' title='bbox 319 3080 562 3151; x_wconf 80' lang='grc' dir='ltr'>Χριστοῦ</span> <span class='ocrx_word' id='word_1_317' title='bbox 596 3082 629 3152; x_wconf 76' lang='grc' dir='ltr'>ἡ</span> <span class='ocrx_word' id='word_1_318' title='bbox 678 3080 974 3151; x_wconf 85' lang='grc' dir='ltr'>Ἐκκλησία</span> <span class='ocrx_word' id='word_1_319' title='bbox 1032 3086 1204 3150; x_wconf 81' lang='grc' dir='ltr'>πᾶσα,</span> <span class='ocrx_word' id='word_1_320' title='bbox 1238 3087 1296 3138; x_wconf 83' lang='grc' dir='ltr'><strong><em>ἐν</em></strong></span> <span class='ocrx_word' id='word_1_321' title='bbox 1346 3085 1403 3139; x_wconf 82' lang='grc' dir='ltr'><strong><em>δὲ</em></strong></span> <span class='ocrx_word' id='word_1_322' title='bbox 1430 3085 1509 3156; x_wconf 82' lang='grc' dir='ltr'>τῷ</span> <span class='ocrx_word' id='word_1_323' title='bbox 1548 3086 1629 3138; x_wconf 68' lang='grc' dir='ltr'>ἐνὶ</span> <span class='ocrx_word' id='word_1_324' title='bbox 1653 3083 1757 3136; x_wconf 86' lang='grc' dir='ltr'><strong><em>σώ-</em></strong></span> 
     </span>
    </p>
   </div>
   <div class='ocr_carea' id='block_1_47' title="bbox 182 3168 1749 3247">
    <p class='ocr_par' dir='ltr' id='par_1_47' title="bbox 182 3168 1749 3247">
     <span class='ocr_line' id='line_1_47' title="bbox 182 3168 1749 3247; baseline 0.004 -26"><span class='ocrx_word' id='word_1_325' title='bbox 182 3185 325 3236; x_wconf 87' lang='grc' dir='ltr'>ματι,</span> <span class='ocrx_word' id='word_1_326' title='bbox 357 3168 545 3234; x_wconf 84' lang='grc' dir='ltr'>καθώς</span> <span class='ocrx_word' id='word_1_327' title='bbox 571 3188 735 3242; x_wconf 83' lang='grc' dir='ltr'>φησιν</span> <span class='ocrx_word' id='word_1_328' title='bbox 777 3174 806 3226; x_wconf 92' lang='lat'><strong><em>6</em></strong></span> <span class='ocrx_word' id='word_1_329' title='bbox 858 3174 1198 3239; x_wconf 82' lang='grc' dir='ltr'>Ἀπόστολος,</span> <span class='ocrx_word' id='word_1_330' title='bbox 1232 3175 1367 3247; x_wconf 86' lang='grc' dir='ltr'>μέλη</span> <span class='ocrx_word' id='word_1_331' title='bbox 1402 3176 1519 3230; x_wconf 69' lang='grc' dir='ltr'>ἐστὶ</span> <span class='ocrx_word' id='word_1_332' title='bbox 1546 3174 1749 3230; x_wconf 89' lang='grc' dir='ltr'>πολλά·</span> 
     </span>
    </p>
   </div>
   <div class='ocr_carea' id='block_1_48' title="bbox 179 3257 1754 3339">
    <p class='ocr_par' dir='ltr' id='par_1_48' title="bbox 179 3257 1754 3339">
     <span class='ocr_line' id='line_1_48' title="bbox 179 3257 1754 3339; baseline 0.006 -28"><span class='ocrx_word' id='word_1_333' title='bbox 179 3257 349 3313; x_wconf 82' lang='grc' dir='ltr'>πάντα</span> <span class='ocrx_word' id='word_1_334' title='bbox 377 3259 438 3313; x_wconf 86' lang='grc' dir='ltr'>δὲ</span> <span class='ocrx_word' id='word_1_335' title='bbox 468 3258 535 3313; x_wconf 75' lang='grc' dir='ltr'><strong><em>τά</em></strong></span> <span class='ocrx_word' id='word_1_336' title='bbox 586 3259 721 3332; x_wconf 86' lang='grc' dir='ltr'>μέλη</span> <span class='ocrx_word' id='word_1_337' title='bbox 752 3263 811 3314; x_wconf 86' lang='grc' dir='ltr'><strong><em>οὐ</em></strong></span> <span class='ocrx_word' id='word_1_338' title='bbox 866 3263 964 3334; x_wconf 83' lang='grc' dir='ltr'><strong><em>τὴν</em></strong></span> <span class='ocrx_word' id='word_1_339' title='bbox 1002 3264 1171 3336; x_wconf 80' lang='grc' dir='ltr'>αὐτὴν</span> <span class='ocrx_word' id='word_1_340' title='bbox 1205 3265 1317 3336; x_wconf 78' lang='grc' dir='ltr'>ἔχει</span> <span class='ocrx_word' id='word_1_341' title='bbox 1355 3267 1553 3339; x_wconf 77' lang='grc' dir='ltr'>πρᾶξιν</span> <span class='ocrx_word' id='word_1_342' title='bbox 1577 3284 1591 3298; x_wconf 83' lang='grc'><em>’</em></span> <span class='ocrx_word' id='word_1_343' title='bbox 1619 3266 1754 3321; x_wconf 82' lang='grc' dir='ltr'>ἀλλὰ</span> 
     </span>
    </p>
   </div>
   <div class='ocr_carea' id='block_1_49' title="bbox 177 3347 1754 3429">
    <p class='ocr_par' dir='ltr' id='par_1_49' title="bbox 177 3347 1754 3429">
     <span class='ocr_line' id='line_1_49' title="bbox 177 3347 1754 3429; baseline 0.009 -30"><span class='ocrx_word' id='word_1_344' title='bbox 177 3347 263 3401; x_wconf 71' lang='grc' dir='ltr'><strong><em>τὸν</em></strong></span> <span class='ocrx_word' id='word_1_345' title='bbox 288 3350 389 3420; x_wconf 85' lang='grc' dir='ltr'><strong><em>μὲν</em></strong></span> <span class='ocrx_word' id='word_1_346' title='bbox 423 3350 697 3420; x_wconf 76' lang='grc' dir='ltr'>ὀφθαλμὸν</span> <span class='ocrx_word' id='word_1_347' title='bbox 714 3352 926 3407; x_wconf 72' lang='grc' dir='ltr'>ἔκτισεν</span> <span class='ocrx_word' id='word_1_348' title='bbox 960 3358 990 3409; x_wconf 94' lang='lat'><strong><em>6</em></strong></span> <span class='ocrx_word' id='word_1_349' title='bbox 1018 3355 1152 3420; x_wconf 85' lang='grc' dir='ltr'>Θεὸς</span> <span class='ocrx_word' id='word_1_350' title='bbox 1184 3358 1243 3412; x_wconf 89' lang='grc' dir='ltr'><strong><em>ἐν</em></strong></span> <span class='ocrx_word' id='word_1_351' title='bbox 1265 3357 1343 3429; x_wconf 85' lang='grc' dir='ltr'>τῷ</span> <span class='ocrx_word' id='word_1_352' title='bbox 1376 3358 1754 3429; x_wconf 74' lang='grc' dir='ltr'>σώματι,ἐτε-</span> 
     </span>
    </p>
   </div>
   <div class='ocr_carea' id='block_1_50' title="bbox 182 3434 1757 3520">
    <p class='ocr_par' dir='ltr' id='par_1_50' title="bbox 182 3434 1757 3520">
     <span class='ocr_line' id='line_1_50' title="bbox 182 3434 1757 3520; baseline 0.008 -31"><span class='ocrx_word' id='word_1_353' title='bbox 182 3451 269 3505; x_wconf 86' lang='grc' dir='ltr'><strong><em>ρος</em></strong></span> <span class='ocrx_word' id='word_1_354' title='bbox 294 3437 349 3490; x_wconf 87' lang='grc' dir='ltr'><strong><em>δέ</em></strong></span> <span class='ocrx_word' id='word_1_355' title='bbox 379 3455 466 3502; x_wconf 86' lang='grc' dir='ltr'><strong><em>τις</em></strong></span> <span class='ocrx_word' id='word_1_356' title='bbox 492 3434 584 3504; x_wconf 78' lang='grc' dir='ltr'>οὖς</span> <span class='ocrx_word' id='word_1_357' title='bbox 614 3442 881 3514; x_wconf 86' lang='grc' dir='ltr'>ἐφυτεύθη</span> <span class='ocrx_word' id='word_1_358' title='bbox 906 3460 920 3474; x_wconf 81' lang='grc'><em>’</em></span> <span class='ocrx_word' id='word_1_359' title='bbox 952 3446 1058 3498; x_wconf 80' lang='grc' dir='ltr'>είσὶ</span> <span class='ocrx_word' id='word_1_360' title='bbox 1099 3445 1157 3500; x_wconf 81' lang='grc' dir='ltr'><strong><em>δέ</em></strong></span> <span class='ocrx_word' id='word_1_361' title='bbox 1184 3463 1327 3511; x_wconf 81' lang='grc' dir='ltr'>τινες</span> <span class='ocrx_word' id='word_1_362' title='bbox 1356 3447 1445 3505; x_wconf 77' lang='grc' dir='ltr'><strong><em>διὰ</em></strong></span> <span class='ocrx_word' id='word_1_363' title='bbox 1479 3448 1581 3517; x_wconf 81' lang='grc' dir='ltr'>τῆς</span> <span class='ocrx_word' id='word_1_364' title='bbox 1606 3449 1757 3520; x_wconf 80' lang='grc' dir='ltr'>ἐνερ-</span> 
     </span>
    </p>
   </div>
   <div class='ocr_carea' id='block_1_51' title="bbox 180 3525 1759 3607">
    <p class='ocr_par' dir='ltr' id='par_1_51' title="bbox 180 3525 1759 3607">
     <span class='ocr_line' id='line_1_51' title="bbox 180 3525 1759 3607; baseline 0.008 -27"><span class='ocrx_word' id='word_1_365' title='bbox 180 3525 325 3592; x_wconf 83' lang='grc' dir='ltr'>γείας</span> <span class='ocrx_word' id='word_1_366' title='bbox 346 3530 460 3583; x_wconf 85' lang='grc' dir='ltr'><strong><em>τῶν</em></strong></span> <span class='ocrx_word' id='word_1_367' title='bbox 481 3530 765 3604; x_wconf 88' lang='grc' dir='ltr'>δυνάμεων</span> <span class='ocrx_word' id='word_1_368' title='bbox 815 3537 996 3607; x_wconf 85' lang='grc' dir='ltr'>χεῖρες</span> <span class='ocrx_word' id='word_1_369' title='bbox 1023 3537 1319 3606; x_wconf 85' lang='grc' dir='ltr'>γινόμενοι,</span> <span class='ocrx_word' id='word_1_370' title='bbox 1362 3540 1456 3592; x_wconf 76' lang='grc' dir='ltr'>καὶ</span> <span class='ocrx_word' id='word_1_371' title='bbox 1483 3539 1639 3601; x_wconf 84' lang='grc' dir='ltr'>πόδες</span> <span class='ocrx_word' id='word_1_372' title='bbox 1667 3540 1759 3593; x_wconf 87' lang='grc' dir='ltr'>λέ-</span> 
     </span>
    </p>
   </div>
   <div class='ocr_carea' id='block_1_52' title="bbox 85 3610 1757 3699">
    <p class='ocr_par' dir='ltr' id='par_1_52' title="bbox 85 3610 1757 3699">
     <span class='ocr_line' id='line_1_52' title="bbox 85 3610 1757 3699; baseline 0.009 -29"><span class='ocrx_word' id='word_1_373' title='bbox 85 3610 89 3617; x_wconf 67' lang='grc'>’</span> <span class='ocrx_word' id='word_1_374' title='bbox 182 3620 358 3686; x_wconf 89' lang='grc' dir='ltr'>γονταί</span> <span class='ocrx_word' id='word_1_375' title='bbox 386 3638 535 3686; x_wconf 88' lang='grc' dir='ltr'>τινες</span> <span class='ocrx_word' id='word_1_376' title='bbox 584 3626 632 3677; x_wconf 83' lang='grc' dir='ltr'><strong><em>οἱ</em></strong></span> <span class='ocrx_word' id='word_1_377' title='bbox 668 3620 738 3679; x_wconf 83' lang='grc' dir='ltr'><strong><em>τά</em></strong></span> <span class='ocrx_word' id='word_1_378' title='bbox 794 3625 936 3698; x_wconf 83' lang='grc' dir='ltr'>βάρη</span> <span class='ocrx_word' id='word_1_379' title='bbox 968 3626 1330 3697; x_wconf 77' lang='grc' dir='ltr'>βαστάζοντες</span> <span class='ocrx_word' id='word_1_380' title='bbox 1352 3646 1367 3660; x_wconf 76' lang='grc' dir='ltr'><strong><em>ο</em></strong></span> <span class='ocrx_word' id='word_1_381' title='bbox 1410 3628 1497 3699; x_wconf 72' lang='grc' dir='ltr'>εἴη</span> <span class='ocrx_word' id='word_1_382' title='bbox 1530 3631 1575 3683; x_wconf 81' lang='grc' dir='ltr'>δ’</span> <span class='ocrx_word' id='word_1_383' title='bbox 1605 3631 1671 3685; x_wconf 80' lang='grc' dir='ltr'>ἄν</span> <span class='ocrx_word' id='word_1_384' title='bbox 1702 3649 1757 3685; x_wconf 88' lang='grc' dir='ltr'><strong><em>τι</em></strong></span> 
     </span>
    </p>
   </div>
   <div class='ocr_carea' id='block_1_53' title="bbox 184 3709 1759 3788">
    <p class='ocr_par' dir='ltr' id='par_1_53' title="bbox 184 3709 1759 3788">
     <span class='ocr_line' id='line_1_53' title="bbox 184 3709 1759 3788; baseline 0.008 -28"><span class='ocrx_word' id='word_1_385' title='bbox 184 3709 272 3762; x_wconf 77' lang='grc' dir='ltr'><strong><em>καὶ</em></strong></span> <span class='ocrx_word' id='word_1_386' title='bbox 297 3712 543 3780; x_wconf 76' lang='grc' dir='ltr'>γεύσεως</span> <span class='ocrx_word' id='word_1_387' title='bbox 574 3713 734 3785; x_wconf 76' lang='grc' dir='ltr'>ἔργον</span> <span class='ocrx_word' id='word_1_388' title='bbox 761 3717 857 3771; x_wconf 81' lang='grc' dir='ltr'>καὶ</span> <span class='ocrx_word' id='word_1_389' title='bbox 884 3717 1227 3788; x_wconf 85' lang='grc' dir='ltr'>ὀσφρήσεως,</span> <span class='ocrx_word' id='word_1_390' title='bbox 1262 3719 1358 3773; x_wconf 77' lang='grc' dir='ltr'><strong><em>καὶ</em></strong></span> <span class='ocrx_word' id='word_1_391' title='bbox 1386 3719 1453 3773; x_wconf 85' lang='grc' dir='ltr'>τὰ</span> <span class='ocrx_word' id='word_1_392' title='bbox 1475 3720 1595 3773; x_wconf 85' lang='grc' dir='ltr'>καθ’</span> <span class='ocrx_word' id='word_1_393' title='bbox 1628 3720 1759 3773; x_wconf 68' lang='lat' dir='ltr'><strong><em>Exa-</em></strong></span> 
     </span>
    </p>
   </div>
   <div class='ocr_carea' id='block_1_54' title="bbox 130 3800 1757 3882">
    <p class='ocr_par' dir='ltr' id='par_1_54' title="bbox 130 3800 1757 3882">
     <span class='ocr_line' id='line_1_54' title="bbox 130 3800 1757 3882; baseline 0.008 -31"><span class='ocrx_word' id='word_1_394' title='bbox 130 3815 301 3881; x_wconf 56' lang='lat' dir='ltr'><strong><em>._o&#39;:ov</em></strong></span> <span class='ocrx_word' id='word_1_395' title='bbox 334 3803 537 3869; x_wconf 85' lang='grc' dir='ltr'>πάντα,</span> <span class='ocrx_word' id='word_1_396' title='bbox 595 3805 661 3858; x_wconf 88' lang='grc' dir='ltr'>δι’</span> <span class='ocrx_word' id='word_1_397' title='bbox 714 3800 789 3861; x_wconf 82' lang='grc' dir='ltr'>ὧν</span> <span class='ocrx_word' id='word_1_398' title='bbox 826 3806 1163 3882; x_wconf 81' lang='grc' dir='ltr'>ἀνθρώπινον</span> <span class='ocrx_word' id='word_1_399' title='bbox 1212 3809 1526 3863; x_wconf 88' lang='grc' dir='ltr'>συνίσταται</span> <span class='ocrx_word' id='word_1_400' title='bbox 1563 3810 1757 3882; x_wconf 80' lang='grc' dir='ltr'>σῶμαο</span> 
     </span>
    </p>
   </div>
   <div class='ocr_carea' id='block_1_55' title="bbox 186 3880 1760 3974">
    <p class='ocr_par' dir='ltr' id='par_1_55' title="bbox 186 3880 1760 3974">
     <span class='ocr_line' id='line_1_55' title="bbox 186 3880 1760 3974; baseline 0.009 -32"><span class='ocrx_word' id='word_1_401' title='bbox 186 3892 275 3944; x_wconf 76' lang='grc' dir='ltr'>καὶ</span> <span class='ocrx_word' id='word_1_402' title='bbox 308 3893 535 3950; x_wconf 86' lang='grc' dir='ltr'>δυνατόν</span> <span class='ocrx_word' id='word_1_403' title='bbox 586 3896 734 3950; x_wconf 86' lang='grc' dir='ltr'>ἐστιν</span> <span class='ocrx_word' id='word_1_404' title='bbox 765 3880 946 3967; x_wconf 73' lang='grc' dir='ltr'>εὑρεῖν</span> <span class='ocrx_word' id='word_1_405' title='bbox 989 3899 1047 3951; x_wconf 83' lang='grc' dir='ltr'><strong><em>ἐν</em></strong></span> <span class='ocrx_word' id='word_1_406' title='bbox 1078 3899 1156 3969; x_wconf 87' lang='grc' dir='ltr'>τῷ</span> <span class='ocrx_word' id='word_1_407' title='bbox 1193 3898 1357 3969; x_wconf 88' lang='grc' dir='ltr'>κοινῷ</span> <span class='ocrx_word' id='word_1_408' title='bbox 1384 3900 1488 3970; x_wconf 83' lang='grc' dir='ltr'>τῆς</span> <span class='ocrx_word' id='word_1_409' title='bbox 1533 3880 1760 3974; x_wconf 79' lang='grc' dir='ltr'>Ἐκκλη-</span> 
     </span>
    </p>
   </div>
   <div class='ocr_carea' id='block_1_56' title="bbox 189 3981 1760 4061">
    <p class='ocr_par' dir='ltr' id='par_1_56' title="bbox 189 3981 1760 4061">
     <span class='ocr_line' id='line_1_56' title="bbox 189 3981 1760 4061; baseline 0.006 -27"><span class='ocrx_word' id='word_1_410' title='bbox 189 3981 304 4047; x_wconf 84' lang='grc' dir='ltr'>σίας</span> <span class='ocrx_word' id='word_1_411' title='bbox 336 3982 552 4055; x_wconf 80' lang='grc' dir='ltr'>σώματι</span> <span class='ocrx_word' id='word_1_412' title='bbox 584 3985 736 4057; x_wconf 91' lang='grc' dir='ltr'>χείλη</span> <span class='ocrx_word' id='word_1_413' title='bbox 761 4003 821 4040; x_wconf 91' lang='grc' dir='ltr'><strong><em>τε</em></strong></span> <span class='ocrx_word' id='word_1_414' title='bbox 854 3987 948 4041; x_wconf 78' lang='grc' dir='ltr'><strong><em>καὶ</em></strong></span> <span class='ocrx_word' id='word_1_415' title='bbox 968 3987 1209 4056; x_wconf 81' lang='grc' dir='ltr'>ὀδόντας,</span> <span class='ocrx_word' id='word_1_416' title='bbox 1231 3989 1326 4042; x_wconf 76' lang='grc' dir='ltr'><strong><em>καὶ</em></strong></span> <span class='ocrx_word' id='word_1_417' title='bbox 1348 3982 1620 4058; x_wconf 79' lang='grc' dir='ltr'>γλῶσσαν,</span> <span class='ocrx_word' id='word_1_418' title='bbox 1654 4008 1760 4061; x_wconf 87' lang='grc' dir='ltr'>μα-</span> 
     </span>
    </p>
   </div>
   <div class='ocr_carea' id='block_1_57' title="bbox 190 4070 1763 4153">
    <p class='ocr_par' dir='ltr' id='par_1_57' title="bbox 190 4070 1763 4153">
     <span class='ocr_line' id='line_1_57' title="bbox 190 4070 1763 4153; baseline 0.008 -27"><span class='ocrx_word' id='word_1_419' title='bbox 190 4070 309 4137; x_wconf 82' lang='grc' dir='ltr'>ζούς</span> <span class='ocrx_word' id='word_1_420' title='bbox 336 4094 419 4144; x_wconf 87' lang='grc' dir='ltr'><strong><em>τε,</em></strong></span> <span class='ocrx_word' id='word_1_421' title='bbox 463 4077 557 4131; x_wconf 72' lang='grc' dir='ltr'>καὶ</span> <span class='ocrx_word' id='word_1_422' title='bbox 585 4077 813 4146; x_wconf 88' lang='grc' dir='ltr'>κοιλίαν,</span> <span class='ocrx_word' id='word_1_423' title='bbox 839 4079 934 4133; x_wconf 78' lang='grc' dir='ltr'><strong><em>καὶ</em></strong></span> <span class='ocrx_word' id='word_1_424' title='bbox 976 4080 1246 4153; x_wconf 84' lang='grc' dir='ltr'>τράχηλον</span> <span class='ocrx_word' id='word_1_425' title='bbox 1266 4099 1281 4113; x_wconf 89' lang='grc'><strong>·</strong></span> <span class='ocrx_word' id='word_1_426' title='bbox 1313 4082 1389 4145; x_wconf 85' lang='grc' dir='ltr'><strong><em>ὡς</em></strong></span> <span class='ocrx_word' id='word_1_427' title='bbox 1412 4082 1469 4136; x_wconf 85' lang='grc' dir='ltr'>δὲ</span> <span class='ocrx_word' id='word_1_428' title='bbox 1499 4085 1529 4137; x_wconf 88' lang='lat'><strong><em>6</em></strong></span> <span class='ocrx_word' id='word_1_429' title='bbox 1552 4083 1763 4149; x_wconf 84' lang='grc' dir='ltr'>Παῦλός</span> 
     </span>
    </p>
   </div>
   <div class='ocr_carea' id='block_1_58' title="bbox 190 4168 1763 4244">
    <p class='ocr_par' dir='ltr' id='par_1_58' title="bbox 190 4168 1763 4244">
     <span class='ocr_line' id='line_1_58' title="bbox 190 4168 1763 4244; baseline 0.008 -26"><span class='ocrx_word' id='word_1_430' title='bbox 190 4180 345 4236; x_wconf 82' lang='grc' dir='ltr'>φησι·</span> <span class='ocrx_word' id='word_1_431' title='bbox 375 4168 490 4224; x_wconf 81' lang='grc' dir='ltr'><strong><em>Καὶ</em></strong></span> <span class='ocrx_word' id='word_1_432' title='bbox 513 4171 666 4224; x_wconf 81' lang='grc' dir='ltr'>αὐτὰ</span> <span class='ocrx_word' id='word_1_433' title='bbox 697 4170 769 4225; x_wconf 86' lang='grc' dir='ltr'>τὰ</span> <span class='ocrx_word' id='word_1_434' title='bbox 801 4170 1099 4226; x_wconf 81' lang='grc' dir='ltr'>δοκοῦντα</span> <span class='ocrx_word' id='word_1_435' title='bbox 1128 4169 1282 4227; x_wconf 74' lang='grc' dir='ltr'>εἶναι</span> <span class='ocrx_word' id='word_1_436' title='bbox 1310 4174 1632 4244; x_wconf 82' lang='grc' dir='ltr'>ἀσχήμονα</span> <span class='ocrx_word' id='word_1_437' title='bbox 1655 4176 1763 4231; x_wconf 84' lang='grc' dir='ltr'>τοῦ</span> 
     </span>
    </p>
   </div>
   <div class='ocr_carea' id='block_1_59' title="bbox 192 4255 1766 4335">
    <p class='ocr_par' dir='ltr' id='par_1_59' title="bbox 192 4255 1766 4335">
     <span class='ocr_line' id='line_1_59' title="bbox 192 4255 1766 4335; baseline 0.009 -28"><span class='ocrx_word' id='word_1_438' title='bbox 192 4255 459 4326; x_wconf 84' lang='grc' dir='ltr'>σώματος</span> <span class='ocrx_word' id='word_1_439' title='bbox 482 4276 496 4291; x_wconf 80' lang='grc' dir='ltr'><strong>ο</strong></span> <span class='ocrx_word' id='word_1_440' title='bbox 522 4258 713 4314; x_wconf 83' lang='grc' dir='ltr'>τούτου</span> <span class='ocrx_word' id='word_1_441' title='bbox 742 4263 902 4333; x_wconf 85' lang='grc' dir='ltr'>χάριν</span> <span class='ocrx_word' id='word_1_442' title='bbox 930 4265 959 4316; x_wconf 91' lang='lat'><strong><em>6</em></strong></span> <span class='ocrx_word' id='word_1_443' title='bbox 990 4263 1226 4335; x_wconf 78' lang='grc' dir='ltr'>ἀκριϐὴς</span> <span class='ocrx_word' id='word_1_444' title='bbox 1259 4263 1354 4318; x_wconf 81' lang='grc' dir='ltr'><strong><em>τοῦ</em></strong></span> <span class='ocrx_word' id='word_1_445' title='bbox 1379 4265 1610 4331; x_wconf 89' lang='grc' dir='ltr'>κάλλους</span> <span class='ocrx_word' id='word_1_446' title='bbox 1630 4268 1766 4321; x_wconf 85' lang='grc' dir='ltr'>δοκι-</span> 
     </span>
    </p>
   </div>
   <div class='ocr_carea' id='block_1_60' title="bbox 197 4349 1764 4427">
    <p class='ocr_par' dir='ltr' id='par_1_60' title="bbox 197 4349 1764 4427">
     <span class='ocr_line' id='line_1_60' title="bbox 197 4349 1764 4427; baseline 0.008 -28"><span class='ocrx_word' id='word_1_447' title='bbox 197 4350 417 4421; x_wconf 78' lang='grc' dir='ltr'>μαστὴς,</span> <span class='ocrx_word' id='word_1_448' title='bbox 480 4349 588 4405; x_wconf 82' lang='grc' dir='ltr'>τῶν</span> <span class='ocrx_word' id='word_1_449' title='bbox 643 4353 954 4424; x_wconf 84' lang='grc' dir='ltr'>ἀρεσάντων</span> <span class='ocrx_word' id='word_1_450' title='bbox 997 4353 1146 4427; x_wconf 82' lang='grc' dir='ltr'>αὐτῷ</span> <span class='ocrx_word' id='word_1_451' title='bbox 1190 4356 1368 4422; x_wconf 84' lang='grc' dir='ltr'>μελῶν</span> <span class='ocrx_word' id='word_1_452' title='bbox 1417 4357 1478 4423; x_wconf 80' lang='grc' dir='ltr'>ἐξ</span> <span class='ocrx_word' id='word_1_453' title='bbox 1515 4358 1637 4412; x_wconf 84' lang='grc' dir='ltr'>ὅλου</span> <span class='ocrx_word' id='word_1_454' title='bbox 1672 4359 1764 4413; x_wconf 83' lang='grc' dir='ltr'>τοῦ</span> 
     </span>
    </p>
   </div>
   <div class='ocr_carea' id='block_1_61' title="bbox 197 4437 1766 4520">
    <p class='ocr_par' dir='ltr' id='par_1_61' title="bbox 197 4437 1766 4520">
     <span class='ocr_line' id='line_1_61' title="bbox 197 4437 1766 4520; baseline 0.01 -33"><span class='ocrx_word' id='word_1_455' title='bbox 197 4437 461 4510; x_wconf 82' lang='grc' dir='ltr'>σώματος,</span> <span class='ocrx_word' id='word_1_456' title='bbox 493 4442 621 4499; x_wconf 74' lang='grc' dir='ltr'>ἴδιόν</span> <span class='ocrx_word' id='word_1_457' title='bbox 636 4461 693 4497; x_wconf 82' lang='grc' dir='ltr'><strong><em>τε</em></strong></span> <span class='ocrx_word' id='word_1_458' title='bbox 725 4444 820 4499; x_wconf 69' lang='grc' dir='ltr'><strong><em>καὶ</em></strong></span> <span class='ocrx_word' id='word_1_459' title='bbox 848 4445 1155 4516; x_wconf 85' lang='grc' dir='ltr'>πρόσφορον</span> <span class='ocrx_word' id='word_1_460' title='bbox 1172 4447 1388 4520; x_wconf 80' lang='grc' dir='ltr'>ἑκάστῳ</span> <span class='ocrx_word' id='word_1_461' title='bbox 1412 4452 1647 4504; x_wconf 84' lang='grc' dir='ltr'>ποιεῖται</span> <span class='ocrx_word' id='word_1_462' title='bbox 1676 4451 1766 4503; x_wconf 79' lang='grc' dir='ltr'><strong><em>τὸν</em></strong></span> 
     </span>
    </p>
   </div>
   <div class='ocr_carea' id='block_1_62' title="bbox 194 4524 425 4586">
    <p class='ocr_par' dir='ltr' id='par_1_62' title="bbox 194 4524 425 4586">
     <span class='ocr_line' id='line_1_62' title="bbox 194 4524 425 4586; baseline 0.039 -9"><span class='ocrx_word' id='word_1_463' title='bbox 194 4524 425 4586; x_wconf 75' lang='grc' dir='ltr'>ἔπαινον.</span> 
     </span>
    </p>
   </div>
   <div class='ocr_carea' id='block_1_63' title="bbox 263 4619 1766 4701">
    <p class='ocr_par' dir='ltr' id='par_1_63' title="bbox 263 4619 1766 4701">
     <span class='ocr_line' id='line_1_63' title="bbox 263 4619 1766 4701; baseline 0.007 -28"><span class='ocrx_word' id='word_1_464' title='bbox 263 4619 521 4693; x_wconf 80' lang='grc' dir='ltr'>Ἀρχεται</span> <span class='ocrx_word' id='word_1_465' title='bbox 563 4622 619 4676; x_wconf 82' lang='grc' dir='ltr'><strong><em>δὲ</em></strong></span> <span class='ocrx_word' id='word_1_466' title='bbox 647 4624 754 4676; x_wconf 82' lang='grc' dir='ltr'>τῶν</span> <span class='ocrx_word' id='word_1_467' title='bbox 790 4624 1083 4697; x_wconf 81' lang='grc' dir='ltr'>ἐγκωμίων</span> <span class='ocrx_word' id='word_1_468' title='bbox 1130 4628 1237 4681; x_wconf 83' lang='grc' dir='ltr'><strong><em>ἀπὸ</em></strong></span> <span class='ocrx_word' id='word_1_469' title='bbox 1277 4628 1386 4682; x_wconf 84' lang='grc' dir='ltr'>τῶν</span> <span class='ocrx_word' id='word_1_470' title='bbox 1417 4630 1766 4701; x_wconf 87' lang='grc' dir='ltr'>κυριωτέρων</span> 
     </span>
    </p>
   </div>
   <div class='ocr_carea' id='block_1_64' title="bbox 198 4710 1768 4792">
    <p class='ocr_par' dir='ltr' id='par_1_64' title="bbox 198 4710 1768 4792">
     <span class='ocr_line' id='line_1_64' title="bbox 198 4710 1768 4792; baseline 0.008 -30"><span class='ocrx_word' id='word_1_471' title='bbox 198 4710 388 4778; x_wconf 87' lang='grc' dir='ltr'>μελῶν.</span> <span class='ocrx_word' id='word_1_472' title='bbox 416 4715 483 4767; x_wconf 88' lang='grc' dir='ltr'><strong><em>Τί</em></strong></span> <span class='ocrx_word' id='word_1_473' title='bbox 513 4714 620 4786; x_wconf 81' lang='grc' dir='ltr'>γὰρ</span> <span class='ocrx_word' id='word_1_474' title='bbox 650 4716 944 4788; x_wconf 84' lang='grc' dir='ltr'>ὀφθαλμῶν</span> <span class='ocrx_word' id='word_1_475' title='bbox 985 4719 1043 4772; x_wconf 82' lang='grc' dir='ltr'><strong><em>ἐν</em></strong></span> <span class='ocrx_word' id='word_1_476' title='bbox 1081 4721 1197 4781; x_wconf 85' lang='grc' dir='ltr'>τοῖς</span> <span class='ocrx_word' id='word_1_477' title='bbox 1226 4720 1445 4791; x_wconf 85' lang='grc' dir='ltr'>μέλεσιν</span> <span class='ocrx_word' id='word_1_478' title='bbox 1472 4721 1628 4792; x_wconf 83' lang='grc' dir='ltr'>ήμῶν</span> <span class='ocrx_word' id='word_1_479' title='bbox 1653 4724 1768 4777; x_wconf 79' lang='grc' dir='ltr'>ἐστι</span> 
     </span>
    </p>
   </div>
   <div class='ocr_carea' id='block_1_65' title="bbox 195 4803 1766 4885">
    <p class='ocr_par' dir='ltr' id='par_1_65' title="bbox 195 4803 1766 4885">
     <span class='ocr_line' id='line_1_65' title="bbox 195 4803 1766 4885; baseline 0.009 -31"><span class='ocrx_word' id='word_1_480' title='bbox 195 4803 508 4878; x_wconf 82' lang='grc' dir='ltr'>τιμιώτερον</span> <span class='ocrx_word' id='word_1_481' title='bbox 535 4824 549 4874; x_wconf 89' lang='grc'><strong>;</strong></span> <span class='ocrx_word' id='word_1_482' title='bbox 584 4809 661 4860; x_wconf 88' lang='grc' dir='ltr'><strong><em>Δι’</em></strong></span> <span class='ocrx_word' id='word_1_483' title='bbox 699 4805 774 4863; x_wconf 87' lang='grc' dir='ltr'>ὧν</span> <span class='ocrx_word' id='word_1_484' title='bbox 815 4810 850 4880; x_wconf 83' lang='grc' dir='ltr'><strong>ἠ</strong></span> <span class='ocrx_word' id='word_1_485' title='bbox 876 4809 971 4863; x_wconf 82' lang='grc' dir='ltr'>τοῦ</span> <span class='ocrx_word' id='word_1_486' title='bbox 1003 4810 1179 4881; x_wconf 83' lang='grc' dir='ltr'>φωτὸς</span> <span class='ocrx_word' id='word_1_487' title='bbox 1220 4812 1504 4885; x_wconf 77' lang='grc' dir='ltr'>ἀντίληψις</span> <span class='ocrx_word' id='word_1_488' title='bbox 1536 4813 1766 4881; x_wconf 85' lang='grc' dir='ltr'>γίνεται,</span> 
     </span>
    </p>
   </div>
   <div class='ocr_carea' id='block_1_66' title="bbox 198 4889 1767 4975">
    <p class='ocr_par' dir='ltr' id='par_1_66' title="bbox 198 4889 1767 4975">
     <span class='ocr_line' id='line_1_66' title="bbox 198 4889 1767 4975; baseline 0.007 -28"><span class='ocrx_word' id='word_1_489' title='bbox 198 4897 322 4964; x_wconf 85' lang='grc' dir='ltr'>παρ’</span> <span class='ocrx_word' id='word_1_490' title='bbox 351 4889 429 4951; x_wconf 84' lang='grc' dir='ltr'>ὧν</span> <span class='ocrx_word' id='word_1_491' title='bbox 458 4899 605 4951; x_wconf 87' lang='grc' dir='ltr'>ἐστιν</span> <span class='ocrx_word' id='word_1_492' title='bbox 635 4900 669 4968; x_wconf 84' lang='grc' dir='ltr'>ὴ</span> <span class='ocrx_word' id='word_1_493' title='bbox 698 4899 804 4953; x_wconf 82' lang='grc' dir='ltr'><strong><em>τῶν</em></strong></span> <span class='ocrx_word' id='word_1_494' title='bbox 829 4900 997 4969; x_wconf 83' lang='grc' dir='ltr'>φίλων</span> <span class='ocrx_word' id='word_1_495' title='bbox 1028 4903 1122 4955; x_wconf 78' lang='grc' dir='ltr'><strong><em>καὶ</em></strong></span> <span class='ocrx_word' id='word_1_496' title='bbox 1148 4902 1423 4973; x_wconf 88' lang='grc' dir='ltr'>πολεμίων</span> <span class='ocrx_word' id='word_1_497' title='bbox 1453 4904 1767 4975; x_wconf 79' lang='grc' dir='ltr'>ἐπίγνωσις,</span> 
     </span>
    </p>
   </div>
   <div class='ocr_carea' id='block_1_67' title="bbox 198 4977 1766 5066">
    <p class='ocr_par' dir='ltr' id='par_1_67' title="bbox 198 4977 1766 5066">
     <span class='ocr_line' id='line_1_67' title="bbox 198 4977 1766 5066; baseline 0.01 -32"><span class='ocrx_word' id='word_1_498' title='bbox 198 4977 275 5047; x_wconf 70' lang='grc' dir='ltr'>οἷς</span> <span class='ocrx_word' id='word_1_499' title='bbox 299 4986 360 5039; x_wconf 86' lang='grc' dir='ltr'><strong><em>τδ</em></strong></span> <span class='ocrx_word' id='word_1_500' title='bbox 390 4989 520 5043; x_wconf 79' lang='grc' dir='ltr'>ἴδιον</span> <span class='ocrx_word' id='word_1_501' title='bbox 552 4987 648 5043; x_wconf 65' lang='grc' dir='ltr'>καὶ</span> <span class='ocrx_word' id='word_1_502' title='bbox 675 4990 737 5043; x_wconf 85' lang='grc' dir='ltr'>τὸ</span> <span class='ocrx_word' id='word_1_503' title='bbox 766 4991 1043 5061; x_wconf 88' lang='grc' dir='ltr'>ἀλλότριον</span> <span class='ocrx_word' id='word_1_504' title='bbox 1066 4992 1436 5065; x_wconf 76' lang='grc' dir='ltr'>διακρίνομεν,</span> <span class='ocrx_word' id='word_1_505' title='bbox 1474 4995 1653 5065; x_wconf 87' lang='grc' dir='ltr'>πάσης</span> <span class='ocrx_word' id='word_1_506' title='bbox 1674 4997 1766 5066; x_wconf 68' lang='grc' dir='ltr'><strong><em>ἐρα</em></strong></span> 
     </span>
    </p>
   </div>
   <div class='ocr_carea' id='block_1_68' title="bbox 198 5077 1770 5156">
    <p class='ocr_par' dir='ltr' id='par_1_68' title="bbox 198 5077 1770 5156">
     <span class='ocr_line' id='line_1_68' title="bbox 198 5077 1770 5156; baseline 0.007 -28"><span class='ocrx_word' id='word_1_507' title='bbox 198 5077 385 5144; x_wconf 86' lang='grc' dir='ltr'>γασίας</span> <span class='ocrx_word' id='word_1_508' title='bbox 416 5081 692 5151; x_wconf 73' lang='grc' dir='ltr'>ὑφηγηταὶ</span> <span class='ocrx_word' id='word_1_509' title='bbox 732 5084 844 5151; x_wconf 68' lang='grc' dir='ltr'><strong><em>καί.⁴</em></strong></span> <span class='ocrx_word' id='word_1_510' title='bbox 874 5084 1179 5140; x_wconf 78' lang='grc' dir='ltr'>διδάσκαλοι</span> <span class='ocrx_word' id='word_1_511' title='bbox 1225 5085 1463 5153; x_wconf 83' lang='grc' dir='ltr'>γίνονται</span> <span class='ocrx_word' id='word_1_512' title='bbox 1486 5125 1501 5149; x_wconf 92' lang='grc'><strong><em>,</em></strong></span> <span class='ocrx_word' id='word_1_513' title='bbox 1537 5085 1633 5140; x_wconf 81' lang='grc' dir='ltr'>καὶ</span> <span class='ocrx_word' id='word_1_514' title='bbox 1670 5086 1770 5156; x_wconf 84' lang='grc' dir='ltr'>τῆς</span> 
     </span>
    </p>
   </div>
   <div class='ocr_carea' id='block_1_69' title="bbox 206 5162 1769 5247">
    <p class='ocr_par' dir='ltr' id='par_1_69' title="bbox 206 5162 1769 5247">
     <span class='ocr_line' id='line_1_69' title="bbox 206 5162 1769 5247; baseline 0.013 -34"><span class='ocrx_word' id='word_1_515' title='bbox 206 5162 466 5247; x_wconf 66' lang='grc' dir='ltr'>ἀπλανοῦς</span> <span class='ocrx_word' id='word_1_516' title='bbox 491 5169 801 5240; x_wconf 86' lang='grc' dir='ltr'>ὁδοιπορίας</span> <span class='ocrx_word' id='word_1_517' title='bbox 823 5172 1007 5243; x_wconf 75' lang='grc' dir='ltr'><strong><em>ὁδηγώ¹</em></strong></span> <span class='ocrx_word' id='word_1_518' title='bbox 1042 5177 1309 5244; x_wconf 86' lang='grc' dir='ltr'>συμφυεῖς</span> <span class='ocrx_word' id='word_1_519' title='bbox 1340 5176 1433 5229; x_wconf 76' lang='grc' dir='ltr'>καὶ</span> <span class='ocrx_word' id='word_1_520' title='bbox 1452 5174 1769 5247; x_wconf 79' lang='grc' dir='ltr'>ἀχώριστοι,</span> 
     </span>
    </p>
   </div>
   <div class='ocr_carea' id='block_1_70' title="bbox 202 5243 1774 5338">
    <p class='ocr_par' dir='ltr' id='par_1_70' title="bbox 202 5243 1774 5338">
     <span class='ocr_line' id='line_1_70' title="bbox 202 5243 1774 5338; baseline 0.01 -30"><span class='ocrx_word' id='word_1_521' title='bbox 202 5243 272 5305; x_wconf 80' lang='grc' dir='ltr'>ὧν</span> <span class='ocrx_word' id='word_1_522' title='bbox 302 5257 334 5327; x_wconf 79' lang='grc' dir='ltr'>ἡ</span> <span class='ocrx_word' id='word_1_523' title='bbox 361 5258 506 5324; x_wconf 89' lang='grc' dir='ltr'>θέσις</span> <span class='ocrx_word' id='word_1_524' title='bbox 530 5261 636 5314; x_wconf 85' lang='grc' dir='ltr'><strong><em>τῶν</em></strong></span> <span class='ocrx_word' id='word_1_525' title='bbox 666 5260 842 5317; x_wconf 75' lang='grc' dir='ltr'>ἄλλων</span> <span class='ocrx_word' id='word_1_526' title='bbox 869 5243 1238 5337; x_wconf 76' lang='grc' dir='ltr'>αἰσθητηρίων</span> <span class='ocrx_word' id='word_1_527' title='bbox 1269 5243 1638 5338; x_wconf 77' lang='grc' dir='ltr'>ὑπερκειμένη</span> <span class='ocrx_word' id='word_1_528' title='bbox 1664 5306 1678 5331; x_wconf 88' lang='grc'><strong><em>,</em></strong></span> <span class='ocrx_word' id='word_1_529' title='bbox 1714 5266 1774 5319; x_wconf 83' lang='grc' dir='ltr'><strong><em>τὸ</em></strong></span> 
     </span>
    </p>
   </div>
   <div class='ocr_carea' id='block_1_71' title="bbox 205 5349 1772 5430">
    <p class='ocr_par' dir='ltr' id='par_1_71' title="bbox 205 5349 1772 5430">
     <span class='ocr_line' id='line_1_71' title="bbox 205 5349 1772 5430; baseline 0.011 -33"><span class='ocrx_word' id='word_1_530' title='bbox 205 5349 589 5430; x_wconf 62' lang='grc' dir='ltr'>προτιμότερον</span> <span class='ocrx_word' id='word_1_531' title='bbox 632 5350 734 5422; x_wconf 86' lang='grc' dir='ltr'>τῆς</span> <span class='ocrx_word' id='word_1_532' title='bbox 766 5354 859 5406; x_wconf 84' lang='grc' dir='ltr'>ἀπ’</span> <span class='ocrx_word' id='word_1_533' title='bbox 903 5355 1081 5408; x_wconf 79' lang='grc' dir='ltr'>αὐτῶν</span> <span class='ocrx_word' id='word_1_534' title='bbox 1126 5358 1416 5429; x_wconf 84' lang='grc' dir='ltr'>γινομένης</span> <span class='ocrx_word' id='word_1_535' title='bbox 1461 5361 1593 5430; x_wconf 83' lang='grc' dir='ltr'>ἡμῖν</span> <span class='ocrx_word' id='word_1_536' title='bbox 1626 5358 1772 5428; x_wconf 82' lang='grc' dir='ltr'>ὠφε-</span> 
     </span>
    </p>
   </div>
   <div class='ocr_carea' id='block_1_72' title="bbox 204 5428 1774 5520">
    <p class='ocr_par' dir='ltr' id='par_1_72' title="bbox 204 5428 1774 5520">
     <span class='ocr_line' id='line_1_72' title="bbox 204 5428 1774 5520; baseline 0.013 -36"><span class='ocrx_word' id='word_1_537' title='bbox 204 5428 347 5498; x_wconf 84' lang='grc' dir='ltr'>λείας</span> <span class='ocrx_word' id='word_1_538' title='bbox 401 5439 749 5496; x_wconf 74' lang='grc' dir='ltr'>ἐνδείκνυται.</span> <span class='ocrx_word' id='word_1_539' title='bbox 796 5445 1019 5509; x_wconf 87' lang='grc' dir='ltr'>Πάντως</span> <span class='ocrx_word' id='word_1_540' title='bbox 1072 5447 1129 5500; x_wconf 82' lang='grc' dir='ltr'><strong><em>δέ</em></strong></span> <span class='ocrx_word' id='word_1_541' title='bbox 1182 5428 1444 5520; x_wconf 79' lang='grc' dir='ltr'>πρόδηλόν</span> <span class='ocrx_word' id='word_1_542' title='bbox 1483 5428 1615 5503; x_wconf 56' lang='grc' dir='ltr'><strong><em>⁷ἐστι</em></strong></span> <span class='ocrx_word' id='word_1_543' title='bbox 1661 5452 1774 5513; x_wconf 80' lang='grc' dir='ltr'>τοῖς</span> 
     </span>
    </p>
   </div>
   <div class='ocr_carea' id='block_1_73' title="bbox 206 5524 1774 5611">
    <p class='ocr_par' dir='ltr' id='par_1_73' title="bbox 206 5524 1774 5611">
     <span class='ocr_line' id='line_1_73' title="bbox 206 5524 1774 5611; baseline 0.012 -36"><span class='ocrx_word' id='word_1_544' title='bbox 206 5524 519 5597; x_wconf 79' lang='grc' dir='ltr'>ἁκούουσιν,</span> <span class='ocrx_word' id='word_1_545' title='bbox 571 5535 650 5598; x_wconf 83' lang='grc' dir='ltr'><strong><em>είς</em></strong></span> <span class='ocrx_word' id='word_1_546' title='bbox 702 5539 828 5589; x_wconf 87' lang='grc' dir='ltr'>ποῖα</span> <span class='ocrx_word' id='word_1_547' title='bbox 881 5536 1017 5609; x_wconf 87' lang='grc' dir='ltr'>μέλη</span> <span class='ocrx_word' id='word_1_548' title='bbox 1070 5540 1170 5609; x_wconf 81' lang='grc' dir='ltr'>τῆς</span> <span class='ocrx_word' id='word_1_549' title='bbox 1224 5539 1544 5611; x_wconf 83' lang='grc' dir='ltr'>Ἐκκλησίας</span> <span class='ocrx_word' id='word_1_550' title='bbox 1589 5542 1618 5594; x_wconf 91' lang='lat'><strong><em>6</em></strong></span> <span class='ocrx_word' id='word_1_551' title='bbox 1667 5540 1774 5594; x_wconf 85' lang='grc' dir='ltr'>τῶν</span> 
     </span>
    </p>
   </div>
   <div class='ocr_carea' id='block_1_74' title="bbox 206 5611 1775 5703">
    <p class='ocr_par' dir='ltr' id='par_1_74' title="bbox 206 5611 1775 5703">
     <span class='ocr_line' id='line_1_74' title="bbox 206 5611 1775 5703; baseline 0.014 -38"><span class='ocrx_word' id='word_1_552' title='bbox 206 5611 491 5692; x_wconf 80' lang='grc' dir='ltr'>ὀφθαλμῶν</span> <span class='ocrx_word' id='word_1_553' title='bbox 524 5622 744 5690; x_wconf 77' lang='grc' dir='ltr'>ἔπαινος</span> <span class='ocrx_word' id='word_1_554' title='bbox 774 5625 978 5697; x_wconf 80' lang='grc' dir='ltr'>βλέπει.</span> <span class='ocrx_word' id='word_1_555' title='bbox 1027 5628 1332 5698; x_wconf 78' lang='grc' dir='ltr'>Ὀφθαλμός</span> <span class='ocrx_word' id='word_1_556' title='bbox 1360 5627 1425 5701; x_wconf 78' lang='grc' dir='ltr'>ἦν</span> <span class='ocrx_word' id='word_1_557' title='bbox 1464 5632 1715 5703; x_wconf 83' lang='grc' dir='ltr'>Σαμουὴλ</span> <span class='ocrx_word' id='word_1_558' title='bbox 1747 5634 1775 5687; x_wconf 91' lang='lat'><strong><em>6</em></strong></span> 
     </span>
    </p>
   </div>
   <div class='ocr_carea' id='block_1_75' title="bbox 276 5792 1561 5873">
    <p class='ocr_par' dir='ltr' id='par_1_75' title="bbox 276 5792 1561 5873">
     <span class='ocr_line' id='line_1_75' title="bbox 276 5792 1561 5873; baseline 0.005 -18"><span class='ocrx_word' id='word_1_559' title='bbox 276 5792 323 5827; x_wconf 81' lang='grc'><strong><em>⁸⁵³</em></strong></span> <span class='ocrx_word' id='word_1_560' title='bbox 372 5799 667 5860; x_wconf 82' lang='lat' dir='ltr'><strong><em>l&#39;l&#39;imotb.</em></strong></span> <span class='ocrx_word' id='word_1_561' title='bbox 729 5821 789 5873; x_wconf 83' lang='grc' dir='ltr'><strong><em>ιι,</em></strong></span> <span class='ocrx_word' id='word_1_562' title='bbox 838 5806 889 5860; x_wconf 68' lang='grc'>4.</span> <span class='ocrx_word' id='word_1_563' title='bbox 970 5807 1013 5838; x_wconf 67' lang='grc'><strong><em>⁸³</em></strong></span> <span class='ocrx_word' id='word_1_564' title='bbox 1073 5802 1091 5859; x_wconf 89' lang='grc' dir='ltr'><strong>Ι</strong></span> <span class='ocrx_word' id='word_1_565' title='bbox 1163 5806 1290 5862; x_wconf 84' lang='lat' dir='ltr'><strong><em>Cor.</em></strong></span> <span class='ocrx_word' id='word_1_566' title='bbox 1348 5821 1444 5873; x_wconf 76' lang='lat' dir='ltr'><strong><em>xu,</em></strong></span> <span class='ocrx_word' id='word_1_567' title='bbox 1481 5807 1561 5862; x_wconf 68' lang='lat'><strong><em>19.</em></strong></span> 
     </span>
    </p>
   </div>
   <div class='ocr_carea' id='block_1_76' title="bbox 1852 1988 3427 2061">
    <p class='ocr_par' dir='ltr' id='par_1_76' title="bbox 1852 1988 3427 2061">
     <span class='ocr_line' id='line_1_76' title="bbox 1852 1988 3427 2061; baseline 0.001 -19"><span class='ocrx_word' id='word_1_568' title='bbox 1852 1988 2086 2058; x_wconf 85' lang='lat' dir='ltr'><strong><em>puellas,</em></strong></span> <span class='ocrx_word' id='word_1_569' title='bbox 2106 1988 2172 2041; x_wconf 91' lang='lat' dir='ltr'><strong><em>ad</em></strong></span> <span class='ocrx_word' id='word_1_570' title='bbox 2205 1988 2512 2057; x_wconf 74' lang='lat' dir='ltr'><strong><em>exemplum</em></strong></span> <span class='ocrx_word' id='word_1_571' title='bbox 2534 1989 2850 2055; x_wconf 83' lang='lat' dir='ltr'><strong><em>Abrahami,</em></strong></span> <span class='ocrx_word' id='word_1_572' title='bbox 2865 1990 3165 2061; x_wconf 85' lang='lat' dir='ltr'><strong><em>quamlibet</em></strong></span> <span class='ocrx_word' id='word_1_573' title='bbox 3187 1991 3256 2046; x_wconf 93' lang='lat' dir='ltr'><strong><em>de</em></strong></span> <span class='ocrx_word' id='word_1_574' title='bbox 3280 1998 3427 2045; x_wconf 87' lang='lat' dir='ltr'><strong><em>terra</em></strong></span> 
     </span>
    </p>
   </div>
   <div class='ocr_carea' id='block_1_77' title="bbox 1851 2079 3429 2152">
    <p class='ocr_par' dir='ltr' id='par_1_77' title="bbox 1851 2079 3429 2152">
     <span class='ocr_line' id='line_1_77' title="bbox 1851 2079 3429 2152; baseline 0.001 -17"><span class='ocrx_word' id='word_1_575' title='bbox 1851 2095 1951 2135; x_wconf 90' lang='lat' dir='ltr'><strong><em>sua</em></strong></span> <span class='ocrx_word' id='word_1_576' title='bbox 1978 2087 2045 2141; x_wconf 59' lang='lat' dir='ltr'><strong><em>et~</em></strong></span> <span class='ocrx_word' id='word_1_577' title='bbox 2065 2079 2390 2150; x_wconf 80' lang='lat' dir='ltr'><strong><em>cognatione</em></strong></span> <span class='ocrx_word' id='word_1_578' title='bbox 2419 2094 2540 2143; x_wconf 88' lang='lat' dir='ltr'><strong><em>sua,</em></strong></span> <span class='ocrx_word' id='word_1_579' title='bbox 2569 2094 2734 2149; x_wconf 89' lang='lat' dir='ltr'><strong><em>quam</em></strong></span> <span class='ocrx_word' id='word_1_580' title='bbox 2761 2095 2884 2136; x_wconf 93' lang='lat' dir='ltr'><strong><em>cum</em></strong></span> <span class='ocrx_word' id='word_1_581' title='bbox 2927 2095 3187 2137; x_wconf 88' lang='lat' dir='ltr'><strong><em>sensuum</em></strong></span> <span class='ocrx_word' id='word_1_582' title='bbox 3209 2083 3429 2152; x_wconf 76' lang='lat' dir='ltr'><strong><em>organis</em></strong></span> 
     </span>
    </p>
   </div>
   <div class='ocr_carea' id='block_1_78' title="bbox 1853 2169 3427 2240">
    <p class='ocr_par' dir='ltr' id='par_1_78' title="bbox 1853 2169 3427 2240">
     <span class='ocr_line' id='line_1_78' title="bbox 1853 2169 3427 2240; baseline -0.001 -15"><span class='ocrx_word' id='word_1_583' title='bbox 1853 2170 2034 2236; x_wconf 87' lang='lat' dir='ltr'><strong><em>habet,</em></strong></span> <span class='ocrx_word' id='word_1_584' title='bbox 2056 2177 2116 2224; x_wconf 90' lang='lat' dir='ltr'><strong><em>ut</em></strong></span> <span class='ocrx_word' id='word_1_585' title='bbox 2146 2184 2342 2240; x_wconf 88' lang='lat' dir='ltr'><strong><em>purum</em></strong></span> <span class='ocrx_word' id='word_1_586' title='bbox 2380 2169 2530 2224; x_wconf 90' lang='lat' dir='ltr'><strong><em>illum</em></strong></span> <span class='ocrx_word' id='word_1_587' title='bbox 2563 2185 2828 2240; x_wconf 90' lang='lat' dir='ltr'><strong><em>sponsum</em></strong></span> <span class='ocrx_word' id='word_1_588' title='bbox 2860 2171 3081 2226; x_wconf 86' lang='lat' dir='ltr'><strong><em>videant</em></strong></span> <span class='ocrx_word' id='word_1_589' title='bbox 3112 2170 3427 2227; x_wconf 89' lang='lat' dir='ltr'><strong><em>redimitum</em></strong></span> 
     </span>
    </p>
   </div>
   <div class='ocr_carea' id='block_1_79' title="bbox 1853 2259 3427 2333">
    <p class='ocr_par' dir='ltr' id='par_1_79' title="bbox 1853 2259 3427 2333">
     <span class='ocr_line' id='line_1_79' title="bbox 1853 2259 3427 2333; baseline -0.001 -15"><span class='ocrx_word' id='word_1_590' title='bbox 1853 2278 2077 2328; x_wconf 85' lang='lat' dir='ltr'><strong><em>corona,</em></strong></span> <span class='ocrx_word' id='word_1_591' title='bbox 2093 2277 2213 2331; x_wconf 71' lang='lat' dir='ltr'><strong><em>qua:</em></strong></span> <span class='ocrx_word' id='word_1_592' title='bbox 2237 2270 2320 2317; x_wconf 89' lang='lat' dir='ltr'><strong><em>est</em></strong></span> <span class='ocrx_word' id='word_1_593' title='bbox 2337 2259 2600 2329; x_wconf 83' lang='lat' dir='ltr'><strong><em>Ecclesia;</em></strong></span> <span class='ocrx_word' id='word_1_594' title='bbox 2614 2264 2792 2332; x_wconf 84' lang='lat' dir='ltr'><strong><em>reipsa</em></strong></span> <span class='ocrx_word' id='word_1_595' title='bbox 2807 2264 3030 2333; x_wconf 87' lang='lat' dir='ltr'><strong><em>propius</em></strong></span> <span class='ocrx_word' id='word_1_596' title='bbox 3047 2264 3114 2319; x_wconf 90' lang='lat' dir='ltr'><strong><em>ad</em></strong></span> <span class='ocrx_word' id='word_1_597' title='bbox 3130 2264 3427 2319; x_wconf 77' lang='lat' dir='ltr'><strong><em>bonitatem</em></strong></span> 
     </span>
    </p>
   </div>
   <div class='ocr_carea' id='block_1_80' title="bbox 1854 2352 3429 2424">
    <p class='ocr_par' dir='ltr' id='par_1_80' title="bbox 1854 2352 3429 2424">
     <span class='ocr_line' id='line_1_80' title="bbox 1854 2352 3429 2424; baseline -0.002 -15"><span class='ocrx_word' id='word_1_598' title='bbox 1854 2355 2076 2411; x_wconf 86' lang='lat' dir='ltr'><strong><em>herilem</em></strong></span> <span class='ocrx_word' id='word_1_599' title='bbox 2092 2352 2322 2419; x_wconf 84' lang='lat' dir='ltr'><strong><em>accedit,</em></strong></span> <span class='ocrx_word' id='word_1_600' title='bbox 2340 2353 2480 2408; x_wconf 80' lang='lat' dir='ltr'><strong><em>facta</em></strong></span> <span class='ocrx_word' id='word_1_601' title='bbox 2492 2353 2605 2424; x_wconf 80' lang='lat' dir='ltr'><strong><em>jam</em></strong></span> <span class='ocrx_word' id='word_1_602' title='bbox 2616 2352 2726 2408; x_wconf 89' lang='lat' dir='ltr'><strong><em>Deo</em></strong></span> <span class='ocrx_word' id='word_1_603' title='bbox 2740 2354 2960 2424; x_wconf 86' lang='lat' dir='ltr'><strong><em>propior</em></strong></span> <span class='ocrx_word' id='word_1_604' title='bbox 2974 2369 3071 2424; x_wconf 87' lang='lat' dir='ltr'><strong><em>per</em></strong></span> <span class='ocrx_word' id='word_1_605' title='bbox 3083 2353 3429 2409; x_wconf 88' lang='lat' dir='ltr'><strong><em>dilectionem</em></strong></span> 
     </span>
    </p>
   </div>
   <div class='ocr_carea' id='block_1_81' title="bbox 1857 2440 3439 2512">
    <p class='ocr_par' dir='ltr' id='par_1_81' title="bbox 1857 2440 3439 2512">
     <span class='ocr_line' id='line_1_81' title="bbox 1857 2440 3439 2512; baseline -0.003 -17"><span class='ocrx_word' id='word_1_606' title='bbox 1857 2441 2111 2511; x_wconf 79' lang='lat' dir='ltr'><strong><em>proximi.</em></strong></span> <span class='ocrx_word' id='word_1_607' title='bbox 2131 2442 2479 2512; x_wconf 86' lang='lat' dir='ltr'><strong><em>Quapropter</em></strong></span> <span class='ocrx_word' id='word_1_608' title='bbox 2509 2440 2577 2496; x_wconf 88' lang='lat' dir='ltr'><strong><em>ad</em></strong></span> <span class='ocrx_word' id='word_1_609' title='bbox 2597 2455 2717 2497; x_wconf 89' lang='lat' dir='ltr'><strong><em>eam</em></strong></span> <span class='ocrx_word' id='word_1_610' title='bbox 2739 2441 2917 2511; x_wconf 90' lang='lat' dir='ltr'><strong><em>inquit</em></strong></span> <span class='ocrx_word' id='word_1_611' title='bbox 2943 2440 3180 2497; x_wconf 84' lang='lat' dir='ltr'><strong><em>Verbum</em></strong></span> <span class='ocrx_word' id='word_1_612' title='bbox 3211 2458 3224 2494; x_wconf 91' lang='lat'><strong>:</strong></span> <span class='ocrx_word' id='word_1_613' title='bbox 3260 2444 3439 2506; x_wconf 79' lang='lat' dir='ltr'><strong><em>Quam</em></strong></span> 
     </span>
    </p>
   </div>
   <div class='ocr_carea' id='block_1_82' title="bbox 1854 2529 3432 2604">
    <p class='ocr_par' dir='ltr' id='par_1_82' title="bbox 1854 2529 3432 2604">
     <span class='ocr_line' id='line_1_82' title="bbox 1854 2529 3432 2604; baseline -0.001 -18"><span class='ocrx_word' id='word_1_614' title='bbox 1854 2533 2079 2603; x_wconf 82' lang='lat' dir='ltr'><strong><em>pulchra</em></strong></span> <span class='ocrx_word' id='word_1_615' title='bbox 2123 2550 2208 2599; x_wconf 74' lang='lat' dir='ltr'><strong><em>es,</em></strong></span> <span class='ocrx_word' id='word_1_616' title='bbox 2249 2542 2609 2604; x_wconf 87' lang='lat' dir='ltr'><strong><em>posteaquam</em></strong></span> <span class='ocrx_word' id='word_1_617' title='bbox 2649 2533 2794 2589; x_wconf 92' lang='lat' dir='ltr'><strong><em>bono</em></strong></span> <span class='ocrx_word' id='word_1_618' title='bbox 2849 2533 3015 2588; x_wconf 90' lang='lat' dir='ltr'><strong><em>animi</em></strong></span> <span class='ocrx_word' id='word_1_619' title='bbox 3069 2532 3326 2589; x_wconf 89' lang='lat' dir='ltr'><strong><em>instituto</em></strong></span> <span class='ocrx_word' id='word_1_620' title='bbox 3364 2529 3432 2584; x_wconf 87' lang='lat' dir='ltr'><strong><em>ad</em></strong></span> 
     </span>
    </p>
   </div>
   <div class='ocr_carea' id='block_1_83' title="bbox 1854 2621 3430 2695">
    <p class='ocr_par' dir='ltr' id='par_1_83' title="bbox 1854 2621 3430 2695">
     <span class='ocr_line' id='line_1_83' title="bbox 1854 2621 3430 2695; baseline -0.002 -16"><span class='ocrx_word' id='word_1_621' title='bbox 1854 2624 2319 2695; x_wconf 86' lang='lat' dir='ltr'><strong><em>pulchritudinem</em></strong></span> <span class='ocrx_word' id='word_1_622' title='bbox 2359 2624 2665 2680; x_wconf 87' lang='lat' dir='ltr'><strong><em>accessisti.</em></strong></span> <span class='ocrx_word' id='word_1_623' title='bbox 2698 2623 2904 2679; x_wconf 88' lang='lat' dir='ltr'><strong><em>Laudis</em></strong></span> <span class='ocrx_word' id='word_1_624' title='bbox 2932 2630 3118 2679; x_wconf 87' lang='lat' dir='ltr'><strong><em>autem</em></strong></span> <span class='ocrx_word' id='word_1_625' title='bbox 3154 2621 3430 2693; x_wconf 89' lang='lat' dir='ltr'><strong><em>repetitio.</em></strong></span> 
     </span>
    </p>
   </div>
   <div class='ocr_carea' id='block_1_84' title="bbox 1854 2714 3430 2772">
    <p class='ocr_par' dir='ltr' id='par_1_84' title="bbox 1854 2714 3430 2772">
     <span class='ocr_line' id='line_1_84' title="bbox 1854 2714 3430 2772; baseline -0.002 -3"><span class='ocrx_word' id='word_1_626' title='bbox 1854 2715 2082 2770; x_wconf 89' lang='lat' dir='ltr'><strong><em>minime</em></strong></span> <span class='ocrx_word' id='word_1_627' title='bbox 2130 2714 2328 2772; x_wconf 80' lang='lat' dir='ltr'><strong><em>falsum</em></strong></span> <span class='ocrx_word' id='word_1_628' title='bbox 2375 2716 2479 2771; x_wconf 89' lang='lat' dir='ltr'><strong><em>hoc</em></strong></span> <span class='ocrx_word' id='word_1_629' title='bbox 2517 2716 2890 2772; x_wconf 88' lang='lat' dir='ltr'><strong><em>testimonium</em></strong></span> <span class='ocrx_word' id='word_1_630' title='bbox 2921 2730 3044 2770; x_wconf 89' lang='lat' dir='ltr'><strong><em>esse</em></strong></span> <span class='ocrx_word' id='word_1_631' title='bbox 3068 2714 3430 2770; x_wconf 85' lang='lat' dir='ltr'><strong><em>demonstrat.</em></strong></span> 
     </span>
    </p>
   </div>
   <div class='ocr_carea' id='block_1_85' title="bbox 1855 2806 3436 2879">
    <p class='ocr_par' dir='ltr' id='par_1_85' title="bbox 1855 2806 3436 2879">
     <span class='ocr_line' id='line_1_85' title="bbox 1855 2806 3436 2879; baseline -0.003 -17"><span class='ocrx_word' id='word_1_632' title='bbox 1855 2806 1991 2863; x_wconf 87' lang='lat' dir='ltr'><strong><em>Nam</em></strong></span> <span class='ocrx_word' id='word_1_633' title='bbox 2038 2808 2357 2864; x_wconf 91' lang='lat' dir='ltr'><strong><em>testimonio</em></strong></span> <span class='ocrx_word' id='word_1_634' title='bbox 2416 2808 2621 2879; x_wconf 86' lang='lat' dir='ltr'><strong><em>duplici</em></strong></span> <span class='ocrx_word' id='word_1_635' title='bbox 2664 2810 2953 2865; x_wconf 83' lang='lat' dir='ltr'><strong><em>veritatem</em></strong></span> <span class='ocrx_word' id='word_1_636' title='bbox 2991 2807 3305 2863; x_wconf 82' lang='lat' dir='ltr'><strong><em>conﬁrmari</em></strong></span> <span class='ocrx_word' id='word_1_637' title='bbox 3351 2806 3436 2860; x_wconf 87' lang='lat' dir='ltr'><strong><em>di-</em></strong></span> 
     </span>
    </p>
   </div>
   <div class='ocr_carea' id='block_1_86' title="bbox 1855 2897 3434 2970">
    <p class='ocr_par' dir='ltr' id='par_1_86' title="bbox 1855 2897 3434 2970">
     <span class='ocr_line' id='line_1_86' title="bbox 1855 2897 3434 2970; baseline -0.004 -16"><span class='ocrx_word' id='word_1_638' title='bbox 1855 2900 1982 2956; x_wconf 88' lang='lat' dir='ltr'><strong><em>vina</em></strong></span> <span class='ocrx_word' id='word_1_639' title='bbox 2011 2900 2098 2954; x_wconf 79' lang='lat' dir='ltr'><strong><em>lex</em></strong></span> <span class='ocrx_word' id='word_1_640' title='bbox 2127 2899 2469 2970; x_wconf 84' lang='lat' dir='ltr'><strong><em>pronuntiat.</em></strong></span> <span class='ocrx_word' id='word_1_641' title='bbox 2518 2899 2653 2953; x_wconf 86' lang='lat' dir='ltr'><strong><em>Eam</em></strong></span> <span class='ocrx_word' id='word_1_642' title='bbox 2701 2899 2774 2954; x_wconf 89' lang='lat' dir='ltr'><strong><em>ob</em></strong></span> <span class='ocrx_word' id='word_1_643' title='bbox 2833 2913 3058 2954; x_wconf 87' lang='lat' dir='ltr'><strong><em>causam</em></strong></span> <span class='ocrx_word' id='word_1_644' title='bbox 3105 2898 3222 2952; x_wconf 89' lang='lat' dir='ltr'><strong><em>ait:</em></strong></span> <span class='ocrx_word' id='word_1_645' title='bbox 3258 2897 3434 2964; x_wconf 82' lang='lat' dir='ltr'><strong><em>Quam</em></strong></span> 
     </span>
    </p>
   </div>
   <div class='ocr_carea' id='block_1_87' title="bbox 1855 2988 3437 3062">
    <p class='ocr_par' dir='ltr' id='par_1_87' title="bbox 1855 2988 3437 3062">
     <span class='ocr_line' id='line_1_87' title="bbox 1855 2988 3437 3062; baseline -0.003 -16"><span class='ocrx_word' id='word_1_646' title='bbox 1855 2992 2080 3062; x_wconf 80' lang='lat' dir='ltr'><strong><em>pulchra</em></strong></span> <span class='ocrx_word' id='word_1_647' title='bbox 2130 3008 2216 3059; x_wconf 76' lang='lat' dir='ltr'><strong><em>es,</em></strong></span> <span class='ocrx_word' id='word_1_648' title='bbox 2264 2992 2441 3046; x_wconf 83' lang='lat' dir='ltr'><strong><em>amica</em></strong></span> <span class='ocrx_word' id='word_1_649' title='bbox 2494 3007 2644 3055; x_wconf 87' lang='lat' dir='ltr'><strong><em>mea,</em></strong></span> <span class='ocrx_word' id='word_1_650' title='bbox 2689 3007 2850 3061; x_wconf 80' lang='lat' dir='ltr'><strong><em>quam</em></strong></span> <span class='ocrx_word' id='word_1_651' title='bbox 2900 2990 3125 3059; x_wconf 80' lang='lat' dir='ltr'><strong><em>pulchra</em></strong></span> <span class='ocrx_word' id='word_1_652' title='bbox 3170 3006 3245 3044; x_wconf 76' lang='lat' dir='ltr'><strong><em>es.</em></strong></span> <span class='ocrx_word' id='word_1_653' title='bbox 3297 2988 3437 3055; x_wconf 76' lang='lat' dir='ltr'><strong><em>Quia</em></strong></span> 
     </span>
    </p>
   </div>
   <div class='ocr_carea' id='block_1_88' title="bbox 1856 3080 3436 3151">
    <p class='ocr_par' dir='ltr' id='par_1_88' title="bbox 1856 3080 3436 3151">
     <span class='ocr_line' id='line_1_88' title="bbox 1856 3080 3436 3151; baseline -0.003 -14"><span class='ocrx_word' id='word_1_654' title='bbox 1856 3096 1986 3137; x_wconf 86' lang='lat' dir='ltr'><strong><em>vero</em></strong></span> <span class='ocrx_word' id='word_1_655' title='bbox 2024 3080 2576 3149; x_wconf 71' lang='lat' dir='ltr'><strong><em>universaEcclesia</em></strong></span> <span class='ocrx_word' id='word_1_656' title='bbox 2614 3096 2782 3136; x_wconf 92' lang='lat' dir='ltr'><strong><em>unum</em></strong></span> <span class='ocrx_word' id='word_1_657' title='bbox 2816 3080 3021 3137; x_wconf 86' lang='lat' dir='ltr'><strong><em>Christi</em></strong></span> <span class='ocrx_word' id='word_1_658' title='bbox 3081 3095 3284 3151; x_wconf 89' lang='lat' dir='ltr'><strong><em>corpus</em></strong></span> <span class='ocrx_word' id='word_1_659' title='bbox 3330 3087 3436 3147; x_wconf 88' lang='lat' dir='ltr'><strong><em>est,</em></strong></span> 
     </span>
    </p>
   </div>
   <div class='ocr_carea' id='block_1_89' title="bbox 1858 3166 3435 3240">
    <p class='ocr_par' dir='ltr' id='par_1_89' title="bbox 1858 3166 3435 3240">
     <span class='ocr_line' id='line_1_89' title="bbox 1858 3166 3435 3240; baseline -0.002 -15"><span class='ocrx_word' id='word_1_660' title='bbox 1858 3178 1914 3225; x_wconf 90' lang='lat' dir='ltr'><strong><em>et</em></strong></span> <span class='ocrx_word' id='word_1_661' title='bbox 1938 3168 2045 3225; x_wconf 91' lang='lat' dir='ltr'><strong><em>hoc</em></strong></span> <span class='ocrx_word' id='word_1_662' title='bbox 2073 3184 2183 3224; x_wconf 90' lang='lat' dir='ltr'><strong><em>uno</em></strong></span> <span class='ocrx_word' id='word_1_663' title='bbox 2219 3168 2276 3224; x_wconf 90' lang='lat' dir='ltr'><strong><em>in</em></strong></span> <span class='ocrx_word' id='word_1_664' title='bbox 2331 3183 2584 3240; x_wconf 88' lang='lat' dir='ltr'><strong><em>corpore,</em></strong></span> <span class='ocrx_word' id='word_1_665' title='bbox 2635 3166 3098 3237; x_wconf 88' lang='lat' dir='ltr'><strong><em>quemadmodum</em></strong></span> <span class='ocrx_word' id='word_1_666' title='bbox 3139 3166 3435 3237; x_wconf 87' lang='lat' dir='ltr'><strong><em>Apostolus</em></strong></span> 
     </span>
    </p>
   </div>
   <div class='ocr_carea' id='block_1_90' title="bbox 1860 3253 3435 3326">
    <p class='ocr_par' dir='ltr' id='par_1_90' title="bbox 1860 3253 3435 3326">
     <span class='ocr_line' id='line_1_90' title="bbox 1860 3253 3435 3326; baseline -0.002 -17"><span class='ocrx_word' id='word_1_667' title='bbox 1860 3254 2039 3326; x_wconf 89' lang='lat' dir='ltr'><strong><em>inquit</em></strong></span> <span class='ocrx_word' id='word_1_668' title='bbox 2055 3255 2121 3320; x_wconf 65' lang='grc'><strong><em>⁸³,</em></strong></span> <span class='ocrx_word' id='word_1_669' title='bbox 2161 3255 2408 3315; x_wconf 83' lang='lat' dir='ltr'><strong><em>membra</em></strong></span> <span class='ocrx_word' id='word_1_670' title='bbox 2450 3256 2620 3309; x_wconf 91' lang='lat' dir='ltr'><strong><em>multa</em></strong></span> <span class='ocrx_word' id='word_1_671' title='bbox 2665 3262 2815 3320; x_wconf 89' lang='lat' dir='ltr'><strong><em>sunt,</em></strong></span> <span class='ocrx_word' id='word_1_672' title='bbox 2853 3269 2976 3324; x_wconf 64' lang='lat' dir='ltr'><strong><em>quae</em></strong></span> <span class='ocrx_word' id='word_1_673' title='bbox 2994 3254 3220 3325; x_wconf 86' lang='lat' dir='ltr'><strong><em>quidem</em></strong></span> <span class='ocrx_word' id='word_1_674' title='bbox 3248 3253 3435 3309; x_wconf 88' lang='lat' dir='ltr'><strong><em>omnia</em></strong></span> 
     </span>
    </p>
   </div>
   <div class='ocr_carea' id='block_1_91' title="bbox 1861 3344 3436 3416">
    <p class='ocr_par' dir='ltr' id='par_1_91' title="bbox 1861 3344 3436 3416">
     <span class='ocr_line' id='line_1_91' title="bbox 1861 3344 3436 3416; baseline -0.001 -16"><span class='ocrx_word' id='word_1_675' title='bbox 1861 3361 1972 3401; x_wconf 89' lang='lat' dir='ltr'><strong><em>non</em></strong></span> <span class='ocrx_word' id='word_1_676' title='bbox 2010 3346 2264 3402; x_wconf 91' lang='lat' dir='ltr'><strong><em>eumdem</em></strong></span> <span class='ocrx_word' id='word_1_677' title='bbox 2311 3354 2495 3401; x_wconf 88' lang='lat' dir='ltr'><strong><em>actum</em></strong></span> <span class='ocrx_word' id='word_1_678' title='bbox 2552 3347 2754 3401; x_wconf 85' lang='lat' dir='ltr'><strong><em>habent</em></strong></span> <span class='ocrx_word' id='word_1_679' title='bbox 2791 3345 3014 3416; x_wconf 87' lang='lat' dir='ltr'><strong><em>(quippe</em></strong></span> <span class='ocrx_word' id='word_1_680' title='bbox 3062 3344 3208 3415; x_wconf 86' lang='lat' dir='ltr'><strong><em>quod</em></strong></span> <span class='ocrx_word' id='word_1_681' title='bbox 3270 3345 3436 3399; x_wconf 88' lang='lat' dir='ltr'><strong><em>alium</em></strong></span> 
     </span>
    </p>
   </div>
   <div class='ocr_carea' id='block_1_92' title="bbox 1862 3433 3440 3505">
    <p class='ocr_par' dir='ltr' id='par_1_92' title="bbox 1862 3433 3440 3505">
     <span class='ocr_line' id='line_1_92' title="bbox 1862 3433 3440 3505; baseline 0 -18"><span class='ocrx_word' id='word_1_682' title='bbox 1862 3434 2009 3491; x_wconf 88' lang='lat' dir='ltr'><strong><em>Deus</em></strong></span> <span class='ocrx_word' id='word_1_683' title='bbox 2058 3437 2115 3490; x_wconf 90' lang='lat' dir='ltr'><strong><em>in</em></strong></span> <span class='ocrx_word' id='word_1_684' title='bbox 2164 3437 2269 3491; x_wconf 89' lang='lat' dir='ltr'><strong><em>hoc</em></strong></span> <span class='ocrx_word' id='word_1_685' title='bbox 2298 3450 2525 3505; x_wconf 84' lang='lat' dir='ltr'><strong><em>corpore</em></strong></span> <span class='ocrx_word' id='word_1_686' title='bbox 2585 3444 2844 3504; x_wconf 89' lang='lat' dir='ltr'><strong><em>tanquam</em></strong></span> <span class='ocrx_word' id='word_1_687' title='bbox 2872 3435 3092 3489; x_wconf 91' lang='lat' dir='ltr'><strong><em>oculum</em></strong></span> <span class='ocrx_word' id='word_1_688' title='bbox 3150 3433 3440 3501; x_wconf 85' lang='lat' dir='ltr'><strong><em>creaverit,</em></strong></span> 
     </span>
    </p>
   </div>
   <div class='ocr_carea' id='block_1_93' title="bbox 1862 3525 3443 3596">
    <p class='ocr_par' dir='ltr' id='par_1_93' title="bbox 1862 3525 3443 3596">
     <span class='ocr_line' id='line_1_93' title="bbox 1862 3525 3443 3596; baseline -0.001 -15"><span class='ocrx_word' id='word_1_689' title='bbox 1862 3526 2030 3582; x_wconf 90' lang='lat' dir='ltr'><strong><em>alium</em></strong></span> <span class='ocrx_word' id='word_1_690' title='bbox 2068 3535 2327 3596; x_wconf 90' lang='lat' dir='ltr'><strong><em>tanquam</em></strong></span> <span class='ocrx_word' id='word_1_691' title='bbox 2357 3540 2568 3592; x_wconf 89' lang='lat' dir='ltr'><strong><em>aurem,</em></strong></span> <span class='ocrx_word' id='word_1_692' title='bbox 2614 3526 2751 3582; x_wconf 82' lang='lat' dir='ltr'><strong><em>aliis</em></strong></span> <span class='ocrx_word' id='word_1_693' title='bbox 2782 3525 3102 3580; x_wconf 82' lang='lat' dir='ltr'><strong><em>facultatum</em></strong></span> <span class='ocrx_word' id='word_1_694' title='bbox 3144 3525 3443 3587; x_wconf 78' lang='lat' dir='ltr'><strong><em>eiTectione</em></strong></span> 
     </span>
    </p>
   </div>
   <div class='ocr_carea' id='block_1_94' title="bbox 1864 3616 3442 3688">
    <p class='ocr_par' dir='ltr' id='par_1_94' title="bbox 1864 3616 3442 3688">
     <span class='ocr_line' id='line_1_94' title="bbox 1864 3616 3442 3688; baseline -0.002 -15"><span class='ocrx_word' id='word_1_695' title='bbox 1864 3634 2128 3674; x_wconf 90' lang='lat' dir='ltr'><strong><em>manuum</em></strong></span> <span class='ocrx_word' id='word_1_696' title='bbox 2154 3619 2337 3674; x_wconf 92' lang='lat' dir='ltr'><strong><em>locum</em></strong></span> <span class='ocrx_word' id='word_1_697' title='bbox 2373 3618 2771 3684; x_wconf 88' lang='lat' dir='ltr'><strong><em>obtinentibus,</em></strong></span> <span class='ocrx_word' id='word_1_698' title='bbox 2811 3617 2935 3672; x_wconf 89' lang='lat' dir='ltr'><strong><em>aliis</em></strong></span> <span class='ocrx_word' id='word_1_699' title='bbox 2966 3616 3188 3687; x_wconf 90' lang='lat' dir='ltr'><strong><em>pedum,</em></strong></span> <span class='ocrx_word' id='word_1_700' title='bbox 3218 3616 3312 3688; x_wconf 91' lang='lat' dir='ltr'><strong><em>qui</em></strong></span> <span class='ocrx_word' id='word_1_701' title='bbox 3360 3616 3442 3672; x_wconf 88' lang='lat' dir='ltr'><strong><em>vi-</em></strong></span> 
     </span>
    </p>
   </div>
   <div class='ocr_carea' id='block_1_95' title="bbox 1864 3707 3438 3776">
    <p class='ocr_par' dir='ltr' id='par_1_95' title="bbox 1864 3707 3438 3776">
     <span class='ocr_line' id='line_1_95' title="bbox 1864 3707 3438 3776; baseline -0.004 -11"><span class='ocrx_word' id='word_1_702' title='bbox 1864 3711 2063 3765; x_wconf 88' lang='lat' dir='ltr'><strong><em>delicet</em></strong></span> <span class='ocrx_word' id='word_1_703' title='bbox 2085 3723 2252 3765; x_wconf 90' lang='lat' dir='ltr'><strong><em>onera</em></strong></span> <span class='ocrx_word' id='word_1_704' title='bbox 2292 3708 2589 3776; x_wconf 85' lang='lat' dir='ltr'><strong><em>sustinent,</em></strong></span> <span class='ocrx_word' id='word_1_705' title='bbox 2611 3722 2720 3762; x_wconf 89' lang='lat' dir='ltr'><strong><em>non</em></strong></span> <span class='ocrx_word' id='word_1_706' title='bbox 2734 3707 2961 3763; x_wconf 85' lang='lat' dir='ltr'><strong><em>omissis</em></strong></span> <span class='ocrx_word' id='word_1_707' title='bbox 2987 3720 3168 3774; x_wconf 87' lang='lat' dir='ltr'><strong><em>neque</em></strong></span> <span class='ocrx_word' id='word_1_708' title='bbox 3187 3711 3438 3776; x_wconf 85' lang='lat' dir='ltr'><strong><em>gustatu,</em></strong></span> 
     </span>
    </p>
   </div>
   <div class='ocr_carea' id='block_1_96' title="bbox 1865 3798 3442 3875">
    <p class='ocr_par' dir='ltr' id='par_1_96' title="bbox 1865 3798 3442 3875">
     <span class='ocr_line' id='line_1_96' title="bbox 1865 3798 3442 3875; baseline -0.006 -15"><span class='ocrx_word' id='word_1_709' title='bbox 1865 3820 2042 3875; x_wconf 89' lang='lat' dir='ltr'><strong><em>neque</em></strong></span> <span class='ocrx_word' id='word_1_710' title='bbox 2070 3803 2324 3871; x_wconf 85' lang='lat' dir='ltr'><strong><em>odoratu,</em></strong></span> <span class='ocrx_word' id='word_1_711' title='bbox 2349 3817 2525 3873; x_wconf 88' lang='lat' dir='ltr'><strong><em>neque</em></strong></span> <span class='ocrx_word' id='word_1_712' title='bbox 2557 3814 2890 3871; x_wconf 78' lang='lat' dir='ltr'><strong><em>unoquoque</em></strong></span> <span class='ocrx_word' id='word_1_713' title='bbox 2929 3798 3284 3863; x_wconf 84' lang='lat' dir='ltr'><strong><em>omnium,ex</em></strong></span> <span class='ocrx_word' id='word_1_714' title='bbox 3316 3798 3442 3867; x_wconf 85' lang='lat' dir='ltr'><strong><em>qui-</em></strong></span> 
     </span>
    </p>
   </div>
   <div class='ocr_carea' id='block_1_97' title="bbox 1867 3888 3442 3965">
    <p class='ocr_par' dir='ltr' id='par_1_97' title="bbox 1867 3888 3442 3965">
     <span class='ocr_line' id='line_1_97' title="bbox 1867 3888 3442 3965; baseline -0.006 -12"><span class='ocrx_word' id='word_1_715' title='bbox 1867 3898 1971 3953; x_wconf 86' lang='lat' dir='ltr'><strong><em>bus</em></strong></span> <span class='ocrx_word' id='word_1_716' title='bbox 1997 3896 2298 3950; x_wconf 86' lang='lat' dir='ltr'><strong><em>humanum</em></strong></span> <span class='ocrx_word' id='word_1_717' title='bbox 2338 3910 2541 3965; x_wconf 88' lang='lat' dir='ltr'><strong><em>corpus</em></strong></span> <span class='ocrx_word' id='word_1_718' title='bbox 2570 3899 2790 3948; x_wconf 88' lang='lat' dir='ltr'><strong><em>constat</em></strong></span> <span class='ocrx_word' id='word_1_719' title='bbox 2821 3910 2833 3946; x_wconf 90' lang='lat'>:</span> <span class='ocrx_word' id='word_1_720' title='bbox 2857 3898 2916 3947; x_wconf 90' lang='lat' dir='ltr'><strong><em>et</em></strong></span> <span class='ocrx_word' id='word_1_721' title='bbox 2945 3897 3179 3960; x_wconf 86' lang='lat' dir='ltr'><strong><em>possunt</em></strong></span> <span class='ocrx_word' id='word_1_722' title='bbox 3208 3899 3358 3945; x_wconf 83' lang='lat' dir='ltr'><strong><em>certe</em></strong></span> <span class='ocrx_word' id='word_1_723' title='bbox 3386 3888 3442 3943; x_wconf 89' lang='lat' dir='ltr'><strong><em>in</em></strong></span> 
     </span>
    </p>
   </div>
   <div class='ocr_carea' id='block_1_98' title="bbox 1868 3980 3440 4056">
    <p class='ocr_par' dir='ltr' id='par_1_98' title="bbox 1868 3980 3440 4056">
     <span class='ocr_line' id='line_1_98' title="bbox 1868 3980 3440 4056; baseline -0.007 -13"><span class='ocrx_word' id='word_1_724' title='bbox 1868 3987 2150 4043; x_wconf 90' lang='lat' dir='ltr'><strong><em>communi</em></strong></span> <span class='ocrx_word' id='word_1_725' title='bbox 2186 3985 2447 4041; x_wconf 63' lang='lat' dir='ltr'><strong><em>Ecclesiae</em></strong></span> <span class='ocrx_word' id='word_1_726' title='bbox 2493 3998 2725 4056; x_wconf 88' lang='lat' dir='ltr'><strong><em>corpore</em></strong></span> <span class='ocrx_word' id='word_1_727' title='bbox 2756 3982 2934 4049; x_wconf 89' lang='lat' dir='ltr'><strong><em>labra,</em></strong></span> <span class='ocrx_word' id='word_1_728' title='bbox 2977 3982 3191 4046; x_wconf 85' lang='lat' dir='ltr'><strong><em>dentes,</em></strong></span> <span class='ocrx_word' id='word_1_729' title='bbox 3232 3980 3440 4044; x_wconf 69' lang='lat' dir='ltr'><strong><em>lingua,</em></strong></span> 
     </span>
    </p>
   </div>
   <div class='ocr_carea' id='block_1_99' title="bbox 1869 4071 3445 4144">
    <p class='ocr_par' dir='ltr' id='par_1_99' title="bbox 1869 4071 3445 4144">
     <span class='ocr_line' id='line_1_99' title="bbox 1869 4071 3445 4144; baseline -0.004 -11"><span class='ocrx_word' id='word_1_730' title='bbox 1869 4079 2063 4141; x_wconf 90' lang='lat' dir='ltr'><strong><em>ubera,</em></strong></span> <span class='ocrx_word' id='word_1_731' title='bbox 2097 4084 2308 4143; x_wconf 78' lang='lat' dir='ltr'><strong><em>venter,</em></strong></span> <span class='ocrx_word' id='word_1_732' title='bbox 2352 4076 2553 4131; x_wconf 83' lang='lat' dir='ltr'><strong><em>collum</em></strong></span> <span class='ocrx_word' id='word_1_733' title='bbox 2587 4074 2838 4144; x_wconf 87' lang='lat' dir='ltr'><strong><em>reperiri,</em></strong></span> <span class='ocrx_word' id='word_1_734' title='bbox 2889 4080 3073 4144; x_wconf 84' lang='lat' dir='ltr'><strong><em>atque,</em></strong></span> <span class='ocrx_word' id='word_1_735' title='bbox 3123 4072 3203 4127; x_wconf 86' lang='lat' dir='ltr'><strong><em>uti</em></strong></span> <span class='ocrx_word' id='word_1_736' title='bbox 3241 4071 3445 4126; x_wconf 89' lang='lat' dir='ltr'><strong><em>Paulus</em></strong></span> 
     </span>
    </p>
   </div>
   <div class='ocr_carea' id='block_1_100' title="bbox 1862 4159 3438 4229">
    <p class='ocr_par' dir='ltr' id='par_1_100' title="bbox 1862 4159 3438 4229">
     <span class='ocr_line' id='line_1_100' title="bbox 1862 4159 3438 4229; baseline 0.002 -14"><span class='ocrx_word' id='word_1_737' title='bbox 1862 4160 1965 4225; x_wconf 86' lang='lat' dir='ltr'><strong><em>ait,</em></strong></span> <span class='ocrx_word' id='word_1_738' title='bbox 2005 4160 2166 4214; x_wconf 79' lang='lat' dir='ltr'><strong><em>etiam</em></strong></span> <span class='ocrx_word' id='word_1_739' title='bbox 2211 4168 2389 4228; x_wconf 81' lang='lat' dir='ltr'><strong><em>partes</em></strong></span> <span class='ocrx_word' id='word_1_740' title='bbox 2440 4159 2676 4228; x_wconf 77' lang='lat' dir='ltr'><strong><em>corporis</em></strong></span> <span class='ocrx_word' id='word_1_741' title='bbox 2716 4175 2806 4213; x_wconf 80' lang='lat' dir='ltr'><strong><em>eas</em></strong></span> <span class='ocrx_word' id='word_1_742' title='bbox 2848 4177 2964 4229; x_wconf 63' lang='lat' dir='ltr'><strong><em>qua</em></strong></span> <span class='ocrx_word' id='word_1_743' title='bbox 3013 4177 3123 4215; x_wconf 80' lang='lat' dir='ltr'><strong><em>esse</em></strong></span> <span class='ocrx_word' id='word_1_744' title='bbox 3175 4161 3438 4218; x_wconf 72' lang='lat' dir='ltr'><strong><em>indecora:</em></strong></span> 
     </span>
    </p>
   </div>
   <div class='ocr_carea' id='block_1_101' title="bbox 1867 4238 3440 4319">
    <p class='ocr_par' dir='ltr' id='par_1_101' title="bbox 1867 4238 3440 4319">
     <span class='ocr_line' id='line_1_101' title="bbox 1867 4238 3440 4319; baseline 0.003 -11"><span class='ocrx_word' id='word_1_745' title='bbox 1867 4252 2125 4319; x_wconf 74' lang='lat' dir='ltr'><strong><em>uidentur)</em></strong></span> <span class='ocrx_word' id='word_1_746' title='bbox 2170 4270 2184 4305; x_wconf 87' lang='lat'><strong>:</strong></span> <span class='ocrx_word' id='word_1_747' title='bbox 2225 4252 2431 4307; x_wconf 88' lang='lat' dir='ltr'><strong><em>idcirco</em></strong></span> <span class='ocrx_word' id='word_1_748' title='bbox 2460 4251 2681 4316; x_wconf 75' lang='lat' dir='ltr'><strong><em>elegans</em></strong></span> <span class='ocrx_word' id='word_1_749' title='bbox 2717 4252 2809 4306; x_wconf 90' lang='lat' dir='ltr'><strong><em>ille</em></strong></span> <span class='ocrx_word' id='word_1_750' title='bbox 2847 4238 3341 4315; x_wconf 58' lang='lat' dir='ltr'><strong><em>formae&#39;spectator</em></strong></span> <span class='ocrx_word' id='word_1_751' title='bbox 3384 4264 3440 4312; x_wconf 89' lang='lat' dir='ltr'><strong><em>et</em></strong></span> 
     </span>
    </p>
   </div>
   <div class='ocr_carea' id='block_1_102' title="bbox 1872 4335 3448 4416">
    <p class='ocr_par' dir='ltr' id='par_1_102' title="bbox 1872 4335 3448 4416">
     <span class='ocr_line' id='line_1_102' title="bbox 1872 4335 3448 4416; baseline -0.009 -15"><span class='ocrx_word' id='word_1_752' title='bbox 1872 4345 2187 4416; x_wconf 83' lang='lat' dir='ltr'><strong><em>explorator</em></strong></span> <span class='ocrx_word' id='word_1_753' title='bbox 2213 4341 2476 4397; x_wconf 87' lang='lat' dir='ltr'><strong><em>membris</em></strong></span> <span class='ocrx_word' id='word_1_754' title='bbox 2504 4338 2757 4409; x_wconf 87' lang='lat' dir='ltr'><strong><em>singulis,</em></strong></span> <span class='ocrx_word' id='word_1_755' title='bbox 2804 4353 2927 4408; x_wconf 64' lang='lat' dir='ltr'><strong><em>quae</em></strong></span> <span class='ocrx_word' id='word_1_756' title='bbox 2966 4345 3082 4392; x_wconf 90' lang='lat' dir='ltr'><strong><em>toto</em></strong></span> <span class='ocrx_word' id='word_1_757' title='bbox 3117 4335 3172 4389; x_wconf 88' lang='lat' dir='ltr'><strong><em>iu</em></strong></span> <span class='ocrx_word' id='word_1_758' title='bbox 3216 4347 3448 4402; x_wconf 86' lang='lat' dir='ltr'><strong><em>corpore</em></strong></span> 
     </span>
    </p>
   </div>
   <div class='ocr_carea' id='block_1_103' title="bbox 1874 4424 3445 4508">
    <p class='ocr_par' dir='ltr' id='par_1_103' title="bbox 1874 4424 3445 4508">
     <span class='ocr_line' id='line_1_103' title="bbox 1874 4424 3445 4508; baseline -0.009 -17"><span class='ocrx_word' id='word_1_759' title='bbox 1874 4438 1977 4508; x_wconf 89' lang='lat' dir='ltr'><strong><em>ipsi</em></strong></span> <span class='ocrx_word' id='word_1_760' title='bbox 2012 4438 2356 4508; x_wconf 88' lang='lat' dir='ltr'><strong><em>placuerunt,</em></strong></span> <span class='ocrx_word' id='word_1_761' title='bbox 2378 4433 2706 4504; x_wconf 86' lang='lat' dir='ltr'><strong><em>peculiarem</em></strong></span> <span class='ocrx_word' id='word_1_762' title='bbox 2726 4429 3016 4501; x_wconf 88' lang='lat' dir='ltr'><strong><em>quamdam</em></strong></span> <span class='ocrx_word' id='word_1_763' title='bbox 3042 4434 3098 4483; x_wconf 91' lang='lat' dir='ltr'><strong><em>ct</em></strong></span> <span class='ocrx_word' id='word_1_764' title='bbox 3115 4424 3445 4482; x_wconf 84' lang='lat' dir='ltr'><strong><em>convenien—</em></strong></span> 
     </span>
    </p>
   </div>
   <div class='ocr_carea' id='block_1_104' title="bbox 1794 4524 2482 4625">
    <p class='ocr_par' dir='ltr' id='par_1_104' title="bbox 1794 4524 2482 4625">
     <span class='ocr_line' id='line_1_104' title="bbox 1794 4524 2482 4625; baseline -0.01 -40"><span class='ocrx_word' id='word_1_765' title='bbox 1794 4564 1859 4625; x_wconf 59' lang='grc' dir='ltr'><strong><em>η</em></strong></span> <span class='ocrx_word' id='word_1_766' title='bbox 1877 4540 1984 4586; x_wconf 90' lang='lat' dir='ltr'><strong><em>tem</em></strong></span> <span class='ocrx_word' id='word_1_767' title='bbox 2019 4526 2234 4583; x_wconf 86' lang='lat' dir='ltr'><strong><em>laudem</em></strong></span> <span class='ocrx_word' id='word_1_768' title='bbox 2269 4524 2482 4625; x_wconf 67' lang='lat' dir='ltr'><strong><em>tribuit.</em></strong></span> 
     </span>
    </p>
   </div>
   <div class='ocr_carea' id='block_1_105' title="bbox 1943 4604 3448 4674">
    <p class='ocr_par' dir='ltr' id='par_1_105' title="bbox 1943 4604 3448 4674">
     <span class='ocr_line' id='line_1_105' title="bbox 1943 4604 3448 4674; baseline -0.01 -1"><span class='ocrx_word' id='word_1_769' title='bbox 1943 4617 2171 4673; x_wconf 88' lang='lat' dir='ltr'><strong><em>Orditur</em></strong></span> <span class='ocrx_word' id='word_1_770' title='bbox 2197 4622 2379 4668; x_wconf 89' lang='lat' dir='ltr'><strong><em>autem</em></strong></span> <span class='ocrx_word' id='word_1_771' title='bbox 2428 4612 2545 4665; x_wconf 81' lang='lat' dir='ltr'><strong><em>haec</em></strong></span> <span class='ocrx_word' id='word_1_772' title='bbox 2583 4610 2830 4664; x_wconf 87' lang='lat' dir='ltr'><strong><em>encomia</em></strong></span> <span class='ocrx_word' id='word_1_773' title='bbox 2884 4606 2952 4662; x_wconf 90' lang='lat' dir='ltr'><strong><em>dc</em></strong></span> <span class='ocrx_word' id='word_1_774' title='bbox 2999 4604 3260 4661; x_wconf 88' lang='lat' dir='ltr'><strong><em>membris</em></strong></span> <span class='ocrx_word' id='word_1_775' title='bbox 3306 4619 3448 4674; x_wconf 64' lang='lat' dir='ltr'><strong><em>pra:-</em></strong></span> 
     </span>
    </p>
   </div>
   <div class='ocr_carea' id='block_1_106' title="bbox 1870 4686 3448 4781">
    <p class='ocr_par' dir='ltr' id='par_1_106' title="bbox 1870 4686 3448 4781">
     <span class='ocr_line' id='line_1_106' title="bbox 1870 4686 3448 4781; baseline -0.01 -15"><span class='ocrx_word' id='word_1_776' title='bbox 1870 4686 2070 4781; x_wconf 85' lang='lat' dir='ltr'><strong><em>cipuis.</em></strong></span> <span class='ocrx_word' id='word_1_777' title='bbox 2107 4706 2250 4775; x_wconf 86' lang='lat' dir='ltr'><strong><em>Quid</em></strong></span> <span class='ocrx_word' id='word_1_778' title='bbox 2299 4705 2445 4761; x_wconf 90' lang='lat' dir='ltr'><strong><em>enim</em></strong></span> <span class='ocrx_word' id='word_1_779' title='bbox 2480 4704 2624 4758; x_wconf 90' lang='lat' dir='ltr'><strong><em>inter</em></strong></span> <span class='ocrx_word' id='word_1_780' title='bbox 2669 4701 2915 4758; x_wconf 86' lang='lat' dir='ltr'><strong><em>membra</em></strong></span> <span class='ocrx_word' id='word_1_781' title='bbox 2963 4707 3151 4754; x_wconf 83' lang='lat' dir='ltr'><strong><em>nostra</em></strong></span> <span class='ocrx_word' id='word_1_782' title='bbox 3181 4707 3448 4769; x_wconf 65' lang='lat' dir='ltr'><strong><em>praestan-</em></strong></span> 
     </span>
    </p>
   </div>
   <div class='ocr_carea' id='block_1_107' title="bbox 1871 4791 3449 4867">
    <p class='ocr_par' dir='ltr' id='par_1_107' title="bbox 1871 4791 3449 4867">
     <span class='ocr_line' id='line_1_107' title="bbox 1871 4791 3449 4867; baseline -0.008 -9"><span class='ocrx_word' id='word_1_783' title='bbox 1871 4805 1982 4858; x_wconf 89' lang='lat' dir='ltr'><strong><em>tius</em></strong></span> <span class='ocrx_word' id='word_1_784' title='bbox 2013 4809 2098 4858; x_wconf 89' lang='lat' dir='ltr'><strong><em>est</em></strong></span> <span class='ocrx_word' id='word_1_785' title='bbox 2132 4798 2349 4855; x_wconf 85' lang='lat' dir='ltr'><strong><em>oculis?</em></strong></span> <span class='ocrx_word' id='word_1_786' title='bbox 2401 4811 2498 4867; x_wconf 89' lang='lat' dir='ltr'><strong><em>per</em></strong></span> <span class='ocrx_word' id='word_1_787' title='bbox 2537 4810 2677 4867; x_wconf 89' lang='lat' dir='ltr'><strong><em>quos</em></strong></span> <span class='ocrx_word' id='word_1_788' title='bbox 2709 4794 2970 4849; x_wconf 90' lang='lat' dir='ltr'><strong><em>nimirum</em></strong></span> <span class='ocrx_word' id='word_1_789' title='bbox 3006 4792 3149 4848; x_wconf 89' lang='lat' dir='ltr'><strong><em>lucis</em></strong></span> <span class='ocrx_word' id='word_1_790' title='bbox 3179 4791 3237 4847; x_wconf 85' lang='lat' dir='ltr'><strong><em>ﬁt</em></strong></span> <span class='ocrx_word' id='word_1_791' title='bbox 3261 4805 3449 4863; x_wconf 65' lang='lat' dir='ltr'><strong><em>perce«</em></strong></span> 
     </span>
    </p>
   </div>
   <div class='ocr_carea' id='block_1_108' title="bbox 1872 4883 3451 4966">
    <p class='ocr_par' dir='ltr' id='par_1_108' title="bbox 1872 4883 3451 4966">
     <span class='ocr_line' id='line_1_108' title="bbox 1872 4883 3451 4966; baseline -0.011 -16"><span class='ocrx_word' id='word_1_792' title='bbox 1872 4897 2009 4966; x_wconf 89' lang='lat' dir='ltr'><strong><em>ptio,</em></strong></span> <span class='ocrx_word' id='word_1_793' title='bbox 2053 4893 2253 4964; x_wconf 88' lang='lat' dir='ltr'><strong><em>quibus</em></strong></span> <span class='ocrx_word' id='word_1_794' title='bbox 2296 4900 2351 4944; x_wconf 90' lang='lat' dir='ltr'><strong><em>et</em></strong></span> <span class='ocrx_word' id='word_1_795' title='bbox 2392 4889 2567 4943; x_wconf 89' lang='lat' dir='ltr'><strong><em>amica</em></strong></span> <span class='ocrx_word' id='word_1_796' title='bbox 2601 4894 2653 4944; x_wconf 92' lang='lat' dir='ltr'><strong><em>et</em></strong></span> <span class='ocrx_word' id='word_1_797' title='bbox 2685 4885 2908 4941; x_wconf 86' lang='lat' dir='ltr'><strong><em>hostilia</em></strong></span> <span class='ocrx_word' id='word_1_798' title='bbox 2950 4883 3323 4956; x_wconf 84' lang='lat' dir='ltr'><strong><em>agnoscimus,</em></strong></span> <span class='ocrx_word' id='word_1_799' title='bbox 3353 4896 3451 4950; x_wconf 88' lang='lat' dir='ltr'><strong><em>per</em></strong></span> 
     </span>
    </p>
   </div>
   <div class='ocr_carea' id='block_1_109' title="bbox 1872 4970 3450 5058">
    <p class='ocr_par' dir='ltr' id='par_1_109' title="bbox 1872 4970 3450 5058">
     <span class='ocr_line' id='line_1_109' title="bbox 1872 4970 3450 5058; baseline -0.01 -16"><span class='ocrx_word' id='word_1_800' title='bbox 1872 5003 2013 5058; x_wconf 86' lang='lat' dir='ltr'><strong><em>quos</em></strong></span> <span class='ocrx_word' id='word_1_801' title='bbox 2066 4985 2135 5039; x_wconf 89' lang='lat' dir='ltr'><strong><em>ab</em></strong></span> <span class='ocrx_word' id='word_1_802' title='bbox 2187 4981 2381 5038; x_wconf 89' lang='lat' dir='ltr'><strong><em>alienis</em></strong></span> <span class='ocrx_word' id='word_1_803' title='bbox 2451 4986 2638 5035; x_wconf 89' lang='lat' dir='ltr'><strong><em>nostra</em></strong></span> <span class='ocrx_word' id='word_1_804' title='bbox 2698 4977 3043 5033; x_wconf 88' lang='lat' dir='ltr'><strong><em>sccernimus</em></strong></span> <span class='ocrx_word' id='word_1_805' title='bbox 3076 5014 3092 5038; x_wconf 91' lang='lat'><strong><em>,</em></strong></span> <span class='ocrx_word' id='word_1_806' title='bbox 3149 4973 3244 5043; x_wconf 91' lang='lat' dir='ltr'><strong><em>qui</em></strong></span> <span class='ocrx_word' id='word_1_807' title='bbox 3291 4970 3450 5026; x_wconf 89' lang='lat' dir='ltr'><strong><em>nobis</em></strong></span> 
     </span>
    </p>
   </div>
   <div class='ocr_carea' id='block_1_110' title="bbox 1877 5061 3445 5145">
    <p class='ocr_par' dir='ltr' id='par_1_110' title="bbox 1877 5061 3445 5145">
     <span class='ocr_line' id='line_1_110' title="bbox 1877 5061 3445 5145; baseline -0.011 -12"><span class='ocrx_word' id='word_1_808' title='bbox 1877 5077 2123 5133; x_wconf 89' lang='lat' dir='ltr'><strong><em>omnium</em></strong></span> <span class='ocrx_word' id='word_1_809' title='bbox 2156 5088 2381 5145; x_wconf 91' lang='lat' dir='ltr'><strong><em>operum</em></strong></span> <span class='ocrx_word' id='word_1_810' title='bbox 2440 5071 2687 5142; x_wconf 86' lang='lat' dir='ltr'><strong><em>magistri</em></strong></span> <span class='ocrx_word' id='word_1_811' title='bbox 2721 5076 2849 5124; x_wconf 88' lang='lat' dir='ltr'><strong><em>sunt</em></strong></span> <span class='ocrx_word' id='word_1_812' title='bbox 2874 5074 2928 5122; x_wconf 89' lang='lat' dir='ltr'><strong><em>et</em></strong></span> <span class='ocrx_word' id='word_1_813' title='bbox 2958 5067 3235 5128; x_wconf 88' lang='lat' dir='ltr'><strong><em>doctores,</em></strong></span> <span class='ocrx_word' id='word_1_814' title='bbox 3264 5061 3445 5116; x_wconf 84' lang='lat' dir='ltr'><strong><em>nobis-</em></strong></span> 
     </span>
    </p>
   </div>
   <div class='ocr_carea' id='block_1_111' title="bbox 1879 5154 3451 5239">
    <p class='ocr_par' dir='ltr' id='par_1_111' title="bbox 1879 5154 3451 5239">
     <span class='ocr_line' id='line_1_111' title="bbox 1879 5154 3451 5239; baseline -0.015 -13"><span class='ocrx_word' id='word_1_815' title='bbox 1879 5183 2115 5239; x_wconf 87' lang='lat' dir='ltr'><strong><em>cumque</em></strong></span> <span class='ocrx_word' id='word_1_816' title='bbox 2145 5167 2260 5221; x_wconf 90' lang='lat' dir='ltr'><strong><em>nati</em></strong></span> <span class='ocrx_word' id='word_1_817' title='bbox 2294 5180 2358 5220; x_wconf 92' lang='lat' dir='ltr'><strong><em>ac</em></strong></span> <span class='ocrx_word' id='word_1_818' title='bbox 2400 5162 2799 5234; x_wconf 84' lang='lat' dir='ltr'><strong><em>inseparabiles</em></strong></span> <span class='ocrx_word' id='word_1_819' title='bbox 2825 5158 3066 5230; x_wconf 79' lang='lat' dir='ltr'><strong><em>expertis</em></strong></span> <span class='ocrx_word' id='word_1_820' title='bbox 3096 5154 3338 5209; x_wconf 87' lang='lat' dir='ltr'><strong><em>omnium</em></strong></span> <span class='ocrx_word' id='word_1_821' title='bbox 3366 5166 3451 5205; x_wconf 88' lang='lat' dir='ltr'><strong><em>er-</em></strong></span> 
     </span>
    </p>
   </div>
   <div class='ocr_carea' id='block_1_112' title="bbox 1880 5243 3451 5324">
    <p class='ocr_par' dir='ltr' id='par_1_112' title="bbox 1880 5243 3451 5324">
     <span class='ocr_line' id='line_1_112' title="bbox 1880 5243 3451 5324; baseline -0.013 -6"><span class='ocrx_word' id='word_1_822' title='bbox 1880 5276 2066 5318; x_wconf 89' lang='lat' dir='ltr'><strong><em>rorum</em></strong></span> <span class='ocrx_word' id='word_1_823' title='bbox 2113 5256 2327 5313; x_wconf 87' lang='lat' dir='ltr'><strong><em>itineris</em></strong></span> <span class='ocrx_word' id='word_1_824' title='bbox 2358 5255 2550 5319; x_wconf 89' lang='lat' dir='ltr'><strong><em>duces,</em></strong></span> <span class='ocrx_word' id='word_1_825' title='bbox 2596 5266 2830 5324; x_wconf 86' lang='lat' dir='ltr'><strong><em>quorum</em></strong></span> <span class='ocrx_word' id='word_1_826' title='bbox 2880 5247 3115 5318; x_wconf 86' lang='lat' dir='ltr'><strong><em>denique</em></strong></span> <span class='ocrx_word' id='word_1_827' title='bbox 3144 5245 3283 5300; x_wconf 91' lang='lat' dir='ltr'><strong><em>situs</em></strong></span> <span class='ocrx_word' id='word_1_828' title='bbox 3314 5243 3451 5313; x_wconf 83' lang='lat' dir='ltr'><strong><em>ipse,</em></strong></span> 
     </span>
    </p>
   </div>
   <div class='ocr_carea' id='block_1_113' title="bbox 1881 5342 3452 5416">
    <p class='ocr_par' dir='ltr' id='par_1_113' title="bbox 1881 5342 3452 5416">
     <span class='ocr_line' id='line_1_113' title="bbox 1881 5342 3452 5416; baseline -0.011 -11"><span class='ocrx_word' id='word_1_829' title='bbox 1881 5351 2275 5413; x_wconf 87' lang='lat' dir='ltr'><strong><em>collocatorum</em></strong></span> <span class='ocrx_word' id='word_1_830' title='bbox 2305 5347 2562 5403; x_wconf 85' lang='lat' dir='ltr'><strong><em>videlicet</em></strong></span> <span class='ocrx_word' id='word_1_831' title='bbox 2601 5360 2767 5416; x_wconf 89' lang='lat' dir='ltr'><strong><em>supra</em></strong></span> <span class='ocrx_word' id='word_1_832' title='bbox 2814 5342 3153 5411; x_wconf 89' lang='lat' dir='ltr'><strong><em>reliquorum</em></strong></span> <span class='ocrx_word' id='word_1_833' title='bbox 3191 5350 3452 5392; x_wconf 90' lang='lat' dir='ltr'><strong><em>sensuum</em></strong></span> 
     </span>
    </p>
   </div>
   <div class='ocr_carea' id='block_1_114' title="bbox 1882 5426 3455 5513">
    <p class='ocr_par' dir='ltr' id='par_1_114' title="bbox 1882 5426 3455 5513">
     <span class='ocr_line' id='line_1_114' title="bbox 1882 5426 3455 5513; baseline -0.013 -16"><span class='ocrx_word' id='word_1_834' title='bbox 1882 5457 2110 5513; x_wconf 88' lang='lat' dir='ltr'><strong><em>organa,</em></strong></span> <span class='ocrx_word' id='word_1_835' title='bbox 2141 5438 2578 5511; x_wconf 83' lang='lat' dir='ltr'><strong><em>praestantiorem</em></strong></span> <span class='ocrx_word' id='word_1_836' title='bbox 2616 5437 2670 5492; x_wconf 92' lang='lat' dir='ltr'><strong><em>in</em></strong></span> <span class='ocrx_word' id='word_1_837' title='bbox 2717 5436 2827 5490; x_wconf 87' lang='lat' dir='ltr'><strong><em>vita</em></strong></span> <span class='ocrx_word' id='word_1_838' title='bbox 2878 5431 3041 5487; x_wconf 89' lang='lat' dir='ltr'><strong><em>nobis</em></strong></span> <span class='ocrx_word' id='word_1_839' title='bbox 3074 5443 3232 5484; x_wconf 91' lang='lat' dir='ltr'><strong><em>usum</em></strong></span> <span class='ocrx_word' id='word_1_840' title='bbox 3260 5426 3455 5480; x_wconf 88' lang='lat' dir='ltr'><strong><em>horum</em></strong></span> 
     </span>
    </p>
   </div>
   <div class='ocr_carea' id='block_1_115' title="bbox 1881 5514 3455 5601">
    <p class='ocr_par' dir='ltr' id='par_1_115' title="bbox 1881 5514 3455 5601">
     <span class='ocr_line' id='line_1_115' title="bbox 1881 5514 3455 5601; baseline -0.015 -10"><span class='ocrx_word' id='word_1_841' title='bbox 1881 5550 2003 5592; x_wconf 89' lang='lat' dir='ltr'><strong><em>esse</em></strong></span> <span class='ocrx_word' id='word_1_842' title='bbox 2034 5535 2395 5592; x_wconf 82' lang='lat' dir='ltr'><strong><em>demonstrat.</em></strong></span> <span class='ocrx_word' id='word_1_843' title='bbox 2448 5531 2627 5601; x_wconf 83' lang='lat' dir='ltr'><strong><em>Atque</em></strong></span> <span class='ocrx_word' id='word_1_844' title='bbox 2671 5528 2785 5581; x_wconf 62' lang='lat' dir='ltr'><strong><em>haec</em></strong></span> <span class='ocrx_word' id='word_1_845' title='bbox 2817 5523 2910 5594; x_wconf 84' lang='lat' dir='ltr'><strong><em>qui</em></strong></span> <span class='ocrx_word' id='word_1_846' title='bbox 2948 5521 3195 5582; x_wconf 85' lang='lat' dir='ltr'><strong><em>audiunt,</em></strong></span> <span class='ocrx_word' id='word_1_847' title='bbox 3231 5514 3455 5571; x_wconf 85' lang='lat' dir='ltr'><strong><em>oumiun</em></strong></span> 
     </span>
    </p>
   </div>
   <div class='ocr_carea' id='block_1_116' title="bbox 1882 5604 3453 5703">
    <p class='ocr_par' dir='ltr' id='par_1_116' title="bbox 1882 5604 3453 5703">
     <span class='ocr_line' id='line_1_116' title="bbox 1882 5604 3453 5703; baseline -0.017 -14"><span class='ocrx_word' id='word_1_848' title='bbox 1882 5631 2195 5703; x_wconf 86' lang='lat' dir='ltr'><strong><em>perspicere</em></strong></span> <span class='ocrx_word' id='word_1_849' title='bbox 2239 5628 2393 5685; x_wconf 90' lang='lat' dir='ltr'><strong><em>nullo</em></strong></span> <span class='ocrx_word' id='word_1_850' title='bbox 2430 5621 2650 5695; x_wconf 85' lang='lat' dir='ltr'><strong><em>negotio</em></strong></span> <span class='ocrx_word' id='word_1_851' title='bbox 2692 5624 2925 5693; x_wconf 89' lang='lat' dir='ltr'><strong><em>possunt</em></strong></span> <span class='ocrx_word' id='word_1_852' title='bbox 2968 5614 3036 5673; x_wconf 90' lang='lat' dir='ltr'><strong><em>ad</em></strong></span> <span class='ocrx_word' id='word_1_853' title='bbox 3069 5625 3320 5686; x_wconf 59' lang='lat' dir='ltr'><strong><em>quaenam</em></strong></span> <span class='ocrx_word' id='word_1_854' title='bbox 3354 5604 3453 5663; x_wconf 83' lang='lat' dir='ltr'><strong><em>Ec-</em></strong></span> 
     </span>
    </p>
   </div>
  </div>
