3866 6356
429 404 534 461 9m

1661 409 1718 466 S.
1751 410 2085 471 GREGOBII
2105 414 2150 471 Ν
2160 414 2396 476 Ῡ88ΕΝΙ

3590 422 3686 480 Μ

426 522 615 579 etesia:
642 523 884 576 membra
910 522 1024 577 haec
1054 523 1343 580 oculorum
1376 525 1500 582 laus
1531 528 1826 597 pertineat.
1878 532 2007 587 Erat

2114 537 2353 607 βλέπων·
2378 541 2520 594 οὕτω
2550 541 2661 614 γάρ
2685 542 3025 615 ὠνομάζετο·
3053 543 3332 614 ὀφθαλμὸς
3357 543 3386 597 6
3412 539 3686 613 ’Ῐεζεκῑὴλι

432 612 654 667 Samuel
687 611 778 666 ille
819 613 1012 670 videns
1048 614 1152 685 (sic
1180 617 1329 671 enim
1359 620 1784 695 appellabatur),
1814 640 2007 682 revera

427 704 622 759 oculus
654 720 669 757 :
700 712 818 758 erat
843 705 1040 762 oculus
1070 705 1342 775 Ezechiel,
1376 712 1471 781 qui
1502 727 1533 765 a
1561 710 1673 769 Deo
1701 714 1758 768 in
1784 719 2007 786 specula

425 792 729 847 collocatus
774 802 895 849 erat
943 796 1018 852 ob
1065 798 1300 855 salutem
1346 802 1590 869 illorum,
1630 805 1723 876 qui
1774 808 1844 863 ah
1888 808 2009 879 ipso

424 882 879 940 custodiebantur
911 905 924 941 :
956 897 1076 944 erat
1120 892 1321 949 oculus
1348 892 1607 952 Michaeas
1652 896 1746 953 ille
1786 899 2003 964 videns,

422 989 475 1027 ct
521 973 703 1030 Moses
757 976 847 1033 ille
895 990 1180 1048 spectans,
1225 983 1320 1052 qui
1367 985 1593 1054 quidem
1640 990 1888 1045 eamdem
1937 994 2010 1047 ob

422 1083 644 1122 causam
677 1070 843 1130 etiam
885 1069 1026 1127 deus
1052 1074 1362 1142 appellatus
1397 1075 1502 1132 fuit
1534 1094 1548 1132 :
1591 1088 1724 1134 sunt
1765 1080 2009 1153 denique

423 1157 590 1222 oculi,
624 1173 817 1217 omnes
855 1161 934 1214 illi
963 1163 1059 1232 qui
1099 1164 1167 1218 ad
1209 1167 1470 1236 populum
1517 1169 1829 1226 ducendum
1860 1173 2005 1228 ordi-

424 1248 536 1301 nati
571 1258 720 1313 sunt,
757 1266 898 1322 quos
924 1253 1089 1309 etiam
1121 1255 1374 1315 homines
1420 1259 1501 1315 illi
1544 1262 1710 1331 prisci
1748 1262 2009 1320 Videntes

424 1341 804 1401 nominabant.
855 1342 1045 1400 [tidem
1095 1346 1198 1403 hoc
1243 1356 1492 1420 tempore
1514 1361 1785 1424 quotquot
1815 1355 1870 1410 in
1903 1353 2008 1411 Ec-

423 1432 606 1487 clesia:
634 1447 869 1504 corpore
895 1435 1074 1491 locum
1114 1438 1332 1494 illorum
1367 1443 1609 1512 explent,
1642 1452 1697 1499 et
1723 1445 1792 1499 ad
1825 1446 2010 1518 inspe-

423 1524 667 1580 ctionem
699 1527 988 1582 constituti
1019 1539 1173 1595 sunt,
1212 1532 1434 1603 proprie
1466 1534 1756 1591 oculorum
1786 1536 2010 1591 nomine

423 1624 721 1672 censentur
749 1637 763 1674 :
794 1619 842 1675 si
872 1620 1093 1690 quidem
1141 1635 1400 1680 accurate
1429 1624 1613 1681 Solem
1658 1626 1891 1697 iustitiae
1924 1629 2009 1683 iu-

423 1714 673 1770 tuentur,
718 1722 784 1764 ac
830 1725 1177 1782 nequaquam
1221 1713 1279 1769 in
1333 1716 1594 1785 Operibus
1647 1718 2009 1775 tenebricosis

423 1797 741 1866 caecutiunt,
804 1798 852 1853 si
906 1800 978 1856 ab
1023 1801 1208 1856 alieno
1256 1813 1407 1859 recte
1453 1813 1644 1860 nostra
1687 1818 2007 1875 secernunt,

2114 631 2145 683 6
2177 634 2398 687 σκοπεῖν
2441 633 2547 686 ὑπὸ
2579 634 2676 688 τοῦ
2724 634 2858 690 Θεοῦ
2915 636 3249 707 τεταγμένος
3272 676 3290 702 ,
3338 635 3432 688 ἐπὶ
3481 634 3552 704 τῇ
3588 631 3689 687 τῶν

2096 721 2535 815 4φυλασσομένων
2575 727 2704 799 παρ’
2736 725 2899 780 αὐτοῦ
2934 727 3178 798 σωτηρίᾳ
3201 743 3215 756 ·
3270 724 3557 796 ὀφθαλμὸς
3590 725 3689 778 Mt-

2115 816 2274 887 χαίας
2294 818 2322 870 6
2348 817 2513 890 ὀρῶν,
2551 819 2647 873 καὶ
2690 821 2929 892 Μωῦσῆς
2959 821 2988 873 6
3018 819 3290 891 θεώμενος
3315 860 3330 883 ,
3362 819 3392 871 6
3421 817 3517 871 διὰ
3540 816 3688 870 τοῦτο

2116 908 2211 961 καί
2239 909 2363 973 θεὸς
2391 909 2777 983 ὠνομασμένος
2800 928 2813 942 ’
2854 910 3119 982 ὀφθαλμοὶ
3155 911 3355 974 πάντες
3380 912 3584 963 ἐκεῖνοι
3602 948 3617 973 ,
3643 911 3688 962 οἱ

2115 1001 2196 1063 εἰς
2237 1000 2465 1070 ὀδηγίαν
2492 1002 2588 1056 τοῦ
2625 1003 2753 1058 λαοῦ
2781 1002 3141 1074 τεταγμένοι,
3185 1001 3280 1065 οὓς
3327 999 3687 1073 καὶκόρῶντας

2114 1091 2396 1162 ὠνόμαζον
2436 1094 2486 1147 οἱ
2511 1093 2633 1148 τότε
2677 1093 2952 1165 ἄνθρωποι
2975 1113 2989 1126 ·
3021 1094 3115 1147 καὶ
3149 1091 3245 1146 νῦν
3289 1093 3340 1145 oi
3367 1091 3464 1145 τὸν
3493 1093 3689 1145 ἐκεῐνον

2114 1185 2278 1238 τόπον
2326 1186 2767 1259 ἀναπληροῦντες
2803 1187 2881 1258 τῷ
2931 1186 3141 1257 σώματι
3189 1186 3288 1257 τῆς
3328 1183 3686 1253 Ἐκκλησίαςι

2115 1276 2209 1341 καὶ
2234 1277 2553 1331 ἐπισκοπεῖν
2575 1279 2920 1347 τεταγμένοι,
2949 1276 3216 1348 ὀφθαλμώ¹
3240 1276 3445 1347 κυρίως
3474 1291 3689 1334 κατονο-

2118 1364 2419 1436 μάζονται,
2469 1368 2566 1421 ἐὰν
2610 1368 2854 1439 ἀκριϐῶς
2888 1369 3025 1441 πρὸς
3068 1367 3159 1420 τὸν
3203 1358 3303 1435 τῆς
3347 1364 3689 1435 δικαιοσύνης

2113 1458 2266 1528 ἥλιον
2314 1458 2591 1529 βλέπωσι,
2645 1459 2894 1531 μηδαμοῦ
2950 1461 3063 1523 τοῖς
3095 1458 3277 1529 ἔργοις
3326 1454 3421 1510 τοῦ
3471 1455 3688 1517 σκότους

2115 1549 2637 1621 ἐναμϐλυωποῦντες
2660 1570 2674 1583 ·
2700 1553 2795 1606 καὶ
2835 1554 2885 1605 εἰ
2917 1552 3242 1623 διακρίνσιιν
3277 1549 3371 1603 τοῦ
3408 1548 3686 1620 ἀλλοτρίου

2115 1639 2176 1695 τὸ
2215 1641 2345 1701 ἴδιον
2367 1681 2385 1707 ,
2416 1642 2475 1703 ἐν
2506 1641 2585 1712 τῷ
2622 1642 2911 1711 γινώσκειν
2934 1683 2950 1706 ,
2996 1644 3079 1699 ὅτι
3118 1643 3227 1703 πᾶν
3264 1641 3550 1713 ἀλλότριόν
3582 1642 3688 1698 ἐστι

2114 1731 2217 1803 τῆς
2239 1731 2455 1802 φύσεως
2482 1733 2660 1803 ἡμῶν,
2683 1733 2746 1787 τὸ
2773 1732 3095 1805 φαινόμενόν
3119 1750 3179 1786 τε
3212 1732 3306 1786 καὶ
3334 1732 3683 1804 πρόσκαιρον·

2117 1825 2245 1879 ῐδιον
2266 1824 2323 1879 δὲ
2348 1824 2408 1879 τὸ
2432 1825 2502 1878 δι’
2534 1824 2747 1891 ἐλπίδος
2776 1825 3132 1898 προκείμενον
3161 1866 3175 1888 ,
3204 1819 3264 1883 οἶ)
3295 1826 3328 1894 ἡ
3361 1823 3560 1898 κτῆσις
3594 1820 3681 1897 μέ-

423 1889 557 1941 dum
589 1899 901 1960 agnoscunt
948 1892 1003 1947 id
1031 1909 1195 1950 omne
1232 1910 1262 1948 a
1298 1905 1498 1951 natura
1542 1904 1735 1953 nostra
1765 1898 2005 1954 alienum

2114 1933 2195 1971 νει
2236 1916 2375 1988 πρὸς
2400 1915 2463 1969 τὸ
2486 1889 2737 1987 διηνεκὲς
2759 1889 3138 1988 ἀναφαίρετος.
3185 1889 3509 1985 Ὀφθαλμῶν
3538 1889 3687 1984 ἔργον

422 1992 546 2035 esse
588 1980 734 2051 quod
778 1985 884 2039 sub
919 1992 1207 2055 aspectum
1243 1986 1413 2052 cadit,
1464 1996 1519 2043 et
1560 1998 2009 2045 momentaneum

422 2078 528 2138 cst,
585 2073 807 2143 proprie
843 2089 975 2129 vero
1016 2086 1271 2131 nostrum
1304 2079 1572 2151 quidquid
1599 2095 1699 2152 per
1728 2097 1881 2152 spem
1913 2098 2013 2139 uo-

421 2162 509 2219 bis
538 2171 626 2219 est
668 2166 1049 2236 propositum,
1101 2167 1259 2237 cujus
1308 2173 1590 2238 possessio
1637 2175 1799 2230 nobis
1844 2175 2011 2232 adimi

423 2269 704 2325 nunquam
735 2255 937 2326 pateat.
975 2257 1149 2313 Etiam
1184 2260 1249 2316 ad
1295 2262 1487 2319 oculos
1526 2264 1765 2334 pertinet
1803 2267 2012 2337 agnitio

423 2346 585 2402 amici
613 2348 855 2406 hominis
885 2358 939 2406 et
967 2351 1175 2417 infesti,
1209 2361 1270 2407 ut
1298 2370 1487 2410 verum
1519 2358 1741 2427 quidem
1772 2360 2009 2413 amicum

422 2443 540 2492 toto
568 2440 733 2494 corde
759 2448 925 2510 atque
963 2443 1133 2497 animi
1161 2443 1420 2501 facultate
1464 2446 1780 2519 diligamus,
1823 2449 2010 2504 odium

422 2542 552 2584 vero
620 2530 925 2601 perfectum
995 2533 1264 2590 adversus
1327 2536 1542 2595 hostem
1609 2538 1735 2594 vitae
1807 2547 2011 2598 nostra;

420 2636 799 2682 exerceamus.
833 2624 1042 2683 Praeter
1071 2627 1195 2683 haec
1217 2628 1472 2700 quisquis
1500 2646 1588 2687 res
1610 2633 1851 2703 agendas
1874 2649 2011 2704 pra:-

421 2713 633 2780 scribit,
676 2723 733 2770 et
779 2731 844 2772 ea
892 2717 1076 2784 docet,
1132 2733 1255 2789 quas
1300 2719 1619 2791 expediunt,
1669 2732 1724 2779 et
1768 2723 1879 2780 dux
1923 2735 2011 2782 est

422 2808 633 2864 itineris
664 2808 732 2863 ad
788 2809 955 2865 Deum
989 2829 1002 2865 :
1035 2812 1083 2867 is
1129 2813 1250 2880 puri
1296 2827 1366 2868 ac
1413 2815 1534 2869 sani
1587 2816 1735 2870 oculi
1781 2832 2012 2875 munere

424 2899 683 2969 praeclare
719 2898 989 2971 fungitur,
1027 2902 1156 2957 dum
1189 2904 1371 2959 instar
1395 2919 1788 2976 corporeorum
1819 2910 2010 2965 oculo-

427 3008 544 3045 rum
580 2992 804 3047 sublimi
840 2995 1080 3064 quadam
1112 2996 1330 3051 vivendi
1364 2996 1582 3053 ratione
1621 2999 1838 3057 caeteris
1870 3016 2009 3070 prae-

372 3148 375 3157 ι
422 3084 589 3140 lucet.
639 3083 753 3149 llas
791 3085 862 3140 ob
892 3100 1092 3144 causas
1124 3103 1341 3159 sponsae
1372 3089 1839 3161 pulchritudinem
1876 3091 2010 3148 Ver-

421 3176 551 3229 bum
576 3174 647 3231 ab
676 3180 779 3238 hac
802 3184 959 3248 parte
986 3180 1285 3249 praedicare
1306 3182 1523 3253 incipit,
1552 3197 1677 3286 cum
1704 3183 1780 3238 ait
1806 3202 1819 3238 :
1852 3183 2009 3240 Oculi
2036 3232 2079 3289 ο

423 3267 503 3322 tui
528 3268 808 3327 columbae.
854 3270 992 3327 Cum
1020 3274 1166 3328 enim
1198 3274 1382 3330 videat
1422 3290 1539 3342 eos,
1575 3274 1670 3345 qui
1715 3277 2003 3337 oculorum

422 3375 654 3415 munere
701 3359 1025 3434 funguntur,
1075 3366 1347 3422 innocuos
1399 3366 1455 3421 in
1505 3367 1653 3423 bono
1682 3383 1826 3432 csse,
1886 3384 2005 3423 am-

421 3452 616 3521 plevus
648 3452 867 3509 illorum
913 3465 968 3511 et
995 3456 1406 3528 simplicitatem
1450 3466 1507 3515 et
1541 3458 1915 3516 innocentiam
1950 3461 2006 3517 in

422 3540 673 3597 moribus
702 3543 987 3602 columbas
1021 3528 1280 3615 appellat.
1315 3544 1528 3602 Etenim
1561 3547 1827 3605 innocens
1852 3563 2005 3619 quae-

420 3623 546 3688 dam
578 3635 904 3707 simplicitas
932 3638 1204 3703 columbis
1239 3639 1535 3710 peculiaris
1558 3656 1623 3697 ac
1654 3642 1877 3713 prepria
1897 3650 2002 3698 est.

424 3726 519 3782 Vel
553 3725 811 3784 fortassis
837 3729 1004 3785 etiam
1033 3730 1352 3801 hujusmodi
1386 3731 1636 3803 quaedam
1673 3735 1794 3791 laus
1828 3735 2007 3790 oculis

418 3818 701 3874 tribuitur.
750 3819 1020 3877 Nimirum
1054 3837 1180 3878 cum
1213 3822 1481 3893 imagines
1515 3838 1700 3880 rerum
1731 3827 2004 3892 omnium,

418 3923 540 3976 quae
578 3910 682 3964 sub
713 3919 996 3980 aspectum
1024 3911 1253 3976 cadunt,
1297 3927 1493 3982 puram
1526 3914 1581 3968 in
1624 3916 1887 3985 pupillam
1918 3917 2004 3971 in-

417 3996 707 4066 cidentes,
753 3997 975 4054 videndi
1014 4007 1200 4054 actum
1249 4002 1544 4058 absolvunt
1587 4022 1601 4058 :
1648 3987 1878 4063 necesse
1919 4014 2006 4064 est

419 4102 649 4158 prorsus
675 4088 946 4159 quidquid
992 4090 1193 4161 aliquis
1240 4092 1552 4159 intueatur,
1601 4096 1723 4165 ejus
1774 4096 2004 4154 formam

420 4181 606 4248 ipsum
633 4179 881 4250 recipere
914 4195 1012 4250 per
1038 4180 1259 4237 oculum
1279 4223 1296 4250 ,
1337 4184 1738 4253 exprimentem
1769 4189 1899 4243 visa:
1927 4190 2007 4244 rei

422 4269 686 4341 speciem,
712 4271 858 4327 sicut
884 4272 940 4328 in
971 4273 1199 4344 speculo
1225 4275 1477 4332 videmus
1514 4277 1786 4334 accidere.
1824 4278 2007 4345 Quare

418 4376 546 4417 cum
593 4362 641 4420 is
670 4363 766 4434 qui
795 4378 998 4422 munus
1031 4366 1138 4422 hoc
1180 4366 1399 4423 videndi
1442 4377 1774 4426 consecutus
1819 4379 1905 4428 est
1947 4374 2004 4427 in

419 4453 689 4523 Ecclesia,
725 4456 936 4511 nullam
968 4457 1038 4514 ad
1076 4473 1192 4515 rem
1220 4474 1465 4515 crassam
1492 4468 1547 4515 et
1565 4475 1885 4532 corpoream
1919 4480 2009 4520 re-

2111 2008 2205 2064 καὶ
2233 2008 2294 2063 τὸ
2326 2008 2704 2077 διαγινώσκειν
2732 2009 2826 2063 τὸν
2863 2007 3039 2076 φίλιόν
3066 2023 3126 2060 τε
3159 2007 3252 2060 καὶ
3282 2005 3371 2059 τὸν
3409 2005 3683 2075 πολέμιον,

2110 2097 2252 2153 ὥστε
2285 2100 2505 2171 ἀγαπᾷν
2557 2098 2657 2171 μὲν
2707 2098 2797 2153 τὸν
2841 2096 3091 2168 ἀληθινὸν
3123 2095 3273 2166 φίλον
3314 2095 3373 2160 ἐξ
3399 2095 3534 2165 ὅλης
3564 2113 3687 2164 καρ-

2110 2190 2229 2257 δίας
2267 2208 2327 2244 τε
2367 2191 2461 2245 καὶ
2508 2189 2689 2261 ψυχῆς
2733 2190 2827 2243 καὶ
2858 2190 3174 2259 δυνάμεως,
3201 2186 3403 2241 τέλειον
3437 2186 3497 2240 δὲ
3542 2189 3686 2257 μῖσος

2112 2282 2253 2339 κατά
2275 2282 2369 2336 τοῦ
2396 2281 2588 2354 ἐχθροῦ
2616 2283 2713 2355 τῆς
2738 2282 2881 2353 ζωῆς
2898 2280 3057 2352 ἡμῶν
3101 2277 3685 2335 ἐπιδείκνυσθαι.Ἀλλὰ

2111 2375 2206 2430 καὶ
2234 2376 2263 2427 6
2294 2373 2404 2427 τῶν
2434 2372 2725 2444 πρακτέων
2758 2371 3079 2443 ὑφηγητὴς.
3127 2371 3219 2427 καὶ
3248 2369 3352 2424 τῶν
3382 2369 3683 2440 συμφερόν-

2109 2484 2220 2533 των
2240 2465 2555 2528 διδάσκαλος
2578 2506 2592 2528 ,
2629 2465 2723 2516 καλ⁵
2758 2464 2857 2534 τῆς
2886 2463 2978 2515 érzl.
3010 2463 3099 2515 τὸν
3133 2461 3265 2515 Θεὸν
3314 2462 3543 2531 πορείας
3580 2476 3682 2529 χει-

2117 2560 2362 2630 ραγωγδς
2386 2601 2400 2624 ,
2432 2556 2527 2610 τοῦ
2555 2554 2798 2626 καθαροῦ
2831 2571 2890 2607 τε
2921 2555 3015 2607 καὶ
3044 2554 3372 2622 ὑγιαίνοντος
3402 2548 3678 2621 ὀφθαλμοῦ

2111 2651 2173 2705 τὸ
2220 2650 2380 2723 ἔργον
2428 2649 2496 2717 δι’
2527 2646 2814 2718 ἀκριϐείας
2864 2648 3044 2710 ποιεῖ,
3079 2644 3200 2698 καθ’
3237 2642 3533 2715 ὁμοιότητα
3582 2640 3679 2697 τῶν

2114 2741 2444 2816 σωματικῶν
2474 2739 2735 2811 ὀμμάτων
2760 2738 2863 2809 τῆς
2896 2736 3107 2808 ὑψηλῆς
3138 2732 3409 2796 πολιτείας
3440 2732 3552 2786 τῶν
3578 2730 3679 2789 λοι-

2111 2833 2230 2887 πῶν
2260 2831 2713 2909 προφαινόμενος.
2741 2828 2842 2882 Διὰ
2877 2827 3036 2881 τοῦτο
3085 2824 3328 2879 ἐντεῦθεν
3377 2823 3620 2877 ἐπαινεῖν
3654 2824 3682 2876 6

2110 2922 2285 2991 Λόγος
2310 2922 2372 2974 τὸ
2413 2921 2508 2991 τῆς
2563 2920 2781 2995 νύμφης
2807 2918 3039 2991 ἄρχεται,
3073 2915 3265 2979 κάλλος
3286 2955 3301 2979 ,
3342 2913 3433 2967 καί
3479 2929 3640 2984 φησιν
3663 2930 3676 2944 ·

2124 3012 2443 3082 Ὀφθαλμοί
2486 3024 2602 3065 σου
2631 3007 3005 3077 περιστεραιο
3049 3003 3339 3077 ἀκεραίους
3366 3003 3475 3075 γὰρ
3512 3005 3592 3067 εἰς
3625 3003 3680 3055 τὸ

2112 3105 2285 3171 κακὸν
2306 3084 2431 3165 τοὺς
2451 3104 2509 3154 ἐν
2535 3098 2829 3170 ὀφθαλμῶν
2853 3085 3003 3165 τάξει
3026 3093 3505 3168 προϐεϐλημένους
3523 3093 3675 3165 ὀρῶν,

2110 3197 2210 3268 τὴν
2249 3193 2531 3266 ἀπλότητά
2570 3209 2629 3246 τε
2660 3192 2755 3261 καὶ
2790 3191 2852 3244 τὺ
2893 3190 3149 3263 ἀκέραιον
3180 3185 3272 3239 τοῦ
3305 3185 3472 3257 ῆθους
3511 3183 3678 3240 αὐτῶν

2102 3283 2515 3357 ,ἀποδεξάμενος
2551 3321 2568 3348 ,
2635 3279 2963 3356 περιστεράς
3022 3276 3404 3349 κατωνόμασεν
3467 3272 3674 3335 αὐτούς.

2116 3377 2278 3431 Ἵδιον
2323 3375 2432 3446 γάρ
2486 3376 2604 3446 ἐστι
2634 3370 2972 3445 περιστερῶν
3004 3370 3064 3423 τὸ
3117 3368 3394 3441 ἀκέραιον.
3426 3368 3501 3420 Ἦ
3546 3366 3675 3436 τάχα

2112 3462 2351 3519 τοιοῦτόν
2372 3458 2494 3531 τινα
2515 3463 2543 3514 6
2563 3461 2719 3530 λόγος
2750 3462 3017 3533 μαρτυρεῖ
3039 3461 3151 3523 τοῖς
3174 3458 3413 3529 ϐμμασιν
3441 3456 3672 3510 ἔπαινον.

2125 3554 2341 3627 Ἐπειδὴ
2366 3553 2475 3625 γὰρ
2506 3553 2724 3607 πάντων
2750 3550 2860 3606 τῶν
2890 3550 3098 3623 ὁρατῶν
3146 3551 3202 3604 ai
3233 3549 3435 3612 εἰκόνες
3474 3547 3553 3619 τῷ
3584 3562 3673 3600 κα·

2114 3644 2264 3718 θαρῷ
2306 3647 2405 3716 τῆς
2438 3644 2608 3716 κόρης
2644 3644 3057 3716 ἐμπίπτουσαι,
3105 3643 3203 3712 τὴν
3241 3641 3500 3713 ὁρατικὴν
3533 3639 3675 3710 ἐνέρο

2111 3756 2267 3809 γειαν
2318 3735 2709 3792 ἀποτελοῦσιν⁹
2753 3737 2971 3821 ἀνάγκη
3009 3737 3157 3789 πᾶσα
3186 3735 3320 3805 πρὸς
3352 3734 3381 3787 ὅ
3426 3751 3513 3797 τις
3559 3731 3669 3821 ὀρτξ,

2110 3829 2300 3884 τούτου
2328 3827 2427 3900 τὴν
2452 3826 2666 3899 μορφὴν
2699 3819 3101 3896 ἀναλαμϐάνειν
3143 3825 3231 3878 διὰ
3261 3824 3352 3885 τοῦ
3384 3819 3672 3899 ὀφθαλμοῦ,

2112 3920 2420 3990 κατόπτρου
2446 3918 2602 3988 δίκην
2635 3916 2730 3971 τοῦ
2766 3917 3090 3988 φαινομένου
3122 3915 3183 3969 τὺ
3210 3911 3346 3979 εἶδος
3378 3912 3673 3985 ἀναμασσό-

2114 4029 2294 4084 μενος.
2323 4012 2495 4065 ’Ὅταν
2537 4008 2720 4064 τοίνυν
2761 4010 2791 4062 ὀ
2821 4010 2920 4080 τὴν
2953 4008 3182 4079 ὀπτικήν
3214 4008 3416 4078 ταύτην
3443 4003 3673 4075 ἐξουσίαν

2110 4105 2206 4158 ἐπὶ
2233 4105 2333 4175 τῆς
2372 4100 2697 4171 Ἐκκλησίας
2743 4099 2959 4168 λαϐὼν,
3005 4100 3139 4171 πρὸς
3177 4099 3337 4170 μηδὲν
3363 4097 3560 4161 ὑλῶδες
3590 4092 3671 4149 καὶ

2112 4192 2423 4266 σωματικὸν
2473 4192 2646 4265 βλέπῃ
2667 4210 2681 4224 ο
2713 4193 2742 4244 ὀ
2788 4191 3156 4262 πνευματικός
3201 4206 3260 4242 τε
3308 4190 3402 4243 καὶ
3441 4187 3599 4248 ἄῦλος
3621 4185 3671 4237 ὲν

2110 4285 2259 4357 αὐτῷ
2304 4283 2665 4357 κατορθοῦται
2696 4282 2829 4353 βίος.
2873 4282 2939 4335 Ἦ
2982 4281 3041 4335 δὲ
3081 4278 3304 4350 τοιαύτη
3346 4277 3459 4349 ζωὴ
3497 4280 3563 4351 τῇ
3588 4274 3671 4329 τοῦ

2112 4377 2272 4446 ἁγίου
2301 4376 2619 4447 Πνεύματος
2661 4374 2846 4446 χάριτι
2883 4371 3346 4445 καταμορφοῦται.
3397 4369 3601 4429 Οὐκοῦν
3647 4368 3672 4419 6

2107 4470 2443 4533 τελειότατος
2472 4467 2580 4521 τῶν
2613 4466 2913 4538 ὀφθαλμῶν
2961 4467 3111 4520 ἐστιν
3164 4463 3417 4527 ἔπαινος,
3450 4462 3513 4516 τὸ
3551 4460 3671 4543 πρὸς

418 4546 586 4616 spicit
616 4566 630 4603 :
664 4546 949 4619 perficitur
977 4548 1031 4604 in
1054 4564 1123 4606 eo
1151 4550 1262 4606 vita
1279 4551 1602 4621 spiritualis,
1624 4560 1680 4611 et
1709 4555 1779 4609 ab
1805 4556 2007 4613 exteris

2111 4561 2210 4631 τὴν
2241 4559 2336 4612 τοῦ
2368 4558 2685 4630 Πνεύματος
2720 4557 2815 4611 τοῦ
2870 4557 3028 4626 ἀγίου
3082 4556 3243 4627 χάριν
3297 4552 3669 4626 μεμορφῶσθαι

417 4639 736 4711 crassisque
765 4642 933 4700 rebus
965 4644 1169 4700 aliena.
1212 4643 1289 4699 Ea
1335 4659 1468 4700 vero
1492 4646 1600 4701 vita
1635 4662 1732 4718 per
1767 4648 2009 4718 Spiritus

419 4732 599 4786 sancti
628 4732 860 4802 gratiam
897 4734 1294 4791 conformatur.
1329 4736 1698 4805 Quamobrem
1728 4742 1850 4798 laus
1878 4757 2011 4797 ocu-

418 4822 597 4878 lorum
648 4823 1051 4893 perfectissima
1107 4836 1235 4898 est,
1292 4843 1417 4885 esse
1469 4830 1667 4886 horum
1723 4832 2008 4889 hominum

416 4913 544 4970 vita:
574 4914 814 4984 speciem
855 4916 1255 4974 conformatam
1290 4920 1360 4975 ad
1409 4922 1587 4977 sancti
1620 4920 1858 4995 Spiritus
1884 4940 2010 4995 gra-

418 5005 573 5062 tiam.
606 5005 889 5077 Siquidem
920 5008 1175 5065 columba
1192 5018 1277 5066 est
1304 5009 1544 5082 Spiritus
1578 5021 1825 5072 sanctus.
1855 5015 2005 5073 Prte-

416 5097 637 5154 dicatur
676 5107 860 5156 autem
896 5110 1129 5173 uterque
1161 5090 1380 5170 oculus,
1409 5111 1468 5158 ut
1507 5113 1657 5162 totus
1685 5109 1849 5164 homo
1882 5110 2006 5166 lau-

396 5188 512 5245 ‘dis
545 5187 638 5246 fiat
669 5190 968 5262 particeps,
1013 5202 1129 5247 tum
1161 5193 1210 5248 is
1243 5193 1339 5264 qui
1370 5205 1598 5266 apparet
1632 5199 2004 5270 extrinsecus,

420 5288 532 5333 tum
578 5295 743 5349 quem
793 5289 977 5337 mente
1023 5281 1405 5353 intelligimus.
1470 5282 1685 5340 Etenim
1735 5287 1889 5343 illam
1936 5290 2009 5345 ob

419 5384 644 5426 causam
680 5372 737 5426 in
786 5371 890 5430 hac
932 5374 1250 5430 laudatione
1294 5376 1628 5433 mentionem
1675 5376 1806 5434 facit
1843 5380 2008 5436 etiam

422 5461 651 5519 alterius
684 5463 973 5534 cujusdam
1002 5466 1364 5531 excellentiae,
1398 5482 1524 5531 cum
1556 5468 1633 5523 ait
1662 5487 1677 5523 :
1721 5470 1930 5526 Ρτωιεν
1953 5472 2009 5525 id

422 5555 561 5613 quod
588 5554 644 5606 in
669 5562 718 5607 te
737 5555 1005 5609 reticetur.
1034 5554 1170 5611 Nam
1198 5557 1306 5612 vita
1330 5557 1475 5614 bona
1501 5560 1701 5630 partim
1726 5561 2009 5619 hominum

424 5638 603 5694 oculis
632 5643 879 5710 exposita
909 5652 994 5699 est
1039 5653 1094 5700 et
1138 5654 1290 5710 nota,
1339 5647 1537 5717 partim
1570 5651 1790 5704 occulta
1827 5662 1883 5708 et
1915 5669 2012 5710 ne-

429 5725 560 5780 mini
597 5730 848 5786 oratione
878 5733 1241 5802 explicabilis,
1274 5735 1386 5792 Deo
1422 5738 1684 5792 nimirum
1727 5740 1846 5796 solo
1885 5757 2004 5798 eam

429 5815 698 5877 intuente.
733 5817 1078 5890 Quapropter
1104 5824 1172 5890 is,
1206 5825 1300 5895 qui
1336 5825 1483 5896 quod
1529 5825 1760 5883 necdum
1799 5829 2003 5888 factum

2107 4649 2288 4706 αὐτῶν
2319 4650 2419 4721 τῆς
2445 4649 2592 4721 ζωῆς
2619 4650 2681 4703 τὸ
2713 4645 2873 4713 εἶδος.
2908 4647 3212 4721 Περιστερά
3237 4648 3344 4717 γάρ
3370 4646 3430 4699 τὸ
3462 4643 3668 4715 Πνεῦμα

2105 4741 2167 4796 τὸ
2195 4739 2370 4809 ἅγιον.
2416 4737 2484 4793 Ἦ
2510 4738 2568 4792 δὲ
2597 4734 2751 4805 δυάςί
2771 4737 2881 4794 τῶν
2906 4738 3199 4810 ὀφθαλμῶν
3235 4738 3536 4790 ἐπαινεῖται
3558 4773 3572 4798 ,
3602 4732 3666 4795 ὡς

2108 4832 2176 4886 ἂν
2195 4831 2317 4894 ὅλος
2341 4831 2549 4898 γένοιτο
2574 4831 2632 4884 ἐν
2662 4830 2869 4900 ἐπαίνῳ
2891 4830 2921 4881 6
2949 4828 3235 4900 ἄνθρωπος
3252 4868 3267 4892 ,
3301 4829 3331 4881 6
3364 4821 3667 4896 φαινόμενός

2106 4940 2168 4976 τε
2186 4921 2282 4975 καὶ
2308 4919 2620 4992 νοούμενος.
2648 4919 2749 4975 Διά
2776 4919 2939 5001 τοῦτο
2958 4919 3068 5001 γὰρ
3099 4917 3403 4992 προσέθηκε
3428 4917 3507 4986 τῷ
3530 4913 3667 4969 ἐπαίο

2105 5014 2185 5084 νῷ
2204 5012 2298 5067 καὶ¹
2322 5013 2488 5083 ἀλλην
2511 5011 2837 5084 ὑπερϐολὴν,
2860 4998 3051 5078 εἰπώνλ
3081 5013 3163 5066 ὅτι
3202 5009 3399 5075 ἰιῖκτὸς
3422 5007 3532 5076 τῆς
3554 5019 3668 5063 σιω-

2107 5104 2350 5174 πήσεώς
2368 5120 2508 5160 σου·
2521 5103 2615 5157 τοῦ
2635 5102 2744 5181 γάρ
2760 5093 2966 5171 ἀγαθοῦ
2988 5103 3127 5174 βίου,
3150 5101 3209 5169 τό
3229 5100 3329 5182 μέν
3348 5117 3402 5164 τι
3426 5095 3667 5171 πρόδηλόν

2107 5200 2277 5262 ἐστιν,
2310 5197 2386 5260 ώς
2412 5196 2506 5250 καὶ
2530 5194 2840 5271 ἀνθρώποις
2870 5194 3147 5273 γνώριμον
3171 5189 3309 5253 εἶναι
3329 5208 3344 5222 ·
3374 5190 3435 5245 τὺ
3468 5190 3523 5249 δὲ
3550 5187 3666 5269 κρύ-

2108 5286 2230 5357 φιόν
2262 5302 2322 5339 τε
2355 5285 2451 5340 καὶ
2473 5285 2786 5358 ἀπόρρητον
2809 5325 2825 5350 ,
2860 5285 3007 5357 μόνῳ
3030 5284 3151 5354 Θεῷ
3185 5279 3577 5352 καθορώμενον.
3616 5277 3666 5331 '0

2112 5377 2288 5431 τοίνυν
2313 5361 2811 5450 τδάκατέργαστον
2848 5375 3063 5447 βλέπων
3082 5416 3098 5445 ,
3149 5372 3242 5429 καὶ
3269 5375 3349 5437 είς
3373 5371 3440 5429 τὰ
3479 5370 3667 5450 κρύφια

2114 5465 2364 5540 καθορῶν
2404 5473 2675 5541 μαρτυρεῖ
2715 5471 2810 5524 ἐπὶ
2841 5468 2935 5525 τοῦ
2979 5466 3368 5546 ἐπαινουμένου
3396 5463 3665 5546 προσώπυυ

2115 5557 2277 5610 πλέον
2304 5553 2444 5612 εἶναι
2489 5558 2585 5612 τοῦ
2619 5561 2950 5629 φαινομένου
2986 5559 3046 5613 τὸ
3095 5543 3473 5630 σιωπώμενον,
3502 5554 3567 5607 δι’
3603 5543 3668 5606 ὧν

2117 5666 2281 5720 φησιν
2303 5666 2319 5688 '-
2348 5650 2432 5703 ὅτι
2477 5651 2807 5723 ὀφθαλμοί
2834 5667 2954 5708 σου
3000 5648 3342 5721 περιστεραὶ
3371 5645 3541 5710 ἐκτός
3571 5641 3662 5710 τῆς

2107 5738 2462 5807 σιωπήσεώς
2493 5754 2632 5797 σου.
2669 5738 2914 5811 Ἔξωθεν
2947 5743 3056 5814 γάρ
3091 5741 3206 5794 ἐστι
3243 5738 3337 5793 τοῦ
3370 5730 3667 5805 ἐπαινηθέν-

2108 5850 2195 5897 τος
2241 5832 2362 5901 ήδη,
2393 5832 2451 5886 τὸ
2478 5833 2564 5893 διά
2597 5835 2701 5907 τῆς
2739 5836 2952 5913 σιωπῆς
2997 5831 3422 5907 θαυμαζόμενον.
3467 5823 3596 5895 ’0δῷ
3617 5818 3666 5875 δὲ
