3866 6354
132 432 237 490 921
1166 428 1232 484 ΙΝ
1268 428 1567 487 CANTICA
1599 429 1878 493 CANTIC.
1927 432 2211 491 HOMILIA
2247 433 2358 490 VII.
3300 435 3408 495 922

128 542 375 615 προάγει
402 539 634 611 καθεξῆς
660 539 722 593 τὸ
764 538 861 593 τοῦ
893 533 1122 605 κάλλους
1152 540 1427 614 ἐγκώμιον
1448 582 1463 608 ,
1506 545 1600 598 ἐπὶ⁵
1621 544 1708 608 τὰς

1824 557 1929 614 est,
1965 549 2131 614 videt,
2176 555 2232 605 et
2265 548 2449 603 abdita
2494 547 2776 619 perspicit,
2810 548 3188 603 testimonium
3222 550 3407 618 perhi-

124 633 332 706 τρίχας
359 630 610 703 μετάγων
632 631 723 684 τὸν
745 631 903 701 λόγον
922 674 937 699 ,
961 632 1054 686 καί
1082 650 1246 705 φησιν
1265 653 1278 668 ο
1310 637 1577 706 Τρίχωμά
1599 655 1708 694 σου

1826 637 1918 695 bet
1947 654 2195 709 personae
2216 639 2318 705 illi,
2345 653 2468 709 quae
2494 637 2930 703 commendatur,
2956 639 3192 708 amplius
3223 639 3407 696 inesse

123 726 210 790 ὡς
234 725 453 794 ἀγέλαι
479 723 600 779 τῶν
623 722 826 793 αἰγῶν,
848 722 912 779 ατ
931 725 1443 797 ἁνεκαλύφθησαν
1463 729 1579 784 ἀπὸ
1608 731 1708 787 τοῦ

1826 729 1879 784 id
1909 729 2055 800 quod
2106 730 2423 796 reticentur,
2461 743 2625 799 quam
2670 728 2817 799 quod
2847 729 3193 786 extrinsecus
3233 744 3403 802 appa-

126 814 408 869 Γαλαάδ.
1816 829 1956 887 reat,
1985 836 2110 877 cum
2152 822 2229 875 ait
2272 840 2286 876 :
2328 820 2483 876 Oculi
2506 821 2584 874 tui
2624 819 2902 886 columbae,
2940 831 3133 890 praeter
3165 819 3221 873 id
3259 826 3402 890 quod

126 909 181 963 in
205 920 257 964 te
285 911 558 969 reticetur.
607 907 878 965 Nimirum
916 909 969 966 id
1001 911 1150 980 quod
1179 912 1346 968 tacite
1376 913 1434 969 in
1470 914 1889 972 admirationem
1924 917 2093 981 venit,
2162 931 2275 970 non
2306 914 2663 969 continuetur
2708 915 2824 980 illo,
2894 915 3042 986 quod
3113 915 3389 973 hactenus

127 1005 474 1060 celebratum
504 1012 608 1059 est.
633 1004 903 1060 Caeterum
931 1007 1193 1075 paulatim
1221 1009 1453 1065 ulterius
1477 1011 1907 1080 pulchritudinis
1929 1011 2243 1067 encomium
2267 1009 2495 1081 profert,
2521 1008 2588 1063 ad
2646 1023 2836 1065 comas
2896 1024 3154 1066 sermone
3215 1019 3401 1067 trans-

128 1099 261 1162 lato,
286 1112 413 1152 cum
443 1098 624 1168 inquit
655 1117 669 1153 :
702 1098 882 1154 Comw
910 1107 1015 1155 tua:
1041 1101 1177 1155 sicut
1202 1118 1376 1173 greges
1404 1120 1711 1173 caprarum,
1747 1122 1865 1178 quia
1888 1114 2011 1160 sunt
2039 1104 2283 1185 revelata:
2310 1102 2375 1159 de
2410 1112 2585 1158 monte
2606 1103 2836 1162 Gataad.

196 1188 416 1259 Νοῆσαι
444 1189 502 1244 δὲ
533 1192 805 1263 προσήκει
829 1191 1043 1263 πρῶτον
1066 1196 1166 1264 τῆς
1193 1195 1379 1266 τριχὸς
1406 1197 1504 1269 τὴν
1529 1197 1708 1273 φύσιν·

1882 1197 2125 1251 Primum
2170 1205 2353 1250 autem
2397 1194 2858 1251 considerandum
2907 1201 3016 1266 est,
3064 1210 3185 1266 quae
3233 1210 3404 1253 comat

127 1276 229 1331 εἷθ’
250 1277 429 1343 οὕτως
458 1280 754 1350 ἐπιγνῶναι
775 1283 867 1336 τὸν
896 1281 1136 1350 ἔπαινον,
1165 1283 1225 1337 ὃν
1255 1285 1344 1338 διὰ
1374 1286 1484 1341 τῶν
1511 1288 1708 1360 τριχῶν

1813 1297 2012 1344 natura
2044 1288 2117 1342 sit
2151 1307 2164 1343 :
2201 1295 2367 1357 atque
2386 1280 2471 1341 ita
2504 1285 2705 1341 deinde
2732 1286 2851 1341 laus
2885 1286 3005 1341 hac
3036 1287 3398 1359 intelligetur,

126 1372 155 1424 6
184 1370 348 1439 λόγος
377 1373 443 1442 τῇ
492 1371 678 1443 νύμφη
721 1373 1023 1443 χαρίζεται.
1074 1374 1282 1428 Οὐκοῦν
1314 1375 1440 1443 δόξα
1488 1378 1586 1448 μὲν
1614 1396 1708 1449 γυ-

1813 1396 1934 1452 qua:
1968 1396 2065 1450 per
2087 1376 2275 1435 comas
2309 1393 2526 1449 sponsa:
2556 1378 2838 1433 tribuitur.
2889 1375 3158 1446 Capillum
3191 1364 3397 1435 Paulus

128 1461 317 1525 ναικὸς
342 1461 583 1534 κεφαλῆς
612 1465 646 1533 ἡ
688 1463 810 1534 θρὶξ
841 1464 992 1535 παρά
1019 1465 1111 1519 τοῦ
1139 1466 1350 1520 Παύλου
1380 1468 1708 1540 ὠνόμασται,

1816 1470 2013 1541 capitis
2058 1468 2344 1523 muliebris
2390 1468 2625 1538 gloriam
2657 1466 2914 1537 appellat,
2958 1473 3014 1520 et
3061 1480 3273 1521 comam
3302 1482 3402 1538 pro

126 1551 222 1605 καὶ
250 1552 379 1605 ἀντὶ
411 1551 759 1624 περιϐολαίου
790 1552 1037 1607 δεδόσθαι
1062 1557 1127 1625 τῇ
1167 1557 1387 1624 γυναικὶ
1416 1557 1515 1628 τὴν
1532 1560 1708 1629 κόμην

1817 1563 2121 1617 velamento
2152 1560 2368 1616 mulieri
2401 1560 2584 1615 datam
2612 1560 2690 1613 ait
2706 1559 2773 1613 “.
2831 1559 2976 1616 Idem
3006 1559 3399 1615 verecundiam

127 1640 295 1711 λέγει.
328 1642 474 1696 Αίδὼ
494 1643 552 1698 δὲ
579 1642 674 1696 καὶ
706 1644 1059 1714 σωφροσύνην
1082 1644 1143 1698 τὸ
1172 1646 1380 1717 πρέπον
1414 1645 1553 1703 εἷναί
1578 1666 1708 1720 φησι

1817 1660 1872 1708 et
1922 1653 2239 1722 pudicitiam
2292 1652 2658 1708 velamentum
2708 1651 2958 1707 mulieris
3015 1650 3216 1706 decens
3276 1665 3403 1706 esse

127 1735 247 1796 ταῖς
278 1733 500 1802 γυναιξὶ
529 1732 873 1804 περιϐόλαιον
892 1774 906 1800 ,
943 1734 1086 1788 οὓτω
1115 1736 1331 1807 γράψας
1357 1737 1435 1808 τῷ
1465 1740 1668 1811 ῥήματι
1693 1758 1708 1773 ο

1817 1744 2002 1812 tradit,
2046 1744 2135 1800 his
2180 1744 2363 1801 verbis
2410 1760 2545 1799 usus
2586 1763 2599 1798 :
2636 1742 3095 1810 Quemadmodum
3138 1744 3282 1797 decet
3323 1744 3403 1812 fe-

138 1826 233 1893 Ὠς
253 1824 470 1894 πρέπει
498 1825 778 1896 γυναιξὶν
804 1825 1353 1896 ἐπαγγελλομέναις
1382 1807 1706 1897 θεοσεϐεῒν,

1813 1836 2009 1901 minas,
2056 1853 2172 1907 qua:
2220 1836 2526 1905 religiosam
2579 1851 2706 1904 erga
2760 1833 2928 1888 Deum
2979 1836 3227 1903 pietatem
3271 1851 3400 1904 pro-

123 1916 271 1985 μετὰ
288 1915 502 1982 αἰδοῦς
519 1916 619 1972 καὶ
645 1917 1047 1984 σωφροσύνης
1066 1917 1320 1986 κοσμεῖν
1337 1919 1577 1987 ἑαυτάς.
1611 1920 1708 1974 Διὰ

1814 1928 2055 1997 ﬁtentur,
2106 1936 2164 1980 ut
2214 1943 2333 1979 cum
2382 1925 2691 1980 verecundia
2742 1934 2792 1979 et
2842 1924 3105 1993 pudicitia
3152 1940 3264 1979 sese
3308 1941 3400 1979 or-

128 2009 331 2062 τούτων
352 2008 457 2071 τὰς
482 2008 575 2060 ἐπὶ
592 2007 692 2076 τῆς
710 2006 951 2077 κεφαλῆς
972 2007 1186 2078 τρίχας,
1208 2003 1298 2072 αἷς
1318 2011 1463 2081 κομᾷ
1483 2011 1516 2080 ἡ
1547 2011 1706 2083 γυνὴ,

126 2100 221 2170 τὴν
246 2098 382 2153 αίδὼ
413 2098 507 2153 καὶ
532 2097 889 2169 σωφροσύνην
917 2096 1006 2150 διά
1027 2100 1126 2168 τῆς
1148 2098 1243 2151 τοῦ
1270 2100 1482 2153 Παύλου
1519 2101 1710 2169 σοφίας

128 2189 661 2261 καταλαμϐάνεσθαι.
689 2189 822 2243 Οὐδὲ
849 2188 959 2259 γὰρ
980 2188 1151 2259 άλλην
1177 2190 1377 2260 πρέπει
1397 2191 1522 2246 τινὰ
1549 2192 1707 2257 δόξαν

127 2280 444 2351 νομίζεσθαι
483 2279 578 2333 ἐπὶ
620 2282 720 2346 τῆς
762 2279 1237 2351 ἐπαγγελλομένης
1267 2280 1579 2336 θεοσέϐειαν
1609 2283 1711 2353 ψυ-

129 2372 253 2443 χῆς,
280 2374 330 2425 εί
366 2371 446 2442 μὴ
476 2371 575 2442 τὴν
600 2370 734 2425 αἰδώ
767 2387 827 2423 τε
855 2372 949 2424 καὶ
974 2371 1073 2443 τὴν
1104 2371 1491 2444 σωφροσύνην,
1522 2373 1590 2444 ἢν
1615 2375 1709 2428 κό-

131 2479 235 2532 ιιην
255 2462 562 2533 ὠνόμασεν,
592 2461 658 2533 ἢν
678 2462 804 2515 ὅταν
839 2461 913 2532 μὴ
939 2461 1039 2535 ἔχῃ
1061 2502 1076 2528 ,
1105 2462 1457 2532 καταισχύνει
1485 2465 1584 2536 τὴν
1614 2482 1709 2519 κε-

127 2552 297 2622 φαλὴν
354 2554 527 2623 αὐτῆς
549 2593 565 2617 ,
616 2552 800 2617 καθώς
850 2570 1016 2623 φησιν
1067 2554 1098 2606 6
1157 2552 1497 2620 Ἀπόστολος.
1528 2556 1593 2609 Et
1644 2557 1708 2628 δὴ

127 2643 291 2699 ταῦτα
322 2645 457 2716 περὶ
488 2644 597 2699 τῶν
623 2645 824 2717 τριχῶν
850 2647 879 2698 ό
902 2645 1113 2709 Παῦλος
1135 2646 1516 2717 ἐφιλοσόφησε,
1546 2664 1711 2719 προσ-

127 2737 311 2790 ακτέον
336 2737 408 2790 ἃν
454 2736 540 2808 εἴη
579 2736 649 2790 τὰ
673 2737 762 2790 τοῦ
776 2734 1101 2790 ’Δποστόλου
1129 2739 1352 2809 ῥήματα
1393 2738 1473 2808 τῷ
1502 2739 1709 2810 ἐπαίνῳ

126 2828 220 2897 τῆς
253 2827 619 2899 Ἐκκλησίας,
647 2829 705 2882 ἐν
745 2826 823 2899 τῷ
850 2828 978 2899 περὶ
1028 2828 1122 2882 τοῦ
1150 2830 1496 2901 τριχώματος
1543 2830 1705 2904 λόγῳ,

129 2917 265 2971 κατὰ
281 2917 380 2990 τὴν
409 2918 777 2989 προκειμένην
803 2918 1011 2989 φωνὴν,
1040 2920 1075 2991 ἦ
1111 2936 1276 2991 φησιν
1298 2937 1314 2953 ·
1337 2922 1423 2975 ὅτι
1443 2922 1710 2993 Τριχωμά

128 3024 238 3063 σου
262 3049 278 3074 ,
314 3010 402 3076 ὡς
428 3008 639 3079 ἀγέλαι
679 3010 799 3063 τῶν
849 3009 1032 3078 αἰγῶν
1059 3051 1076 3077 ,
1104 3012 1164 3065 αἶ
1195 3012 1710 3082 ἀνεκαλύφθησαν

1813 2028 1936 2074 nent
1960 2017 2029 2072 “.
2079 2017 2291 2084 Quibus
2318 2017 2375 2072 in
2405 2016 2587 2073 verbis
2621 2031 2719 2087 per
2747 2016 2976 2086 capillos
3010 2015 3229 2085 capitis,
3258 2031 3399 2086 quos

1812 2110 1907 2164 alit
1940 2108 2166 2173 femina,
2198 2108 2586 2164 verecundiam
2613 2115 2668 2161 et
2710 2106 3031 2177 pudicitiam
3078 2105 3399 2177 accipienda

1810 2214 1956 2266 esse,
2008 2199 2211 2254 Paulus
2251 2214 2352 2269 pro
2385 2199 2656 2269 sapientia
2707 2210 2807 2253 sua
2857 2196 3169 2268 signiﬁcare
3201 2197 3396 2252 voluit.

1810 2287 1923 2344 Nec
1950 2290 2098 2344 enim
2144 2289 2403 2345 convenit
2449 2288 2613 2342 aliam
2661 2286 2955 2357 quamdam
3003 2287 3234 2356 gloriam
3281 2295 3398 2341 sta-

1810 2386 1965 2434 tuere
1993 2380 2050 2433 in
2077 2380 2281 2445 anima,
2310 2394 2431 2450 quae
2454 2377 2765 2448 religiosam
2787 2392 2918 2449 erga
2940 2375 3111 2432 Deum
3137 2377 3398 2448 pietatem

1810 2473 2153 2545 proﬁteatur,
2178 2487 2341 2542 quam
2366 2469 2754 2526 verecundiam
2779 2479 2833 2525 et
2859 2469 3200 2541 pudicitiam,
3225 2485 3399 2525 comae

1810 2565 2177 2635 appellatione
2211 2563 2505 2619 indicatam
2543 2581 2556 2617 :
2587 2576 2694 2632 qua
2722 2561 2767 2616 si
2824 2567 3031 2627 careat,
3062 2560 3389 2617 dehonestat

1811 2664 1979 2726 caput
2009 2671 2196 2719 suum,
2232 2665 2294 2710 ut
2333 2655 2476 2711 idem
2527 2653 2823 2723 Apostolus
2868 2653 3132 2722 loquitur.
3179 2651 3293 2706 liae
3328 2653 3398 2708 de

1809 2748 2022 2818 capillis
2057 2747 2427 2817 disputatione
2459 2744 2610 2799 Pauli
2656 2745 3022 2809 considerata,
3058 2742 3393 2797 conferenda

1807 2841 1912 2896 erit
1943 2839 2170 2895 omnino
2200 2838 2446 2909 Apostoli
2482 2837 2753 2892 sententia
2799 2851 2925 2891 cum
2981 2836 3085 2891 hac
3131 2834 3393 2890 Eculesiae

1810 2931 1989 2999 laude,
2026 2947 2148 3002 qua:
2173 2924 2500 2987 illis'verbis
2539 2928 2689 2984 hisce
2717 2942 2930 2981 comam
2961 2926 3389 2996 praedicantibus

1806 3024 2095 3083 tribuitur:
2136 3023 2317 3078 Comce
2351 3032 2457 3076 tua:
2514 3020 2654 3075 velut
2701 3036 2879 3091 greges
2930 3035 3239 3090 caprarum,
3280 3036 3398 3089 qua:

129 3100 256 3190 άπὸλ
273 3102 379 3156 τοῦ
404 3101 676 3157 Γαλαάδ.
701 3101 799 3156 Διὰ
834 3102 1041 3156 τούτων
1067 3106 1175 3175 γὰρ
1196 3105 1296 3175 τὴν
1327 3104 1580 3176 ἐνάρετον
1611 3123 1708 3159 πο-

1813 3115 2059 3171 νευριαεαὲ
2104 3122 2228 3170 sunt
2261 3115 2324 3168 de
2353 3122 2527 3169 monte
2566 3111 2797 3166 Galaad.
2844 3109 2981 3164 Nam
3014 3127 3109 3179 per
3144 3111 3259 3165 haec
3286 3112 3399 3164 vir-

133 3187 326 3245 λιτείαν
369 3192 431 3245 ἐν
457 3191 665 3263 ἐπαίνῳ
694 3193 929 3246 ποιεῖται
978 3194 1007 3246 6
1044 3193 1238 3261 Λόγος.
1285 3194 1444 3249 Ἀλλά
1489 3196 1708 3250 κάκεῖνο

1814 3205 1915 3262 tuti
1974 3212 2344 3260 consentanea
2403 3198 2617 3258 vivendi
2671 3201 2813 3256 ratio
2867 3199 3141 3255 laudatur.
3207 3198 3400 3265 Quan-

134 3283 391 3353 προσήκει
417 3283 782 3355 προστεθῆναι
818 3284 892 3354 τῷ
919 3284 1063 3355 λόγῳ
1085 3284 1162 3356 τῷ
1196 3286 1329 3358 περὶ
1352 3286 1461 3341 τῶν
1484 3286 1707 3358 τριχῶν,

133 3370 207 3423 ὅτι
230 3373 409 3445 πάσης
437 3373 748 3445 αἰσθήσεως
795 3373 1032 3446 ζωτικῆς
1071 3375 1390 3447 ἀμοιροῦσιν
1421 3380 1475 3430 αί
1517 3378 1705 3448 κόμαι.

134 3463 203 3515 Οὐ
237 3465 427 3539 μικρὸν
476 3464 584 3536 γὰρ
622 3466 703 3528 είς
731 3463 1033 3534 ἐπαύξησιν
1066 3466 1358 3535 ἐγκωμίων
1405 3466 1500 3520 καὶ
1529 3466 1708 3531 τοῦτο,

134 3553 354 3627 τὸ’μήτε
375 3557 540 3610 πόνου
562 3595 576 3620 ,
612 3558 748 3626 μήτε
773 3554 967 3626 ἡδονῆς
995 3555 1244 3624 αἴσθησιν
1290 3556 1349 3609 ὲν
1382 3558 1502 3619 ταῖς
1535 3555 1711 3627 θριξὶν

136 3641 285 3701 εἶναι.
310 3649 382 3702 Τὸ
410 3649 512 3720 μὲν
543 3647 654 3718 γὰρ
684 3647 846 3718 σῶμα
870 3686 893 3712 ,
924 3646 1047 3700 ὅθεν
1092 3646 1387 3715 ἐκφύονται
1411 3687 1425 3710 ,
1458 3647 1709 3703 ὀδυνᾶται

136 3740 588 3810 παρατιλλόμενον
612 3754 628 3769 ’
661 3737 800 3808 αὑτὴ
831 3738 889 3791 δὲ
924 3742 957 3809 ή
1010 3737 1134 3809 θρὶξ
1153 3778 1168 3803 ,
1206 3737 1330 3790 οὔτε
1360 3740 1409 3792 εί
1436 3738 1708 3808 τέμνοιτο,

134 3829 250 3885 οὔτε
277 3836 325 3888 εί
355 3834 631 3903 φλέγοιτο,
667 3831 792 3886 οὔτε
819 3834 867 3886 εί
903 3832 992 3888 διά
1018 3849 1164 3896 τινος
1195 3832 1574 3904 κωμμωτικῆς
1598 3834 1713 3886 ἐπι-

139 3921 345 3989 μελείας
383 3923 794 3979 καταλεαίνοιτο
813 3963 828 3986 ,
856 3923 935 3993 τῷ
964 3923 1234 3994 γινομένῳ
1265 3922 1521 3994 αίσθησιν
1564 3923 1712 3994 δέχε-

135 4028 239 4067 ται.
266 4014 338 4068 Τὸ
369 4016 425 4069 δὲ
457 4016 708 4086 ἀμοιρεῖν
735 4016 835 4086 τῆς
862 4014 1170 4085 αἰσθήσεως
1192 4014 1302 4068 τῶν
1328 4014 1539 4087 νεκρῶν
1561 3995 1710 4070 ἐστιν

143 4103 282 4158 ίδιον.
323 4105 534 4160 Οὐκοῦν
565 4108 594 4160 6
645 4106 914 4177 μηδεμίαν
952 4105 1059 4159 τῶν
1108 4109 1168 4161 ἐν
1209 4107 1287 4177 τῷ
1319 4107 1511 4178 κόσμῳ
1535 4106 1712 4178 τούτῳ

141 4197 580 4271 σπουδαζομένων
624 4197 1066 4269 παραδεχόμενος
1099 4198 1351 4271 αἴσθησιν
1377 4239 1392 4265 ,
1441 4200 1578 4271 μήτε
1607 4198 1713 4269 {me

137 4284 285 4356 δόξης
318 4306 378 4341 τε
409 4291 505 4343 καὶ
530 4288 697 4360 τιμῆς
747 4288 1170 4360 ἐξογκούμενος,
1201 4294 1340 4364 μήτε
1385 4291 1453 4346 δι’
1499 4290 1711 4363 ὕϐρεώς

136 4386 192 4422 τε
218 4376 309 4429 καὶ
339 4377 568 4449 ἀτιμίας
591 4376 859 4446 ἀλγεινῶς
885 4376 1259 4449 διατιθέμενος
1273 4398 1290 4413 ⁸
1317 4379 1431 4434 ἀλλ’
1458 4383 1516 4435 ὲν
1538 4381 1711 4452 ὁμοίῳ

133 4462 252 4517 καθ’
275 4467 535 4540 ἑκάτερον
559 4468 669 4522 τῶν
698 4469 956 4524 ἐναντίων
983 4470 1175 4524 ἐαυτὸν
1200 4471 1490 4540 φυλάσσων
1509 4490 1523 4503 ο
1554 4467 1707 4537 οὗτός
1740 4467 1784 4522 D

137 4552 274 4609 ἐστιν
301 4559 335 4628 ἠ
374 4559 741 4631 ἐπαινουμένη
785 4560 886 4631 τῆς
913 4559 1132 4632 νύμφης
1164 4562 1308 4632 κόμη
1327 4601 1343 4625 ,
1392 4563 1586 4634 νεκρὸς
1611 4563 1705 4618 άν-

137 4658 318 4718 τικρυς
350 4652 445 4704 καὶ
479 4650 733 4721 ἀκίνητος
770 4651 911 4722 πρὸς
940 4651 1009 4706 τὰ
1037 4651 1133 4705 τοῦ
1177 4652 1387 4723 κόσμου
1418 4655 1707 4726 γενόμενος

139 4735 451 4833 πράγματα,
478 4742 590 4796 εἴτε
613 4742 787 4807 οὕτως
809 4784 825 4812 ,
855 4741 966 4796 είτε
988 4743 1065 4807 ώς
1096 4743 1298 4816 ἑτέρως
1321 4744 1455 4815 ἔχοι.
1649 4738 1659 4746 ”

206 5012 269 5066 Et
293 5015 350 5070 δὲ
371 5019 433 5073 τὸ
459 5018 842 5089 πλεονέκτημα
885 5016 995 5071 τῶν
1042 5017 1247 5089 τριχῶν
1293 5017 1515 5087 ἀγέλαις
1538 5020 1711 5091 αίγῶν

145 5104 535 5173 παραϐάλλεται
558 5149 573 5175 ,
607 5112 730 5173 ταῖς
778 5107 886 5162 άπὸ
922 5106 1017 5162 τοῦ
1048 5107 1263 5162 Γαλαὰδ
1305 5111 1712 5181 άνακαλυφθεί-

146 5206 259 5258 aut;
277 5211 291 5225 ·
316 5196 352 5251 ἃ
383 5201 484 5271 μὲν
505 5200 612 5273 χρὴ
636 5201 705 5254 δι’
727 5200 1014 5275 ἀκριϐείας
1039 5201 1168 5274 περὶ
1191 5201 1397 5255 τούτων
1422 5201 1715 5272 γινώσκειν

145 5278 288 5338 οὔπω
318 5290 642 5344 καταλαϐεῖν
677 5291 1025 5361 ἠδυνήθημεν
1050 5307 1066 5322 ο
1096 5291 1472 5364 στοχαζόμεθα
1505 5292 1584 5358 δέ,
1606 5295 1711 5349 εὸτι

146 5365 322 5446 ὥσπερ
345 5378 414 5433 τά
440 5380 572 5448 ξύλα
598 5381 693 5434 τοῦ
716 5380 951 5435 Λιϐάνου
989 5383 1070 5445 είς
1091 5382 1294 5455 χρυσόν
1320 5400 1382 5436 τε
1422 5383 1518 5438 καὶ
1538 5383 1710 5457 ἄργυ-

147 5473 236 5528 ρον
255 5467 346 5521 καὶ
379 5472 665 5544 πορφύραν
698 5473 1096 5544 μεταποιήσας,
1137 5476 1352 5544 φορεῖον
1388 5477 1417 5528 6
1458 5474 1712 5545 βασιλεὺς

147 5565 536 5623 κατεσκεύασεν
565 5568 743 5640 ἐαυτῷ
771 5584 784 5599 ο
813 5567 989 5633 οὕτως
1020 5565 1161 5624 οῒδεν
1195 5573 1225 5625 6
1257 5572 1461 5645 ποιμὴν
1487 5575 1516 5626 6
1548 5573 1713 5638 καλὸς

147 5645 310 5719 αἰγῶν
331 5655 531 5726 ἀγέλας
557 5661 890 5731 παραλαϐεῖν
913 5662 1007 5715 καὶ
1031 5664 1111 5726 είς
1135 5663 1359 5735 ποίμνια
1388 5664 1712 5736 μεταϐαλεῖν

218 5825 305 5896 “t
344 5834 467 5895 Cor.
514 5856 594 5909 ιι,
632 5840 719 5899 ts,
793 5841 838 5875 ιι
872 5839 1153 5898 l'l‘imoth.
1202 5857 1260 5912 ιι,
1302 5843 1354 5897 9.

1811 3312 1976 3368 quam
2016 3304 2071 3352 et
2112 3297 2218 3351 hoc
2263 3295 2388 3350 addi
2440 3295 2507 3349 ad
2549 3295 2665 3349 haec
2713 3292 2779 3348 de
2827 3292 3041 3362 capillis
3077 3290 3239 3345 verba
3274 3306 3404 3345 con-

1810 3388 1979 3453 venit,
2040 3387 2304 3441 nimirum
2361 3399 2550 3441 comas
2602 3383 2783 3439 omnis
2822 3382 3008 3436 vitalis
3058 3396 3256 3436 sensus
3299 3395 3389 3436 εκ·
3474 3389 3485 3398 '

1810 3486 1993 3550 pertes
2021 3493 2164 3533 esse.
2217 3475 2328 3531 Nec
2356 3476 2504 3531 enim
2536 3489 2731 3546 parum
2771 3473 2875 3526 hoc
2922 3478 3084 3541 auget
3125 3470 3396 3534 encomia,

1811 3570 1957 3641 quod
1993 3569 2049 3623 in
2082 3567 2299 3638 capillis
2338 3581 2514 3635 neque
2557 3565 2838 3627 molestiae,
2885 3578 3064 3633 neque
3097 3562 3396 3631 voluptatis

1815 3659 1955 3718 ullus
1984 3674 2182 3715 sensus
2211 3659 2460 3715 exsistat.
2497 3656 2711 3726 Corpus
2743 3654 2966 3725 quidem
3010 3654 3212 3722 ipsum,
3252 3653 3399 3708 unde

1810 3760 2139 3814 nascuntur,
2191 3751 2238 3806 si
2285 3750 2568 3804 vellicetur
2601 3747 2845 3801 dolorem
2891 3745 3124 3815 percipit
3157 3762 3169 3798 :
3203 3758 3393 3799 verum

1809 3844 2041 3913 capillus
2076 3844 2193 3913 ipse
2221 3856 2397 3910 neque
2429 3841 2476 3896 si
2507 3846 2813 3903 resecetur,
2839 3851 3017 3906 neque
3040 3835 3086 3890 si
3110 3842 3394 3901 exuratur,

1811 3949 1987 4004 neque
2017 3935 2064 3990 si
2096 3949 2196 4004 per
2226 3932 2465 4002 aliquam
2497 3929 2729 3986 ornandi
2763 3928 3014 3998 corporis
3044 3941 3233 3981 curam
3271 3926 3400 3980 levia

1811 4035 1988 4098 getur,
2032 4025 2330 4096 quidquam
2359 4039 2573 4089 eorum,
2612 4037 2733 4093 quae
2779 4020 2917 4074 ﬁunt
2961 4018 3148 4074 sentit.
3196 4016 3398 4072 Carere

1809 4126 1990 4173 autem
2027 4132 2215 4181 sensu,
2264 4115 2497 4170 mortuis
2541 4121 2625 4169 est
2679 4112 2978 4183 peculiare.
3032 4108 3397 4176 Quamobrem

1810 4211 2127 4282 quicunque
2152 4209 2291 4263 nihil
2321 4222 2535 4271 eorum,
2578 4220 2701 4277 quae
2732 4206 2788 4259 in
2841 4204 2946 4260 hoc
2976 4202 3183 4258 mundo
3215 4199 3399 4270 magni

1811 4303 2178 4366 aestimantur,
2206 4301 2399 4367 sentit;
2429 4315 2607 4369 neque
2633 4306 2857 4369 propter
2882 4296 3110 4368 gloriam
3136 4300 3190 4349 et
3224 4293 3397 4347 hono-

1813 4411 1926 4451 rem
1974 4395 2121 4452 fastu
2173 4392 2409 4464 quodam
2465 4393 2667 4457 elatus,
2717 4405 2897 4460 neque
2946 4389 3017 4443 ob
3068 4386 3304 4457 injurias
3343 4391 3400 4440 et

1812 4486 2167 4553 ignominiam
2196 4485 2411 4551 dolens,
2442 4483 2540 4539 sed
2586 4483 2640 4537 in
2675 4489 2913 4551 utroque
2958 4480 3156 4534 horum
3203 4477 3397 4532 adver-

1813 4576 2050 4632 santium
2092 4575 2198 4632 sibi
2245 4576 2359 4646 pati
2404 4574 2643 4645 quadam
2684 4572 2903 4627 ratione
2946 4575 3120 4626 semet
3165 4582 3396 4623 conser-

1812 4682 1983 4735 vans;
2018 4668 2065 4722 is
2097 4680 2227 4721 vero
2258 4673 2343 4721 est
2372 4665 2487 4720 haec
2519 4677 2735 4735 sponsae
2771 4674 2929 4715 coma
2966 4666 3256 4728 tantOpere
3278 4658 3402 4711 lau-

1812 4758 1962 4823 data,
1994 4758 2155 4829 plane
2179 4756 2384 4812 mortui
2414 4756 2658 4811 hominis
2685 4761 2739 4809 et
2780 4750 3083 4807 immobilis
3112 4748 3180 4803 ad
3208 4747 3400 4805 mundi

1813 4852 2030 4923 negotia
2059 4851 2300 4922 speciem
2341 4864 2452 4920 prae
2481 4864 2541 4905 se
2570 4846 2776 4909 ferens,
2805 4858 3139 4915 quocunuue
3179 4840 3397 4897 tandem

1809 4951 1975 5017 pacto
2002 4959 2092 4999 res
2120 4942 2296 5013 ipsius
2329 4946 2667 5010 comparate
2697 4938 2830 4993 sint.

1880 5037 2035 5104 Quod
2079 5043 2261 5090 autem
2302 5033 2625 5102 capillorum
2668 5029 2872 5085 eximia
2907 5024 3258 5097 pulchritudo
3300 5036 3396 5077 ca-

1810 5138 2033 5195 prarum
2064 5123 2132 5177 ad
2166 5135 2358 5193 greges
2386 5120 2456 5174 de
2482 5116 2688 5174 Galaad
2715 5116 2984 5173 revelatos
3022 5120 3393 5182 comparetur,

1813 5215 1883 5272 de
1929 5216 2035 5272 hoc
2083 5213 2215 5285 quid
2267 5222 2523 5268 accurate
2573 5207 2927 5267 statuendum
2979 5207 3095 5269 sit,
3141 5202 3391 5282 equidem

1815 5306 1994 5362 adhuc
2025 5307 2309 5377 percipere
2336 5318 2447 5358 non
2475 5302 2661 5373 potui:
2697 5297 2902 5354 utimur
2936 5303 3118 5349 tamen
3142 5292 3245 5346 hac
3266 5306 3399 5347 con-

1811 5398 2048 5469 jectura,
2090 5396 2237 5469 quod
2269 5391 2733 5468 quemadmodum
2776 5388 2844 5444 de
2886 5385 3082 5441 Libani
3130 5382 3296 5454 lignis
3341 5382 3397 5437 in

1816 5504 2038 5555 aurum,
2067 5495 2377 5558 argentum,
2395 5499 2695 5557 purpuram
2740 5476 3096 5537 commutatis
3126 5472 3397 5529 ferculum

1815 5581 1921 5636 sibi
1949 5595 2047 5636 rex
2092 5577 2436 5635 confecerit:
2469 5576 2549 5632 sic
2594 5573 2894 5647 praeclarus
2938 5568 3034 5625 ille
3064 5571 3276 5638 pastor,
3304 5577 3399 5621 ac-

1820 5668 1992 5741 ceptis
2020 5683 2308 5740 caprarum
2351 5666 2632 5739 gregibus,
2663 5661 2880 5721 noverit
2914 5657 3145 5730 caprilia
3191 5653 3393 5709 montis
