3866 6376
443 423 560 478 925

1657 422 1714 477 S.
1750 413 2080 477 ϐίη-360811
2112 411 2412 470 NYSSENI

3626 425 3746 479 ηει-

446 535 651 595 Galaad
677 533 736 591 in
758 535 918 589 ovilia
949 541 1307 589 commutare.
1345 533 1526 603 Atque
1550 534 1657 590 hoc
1683 534 1854 589 exteri
1884 546 2031 587 mon-

2159 529 2205 583 τά
2230 529 2452 583 αἰπόλια
2497 529 2590 583 τοῦ
2618 527 2829 582 Γαλαὰδ
2855 528 3036 601 ὅρους.
3082 531 3411 603 Ἀλλοφύλου
3455 537 3514 591 δὲ
3558 540 3729 610 ὅρους

445 626 520 685 tis
551 639 749 679 nomen
778 630 885 682 est.
915 622 1007 692 qui
1039 622 1271 692 gratiam
1322 622 1483 677 talem
1525 623 1750 689 revelat,
1782 630 1840 676 ut
1869 623 1905 674 ii
1935 621 2027 691 qui

445 734 513 773 ex
539 715 790 786 gentibus
822 715 1146 786 praeclarum
1183 714 1334 768 illum
1368 724 1641 785 pastorem
1670 715 1843 770 secuti
1875 720 2025 778 sunt,

445 810 502 862 in
531 812 727 862 ornatu
761 820 977 875 sponsae
1022 805 1348 874 capillorum
1398 806 1621 861 nomine
1673 813 2028 861 censeantur.

446 900 509 952 Et
545 913 644 969 per
688 897 919 967 capillos
962 896 1304 967 pudicitiam,
1343 907 1399 952 et
1434 897 1721 966 pudorem,
1767 909 1821 952 et
1857 895 2028 951 conti~

444 991 712 1053 nentiam,
746 996 804 1044 et
839 988 1320 1043 mortiﬁcationem
1349 989 1599 1059 corporis
1640 987 1892 1058 intelligi,
1918 987 2032 1057 jam

444 1093 571 1138 ante
600 1082 939 1138 declaratum
976 1088 1081 1137 est.
1122 1078 1405 1136 Fortassis
1430 1090 1485 1136 et
1520 1080 1667 1135 Elias
1698 1080 1905 1151 aliquid
1937 1095 2037 1133 no-

447 1174 534 1230 bis
575 1174 643 1229 ad
690 1174 832 1228 hanc
873 1187 1162 1243 caprarum
1215 1171 1713 1229 considerationem
1764 1172 2034 1237 conferet,

445 1266 539 1336 qui
568 1266 732 1335 longo
764 1273 1008 1334 tempore
1037 1273 1288 1319 versatus
1334 1264 1390 1318 in
1424 1273 1605 1320 monte
1634 1264 1867 1330 Galaad,
1902 1265 2038 1320 insi-

453 1356 581 1427 gnia
629 1357 754 1410 vita:
799 1355 1135 1411 continentis
1198 1355 1447 1426 exempla
1496 1356 1730 1426 praebuit
1792 1375 1804 1410 :
1859 1354 2039 1413 forma

446 1448 756 1518 squalidus,
788 1448 1005 1518 capillis
1051 1447 1333 1513 hirsutus,
1391 1463 1489 1519 pro
1525 1458 1677 1503 veste
1710 1447 1860 1503 molli
1904 1447 2044 1517 pelle

455 1554 635 1609 caprae
677 1546 875 1593 tectus.
930 1537 1114 1609 Itaque
1160 1553 1374 1604 omnes,
1417 1545 1687 1609 quotquot
1741 1537 1810 1593 ad
1858 1550 2045 1592 exem-

450 1633 599 1702 plum
635 1631 916 1701 propheta
947 1630 1096 1685 illius
1121 1630 1289 1685 vitam
1320 1646 1475 1686 suam
1512 1631 1831 1699 instituunt,
1873 1643 2042 1683 orna-

451 1735 695 1778 mentum
746 1721 1017 1778 Ecclesite
1059 1722 1216 1787 ﬁunt,
1267 1722 1534 1794 gregatim
1596 1722 1733 1793 (qui
1798 1721 2045 1792 philoso-

452 1814 658 1886 phandi
689 1829 810 1870 mos
845 1814 948 1868 hoc
977 1821 1225 1886 tempore
1253 1816 1309 1868 in
1342 1831 1446 1869 usu
1473 1829 1597 1869 esse
1621 1812 1825 1885 coepit)
1874 1812 2046 1867 virtu-

2131 622 2302 693 ὄνομα
2329 621 2487 675 τοῦτο
2511 620 2606 674 τοῦ
2628 622 2730 692 τὴν
2753 621 3008 692 τοιαύτην
3035 623 3197 694 χάριν
3221 626 3731 696 ἀνακαλύπτοντος,

2132 714 2271 768 ὥστε
2303 715 2429 777 τοὺς
2458 713 2518 778 ἐξ
2544 711 2716 767 ἐθνῶν
2756 712 2835 784 τῷ
2871 713 3023 784 καλῷ
3070 717 3291 785 ποιμένι
3316 718 3733 792 ἀκολουθήσαν-

2132 822 2230 869 τας
2267 807 2346 867 εἰς
2374 800 2435 858 τὸ
2462 805 2715 877 τρίχωμα
2746 805 3068 876 συντελῆσαι
3099 808 3191 860 τοῦ
3219 811 3321 879 τῆς
3347 809 3573 881 νύμφης
3602 815 3737 867 κάλ-

2133 895 2258 960 λους
2281 912 2294 925 ·
2345 897 2413 950 δι’
2443 889 2518 951 ὧν
2557 894 2882 969 σωφροσύνη
2925 914 2985 951 τε
3021 899 3118 951 καὶ
3157 899 3349 965 αἰδὼς,
3382 904 3478 955 καὶ
3524 906 3733 975 ἐγκρά-

2134 1006 2274 1053 τεια,
2307 989 2404 1043 καὶ
2428 991 2461 1060 ή
2491 988 2587 1042 τοῦ
2619 991 2874 1059 σώματος
2901 989 3170 1061 νέκρωσις
3196 992 3338 1045 κατὰ
3362 992 3457 1047 τὸν
3478 993 3733 1064 atpoan-

2138 1079 2372 1152 ρηθέντα
2397 1079 2553 1148 λόγον
2590 1079 3030 1151 διασημαίνεται.
3071 1082 3142 1135 Ἢ
3183 1083 3326 1153 τάχα
3360 1085 3736 1155 συμϐάλλεταί

2137 1189 2198 1226 τε
2256 1173 2393 1243 πρὸς
2434 1172 2533 1244 τὴν
2583 1170 2691 1226 τῶν
2732 1172 2904 1240 αἰγῶν
2937 1173 3172 1245 θεωρίαν
3205 1175 3299 1228 καὶ
3331 1177 3359 1228 ὁ
3394 1175 3618 1239 Ἠλίας,
3653 1177 3734 1247 τῷ

2139 1264 2255 1334 ὄρει
2279 1261 2358 1333 τῷ
2391 1260 2604 1316 Γαλαὰδ
2629 1262 3072 1333 ἐμφιλοσοφήσας
3102 1264 3295 1336 χρόνον
3322 1266 3513 1331 πολὺν,
3539 1268 3601 1331 ὃς
3628 1269 3736 1337 μά-

2139 1353 2297 1407 λιστα
2317 1352 2411 1406 τοῦ
2448 1355 2566 1407 κατ’
2595 1355 2922 1425 ἐγκράτειαν
2948 1354 3301 1426 καθηγήσατο
3325 1356 3443 1427 βίου
3467 1398 3482 1423 ,
3514 1360 3737 1430 αὐχμη-

2145 1445 2236 1517 ρδς
2265 1444 2327 1498 τὸ
2350 1440 2488 1508 εἶδος
2507 1485 2522 1511 ,
2562 1444 2731 1510 δασὺς
2757 1446 2858 1517 τὴν
2886 1447 3050 1518 τρίχα
3069 1485 3084 1510 ,
3125 1448 3250 1501 ἀντὶ
3298 1449 3554 1519 μαλακῆς
3584 1468 3737 1514 τινος

2143 1536 2371 1607 ἐσθῆτος
2418 1536 2649 1609 δέρματι
2689 1538 2844 1608 αἰγὸς
2898 1537 3328 1606 σκεπαζόμενος.
3372 1540 3583 1606 Πάντες
3637 1538 3738 1595 οὖν

2145 1630 2196 1683 οἱ
2217 1629 2357 1683 κατὰ
2386 1629 2477 1683 τὸν
2518 1631 2804 1700 προφήτην
2843 1630 3049 1684 ἐκεῖνον
3076 1631 3166 1685 τὸν
3196 1632 3373 1686 αὐτῶν
3401 1634 3737 1705 κατορθοῦν-

2147 1740 2237 1787 τες
2270 1721 2405 1791 βίον,
2435 1721 2640 1792 κόσμος
2665 1720 2906 1789 γίνονται
2933 1720 3032 1791 τῆς
3062 1722 3389 1791 Ἐκκλησίας
3406 1764 3421 1787 ,
3446 1723 3735 1794 ἀγεληδὸν,

2149 1812 2289 1866 κατὰ
2315 1812 2407 1865 τὸν
2435 1811 2530 1865 νῦν
2581 1810 2980 1883 ἐπικρατοῦντα
3025 1812 3124 1881 τῆς
3157 1812 3475 1884 φιλοσοφίας
3506 1816 3735 1886 τρόπον,

452 1916 560 1962 tem
590 1907 645 1961 in
674 1907 1095 1961 conversatione
1124 1915 1316 1961 mutua
1350 1906 1616 1961 colentes.
1644 1904 1767 1960 Jain
1799 1903 1948 1975 quod
1975 1903 2043 1959 de

2159 1904 2267 1972 μετ’
2289 1902 2534 1973 ἀλλήλων
2560 1901 2659 1972 τὴν
2687 1874 2887 1973 ἀρετὴν
2939 1874 3316 1967 ἐκπονοῦντες.
3333 1874 3405 1957 Τὸ

451 2001 655 2072 Galaad
685 2001 1005 2072 hujusmodi
1044 2016 1236 2073 greges
1263 2002 1598 2064 revelentur,
1630 1999 1682 2053 id
1708 2014 1837 2054 vero
1870 1997 2040 2053 mira-

453 2094 644 2148 culum
700 2093 880 2164 ipsum
933 2100 1142 2164 auget:
1198 2093 1458 2146 nimirum
1507 2091 1650 2163 quod
1704 2106 1770 2145 ex
1824 2089 2044 2144 ethnica

452 2184 567 2238 vita
594 2184 663 2238 ad
692 2184 1215 2240 commentationem
1241 2199 1383 2239 verae
1412 2182 1479 2238 de
1524 2181 1632 2236 Deo
1660 2180 1927 2237 doctrinm
1953 2194 2045 2233 ac-

454 2274 808 2328 cesserimus.
863 2270 976 2327 Nec
1015 2273 1161 2327 enim
1203 2287 1234 2326 a
1283 2271 1419 2327 Sion
1468 2278 1655 2327 monte
1701 2278 1893 2326 sancto
1924 2269 2044 2338 ejus

456 2364 663 2418 factum
697 2370 781 2418 est
812 2361 1133 2432 hujusmodi
1162 2363 1287 2417 vitae
1317 2362 1556 2430 initium,
1591 2362 1684 2416 scd
1722 2360 1940 2416 addicta
1970 2361 2046 2414 si-

459 2454 717 2509 mulacris
745 2454 899 2508 natio
923 2460 1212 2523 tantopere
1242 2453 1409 2507 vitam
1444 2468 1597 2508 suam
1627 2452 1958 2516 immntavit,
1987 2460 2048 2507 ut

456 2543 739 2615 praeclaris
767 2543 1065 2600 virtutibus
1100 2559 1318 2615 sponsae
1349 2553 1512 2613 caput
1547 2552 1795 2598 exornet.
1835 2541 2047 2599 Secun-

456 2635 588 2690 dum
630 2634 746 2690 haec
798 2635 856 2689 in
893 2634 1169 2690 laudando
1198 2650 1524 2707 progressus
1572 2635 1641 2689 ad
1680 2637 1869 2691 dentes
1925 2650 2049 2692 sese

457 2724 695 2792 confert,
745 2726 862 2781 oris
913 2741 978 2781 ac
1028 2727 1302 2782 labiorum
1354 2727 1623 2783 cncomiis
1675 2727 1899 2783 omissis
1940 2746 1954 2782 :
1992 2726 2049 2782 id

459 2819 609 2889 quod
637 2819 863 2875 minime
885 2820 1307 2888 relinquendum
1333 2820 1494 2875 nobis
1525 2829 1610 2875 est
1640 2837 1748 2875 non
1778 2819 2050 2891 pervesti-

462 2918 673 2981 gatum.
723 2909 834 2965 Cur
868 2912 1087 2966 tandem
1132 2913 1189 2966 in
1233 2912 1336 2966 hac
1364 2914 1827 2968 commentatione
1854 2913 2051 2969 dentes

462 3000 627 3054 labiis
659 3001 1112 3071 anteponuntur?
1156 3001 1415 3057 Fortasse
1445 3004 1572 3071 quis
1615 3003 1839 3070 dixerit,
1868 3003 1924 3057 in
1955 3002 2050 3058 de-

456 3093 863 3147 monstratione
892 3092 1321 3163 pulchritudinis
1352 3093 1708 3164 elegantioris
1739 3095 1905 3150 etiam
1935 3093 2049 3150 oris

2142 1994 2242 2057 τὰς
2289 1993 2543 2056 τοιαύτας
2591 1992 3044 2061 ἀποκαλυφθῆναι
3103 1992 3340 2061 ἀγέλας,
3381 1994 3607 2064 μείζονα
3640 1997 3741 2049 τοῦ

2144 2084 2420 2154 θαύματος
2448 2082 2548 2152 τὴν
2573 2080 2881 2151 ὑπερϐολὴν
2908 2080 3040 2152 ἔχει,
3057 2080 3136 2134 ὅτι
3167 2082 3231 2135 ἐκ
3250 2082 3344 2135 τοῦ
3371 2082 3590 2137 ἐθνικοῦ
3617 2085 3739 2155 βίου

2145 2153 2370 2247 γέγονεν
2414 2176 2546 2245 ἡμῖν
2573 2176 2605 2244 ἠ
2636 2173 2773 2244 πρὸς
2802 2173 2903 2243 τὴν
2935 2171 3081 2227 κατὰ
3120 2173 3252 2227 Θεὸν
3288 2153 3629 2243 φιλοσοφίαν
3639 2153 3744 2246 με-

2144 2268 2425 2330 τάστασις.
2461 2264 2537 2318 Ού
2585 2265 2695 2335 γὰρ
2729 2261 2867 2316 Σιὼν
2918 2263 3045 2334 ὅρος
3101 2263 3163 2317 τὸ
3210 2263 3366 2333 ἆγιον
3414 2266 3584 2320 αὐτοῦ
3632 2266 3739 2336 τῆς

2144 2358 2403 2429 τοιαύτης
2437 2356 2790 2426 καθηγήσατο
2822 2353 3094 2418 πολιτείας
3114 2372 3128 2385 ·
3164 2354 3299 2408 ἀλλὰ
3334 2356 3397 2409 τὸ
3427 2359 3543 2420 τοῖς
3570 2356 3740 2410 εἰδώ-

2144 2451 2256 2515 λοις
2305 2447 2665 2518 ἀνακείμενον
2716 2445 2870 2509 ἔθνος
2899 2447 2980 2510 είς
3006 2445 3276 2517 τοσαύτην
3329 2442 3460 2518 ἦλθε
3487 2446 3585 2501 τοῦ
3619 2448 3738 2517 βξου

2149 2539 2515 2611 μετάστασιν,
2550 2535 2692 2589 ὥστε
2728 2535 2827 2606 τὴν
2862 2534 3104 2607 κεφαλὴν
3149 2537 3425 2607 κοσμῆσαι
3464 2539 3567 2608 τῆς
3599 2538 3741 2609 νύμ-

2147 2649 2254 2702 φης
2284 2631 2398 2693 τοῖς
2424 2630 2544 2683 κατ’
2585 2628 2789 2699 ἀρετὴν
2818 2629 3250 2699 προτερήμασιν.
3280 2623 3411 2681 Εἶτα
3442 2632 3571 2693 τοὺς
3595 2629 3742 2682 ὀδόν-

2145 2734 2244 2782 τας
2281 2719 2347 2789 τῇ
2376 2714 2668 2787 ἀκολουθίᾳ
2722 2715 2829 2770 τῶν
2867 2716 3107 2769 ἐπαίνων
3149 2719 3178 2771 ό
3202 2717 3373 2785 Λόγος
3425 2718 3736 2790 προτίθησι,

2149 2805 2526 2879 παραδραμὼν
2552 2805 2645 2859 τοῦ
2697 2807 2965 2878 στόματός
3010 2825 3070 2861 τε
3125 2809 3221 2861 καὶ
3249 2807 3358 2862 τῶν
3405 2808 3636 2878 χειλέων
3674 2811 3739 2862 τὰ

2146 2897 2421 2969 ἐγκώμια.
2477 2897 2657 2969 Ὅπερ
2697 2897 2846 2965 ἄξιον
2875 2898 2952 2971 μὴ
2989 2899 3235 2971 παριδεῖν
3267 2899 3646 2965 ἀνεξέταστον.
3678 2899 3741 2953 Τί

2146 2990 2209 3063 δή
2237 3007 2371 3045 ποτε
2397 2989 2506 3045 τῶν
2534 2988 2760 3061 χειλέων
2787 2991 2837 3043 οἱ
2864 2991 3075 3055 ὀδόντες
3108 2995 3167 3046 ἐν
3196 2993 3310 3053 τοῖς
3342 2993 3590 3056 ἐπαίνοις
3615 3009 3744 3064 προ-

2147 3081 2421 3149 τίθενται;
2451 3081 2604 3153 Τάχα
2643 3080 2744 3151 μὲν
2769 3075 2863 3135 οὖν
2911 3082 3056 3135 είποι
3105 3099 3189 3146 τις
3219 3080 3288 3135 ἂν
3319 3081 3745 3155 γλαφυρώτερον

463 3184 637 3238 risum
681 3198 776 3252 per
820 3182 1064 3237 dentium
1110 3183 1536 3252 descriptionem
1576 3184 1740 3240 tacite
1790 3184 2044 3240 indicari.

2159 3172 2210 3228 τὸ
2239 3172 2437 3237 κάλλος
2465 3170 2639 3237 δεῖξαι
2668 3171 2990 3244 βουλόμενος
3007 3216 3022 3240 ,
3056 3172 3320 3244 μειδίαμα
3353 3174 3626 3243 στόματος
3655 3176 3741 3228 διὰ

465 3274 584 3344 Ego
618 3289 745 3328 vero
789 3274 1092 3343 respiciens
1121 3275 1252 3341 alio,
1296 3275 1543 3330 dentium
1576 3276 2048 3347 pulchritudinem

2159 3268 2252 3339 τῆς
2280 3267 2389 3321 τῶν
2417 3266 2641 3319 ὀδόντων
2666 3265 3165 3337 ὑπογραφῆςκατὰ
3200 3265 3264 3319 τὸ
3296 3265 3520 3336 λεληθὸς
3552 3284 3740 3320 συνεν-

467 3366 575 3420 alia
621 3365 689 3421 de
739 3380 909 3421 causa
958 3366 1169 3420 laudari
1216 3368 1365 3437 prius
1397 3384 1563 3439 quam
1616 3384 1717 3433 os,
1768 3369 2047 3424 existimo.

467 3456 606 3510 Nam
635 3457 872 3512 laudatis
896 3458 1004 3522 his,
1029 3473 1099 3514 ne
1124 3459 1339 3513 labrum
1370 3459 1590 3528 quidem
1625 3461 1743 3515 sine
1768 3474 2052 3514 commen—

467 3547 691 3602 datione
719 3548 984 3617 praeterit,
1016 3563 1140 3603 cum
1187 3550 1262 3602 ait
1306 3550 1480 3619 ipsius
1512 3549 1665 3604 lahra
1708 3565 1832 3606 esse
1876 3550 2053 3605 instar

471 3637 705 3693 funiculi
752 3639 1041 3702 coccinei,
1103 3646 1159 3695 et
1211 3639 1483 3710 loquelam
1547 3640 1670 3709 ejus
1721 3641 2050 3711 elegantem.

469 3727 732 3794 Quaenam
761 3737 847 3783 est
880 3728 1048 3796 igitur
1081 3729 1185 3783 hac
1228 3730 1282 3784 in
1324 3739 1477 3801 parte
1525 3731 1845 3798 conjectura
1891 3730 2056 3785 mea?

471 3821 617 3876 Ordo
649 3818 705 3875 in
739 3821 1046 3891 disciplinis
1075 3822 1316 3892 optimus
1347 3830 1452 3886 est,
1487 3822 1724 3892 primum
1755 3821 1962 3887 doceri,
1988 3834 2056 3875 ac

472 3911 671 3967 deinde
707 3911 880 3981 loqui.
929 3911 1259 3982 Disciplinas
1304 3918 1488 3966 autem
1544 3911 1638 3981 qui
1687 3911 1842 3966 cibos
1887 3911 2056 3965 animi

474 4015 600 4056 esse
625 3999 853 4062 dixerit,
890 4013 922 4051 a
962 4014 1091 4053 vero
1120 4014 1229 4052 non
1260 3999 1559 4052 aberrabit.
1610 3996 1679 4052 Ut
1716 4006 1897 4052 autem
1928 4011 2057 4052 cor-

476 4105 701 4160 poreum
752 4088 1074 4142 alimentum
1131 4088 1389 4143 dentibus
1435 4088 1858 4142 comminuendo
1897 4102 2061 4157 para-

477 4197 625 4245 mus,
649 4181 720 4233 ita
754 4190 813 4233 ut
842 4179 1151 4235 visceribus
1177 4179 1383 4235 nostris
1414 4178 1674 4233 idoneum
1703 4179 1795 4231 ﬁat
1821 4193 1836 4231 :
1866 4178 2059 4234 eodem

480 4270 647 4325 modo
671 4269 905 4324 facultas
934 4269 1180 4340 quaedam
1214 4269 1373 4325 estin
1401 4269 1605 4332 animo,
1633 4283 1755 4338 qure
1780 4268 2062 4322 doctrinas

481 4362 828 4429 comminuit,
859 4369 913 4418 et
949 4377 1048 4433 per
1072 4377 1238 4433 quam
1273 4362 1420 4417 utilis
1454 4360 1531 4415 illi
1564 4361 1623 4414 fit
1662 4361 1939 4427 doctrina,
1968 4359 2061 4431 qui

479 4468 600 4508 eam
632 4453 852 4524 recipit.
899 4451 1246 4523 QuaprOpter
1274 4468 1369 4509 eos
1412 4453 1689 4520 doctores,
1733 4454 1827 4523 qui
1861 4453 2067 4509 doctri-

2155 3359 2494 3413 δείκνυσθαι·
2525 3357 2637 3428 ἐγὼ
2662 3358 2720 3412 δέ
2747 3358 2885 3430 πρὸς
2910 3358 3095 3428 ἕτερον
3126 3358 3358 3429 βλέπων,
3391 3362 3743 3431 προτερεύειν

2159 3452 2217 3504 ἐν
2241 3452 2353 3513 τοῖς
2398 3449 2642 3513 ἐπαίνοις
2670 3448 2734 3502 τὸ
2760 3448 2867 3503 τῶν
2894 3448 3122 3504 ὀδόντων
3154 3449 3347 3514 κάλλος
3382 3451 3489 3521 πρὸ
3515 3451 3630 3505 τῶν
3654 3451 3742 3505 τοῦ

2161 3542 2429 3613 στόματος
2481 3541 2776 3611 ἐγκωμίων
2822 3539 3131 3610 λογίζομαι.
3174 3540 3333 3595 Μετὰ
3384 3541 3543 3595 τοῦτο
3594 3542 3705 3614 γὰρ
3728 3581 3742 3603 ,

2159 3632 2283 3686 οὐδὲ
2310 3632 2372 3685 τὸ
2409 3630 2585 3702 χεῖλος
2616 3631 2829 3701 ἀφῆκεν
2857 3632 3307 3701 ἀνεγκωμίαστον
3331 3673 3346 3697 ,
3385 3635 3651 3706 σπαρτίον
3673 3636 3745 3687 εἱ-

2162 3721 2279 3776 πὼν
2304 3720 2556 3775 κόκκινον
2584 3714 2726 3774 εἶναι
2754 3719 2824 3774 τὰ
2855 3719 3007 3792 χείλη
3031 3720 3204 3789 αὐτῆς
3230 3761 3244 3785 ,
3290 3721 3386 3775 καὶ
3420 3722 3520 3793 τὴν
3552 3722 3743 3775 λαλιάν

2163 3812 2397 3887 ὡραίαν.
2426 3811 2492 3865 Τί
2524 3806 2617 3865 οὖν
2657 3811 2687 3864 ὃ
2718 3812 2850 3883 περὶ⁵
2887 3810 3075 3864 τούτου
3122 3811 3484 3883 στοχάζομαις
3524 3814 3741 3885 ‘Apim

2164 3901 2317 3969 τάξις
2349 3902 2408 3956 ἐν
2440 3902 2553 3964 τοῖς
2615 3898 2931 3976 μαθήμασιν
2975 3899 3092 3951 ἐστι
3140 3897 3357 3969 πρῶτον
3403 3898 3743 3952 διδάσκεσθαι

2166 3995 2262 4049 καὶ
2307 3993 2431 4047 τότε
2487 3990 2863 4062 φθέγγεσθαι·
2909 3987 2979 4042 τὰ
3014 3988 3072 4041 δὲ
3102 3988 3406 4060 μαθήματα
3444 3990 3543 4061 τῆς
3571 3989 3742 4060 ψυχῆς

2171 4083 2440 4158 βρώματά
2469 4100 2551 4147 τις
2586 4080 2756 4136 εἰπὼν
2788 4077 2957 4146 εῖναι,
2989 4080 3086 4134 τοῦ
3112 4080 3321 4144 εἰκότος
3364 4082 3464 4151 οὐχ
3494 4083 3742 4154 ἁμαρτῆ-

2170 4192 2344 4230 σεται.
2375 4175 2592 4244 Ὥσπερ
2640 4172 2751 4243 γάρ
2795 4171 2861 4243 δὴ
2912 4171 3011 4242 τὴν
3057 4169 3373 4241 σωματικὴν
3403 4170 3611 4242 τροφὴν
3642 4172 3742 4231 τοῖς

2168 4268 2346 4323 ὀδοῦσι
2372 4265 2827 4331 καταλεάναντες,
2851 4262 3188 4333 κατάλληλον
3213 4262 3385 4333 αὐτὴν
3411 4264 3524 4326 τοῖς
3551 4262 3746 4328 σπλάγ-

2172 4380 2318 4434 χνους
2373 4359 2628 4431 γενέσθαι
2678 4355 3169 4428 παρασκευάζομεν
3195 4372 3212 4386 ·
3253 4354 3395 4408 κατὰ
3445 4354 3537 4407 τὸν
3590 4354 3744 4407 αὐτὸν

2172 4452 2372 4525 τρόπον
2405 4450 2520 4503 ὲστί
2546 4466 2631 4511 τις
2679 4445 3108 4516 λεπτοποιητικὴ
3136 4445 3243 4498 τῶν
3284 4444 3629 4514 διδαγμάτων
3660 4442 3743 4496 δύ-

481 4559 582 4599 nas
615 4557 740 4598 cum
770 4543 982 4613 judicio
1008 4542 1234 4597 tradunt
1257 4549 1314 4597 et
1352 4543 1689 4613 partiuntur,
1723 4558 2051 4613 quorumqm

2174 4559 2338 4614 ναμις
2365 4543 2422 4595 ἐν
2450 4542 2515 4611 τῇ
2540 4539 2686 4610 ψυχῇ
2706 4580 2722 4605 ,
2749 4537 2814 4592 δι’
2864 4533 2933 4609 ἦς
2959 4536 3215 4607 ὀφέλιμον
3244 4537 3453 4605 γίνεται
3495 4535 3573 4605 τῷ
3600 4535 3741 4605 δεχοο

482 4652 649 4707 opera
685 4637 892 4707 percipi
947 4636 1238 4692 commode
1283 4637 1538 4691 doctrina
1580 4645 1784 4707 potest,
1821 4646 1876 4691 et
1916 4638 2068 4692 utilis

483 4734 591 4790 est,
630 4725 860 4796 ﬁgurate
901 4725 1097 4785 dentes
1144 4727 1235 4780 hic
1278 4728 1541 4798 appellari
1590 4727 1734 4781 dico.
1785 4727 1969 4796 anue
2003 4728 2071 4784 de

487 4832 658 4874 causa
717 4819 870 4888 prius
925 4817 1089 4873 etiam
1141 4819 1333 4875 dentes
1388 4819 1745 4884 laudantur,
1779 4798 1943 4890 alque
1996 4820 2070 4873 ita

487 4908 687 4967 deinde
738 4910 1010 4965 labiorum
1069 4911 1376 4965 encomium
1430 4911 1682 4965 infertur.
1752 4910 1863 4966 Nec
1923 4911 2068 4966 enim

489 5000 634 5055 labia
666 5000 772 5055 sita
807 4999 863 5054 in
905 4999 1179 5069 loquendo
1225 4998 1633 5069 pulchritudine
1674 4999 1933 5055 ﬂorerent
1980 5016 2072 5056 or-

490 5099 641 5159 nata,
672 5091 780 5146 nisi
806 5090 998 5146 dentes
1024 5106 1120 5160 per
1148 5090 1454 5145 studiosam
1488 5090 1904 5159 disciplinarum
1937 5106 2071 5146 con-

491 5182 901 5253 templationem
934 5181 1095 5236 labiis
1141 5181 1283 5235 hanc
1318 5181 1491 5250 ipsam
1528 5181 1585 5235 in
1633 5182 1906 5252 loquendo
1947 5199 2072 5255 gra-

493 5272 624 5326 tiam
650 5272 987 5328 conferreut.
1034 5271 1187 5327 llauc
1219 5287 1321 5327 nos
1351 5288 1575 5328 causam
1596 5260 1945 5344 proferimus
1978 5276 2076 5329 ob—

496 5366 703 5422 servari
736 5365 792 5421 in
822 5365 911 5421 his
941 5364 1346 5422 laudationibus
1372 5365 1605 5422 ordinis.

522 5708 533 5719 .
569 5637 726 5693 Nunc
752 5647 967 5709 tempus
997 5638 1181 5704 fuerit,
1216 5649 1275 5694 ut
1303 5639 1357 5693 in
1390 5639 1760 5694 laudationem
1790 5638 1963 5708 ipsam
1995 5640 2078 5692 in-

423 5739 429 5746 '
503 5726 806 5795 quiramus,
841 5728 937 5797 qui
972 5727 1083 5794 ﬁat,
1108 5737 1168 5784 ut
1192 5727 1438 5785 dentium
1463 5728 1931 5799 pulchritudinem
1957 5746 2081 5784 cum

503 5816 681 5873 tonsis
728 5816 985 5887 gregibus
1013 5818 1279 5888 conferat,
1328 5835 1450 5892 quae
1495 5834 1687 5878 recens
1740 5821 1805 5878 dc
1863 5823 2084 5878 lavacro

2177 4637 2322 4707 μένῳ
2347 4635 2408 4688 τὸ
2443 4633 2693 4705 μάθημα.
2732 4631 2873 4694 Τοὺς
2893 4630 3074 4684 τοίνυν
3105 4626 3385 4701 κριτικούς
3410 4646 3470 4682 τε
3499 4630 3593 4682 καὶ
3621 4630 3744 4683 διαι-

2176 4724 2423 4797 ρετικοὺς
2444 4722 2554 4776 τῶν
2572 4720 2916 4792 διδαγμάτων
2940 4718 3261 4791 καθηγητὰς
3276 4760 3291 4784 ,
3312 4717 3378 4771 δι’
3395 4710 3468 4771 ὧν
3490 4717 3741 4787 εύληπτος

2173 4818 2306 4886 ἡμῖν
2352 4814 2565 4882 γίνεται
2622 4812 2718 4865 καὶ
2761 4808 3051 4881 ἐπωφελὴς
3088 4810 3122 4878 ἡ
3155 4807 3508 4871 διδασκαλία,
3537 4806 3743 4867 ὀδόντας

2175 4906 2281 4959 ὑπὸ
2304 4904 2398 4958 τοῦ
2423 4904 2581 4973 λόγου
2613 4902 2757 4972 φημὶ
2785 4898 3063 4971 τροπικῶς
3092 4896 3472 4968 ὀνομάζεσθαι.
3497 4889 3568 4949 Οῦ
3595 4896 3742 4967 χάριν

2179 4995 2554 5070 προλαμϐάνει
2585 4993 2695 5047 τῶν
2721 4992 2948 5045 ὀδόντων
2977 4991 3005 5044 ὁ
3032 4988 3282 5053 ἔπαινος,
3308 4984 3407 5042 εἷθ’
3432 4984 3604 5050 οὕτως
3634 4985 3744 5039 ἐπά-

2180 5105 2335 5159 γεται
2392 5084 2501 5140 τῶν
2534 5083 2757 5155 χειλέων
2790 5082 2850 5135 τὸ
2879 5079 3176 5151 ἐγκώμιον.
3207 5080 3281 5133 υύ
3324 5079 3433 5151 γὰρ
3476 5079 3540 5132 ἂν
3588 5078 3743 5147 ἐπήν-

2181 5180 2334 5234 θιστο
2367 5176 2443 5248 τῷ
2489 5173 2694 5245 λογικῷ
2727 5172 2914 5226 κάλλει
2943 5171 3004 5224 τὸ
3037 5171 3212 5241 χεῖλος
3239 5209 3254 5233 ,
3290 5169 3365 5242 μὴ
3392 5168 3498 5222 τῶν
3532 5167 3743 5221 ὀδόντων

2184 5270 2408 5324 ἐκείνων
2441 5267 2529 5322 διὰ
2561 5266 2661 5336 τῆς
2691 5263 3130 5334 φιλοπονωτέρας
3157 5262 3263 5314 τῶν
3299 5259 3634 5332 μαθημάτων
3658 5273 3743 5312 κα-

2183 5363 2490 5433 τανοήσεως
2518 5359 2616 5429 τὴν
2671 5360 2727 5411 ἐν
2778 5357 2890 5419 τοῖς
2937 5354 3118 5423 λόγοις
3155 5354 3314 5425 χάριν
3367 5351 3743 5406 ἐπιϐαλλόντων

2180 5457 2292 5517 τοῖς
2339 5452 2598 5524 χείλεσιν.
2635 5449 2825 5503 Αἱτίαν
2859 5449 2957 5519 μὲν
2990 5442 3081 5501 οὖν
3130 5447 3188 5500 ἐν
3219 5447 3331 5508 τοῖς
3358 5444 3597 5508 ἐπαίνοις
3628 5445 3740 5498 datm

2181 5546 2401 5609 λουθίας
2424 5543 2629 5613 ταύτην
2659 5540 2881 5595 ἐπὶτῶν
2909 5538 3134 5593 ὀδόντων
3165 5539 3599 5609 κατενοήσαμεν.

2256 5639 2461 5711 Καιρὸς
2492 5637 2536 5689 δ’
2566 5634 2631 5689 ἂν
2664 5636 2749 5706 εἴη
2796 5633 2890 5687 καὶ
2917 5630 3080 5685 αὐτὸν
3116 5629 3365 5695 ἐξετάσαι
3400 5629 3491 5682 τὸν
3522 5628 3743 5683 ἔπαινον,

2189 5731 2306 5794 πῶς
2335 5729 2672 5799 παραϐάλλει
2692 5727 2755 5780 τὸ
2785 5729 2840 5780 ἐν
2866 5727 2979 5787 τοῖς
3005 5722 3185 5777 ὀδοῦσι
3212 5720 3403 5783 κάλλος
3423 5721 3543 5782 ταῖς
3567 5730 3743 5786 κεκαρ-

2194 5823 2378 5889 μέναις
2414 5819 2635 5888 ἀγέλαις
2657 5859 2669 5883 ,
2695 5818 2750 5871 αἳ
2785 5816 2880 5871 νῦν
2911 5814 3002 5868 τοῦ
3033 5811 3258 5882 λουτροῦ
3287 5810 3595 5867 ἀναδυείσαι
3621 5803 3742 5861 διδύο
