3866 6350
160 416 263 472 9‘25

1184 426 1252 482 IN
1277 427 1574 485 CANTICA
1600 430 1870 489 CANTIC.
1913 435 2199 491 HOMILIA
2239 438 2349 493 Vll.

3310 444 3415 504 925

156 551 275 606 μοις
310 531 703 603 ἐπαγάλλοντσι
752 535 933 598 τόκοις
984 537 1124 590 κατά
1160 538 1221 590 τὸ
1253 533 1468 594 ἴσονάί
1516 545 1687 598 πᾶσαι
1711 562 1723 575 ·

1840 560 2064 616 egressa:
2101 547 2348 619 gemellis
2383 547 2584 604 fetibus
2623 549 2828 618 pariter
2878 565 3072 607 omnes
3113 556 3411 627 exsultant.

157 626 263 693 ἔχει
304 622 361 675 δὲ
399 622 538 676 κατὰ
567 622 665 693 τὴν
704 622 851 688 λέξιν
883 626 911 678 6
942 625 1165 691 ἔπαινος
1201 628 1376 694 οὕτως
1403 646 1418 661 ο
1461 633 1734 701 Ὀδόντες

157 732 270 767 σου
308 714 389 780 ὡς
439 713 647 782 ἀγέλαι
685 715 805 769 τῶν
845 719 1227 788 κεκαρμένων
1252 760 1265 785 ,
1317 722 1380 775 αἲ
1422 724 1734 792 ἀνέϐησαν

158 805 269 858 ἀπὸ
314 804 421 858 τοῦ
448 807 709 875 λουτροῦ
736 847 750 868 .
784 810 845 862 αἱ
892 808 1084 864 πᾶσαι
1121 810 1551 881 διδυμεύουσαι
1577 858 1591 879 ,
1632 816 1730 869 καί

158 896 494 951 ἀτεκνοῦσα
520 899 633 952 οὐκ
666 898 839 953 ἐστιν
875 900 969 954 ἐπ’
1001 902 1228 968 αὑταῖς.
1264 904 1436 957 Τοῦτο
1473 906 1651 959 τοίνυν
1683 909 1731 961 εί

159 988 291 1057 πρὸς
314 988 375 1041 τὸ
401 990 709 1060 σωματικὸν
742 991 838 1044 τοῦ
878 992 1272 1064 ὑποδείγματος
1303 995 1575 1066 βλέπομεν
1593 1039 1607 1063 ,
1632 1000 1733 1053 οὐκ

158 1075 268 1132 οἶδα
302 1079 418 1144 πῶς
442 1079 507 1135 ἄν
548 1099 630 1149 τις
655 1083 995 1138 ἐπαινεῖσθαι
1022 1087 1146 1151 τοὺς
1177 1088 1393 1153 ὀδόντας
1420 1092 1560 1144 εἴποι
1581 1132 1594 1155 ,
1645 1093 1733 1148 διὰ

158 1171 252 1240 τῆς
309 1172 446 1242 πρὸς
494 1173 590 1237 τὰς
649 1175 1050 1243 πολυγονούσας
1105 1178 1311 1246 ἀγέλας
1373 1182 1729 1253 συγκρίσεως,

171 1262 424 1316 Ὀδόντων
455 1264 554 1335 μὲν
588 1265 696 1338 γὰρ
722 1266 974 1333 ἔπαινος,
1006 1271 1039 1340 ή
1072 1270 1368 1342 στερρότης
1398 1274 1514 1327 ἐστὶ
1559 1276 1654 1328 καὶ
1698 1276 1731 1347 ἡ

159 1352 469 1423 ἐναρμόνιος
497 1355 648 1419 θέσις
672 1395 687 1421 ,
725 1358 819 1411 zeal.
847 1358 907 1410 τὸ
942 1359 1155 1428 παγίως
1188 1360 1256 1414 δι’
1293 1362 1502 1431 ὁμαλῆς
1547 1380 1605 1416 τε
1639 1365 1732 1419 καὶ

157 1445 446 1499 ἀκολούθου
494 1448 595 1517 τῆς
643 1449 911 1519 ἁρμονίας
960 1452 1334 1522 ἐμπεφυκέναι
1380 1457 1494 1518 τοῖς
1528 1454 1729 1521 ούλοις.

158 1538 217 1588 Ai
243 1536 299 1589 δὲ
330 1537 718 1593 ἀναϐαίνουσαι
744 1540 850 1593 ἀπὸ
873 1540 967 1594 τοῦ
996 1541 1221 1614 λουτροῦ
1246 1544 1440 1611 ἀγέλαι
1470 1546 1610 1616 μετά
1635 1547 1734 1619 τῆς

157 1627 370 1699 διδύμου
411 1630 573 1702 γονῆς
615 1631 1088 1688 ἐπισκεδασθεῖσαι
1132 1637 1254 1698 ταῖς
1300 1636 1535 1701 νάπαις,
1577 1638 1733 1694 ποίαν

158 1715 377 1769 ὀδόντων
412 1717 820 1789 ὑπογράφουσιν
869 1718 1019 1790 ὤραν
1070 1720 1148 1791 τῷ
1193 1720 1314 1775 καθ’
1365 1722 1564 1786 ἑαυτὰς
1599 1723 1732 1776 ὑπο-

158 1806 402 1877 δείγματι
426 1847 442 1872 ,
480 1810 581 1861 οὐκ
609 1809 754 1862 ἔστιν
784 1812 848 1864 ἐκ
873 1812 969 1864 τοῦ
1019 1813 1311 1883 προχείρου
1359 1816 1689 1884 κατανοῆσαι
1715 1830 1730 1843 ⁶

157 1888 296 1951 οὗτοι
348 1900 630 1971 στοιχηδὸν
673 1901 1067 1972 συνεστήκασιν
1117 1902 1454 1973 ὲναρμόνίως
1493 1904 1735 1976 ἀλλήλων

157 1989 399 2059 ἐχόμενοι
424 2007 440 2023 ο
485 1994 688 2045 ἐκεῖναι
737 1992 797 2045 δὲ
840 1994 934 2046 ἀπ’
960 1994 1203 2065 ἀλλήλων
1252 1994 1733 2059 διασκεδάννυνται

159 2079 288 2151 πρὸς
319 2080 417 2152 τὴν
449 2081 635 2153 χρείαν
676 2084 775 2153 τῆς
818 2084 989 2155 νομῆς
1031 2084 1406 2156 ἁραιούμεναι.
1444 2087 1605 2141 Ἀλλὰ
1641 2089 1734 2142 καὶ

161 2172 342 2244 γυμνῷ
371 2174 454 2245 τῷ
499 2176 671 2229 ὀδόντι
704 2176 845 2230 κατὰ
876 2177 1039 2246 φύσιν
1084 2178 1198 2232 ὄντι
1239 2181 1320 2243 είς
1353 2179 1640 2252 σύγκρισιν
1670 2182 1732 2235 τὸ

158 2265 500 2338 ἐρειοφοροῦν
538 2268 639 2321 οὐκ
676 2270 1032 2341 εὐάρμοστον.
1071 2268 1282 2323 Οὐκοῦν
1315 2271 1634 2341 ἐρευνητέον
1667 2271 1732 2325 ἂν

159 2355 272 2427 εἴη,
299 2357 419 2422 πῶς
455 2358 484 2410 6
535 2359 757 2431 κοσμῶν
785 2361 853 2414 δι’
881 2361 1174 2432 ἐγκωμίων
1213 2361 1311 2433 τὴν
1348 2362 1458 2416 τῶν
1506 2363 1733 2418 ὀδόντων

163 2450 516 2522 εὐαρμοστίαν
536 2494 550 2518 ,
583 2456 703 2516 ταῖς
739 2454 1112 2524 διδυμοτόκοις
1144 2455 1370 2523 ἀγέλαις
1399 2456 1733 2526 παραϐάλλει

167 2542 214 2594 τὸ
236 2542 431 2606 κάλλος
447 2585 461 2610 ,
490 2546 608 2607 ταῖς
636 2545 1105 2615 ἀποκειραμέναις
1127 2546 1190 2599 τὸ
1211 2547 1378 2618 ἔριον,
1401 2548 1497 2601 καὶ
1524 2547 1735 2620 λουτρῷ

163 2630 242 2683 τὸν
266 2633 439 2703 ῥύπον
469 2634 948 2706 ἁποκλυσαμέναις
972 2636 1067 2690 τοῦ
1095 2636 1365 2707 σώματος.
1392 2638 1458 2691 Τί
1490 2636 1583 2692 οὖν
1605 2642 1732 2708 περ)⁸

165 2723 351 2778 τούτων
387 2726 804 2797 άπονοήσομεν;
839 2729 903 2781 Ol
945 2728 1014 2782 τὰ
1061 2728 1180 2782 θεῖα
1208 2730 1483 2802 μυστήρια
1518 2730 1606 2784 διὰ
1636 2748 1732 2783 σα-

162 2815 424 2887 φεστέρας
469 2817 782 2888 ἐξηγήσεως
812 2818 1258 2884 λεπτοποιοῦντες
1282 2862 1296 2885 ,
1328 2820 1403 2883 ὡς
1433 2822 1734 2892 εὐπαράδε-

161 2923 279 2963 κτον
321 2909 427 2979 τὴν
459 2910 835 2982 πνευματικὴν
880 2911 1085 2983 τροφὴν
1115 2913 1327 2984 ταύτην
1359 2912 1613 2982 γενέσθαι
1657 2913 1736 2984 τῷ

161 2999 365 3070 σώματι
404 3001 504 3072 τῆς
540 3002 867 3075 Ἐκκλησίας
886 3045 900 3071 ,
931 3000 1075 3060 οὗτοι
1104 3007 1165 3059 τὸ
1184 3005 1292 3059 τῶν
1318 3006 1543 3060 ὀδόντων
1574 3006 1735 3079 ἔργον

168 3092 480 3146 ἀποτελοῦσι
503 3134 517 3158 ,
544 3094 723 3166 παχύν
766 3112 823 3149 τε
863 3100 957 3150 καὶ
990 3097 1301 3153 συνεστῶτα
1329 3099 1421 3152 τοῦ
1461 3099 1621 3168 λόγου
1644 3099 1735 3152 τὸν

1835 635 2010 692 Verba
2042 637 2277 693 encomii
2324 639 2440 693 haec
2484 648 2651 693 sunt:
2691 638 2883 695 Dentes
2932 642 3012 695 tui
3058 644 3195 697 sicut
3237 662 3414 717 greges

1835 735 2132 790 tonsarum,
2180 743 2297 796 qua:
2343 726 2409 782 de
2445 727 2656 783 lavacro
2706 729 3077 793 ascenderunt,
3136 742 3186 786 et
3236 750 3415 791 omnes

1830 818 2063 886 geminos
2117 819 2377 884 pariunt,
2450 834 2610 888 neque
2677 819 2878 874 sterilis
2945 821 3084 874 inter
3137 838 3227 875 ea:
3275 823 3412 878 ulla.

1831 906 1949 963 Jam
1987 910 2035 964 si
2065 909 2133 963 ad
2173 923 2492 978 corpoream
2529 908 2698 979 hujus
2722 910 2960 979 exempli
3008 912 3280 968 rationem
3327 928 3415 968 re-
3508 903 3514 909 ’

1834 999 2153 1068 Spiciamns,
2197 999 2339 1054 haud
2372 1001 2488 1054 scio
2513 1002 2604 1070 qui
2635 1002 2811 1069 possit
2841 1001 3044 1071 aliquis
3082 1003 3265 1060 dicere
3294 1004 3416 1058 lau-

1832 1091 1952 1145 dari
1984 1092 2177 1146 dentes
2223 1108 2317 1161 per
2356 1094 2822 1162 comparationem
2872 1094 3181 1149 institutam
3228 1097 3296 1151 ad
3330 1096 3413 1152 fe-

1833 1183 2046 1238 cundas
2077 1200 2288 1254 greges.
2329 1185 2541 1240 Etenim
2576 1186 2820 1241 dentium
2866 1189 3045 1257 posita
3087 1188 3209 1245 laus
3242 1196 3327 1244 est
3358 1190 3413 1243 in

1833 1274 2132 1339 soliditate,
2167 1283 2223 1331 et
2265 1277 2318 1330 in
2357 1277 2464 1333 situ
2497 1285 2625 1346 apto
2666 1287 2830 1348 atque
2856 1279 3139 1348 elegante;
3174 1280 3416 1350 itemque

1834 1367 1890 1422 in
1920 1382 2008 1433 eo,
2044 1378 2101 1422 ut
2133 1369 2362 1425 firmiter
2396 1386 2424 1423 ιι
2457 1379 2655 1424 natura
2693 1370 2948 1439 aequabili
2979 1372 3215 1441 quadam
3247 1374 3414 1427 seriei

1834 1457 2206 1513 concinnitate
2238 1458 2472 1528 gingivis
2509 1458 2659 1514 infixi
2692 1461 2824 1514 sint.
2858 1460 2928 1514 At
2949 1476 3077 1515 vero
3107 1476 3299 1532 greges
3348 1463 3417 1518 de

1834 1546 2055 1604 lavacro
2080 1564 2207 1604 cum
2250 1549 2454 1606 fetibus
2486 1552 2733 1622 gemellis
2775 1552 3160 1615 ascendentes,
3212 1568 3418 1623 perque

1837 1639 2013 1693 saltus
2066 1640 2324 1710 dispersi,
2387 1642 2604 1711 qualem
2649 1641 2895 1697 dentium
2952 1642 3415 1711 pulchritudinem

1837 1730 1998 1785 nobis
2030 1730 2348 1802 depingunt,
2403 1748 2510 1786 non
2556 1740 2645 1790 .est
2692 1734 2749 1787 in
2792 1733 3020 1802 proclivi
3074 1734 3414 1803 perspicere.

1836 1822 1972 1878 Nam
2010 1825 2200 1879 dentes
2232 1832 2382 1880 certa
2422 1825 2564 1879 serie
2592 1826 2929 1887 consistunt,
2982 1824 3252 1879 concinna
3277 1839 3417 1894 qua-

1766 1895 1808 1949 Β
1838 1914 1962 1968 dam
1996 1915 2209 1969 ratione
2244 1914 2349 1970 sibi
2381 1914 2616 1969 invicem
2652 1914 2928 1985 contigui:
2961 1929 3086 1970 cum
3118 1930 3311 1983 greges
3337 1915 3418 1969 illi

1835 2003 2071 2073 sparsim
2095 2018 2126 2058 a
2149 2018 2208 2058 se
2232 2003 2467 2058 invicem
2491 2002 2800 2067 discedant,
2821 2002 3027 2070 passim
3050 2013 3415 2068 rarescentes,

1836 2105 1897 2151 ut
1921 2095 2291 2151 necessarium
2328 2095 2433 2149 sibi
2461 2103 2678 2165 pastum
2709 2104 2977 2164 quaerant.
3014 2094 3281 2150 Praeterea
3307 2109 3417 2150 non

1836 2187 2092 2242 convenit
2112 2186 2328 2240 dentem
2359 2200 2389 2238 a
2416 2195 2613 2239 natura
2644 2184 2855 2239 nudum
2882 2199 3006 2238 cum
3037 2184 3143 2237 hoc
3168 2185 3416 2249 animali,

1835 2276 1981 2347 quod
2009 2278 2189 2331 lanam
2228 2278 2390 2347 gerit,
2431 2278 2763 2345 comparari.
2790 2275 3141 2346 Quapropter
3192 2277 3418 2331 investi-

1836 2367 2075 2438 gandum
2107 2367 2269 2422 nobis
2314 2376 2419 2433 est,
2470 2368 2565 2436 qui
2599 2366 2691 2421 [lat
2721 2375 2780 2423 ut
2809 2367 3079 2422 encomiis
3113 2367 3420 2435 pulcherri-

1836 2471 1982 2510 mam
2012 2456 2257 2511 dentium
2288 2458 2719 2513 concinnitatem
2764 2456 3075 2523 celebrans,
3111 2457 3253 2511 hanc
3298 2456 3420 2510 illo-

1835 2564 1957 2604 rum
1984 2550 2308 2619 elegantiam
2332 2565 2456 2604 cum
2477 2549 2736 2620 gregibus
2761 2549 3022 2619 gemellos
3055 2549 3419 2618 parientibus,

1836 2640 2037 2707 quibus
2068 2640 2312 2695 detonsae
2352 2640 2490 2694 [ante
2519 2640 2653 2704 sint,
2700 2654 2933 2709 quicque
2972 2640 3191 2694 lavacro
3223 2639 3419 2693 sordes

1836 2730 2083 2800 corporis
2111 2731 2403 2792 abluerint,
2434 2730 2703 2784 conferat.
2748 2729 2888 2795 Quid
2927 2745 3059 2799 ergo
3088 2731 3156 2784 de
3199 2729 3285 2784 his
3315 2745 3418 2785 nos

1836 2819 2248 2889 indagabimus?
2292 2820 2618 2889 Quicunque
2673 2820 2859 2875 divina
2908 2820 3168 2889 mysteria
3204 2821 3418 2889 perspi-

1836 2927 1939 2968 cua
1968 2913 2203 2983 quadam
2228 2913 2576 2968 enarratione
2606 2913 2767 2982 quasi
2801 2912 3206 2975 comminuunt,
3240 2920 3300 2966 ut
3320 2913 3422 2967 ali-

1837 3013 2082 3059 mentum
2099 3005 2383 3074 spirituale
2400 3004 2616 3059 facilius
2643 3003 2817 3072 accipi
2844 3018 2873 3056 a
2896 3018 3129 3072 corpore.
3160 3002 3422 3058 Ecclesia:

1839 3094 2034 3164 possit,
2073 3094 2129 3147 hi
2158 3094 2405 3149 dentium
2444 3108 2583 3163 opus
2614 3093 2935 3163 coniiciunt,
2972 3107 3332 3163 crassumque
3368 3103 3423 3149 ct

169 3183 318 3254 Ξρτον
341 3185 418 3257 τῷ
443 3185 655 3239 ἑαυτῶν
701 3188 1067 3258 λαμϐάνοντες
1097 3189 1362 3261 στόματι,
1394 3191 1488 3244 καὶ
1523 3191 1611 3245 διὰ
1638 3192 1737 3261 τῆς

1840 3184 2231 3240 consistentem
2277 3185 2431 3241 verbi
2482 3200 2679 3255 panem
2708 3200 2829 3241 ‘suo
2883 3198 2980 3240 ore
3021 3196 3320 3251 sumentes,
3369 3193 3423 3241 et

169 3279 665 3351 λεπτομερεστέρας
691 3277 965 3350 εύϐρωτον
989 3282 1109 3343 ταῖς
1139 3280 1339 3351 ψυχαῖς
1371 3280 1483 3335 τῶν
1515 3282 1739 3353 δεχομέ-

169 3386 263 3421 νων
294 3368 812 3441 παρασκευάζοντες
831 3410 845 3433 ,
878 3365 989 3423 οἷον
1031 3370 1312 3442 (κρεῖττον
1337 3371 1447 3444 γὰρ
1490 3375 1581 3427 ἐπὶ
1612 3375 1742 3428 ὐπο-

167 3458 465 3531 δειγμάτων
493 3463 844 3533 παραστῆσαι
876 3461 1169 3533 τὺηνόημα)
1239 3465 1268 3517 6
1294 3465 1563 3535 μακάριος
1594 3466 1741 3520 Παῦ-

168 3549 250 3613 λος
274 3548 367 3605 νῦν
402 3551 505 3622 μὲν
524 3551 711 3616 άπλῶς
736 3569 797 3605 τε
823 3552 919 3607 καὶ
940 3552 1333 3617 άκατασκεύως
1352 3593 1367 3618 ,
1402 3554 1592 3627 ὥσπερ
1620 3554 1745 3609 τινὰ

167 3640 346 3713 ψωμὸν
366 3641 781 3714 ἀκατέργαστον
814 3641 1134 3713 προτίθησιν
1168 3643 1301 3714 ἡμῖν
1340 3642 1403 3696 τὸ
1446 3642 1539 3696 τοῦ
1573 3644 1740 3715 νόμου

168 3731 527 3801 παράγγελμα
551 3771 566 3795 ,
609 3730 783 3799 λέγων
803 3747 817 3761 ⁸
843 3733 925 3785 Οὐ
948 3730 1236 3801 φιμώσεις
1262 3732 1423 3796 ,ϐοῦν
1448 3732 1739 3789 ἀλοῶντα.

169 3822 329 3877 Πάλιν
353 3824 444 3878 διὰ
471 3824 571 3893 τῆς
598 3822 989 3894 ἐπεξηγήσεως
1012 3824 1314 3891 ἁπαλύνας,
1338 3824 1741 3895 εὐπαράδεκτον

168 3919 304 3969 ποιεῖ
326 3914 386 3970 τὸ
419 3915 516 3968 τοῦ
549 3915 718 3988 νόμου
743 3915 1008 3987 βούλημα,
1039 3914 1214 3983 λέγων
1233 3930 1249 3946 ’
1289 3914 1386 3983 Μὴ
1412 3914 1534 3969 τῶν
1574 3914 1743 3980 ,Βοῶν

166 4002 326 4073 μέλει
351 4001 432 4071 τῷ
460 4002 581 4070 Θεῷ
603 4044 619 4070 ,
647 4004 686 4073 ἢ
713 4004 787 4057 δι’
813 4003 971 4073 quin;
1013 4003 1251 4069 πάντως
1275 4002 1618 4073 ἐγεγράφεκ
1647 4002 1742 4056 καὶ

169 4094 298 4150 ἄλλα
320 4095 545 4150 τοιαῦτα
566 4095 735 4149 πολλά
754 4111 767 4123 ·
792 4091 923 4160 οἷον,
955 4094 1201 4165 Ἀϐραὰμ
1220 4094 1329 4149 δύο
1346 4094 1515 4161 υἱοὺς
1534 4093 1738 4163 ἔσχεν,

169 4183 272 4240 ἕνα
291 4187 361 4241 ἐκ
385 4185 500 4255 τῆς
523 4185 881 4254 παιδίσκης,
908 4186 1006 4241 καὶ
1028 4186 1235 4245 ἔνα,ἐκ
1265 4184 1374 4254 τῆς
1397 4186 1740 4256 ἐλευθέρας.

170 4276 332 4331 Τοῦτο
353 4281 381 4333 ό
413 4277 825 4349 άκατέργαστος
853 4277 1036 4349 ἄρτος.
1076 4277 1238 4331 Ἀλλὰ
1275 4279 1394 4341 πῶς
1422 4278 1589 4332 αὐτὸν
1625 4278 1743 4332 δια-

170 4364 440 4421 λεπτύνων
484 4365 739 4437 ἐδώδιμον
787 4369 931 4419 ποιεῖ
971 4367 1082 4430 τοῖς
1116 4368 1474 4438 τρεφομένοις
1497 4407 1512 4433 ,
1541 4369 1620 4431 εἰς
1650 4368 1745 4421 δύο

174 4454 439 4527 Διαθήκας
466 4455 867 4527 μεταλαμϐάνει
911 4457 1011 4526 τὴν
1065 4458 1307 4530 ἱστορίαν
1332 4498 1346 4521 ,
1385 4458 1484 4529 τὴν
1539 4460 1636 4528 μὲν
1664 4461 1743 4523 είς

1843 3290 1939 3344 per
1966 3275 2304 3330 subtiliorem
2354 3277 2869 3346 contemplationem
2901 3284 3090 3347 aptum
3129 3277 3250 3333 esui
3293 3277 3422 3333 red-

1842 3366 2036 3422 dentes
2067 3366 2268 3421 animis
2314 3381 2505 3421 eorum
2543 3367 2637 3437 qui
2689 3367 3021 3438 suscipiunt,
3077 3377 3139 3423 ut
3190 3370 3422 3438 exempli

1843 3472 2011 3513 causa
2043 3457 2261 3528 (melius
2289 3467 2376 3513 est
2404 3459 2552 3514 enim
2577 3459 2843 3527 exemplis
2865 3474 3089 3515 sensum
3121 3461 3421 3529 exponere)

1842 3548 2036 3605 beatus
2071 3548 2278 3603 Paulus
2317 3563 2465 3602 nunc
2507 3546 2728 3617 quidem
2767 3548 3094 3618 simpliciter
3129 3559 3183 3604 et
3215 3550 3424 3620 absque

1843 3641 1955 3695 ulla
1992 3640 2412 3710 praeparatione,
2444 3647 2705 3708 tanquam
2735 3638 2974 3695 frustum
3003 3640 3278 3711 quoddam
3309 3658 3422 3697 non

1843 3730 2177 3795 confectum,
2201 3729 2361 3785 nobis
2377 3729 2636 3799 proponit
2662 3728 2798 3800 legis
2821 3740 3175 3800 prmeeptum,
3199 3732 3418 3787 dicens:

1844 3821 1967 3876 Non
1990 3820 2265 3876 obturabis
2290 3838 2349 3876 os
2386 3820 2502 3877 bovi
2544 3822 2823 3875 trituranti
2846 3823 2916 3878 ".
2947 3822 3164 3879 Rursus
3194 3840 3317 3879 cum
3367 3825 3423 3880 id

1844 3911 2258 3967 comminuisset
2283 3926 2380 3981 per
2410 3910 2833 3981 expositionem,
2878 3912 3011 3967 facit
3050 3920 3111 3967 ut
3156 3913 3295 3983 legis
3322 3928 3423 3969 vo-

1844 4003 2027 4058 luntas
2055 4001 2215 4058 facile
2244 4002 2415 4072 possit
2435 4001 2630 4071 accipi,
2664 4002 2891 4057 dicens:
2926 4002 3075 4057 Num
3097 4002 3248 4058 boves
3280 4020 3423 4060 cura:

1843 4101 1969 4149 sunt
1999 4091 2124 4157 Deo,
2166 4108 2236 4146 an
2276 4102 2489 4162 propter
2518 4109 2612 4147 nos
2653 4094 2867 4147 omnino
2902 4094 3101 4163 scripta
3123 4095 3342 4149 sunt"?
3369 4104 3424 4151 et

1844 4187 1949 4241 alia
1998 4186 2167 4240 multa
2218 4184 2514 4255 ejusmodi,
2569 4191 2649 4251 ut,
2704 4183 2978 4238 Abraham
3022 4185 3158 4240 duos
3201 4185 3425 4241 habebat

1844 4278 2009 4348 ﬁlios,
2064 4293 2227 4331 unum
2268 4292 2336 4332 ea;
2381 4276 2602 4340 ancilla,
2646 4285 2697 4329 et
2718 4291 2882 4329 unum
2914 4291 2977 4330 ea:
3013 4274 3183 4330 libera
3210 4277 3279 4329 ⁸⁸.
3326 4276 3426 4332 llic

1847 4368 2003 4438 panis
2041 4376 2126 4421 est
2153 4381 2261 4419 non
2309 4365 2614 4419 conlectus.
2656 4363 2764 4418 Sed
2794 4364 3018 4433 quando
3067 4380 3190 4420 eum
3230 4365 3426 4421 deinde

1846 4456 2247 4520 comminuens,
2299 4454 2430 4508 facit
2453 4454 2799 4508 esculentum
2836 4455 2904 4509 iis
2949 4458 3042 4525 qui
3083 4457 3421 4522 nutriuntur,

165 4538 448 4598 δουλείαν
466 4543 781 4613 γεννῶσαν
803 4562 816 4575 ·
842 4544 958 4613 τὴν
980 4544 1048 4599 δὲ
1067 4546 1177 4615 τῆς
1202 4534 1486 4614 δουλείας
1501 4546 1737 4602 ἐλευθε-

1847 4545 1917 4599 ad
1954 4545 2421 4600 duoTestamenta
2453 4545 2719 4598 transfert
2763 4544 3071 4610 historiam,
3108 4561 3272 4601 unum
3305 4547 3422 4616 qui-

168 4630 419 4701 ροῦσαν.
452 4632 611 4690 Οὕτω
636 4638 730 4690 καὶ
757 4642 936 4692 πάντα
961 4636 1050 4693 τὸν
1072 4638 1254 4708 νόμον,
1293 4637 1380 4691 ἵνα
1416 4638 1491 4709 μὴ
1514 4639 1585 4693 τά
1616 4638 1735 4693 καθ’

169 4718 394 4781 ἕκαστον
414 4725 665 4797 λέγοντες
687 4729 1072 4799 διατρίϐωμεν,
1108 4728 1424 4800 παχυμερὲς
1453 4728 1614 4800 σῶμα
1640 4728 1738 4782 λα·

169 4809 299 4882 δὼν,
325 4815 676 4874 λεπτύνειδιά
701 4821 800 4891 τῆς
821 4819 1072 4892 θεωρίας,
1094 4818 1459 4890 πνευματικὸν
1486 4818 1647 4873 αὑτὸν
1676 4820 1743 4873 ἐκ

179 4909 489 4977 σωματικοῦ
512 4910 875 4983 ἐργαζόμενος
900 4930 914 4943 ο
946 4910 1229 4981 Οἴδαμεν,
1254 4910 1450 4980 λέγων,
1475 4911 1612 4967 ὅτιὸ
1637 4911 1739 4966 νό-

170 5013 277 5064 μος
303 5000 702 5068 πνευματικός
729 4999 917 5055 ἐστιν.
936 5000 1117 5070 Ὅπερ
1146 5000 1324 5053 τοίνυν
1358 5000 1451 5052 ἐπὶ
1476 5001 1565 5055 τοῦ
1596 5002 1742 5056 Παύ-

171 5086 259 5141 λου
287 5094 722 5162 κατενοήσαμεν,
758 5092 834 5156 ὡς
866 5092 1090 5146 ὀδόντων
1120 5091 1279 5165 χρεία
1309 5095 1375 5163 τῇ
1423 5094 1741 5165 Ἐκκλησία,

173 5179 518 5253 πληρούντων
562 5186 618 5238 ἐν
650 5185 728 5256 τῷ
758 5184 1129 5239 διαλεπτύνειν
1159 5183 1259 5256 τὴν
1304 5184 1414 5238 τῶν
1459 5184 1744 5255 δογμάτων

175 5274 464 5343 σαφήνειαν
483 5291 496 5305 ο
523 5275 681 5330 τοῦτο
722 5276 818 5329 καὶ
844 5276 937 5328 ἐπὶ
966 5275 1163 5338 παντὸς
1195 5274 1289 5329 τοῦ
1338 5276 1477 5330 κατά
1513 5276 1745 5347 μίμησιν

173 5362 375 5417 ἐκείνου
427 5366 819 5438 διασαφοῦντος
870 5369 1007 5439 ἡμῖν
1047 5368 1107 5422 τὸ
1148 5369 1445 5440 μυστήριον
1489 5367 1741 5438 λέγομεν.

174 5453 377 5509 Οὐκοῦν
404 5458 615 5523 ὀδόντες
646 5459 753 5515 είσὶ
784 5461 882 5531 τῆς
928 5459 1258 5532 Ἐκκλησίας
1283 5462 1332 5513 οἱ
1366 5460 1465 5531 τὴν
1509 5446 1746 5531 άκατέρ·

172 5557 368 5607 γαστον
400 5548 509 5603 τῶν
544 5549 703 5605 θείων
735 5550 932 5618 λογίων
963 5551 1104 5605 πόαν
1134 5550 1585 5614 λεπτοποιοῦντες
1614 5552 1749 5622 ἡμῖν

172 5636 265 5693 καὶ
326 5639 741 5712 μηρυκίζοντες.
792 5643 1005 5711 Ὥσπερ
1060 5643 1242 5696 τοίνυν
1279 5642 1588 5714 ὑπογράφει
1640 5640 1749 5697 τῶν

1846 4635 1962 4690 dem
1986 4651 2239 4706 generum
2268 4633 2338 4687 ad
2374 4636 2693 4700 servitutem,
2728 4635 2956 4689 alterum
2987 4645 3161 4690 autem
3192 4636 3424 4692 liberans

1848 4746 1881 4784 a
1911 4729 2178 4783 servitute.
2212 4725 2303 4782 Sic
2331 4734 2386 4783 et
2423 4726 2737 4781 universam
2772 4727 2969 4797 legem,
3000 4744 3068 4783 ne
3104 4728 3160 4783 in
3194 4730 3427 4799 singulis

1848 4820 2226 4882 immoremur,
2273 4833 2396 4873 cum
2426 4832 2546 4873 eam
2576 4818 2883 4888 accepisset
2919 4833 3171 4875 crassum
3201 4835 3423 4891 corpus,

1848 4911 2174 4968 comminuit
2204 4926 2301 4981 per
2325 4911 2867 4981 contemplationem,
2897 4927 3015 4967 eam
3050 4929 3115 4969 ex
3153 4912 3425 4982 corporali

1847 5006 2085 5062 efﬁciens
2119 5004 2485 5074 spiritualem,
2530 5003 2754 5060 dicens:
2799 5002 3008 5059 Scimus
3047 5004 3185 5074 quod
3219 5005 3305 5058 (ex
3342 5012 3423 5057 est

1849 5094 2147 5166 spiritualis
2170 5094 2233 5148 ".
2269 5093 2426 5160 Quod
2452 5109 2586 5163 ergo
2615 5096 2670 5150 in
2699 5095 2871 5150 Paulo
2913 5095 3422 5160 animadvertimus,

1851 5189 2095 5246 Ecclesia
2140 5203 2280 5257 opus
2307 5187 2473 5243 habet
2514 5187 2774 5245 dentibus
2812 5188 2882 5242 ad
2920 5186 3318 5243 conciliandam
3365 5186 3425 5242 in

1849 5278 2271 5334 comminuendo
2315 5277 2664 5348 dogmatibus
2691 5277 2995 5333 claritatem
3046 5293 3061 5330 :
3111 5276 3215 5329 hoc
3257 5277 3423 5331 etiam

1849 5372 2086 5427 dicimus
2114 5371 2167 5424 in
2196 5371 2310 5437 illo,
2360 5371 2457 5441 qui
2482 5370 2551 5425 ad
2590 5371 2710 5440 ejus
2746 5369 3106 5424 imitationem
3138 5368 3298 5424 nobis
3322 5368 3429 5424 de-

1832 5451 2016 5516 ‘clarat
2045 5461 2325 5533 mysteria.
2356 5459 2501 5514 Sunt
2517 5473 2649 5530 ergo
2675 5459 2868 5514 dentes
2883 5457 3161 5521 Ecclesiae,
3189 5459 3283 5526 qui
3311 5471 3423 5512 non

1845 5553 2152 5610 confectam
2170 5554 2478 5608 divinorum
2495 5552 2840 5623 eloquiorum
2865 5549 3088 5605 herbam
3103 5550 3264 5605 nobis
3280 5564 3426 5605 com-

1847 5646 2104 5701 minuunt
2130 5652 2184 5700 et
2214 5644 2511 5701 ruminant.
2545 5642 2667 5709 Quo
2708 5641 2883 5711 modo
2918 5656 3047 5711 ergo
3089 5655 3282 5696 eorum
3327 5642 3425 5713 qui

248 5817 336 5873 “l
368 5819 495 5879 Cor.
526 5839 602 5888 ις,
643 5823 676 5877 9
710 5839 866 5891 sqq.;
903 5821 1057 5881 Deut.
1117 5838 1242 5888 xxv,
1276 5824 1328 5878 ί.
1406 5824 1447 5854 ⁸⁷
1486 5821 1618 5878 ibid.
1696 5822 1738 5854 “
1765 5819 1943 5878 Galat.
1986 5838 2062 5883 tv.
2103 5820 2173 5874 9.2
2222 5836 2344 5892 sqq.
2426 5824 2466 5901 f9
2525 5821 2680 5876 Rom.
2750 5836 2846 5890 vn,
2898 5819 2980 5874 Η.
