3866 6426
431 463 539 521 99Γῖ
902 465 907 471 ’
1634 461 1691 517 S.
1720 459 2051 517 GREGORII
2079 457 2376 515 NYSSENI
3592 456 3744 515 9'3

434 584 639 637 bonum
672 595 813 650 opus
854 579 1204 650 episcopatus
1231 577 1546 634 desiderant
1569 580 1636 644 '°,
1677 579 1893 651 singula
1926 579 2005 633 di-

2135 577 2205 630 τοῦ
2233 575 2401 630 καλοῦ
2428 574 2589 646 ἔργου
2615 572 2716 644 τῆς
2749 571 3060 643 ἐπισκοπῆς
3091 552 3435 643 ὀρεγομένων
3467 571 3557 624 τὸν
3586 570 3741 641 βίον

432 672 596 727 vinus
628 673 1123 743 describitPaulus,
1140 680 1193 728 et
1212 673 1468 727 convenit
1503 687 1630 727 eum
1681 672 1777 743 qui
1816 686 2017 727 munus

2135 668 2321 731 Maio;
2362 666 2682 729 Ἀπόστολος
2706 705 2721 729 ,
2769 664 2946 733 λέγων
2992 663 3060 717 τά
3105 663 3225 717 καθ’
3267 664 3499 716 ἕκαστον
3523 704 3539 728 ,
3589 657 3739 718 οἷον

433 761 635 832 accipit
662 761 1035 832 episcopatus,
1078 777 1204 818 cum
1228 756 1486 819 omnibus
1510 762 1713 819 habere
1737 763 1901 818 etiam
1926 763 2019 817 do-

2135 757 2258 814 εἷναι
2279 761 2548 831 προσήκει
2578 758 2666 812 τὸν
2698 758 2800 828 τῆς
2832 756 3136 828 ἱερωσύνης
3171 756 3601 827 ἐπειλημμένον,
3635 755 3739 819 ὡς

432 853 592 909 cendi
646 854 877 924 gratiam
913 872 926 908 :
965 855 1047 909 sic
1092 855 1182 909 hic
1228 869 1345 920 eos,
1399 854 1493 925 qui
1530 854 1597 908 ad
1647 854 2016 910 ministerium

435 942 684 997 dentium
716 942 956 998 ordinati
991 951 1121 997 sunt
1149 943 1203 997 in
1233 943 1500 1012 Ecclesia,
1541 945 1660 999 vult
1697 944 1874 998 oratio
1898 943 2019 1013 qui-

431 1034 555 1088 dem
585 1033 820 1102 primum
850 1048 976 1089 esse
1013 1042 1226 1100 tensos,
1256 1034 1362 1090 hoc
1395 1044 1479 1090 est
1516 1035 1752 1090 nudatos
1779 1035 2019 1104 pondere
2076 1046 2079 1050 ‘

433 1124 734 1192 materiali,
777 1124 973 1181 deinde
1022 1125 1244 1181 lavacro
1282 1126 1634 1182 conscientiae
1674 1139 1803 1181 esse
1848 1138 2019 1194 puros

433 1218 503 1271 ab
529 1217 680 1271 omni
713 1216 1134 1287 inquinamento
1164 1218 1349 1273 carnis
1377 1226 1434 1273 et
1462 1218 1726 1287 spiritus:
1756 1224 2018 1287 praeterea

435 1323 653 1378 semper
680 1324 779 1379 per
800 1308 1109 1380 profectum
1144 1310 1442 1366 ascendere
1471 1318 1526 1366 et
1556 1325 1836 1381 nunquam
1872 1316 2021 1364 retro

436 1399 578 1454 trahi
608 1400 677 1455 ad
714 1399 1076 1468 barathrum;
1130 1409 1412 1472 postremo
1455 1410 1639 1457 autem
1675 1401 1881 1472 duplici
1919 1402 2019 1456 bo-

435 1506 634 1547 norum
662 1492 1026 1560 conceptione
1053 1492 1296 1563 proﬁteri
1330 1495 1739 1565 generationem
1779 1495 1836 1549 in
1872 1494 2021 1550 omni

438 1598 641 1653 genere
665 1584 908 1648 virtutis,
938 1593 993 1640 et
1030 1585 1085 1640 in
1115 1587 1266 1643 nullo
1297 1587 1534 1644 honesto
1556 1588 1742 1644 studio
1769 1597 1824 1644 et
1861 1603 2021 1645 exer-

437 1676 571 1732 citio
609 1691 733 1733 esse
763 1678 997 1734 steriles.

507 1860 716 1931 Duplex
759 1873 939 1918 autem
984 1863 1284 1933 conceptus
1309 1863 1526 1919 exsistit
1557 1864 1792 1934 aenigma
1823 1877 2024 1934 appro-

438 1952 679 2009 bationis
705 1954 993 2023 utriusque
1021 1969 1213 2010 eorum
1244 1971 1367 2026 qua:
1394 1955 1816 2011 considerantur
1838 1956 1893 2011 in
1924 1972 2022 2012 no-

434 2044 543 2106 bis,
588 2053 650 2099 ut
680 2045 950 2114 ejusmodi
982 2046 1175 2103 dentes
1222 2049 1482 2118 gemellos
1531 2049 1770 2118 pariant,
1826 2048 2024 2103 anima:

436 2136 658 2205 quidem
687 2135 1170 2207 impatibilitatem,
1204 2139 1331 2194 vita:
1360 2148 1541 2194 autem
1588 2140 1857 2210 corporali
1894 2154 2022 2210 pro-

439 2236 692 2281 creantes
735 2226 1120 2293 honestatem;
1177 2227 1460 2297 sultjungit
1491 2228 1576 2282 his
1623 2236 2024 2297 consequenter

437 2315 657 2373 laudem
685 2316 856 2373 labris
900 2317 1338 2382 convenientem,
1377 2317 1466 2372 ﬁlo
1507 2320 1771 2373 coccineo
1814 2318 2024 2373 assimi-

438 2406 562 2461 lans
609 2407 1094 2477 pulchritudinem,
1154 2407 1315 2477 cujus
1368 2408 1879 2479 interpretationem
1942 2410 2024 2464 eis

441 2496 751 2565 subiunxit,
809 2498 1101 2566 pulchrum
1151 2513 1461 2554 sermonem
1509 2501 1657 2555 ﬁlum
1707 2500 2019 2556 nominans.

438 2585 553 2641 Iloc
583 2595 766 2642 autem
812 2588 868 2642 in
895 2586 964 2643 iis
1002 2602 1123 2657 qua:
1152 2597 1557 2658 praecesserunt
1600 2589 1714 2659 jam
1752 2599 1834 2645 est
1868 2592 2023 2661 prius

438 2679 870 2743 consideratam,
935 2694 1136 2750 nempe
1198 2681 1657 2749 quemadmodum
1718 2681 2023 2735 ministerio

439 2772 709 2837 dentium,
757 2784 880 2840 quae
922 2780 1004 2826 est
1053 2770 1108 2824 in
1148 2771 1340 2836 labris,
1378 2779 1607 2827 ornatur
1648 2772 2018 2841 pulchritudo.

440 2864 545 2918 Per
584 2863 778 2918 dentes
815 2864 983 2925 enim.
1018 2864 1123 2919 hoc
1163 2872 1248 2920 est
1284 2879 1381 2935 per
1405 2865 1807 2935 expositionem
1838 2863 2025 2919 docte-

441 2970 586 3020 rum,
620 2955 782 3009 simul
807 2954 1050 3023 loquitur
1080 2969 1143 3010 os
1169 2955 1445 3011 Ecclesiae.
1470 2956 1763 3026 PrOpterea
1785 2956 2023 3025 primum

443 3048 742 3104 tondentur
777 3048 989 3114 dentes,
1019 3056 1073 3102 et
1101 3049 1375 3112 lavantur,
1412 3053 1466 3099 et
1493 3060 1602 3099 non
1635 3036 1763 3100 §unt
1785 3046 2022 3110 steriles,

442 3147 496 3193 et
534 3137 783 3208 geminos
832 3138 1076 3207 pariunt,
1118 3145 1175 3192 et
1215 3146 1349 3192 tunc
1386 3136 1582 3191 ﬂorent
1632 3136 1787 3191 labra
1847 3136 2027 3206 specie

445 3228 727 3295 coccinea,
757 3228 980 3299 quando
1017 3227 1277 3283 universa
1320 3226 1487 3282 fuerit
1512 3226 1756 3283 Ecclesia
1788 3229 1844 3282 in
1890 3228 2024 3283 boni

445 3328 717 3376 concentu
747 3320 961 3375 labrum
1001 3334 1175 3375 unum
1217 3325 1272 3376 οι
1295 3335 1398 3376 νοχ
1428 3335 1555 3376 una.
1586 3319 1682 3376 Εει
1711 3330 1892 3375 autem
1925 3320 2031 3375 du-

445 3413 571 3482 plex
600 3412 844 3468 ostensio
876 3410 1330 3483 pulchritudinis.
1371 3409 1493 3465 Non
1540 3412 1718 3467 solum
1753 3411 1898 3466 enim
1930 3411 2031 3467 ab-

446 3503 626 3558 solute
672 3493 822 3557 ﬁlum
873 3502 1007 3557 dicit
1052 3517 1179 3559 esse
1216 3502 1407 3557 labra:
1459 3502 1554 3559 sed
1613 3501 1822 3557 addidit
1867 3503 2030 3556 etiam

446 3593 635 3649 ﬂorem
664 3594 795 3649 boni
824 3594 1048 3660 coloris,
1096 3594 1234 3650 adeo
1260 3601 1321 3649 ut
1352 3608 1449 3664 per
1478 3603 1774 3665 utrumque
1805 3603 2033 3649 ornetur

445 3703 508 3744 os
537 3686 815 3753 Ecclesiae,
855 3701 1053 3758 nempe
1090 3696 1144 3742 et
1191 3702 1288 3758 per
1319 3687 1469 3743 ﬁlum
1495 3694 1549 3743 et
1577 3703 1675 3758 per
1717 3688 2028 3753 coccinum,

445 3778 594 3847 quod
623 3777 677 3833 in
718 3785 952 3848 utraque
990 3787 1144 3849 parte
1168 3786 1254 3834 est
1285 3779 1570 3850 proprium
1599 3794 1664 3834 ac
1690 3788 2028 3851 separatum.

445 3866 583 3923 Nam
620 3883 717 3939 per
751 3868 837 3923 ﬁla
863 3869 1084 3939 quidem
1112 3870 1346 3925 docetur
1367 3871 1786 3925 consensionem
1815 3885 1881 3926 ac
1902 3885 2033 3926 con-

447 3960 718 4025 eordiam,
753 3966 814 4015 ut
843 3976 907 4015 ea
934 3969 1053 4014 tota
1084 3962 1139 4014 in
1176 3960 1267 4016 ﬁlo
1302 3962 1375 4017 sit
1402 3976 1512 4015 una
1542 3969 1597 4017 et
1622 3962 1813 4018 eadem
1839 3971 2032 4017 eatena

447 4066 512 4106 ex
567 4050 797 4105 diversis
839 4052 945 4107 ﬁlis
983 4057 1284 4119 contexta;
1341 4067 1437 4121 per
1481 4053 1773 4108 coccinum
1822 4060 2030 4118 autem,

449 4140 517 4196 ad
548 4140 873 4209 sanguinem
913 4155 1012 4211 per
1037 4154 1198 4210 quem
1248 4142 1517 4211 redempti
1556 4157 1748 4197 sumus
1779 4150 1838 4197 ut
1885 4143 2035 4213 aspi-

449 4229 560 4284 ciat
596 4229 848 4295 docetur,
877 4236 932 4284 et
958 4228 1366 4285 confessionem
1399 4232 1573 4300 ipsam
1615 4230 1672 4285 in
1704 4247 1801 4286 ore
1834 4231 2034 4287 habeat

450 4320 594 4392 ejus.
626 4319 724 4390 qui
747 4336 850 4376 nos
881 4337 984 4378 suo
1009 4321 1241 4377 redemit
1281 4323 1572 4394 sanguine.
1605 4321 1743 4378 Nam
1785 4339 1882 4395 per
1919 4324 2035 4379 haec

453 4414 618 4469 ambo
676 4412 843 4468 labris
894 4411 1154 4470 Ecclesiae
1202 4414 1460 4484 impletus
1513 4424 1600 4471 est
1653 4431 1785 4472 suus
1846 4415 2031 4483 decor,

448 4506 671 4576 quando.
698 4508 762 4561 'et
813 4505 946 4562 ﬁdes
986 4506 1246 4577 praelucet
1279 4506 1636 4574 confessioni,
1690 4518 1745 4564 et
1791 4508 2035 4564 charitas

2122 857 2261 924 μετά
2293 852 2508 906 πάντων
2535 851 2630 904 καὶ
2667 850 2765 922 τὴν
2792 848 3105 921 διδακτικὴν
3132 850 3292 920 χάριν
3316 849 3480 919 ἔχειν·
3527 846 3737 910 οὕτως

2119 950 2355 1005 ἐνταῦθα
2378 950 2503 1013 τοὺς
2534 949 2613 1012 εἰς
2639 947 2866 1000 ὀδόντων
2898 944 3201 1017 ὑπηρεσίαν
3231 944 3601 1013 τεταγμένους
3658 944 3735 994 ὲν

2118 1046 2187 1116 τῇ
2229 1042 2528 1113 Ἐκκλησία
2599 1040 2852 1111 βούλεται
2903 1041 2931 1092 ὁ
2966 1038 3126 1107 λόγος
3174 1038 3393 1109 πρῶτον
3424 1034 3737 1107 κεκαρμέο

2120 1154 2246 1201 νους
2271 1131 2411 1189 εἶναι
2432 1177 2445 1198 ,
2476 1132 2723 1187 τουτέστι
2768 1134 2950 1203 πάσης
2983 1130 3174 1201 ὑλικῆς
3218 1127 3512 1205 ἀχθηδόνος
3541 1146 3735 1197 γεγυο

2127 1227 2440 1301 μνωμένους
2458 1241 2470 1255 ·
2498 1220 2617 1279 εἶτα
2641 1224 2716 1295 τῷ
2743 1223 2955 1295 λουτρῷ
2981 1223 3079 1294 τῆς
3121 1222 3476 1293 συνειδήσεως
3502 1219 3736 1283 παντὸς

2127 1319 2400 1392 μολυσμοῦ
2425 1318 2625 1389 σαρκὸς
2650 1318 2744 1371 καὶ
2768 1316 3077 1387 πνεύματος
3101 1314 3507 1384 καθαρεύοντας
3529 1332 3545 1344 ·
3572 1313 3732 1384 πρὸς

2122 1411 2333 1475 τούτοις
2367 1413 2446 1474 είς
2466 1410 2554 1463 ἀεὶ
2587 1410 2676 1463 διὰ
2708 1408 2992 1478 προκοπῆς
3016 1406 3408 1469 ἀναόαίνοντας
3430 1445 3442 1467 ,
3475 1405 3576 1459 καὶ
3606 1422 3733 1476 μη-

2122 1505 2317 1559 δέποτε
2348 1502 2488 1575 πρὸς
2513 1501 2576 1555 τὸ
2604 1500 2839 1571 ἔμπαλιν
2885 1499 3359 1570 κατασυρομένους
3394 1499 3485 1550 ἐπὶ
3517 1498 3582 1549 τὸ
3609 1496 3733 1566 βά-

2129 1594 2325 1667 ραθρον
2344 1612 2363 1628 ·
2420 1592 2513 1647 ἐπὶ¹
2546 1593 2681 1644 πᾶσι
2706 1590 2763 1643 δέ
2792 1588 3007 1652 διπλαῖς
3033 1592 3154 1651 ταῖς
3179 1586 3287 1641 τῶν
3315 1586 3540 1657 ἀγαθῶν
3571 1603 3735 1654 χυη-

2130 1686 2315 1758 μάτων
2339 1685 2524 1753 γοναῖς
2565 1682 2705 1735 κατά
2739 1681 2847 1733 πᾶν
2875 1675 3012 1743 εἶδος
3039 1678 3237 1748 ἀρετῆς
3279 1676 3730 1746 ὲπαγάλλεσθαι,

2126 1778 2219 1831 καὶ
2250 1778 2307 1830 ἐν
2343 1774 2533 1847 μηδενὶ
2564 1773 2672 1827 τῶν
2704 1772 2887 1827 καλῶν
2918 1770 3365 1841 ἐπιτηδευμάτων
3399 1770 3647 1837 ἀγονεῖν.

2198 1868 2271 1922 Τὸ
2302 1867 2359 1920 δὲ
2391 1865 2615 1919 διπλοῦν
2646 1863 2857 1935 κύημα,
2903 1863 3132 1932 αἴνιγμα
3159 1861 3256 1930 τῆς
3288 1860 3412 1914 καθ’
3445 1860 3732 1930 ἑκάτερον

2131 1957 2337 2028 γίνεται
2366 1955 2473 2009 τῶν
2498 1958 2556 2008 ἐν
2588 1956 2722 2025 ἡμῖν
2750 1950 3089 2022 νενοημένων
3114 1950 3537 2019 εύδοκιμήσεως,
3570 1947 3728 2000 ὥστε

2127 2048 2514 2118 διδυμοτόκους
2549 2043 2686 2098 εἶναι
2729 2046 2855 2106 τοὺς
2898 2041 3176 2104 τοιούτους
3217 2040 3432 2102 ὀδόντας
3457 2057 3471 2070 ο
3505 2041 3579 2109 τῇ
3617 2040 3728 2109 μὲν

2126 2141 2272 2212 ψυχῇ
2303 2138 2401 2210 τὴν
2427 2136 2715 2201 ἀπάθειαν,
2741 2135 2819 2204 τῷ
2854 2134 2911 2186 δὲ
2941 2130 3235 2203 σωματικῷ
3266 2129 3366 2201 βίῳ
3394 2129 3493 2200 τὴν
3522 2129 3731 2199 εὐσχη-

2133 2232 2374 2304 μοσύνην
2413 2229 2750 2298 γεννῶντας·
2786 2225 2982 2293 ἐπάγει
3019 2221 3229 2283 τούτοις
3268 2219 3362 2273 τὸν
3390 2219 3458 2273 δι’
3487 2217 3728 2271 ἀκολού-

2131 2325 2225 2379 θου
2276 2321 2651 2392 ἐπιπρέποντα
2704 2319 2815 2381 τοῖς
2862 2315 3098 2386 χείλεσιν
3153 2311 3397 2376 ἔπαινον,
3458 2309 3729 2380 σπαρτίῳ

2132 2414 2466 2481 κοκκοὸαφεῖ
2500 2408 2851 2482 παρεικάζων
2882 2407 2943 2460 τὸ
2971 2404 3189 2473 κάλλος,
3209 2396 3268 2457 οὗ
3296 2402 3391 2471 τὴν
3416 2400 3729 2471 ἑρμηνείαν

2132 2506 2294 2568 αὑτὸς
2327 2504 2609 2575 ἐπήγαγεν
2632 2541 2647 2564 ,
2684 2498 2876 2553 λαλιάν
2933 2496 3143 2568 ὡραίαν
3184 2496 3245 2547 τὸ
3280 2494 3543 2564 σπαρτίον
3584 2509 3726 2545 κατ-

2134 2598 2426 2670 ονομάσας.
2469 2594 2643 2648 Τοῦτο
2667 2591 2725 2646 δὲ
2758 2593 2815 2643 ἐν
2835 2593 2947 2655 τοῖς
2980 2588 3249 2659 φθάσασιν
3275 2585 3372 2656 ἤδη
3406 2582 3727 2656 προτεθεὼ-

2133 2707 2315 2764 ρηται,
2347 2687 2464 2750 πῶς
2495 2688 2560 2757 τῇ
2591 2683 2700 2736 τῶν
2726 2682 2956 2736 ὀδόντων
2995 2678 3267 2749 ὑπηρεσίᾳ
3291 2678 3352 2730 τὸ
3383 2678 3440 2728 ἐν
3469 2676 3586 2739 τοῖς
3613 2672 3725 2744 χεί-

2130 2783 2278 2835 λεσιν
2311 2778 2607 2851 ὡραΐζεται
2640 2774 2856 2837 κάλλος.
2896 2769 2975 2843 Τῇ
3012 2772 3119 2843 γὰρ
3151 2770 3256 2823 τῶν
3294 2770 3543 2835 ὀδόντων,
3593 2786 3725 2822 του-

2130 2874 2283 2927 τέστι
2326 2870 2431 2924 τῶν
2464 2864 2858 2923 διδασκαλικῶν
2893 2864 3270 2936 ὑφηγημάτων
3303 2862 3362 2914 τὸ
3409 2861 3587 2939 στόμα
3617 2861 3723 2930 τῆς

2144 2960 2471 3033 Ἐκκλησίας
2496 2977 2556 3012 συ
2566 2957 2926 3029 μφθέγγεται.
2954 2954 3052 3008 Διά
3070 2953 3227 3007 τοῦτο
3256 2952 3470 3025 πρῶτον
3495 2953 3543 3004 οἱ
3570 2950 3723 3003 ὀδόν-

2132 3074 2222 3121 τες
2257 3056 2533 3126 κείρονται
2569 3051 2663 3104 καὶ
2687 3050 2956 3113 λούονται,
2988 3048 3081 3100 καὶ⁸
3129 3047 3228 3099 οὑκ
3264 3043 3571 3107 ἁτεκνοῦσι,
3619 3041 3723 3096 καὶ

2131 3145 2501 3219 διδυμεύουσι,
2554 3142 2650 3194 καὶ¹
2680 3140 2803 3193 τότε
2853 3138 2933 3210 τῷ
2982 3137 3220 3207 κοκκίνῳ
3282 3132 3512 3187 εἴδειτά
3544 3133 3715 3211 χείλη

2135 3236 2564 3311 περιανθίζεται,
2593 3234 2720 3286 ὅταν
2748 3231 2973 3301 γένηται
3004 3231 3154 3282 πᾶσα
3181 3229 3214 3297 ή
3248 3226 3544 3296 Ἐκκλησία
3575 3225 3721 3279 κατά

2131 3332 2230 3402 τὴν
2259 3328 2353 3383 τοῦ
2381 3325 2586 3396 ἀγαθοῦ
2614 3322 2938 3395 συμφωνίαν
2970 3321 3145 3392 χεῖλος
3179 3318 3239 3372 ἓν
3282 3319 3374 3372 καὶ
3406 3317 3559 3387 φωνὴ
3593 3317 3717 3388 μία.

2134 3421 2365 3476 Διπλοῦν
2389 3419 2446 3472 δὲ
2474 3416 2570 3472 τοῦ
2618 3415 2848 3477 κάλλους
2883 3414 2999 3466 ἐστὶ
3038 3412 3100 3465 τὸ
3133 3410 3457 3480 ὑπόδειγμα.
3489 3410 3563 3462 Οὑ
3607 3407 3718 3481 γὰρ

2137 3514 2297 3585 μόνον
2336 3509 2525 3573 ἁπλῶς
2570 3507 2830 3579 σπαρτίον
2864 3505 3027 3575 φησιν
3073 3497 3211 3555 εἶναι
3242 3501 3310 3554 τὰ
3354 3499 3505 3570 χείλη
3536 3516 3549 3530 ·
3579 3498 3719 3553 ἀλλά

2135 3603 2446 3677 προσέθηκε
2493 3601 2588 3654 καὶ
2622 3599 2723 3668 τῆς
2756 3596 3010 3667 εὑχροίας
3037 3593 3099 3646 τὸ
3127 3592 3307 3657 ἄνθος,
3335 3591 3477 3647 ὥστε
3503 3590 3569 3642 δι’
3603 3590 3716 3659 ἁμ-

2135 3695 2377 3768 φοτέρων
2420 3689 2859 3755 καλλωπίζεσθαι
2895 3688 2994 3765 τῆς
3031 3683 3358 3755 Ἐκκλησίας
3401 3682 3461 3735 τὸ
3503 3681 3712 3750 στόμα·

2133 3788 2224 3842 διά
2256 3803 2317 3839 τε
2353 3782 2449 3839 τοῦ
2495 3783 2762 3855 σπαρτίου
2801 3779 2896 3834 καὶ¹
2943 3776 3037 3831 τοῦ
3067 3774 3356 3840 κοκκίνου,
3406 3771 3716 3839 ἰδιαζόντως

2134 3877 2256 3932 καθ’
2288 3875 2546 3945 ἑκάτερον
2572 3872 2756 3944 μέρος.
2774 3869 2866 3943 Τῷ
2879 3870 2977 3940 μὲν
3000 3865 3369 3940 γάρσπαρτίῳ
3395 3866 3715 3934 ὁμογνωμο-

2137 3970 2303 4040 σύνην
2344 3965 2691 4022 παιδεύεταιο
2740 3964 2880 4018 ὥστε
2915 3962 3096 4014 πᾶσαν
3141 3959 3309 4030 αὐτὴν
3342 3957 3400 4013 ἓν
3449 3953 3713 4025 σπαρτίον

2135 4061 2229 4114 καὶ
2289 4059 2417 4131 μίαν
2456 4055 2708 4125 γενέσθαι
2756 4052 2943 4124 σειρὰν
2988 4053 3053 4105 ἐκ
3097 4050 3367 4121 διαφόρων
3427 4045 3713 4116 νοημάτων

2135 4146 2630 4217 συγκεκλωσμένην
2651 4162 2664 4176 ⁸
2698 4143 2786 4197 διὰ
2816 4142 2873 4195 δὲ
2902 4139 2996 4194 τοῦ
3027 4140 3282 4194 κοκκίνου
3319 4136 3452 4207 πρὸς
3482 4134 3541 4187 τὸ
3570 4130 3712 4202 αἷμα

2133 4239 2200 4293 δι’
2234 4230 2294 4293 οὗ
2325 4234 2711 4308 ἐλυτρώθημεν
2747 4232 2966 4305 βλέπειν
2994 4229 3326 4294 διδάσκεται,
3357 4227 3450 4280 καὶ
3494 4226 3578 4279 ἀεὶ
3611 4224 3711 4294 τὴν

2134 4326 2424 4400 ὁμολογίαν
2465 4325 2554 4379 διὰ
2595 4324 2858 4393 στόματος
2908 4322 3113 4393 φέρειν,
3145 4319 3239 4373 τοῦ
3281 4316 3711 4387 ὲξαγοράσαντος

2135 4417 2284 4487 ἡμᾶς
2316 4414 2405 4468 διά
2438 4412 2534 4467 τοῦ
2582 4411 2834 4483 αἵματος.
2880 4410 2961 4463 Δι’
2999 4408 3323 4481 ἀμφοτέρων
3360 4407 3466 4477 γὰρ
3506 4404 3708 4457 τούτων

2135 4509 2253 4560 ἐστὶ
2281 4505 2634 4578 πληρουμένη
2668 4506 2780 4567 τοῖς
2809 4502 2912 4573 τῆς
2947 4501 3273 4571 Ἐκκλησίας
3298 4498 3532 4569 χείλεσιν
3558 4496 3590 4565 ἠ
3621 4495 3709 4548 ef;-

450 4612 574 4652 cum
626 4596 731 4652 ﬁde
780 4599 1113 4653 contexitur.
1164 4597 1300 4654 Cum
1335 4598 1407 4655 sit
1460 4606 1642 4656 autem
1674 4615 1814 4670 opus
1863 4601 2026 4656 veluti

2139 4598 2409 4668 πρέπεια,
2465 4596 2594 4649 ὅταν
2649 4593 2743 4647 καλ⁵
2781 4595 2815 4663 ἡ
2870 4593 3055 4655 πίστις
3087 4590 3189 4663 τῆς
3232 4590 3512 4661 ὁμολογίας
3566 4603 3701 4659 προ·

451 4683 687 4754 quadam
735 4683 1055 4741 deﬁnitione
1084 4687 1552 4755 comprehendere
1592 4690 1947 4759 exemplumu
1974 4690 2030 4745 id

451 4776 599 4846 quod
623 4776 832 4832 dictum
858 4785 962 4841 est,
1004 4776 1087 4832 sic
1129 4766 1833 4834 deﬁniemus:Coccineum
1880 4779 2029 4834 ﬁlum

451 4875 537 4923 est
576 4866 711 4922 ﬁdes
760 4862 880 4936 quae
920 4877 1182 4938 operatur
1209 4884 1305 4939 per
1339 4868 1723 4926 dilectionem:
1780 4870 1917 4927 adeo
1970 4877 2031 4925 ut

454 4960 613 5015 ﬁdem
645 4958 864 5027 quidem
897 4958 1187 5029 signiﬁcet,
1220 4961 1510 5015 coccinum
1564 4960 1888 5018 charitatem
1929 4977 2029 5016 au-

453 5056 563 5106 tem
626 5048 1018 5120 interpretetur
1067 5050 1232 5107 ﬁlum.
1298 5050 1394 5108 [lis
1447 5059 1642 5107 ornata
1700 5068 1822 5110 esse
1877 5054 2029 5110 labra

453 5155 670 5212 sponsa:
701 5147 931 5197 testatur
956 5141 1182 5197 veritas.
1216 5141 1451 5197 Pulcher
1473 5150 1656 5198 autem
1689 5160 1872 5201 sermo
1897 5146 2032 5201 sub-

453 5231 620 5286 tiliori
636 5230 819 5300 aliqua
834 5231 1312 5301 contemplatione,
1338 5238 1433 5286 aut
1449 5232 1554 5287 alia
1581 5233 2030 5305 interpretatione

453 5336 566 5378 non
611 5321 836 5392 indiget.
898 5321 1074 5376 Antea
1131 5322 1278 5377 enim
1344 5322 1642 5378 declaravit
1699 5327 2027 5397 Apostolus,

455 5413 600 5482 quod
629 5413 721 5469 hic
746 5428 930 5470 sermo
951 5420 1037 5469 est
1066 5414 1294 5469 verbum
1320 5413 1443 5469 ﬁdei
1479 5416 1626 5485 quod
1648 5419 2028 5486 praedicamus,

462 5504 651 5561 dicens
662 5508 703 5540 "
722 5523 738 5562 :
755 5504 819 5560 Si
838 5504 1109 5574 confessus
1127 5504 1293 5574 {ueris
1309 5521 1399 5560 ore
1412 5515 1501 5560 tuo
1517 5505 1803 5562 Dominum
1822 5507 1857 5563 J
1862 5526 2027 5578 esum,

457 5606 508 5643 et
532 5593 820 5649 credideris
845 5593 903 5647 in
938 5593 1097 5647 corde
1123 5605 1235 5659 tuo,
1262 5595 1402 5664 quod
1437 5594 1579 5650 Deus
1608 5597 1782 5666 ipsum
1809 5598 2033 5653 suscita-

459 5683 532 5735 vit
559 5686 860 5749 emortuis,
909 5686 1088 5741 salvus
1126 5686 1253 5742 eris.
1299 5685 1472 5742 Corde
1514 5690 1653 5741 enim
1692 5689 1927 5743 creditur
1962 5693 2030 5745 ad

525 5852 573 5886 ”
621 5856 645 5912 ι
713 5855 952 5913 Timoth.
995 5875 1077 5929 tu,
1110 5862 1164 5918 1.
1232 5861 1275 5894 ⁵³
1342 5862 1499 5919 Rom.
1544 5882 1598 5933 ι,
1629 5866 1681 5927 9.
1725 5865 1807 5921 10.

2139 4686 2332 4758 λάμπῃ
2350 4724 2364 4749 ,
2394 4685 2488 4737 καὶ
2509 4686 2543 4755 ἡ
2572 4684 2761 4753 ἀγάπη
2790 4685 2856 4753 τῇ
2891 4681 3071 4736 πίστει
3107 4681 3494 4752 συμπλέκηται.
3528 4678 3641 4731 Καὶ
3659 4676 3705 4728 εί

2137 4777 2245 4849 Χρὴ
2286 4777 2475 4849 ὥσπερ
2513 4775 2727 4847 ὁρισμῷ
2776 4792 2884 4829 τινι
2930 4774 3243 4846 περιλαϐεῖν
3282 4774 3344 4827 τὸ
3376 4769 3700 4841 ὑπόδειγμαξ·

2136 4868 2279 4923 οὑτω
2320 4867 2382 4921 τὸ
2418 4867 2581 4938 ῥηθὲν
2611 4865 2906 4940 ὁριούμεθα
2936 4879 2951 4894 ⁸
2999 4866 3247 4921 κόκκινον
3288 4864 3544 4937 σπαρτίον
3588 4861 3704 4915 ἐστὶ

2137 4961 2320 5025 πίστις
2360 4960 2426 5016 δι’
2461 4962 2684 5030 ἀγάπης
2716 4960 3117 5031 ἐνεργουμένη,
3160 4958 3234 5022 ὼς
3271 4960 3336 5029 τῇ
3386 4958 3559 5010 πίστει
3605 4954 3703 5023 μὲν

2133 5050 2424 5122 δηλοῦσθαι
2461 5052 2526 5104 τὸ
2570 5051 2857 5105 κόκκινονο
2893 5053 2961 5121 τῇ
3004 5049 3061 5103 δὲ
3106 5049 3297 5121 ἀγάπῃ
3344 5047 3405 5100 τὸ
3446 5044 3701 5115 σπαρτίον

2133 5141 2608 5216 διερμηνεύεσθαι.
2644 5141 2867 5204 Τούτοις
2912 5135 3384 5210 κεκοσμῆσθαιτά
3415 5135 3564 5207 χείλη
3606 5134 3698 5202 τῆς

2135 5233 2356 5304 νύμφης
2407 5232 2676 5303 μαρτυρεῖ
2715 5232 2749 5301 ή
2801 5228 3053 5300 ἀλήθεια.
3104 5229 3168 5281 Ἦ
3217 5227 3273 5280 δὲ
3324 5226 3497 5296 ὡραία
3547 5220 3699 5277 λαλιά

2137 5323 2367 5395 θεωρίας
2413 5322 2558 5386 τινὸς
2604 5321 2936 5394 λεπτοτέρας
2978 5322 3012 5393 ἢ
3054 5319 3350 5391 ἑρμηνείας
3399 5315 3562 5388 ἄλλης
3605 5314 3697 5368 οὐκ

2135 5417 2427 5472 ἐπιδέεται.
2450 5416 2665 5479 Φθάσας
2690 5415 2797 5486 γὰρ
2823 5414 3149 5484 διεσάφησεν
3178 5414 3206 5465 ὁ
3248 5408 3583 5471 ’Δπόστολος,
3620 5407 3693 5460 ὅτι

2137 5510 2171 5579 ἡ
2196 5508 2352 5562 λαλιά
2391 5507 2530 5579 αὕτη
2567 5508 2628 5562 τὸ
2661 5508 2813 5579 ῥῆμα
2851 5508 2951 5578 τῆς
2980 5503 3216 5567 πίστεώς
3243 5504 3409 5567 ἐστιν,
3448 5501 3476 5554 ὁ
3501 5495 3694 5570 κηρύσ-

2141 5618 2325 5671 σομεν,
2368 5600 2509 5655 Ἐὰν
2537 5599 2921 5670 ὁμολογήσῃς
2943 5596 3023 5663 τῷ
3058 5596 3310 5665 στόματί
3343 5609 3460 5658 σου
3488 5591 3697 5659 Κύριον

2150 5693 2415 5759 Ἰησοῦν,
2452 5692 2546 5747 καί
2585 5692 2921 5760 πιστεύσῃς
2952 5691 3023 5746 ὲν
3046 5687 3120 5759 τῇ
3152 5686 3361 5756 καρδίᾳ
3387 5699 3532 5751 σου,
3563 5674 3693 5737 ὀτιὸ
