3866 6354
138 318 253 390 929

1200 329 1265 384 ΙΝ
1301 326 1605 386 CANTICA
1634 324 1908 381 CANTIC.
1952 322 2239 383 HOMILIA
2279 323 2390 381 VII.

3310 325 3413 384 930

141 447 295 512 Θεὸς
320 445 509 502 αὐτὸν
541 446 776 517 ἤγειρεν
805 445 876 502 ἐκ
906 445 1158 517 νεκρῶν,
1200 446 1476 515 σωθήσῃ.
1507 444 1732 515 Καρδίᾳ

1835 444 2121 513 iustitiam,
2166 460 2256 498 ore
2307 451 2480 497 autem
2527 443 2786 513 confessio
2827 445 2889 514 ﬁt
2927 444 3000 499 ad
3029 445 3272 500 salutem.
3308 441 3414 501 'Hic

143 541 260 612 τὰρ
277 539 625 594 πιστεύεται
639 541 727 607 εἰς
741 538 1158 606 δικαιοσύνην,
1173 540 1423 609 στόματι
1436 537 1502 591 δὲ
1523 540 1728 593 όαολο-

143 631 340 703 γεῖται
366 632 453 696 εἰς
473 630 793 700 σωτηρίαν.
829 630 981 701 Αὕτη
1014 631 1071 683 δέ
1100 631 1248 684 ἐστιν
1280 633 1313 701 ἡ
1338 630 1517 702 ὡραία
1545 627 1725 695 λαλιὰ,

143 722 217 776 δι’
258 716 332 793 ἦς
376 720 444 774 τὰ
485 720 638 793 χείλη
677 722 778 792 τῆς
815 723 1140 793 Ἐκκλησίας
1184 722 1326 777 κατὰ
1370 722 1432 775 τὸ
1479 721 1729 776 κόκκινον

146 815 331 871 ἐκεῖνο
361 813 624 883 σπαρτίον
665 813 955 884 εὐπρεπῶς
991 815 1363 880 ἐπανθίζεται.
1411 814 1729 886 Ἀρέσκεται

141 902 201 954 δὲ
233 900 376 972 μετά
404 900 504 972 τὴν
544 900 639 955 τοῦ
670 902 938 973 στόματος
969 903 1116 972 ὥραν
1145 906 1174 958 6
1214 904 1480 974 νυμφίος,
1520 905 1614 958 καί
1651 903 1731 974 τῷ

142 996 245 1064 τῆς
274 995 511 1064 παρειᾶς
539 992 868 1066 ἐρυθήματι.
893 995 1082 1066 Μῆλον
1116 996 1173 1049 δὲ
1199 995 1357 1049 τοῦτο
1390 993 1486 1049 τοῦ
1512 993 1731 1067 προσώ-

142 1101 249 1137 που
296 1083 356 1137 τὸ
405 1084 571 1156 μέρος
612 1086 679 1139 ἐκ
712 1086 1105 1156 καταχρήσεως
1150 1087 1308 1140 καλεῖ
1364 1088 1397 1157 ή
1448 1087 1727 1158 συνήθεια.

143 1176 508 1248 Προσεικάζει
534 1178 712 1231 τοίνυν
740 1179 802 1231 τὸ
834 1179 934 1249 τῆς
961 1180 1192 1250 παρειᾶς
1220 1180 1388 1252 μῆλον
1415 1179 1492 1250 τῷ
1511 1178 1731 1250 λεπύρῳ

144 1269 243 1339 τῆς
264 1268 398 1339 ῥόας
412 1308 428 1332 ,
449 1269 666 1341 γράψας
694 1267 838 1323 οὕτω
858 1270 950 1323 τὸν
970 1269 1189 1325 ἔπαινον
1204 1270 1369 1324 αὐτοῦ
1391 1272 1483 1324 ἐπὶ
1500 1266 1694 1336 λέξεως
1710 1284 1745 1325 ⁸.

156 1359 251 1425 Ὠς
274 1358 549 1426 λέπὺρον
568 1359 720 1427 ῥόας
738 1357 938 1428 μῆλόν
966 1373 1084 1414 σου
1103 1400 1117 1427 ,
1148 1360 1322 1426 ἐκτὸς
1357 1358 1467 1429 τῆς
1506 1359 1732 1421 σιωπή-

144 1450 299 1517 σεώς
325 1465 464 1505 σου.

216 1540 342 1591 Ὅτι
392 1538 491 1609 μὲν
533 1532 626 1592 οὗν
665 1537 829 1601 αἰδώς
860 1540 977 1594 ἐστι
1015 1540 1078 1592 τὸ
1118 1540 1530 1610 ἐπαινούμενον,
1564 1536 1730 1590 παντί

144 1630 332 1703 ῥᾴδιον
367 1631 432 1682 ἐκ
463 1630 566 1698 τῆς
604 1630 925 1694 ἀκολουθίας
974 1631 1082 1684 τῶν
1120 1629 1545 1702 τεθεωρημένων
1583 1628 1729 1697 λογί-

146 1721 364 1775 σασθαι.
405 1722 870 1793 Σωματοποιήσας
906 1722 1015 1793 γὰρ
1060 1722 1158 1793 τὴν
1206 1719 1532 1792 Ἐκκλησίαν
1563 1721 1592 1772 6
1635 1718 1731 1773 A6-

156 1830 239 1882 (ος
274 1816 357 1876 εἰς
385 1813 448 1865 τὸ
479 1812 579 1883 τῆς
619 1812 838 1884 νύμφης
866 1809 1004 1876 εἶδος
1023 1851 1038 1876 ,
1079 1814 1175 1866 καὶ
1217 1813 1318 1875 τὰς
1349 1810 1469 1865 καθ’
1499 1810 1727 1865 ἕκαστον

147 1904 346 1975 ἀρετὰς
367 1904 716 1975 καταλλήλως
744 1906 808 1975 τῇ
843 1904 1133 1975 ὑπογραφῇ
1166 1903 1264 1973 τῆς
1293 1902 1435 1957 κατὰ
1469 1901 1530 1955 τὸ
1555 1900 1725 1972 πρόσ-

144 2014 293 2050 ωπον
367 1996 520 2067 ὥρας
558 1996 915 2067 ἐπιμερίσας-
967 1995 1063 2049 νῦν
1108 1994 1197 2049 διὰ
1240 1994 1334 2048 τοῦ
1383 1993 1727 2065 ἐρυθήματος

147 2086 238 2140 τοῦ
258 2089 379 2151 ταῖς
400 2089 655 2158 παρειαῖς
684 2085 1011 2150 ἐπιζέοντος,
1043 2086 1367 2156 προσφόρως
1398 2085 1610 2138 ἐπαινεῖ
1629 2083 1726 2155 τὴν

148 2175 536 2250 σωφροσύνην,
586 2176 724 2230 αἰδοῖ
773 2177 1199 2247 κατακοσμήσας
1231 2177 1289 2228 ἐν
1323 2174 1400 2246 τῷ
1446 2175 1545 2245 τῆς
1598 2174 1728 2246 ῥόας

147 2270 447 2340 αἰνίγματι.
484 2269 540 2321 '0
565 2269 673 2340 γὰρ
692 2268 901 2340 καρπὸς
920 2261 1075 2333 οὗτος
1097 2267 1286 2337 στύφει
1303 2285 1361 2320 τε
1384 2268 1478 2321 καί
1497 2266 1728 2338 ἁϐρώτῳ

147 2363 209 2432 τῇ
238 2359 531 2430 ἐπιφανείᾳ
558 2359 898 2431 ἐντρέφεται.
948 2360 1041 2414 Διὸ
1080 2360 1260 2423 καλῶς
1292 2378 1349 2413 τε
1379 2360 1472 2413 καὶ
1513 2359 1729 2422 οἰκείως

136 2452 226 2513 ἐἰς
253 2449 315 2503 τὸ
344 2450 465 2520 τῆς·
486 2434 839 2521 σωφροσύνης
872 2451 1205 2522 κατόρθωμα
1242 2451 1331 2505 διά
1364 2452 1466 2518 τῆς
1497 2450 1729 2521 θεωρίας

150 2540 647 2611 μεταλαμϐάνεται.
698 2541 783 2605 Ὡς
808 2542 918 2612 γὰρ
946 2545 980 2613 ἡ
1014 2543 1206 2612 στύψις
1226 2542 1319 2596 τοῦ
1346 2543 1445 2613 τῆς
1477 2541 1607 2612 ῥόας
1643 2542 1730 2594 λε-

156 2634 325 2704 πύρου
361 2632 557 2704 τρέφει
587 2650 646 2686 τε
694 2634 788 2686 καὶ
831 2633 1094 2702 φυλάσσει
1125 2632 1221 2687 τοῦ
1264 2632 1727 2704 ἐμπεριεχομένου

144 2723 361 2793 καρποῦ
424 2722 523 2794 τὴν
567 2722 915 2794 γλυκύτητα⁸
965 2722 1138 2786 οὕτως
1181 2725 1210 2776 6
1261 2722 1475 2791 στύφων
1522 2739 1582 2775 τε
1635 2721 1729 2773 καὶ

152 2814 422 2886 ἐγκρατὴς
452 2814 547 2867 καὶ
589 2813 981 2885 κατεσκληκὼς
1027 2814 1140 2884 βίος
1169 2814 1345 2882 φύλαξ
1380 2814 1599 2887 γίνεται,
1619 2812 1730 2865 τῶν

153 2904 246 2974 τῆς
274 2903 631 2976 σωφροσύνης
659 2903 860 2958 καλῶν.
895 2904 1125 2969 Διπλοῦς
1150 2904 1207 2957 δὲ
1230 2905 1324 2957 καὶ
1356 2903 1592 2957 ἐνταῦθα
1629 2904 1728 2973 τῆς

154 2995 349 3065 ἀρετῆς
392 2994 597 3065 ταύτης
618 2996 656 3048 -ὁ
687 2995 906 3059 ἔπαινος
941 2995 1170 3064 γίνεται,
1202 2995 1290 3049 διά
1335 3011 1395 3047 τε
1442 2993 1551 3046 τῶν
1591 3004 1729 3063 προ-

156 3087 491 3157 φαινομένων
524 3086 666 3141 κατὰ
709 3088 800 3141 τὸν
844 3088 1155 3157 εὐσχήμονα
1184 3088 1320 3158 βίον,
1364 3087 1457 3140 καὶ
1490 3086 1578 3139 διὰ
1619 3085 1728 3139 τῶν

154 3177 211 3229 ἐν
236 3181 299 3247 τῇ
317 3178 492 3249 ψυχῆς
517 3177 755 3247 ἀπαθείᾳ
776 3176 1244 3249 κατορθουμένων.
1266 3170 1377 3230 ’Ὧν
1401 3180 1433 3232 ό
1463 3178 1729 3241 ἔπαινος,

154 3270 327 3334 καθὼς
357 3287 522 3341 φησιν
542 3272 570 3323 6
610 3270 955 3332 Ἀπόστολος,
975 3271 1088 3323 οὐκ
1108 3267 1178 3334 ἐξ
1201 3268 1529 3336 ἀνθρώπων
1547 3309 1561 3333 ,
1595 3268 1733 3322 ἀλλ’

141 3361 220 3414 νέκ
246 3362 347 3416 τοῦ
379 3360 552 3416 Θεοῦ.
607 3362 672 3413 Ἦ
704 3360 814 3431 γάρ
856 3361 1241 3432 ἐπιλάμπουσα
1281 3363 1393 3423 τοῖς
1430 3360 1736 3430 γινομένοις

156 3441 331 3518 αἰδὼς,
361 3455 494 3508 ἴδιον
522 3453 625 3523 μὲν
650 3454 716 3506 ἐκ
750 3455 860 3506 τῶν
888 3452 1172 3525 προδήλων
1202 3452 1314 3523 ἔχει
1353 3451 1443 3504 τὸν
1475 3450 1695 3505 ἔπαινον
1718 3467 1733 3482 ο

158 3544 307 3607 ἐκτὸς
350 3544 404 3597 δέ
452 3542 563 3596 τῶν
616 3542 990 3613 σιωπωμένων
1029 3543 1147 3596 ἐστὶ
1184 3543 1278 3595 καὶ
1311 3538 1735 3611 ὑποκεκρυμμέ-

161 3649 259 3687 νων
313 3633 608 3704 θαυμάτων
632 3674 646 3699 ,
699 3632 737 3687 ὃ.
782 3633 927 3704 μόνῳ
986 3632 1284 3703 καθορᾶται
1338 3630 1419 3700 τῷ
1473 3629 1736 3700 ὀφθαλμῷ

146 3725 345 3797 ἐκείνῳ
394 3724 475 3796 τῷ
516 3724 586 3777 τὰ
627 3724 837 3797 κρύφια
882 3724 1153 3795 βλέποντι.
1201 3723 1302 3778 Διὰ
1347 3722 1404 3776 δὲ
1438 3722 1547 3775 τῶν
1598 3721 1736 3793 μετὰ

160 3815 323 3870 ταῦτα
358 3817 724 3889 μανθάνομεν,
756 3817 837 3870 ὃτι
875 3818 983 3870 πᾶν
1018 3816 1080 3869 τὸ
1129 3814 1281 3885 παρὰ
1317 3814 1426 3866 τῶν
1463 3813 1735 3884 θεοφόρων

165 3903 326 3972 ἁγίων
363 3906 673 3977 γινόμενον,
708 3905 879 3970 τύπος
916 3923 999 3970 τις
1040 3905 1135 3959 καὶ
1156 3902 1483 3958 διδασκαλία
1517 3903 1623 3956 τῶν
1655 3902 1737 3964 εἰς

165 3996 356 4067 ἀρετὴν
387 3996 841 4068 κατορθουμένων
869 3997 1099 4065 ἐγίνετο.
1144 3997 1206 4048 Οἰ
1245 3994 1435 4064 γάμοι,
1476 3994 1533 4048 αἰ
1577 3994 1736 4046 ἀποι-

163 4082 293 4151 κίαι,
317 4087 366 4140 οἰ
400 4085 650 4159 πόλεμοι,
683 4082 866 4141 αἰτῶν
888 4084 1335 4159 οἰκοδομημάτων
1373 4082 1734 4148 κατασκευαὶ,

167 4175 337 4232 πάντα
364 4172 509 4233 κατά
539 4196 665 4232 τινα
703 4178 859 4247 λόγον
893 4179 973 4242 εἰς
991 4177 1274 4231 νουθεσίαν
1308 4174 1384 4249 τῷ
1412 4178 1548 4249 μετά
1566 4176 1738 4231 ταῦτα

166 4271 532 4336 προετυποῦτο
567 4270 685 4341 βίῳ.
733 4270 991 4340 Ἐ’γράφη
1023 4271 1131 4340 γὰρ
1154 4269 1361 4336 ταῦτα,
1396 4270 1551 4340 φησὶ,
1588 4267 1738 4336 πρὸς

162 4362 486 4414 νουθεσίαν
530 4359 718 4430 ἡμῶν,
760 4363 848 4427 εἰς
899 4360 1007 4427 οὓς
1050 4361 1124 4415 τὰ
1168 4360 1314 4428 τέλη
1350 4359 1470 4414 τῶν
1509 4362 1739 4416 αἰώνων

1827 544 1913 593 est
1930 546 2108 592 autem
2132 534 2360 605 pulcher
2389 549 2591 599 sermo,
2632 552 2729 606 per
2761 552 2924 607 quem
2956 537 3111 593 labra
3151 537 3413 593 Ecclesiae

1829 627 2027 682 decore
2059 634 2186 683 sunt
2216 624 2409 680 ﬂorida
2452 626 2539 682 ﬁlo
2574 627 2667 683 illo
2698 643 3013 699 purpureo;
3067 629 3185 684 oris
3230 636 3413 685 autem

1829 718 2064 787 speciem
2096 730 2162 772 ac
2184 715 2436 771 decorem
2458 724 2628 781 amat,
2655 717 2955 775 delectatur
2979 720 3145 775 etiam
3174 735 3414 791 sponsus

1828 808 2031 864 rubore
2059 823 2231 879 genae.
2282 807 2436 863 Illam
2473 816 2655 865 autem
2693 816 2902 881 partem
2951 810 3111 867 faciei
3142 826 3242 882 per
3275 812 3412 866 abu-

1830 912 1950 954 sum
1982 906 2144 953 vocat
2178 899 2366 970 μῆλον,
2412 897 2470 952 id
2493 907 2597 964 est,
2639 899 2841 955 malum
2880 915 2977 956 seu
3005 916 3248 971 pomum,
3278 916 3415 955 con-

1831 986 2084 1041 suetudo.
2127 988 2411 1044 Assimilat
2457 1003 2589 1060 ergo
2618 1004 2769 1060 genae
2798 991 3001 1046 malum
3032 992 3227 1048 cortici
3276 992 3411 1046 mali

1833 1076 2042 1145 punici,
2070 1076 2192 1148 cjus
2227 1077 2443 1133 laudem
2474 1079 2722 1136 scribens
2751 1081 2838 1137 bis
2877 1082 3094 1138 verbis:
3130 1082 3409 1152 Tanquam

1829 1177 2013 1223 cortex
2079 1170 2210 1225 mali
2286 1171 2463 1241 punici
2544 1188 2675 1243 gena
2751 1181 2842 1228 tua
2925 1184 3081 1230 extra
3142 1175 3409 1230 silentium

1831 1269 1999 1317 tuum.

2610 1420 2647 1429 -ο

1900 1537 2080 1608 Atque
2108 1539 2254 1610 quod
2295 1539 2475 1611 pudor
2502 1540 2722 1611 quidem
2757 1542 2829 1598 sit
2864 1544 2917 1598 id
2944 1544 3089 1614 quod
3136 1545 3410 1609 laudatur,

1831 1628 2006 1684 cuivis
2040 1628 2199 1686 facile
2223 1637 2309 1686 est
2334 1631 2686 1688 considerare
2703 1647 2767 1687 ex
2795 1634 3188 1704 consequentia
3223 1650 3413 1690 eorum

1832 1735 1957 1790 qua:
1992 1728 2122 1776 sunt
2145 1722 2512 1778 considerata.
2538 1725 2672 1779 Nam
2702 1741 2826 1781 cum
2857 1724 3099 1783 Verbum
3133 1741 3419 1797 corporas—

1757 1805 1801 1859 Β
1830 1821 1912 1868 set
1950 1810 2255 1867 Ecclesiam
2301 1813 2357 1868 in
2402 1813 2637 1869 formam
2690 1831 2929 1886 sponsae,
2970 1825 3028 1871 et
3064 1817 3407 1887 singularum

1827 1918 2022 1958 curam
2051 1902 2318 1974 gessisset
2347 1905 2611 1959 virtutum
2643 1907 3038 1963 convenienter
3057 1907 3414 1977 descriptioni

1828 1995 2012 2050 vultus
2036 1995 2488 2065 pulchritudinis,
2520 2013 2669 2054 nunc
2701 2014 2798 2069 per
2821 2001 3079 2054 ruborem
3112 2002 3206 2070 qui
3241 2014 3412 2071 genas

1826 2076 2178 2152 condecorat,
2214 2087 2400 2143 laudat
2428 2092 2870 2161 temperantiam,
2903 2105 3023 2145 eam
3059 2107 3265 2147 ornans
3304 2108 3412 2162 pu-

1827 2177 1957 2234 dore
1991 2178 2096 2234 sub
2121 2179 2411 2248 aenigmate
2451 2181 2580 2236 mali
2629 2182 2841 2251 punici.
2888 2180 2991 2236 Hic
3018 2183 3163 2238 enim
3201 2181 3415 2237 fructus

1829 2267 2102 2338 astringit,
2162 2277 2219 2324 et
2268 2268 2389 2326 esui
2435 2284 2546 2325 non
2608 2279 2734 2342 apta
2794 2272 3043 2327 nutritur
3103 2272 3412 2343 superﬁcie.

1828 2356 2198 2423 Quamobrem
2252 2358 2482 2428 pulchre
2526 2367 2582 2414 et
2624 2363 3017 2417 convenienter
3043 2363 3283 2417 sumitur
3322 2377 3418 2432 per

1828 2449 2348 2519 contemplationem
2415 2458 2566 2506 recta
2626 2453 2773 2507 actio
2842 2452 3239 2523 temperantiae.
3297 2453 3419 2519 Quo

1829 2538 1993 2594 modo
2037 2540 2181 2595 enim
2238 2541 2415 2595 nutrit
2470 2542 2720 2597 astrictio
2773 2544 2999 2599 corticis
3038 2544 3168 2597 mali
3206 2542 3416 2612 punici,

1829 2637 1884 2684 et
1920 2637 2211 2686 conservat
2233 2629 2574 2686 dulcedinem
2614 2630 2832 2687 fructus
2860 2633 2953 2702 qui
2985 2632 3040 2685 in
3074 2646 3141 2685 eo
3168 2634 3419 2686 contine-

1829 2726 1942 2784 tur,
1983 2719 2057 2773 ita
2097 2728 2315 2775 austera
2346 2722 2749 2790 continensque
2772 2729 2827 2777 et
2852 2737 3045 2792 aspera
3085 2723 3195 2776 vita
3227 2722 3287 2775 ﬁt
3321 2737 3420 2777 cu-

1830 2818 1947 2866 stos
1985 2811 2255 2866 bonorum
2297 2814 2690 2882 temperantiae.
2731 2812 2829 2870 Est
2875 2814 2962 2868 hic
2991 2822 3172 2868 autem
3208 2812 3416 2882 duplex

1830 2902 1954 2956 laus
1982 2902 2223 2969 virtutis,
2256 2919 2451 2972 nempe
2485 2911 2537 2958 ct
2563 2919 2659 2973 per
2680 2919 2745 2960 ea
2774 2920 2897 2974 quae
2923 2912 3190 2974 apparent
3218 2903 3272 2957 in
3301 2903 3414 2957 vita

1833 2993 2085 3058 honesta,
2132 3003 2187 3050 et
2238 3010 2335 3064 per
2362 3010 2426 3050 ea
2470 3011 2593 3065 quae
2639 3004 2788 3052 recte
2817 3005 3086 3067 geruntur
3131 2999 3185 3051 in
3218 2996 3418 3050 animae

1832 3085 2235 3154 impatibilitate
2262 3101 2276 3138 :
2304 3084 2471 3154 Cujus
2502 3086 2619 3141 laus
2645 3095 2751 3154 est,
2777 3088 2919 3142 sicut
2945 3088 3079 3142 dicit
3098 3087 3418 3156 Apostolus,

1833 3192 1936 3229 non
1962 3191 2026 3229 ea:
2054 3175 2375 3241 hominibus,
2407 3176 2497 3231 sed
2527 3194 2591 3232 ea:
2621 3178 2729 3233 Deo
2751 3180 2818 3233 δ’.
2850 3178 2985 3232 Nam
3014 3181 3106 3248 qui
3134 3180 3342 3232 relucet
3363 3178 3418 3231 in

1832 3266 1919 3330 iis,
1955 3282 2076 3336 quae
2102 3266 2258 3333 ﬁunt,
2296 3269 2495 3336 pudor,
2538 3269 2817 3339 propriam
2844 3268 3065 3338 quidem
3105 3268 3267 3322 habet
3296 3267 3417 3322 lau~

1833 3354 1956 3411 dem
2011 3372 2078 3412 ex
2134 3355 2204 3411 iis
2259 3370 2381 3425 quae
2449 3364 2579 3411 sunt
2642 3357 2978 3425 manifesta;
3046 3365 3176 3413 sunt
3236 3364 3421 3412 autem

1832 3458 1983 3504 extra
2023 3463 2111 3512 ea,
2151 3463 2272 3518 quae
2309 3454 2584 3510 tacentur,
2622 3458 2678 3503 et
2705 3458 2834 3503 sunt
2868 3449 3090 3505 occulta
3130 3449 3420 3516 miracula,

1833 3554 1955 3608 quae
1987 3538 2166 3593 solum
2206 3546 2511 3593 cernuntur
2545 3538 2638 3592 illo
2671 3539 2832 3594 oculo
2864 3540 2959 3609 qui
2999 3541 3214 3595 occulta
3262 3541 3419 3610 aspi-

1835 3630 1934 3687 cit.
1971 3628 2077 3683 Per
2099 3643 2165 3683 ea
2193 3635 2376 3683 autem
2403 3644 2526 3698 quae
2549 3638 2738 3698 postea
2780 3637 3103 3700 sequuntur,
3134 3631 3421 3696 discimus,

1836 3716 1985 3787 quod
2017 3730 2357 3786 quaecunque
2403 3715 2607 3770 ﬁebant
2634 3716 2701 3770 ab
2739 3716 2807 3771 iis
2850 3718 3062 3772 sanctis
3095 3718 3187 3787 qui
3230 3732 3262 3771 ιι
3312 3716 3422 3772 Deo

1836 3816 1996 3866 erant
2032 3806 2316 3879 inspirati,
2367 3806 2590 3862 fuerunt
2627 3807 2851 3877 quidam
2884 3817 3043 3878 typus
3075 3816 3130 3863 et
3170 3808 3422 3863 doctrina

1836 3915 2030 3955 eorum
2064 3913 2187 3970 quae
2224 3906 2372 3953 recte
2419 3897 2555 3951 ﬁunt
2589 3912 2656 3953 ex
2689 3898 2915 3954 virtute.
2945 3896 3178 3968 Nuptiae,
3217 3898 3423 3969 migra-

1838 3993 2036 4055 tiones,
2079 3990 2242 4056 bella,
2294 3988 2653 4045 aediﬁciorum
2705 3990 3134 4057 exstructiones,
3181 3989 3427 4061 praeﬁgu-

1834 4085 2033 4139 rabant
2080 4084 2265 4139 omnia
2315 4082 2746 4137 admonitionem
2796 4081 2921 4136 vitae
2967 4090 3156 4152 postea
3201 4082 3421 4137 futurae.

1838 4175 2053 4246 Scripta
2086 4184 2208 4229 sunt
2241 4175 2405 4240 enim,
2456 4173 2657 4244 inquit,
2712 4175 2823 4227 hac
2849 4172 2920 4225 ad
2961 4181 3201 4227 nostram
3247 4173 3429 4227 admo-

1839 4271 2112 4326 nitionem,
2160 4266 2229 4320 ad
2274 4282 2405 4336 quos
2448 4266 2580 4335 ﬁnes
2628 4264 2949 4319 sazculorum
2987 4264 3423 4333 peruenerunt”.

1837 4357 1972 4413 Nam
2000 4358 2201 4414 bellum
2229 4356 2448 4426 quidem
2476 4355 2622 4426 quod
2649 4362 2862 4426 gestum
2885 4361 2970 4409 est
2998 4355 3264 4411 adversus
3295 4355 3429 4411 alie—

162 4452 553 4523 κατήντηκεν.
598 4455 655 4507 '0
702 4454 800 4525 μὲν
831 4453 942 4525 γὰρ
982 4455 1123 4508 κατὰ
1146 4454 1253 4507 τῶν
1294 4454 1607 4525 ἀλλοφύλων
1638 4454 1731 4509 πό-

1844 4451 2091 4519 nigenas,
2132 4448 2376 4503 consulit
2409 4456 2467 4501 ut
2499 4462 2600 4502 nos
2630 4445 2846 4502 fortiter
2870 4461 3128 4517 geramus
3161 4448 3427 4504 adversus

156 4532 345 4619 ⁴λξμος,
374 4532 733 4611 συμϐουλεύει
765 4545 907 4594 κατὰ
935 4541 1035 4609 τῆς
1070 4541 1270 4603 κακίας
1301 4542 1451 4611 ἡμᾶς
1490 4542 1734 4612 ἀνδρίζε-

172 4623 307 4678 σθαι.
347 4628 410 4681 Ἦ
436 4629 493 4682 δὲ
531 4627 672 4682 κατὰ
694 4629 820 4689 τοὺς
854 4629 1068 4699 γάμους
1105 4626 1309 4700 σπουδὴ
1338 4630 1435 4700 τὴν
1471 4630 1581 4683 τῶν
1609 4632 1733 4703 ἀρε.

170 4706 272 4769 τῶν
335 4719 643 4790 συνοίκησιν
693 4711 761 4773 δι’
809 4720 1148 4790 αἰνιγμάτων
1209 4722 1343 4793 ἡμῖν
1401 4721 1732 4777 ὑποτίθεται.

181 4806 447 4875 Ὡσαύτως
488 4810 544 4863 δὲ
585 4813 740 4876 καὶή
789 4810 1016 4866 ἀποικία
1056 4810 1150 4864 τοῦ
1184 4812 1440 4884 ἐναρέτου
1485 4813 1602 4884 βίου
1644 4812 1735 4866 τὸν

168 4892 407 4968 οἰκισμὸν
435 4900 746 4955 ὕποϐάλλει·
784 4901 852 4955 τὰ
884 4901 927 4954 δ’
958 4902 1059 4956 ὅσα
1098 4904 1228 4973 περὶ
1252 4903 1350 4968 τὰς
1389 4904 1737 4967 κατασκευὰς

172 4984 272 5038 τῶν
320 4992 767 5064 οἰκοδομημάτων
806 4992 937 5063 παρ’
981 4995 1161 5048 αὐτῶν
1199 4996 1579 5061 ἐσπουδάζετο,
1627 4996 1736 5050 τῶν

172 5072 445 5149 ἡμετέρων
475 5082 639 5137 οἴκων
660 5082 768 5138 τῶν
799 5082 866 5137 δι’
896 5085 1094 5155 ἀρετῆς
1121 5086 1590 5157 οἰκοδομουμένων
1623 5088 1740 5140 ἐπι-

178 5162 387 5228 μέλειαν
433 5171 704 5225 ποιεῖσθαι
746 5171 1136 5227 διακελεύεται.
1178 5175 1271 5228 Διό
1320 5192 1410 5245 μοι
1455 5176 1605 5230 δοκεί⁹
1645 5177 1737 5230 τὸν

177 5262 437 5333 περιφανῆ
465 5260 674 5333 πύργον
704 5264 929 5325 ἐκεῖνον,
1023 5264 1090 5316 τά
1120 5264 1407 5335 ἀκροθίνια
1435 5266 1543 5319 τῶν
1562 5265 1737 5336 λαφύ-

178 5357 282 5409 ρων
310 5347 568 5424 ἀνέθηκεν
599 5353 628 5404 6
649 5351 832 5419 Δαϐἰδ,
856 5353 994 5425 πρὸς
1026 5355 1123 5425 τὴν
1144 5356 1427 5427 προκοπὴν
1463 5356 1565 5428 τῆς
1613 5359 1739 5413 Ἐκ-

180 5431 396 5504 κλησίας
430 5442 662 5513 βλέπων,
689 5445 798 5500 τῶν
834 5463 887 5499 τι
914 5445 1033 5499 κατ’
1064 5447 1264 5518 ἀρετὴν
1293 5447 1740 5520 σπουδαζομένων

179 5525 610 5589 προδιατυπῶσαι
667 5533 840 5605 τούτῳ
896 5534 976 5606 τῷ
1019 5535 1197 5607 ἐργῳο
1246 5535 1307 5601 ὃς
1348 5537 1739 5609 ὑπερφαίνεται

245 5697 294 5734 ³³
339 5700 502 5762 Bom.
550 5727 612 5777 ιι,
664 5710 755 5769 29.
820 5712 866 5745 ⁸³
893 5710 1050 5766 Rom.
1094 5728 1181 5778 xv,
1236 5712 1290 5767 4.

1840 4539 1994 4594 vitia.
2032 4536 2287 4592 Studium
2316 4544 2498 4609 autem
2529 4535 2893 4591 contrahendi
2927 4536 3289 4603 matrimonii,
3329 4552 3428 4607 per

1840 4630 2126 4699 aenigmata
2162 4642 2264 4683 nos
2292 4626 2551 4681 admonet
2584 4632 2643 4680 ut
2681 4626 3069 4682 cohabitamus
3098 4642 3224 4682 cum
3249 4628 3427 4682 virtu,

1842 4723 2011 4777 tibus.
2045 4719 2311 4774 Similiter
2357 4725 2538 4773 autem
2588 4718 2845 4789 migratio
2878 4719 3105 4773 denotat
3145 4720 3433 4792 migratio-

1842 4828 1966 4868 nem
2016 4812 2084 4867 ad
2122 4802 2289 4865 vitam
2322 4825 2386 4865 ex
2423 4811 2626 4865 virtute
2663 4810 2967 4881 agendam;
3000 4826 3101 4881 per
3139 4810 3427 4867 domorum

1843 4912 2022 4960 autem
2061 4903 2466 4973 exstructiones
2512 4903 2569 4957 in
2599 4917 2739 4972 quas
2769 4904 2839 4958 ab
2867 4903 2951 4959 eis
2999 4903 3285 4959 confertur
3313 4914 3435 4960 stu-

1842 4995 2018 5057 dium,
2042 4994 2301 5065 iubemur
2329 5009 2518 5049 curam
2553 4998 2753 5065 gerere
2781 5002 3100 5051 nostrarum
3136 4995 3426 5050 domorum

1845 5101 1967 5156 quae
2015 5083 2358 5140 aediﬁcantur
2407 5099 2505 5154 per
2544 5084 2827 5141 virtutem.
2877 5085 3245 5153 Quamobrem
3294 5084 3428 5138 mihi

1845 5176 2061 5232 videtur
2093 5174 2336 5245 insignis
2386 5173 2477 5227 illa
2531 5176 2722 5242 turris,
2767 5176 2821 5230 in
2859 5190 2969 5246 qua
3014 5176 3219 5245 Optima
3251 5176 3430 5244 spolia

1847 5265 2136 5337 suspendit
2169 5265 2336 5321 David
2375 5266 2650 5334 aspiciens
2683 5266 2751 5321 ad
2790 5266 3098 5336 profectum
3143 5264 3428 5330 Ecclesiae,

1846 5358 2200 5430 praeﬁgurare
2231 5373 2370 5429 opus
2414 5373 2607 5413 eorum
2655 5359 2749 5428 qui
2789 5358 3032 5414 studium
3083 5357 3139 5410 in
3174 5357 3430 5412 virtutem

1846 5450 2138 5506 conferunt
2168 5468 2183 5504 :
2210 5464 2330 5519 qua:
2381 5448 2603 5518 quidem
2649 5454 2876 5520 apparet
2922 5455 3152 5504 extensa
3207 5447 3265 5501 in
3304 5447 3432 5500 alti-

1849 5542 2095 5599 tudinem
2125 5540 2363 5610 alicujus
2386 5540 2770 5611 promontorii,
2802 5546 2930 5611 apta
2960 5546 3143 5596 autem
3171 5536 3266 5592 illo
3288 5546 3433 5594 tem-
