3866 6366
480 328 578 386 951

1723 325 1779 377 s.
1813 325 2142 379 GREGOHII
2174 325 2479 400 MSSEM.

484 455 621 515 pore
674 437 778 495 fuit
813 441 1125 496 existimata
1174 441 1244 496 ad
1296 440 1657 497 custodienda
1706 444 1903 512 spolia,
1947 460 2067 515 quzc

2175 447 2273 513 μὲν
2301 451 2610 521 ἀκρωρείας
2634 453 2776 517 τινὸς
2804 454 2886 517 εἰς
2931 453 3067 526 ὕψος
3091 455 3507 528 ἀνατεινόμενος
3532 473 3546 487 ·
3577 460 3739 535 ἐπιτὴ.

483 532 791 603 subjugatis
839 542 891 587 et
941 534 996 585 in
1046 533 1363 588 servitutem
1428 534 1667 589 redactis
1717 536 2070 607 alienigenis,

483 638 609 677 cum
641 624 856 678 caeteris
885 624 1043 678 bonis
1077 640 1170 678 rex
1202 624 1307 679 sibi
1338 624 1633 680 lucrifecit.
1660 623 1915 681 Ostendit
1939 642 2072 698 ergo

483 730 578 769 rex
627 730 727 784 per
778 729 934 769 suam
996 715 1362 783 sapientiam,
1418 720 1486 769 ad
1529 716 1805 786 quodnam
1863 718 2069 773 bonum

483 805 762 873 aspiciens
804 805 974 860 David
1031 807 1285 861 humana:
1314 806 1456 870 vitae,
1499 806 1697 862 futura:
1745 809 1866 863 vita:
1900 810 2069 863 veluti

486 893 767 963 quoddam
818 895 1114 950 consilium
1162 897 1316 965 prius
1370 897 1688 966 exposuerit
1749 913 1844 967 per
1901 899 2071 953 turris

480 987 979 1042 constructionem.
1022 986 1159 1041 Nam
1179 988 1353 1067 totius
1374 990 1625 1058 corporis
1658 989 1917 1046 Ecclesiae
1950 992 2070 1047 sin-

486 1079 741 1148 gulorum
778 1081 1173 1144 membrorum,
1206 1096 1303 1150 per
1330 1082 1796 1153 comparationem
1836 1084 2071 1154 alicujus

484 1185 610 1225 cum
645 1172 838 1242 aliquo
863 1180 918 1228 et
945 1174 1382 1237 similitudinem,
1417 1175 1740 1230 laudaturus
1764 1176 2070 1246 pulchritu-

481 1262 692 1329 dinem,
731 1264 1054 1321 describens
1090 1265 1280 1334 quales
1307 1281 1430 1321 esse
1469 1272 1720 1334 oporteat
1760 1280 1856 1319 eos
1889 1267 1984 1336 qui
2014 1267 2070 1322 in

480 1355 686 1425 populo
730 1364 917 1411 tenent
968 1356 1149 1410 locum
1201 1357 1349 1421 colli,
1385 1357 1632 1411 meminit
1685 1355 1847 1424 hujus
1876 1359 2068 1425 turris,

479 1459 602 1513 quae
634 1445 855 1514 quidem
905 1446 1226 1500 nominatur
1266 1445 1457 1510 David,
1502 1448 1856 1516 cognoscitur
1884 1458 2068 1504 autem

483 1534 651 1589 etiam
684 1553 750 1591 ex
785 1538 1236 1608 propugnaculis.
1260 1536 1631 1593 Nominantur
1660 1547 1843 1595 autem
1872 1555 2070 1611 propu-

482 1631 716 1700 gnacula
744 1630 1063 1702 Thalpiotb.

549 1906 626 1961 lta
661 1915 840 1963 autem
876 1907 1041 1963 habet
1081 1913 1374 1963 contextus
1414 1908 1725 1963 orationis:
1762 1907 1911 1964 Sicut
1951 1917 2065 1962 tur-

477 2000 552 2053 ris
590 1999 762 2053 Darid
790 1999 986 2054 collum
1032 2008 1201 2064 tuum,
1246 2016 1364 2069 quae
1404 2008 1484 2054 est
1515 2001 1784 2069 azdiﬁcata
1819 2002 1873 2053 in
1908 2000 2065 2054 Thal-

475 2091 645 2161 piolli,
685 2092 831 2145 mille
852 2092 1021 2161 εἰειρεὶ
1052 2093 1105 2145 in
1132 2093 1250 2163 ipsa
1281 2090 1524 2161 pendent.
1551 2107 1729 2146 omnes
1759 2092 1929 2146 hasta:
1953 2093 2065 2161 [or-

477 2189 630 2237 tium.
690 2182 1005 2253 Corporalis
1060 2198 1192 2253 ergo
1247 2183 1416 2240 turris
1460 2184 1804 2239 constructio
1850 2199 1917 2239 ex
1962 2185 2067 2239 hoc

476 2284 564 2330 est
618 2276 849 2346 insignis
893 2285 948 2330 et
994 2276 1371 2347 suspicienda,
1423 2275 1567 2344 quod
1625 2277 1697 2331 sit
1742 2291 1881 2346 opus
1919 2277 2066 2347 regis

483 2362 674 2429 David,
709 2374 760 2419 et
789 2381 855 2420 ex
897 2367 1002 2421 loci
1034 2367 1315 2437 superbia”,
1357 2376 1411 2421 et
1453 2381 1518 2421 ex
1556 2366 1728 2421 armis
1759 2367 1813 2421 in
1845 2382 1907 2422 ea
1939 2383 2067 2423 sus-

480 2458 689 2524 pensis,
732 2472 925 2526 nempe
955 2458 1166 2528 clypeis
1217 2468 1271 2512 et
1303 2456 1501 2514 hastis,
1534 2472 1769 2527 quarum
1817 2461 2065 2514 multitu-

476 2548 663 2602 dinem
709 2548 956 2603 ostendit
1008 2556 1300 2603 contextus
1346 2548 1566 2602 nomine
1613 2549 1928 2604 millenarii.
1973 2550 2069 2606 Est

476 2650 659 2693 autem
691 2649 872 2694 noster
920 2655 1117 2709 scopus
1166 2641 1521 2694 considerare
1559 2640 1668 2693 vim
1701 2640 1900 2695 divinae
1940 2657 2066 2696 ora-

484 2731 653 2785 tionis
683 2747 695 2784 :
731 2730 1195 2800 quemadmodum
1228 2731 1358 2786 huic
1389 2731 1526 2784 turri
1555 2741 1911 2800 comparatur
1938 2748 2068 2804 pars

480 2826 573 2879 illa
607 2824 866 2880 Ecclesiae
899 2827 987 2880 cui
1020 2841 1220 2881 nomen
1262 2831 1347 2881 est
1386 2824 1611 2879 collum.
1655 2824 1897 2879 Primum
1933 2840 2068 2897 ergo

484 2917 742 2970 convenit
780 2916 1121 2981 examinare,
1158 2931 1410 2986 quamam
1453 2930 1584 2985 pars
1627 2916 1684 2969 in
1716 2924 1907 2971 nostro
1946 2931 2069 2971 cor-

414 3032 420 3069 ς
486 3020 623 3076 pore
660 3007 966 3076 appelletur
999 3007 1127 3060 colli
1170 3006 1413 3070 nomine,
1462 3006 1659 3060 deinde
1690 3006 1935 3061 membro
1973 3005 2072 3060 Ec-

412 3122 419 3168 ;
479 3100 665 3153 clcsize
690 3091 1356 3153 nomrn'accommodare.
1395 3097 1551 3163 Quod
1585 3113 1715 3167 ergo
1744 3098 1941 3154 mediis
1967 3099 2070 3153 hu-

412 3176 415 3183 λ
477 3190 649 3245 meris
695 3190 1030 3255 immittitur,
1067 3191 1123 3243 in
1172 3204 1233 3245 se
1283 3198 1465 3244 autem
1512 3195 1678 3257 caput
1712 3190 1970 3253 sustinet,
2013 3199 2069 3245 et

481 3281 539 3333 fit
568 3295 667 3350 pro
695 3280 815 3335 basi
849 3280 970 3350 ejus
1000 3282 1144 3350 quod
1177 3281 1250 3335 illi
1284 3281 1605 3350 imponitur,
1642 3281 1842 3335 collum
1895 3284 2072 3337 nomi-

479 3380 666 3433 natur,
709 3371 870 3440 cujus
900 3372 952 3426 id
985 3371 1205 3441 quidem
1235 3371 1381 3441 quod
1420 3379 1506 3425 est
1535 3384 1683 3426 retro
1710 3371 1935 3425 fulcitur
1973 3388 2069 3428 os—

485 3462 682 3527 sibus;
726 3461 873 3530 quod
920 3467 1102 3516 autem
1156 3460 1401 3515 anterius
1455 3466 1558 3523 est,
1608 3459 1840 3514 liberum
1883 3467 1967 3515 est
2000 3462 2069 3515 ab

478 3554 686 3607 ambitu
727 3554 960 3607 ossium.
1000 3550 1159 3610 Ossis
1194 3559 1377 3606 autem
1421 3559 1620 3604 natura
1668 3565 1779 3605 non
1827 3557 1913 3607 est
1963 3553 2067 3608 sibi

479 3646 583 3716 ipsi
622 3645 916 3700 continens
964 3652 1020 3699 et
1066 3643 1370 3707 individua,
1406 3643 1552 3697 sicut
1585 3642 1756 3697 cubiti
1796 3650 1850 3698 et
1897 3643 2062 3710 tibiae,

484 3736 581 3792 sed
619 3737 769 3793 dorsi
807 3737 1078 3792 vertebris
1108 3735 1466 3790 multifariam
1516 3734 1688 3805 ﬁgura
1720 3734 1933 3801 divisis,
1969 3751 2068 3806 per

479 3844 684 3884 nervos
723 3837 779 3884 et
812 3828 1083 3883 medullas
1112 3835 1167 3883 et
1199 3829 1490 3898 ligamenta
1525 3827 1607 3882 eis
1644 3826 1867 3891 adnata,
1918 3829 2067 3897 ipsa-

478 3936 604 3975 rum
645 3922 711 3975 ad
751 3937 810 3976 se
855 3920 1089 3975 invicem
1125 3919 1184 3979 ﬁt
1238 3919 1368 3973 unio
1402 3937 1418 3980 ;
1448 3927 1502 3973 et
1541 3932 1638 3988 per
1668 3919 1963 3973 medullam
1996 3920 2067 3973 ti-

480 4014 584 4068 biae
615 4014 851 4069 similem
881 4029 977 4083 per
1005 4011 1244 4066 medium
1279 4011 1690 4081 pervadentem,
1730 4027 1853 4081 quae
1885 4012 2062 4067 conti-

482 4112 646 4159 netur
677 4103 900 4173 quidem
932 4102 1296 4169 membranis,
1330 4102 1385 4157 id
1414 4110 1596 4157 autem
1628 4104 1774 4173 quod
1800 4110 1885 4160 est
1913 4103 2066 4160 intus

484 4196 698 4249 unitum
734 4203 819 4249 est
870 4194 1097 4249 cerebro
1129 4212 1143 4249 :
1177 4202 1305 4249 ante
1335 4202 1516 4248 autem
1570 4194 1819 4250 continet
1862 4195 2063 4250 collum

484 4301 735 4356 asperam
765 4286 1046 4349 arteriam,
1080 4293 1134 4340 et
1158 4293 1242 4341 est
1271 4285 1675 4355 receptaculum
1711 4286 1940 4356 spiritus
1972 4288 2064 4359 qui

494 4378 641 4432 intro
679 4377 994 4431 admittitur
1021 4384 1076 4432 et
1121 4375 1331 4441 influit,
1368 4391 1464 4446 per
1494 4391 1655 4446 quem
1703 4377 1847 4448 ignis
1878 4378 2063 4433 cordis

2166 538 2316 613 ,δειος
2340 539 2396 593 δὲ
2427 540 2568 594 κατὰ
2594 541 2687 596 τὸν
2715 544 2909 615 χρόνον
2938 547 3148 600 ἐκεῖνον
3174 546 3310 618 πρὸς
3335 547 3433 619 τὴν
3447 547 3565 601 τῶν
3597 549 3741 620 lues.

2179 647 2288 700 ρων
2334 632 2584 704 φυλακὴν
2615 636 2898 708 ἐνομίσθη,
2937 638 3039 693 ὅσα
3070 638 3481 711 δουλωσάμενος
3514 642 3641 705 τοὺς
3666 644 3739 696 ἁλι

2173 722 2440 792 λοφῦλους
2471 728 2610 795 μετὰ
2634 728 2744 783 τῶν
2773 729 2978 783 λοιπῶν
3019 732 3316 803 χρημάτων
3355 731 3491 784 ἴδιον
3521 733 3737 804 κέρδοςό

2176 815 2428 885 βασιλεὺς
2458 819 2780 891 ἐποιήσατο.
2832 815 3071 887 Ἔδειξεν
3097 819 3192 877 οὖν
3221 822 3307 877 διὰ
3333 824 3435 895 τῆς
3468 824 3634 877 αὐτοῦ
3666 842 3739 877 σο-

2176 908 2303 977 φίας
2325 911 2352 962 6
2385 909 2657 979 βασιλεὺς,
2693 913 2829 983 πρὸς
2860 914 2890 966 ὅ
2912 931 2964 967 τι
2997 914 3207 982 βλέπων
3230 915 3259 967 6
3280 914 3446 969 Δαϐὶδ
3465 915 3667 984 ἀγαθὸν
3685 920 3735 987 τῇ

2173 999 2280 1052 τῶν
2309 1001 2611 1073 ἀνθρώπων
2646 1004 2780 1076 ζωῇ,
2817 1005 3006 1078 ὥσπερ
3028 1004 3152 1060 τινὰ
3182 1007 3496 1080 συμϐουλὴν
3526 1009 3603 1079 τῷ
3627 1010 3737 1079 μετὰ

2173 1092 2346 1147 ταῦτα
2387 1094 2486 1165 βίῳ
2517 1094 2603 1150 διὰ
2632 1099 2732 1168 τῆς
2766 1096 2862 1150 τοῦ
2894 1098 3105 1169 πύργου
3132 1099 3483 1168 κατασκευῆς
3518 1100 3735 1170 προαπέ-

2176 1185 2316 1239 θετο.
2348 1186 2555 1248 Παντὸς
2581 1187 2689 1258 γὰρ
2714 1188 2806 1241 τοῦ
2837 1188 3087 1260 σώματος
3114 1189 3214 1260 τῆς
3262 1189 3616 1260 Ἐκκλησίας,
3648 1188 3734 1241 τῶν

2175 1275 2299 1329 καθ’
2343 1277 2571 1331 ἕκαστον
2601 1279 2779 1349 μελῶν
2805 1280 2892 1334 διὰ
2923 1280 3025 1351 τῆς
3066 1281 3203 1351 πρός
3230 1298 3282 1334 τι
3317 1279 3669 1352 παραθέσεὼς
3688 1299 3734 1333 τε

2175 1368 2270 1420 καὶ
2313 1368 2629 1438 ὁμοιώσεως
2668 1371 3038 1440 ἐγκωμιάζειν
3083 1372 3146 1425 τὸ
3179 1372 3370 1435 κάλλος
3413 1371 3648 1442 μέλλων,
3682 1371 3735 1422 δι’

2173 1460 2471 1514 ἀκολούθου
2520 1463 2647 1525 τοὺς
2678 1464 2737 1516 ὲν
2765 1462 2841 1533 τῷ
2869 1463 2984 1533 λαῷ
3017 1463 3109 1517 τὸν
3137 1463 3231 1517 τοῦ
3277 1462 3555 1537 τραχήλου
3597 1463 3731 1517 τόπον

2174 1552 2490 1622 ἐπέχοντας,
2513 1553 2658 1616 οἴους
2680 1552 2833 1618 τινὰς
2854 1551 2993 1607 εἶναι
3020 1555 3307 1626 προσήκει,
3331 1553 3649 1623 διαγράφων
3673 1550 3733 1621 τῷ

2173 1642 2338 1713 λόγῳ,
2373 1642 2467 1695 τοῦ
2501 1642 2711 1714 πύργου
2749 1644 3022 1714 μέμνηται
3044 1642 3257 1708 τούτου,
3282 1636 3327 1711 ᾧ
3356 1640 3730 1713 ἐπονομάζεται

2178 1735 2277 1803 μὲν
2301 1735 2329 1787 6
2362 1733 2546 1797 Δαϐὶδ,
2594 1733 2707 1803 ἔχει
2732 1734 2788 1787 δέ
2823 1734 2917 1787 καὶ
2956 1732 3065 1787 ἀπὸ
3093 1733 3199 1786 τῶν
3228 1731 3514 1796 ἐπάλξεων
3536 1732 3597 1784 τὸ
3616 1730 3733 1798 γνώ-

2093 1798 2137 1857 Β
2175 1798 2352 1896 ριμον.
2388 1798 2781 1893 Θαλπιὼθ-γὰρ
2810 1827 2865 1879 αἱ
2902 1824 3156 1891 ἐπάλξεις
3189 1823 3674 1894 κατονομάζονται.

2245 1916 2407 1970 Οὕτω
2439 1917 2494 1970 δὲ
2517 1918 2549 1987 ἡ
2576 1916 2720 1980 λέξις
2758 1915 2866 1986 ἔχει
2892 1932 2903 1945 ’
2947 1916 3039 1982 Ὠς
3083 1916 3310 1986 πύργος
3339 1915 3523 1969 Anam
3550 1913 3731 1983 τράχη.

2170 2010 2281 2075 λός
2318 2027 2469 2075 σου,
2506 2012 2539 2063 ό
2592 2008 3047 2077 ᾠκοδομημένος
3091 2008 3160 2061 ἐν
3206 2007 3521 2073 Θαλπιὼθ,
3576 2007 3728 2077 χίλιοι

2172 2103 2367 2169 θυρεοὶ
2411 2102 2729 2171 κρέμανται
2761 2101 2865 2155 ἐπ’
2885 2100 3077 2167 αὐτῷ,
3125 2100 3313 2156 πᾶσαι
3341 2100 3599 2165 ,βολίδες
3632 2096 3726 2151 τῶν
3796 2112 3799 2115 ·

2171 2193 2462 2253 δυνατῶν.
2506 2196 2571 2248 Ἦ
2606 2196 2703 2266 μὲν
2733 2190 2827 2248 οὖν
2868 2196 3155 2265 σωματικὴ
3199 2192 3291 2248 τοῦ
3326 2193 3544 2264 πύργου
3590 2206 3728 2244 κατα-

2175 2284 2341 2356 σκευὴ
2365 2284 2427 2337 τὸ
2450 2286 2810 2357 περίϐλεπτον
2844 2284 2958 2356 ἔχει
2977 2327 2989 2349 ,
3014 2284 3077 2338 ἐκ
3104 2301 3165 2338 τε
3191 2284 3287 2338 τοῦ
3318 2284 3481 2356 ἔργον
3501 2281 3635 2338 εἶναι
3655 2282 3727 2336 τοῦ

2175 2375 2439 2446 βασιλέως
2463 2377 2645 2441 Δαϐὶδ,
2696 2379 2791 2431 καὶ
2815 2378 2881 2431 ἐκ
2915 2378 3015 2446 τῆς
3038 2377 3395 2448 περιφανείας
3425 2376 3524 2430 τοῦ
3565 2377 3724 2439 τόπον,

2173 2468 2266 2522 καὶ
2308 2471 2371 2521 ἐκ
2393 2469 2504 2522 τῶν
2531 2470 2904 2524 ἀνατεθέντων
2931 2469 3111 2522 ὃπλων
3142 2471 3200 2521 ἐν
3233 2468 3380 2538 αὐτῷ
3400 2508 3415 2533 ,
3457 2468 3658 2540 θυρεῶν
3683 2481 3725 2519 τε

2175 2561 2268 2614 καὶ
2302 2560 2413 2613 τῶν
2453 2561 2694 2631 βολίδων,
2727 2555 2801 2616 ὧν
2830 2561 2892 2614 τὸ
2925 2560 3129 2631 πλῆθος
3157 2560 3491 2614 ἐνδείκνυται
3533 2561 3576 2612 ὁ·
3600 2559 3727 2626 λόγος

2173 2651 2250 2722 τῷ
2277 2651 2379 2721 τῆς
2417 2652 2655 2722 χιλιάδος
2698 2652 2943 2724 ὀνόματι.
2989 2652 3147 2723 Ἦμῖν
3184 2652 3239 2707 δὲ
3270 2651 3475 2714 σκοπός
3515 2653 3625 2704 ἐστι
3652 2666 3726 2702 κα-

2173 2739 2433 2810 τανοῆσαι
2479 2740 2572 2794 τοῦ
2619 2742 2764 2794 θείου
2796 2741 2955 2810 λόγου
2995 2744 3094 2813 τὴν
3138 2740 3393 2811 δύναμιν
3428 2741 3550 2804 πῶς
3578 2754 3725 2811 παρα·

2175 2829 2428 2884 ϐάλλεται
2450 2830 2528 2901 τῷ
2555 2831 2752 2903 πύργῳ
2777 2832 2952 2903 τούτῳ
2979 2833 3040 2886 τὸ
3074 2832 3239 2903 μέρος
3267 2832 3446 2884 ἐκεῖνο
3482 2830 3581 2898 τῆς
3626 2829 3722 2881 Ἕκ·

2176 2918 2421 2991 κλητίας,
2453 2913 2497 2987 ᾧ
2531 2921 2803 2993 τράχηλός
2846 2922 2962 2974 ἐστι
2991 2920 3052 2975 τὸ
3094 2920 3285 2991 ὄνομα.
3316 2919 3543 2989 Πρῶτον
3577 2916 3724 2970 τοίνυν

2175 3002 2425 3067 ἐξετάσαι
2472 3007 2740 3076 προσήκει
2793 3008 2943 3059 ποῖον
2988 3004 3144 3076 ἐντῷ
3189 3005 3311 3058 καθ’
3358 3006 3509 3075 ἡμᾶς
3548 3002 3725 3071 σώματι

2177 3094 2342 3164 μέρος
2367 3134 2382 3157 ,
2423 3094 2501 3163 τῷ
2530 3096 2752 3166 ὀνόματι
2792 3095 2886 3149 τοῦ
2933 3095 3205 3167 τραχήλου
3262 3092 3721 3166 προσαγορεύεται,

2172 3182 2270 3240 εἷθ’
2317 3186 2489 3249 οὕτως
2538 3188 2850 3258 ἐφαρμόσαι
2884 3186 2962 3257 τῷ
2988 3187 3089 3256 τῆς
3133 3185 3462 3258 Ἐκκλησίας
3508 3184 3646 3255 μέλει
3675 3179 3721 3232 τὸ

2170 3282 2360 3354 ὄνομα.
2394 3283 2605 3337 Οὐκοῦν
2645 3283 2707 3336 τὸ
2733 3282 3101 3356 ἐῤῥιζωμένον
3141 3283 3200 3335 ἐν
3247 3281 3397 3353 μέσῳ
3421 3281 3531 3334 τῶν
3562 3280 3719 3349 ὤμων,

2170 3375 2380 3446 ἀνέχων
2412 3375 2467 3429 δὲ
2498 3375 2598 3447 τὴν
2620 3376 2864 3446 κεφαλὴν
2891 3375 2977 3444 ἐφ’
3016 3373 3233 3435 ἑαυτοῦ,
3268 3375 3363 3429 καὶ
3391 3375 3513 3428 ἀντὶ
3544 3372 3716 3443 βάσεως

2167 3466 2261 3519 τοῦ
2295 3466 2698 3537 ὑπερκειμένου
2738 3467 3045 3537 γινόμενον,
3081 3465 3352 3537 τράχηλος
3384 3463 3715 3535 ὀνομάζεται*

2167 3550 2228 3610 οὗ
2252 3556 2311 3610 τὸ
2339 3556 2570 3609 κατόπιν
2616 3555 2737 3627 μὲν,
2775 3556 2984 3620 ὀστέοις
3019 3556 3322 3627 ἐρείδεται·
3356 3554 3417 3609 τὸ
3452 3556 3514 3611 δὲ
3552 3551 3716 3622 προϐε-

2168 3647 2436 3718 ϐλημένον
2464 3646 2748 3719 ἐλεύθερόν
2787 3647 2902 3700 ἐστι
2934 3647 3032 3717 τῆς
3072 3646 3180 3700 τῶν
3208 3646 3407 3700 ὀστέων
3436 3640 3714 3715 περιϐολῆς-

2177 3739 2242 3792 Ἦ
2267 3740 2324 3793 δὲ
2365 3738 2460 3792 τοῦ
2494 3739 2677 3793 ὀστέου
2721 3737 2884 3807 φύσις
2908 3777 2923 3803 ,
2952 3739 3014 3792 οὐ
3042 3736 3166 3792 καθ’
3192 3738 3487 3809 ὁμοιότητα
3524 3735 3610 3789 τοῦ
3632 3733 3717 3801 πή·

2166 3831 2365 3902 Χεωςῆ
2406 3831 2506 3902 τῆς
2544 3832 2760 3902 κνήμης
2809 3830 3043 3901 συνεχής
3083 3831 3199 3883 ἐστι
3232 3829 3367 3900 πρὸς
3413 3825 3605 3897 ἑαυτὴν
3643 3822 3716 3875 καὶ

2165 3924 2489 3997 ἀδιαίρετος,
2529 3923 2663 3977 ἀλλὰ
2694 3921 2960 3993 πολλαχοῦ
2987 3921 3095 3976 τῶν
3138 3921 3340 3975 ὀστέων
3368 3921 3424 3974 ἐν
3444 3916 3714 3973 σπονδύλων

2168 4016 2408 4087 σχήματι
2433 4014 2799 4087 διῃρημένων,
2829 4013 2919 4067 διὰ
2944 4012 3054 4067 τῶν
3075 4013 3396 4083 πεφυκότων
3426 4012 3603 4073 αὐτοῖς
3619 4006 3712 4061 νεύ-

2169 4123 2279 4176 ρων
2306 4106 2402 4159 καὶ
2442 4105 2654 4177 μυελῶν
2688 4107 2784 4160 καὶ
2821 4106 3132 4177 συνδέσμων
3160 4107 3193 4176 ἡ
3232 4106 3426 4169 ἐνωσις
3448 4105 3583 4173 αὐτῇ
3606 4100 3712 4171 πρὶς

2165 4199 2373 4271 ἄλληλα
2401 4199 2633 4270 γίνεται,
2670 4199 2765 4253 καὶ
2797 4198 2887 4252 διὰ
2930 4198 3024 4251 τοῦ
3061 4196 3262 4268 μυελοῦ
3302 4194 3397 4250 τοῦ
3439 4192 3710 4252 αὐλοειδοῦς

2164 4292 2303 4347 κατὰ
2327 4292 2389 4347 τὸ
2420 4292 2584 4363 μέσον
2619 4292 2919 4363 διήκοντος,
2954 4284 3016 4344 οὗ
3037 4291 3071 4360 ἡ
3099 4288 3327 4360 περιοχὴ
3363 4288 3460 4359 μὲν
3495 4286 3620 4360 πρὸς
3636 4281 3711 4342 τὰς

2169 4369 2462 4455 μῆνιγγας,
2484 4384 2619 4438 αὐτὸ
2645 4384 2701 4438 δὲ
2738 4383 2800 4438 τὸ
2830 4383 3148 4454 ἐγκείμενον
3173 4381 3309 4454 πρὸς
3332 4381 3423 4435 τὸν
3448 4376 3709 4450 ἐγκέφαλον

483 4467 782 4522 ventilatur
822 4475 875 4522 et
908 4466 1193 4521 reducitur
1236 4466 1303 4520 ad
1350 4466 1726 4536 operationem
1759 4468 2060 4522 secundum

2171 4477 2371 4548 ἥνωται
2394 4494 2409 4508 ο
2443 4479 2500 4531 ἐν
2535 4476 2592 4531 δὲ
2623 4477 2734 4540 τοῖς
2767 4472 3076 4547 ἔμπροσθεν
3104 4476 3350 4545 περιέχει
3392 4472 3492 4543 μὲν
3519 4470 3608 4541 τὴν
3631 4467 3707 4536 ἀρ·

485 4566 759 4614 naturam.
791 4558 1051 4615 Continet
1079 4569 1260 4613 autem
1296 4558 1405 4613 cibi
1449 4572 1671 4628 quoque
1704 4565 1942 4620 meatus,
1970 4574 2069 4628 per

484 4653 668 4720 gulam
729 4658 785 4705 et
846 4650 1055 4715 fauces,
1113 4650 1379 4721 quidquid
1428 4664 1526 4719 per
1578 4664 1642 4704 os
1703 4648 2073 4705 introducitur

483 4742 870 4798 transmittens
917 4742 985 4797 ad
1006 4724 1415 4799 ’concavitatem
1456 4757 1578 4815 quae
1614 4749 1923 4797 esteorum
1976 4758 2068 4797 ea-

486 4846 614 4902 pax.
655 4830 831 4887 Habet
866 4842 1046 4888 autem
1078 4833 1279 4888 collum
1314 4833 1596 4904 quidpiam
1624 4835 1885 4888 eximium
1928 4851 2072 4905 prac-

486 4932 567 4978 tcr
618 4929 815 4977 caetera
861 4923 1126 4980 membra.
1178 4924 1238 4978 In
1295 4924 1568 4993 superiori
1618 4924 1764 4979 enim
1818 4908 2064 4996 positura

484 5030 695 5087 aspera:
742 5017 979 5081 arterim,
1032 5023 1116 5071 est
1164 5015 1218 5070 in
1261 5031 1328 5071 eo
1373 5015 1585 5071 ofﬁcina
1626 5015 1801 5078 vocis,
1858 5018 1914 5072 in
1957 5034 2065 5088 qua

483 5116 618 5166 sunt
657 5112 964 5181 prmparata
994 5110 1178 5164 omnia
1212 5108 1366 5165 vocis
1398 5109 1787 5175 instrumenta,
1820 5124 1917 5179 per
1945 5125 2067 5178 quae

485 5212 776 5272 generatur
822 5217 994 5258 sonus
1040 5200 1263 5272 spiritu,
1316 5202 1408 5270 qui
1449 5200 1717 5262 redditur,
1770 5200 1825 5254 in
1875 5200 2065 5255 orbein

483 5291 824 5347 circumacta
865 5290 1087 5346 arteria.
1131 5289 1226 5345 Sic
1275 5299 1453 5346 autem
1507 5306 1538 5345 a
1586 5291 1745 5347 nobis
1790 5291 2066 5363 descripto

485 5383 734 5438 membro
768 5383 1040 5455 corporis,
1074 5382 1233 5439 facile
1269 5382 1433 5437 fuerit
1471 5398 1538 5439 ex
1570 5383 1640 5440 iis
1670 5399 1791 5454 quae
1826 5384 1916 5439 hic
1937 5392 2067 5439 sunt
2112 5396 2117 5403 ‘

487 5476 860 5542 considerata,
895 5476 1255 5532 considerare
1282 5476 1483 5531 collum
1523 5476 1779 5546 corporis
1804 5476 2066 5532 ecclesia-

489 5562 612 5617 stici
647 5584 661 5619 :
704 5565 970 5637 quidnam
1020 5568 1093 5623 sit
1142 5581 1242 5638 per
1280 5566 1674 5622 convenientes
1719 5568 2065 5636 operationes

492 5655 635 5716 quod
659 5656 766 5712 hoc
794 5672 994 5714 nomen
1031 5658 1252 5729 proprie
1280 5658 1535 5727 suscipit,
1564 5664 1619 5712 et
1654 5657 1853 5712 collum
1884 5659 2061 5713 nomi-

491 5751 673 5815 natur,
702 5757 757 5806 et
785 5749 927 5804 turri
958 5750 1127 5807 David
1159 5748 1530 5805 assimilatur.

2166 4569 2361 4641 τηρίαν
2408 4569 2437 4621 6
2483 4568 2784 4639 τράχηλος,
2820 4569 2856 4639 ἢ
2889 4567 3094 4638 δοχεῖόν
3135 4569 3250 4620 ἐστι
3298 4565 3391 4620 τοῦ
3438 4564 3708 4635 πνεύματος

2177 4659 2260 4713 τοῦ
2297 4658 2495 4723 ἔξωθεν
2528 4660 2660 4729 ἡμῖν
2704 4658 3133 4729 εἰσοικιζομένου
3174 4675 3234 4710 τε
3282 4656 3377 4711 καὶ
3409 4655 3703 4728 είσρέοντος.

2165 4749 2233 4803 δι’
2278 4744 2339 4804 οὗ
2374 4748 2437 4803 τὸ
2472 4749 2763 4821 ἐγκάρδιον
2808 4750 2920 4822 πῦρ
2957 4749 3094 4820 πρὸς
3136 4748 3234 4821 τὴν
3272 4750 3552 4820 ἐνέργειαν
3576 4740 3705 4801 αὑτοῦ

2165 4843 2269 4914 τὴν
2314 4842 2455 4896 κατὰ
2484 4840 2646 4912 φύσιν
2683 4841 3121 4915 ἀναρριπίζεται.
3153 4841 3404 4912 Περιέχει
3428 4840 3485 4893 δὲ
3529 4837 3613 4893 καὶ
3631 4833 3705 4899 τῆς

2169 4932 2375 5005 τροφῆς
2411 4933 2510 4997 τάς
2551 4933 2810 4997 εἰσόδους,
2853 4931 2944 4986 διὰ
2968 4929 3063 4985 τοῦ
3089 4931 3287 5003 λαιμοῦ
3317 4949 3377 4984 τε
3405 4930 3498 4985 καὶ
3531 4927 3615 4983 τοῦ
3636 4922 3705 4976 λά·

2175 5043 2397 5098 ρυγγος.
2440 5027 2547 5080 πᾶν
2585 5025 2647 5079 τὸ
2674 5026 2764 5079 διὰ
2797 5023 2891 5078 τοῦ
2930 5024 3197 5095 στόματος
3234 5023 3578 5092 εἰσαγόμενον
3601 5014 3705 5085 πρὸς

2169 5118 2269 5188 τὴν
2308 5117 2596 5187 κοιλότητα
2644 5115 2741 5187 τὴν
2770 5114 3025 5186 δεκτικὴν
3060 5113 3266 5175 τούτων
3310 5107 3701 5184 διαπορθμεύων.

2174 5212 2327 5281 Ἔχει
2346 5211 2403 5264 δὲ
2428 5210 2522 5265 καὶ
2547 5208 2676 5263 ἄλλο
2697 5207 2849 5279 παρὰ
2864 5207 2932 5260 τὰ
2960 5207 3122 5261 λοιπά
3147 5207 3257 5260 τῶν
3279 5206 3453 5278 μελῶν
3474 5197 3704 5275 ἐξαίρετόν

2169 5318 2222 5354 τι
2271 5302 2300 5353 6
2341 5301 2632 5371 τράχηλος.
2675 5297 2850 5369 Rari}
2875 5298 2985 5366 γάρ
3021 5298 3123 5369 τὴν
3166 5297 3281 5352 ἄνω
3339 5297 3442 5366 τῆς
3482 5288 3701 5367 ἀρτηρίας

2173 5388 2347 5453 θέσιν,
2382 5387 2532 5440 ἐστὶν
2565 5388 2623 5439 ἐν
2659 5385 2807 5456 αὐτῷ
2836 5387 2934 5457 τῆς
2981 5387 3164 5458 φωνῆς
3195 5386 3256 5440 τὺ
3278 5387 3634 5457 ἐργαστήριον,
3662 5376 3703 5429 ἒν

2173 5473 2218 5547 ᾧ
2244 5480 2313 5533 τὰ
2336 5478 2621 5549 φωνητικὰ
2643 5477 2822 5532 πάντα
2854 5478 3297 5550 παρεσκεύασται
3322 5479 3543 5550 ὄργανα,
3570 5472 3629 5528 δι’
3647 5460 3701 5521 ὧν

2173 5572 2537 5639 άπογεννᾶται
2563 5572 2594 5625 6
2617 5566 2752 5642 ἦχος
2767 5612 2782 5637 ,
2807 5568 2887 5641 τῷ
2909 5569 3274 5642 ἀναδιδομένῳ
3296 5568 3560 5640 πνεύματι
3580 5576 3703 5630 περι-

2176 5663 2502 5735 δονουμένης
2524 5666 2583 5716 ἐν
2613 5662 2797 5734 κύκλῳ
2818 5663 2920 5733 τῆς
2953 5663 3239 5735 ἀρτηρίας.
3269 5661 3423 5716 Οὕτω
3442 5662 3498 5715 δὲ
3516 5656 3598 5713 τοῦ
3620 5668 3698 5707 aw-

2176 5752 2406 5820 ματικοῦ
2440 5752 2633 5823 μέλους
2677 5753 2807 5822 ἡμῖν
2854 5751 3245 5822 διαγραφέντος
3268 5792 3283 5818 ,
3309 5747 3521 5803 εὔκολον
3549 5744 3604 5798 ἂν
3636 5737 3699 5800 ειη
