3866 6396
116 352 288 430 '93‘5
1272 373 1335 430 IN
1361 368 1661 429 cannea
1691 364 1965 423 omne.
2008 364 2298 424 llOMllJA
2337 368 2445 423 vu.
3378 375 3487 430 οδε

144 484 266 540 διὰ
315 484 444 541 τῶν
473 486 707 542 ἐνταῦθα
744 488 1130 561 θεωρηθέντων
1158 488 1250 541 καὶ
1272 488 1363 541 τὸν
1385 485 1479 539 τοῦ
1514 470 1972 554 ἐκκλησιαστικού
2009 479 2261 552 σώματος
2295 481 2570 552 τράχηλον
2630 485 2993 559 κατανοῆσαι·
3063 488 3210 552 ὅστις
3274 489 3420 543 ἐστὶν
3452 489 3486 542 ὁ

138 575 266 631 διὰ
298 577 430 631 τῶν
461 578 813 650 καταλλήλων
834 580 1126 652 ἐνεργειῶν
1154 581 1213 634 τὸ
1245 581 1417 651 ὄνομα
1451 577 1613 632 τοῦτο
1648 574 1858 646 κυρίως
1938 572 2358 646 ἀναλαμϐάνων,
2408 576 2679 649 τράχηλός
2714 598 2774 633 τε
2818 581 3241 653 ὀνομαζόμενος,
3269 584 3363 637 καὶ
3409 584 3485 654 τῷ

146 670 404 742 πύργῳ
437 672 530 727 τοῦ
558 664 724 727 Δαϐὶδ
748 674 1132 745 ὁμοιούμενος.
2018 672 2023 678 ’

238 762 503 835 Πρῶτον
532 765 631 836 μὲν
660 763 774 829 οὖν,
801 766 829 819 ὃ
857 766 920 837 δὴ
944 768 1039 820 καὶ
1066 767 1283 839 πρῶτόν
1309 769 1477 831 ἐστιν,
1510 764 1669 828 εἴτις
1696 763 1795 837 τὴν
1825 763 1867 820 Α
1969 754 2010 808 Ρ
2016 755 2216 809 ι’ίιηῐπη
2251 770 2381 826 ergo
2413 757 2558 828 (111οά
2597 767 2651 814 ει
2683 760 3018 830 praecipuum
3047 770 3154 827 es"
3191 765 3237 821 εί
3270 768 3395 838 (illis
3428 768 3483 822 Ῐη

148 853 467 926 ἀληθινὴν
498 853 591 907 τοῦ
622 854 829 919 παντὸς
872 856 1116 927 κεφαλὴν
1143 856 1228 927 ἐφ’
1270 856 1466 911 ἑαυτοῦ
1512 855 1764 927 βαστάζοι

1896 859 1956 926 se
1986 852 2174 916 portat
2197 859 2384 901 verum
2413 856 2582 919 caput
2603 851 2871 931 universi,
2899 851 3035 907 illud
3061 854 3282 927 inquam
3317 867 3483 929 caput

146 945 420 1016 ἐκείνην
445 945 588 1014 λέγω
623 946 720 1018 τὴν
751 947 1014 1020 κεφαλὴν,
1047 949 1170 1019 ἣτις
1212 950 1367 1003 ἐστὶν
1392 950 1419 1003 ὁ
1452 947 1706 1018 Χριστὸς,
1733 947 1759 998 ἐ

1892 937 2041 1007 quod
2069 944 2155 993 est
2187 936 2467 1003 (lhristus,
2500 955 2568 996 ex
2604 954 2712 1010 quo
2733 955 2897 998 omne
2930 957 3134 1014 corpus
3172 947 3482 1018 compingi-

142 1031 222 1093 οἶὶ
267 1037 409 1091 πᾶν
439 1037 499 1090 τὸ
525 1037 684 1110 σῶμα
723 1040 1211 1111 συναρμολογεῖται
1248 1043 1343 1095 καὶ
1375 1038 1764 1111 συμϐιϐάζεται

1900 1037 1991 1084 tnr
2013 1036 2070 1084 et
2101 1029 2483 1101 coniungitur,
2534 1032 2583 1088 is
2628 1034 2685 1087 in
2732 1048 2791 1089 se
2839 1037 3062 1106 proprie
3101 1035 3205 1092 fert
3244 1038 3349 1093 hoc
3380 1055 3481 1095 no-

142 1123 348 1191 οὗτος
397 1130 602 1201 κυρίως
645 1130 803 1203 φέρει
836 1134 920 1201 ἐφ’
949 1134 1127 1206 ἐαυτῷ
1157 1133 1317 1188 τοῦτο
1347 1134 1407 1186 τὸ
1427 1134 1616 1204 ὄνομα,
1648 1133 1791 1205 Πρὸς

143 1217 413 1281 τούτοις
447 1220 496 1271 εί
527 1219 623 1272 τοῦ
649 1221 961 1293 πνεύματός
991 1224 1388 1289 ἐστιδεκτικὺς,
1422 1225 1514 1278 τοῦ
1544 1225 1643 1296 τὴν
1664 1241 1793 1295 καρ-

148 1309 298 1363 δίαν
337 1309 510 1381 ἡμῶν
541 1312 801 1384 πυροειδῆ
844 1314 1128 1380 ποιοῦντος
1174 1316 1269 1370 καὶ
1303 1316 1753 1387 ἐκθερμαίνοντος

1893 1320 2011 1359 ram
2050 1320 2242 1360 vocem
2292 1307 2537 1363 deservit
2580 1310 2841 1366 orationi.
2888 1310 3010 1366 Non
3051 1314 3198 1368 enim
3258 1314 3364 1368 alia
3410 1314 3480 1369 de

149 1399 267 1451 καὶ
295 1400 358 1453 εἰ
391 1397 481 1452 διὰ
507 1398 607 1469 τῆς
636 1400 834 1471 εὐήχου
868 1406 1054 1476 φωνῆς
1080 1405 1347 1477 ὑπηρετεῖ
1372 1405 1451 1476 τῷ
1473 1405 1635 1476 λόγῳ.
1652 1405 1764 1459 Οὐδὲ

1893 1409 2062 1450 causa
2094 1395 2237 1452 Deus
2267 1398 2567 1454 humanam
2595 1416 2785 1457 vocem
2820 1411 3032 1460 naturae
3074 1405 3357 1460 hominum
3393 1414 3480 1462 est

146 1489 280 1559 γὰρ
318 1488 496 1543 ἄλλου
526 1492 670 1556 τινὸς
689 1493 877 1547 ἕνεκεν
896 1493 996 1565 τὴν
1022 1495 1372 1566 ἀνθρωπίνην
1394 1497 1577 1567 φωνὴν
1605 1499 1634 1550 ὁ
1653 1496 1764 1549 Θεὸι

1891 1486 2216 1554 fabricatus,
2255 1505 2421 1561 quam
2453 1501 2515 1547 ut
2543 1504 2691 1550 esset
2722 1496 3150 1553 instrumentum
3183 1499 3475 1573 orationis,

143 1584 222 1651 τῇ
248 1581 594 1656 ἀνθρωπίνῃ
640 1585 799 1654 φύσει
830 1587 1258 1659 ἐνετεκτήσατο,
1294 1588 1327 1659 ἢ
1358 1588 1444 1640 ἵνα
1481 1588 1709 1659 ὄργανον

1889 1593 1989 1647 per.
2016 1594 2077 1634 se
2115 1581 2302 1638 cordis
2331 1590 2516 1640 motus
2541 1587 2826 1655 explicans
2869 1594 2924 1642 et
2953 1588 3325 1658 distinguens.
3368 1587 3478 1642 lia-

150 1668 261 1721 τοῦ
320 1668 528 1737 λόγου,
563 1671 899 1743 διαρθροῦσα
947 1672 1014 1726 δι’
1049 1674 1251 1745 ἑαυτῆς
1295 1674 1365 1728 τὰ
1414 1674 1516 1744 τῆς
1556 1674 1764 1746 καρδίας

1885 1671 2011 1726 beat
2037 1680 2220 1729 autem
2248 1675 2354 1730 hoc
2396 1692 2617 1748 quoque
2641 1678 2843 1733 collum
2885 1679 3166 1735 nutriendi
3192 1681 3476 1751 operatio-

133 1761 487 1831 κινήματα.
532 1762 734 1833 Ἐχέτω
760 1763 815 1816 δὲ
846 1758 1001 1827 οὗτος
1035 1765 1065 1817 ὀ
1105 1764 1376 1836 τράχηλος
1412 1766 1506 1818 καὶ
1529 1765 1628 1836 τὴν
1660 1765 1764 1836 θρε⁴

1882 1779 2029 1830 nem,
2079 1766 2412 1835 doctrinam,
2462 1768 2709 1838 inquam,
2757 1786 2854 1841 per
2894 1787 3060 1842 quam
3112 1772 3213 1827 toti
3256 1775 3476 1843 corpori

152 1850 388 1922 πτικὴν
413 1851 718 1924 ἐνέργειαν,
748 1855 846 1926 τὴν
870 1855 1222 1911 διδασκαλίαν
1247 1858 1409 1927 λέγω,
1440 1858 1505 1912 δι’
1526 1854 1593 1930 ἦς
1617 1859 1764 1912 παντ¹

1884 1851 2150 1910 Ecclesiae
2192 1865 2558 1912 conservatur
2580 1859 2777 1915 virtus.
2808 1860 3147 1918 Advenienle
3185 1862 3331 1918 enim
3380 1879 3478 1917 nu-

146 1940 239 2013 τῷ
288 1942 522 2014 σώματι
564 1945 665 2016 τῆς
707 1946 1034 2017 Ἐκκλησίας
1075 1950 1480 2020 συντηρεῖταιή
1521 1938 1764 2019 δύναμις.

1881 1944 2143 1999 trimento
2171 1957 2532 2002 conservatur
2578 1964 2781 2021 corpus
2826 1951 2881 2005 in
2923 1953 3186 2007 essentia.
3225 1952 3319 2007 Sin
3369 1967 3472 2007 au~

164 2033 601 2106 Ἐπιρῤεούσης
632 2034 741 2108 γὰρ
785 2038 873 2090 ἀεὶ
904 2038 1005 2110 τῆς
1030 2040 1255 2111 τροφῆς,
1299 2041 1359 2092 ἐν
1390 2038 1471 2111 τῷ
1504 2036 1640 2094 εἶναι
1664 2041 1764 2094 δια·

1878 2042 1988 2092 tem
2024 2037 2269 2102 deficiat,
2321 2040 2593 2103 tabescit;
2631 2050 2686 2095 et
2738 2042 2950 2100 interit.
2988 2042 3237 2098 Imitetur
3285 2053 3470 2099 autem

153 2122 328 2194 μένει
362 2125 433 2178 τὸ
463 2124 659 2197 σῶμαο
693 2129 1086 2202 ἐπιλειπούσης
1106 2130 1185 2196 δὲ,
1228 2130 1405 2200 φθίνει
1433 2131 1528 2184 καὶ⁸
1562 2130 1764 2201 φθείρε-

1888 2135 1943 2182 et
1997 2129 2327 2183 concinnam
2393 2133 2775 2186 vertebrarum
2826 2134 3156 2203 posituram,
3207 2147 3274 2188 eo
3322 2134 3469 2203 quod

152 2234 282 2272 ται.
318 2219 627 2290 Μιμείσθω
655 2221 713 2276 δὲ
739 2225 833 2277 καὶ
856 2224 956 2296 τὴν
984 2226 1303 2297 ἐναρμόνιον
1326 2226 1435 2280 τῶν
1472 2225 1764 2280 σπονδύλωι

1881 2217 2192 2289 singulares
2225 2219 2321 2290 qui
2358 2228 2489 2273 sunt
2518 2221 2575 2275 in
2603 2221 2831 2292 populo,
2872 2236 2969 2291 per
3008 2222 3365 2292 ligamentum
3405 2236 3471 2275 ac

157 2308 356 2372 θέσιν,
406 2312 468 2363 ἐν
499 2311 578 2383 τῷ
620 2314 748 2379 τούς
789 2316 914 2379 καθ’
962 2317 1195 2373 ἕκαστον
1228 2319 1288 2371 ἐν
1328 2317 1404 2389 τῷ
1434 2316 1548 2388 λαῷ
1595 2334 1764 2371 συντε-

1878 2304 2159 2360 vinculum
2209 2307 2381 2375 pacis,
2435 2302 2606 2362 unum
2660 2308 2899 2363 efﬁciant
2947 2308 3281 2373 membrum,
3322 2308 3469 2381 quod

149 2399 412 2464 λοῦντας
443 2401 531 2456 διὰ
569 2404 662 2457 τοῦ
700 2407 1001 2479 συνδέσμου
1034 2408 1135 2480 τῆς
1161 2410 1404 2480 εἰρήνης,
1445 2407 1502 2461 ἐν
1532 2407 1764 2478 ἀπεργά-

1880 2396 2178 2453 inclinetur
2225 2406 2391 2469 atque
2426 2400 2690 2470 erigatur,
2732 2407 2786 2455 et
2818 2400 2961 2454 facili
3000 2400 3244 2453 motuin
3291 2399 3470 2469 quod-

1892 1135 2043 1177 men.
2075 1120 2347 1178 Praeterea
2393 1132 2576 1180 autem
2608 1126 2654 1182 si
2685 1133 2770 1182 est
2793 1142 2967 1198 capax
3007 1129 3241 1201 spiritus
3261 1132 3353 1201 qui
3382 1147 3480 1187 cor

1890 1222 2140 1270 nostrum
2173 1214 2355 1270 reddit
2382 1216 2603 1287 igneum
2626 1226 2681 1272 et
2715 1219 2987 1283 calefacit,
3017 1230 3072 1275 et
3103 1221 3147 1276 si
3188 1237 3285 1291 per
3313 1237 3479 1278 sono-

154 2492 364 2557 ζεσθαι
398 2491 599 2565 μέλος,
633 2498 947 2570 κλινόμενόν
978 2518 1039 2553 τε
1074 2502 1168 2555 καὶ
1217 2501 1642 2575 ἀνορθούμενον,
1682 2501 1778 2554 καὶ

151 2583 290 2637 καθ’
330 2585 747 2659 ἑκάτερον’τῶν
789 2591 1037 2660 πλαγίων
1066 2593 1366 2665 εὐκινήτως
1400 2593 1776 2664 μεταστρεφό-

154 2695 356 2748 μενον.
414 2680 672 2745 Terei-:0;
704 2683 977 2755 τράχηλος
1015 2689 1044 2740 ὁ
1083 2686 1296 2750 Παῦλος
1338 2683 1429 2759 ἦν,
1465 2688 1559 2740 καὶ
1605 2686 1661 2740 ετ
1687 2704 1772 2751 τις

135 2769 326 2846 ,ἄλλος
356 2772 513 2826 κατὰ
546 2773 777 2844 μίμησιν
806 2777 1016 2830 ἐκείνου
1043 2778 1136 2831 τὸν
1168 2777 1282 2849 βίον
1305 2777 1688 2851 κατώρθωσεν,
1717 2779 1778 2842 ὃς

154 2862 457 2916 ἐϐάστασε
500 2865 599 2934 μὲν
641 2865 703 2918 τὸ
735 2866 907 2938 ὄνομα
948 2869 1184 2942 Κυρίου,
1222 2868 1414 2934 σκεῦος
1442 2870 1672 2941 ἐκλογῆς
1699 2869 1778 2940 τῷ

148 2954 432 3028 Δεσπότῃ
464 2957 754 3028 γενόμενος
774 2975 789 2989 ·
820 2960 916 3013 καὶ
948 2960 1121 3025 οὕτως
1152 2961 1303 3032 αὐτῷ
1332 2962 1401 3016 δι’
1425 2962 1707 3032 ἀκρίϐειαν
1741 2962 1774 3033 ἠ

157 3046 387 3118 κεφαλὴ
406 3064 418 3069 ·
439 3046 547 3100 τῶν
574 3049 711 3102 ὅλων
751 3051 1090 3123 ἐφήρμοστο,
1131 3053 1272 3107 ὥστε
1302 3054 1398 3109 καὶ
1441 3054 1541 3109 ὅσα
1571 3053 1773 3121 ἐλάλει,

163 3136 379 3205 μηκέτι
421 3137 586 3191 αὐτὸν
636 3134 776 3193 εἶναι
813 3142 902 3195 τὸν
959 3142 1259 3208 λαλοῦντα,
1293 3144 1429 3198 ἀλλὰ
1465 3144 1564 3216 τὴν
1609 3162 1778 3215 κεφα-

83 3235 93 3243 ·
160 3226 264 3298 λὴν
300 3227 845 3300 αὐτοῦφθέγγεσθαι
872 3250 888 3266 ·
928 3233 1113 3298 καθὼς
1162 3235 1407 3302 ἐπέδειξε
1442 3238 1554 3299 τοῖς
1582 3237 1776 3308 Κοριν-

160 3315 308 3381 θίοις
342 3318 443 3373 τὸν
473 3321 713 3389 Χριστὸν
759 3324 818 3377 ἐν
847 3324 996 3395 αὐτῷ
1025 3324 1293 3381 λαλοῦντά
1327 3344 1389 3379 τε
1422 3327 1517 3381 καὶ
1543 3326 1776 3395 φθεγγό-

169 3425 359 3507 μενον.
400 3411 598 3507 Olith
622 3412 770 3485 αὐτῷ
798 3413 1040 3507 εὐφωνός
1066 3433 1124 3469 τε
1154 3416 1256 3507 καὶ
1284 3415 1497 3507 εὐηχος
1518 3412 1588 3488 ἦν
1621 3419 1654 3488 ή
1683 3418 1776 3487 ἀρ·
1801 3446 1846 3507 C

160 3501 355 3571 τηρία,
390 3502 485 3557 διὰ
505 3502 600 3556 τοῦ
627 3505 782 3573 ἁγίου
806 3505 1121 3575 Πνεύματος
1147 3506 1478 3579 διαρθροῦσα
1506 3508 1605 3578 τῆς
1634 3508 1770 3579 ἀλη-

163 3590 322 3658 θείας
365 3594 466 3647 τὸν
511 3593 668 3663 λόγον
694 3612 708 3625 ο
755 3594 931 3659 οὕτως
973 3596 1123 3667 αὐτῷ
1163 3598 1394 3652 πάντοτε
1443 3601 1558 3663 τοῖς
1606 3598 1772 3662 θείοις

162 3679 373 3751 λογίοις
425 3686 456 3736 ὁ
503 3683 713 3754 λάρυγξ
754 3684 1231 3754 κατεγλυκαίνετο,
1278 3686 1493 3759 τρέφων
1535 3686 1659 3740 ὅλον
1701 3688 1771 3739 δι’

162 3772 373 3827 ἑαυτοῦ
399 3774 464 3828 τὸ
493 3775 653 3845 σῶμα
683 3777 797 3839 τοῖς
842 3774 1128 3839 ζωοποιοῖς
1163 3777 1393 3841 ἐκείνοις
1423 3777 1766 3847 διδάγμασιν.

166 3862 234 3916 El
272 3864 331 3917 δέ
355 3864 457 3918 καὶ
481 3864 542 3917 τὸ
569 3865 677 3918 τῶν
711 3864 1019 3919 σπονδύλων
1040 3864 1241 3936 ζητεῖς,
1268 3866 1351 3929 τίς
1380 3866 1522 3920 οὕτω
1559 3866 1768 3930 πάντας

166 3954 251 4017 εἰς
278 3952 340 4007 ἒν
364 3955 532 4024 σῶμα
557 3954 862 4026 συνήρμοσε
891 3954 969 4026 τῷ
1000 3956 1283 4027 συνδέσμῳ
1304 3957 1403 4027 τῆς
1427 3956 1651 4028 εἰρήνης
1671 3957 1767 4010 καὶ

167 4044 562 4116 τῆςάγάπηκ
599 4048 696 4110 Τίς
726 4047 898 4112 οὕτως
931 4049 1139 4115 ἐδίδαξε
1170 4049 1261 4103 τὸν
1292 4048 1562 4119 τράχηλον
1591 4047 1768 4101 κλίνε-

173 4134 299 4188 σθαι
369 4137 431 4189 ἐν
463 4138 577 4200 τοῖς
614 4142 913 4205 ταπεινοῖς,
940 4139 1035 4193 καὶ
1068 4139 1576 4211 συμπεριφέρεσθαι
1605 4139 1769 4193 πάλιν

170 4225 229 4276 ἐν
256 4224 338 4296 τῷ
360 4227 432 4280 τά
459 4227 574 4281 άνω
604 4232 841 4299 φρονεῖν,
869 4230 966 4283 καὶ
997 4230 1134 4300 πρὸς
1165 4229 1235 4283 τά
1276 4229 1480 4300 πλάγια
1510 4247 1770 4303 περισκο-

174 4317 300 4369 πεῖν
324 4316 647 4387 εὐστρόφως
678 4336 738 4371 τε
778 4321 871 4374 καὶ¹
904 4321 1224 4393 εὐκινήτως,
1260 4321 1319 4375 ἐν
1343 4321 1423 4393 τῷ
1461 4320 1558 4385 τὰς
1587 4322 1766 4374 ποικί-

1878 2496 2098 2554 cunque
2151 2484 2297 2541 latus
2339 2495 2709 2540 convertatur.
2754 2484 2887 2542 Tale
2918 2487 3119 2541 collum
3161 2493 3281 2541 erat
3321 2486 3467 2540 Pan-

1882 2574 1989 2636 lus,
2022 2582 2077 2629 et
2115 2576 2160 2630 si
2191 2575 2316 2645 quis
2348 2576 2489 2632 alius
2530 2577 2708 2646 ipsum
2746 2578 2968 2633 imitans
2998 2586 3150 2632 recte
3177 2578 3344 2631 vitam
3380 2579 3466 2632 in-

1882 2650 2083 2727 stituit,
2117 2665 2210 2733 qui
2235 2665 2477 2734 portavit
2520 2665 2740 2735 quidem
2777 2681 2975 2720 nomen
3010 2664 3250 2731 Domini,
3284 2662 3467 2720 factus

1876 2753 2111 2809 Domino
2160 2770 2258 2809 vas
2297 2756 2621 2823 electionis;
2673 2764 2726 2811 et
2758 2758 2807 2811 ei
2854 2757 2991 2812 adeo
3037 2765 3295 2812 accurate
3335 2758 3467 2811 ada-

1875 2851 2087 2914 ptatum
2129 2844 2231 2898 fuit
2278 2854 2465 2915 caput,
2516 2854 2574 2905 ut
2607 2852 2663 2900 et
2712 2860 3055 2916 quaecunque
3099 2845 3310 2901 diceret
3354 2861 3464 2899 non

1875 2934 2115 3004 amplius
2156 2942 2301 2990 esset
2345 2936 2460 3003 ipse
2489 2934 2740 3005 loquens,
2775 2937 2869 2991 sed
2914 2943 3080 3006 caput
3112 2935 3234 3005 ejus
3275 2937 3462 3006 loque-

1874 3034 2051 3090 retur,
2083 3026 2358 3097 quomodo
2394 3025 2656 3081 indicavit
2679 3026 2984 3082 Corinthiis
3022 3028 3303 3083 Christum
3339 3043 3465 3085 esse

1876 3117 1971 3188 qui
2020 3118 2077 3171 in
2126 3118 2250 3187 ipso
2290 3117 2618 3187 loquebatur
2667 3125 2724 3173 et
2755 3118 3164 3173 enuntiabat”.
3222 3118 3300 3172 Ita
3351 3121 3463 3175 elo-

1880 3225 2057 3278 quens
2076 3216 2130 3263 et
2162 3208 2300 3263 bene
2332 3195 2536 3263 sonans
2564 3208 2669 3278 ipsi
2698 3217 2817 3264 erat
2848 3211 3077 3272 arteria,
3107 3225 3227 3280 qua)
3253 3210 3463 3280 Spiritu

1883 3297 2108 3355 verbum
2170 3298 2438 3370 dirigebat
2494 3301 2765 3357 veritatis.
2830 3300 2908 3357 ita
2969 3302 3170 3357 divinis
3232 3302 3464 3373 eloquiis

1876 3391 2102 3444 omnino
2140 3387 2331 3444 dulces
2380 3387 2585 3443 fiebant
2618 3389 2808 3445 fauces
2837 3391 2981 3460 ejus,
3033 3400 3096 3446 ut
3140 3392 3232 3461 qui
3274 3408 3372 3462 per
3404 3407 3467 3449 se

1879 3486 2053 3534 totum
2108 3480 2345 3533 nutriret
2401 3493 2604 3548 corpus
2648 3479 2883 3536 vivificis
2930 3482 3041 3537 illis
3089 3481 3459 3538 documentis.

1879 3568 2034 3635 Quod
2060 3568 2106 3624 si
2145 3568 2310 3624 etiam
2348 3562 2553 3637 quaeris
2583 3567 2652 3622 de
2682 3569 2976 3635 vertebris,
3009 3572 3138 3640 quis
3168 3571 3241 3625 ita
3268 3586 3463 3628 omnes

1878 3645 2155 3730 compegit
2187 3658 2245 3712 in
2284 3673 2454 3712 unum
2489 3672 2692 3726 corpus
2737 3658 2959 3714 vinculo
2988 3659 3144 3730 pacis
3179 3668 3234 3716 et
3276 3660 3464 3715 chari-

1877 3752 2041 3806 tatis?
2069 3750 2206 3816 Quis
2246 3749 2329 3806 sic
2368 3749 2557 3805 docuit
2587 3749 2790 3804 collum
2828 3750 3096 3805 inclinare
3143 3750 3199 3804 in
3240 3751 3309 3807 iis
3340 3768 3463 3823 quae

1875 3852 2007 3901 sunt
2062 3841 2290 3897 humilia
2338 3848 2394 3897 et
2440 3840 2674 3910 abjecta,
2720 3848 2777 3897 et
2826 3856 2887 3897 se
2935 3842 2994 3895 in
3033 3856 3250 3897 omnem
3297 3845 3459 3899 simul

1872 3926 2084 4008 partem
2121 3948 2365 3999 versare,
2397 3941 2453 3989 et
2493 3947 2717 3988 rursum
2755 3932 2991 4004 erigere,
3037 3949 3100 3988 ea
3142 3950 3262 4004 qua:
3294 3951 3459 4005 supra

1872 4034 2005 4084 sunt
2031 4025 2348 4097 cogitando,
2382 4035 2437 4080 et
2463 4026 2519 4080 in
2560 4022 2845 4095 obliquum
2874 4024 3370 4095 circumspiciendo
3400 4041 3461 4080 se

1876 4119 2155 4174 mobiliter
2201 4125 2546 4181 convertere,
2600 4116 2657 4169 in
2705 4114 3052 4171 declinandis
3099 4123 3154 4171 et
3201 4115 3458 4171 cavendis

1875 4209 2045 4263 variis
2081 4206 2287 4261 diaboli
2316 4205 2578 4263 insidiis?
2603 4203 2739 4261 Tale
2769 4219 2902 4276 ergo
2924 4205 3125 4261 collum
3158 4205 3261 4261 fuit
3284 4206 3463 4265 aedili:

1867 4329 2051 4379 catum
2079 4334 2108 4373 a
2141 4318 2367 4374 Davide.

169 4418 269 4485 λας
294 4406 393 4459 τοῦ
424 4407 671 4462 διαϐόλου
721 4410 997 4480 μεθοδείας
1032 4412 1299 4465 ἐκκλίνειν
1335 4413 1431 4467 καὶ
1463 4397 1898 4482 ἀσφαλίξεσθαις
1934 4414 1992 4467 '0
2022 4409 2263 4472 τοιοῦτος
2291 4402 2384 4461 οὖν
2418 4408 2684 4479 τράχηλος
2749 4408 2914 4472 ὅντως
2983 4412 3133 4482 παρὰ
3200 4411 3294 4465 τοῦ
3355 4412 3457 4462 Δα-

172 4491 256 4545 ϐἰὂ
292 4495 661 4566 ᾠκοδόμηται.

243 4583 378 4638 Νόει
409 4585 469 4639 δὲ
500 4584 590 4638 διὰ
620 4585 714 4639 τοῦ
760 4586 925 4640 Δαϐὶδ
954 4587 1048 4642 τὸν
1092 4588 1315 4659 βασιλέα
1347 4590 1438 4645 τὸν
1469 4591 1564 4645 τοῦ
1606 4590 1761 4661 βασι-

171 4671 309 4739 λέως
335 4677 573 4749 πατέρα,
596 4675 654 4740 ὃς
679 4674 740 4742 ἐξ
764 4678 940 4750 ἀρχῆς
968 4680 1059 4733 τὸν
1079 4681 1366 4750 ἄνθρωπον
1387 4682 1760 4736 κατεσκεύασε

177 4762 391 4834 πύργον
418 4762 581 4831 εἶναι,
615 4768 710 4820 καὶ
742 4769 865 4838 οὐχὶ
895 4768 1233 4840 σύμπτωμα,
1284 4773 1380 4825 καὶ
1415 4772 1504 4825 διὰ
1528 4773 1629 4841 τῆς
1665 4773 1762 4844 χά-

179 4870 323 4922 ριτος
346 4857 512 4911 αὐτὸν
539 4858 702 4912 πάλιν
723 4859 1158 4931 ἀνῳκοδόμησεν,
1188 4862 1628 4933 ἀσφαλισάμενος
1654 4867 1765 4928 τοῖς

178 4946 394 5014 πολλοῖς
433 4948 646 5021 θυρεοῖς
665 4990 682 5014 ,
716 4949 857 5003 ὥστε
891 4951 1088 5023 μηκέτι
1119 4952 1281 5007 αὐτὸν
1323 4955 1441 5018 ταῖς
1469 4953 1578 5007 τῶν
1609 4954 1767 5007 πολε-

185 5035 323 5105 μίων
368 5040 583 5110 ἐφόδοις
625 5041 949 5097 εὐεπίϐατον
986 5038 1147 5099 εἶναι.
1193 5039 1258 5097 Οἱ
1284 5043 1399 5116 γὰρ
1426 5046 1764 5117 κρεμάμενοι

184 5124 404 5198 θυρεοὶ,
435 5132 536 5185 οὐκ
581 5132 675 5186 ἐπὶ¹
706 5133 810 5205 γῆς
855 5135 1138 5206 κείμενοι,
1179 5136 1315 5190 ἀλλὰ
1362 5137 1593 5209 διαέριοι
1637 5140 1764 5209 περὶ

182 5218 342 5275 αὐτὸν
385 5223 787 5296 θεωρούμενοι,
816 5228 912 5281 καὶ
942 5227 1081 5298 μετὰ
1117 5227 1228 5281 τῶν
1267 5229 1475 5300 θυρεῶν
1497 5269 1513 5295 ,
1554 5231 1610 5284 αἱ
1653 5230 1761 5284 τῶν

185 5309 426 5369 δυνατῶν
460 5318 666 5387 βολίδες
690 5360 704 5384 ,
743 5320 906 5388 φόϐον
948 5320 1239 5391 ἐμποιοῦσι
1277 5325 1390 5386 τοῖς
1421 5322 1768 5393 πολεμονμέ-“

183 5417 294 5469 νοις
317 5422 331 5436 ·
365 5407 506 5463 ὥστε
541 5410 677 5481 μήτε
709 5411 809 5482 τὴν
845 5412 1019 5484 ἀρχὴν
1043 5415 1362 5486 ἐγχειρῆσαι
1391 5415 1762 5487 καταδραμεῖν

187 5494 279 5547 τοῦ
331 5498 562 5572 πύργου.
616 5497 786 5572 Οἶμαι
832 5504 889 5556 δὲ
945 5505 1044 5576 τὴν
1085 5502 1384 5577 ἀγγελικὴν
1424 5503 1665 5579 φρουρὰν
1701 5505 1760 5558 ἐν

188 5585 371 5660 κύκλῳ
415 5596 956 5667 περιτετειχισμένην
1001 5598 1091 5653 τὸν
1141 5597 1382 5653 τοιοῦτον
1434 5597 1642 5669 πύργον
1680 5594 1759 5667 τῷ

191 5676 380 5751 πλήθει
416 5685 522 5739 τῶν
565 5685 773 5757 θυρεῶν
825 5689 954 5759 ἡμῖν
996 5690 1473 5763 διασημαίνεσθαι.
1510 5685 1761 5742 Δείκνυσι

262 5792 309 5825 ⁸³⁸
357 5795 564 5883 ll‘Cor.
618 5816 737 5867 xm,
778 5802 833 5856 5.

1939 4585 2185 4654 Intellige
2212 4589 2396 4636 autem
2427 4594 2526 4651 per
2558 4579 2732 4636 David
2763 4594 2945 4651 regem
2968 4621 2984 4649 ,
3021 4590 3234 4653 patrem
3270 4588 3450 4658 regis.

1869 4676 1961 4747 qui
1993 4675 2061 4730 ab
2086 4673 2245 4728 initio
2272 4670 2559 4727 constituit
2589 4669 2867 4725 hominem
2900 4679 2962 4727 ut
2987 4683 3134 4728 esset
3163 4677 3335 4731 turris
3357 4688 3458 4741 ,-et

1868 4784 1977 4823 non
2005 4775 2066 4822 ut
2107 4765 2363 4831 caderet,
2405 4772 2460 4820 et
2498 4778 2597 4835 per
2628 4764 2863 4835 gratiam
2892 4779 3016 4821 eum
3052 4781 3250 4823 rursus
3282 4769 3455 4825 aedifi-

1871 4860 2016 4915 cavit
2055 4857 2242 4913 multis
2270 4856 2548 4911 munitum
2584 4855 2824 4927 clypeis,
2861 4866 2922 4912 ut
2964 4857 3316 4914 inimicorum
3369 4863 3456 4916 in-

1871 4951 2107 5009 sultibus
2157 4964 2268 5004 non
2323 4947 2489 5003 facile
2537 4947 2776 5017 amplius
2818 4955 3007 5018 posset
3057 4948 3264 5003 invadi.
3314 4947 3452 5004 Nam

1871 5043 2180 5117 pendentes
2214 5039 2411 5112 ,clypei
2433 5077 2448 5104 ,
2493 5053 2605 5094 non
2644 5038 2698 5092 in
2732 5046 2875 5093 terra
2907 5038 3036 5105 siti,
3067 5039 3162 5095 sed
3194 5039 3360 5103 aerii,
3394 5039 3450 5093 in

1869 5136 1989 5205 ipso
2021 5129 2398 5196 considerati,
2436 5135 2647 5184 etcum
2704 5126 2787 5183 eis
2835 5127 3000 5181 etiam
3045 5124 3220 5181 hastae
3255 5132 3452 5194 poten-

1868 5227 2005 5281 tium
2039 5222 2273 5277 afferunt
2308 5229 2579 5276 terrorem
2626 5218 2920 5275 hostibus:
2956 5216 3093 5270 adeo
3131 5222 3193 5270 ut
3228 5230 3299 5270 ne
3329 5229 3450 5269 em-

1871 5317 2004 5371 nino
2051 5314 2275 5385 quidem
2328 5307 2568 5367 audeant
2608 5310 2805 5364 turrim
2856 5306 3133 5362 invadere.
3181 5305 3449 5362 Existimo

1868 5418 2054 5465 autem
2084 5421 2206 5462 eam
2238 5404 2438 5460 turrim
2466 5388 2785 5476 clypeorum
2818 5398 3203 5465 multitudine,
3237 5397 3449 5480 signiﬁ-

1867 5515 1997 5555 care
2025 5497 2332 5570 angelicum
2362 5493 2678 5566 praesidium
2707 5506 2818 5563 quo
2847 5489 3202 5558 circumsepti
3231 5501 3444 5544 sumus.

1866 5590 2121 5648 Ostendit
2156 5597 2339 5645 autem
2365 5586 2532 5643 etiam
2575 5584 2861 5640 hastarum
2904 5581 3114 5635 mentio
3154 5594 3279 5634 eum
3315 5594 3445 5635 sen-

1868 5699 2011 5742 sum.
2053 5681 2176 5740 Non
2211 5681 2361 5738 enim
2392 5676 2639 5734 absolute
2671 5676 2812 5732 dixit
2842 5675 3062 5739 hastas,
3093 5671 3189 5728 sed
3220 5670 3293 5726 fe;
3307 5672 3443 5726 tium
