3866 6374
1612 190 1777 208 "Mo-

485 321 591 379 935

2009 180 2113 196 ,ι’-ν’

1783 326 1847 382 Β.
1878 324 2208 383 GREGORII
2243 324 2535 383 NYSSENI

3645 330 3743 386 οδε

483 439 795 512 adiectione
823 442 1069 498 ostendit
1095 457 1193 500 eos
1224 443 1318 514 qui
1361 458 1461 514 pro
1495 444 1661 501 nobis
1694 445 2013 518 depugnant
2039 466 2053 501 :

2162 447 2217 500 δέ
2246 412 2350 503 ’καὶ
2383 452 2418 518 ή
2449 449 2558 504 τῶν
2592 447 2813 520 βολίδων
2845 449 3035 519 μνήμη
3063 447 3163 519 τήν
3191 444 3447 518 τοιαύτην
3479 444 3739 502 διάνοιαν.

485 530 624 586 adeo
659 540 719 586 ut
770 533 917 602 quod
968 534 1192 599 dicitur,
1249 537 1546 592 conveniat
1573 538 1625 593 ei
1671 537 1820 608 quod
1864 548 1954 594 est
2004 540 2058 593 in

485 618 762 677 Psalmis:
807 622 1000 676 Castra
1039 624 1325 678 metabitur
1361 627 1581 697 angelus
1614 628 1667 681 in
1716 629 1941 683 circuitu
1994 630 2065 683 ti-

484 713 741 765 mentium
767 729 918 778 eum,
947 722 997 767 et
1041 714 1286 769 liberabit
1325 733 1415 771 eos
1447 716 1515 771 “.
1562 717 1838 774 Numerus
1880 727 2062 775 autem

485 803 634 856 mille
664 816 774 855 non
805 801 1023 858 videtur
1051 804 1214 874 plane
1252 806 1567 878 signiﬁcare
1606 807 1892 864 denarium
1935 825 2066 867 cen-

481 892 823 947 tenariorum
846 934 862 958 ,
899 893 996 949 sed
1028 904 1293 968 acceptus
1326 896 1429 952 fuit
1464 913 1495 951 a
1527 896 1815 969 Scriptura
1862 901 1930 956 ad
1977 902 2063 957 in.

479 979 773 1036 dicandam
825 984 1259 1041 multitudinem.
1316 986 1467 1042 Solet
1507 990 1658 1045 enim
1703 1007 1800 1061 per
1828 992 2062 1049 abusum

481 1071 785 1144 Scriptura
821 1076 927 1131 hoc
956 1093 1189 1134 numero
1221 1079 1526 1151 signiﬁcari
1557 1083 1882 1151 multitudo,
1919 1086 2065 1141 sicut

485 1165 653 1220 David
683 1167 818 1223 dicit
844 1184 944 1239 pro
971 1170 1327 1226 multitudine
1343 1211 1360 1237 ,
1382 1170 1559 1226 lli/lia
1581 1173 1969 1231 abundantiam
1992 1177 2061 1245 ",

480 1255 738 1326 et,Super
766 1258 942 1313 millia
972 1261 1096 1313 auri
1118 1269 1168 1314 et
1200 1262 1406 1331 argenti
1420 1264 1487 1317 ⁸⁷.
1521 1262 1614 1318 Sic
1645 1264 1832 1335 itaque
1859 1265 2061 1321 collum

478 1347 976 1408 animadvertimus
1003 1351 1220 1408 radices
1248 1367 1410 1424 agere
1438 1370 1607 1425 super
1636 1354 1933 1424 humeros;
1966 1372 2065 1428 per

480 1439 745 1496 humeros
775 1450 957 1498 autem
992 1445 1197 1514 quibus
1228 1446 1429 1501 collum
1458 1454 1544 1502 est
1569 1447 1867 1517 adnatum,
1899 1448 2064 1505 intel-

481 1528 705 1599 ligimus
732 1530 915 1586 studia
944 1533 1138 1604 agendi
1169 1542 1225 1589 et
1253 1535 1555 1605 Operandi,
1590 1551 1687 1607 per
1715 1552 1842 1607 qua:
1869 1545 2063 1593 nostra

482 1617 711 1673 brachia
764 1635 922 1674 suam
976 1632 1275 1692 operantur
1318 1624 1574 1680 salutem.
1615 1624 1718 1691 Qui
1761 1640 1891 1681 vero
1936 1625 2064 1680 dili-

2164 538 2239 590 Ού
2273 537 2383 608 γὰρ
2410 537 2598 602 ἁπλῶς
2620 535 2795 602 εἶπεν,
2832 537 3067 608 βολίδας,
3100 536 3237 591 ἀλλὰ
3268 539 3335 608 τῇ
3367 535 3477 589 τῶν
3500 535 3742 589 δυνατῶν

2168 627 2452 700 προσθήκῃ
2476 629 2602 693 τοὺς
2629 627 3081 711 ύπερμαχοῢντας
3103 629 3236 699 ήμῖν
3257 627 3577 694 ἐνεδείξατο·
3607 626 3742 680 ὥστε

2166 716 2490 788 συμϐαίνειν
2534 718 2599 773 τὸ
2653 719 2950 792 λεγόμενον
2969 760 2986 786 ,
3028 720 3111 774 ὅτι
3160 716 3538 787 amnem:
3575 718 3740 787 ἀττε-

2163 810 2273 875 λος
2323 810 2546 878 Κυρίου
2584 812 2791 876 κύκλῳ
2825 809 2947 865 τῶν
2985 811 3372 879 φοϐουμένων
3400 809 3617 872 αὑτὸν,
3649 811 3738 861 καί

2157 899 2412 966 ῥύσεται
2454 901 2698 968 αὐτούς.
2745 901 2805 955 Ὀ
2835 900 2892 955 δέ
2922 894 3032 954 τῶν
3071 900 3258 972 χιλίων
3288 899 3522 972 ἀριθμὸς
3551 899 3618 953 οὔ
3657 918 3737 964 μοι

2163 988 2312 1044 δοκεῖ
2334 990 2402 1044 δι’
2431 991 2721 1063 ἀκριϐείας
2753 991 3045 1064 σημαίνειν
3076 991 3176 1062 τήν
3211 989 3320 1043 τῶν
3369 990 3739 1043 ἐκατοντάδων

2162 1078 2362 1135 δεκάδα
2380 1097 2394 1111 ο
2418 1080 2534 1135 ἀλλ’
2568 1083 2649 1147 είς
2673 1081 2910 1154 πλήθους
2933 1081 3158 1146 ἔνδειξιν
3174 1080 3498 1151 παρελήφθη
3526 1079 3635 1133 ὑπὸ
3653 1079 3736 1132 τοῦ

2168 1171 2353 1240 λόγου.
2384 1169 2627 1245 Σύνηθες
2660 1175 2772 1246 γάρ
2798 1175 2946 1227 ἐστιν
2978 1176 3043 1227 ἐκ
3081 1173 3180 1243 τῆς
3225 1174 3623 1244 καταχρήσεως
3652 1172 3739 1241 τῆς

2164 1258 2386 1334 Γραφῆς
2410 1305 2425 1330 ,
2455 1264 2535 1336 τῷ
2563 1264 2784 1335 ἀριθμῷ
2809 1264 2986 1335 τούτῳ
3013 1264 3075 1317 τὸ
3105 1264 3308 1336 πλῆθος
3333 1262 3704 1317 ἐνδείκνυσθαι
3722 1303 3736 1323 ,

2163 1351 2241 1415 ῶς
2269 1369 2437 1424 φησιν
2464 1353 2493 1405 6
2517 1353 2682 1407 Δαϐὶδ
2717 1354 2838 1407 ἀντὶ
2866 1351 2962 1406 τοῦ
3010 1352 3248 1423 πλήθους
3272 1390 3287 1416 ,
3335 1352 3418 1405 ὅτι
3469 1352 3739 1416 Χιλιὰὄες

2161 1441 2909 1512 εὐθηνούντων,καὶ,⁹Υπὲρ
2929 1443 3205 1512 χιλιάδας
3231 1444 3486 1512 χρυσίου
3517 1444 3620 1497 καί
3647 1445 3738 1512 dp-

2163 1532 2395 1601 τυρίον.
2453 1532 2613 1587 Οὕτω
2654 1533 2752 1604 μὲν
2796 1528 2890 1587 οὖν
2928 1532 3019 1587 τὸν
3068 1533 3338 1605 τράχηλον
3385 1533 3477 1586 τὸν
3511 1536 3610 1588 ἐπῆ
3640 1535 3735 1586 τῶν

2164 1620 2331 1694 ὤμων
2379 1623 2746 1695 ἐρριζωμένον
2778 1626 3207 1696 κατενοήσαμεν.
3253 1627 3456 1695 Ὤμους
3488 1625 3550 1677 δὲ
3599 1625 3738 1679 νοοῦ-

476 1720 676 1781 genter
697 1726 759 1766 ea
788 1728 910 1783 qua:
939 1722 1069 1769 sunt
1099 1716 1246 1771 dicta
1273 1717 1595 1788 perpendit,
1624 1733 1691 1773 ex
1737 1714 1806 1771 iis
1858 1715 2060 1787 colligit

2168 1729 2301 1782 μεν,
2336 1708 2416 1778 οἷς
2449 1714 2756 1785 ἐπιπέφυκε
2776 1755 2792 1781 ,
2820 1716 2920 1780 τὰς
2952 1716 3259 1788 πρακτικάς
3288 1733 3346 1768 τε
3377 1719 3470 1769 καὶ
3518 1718 3737 1787 ἐνεργη-

479 1812 833 1872 augmentum
864 1807 1063 1862 anima:
1094 1824 1217 1878 qua:
1243 1787 1297 1864 in
1329 1811 1502 1864 altum
1535 1809 1787 1880 erigitur,
1821 1816 2060 1880 quando-

2166 1805 2327 1868 τικὰς
2355 1805 2592 1869 σπουδὰς
2612 1846 2626 1870 ,
2650 1805 2716 1859 δι’
2758 1800 2834 1863 ὧν
2855 1808 2905 1859 οί
2935 1787 3215 1879 βραχίονες
3242 1807 3394 1877 ήμῶν
3433 1807 3536 1878 τὴν
3568 1825 3736 1877 σωτη-

479 1895 702 1963 quidem
741 1898 893 1966 prius
938 1909 1198 1954 contenta
1235 1908 1391 1965 erat,
1439 1910 1500 1955 ut
1545 1901 1743 1956 similis
1784 1902 2060 1958 diceretur

2169 1895 2293 1966 ρίαν
2335 1896 2544 1949 ἑαυτῶν
2584 1898 3034 1968 κατεργάζονται.
3069 1897 3180 1968 Τὴν
3210 1898 3266 1951 δὲ
3292 1897 3429 1970 πρὸς
3466 1898 3531 1951 τὸ
3565 1900 3736 1969 μεῖζον

475 1984 635 2054 equis
657 1985 751 2054 qui
777 1993 1074 2057 tyrannum
1098 1997 1486 2059 expugnarunt
1509 1989 1826 2061 Aigyptium
1848 2031 1863 2057 ,
1894 1999 2066 2061 utque

476 2075 606 2129 colli
636 2075 801 2131 decor
826 2091 952 2131 cum
987 2080 1287 2135 monilibus
1311 2089 1766 2151 compararetur:
1792 2081 1906 2151 jam
1932 2096 2064 2137 vero

472 2175 739 2234 quantam
787 2169 1052 2225 bonitatis
1103 2170 1503 2240 perfectionem
1534 2172 1683 2227 illam
1728 2173 1835 2229 sibi
1876 2173 2066 2228 conci-

475 2253 646 2311 liasse
683 2266 934 2321 testatur,
971 2260 1101 2313 dum
1137 2275 1247 2315 non
1285 2261 1567 2332 aliquibus
1599 2263 1727 2319 colli
1763 2263 2065 2319 monilibus

472 2360 531 2403 et
584 2349 874 2420 torquibus
914 2351 1188 2406 assimilat
1238 2353 1366 2408 colli
1408 2354 1918 2425 pulchritudinem:
1965 2354 2064 2412 sed

476 2439 651 2493 turris
682 2455 807 2496 esse
837 2441 1047 2495 dicitur
1087 2451 1313 2514 propter
1358 2446 1841 2516 magnitudinem:
1895 2462 2063 2517 quam

476 2530 791 2600 insignem,
851 2540 906 2585 et
958 2535 1315 2604 conspicuam
1374 2535 1541 2601 facit,
1598 2537 1668 2593 iis
1719 2539 1815 2608 qui
1870 2538 2063 2608 procul

474 2621 679 2675 absunt
717 2622 1239 2693 considerantibus,
1286 2642 1398 2681 non
1443 2628 1622 2683 solum
1666 2629 1886 2685 aediﬁcii
1941 2646 2061 2686 ma-

472 2711 829 2781 gniﬁcentia,
864 2722 919 2770 et
947 2716 1097 2786 quod
1134 2718 1190 2772 in
1238 2720 1534 2774 maximam
1577 2722 1819 2778 excitata
1858 2723 1932 2780 sit
1976 2726 2061 2779 al-

474 2802 803 2871 titudinem,
836 2806 933 2860 sed
961 2815 1033 2880 ,et
1084 2808 1188 2863 loci
1235 2812 1520 2880 positura,
1570 2827 1693 2883 quae
1734 2815 2063 2872 naturaliter

393 2942 398 2953 ,
473 2896 717 2966 assurgit
774 2912 943 2967 supra
995 2898 1114 2954 loca
1175 2900 1400 2956 vicina?
1454 2902 1691 2968 Quando
1737 2920 1870 2977 ergo
1915 2907 2063 2979 regis

474 2986 699 3054 quidem
732 3002 875 3058 opus
907 2998 994 3045 cst
1046 2993 1253 3057 turris,
1305 2994 1614 3065 ingreditur
1658 3004 1844 3052 autem
1895 3013 2063 3068 super

390 3069 397 3104 τ
472 3079 747 3133 excelsam
797 3081 924 3135 vita:
973 3083 1198 3153 agenda,-
1232 3084 1500 3139 rationem
1524 3126 1539 3150 ,
1577 3096 1709 3143 tunc
1744 3088 1959 3144 ﬁrmum
1996 3106 2062 3147 ac

475 3170 673 3225 stabile
720 3186 846 3227 esse
890 3174 1203 3228 ostenditur
1249 3175 1396 3244 quod
1445 3190 1477 3229 a
1524 3176 1758 3231 Domino
1816 3178 2055 3243 dicitur,

476 3260 602 3315 Non
630 3271 799 3331 potest
833 3263 1095 3319 absconsa
1127 3282 1240 3321 esse
1271 3267 1458 3322 civitas
1488 3284 1608 3338 qua:
1637 3269 1745 3322 sita
1785 3280 1863 3323 est
1895 3287 2058 3340 supra

475 3366 649 3411 monte
676 3356 744 3409 ⁵⁸.
781 3356 1028 3429 lntellige
1059 3366 1243 3415 autem
1274 3366 1484 3416 turrem
1517 3375 1619 3431 pro
1649 3361 1887 3425 civitate.

545 3631 784 3703 Tempus
806 3640 988 3689 autem
1017 3633 1184 3690 fuerit
1207 3635 1374 3691 etiam
1399 3635 1540 3692 duos
1565 3649 1780 3707 caprea:
1798 3635 2059 3692 hinnulos

472 3724 865 3787 considerare,
906 3726 1001 3795 qui
1055 3734 1326 3782 vocantur
1375 3740 1406 3780 a
1458 3724 1642 3782 Verbo
1696 3726 1898 3792 ubera,
1935 3740 2059 3796 qua:

474 3824 761 3869 morantur
789 3817 937 3872 circa
970 3833 1066 3872 cor
1095 3833 1347 3889 sponsae,
1386 3818 1526 3873 sicut
1558 3817 1724 3881 dicit,
1756 3818 1873 3871 Duo
1899 3817 2060 3871 ubera

475 3915 569 3961 tua
601 3910 737 3962 sicut
770 3908 876 3962 duo
909 3910 1119 3964 hinnuli
1148 3924 1352 3977 caprea:
1381 3909 1590 3979 gemelli
1632 3910 1723 3980 qui
1761 3917 2058 3979 pascuntur

473 3998 530 4050 in
579 3997 1060 4068 liliiszpropterea
1077 4000 1222 4069 quod
1275 4000 1421 4052 intra
1464 3997 1581 4054 hinc
1629 3999 1740 4053 duo
1794 3999 1870 4054 sit
1917 3999 2059 4056 situs

473 4087 662 4143 cordis
683 4129 699 4155 ,
728 4103 967 4157 quorum
1005 4104 1213 4158 pascua
1244 4104 1356 4143 non
1388 4096 1518 4143 sunt
1550 4088 1738 4143 fenum
1773 4099 1828 4144 et
1857 4090 2016 4159 spina
2038 4129 2057 4156 ,

477 4176 574 4231 sed
606 4177 721 4231 lilia
759 4192 883 4247 quae
920 4185 1037 4233 toto
1070 4178 1329 4248 pascendi
1375 4187 1624 4248 tempore
1663 4177 1827 4235 ﬂores
1874 4181 2057 4250 porri-

475 4278 643 4340 gunt,
679 4277 736 4326 et
761 4286 873 4326 non
905 4279 1060 4326 certo
1089 4280 1335 4342 tempore
1364 4270 1596 4339 ﬂorent,
1640 4279 1696 4328 et
1738 4280 1889 4328 certo
1919 4280 2060 4329 tem-

476 4378 609 4434 pore
636 4371 1024 4428 marcescunt,
1057 4363 1153 4419 sed
1186 4373 1514 4435 perpetuum
1557 4363 1642 4419 his
1677 4364 1926 4421 hinnulis
1961 4380 2058 4437 per

2165 1986 2468 2058 ἐπαύξησιν
2495 1988 2595 2058 τῆς
2632 1988 2772 2042 κατὰ
2800 1988 2933 2043 Θεὸν
2965 1988 3275 2060 ὑψουμένης
3315 1989 3493 2060 ψυχῆς
3537 1990 3734 2042 συνεῖδε

2165 2078 2384 2141 πάντως
2430 2079 2460 2131 6
2504 2079 2868 2145 ἐπιστατικῶς
2905 2083 3017 2144 τοῖς
3051 2080 3360 2151 λεγομένοις
3394 2079 3702 2133 ἀκολουθῶν
3720 2119 3735 2146 ,

2163 2168 2245 2222 ὅτι
2274 2169 2540 2241 πρότερον
2567 2171 2666 2241 μὲν
2688 2171 2968 2243 ἀγαπητὸν
2985 2167 3053 2242 ἦν
3073 2174 3140 2242 τῇ
3168 2171 3354 2241 νύμφῃ
3378 2172 3533 2240 ἵππῳ
3556 2173 3740 2242 ὁμοιω-

2164 2261 2325 2332 θῆναι
2355 2265 2421 2335 τῇ
2460 2264 2958 2337 καταγωνισαμένῃ
3002 2263 3095 2317 τὸν
3135 2262 3431 2331 Αίγύπτιον
3462 2262 3735 2331 τύραννον,

2165 2353 2260 2407 καὶ
2292 2354 2429 2424 πρὸς
2465 2356 2591 2418 τοὺς
2616 2355 2916 2425 ὁρμίσκους
2942 2356 3197 2427 ἐμφερῶς
3228 2354 3371 2425 ἔχειν
3398 2353 3499 2423 τήν
3530 2353 3629 2406 ἐπὶ⁵
3653 2350 3736 2404 τοῦ

2162 2446 2436 2518 τραχήλου
2465 2446 2829 2518 εὐπρέπειαν·
2858 2447 2978 2501 νυνὶ
3013 2447 3069 2500 δέ
3106 2447 3278 2516 πόσην
3308 2446 3449 2515 αὐτῇ
3478 2444 3736 2515 μαρτυρεῖ

2164 2538 2267 2610 τὴν
2314 2538 2451 2609 πρὸς
2494 2538 2557 2592 τὸ
2595 2538 2800 2608 ἀγαθὸν
2843 2538 3185 2610 τελειότητα,
3218 2538 3299 2590 ὃτι
3327 2537 3424 2605 οὐχ
3459 2536 3737 2607 ὁρμίσκοις

2163 2630 2277 2684 τισὶ
2294 2631 2662 2702 περιδεραίοις
2680 2631 3028 2704 προσεικάζει
3047 2629 3141 2684 τοῦ
3162 2628 3430 2701 τραχήλου
3451 2628 3554 2698 τὴν
3579 2626 3734 2697 ὤραν,

2164 2719 2301 2775 ἀλλὰ
2339 2721 2550 2793 πύργος
2578 2718 2719 2774 εἶναι
2746 2721 2834 2775 διὰ
2866 2723 2929 2774 τδ
2960 2719 3189 2791 μέγεθος
3216 2719 3434 2787 λέγεται
3457 2756 3474 2782 ,
3504 2715 3568 2770 δν
3595 2714 3737 2786 περί-

2166 2813 2395 2867 ϐλεπτον
2432 2816 2578 2868 ποιεῖ
2609 2814 2705 2867 καὶ
2745 2815 2859 2877 τοῖς
2896 2813 3178 2885 πόρρωθεν
3219 2809 3591 2880 ἀφεστηκόσιν
3618 2809 3736 2860 ἀπο-

2168 2905 2563 2977 σκοπούμενον,
2588 2906 2649 2959 οὐ
2677 2904 2837 2976 μόνον
2878 2905 2912 2977 ή
2952 2904 3080 2974 περὶ
3112 2902 3210 2974 τὴν
3234 2902 3521 2972 οἰκοδομὴν
3555 2900 3737 2969 φιλοτι-

2168 2994 2265 3065 μία
2284 3034 2300 3059 ,
2328 2996 2415 3064 ἐφ’
2458 2996 2540 3048 ὄτι
2581 2996 2845 3066 μήκιστον
2872 2993 2932 3048 τὸ
2963 2992 3095 3063 ὕψος
3121 2991 3407 3063 ἐγείρουσα
3430 3005 3445 3019 ·
3478 2990 3618 3044 ἀλλὰ
3652 2988 3733 3042 καὶ

2089 3128 2130 3187 ί,
2165 3087 2200 3157 ή
2231 3085 2325 3140 τοῦ
2349 3082 2515 3140 τόπου
2546 3086 2727 3152 θέσις,
2752 3085 2996 3156 φυσικῶς
3025 3083 3443 3153 ὑπερανιστῶσα
3464 3082 3575 3137 τῶν
3606 3098 3735 3151 γειτ-

2114 3167 2132 3187 δ
2234 3176 2246 3187 ι
2464 3178 2526 3187 ..Α
2738 3176 2750 3187 ι
2882 3176 2907 3187 Α
3005 3176 3022 3187 ι
3050 3174 3062 3187 ι
3208 3175 3220 3187 ι
3296 3173 3318 3187 υ
3491 3175 3503 3187 ο
3599 3172 3611 3187 Ι

2114 3167 2132 3187 ³
2162 3176 2431 3244 νιὼντων;
2464 3178 2633 3232 Ὅταν
2667 3176 2854 3247 τοίνυν.
2880 3174 3141 3247 βασιλέως
3165 3175 3264 3246 μέν
3293 3173 3453 3245 ἔργον
3483 3175 3510 3226 6
3539 3172 3736 3244 πύργος

2161 3264 2249 3342 ἦν,
2283 3270 2378 3322 ἐπὶ
2405 3270 2461 3323 δὲ
2486 3272 2585 3340 τῆς
2615 3268 2827 3340 ὑψηλῆς
2855 3266 3130 3330 πολιτείας
3159 3264 3408 3338 βεϐηκὼς
3434 3263 3602 3337 τύχῃ.
3629 3263 3735 3316 τότε

2160 3359 2361 3430 ἀληθὲς
2385 3360 2755 3415 ἐπιδείκνυται
2777 3360 2837 3415 τὸ
2862 3359 3012 3431 παρὰ
3038 3357 3133 3412 τοῦ
3171 3357 3376 3427 Κυρίου
3414 3355 3702 3426 λεγόμενον
3718 3368 3733 3383 ·

2161 3452 2243 3506 ὅτι
2274 3455 2356 3507 Οὐ
2381 3453 2632 3506 δύναται
2665 3452 2843 3518 πόλις
2880 3444 3170 3518 κρυϐῆναι
3194 3448 3395 3502 ἐπάνω
3422 3448 3605 3516 ὄρουιτ
3632 3461 3735 3499 κει-

2155 3542 2333 3610 μένη.
2365 3541 2494 3595 Νόει
2528 3541 2586 3593 δέ
2615 3557 2708 3611 μοι
2740 3540 2949 3611 πύργον
2981 3539 3102 3592 ἀντὶ
3136 3537 3239 3608 τῆς
3267 3537 3496 3601 πόλεως.

2231 3633 2435 3705 Καιρὺς
2480 3633 2523 3686 δ’
2554 3632 2621 3686 ἂν
2653 3632 2739 3702 είη
2770 3632 2865 3686 καὶ
2893 3631 3020 3694 τοὺς
3050 3626 3143 3683 δύο
3166 3627 3390 3700 νεϐροὺς
3418 3626 3519 3695 τῆς
3553 3623 3736 3697 δορκάο

2159 3725 2249 3784 δος
2295 3723 2654 3795 κατανοῆσαι,
2700 3723 2751 3777 οἳ
2802 3722 2930 3793 περὶ
2971 3720 3071 3791 τήν
3114 3718 3345 3791 καρδίαν
3385 3718 3485 3793 τῆς
3525 3718 3733 3788 νύμφης

2161 3813 2493 3878 αὐλίζονται,
2528 3812 2723 3883 μαστοὶ
2744 3811 3033 3882 κληθέντες
3060 3808 3211 3879 παρὰ
3236 3805 3538 3877 τοϋΛόγου⁹
3565 3806 3733 3869 καθώς

2162 3920 2330 3975 φησι·
2371 3906 2486 3958 Δύο
2531 3905 2758 3973 μαστοί
2794 3918 2911 3957 σου
2967 3900 3049 3967 ὡς
3098 3900 3220 3955 δύο
3258 3898 3455 3967 νεϐροὶ
3509 3897 3734 3967 δίδυμοι

2160 3994 2474 4063 δορκάδος,
2516 3995 2572 4047 οί
2619 3994 2930 4063 νεμόμενοι
2978 3991 3049 4044 ἐν
3090 3989 3214 4055 τοῖς
3240 3990 3498 4058 κρίνοις·
3548 3989 3641 4041 διὰ
3680 3986 3732 4038 τὸ

2164 4087 2368 4158 μεταξὺ
2413 4085 2618 4140 τούτων
2669 4080 2808 4139 εἶναι
2861 4083 2959 4155 τῆς
2991 4081 3218 4152 καρδίας
3248 4079 3346 4152 τὴν
3379 4079 3547 4143 θέσιν,
3589 4074 3661 4134 ὧν
3699 4079 3728 4148 ἡ

2160 4180 2301 4251 νομὴ
2332 4179 2393 4233 ού
2428 4179 2619 4251 χόρτος
2666 4178 2871 4250 ἐστὶνῆ
2921 4175 3152 4239 ἄκανθα,
3199 4174 3334 4228 ἀλλὰ
3379 4174 3541 4245 κρίνα
3584 4172 3730 4227 παντὶ

2158 4270 2237 4340 τῷ
2261 4273 2359 4343 τῆς
2384 4256 2562 4343 νομῆξ
2580 4271 2758 4343 χρόνῳ
2793 4270 2854 4322 τὸ
2883 4268 3041 4332 ἄνθος
3086 4268 3294 4321 ἐαυτῶν
3324 4267 3727 4336 παρατείνοντα,

2159 4363 2254 4417 καὶ
2284 4363 2345 4416 οὐ
2381 4363 2521 4415 κατὰ
2563 4362 2753 4433 καιρὸν
2797 4358 3083 4425 ἀνθοῦντα,
3123 4356 3245 4416 ούδέ
3286 4357 3377 4411 ἐπὶ
3407 4358 3600 4429 καιροῦ
3639 4372 3729 4428 μα·-

474 4470 536 4509 se
588 4455 834 4525 przebent
881 4454 1316 4521 nutrimentum,
1362 4464 1423 4510 ut
1455 4470 1567 4510 non
1605 4455 1845 4526 amplius
1878 4456 2057 4512 domi-

2163 4454 2489 4528 ραινόμενα’
2543 4454 2679 4509 ἀλλὰ
2730 4454 2925 4525 διαρκῆ
2974 4452 3322 4525 παρεχόμενα
3368 4454 3482 4515 τοῖς
3530 4451 3727 4550 νεϐροίς

475 4555 674 4601 nentur
704 4546 913 4602 umbra:
946 4545 1155 4601 erroris
1176 4583 1192 4610 ,
1224 4546 1387 4615 cujus
1421 4546 1477 4601 in
1525 4547 1667 4601 hanc
1710 4547 1880 4602 vitam
1923 4563 2058 4603 con-

2162 4544 2370 4606 τούτοις
2418 4543 2484 4598 δι’
2536 4543 2742 4598 ἑαυτῶν
2787 4543 2883 4615 τὴν
2926 4541 3151 4614 τροφὴν,
3198 4541 3276 4606 ὡς
3321 4540 3389 4595 ἂν
3438 4542 3637 4612 μηκέτι
3676 4539 3724 4592 al

476 4636 652 4692 fertur
683 4638 970 4705 studium;
1005 4638 1099 4693 sed
1135 4653 1260 4693 cum
1315 4639 1408 4694 lux
1446 4637 1560 4709 jam
1602 4639 1755 4695 omni
1793 4655 1861 4695 ex
1902 4653 2057 4711 parte

474 4727 756 4791 illuxerit,
789 4729 1136 4782 illustrentur
1170 4729 1354 4782 omnia
1384 4745 1483 4801 per
1526 4730 1707 4795 diem,
1740 4732 1835 4801 qui
1876 4731 2054 4788 lucem

476 4820 568 4874 ubi
611 4819 728 4872 vult
761 4818 1022 4888 spirando
1071 4818 1359 4877 diﬁ'undat.
1416 4820 1507 4875 Sic
1550 4822 1699 4875 enim
1744 4822 1880 4878 dicit
1912 4821 2054 4878 Ver-

474 4912 604 4967 bum
633 4928 646 4965 :
682 4910 851 4964 Donec
874 4911 1244 4980 perspiraverit
1269 4910 1382 4965 dies
1403 4950 1420 4978 ,
1444 4921 1496 4966 et
1526 4922 1683 4968 mota
1709 4913 1908 4982 fuerint
1938 4930 2056 4967 um-

473 5004 602 5057 brw.
642 5000 766 5057 Scis
798 5011 981 5057 autem
1014 5002 1243 5057 omnino
1281 5009 1336 5057 te
1379 5002 1643 5059 didicisse
1689 5019 1757 5059 ex
1809 5002 2056 5075 Evange-

473 5095 568 5162 lio,
616 5094 761 5164 quod
791 5102 876 5149 est
926 5092 1167 5163 Spiritus
1223 5100 1483 5161 sanctus,
1533 5095 1628 5165 qui
1667 5082 1764 5167 per
1805 5095 1860 5150 id
1907 5095 2057 5167 quod

471 5187 647 5254 spirat
674 5185 766 5239 ubi
799 5185 952 5250 vult,
983 5184 1160 5241 lucem
1202 5183 1360 5240 all'ert
1405 5184 1475 5240 iis
1511 5186 1605 5256 qui
1649 5186 1870 5253 sciunt,
1906 5185 2055 5241 unde

470 5278 687 5340 veniat,
717 5284 771 5332 et
795 5292 907 5347 quo
934 5277 1138 5331 vadat:
1175 5275 1245 5331 de
1270 5291 1381 5346 quo
1432 5291 1584 5331 nunc
1635 5277 1878 5347 loquitur
1920 5292 2054 5331 eon-

471 5373 654 5423 textus
700 5367 868 5437 hujus
913 5366 1220 5435 orationis,
1273 5366 1467 5424 dicens
1510 5385 1524 5422 :
1578 5367 1697 5422 Duo
1742 5367 1908 5422 ubera
1956 5378 2052 5422 tua

475 5442 608 5513 sicut
639 5458 745 5514 duo
774 5457 982 5513 hinnuli
1015 5458 1224 5529 gemelli
1256 5475 1462 5530 caprea:
1481 5502 1497 5526 ,
1535 5461 1627 5530 qui
1669 5470 1964 5529 pascuntur
1996 5461 2052 5513 in

2162 4637 2312 4691 σκιαὶ
2366 4637 2610 4708 κρατῶσι
2654 4636 2749 4707 τῆς
2806 4635 3249 4706 σπουδαζομένης
3302 4634 3430 4705 περὶ
3477 4633 3569 4688 τὸν
3625 4633 3722 4704 βίον

2159 4731 2374 4801 ἀπάτης
2393 4746 2408 4762 ·
2442 4728 2557 4782 ἀλλ’
2588 4728 2689 4798 ήδη
2712 4727 2807 4781 τοῦ
2841 4725 3016 4797 φωτὸς
3046 4726 3292 4797 πανταχῆ
3320 4724 3719 4794 διαλάμψαντος,

2158 4819 2511 4890 καταυγασθῇ
2544 4820 2612 4873 τὰ
2638 4819 2815 4872 πάντα
2840 4817 2930 4871 διὰ
2954 4818 3053 4888 τῆς
3090 4816 3323 4888 ἡμέρας,
3353 4815 3451 4885 τῆς
3489 4816 3622 4868 ὅπου
3647 4812 3719 4866 θέ-

2155 4913 2239 4968 λει
2269 4912 2625 4983 διαπνεούσης
2666 4911 2728 4964 τὺ
2773 4911 2908 4980 φῶς.
2942 4909 3099 4963 Οὕτω
3136 4909 3245 4979 γάρ
3276 4924 3439 4979 φησιν
3469 4909 3500 4960 6
3528 4908 3715 4974 Δόγος’

2160 5005 2310 5072 Ἕως
2354 5000 2425 5060 οὗ
2460 5004 2798 5071 διαπνεύσῃ
2836 5002 2876 5070 ἡ
2904 5000 3115 5071 ἡμέρα,
3169 4999 3267 5053 καί
3301 4996 3629 5066 κινηθῶσιν
3666 4994 3716 5047 σί

2152 5094 2341 5149 σκιαί.
2365 5092 2527 5158 Οἶδας
2545 5093 2603 5147 δέ
2631 5093 2848 5156 πάντως
2875 5091 3026 5164 παρὰ
3046 5090 3140 5145 τοῦ
3166 5088 3498 5158 Εὐαγγελίου
3524 5087 3712 5159 μαθὼν,

2150 5187 2234 5240 ὃτι
2262 5185 2326 5239 τὸ
2367 5182 2596 5256 Πνεῦμά
2623 5184 2741 5238 ἐστι
2783 5183 2844 5237 τὺ
2872 5185 3048 5252 ἆγιον,
3080 5182 3141 5236 τὸ
3168 5181 3255 5235 διὰ
3282 5179 3374 5234 τοῦ
3406 5181 3560 5232 πνεῖν
3595 5179 3713 5232 ὅπου

2151 5276 2399 5346 βούλεται
2443 5274 2561 5344 φῶς
2617 5274 2880 5345 ἐμποιοῦν
2938 5275 3051 5338 τοῖς
3109 5271 3557 5342 ἐπανισταμένοις
3607 5268 3711 5323 ὅθεν

2147 5367 2364 5439 ἔρχεται
2386 5407 2402 5433 ,
2429 5368 2525 5423 καὶ
2553 5367 2655 5422 ποῦ
2681 5368 2880 5436 ὑπάγει
2901 5384 2914 5397 ’
2940 5366 3070 5437 περὶ
3111 5357 3175 5418 οὗ
3202 5364 3296 5417 νῦν
3322 5365 3349 5415 6
3374 5362 3530 5429 λόγος
3558 5360 3711 5420 οὕτως

2147 5458 2498 5531 διεξέρχεται·
2527 5462 2642 5516 Δύο
2676 5458 2901 5529 μαστοί
2932 5471 3049 5511 σου
3088 5456 3170 5521 ὡς
3196 5454 3304 5509 δύο
3338 5454 3531 5521 νεϐροὶ
3566 5448 3711 5504 δίδυ-

476 5540 640 5611 liliis,
671 5547 835 5599 donec
859 5547 1112 5614 perspiret
1142 5547 1256 5601 dies
1281 5556 1330 5601 et
1361 5557 1667 5602 moveantur
1687 5547 1910 5601 umbrae.
1943 5547 2049 5603 Sed

2162 5565 2246 5629 αοι
2279 5547 2593 5617 δορκάδος,
2640 5552 2695 5605 al
2722 5548 3034 5618 νεμόμενοι
3067 5546 3138 5599 ἐν
3172 5543 3295 5610 τοῖς
3337 5543 3584 5612 κρίνοις.
3615 5537 3710 5602 ἕως

410 5776 431 5787 ν,
547 5718 592 5751 ⁸⁵
637 5720 776 5775 Psal.
815 5735 1006 5787 χχχιιι,
1043 5723 1129 5779 18.

1239 5723 1287 5755 ⁸⁸
1313 5721 1455 5778 Psal.
1493 5739 1658 5789 van,
1694 5722 1779 5777 18.
1851 5722 1895 5754 ⁸⁷
1937 5718 2060 5775 Psal

2162 5737 2304 5789 mn,
2340 5720 2430 5777 72.
2509 5720 2555 5754 ⁸³
2585 5718 2775 5774 Matth.
2837 5736 2885 5785 v,
2920 5718 3011 5774 14.
