3866 6408
1362 208 1386 220 ι,

160 372 262 430 957

1186 368 1255 423 IN
1285 366 1584 424 CANTICA
1636 361 1908 421 omne.
1947 359 2234 419 HOMILIA
2271 360 2386 417 vu.
3103 330 3111 339 ’
3323 354 3426 412 9'58

161 484 233 545 οὗ
262 482 599 552 ﬁrm-(ration
636 485 674 551 ἡ
710 484 922 554 ἠμέια,
961 486 1058 537 καὶ
1096 485 1425 552 κινηΟῶσιν
1459 487 1517 537 al
1551 481 1738 536 σκιαί.

1860 482 1988 549 ιυοιΙ
2025 482 2146 538 dies
2178 480 2400 549 quidem
2436 477 2656 535 dicatur
2690 475 2933 549 Spiritus
2964 488 3193 532 sanetus
3219 515 3232 537 ,
3271 472 3341 528 iis
3376 474 3427 527 in

173 576 332 633 ’Ἀλλὰ
357 577 419 628 τὸ
463 576 560 644 μὲν
593 576 809 645 ἡμέραν
855 574 1107 644 λέγεσθαι
1136 577 1196 630 τὸ
1221 576 1447 647 Πνεῦμα
1474 575 1535 628 τὸ
1566 573 1738 643 ἅγιον,

162 667 272 735 φῶς
302 667 459 719 πνέον
499 660 579 729 οἷς
610 665 675 719 ἂν
695 666 1009 736 ἐγγένηται,
1038 667 1137 720 οὐκ
1159 663 1312 739 οἶμαί
1342 686 1461 722 τινα
1487 669 1593 721 τῶν
1618 667 1743 721 νοῦν

163 759 387 830 ἑχόντων
435 757 777 811 ὲπιδιστάσαι
824 757 903 829 τῷ
949 758 1112 831 λόγῳ.
1156 761 1216 814 Εἰ
1267 761 1374 832 γὰρ
1410 760 1516 813 υἱοὶ
1568 760 1743 828 φωτὸς

164 849 254 903 καὶ
301 848 406 901 υἱοὶ
436 848 646 919 ἡμέρας
691 848 930 915 γίνονται
982 851 1031 903 οί
1076 850 1426 920 γεννηθέντες
1473 849 1624 921 παρὰ
1650 848 1742 901 τοῦ

165 932 491 1013 ὶΙνεύματος,
520 940 573 992 τί
604 940 735 1017 am
768 940 874 1011 χρὴ
903 944 1043 996 νοεῖν
1068 943 1131 995 τὸ
1161 942 1387 1012 Πνεῦμα
1411 941 1473 994 τὸ
1503 943 1674 1010 ἅγιον,
1709 941 1742 1012 ἢ

164 1032 273 1101 φῶς
300 1032 393 1085 καὶ
422 1032 656 1102 ἡμέραν,
685 1026 753 1102 ἧς
785 1033 818 1104 ἡ
850 1033 985 1105 πνοὴ
1014 1033 1383 1103 φυγαδευτικὴ
1428 1032 1537 1086 τῶν
1574 1033 1744 1086 σκιῶν

162 1121 259 1193 τῆς
310 1122 667 1192 ματαιότητος
721 1123 964 1190 γίνεταις
1029 1124 1266 1191 Ἀνάγκη
1297 1123 1405 1192 γὰρ
1454 1123 1603 1174 πᾶσα
1650 1119 1743 1174 τοῦ

165 1218 308 1288 ἡλίου
339 1217 596 1286 φανέντος
622 1217 719 1281 τάς
768 1219 926 1280 σκιὰς
962 1217 1037 1288 μὴ
1084 1219 1286 1287 μένειν,
1321 1217 1456 1270 ἀλλὰ
1502 1234 1747 1287 μεταχω-

169 1313 274 1380 ρεῖν
305 1327 363 1361 τε
405 1311 500 1362 καὶ
532 1309 978 1380 μετανίστασθαι.
1016 1308 1089 1361 Τὸ
1128 1309 1182 1361 δὲ
1231 1311 1359 1376 περὶ
1391 1309 1499 1361 τῶν
1540 1308 1632 1362 δύο
1659 1325 1745 1362 νε-

167 1397 306 1467 ϐρῶν
334 1397 434 1461 τῆς
463 1397 720 1467 δορκάδος
752 1398 1048 1467 μυστήριον
1085 1396 1339 1469 εῦκαιρον
1366 1398 1433 1452 ἂν
1454 1400 1537 1469 εἴη
1584 1416 1749 1469 προσ-

166 1491 329 1542 θεῖναι
393 1492 460 1560 τῇ
491 1489 733 1553 ἐξετάσει
763 1489 858 1542 τοῦ
903 1489 1084 1557 λόγου,
1114 1484 1188 1543 ὧν
1215 1491 1432 1560 δίδυμος
1471 1493 1571 1561 μέν
1600 1494 1747 1544 ἐστιν

166 1582 459 1649 ἠγένεσις,
508 1582 684 1651 τροφὴ
728 1581 784 1634 δὲ
816 1581 877 1633 τὸ
915 1582 1130 1651 κρίνον·
1165 1584 1330 1647 τόπος
1375 1583 1431 1636 δὲ
1480 1583 1671 1654 νομῆς,
1712 1585 1746 1653 ὴ

165 1672 447 1743 ἀγαθή-τε
497 1673 591 1725 καὶ
634 1672 808 1743 πιαρὰ
858 1673 951 1745 γῆ.
982 1674 1129 1744 Αὐτὴ
1174 1675 1233 1727 δέ
1272 1678 1419 1728 ἐστιν
1461 1678 1493 1746 ἠ
1529 1676 1745 1747 καρδία,

166 1763 300 1832 κατὰ
334 1763 426 1816 τὸν
452 1764 553 1833 τῆς
581 1763 899 1834 παραϐολῆς
930 1764 1024 1817 τοῦ
1065 1765 1270 1835 Κυρίου
1300 1765 1488 1832 λόγον·
1526 1769 1582 1818 ὲν
1612 1768 1745 1837 αὐτῇ

1845 572 2052 641 quibus
2082 570 2250 626 fuerit
2282 571 2460 625 lucem
2496 570 2749 640 spirans,
2790 568 3066 623 nemiuem
3109 579 3235 622 esse
3277 565 3430 620 arbi-

1845 673 1963 717 tror
1988 680 2051 718 ex
2086 664 2155 719 iis
2183 666 2277 734 qui
2313 664 2535 733 sapiunt
2577 665 2671 733 qui
2719 663 2952 718 dubitet.
2999 660 3059 715 Si
3101 662 3249 717 enim
3294 660 3430 715 ﬁunt

1849 756 1942 810 lilii
1979 756 2118 811 lucis
2145 767 2201 812 et
2229 756 2324 810 ﬁlii
2358 758 2465 811 diei
2500 758 2593 826 qui
2622 763 2960 827 generantur
2989 771 3054 810 ex
3083 764 3277 809 sancto
3307 752 3428 823 Spi~

1847 851 1955 900 ritu
1987 864 2000 900 :
2050 848 2183 917 quid
2230 848 2377 901 aliud
2416 847 2719 918 intelligere
2755 854 2972 916 oportet
3000 845 3269 916 Spiritum
3302 860 3432 900 san—

1847 949 1993 991 ctum
2018 978 2031 999 ,
2066 953 2229 1007 quam
2257 939 2435 993 lucem
2467 947 2520 991 et
2548 938 2691 993 diem
2712 978 2727 1001 ,
2757 938 2918 1007 cujus
2972 938 3201 1007 spiratio
3239 934 3428 1006 expel-

1850 1027 1911 1080 lit
1944 1027 2168 1082 umbras
2212 1028 2522 1082 vanitatis?
2564 1025 2804 1082 Omnino
2846 1027 2992 1082 enim
3038 1041 3263 1081 necesse
3311 1036 3429 1089 est,

1850 1123 1909 1167 ut
1940 1130 2064 1169 cum
2108 1116 2192 1170 'sol
2219 1117 2580 1186 apparuerit,
2617 1118 2828 1172 umbrae
2859 1131 2969 1171 non
3002 1126 3292 1179 maneant,
3335 1115 3434 1171 sed

1848 1216 2133 1260 transeant
2158 1217 2211 1262 et
2238 1208 2546 1263 discedant.
2570 1207 2888 1279 Mysterium
2921 1219 3100 1264 autem
3129 1208 3197 1264 de
3219 1208 3435 1263 duobus

1849 1312 2063 1366 capreae
2112 1300 2359 1354 hinnulis
2404 1308 2777 1371 opportunum
2830 1302 2999 1357 fuerit
3035 1303 3276 1371 adjicere
3310 1317 3436 1357 ver-

1851 1391 2045 1443 burum
2091 1400 2384 1446 contextus
2418 1392 2856 1454 examinationi,
2893 1407 3131 1463 quorum
3176 1391 3435 1463 geminus

1850 1480 2071 1546 quidem
2108 1480 2210 1536 fult
2241 1490 2475 1552 partus,
2528 1485 2934 1540 nutrimentum
2989 1493 3172 1540 autem
3218 1485 3395 1538 lilium
3418 1524 3433 1548 ,

1851 1588 2069 1643 pascuae
2099 1582 2281 1629 autem
2317 1583 2463 1631 terra
2495 1576 2640 1631 bona
2673 1586 2728 1634 et
2757 1579 3000 1650 pinguis.
3030 1577 3105 1631 Ea
3136 1585 3319 1632 autem
3352 1583 3437 1632 est

1855 1680 1972 1728 cor,
1997 1667 2393 1722 convenienter
2414 1669 2463 1723 ci
2485 1670 2633 1739 quod
2659 1670 2795 1724 dicit
2818 1669 3035 1725 Domini
3061 1669 3321 1740 parabola
3347 1670 3395 1701 "
3421 1688 3435 1724 :

1855 1756 1906 1807 in
1953 1770 2018 1810 co
2064 1767 2359 1826 pascentes
2387 1799 2401 1821 ,
2436 1769 2486 1812 et
2534 1775 2798 1828 purarum
2833 1760 3232 1830 cogitationum
3272 1774 3339 1813 ex
3373 1773 3440 1810 co

164 1854 217 1907 δὲ
236 1826 545 1925 νεμόμενοι,
577 1826 674 1907 καί
695 1854 820 1917 τοὺς
857 1826 1136 1925 καθαροὺς
1156 1826 1224 1919 ,ἐξ
1253 1826 1423 1924 αὐτῆς
1460 1826 1751 1925 λογισμοὺς

1858 1850 2016 1902 ﬂores
2045 1832 2321 1921 legentes,
2349 1826 2744 1921 pinguescunt.
2776 1826 3117 1908 Flosvautem
3148 1852 3242 1905 um
3275 1851 3441 1905 habet

164 1942 595 2027 ἀνθολογοῦντες,
628 1946 953 1999 πιαίνονται.
990 1946 1063 1999 Τὸ
1091 1946 1147 1999 δὲ
1178 1948 1337 2009 ἄνθος
1371 1948 1430 2000 τὸ
1458 1949 1640 2018 κρίνον
1674 1948 1751 2000 δι-

166 2037 303 2107 πλῷ
335 2037 450 2108 ἔχει
483 2037 580 2109 τὴν
608 2037 768 2109 χάριν
810 2038 961 2109 παρὰ
990 2039 1088 2109 τῆς
1119 2038 1354 2107 φύσεως,
1388 2040 1641 2102 εὐπνοίας
1683 2046 1748 2111 τῇ

166 2129 384 2200 εῦχροίςι
411 2130 892 2200 συμμεμιγμένης,
927 2129 1002 2193 ὡς
1033 2131 1154 2184 καθ’
1189 2133 1450 2203 ἑκάτερον
1476 2127 1614 2185 εἶναι
1641 2136 1750 2195 τοῖς

166 2222 513 2291 ὄρεπομένοις
552 2220 838 2292 ἐράσμιον,
872 2223 980 2275 εἴτε
1010 2226 1075 2295 τῇ
1106 2224 1371 2295 ὀσφρήσει
1404 2224 1748 2296 προσάγοιεν,

166 2312 270 2365 εἴτε
306 2314 421 2375 τοῖς
453 2312 750 2382 δςρθαλμοῖς
789 2314 880 2366 τοῦ
912 2314 1141 2377 κάλλους
1183 2316 1279 2386 τῆς
1305 2315 1453 2387 ὥρας
1486 2334 1755 2387 κατατρυ-

167 2402 325 2473 φῴεν.
375 2404 441 2456 Ἢ
476 2403 574 2473 μὲν
603 2405 711 2474 γάρ
745 2404 1011 2474 ὄσφρησις
1033 2406 1131 2475 τῆς
1156 2406 1249 2459 τοῦ
1274 2406 1505 2474 Χριστοῦ
1530 2406 1752 2470 εὐωδίας

169 2493 379 2566 πλήρης
429 2495 671 2563 γίνεται·
716 2495 803 2549 διὰ
850 2496 904 2550 δὲ
957 2496 1052 2550 τοῦ
1102 2498 1277 2561 εἴδους
1320 2498 1648 2551 ἐνδείκνυται
1696 2499 1754 2551 τὸ

168 2585 406 2656 καθαρόν
433 2603 493 2638 τε
526 2587 621 2639 καί⁹
646 2586 998 2655 ἁκηλίδωτον.

234 2677 386 2746 Τάχα
414 2676 594 2729 τοίνυν
623 2676 723 2748 ἤδη
754 2675 842 2729 διὰ
874 2677 980 2729 τῶν
1014 2678 1317 2749 εἰρημένων
1364 2682 1754 2752 σεσαφὴνισται

166 2768 290 2835 ἡμῖν
316 2768 374 2819 τὸ
403 2767 509 2820 ὑπὸ
541 2765 632 2820 τοῦ
664 2766 824 2836 λόγου
848 2768 1195 2839 δηλούμενον,
1222 2771 1301 2823 ὅτι
1327 2770 1420 2823 δύο
1450 2772 1754 2842 ἀνθρώπων

166 2860 219 2908 ἐν
252 2860 361 2921 τοῖς
405 2857 525 2910 καθ’
556 2858 784 2911 ἕκαστον
825 2857 1234 2930 θεωρουμένων,
1265 2863 1357 2915 τοῦ
1384 2864 1483 2933 μὲν
1516 2882 1757 2935 σωματι-

167 2949 258 3002 κοῦ
306 2968 363 3003 τε
419 2952 512 3004 καὶ
551 2951 899 3023 φαινομένου,
937 2952 1030 3005 τοῦ
1068 2954 1121 3005 δὲ
1159 2952 1346 3023 νοητοῦ
1376 2974 1434 3008 τε
1470 2957 1564 3009 καὶ
1590 2958 1755 3029 ἀορά-

164 3059 275 3104 του,
318 3043 546 3114 δίδυμος
592 3046 690 3114 μὲν
716 3046 1023 3117 ἁμφὸτερός
1071 3049 1217 3099 ἐστιν
1257 3049 1289 3118 ὴ
1333 3050 1565 3117 γένεσις,
1613 3051 1754 3104 κατὰ

1850 1944 2122 2012 duplicem
2157 1958 2187 1997 a
2217 1951 2415 1998 natura
2447 1946 2680 2014 gratiam
2704 1985 2718 2005 .
2755 1953 2943 2015 utpote
2972 1945 3128 2000 suavi
3157 1936 3328 2000 o'dore
3359 1945 3437 1999 si-

1853 2036 1965 2087 mul
2016 2036 2183 2089 misto
2225 2050 2350 2089 cum
2407 2037 2592 2091 colore
2623 2055 2635 2090 :
2676 2037 2811 2090 adeo
2841 2040 2900 2088 ut
2933 2036 2980 2090 is
3015 2036 3067 2089 in
3104 2042 3336 2104 utroque
3367 2034 3439 2089 sit

1853 2136 2042 2194 gratus
2099 2134 2153 2181 et
2200 2126 2455 2182 amabilis
2502 2128 2854 2190 hominibus,
2896 2136 2954 2180 ut
2992 2128 3119 2197 qui.
3170 2126 3287 2182 sive
3323 2141 3442 2179 mo-

1855 2227 2084 2272 veantur
2107 2217 2313 2272 olfactu
2334 2260 2347 2281 ,
2378 2220 2495 2275 sive
2521 2222 2722 2286 oculis,
2753 2221 2874 2289 ejus
2902 2236 2960 2275 se
2984 2221 3202 2290 possint
3225 2221 3443 2276 abunde

1853 2311 2117 2364 obiectari
2156 2311 2588 2380 pulchritudine.
2626 2311 2906 2368 Odoratus
2940 2313 3160 2383 quidem
3199 2314 3443 2384 repletur

1856 2403 1999 2455 bono
2029 2401 2199 2457 odore
2230 2402 2475 2468 Christi,
2514 2420 2610 2473 per
2642 2404 2872 2459 formam
2912 2414 3095 2460 autem
3130 2405 3444 2463 ostenditur

1856 2495 2068 2565 puritas
2100 2503 2155 2550 et
2179 2497 2328 2550 nulla
2357 2513 2481 2552 esse
2508 2498 2853 2568 inquinatum
2885 2500 3123 2553 macula.

1931 2684 2090 2739 Forte
2124 2693 2303 2740 autem
2335 2701 2522 2741 eorum
2558 2700 2679 2756 quae
2714 2684 2860 2740 dicta
2902 2692 3034 2741 sunt
3072 2686 3444 2741 declarabitur

1856 2779 2171 2832 obscuritas
2191 2819 2206 2843 ,
2235 2778 2280 2833 si
2312 2778 2417 2833 hoc
2444 2779 2718 2847 signiﬁcet
2749 2779 2928 2833 oratio
2952 2817 2967 2841 ,
2996 2777 3143 2848 quod
3175 2793 3300 2833 cum
3332 2779 3445 2834 duo

1857 2870 2109 2924 homines
2141 2869 2568 2925 considerentur
2612 2871 2666 2924 in
2709 2871 2981 2941 singulis,
3033 2886 3180 2924 unus
3221 2870 3439 2940 quidem

1857 2962 2165 3033 corporalis
2193 2974 2245 3016 et
2276 2977 2578 3032 apparens,
2616 2962 2756 3016 alter
2786 2979 2919 3017 vero
2955 2963 3055 3031 qui
3084 2963 3445 3033 intelligentia

1861 3055 2185 3126 percipitur,
2216 3061 2270 3109 et
2299 3070 2406 3108 non
2452 3062 2537 3110 est
2586 3055 2973 3124 aspectabilis,
3024 3055 3278 3126 geminus
3324 3055 3449 3125 qui-

168 3133 356 3187 ταύτὸν
382 3135 640 3206 ἀλλήλοις
680 3137 1190 3208 συνεπιδημούντων
1216 3138 1296 3211 τῷ
1331 3140 1449 3211 βίῳ.
1483 3142 1619 3195 Οῦτε
1646 3145 1751 3215 γὰρ

1862 3147 1985 3203 dem
2015 3157 2097 3202 est
2125 3148 2414 3201 amborum
2447 3154 2640 3202 ortus:
2673 3162 2798 3201 cum
2829 3147 2934 3217 ipsi
2980 3147 3147 3202 simul
3192 3148 3340 3201 inter
3390 3162 3447 3201 se

172 3228 513 3299 προῦπάρχει
561 3227 655 3280 τοῦ
706 3228 955 3300 σώματος
998 3232 1031 3302 ἡ
1076 3232 1257 3302 ψυχή·
1307 3232 1430 3288 οῦτε
1482 3253 1756 3305 προκατα-

174 3318 493 3381 σκευάζεται
534 3319 636 3388 τῆς
672 3319 849 3390 ψυχῆς
878 3321 941 3373 τὸ
970 3322 1130 3392 σῶμα
1152 3339 1166 3353 ⁶
1206 3322 1321 3377 ἀλλ’
1359 3328 1669 3396 ὁμοχρόνως
1699 3329 1757 3379 έν

172 3409 233 3477 τῇ
268 3405 379 3479 ζωῇ
412 3410 675 3476 γίνονται.
713 3411 900 3481 Τροφὴ
942 3413 999 3466 δὲ
1041 3414 1252 3477 τούτοις
1286 3415 1426 3468 κατὰ
1462 3417 1622 3485 φύσιν
1652 3420 1756 3488 ’μέν

172 3499 336 3563 ἐστιν,
358 3503 392 3571 ἡ
418 3501 733 3572 καθαρότης
754 3503 846 3555 καὶ
874 3504 1092 3569 εὐωδία,
1113 3505 1208 3558 καὶ
1238 3507 1415 3561 πάντα
1433 3509 1500 3561 τὰ
1530 3510 1757 3563 τοιαῦτα

168 3582 240 3641 ὧν
278 3591 603 3664 εύφοροῦσιν
629 3594 684 3645 αἱ
716 3593 926 3664 ἀρεταί.
963 3596 1120 3648 Ἔστι
1148 3596 1203 3649 δὲ
1242 3598 1331 3651 ὅτε
1352 3599 1413 3651 τὸ
1433 3599 1757 3671 δηλητήριόν

169 3695 305 3734 τισιν
349 3684 476 3735 ἀντὶ
519 3684 785 3755 τροφίμου
839 3687 1216 3752 σπουδάζεται,
1260 3688 1311 3742 οἳ
1359 3692 1480 3762 οὐχὶ
1520 3693 1589 3745 τὰ
1621 3693 1754 3761 ἄνθη

168 3771 273 3824 τῶν
312 3773 528 3846 ἀρετῶν
556 3775 960 3842 ἐπιϐόσκονται,
1011 3780 1125 3832 ἀλλ’
1154 3780 1417 3846 ἀκάνθαις
1446 3785 1758 3855 ἐπιτέρπον-

168 3879 255 3954 ται
300 3865 396 3917 καὶ
438 3865 729 3935 τριϐόλοις.
796 3867 1107 3954 Οῦτωεγὰρ
1153 3871 1253 3939 τῆς
1302 3874 1619 3947 παραϐολῆς
1662 3877 1755 3930 τοῦ

169 3952 501 4038 Ιξὺαγγελίου
548 3958 921 4030 ὀνομαζούσης
958 3952 1055 4024 τάς
1099 3964 1372 4034 ἁμαρτίας
1417 3967 1754 4038 ἠκούσαμεν,

170 4034 242 4095 ὧν
285 4046 318 4115 ἡ
362 4045 582 4115 κατάρα
625 4048 719 4099 τοῦ
768 4049 945 4116 ὅψεως
990 4053 1090 4122 τὴν
1135 4053 1311 4125 κακὴν
1361 4055 1597 4128 βλάστην
1631 4061 1755 4132 ἐδη-

172 4136 529 4209 μιούργησεν.
597 4139 813 4212 Ἐπειδὴ
853 4142 1033 4196 τοίνυν
1067 4146 1419 4217 διακριτικῶν
1464 4151 1757 4222 ὀφθαλμῶν

171 4230 283 4281 ἐστι
314 4230 497 4300 χρεία,
531 4231 638 4284 τῶν
661 4232 974 4303 δυναμένων
1002 4238 1058 4289 ἐν
1088 4239 1344 4312 ἀκριϐείᾳ
1378 4242 1670 4311 διαγνῶναι
1697 4247 1758 4298 τὸ

172 4318 351 4387 κρίνον
398 4337 460 4372 τε
508 4321 600 4374 καὶ
643 4322 742 4392 τὴν
782 4323 1043 4388 ἄκανθαν,
1084 4329 1177 4381 καὶ
1231 4330 1288 4383 τὸ
1341 4333 1439 4403 μὲν
1493 4338 1757 4407 σωτήριον

172 4411 523 4479 προελέσθαι,
569 4412 631 4466 τὸ
673 4412 733 4467 δὲ
770 4416 1109 4489 ’φθοροποιὸν
1158 4424 1619 4495 ἀποπέμψασθαιο
1671 4429 1758 4482 διά

168 4500 325 4555 τοῦτο
353 4504 447 4558 τὸν
478 4503 600 4557 καθ’
626 4508 918 4580 ὁμοιότητα
944 4510 1036 4563 τοῦ
1071 4514 1306 4584 μεγάλου
1342 4517 1556 4571 Παύλου
1585 4519 1756 4590 μαζὸν

168 4595 277 4656 τοῖς
310 4597 531 4665 νηπίοις
577 4599 888 4668 γενόμενον,
926 4604 1021 4656 καὶ
1054 4605 1601 4680 γαλακτοτροςροῦντα
1630 4616 1756 4677 τοὺς

168 4687 473 4758 ἀρτιγενεῖς
518 4690 618 4759 τῆς
674 4692 1018 4765 Ἑκκλησίας,
1063 4696 1231 4752 δυάδα
1281 4700 1468 4769 μαζῶν
1506 4703 1756 4777 ἀλλήλοις

170 4778 643 4850 συγγεννηθέντων
668 4781 774 4834 τῶν
801 4786 912 4847 τοῖς
948 4784 1158 4857 νεϐροίς
1180 4788 1278 4859 τῆς
1316 4791 1572 4863 δορκάδος
1600 4797 1756 4850 ἀπει-

166 4873 460 4943 κασμένων
515 4874 833 4945 ὠνόμασεν,
890 4878 981 4931 διὰ
1038 4881 1257 4936 πάντων
1322 4890 1616 4958 μαρτυρῶν
1677 4892 1756 4962 τῷ

167 4964 394 5035 τοιούτῳ
445 4966 597 5033 μέλει
641 4968 741 5038 τῆς
784 4969 1111 5042 Ἐκκλησίας
1154 4974 1213 5026 τὸ
1261 4975 1517 5049 δόκιμον·
1572 4982 1654 5035 ὅτι
1697 5002 1756 5037 τε

169 5053 289 5106 καθ’
322 5056 586 5133 ἑκάτερον
618 5059 893 5114 εύοδοῦται
936 5063 1071 5133 πρὸς
1093 5065 1191 5134 τὴν
1220 5067 1327 5120 τῶν
1358 5057 1613 5144 καθαρῶν
1639 5077 1758 5146 κρί-

165 5159 269 5196 νων
314 5147 511 5217 νομὴν,
550 5148 854 5221 ὀξυδερκῶς
893 5152 1168 5226 διακρίνον
1214 5158 1309 5212 τοῦ
1354 5165 1618 5234 τροφίμου
1659 5169 1756 5238 τὴν

164 5232 440 5325 ἄκανθαν·
473 5238 565 5290 καὶ
603 5238 683 5292 ὅτι
727 5242 856 5311 περὶ
879 5242 939 5295 τὸ
969 5244 1293 5315 ἡγεμονικὸν
1332 5232 1750 5325 ἀναστρέφεται,

165 5318 223 5420 οὗ
260 5327 535 5420 σύμϐολον
644 5332 841 5404 καρδία
875 5337 1046 5398 ἐστὶν,
1083 5339 1115 5408 ἡ
1158 5339 1224 5392 δι’
1260 5343 1458 5415 έαυτῇς
1489 5318 1611 5411 τοὺς
1650 5318 1755 5420 μαέ

165 5416 291 5480 iob;
322 5419 777 5490 ὑποστρέφουτα’
811 5426 905 5477 καὶ
952 5425 1032 5479 ἔτι
1077 5429 1214 5498 πρὸς
1247 5432 1477 5498 τούτοις,
1530 5438 1610 5491 ὅτι
1652 5416 1753 5494 οὐκ

164 5509 220 5560 ὲν
250 5510 434 5578 ἑαυτῷ
465 5513 773 5566 κατακλείει
796 5515 893 5586 τὴν
919 5518 1099 5589 χάριν,
1128 5520 1243 5573 ἀλλ’
1278 5525 1466 5595 ἐπέχει
1494 5502 1602 5593 τοῖς
1639 5530 1750 5585 δεο-

170 5598 347 5665 μένοις
375 5599 474 5653 τοῦ
507 5602 664 5656 λόγου
690 5607 789 5658 τὴν
818 5607 1006 5678 θηλὴν,
1037 5610 1114 5673 ὡς
1138 5612 1203 5665 ἂν
1237 5616 1433 5686 τροφὸς
1462 5619 1655 5675 θάλπει
1688 5625 1755 5677 τὰ

233 5778 281 5809 ⁵⁵
315 5777 517 5833 Matth.
546 5798 666 5847 XIII,
708 5784 743 5837 5
768 5799 889 5857 sqq.

407 5878 684 5941 ΡΑτιιοι..
727 5881 818 5941 Gn
884 5883 1059 5943 XI.“

1859 3240 2141 3309 conjuncti
2178 3239 2399 3294 veniant
2428 3239 2481 3292 in
2517 3239 2707 3292 vitam.
2744 3237 2879 3292 Nam
2915 3253 3094 3308 neque
3138 3238 3321 3292 anima
3367 3246 3446 3293 est

1861 3344 1986 3386 ante
2017 3347 2220 3400 corpus
2247 3349 2261 3394 ;
2298 3346 2475 3401 neque
2518 3338 2645 3385 ante
2676 3331 2916 3385 animam
2947 3332 3296 3386 construitur
3324 3346 3447 3387 cor-

1862 3441 1963 3494 pzzs
1988 3466 2002 3489 ,
2040 3427 2133 3479 sed
2166 3424 2357 3481 eodem
2409 3433 2655 3493 tempore
2686 3424 2740 3476 in
2775 3426 2884 3476 vita
2919 3423 3081 3477 simul
3113 3424 3448 3478 conveniunt

1859 3534 1923 3571 ac
1968 3517 2341 3571 consentiunt.
2401 3515 2734 3567 Alimentum
2788 3524 2967 3568 autem
3019 3514 3099 3568 eis
3143 3514 3448 3568 secundum

1860 3614 2111 3662 naturam
2142 3608 2361 3676 quidem
2389 3613 2476 3659 est
2504 3605 2717 3674 puritas
2744 3614 2795 3659 et
2826 3606 3006 3660 bonus
3032 3606 3191 3669 odor,
3222 3615 3276 3661 et
3301 3621 3448 3676 qua:-

1859 3716 2078 3770 cunque
2123 3708 2253 3755 sunt
2285 3700 2830 3771 ejusmodi,quorum
2866 3698 3077 3753 fertiles
3112 3708 3245 3754 sunt
3275 3700 3449 3753 virtu-

1868 3804 1971 3851 tes.
1998 3793 2231 3860 Quidam
2289 3802 2469 3847 autem
2501 3806 2898 3860 nonnunquam
2930 3796 3189 3845 tenentur
3238 3791 3449 3857 majore

1860 3887 2043 3941 studio
2073 3886 2268 3940 veneni
2303 3898 2469 3955 quam
2501 3882 2827 3937 nutrimenti
2851 3922 2866 3947 ,
2900 3882 2995 3951 qui
3030 3882 3299 3935 virtutum
3346 3879 3449 3935 ﬂo-

1860 3978 2014 4031 ribus
2045 3991 2156 4030 non
2188 3985 2516 4042 pascuntur,
2554 3973 2648 4029 sed
2682 3973 2859 4043 spinis
2894 3972 3239 4027 delectantur
3264 3980 3319 4028 et
3348 3973 3448 4026 tri-

1860 4070 2030 4122 bulis.
2061 4065 2195 4120 Nam
2228 4065 2547 4135 parabolam
2584 4062 2865 4132 Evangelii
2896 4062 3207 4117 audivimus
3234 4061 3314 4117 sic
3344 4076 3448 4116 no-

1859 4162 2158 4213 minautem
2182 4164 2426 4229 peccata,
2449 4172 2681 4226 quorum
2707 4157 2910 4208 malum
2931 4169 3153 4226 germen
3176 4156 3449 4225 serpentis

1860 4255 2127 4308 fabricata
2172 4260 2258 4307 est
2291 4250 2623 4305 maledictio.
2656 4248 2795 4304 Cum
2836 4264 2967 4319 ergo
3007 4247 3355 4302 discernendi
3397 4249 3449 4301 vi

1863 4345 2075 4415 prwditi
2101 4344 2248 4398 oculi
2280 4349 2539 4397 accurate
2564 4348 2864 4411 exacteque
2890 4341 3105 4411 possint
3133 4340 3487 4413 discernere,

1861 4438 2039 4492 lilium
2090 4443 2143 4487 et
2190 4434 2438 4503 spinam,
2476 4441 2534 4485 et
2576 4432 2775 4502 eligere
2803 4430 3024 4502 quidem
3070 4431 3122 4485 id
3170 4431 3315 4501 quod
3366 4438 3450 4485 est

1788 4506 1835 4562 Β
1866 4531 2141 4593 salutare,
2191 4527 2488 4581 amandare
2534 4533 2716 4579 autem
2770 4524 2822 4578 id
2867 4524 3012 4593 quod
3058 4531 3143 4577 est
3185 4523 3448 4589 exitiale;

1868 4625 2159 4685 propterea
2190 4630 2314 4668 eum
2348 4614 2441 4684 qui
2490 4613 2688 4667 similis
2725 4627 2923 4683 magno
2952 4610 3126 4667 Paulo
3159 4620 3245 4667 est
3276 4613 3451 4667 instar

1863 4706 2097 4761 nutricis
2137 4706 2444 4760 infantibus
2467 4748 2481 4771 ,
2516 4713 2568 4760 et
2613 4704 2750 4759 lacte
2787 4702 2962 4758 nutrit
3004 4719 3100 4758 eos
3129 4704 3223 4774 qui
3258 4719 3451 4760 recens

1866 4801 1979 4855 nati
2014 4808 2145 4857 sunt
2176 4801 2230 4854 in
2274 4800 2552 4863 Ecclesia,
2587 4799 2699 4853 duo
2738 4799 2909 4854 ubera
2951 4798 3116 4853 simul
3156 4797 3447 4870 congenita

1864 4894 2205 4959 nominavit,
2234 4910 2356 4963 quae
2383 4893 2689 4949 assimilata
2736 4903 2868 4948 sunt
2916 4893 3162 4948 hinnulis
3193 4907 3408 4963 caprea
3430 4934 3446 4957 ,

1864 5002 1961 5056 per
1989 4988 2172 5040 omnia
2214 4986 2521 5041 testiﬁcans
2566 4986 2838 5054 ejusmodi
2888 4987 3138 5042 membro
3188 4984 3448 5041 Ecclesia:

1863 5079 2236 5146 praestantiam
2266 5081 2450 5134 inesse
2476 5079 2553 5132 illi
2584 5096 2597 5132 :
2625 5077 2771 5148 quod
2797 5086 2945 5133 recte
2971 5077 3278 5132 deducatur
3302 5088 3453 5131 utra-

1862 5186 1969 5240 que
1998 5186 2063 5225 ex
2109 5178 2263 5239 parte
2308 5170 2372 5222 ad
2417 5185 2620 5240 pascua
2662 5185 2922 5240 purorum
2966 5170 3245 5231 liliorum,
3285 5176 3449 5224 acute

1862 5280 2095 5320 cernens
2135 5276 2189 5318 et
2229 5265 2553 5320 discernens
2594 5266 2807 5335 spinam
2854 5265 2920 5318 ab
2950 5280 3016 5318 eo
3048 5263 3190 5335 quod
3223 5263 3319 5317 alit
3352 5281 3365 5317 :
3396 5273 3449 5317 et

1864 5358 2011 5427 quod
2054 5346 2305 5413 versatur
2351 5358 2405 5412 in
2449 5374 2512 5412 ea
2561 5359 2756 5412 anima:
2787 5357 3051 5412 facultate
3076 5370 3198 5426 quae
3226 5355 3443 5409 obtinet

1864 5448 2230 5518 principatum
2253 5489 2268 5513 ,
2315 5449 2475 5519 cujus
2512 5464 2611 5504 cor
2653 5457 2740 5503 est
2783 5449 2996 5518 signum
3023 5488 3037 5511 ,
3082 5445 3228 5517 quod
3261 5460 3357 5514 per
3389 5459 3449 5499 sc

1866 5538 1965 5592 alit
1994 5539 2162 5593 ubera
2190 5558 2203 5593 :
2234 5547 2287 5594 et
2317 5537 2465 5609 quod
2510 5539 2566 5591 iu
2606 5537 2690 5593 eis
2728 5553 2837 5592 non
2870 5536 2925 5589 in
2957 5552 3016 5591 se
3046 5534 3280 5589 includit
3306 5547 3439 5604 gra-~

1864 5629 2037 5698 tiam,
2086 5629 2181 5686 sed
2230 5630 2434 5690 praebet
2478 5628 2767 5700 egentibus
2816 5627 2965 5684 verbi
3011 5626 3345 5690 mamillam,
3391 5633 3446 5681 et

3126 5906 3210 5971 30
