3866 6378
471 400 572 455 959

1771 393 1827 449 S.
1862 391 2190 449 GREGORII
2231 393 2520 449 NYSSENI

3638 401 3753 456 ριο

469 528 730 589 tanquam
765 518 948 573 nutrix
983 532 1115 573 suos
1150 515 1295 573 foret
1327 516 1467 572 ﬁlios
1491 556 1505 580 ,
1551 517 1693 572 sicut
1734 515 1969 570 faciebat
1994 523 2047 570 ct

2157 516 2351 587 ἑαυτῆς
2384 518 2570 583 τέκνα,
2613 518 2790 584 καθὼς
2828 521 2997 573 ἐποίει
3047 539 3103 575 τε
3155 523 3249 577 καὶ
3283 522 3467 591 ἔλεγεν
3509 522 3541 575 ὁ
3578 519 3751 575 17:6-

468 610 682 666 dicebat
708 608 1093 679 Apostolus“.
1123 606 1263 663 Cum
1293 616 1472 662 autem
1503 606 1790 678 hucusque
1809 605 2050 661 Verbum

470 702 683 758 laudem
734 701 1089 772 produxisset
1133 701 1505 756 membrorum
1554 698 1849 763 Ecclesiae,
1884 700 1936 754 in
1984 700 2051 753 iis

467 812 586 867 quae
612 796 870 866 deinceps
901 801 1232 866 sequuntur,
1262 793 1432 849 totius
1458 792 1580 862 ejus
1608 794 1860 863 corporis
1886 793 2051 848 simul

469 886 971 951 tacitencomium,
1005 885 1227 957 quando
1281 901 1377 957 per
1428 891 1661 940 mortem
1717 885 2051 940 destruxerit

465 994 588 1033 eum
657 979 753 1050 qui
803 978 1002 1034 mortis
1050 977 1285 1033 habebat
1327 978 1618 1048 imperium
1656 976 1721 1043 σί,
1754 984 1808 1032 et
1852 962 2059 1030 iterunf

466 1073 709 1142 seipsum
762 1069 1049 1126 reduxerit
1097 1070 1166 1125 ad
1216 1086 1374 1127 suam
1421 1071 1651 1141 gloriam
1705 1069 2050 1133 divinitatis,

465 1177 629 1231 quam
677 1162 868 1217 habuit
915 1161 985 1217 ab
1037 1161 1219 1227 initio,
1242 1162 1565 1232 priusquam
1604 1172 1751 1217 esset
1792 1161 2050 1217 mundus.

467 1254 599 1308 Nam
639 1268 765 1309 cum
798 1253 1068 1310 dixisset:
1124 1252 1223 1307 Ibo
1255 1254 1385 1308 mihi
1426 1254 1495 1307 ad
1525 1263 1750 1308 montem
1798 1250 2051 1323 myrrhae,

464 1356 514 1401 et
539 1345 609 1400 ad
648 1344 835 1401 collem
866 1346 1059 1411 thuris,
1087 1345 1291 1416 adjecit
1330 1346 1636 1401 divinitatis
1666 1345 1895 1417 gloriam
1933 1360 2054 1416 qum

468 1439 745 1494 indicatur
780 1454 792 1490 :
829 1438 963 1493 Tota
994 1438 1218 1509 pulchra
1250 1456 1326 1504 es,
1357 1439 1653 1510 propinqua
1682 1455 1819 1504 mea,
1862 1447 1911 1493 et
1947 1455 2055 1491 ma-

465 1532 591 1586 cula
620 1548 723 1586 non
749 1539 827 1585 est
860 1532 915 1584 in
974 1542 1042 1600 te,
1078 1532 1277 1588 docens
1310 1546 1405 1601 per
1431 1545 1492 1585 ea
1528 1545 1646 1600 qum
1679 1536 1686 1541 ’
1715 1530 1858 1584 dicta
1901 1539 2051 1593 sunt,

465 1624 707 1696 primum
747 1622 896 1694 quod
957 1637 1119 1678 nemo
1159 1623 1226 1678 ab
1277 1624 1397 1693 ipso
1437 1622 1581 1678 tollit
1633 1621 1894 1687 animam,
1957 1621 2054 1677 sed

466 1714 633 1768 habet
674 1720 998 1783 potestatem
1040 1712 1277 1783 ponendi
1309 1726 1453 1777 eam,
1515 1716 1570 1765 et
1609 1710 1773 1766 habet
1808 1718 2052 1781 potesta-

468 1814 576 1860 tem
638 1821 837 1861 rursus
878 1804 1181 1875 accipiendi
1236 1816 1384 1870 eam,
1439 1803 1543 1858 sibi
1603 1804 1960 1873 proficiscens
1985 1805 2052 1860 ad

467 1906 708 1951 montem
751 1897 1007 1967 myrrhae,
1058 1912 1164 1951 non
1197 1913 1263 1952 ex
1305 1895 1572 1967 operibus
1614 1896 1839 1962 nostris,
1875 1906 1934 1952 ut
1982 1914 2051 1954 ne

464 1990 733 2061 glorietur
755 1990 923 2054 ullus,
958 1988 1051 2043 sed
1082 2004 1148 2042 ex
1178 2003 1276 2044 sua
1314 1988 1512 2058 gratia,
1546 1987 1858 2058 suscipiens
1911 2005 2051 2044 mor-

467 2092 574 2136 tem
626 2096 725 2152 pro
767 2080 1181 2150 peccatoribus;
1217 2077 1412 2133 deinde
1433 2078 1581 2148 quod
1612 2093 1719 2133 non
1745 2079 1900 2134 aliter
1926 2080 2051 2134 licet

465 2175 721 2228 humanae
757 2186 975 2228 natura!
1008 2170 1231 2242 purgari
1267 2186 1297 2224 a
1321 2170 1557 2233 macula,
1587 2186 1750 2240 quam
1792 2171 1837 2225 si
1876 2186 2049 2240 agnus

464 2267 557 2336 qui
586 2266 723 2319 tollit
758 2274 1043 2336 peccatum
1078 2262 1291 2326 mundi,
1333 2278 1430 2333 per
1463 2278 1521 2317 se
1550 2263 1865 2316 universum
1906 2264 2051 2318 delc-

464 2357 604 2412 verit
643 2357 856 2411 vitium.
897 2356 1000 2422 Qui
1041 2370 1171 2426 ergo
1200 2354 1338 2408 dixit
1367 2373 1379 2408 :
1408 2352 1540 2406 Tata
1574 2352 1795 2421 pulchra
1826 2370 1903 2415 es,
1930 2370 2052 2423 pro-

463 2447 665 2515 pinqua
700 2460 838 2509 mea,
865 2452 913 2497 et
945 2442 1157 2495 macula
1189 2458 1292 2495 non
1334 2450 1408 2494 est
1457 2441 1510 2492 in
1550 2450 1618 2503 te,
1654 2446 1708 2491 ct
1764 2440 2051 2509 subjunxit

467 2537 793 2609 mysterium
833 2533 982 2605 quod
1049 2540 1129 2588 est
1172 2532 1223 2586 in
1267 2531 1547 2602 passione.
1588 2547 1653 2586 ex
1715 2546 1782 2586 eo
1815 2531 1961 2602 quod
1999 2540 2052 2587 et

468 2629 707 2701 myrrhae
743 2625 1083 2697 tenigtnatis,
1129 2633 1184 2678 et
1243 2623 1441 2678 deinde
1491 2622 1669 2677 thuris
1720 2624 2047 2687 meminerit,

465 2735 561 2793 per
599 2717 745 2791 quod
776 2717 1086 2773 ostenditur
1120 2716 1415 2783 divinitas;
1459 2730 1523 2770 eo
1552 2730 1656 2771 nos
1683 2715 1863 2785 docet,
1904 2716 2047 2787 quod

462 2815 555 2885 qui
581 2829 705 2868 cum
732 2814 853 2884 ipso
888 2811 1051 2867 fuerit
1094 2810 1327 2881 myrrha:
1355 2809 1650 2879 particeps,
1692 2809 1917 2863 omnino
1947 2808 2051 2863 erit

463 2907 626 2963 etiam
657 2906 934 2976 particeps
961 2902 1161 2957 thuris.
1191 2899 1324 2954 Nam
1356 2900 1449 2968 qui
1483 2898 1644 2954 fuerit
1670 2914 1792 2953 cum
1832 2914 1896 2954 eo
1928 2915 2051 2969 pas-

464 3012 583 3061 sus,
608 2996 771 3051 simul
797 2995 961 3049 etiam
991 2990 1514 3063 congloriticahitur.
1543 2990 1646 3055 Qui
1679 2999 1859 3044 autem
1883 2991 2050 3045 seruet

465 3089 631 3143 luerit
662 3087 717 3142 in
760 3087 933 3158 gloria
988 3084 1193 3150 divina,
1249 3090 1400 3137 totus
1440 3081 1498 3135 ﬁt
1528 3081 1772 3151 pulcher,
1807 3090 2049 3137 remotus

463 3181 532 3234 ab
560 3180 707 3235 omni
740 3178 952 3234 macula
998 3176 1246 3231 adversa.
1295 3174 1340 3226 Α
1369 3189 1477 3244 qua
1510 3188 1608 3228 nos
1640 3189 1855 3243 quoque
1889 3189 2049 3243 sepa-

465 3287 670 3335 remur,
745 3286 840 3340 per
896 3284 1022 3324 eum
1073 3268 1165 3338 qui
1224 3281 1323 3335 pro
1370 3265 1531 3319 nobis
1582 3277 1829 3321 mortuus
1867 3266 1968 3321 fuit
1999 3276 2052 3321 et

472 3363 793 3427 resurrexit,
843 3360 1029 3416 Issum
1089 3359 1367 3414 Christum
1426 3355 1712 3410 Dominum
1775 3367 2049 3421 nostrum,

480 3454 570 3510 cui
627 3454 880 3509 convenit
917 3453 1086 3524 gloria
1122 3463 1169 3507 et
1206 3449 1495 3515 imperium
1551 3449 1604 3504 in
1641 3453 1836 3505 saecula
1875 3468 2042 3506 saccu—

475 3550 669 3605 lorum.
699 3549 891 3601 Amen.

1013 3730 1297 3786 HOMILIA
1343 3730 1476 3785 Vill.

534 3816 666 3881 CAP.
699 3842 770 3890 ιν,
803 3842 855 3877 ν.
888 3825 941 3878 8.
996 3824 1120 3877 Veni
1150 3842 1181 3876 a
1213 3824 1435 3889 Libano,
1475 3839 1688 3891 sponsa,
1730 3823 1843 3875 teni
1882 3839 1912 3874 a
1951 3818 2048 3873 Li-

471 3925 641 3975 lyana:
678 3917 867 3976 venies.
917 3924 967 3969 et
1012 3914 1264 3985 transibis
1311 3915 1375 3967 ab
1419 3914 1568 3969 initio
1598 3912 1743 3983 ﬁdei,
1791 3929 1822 3966 a
1884 3912 2049 3981 capite

462 4012 626 4067 Sanir
663 4022 712 4065 et
766 4009 1023 4075 Ilermon,
1059 4026 1086 4063 e
1131 4003 1392 4077 speluncis
1430 4009 1663 4072 leonum,
1709 4025 1737 4061 e
1783 4006 2046 4062 montibus

461 4104 771 4177 pardorum.
799 4101 851 4154 9.
879 4099 983 4155 Cor
1010 4099 1254 4153 indidiin
1271 4097 1440 4168 nobis,
1458 4116 1610 4154 soror
1632 4110 1814 4153 nostra
1830 4095 2044 4169 δῇοιιεα.

464 4195 569 4249 Cor
604 4193 848 4247 indidisti
877 4191 1025 4246 nobis
1064 4208 1167 4245 uno
1193 4208 1256 4245 ea:
1288 4191 1452 4245 oculis
1484 4192 1611 4255 tuis,
1644 4201 1692 4246 et
1716 4192 1767 4244 in
1803 4208 1908 4245 una
1937 4202 2044 4246 tor-

459 4305 557 4360 que
583 4288 705 4342 colli
737 4286 831 4341 tui.

531 4381 759 4453 Magnus
795 4379 1107 4450 Apostolus,
1159 4377 1251 4448 qui
1310 4392 1533 4447 magnas
1594 4376 1658 4431 ad
1724 4358 2044 4435 Corinthios

458 4475 737 4529 recensuit
762 4473 1020 4534 visiones,
1053 4472 1120 4525 de
1148 4484 1247 4525 sua
1279 4476 1473 4523 natura
1500 4468 1633 4522 dicit
1665 4484 1724 4523 se
1767 4469 2040 4535 dubitare,

459 4573 678 4622 essetne
732 4579 934 4633 corpus
983 4577 1051 4617 an
1103 4561 1476 4631 intelligentia,
1526 4569 1769 4631 tempore
1828 4563 2045 4617 tradita:
2078 4571 2121 4625 1)

462 4653 609 4707 illius
642 4652 706 4705 ad
737 4652 995 4723 mysteria
1025 4650 1447 4706 introductionis
1479 4649 1664 4715 :llaac,
1701 4650 1899 4721 inquit,
1959 4662 2042 4707 te-

463 4741 691 4807 stiﬁcor,
721 4742 865 4812 quod
892 4757 979 4796 me
1000 4742 1242 4796 nondum
1274 4742 1511 4796 arbitror
1538 4743 2041 4812 comprehendisse,

462 4833 559 4890 sed
591 4833 657 4887 ad
680 4848 744 4887 ea
771 4848 892 4903 qua:
913 4842 1041 4889 sunt
1071 4832 1346 4887 anteriora
1379 4833 1668 4895 extendor,
1708 4851 1897 4889 eorum
1922 4852 2043 4902 quae

458 4930 615 5003 prius
678 4940 898 4999 peracta
937 4935 1065 4984 sunt
1129 4925 1569 4993 obliviscens“;
1608 4926 1819 4983 scilicet
1878 4929 2041 4982 etiam

457 5030 582 5093 post
619 5021 840 5074 tertium
872 5018 1007 5072 illud
1045 5017 1245 5073 cmlum
1294 5015 1440 5087 quod
1481 5015 1598 5085 ipse
1665 5018 1818 5072 solus
1886 5019 2040 5073 novit

459 5114 674 5185 (neque
703 5111 848 5167 enim
864 5111 1087 5182 Moyses
1116 5109 1184 5163 de
1212 5124 1277 5163 eo
1305 5108 1546 5162 narravit
1580 5109 1634 5162 in
1667 5110 1855 5164 mundi
1889 5125 2041 5165 crea-

455 5207 687 5276 tione);
721 5212 775 5261 et
805 5212 1095 5275 postquam
1133 5201 1569 5256 audivit'arcana
1614 5203 1894 5273 mysteria,
1938 5203 2036 5256 ad-

454 5299 563 5353 huc
595 5297 759 5352 altius
786 5297 984 5367 pergit,
1017 5304 1072 5350 et
1106 5309 1213 5349 non
1245 5302 1425 5349 cessat
1463 5293 1786 5358 ascendere,
1831 5294 2035 5348 bonum

452 5387 596 5456 quod
628 5385 1110 5456 comprehenditur
1142 5399 1420 5455 nunquam
1449 5399 1573 5439 esse
1598 5383 1807 5439 ducens
1846 5385 2040 5438 terrui-

453 5496 581 5533 num
618 5478 974 5549 cupiditatis:
1013 5493 1108 5547 per
1140 5477 1275 5541 haec,
1311 5486 1370 5530 ut
1399 5475 1616 5545 opinor,
1670 5489 1771 5530 nos
1803 5474 2033 5539 docens,

452 5571 597 5637 quod
634 5571 810 5627 beata:
837 5572 985 5628 illius
1010 5573 1281 5628 bonorum
1310 5578 1519 5623 naturae
1546 5567 1779 5621 multum
1811 5567 2030 5638 quidem

459 5669 538 5712 est
569 5661 716 5731 quod
754 5664 1070 5729 invenitur;
1123 5661 1353 5715 infinitis
1416 5666 1599 5713 autem
1658 5658 1909 5729 partibus
1949 5668 2037 5739 est

528 5841 571 5873 ⁶⁰
598 5845 613 5897 1
644 5843 837 5898 Thess.
884 5861 944 5909 ιι,
979 5846 1028 5897 '7.
1110 5846 1151 5876 ‘”
1189 5843 1230 5897 ll
1262 5844 1389 5898 Cor.
1426 5856 1523 5905 xu,
1552 5843 1571 5895 l
1614 5857 1768 5910 seqq.

2156 608 2359 672 στολος.
2412 609 2565 664 Μετά
2598 611 2654 664 δὲ
2686 613 2889 666 τούτων
2915 613 3021 667 τῶν
3065 614 3240 686 μελῶν
3269 616 3364 687 τῆς
3416 612 3754 684 Ἔκκλησίας

2156 700 2487 770 προαγαγὼν
2504 703 2530 754 ό
2561 701 2730 770 Λόγος
2747 703 2836 756 τὸν
2854 704 3090 769 ἔπαινον,
3106 708 3164 758 ἐν
3180 707 3290 771 τοῖς
3317 704 3514 775 ἑφεξῆς
3544 703 3756 758 όλοσώ-

2157 808 2326 860 ματον
2354 796 2584 847 ποιεῖται
2616 796 2784 867 αὐτῆς
2822 796 2881 849 τὸ
2914 797 3208 868 ἐγκώμιον,
3239 797 3367 852 ὅταν
3391 796 3477 851 διὰ
3512 797 3608 850 τοῦ
3642 796 3750 850 θα.-

2154 883 2312 936 νάτου
2347 886 2667 957 καταργήσῃ
2698 886 2787 939 τὸν
2815 886 2876 939 τὸ
2902 889 3100 959 κράτος
3125 889 3314 961 ἔχοντα
3344 889 3439 942 τοῦ
3466 887 3709 942 θανάτου
3730 903 3749 916 ·

2155 973 2250 1027 καὶ
2281 975 2442 1028 πάλιν
2485 978 2806 1051 ἑπαναγάγῃ
2848 978 3038 1032 ἑαυτὸν
3083 981 3219 1051 πρὸς
3259 980 3357 1052 τὴν
3402 979 3541 1033 ἰδίαν
3581 980 3753 1046 δόξαν

2154 1066 2253 1137 τῆς
2292 1065 2567 1138 θεότητος,
2603 1068 2670 1139 ῆν
2722 1066 2868 1142 εἶχεν
2907 1072 3002 1123 ἀπ’
3033 1072 3213 1143 ἀρχῆς
3260 1073 3364 1143 πρὸ
3400 1072 3494 1125 τοῦ
3539 1073 3755 1143 κόσμον

2154 1156 2312 1215 εἶναι.
2366 1161 2550 1215 Εἰπὼν
2582 1163 2800 1234 γὰρ,ὅτι
2846 1166 3221 1234 Πορεύσομαι
3258 1163 3491 1234 ἐμαυτῷ
3539 1167 3631 1229 εις
3679 1166 3753 1219 τὸ

2156 1252 2293 1321 ὅρος
2331 1251 2442 1321 τῆς
2476 1256 2771 1322 σμύρνης,
2829 1257 2927 1309 καὶ
2967 1259 3055 1323 εἰς
3098 1256 3206 1310 τὸν
3228 1257 3461 1322 ,ϐουνὸν
3489 1256 3599 1311 τοῦ
3650 1259 3752 1311 ,ιι-

2156 1343 2362 1410 ϐἁνου,
2400 1346 2498 1418 τὴν
2536 1345 2693 1410 δόξαν
2722 1347 2821 1417 τῆς
2856 1348 3109 1419 θεότητος
3141 1348 3514 1420 ἐνδειξάμενος
3537 1347 3753 1421 προσέ-

2155 1435 2352 1507 θηκεν·
2386 1438 2537 1504 Ὀλη
2591 1435 2748 1506 καλὴ
2797 1435 2870 1502 εἴ,
2915 1441 3185 1506 πλησίον
3223 1440 3361 1510 μοῦ,
3403 1439 3503 1493 καὶ
3534 1438 3755 1510 μῶμος

2155 1529 2264 1581 οὐκ
2300 1528 2473 1583 ἔστιν
2522 1531 2592 1584 ἐν
2643 1531 2761 1592 σοί.
2804 1532 3071 1585 διδάσκων
3121 1533 3210 1587 διὰ
3253 1533 3359 1588 τῶν
3406 1533 3748 1605 εἰρημένων,

2157 1620 2371 1691 πρῶτον
2427 1621 2523 1690 μὲν
2575 1623 2655 1675 ὅτι
2684 1622 2857 1685 οὐδεὶς
2900 1623 3044 1695 αἴρει
3089 1624 3185 1696 τὴν
3223 1624 3399 1697 ψυχὴν
3442 1625 3610 1679 αὐτοῦ
3648 1628 3752 1680 ἀπ’

2155 1712 2341 1778 αύτοῦ,
2397 1713 2511 1766 ἀλλ’
2565 1714 2810 1778 ἐξουσίαν
2852 1715 2964 1787 ἔχει
3005 1717 3170 1770 θεῖναι
3209 1716 3397 1789 αὐτὴν,
3438 1718 3533 1771 καὶ
3585 1718 3747 1786 ἔξω·

2158 1804 2275 1856 σίαν
2322 1803 2434 1875 ἔχει
2467 1806 2628 1858 πάλιν
2674 1806 2856 1859 λαϐεῖν
2903 1807 3090 1879 αὐτὴν,
3142 1809 3503 1879 πορευόμενος
3556 1810 3752 1882 ἐαυτῷ

2157 1894 2249 1948 ἐπὶ
2278 1894 2339 1948 τὸ
2372 1895 2496 1967 ὅρος
2532 1897 2630 1968 τῆς
2662 1897 2927 1968 σμύρνης,
2959 1899 3059 1951 ούκ
3090 1899 3156 1952 ὲκ
3182 1898 3290 1952 τῶν
3325 1901 3615 1971 ἡμετέρων
3649 1902 3751 1974 ἔρ-

2157 2003 2289 2055 γων,
2323 1988 2411 2041 ἵνα
2439 1989 2513 2059 μή
2547 2006 2630 2052 τις
2673 1991 3033 2061 καυχήσηται,
3083 1990 3195 2044 ἀλλ’
3229 1990 3289 2056 ἐξ
3330 1992 3465 2056 ίδίας
3493 1994 3747 2065 χάριτος,

2154 2080 2245 2132 τὸν
2301 2080 2442 2152 ὑπὲρ
2494 2081 2601 2134 τῶν
2651 2082 2987 2153 ἁμαρτωλῶν
3039 2082 3430 2154 ἀναδεξάμενος
3484 2084 3749 2139 θάνατον·

2155 2173 2340 2229 ἔπειτα
2435 2170 2493 2225 δὲ
2541 2172 2621 2225 ὅτι
2686 2174 2786 2225 οὐκ
2834 2172 2979 2225 ἔστιν
3032 2172 3206 2236 ἄλλως
3252 2173 3588 2246 καθαρθῆναι
3649 2174 3750 2228 τοῦ

2161 2260 2351 2332 μώμου
2381 2261 2479 2334 τὴν
2522 2263 2867 2335 ἀνθρωπίνην
2917 2264 3097 2332 φύσιν,
3153 2266 3226 2338 μὴ
3270 2264 3362 2318 τοῦ
3418 2261 3590 2335 ἀμνοῦ
3645 2266 3747 2319 τοῦ

2158 2351 2401 2421 αἴροντος
2428 2353 2523 2422 τὴν
2550 2354 2822 2424 ἁμαρτίαν
2864 2353 2955 2406 τοῦ
2990 2354 3194 2425 κόσμου
3222 2357 3399 2409 πᾶσαν
3442 2356 3507 2409 δι’
3540 2357 3748 2429 ἑαυτῆς

2157 2443 2255 2513 τὴν
2300 2446 2498 2499 κακίαν
2546 2445 2984 2515 ἑξαφανίσαντος.
3018 2447 3211 2501 Τοίνυν
3247 2447 3436 2513 είπὼν,
3465 2450 3548 2502 ὅτι
3581 2449 3744 2516 Ὀλη

2158 2535 2316 2605 καλὴ
2349 2533 2422 2601 εἶ,
2460 2539 2727 2605 πλησίον
2760 2538 2901 2608 μοῦ,
2941 2538 3038 2593 καὶ
3083 2537 3288 2608 μῶμος
3319 2542 3428 2594 οὐκ
3459 2540 3641 2595 ἔστιν
3679 2542 3749 2595 ὲν

2157 2629 2259 2681 σοι
2281 2645 2295 2659 ’
2340 2630 2432 2681 καὶ
2463 2628 2760 2698 ἐπαγαγὼν
2795 2629 2855 2683 τὺ
2899 2630 3040 2684 κατὰ
3088 2630 3149 2683 τὸ
3196 2632 3363 2695 πάθος
3413 2635 3745 2703 μυστήριον,

2157 2717 2247 2772 διὰ
2289 2718 2381 2773 τοῦ
2431 2721 2572 2773 κατά
2627 2719 2724 2791 τὴν
2776 2718 3022 2791 σμύρναν
3074 2721 3427 2791 αἰνίγματος,
3486 2719 3611 2776 εἶτα
3654 2723 3744 2776 τοῦ

2157 2803 2373 2858 λιϐάνου
2433 2806 2737 2877 μνησθεὶςξ
2797 2806 2862 2860 δι’
2923 2801 2984 2861 οὗ
3040 2807 3101 2862 τὸ
3160 2808 3300 2863 θεῖον
3367 2810 3742 2865 ὲνδείκνυται’

2155 2897 2329 2969 τούτῳ
2386 2897 2628 2953 παιδεύει
2672 2902 2849 2972 ἡμᾶς,
2908 2900 2990 2954 ὅτι
3033 2902 3061 2954 ὁ
3112 2901 3512 2973 συμμετασχὼν
3588 2906 3742 2977 αὖτῷ

2156 2992 2255 3060 τῆς
2305 2990 2569 3063 σμύρνης,
2622 2992 2952 3063 συμμεθέξει
3002 2995 3218 3059 πάντως
3281 2997 3377 3049 καὶ
3431 2996 3525 3049 τοῦ
3583 2997 3742 3053 λιϐά-

2156 3098 2268 3135 νου.
2326 3082 2385 3135 '0
2432 3081 2540 3153 γὰρ
2601 3083 2900 3154 συμπαθὼν
2945 3084 3036 3138 καὶ
3067 3085 3439 3153 συνδοξάζεται
3493 3091 3735 3156 πάντως.

2169 3173 2227 3225 ’0
2255 3172 2311 3226 δὲ
2344 3174 2491 3238 ἅπαξ
2519 3177 2576 3228 ὲν
2613 3177 2679 3246 τῇ
2713 3175 2831 3248 θεία
2865 3175 2989 3249 δόξῃ
3027 3181 3339 3250 γενόμενος,
3370 3180 3487 3244 ὅλος
3526 3183 3738 3249 γίνεται

2156 3266 2349 3332 καλὸς,
2405 3266 2510 3334 ἔξω
2566 3267 2662 3321 τοῦ
2722 3270 3099 3343 ἀντικειμένου
3165 3272 3356 3343 μώμου
3421 3276 3734 3347 γενόμενος.

2153 3354 2238 3431 0ὗὶ
2289 3359 2382 3412 καὶ
2441 3362 2601 3431 ἡμεῖς
2651 3362 3050 3435 χωρισθείημεν
3106 3366 3193 3418 διὰ
3235 3365 3328 3419 τοῦ
3386 3367 3530 3439 ὑπὲρ
3580 3369 3737 3439 ἡμῶν

2152 3450 2514 3515 ἀποθανόντος
2540 3453 2632 3505 καὶ
2659 3453 2979 3526 ὲγερθέντος
3021 3457 3256 3528 Χριστοῦ
3301 3458 3473 3529 Ἰησοῦ
3502 3460 3594 3513 τοῦ
3630 3463 3738 3515 Κυ-

2157 3544 2272 3613 ρίου
2304 3542 2481 3615 ἡμῶν,
2513 3536 2557 3611 ᾧ
2588 3545 2791 3616 πρέπει
2824 3546 2857 3617 ἡ
2899 3545 3024 3610 δόξα
3052 3548 3145 3600 καὶ
3178 3549 3237 3601 τὸ
3276 3549 3472 3619 κράτος
3505 3553 3584 3614 εἰς
3612 3552 3740 3614 τοὺς

2152 3632 2353 3697 αἰῶνας
2382 3634 2489 3688 τῶν
2515 3635 2744 3691 αἰώνων,
2798 3638 2989 3708 Ἀμήν.

2758 3730 3000 3783 ΟΜΙΛΙΑ
3052 3733 3134 3784 Η⁹.

2221 3819 2403 3889 Δεῦρο
2448 3820 2564 3873 ἀπὸ
2602 3819 2885 3882 Λιϐάνου,
2919 3826 3145 3894 νύμφη,
3181 3824 3357 3893 δεῦρο
3402 3825 3520 3879 ἀπὸ
3564 3827 3732 3882 Λιϐά-

2150 3927 2261 3964 νου
2283 3928 2295 3940 ·
2329 3911 2579 3979 ἐνιεύσῃ,
2613 3913 2711 3965 καὶ
2746 3912 3030 3984 διελεύσῃ
3074 3914 3177 3969 ἀπ’
3220 3916 3412 3985 ἀρχῆς
3452 3918 3728 3981 πίστεως,

2151 4001 2269 4055 ἀπὸ
2311 4001 2584 4071 κεφωῑῆς
2628 4003 2829 4072 Earin
2865 4005 2963 4058 καὶ
3016 4005 3259 4074 Ἐρμὼν,
3308 4005 3425 4059 ἀπὸ
3456 4006 3732 4077 μανδρῶν

2148 4094 2446 4156 λεόντων,
2490 4093 2609 4147 ἀπὸ
2660 4094 2847 4162 ὀρέων
2902 4094 3271 4165 παρδάλεων.
3338 4097 3727 4165 Ἐκαρδίωσας

2150 4184 2335 4253 ἡμᾶς,
2370 4185 2604 4255 ἀδελφή
2645 4205 2763 4256 μου
2792 4189 2994 4257 νύμφη
3016 4204 3030 4218 θ
3061 4188 3431 4257 ἐκαρδίωσας
3460 4190 3621 4258 ἡμᾶς
3646 4191 3724 4245 ἑνί

2148 4277 2267 4333 ἀπὸ
2289 4277 2613 4348 ὀφθαλμῶν
2632 4279 2845 4342 σου,ἐν
2857 4276 2963 4347 μιᾷ
2974 4278 3244 4348 ἑνθέματι
3274 4278 3582 4348 τραχήλου
3598 4298 3723 4335 σου.

2231 4372 2289 4425 Ὀ
2344 4371 2442 4432 τάς
2494 4366 2734 4442 μεγάλας
2780 4372 3046 4434 ὀπτασίας
3094 4370 3377 4435 διεξελθὼν
3431 4371 3571 4441 πρὸς
3612 4373 3724 4432 τοὺς

2150 4458 2492 4529 Κορινθίους,
2540 4463 2567 4513 ὁ
2604 4461 2774 4531 μέγας
2816 4460 3158 4524 Ἀπόστολος,
3193 4461 3280 4513 ὅτε
3314 4460 3405 4513 καὶ
3436 4461 3722 4531 ἀμφίϐολος

2151 4554 2278 4625 περὶ
2311 4553 2411 4623 τῆς
2445 4554 2639 4607 ἑαυτοῦ
2673 4554 2885 4623 φύσεως
2914 4550 3287 4624 ἔφησενεῖναι,
3315 4555 3425 4607 εἴτε
3460 4554 3621 4625 σῶμα
3643 4550 3718 4624 ἦν,

2146 4645 2255 4698 εἴτε
2288 4645 2488 4716 νόημα,
2511 4648 2566 4696 ἐν
2589 4646 2665 4716 τῷ
2686 4646 2862 4717 καιρῷ
2891 4646 2990 4717 τῆς
3014 4648 3071 4699 ἐν
3103 4648 3179 4718 τῷ
3196 4647 3505 4719 παραδείσῳ
3533 4666 3718 4719 μυστα-

2146 4737 2354 4807 γωγίας
2375 4775 2392 4800 ,
2420 4734 2589 4789 ταῦτα
2626 4732 3124 4806 διαμαρτυρόμενος
3166 4734 3332 4807 λέγει,
3359 4737 3439 4791 ὅτι
3475 4740 3717 4813 Ἐμαυτὸν

2147 4828 2301 4883 οὔπω
2328 4829 2618 4900 λογίζομαι
2644 4830 3048 4901 κατειληφέναι,
3068 4829 3275 4884 ἀλλ’ἕτι
3294 4834 3407 4894 τοῖς
3426 4831 3713 4904 ἔμπροσθεν

2148 4920 2553 4991 ἐπεκτείνομαι,
2571 4921 2680 4974 τῶν
2710 4922 3185 4993 προδιηνυσμένων
3202 4921 3371 4993 λήθην
3389 4920 3710 4993 ποιούμενος.

2150 5013 2308 5084 δῆλον
2354 5014 2434 5067 ὅτι
2485 5015 2579 5067 καὶ
2610 5015 2746 5085 μετά
2785 5013 2873 5067 τὸν
2915 5014 3097 5086 τρίτον
3142 5013 3366 5085 οὐρανὸν
3413 5016 3636 5079 ἐκεῖνον,
3665 5012 3711 5065 ὃν
3784 5084 3785 5087 η

2150 5107 2312 5171 αὐτὸς
2350 5106 2492 5176 ἔγνω
2545 5108 2705 5179 μόνος
2728 5125 2744 5139 ·
2778 5108 2838 5161 οὐ
2873 5109 2983 5180 γάρ
3022 5126 3072 5161 τι
3116 5109 3355 5180 Μωῦσῆς
3406 5111 3536 5179 περὶ
3567 5106 3708 5163 αύτοῦ

2148 5200 2207 5252 ἐν
2235 5202 2298 5271 τῇ
2333 5200 2689 5272 κοσμογενείᾳ
2711 5199 3035 5271 διηγήσατο·
3066 5201 3158 5253 καὶ
3192 5200 3330 5270 μετά
3356 5202 3454 5273 τὴν
3492 5202 3706 5272 ipsinam
3780 5240 3781 5267 η

2146 5291 2254 5344 τῶν
2283 5290 2375 5345 τοῦ
2407 5292 2739 5364 παραδείσου
2773 5292 3085 5363 μυστηρίων
3116 5293 3398 5361 ἀκρόασιν,
3441 5292 3520 5346 ἔτι
3552 5292 3637 5345 ἐπὶ
3660 5290 3706 5341 τὸ
3778 5324 3779 5357 γ

2146 5383 2419 5454 ἀνώτερον
2451 5384 2607 5450 ἵεται,
2645 5385 2738 5438 καὶ
2782 5384 2842 5437 οὐ
2890 5383 3049 5454 λήγει
3077 5385 3176 5454 τῆς
3206 5384 3542 5449 ἀναϐάσεως,
3577 5382 3702 5437 οὐδὲ·

2146 5490 2275 5527 ποτε
2318 5475 2379 5528 τὺ
2419 5474 2970 5546 καταλαμϐανόμενον
3012 5474 3213 5543 ἀγαθὸν
3247 5477 3368 5546 ὅρον
3403 5475 3502 5544 τῆς
3537 5473 3702 5527 ἐπιθυ·
3774 5516 3775 5535 η

2142 5568 2271 5638 μίας
2307 5567 2647 5639 ποιούμενος,
2687 5565 2974 5629 διδάσκων,
3004 5560 3178 5636 οἶμαι,
3208 5566 3296 5618 διὰ
3319 5562 3523 5618 τούτων
3557 5562 3698 5634 ἡμᾶς.
3772 5602 3773 5625 η

2137 5662 2219 5715 ὅτι
2252 5662 2352 5732 τῆς
2388 5661 2665 5732 μακαρίας
2698 5658 2912 5728 ἐκείνης
2941 5659 3047 5712 τῶν
3072 5658 3289 5728 ἀγαθῶν
3336 5656 3553 5726 φύσεως
3586 5648 3699 5710 mli!
3770 5690 3771 5715 ι

1849 5842 1892 5873 ⁶²
1926 5839 2042 5895 Phil

2157 5878 2162 5894 .
2198 5856 2282 5911 ιιι,
2314 5843 2395 5897 15.
3766 5836 3767 5893 l
