3866 6364
232 358 334 417 9H

1269 352 1334 406 ΙΝ
1358 350 1655 409 (ΙΑΝΤὲΟΑ
1687 350 1960 408 CANTIC.
2005 349 2292 404 HUMILIA
2330 348 2469 403 Vill.

3405 345 3506 400 949
3592 324 3595 331 ’

238 467 346 543 μέν
393 469 509 522 ἐστι
559 467 621 522 τὺ
672 468 760 521 ἀεὶ
810 465 1227 539 εὑρισκόμενον·
1288 466 1711 538 ἀπειροπλάσιον
1768 464 1825 517 δὲ

1953 464 2108 534 najus
2133 463 2279 533 quod
2311 467 2483 516 restat
2520 456 2765 529 quolibet
2792 455 2940 528 quod
2998 453 3506 526 comprehenditur,

232 558 334 613 τοῦ
391 558 623 611 πάντοτε
681 546 1235 629 καταλαμϐανομένου
1285 556 1347 610 τὸ
1410 557 1825 626 ὑπερκείμενον,

236 652 334 707 καὶ
370 650 528 706 τοῦτο
561 653 643 714 είς
673 651 734 704 τὸ
779 651 1029 722 διηνεκὲς
1075 650 1285 719 γίνεται
1314 648 1391 720 τῷ
1432 649 1731 721 μετέχοντι,
1767 648 1826 702 ὲν

237 746 391 815 πάσῃ
424 746 493 814 τῇ
524 744 633 796 τῶν
665 741 880 797 αἰώνων
909 742 1172 814 ἀῖδιότητι
1191 742 1280 796 διὰ
1312 740 1420 795 τῶν
1442 741 1530 794 ἀεὶ⁸
1566 736 1827 810 μειζόνων

238 838 342 908 τῆς
382 835 737 907 ὲπαυξήσεως
788 838 902 898 τοῖς
951 836 1239 907 μετέχουσι
1273 833 1583 905 γινομένης.
1637 833 1694 885 Ὀ
1730 830 1828 902 μὲν

241 929 352 998 γὰρ
404 927 646 998 καθαρὸς
698 926 799 998 τὴν
841 926 1087 997 καρδίαν,
1138 925 1278 979 κατά
1321 924 1420 997 τὴν
1475 921 1682 1000 ἀψευδῆ
1733 919 1826 974 τοῦ

236 1020 514 1074 Δεσπότω
555 1018 760 1090 φωνὴν,
796 1019 899 1091 ὁρᾷ
933 1018 1025 1072 τὸν
1068 1016 1220 1072 Θεὸν.
1266 1017 1354 1071 ἀεὶ
1386 1014 1527 1070 κατὰ
1572 1014 1670 1083 τὴν
1699 1013 1827 1066 ἀνα·-

236 1110 431 1177 λογίαν
458 1110 558 1179 τῆς
586 1107 891 1179 δυνάμεως,
932 1107 1053 1160 ὅσον
1086 1105 1333 1177 χωρῆσαι
1359 1106 1604 1169 δύναται,
1643 1101 1829 1157 τοσοῦ·-

234 1218 334 1255 τον
358 1201 459 1271 τὴν
487 1199 817 1270 κατανόησιν
844 1198 1150 1269 δεχόμενος.
1194 1198 1267 1251 Τὸ
1313 1197 1412 1268 μέν
1453 1213 1536 1249 τοι
1579 1194 1828 1266 ἀόριστόν

234 1311 302 1348 τε
348 1295 443 1347 καὶ
476 1291 848 1363 ἀπερίληπτον
895 1291 995 1359 τῆς
1042 1290 1296 1361 θεότητος
1343 1289 1604 1343 ἐπέκεινα
1649 1287 1829 1356 πάσης

240 1384 604 1455 καταλήψεως
645 1383 909 1454 διαμένει.
957 1377 1034 1438 Οὑ
1066 1383 1176 1454 γάρ
1215 1384 1313 1454 τῆς
1359 1378 1830 1453 μεγαλοπρεπείας

237 1476 344 1546 τῆς
382 1475 541 1545 δόξης
568 1475 669 1527 οὑκ
697 1473 812 1527 ἐστι
850 1473 1045 1545 πέρας,
1093 1470 1277 1537 καθὼς
1304 1474 1333 1526 6
1361 1472 1653 1542 Προφήτης
1690 1486 1829 1541 μαρ-

236 1566 486 1638 τύρεται,
522 1564 681 1618 τοῦτο
718 1564 950 1618 πάντοτε
996 1563 1258 1627 ὡσαύτως
1289 1563 1424 1633 ἔχει,
1472 1563 1530 1615 ὲν
1575 1560 1653 1633 τῷ
1683 1559 1830 1629 αὑτῷ

241 1657 371 1727 ὕψει
398 1655 689 1718 διαπαντὸς
718 1655 1110 1726 θεωρούμενον.
1147 1656 1359 1726 ’Ὠσπερ
1399 1650 1456 1707 δὲ
1484 1654 1577 1707 καὶ
1600 1656 1628 1707 6
1659 1653 1831 1723 μέγας

240 1746 409 1800 Δαϐὶδ
433 1749 461 1800 6
492 1746 589 1810 τὰς
612 1745 782 1807 καλὰς
813 1745 1106 1808 ἀναϐάσεις
1130 1748 1189 1798 ὲν
1210 1747 1275 1817 τῇ
1309 1744 1505 1816 καρδίᾳ
1524 1743 1828 1813 τιθέμενος,

1925 556 2105 612 ethoc
2143 554 2203 608 ﬁt
2237 559 2501 624 perpetuo
2524 553 2573 624 ei
2606 550 2701 621 qui
2732 556 2819 605 est
2848 548 2999 605 illius
3041 549 3339 620 particeps,
3382 562 3506 602 cum

1928 648 1981 701 in
2016 647 2273 701 universa
2302 643 2628 699 saeculorum
2659 640 2969 696 aeternitate
3008 654 3108 710 per
3130 654 3193 696 ea
3230 654 3354 710 quae
3381 645 3504 695 sunt

1927 737 2136 805 majora
2199 750 2415 806 semper
2482 732 2573 787 ﬁat
2640 743 2994 805 augmentum
3068 730 3137 786 iis
3202 733 3298 801 qui
3383 735 3509 785 sunt

1928 829 2244 900 participes.
2276 826 2411 881 Nam
2443 827 2533 881 ille
2565 825 2785 895 quidem
2818 824 3029 879 mundo
3055 825 3221 880 corde
3245 823 3311 888 ⁸³,
3378 836 3510 878 con-

1927 929 2189 992 gruenter
2215 920 2334 974 voci
2361 918 2599 983 Domini,
2656 916 2828 973 Deum
2893 932 3112 986 semper
3147 915 3316 980 videt,
3375 928 3511 970 con-

1928 1008 2208 1063 venienter
2238 1007 2438 1061 virium
2485 1006 2857 1076 proportioni,
2900 1015 3162 1076 quantum
3209 1010 3389 1075 potest
3421 1018 3511 1058 ca-

1930 1116 2080 1171 pere,
2117 1109 2325 1154 tantum
2355 1099 2664 1169 suscipiens
2704 1098 2874 1153 animi
2917 1098 3249 1169 cognitione.
3304 1096 3361 1152 ld
3390 1097 3513 1168 qui-

1930 1192 2054 1247 dem
2081 1199 2229 1247 certe
2265 1189 2754 1260 divinitatisquod
2801 1189 3038 1245 termino
3092 1197 3266 1252 caret,
3314 1197 3368 1244 et
3427 1195 3513 1244 est

1932 1281 2509 1353 ineomprehensibile,
2568 1288 2755 1335 manet
2821 1281 2965 1334 ultra
3024 1294 3243 1334 omnem
3314 1278 3513 1335 mentis

1933 1377 2370 1446 conceptionem.
2412 1375 2469 1430 id
2514 1376 2696 1441 enim,
2735 1375 2896 1443 cujus
2949 1372 3363 1444 magniﬁcentia
3392 1372 3513 1444 glo-

1935 1465 2027 1519 ria}
2058 1480 2167 1519 non
2219 1474 2305 1521 est
2346 1465 2491 1530 ﬁnis,
2533 1465 2673 1518 sicut
2717 1471 2953 1521 testatur
2993 1461 3269 1531 Propheta
3292 1461 3359 1525 “,
3409 1461 3516 1517 hoc

1933 1558 2158 1613 omnino
2191 1558 2445 1613 similiter
2475 1573 2534 1613 se
2596 1557 2758 1612 habet
2791 1564 3054 1627 perpetuo
3104 1553 3517 1610 consideratam

1933 1646 1988 1702 in
2022 1648 2210 1703 eadem
2234 1649 2544 1705 altitudine.
2581 1647 2865 1715 Quomodo
2895 1648 3061 1702 etiam
3088 1660 3320 1717 magnus
3348 1644 3519 1700 David

1934 1742 1991 1795 in
2025 1741 2191 1797 corde
2216 1741 2474 1810 pulchras
2503 1740 2803 1811 disponens
2831 1738 3206 1804 ascensiones,
3244 1745 3301 1794 et
3342 1753 3374 1794 a
3407 1737 3521 1793 vir-

242 1838 342 1892 καὶ⁸
372 1839 435 1891 ἐκ
467 1837 751 1907 δυνάμεως
775 1838 855 1900 εἰς
887 1835 1115 1907 δύναμιν
1144 1836 1231 1890 ἀεὶ
1266 1836 1649 1906 πορευόμενος,
1676 1834 1835 1888 τοῦτο

1953 1843 2057 1889 ,ute
2095 1834 2385 1889 ambulans
2410 1835 2464 1888 in
2493 1834 2752 1888 virtutem
2775 1833 2843 1897 ⁸⁵,
2879 1832 2984 1887 hoc
3020 1831 3087 1886 ad
3126 1830 3299 1886 Deum
3330 1831 3520 1887 excla-

240 1929 386 1998 πρὸς
414 1927 504 1980 τὸν
535 1926 666 1979 Θεὸν
695 1924 958 1996 ἀνεϐόησε
980 1940 993 1954 ·
1015 1925 1191 1983 τὸ,Σὺ
1222 1923 1291 1978 δὲ
1328 1925 1587 1995 ὕψιστος
1610 1927 1706 1989 ἐἰς
1730 1925 1838 1977 τὸν

242 2018 455 2083 αἰῶνα,
490 2018 703 2085 Κύριεθ
740 2015 916 2079 τοῦτο,
956 2010 1128 2086 οἶμαι,
1165 2014 1254 2069 διὰ
1290 2015 1391 2086 τῆς
1421 2018 1601 2087 φωνῆς
1635 2016 1838 2085 ταύτης

246 2111 552 2182 σημαίνων,
583 2109 667 2162 ὅτι
696 2109 754 2160 ὲν
792 2107 942 2179 πάσῃ
967 2110 1034 2177 τῇ
1068 2107 1425 2178 ἀτελευτήτου
1456 2107 1650 2171 αἰῶνος
1674 2106 1838 2161 ἀίδιό-

241 2218 395 2272 τητι,
426 2201 455 2253 6
499 2200 597 2270 μὲν
648 2198 784 2269 πρὸς
822 2199 882 2251 σὲ
910 2198 1120 2270 τρέχων
1148 2199 1341 2252 ἑαυτοῦ
1376 2197 1575 2269 μείζων
1606 2199 1836 2253 πάντοτε

245 2295 347 2349 καὶ
374 2291 647 2361 ἀνώτερος
677 2290 908 2360 γίνεται,
945 2291 1034 2345 ἀεὶ
1063 2290 1151 2343 διὰ
1188 2291 1288 2361 τῆς
1314 2290 1423 2343 τῶν
1459 2290 1679 2360 ἀγαθῶν
1704 2292 1836 2345 ἀνα-

247 2386 465 2447 ϐάσεως
516 2383 794 2452 ἀναλόγως
842 2383 1225 2454 αὐξανόμενος.
1281 2384 1352 2436 Σὺ
1403 2383 1461 2436 δὲ
1514 2385 1541 2436 6
1591 2384 1751 2445 αὐτὸς
1792 2378 1844 2434 εἴ

249 2477 498 2548 ὕψιστος,
530 2478 609 2539 είς
653 2474 746 2528 τὸν
778 2474 953 2528 αἰῶνα
983 2476 1181 2546 μένων,
1210 2474 1462 2527 οὐδέποτε
1492 2471 1843 2545 χθαμαλώτε-

255 2587 350 2642 ρος
395 2572 508 2632 τοῖς
559 2567 768 2622 ἀνιοῦσι
821 2568 1053 2636 φανῆναι
1100 2567 1421 2637 δυνάμενος,
1471 2564 1550 2634 τῷ
1598 2563 1740 2617 κατὰ
1783 2564 1843 2617 τὸ

252 2665 373 2718 ἴσον
398 2660 668 2733 ἀνώτερος
700 2660 929 2713 πάντοτε
957 2660 1049 2713 καὶ
1077 2659 1408 2731 ὑψηλότερος
1439 2654 1577 2711 εἶναι
1609 2658 1707 2727 τῆς
1735 2656 1843 2709 τῶν

178 2764 183 2773 “
254 2754 576 2824 ὑψουμένων
605 2753 908 2823 δυνάμεως.
940 2751 1123 2804 Ταῦτα
1145 2750 1320 2803 τοίνυν
1347 2750 1474 2820 περὶ
1506 2749 1605 2817 τῆς
1632 2748 1844 2816 φύσεως

249 2846 369 2899 τῶν
399 2846 697 2916 ἀφράστων
734 2843 956 2912 ἀγαθῶν
1003 2843 1352 2913 δογματίζειν
1398 2843 1487 2894 τὸν
1528 2839 1858 2916 Ἀπόστολον

256 2934 645 3005 ὑπειλήφαμεν
683 2934 931 3003 λέγοντα,
966 2935 1048 2987 ὅτι
1095 2935 1156 2987 τὸ
1201 2932 1404 3001 ἀγαθὸν
1435 2935 1611 2985 ὲκεῖνο
1638 2930 1844 2999 ὀφθαλ-

258 3028 366 3099 μὸς
391 3028 493 3081 οὑκ
520 3023 648 3089 οἶδε,
679 3026 783 3080 κᾶν
814 3026 902 3080 ἀεὶ
935 3025 1126 3096 βλέπῃ.
1161 3026 1233 3079 Οὑ
1283 3025 1391 3096 γὰρ
1423 3024 1545 3078 ὅσον
1582 3023 1701 3076 ἐστὶ
1726 3022 1846 3093 βλέ-

257 3135 377 3181 πει,
409 3117 523 3170 ἁλλ’
561 3118 685 3172 ὅσον
717 3116 798 3186 τῷ
846 3115 1109 3186 ὀφθαλμῴ
1141 3115 1366 3169 δυνατόν
1413 3116 1531 3167 ὲστι
1567 3112 1841 3179 δέξασθαι.

1938 1926 2143 1980 mavit:
2181 1932 2253 1983 Tu
2306 1938 2480 1983 autem
2537 1929 2822 1982 altissimus
2872 1928 2925 1980 in
2977 1934 3226 1981 (sternam
3281 1940 3354 1986 es,
3414 1921 3524 1975 Do-

1935 2018 2107 2071 mine:
2166 2029 2263 2084 per
2291 2013 2433 2069 hanc
2461 2028 2670 2076 vocem,
2705 2021 2765 2067 ut
2793 2011 3048 2077 arbitror,
3085 2009 3426 2083 signiﬁcans,
3463 2011 3521 2066 in

1938 2105 2194 2159 universa
2223 2105 2409 2160 saeculi
2444 2103 2591 2173 quod
2622 2117 2906 2172 nunquam
2945 2102 3144 2159 desinit
3193 2102 3518 2165 aeternitate,

1940 2197 2034 2266 qui
2076 2197 2141 2251 ad
2205 2204 2257 2251 te
2284 2196 2503 2267 quidem
2533 2195 2731 2260 currit,
2761 2210 2983 2264 semper
3014 2195 3197 2265 seipse
3237 2194 3415 2264 major
3465 2194 3523 2247 ﬁt

1939 2296 1994 2343 et
2017 2286 2308 2349 excelsior,
2342 2302 2437 2355 per
2496 2287 2764 2341 bonorum
2810 2299 3099 2341 ascensum
3133 2284 3526 2340 convenienter

1941 2394 2053 2434 suae
2087 2378 2425 2448 proportioni
2469 2392 2685 2448 semper
2719 2391 2999 2432 crescens.
3049 2374 3133 2429 'l‘n
3164 2383 3346 2431 autem
3378 2373 3523 2430 idem

1942 2487 2001 2527 es
2036 2471 2358 2538 altissimus,
2425 2472 2479 2525 in
2543 2478 2811 2525 aeternum
2851 2485 3101 2533 manens,
3153 2484 3333 2539 neque
3370 2474 3527 2539 potes

1945 2565 2031 2619 his
2088 2544 2185 2633 qui
2238 2563 2546 2618 ascendunt
2582 2561 2814 2618 inferior
2846 2562 3040 2641 videri,
3099 2576 3167 2616 eo
3200 2560 3347 2631 quod
3406 2560 3527 2630 pari

1945 2656 2156 2711 ratione
2205 2669 2423 2725 semper
2456 2654 2729 2709 excelsior
2786 2655 2864 2709 sis
2919 2667 3110 2707 eorum
3148 2653 3374 2716 virtute,
3431 2651 3527 2723 qui

1945 2749 2277 2803 exaltantur.
2313 2746 2439 2802 Haec
2468 2762 2598 2816 ergo
2633 2745 2699 2802 de
2726 2744 3081 2800 ineti‘abilium
3116 2744 3385 2799 bonorum
3433 2758 3530 2800 na-

1947 2848 2069 2894 tura
2117 2848 2359 2895 slatuere
2409 2839 2791 2894 existimamus
2850 2837 3171 2908 Apostolum
3233 2836 3529 2901 dicentem,

1949 2932 2150 2985 bonum
2190 2930 2324 2984 illud
2359 2929 2508 3000 quod
2547 2930 2741 2986 oculus
2789 2944 2900 2983 non
2947 2930 3119 2993 vidit,
3148 2929 3362 2985 etiamsi
3390 2943 3535 2985 sem-

1950 3038 2045 3092 per
2099 3022 2301 3076 videat.
2370 3021 2490 3077 Non
2559 3022 2705 3077 enim
2761 3021 2910 3076 videt
2953 3031 3218 3090 quantum
3278 3028 3386 3085 est,
3434 3019 3534 3077 sed

1949 3125 2212 3185 quantum
2239 3128 2437 3184 capere
2468 3122 2647 3185 potest
2679 3115 2893 3168 oculus.
2928 3112 2993 3167 Et
3022 3113 3174 3169 auris
3210 3127 3322 3167 non
3363 3112 3537 3167 audi-

257 3209 375 3262 Καὶ
400 3203 494 3272 οὖς
522 3208 621 3262 οὐκ
651 3210 873 3279 ἢκουσε,
921 3208 1044 3261 καθ’
1076 3209 1199 3261 ὅσον
1239 3208 1354 3261 ἐστὶ
1401 3207 1461 3260 τὸ
1497 3207 1846 3279 δηλούμενον,

1953 3206 2049 3270 vit,
2090 3207 2216 3262 licet
2253 3207 2442 3262 audiat
2475 3214 2738 3277 quantum
2769 3206 2824 3260 id
2861 3205 3008 3276 quod
3063 3205 3428 3276 signiﬁcatur,
3482 3213 3537 3261 et

256 3298 368 3354 κᾶν
416 3300 647 3354 πάντοτε
695 3300 916 3371 δέχηται
953 3303 1018 3371 τῇ
1069 3302 1204 3371 ἀκοῇ
1240 3300 1331 3353 τὸν
1372 3300 1559 3370 λόγον’
1615 3301 1709 3354 καὶ
1752 3301 1844 3353 ἐπὶ

257 3391 491 3462 καρδίαν
533 3392 627 3445 τοῦ
667 3391 955 3462 ἀνθρώπου
990 3394 1090 3445 οὑκ
1120 3393 1307 3461 ἀνέϐη,
1342 3391 1446 3447 κᾶν
1484 3392 1774 3456 διαπαντὸς
1820 3392 1848 3444 ὁ

258 3482 504 3554 καθαρὸς
531 3486 599 3554 τῇ
638 3483 840 3554 καρδίᾳ
885 3484 1008 3536 ὅσον
1037 3483 1257 3535 δύναται
1288 3483 1459 3555 βλέπῃ
1478 3500 1491 3512 ·
1527 3483 1588 3535 τὸ
1619 3483 1729 3553 γὰρ
1764 3483 1849 3535 ἀεὶ

260 3572 819 3644 καταλαμϐανόμενον
848 3573 956 3627 τῶν
988 3575 1087 3644 μὲν
1123 3576 1685 3645 προκαταληφθέντων
1719 3575 1851 3629 πάν-

258 3684 378 3722 των
407 3666 591 3737 μεῖζόν
618 3667 786 3727 ἐστιν,
813 3667 873 3718 οὑ
905 3667 1010 3736 μὴν
1043 3666 1214 3735 ὁρίζει
1254 3668 1311 3720 ἐν
1351 3666 1529 3737 ἐαυτῷ
1569 3667 1628 3719 τὸ
1660 3666 1852 3736 ζητού-

265 3775 467 3831 μενον’
503 3757 640 3812 ἀλλά
684 3759 745 3812 τὸ
784 3758 956 3827 πέρας
1002 3757 1096 3809 τοῦ
1142 3758 1474 3829 εὑρεθέντος,
1520 3760 1663 3830 ἀρχὴ
1716 3759 1852 3830 πρὸς

261 3850 369 3920 τὴν
396 3849 507 3901 τῶν
536 3848 886 3919 ὑψηλοτέρων
930 3846 1148 3918 εὕρεσιν
1180 3850 1291 3910 τοῖς
1334 3848 1679 3903 ἀναϐαίνουσι
1711 3850 1854 3916 γίνε-

262 3957 384 3996 ται.
410 3941 521 3994 Καὶ
549 3938 674 3992 οὔτε
710 3942 739 3993 6
766 3938 932 3993 ἀνιών
962 3956 1093 3993 ποτε
1125 3940 1358 4003 ἵσταται,
1388 3941 1561 4010 ἀρχὴν
1590 3939 1650 4004 ἐξ
1682 3940 1855 4011 ἀρχῆς

269 4029 738 4103 μεταλαμϐάνων,
762 4028 885 4083 οὔτε
919 4029 1154 4083 τελεῖται
1182 4030 1309 4101 περὶ
1338 4031 1535 4100 ἑαυτὴν
1565 4032 1597 4101 ἡ
1635 4029 1744 4083 τῶν
1771 4030 1857 4083 ἀεὶ

271 4120 542 4196 μειζόνων
574 4123 738 4193 ἀρχή.
782 4122 1051 4175 Οὐδέποτε
1082 4122 1191 4193 γὰρ
1215 4123 1340 4194 περὶ
1365 4122 1472 4176 τῶν
1498 4121 1857 4193 ἐγνωσμένων

266 4217 306 4285 ἡ
336 4214 432 4266 τοῦ
470 4212 709 4276 ἀνιόντος
737 4213 1002 4283 ἐπιθυμία
1046 4213 1280 4278 ἵσταται,
1314 4213 1448 4266 ἀλλά
1483 4213 1571 4267 διά
1615 4212 1859 4284 μείζονος

268 4305 444 4360 πάλιν
477 4305 670 4375 ἑτέρας
719 4304 1011 4375 ἐπιθυμίας
1051 4305 1185 4375 πρὸς
1215 4306 1407 4376 ἑτέραν
1455 4304 1860 4375 ὑπερκειμένην

266 4397 422 4454 κατά
457 4397 518 4449 τὸ
545 4396 741 4466 ἐφεξῆς
773 4396 917 4467 ψυχὴ
943 4396 1187 4460 ἀνιοῦσα,
1218 4396 1447 4449 πάντοτε
1470 4395 1558 4449 διὰ
1583 4396 1691 4450 τῶν
1718 4396 1862 4449 ἀνω-

263 4490 455 4560 τέρων
480 4488 655 4543 ὁδεύει
695 4488 829 4559 πρὸς
863 4488 924 4541 τὸ
955 4489 1221 4556 ἀόριστον.

361 4669 578 4721 Τούτων
604 4667 662 4720 δὲ
711 4668 842 4737 ἡμῖν
874 4666 1016 4718 οὕτω
1048 4664 1412 4735 διῃρημένων,
1450 4662 1639 4735 καιρὸς
1682 4664 1749 4717 ἂν
1781 4666 1867 4734 εἰη

270 4759 604 4833 προσθεῖναι
646 4759 754 4811 τῶν
809 4758 969 4812 θείων
1003 4756 1197 4824 λογίων
1237 4755 1334 4827 τὴν
1386 4754 1639 4826 θεωρίαν.
1687 4755 1868 4823 Δεῦρο

272 4849 409 4909 ἀπὸ
434 4849 712 4914 Λιϐάνου,
735 4849 961 4917 νύμφη,
984 4844 1159 4913 δεῦρο
1185 4844 1304 4898 ἀπὸ
1332 4842 1609 4908 Λιϐάνου,
1640 4842 1867 4910 ἐλεύσῃ

274 4943 391 5000 καὶ
420 4941 704 5009 διελεύσῃ
743 4940 841 4994 ἀπ’
877 4937 1073 5007 ἀρχῆς
1113 4938 1391 5001 πίστεως,
1448 4934 1566 4989 ἀπὸ
1600 4931 1870 5003 κεφαλῆς

277 5034 506 5104 Σανεὶρ
534 5032 633 5086 καὶ
671 5030 918 5101 Ἑρμῶν,
966 5028 1084 5084 ἀπὸ
1121 5025 1403 5098 μανδρῶν
1428 5027 1711 5095 λεόντων,
1748 5025 1869 5080 ἀπὸ

279 5125 478 5195 ὀρέων
522 5121 894 5193 παρδάλεων.
931 5121 996 5174 Τί
1034 5120 1213 5174 τοίνυν
1244 5119 1301 5173 ὲν
1330 5118 1540 5182 τούτοις
1568 5119 1870 5188 ὑπενοήσα-

284 5232 430 5290 μεν;
490 5215 601 5268 Ἀεὶ
649 5213 758 5266 τῶν
800 5212 1020 5282 ἀγαθῶν
1068 5214 1102 5283 ἠ
1153 5211 1304 5282 πηγὴ
1351 5210 1487 5281 πρὸς
1518 5210 1716 5281 ἑαυτὴν
1746 5211 1871 5274 τοὺς

279 5304 562 5377 διψῶντας
585 5302 892 5372 ἐφέλκεται,
926 5301 1105 5366 καθὼς
1138 5302 1195 5355 ὲν
1222 5300 1302 5372 τῷ
1346 5300 1664 5371 Εὑαγγελίῳ
1707 5302 1872 5372 φησὶν

282 5401 331 5472 ἡ
376 5397 557 5467 πηγή·
608 5398 688 5451 ὅτι
722 5395 797 5449 El
824 5411 914 5460 τις
955 5390 1123 5461 διψᾷ,
1165 5391 1429 5462 ἐρχέσθω
1478 5391 1628 5460 πρὸς
1665 5392 1747 5461 μὲ
1774 5391 1875 5446 καὶ

283 5487 534 5548 πινέτω.
594 5488 683 5540 Ἐν
713 5486 923 5548 τούτοις
962 5485 1072 5556 γὰρ
1114 5483 1235 5538 οὗτε
1265 5484 1363 5555 τῆς
1392 5484 1568 5553 δίψης,
1609 5482 1733 5536 οὗτε
1777 5483 1878 5554 τῆς

290 5579 437 5655 πρὸς
485 5579 646 5634 αὑτὸν
678 5577 875 5649 ὁρμῆς,
917 5575 1041 5630 οὕτε
1082 5575 1184 5646 τῆς
1218 5577 1276 5629 ὲν
1303 5574 1382 5646 τῷ
1420 5575 1596 5629 πίνειν
1643 5574 1880 5629 ἀπολαύ-

377 5760 425 5794 ⁶³
464 5753 654 5811 Matth.
690 5772 741 5822 ν,
776 5756 828 5811 8.

1961 3299 2243 3354 auditione
2284 3298 2514 3356 verbum
2568 3307 2749 3369 potest
2778 3299 3003 3353 omnino
3048 3297 3537 3367 comprehendere.

1961 3393 2028 3446 Et
2054 3393 2109 3447 in
2145 3407 2240 3446 cor
2285 3393 2527 3447 hominis
2572 3408 2681 3446 non
2735 3390 3006 3453 ascendit,
3041 3389 3259 3444 tametsi
3297 3404 3538 3458 semper,

1959 3484 2051 3553 qui
2085 3484 2287 3538 mundo
2314 3493 2397 3539 est
2431 3484 2616 3547 corde,
2646 3482 2812 3544 videt.
2840 3490 3108 3551 quantum
3138 3489 3319 3551 potest
3353 3500 3368 3536 :
3412 3495 3541 3535 nam

1959 3575 2106 3644 quod
2146 3590 2364 3644 semper
2410 3575 2919 3643 comprehenditur,
2973 3583 3057 3627 est
3092 3572 3271 3642 majus
3313 3574 3380 3629 iis
3417 3589 3542 3642 qua:

1960 3674 2093 3723 sunt
2137 3667 2558 3734 comprehensa,
2614 3681 2724 3717 non
2766 3672 2948 3717 tamen
2985 3664 3039 3716 in
3096 3678 3156 3718 se
3192 3663 3448 3717 terminat
3484 3662 3542 3718 id

1961 3756 2107 3827 quod
2138 3755 2440 3825 quaeritur:
2486 3755 2579 3810 sed
2622 3755 2745 3808 ﬁnis
2776 3754 2896 3823 ejus
2934 3752 3078 3822 quod
3120 3761 3206 3808 est
3232 3756 3543 3821 inventum,

1964 3845 2022 3900 ﬁt
2048 3845 2377 3916 principium
2409 3844 2838 3899 ascendentibus
2862 3843 2930 3897 ad
2956 3845 3326 3899 inventionem
3349 3860 3541 3901 eorum

1962 3954 2085 4008 quae
2114 3947 2242 3995 sunt
2271 3939 2486 3993 altiora.
2545 3936 2732 4006 Neque
2767 3952 3011 4006 unquam
3046 3952 3125 3991 εει
3154 3936 3304 3991 sistit
3353 3950 3549 3991 ascen-

1964 4031 2121 4095 dens,
2155 4046 2221 4085 ex
2261 4030 2528 4101 principio
2581 4044 2808 4089 sumens
2860 4027 3211 4097 principium,
3249 4042 3428 4097 neque
3491 4026 3549 4081 in

1967 4138 2026 4178 se
2054 4122 2334 4193 perﬁcitur
2369 4136 2560 4176 eorum
2590 4135 2713 4190 qua:
2740 4129 2869 4174 sunt
2892 4134 3109 4188 semper
3143 4118 3377 4188 majora,
3399 4118 3551 4187 prin-

1967 4213 2189 4284 cipium.
2240 4211 2300 4265 in
2357 4212 2423 4267 iis
2455 4212 2598 4266 enim
2639 4226 2761 4280 quae
2814 4218 2945 4264 sunt
2991 4209 3230 4278 cognita,
3266 4222 3548 4279 nunquam

1970 4306 2317 4360 ascendentis
2382 4304 2597 4359 sistitur
2655 4301 3011 4366 drsidcrium,
3073 4302 3169 4357 sed
3216 4317 3313 4372 per
3372 4302 3552 4375 majus

1970 4408 2169 4449 rursus
2216 4393 2548 4448 desiderium
2602 4390 2669 4444 ad
2726 4391 2874 4445 aliud
2938 4392 3245 4460 subjectum
3290 4393 3553 4463 deinceps

1972 4487 2280 4543 ascendens
2314 4486 2516 4549 anima,
2548 4484 2772 4539 omnino
2806 4483 3057 4539 ascendit
3109 4499 3207 4553 per
3244 4484 3444 4540 altiora
3482 4484 3552 4540 ad

1898 4562 1941 4617 ι)
1972 4578 2025 4633 id
2066 4577 2213 4647 quod
2254 4585 2339 4631 est
2369 4575 2735 4631 indeﬁnitum.

2044 4667 2140 4723 His
2163 4674 2342 4722 autem
2375 4668 2535 4722 nobis
2563 4667 2645 4723 sic
2677 4666 2951 4723 distinctis
2985 4681 3050 4721 ac
3082 4665 3297 4735 divisis,
3330 4675 3556 4741 tempus

1971 4768 2057 4815 est
2089 4767 2148 4814 ut
2171 4759 2689 4828 contemplationem
2723 4759 3036 4814 divinorum
3082 4759 3427 4827 eloquiorum
3471 4762 3560 4815 ad-

1968 4848 2231 4920 jiciamus
2264 4866 2277 4903 :
2342 4847 2468 4902 Veni
2509 4865 2540 4901 α
2582 4845 2808 4913 Libano,
2842 4865 3056 4919 sponsa,
3114 4849 3231 4903 veni
3261 4866 3294 4902 a
3328 4848 3555 4912 Libano,

1974 4940 2145 4995 venies
2177 4949 2226 4993 et
2273 4939 2525 4994 transibis
2574 4938 2639 4992 ab
2673 4940 2826 4994 initio
2853 4940 2999 5010 ﬁdei,
3038 4958 3070 4995 a
3109 4941 3280 5009 capite
3316 4939 3480 4995 Sanir
3509 4949 3559 4993 et

1981 5029 2235 5094 Harmon,
2290 5048 2322 5083 a
2357 5030 2543 5084 lustris
2587 5031 2817 5093 leonum,
2851 5048 2885 5085 a
2928 5031 3193 5086 montibus
3240 5029 3556 5099 pardarum.

1978 5120 2120 5188 Quid
2159 5137 2291 5192 ergo
2323 5122 2379 5176 in
2410 5122 2496 5177 his
2540 5122 2702 5179 nobis
2736 5123 2882 5178 venit
2915 5123 2971 5178 in
3019 5121 3297 5178 mentem?
3335 5119 3561 5191 Semper

1981 5215 2103 5272 fons
2133 5215 2405 5271 bonorum
2431 5231 2527 5272 eos
2557 5216 2653 5287 qui
2688 5217 2883 5272 sitiunt
2911 5216 2979 5270 ad
3020 5231 3080 5270 se
3118 5213 3365 5275 attrahit,
3417 5214 3561 5270 sicut

1985 5304 2111 5361 fons
2144 5305 2277 5365 dicit
2302 5306 2357 5359 in
2392 5304 2690 5377 Evangelia
2718 5322 2731 5358 :
2771 5304 2831 5360 Si
2858 5305 2976 5376 quis
3011 5305 3146 5367 silit,
3177 5304 3349 5358 veniat
3389 5303 3460 5357 ad
3481 5319 3563 5357 me

1983 5406 2033 5451 et
2055 5397 2200 5452 bibat
2223 5398 2290 5450 ⁵⁸.
2314 5397 2374 5451 1η
2396 5396 2483 5451 his
2500 5398 2645 5452 enim
2664 5411 2840 5466 neque
2862 5396 3003 5460 sitis,
3025 5410 3202 5465 neque
3224 5395 3564 5450 vehementis

1985 5487 2164 5558 ipsius
2192 5488 2564 5558 appetitionis,
2589 5503 2767 5558 neque
2808 5486 2929 5556 ejus
2961 5501 3083 5556 qua:
3119 5485 3172 5540 in
3200 5484 3439 5541 bibendo
3471 5499 3567 5540 ca—

1985 5579 2134 5650 pitur
2154 5579 2533 5636 delectationis
2563 5578 2712 5636 dedit
2759 5576 3072 5643 terminum,
3117 5577 3212 5633 sed
3244 5576 3568 5635 extensione

921 5760 964 5792 εδ
991 5756 1128 5814 Psal.
1152 5775 1323 5845 chtv,
1377 5754 1425 5810 5.
1507 5755 1550 5786 "
1576 5754 1719 5810 i’sal.
1749 5767 1979 5822 unt”,
2024 5754 2076 5822 6,
2110 5756 2164 5815 8.
2248 5758 2292 5789 ⁸⁸
2320 5756 2479 5812 Joan.
2513 5771 2612 5825 vn,
2640 5754 2734 5813 57.
