3866 6360
478 363 583 419 9m

1757 358 1813 411 S.
1856 357 2049 413 GREG‘

2156 358 2185 411 ll
2252 360 2543 417 NYSSENI
3637 365 3718 420 9“

479 478 737 550 praecepti
779 475 831 528 in
870 483 1211 544 perpetuum,
1264 473 1393 526 facit
1427 472 1865 526 adhortationem
1897 481 1951 526 et
1980 474 2049 525 si-

2158 492 2295 541 σεως
2328 478 2525 533 ἔδωκεν
2573 479 2715 548 ὅρον,
2765 473 2900 529 ἀλλὰ
2930 473 3007 544 τῷ
3054 469 3416 543 παρατατικῷ
3451 469 3549 523 τοῦ
3576 487 3719 542 προσ-

479 569 647 626 tiendi
692 575 746 622 et
786 564 1026 625 bibendi,
1074 571 1127 617 et
1173 562 1379 632 impetu
1412 561 1478 615 ad
1510 578 1635 616 cum
1667 561 2053 617 contendendi.

478 665 548 719 Iis
580 671 759 716 autem
807 660 900 729 qui
935 658 1049 727 jam
1092 663 1407 726 gustarunt.
1458 665 1512 710 et
1546 655 1883 724 experientia
1916 654 2053 707 didiv

476 762 668 809 cerunt
695 751 838 821 quod
874 750 1054 804 bonus
1076 748 1148 803 sit
1167 745 1454 811 Dominus,
1487 754 1681 818 gustus
1713 745 1773 799 ﬁt
1806 745 2054 821 quedam

475 844 643 901 veluti
671 841 986 897 adhortatio
1004 840 1072 895 ad
1101 839 1384 909 amplioris
1408 838 1539 894 boni
1556 836 2054 908 participationem.

476 936 762 1005 Propterea
794 932 1114 989 ascendenti
1145 945 1427 1001 nunquam
1473 929 1658 985 deﬁcit
1695 944 1817 1000 qua:
1846 927 1951 998 ipsi
1998 927 2058 981 ﬁt

474 1025 799 1088 adhortatio,
820 1024 888 1079 ad
919 1023 973 1077 id
1004 1022 1148 1093 quod
1175 1029 1260 1077 est
1280 1019 1458 1089 majus
1490 1021 1717 1076 omnino
1747 1020 2067 1074 attrahens.‘

472 1118 813 1173 Revocemus
854 1117 999 1171 enim
1043 1117 1098 1169 in
1145 1114 1466 1169 memoriam
1503 1113 1617 1183 jam
1663 1127 1806 1184 saepe
1837 1127 2056 1183 sponsa:

474 1211 670 1264 factum
696 1209 749 1263 in
770 1208 1392 1278 iisquze'praecesscrunt
1409 1205 1573 1261 Verbi
1592 1206 2051 1269 adhortationem,

471 1301 706 1355 dicentis
744 1320 756 1354 :
787 1300 933 1364 Veni,
953 1300 1245 1369 propinqua
1266 1314 1401 1351 mea.
1425 1297 1489 1351 Et
1519 1313 1746 1352 rursus:
1778 1296 1904 1351 Veni
1931 1296 2050 1361 huc,

470 1392 712 1447 columba
743 1408 878 1453 mea,
935 1398 989 1444 et
1022 1406 1035 1440 :
1078 1389 1207 1443 Veni
1255 1389 1355 1441 huc
1396 1391 1450 1442 in
1491 1398 1841 1460 tegumentum
1870 1403 2052 1457 petrw.

470 1484 715 1554 Cumque
754 1483 854 1538 bas
879 1491 932 1537 et
957 1480 1228 1551 ejusmodi
1259 1482 1394 1536 alias
1426 1481 1785 1535 adhortantes
1812 1487 1865 1534 et
1894 1488 2056 1533 attra-

472 1576 668 1631 hentes
717 1574 783 1628 ad
831 1574 1100 1643 majorum
1133 1572 1465 1627 desiderium
1511 1572 1578 1627 ad
1626 1573 1865 1627 animam
1892 1586 2055 1626 voces

471 1668 746 1724 emisisset
775 1665 1037 1730 Verbum,
1079 1671 1133 1719 et
1174 1664 1225 1719 ei
1256 1664 1369 1734 jam
1405 1664 1471 1718 ad
1514 1665 1691 1734 ipsum
1733 1662 2054 1719 ascendenti

471 1759 802 1814 testilicatus
836 1765 1003 1821 esset,
1042 1754 1191 1825 quod
1230 1765 1379 1809 esset
1416 1754 1644 1809 omnino
1677 1754 2047 1817 immaculata,

2159 570 2432 639 τάγματος
2485 566 2619 639 πρὸς
2665 566 2725 619 τὸ
2786 564 3028 634 διηνεκὲς
3093 565 3242 615 ποιεῖ
3281 560 3383 631 τὴν
3430 559 3720 630 προτροπὴν

2160 658 2375 712 καὶτοῦ
2408 656 2569 727 sum
2611 659 2704 711 καὶ
2742 656 2836 709 τοῦ
2881 654 3075 717 πίνειν,
3116 655 3211 708 καὶ
3256 653 3351 706 τοῦ
3403 653 3548 723 πρὸς
3582 652 3719 706 αὑτὸν

2157 750 2254 819 τὴν
2283 750 2458 822 ὁρμὴν
2505 749 2667 819 ἔχειν.
2717 750 2840 811 Τοῖς
2887 748 2944 801 δὲ
2985 745 3346 815 γευσαμένοις
3379 744 3514 815 ἢδη,
3560 745 3719 813 καὶτῇ

2158 843 2324 914 πείρα
2358 841 2619 913 μαθοῦσιν
2645 843 2727 895 ὅτι
2771 839 3002 913 χρηστὸς
3028 841 3057 892 ό
3084 839 3312 909 Κύριος,
3339 831 3461 890 οἷόν
3501 852 3586 898 τις
3611 852 3718 905 προ⁴

2157 934 2331 1004 τροπὴ
2364 933 2500 1003 πρὸς
2538 932 2636 1004 τὴν
2688 932 2782 986 τοῦ
2832 932 3075 994 πλείονος
3127 928 3427 999 μετουσίαν
3471 929 3506 997 ἡ
3557 925 3717 994 γεῦσις

2158 1026 2387 1093 γίνεται.
2425 1026 2523 1078 Διὰ
2569 1024 2728 1078 τοῦτο
2770 1023 3022 1077 οὐδέποτε
3054 1021 3229 1074 λείπει
3266 1020 3346 1089 τῷ
3393 1017 3748 1072 ἀναὸαίνοντι·

2156 1120 2190 1186 ή
2237 1117 2492 1187 γινομένη
2524 1116 2660 1187 πρὸς
2690 1116 2850 1169 αὑτὸν
2899 1113 3182 1185 προτροπὴ
3233 1115 3267 1182 ἡ
3316 1112 3557 1164 πάντοτε
3606 1107 3717 1178 πρὸς

2155 1210 2215 1262 τὸ
2268 1209 2448 1280 μεῖζον
2510 1209 2867 1278 ἐφελκομένη.
2938 1204 3412 1276 ’Υπομνησθῶμεν
3467 1201 3577 1271 γὰρ
3637 1198 3719 1267 τῆς

2159 1300 2415 1363 πολλάκις
2445 1302 2500 1353 ἐν
2531 1303 2644 1363 τοῖς
2683 1299 2948 1369 φθάσασιν
2981 1299 3078 1369 ἤδη
3110 1295 3495 1366 γεγενημένης
3536 1306 3717 1364 παρορ-

2160 1395 2377 1463 μήσεως
2408 1393 2556 1463 παρὰ
2582 1391 2676 1446 τοῦ
2700 1390 2872 1458 Λόγου
2901 1394 2967 1463 τῇ
3018 1390 3206 1461 νύμφῃ
3224 1406 3238 1418 ’
3286 1386 3492 1454 Ἐλθέ,
3522 1388 3561 1452 ἡ
3589 1388 3719 1449 πλη-

2156 1487 2295 1539 σίον
2321 1482 2459 1555 me,
2490 1485 2635 1555 λέγει
2656 1502 2670 1516 ο
2702 1488 2795 1537 καὶ
2819 1484 3000 1548 πάλιν,
3029 1482 3230 1550 Δεῦρο,
3250 1479 3580 1549 περιστερά
3599 1497 3717 1548 μου·

2156 1578 2270 1637 καὶ,
2317 1575 2496 1645 Δεῦρο
2528 1576 2820 1643 ’σεαυτὴν
2860 1576 2929 1627 ἐν
2960 1573 3155 1642 σκέπῃ
3202 1572 3278 1641 τῇ
3329 1571 3583 1639 πέτρας.
3627 1570 3718 1621 Καὶ

2154 1668 2318 1731 ἄλλας
2342 1670 2593 1731 τοιαύτας
2620 1668 2802 1736 φωνὰς
2836 1666 3235 1738 προτρεπτικάς
3268 1683 3326 1719 τε
3357 1666 3462 1718 καὶ
3489 1661 3716 1722 ἑλκτικάς

2154 1757 2252 1827 τῆς
2280 1758 2387 1810 τῶν
2416 1756 2675 1827 μειζόνων
2704 1756 2998 1826 ἐπιθυμίας
3019 1758 3047 1809 ό
3074 1756 3246 1824 Λόγος
3274 1755 3418 1826 πρὸς
3444 1754 3548 1825 τὴν
3566 1754 3719 1822 ψυχὴν

471 1851 693 1907 dicens:
733 1850 868 1905 Tota
912 1849 1133 1917 pulchra
1172 1865 1248 1910 es,
1299 1856 1347 1901 et
1389 1848 1600 1900 macula
1647 1863 1753 1901 non
1792 1849 1953 1902 estin
1985 1857 2049 1913 te,

2157 1849 2544 1919 ποιησάμενος,
2591 1848 2684 1901 καὶ
2732 1850 3084 1920 μαρτυρήσας
3127 1847 3229 1919 ήδη
3270 1850 3337 1918 τῇ
3392 1847 3537 1918 πρὸς
3581 1845 3717 1898 αὑτὸν

471 1959 539 1997 ne
578 1944 677 1997 hoc
712 1941 1028 1997 testimonio
1066 1942 1208 1995 elata
1255 1947 1309 1994 et
1346 1938 1488 1995 facta
1522 1940 1852 1995 insolentior
1882 1942 2051 2009 impe-

469 2034 697 2097 diretur,
729 2046 840 2103 quo
876 2033 1057 2086 minus
1084 2032 1405 2087 ascenderet
1444 2030 1510 2085 ad
1538 2032 1757 2096 altiora,
1789 2048 1886 2102 per
1910 2033 2053 2087 hanc

469 2121 797 2176 adhortandi
831 2136 1016 2177 vocem
1048 2137 1245 2176 rursus
1273 2121 1601 2177 adhortatur
1622 2122 1689 2176 ad
1715 2121 2050 2177 desiderium

468 2230 650 2271 rerum
683 2230 1065 2285 supernarum,
1110 2213 1335 2270 dicens:
1387 2214 1502 2269 Huc
1533 2231 1565 2268 a
1602 2214 2048 2285 Libano,sponsa.

469 2305 584 2362 Hoc
609 2316 793 2361 autem
823 2307 968 2377 quod
1000 2306 1205 2361 dicitur
1234 2315 1317 2362 est
1348 2306 1615 2377 ejusinodi
1638 2304 1838 2361 :Recte
1862 2315 2051 2362 secuta

470 2413 551 2465 es,
595 2396 772 2468 inquit
839 2398 895 2452 in
952 2398 1407 2468 praecedentibus,
1464 2398 1663 2454 venisti
1717 2413 1932 2453 mecum
1993 2400 2049 2452 in

470 2499 709 2546 utentem
751 2491 1005 2560 myrrhze.
1049 2490 1380 2560 Consepulta
1439 2490 1582 2545 enim
1636 2489 1787 2545 fuisti
1838 2506 2051 2545 mecum

470 2598 567 2654 per
609 2582 937 2653 baptismum
986 2584 1040 2637 in
1077 2590 1329 2636 mortem.
1384 2580 1557 2635 Simul
1614 2599 1825 2637 mecum
1886 2585 2051 2638 etiam

469 2670 765 2727 ascendisti
810 2671 862 2724 in
891 2671 1085 2726 collem
1118 2671 1320 2725 thuris.
1354 2669 1488 2725 Nam
1525 2673 1945 2739 eonsurrexisti,
1998 2682 2053 2729 et

468 2762 522 2816 in
551 2763 719 2816 altum
767 2761 918 2818 fuisti
952 2764 1167 2818 sublata
1209 2765 1264 2817 in
1296 2765 1681 2821 communione
1721 2766 2049 2831 divinitatis,

468 2868 631 2923 quam
666 2853 908 2909 ostendit
957 2870 1159 2909 nomen
1195 2855 1396 2909 thuris.
1435 2856 1686 2911 Ascende
1738 2872 1868 2928 ergo
1916 2857 2050 2911 mihi

470 2945 634 3000 etiam
667 2946 735 2999 ab
768 2945 853 2999 his
880 2946 1159 3001 montibus
1200 2947 1253 3000 iu
1286 2948 1423 3003 alios
1467 2957 1703 3014 montes,
1757 2950 2051 3019 proﬁciens

470 3043 525 3090 et
572 3036 627 3089 in
682 3035 850 3089 altum
902 3044 1091 3091 evecta
1144 3052 1242 3105 per
1292 3036 1598 3092 evidentem
1653 3040 2047 3109 cognitionem.

472 3126 609 3192 Huc,
653 3128 851 3197 inquit,
908 3141 938 3181 a
989 3126 1221 3191 Libano,
1277 3142 1388 3182 non
1433 3129 1670 3198 amplius
1710 3130 1777 3184 ad
1830 3133 2050 3203 nuptias

467 3222 660 3289 petita,
701 3219 797 3275 sed
825 3233 1026 3288 sponsa
1057 3219 1242 3287 potius
1271 3219 1354 3273 vei
1383 3228 1572 3289 nupta.
1614 3220 1730 3275 Non
1755 3223 1901 3276 enim
1934 3222 2049 3276 ﬁeri

470 3317 672 3379 potest,
703 3317 759 3361 ut
783 3322 997 3362 mecum
1044 3309 1168 3361 vita:
1212 3307 1667 3363 consuetudinem
1724 3311 1920 3365 habeat
1950 3312 2049 3366 ali-

468 3402 617 3471 quis,
666 3400 770 3453 nisi
824 3415 919 3469 per
966 3399 1160 3454 mortis
1214 3400 1493 3470 myrrham
1551 3408 1952 3457 transmutetur
1985 3403 2051 3457 ad

469 3493 647 3548 thuris
669 3490 1030 3547 divinitatem.
1060 3492 1329 3558 Quoniam
1357 3494 1470 3562 jam
1497 3496 1562 3547 ad
1587 3494 1727 3548 hanc
1757 3497 2050 3565 pervenisti

469 3584 831 3649 altitudinem,
887 3600 955 3638 ne
995 3592 1109 3639 stes
1139 3583 1463 3649 ascendens,
1509 3593 1568 3639 ut
1604 3602 1725 3657 quae
1766 3588 1878 3656 jam
1926 3604 2053 3658 pro-

469 3683 655 3745 pterea
724 3674 1039 3744 perveneris
1095 3673 1162 3727 ad
1223 3674 1635 3744 perfectionem.
1698 3677 1849 3733 Fidei
1905 3680 2050 3733 enim

470 3768 798 3837 principium
834 3766 933 3821 tibi
961 3774 1047 3822 est
1095 3766 1197 3821 hoc
1222 3768 1371 3831 thus,
1403 3771 1563 3839 cujus
1598 3770 1748 3825 fuisti
1778 3774 2051 3842 particeps

475 3875 570 3928 per
595 3860 1078 3923 resurrectionem,
1113 3858 1444 3929 principium
1475 3870 1559 3916 est
1582 3875 1763 3916 autem
1798 3879 2050 3932 progres-

474 3949 557 4004 sui
618 3949 685 4002 ad
743 3949 883 4003 bona
928 3948 1256 4002 excelsiora.
1309 3949 1392 4001 Ab
1429 3950 1532 4005 hoc
1580 3968 1709 4021 ergo
1754 3955 2047 4023 principio,

471 4041 614 4109 quod
654 4045 739 4091 est
793 4038 948 4099 ﬁdes,
982 4037 1173 4091 venies
1222 4045 1276 4092 et
1322 4040 1588 4094 transibis
1636 4058 1646 4090 :
1684 4042 1787 4095 hoc
1835 4052 1937 4105 est,
1987 4042 2051 4096 Et

475 4143 620 4184 nunc
653 4128 858 4193 venies,
910 4135 965 4182 et
1014 4142 1123 4181 non
1157 4129 1402 4184 cessabis
1432 4145 1646 4201 semper
1674 4134 1914 4187 transire
1959 4150 2052 4204 per

473 4215 790 4288 hujusmodi
822 4217 1191 4272 ascensiones.

545 4400 637 4455 Sic
673 4407 852 4454 autem
888 4398 1048 4455 habet
1081 4400 1369 4455 verborum
1412 4411 1703 4461 contextus
1736 4424 1748 4460 :
1790 4405 1971 4461 Venies
2000 4418 2048 4461 cl

471 4492 724 4546 transibis
759 4492 824 4545 ab
852 4493 1005 4545 initio
1048 4492 1195 4561 ﬁdei,
1244 4510 1275 4546 α
1313 4496 1483 4563 rapite
1524 4494 1687 4549 Sanir
1709 4507 1757 4550 et
1793 4497 2043 4554 Hermon.

470 4582 573 4639 Per
604 4583 708 4639 hoc
736 4592 917 4639 autem
956 4564 1269 4640 subindicat
1300 4587 1619 4658 mysterium
1655 4591 1910 4646 secunda?
1952 4608 2049 4645 na-

468 4674 721 4730 tivitatis.
752 4672 891 4728 Hinc
914 4675 1061 4729 enim
1085 4677 1275 4730 dicunt
1304 4693 1528 4733 manare
1558 4679 1736 4735 fontes
1765 4680 2045 4746 Jordanis,

470 4780 636 4835 supra
669 4780 808 4834 quos
833 4766 972 4820 situs
1000 4775 1084 4820 est
1112 4767 1200 4821 hic
1236 4784 1393 4823 mons
1426 4770 1518 4839 qui
1550 4770 1812 4825 dividitur
1851 4775 1904 4826 in
1936 4774 2046 4827 duo

469 4855 777 4920 cacumina,
805 4856 1007 4925 quibus
1038 4857 1289 4928 imposita
1330 4868 1457 4914 sunt
1492 4861 1603 4914 haec
1632 4864 1851 4917 nomina
1886 4864 2049 4918 Sanir

468 4959 522 5002 et
548 4946 805 5003 ilcrmon.
850 4947 1119 5014 Quoniam
1168 4965 1298 5021 ergo
1351 4952 1495 5022 quod
1546 4968 1611 5005 ex
1665 4954 1751 5008 bis
1799 4956 2042 5011 fontibus

468 5049 655 5093 manat
706 5037 993 5102 ﬂuentum,
1058 5040 1157 5093 fuit
1211 5043 1365 5097 nobis
1414 5044 1741 5113 principium
1788 5047 1840 5100 in
1875 5048 2042 5102 Deum

469 5131 994 5197 transformationis,
1056 5147 1117 5184 ea
1176 5131 1243 5185 de
1293 5148 1457 5186 causa
1512 5136 1664 5186 audit
1703 5153 1887 5190 vocem
1928 5139 2047 5205 ejus

469 5222 559 5287 qui
588 5229 750 5274 vocat
782 5221 848 5275 ad
879 5222 1081 5290 ipsum,
1113 5223 1302 5277 dicens
1330 5240 1342 5276 ;
1387 5223 1519 5278 Veni
1552 5242 1578 5275 ιι
1613 5223 1841 5291 Libano,
1891 5240 1943 5282 et
1981 5230 2049 5283 ab

470 5311 624 5365 initio
656 5313 798 5377 ﬁdei,
829 5324 883 5367 et
914 5328 942 5365 a
974 5314 1150 5383 capite
1186 5312 1347 5366 Sanir
1390 5324 1441 5367 et
1473 5314 1709 5368 Ilermon
1745 5334 1757 5368 :
1792 5333 1818 5369 a
1851 5322 2047 5386 rapite,

473 5396 713 5465 inquam,
750 5401 942 5454 horum
973 5403 1240 5455 montium
1270 5401 1412 5455 unde
1439 5402 1534 5454 tibi
1568 5402 1674 5452 orti
1706 5414 1835 5456 sunt
1866 5406 2043 5461 fontes

470 5488 737 5553 mysterii.
781 5489 1013 5544 Pulchre
1042 5501 1222 5544 autem
1260 5492 1411 5544 addit
1451 5491 1783 5546 mentionem
1827 5496 2042 5554 leonum

472 5583 525 5624 et
553 5576 865 5641 pardorum,
906 5590 967 5633 ut
1017 5596 1110 5651 per
1140 5581 1467 5638 additionem
1509 5601 1702 5640 eorum
1752 5604 1872 5655 qme
1916 5599 2046 5643 sunt

476 5663 728 5725 molesta,
763 5670 1067 5724 suaviorem
1097 5672 1289 5725 reddat
1325 5689 1446 5741 quae
1482 5693 1545 5729 ex
1578 5679 1743 5733 rebus
1766 5680 2042 5734 deieétan~

475 5749 622 5805 tibus
653 5755 967 5824 percipitur,
1003 5761 1356 5831 voluptatem.
1391 5764 1659 5830 Quoniam
1692 5769 1835 5823 enim
1879 5773 2042 5826 homo

2156 1940 2380 2012 ἀνιούσῃ
2428 1940 2490 1993 τὸ
2527 1939 2615 1994 διὰ
2645 1940 2863 1993 πάντων
2892 1938 3209 2010 ἀμώμητον,
3242 1938 3440 2002 εἰπὼν,
3478 1940 3560 1992 ὅτι
3594 1939 3715 2002 Ὄλη

2155 2028 2337 2097 καλὴ,
2373 2029 2469 2083 καὶ
2509 2028 2713 2098 μῶμος
2742 2031 2854 2083 οὐκ
2876 2030 3049 2083 ἐστιν
3074 2030 3144 2082 ἐν
3168 2029 3287 2093 σοὶ,
3318 2030 3397 2093 ὡς
3434 2029 3506 2083 ἂν
3554 2029 3625 2098 μὴ
3662 2030 3714 2096 τῇ

2159 2121 2433 2193 μαρτυρίᾳ
2465 2130 2663 2195 ταύτῃ.
2687 2121 3109 2191 ἐγχαυνωθεῖσα,
3148 2122 3284 2192 πρὸς
3319 2122 3426 2193 τὴν
3465 2122 3574 2174 τῶν
3613 2137 3712 2190 μει-

2156 2186 2321 2278 ζόνων
2342 2186 2535 2268 τᾶνοδον
2566 2186 2913 2283 ἐμποόιίσθείη
2950 2186 3110 2265 πάλιν
3141 2186 3226 2264 διά
3253 2213 3350 2282 τῆς
3375 2186 3387 2193 ⁷
3407 2186 3714 2284 προτρεπτι-

2155 2305 2258 2375 κῆς
2288 2304 2488 2375 ταύτης
2536 2305 2717 2376 φωνῆς
2747 2304 2839 2357 ἐπὶ
2869 2304 2968 2374 τὴν
3011 2304 3119 2355 τῶν
3167 2304 3583 2375 ὑπερκειμένων
3612 2305 3712 2355 ἐπι·

2154 2394 2357 2465 Θυμίαν
2385 2394 2647 2466 ἀναϐῆναι
2676 2393 3126 2465 παρακελεύεται,
3156 2394 3327 2462 λέγων
3347 2411 3361 2424 α
3395 2394 3585 2461 Δεῦρο
3617 2392 3713 2446 ἀπὸ

2155 2485 2435 2550 Λιϐάνου,
2478 2488 2701 2555 νύμφη.
2738 2486 2820 2553 ,Τὸ
2868 2486 2923 2538 δὲ
2970 2486 3258 2555 λεγόμενον
3304 2486 3552 2538 τοιοῦτόν
3580 2488 3710 2537 ὲστι·

2151 2579 2363 2643 Καλῶς,
2391 2580 2574 2650 φησὶν,
2604 2582 2662 2631 ὲν
2697 2582 2812 2642 τοῖς
2850 2577 3118 2647 φθάσασιν
3144 2576 3542 2649 ἡκολούθησας.
3576 2572 3712 2648 ἦλθες

2158 2672 2276 2741 μετ’
2304 2673 2439 2741 ἐμοῦ
2479 2672 2611 2743 πρὸς
2638 2671 2697 2723 τὸ
2721 2672 2844 2741 ὅρος
2864 2672 2963 2742 τῆς
2991 2671 3254 2741 σμύρνης.
3286 2671 3604 2740 Συνετάφης
3623 2668 3710 2737 γάρ

2159 2781 2247 2833 μοι
2271 2763 2356 2816 διὰ
2380 2765 2473 2817 τ)ῦ
2514 2765 2884 2833 βαπτίσματος
2930 2766 3005 2827 εἰς
3043 2763 3135 2817 τὸν
3168 2764 3418 2817 θάνατον.
3471 2760 3712 2832 Συνῆλθές

2158 2873 2247 2925 μοι
2279 2856 2373 2908 καὶ
2418 2857 2509 2907 ἐπὶ
2562 2855 2650 2908 τὸν
2705 2855 2889 2925 βουνὸν
2938 2855 3031 2908 τοῦ
3100 2853 3340 2912 λιὸάνου.
3395 2854 3708 2919 Συνανέστης

2154 2948 2263 3017 γὰρ
2308 2949 2399 2999 καὶ
2452 2947 2670 3018 ὑψώθης
2718 2950 2775 3001 ἐν
2813 2952 2876 3019 τῇ
2916 2948 3015 3017 τῆς
3068 2947 3316 3018 θεότητος
3358 2947 3627 3015 κοινωνία,
3656 2945 3707 3013 ἢν

2156 3038 2488 3091 ἐνδείκνυται
2539 3037 2633 3092 τοῦ
2700 3039 2918 3094 λιϐάνου
2979 3039 3037 3091 τὸ
3082 3038 3271 3107 ὄνομα,
3338 3038 3594 3109 Ἀνάϐηθί
3637 3052 3705 3106 μοι

2155 3127 2262 3179 ἀπὸ
2296 3128 2500 3180 τούτων
2530 3130 2623 3181 καὶ
2659 3130 2751 3181 ἐπὶ
2782 3128 2944 3197 ἔτερα
2975 3129 3095 3198 ὅρη,
3131 3128 3519 3197 προκόπτουσά
3549 3145 3601 3179 τε
3633 3124 3707 3178 καὶ

2157 3217 2431 3287 ύψουμένη
2480 3218 2568 3271 διὰ
2598 3219 2696 3287 τῆς
2729 3220 2985 3290 ἐνεργοῦς
3021 3219 3293 3288 γνώσεως.
3347 3220 3521 3290 Δεῦρο
3557 3218 3703 3271 τοίνυν

2156 3311 2262 3362 ἀπὸ
2302 3312 2556 3377 Λιϐάνου,
2605 3314 2790 3382 φησιν,
2834 3312 3016 3364 οὐκέτι
3068 3312 3305 3382 μνηστὴ.
3342 3312 3480 3367 ἀλλὰ
3525 3311 3701 3378 νύμςη.

2155 3400 2228 3452 Οὐ
2259 3401 2367 3471 γάρ
2412 3404 2526 3453 ἐστι
2571 3401 2789 3454 δυνατὸν
2840 3401 2963 3471 ἐμοὶ
2998 3403 3222 3471 συζῆσαι
3254 3402 3343 3454 τὸν
3393 3402 3471 3474 μὴ
3517 3401 3703 3455 ἀλλοιω·

2155 3493 2313 3546 θέντα
2345 3494 2432 3546 διὰ
2466 3493 2562 3564 τῆς
2594 3494 2689 3547 τοῦ
2737 3494 2966 3548 θανάτου
3017 3493 3261 3565 σμύρνης
3311 3494 3453 3566 πρὸς
3496 3492 3590 3563 τὴν
3630 3488 3702 3541 τοῦ

2169 3583 2388 3636 λιϐάνου
2421 3582 2669 3653 θεότητα.
2718 3582 2937 3653 Ἐπειδὴ
2964 3583 3021 3635 ἐν
3047 3582 3219 3653 τούτῳ
3246 3583 3478 3650 γέγονας
3515 3582 3604 3653 ἤδη
3642 3577 3701 3643 τῷ

2157 3675 2300 3745 ὕψει,
2335 3675 2409 3746 μὴ
2450 3678 2578 3747 στῇς
2611 3675 2857 3738 ἀνιοῦσα,
2886 3675 2961 3737 ὡς
2989 3675 3086 3747 ἤδη
3120 3674 3209 3727 διὰ
3252 3675 3459 3728 τούτων
3500 3673 3701 3727 ὲπισᾶεα

2153 3768 2254 3836 τῆς
2293 3767 2644 3838 τελειότητος.
2690 3765 2854 3837 Ἀρχὴ
2901 3766 3007 3835 γάρ
3042 3781 3123 3818 σοι
3164 3765 3397 3829 πίστεως
3437 3767 3467 3818 ὁ
3520 3764 3699 3845 tiliam

2152 3855 2305 3921 οὗτος
2352 3859 2583 3926 γίνεται,
2631 3850 2692 3911 οῦ
2743 3858 3002 3929 μετέσχες
3057 3856 3143 3910 διὰ
3201 3858 3300 3927 τῆς
3350 3857 3699 3913 ἁναστάσεως’

2153 3948 2297 4019 ἀρχὴ
2333 3947 2388 4001 δὲ
2419 3948 2512 4001 καὶ¹
2543 3949 2609 4018 τῇ
2645 3946 2738 4000 ἐπὶ
2782 3946 2849 3999 τά
2893 3944 3200 4016 ὑψηλότερα
3237 3944 3345 3998 τῶν
3386 3942 3596 4012 ἀγαθῶν
3623 3955 3699 3991 πο-

2156 4039 2297 4107 ρείᾳ.
2348 4038 2478 4092 Ἀπὸ
2508 4036 2684 4090 τοίνυν
2715 4037 2813 4107 τῆς
2855 4036 3031 4106 ἀρχῆς
3064 4034 3289 4105 ταύτης,
3362 4036 3483 4105 ἥτις
3515 4033 3643 4085 ἐστὶν
3671 4028 3697 4094 ἡ

2156 4134 2356 4196 πίστις,
2389 4130 2580 4200 ὲλεύσῃ
2613 4130 2706 4183 καὶ
2732 4127 2975 4199 διελεύσῃ
2998 4143 3012 4157 ’
3040 4126 3307 4193 τουτέστι,
3325 4127 3437 4183 Καὶ
3453 4127 3544 4181 νῦν
3556 4124 3696 4196 ἥξεις,

2157 4226 2246 4277 καὶ
2283 4226 2452 4277 εἰσαεὶ
2482 4222 2799 4292 διερχομένη
2847 4220 2934 4273 διὰ
2968 4220 3075 4273 τῶν
3105 4219 3359 4273 τοιούτων
3398 4220 3588 4273 ἀνόδων
3617 4215 3695 4267 οὐκ

2155 4316 2464 4387 ἀπολήξεις.

2228 4411 2380 4480 Ἔχει
2410 4410 2466 4462 δὲ
2506 4410 2538 4477 η
2571 4408 2712 4474 λέξις
2748 4406 2953 4471 οὕτως·
2997 4408 3255 4475 Ἐλεύσῃ
3293 4409 3391 4460 καὶ
3420 4405 3691 4466 (Sisini-an.

2082 4538 2124 4593 D
2153 4502 2254 4556 ἀπ’
2304 4500 2496 4591 ἀρχῆς
2549 4502 2822 4565 πίστεως,
2877 4500 2997 4553 ἀπὸ
3046 4500 3319 4569 κεφαλῆς
3362 4500 3568 4566 Σανεὶρ
3614 4490 3690 4546 καὶ

2169 4591 2416 4661 Ἑρμῶν.
2448 4578 2545 4645 ait
2590 4595 2791 4645 τούτων
2829 4593 2885 4645 δὲ
2936 4593 2998 4644 τὸ
3044 4592 3142 4661 τῆς
3192 4592 3397 4644 ἄνωθεν
3426 4590 3690 4660 γεννήσεως

2158 4684 2445 4752 ὑποφαίνει
2519 4685 2833 4754 μυστήριον.
2904 4682 3179 4736 Ἐντεῦθεν
3238 4683 3346 4752 γάρ
3412 4672 3689 4754 προχεῖσθαί

2155 4792 2288 4844 φησι
2322 4774 2418 4838 τὰς
2444 4775 2535 4827 τοῦ
2579 4759 2840 4845 Ἰορδάνου
2873 4774 3076 4844 πηγὰς,
3112 4768 3187 4827 ὧν
3246 4775 3558 4846 ὑπέρκειται
3595 4765 3688 4820 coi-

2153 4885 2213 4920 το
2237 4868 2381 4937 ὅρος,
2412 4867 2502 4919 δύο
2534 4867 2743 4935 λοφιαῖς
2784 4867 3155 4937 μεριζόμενον,
3195 4862 3282 4930 αἷς
3327 4867 3498 4921 ταῦτα
3528 4864 3691 4919 ἐπίκει-

2152 4973 2240 5008 ται
2267 4956 2333 5009 τά
2366 4956 2604 5026 ὀνόματα
2633 4956 2826 5025 Σανε“ιρ
2856 4957 2949 5009 καὶ
2982 4955 3216 5025 Ἑρμῶν.
3265 4957 3419 5009 Ἐπεὶ
3462 4952 3550 5009 οὖν
3574 4952 3622 5005 τὸ
3642 4952 3687 4999 ἐκ

2147 5044 2257 5097 τῶν
2287 5044 2478 5115 πηγῶν
2522 5044 2725 5097 τούτων
2772 5044 2985 5116 ῥεῖθρον
3010 5046 3150 5115 ἁρχὴ
3192 5045 3412 5114 γέγονεν
3458 5048 3582 5115 ἡμῖν
3614 5039 3687 5104 τῆς

2150 5136 2287 5205 πρὸς
2336 5135 2395 5187 τὸ
2429 5137 2581 5189 θεῖον
2617 5137 3044 5205 μεταποιήσεως,
3099 5138 3291 5191 τούτου
3338 5140 3493 5209 χάριν
3539 5122 3686 5190 ἀκούει

2147 5226 2239 5277 τοῦ
2284 5226 2419 5293 πρὸς
2446 5227 2637 5279 ἑαυτὸν
2667 5226 2957 5290 καλοῦντος
2987 5228 3174 5296 αὑτήν.
3211 5230 3306 5293 Ὃς
3334 5247 3496 5299 φησιν
3520 5246 3532 5257 ·
3555 5224 3687 5292 Δεῦρο

2149 5315 2256 5367 ἀπὸ
2284 5317 2516 5369 Λιϐάνου
2544 5317 2638 5368 καὶ
2673 5318 2779 5370 ἀπὸ
2804 5319 2977 5387 ἀρχῆς
3007 5319 3259 5383 πίστεως,
3292 5321 3384 5371 καὶ
3413 5319 3519 5371 ἀπὸ
3557 5330 3686 5381 κείρει·

2150 5409 2249 5477 λῆς
2297 5410 2405 5463 τῶν
2454 5410 2624 5480 ὀρέων
2670 5410 2893 5471 τούτων,
2938 5410 3061 5463 ὅθεν
3110 5412 3191 5464 σοί
3226 5412 3508 5478 γεγόνασιν
3541 5410 3589 5461 at
3618 5399 3686 5456 τοῧ

2154 5501 2455 5570 μυστηρίου
2509 5502 2714 5572 πηγαί·
2772 5501 2953 5563 καλῶς
2997 5502 3053 5555 δὲ
3106 5503 3429 5573 προστίθησι
3475 5500 3569 5571 τὴν
3608 5492 3686 5546 τῶν

2151 5589 2377 5643 λεόντων
2405 5609 2464 5644 τε
2509 5595 2601 5645 καὶ
2636 5592 2953 5663 παρδάλεων
2988 5596 3229 5666 μνήμην,
3273 5597 3358 5649 ἶνα
3382 5594 3469 5647 διὰ
3495 5596 3585 5663 τῆς
3609 5586 3687 5639 τιῗν

2151 5677 2409 5748 λυπηρῶν
2445 5682 2821 5753 παραθέσεως,
2870 5684 3209 5753 γλυκυτέραν
3255 5688 3454 5759 ποιήσῃ
3493 5685 3585 5755 τὴν
3608 5679 3685 5733 τῶν

2153 5771 2547 5839 εύφραινόντιισν
2592 5775 2909 5829 ἀπόλαυσιν.
2981 5778 3194 5847 Ἐπειδὴ
3234 5778 3340 5846 γὰρ
3396 5768 3686 5843 ἀποθέμηενὸς
