3866 6368
235 447 357 509 θισ

1272 455 1339 511 IN
1369 457 1666 514 CANTICA
1690 447 2291 516 CANTICIHOMILIA
2332 459 2467 515 vm.

3402 462 3504 521 946

239 579 380 618 ποτε
401 565 462 619 τὸ
492 564 633 621 θεῖον
666 561 802 630 εἶδος
827 566 856 620 ὁ
892 567 1198 642 ἄνθρωπος,
1236 573 1371 643 πρὸς
1401 575 1499 646 τὴν
1535 577 1818 649 ὁμοιότητα

1927 577 2017 646 qui
2047 585 2266 641 creatus
2317 577 2492 631 fuerat
2537 578 2602 632 ad
2637 576 2800 634 Verbi
2850 576 3166 647 imaginem,
3219 590 3344 630 eum
3398 580 3500 631 ali-

237 654 344 725 τῆς
390 657 586 724 ἀλόγου
634 657 848 726 φύσεως
899 660 1195 733 ἐθηριώθη,
1244 665 1508 735 πάρδαλις
1550 669 1645 721 καὶ
1689 669 1824 721 λέων

238 745 334 799 διὰ
366 746 474 800 τῶν
519 748 769 819 πονηρῶν
802 753 1248 823 ἐπιτηδευμάτων
1277 759 1580 829 γενόμενος.
1627 762 1684 813 ’0
1720 763 1826 833 γὰρ

240 836 355 890 ὑπὸ
397 836 490 891 τοῦ
542 838 755 905 λέοντος
800 843 1079 909 ἐλκυσθεὶς
1127 847 1221 899 τοῦ
1268 848 1637 919 ἐνεδρεύοντος
1672 855 1728 905 ὲν
1759 857 1823 924 τῇ

242 926 480 999 μάνδρᾳ,
514 928 695 993 καθώς
725 948 887 1001 φησιν
920 936 949 986 ὁ
977 934 1288 1006 Προφήτης,
1325 939 1421 991 καὶ
1456 941 1514 991 ὲν
1541 943 1607 1012 τῇ
1641 942 1825 1009 παγίδι

238 1017 413 1070 αὑτοῦ
462 1021 836 1086 ταπεινωθεὶς,
884 1025 1020 1095 πρὸς
1062 1027 1161 1095 τὴν
1204 1028 1410 1081 ἐκείνου
1446 1030 1605 1098 φύσιν
1658 1048 1823 1100 μετα-

243 1110 568 1178 μορφοῦται,
602 1116 1112 1184 κατακρατήσαντος
1134 1118 1227 1170 τοῦ
1256 1117 1443 1190 θηρίου
1466 1121 1563 1190 τῆς
1589 1122 1819 1191 φύσεως.

242 1196 474 1268 Ὅμοιοι
506 1201 613 1272 γὰρ
643 1205 848 1270 αὐτοῖς
887 1206 1153 1274 γένοιντο
1193 1213 1245 1262 οἱ
1283 1211 1595 1278 ποιοῦντες
1637 1216 1821 1282 αὐτὰ,

241 1291 403 1361 φησι,
435 1294 529 1346 καὶ
553 1293 774 1361 πάντες
793 1300 847 1349 οἱ
866 1301 1212 1365 πεποιθότες
1232 1301 1324 1353 ἐπ’
1340 1303 1561 1370 αὐτοῖς.
1594 1306 1824 1375 Ὁμοίως

241 1381 307 1433 δὲ
340 1383 433 1435 καὶ
463 1384 729 1455 πάρδαλις
754 1388 959 1455 γίνεται
1017 1391 1044 1441 ὁ
1068 1389 1155 1442 διὰ
1184 1391 1291 1445 τῶν
1317 1393 1410 1445 τοῦ
1443 1393 1557 1464 βίου
1592 1397 1824 1466 κηλίδων

237 1471 346 1541 τὴν
376 1473 551 1544 ψυχὴν
594 1479 973 1545 στιγματίσας.
1017 1479 1168 1532 Ἐπεὶ
1206 1477 1300 1535 οὖν
1342 1479 1409 1553 ἦν
1462 1501 1590 1538 ποτε
1632 1487 1719 1538 ὅτε
1765 1489 1822 1540 ὲν

237 1565 421 1617 τοῖσδε
445 1561 512 1633 ἦν
539 1566 601 1617 τὸ
625 1566 984 1639 ἀνθρώπινον.
1014 1569 1101 1623 διὰ
1124 1572 1222 1641 τῆς
1264 1573 1702 1646 εἰδωλολατρείας
1728 1580 1823 1631 καὶ

237 1652 346 1721 τῆς
385 1653 681 1724 Ἰουδαϊκῆς
714 1657 951 1728 ἀπάτης,
984 1660 1076 1711 καὶ
1107 1660 1205 1729 τῆς
1230 1661 1478 1732 ποικίλης
1503 1663 1612 1715 τῶν
1639 1666 1823 1736 ἁμαρ-

238 1743 433 1797 τωλῶν
467 1748 666 1811 κακίας
700 1748 1048 1819 πλανώμενον
1069 1771 1082 1783 ·
1117 1754 1255 1823 μετὰ
1296 1755 1465 1808 ταῦτα
1509 1757 1562 1809 δὲ
1608 1758 1695 1811 διὰ
1728 1759 1819 1812 τοῦ

254 1834 523 1905 Ἰορδάνου
574 1840 665 1891 καὶ
710 1841 809 1908 τῆς
862 1842 1106 1913 σμύρνης
1149 1846 1242 1897 καὶ
1290 1846 1385 1898 τοῦ
1418 1848 1650 1901 Λιϐάνου
1687 1850 1822 1920 πρὸς

1929 668 2147 737 quando
2194 667 2422 721 formam
2483 669 2717 723 divinam
2757 670 3024 730 exuisset,
3081 668 3181 721 fuit
3221 667 3500 731 elleratus,

1931 758 2089 811 malis
2129 758 2325 812 studiis
2360 758 2584 814 ell'ectus
2619 767 2702 814 est
2727 760 2928 830 pardus
2960 768 3013 814 et
3059 759 3161 814 leo.
3203 758 3306 825 Qui
3355 762 3500 815 enim

1930 856 2196 903 attractus
2253 848 2352 903 fuit
2391 865 2418 903 a
2468 851 2621 906 leone
2654 852 2747 921 qui
2783 850 3076 905 insidiatur
3125 851 3177 904 in
3220 850 3501 919 spelunca.

1929 941 2069 993 sicut
2102 938 2233 994 dicit
2257 939 2526 1010 Propheta
2552 942 2617 1004 ⁸⁷,
2661 949 2714 997 et
2741 949 2824 997 est
2849 943 2968 1010 ejus
3002 942 3196 1010 laqueo
3231 942 3500 1005 irretitus,

1932 1030 2354 1085 transformatur
2381 1032 2432 1083 in
2467 1032 2611 1089 illius
2645 1035 2917 1098 naturain,
2946 1034 3090 1103 quod
3129 1048 3156 1085 a
3196 1028 3381 1088 bellua
3405 1048 3506 1087 na-

1929 1131 2049 1175 tura
2091 1131 2395 1192 superetur.
2446 1123 2659 1179 Similes
2698 1125 2875 1187 enim,
2917 1124 3121 1194 inquit,
3156 1125 3230 1179 eis
3260 1125 3392 1193 ﬁant
3416 1125 3505 1193 qui

1929 1213 2128 1282 faciunt
2158 1229 2241 1277 ea,
2263 1223 2311 1266 et
2345 1229 2521 1268 omnes
2550 1215 2641 1285 qui
2666 1213 2938 1283 conﬁdunt
2968 1215 3021 1267 in
3052 1214 3127 1267 eis
3151 1214 3216 1266 ⁸⁸.
3241 1214 3507 1268 Similiter

1927 1315 2106 1357 autem
2143 1303 2197 1357 lit
2226 1306 2386 1358 etiam
2427 1304 2650 1375 pardus,
2694 1306 2786 1375 qui
2833 1320 2929 1375 per
2966 1305 3089 1359 vitae
3123 1305 3366 1359 maculas
3407 1319 3505 1358 no-
3575 1365 3585 1374 ν

1902 1393 2062 1446 tavit
2096 1402 2149 1447 et
2197 1397 2519 1464 compunxit
2568 1395 2826 1451 animam.
2873 1394 3007 1449 Cum
3048 1410 3175 1464 ergo
3214 1396 3507 1465 aliquando

1925 1484 1980 1537 in
2016 1485 2100 1539 his
2130 1484 2322 1539 fuisset
2347 1485 2530 1549 homo,
2561 1499 2753 1538 errans
2784 1500 2879 1555 per
2922 1483 3287 1538 idololatriam
3318 1493 3373 1538 et
3410 1482 3508 1537 .lu--

1926 1575 2143 1631 daicum
2191 1590 2453 1642 errorem,
2508 1585 2564 1632 et
2607 1576 2819 1629 varium
2875 1584 3226 1644 peccatorum
3280 1575 3504 1639 vitium;

1926 1674 2115 1736 postea
2163 1675 2342 1721 autem
2382 1683 2477 1737 per
2507 1665 2799 1723 Jordanem
2831 1674 2885 1721 et
2928 1668 3202 1737 myrrham
3253 1675 3306 1721 et
3343 1666 3508 1722 Liba-

1925 1771 2056 1810 num
2087 1756 2224 1810 adeo
2257 1756 2310 1809 in
2342 1757 2509 1810 altum
2534 1765 2682 1812 esset
2710 1767 2948 1821 erectus,
2989 1766 3047 1809 nt
3070 1757 3184 1825 jam
3215 1771 3339 1810 cum
3389 1757 3509 1827 ipso

1926 1846 2035 1901 Deo
2058 1847 2311 1901 sublimis
2340 1846 2656 1902 incederet:
2688 1847 2812 1902 ideo
2838 1847 3126 1916 Scriptura
3154 1848 3504 1916 praesentium

237 1926 496 1980 τοσοῦτον
522 1929 729 2000 ὑψώθη,
768 1930 908 1985 ὥστε
941 1934 1098 1987 αὑτὸν
1132 1935 1232 2006 ἥδη
1272 1942 1818 2012 συμμετεωροπορεῖν

1928 1939 2196 1993 bonorum
2251 1937 2577 2007 multiplicat
2632 1938 2898 1999 laetitiam,
2937 1937 3187 1992 adductis
3221 1952 3341 2006 quae
3375 1937 3505 1990 olim

238 2015 326 2085 τῷ
377 2017 549 2088 Bari):
586 2021 776 2074 τούτου
831 2024 989 2093 χάριν
1042 2025 1326 2092 πλεονάζει
1373 2029 1483 2082 τῶν
1538 2032 1820 2103 παρόντων

237 2106 468 2175 ἀγαθῶν
496 2109 593 2181 τὴν
623 2113 959 2186 εὐφροσύνην
985 2116 1014 2168 ὁ
1049 2115 1243 2184 λόγος.“
1268 2119 1363 2172 Διὰ
1407 2121 1505 2190 τῆς
1542 2121 1650 2174 τῶν
1692 2140 1821 2175 ποτε

236 2202 630 2270 γεγενημένων
685 2204 924 2276 ἀνιαρῶν
984 2209 1341 2277 παραθέσεως
1429 2213 1718 2284 προφέρων
1764 2219 1822 2268 ὲν

234 2290 386 2345 ἐἰςιν
414 2287 481 2363 ἦν
512 2294 544 2364 ή
574 2293 720 2367 ψυχὴ
768 2297 873 2367 πρὸ
895 2297 989 2350 τοῦ
1024 2299 1255 2355 Λιϐάνου
1286 2305 1380 2356 καὶ
1406 2304 1505 2374 τῆς
1532 2307 1706 2377 ἀρχῆς
1724 2309 1821 2378 τῆς

237 2384 502 2448 πίστεως,
534 2386 628 2439 καὶ
659 2387 766 2457 πρὸ
785 2389 894 2443 τῶν
931 2391 1023 2444 ἐπὶ
1061 2392 1152 2445 τοῦ
1203 2395 1465 2465 Ἰορδάνου
1495 2398 1821 2468 γνωρισθέν-

234 2491 353 2567 των
394 2476 524 2545 ἡμῖν
557 2479 889 2549 μυστηρίων.
934 2483 1022 2546 Ὠς
1062 2484 1170 2556 γὰρ
1213 2488 1246 2556 ή
1290 2490 1409 2541 κατ’
1440 2492 1664 2563 εἰρήνην
1710 2492 1822 2567 ζωὴ

237 2566 553 2641 γλυκυτέρα
585 2569 722 2638 μετὰ
766 2571 857 2624 τὸν
892 2573 1126 2644 πόλεμον
1166 2578 1395 2645 γίνεται,
1423 2584 1537 2646 τοῖς
1572 2566 1819 2656 σκυθρωέ

238 2660 368 2719 ποῖς
392 2656 724 2729 διηγήμασιν
749 2662 1050 2735 ήδυνομένη
1071 2684 1084 2697 ·
1114 2668 1208 2721 καὶ
1245 2668 1306 2722 τὸ
1346 2671 1444 2742 τῆς
1473 2674 1662 2741 ὑγείας
1688 2679 1822 2744 ἀγα-

235 2747 357 2811 θὸν,
407 2749 605 2820 μᾶλλον
651 2753 1070 2821 καταγλυκαίνει
1114 2760 1182 2812 τὰ
1230 2761 1324 2814 τοῦ
1373 2764 1623 2834 σώματος
1666 2768 1821 2839 ήμῶν

236 2840 592 2913 αἰσθητήρια,
629 2844 678 2896 εί
704 2843 768 2898 ἔκ
795 2863 939 2908 τινος
965 2850 1414 2922 ἀρρωστημάτων
1458 2857 1648 2926 ἀηδίας
1688 2863 1823 2931 πρὸς

237 2932 444 3004 ἑαυτὴν
472 2934 757 2990 ἐπανέλθοι
801 2939 962 2993 πάλιν
1010 2944 1265 3012 ἡφύσις·
1306 2948 1396 3001 τὸν
1438 2951 1596 3003 αὑτὸν
1624 2955 1820 3024 τρόπον

236 3024 489 3078 ἐπίτασιν
525 3043 648 3081 τινα
696 3030 790 3082 καὶ
832 3032 1171 3106 πλεονασμὸν
1202 3038 1305 3108 τῆς
1345 3039 1402 3092 ὲν
1441 3046 1553 3107 τοῖς
1596 3047 1821 3113 ἀγαθοῖς

235 3116 579 3209 εὑιρροσᾼὺνης
630 3122 926 3193 οἰκονομῶν
970 3127 998 3178 ὁ
1046 3127 1251 3195 ἀγαθὸς
1295 3132 1527 3202 νυμφίος
1573 3140 1637 3207 τῇ
1691 3140 1822 3209 πρὸς

234 3204 402 3258 αὑτὸν
431 3207 655 3281 ἀνιούσῃ
686 3211 851 3281 ψυχῇ,
903 3215 963 3265 οὑ
1003 3215 1163 3285 μόνον
1200 3218 1262 3271 τὸ
1296 3221 1487 3274 ἑαυτοῦ
1531 3204 1784 3290 κάλλος-τ

234 3295 426 3368 νύμφῃ
475 3301 883 3371 προδείκνυσιν·
934 3307 1068 3360 ἀλλά
1106 3311 1200 3364 καὶ
1242 3310 1336 3364 τοῦ
1382 3295 1817 3385 φρικωδεστάτού

233 3386 349 3440 τῶν
377 3388 578 3461 θηρίων
597 3393 770 3457 εἴδους
792 3396 1289 3473 ὑπομιμνήσκειτῷ
1315 3404 1479 3476 λόγῳ.
1512 3407 1598 3461 ἵνα
1623 3410 1821 3478 μᾶλλον

234 3479 524 3572 ἐντρυφῴη
565 3486 697 3572 τοῖςΔ
722 3487 955 3557 παροῦσι
1001 3493 1204 3557 καλοῖς.
1243 3497 1587 3565 μανθάνουσα
1613 3501 1699 3555 διὰ
1725 3505 1819 3572 τῆς

236 3571 613 3667 παραθέσεως,
639 3569 728 3629 οἷα
757 3577 876 3631 ἀνθ’
907 3579 1036 3662 οζων
1064 3583 1349 3652 ἠλλάξατο.
1384 3588 1535 3667 Τάχα
1560 3591 1615 3644 δέ
1650 3611 1699 3645 τι
1730 3569 1821 3647 καὶ

232 3660 429 3733 ἕτερον
479 3664 571 3758 διά
619 3666 823 3722 τούτων
871 3660 951 3723 exi
985 3675 1239 3742 προνοίας
1283 3660 1505 3747 ἀγαθὸν-
1538 3686 1603 3754 τῇ
1637 3685 1821 3758 νύμφῃ

233 3756 730 3821 κατασκευάζεται.
767 3761 984 3833 Ἐπειδὴ
1018 3764 1125 3835 γὰρ
1159 3765 1405 3836 βούλεται
1431 3774 1579 3843 ἡμᾶς
1610 3779 1638 3829 ὁ
1669 3756 1821 3846 λόγος

230 3846 502 3915 τρεπτοὺς
548 3846 707 3913 ὄντας
749 3851 889 3904 κατά
933 3852 1033 3923 τὴν
1067 3853 1247 3922 φύσιν,
1288 3858 1362 3929 μὴ
1394 3862 1532 3931 πρὸς
1563 3863 1622 3916 τὸ
1655 3867 1821 3920 κακὸν

232 3934 329 3987 διὰ
372 3935 470 4007 τῆς
526 3940 732 4011 τροπῆς
768 3941 1091 4013 άποῤῥέειν*
1133 3946 1268 4002 ἀλλὰ
1319 3949 1407 4004 διὰ
1442 3952 1541 4023 τῆς
1586 3955 1722 4025 πρὸς
1762 3958 1820 4010 τὸ

235 4027 486 4117 κρεῖττον
516 4030 602 4083 ἀεὶ
623 4032 914 4106 γινομένης
946 4037 1245 4108 αὐξήσεως,
1283 4045 1539 4115 συνεργὸν
1569 4047 1668 4116 τὴν
1699 4066 1820 4117 τρο-

236 4115 351 4183 πὴν
403 4118 538 4189 πρὸς
565 4120 662 4193 τὴν
692 4124 800 4178 τῶν
847 4126 1194 4199 ὑψηλοτέρων
1236 4130 1418 4185 ἄνοδον
1470 4115 1633 4205 ἔχειν,

232 4207 649 4300 κατορθωθῆναι
691 4213 779 4269 διὰ
812 4216 907 4269 τοῦ
945 4220 1180 4290 τρεπτοῦ
1207 4222 1305 4292 τῆς
1343 4225 1558 4293 φύσεως
1581 4230 1736 4300 ἡμῶν
1760 4234 1819 4286 τὸ

231 4299 376 4397 πρδς
406 4302 469 4355 τὸ
513 4305 685 4397 κακὸν
735 4308 1126 4365 ἀναλλοίωτον·
1179 4315 1368 4368 τούτου
1426 4319 1584 4389 χάριν
1632 4322 1818 4397 ὥσπερ

226 4389 357 4444 τινὰ
408 4394 752 4466 παιδαγωγὸν
798 4401 895 4454 καὶ
936 4402 1151 4471 φύλακα
1186 4405 1323 4474 πρὸς
1352 4406 1451 4477 τὴν
1480 4409 1601 4479 τῶν.
1634 4389 1817 4467 κακῶν

230 4480 610 4555 ἀλλοτρίωσιν,
646 4489 746 4560 τὴν
782 4492 999 4563 μνήμην
1041 4494 1151 4549 τῶν
1192 4514 1322 4549 ποτε
1368 4507 1818 4574 κατακρατησάν-

1787 3231 1888 3323 ἧς

1925 2028 2146 2085 fuerunt
2176 2029 2439 2092 molestis,
2469 2027 2703 2084 all‘erens
2728 2030 2783 2083 in
2804 2029 3130 2099 quibusnam
3158 2037 3303 2085 esset
3326 2029 3505 2081 anima

1924 2128 2049 2176 ante
2078 2118 2344 2175 Libanum
2371 2128 2425 2175 et
2466 2121 2683 2175 initium
2733 2120 2878 2184 ﬁdei,
2921 2129 2977 2176 et
3008 2128 3134 2176 ante
3162 2135 3192 2175 a
3219 2121 3380 2175 nobis
3408 2134 3502 2175 co-

1922 2214 2073 2285 gnita
2102 2213 2156 2267 in
2189 2210 2427 2268 Jordane
2453 2212 2735 2283 mysteria.
2786 2210 3073 2278 Quomodo
3111 2212 3259 2267 enim
3293 2226 3416 2282 quae
3449 2213 3505 2265 in

1912 2321 2057 2375 pace
2103 2306 2285 2376 agitur
2317 2306 2449 2369 vita,
2486 2313 2611 2375 post
2657 2305 2858 2360 bellum
2903 2304 2963 2358 ﬁt
3004 2305 3241 2368 dulcior,
3276 2304 3502 2360 suavior

1921 2395 2133 2451 reddita
2168 2395 2420 2452 tristibus
2453 2395 2897 2451 narrationibus:
2930 2404 2984 2451 et
3009 2396 3214 2451 bonum
3250 2396 3505 2452 sanitatis

1922 2488 2119 2557 majori
2149 2486 2312 2542 allicit
2343 2488 2636 2543 dulcedine
2674 2494 2898 2544 nostros
2927 2502 3143 2553 sensus,
3184 2488 3230 2543 si
3269 2502 3338 2541 ex
3362 2488 3504 2542 tristi

1923 2580 2103 2650 aliqua
2125 2579 2446 2649 aegritudine
2469 2578 2536 2633 ad
2560 2594 2619 2635 se
2646 2578 2832 2634 redeat
2858 2589 3052 2633 natura
3088 2597 3099 2632 :
3129 2576 3317 2633 eodem
3342 2578 3505 2633 modo

1922 2680 2273 2742 augmentum
2303 2678 2357 2724 et
2391 2668 2903 2739 multiplicationem
2936 2667 3136 2722 laetitiae
3174 2680 3295 2735 quae
3332 2674 3417 2719 est
3451 2666 3507 2719 in

1924 2763 2102 2827 bonis,
2132 2762 2462 2832 dispensans
2489 2761 2668 2815 bonus
2704 2775 2943 2830 sponsus
2988 2759 3184 2812 animae
3225 2757 3290 2810 ad
3326 2756 3505 2826 ipsum

1923 2853 2260 2916 ascendenti,
2306 2867 2413 2905 non
2450 2840 2626 2906 solum
2660 2865 2876 2919 sponsa:
2913 2863 3069 2905 suam
3108 2846 3352 2903 ostendit
3385 2845 3507 2916 pul-

1922 2948 2310 3011 chritudinem,
2355 2946 2450 3001 sed
2500 2945 2682 3001 verbis
2706 2944 2869 2999 etiam
2911 2958 3033 2999 eam
3078 2943 3335 2997 admouet
3379 2941 3506 2994 hor—

1923 3037 2105 3092 rendae
2142 3036 2330 3092 formae
2384 3037 2645 3098 ferarum,
2706 3042 2764 3090 ut
2820 3035 2876 3088 in
2931 3032 3294 3104 praesentibus
3350 3031 3506 3087 bonis

1924 3128 2183 3198 majorem
2209 3127 2392 3197 capiat
2432 3127 2791 3197 voluptatem,
2830 3125 3051 3180 discens
3084 3140 3180 3195 per
3224 3137 3505 3194 comparas

1926 3220 2151 3281 tionem,
2180 3232 2429 3288 quaenam
2463 3218 2794 3288 quibusnam
2825 3216 3071 3271 mutavit.
3118 3214 3375 3270 Fortasse
3411 3228 3508 3267 au-

1925 3320 2032 3367 tem
2065 3311 2229 3367 etiam
2277 3311 2497 3381 aliquod
2549 3310 2698 3365 aliud
2729 3311 2934 3365 bonum
2986 3324 3083 3380 per
3129 3308 3246 3363 haec
3295 3323 3506 3377 sponsae

1923 3404 2183 3459 conciliat
2211 3419 2275 3459 ex
2320 3403 2682 3474 providentia.
2720 3402 2989 3469 Quoniam
3034 3403 3180 3457 enim
3224 3400 3519 3470 Scriptura”

1923 3496 2039 3550 vult
2073 3510 2177 3550 nos
2204 3496 2296 3565 qui
2339 3509 2533 3550 sumus
2567 3494 2859 3548 mutabiles
2892 3494 3196 3549 secundum
3229 3500 3505 3565 naturam,

1924 3584 2148 3639 minime
2181 3582 2418 3639 defluere
2466 3582 2532 3637 ad
2565 3583 2768 3637 malum
2816 3598 2912 3653 per
2951 3580 3351 3636 mutationem:
3410 3583 3503 3637 sed

1923 3692 2018 3746 per
2044 3676 2444 3730 incrementum
2483 3675 2629 3744 quod
2657 3689 2876 3744 semper
2911 3675 3003 3729 ﬁat
3037 3674 3103 3729 ad
3135 3674 3354 3738 melius,
3410 3675 3504 3729 ad-

1918 3767 2178 3839 jutricem
2208 3768 2411 3823 habere
2438 3766 2855 3825 conversionem
2908 3766 2977 3820 ad
3004 3779 3296 3820 ascensum
3319 3766 3387 3821 ad
3419 3781 3504 3821 res

1922 3859 2276 3926 excelsiores,
2325 3868 2389 3914 ut
2421 3874 2524 3915 nos
2554 3867 2703 3914 recte
2741 3872 2997 3928 geramus
3035 3872 3133 3927 per
3168 3864 3379 3911 natura:
3408 3871 3502 3911 no-

1922 3960 2051 4008 stra:
2092 3953 2511 4008 conversionem
2552 3967 2582 4006 a
2615 3952 2918 4006 mutatione
2954 3950 3020 4004 ad
3057 3950 3295 4003 malum:
3346 3964 3409 4003 ea
3438 3947 3503 4004 de

1922 4058 2111 4107 causa,
2166 4053 2426 4115 tanquam
2472 4044 2802 4115 paedagogus
2851 4041 3125 4112 quispiam
3171 4048 3227 4096 et
3272 4041 3502 4105 amicus,

1924 4137 1990 4191 ad
2022 4151 2126 4192 nos
2152 4151 2182 4189 a
2216 4138 2376 4192 malis
2409 4137 2753 4201 alienandos,
2785 4133 3014 4190 adduxit
3046 4132 3330 4202 Scriptura
3352 4146 3499 4187 men-

1923 4228 2125 4283 tionem
2155 4226 2395 4282 l‘erarum
2413 4242 2535 4297 quae
2568 4225 2862 4297 aliquando
2885 4223 3227 4279 dominatum
3254 4221 3499 4276 obtinue-

1921 4327 2073 4381 runt,
2113 4324 2173 4370 ut
2203 4333 2301 4387 per
2332 4316 2674 4371 aversionem
2703 4315 2773 4369 ab
2808 4313 2875 4368 iis
2901 4325 3024 4382 quae
3054 4318 3185 4366 sunt
3206 4308 3501 4369 deteriora,

1922 4410 2149 4465 stabiles
2178 4423 2498 4462 maneamus
2539 4408 2594 4461 in
2625 4406 2807 4469 bonis,
2847 4418 3025 4473 neque
3050 4402 3312 4459 sistentes
3339 4398 3405 4452 ad
3449 4399 3500 4451 id

1920 4501 2066 4572 quod
2115 4489 2436 4556 est'melius
2478 4497 2859 4559 mutationem,
2916 4508 3093 4564 neque
3124 4506 3227 4547 nos
3268 4505 3498 4546 conver-

227 4588 345 4667 των
376 4572 580 4667 θηρίων
640 4579 668 4629 ὀ
718 4580 872 4648 λόγος
908 4585 1270 4653 προήνεγκεν,
1303 4589 1386 4641 ἵνα
1433 4595 1497 4661 τῇ
1532 4572 1812 4667 ἀποτροπῇ

1923 4600 2098 4646 tentes
2129 4590 2194 4645 ad
2233 4588 2459 4643 malum.
2492 4587 2785 4657 Propterea
2832 4585 2986 4655 jubet
3022 4597 3282 4655 sponsam
3315 4580 3499 4636 venire

229 4662 343 4715 τῶν
389 4666 646 4734 χειρόνων
678 4670 738 4721 τὸ
771 4671 986 4736 ἀκλινές
1036 4692 1093 4726 τε
1146 4677 1239 4730 καί
1285 4662 1707 4753 ἀπαράτρεπτον
1754 4662 1810 4738 ἐν

229 4756 345 4819 τοῖς
375 4758 598 4825 ἀγαθοῖς
626 4763 1082 4841 κατορθῴσωμεν,
1114 4768 1235 4821 οὔτε
1266 4772 1542 4842 ἱστάμενοι
1589 4776 1686 4846 τῆς
1718 4779 1812 4829 ἐπὶ

228 4846 294 4899 τὺ
336 4852 578 4940 κρεῖττον
618 4854 842 4924 τροπῆς,
873 4855 995 4909 οὔτε
1044 4859 1181 4928 πρὸς
1210 4862 1269 4914 τὸ
1299 4866 1464 4917 κακὸν
1494 4866 1809 4940 ἀλλοιούμε-

229 4952 335 4989 νοι.
369 4939 470 4992 Διά
515 4941 687 4997 ταῦτα
710 4945 803 4997 καὶ
841 4945 1014 4999 ἐλθεῖν
1037 4949 1381 5016 ὲγκελεύεται
1424 4956 1532 5009 ἀπὸ
1566 4958 1660 5010 τοῦ
1707 4939 1807 5012 Λι-

1919 4697 1948 4733 a
1993 4679 2223 4743 Libano,
2275 4685 2330 4733 et
2369 4678 2416 4732 ei
2452 4678 2506 4730 in
2545 4677 2863 4731 memoriam
2916 4684 3134 4729 revocat
3183 4669 3499 4739 speluncam

1920 4773 2137 4827 leonum
2171 4771 2224 4824 in
2256 4784 2362 4839 qua
2395 4768 2686 4823 stationem
2716 4768 2953 4824 habebat
2982 4784 2994 4819 :
3032 4774 3085 4820 et
3114 4768 3328 4816 montes
3366 4775 3495 4830 par-

1918 4866 2115 4919 dorum
2157 4862 2205 4917 ei
2234 4861 2473 4927 adducit,
2529 4862 2584 4915 in
2623 4861 2825 4930 quibus
2877 4857 3222 4918 versabatur,
3279 4852 3497 4922 quando

1915 4956 2081 5011 vitam
2113 4953 2343 5025 degebat
2368 4955 2532 5009 simul
2568 4969 2693 5009 cum
2717 4954 2933 5010 bestiis.

229 5028 394 5124 ξάνου
422 5031 529 5124 τὴν
556 5031 804 5104 νύμφην,
854 5037 947 5090 καὶ
999 5038 1097 5108 τῆς
1141 5040 1381 5113 μάνδρας
1426 5046 1535 5124 τῶν
1583 5047 1809 5100 λεόντων
1851 5045 2254 5117 ὑπομιμνήσκει
2291 5039 2410 5117 ὲνῇ
2449 5041 2719 5115 ηὐλίζετο,
2756 5047 2850 5099 καὶ
2910 5046 2977 5099 τά
3010 5049 3118 5104 τῶν
3183 5052 3496 5121 παροάλεων

226 5120 329 5192 ὅρη
360 5123 622 5195 προφέρει
663 5125 741 5196 τῷ
779 5127 939 5199 λόγῳ,
963 5124 1045 5189 οἷς
1075 5131 1399 5201 ἐνδιέτριϐεν
1443 5120 1528 5192 ὅτε
1555 5142 1668 5203 τοῖς
1701 5139 1908 5209 θηρίοις
1933 5134 2238 5208 ὁμοδίαιτος
2264 5132 2353 5210 ἦν’

318 5214 454 5266 Ἀλλ’
506 5214 690 5284 ἐπειδὴ
732 5218 962 5272 πάντοτε
1002 5222 1035 5290 ἡ
1062 5221 1155 5272 τοῦ
1188 5223 1358 5292 Λόγου
1404 5230 1589 5299 φωνὴ,
1646 5232 1809 5286 δυνά-

227 5300 377 5374 μεώς
422 5307 536 5357 ἐστι
583 5310 767 5377 φωνή·
826 5310 921 5361 καὶ
967 5310 1222 5384 καθάπερ
1278 5317 1368 5368 ἐπὶ
1422 5319 1522 5387 τῆς
1579 5323 1809 5387 κτίσεως

1981 5225 2090 5283 Sed
2121 5228 2248 5297 quia
2288 5243 2391 5283 vox
2437 5227 2595 5284 Verbi
2618 5237 2704 5285 est
2727 5231 2953 5283 omnino
2990 5246 3093 5284 vox
3124 5231 3344 5286 virtutis
3370 5273 3385 5295 ,
3437 5243 3494 5288 et

1907 5320 2185 5391 quomodo
2220 5322 2274 5374 in
2303 5322 2479 5391 prima
2506 5322 2784 5377 creatione
2826 5323 2919 5375 lux
2959 5322 3141 5376 illuxit
3167 5322 3331 5377 simul
3362 5338 3488 5378 eum

226 5392 599 5463 συνεξέλαμψε
625 5394 684 5447 τὸ
712 5396 827 5465 φῶς
847 5395 924 5467 τῷ
951 5401 1354 5470 προστάγματι.
1380 5406 1473 5458 καὶ
1504 5409 1804 5480 συνεπέστη

1928 5427 2083 5477 ussu,
2139 5419 2192 5466 et
2235 5428 2431 5469 rursus
2464 5412 2647 5468 Verbo
2684 5414 2986 5482 imperante
3012 5414 3259 5470 constitit
3302 5414 3513 5470 ﬁrma-~

222 5483 389 5537 πάλιν
430 5485 508 5554 τῷ
548 5490 932 5560 προστακτικῷ
968 5492 1175 5561 ῥήματι
1205 5494 1266 5546 τὸ
1310 5498 1616 5569 στερέωμα,
1648 5502 1740 5555 καὶ
1770 5503 1801 5572 ἡ

220 5573 385 5645 Αοιπὴ
413 5576 561 5629 πᾶσα
589 5577 764 5642 κτίσις
787 5578 1047 5644 ὡσαύτως
1073 5580 1151 5652 τῷ
1184 5587 1452 5656 ποιητικῷ
1484 5592 1803 5658 συνανεφαί-
1826 5626 1837 5641 κ

220 5682 344 5721 vrso
388 5666 579 5738 Λόγῳο
626 5668 715 5720 τὸν
753 5666 937 5722 αὐτόνι
963 5674 1162 5729 τρόπον
1216 5676 1310 5729 καὶ
1347 5677 1465 5743 νῦν,
1500 5678 1592 5732 τοῦ
1629 5681 1800 5749 Λόγου

329 5842 373 5873 ⁸⁷
415 5841 556 5899 Psal.
600 5860 655 5908 ι,
697 5845 749 5900 9.
828 5847 872 5877 "‘
916 5846 1062 5902 Psal.
1111 5864 1261 5915 cnn,
1324 5856 1371 5905 8.

1906 5512 2170 5570 mentum,
2203 5513 2257 5561 et
2280 5506 2528 5561 similiter
2558 5508 2809 5560 universa
2836 5512 3091 5558 creatura
3124 5504 3289 5558 simul
3327 5519 3490 5575 appa-

1909 5595 2021 5650 ruit
2058 5611 2181 5650 cum
2219 5596 2397 5651 Verbo
2424 5596 2704 5661 ellicienti;
2758 5597 2948 5650 eodem
2984 5596 3144 5649 modo
3176 5611 3321 5649 nunc
3352 5610 3490 5665 quo-

1912 5703 2018 5756 que
2054 5702 2176 5741 cum
2213 5686 2447 5742 Verbum
2497 5688 2752 5757 jussissct
2803 5688 2869 5743 ad
2902 5703 2962 5743 se
2990 5688 3175 5742 venire
3226 5687 3488 5746 animam.
