3866 6378
430 423 609 483 94·ι’

1664 437 1723 495 8.
1764 438 2094 497 GREGORI'I
2129 439 2424 497 NYSSENI

3614 447 3717 505 948

431 541 637 611 absque
671 542 779 597 ulla
808 544 1149 604 dubitatione
1176 547 1339 620 jussu
1366 552 1691 609 conﬁrmata
1725 571 1790 611 ac
1821 573 2011 614 corro-

2117 560 2212 632 τὴν
2239 558 2415 631 ψυχὴν
2458 558 2743 630 κρείττονα
2789 528 3089 631 γενομένην
3131 559 3268 631 πρὸς
3295 561 3494 614 ἑαυτὸν
3537 559 3714 615 ἐλθεῖν

430 629 642 697 borata,
679 635 803 690 talis
831 634 887 688 fit
909 638 1125 708 qualem
1155 654 1273 695 eam
1309 642 1426 697 vult
1465 658 1724 714 sponsus,
1763 648 2013 703 traducta

430 719 497 774 ad
538 720 590 776 id
622 724 768 793 quod
794 732 879 781 est
903 726 1168 792 divinius,
1201 738 1256 786 et
1287 745 1317 785 a
1346 732 1519 802 gloria
1565 735 1620 789 in
1644 746 1754 805 qua
1792 747 1912 793 erat
1944 739 2013 794 ad

429 815 717 883 superiore
741 837 769 868 ιι
840 820 1234 877 transformata
1289 825 1520 895 gloriam
1574 844 1676 899 per
1728 830 2012 899 pulchram

429 905 827 961 mutationem:
864 910 1002 965 adeo
1048 920 1107 965 ut
1141 922 1289 968 esset
1333 916 1680 972 admirationi
1710 920 1877 974 choro
1916 935 2015 974 an-

427 995 673 1063 gelorum
705 999 798 1068 qui
825 1009 910 1055 est
936 1002 1397 1074 circa-sponsum,
1424 1018 1479 1062 et
1502 1009 1684 1064 omnis
1711 1011 1872 1066 bonis
1899 1027 2016 1068 ver-

428 1086 513 1140 bis
560 1100 627 1141 ac
678 1089 935 1146 laudibus
986 1107 1106 1147 eam
1161 1108 1580 1167 prosequentes,
1636 1100 1775 1154 hanc
1825 1117 2013 1158 vocem

427 1177 739 1233 emitterent
763 1181 1218 1240 admirabundam
1243 1205 1255 1240 :
1278 1186 1384 1242 Cor
1404 1188 1646 1244 indidisti
1670 1191 1841 1256 nobis,
1862 1209 2014 1247 soror

429 1279 615 1324 nostra
655 1288 870 1341 sponsa.
904 1273 1041 1330 Nam
1077 1279 1365 1334 character
1406 1283 1827 1352 impatibilitatis
1854 1287 1904 1341 ei
1937 1286 2014 1341 si-

311 1358 325 1368 '
428 1360 632 1416 militer
664 1363 996 1422 illucescens
1031 1377 1196 1439 atque
1233 1373 1463 1442 angelis,
1490 1389 1609 1430 eam
1643 1376 1794 1431 ducit
1823 1377 1891 1431 ad
1922 1392 2016 1432 co-

427 1456 744 1522 gnationem
789 1469 841 1513 et
873 1458 1275 1519 fraternitatem
1322 1481 1505 1520 rerum
1543 1467 2012 1537 incorporearum,

428 1551 490 1597 ut
517 1560 640 1615 quae
677 1547 730 1602 in
765 1564 932 1606 carne
964 1566 1024 1605 se
1071 1553 1144 1608 ita
1179 1558 1434 1625 gesserit,
1481 1566 1541 1612 ut
1579 1561 1745 1615 nullis
1773 1560 2013 1617 allicere-

431 1640 522 1689 tur
566 1638 736 1694 animi
786 1645 1314 1711 perturbationibus.
1359 1647 1655 1720 Propterea
1702 1652 1892 1707 dicunt
1920 1655 2010 1709 ei:

432 1724 542 1783 Cor
590 1729 835 1786 indidisti
882 1736 1055 1803 nobis,
1108 1754 1261 1792 soror
1303 1748 1489 1794 nostra
1522 1758 1737 1811 sponsa.
1786 1742 2015 1814 PrOprie

2116 650 2604 721 ἐγκελευσαμένου,
2645 648 2982 713 ἁδιαστὰτως
3012 648 3391 720 δυναμωθετσα
3423 650 3506 721 τῷ
3545 666 3711 721 προσ-

2114 736 2373 812 τάγματι,
2419 739 2643 811 τοιαύτη
2691 739 3025 811 γεγένηται,
3060 741 3182 795 οἵαν
3214 743 3245 794 δ
3286 741 3525 812 νυμφίος
3555 740 3708 795 ἐδού-

2115 833 2256 898 λεσο,
2287 832 2714 904 μεταποιηθεῖσα
2753 831 2889 904 πρὸς
2919 832 2983 885 τὸ
3012 831 3302 905 θειότερον,
3334 833 3432 887 καὶ
3468 832 3585 887 ἀπὸ
3614 834 3707 905 τῆ,

2114 925 2274 996 δόξης
2304 927 2361 977 ἐν
2449 920 2538 995 ἦν,
2569 922 2706 994 πρὸς
2727 923 2826 995 τὴν
2847 924 3125 995 ἀνωτέραν
3149 924 3304 990 δόξαν
3334 942 3705 996 μεταμορφω-

2116 1015 2272 1069 θεϊσα
2301 1015 2392 1070 διὰ
2436 1015 2537 1085 τῆς
2576 1015 2789 1086 ἀγαθῆς
2832 1015 3201 1081 ἀλλοιώσεωςο
3249 1016 3326 1080 ὡς
3372 1016 3568 1087 θαῦμα
3615 1033 3708 1083 γε-

2115 1106 2303 1160 νέσθαι
2331 1106 2409 1177 τῷ
2447 1107 2574 1178 περὶ
2606 1108 2697 1161 τὸν
2728 1108 2961 1179 νυμφίον
2993 1108 3100 1161 τῶν
3133 1108 3381 1176 ἀγγέλων
3404 1108 3584 1179 χορῷ,
3615 1110 3708 1161 καὶ

2117 1196 2325 1260 πάντας
2352 1196 2613 1267 εὐφήμως
2643 1196 2779 1268 πρὸς
2824 1196 2992 1267 αὐτὴν
3012 1198 3112 1269 τὴν
3150 1197 3533 1269 θαυμαστικὴν
3568 1216 3707 1269 προ⁸

2116 1290 2271 1345 ἐσθαι
2329 1291 2546 1362 φωνήν
2600 1291 2684 1344 ὅτι
2751 1290 3158 1358 Ἐκαρδίωσας
3211 1290 3399 1360 ἡμᾶς,
3459 1291 3703 1360 ἀδελφὴ

2114 1384 2285 1455 ἡμῶν
2308 1386 2534 1454 νύμφη.
2569 1385 2626 1438 Ὀ
2648 1383 2757 1456 γὰρ
2775 1385 2877 1453 τῆς
2898 1384 3164 1447 ἀπαθείας
3182 1384 3468 1456 χαρακτὴρ
3495 1386 3703 1455 ὁμοίως

2116 1474 2441 1545 ἐπιλάμπων
2468 1473 2607 1543 αὐτῇ
2653 1488 2713 1525 τε
2745 1472 2837 1525 καὶ
2880 1474 2992 1536 τοίς
3035 1472 3305 1540 ἀγγέλοις,
3338 1475 3417 1536 είς
3446 1473 3548 1544 τὴν
3592 1474 3704 1526 τῶν

2115 1566 2422 1637 ἀσωμάτων
2476 1564 2644 1635 αὐτὴν
2680 1564 2874 1632 ἀνάγει
2908 1562 3225 1631 συγγένειάν
3252 1581 3311 1616 τε
3342 1564 3438 1617 καὶ
3468 1564 3703 1634 ἀδελφό-

2114 1675 2274 1729 τητα,
2309 1657 2407 1727 τὴν
2457 1657 2514 1709 ἐν
2553 1657 2716 1727 σαρκὶ
2760 1655 2822 1709 τὸ
2865 1654 3073 1718 ἀπαθὲς
3120 1654 3567 1726 κατορθώσασαν.
3601 1656 3703 1708 Διὰ

2114 1749 2272 1802 τοῦτό
2313 1763 2444 1817 φασι
2497 1747 2632 1817 πρὸς
2674 1747 2880 1819 αὐτὴν
2928 1747 3009 1800 ὅτι
3060 1746 3463 1814 Ἕκαιρδίωσας
3511 1747 3701 1817 ἡμᾶς’

430 1825 669 1890 utroque
702 1823 926 1879 nomine
973 1827 1239 1895 glorians.
1280 1829 1500 1886 Sororis
1525 1834 1745 1902 quidem
1784 1845 2009 1900 nostrae,

2117 1840 2347 1909 ἀδελφὴ
2390 1837 2558 1907 ἡμῶν
2607 1841 2830 1907 νύμφη.
2873 1838 3090 1910 Κυρίως
3140 1838 3383 1909 ἐκατέρῳ
3417 1838 3528 1892 τῶν
3586 1842 3705 1894 ὀνο·

429 1916 654 1979 propter
677 1910 1096 1987 impatibilitatis
1119 1920 1500 1989 cognationem
1524 1940 1538 1977 :
1566 1938 1783 1993 sponsae
1809 1933 2013 1990 autem,

429 2012 652 2076 propter
695 2021 821 2062 cum
873 2008 1057 2067 Verbo
1100 2014 1574 2084 coniunctionem.
1612 2019 1786 2088 llujus
1832 2030 2012 2077 autem

428 2098 702 2163 vocabuli,
734 2098 1097 2173 Cordiﬁcasti,
1125 2109 1286 2163 talem
1310 2110 1689 2167 existimamus
1712 2128 1834 2167 esse
1854 2114 2018 2183 signi-

429 2189 778 2249 ficationem:
826 2195 1121 2264 Animasti,
1167 2200 1396 2269 perinde
1443 2218 1507 2257 ac
1541 2203 1587 2258 si
1618 2205 1695 2257 illi
1733 2205 2011 2260 dicerent:

428 2280 539 2337 Cor
564 2284 724 2339 nobis
753 2286 1022 2344 indidisti.
1056 2290 1476 2361 Perspicuitatis
1509 2303 1690 2350 autem
1720 2296 1919 2367 gratia,
1957 2308 2016 2350 ut

429 2374 581 2444 quod
613 2376 819 2432 dicitur
844 2382 1106 2436 sit-nobis
1140 2384 1459 2451 dilucidius,
1488 2401 1832 2443 assumemus
1877 2389 2017 2443 divi-

430 2480 561 2521 num
615 2470 937 2539 Apostolutn
992 2474 1059 2528 ad
1112 2474 1228 2530 lucc
1276 2476 1685 2546 interpretanda
1735 2481 2012 2549 mysteria.

427 2555 524 2639 ille
551 2560 698 2615 enim
731 2562 866 2617 dicit
891 2564 1111 2632 alicubi,
1142 2566 1211 2621 dc
1239 2569 1423 2637 seipso
1451 2571 1700 2626 scribens
1734 2572 1800 2625 ad
1839 2571 2016 2642 Ephe-

427 2648 562 2714 sios,
587 2652 809 2720 quando
842 2656 1004 2711 nobis
1034 2658 1281 2712 narravit
1302 2673 1553 2729 magnam
1588 2661 1736 2715 illam
1769 2679 1891 2733 qua:
1921 2680 2016 2733 per

424 2754 649 2794 carnem
680 2744 891 2799 exstitit
915 2743 1009 2799 Dei
1045 2748 1462 2816 apparitionem,
1504 2749 1648 2819 quod
1690 2766 1796 2804 non
1837 2754 2011 2807 solum

428 2829 684 2888 humana:
712 2841 944 2901 naturae,
995 2839 1089 2893 sed
1124 2839 1291 2893 etiam
1328 2840 1727 2911 principatibus
1772 2850 1825 2896 et
1859 2857 2012 2912 pote-

429 2924 668 2980 statibus
698 2940 821 2995 quae
858 2936 988 2981 sunt
1036 2929 1094 2983 in
1116 2929 1311 2993 caelis,
1345 2938 1473 2983 nota
1504 2933 1679 2985 evasit
1730 2935 2035 3004 nutltiplex

429 3024 483 3069 et
514 3015 666 3069 varia
691 3015 786 3071 Dei
817 3019 1109 3086 sapientia,
1144 3020 1493 3076 manifestata
1523 3038 1621 3090 per
1646 3023 2015 3093 dispensatio.

428 3122 557 3163 nem
603 3107 810 3165 Christi
856 3111 1000 3166 inter
1027 3112 1301 3170 homines.
1349 3113 1427 3167 Ita
1463 3122 1646 3169 autem
1686 3116 1849 3171 habet
1874 3132 2010 3172 con-

2122 1932 2311 2002 μάτων
2348 1928 2745 2000 σεμνυνομένη.
2791 1927 3018 1997 ’Λδελφὴ
3056 1928 3151 1998 μὲν
3182 1928 3423 1999 ἡμετέρα
3468 1929 3555 1981 διὰ
3602 1930 3702 1999 τὴν

2116 2023 2215 2092 τῆς
2240 2019 2510 2083 ἀπαθείας
2549 2019 2898 2088 συγγένειαν
2948 2018 3131 2089 νύμφη
3175 2019 3251 2082 δὲ,
3298 2019 3385 2072 διὰ
3428 2020 3527 2090 τὴν
3562 2020 3701 2092 πρὸς

2116 2113 2207 2166 τὸν
2234 2111 2407 2180 Λόγον
2440 2111 2754 2179 συνάφειαν.
2791 2108 2899 2163 Τοῦ
2923 2110 2980 2163 δέ
3010 2109 3377 2177 ἐκαρδίωσας
3403 2110 3465 2163 τὸ
3490 2128 3699 2181 σημαι-

2116 2202 2357 2276 νόμενον*
2367 2201 2604 2257 τοιοῦτον
2625 2197 2763 2255 εἶναι
2783 2200 3096 2271 νομίζομεν,
3128 2194 3237 2254 οἷόν
3264 2202 3379 2253 ἐστι
3407 2202 3487 2265 τὸ,
3524 2201 3704 2270 Ὲψύ-

2116 2310 2340 2367 χωσας,
2373 2295 2505 2347 ὡσεὶ
2550 2295 2736 2362 ἔλεγον
2765 2292 2900 2363 πρὸς
2930 2292 3119 2363 αὐτὴν,
3157 2294 3238 2345 ὅτι
3306 2292 3544 2364 Καρδίαν
3569 2296 3699 2363 ἡμῖν

2116 2389 2397 2460 ἐνέθηκας.
2460 2385 2767 2455 Σαφηνείας
2796 2384 2855 2438 δὲ
2898 2385 3079 2455 χάριν,
3112 2384 3187 2447 ὡς
3218 2381 3286 2461 ἂν
3317 2383 3526 2451 γένοιτο
3557 2384 3699 2453 μᾶλ-

2113 2479 2206 2533 λον
2252 2480 2565 2546 καταφανὲς
2596 2478 2731 2547 ἡμῖν
2763 2476 2825 2529 τὸ
2874 2475 3184 2545 λεγόμενον,
3234 2475 3324 2527 τὸν
3360 2473 3502 2527 θεῖον
3538 2476 3700 2528 ’Λπό-

2117 2571 2303 2625 στολον
2349 2569 2485 2639 πρὸς
2529 2566 2627 2638 τὴν
2660 2566 2768 2620 τῶν
2819 2564 3132 2637 μυστηρίων
3166 2564 3369 2619 τούτων
3399 2564 3697 2635 ἑρμηνείαν

2116 2659 2571 2732 παραληψόμεθα.
2622 2658 2760 2729 Φησὶ
2807 2657 2917 2729 γάρ
2971 2674 3073 2710 που
3120 2657 3228 2710 τῶν
3282 2657 3477 2711 ἑαυτοῦ
3521 2656 3695 2723 λόγων

2115 2756 2321 2816 ἐκεῖνος
2367 2750 2504 2820 πρὸς
2563 2750 2841 2819 Ἐφεσίους
2891 2750 3140 2820 γράφων,
3185 2750 3273 2802 ὅτε
3323 2748 3418 2819 τὴν
3453 2749 3696 2819 μεγάλην

2114 2846 2425 2917 οἰκονομίαν
2463 2845 2566 2914 τῆς
2607 2843 2696 2897 διὰ
2741 2843 2941 2914 σαρκὸς
2974 2843 3344 2913 γεγενημένης
3378 2841 3697 2910 θεοφανείας

2114 2940 2249 3010 ἡμῖν
2297 2938 2594 3009 διηγήσατο
2618 2951 2631 2964 ’
2672 2936 2755 2989 ὄτι
2801 2935 2862 2988 οῦ
2904 2935 3062 3005 μόνον
3109 2937 3143 3005 ἡ
3179 2932 3490 3005 ἀνθρωπίνη
3536 2932 3696 3001 φύσις

2115 3029 2405 3099 ἐπαιδεύθη
2430 3028 2501 3081 τὰ
2532 3029 2649 3082 θεῖα
2672 3027 2761 3081 διὰ
2782 3027 2884 3096 τ’ής
2912 3028 3133 3097 χάριτος
3160 3026 3361 3092 ταύτης
3390 3026 3691 3096 μυστήρια·

2114 3121 2252 3175 ἀλλὰ
2300 3122 2393 3175 καὶ
2440 3122 2560 3183 ταῖς
2602 3120 2799 3190 ἀρχαῖς
2847 3119 2943 3171 καὶ
2988 3120 3108 3181 ταῖς
3157 3116 3426 3181 ἐξουσίαις
3475 3118 3534 3169 ἐν
3586 3116 3693 3179 τοῖς

426 3206 651 3257 textus:
684 3199 753 3255 Ut
778 3203 1071 3258 innotescat
1092 3205 1479 3273 principatibus
1508 3216 1557 3260 et
1582 3211 1930 3276 potestatibus
1957 3211 2012 3265 in

2120 3213 2462 3286 ἐπουρανίοις
2513 3210 2817 3281 ἐγνωρίσθη
2869 3213 2902 3281 ἡ
2961 3209 3341 3272 πολυποίκιλος
3392 3208 3551 3276 σοφία
3603 3205 3694 3260 τοῦ

428 3292 729 3348 caelestibus
758 3312 851 3365 per
887 3295 1185 3351 Ecclesium
1223 3299 1571 3367 multiformis
1604 3302 1869 3369 sapientia
1896 3302 2013 3366 Dei,

429 3383 720 3438 secundum
760 3387 1168 3457 prta/initionem
1214 3392 1557 3456 saculorum,
1605 3409 1765 3463 quam
1807 3393 1929 3461 fecit
1961 3396 2017 3449 in

430 3475 643 3531 Christo
665 3476 796 3533 Iesu
819 3478 1045 3537 Domino
1064 3491 1243 3538 nostra
1270 3484 1333 3538 ".
1367 3485 1423 3538 ln
1446 3500 1555 3555 quo
1581 3485 1844 3544 habemus
1879 3487 2019 3544 ﬁdu-

429 3560 574 3623 ciam
622 3578 678 3626 et
726 3587 1010 3629 accessum
1065 3574 1120 3628 in
1160 3574 1492 3650 confidentia
1538 3594 1634 3647 per
1667 3578 1827 3635 fidem
1872 3581 2013 3649 ejus.

429 3660 644 3717 Revera
679 3665 824 3719 enim
876 3681 972 3735 per
1003 3665 1308 3722 Ecclesiam
1359 3668 1657 3726 innotescit
1686 3688 2017 3742 supermun-

430 3754 592 3810 danis
621 3758 989 3825 potestatibus
1016 3760 1163 3813 varia
1189 3766 1244 3815 et
1276 3761 1561 3831 multiplex
1597 3761 1690 3818 Dei
1723 3765 2014 3834 sapientia,

430 3863 553 3916 quae
583 3864 679 3918 per
711 3851 991 3905 contraria
1041 3866 1133 3907 res
1165 3850 1328 3907 eflieit
1361 3869 1591 3925 magnas
1617 3863 1671 3911 et
1718 3854 2016 3912 admirabi-

431 3937 531 3992 les.
580 3937 869 4004 Quomodo
909 3941 1056 3994 enim
1088 3940 1229 3995 facta
1257 3941 1361 3996 fuit
1405 3945 1515 3997 vita
1548 3959 1644 4014 per
1676 3955 1927 4009 mortem,
1964 3955 2019 4001 et

430 4043 531 4098 per
574 4038 858 4098 peccatum
889 4029 1131 4098 justitia,
1159 4038 1214 4087 et
1244 4047 1342 4103 per
1382 4034 1822 4090 maledictionem
1847 4037 2014 4094 bene-

2117 3304 2275 3369 Θεοῦ,
2306 3304 2395 3357 διὰ
2413 3304 2513 3374 τῆς
2541 3303 2683 3357 κατὰ
2713 3302 2949 3372 Χριστὸν
2978 3303 3037 3354 ἐν
3075 3304 3186 3364 τοῖς
3219 3300 3523 3371 ἀνθρώποις
3552 3300 3697 3351 olm-

2119 3397 2312 3469 νομίας
2356 3395 2750 3468 φανερωθεῖσα.
2781 3390 2940 3464 Ἔχει
2987 3393 3046 3447 δὲ
3089 3394 3121 3463 ή
3155 3391 3299 3457 λέξις
3326 3391 3526 3453 οὕτως’
3562 3391 3697 3444 Ἵνα

2117 3486 2420 3560 γνωρισθῇ
2448 3487 2577 3552 ταῖς
2605 3485 2818 3555 ἀρχαῖς
2848 3485 2947 3539 καί
2973 3484 3102 3550 ταῖς
3132 3483 3440 3548 ἐξουσίαις
3467 3483 3538 3535 ἐν
3579 3481 3699 3547 τοῖς

2117 3580 2498 3649 ἐπουρανίοις
2524 3577 2624 3632 διὰ
2648 3576 2760 3647 τῆς
2797 3576 3159 3645 Ἐκκλησίας
3183 3576 3221 3641 ἡ
3261 3573 3699 3638 πολυποίκιλος

2118 3674 2305 3742 σοφία
2330 3671 2436 3726 τοῦ
2476 3669 2647 3733 Θεοῦ,
2684 3668 2835 3722 κατὰ
2867 3669 3156 3736 πρόθεσιν
3183 3664 3302 3719 τῶν
3341 3662 3586 3726 αἰώνων,
3621 3661 3700 3731 ἢν

2118 3767 2408 3833 ἐποίησεν
2433 3764 2505 3817 ἐν
2533 3759 2766 3830 Χριστῷ
2799 3758 3001 3827 Ἰησοῦ
3025 3758 3105 3823 τῷ
3140 3758 3330 3825 Κυρίῳ
3362 3754 3547 3825 ἡμῶν.
3612 3755 3700 3808 Ἐν

2118 3851 2164 3927 ᾧ
2201 3857 2399 3928 ἔχομεν
2427 3854 2526 3925 τὴν
2561 3851 2874 3925 παρρησίαν
2903 3851 2997 3903 καὶ
3028 3847 3392 3921 προσαγωγὴν
3425 3846 3482 3897 ἐν
3507 3861 3698 3897 πεποι-

2120 3951 2275 4022 θήσει
2306 3947 2395 4002 διὰ
2425 3947 2526 4017 τῆς
2572 3946 2809 4006 πίστεως
2854 3940 3041 3996 αὐτοῦ.
3083 3940 3174 4011 Τῷ
3197 3940 3313 3993 δντι
3340 3937 3447 4009 γὰρ
3471 3935 3560 3990 διὰ
3600 3935 3701 4004 τῆς

2132 4039 2457 4109 Ἐκκλησίας
2487 4035 2812 4107 γνωρίζεται
2839 4035 2959 4097 ταῖς
2992 4030 3382 4103 ὐπερκοσμίοις
3408 4028 3701 4120 δυνάμεσιν

430 4118 621 4183 dictio,
661 4128 714 4173 et
764 4135 861 4189 per
905 4120 1266 4191 ignominiam
1327 4124 1525 4194 gloria,
1582 4134 1635 4181 et
1689 4129 1863 4183 virtus
1918 4144 2015 4197 per

2120 4133 2153 4203 ἡ
2183 4130 2397 4200 ποικίλη
2445 4126 2537 4182 τοῦ
2568 4125 2702 4181 θεοῦ
2738 4124 2920 4193 σοφία,
2952 4125 2986 4194 ἡ
3015 4121 3105 4176 διὰ
3146 4122 3255 4175 τῶν
3291 4119 3549 4174 ἐναντίων
3577 4118 3702 4172 Gau-

433 4208 905 4265 imbecillitatem?
947 4210 1082 4267 Nam
1140 4214 1195 4268 in
1234 4214 1515 4284 prioribus
1550 4220 1888 4287 temporibus
1928 4235 2015 4274 so-

2124 4222 2555 4293 ματουργήσασα
2602 4215 2668 4269 τὰ
2720 4213 2930 4285 μεγάλα
2960 4211 3272 4283 θαυμάσια’
3324 4211 3439 4274 πῶς
3467 4208 3576 4279 γὰρ
3604 4210 3699 4277 γε·

433 4301 541 4355 lam
571 4301 880 4372 simplicem
918 4312 973 4360 et
1005 4305 1336 4363 uniformem
1378 4308 1473 4363 Dei
1499 4309 1824 4378 sapientiam
1861 4327 2015 4367 novc«

2119 4330 2243 4383 γονε
2269 4312 2358 4364 διὰ
2391 4308 2623 4362 θανάτου
2654 4307 2788 4376 ζωὴ,
2823 4305 2919 4359 καὶ⁹
2942 4303 3254 4375 δικαιοσύνη
3287 4304 3373 4357 διὰ
3399 4303 3499 4371 τῆς
3522 4303 3706 4372 ἁμαρ-

430 4400 558 4448 rant
599 4397 1062 4465 supramundanm
1105 4406 1429 4469 potestates,
1487 4412 1853 4472 congruenter
1905 4422 2015 4461 suae

2118 4406 2261 4468 τίας,
2292 4403 2386 4457 κοιλ⁵
2427 4401 2515 4455 διὰ
2569 4400 2812 4469 κατάρας
2855 4396 3097 4464 εὐλογία,
3149 4396 3242 4449 καὶ
3284 4394 3412 4460 δόξα
3454 4393 3542 4446 διὰ
3601 4394 3705 4463 τῆς

430 4500 644 4544 natura:
674 4487 961 4546 facientem
999 4492 1285 4548 miracula.
1316 4491 1427 4548 Nec
1460 4493 1530 4550 iis
1573 4511 1695 4565 quae
1725 4499 2015 4554 cerneban-

2122 4494 2364 4566 ἀτιμίας,
2414 4492 2508 4547 καὶ
2546 4490 2634 4544 διὰ
2685 4491 2780 4561 τῆς
2824 4487 3107 4551 ἀσθενείας
3146 4489 3179 4558 ἡ
3216 4487 3468 4556 δύναμιςς
3518 4484 3705 4552 Μάνην

434 4590 523 4635 tur
552 4589 672 4637 erat
700 4584 1002 4655 quidquam
1046 4585 1281 4652 varium,
1332 4586 1387 4641 in
1428 4601 1495 4642 eo
1538 4588 1685 4657 quod
1716 4604 1840 4643 cum
1874 4603 2015 4647 esset

2123 4557 2233 4660 γὰρ
2272 4557 2487 4649 ἐντοῖς
2519 4584 2626 4653 πρὸ
2657 4557 2843 4636 τοῦτον
2875 4581 3089 4653 χρόνοις
3136 4580 3234 4651 τὴν
3285 4577 3461 4648 ἁπλῆν
3502 4595 3560 4629 τε
3607 4581 3705 4629 καὶ

429 4669 609 4726 virtus
666 4687 730 4727 ae
781 4682 1027 4744 potestas
1076 4682 1276 4731 natura
1309 4677 1517 4744 divina,
1575 4679 1746 4735 libere
1798 4696 2015 4737 omnem

2126 4679 2368 4753 μονοειδῆ
2397 4677 2492 4731 τοῦ
2535 4676 2669 4730 Θεοῦ
2703 4676 2895 4745 σοφίαν
2936 4676 2991 4727 αἱ
3041 4673 3397 4744 ὑπερκόσμιοι
3443 4669 3703 4738 δυνάμεις

433 4759 644 4816 faceret
670 4771 978 4820 creaturam
1012 4768 1130 4822 solo
1157 4776 1308 4824 motu
1343 4776 1398 4825 et
1423 4771 1661 4841 impulsu
1695 4773 2016 4841 voluntatis,

430 4860 487 4907 et
521 4868 710 4909 rerum
761 4865 1017 4912 naturam
1058 4858 1338 4915 deducens
1370 4861 1439 4913 ad
1481 4862 1913 4932 generationem,
1965 4874 2021 4919 et

431 4944 617 5000 omnia
647 4944 852 5002 faceret
881 4948 1041 5005 valde
1066 4950 1297 5020 pulchra
1321 4953 1604 5006 manantia
1627 4968 1691 5008 ex
1722 4952 1871 5008 fonte
1900 4955 2020 5023 pul-

431 5035 786 5092 chritudinis.
817 5036 1044 5093 Varium
1077 5048 1258 5096 autem
1306 5041 1411 5095 hoc
1441 5056 1508 5096 ac
1538 5043 1818 5112 multiplex
1849 5058 2020 5114 genus

431 5129 736 5198 sapienti-te,
787 5131 932 5199 quod
974 5139 1194 5187 constat
1223 5147 1290 5187 ex
1334 5134 1676 5191 connexione
1726 5150 1853 5189 cum
1887 5152 2020 5192 con-

430 5222 639 5283 trariis.
700 5237 848 5278 nunc
903 5232 1094 5294 aperte
1149 5224 1329 5279 edocti
1375 5236 1506 5281 sunt
1551 5241 1648 5296 per
1690 5226 2019 5315 Ecclesiam',

432 5328 630 5385 nempe
675 5317 1137 5385 quemadmodum
1167 5316 1405 5377 Verbum
1448 5335 1582 5375 caro
1622 5320 1702 5383 fit,
1757 5323 2018 5391 quemad-

2122 4774 2451 4844 ἐγίνωσκον,
2514 4768 2862 4839 καταλλήλως
2913 4766 3242 4838 ἐνεργοῦσαν
3289 4766 3353 4835 τῇ
3422 4762 3582 4831 φύσει
3634 4762 3701 4814 τὰ

2123 4864 2377 4934 θαύματα
2397 4881 2410 4895 ·
2457 4862 2551 4915 καὶ
2588 4857 2830 4913 ποικίλον
2862 4854 2929 4930 ἦν
2962 4859 3019 4909 ἐν
3050 4859 3163 4920 τοῖς
3190 4856 3486 4926 ὁρωμένοις
3528 4853 3698 4910 οὐδὲν,

2122 4959 2180 5010 ἐν
2224 4953 2302 5025 τῷ
2331 4952 2559 5021 δύναμιν
2602 4948 2961 5029 ἔχουσαντὴν
2996 4946 3145 5003 θείαν
3181 4946 3361 5014 φύσιν,
3395 4945 3577 4997 πᾶσαν
3604 4943 3701 5010 τὴν

2123 5024 2301 5101 κτίσιν
2335 5044 2455 5098 κατ’
2506 5041 2752 5109 ἐξουσίαν
2795 5024 3142 5111 ἐργάζεσθαι,
3195 5039 3252 5091 ἐν
3293 5035 3424 5107 μόνῃ
3459 5038 3525 5106 τῇ
3559 5037 3698 5103 ὁρμῇ

2123 5138 2217 5192 τοῦ
2237 5137 2541 5206 θελήματος
2557 5133 2654 5204 τὴν
2682 5131 2791 5185 τῶν
2808 5131 2977 5185 ὄντων
3008 5130 3168 5200 φύσιν
3203 5131 3282 5192 είς
3306 5128 3520 5197 γένεσιν
3545 5128 3702 5194 ἄγου-

2127 5245 2245 5291 σαν,
2281 5229 2375 5281 καὶ
2420 5227 2592 5279 ποιεῖν
2638 5224 2708 5277 τὰ
2757 5223 2935 5277 πάντα
2982 5221 3124 5275 καλὰ
3169 5221 3308 5284 λίαν,
3352 5219 3422 5272 τὰ
3468 5218 3577 5272 ἀπὸ
3606 5218 3699 5285 τῆς

2122 5321 2216 5374 τοῦ
2248 5319 2413 5372 καλοῦ
2446 5317 2631 5387 πηγῆς
2667 5315 3024 5386 ἀναΰρύοντα.
3059 5314 3132 5367 Τὸ
3172 5314 3227 5367 δέ
3270 5313 3509 5366 ποικίλον
3548 5311 3701 5364 τοῦτο

434 5406 656 5461 modum
707 5410 872 5464 morti
919 5409 1030 5465 vita
1089 5410 1376 5476 miscetur,
1422 5411 1887 5482 quemadmodum
1919 5429 2015 5468 suo

2126 5413 2225 5481 τῆς
2258 5412 2449 5479 σοφίας
2474 5405 2632 5472 εἶδος,
2661 5409 2722 5461 τὸ
2752 5408 2817 5460 ἐκ
2843 5407 2941 5474 τῆς
2976 5407 3111 5476 πρὸς
3139 5405 3205 5458 τὰ
3232 5404 3449 5458 ἐναντία
3485 5403 3700 5455 διαπλο-

434 5494 609 5556 livore
668 5501 893 5571 suisque
953 5502 1231 5560 vibicibus
1298 5513 1486 5559 nostra
1534 5512 1694 5559 sanat
1752 5504 2015 5559 vulnera:

2127 5504 2229 5567 κῆς
2280 5500 2685 5570 συνιστάμενον,
2719 5498 2815 5552 νῦν
2870 5496 2958 5551 διὰ
3004 5498 3105 5567 τῆς
3143 5494 3463 5566 Ἐκκλησίας
3518 5494 3701 5561 σαφῶς

435 5591 898 5655 quemadmodum
943 5590 1540 5655 imbecillitatem-uois
1570 5594 1716 5648 vires
1746 5607 2015 5664 expugnat

2130 5593 2468 5665 ἐδείχθησαν,
2504 5592 2620 5655 πῶς
2664 5594 2690 5644 ὸ
2734 5589 2904 5658 Λόγος
2933 5587 3070 5658 σὰρξ
3098 5587 3323 5656 γίνεται,
3360 5585 3477 5649 πῶς
3522 5588 3555 5655 ἡ
3589 5585 3696 5654 ζωὴ

433 5680 780 5739 adversarii:
828 5684 1292 5755 quemadmodum
1330 5684 1387 5741 in
1435 5700 1603 5742 carne
1641 5684 2015 5742 manifestatur

2132 5686 2347 5756 θανάτῳ
2379 5686 2654 5755 μίγνυται,
2699 5682 2815 5745 πῶς
2843 5681 2921 5753 τῷ
2957 5680 3070 5750 ἰδίῳ
3104 5678 3329 5750 μώλωπι
3367 5677 3467 5748 τὴν
3506 5675 3697 5747 ἡμετέ-

509 5856 556 5890 ”
595 5855 799 5914 Euhes.
859 5875 943 5921 tu,
983 5860 1182 5916 ιο-ιε.
