3866 6370
260 403 374 465 949

1283 405 1346 459 ΙΝ
1377 404 1673 461 CANTICA
1694 404 1964 463 CANTIC.
2000 404 2290 463 HOMILIA
2326 404 2461 460 VIII.

3417 404 3521 457 950

266 538 368 596 ραν
398 520 607 588 ὲξιᾶται
646 521 858 591 πληγήν
878 536 891 549 ⁸
942 520 1057 583 πῶς
1088 524 1151 591 τῇ
1182 521 1432 595 ἀσθενείᾳ
1469 523 1560 577 τοῦ
1612 524 1842 597 σταυροῦ

1950 525 2004 581 id
2031 524 2181 596 quod
2223 538 2337 580 non
2370 520 2517 579 cadit
2554 520 2658 576 sub
2701 528 3007 593 aspectum,
3062 514 3520 587 quemadmodum

260 611 632 669 καταπαλαίει
686 611 780 665 τοῦ
811 612 1187 683 ἀντικειμένου
1211 614 1307 683 τὴν
1339 614 1567 685 δύναμιν
1589 633 1601 646 ·
1644 616 1760 681 πῶς
1788 616 1849 671 τὸ

259 704 495 774 ἀόρατον
524 703 580 755 ὲν
612 703 775 772 σαρκὶ
822 701 1181 774 φανεροῦται·
1230 704 1347 768 πῶς
1397 706 1675 771 ἐξωνείται
1724 710 1849 771 τοὺς

260 793 668 865 αἰχμαλώτους,
708 792 868 854 αὐτός
914 810 973 844 τε
1020 792 1096 845 ῶν
1128 796 1155 847 ὁ
1204 794 1527 862 ὠνούμενος,
1563 798 1655 850 καὶ
1688 798 1848 860 αὐτὸς

259 884 454 955 χρῆμα
496 882 809 952 γινόμενος”
856 882 1044 936 ἑαυτὸν
1091 884 1199 954 γὰρ
1260 884 1426 938 ἔδωκε
1460 884 1653 957 λῦτρον
1710 888 1847 958 ὑπὲρ

262 974 423 1044 ἡμῶν
471 973 549 1041 τῷ
585 972 830 1044 θανάτῳ·
864 972 981 1037 πῶς
1031 975 1122 1027 καὶ
1168 978 1225 1028 ὲν
1250 975 1326 1047 τῷ
1358 976 1575 1048 θανάτῳ
1621 979 1843 1047 γίνεται.

260 1062 361 1115 καὶ
391 1062 489 1132 τῆς
516 1060 660 1130 ζωῆς
700 1062 800 1113 οὐκ
834 1061 1106 1126 ἐξίσταται
1126 1080 1139 1092 ⁸
1166 1064 1281 1126 πῶς
1318 1066 1409 1118 καὶ
1441 1069 1499 1120 ὲν
1530 1070 1596 1138 τῇ
1636 1069 1847 1139 δουλεία

262 1152 686 1223 καταμίγνυται,
727 1155 819 1207 καὶ
848 1156 903 1206 ὲν
934 1156 999 1225 τῇ
1048 1153 1291 1226 βασιλείᾳ
1326 1157 1493 1226 μένει.
1528 1159 1711 1213 Πάντα
1740 1162 1845 1231 γὰρ

259 1243 437 1300 ταῦτα
473 1245 568 1298 καὶ
610 1245 677 1298 τά
717 1245 939 1299 τοιαῦτα
988 1246 1207 1300 ποικίλα
1255 1247 1382 1301 ὄντα
1411 1249 1505 1304 καὶ
1553 1252 1650 1321 οὐχ
1701 1252 1846 1305 άπλᾶ

258 1336 364 1409 τῆς
399 1336 590 1406 σοφίας
625 1336 782 1408 ἔργα,
826 1337 914 1391 διὰ
954 1338 1053 1408 τῆς
1111 1337 1433 1412 Ἐκκλησίας
1468 1342 1516 1394 οἱ
1565 1341 1705 1410 φίλοι
1751 1343 1843 1397 τοῦ

260 1428 501 1500 νυμφίου
535 1428 812 1499 μαθόντες,
866 1428 1291 1500 ἐκαρδιώθησαν,
1327 1430 1484 1485 ἄλλον
1519 1436 1845 1507 χαρακτῆρα

258 1523 366 1592 τῆς
393 1520 539 1583 θείας
563 1519 753 1587 σοφίας
784 1521 841 1572 ἐν
865 1519 943 1590 τῷ
989 1521 1271 1591 μυστηρίῳ
1300 1526 1729 1593 κατανοήσαντες
1751 1543 1763 1555 ·
1794 1528 1844 1578 εί

257 1611 322 1665 δὲ
364 1610 438 1682 μὴ
482 1609 876 1682 τολμηρότερον
905 1612 1051 1663 ἐστιν
1080 1614 1272 1678 εἰπεῖν,
1303 1614 1441 1684 τάχα
1478 1615 1718 1669 κάκεῖνοι
1757 1617 1843 1671 διά

258 1701 367 1772 τῆς
386 1699 602 1771 νύμφης
630 1700 691 1753 τὸ
711 1701 801 1753 τοῦ
825 1701 1058 1771 νυμφίου
1082 1700 1275 1766 κάλλος
1304 1702 1501 1768 ίδὸντες
1525 1704 1842 1776 ἐθαύμασαν

242 1792 325 1871 ’τὸ
358 1793 491 1846 πᾶσι
523 1794 633 1855 τοῖς
658 1788 806 1846 οὖσιν
832 1793 1060 1864 ἀόρατόν
1085 1811 1143 1847 τε
1183 1795 1276 1848 καὶ
1304 1796 1707 1868 ἀκατάληπτον.
1747 1800 1842 1853 Ὃν

1948 618 2168 674 redimit
2192 616 2458 687 captivos,
2497 628 2621 669 cum
2652 614 2769 683 ipse
2794 613 2863 668 sit
2887 612 2979 683 qui
3019 619 3185 674 emat,
3217 617 3269 664 et
3309 610 3379 665 sit
3406 610 3523 679 ipse

1948 708 2219 780 pretium:
2247 708 2489 780 s‘eipsum
2522 704 2668 761 enim
2708 704 2856 760 dedit
2885 718 2983 775 pro
3018 702 3185 769 nobis,
3214 701 3377 755 morti
3402 716 3524 771 pre-

1948 776 2084 854 tium
2114 776 2530 868 redemptionis:
2558 794 3015 866 quemadmodum
3041 801 3095 848 et
3123 801 3208 847 est
3241 792 3293 846 in
3325 800 3521 857 morte,

1949 898 2003 944 et
2031 906 2061 944 a
2090 890 2202 945 vita
2233 904 2342 945 non
2372 888 2613 943 recedit:
2662 885 3121 958 quemadmodum
3158 893 3212 938 et
3258 883 3521 945 miscetur

1950 982 2199 1037 servituti
2233 991 2286 1037 et
2312 988 2493 1035 manet
2523 979 2577 1034 in
2617 993 2802 1050 regno.
2847 976 2982 1032 Nam
3015 992 3139 1032 cum
3169 976 3283 1030 haec
3314 976 3520 1038 omnia,

1947 1078 2001 1124 et
2028 1084 2149 1139 quae
2193 1077 2323 1125 sunt
2377 1067 2713 1139 hujusmodi,
2761 1082 2886 1122 cum
2927 1066 3037 1121 sint
3068 1066 3213 1119 varia
3241 1073 3295 1119 et
3339 1064 3522 1119 multi—

1948 1162 2132 1231 plicia,
2158 1178 2252 1232 per
2276 1160 2577 1217 Ecclesium
2599 1159 2927 1215 didicissent
2941 1158 3099 1212 amici
3131 1158 3339 1227 Speusi,
3358 1155 3524 1213 corde

1947 1254 2135 1309 donati
2176 1262 2324 1318 sunt,
2362 1261 2421 1308 ut
2448 1253 2539 1323 qui
2572 1252 2735 1306 alium
2778 1250 2978 1306 divinae
3008 1250 3287 1319 sapientiae
3326 1249 3521 1301 chara-

1947 1352 2150 1398 cterem
2187 1341 2674 1398 animadverterint
2701 1342 2756 1395 in
2787 1341 3074 1412 mysterio:
3123 1348 3176 1393 et
3220 1340 3263 1394 si
3301 1354 3406 1392 non
3451 1337 3521 1393 sit

1946 1436 2175 1490 nimium
2209 1435 2435 1490 audacis
2466 1435 2669 1498 dicere,
2712 1433 2788 1485 illi
2824 1433 2963 1487 forte
2983 1447 3107 1486 cum
3138 1446 3231 1501 per
3265 1445 3519 1500 sponsam

1947 1529 2133 1597 sponsi
2179 1528 2444 1582 vidissent
2494 1524 2982 1595 pulchritudinem,
3016 1522 3269 1576 admirati
3311 1529 3439 1576 sunt
3468 1520 3518 1572 id

1946 1618 2090 1688 quod
2116 1617 2373 1674 omnibus
2398 1632 2520 1688 qua:
2546 1622 2696 1683 sunt,
2721 1623 2806 1672 est
2837 1613 3227 1685 iuaspectabile
3247 1622 3301 1669 et
3320 1612 3521 1667 incom-

1947 1711 2330 1781 prehensibile.
2381 1710 2521 1766 Deus
2572 1710 2753 1775 enim,
2810 1723 2969 1777 quem
3020 1721 3181 1762 nemo
3232 1704 3365 1759 vidit
3414 1719 3520 1758 un-

1943 1814 2128 1872 quam,
2164 1810 2222 1855 ut
2244 1798 2719 1863 dicitJoaunes”,
2750 1813 2851 1853 nec
2877 1805 3058 1868 potest
3084 1795 3283 1866 aliquis
3316 1795 3519 1858 videre,

255 1881 375 1954 γὰρ
420 1882 594 1946 οὐδεὶς
628 1883 840 1955 ἑώρακε
872 1882 1109 1951 πώποτε,
1137 1886 1319 1949 καθώς
1364 1904 1526 1959 φησιν
1569 1889 1839 1960 Ἰωάννης,

1946 1891 2086 1946 sicut
2109 1898 2339 1946 testatur
2357 1887 2638 1953 Paulus“,
2656 1903 2855 1957 corpus
2873 1902 3031 1942 suum
3057 1885 3184 1941 fecit
3200 1884 3519 1953 Ecclesium,

255 1975 385 2029 οὐδὲ
415 1975 542 2029 ἰδεῖν
566 1992 649 2040 τις
678 1975 920 2038 δύναται,
949 1976 1129 2041 καθὼς
1160 1979 1187 2031 ὁ
1222 1978 1433 2043 Παῦλος
1464 1986 1837 2053 μαρτυρεῖται,

255 2057 419 2130 οὗτος
449 2066 607 2137 σῶμα
637 2065 827 2120 ἑαυτοῦ
865 2067 962 2139 τὴν
1000 2067 1326 2140 Ἐκκλησίαν
1360 2071 1604 2142 ἐποίησε,
1633 2076 1724 2127 καὶ
1755 2073 1842 2127 διὰ

255 2159 361 2229 τῆς
385 2161 701 2232 προσθήκης
729 2159 837 2213 τῶν
878 2159 1219 2231 σωζομένων,
1270 2162 1542 2234 οἰκοδομεῖ
1575 2165 1744 2235 αὐτὴν
1783 2168 1839 2219 ὲν

254 2249 475 2324 ἀγάπῃ,
511 2252 701 2322 μέχρις
726 2252 791 2306 ἂν
822 2254 1243 2324 καταντήσωμεν
1262 2256 1311 2307 οἱ
1347 2254 1547 2320 πάντες
1577 2259 1656 2321 είς
1673 2258 1840 2328 ἄνδρα

255 2343 497 2407 τέλειον,
539 2346 617 2406 είς
677 2344 876 2415 μέτρον
934 2344 1149 2415 ἡλικίας
1202 2345 1295 2398 τοῦ
1336 2346 1696 2419 πληρώματος
1745 2349 1839 2402 τοῦ

256 2434 522 2505 Χριστοῦ.
557 2434 620 2489 Εἰ
664 2431 756 2490 οῦν
802 2436 959 2507 σῶμα
1005 2436 1099 2489 τοῦ
1152 2438 1389 2516 ὶξριστοῦ
1427 2440 1459 2509 ὴ
1528 2439 1839 2510 Ἐκκλησία,

255 2524 473 2597 κεφαλὴ
519 2525 576 2579 δὲ
628 2525 723 2579 τοῦ
778 2526 1026 2597 σώματος
1074 2528 1102 2580 ὁ
1156 2528 1408 2598 Χριστὸς,
1458 2529 1534 2599 τῷ
1586 2531 1703 2601 ἰδίῳ
1737 2549 1841 2602 χα-

259 2617 501 2689 ρακτῆρι
563 2617 788 2688 μορφῶν
849 2618 947 2688 τῆς
1011 2617 1338 2688 Ἐκκλησίας
1393 2619 1454 2672 τὸ
1509 2621 1835 2692 πρόσωπον·

251 2708 403 2778 τάχα
432 2707 517 2761 διὰ
543 2708 747 2762 τούτων
781 2709 917 2779 πρὸς
949 2710 1121 2764 ταῦτα
1158 2711 1444 2781 βλέποντες
1480 2716 1527 2766 οἱ
1557 2714 1699 2783 φίλοι
1745 2713 1838 2768 τοῦ

255 2798 515 2867 νυμφίου,
548 2799 955 2871 ἐκαρδιώθησαν
976 2816 989 2831 ο
1023 2802 1105 2856 ὅτι
1134 2802 1468 2875 τρανώτερον
1498 2806 1555 2859 ἐν
1589 2806 1722 2877 αὐτῇ
1750 2807 1839 2860 τὸν

252 2886 492 2957 ἀόρατον
536 2888 813 2957 βλέπουσι.
843 2888 1109 2962 Καθάπερ
1146 2894 1195 2944 οἱ
1239 2893 1400 2946 αὑτὸν
1445 2894 1537 2947 τοῦ
1572 2895 1722 2963 ἡλίου
1751 2896 1839 2949 τὸν

253 2976 462 3031 κύκλον
510 2981 636 3033 ίδείν
667 2982 1088 3046 ἀδυνατοῦντες·
1138 2983 1225 3037 διὰ
1274 2984 1331 3037 δὲ
1370 2984 1467 3055 τῆς
1512 2986 1604 3040 τοῦ
1652 2986 1841 3051 ὓδατος

253 3070 438 3140 αὐγῆς
466 3073 545 3135 εἰς
570 3073 731 3128 αὑτὸν
770 3075 1003 3146 ὁρῶντες
1023 3092 1036 3107 ’
1070 3075 1210 3129 οὕτω
1249 3078 1490 3131 κάκεῖνοι
1518 3078 1592 3141 ὼς
1623 3082 1678 3132 ὲν
1709 3097 1841 3132 κατ-

1944 1985 1997 2032 et
2028 1993 2123 2048 per
2172 1978 2541 2033 accessionem
2576 1992 2766 2032 eorum
2815 1977 2907 2047 qui
2941 1976 3075 2031 salvi
3130 1975 3287 2040 ﬁunt,
3345 1975 3517 2045 ipsam

1945 2069 2176 2124 aediﬁcat
2217 2070 2269 2123 in
2307 2069 2596 2142 charitat_e,
2635 2069 2811 2124 donec
2846 2082 3205 2135 occurramus
3237 2082 3429 2123 omnes
3464 2066 3518 2122 in

1944 2163 2122 2215 virum
2162 2159 2486 2231 perfectum,
2525 2161 2577 2216 in
2610 2175 2924 2215 mensuram
2956 2160 3133 2216 aetatis
3169 2158 3519 2229 plenitudinis

1943 2253 2146 2307 Christi
2170 2253 2238 2305 τ’.
2275 2249 2329 2305 Si
2354 2267 2485 2323 ergo
2504 2251 2745 2306 Ecclesia
2771 2261 2851 2305 est
2880 2266 3083 2321 corpus
3105 2250 3331 2315 Christi,
3365 2249 3521 2304 Chri-

1948 2353 2065 2398 stus
2092 2350 2270 2397 autem
2307 2351 2387 2398 est
2425 2353 2585 2412 caput
2617 2342 2888 2411 corporis,
2932 2358 3032 2397 suo
3066 2341 3382 2396 charactere
3409 2340 3523 2396 for-

1947 2450 2104 2489 mans
2149 2433 2341 2489 faciem
2372 2434 2648 2499 Ecclesiae,
2705 2435 2843 2488 forte
2888 2450 2984 2503 per
3021 2434 3123 2487 hoc
3160 2431 3225 2486 ad
3266 2447 3327 2486 ea
3377 2432 3523 2503 aspi—

1948 2525 2155 2580 cientes
2187 2526 2346 2579 amici
2382 2525 2592 2595 sponsi,
2639 2524 2806 2579 corde
2834 2523 3019 2580 donati
3051 2531 3212 2579 sunt:
3259 2522 3521 2594 quoniam

1945 2632 2042 2686 per
2080 2620 2253 2687 ipsam
2289 2617 2493 2670 clarius
2539 2616 2812 2685 aspiciunt
2860 2631 3121 2685 sponsum
3162 2616 3253 2686 qui
3290 2630 3399 2669 non
3431 2629 3524 2671 ca-

1945 2708 2024 2762 dit
2057 2708 2160 2764 sub
2189 2716 2492 2778 aspectum.
2531 2705 2593 2761 Et
2617 2706 2895 2777 quomodo
2937 2707 2972 2761 ii
3005 2708 3098 2777 qui
3133 2708 3307 2775 ipsum
3332 2707 3519 2762 orbem

1946 2801 2079 2856 solis
2140 2816 2247 2855 non
2303 2809 2533 2870 possunt
2573 2799 2786 2862 videre,
2844 2814 2936 2868 per
2978 2814 3132 2868 aqua:
3181 2798 3520 2869 splendorem

1946 2893 2124 2963 ipsum
2153 2891 2339 2947 vident
2362 2882 2378 2944 ἐ
2415 2892 2487 2945 ita
2538 2891 2613 2945 illi
2670 2906 2889 2961 quoque
2931 2891 2983 2945 in
3025 2892 3230 2945 mundo
3276 2890 3519 2959 speculo,

1950 3000 2144 3054 nempe
2193 2984 2331 3039 facie
2363 2983 2654 3047 Ecclesia),
2704 2982 2893 3037 vident
2935 2983 3103 3038 solem
3142 2982 3388 3053 justitiae,
3427 2982 3519 3051 qui

1949 3092 2047 3147 per
2081 3076 2133 3131 id
2162 3076 2307 3147 quod
2338 3085 2583 3145 apparet,
2617 3082 2798 3129 mente
2829 3075 3327 3144 comprehenditur.

251 3159 447 3233 ὀπτρῳ
480 3164 818 3234 καθορῶντες
850 3166 1095 3239 καθαρῷ,
1126 3168 1203 3240 τῷ
1252 3171 1524 3242 προσώπῳ
1565 3172 1664 3242 τῆς
1707 3171 2050 3244 Ἑκκλησίας,
2091 3170 2180 3223 τὸν
2214 3168 2311 3239 τῆς
2343 3167 2682 3238 δικαιοσύνης
2742 3168 2891 3238 ἥλιον
2958 3167 3230 3238 βλέπουσι,
3288 3168 3376 3220 τὸν
3435 3167 3522 3221 διὰ

251 3254 356 3309 τοῦ
384 3258 708 3329 φαινομένου
740 3260 1188 3332 κατανοούμενον.

332 3349 535 3405 Τούτου
585 3351 743 3425 χάριν
789 3354 887 3423 οὐχ
910 3352 1057 3418 ἅπαξ
1097 3356 1308 3426 εἴρηται
1359 3359 1425 3426 τῇ
1477 3355 1661 3429 νύμφῃ
1690 3358 1840 3428 παρὰ

2025 3353 2094 3407 Ea
2126 3354 2193 3407 de
2213 3368 2375 3406 causa
2400 3368 2508 3406 non
2534 3350 2703 3406 semel
2736 3356 2950 3404 tantum
2974 3349 3178 3405 dictum
3197 3360 3281 3405 est
3310 3366 3523 3421 sponsae

250 3438 374 3494 τῶν
400 3439 589 3510 φίλων,
623 3442 705 3503 τὸ,
749 3442 1165 3510 Ἐκαρδίωσας,
1192 3445 1328 3515 ὅπερ
1355 3447 1525 3510 ἐστὶν,
1552 3447 1633 3499 ὅτι
1650 3445 1841 3517 Ψυχὴν

249 3548 384 3585 τινα
412 3533 506 3586 καί
525 3532 766 3586 διάνοιαν
792 3533 926 3604 πρὸς
953 3536 1051 3604 τὴν
1087 3535 1181 3589 τοῦ
1220 3538 1395 3605 φωτὸς
1428 3540 1752 3608 κατανόησιν
1774 3536 1840 3589 δι’

252 3621 462 3691 ἑαυτῆς
489 3624 620 3692 ἡμῖν
652 3623 970 3694 ὲνεποίησας
994 3641 1005 3652 ·
1041 3624 1175 3677 ἀλλὰ
1220 3627 1315 3680 καὶ
1364 3626 1524 3680 πάλιν
1550 3627 1640 3680 τὸν
1683 3628 1842 3680 αὐτὸν

253 3710 778 3781 ἐπαναλαμϐάνουσι
824 3712 1018 3781 λόγον,
1073 3715 1411 3778 ἀξιοπιστίαν
1465 3716 1842 3786 προστιθέντες

251 3801 342 3872 τῷ
364 3801 661 3874 λεγομένῳ,
712 3802 800 3857 διὰ
844 3804 946 3874 τῆς
1002 3804 1396 3875 δευτερώσεως.
1451 3808 1682 3875 Λέγουσι
1734 3807 1843 3878 γὰρ

252 3893 803 3965 ὲπαναλαμϐάνοντες
823 3912 837 3926 ο
869 3896 950 3948 ὅτι
997 3897 1388 3965 Ἐκαρὸίωσας
1422 3896 1577 3967 ἡμᾶς
1604 3897 1691 3951 ἐνὶ
1723 3898 1842 3951 ἀπὸ

259 3986 595 4057 ὀφθαλμῶν
633 4004 770 4043 σου.
808 3988 976 4041 Τοῦτό
1003 3990 1120 4042 ἐστι
1169 3988 1401 4059 μάλιστα
1447 3989 1476 4042 ὃ
1506 3991 1603 4060 τὴν
1639 3990 1844 4060 θαυμα-

260 4078 461 4148 στικὴν
490 4075 773 4150 ἐνεποίησε
818 4082 929 4143 τοῖς
960 4079 1133 4149 φίλοις
1179 4081 1305 4151 περὶ
1349 4080 1446 4152 τῆς
1477 4079 1693 4151 νύμφης
1726 4080 1843 4134 διάο

254 4171 435 4225 θεσιν.
464 4170 668 4240 Διπλῆς
690 4171 800 4242 γὰρ
828 4170 992 4243 οὔσης
1019 4170 1085 4248 τῇ
1119 4173 1265 4244 ψυχῇ
1294 4172 1393 4243 τῆς
1424 4172 1654 4242 ὀπτικῆς
1695 4174 1844 4243 ὲνερ·

254 4263 458 4332 γείας*
508 4266 604 4320 καὶ
642 4265 740 4337 τῆς
792 4264 891 4336 μὲν
937 4265 1034 4336 τὴν
1068 4264 1323 4335 ἀλήθειαν
1374 4262 1609 4335 ὁρώσης,
1644 4265 1740 4333 τῆς
1787 4265 1842 4317 δὲ

254 4353 457 4424 ἐτέρας
506 4356 634 4427 περὶ
684 4355 751 4408 τὰ
806 4353 1010 4425 μάταια
1065 4354 1449 4424 πλανωμένηςο
1496 4355 1681 4423 ἐπειδὴ
1720 4356 1845 4426 περὶ

258 4448 445 4519 μόνην
461 4448 554 4501 τοῦ
581 4447 787 4519 άγαθοῦ
816 4449 914 4521 τὴν
949 4448 1109 4518 φύσιν
1143 4450 1411 4519 ἀνέῳκται
1443 4448 1543 4518 τῆς
1572 4449 1791 4517 νύμφης
1817 4450 1844 4500 ὁ

254 4540 504 4612 καθαρὸς
527 4540 804 4611 ὀφθαλμός
824 4556 839 4571 ο
871 4542 1032 4611 ἀργεί
1060 4539 1114 4592 δὲ
1138 4540 1353 4602 πάντως
1386 4541 1414 4591 ὁ
1445 4538 1843 4610 ἓτερος,τούτου

253 4631 424 4706 χάριν
467 4630 545 4703 τῷ
590 4634 669 4686 ἐνὶ
695 4633 803 4685 τῶν
846 4631 1139 4701 ὀφθαλμῶν
1188 4632 1556 4699 προσάγουσιν
1606 4632 1654 4681 οἱ
1699 4631 1844 4697 φίλοι

1942 3442 2013 3497 ab
2044 3439 2236 3495 amicis
2290 3439 2507 3510 sponsi,
2572 3436 2676 3493 Cor
2722 3436 2956 3492 indidisti
3008 3436 3171 3500 nobis,
3237 3442 3382 3510 quod
3416 3454 3518 3507 est,

1942 3535 2187 3590 Animam
2230 3533 2513 3606 quamdam
2553 3543 2607 3589 et
2649 3532 3057 3598 cogitationem,
3095 3531 3160 3584 ad
3205 3532 3341 3609 lucis
3369 3549 3520 3588 com-

1943 3623 2385 3696 prchensionem,
2419 3638 2513 3693 per
2562 3622 2790 3692 teipsam
2844 3621 3000 3677 nobis
3054 3623 3297 3677 indidisti
3349 3640 3362 3676 ε
3426 3628 3520 3681 sed

1942 3730 2135 3771 rursus
2154 3713 2399 3769 eamdem
2432 3720 2683 3784 repetunt
2709 3715 3036 3778 orationem,
3071 3729 3164 3782 per
3184 3729 3372 3769 eorum
3402 3732 3523 3786 quae

1943 3808 2203 3862 dicuntur
2246 3804 2588 3859 iterationem
2646 3804 2696 3858 id
2738 3805 2882 3875 quod
2916 3804 3117 3859 dicitur
3158 3802 3262 3861 ﬁde
3296 3807 3518 3877 dignum

1945 3898 2225 3953 facientes.
2281 3895 2477 3950 Dicunt
2529 3896 2675 3949 enim
2738 3904 3044 3966 repetentes
3081 3916 3092 3950 :
3126 3898 3233 3951 Cor
3280 3898 3523 3955 indidiin

1946 3989 2096 4044 nobis
2128 4005 2231 4043 uno
2265 4004 2330 4041 ex
2358 3987 2524 4041 oculis
2553 3987 2677 4040 tuis.
2715 3985 2828 4040 Hoc
2869 3998 2953 4041 est
2997 3989 3140 4058 quod
3186 3989 3379 4045 amicis
3425 3990 3520 4045 ad-

1945 4080 2255 4135 mirationis
2276 4080 2331 4147 in
2352 4094 2611 4149 sponsam
2639 4080 2931 4132 maximam
2952 4081 3133 4134 attulit
3156 4079 3519 4137 affectionem.

1944 4168 2077 4223 Nam
2121 4186 2243 4224 cum
2296 4172 2368 4224 sit
2408 4169 2607 4239 duplex
2639 4168 2833 4223 animae
2875 4170 3090 4224 videndi
3132 4173 3415 4240 operatio,
3471 4184 3523 4229 et

1946 4258 2115 4313 altera
2142 4240 2361 4328 quidem
2386 4257 2568 4312 videat
2592 4260 2898 4323 veritatem,
2930 4261 3099 4314 altera
3124 4276 3254 4316 vero
3278 4272 3525 4317 versetur

1948 4350 2003 4403 in
2035 4350 2201 4405 rebus
2227 4349 2380 4404 vanis
2422 4368 2436 4404 :
2491 4349 2935 4421 quandoquidem
2983 4352 3131 4406 circa
3167 4354 3338 4407 solam
3395 4354 3526 4409 boni

1948 4449 2197 4496 naturam
2252 4449 2475 4511 apertus
2522 4451 2607 4495 est
2656 4457 2827 4510 purus
2876 4456 3090 4511 sponsae
3120 4444 3336 4508 oculus,
3391 4447 3525 4500 alter

1947 4542 2127 4587 autem
2155 4531 2314 4602 plane
2354 4531 2568 4586 otiosus
2603 4539 2723 4599 est;
2756 4533 2845 4586 uni
2888 4547 2954 4587 ex
2986 4533 3159 4589 oculis
3194 4534 3351 4589 amici
3406 4536 3525 4589 lan-

1946 4624 2067 4679 dem
2100 4623 2374 4687 tribuunt,
2405 4636 2503 4693 per
2533 4639 2693 4692 quem
2729 4623 2904 4677 solum
2930 4623 3079 4677 illum
3103 4625 3523 4694 contemplatur,

252 4722 357 4777 τὸν
384 4723 624 4786 ἔπαινον,
659 4725 725 4777 δι’
754 4716 814 4778 οὗ
851 4724 1011 4795 μόνου
1040 4722 1235 4794 θεωρεῖ
1268 4721 1358 4775 τὸν
1409 4722 1589 4793 μόνον,
1638 4724 1842 4774 ἐκεῖνον

1949 4716 2124 4779 illum,
2170 4713 2416 4783 inquam,
2464 4714 2639 4769 solum
2668 4713 2762 4783 qui
2808 4714 3291 4784 comprehenditur
3327 4716 3380 4770 in
3421 4717 3516 4770 im-

252 4814 408 4883 λέγω
438 4816 527 4869 τὸν
554 4816 735 4885 μόνον,
766 4816 855 4868 τὸν
883 4817 939 4867 ἐν
967 4816 1032 4885 τῇ
1058 4815 1313 4884 ἀτρέπτῳ
1346 4830 1404 4865 τε
1439 4813 1530 4866 καὶ
1567 4813 1722 4879 ἀϊδίῳ
1747 4830 1843 4865 κα-

249 4906 742 4978 ταλαμϐανόμενον
773 4907 953 4975 φύσει,
987 4906 1077 4959 τόν
1106 4912 1162 4958 τε
1189 4905 1440 4975 ἀληθινὸν
1481 4905 1719 4976 Πατέρα,
1751 4904 1844 4956 καὶ

250 4998 353 5053 τὸν
382 4998 643 5069 μονογενῆ
686 4998 834 5063 Υίὸν,
864 4997 958 5050 καὶ
986 4996 1046 5050 τὸ
1075 4996 1227 5064 ἅγιον
1262 4995 1503 5065 Πνεῦμα.
1536 4996 1711 5049 Μόνον
1737 4997 1843 5067 γάρ

252 5090 409 5141 ἐστιν
446 5087 523 5151 ὡς
552 5087 783 5157 άληθῶς,
816 5086 878 5139 τὸ
904 5088 960 5138 ὲν
994 5087 1092 5158 μιᾷ
1118 5082 1488 5157 θεωρούμενον
1517 5084 1697 5153 φύσει,
1741 5103 1845 5155 μη-

250 5177 386 5233 δένα
413 5179 690 5250 χωρισμὸν
719 5178 751 5249 ἢ
782 5179 1134 5248 ἀλλοτρίωσιν
1161 5177 1258 5248 τῆς
1292 5178 1432 5231 κατὰ
1468 5178 1568 5241 τὰς
1597 5178 1836 5231 ὑποστά-

254 5288 378 5335 σεις
400 5272 663 5342 διαφορᾶς
695 5271 1043 5342 ἐμποιούσης.
1096 5269 1214 5322 Είσὶ
1259 5271 1366 5341 γάρ
1396 5287 1539 5334 τινες
1563 5271 1615 5323 οἳ
1655 5270 1839 5339 διαφό-

255 5378 379 5437 ροις
406 5362 701 5433 ὀφθαλμοῖς
722 5362 908 5424 κακῶς
936 5363 1063 5431 περὶ
1088 5361 1177 5414 τὸν
1200 5361 1540 5431 ἀνύπαρκτον
1563 5361 1838 5425 ὀξυωποῦ-

255 5469 368 5517 σιν,
420 5454 497 5516 εἰς
541 5452 741 5515 πολλὰς
786 5452 973 5520 φύσεις
1016 5452 1078 5504 τὸ
1099 5451 1159 5504 ’ἐν
1197 5454 1317 5515 ταῖς
1362 5450 1469 5503 τῶν
1501 5449 1839 5521 διαστρόφων

188 5558 204 5569 ⁶
249 5543 554 5615 ὀφθαλμῶν
604 5545 924 5614 φαντασίαις
976 5544 1462 5613 καταμερίζοντες·
1508 5536 1653 5594 οὗτοί
1705 5544 1841 5595 εἰσιν

249 5634 311 5689 οἱ
340 5634 620 5705 λεγόμενοι
661 5634 797 5688 πολὺ
825 5634 1129 5705 βλέποντες,
1162 5635 1211 5686 οἱ
1250 5634 1335 5688 διὰ
1379 5634 1469 5686 τοῦ
1512 5633 1680 5686 πολλὰ
1716 5631 1834 5702 βλέ-

1947 4806 2195 4861 mutabili
2225 4814 2279 4861 et
2314 4812 2519 4861 aeterna
2567 4813 2787 4871 natura,
2832 4821 3028 4877 nempe
3056 4824 3246 4861 verum
3285 4806 3521 4871 Patrem,

1943 4904 1997 4950 et
2022 4895 2363 4967 unigenitum
2386 4894 2609 4959 Filium,
2637 4903 2692 4950 et
2723 4903 2975 4951 sanctum
3016 4895 3303 4967 Spiritum.
3338 4895 3522 4951 Solum

1943 4987 2085 5042 enim
2122 5002 2247 5042 vere
2272 4994 2357 5043 est
2388 4987 2437 5041 id
2475 4986 2621 5057 quod
2651 4994 2758 5051 est,
2798 4986 2944 5057 quod
2986 4989 3040 5041 in
3074 5003 3179 5041 una
3211 4987 3525 5041 considera—

1943 5087 2031 5132 tur
2066 5086 2279 5144 natura,
2313 5080 2518 5132 nullam
2546 5076 2805 5133 afferente
2834 5079 3234 5149 separationem
3265 5084 3361 5130 aut
3391 5078 3520 5131 alie-

1948 5170 2225 5225 nationem
2258 5168 2564 5224 differentia
2593 5184 2713 5238 quae
2747 5177 2832 5224 est
2865 5170 2918 5221 in
2949 5166 3357 5239 bypostasibus.
3385 5165 3524 5220 Sunt

1946 5266 2091 5321 enim
2116 5265 2363 5319 nonnulli
2391 5264 2482 5335 qui
2510 5265 2572 5337 in
2599 5263 2829 5318 diversis
2853 5262 3029 5315 oculis
3058 5259 3197 5313 male
3223 5269 3352 5312 sunt
3378 5260 3523 5314 acris

1949 5360 2099 5414 visus
2142 5358 2197 5410 in
2244 5357 2298 5412 id
2336 5356 2483 5427 quod
2517 5371 2623 5410 non
2657 5361 2830 5424 potest
2863 5352 3184 5414 consistere,
3238 5350 3291 5404 in
3322 5351 3522 5405 multas

1947 5450 2332 5519 dispertientes
2355 5434 2579 5502 naturas
2600 5447 2650 5501 id
2678 5446 2822 5516 quod
2844 5459 3012 5498 unum
3032 5449 3114 5499 est
3136 5457 3521 5515 perversprum

1947 5543 2228 5597 oculorum
2288 5540 2610 5597 visionibus.
2657 5537 2698 5592 Ii
2741 5545 2870 5592 sunt
2911 5536 3006 5607 qui
3055 5535 3316 5590 dicuntur
3357 5536 3523 5590 multa

1948 5634 2215 5695 videntes,
2242 5632 2335 5702 qui
2360 5637 2643 5701 propterea
2671 5628 2816 5698 quod
2850 5627 3020 5683 multa
3055 5625 3352 5695 aspiciunt,
3388 5625 3523 5681 nihil

330 5814 379 5847 ⁷⁸
416 5810 623 5869 IJoan.
666 5828 741 5880 IV,
780 5813 865 5866 12.
941 5815 983 5845 τί
1020 5812 1039 5865 ι
1076 5809 1313 5865 Timoth.
1348 5826 1422 5878 vi,
1468 5810 1553 5863 16.
1630 5808 1675 5840 "
1712 5805 1910 5877 Ephes.
1955 5821 2028 5864 tv.
2074 5807 2160 5861 15.
