3866 6370
479 382 578 438 951

1729 390 1787 446 S.
1816 392 2148 451 CREGORII
2183 396 2272 451 ΝΥ
2285 397 2477 454 SSENI
3646 407 3727 464 952

484 500 673 559 vident
708 522 721 558 :
771 513 826 561 et
872 517 1146 576 quatenus
1189 525 1339 566 nunc
1384 510 1607 582 quidem
1643 512 1813 570 Deum
1857 515 2052 571 vident

2176 536 2298 573 πειν
2320 522 2556 593 ὁρῶντες
2576 523 2726 577 οὐδέν
2751 542 2764 554 ·
2808 526 2903 579 καὶ
2928 525 3042 579 ὅσοι
3070 524 3164 578 νῦν
3201 526 3300 596 μὲν
3335 538 3480 597 προς
3501 524 3589 578 τὸν
3620 525 3724 580 θεὸν

484 606 681 648 rursus
720 602 900 662 autem
934 597 989 651 in
1034 601 1413 658 materialibus
1445 604 1709 658 oberrant
1742 606 2066 674 visionibus,

481 692 611 738 sunt
648 685 870 758 indigni
918 705 1059 760 quos
1110 692 1366 752 laudibus
1416 706 1821 769 prosequantur
1867 700 2067 770 angeli,

479 785 538 828 ut
581 777 674 846 qui
717 792 1052 837 evanescant
1088 785 1142 839 in
1198 789 1507 857 phantasiis
1554 805 1745 846 eorum
1796 808 1918 862 quae
1958 807 2065 847 non

475 879 708 937 possunt
755 889 901 930 esse.
940 874 1043 942 Qui
1085 888 1270 935 autem
1322 882 1391 936 ad
1442 882 1611 937 Deum
1653 885 1829 939 solum
1866 887 2069 941 acriter

476 960 745 1031 intuetur,
779 977 864 1022 est
896 984 1075 1026 caecus
1110 972 1164 1025 in
1193 972 1317 1027 aliis
1355 975 1634 1040 omnibus,
1669 977 1892 1046 ad.quae
1921 979 2064 1048 vulgi

474 1051 736 1124 dirigitur
766 1069 1045 1129 aspectus.
1087 1060 1384 1134 Propterea
1417 1082 1527 1121 uno
1556 1058 1841 1122 oculorum
1870 1069 2066 1125 amicis

475 1140 634 1199 aﬂ'ert
664 1160 870 1219 sponsa
893 1151 1334 1211 admirationem.
1368 1156 1462 1212 Est
1482 1174 1611 1229 ergo
1636 1174 1815 1215 caecus
1841 1160 2063 1231 quidem

473 1235 523 1291 is
576 1238 671 1307 qui
722 1242 928 1298 multus
958 1243 1123 1301 habet
1150 1247 1365 1312 oculos,
1423 1250 1520 1319 qui
1560 1250 1753 1306 multis
1788 1252 1966 1307 oculis
1995 1254 2064 1307 ad
2094 1254 2101 1257 “

470 1342 609 1382 vana
657 1332 854 1402 aspicit
890 1335 1013 1391 :llle
1042 1346 1224 1393 autem
1260 1348 1347 1396 est
1390 1342 1536 1397 acris
1567 1342 1719 1399 visus
1750 1351 1805 1398 et
1849 1344 2063 1414 perspi-

471 1432 595 1485 cax,
631 1423 723 1493 qui
752 1439 849 1494 per
880 1442 1051 1483 unum
1084 1432 1282 1486 animae
1303 1432 1523 1487 oculum
1552 1433 1619 1488 ad
1651 1434 1828 1491 solum
1857 1434 2061 1489 bonum

470 1514 688 1582 aspicit.
1358 1512 1367 1525 “

541 1602 807 1670 Quaenam
839 1609 914 1665 sit
947 1621 1131 1669 autem
1163 1615 1253 1670 illa
1290 1634 1422 1683 una,
1456 1628 1549 1675 aut
1579 1622 1708 1690 quid
1738 1623 1810 1677 sit
1836 1631 2062 1693 torques

471 1695 599 1749 colli
632 1713 871 1768 sponsae,
906 1717 1017 1757 non
1047 1713 1133 1759 est
1160 1705 1386 1763 difﬁcile
1425 1710 1786 1767 considerare
1839 1727 1934 1782 per
1996 1728 2060 1766 ea

468 1802 593 1855 qua:
634 1787 859 1845 fuerunt
919 1795 1077 1863 prius
1120 1800 1461 1864 exaniinata,
1527 1803 1749 1857 etiamsi
1802 1804 2060 1861 videatur

2170 616 2357 684 ὁρῶσι,
2387 617 2547 671 πάλιν
2579 619 2637 672 δὲ
2673 621 2791 682 ταῖς
2819 619 3031 683 ὑλικαῖς
3066 619 3386 688 φαντασίαις
3417 619 3722 673 ὲπιπλανῶνο

2170 722 2281 769 ται,
2311 708 2521 776 ἀνάξιοι
2549 710 2650 781 τῆς
2678 712 2784 764 τῶν
2829 711 3076 781 ἀγγέλων
3116 712 3393 782 εὐφημίας
3435 710 3593 775 είσὶν,
3629 712 3724 772 ταῖς

2168 797 2278 851 τῶν
2314 801 2679 873 ἀνυπάρκτων
2721 805 3044 872 φαντασίαις
3068 804 3563 875 ὲμματαιάζοντες.
3600 804 3652 856 '0
3681 803 3722 855 ἃ

2170 893 2307 963 πρὸς
2339 894 2497 963 μόνον
2526 895 2587 948 τὸ
2603 894 2758 949 Θεῖον
2784 896 3064 963 όξυωπῶν,
3103 896 3300 966 τυφλὸς
3330 899 3390 950 ἐν
3436 900 3553 961 τοῖς
3579 896 3722 961 ἄλλοις

2170 987 2337 1041 πᾶσίν
2386 989 2525 1054 ἐστι,
2571 990 2708 1061 πρὸς
2742 989 2904 1061 κᾶπερ
2949 991 3006 1043 αί
3049 988 3157 1044 τῶν
3206 989 3421 1044 πολλῶν
3464 989 3723 1059 βλέπουσιν

2168 1077 2341 1147 δψεις.
2372 1080 2472 1134 Διὰ
2503 1080 2661 1135 τοῦτο
2687 1080 2763 1152 τῷ
2792 1082 2873 1135 ἑνὶ
2899 1080 3007 1134 τῶν
3030 1080 3322 1152 ὀφθαλμῶν
3347 1083 3499 1135 ποιεί
3524 1083 3633 1144 τοῖς
3658 1080 3724 1148 φί-

2166 1170 2278 1234 λοις
2317 1173 2351 1242 ή
2381 1172 2570 1244 νύμφη
2592 1173 2655 1226 τὸ
2691 1172 2898 1245 θαῦμα.
2931 1172 3141 1227 Οὐκοῦν
3167 1173 3361 1243 τυφλὸς
3392 1173 3499 1244 μέν
3543 1174 3676 1226 ἐστιν
3704 1176 3724 1225 ὀ

2167 1263 2569 1336 πολυόμματος,
2611 1268 2641 1319 ὁ
2683 1266 2820 1340 πρὸς
2847 1266 2917 1320 τὰ
2956 1267 3162 1337 μάταια
3208 1266 3428 1332 πολλοῖς
3458 1264 3723 1337 ὀφθαλμοῖς

2168 1353 2398 1423 βλέπων.
2468 1356 2789 1428 Ὀξυδερκὴς
2832 1359 2888 1412 δὲ
2934 1358 3028 1411 καὶ
3078 1356 3382 1428 διορατικδς
3438 1360 3667 1421 ἐκεῖνος,
3702 1360 3725 1409 ὁ

2163 1446 2229 1500 δι’
2260 1448 2379 1511 ἑνὸς
2401 1448 2494 1501 τοῦ
2526 1450 2625 1519 τῆς
2652 1449 2833 1520 ψυχῆς
2862 1447 3146 1519 ὀφθαλμοῦ
3171 1449 3306 1521 πρὸς
3336 1450 3504 1519 μόνον
3532 1449 3592 1502 τὸ
3614 1450 3723 1516 ἀγα·

2165 1537 2256 1591 θὸν
2297 1539 2528 1609 βλέπων.

2234 1630 2330 1693 Τίς
2370 1618 2463 1685 καὶ
2492 1630 2673 1701 ὲκεὶνη
2706 1631 2853 1684 ἐστὶν
2891 1633 2924 1701 ἡ
2976 1632 3093 1701 μία,
3131 1631 3163 1702 ἢ
3208 1631 3259 1685 τί
3304 1632 3366 1685 τὸ
3409 1632 3612 1704 ἐνθεμα
3649 1632 3721 1685 τοῦ

2161 1724 2436 1794 τραχήλου
2482 1724 2583 1793 τῆς
2628 1724 2866 1794 νύμφης,
2912 1725 2973 1777 ού
3020 1724 3252 1795 χαλεπὸν
3289 1725 3356 1779 ἂν
3384 1727 3478 1796 εἴη
3521 1725 3606 1778 διὰ
3636 1725 3721 1777 τῶν

2165 1815 2544 1887 ἐξητασμένων
2589 1815 3019 1883 ἐπιλογίσασθαι,
3065 1815 3167 1869 κᾶν
3197 1818 3325 1888 δοκῇ
3368 1835 3495 1881 πως
3538 1818 3720 1886 ἀσαφὴς

467 1879 732 1938 dictionis
763 1894 1054 1944 contextus
1075 1904 1198 1945 esse
1220 1892 1538 1949 obscurior.
1570 1897 1652 1949 lta
1675 1897 1821 1951 enim
1853 1897 2052 1953 habet:

2163 1874 2532 1978 ﬂ'iégtq‘alvat
2563 1906 2705 1961 κατὰ
2737 1874 2835 1977 τὴν
2869 1874 3199 1978 σύμφρασιν.
3233 1874 3390 1961 Οἱέτω
3410 1874 3525 1979 γάρ
3547 1874 3720 1974 63.6.1";

465 1971 575 2028 Cor
602 1975 849 2031 indidisti
875 1981 1024 2035 nobis
1063 1998 1165 2036 uno
1193 1999 1258 2036 ea:
1287 1987 1455 2041 oculis
1484 1993 1589 2042 tuis
1611 1989 1662 2042 in
1690 2005 1818 2052 una,
1853 1990 1905 2043 in
1942 2000 2052 2044 tor-

2162 1971 2324 2070 φησίν
2350 2018 2364 2032 ·
2416 2002 2495 2054 ὅτι
2534 1971 3118 2071 Ἑκαρδίωσας-ἢξαᾶς
3150 2001 3239 2054 ἐνὶ
3269 2001 3387 2057 ἀπὸ

463 2082 564 2136 que
593 2067 721 2121 colli
751 2071 851 2134 tui,
882 2071 1021 2126 adeo
1045 2081 1104 2127 ut
1134 2074 1269 2129 illud
1301 2078 1544 2147 quidem,
1579 2078 1644 2133 In
1695 2097 1824 2146 una,
1856 2097 2052 2138 conve-

2159 2067 2276 2145 ὰόυ
2303 2092 2371 2144 ἐν
2395 2088 2529 2161 μιᾷ,
2577 2067 2852 2159 ἐνθιέματι
2881 2067 3189 2159 τραχήλου
3224 2109 3359 2151 σου,
3422 2067 3501 2155 ὥς
3540 2067 3719 2159 τὺ-μὲν

461 2155 581 2208 niat
612 2156 663 2210 ei
691 2158 836 2226 quod
873 2158 991 2214 Uno
1017 2178 1085 2216 ex
1110 2164 1279 2218 oculis
1323 2169 1451 2232 tuis,
1486 2169 1922 2242 intelligentibus
1950 2189 2052 2228 no-

2172 2183 2277 2236 Ἐν
2310 2155 2439 2252 ptui,
2478 2155 2775 2254 σύμφωνον
2809 2155 2947 2234 εἶναι
3099 2182 3225 2237 Ἑνὶ
3268 2182 3388 2237 ἀπὸ
3425 2155 3718 2253 ὀφθαλμῶν

460 2248 546 2302 bis
567 2263 632 2303 ex
664 2255 1041 2324 assumptione
1071 2257 1225 2323 illud,
1253 2258 1322 2312 In
1347 2276 1453 2314 una
1482 2264 1685 2319 anima.
1711 2264 1891 2321 Multae
1907 2267 2055 2322 enim

457 2348 589 2394 sunt
624 2342 681 2396 in
717 2359 1052 2417 unoquoque
1087 2350 1491 2407 ineruditorum
1521 2357 1736 2422 animae,
1767 2358 1820 2411 in
1852 2359 2055 2428 quibus

456 2436 627 2490 animi
652 2439 1097 2507 perturbationes
1113 2459 1208 2514 per
1230 2444 1572 2501 dominatum
1596 2465 1757 2518 quem
1779 2444 2050 2516 obtinent,

455 2537 751 2585 transeunt
782 2531 838 2586 in
872 2548 1057 2589 mores
1096 2536 1314 2602 animae,
1335 2538 1401 2593 ad
1439 2538 1682 2595 dolorem
1715 2549 1768 2596 et
1799 2545 2052 2613 volupta-

454 2631 585 2688 tem,
619 2633 716 2679 aut
744 2625 882 2680 iram
911 2635 967 2682 et
1013 2636 1239 2692 metum,
1276 2643 1343 2684 ac
1397 2630 1745 2689 formidinem
1780 2643 1833 2689 et
1879 2639 2053 2691 conti-

452 2717 693 2771 dentiam
731 2726 945 2774 mutato
970 2720 1291 2776 charactere
1317 2722 1533 2776 animae.
1566 2725 1667 2790 Qui
1700 2733 1880 2781 autem
1912 2729 2055 2798 aspi—

448 2813 524 2866 cit
560 2811 628 2865 ad
660 2810 997 2868 uniformem
1029 2814 1299 2870 rationem
1333 2817 1458 2870 vita:
1484 2833 1605 2886 qua:
1639 2821 1819 2889 agitur
1848 2836 1910 2875 ex
1942 2822 2053 2876 vir-

449 2914 585 2971 tute,
615 2902 766 2974 quod
792 2920 900 2958 una
931 2906 1113 2959 anima
1144 2908 1313 2973 vivat,
1339 2910 1509 2964 latum
1543 2920 1628 2966 est
1653 2913 2048 2969 testimonium.

451 2997 540 3051 S‘ic
564 3011 695 3068 ergo
730 2995 1117 3069 distinguenda
1136 3009 1221 3056 est
1247 3004 1444 3069 oratio,
1471 3005 1617 3074 quod
1646 3006 1780 3060 illud
1806 3007 2047 3078 quidem,

2158 3012 2497 3067 διασταλτέον
2529 3012 2619 3066 τὸν
2652 3011 2829 3082 λόγον,
2878 3012 2955 3077 ὡς
2984 3012 3046 3065 τὸ
3083 3011 3182 3082 μὲν
3241 3011 3344 3065 Ἐν
3366 3008 3498 3079 μιᾷ,
3532 3008 3607 3079 τῷ
3637 3009 3709 3060 λα-

450 3090 507 3145 in
534 3105 660 3156 una,
709 3092 1072 3161 conjunctum
1125 3093 1174 3148 ei
1206 3095 1276 3149 sit
1309 3096 1455 3166 quod
1488 3099 1791 3167 praecessit,
1852 3101 1934 3156 sic
1984 3118 2051 3155 ex

2158 3104 2301 3157 δόντι
2353 3105 2698 3175 συνημμένον
2749 3099 2889 3157 εἶναι
2937 3103 3079 3157 κατὰ
3106 3103 3203 3175 τὴν
3233 3101 3445 3155 ἔννοιαν
3477 3100 3710 3155 νοούντων

450 3183 652 3239 mentis
680 3186 1044 3257 conceptione
1069 3187 1230 3243 nobis
1255 3188 1712 3260 intelligentibus,
1741 3202 1837 3246 aut
1858 3193 1910 3246 in
1941 3209 2048 3247 una

2158 3193 2333 3265 ἡμῶν,
2362 3195 2395 3265 ἦ
2428 3197 2486 3248 ὲν
2515 3197 2612 3266 μιᾷ
2662 3193 2827 3266 ψυχῇ,
2860 3195 2892 3265 ἦ
2919 3196 2976 3248 ὲν
3030 3196 3129 3265 μιᾷ
3175 3194 3534 3247 καταστάσει.
3569 3191 3635 3244 Th
3668 3187 3710 3239 δὲ

449 3276 657 3340 anima,
700 3284 794 3331 aut
827 3278 880 3333 in
930 3293 1043 3332 uno
1089 3286 1255 3334 statu.
1293 3279 1352 3333 ld
1391 3289 1572 3336 autem
1612 3284 1759 3353 quod
1793 3283 2051 3354 deinceps

2158 3285 2351 3356 ἑφεξῆς
2380 3285 2571 3355 ἑτέραν
2598 3285 2711 3356 ἔχει
2740 3285 2979 3339 διάνοιαν
2999 3303 3012 3319 ·
3041 3285 3102 3338 τὸ
3136 3285 3442 3354 Ἐνθέματι
3471 3283 3575 3337 τοῦ
3600 3297 3696 3349 τρο

449 3369 705 3439 sequitur
745 3370 912 3425 alium
950 3371 1115 3427 habet
1156 3389 1403 3438 sensum,
1442 3390 1638 3446 nempe.
1678 3387 1888 3448 torques
1927 3378 2051 3432 colli

2158 3378 2348 3447 χήλου
2395 3394 2547 3432 σου·
2605 3377 2681 3441 ὡς
2714 3377 2779 3432 ἄν
2827 3395 2912 3441 τις
2957 3378 3076 3431 ὅλον
3120 3376 3255 3448 πρὸς
3295 3377 3356 3429 τὸ
3406 3375 3708 3444 σαφέστερον

450 3461 558 3515 tui:
587 3472 647 3518 ut
674 3463 721 3521 si
747 3465 873 3534 quis
895 3465 1062 3532 dicat,
1088 3474 1263 3521 totum
1286 3467 1584 3526 traducens
1609 3471 1675 3525 ad
1698 3486 1918 3527 sensum
1941 3472 2050 3525 cla-

2158 3471 2503 3543 μεταὸάλλων
2537 3469 2701 3534 εἴποι,
2730 3471 2811 3549 δτι
2847 3469 2947 3523 Σου
2971 3475 3064 3526 καὶ
3102 3470 3131 3522 ό
3158 3468 3434 3539 ὀφθαλμὸς
3477 3462 3556 3530 εἷς
3589 3469 3707 3517 ἐστιν

455 3551 692 3608 riorem:
726 3552 792 3607 Et
822 3571 966 3612 unus
994 3565 1077 3611 est
1110 3556 1206 3611 tibi
1236 3559 1454 3624 oculus,
1475 3567 1531 3614 et
1552 3562 1733 3614 anima
1758 3578 1887 3626 una,
1920 3564 2048 3616 dum

2158 3565 2211 3616 ὲν
2244 3561 2321 3632 τῷ
2369 3562 2505 3634 πρὸς
2538 3561 2596 3614 ἓν
2643 3560 2893 3630 βλέπειν·
2944 3561 3037 3614 καὶ
3079 3560 3225 3631 ψυχὴ
3274 3561 3393 3631 μία,
3422 3559 3513 3613 διὰ
3553 3557 3608 3610 τὺ
3649 3553 3707 3625 μὴ

455 3645 510 3699 in
540 3661 714 3700 unum
757 3647 1010 3717 respicis,
1041 3659 1331 3722 propterea
1364 3652 1511 3723 quod
1542 3667 1648 3706 non
1684 3664 2051 3724 cognoscatur

2158 3655 2290 3726 πρὸς
2316 3654 2603 3723 διαφόρους
2646 3641 2929 3717 διαθέσειξ
2962 3651 3299 3724 μερίζεσθαι.
3358 3652 3467 3705 Καὶ
3509 3652 3542 3720 ἠ
3587 3648 3709 3708 θέσις

456 3751 523 3792 ex
549 3737 788 3795 diversis
831 3739 1238 3798 all'ectionibus.
1290 3741 1357 3797 Et
1397 3743 1535 3798 situs
1578 3744 1704 3797 colli
1735 3744 1815 3797 tui
1870 3744 2049 3813 perfe—

2158 3744 2245 3799 τοῦ
2297 3745 2569 3817 τραχήλου
2605 3762 2699 3798 σου
2745 3745 2805 3797 τὸ
2854 3744 3055 3798 τέλειον
3088 3743 3221 3814 ἔχει,
3273 3743 3363 3797 τὸν
3400 3742 3545 3796 θεῖον
3574 3737 3708 3807 ζυγὸν

453 3830 692 3885 ctionem
723 3830 908 3895 habet,
935 3849 1061 3887 cum
1092 3834 1339 3889 divinum
1363 3835 1552 3905 jugnm
1589 3836 2047 3891 sustulerit.Nam

2158 3839 2236 3906 ἐφ’
2264 3837 2457 3907 ἑαυτὴν
2496 3830 2763 3907 ἀραμένη.
2813 3835 2967 3889 Ἐπεὶ
3001 3831 3091 3888 οὖν
3119 3838 3177 3887 ὲν
3227 3835 3326 3905 μὲν
3354 3834 3433 3905 τῷ
3481 3834 3707 3903 ἐνθέματι

453 3921 610 3997 visus
644 3923 700 3977 in
726 3923 852 3978 colli
880 3925 1103 3994 quidem
1137 3934 1332 3994 torque
1364 3926 1510 3981 videt
1555 3926 1759 3982 Christi
1812 3928 2004 3998 jugum
2032 3946 2046 3984 :

2158 3928 2245 3981 τοῦ
2274 3928 2543 3999 τραχήλου
2573 3945 2666 3980 σου
2692 3927 2783 3979 τὸν
2812 3926 2905 3979 τοῦ
2937 3925 3173 3997 Χριστοῦ
3203 3926 3416 3997 ὁρῶμεν
3445 3925 3605 3994 ζυγόν
3625 3940 3637 3952 ·
3662 3922 3706 3973 ὲν

2158 2292 2296 2341 σου,
2332 2276 2593 2330 νοούντων
2636 2280 2667 2346 ἡ
2679 2277 2793 2345 μῶν
2833 2277 2975 2330 κατὰ
3006 2275 3318 2349 παράληψιν
3380 2277 3447 2330 τὺ
3505 2277 3604 2330 Ἐν
3631 2272 3716 2344 μιᾷ

2156 2366 2349 2437 Ψυχῇ·
2389 2368 2588 2421 Πολλαὶ
2630 2369 2738 2438 γὰρ
2761 2370 2818 2421 ὲν
2842 2369 3057 2437 ἑκάστῳ
3083 2368 3322 2438 γίνονται
3351 2367 3464 2420 τῶν
3490 2366 3717 2421 dit-1:65:3-

2154 2460 2487 2532 τωνψυχαὶ,
2535 2464 2593 2514 ἐν
2638 2456 2719 2525 οἷς
2752 2460 2822 2514 τὰ
2869 2460 3148 2532 moneta:
3185 2460 3283 2531 τῆς
3325 2462 3715 2530 ὲπικρατήσεως

2156 2556 2236 2616 εἰς
2268 2554 2359 2606 τὸν
2384 2554 2483 2623 τῆς
2506 2553 2682 2623 ψυχῆς
2716 2553 2881 2606 τόπον
2905 2552 3372 2624 ἀντιμεθίσταται,
3400 2551 3541 2621 πρὸς
3567 2549 3715 2619 λύπην

2156 2646 2249 2700 καὶ
2277 2646 2492 2716 ἡδονὴν,
2520 2644 2689 2715 θυμὸν
2716 2645 2809 2698 καὶ
2839 2645 3023 2713 φόϐον,
3054 2644 3146 2697 καὶ
3168 2642 3368 2697 δειλίαν
3389 2643 3487 2697 καὶ
3523 2643 3712 2713 θράσος,

2158 2737 2629 2809 μεταϐαλλομένου
2674 2735 2768 2788 τοῦ
2810 2736 2907 2806 τῆς
2945 2735 3125 2805 ψυχῆς
3166 2734 3539 2804 χαρακτῆρος.
3591 2734 3646 2785 Ἦ
3671 2730 3713 2783 δὲ

2156 2830 2293 2900 πρὸς
2319 2830 2408 2882 τὸν
2446 2828 2603 2897 λόγον
2641 2828 2827 2899 δρῶσα
2852 2828 2928 2899 τῷ
2973 2827 3234 2899 μονοειδεῖ
3256 2826 3357 2896 τῆς
3393 2826 3517 2879 κατ’
3541 2825 3712 2896 ἀρετὴν

2156 2921 2302 2992 ζωῆς
2335 2925 2431 2993 μιᾷ
2462 2922 2607 2993 ψυχῇ
2658 2923 2824 2993 συζῇν
2867 2921 3303 2993 μεμαρτύρηται.
3340 2916 3555 2973 Ούκοῦν
3599 2916 3712 2971 οὕτω

457 4012 515 4066 in
564 4011 858 4068 atl‘ectione
907 4021 1088 4069 autem
1140 4016 1195 4068 in
1238 4031 1365 4070 eum
1394 4017 1486 4086 qui
1536 4026 1620 4071 est
1658 4034 1786 4072 vere
1847 4019 2046 4079 bonus,

456 4118 630 4158 unum
660 4104 883 4158 oculum
914 4112 969 4159 et
998 4121 1163 4160 unam
1202 4107 1462 4161 animam.
1482 4107 1780 4178 Pi-Opterea
1825 4110 2050 4164 conﬁte-

455 4210 582 4249 mur
603 4195 752 4265 quod
777 4195 888 4251 tuis
916 4196 1200 4253 miraculis
1229 4213 1326 4253 cor
1359 4198 1628 4260 indidisti.
1666 4216 1835 4254 unum
1863 4210 2049 4256 osten-

454 4288 595 4343 dens
626 4288 869 4351 oculum,
905 4296 960 4343 et
993 4304 1158 4343 unam
1196 4290 1436 4344 animam
1472 4291 1528 4345 in
1558 4299 1753 4362 torque
1777 4292 1901 4345 colli
1927 4294 2002 4346 tui
2029 4312 2043 4346 :

452 4390 682 4452 torques
722 4387 905 4436 autem
952 4381 1078 4436 colli
1123 4397 1344 4453 sponsae
1381 4391 1466 4439 est
1504 4383 1694 4454 jugum
1737 4383 2044 4454 quoddam,

459 4475 605 4531 sicut
630 4474 893 4531 diximus.
913 4475 1091 4545 Atque
1112 4475 1229 4530 haec
1256 4476 1477 4545 quidem
1501 4485 1587 4532 est
1616 4477 1857 4532 laudatio
1879 4493 2046 4548 ange-

2150 4021 2205 4074 δὲ
2244 4024 2309 4091 τῇ
2346 4022 2474 4090 περὶ
2520 4020 2580 4072 τὸ
2602 4020 2772 4081 ὅντως
2806 4018 3009 4085 ἀγαθὸν
3034 4017 3291 4081 διαθέσει,
3327 4018 3423 4069 ἕνα
3457 4014 3705 4085 ὀφθαλμὸν

2152 4113 2247 4165 καὶ
2301 4112 2429 4183 μίαν
2477 4111 2674 4182 ψυχήν·
2741 4110 2825 4166 διὰ
2854 4110 3010 4163 τοῦτο
3063 4110 3431 4178 ὁμολογοῦμεν
3485 4110 3564 4161 ὅτι
3616 4108 3706 4164 τοῖς

2153 4205 2264 4265 σοῖς
2324 4203 2470 4273 ἡμᾶς
2524 4199 2798 4271 θαύμασιν
2845 4200 3217 4270 ἐκαρδίωσας,
3272 4200 3366 4252 ἕνα
3415 4198 3704 4252 δεικνύουσα

2149 4293 2426 4364 ὀφθαλμὸν
2455 4293 2548 4346 καὶ
2594 4292 2723 4362 μίαν
2751 4291 2929 4361 ψυχὴν
2958 4293 3017 4344 ὲν
3063 4290 3142 4360 τῷ
3194 4292 3449 4361 ὲνθέματι
3478 4292 3572 4344 τοῦ
3601 4304 3705 4358 apa-

2149 4380 2321 4457 χήλου
2365 4399 2491 4438 σου’
2548 4377 2752 4455 ἕνθὲμα
2797 4384 2853 4436 δὲ
2901 4381 2995 4436 τοῦ
3050 4383 3321 4454 τραχήλου
3368 4382 3471 4452 τῆς
3518 4382 3703 4451 νύμφης

2148 4478 2177 4528 ὁ
2233 4476 2396 4543 ζυγός
2452 4477 2604 4541 ἐστι,
2663 4474 2846 4539 καθὼς
2915 4473 3150 4545 εἴρηται.
3233 4473 3381 4544 Αὕτη
3451 4469 3699 4541 μενοῦνή

458 4570 636 4623 lorum
659 4583 768 4639 qua
791 4583 1052 4637 sponsam
1085 4576 1212 4623 sunt
1239 4569 1518 4638 prosecuti
1551 4577 1774 4638 propter
1797 4569 2046 4638 pulchri-

2158 4568 2261 4620 τῶν
2304 4567 2550 4636 ἀγγέλων
2618 4569 2763 4620 ἐστὶν
2811 4567 3089 4637 εὐφημία,
3152 4568 3218 4635 ἣν
3267 4567 3359 4621 ἐπὶ
3415 4565 3497 4635 τῷ
3550 4563 3701 4617 κάλλει

452 4660 697 4715 tudinem
738 4679 751 4713 :
804 4675 901 4715 eos
949 4660 1097 4715 enim
1122 4661 1640 4731 comprehendimus
1674 4676 1798 4715 esse
1838 4662 2044 4717 amicos

453 4753 672 4824 sponsi.
703 4752 781 4808 Ne
808 4754 1064 4808 videatur
1091 4762 1273 4807 autem
1302 4770 1426 4810 esse
1476 4754 1770 4807 temeraria
1820 4763 1876 4808 et
1905 4753 2043 4809 falsa

450 4849 574 4903 laus
610 4862 846 4917 sponsae,
881 4846 1172 4900 confirmat
1195 4844 1436 4901 Verbum
1472 4846 1774 4901 amicorum
1801 4848 1864 4900 de
1888 4862 2046 4917 spon-

452 4956 529 4997 επ
571 4939 985 5012 pulchritudine
1016 4937 1307 5007 judicium,
1360 4940 1413 4995 id
1466 4956 1568 4995 suo
1604 4939 1864 5013 suffragio
1895 4955 2046 4994 com-

450 5031 715 5103 probans.
748 5037 803 5084 et
852 5027 1175 5084 testimonio
1205 5029 1636 5099 pulchritudinis
1668 5030 1876 5099 majora
1928 5031 2046 5101 ipse

451 5124 604 5180 addit
639 5122 930 5188 miracula,
984 5122 1235 5178 oratione
1264 5123 1586 5178 describens
1618 5123 1943 5194 elegantiam
1980 5138 2044 5177 ac

450 5221 706 5275 decorem
741 5217 833 5286 qui
870 5216 1131 5271 tribuitur
1188 5216 1325 5286 ipsis
1387 5216 1669 5274 membris.
1720 5232 1882 5285 quem
1934 5214 2044 5269 Deo

453 5311 620 5365 dante
654 5310 910 5380 adjiciam
942 5311 998 5364 in
1031 5310 1100 5365 iis
1126 5325 1249 5379 quae
1286 5309 1545 5379 deinceps
1574 5319 1900 5378 sequuntur,
1935 5309 1981 5364 si
2012 5323 2042 5361 a

455 5400 641 5456 divino
672 5402 876 5456 auxilio
909 5402 1050 5457 datae
1082 5402 1243 5457 nobis
1279 5401 1481 5457 fuerint
1514 5403 1660 5456 vires
1719 5402 1785 5455 ad
1843 5400 2043 5454 intelli-

454 5495 694 5557 gentiam
726 5491 1138 5562 mysteriorum,
1170 5500 1225 5546 et
1272 5492 1339 5546 ad
1371 5491 1703 5560 agnitionem
1739 5491 2042 5561 pulchritu-

455 5579 599 5637 dinis
627 5582 911 5644 Ecclesiae,
939 5594 993 5637 et
1022 5584 1087 5638 ad
1136 5582 1352 5637 laudem
1384 5582 1570 5652 gloria:
1599 5584 1786 5651 gratiae
1835 5583 2043 5653 ipsius,

460 5662 512 5716 in
539 5668 760 5727 Christo
791 5670 945 5736 Jcsu,
972 5690 1133 5744 quem
1157 5674 1313 5731 decet
1344 5675 1526 5730 omnis
1569 5674 1742 5745 gloria
1784 5676 1839 5730 in
1872 5687 2045 5730 διορυ-

455 5755 524 5810 lil-
561 5764 761 5818 Amen.

2150 4659 2253 4727 τῆς
2299 4659 2515 4729 νύμφης
2570 4659 2930 4730 πεποίηνται·
2985 4658 3208 4721 τούτους
3259 4658 3365 4727 γὰρ
3412 4654 3551 4710 εἶναι
3604 4654 3701 4710 rei»;

2152 4752 2337 4820 φίλους
2383 4751 2478 4819 τῷ
2539 4751 2773 4821 νυμφίου
2819 4749 3250 4820 κατελαϐόμεθα.
3315 4752 3401 4813 Ὠς
3453 4750 3498 4803 δ’
3539 4750 3599 4803 ἂν
3642 4744 3698 4814 μὴ

2150 4843 2330 4912 δοκοίη
2383 4843 2603 4914 ἄκριτος
2650 4837 3012 4918 αύτῶνΙεῖναι
3080 4843 3174 4895 καὶ
3221 4837 3699 4913 διημαρτημένοςὸ

2152 4935 2392 5001 ἔπαινος,
2442 4936 2605 5005 κυροῖ
2650 4935 2759 4987 τῶν
2801 4933 2965 5003 φίλων
3011 4934 3108 5005 τὴν
3152 4936 3249 4987 ἐπὶ
3287 4933 3366 5001 τῷ
3416 4934 3593 4986 κάλλει
3624 4929 3699 4996 τῆς

2151 5026 2368 5097 νύμφης
2411 5025 2593 5097 κρίσιν
2622 5025 2958 5095 ἐπιψηφίσας
2993 5028 3022 5077 ό
3056 5025 3243 5093 Λόγος.
3283 5025 3376 5077 καὶ
3410 5021 3700 5093 προστίθησι

2151 5119 2246 5175 καὶ
2271 5118 2432 5180 αὐτὸς
2454 5117 2520 5170 τὰ
2556 5117 2726 5186 μείζω
2757 5117 3010 5187 θαύματα
3059 5119 3125 5186 τῇ
3164 5116 3436 5186 μαρτυρίᾳ
3478 5113 3565 5167 τοῦ
3593 5109 3699 5163 κά).-

2149 5212 2294 5274 λους,
2326 5208 2424 5280 τὴν
2458 5208 2643 5270 αὐτοῖς
2674 5211 2783 5271 τοῖς
2845 5207 3063 5271 μέλεσιν
3111 5206 3534 5274 ἐπιφαινομένην
3580 5201 3699 5269 ὥραν

2148 5301 2464 5372 διαγράφων
2497 5299 2574 5370 τῷ
2619 5300 2786 5368 λόγῳ,
2815 5299 2879 5370 ἣν
2910 5299 2968 5350 ἐν
3000 5298 3111 5361 τοῖς
3143 5295 3360 5365 ἐφεξῆς,
3407 5294 3536 5348 Θεοῦ
3561 5291 3697 5347 δεδύν-

2148 5412 2260 5458 τος,
2293 5393 2658 5463 προθήσομεν,
2691 5392 2743 5443 εἴ
2764 5389 2826 5458 γέ
2862 5407 2946 5452 τις
2976 5388 3185 5457 γένοιτο
3227 5390 3351 5460 ἡμῖν
3380 5388 3443 5439 ὲκ
3471 5385 3566 5455 τῆς
3591 5384 3699 5437 ἄνω·

2148 5489 2239 5541 θεν
2289 5484 2605 5557 συμμαχίας
2655 5482 2881 5553 δύναμις
2922 5483 3056 5553 πρὸς
3109 5481 3208 5553 τὴν
3260 5481 3577 5549 κατανόησιν
3614 5465 3698 5525 τῶν

2152 5580 2487 5650 μυστηρίων,
2521 5577 2615 5629 καὶ
2650 5578 2728 5639 εἰς
2760 5576 3053 5642 ἐπίγνωσιν
3083 5573 3177 5626 τοῦ
3210 5573 3438 5635 κάλλους
3462 5572 3555 5640 τῆς
3599 5564 3698 5619 Ἐκ·

2146 5671 2398 5743 κλησίας,
2446 5670 2542 5723 καὶ
2582 5670 2663 5731 είς
2700 5667 2917 5720 ἔπαινον
2944 5666 3043 5735 τῆς
3072 5663 3233 5735 δόξης
3263 5666 3361 5734 τῆς
3388 5664 3595 5733 χάριτος
3622 5653 3695 5709 αὖα

2146 5761 2278 5816 τοῦ’
2332 5764 2388 5814 ὲν
2443 5758 2663 5832 Χριστῷ
2721 5757 2916 5829 Ἰησοῦ,
2958 5751 3001 5824 ᾧ
3036 5756 3232 5827 πρέπει
3283 5755 3430 5808 πᾶσα
3479 5751 3594 5816 δόξα
3636 5744 3697 5805 εἷς

2148 5854 2274 5916 τοὺς
2302 5851 2521 5915 αἰῶνας.
2573 5852 2765 5921 Ἀμήν.
