3866 6366
304 407 410 466 953

906 530 1147 591 OMJAIA
1200 531 1276 584 Θ’.

379 615 442 670 Tl
482 613 944 684 ἐκαλλιώθησαν
986 621 1205 688 μαστοί
1260 637 1396 688 σου,
1455 620 1688 691 ἀδελφή
1737 639 1879 691 μου.

301 707 506 777 νύμφη
521 721 544 771 ;
572 708 634 760 Τί
669 707 1126 778 ἐκαλλιώθησαν
1144 713 1367 781 μαστοί
1391 729 1508 766 σου
1535 713 1652 767 ἀπὸ
1689 715 1878 778 οἵνου,

303 797 406 850 καὶ
443 799 604 868 ὀσμὴ
661 800 904 870 ἱματίων
953 815 1069 856 σου
1119 805 1268 870 ὑπὲρ
1320 805 1518 856 πάντα
1571 801 1879 872 ἀρώματα;

303 889 533 958 Κηρίον
581 891 988 952 ἀποστάζουσι
1035 895 1210 962 χείλη
1255 910 1396 958 σου,
1454 895 1658 964 νύμφη
1679 910 1692 924 ·
1739 896 1880 964 μέλι

303 983 405 1037 καὶ
441 981 598 1054 γάλα
629 984 744 1039 ὑπὸ
779 985 896 1052 τὴν
919 983 1209 1055 γλῶσσάν
1238 1003 1374 1050 σου,
1413 988 1510 1042 καὶ
1545 987 1706 1056 ὀσμὴ
1751 991 1880 1056 ίμα-

259 1113 272 1124 .
301 1071 444 1126 τίων
479 1089 595 1128 σου
645 1075 726 1141 ὡς
762 1075 922 1146 ὀσμὴ
963 1078 1234 1132 λιϐάνου.
1286 1078 1496 1146 Κῆπος
1535 1081 1880 1149 κεκλεισμέ-

301 1182 434 1232 νος,
462 1165 696 1236 ἀδελφή
727 1185 868 1238 μου,
903 1169 1110 1239 νύμφη
1137 1188 1150 1200 ·
1189 1169 1387 1239 κῆπος
1429 1172 1876 1242 κεκλεισμένος,

303 1256 469 1326 πηγὴ
500 1257 970 1328 ἐσφραγισμένη.
1033 1260 1394 1314 Ἀποστολαί
1441 1281 1558 1318 σου
1601 1264 1878 1332 παράδει-

304 1363 421 1414 σος
440 1345 606 1415 ροὦν
643 1350 794 1418 μετὰ
839 1350 1070 1418 καρποῦ
1120 1351 1488 1420 ἀκροδρύων,
1518 1355 1615 1406 καὶ
1663 1355 1879 1422 κύπροι

296 1439 451 1507 μετὰ
497 1438 748 1506 νάρδων.
792 1438 1024 1525 Νάρδος
1061 1440 1160 1494 καὶ
1197 1442 1430 1510 κρόκος,
1463 1443 1732 1512 κάλαμος
1778 1444 1875 1498 καὶ

300 1530 702 1602 κιννάμωμον,
731 1535 884 1604 μετά
925 1535 1169 1589 πάντων
1199 1535 1400 1600 ξύλων
1443 1534 1550 1590 τοῦ
1594 1535 1873 1600 Λιϐάνου,

302 1624 544 1693 σμύρνα
579 1625 678 1679 καὶ
713 1626 880 1695 ἀλωὴ
924 1628 1076 1697 μετά
1101 1626 1343 1682 πάντων
1380 1627 1626 1696 πρώτων
1649 1629 1873 1698 μύρων.

304 1714 474 1785 (Im-ﬁ
515 1716 733 1783 κήπου,
774 1718 874 1772 καὶ
905 1718 1094 1788 φρέαρ
1124 1719 1342 1786 ὓδατος
1372 1718 1601 1786 ζῶντος,
1630 1720 1728 1774 καὶ
1753 1721 1876 1786 ῥοι-

297 1805 547 1874 ζοῦντος
576 1809 696 1862 άπὸ
731 1809 836 1864 τοῦ
863 1810 1142 1864 Λιϐάνου.
1176 1808 1196 1828 ⁵

1343 420 1407 475 ΙΝ
1430 421 1726 478 CANTICA
1753 419 2023 476 CANTIC.
2066 420 2350 478 HOMILIA
2389 423 2477 478 IX.

1908 537 1956 592 Α

3453 424 3562 484 954

2554 537 2846 594 llOMlLIA
2905 534 2998 593 1X.

2057 627 2183 681 CAP.
2229 643 2303 690 tv,
2343 645 2393 680 ν.
2443 629 2529 684 10.
2601 631 2740 697 Quid
2785 631 3007 698 pulchra
3038 630 3182 699 facta
3215 639 3338 683 sunt
3399 629 3558 684 ubera

1988 726 2102 783 tua,
2130 735 2284 772 soror
2313 735 2425 774 mea
2455 725 2686 789 sponsa?
2722 721 2861 786 Quid
2913 721 3074 776 ubera
3135 733 3228 776 tua
3258 721 3404 790 facta
3438 733 3558 776 sunt

1985 811 2302 877 speciosiora
2324 813 2462 878 vino,
2485 824 2534 868 at
2563 814 2692 867 odor
2717 815 3137 866 vestimentorum
3163 823 3374 866 tuorum
3399 829 3559 882 supra

1986 902 2165 956 omnia
2193 906 2468 958 aromata?
2497 903 2640 958 11.17
2643 921 2796 958 avum
2823 903 3089 958 distillant
3117 903 3258 957 labia
3277 912 3561 972 tua,spon-

1985 1007 2082 1048 sa:
2117 994 2218 1047 mel
2240 1003 2289 1048 et
2320 993 2405 1048 lac
2427 994 2524 1048 sub
2553 995 2730 1065 lingua
2757 1005 2868 1058 tua,
2895 1004 2944 1048 et
2974 995 3106 1050 odor
3136 999 3559 1050 vestimentorum

1986 1093 2196 1138 tuorum
2225 1093 2477 1155 tanquam
2515 1083 2645 1139 odor
2676 1085 2863 1140 thuris.
2899 1085 2986 1140 12.
3025 1085 3225 1140 Hortus
3258 1087 3556 1148 conclusus,

1983 1189 2138 1226 soror
2168 1190 2284 1228 mea
2312 1190 2528 1244 sponsa,
2560 1175 2744 1228 hortus
2769 1175 3064 1240 conclusus,
3085 1175 3204 1245 fons
3229 1175 3556 1246 obsignatas.

1985 1264 2070 1318 15.
2112 1263 2434 1319 Emissiones
2480 1275 2585 1319 tua:
2618 1265 2902 1335 paradisus
2931 1267 3192 1319 malorum
3224 1267 3554 1334 punicorum,

1983 1373 2102 1411 cum
2128 1357 2304 1423 [ructu
2331 1372 2628 1425 pomorum,
2663 1367 2711 1411 et
2742 1359 2890 1428 cypri
2915 1374 3032 1411 cum
3057 1359 3264 1411 nardis.
3293 1358 3378 1410 14.
3415 1356 3562 1410 Nar-

1983 1449 2081 1503 dus
2102 1458 2150 1503 et
2177 1466 2380 1513 crocus,
2398 1449 2636 1502 calamus
2658 1460 2706 1502 et
2733 1451 3140 1514 cinnamomum,
3169 1465 3285 1502 cum
3319 1448 3559 1502 omnibus

1984 1541 2142 1612 lignis
2172 1540 2386 1602 Libani,
2425 1540 2642 1610 myrrha
2671 1554 2721 1595 et
2782 1543 2898 1595 aloe
2931 1557 3049 1594 cum
3080 1540 3321 1594 omnibus
3376 1541 3558 1607 primis

1983 1634 2282 1702 unguentis.
2317 1631 2403 1686 15.
2431 1631 2575 1686 Fons
2603 1633 2764 1696 horti,
2801 1643 2984 1701 puteus
3020 1647 3168 1702 aqua:
3205 1633 3350 1698 viva',
3381 1641 3428 1686 et
3462 1631 3560 1684 im-

1980 1737 2104 1796 petu
2131 1728 2343 1794 ﬂuentis
2371 1743 2436 1780 ea:
2463 1725 2685 1781 Libano.

373 1901 444 1952 Ei
496 1899 899 1968 συνηγέρθητε
954 1902 1035 1968 τῷ
1090 1900 1351 1969 Χριστῷ,
1416 1902 1488 1956 τὰ
1539 1902 1660 1955 ἅνω
1728 1917 1870 1970 φρο-

2051 1909 2110 1965 Si
2134 1924 2253 1963 cum
2299 1906 2508 1962 Christo
2541 1905 2972 1965 consurrexistis,
3027 1921 3145 1973 qua:
3187 1920 3397 1957 sursum
3441 1914 3560 1957 sunt

298 1989 479 2052 νεῖτε,
520 1990 608 2059 μὴ
673 1991 745 2044 τὰ
787 1991 885 2044 ἐπὶ
945 1992 1053 2061 τῆς
1111 1991 1258 2062 γῆς·
1313 1994 1458 2062 λέγει
1510 1995 1683 2048 ταῦτα
1743 1994 1877 2064 πρὸς

300 2082 453 2151 ἡμᾶς
499 2084 528 2136 ὁ
572 2087 630 2135 ὲν
678 2083 877 2153 Παύλῳ
914 2083 1120 2136 λαλῶν·
1171 2083 1511 2138 Ἀπεθάνετε
1547 2086 1674 2156 γὰρ,
1725 2089 1876 2156 φησὶ,

301 2173 402 2226 καὶ
465 2173 504 2238 ἡ
565 2171 678 2240 ζωὴ
737 2173 904 2244 ὑμῶν
955 2175 1276 2242 κέκρυπται
1336 2176 1458 2230 σὺν
1509 2175 1588 2242 τῷ
1633 2175 1862 2244 Χριστῷ

299 2265 374 2318 ἐν
417 2263 496 2329 τῷ
549 2265 688 2331 Θεῷ.
739 2267 915 2321 Ὅταν
962 2271 996 2322 ὁ
1035 2267 1290 2336 Χριστὸς
1343 2267 1655 2338 φανερωθῇ
1696 2271 1733 2336 η
1767 2267 1878 2336 ζωὴ

299 2355 493 2426 ὑμῶν,
526 2357 660 2412 τότε
713 2357 812 2411 καὶ
857 2357 1026 2426 ὑμεῖς
1071 2359 1566 2427 φανερωθήσεσθε
1607 2361 1678 2412 ἐν
1709 2359 1878 2428 δόξῃ.

300 2453 366 2507 El
429 2453 608 2506 τοίνυν
654 2454 840 2523 νεκροὶ
884 2456 950 2522 τῇ
1015 2453 1166 2506 κάτω
1212 2452 1372 2522 φύσει
1419 2453 1744 2522 γεγόναμεν,
1799 2454 1878 2518 είς

298 2544 533 2613 οὐρανὸν
569 2544 678 2597 ἀπὸ
723 2543 830 2614 γῆς
865 2543 964 2614 τὴν
1005 2543 1196 2597 ἐλπίδα
1219 2547 1318 2615 τῆς
1359 2545 1502 2614 ζωῆς
1542 2545 1880 2616 μετοικίσαν-

297 2653 426 2702 τες,
461 2637 554 2692 καὶ
603 2637 636 2706 ἡ
687 2635 776 2688 διὰ
825 2635 1026 2706 σαρκὸς
1077 2633 1190 2705 ζωὴ
1253 2635 1558 2704 κέκρυπται
1607 2639 1690 2703 ἐφ’
1729 2634 1883 2704 ἡμῶν

299 2725 448 2782 κατὰ
468 2727 556 2780 τὸν
586 2724 924 2797 παροιμιώδη
947 2725 1122 2794 λόγον,
1147 2727 1204 2789 ὃς
1234 2744 1417 2796 φησιν,
1443 2729 1523 2780 ὅτι
1543 2727 1723 2794 Σοφοὶ
1752 2729 1884 2792 κρύ-

297 2831 564 2872 πτουσιν
617 2817 907 2884 αἴσθησιν
940 2835 952 2848 ·
985 2817 1344 2888 ἀναμένωμεν
1388 2819 1443 2870 δὲ
1499 2818 1598 2888 τὴν
1627 2815 1883 2887 ἀληθινὴν

298 2912 361 2963 ἐν
399 2911 530 2980 ἡμῖν
563 2909 944 2980 φανερωθῆναι
986 2909 1151 2981 ζωὴν,
1200 2911 1323 2980 ἥτις
1374 2910 1518 2962 ἐστὶν
1555 2911 1584 2962 ὁ
1611 2907 1881 2979 Χριστόςο

297 3002 443 3056 ὥστε
475 3003 570 3056 ιιαἺ⁵
588 3003 738 3072 ἡμᾶς
767 3001 1145 3072 φανερωθῆναι
1169 3005 1226 3055 ὲν
1250 3000 1395 3074 δόξῃ,
1423 2999 1886 3071 μεταποιηθέντας

298 3093 440 3166 πρὸς
475 3095 538 3147 τὸ
581 3093 882 3164 θειότερον
919 3093 1062 3146 οὕτω
1104 3094 1212 3146 τῶν
1243 3094 1527 3162 παρόντων
1555 3092 1882 3160 ἀκούσωμεν,

297 3186 378 3250 ὡς
405 3185 762 3248 ἀποθανόντες
809 3185 888 3256 τῷ
945 3185 1192 3256 σώματι’
1226 3185 1362 3255 πρὸς
1399 3185 1455 3238 δὲ
1503 3185 1576 3253 μὴ
1632 3182 1880 3252 σαρκώδη
1914 3217 1960 3280 c

297 3278 538 3332 διάνοιαν
583 3278 650 3330 ὲκ
691 3278 800 3330 τῶν
831 3277 1138 3346 λεγομένων
1171 3274 1560 3346 διασυρόμενοι.
1591 3275 1646 3328 '0
1672 3273 1778 3342 γὰρ
1801 3291 1880 3328 νει

299 3369 435 3440 κρὸς
473 3372 588 3433 τοῖς
625 3369 912 3440 παθήμασι
942 3369 1034 3422 καὶ
1062 3371 1185 3432 ταῖς
1213 3367 1550 3437 ἐπιθυμίαις,
1574 3365 1666 3418 ἐπὶ
1697 3365 1756 3416 τὸ
1786 3379 1886 3416 κα-

297 3459 466 3532 θαρὸν
507 3461 604 3514 καὶ
641 3461 914 3531 ἀκήρατον
941 3459 1182 3530 μετοίσει
1211 3459 1311 3521 τὰς
1337 3458 1447 3510 τῶν
1499 3457 1757 3528 ῥημάτων
1788 3457 1886 3524 sp:-

300 3551 516 3620 φάσεις,
553 3550 624 3604 τά
651 3551 766 3606 ἀνω
795 3551 1030 3624 φρονῶν,
1065 3541 1128 3603 οὗ
1156 3550 1185 3601 ὁ
1217 3551 1450 3620 Χριστός
1473 3551 1620 3601 ἐστιν
1651 3549 1708 3598 ὲν
1740 3546 1888 3616 δεξιᾷ

273 3641 398 3710 κτοῦ
441 3643 654 3712 Πατρὸς
707 3642 1034 3722 καθήμενος,
1081 3643 1138 3694 ὲν
1167 3634 1212 3709 ᾧ
1243 3639 1414 3702 πάθος
1457 3639 1558 3692 οὐκ
1605 3637 1743 3700 ἐστι,
1780 3635 1888 3689 τῶν

299 3733 576 3790 ταπεινῶν
604 3751 666 3786 τε
695 3733 790 3788 καὶ
815 3731 1169 3804 χαμαιζήλων
1200 3731 1488 3802 νοημάτων
1513 3728 1682 3799 λήθην
1708 3725 1890 3780 ποιού-

302 3841 486 3895 μενος.
535 3822 881 3894 Ἀκούσωμεν
921 3823 1100 3876 τοίνυν
1154 3823 1263 3876 τῶν
1313 3821 1472 3875 θείων
1508 3819 1792 3894 ῥημάτων,
1821 3818 1888 3870 δι’

299 3910 379 3969 ὧν
407 3914 717 3985 ὑπογράφει
753 3917 782 3969 ὁ
807 3914 980 3982 Λόγος
1005 3916 1106 3985 τῆς
1133 3913 1400 3984 ἀμιάντου
1427 3911 1646 3982 νύμφης
1674 3909 1732 3962 τὸ
1766 3909 1888 3964 κάλ.

297 4008 417 4071 λος.
471 4006 821 4077 Ἀκούσωμεν
855 4005 912 4059 δὲ
958 4007 1034 4070 ὡς
1081 4003 1187 4071 ἔξω
1213 4004 1499 4074 γεγονότες
1546 4003 1749 4074 σαρκὸς
1795 4002 1890 4054 καὶ

299 4097 568 4168 αἵματος,
602 4099 683 4161 εἰς
723 4097 780 4150 δὲ
813 4098 911 4168 τὴν
950 4097 1330 4168 πνευματικὴν
1371 4093 1888 4165 μεταστοιχειωθένο

297 4206 398 4251 τες
427 4189 608 4258 φύσιν.
648 4188 710 4242 τί
729 4188 1192 4257 ἐκαλλιιῖιθησαν
1211 4188 1436 4258 μαστοι
1472 4202 1612 4248 σου,
1653 4185 1888 4254 ἀδελφή

297 4298 420 4351 μου
465 4281 668 4348 νύμφη
701 4295 720 4342 ;
756 4280 816 4332 Τί
858 4279 1318 4348 ἐκαλλιὼθησαν
1360 4278 1585 4349 μαστοί
1617 4294 1732 4331 σου
1769 4276 1889 4330 ἀπὸ

298 4370 498 4432 οῑνου,
529 4368 626 4423 καὶ
659 4369 822 4439 ὀσμὴ
856 4369 1064 4438 μύρων
1094 4383 1212 4424 σου
1235 4369 1390 4438 ὑπὲρ
1426 4369 1623 4422 πάντα
1650 4367 1722 4420 τὰ
1749 4363 1892 4434 ἀρώ-

298 4477 458 4533 ματα
487 4479 506 4528 .-

379 4646 502 4698 ’Ὁτι
531 4645 630 4715 μὲν
671 4637 762 4696 οὖν
792 4642 899 4704 πᾶς
939 4643 968 4695 ὁ
1010 4642 1180 4695 ποιῶν
1208 4641 1268 4694 τὸ
1320 4640 1532 4710 θέλημα
1569 4639 1662 4693 τοῦ
1714 4639 1914 4709 Θεοῦη

297 4735 530 4804 ἀδελφὸς
555 4733 721 4788 αὑτοῦ
751 4733 846 4786 καὶ
871 4732 1074 4804 ἀδελφὴ
1101 4735 1194 4786 καὶ
1222 4719 1405 4804 μήτηρ
1435 4732 1552 4785 ἐστί
1571 4748 1582 4761 ο
1613 4731 1753 4802 καὶὴ
1787 4732 1888 4800 ἁρ-

303 4829 574 4902 μοσθεῖσα
606 4826 684 4896 τῷ
712 4826 903 4898 Κυρίῳ
937 4825 1207 4896 παρθένος
1234 4825 1392 4894 ἁγνὴ,
1431 4824 1566 4894 πρὸς
1603 4821 1892 4893 μετουσίαν

299 4921 406 4988 τῆς
439 4918 708 4990 ἀχράντου
731 4917 1029 4982 παστάδος,
1066 4917 1256 4986 νύμφη
1293 4915 1498 4986 κυρίως
1522 4913 1894 4984 κατονομάζε-

299 5026 416 5071 ται,
446 5010 612 5062 παντὶ
637 5008 800 5080 δῆλον
826 5007 891 5061 ἂν
930 5005 1014 5076 εἴη
1067 5006 1222 5058 τοῦτο
1265 5003 1344 5074 τῷ
1375 5006 1452 5076 μὴ
1481 5004 1762 5073 ἀγνοοῦντι
1795 5003 1894 5067 τὰς

299 5099 697 5163 θεοπνεύστους
737 5099 921 5168 φωνάς
943 5117 954 5128 ·
988 5097 1100 5166 ἐγὼ
1127 5097 1184 5149 δὲ
1233 5097 1342 5150 τῶν
1382 5096 1541 5150 θείων
1565 5096 1747 5167 ῥητῶν
1767 5095 1890 5149 τού-

297 5208 414 5244 των
440 5188 864 5260 διερευνώμενος
883 5189 985 5262 τὴν
1015 5189 1276 5253 διάνοιαν,
1293 5189 1352 5242 οὐ
1377 5187 1528 5258 ψιλὴν
1566 5188 1787 5242 ἔπαινον
1828 5190 1892 5241 ὲκ

297 5281 405 5350 τῆς
438 5279 697 5348 τοιαύτης
721 5279 968 5350 κλήσεως
1008 5278 1120 5348 ὁρῶ
1162 5277 1570 5349 προσαγόμενον
1599 5277 1751 5349 ποιρά
1796 5279 1891 5332 τοῦ

297 5371 466 5438 λόγου
499 5373 566 5441 τῇ
597 5371 808 5442 νύμφῃ,
841 5370 976 5424 ἀλλά
1007 5369 1104 5433 τὰς
1140 5371 1319 5434 αἰτίας
1349 5371 1448 5440 τῆς
1489 5374 1568 5434 εἰς
1599 5371 1662 5424 τὸ
1698 5372 1892 5436 κάλλος

299 5461 480 5529 αὐτῆς
512 5460 805 5524 ἐπιδόσεως
829 5459 1082 5524 διεξιέναι
1106 5460 1194 5512 τὸν
1231 5461 1462 5530 νυμφίον
1495 5461 1667 5531 φημί·
1699 5463 1772 5525 ὡς
1793 5462 1892 5515 οὐκ

299 5554 374 5608 ἂν
398 5553 568 5622 αὐτῆς
607 5552 1000 5624 καλλιωθείσης
1029 5555 1088 5606 ὲν
1123 5556 1240 5615 ταῖς
1279 5552 1388 5605 τῶν
1431 5554 1653 5621 ἀγαθῶν
1684 5560 1889 5624 πηγαῖς

300 5645 674 5716 διδαγμάτων,
704 5645 798 5710 οὓς
826 5647 1031 5716 μαζοὺς
1058 5646 1147 5700 διὰ
1179 5646 1278 5716 τῆς
1307 5649 1574 5719 τροπικῆς
1609 5650 1886 5719 σημασίας

379 5821 426 5856 ⁷⁸
463 5822 672 5878 Coloss.
719 5839 802 5888 ιιι,
864 5825 884 5878 1
931 5839 1052 5894 sqq.
1132 5823 1175 5854 ⁷⁵
1213 5822 1372 5877 Prov.
1414 5809 1482 5892 πί
1519 5826 1603 5878 11.

1979 2002 2220 2072 quiet-ite,
2272 2015 2374 2053 non
2423 2015 2539 2068 qua:
2583 2014 2742 2063 supra
2779 2005 3009 2049 terram:
3044 1996 3154 2048 hare
3191 1996 3321 2050 dicit
3357 1997 3447 2065 qui
3507 1997 3558 2049 in

1961 2095 2148 2150 ‘Paulo
2206 2093 2466 2162 loquitur.
2531 2089 2731 2144 Μονιαὶ
2761 2090 2899 2143 enim
2933 2089 3086 2149 estis,
3136 2089 3330 2156 inquit,
3363 2100 3410 2141 et
3457 2090 3561 2141 rita

1982 2197 2156 2240 uestra
2201 2183 2460 2236 absconsa
2493 2191 2570 2235 est
2593 2197 2708 2234 cum
2767 2179 2981 2233 Christo
3041 2179 3097 2231 in
3144 2178 3272 2232 Deo.
3337 2178 3562 2244 Quando

1983 2277 2226 2334 Christus
2302 2275 2674 2343 manifestatur
2736 2273 2896 2341 fuerit
2981 2273 3086 2326 vita
3168 2279 3372 2331 vestra,
3441 2279 3562 2320 tunc

1984 2385 2071 2422 uos
2118 2384 2318 2437 quoque
2369 2365 2845 2435 nianilestabimini
2901 2365 2954 2417 in
3007 2363 3180 2434 gloria
3217 2363 3282 2414 ⁷³.
3331 2361 3385 2414 Si
3433 2375 3562 2429 ergo

1984 2459 2232 2514 inferiori
2265 2466 2474 2512 natura:
2509 2458 2784 2512 evasimus
2823 2455 3047 2518 mortui,
3089 2470 3186 2524 spe
3225 2454 3348 2507 vita:
3381 2460 3562 2506 trans-

1985 2551 2092 2604 lata
2123 2551 2178 2603 in
2213 2549 2412 2602 castum
2471 2563 2500 2600 a
2533 2555 2697 2610 terra,
2731 2555 2784 2602 et
2833 2547 2878 2602 si
2917 2562 3038 2616 quae
3069 2561 3165 2614 per
3203 2559 3423 2598 carnem
3480 2551 3564 2596 est
3620 2568 3628 2578 ο

1988 2647 2116 2706 vita,
2153 2643 2322 2698 estin
2365 2641 2524 2696 nobis
2585 2641 2875 2701 absconsa,
2928 2645 3290 2706 congruenter
3329 2635 3377 2688 ei
3419 2633 3564 2703 quod

1985 2736 2186 2789 dicitur
2214 2735 2268 2787 in
2300 2731 2636 2794 Proverbiis,
2672 2729 2946 2798 Sapientes
2977 2727 3217 2782 celabunt
3251 2725 3562 2792 sensum";

1985 2833 2368 2892 exspectemus
2398 2829 2578 2874 autem
2613 2818 2727 2874 fore
2762 2826 2820 2872 ut
2849 2833 2978 2872 vera
3025 2818 3134 2870 vita
3169 2817 3224 2870 in
3264 2816 3423 2870 nobis
3451 2831 3564 2868 ma-

1987 2913 2432 2982 nifestetur,qu2e
2459 2921 2541 2967 est
2571 2909 2857 2966 Christus:
2906 2909 2980 2962 ita
3013 2915 3070 2960 ut
3096 2909 3176 2963 et’
3198 2924 3299 2960 nos
3332 2923 3425 2975 per
3452 2906 3568 2976 glu-

1989 3007 2122 3060 riam
2155 3004 2568 3060 manifestemur
2603 3001 2954 3056 transmutati
2987 3001 3052 3054 ad
3084 3001 3136 3054 id
3183 3002 3327 3070 quod
3372 3008 3455 3053 cst
3485 2999 3567 3053 di—

1989 3098 2168 3152 vinius
2215 3096 2332 3152 :sic
2364 3093 2651 3164 praesentia
2687 3093 2996 3154 audiemus,
3049 3099 3308 3160 tanquam
3362 3087 3565 3145 mortui

1991 3187 2354 3258 corpore;ad
2417 3201 2526 3240 non
2559 3183 2832 3237 carnalem
2889 3194 3067 3236 autem
3125 3197 3343 3234 sensum
3377 3197 3440 3234 ex
3501 3182 3566 3234 iis

1989 3297 2110 3352 qua:
2134 3281 2392 3335 dicuntur
2419 3277 2661 3331 alti-acti.
2699 3275 2802 3341 Qui
2831 3274 2976 3328 enim
3007 3282 3091 3328 est
3125 3282 3374 3327 mortuus
3398 3271 3564 3324 animi

1989 3370 2496 3444 perturbationibus
2535 3377 2590 3423 et
2638 3367 2946 3430 desideriis,
2983 3367 3274 3421 verborum
3331 3363 3567 3417 traducit

1989 3467 2416 3537 signiﬁcationes
2443 3462 2507 3516 ad
2544 3462 2594 3516 id
2623 3462 2767 3531 quod
2801 3469 2884 3514 est
2919 3475 3114 3529 purum
3135 3473 3210 3536 \ac
3266 3458 3564 3519 sincerum,

1987 3564 2042 3611 et
2096 3554 2343 3614 interitui
2407 3551 2631 3606 minime
2687 3549 3015 3607 obnoxium,
3072 3562 3192 3616 quae
3225 3561 3390 3614 supra
3438 3553 3568 3598 sunt

1989 3655 2170 3702 mente
2209 3646 2443 3714 agitans,
2471 3643 2562 3695 ubi
2603 3650 2688 3696 est
2735 3640 2986 3694 Christus
3035 3637 3230 3691 sedens
3264 3636 3316 3688 in
3375 3633 3566 3687 dextra

1989 3732 2082 3788 Dei
2115 3731 2314 3795 Patris.
2345 3732 2400 3784 in
2439 3744 2550 3800 quo
2585 3729 2733 3783 nulla
2765 3736 2848 3782 est
2884 3726 3097 3780 affectio
3125 3725 3403 3793 animique
3445 3738 3568 3791 per-

1990 3825 2250 3890 turbatio,
2289 3821 2619 3879 obliviscens
2661 3835 2851 3874 eorum
2902 3833 3021 3888 quae
3053 3825 3181 3870 sunt
3211 3815 3437 3868 humilia
3513 3821 3568 3867 et

1991 3913 2225 3982 abjecxa.
2258 3911 2561 3964 Audiamus
2598 3923 2729 3978 ergo
2763 3908 2926 3962 verba
2961 3904 3168 3968 divina,
3202 3919 3297 3974 per
3327 3917 3447 3972 qua:
3474 3901 3567 3956 de-

1991 4003 2184 4061 scribit
2211 4003 2492 4074 Scriptura
2537 3999 2896 4055 immaculata:
2929 3996 3172 4068 Virginis
3207 3992 3568 4066 pulchritudi-

1991 4110 2137 4150 nem.
2167 4095 2470 4149 Audiamus
2512 4100 2714 4153 autem,
2762 4097 2826 4144 ut
2852 4090 2944 4160 qui
2998 4089 3109 4158 jam
3176 4103 3366 4143 sumus
3414 4092 3567 4140 extra

1990 4203 2212 4243 carnem
2240 4195 2295 4242 et
2323 4185 2667 4256 sanguinem,
2703 4179 2768 4236 in
2793 4181 3134 4252 spiritualem
3175 4188 3352 4234 autem
3391 4187 3570 4232 trans-

1991 4279 2184 4334 mutati
2215 4286 2489 4332 naturam.
2525 4273 2667 4340 Quid
2693 4271 2914 4343 pulchra
2944 4271 3092 4340 facta
3120 4279 3242 4323 sunt
3265 4268 3423 4322 ubera
3455 4277 3567 4331 tua,

1989 4389 2142 4427 soror
2166 4387 2279 4426 mea
2308 4369 2550 4438 sponsa?
2580 4366 2722 4434 Quid
2755 4365 2916 4418 ubera
2962 4374 3054 4416 tua
3091 4363 3237 4430 facta
3289 4369 3411 4413 sunt
3455 4375 3571 4426 spe-

1991 4465 2221 4520 ciosiora
2272 4463 2414 4527 vino,
2449 4470 2497 4514 et
2548 4458 2678 4511 odor
2708 4457 3130 4510 vestimentorum
3167 4464 3376 4506 tuorum
3409 4467 3572 4519 supra

1914 4547 1958 4601 Ι)
1985 4553 2162 4607 omnia
2219 4557 2461 4602 aromata
2489 4549 2514 4602 ?

2008 4702 2024 4719 ε
2061 4645 2239 4711 Atque
2295 4639 2442 4708 quod
2520 4635 2698 4692 omnis
2761 4635 2978 4706 quidem
3027 4633 3120 4702 qui
3181 4633 3310 4686 facit
3388 4633 3574 4685 volun-

1991 4741 2154 4788 tatem
2204 4729 2444 4790 Domini,
2490 4737 2574 4782 est
2629 4726 2749 4795 ejus
2812 4724 2980 4778 frater
3047 4733 3099 4777 et
3153 4737 3311 4778 soror
3369 4731 3422 4777 et
3458 4737 3572 4774 ma-

1993 4835 2112 4891 ter;
2171 4833 2226 4878 et
2265 4820 2410 4892 quod
2474 4835 2594 4889 qua:
2638 4826 2723 4872 est
2779 4818 3110 4886 desponsata
3161 4831 3224 4868 ac
3279 4813 3570 4882 conjuncta

1997 4917 2229 4972 Domino
2258 4923 2411 4969 casta
2440 4915 2616 4982 virgo,
2645 4911 2709 4964 ad
2761 4909 3100 4964 imn‘iaculati
3141 4907 3365 4960 thalami
3406 4907 3572 4974 patti-
3611 4934 3624 4943 -

1995 5006 2346 5076 cipationem,
2374 5016 2576 5072 sponsa
2617 4999 2836 5070 proprie
2882 4996 3217 5058 nominatur,
3251 4992 3426 5046 cuivis
3459 4991 3574 5044 fue-

1995 5095 2066 5148 rit
2112 5094 2461 5164 perspicuum
2504 5090 2596 5160 qui
2635 5105 2744 5142 non
2785 5088 2997 5157 ignorat
3035 5084 3346 5153 Scripturas
3397 5096 3427 5134 a
3461 5080 3572 5134 Deo

1994 5187 2332 5256 inspiratas:
2365 5199 2466 5255 ego
2492 5191 2672 5238 autem
2709 5187 3068 5250 perscrutans
3108 5189 3330 5230 sensum
3375 5173 3568 5226 hormn

1994 5279 2306 5333 divinorum
2331 5277 2646 5340 verborum,
2683 5287 2792 5327 non
2848 5271 3006 5326 video
3063 5268 3234 5322 solam
3292 5279 3508 5334 sponsae
3541 5280 3570 5316 a

1998 5372 2280 5442 Scriptura
2311 5369 2474 5424 tribui
2502 5365 2717 5421 laudem
2750 5380 2817 5418 ex
2859 5358 3161 5432 ejusmodi,
3182 5356 3570 5426 appellatione,

1993 5465 2086 5520 sed
2117 5464 2241 5518 dico
2273 5476 2534 5533 sponsum
2565 5457 2823 5530 persequi
2848 5467 3064 5517 causas,
3090 5450 3234 5521 quod
3268 5448 3335 5502 ad
3365 5457 3568 5502 tantam

1991 5555 2222 5612 creverit
2253 5551 2711 5624 pulchritudinem
2738 5565 2752 5600 :
2787 5552 2972 5615 utpote
2999 5541 3140 5612 quod
3163 5539 3281 5610 ipsa
3313 5552 3420 5593 non
3443 5553 3570 5591 eva-

1993 5651 2158 5706 sisset
2209 5645 2440 5717 pulchra
2507 5642 2560 5696 in
2628 5637 2874 5692 fontibus
2909 5635 3179 5691 bonorum
3233 5631 3568 5700 dogmatum,
