3866 6366
373 420 481 481 953

1597 412 1655 469 S.
1687 410 2019 467 GBEGORII
2056 410 2350 466 NYSSENI

3558 401 3658 457 956

374 554 519 613 quos
550 542 802 596 nominat
831 540 996 593 ubera
1029 552 1126 607 per
1160 536 1428 605 tropicam
1486 533 1962 602 significationem,

2070 529 2453 600 κατονομάζει,
2486 529 2534 580 εί
2566 526 2641 597 μὴ
2674 525 2891 596 πρῶτον
2920 522 3154 593 ἀδελφὴν
3181 519 3381 592 ἑαυτὴν
3418 518 3515 574 τοῦ
3551 521 3655 572 Κυ-

380 634 489 691 nisi
522 634 638 703 ipsa
672 632 908 702 primum
947 628 1162 682 Domini
1211 641 1459 681 sororem
1520 642 1579 681 se
1636 624 1967 679 reddidisset

376 740 476 795 per
507 724 777 779 bonorum
811 736 1038 790 operum
1071 719 1438 781 eﬂ'ectionem,
1481 725 1534 772 et
1583 724 1844 771 renovata
1899 716 1966 768 ad

377 814 750 885 virginitatem
808 826 906 881 per
957 807 1258 863 secundam
1312 808 1762 877 generationem,
1825 806 1965 859 facta

378 914 523 962 esset
552 919 755 974 sponsa
786 904 907 971 ejus
963 902 1056 973 qui
1087 903 1260 972 ipsam
1319 901 1630 971 despondit.
1676 902 1777 964 Qui
1836 915 1967 971 ergo

379 1014 497 1053 eam
531 996 836 1052 nominavit
867 1010 1115 1051 sororem
1147 1003 1202 1048 et
1231 1008 1488 1063 sponsam
1526 1007 1701 1057 suam,
1740 1007 1961 1071 causam

378 1088 511 1143 dicit
536 1088 656 1157 ejus
688 1088 919 1142 uberum
950 1085 1270 1140 mutationis
1302 1086 1368 1138 ad
1406 1085 1457 1138 id
1485 1085 1628 1155 quod
1655 1094 1738 1139 est
1769 1085 1966 1140 melius

378 1188 434 1237 et
475 1181 797 1252 perfectius,
838 1196 903 1235 ex
940 1179 1143 1249 quibus
1198 1178 1283 1231 lac
1345 1192 1454 1232 non
1511 1176 1745 1247 amplius
1780 1183 1965 1230 manat

378 1273 778 1329 nutrimentum
812 1270 1128 1338 infantium,
1160 1270 1254 1326 sed
1286 1271 1472 1324 vinum
1515 1268 1633 1323 ﬂuit
1655 1268 1965 1323 immortale

379 1367 444 1421 ad
480 1366 724 1420 laetitiam
775 1362 1192 1434 perfectiorum,
1227 1362 1387 1431 cujus
1431 1363 1663 1433 gratiam
1706 1375 1968 1415 nonacor-

375 1455 525 1526 rupit
555 1470 696 1525 aqua
725 1461 1182 1522 cauponatorum.
1207 1451 1468 1506 Servatur
1496 1459 1678 1504 autem
1700 1450 1965 1519 quodam-

377 1546 540 1603 modo
603 1546 658 1601 in
722 1547 790 1602 iis
832 1561 953 1616 qua:
1004 1544 1285 1607 dicuntur,
1325 1551 1584 1612 tanquam
1646 1542 1713 1596 in-
1734 1542 1966 1612 nuptiali

376 1639 590 1707 laetitia,
628 1641 876 1710 quaedam
914 1638 1201 1693 cbaritatis
1235 1635 1566 1705 benignitas,
1607 1633 1676 1686 ab
1718 1633 1968 1701 utrisque

377 1732 484 1788 sibi
536 1733 775 1786 invicem
819 1730 1141 1785 amatoriam
1191 1727 1553 1799 largientibus
1598 1725 1962 1780 allectionem.

382 1822 667 1880 Similibus
705 1824 851 1881 enim
892 1823 1124 1878 vocibus
1170 1821 1419 1875 vicissim
1483 1834 1722 1889 sponsus
1762 1817 1965 1888 excipit

2074 625 2188 693 ρίου
2225 624 2314 675 διὰ
2338 620 2445 673 τῶν
2494 618 2715 687 ἀγαθῶν
2748 619 2925 690 ἔργων
2978 617 3197 687 ἐποίησε
3222 655 3237 680 ,
3266 614 3362 668 καὶ
3398 615 3482 677 είς
3517 629 3654 685 παρ-

2069 713 2249 766 θενίαν
2266 711 2354 765 διὰ
2376 712 2475 782 τῆς
2498 710 2702 766 ἄνωθεν
2715 710 3017 779 γεννήσεως
3034 704 3502 769 ἀνακαινισθεῖσα,
3523 721 3654 774 μνη-

2071 802 2169 871 στὴ
2201 801 2292 854 καὶ
2323 800 2512 870 νύμφη
2554 799 2647 852 τοῦ
2688 784 3075 867 άρμῖοσαμένου
3104 796 3342 863 ἐγένετο.
3382 794 3443 847 ’0
3478 793 3653 845 τοίνυν

2068 890 2303 961 ἀδελφὴν
2332 888 2524 943 ἑαυτοῦ
2552 889 2643 941 καὶ
2674 887 2892 957 νύμφην
2930 884 3099 955 αὐτὴν
3124 885 3530 956 κατονομάσας,
3561 881 3651 953 τὴν

2067 983 2247 1036 αίτίαν
2278 982 2426 1051 λέγει
2455 984 2552 1053 τῆς
2579 981 2716 1051 πρὸς
2737 981 2798 1033 τὸ
2828 980 3073 1051 κρεῖττόν
3105 995 3163 1031 τε
3193 979 3291 1030 καὶ
3317 977 3654 1046 τελειότερον

2067 1072 2176 1125 τῶν
2200 1073 2386 1143 μαζῶν
2410 1072 2582 1142 αὐτῆς
2603 1070 2960 1135 ἀλλοιώσεως,
2979 1070 3028 1123 οἳ
3053 1070 3236 1124 οὐκέτι
3262 1069 3403 1139 γάλα
3429 1068 3652 1139 βρύουσι

2066 1161 2164 1233 τὴν
2200 1160 2308 1213 τῶν
2355 1160 2564 1231 νηπίων
2597 1160 2833 1230 τροφὴν,
2866 1159 3002 1212 ἀλλὰ
3038 1159 3128 1213 τὸν
3186 1160 3473 1229 ἀκήρατον
3514 1152 3652 1210 οἶνον

2068 1254 2162 1306 ἐπὶ
2194 1252 2502 1324 εὐφροσύνῃ
2528 1252 2638 1305 τῶν
2683 1251 3034 1322 τελειοτέρων
3069 1250 3430 1321 πηγάζουσιν,
3463 1243 3527 1303 οὗ
3556 1251 3650 1321 τὴν

2067 1346 2229 1417 χάριν
2253 1346 2316 1399 τὸ
2355 1347 2463 1400 τῶν
2497 1348 2759 1418 καπήλων
2801 1346 2944 1418 ὓδωρ
2983 1346 3084 1399 οὐκ
3118 1345 3445 1415 ἐλυμήνατο.
3480 1343 3651 1409 Σώζε-

2066 1458 2157 1492 ται
2186 1440 2240 1493 δέ
2280 1458 2394 1503 πως
2424 1442 2480 1493 ὲν
2513 1430 2624 1505 τοῖς
2673 1442 2987 1511 λεγομένοις
3025 1439 3101 1511 ὡς
3142 1440 3200 1492 ὲν
3232 1441 3442 1509 γαμικῇ
3480 1438 3649 1510 θυμη-

2067 1531 2256 1602 δίᾳ,ἠ
2311 1533 2631 1605 άγαπητικὴ
2672 1531 3062 1603 φιλοφροσύνη,
3107 1531 3173 1584 δι’
3230 1532 3472 1601 ἀμοιόῆς
3522 1531 3651 1602 παρ’

2067 1625 2395 1695 ἀμφοτέρων
2424 1627 2676 1696 ἀλλήλοις
2718 1626 2815 1697 τὴν
2847 1625 3115 1697 ἐρωτικὴν
3146 1624 3648 1696 ἀντιχαριζομένων

2066 1716 2326 1771 διάθεσιν.
2360 1718 2490 1781 Ταῖς
2539 1718 2648 1787 γάρ
2694 1718 2909 1787 ὁμοίαις
2956 1720 3162 1785 φωναῖς
3191 1715 3585 1781 άντιδεξιοῦται
3619 1719 3646 1769 ὀ

2068 1808 2301 1878 νυμφίος
2333 1794 2439 1878 ’τὴν
2492 1810 2840 1878 Ἐκκλησίαν,
2871 1803 2952 1872 οἷς
2981 1808 3165 1879 εκείνη
3206 1807 3556 1879 προλαϐοῦσα
3591 1807 3647 1861 τὺ

376 1917 722 1982 Ecclesiam,
780 1917 984 1987 quibus
1041 1915 1131 1969 illa
1166 1920 1325 1967 antea
1376 1911 1524 1965 illius
1580 1912 1634 1965 in
1679 1911 1963 1982 procnmiis

2070 1901 2276 1954 ἐκείνου
2307 1900 2501 1965 κάλλος
2523 1902 2580 1953 ὲν
2610 1904 2722 1964 τοῖς
2765 1901 3072 1973 προοίμίοις
3104 1901 3434 1971 ἁνύμνησεν.
3475 1900 3648 1963 Εὐθὺς

377 2009 619 2063 laudavit
659 2009 1145 2079 pulchritudinem.
1204 2006 1401 2059 Statim
1455 2004 1604 2058 enim
1661 2004 1714 2058 in
1772 2004 1965 2075 primis

374 2104 625 2169 vocibus,
660 2104 882 2174 quando
919 2103 1160 2157 Verbum
1190 2099 1337 2170 quod
1376 2095 1621 2167 procedit
1656 2113 1720 2151 ex
1754 2112 1849 2150 ore
1876 2094 1962 2150 di-

376 2197 525 2261 vino,
559 2196 891 2252 desideravit
928 2211 1053 2254 esse
1086 2194 1139 2247 in
1171 2208 1267 2247 ore
1290 2192 1453 2261 ejus;
1508 2191 1610 2244 hoc
1645 2190 1965 2260 signiﬁcans

373 2305 473 2357 per
508 2290 741 2360 aenigma
769 2290 967 2352 osculi,
998 2288 1138 2343 dixit
1175 2300 1399 2341 causam
1468 2284 1635 2353 lmjus
1667 2283 1961 2348 desiderii,

376 2394 572 2448 nempe
611 2378 756 2448 quod
815 2379 957 2433 bona
1015 2378 1134 2447 ejus
1204 2376 1317 2431 sint
1347 2375 1465 2445 ipsa
1501 2375 1693 2438 ubera,
1752 2373 1964 2427 liberali

374 2470 497 2538 ejus
535 2470 978 2539 suppeditatione
1012 2468 1289 2524 vincentia
1316 2466 1430 2520 vini
1460 2471 1739 2531 naturam,
1784 2471 1838 2519 et
1869 2480 1964 2520 su-

375 2562 627 2630 perantia
667 2575 885 2615 omnem
920 2559 1126 2614 bonum
1175 2557 1405 2612 odorem
1453 2565 1859 2626 unguentorum
1913 2566 1967 2610 et

378 2662 709 2717 aromatum,
742 2653 856 2707 haec
881 2652 968 2711 his
1007 2650 1193 2707 verbis
1214 2650 1441 2706 dicens:
1469 2648 1622 2703 Bona
1651 2658 1771 2702 sunt
1803 2648 1966 2702 ubera

379 2756 472 2799 tua
503 2761 660 2814 super
688 2745 888 2807 vinum,
917 2751 968 2798 et
986 2743 1118 2797 odor
1146 2750 1537 2812 unguentorum
1569 2750 1779 2793 tuorum
1803 2756 1965 2809 supra

377 2835 558 2889 omnia
582 2844 847 2889 aromata.
871 2833 1144 2900 Quoniam
1181 2848 1312 2905 ergo
1335 2836 1391 2887 in
1427 2832 1550 2887 aliis
1578 2832 1838 2887 omnibus
1862 2833 1963 2887 hoc

377 2925 577 2998 dogma
610 2927 879 2981 discimus
915 2940 944 2979 a
986 2925 1171 2979 divina
1232 2925 1598 2994 philosophia,
1653 2925 1799 2992 quod
1841 2924 1965 2980 talis

372 3017 435 3073 ﬁt
466 3019 625 3074 nobis
655 3017 825 3081 Deus,
872 3018 1062 3086 quales
1093 3031 1195 3071 nos
1247 3016 1356 3071 Deo
1411 3015 1819 3071 ostenderimus
1869 3031 1966 3084 per

373 3110 602 3165 liberam
634 3109 846 3163 arbitrii
882 3108 1056 3162 nostri
1081 3107 1441 3173 electionem;
1479 3121 1602 3161 eum
1625 3106 1770 3161 enim
1804 3108 1964 3160 bonis

372 3217 498 3258 esse
528 3201 735 3257 bonum
782 3208 1017 3255 testatur
1064 3199 1239 3254 David
1275 3200 1328 3253 in
1382 3213 1481 3254 sua
1522 3200 1809 3269 prophetia
1840 3219 1852 3253 :
1885 3201 1965 3253 eis

374 3299 560 3348 autem
594 3294 687 3363 qui
742 3295 852 3348 vita
888 3299 1019 3348 sunt
1071 3290 1306 3356 ell'erati,
1347 3291 1490 3346 alius
1553 3306 1617 3345 cx
1683 3291 1964 3360 prephctis

377 3400 566 3440 ursum
593 3386 727 3441 dicit
753 3395 807 3441 et
847 3385 1100 3455 pardum,
1139 3400 1237 3454 per
1280 3385 1571 3454 aenigmata
1621 3384 1795 3437 multo
1839 3392 1966 3441 ante

373 3477 664 3549 proferens
695 3478 1012 3548 evangelica
1040 3476 1395 3539 documenta,
1427 3475 1481 3528 in
1518 3475 1723 3545 quibus
1754 3474 1897 3530 alius
1934 3491 1963 3529 a

373 3570 584 3626 dextris
610 3570 874 3631 cernitur,
915 3570 1060 3623 alius
1092 3584 1122 3622 a
1164 3568 1409 3623 sinistris
1446 3567 1736 3622 character
1767 3566 1965 3621 verbo-

372 3678 497 3719 rum
535 3663 683 3731 regis
710 3681 721 3716 :
755 3663 880 3718 aliis
902 3663 1122 3733 quidem
1159 3662 1339 3717 bonus
1371 3669 1426 3715 et
1453 3660 1659 3726 suavis,
1684 3660 1807 3716 aliis
1832 3676 1965 3715 vero

374 3756 640 3812 terribilis
673 3764 726 3810 et
780 3757 1070 3822 insuavis,
1125 3756 1373 3825 seipsum
1431 3764 1805 3825 congruenter
1868 3753 1965 3807 ad-

376 3860 574 3921 aptans
616 3849 774 3904 liberi
808 3848 1019 3903 arbitrii
1061 3847 1316 3902 electioni
1363 3860 1553 3901 eorum
1587 3845 1680 3916 qui
1707 3844 1966 3915 judican-

375 3947 485 3992 tur.
511 3936 582 3991 Ea
613 3937 680 3992 de
708 3953 876 3992 causa
909 3951 1059 3991 nunc
1090 3951 1310 4005 quoque
1346 3949 1375 3988 a
1407 3933 1691 4004 Scriptura
1748 3949 1967 4005 sponsae

374 4043 477 4099 par
514 4025 770 4091 refertur,
799 4028 890 4080 ubi
924 4025 1137 4081 Domini
1187 4025 1489 4079 celebravit
1533 4024 1793 4079 laudibus
1829 4026 1964 4094 pul-

375 4118 774 4183 chritudinem,
818 4133 942 4171 cum
973 4118 1080 4187 ipsi
1110 4119 1164 4171 in
1196 4116 1467 4171 similibus
1498 4113 1765 4171 Dominus
1800 4116 1967 4173 vicis-

376 4209 480 4265 sim
516 4207 732 4263 laudem
766 4206 1108 4277 rependerit.
1150 4205 1284 4260 Nam
1321 4206 1436 4275 ipse
1462 4219 1681 4275 quoque
1712 4205 1834 4274 ejus
1866 4204 1965 4260 ad-

374 4302 547 4358 mittit
596 4316 916 4365 mammam,
969 4315 1164 4370 nempe
1193 4313 1336 4362 eam,
1394 4313 1516 4369 quae
1557 4313 1652 4369 per
1687 4298 1967 4367 operatio-

373 4409 501 4451 nem
571 4394 638 4448 ad
695 4395 891 4449 melius
929 4393 1072 4448 facta
1122 4401 1227 4456 cst,
1278 4393 1659 4456 mutationem,
1704 4390 1963 4460 quoniam

375 4497 667 4545 cessantes
691 4489 833 4543 lacte
859 4488 1094 4551 nutrire,
1120 4491 1306 4541 vinum
1368 4493 1423 4540 et
1451 4501 1558 4539 non
1611 4485 1697 4538 lac
1734 4482 1962 4554 profun-

2067 1991 2175 2063 γὰρ
2198 1994 2256 2045 ὲν
2303 1996 2424 2057 ταῖς
2473 1991 2719 2064 πρώταις
2750 1996 2974 2062 φωναῖς,
3007 1994 3096 2047 ὅτε
3121 1995 3214 2046 τὸν
3245 1992 3354 2046 ἀπὺ
3380 1992 3479 2045 τοῦ
3504 1992 3646 2046 θείου

2068 2087 2336 2158 στόματος
2379 2088 2551 2157 Λόγον
2580 2086 2658 2158 τῷ
2691 2088 2921 2158 στόματι
2969 2087 3139 2157 αὐτῆς
3174 2086 3495 2155 ἐγγενέσθαι
3523 2086 3647 2138 ὲπόο

2067 2177 2200 2250 θησε
2220 2197 2234 2208 ·
2252 2177 2330 2248 τῷ
2352 2178 2447 2230 τοῦ
2472 2177 2772 2247 φιλήματος
2797 2177 3079 2247 αἰνίγματι
3108 2175 3264 2229 τοῦτο
3285 2174 3646 2245 διασημᾶνας,

2066 2270 2361 2341 τὴναίτίαν
2385 2271 2484 2340 τῆς
2516 2268 2812 2339 ἐπιθυμίας
2836 2264 2978 2321 εἷπε.
3009 2266 3083 2320 Τὸ
3118 2266 3357 2335 ἀγαθοὺς
3384 2262 3526 2319 εἶναι
3554 2265 3649 2317 αύ-

2064 2362 2160 2416 τοῦ
2187 2365 2313 2426 τοὺς
2351 2364 2611 2433 μαστοὺς,
2630 2362 2896 2424 νικῶντας
2928 2363 2994 2431 τῇ
3027 2360 3156 2431 παρ’
3181 2359 3390 2412 ἑαυτῶν
3418 2362 3648 2429 χορηγίᾳ

2065 2455 2165 2527 τὴν
2218 2454 2312 2508 τοῦ
2365 2456 2509 2507 οἴνου
2544 2453 2738 2523 φύσιν,
2773 2454 2869 2506 καὶ
2911 2451 3208 2524 παριόντας
3238 2453 3421 2504 πᾶσαν
3464 2451 3647 2521 μύρων

2065 2564 2125 2599 τε
2158 2547 2252 2599 καὶ
2290 2545 2599 2616 ἀρωμάτων
2640 2544 2891 2607 εὐωδίαν,
2913 2541 3085 2607 οὕτως
3110 2541 3340 2595 εἰποῦσα
3372 2541 3450 2612 τῷ
3480 2541 3644 2610 λόγῳ·

2067 2639 2149 2691 ὅτι
2194 2637 2415 2705 Ἀγαθοὶ
2439 2636 2662 2705 pacm!
2688 2650 2804 2689 σου
2825 2633 2978 2701 ὑπὲρ
3007 2630 3195 2699 οἶνον,
3218 2632 3318 2686 καί
3347 2632 3510 2702 ὀσμὴ
3543 2632 3645 2701 μύ-

2060 2744 2186 2796 ρων
2210 2740 2325 2781 σου
2352 2726 2505 2794 ὑπὲρ
2543 2725 2740 2779 πάντα
2767 2729 2840 2779 τὰ
2883 2726 3183 2796 ἀρώματα.
3222 2725 3442 2796 Ἐπειδὴ
3475 2725 3647 2778 τοίνυν

2069 2820 2162 2871 καὶ
2194 2820 2254 2872 ὲν
2284 2820 2397 2880 τοῖς
2428 2817 2609 2881 ἄλλοις
2650 2819 2783 2871 πᾶσι
2811 2818 2972 2872 τοῦτο
3004 2819 3154 2888 παρὰ
3181 2815 3291 2888 τῆς
3324 2817 3477 2881 θείας
3507 2817 3649 2887 φιλο-

2069 2909 2260 2976 σοφίας
2292 2908 2351 2961 τὸ
2378 2908 2553 2978 δόγμα
2583 2906 2946 2978 μανθάνομεν,
2978 2908 3060 2960 ὅτι
3101 2907 3340 2961 τοιοῦτον
3384 2909 3472 2961 ἀεὶ
3504 2908 3645 2977 γίνε-

2067 3018 2157 3054 ται
2183 3000 2241 3055 τὸ
2264 2997 2417 3053 Θεῖον
2443 3002 2595 3070 ἡμῖν,
2630 3000 2775 3062 οἴους
2799 3000 2864 3054 ἂν
2888 3000 3113 3062 ἑαυτοὺς
3144 2999 3222 3071 τῷ
3244 2999 3367 3071 θεῷ
3398 3001 3489 3054 διὰ
3523 3017 3643 3071 προ·

2070 3095 2337 3166 αιρέσεως
2365 3094 2649 3164 δείξωμεν.
2684 3093 2912 3161 Ἀγαθὸν
2942 3094 3038 3164 μὲν
3060 3094 3168 3166 γὰρ
3197 3093 3359 3148 αὐτὸν
3386 3090 3646 3157 εἶναιτοῖς

1995 3226 2035 3281 C
2070 3187 2293 3255 ἀγαθοῖς
2334 3187 2362 3238 ὁ
2399 3184 2561 3237 Δαὸὶδ
2593 3186 2649 3237 ὲν
2694 3187 2758 3256 τῇ
2806 3186 3113 3257 προφητεία
3147 3185 3516 3258 μαρτύρεται⁴
3547 3189 3647 3248 τοῖς

2069 3278 2125 3330 δὲ
2159 3275 2472 3346 θηριωθείσι
2509 3275 2598 3329 διὰ
2630 3275 2722 3328 τοῦ
2776 3275 2921 3345 βίου,
2961 3278 3149 3348 ἕτερός
3191 3294 3276 3341 τις
3312 3277 3420 3331 τῶν
3455 3295 3648 3350 apam-

2066 3366 2174 3418 τῶν
2201 3366 2401 3437 ἄρκτον
2431 3366 2594 3419 αὑτὸν
2623 3366 2771 3433 λέγει
2794 3368 2888 3420 ml.
2921 3367 3208 3439 πάρδαλιν,
3231 3368 3299 3422 δι’
3319 3370 3646 3437 αἰνιγμάτων

2065 3459 2134 3512 τὰ
2159 3459 2495 3528 εύαγγελικά
2542 3461 2996 3531 προεκτιθέμενος
3022 3461 3289 3531 δόγματα,
3304 3462 3361 3514 ὲν
3389 3456 3471 3524 οἷς
3499 3460 3646 3521 ἄλλος

2065 3554 2179 3614 τοῖς
2217 3551 2433 3617 δεξιοῖς,
2480 3553 2575 3605 καὶ
2608 3552 2795 3623 ἕτερος
2824 3555 2935 3616 τοῖς
2965 3552 3269 3623 εὐωνύμοις
3291 3554 3319 3605 ὁ
3341 3553 3451 3606 τῶν
3482 3553 3643 3619 λόγων

2066 3644 2160 3697 τοῦ
2200 3643 2465 3713 βασιλέως
2501 3645 2789 3717 χαρακτὴρ
2819 3645 3120 3717 καθορᾶται
3141 3662 3155 3677 ⁸
3174 3649 3287 3710 τοῖς
3327 3646 3424 3717 μὲν
3451 3644 3646 3714 ἀγαθός

2067 3754 2127 3790 τε
2148 3738 2243 3791 καὶ
2274 3738 2665 3808 μείλιχος,τοῖς
2690 3738 2748 3792 δὲ
2772 3738 3003 3810 φοϐερὸς
3034 3739 3129 3792 καὶ
3157 3738 3472 3809 ἀμείλικτος
3488 3777 3503 3801 ,
3527 3753 3646 3790 κατ-

2066 3828 2317 3900 αλλήλως
2380 3832 2446 3901 τῇ
2507 3830 2828 3900 προαιρέσει
2885 3830 2996 3883 τῶν
3061 3830 3400 3900 κρινομένων
3463 3829 3645 3883 ἑαυτὸν

2070 3920 2459 3993 μεθαρμόζων.
2509 3922 2713 3978 Τούτου
2744 3924 2903 3996 χάριν
2953 3925 3048 3978 καὶ
3090 3922 3188 3978 νῦν
3229 3924 3537 3996 πρόσφορος
3581 3924 3643 3992 τῇ

2067 4014 2254 4087 νύμφῃ
2297 4014 2450 4085 παρὰ
2491 4015 2585 4069 τοῦ
2628 4016 2788 4085 λόγου
2840 4018 2873 4087 ἡ
2908 4016 3175 4080 ἀντίδοσις
3211 4016 3455 4085 γίνεται,
3488 4020 3544 4069 ἐν
3572 4010 3643 4078 οἷς

2069 4105 2279 4178 ὕμνησε
2309 4107 2403 4160 τοῦ
2438 4107 2707 4162 Δεσπότου
2738 4108 2799 4162 τὸ
2820 4109 3037 4174 κάλλος,
3063 4109 3121 4162 ἐν
3147 4112 3262 4173 τοῖς
3281 4110 3487 4180 ὁμοίοις
3516 4109 3641 4177 αὐτῇ

2067 4204 2162 4257 τού
2188 4205 2396 4275 Κυρίου
2430 4205 2926 4277 ἀντιχαρισαμένου
2956 4204 3046 4260 τὸν
3078 4206 3322 4260 ἔπαινον.
3368 4205 3644 4274 Ἀποδέχε-

2066 4313 2158 4350 ται
2184 4296 2294 4369 γὰρ
2351 4296 2447 4351 καὶ
2491 4297 2651 4362 αὐτὸς
2693 4297 2799 4351 τῶν
2853 4298 3041 4368 μαζῶν
3088 4299 3258 4368 αὐτῆς
3293 4298 3394 4369 τὴν
3437 4297 3523 4354 διὰ
3557 4296 3645 4364 τῆς

2069 4388 2351 4459 ἐνεργείας
2390 4390 2528 4463 πρὸς
2555 4390 2618 4443 τὸ
2654 4392 2902 4461 κρεῖττον
2940 4392 3314 4461 γεγενημένην
3352 4389 3643 4448 ἀλλοίωσιν.

2069 4481 2152 4534 ὅτι
2192 4482 2285 4534 τοῦ
2337 4482 2768 4554 γαλακτοφορεῖν
2794 4484 3134 4553 παυσάμενοι
3157 4523 3171 4545 ,
3204 4479 3347 4536 οἶνον
3386 4482 3482 4536 καὶ
3537 4479 3645 4549 οὐχὶ

377 4580 537 4646 dunt,
572 4581 733 4650 cujus
770 4595 937 4650 opera
981 4578 1407 4649 perfectioribus
1462 4576 1727 4632 cordibus
1785 4576 1964 4629 oritur

2070 4572 2211 4641 γάλα
2260 4573 2594 4645 προχέουσι,
2629 4574 2695 4627 δι’
2733 4566 2795 4626 οὗ
2828 4576 2950 4636 ταῖς
2995 4574 3362 4645 τελειοτέραις
3408 4571 3646 4631 καρδίαις

328 4658 331 4663 ί
377 4672 586 4737 laetitia,
626 4688 749 4741 quae
792 4672 1099 4740 juventutis
1131 4684 1241 4724 non
1289 4668 1529 4739 amplius
1576 4676 1814 4739 aguntur
1855 4666 1961 4722 llu-

378 4764 583 4826 ctil-us,
605 4761 698 4815 sed
733 4770 965 4831 possunt
1003 4776 1101 4815 ore
1142 4760 1355 4830 impleri
1385 4774 1452 4814 ex
1488 4770 1700 4814 cratere
1744 4760 1965 4830 sapien-

376 4854 488 4918 tiae,
519 4863 571 4907 et
600 4854 740 4907 bona
775 4850 1069 4906 attrahere.

448 5031 744 5101 Postquam
807 5031 971 5101 igitur
1030 5029 1276 5084 laudavit
1329 5030 1500 5084 ubera
1586 5039 1810 5099 pr0pter
1848 5031 1963 5084 vini

376 5124 797 5187 abundantiam,
851 5124 1001 5179 addit
1045 5125 1212 5177 etiam
1274 5123 1492 5177 laudem
1544 5121 1674 5176 boni
1724 5122 1913 5176 odoris
1945 5161 1960 5186 ,

376 5216 600 5271 dicens:
638 5215 704 5269 Et
729 5216 862 5270 odor
902 5216 1334 5271 restimentorum
1368 5223 1579 5267 tuorum
1602 5230 1760 5282 super
1784 5215 1965 5267 omnia

296 5378 297 5381 η
377 5319 646 5364 aromata.
696 5307 926 5379 Oportet
985 5318 1166 5363 autem
1211 5308 1353 5361 hanc
1407 5308 1619 5361 laudem
1661 5308 1965 5378 intelligere

376 5412 494 5465 eos,
538 5400 632 5470 qui
672 5400 967 5455 didicerint
1030 5415 1099 5455 ex
1151 5413 1312 5455 sacra
1355 5396 1643 5468 Scriptura
1703 5408 1958 5453 naturam

377 5504 570 5545 eorum
614 5508 737 5562 qua:
784 5491 1145 5545 nominantur
1194 5495 1461 5542 aromata.
1516 5487 1759 5553 Quodvis
1826 5489 1963 5542 bene

379 5581 600 5652 spirans
629 5597 817 5637 aroma
849 5583 907 5637 lit
945 5583 1195 5653 voluptas
1227 5598 1425 5639 sensus
1461 5582 1752 5637 odoratus.
1793 5579 1958 5634 lutel-

379 5670 612 5741 ligamus
632 5688 762 5744 ergo
796 5675 889 5729 illa
943 5674 1049 5730 dici
1124 5685 1392 5738 aromata,
1415 5691 1539 5743 qua:
1575 5677 1715 5729 bene
1745 5675 1960 5744 spirare

381 5761 738 5819 didicimusa
793 5764 1076 5834 Scriptura
1138 5782 1315 5822 sacra.
1372 5765 1443 5822 Ut
1499 5764 1611 5821 Noe
1642 5766 1801 5821 oll'ert
1848 5764 1957 5819 Deo

396 5849 743 5913 sacriﬁcium,
776 5860 830 5908 et
865 5852 1126 5908 odoratus
1162 5863 1244 5909 est
1304 5854 1444 5910 Deus
1504 5856 1727 5911 odorem
1782 5856 1960 5908 suavi-

2070 4667 2105 4738 ἡ
2133 4666 2439 4738 εὐφροσύνη
2491 4666 2721 4735 γίνεται,
2765 4665 2872 4719 τῶν
2921 4667 3114 4735 μηκέτι
3166 4666 3270 4719 ὑπὸ
3334 4664 3645 4732 νηπιότητος

2072 4759 2573 4830 κλυδωνιζομένων,
2607 4758 2721 4812 ἀλλ’
2756 4760 2822 4811 ὲκ
2863 4756 2959 4811 τοῦ
3005 4757 3282 4830 κρατῆρος
3322 4756 3422 4824 τῆς
3465 4755 3645 4823 σοφίας

2073 4851 2430 4922 ἐμφορεῖσθαι
2480 4851 2794 4921 δυναμένων
2833 4851 2912 4921 τῷ
2955 4850 3182 4920 στόματι
3226 4850 3321 4903 καὶ
3359 4847 3430 4902 τὰ
3478 4844 3645 4916 ἀγαθᾶ

2073 4942 2413 5011 ἐφέλκεσθαι.

2160 5035 2485 5098 Ἐπαινέσας
2515 5035 2697 5087 τοίνυν
2742 5035 2870 5096 τοὺς
2915 5031 3122 5102 μαζοὺς
3146 5032 3232 5085 διὰ
3267 5032 3366 5103 τὴν
3390 5032 3484 5085 τοῦ
3509 5031 3640 5084 οἴνου

2071 5124 2269 5197 φορᾶινι
2290 5123 2615 5196 προστίθησι
2646 5123 2741 5176 καὶ
2769 5123 2870 5191 τῆς
2911 5121 3169 5192 εύοδμίας
3189 5122 3282 5174 τὸν
3312 5121 3547 5181 ἔπαινον.
3575 5119 3641 5171 ει-

2070 5215 2216 5267 πών·
2240 5215 2323 5267 ὅτι
2357 5212 2466 5266 Καὶ
2499 5211 2660 5281 ὀσμὴ
2687 5209 2804 5263 τῶν
2828 5211 3074 5279 ἱματίων
3102 5225 3219 5263 σου
3284 5207 3436 5275 ὑπὲρ
3461 5206 3641 5260 πάντα

2070 5306 2141 5359 τὰ
2179 5303 2474 5373 ἀρώματα.
2508 5303 2717 5373 Νοῆσαι
2755 5301 2813 5354 δὲ
2859 5300 2965 5372 χρὴ
3013 5299 3103 5352 τὸν
3135 5297 3372 5352 τοιοῦτον
3413 5298 3638 5354 ἔπαινον.

2071 5399 2137 5450 ὲκ
2177 5399 2275 5467 τῆς
2320 5395 2480 5465 ἁγίας
2514 5395 2735 5465 Γραφῆς
2765 5392 2872 5447 τῶν
2894 5390 3303 5460 ὀνομασθέντων
3347 5389 3642 5460 ἀρωμάτων

2073 5490 2419 5561 διδαχθέντας
2463 5488 2563 5558 τὴν
2605 5487 2786 5556 φύσιν.
2838 5486 2957 5539 Πᾶν
2988 5485 3049 5538 τὺ
3072 5482 3301 5537 εὔπνουν
3331 5485 3528 5555 ἄρωμα
3559 5478 3645 5547 τῆς

2074 5581 2441 5653 ὀσφραντικῆς
2473 5577 2778 5651 αἰσθήσεως
2987 5576 3211 5643 γίνεται.
3236 5573 3445 5627 Οὐκοῦν
3475 5573 3642 5624 ἐκεῖνα

2074 5674 2252 5741 λέγειν
2297 5671 2567 5742 ἀρώματα
2603 5671 2695 5723 τὸν
2734 5669 2892 5736 λόγον
2918 5666 3339 5737 νοήσωμεν,ὂσα
3376 5663 3522 5735 παρὰ
3557 5660 3642 5729 τῆς

2074 5766 2296 5834 Γραφῆς
2336 5763 2584 5816 εύπνοεῖν
2630 5758 3008 5829 ἐδιδάχθημεν.
3046 5752 3173 5811 Οίον
3222 5755 3484 5826 προσάγει
3531 5750 3641 5805 Νῶε

2075 5856 2150 5922 τῷ
2196 5855 2315 5922 Θεῷ
2364 5855 2461 5923 τὴν
2503 5852 2717 5918 θυσίαν,
2760 5852 2853 5905 καὶ
2913 5848 3210 5920 ώσφράνθη
3245 5847 3445 5917 Κύριος
3482 5842 3639 5913 ὀσμὴν
