3866 6352
256 421 367 480 957
1284 421 1352 480 IN
1388 427 1687 486 CANTICA
1719 420 1991 486 CANTIC.
2023 429 2310 488 llOMlLlA
2351 431 2442 489 IX.
3433 425 3538 480 958

259 543 511 606 εὐωδίας.
567 543 776 599 Οὐκοῦν
821 545 1020 616 ᾶρωμα
1064 547 1275 615 γίνεται
1307 547 1388 619 τῷ
1416 549 1536 620 Θεῷ
1574 553 1609 624 ἡ
1651 553 1786 607 θυσίι

2008 553 2179 610 itis".
2211 551 2306 608 Est
2343 567 2476 622 ergo
2507 549 2618 605 Deo
2645 563 2835 606 aroma
2874 543 3236 607 scrilicium,
3273 550 3327 596 et
3367 541 3535 594 multa

258 632 460 688 πολλαὶ
501 637 596 688 καὶ
625 637 766 706 μετά
805 637 975 690 ταῦτα
1005 637 1368 708 προσάγονται
1400 639 1480 709 τῷ
1495 640 1614 711 Θεῷ
1641 641 1728 702 διὰ
1756 660 1785 695 τ

2010 654 2244 714 τοριετεα
2279 643 2390 698 Deo
2431 659 2528 713 per
2576 643 2748 712 legem
2792 640 3100 694 olferuntur
3153 632 3537 705 propitiatoria

261 724 434 794 νόμου
462 723 740 779 ίλεωτικαὶ
768 727 971 792 θυσίαι,
992 729 1339 800 χαριστήριοί
1365 746 1426 782 τε
1449 732 1544 784 καὶ
1571 733 1788 804 σωτήρια

2010 736 2246 794 ιετίῐὶυὶιι.
2273 745 2327 790 et
2374 749 2474 804 pro
2510 733 2702 804 gratiis
2754 731 2983 800 agendis
3029 726 3302 786 instituta,
3339 729 3393 778 et
3441 737 3537 775 cx-

263 816 362 870 καὶ
392 815 702 890 καθάρσιοι,
735 819 828 873 καὶ
859 820 987 890 περὶ
1026 821 1327 891 ἁμαρτίας.
1359 823 1548 876 Πάντα
1579 823 1790 877 ταῦτασι

2013 829 2210 890 atoria,
2241 836 2296 883 et
2342 842 2438 896 pro
2481 833 2709 896 percato
2731 825 2798 878 ⁷⁸.
2837 824 2957 876 llaec
2983 819 3169 874 omnia
3199 831 3340 887 pone
3397 816 3540 868 inter

264 909 350 962 θει
380 910 442 962 ὲν
477 912 592 974 τοῖς
621 910 900 982 ἁρώμασι,
932 913 1026 965 καὶ
1060 914 1160 976 τὰς
1190 913 1614 984 ὑλοκαρπώσεις,
1639 917 1730 969 καὶ
1760 934 1790 969 τ

2012 930 2229 984 ornata,
2261 929 2316 974 et
2359 919 2705 980 holocausta,
2732 925 2786 970 et
2823 913 3136 983 singulares
3178 923 3369 963 eorum
3419 921 3539 974 qum

263 1001 682 1067 ὁλοκαυτώσεις,
735 1003 828 1056 καὶ
878 1004 977 1067 τὰς
1025 1005 1256 1076 μερικάς
1305 1004 1414 1058 τῶν
1462 1007 1790 1078 ἀφαιρεμάτι

2008 1020 2089 1066 tut
2143 1012 2322 1066 oblata
2371 1009 2847 1072 consecrationes,
2897 1002 3279 1074 pcctuseulum
3323 998 3535 1058 hostia,

267 1094 623 1166 ἀφιερώσεις,
647 1095 709 1148 τὸ
751 1095 1037 1167 πηθύνιον
1078 1096 1172 1150 τοῦ
1211 1097 1431 1168 ἱερείου,
1467 1099 1559 1152 τὸν
1583 1099 1739 1154 λόεον
1763 1118 1792 1153 τ

2012 1102 2146 1159 bum
2171 1101 2398 1172 jccoris,
2435 1100 2648 1170 adipem
2679 1112 2800 1167 quae
2827 1103 2912 1151 est
2943 1096 2998 1148 in
3030 1093 3283 1150 renibus,
3313 1097 3368 1143 et
3399 1102 3539 1157 pra:-

269 1184 500 1255 ἥπατος,
518 1187 581 1240 τὸ
613 1188 980 1258 ἐπινεφρίδιον
1016 1189 1180 1259 στέαρ
1199 1230 1214 1254 ,
1244 1191 1340 1243 καὶ
1372 1190 1451 1244 ἔτι
1487 1191 1624 1263 πρὸς
1646 1192 1796 1245 ’τούτι

2012 1211 2122 1250 :rea
2164 1194 2294 1250 thus
2345 1199 2400 1248 et
2429 1193 2552 1246 oleo
2583 1187 2947 1244 madefactam
3008 1185 3268 1248 similam,
3303 1179 3539 1236 sumtum

267 1279 360 1332 τὸν
392 1279 632 1342 λίϐανον,
667 1279 765 1350 τὴν
799 1279 877 1350 τῷ
927 1279 1092 1350 ἐλαίῳ
1135 1281 1604 1353 διαϐεϐρεγμένην
1640 1283 1794 1354 σεμίδ

2013 1285 2462 1357 impositionis,et
2489 1283 2598 1336 alia
2637 1281 2824 1336 omnia
2859 1280 3062 1350 quibus
3103 1277 3215 1332 Deo
3241 1291 3337 1345 per
3361 1274 3540 1343 ignem

269 1369 375 1432 λιν,
407 1370 471 1424 τὸ
499 1369 751 1441 θυμίαμα
779 1372 879 1440 τῆς
910 1369 1233 1434 συνθέσεως,
1270 1372 1363 1424 καὶ
1387 1373 1454 1425 τά
1495 1373 1632 1426 ἄλλα
1661 1373 1796 1426 πάντ

2011 1378 2146 1432 ιΙιιιε
2185 1377 2568 1441 exhibebatur,
2618 1371 2936 1427 referuntur
2969 1371 3025 1424 in
3068 1381 3362 1423 numerum
3411 1377 3538 1417 aro-

270 1461 372 1514 ὂσα
400 1461 492 1514 διὰ
523 1460 692 1531 πυρὸς
715 1457 827 1530 εἶχε
857 1461 956 1532 τὴν
993 1461 1333 1531 ἀγχιστείαν,
1355 1465 1415 1516 ὲν
1461 1463 1539 1533 τῷ
1573 1464 1797 1531 καταλύῃ

2021 1480 2194 1525 atum.
2256 1465 2490 1534 Quando
2553 1482 2684 1536 ergo
2749 1462 3126 1519 audiverimus
3202 1462 3541 1528 unguentum

268 1553 381 1606 τῶν
436 1553 747 1624 ἀρωμάτων
789 1551 950 1606 ἔστω.
989 1553 1156 1606 Ὅταν
1181 1547 1275 1606 οὖν
1305 1553 1630 1624 ἀκούσωμεν
1663 1555 1725 1606 τὸ
1763 1573 1792 1608 τ

2017 1577 2202 1623 ιοηεαι,
2229 1560 2375 1631 quod
2417 1573 2585 1628 supra
2643 1557 2827 1612 omnia
2860 1562 3103 1608 aromata
3141 1551 3368 1619 dignum
3417 1561 3544 1600 cen-

270 1643 493 1714 νύμφης
545 1643 716 1715 μύρον
753 1643 993 1708 πλείονος
1023 1643 1163 1716 ὑπὲρ
1207 1645 1384 1699 πάντα
1425 1645 1691 1716 ἀρώματα
1730 1648 1797 1699 ἀπ

2018 1660 2120 1704 :tur
2159 1649 2309 1721 quod
2375 1649 2747 1717 suscipiatur,
2781 1644 2869 1700 his
2932 1642 3116 1696 verbis
3171 1637 3545 1708 intelligimus,

270 1733 434 1804 δοχῆς
455 1732 797 1800 ἀξιούμενον,
833 1734 1007 1804 τούτῳ
1035 1733 1113 1804 τῷ
1137 1735 1281 1806 λόγῳ
1307 1735 1672 1805 μανθάνομεν,
1696 1738 1778 1789 ὅτι

2017 1745 2115 1800 uod
2167 1744 2502 1814 mysterium
2557 1738 2808 1794 veritatis
2865 1733 3193 1804 evangelica:
3254 1728 3544 1783 doctrinae.

273 1824 373 1894 τῆς
423 1823 686 1894 ἀληθείας
749 1827 1068 1896 μυστήριον,
1101 1824 1162 1878 τὸ
1214 1826 1300 1878 διὰ
1349 1827 1446 1896 τῆς
1499 1827 1800 1894 εὐαγγελικί

2020 1837 2112 1892 ιοι]
2144 1837 2442 1907 peragitur.
2495 1841 2576 1888 est
2613 1832 2790 1886 solum
2853 1826 2964 1880 Deo
3008 1823 3370 1882 odoril‘erum,
3409 1833 3547 1886 prae-

271 1913 627 1977 διδασκαλίας
677 1914 1122 1985 ὲπιτελούμενον,
1161 1915 1320 1985 μόνον
1376 1914 1573 1978 εὐῶδές
1629 1917 1746 1968 ἐστι
1781 1933 1798 1967 1

2022 1903 2206 1985 isitu—m
2247 1903 2504 1980 omnibus
2549 1921 2822 1992 legalibus
2857 1915 3223 1975 aromatibus,
3285 1917 3344 1962 ut
3404 1904 3549 1977 quod

275 2005 416 2076 Θεῷ,
445 2006 663 2058 πάντων
705 2006 812 2059 τῶν
851 2007 1090 2074 νομικῶν
1133 2007 1442 2076 ἀρωμάτων
1503 2024 1802 2078 προκεκριρ

2027 2042 2077 2079 m
2102 2030 2318 2093 tegatur
2356 2020 2592 2088 amplius
2623 2017 2729 2070 ulla
2761 2013 2932 2083 ﬁgura
2973 2017 3028 2064 et
3057 2007 3272 2065 umbra,
3304 2003 3398 2057 sed
3431 2014 3554 2054 ma-

275 2115 399 2162 vov,
431 2095 532 2150 ἆτε
561 2097 626 2168 δὴ
657 2099 853 2168 μηκέτι
899 2097 1054 2168 τύπῳ
1104 2101 1212 2151 τινί
1241 2099 1335 2151 καὶ
1370 2099 1496 2168 σκιᾷ
1524 2098 1802 2168 καλυπτόμ

2034 2092 2322 2169 testatione
2351 2107 2600 2165 veritatis
2629 2105 2892 2161 reddatur
2918 2103 3057 2156 bene
3086 2097 3264 2152 olens.
3309 2092 3441 2146 Nam
3494 2097 3551 2144 et

278 2205 387 2252 νον,
403 2187 544 2241 ἀλλά
584 2191 654 2259 τῇ
690 2187 992 2260 φανερώσει
1022 2189 1122 2258 τῆς
1154 2189 1409 2260 ἀληθείας
1450 2189 1680 2242 εὔπνουν
1717 2205 1804 2256 γιν

2049 2203 2256 2274 aliquid
2283 2219 2350 2256 ex
2380 2201 2448 2256 iis
2477 2213 2599 2270 quae
2642 2198 3048 2266 praecesserunt
3099 2184 3444 2242 aromatibus
3472 2183 3555 2234 ol-

281 2297 470 2352 μενον.
521 2282 584 2334 Εἰ
613 2281 720 2352 γάρ
759 2298 812 2334 τι
846 2281 939 2334 καὶ
989 2280 1097 2332 τῶν
1128 2280 1507 2351 προλαϐόντων
1559 2280 1808 2350 ἀρωμάτι

2029 2301 2104 2352 cit
2139 2273 2364 2351 odorem
2425 2289 2748 2351 suavitatis,
2801 2301 2870 2340 ex
2910 2279 3094 2336 Verbo
3143 2273 3289 2347 quod
3327 2273 3398 2326 iis
3433 2285 3554 2340 qua:

283 2372 581 2444 ώσφρὰνθη
620 2373 823 2443 Κύριος
854 2375 934 2436 είς
967 2374 1143 2445 ὀσμὴν
1175 2373 1433 2437 εὐωδίας,
1465 2373 1607 2426 κατά
1650 2374 1740 2426 τὸν
1771 2375 1810 2443 ἐι

2030 2390 2178 2445 ibant
2211 2383 2524 2455 apparebat,
2553 2373 2972 2447 unumquodque
2993 2381 3180 2427 eorum
3212 2367 3440 2435 dignum
3475 2369 3557 2414 cst

282 2463 609 2532 φαινόμενον
668 2463 828 2530 λόγον
896 2462 1124 2516 ἕκαστον
1193 2463 1372 2516 αὐτῶν
1437 2465 1533 2533 τῆς
1599 2462 1809 2533 ἀποδοχί

2030 2478 2223 2533 ibitum
2248 2453 2402 2544 quod
2433 2469 2826 2538 susciperetur,
2857 2477 2973 2518 non
3012 2475 3082 2515 ex
3119 2453 3390 2525 corporali
3433 2466 3557 2523 ape-

277 2549 511 2621 ἠειώοη,
541 2551 599 2602 οὐ
631 2551 770 2604 κατὰ
792 2551 854 2604 τὸ
872 2551 1160 2622 πρόχειρόν
1188 2568 1245 2602 τε
1269 2553 1364 2604 καὶ
1395 2552 1706 2622 σωματικὸν
1733 2550 1804 2604 εἷὸ

2031 2584 2060 2622 e
2093 2548 2284 2622 eorum
2329 2577 2450 2633 quae
2483 2559 2705 2618 ﬁebant.
2754 2563 2808 2611 ct
2837 2551 2985 2625 quod
3015 2557 3133 2606 erat
3181 2548 3236 2600 in
3277 2551 3553 2614 promptu.

279 2640 388 2694 τῶν
411 2643 739 2710 γινομένων.
772 2643 881 2696 Καὶ
913 2642 1072 2697 τοῦτο
1115 2641 1275 2712 δῆλόν
1300 2643 1450 2695 ἐστιν
1487 2645 1549 2695 ἐκ
1576 2643 1672 2713 τῆς
1703 2660 1806 2712 μεγ

2032 2673 2095 2711 oc
2135 2663 2318 2709 autem
2365 2662 2447 2708 est
2503 2650 2855 2719 perspicuum
2887 2661 2953 2700 ex
2986 2654 3184 2710 magna
3236 2649 3370 2690 voce
3423 2630 3559 2684 Pro-

279 2730 374 2801 λης
400 2729 502 2784 τοῦ
550 2731 832 2802 Προφὴτου
863 2733 1071 2802 φωνῆς,
1105 2732 1140 2801 ἦ
1175 2749 1367 2802 φησιν,
1403 2732 1485 2785 ὅτι
1517 2735 1598 2786 Οὐ
1626 2733 1806 2801 δέξομ

2032 2759 2173 2804 ictae.
2209 2762 2314 2816 qua
2345 2745 2516 2797 dicit:
2551 2739 2672 2792 Non
2703 2738 2962 2806 accipiam
2999 2733 3062 2787 de
3093 2731 3250 2784 doma
3288 2737 3381 2780 tua
3419 2725 3559 2778 vitu-

279 2823 347 2876 ἐκ
387 2821 501 2876 τοῦ
523 2823 692 2876 οἴκου
715 2837 832 2876 σου
853 2825 1148 2893 μόσχους,
1173 2822 1314 2877 οὐδὲ
1353 2824 1421 2876 ἐκ
1446 2823 1563 2877 τῶν
1585 2826 1806 2894 ποιμνίι

2033 2859 2080 2904 ε,
2113 2855 2271 2908 neque
2289 2852 2354 2892 ea:
2381 2835 2620 2906 gregibus
2665 2833 2766 2886 tuis
2800 2827 2999 2882 haedos.
3053 2823 3178 2878 Non
3209 2821 3346 2875 enim
3391 2831 3560 2870 come-

283 2932 398 2972 σου
444 2917 772 2988 χιμάρους·
802 2920 873 2972 οὺ
904 2918 1014 2988 γὰρ
1059 2917 1315 2986 φάγομαι
1351 2917 1496 2984 κρέα
1544 2919 1797 2984 ταύρων,

2032 2947 2105 2984 ero
2131 2943 2315 2983 carnes
2361 2935 2656 2987 taurorum,
2709 2935 2873 2989 neque
2930 2917 3248 2984 sanguinem
3295 2910 3559 2962 hircorum

282 3005 424 3080 αἷμα
447 3009 688 3080 τράγων
716 3012 944 3080 πίομαι.
973 3011 1165 3063 Καίτοι
1211 3009 1404 3063 πολλαὶ
1437 3009 1694 3073 πολλάκις
1740 3010 1809 3075 ξω

2035 3031 2226 3073 itavero
2245 3017 2315 3071 "".
2358 3013 2604 3068 Tametsi
2635 3013 2808 3067 multa
2842 3023 2986 3078 saepe
3018 3006 3164 3059 facta
3198 3008 3326 3057 sunt
3352 2999 3562 3052 anima-

286 3101 471 3154 θυσίαι
514 3101 800 3169 γεγόνασιν
825 3119 836 3130 ’
869 3101 1004 3154 ἀλλὰ
1031 3101 1135 3154 κᾶν
1185 3101 1410 3170 γένηται
1457 3101 1650 3164 ταῦτα,
1692 3101 1813 3171 ἓτερ

2038 3126 2117 3164 um
2155 3107 2470 3164 sacriﬁcia:
2531 3102 2784 3174 quamvis
2817 3111 3001 3153 tamen
3036 3112 3098 3151 ea
3140 3095 3283 3149 facta
3339 3090 3565 3148 fuerint,

286 3195 399 3248 ἐστι
425 3193 495 3246 τὸ
525 3193 611 3246 διὰ
647 3193 849 3246 τούτων
877 3194 933 3245 ὲν
969 3192 1253 3260 αἰνίγματί
1285 3209 1367 3244 σοι
1397 3191 1813 3262 νομοθετούμενι

2042 3202 2132 3256 iud
2161 3208 2269 3260 est,
2297 3198 2442 3268 quod
2476 3212 2572 3267 per
2605 3197 2719 3249 haec
2753 3194 2807 3246 in
2832 3191 3123 3259 aenigmate
3154 3185 3252 3240 tibi
3287 3185 3400 3253 lege
3436 3197 3569 3235 con-

285 3284 344 3338 τὸ
371 3285 488 3338 δεῖν
513 3285 580 3338 τὰ
629 3283 774 3354 πάθη
815 3287 873 3338 ὲν
922 3284 1005 3336 σοὶ
1048 3250 1473 3353 σιραγιάξεσθαι..
1512 3250 1707 3338 Θυσίιί
1735 3285 1806 3352 γά

2044 3294 2256 3354 ituitur,
2295 3303 2490 3358 nempe
2521 3295 2776 3357 oportere
2803 3282 3040 3337 interimi
3097 3293 3216 3348 quae
3271 3277 3324 3328 in
3360 3283 3412 3328 te
3443 3279 3571 3327 sunt

289 3379 442 3448 φησὶ,
481 3375 560 3442 τῷ
602 3375 724 3442 Θεῷ
773 3377 1012 3443 πνεῦμα
1045 3377 1553 3446 συντετριμμένον
1581 3393 1594 3406 ·
1633 3378 1816 3446 κιιρδίι

2042 3386 2114 3439 tia
2146 3392 2200 3439 et
2229 3381 2400 3437 animi
2455 3377 2940 3450 perturbationes:
3001 3369 3340 3437 Sacriﬁcium
3391 3361 3569 3428 enim,

292 3467 810 3537 συντετριμμένην
846 3467 946 3522 καί
1002 3468 1513 3537 τεταπεινωμένην
1543 3471 1576 3521 ό
1601 3467 1744 3534 Θεὸς
1773 3486 1819 3521 οι

2046 3476 2182 3543 quit,
2214 3471 2320 3526 Deo
2343 3469 2561 3538 spiritus
2615 3465 2912 3527 contritus;
2943 3471 3034 3514 car
3061 3457 3350 3512 contritum
3394 3463 3444 3506 et
3475 3453 3573 3504 hu-

293 3558 712 3624 ἐξουδενώσει.
747 3558 912 3612 Ὅθεν
958 3558 1166 3626 γίνεται
1215 3559 1248 3630 ἡ
1285 3557 1447 3613 θυσία
1475 3559 1575 3629 τῆς
1625 3559 1820 3612 αἰνέσει

2044 3566 2253 3620 ἱίὲαιιιηι
2307 3562 2448 3615 Deus
2495 3575 2600 3613 non
2646 3555 2893 3624 despiciet
2927 3553 2993 3605 ⁷³.
3036 3549 3193 3604 Unde
3228 3548 3286 3601 [lt
3323 3553 3571 3600 nostrum

295 3649 487 3721 ἡμῶν,
521 3653 555 3720 ἡ
603 3649 898 3714 δοξάζουσα
944 3649 1034 3702 τὸν
1071 3648 1324 3719 τοιαύτην
1377 3648 1554 3720 ὀσμὴν
1599 3650 1822 3720 ὀσφραιν

2052 3655 2320 3711 oriﬁcium
2371 3651 2582 3711 laudis,
2624 3647 2769 3718 quod
2811 3643 3081 3716 glorificat
3118 3655 3242 3695 eum
3277 3637 3368 3706 qui
3411 3635 3573 3688 talem

301 3758 478 3810 μενον.
528 3741 745 3812 Ἐπειδὴ
796 3742 976 3795 τοίνυν
1017 3741 1087 3794 τὰ
1133 3739 1336 3794 τυπικά
1365 3741 1555 3795 πάντα.
1591 3740 1682 3793 τοῦ
1722 3741 1828 3810 νόμι

2050 3750 2254 3800 loratur
2314 3741 2559 3797 odorem.
2634 3736 2905 3803 Quoniam
2942 3747 3071 3802 ergo
3123 3727 3394 3798 superatis
3441 3723 3577 3792 legis

299 3831 568 3902 ἀρώματα
603 3833 889 3902 ὐπερὸἄσα
927 3834 961 3902 ἡ
996 3833 1386 3903 πνευματικῶς
1419 3832 1720 3886 εὐπνοοῦσα
1746 3849 1826 3884 καί

2052 3832 2190 3904 picis
2219 3829 2581 3889 aromatibus,
2611 3840 2731 3896 qua:
2761 3821 3122 3891 spiritualiter
3145 3817 3299 3886 juxta
3321 3813 3575 3873 Paulum,

301 3917 392 3974 τὸν
425 3920 640 3974 Παῦλον
678 3920 846 3991 ψυχὴ,
871 3921 927 3984 ὃς
979 3920 1214 3992 Χριστοῦ
1265 3921 1463 3974 εὐωδία
1499 3916 1588 3992 ἦν,
1621 3921 1715 3974 καὶ
1747 3923 1828 3974 αὐ·

2047 3923 2083 3978 ii
2117 3930 2236 3978 erat
2267 3921 2444 3976 bonus
2467 3919 2604 3972 odor
2621 3916 2823 3973 Christi
2846 3915 2914 3979 7’,
2938 3914 3076 3968 bene
3099 3909 3338 3983 spirabat
3369 3905 3574 3966 anima,

301 4009 506 4082 εὐώδης
531 4010 621 4064 διὰ
642 4011 735 4064 τοῦ
772 4011 889 4091 βίου
942 4013 1161 4081 ἐγένετο
1181 4013 1273 4066 καὶ
1301 4013 1360 4066 τὸ
1399 4012 1570 4084 μύρον
1603 4012 1704 4082 τῆς
1734 4015 1828 4084 ἱερι

2051 4031 2110 4072 sa
2138 4030 2234 4086 per
2259 4015 2425 4068 vitam
2459 4013 2755 4066 beueolcns
2785 4009 2978 4064 ell'ecta
3003 4011 3109 4068 est,
3151 4008 3206 4058 et
3235 4004 3575 4069 unguentum

305 4101 470 4173 σύνης
509 4102 606 4156 καὶ
632 4103 692 4156 τὸ
727 4102 982 4173 θυμίαμα
1008 4104 1107 4174 τῆς
1154 4103 1478 4168 συνθέσεως,
1513 4105 1602 4158 διὰ
1641 4105 1832 4170 ποικίλη

2052 4107 2320 4171 ιοοτᾱοιίἰ,
2349 4116 2403 4161 et
2438 4105 2654 4162 sumtus
2705 4099 3146 4172 compositionis,
3176 4097 3316 4151 bene
3361 4092 3579 4162 spirans

307 4192 412 4248 τῶν
455 4193 668 4267 ἀρετῶν
717 4197 1078 4266 συνεισφορᾶς
1123 4212 1181 4248 τε
1217 4196 1310 4249 καὶ
1338 4196 1564 4267 ,μίξεως
1597 4195 1776 4259 καλῶς
1809 4213 1834 4248 ε

2023 4217 2096 4256 »οι-
2124 4200 2335 4254 variam
2370 4199 2638 4252 virtutum
2669 4191 3126 4263 compositionem
3156 4193 3211 4242 et
3239 4183 3550 4238 mistionem

313 4285 620 4355 πνοήσασα,
647 4284 774 4350 ἀξία
823 4284 996 4352 ἐφάνη
1037 4287 1104 4354 τῇ
1133 4285 1400 4356 ὀσφρήσει
1434 4282 1528 4336 τοῦ
1557 4283 1789 4355 νυμφίου
1816 4301 1839 4336 ε

2046 4296 2161 4364 lgna
2189 4294 2304 4348 visa
2329 4299 2414 4347 est
2437 4289 2624 4359 sponsi
2650 4286 2900 4341 odoratui
2923 4285 2979 4339 in
3001 4282 3226 4336 odorem
3251 4273 3573 4332 suavitatis:

309 4377 482 4449 ὀσμὴν
527 4377 755 4442 εὐωδίας
783 4394 798 4408 ο
836 4377 926 4430 διὰ
969 4377 1128 4430 τοῦτο
1165 4379 1198 4448 ή
1235 4377 1356 4430 θεία
1400 4375 1682 4445 αἴσθησις,
1715 4374 1836 4428 καθέ

2046 4391 2289 4454 ropterea
2317 4395 2515 4438 sensus
2547 4379 2789 4437 divinus,
2822 4375 2967 4430 sicut
3013 4371 3260 4426 nominat
3293 4365 3573 4422 Salomon.

311 4468 340 4519 ὁ
369 4467 626 4541 Σολομὼν
659 4467 936 4540 ὀνομάζει,
965 4467 1074 4522 τῶν
1099 4467 1428 4538 σωματικῶν
1467 4468 1775 4538 ἀρωμάτων
1799 4485 1838 4519 τι

2057 4472 2369 4542 ιτροηιὶίυιιὶ
2407 4469 2542 4538 legis
2576 4473 2912 4531 aromatum,
2961 4462 3112 4540 addit
3143 4459 3295 4512 illum
3343 4454 3584 4507 materia:

312 4560 496 4633 νόμου,
532 4560 856 4632 προστίθησι
909 4560 1006 4630 τὴν
1051 4559 1213 4613 ἄῦλον
1263 4559 1478 4628 ἐκείνην
1529 4559 1623 4612 καὶ
1653 4557 1839 4628 καθαρ

2058 4571 2282 4634 ιρετιεηι
2313 4567 2368 4614 ει
2406 4574 2604 4630 purum
2641 4557 2889 4617 odorem,
2927 4555 3019 4624 qui
3063 4565 3159 4622 per
3193 4549 3424 4604 virtutes
3452 4560 3585 4599 con-

313 4649 412 4717 τὴν
440 4650 528 4704 διὰ
558 4651 668 4704 τῶν
707 4650 920 4722 ἀρετῶν
955 4650 1373 4722 μυρεψουμένην
1401 4649 1650 4713 εὐωδίαν,
1684 4648 1840 4717 λέγωτ

2078 4653 2183 4707 itur
2208 4667 2273 4707 ac
2293 4650 2663 4721 componitur,
2706 4647 2938 4702 dicens:
2996 4642 3067 4696 Et
3105 4641 3238 4696 odor
3295 4643 3605 4706 unguento--

315 4741 424 4794 Kal
467 4743 628 4812 ὀσμὴ
664 4741 871 4824 μύρων
899 4760 1016 4796 σου
1064 4743 1217 4811 ὑπὲρ
1265 4743 1462 4795 πάντα
1503 4741 1574 4794 τὰ
1602 4741 1842 4810 ιίιερώματ⁴

1530 4741 1574 4794 ’ὰ
1602 4741 1896 4810 ἀρώματα.
2001 4761 2119 4798 rum
2155 4753 2365 4796 tuorum
2393 4757 2555 4810 supra
2591 4741 2766 4793 omnia
2793 4743 3057 4794 aromata.

399 4856 456 4909 '0
475 4857 532 4911 δὲ
563 4856 760 4926 ἐφεξῆς
785 4855 941 4924 λόγος
974 4856 1110 4926 πρὸς
1129 4855 1190 4906 τι
1207 4853 1534 4925 ὑψηλότερον
1564 4852 1793 4922 προάγει
1812 4850 1902 4904 τὸν

2076 4855 2137 4910 ld
2194 4861 2375 4909 autem
2411 4851 2557 4922 quod
2596 4850 2852 4919 deinceps
2915 4845 3168 4916 sequitur
3196 4882 3210 4904 ,
3249 4841 3319 4896 ad
3375 4838 3588 4892 laudem

323 4942 560 5010 ἔπαινον,
585 4947 682 5018 τὴν
707 4949 774 5000 ὲκ
807 4946 1034 5017 μελέτης
1055 4946 1149 4998 καὶ
1177 4945 1451 5016 προσοχῆς
1487 4943 1788 5013 γενομένην
1809 4959 1850 4994 αι

2066 4946 2237 5002 :ducit
2288 4944 2563 5006 altiorem,
2627 4955 2880 4998 sermone
2911 4937 3213 4993 testiﬁcans
3270 4933 3346 4986 illi
3413 4931 3593 4985 iue‘sse

321 5036 388 5104 τῇ
420 5037 528 5091 τῶν
554 5037 938 5109 πνευματικῶν
971 5038 1328 5110 χαρισμάτων
1345 5034 1676 5103 -πέριουσίαν
1703 5051 1846 5106 μαρτ

2064 5039 2226 5108 ipiam
2277 5035 2644 5107 spiritualium
2686 5035 2992 5093 donorum,
3032 5044 3154 5100 quae
3197 5027 3245 5080 ei
3294 5023 3495 5078 accidit
3529 5037 3591 5076 ex

329 5125 434 5192 ρῶν
463 5127 542 5198 τῷ
585 5129 747 5200 λόγῳ.
797 5128 1018 5198 Ἐπειδὴ
1049 5127 1157 5198 γὰρ
1181 5127 1332 5196 παρὰ
1372 5125 1469 5196 τὴν
1502 5125 1762 5195 μέλισσαν
1789 5143 1856 5194 φο

2062 5129 2368 5184 ιεᾱὶιοιὶοηο
2399 5137 2452 5182 et
2494 5127 2814 5180 attentione.
2847 5121 2984 5176 Nam
3025 5117 3286 5188 quoniam
3319 5113 3389 5166 ad
3439 5126 3589 5180 apem

327 5218 426 5285 τᾷν
461 5199 709 5290 βούλεται
734 5221 828 5274 τὸν
859 5220 960 5290 τῆς
991 5221 1182 5288 σοφίας
1215 5217 1460 5289 μαθητὴν
1485 5219 1514 5269 ὁ
1543 5209 1854 5286 παροιμιακὲ

2067 5221 2300 5292 ψὶεηῑὶιε
2326 5219 2660 5290 discipulum
2705 5217 2974 5271 ventitare
3021 5211 3139 5263 vult
3172 5207 3222 5262 id
3256 5204 3400 5274 quod
3459 5199 3594 5256 scri-

328 5304 480 5376 λόγος
499 5311 658 5381 (νοεῖς
685 5312 744 5366 δὲ
763 5313 982 5374 πάντως
1011 5312 1076 5364 ὲκ
1103 5311 1211 5363 τῶν
1235 5308 1493 5380 μαθητῶν
1520 5307 1620 5374 τὴν
1647 5307 1855 5360 διδάσκι

2073 5321 2161 5367 tur
2217 5313 2270 5366 in
2313 5310 2622 5366 Proverbiis
2681 5305 2986 5378 (intelligis
3017 5311 3194 5354 autem
3245 5295 3470 5351 omnino
3529 5307 3596 5346 ex

329 5395 417 5450 λον
461 5402 578 5472 ἥτις
641 5403 808 5474 ἐστὶν)
856 5403 1029 5472 λέγων
1073 5406 1186 5466 τοῖς
1220 5403 1474 5472 ἐρασταῖς
1523 5400 1620 5467 τῆς
1673 5397 1856 5466 σοφίας

2074 5403 2302 5473 scipulis
2355 5419 2476 5472 quae
2523 5403 2596 5456 sit
2647 5394 2964 5469 magistra),
3014 5393 3208 5446 dicens
3259 5385 3597 5470 amatoribus

334 5494 653 5562 Πορεύθητι
679 5495 828 5564 πρὸς
860 5494 974 5562 τὴν
991 5494 1321 5563 μέλισσαν,
1340 5492 1438 5544 καὶ
1464 5489 1616 5559 μάθε
1633 5489 1712 5554 ὡς
1739 5489 1861 5557 simu

2069 5494 2338 5566 Ipientiaaz
2374 5493 2520 5548 Vade
2550 5493 2618 5546 ad
2665 5507 2812 5560 apem
2855 5496 2906 5541 et
2953 5486 3094 5538 disce
3123 5481 3262 5554 quod
3303 5481 3373 5535 sit
3413 5492 3596 5546 opera-

331 5598 414 5650 τις
441 5589 592 5655 ἐστὶ,
622 5591 724 5660 τήν
762 5607 820 5642 τε
855 5590 1117 5660 ἐργασίαν
1153 5589 1228 5650 ὡς
1269 5585 1472 5656 σεμνὴν
1517 5583 1858 5654 ἐμπορεύετα

2072 5586 2219 5650 a”,
2287 5585 2516 5654 ejusque
2578 5581 2856 5653 opiﬁcium
2919 5574 3286 5658 nundinatur,
3337 5580 3596 5639 tanquam

343 5760 622 5892 “16:3.
663 5787 779 5854 vui,
819 5772 908 5826 ΞΗ.
985 5774 1030 5801 ⁷⁸⁸
1075 5770 1246 5825 Levit.
1292 5784 1365 5834 Ix,
1399 5770 1430 5821 4
1460 5784 1580 5836 sqq.
1670 5767 1715 5798 ⁷⁷
1753 5763 1870 5819 l‘sal

448 5852 525 5891 .CL'
553 5858 588 5892 Ι.
630 5857 704 5892 XL
743 5860 794 5892 ι).

2047 5779 2074 5830 :,
2115 5764 2148 5819 9
2187 5781 2306 5835 sqq.
2403 5764 2446 5794 7"
2487 5761 2631 5816 Psal.
2676 5776 2726 5820 L,
2775 5759 2841 5812 19
2885 5775 3004 5828 sqq.
3082 5757 3128 5788 7’
3160 5754 3198 5808 ll
3237 5754 3363 5805 Cor.
3407 5763 3465 5808 ll,
3511 5743 3574 5796 15

448 5838 588 5894 Ξῦςιί.
630 5857 704 5894 xl.
743 5843 794 5894 5.

3503 5838 3510 5848 Ι
3569 5842 3586 5851 ο
