3866 6408
464 278 497 307 Ι

386 467 491 525 959
1644 467 1702 521 S.
1747 464 2082 523 GREGORII
2124 461 2419 520 NYSSENI
3578 448 3683 508 960

386 583 732 651 praeclarum,
763 590 923 657 cujus
966 588 1203 652 labores,
1230 594 1280 640 et
1320 600 1494 656 rcges,
1554 592 1607 638 et
1643 584 1837 653 privati
1873 583 1968 636 ad-

2093 577 2133 653 ξς
2158 583 2282 645 τοὺς
2304 582 2505 643 πόνους
2523 578 2759 650 βασιλεῖς
2786 579 2881 633 καὶ
2905 577 3109 633 ἰδιῶται
3136 577 3273 649 πρὸς
3298 574 3476 645 ὑγίαν
3505 586 3683 641 προσ-

388 672 576 726 bibent
598 676 665 730 ad
700 679 1009 743 sanitatem,
1038 687 1092 734 et
1118 694 1239 733 eam
1271 677 1405 731 dicit
1444 675 1700 730 omnibus
1748 674 1963 729 deside-

2093 675 2327 745 ρέρονται
2354 690 2367 703 ο
2407 672 2659 742 ποθεινὴν
2699 670 2754 724 δὲ
2809 673 2942 724 πᾶσι
2991 671 3138 740 λέγει
3188 668 3356 741 αὐτὴν
3398 663 3559 720 εἶναι
3593 666 3686 719 καὶ

386 764 616 819 rabilem
647 777 700 821 et
732 769 1022 840 insignem,
1066 778 1125 824 ut
1180 784 1304 839 quae
1354 772 1425 824 sit
1480 767 1690 821 viribus
1745 765 1967 836 quidem

2093 765 2332 832 niGogov,
2365 763 2701 819 ἀσθενοῦσαν
2741 764 2837 835 μὲν
2872 762 3015 816 κατά
3054 762 3151 834 τὴν
3195 761 3390 834 ῥώμην
3413 801 3431 826 ,
3475 758 3584 829 τὴν
3627 756 3686 810 δὲ

387 850 699 909 imbecilla:
740 858 1093 913 honoraverit
1120 867 1300 913 autem
1351 856 1701 925 sapientiam,
1743 863 1798 911 et
1848 854 1969 908 ideo

2093 857 2622 927 rocpiavgrtuﬁaasav,
2647 854 2742 909 καὶ
2768 854 2853 908 διὰ
2868 854 3023 908 τοῦτο
3040 854 3409 926 προαχθεῖσαν
3438 851 3528 916 εἰς
3563 847 3689 904 ὁπό-

388 942 509 1000 νίιω
545 946 757 1003 virtutis
796 949 1051 1005 studiosis
1094 950 1355 1019 producta
1407 948 1479 1003 sit
1526 946 1579 1000 in
1636 946 1967 1017 exemplum.

2093 955 2263 1020 ἱειγμα
2315 948 2429 1017 βίου
2469 950 2584 1011 τοῖς
2619 947 2912 1019 ἐναρέτοις.
2951 947 3061 1017 Τὴν
3103 946 3213 1017 γάρ
3245 944 3475 1013 σοφίαν,
3524 947 3685 1011 φησι,

389 1034 661 1091 Produc-ta
690 1046 774 1095 est
801 1042 970 1105 enim,
1002 1042 1200 1110 inquit,
1229 1051 1289 1095 ut
1319 1056 1442 1113 qua:
1495 1041 1846 1095 honoraverit
1879 1042 1971 1096 Sa-

2093 1040 2349 1111 τιμήσασα
2403 1038 2673 1112 προήχθη.
2723 1038 3091 1110 Συμὸουλεύει
3121 1038 3179 1092 δὲ
3225 1038 3312 1092 διὰ
3350 1034 3477 1089 τῶν
3532 1035 3688 1106 είρη-

387 1126 675 1197 pientiam.
710 1127 966 1184 Consulit
1017 1136 1198 1184 autem
1246 1144 1343 1200 per
1369 1144 1433 1184 ea
1480 1144 1602 1199 qua:
1633 1129 1778 1183 dicta
1819 1138 1970 1193 sunt,

2093 1134 2255 1187 ιένων
2294 1132 2521 1204 μηδενὸς
2544 1131 2844 1202 ἀπέχεσθαι
2894 1129 3002 1184 τῶν
3049 1127 3270 1199 ἀγαθῶν
3297 1125 3684 1199 μαθημάτων.

390 1232 420 1269 a
449 1217 598 1271 nulla
630 1218 771 1272 bona
807 1220 1089 1276 abstinere
1119 1221 1433 1290 disciplina,
1473 1220 1569 1276 sed
1599 1220 1971 1290 pervolantem

2093 1225 2208 1278 Ιιλλά
2234 1224 2314 1295 τῷ
2344 1223 2569 1295 λειμῶνι
2620 1222 2730 1277 τῶν
2772 1219 3143 1275 θεοπνεύστων
3187 1218 3580 1289 ἐφιπτάμενον
3603 1212 3687 1266 λό-

389 1316 606 1379 pratum
633 1309 1025 1379 inspiratorum
1055 1326 1087 1365 a
1127 1312 1237 1366 Deo
1269 1311 1636 1381 eloquiorum,
1668 1307 1976 1380 colligendo

2093 1333 2209 1384 (ων,
2253 1316 2346 1385 ἀφ’
2379 1316 2610 1368 ἑκάστου
2660 1331 2713 1367 τι
2765 1313 2901 1386 πρὸς
2954 1313 3051 1383 τὴν
3086 1311 3280 1381 κτῆσιν
3322 1308 3431 1379 τῆς
3488 1305 3688 1375 σοφίας

388 1399 595 1470 aliquid
651 1409 908 1471 tanquam
939 1403 1128 1458 florem
1180 1420 1244 1459 ex
1287 1420 1615 1471 unoquoque
1668 1417 1859 1459 eorum
1907 1402 1976 1456 ad

388 1493 824 1560 procreationem
874 1497 1178 1565 sapientiae,
1235 1496 1342 1551 sibi
1398 1496 1653 1551 fabricari
1702 1510 1883 1552 ceram
1922 1498 1976 1551 in

2080 1407 2533 1478 ἀπανθιζόμενον,
2568 1404 2967 1477 κηωπλαστείν
2996 1400 3174 1472 ἐαυτῷ
3206 1400 3266 1453 τὺ
3295 1399 3506 1471 κηρίον
3531 1437 3546 1461 ,
3576 1388 3688 1448 οἷον

2078 1502 2135 1554 ἐν
2160 1498 2369 1570 σίμϐλῳ
2394 1500 2499 1551 τινὶ
2519 1500 2583 1569 τῇ
2604 1496 2798 1565 ἐαυτοῦ
2820 1513 2891 1549 κα
2900 1495 3016 1566 ρδία
3038 1494 3138 1566 τὴν
3155 1490 3451 1563 φιλεργίαν
3473 1485 3687 1556 ταύτην

390 1580 557 1635 corde
592 1596 713 1646 suo,
768 1592 1024 1654 tanquam
1078 1586 1283 1641 alveari
1343 1586 1605 1655 quodam,
1668 1587 1979 1657 reponendo

2093 1589 2469 1661 Ειποτιθέμενον
2489 1605 2502 1619 ·
2544 1588 2733 1659 ὥσπερ
2762 1587 2913 1651 τινὰς
2934 1588 2991 1639 ἐν
3029 1584 3209 1656 κηρίῳ
3253 1576 3691 1654 σύριγγας,τῶν

391 1669 537 1725 hanc
565 1671 894 1728 industriam
930 1683 985 1730 et
1014 1676 1251 1731 laborem
1300 1677 1683 1746 multiplicium
1732 1679 1978 1745 discipli-

392 1776 589 1815 narum
621 1764 675 1817 in
708 1765 1011 1823 inconfusis
1043 1768 1096 1822 in
1141 1770 1404 1823 memoria
1444 1770 1663 1833 loculis,
1714 1779 1977 1837 tanquam

390 1854 731 1921 quibusdam
760 1858 814 1910 in
849 1858 971 1912 favo
1007 1860 1183 1915 mcllis
1216 1860 1414 1916 ﬁstulis
1443 1859 1762 1916 fabricatis:
1796 1870 1851 1916 et
1898 1864 1978 1918 sic

394 1942 570 1998 instar
615 1947 881 2015 sapientis
914 1949 1062 2005 illius
1090 1952 1229 2020 apis,
1273 1951 1436 2022 cujus
1464 1950 1622 2007 favus
1647 1953 1868 2022 quidem
1896 1962 1980 2008 est
2012 1945 2053 1999 Β

392 2033 592 2096 dulcis.
613 2052 720 2091 non
750 2053 998 2109 pungens
1025 2051 1207 2096 autem
1234 2042 1519 2105 stimulus,
1556 2052 1818 2113 perpetuo
1844 2062 1982 2099 nun—

390 2124 573 2180 dinari
601 2127 742 2183 hanc
767 2132 1088 2199 praeclaram
1116 2133 1382 2189 virtutum
1412 2137 1813 2203 operationem.
1843 2136 1983 2192 Vere

390 2217 536 2271 enim
569 2218 659 2273 ille
714 2223 1070 2288 nundinatur,
1111 2225 1206 2294 qni
1275 2226 1418 2280 bona
1453 2233 1659 2280 aeterna
1696 2222 1981 2281 laboribus

391 2307 485 2377 qui
514 2310 604 2366 hic
642 2314 1029 2383 suscipiuntur
1054 2324 1349 2386 permutat,
1393 2328 1447 2371 et
1498 2334 1629 2375 suos
1670 2319 1886 2373 labores
1918 2317 1987 2371 ad

395 2401 684 2457 sanitatem
727 2406 923 2461 animae
972 2407 1257 2463 distribuit
1311 2408 1532 2479 regibus
1595 2416 1649 2464 et
1710 2409 1980 2477 privatis:

394 2493 532 2547 adeo
563 2503 623 2548 ut
652 2512 856 2565 sponso
887 2498 981 2552 fiat
1008 2500 1124 2553 haec
1152 2501 1335 2553 anima
1366 2500 1774 2564 desiderabilis,
1807 2502 1986 2555 clara-

392 2600 502 2653 que
530 2594 584 2640 et
612 2587 842 2658 insignis
880 2589 1117 2658 angelis,
1152 2590 1282 2644 dum
1321 2592 1373 2645 in
1417 2591 1739 2646 infirmitate
1772 2592 1987 2661 perlicit

393 2675 650 2733 virtutem
678 2688 903 2750 propter
935 2683 1201 2737 honorem
1235 2684 1537 2753 sapientiae.
1558 2683 1826 2751 Quoniam
1857 2699 1987 2754 ergo

392 2773 723 2831 eruditionis
761 2782 815 2830 et
846 2775 1140 2846 diligentia:
1167 2786 1297 2833 sunt
1332 2780 1601 2850 exempla,
1634 2796 1755 2850 quae
1789 2782 1855 2835 de
1885 2797 1988 2834 sa-

396 2866 568 2936 pienti
629 2867 721 2920 illa
781 2884 880 2937 ape
914 2877 1043 2924 sunt
1094 2872 1466 2937 narrationes,
1507 2880 1562 2928 et
1617 2873 1985 2943 spiritualium

396 2958 797 3013 charismatum
827 2961 995 3015 varia:
1030 2961 1353 3025 divisiones,
1389 2964 1780 3018 convenienter
1820 2954 2007 3019 studii.

396 3057 455 3102 et
485 3049 780 3118 diligentiae
815 3053 1155 3121 proportioni
1199 3055 1468 3109 accedunt
1504 3055 1572 3109 iis
1633 3056 1727 3125 qui
1777 3056 1989 3110 labora-

398 3149 527 3194 runt
553 3159 566 3208 ;
594 3151 880 3212 propterea
911 3143 1043 3198 dicit
1072 3158 1285 3213 sponsae
1314 3163 1327 3198 :
1358 3146 1467 3200 Cor
1497 3157 1649 3199 tuum
1681 3146 1880 3201 factum
1907 3154 1990 3200 cst

400 3233 621 3301 plenum
659 3234 795 3289 favis
823 3249 986 3290 omne
1019 3251 1191 3305 genus
1221 3235 1572 3300 eruditionis,
1604 3239 1749 3292 unde
1774 3237 1987 3308 profers

399 3339 467 3377 ex
495 3324 638 3378 bono
678 3325 940 3380 thesauro
969 3326 1156 3381 cordis
1187 3342 1385 3383 suaves
1412 3327 1592 3383 stillas
1627 3312 1943 3383 sermonum
1970 3347 1982 3381 :

400 3411 539 3468 adeo
582 3419 642 3465 ut
695 3414 792 3466 tibi
855 3414 926 3467 sit
979 3416 1157 3469 oratio
1190 3417 1297 3470 mel
1344 3418 1569 3472 mistum
1635 3432 1760 3471 cum
1824 3418 1984 3472 lacte.

400 3500 612 3556 Fanum
643 3504 809 3567 enim,
850 3505 1050 3577 inquit,
1103 3507 1368 3562 distillant
1402 3508 1546 3563 labia
1596 3521 1707 3572 tua,
1752 3527 1947 3581 sponsa
1973 3550 1986 3575 ,

400 3594 505 3648 me!
536 3604 585 3648 et
632 3597 716 3649 lac
763 3597 859 3650 sub
896 3597 1079 3669 lingua
1131 3609 1245 3653 tua.
1288 3602 1387 3656 Est
1424 3602 1569 3656 enim
1632 3602 1731 3657 tibi
1765 3612 1989 3673 paratus

401 3700 602 3749 sermo,
635 3689 982 3745 auditoribus
1015 3704 1126 3745 non
1167 3691 1497 3769 uniformem
1531 3694 1835 3748 ostendens
1875 3696 1989 3749 uti-

401 3775 629 3842 litatem,
680 3777 777 3833 sed
824 3792 1134 3852 congruens
1187 3781 1400 3837 viribus
1457 3797 1647 3837 eorum
1684 3784 1776 3853 qui
1811 3784 1988 3854 ipsum

394 3869 713 3939 suscipiunt
745 3888 759 3924 :
800 3870 937 3926 adeo
970 3878 1030 3926 ut
1058 3882 1113 3927 et
1140 3871 1562 3942 perfectioribus
1592 3876 1884 3929 conveniat
1937 3884 1991 3930 et

336 3972 347 3983 ‘
402 3961 713 4018 infantibus
739 3980 754 4016 :
783 3962 1042 4032 perfectis
1073 3964 1296 4033 quidem
1326 3966 1431 4020 mel
1465 3965 1665 4029 factus,
1703 3965 1788 4019 lac
1810 3977 1989 4021 autem

400 4052 732 4126 infantibus,
789 4055 1102 4122 cuiusmodi
1157 4066 1276 4111 erat
1309 4056 1535 4121 Paulus,
1570 4065 1630 4111 ut
1678 4060 1773 4126 qui
1812 4059 1992 4112 verbis

401 4124 623 4212 quidem
657 4143 918 4198 mollibus
973 4143 1148 4198 aleret
1178 4157 1374 4200 recens
1422 4153 1607 4209 natos,
1665 4124 1991 4216 sapientiam

403 4242 589 4289 autem
618 4234 936 4304 loqueretur
970 4233 1231 4305 perfectis
1259 4234 1316 4288 in
1346 4235 1630 4306 mysterio,
1661 4235 1991 4291 absconsam

405 4339 438 4377 a
475 4324 714 4385 saeculis.
746 4338 912 4394 quam
959 4339 1070 4379 non
1132 4323 1281 4394 capit
1313 4324 1417 4379 hoc
1472 4326 1753 4390 saeculum,
1820 4340 1993 4395 neque

404 4417 686 4488 principes
712 4416 875 4487 hujus
903 4417 1089 4472 saeculi
1112 4416 1179 4472 θί.
1213 4415 1364 4472 Hanc
1398 4432 1529 4487 ergo
1557 4417 1733 4473 mellis
1759 4427 1811 4472 et
1840 4417 1994 4474 lactis

403 4508 863 4579 praeparationem
899 4507 1035 4575 dicit
1071 4522 1196 4564 esse
1226 4507 1331 4562 sub
1392 4507 1601 4577 lingua,
1668 4522 1864 4577 nempe
1904 4523 1993 4562 rc-

2083 1681 2376 1736 πολυειδῶν
2414 1680 2756 1752 μαθημάτων
2793 1676 3131 1748 ἀσυγχύτους
3165 1678 3221 1727 ἐν
3249 1676 3314 1744 τῇ
3351 1673 3464 1744 μνῆ
3477 1689 3560 1742 μῃ
3590 1669 3691 1731 τάς

2083 1776 2257 1847 θήκας
2276 1774 2762 1844 δημιουργήσαντα
2780 1789 2794 1802 ·
2824 1772 2917 1824 καὶ
2942 1770 3112 1831 οὕτως
3145 1766 3288 1820 κατὰ
3318 1765 3570 1838 μίμησιν
3592 1761 3691 1831 τῆς

2087 1864 2256 1935 πφῆς
2286 1864 2499 1934 ἐκείνης
2524 1863 2802 1934 μελίσσης,
2820 1860 2888 1935 ἧς
2915 1862 3012 1932 ἡδὺ
3049 1861 3149 1932 μὲν
3178 1861 3239 1913 τὸ
3268 1854 3707 1929 κηρίονζᾶπληπ

2082 1974 2208 2011 κτον
2236 1957 2292 2009 δὲ
2327 1954 2389 2008 τό
2433 1955 2675 2026 κέντρον,
2705 1952 2802 2024 τὴν
2838 1953 3041 2024 σεμνὴν
3067 1950 3274 2021 ταύτην
3300 1948 3416 2001 τῶν
3464 1944 3688 2016 ἀρετῶν

2083 2046 2343 2119 ἐργασίαν
2404 2045 2699 2108 διαπαντὸς
2768 2041 3194 2115 ἐμπορεύεσθαι.
3273 2035 3686 2110 Ἐμπορεύεται

2083 2138 2195 2209 γάρ
2222 2138 2297 2199 ὡς
2324 2136 2558 2208 ἀληθῶς,
2587 2136 2656 2189 τὰ
2681 2135 2861 2204 ἀγαθά
2890 2138 2959 2187 τὰ
2986 2132 3180 2187 αἰώνια
3207 2131 3315 2186 τῶν
3342 2129 3473 2200 τῇδε
3506 2127 3686 2180 πόνων

2083 2228 2519 2301 διαμειδὸμενος,
2558 2229 2650 2281 καὶ
2700 2229 2827 2291 τοὺς
2881 2228 3043 2290 ἰδίους
3081 2226 3278 2288 πόνους
3326 2226 3405 2287 εἰς
3437 2220 3687 2291 ψυχικὴν

2086 2322 2297 2388 ὑγίειαν
2343 2317 2622 2389 βασιλεῦσί
2653 2334 2713 2370 τε
2747 2316 2842 2369 καλ⁵
2885 2314 3118 2378 ἰδιώταις
3157 2314 3368 2382 νέμων·
3402 2310 3556 2364 ὥστε
3588 2325 3685 2361 που

2086 2411 2268 2482 θεινὴν
2298 2410 2377 2479 τῷ
2399 2409 2618 2481 νυμφίῳ
2646 2409 2746 2479 τὴν
2797 2406 3054 2477 τοιαύτην
3080 2404 3335 2474 γενέσθαι
3359 2402 3568 2474 ψυχὴν,
3595 2399 3686 2453 καὶ
3746 2400 3753 2406 ’

2084 2508 2198 2568 τοῖς
2248 2502 2502 2572 ἀγγέλοις
2543 2501 2787 2566 ἐπίδοξον
2808 2540 2821 2565 ,
2861 2504 2918 2554 ἐν
2954 2499 3206 2569 ἀσθενείᾳ
3240 2495 3559 2551 τελειοῦσαν
3590 2491 3687 2562 τὴν

2086 2593 2314 2663 δύναμιν
2359 2591 2447 2644 διὰ
2481 2592 2579 2662 τὴν
2621 2591 2721 2662 τῆς
2773 2590 2965 2658 σοφίας
3005 2590 3193 2659 τιμήν.
3238 2584 3459 2656 Ἐπειδὴ
3502 2583 3683 2636 τοίνυν

2089 2683 2421 2747 παιδεύσεώς
2446 2685 2564 2736 ἐστι
2611 2686 2706 2736 καὶ
2744 2682 3060 2747 φιλοπονίας
3098 2680 3401 2747 ὑπόδειγμα
3438 2677 3510 2729 τὰ
3555 2672 3683 2745 περὶ

2089 2776 2186 2847 τὴν
2220 2775 2390 2846 σοφὴν
2424 2776 2640 2846 ἐκείνην
2689 2775 2939 2847 μέλιτταν
2966 2772 3313 2842 διηγήματα,
3342 2769 3436 2821 καὶ
3463 2768 3523 2820 αἱ
3569 2782 3683 2818 ποι-ο

2090 2867 2239 2921 κίλαι
2262 2868 2370 2920 τῶν
2402 2865 2793 2937 πνευματικῶν
2820 2864 3174 2936 χαρισμάτων
3203 2861 3520 2932 διαιρέσεις,
3542 2856 3680 2910 κατά

2089 2961 2187 3031 τὴν
2211 2962 2310 3030 τῆς
2334 2960 2574 3030 σπουδῆς
2595 2959 2887 3026 ἀναλογίαν
2918 2960 3030 3020 τοῖς
3054 2973 3113 3009 τε
3142 2953 3480 3023 πεπονηκότι
3514 2965 3677 3021 προσ-

2090 3051 2351 3119 γίνονται,
2378 3050 2464 3103 διὰ
2486 3049 2645 3103 τοῦτὸ
2679 3066 2812 3119 φησι
2840 3048 2974 3120 πρὸς
3010 3046 3110 3117 τὴν
3134 3046 3350 3115 νύμφην
3368 3063 3380 3074 ·
3405 3047 3487 3098 ὅτι
3528 3044 3668 3110 Πλή-

2097 3160 2195 3213 ρης
2243 3160 2325 3194 σοι
2372 3143 2592 3210 γέγονεν
2626 3142 2659 3212 ὴ
2705 3139 2901 3211 καρδία
2946 3137 3054 3191 τῶν
3090 3140 3153 3190 ἐκ
3194 3136 3293 3207 τῆς
3333 3132 3678 3198 παντοδαπῆς

2095 3233 2427 3297 παιδεύσεως
2485 3232 2671 3304 κηρῶν
2692 3272 2704 3296 ,
2735 3232 2856 3285 ὄθεν
2900 3230 3197 3303 προφέρεις
3231 3231 3293 3281 ἐκ
3343 3225 3436 3280 τοῦ
3467 3221 3672 3294 ἀγαθοῦ

2092 3322 2368 3393 θησαυροῦ
2397 3323 2498 3392 τῆς
2529 3322 2757 3392 καρδίας
2783 3321 2883 3384 τὰς
2917 3320 3176 3391 μελιχρὰς
3206 3318 3319 3371 τῶν
3352 3316 3528 3385 λόγων
3562 3330 3680 3366 στα-

2090 3415 2252 3482 γόνας
2280 3431 2292 3443 ·
2319 3414 2394 3475 ὡς
2417 3410 2556 3467 εἷναί
2587 3430 2668 3466 σοι
2695 3413 2814 3483 μέλι
2840 3412 2928 3465 τὸν
2952 3411 3109 3477 λόγον
3135 3405 3673 3479 συναναμεμιγμένον

2088 3505 2166 3575 τῷ
2219 3505 2471 3575 γάλακτι.
2497 3506 2724 3573 Κηδοίον
2752 3507 2885 3573 γὰρ,
2913 3503 3098 3572 φησιν,
3146 3499 3465 3560 ἀποστάζει
3506 3497 3674 3567 χείλη

2090 3614 2228 3664 σου,
2246 3598 2472 3667 νύμφη,
2486 3596 2626 3667 μέλι
2651 3596 2751 3650 καὶ
2774 3595 2928 3665 γάλα
2954 3594 3071 3649 ὑπὸ
3097 3593 3211 3662 τὴν
3232 3590 3525 3663 γλῶσσάν
3540 3602 3672 3641 σου.

2089 3689 2540 3762 Παρεσκεύασται
2601 3688 2710 3760 γάρ
2752 3704 2834 3740 σοι
2883 3688 2911 3739 ὁ
2950 3685 3139 3753 λόγος,
3180 3684 3240 3737 οὐ
3295 3680 3539 3753 μονοειδῆ
3582 3676 3675 3746 τὴν

2090 3781 2357 3850 ὠφέλειαν
2378 3784 2490 3844 τοῖς
2508 3779 2798 3833 ἀκούουσιν
2826 3776 3288 3847 ἐπιδεικνύμενος.
3313 3774 3447 3827 ἀλλά
3479 3768 3672 3825 καταλ-

2089 3873 2263 3945 λήλως
2310 3873 2446 3941 πρὸς
2478 3872 2576 3945 τὴν
2617 3870 2725 3924 τῶν
2767 3869 3074 3941 δεχομένων
3109 3867 3338 3937 δύναμιν
3369 3863 3667 3935 ἁρμοζόμεο

2091 3978 2180 4024 νος
2200 3978 2213 3992 ο
2231 3960 2307 4024 ὡς
2337 3962 2431 4014 καὶ
2458 3963 2571 4023 τοῖς
2595 3959 2947 4028 τελειοτέροις
2970 3956 3064 4010 καὶ
3083 3956 3439 4026 νηπιάξουσιν
3466 3950 3672 4010 οἰκείως

2089 4053 2237 4122 ἔχειν
2258 4071 2271 4083 ·
2305 4055 2419 4124 τοῖς
2446 4052 2543 4122 μὲν
2576 4049 2802 4112 τελείοις
2843 4047 3002 4118 μελισ,
3041 4050 3151 4110 τοῖς
3197 4046 3254 4099 δὲ
3291 4044 3503 4115 νηπίοις
3540 4039 3672 4110 γάδλα

2089 4145 2368 4215 γινόμενος
2403 4160 2417 4173 ο
2443 4140 2554 4207 οἷος
2578 4143 2606 4195 ὁ
2647 4141 2858 4201 Παῦλος
2904 4136 2992 4213 ἦν,
3020 4143 3132 4203 τοῖς
3163 4139 3261 4209 μέν
3306 4134 3670 4223 ἁπαλώτεροις

2090 4235 2202 4288 τῶν
2250 4238 2424 4304 λόγων
2455 4235 2601 4298 τοὺς⁸
2628 4234 2932 4304 ἀρτιγενεῖς
2963 4230 3368 4302 τιθηνούμενος,
3407 4228 3593 4296 σοφίαν
3610 4222 3671 4275 ’δὲ

2092 4326 2268 4381 λαλῶν
2294 4329 2352 4382 ἐν
2374 4328 2490 4389 τοῖς
2516 4325 2741 4389 τελείοις
2763 4327 2819 4378 ἐν
2852 4323 3158 4396 μυστηρίῳ,
3199 4323 3298 4391 τὴν
3329 4321 3671 4388 ἀποκεκρυμ-

2098 4419 2262 4489 μένην
2294 4418 2401 4470 ἀπὸ
2431 4416 2541 4470 τῶν
2591 4415 2823 4480 αἰώνων,
2853 4417 2921 4487 ἣν
2976 4415 3036 4468 ού
3090 4415 3260 4485 χωρεί
3285 4415 3313 4465 ὁ
3343 4412 3473 4466 αἰὼν
3506 4405 3667 4469 οὗτος,

2092 4511 2213 4563 ούδέ
2259 4513 2307 4562 οἱ
2342 4509 2601 4581 ἄρχοντες
2632 4508 2843 4563 τούτου.
2874 4507 2985 4578 Τὴν
3037 4503 3130 4559 οὗν
3183 4505 3439 4575 τοιαύτην
3501 4517 3666 4574 παρα-

404 4595 686 4649 conditum
714 4604 768 4649 et
794 4604 1163 4665 opportunum
1196 4611 1356 4650 usum
1417 4597 1691 4651 sermonis
1721 4611 1817 4665 per
1847 4597 1987 4651 hanc

2096 4600 2295 4672 σκευὴν
2317 4642 2329 4663 ν
2358 4600 2457 4672 τὴν
2494 4599 2708 4671 μέλιτός
2750 4616 2809 4652 τε
2854 4599 2947 4652 καὶ
2997 4598 3089 4651 τοῦ
3128 4596 3429 4665 γάλακτος,
3464 4593 3669 4646 ύποκεῖο

406 4699 596 4742 vocem
629 4686 899 4743 indicans.
928 4685 1063 4740 Nam
1097 4689 1191 4757 qui
1216 4690 1322 4742 scit
1343 4688 1803 4757 quemadmodum
1825 4704 1989 4758 opor-

406 4783 521 4830 teat
557 4776 855 4847 unicuique
885 4779 1243 4847 respondere,
1275 4781 1379 4835 sub
1409 4782 1592 4850 lingua
1616 4780 1824 4836 habens
1846 4781 1988 4834 hanc

407 4867 618 4921 variam
678 4868 789 4921 vim
853 4870 1146 4938 sermonis,
1207 4882 1331 4942 apte
1371 4874 1577 4943 praebet
1638 4873 1694 4925 in
1746 4880 1988 4941 tempore

408 4956 709 5026 unicuique
733 4972 802 5012 ex
841 4957 1185 5016 auditoribus
1217 4962 1270 5015 id
1310 4962 1453 5029 quod
1491 4973 1570 5016 est
1614 4960 1663 5014 ei
1698 4961 1842 5015 usui.

2098 4692 2220 4745 σθαι
2245 4693 2391 4758 λέγει
2420 4694 2486 4762 τῇ
2515 4691 2758 4762 γλώσσῃ,
2782 4690 2879 4761 τὴν
2908 4689 3346 4760 τεταμιευμένην
3387 4704 3448 4739 τε
3474 4687 3566 4739 καὶ
3589 4683 3666 4737 εὖ·

2096 4801 2283 4852 καιρον
2335 4783 2443 4836 τῶν
2477 4782 2651 4852 λόγων
2699 4782 2895 4852 χρῆσιν
2925 4780 3013 4835 διὰ
3056 4781 3155 4852 τῆς
3206 4779 3461 4849 τοιαύτης
3499 4776 3666 4847 φωνῆς

2094 4874 2521 4943 ἐνδεικνύμενος.
2570 4874 2628 4926 ’0
2672 4873 2781 4944 γὰρ
2832 4871 2988 4935 εἰδὼς
3036 4872 3153 4934 πῶς
3211 4871 3291 4924 δεῖ
3336 4872 3415 4923 ἐνὶ
3468 4870 3665 4934 ἑκάστῳ

2094 4965 2508 5035 ἀποκρίνεσθαι,
2553 4965 2693 5035 έχων
2723 4964 2829 5018 ὑπὸ
2865 4964 2965 5034 τὴν
2998 4963 3251 5032 γλῶσσαν
3277 4962 3376 5033 τὴν
3437 4959 3664 5027 ποικίλην

406 5051 610 5123 ταύτην
642 5048 735 5103 τοῦ
788 5050 948 5120 λόγου
1000 5051 1224 5124 δύναμιν
1250 5095 1267 5119 ,
1306 5053 1575 5125 ἁρμοδίως
1614 5052 1829 5121 ἑκάστῳ
1876 5052 1983 5104 τῶν
2021 5053 2327 5109 ἀκουόντων
2385 5057 2445 5109 τὸ
2488 5057 2624 5126 πρὸς
2646 5058 2742 5126 τὴν
2764 5056 2954 5126 χρείαν
2993 5055 3084 5107 ἐπὶ
3127 5054 3319 5126 καιροῦ
3399 5048 3663 5124 προχειρί-

406 5145 575 5209 ζεται.

476 5238 615 5292 Cum
646 5240 787 5293 hanc
816 5250 999 5293 autem
1035 5238 1279 5294 dedisset
1306 5235 1529 5290 laudem
1567 5237 1650 5291 ori
1708 5245 1764 5291 et
1789 5237 1993 5304 linguae

408 5343 648 5397 sponsae,
677 5330 879 5385 transit
900 5343 1096 5384 rursus
1125 5327 1194 5381 ad
1226 5326 1439 5396 majora
1463 5325 1737 5389 encomia,
1758 5325 1949 5379 dicens
1976 5342 1988 5377 :

413 5417 559 5472 Odor
587 5421 1014 5474 vestimentorum
1068 5429 1279 5471 tuorum
1326 5427 1575 5486 tanquam
1615 5415 1746 5470 odor
1799 5415 1992 5469 thuris.

413 5505 528 5563 lloc
549 5510 697 5578 quod
731 5509 938 5565 dicitur
962 5517 1048 5566 est
1071 5509 1319 5580 quaedam
1344 5508 1717 5579 philosophia,
1742 5507 1993 5561 indicans

412 5599 677 5666 quidnam
718 5603 1001 5659 intueatur
1050 5603 1370 5658 hominibus
1404 5603 1514 5655 vita
1547 5616 1672 5670 ιιιιιιι
1699 5616 1762 5654 ex
1792 5600 1995 5652 virtute

417 5690 618 5755 agitur.
651 5690 786 5746 Nam
842 5696 963 5748 vita:
999 5709 1121 5765 quia
1167 5707 1231 5747 ex
1298 5694 1500 5747 virtute
1534 5692 1715 5761 agitur
1749 5691 1873 5744 finis
1912 5698 1996 5744 est

450 5887 458 5895 -
498 5865 539 5895 ⁸³
589 5866 605 5918 l
638 5867 763 5921 Cor.
793 5884 872 5925 ut.
911 5872 960 5925 8.

2168 5234 2420 5290 Τοιοῦτον
2487 5236 2544 5290 δὲ
2596 5233 2963 5304 προσαγαγών
3021 5232 3098 5303 τῷ
3172 5233 3401 5302 στόματι
3455 5233 3549 5285 καὶ
3606 5233 3659 5300 τῇ

2098 5326 2316 5398 γλώσσῃ
2338 5327 2437 5397 τῆς
2456 5326 2675 5396 νύμφης
2700 5326 2792 5379 τὸν
2815 5325 3053 5388 ἔπαινον,
3082 5324 3244 5387 πάλιν
3268 5323 3405 5393 πρὸς
3417 5325 3482 5376 τά
3507 5324 3661 5392 μείζω

2097 5415 2206 5469 τῶν
2244 5414 2536 5485 ἐγκωμίων
2572 5416 2923 5488 μετέρχεται,
2959 5413 3164 5482 λέγων’
3198 5414 3280 5465 ὅτι
3325 5412 3511 5483 ’οσμή
3545 5417 3659 5481 ἱμει-

2110 5506 2253 5559 τὶων
2284 5523 2422 5568 σου,
2468 5508 2550 5572 ὠς
2598 5506 2758 5575 ὀσμὴ
2807 5504 3073 5560 λιϐάνου.
3145 5505 3202 5557 Ὀ
3244 5504 3299 5557 δέ
3334 5504 3489 5573 λόγος
3522 5498 3660 5565 circa;

2102 5599 2388 5667 φιλοσοφία
2412 5600 2495 5663 τίς
2527 5602 2693 5665 ἐστιν,
2728 5601 2806 5662 εἰς
2840 5600 2868 5651 ὅ
2887 5617 2939 5651 τι
2964 5598 3150 5668 βλέπει
3180 5600 3293 5661 τοῖς
3316 5595 3611 5668 ἀνθρώποις
3638 5595 3662 5645 ὁ

2105 5690 2224 5742 κατ’
2252 5690 2450 5760 ἀρετὴν
2487 5691 2597 5760 βίος
2629 5690 3016 5743 ὑποδεικνύων.
3065 5689 3244 5758 Πέρας
3274 5688 3380 5757 γὰρ
3420 5687 3517 5756 τῆς
3549 5686 3657 5739 Eva—
