3866 6352
183 362 286 417 961
334 410 341 413 .

1262 361 1327 416 ΙΝ
1363 361 1661 420 CANTICA
1685 358 1953 418 CANTIC.
1996 356 2281 415 HOMILIA
2320 357 2413 413 IX.

3357 365 3464 422 962

186 475 355 547 ρέτου
383 472 527 542 ζωῆς
554 475 587 544 ή
619 474 755 545 πρὸς
780 476 842 528 τὸ
861 477 1014 530 Θεῖόν
1037 478 1185 530 ἐστιν
1208 477 1468 547 ὁμοίωσις
1488 519 1503 544 ,
1534 479 1624 532 καὶ
1654 478 1772 532 τού-

1885 474 1995 530 Deo
2023 475 2340 543 assimilari,
2368 482 2423 530 et
2460 489 2524 530 ea
2556 476 2625 533 de
2673 491 2841 534 causa
2875 476 3071 533 anima:
3123 478 3359 550 puritas,
3409 494 3463 538 et
3502 540 3507 563 ἱ

183 579 284 616 του
314 563 477 632 χάριν
501 564 535 634 ἦ
555 579 614 616 τε
648 565 744 634 τῆς
781 564 961 635 ψυχῆς
993 566 1332 638 καθαρότης,
1371 569 1465 622 καὶ
1496 569 1557 621 τὸ
1598 569 1775 638 πάσης

186 654 481 726 ὲμπαθοῦς
506 654 797 720 διαθέσεως
825 658 1208 728 ἀνεπίμικτον,
1239 659 1304 712 δι’
1335 660 1647 730 ἐπιμελείας
1679 678 1775 714 κα·

184 744 481 816 τορθοῦται
512 749 625 809 τοῖς
658 745 950 818 ὲναρέτοις,
986 749 1126 803 ὥστε
1159 749 1285 803 τινὰ
1315 748 1642 822 χαρακτῆρα
1680 752 1777 821 τῆς

187 836 601 908 ὑπερκειμένης
633 839 849 906 φύσεως
877 839 967 893 διὰ
1003 842 1106 910 τῆς
1132 842 1482 914 ἀστειοτέρας
1505 840 1658 913 ζωῆς
1686 843 1778 896 καὶ

187 930 247 981 ὲν
283 929 474 991 αὐτοῖς
504 928 777 997 γενέσθαι.
827 930 1047 1002 Ἐπειδὴ
1080 933 1259 986 τοίνυν
1285 934 1347 986 οὐ
1386 933 1663 1003 μονοειδής
1695 933 1778 995 τίς

189 1022 366 1084 ἐστιν,
403 1020 521 1073 οὐδὲ
554 1021 887 1092 μονότροπος
915 1023 947 1092 ἡ
985 1024 1104 1077 κατ’
1136 1025 1335 1096 ἀρετὴν
1366 1026 1628 1086 πολιτεία,
1662 1025 1777 1077 ἀλλ’

188 1112 387 1183 ὥσπερ
414 1112 506 1165 ἐπὶ
529 1112 628 1181 τῆς
655 1111 763 1165 τῶν
790 1112 1128 1183 ὑφασμάτων
1160 1118 1501 1185 κατασκευῆς
1531 1116 1619 1168 διὰ
1648 1115 1777 1168 πολ-

188 1202 298 1256 λῶν
345 1204 605 1273 νημάτων
644 1204 754 1256 τῶν
798 1204 898 1274 μὲν
948 1207 1035 1258 ἐπ’
1086 1205 1302 1269 εὐθείας
1337 1206 1775 1277 ἀνατεταμένων,

187 1290 299 1348 τῶν
350 1294 410 1347 δὲ
453 1294 594 1347 κατά
637 1295 699 1347 τὸ
742 1295 971 1362 πλάγιον
1017 1296 1388 1369 διῃρημένων,
1439 1299 1470 1367 ἡ
1510 1298 1777 1368 ὑφαντικὴ

188 1387 352 1456 τέχνη
381 1385 481 1456 τὴν
505 1385 708 1455 ἐσθῆτα
748 1389 923 1438 ποιεῖ’
966 1385 1109 1439 οὕτω
1138 1387 1233 1439 καὶ
1269 1388 1360 1439 ἐπὶ
1393 1389 1490 1457 τῆς
1522 1388 1777 1459 ἐναρέτου

82 1508 95 1521 .
190 1474 338 1543 ζωῆς
374 1474 544 1527 πολλά
584 1478 689 1544 χρὴ
731 1476 1090 1546 συνδραμεῖν,
1124 1477 1188 1528 δι’
1219 1472 1293 1530 ὧν
1326 1481 1354 1530 ὁ
1403 1479 1616 1541 ἀστεῖος
1655 1477 1778 1542 ἐξυ-

189 1564 447 1632 φαίνεται
478 1565 624 1634 βίος,
658 1565 840 1628 καθὼς
874 1568 1270 1639 ἀπαριθμεῖται
1313 1568 1380 1621 τά
1427 1569 1647 1621 τοιαῦτα
1687 1571 1780 1639 νή-

192 1672 345 1725 ματα
390 1656 420 1707 ὁ
472 1655 613 1719 θεῖος
674 1656 1030 1720 Ἀπόστολος,
1062 1658 1129 1710 δι’
1176 1652 1250 1711 ὧν
1298 1661 1330 1729 ἡ
1369 1658 1476 1711 τῶν
1526 1658 1779 1729 καθαρῶν

190 1746 371 1817 ἔργων
406 1745 690 1815 ίστουργία
725 1748 1071 1802 συνίσταται·
1101 1749 1321 1820 ἀγάπην
1354 1749 1527 1818 λέγων
1565 1752 1657 1803 καὶ
1681 1768 1777 1821 χα-

1879 564 2014 619 nihil
2046 566 2247 621 habere
2279 565 2574 621 admistum
2607 567 2852 621 omnium
2886 567 3056 622 animi
3110 576 3358 624 motuum
3397 585 3463 627 ac

1878 656 2380 724 perturbationum,
2411 671 2441 709 a
2462 656 2604 710 viris
2637 657 2799 710 bonis
2826 656 3121 727 diligenter
3144 668 3458 726 exercetur,

1880 757 1937 800 ut
1962 763 2057 816 per
2083 749 2363 801 meliorem
2396 747 2559 801 vitam
2596 749 2669 802 sit
2699 749 2753 802 in
2787 749 2866 804 eis
2902 749 3147 818 quadam
3186 749 3358 820 ﬁgura
3406 760 3461 807 et

1879 841 2166 895 character
2209 848 2419 894 naturae
2458 842 2946 910 supereminentis.
3006 840 3281 906 Quoniam
3328 858 3463 912 ergo

1879 948 1987 986 non
2011 939 2097 986 est
2128 930 2451 997 uniformis,
2482 947 2662 1001 neque
2696 932 2862 986 unius
2897 931 3043 984 modi
3080 932 3191 985 vita
3240 947 3365 1002 qua:
3394 948 3461 986 ex

1880 1025 2081 1077 virtute
2139 1023 2344 1093 agitur,
2400 1022 2497 1077 sed
2551 1022 2830 1092 quomodo
2879 1023 2937 1076 in
2978 1024 3084 1077 tela
3148 1031 3242 1077 aut
3293 1023 3460 1093 panni

1882 1124 2116 1179 textura,
2166 1130 2264 1185 per
2313 1114 2660 1176 multa'lila,
2717 1130 2948 1184 quorum
2985 1115 3091 1187 alia
3145 1114 3367 1184 quidem
3405 1116 3461 1169 in

1879 1216 2090 1261 rectum
2125 1214 2255 1260 sunt
2291 1209 2543 1271 extensa,
2572 1205 2677 1257 alia
2708 1215 2890 1259 autem
2932 1220 3029 1274 per
3079 1213 3462 1261 transversum

1879 1298 2074 1361 divisa,
2112 1312 2202 1352 ars
2237 1296 2459 1351 texendi
2495 1296 2626 1350 facit
2668 1304 2873 1350 vestem
2906 1314 2919 1350 :
2963 1298 3037 1349 ita
3062 1297 3225 1351 etiam
3260 1296 3312 1349 in
3340 1278 3463 1351 (vita

1879 1404 2001 1457 qua:
2032 1404 2096 1442 ex
2151 1388 2359 1441 virtute
2405 1386 2609 1456 agitur,
2653 1387 2823 1439 multa
2888 1394 3105 1455 oportet
3163 1401 3464 1442 concurre-

1883 1493 1960 1540 re,
1994 1492 2092 1548 per
2142 1492 2263 1545 quae
2320 1476 2461 1530 bona
2522 1475 2731 1529 texitur
2788 1476 2899 1529 vita
2952 1494 2965 1529 :
3038 1477 3182 1530 sicut
3241 1477 3467 1533 divinus

1879 1568 2096 1624 Paulus'
2170 1569 2284 1622 haec
2375 1567 2463 1621 ﬁla
2533 1576 2864 1630 enumerat,
2930 1583 3028 1637 per
3113 1585 3235 1638 quae
3330 1585 3467 1625 con-

1881 1658 2027 1713 sistit
2103 1666 2321 1711 textura
2411 1644 2725 1710 bonorum‘
2774 1671 3048 1725 operum,
3140 1660 3466 1714 charitatem

1882 1750 2096 1815 dicens,
2134 1756 2188 1804 et
2214 1747 2499 1820 gaudium,
2540 1756 2593 1803 et
2620 1748 2835 1818 pacem,
2888 1749 3380 1819 longanimitatem,
3414 1760 3468 1807 et

194 1814 294 1907 pvdv
326 1838 426 1891 καὶ
461 1814 706 1909 εἰρήνην,
754 1814 1160 1909 μακροθυμίαν-
1183 1857 1244 1892 τε
1277 1814 1378 1893 ’καὶ
1414 1814 1777 1911 χρηστότητα,

1885 1814 2296 1910 benignitatem,
2351 1848 2407 1893 et
2469 1814 2816 1909 quaecunque
2874 1814 3009 1895 suni
3057 1814 3465 1910 hujusmodi“,

192 1931 285 1983 καὶ
316 1930 503 1984 πάντα
530 1932 597 1983 τά
628 1930 871 1995 τοιαῦτα,
899 1926 978 1995 οἷς
1008 1933 1435 2000 κατακοσμεῖται
1464 1936 1491 1986 ό
1516 1935 1579 1985 ἐκ
1606 1934 1781 2007 φθαρ-

191 2020 288 2073 τοῦ
312 2039 373 2075 τε
408 2024 507 2075 καὶ
539 2023 726 2092 γηῖνου
772 2023 886 2092 βίου
930 2024 1028 2094 τὴν
1068 2024 1316 2094 οὐράνιον
1350 2025 1654 2095 ἀφθαρσίαν
1687 2043 1781 2096 με·

190 2111 567 2182 τενδοὸμενος.
623 2112 824 2166 Τούτου
882 2114 1043 2183 χάριν
1093 2114 1418 2183 ἀποδέχεται
1463 2114 1553 2166 τὸν
1602 2116 1659 2166 ἐν
1712 2118 1778 2186 τῇ

192 2203 375 2272 ἐσθῆτι
406 2204 613 2274 κόσμον
644 2205 743 2275 τῆς
771 2204 1012 2275 νύμφης,
1041 2205 1117 2268 ὼς
1151 2205 1228 2276 τῷ
1262 2205 1464 2277 λιϐάνῳ
1507 2206 1649 2259 κατά
1682 2208 1781 2277 τὴν

190 2292 363 2363 ὀσμὴν
412 2294 792 2363 ὁμοιούμενον.
851 2295 1115 2363 Καίτοιγε
1174 2296 1278 2366 πρὸ
1327 2294 1515 2348 τούτου
1564 2295 1780 2349 πάντων

191 2379 342 2437 εἶπεν
382 2383 499 2437 τῶν
546 2385 856 2455 ἀρωμάτων
900 2387 1152 2457 προέχειν
1187 2388 1285 2457 τὴν
1314 2387 1407 2439 τοῦ
1463 2386 1634 2458 μύρου
1684 2388 1782 2457 τῆς

194 2473 408 2546 νύμφης
441 2475 780 2544 εὐωδίαν,ιῦς
802 2477 977 2531 δοκεῖν
1008 2479 1064 2531 ἐν
1091 2478 1263 2548 τούτῳ
1289 2477 1611 2548 καθαίρεσιν
1643 2473 1781 2531 εἶναι

195 2566 300 2620 τῶν
334 2568 659 2641 ἐγκωμίων,
693 2569 851 2640 εἴπερ
893 2571 925 2639 ἡ
975 2568 1174 2631 παντὸς
1217 2568 1507 2639 ἁρώματος
1552 2569 1782 2641 ὑπερτε-

196 2655 365 2723 θεῐσα,
424 2658 521 2710 νῦν
576 2657 713 2725 πρὸς
754 2656 811 2710 ἒν
854 2658 961 2710 τῶν
1006 2659 1314 2729 ἀρωμάτων
1369 2658 1648 2729 ὁμοιοῦται
1696 2658 1782 2712 διὰ

197 2749 571 2819 συγκρίσεως,
624 2748 797 2811 οὕτως
840 2749 1085 2812 εἰπόντος
1126 2749 1218 2801 τοῦ
1258 2749 1431 2816 Λόγου
1457 2764 1469 2778 ·
1507 2751 1587 2801 ὅτι
1628 2749 1781 2802 Κατά

196 2838 290 2907 τὴν
329 2838 506 2909 ὀσμὴν
537 2837 629 2891 τοῦ
662 2838 882 2891 λιϐάνου
912 2839 1020 2891 τῶν
1056 2839 1285 2909 ἱματίων
1318 2839 1411 2891 σού
1450 2826 1597 2892 ἐστιν
1627 2841 1660 2910 ἡ
1694 2840 1781 2891 εὐ-

197 2932 346 2985 ωδία.
390 2932 534 2985 Ἀλλ’
580 2932 767 3002 ἐπειδὴ
804 2933 1109 2996 ἰδιαζόντως
1151 2935 1294 2986 κατά
1337 2949 1459 2987 τινα
1498 2934 1656 3002 λόγον
1702 2935 1780 2996 είς

206 3026 289 3079 τὴν
318 3025 412 3079 τοῦ
444 3022 603 3079 Θείου
649 3025 815 3095 τιμὴν
858 3011 1301 3094 ἀποτεταγμένον
1346 3021 1414 3095 ἦν
1465 3025 1525 3078 τὸ
1562 3025 1655 3077 τοῦ
1694 3025 1779 3078 λι-

199 3117 355 3170 ϐάνου
379 3117 655 3188 θυμίαμα,
686 3116 871 3169 τούτου
902 3117 1059 3188 χάριν
1095 3119 1127 3186 ἡ
1157 3118 1296 3188 ὑπὲρ
1329 3119 1505 3171 πάντα
1538 3118 1603 3171 τὰ
1635 3117 1781 3188 ἀρώ-

201 3226 339 3278 ματα
367 3207 509 3262 εῖναι
546 3208 794 3280 κριθεῖσα
821 3207 1064 3271 ἀξιοῦται
1093 3208 1189 3279 τῆς
1235 3209 1371 3280 πρὸς
1405 3209 1464 3262 τὸ
1494 3210 1550 3263 ἓν
1583 3209 1780 3280 άρωμα

200 3301 526 3369 ὁμοιώσεως,
563 3302 623 3353 τὸ
648 3300 725 3371 τῷ
752 3300 869 3371 Θεῷ
893 3300 1271 3371 ἀνακείμενον,
1298 3301 1373 3364 ὡς
1401 3303 1460 3355 τὸ
1485 3303 1661 3374 νόημα
1687 3301 1780 3355 τοῦ

201 3392 515 3462 αἰνίγματος
552 3391 789 3445 τοιοῦτον
834 3386 1002 3444 εἶναι·
1048 3392 1130 3445 ὅτι
1182 3385 1358 3454 Σοὶ,ῶ
1419 3392 1628 3463 νύμφη,
1675 3392 1782 3444 τῶν

201 3483 402 3552 ἀρετῶν
425 3487 458 3555 ὴ
490 3482 752 3554 περιϐολὴ
780 3484 879 3554 τὴν
918 3482 1067 3535 θείαν
1103 3484 1348 3553 μιμεῖται
1382 3484 1779 3555 μακαριότητα,

202 3572 283 3627 διὰ
310 3575 682 3646 καθαρότητός
712 3591 769 3627 τε
791 3575 884 3627 καὶ
900 3574 1201 3641 ἀπαθείας,
1229 3579 1297 3648 τῇ
1320 3575 1596 3645 ἀπροσίτῳ
1624 3573 1780 3641 φύσει

201 3670 550 3741 ὁμοιουμένη.
572 3668 805 3740 Τοιαύτη
835 3668 943 3739 γάρ
971 3672 1005 3738 ἡ
1033 3668 1141 3721 τῶν
1173 3669 1329 3722 θείων
1363 3668 1588 3739 ἱματίων
1618 3665 1780 3736 ὀσμὴ,

202 3760 274 3823 ὼς
311 3762 446 3832 πρὸς
483 3760 576 3814 τὸν
611 3759 825 3813 λίϐανον
854 3758 1109 3830 ἐμφερῶς
1138 3756 1283 3829 ἔχειν
1311 3759 1400 3811 τὸν
1430 3756 1782 3826 ἀνακείμενον

203 3853 277 3915 είς
302 3852 397 3923 τὴν
425 3852 521 3906 τοῦ
554 3851 688 3905 Θεοῦ
714 3852 900 3921 τιμήν.

270 3944 434 3998 Πάλιν
477 3943 815 4015 μανθάνομεν
851 3942 938 3996 διὰ
974 3941 1082 3994 τῶν
1124 3941 1321 4013 ἑφεξῆς
1359 3942 1615 4005 ἐπαίνων,
1666 3942 1784 4003 πῶς

208 4032 268 4086 ἄν
293 4053 373 4100 τις
399 4039 611 4105 γένοιτο
635 4036 729 4088 τοῦ
774 4035 981 4105 Κυρίου
1021 4036 1223 4107 ἀδελφὴ
1266 4035 1359 4088 καὶ
1393 4032 1677 4104 ὀμόζυγος,
1716 4033 1781 4085 δι’

204 4117 275 4177 ὧν
314 4145 497 4197 φησιν,
530 4129 612 4179 ὅτι
650 4125 856 4194 Κῆπος
899 4126 1346 4195 κεκλεισμένοος,
1398 4125 1629 4194 ἀδελφή
1664 4143 1783 4194 μου

204 4217 420 4287 νύμφη.
458 4216 670 4272 Οὐκοῦν
704 4216 756 4269 εί
782 4234 864 4279 τις
905 4219 1295 4286 μεταποιεῖται,
1334 4214 1516 4286 νύμφη
1556 4216 1652 4284 μὲν
1698 4213 1784 4267 διά

206 4307 294 4359 τοῦ
328 4309 798 4380 προσκολληθῆναι
837 4307 916 4377 τῷ
952 4308 1142 4379 Κυρίῳ
1172 4306 1456 4376 γενέσθαι·
1496 4306 1698 4377 ἀδελφὴ
1728 4305 1784 4357 δὲ

206 4398 289 4452 διὰ
318 4401 410 4455 τοῦ
440 4404 499 4456 τὸ
531 4401 745 4472 θέλημα
769 4396 932 4454 αὐτοῦ
954 4399 1409 4472 κατεργάζεσθαι,
1432 4398 1612 4462 καθὼς
1639 4398 1783 4465 λέγει

1880 1933 2079 2000 quibus
2130 1940 2362 1986 ornatur
2416 1931 2510 2000 qui
2572 1933 2853 1985 cmlestem
2910 1932 3162 1987 induitur
3212 1935 3467 1990 incorru-

1880 2025 2142 2093 ptionem,
2177 2039 2241 2078 ex
2280 2024 2390 2077 vita
2428 2032 2647 2076 terrena
2696 2023 2750 2076 in
2792 2038 2957 2092 quam
2999 2025 3149 2079 cadit
3187 2027 3464 2082 interitus.

1878 2113 2177 2184 Propterea
2208 2113 2414 2184 accipit
2448 2114 2539 2184 qui
2583 2115 2634 2167 in
2669 2124 2822 2168 veste
2849 2124 2934 2169 est
2985 2124 3240 2169 ornatum
3298 2133 3468 2186 spon-

1879 2220 1971 2269 sae,
2011 2212 2070 2259 ut
2105 2204 2200 2275 qui
2256 2205 2427 2260 odore
2484 2204 2557 2259 sit
2606 2205 2807 2260 similis
2856 2205 3029 2261 thuri.
3083 2206 3250 2278 Atqui
3312 2210 3467 2277 prius

1879 2296 2018 2349 dixit
2070 2296 2332 2352 omnibus
2390 2297 2732 2352 aromatibus
2798 2299 3131 2354 anteeellere
3196 2301 3467 2370 unguenti

1880 2403 2096 2457 sponsa:
2128 2388 2332 2442 bonum
2367 2388 2592 2443 odorem
2626 2406 2640 2441 :
2676 2387 2813 2442 adeo
2857 2396 2915 2443 ut
2959 2389 3014 2442 in
3045 2390 3150 2445 hoc
3208 2390 3466 2447 videatur

1879 2476 2062 2531 omnia
2092 2476 2284 2531 tollere
2317 2477 2596 2554 encomia,
2631 2478 2905 2554 siquidem
2946 2495 3068 2549 quae
3116 2481 3292 2536 cuivis
3328 2497 3469 2553 pra:-

1881 2566 1990 2619 lata
2027 2565 2132 2619 fuit
2187 2542 2447 2633 aromat‘i,
2507 2584 2655 2623 nunc
2694 2585 2794 2639 per
2847 2575 3316 2639 comparationem
3346 2576 3468 2627 -uni

1880 2656 2224 2711 assimilatur
2276 2658 2540 2722 aromati,
2594 2675 2719 2714 cum
2770 2661 2851 2714 sic
2898 2661 3097 2716 dixerit
3132 2662 3465 2733 Seriptura:

1883 2747 2037 2802 Sicut
2066 2749 2205 2803 odor
2236 2750 2414 2805 thuris
2444 2760 2529 2805 est
2564 2751 2743 2806 bonus
2777 2752 2915 2807 odor
2955 2763 3171 2809 tuarum
3206 2758 3468 2811 vestium.

1883 2840 1989 2894 Sed
2017 2842 2275 2910 quoniam
2306 2843 2571 2911 peculiari
2625 2844 2865 2912 quadam
2902 2845 3116 2902 ratione
3151 2846 3242 2901 Dei
3274 2849 3470 2903 honori

1881 2933 2180 3002 deputatus
2210 2942 2328 2987 erat
2360 2934 2537 2989 thuris
2567 2934 2804 2997 suflitus,
2836 2950 2897 2988 ea
2922 2935 2989 2989 de
3020 2953 3188 2992 causa
3218 2954 3339 3008 quae
3370 2937 3473 2992 fuit

1880 3026 2106 3093 praelata
2138 3025 2394 3079 omnibus
2431 3026 2798 3089 aromatibus,
2827 3025 2994 3095 digna
3036 3040 3295 3083 censetur
3352 3046 3473 3099 qua:

1884 3116 2221 3170 assimiletur
2250 3118 2344 3170 uni
2375 3118 2628 3182 aromati,
2667 3118 2813 3187 quod
2846 3118 2957 3174 Deo
2986 3120 3324 3175 dedicatum.
3352 3123 3472 3188 Quo
3502 3106 3509 3129 ι

1836 3205 1852 3224 ¹
1888 3207 1943 3260 ﬁt
1982 3215 2040 3260 nt
2074 3208 2146 3260 sit
2179 3208 2269 3262 hic
2328 3224 2525 3263 sensus
2556 3209 3123 3285 amigmatis:Tuurq,
3180 3227 3213 3265 o
3247 3227 3472 3282 sponsa,

1882 3300 2152 3352 virtutum
2190 3299 2573 3354 indumentum
2629 3302 2878 3356 imitatur
2912 3303 3150 3357 divinam
3182 3305 3467 3359 beatitudi~

1883 3402 2048 3451 nem,
2094 3404 2193 3456 per
2260 3388 2554 3457 puritatem
2610 3397 2664 3443 et
2738 3389 3202 3461 impatibilitatem
3252 3394 3473 3447 assimi-

1884 3478 1990 3532 lata
2055 3488 2266 3533 natura;
2322 3480 2386 3532 ad
2442 3495 2607 3547 quam
2668 3495 2775 3533 non
2836 3489 2987 3550 patet
3054 3482 3257 3537 aditus.
3322 3483 3474 3539 Talis

1882 3578 1966 3623 est
2027 3570 2218 3635 enim,
2281 3569 2509 3639 inquit,
2570 3570 2710 3624 odor
2804 3577 3027 3625 tuorum
3112 3573 3472 3627 vestimento-

1884 3674 2044 3720 rum,
2106 3668 2164 3712 ut
2209 3659 2283 3714 sit
2341 3658 2537 3713 similis
2581 3658 2749 3721 thuri,
2806 3657 2950 3728 quod
3002 3657 3093 3713 Dci
3146 3659 3341 3713 honori
3388 3668 3471 3715 est

1884 3743 2151 3798 dicatum.

1958 3927 2170 3980 Rursus
2228 3940 2327 3994 per
2404 3924 2595 3980 laudes
2652 3941 2775 3994 qua:
2848 3925 3111 3996 deinceps
3163 3938 3475 3998 sequuntur

1885 4017 2172 4077 discimus.
2206 4017 2673 4088 quemadmodum
2724 4018 2817 4072 ﬁat
2868 4019 3147 4089 quispiam
3207 4037 3366 4074 soror
3419 4031 3474 4077 ct

1885 4108 2087 4177 conjux
2126 4108 2342 4161 Domini
2382 4125 2476 4178 per
2517 4110 2620 4164 hoc
2655 4110 2801 4179 quod
2855 4110 3011 4177 dicit,
3046 4110 3118 4165 Es
3147 4113 3325 4167 hortus
3352 4130 3474 4167 con-

1885 4202 2087 4265 clusus,
2118 4216 2270 4253 soror
2302 4217 2418 4253 mea
2456 4198 2670 4269 sponsa.
2704 4200 2761 4254 Si
2792 4202 3064 4271 quispiam
3092 4218 3222 4273 ergo
3245 4204 3347 4257 hoc
3370 4204 3477 4259 sibi

1889 4291 2149 4354 vindicat,
2196 4300 2255 4345 ut
2307 4291 2378 4346 sit
2429 4292 2648 4361 quidem
2714 4308 2941 4362 sponsa,
2990 4303 3281 4363 propterea
3329 4296 3473 4362 quod

1886 4385 2258 4454 conjungatur
2290 4382 2542 4449 Domino,
2574 4398 2737 4437 soror
2769 4391 2972 4445 autem,
3006 4393 3295 4454 pr0pterea
3328 4385 3475 4455 quod

209 4490 265 4541 τὸ
292 4492 615 4563 Εὑαγγέλιον
632 4511 644 4524 ·
679 4492 856 4557 κῆπος
881 4490 1109 4562 εὐανθὴς
1138 4489 1378 4559 γενέσθω
1405 4492 1621 4542 πάντων
1648 4487 1781 4558 ἔχων

1892 4477 2012 4545 ejus
2043 4475 2206 4528 faciat
2241 4475 2604 4539 voluntatem,
2634 4473 2781 4528 sicut
2807 4474 2942 4529 dicit
2978 4475 3355 4545 Evangelium,
3380 4477 3478 4531 ﬁat

209 4581 263 4631 ὲν
296 4583 470 4654 ἑαυτῷ
496 4584 604 4637 τῶν
643 4582 821 4651 φυτῶν
850 4581 946 4652 τὴν
983 4582 1152 4652 ὥραν,
1183 4581 1282 4651 τήν
1312 4596 1370 4632 τε
1406 4578 1663 4646 γλυκεῖαν
1693 4594 1784 4629 συ-

211 4670 330 4739 κῆν,
366 4676 455 4727 καὶ
485 4674 583 4746 τὴν
624 4673 973 4753 κατάκαρπον
1017 4672 1221 4733 ἐλαίαν,
1259 4671 1353 4723 καὶ
1393 4671 1482 4723 τὸν
1520 4671 1786 4749 ύιξίκομον

212 4762 442 4826 φοίνικα,
485 4766 581 4819 καὶ
624 4765 723 4835 τὴν
766 4763 1095 4832 εὐθηνοῦσαν
1139 4761 1402 4833 ἄμπελον,
1455 4762 1529 4831 μὴ
1580 4760 1784 4830 θάμνον

214 4852 493 4924 ἀκανθώδη
524 4856 671 4919 τινὰ,
705 4854 838 4926 μηδὲ
866 4852 1115 4917 κόνυζαν,
1141 4853 1276 4906 άλλά
1303 4852 1637 4923 κυπάρισσον
1669 4849 1784 4904 ἀντ’

213 4940 383 4997 αὐτῶν
418 4948 509 4999 καὶ
559 4944 843 5017 μυρσίνην.
892 4943 1046 4996 Οὕτω
1087 4943 1193 5013 γὰρ
1224 4941 1313 4994 τὸν
1345 4941 1582 4994 τοιοῦτον
1613 4940 1784 5010 κῆπον

215 5023 347 5083 οἶδεν
374 5033 627 5103 ὡραῒζειν
656 5036 684 5087 ό
724 5033 899 5103 μέγας
928 5031 1107 5095 Δαϐιδ,
1131 5033 1225 5084 καὶ
1249 5032 1276 5083 ὁ
1304 5030 1502 5099 ὑψηλὸς
1528 5023 1782 5091 Ἠσαῒας·

220 5119 248 5173 ὁ
271 5122 362 5191 μὲν
380 5125 585 5192 λέγων’
618 5126 854 5192 Δίκαιος
871 5125 951 5190 ὡς
974 5122 1172 5192 φοῖνιξ
1193 5120 1461 5187 ἀνθήσει·
1486 5121 1597 5183 καὶ,
1641 5119 1788 5189 Ἐγὼ

219 5209 283 5263 δὲ
312 5214 389 5279 ὡς
414 5218 583 5270 ἐλαία
610 5216 1002 5283 κατάκαρπος·
1030 5214 1143 5277 καὶ,
1164 5213 1234 5266 Ἦ
1252 5211 1405 5282 γυνή
1431 5225 1546 5264 σου
1575 5211 1656 5275 ὠς
1682 5210 1787 5279 ἄμ-

218 5306 399 5369 πελος
442 5307 812 5379 εὑθηνσῦσα·
858 5305 950 5358 καὶ
998 5304 1126 5373 παρ’
1180 5303 1350 5371 ἑτέρῳ
1396 5300 1502 5352 τινὶ
1535 5300 1787 5371 προφήτῃ

226 5398 572 5466 μακαρίζεται
600 5401 628 5454 ὁ
652 5398 906 5451 ὑποκάτω
935 5396 1033 5465 τῆς
1066 5395 1233 5464 συκῆς
1260 5394 1356 5463 τῆς
1388 5393 1522 5453 ἰδίας
1546 5394 1788 5445 ἀναπαυ-

221 5480 422 5552 όμενος.
470 5490 528 5542 Ὀ
552 5492 606 5544 δὲ
646 5488 870 5552 Ἡσαΐας
896 5489 1015 5542 ἀντὶ
1060 5486 1263 5557 θάμνου
1308 5484 1426 5553 μὲν,
1462 5484 1560 5551 τὴν
1608 5482 1786 5535 κυπά-

229 5590 398 5640 ρισσον
421 5595 434 5609 ·
472 5580 589 5634 ἀντὶ
613 5583 669 5635 δὲ
702 5581 934 5652 κονύζης
962 5580 1060 5645 τὴν
1095 5576 1355 5649 μυρτίνην
1389 5576 1550 5645 φησὶν
1583 5574 1787 5644 ἀναϐή-

290 5744 334 5776 εί
371 5748 537 5807 Galat.
569 5773 621 5822 ν,
654 5756 744 5811 ea.
829 5755 873 5787 ιε
915 5753 1057 5808 Ρειὶί.
1095 5708 1202 5815 κου’,
1252 5750 1332 5803 l3.

1419 5747 1464 5780 ’³
1504 5746 1651 5802 PsaI.
1678 5759 1880 5812 cxxvn,
1908 5745 1996 5799 ltl.

1891 4567 2084 4619 hortus
2116 4564 2344 4617 floridus
2373 4571 2425 4617 et
2450 4563 2588 4617 bene
2619 4564 2961 4633 germinans,
2987 4564 3231 4618 omnium
3262 4566 3477 4623 habens

1890 4660 1947 4713 in
1984 4674 2041 4712 se
2083 4658 2340 4725 arborum
2373 4655 2864 4726 pulchritudinem,
2923 4673 3120 4726 nempe
3161 4666 3215 4713 et
3260 4659 3475 4714 dulcem

1892 4754 2077 4816 ﬁcum,
2136 4762 2189 4807 et
2232 4749 2463 4806 fertilem
2514 4752 2713 4812 oleam,
2748 4758 2805 4819 et
2849 4750 3159 4804 alticomam
3211 4752 3473 4824 palmam,

1892 4854 1947 4902 et
1998 4844 2368 4898 abundantem
2422 4843 2617 4907 vitem,
2652 4859 2759 4895 non
2824 4843 3109 4911 Spinosnm
3160 4846 3472 4914 quempiam

1893 4938 2117 4999 rubum,
2175 4951 2353 5005 neque
2405 4949 2671 5004 conyzam
2707 4950 2801 4988 seu
2852 4935 3199 5003 pulicariam,
3250 4936 3342 4989 sed
3378 4951 3474 5004 pro

1892 5031 1974 5086 eis
2000 5044 2325 5098 cupressum
2364 5036 2417 5081 et
2454 5038 2714 5097 myrtum.
2748 5024 2839 5077 Sic
2877 5027 3019 5079 enim
3056 5027 3216 5078 talem
3256 5027 3471 5079 hortum

1894 5127 2157 5176 decorare
2202 5120 2396 5182 novit,
2461 5126 2514 5173 et
2570 5132 2803 5187 magnus
2860 5116 3072 5177 David,
3121 5122 3173 5169 et
3226 5116 3478 5173 sublimis

1893 5211 2080 5266 Isaias.
2119 5210 2211 5264 Ille
2250 5209 2469 5280 quidem
2510 5207 2700 5263 dicens
2734 5226 2746 5261 :
2781 5206 2969 5259 Justus
3004 5215 3058 5256 ut
3102 5205 3279 5273 palma
3319 5206 3481 5274 ﬂorc~

1895 5305 1967 5356 bit
1999 5304 2082 5369 “3;
2125 5311 2178 5357 ct
2215 5323 2225 5356 :
2259 5302 2367 5372 Ego
2395 5310 2569 5354 autem
2608 5309 2858 5367 tanquam
2901 5299 3036 5351 oliva
3069 5296 3258 5364 {e'tilis
3281 5296 3365 5360 ⁸⁸ς
3402 5308 3475 5360 et,

1901 5394 2045 5447 Uxor
2078 5404 2167 5447 tua
2205 5395 2338 5447 sicut
2365 5393 2484 5445 vitis
2526 5388 2808 5443 abundans
2833 5389 2898 5440 “‘.
2936 5384 3071 5438 Nam
3109 5395 3163 5440 et
3193 5386 3259 5438 ab
3294 5387 3480 5456 aliquo

1896 5486 2002 5538 alio
2045 5486 2309 5555 propheta
2363 5484 2559 5537 beatus
2603 5478 2889 5549 judicatur
2935 5475 3025 5546 qui
3065 5476 3168 5530 sub
3221 5490 3321 5529 sua
3373 5475 3476 5530 ﬁcu

1903 5575 2131 5640 quiescit
2160 5576 2226 5627 ⁸⁵.
2259 5573 2426 5627 Isaias
2469 5577 2651 5624 autem
2680 5568 2814 5622 dicit
2848 5567 3093 5620 futurum
3127 5572 3184 5620 ut
3210 5579 3309 5635 pro
3340 5567 3480 5622 ruho

2075 5746 2118 5777 ⁸⁵
2143 5743 2277 5799 ibid.
2307 5744 2357 5797 5.
2435 5744 2478 5774 εδ
2508 5739 2670 5797 Mich.
2716 5756 2789 5807 Iv,
2820 5740 2875 5795 4.
