3866 6424
442 378 548 436 965
1715 379 1770 435 S.
1813 379 2141 437 GREGORII
2180 380 2477 438 NYSSENI
3602 392 3684 449 96$

442 498 667 572 quidem
701 510 1021 567 cupressus,
1062 508 1161 565 pro
1191 509 1396 567 conyza
1431 504 1615 552 autem
1662 496 1851 554 floreat
1884 513 2016 570 myr-

2138 498 2343 552 σεσθαι.
2377 501 2457 554 Τὰ
2490 500 2545 554 δὲ
2575 501 2695 555 καθ’
2720 501 2944 556 ἕκαστον
2975 504 3095 575 περὶ
3123 504 3233 559 τῶν
3261 505 3492 576 δένδρων
3514 508 3683 565 τούτων

441 604 531 649 tus
556 593 625 645 ⁸⁷.
661 591 887 661 Singula
930 596 1111 643 autem
1154 588 1221 643 de
1250 587 1336 644 his
1392 588 1682 649 arboribus
1712 592 2016 663 aenigmata1

2135 593 2456 663 αἰνίγματα,
2479 593 2589 647 τῶν
2619 595 2723 648 ὑπὸ
2741 595 2839 665 τῆς
2862 586 3194 668 προφητείας
3218 601 3353 669 ἡμῖν
3376 597 3681 669 ὐποδειχθέν-

442 700 562 756 qua:
595 683 757 737 nobis
790 690 1011 735 ostensa
1066 679 1270 735 fuerint
1314 697 1345 736 a
1377 682 1685 753 prophetia,
1721 682 1888 739 fuerit
1929 699 2016 739 su-

2128 703 2237 738 των
2272 686 2545 758 παρέλκον
2583 688 2650 742 ἂν
2690 688 2775 758 εἴη
2806 690 2874 742 δι’
2902 690 3185 760 ἀκριϐείας
3216 690 3545 756 ἐκτίθεσθαι,
3571 708 3681 764 προ-

442 787 842 846 pervacaneum
879 777 1138 824 accurate
1168 784 1459 839 exponere,
1490 786 1615 825 cum
1667 772 1739 825 sit
1770 772 2016 828 omnibus

2128 774 2290 845 δήλου
2325 777 2489 830 πᾶσιν
2518 776 2686 841 ὄντος,
2725 777 2809 841 τίς
2842 778 2940 846 μὲν
2977 778 3006 831 ὁ
3031 777 3238 846 γλυκὺς
3272 777 3375 848 τῆς
3403 778 3564 849 συκῆς
3592 779 3683 832 ἐστι

444 867 821 933 perspicuum,
847 861 975 929 quis
1009 860 1081 914 sit
1116 860 1303 915 suavis
1328 861 1542 916 fructus
1577 861 1735 926 ficus,
1766 877 1833 917 ex
1860 878 2016 918 suecc

2129 867 2362 936 καρπὸς,
2406 868 2435 919 ό
2473 869 2537 920 ἐκ
2569 868 2664 920 τοῦ
2692 868 3021 939 δριμυτάτου
3054 867 3191 922 ὀποῦ
3227 870 3682 941 πεπαινόμενος,ό

440 955 711 1010 acerrimo
763 960 1098 1017 maturatus,
1159 952 1251 1021 qui
1316 953 1383 1007 ab
1448 953 1606 1007 initio
1659 954 1878 1024 quidem
1944 963 2016 1010 est

2129 958 2249 1011 κατ’
2294 956 2470 1030 ἀρχάς
2510 959 2610 1030 μὲν
2639 960 2836 1030 πικρός
2870 976 2930 1013 τε
2964 960 3060 1013 καὶ
3098 960 3367 1031 ἄϐρωτος,
3399 961 3609 1035 ὕστερον
3637 963 3681 1016 δὲ

440 1063 665 1102 amarus
696 1054 750 1100 et
781 1045 1007 1100 minime
1033 1046 1370 1111 esculentus,
1406 1056 1595 1116 postea
1638 1057 1817 1103 autem
1847 1048 2016 1105 dulcis

2130 1045 2342 1117 καρπὸς
2372 1047 2648 1118 είρηνικδς
2683 1048 2995 1119 γινόμενος,
3039 1049 3132 1102 καὶ
3161 1050 3605 1119 καταγλυκαίνων
3632 1054 3683 1108 τὰ

437 1139 652 1195 fructus
699 1136 965 1202 effectus,
1012 1151 1210 1193 sensus
1264 1138 1468 1210 anima:
1504 1137 1668 1194 allicit
1711 1138 2016 1196 dulcedine.

2127 1142 2226 1213 τῆς
2261 1143 2439 1214 ψυχῆς
2476 1145 2826 1216 αἰσθητήρια.
2846 1145 2921 1198 Τί
2948 1145 3005 1198 δὲ
3042 1146 3175 1216 ἡμῖν
3202 1146 3298 1200 καὶ
3335 1148 3372 1218 ἠ
3400 1148 3501 1219 τῆς
3528 1148 3681 1213 ἐλαίας

438 1232 579 1301 Quid
607 1232 789 1287 autem
819 1230 982 1286 nobis
1021 1229 1235 1285 confert
1264 1234 1576 1300 procreatio
1622 1231 1834 1290 fructus
1890 1233 2016 1289 olere

2128 1236 2466 1304 καρπογονία
2495 1235 2776 1307 χαρίζεται
2810 1237 2898 1292 διὰ
2922 1237 3017 1291 τοῦ
3045 1239 3376 1309 δριμυτάτου
3413 1258 3474 1293 τε
3503 1242 3588 1294 καὶ
3611 1259 3679 1295 πι-

436 1340 537 1394 per
575 1325 909 1379 acerrimum
946 1330 1001 1378 et
1056 1322 1465 1378 amarissimum
1520 1340 1770 1390 succum,
1807 1326 1904 1396 qui
1959 1326 2016 1381 ab

2127 1323 2392 1394 κροτάτου
2448 1325 2648 1396 χυμοῦ,
2696 1326 2790 1379 τοῦ
2824 1329 2945 1381 κατ’
2987 1328 3160 1398 ἀρχὰς
3206 1328 3594 1401 ἐντρεφομένου
3626 1336 3679 1402 τῇ

437 1414 595 1469 initio
626 1414 681 1468 in
713 1429 780 1469 eo
805 1414 993 1479 alitur,
1025 1423 1215 1484 postea
1256 1422 1437 1469 autem
1474 1430 1573 1487 per
1604 1416 2016 1472 convenientem

2127 1412 2336 1485 ὀπώρᾳ,
2377 1415 2512 1485 μετὰ
2548 1414 2724 1469 ταῦτα
2762 1416 2851 1471 διὰ
2884 1418 2985 1488 τῆς
3028 1418 3363 1490 καταλλήλου
3396 1420 3679 1485 πεπανοεώς

437 1498 866 1562 maturationem
920 1516 975 1561 et
1032 1507 1306 1560 culturam
1364 1516 1610 1563 mutatur
1660 1508 1717 1562 in
1775 1520 2023 1564 naturam

440 1598 544 1653 olei
568 1600 593 1652 ἲ
622 1599 770 1669 quod
816 1597 873 1651 ﬁt
908 1598 1051 1653 lucis
1083 1598 1585 1662 materia,'recreat
1614 1600 2022 1664 lassitudinem,

438 1692 651 1747 relaxat
683 1691 947 1758 laborem,
975 1701 1140 1762 caput
1201 1691 1496 1757 exliilarat,
1524 1699 1579 1747 et
1612 1693 1677 1747 ad
1723 1693 2024 1748 certamina

436 1797 595 1852 opem
627 1783 733 1837 fert
765 1783 831 1837 iis
857 1783 950 1853 qui
979 1790 1194 1838 certant
1218 1783 1461 1854 legitime
1482 1784 1507 1838 ?
1528 1782 1814 1849 Quomodo
1841 1793 2016 1840 autem

2125 1777 2341 1846 ἀγῶνας
2371 1779 2484 1841 τοῖς
2512 1779 2758 1849 νομίμως
2787 1778 3003 1833 ἁθλοῦσι
3038 1783 3331 1852 συνεργίας
3358 1783 3482 1847 Πῶς
3501 1784 3555 1837 δὲ
3572 1785 3677 1837 δυσ-

435 1847 599 1930 eilicit
638 1875 845 1945 palma,
874 1847 963 1928 —ut
1006 1874 1244 1927 fructum
1275 1847 1470 1929 ⁷ειιιιιιι
1522 1847 1673 1930 fures
1729 1874 2016 1931 diﬁiciliter

2139 1868 2487 1940 επιχείρητον
2533 1847 2728 1924 ἑαυτοῦ
2768 1871 2980 1942 καρπὸν
3038 1847 3182 1925 ποιεί
3216 1847 3622 1936 τοῖςηκλέπταις
3654 1875 3677 1941 ό

2127 1961 2321 2030 φοῖνιξ,
2349 1962 2556 2016 ἄνωθεν
2594 1961 2938 2034 θησαυρίζων
2960 2004 2974 2028 ,
3007 1965 3101 2018 καὶ
3137 1965 3257 2035 οὐχὶ
3291 1966 3573 2035 πρόσγειον
3598 1966 3676 2019 αὐ.

2124 2050 2216 2105 τὸν
2253 2051 2501 2122 ἐκφέρων
2523 2093 2536 2117 ,
2566 2053 2675 2123 ἦτε
2695 2053 2789 2107 τοῦ
2820 2053 3062 2122 ἀμπέλου
3095 2057 3253 2127 χάρις
3271 2095 3287 2120 ,
3318 2058 3414 2111 καὶ
3443 2059 3475 2128 ἡ
3504 2058 3675 2127 εὐώδης

2125 2144 2483 2212 κυπάρισσος,
2515 2142 2611 2196 καὶ
2641 2144 2702 2196 τὸ
2727 2143 2825 2215 ἡδὺ
2855 2144 2956 2213 τῆς
2985 2147 3279 2216 μυρσίνης;
3312 2148 3496 2203 Ταῦτα
3530 2149 3675 2202 πάντα

2122 2233 2211 2287 διὰ
2257 2235 2525 2305 τροπικῆς
2571 2234 2803 2305 θεωρίας
2847 2234 2984 2306 πρὸς
3013 2236 3105 2289 τὸν
3133 2239 3252 2291 κατ’
3289 2239 3491 2311 ἀρετὴν
3533 2256 3673 2292 κατα-

2123 2324 2396 2396 ληφθέντα
2438 2325 2616 2394 λόγον,
2643 2326 2885 2397 πρόδηλα
2918 2327 3082 2381 πᾶσίν
3118 2329 3236 2381 ἐστι
3286 2332 3401 2393 τοῖς
3443 2329 3674 2401 νουνεχῶς

2122 2419 2372 2471 ἐπαΐουσι
2420 2419 2557 2492 πρὸς
2585 2420 2614 2473 ὅ
2638 2435 2690 2472 τι
2719 2419 2924 2490 βλέπει.
2966 2420 3175 2474 Οὐκοῦν
3220 2423 3249 2474 ὁ
3295 2423 3547 2476 τοιούτων
3579 2423 3673 2477 δέν-

2120 2511 2259 2581 δρων
2292 2511 2466 2581 κῆπος
2495 2512 2733 2579 γεγονὼς
2764 2510 2993 2580 εὐθαλὴς
3019 2511 3111 2564 καὶ
3139 2512 3469 2581 κατάφυτος,
3498 2516 3583 2568 καὶ
3609 2514 3672 2584 τῷ

2118 2602 2224 2654 τῶν
2270 2602 2501 2655 ἐντολῶν
2543 2602 2713 2673 ἐρκίῳ
2761 2601 3097 2666 πανταχόθεν
3137 2604 3568 2675 ἡσφαλισμένος,
3613 2604 3672 2668 ὡς

2120 2695 2392 2765 μηδεμίαν
2419 2695 2541 2748 καθ’
2569 2694 2761 2747 ἐαυτοῦ
2792 2695 3092 2764 παρασχεῖν
3120 2694 3199 2765 τῷ
3230 2696 3437 2769 κλέπτῃ
3468 2698 3670 2759 καὶτοῖς

2117 2786 2325 2857 θηρίοις
2365 2786 2464 2857 τὴν
2508 2785 2760 2857 πάροδον.
2807 2786 2868 2837 ’0
2899 2784 3007 2855 γὰρ
3038 2786 3097 2837 ἐν
3126 2785 3312 2858 κύκλῳ
3348 2788 3428 2859 τῷ
3459 2786 3669 2860 φραγμῷ

2113 2876 2220 2932 τῶν
2242 2877 2470 2931 ἐντολῶν
2495 2878 2897 2947 διειλημμένος,
2926 2878 3253 2943 ἀνεπίϐατός
3278 2881 3393 2933 ἐστι
3423 2881 3499 2952 τῷ
3524 2879 3667 2951 μονιῷ

2111 2970 2189 3041 τῷ
2222 2971 2419 3043 ἀγρίῳ,
2453 2971 2546 3024 καὶ
2575 2973 2603 3024 ό
2637 2971 2699 3023 ἐκ
2723 2970 2817 3023 τοῦ
2848 2970 3052 3042 δρυμοῦ
3083 2972 3244 3026 αὐτὸν
3265 2967 3328 3037 ὗς
3352 2973 3669 3045 οὐ-λυμαίνε-

2124 1593 2218 1646 τοῦ
2252 1594 2431 1663 φωτὸς
2461 1594 2668 1664 γίνεται
2701 1593 2800 1667 ὐλη
2827 1637 2841 1660 ,
2883 1597 2977 1650 καὶ
3003 1598 3263 1668 καμάτων
3295 1598 3565 1672 λυτήριον,
3604 1602 3677 1654 καὶ

2125 1685 2304 1738 πόνων
2331 1685 2533 1749 ἄνεσις,
2570 1687 2663 1740 καὶ
2693 1687 2937 1757 κεφαλῆς
2961 1689 3271 1761 φαιδρότης,
3305 1694 3402 1745 καὶ
3427 1693 3557 1765 πρὸς
3579 1693 3677 1757 τούς

434 1954 853 2040 aggrediantur,
907 1975 967 2021 ut
1019 1981 1141 2036 quae
1191 1983 1316 2023 eum
1381 1975 1642 2036 tanquam
1698 1966 2020 2022 thesaurum

430 2075 654 2118 Sursum
689 2059 972 2125 recondat,
1005 2075 1107 2114 nec
1131 2061 1377 2115 vicinum
1420 2068 1580 2114 terrae
1611 2074 1736 2114 eum
1773 2059 1935 2125 ferat,
1968 2068 2022 2114 et

430 2152 560 2206 vitis
578 2161 660 2207 est
684 2153 857 2222 gratia
876 2166 940 2204 ac
962 2150 1151 2217 decor,
1177 2160 1374 2221 estque
1397 2150 1676 2207 odorifera
1700 2166 2018 2222 cupressus,

428 2252 485 2299 et
516 2253 602 2298 est
638 2244 799 2314 myrti
829 2244 1115 2298 suavitas?
1162 2242 1289 2297 Ilaec
1327 2242 1511 2297 omnia
1543 2256 1639 2313 per
1682 2243 2022 2313 contempla-

432 2335 637 2391 tionem
703 2335 967 2404 tropicam
1024 2334 1091 2388 ad
1150 2335 1369 2388 virtutis
1428 2332 1681 2388 traducta
1726 2335 2017 2400 rationem,

428 2428 653 2483 evidens
684 2435 770 2481 est
804 2427 1072 2481 omnibus
1101 2426 1382 2494 sapienter
1413 2424 1790 2488 audientibus,
1853 2442 2021 2496 quor-

430 2534 552 2573 sum
582 2529 851 2589 spectent.
891 2517 1221 2587 llujusmodi
1250 2525 1333 2570 est
1360 2533 1490 2586 ergo
1513 2518 1773 2571 arborum
1799 2517 2015 2583 hortus,

427 2611 520 2681 qui
552 2611 691 2666 bene
723 2609 1022 2679 germinat,
1057 2616 1113 2663 et.
1139 2616 1225 2663 est
1252 2608 1389 2663 bene
1414 2609 1680 2673 consitus,
1706 2618 1761 2662 et
1792 2608 2019 2663 manda-

426 2709 610 2756 torum
657 2700 796 2752 vallo
841 2698 991 2751 omni
1024 2713 1090 2750 ex
1126 2706 1281 2767 parte
1311 2699 1575 2761 munitus,
1612 2705 1672 2751 ut
1706 2696 1920 2753 furibus
1959 2706 2018 2753 et

429 2788 624 2843 bestiis
683 2787 896 2840 nullum
957 2787 1025 2838 ad
1075 2801 1134 2840 se
1186 2786 1427 2854 praebeat
1463 2787 1694 2840 aditum.
1757 2786 1889 2840 Nam
1920 2789 2015 2858 qui

429 2878 816 2932 mandatorum
848 2876 967 2945 sepi
998 2885 1083 2931 est
1110 2878 1261 2930 omni
1306 2893 1372 2933 ex
1414 2885 1572 2947 parte
1612 2877 2011 2942 circumdatus,

429 2971 572 3024 adiri
604 2984 713 3023 non
745 2977 927 3038 potest
960 2983 988 3020 a
1023 2968 1138 3022 fero
1175 2968 1461 3038 singulari,
1496 2984 1597 3023 nec
1615 2986 1738 3024 eum
1763 2970 2012 3040 depascit

425 3076 491 3117 ac
532 3062 828 3131 populatur
860 3074 991 3130 aper
1018 3077 1082 3113 ex
1115 3062 1272 3115 silva.
1329 3060 1388 3115 Si
1422 3063 1695 3132 quispiam
1743 3079 1872 3134 ergo
1927 3076 2011 3118 est

2116 3080 2220 3116 ται.
2265 3064 2332 3116 Εἴ
2359 3081 2442 3126 τις
2465 3063 2643 3117 τοίνυν
2674 3064 2850 3134 κῆπός
2878 3066 2991 3117 ἐστι
3026 3064 3121 3118 καὶ
3151 3066 3566 3137 ἡσφαλισμένος,
3595 3059 3668 3119 οὗ·

425 3155 622 3209 hortus
673 3154 828 3221 isque
858 3152 1129 3217 munitus,
1177 3153 1224 3207 is
1261 3152 1319 3205 fit
1367 3168 1526 3207 soror
1555 3162 1609 3207 et
1651 3169 1853 3223 sponsa
1890 3156 2008 3224 ejus

2116 3173 2204 3220 τος
2239 3154 2440 3227 ἀδελφὴ
2462 3156 2556 3209 καὶ
2575 3154 2759 3226 νύμφη
2791 3154 2998 3224 γίνεται
3043 3156 3135 3209 τοῦ
3164 3157 3299 3229 πρὸς
3324 3158 3424 3230 τὴν
3443 3158 3669 3227 τοιαύτην

424 3246 517 3316 qui
553 3245 692 3298 dixit
731 3244 860 3298 huic
890 3244 1085 3298 anima.-
1119 3260 1131 3294 :
1174 3241 1242 3297 Es
1289 3243 1473 3297 hortus
1508 3245 1811 3309 conclusus,
1856 3263 2010 3300 soror

2116 3249 2357 3312 εἰπόντος
2390 3246 2604 3320 ψυχήν·
2638 3248 2719 3301 ὅτι
2747 3246 2953 3316 Κῆπος
2988 3248 3431 3318 κεκλεισμένος,
3463 3246 3666 3318 ἀδελφή

424 3354 540 3392 mea
570 3354 787 3407 sponsa.

2116 3357 2223 3408 μου
2249 3340 2472 3408 νύμφη.

496 3428 602 3483 Sed
630 3428 900 3495 ejusmodi
940 3427 1100 3482 horto
1128 3442 1267 3496 opus
1298 3437 1381 3483 est
1407 3430 1570 3482 etiam
1605 3428 1776 3493 fonte,
1808 3438 1868 3483 ut
1899 3446 2008 3484 ma-

2190 3429 2350 3482 Ἀλλὰ
2396 3428 2473 3498 τῷ
2513 3430 2673 3499 κήπῳ
2731 3426 2938 3499 τούτῳ,
2979 3429 3072 3481 καὶ
3119 3431 3301 3501 πηγῆς
3339 3432 3456 3484 ἐστι
3495 3430 3659 3503 χρεία.

420 3528 549 3577 neat
575 3537 769 3575 neruus
789 3519 989 3576 ﬂorens
1018 3536 1081 3576 ac
1100 3521 1239 3576 bene
1260 3523 1595 3592 germinans,
1616 3538 1755 3593 aqua
1779 3524 2005 3592 perenni

2116 3520 2181 3583 ὥς
2222 3520 2287 3574 ἂν
2326 3519 2547 3584 εὐθαλὲς
2587 3519 2834 3590 διαμένοι
2885 3521 2946 3573 τὸ
2982 3520 3143 3583 ἄλσος
3167 3561 3182 3583 ,
3240 3522 3319 3591 τῷ
3359 3521 3508 3576 ὕδατι
3550 3521 3665 3592 πρὸς

421 3613 746 3684 irrigatum;
800 3621 1086 3682 propterea
1138 3615 1190 3666 in
1243 3615 1497 3670 laudibus
1544 3616 1703 3670 horto
1757 3615 2006 3684 adjunxit

2116 3613 2167 3665 τὺ
2250 3612 2498 3683 διηνεκὲς
2566 3615 2974 3682 πιαινόμενον.
3020 3612 3107 3665 διὰ
3187 3612 3342 3667 τοῦτο
3410 3612 3663 3679 συνέζευξε

419 3701 647 3765 fontem,
685 3703 873 3757 dicens
900 3722 913 3758 :
962 3702 1162 3756 Hortus
1192 3704 1492 3767 conclusus,
1522 3701 1641 3772 fons
1675 3705 2000 3776 obsignatas.

2116 3707 2217 3768 τοῖς
2245 3705 2490 3768 ἐπαίνοις
2515 3705 2616 3776 τὴν
2645 3705 2827 3775 πηγὴν
2848 3702 2926 3774 τῷ
2952 3705 3132 3774 κήπῳ.
3164 3703 3351 3760 εἰπών’
3371 3707 3453 3759 ὅτι
3483 3705 3663 3774 Κῆπος

417 3794 606 3851 Fontis
640 3805 819 3849 autem
851 3797 1117 3851 rationem
1157 3812 1250 3865 per
1276 3798 1509 3866 aenigma
1546 3813 1646 3852 nos
1670 3798 1829 3853 docet
1866 3798 2003 3851 Pro-

2116 3796 2551 3867 κεκλεισμένος,
2568 3796 2731 3866 πηγὴ
2751 3797 3219 3865 ἐσφραγισμένη.
3243 3798 3345 3850 Τὸν
3359 3796 3413 3850 δὲ
3436 3799 3558 3868 περὶ
3578 3797 3662 3867 τῆς

419 3888 687 3953 verbium,
732 3902 855 3940 cum
898 3888 1070 3941 dicit:
1117 3885 1264 3941 Fons
1296 3906 1446 3959 aqua:
1497 3890 1564 3942 sit
1593 3878 1783 3956 dulcis,
1838 3903 1887 3944 et
1933 3893 2001 3944 sit

2116 3888 2289 3959 πηγῆς
2324 3887 2482 3957 λόγον
2515 3889 2548 3956 ὴ
2582 3886 2852 3958 Παροιμία
2884 3886 3122 3941 διδάσκει
3155 3889 3304 3957 ἡμᾶς
3339 3887 3407 3940 δι’
3436 3888 3662 3957 αἰνίγμα·

419 3978 514 4032 tibi
558 3978 682 4040 soli,
735 3995 897 4047 neque
927 3979 1071 4031 ullus
1120 3979 1321 4033 alienus
1351 3980 1465 4048 ejus
1502 3982 1571 4035 sit
1616 3992 1781 4035 tecum
1827 3985 2002 4050 parti~

2116 3996 2212 4043 τος,
2244 3980 2301 4032 ἐν
2338 3973 2420 4042 οἷς
2451 3994 2648 4048 φησιν’
2692 3979 2756 4032 Ἠ
2788 3976 2950 4046 πηγὴ
2993 3977 3099 4030 τοῦ
3142 3976 3359 4043 ὕδατος
3396 3979 3548 4032 ἔστω
3574 3971 3661 4030 σοί

417 4086 535 4139 ceps
560 4070 626 4122 ⁸⁸.
658 4070 944 4137 Quomodo
974 4072 1119 4124 enim
1153 4071 1264 4123 illic
1295 4073 1568 4140 prohibet,
1604 4089 1672 4128 ne
1706 4064 1760 4128 in
1792 4074 2000 4130 alienos

2116 4070 2291 4139 ἡδεῖα,
2321 4072 2418 4124 καὶ
2444 4071 2599 4124 ἔστω
2635 4068 2735 4124 σοὶ
2774 4071 2971 4139 μόνῳ,
2995 4069 3095 4123 καὶ
3126 4068 3342 4138 μήδείς
3369 4070 3657 4138 ἀλλότριος

416 4172 775 4217 consumatur
823 4177 963 4230 aqua
1012 4160 1206 4224 fontis,
1250 4161 1322 4214 ita
1362 4162 1451 4217 hic
1490 4171 1741 4217 'testatur
1795 4165 1998 4220 fontem

417 4252 642 4307 minime
690 4250 894 4305 effundi
952 4253 1009 4305 in
1063 4252 1291 4313 alienos,
1353 4252 1604 4315 dicendo,
1664 4255 1996 4328 obsignatas,

414 4344 561 4412 quod
602 4343 826 4413 perinde
862 4350 945 4397 est
987 4358 1051 4397 ac
1091 4342 1136 4395 si
1174 4341 1346 4407 dicas,
1378 4345 1708 4402 custoditus.
1741 4346 1870 4403 Tale
1913 4358 1999 4404 est

2116 4346 2353 4419 ιηδαμοῦ
2404 4346 2704 4417 διαχεῖσθαι
2770 4345 2907 4416 πρὸς
2957 4345 3274 4416 ἀλλοτρίους
3324 4346 3422 4413 τὴν
3470 4344 3651 4416 πηγὴν,

414 4443 593 4489 autem
637 4434 782 4504 quod
824 4433 1061 4488 dicitur:
1095 4431 1259 4498 Fons,
1306 4451 1421 4490 mea
1455 4437 1671 4506 quidem
1704 4441 1992 4508 sententia,

2116 4439 2367 4508 ιαρτυρεί
2394 4436 2480 4489 διὰ
2516 4435 2611 4488 τοῦ
2649 4436 2824 4489 εἰπεῖν
2850 4435 2931 4487 ὅτι
2985 4433 3490 4503 Ἑσφραγισμένη,
3535 4433 3654 4499 ὅπερ

411 4525 979 4595 ρτοριιίοιηοιοὶηοιυτ
1008 4525 1301 4596 cogitativa
1346 4539 1549 4583 neStrae
1593 4530 1787 4584 animae
1824 4531 1997 4585 facul-

2116 4527 2214 4581 ἴσον
2235 4527 2353 4580 ἐστὶ
2388 4526 2467 4598 τῷ
2497 4527 2692 4592 εἰπεῖν,
2723 4526 2805 4579 ὅτι
2830 4525 3254 4595 Πεφυλαγμένη’
3282 4524 3345 4578 τὸ
3374 4524 3430 4578 δὲ
3460 4524 3653 4593 λεγόμε-

390 4601 677 4693 _tas,.quaa
699 4632 860 4671 omne
898 4632 1072 4686 genus
1102 4618 1555 4674 ratiocinationes
1586 4619 1638 4673 in
1667 4622 1826 4676 nobis
1859 4621 1993 4676 facit

2116 4638 2209 4684 ιον,
2238 4619 2478 4673 τοιοῦτόν
2503 4621 2619 4672 ἐστι
2640 4636 2655 4650 ·
2675 4617 2828 4689 [Ith
2855 4616 3059 4688 κυρίως
3083 4617 3505 4688 κατονομάζεται
3531 4614 3649 4668 κατά

410 4715 623 4761 scatere
658 4718 711 4760 et
736 4722 1013 4762 emanare.
1051 4707 1155 4762 Sed
1193 4717 1325 4763 tunc
1361 4719 1550 4766 noster
1580 4711 1636 4766 tit
1683 4720 1862 4766 motus
1893 4726 1989 4767 co-

2116 4727 2161 4779 rs
2208 4711 2298 4763 τὸν
2344 4710 2474 4781 ἐμὸν
2516 4710 2694 4779 λόγον,
2750 4711 2783 4780 ἠ
2816 4707 3125 4779 διανοητικὴ
3163 4708 3265 4778 τῆς
3296 4707 3470 4777 ψυχῆς
3511 4703 3648 4777 ἡμῶν

409 4798 713 4866 gitationis,
752 4799 972 4867 quando
1012 4802 1192 4856 onmis
1225 4813 1412 4857 nostra
1459 4811 1709 4857 movetur
1743 4803 1991 4871 operatio

2116 4803 2344 4873 ῑύναμις,
2380 4806 2413 4874 ή
2448 4803 2737 4865 παντοίους
2769 4801 3061 4872 λογισμοὺς
3090 4801 3149 4852 ἐν
3188 4801 3321 4870 ἡμῖν
3354 4798 3578 4870 βρύουσά
3598 4812 3645 4848 τε

410 4890 477 4944 ad
504 4905 569 4946 ea
603 4905 724 4960 quae
762 4899 888 4944 sunt
916 4890 1075 4945 nobis
1105 4892 1490 4956 conducibilia,
1517 4903 1569 4945 et
1602 4892 1867 4946 bonorum
1896 4910 1991 4949 cx-

2116 4895 2191 4947 ιαὶ
2225 4895 2566 4965 πηγάζουσα.
2635 4892 2796 4946 Ἀλλὰ
2846 4892 2967 4945 τότε
3020 4890 3287 4961 ἡμέτερον
3332 4890 3529 4957 γίνεται
3562 4886 3643 4955 τῆς

409 4982 561 5038 hibet
615 4982 1067 5053 procreationem.
1136 4981 1369 5048 Quando
1421 4992 1601 5036 autem
1656 4985 1992 5039 converterit

2116 4984 2331 5047 ἰιανοίας
2353 4986 2414 5037 τὸ
2452 4984 2680 5054 κίνημα,
2718 4984 2847 5036 ὅταν
2889 4981 3024 5053 πρὸς
3060 4980 3129 5034 τὰ
3160 4979 3494 5050 συμφέροντα
3527 4976 3641 5048 ἡμῖν

407 5076 680 5145 quispiam
717 5075 1107 5144 cogitationum
1157 5076 1537 5142 operationem
1574 5073 1641 5127 ad
1669 5076 1987 5146 excogitan-

2116 5076 2329 5146 ιινῆται,
2361 5076 2541 5129 πᾶσαν
2567 5076 2699 5145 ἡμῖν
2725 5073 3015 5145 συνεργίαν
3048 5071 3183 5142 πρὸς
3211 5071 3309 5142 τὴν
3340 5071 3521 5141 κτῆσιν
3546 5066 3638 5121 τῶν

405 5164 536 5221 dum
564 5166 779 5230 vitium,
816 5175 948 5219 tunc
983 5166 1041 5218 in
1074 5166 1283 5219 alienos
1314 5165 1658 5219 consumitur
1680 5165 1943 5219 ﬂuentum
1971 5183 1985 5218 :

2116 5166 2310 5237 ιγαθῶν
2343 5167 2736 5238 παρεχόμενον.
2768 5165 2936 5218 Ὅταν
2982 5162 3040 5216 δέ
3066 5181 3149 5226 τις
3175 5162 3346 5235 τρέψῃ
3375 5161 3478 5215 τῶν
3514 5159 3641 5227 λογι-

408 5259 542 5316 adeo
579 5268 641 5313 ut
670 5258 809 5313 bene
848 5257 1026 5310 alatur
1059 5257 1280 5327 quidem
1313 5257 1536 5327 spinosa
1577 5258 1709 5324 vita,
1758 5259 1985 5330 irrigata

2116 5257 2247 5328 ιμῶν
2270 5259 2367 5329 τὴν
2399 5258 2677 5329 ἐνέργειαν
2716 5255 2853 5327 πρὸς
2879 5254 3076 5317 κακίας
3102 5253 3363 5318 ἐπίνοιαν,
3388 5251 3505 5305 τότε
3542 5250 3639 5311 τοῖς

405 5364 508 5419 ope
565 5350 832 5403 malarum
879 5349 1299 5418 cogitationum,
1351 5351 1658 5403 exsiccetur
1709 5359 1891 5405 autem
1933 5361 1987 5406 et

2116 5349 2384 5420 ,λλοτρίοις
2408 5348 2771 5402 ὲνδαπανᾶται
2800 5345 2861 5398 τὸ
2885 5342 3095 5416 ῥεῖθρον
3115 5361 3129 5374 ο
3149 5343 3223 5407 ὡς
3251 5343 3522 5413 εὐτροφεῖν
3549 5338 3633 5411 μὲν

408 5450 712 5496 marcescat
748 5442 941 5496 melior
988 5442 1195 5511 planta,
1241 5441 1394 5496 nullo
1438 5441 1668 5496 humore
1718 5442 1985 5498 bonarum

2116 5440 2174 5493 ὸν
2220 5440 2506 5510 ἀκανθῴδη
2558 5439 2671 5509 βίον
2707 5442 2773 5510 τῇ
2828 5436 3110 5509 συμμαχίᾳ
3142 5435 3251 5489 τῶν
3288 5433 3530 5504 πονηρῶν
3559 5431 3634 5483 λο-

408 5533 800 5602 cogitationum
856 5534 1131 5587 nutriente
1191 5532 1454 5588 radicem.
1514 5526 1785 5599 Quoniam
1850 5549 1985 5605 ergo

2116 5532 2298 5603 ἰσμῶν
2330 5531 2753 5604 καταρδόμενον,
2802 5525 3261 5600 ἀποξηραίνεσθαι
3308 5526 3360 5580 δὲ
3412 5525 3499 5579 καὶ
3548 5538 3637 5592 μα·

409 5617 747 5691 signaculnm
772 5623 822 5677 ei
856 5622 1001 5693 quod
1036 5638 1132 5692 per
1166 5622 1343 5692 ipsum
1382 5623 1713 5686 custoditur,
1750 5624 1853 5681 hoc
1882 5625 1984 5680 do-

2116 5622 2361 5679 αίνεσθαι
2382 5622 2481 5691 τὴν
2504 5621 2737 5694 κρείττω
2760 5620 2981 5692 φυτείαν
3031 5617 3299 5689 μηδεμιᾶς
3321 5617 3415 5688 τῆς
3437 5612 3494 5681 ἐξ
3517 5612 3638 5680 ἁγα-

2095 4163 2443 4232 μετασχέτω
2467 4176 2585 4215 σοι.
2631 4162 2719 4225 Ὧς
2750 4161 2859 4232 γὰρ
2892 4163 3011 4214 ἐκεῖ
3030 4159 3227 4215 κωλύει
3246 4165 3356 4225 τοῖς
3381 4162 3654 4233 ἀλλοτρίοις

2084 4254 2501 4309 ’ἐνδαπανᾶσθαι
2526 4255 2626 4325 τῆς
2659 4242 2842 4325 πηγῆς
2874 4253 2935 4306 τὸ
2960 4252 3126 4324 ὕδωρ,
3161 4253 3331 4318 οὕτως
3357 4254 3581 4308 ἐνταῦθα
3603 4252 3654 4304 τὸ

513 5798 557 5829 ⁸⁷
589 5797 695 5855 lsa.
735 5801 936 5863 ιν,1’5.
1017 5802 1063 5834 ⁸⁸
1096 5801 1356 5875 Ρῖονηιν,
1384 5803 1470 5860 17.

2125 1516 2184 1553 τε
2226 1503 2321 1555 καὶ
2353 1503 2627 1574 γεωργίας
2671 1506 2751 1566 είς
2795 1504 2977 1558 ἐλαίου
3027 1506 3440 1575 μεταϐάλλουσα
3472 1508 3680 1578 φύσιν,ὃ
3777 1543 3781 1546 ν
