3866 6352
230 398 340 458 965

1286 394 1347 448 l;\'
1379 360 1967 451 CANTICA’CAN'I'IC.
2003 396 2287 451 uoth
2330 399 2423 451 ix.

3393 403 3499 459 966

228 515 343 569 θῶν
402 511 677 582 λογισμῶν
733 512 957 582 ἰκμάδος
1014 513 1423 582 ὑποτρεφούσης
1483 512 1581 582 τὴν
1636 513 1810 582 ῥίζαν.

1923 518 2033 572 nat,
2063 517 2121 562 ut
2148 511 2370 564 minime
2396 510 2751 580 subripiatur,
2781 512 2939 582 signo
2976 512 3149 568 furem
3180 513 3497 573 deterrens:

242 601 458 671 Ἐπειδὴ
495 601 675 654 τοίνυν
712 604 745 671 ἡ
793 602 1029 669 σφραγὶς
1071 602 1130 653 τὸ
1181 602 1383 655 ἄσυλον
1413 602 1485 671 τῷ
1533 603 1600 654 δι’
1641 604 1807 671 αὐτῆς

229 693 629 764 φυλασσομένῳ
662 692 968 763 χαρίζεται,
1004 694 1241 762 φοῦοῦσα
1283 694 1361 763 τῷ
1392 694 1688 764 σημάντρῳ
1719 694 1809 746 τὸν

230 780 472 850 κλέπτην
493 796 507 810 ’
564 781 670 832 πᾶν
706 780 763 834 δὲ
816 780 878 833 τὸ
928 780 1000 850 μὴ
1042 781 1406 851 κλεπτόμενον
1445 783 1522 852 τῷ
1573 780 1810 854 δεσπότῃ

234 868 386 939 μένει
415 868 696 938 ἀκέραιον·
721 868 818 937 τὴν
855 869 1132 937 ἀκρότητα
1165 867 1340 921 ἔοικεν
1374 866 1571 937 ἀρετὴν
1605 884 1812 937 μαρτυο

234 963 349 1028 ρεῖν
379 962 442 1030 τῇ
476 959 662 1029 νύμφῃ
693 959 924 1013 ἐνταῦθα
956 960 986 1011 ὁ
1019 960 1264 1023 ἔπαινος,
1297 960 1377 1012 ὅτι
1407 959 1682 1026 ἀνέπαφος
1710 959 1808 1012 αύ-

229 1051 328 1118 τῆς
358 1051 506 1119 μένει
533 1053 644 1113 τοῖς
682 1051 894 1120 ἐχθροῖς
927 1053 958 1120 ἡ
991 1051 1216 1114 διάνοια,
1264 1052 1319 1102 ὲν
1349 1050 1678 1119 καθαρότητι
1717 1048 1809 1101 καὶ

230 1140 471 1210 ἀπαθείᾳ
506 1141 906 1211 φυλασσομένη.
949 1142 1037 1209 Τῴ
1068 1142 1182 1210 ἰδίῳ
1222 1141 1467 1211 Δεσπότῃ
1515 1140 1812 1209 σφραγίζε-

228 1246 317 1281 ται
345 1232 445 1296 τὴν
472 1229 652 1300 πηγὴν
679 1231 879 1301 ταύτην
908 1233 940 1301 ἡ
972 1230 1297 1300 καθαρότης,
1335 1232 1574 1301 μηδεμιᾷ
1608 1231 1814 1301 νοημά-

228 1338 338 1373 των
370 1320 476 1373 ίλύῐ
506 1321 566 1373 τὸ
599 1322 818 1389 διαυγές
840 1339 900 1373 τε
933 1323 1026 1375 καὶ
1052 1322 1286 1392 ἀερῶδες
1315 1323 1412 1388 τῆς
1442 1322 1663 1392 καρδίας
1690 1324 1809 1375 ἐπι-

231 1410 533 1463 θολὼσασα.
571 1410 658 1473 Ὠς
679 1410 720 1462 δ’
747 1411 813 1464 ἄν
839 1427 922 1474 τις
945 1412 1038 1464 ἐπὶ
1061 1413 1123 1463 τὸ
1153 1412 1482 1482 σαφέστερον
1506 1412 1812 1481 προαγάγοι

228 1500 290 1553 τὸ
320 1501 537 1570 νόημα,
572 1500 813 1554 τοιοῦτόν
858 1503 1031 1554 ἐστιν’
1069 1504 1286 1573 Ἐπειδὴ
1321 1502 1429 1555 τῶν
1472 1505 1530 1556 ὲν
1572 1505 1708 1574 ἡμῖν
1746 1504 1814 1557 τὰ

233 1594 331 1663 μέν
361 1595 513 1646 ἐστιν
552 1594 628 1657 ὼς
657 1593 871 1664 ἀληθῶς
907 1592 1171 1664 ἡμέτερα,
1208 1595 1304 1647 ὅσα
1331 1594 1433 1664 τῆς
1459 1595 1638 1666 ψυχῆς
1668 1598 1814 1650 ἐστιν

233 1685 339 1738 ῐδια
358 1701 372 1715 ’
402 1686 471 1737 τὰ
491 1685 549 1737 δὲ
570 1684 917 1753 οἰκειούμεθα
940 1684 1014 1746 ὡς
1044 1686 1305 1755 ἡμέτερα,
1329 1686 1395 1739 τά
1417 1688 1544 1758 περὶ
1571 1688 1633 1740 τὸ
1655 1688 1815 1758 σῶμα

229 1771 392 1840 λέγω,
428 1773 523 1825 καὶ
547 1774 619 1827 τά
650 1772 847 1836 ἔξωθεν
865 1814 878 1833 ,
910 1773 998 1826 διά
1024 1791 1165 1836 τινος
1194 1776 1410 1847 ἡμαρτη
1421 1776 1589 1847 μένης
1621 1778 1816 1849 ὑπολή-

1913 601 2180 671 quidquid
2221 610 2401 657 autem
2432 618 2541 658 non
2580 605 2902 674 subripitur,
2934 606 3161 661 domino
3194 619 3375 664 manet
3413 611 3499 665 in-

1914 703 2125 764 tegrum
2152 712 2166 747 :
2190 695 2404 748 videtur
2433 695 2521 748 hic
2552 697 2672 751 laus
2703 712 2918 767 sponsae
2949 698 3016 750 de
3052 714 3265 753 sununa
3295 701 3499 757 virtute

1915 784 2059 839 ferre
2095 785 2491 848 testimonium,
2530 800 2721 855 nempe
2753 786 2897 855 quod
2925 788 2993 840 ab
3023 788 3261 844 inimicis
3292 790 3495 845 intacta

1911 876 1960 929 ei
1992 884 2173 930 manet
2196 875 2476 944 cogitatio,
2526 876 2803 930 custodita
2838 878 2892 932 in
2938 882 3175 946 puritate
3200 887 3252 933 et
3282 881 3500 949 impati-

1914 967 2145 1020 bilitate.
2176 965 2406 1019 Domino
2436 981 2535 1020 suo
2575 967 2826 1036 obsignat
2855 966 3002 1023 hunc
3027 967 3232 1023 fontem
3266 971 3499 1039 paritas,

1914 1058 2066 1111 nullo
2122 1057 2250 1111 limo
2300 1058 2693 1128 cogitationum
2743 1059 3081 1115 contui-bans
3129 1059 3180 1113 id
3228 1062 3374 1129 quod
3416 1069 3500 1117 est

1913 1149 2096 1202 cordis
2146 1149 2385 1202 lucidum
2440 1158 2493 1203 et
2547 1151 2775 1202 aerium.
2824 1148 2894 1203 Ut
2938 1160 3118 1204 autem
3162 1150 3252 1203 ﬁat
3300 1151 3498 1204 clarior

1915 1239 2205 1305 sententia,
2241 1241 2348 1295 tale
2392 1250 2477 1296 est
2522 1242 2666 1311 quod
2696 1242 2930 1296 dicimus
2958 1257 2972 1293 :
3000 1241 3267 1307 Quoniam
3308 1257 3499 1298 eorum
3572 1232 3575 1235 ’

1912 1348 2031 1401 qme
2074 1342 2202 1387 sunt
2230 1335 2285 1388 in
2318 1336 2499 1397 nobis,
2548 1336 2653 1388 alia
2684 1336 2904 1405 quidem
2955 1343 3086 1391 sunt
3117 1352 3243 1391 vere
3282 1345 3495 1401 nostra,

1913 1440 2035 1492 qua:
2087 1434 2214 1479 sunt
2271 1427 2467 1480 anima:
2524 1428 2781 1497 propria;
2845 1428 2950 1481 alia
3004 1436 3186 1481 autem
3237 1438 3496 1498 tanquam

1915 1522 2103 1568 nostra
2157 1516 2224 1569 ad
2261 1529 2502 1571 nostram
2550 1518 2899 1586 adjungimus
2946 1519 3357 1587 proprietatem.
3410 1533 3495 1585 ea,

1916 1606 2156 1675 inquam,
2195 1624 2316 1676 qua:
2359 1618 2487 1663 sunt
2534 1610 2783 1679 corporis
2819 1618 2873 1664 et
2905 1626 3027 1679 qua:
3076 1618 3206 1664 sunt
3249 1622 3496 1668 externa.

1915 1695 2050 1750 falsa
2105 1698 2338 1766 quadam
2390 1701 2797 1755 existimatione
2848 1701 3229 1757 existimantes
3279 1700 3498 1771 propria

1916 1801 2037 1854 ιμκῑ
2065 1795 2194 1839 sunt
2222 1790 2400 1842 aliena
2437 1791 2587 1858 (quid
2616 1791 2761 1845 enim
2794 1792 3040 1845 materiae
3062 1793 3273 1861 experti
3304 1794 3501 1845 anima:

228 1865 375 1931 ψεως
412 1864 519 1917 ἴδια
552 1865 863 1935 νομίζοντες
889 1867 955 1918 τὰ
990 1866 1275 1934 ἀλλότρια·
1310 1867 1362 1919 τί
1397 1869 1504 1939 γὰρ
1539 1870 1715 1924 κοινὸν
1746 1874 1809 1941 τῇ

1923 1891 2205 1932 cotiimnne
2255 1889 2339 1934 est
2390 1895 2513 1934 cum
2570 1883 2810 1937 materiae
2854 1883 3285 1953 crassitudine?)
3332 1899 3395 1937 ea
3434 1884 3499 1937 de

231 1956 378 2023 ἀῦλῳ
399 1957 505 2026 τῆς
527 1956 706 2027 ψυχῆς
729 1956 887 2026 φύσει
916 1958 1048 2028 πρὸς
1073 1959 1170 2029 τὴν
1194 1958 1382 2029 ὑλικὴν
1405 1962 1776 2031 παχυμέρειαν
1797 1979 1811 2029 ;

233 2047 435 2101 Τούτου
476 2048 636 2118 χάριν
672 2050 701 2101 ό
736 2049 1111 2119 παροιμιώδης
1144 2050 1497 2119 συμϐουλεύει
1528 2052 1704 2119 λόγος,
1741 2056 1813 2123 μὴ

231 2141 340 2200 τοῖς
371 2138 674 2209 ἀλλοτρίοις
703 2140 879 2211 ἡμῶν,
911 2142 1021 2204 τοῖς
1051 2141 1179 2211 περὶ
1219 2141 1281 2193 τὸ
1312 2141 1474 2212 σῶμά
1507 2160 1649 2213 φημι
1670 2180 1685 2208 ,
1721 2145 1816 2198 καὶ

230 2231 298 2282 τὰ
332 2230 553 2294 ἔξωθεν,
583 2231 681 2301 τὴν
722 2231 907 2301 πηγὴν
938 2232 1037 2301 τῆς
1072 2231 1308 2295 διανοίας
1348 2233 1505 2302 ἡμῶν
1540 2233 1818 2287 ἐναλίσκε-

234 2322 375 2376 σθαι.
436 2322 595 2375 Ἀλλά
645 2324 775 2393 περὶ
801 2322 894 2375 τὸν
932 2321 1061 2376 ἴδιον
1092 2324 1580 2393 ὲναναστρέφεσθαι
1613 2324 1808 2396 κῆπον,

234 2414 329 2484 τὴν
367 2414 462 2467 τοῦ
508 2414 642 2467 Θεοῦ
684 2414 907 2483 φυτείαν
940 2414 1278 2467 πιαίνουσαν.
1331 2416 1556 2484 Ἀρετάς
1582 2416 1639 2469 δὲ
1672 2412 1811 2470 εἶναι

232 2506 329 2575 τὴν
353 2507 448 2559 τοῦ
481 2505 615 2558 Θεοῦ
652 2506 874 2573 φυτείαν
906 2504 1304 2575 μεμαθήκαμεν
1324 2545 1338 2567 ,
1372 2506 1501 2576 περὶ
1532 2504 1597 2568 ἀς
1641 2507 1669 2576 ἡ
1697 2508 1813 2559 δια-

235 2599 455 2670 Μτικὴ
501 2599 599 2668 τῆς
627 2597 808 2666 ψυχῆς
847 2595 1005 2666 ἡμῶν
1038 2595 1267 2663 δύναμις
1293 2596 1686 2666 ἀσχολουμένη,
1718 2598 1812 2650 καὶ

1914 1982 2080 2021 causa
2112 1971 2470 2037 proverbialis
2525 1972 2682 2027 nobis
2712 1974 2953 2027 consulit
2985 1974 3294 2043 Scriptura,
3343 1989 3411 2028 ne
3443 1975 3496 2028 in

1912 2073 1976 2111 ea
2010 2074 2130 2128 qua:
2157 2069 2285 2115 sunt
2316 2078 2346 2116 ει
2378 2062 2536 2118 nobis
2577 2063 2774 2125 aliena,
2805 2064 2859 2118 in
2896 2080 3119 2133 corpus,
3154 2066 3398 2134 inquam,
3444 2077 3499 2122 et

1914 2163 1979 2202 ea
2012 2166 2133 2219 quas
2162 2162 2290 2206 sunt
2313 2163 2558 2218 externa,
2588 2164 2944 2209 consumatur
2976 2156 3098 2212 fons
3122 2157 3494 2225 cegitationis,

1915 2241 2009 2294 sed
2028 2241 2084 2295 in
2105 2257 2206 2297 suo
2229 2256 2477 2299 versetur
2496 2248 2675 2309 horto,
2705 2246 2795 2300 Dei
2824 2247 3057 2318 irrigans
3084 2248 3494 2317 plantationem.

1922 2329 2226 2389 Didicimus
2252 2345 2431 2391 autem
2460 2337 2690 2393 virtutes
2720 2352 2844 2392 esse
2874 2338 2966 2392 Dei
2995 2339 3408 2409 plantationem,
3443 2339 3497 2392 in

1919 2423 2119 2490 quibus
2152 2436 2420 2498 occupata
2449 2432 2744 2502 cogitativa
2782 2434 2979 2486 animm
3010 2442 3210 2487 nostra:
3244 2431 3497 2496 facultas,

1918 2523 1973 2566 et
2010 2516 2077 2570 ad
2105 2518 2240 2572 nihil
2287 2530 2569 2576 externum
2623 2524 2884 2590 deﬂuens,
2934 2525 3257 2595 obsignatur
3303 2524 3500 2577 chara-

1920 2613 2069 2660 ctere
2101 2611 2368 2675 veritatis,
2411 2614 2703 2667 informata
2729 2616 2793 2667 ad
2824 2616 3026 2668 bonum
3068 2613 3405 2667 habitudine.

238 2695 369 2763 πρὸς
414 2694 570 2749 οὐδὲν
602 2694 711 2746 τῶν
747 2691 943 2756 ἔξωθεν
985 2691 1360 2762 ἀπορρέουσα,
1392 2690 1471 2761 τῷ
1503 2695 1807 2765 χαρακτῆρι
1842 2695 1938 2766 τῆς
1966 2700 2222 2769 ἀληθείας
2250 2707 2630 2776 σφραγίςεται,
2695 2712 2759 2779 τῇ
2826 2710 2960 2779 πρὸς
2998 2709 3059 2760 τὸ
3088 2708 3289 2776 ἀγαθον
3316 2705 3498 2776 σχέσει

235 2784 298 2856 ἐς)
309 2783 682 2856 μορφουμένη.

308 2900 540 2969 Ἴδωμεν
570 2898 624 2951 δὲ
656 2898 749 2949 καὶ
782 2896 888 2949 τῶν
930 2895 1125 2965 ἐφεξῆς
1153 2895 1388 2948 ἐπαίνων
1426 2894 1524 2966 τὴν
1567 2895 1813 2966 δύναμιν.
1900 2914 1903 2923 ·

250 2988 603 3043 Ἀκεστολαί
644 3002 792 3047 σου,
854 2988 1007 3055 φησι,
1066 2986 1428 3053 παράδεισος
1468 2986 1631 3054 ῥοῶν
1668 2990 1817 3056 μετὰ

239 3081 468 3146 καρποῦ
496 3077 857 3145 ἀκροδρύων,
889 3078 1101 3142 κύπροι
1124 3075 1273 3145 μετὰ
1300 3076 1555 3145 νάρδων.
1586 3077 1817 3144 Νάρδος

1999 2895 2292 2949 Videamus
2336 2906 2517 2950 autem
2554 2914 2740 2953 earnm
2801 2914 3037 2967 tutoque,
3084 2914 3204 2966 quae
3241 2898 3501 2969 deinceps

1920 2997 2260 3057 sequuntur,
2334 2988 2553 3041 laudum
2617 2990 2895 3043 virtutem.
2969 2990 3290 3045 Emissiones
3358 3002 3497 3049 tuae.

1925 3078 2121 3148 inquit,
2169 3078 2453 3146 paradisus
2494 3082 2755 3133 malorum
2798 3083 3136 3147 punitorum,
3173 3098 3287 3134 cum
3324 3083 3502 3150 [ruclu

241 3170 331 3222 καὶ
366 3169 617 3237 κρόκος,
646 3169 914 3235 κάλαμος
944 3167 1039 3219 καὶ
1069 3166 1465 3235 κιννάμωμον,
1491 3168 1638 3236 μετὰ
1664 3167 1815 3221 πάν-

1923 3184 2220 3237 pomorum,
2248 3177 2298 3222 et
2342 3169 2487 3237 cypri
2538 3184 2656 3221 cum
2693 3169 2897 3222 nardis.
2948 3167 3167 3221 Nardus
3208 3178 3255 3221 cl
3293 3185 3497 3231 crocus,

240 3277 354 3313 των
386 3262 591 3327 ξύλων
632 3262 737 3313 τοῦ
772 3260 1049 3313 Λιϐάνου·
1089 3261 1326 3328 σμύρνα
1359 3260 1456 3313 καὶ
1489 3262 1640 3327 dicit)
1667 3262 1819 3330 μετὰ

242 3351 483 3407 πάντων
504 3352 624 3406 τῶν
652 3353 896 3421 πρώτων
918 3354 1141 3420 μύρων.
1170 3351 1339 3419 Πηγὴ
1378 3351 1606 3417 κήπων,
1634 3352 1818 3421 φρέαρ

242 3443 455 3510 ὕδατος
491 3444 704 3510 ζῶντος
738 3444 833 3497 καὶ
869 3443 1209 3511 ῥοιζοῦντος
1243 3444 1359 3497 ἀπὸ
1397 3444 1503 3497 τοῦ
1537 3444 1816 3498 Λιϐάνου.

244 3533 361 3587 Ὂτι
396 3537 497 3607 μὲν
529 3532 622 3589 οὖν
658 3535 1012 3606 παμμέγεθες
1036 3553 1090 3587 τι
1126 3537 1218 3588 καὶ
1252 3534 1487 3599 ἐξαίσιον
1528 3540 1638 3599 τοῖς
1668 3539 1819 3608 εἰρη-

249 3624 424 3692 μένοις
467 3626 715 3695 ἔγκειται
762 3627 960 3697 νόημα,
1008 3626 1074 3679 δι’
1108 3619 1168 3679 οὗ
1199 3627 1298 3697 τῆς
1334 3628 1475 3681 κατά
1510 3627 1640 3680 Θεὸν
1673 3629 1819 3697 ὑψω-

244 3718 421 3789 θείσης
459 3719 524 3772 τὸ
553 3718 747 3782 κάλλος
775 3720 831 3771 ὲν
872 3717 1109 3786 θαύματι
1139 3718 1369 3787 γίνεται,
1410 3722 1531 3782 ταῖς
1559 3720 1822 3789 σιτολυτρό⁸

247 3825 362 3872 ποις
386 3810 501 3863 τῶν
534 3810 768 3863 ἐπαίνων
815 3810 1141 3878 ὑπερϐολαῖς
1181 3810 1621 3879 εὐφημουμένης,
1667 3810 1824 3880 δῆλον

246 3901 336 3952 καλ¹
376 3903 438 3955 ἐκ
486 3902 585 3972 τῆς
624 3902 911 3973 προχείρου
946 3902 1142 3966 λέξεως
1177 3901 1286 3953 τῶν
1333 3902 1638 3971 εἰρημένων
1684 3902 1819 3955 ὲστί.

246 3989 338 4053 Τίς
380 3993 438 4045 δὲ
484 3993 689 4063 ἀληθής
724 3995 839 4044 ἐστι
877 3992 1117 4054 διάνοια,
1152 3992 1217 4061 ἣν
1260 3992 1605 4061 διασημαίνει
1652 3992 1824 4045 ταῦτα

246 4081 312 4134 τὰ
347 4086 587 4155 ῥήματα,
636 4085 794 4152 μόνον
828 4084 892 4136 ἂν
944 4084 1027 4153 εἴη
1081 4083 1268 4152 σαφῶς
1304 4084 1503 4137 εἰδέναι
1554 4084 1649 4136 τοῦ
1684 4086 1823 4137 κατά

247 4172 335 4225 τὸν
390 4177 545 4244 ἀγιον
600 4175 810 4228 Παῦλον
876 4176 1238 4247 ἐπισταμένου
1302 4175 1578 4245 Πνεύματι
1648 4175 1825 4228 λαλεῖν

249 4262 314 4315 τὰ
368 4264 486 4318 θεῖα
550 4265 847 4335 μυστήρια.
902 4265 1023 4325 Πῶς
1067 4265 1190 4336 ,γὰρ
1247 4267 1309 4316 τὸ
1368 4264 1824 4334 ἁποστελλόμενον

253 4355 400 4424 παρά
447 4359 546 4427 τῆς
585 4354 802 4425 νύμφης
852 4355 988 4424 ῥοῶν
1032 4357 1145 4408 ἐστι
1199 4356 1559 4427 παράδεισος;
1601 4355 1725 4419 Πῶς
1769 4356 1825 4408 δὲ

253 4445 313 4495 ὲκ
335 4446 441 4498 τῶν
474 4446 611 4517 ῥοῶν
640 4449 668 4499 ὁ
693 4445 905 4515 καρπὸς
931 4445 1038 4498 τῶν
1074 4446 1390 4516 ἀκροδρύων
1421 4446 1672 4517 ceperat;
1702 4446 1825 4507 Πῶς

1921 3263 2158 3315 calamus
2190 3271 2239 3314 et
2269 3262 2678 3323 cinnamomum,
2711 3276 2827 3312 cum
2852 3261 3093 3313 omnibus
3112 3259 3268 3329 lignis
3288 3256 3500 3327 Libani,

1920 3352 2137 3421 myrrha
2165 3361 2215 3404 et
2247 3352 2384 3412 aloe,
2429 3367 2547 3403 cum
2582 3352 2822 3404 omnibus
2852 3353 3040 3419 primis
3080 3352 3374 3419 unguentis.
3412 3351 3501 3405 15.

1922 3441 2070 3495 Fons
2096 3442 2253 3508 horti,
2296 3451 2485 3510 puteus
2518 3458 2668 3509 aqua:
2714 3443 2841 3494 rivo:
2875 3451 2923 3494 et
2953 3443 3148 3510 impetu
3192 3443 3406 3510 ﬂuentis
3438 3457 3492 3496 ea

1922 3532 2145 3587 Libano.
2177 3532 2352 3600 Atque
2379 3531 2522 3600 quod
2555 3532 2608 3584 in
2652 3532 2717 3584 iis
2749 3531 2966 3599 quidem
3000 3547 3121 3600 quae
3163 3532 3308 3586 dicta
3348 3542 3503 3596 sunt,

1921 3633 2005 3678 est
2033 3622 2254 3692 quidam
2300 3622 2460 3690 longe
2488 3622 2759 3675 maximus
2790 3637 2853 3674 ac
2884 3623 3338 3690 praeclarissimus
3372 3626 3527 3678 send~

1922 3733 2037 3781 sus,
2072 3731 2164 3785 per
2183 3730 2345 3784 quem
2371 3715 2493 3782 ejus
2519 3729 2640 3782 qua:
2666 3729 2727 3766 ex
2760 3713 2866 3766 Deo
2894 3724 2976 3767 est
3006 3715 3058 3766 in
3092 3716 3260 3767 altum
3288 3726 3501 3779 evecta,

1923 3811 1976 3863 in
2008 3810 2366 3863 admiratione
2415 3808 2645 3860 habetur
2678 3808 3047 3875 pulchritudo,
3081 3808 3251 3861 variis
3283 3816 3336 3859 et
3383 3823 3505 3863 nio-

1921 3901 2049 3954 dum
2088 3898 2547 3969 exsuperantibus
2572 3899 2843 3951 celebrata
2874 3899 3149 3962 laudibus,
3177 3910 3260 3953 est
3293 3900 3505 3969 perspi-

1922 4008 2084 4047 cuum
2118 3993 2195 4046 vel
2231 4008 2297 4045 ex
2337 3998 2595 4045 contextu
2631 4004 2695 4044 ac
2737 4006 2899 4044 sensu
2936 3991 3170 4059 primum
3202 3992 3363 4045 obvio
3407 4006 3504 4046 eo-

1922 4099 2043 4137 rum
2100 4097 2222 4152 quae
2277 4082 2421 4136 dicta
2472 4090 2620 4136 sunt.
2668 4081 2930 4147 Quisnam
2971 4082 3043 4134 sit
3096 4092 3278 4135 autem
3339 4098 3504 4140 verus

1924 4191 2122 4231 sensus
2174 4190 2334 4245 quem
2393 4174 2506 4228 hare
2554 4173 2717 4227 verba
2769 4174 3098 4241 signiﬁcant,
3158 4173 3279 4243 ejus
3330 4175 3500 4229 solius

1925 4267 2087 4321 fuerit
2147 4276 2331 4336 aperte
2395 4266 2557 4329 scire,
2621 4265 2737 4334 Qui,
2788 4264 2946 4332 juxta
3001 4266 3186 4319 divum
3248 4264 3498 4331 Paulum,

1927 4358 2130 4425 Spiritu
2170 4358 2275 4410 scit
2308 4357 2453 4424 loqui
2490 4356 2676 4409 divina
2710 4357 2991 4425 mysteria.
3028 4356 3500 4421 Quemadmodum

1925 4450 2073 4501 enim
2113 4446 2257 4515 quod
2289 4448 2558 4500 emittitur
2586 4462 2616 4499 a
2644 4461 2868 4515 sponsa,
2898 4455 2981 4501 est
3012 4448 3297 4517 paradisus
3330 4450 3502 4503 malo-

251 4531 306 4584 δὲ
332 4534 399 4588 τά
427 4536 701 4609 ἀκρόδρυα
748 4535 933 4606 μύρων
963 4536 1169 4603 γίνεται
1199 4522 1292 4588 καὶ
1323 4537 1629 4605 ἀρωμάτων
1660 4536 1820 4588 κατά-

1931 4553 2049 4591 rum
2096 4536 2463 4607 puuicorum?
2511 4536 2971 4605 quemadmodum
3013 4545 3192 4591 autem
3243 4553 3308 4592 ex
3341 4540 3503 4593 malis

252 4620 435 4694 λογος;
483 4630 569 4681 Ἐν
592 4627 698 4699 γὰρ
726 4631 835 4690 τοῖς
859 4627 967 4679 τῶν
990 4626 1302 4699 ἀκροδρύων
1328 4630 1578 4699 καρποῖς,
1614 4626 1826 4697 κύπρος

257 4717 345 4767 καὶ
373 4720 561 4790 νάρδος
602 4721 695 4773 καὶ
730 4721 925 4791 κρόκος
955 4720 1090 4781 ἐστὶ,
1134 4720 1377 4789 κάλαμός
1425 4737 1481 4771 τε
1516 4720 1609 4773 καὶ
1638 4718 1827 4772 κιννά-

259 4821 463 4876 μωμον,
526 4812 621 4865 καὶ
668 4813 776 4864 πᾶν
824 4811 916 4863 τοῦ
951 4811 1183 4863 Λιϐάνου
1236 4811 1411 4876 ξύλον,
1451 4812 1526 4875 ὡς
1571 4811 1827 4882 οὐδεμιᾶς

257 4898 350 4967 τῆς
391 4905 535 4957 κατά
577 4905 637 4958 τὸ
680 4907 879 4974 ἀοωμα
917 4903 1009 4957 τοῦ
1050 4904 1283 4957 Λιϐάνου
1321 4906 1584 4974 διαφορᾶς
1617 4907 1673 4957 ἐν
1721 4907 1826 4967 τοῖς

256 4987 727 5066 ἀπηριθμημένοις
754 4996 1064 5067 λειπούσης
1099 4991 1179 5060 οἷς
1224 4995 1571 5066 προστίθεται
1614 4995 1827 5066 σμύρνα

260 5081 350 5132 καὶ
378 5084 506 5159 ἁλόη
528 5128 542 5151 ,
576 5090 669 5142 καὶ
707 5089 775 5140 τὰ
807 5089 998 5158 πρῶτα
1024 5089 1171 5159 μῦρα
1212 5089 1407 5152 πάντα,
1442 5089 1533 5142 καὶ
1561 5091 1592 5159 ή
1635 5090 1851 5159 πρότε-’

264 5182 352 5233 ρον
375 5173 547 5243 κῆπος
580 5180 637 5229 ὲν
674 5180 786 5240 τοῖς
818 5178 928 5231 ἂνω
953 5178 1101 5249 παρὰ
1128 5177 1222 5231 τοῦ
1255 5176 1599 5241 ἐπαινοῦντος
1631 5179 1829 5249 ὀνομα-

264 5257 467 5328 σθεῖσα,
493 5267 587 5321 νῦν
621 5270 771 5339 πηγὴ
810 5268 1031 5336 λέγεται
1072 5271 1285 5340 κήπων,
1313 5269 1406 5321 καὶ
1436 5270 1611 5340 φρέαρ
1637 5268 1828 5334 ὓδατος

212 5354 221 5363 ’
264 5345 459 5419 ζῶντος
487 5359 579 5411 καὶ
618 5360 920 5431 ροιςοῦντος
953 5360 1060 5413 ἀπὸ
1106 5359 1200 5412 τοῦ
1239 5361 1491 5414 Λιϐάνου.
1550 5361 1709 5414 Ἀλλὰ
1737 5360 1827 5413 τὸν

269 5437 362 5504 μὲν
387 5444 559 5517 ἀληθῆ
584 5448 739 5516 λόγον
761 5448 889 5520 περὶ
916 5448 1116 5503 τούτων
1146 5449 1301 5504 ἴδοιεν
1323 5449 1410 5512 ἂν,
1441 5449 1623 5513 καθὼς
1646 5454 1829 5523 προεῖ-

267 5544 384 5595 ττθν,
434 5540 485 5590 οἱ
523 5542 582 5594 τὸ
619 5541 780 5612 βάθος
818 5540 916 5593 σοῦ
965 5542 1196 5595 πλούτου
1236 5543 1331 5596 καὶ
1362 5543 1462 5612 τῆς
1509 5544 1701 5612 σοφίας
1736 5546 1830 5598 καὶ

267 5618 360 5688 τῆς
381 5628 629 5696 γνώσεως
649 5633 743 5686 τοῦ
757 5631 891 5685 Θεοῦ
912 5633 1285 5704 διερευνᾶσθαι
1306 5633 1609 5703 δυνάμενοι.
1639 5634 1829 5703 Ἡμεῖς

266 5706 320 5762 δὲ
341 5713 414 5778 ὡς
435 5719 499 5773 ἂν
524 5726 597 5796 μὴ
622 5726 899 5790 παντελῶς
915 5727 1167 5792 ἄγευστοι
1194 5724 1300 5778 τῶν
1322 5726 1378 5777 ὲν
1391 5724 1467 5794 τῷ
1489 5725 1637 5795 τόπῳ
1657 5724 1830 5794 τούτῳ

268 5813 637 5881 προκειμένων
685 5817 927 5878 ἀγαθῶν.
985 5818 1077 5870 καὶ
1126 5816 1519 5870 ἀναπόλαυστοι
1577 5816 1826 5869 καταλει-

1928 4628 2144 4698 punicis
2197 4627 2519 4695 producitur
2575 4627 2788 4682 fructus
2844 4629 3176 4696 pomorum?
3229 4628 3506 4695 Quemad-

1931 4718 2150 4773 modum
2182 4733 2310 4773 vero
2337 4733 2496 4787 poma
2529 4719 2666 4772 ﬁunt
2709 4719 2991 4787 catalogus
3022 4729 3420 4791 unguentorum
3452 4734 3509 4778 et

1929 4817 2235 4863 aromatum
2258 4809 2282 4862 ?
2307 4809 2365 4862 In
2395 4825 2680 4879 pomorum
2708 4810 2853 4864 enim
2880 4811 3154 4868 fructibus
3177 4828 3376 4883 cyprus
3399 4823 3507 4879 est,

1928 4902 2136 4956 nardus
2185 4909 2239 4956 et
2294 4917 2513 4968 crocus,
2568 4909 2623 4956 et
2666 4903 2932 4968 calamus,
2977 4911 3032 4959 et
3073 4905 3504 4968 cinnamomum,

1930 5002 1984 5049 et
2014 5009 2174 5049 omne
2207 4995 2407 5064 lignum
2442 4994 2656 5059 Libani,
2707 4996 2863 5064 quasi
2899 4998 3048 5050 nulla
3081 4999 3135 5052 in
3169 5000 3506 5055 aromatihus

1930 5084 2121 5139 Libani
2152 5085 2458 5140 dill‘erentia
2482 5086 2624 5142 desit
2657 5086 2713 5140 in
2740 5087 2810 5142 iis
2840 5090 2959 5157 qua:
2987 5096 3115 5143 sunt
3144 5096 3460 5143 enumerata
3486 5108 3502 5144 :

1928 5176 2130 5247 quibus
2160 5177 2622 5247 additur‘myrrha
2654 5187 2708 5231 et
2741 5178 2882 5238 aloe,
2912 5186 2965 5232 et
2997 5178 3176 5232 omnia
3204 5179 3376 5247 prima
3398 5196 3505 5234 un-

1929 5275 2146 5336 guenta.
2185 5265 2250 5320 Et
2291 5281 2414 5335 quae
2462 5265 2614 5335 prius
2644 5266 2839 5321 hortus
2872 5281 2902 5318 a
2934 5267 3188 5322 laudante
3220 5283 3389 5339 supra
3418 5280 3506 5326 est

1931 5357 2233 5423 nominata,
2275 5371 2427 5412 nunc
2455 5357 2578 5412 fons
2625 5356 2830 5411 dicitur
2864 5358 3172 5421 hortorum,
3214 5367 3268 5413 et
3310 5369 3507 5429 puteus

1931 5462 2086 5518 aquae
2115 5449 2271 5511 vivae,
2323 5456 2379 5503 et
2416 5449 2621 5517 impetu
2669 5446 2889 5504 ﬂuentis
2922 5465 2988 5505 ex
3028 5449 3255 5513 Libano.
3298 5450 3403 5508 Sed
3438 5452 3507 5509 de

1931 5543 2018 5596 his
2056 5541 2275 5611 quidem
2311 5557 2431 5609 quae
2457 5541 2604 5595 dicta
2654 5549 2785 5596 sunt.
2812 5543 3096 5597 veritatem
3131 5543 3389 5608 viderint,
3445 5554 3506 5599 ut

1932 5633 2083 5703 prius
2121 5633 2257 5695 dixi,
2309 5633 2346 5687 ii
2375 5631 2469 5701 qui
2523 5641 2754 5702 possunt
2792 5639 3130 5704 perscrutari
3160 5636 3509 5706 profundita-

1933 5733 2038 5777 tem
2069 5723 2404 5785 divitiarum,
2434 5730 2487 5777 et
2519 5723 2823 5793 sapientia,
2858 5733 2912 5781 et
2942 5726 3187 5783 scientia:
3226 5726 3343 5783 Dei.
3397 5726 3509 5781 Nos

1933 5822 2136 5879 autem,
2190 5830 2256 5871 ne
2310 5814 2535 5871 omnino
2592 5817 2969 5889 relinquantur
3015 5830 3263 5889 expertes
3314 5826 3506 5887 gustus
