3866 6352
381 360 495 418 967
1611 360 1672 414 S.
1727 358 2058 417 GREGORII
2095 359 2390 417 NYSSENI
3578 363 3683 420 968

385 475 659 531 bonorum
687 489 809 545 quae
847 473 900 527 in
930 473 1033 527 hoc
1064 473 1184 527 loco
1219 473 1322 526 sita
1356 482 1505 538 sunt,
1543 474 1721 543 iisque
1750 475 1967 530 minime

2078 477 2369 546 φθείημεν,
2395 475 2466 529 δι’
2492 476 2688 543 ὀλίγων
2708 476 2881 543 λόγων
2904 475 2981 546 τῷ
3002 476 3148 548 λόγῳ
3176 478 3554 550 προσάξομεν,
3584 485 3679 538 αὖ.

386 568 659 631 lruamur,
709 567 902 637 paucis
938 564 1267 622 accedemus
1307 566 1377 620 ad
1404 574 1721 621 contextum
1767 568 1977 622 oratio-

387 675 497 721 nis,
556 663 676 729 ipso
712 658 821 713 Deo
877 656 1061 713 Verbo
1114 659 1384 721 adhibito,
1439 668 1501 712 ut
1541 659 1612 715 sit
1643 659 1754 714 dux
1802 661 1975 715 nostri

385 750 554 806 studii
605 766 670 803 ac
699 751 1015 820 diligentiae.
1061 748 1366 806 Universus
1415 751 1661 816 laudum,
1711 751 1806 821 qui
1852 760 1979 806 ante

384 841 566 894 dictus
598 839 720 903 fuit,
762 840 1071 908 catalogus,
1101 848 1158 896 et
1186 857 1309 911 quae
1334 857 1482 896 nunc
1506 842 1574 897 de
1608 842 1726 911 ipsa
1752 841 1979 896 adduxit

382 931 585 993 oratio,
614 945 725 984 non
762 931 1017 984 videntur
1050 930 1253 986 intueri
1288 933 1561 1002 praecipue
1593 933 1659 986 ad
1681 932 1975 1002 quamdam

385 1023 589 1077 nudam
629 1038 693 1075 ac
723 1022 898 1077 solam
941 1024 1332 1088 laudationem,
1382 1026 1475 1080 sed
1511 1041 1609 1094 per
1637 1040 1702 1080 ea
1732 1041 1855 1095 qua:
1892 1025 1979 1079 di-

383 1121 609 1176 cuntur,
635 1115 744 1167 vim
766 1114 1062 1183 quamdam
1092 1130 1159 1169 ac
1184 1116 1445 1169 virtutem
1468 1117 1682 1181 all'erre,
1711 1132 1773 1171 ac
1792 1117 1976 1173 cordis

380 1219 673 1260 ascensum
707 1207 776 1260 ad
809 1222 872 1260 ea
906 1222 1029 1277 qua:
1055 1218 1186 1263 sunt
1216 1209 1425 1277 majora
1455 1220 1510 1264 et
1539 1210 1865 1274 excelsiora,
1900 1220 1979 1265 ut-

382 1305 508 1367 pote
541 1298 861 1352 nominatur
884 1314 1049 1353 soror
1081 1308 1137 1354 et
1169 1316 1370 1369 sponsa
1412 1300 1596 1365 Verbi,
1630 1302 1726 1356 sed
1765 1311 1977 1356 utrum-

381 1405 490 1458 que
536 1390 733 1443 horum
784 1393 1067 1444 nominum
1117 1406 1383 1460 sponsam
1413 1392 1699 1462 conjungit
1745 1410 1972 1464 sponso,

383 1496 605 1551 sponsa:
627 1481 851 1552 quidem
877 1482 1280 1552 signilicatione
1304 1501 1448 1548 eam,
1479 1496 1539 1541 ut
1573 1487 1819 1540 nominat
1840 1486 1976 1542 Pau-

383 1572 471 1627 lus
493 1572 564 1634 ",
598 1570 836 1627 faciente
868 1577 1319 1644 concorporalem
1350 1593 1574 1647 sponso,
1605 1579 1699 1647 qui
1732 1595 1839 1633 non
1875 1596 1973 1649 po-

382 1670 492 1718 test
516 1664 822 1733 corrumpi,
863 1672 917 1721 et
949 1667 1006 1719 in
1039 1684 1200 1737 quem
1232 1684 1339 1723 non
1366 1671 1513 1724 cadit
1537 1672 1822 1726 interitus:
1859 1681 1972 1725 stu-

380 1754 478 1808 dio
504 1762 689 1810 autem
716 1757 866 1826 quod
891 1770 1142 1814 versatur
1169 1761 1225 1815 in
1252 1761 1550 1828 voluntate,
1578 1762 1645 1816 ad
1671 1761 1969 1818 fraternam

2080 570 2171 621 τὸν
2192 570 2285 622 τὸν
2310 568 2444 621 Θεὸν
2474 569 2645 636 Λόγον
2665 567 3015 638 καθηγεμόνα
3049 570 3151 640 τῆς
3176 571 3419 643 σπουδῆς
3447 573 3679 643 ποιησά·

2083 679 2251 732 μενοι.
2294 662 2512 714 Ἔοικεν
2548 661 2692 724 ἄπας
2719 662 2750 713 6
2781 661 2890 714 τῶν
2921 662 3163 719 ἐπαίνων
3199 663 3535 732 κατάλογος,
3562 665 3595 717 ὃ
3619 680 3677 717 τε

2081 753 2189 825 πρὸ
2217 754 2424 806 τούτων
2450 754 2762 823 εἰρημένος,
2790 754 2883 808 καὶ
2915 756 3018 807 ὅσα
3040 754 3139 806 νῦν
3167 756 3301 826 περὶ
3333 756 3514 825 αὐτῆς
3538 757 3679 827 ἡμῖν

2077 847 2107 896 6
2152 843 2309 910 λόγος
2355 841 2664 911 παρέθετο,
2705 844 2780 912 μὴ
2834 842 2970 913 πρὸς
3018 844 3299 915 εὐφημίαν
3345 845 3474 899 τινὰ
3511 846 3682 918 ψιλὴν

2079 934 2223 987 κατά
2248 934 2311 986 τὸ
2350 934 2760 1004 προηγούμενον
2787 934 3025 1003 βλέπειν
3066 935 3207 989 ἀλλά
3245 936 3486 1008 δύναμιν
3531 939 3680 992 ἐντι-

2079 1025 2233 1079 θέναι
2268 1025 2358 1080 διά
2384 1025 2493 1077 τῶν
2525 1024 2835 1095 λεγομένων
2864 1026 2999 1097 πρὸς
3041 1025 3141 1096 τὴν
3166 1028 3262 1079 ἐπὶ
3299 1030 3369 1081 τὰ
3403 1029 3588 1098 μείζω
3616 1046 3679 1081 τε

2080 1120 2174 1171 καὶ
2224 1117 2535 1187 ὑψηλότερα
2577 1117 2679 1186 τῆς
2724 1118 2952 1189 καρδίαις
2977 1120 3268 1183 ἀνάϐασιν,
3307 1116 3425 1174 οἷον
3463 1122 3681 1191 ἀδελφὴ

2078 1211 2173 1263 καὶ
2200 1210 2263 1262 νύ
2271 1227 2387 1280 μφη
2432 1209 2528 1262 τοῦ
2550 1211 2726 1280 Λόγου
2752 1211 3207 1282 κατονομάζεται,
3228 1212 3365 1267 ἀλλὰ
3407 1214 3681 1267 συνάπτει

2076 1303 2185 1354 τῶν
2227 1303 2509 1371 ὀνομάτων
2545 1303 2752 1355 τούτων
2785 1303 3045 1374 ἑκάτερον
3084 1304 3185 1373 τὴν
3206 1304 3386 1376 ψυχὴν
3424 1305 3509 1376 τῷ
3535 1324 3683 1375 νυμ-

2077 1395 2206 1464 φίῳ,
2237 1396 2333 1465 τῆς
2371 1396 2471 1463 μὲν
2497 1394 2640 1448 κατά
2664 1395 2761 1465 τὴν
2780 1378 2997 1465 νύμιρην
3030 1397 3308 1467 σημασίας
3376 1396 3685 1466 σύσσωμον

2076 1488 2271 1555 αὐτὴν,
2300 1487 2486 1550 καθὼς
2516 1490 2544 1541 ό
2572 1487 2815 1551 Παῦλος,
2846 1489 3106 1560 ποιούσης
3136 1489 3216 1560 τῷ
3238 1490 3506 1560 ἀφθάρτῳ
3534 1507 3687 1560 νυμο

2077 1579 2204 1649 φίῳ·
2238 1579 2336 1648 τῆς
2378 1579 2436 1631 δὲ
2466 1581 2596 1650 περὶ
2623 1579 2692 1632 τά
2742 1581 3025 1651 θελήματα
3066 1582 3300 1651 σπουδῆς
3333 1584 3412 1645 εἰς
3445 1582 3680 1651 ἀδελφι-

2074 1670 2179 1742 κὴν
2203 1670 2522 1741 ἀγχιστείαν
2566 1672 2938 1742 προαγούσης,
2982 1672 3126 1726 κατά
3158 1672 3257 1743 τὴν
3288 1672 3383 1726 τοῦ
3414 1672 3682 1741 Εὐαγγεο

2071 1760 2190 1813 λίου
2224 1762 2445 1831 φωνήν
2482 1757 2602 1814 εἶτα
2642 1763 2949 1816 ἐπαινεῖται
2993 1763 3156 1831 φύσις
3194 1762 3413 1833 μαστῶν
3458 1766 3493 1833 ἡ
3546 1765 3681 1817 ἀντὶ

380 1845 691 1903 deducente
723 1848 1041 1905 afﬁnitatem
1065 1858 1121 1907 et
1142 1852 1612 1921 eonjunctionem,
1639 1857 1967 1911 convenien-

2075 1853 2346 1919 γάλακτος
2385 1848 2529 1906 οἶνον
2564 1854 2906 1923 προχέουσα,
2957 1857 3053 1908 καὶ
3096 1854 3256 1925 δῆλον
3296 1856 3378 1907 ὅτι
3424 1854 3599 1925 ἔργον
3648 1857 3680 1907 6

380 1945 466 1993 ter
495 1940 616 1994 voci
646 1940 944 2011 Evangelii.
984 1941 1192 1998 Deinde
1216 1944 1472 1999 laudatur
1490 1955 1691 2000 natura
1714 1947 1967 2013 uberum,

379 2046 505 2102 quae
540 2048 643 2101 pro
689 2033 830 2090 laete
862 2035 1052 2089 vinum
1101 2034 1354 2101 effundit,
1407 2045 1458 2092 et
1491 2036 1846 2093 manifestum
1885 2048 1970 2094 est

380 2120 529 2190 quod
551 2123 670 2177 laus
692 2138 833 2194 opus
851 2123 1111 2181 efficitur.
1139 2126 1260 2180 Non
1283 2128 1455 2191 enim,
1482 2128 1538 2183 id
1563 2131 1710 2199 quod
1735 2145 1845 2184 non
1860 2138 1968 2193 est,

384 2212 662 2267 laudatur.
696 2214 967 2271 Praeterea
991 2217 1116 2286 ejus
1154 2227 1494 2290 unguentum
1537 2220 1820 2290 judicatur
1847 2237 1971 2277 esse

381 2303 640 2373 superius
681 2307 942 2363 omnibus
981 2310 1340 2371 aromatibus.
1396 2311 1544 2381 quod
1587 2313 1809 2382 quidem
1857 2328 1971 2367 non

384 2395 457 2448 ita
478 2409 539 2449 se
554 2393 756 2450 habere
782 2395 977 2452 fuisset
983 2398 1314 2467 judicatum,
1333 2402 1380 2457 si
1399 2418 1509 2457 non
1532 2418 1721 2459 revera
1737 2404 1805 2459 ad
1823 2405 1969 2458 illam

385 2493 726 2561 pervenisset
774 2494 1119 2550 altitudinem
1151 2511 1249 2565 per
1280 2498 1587 2567 profectum
1638 2500 1696 2554 in
1722 2516 1790 2556 eo
1821 2503 1967 2573 quod

383 2595 467 2640 est
521 2586 737 2641 melius.
791 2585 1076 2641 Habentur
1116 2597 1303 2660 postea
1357 2592 1411 2644 in
1461 2592 1823 2648 admiratione
1862 2594 1967 2646 favi

381 2679 652 2734 orationis
677 2683 770 2749 qui
802 2680 1076 2735 distillant
1109 2697 1175 2737 ex
1211 2683 1331 2752 ejus
1367 2699 1485 2749 ore,
1512 2693 1567 2739 et
1591 2694 1967 2756 contempera-

382 2771 459 2827 tio
486 2781 710 2842 paratur
737 2775 1022 2844 sapientia:
1045 2774 1536 2849 subjectalingua',
1559 2766 1969 2848 contemperato

382 2863 521 2918 lacte
545 2879 672 2917 eum
722 2866 902 2921 melle.
950 2864 1015 2919 Et
1046 2866 1161 2921 haec
1189 2884 1408 2938 quoque
1443 2876 1574 2924 sunt
1607 2870 1803 2933 virtus.
1859 2886 1966 2925 non

385 2954 569 3018 verba,
605 2963 664 3007 ut
693 2970 816 3025 qua:
843 2970 875 3009 a
912 2954 1093 3011 Veibo
1126 2958 1194 3011 ad
1219 2959 1475 3013 altiorum
1505 2960 1742 3015 deducta
1777 2976 1969 3016 ascen-

381 3060 503 3100 sum
532 3047 668 3100 adeo
696 3054 859 3101 aucta
910 3048 1003 3110 sit,
1042 3057 1101 3103 ut
1144 3064 1209 3105 os
1243 3050 1407 3105 faciat
1440 3051 1642 3107 fontem
1675 3052 1877 3116 mellis,
1913 3062 1968 3105 et

382 3135 624 3204 linguam
659 3139 1089 3208 promptuarium
1119 3143 1423 3197 commistae
1446 3143 1750 3212 sapientiae,
1780 3144 1835 3198 in
1858 3159 1965 3213 qua

382 3228 767 3283 consideratur
807 3241 949 3285 terra
985 3232 1390 3300 promissionis,
1425 3247 1549 3303 quae
1582 3234 1699 3287 fluit
1724 3235 1883 3289 melle
1915 3245 1968 3288 et

382 3319 545 3373 lacte.
576 3320 713 3374 Cum
742 3330 924 3376 autem
957 3323 1196 3379 Verbum
1235 3340 1334 3394 per
1371 3339 1638 3381 ascensus
1674 3340 1793 3379 eam
1833 3323 1972 3378 adeo

379 3411 688 3474 extulisset,
721 3412 874 3466 ducit
924 3415 1105 3468 adhuc
1151 3416 1341 3481 altius,
1382 3416 1573 3471 dicens
1613 3416 1735 3483 ejus
1765 3412 1970 3470 vestem

382 3502 521 3557 bene
551 3506 762 3573 spirare
797 3505 975 3563 thuris
1004 3507 1198 3573 odore,
1253 3524 1352 3577 per
1380 3508 1528 3578 quod
1575 3517 1807 3562 testatur
1837 3506 1970 3560 Ver-

378 3592 507 3647 bum
550 3609 671 3649 eam
707 3595 987 3653 Christum
1032 3597 1301 3654 induisse.
1344 3598 1603 3668 Cujusvis
1647 3599 1794 3653 enim
1850 3597 1972 3651 vitae

378 3700 502 3755 quae
525 3702 593 3741 ex
623 3689 830 3744 virtute
855 3690 1037 3760 agitur
1068 3690 1195 3745 linis
1217 3698 1302 3745 est
1326 3690 1420 3746 Dei
1450 3690 1823 3762 participatio.
1867 3686 1970 3743 Per

378 3778 508 3834 thus
533 3779 679 3834 enim
707 3779 851 3836 Deus
879 3781 1208 3838 ostenditur.
1243 3779 1311 3835 Et
1332 3796 1434 3836 nee
1464 3782 1521 3836 in
1550 3782 1622 3837 iis
1650 3779 1871 3850 quidem
1908 3794 1970 3835 se

379 3871 526 3927 sistit
553 3872 757 3937 anima,
803 3889 927 3943 qua:
950 3887 1170 3943 semper
1198 3887 1229 3925 a
1269 3870 1450 3929 Verbo
1474 3873 1768 3929 deducitur
1801 3874 1868 3927 ad
1913 3872 1968 3927 id

377 3962 525 4033 quod
549 3971 637 4018 est
676 3964 863 4019 altius.
897 3963 1005 4019 Sed
1038 3973 1328 4034 postquam
1353 3966 1659 4045 assimilata
1686 3965 1787 4019 fuit
1818 3966 1967 4019 thuri

379 4052 437 4106 in
466 4053 615 4107 bono
647 4052 838 4116 odore,
882 4053 941 4108 ﬁt
985 4054 1181 4109 hortus
1219 4055 1397 4109 instar
1440 4055 1704 4125 paradisi.
1738 4055 1963 4119 Hortus,

379 4159 492 4198 non
520 4145 666 4197 sicut
690 4151 810 4199 erat
856 4146 998 4200 inter
1026 4146 1235 4215 primos
1273 4147 1547 4212 homines,
1598 4148 1758 4203 laxus
1788 4155 1843 4203 et
1881 4148 1964 4201 in-

377 4233 719 4298 custoditus,
772 4235 869 4290 sed
917 4237 1163 4308 undique
1213 4238 1458 4295 munitus
1498 4238 1762 4293 memoria
1809 4253 1965 4293 man-

378 4324 512 4379 dati.

449 4415 616 4473 Vides
670 4433 933 4489 quantam
983 4422 1255 4491 acceperit
1302 4422 1579 4487 virtutem,
1640 4421 1706 4477 ad
1753 4422 1855 4477 hoc
1900 4429 1961 4477 ut

377 4523 598 4563 sursum
641 4509 920 4567 ferretur?
950 4510 1166 4569 Rursus
1192 4514 1313 4571 vide
1340 4514 1471 4569 mihi
1503 4530 1626 4570 eum
1655 4515 1746 4585 qui
1794 4530 1957 4584 supra

377 4599 512 4655 illud
546 4600 604 4655 fit
632 4618 945 4659 ascensum.
983 4604 1102 4661 Non
1134 4607 1312 4662 solum
1345 4608 1492 4660 enim
1524 4605 1667 4660 facta
1717 4615 1800 4662 est
1831 4608 1961 4660 bor-

377 4703 466 4747 tus
517 4695 833 4760 conclusus,
890 4699 1175 4768 proprium
1220 4700 1402 4755 ferens
1453 4699 1716 4764 fructum,
1775 4700 1870 4755 sed
1901 4698 1960 4752 ﬁt

2072 1945 2295 2007 ἔπαινος
2333 1945 2565 2013 γίνεται.
2621 1945 2698 1998 Ού
2728 1946 2839 2017 γὰρ
2878 1947 3283 2015 ὲγκωμιάζεται
3316 1948 3378 1999 τὸ
3409 1946 3679 2018 ἀνύπαρ-

2071 2054 2219 2089 κτον.
2247 2036 2391 2106 Πρὸς
2419 2036 2629 2099 τούτοις
2656 2036 2719 2090 τὺ
2746 2038 2918 2108 μῦρον
2938 2038 3110 2107 αὐτῆς
3139 2039 3357 2092 πάντων
3380 2038 3490 2091 τῶν
3516 2040 3678 2110 ἀρω-

2074 2129 2258 2197 μάτων
2282 2127 2583 2199 ὑπέρτερον
2610 2128 2874 2198 κρίνεται.
2897 2129 3076 2200 Ὅπερ
3100 2128 3203 2181 οὐκ
3227 2127 3295 2181 ἂν
3315 2126 3491 2191 οὕτως
3514 2127 3675 2198 ἔχειν

2070 2220 2287 2290 ἐκρίθη,
2316 2220 2393 2289 μὴ
2423 2219 2567 2273 κατά
2589 2220 2851 2289 ἀλήθειαν
2876 2219 3013 2291 πρὸς
3037 2222 3213 2273 ὲκείνο
3242 2219 3304 2272 τὸ
3327 2219 3460 2289 ὕψος
3488 2220 3674 2289 αὑτῆς

2069 2313 2158 2367 διὰ
2203 2314 2304 2383 τῆς
2357 2314 2415 2364 ἐν
2459 2312 2537 2382 τῷ
2579 2313 2847 2383 κρείττονι
2890 2312 3175 2385 προκοπῆς
3219 2312 3670 2383 ἀναδραμούσης.

2070 2401 2419 2472 Θαυμάζεται
2455 2402 2595 2473 μετά
2629 2402 2786 2456 τοῦτο
2812 2402 2882 2456 τά
2930 2404 3097 2473 κηρία
3124 2403 3221 2456 τοῦ
3256 2404 3414 2471 λόγου
3459 2405 3526 2456 τά
3563 2406 3672 2457 τοῦ

2072 2496 2340 2566 στόματος
2372 2497 2543 2566 αὐτῆς
2586 2494 2997 2561 ἀποστάζοντα,
3026 2496 3121 2548 καὶ
3154 2498 3187 2565 ἡ
3226 2496 3528 2566 σύγκρατος
3558 2498 3673 2567 τῆς

2073 2590 2268 2657 σοφίας
2295 2589 2625 2659 παρασκευὴ
2655 2587 2987 2657 ὑποκειμένη
3009 2590 3074 2657 τῇ
3105 2586 3328 2660 γλώσσῃ
3346 2626 3361 2650 ,
3386 2587 3672 2655 γάλακτος

2073 2684 2208 2754 πρὸς
2235 2682 2358 2752 μέλι
2403 2683 2870 2753 συγκεκραμένον.
2910 2681 3020 2734 Καὶ
3042 2681 3215 2733 ταῦτα
3232 2680 3459 2751 δύναμίς
3482 2682 3669 2747 ἐστιν,

2070 2777 2130 2827 οὐ
2185 2778 2425 2845 ῥήματα.
2473 2774 2617 2845 Πρὸς
2653 2773 2761 2843 γὰρ
2791 2774 2888 2843 τὴν
2932 2773 3042 2826 τῶν
3078 2772 3426 2844 ὑψηλοτέρων
3474 2773 3672 2829 ἄνοδον

2072 2865 2555 2937 χειραγωγουμένη
2594 2866 2701 2918 ὑπὸ
2732 2865 2827 2918 τοῦ
2872 2865 3077 2932 Λόγου,
3119 2865 3370 2918 τοσοῦτον
3406 2861 3667 2937 ηὐξήθη,

2071 2960 2211 3011 ὥστε
2243 2958 2458 3028 μέλιτος
2493 2957 2718 3026 ποιῆσαι
2762 2957 2944 3027 πηγὴν
2969 2957 3029 3008 τὸ
3060 2956 3263 3026 στόμα,
3297 2957 3390 3009 καὶ
3409 2961 3670 3027 ταμιεῖον

2016 3072 2025 3073 ί
2069 3055 2169 3120 τῆς
2206 3051 2512 3120 συμμίκτου
2558 3049 2749 3118 σοφίας
2788 3050 2889 3118 τὴν
2926 3048 3199 3116 γλῶσσαν,
3311 3048 3669 3120 ὲνθεωρεῖται

2071 3145 2105 3213 ἡ
2136 3143 2206 3211 γῆ
2238 3143 2339 3211 τῆς
2367 3140 2723 3210 ἐπαγγελίας,
2775 3143 2812 3211 ἠ
2848 3141 3045 3212 ῥέουσα
3074 3141 3198 3211 μέλι
3240 3142 3333 3195 καὶ
3357 3142 3516 3210 γάλα.
3553 3143 3667 3198 Ta-

2075 3234 2267 3287 σοῦτον
2297 3232 2467 3302 αὐτὴν
2495 3233 2586 3285 διὰ
2624 3232 2733 3284 τῶν
2755 3230 3076 3284 ἀναϐάσεων
3119 3230 3344 3300 ὑψὼσας
3385 3234 3414 3283 ό
3442 3232 3630 3300 Λόγος
3652 3277 3670 3298 ,

2073 3328 2152 3379 ἔτι
2182 3326 2316 3396 πρὸς
2348 3326 2410 3378 τὸ
2450 3326 2782 3395 ὑψηλότερον
2811 3325 2935 3392 ἄγει
2954 3365 2968 3387 ,
3011 3324 3111 3391 τὴν
3140 3321 3345 3391 ἐσθῆτα
3367 3326 3538 3397 αὐτῆς
3566 3328 3671 3379 εύο

2076 3415 2258 3465 πνοεῖν
2289 3412 2463 3479 λέγων
2485 3411 2625 3465 κατὰ
2656 3414 2753 3483 τὴν
2790 3413 2885 3465 τοῦ
2920 3412 3135 3467 λιϐάνου
3173 3414 3370 3485 ὀσμὴν,
3410 3415 3477 3468 δι’
3504 3410 3569 3469 οὗ
3602 3417 3672 3469 τὸ

2073 3504 2386 3558 ἐνδεδύσθαι
2428 3503 2598 3574 αὐτὴν
2643 3503 2736 3557 τὸν
2783 3503 3017 3574 Χριστὸν
3068 3508 3339 3577 μαρτυρεῖ
3386 3508 3414 3558 6
3458 3505 3663 3573 Λόγος.

2073 3593 2282 3657 Παντὸς
2311 3593 2420 3664 γὰρ
2449 3594 2708 3663 ἐναρέτου
2731 3592 2847 3663 βίου
2866 3593 3018 3656 τέλος
3049 3596 3081 3665 ἠ
3103 3595 3201 3647 τοῦ
3227 3595 3362 3648 Θεοῦ
3395 3599 3669 3665 μετουσία

2071 3687 2309 3753 γίνεταιλ
2340 3685 2440 3739 Διά
2483 3686 2595 3755 γὰρ
2637 3685 2732 3739 τοῦ
2773 3685 2988 3739 λιϐάνου
3028 3687 3089 3739 τὸ
3114 3686 3272 3741 Θείον
3299 3687 3663 3743 ἐνδείκνυται.

2071 3779 2181 3832 Καὶ
2220 3779 2344 3832 οὐδὲ
2380 3781 2438 3832 ὲν
2467 3779 2677 3842 τούτοις
2705 3777 2837 3847 ἔστη
2876 3781 2909 3849 ἡ
2941 3778 3078 3850 πρὸς
3108 3777 3171 3831 τὸ
3207 3778 3537 3850 ὑψηλότερον
3570 3781 3668 3835 ἀεὶ

2070 3871 2177 3924 ὑπὸ
2197 3871 2291 3924 τοῦ
2317 3872 2493 3939 Λόγου
2531 3869 3013 3940 χειραγωγουμένη
3047 3869 3194 3939 ψυχή
3215 3887 3231 3901 ο
3268 3870 3403 3924 ἀλλὰ
3426 3870 3565 3941 μετά
3599 3870 3668 3924 τὸ

2066 3964 2401 4034 ὁμοιωθῆναι
2439 3963 2534 4016 τοῦ
2557 3963 2776 4017 λιϐάνου
2802 3963 2902 4030 τὴν
2936 3960 3212 4031 εὐοδμίαν,
3247 3963 3421 4033 κῆπος
3444 3963 3665 4031 γίνεται

2068 4054 2190 4106 καθ’
2227 4053 2525 4123 ὁμοιότητα
2556 4050 2652 4105 τοῦ
2696 4050 3045 4121 παραδείσου.
3081 4049 3277 4120 Κῆπος
3299 4089 3314 4111 ,
3343 4051 3440 4120 οὐχ
3476 4051 3554 4116 ὡς
3599 4053 3663 4104 ἐν

2067 4149 2179 4210 τοῖς
2208 4146 2446 4217 πρώτοις
2475 4144 2783 4215 ἀνθρώποις
2804 4138 2893 4214 ἦν,
2919 4142 3106 4205 ἄνετός
3125 4159 3185 4195 τε
3207 4144 3303 4195 καὶ
3324 4142 3659 4210 ἀφύλακτος,

2065 4238 2204 4292 ἀλλά
2248 4241 2314 4309 τῇ
2364 4238 2553 4308 μνήμῃ
2602 4238 2701 4306 τῆς
2754 4235 2973 4303 ἐντολῆς
3024 4236 3360 4304 πανταχόθεν
3409 4251 3646 4305 τετειχιο

2066 4331 2260 4400 σμένος
2269 4370 2282 4382 .

2146 4423 2309 4494 Ὁρᾷς
2354 4421 2487 4490 ὅσην
2514 4418 2849 4490 προσέλαϐεν
2889 4418 2969 4481 είς
2996 4418 3056 4470 τὸ
3094 4418 3209 4473 ἄνω
3246 4418 3343 4490 τὴν
3384 4418 3653 4490 δύναμιν;

2065 4513 2237 4568 Πάλιν
2284 4513 2386 4582 ὅρα
2434 4529 2524 4581 μοι
2567 4511 2666 4581 τὴν
2712 4509 2855 4581 ὑπὲρ
2894 4508 3053 4563 τοῦτο
3095 4507 3382 4563 ἀνάϐασιν.
3418 4511 3496 4563 Ού
3540 4511 3656 4583 γάρ

2069 4606 2230 4677 μόνον
2259 4605 2435 4673 κῆπος
2473 4602 2862 4671 κεκλεισμένος
2890 4600 3125 4670 ἐγένετο,
3169 4601 3268 4673 τὴν
3303 4602 3486 4671 ἡδεῖαν
3512 4619 3654 4673 καρ-

2061 4696 2374 4768 ποφοροῦσα
2407 4696 2648 4767 τροφὴν,
2693 4694 2829 4747 ἀλλά
2873 4694 2968 4747 καὶ
3012 4694 3242 4764 πότιμος
3282 4695 3492 4762 γίνεται
3538 4698 3653 4758 τοῖς

375 4786 538 4839 etiam
588 4787 850 4856 potabilis
898 4790 1236 4850 sitientibus.
1291 4793 1556 4846 translata
1598 4791 1652 4845 in
1703 4798 1959 4845 naturam

2072 4789 2309 4860 Βιψῶσιν,
2355 4789 2436 4851 εἰς
2467 4787 2651 4856 πηγῆς
2683 4786 2847 4855 φύσιν
2883 4786 3239 4855 μετατεθεῖσα
3259 4827 3274 4851 ,
3304 4788 3400 4841 καὶ
3443 4787 3650 4860 ταύτης

376 4876 565 4943 fontis,
605 4879 771 4947 idque
793 4879 1086 4950 obsignati.
1114 4882 1181 4936 Et
1209 4899 1312 4938 nec
1338 4884 1391 4937 in
1421 4884 1507 4938 his
1533 4882 1781 4938 constitit
1804 4898 1818 4931 :
1858 4880 1957 4935 scd

2072 4878 2525 4949 ὲσφραγισμένης.
2577 4878 2685 4930 Καὶ
2728 4877 2846 4930 οὐδὲ
2893 4878 2950 4929 ὲν
2985 4877 3195 4942 τούτοις
3225 4878 3384 4950 ἔστη·
3412 4880 3530 4933 ἀλλ’
3566 4883 3648 4945 εἰς

374 4969 443 5024 ad
480 4970 585 5025 hoc
623 4985 799 5041 usque
831 4971 974 5027 stitit
1012 4988 1171 5028 suum
1220 4975 1273 5027 in
1320 4975 1502 5045 majus
1534 4974 1955 5030 incrementum.

375 5070 435 5116 ut
454 5078 520 5117 ex
543 5077 639 5117 ore
662 5063 786 5132 ejus
812 5063 1148 5133 germinaret
1187 5065 1498 5134 paradisus.
1536 5064 1641 5130 Qui
1683 5064 1828 5119 enim
1863 5076 1957 5116 ae-

374 5155 613 5211 curatius
637 5154 866 5209 attendit
895 5153 1193 5223 emphasim
1222 5153 1470 5209 dictionis
1520 5140 1822 5218 llebraicae,
1871 5154 1957 5208 di-

374 5249 485 5309 cit,
520 5261 619 5313 pro
640 5260 708 5301 eo
733 5246 878 5315 quod
909 5246 1203 5301 dicendum
1227 5254 1366 5311 erat,
1394 5245 1731 5302 [missiones
1763 5254 1868 5299 tua:
1889 5260 1955 5299 ex

378 5350 468 5391 ore
495 5345 590 5390 tuo
618 5359 633 5395 :
669 5337 961 5391 Paradisus
983 5334 1245 5390 malorum
1270 5336 1595 5403 punicorum.
1649 5338 1806 5404 Quod
1834 5336 1957 5407 qui-

375 5426 497 5481 dem
528 5429 756 5498 perinde
786 5438 871 5486 est
900 5444 964 5485 ac
994 5430 1043 5485 si
1087 5430 1332 5485 diceret:
1362 5428 1553 5484 Sermo
1580 5438 1708 5484 tuus
1735 5430 1829 5499 qui
1864 5444 1959 5499 per

375 5528 439 5568 os
469 5519 948 5584 tuum,emittitur,
995 5527 1083 5575 est
1114 5518 1403 5589 paradisus
1434 5519 1702 5574 malorum
1732 5519 1960 5589 punico-

378 5623 522 5663 rum.
575 5611 714 5664 Mala
758 5621 941 5668 autem
997 5615 1199 5682 punica
1232 5615 1545 5687 producunt
1592 5630 1754 5670 omne
1785 5629 1959 5684 genus

421 5785 466 5821 "
506 5784 711 5851 Ephes.
751 5802 803 5852 v,
863 5787 933 5841 ‘25
960 5802 1076 5854 sqq.

2057 4970 2310 5024 τοσοῦτον
2339 4969 2540 5038 ἔφθασε
2574 4969 2672 5037 τῆς
2704 4969 2798 5022 ἐπὶ
2835 4968 2895 5020 τὸ
2924 4967 3107 5039 μεῖξον
3141 4969 3443 5038 αὐξήσεως,
3475 4971 3554 5035 ὡς
3580 4974 3648 5025 ἐκ

2061 5063 2155 5115 τοῦ
2188 5062 2453 5131 στόματος
2492 5061 2663 5131 αὐτῆς
2705 5058 3022 5130 βλαστάνειν
3046 5060 3405 5130 παράδεισον.
3449 5062 3510 5115 Ὀ
3535 5062 3645 5133 γὰρ

2064 5155 2453 5226 ἀκριϐέστερον
2501 5152 2787 5223 προσέχων
2814 5155 2881 5222 τῇ
2920 5152 3019 5221 τῆς
3056 5152 3347 5222 Ἐϐραῖκῆς
3375 5154 3639 5223 ἐμφάσει,

2062 5247 2183 5301 ἀντὶ
2212 5246 2305 5299 τοῦ
2328 5248 2501 5300 εἰπεῖν
2525 5285 2539 5310 ,
2578 5247 2643 5299 Αἱ
2682 5241 2972 5300 ἀποστολαί
3011 5260 3103 5296 σου
3141 5244 3207 5297 ἐκ
3240 5244 3333 5297 τοῦ
3372 5244 3637 5315 στόματός

2068 5358 2159 5394 σου
2181 5382 2195 5403 ,
2234 5342 2389 5409 φησὶ,
2426 5338 2793 5403 Παράδεισος
2807 5333 3177 5405 ροὧν.⁹’οπερ
3210 5338 3447 5390 τοιοῦτόν
3470 5340 3655 5401 ἐστιν,⁸

2061 5430 2143 5482 ὅτι
2183 5430 2241 5483 Ὀ
2270 5430 2424 5498 λόγος
2454 5432 2483 5483 6
2508 5428 2615 5482 ἀπὸ
2642 5428 2735 5480 τοῦ
2771 5427 3036 5497 στόματός
3063 5445 3155 5481 σου
3180 5429 3641 5501 ἀποστελλόμενος

2063 5523 2387 5593 παράδεισός
2423 5523 2539 5574 ἐστι
2578 5520 2734 5593 ῥοῶν.
2776 5521 2843 5573 Ai.
2871 5511 2929 5573 δὲ
2974 5521 3091 5589 ῥοαὶ
3131 5522 3487 5593 παγκαρπίαν
3517 5522 3637 5575 τινὰ

2062 5616 2170 5670 τῶν
2215 5614 2532 5683 ἁκρςδούων
2575 5611 2833 5681 ἐκφύουσι
2861 5630 2872 5640 ·
2921 5613 2986 5666 τὰ
3023 5612 3081 5665 δὲ
3114 5612 3387 5683 ἀκρόδρυα
3430 5612 3636 5686 κύπρος
