3866 6352
153 396 278 452 969

1211 385 1279 440 ιιι
1312 384 1608 443 CANTICA
1658 384 1927 442 CANTIC.
1973 385 2260 446 HOMILIA
2300 389 2390 446 IX.

3328 395 3432 455 970

159 500 316 572 μετὰ
344 501 558 574 νάρδου,
587 504 684 557 καὶ
729 503 946 575 κρόκος,
982 505 1222 575 κάλαμος
1265 506 1357 558 καὶ
1383 505 1746 576 κιννάμωμον,

1860 502 2136 560 fructuum
2173 526 2185 561 :
2220 521 2400 576 poma,
2445 523 2672 580 cyprum
2706 524 2830 564 cum
2879 508 3072 568 nardo.
3105 517 3157 564 et
3187 523 3434 575 crocum,

153 595 264 648 καὶ
298 595 408 649 πᾶν
451 591 590 660 εἶδος
622 596 716 650 τοῦ
749 597 1004 660 Λιϐάνου,
1043 599 1136 652 καὶ
1164 597 1396 669 σμύρνα,
1443 597 1536 652 καὶ
1578 596 1709 665 άλόη
1735 637 1749 654 .

154 687 264 740 καὶ
294 686 365 741 τὰ
389 688 583 765 πρῶτα
620 688 788 760 μύρα.
833 690 1049 762 Ἐπειδὴ
1082 692 1260 745 τοίνυν
1300 690 1438 745 κατά
1481 691 1569 744 τὸν
1598 693 1654 743 ἐν
1680 688 1756 758 τῷ

153 779 374 850 ψαλμῷ
413 779 857 853 διαμακαρισμὸν
890 781 992 852 τῆς
1037 783 1374 854 ἀντιλήψεως
1423 783 1560 852 αὐτῇ
1603 781 1754 850 παρά

153 868 260 921 τοῦ
289 868 426 922 Θεοῦ
462 870 755 941 γινομένης
774 911 790 936 ,
822 873 920 935 τὰς
953 872 1122 932 καλὰς
1155 873 1358 936 ταύτας
1383 873 1674 934 ἀναϐάσεις
1697 873 1754 925 ἐν

153 963 233 1032 τῇ
267 960 466 1032 καρδία
491 960 715 1024 διέθετο,
751 963 978 1016 πάντοτε
1003 964 1067 1016 ὲκ
1095 962 1375 1034 δυνάμεως
1411 961 1751 1034 πορευομένη

156 1053 250 1116 εἰς
292 1052 545 1123 δύναμιν,
592 1053 774 1117 καλῶς
809 1054 905 1106 ἐπὶ
941 1055 1040 1126 τῆς
1087 1054 1426 1126 τελειοτέρας
1476 1055 1751 1108 καταστά-

158 1161 312 1210 σεως
347 1143 486 1216 ῥοῶν
515 1145 844 1216 παράδεισος
887 1147 942 1200 αἱ
983 1145 1078 1198 τοῦ
1116 1146 1382 1216 στόματος
1409 1145 1580 1217 αὐτῆς
1613 1147 1751 1198 ἀπο-

155 1235 358 1290 στολαὶ
403 1237 774 1306 ὀνομάζονται.
825 1239 1128 1309 Προσφυῶς
1179 1239 1235 1292 δὲ
1284 1239 1360 1310 τῷ
1405 1239 1752 1308 ὑποκειμένῳ

148 1330 402 1398 νοήματι
435 1331 468 1400 ἡ
502 1328 647 1393 λέξις
680 1329 782 1399 τῆς
811 1329 1119 1400 ἀποστολῆς
1159 1331 1502 1402 ἐςηρμόσθη.
1535 1331 1610 1384 Τὸ
1643 1332 1750 1402 γὰρ

143 1418 630 1487 -ἀποστελλόμενον
659 1420 767 1474 ἀπὸ
793 1421 885 1474 τοῦ
925 1421 1234 1492 πέμποντος
1259 1423 1338 1486 είς
1374 1422 1464 1474 τὸν
1493 1421 1751 1493 ὑποδεχό-

158 1527 333 1578 μενον
374 1511 708 1580 μεταϐαίνει.
753 1514 860 1567 Καὶ
901 1513 1060 1567 τοῦτο
1099 1517 1162 1567 ὲκ
1209 1514 1310 1585 τῆς
1356 1515 1619 1585 συνήθους
1655 1513 1748 1568 τοῦ

148 1599 418 1668 ,ῥήματος
451 1601 842 1672 καταχρήσεως
873 1599 990 1655 ἐστι
1019 1602 1229 1673 μαθεῖν,
1261 1603 1336 1666 ὡς
1354 1604 1448 1656 καὶ
1478 1603 1540 1656 τὸ
1572 1604 1748 1674 Εὐαγο

153 1687 347 1755 γέλιον
369 1685 539 1755 λέγει,
569 1689 649 1744 ὅτι
677 1689 803 1750 τοὺς
829 1689 1075 1760 μαθητάς
1094 1692 1220 1754 τοὺς
1242 1690 1376 1762 πρὸς
1403 1691 1464 1744 τὸ
1488 1694 1748 1762 κήρυγμα

152 1777 262 1847 τῆς
287 1777 549 1847 ἀληθείας
595 1779 1081 1849 ὲκπεμπομένους,
1127 1780 1482 1844 Ἀποστόλους
1514 1782 1543 1833 ὁ
1575 1781 1748 1848 Λόγος

145 1869 437 1941 ὠνόμασε.
476 1871 542 1924 Τί
579 1865 674 1924 οὗν
710 1872 854 1924 ἐστιν
883 1871 912 1924 ὃ
960 1873 1278 1925 ἀποστέλλει
1323 1871 1382 1926 τὸ
1428 1871 1604 1944 στόμα
1648 1872 1746 1942 τῆς
1781 1863 1820 1918 Β

151 1957 386 2030 νύμφης
409 1976 424 2024 ;
463 1958 633 2030 Δῆλον
659 1960 740 2014 ὅτι
761 1960 854 2014 τὸν
885 1959 1044 2028 λόγον
1068 1961 1166 2030 τῆς
1193 1961 1446 2024 πίστεως,
1475 1961 1533 2025 ὃς
1557 1963 1614 2014 ὲν
1637 1964 1748 2025 τοῖς

151 2051 584 2122 ὑποδεχομένοις
616 2051 908 2122 γενόμενος
933 2093 946 2115 ,
994 2053 1319 2124 παράδεισος
1366 2052 1578 2121 γίνεται
1603 2093 1616 2115 ,
1661 2053 1748 2106 διά

151 2144 262 2214 τῆς
293 2143 461 2212 ἀκοῆς
489 2144 611 2206 ταῖς
643 2143 892 2214 καρδίαις
913 2144 1368 2214 ἐμφυτευόμενος.
1396 2143 1470 2199 Τὸ
1497 2145 1551 2198 δὲ
1581 2146 1750 2199 κατά-

153 2250 330 2303 φυτον
364 2235 458 2286 καὶ
481 2236 785 2304 συνηρεφὲς
804 2236 916 2298 τοῖς
939 2233 1176 2304 δένδροις
1204 2233 1385 2298 ἄλσος,
1419 2235 1747 2306 παράδεισον

151 2323 325 2378 εἴωθε
363 2323 616 2395 καλείνή
662 2324 938 2395 συνήθεια.
985 2325 1074 2388 Ὠς
1118 2327 1183 2378 ἂν
1230 2322 1322 2379 οὖν
1359 2327 1456 2379 καὶ
1500 2327 1561 2380 τὸ
1593 2327 1749 2395 γένος

156 2415 432 2486 μάθοιμεν
463 2414 570 2470 τῶν
612 2415 816 2484 φυτῶν,
853 2415 989 2487 ὅπερ
1031 2415 1120 2469 διὰ
1152 2417 1247 2469 τοῦ
1279 2417 1454 2485 Λόγου
1489 2421 1609 2480 ταῖς
1647 2419 1746 2487 ψυ-

150 2509 286 2578 χαῖς
323 2506 430 2560 τῶν
470 2507 910 2560 πεπιστευκότων
949 2508 1254 2580 κηπεύεται
1278 2548 1294 2572 ,
1325 2511 1454 2580 ῥόας
1491 2509 1746 2580 ὀνομάζει

150 2601 230 2655 τὰ
261 2600 451 2672 δένδρα
494 2600 560 2664 ἃς
591 2603 895 2672 φυτηκομεῖ
933 2603 962 2655 ὁ
1009 2602 1206 2671 Λόγος,
1241 2605 1268 2656 ὁ
1308 2605 1459 2674 παρά
1495 2604 1590 2658 τοῦ
1630 2607 1747 2658 στό-

155 2710 335 2765 ματος
371 2695 468 2762 τῆς
498 2692 716 2764 νύμφης
756 2693 1235 2764 ἀποστελλόμενος.
1287 2695 1352 2748 ἸΙ
1386 2695 1442 2748 δὲ
1483 2697 1582 2766 ῥόα
1619 2697 1744 2749 δυσ-

150 2784 509 2856 επιχείρητός
549 2785 664 2837 ἐστι
695 2784 774 2856 τῷ
818 2785 1024 2858 κλέπτῃ
1077 2785 1407 2850 ἀκανθώδεις
1450 2786 1744 2858 προϐαλλο-

155 2877 306 2953 μένη
351 2878 476 2938 τοὺς
503 2877 754 2948 ὄρπηκας
783 2916 796 2938 ,
833 2879 928 2930 καὶ
953 2879 1048 2930 τῦν
1091 2877 1302 2950 καρπὸν
1344 2878 1602 2950 αὐστηρῷ
1639 2897 1740 2933 τινι

151 2968 257 3022 καὶ
275 2967 611 3039 πικραίνοντι
642 2967 784 3024 κατὰ
805 2967 904 3038 τὴν
935 2969 1123 3037 γεῦσιν
1143 2969 1222 3040 τῷ
1245 2970 1566 3042 καλύμματι
1589 2989 1654 3025 πε
1664 2990 1744 3042 ρι-

149 3059 365 3130 έχουσα
393 3077 452 3110 τε
505 3059 602 3112 καὶ
629 3061 1028 3130 ύποτρέφουσα·
1071 3060 1131 3124 ὃς
1171 3060 1312 3115 κατά
1345 3061 1436 3114 τὸν
1466 3062 1592 3116 ἴδιον
1623 3081 1745 3118 και-

153 3152 257 3222 ρὸν
299 3149 436 3221 μετά
467 3149 527 3203 τὸ
553 3149 914 3220 πεπανθῆναι,
948 3151 1041 3204 τοῦ
1065 3151 1288 3224 ἐλύτρου
1317 3154 1744 3224 περιρραγέντος

149 3239 373 3295 ἔνδοθεν
403 3239 766 3305 διαφαίνεται,
796 3241 928 3311 ἡδὺς
967 3242 1064 3310 μὲν
1110 3241 1207 3312 τὴν
1241 3241 1361 3310 ὄψιν
1385 3243 1478 3296 καὶ
1505 3242 1744 3297 εύδιάθε-

147 3351 273 3397 τος,
311 3332 580 3404 μελιειδὴς
612 3333 668 3386 δὲ
697 3333 794 3404 τὴν
823 3337 1010 3401 γεῦσιν
1056 3333 1148 3386 καὶ
1189 3334 1414 3401 ἄλυπος,
1452 3336 1544 3388 καὶ
1583 3353 1746 3389 καταο

151 3425 473 3494 γλυκαίνων
505 3425 584 3494 τῷ
615 3425 862 3478 οἰνοειδεί
891 3422 1050 3494 χυ
1093 3423 1161 3477 τὰ
1188 3424 1455 3492 γευστικά
1480 3425 1746 3496 αἰσθητή-

157 3535 278 3592 ρια.
322 3517 420 3570 Διὰ
463 3516 621 3570 τοῦτό
665 3535 754 3587 μοι
787 3515 936 3569 δοκεῖ
983 3515 1122 3586 ῥοῶν
1169 3515 1494 3586 παράδεισος
1541 3517 1600 3568 ὲν
1626 3518 1748 3579 ταῖς

148 3609 272 3664 τῶν
299 3609 606 3662 ἀκουόντων
639 3609 838 3678 ψυχαῖς
867 3609 894 3660 ὁ
921 3605 1383 3676 ἀποστελλόμενος
1408 3607 1473 3658 ὲκ
1498 3606 1591 3660 τοῦ
1626 3605 1748 3658 0:6-

153 3717 334 3773 ματος
353 3699 454 3769 τῆς
480 3699 699 3768 νύμφης
729 3699 884 3768 λόγος
921 3695 1273 3768 ἐργάζεσθαι.
1298 3699 1382 3751 ἵνα
1411 3697 1746 3768 διδαχθῶμεν

149 3792 249 3847 διὰ
266 3791 372 3842 τῶν
392 3790 722 3860 λεγομένων,
761 3790 836 3861 μὴ
861 3790 948 3844 διά
967 3808 1111 3854 τινος
1138 3790 1409 3854 ἑκλύσεως
1426 3791 1520 3844 καὶ
1534 3791 1746 3862 τρυφῆς

151 3880 310 3938 κατὰ
353 3881 451 3950 τὴν
484 3878 766 3949 παροῦσαν
810 3879 954 3950 ζωὴν
1003 3879 1435 3950 μαλακίζεσθαι,
1473 3880 1609 3934 ἀλλὰ
1654 3880 1745 3933 τὸν

151 3969 574 4038 κατεσκληκότα
627 3968 716 4021 διὰ
764 3969 861 4037 τῆς
907 3969 1234 4039 ἐγκρατείας
1285 3969 1558 4040 αἱρεῖσθαι
1608 3968 1722 4039 βίον

151 4060 322 4115 οὕτω
349 4059 458 4130 γὰρ
479 4059 772 4131 ἀπρόσιτος
793 4058 1000 4126 γένοιτο
1021 4062 1133 4122 τοῖς
1163 4059 1419 4122 κλέπταις
1441 4061 1470 4112 ὁ
1493 4060 1591 4130 τῆς
1618 4060 1747 4130 ἀρε-

150 4151 260 4221 τῆς
289 4149 520 4218 καρπὸς,
555 4152 620 4219 τῇ
653 4151 829 4219 στυςοῇ
863 4149 958 4202 καὶ
1003 4153 1068 4220 τῇ
1111 4151 1210 4222 τῆς
1239 4150 1566 4220 ἐγκρατείας
1591 4168 1748 4222 περι-

147 4245 292 4314 εολῇ
321 4243 726 4312 πεφραγμένος,
755 4243 850 4294 καὶ
881 4241 968 4294 διὰ
997 4243 1097 4310 τῆς
1124 4243 1330 4313 σεμνῆς
1363 4260 1421 4296 τε
1456 4244 1550 4296 καὶ
1583 4245 1745 4314 ἀμει-

143 4332 283 4396 δοῢς
314 4333 718 4393 καταστάσεως,
745 4325 856 4384 οἷόν
877 4347 1016 4384 τισιν
1041 4330 1291 4384 ἀκανθῶν
1319 4331 1546 4402 ἀκμαῖς.
1573 4329 1746 4402 ἀμύσ·

151 4441 272 4480 σων
325 4423 452 4486 τοὺς
493 4423 584 4474 ἐπὶ
631 4422 786 4492 κακῷ
837 4421 1312 4490 προσεγγίζοντας.
1366 4422 1506 4474 Ἀλλ’
1547 4424 1674 4476 ὅταν
1718 4425 1746 4476 ὁ

1857 594 2127 649 calamum
2152 605 2204 650 et
2230 597 2658 663 cinnamomum,
2689 607 2739 654 et
2763 614 2979 654 omnem
3001 599 3165 654 aliam
3196 599 3432 669 speciem

1857 682 2066 752 Libani,
2095 694 2150 741 et
2185 689 2482 758 myrrham,
2531 696 2584 743 et
2619 690 2796 753 aloen,
2842 699 2896 745 et
2925 690 3102 760 prima
3135 699 3431 760 unguenta.

1855 775 2149 850 Postquam
2183 795 2315 850 ergo
2349 783 2734 838 convenienter
2765 783 2814 838 ei
2859 798 2982 852 quae
3009 789 3093 838 est
3123 783 3179 837 in
3215 783 3436 838 Psalmo

1857 874 2196 937 beatitudini,
2223 878 2339 946 ipsa
2353 875 2446 930 Dei
2471 875 2608 932 freta
2633 877 2860 945 auxilio,
2891 877 3161 948 disposuit
3187 877 3243 932 in
3267 875 3436 932 corde

1857 967 1954 1021 has
1991 967 2252 1036 pulchras
2295 971 2669 1033 ascensiones,
2703 985 2918 1040 semper
2949 986 2976 1024 a
3007 971 3208 1025 virtute
3245 969 3434 1023 ambu-

1855 1059 1974 1114 lans
2011 1060 2066 1114 in
2095 1060 2374 1124 virtutem,
2403 1061 2635 1132 pulchre
2661 1062 2716 1116 in
2747 1071 2890 1118 statu
2921 1062 3234 1133 perfectiori
3265 1061 3434 1114 malo-

1855 1164 1974 1203 rum
2027 1151 2353 1221 punicorum
2401 1152 2694 1221 paradisus
2735 1154 3092 1207 nominantur
3143 1152 3256 1207 oris
3285 1151 3433 1220 .ejus

1853 1243 2194 1299 emissiones.
2256 1243 2520 1314 Apposite
2583 1253 2764 1298 autem
2829 1244 3090 1313 subjectae
3149 1241 3434 1297 sententia:

1854 1335 2105 1403 adaptata
2158 1333 2258 1387 fuit
2319 1334 2483 1389 dictio
2523 1333 2854 1388 emissionis.
2901 1332 3034 1388 Nam
3083 1332 3228 1403 quod
3273 1330 3430 1384 emit-

1855 1423 2095 1490 titur,ah
2147 1439 2214 1479 eo
2271 1425 2365 1495 qui
2407 1425 2594 1487 mittit,
2637 1426 2832 1480 transit
2861 1425 2938 1480 .ad
2993 1441 3117 1480 emn
3158 1425 3250 1492 qui
3304 1439 3430 1478 sus-

1853 1515 2004 1584 cipit.
2061 1514 2227 1586 ldque
2289 1517 2414 1571 licet
2470 1517 2685 1572 discere
2724 1532 2790 1572 ex
2845 1525 3117 1573 consueto
3175 1531 3277 1572 usu
3319 1531 3438 1569 ver-

1853 1607 1942 1673 bi,
1972 1607 2149 1677 quod,
2191 1617 2252 1663 ut
2277 1607 2411 1664 dicit
2454 1608 2806 1680 Evangeiium
2829 1649 2844 1674 ,
2877 1624 2973 1665 eos
3013 1609 3106 1680 qui
3139 1608 3434 1662 mittuntur

1852 1699 1916 1754 ad
1945 1701 2346 1770 praedicandam
2369 1702 2688 1768 veritatem,
2710 1700 2952 1757 Verbum
2977 1700 3280 1756 nominarit
3305 1715 3435 1770 apo-

1853 1790 2024 1846 stolos
2045 1830 2060 1851 .
2089 1789 2144 1844 id
2183 1799 2269 1846 est
2315 1791 2535 1847 missos.
2568 1790 2708 1857 Quid
2738 1799 2825 1847 est
2857 1791 3027 1862 igitur
3055 1790 3203 1862 quod
3229 1790 3434 1847 emittit

1852 1896 1914 1937 os
1943 1883 2204 1952 sponsae?
2233 1883 2458 1938 verbum
2493 1884 2707 1940 scilicet
2739 1883 2860 1938 ﬁdei
2891 1901 2905 1950 ;
2935 1883 3083 1954 quod
3110 1897 3235 1938 cum
3262 1891 3346 1938 est
3375 1882 3430 1936 in

1851 1973 1920 2028 iis
1952 1975 2044 2043 qui
2077 1975 2422 2044 suscipiunt,
2456 1977 2512 2030 lit
2541 1976 2835 2046 paradisus
2875 1975 2968 2046 qui
3010 1977 3290 2046 plantatur
3335 1990 3433 2046 per

1852 2065 2186 2120 auditionem
2211 2065 2264 2120 in
2293 2067 2576 2123 cordibus.
2609 2066 2814 2124 Nemus
2841 2076 3020 2123 autem
3047 2068 3351 2140 plantatum
3379 2075 3432 2122 et

1853 2154 2112 2224 frequens
2163 2157 2488 2220 arboribus,
2536 2157 2851 2228 paradisum
2898 2158 3038 2213 solet
3065 2171 3266 2213 vocare
3293 2171 3428 2211 con-

1851 2246 2106 2300 suctudo.
2145 2245 2216 2300 Ut
2251 2262 2382 2316 ergo
2411 2249 2694 2304 discamus
2725 2250 2888 2306 etiam
2931 2265 3106 2321 genus
3135 2249 3427 2314 arborum,

1850 2352 1972 2405 qua:
2006 2351 2099 2405 per
2129 2333 2367 2390 Verbum
2399 2337 2659 2392 coluntur
2689 2339 2742 2392 in
2775 2339 2952 2394 hortis
2989 2339 3300 2393 animarum
3341 2353 3432 2394 ec-

1852 2445 1971 2483 rum
2003 2428 2094 2498 qui
2132 2428 2486 2484 crediderunt
2510 2468 2525 2493 ,
2564 2431 2738 2485 malos
2784 2431 3010 2502 punicas
3056 2431 3306 2486 nominat
3333 2445 3434 2484 ar-

1853 2520 2010 2578 bores
2031 2559 2044 2582 ,
2079 2533 2218 2588 quas
2247 2517 2485 2575 Verbum
2519 2522 2729 2592 plantat
2761 2532 2814 2577 ut
2844 2521 3012 2589 colit,
3045 2523 3191 2593 quod
3225 2521 3432 2578 emitti-

1849 2619 1941 2666 tur
1965 2628 2032 2666 ex
2063 2627 2159 2666 ore
2189 2627 2425 2681 sponsae.
2461 2613 2661 2667 Malum
2694 2622 2876 2668 autem
2915 2615 3169 2684 punicam
3199 2613 3434 2670 diﬁicili»

1850 2713 1932 2758 ter
1961 2702 2048 2757 fur
2073 2703 2406 2773 aggreditur,
2437 2712 2497 2758 ut
2520 2721 2644 2774 quae
2667 2706 2925 2775 spinosos
2951 2705 3196 2775 proferat
3223 2721 3428 2768 ramos,

1847 2802 1905 2850 et
1936 2796 2172 2866 quodam
2209 2798 2261 2851 in
2295 2805 2459 2868 gustu
2491 2805 2716 2852 austero
2746 2806 2800 2854 et
2830 2800 3192 2856 amarescenti
3226 2815 3432 2872 propu-

1849 2888 2081 2959 gnaculo
2112 2888 2350 2944 fructum
2383 2890 2665 2944 contineat
2689 2897 2738 2944 et
2774 2891 2980 2945 nutriat
3005 2909 3020 2947 :
3046 2891 3137 2962 qui
3167 2906 3269 2948 suo
3299 2903 3434 2948 tem-

1846 2994 2001 3050 pore,
2054 2991 2342 3051 postquam
2399 2981 2750 3049 maturuerit,
2799 2979 2974 3036 tracto
3025 2985 3230 3039 cortice
3287 2983 3432 3039 intus

1848 3079 2094 3142 apparet,
2137 3071 2261 3128 visu
2301 3071 2534 3143 quidem
2576 3073 2859 3142 jncundus
2899 3081 2954 3130 et
2991 3074 3137 3130 'bene
3184 3073 3432 3142 affectus,

1848 3165 2032 3236 gustui
2067 3175 2246 3220 autem
2295 3165 2536 3220 mellitus
2584 3173 2638 3220 et
2682 3165 2819 3220 nihil
2859 3166 3094 3224 aﬂ'erens
3147 3167 3432 3231 molenia‘.

1853 3258 1946 3328 qui
1985 3272 2182 3328 sapore
2213 3259 2449 3328 quodam
2486 3259 2596 3312 vini
2632 3259 2800 3314 simi-li
2835 3269 3029 3330 gustus
3071 3259 3430 3315 instrumenta

1851 3347 2013 3404 afﬁcit
2047 3347 2353 3404 dulcedine.
2388 3347 2683 3418 Propterea
2733 3348 2864 3403 mihi
2893 3349 3115 3404 videtur
3145 3351 3432 3420 paradisus

1851 3440 2120 3493 malorum
2149 3438 2474 3508 punicarum
2495 3478 2509 3502 ,
2537 3453 2732 3508 nempe
2759 3453 2940 3494 sermo
2965 3439 3056 3508 qui
3083 3439 3352 3494 emittitur
3377 3443 3433 3494 in

1850 3529 2067 3584 animas
2111 3528 2424 3582 auditorum
2456 3543 2522 3583 ex
2550 3541 2648 3582 ore
2676 3543 2920 3597 sponsa,
2951 3529 3196 3593 e’llicere,
3226 3537 3287 3583 ut
3325 3530 3432 3584 do—

1849 3633 2072 3674 ceamur
2095 3633 2192 3688 per
2213 3634 2276 3672 ca
2301 3633 2422 3688 qua-
2443 3616 2724 3680 dicuntur,
2757 3631 2864 3671 non
2895 3634 2990 3688 per
3015 3618 3428 3674 dissolutionem

1849 3711 2090 3780 aliquam
2139 3717 2194 3764 et
2223 3710 2454 3764 delicias
2510 3709 2566 3762 in
2620 3708 2728 3762 vita
2777 3709 3035 3780 praesenti
3081 3709 3317 3764 emoiliri
3367 3727 3433 3765 ac

1847 3797 2100 3854 enervari
2121 3837 2137 3859 ,
2165 3797 2258 3853 sed
2293 3813 2388 3865 per
2411 3797 2805 3852 continentiam
2830 3836 2846 3860 ,
2877 3798 3072 3852 duram
3099 3805 3154 3855 et
3183 3815 3432 3870 asperant

1846 3890 2010 3944 vitam
2041 3889 2262 3960 eligere.
2293 3887 2369 3942 Ita
2399 3890 2543 3942 enim
2580 3889 2648 3943 ad
2680 3889 2919 3944 fructum
2955 3889 3177 3947 virtutis
3211 3891 3430 3948 furibus

1847 3998 1956 4036 non
1989 3982 2196 4052 patebit
2221 3982 2401 4036 aditus
2423 4023 2436 4044 ,
2459 3991 2517 4036 ut
2543 3981 2638 4051 qui
2669 3981 2739 4037 sit
2758 3983 3030 4054 obseptus
3051 3993 3278 4041 austero
3300 4002 3432 4040 con-

1847 4076 2094 4132 tinenlite
2135 4075 2344 4128 ambitu
2369 4115 2382 4138 ,
2427 4082 2483 4128 et
2525 4089 2621 4144 per
2660 4089 2905 4130 severam
2954 4055 3021 4130 ac'
3041 4077 3277 4148 rigidam
3310 4078 3434 4134 vitae

1849 4167 2335 4230 constitutionem,
2398 4165 2560 4220 veluti
2602 4181 2706 4236 per
2744 4166 3016 4238 quaedam
3056 4168 3286 4239 spinas,
3335 4185 3434 4228 eos

1849 4275 2132 4331 pungens,
2163 4259 2256 4328 qui
2290 4271 2348 4312 ut
2381 4259 2526 4312 malo
2555 4257 2823 4326 adiciant,
2863 4261 3138 4316 accedunt
3178 4263 3428 4335 propius.

1851 4353 1954 4408 Sed
1987 4352 2208 4422 quando
2236 4363 2451 4420 tempus
2481 4352 2778 4420 praebuerit
2809 4355 3278 4422 Opportun-itatem
3311 4356 3428 4410 fru-

1849 4445 1974 4499 endi
2009 4443 2314 4505 fructibus,
2349 4442 2526 4496 malus
2557 4443 2756 4512 punica
2785 4441 2848 4496 ﬁt
2873 4443 3118 4498 omnium
3150 4443 3429 4502 fructuum

149 4515 355 4586 καιρὸς
395 4515 652 4585 παράσχῃ
693 4514 792 4581 τῆς
839 4511 1196 4576 ἀπολαύσεως
1244 4511 1352 4566 τῶν
1406 4513 1637 4583 καρπῶν
1687 4514 1746 4566 τὸ

1851 4533 2062 4589 deliciae
2087 4548 2154 4588 ex
2188 4533 2388 4602 quovis
2415 4511 2616 4602 genere
2644 4533 2914 4587 malo-rum
2937 4574 2952 4597 ,
2981 4549 3093 4588 non
3125 4535 3270 4606 quod
3301 4553 3432 4606 prn-

149 4607 462 4677 ἐνδόσιμον,
499 4605 830 4676 παγκαρπία
855 4606 951 4675 τῆς
980 4606 1192 4676 τρυφῆς
1232 4607 1296 4658 ὲκ
1325 4604 1526 4670 παντὸς
1556 4607 1746 4672 γένους

147 4697 272 4751 τῶν
305 4695 622 4768 ἀκροδρύων
655 4697 751 4766 ῥόα
785 4697 1014 4765 γίνεται,
1045 4700 1146 4750 οὐκ
1187 4698 1245 4750 ἐν
1277 4695 1566 4770 βραὸύλοις
1596 4699 1629 4770 ἢ
1659 4699 1748 4770 βα·

151 4789 376 4853 λάνοις,
411 4789 444 4859 ἦ
490 4806 600 4840 τισι
637 4791 749 4852 τοῖς
777 4789 1038 4852 τοιούτοις
1073 4790 1172 4860 τῆς
1209 4789 1318 4842 τῶν
1351 4791 1580 4861 καρπῶν
1609 4793 1744 4844 ἀπο-

145 4881 408 4944 λαύσεως
437 4880 748 4950 γινομένης·
785 4879 921 4934 ἀλλὰ
960 4881 1176 4950 ποικίλη
1199 4898 1282 4944 τις
1322 4881 1418 4934 καὶ
1464 4881 1748 4952 πολυειδὴς

149 4973 474 5044 ἀρωμάτων
497 4971 655 5042 φύσις
685 4973 749 5025 ἐκ
773 4971 882 5024 τῶν
911 4971 1224 5043 ἀκροδρύων
1264 4973 1602 5044 εὑρίσκεται.
1635 4972 1747 5026 Κύ-

157 5080 304 5136 προς
335 5062 446 5134 γάρ
476 5064 590 5117 ἐστι
627 5062 767 5132 μετά
805 5061 1016 5134 νάρδων
1049 5063 1081 5134 ἡ
1111 5063 1251 5135 καλὴ
1278 5063 1530 5132 συζυγία,
1555 5063 1616 5116 τὸ
1647 5063 1746 5133 μὲν

151 5154 388 5226 θερμὸν,
429 5155 490 5208 τὸ
521 5154 576 5208 δὲ
608 5154 824 5218 εὑῶδες.
865 5155 941 5208 Ού
980 5155 1090 5225 γὰρ
1128 5157 1407 5211 ἐπαινετὸν
1434 5157 1519 5227 ἐφ’
1547 5159 1745 5214 ἑαυτοῦ

152 5249 223 5302 τὸ
249 5245 473 5317 θερμὸν,
498 5246 628 5300 ὅταν
648 5243 892 5315 δυσώδης
914 5245 1160 5318 πύρωσις
1183 5247 1506 5322 ήθερμότης
1611 5252 1748 5308 ἀλλὰ

154 5335 678 5408 συμμαρτυρεωθαι
721 5336 826 5407 χρὴ
863 5335 942 5406 τῷ
999 5336 1188 5408 θερμῷ
1219 5339 1305 5394 διὰ
1353 5340 1450 5411 τῆς
1490 5343 1748 5408 εὐπνοίας

156 5429 264 5500 τὴν
314 5427 692 5498 καθαρότητα,
741 5425 832 5480 ἵνα
859 5427 1083 5497 γένηται
1123 5427 1200 5498 τῷ
1225 5429 1501 5501 Πνεύματι
1529 5431 1686 5499 ζέων,
1717 5436 1747 5488 ὁ

149 5521 262 5590 τῆς
299 5518 498 5588 ἀηδοῦς
539 5517 872 5589 θερμότητος
913 5517 1344 5589 κεκαθαρμένος.
1409 5522 1496 5576 Ἐν
1539 5525 1750 5591 τούτοις

153 5611 312 5666 ἴστιν
338 5607 520 5678 εὑρεῖν
545 5609 658 5670 τοῖς
687 5605 1028 5678 ἀκροδρύοις,
1057 5609 1151 5661 καὶ
1187 5609 1252 5661 τὰ
1297 5609 1431 5666 ἀλλά
1459 5613 1746 5685 ἀρώματα,

148 5703 376 5776 νάρδον,
424 5703 592 5774 φησὶ,
641 5703 737 5756 καὶ
785 5701 1002 5772 κρόκον.
1072 5703 1230 5758 Ἀλλὰ
1275 5705 1374 5776 τῆς
1422 5707 1520 5776 μὲν
1555 5708 1748 5779 νάρδου

151 5799 258 5868 τήν
291 5793 548 5850 εΰπνοιαν
579 5793 637 5848 ἐν
663 5795 774 5857 τοῖς
805 5793 919 5848 ἀνω
955 5795 1357 5865 μεμαθήκαμεν
1389 5795 1591 5864 λόγοις·
1634 5797 1746 5853 λοιτ

488 5889 763 5949 ΡΑτιιοι..
798 5886 914 5947 Gn.
949 5887 1172 5948 XLIV.

1853 4627 1938 4682 nis
1970 4625 2322 4679 Damascenis
2345 4663 2358 4688 ,
2387 4631 2483 4678 aut
2513 4623 2804 4693 glandibus
2825 4662 2842 4686 ,
2877 4633 2974 4680 aut
3003 4625 3278 4696 aliquibus
3308 4629 3430 4686 aliis

1848 4715 2120 4787 ejusmodi
2163 4717 2235 4770 sit
2263 4713 2554 4770 fruendum
2575 4753 2590 4779 ,
2617 4714 2715 4771 sed
2739 4715 2894 4769 varia
2925 4724 2980 4770 et
3009 4717 3294 4789 multiplex
3327 4734 3430 4774 na-

1849 4816 1972 4862 tura
2020 4816 2329 4862 aromatum
2378 4808 2657 4864 invenitur
2709 4807 2763 4861 in
2808 4809 3013 4864 malis:
3045 4818 3131 4866 est
3155 4811 3302 4866 enim
3335 4826 3426 4884 cy.

1848 4915 1980 4970 prus
2007 4915 2131 4954 cum
2165 4900 2351 4956 na‘rdis
2379 4900 2672 4971 pulchrum
2700 4899 3015 4970 coniugium
3039 4941 3052 4964 ,
3085 4901 3178 4956 illa
3205 4903 3428 4972 quidem

1848 4989 2027 5044 calida
2047 5028 2062 5052 ,
2093 4990 2208 5044 hau:
2239 5005 2365 5044 vero
2389 4989 2687 5045 odorifera.
2732 4988 2852 5044 Non
2874 4998 2960 5046 est
2987 4994 3130 5048 enim
3158 4993 3308 5047 calor
3333 5009 3433 5062 per

1849 5095 1910 5136 se
1938 5079 2264 5144 laudabilis,
2301 5081 2526 5152 quando
2552 5083 2706 5136 calor
2732 5093 2815 5138 est
2848 5082 3015 5139 fetida
3046 5081 3426 5146 inﬂammatio,

1850 5169 1945 5226 sed
1977 5179 2194 5240 oportet
2218 5172 2518 5242 puritatem
2551 5189 2650 5243 per
2677 5173 2880 5228 bonum
2913 5174 3140 5228 odorem
3177 5172 3322 5227 ferre
3349 5181 3431 5228 te-

1849 5261 2167 5318 stimonium
2197 5263 2266 5318 de
2291 5263 2509 5330 calore,
2534 5275 2598 5318 ut
2621 5265 2694 5319 sit
2721 5273 2915 5320 sancto
2946 5263 3151 5332 Spiritu
3183 5263 3426 5328 fervens,

1849 5353 1942 5422 qui
1970 5361 2054 5407 est
2081 5368 2110 5405 a
2147 5361 2287 5408 tetro
2315 5353 2500 5409 calore
2530 5363 2888 5425 expurgatus.
2925 5353 2986 5408 In
3021 5353 3107 5408 his
3143 5353 3304 5408 malis
3336 5355 3428 5408 in-

1849 5443 2037 5498 venire
2064 5443 2194 5498 licet
2236 5445 2405 5500 etiam
2443 5445 2548 5500 aiia
2585 5455 2829 5501 aromata
2851 5485 2864 5508 ,
2910 5444 3174 5511 nardum,
3205 5445 3386 5516 inquit
3410 5486 3427 5510 ,

1849 5542 1903 5588 et
1932 5550 2178 5612 crocum.
2209 5535 2316 5592 Sed
2349 5537 2506 5592 nardi
2537 5537 2758 5607 quidem
2803 5551 3026 5592 suavem
3071 5537 3299 5593 odorem
3346 5537 3434 5594 di-

1851 5625 2086 5681 dicimus
2113 5629 2166 5680 iu
2199 5628 2266 5683 iis
2293 5643 2418 5698 quae
2448 5642 2616 5698 supra
2652 5626 2798 5682 dicta
2839 5636 2970 5684 sunt
2997 5643 3011 5694 ;
3042 5636 3215 5684 restat
3246 5637 3430 5684 autem

1851 5726 1912 5768 ut
1958 5719 2104 5771 croci
2159 5719 2515 5776 ostendamus
2557 5720 2866 5790 aenigmata.
2919 5721 3119 5777 Dicunt
3167 5735 3298 5791 ergo
3335 5719 3431 5790 qui

1852 5805 2017 5877 hujus
2057 5807 2204 5867 ﬂoris
2245 5810 2502 5868 virtutem
2545 5812 3002 5880 considerarunt,
3052 5827 3178 5868 eum
3225 5811 3426 5867 habere

3032 5906 3100 5970 3i
