  <div class='ocr_page' id='page_1' title='image "/cluster/home/n/w/nwhite01/storage/ocr_20150623/44:no.1/coo.31924054869445/493.png"; bbox 0 0 3866 6374; ppageno 0'>
   <div class='ocr_carea' id='block_1_1' title="bbox 450 388 549 447">
    <p class='ocr_par' dir='ltr' id='par_1_1' title="bbox 450 388 549 447">
     <span class='ocr_line' id='line_1_1' title="bbox 450 388 549 447; baseline -0.071 0"><span class='ocrx_word' id='word_1_1' title='bbox 450 388 549 447; x_wconf 79' lang='grc'><strong>971</strong></span> 
     </span>
    </p>
   </div>
   <div class='ocr_carea' id='block_1_2' title="bbox 1694 378 2449 438">
    <p class='ocr_par' dir='ltr' id='par_1_2' title="bbox 1694 378 2449 438">
     <span class='ocr_line' id='line_1_2' title="bbox 1694 378 2449 438; baseline -0.004 -2"><span class='ocrx_word' id='word_1_2' title='bbox 1694 380 1753 436; x_wconf 87' lang='lat' dir='ltr'><strong>S.</strong></span> <span class='ocrx_word' id='word_1_3' title='bbox 1794 379 2122 438; x_wconf 75' lang='lat' dir='ltr'><strong>GREGORll</strong></span> <span class='ocrx_word' id='word_1_4' title='bbox 2158 378 2449 435; x_wconf 70' lang='lat' dir='ltr'><strong>NYSSENI</strong></span> 
     </span>
    </p>
   </div>
   <div class='ocr_carea' id='block_1_3' title="bbox 3623 378 3727 433">
    <p class='ocr_par' dir='ltr' id='par_1_3' title="bbox 3623 378 3727 433">
     <span class='ocr_line' id='line_1_3' title="bbox 3623 378 3727 433; baseline -0.019 0"><span class='ocrx_word' id='word_1_5' title='bbox 3623 378 3727 433; x_wconf 61' lang='grc' dir='ltr'>οη</span> 
     </span>
    </p>
   </div>
   <div class='ocr_carea' id='block_1_4' title="bbox 450 493 2023 568">
    <p class='ocr_par' dir='ltr' id='par_1_4' title="bbox 450 497 2023 567">
     <span class='ocr_line' id='line_1_4' title="bbox 450 497 2023 567; baseline -0.003 -10"><span class='ocrx_word' id='word_1_6' title='bbox 450 499 688 557; x_wconf 76' lang='lat' dir='ltr'><strong>medium</strong></span> <span class='ocrx_word' id='word_1_7' title='bbox 738 498 878 555; x_wconf 89' lang='lat' dir='ltr'><strong>inter</strong></span> <span class='ocrx_word' id='word_1_8' title='bbox 923 497 1160 552; x_wconf 78' lang='lat' dir='ltr'><strong>calorem</strong></span> <span class='ocrx_word' id='word_1_9' title='bbox 1209 506 1262 550; x_wconf 90' lang='lat' dir='ltr'><strong>et</strong></span> <span class='ocrx_word' id='word_1_10' title='bbox 1316 497 1522 567; x_wconf 84' lang='lat' dir='ltr'><strong>frigus,</strong></span> <span class='ocrx_word' id='word_1_11' title='bbox 1566 506 1619 553; x_wconf 90' lang='lat' dir='ltr'><strong>et</strong></span> <span class='ocrx_word' id='word_1_12' title='bbox 1673 499 1727 553; x_wconf 90' lang='lat' dir='ltr'><strong>in</strong></span> <span class='ocrx_word' id='word_1_13' title='bbox 1779 500 2023 565; x_wconf 85' lang='lat' dir='ltr'><strong>utrisque</strong></span> 
     </span>
    </p>
   </div>
   <div class='ocr_carea' id='block_1_5' title="bbox 2133 493 3726 568">
    <p class='ocr_par' dir='ltr' id='par_1_5' title="bbox 2133 493 3726 568">
     <span class='ocr_line' id='line_1_5' title="bbox 2133 493 3726 568; baseline -0.001 -20"><span class='ocrx_word' id='word_1_14' title='bbox 2133 497 2231 550; x_wconf 70' lang='grc' dir='ltr'><strong>πον</strong></span> <span class='ocrx_word' id='word_1_15' title='bbox 2259 498 2303 550; x_wconf 87' lang='grc' dir='ltr'>δ’</span> <span class='ocrx_word' id='word_1_16' title='bbox 2346 500 2410 549; x_wconf 85' lang='grc' dir='ltr'><strong>ἂν</strong></span> <span class='ocrx_word' id='word_1_17' title='bbox 2450 498 2537 568; x_wconf 71' lang='grc' dir='ltr'>εἴη</span> <span class='ocrx_word' id='word_1_18' title='bbox 2562 496 2654 549; x_wconf 75' lang='grc' dir='ltr'>τοῦ</span> <span class='ocrx_word' id='word_1_19' title='bbox 2681 497 2877 567; x_wconf 81' lang='grc' dir='ltr'>κρόκου</span> <span class='ocrx_word' id='word_1_20' title='bbox 2908 496 2969 549; x_wconf 77' lang='grc' dir='ltr'>τὸ</span> <span class='ocrx_word' id='word_1_21' title='bbox 3003 497 3230 566; x_wconf 76' lang='grc' dir='ltr'>αἴνιγμα</span> <span class='ocrx_word' id='word_1_22' title='bbox 3265 493 3623 566; x_wconf 70' lang='grc' dir='ltr'><strong>παραστῆσαι</strong></span> <span class='ocrx_word' id='word_1_23' title='bbox 3650 494 3726 564; x_wconf 76' lang='grc' dir='ltr'>τῷ</span> 
     </span>
    </p>
   </div>
   <div class='ocr_carea' id='block_1_6' title="bbox 448 590 2027 666">
    <p class='ocr_par' dir='ltr' id='par_1_6' title="bbox 448 590 2027 666">
     <span class='ocr_line' id='line_1_6' title="bbox 448 590 2027 666; baseline -0.002 -18"><span class='ocrx_word' id='word_1_24' title='bbox 448 595 635 666; x_wconf 82' lang='lat' dir='ltr'><strong>fugere</strong></span> <span class='ocrx_word' id='word_1_25' title='bbox 678 590 1228 653; x_wconf 84' lang='lat' dir='ltr'><strong>immoderationem,</strong></span> <span class='ocrx_word' id='word_1_26' title='bbox 1279 598 1333 645; x_wconf 89' lang='lat' dir='ltr'><strong>et</strong></span> <span class='ocrx_word' id='word_1_27' title='bbox 1379 591 1580 646; x_wconf 89' lang='lat' dir='ltr'><strong>habere</strong></span> <span class='ocrx_word' id='word_1_28' title='bbox 1628 590 1740 645; x_wconf 99' lang='lat' dir='ltr'><strong>vim</strong></span> <span class='ocrx_word' id='word_1_29' title='bbox 1791 591 2027 646; x_wconf 76' lang='lat' dir='ltr'><strong>leniendi</strong></span> 
     </span>
    </p>
   </div>
   <div class='ocr_carea' id='block_1_7' title="bbox 446 680 2027 752">
    <p class='ocr_par' dir='ltr' id='par_1_7' title="bbox 446 680 2027 752">
     <span class='ocr_line' id='line_1_7' title="bbox 446 680 2027 752; baseline -0.001 -14"><span class='ocrx_word' id='word_1_30' title='bbox 446 684 662 739; x_wconf 79' lang='lat' dir='ltr'><strong>dolores</strong></span> <span class='ocrx_word' id='word_1_31' title='bbox 712 699 726 735; x_wconf 89' lang='lat'><strong>:</strong></span> <span class='ocrx_word' id='word_1_32' title='bbox 776 681 911 735; x_wconf 90' lang='lat' dir='ltr'><strong>adeo</strong></span> <span class='ocrx_word' id='word_1_33' title='bbox 964 687 1022 735; x_wconf 90' lang='lat' dir='ltr'><strong>ut</strong></span> <span class='ocrx_word' id='word_1_34' title='bbox 1070 695 1166 750; x_wconf 87' lang='lat' dir='ltr'><strong>per</strong></span> <span class='ocrx_word' id='word_1_35' title='bbox 1215 682 1318 735; x_wconf 87' lang='lat' dir='ltr'><strong>hoc</strong></span> <span class='ocrx_word' id='word_1_36' title='bbox 1373 680 1513 737; x_wconf 86' lang='lat' dir='ltr'><strong>forte</strong></span> <span class='ocrx_word' id='word_1_37' title='bbox 1568 680 1928 752; x_wconf 77' lang='lat' dir='ltr'><strong>(Scriptura)</strong></span> <span class='ocrx_word' id='word_1_38' title='bbox 1973 682 2027 736; x_wconf 90' lang='lat' dir='ltr'><strong>in</strong></span> 
     </span>
    </p>
   </div>
   <div class='ocr_carea' id='block_1_8' title="bbox 449 771 1543 844">
    <p class='ocr_par' dir='ltr' id='par_1_8' title="bbox 449 771 1543 844">
     <span class='ocr_line' id='line_1_8' title="bbox 449 771 1543 844; baseline -0.004 -14"><span class='ocrx_word' id='word_1_39' title='bbox 449 774 741 844; x_wconf 76' lang='lat' dir='ltr'><strong>aenigmate</strong></span> <span class='ocrx_word' id='word_1_40' title='bbox 770 771 1188 842; x_wconf 77' lang='lat' dir='ltr'><strong>philosophetur</strong></span> <span class='ocrx_word' id='word_1_41' title='bbox 1218 771 1286 827; x_wconf 87' lang='lat' dir='ltr'><strong>de</strong></span> <span class='ocrx_word' id='word_1_42' title='bbox 1320 773 1543 828; x_wconf 89' lang='lat' dir='ltr'><strong>virtute.</strong></span> 
     </span>
    </p>
   </div>
   <div class='ocr_carea' id='block_1_9' title="bbox 512 1059 2023 1131">
    <p class='ocr_par' dir='ltr' id='par_1_9' title="bbox 512 1059 2023 1131">
     <span class='ocr_line' id='line_1_9' title="bbox 512 1059 2023 1131; baseline -0.001 -16"><span class='ocrx_word' id='word_1_43' title='bbox 512 1060 812 1131; x_wconf 89' lang='lat' dir='ltr'><strong>Pr0pterca</strong></span> <span class='ocrx_word' id='word_1_44' title='bbox 844 1060 989 1131; x_wconf 90' lang='lat' dir='ltr'><strong>quod</strong></span> <span class='ocrx_word' id='word_1_45' title='bbox 1022 1062 1195 1117; x_wconf 84' lang='lat' dir='ltr'><strong>virtus</strong></span> <span class='ocrx_word' id='word_1_46' title='bbox 1223 1068 1307 1117; x_wconf 88' lang='lat' dir='ltr'><strong>est</strong></span> <span class='ocrx_word' id='word_1_47' title='bbox 1334 1060 1513 1115; x_wconf 85' lang='lat' dir='ltr'><strong>media</strong></span> <span class='ocrx_word' id='word_1_48' title='bbox 1542 1059 1684 1116; x_wconf 88' lang='lat' dir='ltr'><strong>inter</strong></span> <span class='ocrx_word' id='word_1_49' title='bbox 1712 1060 1821 1116; x_wconf 91' lang='lat' dir='ltr'><strong>duo</strong></span> <span class='ocrx_word' id='word_1_50' title='bbox 1854 1062 1984 1115; x_wconf 84' lang='lat' dir='ltr'><strong>vitia</strong></span> <span class='ocrx_word' id='word_1_51' title='bbox 2007 1099 2023 1125; x_wconf 88' lang='lat'><strong>,</strong></span> 
     </span>
    </p>
   </div>
   <div class='ocr_carea' id='block_1_10' title="bbox 445 1151 2022 1222">
    <p class='ocr_par' dir='ltr' id='par_1_10' title="bbox 445 1151 2022 1222">
     <span class='ocr_line' id='line_1_10' title="bbox 445 1151 2022 1222; baseline -0.001 -16"><span class='ocrx_word' id='word_1_52' title='bbox 445 1167 640 1222; x_wconf 83' lang='lat' dir='ltr'><strong>nempe</strong></span> <span class='ocrx_word' id='word_1_53' title='bbox 668 1155 813 1208; x_wconf 89' lang='lat' dir='ltr'><strong>inter</strong></span> <span class='ocrx_word' id='word_1_54' title='bbox 856 1151 1127 1207; x_wconf 88' lang='lat' dir='ltr'><strong>defectum</strong></span> <span class='ocrx_word' id='word_1_55' title='bbox 1170 1152 1386 1207; x_wconf 88' lang='lat' dir='ltr'><strong>honesti</strong></span> <span class='ocrx_word' id='word_1_56' title='bbox 1429 1159 1483 1207; x_wconf 90' lang='lat' dir='ltr'><strong>et</strong></span> <span class='ocrx_word' id='word_1_57' title='bbox 1523 1152 2022 1221; x_wconf 81' lang='lat' dir='ltr'><strong>exsuperationem.</strong></span> 
     </span>
    </p>
   </div>
   <div class='ocr_carea' id='block_1_11' title="bbox 444 1241 2021 1314">
    <p class='ocr_par' dir='ltr' id='par_1_11' title="bbox 444 1241 2021 1314">
     <span class='ocr_line' id='line_1_11' title="bbox 444 1241 2021 1314; baseline -0.001 -16"><span class='ocrx_word' id='word_1_58' title='bbox 444 1241 599 1304; x_wconf 83' lang='lat' dir='ltr'><strong>Sicut</strong></span> <span class='ocrx_word' id='word_1_59' title='bbox 620 1241 812 1298; x_wconf 91' lang='lat' dir='ltr'><strong>dicunt</strong></span> <span class='ocrx_word' id='word_1_60' title='bbox 838 1242 1015 1314; x_wconf 86' lang='lat' dir='ltr'><strong>magni</strong></span> <span class='ocrx_word' id='word_1_61' title='bbox 1044 1243 1211 1297; x_wconf 88' lang='lat' dir='ltr'><strong>animi</strong></span> <span class='ocrx_word' id='word_1_62' title='bbox 1234 1244 1490 1297; x_wconf 77' lang='lat' dir='ltr'><strong>virtutem</strong></span> <span class='ocrx_word' id='word_1_63' title='bbox 1520 1254 1573 1297; x_wconf 84' lang='lat' dir='ltr'><strong>et</strong></span> <span class='ocrx_word' id='word_1_64' title='bbox 1603 1241 1984 1299; x_wconf 77' lang='lat' dir='ltr'><strong>liberalitatem</strong></span> <span class='ocrx_word' id='word_1_65' title='bbox 2008 1283 2021 1307; x_wconf 91' lang='lat'><strong>,</strong></span> 
     </span>
    </p>
   </div>
   <div class='ocr_carea' id='block_1_12' title="bbox 444 1334 2024 1404">
    <p class='ocr_par' dir='ltr' id='par_1_12' title="bbox 444 1334 2024 1404">
     <span class='ocr_line' id='line_1_12' title="bbox 444 1334 2024 1404; baseline 0.001 -17"><span class='ocrx_word' id='word_1_66' title='bbox 444 1334 590 1388; x_wconf 87' lang='lat' dir='ltr'><strong>illam</strong></span> <span class='ocrx_word' id='word_1_67' title='bbox 630 1334 851 1404; x_wconf 82' lang='lat' dir='ltr'><strong>quidem</strong></span> <span class='ocrx_word' id='word_1_68' title='bbox 897 1334 1240 1390; x_wconf 85' lang='lat' dir='ltr'><strong>considerari</strong></span> <span class='ocrx_word' id='word_1_69' title='bbox 1285 1335 1338 1388; x_wconf 92' lang='lat' dir='ltr'><strong>in</strong></span> <span class='ocrx_word' id='word_1_70' title='bbox 1382 1334 1564 1389; x_wconf 89' lang='lat' dir='ltr'><strong>medio</strong></span> <span class='ocrx_word' id='word_1_71' title='bbox 1610 1336 1925 1391; x_wconf 78' lang='lat' dir='ltr'><strong>timiditatis</strong></span> <span class='ocrx_word' id='word_1_72' title='bbox 1972 1344 2024 1392; x_wconf 89' lang='lat' dir='ltr'><strong>et</strong></span> 
     </span>
    </p>
   </div>
   <div class='ocr_carea' id='block_1_13' title="bbox 441 1424 2025 1497">
    <p class='ocr_par' dir='ltr' id='par_1_13' title="bbox 441 1424 2025 1497">
     <span class='ocr_line' id='line_1_13' title="bbox 441 1424 2025 1497; baseline 0.002 -18"><span class='ocrx_word' id='word_1_73' title='bbox 441 1425 726 1480; x_wconf 61' lang='lat' dir='ltr'><strong>audaciai:</strong></span> <span class='ocrx_word' id='word_1_74' title='bbox 759 1424 903 1480; x_wconf 87' lang='lat' dir='ltr'><strong>hanc</strong></span> <span class='ocrx_word' id='word_1_75' title='bbox 937 1440 1068 1480; x_wconf 87' lang='lat' dir='ltr'><strong>vero</strong></span> <span class='ocrx_word' id='word_1_76' title='bbox 1095 1426 1149 1480; x_wconf 92' lang='lat' dir='ltr'><strong>in</strong></span> <span class='ocrx_word' id='word_1_77' title='bbox 1184 1425 1365 1481; x_wconf 88' lang='lat' dir='ltr'><strong>medio</strong></span> <span class='ocrx_word' id='word_1_78' title='bbox 1396 1428 1639 1481; x_wconf 60' lang='lat' dir='ltr'><strong>avaritiae</strong></span> <span class='ocrx_word' id='word_1_79' title='bbox 1668 1436 1722 1482; x_wconf 91' lang='lat' dir='ltr'><strong>et</strong></span> <span class='ocrx_word' id='word_1_80' title='bbox 1748 1427 2025 1497; x_wconf 88' lang='lat' dir='ltr'><strong>profusio-</strong></span> 
     </span>
    </p>
   </div>
   <div class='ocr_carea' id='block_1_14' title="bbox 442 1516 2025 1587">
    <p class='ocr_par' dir='ltr' id='par_1_14' title="bbox 442 1516 2025 1587">
     <span class='ocr_line' id='line_1_14' title="bbox 442 1516 2025 1587; baseline 0.003 -17"><span class='ocrx_word' id='word_1_81' title='bbox 442 1516 567 1583; x_wconf 90' lang='lat' dir='ltr'><strong>nis;</strong></span> <span class='ocrx_word' id='word_1_82' title='bbox 596 1524 648 1571; x_wconf 88' lang='lat' dir='ltr'><strong>et</strong></span> <span class='ocrx_word' id='word_1_83' title='bbox 678 1516 1019 1572; x_wconf 82' lang='lat' dir='ltr'><strong>timiditatem</strong></span> <span class='ocrx_word' id='word_1_84' title='bbox 1047 1517 1264 1587; x_wconf 82' lang='lat' dir='ltr'><strong>quidem</strong></span> <span class='ocrx_word' id='word_1_85' title='bbox 1295 1527 1349 1572; x_wconf 91' lang='lat' dir='ltr'><strong>et</strong></span> <span class='ocrx_word' id='word_1_86' title='bbox 1378 1519 1666 1573; x_wconf 76' lang='lat' dir='ltr'><strong>avaritiam</strong></span> <span class='ocrx_word' id='word_1_87' title='bbox 1689 1519 1880 1573; x_wconf 91' lang='lat' dir='ltr'><strong>dicunt</strong></span> <span class='ocrx_word' id='word_1_88' title='bbox 1902 1535 2025 1575; x_wconf 86' lang='lat' dir='ltr'><strong>esse</strong></span> 
     </span>
    </p>
   </div>
   <div class='ocr_carea' id='block_1_15' title="bbox 445 1607 2023 1682">
    <p class='ocr_par' dir='ltr' id='par_1_15' title="bbox 445 1607 2023 1682">
     <span class='ocr_line' id='line_1_15' title="bbox 445 1607 2023 1682; baseline 0.004 -21"><span class='ocrx_word' id='word_1_89' title='bbox 445 1610 499 1662; x_wconf 92' lang='lat' dir='ltr'><strong>in</strong></span> <span class='ocrx_word' id='word_1_90' title='bbox 534 1607 665 1663; x_wconf 92' lang='lat' dir='ltr'><strong>vitio</strong></span> <span class='ocrx_word' id='word_1_91' title='bbox 691 1617 914 1678; x_wconf 80' lang='lat' dir='ltr'><strong>propter</strong></span> <span class='ocrx_word' id='word_1_92' title='bbox 942 1608 1214 1664; x_wconf 84' lang='lat' dir='ltr'><strong>defectum</strong></span> <span class='ocrx_word' id='word_1_93' title='bbox 1250 1610 1371 1680; x_wconf 85' lang='lat' dir='ltr'><strong>ejus</strong></span> <span class='ocrx_word' id='word_1_94' title='bbox 1399 1611 1545 1681; x_wconf 91' lang='lat' dir='ltr'><strong>quod</strong></span> <span class='ocrx_word' id='word_1_95' title='bbox 1588 1612 1743 1666; x_wconf 89' lang='lat' dir='ltr'><strong>decet</strong></span> <span class='ocrx_word' id='word_1_96' title='bbox 1772 1631 1785 1667; x_wconf 90' lang='lat'><strong>:</strong></span> <span class='ocrx_word' id='word_1_97' title='bbox 1830 1612 2023 1682; x_wconf 88' lang='lat' dir='ltr'><strong>profu-</strong></span> 
     </span>
    </p>
   </div>
   <div class='ocr_carea' id='block_1_16' title="bbox 442 1699 2022 1773">
    <p class='ocr_par' dir='ltr' id='par_1_16' title="bbox 442 1699 2022 1773">
     <span class='ocr_line' id='line_1_16' title="bbox 442 1699 2022 1773; baseline 0.004 -21"><span class='ocrx_word' id='word_1_98' title='bbox 442 1701 654 1754; x_wconf 84' lang='lat' dir='ltr'><strong>sionem</strong></span> <span class='ocrx_word' id='word_1_99' title='bbox 699 1706 877 1754; x_wconf 86' lang='lat' dir='ltr'><strong>autem</strong></span> <span class='ocrx_word' id='word_1_100' title='bbox 915 1710 969 1755; x_wconf 92' lang='lat' dir='ltr'><strong>ct</strong></span> <span class='ocrx_word' id='word_1_101' title='bbox 1011 1699 1296 1755; x_wconf 81' lang='lat' dir='ltr'><strong>audaciam</strong></span> <span class='ocrx_word' id='word_1_102' title='bbox 1339 1701 1396 1754; x_wconf 93' lang='lat' dir='ltr'><strong>in</strong></span> <span class='ocrx_word' id='word_1_103' title='bbox 1439 1716 1672 1758; x_wconf 84' lang='lat' dir='ltr'><strong>excessu</strong></span> <span class='ocrx_word' id='word_1_104' title='bbox 1708 1711 1762 1758; x_wconf 81' lang='lat' dir='ltr'><strong>ct</strong></span> <span class='ocrx_word' id='word_1_105' title='bbox 1790 1718 2022 1773; x_wconf 88' lang='lat' dir='ltr'><strong>supera-</strong></span> 
     </span>
    </p>
   </div>
   <div class='ocr_carea' id='block_1_17' title="bbox 444 1789 2023 1866">
    <p class='ocr_par' dir='ltr' id='par_1_17' title="bbox 444 1789 2023 1866">
     <span class='ocr_line' id='line_1_17' title="bbox 444 1789 2023 1866; baseline 0.004 -22"><span class='ocrx_word' id='word_1_106' title='bbox 444 1789 765 1849; x_wconf 87' lang='lat' dir='ltr'><strong>bundantia.</strong></span> <span class='ocrx_word' id='word_1_107' title='bbox 794 1790 1028 1846; x_wconf 85' lang='lat' dir='ltr'><strong>Medium</strong></span> <span class='ocrx_word' id='word_1_108' title='bbox 1061 1803 1242 1849; x_wconf 87' lang='lat' dir='ltr'><strong>autem</strong></span> <span class='ocrx_word' id='word_1_109' title='bbox 1288 1793 1687 1849; x_wconf 84' lang='lat' dir='ltr'><strong>moderationis</strong></span> <span class='ocrx_word' id='word_1_110' title='bbox 1732 1795 1852 1865; x_wconf 84' lang='lat' dir='ltr'><strong>ejus</strong></span> <span class='ocrx_word' id='word_1_111' title='bbox 1900 1812 2023 1866; x_wconf 74' lang='lat' dir='ltr'><strong>qua:</strong></span> 
     </span>
    </p>
   </div>
   <div class='ocr_carea' id='block_1_18' title="bbox 2138 583 3726 658">
    <p class='ocr_par' dir='ltr' id='par_1_18' title="bbox 2138 583 3726 658">
     <span class='ocr_line' id='line_1_18' title="bbox 2138 583 3726 658; baseline -0.001 -19"><span class='ocrx_word' id='word_1_112' title='bbox 2138 587 2298 658; x_wconf 81' lang='grc' dir='ltr'>λόγῳ.</span> <span class='ocrx_word' id='word_1_113' title='bbox 2332 590 2467 641; x_wconf 75' lang='grc' dir='ltr'>Φασὶ</span> <span class='ocrx_word' id='word_1_114' title='bbox 2498 588 2596 657; x_wconf 76' lang='grc' dir='ltr'>μὲν</span> <span class='ocrx_word' id='word_1_115' title='bbox 2624 583 2715 640; x_wconf 73' lang='grc' dir='ltr'><strong>οὖν</strong></span> <span class='ocrx_word' id='word_1_116' title='bbox 2762 590 2807 640; x_wconf 85' lang='grc' dir='ltr'><strong>οί</strong></span> <span class='ocrx_word' id='word_1_117' title='bbox 2848 587 2945 657; x_wconf 82' lang='grc' dir='ltr'><strong>τὴν</strong></span> <span class='ocrx_word' id='word_1_118' title='bbox 2982 587 3211 657; x_wconf 85' lang='grc' dir='ltr'>δύναμιν</span> <span class='ocrx_word' id='word_1_119' title='bbox 3249 586 3346 639; x_wconf 83' lang='grc' dir='ltr'>τοῦ</span> <span class='ocrx_word' id='word_1_120' title='bbox 3376 585 3575 650; x_wconf 77' lang='grc' dir='ltr'>ἄνθους</span> <span class='ocrx_word' id='word_1_121' title='bbox 3604 585 3726 638; x_wconf 78' lang='grc' dir='ltr'>τού-</span> 
     </span>
    </p>
   </div>
   <div class='ocr_carea' id='block_1_19' title="bbox 2137 677 3729 754">
    <p class='ocr_par' dir='ltr' id='par_1_19' title="bbox 2137 677 3729 754">
     <span class='ocr_line' id='line_1_19' title="bbox 2137 677 3729 754; baseline -0.003 -18"><span class='ocrx_word' id='word_1_122' title='bbox 2137 700 2229 737; x_wconf 83' lang='grc' dir='ltr'><strong>του</strong></span> <span class='ocrx_word' id='word_1_123' title='bbox 2260 678 2710 754; x_wconf 69' lang='grc' dir='ltr'>κατανὸήσαντες,</span> <span class='ocrx_word' id='word_1_124' title='bbox 2746 681 2925 751; x_wconf 83' lang='grc' dir='ltr'><strong>μέσως</strong></span> <span class='ocrx_word' id='word_1_125' title='bbox 2956 680 3099 751; x_wconf 82' lang='grc' dir='ltr'>ἔχειν</span> <span class='ocrx_word' id='word_1_126' title='bbox 3121 678 3340 753; x_wconf 50' lang='lat' dir='ltr'><strong>cogere;</strong></span> <span class='ocrx_word' id='word_1_127' title='bbox 3363 697 3424 733; x_wconf 87' lang='grc' dir='ltr'><strong>τε</strong></span> <span class='ocrx_word' id='word_1_128' title='bbox 3464 680 3563 733; x_wconf 69' lang='grc' dir='ltr'><strong>καὶ</strong></span> <span class='ocrx_word' id='word_1_129' title='bbox 3602 677 3729 749; x_wconf 87' lang='grc' dir='ltr'>θερ-</span> 
     </span>
    </p>
   </div>
   <div class='ocr_carea' id='block_1_20' title="bbox 2140 768 3722 843">
    <p class='ocr_par' dir='ltr' id='par_1_20' title="bbox 2140 768 3722 843">
     <span class='ocr_line' id='line_1_20' title="bbox 2140 768 3722 843; baseline -0.001 -18"><span class='ocrx_word' id='word_1_130' title='bbox 2140 773 2389 843; x_wconf 86' lang='grc' dir='ltr'>μότητος,</span> <span class='ocrx_word' id='word_1_131' title='bbox 2421 773 2515 827; x_wconf 79' lang='grc' dir='ltr'><strong>καὶ</strong></span> <span class='ocrx_word' id='word_1_132' title='bbox 2547 772 2606 825; x_wconf 79' lang='grc' dir='ltr'>τὸ</span> <span class='ocrx_word' id='word_1_133' title='bbox 2639 772 2861 842; x_wconf 80' lang='grc' dir='ltr'>φεύγειν</span> <span class='ocrx_word' id='word_1_134' title='bbox 2889 772 2986 842; x_wconf 83' lang='grc' dir='ltr'><strong>τὴν</strong></span> <span class='ocrx_word' id='word_1_135' title='bbox 3026 773 3110 841; x_wconf 78' lang='grc' dir='ltr'><strong>ἐφ’</strong></span> <span class='ocrx_word' id='word_1_136' title='bbox 3142 771 3401 842; x_wconf 79' lang='grc' dir='ltr'>ἑκάτερον</span> <span class='ocrx_word' id='word_1_137' title='bbox 3433 768 3722 841; x_wconf 76' lang='grc' dir='ltr'>ἀμετρίαν·</span> 
     </span>
    </p>
   </div>
   <div class='ocr_carea' id='block_1_21' title="bbox 2135 859 3724 936">
    <p class='ocr_par' dir='ltr' id='par_1_21' title="bbox 2135 859 3724 936">
     <span class='ocr_line' id='line_1_21' title="bbox 2135 859 3724 936; baseline 0 -20"><span class='ocrx_word' id='word_1_138' title='bbox 2135 864 2211 927; x_wconf 86' lang='grc' dir='ltr'>ὠς</span> <span class='ocrx_word' id='word_1_139' title='bbox 2247 863 2333 917; x_wconf 76' lang='grc' dir='ltr'>διὰ</span> <span class='ocrx_word' id='word_1_140' title='bbox 2362 863 2553 917; x_wconf 87' lang='grc' dir='ltr'>τούτου</span> <span class='ocrx_word' id='word_1_141' title='bbox 2580 865 2720 934; x_wconf 84' lang='grc' dir='ltr'><strong>τάχα</strong></span> <span class='ocrx_word' id='word_1_142' title='bbox 2754 864 2845 918; x_wconf 66' lang='grc' dir='ltr'>τὸν</span> <span class='ocrx_word' id='word_1_143' title='bbox 2879 865 3131 935; x_wconf 72' lang='grc' dir='ltr'>περὶτῆς</span> <span class='ocrx_word' id='word_1_144' title='bbox 3162 865 3364 936; x_wconf 78' lang='grc' dir='ltr'>ἀρετῆς</span> <span class='ocrx_word' id='word_1_145' title='bbox 3388 865 3524 934; x_wconf 78' lang='grc' dir='ltr'>ἡμῖν</span> <span class='ocrx_word' id='word_1_146' title='bbox 3564 859 3724 931; x_wconf 78' lang='grc' dir='ltr'>λόγον</span> 
     </span>
    </p>
   </div>
   <div class='ocr_carea' id='block_1_22' title="bbox 2136 953 2879 1025">
    <p class='ocr_par' dir='ltr' id='par_1_22' title="bbox 2136 953 2879 1025">
     <span class='ocr_line' id='line_1_22' title="bbox 2136 953 2879 1025; baseline 0.003 -19"><span class='ocrx_word' id='word_1_147' title='bbox 2136 953 2444 1022; x_wconf 77' lang='grc' dir='ltr'><strong>φιλοσοφεῖν</strong></span> <span class='ocrx_word' id='word_1_148' title='bbox 2472 953 2550 1024; x_wconf 83' lang='grc' dir='ltr'><strong>τῷ</strong></span> <span class='ocrx_word' id='word_1_149' title='bbox 2575 953 2879 1025; x_wconf 75' lang='grc' dir='ltr'><strong>αἰνίγματι.</strong></span> 
     </span>
    </p>
   </div>
   <div class='ocr_carea' id='block_1_23' title="bbox 2204 1044 3726 1115">
    <p class='ocr_par' dir='ltr' id='par_1_23' title="bbox 2204 1044 3726 1115">
     <span class='ocr_line' id='line_1_23' title="bbox 2204 1044 3726 1115; baseline 0.001 -20"><span class='ocrx_word' id='word_1_150' title='bbox 2204 1044 2349 1096; x_wconf 86' lang='grc' dir='ltr'>Διότι</span> <span class='ocrx_word' id='word_1_151' title='bbox 2380 1046 2530 1097; x_wconf 73' lang='grc' dir='ltr'>πᾶσα</span> <span class='ocrx_word' id='word_1_152' title='bbox 2567 1045 2737 1113; x_wconf 81' lang='grc' dir='ltr'>ἁρετὴ</span> <span class='ocrx_word' id='word_1_153' title='bbox 2769 1044 2955 1099; x_wconf 81' lang='grc' dir='ltr'>κακῶν</span> <span class='ocrx_word' id='word_1_154' title='bbox 2981 1046 3098 1098; x_wconf 82' lang='grc' dir='ltr'>ἐστι</span> <span class='ocrx_word' id='word_1_155' title='bbox 3127 1046 3291 1115; x_wconf 77' lang='grc' dir='ltr'>μέση,</span> <span class='ocrx_word' id='word_1_156' title='bbox 3331 1045 3434 1114; x_wconf 80' lang='grc' dir='ltr'><strong>τῆς</strong></span> <span class='ocrx_word' id='word_1_157' title='bbox 3459 1063 3524 1099; x_wconf 90' lang='grc' dir='ltr'><strong>τε</strong></span> <span class='ocrx_word' id='word_1_158' title='bbox 3556 1046 3726 1098; x_wconf 77' lang='grc' dir='ltr'>ἐλλείο</span> 
     </span>
    </p>
   </div>
   <div class='ocr_carea' id='block_1_24' title="bbox 2132 1133 3727 1209">
    <p class='ocr_par' dir='ltr' id='par_1_24' title="bbox 2132 1133 3727 1209">
     <span class='ocr_line' id='line_1_24' title="bbox 2132 1133 3727 1209; baseline 0 -19"><span class='ocrx_word' id='word_1_159' title='bbox 2132 1136 2279 1207; x_wconf 75' lang='grc' dir='ltr'>ψεως</span> <span class='ocrx_word' id='word_1_160' title='bbox 2310 1135 2406 1190; x_wconf 78' lang='grc' dir='ltr'>τοῦ</span> <span class='ocrx_word' id='word_1_161' title='bbox 2438 1137 2628 1199; x_wconf 77' lang='grc' dir='ltr'>καλοῦ,</span> <span class='ocrx_word' id='word_1_162' title='bbox 2656 1138 2750 1196; x_wconf 73' lang='grc' dir='ltr'>καὶ</span> <span class='ocrx_word' id='word_1_163' title='bbox 2773 1139 2871 1209; x_wconf 83' lang='grc' dir='ltr'>τῆς</span> <span class='ocrx_word' id='word_1_164' title='bbox 2895 1137 3323 1209; x_wconf 82' lang='grc' dir='ltr'>ὑπερπτώσεως.</span> <span class='ocrx_word' id='word_1_165' title='bbox 3351 1133 3480 1190; x_wconf 79' lang='grc' dir='ltr'>Οἷον</span> <span class='ocrx_word' id='word_1_166' title='bbox 3505 1139 3610 1208; x_wconf 76' lang='grc' dir='ltr'>τὴν</span> <span class='ocrx_word' id='word_1_167' title='bbox 3636 1140 3727 1190; x_wconf 83' lang='grc' dir='ltr'>ἀν-</span> 
     </span>
    </p>
   </div>
   <div class='ocr_carea' id='block_1_25' title="bbox 2132 1227 3724 1300">
    <p class='ocr_par' dir='ltr' id='par_1_25' title="bbox 2132 1227 3724 1300">
     <span class='ocr_line' id='line_1_25' title="bbox 2132 1227 3724 1300; baseline -0.002 -20"><span class='ocrx_word' id='word_1_168' title='bbox 2132 1228 2315 1299; x_wconf 88' lang='grc' dir='ltr'>δρείαν</span> <span class='ocrx_word' id='word_1_169' title='bbox 2347 1229 2441 1282; x_wconf 71' lang='grc' dir='ltr'>καὶ</span> <span class='ocrx_word' id='word_1_170' title='bbox 2469 1228 2566 1300; x_wconf 79' lang='grc' dir='ltr'><strong>τὴν</strong></span> <span class='ocrx_word' id='word_1_171' title='bbox 2609 1228 2920 1299; x_wconf 72' lang='grc' dir='ltr'>ἐλευθερίαν</span> <span class='ocrx_word' id='word_1_172' title='bbox 2958 1229 3110 1297; x_wconf 79' lang='grc' dir='ltr'>φασὶ,</span> <span class='ocrx_word' id='word_1_173' title='bbox 3157 1229 3257 1298; x_wconf 80' lang='grc' dir='ltr'>τὴν</span> <span class='ocrx_word' id='word_1_174' title='bbox 3305 1227 3403 1298; x_wconf 86' lang='grc' dir='ltr'>μὲν</span> <span class='ocrx_word' id='word_1_175' title='bbox 3435 1227 3643 1290; x_wconf 80' lang='grc' dir='ltr'>δειλίας</span> <span class='ocrx_word' id='word_1_176' title='bbox 3670 1245 3724 1278; x_wconf 79' lang='grc' dir='ltr'><strong>τε</strong></span> 
     </span>
    </p>
   </div>
   <div class='ocr_carea' id='block_1_26' title="bbox 2133 1319 3724 1392">
    <p class='ocr_par' dir='ltr' id='par_1_26' title="bbox 2133 1319 3724 1392">
     <span class='ocr_line' id='line_1_26' title="bbox 2133 1319 3724 1392; baseline -0.001 -19"><span class='ocrx_word' id='word_1_177' title='bbox 2133 1322 2227 1374; x_wconf 73' lang='grc' dir='ltr'>καὶ</span> <span class='ocrx_word' id='word_1_178' title='bbox 2272 1320 2627 1392; x_wconf 89' lang='grc' dir='ltr'>θρασύτητος,</span> <span class='ocrx_word' id='word_1_179' title='bbox 2656 1322 2752 1392; x_wconf 81' lang='grc' dir='ltr'>τὴν</span> <span class='ocrx_word' id='word_1_180' title='bbox 2794 1321 2851 1374; x_wconf 81' lang='grc' dir='ltr'>δὲ</span> <span class='ocrx_word' id='word_1_181' title='bbox 2883 1320 3236 1391; x_wconf 80' lang='grc' dir='ltr'><strong>μικρολογίας</strong></span> <span class='ocrx_word' id='word_1_182' title='bbox 3270 1336 3331 1373; x_wconf 87' lang='grc' dir='ltr'><strong>τε</strong></span> <span class='ocrx_word' id='word_1_183' title='bbox 3357 1320 3456 1374; x_wconf 76' lang='grc' dir='ltr'>καὶ</span> <span class='ocrx_word' id='word_1_184' title='bbox 3484 1319 3724 1380; x_wconf 80' lang='grc' dir='ltr'>ἀσωτίας</span> 
     </span>
    </p>
   </div>
   <div class='ocr_carea' id='block_1_27' title="bbox 2132 1411 3723 1484">
    <p class='ocr_par' dir='ltr' id='par_1_27' title="bbox 2132 1411 3723 1484">
     <span class='ocr_line' id='line_1_27' title="bbox 2132 1411 3723 1484; baseline -0.003 -17"><span class='ocrx_word' id='word_1_185' title='bbox 2132 1416 2191 1467; x_wconf 81' lang='grc' dir='ltr'><strong>ἐν</strong></span> <span class='ocrx_word' id='word_1_186' title='bbox 2222 1413 2372 1483; x_wconf 81' lang='grc' dir='ltr'>μέσῳ</span> <span class='ocrx_word' id='word_1_187' title='bbox 2410 1412 2764 1484; x_wconf 87' lang='grc' dir='ltr'>θεωρεῖσθαι·</span> <span class='ocrx_word' id='word_1_188' title='bbox 2792 1413 2886 1469; x_wconf 72' lang='grc' dir='ltr'>καὶ</span> <span class='ocrx_word' id='word_1_189' title='bbox 2918 1413 3017 1484; x_wconf 82' lang='grc' dir='ltr'>τὴν</span> <span class='ocrx_word' id='word_1_190' title='bbox 3049 1412 3147 1482; x_wconf 82' lang='grc' dir='ltr'>μὲν</span> <span class='ocrx_word' id='word_1_191' title='bbox 3187 1411 3388 1465; x_wconf 78' lang='grc' dir='ltr'><strong>δειλίαν</strong></span> <span class='ocrx_word' id='word_1_192' title='bbox 3422 1428 3482 1464; x_wconf 88' lang='grc' dir='ltr'><strong>τε</strong></span> <span class='ocrx_word' id='word_1_193' title='bbox 3510 1412 3610 1463; x_wconf 68' lang='grc' dir='ltr'><strong>καὶ</strong></span> <span class='ocrx_word' id='word_1_194' title='bbox 3637 1429 3723 1480; x_wconf 81' lang='grc' dir='ltr'>μι-</span> 
     </span>
    </p>
   </div>
   <div class='ocr_carea' id='block_1_28' title="bbox 2133 1503 3723 1577">
    <p class='ocr_par' dir='ltr' id='par_1_28' title="bbox 2133 1503 3723 1577">
     <span class='ocr_line' id='line_1_28' title="bbox 2133 1503 3723 1577; baseline -0.003 -18"><span class='ocrx_word' id='word_1_195' title='bbox 2133 1505 2440 1577; x_wconf 85' lang='grc' dir='ltr'>κρολογίαν,</span> <span class='ocrx_word' id='word_1_196' title='bbox 2487 1506 2609 1558; x_wconf 86' lang='grc' dir='ltr'>κατ’</span> <span class='ocrx_word' id='word_1_197' title='bbox 2648 1504 2883 1574; x_wconf 75' lang='grc' dir='ltr'>ἔλλειψιν</span> <span class='ocrx_word' id='word_1_198' title='bbox 2921 1504 3015 1557; x_wconf 83' lang='grc' dir='ltr'>τοῦ</span> <span class='ocrx_word' id='word_1_199' title='bbox 3060 1503 3395 1574; x_wconf 85' lang='grc' dir='ltr'>καθήκοντος</span> <span class='ocrx_word' id='word_1_200' title='bbox 3417 1542 3433 1566; x_wconf 86' lang='grc'><strong>,</strong></span> <span class='ocrx_word' id='word_1_201' title='bbox 3466 1505 3524 1556; x_wconf 83' lang='grc' dir='ltr'><strong>ὲν</strong></span> <span class='ocrx_word' id='word_1_202' title='bbox 3554 1504 3723 1573; x_wconf 63' lang='grc' dir='ltr'>κακίᾳ.</span> 
     </span>
    </p>
   </div>
   <div class='ocr_carea' id='block_1_29' title="bbox 2130 1595 3718 1667">
    <p class='ocr_par' dir='ltr' id='par_1_29' title="bbox 2130 1595 3718 1667">
     <span class='ocr_line' id='line_1_29' title="bbox 2130 1595 3718 1667; baseline -0.002 -17"><span class='ocrx_word' id='word_1_203' title='bbox 2130 1598 2348 1665; x_wconf 82' lang='grc' dir='ltr'>λέγουσι</span> <span class='ocrx_word' id='word_1_204' title='bbox 2378 1598 2643 1666; x_wconf 79' lang='grc' dir='ltr'>γίνεσθαι’</span> <span class='ocrx_word' id='word_1_205' title='bbox 2675 1598 2774 1667; x_wconf 77' lang='grc' dir='ltr'><strong>τὴν</strong></span> <span class='ocrx_word' id='word_1_206' title='bbox 2794 1597 2850 1651; x_wconf 84' lang='grc' dir='ltr'>δὲ</span> <span class='ocrx_word' id='word_1_207' title='bbox 2872 1597 3108 1652; x_wconf 81' lang='grc' dir='ltr'>ἀσωτίαν</span> <span class='ocrx_word' id='word_1_208' title='bbox 3134 1597 3225 1651; x_wconf 72' lang='grc' dir='ltr'><strong>καὶ</strong></span> <span class='ocrx_word' id='word_1_209' title='bbox 3253 1597 3352 1667; x_wconf 86' lang='grc' dir='ltr'>τὴν</span> <span class='ocrx_word' id='word_1_210' title='bbox 3375 1595 3718 1666; x_wconf 71' lang='grc' dir='ltr'>θρασύτητα,</span> 
     </span>
    </p>
   </div>
   <div class='ocr_carea' id='block_1_30' title="bbox 2132 1687 3724 1761">
    <p class='ocr_par' dir='ltr' id='par_1_30' title="bbox 2132 1687 3724 1761">
     <span class='ocr_line' id='line_1_30' title="bbox 2132 1687 3724 1761; baseline -0.003 -16"><span class='ocrx_word' id='word_1_211' title='bbox 2132 1690 2272 1746; x_wconf 85' lang='grc' dir='ltr'><strong>κατά</strong></span> <span class='ocrx_word' id='word_1_212' title='bbox 2299 1689 2637 1761; x_wconf 86' lang='grc' dir='ltr'>πλεονασμὸν</span> <span class='ocrx_word' id='word_1_213' title='bbox 2664 1690 2757 1743; x_wconf 76' lang='grc' dir='ltr'><strong>καὶ</strong></span> <span class='ocrx_word' id='word_1_214' title='bbox 2795 1690 3166 1760; x_wconf 87' lang='grc' dir='ltr'>ύπέρπτωσιν·</span> <span class='ocrx_word' id='word_1_215' title='bbox 3212 1688 3314 1758; x_wconf 78' lang='grc' dir='ltr'>τῆς</span> <span class='ocrx_word' id='word_1_216' title='bbox 3337 1688 3395 1741; x_wconf 84' lang='grc' dir='ltr'>δὲ</span> <span class='ocrx_word' id='word_1_217' title='bbox 3445 1687 3572 1741; x_wconf 77' lang='grc' dir='ltr'>καθ’</span> <span class='ocrx_word' id='word_1_218' title='bbox 3600 1688 3724 1740; x_wconf 67' lang='grc' dir='ltr'>ἑκά-</span> 
     </span>
    </p>
   </div>
   <div class='ocr_carea' id='block_1_31' title="bbox 2130 1779 3722 1856">
    <p class='ocr_par' dir='ltr' id='par_1_31' title="bbox 2130 1779 3722 1856">
     <span class='ocr_line' id='line_1_31' title="bbox 2130 1779 3722 1856; baseline -0.003 -20"><span class='ocrx_word' id='word_1_219' title='bbox 2130 1799 2286 1856; x_wconf 91' lang='grc' dir='ltr'>τερον</span> <span class='ocrx_word' id='word_1_220' title='bbox 2330 1784 2594 1855; x_wconf 79' lang='grc' dir='ltr'>ἀμετρίας</span> <span class='ocrx_word' id='word_1_221' title='bbox 2633 1782 2694 1836; x_wconf 84' lang='grc' dir='ltr'><strong>τδ</strong></span> <span class='ocrx_word' id='word_1_222' title='bbox 2724 1782 2907 1853; x_wconf 81' lang='grc' dir='ltr'><strong>μέσον,</strong></span> <span class='ocrx_word' id='word_1_223' title='bbox 2936 1780 3136 1851; x_wconf 79' lang='grc' dir='ltr'>ἀρετὴν</span> <span class='ocrx_word' id='word_1_224' title='bbox 3163 1779 3543 1849; x_wconf 58' lang='grc' dir='ltr'>ὀνομάζουσιν</span> <span class='ocrx_word' id='word_1_225' title='bbox 3591 1779 3722 1831; x_wconf 64' lang='grc' dir='ltr'>οὐκ·</span> 
     </span>
    </p>
   </div>
   <div class='ocr_carea' id='block_1_32' title="bbox 442 1866 2023 1957">
    <p class='ocr_par' dir='ltr' id='par_1_32' title="bbox 442 1883 2023 1957">
     <span class='ocr_line' id='line_1_32' title="bbox 442 1883 2023 1957; baseline 0.003 -20"><span class='ocrx_word' id='word_1_226' title='bbox 442 1891 528 1939; x_wconf 85' lang='lat' dir='ltr'><strong>cst</strong></span> <span class='ocrx_word' id='word_1_227' title='bbox 556 1885 612 1937; x_wconf 91' lang='lat' dir='ltr'><strong>in</strong></span> <span class='ocrx_word' id='word_1_228' title='bbox 643 1890 912 1952; x_wconf 86' lang='lat' dir='ltr'><strong>utroque,</strong></span> <span class='ocrx_word' id='word_1_229' title='bbox 947 1883 1238 1938; x_wconf 89' lang='lat' dir='ltr'><strong>nominant</strong></span> <span class='ocrx_word' id='word_1_230' title='bbox 1270 1884 1555 1941; x_wconf 85' lang='lat' dir='ltr'><strong>virtutem.</strong></span> <span class='ocrx_word' id='word_1_231' title='bbox 1602 1885 1773 1941; x_wconf 87' lang='lat' dir='ltr'><strong>llabct</strong></span> <span class='ocrx_word' id='word_1_232' title='bbox 1811 1902 1942 1957; x_wconf 81' lang='lat' dir='ltr'><strong>ergo</strong></span> <span class='ocrx_word' id='word_1_233' title='bbox 1972 1887 2023 1941; x_wconf 88' lang='lat' dir='ltr'><strong>id</strong></span> 
     </span>
    </p>
   </div>
   <div class='ocr_carea' id='block_1_33' title="bbox 2133 1866 3722 1957">
    <p class='ocr_par' dir='ltr' id='par_1_33' title="bbox 2133 1869 3722 1944">
     <span class='ocr_line' id='line_1_33' title="bbox 2133 1869 3722 1944; baseline -0.004 -17"><span class='ocrx_word' id='word_1_234' title='bbox 2133 1874 2226 1927; x_wconf 83' lang='grc' dir='ltr'><strong>οὖν</strong></span> <span class='ocrx_word' id='word_1_235' title='bbox 2263 1873 2377 1944; x_wconf 84' lang='grc' dir='ltr'>έχοι</span> <span class='ocrx_word' id='word_1_236' title='bbox 2408 1872 2476 1927; x_wconf 83' lang='grc' dir='ltr'><strong>ἀν</strong></span> <span class='ocrx_word' id='word_1_237' title='bbox 2520 1890 2573 1927; x_wconf 88' lang='grc' dir='ltr'><strong>τι</strong></span> <span class='ocrx_word' id='word_1_238' title='bbox 2615 1872 2746 1943; x_wconf 76' lang='grc' dir='ltr'>περὶ</span> <span class='ocrx_word' id='word_1_239' title='bbox 2783 1871 2882 1943; x_wconf 78' lang='grc' dir='ltr'><strong>τὴν</strong></span> <span class='ocrx_word' id='word_1_240' title='bbox 2922 1870 3122 1943; x_wconf 80' lang='grc' dir='ltr'>ἀρετὴν</span> <span class='ocrx_word' id='word_1_241' title='bbox 3159 1872 3188 1924; x_wconf 89' lang='grc' dir='ltr'><strong>ό</strong></span> <span class='ocrx_word' id='word_1_242' title='bbox 3218 1871 3347 1941; x_wconf 78' lang='grc' dir='ltr'>περὶ</span> <span class='ocrx_word' id='word_1_243' title='bbox 3392 1869 3490 1922; x_wconf 81' lang='grc' dir='ltr'><strong>τοῦ</strong></span> <span class='ocrx_word' id='word_1_244' title='bbox 3518 1870 3722 1940; x_wconf 81' lang='grc' dir='ltr'>κρόκου</span> 
     </span>
    </p>
   </div>
   <div class='ocr_carea' id='block_1_34' title="bbox 439 1960 2024 2047">
    <p class='ocr_par' dir='ltr' id='par_1_34' title="bbox 439 1960 2024 2047">
     <span class='ocr_line' id='line_1_34' title="bbox 439 1960 2024 2047; baseline 0.004 -19"><span class='ocrx_word' id='word_1_245' title='bbox 439 1974 585 2045; x_wconf 88' lang='lat' dir='ltr'><strong>quod</strong></span> <span class='ocrx_word' id='word_1_246' title='bbox 612 1960 694 2030; x_wconf 33' lang='lat' dir='ltr'><strong>&#39;de</strong></span> <span class='ocrx_word' id='word_1_247' title='bbox 737 1989 901 2031; x_wconf 85' lang='lat' dir='ltr'><strong>croco</strong></span> <span class='ocrx_word' id='word_1_248' title='bbox 941 1975 1163 2038; x_wconf 86' lang='lat' dir='ltr'><strong>dicitur,</strong></span> <span class='ocrx_word' id='word_1_249' title='bbox 1209 1975 1357 2047; x_wconf 89' lang='lat' dir='ltr'><strong>quod</strong></span> <span class='ocrx_word' id='word_1_250' title='bbox 1398 1975 1464 2030; x_wconf 90' lang='lat' dir='ltr'><strong>ad</strong></span> <span class='ocrx_word' id='word_1_251' title='bbox 1509 1978 1766 2032; x_wconf 85' lang='lat' dir='ltr'><strong>virtutem</strong></span> <span class='ocrx_word' id='word_1_252' title='bbox 1799 1980 2024 2043; x_wconf 85' lang='lat' dir='ltr'><strong>attinet,</strong></span> 
     </span>
    </p>
   </div>
   <div class='ocr_carea' id='block_1_35' title="bbox 440 2065 2025 2141">
    <p class='ocr_par' dir='ltr' id='par_1_35' title="bbox 440 2065 2025 2141">
     <span class='ocr_line' id='line_1_35' title="bbox 440 2065 2025 2141; baseline 0.003 -21"><span class='ocrx_word' id='word_1_253' title='bbox 440 2065 646 2135; x_wconf 82' lang='lat' dir='ltr'><strong>aliquid</strong></span> <span class='ocrx_word' id='word_1_254' title='bbox 674 2080 1023 2137; x_wconf 89' lang='lat' dir='ltr'><strong>consequens</strong></span> <span class='ocrx_word' id='word_1_255' title='bbox 1052 2067 1420 2125; x_wconf 82' lang='lat' dir='ltr'><strong>mediocritati</strong></span> <span class='ocrx_word' id='word_1_256' title='bbox 1452 2067 1726 2125; x_wconf 81' lang='lat' dir='ltr'><strong>facultatis</strong></span> <span class='ocrx_word' id='word_1_257' title='bbox 1745 2109 1760 2135; x_wconf 90' lang='lat'><strong>,</strong></span> <span class='ocrx_word' id='word_1_258' title='bbox 1792 2078 1853 2124; x_wconf 91' lang='lat' dir='ltr'><strong>ut</strong></span> <span class='ocrx_word' id='word_1_259' title='bbox 1880 2070 2025 2141; x_wconf 90' lang='lat' dir='ltr'><strong>quod</strong></span> 
     </span>
    </p>
   </div>
   <div class='ocr_carea' id='block_1_36' title="bbox 440 2159 2028 2232">
    <p class='ocr_par' dir='ltr' id='par_1_36' title="bbox 440 2159 2028 2232">
     <span class='ocr_line' id='line_1_36' title="bbox 440 2159 2028 2232; baseline 0.002 -20"><span class='ocrx_word' id='word_1_260' title='bbox 440 2160 839 2229; x_wconf 88' lang='lat' dir='ltr'><strong>interpretatur</strong></span> <span class='ocrx_word' id='word_1_261' title='bbox 869 2159 1008 2213; x_wconf 90' lang='lat' dir='ltr'><strong>nihil</strong></span> <span class='ocrx_word' id='word_1_262' title='bbox 1039 2160 1232 2214; x_wconf 84' lang='lat' dir='ltr'><strong>virtuti</strong></span> <span class='ocrx_word' id='word_1_263' title='bbox 1267 2160 1503 2216; x_wconf 87' lang='lat' dir='ltr'><strong>deficere</strong></span> <span class='ocrx_word' id='word_1_264' title='bbox 1546 2170 1599 2216; x_wconf 87' lang='lat' dir='ltr'><strong>et</strong></span> <span class='ocrx_word' id='word_1_265' title='bbox 1637 2162 1875 2216; x_wconf 75' lang='lat' dir='ltr'><strong>effluere.</strong></span> <span class='ocrx_word' id='word_1_266' title='bbox 1916 2161 2028 2232; x_wconf 85' lang='lat' dir='ltr'><strong>Ego</strong></span> 
     </span>
    </p>
   </div>
   <div class='ocr_carea' id='block_1_37' title="bbox 438 2250 2026 2321">
    <p class='ocr_par' dir='ltr' id='par_1_37' title="bbox 438 2250 2026 2321">
     <span class='ocr_line' id='line_1_37' title="bbox 438 2250 2026 2321; baseline 0.003 -16"><span class='ocrx_word' id='word_1_267' title='bbox 438 2258 622 2305; x_wconf 79' lang='lat' dir='ltr'><strong>autem</strong></span> <span class='ocrx_word' id='word_1_268' title='bbox 650 2250 776 2305; x_wconf 90' lang='lat' dir='ltr'><strong>dico</strong></span> <span class='ocrx_word' id='word_1_269' title='bbox 799 2290 814 2317; x_wconf 92' lang='lat'><strong>,</strong></span> <span class='ocrx_word' id='word_1_270' title='bbox 843 2251 1059 2308; x_wconf 90' lang='lat' dir='ltr'><strong>etiamsi</strong></span> <span class='ocrx_word' id='word_1_271' title='bbox 1089 2251 1287 2307; x_wconf 88' lang='lat' dir='ltr'><strong>rudius</strong></span> <span class='ocrx_word' id='word_1_272' title='bbox 1318 2260 1371 2307; x_wconf 89' lang='lat' dir='ltr'><strong>et</strong></span> <span class='ocrx_word' id='word_1_273' title='bbox 1401 2255 1675 2321; x_wconf 83' lang='lat' dir='ltr'><strong>agrestius</strong></span> <span class='ocrx_word' id='word_1_274' title='bbox 1703 2254 1949 2309; x_wconf 84' lang='lat' dir='ltr'><strong>videatur</strong></span> <span class='ocrx_word' id='word_1_275' title='bbox 1974 2255 2026 2309; x_wconf 89' lang='lat' dir='ltr'><strong>id</strong></span> 
     </span>
    </p>
   </div>
   <div class='ocr_carea' id='block_1_38' title="bbox 438 2340 2029 2415">
    <p class='ocr_par' dir='ltr' id='par_1_38' title="bbox 438 2340 2029 2415">
     <span class='ocr_line' id='line_1_38' title="bbox 438 2340 2029 2415; baseline 0.004 -21"><span class='ocrx_word' id='word_1_276' title='bbox 438 2340 588 2410; x_wconf 86' lang='lat' dir='ltr'><strong>quod</strong></span> <span class='ocrx_word' id='word_1_277' title='bbox 620 2341 846 2405; x_wconf 86' lang='lat' dir='ltr'><strong>dicitur,</strong></span> <span class='ocrx_word' id='word_1_278' title='bbox 872 2342 1023 2396; x_wconf 89' lang='lat' dir='ltr'><strong>croci</strong></span> <span class='ocrx_word' id='word_1_279' title='bbox 1057 2342 1288 2413; x_wconf 64' lang='lat' dir='ltr'><strong>aenigma</strong></span> <span class='ocrx_word' id='word_1_280' title='bbox 1318 2341 1461 2397; x_wconf 91' lang='lat' dir='ltr'><strong>forte</strong></span> <span class='ocrx_word' id='word_1_281' title='bbox 1489 2343 1664 2415; x_wconf 86' lang='lat' dir='ltr'><strong>magis</strong></span> <span class='ocrx_word' id='word_1_282' title='bbox 1691 2347 1913 2415; x_wconf 83' lang='lat' dir='ltr'><strong>proprie</strong></span> <span class='ocrx_word' id='word_1_283' title='bbox 1940 2362 2029 2401; x_wconf 84' lang='lat' dir='ltr'><strong>as-</strong></span> 
     </span>
    </p>
   </div>
   <div class='ocr_carea' id='block_1_39' title="bbox 442 2430 2029 2503">
    <p class='ocr_par' dir='ltr' id='par_1_39' title="bbox 442 2430 2029 2503">
     <span class='ocr_line' id='line_1_39' title="bbox 442 2430 2029 2503; baseline 0.001 -16"><span class='ocrx_word' id='word_1_284' title='bbox 442 2431 588 2487; x_wconf 88' lang='lat' dir='ltr'><strong>sumi</strong></span> <span class='ocrx_word' id='word_1_285' title='bbox 619 2431 686 2485; x_wconf 89' lang='lat' dir='ltr'><strong>ad</strong></span> <span class='ocrx_word' id='word_1_286' title='bbox 722 2432 990 2486; x_wconf 78' lang='lat' dir='ltr'><strong>rationem</strong></span> <span class='ocrx_word' id='word_1_287' title='bbox 1035 2430 1181 2487; x_wconf 83' lang='lat' dir='ltr'><strong>fidei.</strong></span> <span class='ocrx_word' id='word_1_288' title='bbox 1231 2430 1369 2487; x_wconf 87' lang='lat' dir='ltr'><strong>Nam</strong></span> <span class='ocrx_word' id='word_1_289' title='bbox 1398 2430 1500 2487; x_wconf 87' lang='lat' dir='ltr'><strong>flos</strong></span> <span class='ocrx_word' id='word_1_290' title='bbox 1529 2434 1751 2503; x_wconf 88' lang='lat' dir='ltr'><strong>quidem</strong></span> <span class='ocrx_word' id='word_1_291' title='bbox 1780 2444 2029 2492; x_wconf 85' lang='lat' dir='ltr'><strong>versatur</strong></span> 
     </span>
    </p>
   </div>
   <div class='ocr_carea' id='block_1_40' title="bbox 440 2523 2028 2593">
    <p class='ocr_par' dir='ltr' id='par_1_40' title="bbox 440 2523 2028 2593">
     <span class='ocr_line' id='line_1_40' title="bbox 440 2523 2028 2593; baseline 0.005 -17"><span class='ocrx_word' id='word_1_292' title='bbox 440 2525 497 2577; x_wconf 91' lang='lat' dir='ltr'><strong>in</strong></span> <span class='ocrx_word' id='word_1_293' title='bbox 528 2523 729 2593; x_wconf 87' lang='lat' dir='ltr'><strong>triplici</strong></span> <span class='ocrx_word' id='word_1_294' title='bbox 760 2523 1076 2579; x_wconf 88' lang='lat' dir='ltr'><strong>involucro.</strong></span> <span class='ocrx_word' id='word_1_295' title='bbox 1107 2523 1292 2592; x_wconf 83' lang='lat' dir='ltr'><strong>ipsum</strong></span> <span class='ocrx_word' id='word_1_296' title='bbox 1333 2532 1516 2578; x_wconf 88' lang='lat' dir='ltr'><strong>autem</strong></span> <span class='ocrx_word' id='word_1_297' title='bbox 1562 2524 1909 2580; x_wconf 89' lang='lat' dir='ltr'><strong>involucrum</strong></span> <span class='ocrx_word' id='word_1_298' title='bbox 1943 2540 2028 2584; x_wconf 88' lang='lat' dir='ltr'><strong>est</strong></span> 
     </span>
    </p>
   </div>
   <div class='ocr_carea' id='block_1_41' title="bbox 439 2614 2024 2687">
    <p class='ocr_par' dir='ltr' id='par_1_41' title="bbox 439 2614 2024 2687">
     <span class='ocr_line' id='line_1_41' title="bbox 439 2614 2024 2687; baseline 0.005 -19"><span class='ocrx_word' id='word_1_299' title='bbox 439 2614 540 2671; x_wconf 86' lang='lat' dir='ltr'><strong>flos</strong></span> <span class='ocrx_word' id='word_1_300' title='bbox 573 2616 626 2670; x_wconf 92' lang='lat' dir='ltr'><strong>in</strong></span> <span class='ocrx_word' id='word_1_301' title='bbox 659 2616 846 2672; x_wconf 90' lang='lat' dir='ltr'><strong>colore</strong></span> <span class='ocrx_word' id='word_1_302' title='bbox 870 2630 1051 2672; x_wconf 87' lang='lat' dir='ltr'><strong>aereo.</strong></span> <span class='ocrx_word' id='word_1_303' title='bbox 1083 2614 1361 2671; x_wconf 81' lang='lat' dir='ltr'><strong>lnvolucri</strong></span> <span class='ocrx_word' id='word_1_304' title='bbox 1390 2624 1570 2671; x_wconf 90' lang='lat' dir='ltr'><strong>autem</strong></span> <span class='ocrx_word' id='word_1_305' title='bbox 1598 2624 1765 2672; x_wconf 83' lang='lat' dir='ltr'><strong>exuto</strong></span> <span class='ocrx_word' id='word_1_306' title='bbox 1792 2620 1992 2676; x_wconf 89' lang='lat' dir='ltr'><strong>amictu</strong></span> <span class='ocrx_word' id='word_1_307' title='bbox 2011 2666 2024 2687; x_wconf 85' lang='lat'><strong>,</strong></span> 
     </span>
    </p>
   </div>
   <div class='ocr_carea' id='block_1_42' title="bbox 437 2705 2027 2777">
    <p class='ocr_par' dir='ltr' id='par_1_42' title="bbox 437 2705 2027 2777">
     <span class='ocr_line' id='line_1_42' title="bbox 437 2705 2027 2777; baseline 0.004 -16"><span class='ocrx_word' id='word_1_308' title='bbox 437 2716 553 2764; x_wconf 90' lang='lat' dir='ltr'><strong>tres</strong></span> <span class='ocrx_word' id='word_1_309' title='bbox 599 2708 824 2763; x_wconf 88' lang='lat' dir='ltr'><strong>omnino</strong></span> <span class='ocrx_word' id='word_1_310' title='bbox 870 2708 1225 2762; x_wconf 88' lang='lat' dir='ltr'><strong>inveniuntur</strong></span> <span class='ocrx_word' id='word_1_311' title='bbox 1274 2705 1439 2763; x_wconf 89' lang='lat' dir='ltr'><strong>flores</strong></span> <span class='ocrx_word' id='word_1_312' title='bbox 1486 2708 1627 2765; x_wconf 89' lang='lat' dir='ltr'><strong>bene</strong></span> <span class='ocrx_word' id='word_1_313' title='bbox 1673 2712 1917 2777; x_wconf 87' lang='lat' dir='ltr'><strong>olentes,</strong></span> <span class='ocrx_word' id='word_1_314' title='bbox 1973 2724 2027 2770; x_wconf 88' lang='lat' dir='ltr'><strong>et</strong></span> 
     </span>
    </p>
   </div>
   <div class='ocr_carea' id='block_1_43' title="bbox 439 2795 2027 2870">
    <p class='ocr_par' dir='ltr' id='par_1_43' title="bbox 439 2795 2027 2870">
     <span class='ocr_line' id='line_1_43' title="bbox 439 2795 2027 2870; baseline 0.002 -18"><span class='ocrx_word' id='word_1_315' title='bbox 439 2797 601 2852; x_wconf 88' lang='lat' dir='ltr'><strong>utiles</strong></span> <span class='ocrx_word' id='word_1_316' title='bbox 640 2797 709 2851; x_wconf 91' lang='lat' dir='ltr'><strong>ad</strong></span> <span class='ocrx_word' id='word_1_317' title='bbox 743 2796 1090 2860; x_wconf 87' lang='lat' dir='ltr'><strong>curationes,</strong></span> <span class='ocrx_word' id='word_1_318' title='bbox 1124 2795 1303 2865; x_wconf 88' lang='lat' dir='ltr'><strong>operti</strong></span> <span class='ocrx_word' id='word_1_319' title='bbox 1343 2795 1685 2863; x_wconf 81' lang='lat' dir='ltr'><strong>involucris,</strong></span> <span class='ocrx_word' id='word_1_320' title='bbox 1732 2800 1826 2870; x_wconf 89' lang='lat' dir='ltr'><strong>qui</strong></span> <span class='ocrx_word' id='word_1_321' title='bbox 1874 2802 2027 2856; x_wconf 86' lang='lat' dir='ltr'><strong>simi--</strong></span> 
     </span>
    </p>
   </div>
   <div class='ocr_carea' id='block_1_44' title="bbox 437 2886 2029 2961">
    <p class='ocr_par' dir='ltr' id='par_1_44' title="bbox 437 2886 2029 2961">
     <span class='ocr_line' id='line_1_44' title="bbox 437 2886 2029 2961; baseline 0.003 -18"><span class='ocrx_word' id='word_1_322' title='bbox 437 2888 561 2943; x_wconf 89' lang='lat' dir='ltr'><strong>liter</strong></span> <span class='ocrx_word' id='word_1_323' title='bbox 594 2896 650 2943; x_wconf 85' lang='lat' dir='ltr'><strong>et</strong></span> <span class='ocrx_word' id='word_1_324' title='bbox 693 2887 885 2943; x_wconf 90' lang='lat' dir='ltr'><strong>eodem</strong></span> <span class='ocrx_word' id='word_1_325' title='bbox 931 2886 1095 2943; x_wconf 90' lang='lat' dir='ltr'><strong>modo</strong></span> <span class='ocrx_word' id='word_1_326' title='bbox 1136 2887 1277 2942; x_wconf 90' lang='lat' dir='ltr'><strong>inter</strong></span> <span class='ocrx_word' id='word_1_327' title='bbox 1305 2903 1428 2944; x_wconf 88' lang='lat' dir='ltr'><strong>sese</strong></span> <span class='ocrx_word' id='word_1_328' title='bbox 1454 2888 1687 2955; x_wconf 89' lang='lat' dir='ltr'><strong>habent,</strong></span> <span class='ocrx_word' id='word_1_329' title='bbox 1726 2892 2029 2961; x_wconf 88' lang='lat' dir='ltr'><strong>pulchritu-</strong></span> 
     </span>
    </p>
   </div>
   <div class='ocr_carea' id='block_1_45' title="bbox 438 2977 2028 3053">
    <p class='ocr_par' dir='ltr' id='par_1_45' title="bbox 438 2977 2028 3053">
     <span class='ocr_line' id='line_1_45' title="bbox 438 2977 2028 3053; baseline 0.006 -22"><span class='ocrx_word' id='word_1_330' title='bbox 438 2977 571 3033; x_wconf 83' lang='lat' dir='ltr'><strong>dine</strong></span> <span class='ocrx_word' id='word_1_331' title='bbox 600 2987 652 3032; x_wconf 68' lang='grc' dir='ltr'><strong>ιιι</strong></span> <span class='ocrx_word' id='word_1_332' title='bbox 686 2978 1066 3049; x_wconf 80' lang='lat' dir='ltr'><strong>magnitudine</strong></span> <span class='ocrx_word' id='word_1_333' title='bbox 1100 2985 1154 3050; x_wconf 77' lang='lat' dir='ltr'><strong>et</strong></span> <span class='ocrx_word' id='word_1_334' title='bbox 1189 2979 1336 3034; x_wconf 88' lang='lat' dir='ltr'><strong>bono</strong></span> <span class='ocrx_word' id='word_1_335' title='bbox 1380 2978 1551 3040; x_wconf 82' lang='lat' dir='ltr'><strong>odore</strong></span> <span class='ocrx_word' id='word_1_336' title='bbox 1593 2991 1647 3037; x_wconf 83' lang='lat' dir='ltr'><strong>et</strong></span> <span class='ocrx_word' id='word_1_337' title='bbox 1691 2986 2028 3053; x_wconf 86' lang='lat' dir='ltr'><strong>proprietate</strong></span> 
     </span>
    </p>
   </div>
   <div class='ocr_carea' id='block_1_46' title="bbox 440 3071 2025 3150">
    <p class='ocr_par' dir='ltr' id='par_1_46' title="bbox 440 3071 2025 3150">
     <span class='ocr_line' id='line_1_46' title="bbox 440 3071 2025 3150; baseline 0.003 -24"><span class='ocrx_word' id='word_1_338' title='bbox 440 3071 693 3132; x_wconf 88' lang='lat' dir='ltr'><strong>virtutis,</strong></span> <span class='ocrx_word' id='word_1_339' title='bbox 728 3078 784 3125; x_wconf 88' lang='lat' dir='ltr'><strong>et</strong></span> <span class='ocrx_word' id='word_1_340' title='bbox 810 3079 923 3127; x_wconf 89' lang='lat' dir='ltr'><strong>tres</strong></span> <span class='ocrx_word' id='word_1_341' title='bbox 957 3086 1054 3140; x_wconf 90' lang='lat' dir='ltr'><strong>per</strong></span> <span class='ocrx_word' id='word_1_342' title='bbox 1082 3074 1269 3128; x_wconf 86' lang='lat' dir='ltr'><strong>omnia</strong></span> <span class='ocrx_word' id='word_1_343' title='bbox 1316 3091 1462 3131; x_wconf 82' lang='lat' dir='ltr'><strong>unus</strong></span> <span class='ocrx_word' id='word_1_344' title='bbox 1504 3076 1893 3150; x_wconf 79' lang='lat' dir='ltr'><strong>ostenduntur,</strong></span> <span class='ocrx_word' id='word_1_345' title='bbox 1930 3091 2025 3130; x_wconf 91' lang='lat' dir='ltr'><strong>co-</strong></span> 
     </span>
    </p>
   </div>
   <div class='ocr_carea' id='block_1_47' title="bbox 439 3162 2025 3237">
    <p class='ocr_par' dir='ltr' id='par_1_47' title="bbox 439 3162 2025 3237">
     <span class='ocr_line' id='line_1_47' title="bbox 439 3162 2025 3237; baseline 0.002 -19"><span class='ocrx_word' id='word_1_346' title='bbox 439 3162 574 3219; x_wconf 90' lang='lat' dir='ltr'><strong>loris</strong></span> <span class='ocrx_word' id='word_1_347' title='bbox 607 3163 850 3217; x_wconf 88' lang='lat' dir='ltr'><strong>bonitate</strong></span> <span class='ocrx_word' id='word_1_348' title='bbox 872 3203 887 3230; x_wconf 87' lang='lat'><strong>,</strong></span> <span class='ocrx_word' id='word_1_349' title='bbox 921 3162 1112 3219; x_wconf 88' lang='lat' dir='ltr'><strong>odoris</strong></span> <span class='ocrx_word' id='word_1_350' title='bbox 1147 3167 1425 3222; x_wconf 79' lang='lat' dir='ltr'><strong>suavitate</strong></span> <span class='ocrx_word' id='word_1_351' title='bbox 1452 3206 1467 3232; x_wconf 89' lang='lat'><strong>,</strong></span> <span class='ocrx_word' id='word_1_352' title='bbox 1512 3175 1567 3223; x_wconf 91' lang='lat' dir='ltr'><strong>et</strong></span> <span class='ocrx_word' id='word_1_353' title='bbox 1609 3167 1874 3237; x_wconf 86' lang='lat' dir='ltr'><strong>qualitate</strong></span> <span class='ocrx_word' id='word_1_354' title='bbox 1911 3168 2025 3222; x_wconf 79' lang='lat' dir='ltr'><strong>vir-</strong></span> 
     </span>
    </p>
   </div>
   <div class='ocr_carea' id='block_1_48' title="bbox 440 3251 2025 3327">
    <p class='ocr_par' dir='ltr' id='par_1_48' title="bbox 440 3251 2025 3327">
     <span class='ocr_line' id='line_1_48' title="bbox 440 3251 2025 3327; baseline 0.004 -21"><span class='ocrx_word' id='word_1_355' title='bbox 440 3253 595 3308; x_wconf 91' lang='lat' dir='ltr'><strong>tutis.</strong></span> <span class='ocrx_word' id='word_1_356' title='bbox 632 3251 845 3319; x_wconf 79' lang='lat' dir='ltr'><strong>Quibus</strong></span> <span class='ocrx_word' id='word_1_357' title='bbox 871 3252 1055 3323; x_wconf 81' lang='lat' dir='ltr'><strong>agnati</strong></span> <span class='ocrx_word' id='word_1_358' title='bbox 1084 3261 1215 3309; x_wconf 87' lang='lat' dir='ltr'><strong>sunt</strong></span> <span class='ocrx_word' id='word_1_359' title='bbox 1243 3255 1409 3310; x_wconf 88' lang='lat' dir='ltr'><strong>etiam</strong></span> <span class='ocrx_word' id='word_1_360' title='bbox 1442 3265 1556 3311; x_wconf 85' lang='lat' dir='ltr'><strong>tres</strong></span> <span class='ocrx_word' id='word_1_361' title='bbox 1591 3256 1681 3309; x_wconf 89' lang='lat' dir='ltr'><strong>alii</strong></span> <span class='ocrx_word' id='word_1_362' title='bbox 1704 3297 1719 3319; x_wconf 85' lang='lat'><strong>,</strong></span> <span class='ocrx_word' id='word_1_363' title='bbox 1750 3258 1870 3311; x_wconf 85' lang='lat' dir='ltr'><strong>visu</strong></span> <span class='ocrx_word' id='word_1_364' title='bbox 1901 3259 2025 3327; x_wconf 83' lang='lat' dir='ltr'><strong>qui-</strong></span> 
     </span>
    </p>
   </div>
   <div class='ocr_carea' id='block_1_49' title="bbox 441 3339 2022 3402">
    <p class='ocr_par' dir='ltr' id='par_1_49' title="bbox 441 3339 2022 3402">
     <span class='ocr_line' id='line_1_49' title="bbox 441 3339 2022 3402; baseline 0.001 -3"><span class='ocrx_word' id='word_1_365' title='bbox 441 3346 562 3400; x_wconf 89' lang='lat' dir='ltr'><strong>dem</strong></span> <span class='ocrx_word' id='word_1_366' title='bbox 592 3339 738 3402; x_wconf 79' lang='lat' dir='ltr'><strong>ﬂavi,</strong></span> <span class='ocrx_word' id='word_1_367' title='bbox 775 3341 843 3398; x_wconf 85' lang='lat' dir='ltr'><strong>ad</strong></span> <span class='ocrx_word' id='word_1_368' title='bbox 875 3356 1095 3397; x_wconf 86' lang='lat' dir='ltr'><strong>omnem</strong></span> <span class='ocrx_word' id='word_1_369' title='bbox 1127 3354 1308 3399; x_wconf 89' lang='lat' dir='ltr'><strong>autem</strong></span> <span class='ocrx_word' id='word_1_370' title='bbox 1346 3361 1504 3401; x_wconf 87' lang='lat' dir='ltr'><strong>usum</strong></span> <span class='ocrx_word' id='word_1_371' title='bbox 1553 3346 1832 3402; x_wconf 83' lang='lat' dir='ltr'><strong>salubrem</strong></span> <span class='ocrx_word' id='word_1_372' title='bbox 1872 3348 2022 3402; x_wconf 89' lang='lat' dir='ltr'><strong>nulla</strong></span> 
     </span>
    </p>
   </div>
   <div class='ocr_carea' id='block_1_50' title="bbox 440 3432 2024 3507">
    <p class='ocr_par' dir='ltr' id='par_1_50' title="bbox 440 3432 2024 3507">
     <span class='ocr_line' id='line_1_50' title="bbox 440 3432 2024 3507; baseline 0.004 -19"><span class='ocrx_word' id='word_1_373' title='bbox 440 3433 705 3505; x_wconf 86' lang='lat' dir='ltr'><strong>qualitate</strong></span> <span class='ocrx_word' id='word_1_374' title='bbox 736 3433 972 3504; x_wconf 52' lang='lat' dir='ltr'><strong>praediti.</strong></span> <span class='ocrx_word' id='word_1_375' title='bbox 1025 3432 1146 3500; x_wconf 83' lang='lat' dir='ltr'><strong>Quo</strong></span> <span class='ocrx_word' id='word_1_376' title='bbox 1181 3436 1239 3490; x_wconf 90' lang='lat' dir='ltr'><strong>fit</strong></span> <span class='ocrx_word' id='word_1_377' title='bbox 1274 3443 1332 3490; x_wconf 92' lang='lat' dir='ltr'><strong>ut</strong></span> <span class='ocrx_word' id='word_1_378' title='bbox 1365 3437 1650 3507; x_wconf 89' lang='lat' dir='ltr'><strong>imperitos</strong></span> <span class='ocrx_word' id='word_1_379' title='bbox 1683 3438 1737 3492; x_wconf 93' lang='lat' dir='ltr'><strong>in</strong></span> <span class='ocrx_word' id='word_1_380' title='bbox 1781 3440 1848 3495; x_wconf 90' lang='lat' dir='ltr'><strong>iis</strong></span> <span class='ocrx_word' id='word_1_381' title='bbox 1889 3454 2024 3495; x_wconf 74' lang='lat' dir='ltr'><strong>con-</strong></span> 
     </span>
    </p>
   </div>
   <div class='ocr_carea' id='block_1_51' title="bbox 440 3525 2023 3602">
    <p class='ocr_par' dir='ltr' id='par_1_51' title="bbox 440 3525 2023 3602">
     <span class='ocr_line' id='line_1_51' title="bbox 440 3525 2023 3602; baseline 0.006 -23"><span class='ocrx_word' id='word_1_382' title='bbox 440 3525 617 3598; x_wconf 86' lang='lat' dir='ltr'><strong>tingat</strong></span> <span class='ocrx_word' id='word_1_383' title='bbox 643 3541 853 3591; x_wconf 86' lang='lat' dir='ltr'><strong>errare,</strong></span> <span class='ocrx_word' id='word_1_384' title='bbox 886 3525 979 3597; x_wconf 88' lang='lat' dir='ltr'><strong>qui</strong></span> <span class='ocrx_word' id='word_1_385' title='bbox 1010 3536 1233 3598; x_wconf 79' lang='lat' dir='ltr'><strong>prapter</strong></span> <span class='ocrx_word' id='word_1_386' title='bbox 1256 3530 1459 3584; x_wconf 89' lang='lat' dir='ltr'><strong>bonum</strong></span> <span class='ocrx_word' id='word_1_387' title='bbox 1487 3531 1726 3586; x_wconf 90' lang='lat' dir='ltr'><strong>colorem</strong></span> <span class='ocrx_word' id='word_1_388' title='bbox 1754 3548 1854 3602; x_wconf 91' lang='lat' dir='ltr'><strong>pro</strong></span> <span class='ocrx_word' id='word_1_389' title='bbox 1878 3533 2023 3588; x_wconf 91' lang='lat' dir='ltr'><strong>bono</strong></span> 
     </span>
    </p>
   </div>
   <div class='ocr_carea' id='block_1_52' title="bbox 438 3617 2024 3692">
    <p class='ocr_par' dir='ltr' id='par_1_52' title="bbox 438 3617 2024 3692">
     <span class='ocr_line' id='line_1_52' title="bbox 438 3617 2024 3692; baseline 0.004 -19"><span class='ocrx_word' id='word_1_390' title='bbox 438 3617 740 3687; x_wconf 87' lang='lat' dir='ltr'><strong>decerpunt</strong></span> <span class='ocrx_word' id='word_1_391' title='bbox 766 3617 1160 3673; x_wconf 81' lang='lat' dir='ltr'><strong>adulterinum.</strong></span> <span class='ocrx_word' id='word_1_392' title='bbox 1192 3618 1350 3686; x_wconf 84' lang='lat' dir='ltr'><strong>Quod</strong></span> <span class='ocrx_word' id='word_1_393' title='bbox 1387 3637 1534 3676; x_wconf 90' lang='lat' dir='ltr'><strong>nunc</strong></span> <span class='ocrx_word' id='word_1_394' title='bbox 1561 3635 1779 3692; x_wconf 83' lang='lat' dir='ltr'><strong>quoque</strong></span> <span class='ocrx_word' id='word_1_395' title='bbox 1815 3623 2024 3679; x_wconf 88' lang='lat' dir='ltr'><strong>faciunt</strong></span> 
     </span>
    </p>
   </div>
   <div class='ocr_carea' id='block_1_53' title="bbox 440 3709 2023 3784">
    <p class='ocr_par' dir='ltr' id='par_1_53' title="bbox 440 3709 2023 3784">
     <span class='ocr_line' id='line_1_53' title="bbox 440 3709 2023 3784; baseline 0.005 -21"><span class='ocrx_word' id='word_1_396' title='bbox 440 3709 535 3780; x_wconf 90' lang='lat' dir='ltr'><strong>qui</strong></span> <span class='ocrx_word' id='word_1_397' title='bbox 562 3717 752 3764; x_wconf 86' lang='lat' dir='ltr'><strong>errant</strong></span> <span class='ocrx_word' id='word_1_398' title='bbox 780 3709 929 3765; x_wconf 86' lang='lat' dir='ltr'><strong>circa</strong></span> <span class='ocrx_word' id='word_1_399' title='bbox 961 3709 1146 3775; x_wconf 84' lang='lat' dir='ltr'><strong>ﬁdem,</strong></span> <span class='ocrx_word' id='word_1_400' title='bbox 1167 3712 1260 3781; x_wconf 94' lang='lat' dir='ltr'><strong>qui</strong></span> <span class='ocrx_word' id='word_1_401' title='bbox 1290 3713 1602 3784; x_wconf 91' lang='lat' dir='ltr'><strong>suscipiunt</strong></span> <span class='ocrx_word' id='word_1_402' title='bbox 1630 3731 1822 3771; x_wconf 85' lang='lat' dir='ltr'><strong>omnes</strong></span> <span class='ocrx_word' id='word_1_403' title='bbox 1854 3715 2023 3771; x_wconf 86' lang='lat' dir='ltr'><strong>falsas</strong></span> 
     </span>
    </p>
   </div>
   <div class='ocr_carea' id='block_1_54' title="bbox 440 3801 2020 3881">
    <p class='ocr_par' dir='ltr' id='par_1_54' title="bbox 440 3801 2020 3881">
     <span class='ocr_line' id='line_1_54' title="bbox 440 3801 2020 3881; baseline 0.006 -27"><span class='ocrx_word' id='word_1_404' title='bbox 440 3812 494 3857; x_wconf 85' lang='lat' dir='ltr'><strong>et</strong></span> <span class='ocrx_word' id='word_1_405' title='bbox 523 3810 640 3881; x_wconf 83' lang='lat' dir='ltr'><strong>arte</strong></span> <span class='ocrx_word' id='word_1_406' title='bbox 669 3801 976 3873; x_wconf 82' lang='lat' dir='ltr'><strong>sophistica</strong></span> <span class='ocrx_word' id='word_1_407' title='bbox 1005 3803 1289 3859; x_wconf 83' lang='lat' dir='ltr'><strong>confectas</strong></span> <span class='ocrx_word' id='word_1_408' title='bbox 1319 3806 1642 3873; x_wconf 86' lang='lat' dir='ltr'><strong>opiniones,</strong></span> <span class='ocrx_word' id='word_1_409' title='bbox 1673 3815 1727 3862; x_wconf 87' lang='lat' dir='ltr'><strong>et</strong></span> <span class='ocrx_word' id='word_1_410' title='bbox 1757 3823 1850 3862; x_wconf 85' lang='lat' dir='ltr'><strong>eas</strong></span> <span class='ocrx_word' id='word_1_411' title='bbox 1881 3824 2020 3878; x_wconf 65' lang='lat' dir='ltr'><strong>prae-</strong></span> 
     </span>
    </p>
   </div>
   <div class='ocr_carea' id='block_1_55' title="bbox 441 3894 2022 3975">
    <p class='ocr_par' dir='ltr' id='par_1_55' title="bbox 441 3894 2022 3975">
     <span class='ocr_line' id='line_1_55' title="bbox 441 3894 2022 3975; baseline 0.005 -27"><span class='ocrx_word' id='word_1_412' title='bbox 441 3894 623 3950; x_wconf 87' lang='lat' dir='ltr'><strong>ferunt</strong></span> <span class='ocrx_word' id='word_1_413' title='bbox 647 3896 810 3951; x_wconf 88' lang='lat' dir='ltr'><strong>bonis</strong></span> <span class='ocrx_word' id='word_1_414' title='bbox 838 3902 893 3950; x_wconf 88' lang='lat' dir='ltr'><strong>et</strong></span> <span class='ocrx_word' id='word_1_415' title='bbox 928 3897 1080 3950; x_wconf 87' lang='lat' dir='ltr'><strong>sanis</strong></span> <span class='ocrx_word' id='word_1_416' title='bbox 1110 3896 1482 3975; x_wconf 83' lang='lat' dir='ltr'><strong>dogmatibus.</strong></span> <span class='ocrx_word' id='word_1_417' title='bbox 1534 3898 1710 3969; x_wconf 84' lang='lat' dir='ltr'><strong>Eligat</strong></span> <span class='ocrx_word' id='word_1_418' title='bbox 1755 3901 2022 3955; x_wconf 89' lang='lat' dir='ltr'><strong>auditoris</strong></span> 
     </span>
    </p>
   </div>
   <div class='ocr_carea' id='block_1_56' title="bbox 435 3986 2023 4059">
    <p class='ocr_par' dir='ltr' id='par_1_56' title="bbox 435 3986 2023 4059">
     <span class='ocr_line' id='line_1_56' title="bbox 435 3986 2023 4059; baseline 0.004 -16"><span class='ocrx_word' id='word_1_419' title='bbox 435 3987 707 4056; x_wconf 87' lang='lat' dir='ltr'><strong>judicium</strong></span> <span class='ocrx_word' id='word_1_420' title='bbox 761 3986 911 4057; x_wconf 84' lang='lat' dir='ltr'><strong>quod</strong></span> <span class='ocrx_word' id='word_1_421' title='bbox 963 3987 1139 4053; x_wconf 84' lang='lat' dir='ltr'><strong>velit,</strong></span> <span class='ocrx_word' id='word_1_422' title='bbox 1188 3988 1307 4043; x_wconf 82' lang='lat' dir='ltr'><strong>sive</strong></span> <span class='ocrx_word' id='word_1_423' title='bbox 1354 3990 1585 4046; x_wconf 88' lang='lat' dir='ltr'><strong>alterum</strong></span> <span class='ocrx_word' id='word_1_424' title='bbox 1635 4006 1703 4046; x_wconf 79' lang='lat' dir='ltr'><strong>ex</strong></span> <span class='ocrx_word' id='word_1_425' title='bbox 1753 3992 1855 4059; x_wconf 86' lang='lat' dir='ltr'><strong>iis,</strong></span> <span class='ocrx_word' id='word_1_426' title='bbox 1906 3995 2023 4049; x_wconf 85' lang='lat' dir='ltr'><strong>sive</strong></span> 
     </span>
    </p>
   </div>
   <div class='ocr_carea' id='block_1_57' title="bbox 441 4080 2022 4152">
    <p class='ocr_par' dir='ltr' id='par_1_57' title="bbox 441 4080 2022 4152">
     <span class='ocr_line' id='line_1_57' title="bbox 441 4080 2022 4152; baseline 0.005 -18"><span class='ocrx_word' id='word_1_427' title='bbox 441 4087 777 4152; x_wconf 79' lang='lat' dir='ltr'><strong>utrumque:</strong></span> <span class='ocrx_word' id='word_1_428' title='bbox 829 4086 959 4134; x_wconf 89' lang='lat' dir='ltr'><strong>sunt</strong></span> <span class='ocrx_word' id='word_1_429' title='bbox 1009 4080 1156 4136; x_wconf 89' lang='lat' dir='ltr'><strong>enim</strong></span> <span class='ocrx_word' id='word_1_430' title='bbox 1200 4095 1371 4135; x_wconf 88' lang='lat' dir='ltr'><strong>unum</strong></span> <span class='ocrx_word' id='word_1_431' title='bbox 1417 4082 1824 4151; x_wconf 89' lang='lat' dir='ltr'><strong>quodammodo</strong></span> <span class='ocrx_word' id='word_1_432' title='bbox 1871 4094 2022 4142; x_wconf 71' lang='lat' dir='ltr'><strong>utra—</strong></span> 
     </span>
    </p>
   </div>
   <div class='ocr_carea' id='block_1_58' title="bbox 438 4169 2018 4247">
    <p class='ocr_par' dir='ltr' id='par_1_58' title="bbox 438 4169 2018 4247">
     <span class='ocr_line' id='line_1_58' title="bbox 438 4169 2018 4247; baseline 0.004 -22"><span class='ocrx_word' id='word_1_433' title='bbox 438 4186 576 4242; x_wconf 86' lang='lat' dir='ltr'><strong>que,</strong></span> <span class='ocrx_word' id='word_1_434' title='bbox 630 4169 887 4241; x_wconf 64' lang='lat' dir='ltr'><strong>perfecta:</strong></span> <span class='ocrx_word' id='word_1_435' title='bbox 935 4169 1200 4247; x_wconf 83' lang='lat' dir='ltr'><strong>virtutis,</strong></span> <span class='ocrx_word' id='word_1_436' title='bbox 1247 4180 1302 4226; x_wconf 92' lang='lat' dir='ltr'><strong>et</strong></span> <span class='ocrx_word' id='word_1_437' title='bbox 1347 4171 1652 4229; x_wconf 85' lang='lat' dir='ltr'><strong>divinitatis</strong></span> <span class='ocrx_word' id='word_1_438' title='bbox 1704 4176 2018 4245; x_wconf 87' lang='lat' dir='ltr'><strong>acquisitio.</strong></span> 
     </span>
    </p>
   </div>
   <div class='ocr_carea' id='block_1_59' title="bbox 438 4261 1644 4346">
    <p class='ocr_par' dir='ltr' id='par_1_59' title="bbox 438 4261 1644 4346">
     <span class='ocr_line' id='line_1_59' title="bbox 438 4261 1644 4346; baseline 0.002 -29"><span class='ocrx_word' id='word_1_439' title='bbox 438 4262 559 4318; x_wconf 82' lang='lat' dir='ltr'><strong>Non</strong></span> <span class='ocrx_word' id='word_1_440' title='bbox 589 4269 675 4319; x_wconf 85' lang='lat' dir='ltr'><strong>est</strong></span> <span class='ocrx_word' id='word_1_441' title='bbox 697 4261 850 4346; x_wconf 73' lang='lat' dir='ltr'><strong>lenim</strong></span> <span class='ocrx_word' id='word_1_442' title='bbox 888 4265 1065 4321; x_wconf 86' lang='lat' dir='ltr'><strong>virtus</strong></span> <span class='ocrx_word' id='word_1_443' title='bbox 1094 4269 1251 4319; x_wconf 80' lang='lat' dir='ltr'><strong>extra</strong></span> <span class='ocrx_word' id='word_1_444' title='bbox 1279 4261 1644 4319; x_wconf 86' lang='lat' dir='ltr'><strong>divinitatem.</strong></span> 
     </span>
    </p>
   </div>
   <div class='ocr_carea' id='block_1_60' title="bbox 513 4353 2016 4426">
    <p class='ocr_par' dir='ltr' id='par_1_60' title="bbox 513 4353 2016 4426">
     <span class='ocr_line' id='line_1_60' title="bbox 513 4353 2016 4426; baseline 0.004 -17"><span class='ocrx_word' id='word_1_445' title='bbox 513 4353 626 4410; x_wconf 85' lang='lat' dir='ltr'><strong>Nos</strong></span> <span class='ocrx_word' id='word_1_446' title='bbox 659 4361 841 4411; x_wconf 88' lang='lat' dir='ltr'><strong>autem</strong></span> <span class='ocrx_word' id='word_1_447' title='bbox 868 4363 1215 4412; x_wconf 86' lang='lat' dir='ltr'><strong>transeamus</strong></span> <span class='ocrx_word' id='word_1_448' title='bbox 1246 4355 1314 4410; x_wconf 90' lang='lat' dir='ltr'><strong>ad</strong></span> <span class='ocrx_word' id='word_1_449' title='bbox 1349 4358 1867 4426; x_wconf 76' lang='lat' dir='ltr'><strong>contentplatizmem</strong></span> <span class='ocrx_word' id='word_1_450' title='bbox 1910 4375 2016 4415; x_wconf 64' lang='lat' dir='ltr'><strong>cae—</strong></span> 
     </span>
    </p>
   </div>
   <div class='ocr_carea' id='block_1_61' title="bbox 438 4446 2020 4523">
    <p class='ocr_par' dir='ltr' id='par_1_61' title="bbox 438 4446 2020 4523">
     <span class='ocr_line' id='line_1_61' title="bbox 438 4446 2020 4523; baseline 0.003 -19"><span class='ocrx_word' id='word_1_451' title='bbox 438 4454 681 4515; x_wconf 83' lang='lat' dir='ltr'><strong>terorum</strong></span> <span class='ocrx_word' id='word_1_452' title='bbox 713 4459 1044 4512; x_wconf 85' lang='lat' dir='ltr'><strong>aromatum,</strong></span> <span class='ocrx_word' id='word_1_453' title='bbox 1082 4446 1150 4502; x_wconf 90' lang='lat' dir='ltr'><strong>de</strong></span> <span class='ocrx_word' id='word_1_454' title='bbox 1179 4448 1379 4523; x_wconf 81' lang='lat' dir='ltr'><strong>quibus</strong></span> <span class='ocrx_word' id='word_1_455' title='bbox 1416 4461 1825 4521; x_wconf 86' lang='lat' dir='ltr'><strong>consequenter</strong></span> <span class='ocrx_word' id='word_1_456' title='bbox 1874 4452 2020 4509; x_wconf 89' lang='lat' dir='ltr'><strong>facta</strong></span> 
     </span>
    </p>
   </div>
   <div class='ocr_carea' id='block_1_62' title="bbox 2135 1961 3723 2034">
    <p class='ocr_par' dir='ltr' id='par_1_62' title="bbox 2135 1961 3723 2034">
     <span class='ocr_line' id='line_1_62' title="bbox 2135 1961 3723 2034; baseline -0.001 -19"><span class='ocrx_word' id='word_1_457' title='bbox 2135 1962 2307 2031; x_wconf 80' lang='grc' dir='ltr'>λόγος,</span> <span class='ocrx_word' id='word_1_458' title='bbox 2342 1961 2634 2017; x_wconf 87' lang='grc' dir='ltr'>ἀκόλουθον</span> <span class='ocrx_word' id='word_1_459' title='bbox 2656 1965 2723 2034; x_wconf 82' lang='grc' dir='ltr'>τῇ</span> <span class='ocrx_word' id='word_1_460' title='bbox 2748 1962 2847 2031; x_wconf 81' lang='grc' dir='ltr'>τῆς</span> <span class='ocrx_word' id='word_1_461' title='bbox 2870 1961 3152 2032; x_wconf 88' lang='grc' dir='ltr'>δυνάμεως</span> <span class='ocrx_word' id='word_1_462' title='bbox 3181 1961 3462 2031; x_wconf 85' lang='grc' dir='ltr'>μεσότητι,</span> <span class='ocrx_word' id='word_1_463' title='bbox 3495 1962 3557 2014; x_wconf 67' lang='grc' dir='ltr'>τὸ</span> <span class='ocrx_word' id='word_1_464' title='bbox 3578 1961 3723 2014; x_wconf 66' lang='grc' dir='ltr'>ἀνελυ</span> 
     </span>
    </p>
   </div>
   <div class='ocr_carea' id='block_1_63' title="bbox 2116 2054 3724 2137">
    <p class='ocr_par' dir='ltr' id='par_1_63' title="bbox 2116 2054 3724 2137">
     <span class='ocr_line' id='line_1_63' title="bbox 2116 2054 3724 2137; baseline -0.002 -29"><span class='ocrx_word' id='word_1_465' title='bbox 2116 2054 2316 2137; x_wconf 66' lang='grc' dir='ltr'><strong>¹λειπιές</strong></span> <span class='ocrx_word' id='word_1_466' title='bbox 2346 2072 2406 2107; x_wconf 87' lang='grc' dir='ltr'><strong>τε</strong></span> <span class='ocrx_word' id='word_1_467' title='bbox 2444 2056 2539 2110; x_wconf 74' lang='grc' dir='ltr'>καὶ</span> <span class='ocrx_word' id='word_1_468' title='bbox 2579 2056 2870 2127; x_wconf 81' lang='grc' dir='ltr'>ἀπέριττον</span> <span class='ocrx_word' id='word_1_469' title='bbox 2896 2054 2997 2124; x_wconf 84' lang='grc' dir='ltr'>τῆς</span> <span class='ocrx_word' id='word_1_470' title='bbox 3029 2054 3283 2124; x_wconf 72' lang='grc' dir='ltr'>ἐναρέτου</span> <span class='ocrx_word' id='word_1_471' title='bbox 3331 2055 3724 2115; x_wconf 70' lang='grc' dir='ltr'>καταστάσεως</span> 
     </span>
    </p>
   </div>
   <div class='ocr_carea' id='block_1_64' title="bbox 2135 2142 3726 2220">
    <p class='ocr_par' dir='ltr' id='par_1_64' title="bbox 2135 2142 3726 2220">
     <span class='ocr_line' id='line_1_64' title="bbox 2135 2142 3726 2220; baseline -0.001 -19"><span class='ocrx_word' id='word_1_472' title='bbox 2135 2147 2454 2220; x_wconf 83' lang='grc' dir='ltr'>ὲρμηνεῦον.</span> <span class='ocrx_word' id='word_1_473' title='bbox 2505 2148 2648 2218; x_wconf 86' lang='grc' dir='ltr'>Ἐγὼ</span> <span class='ocrx_word' id='word_1_474' title='bbox 2691 2148 2748 2201; x_wconf 88' lang='grc' dir='ltr'><strong>δέ</strong></span> <span class='ocrx_word' id='word_1_475' title='bbox 2781 2164 2956 2217; x_wconf 77' lang='grc' dir='ltr'>φημι,</span> <span class='ocrx_word' id='word_1_476' title='bbox 2993 2147 3094 2201; x_wconf 76' lang='grc' dir='ltr'>κᾶν</span> <span class='ocrx_word' id='word_1_477' title='bbox 3129 2146 3545 2217; x_wconf 82' lang='grc' dir='ltr'>ἰδιωτικώτερον</span> <span class='ocrx_word' id='word_1_478' title='bbox 3663 2147 3726 2199; x_wconf 75' lang='grc' dir='ltr'>τὺ</span> 
     </span>
    </p>
   </div>
   <div class='ocr_carea' id='block_1_65' title="bbox 2134 2240 3725 2313">
    <p class='ocr_par' dir='ltr' id='par_1_65' title="bbox 2134 2240 3725 2313">
     <span class='ocr_line' id='line_1_65' title="bbox 2134 2240 3725 2313; baseline -0.002 -18"><span class='ocrx_word' id='word_1_479' title='bbox 2134 2242 2446 2311; x_wconf 89' lang='grc' dir='ltr'>λεγόμενον,</span> <span class='ocrx_word' id='word_1_480' title='bbox 2469 2242 2609 2312; x_wconf 82' lang='grc' dir='ltr'>τάχα</span> <span class='ocrx_word' id='word_1_481' title='bbox 2659 2241 2859 2312; x_wconf 83' lang='grc' dir='ltr'>μᾶλλον</span> <span class='ocrx_word' id='word_1_482' title='bbox 2888 2242 3024 2313; x_wconf 76' lang='grc' dir='ltr'>πρὸς</span> <span class='ocrx_word' id='word_1_483' title='bbox 3057 2240 3149 2295; x_wconf 79' lang='grc' dir='ltr'><strong>τὸν</strong></span> <span class='ocrx_word' id='word_1_484' title='bbox 3178 2240 3276 2310; x_wconf 83' lang='grc' dir='ltr'>τῆς</span> <span class='ocrx_word' id='word_1_485' title='bbox 3303 2240 3542 2302; x_wconf 79' lang='grc' dir='ltr'>πίστεως</span> <span class='ocrx_word' id='word_1_486' title='bbox 3564 2240 3725 2307; x_wconf 81' lang='grc' dir='ltr'>λόγον</span> 
     </span>
    </p>
   </div>
   <div class='ocr_carea' id='block_1_66' title="bbox 2133 2330 3722 2406">
    <p class='ocr_par' dir='ltr' id='par_1_66' title="bbox 2133 2330 3722 2406">
     <span class='ocr_line' id='line_1_66' title="bbox 2133 2330 3722 2406; baseline -0.004 -19"><span class='ocrx_word' id='word_1_487' title='bbox 2133 2333 2458 2406; x_wconf 78' lang='grc' dir='ltr'>οἰκειότερον</span> <span class='ocrx_word' id='word_1_488' title='bbox 2511 2332 2571 2386; x_wconf 83' lang='grc' dir='ltr'>τὺ</span> <span class='ocrx_word' id='word_1_489' title='bbox 2617 2334 2846 2404; x_wconf 74' lang='grc' dir='ltr'>αἴνιγμα</span> <span class='ocrx_word' id='word_1_490' title='bbox 2898 2332 2991 2387; x_wconf 83' lang='grc' dir='ltr'>τοῦ</span> <span class='ocrx_word' id='word_1_491' title='bbox 3037 2331 3238 2403; x_wconf 88' lang='grc' dir='ltr'>κρόκου</span> <span class='ocrx_word' id='word_1_492' title='bbox 3293 2330 3722 2401; x_wconf 77' lang='grc' dir='ltr'>παραλαμϐάνε-</span> 
     </span>
    </p>
   </div>
   <div class='ocr_carea' id='block_1_67' title="bbox 2136 2422 3722 2498">
    <p class='ocr_par' dir='ltr' id='par_1_67' title="bbox 2136 2422 3722 2498">
     <span class='ocr_line' id='line_1_67' title="bbox 2136 2422 3722 2498; baseline -0.001 -20"><span class='ocrx_word' id='word_1_493' title='bbox 2136 2425 2279 2479; x_wconf 81' lang='grc' dir='ltr'>σθαι.</span> <span class='ocrx_word' id='word_1_494' title='bbox 2309 2425 2532 2497; x_wconf 87' lang='grc' dir='ltr'>Τριπλῷ</span> <span class='ocrx_word' id='word_1_495' title='bbox 2561 2426 2658 2498; x_wconf 84' lang='grc' dir='ltr'><strong>μὲν</strong></span> <span class='ocrx_word' id='word_1_496' title='bbox 2697 2426 2805 2497; x_wconf 90' lang='grc' dir='ltr'><strong>γάρ</strong></span> <span class='ocrx_word' id='word_1_497' title='bbox 2834 2425 3204 2497; x_wconf 78' lang='grc' dir='ltr'>ὑποτρέφεται</span> <span class='ocrx_word' id='word_1_498' title='bbox 3231 2424 3292 2477; x_wconf 78' lang='grc' dir='ltr'>τὸ</span> <span class='ocrx_word' id='word_1_499' title='bbox 3316 2422 3478 2486; x_wconf 86' lang='grc' dir='ltr'>ἀνθος</span> <span class='ocrx_word' id='word_1_500' title='bbox 3505 2423 3587 2493; x_wconf 82' lang='grc' dir='ltr'>τῷ</span> <span class='ocrx_word' id='word_1_501' title='bbox 3620 2424 3722 2477; x_wconf 66' lang='grc' dir='ltr'>κάς</span> 
     </span>
    </p>
   </div>
   <div class='ocr_carea' id='block_1_68' title="bbox 2133 2515 3727 2586">
    <p class='ocr_par' dir='ltr' id='par_1_68' title="bbox 2133 2515 3727 2586">
     <span class='ocr_line' id='line_1_68' title="bbox 2133 2515 3727 2586; baseline -0.001 -16"><span class='ocrx_word' id='word_1_502' title='bbox 2133 2517 2276 2570; x_wconf 83' lang='grc' dir='ltr'>λυκι⁶</span> <span class='ocrx_word' id='word_1_503' title='bbox 2306 2517 2398 2571; x_wconf 71' lang='grc' dir='ltr'><strong>καὶ</strong></span> <span class='ocrx_word' id='word_1_504' title='bbox 2428 2518 2590 2580; x_wconf 77' lang='grc' dir='ltr'>αὐτὸς</span> <span class='ocrx_word' id='word_1_505' title='bbox 2615 2516 2673 2569; x_wconf 82' lang='grc' dir='ltr'>δὲ</span> <span class='ocrx_word' id='word_1_506' title='bbox 2710 2517 2739 2569; x_wconf 81' lang='grc' dir='ltr'><strong>ό</strong></span> <span class='ocrx_word' id='word_1_507' title='bbox 2773 2515 2941 2583; x_wconf 80' lang='grc' dir='ltr'>κάλυξ</span> <span class='ocrx_word' id='word_1_508' title='bbox 2971 2519 3029 2569; x_wconf 82' lang='grc' dir='ltr'><strong>ἐν</strong></span> <span class='ocrx_word' id='word_1_509' title='bbox 3063 2516 3328 2585; x_wconf 83' lang='grc' dir='ltr'>ἀεροειδεῖ</span> <span class='ocrx_word' id='word_1_510' title='bbox 3351 2516 3416 2583; x_wconf 86' lang='grc' dir='ltr'>τῇ</span> <span class='ocrx_word' id='word_1_511' title='bbox 3444 2516 3607 2586; x_wconf 73' lang='grc' dir='ltr'>χροίᾳ</span> <span class='ocrx_word' id='word_1_512' title='bbox 3632 2515 3727 2568; x_wconf 62' lang='grc' dir='ltr'>ἀνι</span> 
     </span>
    </p>
   </div>
   <div class='ocr_carea' id='block_1_69' title="bbox 2135 2607 3725 2679">
    <p class='ocr_par' dir='ltr' id='par_1_69' title="bbox 2135 2607 3725 2679">
     <span class='ocr_line' id='line_1_69' title="bbox 2135 2607 3725 2679; baseline -0.002 -16"><span class='ocrx_word' id='word_1_513' title='bbox 2135 2608 2225 2671; x_wconf 85' lang='grc' dir='ltr'><strong>θος</strong></span> <span class='ocrx_word' id='word_1_514' title='bbox 2253 2609 2420 2664; x_wconf 84' lang='grc' dir='ltr'>ἐστίν.</span> <span class='ocrx_word' id='word_1_515' title='bbox 2482 2608 2829 2678; x_wconf 82' lang='grc' dir='ltr'>Ἐκλυθείο-ης</span> <span class='ocrx_word' id='word_1_516' title='bbox 2854 2608 2911 2661; x_wconf 79' lang='grc' dir='ltr'>δὲ</span> <span class='ocrx_word' id='word_1_517' title='bbox 2943 2609 3043 2679; x_wconf 83' lang='grc' dir='ltr'><strong>τῆς</strong></span> <span class='ocrx_word' id='word_1_518' title='bbox 3067 2608 3176 2660; x_wconf 83' lang='grc' dir='ltr'>τῶν</span> <span class='ocrx_word' id='word_1_519' title='bbox 3204 2607 3454 2662; x_wconf 84' lang='grc' dir='ltr'>καλύκων</span> <span class='ocrx_word' id='word_1_520' title='bbox 3499 2608 3725 2679; x_wconf 67' lang='lat'><strong>1:59:60-</strong></span> 
     </span>
    </p>
   </div>
   <div class='ocr_carea' id='block_1_70' title="bbox 2134 2699 3729 2774">
    <p class='ocr_par' dir='ltr' id='par_1_70' title="bbox 2134 2699 3729 2774">
     <span class='ocr_line' id='line_1_70' title="bbox 2134 2699 3729 2774; baseline -0.001 -19"><span class='ocrx_word' id='word_1_521' title='bbox 2134 2702 2251 2772; x_wconf 80' lang='grc' dir='ltr'>λῆς,</span> <span class='ocrx_word' id='word_1_522' title='bbox 2279 2703 2406 2774; x_wconf 85' lang='grc' dir='ltr'>τρία</span> <span class='ocrx_word' id='word_1_523' title='bbox 2435 2702 2749 2772; x_wconf 82' lang='grc' dir='ltr'>εὑρίσκεται</span> <span class='ocrx_word' id='word_1_524' title='bbox 2774 2701 2991 2764; x_wconf 84' lang='grc' dir='ltr'>πάντως</span> <span class='ocrx_word' id='word_1_525' title='bbox 3013 2699 3083 2754; x_wconf 74' lang='grc' dir='ltr'>τὰ</span> <span class='ocrx_word' id='word_1_526' title='bbox 3105 2700 3434 2755; x_wconf 81' lang='grc' dir='ltr'>εύπνοοῦντα</span> <span class='ocrx_word' id='word_1_527' title='bbox 3457 2701 3552 2753; x_wconf 75' lang='grc' dir='ltr'><strong>καὶ</strong></span> <span class='ocrx_word' id='word_1_528' title='bbox 3585 2718 3729 2773; x_wconf 82' lang='grc' dir='ltr'>χρη-</span> 
     </span>
    </p>
   </div>
   <div class='ocr_carea' id='block_1_71' title="bbox 2138 2792 3727 2865">
    <p class='ocr_par' dir='ltr' id='par_1_71' title="bbox 2138 2792 3727 2865">
     <span class='ocr_line' id='line_1_71' title="bbox 2138 2792 3727 2865; baseline -0.001 -18"><span class='ocrx_word' id='word_1_529' title='bbox 2138 2794 2429 2865; x_wconf 87' lang='grc' dir='ltr'>σιμεύοντα</span> <span class='ocrx_word' id='word_1_530' title='bbox 2464 2793 2599 2864; x_wconf 79' lang='grc' dir='ltr'>πρὸς</span> <span class='ocrx_word' id='word_1_531' title='bbox 2624 2792 2722 2857; x_wconf 84' lang='grc' dir='ltr'><strong>τάς</strong></span> <span class='ocrx_word' id='word_1_532' title='bbox 2753 2794 2922 2857; x_wconf 74' lang='grc' dir='ltr'>ἰάσεις</span> <span class='ocrx_word' id='word_1_533' title='bbox 2964 2792 3122 2864; x_wconf 78' lang='grc' dir='ltr'>ἄνθη,</span> <span class='ocrx_word' id='word_1_534' title='bbox 3163 2793 3230 2846; x_wconf 87' lang='grc' dir='ltr'><strong>τά</strong></span> <span class='ocrx_word' id='word_1_535' title='bbox 3252 2794 3727 2865; x_wconf 74' lang='grc' dir='ltr'>ύποκεκρυμμένα</span> 
     </span>
    </p>
   </div>
   <div class='ocr_carea' id='block_1_72' title="bbox 2133 2884 3725 2956">
    <p class='ocr_par' dir='ltr' id='par_1_72' title="bbox 2133 2884 3725 2956">
     <span class='ocr_line' id='line_1_72' title="bbox 2133 2884 3725 2956; baseline -0.002 -16"><span class='ocrx_word' id='word_1_536' title='bbox 2133 2889 2246 2950; x_wconf 87' lang='grc' dir='ltr'>τοῖς</span> <span class='ocrx_word' id='word_1_537' title='bbox 2274 2884 2484 2951; x_wconf 84' lang='grc' dir='ltr'>κάλυξι,</span> <span class='ocrx_word' id='word_1_538' title='bbox 2523 2885 2743 2956; x_wconf 80' lang='grc' dir='ltr'>μεγέθει</span> <span class='ocrx_word' id='word_1_539' title='bbox 2783 2886 2878 2938; x_wconf 72' lang='grc' dir='ltr'><strong>καὶ</strong></span> <span class='ocrx_word' id='word_1_540' title='bbox 2903 2885 3088 2939; x_wconf 77' lang='grc' dir='ltr'>κάλλει</span> <span class='ocrx_word' id='word_1_541' title='bbox 3125 2884 3220 2937; x_wconf 72' lang='grc' dir='ltr'><strong>καὶ</strong></span> <span class='ocrx_word' id='word_1_542' title='bbox 3256 2884 3481 2956; x_wconf 80' lang='grc' dir='ltr'>εύπνοίᾳ</span> <span class='ocrx_word' id='word_1_543' title='bbox 3519 2884 3623 2937; x_wconf 76' lang='grc' dir='ltr'>καὶ</span> <span class='ocrx_word' id='word_1_544' title='bbox 3656 2887 3725 2954; x_wconf 70' lang='grc' dir='ltr'>τῇ</span> 
     </span>
    </p>
   </div>
   <div class='ocr_carea' id='block_1_73' title="bbox 2133 2974 3725 3047">
    <p class='ocr_par' dir='ltr' id='par_1_73' title="bbox 2133 2974 3725 3047">
     <span class='ocr_line' id='line_1_73' title="bbox 2133 2974 3725 3047; baseline -0.001 -18"><span class='ocrx_word' id='word_1_545' title='bbox 2133 2975 2235 3045; x_wconf 84' lang='grc' dir='ltr'>τῆς</span> <span class='ocrx_word' id='word_1_546' title='bbox 2260 2976 2540 3047; x_wconf 85' lang='grc' dir='ltr'>δυνάμεως</span> <span class='ocrx_word' id='word_1_547' title='bbox 2575 2976 2795 3046; x_wconf 80' lang='grc' dir='ltr'>ἰδιότητι</span> <span class='ocrx_word' id='word_1_548' title='bbox 2820 2974 3081 3037; x_wconf 81' lang='grc' dir='ltr'>ὡσαύτως</span> <span class='ocrx_word' id='word_1_549' title='bbox 3107 2975 3242 3045; x_wconf 80' lang='grc' dir='ltr'>πρὸς</span> <span class='ocrx_word' id='word_1_550' title='bbox 3272 2974 3477 3043; x_wconf 84' lang='grc' dir='ltr'>ἄλληλα</span> <span class='ocrx_word' id='word_1_551' title='bbox 3499 2975 3725 3045; x_wconf 76' lang='grc' dir='ltr'>ἔχοντα,</span> 
     </span>
    </p>
   </div>
   <div class='ocr_carea' id='block_1_74' title="bbox 2136 3066 3726 3138">
    <p class='ocr_par' dir='ltr' id='par_1_74' title="bbox 2136 3066 3726 3138">
     <span class='ocr_line' id='line_1_74' title="bbox 2136 3066 3726 3138; baseline -0.003 -16"><span class='ocrx_word' id='word_1_552' title='bbox 2136 3069 2229 3122; x_wconf 81' lang='grc' dir='ltr'><strong>καὶ</strong></span> <span class='ocrx_word' id='word_1_553' title='bbox 2261 3068 2320 3120; x_wconf 84' lang='grc' dir='ltr'>ἒν</span> <span class='ocrx_word' id='word_1_554' title='bbox 2346 3071 2413 3121; x_wconf 75' lang='grc' dir='ltr'>τὰ</span> <span class='ocrx_word' id='word_1_555' title='bbox 2439 3067 2568 3138; x_wconf 89' lang='grc' dir='ltr'>τρία</span> <span class='ocrx_word' id='word_1_556' title='bbox 2601 3066 2691 3120; x_wconf 84' lang='grc' dir='ltr'>διὰ</span> <span class='ocrx_word' id='word_1_557' title='bbox 2730 3067 2947 3122; x_wconf 86' lang='grc' dir='ltr'>πάντων</span> <span class='ocrx_word' id='word_1_558' title='bbox 2981 3066 3328 3137; x_wconf 82' lang='grc' dir='ltr'>δεικνύμενα,</span> <span class='ocrx_word' id='word_1_559' title='bbox 3357 3067 3583 3137; x_wconf 60' lang='grc' dir='ltr'>εύχροίξι</span> <span class='ocrx_word' id='word_1_560' title='bbox 3626 3084 3689 3119; x_wconf 83' lang='grc' dir='ltr'><strong>τε</strong></span> <span class='ocrx_word' id='word_1_561' title='bbox 3710 3108 3726 3128; x_wconf 89' lang='grc'><strong>,</strong></span> 
     </span>
    </p>
   </div>
   <div class='ocr_carea' id='block_1_75' title="bbox 2136 3152 3727 3226">
    <p class='ocr_par' dir='ltr' id='par_1_75' title="bbox 2136 3152 3727 3226">
     <span class='ocr_line' id='line_1_75' title="bbox 2136 3152 3727 3226; baseline -0.001 -17"><span class='ocrx_word' id='word_1_562' title='bbox 2136 3156 2315 3220; x_wconf 87' lang='grc' dir='ltr'>καθὼς</span> <span class='ocrx_word' id='word_1_563' title='bbox 2343 3157 2580 3226; x_wconf 72' lang='grc' dir='ltr'>εἴρηται,</span> <span class='ocrx_word' id='word_1_564' title='bbox 2615 3157 2709 3209; x_wconf 79' lang='grc' dir='ltr'>καὶ</span> <span class='ocrx_word' id='word_1_565' title='bbox 2734 3155 2979 3226; x_wconf 68' lang='grc' dir='ltr'>εὐπνοίᾳ,</span> <span class='ocrx_word' id='word_1_566' title='bbox 3019 3157 3114 3208; x_wconf 74' lang='grc' dir='ltr'><strong>καὶ</strong></span> <span class='ocrx_word' id='word_1_567' title='bbox 3146 3152 3224 3224; x_wconf 81' lang='grc' dir='ltr'>τῷ</span> <span class='ocrx_word' id='word_1_568' title='bbox 3255 3154 3391 3223; x_wconf 86' lang='grc' dir='ltr'>ποιῷ</span> <span class='ocrx_word' id='word_1_569' title='bbox 3419 3152 3516 3223; x_wconf 84' lang='grc' dir='ltr'>τῆς</span> <span class='ocrx_word' id='word_1_570' title='bbox 3548 3153 3727 3208; x_wconf 77' lang='grc' dir='ltr'>δυνά-</span> 
     </span>
    </p>
   </div>
   <div class='ocr_carea' id='block_1_76' title="bbox 2134 3243 3726 3320">
    <p class='ocr_par' dir='ltr' id='par_1_76' title="bbox 2134 3243 3726 3320">
     <span class='ocr_line' id='line_1_76' title="bbox 2134 3243 3726 3320; baseline 0 -19"><span class='ocrx_word' id='word_1_571' title='bbox 2134 3266 2298 3319; x_wconf 86' lang='grc' dir='ltr'>μεως.</span> <span class='ocrx_word' id='word_1_572' title='bbox 2330 3243 2425 3311; x_wconf 76' lang='grc' dir='ltr'><strong>Οἷς</strong></span> <span class='ocrx_word' id='word_1_573' title='bbox 2467 3249 2976 3320; x_wconf 85' lang='grc' dir='ltr'>συμπαραπέφυκεν</span> <span class='ocrx_word' id='word_1_574' title='bbox 3011 3246 3176 3318; x_wconf 82' lang='grc' dir='ltr'>’ἐτερα</span> <span class='ocrx_word' id='word_1_575' title='bbox 3212 3246 3362 3318; x_wconf 88' lang='grc' dir='ltr'>τρία,</span> <span class='ocrx_word' id='word_1_576' title='bbox 3404 3246 3575 3312; x_wconf 78' lang='grc' dir='ltr'>ξανθά</span> <span class='ocrx_word' id='word_1_577' title='bbox 3620 3248 3726 3317; x_wconf 83' lang='grc' dir='ltr'><strong>μὲν</strong></span> 
     </span>
    </p>
   </div>
   <div class='ocr_carea' id='block_1_77' title="bbox 2130 3336 3728 3408">
    <p class='ocr_par' dir='ltr' id='par_1_77' title="bbox 2130 3336 3728 3408">
     <span class='ocr_line' id='line_1_77' title="bbox 2130 3336 3728 3408; baseline -0.001 -17"><span class='ocrx_word' id='word_1_578' title='bbox 2130 3337 2279 3400; x_wconf 75' lang='grc' dir='ltr'>ἰδεῖν.</span> <span class='ocrx_word' id='word_1_579' title='bbox 2308 3339 2474 3393; x_wconf 85' lang='grc' dir='ltr'>ἄποια</span> <span class='ocrx_word' id='word_1_580' title='bbox 2495 3338 2551 3391; x_wconf 80' lang='grc' dir='ltr'>δὲ</span> <span class='ocrx_word' id='word_1_581' title='bbox 2577 3339 2713 3408; x_wconf 85' lang='grc' dir='ltr'>πρὸς</span> <span class='ocrx_word' id='word_1_582' title='bbox 2736 3339 2917 3392; x_wconf 81' lang='grc' dir='ltr'>πᾶσαν</span> <span class='ocrx_word' id='word_1_583' title='bbox 2940 3336 3182 3407; x_wconf 81' lang='grc' dir='ltr'>ὑγιεινὴν</span> <span class='ocrx_word' id='word_1_584' title='bbox 3201 3337 3546 3408; x_wconf 69' lang='grc' dir='ltr'>εὐχρηστίαν.</span> <span class='ocrx_word' id='word_1_585' title='bbox 3579 3337 3728 3408; x_wconf 75' lang='grc' dir='ltr'>Περὶ</span> 
     </span>
    </p>
   </div>
   <div class='ocr_carea' id='block_1_78' title="bbox 2126 3428 3731 3502">
    <p class='ocr_par' dir='ltr' id='par_1_78' title="bbox 2126 3428 3731 3502">
     <span class='ocr_line' id='line_1_78' title="bbox 2126 3428 3731 3502; baseline -0.001 -17"><span class='ocrx_word' id='word_1_586' title='bbox 2126 3430 2163 3485; x_wconf 81' lang='grc' dir='ltr'><strong>δι</strong></span> <span class='ocrx_word' id='word_1_587' title='bbox 2193 3431 2400 3499; x_wconf 85' lang='grc' dir='ltr'>γίνεται</span> <span class='ocrx_word' id='word_1_588' title='bbox 2431 3434 2545 3494; x_wconf 85' lang='grc' dir='ltr'>τοῖς</span> <span class='ocrx_word' id='word_1_589' title='bbox 2587 3431 2836 3502; x_wconf 81' lang='grc' dir='ltr'>ἀπείροις</span> <span class='ocrx_word' id='word_1_590' title='bbox 2874 3433 2907 3500; x_wconf 84' lang='grc' dir='ltr'>ἡ</span> <span class='ocrx_word' id='word_1_591' title='bbox 2955 3430 3154 3501; x_wconf 84' lang='grc' dir='ltr'>πλάνη,</span> <span class='ocrx_word' id='word_1_592' title='bbox 3200 3434 3312 3493; x_wconf 82' lang='grc' dir='ltr'>τοῖς</span> <span class='ocrx_word' id='word_1_593' title='bbox 3351 3430 3437 3483; x_wconf 73' lang='grc' dir='ltr'><strong>διὰ</strong></span> <span class='ocrx_word' id='word_1_594' title='bbox 3479 3428 3581 3499; x_wconf 83' lang='grc' dir='ltr'>τὴν</span> <span class='ocrx_word' id='word_1_595' title='bbox 3634 3430 3731 3483; x_wconf 72' lang='grc' dir='ltr'><strong>εὖ·</strong></span> 
     </span>
    </p>
   </div>
   <div class='ocr_carea' id='block_1_79' title="bbox 2126 3521 3724 3596">
    <p class='ocr_par' dir='ltr' id='par_1_79' title="bbox 2126 3521 3724 3596">
     <span class='ocr_line' id='line_1_79' title="bbox 2126 3521 3724 3596; baseline 0.001 -19"><span class='ocrx_word' id='word_1_596' title='bbox 2126 3541 2320 3596; x_wconf 85' lang='grc' dir='ltr'>χροιαν</span> <span class='ocrx_word' id='word_1_597' title='bbox 2371 3524 2431 3577; x_wconf 87' lang='grc' dir='ltr'><strong>τὸ</strong></span> <span class='ocrx_word' id='word_1_598' title='bbox 2476 3523 2628 3578; x_wconf 88' lang='grc' dir='ltr'>νόθον</span> <span class='ocrx_word' id='word_1_599' title='bbox 2671 3524 3024 3594; x_wconf 87' lang='grc' dir='ltr'>δρεπομένοις</span> <span class='ocrx_word' id='word_1_600' title='bbox 3069 3524 3190 3577; x_wconf 80' lang='grc' dir='ltr'>ἀντὶ</span> <span class='ocrx_word' id='word_1_601' title='bbox 3237 3522 3332 3575; x_wconf 82' lang='grc' dir='ltr'>τοῦ</span> <span class='ocrx_word' id='word_1_602' title='bbox 3381 3521 3724 3591; x_wconf 83' lang='grc' dir='ltr'>κρείττονος.</span> 
     </span>
    </p>
   </div>
   <div class='ocr_carea' id='block_1_80' title="bbox 2127 3612 3727 3687">
    <p class='ocr_par' dir='ltr' id='par_1_80' title="bbox 2127 3612 3727 3687">
     <span class='ocr_line' id='line_1_80' title="bbox 2127 3612 3727 3687; baseline -0.001 -17"><span class='ocrx_word' id='word_1_603' title='bbox 2127 3618 2307 3687; x_wconf 83' lang='grc' dir='ltr'>Ὅπερ</span> <span class='ocrx_word' id='word_1_604' title='bbox 2346 3617 2441 3670; x_wconf 70' lang='grc' dir='ltr'><strong>καὶ</strong></span> <span class='ocrx_word' id='word_1_605' title='bbox 2469 3616 2563 3670; x_wconf 82' lang='grc' dir='ltr'>νῦν</span> <span class='ocrx_word' id='word_1_606' title='bbox 2596 3616 2841 3669; x_wconf 75' lang='grc' dir='ltr'>ποιοῦσιν</span> <span class='ocrx_word' id='word_1_607' title='bbox 2876 3618 2926 3669; x_wconf 85' lang='grc' dir='ltr'><strong>οί</strong></span> <span class='ocrx_word' id='word_1_608' title='bbox 2958 3616 3089 3687; x_wconf 79' lang='grc' dir='ltr'>περὶ</span> <span class='ocrx_word' id='word_1_609' title='bbox 3124 3614 3224 3686; x_wconf 83' lang='grc' dir='ltr'><strong>τὴν</strong></span> <span class='ocrx_word' id='word_1_610' title='bbox 3268 3615 3445 3667; x_wconf 89' lang='grc' dir='ltr'>πίστιν</span> <span class='ocrx_word' id='word_1_611' title='bbox 3468 3612 3727 3686; x_wconf 79' lang='grc' dir='ltr'>ἐξαμαρ-</span> 
     </span>
    </p>
   </div>
   <div class='ocr_carea' id='block_1_81' title="bbox 2123 3706 3729 3778">
    <p class='ocr_par' dir='ltr' id='par_1_81' title="bbox 2123 3706 3729 3778">
     <span class='ocr_line' id='line_1_81' title="bbox 2123 3706 3729 3778; baseline -0.001 -17"><span class='ocrx_word' id='word_1_612' title='bbox 2123 3708 2392 3774; x_wconf 86' lang='grc' dir='ltr'>τεύοντες,</span> <span class='ocrx_word' id='word_1_613' title='bbox 2416 3707 2516 3771; x_wconf 81' lang='grc' dir='ltr'><strong>τὰς</strong></span> <span class='ocrx_word' id='word_1_614' title='bbox 2539 3707 2936 3777; x_wconf 75' lang='grc' dir='ltr'>σεσοφισμένας</span> <span class='ocrx_word' id='word_1_615' title='bbox 2960 3707 3175 3770; x_wconf 84' lang='grc' dir='ltr'>ἀπάτας</span> <span class='ocrx_word' id='word_1_616' title='bbox 3201 3706 3308 3778; x_wconf 85' lang='grc' dir='ltr'><strong>πρὸ</strong></span> <span class='ocrx_word' id='word_1_617' title='bbox 3330 3706 3432 3760; x_wconf 82' lang='grc' dir='ltr'><strong>τῶν</strong></span> <span class='ocrx_word' id='word_1_618' title='bbox 3457 3706 3729 3774; x_wconf 79' lang='grc' dir='ltr'>ὑγιεινῶν</span> 
     </span>
    </p>
   </div>
   <div class='ocr_carea' id='block_1_82' title="bbox 2123 3797 3728 3872">
    <p class='ocr_par' dir='ltr' id='par_1_82' title="bbox 2123 3797 3728 3872">
     <span class='ocr_line' id='line_1_82' title="bbox 2123 3797 3728 3872; baseline 0.001 -20"><span class='ocrx_word' id='word_1_619' title='bbox 2123 3799 2411 3872; x_wconf 84' lang='grc' dir='ltr'>δογμάτων</span> <span class='ocrx_word' id='word_1_620' title='bbox 2453 3799 2787 3871; x_wconf 78' lang='grc' dir='ltr'>αἱρούμενοι.</span> <span class='ocrx_word' id='word_1_621' title='bbox 2833 3799 3067 3852; x_wconf 85' lang='grc' dir='ltr'>Ἑλέσθω</span> <span class='ocrx_word' id='word_1_622' title='bbox 3100 3799 3157 3852; x_wconf 80' lang='grc' dir='ltr'><strong>δὲ</strong></span> <span class='ocrx_word' id='word_1_623' title='bbox 3188 3799 3246 3865; x_wconf 75' lang='grc' dir='ltr'>ἐξ</span> <span class='ocrx_word' id='word_1_624' title='bbox 3269 3797 3524 3869; x_wconf 78' lang='grc' dir='ltr'>ἑκατέρου</span> <span class='ocrx_word' id='word_1_625' title='bbox 3548 3800 3590 3869; x_wconf 81' lang='grc' dir='ltr'>ἡ</span> <span class='ocrx_word' id='word_1_626' title='bbox 3622 3799 3728 3853; x_wconf 76' lang='grc' dir='ltr'>τοῦ</span> 
     </span>
    </p>
   </div>
   <div class='ocr_carea' id='block_1_83' title="bbox 2125 3887 3723 3964">
    <p class='ocr_par' dir='ltr' id='par_1_83' title="bbox 2125 3887 3723 3964">
     <span class='ocr_line' id='line_1_83' title="bbox 2125 3887 3723 3964; baseline -0.002 -18"><span class='ocrx_word' id='word_1_627' title='bbox 2125 3891 2397 3963; x_wconf 82' lang='grc' dir='ltr'>ἀκροατοῦ</span> <span class='ocrx_word' id='word_1_628' title='bbox 2425 3891 2603 3964; x_wconf 85' lang='grc' dir='ltr'>κρίσις</span> <span class='ocrx_word' id='word_1_629' title='bbox 2629 3891 2658 3946; x_wconf 84' lang='grc' dir='ltr'><strong>ὃ</strong></span> <span class='ocrx_word' id='word_1_630' title='bbox 2688 3887 2956 3962; x_wconf 73' lang='grc' dir='ltr'>βούλεται,</span> <span class='ocrx_word' id='word_1_631' title='bbox 2987 3891 3041 3944; x_wconf 79' lang='grc' dir='ltr'><strong>εί</strong></span> <span class='ocrx_word' id='word_1_632' title='bbox 3057 3908 3116 3944; x_wconf 89' lang='grc' dir='ltr'><strong>τε</strong></span> <span class='ocrx_word' id='word_1_633' title='bbox 3140 3890 3202 3943; x_wconf 80' lang='grc' dir='ltr'>τὸ</span> <span class='ocrx_word' id='word_1_634' title='bbox 3226 3891 3410 3962; x_wconf 74' lang='grc' dir='ltr'>ἕτερον</span> <span class='ocrx_word' id='word_1_635' title='bbox 3428 3889 3483 3956; x_wconf 77' lang='grc' dir='ltr'><strong>ἐξ</strong></span> <span class='ocrx_word' id='word_1_636' title='bbox 3505 3890 3723 3954; x_wconf 75' lang='grc' dir='ltr'>αὐτῶν,</span> 
     </span>
    </p>
   </div>
   <div class='ocr_carea' id='block_1_84' title="bbox 2124 3981 3723 4057">
    <p class='ocr_par' dir='ltr' id='par_1_84' title="bbox 2124 3981 3723 4057">
     <span class='ocr_line' id='line_1_84' title="bbox 2124 3981 3723 4057; baseline -0.002 -18"><span class='ocrx_word' id='word_1_637' title='bbox 2124 3985 2177 4039; x_wconf 73' lang='grc' dir='ltr'>εἴ</span> <span class='ocrx_word' id='word_1_638' title='bbox 2201 4003 2261 4039; x_wconf 89' lang='grc' dir='ltr'><strong>τε</strong></span> <span class='ocrx_word' id='word_1_639' title='bbox 2293 3985 2601 4057; x_wconf 84' lang='grc' dir='ltr'>ἀμφότερα’</span> <span class='ocrx_word' id='word_1_640' title='bbox 2634 3985 2696 4041; x_wconf 76' lang='grc' dir='ltr'><strong>ἓν</strong></span> <span class='ocrx_word' id='word_1_641' title='bbox 2736 3982 2847 4055; x_wconf 86' lang='grc' dir='ltr'>γὰρ</span> <span class='ocrx_word' id='word_1_642' title='bbox 2869 3984 3069 4054; x_wconf 82' lang='grc' dir='ltr'>τρόπον</span> <span class='ocrx_word' id='word_1_643' title='bbox 3096 3983 3217 4037; x_wconf 85' lang='grc' dir='ltr'>τινά</span> <span class='ocrx_word' id='word_1_644' title='bbox 3240 3985 3386 4035; x_wconf 77' lang='grc' dir='ltr'>ἐστιν</span> <span class='ocrx_word' id='word_1_645' title='bbox 3407 3981 3723 4054; x_wconf 83' lang='grc' dir='ltr'>ἀμφότερα,</span> 
     </span>
    </p>
   </div>
   <div class='ocr_carea' id='block_1_85' title="bbox 2123 4073 3726 4149">
    <p class='ocr_par' dir='ltr' id='par_1_85' title="bbox 2123 4073 3726 4149">
     <span class='ocr_line' id='line_1_85' title="bbox 2123 4073 3726 4149; baseline -0.002 -19"><span class='ocrx_word' id='word_1_646' title='bbox 2123 4080 2158 4149; x_wconf 75' lang='grc' dir='ltr'>ἦ</span> <span class='ocrx_word' id='word_1_647' title='bbox 2185 4094 2235 4133; x_wconf 79' lang='grc' dir='ltr'><strong>τε</strong></span> <span class='ocrx_word' id='word_1_648' title='bbox 2249 4079 2349 4148; x_wconf 77' lang='grc' dir='ltr'>τῆς</span> <span class='ocrx_word' id='word_1_649' title='bbox 2372 4077 2586 4142; x_wconf 80' lang='grc' dir='ltr'>τελείας</span> <span class='ocrx_word' id='word_1_650' title='bbox 2623 4078 2825 4149; x_wconf 82' lang='grc' dir='ltr'>ἀρετῆς</span> <span class='ocrx_word' id='word_1_651' title='bbox 2846 4116 2860 4141; x_wconf 88' lang='grc'><strong>,</strong></span> <span class='ocrx_word' id='word_1_652' title='bbox 2892 4077 2989 4129; x_wconf 76' lang='grc' dir='ltr'>καὶ</span> <span class='ocrx_word' id='word_1_653' title='bbox 3030 4078 3063 4147; x_wconf 79' lang='grc' dir='ltr'>ἡ</span> <span class='ocrx_word' id='word_1_654' title='bbox 3094 4078 3192 4147; x_wconf 78' lang='grc' dir='ltr'>τῆς</span> <span class='ocrx_word' id='word_1_655' title='bbox 3217 4073 3465 4146; x_wconf 84' lang='grc' dir='ltr'>θεότητος</span> <span class='ocrx_word' id='word_1_656' title='bbox 3491 4076 3597 4144; x_wconf 82' lang='grc' dir='ltr'>κτῆ</span> <span class='ocrx_word' id='word_1_657' title='bbox 3610 4091 3726 4138; x_wconf 78' lang='grc' dir='ltr'>σις.</span> 
     </span>
    </p>
   </div>
   <div class='ocr_carea' id='block_1_86' title="bbox 2125 4164 3085 4239">
    <p class='ocr_par' dir='ltr' id='par_1_86' title="bbox 2125 4164 3085 4239">
     <span class='ocr_line' id='line_1_86' title="bbox 2125 4164 3085 4239; baseline -0.005 -18"><span class='ocrx_word' id='word_1_658' title='bbox 2125 4167 2200 4221; x_wconf 86' lang='grc' dir='ltr'><strong>Οὐ</strong></span> <span class='ocrx_word' id='word_1_659' title='bbox 2229 4166 2336 4239; x_wconf 81' lang='grc' dir='ltr'><strong>γὰρ</strong></span> <span class='ocrx_word' id='word_1_660' title='bbox 2364 4165 2470 4231; x_wconf 76' lang='grc' dir='ltr'><strong>ἔξω</strong></span> <span class='ocrx_word' id='word_1_661' title='bbox 2492 4166 2661 4238; x_wconf 84' lang='grc' dir='ltr'>ἀρετὴ</span> <span class='ocrx_word' id='word_1_662' title='bbox 2687 4166 2786 4236; x_wconf 84' lang='grc' dir='ltr'>τῆς</span> <span class='ocrx_word' id='word_1_663' title='bbox 2811 4164 3085 4234; x_wconf 79' lang='grc' dir='ltr'>θεότητος.</span> 
     </span>
    </p>
   </div>
   <div class='ocr_carea' id='block_1_87' title="bbox 2205 4355 3720 4431">
    <p class='ocr_par' dir='ltr' id='par_1_87' title="bbox 2205 4355 3720 4431">
     <span class='ocr_line' id='line_1_87' title="bbox 2205 4355 3720 4431; baseline -0.007 -15"><span class='ocrx_word' id='word_1_664' title='bbox 2205 4363 2395 4431; x_wconf 83' lang='grc' dir='ltr'>Ἡμεῖς</span> <span class='ocrx_word' id='word_1_665' title='bbox 2436 4362 2492 4414; x_wconf 79' lang='grc' dir='ltr'><strong>δὲ</strong></span> <span class='ocrx_word' id='word_1_666' title='bbox 2526 4362 2618 4414; x_wconf 75' lang='grc' dir='ltr'><strong>ἐπὶ</strong></span> <span class='ocrx_word' id='word_1_667' title='bbox 2649 4361 2749 4430; x_wconf 83' lang='grc' dir='ltr'><strong>τὴν</strong></span> <span class='ocrx_word' id='word_1_668' title='bbox 2777 4359 2886 4412; x_wconf 84' lang='grc' dir='ltr'>τῶν</span> <span class='ocrx_word' id='word_1_669' title='bbox 2913 4358 3115 4411; x_wconf 82' lang='grc' dir='ltr'>λοιπῶν</span> <span class='ocrx_word' id='word_1_670' title='bbox 3148 4357 3452 4429; x_wconf 84' lang='grc' dir='ltr'>ἀρωμάτων</span> <span class='ocrx_word' id='word_1_671' title='bbox 3473 4355 3720 4423; x_wconf 74' lang='grc' dir='ltr'>θεωρίαν</span> 
     </span>
    </p>
   </div>
   <div class='ocr_carea' id='block_1_88' title="bbox 2128 4446 3719 4525">
    <p class='ocr_par' dir='ltr' id='par_1_88' title="bbox 2128 4446 3719 4525">
     <span class='ocr_line' id='line_1_88' title="bbox 2128 4446 3719 4525; baseline -0.004 -18"><span class='ocrx_word' id='word_1_672' title='bbox 2128 4453 2494 4525; x_wconf 85' lang='grc' dir='ltr'>μετέλθωμεν,</span> <span class='ocrx_word' id='word_1_673' title='bbox 2526 4451 2634 4505; x_wconf 85' lang='grc' dir='ltr'><strong>τῶν</strong></span> <span class='ocrx_word' id='word_1_674' title='bbox 2667 4452 2735 4504; x_wconf 80' lang='grc' dir='ltr'>δι’</span> <span class='ocrx_word' id='word_1_675' title='bbox 2765 4449 3058 4505; x_wconf 82' lang='grc' dir='ltr'>ἀκολούθου</span> <span class='ocrx_word' id='word_1_676' title='bbox 3094 4446 3566 4521; x_wconf 85' lang='grc' dir='ltr'>μνημονευθέντων</span> <span class='ocrx_word' id='word_1_677' title='bbox 3605 4447 3719 4501; x_wconf 67' lang='grc' dir='ltr'>ὑπὸ</span> 
     </span>
    </p>
   </div>
   <div class='ocr_carea' id='block_1_89' title="bbox 438 4538 2023 4616">
    <p class='ocr_par' dir='ltr' id='par_1_89' title="bbox 438 4538 2019 4614">
     <span class='ocr_line' id='line_1_89' title="bbox 438 4538 2019 4614; baseline 0.004 -20"><span class='ocrx_word' id='word_1_678' title='bbox 438 4550 521 4595; x_wconf 87' lang='lat' dir='ltr'><strong>est</strong></span> <span class='ocrx_word' id='word_1_679' title='bbox 555 4541 762 4596; x_wconf 77' lang='lat' dir='ltr'><strong>ruentia</strong></span> <span class='ocrx_word' id='word_1_680' title='bbox 792 4539 846 4594; x_wconf 93' lang='lat' dir='ltr'><strong>in</strong></span> <span class='ocrx_word' id='word_1_681' title='bbox 873 4540 1144 4595; x_wconf 89' lang='lat' dir='ltr'><strong>oratione.</strong></span> <span class='ocrx_word' id='word_1_682' title='bbox 1193 4538 1469 4606; x_wconf 76' lang='lat' dir='ltr'><strong>Calamus,</strong></span> <span class='ocrx_word' id='word_1_683' title='bbox 1505 4544 1704 4614; x_wconf 90' lang='lat' dir='ltr'><strong>inquit,</strong></span> <span class='ocrx_word' id='word_1_684' title='bbox 1756 4554 1807 4598; x_wconf 78' lang='lat' dir='ltr'><strong>et</strong></span> <span class='ocrx_word' id='word_1_685' title='bbox 1832 4546 2019 4601; x_wconf 78' lang='lat' dir='ltr'><strong>cinna-</strong></span> 
     </span>
    </p>
   </div>
   <div class='ocr_carea' id='block_1_90' title="bbox 2133 4538 3717 4616">
    <p class='ocr_par' dir='ltr' id='par_1_90' title="bbox 2133 4539 3717 4613">
     <span class='ocr_line' id='line_1_90' title="bbox 2133 4539 3717 4613; baseline -0.005 -15"><span class='ocrx_word' id='word_1_686' title='bbox 2133 4544 2220 4598; x_wconf 78' lang='grc' dir='ltr'>τοῦ</span> <span class='ocrx_word' id='word_1_687' title='bbox 2256 4544 2434 4613; x_wconf 83' lang='grc' dir='ltr'>λόγου.</span> <span class='ocrx_word' id='word_1_688' title='bbox 2471 4542 2785 4613; x_wconf 74' lang='grc' dir='ltr'>Κάλαμος,</span> <span class='ocrx_word' id='word_1_689' title='bbox 2826 4541 2995 4613; x_wconf 64' lang='grc' dir='ltr'>φησι,</span> <span class='ocrx_word' id='word_1_690' title='bbox 3029 4540 3129 4595; x_wconf 82' lang='grc' dir='ltr'>καὶ</span> <span class='ocrx_word' id='word_1_691' title='bbox 3165 4539 3565 4608; x_wconf 73' lang='grc' dir='ltr'>κιννάμωμον,</span> <span class='ocrx_word' id='word_1_692' title='bbox 3609 4540 3717 4591; x_wconf 78' lang='grc' dir='ltr'>καὶ</span> 
     </span>
    </p>
   </div>
   <div class='ocr_carea' id='block_1_91' title="bbox 439 4631 2022 4709">
    <p class='ocr_par' dir='ltr' id='par_1_91' title="bbox 439 4631 2022 4709">
     <span class='ocr_line' id='line_1_91' title="bbox 439 4631 2022 4709; baseline 0.006 -25"><span class='ocrx_word' id='word_1_693' title='bbox 439 4647 694 4696; x_wconf 76' lang='lat' dir='ltr'><strong>montum,</strong></span> <span class='ocrx_word' id='word_1_694' title='bbox 739 4639 789 4709; x_wconf 69' lang='lat' dir='ltr'><strong>et</strong></span> <span class='ocrx_word' id='word_1_695' title='bbox 820 4647 1000 4699; x_wconf 80' lang='lat' dir='ltr'><strong>pontu.</strong></span> <span class='ocrx_word' id='word_1_696' title='bbox 1046 4631 1211 4689; x_wconf 80' lang='lat' dir='ltr'><strong>Poma</strong></span> <span class='ocrx_word' id='word_1_697' title='bbox 1257 4639 1441 4688; x_wconf 86' lang='lat' dir='ltr'><strong>autem</strong></span> <span class='ocrx_word' id='word_1_698' title='bbox 1480 4641 1611 4691; x_wconf 90' lang='lat' dir='ltr'><strong>sunt</strong></span> <span class='ocrx_word' id='word_1_699' title='bbox 1662 4634 1873 4691; x_wconf 84' lang='lat' dir='ltr'><strong>fructus</strong></span> <span class='ocrx_word' id='word_1_700' title='bbox 1928 4641 2022 4707; x_wconf 91' lang='lat' dir='ltr'><strong>qui</strong></span> 
     </span>
    </p>
   </div>
   <div class='ocr_carea' id='block_1_92' title="bbox 442 4723 2015 4797">
    <p class='ocr_par' dir='ltr' id='par_1_92' title="bbox 442 4723 2015 4797">
     <span class='ocr_line' id='line_1_92' title="bbox 442 4723 2015 4797; baseline 0.005 -21"><span class='ocrx_word' id='word_1_701' title='bbox 442 4723 822 4792; x_wconf 81' lang='lat' dir='ltr'><strong>producuntur</strong></span> <span class='ocrx_word' id='word_1_702' title='bbox 873 4739 940 4779; x_wconf 86' lang='lat' dir='ltr'><strong>ex</strong></span> <span class='ocrx_word' id='word_1_703' title='bbox 1001 4723 1163 4779; x_wconf 88' lang='lat' dir='ltr'><strong>malis</strong></span> <span class='ocrx_word' id='word_1_704' title='bbox 1220 4725 1438 4795; x_wconf 90' lang='lat' dir='ltr'><strong>puuicis</strong></span> <span class='ocrx_word' id='word_1_705' title='bbox 1496 4726 1740 4796; x_wconf 88' lang='lat' dir='ltr'><strong>paradisi</strong></span> <span class='ocrx_word' id='word_1_706' title='bbox 1777 4744 2015 4797; x_wconf 63' lang='lat' dir='ltr'><strong>sponsae.</strong></span> 
     </span>
    </p>
   </div>
   <div class='ocr_carea' id='block_1_93' title="bbox 442 4812 2018 4884">
    <p class='ocr_par' dir='ltr' id='par_1_93' title="bbox 442 4812 2018 4884">
     <span class='ocr_line' id='line_1_93' title="bbox 442 4812 2018 4884; baseline 0.004 -13"><span class='ocrx_word' id='word_1_707' title='bbox 442 4812 550 4871; x_wconf 79' lang='lat' dir='ltr'><strong>Sed</strong></span> <span class='ocrx_word' id='word_1_708' title='bbox 601 4814 887 4876; x_wconf 37' lang='lat' dir='ltr'><strong>calamum.</strong></span> <span class='ocrx_word' id='word_1_709' title='bbox 926 4814 1145 4884; x_wconf 89' lang='lat' dir='ltr'><strong>quidem</strong></span> <span class='ocrx_word' id='word_1_710' title='bbox 1175 4815 1367 4872; x_wconf 88' lang='lat' dir='ltr'><strong>dicunt</strong></span> <span class='ocrx_word' id='word_1_711' title='bbox 1400 4816 1545 4871; x_wconf 89' lang='lat' dir='ltr'><strong>bono</strong></span> <span class='ocrx_word' id='word_1_712' title='bbox 1583 4818 1753 4873; x_wconf 87' lang='lat' dir='ltr'><strong>odore</strong></span> <span class='ocrx_word' id='word_1_713' title='bbox 1802 4822 2018 4877; x_wconf 73' lang='lat' dir='ltr'><strong>caeteris</strong></span> 
     </span>
    </p>
   </div>
   <div class='ocr_carea' id='block_1_94' title="bbox 438 4905 2015 4979">
    <p class='ocr_par' dir='ltr' id='par_1_94' title="bbox 438 4905 2015 4979">
     <span class='ocr_line' id='line_1_94' title="bbox 438 4905 2015 4979; baseline 0.004 -19"><span class='ocrx_word' id='word_1_714' title='bbox 438 4905 786 4969; x_wconf 74' lang='lat' dir='ltr'><strong>antecedere,</strong></span> <span class='ocrx_word' id='word_1_715' title='bbox 817 4906 951 4963; x_wconf 89' lang='lat' dir='ltr'><strong>adeo</strong></span> <span class='ocrx_word' id='word_1_716' title='bbox 983 4914 1096 4961; x_wconf 88' lang='lat' dir='ltr'><strong>uta</strong></span> <span class='ocrx_word' id='word_1_717' title='bbox 1143 4908 1258 4978; x_wconf 85' lang='lat' dir='ltr'><strong>lege</strong></span> <span class='ocrx_word' id='word_1_718' title='bbox 1298 4919 1612 4979; x_wconf 79' lang='lat' dir='ltr'><strong>assumatur</strong></span> <span class='ocrx_word' id='word_1_719' title='bbox 1637 4912 1716 4971; x_wconf 87' lang='lat' dir='ltr'><strong>.ad</strong></span> <span class='ocrx_word' id='word_1_720' title='bbox 1773 4912 2015 4967; x_wconf 89' lang='lat' dir='ltr'><strong>suflitum</strong></span> 
     </span>
    </p>
   </div>
   <div class='ocr_carea' id='block_1_95' title="bbox 437 4995 2026 5059">
    <p class='ocr_par' dir='ltr' id='par_1_95' title="bbox 437 4995 2026 5059">
     <span class='ocr_line' id='line_1_95' title="bbox 437 4995 2026 5059; baseline 0.003 -7"><span class='ocrx_word' id='word_1_721' title='bbox 437 4995 940 5057; x_wconf 47' lang='lat' dir='ltr'><strong>sacerdotalem”;</strong></span> <span class='ocrx_word' id='word_1_722' title='bbox 972 4998 1384 5054; x_wconf 88' lang='lat' dir='ltr'><strong>cinnamomum</strong></span> <span class='ocrx_word' id='word_1_723' title='bbox 1455 5007 1635 5053; x_wconf 87' lang='lat' dir='ltr'><strong>autem</strong></span> <span class='ocrx_word' id='word_1_724' title='bbox 1705 5004 1910 5057; x_wconf 71' lang='lat' dir='ltr'><strong>varEam</strong></span> <span class='ocrx_word' id='word_1_725' title='bbox 1971 5012 2026 5059; x_wconf 86' lang='lat' dir='ltr'><strong>et</strong></span> 
     </span>
    </p>
   </div>
   <div class='ocr_carea' id='block_1_96' title="bbox 439 5086 2024 5159">
    <p class='ocr_par' dir='ltr' id='par_1_96' title="bbox 439 5086 2024 5159">
     <span class='ocr_line' id='line_1_96' title="bbox 439 5086 2024 5159; baseline 0.006 -21"><span class='ocrx_word' id='word_1_726' title='bbox 439 5086 795 5157; x_wconf 72' lang='lat' dir='ltr'><strong>multiplicem</strong></span> <span class='ocrx_word' id='word_1_727' title='bbox 836 5088 1208 5157; x_wconf 82' lang='lat' dir='ltr'><strong>operationem</strong></span> <span class='ocrx_word' id='word_1_728' title='bbox 1246 5104 1349 5159; x_wconf 90' lang='lat' dir='ltr'><strong>per</strong></span> <span class='ocrx_word' id='word_1_729' title='bbox 1380 5091 1681 5159; x_wconf 81' lang='lat' dir='ltr'><strong>quamdam</strong></span> <span class='ocrx_word' id='word_1_730' title='bbox 1715 5094 2024 5148; x_wconf 88' lang='lat' dir='ltr'><strong>naturalem</strong></span> 
     </span>
    </p>
   </div>
   <div class='ocr_carea' id='block_1_97' title="bbox 440 5177 2022 5252">
    <p class='ocr_par' dir='ltr' id='par_1_97' title="bbox 440 5177 2022 5252">
     <span class='ocr_line' id='line_1_97' title="bbox 440 5177 2022 5252; baseline 0.006 -20"><span class='ocrx_word' id='word_1_731' title='bbox 440 5177 752 5234; x_wconf 76' lang='lat' dir='ltr'><strong>facultatem</strong></span> <span class='ocrx_word' id='word_1_732' title='bbox 782 5181 1124 5249; x_wconf 86' lang='lat' dir='ltr'><strong>promittere,</strong></span> <span class='ocrx_word' id='word_1_733' title='bbox 1176 5196 1243 5236; x_wconf 79' lang='lat' dir='ltr'><strong>ex</strong></span> <span class='ocrx_word' id='word_1_734' title='bbox 1274 5182 1481 5252; x_wconf 82' lang='lat' dir='ltr'><strong>quibus</strong></span> <span class='ocrx_word' id='word_1_735' title='bbox 1528 5185 1698 5239; x_wconf 88' lang='lat' dir='ltr'><strong>multa</strong></span> <span class='ocrx_word' id='word_1_736' title='bbox 1731 5186 1895 5244; x_wconf 85' lang='lat' dir='ltr'><strong>fidem</strong></span> <span class='ocrx_word' id='word_1_737' title='bbox 1937 5189 2022 5242; x_wconf 88' lang='lat' dir='ltr'><strong>vi-</strong></span> 
     </span>
    </p>
   </div>
   <div class='ocr_carea' id='block_1_98' title="bbox 438 5267 2023 5345">
    <p class='ocr_par' dir='ltr' id='par_1_98' title="bbox 438 5267 2023 5345">
     <span class='ocr_line' id='line_1_98' title="bbox 438 5267 2023 5345; baseline 0.006 -21"><span class='ocrx_word' id='word_1_738' title='bbox 438 5267 639 5326; x_wconf 65' lang='lat' dir='ltr'><strong>rlentur</strong></span> <span class='ocrx_word' id='word_1_739' title='bbox 681 5286 966 5342; x_wconf 88' lang='lat' dir='ltr'><strong>superare.</strong></span> <span class='ocrx_word' id='word_1_740' title='bbox 1020 5273 1186 5327; x_wconf 80' lang='lat' dir='ltr'><strong>Aiunt</strong></span> <span class='ocrx_word' id='word_1_741' title='bbox 1213 5275 1358 5332; x_wconf 88' lang='lat' dir='ltr'><strong>enim</strong></span> <span class='ocrx_word' id='word_1_742' title='bbox 1390 5290 1531 5345; x_wconf 82' lang='lat' dir='ltr'><strong>aqua</strong></span> <span class='ocrx_word' id='word_1_743' title='bbox 1571 5276 1833 5333; x_wconf 89' lang='lat' dir='ltr'><strong>bulliente</strong></span> <span class='ocrx_word' id='word_1_744' title='bbox 1857 5278 1914 5333; x_wconf 91' lang='lat' dir='ltr'><strong>in</strong></span> <span class='ocrx_word' id='word_1_745' title='bbox 1947 5280 2023 5333; x_wconf 84' lang='lat' dir='ltr'><strong>le-</strong></span> 
     </span>
    </p>
   </div>
   <div class='ocr_carea' id='block_1_99' title="bbox 442 5362 2023 5439">
    <p class='ocr_par' dir='ltr' id='par_1_99' title="bbox 442 5362 2023 5439">
     <span class='ocr_line' id='line_1_99' title="bbox 442 5362 2023 5439; baseline 0.005 -22"><span class='ocrx_word' id='word_1_746' title='bbox 442 5369 581 5424; x_wconf 80' lang='lat' dir='ltr'><strong>ucte.</strong></span> <span class='ocrx_word' id='word_1_747' title='bbox 640 5362 687 5418; x_wconf 83' lang='lat' dir='ltr'><strong>si</strong></span> <span class='ocrx_word' id='word_1_748' title='bbox 719 5377 840 5418; x_wconf 89' lang='lat' dir='ltr'><strong>eam</strong></span> <span class='ocrx_word' id='word_1_749' title='bbox 864 5364 1045 5419; x_wconf 88' lang='lat' dir='ltr'><strong>solum</strong></span> <span class='ocrx_word' id='word_1_750' title='bbox 1080 5370 1267 5436; x_wconf 90' lang='lat' dir='ltr'><strong>tangat</strong></span> <span class='ocrx_word' id='word_1_751' title='bbox 1302 5366 1407 5422; x_wconf 91' lang='lat' dir='ltr'><strong>hoc</strong></span> <span class='ocrx_word' id='word_1_752' title='bbox 1440 5382 1651 5434; x_wconf 86' lang='lat' dir='ltr'><strong>aroma,</strong></span> <span class='ocrx_word' id='word_1_753' title='bbox 1702 5385 1902 5439; x_wconf 84' lang='lat' dir='ltr'><strong>aquam</strong></span> <span class='ocrx_word' id='word_1_754' title='bbox 1936 5387 2023 5425; x_wconf 85' lang='lat' dir='ltr'><strong>re-</strong></span> 
     </span>
    </p>
   </div>
   <div class='ocr_carea' id='block_1_100' title="bbox 442 5449 2016 5527">
    <p class='ocr_par' dir='ltr' id='par_1_100' title="bbox 442 5449 2016 5527">
     <span class='ocr_line' id='line_1_100' title="bbox 442 5449 2016 5527; baseline 0.006 -22"><span class='ocrx_word' id='word_1_755' title='bbox 442 5449 707 5523; x_wconf 82' lang='lat' dir='ltr'><strong>frigerare</strong></span> <span class='ocrx_word' id='word_1_756' title='bbox 723 5455 1015 5525; x_wconf 71' lang='lat' dir='ltr'><strong>protinus,</strong></span> <span class='ocrx_word' id='word_1_757' title='bbox 1046 5462 1101 5510; x_wconf 86' lang='lat' dir='ltr'><strong>et</strong></span> <span class='ocrx_word' id='word_1_758' title='bbox 1125 5455 1331 5511; x_wconf 87' lang='lat' dir='ltr'><strong>illatam</strong></span> <span class='ocrx_word' id='word_1_759' title='bbox 1364 5457 1421 5512; x_wconf 92' lang='lat' dir='ltr'><strong>in</strong></span> <span class='ocrx_word' id='word_1_760' title='bbox 1451 5459 1672 5515; x_wconf 86' lang='lat' dir='ltr'><strong>fervens</strong></span> <span class='ocrx_word' id='word_1_761' title='bbox 1711 5461 2016 5527; x_wconf 86' lang='lat' dir='ltr'><strong>lavacrum,</strong></span> 
     </span>
    </p>
   </div>
   <div class='ocr_carea' id='block_1_101' title="bbox 441 5544 2015 5623">
    <p class='ocr_par' dir='ltr' id='par_1_101' title="bbox 441 5544 2015 5623">
     <span class='ocr_line' id='line_1_101' title="bbox 441 5544 2015 5623; baseline 0.008 -31"><span class='ocrx_word' id='word_1_762' title='bbox 441 5544 694 5601; x_wconf 82' lang='lat' dir='ltr'><strong>ardorem</strong></span> <span class='ocrx_word' id='word_1_763' title='bbox 725 5545 817 5615; x_wconf 89' lang='lat' dir='ltr'><strong>qui</strong></span> <span class='ocrx_word' id='word_1_764' title='bbox 851 5554 937 5603; x_wconf 89' lang='lat' dir='ltr'><strong>est</strong></span> <span class='ocrx_word' id='word_1_765' title='bbox 964 5547 1020 5602; x_wconf 93' lang='lat' dir='ltr'><strong>in</strong></span> <span class='ocrx_word' id='word_1_766' title='bbox 1053 5561 1204 5611; x_wconf 88' lang='lat' dir='ltr'><strong>aere,</strong></span> <span class='ocrx_word' id='word_1_767' title='bbox 1237 5556 1612 5605; x_wconf 86' lang='lat' dir='ltr'><strong>transmutare</strong></span> <span class='ocrx_word' id='word_1_768' title='bbox 1657 5552 1712 5605; x_wconf 91' lang='lat' dir='ltr'><strong>in</strong></span> <span class='ocrx_word' id='word_1_769' title='bbox 1749 5552 2015 5623; x_wconf 83' lang='lat' dir='ltr'><strong>algorem,</strong></span> 
     </span>
    </p>
   </div>
   <div class='ocr_carea' id='block_1_102' title="bbox 439 5633 2016 5711">
    <p class='ocr_par' dir='ltr' id='par_1_102' title="bbox 439 5633 2016 5711">
     <span class='ocr_line' id='line_1_102' title="bbox 439 5633 2016 5711; baseline 0.006 -25"><span class='ocrx_word' id='word_1_770' title='bbox 439 5639 497 5686; x_wconf 84' lang='lat' dir='ltr'><strong>ct</strong></span> <span class='ocrx_word' id='word_1_771' title='bbox 524 5633 725 5697; x_wconf 82' lang='lat' dir='ltr'><strong>habere</strong></span> <span class='ocrx_word' id='word_1_772' title='bbox 747 5645 1000 5693; x_wconf 81' lang='lat' dir='ltr'><strong>naturam</strong></span> <span class='ocrx_word' id='word_1_773' title='bbox 1049 5637 1351 5708; x_wconf 84' lang='lat' dir='ltr'><strong>peritnendi</strong></span> <span class='ocrx_word' id='word_1_774' title='bbox 1382 5653 1447 5697; x_wconf 86' lang='lat' dir='ltr'><strong>ea</strong></span> <span class='ocrx_word' id='word_1_775' title='bbox 1497 5654 1619 5710; x_wconf 80' lang='lat' dir='ltr'><strong>quae</strong></span> <span class='ocrx_word' id='word_1_776' title='bbox 1681 5650 2016 5711; x_wconf 82' lang='lat' dir='ltr'><strong>generantur</strong></span> 
     </span>
    </p>
   </div>
   <div class='ocr_carea' id='block_1_103' title="bbox 523 5798 1032 5878">
    <p class='ocr_par' dir='ltr' id='par_1_103' title="bbox 523 5798 1032 5878">
     <span class='ocr_line' id='line_1_103' title="bbox 523 5798 1032 5878; baseline 0.016 -19"><span class='ocrx_word' id='word_1_777' title='bbox 523 5798 569 5833; x_wconf 85' lang='grc'>⁹⁰</span> <span class='ocrx_word' id='word_1_778' title='bbox 587 5805 762 5865; x_wconf 78' lang='lat' dir='ltr'><strong>Exod.</strong></span> <span class='ocrx_word' id='word_1_779' title='bbox 792 5826 919 5878; x_wconf 77' lang='lat' dir='ltr'><strong>xxx,</strong></span> <span class='ocrx_word' id='word_1_780' title='bbox 942 5811 1032 5870; x_wconf 73' lang='lat'><strong>25.</strong></span> 
     </span>
    </p>
   </div>
   <div class='ocr_carea' id='block_1_104' title="bbox 2130 4629 3715 4706">
    <p class='ocr_par' dir='ltr' id='par_1_104' title="bbox 2130 4629 3715 4706">
     <span class='ocr_line' id='line_1_104' title="bbox 2130 4629 3715 4706; baseline -0.005 -14"><span class='ocrx_word' id='word_1_781' title='bbox 2130 4635 2454 4704; x_wconf 75' lang='grc' dir='ltr'>ἀκρόδρυα.</span> <span class='ocrx_word' id='word_1_782' title='bbox 2489 4636 2646 4688; x_wconf 81' lang='grc' dir='ltr'>Ἐστι</span> <span class='ocrx_word' id='word_1_783' title='bbox 2686 4635 2755 4689; x_wconf 87' lang='grc' dir='ltr'><strong>τά</strong></span> <span class='ocrx_word' id='word_1_784' title='bbox 2791 4632 3166 4706; x_wconf 63' lang='grc' dir='ltr'>ἀκρόδρυατά</span> <span class='ocrx_word' id='word_1_785' title='bbox 3209 4633 3274 4685; x_wconf 81' lang='grc' dir='ltr'>ὲκ</span> <span class='ocrx_word' id='word_1_786' title='bbox 3311 4629 3417 4684; x_wconf 87' lang='grc' dir='ltr'><strong>τῶν</strong></span> <span class='ocrx_word' id='word_1_787' title='bbox 3451 4629 3587 4700; x_wconf 76' lang='grc' dir='ltr'>ῥοῶν</span> <span class='ocrx_word' id='word_1_788' title='bbox 3615 4629 3715 4684; x_wconf 75' lang='grc' dir='ltr'>τοῦ</span> 
     </span>
    </p>
   </div>
   <div class='ocr_carea' id='block_1_105' title="bbox 2131 4719 3713 4799">
    <p class='ocr_par' dir='ltr' id='par_1_105' title="bbox 2131 4719 3713 4799">
     <span class='ocr_line' id='line_1_105' title="bbox 2131 4719 3713 4799; baseline -0.005 -18"><span class='ocrx_word' id='word_1_789' title='bbox 2131 4727 2460 4799; x_wconf 78' lang='grc' dir='ltr'>παραδείσου</span> <span class='ocrx_word' id='word_1_790' title='bbox 2484 4726 2585 4796; x_wconf 81' lang='grc' dir='ltr'><strong>τῆς</strong></span> <span class='ocrx_word' id='word_1_791' title='bbox 2619 4725 2839 4795; x_wconf 84' lang='grc' dir='ltr'>νύμφης</span> <span class='ocrx_word' id='word_1_792' title='bbox 2878 4723 3391 4796; x_wconf 84' lang='grc' dir='ltr'>καρποφορούμενα.</span> <span class='ocrx_word' id='word_1_793' title='bbox 3429 4719 3589 4776; x_wconf 82' lang='grc' dir='ltr'>Ἀλλά</span> <span class='ocrx_word' id='word_1_794' title='bbox 3620 4723 3713 4775; x_wconf 72' lang='grc' dir='ltr'><strong>τον</strong></span> 
     </span>
    </p>
   </div>
   <div class='ocr_carea' id='block_1_106' title="bbox 2133 4812 3712 4888">
    <p class='ocr_par' dir='ltr' id='par_1_106' title="bbox 2133 4812 3712 4888">
     <span class='ocr_line' id='line_1_106' title="bbox 2133 4812 3712 4888; baseline -0.004 -17"><span class='ocrx_word' id='word_1_795' title='bbox 2133 4819 2231 4888; x_wconf 82' lang='grc' dir='ltr'>μὲν</span> <span class='ocrx_word' id='word_1_796' title='bbox 2264 4817 2528 4887; x_wconf 79' lang='grc' dir='ltr'>κάλαμον,</span> <span class='ocrx_word' id='word_1_797' title='bbox 2555 4816 2781 4887; x_wconf 66' lang='grc' dir='ltr'>εύπνοίᾳ</span> <span class='ocrx_word' id='word_1_798' title='bbox 2811 4815 3069 4887; x_wconf 79' lang='grc' dir='ltr'>προέχειν</span> <span class='ocrx_word' id='word_1_799' title='bbox 3094 4815 3233 4883; x_wconf 81' lang='grc' dir='ltr'>ὑπὲρ</span> <span class='ocrx_word' id='word_1_800' title='bbox 3261 4813 3327 4867; x_wconf 73' lang='grc' dir='ltr'>τὰ</span> <span class='ocrx_word' id='word_1_801' title='bbox 3349 4812 3481 4867; x_wconf 83' lang='grc' dir='ltr'>ἄλλα</span> <span class='ocrx_word' id='word_1_802' title='bbox 3508 4812 3712 4880; x_wconf 65' lang='grc' dir='ltr'>φασίν·</span> 
     </span>
    </p>
   </div>
   <div class='ocr_carea' id='block_1_107' title="bbox 2127 4894 3712 4981">
    <p class='ocr_par' dir='ltr' id='par_1_107' title="bbox 2127 4894 3712 4981">
     <span class='ocr_line' id='line_1_107' title="bbox 2127 4894 3712 4981; baseline -0.004 -18"><span class='ocrx_word' id='word_1_803' title='bbox 2127 4911 2204 4973; x_wconf 83' lang='grc' dir='ltr'>ὡς</span> <span class='ocrx_word' id='word_1_804' title='bbox 2235 4894 2516 4981; x_wconf 77' lang='grc' dir='ltr'>καὶπρὸς</span> <span class='ocrx_word' id='word_1_805' title='bbox 2562 4909 2624 4961; x_wconf 83' lang='grc' dir='ltr'><strong>τὸ</strong></span> <span class='ocrx_word' id='word_1_806' title='bbox 2658 4908 2802 4978; x_wconf 70' lang='grc' dir='ltr'>ἱερὸν</span> <span class='ocrx_word' id='word_1_807' title='bbox 2836 4907 3089 4978; x_wconf 87' lang='grc' dir='ltr'>θυμίαμα</span> <span class='ocrx_word' id='word_1_808' title='bbox 3131 4906 3237 4959; x_wconf 77' lang='grc' dir='ltr'><strong>ὑπὸ</strong></span> <span class='ocrx_word' id='word_1_809' title='bbox 3270 4904 3362 4958; x_wconf 80' lang='grc' dir='ltr'>τοῦ</span> <span class='ocrx_word' id='word_1_810' title='bbox 3402 4904 3565 4973; x_wconf 77' lang='grc' dir='ltr'>νόμον</span> <span class='ocrx_word' id='word_1_811' title='bbox 3599 4922 3712 4957; x_wconf 82' lang='grc' dir='ltr'>πα-</span> 
     </span>
    </p>
   </div>
   <div class='ocr_carea' id='block_1_108' title="bbox 2129 4986 3712 5072">
    <p class='ocr_par' dir='ltr' id='par_1_108' title="bbox 2129 4986 3712 5072">
     <span class='ocr_line' id='line_1_108' title="bbox 2129 4986 3712 5072; baseline -0.004 -19"><span class='ocrx_word' id='word_1_812' title='bbox 2129 4986 2605 5072; x_wconf 77' lang='grc' dir='ltr'>ραλαμὸἀνεσθαι·</span> <span class='ocrx_word' id='word_1_813' title='bbox 2656 4999 2716 5052; x_wconf 82' lang='grc' dir='ltr'>τὸ</span> <span class='ocrx_word' id='word_1_814' title='bbox 2760 4998 2818 5051; x_wconf 83' lang='grc' dir='ltr'>δὲ</span> <span class='ocrx_word' id='word_1_815' title='bbox 2870 4998 3223 5069; x_wconf 85' lang='grc' dir='ltr'>κιννάμωμον</span> <span class='ocrx_word' id='word_1_816' title='bbox 3273 4995 3526 5066; x_wconf 85' lang='grc' dir='ltr'>πολυειδῆ</span> <span class='ocrx_word' id='word_1_817' title='bbox 3581 5012 3712 5048; x_wconf 81' lang='grc' dir='ltr'>τινα</span> 
     </span>
    </p>
   </div>
   <div class='ocr_carea' id='block_1_109' title="bbox 2124 5088 3712 5167">
    <p class='ocr_par' dir='ltr' id='par_1_109' title="bbox 2124 5088 3712 5167">
     <span class='ocr_line' id='line_1_109' title="bbox 2124 5088 3712 5167; baseline -0.004 -21"><span class='ocrx_word' id='word_1_818' title='bbox 2124 5095 2220 5147; x_wconf 77' lang='grc' dir='ltr'><strong>καὶ</strong></span> <span class='ocrx_word' id='word_1_819' title='bbox 2251 5092 2501 5162; x_wconf 77' lang='grc' dir='ltr'>ποικίλην</span> <span class='ocrx_word' id='word_1_820' title='bbox 2529 5092 2829 5164; x_wconf 78' lang='grc' dir='ltr'>ἐνέργειαν,</span> <span class='ocrx_word' id='word_1_821' title='bbox 2869 5090 3135 5167; x_wconf 85' lang='grc' dir='ltr'>διάτινος</span> <span class='ocrx_word' id='word_1_822' title='bbox 3164 5089 3396 5159; x_wconf 79' lang='grc' dir='ltr'>φυσικῆς</span> <span class='ocrx_word' id='word_1_823' title='bbox 3422 5088 3712 5164; x_wconf 76' lang='grc' dir='ltr'>δυνάμεως</span> 
     </span>
    </p>
   </div>
   <div class='ocr_carea' id='block_1_110' title="bbox 2123 5176 3709 5255">
    <p class='ocr_par' dir='ltr' id='par_1_110' title="bbox 2123 5176 3709 5255">
     <span class='ocr_line' id='line_1_110' title="bbox 2123 5176 3709 5255; baseline -0.003 -17"><span class='ocrx_word' id='word_1_824' title='bbox 2123 5184 2582 5255; x_wconf 76' lang='grc' dir='ltr'>ἐπαγγέλλεσθαι,</span> <span class='ocrx_word' id='word_1_825' title='bbox 2619 5178 2696 5238; x_wconf 81' lang='grc' dir='ltr'><strong>ὦν</strong></span> <span class='ocrx_word' id='word_1_826' title='bbox 2739 5184 2807 5237; x_wconf 71' lang='grc' dir='ltr'>τὰ</span> <span class='ocrx_word' id='word_1_827' title='bbox 2851 5182 3023 5237; x_wconf 85' lang='grc' dir='ltr'>πολλὰ</span> <span class='ocrx_word' id='word_1_828' title='bbox 3051 5184 3144 5237; x_wconf 76' lang='grc' dir='ltr'><strong>καὶ</strong></span> <span class='ocrx_word' id='word_1_829' title='bbox 3178 5183 3319 5253; x_wconf 81' lang='grc' dir='ltr'>ὑπὲρ</span> <span class='ocrx_word' id='word_1_830' title='bbox 3358 5182 3537 5235; x_wconf 84' lang='grc' dir='ltr'>πίστιν</span> <span class='ocrx_word' id='word_1_831' title='bbox 3566 5176 3709 5234; x_wconf 70' lang='grc' dir='ltr'>εἶναι</span> 
     </span>
    </p>
   </div>
   <div class='ocr_carea' id='block_1_111' title="bbox 2122 5272 3708 5349">
    <p class='ocr_par' dir='ltr' id='par_1_111' title="bbox 2122 5272 3708 5349">
     <span class='ocr_line' id='line_1_111' title="bbox 2122 5272 3708 5349; baseline -0.002 -19"><span class='ocrx_word' id='word_1_832' title='bbox 2122 5276 2290 5331; x_wconf 85' lang='grc' dir='ltr'>δοκεῖ.</span> <span class='ocrx_word' id='word_1_833' title='bbox 2332 5277 2444 5332; x_wconf 79' lang='grc' dir='ltr'><strong>Καὶ</strong></span> <span class='ocrx_word' id='word_1_834' title='bbox 2475 5276 2583 5347; x_wconf 78' lang='grc' dir='ltr'>γὰρ</span> <span class='ocrx_word' id='word_1_835' title='bbox 2631 5274 2845 5340; x_wconf 79' lang='grc' dir='ltr'>ζέοντός</span> <span class='ocrx_word' id='word_1_836' title='bbox 2882 5292 3015 5346; x_wconf 83' lang='grc' dir='ltr'>φησι</span> <span class='ocrx_word' id='word_1_837' title='bbox 3054 5274 3148 5327; x_wconf 80' lang='grc' dir='ltr'>τοῦ</span> <span class='ocrx_word' id='word_1_838' title='bbox 3183 5276 3240 5326; x_wconf 84' lang='grc' dir='ltr'>ὲν</span> <span class='ocrx_word' id='word_1_839' title='bbox 3267 5273 3344 5344; x_wconf 82' lang='grc' dir='ltr'>τῷ</span> <span class='ocrx_word' id='word_1_840' title='bbox 3358 5272 3553 5349; x_wconf 27' lang='grc' dir='ltr'>,λέϐητι</span> <span class='ocrx_word' id='word_1_841' title='bbox 3575 5274 3708 5327; x_wconf 68' lang='lat' dir='ltr'><strong>i351-</strong></span> 
     </span>
    </p>
   </div>
   <div class='ocr_carea' id='block_1_112' title="bbox 2122 5363 3707 5441">
    <p class='ocr_par' dir='ltr' id='par_1_112' title="bbox 2122 5363 3707 5441">
     <span class='ocr_line' id='line_1_112' title="bbox 2122 5363 3707 5441; baseline -0.004 -20"><span class='ocrx_word' id='word_1_842' title='bbox 2122 5385 2242 5431; x_wconf 85' lang='grc' dir='ltr'>τος,</span> <span class='ocrx_word' id='word_1_843' title='bbox 2288 5368 2446 5438; x_wconf 76' lang='grc' dir='ltr'>εἴπερ</span> <span class='ocrx_word' id='word_1_844' title='bbox 2480 5367 2617 5435; x_wconf 88' lang='grc' dir='ltr'>θίγοι</span> <span class='ocrx_word' id='word_1_845' title='bbox 2648 5366 2809 5441; x_wconf 84' lang='grc' dir='ltr'>μόνον</span> <span class='ocrx_word' id='word_1_846' title='bbox 2849 5366 3007 5420; x_wconf 81' lang='grc' dir='ltr'>τοῦτο</span> <span class='ocrx_word' id='word_1_847' title='bbox 3043 5366 3106 5419; x_wconf 84' lang='grc' dir='ltr'><strong>τὸ</strong></span> <span class='ocrx_word' id='word_1_848' title='bbox 3152 5366 3383 5438; x_wconf 83' lang='grc' dir='ltr'>ἀρωμα,</span> <span class='ocrx_word' id='word_1_849' title='bbox 3418 5363 3578 5427; x_wconf 75' lang='grc' dir='ltr'>εὐθὺς</span> <span class='ocrx_word' id='word_1_850' title='bbox 3610 5381 3707 5416; x_wconf 84' lang='grc' dir='ltr'>κα-</span> 
     </span>
    </p>
   </div>
   <div class='ocr_carea' id='block_1_113' title="bbox 2122 5442 3704 5535">
    <p class='ocr_par' dir='ltr' id='par_1_113' title="bbox 2122 5442 3704 5535">
     <span class='ocr_line' id='line_1_113' title="bbox 2122 5442 3704 5535; baseline -0.003 -23"><span class='ocrx_word' id='word_1_851' title='bbox 2122 5460 2383 5531; x_wconf 74' lang='grc' dir='ltr'>ταψύχειν</span> <span class='ocrx_word' id='word_1_852' title='bbox 2424 5460 2484 5512; x_wconf 80' lang='grc' dir='ltr'><strong>τὸ</strong></span> <span class='ocrx_word' id='word_1_853' title='bbox 2529 5442 2709 5531; x_wconf 64' lang='grc' dir='ltr'>ὕδωρ,</span> <span class='ocrx_word' id='word_1_854' title='bbox 2765 5460 2857 5535; x_wconf 71' lang='grc' dir='ltr'><strong>καὶ</strong></span> <span class='ocrx_word' id='word_1_855' title='bbox 2891 5456 3103 5528; x_wconf 83' lang='grc' dir='ltr'>λουτρῷ</span> <span class='ocrx_word' id='word_1_856' title='bbox 3156 5455 3533 5525; x_wconf 77' lang='grc' dir='ltr'>ἐπεισενεχθὲν</span> <span class='ocrx_word' id='word_1_857' title='bbox 3582 5454 3704 5509; x_wconf 81' lang='grc' dir='ltr'>δια-</span> 
     </span>
    </p>
   </div>
   <div class='ocr_carea' id='block_1_114' title="bbox 2127 5538 3704 5623">
    <p class='ocr_par' dir='ltr' id='par_1_114' title="bbox 2127 5538 3704 5623">
     <span class='ocr_line' id='line_1_114' title="bbox 2127 5538 3704 5623; baseline 0.005 -19"><span class='ocrx_word' id='word_1_858' title='bbox 2127 5552 2313 5623; x_wconf 88' lang='grc' dir='ltr'>πύρῳ,</span> <span class='ocrx_word' id='word_1_859' title='bbox 2353 5538 2664 5622; x_wconf 86' lang='grc' dir='ltr'>μεταποιεῖν</span> <span class='ocrx_word' id='word_1_860' title='bbox 2701 5551 2793 5604; x_wconf 83' lang='grc' dir='ltr'><strong>τὸν</strong></span> <span class='ocrx_word' id='word_1_861' title='bbox 2827 5551 2886 5605; x_wconf 82' lang='grc' dir='ltr'><strong>ὲν</strong></span> <span class='ocrx_word' id='word_1_862' title='bbox 2915 5548 2997 5619; x_wconf 84' lang='grc' dir='ltr'>τῷ</span> <span class='ocrx_word' id='word_1_863' title='bbox 3039 5550 3161 5621; x_wconf 85' lang='grc' dir='ltr'>ἀέρι</span> <span class='ocrx_word' id='word_1_864' title='bbox 3205 5548 3443 5621; x_wconf 81' lang='grc' dir='ltr'>φριγμὸν</span> <span class='ocrx_word' id='word_1_865' title='bbox 3484 5549 3568 5611; x_wconf 75' lang='grc' dir='ltr'>εἰς</span> <span class='ocrx_word' id='word_1_866' title='bbox 3595 5546 3704 5615; x_wconf 62' lang='grc' dir='ltr'><strong>ψυο</strong></span> 
     </span>
    </p>
   </div>
   <div class='ocr_carea' id='block_1_115' title="bbox 2122 5642 3703 5718">
    <p class='ocr_par' dir='ltr' id='par_1_115' title="bbox 2122 5642 3703 5718">
     <span class='ocr_line' id='line_1_115' title="bbox 2122 5642 3703 5718; baseline -0.003 -19"><span class='ocrx_word' id='word_1_867' title='bbox 2122 5646 2387 5718; x_wconf 87' lang='grc' dir='ltr'>χρότητα,</span> <span class='ocrx_word' id='word_1_868' title='bbox 2450 5646 2545 5699; x_wconf 71' lang='grc' dir='ltr'><strong>καὶ</strong></span> <span class='ocrx_word' id='word_1_869' title='bbox 2602 5643 2964 5715; x_wconf 78' lang='grc' dir='ltr'>ἀφανιστικὴν</span> <span class='ocrx_word' id='word_1_870' title='bbox 3011 5643 3118 5698; x_wconf 83' lang='grc' dir='ltr'><strong>τῶν</strong></span> <span class='ocrx_word' id='word_1_871' title='bbox 3177 5645 3243 5697; x_wconf 87' lang='grc' dir='ltr'>ὲκ</span> <span class='ocrx_word' id='word_1_872' title='bbox 3299 5642 3503 5716; x_wconf 80' lang='grc' dir='ltr'>φθορᾶς</span> <span class='ocrx_word' id='word_1_873' title='bbox 3560 5656 3703 5708; x_wconf 73' lang='grc' dir='ltr'>τινος</span> 
     </span>
    </p>
   </div>
  </div>
