3866 6354
138 454 243 510 973
1170 454 1239 508 IN
1265 455 1560 513 CANTICA
1599 457 1874 516 CANTIC.
1918 457 2203 516 HOMILIA
2247 460 2337 517 IX.
3306 458 3410 514 974

140 565 591 636 ζωογονουμένων
632 567 729 638 τὴν
773 566 934 637 φύσιν
984 567 1157 640 ἔχειν,
1193 572 1287 624 καὶ
1318 571 1454 626 ἄλλα
1502 573 1696 628 τοιαύτη

1833 588 1900 628 ex
1935 575 2314 645 corruptione,
2343 581 2397 629 et
2428 574 2533 629 alia
2568 573 2880 645 liujusmodi
2936 573 3004 629 de
3035 588 3101 631 eo
3152 581 3406 636 narrant.

146 658 275 728 περὶ
318 657 484 711 αὑτοῦ
509 658 936 745 Δδιεξέρχονται,
984 661 1021 715 ἃ
1060 662 1200 735 ὑπὲρ
1250 664 1357 745 τὴν.
1395 664 1576 719 πίστιν
1614 666 1693 719 τῶ

1825 680 1947 735 quae
1976 681 2145 734 supra
2180 665 2340 721 ﬁdem
2374 665 2687 721 auditorum
2732 666 2992 720 videntur
3042 680 3188 721 esse.
3238 662 3406 719 Aiunt

136 747 442 801 ἀκουόντων
481 742 812 802 εἶναιδοκεῖ.
844 749 1077 819 Λέγουσι
1103 752 1244 825 γὰρ,
1281 742 1612 825 είέντεθείη
1644 755 1696 825 τέ

1824 756 1969 811 enim
2001 758 2047 813 si
2077 756 2242 812 fuerit
2270 758 2506 828 positum
2538 758 2593 812 in
2625 773 2720 813 ore
2767 756 3113 825 dormientis,
3157 771 3281 812 eum
3313 757 3406 827 qui
3435 822 3443 832 θ

140 838 369 911 στόματι
403 838 497 893 τοῦ
531 838 913 908 καθεύδοντος,
947 843 1113 914 μηδὲν
1154 844 1540 915 ἐμποδίζεσθαι
1586 848 1696 917 πρὸ

1824 844 2029 903 dormit
2068 847 2573 919 minimeimpediri
2605 849 2902 919 quominus
2948 848 3281 919 respondeat
3332 846 3397 900 ad

136 926 243 1000 τὴν
278 928 389 983 τῶν
432 928 853 1000 πυνθανομένων
898 931 1189 1004 ἀπόκρισιν
1223 934 1315 988 τὸν
1354 934 1683 989 καθεύδοντα

1823 955 1887 995 ea
1917 957 2041 1013 quae
2072 942 2524 1015 interrogantur;
2560 944 2654 999 sed
2682 951 2735 999 et
2751 959 2874 999 eum
2900 958 3119 999 manere.
3156 943 3211 997 in
3256 956 3404 998 som~

135 1018 273 1073 ἀλλὰ
298 1019 395 1073 καὶ
427 1020 485 1073 ὲν
512 1018 590 1090 τῷ
628 1018 780 1091 ὕπνῳ
829 1021 1011 1092 μένειν
1054 1023 1244 1091 αὐτὸν,
1290 1025 1383 1078 καὶ
1417 1025 1696 1097 νηφαλέουε

1820 1048 1915 1098 no,
1956 1034 2281 1106 sobriasque
2332 1041 2386 1090 et
2433 1034 2502 1089 ad
2546 1034 2774 1091 verbum
2827 1049 3119 1106 expressas
3175 1033 3402 1090 reddere

132 1112 225 1164 καὶ
269 1110 686 1183 διηρθρωμένας
714 1113 984 1168 ποιεῖσθαι
1015 1116 1152 1187 πρὸς
1195 1116 1325 1181 ἔπος
1356 1117 1455 1183 τὰς
1489 1119 1719 1192 ἀποκρί-

132 1217 261 1264 σεις.
295 1199 433 1271 Περὶ
457 1193 532 1254 ὧν
559 1200 1055 1258 διαϐεϐαιώσασθαι
1087 1204 1187 1276 μὲν
1221 1205 1394 1273 οὓτως
1416 1207 1582 1280 ἔχειν,
1622 1210 1715 1265 τὸν

133 1291 208 1380 μὴ
232 1292 320 1345 διὰ
367 1293 466 1362 τῆς
500 1293 695 1364 πείρας
737 1294 979 1366 μαθόντα
1005 1296 1115 1350 τῶν
1146 1298 1544 1370 ἱστορουμένων
1585 1302 1716 1373 περὶ

129 1381 291 1436 αὐτοῦ
339 1382 439 1454 τὴν
479 1382 757 1454 ἀλήθειαν,
810 1386 1081 1456 προπετὲς
1135 1387 1202 1441 ἂν
1231 1387 1315 1460 εἴη
1381 1390 1477 1443 καὶ
1522 1391 1713 1446 ἀνεπί-

132 1492 384 1529 σκεπτον.
408 1475 557 1547 Πλὴν
580 1477 695 1530 ἀλλ’
719 1479 907 1551 ἐπειδὴ
938 1480 1083 1533 κατά
1113 1497 1235 1536 τινα
1269 1482 1528 1552 μυστικὸν
1556 1484 1714 1555 λόγον

126 1566 464 1638 ἐνηριθμήθη
500 1566 578 1638 τῷ
610 1569 898 1641 καταλόγῳ
931 1570 1039 1623 τῶν
1070 1572 1385 1644 ἀκροδρύων
1428 1576 1520 1628 καὶ
1554 1576 1713 1630 τοῦτο

1838 1125 2249 1196 responsiones.
2283 1124 2360 1182 De
2383 1125 2583 1197 quibus
2625 1127 2845 1197 quidem
2898 1126 3173 1183 afﬁrmare
3218 1126 3293 1180 ita
3339 1141 3401 1182 se

1820 1215 2044 1284 habere,
2081 1218 2191 1274 nisi
2221 1218 2349 1289 quis
2381 1233 2479 1289 per
2505 1216 2898 1287 experientiam
2933 1218 3397 1273 didiceriteorum

1818 1323 1941 1378 quae
1968 1307 2037 1363 de
2069 1322 2135 1364 eo
2176 1318 2474 1364 narrantur
2528 1308 2835 1376 veritatem,
2890 1310 3237 1364 temerarium
3281 1307 3402 1364 fue-

1818 1398 1889 1452 rit
1916 1404 1971 1454 et
2004 1397 2493 1453 inconsideratum.
2562 1396 2668 1453 Sed
2725 1399 2982 1467 quoniam
3021 1399 3231 1452 ratione
3271 1412 3400 1468 qua-

1816 1488 1941 1543 dam
1974 1491 2227 1560 mystica,
2266 1488 2372 1543 hoc
2415 1502 2633 1558 quoque
2681 1503 2871 1542 aroma
2918 1488 3152 1542 relatum
3206 1498 3289 1542 est
3339 1488 3394 1541 in

1816 1591 2100 1631 numerum
2157 1591 2468 1647 pomorum,
2513 1592 2622 1630 non
2663 1592 2793 1630 vere
2841 1591 3079 1631 nascens
3127 1590 3192 1629 ex
3238 1575 3398 1629 malis

126 1657 184 1711 τὸ
212 1657 436 1729 άρωμα,
481 1660 581 1713 οὐκ
620 1660 835 1731 ἀληθῶς
867 1662 1006 1732 ῥοῶν
1042 1665 1395 1736 ἐκφυομένων
1417 1684 1430 1698 ·
1455 1668 1577 1723 οὐδὲ
1601 1668 1696 1741 γὰρ

1812 1670 2030 1740 punicis
2056 1669 2287 1738 (neque.
2307 1670 2454 1727 enim
2477 1669 2710 1725 sensiles
2759 1669 3050 1739 paradisos
3090 1667 3289 1722 emittit
3328 1681 3395 1722 ex

121 1746 292 1810 οὕτως
325 1748 622 1819 αἰσθητοὺς
652 1750 1017 1821 παραδείσους
1060 1752 1123 1805 τὸ
1153 1756 1327 1825 στόμα
1362 1756 1460 1827 τῆς
1490 1756 1696 1828 νύμφης

1812 1775 1907 1815 ore
1935 1761 2185 1830 sponsa),
2239 1760 2335 1815 sed
2366 1768 2426 1815 ut
2458 1758 2803 1814 consulendo
2856 1748 3113 1829 suggerat
3155 1758 3395 1827 aliquam

129 1840 369 1908 προΐεται
392 1858 405 1871 ·
456 1840 573 1894 ἀλλ’
619 1840 760 1894 ὥστε
811 1842 1081 1914 σύμϐολον
1138 1845 1389 1913 γενέσθαι
1436 1848 1696 1918 νοήματός

1811 1849 2162 1916 sententiam,
2218 1850 2382 1906 exiis
2413 1864 2537 1920 quae
2572 1864 2792 1919 sponsa:
2841 1848 3137 1904 conferunt
3166 1847 3235 1902 ad
3279 1848 3398 1901 lau-

124 1946 262 1994 τινος
306 1930 418 1984 τῶν
459 1932 536 1996 είς
576 1931 795 1987 ἔπαινον
833 1933 1230 1989 συντελούντων
1259 1939 1326 2009 τῇ
1358 1938 1574 2010 νύμφῃ,
1605 1939 1696 1993 οὐκ

1811 1941 1956 2007 dem,
1992 1955 2102 1997 non
2135 1948 2282 1996 recte
2301 1939 2556 1996 existimo
2592 1954 2653 1995 se
2696 1939 2918 2004 habere,
2951 1940 2998 1993 si
3030 1952 3094 1994 ea
3136 1937 3397 2007 rejician-

121 2017 271 2093 οἴμαι
295 2023 481 2087 καλῶς
526 2023 672 2095 ἔχειν
696 2026 765 2080 τὰ
793 2026 922 2098 περὶ
959 2026 1054 2080 τοῦ
1095 2028 1450 2101 κινναμώμου
1482 2029 1696 2096 μυθολο⁴

1810 2041 1901 2088 tur
1949 2048 2071 2105 quae
2101 2041 2396 2088 narrantur
2428 2030 2497 2087 de
2540 2031 2890 2086 cinnamomo
2920 2049 2932 2084 :
2967 2031 3102 2094 haec,
3145 2030 3390 2099 inquam,

118 2116 385 2187 γούμενα,
437 2116 612 2172 ταῦτά
659 2135 721 2171 τε
753 2117 792 2173 ἃ
825 2118 920 2172 νῦν
969 2120 1099 2191 περὶ
1141 2120 1307 2175 αὑτοῦ
1352 2120 1628 2194 διεξῆλθεν
1676 2124 1705 2176 ὁ

119 2204 269 2273 λόγος
288 2245 303 2267 ,
332 2206 433 2260 καὶ
463 2206 514 2258 εἴ
540 2223 593 2258 τι
628 2206 767 2274 μετὰ
795 2208 1002 2263 τούτων
1033 2209 1163 2264 ἄλλο
1191 2212 1305 2274 τοῖς
1336 2210 1405 2263 τὰ
1432 2211 1561 2281 περὶ
1602 2213 1702 2266 αύ-

119 2296 207 2349 τοῦ
229 2296 416 2366 διηγου
430 2297 611 2366 μένοις
635 2296 894 2363 διεξιέναι
915 2300 1085 2365 δοκεῖ,
1124 2301 1473 2372 παραλιπεῖν.

184 2385 394 2440 Γένοιτο
440 2388 550 2459 γὰρ
575 2389 641 2442 ἄν
666 2406 751 2452 τις
785 2389 924 2460 πρὸς
945 2390 1037 2445 τὸν
1069 2392 1190 2445 κατ’
1219 2392 1422 2463 ἀρετὴν
1447 2392 1667 2447 ἔπαινον
1685 2434 1701 2457 ,

120 2476 180 2528 ὲκ
203 2476 307 2530 τῶν
338 2477 655 2548 λεγομένων
694 2479 1028 2552 συνεισφορὰ
1054 2481 1285 2535 ἑκάστου
1329 2482 1438 2536 τῶν
1486 2483 1703 2555 ἱστορη-

121 2564 310 2619 θέντων
359 2567 623 2638 εὐσήμως
694 2569 1244 2642 μεταλαμσανομένου
1300 2572 1451 2646 πρὸς,
1481 2572 1705 2641 ἔνδειξιν

114 2658 212 2725 ’τῆς
238 2656 333 2711 τοῦ
368 2658 489 2729 βίου
520 2659 641 2713 κατ’
680 2660 885 2733 ἀρετὴν
913 2662 1271 2733 τελειότητος.
1306 2665 1463 2718 Ἔστι
1494 2664 1605 2737 γὰρ
1644 2666 1702 2719 ὲν

119 2749 222 2810 τοῖς
269 2749 729 2821 πεπαιδευμένοις
780 2768 841 2804 τε
899 2752 996 2805 καὶ
1051 2753 1485 2827 λελογισμένοις,
1542 2756 1703 2812 τοῦτο

120 2839 293 2910 εὑρεῖν
321 2842 378 2895 ὲν
416 2845 483 2912 τῇ
516 2841 661 2915 ψυχῇ
688 2843 749 2897 τὸ
791 2844 1174 2917 κιννάμωμον,
1201 2841 1338 2901 ὅταν
1373 2865 1457 2913 τις
1489 2850 1605 2920 ἦτοι
1633 2850 1698 2905 δι’

123 2930 410 3003 ἐπιθυμίαν
461 2933 624 2999 ζέων,
662 2933 695 3005 ἢ
726 2935 807 3006 τῷ
849 2935 1005 3006 θυμῷ
1031 2937 1481 3009 πυρακτούμενος
1510 2940 1587 3011 τῷ
1612 2941 1699 2994 λο-

1811 2140 1933 2196 quae
1956 2140 2103 2180 nunc
2138 2123 2494 2179 narrantibus
2526 2122 2784 2179 videntur
2808 2120 3209 2193 persequenda.

1878 2384 1954 2439 Ex
1997 2385 2066 2440 iis
2102 2386 2247 2440 enim
2270 2400 2396 2457 quae
2425 2385 2703 2451 dicuntur,
2739 2385 2957 2440 videtur
2989 2383 3196 2454 aliquid
3229 2398 3392 2454 posse

1806 2476 2054 2534 conferri
2081 2478 2148 2533 ad
2182 2478 2402 2535 laudem
2433 2478 2675 2544 virtutis,
2709 2492 3044 2550 unoquoque
3067 2492 3135 2532 ex
3175 2476 3241 2532 iis
3263 2490 3389 2547 quae

1807 2576 1938 2625 sunt
1966 2568 2160 2634 relata,
2204 2576 2427 2640 sumpto
2485 2569 2552 2624 ad
2597 2566 2947 2623 iudicandam
2992 2567 3116 2623 vitae
3158 2581 3282 2637 quae
3322 2581 3392 2621 ex

1804 2663 2010 2719 virtute
2040 2662 2223 2734 agitur
2253 2661 2669 2733 perfectionem.
2718 2659 2775 2714 In
2826 2658 2898 2714 iis
2941 2658 3086 2714 enim
3121 2657 3215 2729 qui
3259 2662 3392 2711 sunt

1803 2752 2005 2809 eruditi
2033 2760 2087 2809 et
2115 2751 2476 2816 considerati,
2530 2750 2660 2806 licet
2685 2749 2933 2805 invenire
2970 2748 3382 2802 cinnamomum

1803 2848 1860 2902 in
1888 2845 2090 2912 anima,
2125 2844 2348 2916 quando
2371 2842 2644 2914 quispiam
2676 2842 2761 2897 vel
2791 2839 3011 2896 fervens
3059 2838 3386 2909 cupiditate,

1802 2937 1886 2992 vel
1914 2937 1995 2991 ira
2020 2949 2310 3000 accensus,
2343 2933 2557 2989 ratione
2587 2931 2919 2988 exstinxerit
2965 2930 3133 2985 animi
3171 2936 3391 2999 pertur-

120 3024 294 3095 γισμῷ
316 3027 634 3100 ητασσέσῃ
665 3028 735 3082 τὰ
770 3027 919 3099 πάθη
939 3045 952 3060 ο
983 3027 1016 3100 ἤ
1047 3031 1107 3084 ὲν
1144 3029 1225 3101 τῷ
1257 3030 1411 3101 ὕπνῳ
1454 3032 1547 3086 τοῦ
1579 3033 1696 3104 βίου

1803 3029 2088 3096 bationes;
2149 3037 2246 3083 aut
2277 3027 2331 3081 in
2398 3039 2594 3083 somno
2634 3024 2761 3079 vita
2808 3024 2865 3078 in
2903 3037 3000 3079 ore
3044 3022 3256 3079 habens
3299 3037 3387 3077 so-

116 3113 202 3167 διά
238 3116 506 3187 στόματος
537 3117 677 3189 ἔχων
724 3119 786 3173 τὸ
812 3120 1075 3192 νηφάλιον
1117 3122 1279 3176 τοῦτο
1301 3122 1393 3176 τοῦ
1432 3124 1696 3197 λογισμοῦ

1803 3121 1981 3176 brium
2024 3118 2191 3190 hujus
2224 3117 2458 3173 rationis
2490 3117 2923 3181 cinnamomum,
2973 3114 3387 3195 ostenditiner-

116 3207 482 3280 κιννάμωμον,
515 3210 918 3281 παραπλησίως
939 3215 1055 3276 τοῖς
1081 3214 1311 3278 άΰπνοις
1330 3231 1391 3267 τε
1413 3216 1507 3269 καὶ
1530 3218 1696 3288 ἐγρη-

1803 3221 2013 3267 rantem
2047 3218 2103 3267 et
2137 3208 2492 3265 iuconi‘usum
2543 3222 2768 3264 sensum
2795 3222 2990 3262 eorum
3035 3221 3158 3276 quae
3189 3206 3388 3261 dicun-

119 3296 326 3367 γορόσιν
370 3298 661 3367 ἀγγέλοις,
727 3301 944 3373 ἀπλανῆ
1004 3304 1100 3357 καὶ
1133 3305 1444 3375 ἀσύγχυτον
1494 3308 1696 3361 ἐπιδει-

1803 3308 1911 3365 tur,
1970 3315 2067 3370 per
2122 3299 2401 3355 sermonis
2452 3296 2739 3353 veritatem
2802 3295 3026 3351 imitans
3074 3297 3384 3350 insomnem

120 3386 261 3439 κνύει
310 3389 403 3461 τὴν
458 3388 568 3443 τῶν
597 3388 906 3461 λεγομένων
943 3389 1216 3459 διάνοιαν,
1251 3394 1585 3465 μιμούμενος
1608 3396 1696 3450 διὰ

1803 3389 2118 3460 angelorum
2154 3395 2432 3449 naturam,
2455 3400 2597 3457 quos
2639 3385 2958 3441 necessario
3007 3385 3162 3439 nulla
3208 3385 3387 3455 phan-

119 3476 212 3546 τῆς
262 3480 524 3550 ἀληθείας
572 3480 668 3534 τοῦ
718 3481 879 3549 λόγου
903 3481 1003 3553 τὴν
1047 3483 1253 3537 ἄϋπνον
1303 3485 1414 3539 τῶν
1445 3487 1696 3555 ἀγγέλων

1803 3483 1938 3536 tasia
1975 3495 2041 3534 ac
2059 3480 2203 3536 visio
2240 3478 2484 3534 dimovet
2518 3492 2549 3532 a
2577 3477 2831 3543 veritate,
2870 3492 2936 3533 ex
2976 3478 3100 3546 ejus
3142 3494 3240 3533 ore
3268 3478 3383 3534 dici

120 3567 293 3635 φύσιν,
323 3570 417 3635 οὓς
442 3570 709 3643 οὐδεμιᾶς
737 3573 1041 3640 φαντασίας
1066 3574 1279 3645 ἀνάγκη
1307 3577 1406 3648 τῆς
1431 3576 1692 3647 ἀληθείας

1803 3579 1977 3640 potest
2023 3574 2291 3641 tanquam
2323 3585 2355 3624 e
2401 3567 2736 3639 scaturigine
2770 3566 3053 3624 eﬂ'undere
3092 3570 3384 3624 cinnamo-

120 3658 400 3733 ἐξίστησιν,
425 3656 581 3726 οὗτος
611 3662 822 3730 λέγοιτο
856 3662 1155 3733 άναϐρύειν
1180 3664 1268 3719 διὰ
1299 3664 1395 3718 τοῦ
1426 3666 1695 3737 στόματος

1803 3678 1947 3717 mum
1988 3677 2125 3732 :per
2154 3661 2299 3731 quod
2333 3669 2389 3714 et
2423 3658 2587 3713 ardor
2628 3657 2952 3729 cupiditatis
2984 3660 3379 3730 exstinguitur,

118 3749 174 3802 τὸ
214 3754 566 3831 κιννάμωμον
590 3772 602 3784 ’
647 3752 714 3813 δι’
747 3747 810 3807 οὗ
843 3754 939 3808 καλ¹
969 3756 1003 3826 ὴ
1045 3756 1145 3826 τῆς
1173 3754 1472 3827 ἐπιθυμίας
1503 3757 1693 3829 πύρω-

120 3857 218 3907 σις,
258 3845 350 3899 καὶ
397 3847 431 3917 ἡ
482 3846 839 3918 περικάρδιος
888 3848 984 3902 τοῦ
1040 3848 1214 3920 θυμοῦ
1262 3850 1691 3904 κατασϐέννυται

118 3931 293 3999 ζέσις,
337 3939 432 3991 καὶ
490 3938 672 4008 πάσης
715 3937 815 4009 τῆς
864 3940 1005 3994 κατὰ
1046 3940 1138 3994 τὸν
1168 3940 1284 4012 βίον
1312 3941 1502 3995 τοῦτον
1549 3942 1691 3995 ὀνει-

120 4023 312 4092 ρώδους
354 4028 658 4096 φαντασίας
685 4045 744 4081 τε
777 4031 873 4084 καὶ
918 4031 1231 4102 συγχύσεως
1275 4014 1570 4103 καθαρεύει
1611 4031 1691 4103 τῷ

117 4115 273 4188 λόγῳ.
321 4119 426 4174 Καὶ
485 4121 678 4192 μηδεὶς
712 4122 849 4195 πρὸς
896 4123 959 4177 τὸ
1004 4124 1267 4178 ἀπίθανον
1327 4124 1540 4195 βλέπων
1580 4124 1691 4178 τῶν

118 4208 237 4277 περὶ¹
276 4210 369 4264 τοῦ
418 4212 779 4285 κινναμώμου
835 4214 1174 4286 λεγομένων,
1219 4215 1553 4270 διαϐαλλέτω
1599 4215 1691 4269 τὸν

114 4292 282 4366 λόγον,
312 4300 387 4365 ὡς
415 4303 518 4355 οὐκ
545 4302 611 4356 ἐκ
641 4303 749 4357 τῶν
783 4304 999 4376 ἀληθῶν
1032 4308 1378 4378 προσάγοντα
1400 4309 1467 4377 τῇ
1501 4307 1691 4378 νύμφῃ

116 4383 199 4435 τὸν
228 4385 462 4445 ἔπαινον.
516 4386 643 4444 Οῑδε
682 4393 794 4465 γὰρ
827 4394 1086 4460 πολλάκις
1118 4399 1152 4467 ὴ
1184 4397 1316 4466 ἁγία
1358 4397 1548 4467 Γραφὴ
1594 4397 1689 4450 καὶ

119 4472 310 4540 μύθους
338 4478 491 4543 τινὰς
540 4482 605 4533 ὲκ
632 4481 741 4535 τῶν
775 4482 973 4548 ἔξωθεν
1006 4486 1575 4557 συμπαραλαμῶνειν
1609 4488 1688 4551 είς

115 4561 205 4632 τὴν
226 4566 314 4619 τοΞ
355 4569 487 4624 ἰδίου
520 4573 724 4626 σκοποῦ
763 4576 1084 4646 συνεργίαν,
1117 4578 1212 4630 καὶ
1241 4577 1687 4648 ἀνεπαισχύντως

116 4653 176 4706 ὲκ
192 4656 286 4726 τῆς
310 4660 544 4732 μυθικῆς
566 4663 802 4734 ἱστορίας
820 4667 1100 4737 ὀνομάτων
1126 4685 1229 4739 μνη
1239 4667 1485 4739 μονεύειν
1501 4669 1685 4733 τινῶν,

113 4745 189 4806 εἰς
224 4747 615 4822 ἐναργεστέραν
656 4752 879 4821 ἔνδειξιν
926 4756 1020 4809 τοῦ
1063 4757 1422 4829 προκειμένου
1478 4758 1686 4830 νοήμα-

112 4850 217 4898 τοςο
246 4837 319 4902 ὼς
340 4840 433 4893 ἐπὶ
457 4842 566 4895 τῶν
594 4843 685 4896 τοῦ
717 4843 837 4897 Ἰὼϐ
866 4845 1181 4916 θυγατέρων
1204 4848 1265 4901 τὸ
1290 4848 1485 4912 κάλλος
1514 4849 1687 4921 ὑπερ-

113 4922 387 5012 θαυμάσας
407 4933 434 4984 δ
462 4932 639 5002 λόγος,
655 4935 749 4988 καὶ
771 4935 859 4989 διὰ
883 4938 990 4990 τῶν
1020 4940 1301 5009 ὀνομάτων
1322 4939 1421 5010 τὴν
1449 4939 1656 5012 ύπερὸο
1674 4970 1686 4980 -

115 5011 207 5084 λὴν
220 5017 310 5071 τοῦ
332 5022 460 5093 περὶ
480 5024 659 5078 αὐτῶν
689 5024 966 5095 θαύματος
992 5030 1312 5095 ἐνεδείξατο,
1345 5030 1520 5099 λέγων
1541 5045 1555 5059 ’
1587 5030 1687 5103 τὴν

121 5104 212 5171 μὲν
246 5107 484 5182 Ἡμέραν
505 5112 777 5182 λέγεσθαι,
798 5116 895 5186 τὴν
912 5116 968 5169 δὲ
995 5120 1258 5184 Κασσίαν,
1279 5119 1376 5191 τὴν
1403 5119 1460 5173 δὲ
1479 5119 1688 5190 τρίτην,

129 5191 442 5265 Ἀμαλθείας
474 5204 677 5276 Κέρας.
711 5205 880 5260 Τοῦτο
908 5207 964 5260 δὲ
996 5211 1157 5263 παντὶ
1193 5211 1348 5281 δῆλόν
1391 5213 1559 5273 ἐστιν,
1609 5211 1693 5265 ὅτι

123 5282 278 5374 ξιῦθος
331 5288 639 5363 Ἐλληνικὸς
688 5296 890 5352 ἔπλασε
940 5300 1002 5353 τὸ
1036 5302 1177 5355 κατὰ
1209 5303 1308 5374 τὴν
1361 5286 1689 5373 ’Δμάλθειαν

119 5367 377 5464 διήγημα,
408 5383 473 5453 ἢν
500 5380 632 5453 αἶγα
660 5382 824 5441 οὖσαν
856 5391 1052 5461 τροφὸν
1078 5367 1334 5459 γενέσθαι
1356 5367 1450 5447 τού
1474 5395 1693 5464 Κρητδς

122 5461 319 5522 ἐκείνου
346 5474 753 5545 μυθολογοῦσιν,
783 5476 853 5553 ἦς
877 5480 969 5534 τοῦ
997 5484 1115 5546 ἑνὸς
1140 5484 1467 5548 ἐκπεσόντος
1489 5461 1687 5556 κέρως.

124 5556 296 5628 βρύειν
329 5569 391 5622 ὲκ
410 5570 502 5624 τοῦ
538 5574 715 5626 κοίλου
742 5576 841 5645 τὴν
872 5575 1232 5645 παγκαρπίαν
1252 5576 1280 5626 ὁ
1313 5573 1481 5645 μῦθος
1504 5572 1690 5642 ἐποίη-

126 5664 229 5707 σίνο
264 5651 387 5729 Ἆρ’
417 5656 509 5715 οὖν
543 5664 828 5719 ἐπίστευσε
876 5669 987 5730 τοῖς
1036 5666 1165 5738 περὶ
1220 5668 1317 5736 τῆς
1363 5663 1687 5736 ’Λμαλθείας

1794 3764 1850 3810 et
1876 3755 1972 3809 ira:
1988 3754 2135 3807 circa
2160 3767 2259 3809 cor
2288 3752 2558 3814 ebullitio,
2594 3759 2651 3807 et
2687 3752 2801 3820 ipse
2822 3757 2909 3807 est
2937 3765 3111 3821 purus
3163 3752 3381 3807 ratione

1794 3847 1864 3902 ab
1898 3845 2048 3901 omni
2080 3860 2201 3913 quae
2241 3851 2329 3900 est
2366 3843 2547 3899 instar
2601 3842 2803 3899 somnii
2853 3840 3089 3897 confusa
3140 3843 3373 3898 visione.

1794 3936 1966 3992 Nemo
2030 3942 2213 3991 autem
2275 3933 2620 3991 incredibilia
2660 3934 2766 3990 ist'a
2825 3949 2949 3990 esse
2990 3932 3375 3999 considerans,

1792 4045 1915 4099 qum
1941 4027 2205 4082 dicuntur
2234 4025 2302 4082 de
2327 4026 2712 4090 cinnamomo,
2745 4024 3053 4081 orationem
3082 4024 3379 4095 reprehen-

1793 4120 1909 4182 dat,
1942 4125 2004 4173 ut
2031 4132 2153 4188 quas
2180 4132 2244 4173 ex
2282 4117 2351 4172 iis
2376 4131 2498 4188 quae
2522 4130 2634 4171 non
2665 4123 2796 4173 sunt
2815 4130 2966 4179 vera,
3001 4129 3222 4185 sponsae
3258 4114 3378 4168 lau-

1792 4210 1918 4265 dem
1964 4209 2188 4264 tribuat.
2248 4205 2401 4263 Solet
2455 4206 2605 4262 enim
2653 4220 2797 4275 saepe
2846 4213 3041 4263 sancta
3086 4203 3376 4276 Scriptura

1791 4301 1956 4357 etiam
2012 4299 2081 4354 ab
2112 4299 2358 4354 externis
2410 4296 2625 4353 fabulas
2665 4297 2917 4367 accipere
2959 4296 3027 4351 ad
3074 4310 3232 4366 opem
3274 4310 3378 4350 suo

1793 4403 1960 4459 scopo
1991 4386 2298 4451 ferendam,
2348 4392 2404 4441 et
2436 4385 2572 4441 citra
2605 4385 2870 4455 pudorem
2906 4384 3225 4440 meminisse
3264 4383 3372 4437 ali-

1791 4496 2026 4553 quorum
2047 4478 2330 4534 nominum
2358 4478 2424 4532 ad
2453 4492 2674 4532 sensum
2705 4476 3044 4545 propositum
3065 4474 3375 4531 evidentius

1794 4572 2173 4635 indicandum,
2209 4569 2354 4625 sicut
2380 4568 2435 4623 in
2464 4567 2684 4623 ﬁliabus
2712 4565 2838 4632 Job,
2862 4582 3100 4637 quarum
3124 4566 3374 4636 pulchri-

1795 4665 2040 4719 tudinem
2069 4661 2245 4717 oratio
2277 4675 2445 4731 supra
2488 4658 2712 4714 modum
2760 4658 3018 4724 laudans,
3066 4659 3232 4714 etiam
3276 4674 3376 4729 per

1797 4757 2018 4813 nomina
2055 4755 2298 4812 ostendit
2338 4755 2615 4810 excellens
2646 4768 2837 4808 earum
2890 4753 3239 4818 miraculum,
3285 4755 3377 4809 di-

1801 4864 1954 4914 cens,
1983 4860 2148 4902 unam
2198 4846 2417 4916 quidem
2468 4845 2579 4901 dici
2624 4845 2797 4910 Diem,
2845 4845 3072 4900 alteram
3105 4858 3236 4900 vero
3271 4844 3376 4899 Ca-

1798 4935 2193 5001 siam,tertiam
2219 4944 2398 4990 autem
2427 4933 2615 4989 Cornu
2644 4933 2944 4989 Amaltheae
2966 4936 3036 4989 θ’,
3056 4932 3171 4989 lIoc
3192 4943 3373 4988 autem

1797 5033 1882 5079 est
1925 5023 2100 5078 cuivis
2146 5024 2520 5094 perspicuum,
2545 5023 2690 5092 quod
2730 5022 2799 5078 de
2842 5024 3142 5078 Amaltheae
3190 5022 3374 5077 fabula

1800 5114 1990 5171 Graeca
2018 5112 2283 5167 conﬁnxit
2319 5113 2717 5179 narrationem,
2755 5128 2920 5182 quam
2950 5128 3074 5169 cum
3104 5122 3252 5167 esset
3283 5125 3377 5166 ca-

1798 5223 1921 5279 pra,
1962 5203 2280 5258 fabulantur
2327 5203 2504 5259 fuisse
2545 5203 2819 5258 nutricem
2877 5204 3026 5258 illius
3064 5201 3363 5268 Cretensis,

1795 5296 1954 5366 cujus
1985 5311 2110 5351 cum
2132 5308 2303 5348 cornu
2327 5293 2637 5355 cecidisset,
2668 5292 2852 5347 fabula
2878 5291 3008 5346 fecit
3026 5306 3092 5345 ex
3123 5304 3372 5344 concavo

1794 5388 1966 5445 ﬂuere
1994 5403 2157 5444 omne
2183 5401 2360 5457 genus
2399 5384 2615 5455 frugum
2672 5399 2736 5439 ac
2785 5383 3068 5439 fructuum
3130 5382 3368 5452 copiam.

1795 5481 1936 5536 Num
1971 5479 2139 5550 igitur
2167 5475 2399 5532 credidit
2426 5483 2616 5531 sancta
2647 5476 2932 5544 Scriptura
2968 5473 3036 5528 iis
3086 5488 3209 5542 quae
3238 5488 3370 5527 nar-

1797 5579 1990 5627 rantur
2044 5570 2112 5625 de
2159 5567 2489 5622 Amalthea?
2531 5563 2911 5635 Nequaquam,
2962 5563 3058 5619 sed
3106 5564 3230 5619 ﬁliae
3269 5561 3371 5620 Job

1796 5662 1979 5718 ferens
2013 5657 2414 5723 testimonium,
2456 5654 2603 5727 quod
2644 5662 2791 5713 esset
2855 5654 3202 5710 feracissima
3251 5668 3371 5709 0m-

191 5827 235 5859 “
265 5827 363 5886 Job
385 5848 531 5904 ηνι,
553 5837 645 5896 Η.
