3866 6348
121 397 231 454 977

1166 399 1230 456 IN
1252 401 1547 461 CANTICA
1570 404 1843 464 CANTIC.
1887 404 2167 462 llOMlLlA
2207 405 2298 462 ΙΧ.

3275 399 3383 459 978

125 514 417 588 ποιούσης,
461 518 554 570 καὶ
598 515 658 570 τὸ
687 517 923 590 καθαρὸν
965 518 1072 573 τῶν
1112 538 1344 593 πρωτων
1392 526 1578 599 μύρων
1623 527 1709 582 διά

1839 528 2116 582 dnlterina
2143 526 2418 596 dogmata,
2439 541 2533 597 per
2556 523 2964 596 productionem
2983 518 3257 575 fructuum
3280 516 3382 586 pri-

125 608 227 675 τῆς
255 607 370 660 τῶν
397 605 647 677 πονηρῶν
671 606 955 679 νοημάτων
980 610 1259 680 ἐπιμιξίας
1284 612 1706 687 λυμαινομένης.

140 696 416 752 Ἐνταῦθα
456 698 638 768 μέντοι
686 699 748 752 τὸ
801 699 1180 772 ἀκιϐδήλευτόν
1219 721 1276 758 τε
1330 707 1422 759 καὶ
1476 708 1713 780 καθαρὸν

107 789 242 858 ,τῶν
280 788 571 859 δογμάτων
606 794 873 864 μαρτυρεί
902 794 968 863 τῇ
1002 792 1188 869 νύμφῃ
1228 798 1256 848 6
1285 797 1473 866 λόγος,
1504 799 1592 853 διὰ
1617 800 1715 869 τῆς

129 879 241 933 τῶν
275 879 510 950 πρώτων
541 880 727 952 μύρων
760 885 1157 955 καρποφορίας.
1199 888 1308 941 Καὶ
1339 890 1463 943 οὐδὲ
1507 894 1563 944 ἐν
1596 892 1717 946 τού-

130 987 248 1034 τοις
294 971 427 1042 ἔστη
475 970 598 1025 οὔτε
646 973 679 1044 ὴ
728 972 938 1045 νύμφη,
985 978 1099 1039 τοῖς
1134 977 1483 1051 ὑψηλοτέροις
1520 982 1716 1053 ἑαυτὴν

135 1060 559 1143 ἐπεκτείνουσα,
590 1060 711 1115 οὔτε
741 1064 770 1116 6
794 1062 950 1131 λόγος
981 1066 1259 1135 συνεργῶν
1288 1071 1425 1141 αὑτῇ
1457 1070 1593 1143 πρὸς
1619 1072 1717 1140 τὴν

135 1148 347 1203 ἄνοδον.
374 1142 479 1212 Ἦς
507 1149 615 1222 γάρ
642 1151 708 1204 ὲκ
726 1149 823 1204 τοῦ
842 1151 1109 1222 στόματος
1134 1155 1426 1211 ἀποστολαὶ
1451 1142 1589 1231 ῥοῶν
1615 1162 1718 1214 εἰσι

138 1239 230 1292 καί
257 1240 569 1310 ἀρωμάτων
612 1240 962 1311 παράδεισοι,
1012 1241 1147 1314 αὕτη
1174 1244 1267 1299 νῦν
1299 1248 1446 1319 πηγὴ
1476 1249 1715 1317 γίνεται,

137 1327 263 1390 τοὺς
292 1325 354 1392 ἐξ
378 1328 547 1399 αὑτῆς
576 1330 911 1399 άναφυέντας
938 1333 1304 1401 παραδείσους
1335 1338 1680 1409 κατάρδουτα
1699 1356 1714 1370 ο

137 1418 237 1487 οὑχ
264 1415 342 1480 ὡς
374 1418 468 1472 ἐπὶ
508 1418 600 1472 τοῦ
632 1419 844 1474 Παύλου
878 1437 936 1473 τε
977 1422 1071 1474 καὶ
1118 1424 1357 1479 Ἀπολλῶ
1403 1428 1721 1499 μεμαθήκα-

144 1516 263 1569 μεν,
295 1501 374 1565 ὼς
413 1503 506 1556 τοῦ
533 1505 634 1575 μὲν
668 1507 1012 1575 φυτεύοντος,
1045 1510 1137 1563 τοῦ
1170 1512 1227 1565 δὲ
1256 1514 1443 1586 ἐτέρου
1474 1516 1720 1579 ποτίζον-

138 1606 232 1655 τος
250 1609 265 1624 ·
297 1592 419 1646 ἀλλ’
447 1594 586 1666 αὕτη
612 1597 680 1651 τά
705 1597 798 1652 δύο
826 1601 1132 1675 ἐργάζεται,
1161 1604 1368 1672 φύουσα
1389 1607 1515 1670 τοὺς
1548 1625 1722 1679 παρα-

1814 635 2023 675 morum
2053 627 2473 689 unguentorum.
2486 617 2590 673 Sed
2606 633 2705 673 nec
2724 618 2778 671 in
2796 616 2881 670 his
2899 611 3143 670 substitit
3159 624 3382 679 sponsa.

1814 709 2108 779 quominus
2126 722 2185 764 se
2221 708 2536 762 extenderet
2560 708 2626 762 ad
2655 708 2869 770 altiora,
2898 718 3074 773 neque
3098 700 3384 769 Scriptura

1814 796 2112 866 quominus
2154 797 2204 851 ei
2227 810 2384 865 opem
2414 794 2582 851 ferret
2605 795 2673 850 ad
2703 808 3014 850 ascensum.
3039 789 3211 860 Cujus
3240 788 3385 843 enim

1816 903 1879 940 ex
1911 901 2006 940 ore
2022 893 2151 941 sunt
2174 874 2500 943 emissiones
2524 886 2791 941 malorum
2810 885 3132 954 punicorum
3159 888 3213 934 cl
3229 872 3386 950 para-

1816 974 1922 1030 disi
1965 984 2291 1041 aromatum,
2314 991 2376 1031 ea
2404 990 2551 1031 nunc
2580 976 2638 1029 tit
2659 976 2798 1039 fons,
2819 974 3054 1043 irrigans
3083 971 3271 1025 hortos
3294 967 3388 1039 qui

1817 1082 1883 1120 cx
1912 1081 1975 1121 ea
2004 1067 2109 1121 orti
2128 1078 2256 1120 sunt
2276 1086 2288 1122 :
2310 1082 2418 1121 non
2450 1067 2592 1122 sicut
2616 1066 2683 1121 de
2710 1065 2879 1121 Paulo
2908 1072 2962 1120 et
2990 1060 3388 1134 Apollodidici-

1822 1168 1965 1219 mus,
2001 1154 2145 1223 quod
2173 1155 2311 1209 alter
2338 1155 2558 1223 quidem
2604 1155 2900 1223 plantaret,
2951 1153 3088 1208 alter
3115 1165 3244 1206 vero
3269 1148 3390 1203 irri-

1821 1252 2003 1312 garet;
2035 1244 2132 1300 sed
2186 1246 2305 1316 ipsa
2336 1246 2445 1301 duo
2499 1255 2780 1317 operatur,
2844 1253 2903 1299 ut
2947 1257 3071 1314 quae
3119 1241 3284 1317 simul
3338 1249 3392 1295 et

1825 1332 2027 1400 plantet
2056 1315 2246 1391 hortos
2272 1328 2326 1390 et
2363 1315 2573 1407 irriget.
2596 1332 2855 1390 Fortasse
2887 1341 3070 1387 autem
3102 1315 3390 1386 sublimio-

1823 1438 1936 1477 rem
1963 1439 2184 1496 quoque
2206 1426 2448 1498 aliquam
2476 1429 2746 1482 rationem
2785 1426 2905 1480 laus
2937 1424 3205 1478 continet.
3250 1420 3396 1476 Dicit

1823 1514 1967 1568 cnim
1998 1530 2123 1570 eum
2156 1532 2281 1573 esse
2314 1518 2517 1573 fontem
2555 1534 2665 1573 non
2716 1517 2903 1571 ﬂuenti
2944 1515 3091 1586 quod
3145 1512 3392 1584 proﬂuit,

1829 1606 1924 1660 sed
1960 1606 2240 1661 hortorum
2282 1629 2295 1663 :
2336 1626 2443 1665 non
2474 1612 2688 1680 aliquas
2730 1625 2998 1679 aquarum
3052 1604 3395 1668 cﬂluxiones,

141 1681 352 1747 δείσους
374 1685 661 1755 ὁμοῦ,,καὶ
690 1691 1002 1758 ποτίζουσα.
1021 1697 1093 1749 Ἢ
1111 1696 1249 1767 τάχα
1270 1698 1365 1749 καὶ
1395 1697 1725 1769 ὑψηλότερον

1839 1694 1922 1750 sed
1947 1694 2135 1751 hortos
2176 1698 2327 1768 ipsos
2378 1700 2721 1769 irrigantan
2767 1697 2844 1753 Ita
2883 1698 3154 1752 animatos
3209 1693 3399 1747 hortos

141 1785 262 1823 τινα
294 1772 457 1841 λόγον
515 1778 758 1849 περιέχει
780 1781 808 1833 6
840 1781 1082 1847 ἔπαινος.
1106 1783 1294 1855 Πηγὴν
1323 1783 1431 1857 γὰρ
1454 1786 1626 1855 αὐτὴν
1662 1786 1723 1838 οὑ

1839 1800 2083 1841 amanare
2113 1786 2241 1843 fecit
2272 1789 2489 1845 divinus
2521 1790 2810 1859 Apostolus
2837 1791 2904 1855 ",
2932 1804 3027 1844 cos
3079 1787 3220 1857 apud
3262 1798 3402 1854 quos

144 1859 383 1930 νάματος
416 1868 777 1938 προχεομένου
806 1873 969 1937 τινος,
989 1873 1123 1927 ἀλλὰ
1146 1876 1335 1944 κήπων
1356 1871 1493 1929 εἷναί
1519 1892 1681 1946 φησιν
1704 1892 1717 1905 ο

1839 1873 1945 1940 iuit,
1976 1890 2072 1944 per
2093 1876 2397 1931 doctrinam
2424 1878 2607 1933 enasci
2634 1877 2840 1933 faciens
2867 1878 3087 1931 hortum
3120 1873 3398 1928 Ecclesiaa.

142 1949 240 2022 οὑχ
268 1954 480 2008 ὑδάτων
496 1956 646 2021 τινὰς
668 1960 961 2031 ἀπορροάς,
979 1962 1304 2027 ἁλλάὑτοὺς
1326 1965 1450 2027 τοὺς
1475 1965 1685 2035 κήπους
1713 1961 2057 2031 πηγάζουσάν
2073 1983 2131 2018 τε
2150 1967 2242 2019 καὶ
2270 1967 2665 2039 άναϐρύουσαν.
2690 1966 2874 2028 Οὕτως
2903 1965 3135 2034 ἀνέϐρυε
3150 1956 3289 2027 τοὺς
3306 1966 3403 2033 ἐμ-

143 2040 348 2128 ψύχους
361 2044 569 2113 κήπους
589 2048 615 2098 6
632 2045 771 2111 θεῖος
785 2048 1122 2113 Ἀπόστολος,
1138 2054 1266 2122 παρ’
1279 2046 1359 2115 οἷς
1369 2051 1433 2105 ἃν
1451 2053 1685 2121 ἐγένετο,
1703 2052 1791 2104 τὸν
1807 2050 1906 2122 τῆς
1922 2054 2244 2124 Ἑκκλησίας
2261 2056 2586 2128 παράδεισον
2600 2058 2685 2110 διὰ
2696 2058 2792 2127 τῆς
2803 2056 3146 2119 διδασκαλίας
3165 2056 3402 2124 ὲκφύων.

217 2123 350 2181 Εἶτα
376 2130 513 2200 πρὸς
542 2132 601 2184 τὸ
641 2134 939 2203 ἀκρότατον
971 2135 1092 2204 ἄγει
1119 2138 1216 2208 τὴν
1243 2137 1459 2209 νύμφην
1496 2138 1584 2191 διά
1615 2137 1725 2192 τῶν
1758 2147 1797 2200 Β

150 2218 387 2273 ἐπαίνων
436 2222 464 2274 6
526 2221 712 2291 λόγος,
764 2227 941 2299 φρέαρ
993 2227 1161 2298 αὐτὴν
1216 2228 1487 2299 ὀνομάσας
1541 2228 1727 2291 ὕδατος

152 2307 381 2374 ζῶντος,
423 2313 521 2365 καὶ⁸
572 2314 879 2384 ροιζοῦντος
922 2318 1029 2371 άπὸ
1074 2318 1167 2373 τοῦ
1212 2319 1468 2374 Λιϐάνου.
1525 2321 1591 2372 ’Ἀ
1621 2320 1729 2390 γάρ

156 2401 279 2471 περὶ
322 2402 422 2471 τῆς
453 2401 720 2466 ζωοποιοῦ
767 2406 1172 2479 μεμαθήκαμεν
1207 2407 1420 2476 φύσεως
1450 2408 1601 2479 παρά
1632 2409 1731 2478 τῆς

156 2488 309 2557 ἀγίας
336 2491 585 2563 Γραφῆς,
612 2493 708 2548 νῦν
743 2495 841 2565 μὲν
875 2496 975 2566 τῆς
1002 2497 1338 2568 προφητείας
1375 2495 1642 2568 λεγούσης
1669 2500 1731 2549 ἐκ

158 2579 448 2649 προσώπου
480 2581 574 2634 τοῦ
603 2582 738 2637 Θεοῦ
759 2625 774 2650 ,
798 2586 882 2640 ὅτι
933 2587 1071 2656 Ἐμὲ
1092 2587 1490 2657 ἐγκατέλιπον
1526 2589 1731 2658 πηγὴν

156 2666 369 2736 ὕδατος
398 2669 616 2739 ζῶντος
636 2688 652 2704 ’
688 2674 848 2729 πάλιν
887 2675 943 2728 δὲ
968 2675 1062 2729 τοῦ
1095 2677 1300 2748 Κυρίου
1332 2677 1467 2747 πρὸς
1488 2679 1589 2748 τὴν
1626 2679 1729 2730 Σα-

162 2762 401 2832 μαρεῖτιν
430 2761 709 2827 εἰπόντος’
740 2768 809 2819 El
836 2763 999 2834 ᾕδεις
1028 2767 1142 2836 τὴν
1168 2767 1394 2834 δωρεὰν
1421 2768 1527 2821 τοῦ
1559 2768 1727 2829 Θεοῦ,

158 2849 253 2904 καὶ
279 2854 371 2918 τίς
402 2853 579 2907 ἐστιν
608 2857 640 2908 ό
668 2854 861 2925 λέγων
901 2871 1001 2911 σοι
1024 2875 1037 2889 ·
1076 2859 1190 2925 Δός
1217 2876 1321 2928 μοι
1357 2859 1514 2927 ὕδωρ
1555 2860 1733 2925 πιεῖν,

159 2939 238 2993 σὺ
269 2940 345 2995 ἂν
386 2944 622 3013 ᾔτησας
664 2946 881 3011 αὑτὸν,
932 2948 1029 3001 καὶ
1060 2948 1282 3003 ἔδωκεν
1310 2949 1388 3003 ἄν
1429 2964 1529 3004 σοι
1581 2950 1737 3019 ὕδωρ

162 3028 297 3088 Fur"
332 3035 555 3097 καὶ,.Εἷ
585 3053 674 3101 τις
702 3034 885 3104 διψᾷ,
922 3038 1187 3107 ἐρχέσθω
1224 3041 1375 3108 πρὸς
1406 3041 1485 3109 μὲ
1518 3041 1612 3094 καὶ
1647 3053 1739 3093 πι-

161 3119 324 3179 νέτω.
376 3125 429 3177 ’0
468 3127 581 3195 γὰρ
627 3128 927 3182 πιστεύων
969 3131 1054 3196 εἰς
1102 3130 1206 3199 ἐμὲ
1229 3171 1242 3193 ,
1291 3131 1483 3196 καθὼς
1508 3128 1675 3184 εἶπεν
1699 3133 1737 3200 ἡ

174 3215 397 3285 Γραφὴ,
431 3218 689 3286 ποταμοὶ
715 3219 782 3273 ἐκ
805 3219 914 3286 τῆς
938 3222 1171 3287 κοιλίας
1204 3222 1388 3276 αὐτοῦ
1403 3219 1741 3287 ῥεύσουσιν

157 3299 370 3366 ὕδατος
385 3304 622 3365 ζων-τος.
650 3303 830 3356 Τοῦτο
842 3305 909 3355 δὲ
921 3305 1092 3373 ἔλεγε
1107 3307 1236 3375 περὶ
1253 3308 1359 3361 τοῦ
1374 3313 1741 3385 Πνεύματος,

158 3386 228 3444 οὗ
254 3391 518 3460 ἔμελλον
540 3393 869 3462 λαμϐάνειν
903 3396 958 3448 oi
987 3398 1379 3466 πιστεύοντες
1413 3405 1504 3468 είς
1530 3408 1736 3466 αὐτόν.

166 3477 442 3553 Πανταχοῦ
480 3484 660 3537 τοίνυν
694 3485 792 3557 τῆς
842 3485 995 3552 θείας
1036 3489 1249 3557 φύσεως
1288 3490 1374 3545 διὰ
1407 3490 1500 3544 τοῦ
1542 3491 1743 3556 ζῶντος

171 3568 357 3637 ὕδατος
386 3575 705 3647 νοουμένης,
736 3576 971 3632 ἐνταῦθα
1015 3580 1048 3650 ἠ
1080 3579 1317 3653 ἀψευδὴς
1351 3582 1621 3652 μαρτυρία
1648 3580 1741 3636 τοῦ

166 3660 319 3731 λόγου
352 3665 536 3736 φρέαρ
566 3665 758 3731 ὓδατος
779 3667 875 3739 τὴν
905 3669 1124 3741 νύμφην
1153 3665 1293 3725 εἶναι
1334 3671 1667 3743 συνίστησιν,
1699 3667 1744 3740 ᾧ

169 3752 231 3805 ὲκ
277 3755 370 3809 τοῦ
414 3756 652 3811 Λιϐάνου
698 3758 846 3813 ἐστὶν
877 3762 910 3832 ή
942 3761 1102 3833 φορά.
1139 3760 1309 3815 Τοῦτο
1346 3762 1411 3833 δὴ
1446 3762 1506 3815 τὸ
1530 3763 1744 3816 πάντων

169 3846 620 3915 παραδοξότατον.
662 3850 888 3905 Πάντων
924 3850 1034 3923 γὰρ
1084 3852 1192 3905 τῶν
1226 3853 1476 3923 φρεάτων
1497 3895 1511 3917 ,
1560 3856 1618 3907 ἐν
1655 3871 1747 3906 συ-

175 3936 405 4003 στήματι
440 3936 509 3990 τὸ
555 3935 698 4008 ὕδωρ
724 3938 975 4009 ἐχόντων,
1006 3939 1141 4010 μόνη
1174 3943 1208 4011 ἠ
1235 3941 1419 4011 νύμφη
1456 3941 1746 4006 διεξοδικδν

176 4024 232 4077 ὲν
263 4026 425 4099 ἑαυτῇ
456 4028 571 4099 ἔχει
596 4028 659 4082 τὸ
680 4028 846 4101 ὕδωρ,
886 4029 1024 4084 ὥστε
1060 4030 1122 4084 τὸ
1153 4032 1250 4101 μὲν
1281 4030 1443 4101 βάθος
1473 4029 1616 4099 ἔχειν
1650 4030 1744 4083 τοῦ

180 4113 427 4182 φρέατος,
453 4117 548 4172 τοῦ
570 4117 628 4171 δὲ
661 4118 907 4188 ποταμοῦ
931 4119 992 4172 τὸ
1013 4120 1340 4192 ἀεικίνητον.
1367 4121 1463 4183 Τίς
1487 4123 1596 4190 γάρ
1628 4122 1746 4174 κατ’

179 4199 332 4266 ἀξίαν
354 4206 597 4274 ἐφίκοιτο
608 4206 716 4261 τῶν
740 4208 1206 4280 ὑποδεικνυμένων
1224 4210 1538 4281 θαυμάτων,
1565 4210 1639 4274 ὡς
1662 4211 1749 4264 διά

178 4288 273 4359 τῆς
313 4291 407 4347 νῦν
454 4295 815 4367 ἐγγινομένης
839 4297 974 4368 αὐτῇ
998 4297 1347 4368 ξόμοιώσεωςς
1386 4301 1539 4371 Τάχα
1567 4302 1749 4356 οὑκέτι

179 4377 286 4450 ἔχει
306 4383 436 4439 ὅπου
453 4385 651 4457 ἑαυτὴν
668 4387 769 4439 ὑπε
779 4387 917 4458 ράρῃ
932 4387 1020 4441 διά
1032 4389 1248 4443 πάντων
1265 4390 1592 4460 ὁμοιωθεῖσα
1616 4392 1752 4461 πρὸς

181 4469 237 4520 τὸ
258 4471 559 4541 ἀρχέτυπον
590 4474 803 4539 κάλλος.
846 4476 1165 4548 Μεμίμηται
1192 4478 1300 4546 γάρ
1344 4476 1414 4529 δι’
1461 4478 1753 4549 ἀκριϐείας

181 4562 244 4630 τῇ
295 4562 392 4630 μὲν
439 4569 591 4637 πηγῇ
631 4567 729 4639 τὴν
767 4567 972 4639 πηγὴν,
1021 4572 1086 4639 τῇ
1118 4569 1175 4621 δὲ
1215 4568 1326 4638 ζωῇ
1360 4568 1459 4639 τὴν
1492 4568 1660 4639 ζωὴν,
1692 4570 1754 4623 τὸ

185 4645 240 4700 δὲ
264 4649 405 4723 ὕδωρ
438 4655 519 4726 τῷ
560 4654 733 4711 ὕδατι.
770 4656 886 4709 Ζῶν
916 4657 945 4709 6
984 4657 1140 4724 λόγος
1165 4656 1259 4709 τοῦ
1287 4656 1423 4709 θεοῦ
1443 4696 1458 4719 ,
1491 4655 1558 4727 ζῇ
1595 4658 1688 4710 καὶ
1720 4659 1754 4728 ἡ

186 4737 272 4792 τὸν
303 4743 472 4811 Λόγον
493 4745 759 4819 δεξαμένη
789 4746 956 4818 ψυχή.
985 4748 1059 4799 Τὸ
1086 4747 1142 4800 δὲ
1171 4746 1312 4817 ὕδωρ
1352 4748 1525 4801 ἐκεῖνο
1559 4749 1622 4800 ἐκ
1659 4748 1750 4801 τοῦ

187 4827 316 4883 Θεοῦ
348 4834 481 4903 ῥέει,
503 4836 688 4894 καθώς
722 4854 886 4908 φησιν
923 4839 956 4907 ἡ
992 4838 1164 4907 πηγὴ,
1196 4837 1275 4889 ὅτι
1330 4837 1430 4891 Ἐκ
1466 4836 1574 4891 τοῦ
1605 4837 1753 4891 Θεοῦ

188 4914 444 4985 ἐξῆλθον
485 4925 583 4979 καὶ
614 4928 767 4997 ἥκω.
807 4924 954 4994 Αὕτη
986 4925 1043 4977 δὲ
1074 4925 1315 4994 περιέχει
1343 4924 1405 4977 τὸ
1434 4925 1644 4996 εἰσρέον
1677 4924 1755 4994 τῷ

188 5005 282 5073 τῆς
313 5007 489 5079 ψυχῆς
536 5015 762 5083 φρέατι,
799 5014 893 5065 καὶ
938 5012 1026 5064 διὰ
1070 5011 1227 5065 τοῦτο
1263 5011 1471 5080 γίνεται
1508 5015 1755 5081 ταμιεῖον

190 5093 281 5146 τοῦ
311 5096 510 5165 ζῶντος
548 5103 757 5157 ἐκείνου
798 5100 986 5165 ὓδατος
1013 5101 1105 5153 τοῦ
1135 5105 1198 5154 ὲκ
1229 5099 1322 5154 τοῦ
1347 5100 1578 5153 Λιϐάνου
1607 5102 1757 5171 ῥέον-

192 5195 299 5248 τος,
329 5188 528 5255 μᾶλλον
555 5192 613 5246 δὲ
634 5191 959 5265 ροιζοῦντος,
992 5189 1173 5253 καθὼς
1207 5192 1235 5242 ὁ
1268 5190 1429 5259 λόγος
1453 5189 1754 5259 ὠνόμασεν.

198 5265 269 5325 Ob
323 5278 417 5331 καὶ
464 5283 624 5352 ἡμεῖς
671 5282 962 5354 γενοίμεθα
1016 5282 1263 5352 μέτοχοι,
1320 5280 1645 5351 κτησάμενοι
1695 5282 1757 5335 τὸ

184 5363 367 5436 ’φρέαρ
406 5369 601 5438 ἐκεῖνο,
631 5373 719 5427 ἵνα
758 5372 898 5427 κατὰ
935 5373 997 5425 τὸ
1022 5372 1122 5442 τῆς
1155 5370 1345 5442 σοφίας
1391 5371 1755 5442 παράγγελμα

198 5447 456 5526 ἡμέτερον
485 5461 727 5532 πίνωμεν
764 5462 928 5533 ὕδωρ,
961 5439 1153 5532 καὶμὴ
1187 5439 1486 5532 άλλότριονξ
1524 5462 1609 5516 Ἑν
1632 5439 1765 5532 Χρι-

201 5540 304 5609 στῷ
340 5545 511 5616 Ἰησοῦ
560 5552 749 5624 κυρίῳ
780 5553 969 5623 ἡμῶν,
1005 5546 1048 5621 ᾧ
1084 5553 1114 5623 ἡ
1147 5551 1273 5616 δόξα
1298 5552 1377 5614 είς
1407 5553 1530 5615 τοὺς
1563 5550 1760 5616 αἰῶνας

198 5627 305 5680 τῶν
333 5634 556 5695 αἰώνων.
607 5644 794 5714 Ἀμήν.
1680 5666 1685 5670 δ

1787 4804 1827 4858 ο
1859 4781 2007 4837 sicut
2043 4778 2163 4835 fons
2199 4779 2332 4833 dicit
2363 4798 2376 4833 :
2441 4779 2524 4835 Ea:
2546 4778 2640 4833 deo
2682 4776 2934 4849 processi,
2971 4782 3020 4829 et
3044 4773 3210 4828 venio.

1994 2140 2201 2197 Deinde
2238 2143 2523 2215 Scriptura
2557 2146 2814 2201 laudibus
2838 2129 3404 2214 ad'sununumspon-

1833 2247 1948 2286 sam
1982 2235 2183 2299 evehit,
2218 2252 2337 2291 eam
2370 2238 2662 2293 nominans
2699 2248 2923 2308 puteum
2958 2232 3309 2309 aqurc'vivze,
3353 2245 3406 2292 ct

1830 2338 1954 2377 cum
1983 2325 2186 2395 impetu
2217 2327 2436 2383 ﬂuentis
2486 2345 2550 2382 cx
2582 2329 2808 2384 Libano.
2834 2329 2965 2395 Quae
2991 2332 3133 2384 enim
3158 2343 3187 2381 a
3211 2337 3403 2382 sancta

1833 2412 2117 2485 Scriptura
2143 2417 2211 2473 de
2243 2427 2437 2474 natura
2480 2420 2773 2478 didicimus
2820 2421 3054 2485 vivitica,
3099 2436 3245 2475 nunc
3282 2422 3405 2487 qui-

1832 2507 1954 2561 dem
1998 2510 2285 2580 prephetia
2325 2512 2456 2566 dicit
2494 2529 2559 2569 ex
2613 2512 2707 2569 Dei
2767 2530 2997 2584 persona
3027 2534 3040 2569 :
3075 2513 3161 2567 Me
3193 2510 3409 2584 reliqueJ

1835 2609 1956 2653 runt
1985 2601 2182 2669 [autem
2213 2620 2363 2673 aqua:
2393 2606 2617 2671 vim";
2649 2613 2703 2660 et
2734 2621 2926 2661 rursus
2944 2596 3174 2660 Domino
3191 2604 3409 2659 dicente

1836 2691 2194 2747 Samaritana
2231 2713 2243 2748 :
2287 2693 2346 2748 Si
2392 2699 2551 2751 scires
2580 2696 2779 2749 donum
2811 2695 2930 2760 Dei,
2974 2696 3168 2763 etquis
3213 2695 3282 2763 sit
3315 2694 3406 2764 qui

1833 2783 1963 2837 dicit
1985 2785 2102 2846 tibi,
2138 2784 2218 2839 Da
2250 2786 2377 2841 milii
2405 2798 2606 2856 polum,
2641 2799 2697 2841 tu
2727 2788 2961 2854 petiisses
2995 2785 3058 2838 ab
3088 2803 3168 2851 eo,
3221 2799 3269 2839 et
3298 2787 3408 2854 ipse

1836 2872 1933 2925 tibi
1958 2872 2190 2928 dedisset
2242 2892 2434 2945 aquam
2478 2877 2644 2930 vivam
2659 2875 2738 2937 '9;
2767 2883 2820 2929 et
2853 2892 2867 2928 :
2898 2874 2958 2928 Si
2990 2874 3106 2942 quis
3148 2874 3280 2935 sitit,
3326 2890 3411 2927 re-

1837 2966 1947 3017 niat
1981 2964 2049 3018 ad
2079 2981 2159 3018 me
2188 2975 2237 3018 et
2261 2965 2425 3019 bibat.
2459 2965 2566 3032 Qui
2595 2965 2731 3019 enim
2756 2964 2922 3017 credit
2948 2964 3120 3023 inme.
3169 2962 3306 3014 sicut
3330 2962 3412 3013 di—

1836 3055 1917 3107 xit
1952 3053 2253 3123 Scriptura,
2307 3054 2532 3123 ﬂumina
2581 3070 2646 3109 ea:
2678 3065 2850 3109 ventre
2897 3053 3009 3121 ejus
3054 3052 3218 3120 ﬂuent
3260 3066 3411 3120 aqua:

1839 3142 2012 3196 vivw:
2048 3142 2159 3196 licet:
2210 3154 2382 3197 autem
2431 3143 2636 3197 dicebat
2689 3143 2753 3196 de
2798 3141 3007 3209 Spiritu
3048 3156 3199 3210 quem
3262 3156 3413 3193 accc-

1839 3234 1982 3301 pluri
2011 3242 2164 3288 erant
2197 3235 2286 3301 qui
2318 3233 2598 3288 credebant
2624 3238 2673 3288 in
2699 3235 2897 3287 eum”.
2922 3233 3199 3302 Cumcrgo
3230 3231 3414 3285 divina

1842 3332 2035 3377 natura
2066 3324 2269 3394 ubique
2313 3325 2650 3395 intelligatur
2701 3341 2798 3395 per
2830 3339 3027 3393 aquam
3063 3324 3267 3383 vivam,
3324 3321 3413 3373 hic

1845 3429 2031 3468 verum
2064 3414 2362 3484 Scriptura:
2393 3417 2768 3471 testimonium
2790 3416 2981 3469 statuit
3010 3427 3269 3483 sponsam
3292 3428 3416 3467 csse

1846 3511 2066 3572 puteum
2100 3519 2253 3573 aquae
2282 3505 2436 3570 vivae,
2474 3508 2565 3577 qui
2598 3523 2721 3560 cum
2776 3506 2974 3576 impetu
3030 3504 3206 3559 fertur
3232 3520 3295 3559 ex
3327 3503 3418 3556 Li-

1845 3594 2005 3650 bano.
2038 3593 2150 3649 Hoc
2187 3602 2369 3648 autem
2397 3604 2480 3650 est
2502 3596 2746 3650 omnium
2786 3595 3021 3650 maxime
3069 3594 3411 3648 admirabile.

1845 3682 1978 3737 Nam
2009 3698 2133 3737 cum
2168 3698 2359 3741 omnes
2405 3685 2552 3755 putei
2598 3699 2794 3754 aquam
2827 3685 2990 3739 simul
3021 3684 3261 3739 habeant
3284 3702 3416 3738 con-

1846 3774 2156 3840 sistentem,
2211 3776 2330 3829 sola
2384 3789 2586 3847 sponsa
2632 3790 2829 3844 aquam
2886 3775 2940 3828 in
2983 3790 3043 3829 se
3083 3774 3249 3829 habet
3285 3789 3412 3843 per-

1847 3875 2139 3931 meantem,
2176 3866 2313 3922 adeo
2342 3875 2401 3921 ut
2428 3867 2579 3938 putei
2613 3865 2947 3935 profundum
2999 3864 3221 3928 habeat,
3263 3864 3412 3918 ﬂuvii

1848 3974 1976 4012 vero
2009 3974 2304 4028 perennem
2337 3961 2653 4013 motionem.
2697 3958 2834 4024 Quis
2866 3964 3048 4011 autem
3094 3971 3192 4026 pro
3230 3957 3412 4026 digni-

1848 4056 1960 4104 tate
1987 4050 2167 4105 verbis
2196 4052 2373 4119 possit
2402 4051 2621 4120 assequi
2656 4049 2920 4102 miracula
2950 4062 3071 4117 qua:
3111 4046 3417 4103 ostendun-

1848 4150 1939 4196 tur
1965 4157 2060 4212 per
2090 4156 2208 4196 eam
2233 4157 2355 4212 quae
2384 4157 2530 4196 nunc
2578 4141 2716 4195 facta
2771 4147 2854 4195 est
2911 4141 3030 4209 ejus
3082 4137 3425 4192 assimilatio-

1850 4233 2024 4287 nem?
2077 4230 2334 4288 Fortasse
2385 4250 2493 4288 non
2529 4232 2694 4287 habet
2746 4232 2981 4301 amplius
3012 4244 3122 4301 quo
3156 4229 3318 4282 altius
3364 4241 3424 4281 se

1850 4324 2225 4395 extollat,.per
2254 4325 2438 4379 omnia
2475 4326 2776 4379 assimilata
2827 4322 3125 4392 exemplari
3179 4319 3425 4389 pulchri-

1852 4415 2048 4470 tudini.
2077 4414 2281 4471 Exacte
2320 4417 2464 4472 enim
2501 4424 2552 4471 ct
2584 4422 2840 4469 accurate
2878 4420 2962 4468 est
2992 4413 3226 4476 imitata,
3275 4410 3424 4464 fonte

1854 4506 2076 4577 quidem
2131 4505 2360 4571 fontem,
2413 4507 2523 4560 vita
2565 4514 2747 4558 autem
2799 4505 2991 4566 vitam,
3039 4516 3181 4571 aqua
3240 4508 3422 4554 autem

1856 4612 2073 4667 aquam.
2113 4595 2283 4652 Vivus
2327 4604 2413 4652 est
2469 4612 2651 4652 sermo
2676 4595 2771 4650 Dei
2804 4614 2818 4650 :
2846 4595 2979 4650 vivit
3017 4595 3186 4649 etiam
3243 4591 3427 4645 anima

1856 4703 1978 4760 qua:
2047 4686 2282 4742 Verbum
2333 4688 2593 4756 suscepit.
2661 4686 2814 4757 Aqua
2874 4685 2964 4739 illa
3014 4684 3130 4738 ﬂuit
3174 4699 3239 4738 ex
3274 4680 3424 4747 Deo,

3303 4774 3429 4844 Ipsa

1856 4879 2035 4926 autem
2076 4885 2201 4925 eum
2236 4869 2485 4924 continet
2513 4868 2607 4939 qui
2642 4868 2820 4922 inﬂuit
2851 4868 2906 4921 in
2940 4877 3169 4937 puteum
3206 4867 3423 4926 animae,

1855 4973 1909 5020 et
1948 4971 2242 5034 pr0pterea
2276 4961 2335 5015 fit
2392 4960 2833 5031 promptuarium
2882 4973 3040 5027 aqua:
3092 4956 3243 5009 illius
3291 4955 3427 5007 viva:

1857 5072 1979 5125 qua?
2008 5054 2127 5108 ﬂuit
2167 5069 2234 5107 ex
2271 5051 2501 5116 Libano,
2543 5051 2628 5107 vel
2652 5050 2836 5120 potius
2862 5047 2981 5102 ﬂuit
3019 5061 3146 5101 cum
3198 5046 3427 5113 impetu,

1859 5150 2002 5203 sicut
2039 5145 2326 5215 Scriptura
2356 5144 2623 5213 loquitur.
2659 5141 2830 5212 Cujus
2863 5154 2964 5194 nos
2993 5151 3212 5208 quoque
3252 5135 3427 5190 simus

1862 5238 2174 5309 participes,
2202 5236 2549 5306 possidentes
2573 5234 2723 5287 illum
2758 5240 3005 5302 puteum,
3035 5235 3094 5281 ut
3115 5240 3429 5297 congruen-

1862 5336 1945 5385 ter
1977 5335 2247 5398 przecepto
2285 5326 2564 5397 sapientiae
2608 5324 2858 5378 bibamus
2904 5329 3150 5375 nostram
3208 5332 3427 5388 aquam,

1865 5427 2055 5475 etnon
2087 5419 2340 5474 alienam.
2389 5416 2448 5471 In
2476 5415 2698 5470 Christo
2748 5411 2878 5467 Jesu
2934 5408 3169 5464 Domino
3214 5418 3431 5475 nostro,

1863 5525 2022 5579 quem
2054 5509 2211 5565 decet
2242 5508 2413 5579 gloria
2456 5507 2510 5560 in
2541 5503 2738 5562 saecula
2771 5501 3123 5557 saeculorum.
3157 5498 3354 5551 Amen.

270 5737 314 5769 ³⁸
347 5739 566 5802 llebr.i.
644 5749 686 5779 ³⁷
726 5746 831 5804 Jcr.
873 5765 933 5821 ιι,
976 5751 1058 5801 15.
1134 5749 1176 5778 Μ
1209 5747 1364 5801 Joan.
1408 5763 1483 5812 ιν,
1528 5747 1609 5801 12.
1664 5748 1709 5780 ”

1839 5761 1904 5800 in.
1949 5760 2045 5810 vn,
2070 5746 2136 5802 57
2165 5759 2283 5814 sqq.
