3866 6362
518 334 626 394 979

1119 448 1404 506 HOMILIA
1443 452 1510 507 X.

585 536 779 610 Surge,
826 540 1027 612 aquilo,
1066 548 1115 597 et
1154 543 1290 610 veni,
1342 541 1541 611 auste’r,
1577 554 1627 599 et
1679 546 1845 615 perﬂa
1890 545 2097 599 hortum

518 644 713 693 meum,
765 639 815 684 et
863 630 1035 700 ﬂuant
1088 641 1331 687 aromata
1385 650 1521 689 mea.
1566 633 1696 690 Car.
1751 651 1803 690 ν.
1871 636 1924 691 Ι.
1996 634 2099 690 De-

516 722 736 778 scendat
780 722 1038 792 patruelis
1083 740 1229 779 meus
1262 723 1331 779 ad
1370 727 1582 780 hortum
1627 742 1803 792 suum,
1845 735 1896 780 et
1925 743 2098 782 eome-

515 814 609 868 dat
645 815 851 885 fructus
888 831 1164 886 pomorum
1204 833 1445 872 suorum.
1494 817 1748 874 Descendi
1793 819 1848 872 in
1886 818 2099 873 hortum

514 923 706 973 meum,
739 923 895 962 soror
945 924 1060 961 mea
1105 925 1323 977 sponsa,
1372 910 1566 965 messui
1605 910 1877 981 myrrham
1927 927 2099 965 meam

512 1015 632 1055 cum
694 999 1022 1055 aromatibus
1072 1001 1224 1057 meis.
1279 999 1498 1056 Comedi
1547 1018 1737 1072 panem
1763 1019 1935 1057 meum
1981 1019 2098 1057 cum

511 1089 665 1145 melle
707 1106 841 1154 meo,
877 1090 985 1145 bibi
1008 1092 1183 1146 vinum
1230 1110 1401 1146 meum
1429 1110 1547 1148 cum
1579 1094 1713 1149 laete
1744 1112 1875 1150 meo.
1908 1093 2098 1151 Come-

509 1182 638 1247 dite,
688 1183 871 1249 amici,
919 1192 968 1237 et
1007 1182 1186 1250 bibite,
1234 1193 1284 1239 et
1335 1185 1688 1253 inebriamini,
1743 1187 1940 1257 fratres
1974 1188 2094 1242 mei.

507 1273 562 1328 2.
602 1272 714 1344 Ego
746 1272 975 1340 dormio,
1005 1288 1051 1329 et
1080 1291 1173 1328 cor
1200 1292 1372 1329 meum
1412 1276 1611 1347 vigilat.

580 1451 722 1511 Cum
755 1452 1067 1507 divinorum
1099 1452 1394 1508 verborum
1442 1453 1603 1510 nobis
1646 1455 1925 1526 proposita
1960 1471 2095 1509 con-

511 1541 802 1614 templatio
861 1548 919 1597 et
989 1545 1386 1614 consequentia
1441 1544 1656 1600 Cantici
1708 1545 2094 1610 canticorum,

509 1632 807 1705 quasdam,
842 1648 982 1705 quas
1021 1634 1240 1691 dillicile
1287 1644 1375 1692 est
1424 1639 1670 1708 assequi,
1709 1645 1765 1694 et
1814 1654 1937 1710 quae
1968 1647 2097 1695 sunt

1752 342 1809 399 S.
1851 343 2177 402 GBEGORII
2216 344 2511 403 NYSSENI
3674 353 3763 411 980

2278 480 2281 483 ’
2824 466 3062 521 ΟΜΙΛΙΑ
3114 466 3169 518 ῐ¹.

2287 554 2680 625 Ἐξεγέροητι,
2710 555 2933 627 Βορῤᾶ,
2960 557 3059 611 καὶ
3083 558 3286 627 ἔρχου,
3311 555 3464 611 Νότε
3485 596 3501 622 ,
3531 556 3629 612 καί
3658 556 3762 612 διό-

2202 653 2476 693 πνευσον
2507 639 2706 708 κῆπόν
2741 658 2860 711 μου
2884 682 2899 707 ,
2926 640 3023 697 καί
3062 640 3463 710 ,ὀευσάτωο-αν
3506 642 3761 712 ἀρώματά

2195 742 2335 794 μου.
2376 726 2696 796 Καταϐήτω
2729 726 3053 797 ἀδελφιδός
3072 746 3194 798 μου
3225 731 3311 796 είς
3348 728 3547 795 κῆπον
3572 731 3758 796 αὐτοῦ,

2201 814 2302 868 καὶ
2326 815 2557 886 pareto)
2580 817 2813 887 καρπὸν
2836 818 3200 888 ἀκροδρύων.
3224 817 3535 887 Εἰσῆλθον
3566 822 3653 887 είς
3672 818 3762 889 κῆ-

2200 906 2321 958 πόν
2336 923 2477 975 μου,
2519 905 2754 978 ἀδελφή
2772 927 2891 979 μου
2920 910 3123 979 νύμφη
3148 927 3163 941 ·
3184 909 3485 979 ἑτρύγησα
3506 914 3763 983 σμύρνα-ι’

2201 1012 2323 1064 μου
2356 994 2507 1065 μετὰ
2550 996 2880 1067 ἀρωμάτων
2924 1015 3066 1067 μου.
3106 996 3379 1069 "Egon-or
3428 1001 3614 1070 ἄρτον
3658 1018 3762 1071 μου

2195 1088 2345 1158 μετὰ
2365 1086 2607 1158 μέλιτός
2622 1106 2765 1159 μου,
2786 1089 2959 1144 ἔπιον
2987 1085 3155 1144 οἷνόν
3175 1108 3295 1160 μου
3312 1092 3460 1161 μετὰ
3484 1092 3763 1163 γάλακτός

2196 1197 2341 1249 μου.
2368 1178 2612 1250 derivare,
2647 1181 2703 1234 al
2730 1180 2997 1249 πλησίον
3020 1198 3159 1251 μου,
3192 1181 3289 1235 καί
3311 1182 3477 1237 πίει-ε
3499 1222 3517 1249 ,
3550 1182 3649 1236 καὶ
3675 1199 3762 1250 με·

2200 1272 2486 1339 θύσθητε,
2524 1270 2797 1340 ἀδελφοί.
2840 1271 2980 1342 Ἐγὼ
3009 1272 3275 1328 καθεύδω
3299 1314 3314 1340 ,
3361 1275 3458 1329 καὶ
3487 1277 3530 1345 ἠ
3571 1275 3762 1345 καρδία

2194 1376 2316 1430 μου
2349 1360 2660 1429 ἀγρυπνεῖ.

2271 1448 2389 1523 Τῆς
2409 1452 2504 1506 νῦν
2554 1453 2911 1525 προτεθείσης
2943 1455 3072 1526 ἡμῖν
3102 1454 3210 1509 τῶν
3240 1456 3402 1511 θείων
3441 1457 3624 1529 ῥητῶν
3649 1458 3761 1512 θεω-

2202 1544 2324 1616 ρίας
2373 1546 2438 1598 ἐκ
2469 1544 2567 1615 τῆς
2596 1544 2691 1598 τοῦ
2744 1545 3024 1617 ’ᾼσματος
3071 1548 3180 1602 τῶν
3231 1548 3520 1619 ’ᾼσμάτων
3555 1549 3767 1604 ἀκολου-Γ

2200 1634 2323 1700 θίας
2343 1676 2358 1701 ,
2403 1634 2703 1705 δυσέφικτά
2728 1654 2849 1691 τινα
2878 1638 2975 1692 καὶ
3003 1639 3392 1712 κεκαλυμμένα
3414 1642 3483 1696 δι’
3516 1643 3760 1713 ἀσαφείας

510 1731 671 1781 tecta
713 1733 939 1797 propter
978 1726 1395 1796 obscuritatem,
1438 1728 1494 1783 in
1540 1728 1762 1787 arcanis
1814 1731 2088 1786 contineat

2200 1727 2614 1800 ἐνάπορῤήτοις
2643 1728 3004 1801 περιεχούσης
3043 1731 3324 1802 νοήματα,
3358 1732 3612 1803 μείζονος
3646 1738 3760 1806 ἡμῖν

508 1817 839 1883 sententias,
881 1815 1045 1873 nobis
1084 1817 1281 1887 majori
1311 1833 1452 1889 opus
1502 1827 1589 1876 est
1620 1821 1943 1886 attentione,
1986 1822 2088 1876 imo

2198 1816 2355 1889 χρεία
2381 1818 2478 1889 τῆς
2503 1799 2777 1890 προσοχῆς
2796 1857 2811 1882 ,
2847 1799 3051 1889 μᾶλλον
3071 1799 3409 1885 δέηπλείονος
3432 1822 3536 1894 τῆς
3555 1823 3639 1877 διὰ
3665 1799 3758 1877 τῶν

507 1921 643 1964 vero
682 1908 881 1980 majori
923 1924 1021 1981 per
1052 1924 1245 1981 preces
1283 1910 1514 1977 auxilio,
1546 1917 1604 1967 et
1637 1911 1814 1967 sancti
1857 1911 2097 1983 Spiritus

507 1998 864 2066 deductione,
902 2016 974 2056 ne
1000 2001 1239 2073 idipsum
1270 2001 1433 2059 nobis
1462 2002 1683 2057 accidat
1717 2002 1772 2057 in
1812 2004 2095 2074 stupendis

506 2088 599 2145 bis
638 2091 943 2157 miraculis,
987 2092 1134 2162 quod
1169 2094 1311 2148 solet
1347 2092 1604 2149 accidere
1640 2093 1695 2148 in
1730 2094 1927 2150 stellis.
1959 2093 2093 2148 Nam

506 2181 703 2251 procul
745 2181 962 2236 illarum
1016 2181 1357 2240 admirantes
1412 2182 1916 2254 pulchritudinem,
1971 2182 2095 2236 uul-

506 2273 616 2327 lam
670 2287 969 2343 possumus
1016 2272 1268 2332 invenire
1312 2275 1583 2330 rationem
1641 2273 1710 2329 ad
1756 2288 2095 2345 cognoscen-

506 2362 634 2418 dam
688 2378 877 2418 earum
919 2365 1277 2428 creationem,
1317 2365 1409 2421 sed
1461 2365 1867 2435 pulchritudine
1915 2366 2091 2420 solum

508 2454 617 2510 frui
654 2469 971 2524 possumus,
1021 2463 1314 2526 propterea
1370 2456 1518 2526 quod
1557 2455 1809 2513 dicamus
1863 2471 1966 2513 nos
2012 2464 2093 2512 te-

505 2545 631 2603 neri
665 2561 855 2604 earum
900 2545 1287 2603 admiratione.
1341 2544 1484 2602 Sunt
1515 2549 1660 2604 enim
1704 2563 1897 2604 revera
1944 2565 2093 2619 quae-

505 2638 632 2697 dam
665 2637 858 2701 stellze,
892 2637 1216 2710 splendores
1251 2638 1565 2694 divinorum
1601 2639 1800 2695 horum
1846 2641 2093 2711 eloquio-

504 2745 628 2788 rum
673 2739 730 2788 et
773 2731 1017 2805 fulgores
1066 2733 1354 2788 oculorum
1408 2734 1628 2798 animae,
1685 2734 1871 2790 carnis
1913 2736 2092 2794 oculis

503 2824 891 2897 prmiulgentes
938 2833 994 2881 et
1033 2825 1443 2897 praecellentes,
1495 2826 1802 2881 secundum
1849 2827 2093 2883 altitudi-

505 2929 633 2970 nem
660 2914 786 2971 ειειί
826 2929 855 2969 a
888 2922 1060 2981 terra,
1101 2925 1161 2970 ut
1192 2915 1329 2971 dicit
1375 2913 1718 2987 Propheta‘.
1751 2916 1910 2984 Quod
1954 2921 2000 2974 si
2036 2917 2091 2973 id

504 3015 710 3073 nostra:
736 3008 933 3064 anima:
967 3008 1257 3064 usuveniat
1289 3006 1439 3079 quod
1475 3009 1732 3065 audimus
1766 3010 2091 3067 usuvenisse

504 3099 671 3169 Elite;
706 3108 762 3157 et
801 3100 856 3156 in
902 3100 1062 3171 igneo
1109 3115 1275 3155 curru
1329 3108 1609 3171 assumpta
1632 3103 1897 3173 ‘qttoque
1933 3118 2089 3158 meus
2116 3136 2159 3194 ο

504 3198 697 3248 nostra
728 3191 981 3248 sublimis
1014 3190 1388 3246 transferatur
1432 3190 1503 3247 ad
1547 3192 1802 3248 cmlestes
1847 3192 2090 3261 pulchri-

507 3279 730 3335 tudines
781 3278 1073 3350 (Spiritum
1129 3289 1380 3335 sanetum
1422 3287 1604 3335 autem
1653 3294 1922 3350 ponemus
1966 3295 2090 3337 esse

503 3372 709 3447 ignem,
758 3386 919 3441 quem
974 3369 1238 3425 Dominus
1277 3369 1426 3425 venit
1475 3376 1534 3424 ut
1581 3369 1819 3426 mitteret
1866 3370 1921 3425 in
1976 3376 2089 3426 ter-

502 3478 645 3529 ram,
686 3462 781 3535 qui
815 3463 871 3517 in
902 3464 1087 3533 specie
1128 3462 1438 3535 linguarum
1467 3461 1817 3518 dividebatur
1843 3463 2088 3534 discipu-

503 3553 736 3629 lis),non
780 3554 941 3625 plane
989 3554 1402 3625 desperabimus
1436 3569 1539 3610 nos
1577 3553 1665 3611 his
1713 3555 1881 3610 astris
1924 3569 2087 3624 posse

501 3649 969 3721 appropinquare,
1007 3648 1237 3710 divinis,
1269 3647 1518 3718 inquam,
1566 3646 1856 3707 sententiis
1892 3655 1948 3702 et
1997 3647 2085 3704 in-

501 3741 838 3813 telligentiis,
899 3755 1029 3813 quae
1060 3756 1156 3810 per
1206 3740 1455 3801 cmlestia
1505 3748 1561 3797 et
1610 3739 1922 3811 spiritualia
1967 3740 2085 3797 elo-

498 3833 634 3907 quia
660 3833 718 3888 in
746 3836 955 3895 nostris
988 3832 1200 3904 fulgent
1229 3833 1450 3889 ani.uis.
1476 3833 1678 3904 Aspice
1706 3836 1853 3890 enim
1887 3834 2087 3888 animae

499 3924 685 3991 oculo,
735 3931 790 3980 te
828 3924 1100 3994 alloquor,
1137 3938 1171 3978 ο
1202 3922 1450 3989 auditor,
1498 3939 1688 3981 vocem
1727 3938 1851 3999 quae
1899 3938 1929 3977 a
1970 3923 2082 3980 Do-

499 4015 651 4080 mino
680 4015 885 4071 emissa
915 4022 1000 4071 est
1026 4014 1095 4070 ad
1141 4014 1507 4086 patriarcham
1530 4016 1572 4074 ³.
1633 4013 1835 4086 Αερὶοο
1871 4015 1938 4071 ad
1978 4014 2083 4071 hoc

497 4105 723 4169 cmlum,
759 4112 815 4160 et
841 4104 967 4160 vide
1004 4105 1107 4160 has
1146 4105 1356 4168 stellas,
1395 4103 1441 4161 si
1483 4112 1639 4176 potes
1679 4104 1859 4159 metiri
1892 4104 2080 4161 altitu-

498 4195 685 4250 dinem
712 4195 960 4269 ipsarum
991 4195 1504 4266 intelligentiarum.
1535 4194 1737 4268 Aspice
1760 4195 1963 4267 reginas
1992 4210 2083 4266 po-

499 4292 773 4355 testatem,
807 4302 877 4343 ex
913 4287 1186 4343 mandatis
1225 4285 1350 4357 ejus
1389 4284 1649 4343 virtutem
1690 4283 2077 4353 considerans,

497 4386 703 4451 quanta
728 4394 825 4450 per
858 4394 919 4435 se
958 4378 1241 4451 imperans
1277 4386 1540 4437 cernatur
1568 4378 1873 4435 auctoritas
1912 4377 1970 4433 in
2009 4376 2078 4434 iis

2198 1907 2372 1979 εὐχῶν
2405 1907 2698 1979 συνεργίας
2722 1950 2737 1976 ,
2771 1908 2864 1962 καὶ
2894 1908 2992 1979 τῆς
3024 1910 3174 1981 παρὰ
3204 1908 3300 1963 τοῦ
3328 1909 3488 1980 ἁγίου
3528 1911 3757 1983 Πνεύμα-

2195 2016 2287 2064 τος
2312 1999 2564 2072 ὁδηγίαςο
2586 1999 2662 2064 ὡς
2689 1999 2755 2055 ἂν
2793 2001 2869 2070 μὴ
2896 2001 3091 2054 ταύτὸν
3124 2001 3389 2073 πάθοιμεν
3418 2003 3514 2057 ἐπὶ
3546 2004 3644 2075 τῆς
3667 2003 3756 2057 τῶν

2200 2091 2416 2163 ὑψηλῶν
2442 2091 2648 2145 τούτων
2678 2090 2970 2162 θαυμάτων
3007 2091 3347 2164 ἐκπλήξεως,
3377 2094 3516 2166 ὅπερ
3554 2094 3646 2148 καὶ
3683 2094 3757 2147 ἐπὶ

2194 2185 2304 2238 τῶν
2352 2184 2599 2255 ἀστέρων
2644 2184 2872 2249 πάσχειν
2924 2183 3214 2255 εἰώθαμεν.
3245 2186 3356 2245 Καὶ
3395 2187 3507 2258 γὰρ
3559 2186 3757 2241 ἐκείνων

2194 2274 2477 2347 πόρρωθεν
2502 2273 2564 2328 τὺ
2588 2273 2787 2338 ¹κάλλος
2815 2274 3187 2344 θαυμάζοντες
3204 2316 3219 2341 ,
3247 2276 3506 2348 οὐδεμίαν
3536 2278 3756 2350 μηχανὴν

2195 2365 2481 2437 ἐπινοῆσαι
2512 2364 2788 2436 δυνάμεθα
2830 2365 2967 2437 πρὸς
3020 2366 3082 2419 τὸ
3113 2366 3319 2435 γνῶναι
3350 2368 3448 2435 τὴν
3478 2369 3653 2422 κτίσιν
3677 2368 3759 2422 αὖ,

2196 2459 2331 2514 τῶν·
2367 2458 2504 2511 ἀλλὰ
2538 2456 2624 2511 διὰ
2649 2456 2743 2511 τοῦ
2772 2457 2999 2521 κάλλους
3031 2458 3211 2512 αὐτῶν
3241 2460 3389 2515 ἐστιν
3420 2461 3613 2533 ἠμῖνή
3645 2462 3759 2516 άπὸι

2192 2548 2416 2615 λαυσις,
2450 2547 2513 2601 τὸ
2553 2547 2943 2619 θαυμαστικῶς
2990 2547 3120 2620 περὶ
3151 2548 3212 2603 τὸ
3257 2551 3581 2622 φαινόμενον
3613 2552 3753 2625 ἔχειν.

2207 2637 2460 2711 ’Δστέρες
2492 2638 2600 2710 γάρ
2624 2638 2769 2704 τινές
2795 2639 2934 2695 είσιν
2959 2639 3203 2710 ἀτεχνῶς
3232 2642 3291 2695 αί
3324 2641 3431 2696 τῶν
3460 2642 3623 2698 Θείων
3656 2644 3754 2698 τού-

2191 2753 2299 2790 των
2336 2734 2533 2804 λογίων
2558 2735 2922 2813 μαρμαρυγαί
2961 2751 3019 2788 τε
3044 2735 3143 2790 καὶ
3169 2734 3513 2808 λαμπηδὸνες
3539 2738 3648 2792 τῶν
3675 2739 3753 2808 τῆς

2190 2825 2369 2898 ψυχῆς
2399 2825 2661 2899 ὀμμάτων
2706 2825 3162 2898 ὑπερλάμπουσαί
3193 2844 3253 2879 τε
3302 2830 3398 2882 καὶ
3443 2829 3751 2900 ὑπερκείμε-

2192 2935 2325 2983 ναι,
2362 2916 2505 2972 κατὰ
2539 2916 2602 2971 τὸ
2639 2915 2772 2986 ὕψος
2818 2916 2914 2971 τοῦ
2960 2916 3191 2987 οὐρανοῦ
3239 2917 3348 2973 ἀπὸ
3394 2918 3495 2989 τῆς
3531 2922 3665 2992 γῆς,
3692 2918 3753 2980 ὥς

2192 3026 2356 3081 φησιν
2380 3010 2411 3063 ό
2449 3009 2760 3083 Προφήτης.
2795 3008 2859 3062 El
2896 3007 2952 3061 δὲ
2985 3007 3196 3077 γίνοιτο
3226 3008 3320 3063 καὶ
3349 3009 3479 3080 περὶ
3507 3011 3607 3078 τὴν
3634 3011 3751 3080 mw

2191 3103 2356 3173 τέραν
2378 3100 2579 3173 ψυχὴν,
2611 3100 2641 3154 ὃ
2679 3100 2810 3172 περὶ
2839 3099 2931 3156 τὸν
2981 3099 3165 3161 Ἠλίαν
3196 3100 3467 3171 ἀκούομεν
3486 3115 3498 3127 ·
3532 3102 3624 3155 καὶ
3642 3102 3752 3153 ἁνα-

2197 3192 2463 3266 ληφθεῖσα
2486 3191 2567 3263 τῷ
2595 3192 2805 3264 πυρίνῳ
2839 3192 3045 3262 ἅρματι
3070 3190 3227 3265 ¹ήμῶν
3251 3192 3285 3262 ή
3314 3191 3546 3258 διάνοια,
3578 3190 3752 3262 μετάρ-

2198 3303 2313 3349 σιος
2346 3284 2482 3355 πρὸς
2509 3284 2580 3338 τά
2606 3283 2833 3354 οὐράνια
2872 3282 3046 3353 κάλλη
3087 3283 3404 3355 μετατεθείη
3441 3281 3751 3355 (Πνεῦμαδὲ

2196 3377 2350 3449 ἅγιον
2373 3372 2513 3429 εἶναι
2540 3375 2602 3429 τὸ
2628 3373 2737 3446 πῦρ
2761 3374 3111 3444 ἐννοήσομεν,
3142 3374 3282 3447 ὅπερ
3315 3373 3531 3445 βάλλειν
3564 3376 3650 3429 ἐπὶ
3674 3374 3751 3444 τὴν

2194 3469 2296 3540 γῆν
2323 3462 2488 3539 ἦλθεν
2512 3466 2541 3517 6
2574 3464 2781 3537 Κύριος
2801 3505 2817 3532 ,
2845 3465 2905 3519 τὸ
2932 3466 2992 3520 ἐν
3016 3463 3276 3535 γλωσσῶν
3301 3465 3430 3521 εῖδει
3461 3470 3574 3530 τοῖς
3598 3464 3750 3536 μαθη·

2192 3562 2312 3624 ταῖς
2344 3554 2723 3630 μεριζόμενον)
2749 3594 2764 3619 ,
2810 3556 2911 3609 οὐκ
2943 3556 3036 3609 ἀπ’
3066 3554 3280 3620 ἐλπίδος
3313 3557 3443 3628 ήμῖν
3486 3558 3750 3627 γενήσεται

2192 3653 2254 3707 τὸ
2279 3651 2577 3723 πλησιάσαι
2606 3650 2818 3715 τούτοις
2841 3653 2957 3716 τοῖς
3000 3651 3220 3723 ἄστροις
3238 3690 3254 3717 ,
3296 3655 3409 3717 τοῖς
3444 3652 3609 3716 θείοις
3630 3653 3749 3720 λέγω

2193 3744 2427 3815 νοήμασι
2445 3784 2459 3802 ,
2486 3744 2601 3805 τοῖς
2618 3741 2709 3796 διὰ
2734 3740 2841 3796 τῶν
2883 3740 3149 3813 οὐρανίων
3171 3759 3231 3796 τε
3258 3742 3352 3797 καὶ
3388 3741 3748 3815 πνευματικῶν

2190 3834 2387 3903 λογίων
2436 3834 2535 3897 τὰς
2582 3831 2760 3903 ψυχὰς
2814 3831 2972 3903 ήμῶν
3010 3834 3562 3905 περιαστράπτουσιν.
3613 3833 3747 3888 ’Δνά-

2190 3922 2385 3994 ﬁlatim:
2413 3922 2523 3994 γὰρ
2563 3921 2642 3992 τῷ
2680 3920 2779 3992 τῆς
2817 3921 2998 3994 ψυχῆς
3024 3921 3286 3994 ὀφθαλμῷ
3312 3963 3328 3988 ,
3362 3924 3496 3996 πρὸς
3535 3924 3595 3978 σὲ
3627 3924 3747 3992 λέγω

2188 4013 2280 4067 τὸν
2309 4010 2585 4084 ἀκροατὴν
2608 4049 2623 4076 ,
2656 4010 2756 4081 τὴν
2797 4010 2935 4082 πρὸς
2965 4009 3058 4064 τδν
3099 4012 3444 4085 πατριάρχην
3473 4011 3745 4083 γενομένην

2189 4101 2341 4174 παρὰ
2382 4100 2476 4155 τοῦ
2503 4098 2708 4170 Κυρίου
2738 4099 2920 4172 φωνὴν
2943 4138 2962 4166 ,
2987 4100 3292 4172 ἀνάϐλεψον
3319 4104 3401 4168 είς
3426 4102 3516 4156 τὸν
3544 4100 3744 4175 οὐρανὸν

2185 4196 2375 4250 τοῦτον
2390 4235 2413 4273 ι
2438 4194 2532 4250 καὶ
2568 4192 2645 4249 ίδε
2675 4194 2802 4257 τοὺς
2827 4192 3065 4263 ἀστέρας
3082 4232 3099 4259 ,
3132 4195 3181 4247 εί
3217 4192 3443 4257 δύνασαι
3472 4194 3646 4250 αὐτῶν
3666 4194 3742 4246 ix-

2189 4287 2460 4361 μετρῆσαι
2486 4286 2595 4341 τῶν
2618 4285 2906 4358 νοημάτων
2936 4285 2999 4339 τὸ
3020 4285 3171 4355 Baiae.
3202 4286 3372 4343 Βλέπε
3396 4287 3494 4358 τὴν
3522 4283 3742 4352 ἐξουσίαν

2185 4380 2285 4450 τῆς
2326 4376 2597 4449 βασιλίδος
2623 4378 2688 4430 ἐκ
2715 4375 2825 4431 τῶν
2870 4376 3309 4448 προσταγμάτων
3356 4378 3523 4448 αὐτῆς
3546 4377 3640 4448 τὴν
3664 4374 3739 4428 δυ-

496 4484 619 4545 ιιιιιο
653 4469 933 4527 dicuntur.
964 4468 1087 4526 Non
1113 4471 1260 4526 enim
1287 4470 1547 4541 precibus
1581 4476 1637 4527 et
1676 4468 1816 4525 votis
1851 4467 1905 4525 id
1932 4467 2079 4539 quod

2197 4469 2438 4524 ναστείαν
2471 4469 2844 4540 κατανοήσας,
2869 4466 2945 4532 ὡς
2990 4468 3424 4541 αὐτοκρατορική
3455 4486 3542 4532 τις
3571 4464 3737 4527 αὐθενσ

497 4563 615 4635 vult
643 4560 826 4627 edicit,
860 4560 958 4618 sed
993 4560 1388 4618 convenienter
1422 4561 1544 4616 voci
1577 4562 1701 4630 ejus
1750 4560 1845 4631 qui
1870 4559 2081 4630 promi-

498 4654 717 4725 sit,,qui
751 4654 974 4724 quidem
1017 4654 1157 4709 dicit
1186 4652 1402 4708 ﬁdelem
1428 4661 1484 4708 et
1509 4652 1832 4723 prudentem
1860 4650 2082 4721 dispen-

498 4757 738 4805 satorem
769 4745 975 4801 factum
1008 4761 1131 4804 esse
1153 4744 1439 4801 dominum
1479 4744 1723 4799 omnium
1750 4756 1874 4814 quae
1915 4740 2083 4797 habet

497 4836 822 4893 Dominus“.
880 4836 993 4892 ilac
1041 4843 1268 4908 accepta
1330 4841 1643 4919 potestate,
1707 4831 1855 4902 regis
1906 4831 2084 4888 instar

498 4925 638 4985 duos
684 4932 882 4981 ventos
919 4925 1086 4996 regit,
1136 4932 1193 4981 et
1229 4923 1536 4994 dispensat,
1571 4931 1632 4978 ut
1675 4920 1781 4980 sibi
1821 4920 2080 4976 videtur:

496 5016 810 5091 aquilonem
856 5016 1074 5088 quidem
1108 5017 1213 5073 sibi
1241 5030 1559 5087 segregans,
1602 5023 1850 5069 austrum
1897 5020 2079 5067 autem

497 5107 734 5179 benigne
781 5123 1015 5176 vocans,
1068 5115 1122 5162 et
1165 5120 1371 5179 urgens
1413 5112 1474 5160 ut
1533 5102 1604 5160 ad
1646 5118 1707 5159 se
1751 5101 1954 5158 veniat.
2000 5103 2081 5156 Ita

498 5206 679 5259 autem
720 5198 884 5256 habet
913 5205 1204 5257 contextus
1249 5195 1506 5253 dictionis
1534 5194 1758 5266 :Surge,
1792 5193 1995 5265 aquilo,
2031 5202 2080 5247 et

496 5291 633 5357 veni,
658 5300 861 5347 auster.

568 5485 719 5545 Licet
736 5485 969 5551 fortasse
999 5484 1247 5543 invenire
1270 5483 1326 5538 in
1356 5482 1540 5539 verbis
1568 5481 1908 5540 centurionis
1926 5479 2076 5569 aliud

496 5576 646 5645 quod
668 5576 906 5645 aliquam
939 5575 1104 5631 habet
1133 5573 1514 5646 cognationem
1542 5578 1599 5628 et
1630 5571 2074 5643 conjunctionem

2182 4561 2303 4617 τεία
2340 4562 2454 4624 τοῖς
2491 4560 2807 4630 λεγομένοις
2849 4558 3195 4630 ἐμφαίνεται.
3236 4560 3310 4613 Οὐ
3345 4559 3452 4630 γὰρ
3494 4558 3561 4612 δι’
3594 4555 3735 4626 εὐχῆς

2183 4652 2442 4724 κατορθοῖ
2462 4652 2598 4724 ὅπερ
2628 4651 2877 4723 βούλεται
2902 4692 2918 4716 ,
2953 4650 3092 4706 ἀλλὰ
3119 4650 3258 4707 κατὰ
3296 4650 3393 4723 τὴν
3429 4649 3630 4720 ἀψευδῆ
3657 4643 3733 4700 τοῦ

2181 4744 2651 4815 ἐπαγγειλαμένου
2681 4744 2865 4816 φωνὴν
2883 4783 2900 4808 ,
2926 4744 2986 4807 ὃς
3018 4759 3152 4814 φησι
3175 4742 3267 4797 τὸν
3295 4742 3483 4796 πιστὸν
3508 4741 3602 4796 καὶ
3626 4736 3732 4809 φρόο

2183 4853 2338 4906 νιμον
2366 4834 2649 4905 οἰκονόμον
2677 4836 2892 4888 πάντων
2910 4832 3017 4887 τῶν
3042 4832 3393 4903 ὑπαρχόντων
3419 4831 3497 4903 τῷ
3518 4829 3729 4895 Δεσπότῃ

2185 4926 2375 5003 κύριον
2418 4924 2684 4995 γίνεσθαι.
2732 4923 2949 4994 Ταύτης
2977 4921 3339 4995 ἐπιλαϐομένη
3368 4922 3467 4992 τῆς
3493 4918 3728 4985 ἐξουσίας,

2189 5018 2483 5091 βασιλικῶς
2514 5019 2679 5089 ἐαυτῇ
2730 5017 3009 5071 διοικεῖται
3053 5015 3124 5069 τὰ
3166 5014 3479 5086 καταθύμια
3531 5012 3633 5065 τῶν
3657 5006 3729 5062 δύο

2186 5112 2408 5181 ἀνέμων
2426 5127 2441 5143 ο
2477 5110 2571 5163 τὸν
2618 5110 2717 5181 μὲν
2747 5109 2958 5181 Βοῤῥᾶν
3005 5107 3096 5162 διὰ
3143 5107 3558 5180 προστάγματος
3591 5100 3728 5167 ἑαυτῇ

2188 5201 2530 5275 ἀφορίζουσα
2547 5219 2562 5232 ’
2590 5199 2680 5255 τὸν
2707 5200 2764 5254 δέ
2792 5200 2983 5267 Νότον,
3014 5198 3350 5270 φιλοφρόνως
3378 5196 3626 5256 καλοῦσα,
3653 5188 3726 5244 καὶ

2190 5294 2328 5365 πρὸς
2354 5292 2553 5364 ἑαυτὴν
2599 5290 2776 5345 ἐλθεῖν
2806 5290 3226 5359 κατεπείγουσα.
3271 5291 3423 5360 Ἔχει
3451 5289 3507 5343 δὲ
3534 5289 3568 5356 ή
3609 5280 3725 5344 λέξις

2182 5384 2357 5449 οὕτως
2379 5396 2394 5411 '
2422 5382 2815 5454 Ἐξεγέρθητι,
2846 5381 3061 5451 Βορῤᾶ,
3095 5382 3193 5436 καί
3220 5381 3426 5451 ἔρχου,
3457 5379 3619 5436 Νότε.

2254 5477 2405 5548 Τάχα
2450 5493 2503 5529 τι
2544 5474 2806 5543 συγγενὲς
2857 5472 2968 5528 ἐστι
2999 5476 3111 5537 τοῖς
3141 5473 3451 5544 λεγομένοις
3486 5468 3653 5539 εὑρεῖν
3679 5463 3723 5514 ἐν

2181 5573 2293 5635 τοῖς
2336 5567 2734 5641 ἑκατοντάρχου
2786 5566 2997 5636 λόγοις,
3032 5566 3128 5631 οὒς
3173 5564 3335 5629 αὖτις
3373 5566 3402 5618 ό
3429 5561 3556 5626 Θεὸς
3579 5555 3724 5625 Λόγος

581 5747 598 5779 ⁸
639 5747 784 5804 Psal.
824 5763 920 5817 cu,
957 5751 1044 5807 Η.
1119 5753 1142 5785 ²
1178 5749 1243 5807 ιν
1279 5750 1413 5825 Reg.
1443 5767 1505 5821 ιι,
1534 5751 1623 5809 il.
1698 5749 1720 5783 ³
1745 5748 1945 5807 Genes.
1972 5764 2063 5815 xv,

2197 5761 2300 5817 sqq.
2377 5744 2397 5777 ⁴
2419 5743 2551 5800 Luc.
2585 5758 2680 5808 xu,
2714 5741 2803 5796 :52.
