3866 6372
159 397 256 453 981

1222 412 1289 468 ιΝ
1320 413 1618 473 CANTICA
1658 415 1927 473 CANTIC.
1971 417 2254 474 IIOMILIA
2294 422 2361 477 Χ.

3316 426 3422 481 982

159 512 460 607 ἐθαύμασε,
493 517 674 582 καθὼς
701 520 730 572 6
759 523 1160 598 Εὐαγγελιστὴς
1188 530 1510 603 διηγήσατο,
1535 535 1709 605 λέγων
1729 555 1740 570 ο

1846 548 1966 586 rum
2019 534 2086 589 iis
2134 549 2256 605 qum
2308 533 2396 588 hic
2446 534 2723 589 dicuntur.
2774 534 2926 601 [Quae
2982 536 3201 607 quidem
3257 540 3420 596 verba

157 607 238 659 ὅτι
282 605 570 676 Ἀκούσας
593 610 660 664 δὲ
699 614 934 683 Ἰησοῦς
955 618 1278 690 ἐθαύμασε,
1310 624 1403 678 καὶ
1434 626 1742 699 ὑπερέθηκε

153 701 252 769 τῆς
310 699 429 792 τοῦΔ
472 702 689 774 Ἰσραὴλ
742 704 980 772 πίστεως
1029 711 1128 783 τὴν
1189 714 1282 768 τοῦ
1340 718 1740 792 ἑκατοντάρχου

157 790 366 862 φωνήν.
397 789 475 846 Οὐ
510 793 620 864 γὰρ
659 796 797 865 πρὸς
826 799 917 854 τὸν
949 800 1077 857 λαόν
1100 821 1191 873 μοι
1219 806 1366 861 δοκεῖ
1392 808 1482 863 τὸν
1526 789 1740 883 Ἰσραη-

149 891 175 942 λ
202 893 354 945 στικὸν
397 893 661 947 ποιεῖσθαι
697 894 788 947 τὸν
849 897 1271 967 Ἑκατόνταρχον
1304 896 1403 969 τὴν
1451 899 1735 971 σύγκρισιν

142 987 206 1037 ἑν
225 981 304 1053 τῷ
335 980 435 1052 τῆς
480 981 717 1047 πίστεως
745 983 889 1056 λόγῳ
910 1024 924 1049 ,
976 986 1113 1041 ἀλλά
1146 989 1282 1059 πρὸς
1314 990 1477 1045 αὑτὸν
1528 994 1734 1047 ἐκεῖνον

147 1076 239 1129 τὸν
277 1076 496 1148 Ἰσραήλ
518 1093 530 1105 ⁸
562 1075 621 1140 ὃς
668 1078 724 1129 ὲν
753 1081 818 1149 τῇ
862 1078 999 1151 πρὸς
1023 1081 1116 1134 τὸν
1148 1082 1523 1155 ἀντικείμενον
1566 1085 1731 1156 πάλῃ,

154 1167 293 1239 μετά
324 1170 425 1239 τῆς
456 1166 552 1222 τοῦ
598 1169 732 1223 θεοῦ
772 1172 1090 1242 συμμαχίας
1122 1174 1280 1244 μόγις
1312 1174 1373 1228 τὸ
1406 1175 1615 1247 πτῶμα
1632 1175 1736 1229 διέ-

153 1278 351 1331 φυγεν,
389 1263 489 1316 οὐκ
535 1261 780 1333 ἀκριϐῶς
803 1265 901 1333 τῆς
932 1263 1027 1317 τοῦ
1055 1265 1348 1321 ἀντιπάλου
1382 1266 1587 1338 βλάϐης
1632 1266 1737 1333 ἔξω

151 1354 460 1426 γενόμενος.
500 1356 589 1409 Ἐν
627 1356 737 1428 γάρ
772 1356 850 1428 τῷ
884 1357 1045 1430 μηρῷ
1072 1359 1133 1412 τὸ
1167 1359 1338 1424 πάθος
1369 1361 1605 1426 ἐδέξατο.
1636 1357 1737 1416 Οὗ-

151 1466 242 1512 τος
275 1448 330 1501 δὲ
360 1449 388 1501 6
424 1449 861 1522 Ἐκατοντάρχης
884 1491 899 1513 ,
934 1451 1064 1522 περὶ
1112 1446 1172 1507 οὗ
1214 1454 1308 1507 νῦν
1340 1455 1369 1507 6
1416 1454 1571 1524 λόγος
1598 1455 1733 1518 ἐστὶ,

155 1539 407 1613 βασιλικῇ
454 1559 559 1595 τινι
618 1542 845 1613 δυνάμει
895 1542 955 1596 τὸ
995 1543 1272 1616 ἀλλότριον
1320 1546 1437 1600 κατ’
1490 1546 1737 1611 ἐξουσίαν

152 1633 647 1703 ἀποπεμπόμενος,
673 1632 969 1688 οἰκειοῦται
997 1634 1059 1687 τὸ
1084 1634 1441 1706 καταθύμιον.
1472 1637 1594 1689 Ἐπὶ
1614 1636 1739 1689 τούυ

154 1741 230 1794 τῳ
253 1724 363 1796 γάρ
398 1742 489 1796 μοι
516 1724 664 1778 δοκεῖ
698 1725 934 1798 μάλιστα
955 1729 1313 1800 τετυχηκέναι
1338 1730 1431 1783 τοῦ
1464 1728 1737 1800 θαύματος

153 1814 181 1864 6
210 1816 380 1886 ἀνήρ·
415 1816 496 1869 ὅτι
550 1816 715 1887 φησὶν
758 1818 817 1870 ὲν
846 1819 958 1881 τοῖς
998 1820 1333 1891 προχειρίοις
1372 1819 1536 1873 αὑτοῦ
1570 1837 1735 1891 στρα-

154 1906 371 1970 τιώταις
401 1909 459 1961 ὲν
494 1907 782 1979 αὐθεντικῇ
820 1909 1036 1982 ἐξουσίᾳ
1069 1911 1491 1981 ἀποπέμπεσθαι
1522 1913 1581 1966 ὃν
1616 1911 1739 1983 βού-

152 2000 299 2052 λεται
323 2039 339 2064 ,
372 2000 472 2053 καὶ
510 2000 943 2071 προσκαλεῖσθαι
978 2001 1067 2055 τὸν
1114 2002 1447 2074 καταθύμιον
1472 2042 1485 2067 ,
1538 2005 1630 2058 καὶ
1660 2002 1737 2073 τῷ

151 2089 319 2163 δούλῳ
352 2092 457 2165 τὴν
501 2092 849 2163 καθήκουσαν
888 2093 1194 2148 ἐπιτάττειν
1243 2094 1565 2167 ὑπηρεσίαν.
1623 2096 1738 2149 Κά-

155 2187 238 2237 κεῖ
260 2184 367 2256 γάρ
399 2185 689 2254 φιλοσοφία
724 2203 808 2249 τις
844 2187 900 2239 ἐν
930 2188 996 2257 τῇ
1029 2185 1124 2241 τοῦ
1163 2186 1590 2260 Ἐκατοντάρχου
1623 2205 1737 2257 φω-

155 2277 254 2347 νῇ,
286 2276 367 2329 ὅτι
399 2276 494 2330 τὸν
526 2275 674 2342 ᾶπαξ
710 2277 1140 2349 ἀποπεμφθέντα
1173 2281 1355 2335 οὐκέτι
1388 2280 1522 2352 πρὸς
1551 2279 1739 2334 ἑαυτὸν

156 2367 454 2437 ἐπανάγει*
490 2368 625 2422 ἀλλά
664 2368 852 2422 τούτου
903 2370 1370 2442 ἀποφοιτήσαντος
1395 2372 1581 2443 ἕτερον
1623 2371 1738 2424 ἀντ’

160 2458 320 2512 αὑτοῦ
355 2459 729 2521 εἰσοικίζεται.
762 2459 932 2513 Τοῦτο
959 2460 1067 2531 γὰρ
1101 2454 1741 2525 είπὼν,ὅτι11(;ρεύθηγιν

159 2552 253 2606 καὶ
287 2552 626 2619 πορεύεται,
659 2551 815 2605 ἄλλον
860 2550 1284 2623 προσκαλεῖσθαί
1315 2569 1478 2623 φησιν
1507 2592 1522 2617 ,
1555 2553 1653 2623 οὐχ
1680 2551 1739 2604 ὃν

161 2642 541 2712 ἀπεπέμψατο.
574 2640 928 2704 Παιδεύοντος
968 2637 1119 2712 οἴμαι
1140 2643 1233 2695 τοῦ
1277 2641 1440 2711 λόγου
1467 2641 1527 2696 τὸ
1564 2642 1738 2696 τοιοῦο

161 2751 247 2787 τον
287 2733 466 2804 δόγμα
490 2774 503 2795 ,
538 2732 621 2785 ὅτι
663 2732 731 2785 τὰ
779 2730 1030 2801 ἀλλήλοις
1082 2732 1430 2802 ἀντικείμενα
1473 2732 1551 2803 τῷ
1592 2732 1740 2802 αὑτῷ

163 2827 273 2896 μετ’
308 2825 556 2895 ἀλλήλων
590 2822 1075 2893 συνεπιχωριάζειν
1106 2823 1267 2892 φύσιν
1309 2823 1407 2876 οὐκ
1441 2804 1580 2894 ἔχειξ
1620 2827 1740 2885 06-

161 2916 317 2987 δεμία
358 2919 469 2986 γὰρ
532 2915 787 2969 κοινωνία
842 2915 981 2983 φωτὶ
1030 2917 1170 2985 πρὸς
1223 2914 1444 2980 σκότος,
1494 2918 1658 2987 φησὶν
1711 2918 1739 2970 6

174 3005 491 3070 Ἀπόστολος
516 3023 529 3036 ·
565 3005 680 3060 ἀλλ’
707 3004 920 3076 ἀνάγκη
953 3006 1103 3059 πᾶσα
1118 3005 1212 3058 τοῦ
1242 3005 1463 3070 σκότους
1494 3008 1741 3078 ἐκχωρή-

163 3113 342 3162 σαντος
360 3138 375 3164 ,
405 3096 524 3168 φῶς
549 3092 688 3150 εἶναι
717 3096 779 3150 τὸ
800 3096 916 3150 ἀντ’
952 3097 1159 3149 ἐκείνου
1191 3096 1487 3167 δρώμενον,
1514 3098 1609 3152 καὶ
1641 3102 1739 3170 τῆς

162 3192 348 3256 κακίας
393 3188 640 3245 ἐκποδὼν
678 3188 1006 3260 γενομένης,
1044 3188 1144 3261 τὴν
1195 3189 1395 3261 ἀρετὴν
1432 3190 1741 3259 ἀντεισάγε-

163 3283 311 3337 σθαι·
340 3284 533 3337 τούτου
567 3283 623 3336 δὲ
655 3280 1119 3353 κατορθωθέντος,
1156 3283 1354 3354 μηκέτι
1382 3283 1444 3336 τὺ
1484 3284 1740 3355 φρόνημα

162 3375 253 3444 τῆς
282 3375 484 3447 σαρκὸς
510 3374 783 3445 ἀνταίρειν
825 3372 903 3443 τῷ
930 3372 1219 3444 πνεύματι.
1257 3372 1403 3443 Μηδὲ
1450 3374 1559 3444 γάρ
1584 3375 1742 3429 δύνα-

163 3465 282 3521 σθαι
314 3466 683 3538 νεκρωθείσης
710 3465 872 3519 αὑτοῦ
904 3464 1002 3534 τῆς
1035 3467 1114 3528 είς
1143 3464 1202 3517 τὸ
1222 3465 1543 3519 ἀντιτείνειν
1575 3466 1738 3520 δυνά-

164 3575 333 3628 μεως,
366 3556 507 3614 ἀλλὰ
537 3558 677 3626 πρὸς
717 3559 895 3611 πᾶσαν
926 3555 1273 3627 καθήκουσαν
1308 3557 1611 3627 ὑπηρεσίαν
1659 3558 1742 3611 εῦ-

163 3649 308 3706 θετον
342 3651 629 3722 γίνεσθαι,
662 3653 728 3722 τῇ
761 3649 1052 3719 δυναστεία
1078 3648 1171 3701 τοῦ
1214 3649 1523 3720 πνεύματος
1558 3650 1742 3703 εὐπει-

161 3744 247 3808 θὲς
278 3744 523 3817 ὑπάρχον
551 3744 646 3797 καὶ
692 3743 1029 3814 ὑποχείριον.
1068 3743 1236 3795 Ὅταν
1279 3740 1387 3812 γάρ
1430 3742 1738 3813 ἀποδιωχθῇ

154 3836 260 3905 μὲν
286 3839 314 3890 6
344 3840 444 3906 τῆς
478 3834 675 3897 κακίας
713 3831 1000 3903 σύμμαχος
1026 3831 1363 3903 στρατιώτης
1382 3873 1396 3896 ,
1426 3833 1739 3904 ἀντεισέ).οῃ

165 3925 219 3977 δὲ
247 3927 276 3978 6
299 3927 397 3997 τῆς
426 3925 633 3996 ἀρετῆς
656 3922 882 3993 ὁπλίτης
903 3965 916 3988 ,
945 3921 1240 3986 ἐνδεδυκὼς
1257 3922 1348 3976 τὸν
1376 3921 1600 3990 θώρακα
1642 3925 1741 3991 τῆς

161 4017 502 4088 δικαιοσύνης
524 4059 536 4074 .
572 4017 665 4070 καὶ
711 4015 809 4085 τὴν
862 4013 1137 4085 μάχαιραν
1169 4014 1263 4067 τοῦ
1312 4014 1619 4086 πνεύματος
1652 4014 1740 4068 διὰ

162 4109 335 4181 χειρὸς
388 4110 607 4180 φέρων,
655 4105 1092 4178 προόαλλόμενος
1133 4105 1190 4158 δὲ
1240 4105 1311 4159 τὰ
1360 4108 1742 4179 σκεπαστήρια

161 4200 264 4255 τῶν
286 4202 488 4266 ὃπλων,
515 4203 615 4272 τήν
634 4216 695 4253 τε
732 4197 1169 4269 περικεφαλαίαν
1197 4199 1290 4253 τοῦ
1317 4201 1585 4271 σωτηρίου
1607 4241 1621 4265 ,
1649 4201 1742 4254 καὶ

162 4293 247 4345 τὸν
274 4293 467 4365 θυρεὸν
498 4294 601 4363 τῆς
641 4292 879 4355 πίστεως
904 4332 918 4357 ,
954 4292 1046 4345 καὶ
1073 4294 1253 4346 πᾶσαν
1277 4294 1456 4365 φέρων
1481 4295 1538 4349 ὲν
1564 4295 1743 4366 ἑαυτῴ

162 4386 258 4455 τὴν
286 4383 663 4458 πνευματικὴν
707 4383 1006 4439 πανοπλίαν
1027 4426 1042 4450 ,
1069 4385 1191 4437 τότε
1222 4386 1465 4454 φοϐεῖται
1492 4389 1584 4440 τὸν
1625 4389 1744 4441 ἑαυ-

166 4475 252 4529 τοῦ
292 4476 484 4550 κύριον
535 4479 563 4530 6
595 4476 780 4540 δοῦλος
824 4476 884 4530 τὸ
924 4476 1122 4547 σῶμα,
1161 4477 1256 4531 κα)⁸
1300 4478 1596 4549 προθύμως
1648 4478 1741 4532 τοῦ

1839 626 2217 691 centurionis,
2287 626 2401 692 ipse
2452 626 2594 683 Deus
2651 626 2888 682 Verbum
2942 636 3027 684 est
3083 628 3419 696 admiratus,

1840 718 1982 771 sicut
2019 717 2354 785 evangelista
2398 719 2677 783 narravit,
2720 719 2910 775 dicens
2942 739 2954 774 ε
2991 719 3124 786 Qua:
3153 738 3271 775 cum
3324 740 3421 776 au-

1838 809 2002 864 disset
2047 808 2229 867 Jesus.
2280 810 2506 865 miratus
2555 820 2632 866 est
2656 812 2699 875 ⁵,
2742 822 2797 867 ct
2839 827 3026 868 vocem
3076 815 3419 871 centurionis

1836 903 2078 972 praetulit
2110 902 2233 957 ﬁdei
2272 903 2509 959 lsraelis.
2554 903 2673 959 Non
2700 903 2846 959 enim
2873 905 3006 959 mihi
3043 906 3256 960 videtur
3282 922 3416 961 con-

1839 993 1982 1051 ferre
2025 995 2402 1050 centurionem
2450 1010 2576 1050 cum
2629 997 2831 1067 populo
2878 995 3181 1052 Israelitico
3223 998 3276 1051 in
3329 1012 3419 1051 ra-

1841 1084 1991 1140 tione
2022 1084 2168 1149 ﬁdei,
2201 1086 2294 1141 sed
2326 1100 2449 1140 cum
2487 1086 2611 1155 ipso
2635 1085 2830 1142 lsraele
2862 1106 2874 1141 :
2905 1088 3000 1157 qui
3030 1087 3085 1141 in
3108 1088 3255 1142 lucta
3286 1103 3416 1143 cum

1841 1177 2159 1232 adversario
2185 1192 2309 1232 cum
2347 1176 2437 1232 Dei
2483 1177 2690 1232 auxilio
2734 1179 2822 1232 vix
2855 1180 3031 1233 erasit
3072 1195 3140 1234 ne
3172 1179 3415 1244 caderet,

1838 1283 1938 1323 nec
1998 1269 2130 1323 abiit
2166 1270 2384 1340 penitus
2450 1269 2653 1325 illa-sus
2718 1270 2786 1324 ab
2838 1271 3153 1327 adversario
3203 1272 3415 1327 :lzesus'

1836 1363 1981 1415 enim
2019 1360 2123 1416 fuit
2172 1363 2225 1416 iu
2274 1361 2500 1417 femore.
2535 1360 2633 1416 Hie
2664 1369 2844 1417 autem
2884 1363 3152 1427 centurio,
3201 1363 3269 1418 de
3307 1370 3417 1432 quo

1839 1468 2022 1509 sermo
2044 1463 2129 1509 est
2160 1454 2213 1509 in
2242 1454 2552 1525 praesentia,
2587 1455 2733 1524 regia
2767 1461 3032 1524 potestate
3058 1470 3154 1525 pro
3187 1458 3417 1526 imperio

1841 1547 2099 1602 amandat
2147 1545 2200 1599 id
2250 1547 2394 1616 quod
2448 1552 2531 1602 est
2578 1545 2836 1609 alienum,
2880 1547 3105 1601 aseiscit
3151 1552 3330 1601 autem
3363 1557 3417 1600 et

1840 1639 1908 1694 ad
1956 1653 2111 1694 suam
2160 1637 2399 1693 admittit
2439 1635 2864 1692 familiaritatem
2906 1636 2959 1690 id
2998 1637 3147 1706 quod
3187 1646 3272 1692 est
3314 1638 3416 1693 sibi

1838 1740 2072 1804 gratum.
2104 1733 2155 1787 ls
2191 1732 2334 1785 enim
2357 1739 2642 1801 propterea
2676 1729 2911 1784 maxime
2938 1728 3151 1783 videtur
3180 1730 3420 1784 admiru-

1846 1824 1996 1879 tione
2018 1822 2219 1893 dignus
2262 1821 2453 1883 fuisse,
2503 1820 2649 1890 quod
2701 1819 2847 1875 dicat
2895 1835 2956 1875 se
3004 1820 3058 1875 in
3097 1820 3184 1876 his
3222 1820 3317 1891 qui
3364 1821 3418 1875 in

1846 1913 1968 1983 ejus
2016 1919 2143 1967 sunt
2185 1918 2456 1981 potestate
2509 1909 2797 1972 militibus,
2835 1922 2934 1964 sua
2979 1909 3309 1963 auctoritate
3356 1908 3419 1960 Ii-

1840 2004 1969 2059 bcre
1998 2016 2159 2072 quem
2209 2002 2337 2056 velit
2387 1998 2707 2064 amandare,
2750 2004 2804 2053 et
2850 2011 3134 2052 accersere
3164 2012 3287 2050 eum
3325 1997 3419 2066 qui

1840 2103 1926 2150 est
1971 2094 2073 2150 sibi
2112 2100 2303 2164 gratus
2343 2110 2355 2146 :
2389 2101 2445 2146 et
2480 2104 2639 2146 servo
2668 2088 2815 2161 quod
2849 2088 3107 2143 convenit
3149 2089 3420 2158 imperare

1838 2185 2227 2242 ministerium.
2280 2180 2411 2237 Nam
2466 2180 2579 2235 illic
2627 2193 2845 2250 quoque
2888 2178 3136 2247 quaedam
3176 2179 3420 2247 philoso-

1838 2278 1966 2349 phia
2007 2287 2093 2332 est
2137 2275 2190 2328 in
2222 2289 2355 2331 voce
2400 2272 2762 2335 centurionis,
2814 2274 2956 2342 quod
3004 2286 3127 2325 eum
3173 2270 3266 2339 qui
3320 2268 3419 2322 fuit

1840 2373 2186 2432 amandatus,
2233 2385 2341 2424 non
2381 2367 2617 2438 amplius
2661 2366 2728 2420 ad
2772 2381 2831 2420 se
2866 2364 3099 2426 reducit,
3144 2361 3238 2417 sed
3293 2377 3416 2414 Clllll

1844 2463 1892 2517 is
1935 2462 2183 2526 abiisset,
2223 2476 2320 2530 pro
2354 2461 2475 2530 ipso
2531 2460 2584 2513 in
2632 2458 2853 2512 domum
2899 2454 3134 2509 admittit
3164 2453 3419 2506 alterum.

1846 2553 1981 2608 Nam
2033 2567 2157 2607 cum
2209 2552 2259 2606 ei
2325 2551 2601 2605 dixisset:
2649 2548 2815 2612 Vade,
2869 2556 2918 2600 et
2964 2544 3128 2609 radit,
3179 2542 3313 2597 dicit
3363 2557 3422 2596 se

1851 2649 2015 2701 alium
2049 2658 2352 2708 accersere,
2390 2626 2667 2695 nonI‘euni
2693 2654 2852 2709 quem
2882 2635 3239 2691 amandavit:
3272 2632 3421 2686 Scri-

1842 2748 2023 2808 ptura,
2061 2743 2122 2790 ut
2174 2733 2386 2802 Opinor,
2440 2732 2673 2786 docente
2712 2731 2818 2783 tale
2863 2730 3079 2797 dogma,
3122 2725 3266 2796 quod
3301 2738 3422 2792 quae

1843 2830 1949 2886 sibi
1986 2828 2219 2883 invicem
2252 2824 2633 2887 adversantur,
2672 2836 2780 2875 non
2806 2821 2925 2888 ejus
2960 2825 3090 2873 sunt
3117 2825 3326 2871 natura:
3365 2823 3421 2868 ut

1841 2922 2057 2994 possint
2088 2918 2251 2975 simul
2305 2917 2359 2970 in
2390 2930 2503 2969 uno
2545 2920 2600 2969 et
2642 2911 2832 2967 eodem
2864 2909 3092 2965 versari.
3145 2908 3302 2960 Nulla
3335 2917 3420 2961 est

1840 3013 1984 3068 enim
2034 3009 2270 3067 societas
2313 3006 2421 3062 luci
2462 3020 2585 3060 cum
2619 3002 2882 3063 tenebris,
2928 3001 3005 3054 ait
3049 2999 3420 3070 Apostolus“,

1844 3104 1940 3161 sed
1969 3116 2197 3159 necesse
2228 3106 2313 3155 est
2341 3097 2590 3160 omnino,
2621 3101 2681 3147 ut
2713 3095 2759 3149 si
2794 3092 3034 3147 tenebrze
3063 3089 3419 3151 recesserint,

1845 3199 1916 3254 sit
1951 3197 2044 3249 lux
2094 3207 2215 3263 qua:
2267 3204 2365 3260 pro
2408 3188 2490 3243 eis
2534 3184 2779 3241 cernitur
2812 3189 2906 3237 :et
2949 3181 2996 3235 si
3024 3179 3216 3233 vitium
3262 3177 3425 3232 fuerit

1847 3286 2219 3349 amandatum,
2264 3296 2363 3353 pro
2392 3297 2457 3337 eo
2488 3280 2664 3335 virtus
2708 3274 3125 3338 introducntur;
3153 3278 3207 3326 et
3241 3271 3287 3325 si
3322 3270 3425 3323 boe

1846 3381 1950 3434 rite
1996 3378 2199 3431 factum
2251 3373 2438 3435 fuerit,
2480 3368 2769 3440 prudentia
2799 3364 2986 3420 carnis
3030 3378 3141 3417 non
3189 3361 3423 3430 amplius

1843 3474 2064 3528 resistat
2101 3466 2356 3536 spiritui;
2397 3476 2577 3531 neque
2600 3460 2746 3514 enim
2792 3462 2990 3526 potest,
3026 3461 3200 3507 morte
3226 3452 3421 3508 ali‘ecta

1846 3563 1966 3633 ejus
2013 3555 2308 3614 resistendi
2359 3554 2651 3624 potestate,
2693 3546 2789 3603 sed
2836 3544 2904 3599 ad
2941 3558 3103 3597 omne
3140 3542 3284 3611 quod
3325 3555 3425 3610 par

1842 3664 1928 3712 est
1974 3650 2342 3708 ministerium
2390 3645 2449 3700 ﬁt
2487 3651 2612 3715 apta
2651 3649 2707 3697 et
2749 3647 2965 3711 parata,
2998 3646 3058 3691 ut
3087 3651 3209 3705 qum
3232 3641 3427 3704 pareat

1844 3755 1899 3803 et
1950 3742 2282 3813 subjiciatur
2331 3734 2634 3791 dominatui
2683 3731 2933 3801 spiritus.
2991 3724 3221 3793 Quando
3276 3722 3423 3778 enim

1842 3841 2105 3913 expulsus
2159 3834 2381 3906 quidem
2431 3831 2594 3885 fuerit
2645 3829 2804 3883 miles
2854 3823 2976 3880 vitii
3025 3819 3262 3913 socius;4
3302 3816 3425 3913 ejus

1844 3910 2024 3990 autem
2070 3933 2193 3985 loco
2241 3930 2527 3997 ingressus
2581 3921 2745 3976 fuerit
2788 3919 2947 3972 miles
2977 3913 3220 3976 virtutis,
3251 3910 3423 3963 lorica

1838 4027 2070 4098 justitize
2121 4023 2372 4084 indutus,
2425 4026 2481 4073 et
2535 4016 2591 4070 in
2640 4014 2896 4069 manibus
2947 4008 3127 4064 ferens
3184 4002 3425 4075 gladium

1844 4122 2095 4193 spiritus,
2133 4115 2381 4171 munitus
2409 4119 2591 4167 autem
2631 4109 2774 4179 aptis
2806 4104 2872 4159 ad
2910 4101 3199 4193 tegendum
3234 4097 3424 4193 armis,

1799 4264 1803 4270 .
1846 4188 2042 4283 nempe
2069 4212 2220 4282 galea
2250 4204 2477 4264 salutari
2510 4245 2524 4269 ,
2555 4208 2611 4258 et
2634 4207 2792 4257 scuto
2817 4194 2963 4259 ﬁdei,
2992 4197 3046 4248 et
3073 4191 3128 4283 in
3156 4204 3216 4244 se
3248 4188 3428 4243 ferens

1845 4282 2075 4364 omnem
2110 4299 2447 4371 spiritualem
2503 4303 2860 4353 armaturam,
2895 4294 3029 4340 tunc
3072 4282 3225 4337 timet
3264 4292 3426 4334 suum

1845 4400 2149 4459 dominum,
2184 4405 2376 4459 nempe
2419 4390 2680 4448 mentem,
2719 4392 2912 4436 servus
2944 4375 3157 4431 scilicet
3200 4384 3425 4439 corpus,

1849 4498 2207 4564 promploque
2239 4492 2294 4540 et
2340 4480 2509 4535 alacri
2546 4476 2729 4531 animo
2776 4467 3107 4564 exsequitur
3138 4461 3426 4560 imperium

166 4549 487 4639 κρατοῦντος
508 4570 577 4623 τά
604 4568 1043 4640 παραγγέλματα
1067 4567 1302 4638 δέχεται,
1319 4568 1385 4621 δι’
1406 4562 1480 4623 ὧν
1509 4572 1541 4641 ἡ
1571 4571 1739 4642 ἀρετὴ

1847 4549 1967 4651 ejus
1994 4549 2087 4649 qui
2111 4549 2425 4629 dominatur
2451 4587 2465 4623 :
2493 4580 2602 4637 quo
2636 4563 2714 4628 ﬁt,
2750 4569 2809 4615 ut
2837 4554 3147 4651 ministerio
3175 4549 3429 4651 corporis

165 4663 520 4734 κατορθοῦται
550 4665 616 4734 τῇ
671 4660 943 4731 ὑπουργία
975 4658 1069 4712 τοῦ
1101 4659 1348 4729 σώματος
1375 4676 1389 4692 ο
1443 4661 1601 4715 τοῦτο
1632 4658 1739 4733 γὰρ

165 4750 495 4807 ἐνδείκνυται
542 4752 636 4807 τοῦ
679 4750 1112 4821 Ἑκατοντάρχου
1158 4751 1187 4803 ό
1215 4750 1370 4819 λόγος
1412 4752 1619 4817 εἰπὼν,
1660 4753 1742 4807 ὅτι

166 4841 271 4895 Kal
301 4842 381 4908 τῷ
430 4844 633 4910 δούλῳ
663 4860 783 4912 μου
817 4841 1007 4909 λέγω,
1060 4840 1328 4907 Ποίησον
1379 4841 1552 4895 τοῦτο
1578 4882 1593 4907 ,
1642 4844 1742 4897 καὶ

165 4933 334 4987 ποιεῖ.

245 5023 381 5078 Ἀλλ’
408 5026 731 5096 ἀκούσωμεν
754 5024 851 5094 τῆς
880 5023 1149 5095 βασιλίδος
1170 5065 1183 5087 ,
1207 5024 1355 5088 ὅπως
1383 5025 1744 5096 ἀπανίστησιν

168 5112 256 5185 ἀφ’
285 5120 483 5192 ἑαυτῆς
533 5119 623 5173 τὸν
650 5104 862 5190 Βορρᾶν
884 5161 897 5184 ,
948 5119 1028 5182 είς
1064 5118 1125 5171 τὸ
1171 5116 1409 5189 ἔμπαλιν
1440 5118 1607 5171 αὐτοῦ
1647 5118 1747 5189 τὴν

170 5206 331 5278 πνοὴν
362 5209 767 5281 ἀναστρέψασα.
794 5210 869 5263 Οὐ
905 5208 1013 5280 γὰρ
1040 5209 1270 5278 ἠρεμεῖν
1297 5208 1615 5271 ἐπιτάσσει,
1647 5226 1747 5263 κα-

169 5297 340 5372 θάπερ
381 5302 473 5356 ἐπὶ
520 5303 613 5357 τοῦ
664 5301 955 5356 κλυδωνίου
1003 5301 1100 5371 τῆς
1144 5297 1421 5370 θαλάσσης
1473 5301 1503 5352 6
1547 5299 1750 5369 Κύριος

168 5389 393 5460 ἡσυχίαν
416 5392 570 5462 ἄγειν
586 5394 685 5465 τὴν
715 5393 973 5455 λαίλαπα,
1003 5390 1214 5462 σιωπὴν
1238 5389 1615 5461 παραγγείλας
1633 5393 1746 5455 τοῖς

171 5481 430 5552 κύμασιν
454 5482 568 5540 ἀλλ’
593 5486 898 5556 ἀποχωρεῖν
927 5482 1020 5536 καὶ
1047 5480 1266 5551 φεύγειν
1288 5481 1744 5552 παρακελεύεται,

177 5570 242 5636 ὣς
264 5573 330 5629 ἂν
359 5576 651 5641 ἀκωλύετως
680 5578 709 5630 6
740 5576 910 5638 Νότος
933 5573 1082 5645 ῥέοι,
1137 5574 1407 5645 μηδεμιᾶς
1433 5574 1748 5639 άντιπνοίας

172 5661 567 5741 ἐμποδιζούσης
621 5666 771 5739 αὑτῷ
819 5667 918 5739 τὴν
952 5665 1126 5736 φοράν
1152 5683 1167 5697 ο
1215 5663 1587 5735 Ἐξεγέρθητι
1613 5706 1627 5732 ,
1662 5666 1749 5719 λέ-

231 5843 250 5874 ¹
287 5844 471 5901 Matth.
516 5865 632 5913 vin,
680 5850 742 5905 l0
772 5867 891 5921 sqq.
975 5850 994 5879 ⁸
1037 5847 1077 5902 ll
1119 5847 1239 5899 Cor.
1288 5858 1361 5906 vt,
1412 5846 1493 5896 l’o.

1852 4640 2029 4728 virtus
2070 4677 2220 4722 recte
2269 4660 2703 4717 administretur.
2754 4652 2870 4706 Hoc
2924 4647 3069 4704 enim
3116 4644 3325 4700 indicat
3374 4640 3430 4695 id

1851 4761 1998 4835 quod
2024 4759 2227 4815 dicitur
2268 4745 2301 4809 εἰ
2323 4750 2646 4808 centurione
2672 4764 2685 4802 ;
2709 4744 2844 4799 Nam
2873 4750 2923 4795 et
2947 4754 3094 4794 servo
3131 4752 3246 4790 meo
3271 4732 3390 4788 dico
3408 4747 3427 4784 :

1854 4857 1966 4913 Fac
1995 4856 2112 4919 hoc,
2144 4863 2188 4906 et
2218 4849 2368 4919 facit.

1917 5028 2023 5087 Sed
2052 5026 2343 5081 audiamus
2380 5013 2840 5090 quemadmodum
2868 5009 3055 5080 regina
3087 5017 3314 5075 surgere
3347 4998 3431 5054 fa-

1845 5124 1923 5179 cit
1951 5116 2264 5191 aquilonem
2303 5118 2357 5168 et
2387 5126 2417 5164 a
2453 5123 2514 5163 se
2549 5104 2830 5165 amandat,
2881 5099 3009 5191 ejus
3055 5093 3242 5191 ﬂatum
3278 5103 3432 5143 aver~

1846 5225 1968 5271 tcns
1997 5184 2052 5265 in
2095 5204 2411 5263 adversum.
2445 5199 2564 5253 Non
2592 5196 2738 5252 enim
2780 5204 2902 5248 eum
2931 5187 3088 5257 jubet
3125 5184 3429 5253 quiescere,

1852 5300 2130 5377 quomodo
2162 5299 2215 5353 in
2251 5293 2422 5351 maris
2472 5292 2801 5359 tempestate
2833 5280 2998 5351 jussit
3032 5275 3297 5377 Dominus
3333 5271 3433 5377 ﬁn:-

1854 5365 2039 5450 etibus
2081 5390 2368 5461 quiescere
2413 5393 2467 5438 et
2499 5380 2780 5436 silentium
2823 5367 3156 5461 agerersed
3203 5365 3437 5461 imperat

1857 5494 1917 5540 ut
1955 5455 2176 5540 recedat
2217 5488 2273 5536 et
2312 5477 2504 5546 fugiat,
2548 5479 2607 5526 ut
2635 5469 2843 5536 absque
2883 5462 2995 5516 ullo
3042 5455 3435 5546 impedimento

1857 5576 1990 5632 ﬂuat
2041 5579 2248 5635 auster,
2295 5542 2448 5624 nullo
2500 5562 2731 5617 adverso
2786 5553 2917 5607 ﬂatu
2958 5548 3266 5604 obsistente
3316 5542 3437 5612 ejus

1861 5666 2106 5740 impetui,
2140 5662 2329 5720 dicens
2356 5679 2367 5715 :
2404 5656 2589 5727 Surge,
2621 5648 2822 5720 aquilo.
2852 5644 3110 5711 Quanam
3141 5646 3228 5696 est
3258 5642 3436 5693 autem
