3866 6360
437 392 546 452 985

1649 382 1709 437 S.
1742 376 2074 439 GREGOBII
2114 376 2159 434 Ν
2169 373 2404 433 YSSENI

3611 355 3714 420 934

437 521 603 565 causa
636 521 737 562 cur
766 469 1096 560 amandatur
1127 500 1216 556 hic
1241 457 1479 556 ventus?
1507 499 1705 571 Aquilo
1733 507 1818 557 est
1845 499 2019 556 durus

2135 513 2295 566 γουσα
2317 492 2398 564 τῷ
2431 489 2639 563 Βορῤᾀ·
2673 483 2836 552 τίςδὲ
2862 481 2898 555 ἡ
2926 481 3077 536 αἰτία
3090 478 3192 571 τῆς
3225 475 3320 571 τοῦ
3593 480 3710 571 του·

436 611 488 657 et
528 613 692 670 asper
722 603 944 660 ventus,
997 602 1059 648 ut
1103 591 1307 648 alicubi
1346 592 1550 655 dicitur
1596 593 1649 647 in
1698 591 2018 648 Proverbia.

439 691 678 746 Vocatur
713 697 898 744 autem
929 687 1123 741 dexter
1149 685 1392 740 nomine.
1431 683 1541 739 Sed
1575 699 1688 739 non
1723 692 1808 740 est
1831 683 2023 739 dexter

437 781 642 852 aquilo,
677 778 782 835 nisi
810 777 936 850 quis
961 791 993 830 a
1023 783 1176 848 tergo
1215 775 1412 830 habeat
1435 777 1726 841 orientem,
1757 791 2023 847 peragens

437 887 658 930 cursum
711 870 779 926 ad
834 869 1204 925 occidentem.
1252 867 1491 924 Omnino
1533 877 1710 923 autem
1766 867 2024 939 intelligis

435 964 670 1036 anigma
693 978 884 1020 eorum
915 979 1035 1034 quae
1065 961 1352 1026 dicuntur,
1385 961 1530 1032 quod
1571 961 1785 1016 scilicet
1810 961 1903 1031 qui
1935 977 2023 1015 re-

435 1059 604 1115 cessit
639 1057 708 1112 ab
734 1057 950 1113 oriente
1001 1055 1107 1125 (sic
1149 1055 1294 1111 enim
1333 1054 1654 1110 nominatur
1698 1053 1955 1110 Christus
1993 1071 2022 1108 a

437 1147 724 1219 prophetia
763 1140 906 1212 ’),et
937 1161 996 1201 se
1024 1145 1300 1217 protrudit
1331 1147 1399 1201 ad
1434 1160 1693 1202 occasum
1735 1146 1898 1208 lucis,
1929 1145 2024 1200 ubi

436 1247 523 1295 cst
585 1243 843 1309 potestas
910 1237 1303 1301 tenebrarum,
1358 1237 1463 1293 sibi
1513 1237 1798 1294 dexterum
1863 1237 2026 1292 habet

435 1329 778 1400 aquilonem,
821 1329 1092 1401 improbis
1126 1329 1428 1384 insuitibus
1466 1344 1591 1385 eum
1635 1328 2022 1400 excipientem,

436 1438 534 1494 per
581 1437 727 1492 quos
765 1437 967 1479 cursus
1017 1419 1313 1477 conﬁcitur
1357 1419 1427 1475 ad
1469 1421 1744 1476 tenebras.
1791 1419 1868 1474 lta
1917 1419 2024 1476 sibi

436 1517 724 1570 dexterum
753 1514 1069 1586 aquilonem
1100 1513 1310 1570 invenit
1337 1513 1648 1584 impudicus
1670 1521 1728 1568 et
1753 1513 2025 1583 intempe-

437 1623 590 1670 rans.
633 1607 1041 1678 conspirantem
1077 1605 1296 1662 aﬁ‘ectui
1347 1612 1404 1662 et
1435 1604 1835 1677 perturbationi
1877 1605 2028 1675 igno-

440 1701 646 1754 miniaa.
675 1701 756 1754 Ita
799 1715 967 1771 avaro
1008 1699 1068 1754 ﬁt
1101 1699 1295 1755 dexter
1325 1697 1558 1770 spiritus
1598 1697 1705 1754 iste
1743 1696 2027 1768 nequitire,

438 1791 665 1862 quando
718 1791 1002 1846 materiam
1047 1791 1312 1859 avaritiae,
1357 1801 1620 1862 tanquam
1665 1804 1891 1846 arenam
1933 1789 2028 1844 ali-

2125 565 2216 640 του
2277 582 2763 656 μεταναστάσεως;
2815 571 3058 644 Σκληρὸς
3089 569 3292 642 ἄνεμός
3346 569 3502 630 ἐστι,
3557 565 3692 656 φησι

2126 677 2262 750 πρὸς
2279 654 2454 728 τοῦτο
2477 673 2572 744 τῆς
2599 667 2904 740 Παροιμίας
2949 664 3106 732 λόγος
3128 679 3142 694 ο
3177 661 3404 731 ὀνόματι
3432 657 3492 711 δέ

2126 745 2236 836 ξινος
2268 768 2545 822 καλεῖται·
2595 762 2708 816 ἀλλ’
2751 760 2925 814 οὐδενὶ
2969 756 3140 819 δεξιὸς
3183 752 3457 826 Βορῤἐας,
3493 747 3634 820 πλὴν
3663 745 3715 798 εε

2125 880 2208 928 τις
2241 859 2382 916 κατά
2411 859 2600 913 Νώτου
2625 854 2722 926 τὴν
2753 850 3016 921 ἀνατολὴν
3036 849 3172 918 ἔχοι,
3205 849 3341 916 πρὸς
3373 841 3473 904 τὰς
3500 839 3712 909 δυσμὰς

2124 955 2216 1008 τὸν
2245 953 2446 1024 δρόμον
2487 947 2826 1017 ποιούμενος.
2856 942 3014 1004 Νοεῖς
3059 939 3116 992 δὲ
3153 936 3370 996 πάντως
3401 932 3512 986 τῶν
3559 931 3714 1020 λεγο-

2131 1019 2306 1117 μένων
2333 1019 2394 1097 τὸ
2421 1041 2668 1111 αἴνιγμα,
2695 1036 2777 1092 ὅτι
2801 1037 2830 1089 ὁ
2854 1033 2955 1104 τῆς
2984 1028 3247 1098 ἀνατολῆς
3269 1023 3528 1117 ἀποστάς
3547 1019 3713 1117 (οὓτω

2127 1115 2237 1208 τὰρ
2267 1131 2418 1206 παρὰ
2456 1131 2556 1201 τῆς
2603 1124 2941 1200 προφητείας
2972 1125 3000 1176 ὁ
3041 1119 3270 1192 Χριστὸς
3363 1115 3714 1208 ἀνοιξάὲεται)

2249 1202 2384 1298 πρὸς
2411 1221 2510 1286 τὰς
2553 1218 2762 1290 δυσμὰς
2787 1215 2882 1270 τοῦ
2913 1213 3090 1284 φωτὸς
3125 1209 3318 1264 ἐαυτὸν
3345 1202 3715 1298 συνελαύνων,

2126 1296 2262 1374 ὅπου
2294 1295 2443 1370 ἐστὶν
2477 1312 2698 1380 ἐξουσία
2730 1309 2823 1364 τοῦ
2853 1302 3274 1376 σκότους,δεξιὸν
3299 1295 3538 1370 ἔχει’ἐφ’
3583 1297 3716 1347 ἐαυ-

2125 1411 2220 1464 τοῦ
2247 1409 2338 1463 τὸν
2368 1405 2580 1479 Βορρᾶν
2611 1406 2724 1466 τοῖς
2753 1399 3010 1471 πονηροῖς
3043 1393 3206 1448 αὑτὸν
3248 1389 3483 1461 ἐφοδίοις
3514 1385 3720 1479 ﬂagici-

2130 1519 2310 1577 μενον,
2346 1500 2410 1556 δι’
2533 1499 2562 1552 ὁ
2590 1494 2725 1569 πρὸς
2755 1492 2816 1546 τὸ
2837 1491 3026 1552 σκότος
3053 1487 3258 1555 γίνεται
3282 1482 3502 1577 δρόμος.
3525 1475 3720 1577 Οὖτως

2128 1565 2372 1668 εὑρίσκει
2399 1593 2490 1647 τὸν
2530 1565 2742 1661 Βορρᾶν
2771 1581 2964 1639 ἐαυτοῦ
3034 1577 3252 1646 δεξιὺνό
3281 1573 3606 1637 ἀκόλαστος,
3636 1565 3722 1668 si?

2129 1660 2291 1744 πάθει
2339 1685 2437 1757 τῆς
2485 1660 2708 1750 ἀτιμίας
2759 1673 3122 1748 συμπνέοντα.
3179 1667 3337 1723 υῦτω
3378 1660 3720 1757 γίνεται-τῷ

2129 1775 2427 1844 πλεονέκτῃ
2485 1770 2659 1838 δεξιὸν
2711 1767 2774 1822 τὸ
2826 1763 3044 1835 πνεῦμα
3077 1759 3235 1814 τοῦτο
3266 1757 3366 1827 τῆς
3417 1751 3717 1824 πονηρίας,

439 1845 606 1952 quam
643 1893 694 1940 et
727 1883 1018 1955 pulverem.
1039 1883 1088 1939 ei
1135 1845 1403 1955 congerit.
1446 1845 1526 1938 Ita
1565 1881 1639 1938 ad
1675 1881 2028 1953 unumquod—

2135 1871 2258 1924 ὗταν
2284 1865 2429 1936 αὑτῷ
2457 1863 2556 1927 τάς
2585 1861 2717 1925 ὕλας
2745 1859 2844 1930 τῆς
2877 1853 3184 1918 πλεονεξίας
3212 1845 3323 1904 οἷόν
3344 1865 3470 1949 τινα
3486 1845 3720 1955 ψάμμον

439 1993 545 2045 que
585 1983 870 2046 peccatum
906 1991 1068 2031 suum
1103 1975 1355 2046 praebens
1398 1973 1662 2028 auxilium
1707 1973 1769 2028 ﬁt
1810 1973 2024 2029 dexter.

439 2069 576 2123 Cum
607 2076 788 2122 autem
818 2068 895 2124 sit
919 2066 1140 2137 quidem
1178 2067 1353 2124 durus
1392 2077 1608 2134 natura,
1639 2065 1895 2122 duritiem
1929 2081 2026 2120 au-

439 2169 548 2214 tem
575 2158 816 2212 occultet
838 2159 1233 2229 voluptatibus,
1269 2167 1559 2230 propterea
1599 2174 1630 2213 a
1661 2175 1764 2214 suo
1795 2159 2027 2230 imperio

439 2251 592 2320 fugat
638 2249 974 2319 aquilonem,
1006 2264 1073 2304 ca
1124 2264 1249 2319 qua:
1292 2248 1562 2306 adversus
1595 2249 1764 2304 animi
1808 2257 2026 2319 pertur-

437 2338 696 2394 bationes
723 2345 778 2394 et
807 2337 941 2393 vitia
979 2337 1223 2394 obtinuit
1262 2339 1633 2404 dominatum,
1666 2339 1910 2408 aquiloni
1946 2339 2020 2394 tli-

439 2444 585 2487 ccns
610 2447 628 2483 :
659 2427 848 2497 Surge;
885 2426 1056 2494 Quod.
1074 2435 1258 2483 autem
1293 2429 1398 2482 huc
1427 2429 1652 2483 nomine
1687 2426 2030 2498 signiﬁcetur

441 2529 690 2593 potestas
722 2519 1074 2587 adversaria,
1105 2519 1284 2576 cuivis
1321 2518 1493 2575 fuerit
1527 2520 1901 2591 perspicuum,
1932 2517 2027 2586 qui

437 2612 879 2670 consitleraverit
910 2618 1166 2667 naturam
1201 2626 1386 2667 rerum
1423 2609 1864 2680 aspectabilium.
1893 2607 2029 2676 Quis

440 2707 590 2762 enim
629 2722 738 2761 non
770 2703 925 2761 novit
947 2704 1080 2760 solis
1109 2711 1344 2770 motuin,
1378 2701 1526 2774 quod
1570 2701 1784 2758 scilicet
1807 2699 1876 2754 ab
1903 2705 2027 2754 ortu

439 2814 552 2867 μοιτ-
594 2805 846 2855 austrum
886 2811 1110 2852 cursum
1163 2795 1484 2862 conﬁciens,
1529 2794 1770 2850 declinat
1818 2793 1886 2848 ad
1935 2807 2028 2848 oc-

439 2886 867 2946 easum‘i'l‘erra
899 2895 1082 2942 autem
1111 2887 1281 2957 ﬁgura
1337 2901 1462 2942 cum
1510 2887 1584 2941 sit
1629 2885 1922 2956 sphaerira,
1971 2890 2030 2938 ut

441 2985 634 3039 dicunt
673 2983 769 3052 qui
825 2981 887 3036 in
937 2981 1022 3036 his
1076 2995 1241 3035 suum
1300 2980 1545 3035 studium
1597 2987 1919 3050 posuerunt,
1973 2977 2028 3032 in

442 3091 554 3146 qua
593 3083 751 3146 parte
797 3088 826 3127 a
865 3073 984 3127 sole
1025 3073 1364 3132 illustratur,
1416 3073 1472 3126 in
1507 3072 1629 3140 ejus
1657 3071 1887 3127 adversa
1935 3086 2030 3126 ne-

2127 1962 2166 2033 ἢ
2188 1960 2336 2016 κόνιν
2367 1953 2746 2029 περισωρεύει.
2773 1950 2959 2012 Οὕτως
2989 1946 3126 2019 πρὸς
3144 1943 3372 1998 ἕκαστον
3401 1937 3510 1991 τῶν
3540 1935 3724 2004 πλημ-

2131 2027 2460 2126 μελημάτων
2486 2049 2585 2121 τὴν
2619 2047 2748 2118 παρ’
2779 2039 2973 2097 ἐαυτοῦ
3005 2035 3293 2126 συνεργίαν
3330 2027 3718 2126 χαριζόμενοςξ

2129 2115 2396 2211 ἐπιδέξιος
2425 2115 2656 2211 γίνεται,
2689 2115 2771 2201 οἷς
2803 2135 2868 2189 ἂν
2898 2133 3144 2203 γένηται.
3173 2124 3410 2198 Σκληρός
3447 2120 3549 2192 μὲν
3575 2115 3721 2172 κατᾶ

2127 2239 2225 2313 τὴν
2256 2239 2420 2310 φύσιν
2459 2235 2556 2301 ὢν,
2592 2229 2946 2302 ἐπικρύπτων
2979 2225 3035 2279 δὲ
3063 2225 3184 2285 ταῖς
3230 2219 3440 2291 ἡδοναῖς
3472 2213 3535 2313 τὸ
3567 2210 3723 2313 ἀντί-

2127 2301 2323 2392 τυπον,
2349 2326 2436 2382 διά
2463 2323 2624 2379 τοῦτο
2655 2301 2950 2392 φυγαδεύει
2971 2315 3070 2386 τῆς
3097 2313 3230 2373 ιδίας
3253 2309 3422 2381 ἀρχῆς
3449 2304 3545 2359 τὸν
3584 2301 3723 2372 Bap-

2133 2423 2264 2494 ρᾶν,
2313 2422 2346 2491 ἡ
2385 2417 2528 2472 κατά
2573 2414 2683 2468 τῶν
2733 2409 2923 2466 παθῶν
2955 2401 3339 2494 ἀναδυσαμένη-
3382 2397 3449 2494 τδ
3472 2396 3722 2494 κράτος,

2143 2487 2802 2582 Ἔξεγέρθητι,λὲγουσα,
2827 2497 2874 2558 ὦ
2901 2497 3114 2568 Eappa.
3149 2496 3271 2548 Ὅτι
3301 2492 3355 2544 δέ
3383 2489 3460 2560 τῷ
3485 2487 3723 2582 ὀνόματι

2128 2604 2305 2676 τούτῳ
2341 2605 2376 2675 ἡ
2416 2597 2766 2670 ἀντικειμένη
2799 2592 3212 2664 διασημαίνεται
3243 2585 3466 2652 δύναμις
3491 2621 3506 2644 ,
3551 2577 3726 2676 παντὶ

2129 2696 2288 2766 δῆλον
2317 2693 2384 2748 ἂν
2413 2692 2500 2764 εἴη
2528 2689 2606 2762 τῷ
2635 2683 3057 2756 κατανενοηκότι
3087 2681 3182 2751 τὴν
3218 2675 3324 2730 τῶν
3357 2671 3573 2766 ὁρατῶν
3617 2667 3722 2766 φύ-

2133 2761 2237 2842 σιν.
2273 2786 2369 2850 Τίς
2390 2761 2499 2854 γὰρ
2537 2782 2638 2836 οὐκ
2662 2775 2770 2832 οἶδε
2797 2775 2894 2830 τοῦ
2935 2773 3083 2845 ἡλίου
3128 2770 3227 2841 τὴν
3272 2765 3479 2836 κίνησιν
3500 2803 3514 2827 ,
3542 2761 3636 2814 ὅτι
3661 2761 3727 2812 ἐκ

2129 2881 2240 2935 τῶν
2274 2876 2548 2934 ἀνατολῶν
2574 2874 2662 2929 διὰ
2689 2872 2784 2926 τοῦ
2815 2870 2992 2925 νοτίου
3025 2867 3117 2921 τὸν
3146 2865 3342 2938 δρόμον
3372 2857 3724 2928 ποιούμενος,

2132 2973 2269 3045 πρὸς
2296 2970 2397 3035 τὰς
2428 2966 2640 3039 δυσμάς
2673 2963 3046 3026 ἐπικλίνεται;
3077 2958 3150 3012 Τὸ
3177 2955 3234 3009 δὲ
3265 2953 3444 3024 σχῆμα
3481 2952 3586 3020 τῆς
3619 2948 3727 3017 γῆς

2133 3063 2470 3137 σφαιροειδὲς
2497 3061 2580 3125 ὃν,
2608 3058 2793 3123 καθώς
2819 3074 2982 3127 φασιν
3019 3055 3069 3108 οἱ
3101 3052 3170 3106 τὰ
3194 3049 3416 3104 τοιαῦτα
3447 3044 3729 3113 κατανοή-

443 3135 687 3220 cessatio
709 3163 1129 3228 obtenebratur,
1163 3170 1225 3217 ut
1261 3177 1386 3232 quae
1413 3135 1777 3218 adumbretur
1807 3162 2030 3218 obstru-

2135 3175 2326 3221 σαντες
2343 3199 2358 3223 ,
2385 3157 2441 3208 ἐν
2467 3147 2624 3226 ᾧπερ
2650 3152 2726 3223 τῷ
2779 3149 2914 3221 ἡλίῳ
2939 3143 3294 3218 περιλαμφθῇ
3321 3181 3336 3204 ,
3366 3135 3504 3193 κατὰ
3533 3137 3728 3189 πᾶσαν

2537 3245 2561 3250 μ
2606 3247 2616 3250 -
2867 3241 2878 3250 .
3129 3235 3176 3250 η,
3371 3231 3425 3250 7,,
3461 3227 3699 3250 ιη’-,μζ

445 3259 627 3312 ctione
657 3257 778 3326 ejus
809 3254 956 3326 quod
992 3263 1076 3310 est
1129 3227 1544 3310 intermedium.
1583 3254 1856 3321 Quoniam
1899 3269 2030 3324 ergo

2135 3250 2381 3320 ἀνάγκην
2411 3250 2468 3301 ἐν
2495 3245 2570 3316 τῷ
2595 3241 2960 3313 ἀντικειμένῳ
2992 3235 3295 3300 σκοτίζεται
3317 3272 3332 3297 ,
3365 3231 3434 3302 τῇ
3455 3227 3727 3297 ἀντιφράο

446 3351 603 3404 locus
635 3348 728 3404 ille
757 3353 1026 3418 perpetuo
1062 3354 1246 3402 manet
1283 3347 1409 3402 luce
1442 3361 1642 3402 carens
1685 3354 1740 3402 et
1773 3345 2029 3417 frigidus,

449 3442 628 3512 utqui
660 3456 700 3495 a-
736 3441 910 3497 radiis
955 3441 1091 3498 solis
1121 3456 1301 3512 neque
1349 3440 1698 3495 illuminetur
1735 3453 1914 3509 neque
1947 3437 2032 3493 fo-

444 3539 677 3592 x'catur;
724 3541 1013 3602 propterea
1062 3531 1370 3604 principem
1421 3530 1714 3602 potestatis
1769 3530 2030 3586 tenebra-

447 3641 594 3691 rum,
627 3625 724 3696 qui
752 3625 974 3681 mollem
1021 3625 1334 3681 animarum
1368 3631 1620 3678 naturam
1657 3623 1836 3679 instar
1873 3637 2030 3693 aquae

445 3730 808 3772 concrescere
851 3713 986 3770 facit
1029 3723 1084 3771 et
1115 3715 1314 3772 duram
1347 3714 1552 3779 reddit,
1592 3717 1844 3769 nominat
1899 3713 2030 3767 Ver-

444 3807 575 3863 bum
616 3807 816 3862 durum
863 3807 1206 3877 aquilonem,
1255 3805 1571 3863 eﬁ‘ectorem
1627 3807 1868 3862 tristitiae
1921 3806 2032 3860 ltiti-

446 3900 576 3964 mis,
613 3899 670 3954 in
702 3913 810 3970 qua
845 3899 984 3954 dicit
1016 3898 1373 3970 Evangelium
1415 3899 1566 3954 nulla
1609 3899 1830 3956 ratione
1866 3899 2029 3971 effugi

447 4007 612 4063 posse
643 3993 912 4062 pericula.
940 3991 1000 4046 in
1033 4006 1098 4046 ea
1127 3993 1273 4067 enim
1317 3993 1610 4048 marcescit
1638 3993 1805 4048 decor
1836 4008 2028 4049 eorum

445 4082 538 4152 qui
569 4081 767 4138 ﬂorent
795 4097 862 4136 ex
895 4082 1120 4136 virtute.

521 4356 686 4412 Recte
706 4361 888 4410 autem
933 4371 1031 4416 sua
1064 4357 1392 4414 auctoritate
1413 4372 1520 4412 vox
1545 4372 1670 4412 eum
1699 4357 1922 4428 expellit
1944 4373 2032 4414 re-

448 4449 619 4520 ginae;
655 4447 890 4504 accersit
921 4457 1104 4503 autem
1146 4457 1365 4504 ventum
1394 4448 1782 4515 meridianum,
1817 4449 1910 4518 qui
1949 4461 2035 4505 est

2133 3339 2214 3408 ξει
2243 3339 2336 3394 τοῦ
2363 3339 2530 3411 μέσου
2575 3335 2952 3406 σκιαζόμενον.
3001 3329 3152 3384 Ἐπεὶ
3184 3323 3276 3382 οῦν
3307 3320 3548 3392 ἀφεγγὴς
3577 3322 3610 3373 ὀ
3640 3320 3730 3372 τό·

2133 3451 2233 3498 πος
2258 3435 2466 3496 ἐκεῖνος
2517 3433 2610 3484 καὶ
2641 3425 3056 3496 κατεψυγμένος
3089 3421 3261 3476 εἰσαεὶ
3305 3416 3542 3484 διαμένει
3579 3413 3728 3483 μήτε

2131 3525 2480 3598 λαμπόμενος
2515 3522 2620 3577 ὑπὸ
2658 3520 2766 3574 τῶν
2796 3514 3040 3590 ἡλιακῶν
3075 3511 3308 3568 ἀκτίνων
3353 3509 3486 3579 μήτε
3512 3503 3728 3598 0-1136--

2139 3633 2302 3688 μενος
2329 3631 2342 3643 ·
2369 3613 2459 3667 διὰ
2486 3611 2644 3666 τοῦτο
2674 3611 2764 3663 τὸν
2785 3608 3034 3687 ,ἄρχοντα
3065 3604 3164 3674 τῆς
3197 3598 3438 3669 ἐξουσίας
3466 3592 3559 3648 τοῦ
3596 3593 3730 3647 σκό-

2137 3685 2290 3772 τους,
2319 3706 2410 3760 τὸν
2438 3704 2539 3776 τὴν
2575 3685 2790 3772 ἁπαλὴν
2819 3698 2928 3752 τῶν
2948 3694 3134 3768 ψυχῶν
3166 3694 3325 3764 φύσιν
3353 3689 3538 3752 ὓδατος
3560 3685 3730 3754 δίκην

2139 3793 2500 3850 ἀπολιθοῦντα
2523 3791 2610 3846 διὰ
2657 3792 2756 3862 τῆς
2788 3788 3034 3861 πήξεως,
3081 3785 3176 3840 καὶ
3223 3779 3457 3854 σκληρὰν
3489 3776 3730 3846 ἐργαζό-

2142 3904 2302 3959 μενον
2330 3927 2344 3952 ,
2381 3885 2622 3958 Βορῤἐαν
2674 3901 2734 3938 τε
2766 3882 2862 3936 καὶ
2896 3878 3128 3950 σκληρὸν
3165 3872 3418 3946 ὀνομάζει
3463 3870 3493 3923 ό
3522 3869 3727 3937 Λόγος,

2137 3979 2230 4034 τὸν
2261 3979 2360 4048 τῆς
2389 3975 2690 4047 κατηφείας
2727 3973 2822 4026 τοῦ
2871 3970 3160 4044 χειμῶνος-
3189 3967 3424 4040 ἐργάτην
3444 4004 3460 4028 ,
3507 3962 3729 4016 ἐκείνου

2141 4071 2286 4138 λέγω
2313 4069 2408 4123 τοῦ
2461 4067 2731 4139 χειμῶνος
2764 4066 2822 4118 ἐν
2851 4057 2896 4132 ᾧ
2927 4063 3027 4133 τὴν
3078 4059 3252 4130 φυγὴν
3305 4057 3412 4110 τῶν
3461 4052 3729 4108 κινδύνων

2141 4163 2424 4234 ἀμήχανον
2454 4160 2604 4228 λέγει
2655 4157 2716 4211 τὸ
2749 4153 3102 4225 Εὑαγγὲλιον.
3148 4151 3234 4204 Ἐν
3281 4146 3428 4218 αύτῷ
3457 4145 3566 4216 γὰρ
3615 4143 3730 4196 τῶν

2067 4255 2072 4260 ’
2141 4254 2262 4308 κατ’
2295 4251 2498 4325 ἀρετὴν
2533 4247 2839 4304 ἀνθούντων
2871 4249 2904 4319 ἡ
2943 4245 3061 4317 ὥρα
3098 4240 3436 4314 μαραίνεται.

2209 4331 2410 4409 Καλῶς
2443 4340 2536 4398 οῦν
2557 4340 2853 4397 ἀπελαύνει
2877 4337 3062 4393 τοῦτον
3099 4335 3221 4389 κατ’
3246 4329 3488 4398 ἐξουσίαν
3515 4329 3548 4399 ἡ
3577 4325 3731 4394 βασι-

2139 4437 2281 4502 λίδος
2307 4435 2458 4507 φωνή
2483 4451 2494 4463 ·
2523 4430 2914 4504 προσκαλεῖται
2931 4426 2986 4480 δὲ
3006 4424 3066 4479 τὸ
3090 4417 3456 4496 μεσημϐρινὸν
3481 4413 3616 4468 πνεῦ
3627 4431 3726 4507 pa,

449 4539 662 4594 calidus
691 4545 747 4594 et
779 4554 996 4610 semper
1026 4540 1264 4606 lucidus,
1297 4555 1460 4610 quem
1487 4541 1736 4596 nominat
1761 4553 2030 4608 austrum,

2140 4531 2201 4586 τὺ
2231 4505 2521 4600 θερμόνήτε
2547 4523 2644 4578 καὶ
2670 4518 3122 4590 ἁειφεγγές,δπερ
3151 4511 3401 4584 ὀνομάζει
3427 4507 3595 4610 Νότον
3617 4505 3724 4610 ε-δὲ

451 4643 548 4698 per
575 4642 736 4696 quem
760 4626 880 4681 lluit
909 4637 1125 4684 torrens
1149 4629 1496 4696 deliciarum,
1533 4631 1725 4688 dicens
1757 4650 1770 4688 :
1812 4631 1878 4686 Et
1905 4632 2037 4697 veni,

453 4725 652 4781 auster,
675 4717 845 4786 ρετ-βα
869 4717 1081 4771 hortum
1118 4735 1310 4784 meum,
1341 4729 1392 4774 et
1411 4721 1584 4789 ﬂuant
1614 4733 1860 4776 aromata
1891 4739 2040 4776 mea:

452 4805 592 4860 adeo
617 4813 674 4859 ut
697 4806 936 4860 violento
959 4807 1180 4873 spiritu,
1210 4808 1354 4862 sicut
1385 4809 1642 4865 audimus
1671 4811 1876 4872 factum
1905 4811 2041 4868 fuis-

453 4912 514 4952 se
546 4896 601 4950 in
631 4897 919 4952 caenaculo
947 4897 1260 4967 discipulis,
1289 4899 1346 4954 in
1383 4900 1601 4970 plantas
1623 4901 1876 4958 incidens
1920 4903 2040 4956 ani-

452 4997 654 5054 matas,
684 4996 900 5044 moveat
926 4989 1018 5046 Dei
1051 4991 1446 5060 plantationem
1471 4993 1538 5046 ad
1562 5001 1872 5049 aromatum
1905 5011 2038 5065 pro-

451 5081 792 5145 ductionem,
823 5089 878 5136 et
906 5079 1103 5136 eﬁiciat
1130 5093 1188 5136 ut
1220 5098 1315 5152 per
1341 5097 1405 5136 os
1433 5081 1568 5136 ﬂuat
1596 5083 1871 5138 odorifera
1907 5099 2036 5154 pro-

453 5172 638 5241 phetia
670 5181 726 5227 et
759 5173 1022 5228 salutaria
1057 5173 1180 5229 ﬁdei
1214 5173 1493 5242 dogmata,
1541 5190 1639 5243 per
1671 5190 1835 5229 omne
1865 5191 2038 5245 genus

455 5257 655 5329 linguae
717 5257 1052 5314 eﬂ‘undentia
1113 5260 1254 5315 citra
1317 5261 1764 5329 impedimentum
1833 5265 2038 5318 bonum

381 5351 385 5355 ‘
455 5353 679 5409 odorem
707 5353 1191 5410 documentorum.
1219 5353 1312 5411 Sic
1333 5365 1551 5410 centum
1577 5356 1771 5426 viginti
1804 5356 2046 5426 discipu-

459 5443 518 5510 li,
547 5447 642 5516 qui
672 5449 995 5517 plantantur
1028 5447 1086 5502 in
1115 5446 1286 5502 domo
1311 5447 1430 5514 Dei,
1461 5448 1588 5503 ﬂatu
1637 5449 1802 5518 hujus
1835 5449 2044 5512 austri,

459 5550 582 5604 qua:
607 5553 708 5608 per
739 5539 957 5606 linguas
987 5539 1247 5604 traditur,
1279 5539 1587 5595 doctrinam
1622 5540 1872 5596 fecerunt
1899 5539 2050 5594 cillo-

462 5638 608 5684 rcre.
633 5630 933 5702 Propterea
957 5647 1092 5702 ergo
1107 5631 1236 5689 huic
1267 5640 1463 5692 austro
1491 5633 1624 5704 dicit
1657 5647 1896 5706 sponsa:
1917 5631 2050 5688 Per-

535 5795 554 5826 ⁷
579 5799 746 5858 Zacb.
781 5819 856 5871 Vl,
887 5805 972 5862 12.

2139 4618 2200 4678 οὗ
2233 4625 2262 4676 ὁ
2296 4597 2632 4694 νειμάῤῥους
2655 4618 2752 4686 τῆς
2780 4611 2994 4683 τρυφῆς
3027 4606 3164 4680 ῥέει,
3193 4604 3452 4673 λέγουσα*
3479 4597 3599 4694 -Ιξαὶ
3631 4599 3726 4694 ἔρ-

2139 4732 2274 4784 χου,
2297 4685 2476 4774 λ’ότε,
2501 4685 2877 4762 διάπνευσον
2900 4698 3009 4754 τὸν
3031 4695 3231 4766 κῆπόν
3239 4711 3376 4764 μου,
3399 4685 3727 4757 καὶρεινσάρ

2139 4780 2341 4864 ἔωσαν
2369 4798 2646 4874 ἀρώματὰ
2695 4814 2816 4868 μου
2837 4811 2850 4824 ·
2887 4793 3028 4847 ὥστε
3053 4793 3120 4862 τῇ
3151 4788 3300 4861 βιαίᾳ
3333 4787 3502 4855 πνοῇ,
3546 4780 3726 4844 καθὼς

2138 4901 2196 4954 ἐν
2226 4897 2306 4968 τῷ
2337 4893 2569 4967 ὑπερῴῳ
2596 4886 2926 4960 γεγενῆσθαι
2949 4886 3061 4948 τοῖς
3092 4880 3360 4954 μαθηταῖς
3393 4874 3724 4968 ἡκούσαριενζ

2145 4991 2258 5053 τοῖς
2316 4985 2581 5059 ἐμψύχοις
2629 4983 2818 5052 φυτοῖς
2855 4973 3188 5032 ἐπιπεσόντα
3235 4969 3453 5040 κινῆσαι
3504 4965 3600 5036 τὴν
3634 4962 3726 5016 τοῦ

2145 5082 2280 5137 Θεοῦ
2331 5056 2558 5150 φυτείαν
2587 5075 2726 5145 πρὸς
2769 5073 2870 5144 τὴν
2921 5069 3029 5123 τῶν
3063 5063 3369 5138 ἀρωμάτων
3402 5059 3573 5130 φοράν
3597 5075 3611 5088 ·

2150 5173 2294 5245 ῥέειν
2353 5165 2773 5240 παρασκευάσαι
2829 5162 2918 5215 διὰ
2958 5159 3052 5213 τοῦ
3112 5156 3372 5226 πόματος
3418 5151 3516 5220 τὴν
3553 5146 3723 5214 εὐώδη

2148 5241 2508 5336 προφητείας),
2545 5257 2640 5312 κοιλ¹
2685 5256 2754 5310 τὰ
2790 5253 3033 5324 σωτήρια
3059 5247 3154 5318 τῆς
3190 5245 3421 5306 πίστεως
3463 5241 3724 5336 δόγματα,

2145 5355 2286 5410 κατὰ
2315 5355 2424 5407 πᾶν
2461 5347 2601 5413 εἶδος
2635 5345 2888 5418 γλώσσης
2921 5340 3216 5402 ἀκωλύτως
3247 5336 3342 5407 τὴν
3372 5332 3597 5387 εὐωδίαν
3621 5327 3727 5382 τῶν

2145 5431 2489 5516 διδαγμάτων
2543 5437 2862 5510 προχέοντα.
2901 5433 3088 5498 Οὕτως
3130 5434 3178 5485 oi
3217 5427 3409 5483 ἑκατὸν
3435 5425 3527 5477 καὶ
3556 5421 3728 5476 εἴκοσι

2151 5514 2410 5612 μαθηταὶ,
2437 5534 2486 5586 οἱ
2510 5533 2568 5586 ἐν
2595 5531 2728 5600 οἴκῳ
2751 5527 2848 5582 τοῦ
2877 5525 3013 5580 Θεοῦ
3040 5519 3432 5593 πεφυτευμένοι
3451 5557 3466 5583 ,
3493 5517 3558 5586 τῇ

2148 5600 2215 5702 τῇ
2241 5600 2337 5681 τοῦ
2368 5621 2616 5678 τοιούτου
2644 5617 2816 5674 Νότου
2843 5656 2857 5683 ,
2895 5615 2993 5688 τὴν
3043 5611 3134 5668 διὰ
3167 5610 3276 5666 τῶν
3312 5603 3566 5678 γλωσσῶν
3587 5600 3727 5656 6:60.-
