3866 6402
329 385 444 444 983
1397 384 1466 440 IN
1487 381 1792 442 CANTICA
1814 381 2090 440 CANTIC.
2137 383 2422 442 HOMILIA
2453 386 2521 441 Χ.
3496 390 3606 444 986

329 494 568 551 σκαλίαν
592 495 908 570 ἐξήνθησαν.
944 497 1046 552 Διὰ
1087 499 1250 553 τοῦτο
1270 501 1448 554 τοίνυν
1475 503 1610 572 φησι
1633 500 1712 572 τῷ
1741 499 1916 554 τοιούο

2022 501 2094 569 fta
2109 500 2320 555 hortum
2355 504 3011 575 mcum,quandoquidem
3041 503 3201 559 horto
3231 502 3338 560 fuit
3361 511 3537 560 mater
3569 521 3602 560 a

325 589 582 660 τῳΝότῳ
612 590 644 660 ή
675 588 889 660 νύμφη·
918 591 1000 644 ὅτι
1021 590 1396 646 Διὰπνευσον
1425 592 1532 646 τὸν
1556 591 1756 660 κῆπόν
1773 610 1915 662 μου.

2026 607 2157 647 voce
2184 592 2370 661 sponsi
2400 594 2492 662 qui
2516 595 2686 663 ipsam
2727 596 2873 658 fecit,
2907 597 3051 652 sicut
3109 597 3358 659 continet
3417 611 3601 651 sermo

343 678 569 752 Ἐπειδὴ
611 683 794 754 μήτηρ
821 683 982 754 κήπῳ
1012 683 1232 752 ἐγένετο
1258 683 1408 754 παρὰ
1435 684 1534 756 τῆς
1561 684 1654 737 τοῦ
1685 684 1916 754 νυμφίου

2023 683 2168 738 horti
2222 691 2276 738 et
2329 685 2516 738 l'ontis.
2565 683 2930 750 Quamobrem
2977 687 3093 740 vult
3139 701 3300 741 suum
3354 687 3602 750 hortum,

287 782 306 790 ”
327 771 520 842 φωνῆς
544 769 638 824 τοῦ
663 772 990 843 ποιήσαντος
1013 775 1204 846 αὐτὴν,
1229 774 1409 838 καθὼς
1433 776 1680 846 περιέχει
1705 776 1734 828 6
1765 774 1916 843 λόγος

2025 790 2217 844 nempe
2247 773 2574 840 Ecclesiam,
2615 793 2735 846 qum
2761 785 2936 832 scatet
2964 778 3259 833 arboribus
3311 779 3600 842 animatis,

327 863 520 932 κήπου
554 858 676 915 καῖ’
699 864 902 935 πηγῆς.
939 857 1016 918 Οῦ
1047 865 1208 935 χάριν
1251 865 1345 918 τὸν
1397 865 1576 934 κῆπον
1620 865 1790 936 αὐτῆς
1822 867 1921 934 τὴν

341 947 676 1022 Ἐκκλησίαν
705 953 803 1023 τὴν
823 957 934 1017 τοῖς
961 955 1224 1026 ἐμψύχοις
1251 955 1520 1026 βρύουσαν
1549 955 1786 1026 δένδροις
1807 955 1922 1008 δια-

327 1040 669 1114 πνευσθῆναι
697 1043 968 1114 βούλεται,
995 1045 1136 1098 ὥστε
1163 1047 1354 1115 ῥεῦσαι
1381 1041 1478 1102 ἀπ’
1490 1047 1668 1102 αὐτῶν
1693 1045 1762 1099 τὰ
1784 1045 1921 1116 ἀρώ-

330 1149 508 1202 ματα.
552 1135 610 1186 Ὁ
645 1135 745 1205 μὲν
778 1137 885 1208 γὰρ
919 1139 1210 1209 Προφήτης
1239 1139 1436 1210 φησιν,
1457 1140 1539 1192 ὅτι
1568 1139 1824 1192 Πνεύσει
1853 1138 1918 1190 τὸ

325 1223 576 1292 πνεῦμα
604 1226 814 1294 αὐτοῦ,
850 1227 947 1280 καὶ
979 1227 1274 1296 ρυήσεται
1306 1229 1516 1284 ὕδατα.
1553 1229 1616 1282 Ἦ
1641 1229 1697 1282 δὲ
1725 1227 1802 1299 τῷ
1833 1227 1923 1298 βα·

327 1313 530 1384 σιλικῷ
563 1315 777 1388 πλούτῳ
813 1317 1042 1388 κομῶσα
1067 1319 1252 1392 νύμφη
1275 1361 1288 1386 ,
1319 1321 1454 1392 πρὸς
1497 1320 1558 1374 τὸ
1589 1319 1922 1390 μεγαλοφυέ-

327 1421 530 1475 στερον
561 1406 875 1472 ἐξαλλάσσει
906 1409 974 1462 τὰ
1001 1409 1270 1480 ῥεύματα,
1307 1410 1613 1482 ἀρωμάτων
1643 1411 1922 1480 ποταμοὺς

326 1495 568 1549 ποιοῦσα
594 1497 703 1550 τῶν
732 1496 825 1552 τοῦ
873 1501 1054 1571 κήπου
1086 1500 1316 1572 δένδρων
1346 1501 1637 1572 ὲκρὲοντας
1659 1542 1673 1566 ,
1707 1500 1796 1554 διὰ
1823 1501 1922 1572 τῆς

329 1586 464 1656 βίας
509 1587 604 1641 τοῦ
655 1590 1001 1660 πνεύματοςο
1031 1590 1172 1647 ὥστε
1225 1591 1314 1646 διὰ
1353 1591 1543 1645 τούτου
1598 1591 1788 1662 μαθεῖν
1821 1591 1919 1662 τῆς

315 1674 573 1744 Παλαιᾶς
594 1680 865 1753 Διαθήκης
905 1683 1041 1755 πρὸς
1077 1684 1176 1756 τὴν
1191 1679 1398 1755 Καινήν
1427 1683 1489 1737 τὸ
1516 1684 1770 1754 διάφορον
1795 1700 1809 1715 ο
1839 1684 1919 1737 ὅτι

319 1775 358 1826 ὁ
393 1772 492 1842 μὲν
533 1774 869 1844 προφητικδς
901 1775 1144 1846 ποταμὸς
1183 1774 1474 1847 ἐπληρώθη
1506 1775 1714 1829 ὑδάτων
1738 1794 1751 1806 ·
1799 1776 1827 1828 ὁ
1863 1775 1920 1828 δὲ

321 1864 685 1932 εὐαγγελικὸς
700 1865 1027 1938 ἀρωμάτων.
1054 1866 1308 1930 Τοιοῦτος
1337 1865 1580 1937 ποταμὸς
1607 1866 1916 1938 ἀρωμάτων

319 1949 424 2024 ἦν,
449 1955 512 2008 ὲκ
536 1955 629 2008 τοῦ
655 1957 833 2026 κήπου
857 1956 958 2026 τῆς
983 1955 1308 2028 Ἐκκλησίας
1345 1956 1482 2028 ῥέων
1523 1956 1610 2010 διὰ
1643 1955 1736 2010 τοῦ
1763 1955 1916 2010 πνεύ-

325 2061 543 2112 ματος,
597 2048 626 2098 6
676 2046 848 2117 μέγας
895 2047 1134 2114 Παῦλος,
1189 2042 1250 2101 οῦ
1302 2048 1363 2100 τὸ
1413 2047 1624 2119 ῥεῖθρον
1679 2045 1914 2117 Χριστοῦ

320 2133 532 2198 εὐῶδες
563 2131 654 2207 ἦν.
697 2137 950 2202 Τοιοῦτος
989 2139 1150 2203 ἄλλος
1191 2140 1478 2212 Ἰωάννης,
1524 2143 1553 2194 6
1585 2140 1834 2202 Λουκᾶς,
1889 2141 1917 2192 6

321 2223 629 2292 Ματθαῖος,
653 2227 682 2279 6
707 2227 952 2300 Μάρκος,
975 2229 1070 2284 καὶ
1101 2231 1150 2282 οἱ
1184 2229 1360 2282 λοιποὶ
1393 2230 1594 2294 πάντες
1616 2230 1682 2283 τὰ
1721 2229 1916 2300 εὐγενῆ

2023 867 2187 921 etiam
2225 865 2465 935 perﬂari,
2500 875 2560 921 ut
2589 883 2655 923 ex
2684 874 2764 926 eis
2795 871 2967 922 lluant
2993 877 3258 923 aromata.
3313 867 3446 922 Nam
3471 867 3604 920 Pro-

2027 957 2185 1024 pheta
2221 957 2441 1026 quidem
2473 957 2639 1012 dicit:
2677 957 2856 1012 Flabit
2908 961 3126 1027 spiritus
3163 959 3306 1027 ejus,
3335 969 3384 1012 et
3439 960 3601 1026 ﬂuent

2023 1065 2174 1119 aqua’
2191 1049 2236 1103 ⁸.
2297 1049 2508 1118 Sponsa
2543 1059 2724 1106 autem
2756 1053 2921 1122 regiis
2947 1060 3138 1106 ornata
3166 1052 3393 1113 divitiis,
3429 1060 3600 1104 mutat.

2024 1139 2224 1194 ﬂuenta
2271 1141 2338 1195 ad
2393 1141 2654 1210 majorem
2712 1143 3124 1212 amplitudinem
3164 1149 3220 1195 et
3251 1141 3604 1211 magniﬁcen-

2025 1233 2176 1298 tiam,
2213 1231 2421 1288 faciens
2451 1243 2754 1287 aromatmn
2786 1234 2979 1288 ﬂuvios
3009 1233 3291 1288 eﬂluentes
3345 1247 3442 1302 per
3491 1232 3600 1286 vim

2023 1323 2249 1394 Spiritus
2268 1340 2334 1379 ex
2359 1325 2649 1379 arboribus
2673 1325 2834 1379 horti.
2864 1325 2984 1391 Quo
3024 1326 3105 1388 ﬁt,
3137 1332 3194 1378 ut
3233 1339 3327 1393 per
3355 1324 3458 1378 hoc
3509 1321 3600 1377 di-

2023 1427 2243 1466 scamus
2271 1410 2487 1467 Veteris
2536 1411 2871 1468 Testamenti
2925 1429 2956 1467 a
2999 1413 3149 1467 Novo
3203 1410 3597 1466 diﬂerentiam.

2023 1505 2280 1575 quoniam
2310 1503 2507 1559 ﬂuvius
2535 1503 2756 1575 quidem
2789 1505 3144 1574 propheticus
3197 1502 3454 1572 impletus
3501 1499 3602 1553 fuit

2029 1597 2224 1666 aquis,
2255 1595 2606 1666 evangelicus
2649 1603 2830 1650 autem
2877 1594 3236 1648 aromatihus.
3301 1589 3458 1653 Talis
3499 1586 3603 1641 ﬂu-

2022 1687 2146 1742 vius
2174 1695 2479 1742 aromatum
2513 1702 2576 1742 ex
2603 1687 2762 1740 horto
2798 1683 3056 1739 Ecclesia:
3085 1682 3264 1738 ﬂuens
3301 1697 3396 1751 per
3445 1679 3604 1748 spiri-

2025 1787 2162 1843 tum,
2191 1787 2309 1834 erat
2335 1795 2562 1850 magnus
2591 1777 2810 1839 Paulus.
2837 1776 2995 1844 cujus
3021 1775 3282 1828 ﬂuentum
3305 1782 3418 1828 erat
3450 1771 3609 1826 Chri-

2023 1871 2092 1924 sti
2123 1871 2298 1925 honus
2327 1871 2480 1924 odor.
2528 1869 2678 1924 Talis
2707 1869 2850 1924 alius
2903 1869 3004 1921 fuit
3053 1865 3326 1927 Joannes,
3387 1863 3586 1923 Lucas.

2026 1957 2330 2020 lllattlueus,
2355 1957 2592 2020 Marcus,
2615 1967 2664 2010 et
2689 1956 2778 2008 alii
2813 1954 3026 2008 nobiles
3048 1954 3242 2022 plantae
3269 1951 3409 2005 horti
3441 1965 3580 2020 spon

2025 2063 2118 2113 sas,
2151 2049 2242 2119 qui
2277 2048 2566 2118 perspirati
2605 2045 2789 2100 lucido
2843 2053 3032 2098 austro
3082 2043 3406 2105 meridiano,
3469 2041 3600 2096 facti

2025 2151 2152 2194 sunt
2201 2141 2380 2194 fontes
2428 2147 2754 2202 aromatum,
2814 2144 3028 2192 scatere
3079 2136 3343 2189 facientes
3399 2136 3600 2188 bonum

2026 2231 2250 2284 odorem
2291 2229 2592 2298 Evangelii.
3609 2229 3616 2234 ’

321 2315 480 2375 φυτὰ
506 2315 599 2370 τοῦ
647 2319 826 2389 κήπου
858 2321 958 2390 τῆς
985 2319 1233 2392 νύμφης,
1282 2322 1331 2374 οἱ
1367 2321 1447 2392 τῷ
1469 2320 1714 2391 φωτεινῷ
1747 2321 1938 2390 ἐκείνῳ
1989 2321 2069 2392 τῷ
2109 2318 2465 2392 μεσημϐρινῷ
2503 2320 2658 2390 Νότῳ
2695 2317 3143 2383 διαπνευσθέντες
3167 2358 3180 2384 ,
3238 2319 3412 2387 πηγαὶ
3456 2317 3604 2388 ἀρωο

324 2407 520 2479 μάτων
550 2410 796 2477 ἐγένοντο
815 2453 831 2478 ,
864 2413 1118 2484 βρύοντες
1145 2415 1242 2486 τὴν
1264 2415 1370 2469 τῶν
1401 2416 1742 2486 [εὐαγγελίων
1776 2415 2024 2478 εὐωδίαν.

403 2503 743 2571 Κατιιόήτω,
769 2507 953 2577 φησὶν,
976 2511 1009 2562 ό
1039 2509 1358 2578 ἀδελφιδός
1395 2529 1515 2580 μου
1539 2550 1554 2574 ,
1596 2514 1684 2577 εἰς
1715 2511 1916 2579 κῆπον

319 2592 557 2660 αὐτοῦ,
613 2596 711 2648 καὶ
759 2597 992 2666 φαγέτω
1043 2599 1281 2667 καρπόν
1318 2601 1662 2669 ἀκροδρύων
1704 2601 1910 2656 αὐτοῦ.

261 2716 298 2733 ,ρ
320 2679 406 2736 *Ω
434 2690 993 2762 πεπαρῤησιασμένης
1045 2691 1230 2762 φωνῆς
1257 2693 1270 2746 !
1299 2689 1370 2744 Ὦ
1421 2692 1699 2762 φιλοτίμου
1729 2711 1788 2744 τε
1821 2693 1914 2745 καὶ

327 2777 715 2850 μεγαλοδώρου
758 2781 933 2852 ψυχῆς
956 2823 971 2844 ,
1008 2783 1186 2836 πᾶσαν
1232 2782 1534 2854 ὑπερϐολὴν
1571 2783 1912 2854 μεγαλοφρο-

325 2866 504 2938 σύνης
543 2869 780 2940 νικώσης
813 2873 825 2924 !
855 2873 989 2926 Τίνα
1039 2873 1304 2940 δεξιοῦται
1343 2874 1477 2946 πρὸς
1531 2874 1762 2944 εὐωχίαν
1801 2877 1911 2936 τοῖς

329 2955 493 3020 ἰδίοις
512 2962 766 3030 καρποῖς;
787 2962 904 3016 Τίνι
931 2965 1340 3034 παρασκευάζει
1365 2964 1454 3017 διὰ
1468 2965 1572 3017 τῶν
1600 2965 1744 3018 ἰδίων
1775 2965 1914 3032 ἀγα-

321 3046 444 3101 θῶν
468 3048 566 3121 τὴν
595 3051 949 3120 πανδαισίαν;
977 3053 1112 3108 Τίνα
1147 3055 1302 3108 καλεῖ
1333 3057 1469 3127 πρὸς
1501 3055 1598 3127 τὴν
1651 3055 1758 3109 τῶν
1809 3073 1916 3108 mt-

2099 2506 2412 2572 Desconrlat,
2463 2505 2660 2574 inquit,
2691 2505 2946 2572 patruelis
2978 2521 3124 2559 meus
3155 2505 3223 2558 ad
3256 2507 3485 2565 hortum.
3521 2523 3606 2559 co-

2025 2599 2199 2654 medat
2225 2599 2429 2668 {ructus
2455 2610 2730 2665 pontorum
2764 2611 3002 2648 suorum.
3061 2592 3106 2648 Ο
3137 2609 3322 2648 vocem
3373 2594 3599 2648 liberam

2021 2702 2075 2746 et
2134 2688 2474 2744 conﬁdenter
2523 2687 2818 2755 prolatam!
2873 2683 2919 2740 Ο
2963 2687 3201 2740 animam
3237 2686 3512 2740 liberalem
3547 2691 3602 2738 et

2022 2777 2385 2850 splendidam,
2411 2791 2531 2845 quae
2552 2791 2765 2829 onmem
2791 2775 3148 2846 quantumvis
3173 2791 3424 2845 magnam
3448 2791 3603 2844 snpe-

2025 2879 2108 2924 rat
2151 2866 2610 2938 magniﬁcentiam
2640 2867 2651 2918 Ξ
2692 2864 2994 2931 Quemnam
3029 2865 3098 2919 ad
3135 2867 3448 2919 convivium
3483 2866 3600 2920 suis

2018 2961 2222 3030 excipit
2275 2959 2587 3013 fructibus?
2615 2958 2832 3011 cuinam
2869 2974 2965 3026 per
2995 2957 3138 3012 bona
3173 2959 3391 3028 propria
3444 2969 3599 3028 parat.

2019 3051 2278 3121 epulum?
2327 3049 2630 3114 Quemnam
2662 3057 2818 3102 vocat
2856 3048 2924 3102 ad
2957 3050 3289 3104 vescendum
3346 3049 3416 3104 iis
3471 3065 3596 3118 quze

326 3142 784 3212 ρεσκευασμένων
816 3144 1094 3212 estfacta;
1127 3147 1230 3200 Τὸν
1283 3148 1341 3212 ἐξ
1369 3141 1428 3200 οῦ
1461 3149 1526 3201 τὰ
1571 3147 1750 3202 πάντα
1775 3191 1788 3212 ,
1825 3148 1916 3202 καὶ

2024 3151 2154 3199 sunt
2178 3141 2413 3212 parata?
2447 3139 2580 3194 Eum
2605 3156 2672 3194 ex
2705 3155 2816 3210 quo
2846 3147 2976 3194 sunt
3003 3141 3206 3206 omnia,
3239 3147 3294 3194 et
3317 3155 3411 3210 per
3438 3156 3598 3210 quem

320 3229 400 3282 δι’
427 3224 487 3284 οὗ
521 3230 588 3286 τὰ
619 3233 813 3299 πάντα,
839 3235 930 3288 καὶ
967 3235 1024 3288 ὲν
1049 3231 1092 3304 ᾧ
1123 3236 1192 3290 τὰ
1214 3238 1414 3300 πάντα,
1447 3239 1538 3292 τὸν
1566 3239 1775 3292 διδόντα
1808 3243 1918 3304 τοῖς

325 3322 470 3376 πᾶσι
517 3324 727 3396 τροφὴν
771 3327 828 3380 ὲν
861 3326 1116 3398 εὐκαιρίᾳ
1141 3368 1157 3393 ,
1190 3329 1281 3382 τὸν
1315 3329 1598 3398 ἀνοίγοντα
1627 3331 1724 3402 τὴν
1761 3334 1920 3402 χεῖρα

323 3411 498 3466 αὐτοῦ
522 3455 534 3476 ,
560 3417 656 3468 καὶ
687 3415 793 3487 πλη
804 3416 1003 3488 ροῦντα,
1025 3421 1134 3474 πᾶν
1167 3418 1306 3483 ζῶον
1335 3421 1583 3486 εὐδοκίας
1605 3461 1619 3484 ,
1645 3423 1733 3474 τὸν
1756 3421 1918 3492 ἄρτον

321 3501 426 3556 τὸν
456 3505 520 3558 ὲκ
542 3504 634 3558 τοῦ
665 3506 894 3579 οὐρανοῦ
924 3510 1322 3564 καταϐαίνοντα
1345 3553 1358 3576 ,
1394 3512 1488 3563 καὶ
1521 3511 1666 3581 ζωὴν
1711 3511 1918 3565 διδόντα

321 3591 412 3663 τῷ
435 3593 643 3665 κόσμῳ,
679 3596 766 3650 τὸν
789 3599 924 3653 πᾶσι
953 3603 1064 3664 τοῖς
1082 3595 1202 3654 οῦσι
1236 3599 1335 3670 τὴν
1362 3601 1506 3672 ζωὴν
1532 3603 1596 3654 ἐκ
1641 3605 1740 3672 τῆς
1778 3603 1918 3668 ἰδίας

323 3683 519 3755 πηγῆς
561 3686 919 3760 ἐπιρρέονταο
957 3690 1131 3762 τούτῳ
1166 3693 1198 3762 ή
1243 3691 1429 3762 νύμφη
1459 3692 1747 3764 προτίθησι
1782 3695 1916 3764 τρά-

324 3775 524 3840 πεζαν.
546 3777 740 3849 Κῆπος
765 3779 821 3834 δέ
845 3783 992 3836 ἐστιν
1016 3783 1049 3853 ἡ
1078 3783 1345 3853 τράπεζα,
1373 3785 1400 3836 6
1425 3783 1514 3836 διὰ
1529 3783 1638 3838 τῶν
1658 3784 1917 3855 ἐμψύχων

324 3867 562 3940 δένδρων
589 3873 1014 3943 πεφυτευμένος.
1058 3875 1248 3946 Ἡμεῖς
1279 3877 1335 3930 δὲ
1379 3875 1444 3930 τὰ
1487 3875 1710 3947 δένδρα,
1757 3877 1917 3947 εἴπερ

319 3956 396 4029 δὴ
417 3961 511 4013 καὶ
534 3962 695 4031 ἡμεῖς
719 3963 770 4015 οἱ
795 3963 998 4035 τροφὴν
1026 3965 1173 4036 αὐτῷ
1200 3965 1546 4037 προτιθέντες
1569 3965 1666 4036 τὴν
1691 3965 1799 4017 τῶν
1822 3967 1916 4035 dro-

327 4047 445 4121 χῶν
471 4051 630 4122 ήμῶν
656 4054 1158 4135 σωτηρίαν,.οῦτω;
1191 4056 1434 4118 εἰπόντος
1465 4055 1556 4108 τοῦ
1595 4056 1694 4128 τὴν
1719 4057 1917 4127 ἡμετέ-

329 4155 436 4212 ραν
454 4142 827 4213 εὐωχουμένου
846 4143 992 4215 ζωήν
1029 4159 1042 4171 '
1080 4141 1160 4199 ὅτι
1181 4147 1239 4198 Ἐ
1237 4147 1357 4215 μελν
1367 4145 1579 4216 ,ϐρῶμά
1602 4147 1794 4209 ἐστιν,
1816 4148 1918 4200 ἵνα

327 4230 482 4284 ,ποιῶ
501 4231 567 4288 τὸ
602 4231 832 4302 θέλημα
852 4235 958 4290 τοῦ
981 4238 1210 4306 Πατρός
1223 4255 1362 4306 μου.
1388 4236 1553 4308 Δῆλος
1573 4236 1630 4288 δὲ
1652 4237 1680 4288 ὁ
1712 4236 1910 4300 σκοπὸς

323 4322 427 4375 τοῦ
457 4323 601 4377 θείου
623 4323 944 4396 θελήματος,
972 4333 1040 4393 ὃς
1065 4327 1296 4392 πάντας
1316 4327 1475 4382 θέλει
1504 4327 1794 4396 σωθῆναι,
1816 4327 1914 4380 καὶ

325 4416 422 4482 εὶς
448 4414 778 4484 ἐπίγνωσιν
804 4417 1093 4484 ἀληθείας
1122 4417 1340 4471 ἐλθεῖν.
1375 4417 1522 4488 Αῦτη
1571 4414 1664 4471 οῦν
1687 4421 1850 4486 ξεστιν
1881 4418 1913 4488 ή

327 4505 717 4578 ὲτοιμασθεῖσα
743 4507 944 4578 βρῶσις
975 4509 1202 4581 αὐτῷοτὸ
1223 4509 1464 4579 σωθῆναι
1487 4512 1652 4580 ἡμᾶς.
1690 4510 1916 4578 Καρπδς

325 4595 388 4649 δὲ
432 4597 654 4668 ήμῶνή
709 4599 1028 4671 προαίρεσις
1087 4599 1336 4668 γίνεται,
1387 4601 1420 4671 ἡ
1484 4599 1562 4670 τῷ
1599 4599 1916 4670 δρεπομένῳ

328 4689 481 4760 ἡμᾶς
507 4689 624 4760 Θεῷ
649 4689 718 4743 δι’
741 4691 940 4762 ἑαυτῆς
969 4693 1044 4756 ὡς
1065 4692 1154 4746 διά
1187 4711 1334 4756 τινος
1367 4695 1670 4765 ἀκρεμόνος
1691 4693 1787 4764 τὴν
1812 4693 1915 4761 ψυ-

327 4778 433 4852 χὴν
460 4781 856 4853 ὲγχειρίζουσα.
890 4782 1010 4855 Χρὴ
1049 4783 1106 4836 δὲ
1139 4783 1226 4837 διὰ
1250 4783 1453 4837 τούτων
1490 4785 1618 4837 ἰδεῖν
1663 4785 1744 4836 ὅτι
1783 4784 1915 4854 πρό-

324 4887 486 4942 τερον
518 4873 552 4942 ή
577 4872 762 4945 νύμφη
799 4873 878 4945 τῷ
919 4873 1116 4945 καρπῷ
1140 4873 1232 4927 τοῦ
1275 4875 1444 4946 μήλου
1479 4875 1912 4942 καταγλυκαίνε-

323 4979 419 5015 ται
451 4961 710 5018 εἰποῦσα·
743 4965 860 5018 ’Καὶ
903 4967 938 5018 ὁ
967 4964 1199 5034 καρπὸς
1238 4965 1426 5018 αὑτοῦ
1464 4965 1694 5036 γλυκὺς
1733 4966 1802 5019 ἐν
1835 4963 1915 5030 τῷ

326 5047 587 5116 στόματι
629 5068 749 5119 μου
776 5066 790 5080 ⁸
846 5051 940 5104 καὶ
971 5051 1092 5104 τότε
1129 5053 1339 5122 καρπὸς
1374 5053 1470 5106 καὶ
1519 5054 1656 5125 αὐτὴ
1705 5053 1914 5122 γίνεται

324 5136 538 5210 ὥριμός
566 5157 626 5193 τε
655 5141 751 5196 καὶ
787 5141 1113 5210 γλυκαίνων,
1154 5145 1248 5196 καὶ
1275 5144 1352 5215 τῷ
1382 5144 1613 5216 γεωργῷ
1655 5146 1789 5218 πρὸς
1831 5147 1918 5198 εύ-

325 5231 606 5302 φροσύνην
635 5233 1015 5304 προκείμενος.
1061 5235 1126 5288 Ἦ
1175 5235 1231 5288 δὲ
1265 5235 1358 5288 τοῦ
1387 5236 1707 5306 Καταϐήτω
1745 5236 1910 5302 λέξις,

326 5321 592 5394 εὐκτικὴν
637 5322 750 5394 ἔχει
777 5325 876 5394 τὴν
910 5327 1184 5395 σημασίαν
1213 5368 1226 5390 ,
1261 5327 1632 5399 ὁμοιοτρόπως
1659 5329 1912 5399 ἐκφωνη-

325 5412 484 5465 θεῖσα
531 5412 1010 5486 τῷνἈγιασθήτω
1053 5417 1119 5471 τὸ
1154 5419 1342 5489 ὄνομά
1387 5435 1546 5474 σου·
1599 5422 1694 5474 καὶ
1738 5438 1912 5490 γενη-

323 5503 486 5574 θήτω
512 5505 580 5558 τὸ
633 5506 864 5576 θέλημά
909 5524 1047 5562 σου.
1094 5509 1182 5572 Ὡς
1221 5511 1328 5582 γὰρ
1377 5513 1494 5564 ἐκεῖ
1521 5511 1619 5582 τὴν
1652 5513 1908 5583 εὐκτικὴν

319 5596 390 5671 ἐς]
403 5612 567 5665 φασιν
595 5597 625 5648 ὁ
651 5596 759 5650 τῶν
785 5598 962 5672 ῥητῶν
988 5599 1210 5654 ἐκείνων
1235 5601 1611 5671 σχηματισμὸς
1641 5601 1904 5672 περιέχει,

387 5776 410 5802 ’¹
450 5769 594 5828 Psal.
637 5787 838 5838 cum,
883 5774 962 5828 l8.
1039 5773 1236 5828 "tl-ian.
1269 5778 1451 5833 mat.

1552 5777 1792 5831 "lTiui.
1835 5795 1890 5841 tl,
1929 5779 1971 5831 ι.

2019 3235 2224 3300 omnia,
2245 3241 2300 3288 et
2325 3233 2378 3286 in
2401 3246 2511 3301 quo
2537 3231 2744 3292 omnia,
2769 3231 2862 3300 qui
2885 3229 2978 3282 dat
2997 3230 3254 3284 omnibus
3281 3231 3598 3284 alimentum

2021 3328 2074 3382 in
2109 3337 2356 3396 tempore
2383 3339 2505 3390 suo,
2532 3323 2625 3391 qui
2655 3322 2830 3391 aperit
2857 3336 3076 3376 manum
3103 3337 3284 3388 suam,
3333 3330 3386 3375 et
3415 3323 3602 3392 implet

2017 3432 2182 3472 omne
2205 3415 2408 3468 animal
2439 3412 2583 3466 bona
2613 3412 2915 3476 voluntate,
2975 3427 3170 3480 panem
3221 3411 3313 3480 qui
3352 3411 3420 3466 de
3458 3413 3600 3465 cn-lo

2018 3505 2322 3570 descendit,
2375 3512 2429 3556 et
2475 3501 2570 3554 dat
2618 3502 2781 3554 vitam
2841 3503 3066 3566 mundo,
3123 3504 3214 3570 qui
3262 3519 3325 3555 cx
3379 3503 3600 3571 proprio

2019 3597 2169 3651 fonte
2196 3594 2262 3648 ad
2294 3592 2477 3646 omnia
2511 3607 2634 3660 quae
2665 3599 2794 3646 sunt
2839 3593 3001 3646 vitam
3054 3593 3183 3646 facit
3235 3608 3493 3650 emanare
3545 3604 3592 3648 cl

2019 3687 2321 3752 scaturit-e;
2380 3685 2508 3739 huic
2553 3699 2758 3754 sponsa
2815 3684 3042 3753 apponit.
3084 3699 3350 3740 mensam.
3391 3687 3596 3742 Hortus

2019 3789 2204 3835 autem
2237 3787 2324 3834 est
2357 3792 2568 3840 mensa,
2599 3778 2876 3847 plautatus
2908 3792 3004 3844 per
3047 3777 3272 3830 arhorcs
3305 3779 3592 3832 animatas.

2018 3873 2130 3928 Nos
2181 3881 2363 3926 autem
2421 3883 2614 3924 sumus
2673 3870 2938 3932 arbores,
2997 3869 3435 3938 quandoquidem
3495 3883 3598 3924 nos

2016 3981 2236 4037 quoque
2271 3980 2462 4021 sumus
2515 3961 2608 4032 qui
2642 3961 2691 4015 ei
2736 3961 2916 4014 cibum
2968 3964 3318 4028 apponimus,
3367 3960 3597 4016 salutem

2017 4066 2334 4112 nostrarmn
2365 4054 2698 4118 animarum,
2733 4065 2856 4106 cum
2893 4051 2973 4106 sic
2997 4051 3197 4106 dixerit
3231 4054 3276 4107 is
3301 4051 3394 4121 qui
3421 4052 3601 4106 convi-

2017 4149 2106 4204 vio
2136 4155 2381 4203 nostram
2403 4146 2602 4215 excipit
2631 4144 2867 4198 animam
2897 4162 2912 4198 :
2942 4141 3092 4197 Meus
3121 4153 3196 4196 est
3220 4143 3388 4208 cibus,
3423 4152 3479 4196 ut
3509 4143 3598 4212 [ας

2017 4241 2156 4293 ciam
2192 4238 2514 4293 voluntatem
2547 4237 2724 4290 Patris
2749 4236 2903 4289 mei”.
2939 4233 3033 4287 Est
3055 4243 3236 4288 autem
3273 4235 3597 4290 manifestus

2019 4349 2222 4402 scopus
2265 4333 2465 4387 divina
2519 4330 2836 4393 voluntatis,
2888 4327 3108 4398 quivult
3141 4343 3313 4381 omnes
3361 4326 3598 4380 homines

2020 4423 2194 4478 salvos
2225 4423 2364 4492 ﬁeri,
2400 4431 2448 4476 et
2476 4423 2647 4475 venire
2677 4419 2746 4472 ad
2773 4419 3092 4488 agnitionem
3123 4418 3359 4470 veritatis
3380 4417 3444 4468 ¹⁰.
3498 4414 3598 4470 llic

2019 4523 2102 4568 est.
2132 4527 2262 4583 ergo
2293 4514 2340 4568 ei
2380 4520 2602 4581 paratus
2627 4511 2868 4569 cibus,“
2903 4524 3003 4564 nos
3035 4509 3168 4564 salvi
3223 4509 3415 4562 simus.
3447 4504 3582 4561 Fru-

2020 4615 2146 4658 ctus
2181 4611 2358 4655 autem
2381 4611 2572 4654 noster
2593 4612 2676 4656 est
2703 4599 3080 4653 liheriarbitrii
3109 4599 3324 4660 electio,
3346 4597 3476 4665 Deo,
3501 4599 3596 4668 qui

2020 4712 2119 4750 nos
2146 4697 2298 4747 metit
2333 4709 2394 4746 ac
2423 4692 2686 4761 decerpit,
2721 4698 2978 4759 tauquam
3010 4705 3104 4760 per
3156 4689 3449 4760 quemdam
3501 4705 3591 4742 ra-

2018 4803 2166 4840 mum
2195 4787 2416 4839 tradens
2448 4785 2708 4837 animam.
2730 4781 2830 4836 Per
2859 4783 2974 4836 lucc
3004 4789 3184 4836 autem
3202 4781 3495 4836 videndqu
3513 4789 3597 4836 est

2017 4877 2164 4948 quod
2188 4893 2387 4948 sponsa
2429 4877 2580 4946 prius
2611 4875 2841 4930 aﬂicitur
2870 4875 3158 4930 dulcedine
3190 4872 3402 4928 fructus
3428 4874 3592 4942 pomi.

2019 4979 2078 5024 ut
2105 4985 2226 5040 qum
2257 4970 2458 5023 dixerit
2485 4986 2502 5023 :
2541 4967 2607 5021 Et
2637 4968 2843 5036 [ructus
2876 4968 2990 5036 ejus
3047 4967 3218 5020 dulcis
3274 4969 3328 5020 in
3387 4975 3596 5036 gutture

2017 5077 2148 5126 meo,
2177 5068 2232 5114 et
2263 5069 2388 5114 tunc
2435 5059 2551 5128 ipsa
2599 5074 2818 5129 quoque
2866 5057 3080 5113 fructus
3119 5065 3205 5112 est
3251 5057 3498 5126 pulcher,
3539 5063 3594 5110 et

2015 5151 2304 5204 dulcedine
2332 5148 2590 5213 aﬂiciens,
2612 5161 2667 5206 et
2691 5150 2944 5221 agricolae
2975 5147 3287 5219 propositus
3333 5145 3399 5198 ad
3454 5146 3592 5200 laeti-

2015 5245 2166 5296 tiam.
2239 5240 2372 5296 lllud
2425 5249 2606 5296 autem
2653 5242 2998 5307 vocabulum,
3061 5237 3375 5301 Descendat,
3433 5237 3594 5292 habet

2019 5333 2240 5403 optandi
2273 5333 2748 5404 signiﬁcationem,
2785 5347 2851 5386 eo
2882 5331 3044 5384 modo
3071 5329 3339 5399 prolatum
3367 5342 3476 5396 quo
3529 5327 3598 5380 il-

2019 5425 2108 5479 lud
2127 5444 2140 5479 :
2157 5426 2529 5492 Sanctiﬁcatur
2547 5439 2731 5478 nomen
2754 5432 2934 5486 tuum;
2961 5427 3014 5475 et
3035 5420 3130 5488 ﬁat
3152 5416 3390 5471 voluntas
3419 5427 3510 5469 tua
3529 5414 3590 5468 “.

2016 5517 2302 5584 Quomodo
2331 5517 2476 5572 enim
2505 5516 2615 5570 illic
2639 5513 2864 5584 optandi
2910 5509 3364 5581 signiﬁcationem
3415 5504 3596 5562 conti-

2016 5615 2108 5662 net
2140 5607 2355 5662 illorum
2387 5607 2672 5662 verborum
2711 5603 2904 5675 ﬁgura,
2958 5601 3032 5656 ita
3060 5600 3157 5654 hic
3185 5613 3403 5670 quoque
3434 5595 3589 5665 illud,

2040 5782 2076 5810 "'
2113 5781 2302 5834 Matth.
2343 5799 2414 5844 γι,
2455 5781 2537 5835 li.
