3866 6408
305 396 411 453 987

1641 386 1968 444 GREGORII
2007 388 2303 447 NYSSENl

3481 389 3581 447 938

307 508 629 575 Descendat,
696 516 781 565 est
840 517 1026 563 votum
1096 522 1332 577 sponsae,
1394 506 1501 562 Deo
1550 508 1890 563 ostendentis

2011 506 2136 560 ὧτω
2165 509 2258 560 καὶ
2287 506 2518 562 ἐνταῦθα
2549 507 2609 560 τὸ
2651 505 2971 573 Καταϐιῖτω
2997 545 3011 571 ,
3062 505 3197 578 εύχὴ
3232 508 3332 579 τῆς
3361 505 3585 578 νύμφης

311 598 613 654 ubertatem
640 612 923 667 pomorum
955 597 1198 652 virtutis.
1236 596 1545 652 Descensus
1594 606 1775 653 autem
1814 601 1892 656 si-

308 690 536 761 gnificat
564 704 701 759 opus
729 688 1085 759 benignitatis
1114 696 1169 744 et
1196 689 1481 744 eharitatis
1510 691 1564 743 in
1620 690 1888 746 homines.

309 786 581 851 Quoniam
613 784 759 839 enim
786 783 900 839 ﬁeri
921 799 1033 838 non
1064 790 1264 853 potest,
1289 792 1349 838 ut
1371 784 1528 837 aliter
1548 799 1895 839 assumamur

311 878 378 932 ad
411 878 780 941 Altissimum,
810 877 918 932 nisi
970 878 1266 932 inclinetur
1312 878 1378 933 ad
1439 877 1798 934 humilitatem
1832 894 1896 934 ac

312 969 745 1041 depressionem,
796 969 889 1040 qui
943 976 1260 1026 mansuetos
1321 969 1554 1025 assumit
1603 970 1894 1037 Dominus,

312 1070 600 1134 propterea
628 1063 683 1117 in
714 1062 951 1117 sublime
980 1060 1289 1118 ascendens
1336 1076 1561 1132 sponsa,
1619 1063 1897 1121 advocans

312 1157 697 1213 deductionem
734 1156 1039 1211 faciendam
1070 1154 1138 1210 ab
1172 1170 1240 1210 eo
1271 1155 1363 1226 qui
1394 1155 1713 1223 inclinatur,
1744 1164 1899 1228 Optat

311 1254 372 1303 ut
393 1248 510 1319 ipse
534 1246 834 1303 descendat
862 1261 890 1300 a
926 1262 1024 1303 sua
1056 1246 1451 1317 magnitudine,
1484 1258 1542 1303 ut
1566 1265 1691 1304 eum
1747 1264 1899 1305 asse-

311 1340 406 1409 qui
453 1339 665 1409 possint
689 1338 782 1409 qui
809 1338 1042 1394 infcrius
1066 1346 1378 1395 versantur.
1412 1337 1514 1406 Qui
1543 1351 1723 1395 autem
1759 1341 1893 1396 dixit

311 1446 410 1501 per
454 1430 816 1501 prophetam:
865 1431 938 1487 Te
967 1430 1142 1485 adhuc
1170 1431 1282 1486 ittic
1317 1430 1579 1497 loquente,
1631 1450 1746 1489 ecce
1796 1435 1899 1488 ad-

310 1538 427 1575 sum
447 1522 494 1553 η
523 1538 536 1575 :
568 1524 890 1592 priusquam
921 1524 1096 1579 exiret
1121 1532 1309 1579 votum
1336 1534 1571 1596 Sponsa,
1602 1526 1809 1581 audivit
1835 1542 1899 1582 ea

311 1628 434 1680 qua:
464 1620 553 1668 est
579 1625 823 1683 precata,
853 1622 908 1669 et
941 1617 1399 1686 praeparationem
1449 1619 1631 1675 cordis
1662 1621 1782 1686 ejus
1812 1630 1897 1674 at-

313 1704 508 1768 tendit,
540 1711 595 1759 et
615 1704 668 1758 in
700 1705 863 1760 horto
895 1704 997 1760 fuit
1028 1706 1255 1777 perﬂato
1283 1709 1351 1765 ab
1379 1721 1590 1776 austro,
1612 1721 1665 1766 et
1688 1711 1900 1767 fructus

314 1802 621 1850 aromatum
651 1796 941 1867 decerpsit,
974 1806 1029 1853 et
1063 1800 1319 1870 impletus
1366 1801 1465 1856 fuit
1512 1804 1688 1873 pomis
1721 1805 1897 1859 virtu-

317 1885 408 1949 tis,
439 1892 491 1939 et
512 1888 883 1943 narrationem
913 1891 1178 1946 instruxit
1203 1894 1536 1959 convivium,
1573 1912 1791 1966 sponsa:
1817 1899 1897 1954 sic

316 1975 541 2032 dicens:
584 1977 836 2036 Descendi
874 1981 927 2035 in
956 1981 1167 2036 hortum
1205 2001 1397 2052 meum,
1426 2003 1578 2041 soror
1605 2005 1718 2043 mea
1746 2005 1902 2059 spon—

316 2084 398 2120 sa.
429 2066 629 2122 Messui
668 2070 941 2141 myrrham
981 2088 1151 2126 meam
1202 2090 1320 2127 cum
1362 2077 1693 2132 aromatibus
1750 2082 1899 2136 meis.

318 2158 537 2213 (Σωπεάὶ
566 2178 756 2232 panem
803 2179 976 2217 meum
1015 2180 1130 2217 cum
1166 2165 1317 2220 melle
1373 2182 1506 2221 meo.
1544 2166 1666 2220 Bibi
1732 2171 1904 2224 vinum

320 2264 492 2303 meum
517 2267 634 2304 cum
672 2251 806 2305 lacte
841 2270 974 2306 meo.
1008 2251 1299 2323 Comedile,
1331 2258 1615 2329 propinqui
1671 2262 1792 2327 mei,
1857 2272 1904 2316 et

324 2339 503 2405 bibite,
537 2352 584 2396 et
621 2342 981 2409 inebriamini,
1018 2344 1214 2414 fratres
1252 2348 1373 2401 mei.

394 2597 561 2656 Vides
587 2603 1047 2672 quemadmodum
1071 2606 1197 2663 doni
1218 2611 1593 2681 magnitudine
1613 2625 1910 2687 exsuperat

322 2691 684 2761 petitionem?
718 2693 939 2766 Optavit
987 2714 1192 2769 sponsa
1254 2701 1368 2756 fieri
1418 2704 1522 2759 sibi
1566 2704 1743 2762 fontes
1782 2722 1912 2763 aro-

324 2788 556 2850 rnatum,
606 2798 737 2839 suas
771 2785 827 2839 in
878 2787 1036 2841 horto
1070 2789 1286 2858 plantas
1318 2792 1534 2860 perflari
1591 2802 1783 2851 austro
1815 2797 1909 2867 qui

324 2866 419 2923 flat
448 2885 479 2924 a
518 2873 768 2939 meridie,
807 2881 862 2931 et
895 2875 1074 2932 fructu
1110 2894 1399 2948 pomorum
1433 2882 1730 2953 agricolam
1762 2887 1915 2941 exci-

325 2979 477 3034 pere.
510 2964 623 3021 Hoc
650 2976 833 3024 autem
864 2970 1040 3026 cuivis
1089 2981 1174 3027 est
1205 2976 1579 3045 perspicuum,
1613 2981 1761 3049 quod
1797 2997 1915 3036 om-

327 3058 417 3113 nis
448 3058 623 3116 bonus
663 3061 799 3115 odor
828 3067 914 3116 est
940 3063 1193 3133 voluptas
1225 3080 1421 3122 sensus
1453 3067 1710 3126 olfactus.
1746 3069 1912 3126 Poma

330 3158 512 3206 autem
544 3161 673 3207 sunt
699 3154 765 3207 ad
800 3169 953 3209 esum
984 3155 1359 3213 imbecillioris
1394 3160 1614 3217 virtutis
1645 3178 1809 3233 quam
1843 3165 1915 3221 sit
1943 3215 1986 3270 Ο

330 3244 488 3270 ιιι-..2-
555 3244 697 3270 -..ιλ
741 3246 931 3270 Anu..--
973 3248 1037 3270 -.Ι
1070 3248 1264 3270 l-__-_-
1327 3266 1445 3270 --,,,_
1632 3255 1644 3267 ι
1728 3257 1740 3270 ι
1830 3266 1840 3270 -

330 3244 510 3314 panis,
553 3244 697 3314 quod
740 3246 935 3301 attinet
971 3248 1039 3302 ad
1068 3248 1269 3304 bonam
1316 3266 1506 3307 eorum
1551 3255 1646 3324 qui
1692 3257 1915 3313 aluntur

332 3334 733 3392 habitudinem.
759 3336 851 3394 llle
867 3353 994 3394 vero
1025 3356 1148 3396 cum
1175 3342 1229 3397 in
1252 3359 1413 3399 suum
1439 3344 1660 3401 hortum
1689 3349 1919 3405 descen-

333 3425 527 3492 disset,
560 3435 614 3483 et
660 3429 715 3483 in
768 3429 822 3485 id
854 3432 1000 3501 quod
1038 3441 1123 3489 est
1175 3434 1354 3506 majus
1389 3446 1444 3493 et
1473 3440 1768 3509 pretiosius
1799 3441 1917 3497 fru-

335 3525 522 3573 ctuum
553 3529 819 3577 mutasset
843 3532 1119 3591 naturam,
1151 3525 1398 3598 decerpit
1426 3530 1646 3600 quidem
1669 3548 1736 3588 ex
1756 3533 1920 3591 horto

336 3610 616 3681 myrrham
662 3614 936 3670 inventam
979 3632 1106 3672 cum
1136 3620 1255 3675 suis
1284 3623 1644 3680 aromatihus.
1678 3626 1760 3682 Ab
1802 3628 1922 3697 ipso

336 3702 483 3757 enim
509 3706 711 3762 esse.si
764 3708 895 3778 quid
939 3708 1011 3764 sit
1058 3711 1350 3781 pulchrum
1388 3729 1453 3769 ac
1487 3713 1804 3785 honestum,
1867 3721 1922 3775 in

337 3811 669 3869 quocunque
703 3798 867 3855 fuerit
903 3800 1207 3868 inventum,
1241 3818 1422 3860 sermo
1452 3809 1766 3876 praedicavit
1796 3827 1923 3881 pro-

338 3888 611 3958 pheticus.
640 3889 746 3945 Pro
778 3893 956 3962 pomis
978 3903 1159 3949 autem
1188 3894 1351 3951 emeit
1381 3905 1439 3951 ut
1478 3900 1704 3958 arbores
1731 3918 1923 3973 panem

1996 596 2141 650 ἐστὶν
2184 597 2630 668 ἐπιδεικνυμένης
2653 596 2729 668 τῷ
2764 596 2886 667 Θεῷ
2912 596 3019 650 τῶν
3057 596 3158 667 τῆς
3189 597 3389 668 ἀρετῆς
3413 598 3581 667 ἀκρο-

1993 687 2171 759 δρύων
2197 689 2295 761 τὴν
2325 689 2603 761 εὐφορίαν.
2640 688 2706 743 Ἦ
2748 688 2807 742 δὲ
2835 689 3140 753 κατάϐασις
3169 689 3230 742 τὸ
3267 690 3366 759 τῆς
3396 688 3582 756 φιλαν-

1995 780 2241 854 θρωπίας
2281 783 2439 855 ἔργον
2485 782 2854 853 διασημαίνει,
2891 780 3111 852 Ἐπειδὴ
3144 781 3254 853 γάρ
3287 782 3388 834 ούκ
3434 781 3581 846 ἔστιν

1995 875 2171 939 ἄλλως
2199 876 2578 948 ἀναληφθῆναι
2612 876 2748 949 πρὸς
2790 876 2884 931 τὸν
2915 869 3199 939 “Υψιστον.
3247 877 3295 928 εἰ
3332 875 3407 946 μὴ
3442 876 3581 945 πρὸς

1995 970 2056 1020 τὺ
2114 966 2533 1040 χθαμαλώτερον
2588 967 2889 1038 ὲπικλιθείη
2932 969 2961 1021 6
3011 965 3407 1036 ἀναλαμϐάνων
3454 967 3580 1029 τοὺς

2000 1062 2195 1131 πραεῖς
2227 1060 2428 1130 Κύριος
2455 1102 2469 1125 ,
2504 1060 2593 1113 διά
2637 1058 2798 1113 τοῦτο
2847 1062 2880 1130 ἡ
2932 1058 3156 1112 ἀνιοῦσα
3192 1058 3327 1130 πρὸς
3356 1057 3425 1110 τά
3467 1056 3584 1109 ἄνω

1997 1152 2141 1223 ψυχὴ
2166 1192 2181 1218 ,
2243 1152 2340 1224 τὴν
2408 1152 2561 1225 ποιρά
2608 1152 2703 1206 τοῦ
2759 1151 3157 1222 ὑπερκειμένου
3212 1150 3584 1221 χειραγωγίαν

2001 1243 2448 1315 προσκαλουμένη
2472 1285 2486 1307 ,
2518 1242 2930 1314 ὑποκαταϐἦναι
2973 1241 3135 1295 αὑτὸν
3166 1239 3262 1293 τοῦ
3314 1239 3443 1293 ἰδίου
3492 1255 3587 1309 με-

2000 1334 2193 1403 γέθους
2222 1334 2470 1407 εὔχεται,
2521 1336 2607 1390 ἵνα
2638 1337 2753 1400 τοῖς
2790 1333 2943 1389 κάτω
2986 1332 3205 1403 ὲφικτδς
3236 1331 3479 1401 γένηται.
3524 1330 3586 1382 '0

1999 1430 2055 1484 δὲ
2099 1430 2268 1486 εἰπὼν
2313 1430 2403 1484 διὰ
2446 1429 2540 1485 τοῦ
2596 1430 2911 1502 προφήτου·
2952 1428 3033 1482 ὅτι
3086 1428 3217 1480 Ἔτι
3244 1424 3591 1488 λαλοῦντός

2002 1536 2118 1576 σου
2143 1521 2272 1576 ἐκεῖ
2293 1564 2307 1588 ,
2338 1521 2467 1576 ἰδοὺ
2515 1519 2754 1591 πάρειμι
2775 1536 2787 1549 ’
2833 1520 2961 1592 πρὶν
2992 1516 3297 1582 ἐπεξελθεῖν
3348 1518 3414 1588 τῇ
3448 1516 3588 1587 εὐχῇ

2001 1617 2068 1686 τῇ
2098 1614 2306 1686 νύμφῃ,
2337 1615 2429 1668 καὶ
2455 1614 2683 1685 ἤκουσεν
2720 1605 2795 1666 ὧν
2824 1611 3040 1682 ἐδεήθη.
3066 1609 3162 1663 καὶ
3187 1611 3255 1680 τῇ
3284 1607 3594 1678 ἑτοιμασίᾳ.

2002 1708 2103 1778 τῆς
2127 1707 2352 1778 καρδίας
2384 1707 2552 1778 αὐτῆς
2602 1706 2870 1778 προσέσχε
2894 1745 2909 1769 ,
2944 1704 3035 1758 καὶ
3062 1705 3119 1756 ἐν
3149 1700 3228 1772 τῷ
3269 1702 3429 1772 κήπῳ
3459 1699 3595 1768 ὲγέ-

2007 1815 2127 1851 νετο
2152 1796 2229 1868 τῷ
2249 1796 2652 1851 διαπνευσθέντι
2684 1797 2788 1849 ὑπὸ
2820 1795 2914 1849 τοῦ
2943 1794 3115 1848 Νότου
3140 1834 3155 1860 ,
3184 1790 3426 1855 καὶτοὺς
3454 1806 3601 1861 καρο

2011 1892 2146 1955 ποὺς
2172 1889 2282 1943 τῶν
2310 1888 2618 1961 ἀρωμάτων
2646 1887 2908 1960 ὲδρέψατο
2927 1925 2942 1950 ,
2985 1884 3081 1939 καὶ¹
3113 1876 3360 1953 τῶν’τῆς
3388 1879 3601 1953 ἀρετῆς

2012 1984 2328 2056 ἀκροδρύων
2356 1981 2656 2055 ὲνεφορήθη
2682 2021 2695 2046 ,
2730 1981 2825 2034 καὶ
2847 1980 3093 2050 διήγημα
3121 1977 3218 2049 τὴν
3244 1974 3472 2046 εὐωχίαν
3501 1989 3605 2026 πε·

2012 2079 2230 2147 ποίηται
2253 2120 2267 2142 ,
2321 2074 2494 2142 λέγων
2523 2073 2721 2127 οὑτωσὶ
2751 2071 2887 2142 πρὸς
2914 2069 3011 2142 τὴν
3037 2069 3254 2140 νύμφην
3277 2085 3292 2099 ⁸
3327 2065 3607 2130 Κατέἵην

2011 2172 2098 2235 εἰς
2124 2167 2341 2236 κῆπον,
2368 2163 2604 2234 ἀδελφή
2630 2180 2750 2234 μου
2780 2163 3007 2232 νύμφη.
3054 2160 3389 2228 Ἐτρύγησα
3411 2157 3611 2225 σμύρο

2012 2277 2129 2313 ναν
2144 2277 2264 2328 μου
2288 2257 2439 2327 μετὰ
2462 2253 2786 2324 ἀρωμάτων
2807 2268 2948 2321 μου.
2981 2250 3253 2319 Ἔφαγον
3282 2248 3460 2315 ἄρτον
3478 2261 3611 2312 μου

2009 2355 2161 2421 μετὰ
2193 2349 2433 2418 μέλιτός
2467 2364 2609 2415 μου.
2661 2347 2876 2397 Ἔπιον
2920 2336 3087 2395 οἶνόν
3131 2356 3251 2409 μου
3291 2337 3439 2406 μετὰ
3486 2332 3609 2402 γά·-

2014 2445 2240 2509 λακτός
2260 2459 2401 2511 μου.
2430 2439 2670 2507 Φὰγετε,
2715 2439 2769 2490 οἱ
2804 2435 3072 2502 πλησίον
3102 2449 3243 2502 μου,
3281 2427 3377 2482 καὶ
3409 2426 3611 2488 πίετε,

2016 2539 2113 2593 καὶ
2134 2538 2494 2607 μεθύσθητε,
2529 2528 2782 2598 ἀδελφοί
2822 2545 2962 2597 μου.
3044 2562 3051 2573 ι

2100 2630 2263 2701 Ὁρᾷς
2293 2625 2410 2688 πῶς
2446 2620 2774 2693 ὑπερϐάλλει
2808 2619 2874 2688 τῇ
2901 2612 3283 2687 μεγαλοδωρεᾷ
3310 2611 3406 2682 τὴν
3434 2609 3617 2701 αἴτη-

2020 2739 2132 2787 σιν;
2168 2698 2512 2791 ν’Ᾰρωμάτων
2554 2711 2744 2778 εύξατο
2789 2705 3044 2777 γενέσθαι
3091 2702 3273 2775 πηγὰς
3314 2703 3348 2771 ἡ
3389 2698 3617 2791 νύμφη,

2018 2815 2088 2869 τὰ
2113 2789 2313 2880 ἑαυτῆς
2337 2810 2394 2861 ὲν
2419 2806 2497 2876 τῷ
2548 2804 2710 2874 κήπῳ
2758 2800 2901 2868 φυτὰ
2955 2792 3388 2851 διαπνεοσθέντα
3427 2789 3504 2861 τῷ
3540 2792 3620 2843 ἐκ

2024 2904 2374 2980 μεσημϐρίας
2426 2897 2735 2952 ὲπιπνέοντι
2784 2892 2963 2963 Νότῳ,
3014 2885 3225 2971 καὶτῷ
3273 2885 3468 2956 καρπῷ
3494 2885 3619 2935 τῶν

2022 2977 2339 3074 ἀκροδρύων
2363 2994 2455 3048 τὸν
2484 2989 2728 3062 γεωργὸν
2750 2983 3140 3051 δεξιώσασθαι.
3163 2977 3421 3074 Τοῦτολδε
3442 2977 3623 3074 παντὶ

2022 3066 2206 3166 δῆλον,
2231 3091 2311 3144 ὅτι
2341 3087 2491 3139 πᾶσα
2513 3081 2760 3140 εύπνοια,
2779 3077 2880 3147 τῆς
2905 3070 3273 3144 ὀσφραντικῆς
3303 3066 3622 3166 αἰσθήσεως

2024 3156 2187 3266 ἡδονὴ
2213 3181 2442 3251 γίνεται.
2472 3174 2554 3228 Τά
2584 3172 2640 3226 δὲ
2680 3168 2957 3266 ἀκρόδρυα
3003 3165 3101 3266 τῇς
3129 3162 3222 3265 τοῦ
3249 3161 3411 3231 ἄρτου
3446 3156 3621 3266 alma-

2022 3245 2336 3356 gswg'x'aﬂi
2356 3268 2455 3336 τὴν
2490 3262 2692 3334 βρῶσιν
2725 3260 2801 3322 ὡς
2838 3254 3106 3356 πρδςλτὴν
3131 3245 3624 3356 τῷνρτρεφομένιρν

2018 3338 2230 3439 ὲὺεξίαν
2282 3361 2428 3417 ἐστὶν
2472 3353 2826 3425 ἀτονώτερον.
2887 3351 2945 3402 Ὀ
2980 3346 3037 3400 δὲ
3093 3343 3337 3405 καταϐάς
3377 3340 3470 3439 ἐπὶ
3519 3338 3624 3391 τὸν

2021 3431 2218 3520 ἑαυτοῦ
2255 3458 2454 3527 κῆπον,
2489 3449 2585 3504 καὶ
2604 3446 2738 3519 πρὸς
2760 3443 2822 3497 τὺ
2864 3439 3048 3514 μεῖζόν
3074 3455 3131 3491 τε
3166 3437 3262 3491 καὶ
3290 3431 3627 3527 “pubeng

2019 3557 2120 3628 τὴν
2145 3550 2254 3606 τῶν
2275 3523 2509 3616 καρπῶν
2555 3535 2877 3631 μεταϐαλὼν
2905 3531 3116 3631 φύσιν,·
3135 3528 3391 3631 δρέπεται
3424 3523 3520 3631 μεν
3547 3524 3628 3622 s3:

2021 3618 2116 3715 τοῦ
2173 3644 2352 3714 κήπου
2381 3634 2628 3707 σμύρναν
2683 3625 2860 3699 εὑρὼν
2907 3621 3046 3715 μετά
3092 3618 3399 3715 ἀρωμάτων
3426 3618 3626 3715 αύτρῖυ.

2025 3702 2163 3810 Ι1αρ’
2199 3702 2366 3788 αιδτοῦ
2392 3702 2509 3797 γὰρ’
2542 3719 2681 3776 εἶναι
2710 3717 2760 3772 εἴ
2799 3734 2854 3770 τι
2888 3713 3171 3810 καλὺνηεν
3206 3703 3362 3810 ibus-{1
3395 3702 3625 3810 εύκρεθῇ,

2026 3833 2055 3886 ὁ
2093 3795 2430 3900 προφητικὸς
2450 3795 2661 3888 μνησε
2686 3811 2865 3879 λόγος.
2908 3804 3142 3900 Ἀντὶᾷδὲ
3153 3801 3274 3900 *τῶν
3302 3795 3631 3868 ἀκροδρύων

2026 3894 2179 3994 ἄρτῳ
2222 3894 2413 3989 βρύειν
2474 3901 2889 3979 παρασκευάζει
2936 3897 3006 3994 τά
3059 3894 3627 3994 δενδραζσυναναμε-

342 3979 519 4036 ferant
556 3984 780 4040 mistum
829 3999 955 4040 cum
1006 3986 1164 4042 melle
1208 4004 1332 4044 suo.
1388 3990 1454 4043 Et
1492 3992 1573 4047 sic
1622 3994 1905 4064 explicetu‘

2033 3979 2283 4087 μιγμένῳ
2306 4004 2445 4078 μετὰ
2466 3998 2561 4055 τοῦ
2595 3998 2810 4070 μέλιτος
2838 3990 3035 4091 αὐτοῦ..
3059 3989 3169 4090 καὶ
3402 3981 3460 4091 rb
3482 3996 3629 4091 apo:-

341 4075 727 4144 propheticum
768 4076 924 4139 illud,
975 4079 1121 4146 quod
1158 4077 1276 4146 ejus
1313 4081 1441 4145 mel,
1467 4090 1521 4136 et
1560 4093 1756 4140 ctetera
1808 4089 1903 4156 pul

2032 4075 2267 4176 φητικδν
2307 4075 2798 4162 τσυνεκφωνείσθω,
2843 4087 2930 4176 ὅτι
2959 4079 3143 4176 -αύτού
3172 4077 3234 4176 τδ
3264 4075 3402 4176 μέλι,
3528 4075 3636 4126 καὶ

343 4165 479 4221 clIra
511 4182 574 4220 ac
606 4167 768 4230 bona,
815 4177 870 4223 et
904 4169 1089 4223 vinum
1127 4170 1196 4225 ab
1231 4171 1351 4242 ipso
1396 4173 1653 4230 hauritur
1686 4187 1899 4233 contem

2031 4164 2278 4251 τάλοιπά
2292 4189 2401 4244 τῶν
2427 4185 2624 4246 ἄλλων,
2647 4181 2744 4234 καὶ
2768 4176 2859 4231 τὸν
2879 4171 3018 4229 οἶνον
3043 4173 3137 4226 ἀπ’
3162 4167 3341 4223 αὐτῶν
3369 4164 3626 4236 ἀρύεται,

346 4265 595 4329 peratum
629 4258 770 4314 lacte
813 4259 955 4329 ejus.
1012 4259 1098 4313 Ex
1137 4263 1250 4331 ipso
1298 4265 1460 4331 enim,
1519 4274 1571 4319 et
1610 4281 1703 4335 per
1736 4268 1905 4336 ipsum

2035 4274 2578 4349 συνανακεκραμένον
2601 4269 2677 4341 τῷ
2697 4268 2925 4339 γάλακτι
2959 4260 3144 4317 αὐτοῦ.
3182 4257 3277 4323 Ἐξ
3302 4253 3487 4312 αὑτοῦ
3512 4254 3635 4349 γὰρ

344 4361 398 4408 et
450 4353 504 4407 in
549 4353 663 4423 ipso
718 4363 841 4408 sunt
888 4356 1159 4411 omnia".
1216 4355 1262 4413 Ο
1304 4357 1496 4415 beatos
1542 4359 1668 4416 illos
1719 4361 1905 4418 hortos

2035 4375 2133 4430 καὶ
2161 4373 2235 4428 δι’
2258 4345 2448 4425 αὑτοῦ
2477 4364 2576 4419 καὶ
2607 4365 2696 4427 εὶς
2728 4358 2915 4414 αὐτὸν
2931 4354 3004 4409 τὰ
3029 4347 3320 4407 πάν-τειῘο
3344 4345 3633 4419 μακαρίων

346 4458 579 4515 quorum
628 4445 843 4515 plantas
885 4447 1025 4502 tales
1077 4447 1294 4504 fructus
1335 4449 1639 4520 producere
1677 4462 1905 4509 testatum

2037 4468 2227 4539 κήπων
2262 4461 2505 4523 ἐκείνων,
2532 4449 2608 4511 ὧν
2636 4452 2706 4507 τὰ
2728 4449 2871 4520 φυτὰ
2900 4446 3162 4509 τοιούτοις
3192 4443 3372 4517 βρύειν
3394 4443 3634 4512 καρποῖς

346 4546 450 4602 eSt,
487 4547 549 4592 ut
586 4536 640 4590 in
669 4552 830 4593 omne
861 4553 1034 4608 genus
1064 4540 1411 4606 nu'trimenti,
1457 4556 1561 4611 pro
1596 4542 1811 4600 fruendi
1842 4545 1905 4602 de

2011 4587 2013 4602 ν
2045 4532 2483 4632 μεμαρτύρηται,
2519 4550 2595 4612 ὡς
2625 4545 2761 4617 πρὸς
2783 4540 2928 4597 ἅπαν
2962 4535 3102 4634 είδος
3119 4536 3323 4610 τροφῆς
3350 4532 3491 4634 κατὰ

350 4629 553 4686 siderio
592 4640 962 4701 congruenter
992 4632 1501 4689 transformenturl
1542 4634 1604 4690 Ei
1658 4638 1805 4693 enim
1845 4654 1905 4695 eu

2036 4621 2330 4717 ἐπιθυμίαν
2341 4621 2438 4713 τῆς
2454 4637 2803 4698 ἀπολαύσεως
2817 4631 3091 4704 ἁρμοδίως
3106 4621 3634 4727 μεταποιεῖσθαιῑῖῷ

350 4721 531 4778 bonus
551 4720 687 4776 odor
705 4730 832 4775 sunt
857 4721 1089 4788 deliciae,
1119 4723 1178 4777 lit
1200 4725 1442 4794 myrrha,
1471 4740 1568 4795 per
1590 4732 1905 4782 terrenorur

2041 4735 2139 4804 μὲν
2155 4713 2263 4804 γάρ
2282 4728 2370 4783 διά
2391 4728 2489 4798 τῆς
2505 4725 2735 4787 εὐωδίας
2747 4720 3025 4792 τρυφῶντι
3048 4716 3263 4788 σμύρνα
3281 4714 3511 4791 γίνεται,
3543 4713 3635 4767 διὰ,

352 4813 726 4868 membrorum
746 4813 1220 4870 mortificationem
1245 4829 1438 4885 puram
1458 4825 1514 4870 et
1544 4816 1683 4871 bene
1701 4816 1899 4872 olenteI

2039 4825 2141 4895 τῆς
2170 4821 2276 4876 τῶν
2308 4818 2569 4887 ἐπιγείων
2596 4813 2777 4888 μελῶν
2794 4811 3141 4883 νεκρότητος,
3168 4807 3258 4861 τὸν
3276 4805 3511 4876 καθαρὸν
3538 4804 3635 4857 καὶ

352 4915 615 4976 tanquam
664 4913 1005 4976 unguentum
1051 4922 1366 4978 excoquens
1439 4907 1629 4972 vitam,
1695 4916 1905 4964 contem

2041 4914 2215 4983 εὐώδη
2249 4909 2506 4985 μυρεψῶν
2531 4908 2667 4980 βίον,
2689 4907 2781 4961 τὸν
2811 4907 2875 4958 ἐκ
2889 4902 3152 4957 ποικίλων
3176 4917 3236 4953 τε
3257 4898 3349 4953 καὶ
3364 4898 3635 5001 διαφόρων

351 5006 602 5070 peratam
636 5010 703 5052 ex
733 4997 903 5053 variis
943 5005 997 5053 et
1045 4998 1281 5056 diversis
1327 4999 1550 5056 virtutis
1580 5001 1905 5056 aromatiqu

2041 5005 2150 5058 τῶν
2166 5004 2265 5074 τῆς
2283 5001 2485 5071 ἀρετῆς
2498 4998 2807 5086 ἀρωμάτων
2823 5012 2991 5063 συγκε
3001 4992 3162 5066 ραννύ
3170 5007 3349 5063 μενον.
3364 4989 3453 5060 Τῷ
3465 4989 3522 5041 δὲ
3536 4988 3635 5096 τὴν

352 5088 416 5145 Ei
455 5099 637 5145 autem
669 5088 764 5160 qui
801 5091 996 5161 quaerit
1052 5092 1452 5146 nutrimentum
1508 5092 1827 5160 perfectius,
1885 5094 1905 5146 ﬂ

2044 5096 2384 5165 τελειοτέραν
2410 5082 2762 5163 ἐπιζητοῦντι
2797 5085 3029 5159 τροφὴν,
3057 5085 3220 5156 ἄρτος
3249 5082 3477 5153 γίνεται,
3511 5082 3639 5133 οὐκ·

353 5184 533 5253 panis,
589 5182 686 5253 qui
735 5197 844 5237 non
902 5181 1142 5253 amplius
1176 5181 1485 5236 comeditur
1535 5196 1660 5236 eum
1713 5182 1905 5238 laeluci

2048 5187 2130 5241 ἐτι
2150 5187 2243 5240 ἐπὶ
2269 5183 2533 5255 πικρίδων
2549 5181 2885 5252 ὲσθιόμενος,
2903 5179 2981 5242 ὡς
3003 5176 3030 5229 6
3056 5176 3220 5248 νόμος
3239 5170 3632 5279 διακελεύεταιί

356 5277 685 5347 agrestibus,
741 5285 802 5330 ut
836 5277 924 5331 lex
952 5275 1112 5345 jubet
1136 5275 1210 5328 "2
1268 5273 1325 5327 in
1356 5276 1612 5343 prtesenti
1661 5276 1806 5330 enim
1863 5290 1905 5329 es

2050 5278 2189 5350 πρὸς
2211 5275 2320 5346 γὰρ
2354 5274 2417 5327 τὸ
2443 5272 2616 5344 παρόν
2643 5273 2790 5324 ἐστιν
2822 5271 2856 5340 ἡ
2899 5266 3089 5341 πικρίς
3112 5284 3124 5296 ·
3171 5264 3283 5319 ἀλλ’
3305 5264 3434 5334 ὄψον
3463 5264 3639 5366 ἐαυτῷ

360 5369 669 5424 amaritudo
698 5368 1075 5424 lactucaezsed
1102 5368 1391 5438 opsonium
1426 5367 1530 5422 sibi
1570 5368 1672 5437 ipsi
1708 5369 1815 5424 mel
1837 5366 1905 5422 eﬁ

2053 5372 2113 5424 τὸ
2144 5369 2266 5441 μέλι
2293 5366 2639 5437 ποιούμενος,
2672 5366 2799 5418 ὅταν
2835 5356 2996 5431 ἐντῷ
3032 5360 3145 5429 ἰδίῳ
3167 5356 3346 5428 καιρῷ
3374 5356 3401 5407 6
3429 5356 3641 5421 καρπὸς

361 5459 559 5524 cietur,
597 5459 818 5531 quando
850 5476 952 5516 suo
977 5466 1223 5528 tempore
1252 5455 1466 5514 fructus
1497 5458 1720 5513 virtutis
1750 5475 1905 5514 sensu

2053 5460 2153 5530 τῆς
2185 5458 2387 5532 ἀρετῆς
2429 5453 2841 5525 καταγλυκαίνῃ
2871 5452 2938 5504 τὰ
2957 5451 3055 5522 τῆς
3095 5442 3638 5549 ψυχῇςριίσθητηρια,

364 5553 558 5609 animae
588 5552 790 5608 afficiet
837 5553 1147 5617 dulcedine,
1201 5550 1360 5620 cujus
1408 5549 1486 5605 rei
1524 5558 1734 5604 certum
1787 5566 1905 5620 argi

2055 5546 2116 5606 οὗ
2156 5548 2425 5613 ἀπόδειξις
2452 5548 2481 5600 6
2518 5545 2655 5617 μετὰ
2693 5545 2791 5616 τὴν
2819 5543 3113 5596 ἀνάστασιν
3137 5537 3230 5590 τοῦ
3260 5537 3462 5605 Κυρίου
3480 5546 3640 5638 ,προ-

369 5655 611 5701 mentum
650 5652 735 5703 cst
762 5647 922 5715 panis
954 5646 1047 5716 qui
1089 5651 1214 5714 post
1243 5643 1706 5699 resurrectionem
1733 5640 1905 5696 Domi:

2060 5641 2251 5710 φανεὶς
2276 5640 2390 5701 τοῖς
2424 5636 2691 5710 μαθηταῖς
2733 5635 2896 5704 ἄρτος
2940 5631 3078 5691 ἐστὶ,
3107 5625 3185 5697 τῷ
3215 5622 3390 5696 κηρίῳ
3416 5616 3511 5673 τοῦ
3544 5615 3637 5683 μὲ-

456 5821 500 5856 “
538 5822 663 5879 lsai.
718 5837 872 5888 ινιιι,
906 5822 957 5877 9.

1051 5821 1093 5853 ¹³
1160 5819 1317 5877 Rom.
1369 5836 1447 5886 ιι,
1477 5819 1565 5875 56.
1649 5818 1691 5850 ³⁸
1723 5816 1898 5872 Exod.
1926 5832 2025 5882 xu,
2055 5817 2109 5871 8.
