3866 6366
289 351 407 408 939

1346 344 1411 400 IN
1439 342 1737 400 CANTICA
1761 335 2034 397 CANTIC.
2078 330 2365 390 HOMILIA
2403 330 2473 385 Χ.

3464 317 3567 375 9-30

292 467 811 540 λιτος’ήδυνόμενος.
835 467 925 540 Τῷ
945 466 1169 538 διψῶντι
1189 466 1245 521 δὲ
1279 464 1490 538 κρατὴρ
1508 464 1715 534 γίνεται
1742 461 1880 533 πλή-

2000 453 2238 527 ipparuit
2273 448 2560 519 discipulis
2590 447 2647 502 in
2693 443 2817 500 favo
2850 442 3030 498 mellis
3066 438 3343 497 conditus.
3385 435 3442 491 lii
3473 452 3571 491 au—

293 583 404 637 ρης
435 565 579 618 οῐνου
615 562 708 616 καὶ
730 561 1019 630 γάλακτος,
1045 561 1105 614 ού
1136 557 1376 629 σπογγιά
1402 558 1532 629 χολῇ
1562 574 1621 610 τε
1651 555 1744 610 καὶ
1771 553 1881 619 ὄξει

291 653 605 724 διάϐροχος,
623 650 744 705 οἵαν
776 653 828 704 οἱ
856 649 1103 704 Ἰουδαῖοι
1136 648 1215 721 τῷ
1241 648 1507 720 εὐεργέτῃ
1536 647 1636 719 τὴν
1661 645 1884 714 φιλοτη-

292 747 423 799 σίαν
480 742 877 814 ἐνδεικνύμενοι
922 742 1010 796 διὰ
1066 740 1161 795 τοῦ
1215 739 1463 811 καλάμου
1517 736 1881 810 προτείνουσι.

294 837 529 900 Πάντως
564 836 622 890 δὲ
651 836 751 889 οὐκ
805 833 1107 904 ἀγνοοῦμεν
1142 834 1211 887 τὰ
1252 833 1363 887 τῶν
1400 830 1714 904 εἰρημένων
1743 826 1884 883 αἰνί-

291 942 514 996 γματα·
550 925 668 990 πῶς
726 926 942 998 δένδρον
976 921 1046 997 ἦν
1100 924 1490 998 σμυρνηφόρον
1528 925 1556 976 6
1595 920 1829 984 Παῦλος,
1856 920 1886 972 6

294 1016 423 1070 καθ’
455 1019 669 1089 ἡμέραν
726 1017 1103 1087 ἀποθνήσκων,
1148 1015 1244 1069 καὶ
1272 1014 1435 1080 αὐτὸς
1484 1011 1663 1083 ἐαυτῷ
1713 1009 1886 1073 διδοὺς

295 1107 363 1161 τὸ
422 1107 516 1161 τοῦ
565 1107 798 1161 θανάτου
837 1107 1139 1178 ἀπόκριμα,
1175 1108 1271 1160 καὶ
1306 1104 1397 1159 διὰ
1429 1101 1799 1175 καθαρότητός
1825 1116 1886 1153 τε

296 1199 402 1259 καὶ
430 1197 697 1262 ἀπαθείας
722 1197 1107 1270 άρωματίζων,
1151 1196 1295 1269 ὀσμή
1325 1196 1468 1267 ζωῆς
1498 1197 1612 1258 τοῖς
1638 1191 1886 1262 σωζομέ-

297 1303 419 1351 νοις
446 1289 728 1358 γινόμενος
753 1302 767 1317 ·
790 1285 911 1350 πῶς
942 1286 997 1339 δὲ
1024 1289 1288 1340 σιτοποιεῖ
1312 1286 1378 1340 τὰ
1412 1285 1634 1356 ἔμψυχα
1657 1282 1751 1336 τοῦ
1787 1282 1888 1351 κή-

299 1395 412 1432 που
433 1377 576 1446 φυτὰ
598 1378 677 1448 τῷ
702 1377 936 1449 δεσπότῃ
978 1376 1075 1431 τοῦ
1117 1379 1317 1449 κήπου,
1340 1377 1415 1441 ὡς
1445 1376 1714 1449 μαρτυρεῖ
1740 1375 1768 1427 6
1796 1372 1888 1426 ἐπὶ

298 1467 400 1522 τοῦ
415 1468 604 1540 θρόνου
632 1469 944 1540 καθήμενος
967 1485 982 1500 -
1019 1469 1100 1522 ὅτι
1135 1468 1483 1531 Ἐπείνασα,
1513 1467 1611 1521 καί
1631 1462 1889 1519 ἐδώκατέ

297 1577 405 1629 μοι
440 1559 670 1630 φαγεῖν.
705 1561 905 1631 Ἀρτος
927 1560 1036 1632 γὰρ
1064 1560 1402 1631 εὐφροσύνης
1431 1550 1886 1623 ἐστὶνὴεὐποιῒα,

294 1649 386 1722 τῷ
411 1650 590 1720 μέλιτι
617 1652 717 1723 τῆς
740 1651 956 1721 ἐντολῆς
985 1651 1410 1722 γλυκαινόμενος
1430 1667 1444 1682 θ
1479 1648 1596 1714 πῶς
1628 1648 1683 1702 δὲ
1726 1646 1889 1702 πάλιν

296 1743 535 1812 οἰνοχοεῖ
564 1741 642 1813 τῷ
668 1742 885 1815 νυμφίῳ
903 1744 972 1798 τὰ
1015 1744 1211 1815 εύερνῆ
1234 1742 1330 1797 τοῦ
1356 1745 1534 1814 κήπου
1558 1741 1720 1811 φυτὰ,
1750 1738 1888 1811 πρὸς

1984 557 2092 603 tem
2130 544 2223 615 qui
2264 542 2381 599 sitit
2419 540 2478 596 ﬁt
2511 545 2690 597 crater
2729 535 2844 590 vini
2873 542 2927 590 et
2963 532 3144 595 lactis,
3198 545 3307 585 non
3340 528 3568 600 spongia

1985 640 2109 694 l'elle
2136 646 2192 693 et
2220 643 2373 691 aceto
2402 633 2611 688 imbuta
2637 630 2704 694 ¹⁸,
2737 642 2899 699 quam
2932 623 3145 681 Hebraei
3193 637 3347 677 suam
3384 629 3561 675 osteu.

1982 729 2178 785 dentes
2206 721 2635 780 muniﬁcentiam
2682 734 2779 789 per
2808 714 3132 770 arundinem
3169 711 3456 782 porrigunt
3478 709 3547 764 bc

1987 818 2275 877 nefactnri.
2309 814 2546 871 Omnino
2583 819 2763 866 autem
2798 824 2907 863 non
2942 806 3261 877 ignoramus
3284 790 3571 872 aenigmata

1987 925 2175 967 eorum
2209 922 2333 979 qua:
2361 906 2505 961 dicta
2545 911 2714 959 sunt:
2752 913 2949 968 nempe
2986 894 3444 967 quemadmodum
3478 907 3572 944 ar-

1986 1003 2089 1059 bor
2117 999 2397 1071 myrrham
2435 995 2620 1051 ferens
2648 1000 2767 1048 erat
2796 989 3022 1053 Paulus,
3050 988 3143 1058 qui
3185 985 3428 1057 quotidie
3455 998 3574 1036 mo-

1988 1091 2322 1157 riebatur“,
2370 1096 2426 1145 et
2476 1088 2595 1158 ipse
2637 1085 2740 1140 sibi
2779 1083 2947 1138 dabat
2984 1093 3314 1150 responsum
3356 1074 3571 1138 mortis,

1987 1195 2044 1243 et
2066 1200 2165 1258 per
2192 1183 2483 1255 puritatem
2509 1187 2565 1235 et
2595 1178 2838 1234 divinam
2864 1175 2990 1229 vitae
3012 1171 3415 1227 institutionem
3451 1182 3576 1221 aro-

1989 1279 2282 1343 matizans,
2345 1274 2510 1329 ﬁebat
2555 1266 2962 1342 quodammodo
3016 1263 3151 1318 odor
3188 1263 3313 1316 vitae
3365 1259 3434 1313 iis
3480 1258 3575 1328 qui

1990 1372 2127 1430 salvi
2162 1371 2301 1425 ﬁunt
2325 1369 2397 1419 ’τε
2428 1362 2892 1437 quemadmodum
2924 1359 3180 1412 animatae
3207 1354 3354 1409 horti
3380 1353 3578 1423 plantae

1989 1464 2211 1520 domino
2243 1461 2389 1517 horti
2430 1472 2625 1529 panem
2661 1454 2889 1517 iaciunt,
2933 1458 2993 1505 ut
3028 1454 3263 1504 testatur
3287 1444 3380 1514 qui
3427 1444 3579 1497 sedet

1989 1555 2047 1611 in
2091 1555 2312 1614 throno,
2342 1552 2531 1607 dicens
2569 1566 2583 1603 :
2638 1544 2873 1605 Esurivi,
2904 1551 2954 1596 et
2980 1538 3202 1595 dedistis
3233 1535 3362 1590 mihi
3388 1532 3456 1587 ad
3489 1548 3579 1586 co-

1991 1644 2303 1702 medendum
2325 1643 2389 1698 ¹⁸.
2436 1640 2600 1698 Panis
2649 1638 2796 1694 enim
2837 1633 3034 1690 laetitiae
3079 1637 3164 1685 est
3197 1623 3577 1686 beneﬁcentia,

1993 1737 2249 1796 conditus
2301 1735 2460 1791 melle
2514 1730 2811 1804 prtecepti;
2873 1719 3337 1797 quemadmodum
3395 1714 3578 1771 autem

297 1834 400 1899 οὓς
419 1802 582 1889 τοῦτό
607 1802 805 1906 φησιν;
848 1802 931 1891 ότι
966 1802 1283 1906 Ἐδίιλνησα,
1318 1802 1760 1889 καίέποτίσατέ
1782 1802 1882 1902 με.

2000 1843 2190 1885 rursus
2230 1839 2436 1897 sponso
2469 1802 2657 1894 potum
2691 1818 2937 1891 praebent
2966 1814 3224 1871 ﬂorentes
3245 1808 3390 1863 horti
3425 1806 3581 1877 plan-

298 1925 537 1995 γάλακτι
576 1895 681 1981 σὺν
727 1921 871 1981 οἶνον
928 1895 1303 2001 κεράσαντεςν,
1353 1926 1452 1996 οὐχ
1509 1924 1687 1989 ὕδατι,
1746 1895 1895 1980 κατὰ

2000 1927 2081 1985 ιω,
2119 1895 2320 1989 quibus
2364 1915 2468 1970 hoc
2500 1912 2664 1975 dicit,
2707 1909 2883 1974 Sitivi,
2910 1915 2959 1961 et
2978 1914 3159 1976 potum
3179 1900 3307 1955 mihi
3328 1895 3567 1959 dedistis,

297 2018 406 2088 τὴν
435 2017 545 2071 τῶν
593 2018 855 2089 καπήλων
903 2018 1213 2089 συνήθειαν.
1269 2017 1344 2070 Τὸ
1376 2016 1432 2069 δὲ
1460 2015 1602 2092 γάλα
1636 2016 1670 2085 ἡ
1698 2012 1890 2086 πρώτη

299 2111 407 2180 τῆς
427 2107 773 2179 ἀνθρωπίνης
802 2106 1021 2178 φύσεώς
1046 2109 1162 2161 ἐστι
1193 2106 1388 2179 τροφὴ,
1411 2108 1444 2176 ή
1472 2104 1691 2176 καθαρά
1716 2120 1776 2157 τε
1798 2102 1892 2156 καὶ

301 2197 476 2268 ἁπλῆ,
505 2198 727 2270 ήδντως
751 2196 1027 2270 νηπιώδης
1040 2198 1138 2253 καὶ
1164 2198 1367 2262 ἄδολος,
1396 2196 1489 2249 καὶ
1512 2196 1693 2266 πάσης
1726 2211 1892 2265 πονη-

304 2290 412 2359 ρᾶς
442 2288 621 2342 αίτίαι-
649 2286 1057 2359 κεκαθαρμένη.

380 2462 568 2519 Ταῦτα
583 2462 751 2517 εἰπὼν
781 2462 917 2532 πρὸς
940 2464 1038 2535 τὴν
1059 2462 1277 2534 νύμφην
1303 2463 1332 2516 6
1356 2462 1533 2532 λόγος,
1557 2459 1893 2531 περιτίθεται

301 2557 423 2620 τοῖς
449 2554 677 2626 πλησίον
708 2554 779 2609 τὰ
816 2554 910 2608 τοῦ
961 2555 1297 2624 Εὑαγγελίου
1341 2556 1639 2625 μυστήρια,
1675 2553 1852 2622 λέγων
1874 2568 1889 2583 ο

303 2645 552 2717 Φὰτετε,
569 2649 624 2701 οι
643 2646 912 2714 πλησίον
927 2663 1068 2716 μου,
1085 2645 1185 2700 καὶ
1206 2646 1391 2709 alere,
1412 2643 1513 2697 καί
1531 2644 1889 2712 μεθύσθητε,

303 2738 561 2807 ἀδελφοί
583 2756 725 2808 μου.
756 2736 847 2808 Τῷ
873 2738 983 2809 γὰρ
1013 2737 1361 2808 ἐπισταμένῳ
1376 2736 1475 2798 τὰς
1506 2733 1773 2805 μυστικὰς
1800 2732 1893 2785 τοῦ

303 2827 643 2897 Εὐαγγελίου
687 2828 892 2898 φωνὰς,
924 2828 1153 2899 οὐδεμία
1179 2828 1481 2897 φανήσεται
1516 2825 1748 2895 διαφορὰ
1785 2823 1894 2878 τῶν

305 2919 547 2979 ἐνταῦθα
577 2920 777 2991 ῥητῶν,
802 2920 937 2992 πρὸς
965 2919 1065 2990 τὴν
1087 2920 1205 2972 ἐκεῖ
1231 2920 1343 2981 τοῖς
1368 2915 1639 2988 μαθηταῖς
1669 2912 1894 2984 γινομέ-

306 3025 412 3081 νην
463 3011 870 3081 μυσταγωγίαν.
917 3010 1194 3074 Ὡσαύτως
1236 3008 1347 3080 γὰρ
1377 3006 1611 3063 ἐνταῦθα
1640 3007 1736 3060 καὶ
1779 3007 1897 3059 ἐκεῖ

1991 2012 2179 2067 vinum
2233 2008 2378 2063 lacte
2420 2010 2812 2075 temperatum,
2863 2013 2974 2054 non
3022 2007 3188 2065 aqua,
3229 1998 3292 2046 ut
3337 2003 3455 2043 mos
3495 1993 3579 2040 est

1993 2115 2323 2172 cauponum.
2378 2096 2489 2152 Lac
2538 2103 2720 2150 autem
2772 2098 2859 2147 est
2895 2089 3133 2160 primum
3182 2082 3578 2139 nutrimentum

1994 2192 2246 2247 humana:
2274 2198 2504 2250 naturae,
2544 2199 2740 2257 purum
2768 2190 2825 2239 et
2869 2180 3126 2249 simplex,
3157 2182 3213 2232 et
3238 2188 3366 2230 vere
3399 2169 3582 2226 infan-

1995 2283 2091 2337 tile
2143 2288 2198 2337 et
2236 2281 2356 2337 sine
2395 2278 2545 2344 dolo,
2604 2287 2659 2332 ct
2709 2279 3069 2345 expurgatum
3123 2269 3191 2324 ab
3239 2265 3390 2322 omni
3441 2263 3584 2318 mala

1995 2389 2186 2430 causa.

2066 2464 2193 2519 llaec
2245 2477 2370 2517 cum
2422 2459 2601 2516 oratio
2633 2457 2867 2515 dixisset
2901 2468 3142 2525 sponsae,
3199 2447 3423 2520 apponit
3458 2462 3587 2518 pro-

1994 2555 2220 2628 pinquis
2248 2552 2509 2625 mysteria
2536 2548 2841 2620 Evangelii,
2872 2548 3066 2602 dicens
3092 2562 3104 2597 :
3145 2540 3433 2604 Camedite,
3468 2554 3588 2606 pro-

1995 2649 2178 2721 pinqui
2209 2646 2331 2711 mei,
2369 2654 2418 2699 et
2464 2641 2821 2707 inebriamini,
2865 2639 3069 2707 fratres
3109 2635 3233 2689 mei.
3293 2631 3454 2701 Apud
3486 2644 3585 2684 eos

1996 2744 2142 2799 enim
2171 2738 2266 2809 qui
2293 2736 2477 2793 sciunt
2506 2733 2768 2805 mysticas
2794 2745 2959 2785 voces
2982 2724 3285 2794 Evangelii,
3321 2721 3472 2777 nulla
3500 2726 3589 2775 est

1997 2829 2300 2889 differentia
2351 2840 2541 2882 eorum
2592 2838 2715 2894 quae
2763 2821 2853 2875 hic
2903 2826 3034 2876 sunt
3068 2818 3361 2873 verborum
3399 2813 3468 2867 ab
3523 2826 3589 2864 ca

1998 2928 2120 2995 Qua:
2148 2921 2261 2976 illic
2300 2917 2589 2974 exhibetur
2630 2911 2921 2982 discipulis
2972 2908 3335 2980 mystagogia,
3393 2919 3591 2973 nempe

2001 2994 2389 3085 mysteriorum
2424 3021 2523 3062 seu
2546 3009 3020 3061 sacramentorum
3054 2998 3421 3054 institutione.
3452 2994 3589 3048 Nam

306 3103 478 3194 φησιν
503 3105 532 3157 6
565 3103 721 3172 λόγος
768 3102 1080 3173 τὸ,Φάγετε
1106 3102 1207 3157 καὶ
1238 3102 1423 3157 alere.
1468 3100 1533 3153 Ἦ
1561 3099 1617 3153 δὲ
1639 3098 1774 3171 πρὸς
1797 3098 1895 3169 τὴν

2001 3108 2256 3165 similiter
2297 3114 2350 3160 et
2378 3103 2510 3166 illic,
2557 3107 2612 3157 et
2647 3099 2737 3154 hic
2776 3097 2911 3152 dicit
2952 3094 3282 3165 Scriptura:
3322 3090 3593 3146 Comedile

310 3190 492 3265 μέθην
547 3191 830 3264 προτροπὴ
878 3193 945 3264 ἢν
979 3191 1214 3246 ἐνταῦθα
1258 3194 1373 3254 τοῖς
1412 3190 1661 3259 ἀδελφοῖς
1686 3191 1714 3242 6
1740 3188 1898 3256 λόγος

307 3282 843 3353 πεποίηται,δόξειεν
881 3282 947 3336 ἂν
968 3285 1079 3346 τοῖς
1120 3282 1336 3345 πολλοῖς
1368 3280 1549 3333 πλεῖόν
1575 3297 1625 3332 τι
1657 3280 1806 3350 παρὶκ
1838 3278 1899 3331 τὸ

306 3373 644 3443 Εὐαγγέλιον
678 3375 842 3445 ἐχειν.
884 3375 947 3428 Ei
970 3374 1027 3427 δέ
1063 3391 1147 3437 τις
1173 3372 1416 3443 ἀκριϐῶς
1452 3370 1774 3435 ἐξετάσειεν,
1807 3371 1901 3422 καὶ

307 3465 475 3522 τοῦτο
492 3466 782 3539 σύμφωνον
799 3468 909 3530 τοῖς
926 3466 1297 3535 εὐαγγελικοίς
1326 3463 1703 3535 εὑρεθήσεται.
1723 3460 1901 3531 Ὅπερ

305 3557 426 3631 γὰρ
463 3559 695 3614 ἐνταῦθα
733 3560 812 3631 τῷ
866 3560 1010 3630 λόγῳ
1068 3562 1180 3622 τοῖς
1221 3558 1394 3625 φίλοις
1438 3554 1899 3627 παρεκελεύσατο,

306 3651 474 3706 τοῦτο
504 3654 621 3706 ἐκεῖ
646 3652 736 3707 διὰ
762 3651 869 3706 τῶν
900 3651 1076 3723 ἐργωεδ
1103 3649 1376 3721 ἐποίησεν,
1426 3644 1558 3702 διότι
1586 3649 1736 3703 πᾶσα
1763 3646 1901 3718 μέθη

307 3745 571 3800 ἔκστασιν
591 3743 750 3797 εῐωθε
768 3746 942 3797 ποιεῖν
962 3743 1063 3813 τῆς
1080 3740 1449 3813 διανοίας,τῆς
1485 3738 1901 3810 κεκρατημένης

306 3834 424 3889 ὑπὸ
465 3835 560 3889 τοῦ
607 3834 774 3889 οίνου.
810 3832 1019 3887 Οὐκοῦν
1066 3832 1203 3903 ὅπερ
1232 3828 1467 3884 ἐνταῦθα
1509 3828 1900 3899 προτρέπεται,

305 3924 475 3982 τοῦτο
490 3926 577 3980 διὰ
590 3926 690 3997 τῆς
718 3924 867 3989 θείας
885 3924 1100 3995 ἐκείνης
1116 3920 1372 3994 βρώσεως
1391 3938 1451 3974 τε
1469 3920 1563 3973 καὶ
1577 3920 1785 3983 πόσεως
1809 3920 1904 3973 καὶ

305 4016 436 4071 τότε
455 4016 681 4085 ἐγίνετο,
700 4016 794 4070 καὶ
807 4017 1036 4071 πάντοτε
1052 4014 1281 4083 γίνεται,
1298 4011 1669 4081 συνεισιούσης
1679 4014 1745 4084 τῇ
1766 4010 1906 4083 βρώ-

310 4124 403 4162 σει
418 4123 477 4160 τε
497 4109 591 4161 καὶ
612 4109 681 4179 τῇ
700 4106 854 4160 πόσει
882 4107 979 4178 τῆς
998 4105 1107 4160 ἀπὸ
1133 4103 1241 4158 τῶν
1267 4103 1526 4175 χειρόνων
1548 4102 1685 4174 πρὸς
1702 4103 1771 4156 τὰ
1785 4100 1906 4173 βελ-

304 4199 418 4254 τίω
438 4198 735 4269 μεταϐολῆς
757 4199 851 4252 καὶ
861 4196 1354 4262 ἐκστάσεως-,Οὕτω
1371 4194 1647 4267 μεθύουσι,
1667 4194 1851 4258 καθὼς
1870 4196 1905 4266 ἡ

307 4290 626 4361 προφητεία
652 4291 839 4361 φησὶν,
865 4291 914 4343 οί
940 4290 1037 4360 τὴν
1071 4288 1304 4359 πιότητα
1337 4286 1430 4342 τοῦ
1462 4286 1612 4340 οἴκου
1640 4284 1736 4340 τοῦ
1768 4283 1904 4340 Θεοῦ

307 4383 585 4446 πίνοντες,
624 4381 718 4437 καὶ
751 4380 827 4451 τῷ
853 4380 1138 4453 χειμάρρῳ
1168 4378 1268 4449 τῆς
1294 4378 1505 4450 τρυφῆς
1537 4375 1901 4447 ποτιζόμενοι.

2002 3207 2052 3253 et
2086 3196 2265 3251 bibite.
2290 3191 2615 3248 Adhortatio
2645 3196 2828 3242 autem
2863 3186 2930 3241 ad
2954 3185 3274 3241 ebrietatem
3304 3195 3468 3250 quam
3502 3179 3593 3234 hic

2004 3288 2264 3344 fratribus
2303 3284 2431 3341 fecit
2460 3282 2767 3352 Scriptura,
2795 3278 3038 3355 potuerit
3062 3272 3459 3339 viderimultis
3490 3271 3591 3325 ha-

2004 3382 2133 3435 bere
2157 3375 2362 3448 aliquid
2392 3375 2627 3443 amplius
2658 3386 2820 3442 quam
2852 3367 3231 3439 Evangelium.
3269 3363 3374 3419 Sed
3409 3363 3454 3418 si
3487 3362 3593 3416 hoc

2005 3471 2293 3540 diligenter
2321 3475 2375 3520 et
2402 3472 2661 3519 accurate
2694 3461 2865 3516 fuerit
2897 3459 3296 3521 examinatum,
3344 3454 3595 3509 invenie-

2006 3574 2095 3618 tur
2140 3572 2453 3615 consonare
2495 3553 2680 3610 verbis
2723 3549 3079 3620 cvangelicis.
3112 3547 3268 3613 Quod
3322 3546 3467 3602 enim
3504 3545 3593 3599 hic

2005 3652 2171 3709 verbo
2194 3648 2364 3719 jussit
2395 3645 2608 3707 amicis,
2651 3642 2756 3697 hoc
2785 3641 2895 3695 illic
2934 3639 3116 3708 reipsa
3158 3636 3307 3700 fecit,
3341 3636 3593 3705 quando-

2007 3741 2226 3813 quidem
2267 3735 2448 3792 omnis
2473 3733 2713 3788 ebrietas
2762 3731 2900 3787 solet
2928 3729 3161 3791 ellicere,
3199 3734 3259 3780 ut
3294 3740 3450 3779 mens
3493 3741 3592 3780 ex-

2005 3842 2226 3884 cessum
2279 3824 2520 3895 patiatur
2554 3836 2584 3875 a
2612 3821 2743 3875 vino
2786 3826 3068 3890 superata.
3123 3815 3281 3883 Quod
3332 3829 3467 3886 ergo
3505 3815 3594 3871 hic

2008 3921 2354 3981 adhortatur,
2388 3916 2493 3969 hoc
2539 3924 2677 3968 tunc
2703 3926 2923 3982 quoque
2963 3909 3169 3964 factum
3206 3917 3292 3963 est
3323 3921 3419 3977 per
3455 3906 3595 3960 divi—

2006 4025 2137 4067 num
2179 4006 2331 4062 illum
2367 4004 2551 4060 cibum
2602 4012 2656 4057 et
2684 4011 2894 4073 potum,
2949 4006 3002 4054 et
3034 4010 3252 4068 semper
3295 3995 3372 4060 ﬁt,
3428 3995 3593 4051 simul

2008 4099 2369 4159 conveniente
2393 4111 2518 4151 cum
2543 4096 2667 4151 cibo
2697 4101 2752 4149 et
2782 4103 2911 4164 potu
2940 4090 3245 4146 mutatione
3274 4096 3329 4145 et
3359 4102 3589 4144 excessu

2009 4210 2039 4249 a
2075 4190 2438 4248 deterioribus
2484 4188 2553 4242 ad
2590 4201 2653 4241 ea
2716 4200 2838 4256 qua:
2887 4190 3017 4240 sunt
3056 4182 3304 4236 meliora.
3363 4181 3456 4234 Sic
3497 4180 3590 4234 in-

2008 4283 2314 4348 ebriantur,
2340 4286 2399 4333 ut
2424 4277 2556 4332 dicit
2574 4275 2880 4348 prophetia,
2909 4274 3004 4345 qui
3032 4273 3232 4328 bibunt
3253 4286 3320 4327 ex
3346 4273 3594 4327 ubertate

2010 4380 2230 4441 domus,
2295 4382 2351 4429 et
2405 4378 2669 4440 potantur
2719 4375 2966 4423 torrente
3019 4365 3340 4420 deliciarum
3365 4364 3433 4419 υ).
3470 4363 3596 4428 Quo

309 4475 529 4544 Ὠσπερ
552 4472 828 4545 ἐμεθύσθη
857 4471 987 4525 ποτὲ
1014 4471 1110 4526 καὶ
1138 4473 1165 4525 6
1201 4470 1378 4541 μέγας
1412 4468 1595 4535 Δαϐὶδ,
1622 4469 1710 4522 ὅτε
1736 4467 1895 4533 ἐκϐὰς

2009 4467 2310 4524 inebriatus
2358 4458 2653 4532 aliquando
2687 4456 2980 4512 fuitetiam
3012 4468 3244 4524 magnus
3289 4453 3480 4519 David,
3535 4461 3594 4507 ut

307 4564 482 4629 αὐτὸς
530 4565 745 4631 ἑαυτοῦ,
800 4565 897 4618 καλ⁸
942 4565 999 4616 ἐν
1055 4562 1312 4616 ἐκστάσει
1345 4560 1658 4631 γενόμενος,
1698 4554 1807 4612 εἶδε
1843 4558 1903 4610 1:6

305 4657 545 4715 ἀθέατον
583 4656 800 4721 κάλλος,
824 4656 917 4710 καὶ
939 4656 1038 4728 τὴν
1063 4655 1306 4725 ἀοίδιμον
1335 4652 1552 4724 ἐκείνην
1578 4651 1759 4723 φωνὴν
1786 4649 1902 4716 ἐξε-

308 4750 549 4821 ϐόησενο
596 4750 684 4802 ὃτι
736 4747 862 4814 Πᾶς
918 4746 1226 4815 ἅνθρωπος
1269 4746 1546 4814 ⁸Ψεύστης
1571 4761 1583 4774 ·
1623 4742 1767 4814 λόγῳ
1794 4739 1913 4794 τῶν

308 4838 612 4910 ἁφράστων
629 4837 916 4908 θησαυρῶν
937 4835 1248 4907 ἐπιτρέπων
1260 4836 1358 4906 τὴν
1376 4833 1691 4906 ἑρμηνείαν.
1712 4833 1901 4898 Οὕτως

308 4929 594 5002 ἐμεθύσθη
643 4931 736 4984 καὶ
785 4931 815 4984 6
849 4928 1113 4998 νεώτερος
1144 4925 1401 4998 Βενιαμὶν
1443 4925 1675 4989 Παῦλος,
1709 4926 1800 4979 ὅτε
1845 4927 1903 4977 ἐν

309 5021 574 5078 ἐκστάσει
597 5021 808 5091 ἐγένετο
839 5021 1041 5088 λέγων·
1069 5019 1206 5073 Εἴτε
1234 5018 1344 5089 γὰρ
1367 5016 1720 5087 ἐξέστημεν,
1757 5013 1900 5082 Θεῷ·

309 5114 457 5185 πρὸς
484 5116 690 5168 ἐκεῖνον
712 5114 820 5185 γὰρ
854 5112 1015 5167 αὐτὸν
1041 5112 1075 5182 ή
1091 5111 1345 5174 ἔκστασις
1367 5104 1436 5180 ἦν
1455 5125 1469 5138 ο
1506 5108 1635 5161 εἴτε
1666 5124 1899 5177 σωφρο-

308 5204 565 5275 νοῦμεν,
623 5205 799 5275 ὑμῖν·
858 5204 934 5267 ὡς
989 5203 1227 5257 ἐδείκνυε
1268 5203 1379 5266 τοῖς
1423 5199 1559 5272 πρὸς
1579 5198 1669 5252 τὸν
1694 5199 1902 5268 Φῆστον

307 5297 517 5367 λόγοις,
547 5297 741 5350 ἐαυτὸν
776 5295 851 5367 μὴ
901 5296 1245 5367 μαινόμενον,
1294 5291 1429 5347 ἀλλὰ
1463 5291 1818 5364 σωφροσύνης
1840 5309 1901 5345 τε

308 5391 413 5447 καὶ
439 5387 787 5458 δικαιοσύνης
840 5386 1321 5457 ἁποφθεγγόμενον
1353 5385 1595 5457 ῥήματα.
1632 5378 1763 5436 Οἶδα
1808 5384 1903 5437 καὶ

304 5478 421 5537 τὸν,
446 5479 714 5552 μακάριον
742 5477 944 5549 Πέτρον
978 5478 1035 5539 ἐν
1068 5475 1144 5547 τῷ
1173 5474 1397 5545 τοιούτῳ
1436 5474 1536 5545 τῆς
1574 5472 1745 5544 μέθης
1773 5471 1903 5525 εῖδει

2004 4559 2098 4632 qui
2138 4571 2263 4612 cum
2292 4571 2323 4609 a
2357 4569 2416 4609 se
2451 4550 2804 4612 excessisset,
2835 4554 2891 4602 et
2920 4545 3117 4601 luisset
3147 4546 3201 4601 in
3226 4545 3464 4611 exstasi,
3514 4546 3596 4601 vi-

2005 4650 2085 4705 dit
2140 4642 2601 4718 pulchritudinem
2639 4654 2758 4710 quae
2807 4652 2918 4693 non
2961 4636 3106 4692 cadit
3137 4636 3241 4692 sub
3287 4645 3591 4706 aspectum,

2006 4741 2388 4810 insignemque
2416 4742 2471 4791 et
2510 4733 2782 4789 celebrem
2825 4731 2975 4785 illam
3010 4728 3337 4785 exclamavit
3362 4740 3590 4785 vocem:

2010 4830 2196 4888 Omnis
2230 4828 2384 4881 homo
2430 4823 2656 4880 mendax
2680 4821 2752 4889 ‘°,
2798 4821 3037 4878 orationi
3085 4822 3468 4878 thesaurorum
3506 4821 3592 4876 in-

2008 4920 2302 4979 eﬁabilium
2355 4916 2678 4990 permittens
2737 4914 3264 4984 interpretationem.
3330 4912 3422 4966 Sic
3494 4915 3584 4966 in-

2008 5012 2254 5069 ebriatus
2276 5022 2495 5079 quoque
2522 5005 2623 5061 fuit
2642 5018 2819 5062 novus
2841 5010 3033 5059 noster
3055 5003 3336 5073 Benjamin
3368 5000 3591 5071 Paulus,

2008 5107 2265 5177 quoniam
2303 5100 2404 5154 fuit
2430 5099 2485 5152 in
2518 5095 2725 5154 exstasi
2752 5111 2881 5151 cum
2911 5096 3149 5151 diceret:
3178 5095 3299 5150 Sive
3328 5095 3468 5147 enim
3498 5111 3594 5149 ea:-

2009 5198 2283 5259 cessimus,
2327 5192 2436 5247 Deo
2478 5191 2576 5259 (ad
2610 5190 2761 5245 illum
2798 5188 2946 5244 enim
2978 5194 3097 5243 erat
3141 5185 3463 5258 excessus),
3491 5187 3598 5240 sive

2010 5287 2175 5344 sobrii
2203 5301 2408 5349 sumus,
2436 5281 2580 5337 vobis
2599 5282 2679 5349 ²¹;
2710 5281 2855 5336 sicut
2892 5294 3016 5333 cum
3048 5279 3102 5332 in
3139 5278 3206 5332 iis
3227 5292 3349 5347 quae
3381 5278 3596 5332 diccbat

2009 5375 2195 5438 Festo,
2230 5386 2291 5428 se
2329 5387 2435 5427 non
2467 5371 2712 5427 insanire
2736 5368 3067 5437 enuntiaret,
3112 5367 3209 5423 sed
3250 5367 3397 5437 loqui
3428 5368 3597 5423 verba

2013 5468 2332 5526 sobrietatis
2353 5475 2408 5524 et
2427 5463 2656 5536 iustitia:
2675 5462 2743 5516 ”.
2777 5460 2916 5516 Novi
2936 5460 3101 5516 etiam
3125 5460 3341 5515 beatum
3368 5458 3592 5515 Petrum

397 5682 445 5715 “
466 5680 600 5737 Luc.
634 5697 793 5745 χχιιι,
827 5683 916 5738 56.
971 5681 1015 5713 ⁸⁸
1044 5678 1062 5732 l
1089 5678 1218 5734 Cor.
1261 5674 1453 5739 xv,5l.
1565 5672 1608 5703 ¹τ
1635 5624 1838 5745 lllgor.
1871 5687 1885 5725 ι

2010 5712 2021 5725 .
2081 5671 2122 5703 ³⁸
2156 5668 2344 5725 Matth.
2382 5618 2511 5733 xxv,
2567 5664 2655 5720 35.
2726 5661 2936 5720 "Psal.
2996 5678 3163 5729 xxxv,
3203 5661 3256 5720 9.
3354 5659 3400 5694 '°
3443 5648 3585 5714 Psal.

1231 5750 1278 5777 "
1316 5748 1439 5799 Act.
1484 5757 1637 5799 xxvi.
1670 5741 1740 5795 ΞΗ
1766 5757 1887 5812 sqq.

318 5768 454 5813 cxv.
496 5753 581 5811 ll.
694 5755 735 5785 ²¹
770 5752 810 5807 ll
837 5754 964 5808 Cor.
1000 5750 1157 5815 v,l'5.
