3866 6358
406 338 506 397 99!

1649 343 1705 400 S.
1746 343 2076 402 GREGORII
2114 345 2407 409 NYSSENI

3578 364 3683 422 992

404 458 460 512 in
495 457 604 513 hoc
635 474 833 530 genere
866 460 1166 527 ebrietatis,
1212 462 1376 518 simul
1409 471 1459 519 et
1562 466 1891 529 esurientem
1915 482 1972 526 νει

2092 473 2417 545 πρόσπεινόν
2440 490 2496 527 τε
2526 473 2655 528 ὄντα
2676 471 2811 545 ὁμοῦ
2842 474 2933 527 xui
2963 474 3250 545 μεθύοντα.
3289 477 3426 548 Πρὶν
3450 479 3558 552 γάρ
3580 484 3680 555 τὴν

406 549 763 605 incbriatum.
824 551 1149 623 Priusquam
1204 556 1349 609 enim
1398 559 1682 627 corporale
1734 568 1879 624 esset
1937 563 1986 617 ei

401 642 626 697 allatum
679 644 1095 710 nutrimentum,
1151 661 1277 700 cum
1313 649 1550 704 csuriret
1597 658 1652 704 et
1684 652 1845 706 vellet
1888 669 1989 723 gu-

402 742 571 795 Stare,
602 732 720 787 suis
768 732 871 803 ipsi
904 733 1226 801 parantibus
1266 750 1529 800 mensam,
1585 738 1645 790 fit
1691 737 1766 791 illi
1798 737 1984 791 divina

399 831 452 878 et
481 824 663 879 sobria
700 825 860 890 visio,
908 842 1006 897 per
1031 808 1193 897 quain
1226 827 1344 899 ipse
1377 842 1407 882 a
1447 828 1631 898 seipso
1658 828 1900 885 excedit.
1932 835 1986 883 et

396 914 771 983 evangelicum
801 918 1212 987 contemplatur
1244 918 1497 983 linteum,
1533 928 1769 989 quatuor
1814 919 1984 976 initiis

398 1005 467 1060 ab
519 1006 627 1059 alto
657 1007 869 1060 demitti
903 1007 957 1061 in
1001 1015 1225 1073 terrain,
1281 1024 1444 1065 omne
1483 1026 1656 1080 genus
1697 1010 1983 1065 hominum

398 1097 453 1150 in
482 1111 541 1151 se
592 1098 883 1153 continens
919 1098 1280 1154 formatorum
1336 1101 1391 1155 in
1425 1100 1619 1157 formis
1657 1103 1979 1158 innumera-

395 1189 599 1245 bilibus
658 1190 962 1257 volucrum,
1015 1190 1434 1263 quadrupedum
1464 1201 1518 1248 et
1556 1195 1831 1265 reptilium
1888 1194 1985 1251 be-

394 1283 646 1344 stiarum,
679 1297 778 1352 pro
808 1283 1096 1353 multiplici
1125 1285 1401 1340 variorum
1431 1287 1677 1341 cultuum
1711 1296 1766 1341 et
1790 1302 1984 1359 super-

392 1374 678 1429 stitionum
731 1374 1072 1430 diversitate.
1106 1375 1181 1431 Ex
1214 1378 1413 1447 quibus
1453 1376 1613 1433 Petro
1652 1378 1811 1449 jubet
1857 1393 1985 1433 ora-

393 1467 489 1528 tio,
539 1471 599 1519 ut
629 1464 683 1519 id
719 1465 996 1521 sacrificet
1026 1468 1171 1537 quod
1214 1479 1297 1525 est
1351 1469 1650 1525 belluinum
1696 1476 1750 1526 et
1782 1484 1981 1541 expers

390 1555 646 1621 rationis,
699 1563 759 1610 ut
800 1556 869 1612 iis
902 1559 1166 1630 purgatis,
1216 1559 1365 1631 quod
1417 1570 1590 1617 restat
1624 1562 1697 1618 sit
1730 1562 1981 1618 esculen-

391 1658 531 1713 tum,
573 1648 793 1718 quando
832 1650 1070 1705 traditur
1098 1652 1305 1705 nudum
1329 1654 1557 1708 verbum
1590 1653 1830 1723 pietatis,
1853 1668 1982 1709 eum

389 1755 499 1794 non
538 1746 707 1797 semel
752 1741 954 1797 dixerit
993 1758 1093 1798 vox
1128 1744 1310 1799 divina
1334 1787 1348 1813 ,
1399 1760 1509 1801 non
1537 1761 1661 1801 esse
1700 1747 1977 1817 impurum

2092 563 2411 636 σωματικὴν
2463 565 2670 637 τροφὴν
2748 566 3256 636 προσενέγκασθαι,
3326 569 3415 622 ὅτε
3462 572 3680 640 ἐγένετο

2088 654 2415 724 πρόσπεινος
2457 655 2550 709 καί
2593 655 2751 726 ῆθελε
2782 654 3104 725 γεύσασθαι,
3149 661 3677 729 παρασκευαζόντων

2088 745 2237 817 αὕτῷ
2255 746 2363 799 τῶν
2389 746 2533 800 ἰδίων
2549 747 2647 819 τὴν
2669 747 2971 819 τράπεζαν,
2996 750 3205 818 γίνεται
3235 750 3385 821 αὐτῷ
3406 754 3440 824 ἡ
3466 752 3588 807 θεία
3618 772 3676 806 τε

2087 837 2181 889 xui
2226 837 2489 907 νηφάλιος
2525 838 2686 909 μέθη,
2737 838 2804 891 δι’
2841 834 2910 910 ἦς
2954 838 3233 904 ἐξίσταται
3265 842 3429 906 αὐτὸς
3455 844 3672 907 ἑαυτοῦ,

2085 929 2180 982 xui
2209 928 2406 1000 θεωρεῖ
2428 930 2525 1002 τὴν
2546 930 2908 1003 εὐαγγελικήν
2923 932 3133 1003 ὀθόνην,
3156 934 3448 1005 τέσσαρσιν
3478 938 3676 1009 ἀρχαῖς

2084 1017 2291 1073 ἄνωθεν
2344 1020 2699 1092 καθιεμένην,
2740 1022 2850 1075 πᾶν
2884 1023 3039 1092 γένος
3088 1023 3392 1095 ἀνθρώπων
3422 1026 3483 1078 ὲν
3531 1027 3672 1097 αὐτῇ

2086 1110 2448 1181 περιέχουσαν
2493 1112 2552 1164 ἐν
2608 1112 2823 1183 μυρίοις
2861 1113 3046 1179 εἴδεσι,
3080 1116 3342 1169 πετεινῶν
3372 1132 3428 1168 τε
3462 1117 3556 1169 καὶ
3584 1133 3674 1169 τε·

2083 1202 2367 1275 τραπόδων
2398 1202 2493 1257 xui
2549 1204 2795 1275 ἑρπετῶν
2845 1206 2939 1261 xui
2999 1205 3224 1277 θηρίων,
3258 1208 3397 1261 κατά
3428 1207 3526 1272 τὰς
3563 1209 3676 1261 τῶν

2086 1292 2446 1364 σεϐασμάτων
2477 1293 2740 1367 διαφορὰς
2764 1298 3234 1369 μεμορφωμένων.
3255 1293 3356 1351 Ὧν
3378 1298 3437 1352 τὸ
3468 1298 3673 1370 θηριῶο

2082 1384 2173 1449 δές
2200 1402 2259 1438 τε
2286 1386 2381 1439 xui
2410 1386 2603 1455 ἄλογον
2638 1383 2778 1451 εἶδος
2802 1388 2961 1443 θῦσαι
2990 1389 3067 1459 τῷ
3105 1390 3296 1462 Πέτρῳ
3322 1393 3350 1443 6
3380 1392 3536 1458 λόγος
3550 1392 3670 1445 δια⁸

2082 1476 2379 1543 κελεύεται,
2433 1479 2522 1533 ἴνα
2573 1479 2956 1550 καθαρθέντων
3002 1480 3201 1547 αὐτῶν,
3248 1482 3307 1535 τὸ
3349 1483 3672 1552 λειπόμενον

2081 1567 2341 1640 ἐδώδιμον
2388 1569 2631 1641 γένηται,
2666 1571 2754 1624 ὅτε
2804 1573 2898 1625 xui
2933 1572 3136 1643 γυμνὸς
3177 1574 3205 1625 6
3235 1573 3333 1643 τῆς
3385 1573 3675 1639 εὐσεϐείας

2084 1661 2439 1733 παραδίδοται
2492 1661 2667 1733 λόγρς,
2725 1663 2823 1733 οὐχ
2877 1662 3021 1728 ἅπαξ
3079 1663 3339 1735 εἰπούσης
3381 1663 3483 1733 τῆς
3519 1664 3675 1729 θείας

2083 1753 2290 1824 φωνῆς,
2312 1754 2395 1807 ὅτι
2417 1756 2538 1809 Οὐκ
2566 1756 2700 1809 ἐστι
2742 1754 2948 1809 κοινὸν
2986 1755 3130 1824 ὅπερ
3156 1758 3190 1810 ό
3223 1756 3368 1822 Θεὸς
3400 1754 3674 1824 ἐκαθάρι-

388 1832 534 1902 quod
561 1831 703 1887 Deus
730 1835 1002 1903 purgavit.
1041 1834 1153 1890 llac
1186 1836 1330 1892 facta
1377 1815 1972 1908 praedicatione'tribus

2083 1815 2403 1901 σεν.ν’Ᾱλλ’
2420 1848 2500 1909 εἰς
2531 1847 2650 1919 τρὶς
2673 1848 2964 1917 γενομένου
2994 1815 3358 1903 τοῦ-τοιούτου
3381 1866 3449 1919 κη
3460 1815 3678 1920 ρύγμα-

386 1924 621 1988 vieibus,
643 1934 702 1978 ut
722 1940 829 1978 una
852 1942 985 1982 voce
1010 1927 1291 1984 discamus
1313 1928 1480 1984 Deum
1501 1938 1823 2000 purgantem
1846 1946 1973 1987 esse

385 2013 626 2079 Patrem,
654 2023 708 2070 et
730 2017 784 2070 in
814 2016 918 2070 alia
952 2018 1205 2098 similiter
1235 2018 1404 2074 Deum
1435 2029 1754 2092 purgantem
1779 2021 1969 2093 unige-

386 2107 562 2161 nitum
583 2122 706 2163 esse
725 2107 816 2162 Dei
843 2106 1125 2174 Filium,et
1143 2109 1195 2164 in
1215 2111 1318 2165 alia
1339 2110 1611 2178 similiter,
1630 2113 1775 2183 quod
1794 2112 1970 2183 quod-

385 2200 469 2255 vis
498 2199 839 2254 immundum
874 2217 1113 2273 purgans
1144 2203 1288 2259 Deus
1318 2213 1403 2258 est
1445 2202 1683 2274 Spiritus
1721 2214 1970 2261 sanctus.

385 2292 521 2347 Cum
541 2308 672 2363 ergo
694 2292 841 2347 sitex
875 2294 1001 2349 vino
1028 2294 1339 2365 hujusmodi
1370 2296 1627 2362 ebrietas,
1652 2312 1817 2367 quam
1842 2312 1971 2352 con«

388 2384 525 2439 vivis
548 2386 770 2455 apponit
792 2384 1075 2448 Dominus,
1095 2401 1190 2455 per
1219 2386 1363 2455 quod
1400 2388 1596 2442 animae
1624 2387 1684 2442 lit
1712 2403 1974 2445 excessus

386 2474 453 2530 ad
473 2490 534 2530 ea
557 2492 677 2546 quae
704 2490 829 2532 sunt
845 2476 1135 2543 diviniora,
1161 2487 1307 2532 recte
1323 2477 1479 2547 jubet
1503 2477 1763 2536 Dominus
1789 2481 1857 2536 iis
1880 2482 1973 2551 qui

386 2582 557 2637 prope
588 2577 717 2622 sunt
753 2584 848 2637 per
889 2569 1139 2636 virtutes,
1175 2584 1281 2623 non
1317 2570 1383 2624 iis
1432 2571 1525 2641 qui
1560 2571 1717 2641 longe
1749 2571 1979 2628 absunt:

382 2652 676 2722 Comedite,
706 2658 986 2729 propinqui
1003 2659 1122 2726 mei,
1153 2668 1202 2713 et
1234 2658 1389 2713 bibite
1414 2670 1463 2713 et
1497 2660 1850 2717 iueb‘riamini.
1871 2662 1972 2729 Qui

380 2748 530 2803 enim
556 2750 775 2819 indigne
802 2751 1040 2805 comedit
1071 2761 1125 2806 et
1147 2751 1586 2820 hibit.judicium
1612 2752 1716 2807 sibi
1741 2751 1976 2806 comedit

383 2852 437 2895 et
478 2841 705 2896 bibit”.
743 2841 910 2897 Recte
956 2852 1136 2897 autem
1168 2844 1459 2915 appellavit
1504 2843 1703 2900 fratres
1752 2860 1848 2900 eos
1879 2845 1972 2914 qui

381 2934 533 3004 digni
574 2945 705 2990 sunt
757 2942 814 2989 ut
843 2936 1153 2991 comedunt.
1186 2936 1321 2991 Nam
1358 2939 1448 3008 qui
1480 2937 1610 2993 facit
1637 2938 1970 2992 voluntatem

381 3022 585 3091 Patris,
615 3026 927 3080 nominatur
950 3041 979 3080 a
1016 3025 1193 3083 Verbo
1219 3028 1387 3083 frater
1417 3037 1471 3084 et
1510 3036 1683 3083 mater
1708 3036 1760 3083 et
1790 3042 1965 3083 soror.

2077 1952 2190 2005 τος,
2217 1936 2305 1991 ἵνα
2341 1936 2603 2007 μάθωμεν
2642 1940 2708 2010 τῇ
2760 1939 2860 2009 μιᾷ
2902 1940 3073 2010 φωνῇ,
3123 1938 3253 1992 Θεὸν
3308 1937 3677 2009 καθαρίζοντα

2076 2026 2167 2081 τὸν
2218 2026 2471 2099 Πατέρα.
2540 2027 2635 2080 xui
2686 2029 2743 2081 ἐν
2774 2030 2839 2099 τῇ
2887 2029 3049 2100 ἑτέρᾳ
3102 2029 3366 2092 ὡσαύτως
3425 2027 3677 2099 καθαρί-

2075 2115 2234 2179 ζοντα
2283 2116 2374 2169 τὸν
2403 2114 2555 2181 Θεὸν,
2601 2118 2693 2170 τὸν
2727 2118 2988 2189 μονογενῆ
3014 2119 3141 2172 Υἰὺν
3187 2114 3346 2184 εἰναι,
3374 2118 3469 2172 καὶ
3497 2121 3557 2172 ἐν
3604 2121 3675 2189 τῇ

2076 2206 2209 2279 ἄλλῃ
2263 2207 2697 2279 παραπλησίως,
2748 2210 2828 2263 ὅτι
2866 2212 2894 2263 6
2935 2211 3042 2263 πᾶν
3086 2209 3393 2280 ἀκάθαρτον
3438 2207 3679 2278 καθαρί-

2078 2300 2186 2364 ζων
2224 2299 2377 2363 Θεὸς,
2416 2300 2478 2353 τὸ
2513 2299 2737 2371 Πνεῦμά
2772 2302 2888 2354 ἐστι
2920 2301 2980 2354 τὸ
3024 2300 3196 2369 ἅγιον.
3244 2299 3507 2371 Τοιαύτης
3559 2299 3679 2354 τοίο

2080 2405 2174 2442 νυν
2230 2387 2520 2459 γινομένης
2567 2388 2668 2458 τῆς
2692 2390 2758 2442 ἐκ
2780 2389 2873 2443 τοῦ
2910 2389 3053 2443 οἴνου
3090 2390 3281 2461 μέθης,
3301 2390 3359 2444 ὃν
3379 2389 3677 2461 προτίθησι

2077 2481 2190 2543 τοῖς
2222 2479 2528 2550 συμπόταις
2548 2481 2577 2533 6
2599 2479 2822 2552 Κύριος,
2848 2480 2915 2534 δι’
2935 2477 3003 2554 ἦς
3024 2481 3159 2553 πρὸς
3190 2482 3258 2535 τά
3288 2481 3527 2552 θειότερα
3565 2482 3676 2552 τῆς

2079 2572 2260 2644 ψυχῆς
2290 2571 2548 2636 ἔκστασις
2594 2573 2825 2642 γίνεται,
2880 2572 3059 2637 καλῶς
3088 2573 3517 2644 παρακελεύεται
3553 2577 3677 2637 τοῖς

2080 2659 2307 2732 πλησίον
2337 2660 2423 2715 διὰ
2455 2660 2562 2715 τῶν
2616 2662 2829 2733 ἀρετῶν
2862 2664 3163 2731 γεγονόσιν,
3210 2665 3271 2718 οὐ
3303 2666 3412 2725 τοῖς
3447 2658 3678 2735 πόρρω-

2080 2752 2172 2806 θεν
2202 2752 2568 2823 ἀφεστηκόσιν
2595 2756 2624 2808 6
2652 2754 2884 2826 Κύριος·
2920 2755 3000 2808 ὅτι
3035 2754 3281 2825 mirere,
3317 2758 3370 2808 οἰ
3395 2756 3678 2820 πλησίον

2073 2862 2215 2915 μου,
2268 2845 2369 2899 καὶ
2424 2846 2610 2911 arista,
2648 2846 2745 2900 καὶ
2784 2846 3141 2918 μεθύσθητε.
3178 2844 3238 2900 '0
3272 2846 3379 2917 γὰρ
3426 2844 3676 2910 ἀναξίως

2081 2933 2276 2988 ἐσθίων
2338 2935 2434 2988 xui
2479 2936 2670 3001 πίνων,
2736 2935 2909 3007 κρίμα
2957 2934 3133 3006 ἐαυτῷ
3175 2934 3340 2988 ἐσθίει
3370 2934 3463 2988 xui
3492 2933 3671 2985 πίνει.

2077 3025 2273 3090 Καλῶς
2305 3026 2362 3080 δὲ
2405 3030 2532 3093 τοὺς
2578 3028 2760 3094 ἀξίους
2784 3028 2880 3099 τῆς
2908 3025 3164 3098 βρώσεως
3192 3028 3446 3097 ἀδελφοὺς
3489 3043 3677 3097 προσ-

383 3118 711 3189 ηγόρευσεν.
757 3118 817 3173 Ὀ
847 3119 954 3194 γὰρ
983 3122 1152 3177 ποιῶν
1200 3121 1262 3175 τὸ
1285 3120 1499 3192 θέλημα
1538 3120 1724 3211 αὑτοῦ,
1788 3119 1882 3174 xui
1925 3117 2155 3187 ἀδελφὸς
2197 3119 2291 3172 καὶ
2337 3118 2540 3192 ἀδελφή
2572 3121 2666 3175 xui
2699 3121 2883 3192 μήτηρ
2915 3119 3019 3173 ὑπὸ
3065 3120 3161 3173 τοῦ
3212 3120 3383 3189 Λόγου
3434 3135 3674 3175 κατονο-

385 3209 631 3282 μάζεται.

453 3304 787 3360 Ebrietatem
819 3315 999 3361 autem
1017 3312 1423 3376 consequenter
1447 3306 1696 3375 sequitur
1716 3321 1967 3374 somnus,
2001 3314 2039 3369 C

384 3403 444 3449 ut
474 3411 571 3467 per
598 3399 1016 3454 concoctionem
1047 3398 1208 3453 detur
1232 3396 1468 3453 facultas
1493 3398 1740 3453 convivis
1768 3399 1834 3453 ad
1868 3400 1969 3454 bo-

382 3504 509 3542 nam
566 3488 943 3545 habitudinem
973 3489 1255 3561 digereudi
1296 3490 1469 3545 cibos.
1506 3489 1800 3561 Propterea
1844 3499 1971 3562 post

382 3579 513 3634 illud
574 3581 795 3651 epulum
851 3596 1056 3652 sponsa
1114 3590 1332 3637 tenetur
1382 3597 1597 3637 somno.
1649 3581 1746 3638 Est
1784 3592 1964 3638 autem

382 3674 596 3730 alienus
626 3675 845 3745 quidem
877 3689 1122 3739 somnus,
1161 3686 1215 3730 et
1243 3689 1272 3728 a
1304 3675 1702 3731 consuetudine
1730 3675 1966 3729 naturali

379 3774 646 3823 remotus.
680 3764 815 3821 Nam
850 3767 903 3821 in
945 3775 1211 3823 consueto
1252 3765 1467 3838 quidem
1499 3782 1693 3824 somno
1720 3769 1811 3837 qui
1836 3766 1968 3821 dor-

383 3853 482 3908 mit
528 3871 636 3911 non
684 3857 891 3927 vigilat,
951 3865 1006 3912 et
1035 3856 1129 3928 qui
1169 3857 1374 3928 vigilat,
1426 3873 1537 3912 non
1586 3858 1810 3923 dormit,
1871 3856 1966 3914 sed

381 3955 679 4018 utrumque
712 3948 768 4002 in
805 3963 865 4003 se
900 3947 1131 4004 invicem
1170 3948 1393 4013 desinit,
1435 3965 1630 4019 nempe
1659 3964 1887 4006 somnus
1916 3958 1969 4005 et

382 4039 566 4109 vigilia
601 4033 704 4093 sibi
755 4038 989 4094 invicem
1037 4039 1383 4095 succedendo
1412 4041 1681 4108 cedentia,
1723 4051 1778 4096 et
1808 4042 1971 4096 vicis-

383 4128 488 4181 sim
522 4128 590 4183 ad
629 4144 1078 4200 unumquemque
1103 4131 1442 4187 accedentia.
1484 4130 1586 4187 ilic
1612 4141 1791 4189 autem
1826 4148 1967 4188 nova

382 4221 632 4292 quaedam
664 4232 717 4278 et
762 4222 1102 4280 admirabilis
1147 4225 1331 4281 mistio
1367 4236 1421 4281 et
1448 4225 1613 4281 coitio
1657 4227 1964 4283 contrario-

382 4329 505 4370 rum
537 4313 685 4370 circa
721 4330 842 4371 eam
872 4316 1135 4372 cernitur.
1170 4315 1280 4388 Ego
1308 4318 1468 4385 enim,
1502 4318 1700 4388 inquit,
1731 4318 1963 4384 dormio,

379 4416 427 4459 et
453 4421 546 4460 cor
572 4422 744 4461 meum
773 4406 979 4478 vigilat.
1014 4408 1274 4474 Quumam
1305 4425 1435 4480 ergo
1466 4418 1552 4465 est
1578 4410 1645 4466 de
1677 4410 1764 4464 his
1799 4410 1966 4467 rebus

270 4534 279 4537 ι
381 4498 697 4570 accipienda
718 4498 1032 4554 sententia?
1055 4497 1295 4554 Somnus
1317 4509 1403 4554 est
1429 4501 1621 4557 mortis
1638 4501 1961 4555 similitudo.
2005 4502 2014 4517 ‘

382 4593 439 4646 In
478 4609 544 4649 eo
565 4593 708 4650 enim
742 4593 973 4649 solvitur
1001 4593 1183 4648 omnis
1223 4594 1466 4649 sentiens
1500 4608 1793 4664 corporum
1834 4608 1962 4663 ope-

2157 3306 2493 3371 Ἀκολούθως
2516 3306 2572 3361 δὲ
2619 3306 2927 3379 διαδέχεται
2976 3308 3075 3379 τὴν
3121 3306 3291 3379 μέθην
3316 3307 3344 3360 ό
3376 3307 3559 3372 ὕπνοςν
3589 3310 3674 3375 ὡς

2071 3399 2138 3453 ἂν
2167 3399 2257 3453 διὰ
2322 3400 2422 3472 τῆς
2468 3401 2686 3470 πέψεως
2735 3400 3024 3471 ἀναδοθείη
3079 3405 3194 3466 τοῖς
3234 3402 3545 3473 δαιτυμόσιν
3583 3408 3672 3470 εἰς

2072 3488 2287 3555 εὐεξίαν
2336 3491 2369 3561 ή
2412 3489 2661 3562 δύναμις.
2701 3489 2801 3543 Διά
2842 3489 3000 3543 τοῦτο
3045 3489 3184 3562 μετά
3216 3489 3313 3562 τὴν
3345 3490 3672 3545 πανδαισίαν

2071 3582 2290 3651 ἐκείνην
2342 3583 2399 3634 ἐν
2430 3580 2508 3652 τῷ
2563 3580 2718 3652 ὕπνῳ
2752 3582 2785 3652 ή
2813 3579 2997 3651 νύμφη
3030 3581 3262 3649 γίνεται.
3300 3578 3461 3643 Ξένος
3492 3580 3549 3634 δέ
3578 3600 3672 3647 τις

2070 3666 2225 3735 οὕτος
2247 3674 2276 3725 6
2309 3669 2476 3734 ὕπνος
2505 3670 2647 3733 ἐστὶ,
2672 3671 2768 3725 xui
2793 3671 2891 3742 τῆς
2934 3670 3169 3742 φυσικῆς
3202 3670 3481 3740 συνηθείας
3511 3671 3672 3727 ἀλλό-

2069 3778 2241 3833 τριος.
2278 3761 2401 3815 Ἐπὶ
2424 3761 2521 3833 μὲν
2543 3761 2650 3835 γὰρ
2684 3761 2777 3815 τοῦ
2810 3762 3073 3833 συνήθους
3107 3760 3299 3830 ὕπνου,
3330 3761 3448 3816 οὕτε
3471 3763 3500 3814 ὁ
3524 3763 3672 3817 καθ-

2070 3854 2242 3909 εύδων
2311 3855 2633 3927 ἐγρήγορεν,
2692 3854 2787 3908 xui
2848 3857 2876 3909 6
2929 3855 3246 3927 ἐγρηγορὼς
3280 3854 3339 3909 οὐ
3372 3854 3666 3911 καθεύδει·

2071 3947 2186 4002 ἀλλ’
2224 3948 2282 4000 ἐν
2321 3946 2571 4019 ἀλλήλοις
2622 3947 2777 4019 λήγει
2818 3946 3126 4018 ἀμφότερα,
3159 3948 3186 4001 ὅ
3225 3964 3282 4001 τε
3314 3946 3475 4010 ὕπνος
3500 3947 3599 4001 καὶ
3631 3952 3667 4021 ή

2028 4068 2035 4075 ~
2069 4041 2456 4113 ἐγρηγόρησις,
2492 4041 2613 4104 ταῖς
2641 4038 2911 4109 διαδοχαῖς
2945 4037 3193 4109 ἀλλήλων
3231 4035 3662 4110 ὑπεξιστάμενα.

2082 4129 2349 4184 Ἐνταῦθα
2373 4129 2430 4182 δέ
2463 4146 2549 4193 τις
2576 4130 2739 4201 καινὴ
2761 4130 2855 4183 xui
2879 4130 3180 4202 παράδοξος
3204 4131 3349 4201 μίξις
3376 4130 3479 4185 τῶν
3504 4132 3666 4186 ἐναν-

2067 4220 2200 4274 τίων
2224 4220 2317 4274 xui.
2357 4219 2574 4284 σύνοδος
2606 4220 2891 4292 θεωρεῖται
2940 4223 3068 4293 περὶ
3105 4223 3297 4294 αὐτήν.
3341 4221 3488 4292 Ἐγὼ
3518 4226 3661 4292 τὰρ,

2069 4313 2222 4384 φησὶ,
2260 4312 2548 4375 καθεύδω,
2574 4312 2674 4375 καὶ
2704 4313 2742 4381 ἡ
2773 4312 2989 4382 καρδία
3017 4331 3137 4384 μου
3179 4314 3485 4384 ἀγρυπνεῖ.
3517 4318 3661 4370 Τίνα
3720 4356 3731 4362 -

2067 4399 2160 4458 οὖν
2187 4402 2292 4475 χρὴ
2326 4403 2562 4458 διάνοιαν
2585 4404 2712 4474 περί⁸
2742 4403 2947 4458 τούτων
2978 4403 3197 4470 λαϐεἰν;
3244 4406 3447 4469 Ὕπνος
3485 4405 3660 4460 θανά-

2066 4513 2160 4549 του
2195 4495 2342 4549 ὲστίν
2371 4495 2646 4567 ὁμοίωμα.
2670 4496 2871 4549 Λύεται
2893 4495 3003 4567 γὰρ
3033 4498 3093 4552 ἐν
3121 4496 3268 4569 αὐτῷ
3300 4498 3445 4550 πᾶσα
3466 4497 3658 4568 αἰσθη-

2066 4588 2194 4659 τικὴ
2222 4587 2333 4640 τῶν
2374 4588 2644 4658 σωμάτων
2668 4588 2939 4656 ἐνέργεια,
2960 4589 3059 4642 οὐκ
3091 4588 3283 4659 ὅψεως,
3327 4589 3427 4642 οὐκ
3458 4590 3663 4660 ἀκοῆς,

379 4684 702 4748 ratio,cum
754 4700 857 4743 nec
893 4685 1069 4750 visus,
1114 4699 1216 4740 nec
1248 4685 1488 4749 auditus,
1531 4699 1632 4740 nec
1674 4684 1959 4748 odoratus,

2077 4682 2167 4735 xix
2213 4681 2555 4752 ὀσφρήσεως,
2597 4682 2657 4734 ού
2711 4680 2973 4750 γεύσεως,
3012 4683 3112 4752 οὐχ
3165 4682 3331 4752 ἁφῆς,
3374 4681 3525 4752 παρά
3558 4683 3659 4738 τὸν

381 4791 481 4831 nec
505 4783 721 4846 gustus,
766 4790 864 4830 nec
898 4783 1097 4839 tactus,
1151 4776 1329 4831 somni
1380 4784 1644 4846 tempore,
1700 4790 1803 4828 suo
1840 4774 1967 4829 fun-

380 4876 541 4937 gatur
572 4882 838 4921 munere:
895 4868 990 4921 sed
1040 4874 1094 4921 et
1128 4868 1376 4937 corporis
1404 4869 1550 4922 vires
1596 4867 1965 4937 franguntur;

378 4968 634 5027 procreat
675 4959 841 5013 etiam
876 4959 1207 5014 oblivionem
1244 4958 1679 5014 sollicitudinum
1709 4966 1763 5012 et
1802 4973 1965 5012 cura-

378 5060 500 5100 rum
530 5062 651 5117 quae
681 5055 810 5100 sunt
865 5046 919 5100 in
973 5047 1214 5113 homine,
1271 5047 1415 5117 sopit
1455 5053 1684 5111 metum,
1735 5054 1788 5101 et
1828 5047 1964 5099 iram

378 5137 533 5203 lenit,
586 5148 862 5195 eteorum
907 5141 1000 5210 qui
1054 5148 1183 5195 sunt
1225 5140 1372 5195 acris
1402 5148 1456 5194 et
1500 5138 1741 5194 acerbati
1795 5139 1963 5193 animi

379 5231 604 5286 remittit
647 5231 1072 5296 vehementiam,
1117 5241 1172 5286 et
1214 5230 1385 5287 efficit
1428 5241 1485 5286 ut
1525 5232 1712 5287 nullus
1744 5233 1816 5287 sit
1842 5246 1962 5286 om-

380 5321 528 5376 uium
572 5324 840 5377 malorum
894 5338 1116 5385 sensus,
1169 5323 1412 5393 quandiu
1472 5323 1787 5378 dominatur
1837 5338 1963 5378 cor-

381 5413 518 5478 puri.
577 5413 690 5468 Hoc
742 5430 873 5484 ergo
919 5415 1187 5471 discimus
1222 5430 1319 5485 per
1357 5430 1420 5485 ea
1462 5430 1583 5485 qua:
1629 5415 1775 5469 dicta
1810 5424 1959 5479 sunt,

384 5503 523 5568 quod
556 5504 737 5574 seipsa
763 5505 937 5561 evasit
963 5505 1253 5570 excelsior,
1286 5520 1407 5575 quae
1430 5504 1511 5562 sic
1547 5506 1831 5577 magnifice
1854 5507 1944 5576 glo

386 5590 555 5650 tiatur
607 5604 664 5651 et
696 5594 873 5651 dicit:
907 5595 1018 5668 Ego
1061 5596 1288 5665 dnrmio,
1332 5607 1380 5653 et
1413 5604 1508 5653 cor
1534 5612 1705 5651 meum
1753 5597 1957 5667 vigilat.

492 5778 537 5812 "
565 5779 585 5834 Ι
617 5779 747 5835 Cor.
788 5795 864 5847 xi,
887 5780 981 5833 Ἦ.

2068 4772 2161 4824 τοῦ
2202 4771 2370 4826 ὕπνου
2402 4773 2594 4844 καιρὸν
2618 4771 2947 4844 ἐνεργούσης
2974 4773 3034 4826 τὸ
3066 4774 3194 4826 ἴδιον
3214 4790 3225 4801 ·
3251 4772 3387 4826 ἀλλά
3422 4774 3512 4826 xui
3536 4774 3655 4827 λύει

2066 4866 2157 4919 τὸν
2189 4867 2343 4918 τόνον
2375 4864 2471 4918 τοῦ
2517 4863 2770 4935 σώματος
2799 4879 2814 4895 ο
2851 4866 2999 4917 ποιεῖ
3042 4864 3098 4916 δὲ
3131 4865 3223 4917 καὶ
3253 4863 3422 4935 λήθην
3451 4864 3557 4917 τῶν
3594 4867 3655 4917 ἐν

2065 4956 2142 5026 τῷ
2194 4955 2468 5026 ἀνθρώπῳ
2522 4955 2841 5027 φροντίδων,
2882 4955 2978 5008 καὶ
3006 4955 3329 5019 κατευνάζει
3354 4955 3443 5009 τὸν
3466 4955 3652 5024 φόϐον,

2065 5048 2160 5103 xui
2194 5049 2393 5120 ήμεροῖ
2415 5048 2506 5101 τὸν
2547 5047 2738 5118 θυμὸν,
2769 5047 2863 5101 xui
2884 5047 3131 5119 ὕποχαλᾷ
3162 5047 3270 5101 τῶν
3300 5049 3654 5120 πικραινομέ-

2069 5158 2172 5195 νων
2197 5142 2289 5195 τὸν
2322 5140 2496 5206 τόνον,
2530 5140 2626 5193 xui
2658 5139 2877 5193 πάντων
2905 5139 3015 5193 τῶν
3063 5139 3250 5193 κακῶν
3295 5138 3653 5209 ἀναισθησίαν

2067 5230 2229 5293 ποιεῖ,
2261 5228 2363 5292 ἕως
2388 5228 2454 5281 ἂν
2472 5227 2836 5299 κατακρατῶν
2864 5228 3003 5300 τύχῃ
3024 5228 3116 5282 τοῦ
3151 5229 3423 5300 σώματος.
3442 5228 3654 5282 Οὐκοῦν

2067 5320 2224 5373 τοῦτο
2250 5320 2337 5373 διά
2365 5319 2473 5373 τῶν
2495 5321 2800 5391 εἰρημένων
2833 5321 3199 5393 μανθάνομεν,
3230 5324 3309 5377 ὃτι
3345 5320 3649 5391 ὑψηλοτέρα

2066 5412 2287 5480 γέγονεν
2304 5411 2552 5482 ἑαυτῆςή
2576 5411 2747 5465 ταῦτα
2771 5413 3113 5484 μεγαλαυχου
3123 5412 3261 5484 μένη
3278 5412 3372 5467 xui
3392 5411 3648 5479 λέγουσα,

2066 5503 2149 5555 ὅτι
2184 5503 2325 5571 Ἐγὼ
2347 5503 2635 5570 καθεύδω,
2662 5503 2762 5559 καὶ
2786 5505 2823 5573 ἠ
2849 5502 3062 5572 καρδία
3081 5522 3199 5573 μου
3220 5501 3522 5572 (iuvaret
3555 5501 3650 5572 Τῷ

2070 5596 2180 5650 δντι
2237 5596 2344 5667 γάρ
2393 5594 2476 5665 ἐφ’
2508 5588 2582 5649 ὧν
2620 5595 2777 5666 μόνος
2825 5596 2854 5651 ό
2899 5593 3023 5658 νοῦς
3056 5594 3142 5665 ἐτ’
3177 5594 3366 5648 ἑαυτοῦ
3394 5589 3645 5664 βιοτεύει,
