  <div class='ocr_page' id='page_1' title='image "/cluster/home/n/w/nwhite01/storage/ocr_20150623/44:no.1/coo.31924054869445/504.png"; bbox 0 0 3866 6368; ppageno 0'>
   <div class='ocr_carea' id='block_1_1' title="bbox 289 445 408 496">
    <p class='ocr_par' dir='ltr' id='par_1_1' title="bbox 289 445 408 496">
     <span class='ocr_line' id='line_1_1' title="bbox 289 445 408 496; baseline 0.05 -8"><span class='ocrx_word' id='word_1_1' title='bbox 289 445 408 496; x_wconf 72' lang='grc' dir='ltr'><strong>9(δό</strong></span> 
     </span>
    </p>
   </div>
   <div class='ocr_carea' id='block_1_2' title="bbox 1346 423 2500 491">
    <p class='ocr_par' dir='ltr' id='par_1_2' title="bbox 1346 423 2500 491">
     <span class='ocr_line' id='line_1_2' title="bbox 1346 423 2500 491; baseline -0.009 -4"><span class='ocrx_word' id='word_1_2' title='bbox 1346 432 1410 488; x_wconf 87' lang='grc' dir='ltr'><strong>ΙΝ</strong></span> <span class='ocrx_word' id='word_1_3' title='bbox 1442 431 1740 491; x_wconf 74' lang='lat' dir='ltr'><strong>CANTICA</strong></span> <span class='ocrx_word' id='word_1_4' title='bbox 1775 428 2046 487; x_wconf 74' lang='lat' dir='ltr'><strong>CANTIC.</strong></span> <span class='ocrx_word' id='word_1_5' title='bbox 2090 424 2371 484; x_wconf 60' lang='lat' dir='ltr'><strong>HOMILEA</strong></span> <span class='ocrx_word' id='word_1_6' title='bbox 2409 423 2500 478; x_wconf 77' lang='lat' dir='ltr'><strong>XI.</strong></span> 
     </span>
    </p>
   </div>
   <div class='ocr_carea' id='block_1_3' title="bbox 3451 421 3555 478">
    <p class='ocr_par' dir='ltr' id='par_1_3' title="bbox 3451 421 3555 478">
     <span class='ocr_line' id='line_1_3' title="bbox 3451 421 3555 478; baseline 0 -1"><span class='ocrx_word' id='word_1_7' title='bbox 3451 421 3555 478; x_wconf 66' lang='grc' dir='ltr'><strong>ενι</strong></span> 
     </span>
    </p>
   </div>
   <div class='ocr_carea' id='block_1_4' title="bbox 289 535 1893 618">
    <p class='ocr_par' dir='ltr' id='par_1_4' title="bbox 289 547 1882 618">
     <span class='ocr_line' id='line_1_4' title="bbox 289 547 1882 618; baseline -0.006 -12"><span class='ocrx_word' id='word_1_8' title='bbox 289 550 477 607; x_wconf 72' lang='grc' dir='ltr'>οὐδενὶ</span> <span class='ocrx_word' id='word_1_9' title='bbox 506 548 611 601; x_wconf 63' lang='grc' dir='ltr'>τῷν</span> <span class='ocrx_word' id='word_1_10' title='bbox 659 548 1022 618; x_wconf 75' lang='grc' dir='ltr'><strong>αἰσθητηρίων</strong></span> <span class='ocrx_word' id='word_1_11' title='bbox 1061 547 1577 618; x_wconf 76' lang='grc' dir='ltr'>παρενοχλούμενος,</span> <span class='ocrx_word' id='word_1_12' title='bbox 1624 547 1698 610; x_wconf 82' lang='grc' dir='ltr'>ὡς</span> <span class='ocrx_word' id='word_1_13' title='bbox 1731 547 1882 616; x_wconf 76' lang='grc' dir='ltr'>ὕπνῳ</span> 
     </span>
    </p>
   </div>
   <div class='ocr_carea' id='block_1_5' title="bbox 1999 535 3555 618">
    <p class='ocr_par' dir='ltr' id='par_1_5' title="bbox 1999 535 3555 613">
     <span class='ocr_line' id='line_1_5' title="bbox 1999 535 3555 613; baseline -0.005 -15"><span class='ocrx_word' id='word_1_14' title='bbox 1999 546 2191 601; x_wconf 71' lang='lat' dir='ltr'><strong>Revera</strong></span> <span class='ocrx_word' id='word_1_15' title='bbox 2225 545 2370 600; x_wconf 88' lang='lat' dir='ltr'><strong>enim</strong></span> <span class='ocrx_word' id='word_1_16' title='bbox 2425 542 2665 613; x_wconf 86' lang='lat' dir='ltr'><strong>quandiu</strong></span> <span class='ocrx_word' id='word_1_17' title='bbox 2718 538 2834 596; x_wconf 76' lang='lat' dir='ltr'><strong>sola</strong></span> <span class='ocrx_word' id='word_1_18' title='bbox 2886 539 3067 594; x_wconf 82' lang='lat' dir='ltr'><strong>anima</strong></span> <span class='ocrx_word' id='word_1_19' title='bbox 3118 538 3173 593; x_wconf 89' lang='lat' dir='ltr'><strong>in</strong></span> <span class='ocrx_word' id='word_1_20' title='bbox 3215 551 3274 594; x_wconf 89' lang='lat' dir='ltr'><strong>se</strong></span> <span class='ocrx_word' id='word_1_21' title='bbox 3308 535 3465 602; x_wconf 76' lang='lat' dir='ltr'><strong>vivit,</strong></span> <span class='ocrx_word' id='word_1_22' title='bbox 3522 551 3555 591; x_wconf 67' lang='grc' dir='ltr'><strong><em>λ</em></strong></span> 
     </span>
    </p>
   </div>
   <div class='ocr_carea' id='block_1_6' title="bbox 292 637 1875 713">
    <p class='ocr_par' dir='ltr' id='par_1_6' title="bbox 292 637 1875 713">
     <span class='ocr_line' id='line_1_6' title="bbox 292 637 1875 713; baseline -0.005 -16"><span class='ocrx_word' id='word_1_23' title='bbox 292 645 410 697; x_wconf 71' lang='grc' dir='ltr'>τινὶ</span> <span class='ocrx_word' id='word_1_24' title='bbox 444 643 534 696; x_wconf 72' lang='grc' dir='ltr'>καὶ</span> <span class='ocrx_word' id='word_1_25' title='bbox 550 641 761 713; x_wconf 66' lang='grc' dir='ltr'>κώματι</span> <span class='ocrx_word' id='word_1_26' title='bbox 779 642 1011 711; x_wconf 85' lang='grc' dir='ltr'>πάρετος</span> <span class='ocrx_word' id='word_1_27' title='bbox 1035 641 1056 711; x_wconf 55' lang='lat'><strong>&#39;1</strong></span> <span class='ocrx_word' id='word_1_28' title='bbox 1078 640 1172 693; x_wconf 80' lang='grc' dir='ltr'>τοῦ</span> <span class='ocrx_word' id='word_1_29' title='bbox 1204 640 1452 710; x_wconf 87' lang='grc' dir='ltr'>σώματος</span> <span class='ocrx_word' id='word_1_30' title='bbox 1481 640 1683 707; x_wconf 88' lang='grc' dir='ltr'>γίνοιτο</span> <span class='ocrx_word' id='word_1_31' title='bbox 1696 637 1875 707; x_wconf 78' lang='grc' dir='ltr'>φύσις,</span> 
     </span>
    </p>
   </div>
   <div class='ocr_carea' id='block_1_7' title="bbox 293 728 1880 804">
    <p class='ocr_par' dir='ltr' id='par_1_7' title="bbox 293 728 1880 804">
     <span class='ocr_line' id='line_1_7' title="bbox 293 728 1880 804; baseline -0.006 -14"><span class='ocrx_word' id='word_1_32' title='bbox 293 736 400 790; x_wconf 70' lang='grc' dir='ltr'><strong>καὶ</strong></span> <span class='ocrx_word' id='word_1_33' title='bbox 433 734 647 804; x_wconf 72' lang='grc' dir='ltr'>ἀληθῶς</span> <span class='ocrx_word' id='word_1_34' title='bbox 681 732 826 787; x_wconf 71' lang='grc' dir='ltr'>ἐστιν</span> <span class='ocrx_word' id='word_1_35' title='bbox 875 734 1068 793; x_wconf 78' lang='grc' dir='ltr'>εἰπεῖν,</span> <span class='ocrx_word' id='word_1_36' title='bbox 1103 733 1182 785; x_wconf 81' lang='grc' dir='ltr'><strong>ὄτι</strong></span> <span class='ocrx_word' id='word_1_37' title='bbox 1213 732 1469 802; x_wconf 78' lang='grc' dir='ltr'><strong>κοιμᾶται</strong></span> <span class='ocrx_word' id='word_1_38' title='bbox 1511 730 1578 783; x_wconf 86' lang='grc' dir='ltr'>δι’</span> <span class='ocrx_word' id='word_1_39' title='bbox 1608 728 1880 800; x_wconf 78' lang='grc' dir='ltr'>ἀπραξίας</span> 
     </span>
    </p>
   </div>
   <div class='ocr_carea' id='block_1_8' title="bbox 294 820 1880 898">
    <p class='ocr_par' dir='ltr' id='par_1_8' title="bbox 294 820 1880 898">
     <span class='ocr_line' id='line_1_8' title="bbox 294 820 1880 898; baseline -0.006 -20"><span class='ocrx_word' id='word_1_40' title='bbox 294 828 334 898; x_wconf 77' lang='grc' dir='ltr'>ἡ</span> <span class='ocrx_word' id='word_1_41' title='bbox 367 827 576 897; x_wconf 81' lang='grc' dir='ltr'>ὅρασις,</span> <span class='ocrx_word' id='word_1_42' title='bbox 614 822 1028 893; x_wconf 76' lang='grc' dir='ltr'><strong>ἀτιμαζομένων</strong></span> <span class='ocrx_word' id='word_1_43' title='bbox 1042 822 1149 876; x_wconf 84' lang='grc' dir='ltr'><strong>τῶν</strong></span> <span class='ocrx_word' id='word_1_44' title='bbox 1181 822 1467 893; x_wconf 79' lang='grc' dir='ltr'><strong>θεαμάτων</strong></span> <span class='ocrx_word' id='word_1_45' title='bbox 1500 821 1744 883; x_wconf 85' lang='grc' dir='ltr'>ἐκείνων,</span> <span class='ocrx_word' id='word_1_46' title='bbox 1780 820 1880 871; x_wconf 84' lang='grc' dir='ltr'><strong>ὅσα</strong></span> 
     </span>
    </p>
   </div>
   <div class='ocr_carea' id='block_1_9' title="bbox 294 911 1878 983">
    <p class='ocr_par' dir='ltr' id='par_1_9' title="bbox 294 911 1878 983">
     <span class='ocr_line' id='line_1_9' title="bbox 294 911 1878 983; baseline -0.002 -15"><span class='ocrx_word' id='word_1_47' title='bbox 294 917 406 979; x_wconf 76' lang='grc' dir='ltr'><strong>τὰς</strong></span> <span class='ocrx_word' id='word_1_48' title='bbox 435 915 688 977; x_wconf 71' lang='grc' dir='ltr'>παιδικὰς</span> <span class='ocrx_word' id='word_1_49' title='bbox 721 913 871 983; x_wconf 70' lang='grc' dir='ltr'>ὄψεις</span> <span class='ocrx_word' id='word_1_50' title='bbox 898 913 1219 982; x_wconf 78' lang='grc' dir='ltr'>ἐκπλήττειν</span> <span class='ocrx_word' id='word_1_51' title='bbox 1243 913 1451 968; x_wconf 74' lang='grc' dir='ltr'>εἴωθεν.</span> <span class='ocrx_word' id='word_1_52' title='bbox 1482 913 1554 965; x_wconf 79' lang='grc' dir='ltr'><strong>Οὐ</strong></span> <span class='ocrx_word' id='word_1_53' title='bbox 1590 911 1763 965; x_wconf 81' lang='grc' dir='ltr'>ταῦτα</span> <span class='ocrx_word' id='word_1_54' title='bbox 1791 911 1878 965; x_wconf 87' lang='grc' dir='ltr'>λέ-</span> 
     </span>
    </p>
   </div>
   <div class='ocr_carea' id='block_1_10' title="bbox 293 996 1881 1074">
    <p class='ocr_par' dir='ltr' id='par_1_10' title="bbox 293 996 1881 1074">
     <span class='ocr_line' id='line_1_10' title="bbox 293 996 1881 1074; baseline -0.002 -17"><span class='ocrx_word' id='word_1_55' title='bbox 293 1023 390 1073; x_wconf 81' lang='grc' dir='ltr'><strong>γω</strong></span> <span class='ocrx_word' id='word_1_56' title='bbox 425 1005 558 1074; x_wconf 88' lang='grc' dir='ltr'>μόνα</span> <span class='ocrx_word' id='word_1_57' title='bbox 588 1004 623 1057; x_wconf 73' lang='grc' dir='ltr'>ἃ</span> <span class='ocrx_word' id='word_1_58' title='bbox 661 1003 761 1072; x_wconf 80' lang='grc' dir='ltr'>τῆς</span> <span class='ocrx_word' id='word_1_59' title='bbox 802 1003 1036 1071; x_wconf 80' lang='grc' dir='ltr'><strong>γεώδους</strong></span> <span class='ocrx_word' id='word_1_60' title='bbox 1071 1003 1203 1073; x_wconf 71' lang='grc' dir='ltr'>ὕλης</span> <span class='ocrx_word' id='word_1_61' title='bbox 1236 1004 1404 1065; x_wconf 77' lang='grc' dir='ltr'>ἐστὶν,</span> <span class='ocrx_word' id='word_1_62' title='bbox 1434 996 1546 1055; x_wconf 73' lang='grc' dir='ltr'>οἷον</span> <span class='ocrx_word' id='word_1_63' title='bbox 1578 1002 1798 1073; x_wconf 90' lang='grc' dir='ltr'>χρυσίον</span> <span class='ocrx_word' id='word_1_64' title='bbox 1822 1019 1881 1054; x_wconf 84' lang='grc' dir='ltr'><strong>τε</strong></span> 
     </span>
    </p>
   </div>
   <div class='ocr_carea' id='block_1_11' title="bbox 298 1094 1882 1168">
    <p class='ocr_par' dir='ltr' id='par_1_11' title="bbox 298 1094 1882 1168">
     <span class='ocr_line' id='line_1_11' title="bbox 298 1094 1882 1168; baseline -0.003 -17"><span class='ocrx_word' id='word_1_65' title='bbox 298 1098 405 1151; x_wconf 74' lang='grc' dir='ltr'><strong>καὶ</strong></span> <span class='ocrx_word' id='word_1_66' title='bbox 442 1097 725 1168; x_wconf 84' lang='grc' dir='ltr'>ἀργύριον,</span> <span class='ocrx_word' id='word_1_67' title='bbox 757 1096 852 1149; x_wconf 73' lang='grc' dir='ltr'><strong>καὶ</strong></span> <span class='ocrx_word' id='word_1_68' title='bbox 889 1095 998 1149; x_wconf 78' lang='grc' dir='ltr'>τῶν</span> <span class='ocrx_word' id='word_1_69' title='bbox 1042 1095 1207 1148; x_wconf 89' lang='grc' dir='ltr'>λίθων</span> <span class='ocrx_word' id='word_1_70' title='bbox 1252 1096 1437 1149; x_wconf 85' lang='grc' dir='ltr'>ἐκεῖνα</span> <span class='ocrx_word' id='word_1_71' title='bbox 1477 1096 1578 1147; x_wconf 82' lang='grc' dir='ltr'>ὅσα</span> <span class='ocrx_word' id='word_1_72' title='bbox 1609 1094 1698 1153; x_wconf 82' lang='grc' dir='ltr'><strong>διά</strong></span> <span class='ocrx_word' id='word_1_73' title='bbox 1739 1111 1882 1157; x_wconf 88' lang='grc' dir='ltr'>τινος</span> 
     </span>
    </p>
   </div>
   <div class='ocr_carea' id='block_1_12' title="bbox 300 1184 1884 1260">
    <p class='ocr_par' dir='ltr' id='par_1_12' title="bbox 300 1184 1884 1260">
     <span class='ocr_line' id='line_1_12' title="bbox 300 1184 1884 1260; baseline -0.003 -19"><span class='ocrx_word' id='word_1_74' title='bbox 300 1190 561 1260; x_wconf 78' lang='grc' dir='ltr'>εὖχροίας</span> <span class='ocrx_word' id='word_1_75' title='bbox 589 1191 727 1241; x_wconf 84' lang='grc' dir='ltr'>κινεί</span> <span class='ocrx_word' id='word_1_76' title='bbox 747 1189 857 1251; x_wconf 86' lang='grc' dir='ltr'>τοῖς</span> <span class='ocrx_word' id='word_1_77' title='bbox 884 1186 1179 1256; x_wconf 80' lang='grc' dir='ltr'>ὀφθαλμοῖς</span> <span class='ocrx_word' id='word_1_78' title='bbox 1208 1185 1305 1257; x_wconf 76' lang='grc' dir='ltr'><strong>τὴν</strong></span> <span class='ocrx_word' id='word_1_79' title='bbox 1326 1184 1586 1255; x_wconf 80' lang='grc' dir='ltr'>λιχνείαν,</span> <span class='ocrx_word' id='word_1_80' title='bbox 1627 1184 1763 1239; x_wconf 83' lang='grc' dir='ltr'>ἀλλὰ</span> <span class='ocrx_word' id='word_1_81' title='bbox 1789 1185 1884 1238; x_wconf 76' lang='grc' dir='ltr'><strong>καὶ</strong></span> 
     </span>
    </p>
   </div>
   <div class='ocr_carea' id='block_1_13' title="bbox 298 1271 1883 1349">
    <p class='ocr_par' dir='ltr' id='par_1_13' title="bbox 298 1271 1883 1349">
     <span class='ocr_line' id='line_1_13' title="bbox 298 1271 1883 1349; baseline -0.003 -17"><span class='ocrx_word' id='word_1_82' title='bbox 298 1279 379 1333; x_wconf 73' lang='grc' dir='ltr'>τὰ</span> <span class='ocrx_word' id='word_1_83' title='bbox 413 1279 540 1347; x_wconf 74' lang='grc' dir='ltr'>περὶ</span> <span class='ocrx_word' id='word_1_84' title='bbox 566 1279 655 1331; x_wconf 80' lang='grc' dir='ltr'><strong>τὸν</strong></span> <span class='ocrx_word' id='word_1_85' title='bbox 684 1279 911 1349; x_wconf 77' lang='grc' dir='ltr'>οὐρανὸν</span> <span class='ocrx_word' id='word_1_86' title='bbox 959 1277 1258 1346; x_wconf 80' lang='grc' dir='ltr'>φαινόμενα</span> <span class='ocrx_word' id='word_1_87' title='bbox 1307 1271 1737 1346; x_wconf 78' lang='grc' dir='ltr'>θαύματα,αἵτε</span> <span class='ocrx_word' id='word_1_88' title='bbox 1774 1277 1883 1328; x_wconf 82' lang='grc' dir='ltr'><strong>τῶν</strong></span> 
     </span>
    </p>
   </div>
   <div class='ocr_carea' id='block_1_14' title="bbox 301 1365 1884 1440">
    <p class='ocr_par' dir='ltr' id='par_1_14' title="bbox 301 1365 1884 1440">
     <span class='ocr_line' id='line_1_14' title="bbox 301 1365 1884 1440; baseline -0.004 -16"><span class='ocrx_word' id='word_1_89' title='bbox 301 1373 557 1440; x_wconf 77' lang='grc' dir='ltr'>ἀστέρων</span> <span class='ocrx_word' id='word_1_90' title='bbox 584 1371 770 1438; x_wconf 72' lang='grc' dir='ltr'>αὐγαὶ,</span> <span class='ocrx_word' id='word_1_91' title='bbox 804 1368 1006 1423; x_wconf 75' lang='grc' dir='ltr'>καὶτοῦ</span> <span class='ocrx_word' id='word_1_92' title='bbox 1029 1369 1177 1436; x_wconf 78' lang='grc' dir='ltr'>ἡλίου</span> <span class='ocrx_word' id='word_1_93' title='bbox 1209 1369 1237 1420; x_wconf 88' lang='grc' dir='ltr'>ὁ</span> <span class='ocrx_word' id='word_1_94' title='bbox 1266 1367 1483 1432; x_wconf 79' lang='grc' dir='ltr'>κύκλος,</span> <span class='ocrx_word' id='word_1_95' title='bbox 1513 1365 1608 1419; x_wconf 72' lang='grc' dir='ltr'>καὶ</span> <span class='ocrx_word' id='word_1_96' title='bbox 1634 1366 1694 1419; x_wconf 85' lang='grc' dir='ltr'><strong>τὸ</strong></span> <span class='ocrx_word' id='word_1_97' title='bbox 1724 1366 1884 1419; x_wconf 72' lang='grc' dir='ltr'><strong>ϊιολύ⁸</strong></span> 
     </span>
    </p>
   </div>
   <div class='ocr_carea' id='block_1_15' title="bbox 305 1455 1885 1534">
    <p class='ocr_par' dir='ltr' id='par_1_15' title="bbox 305 1455 1885 1534">
     <span class='ocr_line' id='line_1_15' title="bbox 305 1455 1885 1534; baseline -0.004 -19"><span class='ocrx_word' id='word_1_98' title='bbox 305 1480 520 1534; x_wconf 75' lang='grc' dir='ltr'>μορφον</span> <span class='ocrx_word' id='word_1_99' title='bbox 557 1464 656 1531; x_wconf 80' lang='grc' dir='ltr'><strong>τῆς</strong></span> <span class='ocrx_word' id='word_1_100' title='bbox 684 1461 910 1529; x_wconf 82' lang='grc' dir='ltr'><strong>σελήνης</strong></span> <span class='ocrx_word' id='word_1_101' title='bbox 948 1455 1104 1521; x_wconf 74' lang='grc' dir='ltr'>εἶδος,</span> <span class='ocrx_word' id='word_1_102' title='bbox 1136 1460 1231 1511; x_wconf 69' lang='grc' dir='ltr'><strong>καὶ</strong></span> <span class='ocrx_word' id='word_1_103' title='bbox 1261 1459 1313 1510; x_wconf 80' lang='grc' dir='ltr'>ετ</span> <span class='ocrx_word' id='word_1_104' title='bbox 1330 1475 1381 1509; x_wconf 90' lang='grc' dir='ltr'><strong>τι</strong></span> <span class='ocrx_word' id='word_1_105' title='bbox 1404 1457 1531 1511; x_wconf 73' lang='grc' dir='ltr'>ἄλλο</span> <span class='ocrx_word' id='word_1_106' title='bbox 1550 1460 1661 1521; x_wconf 83' lang='grc' dir='ltr'>τοῖς</span> <span class='ocrx_word' id='word_1_107' title='bbox 1688 1456 1885 1526; x_wconf 78' lang='grc' dir='ltr'>ὀφθαλ-</span> 
     </span>
    </p>
   </div>
   <div class='ocr_carea' id='block_1_16' title="bbox 306 1548 1886 1625">
    <p class='ocr_par' dir='ltr' id='par_1_16' title="bbox 306 1548 1886 1625">
     <span class='ocr_line' id='line_1_16' title="bbox 306 1548 1886 1625; baseline -0.003 -19"><span class='ocrx_word' id='word_1_108' title='bbox 306 1558 438 1625; x_wconf 86' lang='grc' dir='ltr'>μοῖς</span> <span class='ocrx_word' id='word_1_109' title='bbox 477 1553 667 1624; x_wconf 76' lang='grc' dir='ltr'>ήδονὴν</span> <span class='ocrx_word' id='word_1_110' title='bbox 696 1552 871 1623; x_wconf 87' lang='grc' dir='ltr'>φέρει,</span> <span class='ocrx_word' id='word_1_111' title='bbox 898 1550 986 1603; x_wconf 78' lang='grc' dir='ltr'>διὰ</span> <span class='ocrx_word' id='word_1_112' title='bbox 1019 1551 1080 1603; x_wconf 76' lang='grc' dir='ltr'><strong>τὸ</strong></span> <span class='ocrx_word' id='word_1_113' title='bbox 1108 1551 1272 1619; x_wconf 79' lang='grc' dir='ltr'>μηδὲν</span> <span class='ocrx_word' id='word_1_114' title='bbox 1301 1552 1380 1611; x_wconf 78' lang='grc' dir='ltr'>εἰς</span> <span class='ocrx_word' id='word_1_115' title='bbox 1402 1550 1488 1602; x_wconf 70' lang='grc' dir='ltr'>ἀεὶ</span> <span class='ocrx_word' id='word_1_116' title='bbox 1518 1549 1719 1620; x_wconf 86' lang='grc' dir='ltr'>μένειν,</span> <span class='ocrx_word' id='word_1_117' title='bbox 1752 1548 1886 1602; x_wconf 88' lang='grc' dir='ltr'><strong>ἀλλά</strong></span> 
     </span>
    </p>
   </div>
   <div class='ocr_carea' id='block_1_17' title="bbox 306 1637 1888 1712">
    <p class='ocr_par' dir='ltr' id='par_1_17' title="bbox 306 1637 1888 1712">
     <span class='ocr_line' id='line_1_17' title="bbox 306 1637 1888 1712; baseline -0.005 -16"><span class='ocrx_word' id='word_1_118' title='bbox 306 1641 833 1712; x_wconf 82' lang='grc' dir='ltr'>συμμετακινεῖσθαι</span> <span class='ocrx_word' id='word_1_119' title='bbox 865 1642 932 1710; x_wconf 78' lang='grc' dir='ltr'>τῇ</span> <span class='ocrx_word' id='word_1_120' title='bbox 969 1638 1184 1709; x_wconf 80' lang='grc' dir='ltr'>παρόδῳ</span> <span class='ocrx_word' id='word_1_121' title='bbox 1203 1637 1295 1690; x_wconf 71' lang='grc' dir='ltr'>τοῦ</span> <span class='ocrx_word' id='word_1_122' title='bbox 1312 1637 1523 1706; x_wconf 84' lang='grc' dir='ltr'>χρόνου,</span> <span class='ocrx_word' id='word_1_123' title='bbox 1554 1640 1645 1689; x_wconf 73' lang='grc' dir='ltr'>καὶ</span> <span class='ocrx_word' id='word_1_124' title='bbox 1674 1654 1888 1707; x_wconf 77' lang='grc' dir='ltr'>συμπε-</span> 
     </span>
    </p>
   </div>
   <div class='ocr_carea' id='block_1_18' title="bbox 305 1727 1887 1804">
    <p class='ocr_par' dir='ltr' id='par_1_18' title="bbox 305 1727 1887 1804">
     <span class='ocr_line' id='line_1_18' title="bbox 305 1727 1887 1804; baseline -0.003 -18"><span class='ocrx_word' id='word_1_125' title='bbox 305 1731 620 1804; x_wconf 86' lang='grc' dir='ltr'>ριάγεσθαι.</span> <span class='ocrx_word' id='word_1_126' title='bbox 650 1731 874 1784; x_wconf 76' lang='grc' dir='ltr'>Πάντων</span> <span class='ocrx_word' id='word_1_127' title='bbox 908 1728 1012 1780; x_wconf 73' lang='grc' dir='ltr'><strong>τῶν</strong></span> <span class='ocrx_word' id='word_1_128' title='bbox 1051 1728 1304 1780; x_wconf 73' lang='grc' dir='ltr'>τοιούτων</span> <span class='ocrx_word' id='word_1_129' title='bbox 1342 1727 1776 1798; x_wconf 56' lang='grc' dir='ltr'>ὑπεφφθέντων,</span> <span class='ocrx_word' id='word_1_130' title='bbox 1800 1728 1887 1781; x_wconf 76' lang='grc' dir='ltr'>διὰ</span> 
     </span>
    </p>
   </div>
   <div class='ocr_carea' id='block_1_19' title="bbox 301 1819 1888 1896">
    <p class='ocr_par' dir='ltr' id='par_1_19' title="bbox 301 1819 1888 1896">
     <span class='ocr_line' id='line_1_19' title="bbox 301 1819 1888 1896; baseline -0.004 -19"><span class='ocrx_word' id='word_1_131' title='bbox 301 1826 413 1896; x_wconf 75' lang='grc' dir='ltr'><strong>τὴν</strong></span> <span class='ocrx_word' id='word_1_132' title='bbox 445 1823 551 1876; x_wconf 80' lang='grc' dir='ltr'>τῶν</span> <span class='ocrx_word' id='word_1_133' title='bbox 579 1822 845 1893; x_wconf 81' lang='grc' dir='ltr'>ἀληθινῶν</span> <span class='ocrx_word' id='word_1_134' title='bbox 874 1820 1091 1888; x_wconf 78' lang='grc' dir='ltr'>ἀγαθῶν</span> <span class='ocrx_word' id='word_1_135' title='bbox 1140 1820 1392 1890; x_wconf 75' lang='grc' dir='ltr'>θεωρίαν,</span> <span class='ocrx_word' id='word_1_136' title='bbox 1422 1819 1653 1888; x_wconf 82' lang='grc' dir='ltr'>πάρετός</span> <span class='ocrx_word' id='word_1_137' title='bbox 1687 1820 1834 1871; x_wconf 85' lang='grc' dir='ltr'>ἐστιν</span> <span class='ocrx_word' id='word_1_138' title='bbox 1860 1820 1888 1870; x_wconf 78' lang='grc' dir='ltr'>ὁ</span> 
     </span>
    </p>
   </div>
   <div class='ocr_carea' id='block_1_20' title="bbox 1979 628 3552 703">
    <p class='ocr_par' dir='ltr' id='par_1_20' title="bbox 1979 628 3552 703">
     <span class='ocr_line' id='line_1_20' title="bbox 1979 628 3552 703; baseline -0.007 -12"><span class='ocrx_word' id='word_1_139' title='bbox 1979 636 2231 691; x_wconf 85' lang='lat' dir='ltr'><strong>sensibus</strong></span> <span class='ocrx_word' id='word_1_140' title='bbox 2281 634 2503 688; x_wconf 90' lang='lat' dir='ltr'><strong>minime</strong></span> <span class='ocrx_word' id='word_1_141' title='bbox 2540 632 2882 703; x_wconf 86' lang='lat' dir='ltr'><strong>perturbata,</strong></span> <span class='ocrx_word' id='word_1_142' title='bbox 2916 637 3177 700; x_wconf 98' lang='lat' dir='ltr'><strong>tanquam</strong></span> <span class='ocrx_word' id='word_1_143' title='bbox 3220 628 3324 683; x_wconf 87' lang='lat' dir='ltr'><strong>sub</strong></span> <span class='ocrx_word' id='word_1_144' title='bbox 3357 642 3552 682; x_wconf 84' lang='lat' dir='ltr'><strong>somno</strong></span> 
     </span>
    </p>
   </div>
   <div class='ocr_carea' id='block_1_21' title="bbox 1979 721 3556 799">
    <p class='ocr_par' dir='ltr' id='par_1_21' title="bbox 1979 721 3556 799">
     <span class='ocr_line' id='line_1_21' title="bbox 1979 721 3556 799; baseline -0.008 -14"><span class='ocrx_word' id='word_1_145' title='bbox 1979 739 2031 785; x_wconf 86' lang='lat' dir='ltr'><strong>et</strong></span> <span class='ocrx_word' id='word_1_146' title='bbox 2062 742 2258 799; x_wconf 86' lang='lat' dir='ltr'><strong>scpore</strong></span> <span class='ocrx_word' id='word_1_147' title='bbox 2280 726 2518 797; x_wconf 87' lang='lat' dir='ltr'><strong>quodam</strong></span> <span class='ocrx_word' id='word_1_148' title='bbox 2555 732 2774 780; x_wconf 91' lang='lat' dir='ltr'><strong>tenetur</strong></span> <span class='ocrx_word' id='word_1_149' title='bbox 2800 731 2994 778; x_wconf 84' lang='lat' dir='ltr'><strong>natura</strong></span> <span class='ocrx_word' id='word_1_150' title='bbox 3029 721 3297 791; x_wconf 90' lang='lat' dir='ltr'><strong>corporis,</strong></span> <span class='ocrx_word' id='word_1_151' title='bbox 3342 728 3401 774; x_wconf 91' lang='lat' dir='ltr'><strong>et</strong></span> <span class='ocrx_word' id='word_1_152' title='bbox 3429 733 3556 773; x_wconf 85' lang='lat' dir='ltr'><strong>vero</strong></span> 
     </span>
    </p>
   </div>
   <div class='ocr_carea' id='block_1_22' title="bbox 1980 810 3557 890">
    <p class='ocr_par' dir='ltr' id='par_1_22' title="bbox 1980 810 3557 890">
     <span class='ocr_line' id='line_1_22' title="bbox 1980 810 3557 890; baseline -0.006 -17"><span class='ocrx_word' id='word_1_153' title='bbox 1980 820 2088 873; x_wconf 83' lang='lat' dir='ltr'><strong>dici</strong></span> <span class='ocrx_word' id='word_1_154' title='bbox 2126 827 2321 890; x_wconf 89' lang='lat' dir='ltr'><strong>potest,</strong></span> <span class='ocrx_word' id='word_1_155' title='bbox 2352 816 2497 888; x_wconf 91' lang='lat' dir='ltr'><strong>quod</strong></span> <span class='ocrx_word' id='word_1_156' title='bbox 2535 815 2769 871; x_wconf 76' lang='lat' dir='ltr'><strong>dormiat</strong></span> <span class='ocrx_word' id='word_1_157' title='bbox 2797 816 2949 870; x_wconf 76' lang='lat' dir='ltr'><strong>visus</strong></span> <span class='ocrx_word' id='word_1_158' title='bbox 2975 829 3072 884; x_wconf 90' lang='lat' dir='ltr'><strong>per</strong></span> <span class='ocrx_word' id='word_1_159' title='bbox 3099 813 3463 867; x_wconf 68' lang='lat' dir='ltr'><strong>cessationem</strong></span> <span class='ocrx_word' id='word_1_160' title='bbox 3486 810 3557 864; x_wconf 92' lang='lat' dir='ltr'><strong>ab</strong></span> 
     </span>
    </p>
   </div>
   <div class='ocr_carea' id='block_1_23' title="bbox 1980 903 3555 982">
    <p class='ocr_par' dir='ltr' id='par_1_23' title="bbox 1980 903 3555 982">
     <span class='ocr_line' id='line_1_23' title="bbox 1980 903 3555 982; baseline -0.008 -16"><span class='ocrx_word' id='word_1_161' title='bbox 1980 927 2166 982; x_wconf 87' lang='lat' dir='ltr'><strong>opere,</strong></span> <span class='ocrx_word' id='word_1_162' title='bbox 2222 908 2556 978; x_wconf 88' lang='lat' dir='ltr'><strong>contemptui</strong></span> <span class='ocrx_word' id='word_1_163' title='bbox 2604 907 2808 963; x_wconf 87' lang='lat' dir='ltr'><strong>habitis</strong></span> <span class='ocrx_word' id='word_1_164' title='bbox 2862 905 2974 960; x_wconf 89' lang='lat' dir='ltr'><strong>illis</strong></span> <span class='ocrx_word' id='word_1_165' title='bbox 3033 903 3384 973; x_wconf 78' lang='lat' dir='ltr'><strong>spectaculis,</strong></span> <span class='ocrx_word' id='word_1_166' title='bbox 3418 916 3555 970; x_wconf 35' lang='lat' dir='ltr'><strong>‘qua:</strong></span> 
     </span>
    </p>
   </div>
   <div class='ocr_carea' id='block_1_24' title="bbox 1981 990 3552 1071">
    <p class='ocr_par' dir='ltr' id='par_1_24' title="bbox 1981 990 3552 1071">
     <span class='ocr_line' id='line_1_24' title="bbox 1981 990 3552 1071; baseline -0.006 -18"><span class='ocrx_word' id='word_1_167' title='bbox 1981 1014 2277 1071; x_wconf 85' lang='lat' dir='ltr'><strong>puerorum</strong></span> <span class='ocrx_word' id='word_1_168' title='bbox 2317 998 2494 1053; x_wconf 89' lang='lat' dir='ltr'><strong>oculis</strong></span> <span class='ocrx_word' id='word_1_169' title='bbox 2530 996 2705 1053; x_wconf 83' lang='lat' dir='ltr'><strong>solent</strong></span> <span class='ocrx_word' id='word_1_170' title='bbox 2734 994 2927 1049; x_wconf 78' lang='lat' dir='ltr'><strong>aﬂ‘erre</strong></span> <span class='ocrx_word' id='word_1_171' title='bbox 2954 1002 3254 1062; x_wconf 86' lang='lat' dir='ltr'><strong>stuporem.</strong></span> <span class='ocrx_word' id='word_1_172' title='bbox 3309 990 3429 1045; x_wconf 86' lang='lat' dir='ltr'><strong>Non</strong></span> <span class='ocrx_word' id='word_1_173' title='bbox 3468 1005 3552 1051; x_wconf 85' lang='lat' dir='ltr'><strong>ea,</strong></span> 
     </span>
    </p>
   </div>
   <div class='ocr_carea' id='block_1_25' title="bbox 1983 1086 3554 1162">
    <p class='ocr_par' dir='ltr' id='par_1_25' title="bbox 1983 1086 3554 1162">
     <span class='ocr_line' id='line_1_25' title="bbox 1983 1086 3554 1162; baseline -0.007 -16"><span class='ocrx_word' id='word_1_174' title='bbox 1983 1093 2228 1162; x_wconf 88' lang='lat' dir='ltr'><strong>inquam,</strong></span> <span class='ocrx_word' id='word_1_175' title='bbox 2264 1091 2378 1146; x_wconf 90' lang='lat' dir='ltr'><strong>sola</strong></span> <span class='ocrx_word' id='word_1_176' title='bbox 2406 1104 2527 1160; x_wconf 87' lang='lat' dir='ltr'><strong>quae</strong></span> <span class='ocrx_word' id='word_1_177' title='bbox 2551 1096 2679 1145; x_wconf 82' lang='lat' dir='ltr'><strong>sunt</strong></span> <span class='ocrx_word' id='word_1_178' title='bbox 2702 1094 2908 1142; x_wconf 68' lang='lat' dir='ltr'><strong>naturae</strong></span> <span class='ocrx_word' id='word_1_179' title='bbox 2933 1086 3233 1146; x_wconf 89' lang='lat' dir='ltr'><strong>terrestris,</strong></span> <span class='ocrx_word' id='word_1_180' title='bbox 3265 1094 3324 1137; x_wconf 91' lang='lat' dir='ltr'><strong>ut</strong></span> <span class='ocrx_word' id='word_1_181' title='bbox 3359 1097 3554 1136; x_wconf 90' lang='lat' dir='ltr'><strong>aurum</strong></span> 
     </span>
    </p>
   </div>
   <div class='ocr_carea' id='block_1_26' title="bbox 1983 1173 3558 1254">
    <p class='ocr_par' dir='ltr' id='par_1_26' title="bbox 1983 1173 3558 1254">
     <span class='ocr_line' id='line_1_26' title="bbox 1983 1173 3558 1254; baseline -0.008 -16"><span class='ocrx_word' id='word_1_182' title='bbox 1983 1192 2035 1239; x_wconf 87' lang='lat' dir='ltr'><strong>et</strong></span> <span class='ocrx_word' id='word_1_183' title='bbox 2067 1192 2370 1254; x_wconf 79' lang='lat' dir='ltr'><strong>argentum,</strong></span> <span class='ocrx_word' id='word_1_184' title='bbox 2394 1188 2448 1237; x_wconf 88' lang='lat' dir='ltr'><strong>et</strong></span> <span class='ocrx_word' id='word_1_185' title='bbox 2481 1194 2706 1252; x_wconf 77' lang='lat' dir='ltr'><strong>gemma:</strong></span> <span class='ocrx_word' id='word_1_186' title='bbox 2733 1194 2854 1248; x_wconf 69' lang='lat' dir='ltr'><strong>quae</strong></span> <span class='ocrx_word' id='word_1_187' title='bbox 2892 1177 3123 1247; x_wconf 87' lang='lat' dir='ltr'><strong>pulchro</strong></span> <span class='ocrx_word' id='word_1_188' title='bbox 3161 1177 3346 1245; x_wconf 90' lang='lat' dir='ltr'><strong>aliquo</strong></span> <span class='ocrx_word' id='word_1_189' title='bbox 3374 1173 3558 1228; x_wconf 89' lang='lat' dir='ltr'><strong>colore</strong></span> 
     </span>
    </p>
   </div>
   <div class='ocr_carea' id='block_1_27' title="bbox 1984 1263 3554 1332">
    <p class='ocr_par' dir='ltr' id='par_1_27' title="bbox 1984 1263 3554 1332">
     <span class='ocr_line' id='line_1_27' title="bbox 1984 1263 3554 1332; baseline -0.009 -3"><span class='ocrx_word' id='word_1_190' title='bbox 1984 1274 2266 1329; x_wconf 90' lang='lat' dir='ltr'><strong>oculorum</strong></span> <span class='ocrx_word' id='word_1_191' title='bbox 2300 1279 2520 1326; x_wconf 81' lang='lat' dir='ltr'><strong>movent</strong></span> <span class='ocrx_word' id='word_1_192' title='bbox 2549 1269 2886 1332; x_wconf 86' lang='lat' dir='ltr'><strong>aviditatem,</strong></span> <span class='ocrx_word' id='word_1_193' title='bbox 2923 1266 3018 1323; x_wconf 89' lang='lat' dir='ltr'><strong>sed</strong></span> <span class='ocrx_word' id='word_1_194' title='bbox 3073 1277 3124 1321; x_wconf 88' lang='lat' dir='ltr'><strong>et</strong></span> <span class='ocrx_word' id='word_1_195' title='bbox 3169 1265 3431 1320; x_wconf 88' lang='lat' dir='ltr'><strong>miracula</strong></span> <span class='ocrx_word' id='word_1_196' title='bbox 3464 1263 3554 1317; x_wconf 85' lang='lat' dir='ltr'><strong>illa</strong></span> 
     </span>
    </p>
   </div>
   <div class='ocr_carea' id='block_1_28' title="bbox 1984 1357 3559 1436">
    <p class='ocr_par' dir='ltr' id='par_1_28' title="bbox 1984 1357 3559 1436">
     <span class='ocr_line' id='line_1_28' title="bbox 1984 1357 3559 1436; baseline -0.008 -17"><span class='ocrx_word' id='word_1_197' title='bbox 1984 1381 2105 1436; x_wconf 62' lang='lat' dir='ltr'><strong>qum.</strong></span> <span class='ocrx_word' id='word_1_198' title='bbox 2137 1372 2423 1421; x_wconf 82' lang='lat' dir='ltr'><strong>moventur</strong></span> <span class='ocrx_word' id='word_1_199' title='bbox 2458 1364 2511 1417; x_wconf 90' lang='lat' dir='ltr'><strong>in</strong></span> <span class='ocrx_word' id='word_1_200' title='bbox 2546 1363 2706 1426; x_wconf 66' lang='lat' dir='ltr'><strong>caelo,</strong></span> <span class='ocrx_word' id='word_1_201' title='bbox 2742 1368 2795 1415; x_wconf 86' lang='lat' dir='ltr'><strong>et</strong></span> <span class='ocrx_word' id='word_1_202' title='bbox 2821 1360 3102 1415; x_wconf 84' lang='lat' dir='ltr'><strong>stellarum</strong></span> <span class='ocrx_word' id='word_1_203' title='bbox 3131 1357 3473 1428; x_wconf 84' lang='lat' dir='ltr'><strong>splendores,</strong></span> <span class='ocrx_word' id='word_1_204' title='bbox 3506 1362 3559 1408; x_wconf 88' lang='lat' dir='ltr'><strong>ct</strong></span> 
     </span>
    </p>
   </div>
   <div class='ocr_carea' id='block_1_29' title="bbox 1985 1446 3559 1522">
    <p class='ocr_par' dir='ltr' id='par_1_29' title="bbox 1985 1446 3559 1522">
     <span class='ocr_line' id='line_1_29' title="bbox 1985 1446 3559 1522; baseline -0.01 -9"><span class='ocrx_word' id='word_1_205' title='bbox 1985 1460 2135 1513; x_wconf 82' lang='lat' dir='ltr'><strong>orbis</strong></span> <span class='ocrx_word' id='word_1_206' title='bbox 2179 1456 2331 1518; x_wconf 89' lang='lat' dir='ltr'><strong>solis,</strong></span> <span class='ocrx_word' id='word_1_207' title='bbox 2373 1452 2766 1522; x_wconf 80' lang='lat' dir='ltr'><strong>multiplexque</strong></span> <span class='ocrx_word' id='word_1_208' title='bbox 2808 1459 2861 1504; x_wconf 91' lang='lat' dir='ltr'><strong>et</strong></span> <span class='ocrx_word' id='word_1_209' title='bbox 2908 1449 3059 1501; x_wconf 79' lang='lat' dir='ltr'><strong>varia</strong></span> <span class='ocrx_word' id='word_1_210' title='bbox 3100 1450 3241 1501; x_wconf 67' lang='lat' dir='ltr'><strong>lunae</strong></span> <span class='ocrx_word' id='word_1_211' title='bbox 3276 1446 3472 1507; x_wconf 84' lang='lat' dir='ltr'><strong>forma,</strong></span> <span class='ocrx_word' id='word_1_212' title='bbox 3506 1455 3559 1497; x_wconf 88' lang='lat' dir='ltr'><strong>et</strong></span> 
     </span>
    </p>
   </div>
   <div class='ocr_carea' id='block_1_30' title="bbox 1986 1541 3559 1620">
    <p class='ocr_par' dir='ltr' id='par_1_30' title="bbox 1986 1541 3559 1620">
     <span class='ocr_line' id='line_1_30' title="bbox 1986 1541 3559 1620; baseline -0.01 -15"><span class='ocrx_word' id='word_1_213' title='bbox 1986 1552 2031 1605; x_wconf 89' lang='lat' dir='ltr'><strong>si</strong></span> <span class='ocrx_word' id='word_1_214' title='bbox 2084 1549 2212 1620; x_wconf 87' lang='lat' dir='ltr'><strong>quid</strong></span> <span class='ocrx_word' id='word_1_215' title='bbox 2260 1548 2407 1602; x_wconf 86' lang='lat' dir='ltr'><strong>aliud</strong></span> <span class='ocrx_word' id='word_1_216' title='bbox 2447 1545 2603 1601; x_wconf 75' lang='lat' dir='ltr'><strong>affert</strong></span> <span class='ocrx_word' id='word_1_217' title='bbox 2649 1544 2980 1613; x_wconf 87' lang='lat' dir='ltr'><strong>voluptatem</strong></span> <span class='ocrx_word' id='word_1_218' title='bbox 3017 1541 3214 1603; x_wconf 90' lang='lat' dir='ltr'><strong>oculis,</strong></span> <span class='ocrx_word' id='word_1_219' title='bbox 3272 1546 3559 1608; x_wconf 79' lang='lat' dir='ltr'><strong>propterea</strong></span> 
     </span>
    </p>
   </div>
   <div class='ocr_carea' id='block_1_31' title="bbox 1988 1630 3564 1717">
    <p class='ocr_par' dir='ltr' id='par_1_31' title="bbox 1988 1630 3564 1717">
     <span class='ocr_line' id='line_1_31' title="bbox 1988 1630 3564 1717; baseline -0.011 -19"><span class='ocrx_word' id='word_1_220' title='bbox 1988 1642 2133 1713; x_wconf 91' lang='lat' dir='ltr'><strong>quod</strong></span> <span class='ocrx_word' id='word_1_221' title='bbox 2178 1640 2316 1695; x_wconf 84' lang='lat' dir='ltr'><strong>nihil</strong></span> <span class='ocrx_word' id='word_1_222' title='bbox 2355 1644 2622 1710; x_wconf 90' lang='lat' dir='ltr'><strong>perpetuo</strong></span> <span class='ocrx_word' id='word_1_223' title='bbox 2651 1642 2888 1700; x_wconf 89' lang='lat' dir='ltr'><strong>maneat,</strong></span> <span class='ocrx_word' id='word_1_224' title='bbox 2940 1631 3036 1688; x_wconf 88' lang='lat' dir='ltr'><strong>sed</strong></span> <span class='ocrx_word' id='word_1_225' title='bbox 3072 1630 3232 1685; x_wconf 87' lang='lat' dir='ltr'><strong>simul</strong></span> <span class='ocrx_word' id='word_1_226' title='bbox 3281 1635 3564 1717; x_wconf 80' lang='lat' dir='ltr'><strong>moveatur</strong></span> 
     </span>
    </p>
   </div>
   <div class='ocr_carea' id='block_1_32' title="bbox 1987 1721 3559 1801">
    <p class='ocr_par' dir='ltr' id='par_1_32' title="bbox 1987 1721 3559 1801">
     <span class='ocr_line' id='line_1_32' title="bbox 1987 1721 3559 1801; baseline -0.01 -14"><span class='ocrx_word' id='word_1_227' title='bbox 1987 1744 2042 1789; x_wconf 82' lang='lat' dir='ltr'><strong>et</strong></span> <span class='ocrx_word' id='word_1_228' title='bbox 2070 1734 2472 1801; x_wconf 83' lang='lat' dir='ltr'><strong>circumagatur</strong></span> <span class='ocrx_word' id='word_1_229' title='bbox 2497 1744 2621 1783; x_wconf 88' lang='lat' dir='ltr'><strong>cum</strong></span> <span class='ocrx_word' id='word_1_230' title='bbox 2646 1727 2884 1781; x_wconf 82' lang='lat' dir='ltr'><strong>motione</strong></span> <span class='ocrx_word' id='word_1_231' title='bbox 2907 1736 2962 1779; x_wconf 90' lang='lat' dir='ltr'><strong>et</strong></span> <span class='ocrx_word' id='word_1_232' title='bbox 2994 1738 3249 1779; x_wconf 86' lang='lat' dir='ltr'><strong>mensura</strong></span> <span class='ocrx_word' id='word_1_233' title='bbox 3273 1721 3559 1791; x_wconf 77' lang='lat' dir='ltr'><strong>temporis.</strong></span> 
     </span>
    </p>
   </div>
   <div class='ocr_carea' id='block_1_33' title="bbox 1988 1814 3562 1888">
    <p class='ocr_par' dir='ltr' id='par_1_33' title="bbox 1988 1814 3562 1888">
     <span class='ocr_line' id='line_1_33' title="bbox 1988 1814 3562 1888; baseline -0.009 -10"><span class='ocrx_word' id='word_1_234' title='bbox 1988 1824 2086 1880; x_wconf 87' lang='lat' dir='ltr'><strong>llis</strong></span> <span class='ocrx_word' id='word_1_235' title='bbox 2125 1823 2382 1879; x_wconf 88' lang='lat' dir='ltr'><strong>omnibus</strong></span> <span class='ocrx_word' id='word_1_236' title='bbox 2422 1817 2697 1888; x_wconf 83' lang='lat' dir='ltr'><strong>despectis</strong></span> <span class='ocrx_word' id='word_1_237' title='bbox 2744 1820 2962 1884; x_wconf 90' lang='lat' dir='ltr'><strong>propter</strong></span> <span class='ocrx_word' id='word_1_238' title='bbox 2996 1828 3251 1870; x_wconf 85' lang='lat' dir='ltr'><strong>verorum</strong></span> <span class='ocrx_word' id='word_1_239' title='bbox 3293 1814 3562 1867; x_wconf 89' lang='lat' dir='ltr'><strong>bonormn</strong></span> 
     </span>
    </p>
   </div>
   <div class='ocr_carea' id='block_1_34' title="bbox 302 1904 1893 1985">
    <p class='ocr_par' dir='ltr' id='par_1_34' title="bbox 302 1910 1884 1985">
     <span class='ocr_line' id='line_1_34' title="bbox 302 1910 1884 1985; baseline -0.003 -18"><span class='ocrx_word' id='word_1_240' title='bbox 302 1914 407 1968; x_wconf 75' lang='grc' dir='ltr'>τοῦ</span> <span class='ocrx_word' id='word_1_241' title='bbox 437 1914 684 1985; x_wconf 80' lang='grc' dir='ltr'>σώματος</span> <span class='ocrx_word' id='word_1_242' title='bbox 713 1913 1007 1982; x_wconf 66' lang='grc' dir='ltr'>ὀφθαλμὸς,</span> <span class='ocrx_word' id='word_1_243' title='bbox 1047 1911 1181 1981; x_wconf 76' lang='grc' dir='ltr'>πρὸς</span> <span class='ocrx_word' id='word_1_244' title='bbox 1237 1910 1385 1963; x_wconf 74' lang='grc' dir='ltr'>οὐδὲν</span> <span class='ocrx_word' id='word_1_245' title='bbox 1415 1910 1522 1965; x_wconf 83' lang='grc' dir='ltr'>τῶν</span> <span class='ocrx_word' id='word_1_246' title='bbox 1556 1910 1683 1980; x_wconf 80' lang='grc' dir='ltr'>παρ’</span> <span class='ocrx_word' id='word_1_247' title='bbox 1723 1910 1884 1963; x_wconf 77' lang='grc' dir='ltr'>αὑτοῦ</span> 
     </span>
    </p>
   </div>
   <div class='ocr_carea' id='block_1_35' title="bbox 1999 1904 3563 1985">
    <p class='ocr_par' dir='ltr' id='par_1_35' title="bbox 1999 1904 3563 1982">
     <span class='ocr_line' id='line_1_35' title="bbox 1999 1904 3563 1982; baseline -0.008 -16"><span class='ocrx_word' id='word_1_248' title='bbox 1999 1912 2528 1982; x_wconf 70' lang='lat' dir='ltr'><strong>contemplationem,</strong></span> <span class='ocrx_word' id='word_1_249' title='bbox 2557 1909 2771 1963; x_wconf 88' lang='lat' dir='ltr'><strong>otiosus</strong></span> <span class='ocrx_word' id='word_1_250' title='bbox 2803 1915 2889 1962; x_wconf 90' lang='lat' dir='ltr'><strong>est</strong></span> <span class='ocrx_word' id='word_1_251' title='bbox 2914 1906 3108 1960; x_wconf 92' lang='lat' dir='ltr'><strong>oculus</strong></span> <span class='ocrx_word' id='word_1_252' title='bbox 3134 1904 3403 1973; x_wconf 85' lang='lat' dir='ltr'><strong>corporis,</strong></span> <span class='ocrx_word' id='word_1_253' title='bbox 3439 1918 3563 1957; x_wconf 88' lang='lat' dir='ltr'><strong>cum</strong></span> 
     </span>
    </p>
   </div>
   <div class='ocr_carea' id='block_1_36' title="bbox 307 1999 1887 2074">
    <p class='ocr_par' dir='ltr' id='par_1_36' title="bbox 307 1999 1887 2074">
     <span class='ocr_line' id='line_1_36' title="bbox 307 1999 1887 2074; baseline -0.003 -17"><span class='ocrx_word' id='word_1_254' title='bbox 307 2003 783 2074; x_wconf 72' lang='grc' dir='ltr'>ὑποδεικνυμένων</span> <span class='ocrx_word' id='word_1_255' title='bbox 831 2004 926 2071; x_wconf 74' lang='grc' dir='ltr'>τῆς</span> <span class='ocrx_word' id='word_1_256' title='bbox 958 1999 1302 2069; x_wconf 80' lang='grc' dir='ltr'>τελειοτέρας</span> <span class='ocrx_word' id='word_1_257' title='bbox 1344 2000 1521 2069; x_wconf 66' lang='grc' dir='ltr'>ψυχῆς</span> <span class='ocrx_word' id='word_1_258' title='bbox 1553 2000 1887 2069; x_wconf 80' lang='grc' dir='ltr'>καθελκομέ-</span> 
     </span>
    </p>
   </div>
   <div class='ocr_carea' id='block_1_37' title="bbox 305 2091 1886 2166">
    <p class='ocr_par' dir='ltr' id='par_1_37' title="bbox 305 2091 1886 2166">
     <span class='ocr_line' id='line_1_37' title="bbox 305 2091 1886 2166; baseline -0.003 -17"><span class='ocrx_word' id='word_1_259' title='bbox 305 2113 432 2166; x_wconf 87' lang='grc' dir='ltr'>νης,</span> <span class='ocrx_word' id='word_1_260' title='bbox 469 2095 555 2149; x_wconf 78' lang='grc' dir='ltr'>διὰ</span> <span class='ocrx_word' id='word_1_261' title='bbox 580 2095 641 2147; x_wconf 75' lang='grc' dir='ltr'>τὸ</span> <span class='ocrx_word' id='word_1_262' title='bbox 683 2094 819 2164; x_wconf 86' lang='grc' dir='ltr'>μόνα</span> <span class='ocrx_word' id='word_1_263' title='bbox 866 2094 1082 2163; x_wconf 76' lang='grc' dir='ltr'>βλέπειν</span> <span class='ocrx_word' id='word_1_264' title='bbox 1107 2095 1173 2163; x_wconf 76' lang='grc' dir='ltr'>τῇ</span> <span class='ocrx_word' id='word_1_265' title='bbox 1202 2091 1409 2162; x_wconf 73' lang='grc' dir='ltr'>διανοίᾳ</span> <span class='ocrx_word' id='word_1_266' title='bbox 1445 2092 1512 2145; x_wconf 90' lang='grc' dir='ltr'><strong>τά</strong></span> <span class='ocrx_word' id='word_1_267' title='bbox 1539 2093 1649 2146; x_wconf 81' lang='grc' dir='ltr'>τῶν</span> <span class='ocrx_word' id='word_1_268' title='bbox 1680 2092 1886 2162; x_wconf 85' lang='grc' dir='ltr'>ὁρατῶν</span> 
     </span>
    </p>
   </div>
   <div class='ocr_carea' id='block_1_38' title="bbox 306 2181 1888 2254">
    <p class='ocr_par' dir='ltr' id='par_1_38' title="bbox 306 2181 1888 2254">
     <span class='ocr_line' id='line_1_38' title="bbox 306 2181 1888 2254; baseline -0.003 -17"><span class='ocrx_word' id='word_1_269' title='bbox 306 2184 705 2254; x_wconf 78' lang='grc' dir='ltr'>ὑπερκείμενα.</span> <span class='ocrx_word' id='word_1_270' title='bbox 736 2181 890 2235; x_wconf 77' lang='grc' dir='ltr'>Οὕτω</span> <span class='ocrx_word' id='word_1_271' title='bbox 913 2183 1002 2235; x_wconf 69' lang='grc' dir='ltr'><strong>καὶ</strong></span> <span class='ocrx_word' id='word_1_272' title='bbox 1033 2184 1064 2252; x_wconf 86' lang='grc' dir='ltr'>ἡ</span> <span class='ocrx_word' id='word_1_273' title='bbox 1087 2181 1222 2252; x_wconf 85' lang='grc' dir='ltr'>ἀκοὴ</span> <span class='ocrx_word' id='word_1_274' title='bbox 1247 2183 1415 2253; x_wconf 82' lang='grc' dir='ltr'>νεκρά</span> <span class='ocrx_word' id='word_1_275' title='bbox 1444 2200 1528 2246; x_wconf 87' lang='grc' dir='ltr'><strong>τις</strong></span> <span class='ocrx_word' id='word_1_276' title='bbox 1554 2182 1648 2236; x_wconf 77' lang='grc' dir='ltr'>καὶ</span> <span class='ocrx_word' id='word_1_277' title='bbox 1672 2181 1888 2252; x_wconf 81' lang='grc' dir='ltr'>ἀνενέρ-</span> 
     </span>
    </p>
   </div>
   <div class='ocr_carea' id='block_1_39' title="bbox 305 2272 1887 2345">
    <p class='ocr_par' dir='ltr' id='par_1_39' title="bbox 305 2272 1887 2345">
     <span class='ocr_line' id='line_1_39' title="bbox 305 2272 1887 2345; baseline 0.001 -19"><span class='ocrx_word' id='word_1_278' title='bbox 305 2290 483 2344; x_wconf 76' lang='grc' dir='ltr'>γητος</span> <span class='ocrx_word' id='word_1_279' title='bbox 508 2273 736 2342; x_wconf 89' lang='grc' dir='ltr'>γίνεται,</span> <span class='ocrx_word' id='word_1_280' title='bbox 777 2273 912 2345; x_wconf 74' lang='grc' dir='ltr'>πρὸς</span> <span class='ocrx_word' id='word_1_281' title='bbox 941 2273 1008 2326; x_wconf 75' lang='grc' dir='ltr'>τὰ</span> <span class='ocrx_word' id='word_1_282' title='bbox 1036 2274 1175 2343; x_wconf 80' lang='grc' dir='ltr'>ὑπὲρ</span> <span class='ocrx_word' id='word_1_283' title='bbox 1208 2272 1363 2342; x_wconf 78' lang='grc' dir='ltr'>λόγον</span> <span class='ocrx_word' id='word_1_284' title='bbox 1388 2275 1485 2344; x_wconf 83' lang='grc' dir='ltr'>τῆς</span> <span class='ocrx_word' id='word_1_285' title='bbox 1522 2274 1699 2344; x_wconf 74' lang='grc' dir='ltr'>ψυχῆς</span> <span class='ocrx_word' id='word_1_286' title='bbox 1726 2274 1887 2343; x_wconf 84' lang='grc' dir='ltr'>ἀσχο-</span> 
     </span>
    </p>
   </div>
   <div class='ocr_carea' id='block_1_40' title="bbox 306 2363 602 2434">
    <p class='ocr_par' dir='ltr' id='par_1_40' title="bbox 306 2363 602 2434">
     <span class='ocr_line' id='line_1_40' title="bbox 306 2363 602 2434; baseline 0.007 -21"><span class='ocrx_word' id='word_1_287' title='bbox 306 2363 602 2434; x_wconf 73' lang='grc' dir='ltr'>λουμένης.</span> 
     </span>
    </p>
   </div>
   <div class='ocr_carea' id='block_1_41' title="bbox 388 2543 1890 2615">
    <p class='ocr_par' dir='ltr' id='par_1_41' title="bbox 388 2543 1890 2615">
     <span class='ocr_line' id='line_1_41' title="bbox 388 2543 1890 2615; baseline 0.003 -19"><span class='ocrx_word' id='word_1_288' title='bbox 388 2545 469 2598; x_wconf 85' lang='grc' dir='ltr'><strong>Τά</strong></span> <span class='ocrx_word' id='word_1_289' title='bbox 502 2543 557 2596; x_wconf 83' lang='grc' dir='ltr'>δὲ</span> <span class='ocrx_word' id='word_1_290' title='bbox 589 2543 997 2615; x_wconf 86' lang='grc' dir='ltr'>κτηνωδέστερα</span> <span class='ocrx_word' id='word_1_291' title='bbox 1026 2546 1132 2596; x_wconf 79' lang='grc' dir='ltr'><strong>τῶν</strong></span> <span class='ocrx_word' id='word_1_292' title='bbox 1177 2545 1478 2615; x_wconf 77' lang='grc' dir='ltr'>αἰσθήσεων</span> <span class='ocrx_word' id='word_1_293' title='bbox 1503 2585 1516 2609; x_wconf 93' lang='grc'><strong>,</strong></span> <span class='ocrx_word' id='word_1_294' title='bbox 1565 2544 1687 2597; x_wconf 70' lang='grc' dir='ltr'>οὔτε</span> <span class='ocrx_word' id='word_1_295' title='bbox 1715 2544 1890 2613; x_wconf 82' lang='grc' dir='ltr'>λέγειν</span> 
     </span>
    </p>
   </div>
   <div class='ocr_carea' id='block_1_42' title="bbox 308 2637 1890 2711">
    <p class='ocr_par' dir='ltr' id='par_1_42' title="bbox 308 2637 1890 2711">
     <span class='ocr_line' id='line_1_42' title="bbox 308 2637 1890 2711; baseline -0.001 -18"><span class='ocrx_word' id='word_1_296' title='bbox 308 2638 489 2704; x_wconf 80' lang='grc' dir='ltr'>ἄξιον,</span> <span class='ocrx_word' id='word_1_297' title='bbox 521 2639 603 2691; x_wconf 81' lang='grc' dir='ltr'><strong>ὅτι</strong></span> <span class='ocrx_word' id='word_1_298' title='bbox 639 2638 916 2709; x_wconf 69' lang='grc' dir='ltr'>πόρρωθεν</span> <span class='ocrx_word' id='word_1_299' title='bbox 963 2639 1208 2708; x_wconf 82' lang='grc' dir='ltr'>καθάπερ</span> <span class='ocrx_word' id='word_1_300' title='bbox 1238 2656 1320 2702; x_wconf 88' lang='grc' dir='ltr'><strong>τις</strong></span> <span class='ocrx_word' id='word_1_301' title='bbox 1354 2637 1628 2711; x_wconf 81' lang='grc' dir='ltr'>νεκρώδης</span> <span class='ocrx_word' id='word_1_302' title='bbox 1660 2639 1890 2691; x_wconf 81' lang='grc' dir='ltr'>δυσωδία</span> 
     </span>
    </p>
   </div>
   <div class='ocr_carea' id='block_1_43' title="bbox 308 2728 1891 2801">
    <p class='ocr_par' dir='ltr' id='par_1_43' title="bbox 308 2728 1891 2801">
     <span class='ocr_line' id='line_1_43' title="bbox 308 2728 1891 2801; baseline -0.001 -19"><span class='ocrx_word' id='word_1_303' title='bbox 308 2730 419 2799; x_wconf 82' lang='grc' dir='ltr'>τῆς</span> <span class='ocrx_word' id='word_1_304' title='bbox 457 2729 632 2799; x_wconf 72' lang='grc' dir='ltr'>ψυχῆς</span> <span class='ocrx_word' id='word_1_305' title='bbox 692 2729 1086 2801; x_wconf 78' lang='grc' dir='ltr'>ἀπορῤίπτεται</span> <span class='ocrx_word' id='word_1_306' title='bbox 1116 2770 1129 2793; x_wconf 97' lang='grc'><strong>,</strong></span> <span class='ocrx_word' id='word_1_307' title='bbox 1180 2730 1213 2799; x_wconf 76' lang='grc' dir='ltr'>ἦ</span> <span class='ocrx_word' id='word_1_308' title='bbox 1263 2746 1322 2781; x_wconf 89' lang='grc' dir='ltr'><strong>τε</strong></span> <span class='ocrx_word' id='word_1_309' title='bbox 1372 2728 1747 2800; x_wconf 80' lang='grc' dir='ltr'>ρηνηλατοῦσα</span> <span class='ocrx_word' id='word_1_310' title='bbox 1792 2730 1891 2793; x_wconf 78' lang='grc' dir='ltr'>τὰς</span> 
     </span>
    </p>
   </div>
   <div class='ocr_carea' id='block_1_44' title="bbox 308 2819 1892 2891">
    <p class='ocr_par' dir='ltr' id='par_1_44' title="bbox 308 2819 1892 2891">
     <span class='ocr_line' id='line_1_44' title="bbox 308 2819 1892 2891; baseline -0.001 -18"><span class='ocrx_word' id='word_1_311' title='bbox 308 2819 493 2891; x_wconf 73' lang='grc' dir='ltr'>ὀσμὰς</span> <span class='ocrx_word' id='word_1_312' title='bbox 559 2820 867 2890; x_wconf 74' lang='grc' dir='ltr'>ὄσφρησις,</span> <span class='ocrx_word' id='word_1_313' title='bbox 921 2820 1012 2873; x_wconf 77' lang='grc' dir='ltr'><strong>καὶ</strong></span> <span class='ocrx_word' id='word_1_314' title='bbox 1057 2822 1089 2890; x_wconf 81' lang='grc' dir='ltr'>ἡ</span> <span class='ocrx_word' id='word_1_315' title='bbox 1136 2822 1202 2889; x_wconf 84' lang='grc' dir='ltr'>τῇ</span> <span class='ocrx_word' id='word_1_316' title='bbox 1254 2819 1478 2890; x_wconf 75' lang='grc' dir='ltr'>λατρεία</span> <span class='ocrx_word' id='word_1_317' title='bbox 1540 2819 1641 2889; x_wconf 76' lang='grc' dir='ltr'>τῆς</span> <span class='ocrx_word' id='word_1_318' title='bbox 1688 2819 1892 2883; x_wconf 81' lang='grc' dir='ltr'>κοιλίας</span> 
     </span>
    </p>
   </div>
   <div class='ocr_carea' id='block_1_45' title="bbox 311 2909 1895 2983">
    <p class='ocr_par' dir='ltr' id='par_1_45' title="bbox 311 2909 1895 2983">
     <span class='ocr_line' id='line_1_45' title="bbox 311 2909 1895 2983; baseline 0.001 -20"><span class='ocrx_word' id='word_1_319' title='bbox 311 2910 746 2981; x_wconf 81' lang='grc' dir='ltr'>προσκαθημένη</span> <span class='ocrx_word' id='word_1_320' title='bbox 778 2910 985 2979; x_wconf 79' lang='grc' dir='ltr'>γεῦσις,</span> <span class='ocrx_word' id='word_1_321' title='bbox 1030 2911 1124 2963; x_wconf 68' lang='grc' dir='ltr'><strong>καὶ</strong></span> <span class='ocrx_word' id='word_1_322' title='bbox 1168 2912 1200 2979; x_wconf 79' lang='grc' dir='ltr'><strong>ἡ</strong></span> <span class='ocrx_word' id='word_1_323' title='bbox 1249 2909 1357 2979; x_wconf 82' lang='grc' dir='ltr'>ἁφὴ</span> <span class='ocrx_word' id='word_1_324' title='bbox 1407 2910 1542 2983; x_wconf 71' lang='grc' dir='ltr'>πρὸς</span> <span class='ocrx_word' id='word_1_325' title='bbox 1570 2910 1797 2974; x_wconf 80' lang='grc' dir='ltr'>τούτοις,</span> <span class='ocrx_word' id='word_1_326' title='bbox 1834 2912 1895 2964; x_wconf 75' lang='grc' dir='ltr'>τὸ</span> 
     </span>
    </p>
   </div>
   <div class='ocr_carea' id='block_1_46' title="bbox 313 3001 1895 3073">
    <p class='ocr_par' dir='ltr' id='par_1_46' title="bbox 313 3001 1895 3073">
     <span class='ocr_line' id='line_1_46' title="bbox 313 3001 1895 3073; baseline 0.001 -18"><span class='ocrx_word' id='word_1_327' title='bbox 313 3002 725 3071; x_wconf 68' lang='grc' dir='ltr'>ἀνδραποδῶδες</span> <span class='ocrx_word' id='word_1_328' title='bbox 771 3004 865 3055; x_wconf 73' lang='grc' dir='ltr'><strong>καὶ</strong></span> <span class='ocrx_word' id='word_1_329' title='bbox 918 3002 1114 3070; x_wconf 76' lang='grc' dir='ltr'>τυφλὸν</span> <span class='ocrx_word' id='word_1_330' title='bbox 1164 3001 1536 3072; x_wconf 79' lang='grc' dir='ltr'>αἰσθητήριον,</span> <span class='ocrx_word' id='word_1_331' title='bbox 1581 3003 1609 3056; x_wconf 82' lang='grc' dir='ltr'><strong>ὃ</strong></span> <span class='ocrx_word' id='word_1_332' title='bbox 1639 3004 1776 3073; x_wconf 78' lang='grc' dir='ltr'>τάχα</span> <span class='ocrx_word' id='word_1_333' title='bbox 1808 3003 1895 3056; x_wconf 76' lang='grc' dir='ltr'>διὰ</span> 
     </span>
    </p>
   </div>
   <div class='ocr_carea' id='block_1_47' title="bbox 312 3087 1894 3164">
    <p class='ocr_par' dir='ltr' id='par_1_47' title="bbox 312 3087 1894 3164">
     <span class='ocr_line' id='line_1_47' title="bbox 312 3087 1894 3164; baseline 0.001 -20"><span class='ocrx_word' id='word_1_334' title='bbox 312 3096 445 3156; x_wconf 60' lang='grc' dir='ltr'>τοις</span> <span class='ocrx_word' id='word_1_335' title='bbox 478 3093 709 3161; x_wconf 76' lang='grc' dir='ltr'>τυφλοὺς</span> <span class='ocrx_word' id='word_1_336' title='bbox 755 3092 915 3163; x_wconf 90' lang='grc' dir='ltr'>μόνον</span> <span class='ocrx_word' id='word_1_337' title='bbox 955 3096 989 3163; x_wconf 83' lang='grc' dir='ltr'>ὴ</span> <span class='ocrx_word' id='word_1_338' title='bbox 1022 3093 1181 3161; x_wconf 81' lang='grc' dir='ltr'>φύσις</span> <span class='ocrx_word' id='word_1_339' title='bbox 1221 3093 1492 3164; x_wconf 83' lang='grc' dir='ltr'>ἐποίησεν.</span> <span class='ocrx_word' id='word_1_340' title='bbox 1546 3087 1647 3147; x_wconf 76' lang='grc' dir='ltr'>Ὧν</span> <span class='ocrx_word' id='word_1_341' title='bbox 1679 3094 1894 3148; x_wconf 85' lang='grc' dir='ltr'>πάντων</span> 
     </span>
    </p>
   </div>
   <div class='ocr_carea' id='block_1_48' title="bbox 310 3176 1893 3257">
    <p class='ocr_par' dir='ltr' id='par_1_48' title="bbox 310 3176 1893 3257">
     <span class='ocr_line' id='line_1_48' title="bbox 310 3176 1893 3257; baseline 0.002 -21"><span class='ocrx_word' id='word_1_342' title='bbox 310 3183 509 3255; x_wconf 76' lang='grc' dir='ltr'>ὥσπερ</span> <span class='ocrx_word' id='word_1_343' title='bbox 534 3187 589 3236; x_wconf 86' lang='grc' dir='ltr'><strong>ἐν</strong></span> <span class='ocrx_word' id='word_1_344' title='bbox 614 3176 765 3254; x_wconf 67' lang='grc' dir='ltr'>ὕπνῳ</span> <span class='ocrx_word' id='word_1_345' title='bbox 790 3185 895 3237; x_wconf 78' lang='grc' dir='ltr'>τινὶ</span> <span class='ocrx_word' id='word_1_346' title='bbox 921 3184 988 3238; x_wconf 79' lang='grc' dir='ltr'>δι’</span> <span class='ocrx_word' id='word_1_347' title='bbox 1015 3185 1286 3256; x_wconf 78' lang='grc' dir='ltr'>ἀπραξίαν</span> <span class='ocrx_word' id='word_1_348' title='bbox 1321 3201 1560 3257; x_wconf 87' lang='grc' dir='ltr'>κεκρατη</span> <span class='ocrx_word' id='word_1_349' title='bbox 1571 3185 1762 3255; x_wconf 84' lang='grc' dir='ltr'>μένων.</span> <span class='ocrx_word' id='word_1_350' title='bbox 1794 3203 1893 3239; x_wconf 81' lang='grc' dir='ltr'>κα-</span> 
     </span>
    </p>
   </div>
   <div class='ocr_carea' id='block_1_49' title="bbox 315 3274 1896 3347">
    <p class='ocr_par' dir='ltr' id='par_1_49' title="bbox 315 3274 1896 3347">
     <span class='ocr_line' id='line_1_49' title="bbox 315 3274 1896 3347; baseline 0.001 -20"><span class='ocrx_word' id='word_1_351' title='bbox 315 3274 463 3343; x_wconf 82' lang='grc' dir='ltr'>Οαρά</span> <span class='ocrx_word' id='word_1_352' title='bbox 488 3276 586 3345; x_wconf 85' lang='grc' dir='ltr'>τῆς</span> <span class='ocrx_word' id='word_1_353' title='bbox 613 3275 832 3347; x_wconf 85' lang='grc' dir='ltr'>καρδίας</span> <span class='ocrx_word' id='word_1_354' title='bbox 863 3275 1067 3346; x_wconf 71' lang='grc' dir='ltr'>ἐστὶνή</span> <span class='ocrx_word' id='word_1_355' title='bbox 1106 3275 1374 3346; x_wconf 84' lang='grc' dir='ltr'>ἐνέργεια,</span> <span class='ocrx_word' id='word_1_356' title='bbox 1404 3277 1497 3329; x_wconf 73' lang='grc' dir='ltr'>καὶ</span> <span class='ocrx_word' id='word_1_357' title='bbox 1532 3276 1667 3347; x_wconf 80' lang='grc' dir='ltr'>πρὸς</span> <span class='ocrx_word' id='word_1_358' title='bbox 1695 3276 1756 3328; x_wconf 85' lang='grc' dir='ltr'>τὺ</span> <span class='ocrx_word' id='word_1_359' title='bbox 1786 3276 1896 3330; x_wconf 82' lang='grc' dir='ltr'>ἄνω</span> 
     </span>
    </p>
   </div>
   <div class='ocr_carea' id='block_1_50' title="bbox 315 3366 1898 3438">
    <p class='ocr_par' dir='ltr' id='par_1_50' title="bbox 315 3366 1898 3438">
     <span class='ocr_line' id='line_1_50' title="bbox 315 3366 1898 3438; baseline 0 -19"><span class='ocrx_word' id='word_1_360' title='bbox 315 3367 510 3437; x_wconf 77' lang='grc' dir='ltr'>βλέπει</span> <span class='ocrx_word' id='word_1_361' title='bbox 538 3368 565 3419; x_wconf 88' lang='grc' dir='ltr'>ὁ</span> <span class='ocrx_word' id='word_1_362' title='bbox 592 3366 867 3436; x_wconf 80' lang='grc' dir='ltr'>λογισμὸς,</span> <span class='ocrx_word' id='word_1_363' title='bbox 897 3367 1262 3437; x_wconf 81' lang='grc' dir='ltr'>ἀπεριήχητος</span> <span class='ocrx_word' id='word_1_364' title='bbox 1292 3368 1467 3437; x_wconf 86' lang='grc' dir='ltr'>μένων</span> <span class='ocrx_word' id='word_1_365' title='bbox 1498 3370 1561 3421; x_wconf 86' lang='grc' dir='ltr'><strong>ἐκ</strong></span> <span class='ocrx_word' id='word_1_366' title='bbox 1589 3368 1688 3438; x_wconf 80' lang='grc' dir='ltr'>τῆς</span> <span class='ocrx_word' id='word_1_367' title='bbox 1710 3366 1898 3437; x_wconf 88' lang='grc' dir='ltr'>αίσθη-</span> 
     </span>
    </p>
   </div>
   <div class='ocr_carea' id='block_1_51' title="bbox 313 3456 1899 3531">
    <p class='ocr_par' dir='ltr' id='par_1_51' title="bbox 313 3456 1899 3531">
     <span class='ocr_line' id='line_1_51' title="bbox 313 3456 1899 3531; baseline 0.002 -21"><span class='ocrx_word' id='word_1_368' title='bbox 313 3458 477 3528; x_wconf 79' lang='grc' dir='ltr'>τικῆς</span> <span class='ocrx_word' id='word_1_369' title='bbox 515 3459 777 3529; x_wconf 81' lang='grc' dir='ltr'>κινήσεως</span> <span class='ocrx_word' id='word_1_370' title='bbox 817 3458 911 3510; x_wconf 77' lang='grc' dir='ltr'><strong>καὶ</strong></span> <span class='ocrx_word' id='word_1_371' title='bbox 941 3456 1227 3522; x_wconf 82' lang='grc' dir='ltr'>ἀθόλωτος.</span> <span class='ocrx_word' id='word_1_372' title='bbox 1258 3461 1463 3529; x_wconf 78' lang='grc' dir='ltr'>Διπλῆς</span> <span class='ocrx_word' id='word_1_373' title='bbox 1503 3462 1611 3531; x_wconf 73' lang='grc' dir='ltr'><strong>γὰρ</strong></span> <span class='ocrx_word' id='word_1_374' title='bbox 1646 3460 1812 3530; x_wconf 75' lang='grc' dir='ltr'>οὔσης</span> <span class='ocrx_word' id='word_1_375' title='bbox 1842 3464 1899 3513; x_wconf 85' lang='grc' dir='ltr'><strong>ἐν</strong></span> 
     </span>
    </p>
   </div>
   <div class='ocr_carea' id='block_1_52' title="bbox 313 3549 1895 3625">
    <p class='ocr_par' dir='ltr' id='par_1_52' title="bbox 313 3549 1895 3625">
     <span class='ocr_line' id='line_1_52' title="bbox 313 3549 1895 3625; baseline 0.003 -23"><span class='ocrx_word' id='word_1_376' title='bbox 313 3553 389 3620; x_wconf 81' lang='grc' dir='ltr'>τῇ</span> <span class='ocrx_word' id='word_1_377' title='bbox 424 3550 738 3623; x_wconf 79' lang='grc' dir='ltr'>ἀνθρωπίνῃ</span> <span class='ocrx_word' id='word_1_378' title='bbox 768 3549 927 3618; x_wconf 79' lang='grc' dir='ltr'>φύσει</span> <span class='ocrx_word' id='word_1_379' title='bbox 972 3550 1072 3621; x_wconf 84' lang='grc' dir='ltr'>τῆς</span> <span class='ocrx_word' id='word_1_380' title='bbox 1119 3551 1344 3622; x_wconf 74' lang='grc' dir='ltr'>ἡδονῆς·</span> <span class='ocrx_word' id='word_1_381' title='bbox 1391 3553 1490 3621; x_wconf 78' lang='grc' dir='ltr'>τῆς</span> <span class='ocrx_word' id='word_1_382' title='bbox 1538 3554 1635 3623; x_wconf 86' lang='grc' dir='ltr'><strong>μὲν</strong></span> <span class='ocrx_word' id='word_1_383' title='bbox 1671 3556 1727 3606; x_wconf 83' lang='grc' dir='ltr'><strong>ἐν</strong></span> <span class='ocrx_word' id='word_1_384' title='bbox 1752 3554 1895 3625; x_wconf 73' lang='grc' dir='ltr'>ψυχῇ</span> 
     </span>
    </p>
   </div>
   <div class='ocr_carea' id='block_1_53' title="bbox 312 3641 1898 3713">
    <p class='ocr_par' dir='ltr' id='par_1_53' title="bbox 312 3641 1898 3713">
     <span class='ocr_line' id='line_1_53' title="bbox 312 3641 1898 3713; baseline 0.001 -18"><span class='ocrx_word' id='word_1_385' title='bbox 312 3643 390 3695; x_wconf 82' lang='grc' dir='ltr'>δι’</span> <span class='ocrx_word' id='word_1_386' title='bbox 420 3642 686 3705; x_wconf 84' lang='grc' dir='ltr'>ἀπαθείας</span> <span class='ocrx_word' id='word_1_387' title='bbox 721 3641 1135 3712; x_wconf 80' lang='grc' dir='ltr'>ἐνεργουμένης,</span> <span class='ocrx_word' id='word_1_388' title='bbox 1158 3643 1256 3713; x_wconf 80' lang='grc' dir='ltr'>τῆς</span> <span class='ocrx_word' id='word_1_389' title='bbox 1285 3643 1341 3696; x_wconf 85' lang='grc' dir='ltr'><strong>δὲ</strong></span> <span class='ocrx_word' id='word_1_390' title='bbox 1361 3643 1447 3696; x_wconf 75' lang='grc' dir='ltr'>διὰ</span> <span class='ocrx_word' id='word_1_391' title='bbox 1481 3643 1683 3707; x_wconf 82' lang='grc' dir='ltr'>πάθους</span> <span class='ocrx_word' id='word_1_392' title='bbox 1712 3646 1767 3697; x_wconf 80' lang='grc' dir='ltr'><strong>ἐν</strong></span> <span class='ocrx_word' id='word_1_393' title='bbox 1791 3645 1898 3697; x_wconf 82' lang='grc' dir='ltr'><strong>σώ-</strong></span> 
     </span>
    </p>
   </div>
   <div class='ocr_carea' id='block_1_54' title="bbox 322 3732 1898 3808">
    <p class='ocr_par' dir='ltr' id='par_1_54' title="bbox 322 3732 1898 3808">
     <span class='ocr_line' id='line_1_54' title="bbox 322 3732 1898 3808; baseline 0.004 -24"><span class='ocrx_word' id='word_1_394' title='bbox 322 3750 481 3804; x_wconf 87' lang='grc' dir='ltr'>ματι,</span> <span class='ocrx_word' id='word_1_395' title='bbox 514 3734 691 3804; x_wconf 74' lang='grc' dir='ltr'>ἥνπερ</span> <span class='ocrx_word' id='word_1_396' title='bbox 719 3732 785 3787; x_wconf 83' lang='grc' dir='ltr'>ἂν</span> <span class='ocrx_word' id='word_1_397' title='bbox 830 3732 890 3798; x_wconf 77' lang='grc' dir='ltr'>ἐξ</span> <span class='ocrx_word' id='word_1_398' title='bbox 929 3735 1253 3804; x_wconf 75' lang='grc' dir='ltr'>ἀμφοτέρων</span> <span class='ocrx_word' id='word_1_399' title='bbox 1280 3738 1312 3806; x_wconf 80' lang='grc' dir='ltr'>ὴ</span> <span class='ocrx_word' id='word_1_400' title='bbox 1346 3737 1662 3807; x_wconf 79' lang='grc' dir='ltr'>προαίρεσις</span> <span class='ocrx_word' id='word_1_401' title='bbox 1692 3737 1898 3808; x_wconf 77' lang='grc' dir='ltr'>ἕληται,</span> 
     </span>
    </p>
   </div>
   <div class='ocr_carea' id='block_1_55' title="bbox 315 3821 1900 3899">
    <p class='ocr_par' dir='ltr' id='par_1_55' title="bbox 315 3821 1900 3899">
     <span class='ocr_line' id='line_1_55' title="bbox 315 3821 1900 3899; baseline 0.001 -22"><span class='ocrx_word' id='word_1_402' title='bbox 315 3821 463 3894; x_wconf 74' lang='grc' dir='ltr'>αὕτη</span> <span class='ocrx_word' id='word_1_403' title='bbox 490 3823 629 3877; x_wconf 70' lang='grc' dir='ltr'>κατὰ</span> <span class='ocrx_word' id='word_1_404' title='bbox 650 3825 748 3895; x_wconf 79' lang='grc' dir='ltr'><strong>τῆς</strong></span> <span class='ocrx_word' id='word_1_405' title='bbox 775 3824 963 3897; x_wconf 83' lang='grc' dir='ltr'>ἐτέρας</span> <span class='ocrx_word' id='word_1_406' title='bbox 990 3824 1052 3877; x_wconf 78' lang='grc' dir='ltr'><strong>τὸ</strong></span> <span class='ocrx_word' id='word_1_407' title='bbox 1076 3825 1274 3895; x_wconf 84' lang='grc' dir='ltr'>κράτος</span> <span class='ocrx_word' id='word_1_408' title='bbox 1298 3825 1429 3895; x_wconf 75' lang='grc' dir='ltr'>ἔχει.</span> <span class='ocrx_word' id='word_1_409' title='bbox 1472 3826 1559 3890; x_wconf 86' lang='grc' dir='ltr'>Ὠς</span> <span class='ocrx_word' id='word_1_410' title='bbox 1583 3827 1636 3879; x_wconf 77' lang='grc' dir='ltr'><strong>εἴ</strong></span> <span class='ocrx_word' id='word_1_411' title='bbox 1660 3845 1741 3891; x_wconf 88' lang='grc' dir='ltr'><strong>τις</strong></span> <span class='ocrx_word' id='word_1_412' title='bbox 1765 3827 1900 3899; x_wconf 71' lang='grc' dir='ltr'>πρὸς</span> 
     </span>
    </p>
   </div>
   <div class='ocr_carea' id='block_1_56' title="bbox 314 3911 1901 3987">
    <p class='ocr_par' dir='ltr' id='par_1_56' title="bbox 314 3911 1901 3987">
     <span class='ocr_line' id='line_1_56' title="bbox 314 3911 1901 3987; baseline 0.003 -23"><span class='ocrx_word' id='word_1_413' title='bbox 314 3911 422 3982; x_wconf 76' lang='grc' dir='ltr'>τὴν</span> <span class='ocrx_word' id='word_1_414' title='bbox 465 3911 716 3982; x_wconf 77' lang='grc' dir='ltr'>αἴσθησιν</span> <span class='ocrx_word' id='word_1_415' title='bbox 752 3911 959 3982; x_wconf 79' lang='grc' dir='ltr'>βλέποι,</span> <span class='ocrx_word' id='word_1_416' title='bbox 991 3914 1089 3984; x_wconf 78' lang='grc' dir='ltr'><strong>τὴν</strong></span> <span class='ocrx_word' id='word_1_417' title='bbox 1130 3914 1198 3966; x_wconf 82' lang='grc' dir='ltr'>δι’</span> <span class='ocrx_word' id='word_1_418' title='bbox 1226 3914 1396 3984; x_wconf 82' lang='grc' dir='ltr'>αὐτῆς</span> <span class='ocrx_word' id='word_1_419' title='bbox 1440 3916 1790 3986; x_wconf 76' lang='grc' dir='ltr'>ἐμφυομένην</span> <span class='ocrx_word' id='word_1_420' title='bbox 1823 3917 1901 3987; x_wconf 81' lang='grc' dir='ltr'><strong>τῷ</strong></span> 
     </span>
    </p>
   </div>
   <div class='ocr_carea' id='block_1_57' title="bbox 319 3999 1899 4076">
    <p class='ocr_par' dir='ltr' id='par_1_57' title="bbox 319 3999 1899 4076">
     <span class='ocr_line' id='line_1_57' title="bbox 319 3999 1899 4076; baseline 0.004 -23"><span class='ocrx_word' id='word_1_421' title='bbox 319 3999 539 4069; x_wconf 78' lang='grc' dir='ltr'>σώματι</span> <span class='ocrx_word' id='word_1_422' title='bbox 566 4001 755 4071; x_wconf 80' lang='grc' dir='ltr'>ἡδονὴν</span> <span class='ocrx_word' id='word_1_423' title='bbox 782 4000 1161 4073; x_wconf 73' lang='grc' dir='ltr'>ἐφελκόμενος,</span> <span class='ocrx_word' id='word_1_424' title='bbox 1198 4002 1461 4071; x_wconf 83' lang='grc' dir='ltr'>ἄγευστος</span> <span class='ocrx_word' id='word_1_425' title='bbox 1490 4005 1587 4076; x_wconf 80' lang='grc' dir='ltr'>τῆς</span> <span class='ocrx_word' id='word_1_426' title='bbox 1627 4006 1773 4070; x_wconf 83' lang='grc' dir='ltr'>θείας</span> <span class='ocrx_word' id='word_1_427' title='bbox 1807 4007 1899 4059; x_wconf 85' lang='grc' dir='ltr'>εὐ-</span> 
     </span>
    </p>
   </div>
   <div class='ocr_carea' id='block_1_58' title="bbox 318 4091 1899 4165">
    <p class='ocr_par' dir='ltr' id='par_1_58' title="bbox 318 4091 1899 4165">
     <span class='ocr_line' id='line_1_58' title="bbox 318 4091 1899 4165; baseline 0.004 -22"><span class='ocrx_word' id='word_1_428' title='bbox 318 4091 600 4164; x_wconf 82' lang='grc' dir='ltr'>φροσύνης</span> <span class='ocrx_word' id='word_1_429' title='bbox 632 4094 995 4158; x_wconf 78' lang='grc' dir='ltr'>διαϐιώσεται,</span> <span class='ocrx_word' id='word_1_430' title='bbox 1042 4091 1174 4148; x_wconf 84' lang='grc' dir='ltr'>διότι</span> <span class='ocrx_word' id='word_1_431' title='bbox 1204 4095 1415 4165; x_wconf 85' lang='grc' dir='ltr'>πέφυκέ</span> <span class='ocrx_word' id='word_1_432' title='bbox 1446 4114 1561 4161; x_wconf 84' lang='grc' dir='ltr'><strong>πως</strong></span> <span class='ocrx_word' id='word_1_433' title='bbox 1597 4100 1899 4151; x_wconf 77' lang='grc' dir='ltr'>ἐπισκοτεῖ-</span> 
     </span>
    </p>
   </div>
   <div class='ocr_carea' id='block_1_59' title="bbox 322 4181 1903 4257">
    <p class='ocr_par' dir='ltr' id='par_1_59' title="bbox 322 4181 1903 4257">
     <span class='ocr_line' id='line_1_59' title="bbox 322 4181 1903 4257; baseline 0.006 -24"><span class='ocrx_word' id='word_1_434' title='bbox 322 4181 455 4234; x_wconf 86' lang='grc' dir='ltr'>σθαι</span> <span class='ocrx_word' id='word_1_435' title='bbox 482 4181 541 4235; x_wconf 82' lang='grc' dir='ltr'><strong>τὸ</strong></span> <span class='ocrx_word' id='word_1_436' title='bbox 566 4186 810 4253; x_wconf 82' lang='grc' dir='ltr'>κρεῖττον</span> <span class='ocrx_word' id='word_1_437' title='bbox 836 4184 940 4236; x_wconf 75' lang='grc' dir='ltr'>ὑπὸ</span> <span class='ocrx_word' id='word_1_438' title='bbox 962 4183 1053 4237; x_wconf 75' lang='grc' dir='ltr'>τοῦ</span> <span class='ocrx_word' id='word_1_439' title='bbox 1074 4186 1334 4255; x_wconf 88' lang='grc' dir='ltr'>χείρονος.</span> <span class='ocrx_word' id='word_1_440' title='bbox 1368 4181 1461 4250; x_wconf 72' lang='grc' dir='ltr'><strong>Οἷς</strong></span> <span class='ocrx_word' id='word_1_441' title='bbox 1483 4187 1525 4239; x_wconf 79' lang='grc' dir='ltr'>δ’</span> <span class='ocrx_word' id='word_1_442' title='bbox 1551 4187 1615 4240; x_wconf 85' lang='grc' dir='ltr'>ἂν</span> <span class='ocrx_word' id='word_1_443' title='bbox 1639 4187 1903 4257; x_wconf 85' lang='grc' dir='ltr'>ἐπιθυμία</span> 
     </span>
    </p>
   </div>
   <div class='ocr_carea' id='block_1_60' title="bbox 316 4271 1902 4346">
    <p class='ocr_par' dir='ltr' id='par_1_60' title="bbox 316 4271 1902 4346">
     <span class='ocr_line' id='line_1_60' title="bbox 316 4271 1902 4346; baseline 0.006 -24"><span class='ocrx_word' id='word_1_444' title='bbox 316 4271 426 4340; x_wconf 77' lang='grc' dir='ltr'><strong>τὴν</strong></span> <span class='ocrx_word' id='word_1_445' title='bbox 456 4272 590 4342; x_wconf 75' lang='grc' dir='ltr'>πρὸς</span> <span class='ocrx_word' id='word_1_446' title='bbox 616 4273 675 4324; x_wconf 85' lang='grc' dir='ltr'><strong>τὸ</strong></span> <span class='ocrx_word' id='word_1_447' title='bbox 691 4272 846 4325; x_wconf 79' lang='grc' dir='ltr'>Θεῖον</span> <span class='ocrx_word' id='word_1_448' title='bbox 876 4272 987 4343; x_wconf 74' lang='grc' dir='ltr'>ἔχει</span> <span class='ocrx_word' id='word_1_449' title='bbox 1019 4274 1210 4345; x_wconf 76' lang='grc' dir='ltr'>ῥοπὴν,</span> <span class='ocrx_word' id='word_1_450' title='bbox 1239 4273 1449 4339; x_wconf 87' lang='grc' dir='ltr'>τούτοις</span> <span class='ocrx_word' id='word_1_451' title='bbox 1480 4277 1902 4346; x_wconf 86' lang='grc' dir='ltr'>ἀνεπισκότητον</span> 
     </span>
    </p>
   </div>
   <div class='ocr_carea' id='block_1_61' title="bbox 322 4362 1902 4438">
    <p class='ocr_par' dir='ltr' id='par_1_61' title="bbox 322 4362 1902 4438">
     <span class='ocr_line' id='line_1_61' title="bbox 322 4362 1902 4438; baseline 0.005 -24"><span class='ocrx_word' id='word_1_452' title='bbox 322 4362 481 4434; x_wconf 84' lang='grc' dir='ltr'>μένει</span> <span class='ocrx_word' id='word_1_453' title='bbox 521 4364 581 4415; x_wconf 77' lang='grc' dir='ltr'>τὸ</span> <span class='ocrx_word' id='word_1_454' title='bbox 611 4363 833 4431; x_wconf 80' lang='grc' dir='ltr'>ἀγαθὸν,</span> <span class='ocrx_word' id='word_1_455' title='bbox 870 4366 965 4418; x_wconf 71' lang='grc' dir='ltr'>καὶ</span> <span class='ocrx_word' id='word_1_456' title='bbox 1010 4367 1240 4433; x_wconf 83' lang='grc' dir='ltr'>φευκτὸν</span> <span class='ocrx_word' id='word_1_457' title='bbox 1285 4366 1429 4420; x_wconf 74' lang='grc' dir='ltr'>ἅπαν</span> <span class='ocrx_word' id='word_1_458' title='bbox 1462 4368 1739 4438; x_wconf 78' lang='grc' dir='ltr'>νομίζεται</span> <span class='ocrx_word' id='word_1_459' title='bbox 1765 4366 1902 4422; x_wconf 78' lang='grc' dir='ltr'>εἶναι</span> 
     </span>
    </p>
   </div>
   <div class='ocr_carea' id='block_1_62' title="bbox 316 4454 1901 4531">
    <p class='ocr_par' dir='ltr' id='par_1_62' title="bbox 316 4454 1901 4531">
     <span class='ocr_line' id='line_1_62' title="bbox 316 4454 1901 4531; baseline 0.003 -24"><span class='ocrx_word' id='word_1_460' title='bbox 316 4455 386 4507; x_wconf 76' lang='grc' dir='ltr'>τὸ</span> <span class='ocrx_word' id='word_1_461' title='bbox 418 4454 817 4525; x_wconf 82' lang='grc' dir='ltr'>καταγοητεῦον</span> <span class='ocrx_word' id='word_1_462' title='bbox 864 4455 966 4525; x_wconf 76' lang='grc' dir='ltr'><strong>τὴν</strong></span> <span class='ocrx_word' id='word_1_463' title='bbox 997 4456 1266 4525; x_wconf 76' lang='grc' dir='ltr'>αἴσθησιν.</span> <span class='ocrx_word' id='word_1_464' title='bbox 1322 4458 1420 4511; x_wconf 81' lang='grc' dir='ltr'><strong>Διὰ</strong></span> <span class='ocrx_word' id='word_1_465' title='bbox 1464 4459 1621 4511; x_wconf 79' lang='grc' dir='ltr'>τοῦτο</span> <span class='ocrx_word' id='word_1_466' title='bbox 1658 4461 1690 4526; x_wconf 80' lang='grc' dir='ltr'>ἡ</span> <span class='ocrx_word' id='word_1_467' title='bbox 1734 4460 1901 4531; x_wconf 70' lang='grc' dir='ltr'>ψυχὴ,</span> 
     </span>
    </p>
   </div>
   <div class='ocr_carea' id='block_1_63' title="bbox 316 4538 1893 4626">
    <p class='ocr_par' dir='ltr' id='par_1_63' title="bbox 316 4544 1893 4622">
     <span class='ocr_line' id='line_1_63' title="bbox 316 4544 1893 4622; baseline 0.004 -25"><span class='ocrx_word' id='word_1_468' title='bbox 316 4544 456 4597; x_wconf 80' lang='grc' dir='ltr'>ὅταν</span> <span class='ocrx_word' id='word_1_469' title='bbox 502 4544 638 4616; x_wconf 79' lang='grc' dir='ltr'>μόνῃ</span> <span class='ocrx_word' id='word_1_470' title='bbox 684 4547 748 4616; x_wconf 80' lang='grc' dir='ltr'>τῇ</span> <span class='ocrx_word' id='word_1_471' title='bbox 787 4544 991 4617; x_wconf 79' lang='grc' dir='ltr'>θεωρία</span> <span class='ocrx_word' id='word_1_472' title='bbox 1035 4545 1127 4599; x_wconf 83' lang='grc' dir='ltr'>τοῦ</span> <span class='ocrx_word' id='word_1_473' title='bbox 1172 4546 1322 4609; x_wconf 80' lang='grc' dir='ltr'>ὖντος</span> <span class='ocrx_word' id='word_1_474' title='bbox 1347 4549 1723 4619; x_wconf 80' lang='grc' dir='ltr'>εὐφραίνηται,</span> <span class='ocrx_word' id='word_1_475' title='bbox 1767 4552 1893 4622; x_wconf 78' lang='grc' dir='ltr'>πρὸς</span> 
     </span>
    </p>
   </div>
   <div class='ocr_carea' id='block_1_64' title="bbox 1999 4538 3687 4626">
    <p class='ocr_par' dir='ltr' id='par_1_64' title="bbox 2008 4538 3687 4615">
     <span class='ocr_line' id='line_1_64' title="bbox 2008 4538 3687 4615; baseline 0.013 -25"><span class='ocrx_word' id='word_1_476' title='bbox 2008 4538 2271 4608; x_wconf 82' lang='lat' dir='ltr'><strong>quidquid</strong></span> <span class='ocrx_word' id='word_1_477' title='bbox 2294 4542 2461 4595; x_wconf 83' lang='lat' dir='ltr'><strong>veluti</strong></span> <span class='ocrx_word' id='word_1_478' title='bbox 2488 4542 2816 4611; x_wconf 85' lang='lat' dir='ltr'><strong>quibusdam</strong></span> <span class='ocrx_word' id='word_1_479' title='bbox 2852 4546 3079 4615; x_wconf 78' lang='lat' dir='ltr'><strong>magicis</strong></span> <span class='ocrx_word' id='word_1_480' title='bbox 3120 4551 3454 4607; x_wconf 84' lang='lat' dir='ltr'><strong>carminibus</strong></span> <span class='ocrx_word' id='word_1_481' title='bbox 3484 4552 3580 4609; x_wconf 89' lang='lat' dir='ltr'><strong>dc-</strong></span> <span class='ocrx_word' id='word_1_482' title='bbox 3671 4555 3687 4567; x_wconf 79' lang='grc'><strong>⁸</strong></span> 
     </span>
    </p>
   </div>
   <div class='ocr_carea' id='block_1_65' title="bbox 274 4635 1900 4713">
    <p class='ocr_par' dir='ltr' id='par_1_65' title="bbox 274 4635 1900 4713">
     <span class='ocr_line' id='line_1_65' title="bbox 274 4635 1900 4713; baseline 0.004 -24"><span class='ocrx_word' id='word_1_483' title='bbox 274 4635 480 4689; x_wconf 74' lang='grc' dir='ltr'>ὀὐδὲν</span> <span class='ocrx_word' id='word_1_484' title='bbox 530 4637 797 4707; x_wconf 73' lang='grc' dir='ltr'>ἐγρήγορε</span> <span class='ocrx_word' id='word_1_485' title='bbox 833 4637 943 4690; x_wconf 83' lang='grc' dir='ltr'><strong>τῶν</strong></span> <span class='ocrx_word' id='word_1_486' title='bbox 988 4638 1391 4707; x_wconf 83' lang='grc' dir='ltr'>ἐνεργουμένων</span> <span class='ocrx_word' id='word_1_487' title='bbox 1443 4639 1564 4692; x_wconf 77' lang='grc' dir='ltr'>καθ’</span> <span class='ocrx_word' id='word_1_488' title='bbox 1606 4641 1799 4713; x_wconf 74' lang='grc' dir='ltr'>ἡδονὴν</span> <span class='ocrx_word' id='word_1_489' title='bbox 1835 4643 1900 4695; x_wconf 85' lang='grc' dir='ltr'>δι’</span> 
     </span>
    </p>
   </div>
   <div class='ocr_carea' id='block_1_66' title="bbox 322 4725 1902 4803">
    <p class='ocr_par' dir='ltr' id='par_1_66' title="bbox 322 4725 1902 4803">
     <span class='ocr_line' id='line_1_66' title="bbox 322 4725 1902 4803; baseline 0.004 -22"><span class='ocrx_word' id='word_1_490' title='bbox 322 4725 666 4797; x_wconf 76' lang='grc' dir='ltr'>αἰσθήσεως-</span> <span class='ocrx_word' id='word_1_491' title='bbox 716 4726 853 4780; x_wconf 87' lang='grc' dir='ltr'><strong>ἀλλά</strong></span> <span class='ocrx_word' id='word_1_492' title='bbox 886 4728 1062 4779; x_wconf 80' lang='grc' dir='ltr'>πᾶσαν</span> <span class='ocrx_word' id='word_1_493' title='bbox 1096 4728 1411 4799; x_wconf 81' lang='grc' dir='ltr'>σωματικὴν</span> <span class='ocrx_word' id='word_1_494' title='bbox 1449 4733 1902 4803; x_wconf 83' lang='grc' dir='ltr'>κατακοιμήσασα</span> 
     </span>
    </p>
   </div>
   <div class='ocr_carea' id='block_1_67' title="bbox 320 4819 1901 4894">
    <p class='ocr_par' dir='ltr' id='par_1_67' title="bbox 320 4819 1901 4894">
     <span class='ocr_line' id='line_1_67' title="bbox 320 4819 1901 4894; baseline 0.002 -21"><span class='ocrx_word' id='word_1_495' title='bbox 320 4819 562 4887; x_wconf 81' lang='grc' dir='ltr'>κίνησιν,</span> <span class='ocrx_word' id='word_1_496' title='bbox 596 4821 775 4889; x_wconf 82' lang='grc' dir='ltr'>γυμνῇ</span> <span class='ocrx_word' id='word_1_497' title='bbox 812 4836 870 4870; x_wconf 89' lang='grc' dir='ltr'><strong>τε</strong></span> <span class='ocrx_word' id='word_1_498' title='bbox 903 4819 1000 4871; x_wconf 75' lang='grc' dir='ltr'><strong>καὶ</strong></span> <span class='ocrx_word' id='word_1_499' title='bbox 1052 4819 1267 4891; x_wconf 78' lang='grc' dir='ltr'>καθαρᾷ</span> <span class='ocrx_word' id='word_1_500' title='bbox 1308 4822 1373 4890; x_wconf 81' lang='grc' dir='ltr'><strong>τῇ</strong></span> <span class='ocrx_word' id='word_1_501' title='bbox 1418 4819 1626 4892; x_wconf 77' lang='grc' dir='ltr'>διανοίᾳ</span> <span class='ocrx_word' id='word_1_502' title='bbox 1668 4821 1757 4875; x_wconf 76' lang='grc' dir='ltr'>διὰ</span> <span class='ocrx_word' id='word_1_503' title='bbox 1805 4824 1901 4894; x_wconf 71' lang='grc' dir='ltr'>τῆς</span> 
     </span>
    </p>
   </div>
   <div class='ocr_carea' id='block_1_68' title="bbox 321 4909 1902 4983">
    <p class='ocr_par' dir='ltr' id='par_1_68' title="bbox 321 4909 1902 4983">
     <span class='ocr_line' id='line_1_68' title="bbox 321 4909 1902 4983; baseline 0.003 -20"><span class='ocrx_word' id='word_1_504' title='bbox 321 4910 479 4972; x_wconf 85' lang='grc' dir='ltr'>θείας</span> <span class='ocrx_word' id='word_1_505' title='bbox 508 4911 891 4980; x_wconf 81' lang='grc' dir='ltr'>ἐγρηγόρσεως</span> <span class='ocrx_word' id='word_1_506' title='bbox 936 4909 1149 4980; x_wconf 80' lang='grc' dir='ltr'>δέχεται</span> <span class='ocrx_word' id='word_1_507' title='bbox 1179 4910 1272 4963; x_wconf 84' lang='grc' dir='ltr'>τοῦ</span> <span class='ocrx_word' id='word_1_508' title='bbox 1302 4912 1434 4965; x_wconf 80' lang='grc' dir='ltr'><strong>Θεοῦ</strong></span> <span class='ocrx_word' id='word_1_509' title='bbox 1459 4912 1557 4983; x_wconf 80' lang='grc' dir='ltr'>τὴν</span> <span class='ocrx_word' id='word_1_510' title='bbox 1585 4914 1902 4983; x_wconf 82' lang='grc' dir='ltr'>ἐμφάνειαν.</span> 
     </span>
    </p>
   </div>
   <div class='ocr_carea' id='block_1_69' title="bbox 319 4994 1904 5074">
    <p class='ocr_par' dir='ltr' id='par_1_69' title="bbox 319 4994 1904 5074">
     <span class='ocr_line' id='line_1_69' title="bbox 319 4994 1904 5074; baseline 0.003 -21"><span class='ocrx_word' id='word_1_511' title='bbox 319 4994 439 5061; x_wconf 64' lang='lat' dir='ltr'><strong>1&#39;H;</strong></span> <span class='ocrx_word' id='word_1_512' title='bbox 463 5000 557 5052; x_wconf 75' lang='grc' dir='ltr'><strong>καὶ</strong></span> <span class='ocrx_word' id='word_1_513' title='bbox 586 5002 746 5070; x_wconf 77' lang='grc' dir='ltr'>ἡμεῖς</span> <span class='ocrx_word' id='word_1_514' title='bbox 770 4998 1134 5070; x_wconf 81' lang='grc' dir='ltr'>ἀξιωθείημεν</span> <span class='ocrx_word' id='word_1_515' title='bbox 1160 5000 1248 5054; x_wconf 84' lang='grc' dir='ltr'>διὰ</span> <span class='ocrx_word' id='word_1_516' title='bbox 1276 5000 1368 5055; x_wconf 80' lang='grc' dir='ltr'>τοῦ</span> <span class='ocrx_word' id='word_1_517' title='bbox 1415 5002 1704 5074; x_wconf 78' lang='grc' dir='ltr'>εἰρημένου</span> <span class='ocrx_word' id='word_1_518' title='bbox 1738 5002 1904 5058; x_wconf 78' lang='grc' dir='ltr'>ὕπνου</span> 
     </span>
    </p>
   </div>
   <div class='ocr_carea' id='block_1_70' title="bbox 321 5091 1908 5165">
    <p class='ocr_par' dir='ltr' id='par_1_70' title="bbox 321 5091 1908 5165">
     <span class='ocr_line' id='line_1_70' title="bbox 321 5091 1908 5165; baseline 0.001 -20"><span class='ocrx_word' id='word_1_519' title='bbox 321 5092 720 5163; x_wconf 76' lang='grc' dir='ltr'>κατορθοῦντες</span> <span class='ocrx_word' id='word_1_520' title='bbox 786 5091 888 5161; x_wconf 79' lang='grc' dir='ltr'><strong>τῆς</strong></span> <span class='ocrx_word' id='word_1_521' title='bbox 966 5092 1146 5163; x_wconf 67' lang='grc' dir='ltr'>ψυχῆς</span> <span class='ocrx_word' id='word_1_522' title='bbox 1215 5092 1313 5164; x_wconf 74' lang='grc' dir='ltr'><strong>τὴν</strong></span> <span class='ocrx_word' id='word_1_523' title='bbox 1382 5097 1731 5165; x_wconf 75' lang='grc' dir='ltr'>ἐγρήγορσιν.</span> <span class='ocrx_word' id='word_1_524' title='bbox 1820 5097 1908 5148; x_wconf 85' lang='grc' dir='ltr'>Ἑν</span> 
     </span>
    </p>
   </div>
   <div class='ocr_carea' id='block_1_71' title="bbox 321 5174 1906 5251">
    <p class='ocr_par' dir='ltr' id='par_1_71' title="bbox 321 5174 1906 5251">
     <span class='ocr_line' id='line_1_71' title="bbox 321 5174 1906 5251; baseline -0.001 -16"><span class='ocrx_word' id='word_1_525' title='bbox 321 5180 549 5251; x_wconf 83' lang='grc' dir='ltr'>Χριστῷ</span> <span class='ocrx_word' id='word_1_526' title='bbox 594 5180 790 5251; x_wconf 84' lang='grc' dir='ltr'>Ἰησοῦ,</span> <span class='ocrx_word' id='word_1_527' title='bbox 903 5182 935 5251; x_wconf 83' lang='grc' dir='ltr'><strong>ἡ</strong></span> <span class='ocrx_word' id='word_1_528' title='bbox 969 5180 1094 5244; x_wconf 78' lang='grc' dir='ltr'>δόξα</span> <span class='ocrx_word' id='word_1_529' title='bbox 1128 5181 1208 5245; x_wconf 86' lang='grc' dir='ltr'>εἰς</span> <span class='ocrx_word' id='word_1_530' title='bbox 1235 5184 1359 5245; x_wconf 75' lang='grc' dir='ltr'>τοὺς</span> <span class='ocrx_word' id='word_1_531' title='bbox 1399 5182 1602 5246; x_wconf 81' lang='grc' dir='ltr'>αἰῶνας</span> <span class='ocrx_word' id='word_1_532' title='bbox 1644 5183 1751 5237; x_wconf 83' lang='grc' dir='ltr'><strong>τῶν</strong></span> <span class='ocrx_word' id='word_1_533' title='bbox 1779 5182 1906 5236; x_wconf 74' lang='grc' dir='ltr'><strong>αἰώ-</strong></span> 
     </span>
    </p>
   </div>
   <div class='ocr_carea' id='block_1_72' title="bbox 321 5268 664 5345">
    <p class='ocr_par' dir='ltr' id='par_1_72' title="bbox 321 5268 664 5345">
     <span class='ocr_line' id='line_1_72' title="bbox 321 5268 664 5345; baseline -0.003 -20"><span class='ocrx_word' id='word_1_534' title='bbox 321 5286 454 5325; x_wconf 89' lang='grc' dir='ltr'>νων.</span> <span class='ocrx_word' id='word_1_535' title='bbox 474 5268 664 5345; x_wconf 56' lang='grc' dir='ltr'>Ἄρκην.</span> 
     </span>
    </p>
   </div>
   <div class='ocr_carea' id='block_1_73' title="bbox 927 5448 1310 5502">
    <p class='ocr_par' dir='ltr' id='par_1_73' title="bbox 927 5448 1310 5502">
     <span class='ocr_line' id='line_1_73' title="bbox 927 5448 1310 5502; baseline 0.008 -3"><span class='ocrx_word' id='word_1_536' title='bbox 927 5448 1170 5500; x_wconf 75' lang='grc' dir='ltr'><strong>ΟΜῘΛΙΑ</strong></span> <span class='ocrx_word' id='word_1_537' title='bbox 1211 5449 1310 5502; x_wconf 82' lang='lat' dir='ltr'><strong>lA&#39;.</strong></span> 
     </span>
    </p>
   </div>
   <div class='ocr_carea' id='block_1_74' title="bbox 399 5534 1907 5612">
    <p class='ocr_par' dir='ltr' id='par_1_74' title="bbox 399 5534 1907 5612">
     <span class='ocr_line' id='line_1_74' title="bbox 399 5534 1907 5612; baseline 0.009 -25"><span class='ocrx_word' id='word_1_538' title='bbox 399 5534 572 5601; x_wconf 70' lang='grc' dir='ltr'>Φωνὴ</span> <span class='ocrx_word' id='word_1_539' title='bbox 621 5535 947 5605; x_wconf 72' lang='grc' dir='ltr'>ἀδελφιδοῦ</span> <span class='ocrx_word' id='word_1_540' title='bbox 990 5557 1111 5608; x_wconf 83' lang='grc' dir='ltr'><strong>μου</strong></span> <span class='ocrx_word' id='word_1_541' title='bbox 1164 5541 1364 5607; x_wconf 79' lang='grc' dir='ltr'>κρούει</span> <span class='ocrx_word' id='word_1_542' title='bbox 1403 5541 1501 5594; x_wconf 76' lang='grc' dir='ltr'><strong>ἐπὶ</strong></span> <span class='ocrx_word' id='word_1_543' title='bbox 1544 5543 1659 5611; x_wconf 81' lang='grc' dir='ltr'><strong>τὴν</strong></span> <span class='ocrx_word' id='word_1_544' title='bbox 1696 5546 1907 5612; x_wconf 70' lang='grc' dir='ltr'>θύραν.</span> 
     </span>
    </p>
   </div>
   <div class='ocr_carea' id='block_1_75' title="bbox 331 5628 1910 5704">
    <p class='ocr_par' dir='ltr' id='par_1_75' title="bbox 331 5628 1910 5704">
     <span class='ocr_line' id='line_1_75' title="bbox 331 5628 1910 5704; baseline 0.004 -23"><span class='ocrx_word' id='word_1_545' title='bbox 331 5628 399 5681; x_wconf 77' lang='grc' dir='ltr'><strong>Ἀ</strong></span> <span class='ocrx_word' id='word_1_546' title='bbox 409 5628 615 5688; x_wconf 76' lang='grc' dir='ltr'>νοιξόν</span> <span class='ocrx_word' id='word_1_547' title='bbox 630 5643 753 5695; x_wconf 81' lang='grc' dir='ltr'>μοι,</span> <span class='ocrx_word' id='word_1_548' title='bbox 773 5628 811 5693; x_wconf 76' lang='grc' dir='ltr'>ἡ</span> <span class='ocrx_word' id='word_1_549' title='bbox 827 5628 1058 5697; x_wconf 61' lang='grc' dir='ltr'>ἀδελφή</span> <span class='ocrx_word' id='word_1_550' title='bbox 1079 5647 1221 5698; x_wconf 85' lang='grc' dir='ltr'>μου,</span> <span class='ocrx_word' id='word_1_551' title='bbox 1246 5631 1284 5697; x_wconf 78' lang='grc' dir='ltr'><em>ἠ</em></span> <span class='ocrx_word' id='word_1_552' title='bbox 1302 5633 1569 5699; x_wconf 75' lang='grc' dir='ltr'>πλησίον</span> <span class='ocrx_word' id='word_1_553' title='bbox 1587 5651 1728 5701; x_wconf 85' lang='grc' dir='ltr'>μου,</span> <span class='ocrx_word' id='word_1_554' title='bbox 1750 5653 1910 5704; x_wconf 79' lang='grc' dir='ltr'>περι-</span> 
     </span>
    </p>
   </div>
   <div class='ocr_carea' id='block_1_76' title="bbox 323 5715 1910 5792">
    <p class='ocr_par' dir='ltr' id='par_1_76' title="bbox 323 5715 1910 5792">
     <span class='ocr_line' id='line_1_76' title="bbox 323 5715 1910 5792; baseline 0.004 -20"><span class='ocrx_word' id='word_1_555' title='bbox 323 5715 516 5783; x_wconf 70' lang='grc' dir='ltr'>στερὰ</span> <span class='ocrx_word' id='word_1_556' title='bbox 535 5734 677 5783; x_wconf 74' lang='grc' dir='ltr'>μου,</span> <span class='ocrx_word' id='word_1_557' title='bbox 714 5719 913 5771; x_wconf 75' lang='grc' dir='ltr'>τελεία</span> <span class='ocrx_word' id='word_1_558' title='bbox 943 5737 1083 5787; x_wconf 81' lang='grc' dir='ltr'>μου·</span> <span class='ocrx_word' id='word_1_559' title='bbox 1119 5721 1209 5775; x_wconf 81' lang='grc' dir='ltr'>ὅτι</span> <span class='ocrx_word' id='word_1_560' title='bbox 1240 5722 1279 5790; x_wconf 74' lang='grc' dir='ltr'><strong><em>ἠ</em></strong></span> <span class='ocrx_word' id='word_1_561' title='bbox 1316 5723 1548 5790; x_wconf 65' lang='grc' dir='ltr'>κεφαλή</span> <span class='ocrx_word' id='word_1_562' title='bbox 1572 5742 1692 5792; x_wconf 80' lang='grc' dir='ltr'><strong>μου</strong></span> <span class='ocrx_word' id='word_1_563' title='bbox 1727 5725 1910 5789; x_wconf 77' lang='grc' dir='ltr'><strong>ἐπλή-</strong></span> 
     </span>
    </p>
   </div>
   <div class='ocr_carea' id='block_1_77' title="bbox 325 5804 1903 5881">
    <p class='ocr_par' dir='ltr' id='par_1_77' title="bbox 325 5804 1903 5881">
     <span class='ocr_line' id='line_1_77' title="bbox 325 5804 1903 5881; baseline 0.006 -17"><span class='ocrx_word' id='word_1_564' title='bbox 325 5811 451 5876; x_wconf 80' lang='grc' dir='ltr'>σι¹η</span> <span class='ocrx_word' id='word_1_565' title='bbox 479 5804 724 5876; x_wconf 76' lang='grc' dir='ltr'>δρόσου,</span> <span class='ocrx_word' id='word_1_566' title='bbox 758 5808 855 5861; x_wconf 78' lang='grc' dir='ltr'>καὶ</span> <span class='ocrx_word' id='word_1_567' title='bbox 889 5812 944 5863; x_wconf 80' lang='grc' dir='ltr'>οἱ</span> <span class='ocrx_word' id='word_1_568' title='bbox 966 5811 1304 5880; x_wconf 75' lang='grc' dir='ltr'>βόστρυχοί</span> <span class='ocrx_word' id='word_1_569' title='bbox 1337 5830 1455 5881; x_wconf 81' lang='grc' dir='ltr'><strong>μου</strong></span> <span class='ocrx_word' id='word_1_570' title='bbox 1497 5813 1778 5881; x_wconf 67' lang='grc' dir='ltr'>ψεκιίδων</span> <span class='ocrx_word' id='word_1_571' title='bbox 1806 5835 1903 5872; x_wconf 81' lang='grc' dir='ltr'><strong>νυ-</strong></span> 
     </span>
    </p>
   </div>
   <div class='ocr_carea' id='block_1_78' title="bbox 1987 1993 3565 2072">
    <p class='ocr_par' dir='ltr' id='par_1_78' title="bbox 1987 1993 3565 2072">
     <span class='ocr_line' id='line_1_78' title="bbox 1987 1993 3565 2072; baseline -0.007 -15"><span class='ocrx_word' id='word_1_572' title='bbox 1987 2006 2052 2057; x_wconf 78' lang='lat' dir='ltr'><strong>ad</strong></span> <span class='ocrx_word' id='word_1_573' title='bbox 2084 2005 2221 2058; x_wconf 87' lang='lat' dir='ltr'><strong>nihil</strong></span> <span class='ocrx_word' id='word_1_574' title='bbox 2246 2018 2435 2058; x_wconf 91' lang='lat' dir='ltr'><strong>eorum</strong></span> <span class='ocrx_word' id='word_1_575' title='bbox 2465 2017 2585 2072; x_wconf 68' lang='lat' dir='ltr'><strong>qua:</strong></span> <span class='ocrx_word' id='word_1_576' title='bbox 2623 2001 2691 2055; x_wconf 87' lang='lat' dir='ltr'><strong>ab</strong></span> <span class='ocrx_word' id='word_1_577' title='bbox 2730 2001 2850 2070; x_wconf 91' lang='lat' dir='ltr'><strong>ipso</strong></span> <span class='ocrx_word' id='word_1_578' title='bbox 2886 1998 3249 2053; x_wconf 84' lang='lat' dir='ltr'><strong>ostenduntur</strong></span> <span class='ocrx_word' id='word_1_579' title='bbox 3297 1993 3565 2066; x_wconf 81' lang='lat' dir='ltr'><strong>perfectio</strong></span> 
     </span>
    </p>
   </div>
   <div class='ocr_carea' id='block_1_79' title="bbox 1987 2085 3565 2159">
    <p class='ocr_par' dir='ltr' id='par_1_79' title="bbox 1987 2085 3565 2159">
     <span class='ocr_line' id='line_1_79' title="bbox 1987 2085 3565 2159; baseline -0.006 -13"><span class='ocrx_word' id='word_1_580' title='bbox 1987 2093 2293 2147; x_wconf 82' lang='lat' dir='ltr'><strong>attrahatur</strong></span> <span class='ocrx_word' id='word_1_581' title='bbox 2345 2092 2559 2157; x_wconf 67' lang='lat' dir='ltr'><strong>animas,</strong></span> <span class='ocrx_word' id='word_1_582' title='bbox 2618 2099 2903 2159; x_wconf 86' lang='lat' dir='ltr'><strong>propterea</strong></span> <span class='ocrx_word' id='word_1_583' title='bbox 2956 2088 3100 2158; x_wconf 82' lang='lat' dir='ltr'><strong>quod</strong></span> <span class='ocrx_word' id='word_1_584' title='bbox 3134 2085 3467 2155; x_wconf 82' lang='lat' dir='ltr'><strong>cogitatione</strong></span> <span class='ocrx_word' id='word_1_585' title='bbox 3499 2098 3565 2138; x_wconf 87' lang='lat' dir='ltr'><strong>ea</strong></span> 
     </span>
    </p>
   </div>
   <div class='ocr_carea' id='block_1_80' title="bbox 1989 2176 3561 2254">
    <p class='ocr_par' dir='ltr' id='par_1_80' title="bbox 1989 2176 3561 2254">
     <span class='ocr_line' id='line_1_80' title="bbox 1989 2176 3561 2254; baseline -0.008 -14"><span class='ocrx_word' id='word_1_586' title='bbox 1989 2186 2103 2240; x_wconf 90' lang='lat' dir='ltr'><strong>sola</strong></span> <span class='ocrx_word' id='word_1_587' title='bbox 2130 2184 2362 2254; x_wconf 85' lang='lat' dir='ltr'><strong>aspiciat</strong></span> <span class='ocrx_word' id='word_1_588' title='bbox 2393 2198 2515 2254; x_wconf 66' lang='lat' dir='ltr'><strong>quae</strong></span> <span class='ocrx_word' id='word_1_589' title='bbox 2554 2190 2682 2238; x_wconf 88' lang='lat' dir='ltr'><strong>sunt</strong></span> <span class='ocrx_word' id='word_1_590' title='bbox 2713 2179 2997 2249; x_wconf 88' lang='lat' dir='ltr'><strong>superiora</strong></span> <span class='ocrx_word' id='word_1_591' title='bbox 3044 2179 3112 2233; x_wconf 89' lang='lat' dir='ltr'><strong>iis</strong></span> <span class='ocrx_word' id='word_1_592' title='bbox 3144 2191 3264 2246; x_wconf 64' lang='lat' dir='ltr'><strong>quae</strong></span> <span class='ocrx_word' id='word_1_593' title='bbox 3293 2176 3561 2229; x_wconf 83' lang='lat' dir='ltr'><strong>videntur.</strong></span> 
     </span>
    </p>
   </div>
   <div class='ocr_carea' id='block_1_81' title="bbox 1989 2266 3565 2335">
    <p class='ocr_par' dir='ltr' id='par_1_81' title="bbox 1989 2266 3565 2335">
     <span class='ocr_line' id='line_1_81' title="bbox 1989 2266 3565 2335; baseline -0.006 -8"><span class='ocrx_word' id='word_1_594' title='bbox 1989 2277 2065 2329; x_wconf 83' lang='lat' dir='ltr'><strong>ita</strong></span> <span class='ocrx_word' id='word_1_595' title='bbox 2102 2274 2266 2329; x_wconf 85' lang='lat' dir='ltr'><strong>etiam</strong></span> <span class='ocrx_word' id='word_1_596' title='bbox 2289 2282 2538 2328; x_wconf 88' lang='lat' dir='ltr'><strong>mortuus</strong></span> <span class='ocrx_word' id='word_1_597' title='bbox 2565 2280 2646 2327; x_wconf 89' lang='lat' dir='ltr'><strong>est</strong></span> <span class='ocrx_word' id='word_1_598' title='bbox 2684 2270 2903 2325; x_wconf 88' lang='lat' dir='ltr'><strong>auditus</strong></span> <span class='ocrx_word' id='word_1_599' title='bbox 2937 2280 2990 2324; x_wconf 92' lang='lat' dir='ltr'><strong>et</strong></span> <span class='ocrx_word' id='word_1_600' title='bbox 3020 2283 3245 2323; x_wconf 84' lang='lat' dir='ltr'><strong>cessans</strong></span> <span class='ocrx_word' id='word_1_601' title='bbox 3277 2266 3345 2321; x_wconf 90' lang='lat' dir='ltr'><strong>ab</strong></span> <span class='ocrx_word' id='word_1_602' title='bbox 3369 2279 3565 2335; x_wconf 90' lang='lat' dir='ltr'><strong>opera-</strong></span> 
     </span>
    </p>
   </div>
   <div class='ocr_carea' id='block_1_82' title="bbox 1989 2358 3562 2433">
    <p class='ocr_par' dir='ltr' id='par_1_82' title="bbox 1989 2358 3562 2433">
     <span class='ocr_line' id='line_1_82' title="bbox 1989 2358 3562 2433; baseline -0.004 -16"><span class='ocrx_word' id='word_1_603' title='bbox 1989 2364 2158 2430; x_wconf 87' lang='lat' dir='ltr'><strong>tione,</strong></span> <span class='ocrx_word' id='word_1_604' title='bbox 2196 2378 2320 2418; x_wconf 89' lang='lat' dir='ltr'><strong>cum</strong></span> <span class='ocrx_word' id='word_1_605' title='bbox 2361 2364 2414 2418; x_wconf 91' lang='lat' dir='ltr'><strong>in</strong></span> <span class='ocrx_word' id='word_1_606' title='bbox 2454 2364 2522 2420; x_wconf 90' lang='lat' dir='ltr'><strong>iis</strong></span> <span class='ocrx_word' id='word_1_607' title='bbox 2560 2377 2682 2433; x_wconf 65' lang='lat' dir='ltr'><strong>qua:</strong></span> <span class='ocrx_word' id='word_1_608' title='bbox 2721 2369 2848 2417; x_wconf 85' lang='lat' dir='ltr'><strong>sunt</strong></span> <span class='ocrx_word' id='word_1_609' title='bbox 2883 2374 3049 2429; x_wconf 82' lang='lat' dir='ltr'><strong>supra</strong></span> <span class='ocrx_word' id='word_1_610' title='bbox 3088 2358 3356 2413; x_wconf 83' lang='lat' dir='ltr'><strong>rationem</strong></span> <span class='ocrx_word' id='word_1_611' title='bbox 3397 2370 3562 2411; x_wconf 86' lang='lat' dir='ltr'><strong>oecu-</strong></span> 
     </span>
    </p>
   </div>
   <div class='ocr_carea' id='block_1_83' title="bbox 1991 2455 2381 2526">
    <p class='ocr_par' dir='ltr' id='par_1_83' title="bbox 1991 2455 2381 2526">
     <span class='ocr_line' id='line_1_83' title="bbox 1991 2455 2381 2526; baseline 0.005 -17"><span class='ocrx_word' id='word_1_612' title='bbox 1991 2464 2149 2526; x_wconf 86' lang='lat' dir='ltr'><strong>petur</strong></span> <span class='ocrx_word' id='word_1_613' title='bbox 2178 2455 2381 2511; x_wconf 87' lang='lat' dir='ltr'><strong>anima.</strong></span> 
     </span>
    </p>
   </div>
   <div class='ocr_carea' id='block_1_84' title="bbox 2059 2544 3567 2617">
    <p class='ocr_par' dir='ltr' id='par_1_84' title="bbox 2059 2544 3567 2617">
     <span class='ocr_line' id='line_1_84' title="bbox 2059 2544 3567 2617; baseline -0.003 -17"><span class='ocrx_word' id='word_1_614' title='bbox 2059 2544 2136 2600; x_wconf 89' lang='lat' dir='ltr'><strong>De</strong></span> <span class='ocrx_word' id='word_1_615' title='bbox 2162 2547 2413 2602; x_wconf 87' lang='lat' dir='ltr'><strong>sensibus</strong></span> <span class='ocrx_word' id='word_1_616' title='bbox 2442 2554 2624 2601; x_wconf 89' lang='lat' dir='ltr'><strong>autem</strong></span> <span class='ocrx_word' id='word_1_617' title='bbox 2655 2546 2825 2617; x_wconf 82' lang='lat' dir='ltr'><strong>magis</strong></span> <span class='ocrx_word' id='word_1_618' title='bbox 2859 2546 3112 2601; x_wconf 79' lang='lat' dir='ltr'><strong>belluims</strong></span> <span class='ocrx_word' id='word_1_619' title='bbox 3143 2559 3251 2599; x_wconf 88' lang='lat' dir='ltr'><strong>non</strong></span> <span class='ocrx_word' id='word_1_620' title='bbox 3303 2544 3567 2599; x_wconf 83' lang='lat' dir='ltr'><strong>convenit</strong></span> 
     </span>
    </p>
   </div>
   <div class='ocr_carea' id='block_1_85' title="bbox 1991 2636 3564 2706">
    <p class='ocr_par' dir='ltr' id='par_1_85' title="bbox 1991 2636 3564 2706">
     <span class='ocr_line' id='line_1_85' title="bbox 1991 2636 3564 2706; baseline 0.001 -18"><span class='ocrx_word' id='word_1_621' title='bbox 1991 2636 2195 2705; x_wconf 90' lang='lat' dir='ltr'><strong>aliquid</strong></span> <span class='ocrx_word' id='word_1_622' title='bbox 2233 2637 2447 2701; x_wconf 89' lang='lat' dir='ltr'><strong>dicere,</strong></span> <span class='ocrx_word' id='word_1_623' title='bbox 2494 2638 2637 2706; x_wconf 90' lang='lat' dir='ltr'><strong>quod</strong></span> <span class='ocrx_word' id='word_1_624' title='bbox 2698 2637 2908 2692; x_wconf 85' lang='lat' dir='ltr'><strong>sci!icet</strong></span> <span class='ocrx_word' id='word_1_625' title='bbox 2960 2645 3221 2706; x_wconf 82' lang='lat' dir='ltr'><strong>tanquam</strong></span> <span class='ocrx_word' id='word_1_626' title='bbox 3282 2636 3564 2691; x_wconf 74' lang='lat' dir='ltr'><strong>morticini</strong></span> 
     </span>
    </p>
   </div>
   <div class='ocr_carea' id='block_1_86' title="bbox 1992 2727 3566 2796">
    <p class='ocr_par' dir='ltr' id='par_1_86' title="bbox 1992 2727 3566 2796">
     <span class='ocr_line' id='line_1_86' title="bbox 1992 2727 3566 2796; baseline 0.003 -18"><span class='ocrx_word' id='word_1_627' title='bbox 1992 2727 2263 2796; x_wconf 88' lang='lat' dir='ltr'><strong>quispiam</strong></span> <span class='ocrx_word' id='word_1_628' title='bbox 2305 2727 2444 2781; x_wconf 83' lang='lat' dir='ltr'><strong>fetor</strong></span> <span class='ocrx_word' id='word_1_629' title='bbox 2468 2728 2536 2781; x_wconf 90' lang='lat' dir='ltr'><strong>ab</strong></span> <span class='ocrx_word' id='word_1_630' title='bbox 2573 2728 2753 2781; x_wconf 88' lang='lat' dir='ltr'><strong>anima</strong></span> <span class='ocrx_word' id='word_1_631' title='bbox 2790 2727 2864 2781; x_wconf 89' lang='lat' dir='ltr'><strong>sit</strong></span> <span class='ocrx_word' id='word_1_632' title='bbox 2893 2728 3164 2795; x_wconf 86' lang='lat' dir='ltr'><strong>abjectus,</strong></span> <span class='ocrx_word' id='word_1_633' title='bbox 3220 2734 3274 2780; x_wconf 90' lang='lat' dir='ltr'><strong>ct</strong></span> <span class='ocrx_word' id='word_1_634' title='bbox 3337 2728 3566 2782; x_wconf 86' lang='lat' dir='ltr'><strong>naribus</strong></span> 
     </span>
    </p>
   </div>
   <div class='ocr_carea' id='block_1_87' title="bbox 1994 2817 3568 2885">
    <p class='ocr_par' dir='ltr' id='par_1_87' title="bbox 1994 2817 3568 2885">
     <span class='ocr_line' id='line_1_87' title="bbox 1994 2817 3568 2885; baseline 0.003 -16"><span class='ocrx_word' id='word_1_635' title='bbox 1994 2817 2191 2872; x_wconf 84' lang='lat' dir='ltr'><strong>odores</strong></span> <span class='ocrx_word' id='word_1_636' title='bbox 2219 2826 2446 2885; x_wconf 85' lang='lat' dir='ltr'><strong>captans</strong></span> <span class='ocrx_word' id='word_1_637' title='bbox 2479 2817 2774 2881; x_wconf 89' lang='lat' dir='ltr'><strong>odoratus,</strong></span> <span class='ocrx_word' id='word_1_638' title='bbox 2806 2824 2860 2872; x_wconf 91' lang='lat' dir='ltr'><strong>et</strong></span> <span class='ocrx_word' id='word_1_639' title='bbox 2888 2818 3092 2872; x_wconf 81' lang='lat' dir='ltr'><strong>ventris</strong></span> <span class='ocrx_word' id='word_1_640' title='bbox 3144 2819 3370 2872; x_wconf 84' lang='lat' dir='ltr'><strong>servitio</strong></span> <span class='ocrx_word' id='word_1_641' title='bbox 3426 2819 3568 2873; x_wconf 87' lang='lat' dir='ltr'><strong>assi-</strong></span> 
     </span>
    </p>
   </div>
   <div class='ocr_carea' id='block_1_88' title="bbox 1994 2906 3564 2978">
    <p class='ocr_par' dir='ltr' id='par_1_88' title="bbox 1994 2906 3564 2978">
     <span class='ocr_line' id='line_1_88' title="bbox 1994 2906 3564 2978; baseline 0.003 -18"><span class='ocrx_word' id='word_1_642' title='bbox 1994 2906 2129 2962; x_wconf 90' lang='lat' dir='ltr'><strong>dens</strong></span> <span class='ocrx_word' id='word_1_643' title='bbox 2162 2915 2378 2977; x_wconf 85' lang='lat' dir='ltr'><strong>gustus,</strong></span> <span class='ocrx_word' id='word_1_644' title='bbox 2402 2914 2458 2962; x_wconf 87' lang='lat' dir='ltr'><strong>et</strong></span> <span class='ocrx_word' id='word_1_645' title='bbox 2490 2915 2750 2977; x_wconf 65' lang='lat' dir='ltr'><strong>praeterea</strong></span> <span class='ocrx_word' id='word_1_646' title='bbox 2780 2916 2976 2972; x_wconf 87' lang='lat' dir='ltr'><strong>tactus,</strong></span> <span class='ocrx_word' id='word_1_647' title='bbox 3011 2909 3103 2978; x_wconf 87' lang='lat' dir='ltr'><strong>qui</strong></span> <span class='ocrx_word' id='word_1_648' title='bbox 3147 2910 3345 2964; x_wconf 85' lang='lat' dir='ltr'><strong>servile</strong></span> <span class='ocrx_word' id='word_1_649' title='bbox 3374 2920 3427 2963; x_wconf 89' lang='lat' dir='ltr'><strong>et</strong></span> <span class='ocrx_word' id='word_1_650' title='bbox 3459 2924 3564 2964; x_wconf 74' lang='lat' dir='ltr'><strong>ca:-</strong></span> 
     </span>
    </p>
   </div>
   <div class='ocr_carea' id='block_1_89' title="bbox 1995 2997 3565 3069">
    <p class='ocr_par' dir='ltr' id='par_1_89' title="bbox 1995 2997 3565 3069">
     <span class='ocr_line' id='line_1_89' title="bbox 1995 2997 3565 3069; baseline 0.001 -19"><span class='ocrx_word' id='word_1_651' title='bbox 1995 3012 2118 3051; x_wconf 88' lang='lat' dir='ltr'><strong>cum</strong></span> <span class='ocrx_word' id='word_1_652' title='bbox 2147 3006 2230 3052; x_wconf 84' lang='lat' dir='ltr'><strong>est</strong></span> <span class='ocrx_word' id='word_1_653' title='bbox 2289 2997 2558 3052; x_wconf 87' lang='lat' dir='ltr'><strong>sentiendi</strong></span> <span class='ocrx_word' id='word_1_654' title='bbox 2623 2999 3071 3062; x_wconf 81' lang='lat' dir='ltr'><strong>instrumcntum,</strong></span> <span class='ocrx_word' id='word_1_655' title='bbox 3134 2999 3278 3068; x_wconf 90' lang='lat' dir='ltr'><strong>quod</strong></span> <span class='ocrx_word' id='word_1_656' title='bbox 3345 3000 3565 3069; x_wconf 84' lang='lat' dir='ltr'><strong>quidem</strong></span> 
     </span>
    </p>
   </div>
   <div class='ocr_carea' id='block_1_90' title="bbox 1998 3088 3568 3158">
    <p class='ocr_par' dir='ltr' id='par_1_90' title="bbox 1998 3088 3568 3158">
     <span class='ocr_line' id='line_1_90' title="bbox 1998 3088 3568 3158; baseline 0.002 -16"><span class='ocrx_word' id='word_1_657' title='bbox 1998 3088 2136 3143; x_wconf 82' lang='lat' dir='ltr'><strong>forte</strong></span> <span class='ocrx_word' id='word_1_658' title='bbox 2164 3096 2386 3158; x_wconf 82' lang='lat' dir='ltr'><strong>prapter</strong></span> <span class='ocrx_word' id='word_1_659' title='bbox 2416 3105 2592 3145; x_wconf 69' lang='lat' dir='ltr'><strong>caecos</strong></span> <span class='ocrx_word' id='word_1_660' title='bbox 2624 3089 2751 3145; x_wconf 83' lang='lat' dir='ltr'><strong>fecit</strong></span> <span class='ocrx_word' id='word_1_661' title='bbox 2793 3100 3007 3144; x_wconf 88' lang='lat' dir='ltr'><strong>natura.</strong></span> <span class='ocrx_word' id='word_1_662' title='bbox 3067 3090 3199 3157; x_wconf 63' lang='lat' dir='ltr'><strong>Quae</strong></span> <span class='ocrx_word' id='word_1_663' title='bbox 3228 3092 3412 3145; x_wconf 87' lang='lat' dir='ltr'><strong>omnia</strong></span> <span class='ocrx_word' id='word_1_664' title='bbox 3444 3107 3568 3147; x_wconf 85' lang='lat' dir='ltr'><strong>cum</strong></span> 
     </span>
    </p>
   </div>
   <div class='ocr_carea' id='block_1_91' title="bbox 1998 3181 3574 3252">
    <p class='ocr_par' dir='ltr' id='par_1_91' title="bbox 1998 3181 3574 3252">
     <span class='ocr_line' id='line_1_91' title="bbox 1998 3181 3574 3252; baseline 0.002 -18"><span class='ocrx_word' id='word_1_665' title='bbox 1998 3188 2220 3251; x_wconf 88' lang='lat' dir='ltr'><strong>propter</strong></span> <span class='ocrx_word' id='word_1_666' title='bbox 2248 3181 2608 3236; x_wconf 87' lang='lat' dir='ltr'><strong>cessationem</strong></span> <span class='ocrx_word' id='word_1_667' title='bbox 2649 3182 2717 3237; x_wconf 91' lang='lat' dir='ltr'><strong>ab</strong></span> <span class='ocrx_word' id='word_1_668' title='bbox 2751 3198 2935 3252; x_wconf 74' lang='lat' dir='ltr'><strong>opere,</strong></span> <span class='ocrx_word' id='word_1_669' title='bbox 2962 3190 3222 3251; x_wconf 88' lang='lat' dir='ltr'><strong>tanquam</strong></span> <span class='ocrx_word' id='word_1_670' title='bbox 3253 3198 3448 3238; x_wconf 90' lang='lat' dir='ltr'><strong>somno</strong></span> <span class='ocrx_word' id='word_1_671' title='bbox 3480 3183 3574 3237; x_wconf 88' lang='lat' dir='ltr'><strong>ali-</strong></span> 
     </span>
    </p>
   </div>
   <div class='ocr_carea' id='block_1_92' title="bbox 2000 3267 3573 3342">
    <p class='ocr_par' dir='ltr' id='par_1_92' title="bbox 2000 3267 3573 3342">
     <span class='ocr_line' id='line_1_92' title="bbox 2000 3267 3573 3342; baseline 0.003 -21"><span class='ocrx_word' id='word_1_672' title='bbox 2000 3283 2109 3340; x_wconf 89' lang='lat' dir='ltr'><strong>quo</strong></span> <span class='ocrx_word' id='word_1_673' title='bbox 2145 3267 2256 3322; x_wconf 90' lang='lat' dir='ltr'><strong>siut</strong></span> <span class='ocrx_word' id='word_1_674' title='bbox 2283 3270 2425 3322; x_wconf 79' lang='lat' dir='ltr'><strong>victa</strong></span> <span class='ocrx_word' id='word_1_675' title='bbox 2451 3276 2504 3323; x_wconf 88' lang='lat' dir='ltr'><strong>et</strong></span> <span class='ocrx_word' id='word_1_676' title='bbox 2533 3285 2818 3339; x_wconf 86' lang='lat' dir='ltr'><strong>oppressa,</strong></span> <span class='ocrx_word' id='word_1_677' title='bbox 2870 3286 3004 3342; x_wconf 89' lang='lat' dir='ltr'><strong>pura</strong></span> <span class='ocrx_word' id='word_1_678' title='bbox 3052 3278 3137 3327; x_wconf 91' lang='lat' dir='ltr'><strong>est</strong></span> <span class='ocrx_word' id='word_1_679' title='bbox 3162 3272 3344 3327; x_wconf 87' lang='lat' dir='ltr'><strong>cordis</strong></span> <span class='ocrx_word' id='word_1_680' title='bbox 3379 3286 3573 3341; x_wconf 90' lang='lat' dir='ltr'><strong>opera-</strong></span> 
     </span>
    </p>
   </div>
   <div class='ocr_carea' id='block_1_93' title="bbox 2002 3361 3573 3437">
    <p class='ocr_par' dir='ltr' id='par_1_93' title="bbox 2002 3361 3573 3437">
     <span class='ocr_line' id='line_1_93' title="bbox 2002 3361 3573 3437; baseline 0.004 -24"><span class='ocrx_word' id='word_1_681' title='bbox 2002 3361 2097 3437; x_wconf 73' lang='lat' dir='ltr'><strong>tio,</strong></span> <span class='ocrx_word' id='word_1_682' title='bbox 2128 3366 2182 3437; x_wconf 84' lang='lat' dir='ltr'><strong>et</strong></span> <span class='ocrx_word' id='word_1_683' title='bbox 2209 3373 2428 3413; x_wconf 89' lang='lat' dir='ltr'><strong>rursum</strong></span> <span class='ocrx_word' id='word_1_684' title='bbox 2461 3361 2659 3429; x_wconf 81' lang='lat' dir='ltr'><strong>aSpicit</strong></span> <span class='ocrx_word' id='word_1_685' title='bbox 2695 3361 2977 3429; x_wconf 81' lang='lat' dir='ltr'><strong>cogitatio,</strong></span> <span class='ocrx_word' id='word_1_686' title='bbox 3011 3370 3070 3416; x_wconf 89' lang='lat' dir='ltr'><strong>ut</strong></span> <span class='ocrx_word' id='word_1_687' title='bbox 3120 3380 3242 3433; x_wconf 67' lang='lat' dir='ltr'><strong>quae</strong></span> <span class='ocrx_word' id='word_1_688' title='bbox 3285 3380 3315 3417; x_wconf 90' lang='lat' dir='ltr'><strong>a</strong></span> <span class='ocrx_word' id='word_1_689' title='bbox 3373 3380 3573 3420; x_wconf 68' lang='lat' dir='ltr'><strong>sensus</strong></span> 
     </span>
    </p>
   </div>
   <div class='ocr_carea' id='block_1_94' title="bbox 2002 3433 3568 3521">
    <p class='ocr_par' dir='ltr' id='par_1_94' title="bbox 2002 3433 3568 3521">
     <span class='ocr_line' id='line_1_94' title="bbox 2002 3433 3568 3521; baseline 0.004 -20"><span class='ocrx_word' id='word_1_690' title='bbox 2002 3433 2243 3503; x_wconf 84' lang='lat' dir='ltr'><strong>motione</strong></span> <span class='ocrx_word' id='word_1_691' title='bbox 2271 3449 2344 3504; x_wconf 89' lang='lat' dir='ltr'><strong>sit</strong></span> <span class='ocrx_word' id='word_1_692' title='bbox 2372 3449 2539 3504; x_wconf 89' lang='lat' dir='ltr'><strong>libera</strong></span> <span class='ocrx_word' id='word_1_693' title='bbox 2569 3457 2623 3504; x_wconf 90' lang='lat' dir='ltr'><strong>et</strong></span> <span class='ocrx_word' id='word_1_694' title='bbox 2653 3451 2875 3506; x_wconf 87' lang='lat' dir='ltr'><strong>minime</strong></span> <span class='ocrx_word' id='word_1_695' title='bbox 2916 3453 3251 3521; x_wconf 87' lang='lat' dir='ltr'><strong>perturbata.</strong></span> <span class='ocrx_word' id='word_1_696' title='bbox 3280 3455 3413 3508; x_wconf 86' lang='lat' dir='ltr'><strong>Nam</strong></span> <span class='ocrx_word' id='word_1_697' title='bbox 3444 3471 3568 3511; x_wconf 91' lang='lat' dir='ltr'><strong>cum</strong></span> 
     </span>
    </p>
   </div>
   <div class='ocr_carea' id='block_1_95' title="bbox 2002 3539 3574 3617">
    <p class='ocr_par' dir='ltr' id='par_1_95' title="bbox 2002 3539 3574 3617">
     <span class='ocr_line' id='line_1_95' title="bbox 2002 3539 3574 3617; baseline 0.006 -25"><span class='ocrx_word' id='word_1_698' title='bbox 2002 3539 2056 3592; x_wconf 91' lang='lat' dir='ltr'><strong>in</strong></span> <span class='ocrx_word' id='word_1_699' title='bbox 2091 3539 2369 3594; x_wconf 91' lang='lat' dir='ltr'><strong>hominum</strong></span> <span class='ocrx_word' id='word_1_700' title='bbox 2394 3550 2588 3597; x_wconf 88' lang='lat' dir='ltr'><strong>natura</strong></span> <span class='ocrx_word' id='word_1_701' title='bbox 2611 3540 2808 3611; x_wconf 85' lang='lat' dir='ltr'><strong>duplex</strong></span> <span class='ocrx_word' id='word_1_702' title='bbox 2842 3542 2916 3597; x_wconf 87' lang='lat' dir='ltr'><strong>sit</strong></span> <span class='ocrx_word' id='word_1_703' title='bbox 2949 3544 3215 3612; x_wconf 85' lang='lat' dir='ltr'><strong>voluptas,</strong></span> <span class='ocrx_word' id='word_1_704' title='bbox 3248 3547 3418 3600; x_wconf 89' lang='lat' dir='ltr'><strong>altera</strong></span> <span class='ocrx_word' id='word_1_705' title='bbox 3450 3548 3574 3617; x_wconf 89' lang='lat' dir='ltr'><strong>qui-</strong></span> 
     </span>
    </p>
   </div>
   <div class='ocr_carea' id='block_1_96' title="bbox 2001 3629 3570 3706">
    <p class='ocr_par' dir='ltr' id='par_1_96' title="bbox 2001 3629 3570 3706">
     <span class='ocr_line' id='line_1_96' title="bbox 2001 3629 3570 3706; baseline 0.005 -22"><span class='ocrx_word' id='word_1_706' title='bbox 2001 3629 2125 3684; x_wconf 86' lang='lat' dir='ltr'><strong>dem</strong></span> <span class='ocrx_word' id='word_1_707' title='bbox 2151 3646 2273 3700; x_wconf 72' lang='lat' dir='ltr'><strong>qua:</strong></span> <span class='ocrx_word' id='word_1_708' title='bbox 2305 3639 2592 3686; x_wconf 81' lang='lat' dir='ltr'><strong>exercetur</strong></span> <span class='ocrx_word' id='word_1_709' title='bbox 2622 3633 2677 3686; x_wconf 92' lang='lat' dir='ltr'><strong>in</strong></span> <span class='ocrx_word' id='word_1_710' title='bbox 2713 3634 2891 3688; x_wconf 89' lang='lat' dir='ltr'><strong>anima</strong></span> <span class='ocrx_word' id='word_1_711' title='bbox 2929 3650 3025 3705; x_wconf 89' lang='lat' dir='ltr'><strong>per</strong></span> <span class='ocrx_word' id='word_1_712' title='bbox 3076 3636 3532 3706; x_wconf 87' lang='lat' dir='ltr'><strong>impatibilitatem</strong></span> <span class='ocrx_word' id='word_1_713' title='bbox 3555 3679 3570 3704; x_wconf 93' lang='lat'><strong>,</strong></span> 
     </span>
    </p>
   </div>
   <div class='ocr_carea' id='block_1_97' title="bbox 2001 3720 3568 3798">
    <p class='ocr_par' dir='ltr' id='par_1_97' title="bbox 2001 3720 3568 3798">
     <span class='ocr_line' id='line_1_97' title="bbox 2001 3720 3568 3798; baseline 0.008 -26"><span class='ocrx_word' id='word_1_714' title='bbox 2001 3720 2172 3774; x_wconf 89' lang='lat' dir='ltr'><strong>altera</strong></span> <span class='ocrx_word' id='word_1_715' title='bbox 2208 3736 2339 3775; x_wconf 85' lang='lat' dir='ltr'><strong>vero</strong></span> <span class='ocrx_word' id='word_1_716' title='bbox 2369 3737 2464 3790; x_wconf 82' lang='lat' dir='ltr'><strong>per</strong></span> <span class='ocrx_word' id='word_1_717' title='bbox 2504 3725 2967 3790; x_wconf 89' lang='lat' dir='ltr'><strong>perturbationem</strong></span> <span class='ocrx_word' id='word_1_718' title='bbox 3001 3726 3169 3780; x_wconf 89' lang='lat' dir='ltr'><strong>animi</strong></span> <span class='ocrx_word' id='word_1_719' title='bbox 3202 3729 3256 3781; x_wconf 92' lang='lat' dir='ltr'><strong>in</strong></span> <span class='ocrx_word' id='word_1_720' title='bbox 3317 3743 3568 3798; x_wconf 77' lang='lat' dir='ltr'><strong>corpore,</strong></span> 
     </span>
    </p>
   </div>
   <div class='ocr_carea' id='block_1_98' title="bbox 2001 3810 3573 3884">
    <p class='ocr_par' dir='ltr' id='par_1_98' title="bbox 2001 3810 3573 3884">
     <span class='ocr_line' id='line_1_98' title="bbox 2001 3810 3573 3884; baseline 0.008 -21"><span class='ocrx_word' id='word_1_721' title='bbox 2001 3825 2165 3878; x_wconf 89' lang='lat' dir='ltr'><strong>quam</strong></span> <span class='ocrx_word' id='word_1_722' title='bbox 2196 3825 2259 3865; x_wconf 81' lang='lat' dir='ltr'><strong>ex</strong></span> <span class='ocrx_word' id='word_1_723' title='bbox 2289 3810 2551 3867; x_wconf 90' lang='lat' dir='ltr'><strong>ambabus</strong></span> <span class='ocrx_word' id='word_1_724' title='bbox 2581 3812 2808 3869; x_wconf 88' lang='lat' dir='ltr'><strong>liberum</strong></span> <span class='ocrx_word' id='word_1_725' title='bbox 2865 3816 3089 3884; x_wconf 85' lang='lat' dir='ltr'><strong>elegerit</strong></span> <span class='ocrx_word' id='word_1_726' title='bbox 3147 3817 3456 3883; x_wconf 87' lang='lat' dir='ltr'><strong>arbitrium,</strong></span> <span class='ocrx_word' id='word_1_727' title='bbox 3510 3836 3573 3875; x_wconf 87' lang='lat' dir='ltr'><strong>ea</strong></span> 
     </span>
    </p>
   </div>
   <div class='ocr_carea' id='block_1_99' title="bbox 2002 3901 3573 3976">
    <p class='ocr_par' dir='ltr' id='par_1_99' title="bbox 2002 3901 3573 3976">
     <span class='ocr_line' id='line_1_99' title="bbox 2002 3901 3573 3976; baseline 0.007 -22"><span class='ocrx_word' id='word_1_728' title='bbox 2002 3901 2311 3955; x_wconf 86' lang='lat' dir='ltr'><strong>dominatur</strong></span> <span class='ocrx_word' id='word_1_729' title='bbox 2339 3903 2391 3956; x_wconf 90' lang='lat' dir='ltr'><strong>in</strong></span> <span class='ocrx_word' id='word_1_730' title='bbox 2417 3903 2666 3958; x_wconf 87' lang='lat' dir='ltr'><strong>alteram.</strong></span> <span class='ocrx_word' id='word_1_731' title='bbox 2697 3903 2800 3970; x_wconf 86' lang='lat' dir='ltr'><strong>Qui</strong></span> <span class='ocrx_word' id='word_1_732' title='bbox 2834 3906 2977 3960; x_wconf 87' lang='lat' dir='ltr'><strong>enim</strong></span> <span class='ocrx_word' id='word_1_733' title='bbox 3009 3906 3205 3976; x_wconf 88' lang='lat' dir='ltr'><strong>aspicit</strong></span> <span class='ocrx_word' id='word_1_734' title='bbox 3231 3907 3296 3962; x_wconf 90' lang='lat' dir='ltr'><strong>ad</strong></span> <span class='ocrx_word' id='word_1_735' title='bbox 3325 3925 3573 3975; x_wconf 86' lang='lat' dir='ltr'><strong>sensum,</strong></span> 
     </span>
    </p>
   </div>
   <div class='ocr_carea' id='block_1_100' title="bbox 2001 3992 3574 4066">
    <p class='ocr_par' dir='ltr' id='par_1_100' title="bbox 2001 3992 3574 4066">
     <span class='ocr_line' id='line_1_100' title="bbox 2001 3992 3574 4066; baseline 0.01 -23"><span class='ocrx_word' id='word_1_736' title='bbox 2001 3992 2093 4060; x_wconf 90' lang='lat' dir='ltr'><strong>qui</strong></span> <span class='ocrx_word' id='word_1_737' title='bbox 2130 4007 2224 4061; x_wconf 85' lang='lat' dir='ltr'><strong>per</strong></span> <span class='ocrx_word' id='word_1_738' title='bbox 2251 4008 2311 4048; x_wconf 91' lang='lat' dir='ltr'><strong>se</strong></span> <span class='ocrx_word' id='word_1_739' title='bbox 2340 3993 2562 4050; x_wconf 84' lang='lat' dir='ltr'><strong>innatus</strong></span> <span class='ocrx_word' id='word_1_740' title='bbox 2599 4003 2683 4050; x_wconf 90' lang='lat' dir='ltr'><strong>est</strong></span> <span class='ocrx_word' id='word_1_741' title='bbox 2724 3997 2970 4066; x_wconf 89' lang='lat' dir='ltr'><strong>corpori,</strong></span> <span class='ocrx_word' id='word_1_742' title='bbox 3002 3997 3049 4052; x_wconf 90' lang='lat' dir='ltr'><strong>is</strong></span> <span class='ocrx_word' id='word_1_743' title='bbox 3100 4007 3308 4054; x_wconf 89' lang='lat' dir='ltr'><strong>tractus</strong></span> <span class='ocrx_word' id='word_1_744' title='bbox 3349 4016 3378 4053; x_wconf 90' lang='lat' dir='ltr'><strong>a</strong></span> <span class='ocrx_word' id='word_1_745' title='bbox 3415 4003 3574 4057; x_wconf 80' lang='lat' dir='ltr'><strong>volu-</strong></span> 
     </span>
    </p>
   </div>
   <div class='ocr_carea' id='block_1_101' title="bbox 2002 4084 3570 4159">
    <p class='ocr_par' dir='ltr' id='par_1_101' title="bbox 2002 4084 3570 4159">
     <span class='ocr_line' id='line_1_101' title="bbox 2002 4084 3570 4159; baseline 0.008 -23"><span class='ocrx_word' id='word_1_746' title='bbox 2002 4092 2166 4154; x_wconf 85' lang='lat' dir='ltr'><strong>ptate,</strong></span> <span class='ocrx_word' id='word_1_747' title='bbox 2192 4084 2360 4140; x_wconf 79' lang='lat' dir='ltr'><strong>vitam</strong></span> <span class='ocrx_word' id='word_1_748' title='bbox 2387 4088 2641 4141; x_wconf 79' lang='lat' dir='ltr'><strong>transibit</strong></span> <span class='ocrx_word' id='word_1_749' title='bbox 2675 4103 2871 4158; x_wconf 76' lang='lat' dir='ltr'><strong>expers</strong></span> <span class='ocrx_word' id='word_1_750' title='bbox 2905 4101 3096 4159; x_wconf 84' lang='lat' dir='ltr'><strong>gustus</strong></span> <span class='ocrx_word' id='word_1_751' title='bbox 3123 4091 3320 4148; x_wconf 66' lang='lat' dir='ltr'><strong>divina:</strong></span> <span class='ocrx_word' id='word_1_752' title='bbox 3351 4094 3570 4158; x_wconf 67' lang='lat' dir='ltr'><strong>laetitiae,</strong></span> 
     </span>
    </p>
   </div>
   <div class='ocr_carea' id='block_1_102' title="bbox 2005 4178 3575 4253">
    <p class='ocr_par' dir='ltr' id='par_1_102' title="bbox 2005 4178 3575 4253">
     <span class='ocr_line' id='line_1_102' title="bbox 2005 4178 3575 4253; baseline 0.009 -24"><span class='ocrx_word' id='word_1_753' title='bbox 2005 4185 2291 4247; x_wconf 87' lang='lat' dir='ltr'><strong>propterea</strong></span> <span class='ocrx_word' id='word_1_754' title='bbox 2327 4178 2469 4249; x_wconf 88' lang='lat' dir='ltr'><strong>quod</strong></span> <span class='ocrx_word' id='word_1_755' title='bbox 2494 4180 2632 4234; x_wconf 89' lang='lat' dir='ltr'><strong>solet</strong></span> <span class='ocrx_word' id='word_1_756' title='bbox 2670 4181 2998 4250; x_wconf 81' lang='lat' dir='ltr'><strong>plerumque</strong></span> <span class='ocrx_word' id='word_1_757' title='bbox 3026 4184 3168 4252; x_wconf 90' lang='lat' dir='ltr'><strong>quod</strong></span> <span class='ocrx_word' id='word_1_758' title='bbox 3225 4188 3575 4253; x_wconf 59' lang='lat' dir='ltr'><strong>praestantius</strong></span> 
     </span>
    </p>
   </div>
   <div class='ocr_carea' id='block_1_103' title="bbox 2005 4269 3575 4338">
    <p class='ocr_par' dir='ltr' id='par_1_103' title="bbox 2005 4269 3575 4338">
     <span class='ocr_line' id='line_1_103' title="bbox 2005 4269 3575 4338; baseline 0.008 -17"><span class='ocrx_word' id='word_1_759' title='bbox 2005 4276 2115 4332; x_wconf 88' lang='lat' dir='ltr'><strong>est,</strong></span> <span class='ocrx_word' id='word_1_760' title='bbox 2152 4284 2181 4321; x_wconf 87' lang='lat' dir='ltr'><strong>a</strong></span> <span class='ocrx_word' id='word_1_761' title='bbox 2232 4269 2490 4324; x_wconf 85' lang='lat' dir='ltr'><strong>deteriori</strong></span> <span class='ocrx_word' id='word_1_762' title='bbox 2551 4272 2856 4325; x_wconf 86' lang='lat' dir='ltr'><strong>obscurari.</strong></span> <span class='ocrx_word' id='word_1_763' title='bbox 2898 4272 3110 4338; x_wconf 86' lang='lat' dir='ltr'><strong>Quibus</strong></span> <span class='ocrx_word' id='word_1_764' title='bbox 3147 4285 3324 4331; x_wconf 88' lang='lat' dir='ltr'><strong>autem</strong></span> <span class='ocrx_word' id='word_1_765' title='bbox 3361 4277 3575 4334; x_wconf 83' lang='lat' dir='ltr'><strong>deside-</strong></span> 
     </span>
    </p>
   </div>
   <div class='ocr_carea' id='block_1_104' title="bbox 2007 4360 3574 4432">
    <p class='ocr_par' dir='ltr' id='par_1_104' title="bbox 2007 4360 3574 4432">
     <span class='ocr_line' id='line_1_104' title="bbox 2007 4360 3574 4432; baseline 0.01 -21"><span class='ocrx_word' id='word_1_766' title='bbox 2007 4362 2145 4413; x_wconf 87' lang='lat' dir='ltr'><strong>rium</strong></span> <span class='ocrx_word' id='word_1_767' title='bbox 2173 4360 2236 4414; x_wconf 91' lang='lat' dir='ltr'><strong>ad</strong></span> <span class='ocrx_word' id='word_1_768' title='bbox 2272 4360 2439 4415; x_wconf 80' lang='lat' dir='ltr'><strong>Deum</strong></span> <span class='ocrx_word' id='word_1_769' title='bbox 2468 4369 2551 4416; x_wconf 87' lang='lat' dir='ltr'><strong>est</strong></span> <span class='ocrx_word' id='word_1_770' title='bbox 2596 4378 2946 4432; x_wconf 69' lang='lat' dir='ltr'><strong>propensum,</strong></span> <span class='ocrx_word' id='word_1_771' title='bbox 2989 4367 3055 4422; x_wconf 89' lang='lat' dir='ltr'><strong>iis</strong></span> <span class='ocrx_word' id='word_1_772' title='bbox 3114 4382 3220 4421; x_wconf 91' lang='lat' dir='ltr'><strong>non</strong></span> <span class='ocrx_word' id='word_1_773' title='bbox 3272 4369 3574 4426; x_wconf 80' lang='lat' dir='ltr'><strong>involutum</strong></span> 
     </span>
    </p>
   </div>
   <div class='ocr_carea' id='block_1_105' title="bbox 2008 4450 3575 4528">
    <p class='ocr_par' dir='ltr' id='par_1_105' title="bbox 2008 4450 3575 4528">
     <span class='ocr_line' id='line_1_105' title="bbox 2008 4450 3575 4528; baseline 0.01 -27"><span class='ocrx_word' id='word_1_774' title='bbox 2008 4450 2245 4504; x_wconf 65' lang='lat' dir='ltr'><strong>tenebris</strong></span> <span class='ocrx_word' id='word_1_775' title='bbox 2279 4461 2458 4506; x_wconf 86' lang='lat' dir='ltr'><strong>manet</strong></span> <span class='ocrx_word' id='word_1_776' title='bbox 2483 4452 2708 4517; x_wconf 83' lang='lat' dir='ltr'><strong>bonum,</strong></span> <span class='ocrx_word' id='word_1_777' title='bbox 2738 4463 2792 4507; x_wconf 92' lang='lat' dir='ltr'><strong>et</strong></span> <span class='ocrx_word' id='word_1_778' title='bbox 2822 4465 3078 4509; x_wconf 80' lang='lat' dir='ltr'><strong>censetur</strong></span> <span class='ocrx_word' id='word_1_779' title='bbox 3106 4471 3228 4513; x_wconf 89' lang='lat' dir='ltr'><strong>esse</strong></span> <span class='ocrx_word' id='word_1_780' title='bbox 3261 4458 3575 4528; x_wconf 76' lang='lat' dir='ltr'><strong>fugiendum</strong></span> 
     </span>
    </p>
   </div>
   <div class='ocr_carea' id='block_1_106' title="bbox 2009 4630 3581 4714">
    <p class='ocr_par' dir='ltr' id='par_1_106' title="bbox 2009 4630 3581 4714">
     <span class='ocr_line' id='line_1_106' title="bbox 2009 4630 3581 4714; baseline 0.013 -33"><span class='ocrx_word' id='word_1_781' title='bbox 2009 4630 2128 4683; x_wconf 88' lang='lat' dir='ltr'><strong>liuit</strong></span> <span class='ocrx_word' id='word_1_782' title='bbox 2159 4645 2223 4684; x_wconf 90' lang='lat' dir='ltr'><strong>ac</strong></span> <span class='ocrx_word' id='word_1_783' title='bbox 2246 4630 2446 4700; x_wconf 88' lang='lat' dir='ltr'><strong>decipit</strong></span> <span class='ocrx_word' id='word_1_784' title='bbox 2490 4648 2731 4688; x_wconf 89' lang='lat' dir='ltr'><strong>sensum.</strong></span> <span class='ocrx_word' id='word_1_785' title='bbox 2792 4633 3084 4704; x_wconf 87' lang='lat' dir='ltr'><strong>Propterea</strong></span> <span class='ocrx_word' id='word_1_786' title='bbox 3121 4640 3302 4695; x_wconf 88' lang='lat' dir='ltr'><strong>anima</strong></span> <span class='ocrx_word' id='word_1_787' title='bbox 3360 4646 3581 4714; x_wconf 90' lang='lat' dir='ltr'><strong>quando</strong></span> 
     </span>
    </p>
   </div>
   <div class='ocr_carea' id='block_1_107' title="bbox 2009 4722 3577 4803">
    <p class='ocr_par' dir='ltr' id='par_1_107' title="bbox 2009 4722 3577 4803">
     <span class='ocr_line' id='line_1_107' title="bbox 2009 4722 3577 4803; baseline 0.013 -32"><span class='ocrx_word' id='word_1_788' title='bbox 2009 4722 2312 4775; x_wconf 73' lang='lat' dir='ltr'><strong>delectatur</strong></span> <span class='ocrx_word' id='word_1_789' title='bbox 2346 4724 2463 4778; x_wconf 89' lang='lat' dir='ltr'><strong>sola</strong></span> <span class='ocrx_word' id='word_1_790' title='bbox 2509 4725 2628 4793; x_wconf 89' lang='lat' dir='ltr'><strong>ejus</strong></span> <span class='ocrx_word' id='word_1_791' title='bbox 2687 4728 2831 4795; x_wconf 89' lang='lat' dir='ltr'><strong>quod</strong></span> <span class='ocrx_word' id='word_1_792' title='bbox 2864 4738 2949 4782; x_wconf 85' lang='lat' dir='ltr'><strong>est</strong></span> <span class='ocrx_word' id='word_1_793' title='bbox 2997 4734 3477 4803; x_wconf 80' lang='lat' dir='ltr'><strong>contemplatione,</strong></span> <span class='ocrx_word' id='word_1_794' title='bbox 3512 4740 3577 4793; x_wconf 88' lang='lat' dir='ltr'><strong>ad</strong></span> 
     </span>
    </p>
   </div>
   <div class='ocr_carea' id='block_1_108' title="bbox 2009 4813 3579 4896">
    <p class='ocr_par' dir='ltr' id='par_1_108' title="bbox 2009 4813 3579 4896">
     <span class='ocr_line' id='line_1_108' title="bbox 2009 4813 3579 4896; baseline 0.011 -31"><span class='ocrx_word' id='word_1_795' title='bbox 2009 4813 2145 4866; x_wconf 86' lang='lat' dir='ltr'><strong>nihil</strong></span> <span class='ocrx_word' id='word_1_796' title='bbox 2176 4814 2375 4869; x_wconf 91' lang='lat' dir='ltr'><strong>dicitur</strong></span> <span class='ocrx_word' id='word_1_797' title='bbox 2432 4816 2659 4885; x_wconf 83' lang='lat' dir='ltr'><strong>vigilare</strong></span> <span class='ocrx_word' id='word_1_798' title='bbox 2691 4832 2880 4871; x_wconf 90' lang='lat' dir='ltr'><strong>eorum</strong></span> <span class='ocrx_word' id='word_1_799' title='bbox 2944 4836 3067 4889; x_wconf 65' lang='lat' dir='ltr'><strong>qua:</strong></span> <span class='ocrx_word' id='word_1_800' title='bbox 3122 4822 3189 4877; x_wconf 87' lang='lat' dir='ltr'><strong>ad</strong></span> <span class='ocrx_word' id='word_1_801' title='bbox 3248 4826 3579 4896; x_wconf 81' lang='lat' dir='ltr'><strong>voluptatem</strong></span> 
     </span>
    </p>
   </div>
   <div class='ocr_carea' id='block_1_109' title="bbox 2012 4904 3580 4984">
    <p class='ocr_par' dir='ltr' id='par_1_109' title="bbox 2012 4904 3580 4984">
     <span class='ocr_line' id='line_1_109' title="bbox 2012 4904 3580 4984; baseline 0.011 -28"><span class='ocrx_word' id='word_1_802' title='bbox 2012 4904 2146 4959; x_wconf 85' lang='lat' dir='ltr'><strong>tiunt</strong></span> <span class='ocrx_word' id='word_1_803' title='bbox 2178 4920 2276 4973; x_wconf 92' lang='lat' dir='ltr'><strong>per</strong></span> <span class='ocrx_word' id='word_1_804' title='bbox 2298 4920 2544 4970; x_wconf 87' lang='lat' dir='ltr'><strong>sensum,</strong></span> <span class='ocrx_word' id='word_1_805' title='bbox 2588 4908 2680 4962; x_wconf 90' lang='lat' dir='ltr'><strong>sed</strong></span> <span class='ocrx_word' id='word_1_806' title='bbox 2713 4909 2862 4963; x_wconf 88' lang='lat' dir='ltr'><strong>omni</strong></span> <span class='ocrx_word' id='word_1_807' title='bbox 2892 4926 3058 4967; x_wconf 90' lang='lat' dir='ltr'><strong>sensu</strong></span> <span class='ocrx_word' id='word_1_808' title='bbox 3097 4918 3368 4984; x_wconf 86' lang='lat' dir='ltr'><strong>corporali</strong></span> <span class='ocrx_word' id='word_1_809' title='bbox 3397 4927 3580 4984; x_wconf 79' lang='lat' dir='ltr'><strong>exuta,</strong></span> 
     </span>
    </p>
   </div>
   <div class='ocr_carea' id='block_1_110' title="bbox 2010 4994 3581 5073">
    <p class='ocr_par' dir='ltr' id='par_1_110' title="bbox 2010 4994 3581 5073">
     <span class='ocr_line' id='line_1_110' title="bbox 2010 4994 3581 5073; baseline 0.014 -28"><span class='ocrx_word' id='word_1_810' title='bbox 2010 4994 2152 5046; x_wconf 87' lang='lat' dir='ltr'><strong>nuda</strong></span> <span class='ocrx_word' id='word_1_811' title='bbox 2182 5001 2236 5049; x_wconf 91' lang='lat' dir='ltr'><strong>et</strong></span> <span class='ocrx_word' id='word_1_812' title='bbox 2268 5010 2401 5063; x_wconf 84' lang='lat' dir='ltr'><strong>pura</strong></span> <span class='ocrx_word' id='word_1_813' title='bbox 2440 5005 2619 5051; x_wconf 85' lang='lat' dir='ltr'><strong>mente</strong></span> <span class='ocrx_word' id='word_1_814' title='bbox 2648 5012 2744 5065; x_wconf 89' lang='lat' dir='ltr'><strong>per</strong></span> <span class='ocrx_word' id='word_1_815' title='bbox 2783 4999 3023 5055; x_wconf 83' lang='lat' dir='ltr'><strong>divinam</strong></span> <span class='ocrx_word' id='word_1_816' title='bbox 3059 5004 3295 5073; x_wconf 87' lang='lat' dir='ltr'><strong>vigiliam</strong></span> <span class='ocrx_word' id='word_1_817' title='bbox 3330 5007 3423 5062; x_wconf 91' lang='lat' dir='ltr'><strong>Dei</strong></span> <span class='ocrx_word' id='word_1_818' title='bbox 3457 5024 3581 5066; x_wconf 82' lang='lat' dir='ltr'><strong>sus-</strong></span> 
     </span>
    </p>
   </div>
   <div class='ocr_carea' id='block_1_111' title="bbox 2015 5084 3584 5167">
    <p class='ocr_par' dir='ltr' id='par_1_111' title="bbox 2015 5084 3584 5167">
     <span class='ocr_line' id='line_1_111' title="bbox 2015 5084 3584 5167; baseline 0.011 -31"><span class='ocrx_word' id='word_1_819' title='bbox 2015 5084 2147 5152; x_wconf 85' lang='lat' dir='ltr'><strong>cipit</strong></span> <span class='ocrx_word' id='word_1_820' title='bbox 2193 5086 2611 5153; x_wconf 88' lang='lat' dir='ltr'><strong>apparitionem.</strong></span> <span class='ocrx_word' id='word_1_821' title='bbox 2670 5089 2844 5154; x_wconf 86' lang='lat' dir='ltr'><strong>Quam</strong></span> <span class='ocrx_word' id='word_1_822' title='bbox 2879 5106 2979 5146; x_wconf 89' lang='lat' dir='ltr'><strong>nos</strong></span> <span class='ocrx_word' id='word_1_823' title='bbox 3006 5108 3224 5163; x_wconf 89' lang='lat' dir='ltr'><strong>quoque</strong></span> <span class='ocrx_word' id='word_1_824' title='bbox 3255 5096 3404 5167; x_wconf 82' lang='lat' dir='ltr'><strong>digni</strong></span> <span class='ocrx_word' id='word_1_825' title='bbox 3450 5113 3584 5153; x_wconf 90' lang='lat' dir='ltr'><strong>cen-</strong></span> 
     </span>
    </p>
   </div>
   <div class='ocr_carea' id='block_1_112' title="bbox 2010 5178 3585 5253">
    <p class='ocr_par' dir='ltr' id='par_1_112' title="bbox 2010 5178 3585 5253">
     <span class='ocr_line' id='line_1_112' title="bbox 2010 5178 3585 5253; baseline 0.01 -23"><span class='ocrx_word' id='word_1_826' title='bbox 2010 5190 2229 5230; x_wconf 85' lang='lat' dir='ltr'><strong>seamur</strong></span> <span class='ocrx_word' id='word_1_827' title='bbox 2295 5178 2515 5246; x_wconf 89' lang='lat' dir='ltr'><strong>assequi</strong></span> <span class='ocrx_word' id='word_1_828' title='bbox 2581 5193 2678 5247; x_wconf 89' lang='lat' dir='ltr'><strong>per</strong></span> <span class='ocrx_word' id='word_1_829' title='bbox 2731 5193 2983 5235; x_wconf 89' lang='lat' dir='ltr'><strong>somnum</strong></span> <span class='ocrx_word' id='word_1_830' title='bbox 3054 5185 3372 5253; x_wconf 69' lang='lat' dir='ltr'><strong>praedictum</strong></span> <span class='ocrx_word' id='word_1_831' title='bbox 3438 5197 3585 5246; x_wconf 87' lang='lat' dir='ltr'><strong>recte</strong></span> 
     </span>
    </p>
   </div>
   <div class='ocr_carea' id='block_1_113' title="bbox 2006 5267 3585 5349">
    <p class='ocr_par' dir='ltr' id='par_1_113' title="bbox 2006 5267 3585 5349">
     <span class='ocr_line' id='line_1_113' title="bbox 2006 5267 3585 5349; baseline 0.011 -32"><span class='ocrx_word' id='word_1_832' title='bbox 2006 5274 2231 5335; x_wconf 85' lang='lat' dir='ltr'><strong>agentes</strong></span> <span class='ocrx_word' id='word_1_833' title='bbox 2262 5267 2458 5321; x_wconf 70' lang='lat' dir='ltr'><strong>anima:</strong></span> <span class='ocrx_word' id='word_1_834' title='bbox 2490 5267 2754 5337; x_wconf 84' lang='lat' dir='ltr'><strong>vigiliam.</strong></span> <span class='ocrx_word' id='word_1_835' title='bbox 2781 5269 2839 5324; x_wconf 89' lang='lat' dir='ltr'><strong>In</strong></span> <span class='ocrx_word' id='word_1_836' title='bbox 2866 5272 3084 5328; x_wconf 84' lang='lat' dir='ltr'><strong>Christo</strong></span> <span class='ocrx_word' id='word_1_837' title='bbox 3110 5272 3262 5339; x_wconf 84' lang='lat' dir='ltr'><strong>Jcsu,</strong></span> <span class='ocrx_word' id='word_1_838' title='bbox 3290 5276 3377 5332; x_wconf 88' lang='lat' dir='ltr'><strong>cui</strong></span> <span class='ocrx_word' id='word_1_839' title='bbox 3412 5278 3585 5349; x_wconf 87' lang='lat' dir='ltr'><strong>gloria</strong></span> 
     </span>
    </p>
   </div>
   <div class='ocr_carea' id='block_1_114' title="bbox 2011 5358 2897 5416">
    <p class='ocr_par' dir='ltr' id='par_1_114' title="bbox 2011 5358 2897 5416">
     <span class='ocr_line' id='line_1_114' title="bbox 2011 5358 2897 5416; baseline 0.007 -6"><span class='ocrx_word' id='word_1_840' title='bbox 2011 5358 2065 5410; x_wconf 90' lang='lat' dir='ltr'><strong>iu</strong></span> <span class='ocrx_word' id='word_1_841' title='bbox 2091 5358 2289 5412; x_wconf 82' lang='lat' dir='ltr'><strong>saecula</strong></span> <span class='ocrx_word' id='word_1_842' title='bbox 2320 5359 2665 5413; x_wconf 77' lang='lat' dir='ltr'><strong>saeculorum.</strong></span> <span class='ocrx_word' id='word_1_843' title='bbox 2703 5361 2897 5416; x_wconf 81' lang='lat' dir='ltr'><strong>Amen.</strong></span> 
     </span>
    </p>
   </div>
   <div class='ocr_carea' id='block_1_115' title="bbox 2536 5449 3011 5507">
    <p class='ocr_par' dir='ltr' id='par_1_115' title="bbox 2536 5449 3011 5507">
     <span class='ocr_line' id='line_1_115' title="bbox 2536 5449 3011 5507; baseline 0.013 -6"><span class='ocrx_word' id='word_1_844' title='bbox 2536 5488 2541 5493; x_wconf 70' lang='grc' dir='ltr'><strong>ι</strong></span> <span class='ocrx_word' id='word_1_845' title='bbox 2590 5449 2877 5505; x_wconf 70' lang='grc' dir='ltr'><strong>ΙΙΟΜΙΙΛΑ</strong></span> <span class='ocrx_word' id='word_1_846' title='bbox 2926 5454 3011 5507; x_wconf 82' lang='lat' dir='ltr'><strong>Xl.</strong></span> 
     </span>
    </p>
   </div>
   <div class='ocr_carea' id='block_1_116' title="bbox 2083 5538 3586 5615">
    <p class='ocr_par' dir='ltr' id='par_1_116' title="bbox 2083 5538 3586 5615">
     <span class='ocr_line' id='line_1_116' title="bbox 2083 5538 3586 5615; baseline 0.014 -25"><span class='ocrx_word' id='word_1_847' title='bbox 2083 5538 2214 5593; x_wconf 75' lang='lat' dir='ltr'><strong>CAP.</strong></span> <span class='ocrx_word' id='word_1_848' title='bbox 2245 5556 2297 5603; x_wconf 70' lang='grc' dir='ltr'><strong>ν,</strong></span> <span class='ocrx_word' id='word_1_849' title='bbox 2326 5557 2382 5594; x_wconf 84' lang='lat' dir='ltr'><strong>v.</strong></span> <span class='ocrx_word' id='word_1_850' title='bbox 2422 5539 2475 5594; x_wconf 72' lang='lat'><strong>2.</strong></span> <span class='ocrx_word' id='word_1_851' title='bbox 2512 5540 2912 5610; x_wconf 75' lang='lat' dir='ltr'><strong>Vox‘patruelis</strong></span> <span class='ocrx_word' id='word_1_852' title='bbox 2943 5547 3043 5597; x_wconf 79' lang='lat' dir='ltr'><strong>mei</strong></span> <span class='ocrx_word' id='word_1_853' title='bbox 3074 5547 3251 5615; x_wconf 83' lang='lat' dir='ltr'><strong>pulsat</strong></span> <span class='ocrx_word' id='word_1_854' title='bbox 3272 5550 3343 5602; x_wconf 91' lang='lat' dir='ltr'><strong>ad</strong></span> <span class='ocrx_word' id='word_1_855' title='bbox 3370 5554 3586 5610; x_wconf 76' lang='lat' dir='ltr'><strong>ostium.</strong></span> 
     </span>
    </p>
   </div>
   <div class='ocr_carea' id='block_1_117' title="bbox 2012 5618 3587 5707">
    <p class='ocr_par' dir='ltr' id='par_1_117' title="bbox 2012 5618 3587 5707">
     <span class='ocr_line' id='line_1_117' title="bbox 2012 5618 3587 5707; baseline 0.011 -24"><span class='ocrx_word' id='word_1_856' title='bbox 2012 5626 2171 5698; x_wconf 60' lang='grc' dir='ltr'><strong>Αἶπυ-ί</strong></span> <span class='ocrx_word' id='word_1_857' title='bbox 2217 5632 2375 5696; x_wconf 82' lang='lat' dir='ltr'><strong>mihi,</strong></span> <span class='ocrx_word' id='word_1_858' title='bbox 2435 5618 2586 5686; x_wconf 61' lang='lat' dir='ltr'><strong>soror</strong></span> <span class='ocrx_word' id='word_1_859' title='bbox 2631 5649 2764 5693; x_wconf 84' lang='lat' dir='ltr'><strong>mea.</strong></span> <span class='ocrx_word' id='word_1_860' title='bbox 2813 5638 3109 5705; x_wconf 79' lang='lat' dir='ltr'><strong>propinqua</strong></span> <span class='ocrx_word' id='word_1_861' title='bbox 3158 5656 3294 5707; x_wconf 84' lang='lat' dir='ltr'><strong>mea,</strong></span> <span class='ocrx_word' id='word_1_862' title='bbox 3345 5644 3587 5701; x_wconf 76' lang='lat' dir='ltr'><strong>columba</strong></span> 
     </span>
    </p>
   </div>
   <div class='ocr_carea' id='block_1_118' title="bbox 2016 5721 3590 5804">
    <p class='ocr_par' dir='ltr' id='par_1_118' title="bbox 2016 5721 3590 5804">
     <span class='ocr_line' id='line_1_118' title="bbox 2016 5721 3590 5804; baseline 0.013 -32"><span class='ocrx_word' id='word_1_863' title='bbox 2016 5738 2152 5786; x_wconf 85' lang='lat' dir='ltr'><strong>mea,</strong></span> <span class='ocrx_word' id='word_1_864' title='bbox 2183 5721 2411 5791; x_wconf 77' lang='lat' dir='ltr'><strong>perfecta</strong></span> <span class='ocrx_word' id='word_1_865' title='bbox 2434 5741 2548 5777; x_wconf 86' lang='lat' dir='ltr'><strong>mea</strong></span> <span class='ocrx_word' id='word_1_866' title='bbox 2574 5739 2592 5776; x_wconf 89' lang='lat'><strong><em>:</em></strong></span> <span class='ocrx_word' id='word_1_867' title='bbox 2621 5728 2868 5794; x_wconf 82' lang='lat' dir='ltr'><strong>quoniam</strong></span> <span class='ocrx_word' id='word_1_868' title='bbox 2899 5740 3054 5798; x_wconf 82' lang='lat' dir='ltr'><strong>caput</strong></span> <span class='ocrx_word' id='word_1_869' title='bbox 3073 5748 3241 5786; x_wconf 84' lang='lat' dir='ltr'><strong>meum</strong></span> <span class='ocrx_word' id='word_1_870' title='bbox 3270 5734 3481 5804; x_wconf 83' lang='lat' dir='ltr'><strong>plenum</strong></span> <span class='ocrx_word' id='word_1_871' title='bbox 3511 5748 3590 5792; x_wconf 73' lang='lat' dir='ltr'><strong>est</strong></span> 
     </span>
    </p>
   </div>
   <div class='ocr_carea' id='block_1_119' title="bbox 2018 5821 3585 5901">
    <p class='ocr_par' dir='ltr' id='par_1_119' title="bbox 2018 5821 3585 5901">
     <span class='ocr_line' id='line_1_119' title="bbox 2018 5821 3585 5901; baseline 0.009 -28"><span class='ocrx_word' id='word_1_872' title='bbox 2018 5834 2155 5901; x_wconf 72' lang='lat' dir='ltr'><strong>rore,</strong></span> <span class='ocrx_word' id='word_1_873' title='bbox 2195 5829 2243 5874; x_wconf 85' lang='lat' dir='ltr'><strong>et</strong></span> <span class='ocrx_word' id='word_1_874' title='bbox 2275 5821 2504 5875; x_wconf 77' lang='lat' dir='ltr'><strong>cincinni</strong></span> <span class='ocrx_word' id='word_1_875' title='bbox 2539 5822 2639 5875; x_wconf 85' lang='lat' dir='ltr'><strong>mei</strong></span> <span class='ocrx_word' id='word_1_876' title='bbox 2684 5825 2844 5894; x_wconf 75' lang='lat' dir='ltr'><strong>guttis</strong></span> <span class='ocrx_word' id='word_1_877' title='bbox 2878 5826 3070 5883; x_wconf 77' lang='lat' dir='ltr'><strong>noctis.</strong></span> <span class='ocrx_word' id='word_1_878' title='bbox 3099 5828 3150 5884; x_wconf 80' lang='grc'>5.</span> <span class='ocrx_word' id='word_1_879' title='bbox 3188 5826 3328 5884; x_wconf 71' lang='lat' dir='ltr'><strong>Exui</strong></span> <span class='ocrx_word' id='word_1_880' title='bbox 3357 5831 3585 5887; x_wconf 78' lang='lat' dir='ltr'><strong>tunicam</strong></span> 
     </span>
    </p>
   </div>
  </div>
