3866 6386
403 433 511 491 095

1613 420 1669 472 S.
1713 411 2039 473 GREGORII
2078 415 2370 478 NYSSENI
3588 420 3675 476 996

401 556 594 606 meum,
645 540 909 606 quomodo
959 536 1176 590 induam
1230 533 1394 587 eam?
1447 529 1574 582 Lavi
1626 528 1777 598 pedes
1826 542 1985 586 meos,

2097 528 2257 593 κτός.
2310 525 2729 596 Ἐξεδυσάμην
2772 529 2877 582 τὸν
2909 527 3129 597 χιτῶνά
3147 545 3293 599 μου.
3349 524 3488 595 πῶς
3518 527 3675 583 Mli-

399 632 660 693 quomode
712 629 999 702 inquinabo
1042 628 1177 682 eos?
1211 625 1263 678 4.
1324 621 1598 677 Patruelis
1654 636 1798 674 meus
1848 618 1989 672 misit

402 735 616 778 manum
659 737 811 774 suam
828 736 928 795 per
948 718 1211 787 foramen,
1277 724 1326 768 et
1365 723 1540 768 venter
1576 726 1721 766 meus
1754 725 1988 764 commo-

407 830 486 871 tus
537 824 618 869 est
647 814 702 868 in
720 815 927 882 ipsum.

471 988 586 1045 Hoc
610 1003 829 1060 quoque
858 997 943 1044 est
981 1003 1151 1043 unum
1178 1004 1244 1043 cx
1275 999 1490 1054 magnis
1536 980 1754 1037 Domini
1786 984 1997 1051 praeces

401 1083 531 1155 ptis,
597 1100 693 1155 per
746 1099 870 1153 quae
944 1095 1102 1136 mens
1163 1078 1559 1148 discipulorum
1612 1072 1799 1137 Verbi,
1863 1079 1987 1126 tan-

404 1191 571 1246 quam
602 1175 836 1245 quod-am
860 1174 1092 1245 pulvere
1122 1187 1153 1226 a
1187 1187 1245 1227 se
1275 1183 1511 1226 excusso
1543 1166 1806 1222 universo
1837 1163 1985 1235 quod

399 1269 454 1322 in
485 1276 682 1322 natura
716 1266 992 1336 particeps
1031 1272 1117 1319 est
1170 1262 1430 1327 materiae,
1491 1259 1561 1314 ad
1620 1271 1987 1329 supernorum

399 1362 674 1418 attollitur
713 1359 1071 1416 desiderium.
1098 1356 1211 1411 Hoc
1243 1366 1426 1411 autem
1460 1362 1545 1411 est
1576 1361 1833 1423 oportere
1858 1366 1985 1409 esse

397 1472 597 1514 somno
629 1457 965 1527 potentiores
984 1469 1085 1509 .eos
1132 1453 1225 1524 qui
1257 1452 1325 1506 ad
1355 1451 1521 1506 vitam
1569 1448 1845 1519 aspiciunt
1893 1462 1987 1501 su-

400 1564 647 1619 pernam,
679 1554 734 1603 et
763 1555 953 1602 mente.
978 1554 1242 1616 perpetuo
1288 1545 1534 1613 vigilare,
1569 1541 1736 1597 veluti
1789 1553 1987 1609 quam-

402 1641 530 1695 dam
569 1639 878 1693 animarum
912 1636 1283 1707 decepttirem
1308 1644 1363 1690 et
1391 1635 1638 1690 veritatis
1681 1630 1986 1689 insidiatri-

399 1746 518 1786 cem
552 1732 887 1801 cxpellentes
937 1745 1003 1784 ex
1071 1730 1248 1785 oculis
1293 1727 1765 1783 dormitation‘enr.
1826 1724 1983 1778 Illum

400 1824 527 1879 dico
556 1839 810 1880 somnum
842 1832 896 1879 ct
918 1822 1391 1883 dormitationem,
1426 1836 1521 1891 per
1545 1835 1669 1890 qua:
1702 1818 1771 1873 iis
1803 1818 1897 1889 qui
1927 1818 1980 1871 in

2094 632 2275 688 σομαι
2324 620 2544 683 αὑτόν;
2608 620 2938 690 Ἐνιψάμην
2978 620 3120 687 τοὺς
3151 619 3343 686 πόδας
3382 637 3537 689 μου,
3569 620 3677 688 πῶς

2086 710 2334 781 μολυνῷ
2357 713 2619 779 adrade;
2656 712 3004 782 Ἀδελφιδός
3017 731 3138 783 μου
3163 713 3504 770 ἀπέστειλε
3529 713 3677 783 χεῖρα

2091 803 2279 858 αὐτοῦ
2307 804 2425 859 ἀπὸ
2461 806 2640 874 ὀπῆς,
2681 806 2781 861 καὶ
2823 807 2863 876 ἠ
2912 808 3112 862 κοιλία
3141 825 3262 878 μου
3304 806 3574 876 ὲθροήθη
3599 806 3677 859 ἐπ’

2091 896 2299 950 αὐτόν.

2169 987 2263 1041 Ἓν
2293 988 2387 1042 καὶ
2415 988 2574 1043 τοῦτο
2608 987 2720 1043 τῶν
2761 988 3010 1060 μεγάλων
3055 987 3551 1061 παραγγελμάτων
3578 986 3674 1039 ἐστὶ

2090 1082 2185 1136 τοῦ
2218 1081 2444 1152 Κυρίου,
2475 1082 2542 1136 δι’
2578 1074 2656 1136 ὧν
2686 1085 2720 1154 ἡ
2745 1083 2955 1137 διάνοια
2977 1082 3087 1136 τῶν
3118 1082 3588 1154 μαθητευομὲνων
3613 1080 3678 1149 τῷ

2091 1171 2270 1243 Λόγῳ,
2292 1174 2544 1245 καθάπερ
2570 1174 2693 1229 τινὰ
2715 1175 2844 1246 χοῦν
2872 1176 3017 1230 ἆπαν
3041 1174 3101 1228 τὺ
3125 1174 3326 1238 ὕλῶδες
3344 1174 3456 1244 τῆς
3478 1172 3680 1242 φύσεως

2090 1265 2183 1334 ἀφ’
2236 1267 2437 1336 ἑαυτῆς
2482 1266 2849 1333 ἑκτινάξασα,
2898 1266 3034 1338 πρὸς
3078 1267 3178 1338 τὴν
3221 1265 3533 1336 ἐπιθυμίαν
3580 1264 3679 1318 τῶν

2090 1357 2501 1430 ὑπερκειμένων
2549 1361 2857 1431 ἐπαίρεται.
2912 1359 3085 1414 Τοῦτο
3145 1360 3203 1413 δέ
3253 1362 3374 1413 ἐστι
3402 1400 3421 1423 ,
3478 1356 3541 1411 τὸ
3582 1356 3679 1410 δεῖν

2089 1450 2373 1522 κρείττους
2403 1447 2540 1506 εἶναι
2572 1451 2667 1505 τοῦ
2699 1452 2868 1507 ὓπνου
2934 1454 3061 1517 τοὺς
3099 1451 3235 1524 πρὸς
3267 1453 3370 1523 τὴν
3403 1452 3524 1507 ἄνω
3547 1449 3677 1521 ζωὴν

2090 1541 2407 1612 βλέποντας,
2437 1543 2532 1598 καὶ
2557 1544 2647 1598 διά
2673 1544 2875 1609 παντὸς
2918 1545 3282 1617 ἐγρηγορέναι
3329 1548 3403 1615 τῇ
3457 1543 3677 1614 διανοίᾳ,

2087 1627 2199 1687 οἷον
2246 1633 2541 1689 ἀπατεῶνά
2586 1652 2710 1688 τινα
2751 1635 2861 1689 τῶν
2908 1635 3097 1706 ψυχῶν
3145 1636 3240 1689 καὶ
3288 1635 3397 1705 τῆς
3432 1635 3677 1706 ἀληθείας

2087 1723 2397 1796 ἐπίϐουλον,
2424 1724 2514 1780 τὸν
2540 1726 2853 1798 νυσταγμὸν
2885 1725 2993 1779 τῶν
3024 1726 3320 1797 ὀφθαλμῶν
3349 1726 3677 1781 ἀπελαύνονο

2086 1833 2207 1879 τας.
2259 1816 2497 1871 Ἐκεῖνον
2542 1816 2687 1885 λέγω
2735 1819 2827 1873 τὸν
2874 1818 3185 1889 νυσταγμὺν
3218 1819 3315 1873 καὶ
3354 1817 3457 1873 τὸν
3502 1817 3673 1883 ὕπνον,

397 1916 522 1970 vita:
568 1928 810 1970 errarent
872 1911 1146 1984 profunde
1209 1912 1642 1981 immerguntur,
1706 1907 1984 1977 finguntur

2090 1909 2157 1963 δι’
2180 1903 2256 1963 ὧν
2286 1909 2583 1964 πλάττεται
2609 1882 2724 1974 τοῖς
2745 1882 3109 1982 ἐμϐαθύνουσι
3131 1914 3197 1983 τῇ
3216 1909 3321 1967 ,τοῦ
3350 1911 3483 1982 βίου
3505 1911 3677 1981 ἀπάτῃ

397 2005 513 2061 hac
554 2004 668 2059 visa
694 2004 1059 2065 somniorum,
1094 2017 1290 2072 nempe
1346 2000 1727 2071 magistratus,
1759 1996 1986 2059 divitiae,

399 2097 595 2160 fastus,
662 2095 952 2167 praestigiae
1020 2094 1389 2164 voluptatum,
1448 2092 1636 2163 gloria:
1691 2089 1984 2160 cupiditas,

394 2189 613 2244 deliciis
649 2187 865 2242 fruendi
888 2185 1252 2245 desiderium,
1285 2184 1535 2249 ambitio,
1564 2191 1618 2238 et
1645 2197 1990 2253 quaecunque

397 2281 457 2335 in
485 2280 587 2334 hac
616 2280 725 2334 vita
756 2279 826 2334 ab
855 2281 924 2333 iis
961 2277 1056 2348 qui
1090 2284 1221 2332 sunt
1250 2278 1434 2332 minus
1470 2275 1831 2340 considerati,
1868 2274 1987 2329 frus

398 2378 512 2426 stra
560 2370 869 2425 vehementi
931 2369 1118 2425 studio
1172 2375 1536 2438 appetuntur,
1587 2383 1708 2438 quae
1745 2374 1876 2422 sunt
1907 2364 1991 2420 ef-

397 2461 623 2515 fluentia
656 2474 782 2514 cum
804 2460 1024 2516 labente
1047 2475 1112 2514 ac
1143 2467 1465 2515 transeunte
1485 2459 1747 2529 temporis
1766 2466 1985 2523 natura,

396 2564 451 2607 et
482 2567 639 2607 suam
671 2552 878 2608 habent
909 2552 1208 2608 essentiam
1239 2552 1294 2606 in
1325 2568 1397 2607 eo
1424 2550 1574 2620 quod
1604 2565 1727 2606 esse
1761 2550 1982 2605 videan-

398 2654 507 2711 tur,
533 2652 593 2699 ut
628 2657 751 2714 quae
781 2658 959 2714 neque
1014 2648 1122 2703 sint
1155 2642 1299 2712 quod
1329 2643 1742 2707 existimantur,
1798 2658 1980 2712 neque

396 2745 660 2809 perpetuo
683 2743 1040 2807 permaneant
1068 2737 1124 2792 in
1155 2752 1222 2792 eo
1259 2736 1404 2807 quod
1434 2736 1847 2801 existimantur,
1884 2735 1984 2792 sed

396 2830 562 2887 simul
593 2838 647 2884 et
682 2828 802 2884 ﬁeri
830 2828 1122 2884 videantur
1148 2836 1203 2884 et
1236 2836 1489 2898 pet-eant,
1515 2828 1693 2884 instar
1721 2827 1984 2883 fluctuum

396 2920 491 2990 qui
531 2920 588 2975 in
616 2919 776 2989 aquis
815 2928 1113 2991 assurgunt
1147 2902 1205 2974 in
1247 2921 1532 2984 verticem,
1572 2927 1628 2973 et
1666 2919 1731 2973 ad
1771 2928 1988 2989 tempus

386 3020 551 3065 motu
581 3017 875 3065 ventorum
910 3010 1106 3076 inﬂati,
1140 3026 1250 3065 non
1298 3011 1500 3065 habent
1529 3010 1741 3064 firmam
1777 3025 1840 3066 ac
1876 3022 1990 3065 sta-

398 3100 563 3156 bilem
593 3100 831 3155 tumoris
870 3101 1246 3168 durationem,
1284 3109 1345 3155 ut
1375 3102 1468 3171 qui
1510 3117 1635 3156 cum
1679 3102 1830 3157 brevi
1870 3117 1989 3156 mo-

2090 2002 2160 2057 τά
2176 2001 2435 2073 ὀνειρώδη
2460 2002 2632 2056 ταῦτα
2657 2003 3040 2074 φαντάσματα,
3064 2004 3118 2056 αἱ
3150 2004 3338 2075 ἀρχαὶ,
3362 2005 3419 2057 οἱ
3444 2002 3671 2067 πλοῦτοι,

2091 2093 2147 2147 αἱ
2178 2092 2505 2154 δυναστεῖαι,
2553 2096 2582 2147 ὁ
2620 2094 2811 2163 τύφος,
2858 2095 2893 2165 ή
2944 2093 3030 2148 διά
3062 2093 3171 2148 τῶν
3206 2092 3415 2165 ἡδονῶν
3444 2093 3673 2164 γοητεία.

2090 2183 2151 2236 τὸ
2181 2181 2454 2252 φιλόδοξόν
2479 2198 2539 2236 τε
2573 2183 2666 2240 καὶ
2684 2182 3105 2250 ἀπολαυστικὸν,
3133 2184 3229 2237 καὶ
3257 2183 3570 2255 φιλότιμον,
3594 2182 3674 2235 καὶ

2092 2274 2270 2328 πάντα
2296 2275 2398 2328 ὅσα
2430 2275 2574 2330 κατὰ
2600 2276 2691 2329 τὸν
2726 2275 2840 2347 βίον
2869 2274 3060 2331 τοῦτον
3106 2279 3218 2340 τοῖς
3258 2276 3675 2338 ἀνεπισκέπτως

2091 2364 2178 2418 διά
2208 2381 2354 2427 τινος
2390 2363 2691 2433 φαντασίας
2726 2365 2905 2435 μάτην
2940 2362 3321 2429 σπουδάζεται,
3347 2362 3384 2418 ἃ
3412 2367 3484 2434 τῇ
3521 2377 3673 2433 παρο-

2091 2454 2212 2526 δικῇ
2234 2453 2330 2508 τοῦ
2357 2455 2550 2526 χρόνου
2580 2454 3076 2527 ωμπαραρῤέοντα
3102 2453 3282 2523 φύσει,
3317 2453 3374 2505 ὲν
3406 2452 3490 2523 τῷ
3515 2452 3672 2504 δοκεῖν

2092 2546 2204 2615 ἔχει
2233 2545 2295 2598 τὸ
2322 2539 2485 2610 εἶναι,
2519 2543 2643 2597 οὔτε
2676 2543 2807 2597 ὄντα
2838 2544 2977 2614 ὅπερ
3007 2542 3312 2613 νομίζεται,
3340 2541 3473 2596 οὔτε
3503 2543 3562 2594 ἐν
3584 2539 3671 2593 αύ-

2090 2639 2170 2711 τῷ
2194 2638 2272 2710 τῷ
2312 2637 2628 2710 νομίζεσθαι
2670 2637 2806 2709 πρὸς
2852 2637 2915 2691 τὺ
2960 2636 3208 2708 διηνεκὲς
3256 2636 3667 2708 παραμένοντα·

2094 2731 2208 2787 ἀλλ’
2238 2730 2373 2802 ὀμοῦ
2403 2727 2652 2798 γίνεσθαί
2683 2745 2743 2783 τε
2774 2727 3035 2782 δοκοῦντα
3068 2729 3161 2783 καὶ
3190 2727 3567 2800 ἀπολλύμενα,
3597 2740 3672 2778 κν-

2095 2827 2281 2898 μάτων
2325 2824 2483 2897 δίκην
2528 2824 2638 2879 τῶν
2685 2823 3179 2896 ὲγκορυφουμένων
3215 2825 3328 2886 τοῖς
3376 2822 3601 2885 ὕδασιν,
3638 2816 3670 2871 ἃ

2091 2920 2231 2991 πρὸς
2255 2920 2446 2990 καιρὸν
2470 2919 2537 2989 τῇ
2564 2918 2775 2989 κινήσει
2804 2916 2913 2970 τῶν
2945 2915 3171 2986 ἀνέμων
3199 2912 3667 2984 συνδιογκούμενα,

2091 3011 2346 3066 ἀϐέϐαιον
2390 3013 2470 3074 εἰς
2514 3010 2776 3081 διαμονὴν
2821 3009 2935 3080 ἔχει
2977 3008 3069 3062 τὸν
3111 3008 3308 3077 ὀγκονσ
3358 3010 3417 3063 ὲν
3457 3004 3667 3079 βραχείᾳ

2092 3102 2202 3173 γάρ
2234 3104 2298 3174 τῇ
2331 3103 2472 3173 ῥοπῇ
2502 3102 2913 3156 συναναστάντα
2936 3098 3031 3153 τοῦ
3067 3099 3397 3170 πνεύματος,
3431 3098 3592 3152 πάλιν
3619 3099 3667 3147 ἐν

402 3202 590 3248 mento
621 3194 884 3262 temporis
950 3193 1117 3249 simul
1160 3194 1588 3260 assurrexerint,
1625 3208 1823 3250 rursus
1870 3195 1985 3265 pla-

2094 3194 2282 3266 ὁμαλῷ
2310 3193 2408 3265 τὴν
2431 3197 2531 3264 τῆς
2564 3194 2840 3264 θαλάσσης
2894 3194 3218 3263 ἐπιφάνειαν
3242 3192 3507 3261 δείκνυσι,
3551 3205 3665 3257 συγ·

399 3300 528 3340 nam
560 3292 615 3340 et
649 3284 970 3353 aequabilem
1005 3284 1301 3340 ostendant
1327 3284 1495 3339 maris
1527 3284 1893 3354 superficiem,
1931 3292 1989 3338 ut

398 3376 498 3448 qui
524 3376 693 3431 simul
724 3389 852 3429 cum
891 3374 1025 3429 ﬂatu
1046 3373 1367 3431 defecerint.
1399 3374 1472 3430 Ut
1515 3390 1648 3447 ergo
1697 3378 1882 3447 procul
1919 3379 1989 3433 sit

398 3481 555 3522 mens
588 3476 778 3522 nostra
842 3480 872 3520 a
914 3466 1048 3523 visis
1079 3464 1372 3536 ejusmodi,
1407 3481 1627 3536 gravem
1662 3468 1809 3524 hunc
1843 3483 1990 3524 som-

408 3570 540 3610 num
598 3556 757 3624 jubet
810 3557 993 3611 excuti
1027 3556 1099 3612 ab
1145 3557 1320 3614 oculis
1354 3559 1578 3627 mentis,
1635 3574 1703 3615 ne
1752 3560 1882 3615 dum
1932 3561 1987 3615 in

407 3662 493 3711 ea,
525 3662 649 3717 qua:
674 3661 785 3701 non
816 3655 965 3714 sunt,
1000 3647 1243 3703 studium
1281 3649 1641 3714 conferimus,
1665 3652 1988 3705 excidemus

414 3739 483 3794 ab
525 3739 592 3793 iis
625 3754 749 3809 quae
784 3739 1096 3795 consistunt
1122 3749 1179 3795 et
1211 3754 1339 3794 vere
1394 3750 1540 3796 sunt.
1584 3739 1651 3794 Et
1707 3742 1832 3797 ideo
1886 3757 1988 3796 nos

396 3829 654 3886 admonet
686 3838 746 3884 ut
792 3830 1108 3902 vigilemus,
1159 3829 1395 3887 dicens:
1456 3830 1577 3887 Sint
1614 3832 1780 3886 lumbi
1827 3835 1989 3888 vestri

414 3914 691 3987 succincti,
718 3931 767 3977 et
794 3922 1026 3976 lucerna:
1054 3921 1297 3977 ardentes
1331 3923 1384 3976 in
1424 3923 1672 3979 manibus
1704 3926 1892 3980 vestris
1918 3928 1984 3978 ’⁸.

404 4011 548 4073 Nam
600 4023 657 4069 et
708 4015 800 4068 lux
855 4028 1127 4083 apparens
1167 4014 1223 4067 in
1259 4015 1456 4082 oculis,
1490 4016 1560 4071 ab
1622 4016 1703 4072 eis
1765 4018 1987 4087 expellit

406 4119 660 4161 somnum
688 4121 704 4159 :
736 4112 791 4158 et
815 4102 1041 4158 lumbus
1080 4105 1363 4161 accinctus
1391 4106 1553 4161 eﬂicit
1582 4122 1676 4176 per
1707 4108 1984 4179 cingulum

399 4198 453 4245 ut
490 4205 692 4261 corpus
722 4190 998 4245 somnium
1061 4206 1169 4246 non
1226 4193 1405 4262 possit
1448 4193 1763 4259 admittere,
1819 4210 1984 4251 sensu

398 4282 646 4337 laborum
674 4297 783 4336 non
819 4280 1143 4338 admittente
1181 4284 1363 4338 somni
1398 4285 1814 4342 relaxationem.
1847 4286 1987 4342 Sunt

396 4381 579 4430 autem
612 4374 837 4428 omnino
894 4373 1229 4439 manifesta,
1284 4391 1409 4446 quae
1462 4376 1841 4449 significantur
1891 4395 1988 4450 per

394 4467 726 4536 renigmata:
760 4481 956 4536 nempe
986 4468 1132 4536 quod
1188 4469 1281 4538 qui
1320 4477 1406 4524 est
1449 4471 1732 4528 accinctus
1777 4480 1987 4544 tempe-

2094 3285 2505 3339 κατασταλέντα
2535 3283 2614 3355 τῷ
2644 3284 2937 3355 πνεύματι.
2996 3286 3087 3349 Ὠς
3117 3280 3211 3338 οὖν
3239 3284 3344 3350 ἔξω
3370 3283 3485 3338 τῶν
3508 3278 3666 3336 τοιούο

2090 3394 2200 3430 των
2242 3377 2454 3446 γένοιτο
2502 3377 2806 3449 φασμάτων
2834 3379 2966 3449 ἡμῖν
3015 3379 3049 3449 ἡ
3096 3378 3326 3440 διάνοια,
3373 3376 3469 3431 τὸν
3513 3374 3663 3447 βαρὺν

2090 3468 2277 3525 τοῦτον
2307 3470 2475 3524 ὕπνον
2509 3468 2861 3524 ἀποσείεσθαι
2903 3469 3011 3523 τῶν
3053 3470 3155 3541 τῆς
3198 3470 3377 3540 ψυχῆς
3418 3469 3663 3541 ὀμμάτων

2094 3561 2489 3624 διακελεύεται,
2522 3561 2609 3614 ἵνα
2642 3561 2716 3633 μὴ
2744 3563 2810 3632 τῇ
2861 3563 2991 3633 περὶ
3027 3561 3089 3614 τὸ
3121 3550 3476 3631 ἀνύπαρκτον
3512 3577 3662 3614 σπου-

2090 3653 2175 3724 δῇ,
2222 3652 2332 3707 τῶν
2364 3651 2689 3721 ὑφεστώτων
2713 3668 2774 3707 τε
2809 3653 2904 3706 καὶ
2943 3651 3020 3715 ὼς
3045 3652 3267 3722 άληθῶς
3294 3652 3467 3706 ὄντων
3496 3649 3663 3705 ἀπολι-

2092 3745 2402 3815 σθήσωμεν.
2449 3744 2548 3797 Διὰ
2586 3742 2747 3797 τοῦτο
2782 3745 2878 3798 καὶ
2904 3742 3220 3798 ὑποτίθεται
3263 3745 3396 3815 ἡμῖν
3436 3744 3659 3797 ὲπξνοιαν

2089 3839 2190 3907 τῆς
2209 3836 2612 3909 ἐγρηγόρσεως,
2629 3836 2825 3906 λέγων·
2851 3835 3351 3906 Ἐστωσανύμῶν
3372 3838 3430 3890 αἱ
3452 3831 3662 3905 ὀσφῦες

2090 3928 2568 3997 περιεζωσμέναι,
2600 3927 2698 3982 καὶ
2745 3931 2801 3982 oi
2826 3928 3062 3997 -λύχνοι
3104 3930 3407 3999 καιόμενοι
3434 3929 3508 3983 ἐν
3552 3926 3660 3989 ταῖς

2092 4020 2308 4089 χερσὶν
2345 4018 2534 4090 ὑμῶν.
2582 4021 2708 4085 Τοῖς
2751 4038 2813 4075 τε
2854 4021 2963 4093 γὰρ
3008 4021 3309 4091 ὀφθαλμοῖς
3337 4021 3398 4075 τὸ
3430 4022 3545 4090 φῶς
3573 4022 3657 4089 tu.

2092 4111 2417 4183 φαινόμενον
2448 4112 2707 4165 ἀποσοϐεῖ
2734 4112 2842 4165 τῶν
2873 4112 3138 4183 ὀμμάτων
3160 4113 3252 4166 τὸν
3283 4111 3447 4167 ὕπνον
3470 4130 3483 4142 ·
3528 4110 3655 4176 καὶὴ

2090 4205 2261 4272 ὀσφὺς
2300 4204 2657 4275 διεσφιγμένη
2708 4204 2796 4257 διὰ
2830 4205 2929 4275 τῆς
2959 4202 3156 4277 ζώνης,
3193 4204 3569 4277 άπαράδεκτον
3593 4199 3658 4269 τῷ

2093 4293 2247 4365 ὕπνῳ
2264 4295 2674 4366 παρασκευάζει
2702 4294 2764 4349 τὸ
2791 4294 2972 4366 σῶμα,
3002 4295 3064 4349 οὐ
3096 4296 3467 4368 προσιεμένης
3493 4296 3584 4366 τὴν
3603 4293 3656 4345 ἐκ

2088 4385 2184 4441 τοῦ
2216 4387 2388 4442 ὕπνου
2432 4386 2617 4440 ἄνεσιν
2647 4388 2747 4458 τῆς
2770 4386 2880 4440 τῶν
2920 4387 3098 4441 πόνων
3145 4386 3471 4458 αἰσθήσεως.
3526 4379 3654 4449 Σαςῆ

2090 4479 2148 4533 δὲ
2179 4480 2396 4543 πάντως
2439 4479 2558 4532 ἐστὶ
2589 4479 2658 4533 τά
2686 4479 2776 4533 διά
2816 4477 2926 4532 τῶν
2962 4480 3303 4551 αἰνιγμάτων
3331 4479 3618 4550 δηλούμενα
3639 4490 3651 4501 ’

314 4576 335 4590 ο
396 4557 596 4620 rantia,
624 4557 679 4611 in
709 4558 830 4612 luce
855 4573 1007 4628 purae
1037 4562 1389 4617 conscientiae
1417 4563 1573 4629 vivit,
1603 4563 1734 4619 dum
1758 4565 1981 4620 lucerna

2092 4574 2174 4627 ὅτι
2193 4574 2221 4626 ὁ
2247 4575 2314 4645 τῇ
2346 4573 2670 4646 σωφροσύνῃ
2699 4570 3060 4642 διεζωσμένος
3092 4575 3151 4626 ἐν
3185 4572 3325 4642 φωτὶ
3352 4572 3418 4643 ζῇ
3450 4572 3542 4626 τοῦ
3569 4585 3651 4623 κα-

396 4648 566 4703 vitam
624 4650 865 4705 illustrat
930 4663 1284 4720 praesentem.
1343 4670 1438 4724 per
1482 4671 1649 4726 quam
1687 4666 1986 4727 apparente

406 4741 656 4805 veritate,
687 4742 869 4797 anima
904 4754 1087 4798 manet
1134 4745 1408 4801 insomnis
1436 4754 1493 4802 et
1536 4747 1846 4818 deceptioni
1879 4750 1985 4804 mi-

402 4830 553 4884 nime
612 4829 872 4893 obnoxia,
916 4838 972 4885 et
1024 4848 1147 4902 quae
1204 4836 1409 4892 nullius
1463 4837 1659 4893 borum
1707 4839 1982 4895 fallacium

396 4918 739 4974 somniorum
793 4919 864 4976 sit
904 4912 1200 4992 particeps.
1266 4923 1335 4979 Ut
1380 4935 1565 4982 autem
1615 4939 1983 5000 congruenter

394 5008 563 5066 Verbi
625 5011 975 5081 explicationi
1032 5013 1137 5069 hoc
1196 5024 1348 5071 recte
1405 5027 1666 5088 geratur,
1732 5023 1981 5091 angelica

394 5100 643 5173 quaedam
670 5103 781 5156 vita
819 5118 922 5159 nos
948 5104 1173 5177 excipit.
1219 5104 1316 5163 His
1367 5111 1513 5163 enim
1577 5126 1680 5166 nos
1714 5113 1979 5168 assimilat

393 5192 639 5247 divinum
670 5201 1025 5263 praeceptum,
1058 5210 1187 5250 cum
1207 5196 1339 5251 dicit
1370 5215 1385 5251 :
1417 5196 1487 5252 Et
1522 5216 1608 5254 vos
1643 5202 1842 5257 similes
1880 5204 1980 5259 ho-

395 5284 631 5339 minibus
665 5285 1095 5352 exspectantibus
1122 5286 1397 5342 dominum
1422 5306 1579 5345 suum
1627 5296 1844 5363 quando
1894 5312 1981 5350 re-

394 5373 515 5429 deat
542 5391 575 5428 a
607 5376 830 5445 nuptiis,
877 5385 936 5430 ut
982 5395 1100 5432 cum
1133 5381 1329 5434 uenerit
1358 5390 1410 5436 et
1454 5383 1768 5452 pulsaverit,
1803 5388 1984 5457 confe-

403 5469 527 5521 rtim
565 5469 615 5522 ei
649 5471 891 5539 aperiant
919 5471 987 5526 ⁸⁵.
1013 5470 1093 5527 llli
1127 5473 1272 5529 enim
1323 5482 1454 5530 sunt
1500 5477 1595 5547 qui
1637 5476 1850 5534 Domini
1885 5496 1981 5537 ex-

404 5566 659 5628 spectant
694 5561 931 5615 reditum
964 5576 994 5615 a
1038 5565 1267 5634 nuptiis,
1326 5573 1381 5622 et
1425 5568 1751 5626 cmicstibus
1809 5576 1983 5641 portis

397 5648 575 5705 oculis
606 5650 854 5707 assident
896 5652 1273 5723 vigilantibus,
1310 5666 1370 5710 ut
1399 5673 1496 5729 per
1527 5674 1622 5716 eas
1670 5676 1864 5720 rursus
1895 5665 1977 5720 in-

474 5818 517 5852 ³⁸
541 5824 673 5882 an.
694 5840 795 5894 ιιι,
828 5826 916 5882 35.
1017 5829 1061 5862 ’⁵
1096 5829 1228 5886 ibid.
1269 5832 1357 5889 ὅθ.

2090 4665 2260 4738 θαροῦ
2289 4666 2609 4731 συνειδότος,
2646 4662 2740 4718 τοῦ
2762 4663 2957 4736 λύχνου
2988 4667 3087 4735 τῆς
3116 4664 3431 4736 παρρησίας
3450 4664 3539 4717 τὸν
3559 4660 3652 4731 βίον

2088 4758 2552 4831 περιαυγάζοντος
2576 4796 2590 4821 ,
2643 4751 2704 4812 οὗ
2759 4757 2858 4828 τῆς
2921 4756 3182 4828 ἀληθείας
3238 4754 3650 4829 προφαινομένης

2088 4831 2294 4911 άύπνός
2337 4866 2405 4902 τε
2428 4850 2523 4903 καὶ
2550 4847 2962 4919 ἁνεξαπάτητος
2999 4850 3033 4920 ἡ
3081 4848 3228 4920 ψυχὴ
3278 4848 3539 4918 διαμένει,
3578 4841 3650 4895 οὐ·

2084 4939 2197 4993 δεν¹ι
2221 4939 2335 4994 τῶν
2360 4938 2567 4994 ἀτελῶν
2590 4939 2804 4993 τούτων
2837 4941 3062 5010 ὀνείρων
3097 4939 3565 5010 ὲμματαιάζουσα.
3599 4930 3647 4985 El

2084 5031 2142 5085 δὲ
2164 5031 2323 5086 τοῦτο
2346 5031 2719 5103 κατορθωθείη
2757 5030 2895 5085 κατὰ
2922 5031 3022 5102 τὴν
3042 5030 3136 5084 τού
3173 5030 3349 5099 Λόγου
3374 5029 3646 5097 ὑφήγησιν,

2084 5124 2374 5194 ἀγγελικός
2409 5142 2493 5189 τις
2545 5125 2693 5195 ἡμᾶς
2738 5123 3047 5192 διαδέχεται
3108 5123 3240 5192 βίος.
3299 5121 3521 5184 Τούτοις
3560 5115 3647 5186 γὰρ

2084 5216 2232 5285 ἡμᾶς
2258 5215 2436 5285 ὁμοιοῖ
2461 5214 2521 5267 τὸ
2550 5213 2692 5268 θεῖον
2725 5213 3114 5283 παράγγελμα,
3144 5212 3211 5265 δι’
3239 5205 3314 5266 ὧν
3344 5228 3509 5283 φησιν
3527 5226 3540 5239 ·
3583 5208 3647 5259 ὅτι

2083 5303 2192 5358 Kal
2222 5304 2393 5373 ὑμεῖς
2419 5302 2611 5374 ὅμοιοι
2654 5303 2995 5371 ἀνθρώποις
3026 5302 3535 5372 προσδεχομένοις
3565 5297 3647 5350 τὸν

2083 5395 2293 5462 κύριον
2315 5395 2569 5461 ἑαυτῶν,
2598 5396 2746 5450 πότε
2772 5395 3060 5465 ἀναλύσῃ
3079 5396 3151 5450 ἐκ
3181 5394 3302 5449 τῶν
3328 5395 3547 5465 γάμων,
3569 5392 3645 5443 ira

2048 5488 2369 5554 ’ἐλθόντος
2423 5486 2521 5542 καὶ
2589 5488 2967 5556 κρούσαντος
2985 5528 3001 5553 ,
3066 5485 3285 5552 εὐθέως
3347 5482 3645 5549 ἀνοίξωσιν

2081 5578 2261 5645 αὐτῷ.
2313 5580 2544 5634 Ἐκεῖνοι
2570 5580 2679 5653 γάρ
2711 5581 2849 5632 εἰσιν
2896 5580 2945 5631 οἱ
2991 5577 3412 5649 προσδεχόμενοι
3441 5575 3533 5628 τοῦ
3561 5568 3644 5627 Κυ-

2097 5670 2211 5741 ρίου
2250 5668 2349 5742 τὴν
2386 5673 2452 5726 ἐκ
2487 5670 2596 5725 τῶν
2624 5670 2818 5742 γάμων
2844 5670 3124 5759 ἐπάνοδον,
3166 5670 3260 5724 καὶ
3293 5670 3412 5733 ταῖς
3436 5669 3645 5736 insupe-
