3866 6360
241 407 350 461 οεγῑ
1291 402 1355 456 ΙΝ
1386 401 1682 458 CANTICA
1717 404 1817 459 CA]

1925 404 1986 460 C.
2030 404 2316 461 HOMILIA
2356 404 2447 460 XI.

3405 412 3518 469 998

229 517 374 579 νίοις
408 514 602 577 πύλαις
623 514 945 585 ἐγρηγορότι
969 513 1043 583 τῷ
1071 515 1334 586 ὀφθαλμῴ
1364 519 1817 589 προσκαθήμενοι,

1932 520 2212 589 gradiatur
2242 520 2353 576 Rex
2385 521 2573 591 gloriae
2607 536 2860 578 reversus
2895 536 2925 576 a
2978 523 3190 595 nuptiis
3223 540 3280 582 tu
3315 539 3507 597 super-

236 613 333 665 ἵνα
360 609 521 663 πάλιν
550 606 764 678 εἰσέλθῃ
785 607 854 659 δι’
881 606 1062 660 αὐτῶν
1080 607 1217 661 ,ὅταν
1238 607 1478 679 ἀναλύσῃ
1504 610 1565 662 ὲκ
1589 610 1697 663 τῶν
1723 612 1823 678 γά-

234 717 364 770 μων
388 702 417 754 ὁ
448 698 699 768 βασιλεὺς
728 697 828 767 τῆς
871 697 1026 767 δόξης
1069 699 1149 761 είς
1187 700 1286 769 τὴν
1312 699 1701 771 ὑπερουράνιον
1768 699 1825 750 ὲ-

232 789 430 858 xeiqu
444 789 1013 861 μακαριότητα,”Οθεν
1056 790 1199 843 κατά
1234 790 1334 862 τὴν
1370 790 1708 862 ψαλμῳδίαν,
1748 794 1823 858 ὡς

233 885 311 933 ἐκ
339 881 610 944 παστάδος
648 880 677 931 ὁ
718 883 950 951 νυμφίος
976 881 1331 951 ἑκπορευθεὶς
1382 881 1664 953 ἡρμόσατο
1699 886 1823 938 ἐαυ-

228 970 320 1040 τῷ
375 970 642 1040 παρθένον
673 971 819 1040 ἡμᾶς
855 969 943 1023 διὰ
981 970 1077 1041 τῆς
1126 971 1391 1043 μυστικῆς
1417 974 1823 1045 ἀναγεννήσεως

236 1063 345 1133 τὴν
385 1066 496 1127 τοῖς
549 1062 788 1126 είδώλοις
842 1063 1338 1135 ὲκπορνευθεῖσαν,
1392 1067 1473 1131 εις
1517 1068 1823 1139 ἀφθαρσίαν

233 1153 583 1225 παρθενικὴν
623 1153 1077 1223 ἀναστοιχειώσας
1111 1154 1211 1226 τὴν
1239 1155 1419 1225 φύσιν.
1456 1156 1576 1211 Τῶν
1602 1153 1693 1211 οὖν
1719 1158 1820 1226 γά-

235 1266 363 1319 μων
406 1248 506 1318 ῆδη
538 1245 938 1316 τετελεσμένων
957 1286 973 1312 ,
1018 1247 1114 1301 καὶ
1158 1248 1559 1321 νυμφευθείσης
1589 1250 1695 1303 ὑπὸ
1725 1250 1819 1303 τοῦ

230 1340 416 1408 Λόγου
453 1338 553 1408 τῆς
591 1338 936 1409 Ἐκκλησίας,
968 1336 1150 1403 καθώς
1179 1357 1342 1411 φησιν
1368 1342 1396 1393 ὁ
1437 1341 1709 1412 Ἰωάννης,
1737 1342 1820 1394 ὄτι

246 1429 317 1482 '0
343 1429 501 1497 ἔχων
523 1429 639 1497 τὴν
676 1429 924 1497 νύμφην
951 1430 1214 1497 νυμφίος
1243 1430 1409 1484 ἐστί’
1455 1430 1550 1484 καὶ
1597 1433 1677 1495 εἰς
1726 1432 1819 1485 τὸν

229 1521 350 1575 τῶν
382 1520 693 1592 μυστηρίων
724 1520 966 1591 θάλαμον
1010 1521 1178 1591 αὐτῆς
1228 1522 1681 1593 παραδεχθείσης,
1727 1525 1821 1577 ἁν-

231 1613 434 1683 έμενον
461 1614 510 1665 οἱ
557 1612 777 1681 ἄγγελοι
823 1613 923 1684 τὴν
966 1613 1221 1667 ἐπάνοδον
1264 1612 1357 1667 τοῦ
1402 1613 1683 1683 βασιλέως,
1718 1615 1819 1685 τῆς

247 1701 580 1772 Ἐκκλησίας
607 1700 1005 1771 ὲπαναχθείσης
1032 1702 1125 1755 ἐπὶ
1158 1702 1258 1772 τὴν
1280 1702 1421 1756 κατά
1448 1703 1609 1771 φύσιν
1644 1720 1819 1774 μακα-

235 1791 487 1863 ριότητα.
526 1792 748 1858 Τούτοις
779 1790 872 1847 οὖν
913 1788 1033 1847 εἶπε
1078 1794 1187 1848 δεῖν
1233 1793 1550 1865 ὁμοιοῦσθαι
1595 1794 1689 1849 καὶ
1727 1794 1819 1849 τὸν

1931 612 2210 667 ρωιεειοηι
2268 613 2417 667 illam
2478 614 2891 669 beatitudinem.
2939 614 3091 671 Unde
3138 627 3512 689 congruenter

1930 701 1981 756 ei
2008 702 2152 771 quod
2193 703 2412 757 canitur
2466 702 2522 757 in
2552 704 2797 771 psalmis,
2831 715 3088 775 tanquam
3144 722 3213 761 ex
3262 708 3509 762 thalamo

1928 791 2233 860 procedens
2273 806 2513 862 sponsus
2532 793 2600 857 '°,
2633 808 2736 849 nos
2767 795 2872 849 sibi
2908 796 3201 866 despondit
3234 799 3502 868 virginem

1929 896 2027 950 per
2052 882 2336 952 mysticam
2367 885 2833 954 regenerationem
2861 901 2982 955 quae
3012 902 3134 941 cum
3175 887 3335 943 idolis
3385 888 3504 942 fue-

1930 980 2016 1026 rat
2056 970 2346 1037 fornicata,
2378 973 2446 1028 ad
2499 974 2965 1045 incorruptionem
3018 977 3336 1048 virginalem
3387 978 3504 1049 ipsa

1931 1062 2232 1119 reformata
2291 1073 2510 1122 natura.
2544 1064 2790 1122 Peractis
2822 1083 2954 1138 ergo
2986 1067 3099 1138 jam
3161 1070 3388 1140 nuptiis,
3446 1078 3505 1124 et

1930 1151 2171 1209 Ecclesia
2219 1168 2250 1208 a
2277 1152 2456 1210 Verbo
2491 1154 2762 1225 desponsa
2794 1176 2806 1210 :
2844 1157 2987 1211 sicut
3038 1156 3169 1211 dicit
3222 1157 3499 1213 Joannes:

1928 1244 2035 1311 Qui
2067 1246 2220 1302 habet
2260 1264 2527 1314 sponsam,
2560 1265 2784 1317 sponsus
2813 1261 2892 1303 est
2919 1250 3001 1305 ’τε
3060 1257 3115 1304 et
3166 1264 3228 1302 ea
3262 1249 3500 1305 admissa

1926 1337 1982 1391 in
2016 1337 2315 1393 thalamum
2345 1341 2733 1410 mysteriorum
2776 1356 2841 1395 ac
2871 1350 3365 1405 sacramentorum,
3406 1356 3505 1395 ex-

1926 1428 2249 1495 spectabant
2291 1431 2468 1501 angcli
2516 1431 2751 1486 reditum
2784 1432 2948 1501 regis,
3006 1431 3227 1486 reducta
3259 1431 3504 1486 Ecclesia

1926 1517 1995 1573 ad
2020 1519 2414 1575 beatitudinem
2462 1537 2585 1592 qua:
2612 1529 2695 1578 est
2725 1522 3028 1577 secundum
3079 1531 3355 1578 naturam.
3409 1521 3505 1577 llis

1926 1624 2058 1681 ergo
2084 1610 2223 1667 dixit
2251 1621 2506 1683 oportere
2541 1614 2711 1669 vitam
2766 1621 3010 1670 nostram
3068 1628 3189 1669 esse
3243 1614 3502 1679 similem,

1928 1707 1987 1753 ut
2019 1701 2161 1757 sicut
2190 1703 2270 1757 illi
2297 1704 2489 1774 procul
2519 1720 2551 1759 a
2578 1705 2713 1759 vitio
2745 1712 2798 1760 et
2828 1720 3016 1760 errore
3048 1705 3215 1759 vitam
3257 1712 3501 1775 agentes,

1927 1801 2061 1849 sunt
2094 1796 2270 1864 parati
2297 1796 2363 1851 ad
2392 1796 2691 1853 adventum
2722 1796 2938 1852 Domini
2973 1796 3388 1865 excipiendum:
3428 1798 3504 1849 ita

233 1882 510 1954 ἡμέτερον
542 1882 652 1953 βίον
673 1900 684 1911 ·
728 1884 816 1937 ἵνα
849 1884 1099 1955 καθάπερ
1147 1885 1343 1937 ἐκεῖνοι
1395 1885 1585 1957 ιπόρρω
1622 1884 1817 1949 κακίας

1925 1898 2026 1940 nos
2051 1896 2269 1956 quoque
2299 1886 2606 1943 assidentes
2632 1888 2917 1943 vestibulis
2967 1895 3281 1943 nostrorum
3336 1885 3505 1941 domi.

229 1974 335 2027 καὶ
374 1974 587 2045 ἀπάτης
620 1975 1046 2045 πολιτευόμενοι,
1094 1975 1229 2045 πρὸς
1259 1975 1523 2048 ὑποδοχήν
1563 1977 1698 2029 εἰσιν
1729 1976 1818 2030 εύ-

227 2067 458 2133 τρεπεϊς
482 2065 582 2134 τῆς
616 2065 939 2135 δεσποτικῆς
967 2067 1298 2137 παρουσίας·
1340 2066 1482 2123 οὕτω
1521 2068 1615 2121 καὶ
1655 2068 1815 2139 ἡμεῖς

226 2154 348 2215 τοῖς
396 2152 688 2224 προθύροις
732 2153 839 2207 τῶν
886 2154 1241 2223 καταγωγίων
1294 2155 1451 2226 ἡμῶν
1503 2172 1818 2226 προσαγρυ-

228 2244 515 2307 πνοῧντες,
542 2244 790 2314 ἑτοίμους
811 2246 945 2316 πρὸς
968 2245 1211 2316 ὑπακοὴν
1233 2247 1458 2310 ἑαυτοὺς
1480 2247 1815 2317 ποιήσωμεν,

1924 1974 2201 2041 ciliorum,
2238 1991 2342 2031 nos
2376 1978 2673 2033 reddamus
2702 1985 2983 2047 promptos
3011 1975 3079 2030 ad
3111 1975 3500 2041 obediendum,

1923 2066 2145 2135 quando
2175 2067 2471 2125 adveniens
2497 2069 2737 2139 pulsabit
2760 2068 2987 2123 ostium.
3017 2067 3171 2122 Beati
3214 2066 3383 2134 enim,
3416 2068 3502 2121 in-

1915 2158 2058 2228 quit,
2106 2161 2278 2227 servi,
2318 2177 2450 2231 quas
2492 2177 2611 2216 cum
2641 2162 2839 2216 venerit
2879 2160 3126 2215 dominus
3164 2160 3387 2214 inveniet
3422 2160 3499 2214 sic

1918 2247 2172 2315 facientes
2195 2250 2262 2303 ’⁸.

228 2336 363 2391 ὅταν
384 2336 610 2401 ὲπιστάς
631 2338 806 2410 κρούῃ
824 2338 919 2409 τὴν
943 2339 1134 2411 θύραν.
1159 2340 1449 2409 Μακάριοι
1472 2341 1600 2412 γὰρ,
1626 2342 1811 2411 φησὶν,
1851 2343 1906 2395 οἱ
1932 2340 2142 2398 δοῦλοι
2169 2345 2405 2410 ἐκεῖνοι,
2435 2345 2542 2411 οὓς
2565 2345 2759 2400 ἐλθὼν
2796 2349 2828 2400 ό
2879 2345 3082 2413 κύριος
3151 2341 3351 2399 αὐτῶν
3403 2346 3501 2398 εῠο

222 2429 411 2498 ρήσει
440 2430 763 2496 ποιοῦντας
794 2432 999 2497 οὕτως.

328 2521 478 2576 Ἐπεὶ
517 2517 609 2576 οὖν
644 2522 911 2594 μακάριόν
958 2526 1074 2578 ἐστι
1105 2524 1166 2577 τὸ
1211 2524 1504 2578 ὑπακούειν
1548 2526 1624 2597 τῷ
1653 2525 1819 2597 κρού-

230 2630 371 2675 οντι,
405 2614 592 2669 τούτου
620 2615 778 2686 χάριν
814 2616 1103 2680 διαπαντὸς
1148 2616 1284 2687 πρὸς
1309 2616 1408 2688 τὴν
1438 2618 1818 2689 μακαριότητα

237 2703 534 2774 βλέπουσα,
565 2704 881 2759 αίσθάνεται
912 2704 1005 2758 τοῦ
1038 2704 1386 2775 παρεστῶτος
1425 2708 1490 2776 τῇ
1524 2706 1684 2776 θύρᾳ,
1715 2724 1816 2761 κα·-

235 2796 348 2860 λῶς
392 2800 502 2861 τοῖς
550 2797 699 2862 ίδίοις
740 2799 1032 2868 θησαυροῖς
1060 2796 1483 2868 ὲπαγρυπνοῦσα
1522 2798 1693 2868 ψυχὴ,
1722 2798 1818 2852 καί

238 2904 437 2957 φησιν·
469 2887 640 2956 Φωνή
678 2888 785 2942 τοῦ
829 2887 1156 2957 ἀδελφιδοῦ
1184 2905 1302 2956 μου
1324 2890 1525 2955 κρούει
1564 2889 1659 2941 ἐπί
1702 2888 1818 2957 τὴν

237 2978 448 3044 θύραν.
484 2977 607 3041 uo;
636 2979 701 3033 ἀν
722 2996 804 3042 τις
826 2978 921 3047 τὴν
948 2978 1079 3049 πρὸς
1107 2978 1175 3030 τὰ
1199 2978 1443 3048 θειότερα
1474 2980 1573 3049 τῆς
1602 2979 1819 3050 νύμφης

234 3068 426 3129 ἄνοδον
465 3069 553 3123 διὰ
584 3069 691 3122 τῶν
723 3067 1027 3139 λεγομένων
1073 3068 1239 3133 ἀξίως
1284 3071 1703 3139 κατανοήσειεν;
1752 3070 1817 3123 Ἡ

238 3161 411 3237 μετὰ.
438 3162 704 3232 τοσαύτης
761 3160 1003 3226 ἐξουσίας
1057 3178 1111 3215 τε
1163 3163 1255 3216 καὶ¹
1305 3162 1685 3233 πεποιθήσεως
1728 3162 1818 3215 τὸν

236 3252 475 3324 σκληρὸν
496 3254 708 3313 ,ἐκεῖνον
748 3253 950 3323 Βορέαν
983 3254 1075 3323 ἀφ’
1115 3255 1312 3325 ἑαυτῆς
1343 3253 1680 3317 ἐξοικίσασα,
1727 3253 1820 3307 καὶ

1992 2521 2261 2589 Quoniam
2296 2534 2424 2591 ergo
2464 2520 2684 2576 beatum
2735 2528 2820 2576 est
2858 2520 3081 2576 obedire
3136 2519 3396 2590 pulsanti,
3435 2533 3499 2575 ea

1919 2613 1988 2670 de
2020 2627 2185 2668 causa
2231 2611 2412 2665 anima
2458 2625 2583 2681 quae
2619 2620 2881 2682 perpetuo
2935 2612 3131 2680 aspicit
3161 2611 3229 2665 ad
3265 2612 3501 2667 beatitu-

1918 2705 2126 2770 dinem,
2154 2703 2271 2760 suis
2306 2704 2586 2759 thesauris
2638 2704 2928 2771 diligenter
2979 2703 3291 2774 invigilans,
3332 2705 3501 2759 sentit

1921 2810 2185 2866 sponsum
2222 2802 2457 2850 stantem
2485 2793 2552 2848 ad
2582 2795 2808 2858 ostium,
2840 2800 2896 2848 et
2943 2794 3111 2848 dicit:
3148 2793 3260 2847 Vox
3291 2806 3500 2863 patrue-

1921 2889 1988 2945 lis
2025 2889 2126 2942 mei
2160 2886 2337 2955 pulsat
2367 2886 2436 2939 ad
2458 2887 2671 2941 ostium.
2701 2885 2992 2951 Quomodo
3015 2894 3201 2957 posset
3224 2888 3500 2957 quispiam

1918 2996 2019 3052 pro
2051 2979 2317 3051 dignitate
2348 2978 2702 3034 considerare
2745 2994 2962 3049 sponsa:
2994 2994 3282 3034 ascensum
3334 2980 3402 3034 ad
3435 2995 3499 3035 ea

1917 3079 2203 3143 quaesunt
2232 3070 2504 3126 diviniora
2529 3072 2554 3124 ?
2596 3071 2727 3136 Quae
2755 3085 2879 3125 cum
2932 3079 3086 3124 tanta
3142 3071 3394 3127 libertate
3433 3086 3499 3126 ac

1923 3165 2121 3219 ﬁducia
2150 3164 2348 3218 durum
2381 3162 2534 3216 illum
2567 3162 2790 3217 boream
2818 3178 2849 3217 a
2877 3177 2937 3219 se
2962 3164 3294 3229 amandavit,
3331 3170 3386 3218 et
3415 3164 3501 3217 lu-

1921 3253 2104 3309 cidum
2133 3252 2385 3323 spiritum
2414 3251 2480 3307 ad
2513 3267 2573 3307 se
2601 3251 2847 3315 attraxit,
2875 3268 2998 3323 qua:
3032 3254 3298 3308 malorum
3330 3255 3493 3323 puni-

232 3343 301 3397 τδ
342 3345 600 3413 φωτεινὸν
648 3344 865 3415 πνεῦμα
910 3345 1045 3416 πρὸς
1074 3345 1271 3415 ἑαυτὴν
1317 3345 1815 3415 ἐφελκυσαμένηνὴ

1925 3359 2113 3399 carum
2147 3343 2433 3413 paradisos
2463 3358 2560 3413 per
2584 3357 2647 3398 os
2674 3342 2856 3408 efﬁcit,
2887 3358 3119 3413 quorum
3149 3360 3307 3415 poma
3342 3353 3501 3399 erant

235 3434 599 3506 παραδείσους
631 3435 769 3505 ῥοῶν
796 3436 884 3489 διὰ
908 3435 1001 3489 τοῦ
1038 3436 1303 3506 στόματος
1332 3436 1692 3506 ἐργαζομένη,
1741 3428 1817 3489 ὧν

233 3529 507 3599 ἀρώματα
537 3525 604 3600 ἦν
638 3529 929 3600 ἀκρόδρυα,
963 3530 996 3598 ἡ
1028 3528 1117 3581 τὸν
1144 3529 1320 3599 κῆπον
1364 3527 1565 3596 ἑαυτῆς
1612 3527 1818 3598 τράπε-

236 3622 341 3685 ζαν
374 3620 690 3691 προτιθεῖσα
731 3619 809 3690 τῷ
857 3619 1099 3690 Δεσπότῃ
1145 3619 1243 3690 τῆς
1294 3619 1541 3683 κτίσεως,
1573 3612 1639 3687 ἦς
1680 3617 1817 3670 ἀπό-

237 3712 437 3782 ϐλητον
470 3712 641 3784 ἐφάνη
680 3711 788 3765 τῶν
828 3711 1196 3783 προτεθέντων
1229 3708 1380 3762 οὐδέν
1408 3725 1423 3740 ·
1472 3707 1609 3771 ἀλλά
1641 3708 1818 3761 πάντα

233 3797 378 3856 εἶναι
410 3802 549 3856 καλά
581 3802 935 3874 ἐμαρτυρήθη
968 3803 1001 3873 ή
1031 3801 1266 3873 σμύρνα,
1290 3799 1350 3853 τὸ
1373 3798 1593 3870 ἄρωμα,
1621 3800 1648 3851 ὁ
1675 3797 1818 3867 μετὰ.

232 3894 334 3947 τοῦ
383 3894 598 3964 μέλιτος
643 3894 825 3963 ἄρτος,
860 3895 889 3946 ὁ
940 3893 1078 3962 μετὰ
1128 3890 1222 3944 τοῦ
1271 3891 1542 3958 γάλακτος
1588 3879 1815 3960 οἷνος,ᾖ

228 3984 620 4056 ἐμαρτύρησεν
648 3986 676 4038 ὁ
714 3984 887 4051 Λόγος
930 3984 992 4036 τὸ
1020 3983 1243 4048 τέλειον,
1286 3979 1454 4034 εἰπών
1477 3995 1489 4009 ’
1540 3981 1622 4033 ὅτι
1669 3979 1813 4047 Ὄλη

232 4074 396 4143 καλὴ
426 4073 501 4139 εἴ,
550 4077 648 4131 καὶ
687 4074 892 4145 μῶμος
923 4077 1035 4128 οὐκ
1066 4074 1237 4128 ἐστιν
1260 4073 1330 4126 ἐν
1354 4071 1455 4125 σοί
1486 4087 1500 4101 ο
1549 4070 1688 4141 αὕτη
1721 4070 1815 4123 νῦν

228 4168 378 4223 οὕτω
409 4168 697 4229 διάκειται,
737 4168 813 4230 ὡς
842 4164 1073 4237 πρώτως
1123 4162 1391 4235 μέλλουσα
1441 4160 1689 4230 δέχεσθαι
1720 4158 1814 4213 τοῦ

231 4258 374 4314 Θεοῦ
410 4260 510 4330 τὴν
536 4259 857 4331 ἐμφάνειαν,
887 4257 981 4311 καὶ
1011 4256 1087 4321 ὼς
1114 4256 1327 4310 οὐδέπω
1368 4254 1459 4310 τὸν
1485 4252 1579 4307 νῦν
1606 4252 1816 4306 ἑστῶτα

230 4352 344 4424 πρὸ
376 4351 482 4404 τῶν
525 4350 702 4421 θυρῶν
719 4350 888 4418 Λόγον
921 4346 1280 4418 είσδεξαμένη
1329 4346 1425 4399 καὶ
1457 4344 1814 4405 εἱσοικίσασα,

230 4446 297 4495 ὲν
341 4441 578 4511 θαύματι
622 4440 723 4508 τῆς
773 4439 957 4510 φωνῆς
998 4441 1228 4491 ποιεῖται
1271 4436 1371 4506 τὴν
1415 4435 1641 4505 δύναμιν
1666 4452 1678 4465 ·
1728 4433 1816 4486 διά

231 4531 392 4587 τοῦτο
424 4547 586 4601 φησιν
635 4528 787 4583 οὔπω
831 4528 1037 4598 αὐτῆς,
1086 4526 1218 4580 ἀλλά
1275 4526 1375 4595 τῆς
1432 4526 1601 4596 θύρας
1647 4525 1816 4594 αὐτῆς

233 4621 503 4676 ἅπτεσθαι
527 4620 624 4691 τὴν
653 4620 748 4673 τοῦ
782 4620 1017 4689 νυμφίου
1050 4620 1253 4688 φωνήν.
1294 4618 1466 4684 Φωνὴ
1498 4617 1626 4689 γὰρ,
1657 4618 1811 4687 φησὶ,

232 4709 345 4764 τοῦ
369 4708 690 4778 ἀδελφιδοῦ
716 4725 834 4778 μου
866 4708 1065 4776 κρούει
1097 4706 1196 4759 ἐπὶ
1226 4704 1343 4773 τὴν
1373 4707 1580 4773 θύραν.

294 4802 455 4871 Ὁρᾷς
472 4801 589 4865 πῶς
604 4798 852 4871 ἀόριστός
870 4801 984 4852 ἐστι
1001 4800 1112 4862 τοῖς
1128 4797 1264 4868 πρὸς
1278 4796 1370 4850 τὸν
1381 4796 1512 4850 Θεὸν
1530 4795 1770 4852 ἀνιοῦσιν
1786 4797 1815 4849 ό

227 4893 459 4967 δρόμος·
488 4894 605 4958 πῶς
637 4894 697 4946 τὸ
726 4894 813 4947 ἀεὶ
843 4890 1410 4962 καταλαμϐανόμενον,
1428 4888 1571 4961 ἀρχὴ
1596 4888 1732 4959 πρὸς
1754 4885 1815 4941 τὸ

229 4986 626 5057 ὑπερκείμενον
642 4986 850 5055 γίνεται
866 5001 881 5050 ;
902 4985 1023 5037 Ὅτι
1040 4983 1147 5054 γὰρ
1164 4982 1352 5037 στάσιν
1366 4981 1487 5035 τινὰ
1503 4978 1598 5034 τοῦ
1612 4979 1813 5051 δρόμου

223 5079 333 5148 τῆς
357 5079 493 5149 πρὸς
517 5077 586 5131 τὰ
607 5078 786 5149 ὑψηλά
814 5077 1042 5148 πορείας
1068 5075 1159 5129 διὰ
1182 5073 1290 5129 τῶν
1311 5074 1447 5146 πρὸς
1470 5072 1639 5143 αὐτὴν
1668 5074 1815 5144 εἰρη-

231 5171 412 5243 μένων
448 5170 776 5241 ηλπίσαμεν.
822 5169 1015 5241 Τίγάρ
1043 5168 1108 5223 ἀν
1129 5184 1214 5230 τις
1243 5166 1380 5238 μετὰ
1417 5166 1514 5235 τὴν
1539 5163 1813 5234 τελειότη-

225 5279 321 5324 τος
357 5260 660 5332 μαρτυρίαν
699 5261 860 5316 πλέον
896 5260 1186 5331 Cernat-zu;
1241 5247 1373 5311 Τότε
1419 5255 1689 5327 βλέπομεν
1733 5253 1814 5307 ἔτι

225 5352 379 5406 ἔνδον
400 5347 567 5406 οὖσαν
592 5353 782 5424 αὐτὴν,
808 5353 903 5406 καὶ
934 5351 1087 5405 οὔπω
1108 5349 1216 5405 τῶν
1242 5347 1422 5420 θυρῶν
1455 5347 1625 5417 αὐτῆς
1659 5345 1815 5410 ἐκτὸς

216 5445 634 5516 γεγενημένην,
678 5444 801 5497 οὐδὲ
846 5446 945 5514 τῆς
993 5441 1136 5495 κατά
1187 5441 1475 5511 πρόσωπον
1518 5438 1818 5509 ἐμφανείας

224 5538 751 5607 κατατρυφήσασαν,
775 5535 889 5589 ἀλλ’
910 5534 989 5587 ἔτι
1009 5533 1097 5587 διὰ
1119 5531 1218 5601 τῆς
1240 5531 1407 5600 ἀκοῆς
1432 5529 1569 5600 πρὸς
1588 5529 1687 5597 τὴν
1707 5528 1815 5581 τῶν

224 5626 452 5696 ἀγαθῶν
489 5627 780 5697 μετουσίαν
800 5624 1198 5696 ὁδηγουμένην,
1252 5620 1423 5675 Τοῦτο
1461 5616 1556 5674 οὖν
1594 5619 1683 5672 διὰ
1705 5619 1813 5672 τῶν

284 5804 328 5835 ³⁸
364 5755 512 5858 i’sal.
552 5816 708 5867 xvm,
729 5799 780 5856 6.
893 5799 938 5831 "’
965 5799 1124 5853 Joan.
1162 5795 1354 5863 "1,29.

1469 5794 1514 5827 υ
1541 5791 1672 5850 Luc.
1704 5806 1807 5860 xu,
1840 5793 1890 5846 5.

1922 3440 2189 3497 aromata,
2226 3448 2348 3502 qua:
2371 3447 2530 3487 suum
2566 3432 2784 3487 hortum
2815 3448 3059 3489 mensam
3098 3434 3354 3503 apposuit
3395 3435 3504 3490 Do-

1921 3524 2072 3578 mino
2111 3531 2397 3584 creaturaz,
2428 3522 2587 3592 cujus
2638 3537 2704 3577 ex
2733 3523 2802 3577 iis
2843 3538 2965 3592 qua:
2996 3523 3221 3578 fuerunt
3252 3525 3501 3594 apposita

1919 3612 2057 3666 nihil
2088 3611 2266 3667 visum
2297 3618 2381 3666 est
2404 3611 2784 3681 rejiciendum,
2809 3612 2905 3667 sed
2927 3612 3071 3682 quod
3096 3614 3278 3667 omnia
3312 3624 3501 3670 essent

1920 3704 2150 3771 pulchra
2186 3717 2252 3757 ac
2287 3704 2452 3764 bona,
2483 3702 2672 3757 datum
2706 3712 2792 3758 est
2823 3704 2874 3758 ei
2925 3705 3303 3759 testimonium
3353 3721 3502 3777 myr-

1919 3793 2042 3858 rha,
2075 3808 2283 3856 aroma,
2336 3793 2497 3862 panis
2541 3808 2666 3847 cum
2703 3793 2882 3857 melle,
2935 3794 3119 3848 vinum
3153 3810 3278 3849 cum
3334 3795 3498 3860 lacte,

1920 3885 2009 3939 cui
2065 3882 2441 3939 testimonium
2488 3882 2637 3938 dedit
2696 3884 2877 3953 ipsum
2930 3882 3210 3948 Verbutn,
3265 3884 3497 3942 dicens:

1922 3973 2057 4028 Tota
2086 3973 2310 4042 pulchra
2336 3990 2413 4036 cs,
2440 3983 2489 4028 et
2515 3974 2726 4028 macula
2758 3991 2859 4029 non
2895 3985 2973 4029 est
2998 3977 3052 4030 in
3086 3985 3133 4029 te
3160 3993 3178 4031 :
3213 3977 3329 4047 ipsa
3354 3993 3501 4033 nunc

1919 4066 1994 4119 ita
2025 4073 2109 4121 est
2135 4065 2350 4129 affecta,
2383 4073 2443 4120 ut
2479 4082 2601 4135 qua:
2630 4068 2809 4137 primo
2848 4075 2997 4123 esset
3048 4079 3371 4137 susceptura
3405 4070 3495 4123 Dei

1918 4161 2339 4231 apparitioncm,
2383 4169 2437 4216 et
2471 4161 2631 4231 quasi
2672 4160 2918 4216 nondum
2958 4161 3271 4217 admisisset
3313 4169 3367 4216 et
3414 4162 3501 4218 in-

1919 4250 2259 4308 troduxisset
2288 4251 2526 4307 Verbum
2557 4253 2703 4322 quod
2770 4260 2880 4308 stat
2912 4267 3011 4322 pro
3045 4252 3276 4319 foribus,
3320 4253 3498 4308 admi-

1917 4352 2073 4398 ratur
2110 4345 2220 4398 vim
2252 4344 2444 4399 vocis:
2488 4355 2774 4414 propterea
2818 4344 2953 4399 dicit
2996 4344 3141 4416 quod
3171 4359 3276 4399 vox
3309 4348 3496 4415 sponsi

1916 4448 2028 4487 non
2057 4432 2256 4503 ipsam,
2292 4433 2388 4489 sed
2426 4434 2630 4489 ostium
2672 4435 2851 4503 ipsum
2892 4441 3102 4504 tangat.
3134 4432 3278 4488 Dicit
3312 4435 3493 4492 cn‘lm:

1928 4524 2040 4579 Vox
2075 4524 2334 4594 patruelis
2374 4527 2475 4580 mei
2495 4530 2674 4595 pulsat
2700 4525 2768 4578 ad
2807 4526 3023 4582 ostium.

1988 4616 2156 4674 Vides
2206 4619 2669 4688 quemadmodum
2699 4627 2785 4675 est
2827 4634 2937 4674 non
2977 4618 3238 4676 deﬁnitus
3277 4633 3341 4675 ac
3392 4628 3499 4675 ter-

1920 4709 2161 4766 minatus
2211 4724 2410 4766 cursus
2487 4710 2556 4766 iis
2627 4711 2718 4780 qui
2780 4712 3087 4767 ascendunt
3154 4712 3220 4767 ad
3282 4712 3496 4767 Deum:

1918 4809 1974 4855 et
2003 4800 2467 4871 quemadmodum
2494 4802 2546 4856 id
2569 4801 2716 4871 quod
2743 4817 2960 4873 semper
2981 4803 3496 4874 comprehenditur,

1918 4900 2005 4947 est
2036 4892 2372 4963 principium
2395 4893 2741 4962 superioris?
2773 4892 2962 4965 Neque
2991 4896 3135 4950 enim
3164 4910 3262 4966 per
3285 4910 3347 4949 ea
3377 4909 3499 4963 quae

1920 4983 2026 5039 sibi
2058 4982 2205 5038 dicta
2234 4993 2365 5038 sunt
2391 4987 2734 5055 speravimus
2769 4985 2888 5041 fore
2910 4997 2968 5040 ut
2990 4986 3295 5057 ingressum
3331 4984 3496 5039 siste-

1920 5081 2005 5129 ret
2020 5075 2089 5128 ad
2110 5075 2349 5131 excelsa.
2370 5074 2512 5142 Quid
2533 5077 2680 5132 enim
2708 5078 2947 5147 amplius
2973 5086 3179 5147 quaeret
3197 5074 3493 5145 quispiam,

1921 5172 2045 5237 post
2076 5167 2451 5222 testimonium
2492 5167 2560 5221 de
2587 5167 2946 5238 perfectione,
2973 5168 3167 5222 videns
3191 5181 3310 5221 eam
3347 5165 3495 5219 intus

1920 5265 2257 5323 manentem,
2279 5266 2333 5314 et
2362 5270 2517 5315 extra
2547 5258 2692 5316 fores
2719 5258 2960 5315 nondum
2989 5271 3289 5329 egressam,
3317 5271 3497 5325 neque

1922 5349 2150 5405 visionis
2174 5348 2320 5407 facie
2351 5350 2422 5406 ad
2453 5350 2649 5407 faciem
2676 5352 2891 5421 cepisse
2924 5350 3367 5410 delectationem,
3399 5348 3495 5402 sed

1924 5439 2102 5494 adhuc
2127 5438 2255 5495 duci
2294 5456 2391 5510 per
2429 5442 2766 5497 auditionem
2789 5440 2857 5496 ad
2895 5442 3163 5495 bonorum
3200 5438 3499 5510 participa-

1924 5529 2173 5597 tionem?
2220 5529 2337 5587 Hoc
2386 5531 2555 5602 igitur
2597 5531 2795 5601 dogma
2845 5529 3110 5586 discimus
3139 5544 3237 5600 per
3277 5542 3340 5584 ea
3373 5542 3496 5597 qum

1923 5617 2069 5675 dicta
2118 5630 2267 5686 sunt,
2313 5621 2460 5693 quod
2522 5621 2592 5678 iis
2641 5621 2733 5692 qui
2785 5620 2852 5676 ad
2919 5620 3128 5691 majora
3181 5619 3494 5691 proﬁciunt,
