3866 6362
435 400 539 454 999

1674 389 1732 445 S.
1776 379 2103 444 CiiEGORll
2140 378 2432 435 NYSSENI

3586 376 3710 429 1000

435 524 655 581 semper
681 512 939 566 convenit
967 524 1070 563 vox
1100 507 1376 579 Apostoli,
1412 482 1606 563 dicens
1636 524 1647 560 :
1681 504 1742 559 Si
1775 504 1890 572 quis
1921 500 2017 555 sibi

2125 498 2429 568 εἰρημένων
2462 497 2521 552 τὸ
2562 494 2737 566 δόγμα
2769 495 3139 566 μανθάνομεν,
3191 494 3277 548 ὅτι
3330 491 3564 547 πάντοτε
3603 494 3716 557 cci;

436 600 644 658 vitietur
670 602 875 672 aliquid
909 604 1067 668 scire,
1095 600 1328 656 nondum
1366 600 1464 655 scit
1493 596 1754 670 quomodo
1779 602 2015 663 oporteat

436 710 552 748 eum
583 710 719 749 seire
742 694 806 746 9‘.
837 692 895 748 In
921 695 1001 749 eis
1025 694 1171 749 enim
1202 709 1325 764 qua:
1359 696 1777 763 praecesserant,
1806 697 2015 741 tantum

438 801 495 841 se
545 787 801 857 Cognovit
857 787 1040 840 anima
1097 795 1360 856 quantum
1420 779 1855 852 comprehendit.
1911 776 2018 832 Sed

436 877 694 944 quoniam
734 876 879 945 quod
916 877 1158 931 nondum
1195 882 1281 931 est
1318 874 1795 944 comprehensum,
1824 877 1908 925 est
1936 869 2019 922 in-

437 965 606 1019 ﬁnitis
641 968 892 1036 partibus
927 967 1105 1035 majus
1138 982 1304 1036 quam
1350 965 1497 1035 quod
1536 948 1622 1019 est
1662 960 2019 1031 comprehen-

437 1073 579 1124 sum,
616 1067 906 1128 propterea
937 1059 1135 1114 animae
1162 1061 1363 1130 saepius
1389 1058 1645 1129 apparuit
1674 1069 1932 1126 sponsus.
1966 1063 2020 1108 et

434 1159 693 1218 tanquam
750 1149 992 1203 nondum
1033 1158 1366 1220 conspectus
1421 1148 1618 1204 fuisset
1656 1147 1777 1217 ejus
1815 1145 2014 1207 oculis,

440 1257 575 1296 voce
621 1258 841 1313 sponsae
875 1252 960 1297 est
994 1244 1277 1313 pollicitus
1309 1257 1368 1297 se
1393 1242 1462 1296 ab
1501 1256 1565 1296 ea
1598 1237 1919 1295 videndum.
1952 1233 2019 1290 Ut

436 1341 618 1387 autem
661 1335 732 1388 sit
770 1335 929 1388 nobis
964 1349 1163 1390 sensus
1219 1332 1532 1393 dilucidior,
1582 1329 1818 1399 exempli
1855 1341 2018 1383 causa

436 1424 631 1477 addam
664 1434 961 1493 quamdam
993 1423 1436 1479 similitudinem.
1467 1421 1752 1487 Quomodo
1795 1418 1941 1475 enim
1972 1417 2018 1472 si

436 1515 562 1583 quis
588 1514 753 1568 fuerit
784 1530 954 1587 prope
986 1516 1185 1569 fontem
1217 1514 1575 1584 illum,quem
1611 1528 1675 1567 ex
1713 1520 1859 1566 terra
1888 1510 2021 1564 dicit

438 1605 508 1659 ab
540 1605 698 1658 initio
726 1604 1026 1660 ascmtdere
1049 1604 1334 1675 Scriptura
1351 1605 1419 1670 ³ο,
1445 1604 1537 1674 qui
1568 1612 1755 1659 tantus
1770 1613 1854 1658 est
1880 1602 2021 1656 ntul-

438 1693 670 1747 titudine
707 1700 765 1746 ut
816 1693 1127 1748 universam
1192 1702 1392 1748 terram
1448 1694 1771 1760 circumeat,
1829 1690 2019 1745 videns

437 1799 633 1853 aquam
667 1784 811 1838 illam
852 1784 1143 1850 inﬁnitam,
1177 1800 1300 1854 qua:
1329 1800 1392 1840 ex
1421 1799 1488 1839 eo
1511 1784 1739 1839 omnino
1776 1781 1944 1838 ellluit
1967 1789 2020 1835 et

436 1875 759 1943 cﬂ'unditur,
815 1890 927 1931 non
986 1875 1190 1932 dixerit
1230 1893 1291 1933 se
1335 1885 1507 1932 totam
1547 1875 1751 1930 vidisse
1797 1888 2016 1944 aquam.

436 1964 909 2031 Quemadmodum
948 1966 1095 2021 enim
1125 1966 1325 2022 viderit
1363 1967 1509 2038 quod
1539 1974 1620 2021 est
1656 1965 1932 2020 occultum
1965 1963 2018 2017 in

435 2058 562 2112 sinu
597 2065 756 2112 terrae
780 2058 804 2112 ?
827 2056 965 2112 adeo
997 2066 1057 2112 ut
1091 2058 1309 2113 etiamsi
1340 2057 1434 2113 diu
1469 2066 1687 2112 maneat
1718 2056 1784 2111 ad
1821 2070 2017 2125 aquam

435 2148 831 2213 salientem,est
850 2164 1068 2219 semper
1087 2149 1141 2203 in
1165 2149 1323 2203 initio
1342 2166 1498 2220 aqua:
1520 2147 2016 2219 contemplationis.

434 2239 554 2295 Non
583 2241 731 2295 enim
755 2247 941 2295 cessat
965 2255 1126 2311 aqua,
1149 2249 1204 2296 et
1230 2257 1448 2311 semper
1469 2241 1646 2296 [luens
1666 2250 1720 2295 et
1751 2240 2019 2308 incipiens

437 2332 733 2388 scaturire.
790 2330 883 2387 Sic
936 2340 993 2388 et
1050 2333 1146 2404 qui
1199 2334 1269 2387 ad
1304 2334 1453 2387 illam
1512 2333 1754 2387 divinam
1799 2340 1854 2388 et
1910 2346 2019 2386 non

435 2422 828 2492 aspectabilem
863 2423 1063 2492 aspicit
1111 2423 1605 2493 pulchritudinem,
1642 2423 1863 2494 quando
1892 2424 2018 2494 qui-

437 2513 562 2569 dem
594 2513 741 2583 qttod
775 2529 992 2583 semper
1022 2516 1319 2579 invenitur,
1358 2516 1635 2570 recentius
1674 2524 1725 2569 et
1777 2515 2019 2569 admira-

438 2606 604 2661 bilius
651 2606 877 2660 omnino
909 2607 1197 2674 cernitur,
1255 2622 1420 2677 quam
1472 2608 1526 2663 id
1573 2609 1719 2679 quod
1776 2616 1861 2663 est
1902 2607 2017 2674 jam

435 2699 912 2766 comprehensum,
971 2698 1206 2752 miratur
1239 2698 1465 2770 quidem
1508 2700 1560 2754 id
1611 2699 1757 2770 quod
1803 2714 2020 2769 semper

434 2797 684 2860 apparet,
709 2791 950 2844 nondum
978 2798 1162 2844 autem
1184 2790 1404 2846 desistit
1428 2806 1457 2845 a
1481 2791 1758 2846 desiderio
1778 2790 2016 2855 videndi,

435 2888 727 2949 propterea
760 2881 908 2950 quod
948 2882 1195 2950 quolibet
1226 2882 1373 2952 quod
1406 2882 1651 2936 cernitur
1688 2882 1740 2934 iit
1780 2881 2019 2937 divinius

436 2975 489 3019 et
541 2967 985 3035 magniﬁcentius
1034 2968 1086 3022 id
1135 2970 1279 3039 quod
1310 2979 1683 3040 exspectatur.
1720 2971 2019 3040 Propterea

437 3073 573 3127 ergo
593 3058 680 3111 hic
702 3073 921 3129 quoque
946 3075 1148 3129 sponsa
1170 3077 1384 3132 semper
1402 3062 1684 3117 admirans
1710 3072 1766 3118 et
1789 3072 2019 3133 stupens

437 3147 489 3200 id
536 3147 681 3216 quod
742 3150 1151 3219 cognoscitur,‘
1180 3166 1464 3221 nunquam
1506 3153 1561 3206 in
1612 3153 1683 3207 iis
1725 3169 1845 3224 qua:
1888 3162 2017 3210 sunt

438 3235 656 3304 cognita
696 3235 843 3290 sistit
872 3237 1211 3292 desiderium
1259 3239 1380 3308 ejus
1405 3240 1551 3309 quod
1604 3242 1753 3295 venit
1802 3242 1858 3296 in
1888 3258 2021 3298 con-

438 3326 872 3394 templationem.
909 3327 1278 3393 Quamobrem
1312 3346 1457 3384 nunc
1487 3346 1709 3401 quoque
1758 3342 2016 3402 tauquam

437 3414 507 3468 ad
539 3415 744 3470 ostium
799 3417 1031 3486 pulsans
1079 3419 1248 3473 sentit
1280 3418 1541 3484 Verbum,
1573 3430 1627 3476 et
1673 3421 1742 3476 ad
1773 3423 2017 3478 auditum

437 3510 693 3578 surgitet
721 3508 891 3563 dicit:
935 3509 1047 3564 Vox
1066 3512 1325 3581 patruelis
1361 3514 1463 3567 mei
1496 3515 1677 3583 pulsat
1708 3514 1776 3568 ad
1801 3517 2017 3571 ostium.

438 3599 641 3655 Deinde
670 3615 794 3655 cum
850 3602 1124 3658 auditioni
1168 3604 1414 3661 dedisset
1465 3605 1705 3676 quietem
1757 3624 1820 3662 ac
1852 3609 2021 3662 silen-

434 3692 592 3757 tium,
627 3690 1043 3755 audit.Verbum
1072 3695 1153 3750 sic
1180 3711 1312 3750 voce
1340 3711 1611 3752 resonans
1639 3716 1653 3753 :
1685 3699 1846 3766 Aperi
1868 3700 2018 3763 mihi,

433 3799 585 3837 soror
615 3800 752 3851 mea,
802 3784 1051 3839 columba
1083 3802 1220 3851 mea,
1269 3787 1501 3857 perfecta
1557 3804 1718 3842 mea:
1771 3790 2017 3859 quoniam

434 3885 589 3942 caput
616 3891 784 3929 meum
814 3876 1025 3944 plenum
1058 3887 1137 3931 est
1167 3895 1307 3940 rore,
1346 3888 1394 3932 et
1427 3879 1665 3932 cincinni
1712 3881 1812 3932 mei
1854 3880 2019 3950 guttis

433 3968 623 4021 noctis.
680 3967 857 4034 Hujus
904 3978 1088 4022 autem
1139 3983 1364 4025 sensum
1414 3970 1496 4024 sic
1531 3970 2020 4040 comprehenderis

432 4059 883 4128 contemplando.
920 4058 1119 4129 Magno
1154 4059 1291 4114 Mosi
1326 4076 1423 4130 per
1474 4061 1654 4115 lucem
1704 4062 1872 4129 cmpit
1922 4060 2017 4116 Dei

434 4148 747 4217 apparitio;
777 4156 968 4217 postea
1009 4157 1191 4204 autem
1228 4165 1323 4219 per
1353 4150 1553 4204 nubem
1588 4130 1733 4205 Deus
1780 4167 1903 4205 cum
1953 4167 2020 4207 eo

433 4240 701 4310 loquitur.
733 4238 941 4295 Deinde
976 4256 1100 4295 cum
1132 4241 1243 4310 jam
1275 4242 1467 4297 fuisset
1498 4242 1792 4296 sublimior
1816 4252 1869 4298 et
1899 4259 2021 4313 per-

434 4325 650 4393 fectior,
702 4329 872 4384 Deum
927 4331 1075 4385 videt
1111 4331 1164 4384 in
1191 4333 1446 4401 caligine.
1493 4332 1653 4398 Quod
1696 4343 1878 4387 autem
1925 4350 2021 4404 per

433 4421 537 4476 hoc
565 4420 853 4487 discimus,
907 4432 991 4477 est
1048 4421 1361 4490 hujusmodi
1391 4440 1404 4476 :
1441 4421 1660 4477 Primus
1692 4439 1943 4479 recessus
1988 4439 2017 4477 a

2120 591 2214 644 ἐπὶ
2249 589 2319 642 τὰ
2370 589 2540 661 μείζω
2589 589 3006 660 προκόπτουσιν,
3038 586 3301 657 ἁρμόδιός
3346 586 3496 638 ἐστιν
3548 585 3587 655 ἡ
3620 582 3715 637 τοῦ

2135 680 2459 734 Ἀποστόλου
2483 679 2635 749 φωνὴ
2662 680 2693 750 ή
2718 676 2950 746 λέγουσα
2972 693 2987 707 ο
3021 676 3101 729 ὅτι
3130 676 3206 729 Εἴ
3225 693 3317 741 τις
3346 673 3514 728 δοκεῖ
3535 673 3713 741 ἐγνω-

2121 773 2308 835 κέναι,
2356 772 2520 825 οὔπω
2554 770 2708 841 ἔγνω
2737 769 2930 835 καθὼς
2961 768 3056 823 δεῖ
3100 765 3345 838 γνῶναι.
3394 766 3583 833 Ἔγνω
3615 763 3713 832 μὲν

2121 865 2230 937 γὰρ
2274 865 2438 918 αὐτὸν
2479 865 2536 917 ὲν
2575 865 2691 927 τοῖς
2724 861 2994 933 φθάσασιν
3033 862 3067 931 ἡ
3098 858 3247 930 ψυχὴ
3281 856 3538 910 τοσοῦτον
3592 855 3713 908 ὅσον

2121 957 2440 1013 κατέλαϐεν.
2474 956 2612 1010 Ἀλλ’
2634 957 2818 1026 ἐπειδὴ
2844 957 2910 1023 τδ
2926 956 2999 1026 μή
3008 970 3091 1008 πω
3105 952 3366 1021 κατειλημ
3378 949 3543 1021 μένον
3558 949 3707 1003 ἀπει-

2119 1050 2410 1128 ροπλάσιον
2450 1046 2546 1101 τοῦ
2621 1047 3057 1119 καταληφθέντος
3079 1043 3193 1099 ὲστί
3216 1061 3228 1072 ·
3257 1043 3347 1095 διὰ
3374 1041 3539 1094 τοῦτο
3555 1039 3713 1111 ὤφθη

2122 1143 2380 1207 πολλάκις
2435 1144 2501 1213 τῇ
2554 1141 2699 1212 ψυχῇ
2747 1142 2776 1194 ὁ
2816 1140 3081 1209 νυμφίος,
3128 1136 3223 1189 καὶ
3256 1134 3332 1197 ὡς
3385 1132 3617 1203 μηδέπω
3652 1133 3712 1182 ὲν

2120 1235 2420 1305 ὀφθαλμοῖς
2453 1233 2764 1303 γενόμενος,
2798 1229 3129 1303 ὀφθήσεσθαι
3156 1233 3223 1301 τῇ
3264 1228 3452 1299 νύμφῃ
3488 1226 3581 1280 διὰ
3611 1226 3714 1294 τῆς

2123 1328 2306 1398 φωνῆς
2336 1318 2750 1394 ἐπαγγέλλεται.
2811 1325 2896 1387 Ὠς
2933 1323 2977 1375 δ’
3016 1322 3080 1376 ἂν
3114 1321 3448 1390 σαφέστερον
3479 1319 3620 1387 ἡμῖν
3650 1317 3713 1370 τὸ

2121 1421 2299 1489 νόημα
2317 1419 2544 1487 γένοιτο,
2562 1417 2745 1470 εἰκόνα
2769 1415 2888 1468 τινὰ
2907 1415 2972 1469 δι’
2997 1414 3386 1484 ὑποδείγματσς
3411 1409 3715 1483 προσθήσω

2085 1506 2092 1514 ’
2122 1511 2199 1582 τῷ
2232 1511 2393 1579 λόγῳ.
2428 1510 2638 1580 Ὥσπερ
2668 1508 2775 1580 γὰρ
2804 1508 2963 1571 εἴτις
2990 1507 3215 1580 πλησίον
3254 1506 3469 1575 ἐκείνης
3497 1505 3713 1572 γένοιτο

2122 1603 2221 1672 τῆς
2252 1601 2456 1672 πηγῆς,
2487 1598 2554 1668 ἥν
2577 1600 2887 1654 ἀναϐαίνειν
2920 1593 3072 1654 εἶπεν
3108 1601 3174 1652 ὲκ
3201 1598 3301 1667 τῆς
3321 1598 3425 1667 γῆς
3448 1596 3576 1648 κατ’
3607 1597 3711 1665 ἁρ-

2122 1694 2222 1764 χὰς
2252 1694 2286 1763 ἡ
2324 1690 2536 1763 Γραφὴ,
2580 1690 2846 1763 τοσαύτην
2892 1686 3054 1745 οὖσαν
3100 1689 3162 1742 τὸ
3193 1687 3416 1759 πλῆθος,
3454 1687 3532 1749 ὠς
3565 1685 3711 1740 ἅπαν

2121 1788 2220 1857 τῆς
2252 1786 2354 1856 γῆς
2399 1783 2711 1849 ἐπικλύζειν
2743 1784 2808 1839 τὸ
2842 1783 3157 1853 πρόσωπον.
3207 1780 3492 1851 Θαυμάσει
3546 1777 3647 1848 μὲν
3679 1777 3712 1829 ὀ

2120 1881 2188 1949 τῇ
2225 1879 2377 1949 πηγῇ
2414 1876 2722 1946 πλησιάσας
2754 1880 2813 1927 τὸ
2836 1875 3060 1945 ἄπειρον
3094 1873 3237 1943 ὕδωρ
3271 1874 3466 1934 ἐκεῖνο,
3495 1870 3560 1924 ὀὺ
3580 1868 3714 1922 πάν-

2118 1988 2240 2025 τοτε
2265 1971 2434 2040 αὐτῆς
2456 1967 2761 2040 ἀνομϐροῢν
2789 1984 2847 2019 τε
2870 1967 2962 2021 καὶ
2993 1966 3355 2038 προχεόμενον
3377 1981 3390 1993 ·
3409 1963 3475 2017 οὗ
3500 1962 3612 2034 μὴν
3634 1961 3710 2016 εε-

2121 2081 2212 2116 ποι
2240 2063 2305 2115 ἂν
2331 2062 2451 2115 ὅλον
2487 2061 2788 2132 ἑωρακέναι
2816 2059 2876 2112 τὸ
2901 2058 3062 2130 ὕδωρ.
3122 2057 3246 2120 Πῶς
3288 2056 3394 2127 γὰρ
3426 2054 3494 2108 ἂν
3514 2055 3623 2107 ῐδοι
3650 2054 3713 2106 τὸ

2120 2159 2212 2211 ἐπὶ
2243 2160 2357 2220 τοῖς
2384 2157 2601 2217 κόλποις
2637 2154 2735 2224 τῆς
2764 2152 2869 2223 γῆς
2903 2152 3376 2223 ὲγκρυπτόμενονς
3408 2149 3583 2201 Ὥστε
3608 2146 3714 2201 κᾶν

2119 2250 2348 2304 ἐπιπολὺ
2384 2248 2700 2321 παραμείνῃ
2734 2245 2812 2316 τῷ
2858 2244 3071 2317 βρύοντι
3094 2283 3109 2308 ,
3137 2244 3222 2296 de!
3272 2245 3330 2295 ἐν
3354 2242 3556 2313 ἀρχαῖς
3596 2242 3714 2292 ἐστι

2123 2343 2219 2413 τῆς
2252 2341 2484 2413 θεωρίας
2525 2340 2619 2394 τοῦ
2669 2339 2876 2403 ὓδατος.
2925 2338 2999 2391 Οὐ
3051 2336 3159 2406 γὰρ
3206 2334 3438 2389 παύεται
3465 2335 3528 2388 τὸ
3563 2334 3715 2403 ὕδωρ

2120 2434 2205 2489 ἀεί
2233 2451 2293 2487 τε
2328 2433 2476 2505 ῥέον,
2514 2433 2607 2486 καὶ
2639 2431 2727 2484 ἀεὶ
2758 2429 2850 2484 τοῦ
2901 2428 3083 2500 βρύειν
3112 2427 3432 2499 ἀρχόμενον.
3459 2423 3660 2488 οὕτως
3684 2424 3715 2476 ὸ

2123 2526 2258 2596 πρὸς
2295 2525 2356 2579 τὸ
2401 2524 2542 2577 θεῖον
2579 2525 2755 2576 ἐκεῖνο
2789 2523 2884 2575 καὶ
2931 2520 3187 2591 ἀόριστον
3231 2517 3425 2580 κάλλος
3464 2515 3711 2586 βλέπων,

2124 2616 2311 2687 ἐπειδὴ
2347 2616 2411 2669 τὸ
2445 2614 2676 2668 πάντοτε
2715 2613 3121 2685 εὑρισκόμενον,
3161 2608 3471 2681 καινότερόν
3512 2624 3582 2660 τε
3619 2606 3715 2661 καὶ

2123 2709 2550 2780 παραδοξότερον
2578 2707 2792 2769 πάντως
2824 2704 2973 2776 παρὰ
2999 2703 3072 2772 τῷ
3100 2702 3229 2755 εἴδει
3269 2699 3713 2770 κατειλημμένον

2119 2805 2337 2875 ὁρᾶται,
2373 2801 2643 2870 θαυμάζει
2689 2799 2784 2869 μὲν
2831 2798 2891 2850 τὸ
2934 2796 3019 2850 ἀεὶ
3063 2794 3517 2866 προφαινόμενον,
3555 2791 3714 2844 οὐδέ-

2121 2912 2253 2949 ποτε
2282 2894 2338 2946 δὲ
2369 2893 2581 2946 ἵσταται
2617 2891 2714 2960 τῆς
2741 2887 2835 2941 τοῦ
2870 2887 2994 2939 ίδεῖν
3027 2883 3334 2955 ἐπιθυμίας,
3362 2880 3451 2936 διὰ
3478 2881 3541 2934 τὸ
3567 2898 3712 2934 παν-

2118 2986 2211 3050 τὸς
2244 2984 2337 3038 τοῦ
2366 2981 2643 3054 ὁρωμένου
2673 2975 3244 3052 μεγαλοπρεπέστερόν
3278 2992 3336 3026 τε
3366 2974 3461 3027 καὶ
3492 2971 3712 3026 θειότε-

2125 3094 2215 3147 ρον
2238 3070 2454 3128 εἶναιτὸ
2474 3069 2940 3143 προσδοκώμενον.
2954 3065 3054 3120 Διὰ
3065 3065 3224 3119 τοῦτο
3242 3061 3333 3117 οὖν
3353 3063 3445 3116 καὶ
3461 3059 3709 3115 ἐνταῦθα

2045 3196 2088 3254 c
2121 3164 2374 3239 η’νύμφη
2422 3164 2510 3218 ἀεὶ¹
2551 3160 2909 3233 θαυμάζουσά
2951 3175 3010 3212 τε
3062 3156 3155 3211 καὶ
3187 3153 3607 3254 ἔκπλησσομένη
3646 3155 3712 3208 τὸ

2122 3258 2544 3329 γινωσκόμενον,
2589 3253 2846 3308 οὐδέποτε
2881 3251 2939 3305 ὲν
2976 3250 3086 3313 τοῖς
3125 3246 3480 3318 ἐγνωσμένοις
3511 3245 3709 3313 ἰστησι

2123 3350 2217 3404 τοῦ
2242 3348 2619 3420 θεωρουμένου
2652 3346 2743 3401 τὸν
2776 3342 2959 3398 πόθον.
3000 3335 3073 3395 Θὲἱ
3095 3341 3254 3412 χάριν
3280 3338 3372 3393 καὶ
3389 3336 3483 3391 νῦν
3514 3334 3601 3400 ὡς
3621 3336 3707 3389 ἐτι

2122 3439 2576 3513 θυροκροτοῦντος
2615 3436 2709 3491 τοῦ
2733 3434 2906 3504 Δόγου
2937 3431 3268 3493 αἰσθάνεται,
3308 3429 3401 3483 καὶ
3430 3427 3572 3498 πρὸς

2122 3530 2367 3603 ὑπακοὴν
2390 3528 2729 3583 διανίσταται
2751 3523 2843 3580 καί
2870 3539 3026 3593 φησι,
3044 3519 3215 3588 Φωνὴ
3241 3518 3346 3574 τοῦ
3369 3517 3711 3586 ἀδελφιδοῦ

2115 3642 2235 3694 μου
2256 3622 2456 3691 κρούει
2478 3618 2575 3673 ἐπὶ
2598 3616 2715 3687 τὴν
2735 3618 2940 3685 θύραν.
2968 3613 3099 3671 Εἶτα
3119 3614 3346 3687 ἡσυχίαν
3369 3612 3483 3673 ταῖς
3501 3609 3710 3673 ἀκοαῖς

2120 3712 2366 3777 ὲνδοῦσα,
2415 3707 2602 3763 ἀκούει
2632 3706 2726 3760 τοῦ
2754 3706 2842 3760 διὰ
2889 3706 2990 3776 τῆς
3032 3705 3214 3776 φωνῆς
3251 3701 3710 3774 προσηχήσαντος

2118 3805 2143 3856 .-‘
2162 3799 2283 3855 ὁλου
2297 3819 2310 3833 ·
2337 3802 2366 3854 ὁ
2387 3799 2442 3853 δὲ
2465 3798 2623 3866 λόγος
2649 3796 2887 3860 τοιοῦτός
2906 3797 3051 3850 ἐστιν
3067 3812 3079 3826 ⁸
3103 3793 3371 3859 Ἀνοιξόν
3383 3808 3500 3862 μοι,
3519 3790 3710 3844 ἀδελ-

2122 3890 2207 3961 φή
2232 3908 2376 3960 μου,
2410 3892 2449 3959 ἠ
2489 3889 2760 3957 πλησίον
2793 3905 2934 3958 μου,
2988 3886 3303 3956 περιστερὰ
3331 3902 3462 3955 μου,
3490 3885 3709 3937 τελεία

2115 4000 2268 4053 μου⁸
2312 3986 2399 4040 ὅτι
2439 3980 2478 4049 ἠ
2523 3978 2756 4049 κεφαλή
2784 3994 2904 4047 μου
2937 3978 3207 4043 ἐπλήσθη
3230 3976 3468 4044 δρόσου,
3505 3976 3610 4028 καὶ
3649 3978 3709 4029 cl

2114 4074 2450 4144 ,βόστρυχοί
2489 4089 2608 4141 μου
2645 4068 2928 4141 ψεκάδων
2974 4070 3210 4133 νυκτός.
3263 4067 3457 4121 Τούτου
3499 4065 3556 4119 δὲ
3597 4068 3709 4137 τὴν

2120 4167 2353 4222 διάνοιαν
2392 4164 2562 4224 οὕτως
2594 4161 2660 4215 ἄν
2684 4179 2768 4225 τις
2791 4158 3084 4214 καταλάϐοι
3112 4160 3181 4229 τῇ
3203 4158 3418 4230 θεωρίᾳ.
3458 4156 3547 4228 Τῷ
3597 4176 3706 4229 με-

2121 4258 2270 4328 γαλῳ
2289 4257 2515 4311 Μωῦσεί
2535 4252 2622 4306 διὰ
2647 4251 2822 4320 φωτὸς
2844 4251 3045 4322 ἤρξατο
3065 4253 3098 4322 ἡ
3123 4249 3217 4303 τοῦ
3239 4248 3370 4303 Θεοῦ
3394 4250 3699 4318 ὲμφάνεια·

2124 4348 2261 4419 μετὰ
2289 4346 2461 4400 ταῦτα
2481 4342 2569 4395 διὰ
2595 4341 2824 4410 νεφέλης
2854 4339 3002 4410 αὐτῷ
3026 4339 3347 4407 διαλέγεται.
3403 4332 3534 4390 Εἶτα
3551 4338 3707 4409 ὕψη-

2122 4440 2338 4510 λότερος
2365 4437 2467 4507 ἤδη
2498 4435 2593 4489 καὶ
2617 4433 2947 4505 τελειότερος
2983 4431 3288 4501 γενόμενος,
3315 4432 3371 4482 ὲν
3404 4429 3583 4498 γνόφῳ
3606 4430 3705 4484 τὸν

434 4512 592 4570 falsis
637 4521 692 4567 et
728 4516 1047 4569 errantibus
1076 4515 1144 4568 de
1197 4513 1305 4567 Deo
1364 4514 1874 4571 existimationibus
1935 4527 2017 4570 εει

2123 4531 2254 4585 Θεὸν
2284 4530 2489 4601 βλέπει.
2548 4524 2611 4581 ’Ὀ
2653 4527 2710 4580 δὲ
2754 4524 2841 4579 διὰ
2876 4522 3064 4578 τούτου
3098 4522 3434 4593 μανθάνομεν
3452 4519 3704 4574 τοιοῦτόν

435 4608 700 4661 transitus
728 4607 795 4661 ad
831 4607 1005 4662 lucem
1035 4622 1068 4660 a
1110 4607 1374 4660 tenebris.
1407 4605 1779 4678 Propiuquior
1828 4616 2011 4661 autem

433 4697 777 4750 occultorum
832 4698 1227 4762 consideratio,
1282 4714 1375 4768 per
1418 4713 1483 4753 ea
1538 4714 1661 4769 qua:
1713 4710 2015 4753 cernuntur

434 4788 714 4842 deducens
744 4789 983 4842 animam
1014 4791 1081 4844 ad
1115 4798 1366 4843 naturam
1402 4807 1525 4861 quae
1571 4808 1683 4846 non
1724 4793 1874 4846 cadit
1909 4794 2014 4848 sub

434 4887 742 4949 aspectum,
792 4886 875 4934 est
925 4882 1092 4936 veluti
1145 4885 1391 4952 quadam
1442 4885 1618 4940 nubes
1679 4886 2014 4941 adumbrans

433 4971 695 5041 quidquid
730 4971 977 5026 cernitur
1003 5013 1018 5038 ,
1049 4973 1116 5027 ad
1151 4975 1205 5028 id
1239 4984 1422 5028 autem
1454 4976 1832 5045 aspiciendum
1866 4977 2010 5045 quod

432 5073 514 5115 est
543 5063 902 5127 absconsum,
932 5065 1170 5118 animam
1212 5066 1490 5122 deducens
1520 5076 1574 5121 et
1606 5068 2010 5125 assuefaciens.

435 5152 626 5206 Anima
656 5161 835 5207 autem
886 5168 1008 5223 quae
1040 5169 1138 5224 per
1175 5155 1291 5209 lucc
1323 5157 1574 5224 procedit
1631 5156 1697 5211 ad
1728 5174 1963 5229 superna
1995 5197 2012 5224 ,

435 5243 676 5311 qualibet
728 5259 788 5299 re
818 5245 1010 5299 relicta
1057 5260 1224 5315 quam
1262 5247 1499 5301 humana
1553 5256 1738 5318 potest
1766 5255 2014 5320 assequi

436 5342 653 5396 natura,
680 5345 933 5391 versatur
983 5337 1040 5390 in
1077 5337 1260 5407 adytis
1289 5337 1383 5394 Dei
1433 5340 1786 5410 cognitionis,
1829 5343 2014 5397 divina

439 5428 665 5497 caligine
690 5430 931 5498 undique
965 5431 1265 5500 intercepta
1295 5449 1308 5484 :
1345 5431 1401 5485 ίη
1435 5447 1543 5501 ‘lua
1580 5432 1824 5499 ""0"th
1865 5432 2013 5502 quoa

439 5519 682 5572 cernitur
731 5527 787 5574 et
840 5520 1325 5588 comprehenditur
1370 5522 1503 5577 foris
1554 5523 1769 5589 relicto,
1818 5524 2015 5577 animae

444 5622 459 5657 (
509 5612 889 5679 ntemplationi
919 5614 1098 5668 solum
1131 5623 1304 5668 restat
1338 5614 1390 5669 id
1417 5615 1562 5685 quod
1595 5629 1705 5669 non
1733 5614 2015 5685 inspecta-

556 5786 638 5845 ”l
670 5788 796 5846 Cor.
833 5790 1028 5855 νιιινὲ.
1108 5792 1151 5823 ³ο
1210 5790 1343 5846 Cen.
1385 5810 1444 5863 ιι,
1490 5796 1565 5850 10.

2117 4626 2264 4678 ἐστιν
2289 4638 2302 4653 ·
2336 4622 2403 4675 Ἠ
2431 4619 2621 4692 πρώτη
2656 4615 2765 4671 ἀπὸ
2785 4615 2892 4669 τῶν
2918 4614 3129 4685 ψευδῶν
3148 4613 3243 4667 καὶ
3267 4610 3701 4681 πεπλανημένων

2116 4715 2245 4786 περὶ
2265 4712 2399 4767 Θεοῦ
2421 4710 2742 4782 ὑπολήψεων
2769 4705 3133 4778 ἀναχώρησις,
3161 4706 3194 4776 ὴ
3216 4702 3322 4756 ἀπὸ
3348 4701 3439 4755 τοῦ
3467 4701 3701 4765 σκότους

2116 4806 2196 4867 εἰς
2236 4802 2350 4872 φῶς
2396 4802 2513 4855 ἐστι
2562 4798 2911 4870 μετάστασις.
2958 4796 3020 4847 Ἦ
3048 4793 3108 4847 δὲ
3147 4789 3544 4863 προσεχεστέρα
3582 4788 3701 4842 τῶν

2117 4891 2376 4963 κρυπτῶν
2392 4887 2787 4958 κατανόησις,ἡ
2815 4884 2903 4938 διὰ
2933 4883 3041 4937 τῶν
3070 4881 3404 4952 φαινομένων
3428 4895 3698 4950 χειραγω-

2116 4986 2289 5055 γοῦσα
2316 4984 2414 5054 τὴν
2457 4980 2632 5053 ψυχὴν
2673 4978 2811 5049 πρὸς
2852 4977 2952 5048 τὴν
3004 4975 3233 5046 ἀόρατον
3266 4971 3445 5042 φύσιν,
3467 4964 3578 5023 οἷόν
3612 4987 3699 5032 τις

2109 5076 2303 5147 νεφέλη
2352 5076 2594 5144 γίνεται,
2638 5071 2699 5124 τὸ
2740 5068 3061 5137 φαινόμενον
3104 5065 3201 5135 μὲν
3247 5064 3391 5117 ἆπαν
3438 5060 3688 5113 ἐπισκιά-

2111 5166 2277 5232 ζουσα
2295 5184 2308 5197 ·
2351 5165 2489 5238 πρὸς
2514 5164 2571 5217 δὲ
2607 5162 2667 5214 τὸ
2696 5159 2927 5230 κρύφιον
2982 5157 3198 5228 βλέπειν
3221 5155 3318 5227 τὴν
3352 5152 3527 5223 ψυχὴν
3548 5168 3701 5224 χειρς

2111 5255 2403 5325 αγωγοῦσα
2424 5254 2517 5307 καὶ
2546 5251 2922 5313 συνεθίζουσα.
2939 5247 2999 5301 'H
3025 5248 3082 5300 δὲ
3103 5246 3191 5300 διὰ
3220 5245 3420 5298 τούτων
3439 5242 3700 5295 όδεύουσα

2054 5328 2075 5335 “
2121 5344 2257 5414 πρὸς
2285 5343 2354 5397 τὰ
2382 5344 2495 5397 ἄνω
2524 5341 2694 5412 ψυχὴ,
2724 5341 2848 5393 ὅσον
2881 5335 3101 5406 ἐφικτόν
3140 5335 3255 5386 ἐστι
3283 5333 3347 5403 τῇ
3381 5329 3698 5401 ἀνθρωπίνῃ

2122 5435 2302 5503 φύσει,
2334 5434 2403 5486 τὰ
2437 5434 2586 5488 κάτω
2619 5428 3019 5493 καταλιποῦσα,
3048 5426 3199 5489 ἐντὸς
3225 5425 3332 5478 τῶν
3360 5422 3565 5477 ἀδύτων
3592 5420 3699 5491 τῆς

2121 5526 2448 5593 θεογνωσίας
2477 5525 2705 5593 γίνεται.
2736 5521 2813 5593 τῷ
2842 5520 2973 5591 θείῳ
3010 5519 3193 5588 γνόφῳ
3217 5513 3548 5584 πανταχόθεν
3576 5511 3699 5565 δια-

2120 5615 2385 5686 ληφθεῖσα
2410 5633 2423 5646 ⁸
2481 5617 2539 5667 ἐν
2576 5608 2620 5683 ᾧ
2646 5613 2739 5670 τοῦ
2771 5610 3096 5683 φαινομένου
3131 5626 3189 5662 τε
3234 5608 3324 5662 καὶ
3345 5601 3697 5675 καταλαμεα·
