3866 6360
78 408 212 471 10M

1144 402 1217 487 iN
1246 414 1540 476 CANTICA
1570 417 1843 478 CANTIC.
1885 416 2166 484 nonius
2206 418 2297 486 xi.

3224 430 3358 497 10ὒέ

76 533 317 603 νομένου
350 528 548 595 παντὸς
570 530 675 597 ἔξω
691 533 1179 601 καταλειφθέντος,
1208 537 1367 606 μόνον
1396 538 1670 592 ὑπολείπε-

1782 539 1889 597 bile
1906 552 1959 597 et
1983 545 2555 617 incomprehensibile,
2585 550 2641 603 in
2659 562 2768 619 quo
2788 559 2873 607 est
2895 550 3062 613 Deus,
3084 557 3362 622 quomodo

80 636 175 673 ua
203 620 274 690 τῇ
304 617 512 690 θεωρίᾳ
537 619 635 689 τῆς
656 620 835 693 ψυχῆς
859 622 921 676 τὸ
946 623 1175 695 ἀόρατόν
1194 642 1253 678 τε
1275 628 1370 681 καὶ
1402 627 1677 701 ἀκατάλη-

81 730 243 776 πτον,
269 714 333 765 ἐν
363 705 407 780 ᾧ
438 712 587 766 ἐστιν
617 716 645 767 ὁ
677 714 831 779 Θεὸς,
863 714 1048 778 καθώς
1076 734 1208 787 φησι
1245 720 1373 790 περὶ
1402 719 1496 773 τοῦ
1525 738 1678 791 νομο-

83 806 244 858 θέτου
272 807 303 857 ὁ
334 803 492 873 λόγος
515 822 529 837 ο
585 807 666 859 ὅτι
709 804 973 875 Εἰσῆλθε
1017 808 1088 861 δὲ
1134 810 1394 879 Μωῦσῆς
1441 812 1528 878 είς
1574 812 1678 865 τὸν

85 900 326 967 γνόφων
354 894 427 954 οὖ
459 894 539 968 ἦν
567 902 600 953 ὀ
627 901 789 966 Θεός.
852 904 859 907 ’

155 988 384 1042 Τούτων
425 988 482 1043 δὲ
509 992 640 1062 ἡμῖν
671 991 814 1046 οὕτω
856 993 1263 1064 θεωρηθέντων,
1300 1000 1564 1055 σκεπτέον
1611 1000 1677 1054 ἂν

83 1076 169 1149 εἴη
219 1080 318 1133 καὶ
370 1078 478 1133 τῶν
538 1081 912 1153 προκειμένων
973 1087 1105 1156 ἡμῖν
1157 1087 1338 1158 ῥητῶν
1391 1089 1490 1161 τὴν
1541 1091 1677 1163 πρὸς

81 1168 153 1220 τὰ
209 1170 484 1240 εἰρημένα
529 1172 867 1240 συγγένειαν.
937 1171 1045 1230 Ἦν
1096 1178 1185 1229 ὅτε
1249 1178 1475 1248 μέλαινα
1521 1177 1599 1253 ἦν
1642 1184 1675 1253 η

83 1259 299 1329 νύμφη,
338 1263 452 1324 τοῖς
481 1261 806 1331 ἀφωτίστοις
844 1264 1108 1336 δόγμασιν
1137 1269 1495 1341 ἐσκοτισμένη
1515 1313 1530 1337 ,
1573 1288 1677 1326 πα-

83 1350 459 1427 ραϐλέψαντος
486 1352 658 1424 αὐτὴν
678 1354 771 1407 τοῦ
790 1354 963 1427 ἡλίου,
991 1357 1083 1411 τοῦ
1108 1358 1195 1412 διὰ
1216 1359 1327 1414 τῶν
1352 1363 1677 1434 πειρασμῶν

82 1444 181 1514 ’τὴν
232 1442 462 1514 ἀρῤιζον
500 1445 593 1498 ἐπὶ
641 1446 752 1500 τῶν
784 1448 1000 1519 πετρῶν
1042 1451 1250 1523 σπορὰν
1294 1454 1669 1523 ἐπικαίοντος·

82 1535 171 1587 ὅτε
223 1534 337 1587 τῶν
394 1538 451 1588 ἐν
510 1538 647 1609 αὐτῇ
708 1540 1113 1611 μαχησαμένων
1165 1543 1465 1614 ἠττηθεϊσα
1490 1585 1505 1609 ,
1583 1548 1675 1602 τὸν

83 1624 387 1695 ἀμπελῶνα
427 1625 520 1679 τὸν
569 1628 767 1698 ἑαυτῆς
823 1631 925 1683 οὐκ
983 1630 1246 1700 ἐφύλαξεν
1278 1649 1292 1663 ·
1352 1634 1433 1688 ὅτι
1478 1636 1674 1707 ἑαυτὴν

81 1717 401 1786 ἀγνοήσασα
434 1718 532 1781 τὰς
559 1717 665 1771 τῶν
709 1720 911 1790 ἐρίφων
937 1722 1138 1791 ἀγέλας
1172 1724 1294 1778 ἀντί
1324 1725 1433 1779 τῶν
1469 1729 1669 1797 προόἀ-

82 1818 187 1858 ’των
212 1806 534 1877 ἐποίμαινεν.
582 1808 722 1862 Ἀλλ’
748 1810 934 1883 ἐπειδὴ
961 1812 1059 1883 τῆς
1089 1813 1225 1885 πρὸς
1250 1814 1310 1868 τὸ
1337 1817 1505 1871 κακὸν
1535 1835 1674 1890 συμ-

1779 631 1913 687 dicit
1943 633 2229 708 Scriptura
2261 637 2330 695 de
2356 639 2669 710 legislatore
2696 660 2710 698 :
2749 642 3026 717 Ingressus
3052 655 3132 701 est
3186 645 3361 703 Moses

1779 724 1835 776 in
1861 724 2147 796 caliginem
2178 730 2271 784 ubi
2293 740 2413 785 'crat
2440 729 2580 787 Deus
2606 733 2671 789 “~.

1852 991 1948 1048 His
1966 992 2153 1050 autem
2179 996 2266 1052 sic
2296 1009 2327 1050 a
2354 997 2514 1054 nobis
2538 1000 2925 1065 consideratis,
2955 1003 3356 1060 consideranda

1774 1093 1863 1139 est
1895 1085 2059 1142 etiam
2096 1089 2417 1161 conjunctio
2434 1098 2489 1146 et
2511 1091 2747 1149 afﬁnitas
2767 1094 3058 1149 verborum
3084 1110 3205 1166 quae
3230 1103 3361 1153 sunt

1778 1176 1936 1232 nobis
1952 1181 2235 1250 proposita
2250 1195 2375 1237 cum
2390 1183 2457 1239 iis
2473 1197 2595 1255 qua:
2607 1183 2755 1240 dicta
2769 1187 3048 1241 sunt.Fuit
3064 1187 3360 1258 aliquando

1779 1280 1982 1336 sponsa
2008 1269 2185 1340 nigra,
2200 1267 2461 1330 ‘obscuris
2483 1273 2834 1347 dogmatibus
2860 1278 3215 1335 obtenehrata
3233 1294 3360 1335 cum

1777 1373 1896 1413 eam
1914 1361 1994 1415 sol
2012 1364 2437 1436 aspexisset,qui
2459 1369 2895 1437 pertentationcs
2914 1371 3358 1435 uritsemcntem,

1776 1465 1900 1520 qua:
1925 1466 2090 1522 supra
2127 1463 2335 1524 petram
2371 1458 2535 1514 nullis
2583 1459 2781 1514 nititur
2808 1461 3131 1519 radicibus:
3166 1464 3362 1521 deinde

1777 1545 1922 1613 quod
1944 1560 2070 1600 cum
2094 1558 2242 1603 esset
2268 1550 2338 1604 ab
2355 1550 2423 1607 iis
2451 1561 2731 1622 superata,
2756 1554 2849 1624 qui
2868 1569 2987 1609 eam
3014 1570 3363 1625 oppugnave-

1775 1645 1928 1701 runt,
1951 1637 2167 1692 vineam
2199 1655 2355 1695 suam
2393 1657 2502 1697 non
2537 1644 2902 1700 custodierit:
2932 1646 3076 1716 quod
3107 1658 3232 1702 eum
3254 1648 3361 1703 sei-

1777 1737 1931 1792 psam
1948 1724 2496 1799 ignorasset,paverit
2513 1747 2706 1804 greges
2723 1733 3006 1789 hmdorum
3024 1751 3125 1805 pro
3141 1736 3360 1794 ovibus.

1778 1811 1885 1867 Sed
1917 1823 2209 1886 postquam
2240 1834 2270 1872 a
2301 1821 2696 1891 conjunctione
2727 1840 2852 1880 cum
2904 1827 3050 1881 malo
3096 1842 3156 1883 se
3204 1833 3364 1886 avul-

84 1898 247 1966 ᾳυῖας
277 1900 478 1972 ἑαυτὴν
511 1903 890 1974 ἀποστήσασα,
924 1905 1011 1960 διά
1045 1907 1138 1960 τοῦ
1171 1909 1435 1979 μυστικοῦ
1461 1912 1670 1966 ἐκείνου

1779 1904 1965 1968 sisset,
1998 1885 2179 1977 etper
2221 1885 2511 1981 mysticum
2548 1914 2682 1969 illud
2731 1916 2980 1970 osculum
3031 1918 3165 1972 fonti
3224 1920 3361 1974 lucis

84 1991 393 2063 φιλήματος
414 1997 479 2064 τῇ
506 1997 657 2067 πηγῇ
686 1995 781 2049 τοῦ
808 1997 984 2066 φωτὸς
1012 2003 1379 2070 προσαγαγεῖν
1405 2003 1466 2056 τδ
1499 2004 1671 2073 στόμα
1722 2040 1729 2045 ~

32 2084 33 2119 έ
84 2082 339 2154 ἐπόθησε,
374 2085 501 2139 τότε
530 2086 668 2156 καλὴ
710 2086 949 2155 γίνεται,
1001 2089 1078 2158 τῷ
1111 2091 1249 2159 φωτὶ
1282 2093 1381 2162 τῆς
1413 2093 1674 2166 ἀληθείας

32 2192 34 2223 ς
85 2175 548 2245 περιλαμφθεῐσα,
583 2178 675 2231 καὶ
703 2178 763 2231 τὸ
795 2180 963 2249 μέλαν
990 2181 1088 2251 τῆς
1113 2183 1335 2250 ἀγνοίας
1356 2184 1670 2239 ἀποκλυσα-

32 2288 33 2315 :
89 2266 217 2337 μένη
243 2267 321 2337 τῷ
345 2267 521 2323 ὕδατι.
550 2265 683 2324 Εἶτα
712 2268 863 2342 ἵππῳ
887 2274 1165 2343 ὁμοιοῦται
1189 2274 1277 2329 διὰ
1303 2276 1363 2330 τὸ
1388 2277 1668 2348 εὔδρομον,

32 2406 33 2409 η
85 2358 176 2409 καὶ
205 2360 270 2428 τῇ
306 2361 609 2431 περιστερᾷ
641 2360 727 2414 διὰ
757 2363 818 2415 τὸ
863 2364 1025 2433 τάχος
1061 2366 1158 2436 τῆς
1187 2366 1444 2433 διανοίας.
1491 2372 1569 2424 Δι’
1596 2364 1671 2424 ὧν

32 2472 35 2501 τ
88 2449 188 2498 πᾶν
209 2450 269 2500 τι
291 2449 849 2522 καταλαμῦανόμενόν
870 2470 927 2505 τε
951 2454 1042 2507 καὶ
1067 2458 1389 2527 φαινόμενον
1415 2458 1490 2523 ὡς
1507 2460 1672 2525 ἵππος

32 2564 35 2595 ς
87 2537 474 2609 διαδραμοῦσα,
508 2544 602 2595 καὶ
647 2543 723 2607 ὡς
749 2547 1048 2617 περιστερᾶ
1086 2547 1378 2614 διαπτᾶσα,
1408 2551 1671 2624 πρότερον

31 2656 37 2685 ε
94 2628 187 2695 μὲν
219 2633 283 2701 τῇ
316 2633 449 2702 σκιᾴ
478 2632 568 2684 τοῦ
602 2634 771 2705 μήλου
820 2636 956 2705 μετὰ
992 2638 1287 2709 ἐπιθυμίας
1319 2641 1668 2697 ἐπαναπαύε-

31 2750 38 2781 ε
91 2736 194 2781 ται,
214 2722 380 2791 μῆλον
403 2724 762 2795 ἀντὶνεφέλης
782 2727 841 2779 τὸ
858 2728 947 2780 ἐπι
960 2728 1171 2793 σκιάζον
1190 2732 1635 2802 κατονομάζουςα
1652 2750 1664 2762 ⁸

32 2870 33 2873 η
91 2810 179 2863 \Cv
202 2813 256 2865 δὲ
290 2815 395 2884 ἤδη
426 2814 530 2867 ὑπὸ
557 2816 655 2886 τῆς
687 2815 837 2881 θείας
871 2819 1063 2882 νυκτὸς
1088 2821 1420 2892 περιέχεται,
1454 2823 1575 2877 καθ’
1601 2818 1669 2895 ἣν

32 2932 35 2963 τ
88 2905 115 2955 ὁ
137 2908 360 2976 νυμφίος
394 2908 756 2977 παραγίνεται
789 2910 906 2980 μὲν,
938 2913 999 2963 οὐ
1032 2912 1280 2979 φαίνεται
1306 2914 1381 2968 δέ.
1414 2914 1537 2979 Πῶς
1559 2916 1668 2988 γὰρ

90 2992 145 3042 ὲν
172 2998 321 3049 νυκτί
345 2997 545 3068 φανείη
574 2996 636 3051 τὸ
675 2999 749 3071 μὴ
783 3001 1092 3071 ὀρώμενον;
1147 3003 1261 3056 ἀλλ’
1290 3004 1542 3077 αἴσθησιν
1569 3009 1667 3079 μέν

91 3098 203 3139 τινα
223 3087 406 3142 δίδωσι
430 3091 497 3160 τῇ
527 3089 670 3160 ψυχῇ
707 3091 804 3161 τῆς
836 3094 1159 3163 παρουσίας,
1190 3096 1448 3165 ἐκφεύγει
1487 3098 1667 3171 δὲτὴν

31 3210 37 3241 ε
91 3178 284 3252 ἐναργῆ
306 3183 639 3253 κατανόησιν
659 3182 738 3253 τῷ
754 3184 969 3256 ἀοράτῳ
996 3185 1096 3256 τῆς
1125 3186 1341 3255 φύσεως
1360 3191 1665 3261 ἐγκρυπτό-

32 3288 38 3329 1'
95 3285 265 3339 μενος.
311 3273 411 3336 Τίς
440 3272 620 3326 τοίνυν
645 3273 795 3326 ἐστὶν
818 3275 850 3344 ἡ
876 3275 1136 3349 γινομένη
1164 3280 1232 3348 τῇ
1270 3277 1415 3351 ψυχῇ
1454 3279 1542 3333 διὰ
1569 3281 1669 3351 τῆς

32 3396 37 3421 .
93 3362 273 3426 νυκτὸς
309 3363 520 3435 ταύτης
560 3366 949 3435 μυσταγωγίας
992 3367 1254 3421 ’Δπτεται
1289 3372 1391 3442 τῆς
1429 3371 1600 3443 θύρας
1642 3374 1670 3426 ὁ

94 3452 272 3521 Λόγος.
303 3456 487 3529 Θύραν
510 3456 568 3509 δὲ
602 3456 830 3529 νοοῦμεν
853 3458 953 3530 τὴν
981 3460 1337 3532 στοχαστικῆν
1364 3457 1476 3516 τῶν
1498 3466 1640 3536 ἀρῤή
1656 3495 1671 3505 -

32 3574 37 3607 ι
92 3556 191 3596 των
211 3545 474 3611 διάνοιαν,
505 3548 572 3601 δι’
597 3543 666 3620 ἦς
689 3548 1041 3614 εἰσοικίζεται
1060 3553 1123 3605 τὸ
1154 3552 1501 3625 ζητούμενον.
1525 3556 1671 3621 Ἐξω

91 3636 258 3690 τοίνυν
284 3638 499 3693 ἑστῶσα
518 3639 620 3711 τῆς
647 3640 862 3710 φύσεως
884 3642 1040 3713 ήμῶν
1064 3644 1097 3714 ὴ
1122 3643 1348 3715 ἀλήθεια
1374 3645 1462 3700 διὰ
1487 3647 1586 3718 τῆς
1604 3649 1669 3702 ἐκ

32 3756 37 3789 :
98 3727 285 3798 μέρους
312 3731 590 3801 γνώσεως,
622 3734 803 3798 καθώς
832 3751 996 3806 φησιν
1023 3739 1052 3789 ὁ
1079 3738 1419 3803 Ἀπόστολος,
1448 3741 1506 3792 ἐν
1537 3740 1670 3794 ὐπο-

32 3856 35 3881 ,
94 3820 251 3886 νοίαις
282 3826 395 3879 τισὶ
427 3827 522 3881 καὶ
564 3827 849 3899 αἰνίγμασι
874 3828 1262 3902 θυροιρουστεϊ
1284 3831 1384 3903 τὴν
1407 3833 1665 3901 διάνοιαν,

98 3911 354 3980 ’Ἁνοιξον
382 3917 621 3987 λέγουσα
642 3937 656 3951 ·
684 3920 778 3973 καὶ
802 3921 938 3990 μετὰ
960 3925 1273 3995 προτροπῆς
1303 3923 1666 3997 ύποτιθεμένη

32 4038 37 4065 ι
92 4003 176 4057 τὸν
218 4007 454 4079 τρόπον,
508 4010 655 4074 ὅπως
701 4012 981 4082 ἀνοιγῆναι
1027 4016 1295 4085 προσήκει
1334 4014 1433 4086 τὴν
1475 4014 1664 4087 θύραν,

93 4089 195 4149 οἷόν
220 4114 364 4166 τινας
386 4101 538 4165 κλεῖς
577 4102 867 4174 ὀρέγουσα,
912 4105 981 4158 τὰ
1009 4104 1150 4159 καλά
1199 4105 1370 4160 ταῦτα
1403 4108 1663 4178 ὀνόματα,

32 4230 33 4247 χ
92 4186 153 4239 δι’
177 4182 248 4244 ὧν
283 4193 341 4247 τὸ
374 4195 765 4265 κεκλεισμένον
792 4194 1084 4265 ἀνοίγεται.
1136 4199 1358 4264 κλεῖδες
1389 4199 1498 4271 γάρ
1528 4203 1664 4254 είσιν

32 4312 35 4341 ε
94 4276 336 4352 ἄντικρυς
363 4287 422 4340 αἱ
464 4286 574 4339 τῶν
615 4286 897 4355 ὀνομάτων
941 4284 1146 4343 τούτων
1186 4291 1476 4360 ἐμφάσεις.
1511 4294 1565 4345 αἰ
1598 4292 1665 4345 τὰ

32 4402 35 4431 ι
98 4374 301 4439 κρυπτὰ
326 4376 716 4444 διανοίγουσαι,
754 4377 959 4450 ἀδελφὴ
1002 4380 1096 4432 καὶ
1138 4378 1366 4450 πλησίον
1389 4381 1485 4433 καὶ
1510 4399 1665 4452 περι-

32 4494 35 4521 ι
97 4463 253 4533 στερὰ
277 4468 368 4521 καὶ
393 4468 595 4523 τελεία.
622 4469 685 4525 Εἰ
706 4470 816 4541 γὰρ
839 4468 1018 4539 βούλει
1044 4488 1147 4534 σοι,
1174 4472 1358 4543 φησὶν,
1384 4473 1664 4543 ἀνοιγῆναι

95 4549 186 4621 τὴν
212 4554 399 4630 θύραν,
434 4561 528 4615 καὶ
556 4561 864 4633 ἐπαρθῆναι
886 4563 988 4633 τῆς
1005 4562 1186 4635 ψυχῆς
1216 4579 1311 4617 σου
1338 4566 1435 4628 τὰς
1464 4562 1659 4629 πύλαςν
1696 4578 1738 4632 D

32 4680 36 4705 ι
97 4640 176 4696 ἵνα
206 4649 412 4725 εἰσέλθῃ
445 4655 475 4708 ὁ
518 4653 770 4724 βασιλεὺς
801 4651 899 4724 τῆς
941 4652 1134 4726 δόξης,
1191 4657 1296 4726 χρή
1338 4673 1398 4710 σε
1431 4655 1661 4728 ἀδελφήν

98 4750 192 4802 μου
220 4744 490 4809 γενέσθαι.
520 4747 577 4800 ἐν
596 4745 674 4817 τῷ
689 4744 759 4800 τὰ
783 4734 1062 4817 θελήμαέά
1084 4763 1184 4818 μου
1208 4749 1273 4817 τῇ
1304 4746 1449 4818 ψυχῇ
1479 4760 1662 4820 παρα-

32 4858 33 4883 ;
93 4823 361 4897 δέξασθαι,
423 4835 607 4899 καθὼς
652 4837 711 4889 ἐν
752 4834 836 4907 τῷ
878 4834 1196 4906 Εὐαγγελίῳ
1243 4837 1408 4906 φησὶν
1437 4836 1663 4905 ἀδελφὸν

32 4944 35 4971 ν
96 4915 247 4973 αὐτοῦ
294 4926 385 4979 καὶ
428 4926 662 5001 ἀδελφὴν
708 4925 954 4996 γίνεσθαι
1002 4926 1095 4979 τὸν
1127 4928 1187 4978 ἐν
1219 4928 1332 4989 τοῖς
1361 4926 1662 4998 θελήμασιν

32 5034 33 5061 ι
93 5008 245 5065 αὐτοῦ
271 5015 465 5080 ζῶντα.
506 5018 627 5091 Χρὴ
644 5018 702 5072 δέ
720 5035 781 5071 σε
809 5019 904 5072 καὶ
926 5019 1286 5089 προσεγγίσαι
1307 5020 1373 5089 τῇ
1408 5014 1656 5091 ἀληθείᾳ,

95 5099 181 5151 καὶ
206 5102 427 5176 πλησίον
448 5108 723 5178 γενέσθαι,
752 5106 893 5161 ὥστε
921 5106 1111 5178 μηδενὶ
1152 5107 1302 5177 μέσῳ
1333 5105 1657 5176 διατειχιζε-

32 5220 33 5223 η
96 5188 237 5260 σθαι,
278 5201 369 5253 καὶ
407 5203 465 5255 ἐν
494 5203 561 5272 τῇ
603 5199 763 5270 φύσει
802 5200 901 5270 τῆς
938 5197 1437 5271 περιστερᾶςξέχειν
1470 5196 1534 5251 τὸ
1565 5198 1656 5251 τέ-

32 5310 33 5335 ;
94 5273 225 5336 λειον
245 5302 259 5316 ·
304 5290 459 5345 τοῦτο
478 5291 534 5346 δέ
563 5293 680 5346 ἐστι
714 5292 777 5346 τὸ
805 5290 1064 5360 ἀνελλιπῆ
1095 5291 1189 5343 καὶ
1223 5288 1656 5361 πεπληρωμένην

32 5390 33 5417 ξ
93 5367 223 5427 εἶναι
260 5379 435 5454 πάσης
474 5384 707 5447 ἀκακίας
747 5383 843 5437 καὶ
887 5381 1274 5453 καθαρότητος.
1328 5380 1512 5434 Ταῦτα
1558 5381 1654 5435 λα-

94 5455 273 5545 σο-ὖσα,
300 5463 344 5522 ὧ
361 5472 527 5545 ψυχὴ,
553 5468 665 5527 οἷόν
703 5486 855 5537 τινας
880 5468 1029 5536 κλεῖς
1056 5472 1127 5526 τά
1152 5472 1412 5541 ὀνόματα,
1446 5471 1656 5537 ἄνοιξον

92 5543 349 5610 διἀὐτῶν
378 5543 705 5634 τῇνάληθείᾳ
746 5563 847 5632 τὴν
888 5561 1115 5627 εἴσοδον,
1158 5561 1361 5631 ἀδελφὴ
1388 5561 1656 5634 γενομένη

1779 2009 1843 2048 os
1872 1995 2166 2053 admovere
2212 1999 2600 2067 desiderasset,
2638 2012 2769 2059 tunc
2824 2006 2883 2059 ﬁt
2940 2008 3190 2077 pulchra,
3241 2010 3361 2065 lure

1783 2087 2026 2143 veritatis
2080 2089 2374 2160 illustrata,
2430 2105 2486 2149 et
2544 2110 2684 2166 aqua
2720 2098 2907 2154 ablnto
2939 2100 3159 2170 nigrore
3196 2100 3355 2170 ignea-

1780 2181 1993 2235 rantiaa.
2067 2180 2275 2240 Deinde
2340 2201 2484 2256 equo
2547 2189 2895 2245 assimilatur
2954 2198 3181 2261 propter
3235 2191 3359 2261 ejus

1781 2270 1847 2326 ad
1872 2286 2097 2328 cursum
2133 2277 2539 2346 pernicitatem,
2581 2288 2638 2336 et
2670 2282 2959 2346 columba,
3009 2291 3236 2359 propter
3272 2284 3360 2338 in.

1779 2364 2030 2420 tellectus
2069 2367 2430 2423 celeritatem.
2478 2370 2849 2437 Quamobrem
2907 2390 3032 2428 cum
3091 2372 3360 2445 quidquid

1779 2456 2270 2524 comprehenditur
2294 2467 2351 2514 et
2395 2462 2646 2516 cernitur
2705 2469 2971 2533 tanquam
3011 2478 3188 2534 equus
3242 2479 3364 2535 per-

1779 2546 2067 2611 currisset,
2103 2558 2160 2602 et
2185 2557 2448 2619 tanquam
2483 2552 2736 2609 columba
2755 2556 3181 2624 transvolasset,
3203 2560 3360 2627 prius

1778 2635 1999 2702 quidem
2057 2653 2182 2692 cum
2241 2638 2518 2696 desiderio
2572 2644 2812 2713 quiescit
2848 2646 2903 2700 in
2948 2647 3142 2701 umbra
3199 2649 3357 2713 mali,

1780 2723 1981 2777 malum
2023 2740 2125 2796 pro
2173 2728 2322 2784 nube
2360 2733 2659 2790 nominans
2715 2735 2770 2789 id
2811 2733 3357 2803 quodobscuritatem

1778 2812 1953 2868 all‘ert.
1987 2815 2147 2871 Nunc
2185 2828 2367 2875 autem
2396 2837 2426 2875 a
2459 2823 2647 2878 divina
2681 2837 2842 2882 nocte
2864 2827 2976 2896 jam
2999 2830 3354 2894 circumitur,

1777 2905 1830 2957 in
1860 2919 1968 2973 qua
2005 2908 2219 2963 accedit
2258 2912 2480 2981 quidem
2515 2930 2777 2986 sponsus,
2814 2919 2911 2973 sed
2955 2934 3065 2972 non
3104 2930 3356 2991 apparet.

1776 2998 2063 3060 Quomodo
2091 3001 2238 3055 enim
2269 3015 2435 3058 noctu
2464 3008 2781 3076 apparuerit
2809 3009 2861 3063 id
2892 3010 3038 3080 quod
3072 3024 3182 3065 non
3231 3026 3358 3067 cer-

1777 3086 1966 3139 nitur?
1995 3088 2088 3142 sed
2118 3090 2322 3158 praebet
2339 3094 2559 3163 quidem
2584 3098 2779 3152 anima:
2812 3100 3049 3170 aliquem
3083 3115 3198 3157 suae
3219 3117 3360 3172 pra:-

1777 3178 1968 3235 sentias
1998 3196 2244 3247 sensum,
2307 3184 2498 3257 ellngit
2553 3197 2740 3243 autem
2795 3190 3106 3245 evidentem
3155 3196 3359 3250 mentis

1773 3273 2346 3343 comprehensionem,
2407 3288 2467 3333 ut
2514 3279 2608 3349 qui
2658 3284 2941 3351 operiatur
2986 3292 3181 3337 natura
3235 3301 3360 3355 qua:

1774 3378 1883 3418 non
1914 3366 2063 3419 cadit
2093 3368 2198 3423 sub
2228 3378 2534 3440 aspectum.
2594 3371 2857 3439 Quanam
2891 3381 2980 3430 est
3014 3386 3196 3431 autem
3233 3394 3358 3450 my-

1774 3454 1930 3509 sterii
1965 3454 2326 3523 introductio,
2384 3477 2509 3532 quae
2539 3478 2638 3533 per
2669 3464 2813 3519 hanc
2844 3474 3062 3521 noctem
3110 3468 3357 3523 induitur

1774 3544 2018 3599 animae?
2045 3544 2263 3602 Ostium
2293 3552 2464 3621 tangit
2504 3548 2766 3607 Verbum.
2799 3550 3016 3609 Ostium
3059 3565 3239 3611 autem
3268 3557 3357 3612 inc

1773 3635 2070 3707 telligimus
2109 3639 2542 3709 conjecturalem
2567 3657 2902 3700 arcanorum
2938 3646 3351 3716 cogitationem,

1772 3739 1869 3793 per
1894 3741 2058 3795 quam
2084 3728 2523 3787 introduciturid
2548 3734 2697 3805 quod
2724 3735 3012 3804 quaeritur.
3040 3738 3204 3796 Stans
3219 3756 3353 3811 ergo

1770 3826 1927 3872 extra
1981 3828 2228 3876 nostram
2273 3832 2531 3880 naturam
2572 3827 2800 3892 veritas,
2839 3844 2936 3899 per
2974 3833 3352 3901 cognitionem

1769 3923 1835 3965 ex
1871 3919 2047 3980 parte,
2104 3913 2250 3969 sicut
2289 3915 2426 3972 dicit
2475 3918 2859 3990 Apostolus",
2898 3925 3101 3977 mentis
3146 3931 3355 3980 nostra:

1768 4002 1951 4071 pulsat
1978 4005 2182 4060 ostium
2208 4006 2264 4061 in
2297 4009 2580 4081 allegoriis
2602 4018 2657 4067 et
2694 4012 3099 4084 arnigmatihus,
3124 4013 3348 4073 dicens:

1768 4091 1963 4161 Aperi;
1992 4103 2046 4150 et
2082 4111 2208 4152 cum
2244 4100 2627 4160 adhortatione
2673 4104 2939 4175 suggerit,
2988 4106 3350 4175 quemadmo-

1767 4183 1898 4238 dum
1929 4195 2149 4257 oportet
2188 4192 2405 4261 aperire
2433 4194 2657 4259 ostium,
2694 4178 2870 4250 .veluti
2897 4197 3149 4267 praebens
3185 4215 3353 4270 quas-

1767 4272 1892 4328 dam
1931 4276 2138 4344 claves,
2173 4294 2369 4350 nempe
2402 4283 2632 4351 pulchra
2680 4284 2797 4340 haec
2826 4288 3069 4353 nomina,
3108 4304 3207 4359 per
3231 4307 3352 4362 qua:

1768 4367 2015 4433 aperitur
2046 4366 2098 4421 id
2131 4371 2277 4438 quod
2309 4383 2393 4426 est
2446 4374 2719 4430 clausum.
2778 4377 2974 4436 Claves
3005 4380 3150 4434 enim
3190 4382 3352 4452 plane

1766 4465 1895 4511 sunt
1926 4457 2121 4513 horum
2162 4463 2451 4519 nominum
2474 4466 2935 4537 signiﬁcationes,
2970 4488 3091 4542 qua:
3128 4476 3349 4532 occulta

1767 4550 2043 4618 aperiunt,
2075 4566 2273 4622 nempe
2303 4569 2465 4611 soror
2490 4568 2545 4614 et
2573 4560 2889 4632 propinqua
2921 4571 2976 4619 et
3004 4565 3260 4622 columba
3294 4578 3349 4624 et

1766 4640 2038 4712 perfecta.
2074 4642 2133 4699 Si
2180 4647 2266 4702 vis
2289 4648 2458 4714 enim,
2492 4652 2694 4721 inquit,
2741 4655 2940 4724 aperiri
2997 4658 3224 4726 ostium,
3289 4669 3348 4717 et

1764 4734 1942 4791 attolli
1982 4742 2171 4806 portas
2225 4741 2424 4796 animae
2451 4749 2578 4807 tusc,
2627 4751 2688 4798 ut
2714 4760 2809 4800 rex
2838 4746 3028 4818 gloriae
3066 4749 3349 4821 ingredia-

1763 4833 1873 4890 tur,
1904 4837 2123 4898 oportet
2168 4836 2221 4885 te
2264 4846 2443 4888 meam
2502 4833 2620 4891 ﬁeri
2667 4850 2938 4905 sororem,
2992 4840 3048 4896 in
3079 4857 3145 4898 eo
3199 4846 3347 4915 quod

1765 4920 1962 4977 animae
2010 4937 2145 4979 mea;
2202 4926 2541 4983 voluntatem
2595 4930 2863 5001 accipias,
2918 4934 3063 4990 sicut
3096 4935 3344 5000 dicit_in

1766 5011 2062 5084 Evangelia
2091 5030 2216 5071 eum
2250 5016 2370 5074 ﬂeri
2396 5019 2620 5077 fratrem
2660 5039 2823 5080 suum
2854 5036 2910 5082 et
2941 5016 3213 5092 sororem,
3241 5032 3338 5101 qui

1764 5103 1900 5158 vivit
1931 5105 1986 5160 in
2022 5106 2148 5176 ejus
2182 5109 2485 5168 voluntate.
2541 5111 2774 5186 Oportet
2808 5125 2993 5174 autem
3039 5128 3095 5174 te
3138 5134 3344 5190 appro-

1765 5198 2032 5268 pinquare
2091 5201 2334 5269 veritati,
2392 5213 2447 5260 et
2510 5207 2649 5262 adeo
2698 5218 2889 5266 exacte
2929 5227 3053 5268 esse
3116 5215 3343 5284 prapin-

1761 5302 1955 5357 quum.
1992 5299 2051 5345 ut
2085 5294 2240 5349 nullo
2280 5295 2609 5354 intermedio
2637 5300 2996 5373 disjungaris,
3051 5314 3105 5361 et
3135 5306 3342 5364 habere

1763 5378 1818 5433 in
1846 5388 2045 5437 natura
2074 5385 2348 5443 columbae
2390 5389 2787 5459 perfectionem
2824 5415 2838 5450 :
2871 5396 2975 5452 hoc
3019 5405 3200 5453 autem
3230 5408 3339 5467 est,

1765 5473 1916 5527 nulla
1942 5475 1997 5529 in
2026 5491 2086 5533 re
2106 5477 2362 5545 deiicere,
2398 5489 2454 5538 et
2489 5499 2615 5541 esse
2645 5487 2865 5556 plenum
2893 5489 3043 5543 omni
3072 5489 3341 5546 innocen-

1766 5563 1842 5617 tia
1870 5573 1924 5619 et
1947 5568 2207 5636 puritate.
2253 5571 2383 5628 Haec
2433 5576 2655 5631 nomina
2694 5593 2818 5633 cum
2871 5581 3017 5635 velut
3069 5583 3340 5652 quasdam

32 5670 35 5699 ι
97 5638 183 5693 καὶ
210 5644 428 5716 πλησίον
455 5656 547 5709 καὶ
573 5653 875 5728 περιστερά
904 5656 999 5709 καὶ
1025 5653 1225 5708 τελεία.
1257 5654 1447 5707 Ἔσται
1475 5653 1531 5706 δέ
1560 5671 1652 5707 σου

1774 5654 1950 5711 claves
1977 5661 2278 5732 acceperis,
2303 5677 2337 5719 ο
2376 5664 2578 5732 anima,
2604 5682 2702 5739 per
2737 5684 2799 5726 ea
2824 5671 2976 5741 aperi
3028 5672 3337 5743 ingressum

192 5819 233 5854 ³¹
259 5824 416 5887 Exod.
444 5850 589 5899 xxw,
626 5836 712 5890 l8.
796 5836 839 5866 ³¹
877 5835 1042 5890 lCor.
1079 5851 1197 5901 xui,
1239 5836 1320 5890 l2.

398 5930 666 5992 Ρηιιοι..
697 5932 820 5992 (in.
869 5933 1003 5995 XLI
1018 5934 1088 5995 V.

2952 6004 2965 6013 ..
3014 5948 3093 6007 3‘1
