3866 6348
670 391 690 442 i
704 389 809 443 (MSS

1828 387 1882 442 S.
1927 387 2249 443 GREGORII
2294 387 2586 443 NYSSI‘LNI
3745 397 3819 454 ili-Eli

667 482 915 568 veritati:
946 505 991 559 si
1020 503 1191 558 fueris
1219 516 1376 558 soror
1414 507 1468 554 ct
1523 500 1833 570 propinqua
1891 508 1964 554 eL
1983 499 2238 556 columba

2344 501 2400 553 τὸ
2421 502 2607 572 κέρδος
2651 502 2715 555 ὲκ
2755 501 2849 556 τοῦ
2884 502 3223 569 εἰσδέξασθαί
3264 521 3351 574 με⁴
3379 506 3477 558 καὶ
3504 506 3820 569 είσοικίσασθιιι.

658 603 715 651 et
740 595 1003 667 perfecta.
1034 593 1113 647 Ex
1139 609 1206 649 eo
1235 601 1418 648 autem
1448 591 1599 662 quod
1640 606 1727 646 me
1760 591 2052 646 admiseris
2080 602 2135 646 et
2160 591 2239 645 in-

659 688 992 752 troduxeris,
1033 685 1350 741 lucrifacies
1397 699 1580 739 rorem
1629 698 1695 738 ex
1727 684 1909 753 capite
1959 698 2085 738 meo
2128 697 2238 752 quo

657 795 778 834 sum
810 778 1026 849 plenus,
1059 784 1116 833 et
1147 793 1212 832 ex
1243 777 1492 831 noctium
1530 776 1702 846 guttis
1734 791 1857 845 quae
1895 774 2147 829 deﬂuunt
2172 789 2239 829 ex

656 872 797 927 meis
818 869 1115 925 cincinnis.
1175 868 1253 923 Ex
1290 869 1377 923 his
1401 875 1584 923 autem
1640 882 1819 924 rorem
1859 868 2080 938 quidem
2116 881 2240 923 esse

655 959 998 1015 curationem
1031 974 1061 1014 a
1121 957 1393 1030 propheta
1453 957 1720 1027 praeclare
1762 956 2081 1023 didicimus,
2144 955 2235 1026 qui

657 1050 791 1105 dicit
821 1070 834 1105 :
870 1049 972 1103 Ros
1001 1049 1092 1117 qui
1125 1064 1159 1101 a
1212 1057 1259 1102 te
1289 1047 1413 1116 ﬂuit
1474 1055 1551 1100 est
1612 1046 1720 1100 illis
1778 1046 2006 1099 curatio.
2051 1043 2240 1100 Noctis

658 1152 839 1197 autem
872 1149 1038 1212 gutta:
1068 1141 1222 1211 prius
1252 1137 1660 1193 consideratam
1691 1136 1945 1207 proxime
1994 1151 2241 1205 sequun-

656 1243 749 1288 tur
775 1232 1126 1288 sententiam.
1157 1229 1276 1284 Non
1298 1235 1478 1299 potest
1502 1229 1648 1285 enim
1679 1228 1794 1283 ﬁeri
1820 1239 1880 1282 ut
1906 1228 2001 1298 qui
2032 1226 2244 1298 ingres-

657 1341 754 1380 sus
778 1324 946 1378 fuerit
968 1322 1132 1393 adyta
1167 1337 1361 1377 eorum
1394 1336 1521 1391 quae
1567 1320 1715 1376 vires
1760 1321 2033 1375 humanas
2081 1332 2243 1387 supes

655 1422 803 1479 rant,
844 1430 946 1469 nec
974 1413 1180 1468 cadunt
1230 1412 1337 1468 sub
1377 1412 1923 1481 contemplationem,
1984 1409 2243 1465 deveniat

656 1506 725 1561 ad
759 1507 992 1562 imbrem
1020 1505 1255 1576 aliquem
1289 1512 1385 1559 aut
1430 1510 1736 1559 torrentem
1766 1500 2240 1573 cognitionis,.sed

657 1600 919 1671 pneclare
945 1613 1071 1653 cum
1103 1613 1171 1655 eo
1196 1604 1409 1669 agetur,
1467 1595 1513 1652 si
1538 1594 1874 1665 quibusdam
1915 1592 2156 1648 exilibus
2186 1598 2243 1648 et

655 1690 912 1747 obscuris
940 1689 1226 1746 sententiis
1254 1687 1631 1758 cognitionem
1677 1687 1801 1757 ejus
1848 1686 2051 1741 irroret
2098 1685 2242 1742 veri-

656 1794 760 1847 tas,
787 1798 886 1854 per
918 1783 1067 1838 viros
1111 1788 1337 1837 sanctos
1377 1788 1433 1835 et
1480 1780 1698 1835 divinos
1756 1777 2033 1834 deﬂuente
2088 1783 2241 1848 gutta

2341 592 2375 662 ἡ
2410 592 2476 645 ὲκ
2506 592 2606 662 τῆς
2631 591 2873 664 κεφαλῆς
2902 611 3002 663 μου
3031 594 3223 666 δρόσος
3246 591 3314 669 ἧς
3335 596 3552 668 πλήρης
3571 601 3687 669 εἰμὶ,
3712 603 3776 655 καὶ
3792 611 3821 657 αἰ

2338 684 2441 754 τῆς
2488 684 2683 747 νυκτὸς
2725 685 2835 739 τῶν
2871 685 3181 757 βοστρύχων
3213 689 3323 742 τῶν
3369 690 3521 760 ἐμῶν
3554 693 3823 765 ἀπορρέουσα

2339 777 2593 846 ψεκάδες.
2643 778 2744 831 Ἐκ
2766 778 2973 831 τούτων
2997 778 3073 843 δὲ,
3108 779 3169 832 τὸ
3205 779 3304 850 μὲν
3328 781 3476 834 ίασιν
3517 777 3641 835 εἶναι
3663 783 3737 855 τὴν
3754 787 3825 857 δρό-

2343 886 2462 936 σον,
2502 870 2653 941 παρὰ
2706 870 2801 924 τοῦ
2850 873 3128 942 προφήτου
3171 873 3357 941 σαφῶς
3400 873 3766 945 μεμαθήκαμεν,
3792 879 3826 940 ὃς

2343 976 2526 1029 φησιν’
2559 962 2642 1014 ὅτι
2661 964 2887 1029 Δρόσος
2910 964 2949 1030 ἡ
2976 966 3143 1030 παρά
3163 979 3304 1027 σου,
3328 962 3475 1032 ἴαμα
3500 964 3682 1029 αὐτοῖς
3702 964 3823 1017 ἐστιν.

2341 1052 2405 1105 Αἱ
2429 1051 2487 1104 δὲ
2516 1053 2613 1123 τῆς
2646 1054 2837 1117 νυκτὸς
2866 1053 3101 1123 ψεκάδες
3128 1054 3227 1123 τῆς
3256 1054 3708 1125 προθεωρηθείσης
3730 1056 3824 1125 ἔχω·

2342 1158 2431 1197 ται
2467 1142 2722 1206 διανοίας.
2750 1146 2823 1197 Οὐ
2855 1145 2962 1217 γάρ
2984 1146 3096 1198 ἐστι
3125 1145 3345 1199 δυνατὸν
3366 1146 3459 1198 τὸν
3489 1147 3629 1209 ἐντὸς
3651 1146 3823 1200 τῶν

2345 1251 2454 1288 των
2490 1234 2584 1289 καὶ
2618 1234 2860 1287 ἀθεάτων
2906 1237 3195 1306 γενόμενον
3215 1277 3229 1301 ,
3285 1236 3482 1307 ὄμϐρῳ
3520 1238 3617 1289 τινὶ
3641 1236 3722 1305 τῆς
3744 1238 3823 1304 ne

2344 1338 2483 1385 σεως
2529 1324 2769 1393 ἐντυχεῖν
2811 1322 2845 1393 ἢ
2879 1324 3183 1396 χειμάρρῳ.
3253 1316 3394 1379 Ἀλλ’
3433 1326 3822 1397 ἀγαπητὸν,εἰλε-

2342 1416 2506 1477 πταῖς
2556 1431 2664 1468 τισι
2715 1416 2808 1469 καὶ
2848 1417 3117 1488 ἁμυδραῖς
3157 1418 3425 1483 διανοίαις
3468 1402 3747 1488 ὲπιῷεκάζοι
3771 1419 3823 1489 sip

2343 1506 2545 1576 γνῶσιν
2572 1506 2738 1560 αὑτοῦ
2761 1510 2794 1577 ἡ
2832 1509 3079 1578 ἀλήθεια,
3110 1509 3197 1562 διὰ
3228 1511 3337 1563 τῶν
3369 1512 3542 1579 ἁγίων
3569 1530 3622 1565 τε
3658 1513 3730 1565 καὶ
3759 1513 3826 1563 θει-

2344 1594 2694 1664 φορουμένων
2716 1595 2817 1664 τῆς
2855 1595 3085 1667 λογικῆς
3108 1599 3366 1666 σταγόνος
3394 1601 3747 1672 ἀπορρεούσης.
3775 1601 3826 1652 Βι·

2346 1685 2612 1757 στρύχους
2652 1687 2759 1759 γὰρ
2798 1683 2950 1757 οἶμαι
2983 1690 3079 1759 τῆς
3125 1690 3219 1743 τοῦ
3253 1691 3460 1756 παντὸς
3500 1693 3711 1763 κεφαλῆς
3736 1693 3825 1759 ἑξτρ

2344 1776 2615 1846 τημένους
2647 1816 2662 1840 ,
2733 1779 3012 1849 τροπικῶς
3060 1780 3422 1851 ὀνομάζεσθαι
3478 1785 3725 1855 προφήτας
3774 1783 3825 1832 καὶ

653 1876 908 1932 rationis.
952 1874 1255 1931 Cincinnos
1282 1872 1431 1930 enim
1459 1873 1553 1943 qui
1599 1871 1839 1941 pendent
1870 1871 1938 1925 ab
1969 1869 2242 1925 universi-

2344 1868 2731 1938 εὐαγγελιστὰς
2763 1871 2859 1923 καὶ
2884 1871 3237 1937 ἀποστόλους,
3265 1868 3340 1928 ὧν
3373 1876 3602 1938 ἕκαστος
3628 1876 3727 1928 ὅσον
3745 1871 3825 1942 ἐχύ-

653 1969 784 2023 tatis
812 1966 1014 2037 capite,
1061 1967 1272 2035 tropice
1320 1972 1456 2036 puto
1510 1963 1784 2019 nominari
1836 1962 2133 2034 prophetas
2186 1968 2242 2017 et

652 2060 1021 2129 cvangelistas
1087 2067 1139 2113 et
1198 2057 1531 2125 apostolos:
1577 2068 1813 2125 quorum
1858 2052 2243 2123 unusquisque

654 2158 922 2223 quantum
949 2162 1148 2215 capere
1177 2146 1379 2217 potuit,
1404 2145 1668 2201 hauriens
1704 2161 1772 2200 ex
1815 2144 2092 2207 obscuris,
2149 2158 2244 2199 oc-

653 2242 819 2297 cultis
847 2248 902 2296 et
958 2237 1442 2309 inaspectabilibus
1467 2236 1766 2303 thesauris,
1822 2236 1984 2292 nobis
2018 2236 2244 2307 qurdem

657 2333 795 2389 ﬁunt
824 2329 972 2387 ﬂuvii
1004 2330 1148 2403 pleni
1181 2329 1359 2400 aquis.
1419 2327 1481 2383 Si
1506 2329 1584 2384 rei
1617 2336 1800 2383 autem
1836 2335 2117 2400 spectetur
2148 2343 2241 2383 ve-

656 2424 817 2489 ritas,
855 2430 985 2479 sunt
1011 2429 1179 2493 guttae
1212 2421 1379 2484 roris,
1432 2420 1651 2476 etiamsi
1694 2426 2014 2490 restagnent
2054 2418 2244 2474 multi-

653 2515 847 2571 tudine
869 2522 924 2569 et
954 2512 1328 2584 magnitudine
1355 2512 1643 2567 doctrinae.
1691 2509 2015 2581 Cujusmodi
2040 2508 2242 2565 ﬂumen

653 2618 775 2665 erat
804 2608 1026 2672 Paulus,
1058 2607 1152 2677 qui
1187 2620 1358 2675 supra
1376 2604 1576 2659 cadum
1603 2617 1905 2672 assurgens
1930 2601 2094 2656 undis
2119 2616 2246 2657 sen-

652 2701 974 2764 tentiarum,
1011 2713 1185 2764 usque
1217 2696 1285 2752 ad
1317 2696 1541 2753 tertium
1570 2695 1797 2757 cretum,
1823 2708 2004 2764 usque
2039 2691 2108 2746 ad
2144 2707 2246 2763 pa-

652 2794 923 2855 radisum,
973 2806 1151 2861 usque
1188 2793 1255 2844 ad
1305 2790 1472 2845 verba
1512 2802 1717 2843 arcana
1759 2797 1815 2841 et
1852 2786 2150 2842 ineﬂ‘ahilia
2174 2782 2243 2850 ⁸³,

653 2890 709 2940 et
760 2897 859 2953 per
909 2895 1129 2936 omnem
1204 2877 1476 2947 ejusmodi
1537 2875 1773 2931 docendi
1821 2872 2242 2944 amplitudinem

654 2974 764 3028 late
808 2971 1120 3034 exundans,
1178 2969 1362 3025 verbis
1413 2983 1609 3025 rursus
1646 2966 1909 3032 ostendit,
1963 2966 2111 3036 quod
2154 2964 2245 3018 hic

655 3079 839 3121 sermo
868 3073 953 3118 est
999 3063 1177 3117 instar
1223 3069 1392 3132 guttae
1436 3060 1607 3121 roris,
1646 3060 1695 3114 si
1746 3057 2064 3114 conferatur
2115 3072 2242 3112 cum

2346 1975 2473 2032 ρουν
2498 1962 2562 2014 ὲκ
2594 1961 2700 2014 τῶν
2734 1964 3023 2016 σκοτεινῶν
3051 1981 3111 2018 τε
3140 1966 3236 2021 καὶ
3267 1966 3600 2039 ἁποκρύφων
3632 1965 3708 2020 καὶ
3727 1963 3823 2033 ἀιρέ-

2340 2067 2448 2103 των
2473 2050 2761 2123 Θησαυρῶν
2786 2054 3099 2124 ἀρυόμενοι,
3134 2058 3264 2127 ἡμῖν
3286 2059 3526 2128 ποταμοὶ
3548 2057 3765 2125 γίνονται·
3784 2054 3823 2114 ὡς

2342 2141 2398 2195 δὲ
2431 2144 2567 2212 πρὸς
2596 2144 2696 2216 τὴν
2735 2145 2901 2210 ὅντως
2930 2147 3211 2217 ἀλήθειαν,
3233 2149 3524 2219 δροσώδεις
3546 2149 3643 2203 εἰσὶ
3658 2148 3821 2219 deliis.

2356 2233 2459 2288 κᾶν
2484 2234 2561 2305 τῷ
2587 2236 2782 2306 πλήθει
2810 2254 2869 2290 τε
2892 2239 2987 2292 καὶ
3020 2239 3240 2308 μεγέθει
3259 2241 3359 2311 τῆς
3388 2240 3707 2303 διδασκαλίας
3723 2240 3823 2306 πλημ-

2347 2326 2614 2398 μυρῶσιν.
2665 2321 2788 2391 Οἷος
2827 2330 2855 2381 ὁ
2883 2328 3091 2393 Παῦλος
3119 2326 3184 2401 ἦν
3214 2332 3494 2402 ποταμὸς,
3541 2332 3666 2403 ὑπὲρ
3699 2329 3822 2383 τὸνπῶ

2352 2415 2513 2489 ρανὸν
2542 2418 2651 2479 τοῖς
2679 2417 2785 2469 τῶν
2816 2419 3102 2488 νοημάτων
3132 2419 3340 2491 κύμασι
3374 2421 3738 2493 κορυφούμενος

2346 2505 2530 2578 τρίτου
2561 2507 2815 2575 οὐρανοῦ,
2847 2508 3077 2572 ἕως.τοῦ
3107 2511 3463 2581 παραδείσου,
3495 2512 3595 2575 ἓως
3616 2512 3706 2566 τῶν
3725 2511 3821 2581 biit}

2344 2615 2452 2651 των
2491 2615 2549 2651 τε
2598 2601 2694 2652 καὶ
2722 2601 3121 2675 ἀνεκφωνήτων
3158 2603 3440 2673 ῥημάτων,
3485 2605 3575 2658 καὶ
3608 2603 3823 2668 arma;

2343 2689 2442 2759 τῆς
2465 2691 2721 2761 τοιαύτης
2752 2693 3157 2764 μεγαληγορίας
3194 2696 3285 2748 πεπ
3299 2696 3506 2764 αγίζων
3530 2697 3604 2766 τῷ
3624 2694 3736 2766 λόγῳ

2319 2791 2501 2834 ’κνυσι
2548 2782 2708 2835 πάλιν
2748 2784 2831 2837 ὅτι
2878 2784 3053 2854 ψεκάς
3094 2785 3179 2850 τίς
3219 2788 3337 2840 ἐστι
3383 2788 3647 2861 δροσώδης
3683 2791 3704 2842 ό
3735 2787 3822 2853 Mra;

2345 2866 2518 2935 οὗτος,
2554 2875 2838 2946 συγκρίσει
2881 2875 2973 2929 τοῦ
3003 2876 3171 2941 ὅντως
3192 2876 3392 2946 Λόγου,
3423 2880 3495 2934 δι’
3527 2875 3596 2935 ὧν
3619 2896 3761 2951 φησιν,
3780 2877 3821 2927 ὅτι

2359 2964 2452 3016 Ἐκ
2463 2964 2687 3032 μέρους
2709 2964 3100 3036 γινώσκομεν,
3118 2968 3215 3021 καὶ
3237 2970 3305 3023 ἐκ
3322 2969 3546 3039 μέρους
3565 2969 3822 3040 προφητεία

2341 3071 2454 3123 μεν
2472 3072 2485 3085 ·
2507 3056 2621 3121 καὶ,
2644 3055 2721 3107 El
2735 3076 2823 3123 τις
2839 3058 3003 3112 δοκεῖ
3029 3061 3352 3130 ἐγνωκέναι
3367 3080 3443 3130 τι,
3461 3065 3619 3119 οὔπω
3644 3062 3821 3130 ﬁrmita-

654 3152 997 3223 Verboquod
1029 3159 1135 3216 est,
1166 3166 1292 3206 cum
1336 3150 1468 3205 dicit
1500 3168 1512 3203 :
1547 3147 1633 3203 Ea:
1664 3156 1816 3217 parte
1855 3148 2240 3215 cognoscimus,

2345 3147 2465 3213 θὼς
2512 3147 2608 3202 δεῖ
2632 3148 2879 3218 γνῶναιο
2917 3153 3044 3217 καὶ,
3089 3154 3384 3223 Ἐμαυτύν
3428 3158 3590 3212 οὔπω
3612 3154 3821 3224 λογίζομὼ

656 3255 706 3302 et
735 3259 800 3299 ea:
854 3253 1006 3312 parte
1042 3242 1414 3310 prophetamus
1432 3240 1498 3305 ³⁸,
1533 3249 1585 3295 et
1612 3258 1624 3293 :
1650 3238 1711 3293 Si
1739 3238 1857 3304 quis
1889 3238 1991 3291 sibi
2042 3237 2243 3292 videtur

2350 3240 2795 3309 κατειληφέναι.
2817 3244 2878 3296 Εἰ
2910 3243 3086 3297 τοίνυν
3110 3247 3275 3315 ἰκμὰς
3294 3248 3391 3319 τῆς
3416 3249 3621 3320 δρόσου,
3643 3248 3751 3315 καὶὴ
3766 3242 3822 3294 τεέν

653 3337 811 3398 scire,
865 3332 1098 3389 nondum
1142 3333 1241 3386 scit
1272 3330 1533 3403 quomodo
1577 3331 1713 3384 scire
1743 3338 1982 3398 oporteat
2001 3329 2087 3396 ³⁸;
2141 3338 2244 3385 et:

657 3427 771 3499 Ego
800 3430 1055 3496 meipsum
1081 3423 1310 3480 nondum
1342 3423 1587 3479 existimo
1617 3421 2067 3491 comprehendisse
2096 3420 2161 3473 ³⁸.
2187 3417 2244 3476 Si

658 3534 787 3591 ergo
820 3518 1021 3573 humor
1065 3515 1233 3581 roris,
1289 3523 1343 3570 et
1371 3521 1528 3585 gutta
1559 3512 1946 3568 cincinnorum
1991 3509 2248 3567 videntur

654 3625 778 3669 esse
826 3607 1050 3663 ﬂumina
1082 3613 1137 3663 et
1183 3606 1357 3661 maria
1386 3612 1443 3659 et
1494 3604 1715 3669 ﬂuctus,
1773 3604 1820 3659 si
1857 3619 1982 3658 cum
2038 3602 2247 3659 nostris

654 3700 1016 3757 conferantur
1070 3694 1489 3766 viribus:quid
1546 3705 1632 3750 est
1684 3693 2113 3751 existimandum
2176 3692 2247 3749 de

659 3792 754 3847 illo
781 3789 931 3846 fonte
964 3788 1058 3859 qui
1090 3787 1229 3843 dixit
1261 3805 1275 3841 :
1303 3785 1361 3842 Si
1391 3788 1510 3856 quis
1543 3788 1684 3851 sitit,
1722 3786 1896 3840 veniat
1941 3784 2010 3839 ad
2043 3799 2146 3851 me,
2192 3791 2243 3840 et

658 3885 803 3940 bibat
832 3884 875 3920 ³⁷
898 3883 920 3937 ?
944 3882 1185 3949 Quilibet
1210 3894 1277 3935 ex
1312 3878 1381 3934 iis
1405 3880 1498 3950 qui
1532 3879 1767 3933 audiunt
1796 3894 1863 3933 ex
1895 3879 2247 3951 proportione

656 3991 849 4033 eorum
874 3991 995 4045 qua:
1023 3973 1170 4030 dicta
1208 3979 1357 4039 sunt,
1403 3972 1777 4041 conjecturam
1821 3978 2005 4026 sumat
2037 3969 2107 4025 de
2138 3972 2242 4024 mi-

662 4070 873 4125 raculo.
935 4066 1072 4122 Nam
1105 4066 1151 4122 si
1178 4072 1329 4138 gutta
1356 4064 1555 4120 suﬂicit
1607 4065 1674 4120 ad
1722 4064 2094 4134 generandum
2143 4062 2246 4118 ﬂu—

660 4161 832 4235 vium,
857 4159 988 4230 quid
1012 4157 1373 4230 reputandum
1410 4166 1633 4212 estesse
1661 4156 1839 4227 ipsum
1866 4154 1961 4211 Dei
1992 4154 2243 4224 ﬂuvium,

658 4268 722 4308 ea
755 4253 860 4307 hac
897 4258 1051 4322 gutta
1081 4250 1401 4319 conjectura
1440 4246 1647 4303 ducta?

729 4342 1031 4398 Videamus
1071 4348 1255 4397 autem
1301 4332 1781 4410 quemadmodum
1810 4353 2013 4408 sponsa
2057 4336 2244 4394 obedit

659 4435 862 4500 Verbo,
894 4433 1354 4506 quemadmodum
1386 4446 1592 4504 sponso
1615 4431 1789 4502 aperit
1818 4430 2049 4484 aditum.
2072 4428 2239 4497 Επεὶ,

2354 3330 2668 3403 βοστρύχων
2711 3333 2884 3403 ψεκὰς
2924 3339 3156 3407 ποταμοὶ
3198 3340 3417 3394 δοκοῦσι
3447 3344 3540 3396 καὶ
3578 3342 3745 3408 πελάγη
3772 3342 3822 3385 καὶ

2349 3424 2571 3493 κύματα
2614 3425 2752 3497 πρὸς
2794 3428 2891 3498 τὴν
2926 3430 3197 3502 ἡμετέραν
3242 3435 3538 3505 κρινόμενα
3568 3434 3767 3500 δύναμιν·
3797 3422 3822 3474 τε

2348 3514 2454 3586 Χρὴ
2486 3517 2616 3587 περὶ
2640 3519 2738 3589 τῆς
2766 3520 2951 3591 πηγῆς
2973 3521 3288 3591 λογίσασθαι
3312 3525 3412 3596 τῆς
3439 3524 3691 3594 εἰπούσης,
3713 3522 3768 3575 ὃτι
3786 3514 3824 3569 Ei

2347 3624 2438 3673 τις
2465 3608 2616 3678 διψᾷ
2633 3651 2647 3676 ,
2677 3612 2944 3682 ἐρχέσθω
2973 3618 3124 3684 πρός
3142 3635 3221 3686 με
3244 3619 3343 3673 καί
3374 3620 3621 3681 πινέτω;
3645 3617 3822 3669 Ἕκαπὸ

2347 3697 2455 3753 τῶν
2495 3702 2803 3758 ἀκουόντων
2832 3706 2899 3758 δι’
2931 3707 3224 3777 ἀναλογίαν
3260 3710 3366 3764 τῶν
3403 3711 3687 3783 εἰρημένων
3706 3719 3821 3772 6707?

2349 3792 2486 3861 σμὸν
2515 3793 2840 3865 λαμϐανέτω
2871 3797 2965 3879 τοῦ
2992 3798 3289 3870 θαύματος.
3351 3803 3413 3856 Εἰ
3440 3804 3547 3875 γὰρ
3583 3798 3762 3871 ήψεκᾶς
3781 3794 3823 3847 εἷς

2348 3887 2608 3957 ποταμῶν
2646 3888 2911 3960 ἐξήρκεσε
2940 3891 3182 3960 γένεσιν,
3231 3894 3283 3947 τί
3321 3895 3486 3950 αὐτὸν
3526 3896 3614 3949 τὸν
3651 3890 3725 3946 τοῦ
3745 3883 3821 3941 Θεςῦ

2349 3975 2591 4119 ποτέμὸν
2639 3978 2728 4031 διὰ
2785 3979 2886 4049 τῆς
2935 3980 3167 4050 ψεκάδος
3228 3983 3434 4056 ταύτης
3490 3985 3627 4038 ἐστὶν
3658 3974 3820 4040 ἀναλσῖἶ·

2349 4083 2450 4119 σασ
2486 4086 2583 4119 at:

2348 4083 2583 4134 σασυαι;

2421 4339 2646 4411 Ἵδωμεν
2668 4341 2724 4395 δὲ
2753 4342 2847 4396 καὶ
2887 4343 3004 4407 πῶς
3044 4344 3308 4399 ὑπακούει
3348 4346 3429 4418 τῷ
3460 4348 3610 4416 Λόγῳ
3640 4303 3815 4416 qui???

2351 4428 2467 4493 πῶς
2502 4430 2707 4499 ἀνοίγει
2743 4433 2820 4503 τῷ
2842 4434 3062 4505 νυμφίῳ
3094 4434 3190 4507 τὴν
3219 4437 3444 4492 εἴσοδον.
3494 4431 3814 4502 Ἐξεδυσόμηνι

656 4529 858 4599 inquit,
886 4543 1056 4582 meam
1089 4526 1349 4588 tunicam,
1404 4523 1664 4594 quomodo
1688 4521 1908 4577 induant
1924 4524 2087 4579 eam?
2117 4520 2243 4576 Lavi

2347 4521 2516 4591 φησί,
2566 4523 2675 4576 τὸν
2724 4522 2947 4594 χιτῶνά
2974 4541 3122 4594 μουο
3162 4523 3287 4593 πῶς
3330 4527 3643 4597 ἐνδύσομαι
3675 4519 3814 4575 αὐτέτς

656 4620 810 4687 pedes
834 4626 999 4682 meos,
1034 4616 1296 4688 quomodo
1327 4613 1620 4686 inquinabo
1651 4614 1776 4668 illo:
1797 4612 2008 4670 PRecte
2038 4613 2247 4669 audivit

659 4728 787 4768 eum
822 4713 914 4782 qui
940 4712 1110 4782 jussit
1153 4711 1332 4783 ipsam
1380 4708 1496 4765 ﬁeri
1525 4714 1580 4764 et
1629 4707 2017 4778 prepinquam,
2063 4714 2121 4763 et
2154 4719 2247 4764 co-

665 4802 931 4869 lumbam,
961 4810 1016 4858 et
1042 4800 1366 4874 perfectam,
1404 4808 1466 4855 ut
1505 4814 1601 4870 per
1628 4813 1749 4855 eam
1787 4798 1853 4855 ad
1890 4798 2128 4855 animam
2158 4797 2243 4854 in-

660 4884 992 4954 troducatur
1022 4894 1249 4951 veritas.
1278 4892 1431 4953 Fecit
1458 4893 1607 4949 enim
1643 4908 1765 4963 quae
1791 4891 2019 4953 audivit,
2040 4900 2100 4947 ut
2123 4906 2246 4962 quae

663 4987 876 5063 exuerit
907 4988 1190 5058 pelliceam
1222 4987 1370 5041 illam
1403 4986 1668 5049 tunicam,
1701 4999 1865 5055 quam
1901 4983 2087 5039 induit
2113 4991 2245 5055 post

663 5089 976 5151 peccatum,
1009 5088 1063 5134 et
1089 5093 1119 5133 a
1149 5078 1377 5148 pedibus
1404 5078 1642 5134 abluerit
1674 5084 1927 5132 terrenas
1960 5077 2086 5132 illas
2117 5091 2245 5133 sor-

662 5174 783 5238 des,
812 5172 1013 5243 quibus
1035 5179 1152 5225 erat
1185 5170 1450 5236 involuta,
1508 5178 1566 5226 ut
1600 5185 1721 5241 quae
1749 5184 1778 5222 a
1808 5169 1918 5225 vita
1955 5185 2119 5240 quam
2145 5169 2243 5225 de-

670 5272 827 5337 gerat
874 5263 929 5318 in
960 5262 1216 5334 paradiso
1255 5277 1477 5319 reversa
1521 5269 1667 5318 esset
1714 5262 1768 5316 in
1815 5269 2019 5316 terram
2057 5280 2070 5316 :
2106 5276 2245 5331 quo-

664 5360 811 5413 niam
848 5354 1060 5409 audivit
1104 5354 1192 5419 δν,
1234 5353 1398 5408 Terra
1425 5369 1501 5419 es,
1522 5362 1591 5407 κει
1622 5353 1677 5406 in
1715 5360 1912 5406 terram
1944 5353 2240 5407 reverteris.

667 5443 960 5516 Propterea
996 5444 1203 5500 aditum
1248 5444 1463 5516 aperuit
1510 5441 1691 5497 Verbo
1727 5443 1794 5497 ad
1844 5444 2108 5505 animam.
2167 5442 2247 5498 di-

668 5534 833 5588 ducto
864 5535 1052 5593 cordis
1105 5538 1249 5603 velo,
1309 5537 1416 5593 hoc
1460 5542 1549 5591 est
1595 5549 1780 5589 carne.
1837 5533 2072 5590 Carnem
2117 5548 2243 5588 cum

669 5626 815 5688 dico.
844 5636 1084 5683 veterem
1110 5627 1390 5683 hominem
1432 5625 1704 5697 intelligo,
1739 5640 1902 5695 quem
1935 5631 1996 5679 ut
2036 5633 2242 5680 exuant

2347 4611 2680 4683 Ἐνιψάμην
2707 4613 2848 4682 τοὺς
2867 4614 3058 4682 πόδας
3075 4634 3216 4686 μου,
3241 4616 3368 4686 πῶς
3388 4617 3624 4689 μολυνῶ
3650 4608 3815 4670 αὐτούςς

2346 4702 2537 4769 Καλῶς
2583 4705 2783 4777 ἤκουσε
2830 4705 2925 4760 τοῦ
2958 4708 3312 4773 κελεύσαντος
3350 4711 3580 4782 ἀδελφὴν
3619 4706 3745 4773 αὐτὴν
3765 4698 3815 4750 κεῖ

2346 4796 2576 4867 πλησίον
2613 4797 2886 4865 γενέσθαι,
2923 4800 3018 4854 καὶ
3060 4801 3389 4873 περιστερὰν
3433 4803 3527 4856 καὶ
3568 4798 3747 4857 τελείαν,
3767 4789 3813 4839 Et:

2346 4892 2435 4946 διὰ
2470 4890 2677 4946 τούτων
2701 4892 3003 4965 εἰσοικισθῇ
3033 4896 3100 4965 τῇ
3141 4894 3285 4966 ψυχῇ
3312 4897 3345 4967 ή
3368 4895 3606 4967 amem.
3653 4884 3812 4950 Ἐπσέισε

2347 4984 2457 5054 γὰρ
2486 4983 2630 5056 ἅπερ
2662 4985 2912 5057 ἦκουσεν,
2964 4985 3305 5058 ὲκδυσαμένη
3349 4988 3440 5040 τὸν
3483 4984 3749 5058 δερμάτινσν
3767 4990 3812 5041 χι·

2324 5075 2511 5141 τῶνα,
2547 5074 2606 5129 ὃν
2632 5075 2773 5146 μετὰ
2798 5075 2895 5147 τὴν
2924 5078 3198 5148 ἁμαρτίαν
3222 5080 3585 5149 περιεϐάλετο,
3605 5076 3681 5137 καὶ
3699 5074 3811 5125 tima-

2345 5166 2564 5238 ψαμένη
2624 5167 2731 5221 τῶν
2762 5168 2935 5220 ποδῶν
2956 5168 3018 5221 τὸ
3037 5163 3305 5239 γεῶδες,ᾧ
3333 5170 3575 5241 ὲνειλήϐη
3596 5166 3688 5222 ἀπὸ
3704 5159 3767 5229 τῆς
3782 5156 3812 5203 ἓν

2347 5258 2664 5329 παραδείσῳ
2716 5258 2993 5329 διαγωγῆς
3038 5261 3119 5324 εἰς
3162 5261 3260 5330 τὴν
3304 5262 3409 5332 γῆν
3441 5261 3736 5316 ἀναλύσασα,
3764 5251 3809 5300 ire

2349 5351 2602 5420 ἥκουσεν,
2630 5352 2713 5402 ὃτι
2764 5348 2857 5418 Γῆ
2894 5346 2975 5413 εἷ,
3018 5352 3117 5406 καὶ
3162 5355 3251 5419 εἰς
3286 5353 3403 5424 γῆν
3438 5350 3728 5413 ἀπελεύσῃ.
3760 5336 3811 5389 Διά

2346 5439 2505 5493 τοῦτο
2533 5438 2743 5509 ἤνοιξεν
2773 5442 2865 5493 ἐπὶ
2896 5440 2993 5512 τὴν
3036 5441 3214 5514 ψυχὴν
3258 5444 3337 5512 τῷ
3364 5444 3517 5515 Λόγῳ
3548 5443 3636 5513 τὴν
3670 5430 3808 5491 glaciem

2346 5530 2721 5596 διασταλέντος
2740 5531 2836 5585 τοῦ
2859 5532 2958 5603 τῆς
2973 5534 3200 5605 καρδίας
3224 5534 3705 5606 παραπετάσματοςν
3722 5533 3808 5574 πέντ’

2348 5623 2464 5677 ἐστι
2489 5625 2589 5695 τῆς
2618 5627 2840 5696 σαρκός.
2883 5626 3069 5698 Σάρκα
3101 5626 3158 5680 δὲ
3186 5625 3375 5693 εἰπὼν,
3410 5628 3497 5682 τὸν
3526 5620 3715 5699 παλαιὸν
3733 5611 3809 5673 λέῒυ

733 5806 776 5835 ⁸³
796 5806 834 5859 ιι
866 5808 1002 5861 Cor.
1042 5823 1139 5867 xu.
1173 5809 1225 5861 lt.
1288 5808 1334 5839 ⁸³
1360 5807 1377 5860 ι
1406 5806 1531 5862 Cor.
1563 5823 1679 5873 xm,
1710 5808 1762 5863 9.
1809 5808 1852 5841 ³⁵
1890 5806 1909 5860 Ι
1945 5806 2071 5861 Cor.
2122 5822 2242 5870 vm,

2382 5807 2424 5837 “
2469 5804 2608 5859 Phil.
2649 5805 2847 5868 ut,“i5.
2914 5806 2954 5838 ’⁸⁸⁷
2991 5805 3149 5861 Joan.
3186 5823 3279 5870 vn,
3309 5808 3396 5862 '57.
3460 5807 3519 5837 ³⁷·
3548 5802 3665 5856 Gen.
3691 5784 3803 5853 ms”
