3866 6412
248 430 392 486 tam;

1314 428 1378 482 IN
1409 427 1703 485 CANTICA
1729 422 2001 486 CANTIC.
2048 423 2333 481 HOMILIA
2367 425 2456 481 Χι.

3384 440 3521 496 tuna

240 542 570 613 ἄνθρωπον,
613 539 673 593 ὃν
705 539 1035 594 ἐκδύσασθαι
1080 541 1172 595 καὶ
1212 542 1511 599 ἀποθέσθαι
1559 543 1769 597 κελεύει
1814 543 1842 593 6

1950 552 2009 593 ac
2034 538 2333 609 deponant,
2357 541 2607 594 hortatur
2633 540 2854 599 divinus
2880 543 2972 601 ille
3007 546 3300 617 Apostolus
3332 561 3523 603 omnes

242 636 392 697 θεῖος
432 630 786 695 Ἀπόστολος,
844 630 973 695 τοὺς
1021 631 1317 703 μέλλοντας
1367 632 1447 705 τῷ
1486 632 1700 704 λουτρῷ
1744 631 1839 686 τοῦ

241 725 409 794 λόγου
440 725 531 777 τὸν
564 723 734 795 ῥύπον
777 722 887 776 τῶν
926 722 1139 793 βάσεων
1181 725 1282 795 τῆς
1310 725 1496 797 ψυχῆς
1526 724 1841 779 ἀποκλύσα-

244 819 395 872 σθαι.
427 816 637 882 Οὐκοῦν
663 818 756 870 τὸν
789 817 1021 872 παλαιὸν
1053 818 1500 890 ἀπεκδυσάμενος
1529 819 1838 891 ἄνθρωπον,

244 911 349 962 καὶ
387 905 657 979 περιελὼν
695 909 790 978 τῆς
821 908 1053 979 καρδίας
1095 908 1155 960 τὸ
1196 908 1492 979 κάλυμμα,
1547 906 1726 979 ἤνοιξε
1763 906 1841 978 τῷ

241 1001 411 1071 Λόγῳ
442 994 542 1071 τὴν
585 999 820 1067 εἴσοδον,
869 1000 927 1053 ὃν
967 999 1118 1065 ἐντὸς
1158 1001 1450 1072 γενόμενον
1480 1000 1682 1070 ἔνδυμα
1722 1017 1842 1053 ποι-

241 1095 391 1146 εῖται
423 1094 622 1164 ἑαυτῆς
655 1094 688 1164 ἡ
734 1092 905 1163 ψυχὴ,
937 1093 1077 1147 κατὰ
1105 1093 1205 1165 τὴν
1240 1093 1334 1148 τοῦ
1380 1094 1705 1148 Ἀποστόλου
1738 1095 1840 1163 ὑφ-

242 1189 471 1257 ήγησιν,
498 1185 558 1250 ὃς
580 1186 792 1240 κελεύει
816 1186 908 1239 τὸν
940 1186 1311 1257 ὲκδυσάμενον
1330 1186 1431 1258 τὴν
1460 1185 1716 1256 σαρκώδη
1745 1185 1840 1240 τοῦ

245 1276 487 1331 παλαιοῦ
513 1275 804 1348 ἀνθρώπου
834 1276 1151 1348 περιϐολὴν,
1178 1276 1499 1331 ἐνδύσασθαι
1525 1276 1728 1347 χιτῶνα
1752 1276 1842 1331 τὸν

246 1369 396 1424 κατά
423 1369 557 1422 Θεὸν
602 1369 925 1433 κτισθέντα,
980 1372 1038 1423 ἐν
1083 1370 1326 1441 ὁσιότητι
1372 1370 1465 1423 καὶ
1501 1368 1839 1444 δικαιοσύνῃ.

216 1464 227 1469 '
262 1460 473 1531 Ἰησοῦν
504 1461 560 1514 δὲ
585 1461 733 1530 λέγει
759 1456 898 1514 εἶναι
924 1461 986 1513 τὸ
1011 1461 1237 1531 ἔνδυμα.
1283 1462 1348 1514 Ἡ
1371 1461 1428 1516 δὲ
1450 1461 1715 1532 ὁμολογία
1742 1462 1843 1533 τῆς

242 1555 472 1626 νύμφης
510 1555 572 1607 τὸ
620 1554 818 1625 μηκέτι
865 1554 957 1607 τὸν
1004 1553 1382 1623 ἀποϐληθέντα
1430 1553 1634 1625 χιτῶνα
1679 1553 1842 1607 πάλιν

241 1646 678 1718 ἀναλαμϐάνειν,
726 1646 841 1701 ἀλλ’
878 1646 1166 1717 ἀρκεῖσθαι
1213 1646 1292 1718 τῷ
1335 1647 1417 1700 ἑνὶ
1446 1645 1654 1717 χιτῶνι,
1698 1644 1843 1700 κατά

241 1736 342 1790 τὸν
368 1735 589 1790 δοθέντα
617 1739 730 1799 τοῖς
763 1735 1035 1807 μαθηταῖς
1066 1737 1252 1807 νόμον,
1288 1736 1348 1790 ὃν
1380 1736 1468 1790 διὰ
1502 1739 1600 1807 τῆς
1634 1736 1842 1791 ἄνωθεν

243 1830 560 1899 γεννήσεως
577 1827 1028 1883 ἀνακαινισθεῖσα
1056 1830 1495 1901 μετημφιάσατο,
1517 1827 1726 1899 βεϐαιοῖ
1744 1827 1838 1881 τοῦ

240 1923 456 1994 Κυρίου
486 1923 578 1976 τὸν
610 1923 786 1993 λόγον,
834 1923 925 1976 τὸν
953 1923 1247 1978 κελεύοντα
1268 1924 1396 1987 τοὺς
1424 1922 1570 1990 ἅπαξ
1597 1923 1675 1995 τῷ
1709 1923 1838 1993 θείῳ

243 2016 629 2087 κοσμηθέντας
650 2016 927 2086 ὲνδύματι,
957 2016 1153 2088 μηκέτι
1184 2016 1580 2070 ἐπενδύσασθαι
1624 2017 1713 2069 τὸν
1739 2017 1839 2086 τῆς

244 2107 526 2179 ἁμαρτίας
553 2108 775 2178 χιτῶνα,
818 2106 952 2178 μηδὲ
992 2107 1085 2159 δύο
1118 2106 1353 2177 χιτῶνας
1387 2106 1553 2176 ἔχειν,
1586 2106 1723 2160 ἀλλά
1749 2105 1840 2158 τὸν

242 2201 350 2254 ἕνα
382 2200 560 2271 μόνον,
613 2198 701 2253 ἵνα
731 2200 804 2270 μὴ
835 2199 928 2253 δύο
960 2198 1090 2270 περὶ
1128 2198 1222 2251 τὸν
1251 2198 1413 2252 αὐτὸν
1443 2192 1576 2251 ὦσιν
1600 2199 1648 2251 οἱ
1670 2198 1843 2268 ἀσύμ-

242 2294 406 2347 ϐατοι
441 2293 579 2364 πρὸς
630 2291 890 2361 ἀλλήλους
921 2292 1184 2363 χιτῶνες
1220 2290 1316 2355 Τίς
1338 2291 1448 2363 γάρ
1480 2291 1737 2345 κοινωνία
1764 2289 1842 2360 τῷ

247 2383 517 2455 σκοτεινῷ
542 2384 800 2454 ὲνδύματι
826 2384 962 2452 πρὸς
1004 2383 1095 2437 τὸν
1126 2382 1386 2455 φωτοειδῆ
1416 2400 1473 2436 τε
1510 2384 1606 2437 καὶ
1636 2383 1798 2438 ἀῦλον
1825 2401 1839 2449 ;

246 2476 331 2530 Οὐ
371 2476 530 2547 μόνον
570 2476 627 2529 δὲ
654 2475 813 2529 τοῦτό
839 2492 1003 2547 φησιν
1033 2476 1268 2544 δ’νόμος,
1307 2476 1367 2529 τὸ
1405 2475 1477 2545 μὴ
1508 2475 1619 2529 δεῖν
1646 2474 1740 2528 δύο
1758 2492 1832 2547 χι-

242 2569 429 2631 τῶνας
454 2567 619 2637 ἔχειν,
634 2566 768 2621 ἀλλά
789 2568 924 2638 μηδὲ
944 2567 1305 2639 ὲπιρῤάπτειν
1325 2568 1387 2621 τὸ
1409 2566 1593 2621 καινὸν
1615 2566 1843 2637 ὕφασμα

241 2658 332 2732 τῷ
366 2658 579 2730 παλαιῷ
608 2659 807 2731 ίματίῳ
832 2675 846 2690 ⁸
904 2658 992 2713 ἵνα
1024 2658 1098 2730 μὴ
1125 2659 1325 2731 χείρων
1346 2659 1573 2747 γένηται
1603 2661 1635 2730 ἡ
1671 2661 1837 2730 ἀσχη-

248 2753 461 2827 μοσύνη
508 2750 603 2806 τοῦ
636 2751 726 2804 τὸν
755 2750 997 2805 τοιοῦτον
1032 2751 1524 2823 περιϐαλλομένου,
1578 2753 1717 2823 μήτε
1749 2752 1842 2805 τοῦ

244 2844 585 2918 ὲρραφέντος
632 2833 945 2914 μείναντοςξ
993 2844 1088 2897 καὶ
1133 2843 1228 2897 τοῦ
1278 2844 1508 2897 παλαιοῦ
1556 2848 1739 2915 χεῖρον
1783 2844 1845 2897 τὸ

248 2938 465 3010 σχίσμα
487 2937 749 3000 παθόντος
770 2937 865 2989 καὶ
884 2936 1339 3007 δυσθεράπευτον.
1364 2937 1517 3007 Alps:
1542 2937 1671 3008 γὰρ,
1687 2937 1842 3009 φησι,

244 3032 318 3085 τὸ
358 3031 632 3102 πλήρωμα
660 3029 722 3082 τὸ
763 3029 948 3083 καινὸν
979 3029 1073 3081 τοῦ
1114 3028 1369 3092 παλαιοῦ,
1401 3031 1494 3083 καὶ
1519 3031 1699 3101 χεῖρον
1737 3030 1844 3100 σχί-

250 3138 372 3193 σμα
404 3121 642 3190 γίνεται,
687 3119 764 3183 ὼς
802 3118 1225 3190 δημοσιεύεσθαι
1255 3120 1324 3174 δι’
1365 3120 1530 3174 αὐτοῦ
1574 3120 1642 3173 τὰ
1675 3122 1844 3192 ἀσχή-

252 3229 414 3284 μονα.
469 3213 567 3265 Διά
605 3210 763 3264 τοῦτό
796 3227 982 3281 φησιν-
1029 3210 1442 3282 Ἐξεδυο-άμην·
1477 3212 1585 3265 τὸν
1626 3211 1847 3283 χιτῶνὰ

247 3320 374 3375 μου
395 3343 410 3366 ,
458 3301 584 3368 πῶς
620 3301 949 3371 ἐνδύσομαι
977 3303 1205 3367 αὐτόν;
1256 3302 1352 3365 Τίς
1388 3301 1496 3376 γάρ
1529 3304 1595 3359 ἂν
1628 3303 1840 3373 βλέπων

250 3395 389 3465 περὶ
417 3395 606 3448 ἑαυτὸν
636 3394 727 3447 τὸν
752 3393 989 3463 ἡλιοειδῆ
1017 3392 1112 3446 τοῦ
1142 3395 1347 3465 Κυρίου
1386 3395 1609 3465 χιτῶνα,
1641 3396 1731 3448 τὸν
1755 3395 1842 3449 διὰ

249 3485 632 3554 καθαρότητος
698 3485 792 3537 καὶ
825 3482 1130 3554 ἀφθαρσίας
1155 3483 1304 3553 αὐτῷ
1334 3484 1704 3555 περιτεθέντα,
1732 3481 1842 3537 οἷον

255 3580 357 3633 ἐπὶ
380 3578 477 3648 τῆς
494 3576 587 3629 τοῦ
604 3576 764 3647 ὅρους
791 3574 1269 3646 μεταμορφώσεως
1299 3576 1519 3643 ἔδειξεν,
1537 3573 1654 3630 εἶτα
1675 3594 1843 3630 κατα-

250 3669 472 3739 δέχεται
493 3669 554 3721 τὸ
574 3667 785 3738 πτωχόν
800 3683 857 3718 τε
884 3666 975 3719 καὶ
1001 3665 1243 3735 ρακῶδες
1265 3668 1477 3738 ἱμάτιον
1494 3667 1674 3738 ἐαυτῷ
1688 3686 1842 3738 περι-

252 3758 454 3821 θεῖναι,
499 3758 636 3827 ὅπερ
666 3757 694 3809 6
728 3754 960 3825 μέθυσος
985 3756 1081 3808 καὶ
1125 3756 1154 3807 6
1185 3756 1519 3827 πορνοκόπος
1539 3798 1554 3821 ,
1597 3757 1780 3821 καθὼς
1809 3761 1842 3829 ἡ

252 3848 532 3919 παροιμία
562 3846 719 3918 φησὶ,
740 3846 1159 3919 περιϐάλλεταις
1200 3847 1360 3902 Ἀλλά
1380 3848 1502 3901 οὐδὲ
1522 3851 1649 3912 τοὺς
1678 3850 1843 3913 πόδας

253 3940 526 4010 νιψαμένη
548 3978 562 4001 ,
609 3938 771 3991 πάλιν
805 3941 871 4009 τῇ
903 3937 1060 4007 βάσει
1087 3938 1179 3990 τὸν
1214 3940 1278 3991 ὲκ
1300 3937 1401 4009 τῆς
1434 3940 1537 4008 γῆς
1569 3939 1843 4010 μολυσμὸν

255 4032 653 4103 παραδέχεται.

347 4123 678 4193 Ἐνιψάμην
710 4123 847 4193 γὰρ,
897 4123 1061 4191 φησι,
1110 4122 1251 4189 τοὺς
1290 4124 1482 4189 πόδας
1521 4142 1675 4193 μοι),
1722 4124 1845 4191 πῶς

251 4212 509 4287 μολυνῶ
549 4216 814 4279 αὐτούς;
868 4214 1001 4267 Οὐδὲ
1031 4214 1140 4282 γὰρ
1168 4213 1410 4284 Μωῦσῆς
1442 4212 1521 4282 τῷ
1558 4213 1686 4284 θείῳ
1711 4232 1845 4286 προ-

261 4307 540 4376 στάγματι
567 4306 668 4377 τῆς
699 4307 898 4376 νεκρᾶς
922 4304 1031 4357 τῶν
1057 4305 1343 4375 δερμάτων
1377 4304 1670 4376 περιϐολῆς
1696 4306 1848 4358 ἐλευ-

255 4399 512 4471 Θερώσας
538 4399 664 4463 τοὺς
702 4399 889 4463 πόδας,
937 4399 1025 4452 ὅτε
1062 4399 1163 4469 τῆς
1204 4399 1364 4467 ἁγίας
1391 4416 1451 4452 τε
1476 4399 1572 4452 καὶ
1610 4417 1847 4470 πεφωτι-

260 4492 473 4565 σμένης
495 4492 749 4548 ἐπέϐαινε
767 4493 891 4563 γῆς,
923 4492 1084 4546 πάλιν
1109 4492 1397 4564 ἱστορεῖται
1426 4494 1696 4549 διαλαϐὼν
1722 4495 1848 4559 τοὺς

1944 631 2038 701 qui
2073 632 2219 687 verbi
2257 632 2474 687 lavacro
2503 640 2634 688 sunt
2653 631 2895 688 abluturi
2938 634 3131 691 sordes
3167 636 3366 705 pedum
3405 638 3524 692 ani-

1944 738 2066 779 mae.
2118 722 2302 780 Veteri
2336 739 2470 795 ergo
2513 731 2680 781 exuto
2728 725 2975 791 homine,
3016 735 3072 782 et
3103 728 3287 782 ablato
3337 728 3520 785 cordis

1944 818 2251 884 involucro,
2321 819 2498 875 Verbo
2575 819 2789 887 aperuit
2838 818 3069 885 aditum,
3108 836 3272 890 quem
3305 821 3523 892 ingres-

1944 922 2066 964 sum
2115 910 2499 965 indumentum
2546 910 2653 967 sibi
2709 909 2841 966 facit
2886 912 3089 977 anima,
3132 915 3525 969 convenienter

1944 1001 2278 1070 expositioni
2306 1001 2575 1071 Apustoli,
2607 1001 2701 1072 qui
2720 1002 2878 1071 jubet
2908 1010 3076 1057 exuto
3110 1006 3385 1074 corporali
3425 1021 3523 1060 ve-

1943 1094 2081 1148 teris
2122 1092 2361 1147 hominis
2390 1092 2734 1158 indumento,
2759 1085 2990 1149 induere
3014 1110 3211 1150 novam
3253 1097 3520 1161 tunicam,

1945 1196 2070 1252 quae
2117 1182 2422 1238 secundum
2458 1182 2631 1238 Deum
2680 1191 2766 1239 est
2804 1192 2993 1240 creata
3026 1188 3081 1240 in
3125 1190 3420 1245 sanctitate
3467 1201 3524 1249 et
3558 1182 3564 1186 ’

1941 1273 2250 1345 iustitia”.
2299 1274 2487 1331 Jesum
2536 1287 2719 1331 autem
2756 1276 2895 1332 dicit
2947 1278 3330 1335 indumentum
3375 1298 3518 1340 esse.

1946 1365 2178 1436 Sponsa
2223 1376 2405 1422 autem
2456 1368 2750 1439 professio,
2794 1369 2942 1441 Quod
2993 1386 3156 1442 quam
3216 1375 3369 1429 exuit
3412 1390 3521 1430 non

1945 1460 2018 1514 sit
2046 1473 2243 1515 rursus
2278 1471 2570 1531 acceptura
2604 1463 2869 1527 tunicam,
2890 1462 2988 1518 sed
3022 1472 3279 1519 contenta
3310 1466 3383 1521 sit
3414 1482 3523 1521 una

1943 1546 2152 1611 tunica,
2177 1560 2547 1622 congruenter
2568 1552 2670 1623 legi
2703 1551 2846 1606 data:
2876 1552 3195 1623 discipulis,
3238 1571 3404 1624 quam
3428 1571 3525 1627 per

1942 1644 2413 1714 regenerationem
2465 1652 2724 1699 renovata
2759 1644 2939 1699 induit
2986 1646 3190 1711 anima,
3233 1647 3525 1702 conﬁrmat

1942 1736 2334 1793 convenienter
2352 1737 2401 1792 ei
2428 1736 2574 1806 quod
2602 1736 2743 1791 dixit
2768 1735 3081 1809 Scriptura,
3127 1752 3236 1792 non
3264 1746 3525 1809 oportere

1941 1846 2037 1887 eos
2071 1832 2163 1899 qui
2198 1830 2367 1885 semel
2396 1830 2584 1884 divino
2617 1829 2942 1885 indumento
2974 1840 3105 1886 sunt
3154 1832 3360 1894 ornati,
3395 1844 3524 1900 pec.

1943 1924 2054 1979 cati
2088 1924 2330 1978 tunicam
2376 1923 2625 1986 induere,
2688 1937 2787 1977 nec
2825 1922 2965 1979 duas
3020 1923 3519 1998 habereJunicas,

1943 2018 2035 2072 sed
2074 2032 2238 2071 unam
2262 2017 2432 2072 solam
2457 2016 2853 2089 (innocentiae),
2898 2031 2968 2070 ne
3013 2015 3150 2071 duas
3211 2018 3522 2071 contrarias

1942 2110 2086 2163 inter
2119 2125 2177 2163 se
2205 2109 2437 2163 invicem
2467 2108 2798 2177 conjunctas
2832 2107 3073 2162 habeant
3116 2108 3351 2162 tunicas.
3382 2108 3519 2174 Quae

1943 2207 2028 2255 est
2056 2202 2205 2255 enim
2226 2201 2466 2256 societas
2491 2201 2741 2255 obscurae
2761 2207 2815 2254 et
2841 2200 3146 2254 tenebrosae
3174 2201 3378 2255 tunicas
3398 2217 3519 2256 cum

1944 2292 2215 2347 luminosa
2249 2299 2302 2346 et
2338 2298 2562 2361 experte
2601 2290 2887 2345 materiae?
2942 2290 3060 2345 Non
3097 2291 3273 2345 solum
3334 2299 3517 2346 autem

1943 2382 2027 2439 lex
2060 2383 2163 2437 hoc
2196 2382 2371 2453 jubet,
2399 2398 2509 2437 non
2538 2389 2795 2451 oportere
2815 2381 3021 2436 habere
3051 2381 3189 2437 duas
3210 2383 3430 2437 tunicas
3455 2384 3521 2444 ",

1946 2474 2041 2531 sed
2072 2490 2173 2530 nec
2195 2489 2393 2529 novum
2415 2488 2657 2545 pannum
2677 2474 2849 2528 veteri
2869 2473 3207 2527 vestimento
3227 2473 3524 2539 assucre“,

1946 2584 2015 2623 ne
2046 2568 2167 2637 ejus
2196 2569 2287 2638 qui
2320 2568 2424 2622 hoc
2455 2567 2633 2622 induit
2666 2567 2840 2636 major
2866 2565 3281 2622 sitdeformitas
3317 2582 3379 2620 ac
3407 2574 3518 2619 tur-

1946 2657 2158 2728 pitudo,
2195 2673 2319 2712 cum
2357 2672 2533 2727 neque
2565 2663 2785 2711 maneat
2832 2656 2889 2711 id
2920 2656 3065 2727 quod
3112 2665 3197 2710 est
3248 2666 3520 2719 assutum,

1946 2765 2000 2809 ct
2025 2754 2227 2809 veteris
2264 2754 2335 2809 sit
2370 2754 2616 2809 scissura
2656 2751 2922 2817 deterior,
2985 2766 3087 2806 nec
3136 2749 3299 2805 facile
3346 2752 3522 2821 possit

1946 2844 2248 2901 remedium
2285 2842 2554 2899 adhiberi.
2587 2840 2753 2896 Tollit
2784 2840 2955 2905 enim,
2993 2841 3197 2911 inquit,
3239 2841 3523 2911 plenitudo

1946 2953 2145 2993 novum
2171 2952 2200 2990 a
2239 2943 2421 2991 vetere
2453 2935 2808 2996 vestimento,
2865 2941 2919 2989 et
2961 2934 3118 3004 pejor
3153 2933 3394 2988 scissura
3446 2937 3525 2994 tit,

1950 3029 2086 3084 adeo
2129 3036 2188 3082 ut
2240 3043 2337 3099 per
2391 3042 2535 3090 eam,
2570 3042 2692 3096 quae
2732 3026 2914 3095 turpia
2962 3034 3093 3080 sunt
3148 3024 3526 3094 prepalentur.

1948 3122 2214 3192 Proptera
2247 3120 2381 3173 dicit
2416 3137 2430 3173 :
2471 3118 2613 3172 Eatui
2648 3118 2883 3171 tunicam
2927 3132 3119 3181 meam,
3159 3116 3425 3185 quomodo
3454 3116 3534 3168 in-

1899 3253 1919 3277 ,
1950 3213 2113 3266 duam
2148 3211 2355 3265 eam"?
2385 3210 2522 3277 Quis
2552 3210 2697 3263 enim
2726 3223 2850 3263 cum
2870 3208 2953 3262 vel
2972 3209 3090 3278 ipso
3112 3208 3226 3262 sole
3242 3206 3529 3261 clariorem

1953 3301 2169 3356 Domini
2202 3300 2480 3371 aspexerit
2521 3299 2791 3360 tunicam,
2839 3306 3153 3353 contextam
3188 3311 3288 3366 per
3320 3297 3533 3365 purita-

1952 3402 2058 3449 tem
2092 3402 2147 3447 et
2191 3392 2689 3460 incorruptionem,
2734 3392 2950 3460 qualem
2986 3388 3229 3445 ostendit
3260 3389 3318 3442 in
3351 3398 3533 3443 trans-

1950 3484 2276 3555 ﬁguratione
2311 3483 2367 3535 in
2402 3490 2604 3547 monte,
2653 3482 3028 3535 mendicorum
3067 3489 3274 3536 vestem
3323 3495 3535 3549 panno-

1952 3593 2068 3634 sam
2110 3576 2363 3630 lubenter
2394 3573 2653 3638 induerit,
2682 3570 2990 3642 cujusmodi
3029 3579 3112 3627 cst
3144 3571 3281 3626 ebrii
3309 3578 3363 3624 et
3415 3572 3533 3626 for-

1951 3668 2242 3729 nicatoris,
2271 3665 2413 3721 sicut
2452 3664 2585 3718 dicit
2604 3662 2997 3733 proverbium?
3025 3661 3130 3717 Sed
3165 3676 3345 3732 neque
3366 3671 3522 3731 post-

1951 3775 2113 3832 quam
2152 3757 2319 3829 pedes
2351 3756 2502 3821 lavit,
2536 3771 2731 3811 rursus
2758 3770 2822 3810 ex
2864 3754 3088 3811 incessu
3118 3762 3365 3809 terrenas
3406 3770 3531 3809 sor-

1953 3852 2051 3910 des
2079 3851 2338 3906 admittit.

2029 4127 2155 4182 Lavi
2174 4127 2344 4191 enim,
2392 4124 2588 4195 inquit,
2630 4124 2782 4193 pedes
2834 4138 2999 4186 meos,
3047 4133 3309 4192 quomodo
3354 4122 3533 4192 inqui-

1955 4222 2092 4276 nabo
2117 4236 2203 4275 eos
2230 4221 2253 4271 ?
2284 4217 2474 4288 Neque
2506 4216 2651 4271 enim
2696 4215 2877 4271 Moses
2906 4229 3030 4269 cum
3063 4216 3223 4285 jussu
3250 4215 3432 4269 divino
3472 4214 3537 4269 li-

1953 4313 2200 4368 berasset
2221 4308 2384 4379 pedes
2404 4322 2433 4360 a
2466 4314 2683 4359 mortuo
2703 4305 2924 4375 pellium
2949 4304 3289 4369 indumento,
3313 4307 3534 4376 quando

1957 4413 2157 4460 terram
2192 4398 2436 4455 ascendit
2460 4407 2709 4453 sanctam
2745 4404 2799 4450 et
2835 4395 3220 4460 illuminatam,
3274 4407 3534 4451 narratur

1956 4512 2151 4555 rursus
2192 4494 2357 4565 pedes
2389 4491 2637 4547 induisse
2690 4489 2891 4544 calceis
2924 4504 3143 4559 :nequc
3182 4490 3403 4559 quando
3444 4507 3535 4546 ve-

262 4586 437 4649 τιύδας
468 4588 580 4649 τοῖς
605 4586 968 4656 ὑποδήμασιν,
990 4586 1079 4639 ὅτε
1106 4586 1200 4639 καὶ
1225 4585 1323 4657 τὴν
1347 4586 1626 4659 ἱερατικὴν
1647 4589 1844 4659 ἐσθῆτα

1957 4598 2095 4647 stem
2119 4584 2922 4652 sacerdotalem,congruenter
2950 4578 3137 4651 ﬁguras
3164 4597 3287 4652 qua:
3311 4590 3534 4638 ostensa

259 4677 414 4733 κατά
448 4677 538 4732 τὸν
566 4678 734 4732 τύπον
758 4677 853 4732 τὸν
885 4681 942 4731 ὲν
979 4677 1057 4748 τῷ
1081 4678 1198 4751 δρει
1229 4678 1507 4749 δειχθέντα
1536 4680 1856 4752 φιλοτεχνή-

266 4786 395 4833 σας,
428 4769 630 4841 χρυσοῦ
663 4769 763 4822 καῖ
806 4768 1114 4840 πορφύρας,
1150 4768 1244 4822 καὶ
1274 4768 1493 4838 βύσσου,
1540 4772 1635 4825 καὶ
1666 4772 1847 4824 ὑακίν-

262 4860 389 4920 θου,
423 4859 515 4911 καὶ
556 4859 759 4912 κόκκου
791 4858 887 4922 τάς
933 4856 1106 4926 αὐγὰς
1140 4860 1487 4929 συγκεράσας
1526 4861 1583 4913 ὲν
1607 4860 1684 4931 τῷ
1715 4862 1855 4929 ὑφά-

267 4967 460 5021 σματι,
492 4949 633 5007 ὥστε
674 4949 979 5019 σύμμικτον
1007 4950 1072 5002 ὲκ
1103 4950 1319 5004 πάντων
1344 4952 1758 5021 ἀπαστράπτειν
1795 4950 1856 5003 τὸ

265 5043 489 5104 κάλλος,
527 5043 719 5095 οὐδένα
742 5044 853 5106 τοῖς
884 5041 1010 5096 ποσὶ
1046 5042 1248 5112 κόσμον
1290 5044 1708 5113 ὲπετεχνήσατο,
1735 5043 1852 5097 ἀλλ’

263 5133 753 5212 ἦνααλλωπισμδς
772 5134 868 5188 τοῦ
895 5134 1169 5206 ἱερατικοῦ
1200 5135 1360 5198 ποδὸς
1390 5136 1451 5189 τὸ
1480 5137 1683 5206 γυμνὸν
1714 5133 1852 5191 εἶναι

267 5228 455 5296 πάσης
483 5225 798 5297 περιϐολῆς,
832 5228 927 5280 καὶ
955 5227 1254 5295 ἐλεύθερον.
1294 5227 1413 5298 Χρὴ
1441 5227 1551 5298 γὰρ
1577 5228 1668 5281 τὸν
1701 5228 1851 5299 ἱερέα

267 5317 491 5382 πάντως
513 5319 606 5371 ἐπὶ
621 5319 721 5387 τῆς
744 5318 907 5386 ἁγίας
930 5317 1216 5388 βεϐηκέναι
1236 5317 1360 5387 γῆς,
1385 5314 1449 5388 ἧς
1480 5319 1616 5388 μετά
1643 5320 1853 5381 νεκρῶν

264 5409 558 5479 δερμάτων
589 5408 935 5462 ἐπιϐατεύειν
968 5410 1028 5461 ού
1059 5409 1235 5478 θέμις.
1289 5409 1385 5463 Διά
1417 5411 1575 5463 τοῦτο
1611 5412 1707 5464 καὶ
1743 5414 1853 5475 τοῖς

274 5500 546 5573 μαθηταῖς
574 5503 603 5553 6
635 5499 837 5571 Κύριος
862 5499 1196 5569 ἀπαγορεύει
1232 5499 1300 5553 τὰ
1330 5500 1670 5570 ὑποδήματα,
1702 5502 1853 5553 ὲπει-

267 5594 338 5654 δὴ
371 5591 584 5645 κελεύει
600 5591 797 5654 αὐτοὺς
820 5593 899 5655 είς
923 5591 1091 5644 ἐθνῶν
1108 5591 1224 5645 ὁδὸν
1257 5592 1329 5663 μὴ
1356 5591 1852 5663 «apameme

267 5685 362 5740 διὰ
393 5686 488 5757 τῆς
521 5684 684 5754 ἁγίας
711 5682 831 5736 ὁδοῦ
858 5683 1124 5753 προϊέναι.
1164 5683 1279 5737 Οὐκ
1305 5685 1518 5751 ἀγνοεῖς
1539 5682 1595 5735 δὲ
1638 5684 1856 5746 πάντως

1954 4678 2057 4733 fuit
2090 4676 2145 4729 in
2182 4681 2387 4738 monte,
2411 4669 2616 4725 at'fabre
2654 4679 2739 4725 est
2782 4668 3102 4737 fabricatus,
3158 4672 3276 4727 auri
3323 4682 3375 4727 et
3405 4686 3536 4743 pur-

1952 4783 2122 4841 purae,
2173 4775 2228 4820 et
2261 4763 2436 4836 byssi,
2489 4771 2541 4817 et
2574 4761 2883 4833 hyacinthi,
2930 4771 2984 4816 et
3036 4764 3188 4817 cocci
3230 4765 3283 4818 in
3320 4771 3535 4823 textura

1953 4858 2378 4928 contemperatis
2409 4854 2819 4926 splendoribus,
2854 4861 2915 4907 ut
2941 4853 3241 4925 refulgeret
3292 4857 3534 4926 pulchri-

1953 4952 2088 5005 tudo
2113 4948 2400 5004 commista
2462 4962 2526 5001 ex
2573 4945 2854 5011 omnibus,
2909 4942 3082 4999 ullum
3147 4930 3532 5002 ornam‘entum

1956 5044 2256 5099 fabricatus
2284 5048 2369 5094 est
2408 5039 2659 5108 pedibus,
2708 5036 2803 5094 sed
2848 5037 3210 5093 sacerdotalis
3236 5039 3391 5107 pedis
3419 5046 3535 5093 erat

1953 5142 2333 5191 ornamentum
2357 5147 2478 5187 esse
2510 5131 2718 5186 nudum
2747 5138 2800 5186 et
2831 5131 3065 5185 liberum
3098 5132 3165 5185 ab
3199 5131 3346 5184 omni
3382 5132 3534 5184 indu-

1955 5235 2159 5281 mento.
2200 5225 2427 5294 Oportet
2467 5225 2614 5279 enim
2668 5220 3007 5278 sacerdotem
3056 5236 3272 5291 semper
3326 5223 3531 5292 ingredi

1962 5324 2382 5385 super‘terram
2443 5322 2714 5378 sanctam,
2772 5322 2940 5383 super
2979 5328 3145 5384 quam
3190 5327 3297 5365 non
3334 5311 3418 5367 fas
3452 5323 3535 5368 est

1955 5409 2165 5479 ingredi
2201 5423 2323 5461 cum
2382 5407 2622 5477 pellibus
2680 5410 2933 5463 mortuis.
3001 5406 3065 5460 Et
3107 5406 3226 5461 idco
3274 5406 3534 5481 Dominus
3605 5467 3609 5471 ,

1960 5516 2179 5573 quoque
2225 5501 2511 5570 diScipulis
2550 5499 2832 5554 interdicit
2882 5499 3104 5563 calceis,
3161 5499 3383 5568 quando
3439 5516 3535 5558 eos

1958 5595 2112 5663 jubet
2141 5608 2250 5648 non
2290 5593 2369 5648 ire
2398 5592 2451 5646 in
2475 5592 2618 5645 viam
2654 5591 2920 5661 gentium,
2959 5592 3053 5646 sed
3094 5607 3190 5662 per
3226 5593 3366 5648 viam
3407 5609 3536 5650 san—

1961 5693 2104 5739 ctam
2132 5668 2469 5739 incedere“.
2505 5682 2759 5737 Sanctam
2801 5690 2980 5738 autem
3014 5684 3163 5738 aviam
3203 5687 3429 5741 omnino
3451 5687 3533 5744 in-

362 5864 407 5901 ³⁸
436 5860 633 5936 Ephes.
664 5878 736 5929 tv,
766 5862 858 5921 24.
925 5862 970 5895 ³⁸
998 5861 1189 5917 Matth.
1233 5878 1290 5928 ι,
1322 5862 1408 5918 10.
1475 5863 1519 5894 ⁸⁸
1550 5861 1713 5916 Marc.
1746 5878 1806 5926 ιι,
1840 5866 1844 5911 4

2003 5842 2061 5890 δίη
2088 5858 2276 5913 Matth.
2306 5874 2434 5922 xvn,
2464 5857 2514 5914 2.
2580 5859 2623 5889 ¹⁸¹
2654 5857 2843 5912 Mallh-
2878 5874 2929 5922 ις
2959 5863 3020 5923 ὅ»
3051 5855 3103 5915 δ’
