3866 6388
440 389 574 446 tne?

1706 390 1762 447 ε.
1805 391 1892 444 (ιιι
1905 388 2130 444 ΕΟΟΙΗΙ
2164 389 2448 447 NYSSENI

3588 401 3716 457 arm

435 515 655 582 tclligis.
683 526 775 580 per
799 524 960 579 quam
1001 507 1264 576 jubentur
1312 519 1534 560 currere
1585 505 1866 574 discipuli,
1924 520 1996 573 qu

2125 503 2220 574 τὴν
2257 505 2416 572 ἁγίαν
2463 505 2599 565 ὁδὸν,
2641 505 2706 558 δι’
2750 499 2817 576 ἧς
2851 507 2899 557 οἱ
2937 505 3181 576 μαθηταὶ
3211 505 3427 578 τρέχειν
3470 511 3715 564 κελεύον-

437 603 674 656 didicisti
727 602 795 654 a-b
825 615 890 654 eo
925 598 1015 668 qui
1066 596 1202 652 dixit
1239 616 1252 651 :
1285 595 1397 668 Ego
1440 613 1555 650 sum
1604 597 1689 650 via
1735 595 1816 660 ",
1857 612 2020 667 quam

435 709 544 748 non
577 694 700 746 licet
759 699 984 760 tangere
1022 703 1145 743 eum
1201 687 1295 756 qui
1353 687 1594 741 hominis
1646 687 1848 740 mortui
1911 701 2019 741 non

435 785 600 838 solvit
636 782 1042 837 indumentum.
1074 779 1212 844 Quia
1253 777 1420 849 igitur
1439 777 1582 832 hanc
1599 777 1745 832 viam
1768 779 2014 848 ingressa

433 885 516 930 est
546 888 770 944 sponsa,
804 873 991 942 inqua
1029 870 1449 925 ambulantibus
1503 868 1673 940 pedes
1719 885 1862 940 aqua
1913 870 2020 923 Do-

435 966 618 1020 minus
649 963 845 1026 abluit,
901 972 957 1017 et
1001 962 1239 1032 extergit
1290 963 1479 1025 linteo,
1539 977 1650 1032 quo
1685 963 1902 1016 cinctus
1935 969 2019 1015 est

435 1059 541 1125 (est
571 1065 751 1110 autem
783 1053 1007 1108 omnino
1038 1052 1248 1107 Domini
1285 1051 1594 1122 cingulum,
1648 1053 1731 1107 vis
1763 1053 2015 1122 quaedam

434 1149 733 1221 puriﬁcans
775 1161 804 1201 a
845 1146 1118 1217 peccatis;
1178 1147 1259 1201 sic
1307 1146 1452 1201 enim
1482 1145 1865 1215 praescriptum
1897 1154 2005 1207 est,

433 1241 694 1295 Dominus
736 1241 980 1294 virtutem
1031 1237 1204 1290 induit
1254 1253 1415 1308 eaque
1449 1254 1503 1292 se
1547 1238 1888 1308 prmcinasit):
1933 1237 2015 1290 id—

432 1335 584 1387 circo
622 1331 787 1403 pedes
827 1331 1032 1392 abluta,
1094 1335 1266 1385 semet
1306 1329 1360 1382 in
1406 1330 1493 1382 via
1548 1328 1696 1400 regia
1740 1328 2010 1391 custodit,

433 1441 610 1494 neque
668 1424 735 1479 ad
788 1423 1090 1486 dexteram,
1139 1437 1316 1494 neque
1365 1421 1430 1476 ad
1475 1423 1664 1477 larvam
1693 1419 2013 1484 deﬂectens,

431 1533 500 1571 ne
524 1519 842 1572 alterutram
901 1515 969 1569 ad
1004 1522 1212 1584 partem
1260 1513 1598 1578 exorbitans,
1646 1514 1760 1568 luto
1824 1512 2012 1582 pedem

439 1606 899 1678 suum'inquinet.
939 1605 1202 1676 lntelligis
1245 1615 1424 1659 autem
1471 1603 1603 1674 quid
1634 1619 1730 1674 per
1774 1603 1888 1656 lucc
1941 1603 2018 1656 si-

429 1699 740 1772 gniﬁcetur,
774 1697 1034 1753 nimirum
1068 1697 1305 1750 animam
1342 1711 1464 1767 quae
1497 1695 1665 1750 semel
1699 1710 1796 1764 per
1830 1694 2014 1763 bapti-

430 1809 610 1847 smum
670 1793 885 1847 calceos
940 1791 1186 1852 solverit,
1223 1790 1350 1860 (est
1397 1790 1541 1844 enim
1574 1788 1680 1843 hoc
1722 1788 2016 1843 mersantis

2127 613 2237 656 ται,
2270 595 2458 666 μαθὼν
2506 595 2658 668 παρὰ
2688 596 2784 649 τοῦ
2815 598 3089 660 εἰπόντος·
3135 600 3282 669 Ἐγώ
3307 603 3423 670 εἰμι
3471 603 3511 668 ἠ
3547 605 3710 670 ὁδὸς,

2121 683 2186 758 ἦς
2213 687 2314 741 οὐκ
2355 688 2502 740 ἐστιν
2532 687 2773 757 ἅψασθαι
2804 688 2895 742 τὸν
2926 689 3007 760 μὴ
3038 691 3446 762 ὑπολυσάμενον
3473 694 3574 766 τὴν
3611 695 3712 750 τοῦ

2121 778 2316 850 νεκρού
2343 778 2630 848 ἀνθρώπου
2659 780 2974 850 περιϐολήν.
3001 782 3155 834 Ἐπεὶ
3181 780 3275 836 οὖν
3307 785 3368 838 ὲν
3393 786 3568 858 ταύτῃ
3596 789 3710 856 ὲγέ·

2119 887 2241 922 νετο
2289 875 2354 942 τῇ
2411 871 2514 942 ὁδῷ
2543 874 2577 942 ἡ
2609 871 2818 943 νύμφη,
2869 875 2925 924 ὲν
3019 874 3129 926 τῶν
3171 875 3237 928 δι’
3268 877 3438 940 αὐτῆς
3469 895 3709 949 περιπαα

2117 961 2351 1014 τούντων
2387 965 2414 1015 6
2445 961 2650 1034 Κύριος
2689 964 2866 1016 νίπτει
2913 966 3041 1027 τοὺς
3085 965 3253 1028 πόδας
3287 966 3363 1036 τῷ
3397 967 3575 1034 ὕδατι,
3609 973 3707 1022 καὶ

2119 1055 2388 1124 ὲκμάσσει
2432 1054 2510 1124 τῷ
2541 1055 2734 1125 λεντίῳ
2776 1047 2821 1122 ᾧ
2845 1056 3168 1120 διεζώσατο·
3226 1057 3450 1129 δύναμις
3487 1060 3546 1113 δέ
3587 1062 3706 1114 ἐστι

2119 1146 2425 1217 καθαρτικὴ
2451 1145 2555 1200 τῶν
2599 1147 2886 1218 ἁμαρτιῶν
2927 1149 2986 1201 τὸ
3016 1149 3108 1201 τοῦ
3142 1150 3345 1220 Κυρίου
3381 1150 3668 1222 διάζωσμα
3689 1171 3703 1183 ·

2133 1239 2495 1292 Ἐνεδύσιιτο
2530 1239 2661 1310 γὰρ,
2689 1241 2844 1310 φησὶ,
2875 1241 3088 1308 Κύριος
3128 1241 3402 1311 δύναμιν,
3429 1243 3528 1296 καὶ
3551 1260 3709 1313 περι-

2117 1329 2372 1389 εζώσατο
2401 1347 2412 1361 ·
2453 1331 2543 1384 διὰ.
2573 1331 2732 1384 τοῦτο
2765 1333 3100 1403 καθαρθεῖσα
3132 1335 3256 1398 τοὺς
3287 1335 3454 1397 πόδας
3482 1337 3580 1388 ἐπὶ
3602 1338 3706 1406 τῆς

2109 1419 2238 1498 ,ὁδοῦ
2269 1420 2367 1489 τῆς
2395 1421 2702 1490 βασιλικῆς,
2730 1422 2930 1492 ἑαυτὴν
2954 1423 3236 1490 φυλάσσει,
3259 1426 3358 1477 οὐκ
3378 1427 3706 1481 ἐκκλίνουσα⁵

2119 1513 2198 1573 είς
2229 1511 2399 1574 δεξιὰ,
2431 1511 2464 1582 ἢ
2497 1514 2574 1575 είς
2600 1513 2865 1584 ἀριστερὰ
2892 1531 2904 1545 ο
2954 1515 3037 1567 ἵνα
3067 1514 3140 1586 μὴ
3165 1517 3284 1569 καθ’
3311 1517 3573 1586 ἑκάτερον
3597 1519 3705 1582 ἔξω

2119 1602 2218 1671 τῆς
2248 1602 2367 1655 όδοῦ
2413 1606 2830 1676 παρενεγκούσα
2873 1606 2933 1657 τὸ
2976 1607 3144 1674 ίχνος,
3201 1607 3399 1678 μολύνῃ
3433 1609 3510 1679 τῷ

2117 1693 2208 1745 τὸν
2236 1693 2391 1748 πόδα.
2429 1694 2585 1758 Νοεῖς
2606 1695 2662 1748 δὲ
2695 1697 2909 1760 πάντως
2942 1697 3003 1750 τὸ
3023 1697 3110 1749 διὰ
3136 1699 3242 1751 τῶν
3265 1701 3573 1769 εἰρημένων
3604 1701 3705 1770 δη-

2068 1775 2075 1781 ’
2117 1784 2396 1854 λούμενον,
2423 1786 2504 1839 ὃτι
2531 1789 2562 1856 ἡ
2591 1787 2735 1852 ἅπαξ
2770 1787 2857 1841 διὰ
2883 1788 2977 1842 τού
3016 1788 3392 1860 βαπτίσματος
3429 1791 3702 1844 ὑπολύσα-

429 1903 550 1942 sese
601 1887 905 1968 proprium,
966 1892 1025 1939 ut
1084 1885 1396 1940 calceorum
1455 1883 1724 1953 corrigias
1775 1882 2000 1937 solvat:

2118 1877 2253 1947 μένη
2270 1877 2338 1930 τά
2367 1878 2690 1949 ὑποδήματα
2715 1897 2728 1908 ·
2758 1879 2890 1933 [διον
2915 1886 3021 1952 γὰρ
3039 1880 3131 1934 τοῦ
3158 1881 3508 1950 βαπτίζοντος
3537 1884 3700 1955 ἔργον

426 1977 886 2047 quemadmodum
938 1973 1179 2029 Joannes
1228 1974 1660 2045 protestabatur,
1718 1987 1826 2026 non
1851 1986 2003 2041 posse

2114 1970 2174 2022 τὸ
2201 1969 2348 2023 λύειν
2369 1971 2494 2032 τοὺς
2526 1971 2755 2042 ἱμάντας
2782 1972 2890 2025 τῶν
2917 1974 3302 2043 ὑποδημάτων.
3326 1975 3510 2038 καθὼς
3526 1977 3702 2030 Ἰωάν-

427 2084 486 2123 se
517 2069 619 2122 hoc
656 2068 710 2121 iu
741 2067 860 2122 solo
901 2066 1130 2120 Domino
1182 2065 1382 2122 facere.
1437 2063 1571 2118 Nam
1614 2064 1708 2134 qui
1755 2063 2003 2119 solvisset

2113 2080 2210 2131 νης
2242 2061 2664 2135 διεμαρτύρατο,
2707 2063 3057 2135 μὴδύνασθαι
3091 2064 3249 2118 τοῦτο
3279 2068 3372 2119 ἐπὶ
3403 2068 3569 2136 μόνου
3601 2070 3698 2123 τοῦ

424 2160 546 2229 ejus
581 2159 901 2230 corrigiam,
939 2160 1030 2228 qui
1067 2172 1300 2228 prorsus
1322 2172 1352 2211 a
1377 2157 1610 2228 corrigia
1641 2157 1852 2226 peccati
1873 2171 2009 2210 con-

425 2251 654 2305 strictus
686 2265 794 2303 non
818 2249 1178 2319 tenebatur?)
1215 2263 1333 2304 eam
1360 2249 1525 2320 igitur
1551 2248 1792 2305 abluisse
1818 2248 2004 2318 pedes,

423 2351 477 2396 et
503 2358 610 2395 una
631 2357 754 2395 cum
783 2341 1172 2397 calceamentis
1203 2356 1394 2397 omnes
1424 2349 1674 2397 terrenas
1695 2341 1888 2397 sordes
1905 2341 2006 2396 ab-

422 2435 643 2504 iecisse.
678 2433 866 2502 Itaque
897 2440 1088 2487 servat
1120 2433 1174 2488 in
1207 2434 1294 2487 via
1330 2443 1502 2489 strata
1536 2433 1702 2504 pedes
1735 2449 1867 2489 suos
1897 2435 2006 2486 im-

425 2528 689 2598 pollutus,
717 2525 859 2581 sicut
889 2534 943 2578 ct
973 2524 1144 2581 David
1177 2524 1434 2590 faciebat,
1468 2541 1594 2580 cum
1634 2525 1819 2580 abluta
1876 2526 2004 2581 illu-

425 2620 509 2672 vie
541 2619 704 2680 cmni,
737 2616 902 2687 pedes
937 2631 1069 2670 suos
1100 2617 1154 2670 in
1190 2632 1325 2671 saxo
1353 2617 1670 2681 collocaret,
1707 2627 1873 2688 atque
1910 2619 2004 2672 his

420 2704 605 2760 verbis
638 2713 922 2760 uteretur:
958 2703 1187 2758 Reduxit
1238 2712 1319 2758 me
1353 2705 1416 2758 de
1443 2705 1562 2758 lacu
1614 2706 1864 2768 miseriae,
1913 2707 2004 2760 de-

419 2815 516 2867 que
541 2799 720 2851 illuvie
749 2813 979 2854 caenosa.
1011 2805 1059 2849 et
1089 2795 1243 2866 pedes
1281 2813 1423 2850 meos
1449 2813 1614 2866 supra
1658 2808 1863 2866 petram
1889 2809 1999 2853 sta-

422 2891 542 2950 tuit,
571 2905 880 2958 gressusque
923 2904 1063 2941 meos
1101 2887 1377 2942 direxit“.
1419 2889 1521 2942 Per
1571 2898 1780 2958 petram
1819 2900 2002 2945 autem

420 2983 562 3036 hanc
596 2981 884 3035 Dominum
917 2981 1100 3050 ipsum
1133 2980 1512 3049 intelligimus,
1561 2981 1655 3049 qui
1694 2988 1749 3036 et
1789 2983 1878 3034 lux
1912 2990 1998 3036 est

2114 2154 2320 2225 Κυρίου
2366 2155 2626 2225 ποιῆσαι·
2677 2155 2792 2218 πῶς
2833 2157 2942 2226 γὰρ
2981 2156 3046 2210 ἂν
3094 2157 3251 2210 ἔλυσε
3295 2157 3373 2228 τῷ
3421 2160 3558 2230 μηδὲ
3596 2162 3697 2228 τὴν

2089 2243 2286 2314 ,ἀρχὴν
2327 2242 2404 2313 τῷ
2449 2244 2631 2314 ἱμάντι
2672 2245 2770 2316 τῆς
2811 2245 3084 2315 ἁμαρτίας
3125 2245 3489 2317 ὲνδεδεμένῳ;
3542 2246 3696 2317 Αὕτη

2108 2337 2236 2399 τοὺς
2262 2335 2430 2400 πόδας
2463 2336 2705 2404 ἐνίψατο,
2753 2335 2931 2389 πάντα
2959 2338 3147 2407 γήϊνον
3183 2337 3353 2406 ῥύπον
3385 2339 3698 2392 συναποὸα⁸

2109 2427 2273 2480 λοῦσα
2309 2431 2421 2491 τοῖς
2448 2429 2786 2500 ὑποδήμασι’
2839 2429 3100 2497 φυλάσσει
3130 2430 3308 2483 τοίνυν
3345 2430 3438 2482 ἐπὶ
3463 2432 3562 2501 τῆς
3595 2449 3696 2484 πε·-

2110 2518 2475 2589 πλακωμένης
2498 2519 2618 2572 ὀδοῦ
2647 2521 2745 2588 τὴν
2779 2520 2937 2589 βάσιν
2965 2521 3286 2590 ἀμόλυντον,
3311 2523 3388 2585 ὡς
3419 2524 3515 2575 καὶ.
3541 2524 3571 2574 6
3599 2527 3695 2576 Δα-

2108 2610 2192 2662 δὶδ
2220 2610 2492 2680 ἐποίησεν,
2529 2612 2617 2662 ὅτε
2663 2610 2754 2663 τοῦ
2794 2610 2967 2678 πηλοῦ
2997 2613 3092 2681 τὴν
3121 2611 3251 2681 ὓλην
3280 2612 3694 2683 ἀπολυσάμενος

2106 2703 2197 2754 ἐπὶ
2219 2702 2318 2773 τῆς
2348 2703 2554 2774 πέτρας
2586 2703 2778 2772 ἔστησε
2810 2705 2933 2767 τοὺς
2959 2703 3152 2756 ἑαυτοῦ
3194 2704 3376 2767 πόδας,
3404 2703 3583 2768 οὕτως
3617 2709 3696 2758 εί-

2107 2794 2224 2847 πὼν
2252 2795 2330 2863 τῷ
2359 2794 2528 2864 λόγῳ-
2556 2795 2640 2848 ὅτι
2687 2795 2980 2864 Ἀνήγειρέ
3008 2813 3085 2864 με
3114 2798 3182 2850 ἐκ
3217 2796 3450 2850 ,λάκκου
3483 2802 3694 2850 num-

2106 2888 2359 2952 πωρίας,
2386 2888 2483 2939 καὶ
2516 2889 2632 2940 ἀπὸ
2673 2889 2877 2955 πηλοῦ
2918 2890 3117 2955 ίλύος,
3161 2891 3257 2942 καὶ
3289 2891 3556 2954 ἔστησεν
3588 2892 3689 2942 ἐπὶ

2105 2979 2330 3047 πέτραν
2357 2981 2497 3046 τοὺς
2519 2980 2710 3046 πόδας
2723 2998 2868 3049 μου,
2891 2983 2988 3035 καὶ
3023 2984 3352 3035 aranti/lure
3380 2983 3448 3035 τὰ
3478 2983 3692 3047 διαϐή-

419 3083 472 3128 et
510 3073 736 3135 veritas,
765 3083 818 3127 et
853 3071 1266 3136 immortalitas,
1289 3072 1584 3141 etjustitia
1625 3091 1639 3127 :
1675 3072 1881 3142 quibus
1909 3089 1999 3128 re-

2109 3071 2260 3139 ματά
2286 3090 2424 3141 μου.
2480 3073 2691 3144 Πέτραν
2728 3073 2785 3126 δὲ
2819 3072 3047 3141 νωῦμεν
3077 3075 3164 3126 τὸν
3196 3074 3428 3145 Κύριον,
3477 3075 3535 3136 ὃς
3571 3078 3693 3127 ἐστι

423 3167 525 3221 lius
573 3165 659 3218 via
715 3163 1027 3234 spiritualis
1082 3164 1242 3233 quasi
1297 3163 1534 3232 quadam
1597 3164 2000 3219 incrustatione

2109 3162 2240 3230 φῶς,
2272 3163 2367 3216 καὶ
2397 3163 2647 3234 ἀλήθεια,
2671 3165 2764 3217 καὶ
2799 3165 3096 3235 ἀφθαρσία,
3131 3167 3223 3218 καὶ
3247 3163 3587 3235 δικαιοσύνη,
3620 3165 3689 3220 δι’

420 3258 708 3313 sternitur.
736 3257 816 3309 Ab
849 3256 936 3310 bis
970 3255 1016 3309 si
1048 3270 1108 3310 se
1143 3264 1396 3309 neutram
1424 3255 1550 3325 quis
1577 3256 1631 3308 in
1667 3263 1879 3325 partem
1904 3254 2000 3310 de-

417 3349 622 3409 ﬂectat,
653 3346 700 3400 is
735 3346 952 3416 plautas
991 3359 1123 3400 suas
1156 3359 1322 3415 puras
1369 3355 1683 3408 conservat,
1729 3361 2000 3416 nusquam

420 3456 448 3494 a
480 3440 776 3509 volup:atis
807 3453 968 3493 emno
1000 3439 1256 3508 pollutas.
1285 3437 1408 3492 Haec
1441 3447 1567 3493 sunt
1595 3439 1742 3509 (meo
1776 3440 1998 3508 quidem

416 3533 647 3604 judiciO)
682 3546 779 3602 per
814 3546 936 3603 qua:
959 3547 990 3585 a
1021 3546 1223 3601 sponsa
1273 3530 1454 3586 Verbo
1481 3534 1692 3586 ostium
1723 3533 1994 3604 aperitur.

419 3624 630 3680 Etenim
688 3625 805 3694 ipsa
869 3622 966 3678 illa
1029 3621 1332 3687 confeSsio,
1383 3638 1489 3693 qua
1549 3623 1840 3692 pollicetur
1886 3639 1994 3678 non

420 3721 663 3792 amplius
717 3727 1129 3789 resumpturam
1171 3735 1230 3774 se
1273 3705 1454 3773 lutum
1492 3719 1626 3773 illud
1676 3735 1994 3783 excussura.

419 3826 597 3881 neque
630 3809 937 3864 incedendo
971 3809 1024 3862 in
1055 3809 1156 3864 hac
1187 3811 1297 3862 vita
1329 3817 1609 3865 terrenam
1641 3811 1989 3881 inquinatio—

419 3917 541 3956 nem
595 3901 967 3956 admissuram
1006 3917 1017 3952 :
1056 3899 1238 3954 aditus
1295 3908 1384 3956 est
1433 3901 1633 3956 animae
1691 3903 1793 3956 hoc
1837 3902 2000 3957 modo

417 3999 748 4062 comparatae
793 3991 862 4045 ad
913 3988 1433 4046 sanctiﬁcationem.
1485 3990 1864 4048 Sanctiﬁcatio
1901 4009 2000 4048 au-

417 4087 528 4133 tem
574 4086 660 4142 est
690 4079 808 4150 ipse
861 4078 1150 4133 Dominus.
1212 4079 1390 4150 Atque
1439 4080 1530 4135 hic
1589 4090 1672 4136 est
1705 4084 1997 4138 verborum

418 4184 638 4226 sensus.

411 4296 416 4302 ~
488 4259 705 4318 Rursus
733 4270 912 4318 autem
943 4262 1246 4319 secundum
1276 4264 1406 4333 hoc,
1444 4266 1674 4323 ulterius
1702 4268 2006 4325 ascendere

421 4363 655 4411 conatur
684 4355 866 4409 anima
887 4397 902 4420 ,
931 4371 1040 4410 non
1070 4356 1184 4427 jam
1217 4359 1454 4429 amplius
1483 4374 1616 4414 voce
1640 4361 1842 4414 ostium
1876 4376 1999 4414 cor-

416 4448 500 4502 dis
529 4447 819 4517 pulsante,
845 4446 940 4500 sed
968 4446 1087 4515 ipsa
1119 4462 1282 4501 manu
1311 4449 1494 4503 divina
1529 4464 1625 4519 per
1653 4448 1897 4505 foramen
1930 4451 1995 4504 ad

417 4538 677 4593 interiora
711 4545 1055 4608 penetrante.
1090 4537 1361 4594 Patruelis
1382 4542 1530 4600 enim
1566 4557 1745 4605 meus,
1782 4542 1990 4611 inquit,
2025 4538 2070 4594 D

416 4633 559 4684 misit
596 4647 811 4684 manuni
867 4647 1021 4684 suam
1070 4647 1163 4699 per
1211 4631 1482 4700 foramen,
1526 4642 1576 4686 et
1625 4644 1799 4688 venter
1853 4651 1998 4688 meus

415 4731 708 4775 commotus
753 4730 831 4775 est
873 4721 930 4774 in
975 4723 1166 4790 ipsum.
1215 4721 1535 4793 Perspicere
1581 4733 1763 4780 autem
1817 4727 2001 4794 quivis

415 4815 643 4866 omnino
671 4822 888 4883 potest,
915 4816 1009 4885 qui
1039 4816 1336 4886 prudenter
1365 4817 1478 4871 haec
1504 4817 1762 4882 audiunt,
1793 4827 2000 4888 quanto

414 4904 736 4959 sublimiora
785 4915 915 4959 sunt
963 4906 1078 4960 haec
1129 4909 1434 4976 prioribus.
1471 4908 1606 4964 Cum
1639 4908 1878 4966 Verbum
1924 4912 1994 4966 ad

413 4996 672 5068 spensam
725 4997 838 5060 ait,
871 4997 1067 5066 Aperi,
1117 4999 1346 5070 largitur
1397 5001 1446 5056 ei
1499 5002 1814 5059 facultatem
1867 5020 1998 5076 ape-

414 5091 590 5145 riendi
625 5104 720 5160 per
746 5090 965 5147 divinos
996 5106 1216 5147 sensus.
1244 5091 1598 5164 Obtemperat
1628 5095 1806 5153 Verbo
1833 5114 1995 5170 spon-

413 5197 506 5246 sa,
543 5181 600 5235 fit
630 5183 775 5237 enim
813 5183 954 5247 hoc,
987 5182 1132 5252 quod
1181 5185 1360 5247 audit,
1396 5201 1577 5251 soror,
1626 5191 1807 5244 vicina
1830 5232 1845 5256 ,
1897 5208 1994 5247 co-

414 5272 594 5326 lumba
620 5311 635 5335 ,
673 5274 956 5342 perlecta:
995 5275 1148 5328 exuit
1182 5276 1464 5346 pelliceam
1517 5280 1664 5334 illam
1712 5285 1994 5350 tunicam,

415 5363 608 5418 sordes
642 5365 838 5434 pedum
873 5366 1070 5425 abluit.
1109 5382 1172 5421 ac
1204 5385 1383 5438 neque
1437 5372 1638 5428 [(Bde
1686 5377 1819 5431 illud
1850 5378 1998 5432 lace-

417 5460 646 5526 rumqhe
669 5458 1055 5514 vestimentum
1087 5461 1322 5532 amplius
1353 5462 1563 5532 induit,
1595 5484 1774 5538 neque
1800 5470 1868 5526 de
1893 5485 2000 5526 ca!-

416 5550 534 5599 tero
569 5549 624 5602 in
662 5557 808 5604 terra
845 5550 958 5621 ﬁgit
991 5553 1260 5624 vestigia:
1297 5557 1507 5613 audivit
1543 5559 1711 5631 igitur
1743 5563 1865 5633 ejus
1898 5580 1996 5620 vo-

416 5645 568 5698 cem,
606 5645 661 5691 et
705 5647 858 5708 paret
898 5651 1209 5714 praecepto,
1248 5649 1422 5716 aperit
1467 5652 1670 5705 ostium
1713 5661 1766 5708 et
1811 5656 1992 5712 ablato

472 5816 676 5873 “Joau
729 5837 834 5886 xiv,
859 5823 910 5876 6.
990 5825 1191 5884 “l‘sal.
1221 5847 1408 5896 sua.
1442 5835 1475 5888 3

2105 3247 2180 3306 ὧν
2215 3255 2246 3324 ἡ
2279 3256 2622 3327 πνευματικὴ
2651 3256 2770 3319 ὁδὸς
2796 3255 3209 3311 διαπλακοῦται.
3233 3251 3332 3309 Ὧν
3360 3257 3388 3308 ὁ
3410 3258 3484 3328 μὴ
3507 3275 3695 3328 παρα-

2103 3344 2334 3415 τραπεὶς
2367 3345 2487 3398 καθ’
2516 3347 2794 3416 ἑκάτερον,
2826 3345 3080 3410 διασώζει
3111 3348 3171 3400 τὸ
3192 3348 3354 3417 ἴχνος,
3381 3347 3691 3416 οὐδαμόθεν

2103 3435 2179 3504 τῷ
2203 3435 2358 3506 πηλῷ
2386 3438 2483 3508 τῆς
2513 3437 2706 3507 ἡδονῆς
2738 3439 3116 3507 μολυνόμενον.
3147 3439 3333 3492 Ταῦτά
3362 3441 3495 3503 ἐστι,
3534 3441 3691 3494 κατὰ

2103 3545 2166 3596 γε
2197 3527 2286 3580 τὸν
2316 3529 2447 3600 ἐμὸν
2477 3530 2652 3596 λόγον,
2678 3531 2744 3584 δι’
2775 3525 2848 3583 ὧν
2879 3534 2912 3600 ὴ
2951 3530 3090 3601 θύρα
3110 3531 3188 3600 τῷ
3224 3532 3378 3600 Λόγῳ
3405 3531 3555 3600 παρὰ
3582 3535 3689 3602 τῆς

2104 3620 2322 3690 νύμφης
2350 3622 2643 3689 ἀνοίγεται.
2693 3622 2756 3674 'H
2787 3623 2894 3694 γὰρ
2923 3623 3182 3692 ὁμολογία
3200 3622 3293 3675 τοῦ
3325 3624 3513 3693 μηκέτι
3537 3623 3687 3676 ἀνα-

2102 3712 2286 3766 λαϐεῖν
2313 3712 2404 3764 τὸν
2435 3713 2814 3784 ἀποΰληθέντα
2858 3715 3026 3784 πηλὸν
3045 3757 3059 3776 ,
3105 3717 3239 3786 μηδὲ
3266 3719 3329 3786 τῇ
3360 3716 3551 3784 πορείᾳ⁵
3585 3715 3686 3769 τοῦ

2105 3804 2220 3875 βίου
2255 3805 2344 3858 τὸν
2375 3805 2550 3875 γεώδη
2592 3806 2867 3876 μολυσμὸν
2898 3806 3323 3878 παραδέξασθαι,
3354 3806 3559 3868 εἴσοδος
3593 3808 3687 3875 γί-

2103 3911 2249 3946 νεται
2283 3894 2372 3947 τοῦ
2407 3895 2681 3964 ἀγιασμού
2726 3897 2820 3948 ἐπὶ
2855 3897 2952 3964 τὴν
2983 3895 3124 3949 οὕτω
3157 3898 3688 3966 παρεσκευασμένην

2100 3985 2297 4056 ψυχήν.
2354 3987 2651 4058 Ἀγιασμὸς
2675 3988 2732 4040 δὲ
2776 3991 2804 4040 6
2833 3989 3052 4058 Κύριος.
3102 3987 3209 4040 Καὶ
3239 3987 3391 4040 τούτο
3435 3989 3530 4058 μὲν
3568 3990 3688 4042 τῶν

2101 4079 2406 4150 εἰρημένων
2441 4079 2752 4150 ἐπεραιώθη
2787 4080 2847 4134 τὸ
2879 4082 3078 4151 νόημα.

2170 4287 2340 4340 Πάλιν
2367 4287 2424 4340 δὲ
2457 4287 2595 4358 μετά
2629 4287 2788 4341 τοῦτο
2812 4289 2909 4359 τῆς
2938 4288 3340 4359 ὑπερκειμένης
3365 4286 3686 4352 ἀναϐάσεως

2101 4379 2329 4432 ἅπτεται
2359 4381 2392 4450 ἡ
2418 4379 2584 4449 ψυχὴ,
2605 4379 2787 4433 οὐκέτι
2810 4380 2991 4449 φωνῆς
3013 4380 3112 4449 τὴν
3137 4378 3358 4449 καρδίαν
3383 4377 3684 4448 θυροκρου-

2103 4470 2354 4540 στούσης,
2393 4470 2507 4525 ἀλλ’
2549 4471 2715 4540 αὐτῆς
2749 4472 2846 4542 τῆς
2880 4471 3030 4534 θείας
3064 4471 3242 4541 χειρὸς
3270 4469 3357 4523 διά
3401 4469 3496 4539 τῆς
3530 4469 3684 4540 ὀπῆς

2101 4564 2192 4617 ἐπὶ
2233 4561 2302 4616 τά
2347 4562 2494 4626 ὲντδς
2541 4563 2930 4634 παραδυείσης.
2992 4562 3341 4630 Ἀδελριδός
3383 4579 3499 4630 μου
3539 4561 3681 4631 γὰρ,

2099 4655 2283 4725 φησὶν,
2316 4654 2637 4709 ἀπέστειζλε
2667 4656 2780 4722 τὴν
2816 4655 2984 4724 χεῖρα
3023 4655 3209 4708 αὑτοῦ
3239 4653 3336 4708 διὰ
3363 4652 3471 4720 τῆς
3499 4652 3683 4720 ὀπῆς,

2099 4747 2198 4800 καὶ
2246 4747 2283 4813 ἡ
2324 4749 2521 4800 κοιλιά
2551 4764 2671 4814 μου
2717 4746 2971 4815 ἐθροήθη
3011 4747 3102 4800 ἐπ’
3146 4747 3349 4800 αὐτόν.
3398 4745 3567 4814 Δῆλον
3623 4747 3681 4800 δὲ

2101 4841 2318 4902 πάντως
2363 4841 2479 4892 ἐστὶ
2525 4839 2602 4909 τῷ
2638 4839 2873 4902 συνετῶς
2916 4840 3182 4900 ὲπαῖοντι,
3226 4839 3348 4891 ὅσον
3396 4836 3679 4901 πλεονάζει

2101 4932 2182 5000 τῷ
2241 4930 2364 4999 ὕψει
2425 4931 2494 4984 τά
2559 4931 2655 4982 νῦν
2714 4929 2980 5001 εἰρημένα
3061 4929 3210 4998 παρὰ
3263 4928 3324 4981 τὸ
3385 4927 3678 4998 πρότερον*

2107 5021 2379 5086 Ἀνοιξον
2428 5021 2600 5091 λέγων
2628 5020 2764 5094 πρὸς
2794 5021 2892 5093 τὴν
2935 5021 3148 5093 νύμφην
3191 5024 3224 5075 6
3246 5023 3434 5090 Λόγος.
3464 5021 3679 5076 δίδωσιν

2105 5115 2241 5186 αὐτῇ
2275 5115 2364 5168 διὰ
2410 5114 2509 5182 τῆς
2547 5114 2656 5168 τῶν
2695 5114 2853 5168 θείων
2891 5117 3166 5184 ὀνομάτων
3209 5113 3303 5167 τοῦ
3334 5113 3537 5180 ἀνοῖξαι
3579 5115 3683 5186 τὴν

2103 5206 2350 5277 δύναμιν.
2387 5206 2684 5260 ’Υπακούει
2717 5205 2796 5276 τῷ
2825 5207 2983 5277 Λόγῳ
3011 5209 3044 5276 ἡ
3089 5205 3298 5277 νύμφη·
3329 5207 3533 5274 γίνεται
3567 5207 3676 5273 γὰρ

2103 5301 2239 5368 ὅπερ
2265 5300 2526 5370 ἡκουσεν,
2561 5299 2788 5369 ἀδελφὴ.
2823 5300 2917 5353 καὶ
2964 5299 3207 5370 πλησίον,
3240 5300 3334 5352 καὶ
3362 5298 3678 5370 captauit,

2100 5393 2193 5444 καὶ
2222 5392 2425 5445 τελεία·
2450 5391 2745 5445 ἀποδύεται
2765 5391 2858 5444 τὸν
2884 5392 3209 5462 δερματικὸν
3233 5393 3432 5444 ἐκεῖνον
3453 5391 3676 5458 χιτῶνα,

2101 5486 2194 5536 καὶ
2229 5484 2322 5537 τὸν
2357 5483 2528 5555 ῥύπον
2569 5483 2679 5536 τῶν
2710 5483 2882 5536 ποδῶν
2920 5483 3292 5541 ἀπονίπτεται.
3327 5482 3420 5534 καὶ
3463 5480 3589 5534 οὔτε
3621 5483 3680 5534 τὸ

2100 5576 2334 5646 εἰδεχθὲς
2376 5577 2468 5630 καὶ
2504 5576 2775 5648 ῥωγαλέον
2819 5577 2995 5630 ἐκεῖνο
3045 5577 3257 5645 ἱμάτιον
3308 5575 3464 5629 πάλιν
3508 5574 3677 5642 ἑαυτῇ

2101 5667 2470 5737 περιτίθησιν,
2510 5667 2634 5722 οὔτε
2665 5671 2729 5738 τῇ
2761 5669 2831 5739 γῇ
2863 5667 3002 5739 πρὸς
3029 5667 3088 5720 τὸ
3121 5666 3304 5720 λοιπὸν
3343 5663 3680 5734 ἐναπερείὶες
