3866 6398
188 448 375 505 suos
1308 441 1377 498 IN
1402 441 1709 499 cannea
1734 436 2005 496 CANTIC.
2040 435 2327 493 nouunt
2365 434 2457 491 XI.
3391 394 3526 483 uim

183 558 266 613 τὸ
302 558 500 631 ἴχνος⁸
530 560 762 632 ἤκουσεν
789 552 882 615 οὖν
906 559 1073 615 αὑτοῦ
1101 561 1199 632 τῆς
1221 561 1426 632 φωνῆς,
1453 562 1547 614 καὶ
1567 560 1645 632 τῷ
1672 577 1811 632 προσ

1942 554 2126 611 cordis
2159 554 2423 625 operculo
2446 591 2461 616 ,
2499 547 2724 606 deduxit
2754 546 2935 603 velum
2964 543 3127 612 ost-ii,
3165 542 3220 600 id
3266 548 3352 636 est
3398 556 3522 597 car-

185 650 485 721 τάγματι
521 651 786 706 πείθεται.
838 651 1067 721 Ἀνοίγει
1114 652 1214 723 τὴν
1253 650 1443 722 θύραν,
1477 650 1811 722 περιελομένη

1938 650 2026 704 nis
2052 665 2067 702 :
2104 655 2295 718 aperta
2324 644 2429 699 fuit
2459 650 2569 698 tota
2596 643 2795 697 animae
2828 650 2983 711 porta
3003 678 3019 702 ,
3049 646 3109 693 ut
3136 636 3520 708 ingrederetur

183 738 264 791 τὸ
295 738 596 811 κάλυμμα
616 741 714 812 τῆς
740 741 967 814 καρδίας
986 758 1000 773 υ
1024 740 1260 812 διέσχισε
1288 741 1390 812 τῆς
1419 740 1589 810 θύρας
1609 780 1623 802 ,
1653 740 1715 793 τὸ
1737 740 1811 811 τῆς

1938 740 2055 795 Rex
2090 739 2295 811 gloriae.
2337 735 2444 791 Sed
2479 743 2672 806 patens
2703 739 2876 803 portae
2914 730 3146 785 latitudo
3180 737 3403 784 ostensa
3438 735 3524 781 est

191 829 452 902 σαρκὸς
474 830 844 902 διαπέτασμα,
873 833 1024 885 πᾶσα
1053 832 1244 902 ἠνοίγη
1273 834 1374 902 τῆς
1400 830 1581 902 ψυχῆς
1609 832 1642 901 ἡ
1668 830 1810 901 πύλη

1938 847 2167 903 parvum
2198 829 2474 901 quoddam
2508 834 2563 882 et
2592 833 2887 897 angustum
2921 838 2987 878 ac
3030 822 3196 878 breve
3241 819 3487 874 foramen
3508 855 3527 882 ,

190 920 302 973 ἵνα.
349 922 589 994 εἰσέλθῃ
612 924 640 975 δ
670 923 934 988 Βασιλεὺς
957 925 1056 994 τῆς
1079 922 1256 994 δόξης.
1296 922 1435 975 Ἀλλ’
1463 925 1497 994 ἡ
1528 922 1630 991 τῆς
1659 918 1811 992 πύληι

1938 939 2038 994 per
2065 923 2212 993 quod
2244 936 2353 976 non
2387 921 2506 990 ipse
2539 932 2778 989 sponsus
2804 956 2821 981 ,
2874 915 2974 970 sed
3024 914 3148 983 ejus
3193 926 3392 966 manus
3437 909 3529 965 vix

188 1011 555 1084 εὐρυχωρία
591 1015 763 1086 μικρά
793 1032 878 1079 τις
911 1014 1204 1086 ἀπεδείχθη
1238 1013 1513 1086 τρυμαλιά
1548 1013 1707 1085 στενὴ
1740 1018 1811 1067 κα

1937 1015 2072 1068 adeo
2103 1011 2413 1084 processit,
2446 1018 2504 1065 ut
2539 1025 2635 1080 per
2667 1008 2848 1079 ipsum
2896 1009 3147 1079 ingressa
3194 1006 3299 1069 sit,
3342 1012 3397 1059 et
3439 1003 3526 1065 via

194 1103 496 1174 βραχεῖα,
527 1104 594 1158 δι’
621 1101 689 1179 ἦς
717 1107 818 1160 οὐκ
848 1107 1010 1171 αὐτὸς
1036 1109 1064 1160 ὁ
1100 1107 1352 1178 νυμφίος,
1380 1106 1496 1160 ἀλλ’
1520 1108 1553 1177 ἠ
1585 1107 1705 1177 χεὶρ
1731 1106 1833 1159 αύ-

188 1193 306 1248 τοῦ
359 1194 535 1265 μόγις
582 1194 890 1267 ἐχώρησεν.
926 1198 1067 1251 ὥστε
1111 1197 1177 1251 δι’
1216 1197 1393 1266 ,αὐτῆς
1440 1197 1534 1249 ἐπὶ
1579 1197 1642 1249 τὸ
1685 1195 1834 1259 ἐντὸς

192 1282 513 1352 γενέσθαι,
556 1286 651 1338 καὶ
678 1286 919 1357 ἅψασθαι
950 1287 1050 1358 τῆς
1080 1286 1457 1359 ἐπιθυμούσης
1481 1287 1574 1340 τὸν
1601 1287 1833 1356 νυμφίον

195 1376 379 1440 ἰδεῖν,
417 1370 466 1443 ᾧ
497 1377 751 1431 τοσοῦτον
780 1378 1036 1451 έκέρδανε
1070 1379 1260 1450 μόνον,
1286 1380 1409 1433 ὅσον
1432 1378 1655 1447 γνῶναι,
1687 1378 1769 1431 ὅτι
1795 1379 1829 1448 ἡ

193 1468 343 1538 χεὶρ
381 1469 578 1540 ἐκείνη
615 1470 709 1523 τοῦ
741 1472 1077 1542 ποθουμένου
1113 1472 1279 1526 ἐστίν.
1314 1469 1414 1526 Οἴα
1447 1471 1502 1525 δὲ
1538 1473 1669 1543 ἡμῖν
1700 1473 1832 1525 ύπο-

190 1558 514 1613 δείκνυται
546 1560 822 1630 δόγματα,
860 1562 947 1616 διὰ
978 1563 1078 1634 τῆς
1105 1565 1164 1616 ὲν
1192 1567 1305 1627 τοῖς
1338 1564 1647 1635 εἰρημένοις
1681 1563 1832 1632 φιλο-

197 1651 430 1720 σοφίας
461 1651 730 1724 μάθοιμεν
768 1653 855 1718 ἂν,
888 1656 936 1707 εί
979 1656 1174 1727 μικρὸν
1199 1656 1276 1726 τῷ
1306 1655 1449 1726 λόγῳ
1482 1655 1829 1727 προσδιατρί-

190 1742 447 1813 ψωμεν.
503 1744 566 1797 Ἦ
601 1744 917 1817 ἀνθρωπίνη
951 1746 1098 1820 ψυχὴ
1131 1746 1225 1800 δύο
1257 1732 1471 1817 φύσεων
1501 1742 1635 1799 οὖσα
1671 1746 1831 1816 μεθό-

198 1849 359 1905 ριος,
392 1826 479 1886 ὧν
509 1833 543 1903 ἡ
577 1832 677 1903 μὲν
712 1834 1000 1906 ἀσώματος
1031 1838 1147 1890 ἐστι
1176 1837 1270 1891 καὶ
1302 1836 1465 1910 νοερά
1490 1838 1584 1891 καὶ¹
1618 1840 1829 1911 ἀκήρα-

193 1939 303 1999 τος
330 1939 346 1953 ·
374 1923 415 1993 ἡ
452 1922 510 1975 δὲ
545 1922 705 1995 ἑτέρα
741 1925 1059 1997 σωματικὴ,
1091 1927 1187 1978 καὶ
1217 1908 1445 1998 ὑλώδης,
1479 1927 1573 1981 καὶ
1615 1908 1828 1997 ἄλογος.
1866 1908 1904 1962 Β

212 2014 502 2068 Ἐπειδὰν
522 2014 578 2067 δὲ
597 2015 827 2085 τάχιστα
852 2017 949 2087 τῆς
970 2018 1107 2089 πρὸς
1131 2018 1222 2071 τὸν
1249 2021 1426 2090 παχύν
1448 2037 1507 2073 τε
1532 2022 1627 2074 καὶ
1653 2021 1830 2093 γεώδη

199 2103 333 2174 βίον
398 2107 646 2176 σχέσεως
692 2108 1118 2181 ὲκκαθαρθείσα.
1172 2111 1240 2163 δι’
1299 2113 1498 2183 ἀρετῆς
1553 2112 1830 2185 ἀναϐλέψῃ

201 2195 361 2266 πρὸς
387 2197 458 2248 τὸ
480 2197 742 2266 συγγενὲς
764 2198 856 2251 καὶ
878 2199 1173 2262 θειότατον,
1203 2202 1263 2255 ού
1294 2202 1522 2258 παύεται
1553 2202 1833 2275 διερευνω-

202 2285 357 2359 μένη
385 2288 487 2340 καὶ
513 2287 859 2358 ἀναζητοῦσα
883 2290 982 2361 τὴν
1010 2289 1117 2344 τῶν
1141 2291 1308 2346 όντων
1336 2292 1506 2366 ἀρχήν
1533 2312 1545 2324 ·
1572 2296 1655 2359 τίς
1679 2297 1712 2367 ή
1734 2295 1828 2350 τοῦ

202 2377 462 2440 κάλλους
490 2379 600 2432 τῶν
629 2379 799 2434 ὄντων
841 2381 1025 2453 πηγὴ,
1061 2382 1223 2436 πόθεν
1254 2384 1407 2455 βρύει
1434 2387 1465 2453 ἡ
1497 2386 1745 2457 δύναμις,
1778 2389 1830 2440 τί

198 2467 271 2521 τὸ
309 2469 577 2539 πηγάζον
626 2470 726 2541 τὴν
774 2472 1186 2542 ἐμφαινομένην
1230 2475 1329 2544 τῆς
1378 2475 1567 2539 οὐσίας
1614 2477 1826 2547 σοφίαν.

202 2560 449 2625 Πάντας
478 2562 537 2615 δὲ
560 2562 974 2634 λογισμοὺςκαὶ
1003 2570 1183 2623 πᾶσαν
1213 2569 1509 2640 ὲρευνητὴν
1541 2569 1829 2640 νοημάτων

202 2653 460 2723 δύναμιν
492 2655 807 2711 διακινοῦσα
851 2661 945 2713 καὶ
980 2660 1457 2735 περιεργαζομένη
1499 2663 1828 2716 καταλαϐεῖν

202 2743 270 2797 τὸ
318 2744 699 2817 ζητούμενον,
753 2744 876 2821 ὅρον
912 2755 1146 2806 ποιεῖται
1193 2754 1291 2823 τῆς
1338 2753 1695 2823 καταλήψεως
1730 2752 1826 2806 τοῦ

203 2832 355 2888 Θεοῦ
392 2835 501 2905 τὴν
536 2827 818 2907 ἐνέργειαν
852 2839 1020 2909 μόνην
1053 2842 1152 2913 τὴν
1203 2842 1365 2912 μέχρι
1409 2842 1566 2910 ἡμῶν
1603 2842 1824 2896 κατιοῦ-

206 2940 338 2990 σαν,
364 2921 441 2997 ἧς
467 2926 559 2980 διά
584 2927 684 2997 τῆς
712 2928 858 2998 ζωῆς
884 2933 1050 3002 ἡμεῖς
1078 2932 1471 3002 αἰσθανόμεθα.
1502 2935 1611 2987 Καὶ
1635 2935 1826 3006 ὥσπερ

203 3016 270 3068 τὸ
301 3017 388 3088 τῷ
416 3015 577 3071 ὕδατι
613 3019 1088 3091 συναναδιδόμενον
1122 3025 1185 3075 ὲκ
1223 3022 1324 3092 τῆς
1351 3022 1453 3093 γῆς
1483 3024 1700 3094 πνεῦμα
1728 3026 1825 3096 οὐχ

205 3108 443 3163 ἵσταται
479 3111 610 3181 περὶ
646 3111 738 3164 τὸν
768 3111 1021 3183 πυθμένα
1049 3115 1145 3185 τῆς
1177 3114 1396 3185 λίμνης,
1432 3113 1570 3168 ἀλλὰ
1609 3117 1825 3188 πομφό-

206 3196 308 3267 λυξ
340 3201 646 3272 γενόμενον
676 3203 768 3255 ἐπὶ
801 3203 862 3257 τὸ
887 3205 999 3260 ἀνω
1030 3206 1164 3277 πρὸς
1191 3206 1252 3259 τὸ
1295 3207 1561 3275 συγγενὲς
1593 3208 1825 3279 ἀνατρέ-

204 3306 320 3365 χει,
370 3292 474 3345 καὶ
520 3292 651 3346 ὅταν
681 3294 864 3367 διέλθῃ
915 3295 1012 3366 τὴν
1044 3296 1139 3349 τοῦ
1181 3296 1372 3360 ὓδατος
1403 3297 1580 3370 ἄκραν
1626 3299 1820 3369 ἐπιφά-

206 3399 390 3453 νειαν,
423 3385 525 3440 καὶ
547 3387 860 3460 καταμιχθῇ
891 3389 1029 3460 πρὸς
1052 3389 1143 3444 τὸν
1170 3391 1331 3462 ἀέρα,
1363 3391 1486 3445 τότε
1513 3391 1611 3462 τῆς
1636 3391 1728 3445 ἐπὶ
1752 3391 1821 3446 τά

206 3473 327 3531 ἀνω
357 3476 636 3546 κινήσεως
664 3477 875 3533 ἵσταται
898 3496 911 3509 ·
945 3481 1184 3536 τοιοῦτόν
1223 3499 1276 3536 τι
1323 3484 1521 3554 πάσχει
1556 3484 1650 3538 καὶ
1687 3485 1719 3554 ἡ
1752 3486 1819 3538 τά

209 3566 339 3621 θεῖα
383 3567 793 3641 διερευνωμένη
830 3572 975 3643 ψυχή
998 3589 1011 3602 ·
1063 3573 1284 3628 ἐπειδὰν
1327 3575 1392 3627 ὲκ
1428 3574 1537 3627 τῶν
1574 3575 1820 3631 κάτωθεν

207 3655 355 3726 πρὸς
375 3655 484 3727 τὴν
510 3655 619 3708 τῶν
640 3657 1051 3731 ὑπερκειμένων
1073 3662 1274 3731 γνῶσιν
1305 3663 1503 3735 ἑαυτὴν
1528 3665 1784 3737 ἀνατείνῃ
1802 3706 1819 3729 ,

209 3744 282 3799 τὰ
306 3748 412 3819 τῆς
436 3748 720 3819 ἐνεργείας
742 3751 906 3805 αὐτοῦ
932 3752 1189 3824 θαύματα
1208 3755 1610 3822 καταλαϐοῦσα,
1636 3775 1832 3830 περαι-

210 3834 362 3907 τέρω
392 3838 682 3910 προελθεῖν
706 3839 795 3894 διά
814 3841 915 3911 τῆς
938 3843 1468 3918 πολυπραγμοσύνης
1489 3848 1550 3901 ού
1572 3847 1815 3903 δύναται’

211 3926 354 3981 ἀλλὰ
383 3928 663 4000 θαυμάζει
688 3931 783 3985 καὶ
816 3932 1032 3989 σέϐεται
1061 3935 1154 3990 τὸν
1182 3937 1397 4000 suam
1441 3938 1602 4008 μόνον
1636 3939 1702 3992 δι’
1744 3936 1820 3995 ὧν

212 4019 437 4091 ἔνεργεί
470 4023 896 4094 γινωσκόμενον.
943 4026 1076 4099 Ὁρᾷ
1102 4028 1164 4081 τὸ
1193 4028 1444 4098 οὐράνιον
1473 4031 1688 4097 κάλλος,
1719 4033 1820 4097 τὰς

211 4110 326 4164 τῶν
363 4114 676 4185 φωστηρων
702 4115 901 4184 αὐγὰς,
939 4118 1039 4190 τὴν
1082 4120 1262 4187 ὀξεῖαν
1292 4122 1386 4176 τοῦ
1420 4124 1585 4179 πόλου
1620 4126 1816 4180 κυκλο-

212 4204 439 4274 φορίαν,
501 4205 597 4276 τὴν
648 4205 910 4262 εὔτακτόν
954 4228 1014 4264 τε
1070 4212 1166 4264 καὶ
1217 4214 1537 4286 ἐναρμόνιον
1592 4219 1651 4270 ὲν
1705 4220 1817 4281 τοῖς

214 4295 444 4368 ἄστροις
493 4300 831 4373 περιφορὰν,
862 4302 953 4355 τὸν
1001 4304 1270 4359 ὲνιαύσιον
1315 4306 1514 4362 κύκλον
1553 4309 1816 4382 τέσσαρσι

212 4391 435 4460 καιροῖς
471 4392 553 4454 είς
582 4392 776 4446 ἑαυτὸν
806 4393 1214 4467 ἀναστρέφοντα
1232 4413 1245 4427 ’
1281 4397 1383 4470 τὴν
1414 4399 1522 4469 γῆν
1552 4401 1817 4456 συνδιατι-

216 4477 459 4554 θεμένην
483 4482 562 4555 τῷ
588 4485 917 4555 περιέχοντι,
941 4487 1035 4542 καὶ
1056 4490 1121 4559 τῇ
1147 4487 1379 4560 διαφορᾷ
1400 4491 1499 4560 τῆς
1518 4491 1626 4546 τῶν
1649 4494 1817 4565 ὑπερ-

1936 1105 2099 1160 dendi
2135 1105 2325 1175 sponsi
2363 1102 2609 1173 tetigerit
2643 1098 2979 1157 desiderium
3005 1139 3020 1165 ,
3051 1112 3162 1169 quo
3193 1097 3284 1151 vix
3315 1103 3528 1150 tantum

1938 1197 2081 1252 lucri
2115 1196 2245 1252 fecit
2270 1234 2286 1260 ,
2322 1202 2384 1251 ut
2412 1199 2772 1264 cognosceret
2803 1190 2949 1262 quod
2981 1190 3073 1244 illa
3108 1190 3181 1245 sit
3205 1203 3405 1244 manus
3433 1185 3530 1242 de-

1936 1287 2185 1344 siderati.
2237 1284 2564 1357 Cuiusmodi
2600 1293 2783 1338 autem
2817 1282 2981 1337 nobis
3014 1283 3389 1337 ostenduntur
3427 1278 3527 1334 do-

1935 1387 2114 1448 gmata
2136 1421 2151 1444 ,
2180 1377 2538 1435 didicerimus
2563 1390 2660 1446 per
2682 1388 2804 1431 eam
2832 1388 2953 1444 quae
2981 1382 3066 1429 est
3091 1373 3147 1427 in
3175 1373 3262 1427 his
3292 1371 3529 1440 philoso-

1934 1471 2149 1540 phiam,
2186 1471 2232 1525 si
2265 1471 2319 1524 in
2347 1480 2609 1524 contextu
2650 1468 2944 1523 verborum
2976 1480 3170 1536 parum
3220 1463 3376 1519 fuero
3425 1464 3530 1517 im-

1933 1570 2204 1617 moratus.
2240 1562 2453 1616 ‘Anima
2502 1562 2745 1615 humana
2791 1569 2877 1614 est
2916 1560 2972 1613 in
3017 1557 3257 1614 conﬁnio
3289 1557 3526 1610 duarum

1934 1662 2256 1709 naturarum
2278 1692 2293 1719 ,
2336 1668 2570 1723 quarum
2601 1653 2773 1708 altera
2810 1650 3034 1722 quidem
3087 1657 3172 1705 est
3205 1649 3530 1718 incorporea

1931 1752 1987 1801 et
2020 1745 2352 1816 intelligens,
2386 1754 2441 1800 et
2475 1744 2530 1799 in
2566 1759 2735 1814 quam
2776 1758 2887 1798 non
2922 1741 3073 1797 cadit
3109 1741 3367 1796 interitus
3396 1758 3412 1805 ;
3447 1740 3527 1793 al-

1934 1846 2050 1894 tera
2077 1854 2213 1896 vero
2245 1853 2510 1909 corporea
2532 1878 2547 1903 ,
2579 1844 2635 1892 et
2670 1835 2973 1892 materialis
2993 1876 3008 1901 ,
3045 1846 3099 1890 et
3128 1849 3327 1904 expers
3360 1833 3529 1887 ratio-

1936 1934 2043 1987 nis.
2072 1931 2209 1985 (Ium
2244 1931 2481 2001 primum
2513 1935 2699 1984 autem
2731 1934 2963 1999 purgata
2994 1927 3064 1981 ab
3092 1940 3155 1981 ea
3183 1941 3308 1995 qua:
3340 1933 3424 1980 est
3457 1923 3526 1977 ad

1934 2037 2181 2079 crassam
2226 2034 2281 2079 et
2321 2030 2596 2076 terrenam
2628 2020 2801 2075 vitam
2850 2018 3170 2074 habitudine
3195 2057 3209 2079 ,
3251 2016 3527 2086 aspexerit

1934 2130 2030 2185 per
2058 2115 2316 2169 virtutem
2347 2113 2413 2168 ad
2449 2113 2503 2169 id
2538 2112 2687 2184 quod
2720 2119 2806 2167 est
2837 2118 3133 2182 cognatum
3166 2119 3222 2165 et
3246 2109 3518 2171 divinum,

1939 2222 2049 2263 non
2094 2213 2279 2263 cessat
2322 2205 2661 2276 perscrutari
2704 2210 2759 2260 et
2801 2203 3086 2273 inquirere
3136 2217 3366 2261 eorum,
3400 2216 3525 2270 qua:

1933 2306 2090 2355 sunt.
2123 2296 2457 2365 principium
2484 2314 2497 2349 :
2530 2292 2806 2364 quodnam
2849 2293 2922 2348 sit
2952 2292 3172 2346 initium
3201 2291 3523 2362 pulchritu.

1932 2386 2078 2440 diuis
2130 2400 2350 2450 rerum,
2401 2384 2676 2440 undenam
2724 2392 2946 2439 emanet
2996 2385 3079 2438 vis
3134 2397 3199 2436 ac
3248 2382 3521 2447 facultas,

1931 2477 2061 2550 quid
2094 2477 2167 2533 sit
2200 2493 2232 2532 a
2266 2491 2374 2546 quo
2408 2476 2690 2531 derivetur
2730 2475 3003 2546 sapientia
3053 2489 3176 2546 quae
3207 2474 3263 2529 in
3301 2475 3370 2530 iis
3399 2489 3523 2544 quae

1931 2575 2059 2624 sunt
2087 2567 2354 2635 cernitur,
2384 2575 2438 2623 et
2463 2581 2587 2638 quae
2620 2575 2801 2622 movet
2842 2581 3038 2622 omnes
3067 2565 3482 2637 disputationes
3503 2604 3518 2628 .

1929 2675 2259 2730 omnemque
2293 2661 2402 2713 vim
2441 2659 2859 2730 perscrutandi,
2908 2673 3144 2729 quaeque
3187 2659 3407 2713 curiose
3440 2658 3523 2711 la-

1933 2752 2087 2806 borat
2120 2750 2175 2805 in
2207 2752 2732 2821 comprehendendo
2765 2766 2831 2807 eo
2862 2749 3009 2820 quod
3041 2749 3330 2820 quaeritur,
3367 2759 3421 2803 et
3465 2750 3522 2804 in

1931 2840 2182 2897 faciendo
2208 2843 2503 2897 terminum
2536 2842 2627 2897 Dei
2655 2839 3168 2911 comprehensionis
3196 2839 3370 2896 solam
3396 2855 3524 2909 ope-

1928 2935 2197 2988 rationem
2238 2949 2361 3003 qua:
2394 2933 2463 2988 ad
2506 2950 2607 2990 nos
2644 2950 2819 3005 usque
2852 2933 3185 2989 descendit:
3222 2948 3318 3001 per
3357 2932 3522 3002 cujus

1927 3025 2093 3078 vitam
2129 3041 2228 3082 uos
2275 3027 2548 3081 sentimus
2578 3012 2607 3081 εΔ
2628 3040 2681 3081 et
2707 3028 2984 3095 quomodo
3009 3025 3241 3094 spiritus
3273 3026 3364 3095 qui
3394 3040 3520 3078 cum

1928 3133 2069 3188 aqua
2115 3120 2279 3175 simul
2321 3120 2593 3175 emittitur
2622 3135 2688 3175 ex
2719 3127 2866 3176 terra
2890 3161 2905 3186 ,
2939 3133 3051 3174 non
3087 3124 3271 3174 manet
3298 3119 3353 3172 in
3387 3133 3519 3189 pro-

1925 3207 2096 3268 fundo
2125 3213 2281 3269 lacus
2301 3252 2317 3278 ,
2343 3213 2439 3268 sed
2466 3213 2618 3268 bulla
2644 3211 2825 3267 factus
2846 3226 3072 3268 sursum
3100 3212 3348 3268 excurrit
3372 3211 3441 3265 ad
3467 3211 3519 3264 id

1923 3303 2074 3370 quod
2105 3311 2192 3359 est
2216 3302 2322 3359 sibi
2349 3302 2685 3373 cognatione
2718 3302 3079 3373 conjunctum
3110 3321 3124 3357 :
3152 3311 3207 3357 et
3236 3316 3361 3356 cum
3394 3315 3521 3370 per-

1929 3393 2135 3448 vaserit
2160 3410 2337 3464 usque
2363 3394 2430 3449 ad
2466 3408 2739 3459 summam
2770 3408 2927 3464 aquae
2957 3392 3341 3463 superﬁciem,
3377 3392 3519 3446 aeri-

1927 3500 2036 3555 que
2067 3485 2231 3540 mista
2255 3485 2451 3551 fuerit,
2479 3493 2610 3540 tunc
2636 3483 2840 3539 desinit
2870 3499 3095 3543 sursum
3124 3482 3334 3539 moveri
3367 3500 3379 3537 :
3411 3483 3520 3537 tale

1925 3571 2148 3643 quidem
2176 3572 2343 3627 etiam
2374 3571 2637 3629 usuvenit
2663 3572 2864 3628 anima:
2889 3572 3079 3629 divina
3107 3573 3477 3643 perscrutanti
3500 3612 3516 3638 ,

1924 3671 2215 3734 postquam
2244 3678 2276 3718 a
2305 3663 2472 3720 rebus
2519 3663 2876 3721 inferioribus
2919 3679 2982 3721 se
3025 3663 3274 3720 extendit
3303 3662 3373 3717 ad
3420 3679 3518 3719 su--

1926 3770 2222 3826 pernarum
2265 3770 2451 3810 rerum
2496 3757 2906 3829 cognitionem,
2954 3764 3144 3828 utpote
3224 3771 3348 3827 quae
3387 3771 3515 3811 cum

1923 3842 2402 3915 comprehenderit
2430 3845 2701 3902 miracula
2730 3847 2854 3918 ejus
2879 3846 3216 3918 operationis
3235 3888 3249 3914 ,
3282 3846 3516 3903 ulterius

1922 3937 2141 3992 curiose
2170 3937 2470 3993 scrutando
2501 3937 2709 3994 desinit
2744 3937 3034 4011 progredi,
3071 3938 3169 3994 sed
3201 3939 3382 4009 ipsum
3418 3937 3518 3992 ad-

1924 4028 2158 4081 miratur
2184 4034 2240 4083 et
2266 4029 2698 4098 contemplatur,
2735 4031 2830 4100 qui
2867 4045 2966 4100 per
2999 4045 3063 4085 ea
3092 4044 3217 4100 quae
3244 4039 3511 4099 operatur

1922 4134 2047 4180 esse
2073 4121 2451 4191 cognoscitur.
2492 4119 2651 4178 Videt
2678 4122 2961 4179 caelestem
3002 4120 3513 4192 pulchritudinem,

1924 4211 2276 4267 luminarium
2300 4212 2653 4283 splendorem
2676 4255 2690 4280 ,
2716 4214 2953 4269 celerem
2987 4214 3095 4284 poli
3122 4213 3514 4268 circumactio-

1920 4316 2072 4367 nem,
2101 4303 2413 4359 ordinatam
2444 4311 2500 4359 et
2530 4319 2909 4372 numerosam,
2935 4312 3212 4360 astrorum
3246 4303 3513 4369 ambitus,

1900 4393 2015 4466 qui
2044 4395 2234 4452 orbem
2267 4410 2514 4451 annuum
2547 4403 2791 4468 quatuor
2825 4395 3170 4466 temporibus
3199 4395 3255 4449 in
3284 4409 3345 4449 se
3377 4409 3515 4449 con-

1917 4494 2140 4542 vertunt
2170 4503 2183 4539 :
2213 4495 2422 4544 terram
2451 4503 2574 4558 quae
2606 4488 2778 4545 simul
2810 4486 3045 4542 aﬁicitur
3080 4501 3207 4542 cum
3252 4500 3321 4541 eo
3358 4486 3511 4556 quod

217 4575 497 4644 κειμένων
525 4578 792 4648 κινήσεως
826 4580 927 4643 τὰς
964 4580 1099 4645 ἰδίας
1142 4580 1424 4650 ἐνεργείας
1460 4581 1811 4646 συνεξαλλάσ-

1926 4579 2124 4643 ambit,
2157 4586 2365 4635 etcum
2401 4579 2714 4636 diﬁ'erentia
2764 4588 2949 4635 motus
3010 4593 3383 4649 supernorum
3437 4578 3513 4633 si-

220 4679 446 4734 σουσαν,
478 4669 578 4734 τάς
610 4687 671 4723 τε
710 4669 1008 4735 πολυειδεῖς
1044 4672 1105 4725 έν
1137 4675 1250 4736 τοῖς
1281 4672 1441 4739 ζώοις
1467 4674 1676 4745 φύσεις,
1709 4676 1819 4730 τῶν

214 4772 277 4810 τε
322 4760 448 4814 καθ’
498 4760 707 4816 ὑδάτων
749 4762 1148 4833 διαιτωμένων,
1187 4766 1282 4819 καὶ
1330 4765 1439 4819 τῶν
1488 4767 1587 4839 τὴν
1633 4768 1819 4839 ἀέριον

218 4848 605 4922 ἀπολαχόντων
637 4853 832 4923 φορὰν,
862 4854 957 4907 καὶ
984 4850 1068 4919 οἷς
1103 4859 1357 4927 χερσαῖος
1385 4858 1413 4910 ὁ
1444 4858 1557 4928 βίος
1580 4875 1593 4888 ⁸
1629 4859 1727 4923 τάς
1755 4876 1815 4912 τε

218 4941 570 5006 παντοδαπὰς
623 4943 735 4996 τῶν
781 4944 964 5014 φυτῶν
1029 4946 1208 5011 ἰδέας,
1267 4948 1361 5000 καὶ
1408 4948 1509 5011 τὰς
1564 4949 1816 5015 ποικίλας

219 5029 379 5096 πόας,
417 5034 688 5106 ποιότητι,
736 5037 831 5090 καὶ
862 5035 1112 5108 δυνάμει,
1147 5040 1241 5093 καὶ
1285 5042 1522 5111 σχήματι
1567 5039 1812 5112 ἀλλήλων

216 5119 613 5196 διαφερούσας,
666 5128 761 5181 καὶ
804 5129 904 5193 τὰς
949 5129 1058 5183 τῶν
1104 5130 1332 5202 καρπῶν
1378 5148 1437 5183 τε
1482 5131 1577 5184 καὶ
1619 5131 1811 5203 χυμῶν

221 5214 512 5288 ἰδιότητας,
545 5221 639 5277 καὶ
674 5221 741 5276 τά
773 5221 929 5288 ἀλλα,
959 5222 1025 5276 δι’
1063 5217 1139 5277 ὧν
1170 5226 1205 5295 ή
1240 5223 1492 5296 ἐνέργεια
1527 5224 1621 5278 τοῦ
1672 5222 1809 5278 Θεοῦ

218 5300 599 5374 διαδείκνυται,
650 5308 922 5381 βλέπουσα
964 5314 998 5385 ἡ
1051 5314 1220 5386 ψυχὴ,
1261 5313 1351 5370 διά
1394 5314 1491 5369 τοῦ
1533 5315 1810 5386 θαύματος

219 5393 327 5447 τῶν
358 5402 700 5473 φαινομένων
722 5402 1105 5472 ἀναλογίζεται
1134 5408 1200 5478 τῇ
1226 5406 1433 5477 διανοίᾳ
1460 5406 1553 5460 τὸν
1581 5407 1671 5462 διὰ
1697 5408 1806 5462 τῶν

222 5482 398 5554 ἔργων
426 5493 716 5564 νοούμενον
748 5495 830 5550 δτι
857 5495 1034 5551 ἔστιν.
1061 5500 1223 5562 Ἴσως
1248 5497 1305 5551 δὲ
1342 5496 1485 5551 κατά
1506 5496 1599 5552 τὸν
1636 5498 1808 5554 αίῶνα

220 5574 311 5629 τὸν
340 5580 621 5649 μέλλοντα,
646 5586 777 5641 ὅταν
803 5589 1053 5662 παρέλθῃ
1097 5592 1207 5643 πᾶν
1244 5590 1304 5643 τὸ
1337 5588 1638 5660 ὁρώμενον,
1666 5591 1810 5645 κατά

224 5666 320 5757 τὴν
348 5673 441 5726 τοῦ
475 5677 681 5749 Κυρίου
713 5680 918 5757 φωνὴν,
949 5680 1008 5743 ὃς
1040 5697 1204 5750 φησιν
1227 5697 1241 5712 ’
1279 5681 1341 5735 '0
1370 5681 1629 5749 οὐρανὸς
1652 5682 1809 5749 καὶὴ

225 5756 299 5827 τῆ
330 5756 840 5832 παρελεύσονταιε’
869 5771 942 5826 τὰ
963 5772 1028 5825 δὲ
1052 5771 1293 5842 ῥήματά
1307 5790 1427 5842 μου
1450 5775 1522 5827 οὐ
1549 5773 1637 5843 μὴ
1671 5790 1811 5843 παρ-

227 5846 592 5924 ειῑεύσονται,
623 5863 714 5915 καὶ
744 5864 1071 5935 είςέκείνην
1118 5865 1465 5936 μετέλθωμεν
1507 5865 1605 5937 τὴν
1639 5866 1807 5939 ζωὴν,

308 5957 347 5994 ⁸⁸
377 5963 562 6026 Matth.
586 5987 731 6036 χχιιι,
763 5973 865 6029 55.

1922 4670 2115 4725 derum
2163 4671 2326 4726 simul
2380 4672 2546 4726 etiam
2597 4679 2775 4726 mutat
2814 4672 3201 4742 operationes;
3236 4680 3290 4725 et
3326 4670 3512 4724 multi-

1921 4761 2092 4833 plices
2120 4773 2347 4819 naturas
2377 4764 2773 4831 animantium,
2806 4771 3076 4819 eteorum
3110 4778 3233 4831 quae
3262 4762 3317 4817 in
3349 4763 3511 4833 aquis

1919 4852 2160 4924 degunt,
2196 4862 2251 4910 et
2292 4855 2497 4926 quibus
2531 4865 2716 4912 motus
2742 4858 2913 4913 cessit
2937 4858 2994 4912 in
3029 4871 3188 4923 aere,
3215 4866 3271 4912 et
3298 4871 3423 4927 qua:
3452 4857 3510 4911 in

1918 4947 2084 5003 terris
2111 4948 2279 5001 vitam
2306 4958 2507 5018 agunt:
2563 4956 2619 5004 et
2662 4951 2848 5005 omnia
2898 4950 3212 5021 plantarum
3264 4963 3506 5020 genera,

1919 5049 1974 5095 et
2015 5039 2215 5097 herbas
2258 5041 2478 5105 varias,
2506 5042 2775 5111 qualitate
2800 5051 2854 5098 et
2880 5044 3087 5097 virtute
3158 5048 3213 5096 et
3255 5040 3427 5111 ﬁgura
3473 5056 3507 5094 a

1922 5147 1982 5187 se
2024 5132 2257 5187 invicem
2301 5131 2618 5189 diﬁ‘erentes
2645 5176 2659 5199 ,
2705 5133 3099 5204 fructuumque
3138 5139 3194 5186 et
3243 5145 3505 5200 saporum

1924 5223 2327 5294 preprietates,
2362 5232 2418 5279 et
2455 5238 2578 5294 quae
2622 5240 2719 5294 per
2765 5239 2830 5281 ea
2875 5239 2998 5295 quae
3043 5230 3401 5294 Operantura
3445 5236 3506 5278 se

1921 5316 2155 5371 invicem
2202 5316 2467 5372 distincta
2512 5314 2906 5382 ostenduntur,
2952 5314 3233 5384 aspiciens
3281 5313 3503 5378 anima,

1913 5424 2010 5480 per
2036 5408 2365 5464 miraculum
2402 5423 2592 5464 eorum
2623 5424 2750 5479 quin
2787 5414 3073 5479 apparent,
3104 5416 3287 5461 mente
3318 5415 3505 5461 versat

1912 5512 1967 5558 et
1993 5502 2309 5558 considerat
2345 5517 2469 5557 eum
2526 5502 2620 5572 qui
2654 5517 2720 5556 ex
2758 5501 3044 5571 operibus,
3093 5499 3375 5569 quod’sit,
3419 5499 3503 5554 in-

1914 5594 2204 5663 telligitur.
2251 5591 2416 5653 Forte
2470 5599 2651 5647 autem
2700 5592 2755 5645 in
2806 5590 2992 5645 futuro
3035 5590 3239 5646 saeculo
3281 5590 3506 5659 quando

1915 5682 2424 5753 quidquid‘videtur
2460 5680 2789 5752 praeterierit
2818 5682 3214 5736 convenienter
3245 5679 3364 5734 voci
3395 5678 3503 5732 Du-

1921 5776 2052 5833 uiini
2091 5796 2104 5829 :
2135 5774 2927 5832 Caelumctiarratramibunt
2955 5788 2972 5827 :
2999 5773 3156 5829 verba
3180 5783 3356 5829 autem
3383 5789 3496 5829 mea

1922 5883 2025 5921 non
2067 5863 2365 5918 transibunt
2388 5862 2435 5895 "
2466 5880 2479 5916 :
2510 5871 2564 5919 et
2591 5862 2661 5918 ad
2690 5863 2838 5918 illam
2883 5863 3054 5918 vitam
3084 5862 3493 5919 transierimus.
