3866 6404
412 392 538 452 loll

1731 404 1788 459 S.
1820 399 2145 460 GREGORII
2184 400 2478 459 NYSSENI

3540 404 3659 465 10ίέ

413 528 536 583 qua:
567 522 621 570 et
646 516 825 571 visum
852 526 1096 577 superat,
1129 524 1181 570 et
1206 517 1455 571 auditum
1479 524 1532 571 et
1563 518 1989 588 cogitationem:

2118 519 2129 589 ᾗ
2167 519 2307 590 ὑπὲρ
2355 520 2632 591 ὀφθαλμόν
2674 520 2734 576 τέ
2777 523 3014 576 ἐστικαὶ
3055 522 3222 595 ἀκοὴν
3268 524 3356 578 καὶ
3400 524 3657 578 διάνοιαν·

414 616 544 659 tunc
572 621 683 660 non
712 606 948 675 amplius
977 621 1046 661 ex
1078 619 1232 677 parte
1269 623 1365 677 per
1399 609 1777 677 operationem
1804 623 1997 665 eorum

412 709 536 766 quae
584 702 895 751 cernuntur
940 697 1071 751 boni
1112 706 1370 751 naturam
1420 713 1783 769 agnoscemus
1804 698 1885 763 “,
1941 706 1999 752 ut

414 801 561 842 nunc
602 786 682 851 ﬁt,
722 802 825 842 nec
853 802 921 842 ex
964 803 1156 843 eorum
1189 804 1311 858 quae
1341 797 1623 860 apparent,
1657 789 1995 860 operatione,

413 877 753 948 intelligetur
794 878 848 933 id
890 879 1039 949 quod
1084 881 1459 951 supereminet
1491 898 1506 935 ;
1535 881 1630 937 sed
1677 881 1839 936 aliter
1882 895 2000 934 om—

412 969 544 1024 nino
595 970 1101 1041 comprehendetur
1150 972 1443 1029 inell‘abilis
1496 989 1670 1044 genus
1706 974 2000 1030 beatitudi-

414 1061 520 1123 nis,
552 1068 605 1115 et
633 1061 739 1115 alia
772 1061 897 1130 ejus
928 1060 1177 1116 fruendae
1210 1063 1372 1127 ratio,
1406 1062 1567 1132 cujus
1597 1078 1706 1118 non
1739 1070 1826 1120 est
1851 1079 2000 1119 nunc

413 1167 474 1206 ea
502 1159 703 1207 natura
727 1160 786 1207 ut
810 1153 1075 1208 ascendat
1102 1153 1159 1207 in
1192 1167 1288 1209 cor
1322 1154 1583 1211 hominis.
1616 1154 1777 1210 Nunc
1816 1164 2000 1211 tamen

414 1247 684 1316 tantisper
736 1247 936 1302 animas
971 1253 1179 1303 nostrae
1210 1246 1426 1317 positus
1466 1254 1551 1303 est
1591 1247 1681 1303 hic
1730 1247 2001 1304 terminus

414 1338 751 1411 cognitionis
781 1339 953 1405 illius,
985 1340 1080 1412 qui
1106 1339 1400 1395 ineﬂ‘abilis
1434 1347 1540 1404 est,
1572 1340 1694 1410 ejus
1724 1341 1998 1411 operatio,

414 1444 536 1501 quae
565 1431 622 1485 in
646 1431 812 1486 rebus
841 1432 1046 1487 creatis
1076 1439 1323 1503 apparet,
1346 1445 1511 1501 quam
1545 1431 1756 1501 tropice
1780 1441 2000 1484 manum

416 1522 523 1577 dici
576 1524 970 1579 intelleximus.
1022 1523 1138 1579 Hoc
1167 1539 1299 1594 ergo
1345 1524 1502 1577 nobis
1530 1521 1729 1593 dogma
1760 1522 2003 1592 philoso-

417 1616 578 1686 phice
631 1625 717 1672 est
764 1616 1027 1672 traditum
1078 1632 1174 1688 per
1215 1617 1332 1672 haac
1383 1616 1571 1671 divina
1616 1617 1857 1685 eloquia,
1910 1630 2004 1685 per

418 1722 542 1777 quae
591 1723 731 1777 pura
787 1710 991 1774 anima,
1039 1717 1094 1764 et
1140 1723 1248 1764 non
1297 1708 1535 1778 amplius
1584 1708 1896 1776 ingrediens
1949 1706 2004 1759 in

421 1801 534 1852 vita
571 1807 787 1854 terrena
817 1807 871 1854 et
899 1799 1192 1865 materiali,
1230 1815 1298 1856 ne
1331 1813 1430 1854 sua
1463 1798 1716 1868 inquinet
1748 1797 2002 1866 vestigia,

2100 613 2221 666 τότε
2250 612 2434 666 οὐκέτι
2472 613 2537 667 ἐκ
2570 612 2769 686 μέρους
2799 614 2886 669 διὰ
2918 616 3025 669 τῶν
3058 615 3236 686 ἔργων
3269 617 3662 687 ἐπιγνωσόμεϐα

2099 703 2199 769 τὴν
2234 702 2328 755 τοῦ
2358 703 2560 773 ἀγαθοῦ
2587 703 2771 772 φύσιν,
2799 704 2989 779 ὥσπερ
3027 708 3121 761 καὶ
3148 707 3244 760 νῦν
3267 726 3280 739 ο
3311 709 3433 762 οὐδὲ
3468 709 3551 761 διὰ
3578 710 3661 778 τῆς

2099 793 2207 872 τῶν
2238 794 2578 865 φαινομένων
2602 797 2884 868 ἐνεργείας
2910 798 2970 851 τὸ
3002 798 3400 868 ὑπερκείμενον
3430 799 3663 867 νοηθήσε-

2099 899 2224 937 ται·
2270 883 2383 937 ἁλλ’
2419 884 2624 957 ἑτέρως
2672 885 3150 959 καταληφθήσεται
3196 888 3416 951 πάντως
3454 887 3514 939 τὸ
3548 882 3663 949 εἶδος

2100 976 2201 1046 τῆς
2241 977 2519 1047 ἀφράστου
2567 979 2987 1051 μακαριότητος.
3028 981 3122 1034 καὶ
3157 979 3313 1044 ἄλλος
3352 981 3550 1051 τρόπος
3583 983 3665 1049 τῆς

2101 1065 2481 1131 ἀπολαύσεως,
2502 1068 2561 1132 ὃς
2590 1069 2683 1122 νῦν
2706 1070 2796 1122 ἐπὶ
2818 1070 3044 1140 καρδίαν
3065 1070 3354 1142 ἀνθρώπου
3375 1070 3664 1124 ἀναϐαίνειν

2107 1154 2266 1224 φύσιν
2307 1155 2407 1209 οὐκ
2450 1156 2584 1227 ἔχει.
2614 1157 2765 1221 Τέως
2804 1158 2860 1211 δὲ
2895 1159 2989 1212 νῦν
3024 1161 3147 1231 ὄρος
3176 1162 3241 1230 τῇ
3270 1160 3419 1230 ψυχῇ
3458 1160 3553 1230 τῆς
3587 1159 3665 1212 τοῦ

2104 1245 2387 1317 ἀφράστου
2426 1246 2680 1315 γνώσεώς
2728 1250 2873 1302 ἐστιν
2913 1251 2945 1320 ἡ
2980 1251 3353 1321 ἐμφαινομένη
3396 1252 3510 1314 τοῖς
3542 1246 3668 1304 οὖσιν

2103 1337 2390 1408 ἐνέργεια,
2439 1340 2505 1410 ἢν
2551 1343 2709 1411 χεῖρα
2751 1340 3007 1408 λέγεσθαι
3053 1342 3331 1412 τροπικῶς
3369 1342 3667 1412 ἐνοήσαμεν.

2105 1429 2277 1484 Τοῦτο
2305 1431 2484 1484 τοίνυν
2514 1432 2644 1503 ἡμῖν
2672 1433 2730 1485 τὸ
2755 1432 2929 1502 δόγμα
2951 1433 3037 1487 διά
3058 1434 3167 1486 τῶν
3197 1433 3358 1489 θείων
3382 1433 3581 1487 τούτων
3600 1432 3670 1485 λο-

2105 1520 2239 1590 γίων
2270 1521 2720 1594 πεφιλοσόφηται,
2740 1525 2807 1577 δι’
2838 1518 2913 1577 ὧν
2936 1526 2968 1593 ἡ
3004 1524 3221 1594 καθαρά
3253 1524 3423 1595 ψυχὴ,
3450 1525 3541 1578 καὶ
3565 1525 3671 1577 οὐκ·

2107 1613 2189 1666 ἐτι
2225 1613 2319 1667 τοῦ
2361 1615 2551 1685 γηῒνου
2603 1632 2658 1667 τε
2720 1614 2817 1669 καὶ
2870 1615 3054 1669 ὑλικοῦ
3103 1616 3217 1685 βίου
3262 1615 3665 1677 ἐπιϐατεὺουσα,

2108 1705 2195 1759 ἵνα
2228 1705 2303 1775 μὴ
2342 1704 2547 1776 μολύνῃ
2587 1705 2785 1777 ἑαυτῆς
2813 1707 2874 1760 τὸ
2918 1706 3061 1778 ἴχνος
3098 1711 3210 1771 τοῖς
3247 1708 3402 1762 κάτω
3430 1706 3669 1778 ἐνερειδο-

2113 1798 2274 1867 μένη.
2307 1797 2725 1867 προσδοκήκασα
2748 1798 2909 1852 αὑτὸν
2933 1798 3295 1865 ὑποδέξασθαι
3317 1798 3410 1852 τὸν
3440 1796 3666 1867 νυμφίον,

422 1892 477 1944 in
513 1894 679 1947 rebus
724 1892 990 1949 insistens
1028 1890 1408 1958 inferioribus,
1445 1900 1772 1960 exspectans
1804 1889 1917 1944 fore
1949 1898 2006 1942 ut

2118 1860 2249 1939 ἕλον.
2266 1886 2325 1939 ὲν
2461 1860 2595 1958 οῖκῲ
2634 1887 2926 1957 γενόμενον
2946 1903 2957 1917 ο
2990 1860 3241 1957 ἠγάπησε
3284 1888 3446 1958 μόνον
3472 1860 3599 1948 τὲως
3623 1887 3668 1936 ἐν

421 1993 595 2038 totum
627 1984 903 2054 exciperet
931 1999 1195 2055 sponsum
1232 1983 1456 2038 domum
1492 1983 1801 2052 ingressum
1829 1999 1842 2035 :
1870 1995 2009 2050 prae-

420 2076 569 2129 clare
615 2088 799 2129 secum
854 2074 940 2144 agi
988 2074 1340 2137 existimavit,
1391 2075 1435 2129 si
1492 2074 1667 2129 solum
1711 2087 1808 2142 per
1850 2069 2004 2126 fene-

423 2176 593 2221 stram
647 2180 870 2220 manum
920 2166 1253 2236 aspexisset,
1310 2181 1408 2234 per
1466 2180 1630 2235 quam
1687 2164 2011 2234 intelligitur

423 2260 602 2312 virtus
642 2257 766 2326 ejus
800 2271 1057 2326 operans.
1093 2256 1365 2310 Patruelis
1410 2271 1576 2321 meus,
1625 2254 1826 2324 inquit,
1867 2253 2010 2306 misit

425 2363 645 2400 manum
688 2363 845 2401 suam
895 2362 988 2415 per
1039 2347 1302 2416 foramen.
1357 2346 1475 2401 Non
1520 2346 1665 2400 enim
1703 2353 1882 2414 potest
1929 2344 2011 2398 vis

426 2438 669 2492 humana
716 2438 772 2491 in
826 2433 887 2494 se'
933 2438 1181 2507 recipere
1228 2446 1480 2492 naturam
1535 2436 1805 2492 inﬁnitam
1839 2444 1893 2490 et
1926 2434 2013 2489 in-

427 2531 1004 2601 comprehensibilem.
1074 2530 1267 2586 Venter
1330 2541 1506 2586 autem
1569 2546 1752 2591 meus,
1798 2528 2009 2598 inquit,

426 2633 718 2675 commotus
768 2628 848 2674 est
883 2621 940 2674 in
972 2621 1165 2689 ipsum.
1196 2619 1403 2676 Nomen
1451 2621 1583 2674 illud
1624 2619 2013 2674 commotionis

426 2713 699 2783 signiﬁcat
734 2713 1029 2784 quemdam
1064 2722 1351 2785 stuporem
1383 2723 1439 2770 et
1482 2713 1913 2768 admirationem
1942 2712 2014 2769 ob

426 2803 751 2858 miraculum
783 2802 931 2874 quod
967 2804 1241 2874 apparuit.
1281 2802 1551 2861 Universa
1581 2806 1727 2859 enim
1760 2803 1882 2874 ejus
1915 2819 2014 2860 co-

426 2890 635 2962 gitandi
687 2901 745 2947 et
801 2893 1147 2964 intelligendi
1196 2894 1432 2951 facultas
1485 2903 1759 2949 commota
1804 2902 1890 2950 est
1944 2894 2014 2949 ad

431 2983 756 3038 miraculum
794 2999 988 3043 eorum
1020 3000 1144 3055 quae
1178 3000 1276 3054 per
1310 2999 1533 3039 manuni
1564 2985 1804 3040 divinam
1835 2999 2013 3055 agun-

431 3082 518 3128 tur
548 3093 561 3128 :
599 3090 834 3146 quorum
870 3077 1241 3133 consideratio
1283 3077 1578 3131 humanam
1614 3090 1881 3144 superans
1913 3091 2014 3130 na-

2108 1980 2215 2049 ὸπῇ
2264 1978 2362 2047 τὴν
2420 1981 2577 2050 χεῖρα
2635 1978 2969 2047 θεάσασθαι,
3022 1980 3089 2033 δι’
3137 1976 3205 2052 ἧς
3255 1978 3668 2051 ἑρμηνεύεταιή

2112 2070 2435 2140 ἐνεργητικὴ
2473 2070 2637 2124 αὐτοῦ
2672 2070 2917 2140 δύναμις.
2961 2071 3308 2139 Ἀδελεριόός
3334 2089 3479 2140 μου,
3511 2069 3669 2138 φησὶν,

2111 2162 2434 2217 ἀπέστειλε
2465 2161 2579 2230 τὴν
2603 2162 2769 2231 χεᾷκι
2794 2166 2980 2216 αὐτοῦ
3016 2162 3113 2215 διὰ
3142 2162 3253 2230 τῆς
3276 2160 3454 2230 ὀπῆς.
3486 2161 3555 2212 Οὐ
3581 2159 3670 2226 γὰρ

2112 2256 2279 2324 χωρεί
2332 2256 2365 2323 ἡ
2423 2252 2736 2323 ἀνθρωπίνη
2801 2252 3030 2323 δύναμις
3073 2251 3170 2322 τὴν
3209 2250 3461 2322 ἀόριστόν
3509 2266 3562 2302 τε
3594 2247 3669 2299 καὶ

2113 2343 2485 2414 ἀπερίληπτον
2515 2343 2676 2411 φύσιν
2709 2345 2766 2395 ὲν
2790 2345 2953 2413 ἑαυτῇ
2986 2340 3260 2407 δέξασθαι.
3297 2341 3373 2396 Ἦ
3403 2339 3472 2392 δὲ
3502 2337 3671 2391 κοιλία

2107 2455 2248 2507 μου,
2291 2438 2486 2507 φησιν,
2541 2434 2793 2504 ἐθροήθη
2842 2435 2934 2488 ἐπ’
2983 2434 3207 2491 αὐτόν.
3249 2430 3546 2501 Ἐκπληξίν
3573 2444 3670 2481 τινα

2115 2530 2207 2584 καὶ
2238 2529 2487 2599 ξενισμὸν
2520 2528 2775 2600 σημαίνει
2796 2528 2888 2580 ἐπὶ
2907 2525 2985 2597 τῷ
3007 2522 3228 2595 φανέντι
3247 2523 3486 2594 θαύματι
3519 2522 3573 2574 τὸ
3590 2519 3670 2588 τῆς

2115 2624 2391 2694 θροήσεως
2445 2622 2635 2693 ὄνομα.
2698 2622 2855 2675 Πᾶσα
2915 2618 3026 2690 γὰρ
3085 2618 3253 2688 αὐτῆς
3299 2618 3333 2688 ἡ
3384 2611 3667 2683 διανοητικὴ

2113 2713 2338 2783 δύναμις
2371 2714 2695 2784 συνεκινήθη
2722 2713 2857 2784 πρὸς
2886 2713 2947 2766 τὸ
2975 2711 3160 2781 θαῦμα
3185 2710 3292 2764 τῶν
3315 2708 3406 2762 8ιά
3429 2708 3526 2778 τῆς
3546 2704 3671 2765 θείας

2114 2805 2293 2878 χειρὸς
2324 2805 2758 2878 ἐνεργουμένων·
2796 2799 2871 2860 ὧν
2905 2808 2938 2875 ὴ
2970 2804 3296 2874 κατανόησις
3326 2798 3668 2872 ὑπερκειμένη

2114 2899 2175 2952 τὺ
2200 2898 2582 2969 ἀκατάληπτόν
2602 2914 2661 2950 τε
2686 2897 2780 2952 καὶ
2800 2895 3083 2968 ἀχώρητον
3109 2895 3206 2965 τῆς
3226 2892 3319 2947 τοῦ
3349 2890 3670 2964 ἐνεργοῦντος

2116 2990 2331 3061 φύσεως
2371 2988 2437 3043 δι’
2467 2990 2667 3059 ἐαυτῆς
2705 2987 3019 3060 ἐρμηνεύει.
3062 2980 3219 3040 Πᾶσα
3252 2984 3361 3056 γὰρ
3400 2985 3434 3054 ἡ
3466 2980 3569 3035 τῶν
3601 2979 3669 3031 ὀνο

2114 3100 2222 3136 των
2252 3082 2428 3145 κτίσις
2448 3081 2552 3150 τῆς
2578 3080 2760 3151 χειρὸς
2787 3075 3002 3150 ἐκείνης
3033 3078 3133 3149 τῆς
3167 3076 3256 3130 διά
3280 3076 3379 3145 τῆς
3401 3073 3537 3142 ὀπῆς
3562 3071 3667 3140 ἡμῖν

431 3172 631 3231 turam,
672 3182 772 3238 per
813 3184 873 3224 se
917 3169 1318 3238 interpretatur
1355 3168 1753 3239 comprehendi
1795 3177 1852 3223 et
1894 3168 2013 3239 capi

2121 3174 2526 3245 φανερωθείσης
2567 3173 2728 3245 ἔργον
2762 3174 2929 3237 ἐστὶν,
2977 3172 3054 3236 ὡς
3097 3171 3126 3222 ό
3175 3169 3427 3237 Ἰωάννης
3469 3166 3558 3236 βοᾷ
3601 3157 3671 3213 λέ-

432 3273 541 3313 non
582 3274 747 3329 posse
780 3268 1034 3315 naturam
1071 3261 1196 3327 ejus
1238 3260 1334 3330 q‘ui
1374 3266 1656 3330 operatur.
1701 3257 1840 3313 Nam
1892 3259 2019 3314 uni-

432 3360 595 3405 versa
629 3365 844 3417 eorum,
876 3364 1000 3422 quae
1035 3357 1189 3416 sunt,
1216 3358 1494 3415 creatura,
1529 3357 1614 3405 est
1644 3350 1784 3420 opus
1827 3366 2023 3408 manus

434 3442 584 3497 illius
623 3456 747 3512 quae
781 3440 1039 3513 apparuit
1074 3458 1171 3514 per
1217 3442 1486 3505 foramen,
1532 3451 1593 3497 ut
1638 3440 1879 3505 Joannes
1911 3443 2026 3497 cla—

436 3541 549 3588 mat
582 3534 638 3588 in
665 3532 984 3605 Evangelio,
1018 3542 1073 3593 et
1105 3535 1371 3605 pr0pheta
1398 3534 1477 3588 illi
1508 3534 1859 3604 suffragatur.
1887 3533 2023 3589 Nam

435 3627 526 3681 ille
567 3626 788 3698 quidem
829 3627 1006 3683 dicit:
1043 3628 1240 3683 Omnia
1286 3644 1377 3697 per
1415 3629 1588 3697 ipsum
1620 3627 1766 3695 facta
1808 3638 1931 3681 sunt
1957 3628 2022 3680 ⁸⁷.

434 3720 710 3790 Propheta
763 3730 947 3777 autem
1001 3722 1253 3777 nominat
1298 3735 1523 3775 manum
1568 3718 1893 3775 ellicientem
1942 3735 2027 3775 eo-

436 3824 559 3864 rum
592 3826 714 3880 quae
756 3818 908 3876 sunt,
939 3811 1222 3878 virtutem,
1255 3811 1484 3866 dicens:
1516 3809 1713 3865 Manus
1757 3828 1875 3865 mea
1903 3811 2027 3880 fecit

437 3901 548 3956 nam
580 3903 762 3957 omnia
780 3902 848 3956 ⁸⁸.
904 3901 963 3957 Si
995 3918 1129 3973 ergo
1155 3917 1324 3973 opera
1374 3903 1528 3958 illius
1568 3903 1929 3973 operationis,
1976 3911 2032 3957 et

438 3995 547 4050 alia
576 3995 785 4059 omnia,
827 4005 883 4050 et
909 3996 1191 4050 caelestem
1240 3993 1738 4063 pulchritudinem,
1781 3995 2027 4049 nondum

438 4082 861 4152 comprehendit
892 4083 1180 4152 inquirens
1214 4082 1456 4137 hominis
1490 4081 1873 4152 intelligentia,
1898 4083 2029 4156 quid

439 4175 515 4229 sit
539 4173 704 4229 homo
737 4174 1046 4230 secundum
1080 4173 1401 4236 essentiam,
1439 4174 1523 4229 vel
1555 4173 1660 4236 sol,
1704 4175 1790 4229 vel
1824 4175 2031 4245 aliquid

440 4279 507 4319 ex
544 4264 615 4319 iis
647 4280 772 4335 qum
803 4265 860 4319 in
897 4264 1178 4321 creatione
1205 4272 1474 4335 apparent
1504 4264 1788 4321 miraculis
1822 4283 1835 4319 :
1870 4281 1935 4321 ea
1966 4268 2035 4323 de

444 4370 617 4413 causa
646 4365 1026 4412 commovetur
1057 4371 1214 4412 mens
1245 4358 1507 4420 humana,
1543 4365 1599 4411 et
1634 4357 1874 4413 divinam
1905 4372 2032 4428 ope-

441 4449 712 4506 rationem
760 4450 1016 4505 miratur.
1060 4448 1197 4503 Nam
1244 4449 1292 4505 si
1338 4450 1806 4520 comprehendere
1844 4455 2034 4522 nequit

2123 3284 2256 3335 γωνν
2297 3266 2391 3318 καὶ
2418 3267 2447 3318 ὁ
2493 3266 2779 3339 προφήτης
2808 3263 2886 3336 τῷ
2923 3261 3239 3332 Εῢαγγελίῳ
3274 3258 3669 3329 συμφθέγγετςι-

2137 3357 2196 3414 '0
2236 3359 2334 3428 μὲν
2364 3358 2470 3431 γάρ
2509 3373 2699 3428 φησιν·
2731 3358 2816 3410 ὅτι
2853 3354 3056 3410 Πάντα
3100 3352 3175 3408 δι’
3213 3350 3400 3406 αὑτοῦ
3446 3345 3668 3440 ἐγένετρ⁸

2125 3453 2154 3505 ὁ
2202 3451 2259 3504 δὲ
2296 3453 2580 3521 προφήτης
2622 3448 2777 3518 χεῖρα
2824 3444 3080 3515 ὀνομάζει
3119 3444 3217 3512 τὴν
3270 3439 3548 3508 ποιητικὴν
3585 3445 3670 3483 των

2124 3542 2292 3595 ὄντων
2318 3540 2576 3609 δύναμιν,
2614 3537 2783 3590 εἰπών
2803 3555 2815 3567 ·
2864 3537 2924 3592 Ἠ
2950 3536 3078 3605 χείρ
3099 3551 3218 3603 μου
3244 3530 3492 3595 ἐποίησε
3518 3522 3672 3578 ταῦτα

2128 3633 2343 3688 πάντα.
2378 3630 2440 3684 El.
2468 3626 2563 3685 οὖν
2589 3629 2659 3683 τά
2690 3629 2791 3699 τῆς
2823 3627 3103 3699 ἐνεργείας
3132 3624 3344 3694 ἐκείνης
3368 3622 3522 3692 ἔργα,
3543 3614 3601 3668 τά
3628 3626 3671 3663 τε

2128 3728 2264 3782 ἄλλα
2286 3727 2482 3789 πάντα,
2508 3727 2601 3779 καὶ
2632 3724 2698 3777 τὰ
2724 3723 2950 3796 οὐράνια
2972 3719 3165 3790 κάλλη.
3196 3717 3346 3771 οὔπω
3367 3716 3423 3768 δὲ
3454 3707 3673 3803 κατείλη-

2130 3837 2228 3890 φεν
2274 3820 2307 3888 ἠ
2350 3816 2616 3888 ζητητικὴ
2653 3814 2746 3868 τοῦ
2790 3795 3075 3885 ἀνθρώπου
3114 3809 3341 3866 διάνοια,
3470 3795 3578 3855 κατ’
3603 3795 3675 3897 0:.-

2133 3912 2253 3965 σίαν
2281 3911 2309 3963 ὁ
2349 3908 2633 3979 ἄνθρωπός
2676 3907 2824 3959 ἐστιν
2847 3945 2862 3972 ,
2920 3903 2954 3975 ἢ
2990 3905 3019 3955 ό
3056 3900 3239 3973 ἥλιος,
3274 3897 3306 3968 ἦ
3350 3894 3474 3948 ἄλλο
3510 3908 3558 3943 τι
3590 3894 3674 3979 τὼν

2134 3978 2475 4072 φαινομένων
2520 4000 2576 4051 ἐν
2625 4000 2691 4069 τῇ
2731 3995 2909 4049 κτίσει
2954 3991 3284 4063 θαυμάτων
3320 3985 3504 4039 τούτου
3545 3978 3673 4072 κάρ-’ς

2134 4061 2372 4166 θροεῖται
2401 4090 2536 4161 πρὸς
2572 4061 2856 4161 θείαν
2899 4061 3180 4155 ἐνέργειαν
3206 4084 3240 4151 ἠ
3272 4076 3464 4148 καρδία
3484 4091 3496 4104 ·
3534 4072 3604 4166 ὅτι
3637 4061 3673 4113 εί

2132 4158 2309 4239 ταῦτα
2346 4158 2671 4237 κατ-αλαὸείν
2708 4180 2770 4231 οὑ
2799 4179 2995 4249 χωρεῖ,
3030 4174 3145 4238 πῶς
3176 4173 3275 4241 τὴν
3312 4158 3673 4239 ὑπερκειμένην

2134 4272 2338 4329 τούτων
2369 4270 2735 4343 καταλήψεται
2783 4268 2978 4337 φύσιν;
3014 4265 3167 4337 Τάχα
3199 4264 3256 4317 δέ
3293 4280 3375 4326 τις
3409 4260 3498 4313 καὶ
3534 4251 3672 4343 ἀλλος

2138 4362 2455 4437 μεταλαϐὼν
2499 4341 2571 4417 τά
2608 4361 2717 4416 τῶν
2755 4361 3059 4432 εἰρημένων
3105 4357 3434 4428 αἰνίγματα,
3478 4351 3567 4404 οὐκ
3593 4341 3674 4407 ἔξω

2135 4457 2229 4511 τοῦ
2258 4456 2465 4519 εἰκότος
2501 4455 2761 4526 προσάξει
2798 4453 2897 4523 τὴν
2928 4451 3180 4522 θεωρίαν.

443 4539 570 4605 ί8ι²υ
606 4539 1074 4611 quemadmodum
1118 4539 1547 4610 comprehendet
1580 4556 1724 4605 eain,
1765 4559 1889 4613 qua:
1936 4555 2024 4602 est
2089 4549 2199 4604 illis
2267 4525 2556 4618 superior,
2598 4545 2887 4601 naturam?
2935 4542 3099 4598 Forte
3147 4549 3328 4595 autem
3362 4539 3518 4593 etiam
3564 4525 3673 4625 alios

445 4636 722 4705 quispiam
753 4635 809 4690 in
846 4635 1010 4691 aliam
1038 4636 1370 4691 sententiam
1415 4637 1660 4707 acceptis
1698 4653 1888 4694 eorum
1953 4657 2075 4712 quae
2114 4643 2258 4699 dicta
2303 4652 2432 4699 sunt
2495 4640 2898 4712 aenigmatihus.
2920 4652 3028 4693 non
3059 4636 3128 4691 ab
3158 4649 3223 4689 eo
3246 4631 3389 4703 quod
3417 4638 3497 4684 est
3521 4632 3675 4678 verm-

444 4728 597 4792 mile,
624 4736 891 4783 remotam
921 4727 1087 4782 faciet
1121 4728 1645 4798 contemplationem
1675 4730 1777 4799 (a).

516 4818 773 4875 Arbitror
800 4819 945 4874 enim
976 4833 1074 4889 per
1101 4833 1321 4889 sponsae
1346 4818 1569 4874 domum
1596 4819 1827 4892 intelligi
1858 4830 2016 4880 totan

2211 4820 2378 4896 Οἶμαι
2408 4822 2516 4892 γὰρ
2547 4819 2694 4879 οἷκον
2733 4822 2971 4877 νοεῖσθαι
3002 4820 3101 4891 τῆς
3140 4817 3357 4887 νύμφης
3400 4815 3563 4866 πᾶσαν
3600 4799 3672 4896 fit"

447 4914 614 4969 vitam
643 4911 966 4973 humanam,
991 4910 1133 4964 hanc
1155 4925 1284 4964 vero
1317 4925 1541 4965 manum
1565 4912 1920 4969 conditricem
1950 4931 2016 4971 re

2140 4892 2486 4988 ἀνθρωπίνην
2518 4914 2694 4986 ζωήνο
2726 4912 2931 4983 ταύτην
2958 4912 3014 4965 δὲ
3049 4910 3146 4980 τὴν
3184 4909 3341 4978 χεῖρα
3368 4904 3463 4973 τὴν
3489 4898 3580 4953 τῶν
3611 4892 3671 4988 6v:

447 5018 570 5060 rum
598 5000 845 5057 omnium
876 4999 1037 5071 quasi
1072 4999 1515 5070 peregrinatione
1549 5009 1805 5070 suscepta
1840 5002 1894 5056 in
1940 5003 2037 5057 ho-

449 5097 660 5151 minum
686 5093 856 5147 vitam
886 5091 1085 5146 exilem
1119 5105 1183 5144 ac
1223 5089 1432 5144 nullius
1467 5092 1754 5157 momenti,
1796 5092 2036 5162 seipsam

2139 4977 2254 5061 των.
2283 4977 2590 5077 ποιητικὴν,
2618 4977 3006 5075 ’ἐνδημήσασαν
3040 4977 3177 5072 πρὸς
3214 4996 3277 5051 τὸ
3314 4992 3568 5085 βραχύ-τε

2140 5097 2412 5151 οὐτιδανὸν
2441 5095 2535 5149 τοῦ
2565 5094 2906 5167 ἀνθρωπίνου
2942 5093 3055 5164 βίου
3086 5089 3281 5158 ἑαυτὴν
3313 5081 3584 5139 συστεῖλαι.
3608 5081 3672 5167 6t:

450 5186 602 5243 velut
638 5184 849 5239 arctius
899 5182 1269 5244 contraxisse,
1325 5180 1490 5250 idque
1533 5183 1588 5234 in
1625 5197 1691 5236 eo
1738 5184 1885 5253 quod
1941 5200 2016 5252 pe‘

2669 5154 2679 5167 .
2942 5154 2953 5164 .
3239 5154 3251 5158 -
3661 5154 3670 5173 ,

2140 5187 2234 5241 τοῦ
2268 5190 2557 5258 μετασχεῖν
2593 5187 2692 5256 τῆς
2734 5184 2948 5255 φύσεως
2986 5181 3143 5254 ἡμῶν
3182 5178 3321 5233 κατά
3350 5176 3546 5231 πάντα,
3580 5156 3659 5258 ttae

452 5277 636 5331 omnia
665 5282 877 5329 naturae
901 5281 1106 5328 nostra:
1143 5273 1417 5342 particeps
1444 5272 1617 5337 ﬁeret,
1646 5282 1875 5345 excepto
1906 5290 2037 5345 pec-

455 5376 599 5424 cato.
644 5370 832 5437 Itaque
871 5373 1232 5436 posteaquam
1287 5364 1355 5419 ad
1389 5378 1491 5419 nos
1540 5367 1860 5434 accesserit,
1907 5381 2039 5422 con-

462 5461 851 5517 sternationem
890 5457 1188 5528 quamdam
1217 5463 1273 5511 et
1304 5455 1725 5513 admirationem
1760 5459 1840 5513 rei
1880 5472 2039 5514 novre

515 5637 598 5693 ⁸⁸1
636 5643 765 5697 Cor.
792 5656 915 5701 xm,
948 5643 1035 5697 12.
1106 5642 1149 5673 ⁸⁷
1181 5637 1378 5695 Joann.
1411 5653 1452 5706 l,
1476 5636 1532 5693 5.
1590 5637 1637 5669 ⁸⁸
1663 5634 1771 5693 lsa.
1810 5652 1956 5705 vat,
1982 5636 2036 5692 2.

2144 5252 2661 5348 ὁμοιότητας-χωρὶς
2687 5252 2985 5346 ἁμαρτίαςο
3010 5252 3127 5323 ἽνἘν
3163 5271 3290 5339 ἡμῖν
3327 5266 3385 5318 δὲ
3425 5252 3671 5348 γενομένηῖ

2145 5330 2367 5441 θρόησιν
2401 5368 2696 5438 ἐμποιῆσαι
2734 5367 2828 5420 καὶ
2856 5363 3105 5434 ξενισμὸν
3139 5364 3258 5424 ταῖς
3296 5356 3505 5428 ψυχαῖς,
3536 5330 3671 5453 πὸξςνδ

2147 5462 2276 5525 Θεὸς
2296 5463 2355 5516 ἐν
2378 5460 2537 5532 σαρκὶ
2563 5458 2894 5531 φανεροῦται
2916 5474 2930 5523 ;
2960 5455 3083 5522 Πῶς
3122 5456 3150 5511 ὁ
3166 5453 3337 5523 Λόγος
3348 5450 3668 5520 γίνεταισπρξῖ

534 5755 615 5821 (α)
670 5754 950 5811 Hactenus
998 5754 1241 5811 excurrit
1282 5753 1500 5810 Herveti
1554 5752 1833 5821 exemplar
1874 5768 2036 5824 :qum
2075 5767 2203 5807 vero
2247 5756 2576 5821 sequuntur,
2621 5755 2750 5804 sunt
2803 5761 2868 5802 ex
2942 5743 3301 5799 translatione
3348 5736 3497 5793 Joan.
3563 5724 3669 5780 ιω·

485 5831 750 5888 Wenciali.
