3866 6384
80 383 259 438 (Ol?)

77 500 241 565 Πῶς
310 503 388 554 ἐν
431 500 695 573 παρθενίᾳ
749 501 942 568 tortos;
991 501 1113 566 Πῶς
1164 503 1243 574 τῷ
1288 506 1468 559 σκότει
1512 507 1574 560 τὸ
1621 506 1735 575 φῶς
1764 512 1808 566 Α

76 593 577 664 καταμίγνυται,
610 593 704 648 καὶ
738 593 816 663 τῷ
846 594 1061 665 θανάτῳ
1101 597 1133 666 ἡ
1165 596 1276 666 ζωὴ
1314 600 1736 669 κατακιρνᾶται;

82 686 242 748 Πῶς
278 687 536 756 χωρεῖὴ
568 687 796 756 βραχεῖα
831 684 924 738 τοῦ
966 686 1082 752 βίου
1128 689 1400 759 τρυμαλιά
1441 689 1540 760 τὴν
1584 705 1740 759 περι-

81 775 375 846 εκτικὴν
420 775 636 830 πάντων
659 777 767 829 τῶν
799 777 968 831 ὄντων
996 780 1151 848 χεῖρα
1187 781 1244 831 ἐν
1266 781 1430 850 ἑαυτῇ
1462 779 1736 844 δέξασθαι,

84 862 128 939 ᾖ
166 870 304 931 πᾶς
348 870 386 921 ὁ
421 869 644 940 οὐρανὸς
677 870 1042 939 ὲκμετρεῖται,
1084 872 1177 923 καὶ
1207 874 1239 940 ή
1280 873 1348 942 γῆ
1379 873 1529 925 πᾶσα
1560 874 1654 925 καὶ
1678 873 1739 925 τὸ

86 959 266 1031 ὕδωρ
305 960 478 1013 ἅπαν
513 960 933 1031 ὲμπεριέχεται;
968 961 1129 1026 Εἰκὸς
1160 963 1339 1015 τοίνυν
1377 961 1476 1033 τὴν
1511 962 1604 1015 τοῦ
1637 964 1740 1015 Eu-

86 1050 411 1118 αγγελίου
446 1050 604 1121 χάριν
639 1049 726 1105 διὰ
760 1048 856 1104 τοῦ
885 1052 985 1122 τῆς
1021 1053 1202 1123 χειρὸς
1240 1051 1560 1123 αἰνίγματος
1606 1069 1740 1125 προ-

88 1141 403 1214 φητικῶς
446 1144 578 1213 ἡμῖν
605 1143 711 1197 ὑπὸ
739 1145 836 1212 τῆς
861 1141 1078 1213 νύμφης
1108 1143 1580 1214 διασημαίνεσθαι.
1607 1145 1737 1200 Ὅτε

92 1235 225 1305 γὰρ
276 1234 396 1287 ἐπὶ
453 1235 551 1304 τῆς
593 1234 695 1303 γῆς
731 1232 886 1304 ὤφθη
908 1274 922 1297 ,
958 1236 1051 1288 καὶ
1088 1237 1199 1298 τοῖς
1232 1236 1538 1307 ἀνθρώποις
1574 1254 1737 1292 συνα-

93 1326 433 1397 νεστράερη
469 1327 497 1378 ὁ
549 1326 772 1396 Κύριος,
819 1326 880 1379 τὸ
917 1326 1157 1398 καθαρόν
1209 1345 1268 1380 τε
1313 1327 1406 1380 καὶ
1448 1329 1612 1382 ἀῦλον
1643 1330 1738 1383 τοῦ

96 1417 384 1487 νυμφίου
424 1416 636 1481 κάλλος,
668 1418 762 1469 καὶ
782 1416 880 1487 τὴν
912 1416 1003 1470 τοῦ
1037 1419 1211 1485 Λόγου
1244 1419 1491 1490 θεότητα,
1516 1422 1608 1475 καὶ
1640 1422 1738 1494 τὴν

97 1510 208 1563 τοῦ
238 1507 529 1580 ἀληθινοῦ
552 1508 728 1576 φωτὸς
750 1508 1070 1580 λαμπηδόνα
1089 1510 1175 1563 διὰ
1200 1511 1299 1581 τῆς
1320 1511 1427 1565 τῶν
1451 1513 1738 1582 ἐνεργειῶν

97 1604 314 1674 χειρὸς
378 1603 787 1673 ἐγνωρίσαμεν.
837 1604 1009 1674 Χεῖρα
1051 1602 1161 1673 γὰρ
1210 1601 1438 1673 νοοῦμεν
1482 1602 1580 1674 τὴν
1632 1603 1738 1657 τῶν

100 1695 450 1766 θαυμάτων
508 1694 945 1765 κατεργαστικὴν
1002 1693 1168 1746 αὐτοῦ
1237 1694 1500 1765 δύναμιν,
1560 1695 1626 1748 δι’
1671 1691 1740 1767 ἧς

102 1783 546 1849 ὲζωοποιοῦντο
597 1784 647 1836 οί
697 1784 905 1854 νεκροὶ,
951 1783 1183 1838 καὶτῶν
1230 1784 1444 1852 τυφλῶν
1491 1787 1545 1838 αί
1587 1785 1739 1854 δψεις

100 1874 606 1938 ἀποκαθίσταντο,
656 1874 752 1927 καὶ
798 1874 859 1926 τὸ
909 1876 1008 1944 τῆς
1059 1876 1264 1946 λέπρας
1313 1876 1483 1941 πάθος
1535 1879 1739 1945 ἐφυγα-
1773 1861 1813 1918 Β

100 1963 341 2026 δεύετο,
376 1964 483 2016 καὶ
506 1965 614 2017 πᾶν
639 1960 775 2028 εἶδος
798 1964 1017 2019 ἀνιάτου
1044 1967 1138 2018 καὶ
1159 1967 1401 2037 χαλεπῆς
1427 1970 1737 2039 ἀρρωστίας

105 2055 427 2124 ἀπεχώρει
463 2054 571 2107 τῶν
621 2056 889 2124 σωμάτων
928 2055 1016 2108 διὰ
1061 2057 1497 2127 προστάγματος.
1536 2060 1735 2129 Προτε-

106 2150 321 2222 θείσης
356 2150 424 2202 δὲ
463 2153 595 2221 ἡμῖν
630 2152 730 2221 τῆς
754 2152 947 2223 διπλῆς
976 2152 1179 2223 ταύτης
1207 2155 1300 2206 ἐπὶ
1334 2156 1396 2224 τῇ
1429 2154 1571 2225 χειρὶ
1607 2152 1741 2208 θεω-

110 2241 269 2310 ρίας,
311 2232 399 2292 ὧν
444 2241 477 2309 ή
522 2240 619 2308 μὲν
663 2240 973 2295 ὑποτίθεται
1006 2240 1105 2312 τὴν
1139 2241 1288 2295 θείαν
1330 2242 1489 2312 φύσιν
1530 2244 1738 2297 ἀκατά-

108 2329 337 2401 ληπτον
387 2325 564 2414 οὖσαν
607 2330 888 2393 παντελῶς
934 2333 1027 2384 καὶ
1071 2333 1409 2397 ἀνείκαστον,
1443 2334 1530 2387 διὰ
1573 2335 1741 2405 μόνης

109 2423 219 2492 τῆς
257 2420 566 2490 ἐνεργείας
616 2420 1013 2489 γινώσκεσθαι*
1062 2426 1095 2493 ἡ
1130 2425 1186 2478 δὲ
1232 2425 1333 2496 τὴν
1378 2427 1741 2497 εύαγγελικὴν

114 2515 288 2584 χάριν
328 2514 854 2584 προαναφωνεῖσθαι
884 2515 1030 2583 λέγει
1051 2517 1139 2570 διὰ
1173 2518 1280 2570 τῶν
1303 2518 1476 2587 λόγων
1507 2519 1611 2572 ὑπὸ
1640 2520 1741 2590 τῆς

117 2601 357 2672 νύμφης
384 2642 400 2666 ,
439 2602 536 2654 ἐπὶ
573 2600 651 2671 τῷ
688 2603 930 2675 ἀκροατῇ
963 2605 1304 2676 ποιησόμεθα
1338 2607 1437 2678 τὴν
1471 2625 1743 2678 προσφυε-

120 2693 337 2762 στέραν
390 2709 457 2744 τε
500 2692 595 2745 καὶ
636 2693 837 2763 μᾶλλον
876 2697 988 2757 τοῖς
1042 2697 1419 2767 ὑποκειμένοις
1474 2698 1743 2769 ἁρμόζου-

122 2799 227 2836 σαν
260 2783 379 2854 πρὸ
412 2783 612 2854 ἐτέρας
637 2784 976 2851 ἐκλέξασθαι.
1010 2787 1155 2860 Πλὴν
1186 2790 1378 2862 ὅτιπερ
1410 2792 1476 2845 ἂν
1508 2794 1736 2864 νομισθῇ

121 2875 634 2945 ψυχωφελέστερον
659 2873 797 2930 εἶναι
819 2894 832 2907 ·
871 2879 1078 2946 γένοιτο
1113 2880 1179 2933 ἂν
1217 2883 1348 2952 ἡμῖν
1381 2882 1447 2936 δι’
1478 2884 1737 2955 ἑκατέρου

124 2963 239 3015 τῶν
280 2964 606 3034 εἰρημένων
649 2965 930 3037 αὐτάρκης
961 2970 993 3040 ἡ
1032 2969 1167 3040 πρὸς
1199 2970 1260 3022 τὸ
1296 2972 1498 3039 ἀγαθὸν
1526 2974 1738 3044 ὁδηγία.

138 3057 240 3110 Ἐκ
269 3056 380 3127 μὲν
410 3055 528 3125 γὰρ
563 3055 899 3127 τοῦ,γνῶναι
919 3100 934 3124 ,
964 3060 1046 3114 ὅτι
1078 3060 1171 3114 τοῦ
1212 3061 1345 3115 Θεοῦ
1382 3063 1442 3116 τὸ
1480 3063 1737 3133 γνωστὸν,

127 3148 277 3201 κατᾶ
312 3150 418 3220 τὴν
455 3148 671 3201 Παύλου
705 3151 911 3220 φωνὴν,
954 3153 1064 3206 ἀπὸ
1101 3154 1202 3225 τῆς
1233 3154 1327 3208 τοῦ
1368 3156 1571 3226 κόσμου
1622 3157 1740 3210 κτί-

129 3255 276 3302 σεως
324 3239 626 3309 νοούμενον
661 3238 981 3310 καθορᾶται,
1021 3241 1121 3310 τῆς
1166 3244 1293 3314 περὶ¹
1324 3242 1434 3297 τῶν
1464 3247 1739 3316 ἀκαταλή-
1766 3241 1809 3298 C

130 3345 288 3383 πτων
330 3330 877 3401 πολυπραγμοσύνης
929 3333 1258 3403 φεισόμεθα·
1305 3334 1381 3399 ὡς
1425 3335 1494 3389 ἂν
1543 3338 1617 3407 μὴ
1652 3338 1739 3391 διὰ

130 3421 230 3475 τοῦ
266 3422 719 3491 φυσιολογείσθαι
746 3422 844 3494 τὴν
880 3422 1168 3492 ἀνέφικτόν
1206 3443 1267 3477 τε
1299 3428 1392 3481 καὶ
1422 3427 1739 3498 ὀινεκφώνηοΔ

131 3529 225 3566 τον
259 3513 456 3581 φύσιν,
491 3512 625 3584 ὓλην
657 3513 810 3567 λάϐοι
840 3513 980 3567 κατά
1015 3514 1116 3583 τῆς
1156 3516 1413 3587 ἀληθείας
1440 3520 1473 3589 ή
1506 3520 1737 3591 αἵρεσις.

136 3604 200 3656 Ei
223 3604 284 3657 δὲ
312 3606 460 3675 πρὸς
487 3605 550 3660 τὸ
563 3603 891 3675 Εὐαγγέλιον
925 3606 1119 3677 βλέπον
1142 3608 1204 3663 τὸ
1245 3610 1473 3683 αἴνιγμα
1504 3613 1601 3684 τῆς
1623 3630 1732 3683 χειν

140 3697 233 3766 ρδς
266 3696 643 3769 ύποθὼμεθα·
671 3699 767 3753 καὶ
801 3698 942 3753 οὕτω
971 3700 1290 3775 βεὸαιοτέρα
1330 3704 1462 3775 ἡμῖν
1499 3705 1607 3760 τῶν
1638 3723 1741 3776 μυ-

141 3789 347 3843 στικῶν
375 3789 668 3859 δογμάτων
704 3792 737 3861 ὴ
770 3791 947 3854 πίστις
980 3794 1291 3864 γενήσεται,
1325 3794 1413 3847 διὰ
1453 3797 1550 3867 τῆς
1575 3815 1745 3869 προα-

140 3882 521 3952 ναφωνήσεως
554 3881 663 3933 τῶν
696 3881 983 3952 δογμάτων
1010 3883 1388 3955 προσλαδοῦσα
1419 3888 1478 3939 τὸ
1507 3888 1744 3959 ἀναμφί-

142 3969 321 4036 6ολον,
359 3973 421 4026 ὲν
458 3970 680 4042 Χριστῷ
720 3973 917 4045 Ἰησοῦ,
1025 3977 1057 4049 ή
1097 3976 1223 4044 δόξα
1261 3978 1341 4042 είς
1369 3979 1494 4042 τοὺς
1517 3978 1739 4044 αἰῶνας.

154 4059 355 4130 Ἀμήν.

1220 386 1287 441 ΙΝ
1319 386 1617 444 CANTICA
1651 386 1915 444 CANTIC.
1959 387 2237 442 IIOMILIA
2273 387 2385 443 XII.

3284 394 3415 453 ltili

1841 506 1893 559 in
1935 504 2131 560 animis
2157 505 2448 566 excitasse,
2490 503 2584 574 qui
2635 502 2727 557 ﬁat
2759 511 2817 557 ut
2848 501 2990 558 Deus
3023 501 3081 556 in
3103 515 3271 556 carne
3302 518 3416 556 ma-

1840 596 2043 650 nifesto
2089 594 2504 665 conspiciatur?
2544 596 2636 665 qui
2669 593 2905 649 Verbum
2953 592 3084 646 illud
3131 593 3222 647 liat
3253 593 3420 649 caro?

1839 688 1931 756 qui
1964 694 2153 756 partus
2185 687 2238 740 in
2270 685 2640 754 virginitatem
2670 687 2981 756 (virginitas
3030 686 3086 739 in
3136 683 3415 754 matrem),

1838 779 2036 835 cadere
2084 778 2294 849 possit?
2344 778 2436 847 qui
2491 792 2616 831 cum
2658 778 2901 833 tenebris
2952 778 3044 831 lux
3096 777 3415 840 misceatur,

1838 885 1964 926 cum
2017 880 2192 924 morte
2246 870 2355 923 vita
2412 869 2789 939 temperetur?
2833 868 2927 938 qui
2977 869 3235 937 pusillum
3292 866 3419 920 vita;

1840 963 2090 1018 foramen
2136 963 2312 1032 possit
2363 962 2737 1016 continentem
2781 963 3097 1016 universum
3156 960 3259 1014 hoc
3309 974 3415 1013 ma-

1840 1068 1969 1109 num
2018 1068 2248 1123 capere,
2295 1068 2417 1122 quae
2461 1053 2661 1107 coelum
2715 1067 2879 1107 omne
2925 1053 3167 1116 metitur,
3215 1058 3418 1105 terram

1839 1162 2054 1203 omnem
2114 1157 2168 1201 et
2225 1161 2443 1200 onmem
2497 1159 2693 1213 aquam
2751 1144 3176 1214 complectitur?
3239 1143 3420 1208 Quare

1840 1247 2270 1295 consentaneum
2328 1244 2414 1292 est
2468 1235 2745 1306 Evangelii
2789 1237 3019 1307 gratiam
3070 1251 3167 1305 per
3224 1248 3419 1287 manus

1839 1332 2070 1400 aenigma
2119 1328 2279 1385 nobis
2327 1343 2359 1382 a
2388 1342 2589 1397 sponsa
2642 1328 2798 1396 quasi
2846 1327 3182 1381 vaticinante
3213 1323 3420 1395 signiﬁ—

1839 1423 1976 1477 cari.
2008 1421 2127 1488 Quo
2177 1423 2322 1477 enim
2360 1428 2604 1490 tempore
2650 1427 2979 1489 conspectus
3014 1419 3069 1473 in
3121 1428 3264 1473 terra
3314 1416 3421 1471 Do-

1841 1515 2046 1579 minus,
2087 1523 2143 1570 et
2190 1515 2332 1570 inter
2380 1515 2632 1571 homines
2679 1522 2935 1570 versatus
2964 1522 3049 1567 est
3082 1531 3095 1568 :
3128 1526 3317 1582 puram
3365 1517 3421 1566 et

1840 1615 2118 1677 expertem
2149 1606 2393 1661 materiae.
2438 1607 2900 1676 pulchritudinem
2931 1604 3144 1672 sponsi,
3180 1604 3421 1670 itemque

1842 1695 2004 1752 Verbi
2035 1697 2403 1758 divinitatem,
2433 1706 2486 1751 et
2516 1696 2628 1751 veri
2678 1695 2915 1751 luminis.
2949 1692 3293 1762 splendorem
3327 1706 3422 1760 per

1842 1805 2063 1845 manum
2089 1790 2236 1843 illam
2274 1788 2618 1844 eﬂectionum
2654 1789 2996 1859 agnovimus.
3033 1784 3251 1838 Manum
3276 1785 3421 1839 enim

1842 1870 2200 1951 int‘clligimus
2234 1880 2490 1934 virtutem
2541 1880 2661 1949 ejus
2707 1878 3098 1932 miraculorum
3139 1873 3425 1945 perfectri-

1840 1990 1979 2039 cem,
2008 1988 2115 2044 qua
2166 1973 2397 2027 mortuis
2440 1971 2553 2024 vita
2598 1970 2927 2035 donabatur,
2959 1967 3106 2021 oculi
3150 1978 3423 2021 caecorum

1842 2066 2274 2122 restituebantur
2302 2063 2358 2117 in
2400 2062 2696 2130 integrum,
2733 2063 2897 2131 lepra:
2931 2060 3156 2114 morbus
3192 2057 3421 2127 fugaba-

1843 2170 1951 2222 tur,
1984 2172 2146 2212 omne
2189 2171 2363 2227 genus
2397 2154 2723 2209 incurabilis
2754 2168 2819 2207 ac
2864 2152 3045 2221 gravis
3078 2149 3422 2219 aegritudinis

1842 2250 2014 2305 solius
2047 2246 2260 2318 imperii
2296 2248 2347 2301 vi
2378 2246 2704 2315 corporibus
2754 2242 3073 2298 excedebat.
3117 2241 3293 2309 Atque
3318 2239 3423 2292 hac

1841 2341 2049 2411 duplici
2100 2355 2296 2396 manus
2335 2336 2787 2407 interpretatione
2831 2335 2886 2387 in
2932 2334 3171 2387 medium
3216 2346 3421 2401 propo-

1843 2434 1969 2495 sita,
2002 2447 2235 2503 quarum
2266 2432 2439 2485 altera
2475 2429 2668 2485 statuit
2696 2435 2949 2481 naturam
2988 2424 3227 2478 divinam
3262 2436 3424 2491 pror—

1844 2540 1942 2582 sus
1970 2521 2606 2593 incomprehensibilem,
2638 2528 2691 2573 et
2723 2517 2876 2571 nulla
2898 2530 3023 2571 cum
3054 2529 3114 2569 re
3145 2527 3426 2583 compara-

1842 2617 2028 2683 bilem,
2076 2632 2143 2670 ex
2187 2613 2475 2668 aﬂ‘ectione
2528 2611 2644 2667 sola
2689 2606 2952 2679 cognosci
2987 2624 2999 2660 :
3037 2606 3209 2660 altera
3253 2605 3424 2661 Evan-

1842 2710 1968 2780 gelii
2011 2708 2241 2776 gratiam
2272 2721 2370 2776 per
2414 2705 2531 2760 huic
2571 2702 2737 2758 verba
2785 2702 2944 2772 longe
2975 2708 3101 2755 ante
3137 2699 3357 2770 praadici
3392 2713 3423 2752 a

1843 2813 2045 2869 sponsa
2073 2796 2241 2850 tradit
2272 2814 2285 2849 :
2317 2794 2583 2849 auditoris
2610 2792 2820 2863 judicio
2836 2791 3421 2859 permittemus,utram

1840 2888 2009 2944 veluti
2066 2888 2240 2958 magis
2300 2885 2712 2941 convenientem
2770 2892 2826 2938 et
2890 2890 3069 2950 aptam
3144 2882 3423 2950 proposito

1844 2978 1969 3034 loco
2018 2977 2277 3048 praeferre
2310 2975 2468 3030 alteri
2500 2972 2648 3028 velit.
2694 2970 2980 3027 Utrumvis
3011 2978 3192 3025 tamen
3225 2970 3424 3025 animis

1843 3070 2034 3127 utilius
2056 3070 2427 3126 existimatum
2460 3066 2647 3129 fuerit,
2675 3064 2870 3121 saltem
2911 3062 3176 3116 alterutro
3216 3061 3283 3114 ad
3328 3062 3426 3115 hoc

1844 3178 1979 3219 num
2033 3158 2320 3217 commode
2381 3173 2548 3212 manu
2606 3155 2765 3226 quasi
2827 3153 3118 3208 ducamur.
3186 3149 3324 3206 Nam
3378 3150 3425 3206 si

1844 3254 2369 3314 animadvertemus,
2410 3250 2545 3306 illud
2580 3248 2725 3319 quod
2774 3246 2905 3302 sciri
2945 3245 3029 3300 -de
3072 3244 3183 3299 Deo
3222 3252 3424 3313 potest,

1844 3343 2305 3417 quemadmodum
2337 3341 2543 3395 Paulus
2573 3338 2818 3409 loquitur
2837 3337 2905 3402 ",
2936 3350 3031 3403 per
3057 3333 3248 3388 mundi
3273 3347 3429 3386 crea-

1842 3439 2049 3493 tionem
2111 3436 2447 3490 intellectum
2509 3431 2775 3501 perspici,
2831 3429 3208 3484 curiositatem
3272 3423 3428 3479 inda-

1843 3526 2007 3599 gandi
2046 3542 2138 3582 res
2174 3521 2759 3592 incomprehensibiles
2791 3517 3103 3588 fugicmus;
3151 3529 3218 3569 ne
3260 3514 3305 3568 si
3338 3527 3425 3567 ra-

1846 3619 1996 3674 tione
2028 3616 2265 3671 naturali
2294 3620 2596 3667 tractemus
2631 3618 2882 3664 naturam
2929 3608 3099 3672 illam,
3131 3620 3294 3675 quam
3346 3606 3430 3660 vel

1845 3707 2088 3777 assequi,
2130 3705 2215 3760 vel
2242 3703 2398 3759 effari
2440 3701 2754 3770 nequimus,
2788 3684 3043 3752 materies
3072 3694 3266 3750 haeresi
3297 3708 3429 3745 con-

1846 3806 1930 3852 tra
1995 3796 2282 3851 veritatem
2334 3791 2728 3862 suppeditetur.
2786 3787 2883 3842 Sin
2942 3787 3009 3841 ad
3078 3782 3429 3853 Evangelium

1846 3896 2099 3961 spectare
2138 3888 2243 3942 hoc
2287 3885 2354 3940 de
2386 3899 2552 3939 manu
2598 3882 2828 3957 aenigma
2881 3886 3186 3935 statuemus
3218 3896 3231 3931 :
3263 3875 3428 3931 etiam

1844 3983 1950 4037 hoc
2005 3980 2168 4036 modo
2229 3977 2440 4032 ﬁrmior
2496 3976 2657 4031 nobis
2713 3987 3042 4028 arcanorum
3112 3971 3427 4039 dogmatum

1848 4071 1981 4127 ﬁdes
2024 4071 2150 4136 erit,
2192 4069 2420 4124 tollente
2459 4065 2855 4122 dubitationem
2904 4076 3119 4117 omnem
3174 4076 3238 4115 eo
3288 4058 3427 4126 ipso,

143 4150 292 4215 quod
360 4151 485 4206 haec
555 4153 726 4208 multo
802 4168 929 4212 ante
968 4161 1354 4229 praedicantur,
1396 4161 1559 4233 idque
1593 4163 1648 4217 in
1717 4164 1938 4223 Christo
1970 4162 2099 4221 Jesu
2140 4162 2369 4218 Domino
2401 4169 2612 4216 nostro.
2662 4156 2763 4212 Cui
2811 4158 2883 4212 sit
2920 4156 3092 4227 gloria
3148 4164 3202 4207 et
3252 4151 3428 4220 impe-

143 4244 286 4299 rium
320 4247 552 4302 smculis
584 4250 834 4310 inlinitis.
876 4255 1069 4310 Amen.

753 4349 999 4403 OMIAIA
1042 4352 1136 4407 IB'.

225 4443 534 4510 Ἀνέστην
557 4442 672 4512 ἐγὼ
699 4441 934 4506 ἀνοῖξαι
951 4440 1031 4507 τῷ
1060 4442 1360 4512 ἀδελφιδῷ
1378 4463 1518 4513 μου.
1542 4445 1742 4514 Χεζοές

145 4544 262 4597 um
307 4532 585 4596 ἕσταξαν
614 4533 911 4601 σμύρναν,
964 4531 1255 4587 δάκτυλοί
1294 4552 1415 4603 μου
1465 4537 1744 4604 σμύρναν

148 4621 375 4690 πλήρη.
450 4624 578 4676 Ἐπί
644 4622 812 4692 χεῖρα
864 4622 969 4676 τοῦ
1019 4624 1300 4691 κλείθρου
1364 4623 1575 4693 ἧνοιξα
1628 4625 1743 4695 ἐγὼ

150 4710 230 4778 τῷ
288 4713 600 4785 ἀδελφιδῷ
653 4733 796 4783 μου.
858 4714 1196 4784 Ἀδελφιδός
1233 4733 1354 4784 μου
1396 4716 1738 4786 παρῆλθεν·

152 4805 192 4870 ἡ
240 4806 415 4875 ψυχή
447 4824 569 4875 μου
612 4804 873 4874 ἐξῆλθεν
908 4807 978 4860 ἐν
1006 4808 1164 4874 λόγῳ
1203 4806 1412 4860 αὐτοῦ.
1454 4806 1747 4876 Ἐζιῖτησα

156 4894 362 4963 αὐτὸν,
401 4899 502 4952 καὶ
544 4900 657 4967 οὐχ
693 4894 877 4966 εὗρον
931 4900 1137 4952 αὐτόν’
1227 4897 1499 4952 ἐκάλεσα
1539 4902 1745 4967 αὐτὸν,

158 4987 256 5040 καὶ
281 4990 398 5057 οὐχ
435 4990 758 5057 ὑπήκουσέ
789 5010 930 5060 μου.
968 4988 1248 5058 Εὖροσὰν
1274 5006 1351 5058 με
1391 4993 1445 5043 οἱ
1478 4992 1747 5060 φύλακες

161 5078 214 5128 οι
251 5080 626 5146 κυκλοῦντες
652 5082 722 5135 ἐν
750 5080 825 5149 τῇ
854 5081 1046 5135 πόλει·
1087 5077 1397 5143 ἐπάταξαν
1432 5097 1529 5149 με,
1549 5082 1751 5147 ἐτραυ-

159 5168 423 5233 μάτισαν
468 5191 578 5243 με,
606 5170 762 5244 ἦραν
811 5173 876 5227 τὸ
917 5172 1226 5242 θέριστρον
1248 5172 1349 5225 ἀπ’
1377 5172 1524 5241 ἐμοῦ
1546 5176 1600 5227 οἱ
1633 5174 1746 5242 φύ-

166 5261 350 5328 λακες
380 5262 502 5319 τῶν
523 5264 789 5335 τειχέων.

240 5354 305 5409 Οἱ
353 5354 453 5425 τὴν
491 5357 797 5410 διαπόντιον
849 5355 1159 5427 ἀποδημίαν
1197 5357 1318 5409 κατ’
1352 5354 1541 5407 ἐλπίδα
1580 5352 1745 5406 πλού-

169 5455 261 5494 του
313 5448 689 5518 στελλόμενοι,
720 5452 847 5504 ὅταν
887 5451 987 5520 ἤδη
1022 5448 1120 5519 τὴν
1160 5448 1360 5501 ὁλκάδα
1404 5445 1498 5499 τοῦ
1528 5446 1743 5517 λιμένος

173 5527 601 5606 ἀποσαλεύσωσι,
634 5540 730 5593 καὶ
761 5540 896 5609 πρὸς
923 5538 984 5592 τὸ
1013 5538 1248 5607 πέλαγος
1284 5537 1489 5610 στρέφῃ
1516 5537 1603 5591 διὰ
1634 5536 1742 5589 τῶν

181 5619 441 5689 πηδαλίων
469 5628 566 5700 τὴν
605 5630 830 5702 πρῶραν
861 5631 888 5682 ὁ
911 5628 1019 5683 τῶν
1040 5629 1239 5685 οίάκων
1268 5628 1739 5699 ὑπερκαθήμενοςν

1769 4359 1814 4413 D

238 5793 275 5824 ⁸⁵
306 5796 457 5855 Rom.
493 5819 527 5870 ι,
557 5807 633 5859 19.

2404 4344 2693 4402 HOMILIA
2747 4342 2864 4396 XII.

1921 4445 2053 4501 CAP.
2090 4459 2163 4509 ν,
2192 4458 2246 4497 v.
2277 4440 2330 4495 5.
2390 4436 2614 4493 Surrexi
2657 4433 2918 4505 equidem,
2969 4441 3025 4486 ut
3061 4431 3297 4498 aperiam
3336 4445 3429 4481 co-

1849 4546 2011 4608 gnato
2054 4549 2188 4588 meo.
2222 4529 2420 4583 Manus
2458 4543 2589 4581 mea:
2628 4526 2905 4581 stillarum
2936 4521 3227 4593 myrrham,
3275 4519 3429 4589 digiti

1851 4627 1951 4680 mei
1993 4622 2269 4695 myrrham
2318 4620 2547 4673 uberem.
2592 4617 2645 4671 6.
2684 4616 2954 4670 Adlu'bitis
2994 4611 3237 4666 manibus
3287 4611 3431 4664 clau-

1849 4728 1961 4774 stro
1991 4715 2173 4786 aperui
2198 4713 2438 4784 equidem
2464 4700 2684 4781 cognato
2712 4724 2844 4762 meo.
2877 4706 3148 4767 Praeteriit
3173 4714 3427 4775 cognatus

1844 4826 2011 4865 meus.
2060 4805 2255 4860 Anima
2301 4820 2418 4857 mea
2464 4818 2677 4871 egressa
2728 4808 2805 4854 est
2855 4800 2923 4852 ad
2958 4814 3249 4853 sermonem
3291 4796 3425 4865 ejus.

1846 4900 2077 4969 Quwsivi
2104 4913 2244 4961 curn,
2275 4904 2323 4950 et
2351 4912 2454 4949 non
2480 4894 2651 4947 iuveni
2674 4908 2794 4946 eum
2823 4909 2840 4946 :
2881 4891 3058 4945 vocavi
3084 4907 3222 4951 eum,
3252 4897 3301 4942 et
3325 4904 3430 4942 non

1845 4991 2014 5045 audiit
2049 5005 2150 5042 me.
2182 4988 2237 5042 7.
2276 4984 2623 5053 Offenderunt
2665 4999 2745 5036 me
2787 4981 3054 5043 custodes,
3088 4981 3179 5050 qui
3205 4980 3260 5032 in
3302 4977 3429 5033 urbe

1846 5084 2193 5136 circumeunt.
2269 5076 2649 5130 Percusserunt
2702 5090 2802 5138 me,
2872 5073 3275 5127 vulneraverunt
3325 5084 3424 5135 me,

1852 5173 2179 5229 abstulerunt
2204 5168 2410 5239 peplum
2434 5185 2464 5219 α
2490 5182 2568 5220 me
2601 5165 2843 5218 custodes
2875 5178 3172 5217 murorum.

1920 5351 2023 5418 Qui
2052 5358 2205 5404 trans
2232 5341 2386 5401 mare
2411 5343 2904 5415 peregrinationem
2936 5355 3102 5409 opum
3151 5339 3427 5409 paranda—

1850 5456 2116 5521 ruin‘spe
2161 5438 2489 5506 suscipiunt,
2545 5449 2669 5488 cum
2715 5433 2828 5502 jam
2863 5432 3041 5486 navim
3093 5445 3123 5485 e
3174 5436 3333 5500 portu
3372 5429 3424 5482 in

1830 5534 2017 5586 laltum
2077 5528 2400 5601 provehunt,
2455 5532 2509 5579 et
2570 5525 2623 5577 in
2683 5538 2831 5578 mare
2895 5536 2991 5593 per
3047 5520 3424 5589 gubernacula

1851 5636 2065 5691 proram
2115 5616 2383 5674 convertit
2420 5610 2487 5681 is,
2525 5613 2617 5683 qui
2653 5611 2720 5665 ad
2775 5611 2987 5666 clavum
3016 5608 3191 5676 sedet,
3241 5610 3429 5660 votum
