3866 6396
458 367 601 428 1015

1722 366 1779 423 5.
1811 365 2140 426 GBEGORII
2173 364 2219 422 N
2229 364 2464 425 YSSENI

3604 367 3739 424 ιρις

456 489 693 554 faciunt,
743 488 900 561 quasi
944 487 1221 559 quoddam
1270 489 1599 560 proemium
1648 490 2046 564 navigationis,

2182 488 2315 560 ὐχὴν
2349 487 2627 543 ποιοῦνται
2657 485 2758 558 τῆς
2781 485 3063 551 ναυτιλίας
3090 486 3402 559 προοίμιον,
3433 485 3571 542 θεὸν
3597 488 3746 556 γίνε-

458 597 525 638 ac
561 589 757 653 petunt
788 582 865 637 uti
913 579 1057 636 Deus
1097 580 1234 652 ipsis
1263 581 1373 637 dux
1415 584 1487 639 sit
1525 582 1594 638 ad
1634 584 2045 655 navigationem

460 673 683 729 felicem
704 689 767 729 ac
800 689 1142 746 prosperam.
1178 674 1442 746 Adeoque
1475 677 1591 731 votl
1622 682 1794 733 totius
1830 694 2049 735 summa

458 774 562 832 est,
595 773 658 821 ut
698 774 897 823 ventus
927 767 1067 824 levis
1111 775 1167 823 et
1220 768 1450 824 idoneus
1481 769 1816 840 navigationi
1867 771 1923 826 in
1957 787 2051 827 ve-

459 855 572 909 lum
620 854 827 910 incidat
869 857 935 911 ad
964 872 1089 912 eum
1129 857 1517 929 gubernatoris
1566 874 1816 929 scopum,
1853 863 1946 935 qui
1993 863 2051 917 in

458 946 625 1018 puppi
679 949 954 1006 consistit.
1015 948 1066 1006 ls
1117 957 1300 1005 autem
1351 963 1549 1008 ventus
1596 953 1644 1009 si
1695 968 1763 1009 ex
1803 953 2050 1024 ipsorum

460 1048 591 1095 voto
633 1041 714 1097 eis
754 1042 983 1113 aspiret,
1018 1051 1076 1098 et
1124 1059 1276 1099 mare
1296 1043 1603 1115 jucundum
1640 1046 1699 1101 fit
1749 1046 1906 1118 ipsis,
1949 1047 2052 1103 ﬂu-

462 1131 651 1188 ctibus
689 1132 921 1203 placidis
968 1149 1092 1190 sese
1139 1135 1335 1191 leniter
1364 1136 1608 1207 erigens.
1648 1153 1829 1209 neque
1866 1140 2050 1212 pelagi

465 1220 774 1290 amplitudo
810 1222 1112 1293 quidquam
1160 1222 1320 1279 aﬂ‘ert
1352 1225 1644 1291 molestiae,
1679 1243 1803 1283 cum
1854 1244 2052 1300 magna

465 1307 730 1366 facilitate
761 1314 919 1367 navis
953 1313 1006 1367 in
1044 1313 1181 1385 ipsis
1216 1315 1378 1372 undis
1422 1317 1583 1387 quasi
1617 1318 1782 1384 volet,
1832 1328 1888 1376 et
1922 1334 2058 1391 opes

464 1403 642 1458 oculis
688 1403 1088 1472 obversantur,
1141 1423 1281 1477 quas
1324 1424 1392 1464 ex
1440 1421 1753 1466 mercatura
1806 1421 2055 1483 sperant,

460 1494 576 1564 jam
651 1495 772 1575 ipsa
852 1498 1223 1569 navigationis
1279 1503 1690 1573 prosperitate,
1760 1514 2056 1576 antequam

468 1588 776 1660 periculum
832 1589 1036 1645 factum
1088 1594 1204 1658 sit,
1262 1609 1512 1665 magnam
1585 1610 1770 1651 rerum
1843 1598 2058 1668 copiam

468 1677 781 1748 pollicente.
875 1678 996 1747 Quo
1105 1690 1288 1739 autem
1366 1684 1669 1755 respiciens
1751 1686 1855 1742 hoc
1937 1697 2063 1743 utar

468 1770 719 1835 exordio,
778 1772 1084 1843 intelligere
1144 1772 1430 1849 auditores
1470 1777 1734 1845 arbitror,
1788 1788 2061 1851 quotquot

468 1878 571 1933 pro
619 1865 1009 1936 perspicuitate
1050 1868 1252 1939 ingenii
1297 1869 1383 1925 sui
1416 1869 1549 1941 quid
1585 1871 1928 1943 propositum
1969 1889 2061 1929 no-

471 1957 561 2012 bis
599 1957 692 2022 sit,
726 1957 937 2013 vident.
974 1958 1186 2015 Etenim
1236 1962 1435 2032 ingens
1482 1976 1635 2018 mare
1666 1964 2061 2021 consideratio-

469 2051 559 2105 nis
587 2048 902 2104 divinorum
939 2051 1231 2107 verborum
1266 2053 1425 2109 nobis
1457 2055 1799 2125 prapositum
1836 2066 1962 2123 est;
2007 2068 2063 2115 et

470 2142 667 2212 ampla:
698 2141 800 2198 bac
830 2159 895 2199 ex
929 2142 1282 2213 navigatione
1322 2145 1654 2217 cognitionis
1680 2161 1814 2218 Opes
1841 2165 2064 2219 speran-

472 2238 562 2285 tur
592 2250 607 2286 :
637 2243 690 2287 et
724 2234 963 2288 animata
1003 2233 1162 2289 navis
1201 2234 1339 2300 haec,
1365 2233 1629 2289 nimirum
1676 2233 1923 2292 Ecclesia
1959 2252 2060 2293 no-

472 2328 610 2385 stra,
648 2329 765 2375 toto
801 2320 922 2390 ejus
950 2312 1187 2378 collccto
1225 2336 1479 2392 corpore,
1511 2324 1668 2392 quasi
1702 2339 1967 2395 provecta
2008 2327 2065 2382 iu

473 2412 669 2478 altum,
704 2410 773 2466 ad
823 2411 1197 2468 euarrationis
1249 2422 1456 2471 nostra:
1506 2415 1676 2471 veluti
1723 2417 1947 2474 divitias
1979 2420 2065 2475 in-

474 2509 624 2556 tenta
664 2510 771 2558 est.
811 2501 1010 2558 Verum
1046 2504 1225 2559 oratio
1261 2514 1474 2573 nostra,
1507 2522 1632 2578 quae
1680 2511 2066 2580 gubernatoris

473 2591 650 2647 olﬂcio
683 2590 952 2665 fungitur,
985 2609 1094 2649 non
1125 2595 1278 2666 prius
1307 2596 1524 2652 clavum
1558 2598 1613 2653 in
1644 2614 1843 2657 manus
1874 2607 2060 2667 sumit,

473 2698 647 2754 quam
684 2686 945 2741 universe
997 2691 1171 2740 totum
1216 2687 1373 2744 navis
1418 2686 1585 2758 hujus
1624 2701 1828 2761 corpus
1880 2699 2062 2746 votum

473 2775 585 2832 Deo
622 2775 805 2836 faciat.
841 2785 901 2832 ut
930 2778 980 2834 is
1012 2777 1220 2849 aspiret
1251 2780 1414 2836 nobis
1469 2779 1618 2836 sacri
1648 2781 1890 2852 Spiritus
1931 2785 2065 2850 vim,

474 2869 990 2940 ongitzitionumque
1030 2869 1231 2928 ﬂuctus
1279 2882 1515 2938 moveat,
1561 2889 1628 2929 ac
1670 2888 1769 2945 per
1797 2875 1899 2932 hos
1940 2892 2066 2932 ora-

475 2961 680 3017 tionem
720 2972 968 3018 nostram
1013 2964 1171 3034 quasi
1223 2979 1486 3036 prospera
1533 2967 1889 3038 navigatione
1930 2986 2071 3041 qua-

2154 581 2278 635 σθαι
2306 577 2662 652 καθηγέμονά
2683 595 2815 649 φασι
2834 578 2936 645 τῆς
2958 578 3217 643 εὐπλοίας
3236 578 3579 650 αἰτούμενοι.
3598 578 3748 634 Titi

2152 674 2449 745 κεφάλαιόν
2483 674 2632 728 ἐστιν
2664 672 2850 737 αὐτοῖς
2880 673 2979 743 τῆς
3005 672 3172 743 εὐχῆς
3200 672 3424 743 πνεῦμα
3464 673 3747 745 προσηνές

2152 783 2213 820 τε
2241 766 2337 820 καὶ
2369 766 2604 837 πλόϊμον
2640 767 2904 836 ἐμπεσεῖν
2935 762 3014 836 τῷ
3049 765 3204 836 ἱστίῳ
3233 764 3373 836 πρὸς
3402 764 3500 818 τὸν
3545 764 3757 818 mh

2152 855 2247 910 τοῦ
2287 856 2621 928 κυϐερνήτου
2654 855 2796 910 κατά
2825 855 3080 927 πρύμναν
3110 856 3396 928 ἱσταμένου
3423 873 3438 889 ι
3466 847 3535 909 οὗ
3573 872 3750 910 κατα-

2155 948 2366 1019 θυμίως
2404 948 2602 1025 ἀὐτοῖς
2653 948 3033 1016 ἐπιπνέοντος,
3072 948 3231 1019 ἡδεῖα
3275 948 3377 1020 μὲν
3411 949 3446 1019 ἡ
3499 946 3754 1003 θάλασσα

2154 1041 2364 1110 γίνεται
2390 1079 2405 1103 ,
2449 1042 2561 1104 τοῖς
2589 1040 2878 1112 ὴρεμαίοις
2921 1040 3130 1112 κύμασι
3158 1040 3453 1111 γλαφυρῶς
3486 1042 3753 1112 ὲπιφρίσ-

2159 1148 2328 1184 σουσα
2354 1148 2366 1162 ο
2395 1130 2581 1185 ἄλυπα
2603 1132 2660 1185 δὲ
2682 1131 2779 1184 τοῦ
2806 1131 3078 1200 πελάγους
3104 1131 3172 1186 τά
3193 1132 3371 1204 πλάτη
3401 1132 3469 1185 δι’
3500 1132 3757 1195 εὐκολίας

2156 1222 2257 1292 τῆς
2302 1220 2430 1292 νηὸς
2492 1221 2891 1292 ὲφιπταμένης,
2944 1220 3041 1274 καὶ
3089 1220 3590 1292 ἀπολισθαινούσης
3644 1225 3759 1284 τοῖς

2160 1310 2343 1365 ὕδασι·
2376 1309 2482 1379 πρὸ
2520 1309 2813 1381 ὀφθαλμῶν
2844 1309 2902 1363 δὲ
2942 1311 2971 1362 6
3000 1308 3231 1372 πλοῦτος
3256 1310 3286 1363 6
3316 1308 3407 1362 διά
3448 1308 3559 1377 τῆς
3587 1309 3761 1378 ἐμπο-

2162 1402 2284 1475 ρίας
2314 1402 2485 1473 αὐτῆς
2511 1402 2859 1474 ἐλπιζόμενος
2886 1401 3008 1474 ἤδη,
3032 1401 3132 1473 τῆς
3153 1400 3411 1466 εὐπλοίας
3436 1399 3761 1471 ὲγνωμὲνης

2161 1494 2257 1547 καὶ
2289 1493 2397 1565 πρὸ
2428 1493 2529 1561 τῆς
2575 1495 2790 1560 πείρας.
2825 1493 2996 1566 Δῆλον
3042 1492 3258 1556 πάντως
3286 1491 3409 1545 ἰστὶ
3435 1494 3553 1554 τοῖς
3582 1493 3761 1562 εὐμα-

2163 1583 2438 1657 θεστέροις
2469 1584 2577 1639 τῶν
2609 1585 2898 1659 ἀκροατῶν
2926 1586 2986 1639 τὺ
3013 1584 3093 1656 τῷ
3122 1583 3312 1656 σκοπῷ
3340 1582 3440 1638 τοῦ
3464 1584 3760 1656 προοιμίου

2166 1678 2549 1751 προκείμενον.
2593 1679 2752 1748 Μέγα
2803 1678 3091 1750 πρόκειται
3119 1675 3198 1748 τῷ
3243 1674 3393 1746 λόγῳ
3426 1675 3493 1729 τὸ
3524 1676 3758 1744 πέλαγος

2164 1770 2266 1841 τῆς
2309 1770 2421 1823 τῶν
2469 1770 2631 1823 θείων
2673 1768 2852 1842 ῥητῶν
2902 1768 3156 1840 θεωρίας.
3220 1766 3400 1830 Πολὺς
3425 1766 3485 1818 δὲ
3531 1766 3623 1819 διὰ
3664 1766 3761 1835 τῆς

2092 1836 2133 1892 Β
2168 1836 2444 1926 ναυτιλίας
2471 1836 2740 1934 ταύτης-ό
2765 1862 2865 1931 τῆς
2887 1836 3143 1930 γνώσεως
3179 1857 3411 1922 πλοῦτος
3442 1856 3758 1921 Elatiam“

2168 1956 2203 2026 ἡ
2242 1954 2299 2008 δὲ
2340 1952 2584 2026 ἔμψυχος
2633 1953 2773 2025 αὐτη
2800 1951 2932 2017 ναῦς
2999 1950 3294 2021 Ἐκκλησία
3319 1989 3335 2013 ,
3368 1949 3442 2003 ιν
3485 1948 3654 2001 παντὶ
3688 1945 3763 2016 τῷ

2171 2048 2288 2119 ίδίῳ
2339 2045 2666 2118 πληρώματι
2710 2044 2847 2117 πρὸς
2885 2045 2977 2099 τὸν
3027 2041 3257 2097 πλοῦτον
3307 2042 3409 2112 τῆς
3448 2040 3763 2109 ἐξηγήσεως

2173 2141 2359 2210 βλέπει
2412 2140 2706 2211 μετέωρος.
2767 2138 2906 2192 Ἀλλ’
2955 2138 3018 2192 οὐ
3066 2136 3335 2210 πρότερον
3379 2136 3621 2188 ἅπτεται
3658 2129 3764 2184 τῶν

2168 2230 2370 2284 οἰάκων
2412 2233 2442 2283 6
2470 2231 2815 2302 κυὸερνήτης
2845 2228 3002 2299 λόγος
3026 2269 3041 2292 ,
3070 2228 3201 2299 πρὶν
3226 2227 3291 2280 ὲκ
3324 2222 3512 2279 κοινοῦ
3542 2223 3767 2293 γένηται

2167 2322 2263 2378 τοῦ
2297 2322 2666 2395 πληρώματος
2692 2322 2794 2393 τῆς
2826 2320 2953 2392 νηὸς
2987 2322 3023 2391 ἡ
3052 2318 3206 2390 εὐχὴ,
3234 2318 3311 2380 ὡς
3348 2314 3684 2368 ἐπιπνεῦσαξ
3709 2331 3766 2366 τε

2169 2417 2302 2487 ἡμῖν
2329 2417 2428 2487 τὴν
2467 2414 2563 2469 τοῦ
2609 2414 2768 2486 ἁγίου
2799 2412 3117 2485 Πνεύματος
3139 2409 3405 2480 δύναμιν,
3451 2407 3553 2461 καὶ
3586 2409 3769 2460 ἀνακι-

2169 2513 2333 2584 νῆσαι
2379 2512 2488 2566 τῶν
2517 2514 2806 2584 νοημάτων
2829 2512 2900 2566 τὰ
2943 2508 3184 2581 κύματα,
3220 2507 3315 2562 καὶ
3354 2506 3425 2560 δι’
3467 2502 3657 2559 αὐτῶν
3684 2501 3769 2552 εὐο

2172 2604 2440 2660 πνοοῦντα
2469 2606 2805 2678 προαγαγεῖν
2842 2603 2907 2658 δι’
2942 2602 3156 2666 εὐθείας
3178 2600 3271 2654 τὸν
3296 2599 3456 2667 λόγον
3480 2612 3494 2625 ·
3526 2595 3599 2649 ἶν’
3630 2592 3771 2647 οὓτω

2170 2695 2420 2767 πελάγιοι
2439 2698 2528 2752 διά
2556 2699 2659 2769 τῆς
2682 2698 2917 2771 θεωρίας
2938 2698 3244 2768 γενόμενοι,
3272 2694 3366 2747 τὸν
3385 2693 3487 2764 τῆς
3512 2688 3771 2760 γνώσεως

2172 2791 2415 2845 πλοῦτον
2439 2790 2917 2861 ἐμπορευσώμεθα
2941 2830 2956 2855 ,
2999 2790 3158 2859 εἴπερ
3188 2785 3331 2841 ἔλθοι
3351 2785 3443 2838 διά
3459 2783 3574 2837 τῶν
3597 2780 3771 2852 εὐχῶν

2172 2884 2330 2956 ὐμῶν
2358 2885 2420 2939 τὸ
2454 2884 2681 2957 Πνεῦμα
2720 2885 2781 2939 τὸ
2821 2882 2977 2951 ἅγιον
3004 2884 3099 2937 ἐπὶ
3125 2882 3216 2936 τὸν
3239 2880 3421 2949 λόγον,
3455 2878 3554 2933 καὶ
3595 2876 3777 2945 πλήσῃ

2175 2974 2238 3029 τδ
2264 2977 2454 3030 ἱστίον.

476 3053 602 3109 dam
671 3063 914 3111 utentem
984 3067 1132 3112 recta
1191 3056 1430 3114 deducat
1475 3077 1489 3114 :
1546 3067 1607 3113 ut
1650 3059 1753 3115 hoc
1820 3061 1984 3118 modo
2029 3065 2084 3120 in
2131 3068 2301 3123 altum
2358 3084 2454 3139 per
2515 3069 3031 3140 contemplationem
3101 3065 3381 3138 provecti,
3443 3059 3775 3132 cegnitionis

476 3167 611 3222 opes
645 3152 815 3208 veluti
847 3167 1062 3209 merces
1101 3153 1370 3224 quasdam
1398 3169 1812 3227 comparemus,
1861 3158 1909 3215 si
1987 3159 2131 3220 forte
2205 3181 2302 3239 per
2330 3176 2540 3224 vestras
2570 3183 2765 3238 preces
2792 3178 2849 3222 ut
2879 3165 3114 3222 orationi
3141 3174 3343 3220 nostrae
3373 3162 3541 3218 ﬂatus
3571 3162 3666 3218 ille
3694 3175 3780 3216 sa—

477 3261 574 3303 cer
604 3247 883 3303 secundus
913 3248 1008 3314 sit,
1042 3257 1096 3303 et
1128 3249 1247 3304 vela
1277 3249 1527 3320 impleat,
1561 3251 1904 3322 impetretur.

550 3340 684 3397 Esto
717 3349 898 3399 autem
928 3343 1202 3400 orationis
1234 3344 1447 3401 initium
1480 3348 1598 3419 ipsa
1633 3351 2004 3423 proiectorum
2040 3368 2071 3409 a
2103 3359 2148 3419 α

483 3433 693 3516 Spiritu
728 3434 918 3490 divino
952 3436 1250 3492 verborum
1289 3443 1767 3509 commemoratio,
1801 3460 1925 3515 quas
1958 3446 2080 3516 qui—

484 3526 609 3584 dem
640 3522 883 3598 prorsus
908 3527 1024 3587 haec
1063 3536 1219 3587 sunt:
1253 3529 1481 3605 Surreagi
1530 3534 1793 3605 equidem,
1821 3545 1879 3590 ut
1911 3538 2081 3606 aperi-

486 3616 597 3674 re'm
632 3630 856 3692 cognato
900 3636 1034 3681 men.
1080 3620 1278 3679 Manus.
1309 3639 1439 3679 mea:
1472 3625 1749 3682 stillarum
1784 3628 2076 3698 myrrham,

487 3712 642 3784 digiti
676 3713 780 3768 mei
810 3719 1086 3785 myrrham
1118 3716 1350 3770 uberem.
1391 3714 1513 3772 Non
1543 3733 1708 3789 posse
1751 3728 1933 3777 autem
1976 3723 2083 3777 alia

488 3809 703 3867 ratione
733 3808 953 3873 ﬂeri,ut
988 3808 1172 3864 vivum
1204 3807 1444 3865 Verbum
1481 3811 1551 3866 sit
1578 3800 1640 3867 in
1675 3811 1860 3878 nobis,
1881 3829 2080 3884 purus.

490 3900 740 3971 inquam,
776 3899 872 3956 ille
900 3908 956 3957 et
990 3899 1355 3972 incorporeus
1383 3917 1644 3972 sponsus,
1697 3904 1791 3975 qui
1827 3920 1925 3976 per
1980 3906 2084 3962 im-

492 3992 888 4054 mortalitatem
920 4007 984 4047 ac
1020 3993 1372 4049 sanctitatem
1408 3995 1515 4051 sibi
1567 3997 1808 4052 animam
1840 3998 2084 4068 copulat,

493 4084 601 4139 nisi
635 4085 762 4154 quis
797 4083 1048 4139 necando
1078 4083 1324 4140 membra
1355 4101 1456 4141 sua
1478 4096 1716 4154 terrena,
1748 4090 1936 4144 carnis
1964 4104 2090 4145 cor—

497 4173 672 4227 tinam
702 4173 1017 4240 sustulerit,
1044 4180 1210 4244 atque
1238 4173 1315 4227 ita
1338 4172 1521 4229 Verbo
1537 4177 1741 4231 ostium
1787 4178 2085 4248 aperuerit,

500 4281 599 4337 per
632 4265 780 4337 quod
807 4265 863 4321 in
894 4266 1139 4321 animam
1194 4266 1567 4338 ingrediatur;
1590 4269 1646 4324 id
1691 4284 1821 4326 vero
1855 4271 2090 4327 manife-

496 4369 647 4418 stum
669 4368 754 4425 est
787 4373 897 4414 non
932 4358 1097 4415 modo
1124 4376 1193 4415 ex
1245 4359 1450 4417 divinis
1488 4361 1735 4432 Apostoli
1792 4363 2089 4434 dogmatis,

497 4452 595 4515 sed
630 4453 796 4509 etiam
827 4466 893 4507 ex
934 4452 1024 4519 iis,
1054 4467 1177 4523 quae
1214 4452 1303 4508 hic
1329 4467 1362 4507 a
1392 4467 1599 4524 sponsa
1632 4453 1915 4511 dicuntur.
1954 4454 2092 4510 Sur-

496 4543 635 4611 rexi,
662 4542 762 4607 ait,
793 4549 853 4596 ut
876 4541 1149 4612 aperirem
1181 4550 1419 4613 cognato
1442 4557 1588 4609 meo,
1613 4543 1779 4614 idque
1807 4543 2092 4600 efﬁciendo

498 4649 562 4690 ex
600 4635 858 4691 manibus
917 4635 1057 4691 meis
1124 4636 1360 4706 myrrha:
1422 4634 1627 4701 fontes,
1675 4651 1707 4691 e
1743 4638 1947 4707 quibus
1991 4635 2095 4691 hoc

2269 3358 2436 3431 Ἀρχὴ
2475 3357 2533 3411 δὲ
2588 3353 2831 3424 γενέσθω
2882 3351 2978 3406 τοῦ
3033 3351 3193 3420 λόγου
3240 3346 3350 3402 τῶν
3399 3345 3783 3399 θεοπνεύστων

2185 3451 2446 3525 ῥημάτων
2492 3452 2525 3520 ἠ
2561 3448 2775 3519 μνήμη,
2814 3445 2906 3498 ἐπὶ
2934 3443 3134 3508 λέξεως
3158 3440 3353 3511 ἔχουσα
3378 3437 3579 3501 οὕτως’
3622 3434 3781 3491 Ἀνέ-

2182 3536 2342 3606 στην
2370 3536 2486 3608 ἐγὼ
2532 3535 2769 3600 ἀνοῖξαι
2814 3530 2894 3611 τῷ
2919 3528 3221 3601 ἀδελφιδῷ
3243 3546 3382 3600 μου.
3420 3526 3629 3596 Χεῗρές
3658 3542 3787 3596 μου

2185 3628 2456 3695 ἕσταξαν
2517 3612 2829 3698 σμύρναν,
2883 3625 2939 3679 oi
2996 3620 3291 3676 δάκτυλοί
3333 3637 3453 3688 μου
3501 3620 3785 3688 σμύρνα»-

2188 3719 2412 3790 sum.
2454 3719 2581 3773 Ὀτι
2614 3720 2714 3789 μὲν
2751 3716 2853 3770 οὐκ
2881 3713 3031 3768 ἐστιν
3068 3715 3125 3766 ὲν
3153 3712 3285 3784 ἡμῖν
3307 3709 3485 3772 άλλως
3526 3707 3786 3776 γενέσθαι

2186 3812 2278 3867 τὸν
2317 3809 2497 3876 ζῶντα
2530 3809 2725 3877 Λόγον,
2755 3805 2848 3860 τὸν
2875 3803 3116 3875 καθαρὸν
3157 3801 3299 3870 λέγω
3343 3800 3437 3853 καὶ⁵
3465 3798 3784 3868 ἀσήμαντον

2185 3902 2440 3976 νυμφίον,
2484 3900 2575 3954 τὸν
2599 3898 2667 3953 δι’
2691 3895 3002 3968 ἀφθαρσίας
3045 3894 3138 3947 καὶ
3163 3891 3448 3963 ἁγιότητος
3479 3889 3665 3959 ἑαυτῷ
3688 3887 3784 3957 τὴν

2186 3995 2368 4066 ψυχὴν
2405 3991 2799 4057 συνοικίζοντα,
2830 3990 2879 4044 εί
2913 3988 2989 4060 μή
3038 4005 3123 4051 τις
3150 3986 3241 4040 διά
3278 3982 3372 4038 τοῦ
3399 3980 3678 4049 νεκρῶσαι
3706 3981 3784 4034 οτΞι

2191 4085 2331 4159 μέλη
2354 4085 2425 4139 τὰ
2449 4085 2543 4137 ἐπὶ
2571 4082 2671 4153 τῆς
2691 4083 2794 4153 γῆς
2827 4079 3134 4150 περιέλοιτο
3157 4077 3219 4131 τὸ
3248 4076 3350 4145 τῆς
3374 4073 3581 4145 σαρκὸς
3610 4090 3786 4145 παρα-

2191 4178 2483 4247 πέτασμα,
2512 4174 2607 4229 καὶ
2645 4171 2820 4235 οὕτως
2859 4163 3155 4236 ἀνοίξοιτῷ
3174 4167 3329 4235 Λόγῳ
3356 4164 3454 4236 τὴν
3486 4163 3686 4235 θύραν,
3721 4162 3783 4216 δι’

2189 4264 2258 4342 ἧς
2294 4271 2373 4332 είς
2405 4268 2505 4337 τὴν
2533 4264 2711 4335 ψυχὴν
2741 4260 3091 4326 είσοικίζεται
3118 4276 3132 4289 ·
3163 4257 3318 4328 δῆλόν
3347 4258 3496 4308 ἐστιν
3535 4255 3603 4308 οὐ
3634 4254 3783 4327 μόνον

2191 4363 2257 4417 ἐκ
2291 4360 2396 4415 τῶν
2426 4358 2586 4414 θείων
2617 4356 2710 4412 τοῦ
2752 4354 3078 4409 ’Δποστόλου
3099 4349 3409 4422 δογμάτων,
3438 4347 3558 4402 ἀλλ’
3590 4349 3658 4401 ὲκ
3684 4345 3783 4400 τῶν

2195 4454 2293 4509 νῦν
2348 4451 2658 4524 εἰρημένων
2705 4447 2859 4521 παρά
2908 4447 3010 4516 τῆς
3049 4445 3291 4517 νύμφης.
3345 4440 3609 4512 ’Δνέστην
3660 4441 3781 4512 γὰρ,

2195 4546 2383 4618 φησὶν,
2412 4544 2624 4610 ἀνοῖξαι
2675 4541 2755 4614 τῷ
2796 4538 3066 4610 ἀδελφιδῷ
3099 4555 3201 4610 μου
3222 4555 3237 4569 ·
3281 4534 3373 4589 διὰ
3414 4533 3510 4588 τοῦ
3558 4534 3779 4604 ποιῆσαι

2194 4639 2294 4703 τὰς
2346 4638 2539 4710 χεῖράς
2581 4654 2684 4709 μου
2732 4636 2833 4707 τῆς
2878 4633 3127 4705 σμύρνης
3175 4627 3392 4700 πηγὰς,
3438 4626 3534 4697 ἀφ’
3578 4626 3779 4681 ἑαυτῶν

498 4736 686 4780 aroma
718 4724 974 4796 proﬂuat,
1006 4737 1061 4781 et
1081 4723 1417 4781 declaranda
1444 4725 1648 4798 digitos
1680 4742 1831 4782 meos
1865 4725 2074 4799 myrrha

2205 4731 2434 4805 ῥεούσας
2451 4730 2511 4784 τὸ
2532 4730 2755 4802 ἄρωμα,
2784 4727 2879 4782 καὶ
2901 4726 3176 4797 πλήρωμα
3195 4721 3305 4776 τῶν
3323 4720 3606 4775 δακτύλων
3624 4721 3778 4786 δεῖξαι

497 4832 624 4874 esse
654 4817 915 4887 repletos.
950 4818 1087 4872 Nam
1120 4816 1210 4873 his
1244 4818 1426 4875 verbis
1456 4820 1678 4875 modum
1711 4819 1941 4885 indicat,
1977 4835 2091 4891 quo

499 4892 784 4987 aperiatur
809 4908 1010 4963 ostium
1041 4923 1270 4989 sponso:
1308 4907 1536 4965 Surrexi
1585 4919 1879 4981 propterea
1942 4911 2091 4983 quod

500 5003 870 5074 sepultacum
899 5017 966 5058 eo
987 5001 1187 5059 fuerim
1225 5018 1321 5073 per
1354 5003 1692 5074 baptismum
1737 5004 1794 5059 in
1828 5012 2089 5061 mortem.

498 5094 619 5151 Non
668 5095 821 5157 enim
872 5094 1209 5152 resurrectio
1245 5094 1547 5165 quidquam
1594 5095 1934 5151 eﬂicacitatis
1994 5097 2093 5151 ha-

500 5190 740 5257 buisset,
782 5189 889 5245 nisi
949 5189 1304 5244 mortilicatio
1344 5189 1657 5244 voluntaria
1694 5190 2093 5261 praecessisset.

507 5281 819 5345 Voluntarii
871 5290 1056 5337 autem
1114 5280 1380 5344 indicium
1411 5290 1497 5336 est
1532 5281 1901 5341 .stillicidium
1960 5283 2095 5339 illud

502 5378 742 5450 myrrhae
788 5375 1013 5437 ﬂuentis
1055 5391 1123 5431 ex
1154 5375 1331 5446 ipsius
1388 5374 1666 5437 manibus,
1717 5377 1950 5447 etquod
1992 5377 2098 5432 hoc

505 5481 751 5526 aromate
779 5468 935 5540 digiti
976 5468 1099 5546 ejus
1136 5466 1421 5529 abundare
1455 5465 1733 5521 dicantur.
1781 5466 1901 5523 Non
1949 5469 2094 5524 enim

506 5563 730 5627 aliunde
761 5560 1042 5633 myrrham
1076 5561 1132 5616 in
1163 5574 1389 5623 manum
1447 5557 1625 5629 ipsius
1676 5560 1752 5614 ait.
1784 5562 2093 5631 pervenire.

504 5647 641 5707 Nam
672 5652 718 5707 si
770 5666 862 5707 res
909 5650 984 5705 ita
1026 5665 1085 5706 se
1135 5647 1385 5711 haberet,
1425 5647 1855 5707 existimandum
1914 5660 2098 5716 esset,

509 5744 727 5800 aliunde
762 5752 970 5805 ortum,
1002 5749 1058 5797 et
1097 5739 1322 5812 quidem
1359 5741 1477 5811 ipsa
1508 5742 1675 5796 invita
1709 5743 1757 5798 ei
1788 5742 2054 5798 accidisse
2075 5784 2089 5807 ,

438 5841 457 5849 ‘
512 5840 655 5911 quod
692 5853 789 5915 per
836 5835 1117 5908 myrrham
1174 5833 1541 5904 significatur.
1586 5836 1855 5894 Nimirum
1893 5852 2091 5892 manus

2203 4825 2303 4895 τὴν
2333 4822 2598 4896 σμύρναν.
2654 4820 2758 4875 Τὸν
2805 4818 2914 4890 γάρ
2959 4817 3161 4889 τρόπον
3193 4815 3260 4869 δι’
3293 4807 3353 4868 οὐ
3398 4813 3679 4881 ἀνοίγεται
3715 4811 3780 4877 τῷ

2203 4914 2423 4987 νυμφίῳ
2448 4917 2482 4987 ἡ
2524 4914 2683 4984 θύρα,
2713 4910 2847 4983 φησὶ
2868 4909 2958 4964 διά
2980 4908 3088 4964 τῶν
3123 4905 3428 4979 εἰρημένων
3447 4921 3459 4934 ·
3492 4905 3584 4958 ὅτι
3613 4904 3706 4956 Διά
3729 4902 3778 4953 τὸ

2204 5006 2541 5076 συνυφῆναι
2577 5003 2726 5074 αὐτῷ
2765 5001 2854 5056 διά
2876 4999 2970 5055 τοῦ
3002 4997 3312 5070 βαπτισμοῦ
3334 4996 3415 5060 είς
3436 4995 3531 5048 τὸν
3560 4993 3778 5048 θάνατον

2202 5097 2460 5169 ἀνέστην.
2491 5095 2568 5150 Οὐ
2590 5094 2698 5167 γάρ
2725 5093 2792 5148 ἂν
2809 5084 3168 5165 ἐνήργησενῆ
3202 5083 3519 5149 ἀνάστασις,
3546 5085 3627 5155 μὴ
3658 5101 3776 5156 προ-

2205 5187 2672 5260 καθηγησαμένης
2698 5184 2798 5256 τῆς
2823 5183 3071 5238 ἑκουσίου
3100 5181 3443 5251 νεκρότητος.
3493 5176 3779 5230 Ἐνδείκνυ-

2201 5298 2294 5336 ται
2315 5281 2372 5336 δὲ
2395 5282 2457 5335 τὸ
2477 5280 2723 5335 ἑκούσιον
2750 5278 2784 5349 ἡ
2817 5279 2882 5330 ὲκ
2909 5275 3016 5330 τῶν
3038 5274 3239 5346 χειρῶν
3255 5271 3424 5341 αὐτῆς
3443 5269 3780 5340 ἀπορρέουσα

2203 5376 2303 5446 τῆς
2332 5375 2579 5448 σμύρνης
2619 5370 2857 5440 σταγὼν,
2887 5369 2983 5425 καὶ
3011 5368 3074 5422 τὸ
3097 5363 3489 5438 πεπληρῶσθαι
3510 5363 3642 5425 τοὺς
3667 5363 3782 5415 δακ-

2202 5469 2395 5531 τύλους
2412 5466 2585 5537 αὐτῆς
2609 5464 2705 5518 τοῦ
2732 5461 3028 5536 ἀρώματος
3055 5458 3267 5514 τούτου.
3292 5457 3367 5512 Οὐ
3397 5455 3503 5525 γὰρ
3526 5454 3781 5525 ἑτέρωθεν

2204 5559 2526 5631 ἐγγενέσθαι
2559 5560 2625 5629 τῇ
2670 5556 2814 5629 χειρὶ
2841 5554 2991 5623 λέγει
3029 5551 3129 5624 τὴν
3169 5550 3432 5621 σμύρναν.
3475 5545 3549 5601 Ἦ
3581 5548 3698 5619 γὰρ
3726 5547 3779 5598 ἂν

2210 5651 2472 5723 ἐνομίσθη
2509 5650 2598 5704 διὰ
2638 5648 2862 5712 τούτου,
2908 5643 3294 5717 περιστατικὸν
3330 5642 3467 5711 αὐτῇ
3504 5641 3593 5692 καὶ
3629 5637 3779 5693 ἁκού-

2208 5764 2318 5801 σιον
2348 5744 2626 5815 συμϐῆναι
2653 5742 2714 5796 τὸ
2750 5741 2839 5795 διὰ
2866 5740 2966 5812 τῆς
2988 5737 3235 5810 σμύρνης
3255 5734 3601 5807 δηλούμενον.
3651 5725 3777 5783 Ἀλλ’

2203 5837 2371 5902 αὐτάς
2396 5854 2528 5911 φησι
2570 5835 2668 5900 τὰς
2700 5838 2883 5915 χεῖρας
2921 5828 3213 5902 (σημαίνει
3245 5827 3299 5879 δὲ
3333 5826 3421 5879 διὰ
3458 5822 3566 5886 τῶν
3593 5821 3780 5891 χειρῶν
