3866 6360
251 393 394 450 4017

1292 396 1361 452 ΙΝ
1386 397 1686 457 CANTICA
1713 395 1981 456 CANTIC.
2007 398 2290 458 HOMILIA
2327 402 2442 459 XII.

3371 406 3507 465 i013

247 512 351 577 τὰς
383 506 739 581 ἑνεργητικάς
760 506 858 579 τῆς
876 507 1052 581 ψυχῆς
1074 509 1334 585 κινήσεις)
1358 514 1449 584 ἀφ’
1476 514 1684 570 ἑαυτῶν
1707 514 1828 569 στά·
1853 565 1857 574 η

1960 528 2080 584 psas
2118 513 2298 586 inquit
2328 514 2421 587 (et
2451 529 2714 573 manuum
2772 516 3136 589 appellatione
3176 525 3359 575 motus
3386 522 3510 576 aui-

254 604 346 671 ξαι
376 601 475 673 τὴν
508 599 778 674 σμύρναν,
816 601 915 673 τὴν
954 602 1167 657 οἴκοθεν
1198 605 1263 658 ἑκ
1305 607 1679 680 προαιρέσεως
1720 606 1830 661 τῶν

253 691 583 763 σωματικῶν
603 691 896 763 γινομένην
917 689 1297 765 νέκρωσινοδιὰ
1315 696 1506 751 τούτου
1550 694 1831 766 σημαίνων

249 785 354 855 τὴν
384 785 442 835 ἐν
472 784 608 836 πᾶσι
639 785 751 846 τοῖς
774 783 1069 847 δακτύλοις·
1102 787 1564 860 πεπληρωμένην.
1591 787 1753 857 Λέγει
1775 788 1834 842 δὲ

250 878 325 932 τὰ
352 877 474 932 καθ’
494 876 724 931 ἕκαστον
757 876 871 946 εῖδη
899 876 968 930 τὰ
989 878 1328 951 διῃρημένως
1355 879 1426 932 δι’
1453 879 1655 951 ἀρετῆς
1678 895 1836 932 σπου-

249 966 526 1038 δαζόμενα
544 1006 561 1035 ,
593 964 671 1036 τῷ
706 966 816 1019 τῶν
845 965 1126 1022 δακτύλων
1153 967 1525 1039 διερμηνεύων
1567 969 1791 1040 ὀνόματι
1818 1009 1833 1034 ,

252 1058 334 1123 ὡς
364 1054 501 1112 εἶναι
536 1058 711 1113 πάντα
746 1058 839 1112 τὸν
878 1058 1003 1113 νοῦν
1046 1058 1158 1113 τῶν
1205 1059 1514 1130 λεγομένων
1559 1060 1799 1115 τοιοῦτον
1819 1076 1833 1091 ·

253 1148 343 1203 ὅτι
374 1145 606 1201 Ἔλαόον
640 1145 869 1217 δύναμιν
911 1146 1259 1212 ἀναστάσεως
1291 1148 1380 1203 διὰ
1423 1148 1518 1204 τοῦ
1567 1150 1839 1223 νεκρῶσαι

253 1240 327 1295 τὰ
358 1238 494 1310 μέλη
531 1256 635 1308 μου
678 1238 748 1291 τὰ
771 1238 865 1291 ἐπὶ
893 1239 1007 1310 τῆς,
1027 1240 1152 1310 γῆς,
1197 1241 1457 1305 ἑκουσίως
1486 1258 1579 1312 μοι
1601 1241 1703 1311 τῆς
1730 1241 1840 1295 τῶν

258 1328 442 1402 μελῶν
497 1328 605 1382 τῶν
644 1329 900 1383 τοιούτων
939 1329 1336 1402 ὲνηργηθείσης
1373 1330 1733 1403 νεκρώσεως,
1777 1332 1839 1385 οὐ

256 1425 394 1495 παρ’
425 1422 585 1477 ἀλλον
611 1424 730 1487 ταῖς
757 1421 943 1494 χερσὶν
970 1420 1277 1494 ὲντεθεὶσης
1302 1422 1399 1493 τῆς
1429 1422 1695 1494 σμύρνης,
1726 1423 1841 1477 ἀλλ’

256 1516 328 1568 ἐκ
359 1515 457 1587 τῆς
489 1514 629 1585 ἐμῆς
654 1512 1025 1585 προαιρέσεως
1056 1512 1453 1585 ἀπορρεούσης·
1488 1513 1563 1576 ὡς
1585 1515 1679 1567 καὶ
1708 1514 1843 1567 πᾶσι

256 1605 375 1667 τοῖς
420 1602 541 1657 κατ’
597 1602 797 1673 ἀρετὴν
845 1599 1294 1672 ἐπιτηδεύμασιν,
1357 1599 1502 1669 ἆπερ
1549 1599 1845 1663 δακτύλους

256 1695 578 1765 ὠνόμασεν,
606 1693 867 1763 ἀνελλιπῆ
899 1692 998 1764 τὴν
1033 1693 1288 1763 τοιαύτην
1312 1692 1542 1763 ὁρᾶσθαι
1580 1693 1843 1747 διάθεσιν.

262 1786 429 1839 Ἐστι
462 1786 571 1857 γὰρ
598 1785 691 1838 ἐπὶ
724 1784 834 1838 τῶν
869 1783 967 1855 τὴν
1001 1783 1201 1855 ἀρετὴν
1241 1784 1537 1854 μετιόντων
1586 1784 1735 1849 ἰδεῖν,
1758 1785 1848 1838 svi.

263 1877 370 1953 μὲν
399 1875 594 1935 αὐτούς
622 1894 730 1930 τινι
757 1875 1056 1940 τεθνεῶτας
1084 1875 1267 1940 πάθει,
1296 1877 1354 1927 ὲν
1383 1876 1589 1946 ἑτέροις
1622 1877 1678 1930 δὲ
1711 1876 1846 1942 ζῶν-

256 1984 366 2030 τας
385 1984 400 1999 ο
431 1965 681 2039 καθάπερ
700 1965 914 2037 ὁρῶμέν
942 1982 1114 2030 τινας,
1151 1964 1481 2037 νεκροῦντας
1517 1967 1614 2036 μὲν
1637 1967 1849 2030 ἑαυτοῖς

258 2058 327 2112 τὸ
355 2056 673 2117 ἀκόλαστον.
711 2056 778 2110 ἂν
820 2055 963 2110 οὕτω
996 2056 1168 2128 τύχοι,
1203 2058 1502 2129 τρέφοντας
1529 2057 1585 2110 δὲ
1625 2057 1691 2111 δι’
1731 2060 1849 2111 ἐπι-

266 2148 491 2222 μελείας
515 2148 607 2203 τὸν
642 2146 829 2215 τύφον,
866 2147 899 2220 ἢ
944 2147 1130 2218 ἕτερόν
1155 2164 1209 2200 τι
1243 2147 1414 2211 πάθος
1447 2148 1509 2201 τὸ
1538 2149 1635 2219 τὴν
1670 2148 1849 2218 ψυχὴν

260 2238 695 2310 λυμαινόμενον·
733 2232 841 2291 οἷον
885 2237 946 2290 τὸ
987 2237 1410 2308 φιλοχρήματον,
1448 2236 1482 2307 ἢ
1513 2236 1573 2290 τὸ
1614 2235 1849 2307 ὀργίλον,

261 2330 302 2402 ἢ
326 2328 389 2383 τὸ
415 2328 776 2399 φιλόχρηστον
806 2328 901 2381 καὶ
937 2326 1231 2396 φιλόδοξον,
1259 2325 1293 2397 ἢ
1327 2326 1454 2379 ἄλλο
1492 2326 1758 2380 τοιοῦτον
1788 2318 1850 2379 οὗ

262 2420 462 2484 κακῶς
506 2422 564 2473 ὲν
603 2421 670 2490 τῇ
714 2419 860 2491 ψυχῇ
902 2418 1136 2484 ζῶντος,
1180 2417 1283 2472 οὐκ
1314 2416 1429 2470 ἔστι
1465 2417 1695 2489 πλήρεις
1724 2417 1853 2482 τοὺς

263 2509 570 2574 δακτύλους
603 2508 866 2575 ἐπιδεῖξαι
888 2510 988 2579 τῆς
1015 2506 1281 2579 σμύρνης.
1305 2506 1380 2562 Οὐ
1403 2506 1509 2577 γὰρ
1530 2507 1618 2561 διὰ
1638 2508 1853 2563 πάντων

266 2600 527 2672 φαίνεται
560 2584 1010 2669 ἐπιτηδευμάτων
1060 2597 1094 2668 ή
1137 2594 1233 2651 τοῦ
1276 2595 1446 2650 κακοῦ
1491 2596 1757 2668 νέκρωσίς
1795 2614 1855 2650 τε

266 2693 372 2748 καὶ
393 2691 768 2764 ἀλλοτρίωσις.
796 2689 1021 2744 Πάντων
1052 2688 1110 2742 δὲ
1133 2687 1527 2760 πληρωθέντων
1549 2688 1658 2742 τῶν
1686 2689 1857 2743 τοιούο

264 2802 386 2839 των
410 2782 689 2838 δακτύλων
719 2782 818 2853 τῆς
839 2779 1128 2852 νοηθείσης
1158 2779 1430 2851 σμύρνης,
1459 2780 1552 2833 καὶ
1574 2779 1856 2833 ἀνίσταται

269 2876 311 2946 ἡ
330 2872 496 2944 ψυχὴ,
531 2874 626 2927 καὶ
647 2872 854 2941 ἀνοίγει
879 2870 957 2943 τῷ
976 2871 1193 2943 νυμφίῳ
1215 2872 1310 2943 τὴν
1335 2872 1553 2926 εἴσοδον,
1577 2871 1674 2925 Διὰ
1701 2870 1859 2924 τοῦτο

271 2965 423 3036 τάχα
460 2965 562 3018 καὶ
610 2964 639 3017 ὁ
685 2964 860 3035 μέγας
912 2962 1123 3026 Παῦλος
1159 2963 1339 3028 καλῶς
1380 2966 1578 3035 νοήσας
1626 2963 1724 3034 τὴν
1763 2959 1857 3015 τοῦ

273 3055 554 3110 Δεσπότου
583 3054 787 3126 φωνὴν,
810 3054 845 3124 ἦ
869 3071 1053 3125 φησιν,
1075 3054 1157 3107 ὅτι
1187 3057 1307 3108 Οὐκ
1327 3056 1457 3108 ἔστι
1478 3052 1701 3123 φυῆναι
1723 3051 1862 3108 atd-

275 3163 435 3223 χυν,
469 3145 577 3200 ἐὰν
612 3144 700 3216 μὴ
744 3144 1118 3213 προδιαλυθῇ
1156 3143 1234 3210 τῷ
1275 3143 1506 3208 θανάτῳ
1539 3147 1572 3198 ό
1615 3145 1856 3209 κόκκος.
1888 3173 1930 3231 C

274 3234 454 3289 Τοῦτο
477 3235 739 3306 κηρύσσει
767 3237 833 3305 τῇ
887 3232 1180 3305 Ἐκκλησία
1205 3233 1264 3287 τὸ
1296 3233 1473 3303 δόγμα
1491 3276 1504 3296 ,
1527 3234 1608 3287 ὅτι
1638 3232 1743 3303 χρὴ
1775 3232 1864 3287 θά-

273 3341 443 3379 νατον
478 3325 577 3395 τῆς
608 3322 753 3395 ζωῆς
786 3323 1202 3394 καθηγήσασθαι
1225 3362 1239 3386 ,
1275 3323 1351 3386 ὡς
1381 3324 1482 3376 οὐκ
1520 3322 1864 3393 ἐνδεχόμενον

280 3416 464 3480 ἄλλως
508 3417 566 3470 ὲν
610 3413 886 3487 ἀνθρώπῳ
921 3415 1025 3484 τὴν
1070 3412 1216 3485 ζωὴν
1260 3414 1547 3483 γενέσθαι,
1581 3415 1629 3466 εἰ
1672 3415 1746 3483 μὴ
1777 3404 1865 3467 διᾶ

277 3506 517 3561 θανάτου
544 3504 698 3560 λάϐοι
737 3505 838 3575 τὴν
882 3503 1134 3574 πάροδον.
1161 3503 1363 3574 Διπλῆς
1396 3504 1506 3574 γὰρ
1544 3505 1601 3557 ὲν
1627 3505 1756 3574 ημῖν
1778 3502 1868 3555 οὔ·

279 3614 389 3670 σης
420 3595 517 3667 τῆς
543 3594 786 3665 φύσεως,
815 3594 911 3665 τῆς
950 3595 1050 3666 μὲν
1085 3593 1291 3664 λεπτῆς
1330 3611 1388 3647 τε
1416 3595 1509 3648 καὶ
1550 3595 1741 3664 νοερᾶς
1773 3593 1868 3647 καὶ

279 3688 496 3759 κούφης
520 3704 535 3719 ’
568 3686 667 3757 τῆς
705 3685 761 3740 δὲ
810 3686 1043 3757 παχείας
1089 3685 1184 3740 καὶ
1218 3686 1410 3757 ὑλικῆς
1456 3684 1553 3739 καὶ¹
1601 3684 1825 3756 βαρείας
1850 3700 1864 3714 ·

281 3777 502 3847 ἀνάγκη
527 3775 675 3828 πᾶσα
695 3772 1007 3844 ἀσύμϐατον
1034 3772 1171 3844 πρὸς
1196 3773 1293 3843 τὴν
1324 3772 1518 3843 ἑτέραν
1543 3774 1601 3827 ὲν
1623 3771 1871 3844 ἑκατέρα

280 3867 493 3921 τούτων
523 3864 624 3935 τὴν
661 3864 839 3936 ὁρμὴν
874 3859 1011 3917 εἶναι
1049 3864 1143 3917 καὶ
1170 3862 1494 3927 ίδιάζουσαν.
1528 3861 1602 3914 Τὸ
1636 3862 1733 3933 μὲν
1763 3863 1872 3934 γὰρ

283 3958 476 4030 νοερόν
505 3975 564 4012 τε
610 3956 706 4010 καὶ
730 3953 934 4024 κοῦφον
974 3956 1179 4009 οἰκείαν
1214 3954 1328 4026 ἔχει
1379 3954 1478 4025 τὴν
1509 3955 1603 4006 ἐπὶ
1645 3954 1715 4008 τὰ
1759 3954 1873 4008 ἄνω

287 4051 465 4122 φοράν
491 4067 505 4080 ·
535 4049 597 4101 τὸ
631 4049 688 4104 δὲ
725 4046 864 4120 βαρὺ
910 4047 1005 4101 καὶ
1041 4046 1241 4110 ὑλῶδες
1265 4087 1280 4113 ,
1310 4046 1399 4100 ἀεὶ
1448 4045 1584 4117 πρὸς
1615 4043 1677 4098 τὸ
1725 4045 1877 4099 κάτω

292 4141 452 4219 ῥέπει
502 4140 598 4194 καὶ
646 4140 896 4210 φέρεται.
950 4137 1042 4203 Ἐξ
1083 4137 1328 4191 ἐναντίου
1351 4136 1555 4215 ,τοίνυν
1586 4138 1876 4209 γινομένης

289 4232 477 4295 αὐτοῖς
504 4230 745 4301 φυσικῶς
785 4229 886 4299 τῆς
914 4230 1181 4300 κινήσεως
1203 4271 1217 4295 ,
1243 4227 1344 4281 οὐκ
1377 4227 1524 4282 ἔστιν
1550 4228 1878 4299 εύοδωθῆναι

287 4323 358 4378 τὸ
390 4323 595 4394 ἕτερον,
622 4320 696 4393 μὴ
724 4322 1083 4391 ἀτονήσαντος
1118 4320 1213 4373 τοῦ
1250 4320 1412 4374 ἄλλου
1440 4321 1574 4391 πρὸς
1599 4320 1700 4390 τὴν
1737 4319 1879 4373 κατά

1933 604 2029 667 mi,
2061 604 2155 674 qui
2201 606 2477 661 actionum
2507 606 2792 663 effectores
2820 616 2971 671 sunt,
3003 605 3221 663 denotat
3246 607 3265 680 )
3292 624 3361 665 ex
3385 625 3511 667 sese

1934 694 2174 751 stillasse
2204 697 2507 767 myrrham,
2539 713 2651 767 quo
2680 698 2995 769 significare
3035 699 3210 753 voluit
3258 715 3325 754 ex
3356 708 3511 756 certo

1935 786 2104 840 animi
2131 787 2346 856 judicio
2376 780 2688 844 institutam
2729 805 3122 861 corporearum
3158 790 3509 847 aﬂectionum

1936 901 2386 968 exstinctionem,
2439 919 2602 975 quam
2668 906 2927 960 omnibus
2988 906 3042 959 in
3088 904 3275 976 digitis
3336 904 3512 962 fuisse

1939 993 2163 1048 uberem
2218 996 2296 1049 ait
2348 1012 2362 1050 :
2408 994 2708 1067 digitorum
2769 997 3139 1066 appellatione
3196 998 3513 1067 intelligens

1940 1085 2186 1155 singulas
2214 1101 2405 1142 eorum
2440 1089 2676 1158 species,
2707 1105 2831 1159 qua:
2862 1091 2916 1144 in
2971 1090 3122 1144 cultu
3175 1090 3395 1144 virtutis
3425 1087 3513 1142 di-

1939 1189 2098 1231 verse
2134 1191 2165 1229 a
2194 1176 2354 1233 nobis
2385 1177 2770 1234 instituuntur.
2803 1181 2885 1232 Ita
2926 1186 2987 1233 ut
3042 1178 3239 1232 horum
3268 1178 3515 1233 omnium

1942 1282 2064 1338 quae
2101 1267 2362 1323 dicuntur
2392 1269 2498 1336 hic,
2532 1285 2730 1326 sensus
2762 1271 2983 1341 quidem
3024 1277 3096 1328 sit
3151 1268 3514 1343 huiusmodi:

1942 1378 2144 1448 Accepi
2168 1378 2274 1432 vim
2303 1379 2728 1435 resurrectionis
2752 1395 2819 1435 ex
2845 1395 2930 1446 eo,
2954 1382 3097 1449 quod
3128 1380 3369 1436 membra
3399 1391 3521 1434 mea

1948 1481 2166 1527 terrena
2197 1479 2415 1526 mortua
2466 1471 2820 1539 rcddiderim,
2858 1488 3091 1543 eamque
3144 1472 3520 1527 membrorum

1947 1561 2429 1616 mortificationem
2465 1569 2661 1631 sponte
2715 1578 2838 1617 mea
2893 1563 3259 1631 instituerim,
3310 1577 3422 1616 non
3453 1560 3525 1616 ab

1949 1650 2058 1707 alio
2100 1653 2323 1724 myrrha
2358 1653 2490 1707 mihi
2533 1655 2588 1707 in
2635 1668 2833 1710 manus
2890 1653 3015 1708 data
3053 1672 3067 1709 ε
3103 1653 3200 1709 sed
3252 1652 3527 1707 deﬂuente

1948 1743 2039 1797 illa
2071 1754 2223 1800 certo
2275 1744 2439 1799 animi
2471 1745 2587 1799 mc'r
2616 1745 2889 1800 arbitratu
2918 1764 2931 1799 :
2967 1746 3037 1799 ita
3068 1752 3128 1798 ut
3154 1745 3208 1799 in
3267 1745 3526 1800 omnibus

1878 1850 1921 1905 Β
1950 1836 2087 1891 meis
2118 1836 2305 1890 virtuti
2345 1833 2733 1892 consentaneis
2787 1838 3097 1905 conatibus,
3152 1852 3292 1906 quos
3325 1835 3526 1905 digitos

1951 1929 2190 1991 vocavit,
2230 1927 2346 1981 haec
2374 1927 2540 1981 animi
2590 1926 2806 1983 affectio
2853 1929 3074 1998 copiose
3127 1928 3522 1997 conspiciatur.

1954 2016 2164 2072 Etenim
2200 2017 2384 2073 videre
2410 2026 2496 2073 est
2523 2033 2619 2074 eos
2653 2020 2746 2089 qui
2805 2034 2913 2073 non
2969 2017 3209 2090 perfecte
3265 2018 3527 2072 virtutem

1951 2110 2162 2174 colunt,
2202 2124 2314 2164 uno
2356 2109 2575 2179 quidem
2637 2111 2761 2165 illos
2799 2110 2967 2166 animi
3027 2111 3219 2166 morbo
3277 2118 3528 2164 mortuos

1952 2215 2095 2266 esse,
2136 2201 2230 2255 sed
2262 2200 2316 2255 in
2349 2200 2564 2257 caeteris
2592 2201 2816 2257 vivere:
2870 2200 3333 2272 quemadmodum
3380 2198 3531 2254 vide-

1953 2307 2077 2347 mus
2107 2293 2402 2348 nonnullos
2469 2292 2973 2363 intemperantiam,
3005 2292 3157 2348 verbi
3214 2290 3411 2363 gratia,
3473 2290 3531 2346 in

1955 2387 2155 2457 seipsis
2185 2386 2343 2458 quasi
2380 2394 2557 2441 morte
2594 2387 2849 2449 multare,
2882 2384 2978 2440 sed
3003 2399 3201 2455 magno
3229 2382 3412 2439 studio
3439 2396 3535 2437 su-

1956 2480 2200 2551 perbiam
2254 2478 2422 2542 alere,
2470 2479 2556 2535 vel
2608 2478 2757 2534 aliud
2792 2477 3066 2548 quoddam
3117 2476 3308 2529 vitium
3352 2472 3535 2527 animo

1958 2572 2373 2643 perniciosum:
2414 2570 2567 2628 verbi
2597 2571 2794 2641 gratia,
2823 2569 3183 2640 cupiditatem
3223 2582 3412 2637 apum,
3448 2563 3533 2618 vel

1955 2664 2324 2728 iracundiam,
2352 2662 2436 2719 vel
2464 2663 2843 2725 ambitionem,
2872 2661 2960 2715 vel
2995 2658 3127 2730 quid
3172 2656 3320 2711 aliud
3349 2655 3539 2725 ejusce

1957 2758 2196 2830 generis.
2231 2755 2380 2827 quod
2429 2756 2560 2810 dum
2609 2754 2789 2809 adhuc
2843 2752 2986 2806 male
3038 2750 3172 2804 vivit
3199 2749 3253 2804 in
3312 2747 3537 2808 animo,

1962 2850 2074 2906 fieri
2105 2864 2216 2904 non
2253 2854 2434 2919 potest
2464 2853 2524 2901 ut
2558 2846 2682 2917 quis
2713 2844 2915 2914 digitos
2947 2856 3079 2898 suos
3112 2838 3334 2911 myrrha
3362 2835 3542 2892 refer-

1961 2954 2048 2999 tos
2077 2942 2355 3000 ostendat.
2383 2937 2502 2993 Non
2530 2938 2678 2993 enim
2714 2936 2896 2991 elucet
2935 2934 2991 2989 in
3026 2931 3284 2989 omnibus
3344 2927 3542 2985 studiis

1960 3043 2016 3091 et
2062 3034 2374 3088 actionibus
2426 3030 2723 3085 exstinctio
2752 3027 2903 3092 mali,
2961 3033 3015 3081 et
3059 3023 3308 3096 quaedam
3355 3023 3424 3077 ab
3475 3034 3544 3076 eo

1964 3128 2113 3183 velut
2143 3126 2495 3181 abalienatio.
2530 3124 2600 3177 At
2626 3138 2753 3177 cum
2813 3119 2969 3191 digiti
3000 3131 3193 3173 omnes
3223 3111 3543 3185 hujusmodi

1966 3220 2208 3290 myrrha,
2238 3233 2361 3287 qua:
2387 3216 2478 3270 hic
2509 3213 2857 3285 intelligitur,
2879 3209 3073 3281 repleti
3099 3215 3251 3273 sunt,
3276 3214 3391 3261 tum
3414 3221 3547 3261 vero

1964 3318 2019 3367 et
2048 3310 2226 3381 surgit
2255 3311 2459 3372 anima,
2490 3316 2545 3363 et
2579 3306 2786 3361 aditum
2836 3317 3042 3374 sponso
3084 3298 3367 3371 patefacit.
3402 3295 3546 3350 Pro-

1966 3410 2153 3472 pterea
2184 3399 2371 3455 forsan
2414 3406 2469 3454 et
2497 3412 2728 3467 magnus
2761 3395 2851 3449 ille
2888 3392 3093 3447 Paulus
3125 3395 3276 3445 recte
3326 3386 3547 3442 intelle-

1967 3502 2057 3550 cta
2098 3491 2313 3546 Domini
2345 3504 2482 3544 voce
2508 3489 2602 3549 ait,
2639 3487 2754 3542 fieri
2794 3501 2904 3541 non
2943 3498 3109 3554 posse
3136 3489 3198 3536 ut
3223 3481 3373 3550 spica
3416 3492 3549 3549 pro-

1968 3584 2171 3648 veniat,
2210 3582 2315 3637 uisi
2350 3580 2504 3650 prius
2540 3586 2717 3632 morte
2745 3590 2977 3647 granum
3018 3572 3373 3628 dissolvatur:
3411 3568 3552 3636 Qui-

1970 3679 2073 3733 bus
2116 3677 2171 3730 in
2227 3673 2409 3729 verbis
2465 3671 2609 3726 hanc
2662 3667 2925 3722 Ecclesiae
2976 3663 3283 3720 doctrinam
3345 3658 3549 3724 tradit,

1972 3777 2227 3839 oportere
2264 3764 2526 3820 nimirum
2582 3767 2709 3816 ante
2743 3761 2911 3814 vitam
2944 3754 3250 3827 praecedere
3292 3758 3551 3816 mortem,

1973 3858 2121 3934 quod
2153 3856 2452 3926 caeteroqui
2484 3854 2599 3909 fieri
2633 3857 2889 3921 nequeat,
2924 3856 2985 3902 ut
3014 3848 3123 3901 vita
3175 3846 3246 3901 sit
3281 3844 3333 3898 in
3375 3841 3550 3896 homi-

1974 3966 2065 4017 ne,
2083 3949 2191 4005 nisi
2228 3962 2325 4018 per
2352 3954 2585 4000 mortem
2616 3934 3180 4012 ingrediatur".Nam
3198 3950 3325 3990 cum
3353 3939 3553 3986 natura

1976 4043 2047 4100 sit
2072 4041 2273 4111 duplex
2306 4040 2359 4093 in
2396 4038 2576 4100 nobis,
2620 4036 2794 4089 altera
2842 4032 3082 4094 subtilis,
3128 4024 3466 4097 intelligendi
3501 4022 3554 4077 vi

1979 4134 2232 4207 prazdita,
2265 4132 2444 4199 levis;
2482 4132 2654 4183 altera
2688 4140 2901 4187 crassa,
2936 4133 3112 4179 terrea
3162 4118 3387 4176 materie
3418 4130 3554 4170 con-

1980 4236 2157 4291 stans,
2192 4222 2413 4295 gravis;-
2445 4219 2668 4275 omnino
2702 4229 2928 4272 necesse
2957 4222 3045 4268 est'
3065 4213 3119 4267 in
3153 4210 3350 4264 harum
3402 4214 3557 4261 utra-

1979 4332 2088 4387 que
2119 4316 2379 4384 impetum
2411 4310 2742 4382 peculiarem
2779 4314 2834 4360 et
2867 4306 3251 4360 abhorrentem
3284 4300 3352 4355 ab
3384 4298 3559 4352 altera

292 4419 460 4490 φύσιν
486 4390 696 4489 ᾁράνζ
731 4413 954 4487 μέσηδὲ
984 4413 1188 4484 ἀμφοῖν
1232 4413 1445 4466 ἑστῶσα
1540 4411 1857 4477 αὐτεξούσια

1981 4424 2123 4465 esse.
2151 4405 2286 4459 Nam
2316 4402 2463 4473 quod
2489 4398 2863 4469 intelligentiae.
2883 4397 2990 4451 vim
3014 4394 3176 4447 habet
3208 4405 3273 4444 ac
3302 4390 3419 4443 leve
3449 4395 3558 4449 est,

293 4477 454 4584 ημῶν
465 4477 692 4578 δύναμίς
707 4477 764 4559 τε
783 4477 878 4559 καῖ
906 4477 1241 4578 προαίρεσις,
1263 4503 1329 4558 δι’
1349 4477 1545 4574 tauri};
1557 4506 1777 4575 ἐμποιεῖ
1790 4521 1857 4557 κα

1989 4497 2339 4573 peculiariter
2368 4496 2441 4549 ita
2465 4498 2843 4561 comparatum
2875 4494 3057 4550 est,ut
3086 4496 3307 4540 sursum
3340 4477 3556 4533 tendat:

295 4603 450 4658 τόνον
480 4599 558 4672 τῷ
588 4600 847 4671 κάμνοντι
875 4598 970 4651 καὶ
996 4596 1212 4649 ἀτονίαν
1225 4595 1302 4667 τῷ
1328 4597 1688 4668 κατισχύοντι.
1730 4597 1817 4650 Ἐν
1843 4588 1857 4647 ἑ

1984 4571 2132 4657 quod
2172 4597 2302 4638 vero
2342 4594 2509 4652 grave
2545 4586 2652 4641 est,
2701 4575 2878 4645 deque
2915 4571 3143 4628 materie
3198 4583 3387 4624 crassa
3422 4581 3560 4622 con-

294 4694 410 4771 γὰρ
438 4657 678 4762 γένηται.
688 4689 869 4762 μέρει,
901 4685 1077 4756 τούτῳ
1100 4657 1286 4741 δίδωσί
1326 4694 1464 4740 κατα
1491 4657 1589 4740 τοῦ
1629 4684 1788 4740 ἄλλον
1818 4701 1857 4737 τι

1985 4686 2118 4741 stat,
2163 4689 2379 4744 semper
2434 4671 2692 4727 deorsum
2726 4667 2899 4737 vergit
2939 4679 3006 4719 ac
3051 4670 3323 4718 movetur.
3382 4657 3565 4725 Quare

296 4790 613 4861 νικητήρια.
646 4784 834 4848 Οὕτως
855 4785 912 4837 ὲν
951 4779 1369 4853 τῷἙύαγγελίῳ
1400 4782 1704 4834 ἐπαινεῖται
1726 4780 1827 4848 μὲν
1848 4779 1879 4832 ὁ
1985 4786 2110 4824 cum
2140 4784 2171 4823 a
2219 4774 2417 4861 natura

633 4840 895 4949 φρόνιμος
920 4840 1236 4945 οἰκονόμοιςζ
1263 4840 1417 4935 οὗτος
1443 4867 1551 4942 γάρ
1573 4873 1709 4935 ἐστι,
1726 4840 1857 4924 ’κατι

1985 4862 2189 4917 trarios
2218 4859 2492 4914 habeant:
2528 4852 2645 4909 fieri
2676 4849 2866 4920 nequit
2897 4854 2957 4903 ut
2983 4854 3131 4903 recte
3178 4844 3377 4900 habeat
3422 4840 3562 4894 alte-

505 4931 845 5041 éfttbvlidyou,
937 4931 1119 5027 καλῶς
1141 4931 1248 5019 τῶν
1276 4963 1333 5015 ὲν
1363 4931 1494 5034 ἡμῖν
1519 4931 1857 5013 ἐπιστατῶσι

1989 4969 2134 5020 rum,
2171 4951 2278 5006 nisi
2306 4947 2533 5003 alterius
2564 4942 2834 4999 naturalis
2863 4949 3047 4996 motus
3075 4938 3351 5007 langueat.
3398 4931 3566 4986 Stans

304 5024 645 5138 ⁴ίιτροολρεέῖις.
687 5024 1023 5115 Ἐ’παινέῖται
1050 5024 1159 5130 γάρ
1182 5056 1265 5109 ὅτι
1294 5024 1488 5128 τρέφει
1518 5052 1619 5123 τὴν
1656 5051 1857 5105 οἰκετία

1991 5053 2173 5101 autem
2206 5041 2390 5096 medio
2428 5039 2572 5092 inter
2617 5045 2850 5105 utraque
2908 5032 3032 5086 loco
3072 5027 3305 5083 facultas
3356 5024 3448 5079 illa
3508 5024 3568 5076 in

312 5118 373 5138 ττ
396 5118 431 5120 ~-
479 5118 490 5137 ι
605 5118 643 5127 τί
1061 5118 1074 5126 -
1130 5118 1142 5130 .
1329 5118 1341 5128 .
1410 5118 1421 5122 -
1575 5118 1586 5123 -

300 5157 399 5215 τοῦ
435 5156 719 5215 δεσπότου,
758 5151 850 5207 διά
878 5151 980 5222 τῆς
1019 5148 1128 5203 τῶν
1167 5148 1424 5201 ἐναντίων
1458 5142 1776 5216 νεκρώσεως
1802 5155 1817 5173 ·
1853 5161 1857 5172 ·

1994 5137 2155 5193 nobis
2195 5133 2389 5198 libera,
2420 5138 2477 5185 et
2506 5126 2675 5182 animi
2709 5123 2929 5187 electio,
2985 5128 3097 5174 tam
3129 5118 3443 5172 firmitatem
3501 5124 3571 5166 ac

2462 4764 2543 4818 sic
2578 4766 2894 4831 comparata
2949 4755 3082 4819 sint,
3114 4761 3176 4807 ut
3204 4761 3385 4807 motus
3429 4762 3560 4804 con-
3651 4809 3657 4814 _

304 5248 417 5321 γάρ
442 5246 667 5301 ἐκείνων
690 5238 885 5316 φθορὰ,
908 5241 1082 5316 τροφή
1103 5257 1164 5294 τε
1187 5240 1282 5293 καὶ
1304 5237 1486 5303 εὐεξία
1509 5236 1620 5291 τῶν
1648 5232 1897 5308 κρειττό-

305 5325 415 5393 νων
450 5335 587 5390 ἐστί.
628 5335 1034 5404 Κατηγορεῖται
1072 5331 1128 5385 δὲ
1153 5332 1182 5384 ὁ
1219 5329 1389 5394 κακὸς
1415 5328 1601 5392 δοῦλος
1642 5330 1851 5391 ἐκεῖνος
1872 5367 1889 5394 ,

307 5430 337 5482 ὁ
367 5427 458 5482 διὰ
489 5425 584 5480 τοῦ
612 5428 723 5488 τοῖς
753 5424 1012 5496 μεθύουσι
1054 5424 1311 5487 συνεῖναι,
1347 5419 1582 5489 πληγαῖς
1613 5420 1891 5490 αἰκιζόμε-

311 5536 402 5582 νος
425 5518 525 5588 την
559 5516 655 5570 τοῦ
692 5514 828 5568 Θεοῦ
849 5512 1108 5567 οἱκετίαν.
1139 5512 1329 5582 mw;
1350 5511 1459 5582 γάρ
1484 5513 1634 5564 ἐστιν
1661 5512 1738 5574 ὠς
1761 5511 1890 5582 ἀληι

311 5606 420 5680 θῶς
444 5606 585 5662 κατά
608 5606 717 5660 τῶν
755 5605 984 5677 ἀρετῶν,
1012 5606 1047 5676 ἡ
1067 5603 1169 5674 τῆς
1196 5603 1395 5667 κακίας
1427 5603 1717 5675 εὐημερία.
1747 5602 1891 5657 Οὐκ-

376 5808 460 5868 ξιοι
484 5808 607 5864 Cor.
637 5824 729 5873 xv,
755 5808 824 5863 4“!-
852 5822 971 5876 δεισι-

1994 5229 2163 5285 robur
2202 5221 2503 5293 languenti,
2547 5234 2711 5291 quam
2768 5209 3179 5286 przevalescenti
3233 5205 3570 5263 debilitatem

1997 5322 2159 5379 indit.
2189 5317 2327 5374 Nam
2379 5313 2560 5371 cuicui
2614 5307 2833 5365 tandem
2885 5303 3028 5376 parti
3064 5315 3186 5357 sese
3233 5294 3570 5369 adjunxerit,
3660 5317 3665 5321 -

1999 5414 2077 5470 illi
2109 5412 2372 5466 adversus
2433 5404 2662 5458 alteram
2714 5399 3002 5454 victoriam
3058 5391 3311 5462 largitur.
3364 5386 3457 5440 Sic
3513 5384 3574 5439 in

1998 5502 2294 5576 Evangelio
2324 5497 2582 5555 laudatur
2611 5490 2787 5546 ﬁdelis
2817 5504 2882 5544 ac
2912 5484 3155 5558 prudens
3182 5482 3274 5536 ille
3301 5478 3379 5536 rei
3412 5474 3575 5576 fami-

1998 5567 2627 5650 liaris'administrator,
2654 5579 2746 5653 qui
2779 5578 3001 5652 quidem
3039 5582 3121 5632 est
3168 5573 3277 5646 (ut
3329 5567 3581 5642 equidem
