3866 6384
373 410 502 463 HW)

1564 407 1626 463 S.
1669 407 1996 465 GREGOBII
2037 404 2333 463 NYSSile

3506 406 3650 462 1020

366 528 591 599 statuo)
619 528 787 583 animi
818 528 988 584 nostri
1022 528 1247 593 electio,
1282 544 1402 599 quae
1440 532 1702 600 praeclare
1733 533 1787 587 in
1834 548 1938 587 no-

2060 530 2129 583 .ῠν
2173 528 2353 592 καλῶς
2391 527 2505 598 ἔχει
2558 528 2651 583 τὸν
2699 528 3035 600 προφητικὸν
3066 528 3420 600 ζηλώσαντας
3460 530 3650 598 λόγον,

364 621 452 678 bis
490 636 615 676 cum
680 620 910 689 imperio
945 627 1162 689 praeest.
1232 619 1509 675 Laudatur
1547 622 1734 688 enim,
1794 624 1941 693 quod

365 713 483 768 heri
514 713 600 767 sui
635 710 895 764 familiam
929 712 1060 775 alat,
1105 710 1269 780 idque
1295 713 1542 766 necando
1571 710 1938 769 adversantia.

363 800 497 856 Nam
530 802 746 854 illorum
800 800 1055 854 interitus
1106 800 1423 853 alimentum
1465 807 1568 862 est,
1630 809 1684 853 et
1734 801 1942 854 sanitas

365 894 676 948 meliorum.
704 892 910 947 Contra
936 894 1275 961 vituperatur
1303 892 1534 963 ignavus
1553 893 1641 946 ille
1663 909 1855 947 servus
1874 892 1939 954 ",

363 986 454 1055 qui
488 995 772 1055 propterea
807 985 954 1054 quod
987 1001 1111 1038 cum
1156 986 1472 1040 temulentis
1504 994 1773 1048 versetur,
1818 1002 1938 1039 ver-

366 1079 591 1133 beribus
645 1077 739 1131 Dei
803 1077 1067 1130 familiam
1124 1077 1523 1131 contumeliose
1586 1076 1770 1132 allicit.
1808 1076 1944 1130 Nam

365 1185 492 1224 vere
514 1171 690 1224 virtus
717 1171 961 1239 vapulat,
1009 1184 1134 1223 cum
1171 1169 1303 1222 vitia
1343 1168 1558 1224 ﬂorent.
1605 1169 1949 1239 Quapropter

366 1267 512 1313 recte
537 1259 733 1314 facturi
768 1274 982 1322 sumus,
1008 1259 1052 1313 si
1079 1259 1305 1313 verbum
1331 1258 1463 1312 illud
1487 1251 1642 1311 Vatis
1660 1259 1854 1312 imitati
1874 1259 1943 1324 ⁵⁸,

367 1350 694 1404 matutinam
747 1350 907 1405 nobis
950 1350 1141 1404 horam
1188 1351 1585 1404 constituemus
1632 1350 1700 1405 ad
1739 1350 1947 1405 interli-

367 1440 622 1494 ciendum
658 1457 849 1495 omnes
880 1450 1194 1510 peccatores
1220 1450 1399 1505 terrae,
1444 1448 1498 1495 et
1536 1442 1602 1495 ad
1643 1442 1940 1496 tollendum

365 1547 397 1587 e
436 1533 659 1588 civitate
694 1533 786 1587 Dei
822 1533 840 1603 (
868 1550 989 1603 (line
1039 1534 1236 1593 civitas
1270 1532 1452 1586 anima
1482 1532 1605 1598 est)
1636 1547 1825 1588 omnes
1858 1548 1940 1586 ra-

367 1622 759 1678 tiocinationes
791 1623 1141 1693 designantes
1190 1624 1557 1693 iniquitatem,
1595 1640 1825 1694 quarum
1861 1625 1949 1677 in-

2049 622 2265 690 πρωΐαν
2306 621 2519 686 ἑαυτοῖς
2566 622 2761 685 ποιεῖν,
2808 621 2895 674 διὰ
2933 618 3028 674 τοῦ
3075 622 3392 675 ἀποκτεῖναι
3430 624 3649 684 πάντας

2046 708 2172 771 τοὺς
2217 707 2573 778 ἁμαρτωλοὺς
2604 707 2706 777 τῆς
2735 708 2857 778 γῆς,
2885 708 2979 761 τοῦ
3021 708 3397 781 ὲξολοθρεῦσαι
3433 711 3498 762 ἐκ
3539 710 3648 762 πό-

2047 800 2181 863 λεως
2213 799 2413 872 Κυρίου
2446 799 2623 872 (ψυχὴ
2664 800 2720 854 δὲ
2759 801 2792 871 ή
2827 800 3018 871 πόλις)
3057 803 3265 865 πάντας
3294 802 3421 866 τοὺς
3452 803 3647 869 λογισο

2053 894 2190 963 μοὺς
2237 894 2364 954 τοὺς
2407 892 2811 963 ἐργαζομένους
2841 894 2940 962 τὴν
2981 895 3244 965 ἀνομίαν,
3291 887 3367 948 ὧν
3417 895 3649 962 ἧλεθρος

2050 983 2163 1054 ζωὴ
2194 984 2403 1051 γίνεται
2430 983 2540 1036 τῶν
2564 984 2889 1055 ἀμεινόνων.
2916 984 3102 1049 Οὕτως
3122 982 3213 1040 οὖν
3239 987 3326 1040 διὰ
3354 986 3448 1038 τοῦ
3478 986 3647 1038 Gavio

2045 1092 2141 1128 του
2184 1074 2390 1145 ζῶμεν,
2420 1075 2546 1128 ὅταν
2574 1074 2683 1128 τῶν
2708 1077 2765 1129 ἐν
2789 1078 2940 1146 ἡμῖν,
2971 1075 3150 1141 καθὼς
3176 1095 3338 1147 φησιν
3359 1080 3386 1131 ὀ
3410 1078 3647 1148 Προξή-

2057 1184 2175 1238 της,
2206 1167 2296 1220 τὸν
2329 1167 2428 1238 μὲν
2451 1168 2768 1239 ἀποκτείνῃ,
2810 1168 2902 1221 τὸν
2924 1168 2979 1220 δὲ
3011 1168 3323 1243 ζωοποιήτῃ
3355 1171 3382 1221 6
3404 1170 3584 1237 Λόγος
3616 1170 3648 1221 6

2045 1262 2242 1315 εἰπών·
2289 1261 2430 1332 Ἐγὼ
2466 1263 2796 1326 ἀποκτενῶ,
2834 1264 2929 1316 καὶ
2970 1262 3329 1328 ζωοποιήσω.
3374 1264 3466 1326 Ὡς
3491 1264 3591 1316 καὶ
3616 1263 3646 1316 6

2046 1349 2259 1412 Παῦλος
2296 1350 2584 1405 ἀποθανὼν
2619 1351 2736 1421 ἔζη,
2773 1352 2867 1405 καὶ
2895 1351 3133 1405 ἀσθενῶν
3155 1353 3387 1421 ἐνίσχυε,
3421 1352 3523 1404 καὶ
3561 1351 3648 1402 δε-

2046 1442 2101 1495 δε
2113 1442 2272 1510 μένος
2290 1443 2510 1513 ἐνήργει
2538 1443 2626 1496 τὸν
2648 1443 2867 1515 δρόμον,
2894 1445 2987 1499 καὶ
3020 1443 3312 1514 πτωχεῦων
3333 1441 3644 1506 ὲπλοότιζε,

2049 1533 2141 1585 καὶ
2170 1533 2343 1587 πάντα
2365 1536 2615 1605 κατεῖχεν
2639 1534 2777 1605 ἔχων
2798 1535 2969 1599 οὐδὲν,
2996 1535 3225 1588 πάντοτε
3248 1536 3345 1608 τὴν
3371 1536 3648 1606 νέκρωσιν

2060 1627 2153 1680 τοῦ
2193 1626 2367 1697 Ἰησοῦ
2399 1629 2457 1680 ὲν
2477 1626 2555 1697 τῷ
2588 1625 2799 1698 σώματι
2826 1627 3157 1699 περιφέρων.

367 1716 566 1772 teritus
616 1715 902 1768 meliorum
952 1714 1060 1767 vita
1104 1722 1209 1768 est.
1267 1715 1455 1784 Itaque
1496 1717 1598 1768 hoc
1657 1715 1819 1768 modo
1852 1729 1948 1783 per
1986 1726 2217 1772 mortem
2251 1718 2509 1783 vivimus,
2540 1734 2663 1774 cum
2694 1735 2756 1774 ea
2783 1735 2906 1790 qua:
2948 1728 3077 1775 sunt
3134 1719 3189 1774 in
3221 1718 3381 1773 nobis
3423 1711 3647 1783 (quem-

369 1806 663 1861 admodum
694 1804 961 1874 Propheta
990 1802 1270 1877 loquitur)
1316 1805 1510 1873 partim
1545 1804 1748 1856 occidit
1804 1802 2080 1872 Verbum,
2118 1796 2318 1875 p'artim
2389 1806 2645 1871 vivificat,
2696 1808 2838 1862 sicut
2886 1806 3003 1877 ipse
3076 1807 3292 1877 inquit:
3373 1806 3486 1878 Ego
3564 1810 3647 1861 in-

375 1899 631 1966 terﬁciant
665 1906 714 1951 et
748 1897 1021 1966 viviﬁcaoo
1050 1896 1116 1949 ⁵³.
1179 1896 1299 1962 Quo
1340 1906 1496 1966 pacto
1530 1896 1731 1951 Paulus
1785 1898 1950 1951 etiam
1992 1908 2243 1955 mortuus
2277 1900 2512 1967 vivebat,
2553 1900 2863 1956 imbecillus
2892 1901 3037 1956 vires
3104 1899 3357 1963 habebat,
3420 1902 3645 1955 vinctus

370 2006 593 2045 cursum
631 1989 962 2059 perficiebat,
997 1996 1318 2058 paupertate
1355 2004 1581 2058 pressus
1611 1989 1765 2043 dives
1793 1998 1931 2056 erat,
1968 1988 2107 2043 nihil
2137 2007 2262 2045 cum
2293 1978 2536 2059 haberet,
2570 1993 2807 2047 habebat
2866 1993 3066 2057 omnia,
3132 2007 3344 2061 semper
3406 1992 3645 2047 mortiﬁ-

369 2084 639 2139 cationem
681 2081 810 2137 Jesu
851 2083 905 2135 in
951 2097 1184 2152 corpore
1236 2097 1337 2135 suo
1367 2082 1851 2153 circumgestabat,
1884 2091 1939 2137 et
1975 2096 2192 2153 semper
2221 2085 2385 2138 vitam
2412 2085 2533 2154 ejus
2561 2086 2614 2139 in
2648 2102 2705 2139 sc
2733 2084 3069 2139 declarabat.

445 2175 738 2230 Enimvero
791 2175 861 2229 ad
908 2174 1002 2239 id,
1052 2176 1197 2246 quod
1229 2178 1573 2246 propositum
1623 2178 1781 2233 nobis
1839 2185 1955 2241 est,

2144 2178 2280 2231 Ἀλλ’
2313 2179 2405 2232 ἐπὶ
2437 2180 2494 2232 τδ
2520 2164 2775 2250 προτεθὲν
2805 2176 3218 2245 ἐπανέλθωμεν·
3256 2175 3333 2228 δτι
3362 2173 3449 2225 διὰ
3479 2171 3646 2226 θανά-

373 2280 718 2322 rewrlamur
745 2286 757 2321 :
796 2268 1053 2321 nimirum
1086 2269 1324 2322 animam
1353 2284 1448 2337 per
1474 2276 1704 2322 mortem
1728 2284 1759 2323 e
1784 2275 1955 2323 morte

2060 2288 2151 2323 του
2198 2272 2230 2341 ἡ
2272 2271 2418 2343 ψυχὴ
2467 2272 2531 2324 ὲκ
2584 2269 2678 2322 τοῦ
2710 2268 2936 2322 θανάτου
2971 2266 3267 2319 ἀνίσταται.
3319 2264 3402 2326 Ὠς
3434 2264 3505 2317 ἂν
3540 2262 3647 2332 γὰρ

375 2375 682 2428 resurgere.
723 2358 858 2412 Nam
899 2359 945 2414 si
986 2375 1097 2414 non
1157 2359 1443 2425 moriatur,
1494 2375 1709 2429 semper
1766 2368 1947 2414 manet

376 2458 615 2512 mortua,
658 2466 834 2519 neque
870 2449 995 2503 vitae
1026 2465 1199 2519 capax
1234 2457 1338 2505 est.
1369 2452 1438 2503 At
1474 2450 1761 2505 moriendo
1793 2450 1958 2504 vitam

377 2541 763 2609 consequitur,
827 2540 977 2593 omni
1058 2542 1396 2596 mortalitate
1459 2541 1729 2610 deposita.
1782 2542 1961 2612 Atque

376 2631 494 2687 han:
526 2632 684 2687 nobis
711 2632 971 2697 doctrina
999 2647 1066 2685 ex
1111 2631 1260 2685 dicto
1315 2632 1402 2686 hic
1438 2633 1724 2703 proposito
1758 2633 1960 2687 conﬁr—

376 2733 584 2790 matur,
612 2740 737 2779 cum
769 2726 849 2780 sic
881 2725 1140 2796 loquatur
1166 2739 1409 2795 sponsa:
1444 2725 1668 2781 Surrexi
1696 2725 1959 2795 equidem,

374 2825 432 2871 ut
463 2819 718 2886 aperirem
774 2827 993 2888 cognato
1040 2834 1174 2874 meo.
1235 2815 1435 2873 Manus
1492 2834 1623 2873 mea:
1681 2818 1956 2873 stillarum

376 2910 669 2979 myrrham,
733 2910 888 2979 digiti
942 2913 1044 2964 mei
1080 2911 1306 2981 myrrhae
1344 2911 1508 2980 pleni.
1544 2908 1612 2964 Et
1676 2896 1960 2981 myrrham

376 3002 574 3056 mortis
606 3016 727 3055 esse
759 3001 1086 3071 symbolum,
1115 3016 1276 3056 nemo
1302 3001 1565 3056 dubitarit
1593 3017 1807 3066 eorum,
1852 3001 1948 3072 qui

377 3094 552 3149 sacris
588 3092 642 3147 in
680 3092 906 3147 Litteris
959 3093 1158 3147 versati
1185 3100 1335 3147 sunt.
1377 3092 1481 3159 Qui
1536 3108 1665 3162 ergo
1696 3109 1847 3149 mors
1887 3109 1957 3149 ex

374 3194 550 3242 morte
574 3201 675 3241 nos
698 3184 950 3249 suscitat,
982 3184 1049 3241 de
1086 3200 1152 3240 eo
1179 3185 1461 3254 requirere
1502 3185 1769 3255 quosdam
1834 3199 1962 3240 ora-

379 3279 587 3334 tionem
616 3277 1034 3333 luculentiorem
1080 3276 1339 3330 arbitror.
1395 3276 1580 3342 Itaque
1610 3292 1711 3332 nos
1773 3276 1829 3330 id
1865 3291 1960 3332 ex-

381 3386 676 3442 ponemus,
714 3376 876 3439 prout
906 3383 936 3421 a
972 3367 1131 3422 nobis
1164 3368 1414 3437 praestari
1470 3368 1686 3434 poterit,
1743 3368 1961 3423 ordine-

2063 2365 2138 2434 μὴ
2174 2362 2423 2436 ἀποθάνῃ
2446 2404 2460 2428 ,
2496 2361 2666 2435 νεκρὰ
2696 2362 2784 2414 διὰ
2816 2359 3014 2422 παντὸς
3043 2359 3210 2430 μένει,
3244 2357 3336 2410 καὶ
3365 2357 3461 2426 τῆς
3497 2355 3644 2419 ζωῆς

2060 2454 2455 2526 ἀπαράδεκτος.
2496 2453 2591 2507 Ἐκ
2617 2452 2671 2505 δὲ
2697 2452 2788 2505 τοῦ
2818 2451 3131 2512 ἀποθανεῖν,
3166 2451 3221 2500 ὲν
3259 2446 3370 2517 ζωῇ
3398 2447 3645 2515 γίνεται,

2061 2550 2241 2601 πᾶσαν
2270 2546 2578 2617 ἀποθεμένη
2613 2544 2932 2615 νεκρότητα.
2963 2542 3071 2595 Καὶ
3105 2540 3263 2594 τοῦτο
3294 2541 3421 2610 ἡμῖν
3453 2541 3521 2591 ὲκ
3550 2541 3639 2593 τοῦ

2060 2637 2421 2710 προκειμένου
2466 2636 2629 2707 ῥητοῦ
2666 2633 2975 2706 βεϐαιοῦται
3020 2632 3080 2683 τὺ
3110 2630 3318 2700 δόγμα,
3358 2628 3540 2691 οὕτως
3572 2631 3656 2678 εἱ·-

2060 2731 2268 2800 πούσης
2295 2729 2395 2800 τῆς
2428 2729 2643 2800 νύμφης
2665 2745 2680 2760 ο
2712 2729 2791 2781 ὅτι
2840 2726 3122 2793 Ἀνέστην
3158 2721 3271 2793 ἐγὼ
3306 2721 3543 2785 ἀνοῖξαι
3567 2717 3645 2785 τῷ

2060 2820 2360 2890 ἀδελφιδῷ
2383 2839 2522 2891 μου.
2561 2823 2630 2876 Αἱ
2665 2818 2859 2889 χεῖρές
2878 2834 2996 2885 μου
3037 2815 3303 2878 ἐσταξαν
3338 2814 3641 2881 σμύρναν,

2060 2917 2113 2967 οἱ
2171 2912 2462 2967 δάκτυλοί
2501 2929 2621 2982 μου
2674 2912 2946 2979 σμύρνης
2986 2899 3254 2975 πλῆρεις.
3295 2904 3540 2958 Θανάτου
3590 2903 3645 2955 δε

2063 3006 2328 3077 σύμὸολον
2362 3001 2501 3058 εῖναι
2533 3003 2631 3074 τὴν
2675 3002 2918 3073 σμύρναν
2951 3002 3052 3053 οὐκ
3097 3000 3161 3053 ἄν
3192 3015 3275 3061 τις
3312 2994 3645 3066 ἀμφιϐάλλοι

2065 3098 2173 3151 τῶν
2203 3099 2322 3160 ταῖς
2352 3094 2525 3158 θείαις
2553 3092 2904 3164 ὡμιληκότων
2931 3090 3193 3161 Γραφαῖς.
3222 3086 3342 3150 Πῶς
3365 3080 3458 3139 οὖν
3488 3086 3521 3138 6
3552 3085 3641 3138 θά-

2060 3206 2218 3253 νατος
2251 3188 2316 3241 ὲκ
2343 3187 2435 3241 τοῦ
2477 3184 2705 3239 θανάτου
2738 3184 2887 3254 ἡμᾶς
2915 3182 3212 3252 ἀνίστησιν,
3250 3178 3529 3247 ἐπιζητεῖν
3568 3171 3644 3229 οἷο

2065 3282 2162 3353 μαί
2190 3297 2341 3342 τινας
2373 3279 2463 3332 τὸν
2495 3278 2623 3346 περὶ
2652 3275 2843 3329 τούτου
2880 3274 3036 3342 λόγον
3066 3269 3447 3343 εὖκρινηθῆναι
3477 3268 3645 3337 σαφέ-

2064 3389 2273 3443 στερον.
2328 3370 2595 3441 Ἐροῦμεν
2625 3366 2803 3421 τοίνυν
2848 3366 2995 3429 ὅπως
3029 3364 3095 3417 ἂν
3137 3359 3245 3416 οἷόν
3288 3378 3347 3413 τε
3377 3356 3446 3435 ᾖ,
3487 3359 3644 3426 τάξιν

374 3480 483 3533 que
513 3463 567 3517 in
607 3462 711 3518 hac
746 3459 1075 3515 tractatione
1109 3459 1543 3530 progrediemur.
1608 3459 1805 3514 Omnia
1842 3477 1955 3531 qua:

2061 3462 2182 3515 τινὰ
2230 3460 2296 3514 δι’
2344 3457 2663 3520 ἀκολουθίας
2707 3454 2985 3517 ἐπιθέντες
3009 3452 3088 3524 τῷ
3127 3451 3288 3523 λόγῳ.
3326 3451 3509 3505 Πάντα
3543 3452 3642 3503 ὅσα

377 3561 521 3615 Deus
547 3553 880 3616 condiderit.
915 3552 1074 3608 valde
1121 3553 1383 3622 praeclara
1427 3567 1550 3607 esse
1572 3551 1649 3613 ⁵⁸,
1672 3551 1963 3609 Commen-

376 3649 551 3701 tarius
577 3646 644 3700 de
681 3652 805 3699 ortu
841 3643 1031 3699 mundi
1073 3651 1330 3698 testatur.
1396 3642 1474 3697 Ex
1512 3643 1725 3713 reliquo
1775 3655 1958 3700 autem

375 3754 559 3794 rerum
616 3737 772 3792 valde
834 3726 1222 3806 praeclararum
1281 3750 1516 3789 numero
1566 3735 1731 3789 etiam
1798 3736 1961 3791 homo

376 3835 514 3894 erat,
544 3827 628 3882 vel
660 3827 842 3896 potius
867 3825 914 3879 is
940 3825 1102 3895 longe
1131 3839 1297 3894 supra
1320 3831 1518 3879 caetera
1547 3824 1963 3894 pulchritudine

376 3927 603 3975 ornatus
631 3926 768 3974 erat.
805 3914 946 3983 Quid
981 3916 1129 3970 enim
1168 3914 1315 3968 aliud
1349 3930 1473 3970 esse
1506 3924 1615 3969 tam
1649 3917 1935 3987 pulchrum

378 4012 574 4084 possit,
608 4026 771 4081 quam
815 4019 899 4063 est
926 4008 1078 4062 nulla
1119 4006 1336 4061 foedata
1369 4007 1491 4062 labe
1539 4009 1962 4076 pulchritudinis

380 4099 723 4158 similitudo?
755 4095 875 4157 iam
931 4097 977 4152 si
1024 4094 1207 4149 omnia
1265 4095 1416 4151 fuere
1468 4099 1731 4166 praeclara
1766 4100 1961 4167 valde,

375 4203 544 4264 atque
577 4192 720 4246 inter
750 4197 951 4244 caetera
982 4186 1189 4252 omnia,
1222 4187 1306 4241 vel
1335 4187 1519 4256 potius
1557 4203 1723 4258 supra
1779 4190 1964 4244 omnia

380 4286 588 4342 homo:
620 4282 767 4337 haud
803 4280 969 4336 dubie
999 4294 1151 4335 mors
1180 4279 1237 4334 in
1274 4279 1498 4335 homine
1535 4295 1644 4335 non
1674 4290 1810 4336 erat.
1853 4280 1965 4337 Nec

377 4380 525 4435 enim
564 4376 888 4449 praeclarum
926 4372 1184 4444 quiddam
1217 4372 1416 4428 fuisset
1449 4374 1632 4437 homo,
1666 4373 1713 4428 si
1747 4374 1962 4429 tristem

376 4469 533 4525 illum
584 4465 781 4522 mortis
857 4464 1237 4520 characterem
1296 4463 1599 4519 habuisset.
1668 4462 1964 4520 Enimvero

377 4576 507 4616 cum
537 4571 754 4615 aeterna:
788 4558 910 4613 vitae
954 4555 1315 4610 simulacrum
1360 4562 1414 4610 et
1443 4554 1746 4609 similitudo
1793 4564 1961 4623 esset,

379 4667 570 4710 revera
600 4651 825 4722 pulcher
854 4656 994 4715 erat,
1027 4663 1091 4702 ac
1122 4647 1281 4702 valde
1327 4647 1550 4718 quidem
1594 4648 1842 4718 pulcher,
1880 4650 1965 4704 hi-

381 4743 482 4799 lari
517 4743 642 4797 vitae
680 4741 998 4796 charactere
1030 4740 1442 4818 cohonestatus.
1476 4740 1620 4807 Quin
1651 4752 1704 4796 et
1738 4743 1962 4812 paradi-

2064 3554 2318 3622 ἐποίησεν
2353 3553 2382 3604 ὁ
2413 3549 2545 3613 Θεὸς
2574 3548 2715 3604 καλά
2744 3547 2864 3600 λίαν
2898 3543 3037 3598 εἶναι
3068 3545 3097 3597 ὁ
3124 3542 3222 3613 τῆς
3260 3540 3641 3612 κοσμογενείας

2063 3643 2219 3712 λόγος
2254 3640 2607 3713 μαρτύρεται.
2668 3638 2767 3692 Ἐκ
2791 3638 2848 3692 δὲ
2893 3636 3002 3690 τῶν
3032 3635 3151 3689 λίαν
3179 3632 3356 3688 καλῶν
3396 3628 3462 3703 ἦν
3484 3635 3591 3687 καὶ
3616 3632 3644 3684 6

2063 3733 2369 3803 ἄνθρωπος·
2408 3729 2605 3802 μᾶλλον
2633 3729 2691 3782 δὲ
2718 3728 2903 3781 πλεῖον
2944 3725 3049 3781 τῶν
3087 3723 3266 3779 καλῶν
3293 3722 3642 3793 κεκοσμημέ-

2062 3844 2152 3890 νος
2176 3824 2254 3896 τῷ
2273 3823 2480 3878 κάλλει.
2509 3823 2574 3876 Τί
2598 3821 2706 3893 γὰρ
2732 3821 2798 3875 ἂν
2821 3820 3006 3890 ἕτερον
3033 3818 3204 3881 οὕτως
3236 3817 3321 3888 εἴη
3351 3815 3535 3881 καλὸν,
3572 3815 3643 3879 ὡς

2063 3918 2124 3971 τὸ
2145 3915 2238 3971 τοῦ
2270 3902 2549 3988 ἀκηράτου
2578 3913 2804 3976 κάλλους
2825 3912 3111 3984 ὁμοίωμα;
3137 3911 3199 3964 Εἰ
3220 3908 3276 3963 δὲ
3298 3908 3472 3962 πάντα
3500 3906 3641 3959 κειλά

2063 4009 2213 4073 λίαν,·
2238 4008 2297 4061 ὲν
2336 4007 2393 4061 δὲ
2428 4008 2539 4070 τοῖς
2569 4007 2723 4069 πᾶσι,
2757 4004 2791 4075 ἦ
2833 4004 2926 4057 καὶ
2953 4002 3060 4074 πρὸ
3089 4001 3340 4055 ἁπάντων
3367 4000 3395 4051 6
3429 3997 3641 4068 dvﬂpw-

2066 4117 2166 4164 πος
2202 4095 2292 4169 ἦν,
2335 4099 2436 4152 οὐκ
2467 4094 2535 4168 ἦν
2564 4096 2780 4159 πάντως
2811 4097 2869 4148 ὲν
2896 4093 2977 4164 τῷ
3006 4092 3276 4163 ἀνθρώπῳ
3320 4094 3350 4145 ὁ
3389 4089 3636 4152 θάνατος.

2064 4191 2140 4244 Οὐ
2185 4190 2294 4262 γὰρ
2339 4190 2404 4244 ἂν
2438 4189 2601 4244 καλόν
2626 4205 2676 4240 τι
2714 4190 2743 4241 6
2778 4185 3062 4258 ἄνθρωπος
3094 4180 3181 4255 ἦν·
3212 4183 3369 4253 εἴπερ
3405 4177 3552 4252 εἶχεν
3585 4182 3641 4237 ἐν

2065 4281 2241 4351 ἑαυτῷ
2261 4281 2360 4352 τῆς
2383 4278 2477 4334 τοῦ
2505 4278 2734 4331 θανάτου
2764 4275 3067 4346 κατηφείας
3087 4273 3178 4327 τὸν
3204 4270 3521 4341 σκυθρωπὸν
3546 4288 3641 4341 χα-

2068 4375 2339 4446 ρακτῆρα.
2376 4371 2538 4425 Ἀλλὰ
2562 4371 2661 4441 τῆς
2693 4368 2867 4422 ἀϊδίου
2894 4365 3037 4438 ζωῆς
3062 4363 3420 4433 ἀπεικόνισμα
3448 4362 3522 4415 ῶν
3547 4366 3633 4417 καὶ

2063 4466 2335 4537 ὁμοίωμα,
2387 4463 2551 4527 καλὸς
2596 4457 2664 4532 ῆν
2705 4460 2780 4523 ὡς
2821 4458 3034 4529 ἀληθῶς
3065 4458 3158 4510 καὶ
3187 4455 3304 4509 λίαν
3340 4453 3535 4519 καλὸς,
3566 4451 3639 4523 τῷ

2067 4555 2278 4626 φαιδρῷ
2321 4555 2420 4625 τῆς
2466 4552 2611 4623 ζωῆς
2650 4550 2956 4622 χαρακτῆρι
2999 4546 3488 4617 καλλωπιζόμενος.
3534 4540 3641 4598 *Ην

2063 4647 2120 4701 δὲ
2152 4646 2246 4700 καὶ
2283 4645 2432 4716 αὐτῷ
2462 4644 2555 4697 καὶ
2588 4644 2617 4696 ό
2648 4642 2787 4704 θεῖος
2821 4639 3168 4711 παράδεισος,
3204 4638 3288 4691 διὰ
3316 4638 3411 4708 τῆς
3440 4636 3639 4707 εὐκαρ-

2066 4741 2195 4804 πίας
2221 4740 2329 4793 τῶν
2353 4737 2586 4810 δένδρων
2608 4735 2786 4808 βρύων
2810 4733 2974 4805 ζωὴν,
3003 4732 3097 4786 καὶ
3124 4733 3156 4802 ἡ
3180 4729 3272 4784 τοῦ
3301 4728 3433 4783 Θεοῦ
3458 4727 3638 4799 ἐντολὴ

378 4852 479 4894 sus
515 4834 606 4890 ille
636 4832 856 4888 divinus
884 4832 933 4887 ei
966 4847 1063 4901 per
1100 4832 1361 4888 arborum
1420 4831 1758 4888 feracitatem
1797 4835 1955 4890 vitam

2066 4832 2214 4904 ζωῆς
2262 4827 2329 4902 ἦν
2372 4830 2565 4901 νόμος,
2608 4828 2668 4881 τὸ
2718 4826 2793 4898 μὴ
2836 4823 3124 4879 ἀποθανεῖν
3177 4820 3638 4893 παραγγέλλουσα.

379 4926 716 5001 proferebat,
755 4933 811 4980 et
846 4923 1159 4978 mandatum
1193 4922 1286 4979 Dei
1338 4924 1465 4978 vitae
1513 4924 1599 4980 lex
1654 4934 1795 4992 erat,
1842 4942 1965 4997 qua:

378 5018 497 5077 non
517 5017 844 5073 moriturum
884 5016 1154 5070 hominem
1188 5016 1570 5085 pollicebatur.
1604 5015 1741 5075 Cum
1778 5027 1959 5075 autem

375 5110 607 5171 essetin
661 5108 843 5164 medio
874 5106 1114 5177 paradisi
1164 5107 1370 5179 lignum
1442 5108 1600 5174 illud,
1636 5109 1783 5179 quod
1837 5110 1962 5166 vitae

378 5202 532 5258 ferax
564 5207 721 5256 erat:
767 5199 1035 5271 quidquid
1064 5198 1283 5256 tandem
1314 5200 1382 5255 de
1408 5215 1474 5254 eo
1502 5201 1856 5257 statuendum
1887 5204 1960 5258 sit

380 5294 551 5364 ligno,
584 5293 744 5364 cujus
790 5293 1004 5348 fructus
1059 5292 1278 5348 exsistit
1326 5291 1456 5346 vita.
1525 5291 1713 5350 Itidem
1748 5294 1957 5365 lignum

268 5372 283 5382 ’
379 5386 677 5451 letiferum,
710 5401 870 5456 cujus
912 5385 1123 5441 fructus
1182 5386 1350 5441 simul
1384 5393 1440 5441 et
1473 5386 1652 5441 bonus
1684 5395 1740 5442 et
1780 5387 1961 5442 malus

380 5477 551 5536 fuisse
594 5479 1000 5550 pronuntiatur,
1035 5477 1218 5535 medio
1274 5478 1332 5533 in
1378 5477 1637 5550 paradiso
1699 5485 1839 5534 erat.
1892 5478 1962 5534 At

380 5569 527 5625 enim
558 5570 676 5626 ﬁeri
712 5571 921 5640 nequit,
958 5576 1019 5625 ut
1043 5569 1101 5625 in
1131 5571 1255 5626 loco
1286 5570 1526 5625 maxime
1578 5570 1761 5626 medio
1800 5569 1963 5641 lignis

381 5664 599 5722 duobus
626 5663 866 5734 spatium
895 5660 1081 5718 fuerit.
1121 5662 1257 5719 Nam
1294 5669 1476 5718 utrum
1504 5662 1725 5719 tandem
1756 5676 1959 5717 conce-

2075 4921 2265 4982 Ὄντος
2293 4918 2349 4973 δὲ
2379 4917 2516 4972 κατά
2546 4916 2606 4970 τὸ
2632 4914 2795 4986 μέσον
2818 4915 2915 4982 τῆς
2943 4911 3035 4966 τοῦ
3062 4911 3387 4984 παραδείσου
3422 4910 3638 4979 φυτείας

2069 5011 2163 5066 τοῦ
2180 5013 2275 5085 τὴν
2311 5011 2454 5082 ζωὴν
2485 5008 2739 5081 βρύοντος
2771 5005 2947 5071 ξύλου,
2990 5004 3086 5058 ὅτι
3112 5002 3238 5056 ποτὲ
3269 5001 3372 5073 χρὴ
3406 4996 3467 5053 τὸ
3492 5001 3637 5068 ξύλον

2068 5108 2208 5161 νοεῖν
2234 5108 2427 5169 έκεῖνο,
2459 5098 2519 5157 οὗ
2547 5102 2575 5153 ὁ
2604 5099 2815 5173 καρπὸς
2851 5098 2987 5168 ζζωή⁸
3018 5097 3111 5150 καὶ
3140 5094 3233 5148 τοῦ
3268 5093 3635 5164 θανατηφόρου

2065 5199 2121 5254 δὲ
2157 5198 2332 5263 ξύλου,
2364 5191 2425 5251 οὗ
2458 5194 2622 5249 καλὸν
2654 5193 2769 5265 ἅμα
2817 5190 2908 5247 καὶ
2948 5189 3116 5243 κακὸν
3148 5183 3285 5240 εἶναι
3315 5186 3405 5240 τὸν
3434 5184 3635 5255 καρπὸν

2066 5272 2455 5361 ἀποφαίνεται,
2504 5288 2599 5342 καὶ
2649 5284 2813 5340 αὐτοῦ
2862 5284 3001 5339 κατά
3038 5282 3099 5335 τὺ
3150 5281 3309 5353 μέσον
3351 5278 3498 5342 ὄντος
3546 5276 3634 5330 τοῦ

2066 5383 2414 5455 παραδείσου·
2444 5380 2708 5435 ἀδυνάτου
2737 5378 2795 5431 δὲ
2818 5378 2968 5440 ὄντος
2999 5376 3056 5430 ὲν
3096 5373 3174 5445 τῷ
3201 5370 3504 5444 μεσαιτάτῳ
3528 5369 3635 5429 τοῖς

2065 5475 2243 5544 ξύλοις
2288 5474 2471 5546 χώραν
2504 5471 2776 5541 γενέσθαι’
2824 5468 3081 5537 ὁπότερον
3117 5465 3225 5535 γάρ
3267 5462 3332 5517 ἀν
3359 5460 3532 5532 δῶμεν
3582 5456 3635 5520 ἐξ

2064 5567 2388 5640 ἀμφοτέρων
2420 5566 2637 5637 ἐπέχειν
2668 5562 2730 5616 τὸ
2776 5560 2958 5633 μέσον,
3001 5557 3142 5613 κατά
3188 5557 3365 5626 πᾶσαν
3397 5552 3634 5621 ἀνάγκην

2062 5662 2123 5716 τὸ
2153 5661 2340 5731 ἕτερον
2369 5660 2468 5730 τῆς
2500 5657 2594 5714 τοῦ
2640 5657 2807 5729 μέσου
2839 5654 3025 5725 χώρας
3054 5651 3269 5714 πάντως
3312 5647 3626 5719 ὲξείργεται.

456 5840 499 5870 ⁸³
538 5839 730 5893 Matth.
759 5852 907 5902 xxrv,
934 5840 1022 5894 49.
1079 5840 1122 5871 ⁵⁸
1156 5839 1299 5895 Psal.
1332 5856 1379 5907 ε,
1412 5841 1462 5895 8.
1528 5842 1571 5875 ⁵³
1607 5842 1761 5897 Deut.
1793 5856 1965 5906 xxx“,
1990 5840 2077 5894 39.
2136 5841 2177 5871 ³ίί
2212 5838 2347 5893 Gen.
2385 5855 2420 5900 ι,
2449 5838 2539 5891 5i.
