3866 6356
102 385 253 449 tua:

1155 396 1219 450 ΙΝ
1259 396 1561 452 ΟΑΝΤΙΟᾹ
1605 397 1878 455 (ANTE.
1919 402 2197 458 liOMlLlA
2240 404 2352 459 XII.
2430 396 2433 419 ¹

3271 396 3293 450 1
3305 400 3410 455 022

106 516 267 588 Πρὸς
303 516 415 588 γὰρ
450 514 512 569 τὸ
544 503 827 587 περιέχον,
864 518 897 588 ἡ
944 517 1183 590 ἀκριϐὴς
1216 518 1311 571 τοῦ
1360 520 1524 587 μέσον
1564 521 1713 584 θέσις
1748 537 1761 582 ε

1857 540 2014 579 amus
2065 525 2304 579 medium
2340 522 2671 585 obtinuisse,
2705 520 2942 576 alterum
3015 514 3329 576 necessario
3352 520 3418 574 de

106 606 612 676 καταλαμὸάνεται
637 647 651 671 ,
686 606 814 661 ὅταν
864 608 1015 672 ἱστὰς
1050 610 1425 678 ἁπανταχόθεν
1460 612 1572 673 τοῖς
1602 611 1721 663 διαο

110 699 221 769 στή
233 715 410 768 μασιν
436 698 615 769 ἀπέχῃ
646 698 738 751 τοῦ
780 697 1036 769 πέρατος.
1085 701 1333 753 Ἐπειδὰν
1363 701 1541 753 τοίνυν
1571 700 1629 753 ἓν
1655 702 1721 755 δι’

108 788 423 862 ἀκριϐείας
507 790 601 842 τοῦ
639 790 836 855 κύκλου
861 791 922 844 τὸ
949 791 1134 862 μέσον,
1163 792 1263 844 οὐκ
1283 789 1348 844 ἂν
1373 792 1584 859 γένοιτο
1619 810 1724 861 μη-

111 880 263 950 χανὴ
302 879 399 933 τοῦ
442 880 606 933 αὐτοῦ
655 881 908 950 μένοντος
938 881 1138 935 κύκλου
1160 922 1174 944 ,
1207 882 1301 935 δύο
1346 882 1548 951 κέντρα
1583 882 1727 935 κατὰ

110 970 176 1021 τὸ
212 969 391 1040 μέσον
416 968 598 1041 χώραν
627 971 829 1041 εὑρεῖν.
859 973 919 1024 Ei
949 972 1054 1044 γὰρ
1084 973 1269 1042 ἕτερον
1303 972 1573 1043 παραθείη
1601 973 1726 1025 κέν-

113 1079 254 1130 τρον
292 1061 375 1132 τῷ
401 1061 723 1132 προλαϐόντι
757 1063 891 1132 πρὸς
919 1064 1112 1123 τοῦτο,
1146 1064 1263 1116 κατ’
1296 1063 1542 1132 ἀνάγκην
1588 1081 1727 1134 συμ-

117 1151 533 1222 μετατεθέντος
568 1154 662 1205 τοῦ
698 1153 899 1206 κύκλου
949 1152 1052 1216 ἔξω
1098 1153 1194 1207 τοῦ
1234 1154 1402 1224 μέσου
1434 1153 1495 1206 τὸ
1533 1154 1724 1223 πρότει

117 1262 219 1315 ρον
278 1244 493 1312 γίνεται
545 1246 646 1314 τῆς
692 1245 783 1297 τοῦ
835 1246 1033 1299 κύκλου
1069 1247 1328 1316 περιοχῆς
1376 1246 1453 1316 τῷ
1494 1246 1730 1316 δευτέρῳ

118 1336 351 1407 κέντρῳ
372 1338 827 1408 περιγραφείσης.
873 1338 1032 1390 Ἀλλὰ
1066 1340 1171 1407 μὴν
1200 1340 1256 1390 ὲν
1284 1337 1360 1407 τῷ
1387 1338 1536 1408 μέσῳ
1567 1339 1730 1408 φησὶν

119 1424 269 1482 εἶναι
306 1428 405 1481 τοῦ
450 1429 780 1499 παραδείσου
828 1431 921 1482 καὶ
960 1430 1119 1482 τοῦτο
1197 1430 1292 1482 καὶ
1340 1428 1517 1482 τοῦτο·
1556 1429 1731 1484 καίτοι

120 1519 398 1583 ἐναντίως
430 1520 563 1591 πρὸς
606 1521 808 1589 ἄλληλα
840 1521 979 1574 κατὰ
1018 1521 1114 1591 τὴν
1154 1520 1384 1591 δύναμιν
1420 1521 1643 1590 ἔχοντα,
1670 1522 1733 1574 τό

121 1628 185 1666 τε
221 1610 495 1676 ξωοποιὸν
521 1613 663 1681 λέγω
688 1612 862 1677 ξύλον,
890 1613 985 1666 καὶ
1008 1608 1069 1667 οὗ
1095 1615 1124 1666 ὁ
1150 1613 1377 1675 θάνατος
1403 1608 1470 1683 ἦν
1498 1613 1731 1681 καρπὸς,

124 1708 273 1775 ὅπερ
304 1707 583 1776 ἁμαρτίαν
618 1705 900 1775 ὠνόμασεν
927 1707 955 1759 ό
988 1706 1219 1773 Παῦλος,
1248 1705 1437 1760 εἰπών·
1464 1706 1546 1759 ὅτι
1577 1704 1733 1775 Καρ-

126 1799 247 1865 πός
289 1800 586 1868 ἁμαρτίας
609 1802 642 1853 o'
676 1797 951 1864 θάνατος.

203 2076 428 2144 Ῑὸἶοῆσαι
474 2072 583 2145 ἄρα
622 2078 889 2146 προσήκει
917 2074 1002 2128 διὰ
1047 2075 1143 2144 τῆς
1175 2075 1284 2128 τῶν
1310 2075 1611 2145 εἰρημένων
1647 2092 1737 2143 φι-

130 2166 403 2236 λοσοφίας
438 2166 593 2219 τοῦτο
622 2167 685 2218 τὸ
707 2166 881 2236 δόγμα
903 2208 917 2231 ,
957 2167 1039 2219 ὃτι
1073 2166 1172 2236 τῆς
1207 2168 1305 2236 μὲν
1338 2165 1428 2219 τοῦ
1459 2166 1594 2218 Θεοῦ
1639 2184 1738 2234 φυ-

134 2261 288 2323 τείας
313 2260 379 2312 τὸ
419 2259 738 2329 μεσαίτατὼ
767 2261 915 2310 ἐστιν
949 2261 980 2329 ή
1017 2258 1155 2328 ζωήο
1179 2262 1208 2313 ό
1248 2258 1304 2311 δὲ
1331 2258 1558 2321 θάνατός
1589 2261 1740 2310 ἐστιν

134 2353 453 2419 ἁφύτευτος
482 2351 573 2402 καὶ
600 2348 857 2421 ἄρῤιζος,
899 2350 1033 2402 ἰδίαν
1060 2348 1297 2419 οὐδαμοῦ
1345 2349 1527 2419 χώραν
1568 2347 1737 2418 ἔχων

138 2447 202 2513 τῇ
237 2444 297 2495 δὲ
328 2443 586 2513 στερήσει
631 2442 730 2510 τῆς
767 2441 913 2510 ζωῆς
951 2441 1338 2511 ὲμςρυτεύεται,
1370 2441 1497 2494 ὅταν
1522 2440 1739 2511 ἁργήσῃ

139 2537 250 2597 τοῖς
285 2534 460 2599 ζῶσιν
492 2535 525 2603 ἡ
571 2533 831 2603 μετουσία
863 2532 958 2584 τοῦ
1007 2533 1336 2601 κρείττονος.
1389 2532 1607 2601 Ἐπειδὴ
1651 2528 1744 2584 οὖν

140 2626 200 2677 ἐν
234 2625 313 2695 τῷ
364 2624 520 2693 μέσῳ
558 2623 667 2676 τῶν
710 2624 869 2677 θείων
918 2622 1102 2691 φυτῶν
1136 2624 1282 2675 ἐστιν
1326 2623 1360 2693 ἡ
1408 2620 1556 2693 ζωὴ,
1590 2622 1744 2692 τῇδὲ

142 2713 468 2766 ἀποπτώσει
498 2712 672 2783 ταύτῃ
701 2712 1055 2782 ὲνυφίσταται
1091 2714 1124 2782 ἡ
1161 2712 1254 2765 τοῦ
1295 2711 1524 2765 θανάτου
1560 2711 1742 2780 φύσις·

143 2808 234 2860 διὰ
259 2808 431 2860 τοῦτο
452 2808 545 2860 καὶ
565 2806 627 2859 τὸ
649 2806 1022 2877 θανατηφόρον
1046 2805 1220 2872 ξύλον,
1248 2807 1277 2857 ὁ
1299 2805 1360 2857 τὸ
1386 2806 1562 2875 δόγμα
1588 2804 1749 2858 τοῦτο

145 2899 209 2950 δι’
249 2898 600 2969 αἰνιγμάτων
635 2898 1003 2968 φιλοσοφήσας
1046 2900 1103 2950 ὲν
1150 2896 1227 2967 τῷ
1270 2898 1419 2967 μέσῳ
1467 2892 1605 2951 εἷναι
1651 2896 1746 2949 τοῦ

148 2991 489 3061 παραδείσου
522 2990 692 3058 λέγει,
750 2983 812 3043 οὗ
854 2990 947 3042 τὸν
994 2989 1203 3060 καρπὸν
1250 2984 1399 3041 εἶπεν
1443 2988 1749 3058 σύμμικτον

148 3082 291 3152 ἔχειν
314 3085 387 3135 ἐκ
418 3081 525 3135 τῶν
547 3081 806 3134 ἐναντίων
827 3081 926 3152 τὴν
959 3080 1206 3150 δύναμιν.
1242 3080 1315 3132 Τὸ
1355 3080 1463 3151 γὰρ
1494 3080 1626 3133 αὐτὸ
1654 3097 1753 3133 και-

151 3175 238 3226 λόν
280 3192 339 3227 τε
401 3170 541 3227 εἶναι
588 3176 678 3227 καὶ
726 3173 894 3227 κακὸν
933 3173 1224 3243 διωρίσατο
1248 3213 1262 3236 ,
1300 3172 1397 3241 τῆς
1438 3173 1749 3243 ἁμαρτίας,

149 3260 324 3335 οἶμαι,
349 3264 448 3317 διὰ
477 3262 668 3316 τούτου
698 3264 797 3334 τὴν
827 3263 987 3331 φύσιν
1018 3263 1483 3333 ύπαινιττόμενος.
1532 3262 1754 3333 Ἐπειδὴ
1780 3231 1823 3288 C

153 3359 369 3411 πάντων
415 3356 524 3409 τῶν
556 3355 646 3408 διὰ
673 3355 874 3418 κακίας
907 3354 1312 3425 ἐνεργουμένων
1351 3354 1512 3425 ἡδονή
1542 3371 1626 3417 τις
1659 3371 1756 3408 κα-

155 3451 409 3523 θηγεῖται
464 3449 718 3516 πάντως,
762 3451 857 3501 καὶ
902 3448 1003 3501 οὐκ
1053 3447 1198 3500 ἔστιν
1250 3448 1430 3517 εὑρεῖν
1482 3446 1758 3517 ἁμαρτίαν

160 3545 352 3615 ἡδονῆς
399 3542 811 3611 διεζευγμένην,
843 3541 944 3594 ὅσα
985 3557 1043 3593 τε
1070 3539 1158 3592 διὰ
1200 3538 1396 3608 θυμοῦ,
1433 3540 1527 3591 καὶ
1557 3540 1655 3591 ὅσα
1691 3538 1756 3590 δι’

161 3637 462 3708 ἐπιθυμίας
507 3636 716 3704 γίνεται
759 3633 941 3702 πάθη·
974 3631 1166 3685 τούτου
1210 3630 1368 3701 χάριν
1413 3630 1509 3683 καὶ
1540 3629 1702 3691 καλὸς
1730 3630 1760 3681 ὁ

163 3731 373 3801 καρπὸς
404 3727 732 3799 ὀνομάζεται
761 3727 901 3779 κατὰ
929 3725 1027 3793 τὴν
1050 3722 1446 3793 ήμαρτημένην
1468 3720 1564 3775 τοῦ
1593 3720 1759 3774 καλοῦ

164 3824 362 3891 κρίσιν,
390 3823 506 3884 τοῖς
546 3820 606 3873 τὸ
637 3818 799 3895 καλὸν
845 3820 902 3871 ἐν
942 3818 1101 3888 ἡδονῇ
1141 3813 1450 3884 τιθεμένοις
1475 3854 1490 3877 ,
1519 3812 1762 3875 τοιοῦτος

164 3906 354 3966 δοκῶνο
386 3911 623 3981 πονηρός
658 3910 716 3962 δὲ
754 3909 892 3980 μετὰ
915 3907 1090 3961 ταῦτα
1120 3908 1185 3977 τῇ
1214 3907 1386 3976 πικρᾷ
1413 3907 1475 3976 τῇ
1505 3902 1762 3976 βρώσεως

166 4004 420 4058 ἀναδόσει
452 4003 790 4073 εὑρίσκεται,
840 4001 981 4052 κατὰ
1024 3997 1123 4068 τὴν
1176 3994 1512 4068 προοιμιώδη
1556 3996 1760 4065 φωνὴν,

166 4097 200 4166 ἦ
232 4114 382 4168 φησι,
420 4095 544 4166 μέλι
574 4094 682 4147 τῶν
731 4092 954 4165 χειλέων
993 4090 1094 4159 τῆς
1119 4089 1318 4152 κακίας
1348 4087 1698 4153 ἀποστάζειν,
1728 4089 1762 4159 ἥ

169 4188 305 4257 πρὸς
334 4186 528 4258 καιρὸν
562 4183 659 4255 μὲν
695 4183 932 4237 λιπαίνει
966 4184 1058 4236 τὸν
1090 4183 1349 4253 φάρυγγα
1370 4220 1386 4246 ,
1423 4180 1561 4252 μετά
1590 4180 1765 4234 ταῦτα

167 4278 226 4331 δὲ
254 4280 582 4350 πικρότερον
628 4276 789 4347 χολῆς
831 4279 942 4339 τοῖς
974 4275 1161 4340 κακῶς
1202 4273 1585 4344 γλυκανθεῖσιν
1615 4271 1764 4343 εὑρί-

172 4385 380 4425 σκεται.
423 4369 646 4441 Ἐπειδὴ
668 4368 845 4422 τοίνυν
870 4367 1113 4432 ἀποστὰς
1130 4367 1227 4438 τῆς
1245 4365 1352 4420 τῶν
1374 4363 1593 4433 ἀγαθῶν
1628 4379 1769 4431 παγ-

174 4463 413 4533 καρπίας
458 4465 487 4516 ό
534 4462 852 4534 ἄνθρωπος,
900 4460 994 4513 τοῦ
1035 4458 1362 4532 φθοροποιοῦ
1414 4456 1631 4529 καρποῦ
1679 4456 1769 4509 διὰ

1830 616 2022 671 eodem
2053 617 2174 670 loco
2203 616 2536 671 excluditur.
2569 614 2780 667 Etenim
2814 613 2882 667 de
2901 627 2985 673 ea,
3019 625 3142 680 qua:
3170 624 3285 663 rem
3355 606 3422 657 li~

1832 721 1995 775 quam
2043 705 2315 769 ambiunt,
2360 711 2655 758 accuratus
2709 701 2872 755 medii
2908 701 3049 755 situs
3086 698 3176 752 ille
3212 695 3419 750 intelli-

1832 800 1999 868 gitur.
2027 812 2150 850 cum
2183 797 2485 864 aequalibus
2515 796 2583 848 ab
2611 794 2758 846 omni
2785 801 2938 862 parte
2976 788 3282 843 intervallis
3346 784 3418 838 ab

1835 898 2081 945 extremo
2108 889 2280 941 abest.
2311 887 2492 952 Quare
2523 887 2569 941 si
2610 902 2776 938 unum
2815 885 2867 936 in
2922 883 3131 936 circulo
3178 877 3416 931 medium

1835 992 2095 1035 accurate
2154 988 2449 1041 statuatur,
2515 977 2627 1030 lieri
2666 978 2814 1029 nulla
2876 980 3090 1027 ratione
3123 978 3321 1041 potest.
3361 974 3418 1019 ut

1835 1074 2025 1129 eodem
2061 1082 2318 1128 manente
2354 1072 2586 1134 circulo,
2619 1079 2806 1123 centra
2846 1068 2955 1121 duo
2996 1069 3173 1118 locum
3214 1064 3269 1115 in
3308 1076 3418 1113 me-

1836 1165 1926 1219 dio
1958 1167 2255 1235 reperiant.
2301 1162 2438 1217 Nam
2474 1164 2519 1217 si
2588 1169 2784 1229 przeter
2827 1160 2878 1213 id
2937 1164 3209 1218 centrum,
3274 1150 3421 1221 quod

1839 1254 2008 1308 semel
2047 1261 2313 1308 statutum
2344 1261 2451 1315 est,
2501 1250 2650 1304 aliud
2706 1254 3001 1307 statuatur,
3060 1257 3288 1298 necesse
3336 1245 3423 1294 est

1838 1360 1964 1398 cum
2010 1360 2076 1400 eo
2112 1344 2384 1399 circulum
2435 1343 2601 1398 etiam
2663 1341 2829 1393 alium
2885 1339 3076 1399 statui,
3129 1342 3295 1403 atque
3346 1331 3423 1384 ita
3496 1368 3509 1373 μ

1838 1437 1992 1506 prius
2040 1436 2176 1492 illud
2234 1445 2484 1491 centrum
2536 1450 2567 1489 e
2611 1432 2789 1486 medio
2823 1429 3151 1489 excluditur,
3216 1423 3424 1477 ambitu

1840 1528 2031 1582 circuli
2067 1536 2318 1581 centrum
2356 1525 2490 1579 illud
2523 1525 2756 1578 alterum
2790 1518 3303 1575 circumscribente.
3351 1514 3423 1565 At

1839 1619 1984 1675 enim
2018 1618 2195 1683 medio
2226 1618 2280 1671 in
2312 1615 2571 1687 paradiso
2599 1622 2709 1668 tam
2742 1613 2845 1666 hoc
2875 1626 3038 1680 quam
3085 1608 3219 1661 illud
3252 1605 3427 1660 fuisse

1841 1710 2065 1773 dicitur,
2097 1722 2413 1777 quanquam
2443 1716 2589 1762 esset
2615 1708 2671 1760 in
2704 1713 2943 1772 utroque
2974 1701 3054 1754 vis
3106 1699 3265 1767 plane
3297 1711 3431 1750 con-

1845 1803 2036 1864 traria,
2076 1801 2131 1854 in
2162 1800 2328 1870 ligno,
2378 1800 2625 1867 inquam,
2662 1797 2898 1854 vivilico.
2937 1805 2992 1847 et
3044 1792 3218 1844 altero
3268 1787 3429 1855 cujus

1763 1889 1804 1943 Β
1835 1891 2051 1945 fructus
2080 1907 2230 1947 mors
2260 1899 2400 1953 erat,
2438 1889 2583 1959 quod
2620 1895 2905 1957 peccatum
2951 1882 3244 1951 appellavit
3287 1880 3431 1931 Pau-

1838 1982 1946 2046 lus,
1979 1998 2104 2035 cum
2137 1984 2214 2035 ait
2244 2000 2258 2035 :
2302 1978 2532 2033 Fructus
2568 1979 2769 2046 peccati
2797 1993 2936 2029 mors
2960 1975 3029 2048 δέ.

1910 2072 2025 2127 iloc
2077 2074 2246 2142 igitur
2302 2068 2845 2125 animadvertendmu
2902 2073 2993 2120 est
3046 2079 3110 2118 ex
3166 2061 3268 2114 hac
3317 2066 3433 2113 tota

1839 2166 2331 2232 commentatione,
2362 2164 2528 2216 vitam
2583 2161 2636 2215 in
2672 2157 3015 2229 plantatione
3047 2154 3142 2208 Dei
3195 2152 3315 2206 loco
3361 2149 3436 2205 si-

1842 2268 1950 2313 tam
1987 2258 2094 2312 fuis
2126 2273 2157 2311 e
2197 2257 2433 2309 maxime
2498 2253 2718 2308 medio:
2760 2259 2992 2303 mortem
3030 2259 3160 2300 vero
3208 2243 3438 2297 minime

1842 2353 2143 2421 plautatam
2177 2348 2368 2412 fuisse,
2404 2362 2583 2415 neque
2624 2343 2842 2397 radices
2887 2342 3091 2410 egisse,
3124 2350 3307 2404 neque
3359 2333 3439 2387 lo-

1844 2458 1969 2496 cum
2010 2455 2242 2511 usquam
2276 2438 2608 2508 peculiarem
2652 2432 2935 2491 habuisse,
2970 2430 3064 2484 sed
3113 2442 3211 2496 per
3256 2423 3441 2493 priva-

1847 2539 2052 2589 tionem
2112 2533 2238 2586 vitae
2291 2528 2533 2592 conseri,
2591 2542 2717 2579 cum
2754 2526 2865 2578 vita
2895 2520 3110 2592 praediti
3144 2517 3441 2588 participes

1846 2641 1970 2681 esse
2000 2624 2128 2678 boni
2155 2621 2437 2677 desinunt.
2462 2618 2832 2685 Quamobrem
2857 2629 2982 2669 cum
3015 2611 3196 2665 medio
3225 2607 3441 2663 divinas

1848 2717 1993 2771 inter
2026 2715 2244 2784 plantas
2279 2713 2400 2766 loco
2434 2711 2547 2763 vita
2585 2709 2679 2771 sit,
2721 2707 2789 2760 de
2822 2704 2981 2772 cujus
3027 2701 3188 2755 ruina
3245 2696 3443 2751 mortis

1850 2815 2049 2861 natura
2074 2782 2330 2860 exsistit:
2371 2801 2581 2856 idcirco
2618 2799 2664 2853 is
2695 2796 2788 2867 qui
2824 2794 3131 2849 doctrinam
3174 2791 3316 2844 lianc
3348 2802 3445 2855 per

1849 2899 2097 2969 quaedam
2152 2896 2299 2951 velut
2356 2894 2645 2962 aenigmata
2704 2887 2956 2950 tradidit,
3013 2886 3177 2938 etiam
3237 2881 3444 2950 lignum

1852 2990 1985 3043 illud
2027 2986 2299 3041 letiferum
2348 3000 2471 3040 esse
2507 2986 2562 3038 in
2598 2983 2782 3037 medio
2848 2976 3088 3048 paradisi
3126 2974 3223 3036 ait,
3284 2972 3448 3040 cujus

1854 3083 2094 3137 fructum
2122 3078 2323 3133 habere
2354 3077 2462 3131 vim
2489 3075 2784 3146 quamdam
2806 3088 2872 3127 ex
2897 3067 3196 3126 contrariis
3228 3069 3444 3120 mistam

1855 3178 2270 3227 commemorat.
2297 3167 2431 3221 Nam
2470 3168 2612 3222 idem
2651 3174 2707 3219 et
2736 3167 2934 3219 bonum
2988 3170 3043 3216 ct
3080 3161 3281 3214 malum
3326 3173 3450 3212 esse

1858 3262 2080 3324 deﬁnit,
2138 3257 2350 3327 peccati
2402 3257 2511 3328 (ut
2579 3252 2833 3324 equidem
2900 3248 3136 3319 opinor)
3194 3252 3449 3300 naturam

1859 3357 2093 3410 obscure
2124 3350 2284 3404 nobis
2323 3348 2664 3405 describens.
2690 3343 2824 3398 Nam
2857 3341 2987 3412 quia
3012 3339 3266 3407 voluptas
3296 3352 3449 3404 qua:-

1858 3448 1983 3501 dam
2018 3449 2075 3501 in
2106 3444 2387 3507 omnibus,
2434 3455 2556 3510 quae
2613 3435 2865 3505 improbe
2894 3438 3181 3502 geruntur,
3219 3427 3447 3480 omnino

1860 3539 2144 3611 praecedit,
2180 3550 2359 3604 neque
2392 3531 2623 3601 reperiri
2673 3534 2961 3597 peccatum
3001 3522 3172 3575 ullum
3211 3525 3389 3587 potest
3421 3530 3451 3568 a

1858 3609 2145 3701 voluptate
2199 3628 2537 3696 sejunctum,
2604 3622 2719 3676 sive
2748 3617 2878 3688 quid
2932 3630 3028 3685 per
3088 3609 3452 3669 iracundiam,

1863 3730 1977 3781 sive
2007 3738 2102 3793 per
2136 3718 2418 3774 libidinem
2449 3714 2805 3783 designetur:
2838 3723 2903 3763 ea
2930 3707 2999 3760 de
3032 3717 3199 3758 causa
3236 3701 3451 3753 fructus

1864 3818 1953 3870 hic
1985 3818 2152 3869 etiam
2184 3808 2410 3880 pulcher
2450 3804 2782 3876 appellatur,
2815 3798 3016 3869 quippe
3038 3793 3131 3865 qui
3157 3793 3455 3861 depravata

1860 3906 2071 3978 judicio
2111 3903 2235 3958 talis
2273 3913 2399 3955 esse
2448 3897 2704 3953 videatur
2755 3893 2847 3954 iis,
2882 3888 2975 3959 qui
3009 3887 3213 3941 bonum
3255 3882 3311 3935 in
3357 3895 3456 3934 vo-

1863 3969 2073 4062 iuptate
2107 3997 2339 4062 ponunt,
2386 3986 2480 4043 sed
2543 3982 2742 4040 deinde
2791 3980 2972 4034 malus
3002 3992 3069 4031 ex
3125 3987 3311 4029 amara
3345 3969 3455 4024 cibi

1866 4085 2173 4156 digestione
2205 4080 2502 4152 reperitur,
2547 4072 2852 4131 secundum
2895 4067 3029 4123 illud
3070 4064 3193 4120 libri
3224 4062 3457 4117 Prover-

1865 4181 2081 4236 biorum
2117 4176 2366 4237 verbum,
2403 4187 2516 4243 quo
2547 4169 2751 4225 dicitur
2778 4165 2886 4221 mel
2924 4163 2994 4218 de
3024 4160 3188 4216 labiis
3234 4156 3459 4212 malitiae

1867 4272 2139 4329 distillare
2161 4270 2231 4333 ",
2297 4280 2423 4336 quae
2485 4262 2709 4334 quidem
2774 4258 2842 4313 ad
2900 4265 3120 4324 tempus
3182 4252 3460 4305 bumectet

1868 4372 2077 4436 guttur,
2114 4359 2213 4416 sed
2247 4357 2513 4426 deinceps
2548 4352 2676 4407 felle
2725 4347 2966 4403 amarior
3010 4342 3320 4400 inveniatur
3367 4338 3458 4401 iis,

1870 4431 1964 4526 qui
2015 4453 2158 4507 male
2225 4447 2575 4504 dulcedinem
2639 4441 2788 4496 illam
2850 4435 3216 4508 perceperint.
3276 4431 3461 4498 Itaque

174 4521 272 4625 τῆς
304 4521 594 4627 παρακοῆς
623 4521 927 4624 ἐνεπλήσθη
951 4571 963 4585 ·
994 4521 1165 4623 6νόμᾷ
1192 4551 1251 4604 δὲ
1285 4549 1378 4603 τοῦ
1409 4521 1622 4622 καρποῦ
1647 4547 1761 4600 τού-

1874 4521 2165 4614 postquam
2208 4540 2371 4593 homo
2409 4551 2439 4589 a
2489 4530 2655 4589 fertili
2715 4527 2895 4582 omnis
2947 4523 3161 4594 generis
3190 4521 3461 4575 bonorum

176 4659 266 4699 του
315 4649 349 4717 ἡ
403 4646 758 4708 θανατοποιὸς
817 4641 1092 4714 ἁμαρτίαο
1143 4640 1304 4704 εὐθὺς
1358 4638 1637 4711 ἐνεκρώθη
1692 4638 1771 4707 τῷ

178 4740 446 4808 κρείττονι
492 4739 624 4810 βίῳ,
671 4737 769 4807 τὴν
813 4737 1004 4804 ἄλογον
1052 4735 1146 4788 καὶ
1193 4732 1439 4804 κτηνώδη
1478 4731 1623 4804 ζωὴν
1671 4732 1770 4802 τῆς

182 4828 460 4904 θειοτέρας
491 4831 982 4901 ἀνταλλαξάμενος.
1022 4828 1133 4882 Καὶ
1172 4824 1603 4896 καταμιχθέντος
1626 4823 1774 4888 ἅπαξ

181 4915 274 4969 τοῦ
320 4917 554 4973 θανάτου
586 4921 653 4989 τῇ
706 4918 903 4986 φύσει,
936 4913 1279 4986 συώιεξῆλθε
1302 4917 1421 4975 ταῖς
1451 4913 1558 4969 τῶν
1592 4930 1774 4967 τικτο-

188 5008 363 5077 μένων
400 5011 670 5081 διαδοχαῖς
705 5012 738 5081 ή
770 5010 1050 5080 νεκρότης.
1082 5009 1245 5063 Ὅθεν
1276 5006 1469 5078 νεκρὸς
1494 5009 1641 5078 ἡμᾶς
1668 5006 1773 5059 διε-

184 5097 373 5164 δέξατο
407 5102 549 5173 βίος,
585 5101 754 5179 αὐτῆς
778 5100 980 5172 τρόπον
1004 5098 1127 5152 τινὰ
1151 5098 1250 5167 τῆς
1275 5096 1420 5167 ζωῆς
1455 5098 1487 5167 ἡ
1497 5095 1613 5166 μῶν
1639 5097 1776 5149 ἁποο

186 5188 472 5265 θανούσης.
518 5193 710 5265 Νεκρὰ
759 5192 868 5263 γὰρ
901 5190 1161 5262 ἀντικρύς
1196 5193 1345 5243 ἐστιν
1375 5189 1531 5260 ἡμῶν
1570 5191 1603 5259 ἡ
1637 5188 1772 5259 ζωὴ,

189 5281 286 5350 τῆς
322 5284 622 5348 ἀθανασίας
655 5282 1018 5354 ἐστερημένη.
1055 5281 1155 5335 Διὰ
1184 5280 1343 5334 τοῦτο
1369 5282 1490 5343 ταῖς
1525 5279 1619 5332 δύο
1646 5279 1778 5333 ταύ-

190 5387 311 5438 ταις
341 5376 505 5441 ζωαῖς
536 5376 806 5448 μεσιτεύει
835 5378 864 5430 ὁ
890 5377 947 5429 ὲν
984 5375 1134 5445 μέσῳ
1162 5373 1271 5427 τῶν
1297 5372 1390 5425 δύο
1428 5371 1584 5435 ζωῶν
1612 5389 1775 5441 γινω-

195 5465 473 5536 σκόμενοςο
504 5470 593 5522 ἶνα
621 5472 687 5540 τῇ
719 5466 998 5537 ἀναιρέσει
1027 5467 1128 5536 τῆς
1156 5466 1418 5537 χείρονος,
1444 5462 1519 5533 δῷ
1543 5465 1610 5534 τῇ
1644 5464 1777 5533 ἀκηι-

196 5552 339 5625 paup
379 5561 447 5613 τὰ
472 5562 665 5630 νικητή
677 5577 785 5630 ρια.
832 5559 1045 5629 Ὥσπερ
1069 5557 1251 5610 τοίνυν
1284 5555 1365 5626 τῷ
1392 5554 1686 5609 ἀποθανεῖν
1708 5554 1777 5626 τῇ

196 5646 417 5722 ἀληθινῇ
455 5654 568 5725 ζωῇ
610 5655 642 5706 ὁ
668 5652 953 5725 ἄνθρωπος
975 5653 1054 5715 είς
1080 5650 1172 5704 τὸν
1202 5648 1396 5719 νεκρὸν
1426 5645 1618 5700 τοῦτον
1647 5662 1776 5713 μετ-

265 5826 310 5860 ⁸⁵
335 5831 493 5891 liam.
528 5853 599 5904 Vl,
628 5838 716 5890 ’ἕο-5.
776 5836 821 5867 ’θ
843 5835 1001 5889 Prov.
1032 5851 1084 5900 v,
1113 5833 1166 5886 5.

1873 4613 2033 4704 copia
2062 4630 2339 4692 discessit,
2393 4642 2459 4681 ac
2515 4626 2701 4678 l'ructu
2750 4619 3035 4674 interitum
3068 4613 3330 4669 all'erente
3367 4625 3464 4681 per

1875 4724 2302 4782 inobedientiam
2352 4724 2632 4773 saturatus
2689 4718 2773 4768 est
2826 4709 2959 4782 (cui
3008 4706 3212 4762 fructui
3262 4718 3463 4759 nomen

1875 4830 1959 4876 est
1991 4823 2275 4889 peccatum
2315 4808 2651 4882 letiferum),
2687 4787 2869 4862 statim
2909 4804 2976 4858 ad
3028 4785 3464 4873 praestantiorem

1877 4876 2040 4968 vitam
2077 4909 2224 4981 quod
2282 4906 2500 4968 attinet,
2562 4876 2740 4957 morte
2785 4899 3046 4953 multatus
3085 4901 3193 4956 est,
3223 4889 3458 4949 rationis
3530 4876 3545 4897 ⁸

1877 5010 2100 5074 experte
2133 5015 2197 5054 ac
2229 5000 2389 5054 bruta
2433 5010 2558 5050 cum
2605 4991 2881 5048 diviniore
2939 4988 3050 5041 vita
3110 4988 3457 5040 commotam.

1873 5095 1939 5149 Et
1964 5096 2089 5164 quia
2116 5092 2283 5147 semel
2310 5088 2689 5144 immiscuerat
2720 5098 2781 5139 se
2807 5095 2959 5136 mors
2984 5087 3196 5132 natura:
3225 5083 3464 5138 nostrae,

1875 5162 1997 5240 una
2018 5198 2142 5237 cum
2172 5181 2307 5251 ipsis
2335 5193 2528 5234 eorum
2559 5175 2653 5246 qui
2678 5170 3115 5245 procreabantur
3142 5162 3464 5221 successio-

1876 5279 2038 5332 nilius
2096 5272 2402 5328 mortalitas
2458 5267 2789 5340 penetravit.
2839 5262 2962 5328 Quo
2996 5258 3202 5313 factum
3239 5262 3301 5309 ut
3355 5253 3470 5309 vita

1878 5387 1981 5426 nos
2007 5367 2286 5436 exciperet
2318 5374 2559 5424 mortua,
2605 5361 2723 5430 ipsa
2752 5349 3163 5428 quodammodo
3206 5348 3321 5403 vita
3368 5360 3471 5399 no—

1880 5474 1994 5522 stra
2029 5466 2208 5515 morte
2238 5462 2541 5528 perempta.
2579 5450 2716 5505 Nam
2754 5447 2903 5503 haud
2941 5441 3111 5499 dubie
3139 5440 3251 5493 vita
3278 5446 3470 5528 nostra

1881 5566 2100 5612 mortua
2130 5523 2395 5618 est,-cum
2423 5523 2841 5603 immortalitate
2889 5535 3127 5606 spoliata
3158 5532 3250 5587 sit.
3285 5523 3474 5618 Itaque

2046 5609 2234 5702 hasce,
2255 5643 2393 5700 duas
2423 5639 2563 5694 vitas
2596 5634 2779 5691 medio
2817 5628 2975 5702 quasi
3013 5624 3167 5697 degit
3197 5622 3343 5687 loco,
3375 5609 3474 5679 (ιιιὶ
