3866 6408
509 413 645 474 1023

508 627 761 684 interitus
798 625 1015 697 experti
1037 625 1328 680 victoriam
1353 624 1582 681 tribuat.
1611 621 2084 691 Quemadmodum

508 718 675 788 igitur
702 717 866 772 homo
896 716 1028 772 dum
1056 731 1198 772 verm
1230 716 1359 772 vitae
1413 716 1666 784 moritur,
1721 716 1777 772 in
1808 725 2085 773 mortuam

507 808 648 862 hanc
678 808 847 862 vitam
874 806 1070 862 incidit
1094 824 1109 861 :
1136 808 1213 863 ita
1243 822 1371 862 cum
1396 806 1527 862 huic
1550 814 1781 863 mortuae
1803 808 2086 880 brutzeque

504 898 629 953 vitae
652 898 910 962 moritur,
953 899 1197 955 vicissim
1218 907 1490 956 aeternum
1536 900 1742 957 viventi
1769 902 1894 957 vita:
1921 902 2086 958 resti—

505 988 701 1043 tuitur.
729 989 852 1055 Quo
888 988 972 1058 ﬁt,
1007 1000 1067 1046 ut
1095 998 1252 1046 extra
1294 1006 1512 1048 omnem
1551 991 1953 1049 dubitationem
1989 1006 2088 1064 po-

504 1079 670 1134 situm
713 1080 809 1147 sit,
844 1096 957 1136 non
995 1096 1159 1151 posse
1185 1096 1288 1137 nos
1312 1081 1528 1137 beatam
1559 1082 1708 1138 illam
1735 1084 1902 1138 vitam
1947 1097 2086 1139 con-

505 1172 683 1242 sequi,
716 1172 821 1228 nisi
852 1182 1077 1243 peccato
1101 1174 1427 1229 moriamur.
1466 1172 1544 1228 Ea
1577 1173 1646 1230 de
1693 1189 1864 1232 causa
1914 1173 2088 1229 tradi-

504 1271 619 1317 tum
649 1274 844 1335 argute
862 1272 972 1330 est,
1002 1266 1196 1321 eodem
1244 1267 1369 1321 loco
1413 1266 1470 1321 in
1498 1266 1678 1322 medio
1725 1266 1984 1337 paradiso
2019 1267 2087 1322 li-

504 1371 672 1426 gnum
702 1364 999 1425 utrumque
1024 1373 1149 1413 esse
1175 1376 1191 1411 :
1220 1359 1367 1428 quod
1407 1358 1640 1414 alterum
1675 1358 1751 1414 ibi
1799 1375 1832 1414 a
1887 1366 2087 1414 natura

505 1449 597 1511 sit,
651 1449 882 1504 alterum
915 1449 984 1504 ad
1027 1448 1080 1505 id
1109 1450 1255 1521 quod
1294 1451 1449 1520 prius
1482 1451 1722 1516 exsistit,
1755 1466 1853 1521 per
1907 1451 2089 1521 priva-

506 1540 711 1596 tionem
739 1542 987 1597 accedat.
1019 1541 1156 1597 Nam
1191 1558 1259 1599 ex
1283 1543 1477 1599 eodem
1508 1543 1564 1599 in
1611 1543 1754 1599 idem
1785 1558 1884 1614 per
1939 1543 2085 1599 frui-

502 1631 711 1687 tionem
764 1638 820 1686 et
862 1631 1262 1702 privationem,
1328 1631 1386 1687 lit
1441 1633 1800 1688 commutatio
1851 1633 1977 1689 vitae
2022 1647 2088 1689 ac

506 1723 702 1777 mortis
750 1740 765 1777 :
802 1737 927 1777 cum
984 1724 1078 1793 qui
1120 1733 1372 1780 mortuus
1420 1730 1506 1780 est
1537 1723 1704 1788 bono,
1728 1724 1863 1778 vivit
1900 1724 2083 1779 malo:

504 1818 562 1869 et
584 1814 676 1882 qui
712 1821 962 1869 mortuus
990 1822 1074 1868 est
1108 1815 1163 1869 in
1194 1814 1524 1881 vitiositate,
1552 1814 1621 1869 ad
1654 1814 1911 1870 virtutem
1942 1815 2087 1869 revi-

1780 417 1839 474 S.
1871 417 2197 475 GREGORII
2223 416 2519 473 NYSSENI

397 535 401 539 '
506 533 655 589 inter
680 531 822 591 duas
849 531 988 590 vitas
1015 534 1366 607 cognoscitur
1385 573 1401 601 ,
1430 540 1492 590 ut
1528 544 1811 606 perempta
1871 537 2081 608 peiore,

2202 539 2354 592 ἔπεσε
2404 537 2520 609 βίον
2536 554 2551 569 ο
2582 534 2758 599 οὕτως
2788 534 2914 587 ὅταν
2929 529 3175 602 ἀποθάνῃ
3197 532 3263 603 τῇ
3285 529 3468 601 νεκρᾷ
3490 527 3664 601 ταύτῃ
3683 531 3761 584 καί

3648 408 3761 469 10ῑῦ

2189 628 2453 700 κτηνώδει
2490 626 2604 698 ζωῇ
2626 668 2642 691 ,
2689 625 2826 697 πρὸς
2852 624 2952 694 τὴν
2981 623 3068 676 ἀεὶ
3094 621 3276 686 ζῶσαν
3303 620 3758 691 ἀντιμεθίσταται.

2198 716 2286 781 Ὦς
2316 715 2685 786 ἀναμφίὸολον
2710 708 2872 778 εἷναι,
2904 712 2987 765 ὅτι
3010 711 3110 765 ούκ
3139 710 3287 763 ἐστιν
3324 711 3383 763 ἐν
3422 712 3496 781 τῇ
3540 711 3758 781 μακαρίᾳ

2185 806 2437 876 γενέσθαι
2472 805 2607 875 ζωῇ,
2644 803 2718 874 μὴ
2751 802 2943 873 νεκρὸν
2968 802 3034 870 τῇ
3077 798 3322 869 ἁμαρτίᾳ
3352 797 3675 866 γενόμενον.
3703 791 3762 849 υἷι

2185 900 2346 970 χάριν
2381 899 2439 950 ὲν
2464 896 2543 966 τῷ
2569 894 2720 965 αύτῷ
2744 892 2886 947 κατὰ
2904 890 2964 945 τὸ
2993 890 3154 961 μέσον
3176 888 3445 959 ἑκάτερον
3470 887 3585 940 τῶν
3616 886 3762 953 ξύλων

2184 986 2323 1042 εἶναι
2358 985 2464 1041 ὑπὸ
2488 985 2581 1040 τοῦ
2613 984 2773 1049 λόγου
2801 980 3234 1050 πεφιλοσόφηται
3250 996 3264 1009 ·
3300 978 3377 1041 ὼς
3406 977 3512 1030 τοῦ
3546 977 3643 1047 μὲν
3670 978 3765 1029 ἐκεί

2158 1079 2347 1149 “φύσει
2370 1078 2542 1140 ὄντος,
2567 1075 2662 1129 τοῦ
2688 1075 2747 1128 δὲ
2780 1072 3159 1143 ἐπιγινομένου
3184 1070 3262 1140 τῷ
3302 1070 3423 1124 ὄντι
3471 1068 3565 1123 διὰ
3591 1069 3761 1137 στερή-

2188 1187 2343 1233 σεως.
2393 1170 2488 1223 Ἐκ
2520 1167 2631 1239 γὰρ
2666 1165 2761 1221 τοῦ
2802 1163 2967 1219 αὑτοῦ
3007 1165 3101 1217 ἐπὶ
3124 1165 3184 1216 τὸ
3208 1162 3341 1216 αὐτὸ
3365 1160 3464 1215 διὰ
3498 1159 3765 1232 μετουσίας

2186 1254 2283 1314 καὶ
2315 1258 2659 1330 στερήσεως,
2693 1256 2727 1327 ἡ
2772 1253 3228 1324 ἁντιμετάστασις
3265 1250 3485 1320 γίνεται
3514 1250 3611 1303 καὶ
3641 1247 3765 1318 ζωῆς

2187 1349 2283 1405 καὶ
2329 1348 2583 1402 θανάτου.
2632 1344 2855 1416 Ἐπειδὴ
2898 1345 2928 1397 6
2977 1342 3271 1413 νεκρωθεὶς
3313 1338 3671 1411 τ‹ῖ›”ἀγαθῷ.
3710 1336 3763 1407 ζῇ

2186 1441 2266 1513 τῷ
2294 1439 2471 1512 κακῷ,
2496 1443 2592 1492 καὶ
2628 1439 2656 1492 6
2684 1437 2875 1509 νεκρὸς
2905 1437 2964 1489 ὲν
2995 1434 3165 1506 κακίᾳ
3199 1433 3501 1503 γενόμενος
3530 1430 3665 1502 πρὸς
3687 1429 3765 1497 τὴν

2186 1531 2387 1605 ἀρετὴν
2413 1530 2735 1585 ἀνεϐίωσεν.
2764 1527 2971 1583 οὐκοῦν
2997 1525 3177 1589 καλῶς
3201 1525 3441 1579 δείκνυσι
3474 1525 3545 1594 τῇ
3576 1526 3766 1591 σμύρνῃ

2187 1624 2413 1696 πλήρεις
2433 1621 2531 1685 τὰς
2561 1620 2766 1691 ἑαυτῆς
2793 1622 2979 1691 χεῖρας
3011 1620 3046 1690 ἡ
3072 1617 3279 1687 νύμφη,
3305 1614 3395 1668 διὰ
3418 1616 3525 1685 τῆς
3555 1615 3613 1665 ἐν
3637 1612 3761 1680 πάσῃ

2189 1718 2356 1789 κακίᾳ
2406 1715 2731 1786 νεκρότητος
2771 1711 3104 1783 ἀνισταμένη
3131 1750 3147 1773 ,
3182 1709 3320 1782 πρὸς
3357 1707 3424 1762 τὺ
3464 1706 3670 1772 ἀνοῖξαι
3699 1703 3764 1773 τῷ

2187 1811 2347 1881 Λόγῳ
2365 1810 2464 1880 τὴν
2493 1811 2573 1872 είς
2606 1807 2806 1879 ἑαυτὴν
2828 1804 3053 1861 εἴσοδον.
3094 1801 3217 1873 Ζωὴ
3243 1800 3301 1854 δὲ
3332 1801 3361 1854 6
3386 1799 3572 1866 Λόγος
3594 1795 3651 1849 ὃν
3671 1795 3761 1847 εἱσ-

507 1904 687 1960 viscit.
749 1903 1095 1976 Quapropter
1153 1905 1382 1972 pulchre
1421 1920 1627 1976 sponsa
1692 1919 1888 1960 manus
1958 1920 2090 1961 suas

2202 1900 2476 1964 ιικίζεται.
2536 1898 2681 1970 Πρὸς
2720 1895 2973 1951 τοσοῦτον
3016 1892 3074 1948 δὲ
3109 1889 3338 1964 μέγεθος
3363 1887 3668 1959 ἐπαρθεῖσα
3691 1883 3762 1976 διὰ

505 1995 726 2067 myrrha
753 1995 943 2066 plenas
970 1996 1227 2059 ostendit,
1259 2011 1385 2051 cum
1418 1996 1567 2052 vitiis
1594 1996 1851 2052 omnibus
1876 2002 2089 2051 mortua

507 2092 740 2156 surgat,
797 2093 857 2140 ut
912 2084 1092 2141 Verbo
1162 2086 1372 2142 aditum
1427 2086 1483 2141 in
1548 2101 1609 2143 se
1662 2085 1972 2157 patefaciat.
2024 2085 2090 2141 Et

505 2173 746 2231 Verbum
801 2178 949 2247 quod
999 2177 1343 2242 intromittit,
1395 2178 1514 2249 ipsa
1562 2180 1677 2232 vita
1707 2186 1815 2234 est.
1859 2175 2089 2232 Tantam

505 2282 637 2323 vero
669 2267 735 2323 ad
766 2268 1156 2324 sublimitatem
1189 2268 1245 2322 in
1291 2268 1383 2332 iis,
1413 2284 1537 2339 qua:
1589 2267 2088 2334 consideravimus,

504 2362 693 2412 evecta
722 2356 924 2422 anima,
955 2372 1077 2427 quae
1105 2356 1174 2410 ad
1208 2355 1376 2412 Deum
1406 2363 1619 2427 spectat
1659 2375 1673 2413 :
1707 2356 1950 2412 nondum
2004 2366 2090 2411 ta-

2196 1993 2304 2048 τῶν
2329 1989 2712 2063 θεωρηθέντων
2736 1989 2867 2059 ἡμῖν
2899 1988 2932 2058 ὴ
2957 1985 3094 2059 πρὸς
3115 1984 3205 2038 τὸν
3230 1982 3365 2036 Θεὸν
3393 1979 3593 2053 ὁρῶσα
3617 1974 3759 2047 ψυχή·

2196 2083 2383 2146 οὔπω,
2423 2081 2608 2146 καθώς
2654 2098 2822 2152 φησιν
2857 2080 2888 2133 6
2918 2077 3151 2142 Παῦλος,
3186 2074 3358 2140 οὕτως
3397 2073 3583 2142 ἔγνω,
3606 2068 3761 2129 καθὼς

2196 2175 2276 2229 δεῖ
2295 2174 2521 2244 γνῶναι,
2550 2173 2672 2227 οὐδὲ
2697 2170 2974 2241 λογίζεται
2996 2169 3116 2225 καθ’
3145 2166 3342 2238 ἑαυτὴν
3371 2160 3757 2234 κατειληφέναιο

2195 2266 2309 2321 ἀλλ’
2335 2266 2413 2319 ἔτι
2441 2265 2579 2338 πρὸς
2607 2262 2668 2317 τὸ
2689 2262 3083 2334 ὑπερκείμενον
3103 2260 3306 2333 τρέχει,
3331 2259 3451 2322 τοῖς
3480 2249 3759 2326 ἔμπροσθεν

2196 2355 2396 2427 ἑαυτὴν
2429 2353 2837 2409 ὲπεκτείνουσα.

510 2465 658 2515 men,
690 2448 768 2502 uti
798 2447 1005 2504 Paulus
1044 2449 1309 2519 loquitur,
1338 2450 1412 2503 ita
1447 2448 1725 2519 cognovit,
1767 2447 2225 2520 quemadmodum
2262 2455 2500 2519 oportet,
2534 2462 2712 2518 neque
2752 2460 2813 2501 se
2855 2439 3335 2514 comprehendisse
3371 2432 3753 2494 arbitratur":

510 2542 605 2596 sed
635 2541 813 2596 adhuc
839 2542 909 2597 ad
964 2542 1249 2613 superiora
1280 2543 1478 2608 currit,
1506 2544 1763 2599 enitendo
1792 2543 1862 2600 ad
1886 2559 1972 2608 ea,
2002 2559 2125 2615 qua:
2148 2552 2277 2599 ante
2313 2560 2372 2600 se
2405 2544 2589 2599 habet.

584 2632 701 2688 Hoc
725 2633 869 2688 enim
900 2640 961 2688 ut
985 2635 1054 2690 de
1081 2635 1200 2705 ipsa
1234 2641 1563 2697 statuamus.
1594 2638 1888 2693 verborum
1933 2638 2093 2694 dein-

507 2737 637 2792 ceps
676 2725 1023 2794 sequentium
1075 2724 1247 2780 series
1292 2735 1500 2780 monet.
1550 2726 1837 2791 Adhibitis,
1888 2729 2090 2799 inquit,

513 2816 760 2870 manibus
789 2815 1048 2881 claustro,
1085 2819 1268 2886 aperui
1293 2820 1533 2890 equidem
1564 2831 1789 2891 cognato
1819 2838 1954 2877 meo.
1988 2821 2095 2876 Ad-

509 2905 592 2960 dit
633 2907 823 2969 etiam,
880 2904 1147 2961 Praeteriit
1198 2919 1451 2979 cognatus
1505 2927 1685 2977 meus,
1742 2913 1926 2966 anima
1978 2929 2096 2966 mea

510 3010 722 3063 egressa
754 3004 833 3048 εει
873 2994 941 3048 ad
991 3011 1287 3052 sermonem
1323 2999 1460 3068 ejus.
1493 3000 1709 3066 Quibus
1754 3016 1856 3058 nos
1907 3002 2089 3067 docet,

510 3101 683 3140 unum
728 3100 853 3140 esse
894 3086 1117 3141 modum
1164 3089 1504 3159 percipiendi
1559 3099 1886 3161 potestatem
1942 3095 2089 3149 illam

2282 2639 2347 2692 Ἦ
2385 2637 2496 2708 γὰρ
2528 2633 2820 2691 ἀκολουθία
2850 2632 2960 2685 τῶν
2988 2629 3189 2701 ἐφεξῆς
3225 2628 3398 2697 λόγων
3430 2626 3614 2680 ταῦτα
3643 2622 3755 2675 νοεῖν

2199 2731 2329 2801 περὶ
2360 2730 2529 2800 αὐτῆς
2553 2726 2887 2783 ὑποτίθεταιο
2929 2722 3064 2779 Ἐπί
3108 2721 3315 2792 χεῖρας
3355 2718 3468 2773 τοῦ
3511 2716 3755 2783 κλείθρου

2200 2819 2418 2889 ἤνοιξα
2447 2818 2562 2888 ἐγὼ
2590 2816 2671 2883 τῷ
2702 2813 3007 2885 ἀδελφιδῷ
3044 2831 3188 2884 μου.
3232 2809 3344 2864 Καὶ
3375 2810 3667 2880 ἐπήγαγεν,
3692 2804 3755 2854 ὅτι

2213 2910 2563 2981 Ἀδελςριδός
2591 2926 2713 2980 μου
2743 2907 3081 2977 παρῆλθεν·
3112 2904 3150 2973 ὴ
3182 2900 3351 2973 ψυχή
3383 2917 3511 2971 μου
3533 2895 3755 2966 ἐξῆλθεν

2201 3003 2273 3057 ἐν
2301 3004 2462 3072 λόγῳ
2485 3000 2692 3056 αὐτοῦ.
2721 2999 2974 3053 Διδάσκει
3005 2996 3115 3068 γὰρ
3142 2994 3230 3049 διὰ
3260 2991 3469 3046 τούτων
3502 2991 3664 3061 ἡμᾶς,
3690 2986 3751 3036 ὅτι

2198 3094 2294 3149 ἐπὶ
2335 3094 2435 3163 τῆς
2470 3092 2651 3148 πάντα
2682 3089 2809 3145 νοῦν
2847 3086 3225 3159 ὑπερεχούσης
3252 3082 3540 3154 δυνάμεως
3575 3074 3648 3142 εἷς
3673 3093 3751 3127 κα-

511 3177 863 3233 excedentem
914 3193 1134 3234 omnem
1175 3187 1433 3245 mentem,
1466 3183 1728 3237 nimirum
1771 3199 1882 3239 non
1910 3186 2095 3242 subsi-

2202 3183 2483 3254 ταλήψεώς
2528 3185 2648 3237 ἔστι
2674 3182 2909 3256 τρόπος,
2939 3179 3003 3234 τὸ
3040 3176 3311 3275 μηδέποτε
3342 3174 3538 3275 στῆναι
3703 3165 3753 3218 τδ

435 3322 440 3328 ι
513 3279 659 3325 stere
682 3269 734 3323 in
767 3269 837 3325 iis
868 3284 989 3339 qua
1013 3271 1367 3341 perceperis:
1405 3272 1501 3329 sed
1535 3274 1718 3343 potius
1747 3291 2094 3348 nequaquam

2202 3275 2654 3349 κατειλημμένον·
2697 3273 2837 3328 ἀλλὰ
2870 3271 2962 3326 τὸν
3014 3270 3102 3325 ἀεὶ
3146 3266 3417 3338 ζητοῦντα
3463 3264 3545 3336 τῷ
3582 3263 3751 3315 πλείονι

514 3360 807 3430 quiescere
832 3376 1049 3431 semper
1092 3361 1459 3431 inquirentem
1506 3365 1711 3435 aliquid
1740 3368 1976 3439 amplius
2006 3385 2094 3434 eo,

511 3448 663 3518 quod
706 3451 875 3505 semel
920 3453 1428 3522 comprehenderis.
1456 3452 1668 3510 Etenim
1719 3473 1843 3528 qua:
1876 3460 2097 3530 myrrha

514 3545 673 3613 plena
710 3542 851 3597 facta
879 3552 989 3610 est,
1027 3546 1395 3618 omnibusque
1421 3548 1547 3603 vitae
1566 3551 1764 3608 studiis
1787 3550 1931 3623 (qua:
1964 3552 2101 3624 ﬁgu-

516 3642 636 3689 rate
661 3631 865 3705 digitos
900 3635 1081 3707 vocat)
1114 3637 1502 3694 mortiﬁcatum
1544 3639 1600 3694 in
1632 3655 1693 3696 se
1722 3642 1925 3697 malum
1957 3643 2101 3707 indi-

515 3730 626 3790 cat,
659 3732 1022 3793 spontaneum
1055 3724 1277 3782 virtutis
1304 3727 1518 3783 cultum
1551 3743 1616 3784 ea
1649 3728 1767 3799 ipsa
1792 3746 1851 3787 re
1875 3731 2103 3792 demon-

516 3822 678 3880 strat,
702 3810 851 3885 quod
875 3831 942 3871 ex
971 3831 1031 3872 se
1060 3832 1259 3874 manus
1286 3818 1460 3888 ipsius
1484 3819 1765 3891 myrrham
1793 3821 2097 3878 distillant:

517 3907 636 3962 haee
663 3906 833 3978 igitur
860 3909 1106 3979 attigisse
1138 3924 1338 3965 manus
1368 3925 1498 3968 suas
1523 3913 1826 3968 claustrum
1858 3915 1957 3979 ait,
2000 3916 2103 3970 huc

516 4006 622 4063 est,
653 4014 818 4069 opera
848 4014 947 4054 sua
983 4015 1149 4070 prope
1181 4002 1487 4057 accessisse
1521 4002 1589 4056 ad
1621 4013 1913 4074 angustum
1948 4007 2100 4060 illum

519 4095 576 4142 et
614 4089 864 4143 strictum
895 4087 1100 4143 aditum
1131 4111 1142 4144 :
1194 4089 1354 4158 cujus
1386 4091 1593 4145 clavem
1633 4091 1877 4147 Verbum
1925 4096 2103 4163 ipsum

522 4178 692 4232 tradit
741 4178 846 4240 eis,
900 4179 995 4247 qui
1045 4177 1206 4235 Petro
1260 4180 1487 4236 similes
1518 4193 1667 4237 sunt.
1700 4183 1889 4253 Aperit
1925 4196 2103 4241 autem

522 4267 628 4324 sibi
660 4268 811 4338 regni
837 4269 1038 4323 ostium
1066 4284 1161 4338 per
1184 4269 1298 4324 haec
1319 4269 1448 4335 duo,
1486 4271 1743 4326 nimirum
1768 4288 1863 4342 per
1886 4288 2102 4338 manus,

522 4375 645 4430 quis
682 4374 910 4430 operum
951 4359 1402 4430 signiﬁcationem
1449 4362 1672 4426 habent,
1723 4371 1778 4419 et
1826 4380 1922 4435 per
1949 4366 2106 4420 clau-

524 4457 698 4505 strum
731 4448 874 4505 fidei.
912 4447 1044 4501 Nam
1081 4464 1176 4518 per
1208 4449 1324 4505 haec
1353 4449 1481 4515 duo,
1515 4467 1611 4521 per
1640 4453 1819 4519 tidem,
1858 4455 2102 4525 inquam,

2195 3368 2292 3424 τοῦ
2337 3365 2789 3436 καταλειφθέντος
2845 3363 2921 3437 μὴ
2964 3360 3240 3417 ἵστασθαι.
3286 3359 3354 3412 Ἦ
3405 3357 3519 3430 γὰρ
3572 3354 3749 3423 πλήρης

2198 3458 2463 3530 γενομένη
2496 3458 2597 3528 τῆς
2628 3456 2897 3527 σμύρνης,
2931 3453 3066 3506 πᾶσι
3097 3452 3210 3514 τοῖς
3230 3447 3324 3502 τοῦ
3358 3447 3477 3519 βίου
3509 3436 3749 3530 ἐπιτηδεύο

2203 3528 2365 3622 μασιν
2391 3550 2411 3621 (
2424 3528 2570 3620 ἅπερ
2594 3546 2894 3610 δακτύλους
2917 3542 3198 3617 τροπικῶς
3221 3538 3477 3610 ὀνομάζει
3498 3539 3516 3607 )
3537 3536 3627 3607 τὴν
3644 3528 3749 3601 πρὸς

2198 3640 2259 3694 τὺ
2301 3638 2469 3695 κακὸν
2499 3637 2936 3710 έπισημαίνουσα
2979 3633 3269 3705 νέκρωσιν·
3303 3631 3398 3686 καὶ
3433 3631 3498 3684 τὸ
3542 3624 3748 3682 ἑκούσιον

2198 3733 2298 3804 τῆς
2341 3730 2542 3803 ἀρετῆς
2583 3729 2672 3784 διὰ
2715 3728 2777 3783 τδ
2814 3726 3027 3782 οἴκοθεν
3078 3723 3385 3790 emersam
3422 3721 3531 3776 τῶν
3584 3712 3746 3789 χειρῶν

2200 3825 2300 3897 τὴν
2340 3823 2585 3895 σμύρναν
2616 3819 2992 3892 ὲνδειξαμένη,
3026 3816 3268 3888 ἅψασθαί
3288 3831 3434 3892 ,φησι
3473 3815 3571 3875 τὰς
3596 3810 3748 3897 χεῖρες

2203 3894 2402 3988 ἑαυτῆς
2430 3894 2523 3969 τοῦ
2549 3913 2823 3986 κλείθρου,
2849 3910 3118 3975 τουτέστι,
3147 3909 3219 3963 τὰ
3241 3908 3378 3980 ἔργα
3409 3906 3608 3976 ἑαυτῆς
3627 3894 3746 3988 ὲγγὶέ

2205 4027 2296 4064 σαι
2327 3987 2481 4076 λέγει
2513 4008 2583 4077 τῇ
2616 4006 2775 4075 στενῇ
2808 4020 2867 4056 τε
2896 4002 2989 4056 καὶ
3018 4000 3353 4072 τεθλιμμένη
3381 3998 3591 4068 εἰσόδῳ,
3616 3989 3674 4065 ἦς
3700 3987 3751 4041 τὺ

2206 4101 2452 4171 κλεῖθρον
2478 4095 2776 4167 ἐγχειρίζει
2802 4095 2916 4158 τοῖς
2936 4092 3079 4147 κατὰ
3105 4092 3312 4163 Πέτρον
3335 4091 3365 4144 6
3385 4089 3574 4157 Λόγος.
3614 4079 3747 4171 Ἀνοί-

2204 4209 2293 4262 γει
2320 4170 2498 4245 τδίνυν
2530 4187 2597 4241 δι’
2627 4185 2903 4256 ἑκατέρων
2937 4185 3105 4257 ἑαυτῇ
3132 4184 3234 4254 τῆς
3266 4180 3543 4253 βασιλείας
3569 4177 3655 4246 τὴν
3676 4170 3746 4225 θύα

2209 4301 2328 4355 ραν,
2378 4281 2467 4336 διά
2509 4296 2571 4334 τε
2601 4277 2708 4333 τῶν
2741 4277 2963 4350 χειρῶν,
3001 4277 3069 4331 δι’
3110 4269 3185 4331 ὧν
3228 4275 3297 4329 τὰ
3348 4274 3486 4347 ἔργα
3513 4266 3742 4342 δηλοῦται·

2207 4374 2303 4429 καὶ
2326 4372 2416 4426 διὰ
2439 4371 2533 4425 τοῦ
2558 4369 2810 4443 κλείθρου
2834 4369 2933 4440 τῆς
2954 4369 3213 4432 πίστεως.
3238 4368 3316 4421 Δι’
3341 4364 3648 4437 ἀμφοτέρων
3663 4355 3747 4427 γὰρ

2205 4466 2435 4531 τούτων,
2481 4463 2659 4535 ἔργων
2692 4478 2753 4514 τε
2799 4461 2897 4514 καὶ
2932 4460 3170 4522 πίστεως
3210 4457 3355 4526 λέγω
3374 4495 3390 4522 ,
3437 4457 3470 4527 ἡ
3503 4454 3639 4514 κλεὶς
3671 4447 3745 4511 τῆς

522 4554 578 4596 ει
599 4556 786 4612 opera,
843 4540 1014 4596 clavis
1070 4541 1221 4612 regni
1276 4543 1436 4598 nobis
1486 4558 1518 4598 a
1552 4559 1808 4601 sermone
1859 4557 2097 4618 paratur.

2213 4555 2491 4628 βασιλείας
2535 4557 2594 4609 ὲν
2639 4554 2775 4624 ἡμῖν
2816 4551 2922 4605 ὑπὸ
2953 4548 3049 4603 τοῦ
3091 4549 3251 4618 λόγου
3304 4541 3740 4605 κατασκευάζεται-

524 4630 660 4685 Cum
697 4646 830 4700 ergo
868 4641 1118 4700 speraret
1152 4629 1220 4684 ad
1254 4632 1564 4703 exemplum
1596 4631 1764 4689 Mosis
1789 4632 1981 4690 faciem
2013 4635 2106 4691 de-

524 4721 754 4779 siderati
790 4722 871 4778 sic
906 4721 1366 4778 manifestandam
1398 4725 1528 4789 sibi,
1560 4733 1621 4779 ut
1653 4741 1773 4781 eam
1806 4742 2110 4798 agnoscere

528 4821 717 4884 posset
736 4816 755 4865 ':
813 4822 928 4866 tum
979 4829 1110 4868 vero
1152 4812 1557 4885 p'erceptionem
1593 4817 1714 4886 ejus
1748 4818 2009 4888 praeteriit
2063 4820 2113 4876 is

526 4907 619 4978 qui
644 4904 1014 4981 quaerebatur.
1045 4906 1292 4961 Aitcnim
1319 4927 1332 4961 :
1356 4906 1623 4963 Praeteriit
1642 4918 1910 4980 cognatus
1934 4927 2109 4979 meus,

526 5012 637 5055 non
667 4998 759 5053 ille
788 4995 1008 5068 quidem
1053 4997 1247 5052 relicta
1280 4998 1605 5069 desertaque
1636 5011 1900 5070 sequente
1928 5004 2109 5073 ipsum

525 5091 733 5154 anima,
787 5087 884 5145 sed
923 5087 993 5143 ad
1027 5087 1270 5158 seipsum
1319 5097 1570 5146 attracta.
1611 5092 1806 5147 Anima
1843 5111 1991 5161 mea,
2027 5098 2114 5153 in-

527 5183 684 5251 quit,
730 5196 940 5251 egressa
990 5190 1067 5235 est
1109 5179 1178 5234 ad
1216 5197 1505 5236 sermonem
1544 5183 1680 5252 ejus.
1721 5182 1765 5239 Ο
1800 5180 2012 5242 felicem
2050 5189 2114 5244 il-

530 5271 635 5325 lam
667 5271 1064 5343 cgressionem,
1098 5287 1262 5342 quam
1288 5273 1567 5342 egreditur
1589 5275 1773 5330 anima
1801 5292 2111 5334 sermonem

530 5365 754 5418 semita!
814 5363 1079 5420 Dominus
1144 5365 1420 5421 custodiet
1481 5365 1790 5436 ingressum
1844 5376 1999 5425 tuum
2059 5379 2115 5428 et

531 5457 899 5524 egressionem
923 5464 1099 5522 tuam,
1141 5456 1320 5526 inquit
1347 5455 1696 5528 Propheta".
1736 5458 1999 5517 Nimirum
2029 5479 2115 5520 re-

535 5560 661 5598 νοειέ
702 5545 817 5602 haec
862 5546 954 5601 illa
990 5556 1114 5612 est,
1150 5563 1273 5618 quae
1323 5548 1504 5619 dignis
1553 5565 1583 5603 a
1629 5548 1739 5605 Deo
1780 5551 2109 5621 custoditur,

538 5633 779 5702 egressio
807 5636 1010 5704 pariter
1040 5646 1093 5692 et
1129 5638 1420 5708 ingressio.
1473 5637 1607 5694 Nam
1636 5640 1885 5712 egressio
1921 5656 1990 5697 ex
2018 5658 2108 5711 eo,

599 5798 645 5832 "
678 5806 911 5885 Philipp.
938 5829 1018 5879 ιιι,
1052 5814 1137 5871 l5.
1199 5817 1245 5848 "
1275 5816 1421 5872 Psal.
1448 5832 1575 5879 cxx.
1598 5820 1651 5877 8.

2213 4651 2345 4703 Ὅτε
2376 4645 2558 4700 τοίνυν
2586 4645 2784 4717 ἧλπισε
2812 4642 2957 4697 κατὰ
2989 4641 3082 4695 τὸν
3112 4639 3355 4695 Μωῦσέα
3385 4635 3630 4707 γνωστῶς
3668 4630 3740 4697 ἐρι-

2213 4738 2541 4812 φανισθῆναι
2579 4739 2747 4808 ἑαυτῇ
2789 4735 2884 4789 τοῦ
2921 4732 3188 4805 βασιλέως
3228 4732 3290 4786 τὺ
3323 4731 3629 4804 πρόσωπονο

2211 4808 2462 4904 ιταρῆλθε
2504 4831 2603 4903 τὴν
2637 4827 2944 4899 κατάληψιν
2974 4826 3144 4898 αὑτῆς
3183 4827 3211 4879 6
3254 4823 3596 4894 ποθούμενος.
3638 4808 3739 4904 Φησὶ

2213 4899 2363 4995 γάρ’-
2393 4924 2476 4977 ὅτι
2531 4899 2839 4989 ’Ᾱδελφιδός
2889 4936 2989 4990 μου
3038 4915 3336 4989 παρῆλθεψ
3388 4915 3449 4968 οὐ
3479 4899 3737 5003 tagax-mli)?

2214 5016 2313 5086 τὴν
2348 5013 2622 5085 ἑπομένην
2650 5011 2800 5082 αύτῷ
2841 5008 3038 5080 ψυχὴν,
3073 5008 3211 5062 ἀλλὰ
3253 5006 3390 5078 πρὸς
3426 5003 3605 5059 ἑαυτὸν
3624 4999 3740 5094 ἑφεξο

2217 5109 2465 5177 κόμενος.
2501 5104 2569 5161 Ἠ
2591 5102 2765 5173 ψυχὴ
2789 5103 2895 5173 γάρ
2909 5119 3030 5171 μου
3047 5099 3307 5169 ἐξῆλθεν
3316 5097 3557 5176 ὲνλόγφ
3578 5093 3734 5147 αὐτου·

2220 5198 2284 5250 ’Ὠ
2315 5197 2595 5269 μακαρίας
2625 5196 2806 5262 ἐξόδου
2844 5194 3061 5265 ὲκείνης
3085 5193 3152 5265 ἢν
3185 5192 3463 5263 ἐξέρχεται
3497 5186 3616 5261 ήτῷ
3634 5181 3738 5269 MT?

2228 5266 2675 5359 musaeum!
2714 5286 2919 5359 Κύριος
2952 5285 3181 5355 φυλάξει·
3217 5282 3326 5361 τὴν⁸
3360 5281 3535 5348 ἐξοδόν
3566 5291 3643 5331 σου
3670 5266 3736 5361 uel

2218 5378 2318 5447 τὴν
2354 5358 2559 5432 εῐσοδόν
2602 5394 2720 5442 σου,
2755 5358 2921 5448 φησιν
2950 5377 2979 5429 6
3008 5358 3326 5444 Προφήτης.
3351 5369 3498 5438 Δὺτη
3541 5362 3662 5421 ἐστὶν
3685 5358 3737 5415 ὡς

2220 5469 2437 5541 ἀληθῶς
2479 5471 2513 5541 ἡ
2547 5469 2656 5523 ὑπὸ
2698 5469 2792 5523 τοῦ
2840 5467 2977 5521 Θεοῦ
3023 5463 3402 5536 φυλασσομένη
3444 5463 3553 5525 τοῖς
3580 5454 3732 5541 diioui

2217 5540 2397 5623 ἔξοδός
2421 5575 2481 5611 τε
2506 5540 2608 5613 καὶ
2637 5557 2861 5620 εἴσοδος.
2894 5556 3004 5610 Καὶ
3028 5555 3136 5626 γὰρ
3167 5555 3200 5625 η
3225 5552 3332 5607 ἀπὸ
3353 5550 3447 5605 τοῦ
3472 5553 3528 5603 ὲν
3552 5540 3592 5616 ᾧ
3614 5546 3735 5607 ἐσμεν

2218 5646 2418 5713 ἔξοδος,
2446 5646 2557 5705 τῶν
2607 5645 3019 5718 ὑπερκειμένων
3066 5641 3287 5714 ἀγαθῶν
3315 5640 3519 5704 εἴσοδος
3556 5634 3733 5706 γίνεται.
