3866 6356
156 369 174 423 ι
191 369 301 425 025

1187 356 1249 410 IN
1295 355 1588 410 CANTIGA
1634 354 1906 413 CAN'l‘IC.
1952 355 2233 412 llOMlLIA
2274 354 2388 408 XII.

3287 351 3306 404 i
3320 353 3350 406 0
3361 350 3425 407 μισ

153 489 375 556 Ταύτην
403 480 496 539 οὖν
545 483 766 553 ἐξῆλθεν
804 484 836 553 ἡ
879 481 1026 551 ψυχὴ
1064 479 1163 550 τὴν
1195 480 1390 546 ἔξοδον,
1439 479 1620 550 ὁδηγῷ
1649 498 1739 532 κε-

1851 484 1896 534 iu
1933 499 2042 550 quo
2075 497 2285 543 sumus,
2324 479 2592 549 ingressio
2621 489 2704 533 est
2729 478 2796 530 ad
2824 478 2963 531 bona
2993 489 3157 546 supra
3197 491 3300 530 nos
3327 489 3426 540 po-

149 579 408 650 χρημένη
424 576 501 646 τῷ
531 576 688 645 Λόγῳ
715 572 792 643 τῷ
833 572 1164 636 εἰπόντι,ὄτι
1196 559 1340 640 Ἐγώ
1366 571 1535 640 εὶμιή
1569 572 1736 638 θύρα,

152 669 256 722 καὶ
291 669 329 734 ἡ
357 667 518 734 ὁδὸς,
555 667 671 738 καὶ,
700 667 780 720 ὄτι
811 665 891 718 Δι’
919 661 1066 733 ἐμοῦ
1095 662 1205 716 ἐάν
1232 681 1320 728 τις
1348 661 1623 728 εισέλθῃ,
1642 661 1740 712 καὶ

150 760 568 815 εἰσελεύσεται
601 758 698 812 καί
726 757 1133 822 ἐξελεύσεται,
1157 753 1412 806 οὐδέποτε
1445 751 1539 804 τοῦ
1574 751 1739 804 εἰσιέ-

151 868 242 904 ναι
270 850 473 922 λήγων,
500 848 623 904 οὔτε
641 848 735 902 τοῦ
762 846 960 913 ἐξιέναι
981 845 1308 915 παυόμενοςο
1345 841 1481 894 ἀλλά
1507 840 1738 894 παύεται

150 942 242 995 διὰ
267 942 551 1012 προκοπῆς
579 942 658 1004 είς
683 939 752 992 τὰ
780 938 1148 1009 ὑπερκείμενα
1173 935 1377 999 εἰσιὼν,
1404 933 1498 985 καὶ
1524 933 1610 984 ἀεὶ
1633 933 1739 985 τῶν

152 1033 608 1103 κατειλημμένων
657 1031 762 1096 ἔξω
800 1031 1098 1100 γινόμενος.
1142 1026 1298 1081 Ούτω
1335 1023 1579 1095 παρῆλθε
1616 1024 1738 1076 τότε

152 1126 250 1179 καὶ
279 1123 368 1176 τὸν
398 1123 636 1177 Μωῦσέα
661 1123 720 1176 τὸ
751 1122 1082 1192 ποθούμενον
1105 1122 1281 1173 ἐκεῖνο
1320 1117 1612 1187 πρόσωπον
1645 1116 1736 1169 τοῦ

154 1218 398 1287 Κυρίου·
451 1219 544 1269 καὶ
595 1214 765 1276 οὕτως
815 1217 846 1284 ἡ
880 1214 1027 1283 ψυχὴ
1058 1211 1150 1265 τοῦ
1182 1210 1473 1282 νομοθέτου
1517 1209 1605 1261 ἀεὶ
1633 1208 1738 1272 ἔξω

153 1312 368 1376 ἐγίνετο
396 1307 486 1360 τοῦ
512 1310 568 1360 ἐν
668 1302 756 1376 ἦν,
787 1304 1028 1375 ἑπομένη
1070 1304 1309 1375 προῖόντι
1338 1302 1416 1372 τῷ
1449 1300 1628 1370 Λόγῳ,

1848 576 1974 626 sita.
2006 573 2154 626 llauc
2186 573 2350 640 igitur
2397 569 2767 640 egressionem
2817 583 3037 638 egressa
3083 577 3168 624 est
3220 567 3427 632 anima,

1848 665 2028 718 Verbo
2069 680 2168 719 usa
2212 664 2373 723 duce.
2416 664 2561 732 quod
2595 663 2770 716 dixit:
2815 660 2922 731 Ego
2967 671 3164 716 sumet
3198 661 3283 714 via
3308 699 3323 722 ,
3375 667 3428 712 et

1846 760 2071 820 ouium;
2105 758 2150 810 si
2179 757 2296 826 quis
2328 772 2418 826 per
2449 773 2526 809 me
2556 757 2904 825 ingrediatur,
2937 757 2983 808 is
3018 765 3066 808 et
3102 753 3432 824 ingredietur

1843 859 1893 903 et
1923 849 2220 918 egredietur
2239 848 2316 900 "z
2373 847 2448 900 ita
2497 856 2556 899 ιιι
2603 863 2882 915 nunquam
2930 861 3030 901 nec
3081 844 3429 915 iugrediundi

1841 953 1941 992 nec
1982 937 2303 1009 egrediundi
2331 937 2490 991 finem
2548 937 2744 989 faciat:
2779 935 2875 990 sed
2908 935 3123 990 desinat
3146 935 3234 989 ubi
3262 934 3428 1004 proti-
3482 938 3488 942 ’

1838 1031 2033 1086 ciendo
2060 1031 2344 1099 superiora
2372 1037 2456 1082 est
2483 1029 2790 1095 ingressus.
2825 1039 2878 1081 et
2908 1043 3124 1097 semper
3156 1035 3311 1080 extra
3334 1027 3429 1080 illa

1836 1130 2110 1183 versetur,
2147 1135 2268 1187 qua:
2311 1117 2516 1172 fuerint
2553 1134 2581 1169 a
2631 1135 2690 1172 se
2719 1119 3137 1188 comprehensa.
3170 1117 3262 1171 Sic
3291 1117 3429 1170 olim

1839 1211 2042 1266 Mosen)
2075 1226 2294 1280 quoque
2326 1210 2492 1264 facies
2539 1210 2628 1262 illa
2669 1211 2880 1264 Domini
2912 1211 3224 1265 desiderata
3286 1225 3432 1279 pra:-

1845 1304 1994 1358 teriit
2022 1321 2034 1356 :
2078 1304 2160 1357 sic
2187 1302 2434 1370 ejusdem
2466 1302 2799 1370 legislatoris
2822 1304 3003 1355 anima
3033 1318 3249 1372 semper
3274 1311 3432 1356 extra

1847 1397 1899 1449 id
1940 1395 2409 1464 progrediebatur,
2463 1394 2517 1448 in
2549 1409 2659 1463 quo
2698 1402 2840 1459 erat,
2877 1395 3159 1463 sequendo
3189 1394 3430 1450 Verbum

1843 1473 2174 1543 praecedens.

221 1605 318 1668 Τίς
348 1605 457 1676 γὰρ
489 1604 586 1658 οὐκ
612 1601 718 1657 οἶδε
745 1603 842 1667 τὰς
874 1603 1164 1666 ἀναϐάσεις
1203 1603 1436 1666 ἐκείνας,
1467 1601 1532 1665 ἃς
1567 1600 1734 1672 ἀνέϐη

1915 1600 2051 1668 Quis
2083 1600 2228 1654 enim
2261 1600 2479 1670 ignorat
2511 1598 2716 1668 gradus
2759 1599 2904 1664 illos,
2940 1615 3078 1669 quos
3108 1599 3433 1653 conscendit

151 1698 177 1745 6
210 1697 472 1765 Μωῡσῆς,
511 1697 540 1748 6
596 1697 682 1748 ἀεὶ
734 1696 905 1765 μέγας
953 1695 1270 1764 γινόμενος,
1329 1694 1424 1746 καὶ
1468 1695 1736 1764 μηδέποτε

153 1789 442 1858 ἱστάμενος
473 1789 571 1858 τῆς
598 1789 689 1840 ἐπὶ
719 1787 780 1840 τὸ
812 1786 993 1856 μεῖζον
1017 1787 1297 1856 αὐξήσεως
1323 1804 1337 1852 ;
1369 1786 1590 1857 Ηύξήθη
1620 1792 1738 1840 κατ’

152 1881 358 1948 ἀρχάς,
397 1880 483 1931 ὅτε
525 1879 621 1949 τῆς
650 1879 758 1930 τῶν
796 1879 1106 1947 Αἰγυπτίων
1151 1878 1422 1948 βασιλείας
1479 1879 1736 1948 ὑψηλότε-

155 1989 245 2040 ρον
279 1972 373 2023 τὸν
413 1970 717 2040 ὀνειδισμὸν
754 1969 848 2022 τοῦ
895 1969 1132 2041 Χριστοῦ
1181 1972 1506 2041 ἐποιήσατο·
1540 1971 1740 2040 μᾶλλον

153 2061 409 2129 ἐλόμενος
470 2059 960 2129 πγκακουχεῖσθαι
1003 2059 1082 2130 τῷ
1139 2059 1252 2130 λαῷ
1303 2060 1397 2112 τοῦ
1460 2059 1635 2118 Θεοῦ.
1696 2061 1728 2132 ἦ

151 2153 482 2224 πρόσκαιρον
506 2152 646 2221 ἔχειν
673 2152 948 2222 ἁμαρτίας
974 2152 1290 2205 ἀπόλαυσιν.
1316 2151 1535 2222 Ηὺξήθη
1580 2153 1740 2206 πάλιν

151 2246 238 2295 ἴτε
298 2243 735 2305 καταπονοῦντος
793 2243 884 2296 τὸν
944 2243 1192 2310 Ἐϐραῖον
1242 2241 1336 2294 τοῦ
1397 2244 1736 2310 Αἰγυπτίου,

155 2330 380 2385 θανατοῖ
397 2333 486 2384 τὸν
519 2332 837 2402 ἀλλόφυλον,
869 2333 1009 2404 ὑπὲρ
1042 2333 1138 2386 τοῦ
1173 2332 1508 2403 Ἰσραηλίτου
1538 2335 1738 2402 ἀγωνι-

155 2427 402 2494 ζόμενος.
418 2424 576 2486 Νοεῖς
602 2424 658 2477 δὲ
679 2425 894 2488 πάντως
915 2427 972 2477 ἐν
997 2423 1202 2488 τούτοις
1225 2425 1315 2477 τὸν
1336 2423 1435 2493 τῆς
1459 2424 1742 2495 αὐξήσεως

153 2519 374 2586 τρόπον,
408 2516 724 2586 μεταϐαλὼν
780 2518 877 2586 τὴν
917 2517 1156 2587 ἱστορίαν
1185 2519 1263 2580 είς
1301 2519 1570 2588 τροπικὴν
1600 2518 1739 2570 θεω-

158 2609 294 2677 ρίαν.
326 2609 500 2661 Πάλιν
529 2609 721 2662 ἑαυτοῦ
757 2608 957 2679 μείζων
989 2609 1223 2676 ἐγένετο,
1245 2611 1610 2680 ἀπεριήχητον
1641 2611 1742 2680 τὴν

155 2700 294 2769 ζωὴν
343 2700 652 2769 φυλάττων,
679 2701 763 2753 διὰ
796 2701 893 2769 τῆς
922 2704 978 2753 ἐν
1005 2704 1069 2772 τῇ
1103 2703 1298 2771 ἐρήμῳ
1331 2701 1646 2770 φιλοσοφίας
1683 2704 1741 2754 ἐν

155 2791 332 2862 χρόνῳ¹
358 2791 562 2862 πολλῷ.
595 2789 726 2844 Εἶτα
753 2792 829 2862 τῷ
866 2795 995 2863 πυρὶ
1024 2793 1103 2863 τῷ
1134 2794 1226 2845 ἐπὶ
1247 2793 1346 2863 τῆς
1385 2793 1547 2862 βάτου
1577 2793 1741 2861 φωτί-

157 2884 322 2947 ζεται.
348 2883 557 2954 Γυμνοί
580 2884 715 2952 πρὸς
747 2883 954 2946 τούτοις
977 2885 1074 2954 τῆς
1102 2886 1303 2955 νεκρᾶς
1329 2885 1621 2956 περιϐολῆς
1644 2885 1742 2947 τὰς

1844 1695 2048 1758 Moses,
2082 1694 2174 1764 qui
2204 1706 2419 1762 semper
2452 1691 2628 1759 major
2666 1690 3018 1753 reddebatur,
3059 1698 3114 1745 et
3149 1706 3432 1759 nunquam

1847 1785 2168 1855 proficiundi
2201 1785 2436 1854 amplius
2463 1785 2623 1838 finem
2651 1782 2924 1837 faciebat?
2955 1781 3127 1850 Major
3153 1781 3329 1836 factus
3350 1789 3434 1837 est

1845 1879 2023 1940 initio,
2073 1893 2196 1931 cum
2230 1876 2613 1946 IEgyptiorum
2665 1889 2835 1943 regno
2885 1874 3178 1929 sublimius
3231 1889 3436 1943 oppro-

1843 1971 2024 2025 brium
2058 1969 2263 2023 Christi
2316 1970 2580 2022 duceret:
2635 1982 2699 2020 ac
2730 1967 2823 2021 Dei
2859 1982 2984 2020 cum
3034 1968 3233 2035 populo
3267 1964 3433 2034 afﬂigi

1844 2063 2047 2123 mallet,
2096 2075 2259 2131 quam
2296 2060 2685 2128 temporariam
2731 2057 2940 2127 peccati
2979 2056 3298 2110 fruitionem
3333 2055 3434 2109 ha-

1846 2155 1990 2208 bere.
2031 2151 2270 2206 Rursum
2304 2151 2482 2219 major
2518 2150 2696 2204 factus
2724 2157 2830 2213 est,
2859 2163 2983 2202 cum
3013 2145 3273 2217 [Egyptio
3323 2144 3432 2201 He—

1842 2247 2045 2301 braeum
2077 2244 2368 2314 aﬂligente.
2411 2243 2688 2296 hominem
2721 2243 2959 2294 alienum
3009 2257 3039 2292 a
3081 2241 3303 2294 natione
3334 2253 3435 2294 sua

1844 2350 2020 2392 morte
2045 2338 2262 2399 multat,
2292 2335 2654 2389 lsraeliticum
2680 2349 3054 2404 propugnans.
3082 2333 3146 2386 Et
3175 2332 3435 2402 intelligis

1842 2429 2067 2483 omnino
2098 2429 2417 2482 incrementi
2447 2427 2668 2481 modum
2695 2429 2749 2480 in
2781 2427 2889 2488 his.
2916 2425 3264 2481 considerata
3302 2425 3438 2493 ligu-

1843 2533 1961 2576 rate
1993 2521 2243 2574 historia.
2283 2519 2524 2574 Rursum
2562 2519 2738 2586 major
2771 2519 2954 2588 seipso
2987 2517 3064 2578 ﬁt,
3107 2532 3233 2570 cum
3273 2517 3438 2585 longo

1844 2621 2085 2681 tempore
2130 2627 2227 2682 per
2275 2612 2795 2665 commentationem
2845 2610 2898 2662 in
2931 2608 3229 2663 solitudine
3263 2607 3432 2661 vitam

1845 2705 2160 2759 hominibus
2209 2706 2447 2773 ignotam
2499 2713 2707 2772 ageret.
2755 2701 2962 2756 Deinde
3011 2701 3079 2755 ab
3132 2701 3277 2770 igne,
3334 2698 3433 2768 qui

1844 2807 1964 2851 erat
1993 2797 2045 2850 in
2074 2796 2232 2855 rubo.
2266 2796 2596 2850 illustratur.
2631 2793 2943 2848 Secundum
2985 2793 3086 2846 hoc
3128 2799 3322 2860 praeter
3349 2790 3437 2842 lu-

1845 2890 1926 2944 cis
1979 2888 2164 2943 radios
2215 2887 2392 2942 oculis
2447 2893 2740 2956 perceptus
2775 2887 2936 2939 etiam
2994 2885 3213 2938 auditus
3265 2881 3440 2951 ipsius

158 2975 342 3028 ἑαυτοῦ
379 2974 566 3044 βάσεις
592 2990 606 3000 ·
629 2974 908 3027 ἀναλίσκει
935 2977 999 3045 τῇ
1037 2975 1217 3046 ῥάϐδῳ
1252 2977 1378 3038 τοὺς
1410 2975 1741 3043 Αἰγυπτίους

1851 2983 2058 3054 fulgore
2105 2983 2340 3052 quodam
2384 2979 2755 3050 perfunditur.
2809 2978 2889 3032 Ad
2943 2979 3056 3032 haec
3107 2977 3272 3047 pedes
3306 2989 3440 3031 suos

156 3065 451 3135 δράκοντας
476 3081 490 3095 ⁸
531 3067 825 3136 ἐξαιρεῖται
857 3066 954 3136 τῆς
992 3066 1304 3134 τυραννίδος
1333 3066 1426 3120 τοῦ
1449 3067 1651 3138 Φαραὼ
1677 3065 1737 3118 τὸ

157 3159 427 3228 ὁμόφυλον
447 3158 747 3229 ’όδηγεῖται
776 3158 863 3210 διὰ
885 3159 1113 3230 νεφέλης
1129 3175 1143 3189 ο
1175 3158 1374 3229 διαιρεῖ
1394 3159 1455 3212 τὸ
1483 3157 1736 3226 πέλαγος

159 3250 486 3322 ὑποϐρύχιον
515 3254 661 3303 ποιεῖ
693 3250 790 3320 τὴν
824 3251 1111 3320 τυραννίδα
1130 3266 1143 3278 '
1170 3251 1451 3319 γλυκαίνει
1470 3249 1569 3320 τὴν
1597 3248 1744 3322 Map-

167 3344 260 3412 ρἀ
279 3361 291 3374 ·
329 3344 536 3397 πιαίνει
564 3342 662 3414 τὴν
718 3343 925 3411 πέτραν
949 3360 962 3372 ο
989 3345 1312 3412 ἐμφορεῖται
1359 3343 1458 3412 τῆς
1502 3341 1610 3395 τῶν
1639 3344 1742 3410 ἀγ-

165 3434 332 3499 γέλων
373 3435 580 3505 τροφῆς
600 3434 748 3492 ’,τῶν
776 3435 1090 3502 σαλπίγγων
1124 3435 1348 3488 ἀκούει·
1389 3437 1478 3488 τοῦ
1509 3435 1742 3504 καιομέ-

167 3541 250 3576 νου
281 3525 441 3596 ὄρους
481 3525 828 3595 κατατολμᾷ’
859 3526 954 3594 τῆς
993 3527 1302 3596 ἀκρωρείας
1341 3526 1570 3578 ἅπτεται
1601 3544 1613 3556 ·
1646 3527 1745 3596 τὴν

167 3616 392 3684 νεφέλην
438 3616 770 3685 ὑπέρχεται·
813 3616 961 3678 ἐντὸς
995 3617 1086 3668 τοῦ
1120 3617 1320 3684 γνόφου
1364 3618 1571 3683 γίνεται
1609 3619 1664 3668 ἐν
1703 3611 1748 3683 ᾧ

168 3700 228 3772 ἦν
253 3709 453 3770 όΘεόςο
471 3707 570 3778 τὴν
591 3705 852 3778 διαθήκην
875 3708 1086 3776 δέχεται
1104 3723 1116 3736 ⁸
1134 3708 1285 3778 ἥλιος
1307 3710 1512 3776 γίνεται
1542 3709 1749 3775 ἀπροσ-

169 3797 429 3861 πέλαστος
490 3803 604 3862 τοῖς
657 3799 1138 3869 προσεγγίζουσιν,
1206 3799 1293 3852 τοῦ
1347 3799 1639 3870 προσώπου
1687 3799 1750 3852 τὸ

171 3887 282 3951 φῶς
305 3891 736 3960 ἀπαστράπτων.
759 3890 866 3943 Καὶ
896 3890 1012 3952 πῶς
1048 3889 1229 3953 πάσας
1257 3890 1548 3954 ἀναϐάσεις
1583 3888 1747 3944 αὑτοῦ

172 3977 232 4028 ἄν
260 3996 343 4042 τις
375 3982 471 4035 καὶ
493 3981 591 4042 τὰς
619 3980 936 4048 θεοφανείας
955 3981 1155 4044 ἐξέλθοι
1185 3981 1433 4045 ποικίλας
1468 3981 1544 4052 τῷ
1572 3981 1748 4050 λόγῳς

183 4069 314 4123 Ἀλλ’
329 4073 478 4142 ὅμως
499 4073 527 4124 6
545 4071 820 4134 τοσοῦτος,
845 4075 872 4124 ό
901 4073 1157 4134 τοιοῦτος.
1177 4074 1205 4124 6
1227 4077 1282 4124 ὲν
1300 4072 1575 4136 τοσούτοις
1603 4073 1754 4141 γενό-

176 4179 348 4229 μενος,
393 4166 490 4218 καὶ
527 4165 614 4218 διὰ
656 4166 907 4218 τοσοῦτον
936 4168 1073 4236 πρὸς
1108 4167 1200 4219 τὸν
1225 4167 1356 4218 Θεὸν
1387 4165 1640 4235 ὑψωθεὶς,
1671 4165 1751 4218 ἔτι

175 4252 458 4321 ἀπλήστως
492 4256 602 4323 ἕχει
633 4255 730 4324 τῆς
764 4255 1055 4325 ἐπιθυμίας
1103 4255 1193 4308 τοῦ
1237 4256 1506 4320 πλείονος,
1531 4256 1623 4308 καὶ
1657 4256 1751 4308 τοῦ

1845 3070 2182 3126 cadaveroso
2223 3075 2538 3140 legumento
2575 3067 2858 3134 denudat;
2922 3066 3120 3121 baculo
3159 3065 3432 3119 dracones

1848 3164 2136 3236 Egyptios
2167 3163 2442 3229 absumit;
2491 3162 2769 3216 nationem
2805 3176 2960 3215 suam
3015 3158 3318 3212 Pharaonis
3351 3166 3438 3226 ly-

1849 3257 2078 3312 rannide
2134 3256 2366 3320 liberat;
2427 3270 2524 3324 per
2573 3252 2772 3307 nubem
2828 3266 3052 3307 suorum
3083 3251 3282 3304 ductor
3330 3260 3441 3313 est;

1849 3351 2042 3404 dividit
2071 3364 2252 3416 mare;
2288 3347 2634 3416 tyrannidem
2679 3344 2976 3413 demergit;
3019 3343 3286 3395 Marrham
3315 3339 3445 3394 dui-

1850 3455 1966 3494 cem
1999 3439 2216 3501 reddit;
2258 3453 2449 3493 sarum
2478 3436 2678 3499 mollit;
2724 3435 3040 3502 angelorum
3071 3433 3196 3486 cibo
3228 3438 3448 3486 satura-

1851 3539 1972 3593 tur;
2005 3528 2157 3581 audit
2192 3528 2386 3591 tuhas;
2420 3525 2684 3580 audacter
2721 3532 2960 3577 montem
2990 3522 3270 3575 ardentem
3310 3535 3447 3574 coa-

1851 3620 2101 3686 scendit;
2140 3620 2192 3672 in
2229 3618 2490 3672 verticem
2527 3616 2814 3686 pervenit;
2852 3614 3051 3667 nubem
3084 3613 3274 3677 subit;
3309 3613 3449 3664 cali-

1849 3713 2030 3782 ginem
2067 3711 2258 3773 intrat,
2292 3709 2346 3762 in
2391 3723 2498 3777 qua
2537 3707 2676 3761 Deus
2701 3715 2849 3770 erat;
2900 3704 3080 3759 ftedus
3113 3703 3342 3772 accipit;
3388 3699 3448 3752 fit

1853 3804 1958 3865 sol,
2004 3803 2134 3856 dum
2183 3801 2398 3871 fulgens
2449 3816 2481 3854 e
2512 3799 2663 3852 vultu
2705 3797 2886 3850 lumen
2920 3795 3141 3858 emittit,
3193 3794 3259 3847 ad
3295 3792 3446 3863 quod

1853 3895 2115 3949 accedere
2165 3893 2393 3962 pr0pius
2443 3905 2603 3944 nemo
2634 3897 2840 3960 posset.
2871 3887 2934 3940 Et
2961 3888 3054 3956 qui
3093 3886 3316 3940 tandem
3345 3886 3450 3938 ali-

1853 3987 1978 4056 quis
2004 4000 2196 4038 omncs
2232 3983 2410 4051 ipsius
2457 3995 2726 4036 ascensus
2779 3981 3074 4048 variasque
3108 3977 3200 4032 Dei
3243 3975 3449 4045 patefa-

1855 4077 2064 4132 ctiones
2116 4073 2297 4127 verbis
2350 4071 2680 4126 enumeret?
2730 4069 3096 4123 Nihilominus
3133 4069 3216 4121 vir
3261 4076 3450 4123 tantus

1856 4184 1921 4224 ac
1945 4168 2091 4230 talis,
2133 4165 2226 4235 qui
2256 4165 2420 4218 tantis
2450 4163 2614 4218 rebus
2639 4164 2986 4222 interfuerat,
3028 4169 3081 4215 et
3112 4175 3286 4229 usque
3313 4160 3452 4214 adeo

1858 4259 1912 4312 in
1964 4256 2200 4312 sublime
2260 4254 2328 4307 ad
2384 4252 2552 4306 Deum
2603 4259 3008 4322 penetraverat,
3061 4250 3453 4304 insatiabiliter

176 4343 310 4396 κατά
343 4345 633 4416 πρόσωπον
667 4344 792 4396 ἰδεῖν
825 4345 916 4396 τὸν
945 4345 1077 4398 Θεὸν
1140 4348 1325 4416 ἱκέτης
1357 4347 1584 4415 γίνεται.
1613 4347 1744 4401 Καί-

1866 4349 2134 4419 ampliora
2169 4346 2535 4415 concupiscit,
2569 4361 2632 4398 ac
2661 4343 2986 4414 suppliciter
3013 4345 3166 4412 petit.
3195 4353 3250 4395 ιιι
3280 4340 3451 4396 Deutn

174 4447 252 4484 τοι
285 4437 731 4507 μαρτυρήσαντος
775 4435 873 4505 ἤδη
929 4437 1020 4490 τοῦ
1055 4437 1235 4506 λόγου,
1262 4440 1358 4509 τῆς
1408 4439 1550 4492 κατὰ
1576 4439 1748 4509 πρόσ-

175 4538 315 4576 ωπον
347 4527 512 4580 αὑτοῦ
547 4527 762 4597 ὁμιλίας
789 4527 1072 4596 ἠξιῶσθαι.
1107 4530 1244 4581 Ἀλλ’
1267 4531 1416 4600 ὅμως
1435 4529 1558 4582 οὔτε
1586 4530 1647 4582 τὸ
1677 4529 1752 4593 ὼς

177 4615 310 4686 φίλῳ
363 4620 894 4691 προσδιαλέγεσθαι·
929 4620 1052 4674 οὔτε
1094 4625 1125 4690 ἡ
1163 4623 1336 4692 στόμα
1384 4624 1524 4676 κατά
1581 4623 1756 4692 στόμα

177 4711 429 4782 γινομένη
467 4710 615 4781 αὐτῷ
652 4711 786 4781 πρὸς
833 4711 964 4764 Θεὸν
996 4713 1203 4782 ὁμιλία,
1257 4714 1355 4784 τῆς
1402 4713 1513 4765 τῶν
1553 4713 1756 4767 ἀνωτέ-

183 4813 285 4864 ρων
315 4801 476 4855 αὑτὸν
512 4801 808 4872 ἐπιθυμίας
829 4801 1061 4872 ἵστησιν.
1094 4803 1582 4876 Ἀλλ’,Εἰεῦρηκα,
1602 4805 1754 4874 φησι,

181 4889 335 4960 χάριν
356 4893 585 4947 ἐνώπιόν
621 4911 736 4954 σου,
772 4893 1072 4963 ἐμφάνισόν
1105 4911 1197 4965 μοι
1233 4895 1459 4948 σεαυτὸν
1481 4895 1762 4964 γνωστῶς.

184 4981 286 5035 Καὶ
318 4987 345 5037 6
373 4985 472 5058 τὴν
504 4986 818 5056 αἰτηθεῖσαν
847 4985 1004 5056 χάριν
1035 4985 1226 5039 δώσειν
1270 4987 1761 5058 ἐπαγγειλάμενος,

183 5072 209 5122 6
232 5074 418 5140 εἰπὼν,
458 5078 688 5146 "Eri-wr-
710 5077 785 5130 σὲ
813 5076 972 5144 παρὰ
996 5078 1248 5142 πάντας,
1292 5079 1632 5149 παρέρχεται
1669 5078 1768 5131 αὐ-

186 5161 270 5212 τὸν
293 5165 384 5217 ἐπὶ
415 5166 510 5222 τοῦ
557 5167 702 5220 θείου
748 5167 912 5220 τόπου
944 5169 1001 5219 ὲν
1033 5171 1101 5238 τῇ
1141 5169 1317 5238 πέτρᾳ
1340 5169 1446 5222 ὑπὸ
1475 5171 1574 5239 τῆς
1615 5169 1768 5232 θείας

187 5252 363 5320 χειρὸς
397 5255 803 5327 σκεπαζόμενον
847 5275 858 5286 ·
909 5257 1050 5310 ὥστε
1100 5261 1258 5328 μόγις
1307 5261 1434 5314 ἰδεῖν
1489 5261 1628 5332 μετά
1670 5264 1769 5332 τὴν

190 5339 415 5410 πάροδον
442 5348 606 5402 αὑτοῦ
639 5349 706 5401 τὰ
732 5348 971 5420 ὀπίσθια,
998 5350 1293 5415 Διδάσκων,
1326 5348 1500 5420 οἶμαι,
1525 5354 1615 5406 διὰ
1643 5353 1769 5407 τού-

189 5445 292 5483 των
328 5439 354 5488 ό
390 5439 566 5508 λόγος,
619 5442 699 5493 ὅτι
751 5443 779 5494 ό
813 5442 939 5496 ἰδεῖν
971 5443 1061 5495 τὸν
1093 5445 1225 5495 Θεὸν
1269 5445 1571 5514 ἐπιθυμῶν,
1602 5447 1660 5498 ἐν
1687 5445 1766 5517 τῷ

192 5519 275 5574 ἀεὶ
303 5528 448 5599 αὐτῷ
495 5531 812 5584 ἀκολουθεῖν
865 5535 966 5604 ὁρᾷ
1010 5534 1070 5586 τὸ
1102 5535 1463 5605 ποθούμενον,
1483 5536 1578 5588 καὶ
1604 5539 1636 5607 ή
1667 5535 1762 5590 τοῦ

192 5617 476 5682 προσώπου
505 5623 670 5678 αὐτοῦ
705 5623 906 5696 θεωρία
938 5627 1084 5679 ἐστὶν
1113 5630 1144 5698 ἡ
1179 5628 1456 5690 ἄπαυστος
1496 5630 1632 5698 πρὸς
1665 5629 1762 5682 αύ-

248 5783 503 5854 ”Joann.
527 5815 578 5864 χ,
606 5800 658 5855 9.
721 5801 764 5832 ‘°
792 5799 960 5856 Exod.
995 5818 1188 5870 χχχιιι,
1230 5803 1312 5858 l7.

1856 4443 1999 4496 facie
2033 4441 2208 4512 possit
2246 4439 2467 4492 intueri.
2506 4437 2671 4506 Atqui
2718 4436 2830 4504 jam
2880 4443 3006 4487 ante
3039 4442 3236 4488 testata
3268 4432 3450 4486 fuerat

1856 4532 2162 4602 Scriptura,
2212 4530 2411 4583 factam
2461 4530 2509 4583 ei
2552 4528 2724 4582 fuisse
2754 4527 2970 4594 copiam
3003 4525 3452 4579 conversationis

1854 4641 1978 4678 cum
2019 4623 2127 4678 Deo
2153 4623 2221 4676 de
2253 4622 2390 4675 facie
2426 4621 2493 4673 ad
2523 4619 2738 4672 faciem.
2775 4616 3145 4670 Nihilominus
3185 4632 3361 4686 neque
3395 4616 3452 4671 id

1855 4711 2000 4781 quod
2057 4713 2469 4779 colloqueretur-
2519 4723 2640 4762 cum
2694 4706 2805 4761 Deo
2861 4705 3021 4774 quasi
3077 4707 3285 4761 amicus
3315 4723 3440 4762 eum

1859 4806 2036 4858 amico
2061 4843 2077 4867 ,
2131 4819 2306 4872 neque
2341 4801 2485 4870 quod
2517 4799 2858 4852 familiariter
2889 4813 3013 4852 cum
3049 4813 3117 4853 eo
3154 4813 3454 4853 conversa-

1862 4907 2036 4958 retur,
2094 4895 2345 4948 inhibere
2380 4893 2740 4962 cupiditatem
2774 4891 2895 4959 ejus
2940 4897 3174 4960 poterat,
3225 4897 3283 4942 ut
3318 4891 3460 4944 ulte-

1863 4988 2008 5042 riora
2041 5002 2148 5040 non
2175 4995 2480 5055 expeteret.
2530 4983 2587 5036 Si
2621 4983 2877 5053 gratiam,
2911 4981 3108 5050 inquit,
3146 4980 3327 5033 inveni
3361 4996 3460 5036 co-

1865 5095 1983 5134 ram
2019 5087 2094 5144 te,
2132 5077 2430 5148 patefacito
2461 5077 2596 5130 mihi
2642 5078 2878 5145 teipsum
2917 5075 3012 5136 ita,
3064 5082 3122 5126 ut
3161 5087 3460 5142 agnoscere

1871 5181 1926 5226 te
1967 5170 2196 5240 possim.
2227 5167 2294 5222 Et
2330 5168 2378 5223 is
2408 5168 2502 5237 qui
2529 5168 2760 5234 gratiam
2790 5167 2933 5220 hanc
2959 5165 3062 5234 ipsi
3099 5163 3370 5217 fac-turum
3399 5180 3458 5221 se

1871 5263 2184 5333 pollicetur,
2215 5262 2296 5316 uti
2353 5271 2576 5331 rogatus
2609 5267 2729 5315 erat
2778 5258 2941 5328 (cum
2973 5255 3192 5326 quidem
3228 5255 3457 5318 diceret,

1875 5355 2012 5409 Novi
2043 5365 2090 5408 te
2117 5370 2285 5423 supra
2307 5369 2486 5406 omnes
2511 5353 2611 5420 ‘°),
2634 5351 2873 5420 praeterit
2899 5364 3022 5404 eum
3046 5347 3100 5400 in
3127 5346 3315 5400 divino
3344 5347 3464 5400 loco

1873 5447 1926 5499 in
1955 5455 2130 5516 petra,
2159 5461 2323 5499 manu
2353 5445 2538 5498 divina
2561 5450 2762 5498 tectum
2792 5459 2805 5494 :
2842 5442 2914 5493 ita
2943 5449 3001 5494 ut
3025 5441 3109 5492 vix
3141 5446 3262 5508 post
3281 5447 3465 5492 trans-

1872 5543 2008 5596 itum
2063 5543 2370 5611 posteriora
2423 5539 2519 5595 Dei
2570 5536 2938 5606 conspiceret.
3003 5535 3221 5603 Quibus
3257 5533 3461 5597 Verbis,

1871 5643 1930 5689 ut
1970 5633 2228 5706 equidem
2278 5633 2538 5697 arbitror,
2595 5630 2895 5696 docemur,
2969 5648 3096 5688 eum
3139 5631 3231 5701 qui
3280 5628 3462 5682 videre
