3866 6358
544 356 683 411 1027

1745 349 1801 405 S.
1845 344 2174 403 GllEGORlI
2211 345 2257 402 N
2270 347 2503 406 YSSENI
3660 348 3741 405 illis

539 475 713 531 Deum
745 476 952 547 cupiat,
988 473 1246 529 desiderii
1292 479 1601 543 compotem
1629 470 1748 525 fieri
1793 482 2012 539 semper
2042 482 2126 522 sc-

2233 466 2325 519 τὺν
2356 468 2584 538 πορεία,
2626 468 2814 542 πρόσω
2842 469 2931 523 διὰ
2959 469 3027 524 τὸ
3047 468 3272 524 κατόπιν
3307 468 3534 523 ἕπεσθαι
3560 469 3742 540 τῷιὶὸγῳ

540 569 781 640 quendo,
814 577 868 623 et
893 566 1091 621 divinae
1122 566 1281 621 faciei
1315 562 1711 634 contemplatio
1740 569 1825 617 est
1857 560 1939 616 ad.
1959 563 2129 618 Deum

540 680 820 734 nunquam
861 664 1169 733 interrupta
1222 660 1558 732 progressio,
1593 673 1717 729 quae
1762 666 1878 712 tum
1908 659 2129 714 demum

539 758 701 810 nobis
728 756 990 826 prmclare
1041 752 1310 817 succedit,
1359 767 1483 806 cum
1518 749 1760 805 Verbum
1796 765 1826 803 a
1864 759 2018 821 tergo
2043 765 2131 805 se-

537 850 780 918 quimur.
818 847 911 902 Sic
937 847 1106 918 igitur
1143 861 1291 900 nunc
1323 846 1488 900 etiam
1538 855 1894 915 posteaquam
1945 844 2129 899 anima

537 955 636 1010 per
674 947 904 993 mortem
941 938 1206 1003 surrexit,
1255 945 1616 1006 posteaquam
1652 934 1874 1006 myrrha
1924 935 2132 1004 repleta

535 1035 643 1091 est,
676 1035 1032 1097 posteaquam
1066 1041 1164 1096 per
1186 1039 1353 1094 opera
1379 1038 1577 1078 manus
1599 1022 1841 1078 admovit
1869 1022 2133 1089 claustro,

535 1135 705 1190 seque
760 1119 1205 1173 intromissuram
1264 1115 1637 1171 desideratum
1690 1113 1956 1185 speravit,
2016 1124 2133 1170 tum

534 1217 753 1272 demum
798 1214 889 1269 ille
927 1212 1150 1284 quidem
1196 1210 1457 1281 praeterit,
1527 1210 1642 1265 htec
1691 1225 1823 1273 vero
1893 1210 2194 1281 egreditur,

539 1307 773 1364 Verbum
806 1314 1059 1378 tangens,
1084 1304 1230 1374 quod
1264 1304 1332 1359 ad
1365 1303 1629 1359 ulteriora
1660 1303 1841 1363 ducit.

604 1401 739 1467 Quae
777 1407 957 1454 autem
990 1405 1302 1467 sequuntur
1327 1395 1516 1461 verba,
1570 1395 1747 1465 magis
1799 1394 1963 1450 etiam
1995 1410 2130 1451 con—

534 1492 758 1548 firmant
788 1490 1191 1546 consideratam
1226 1503 1255 1541 a
1277 1488 1437 1544 nobis
1458 1472 1733 1542 hactenus
1761 1489 2123 1543 sententiam:

533 1601 646 1639 non
674 1583 936 1654 cognosci
974 1591 1188 1636 natura:
1216 1581 1417 1636 divina:
1446 1580 1888 1652 magnitudinem
1920 1582 1975 1635 in
2003 1597 2127 1652 per-

536 1678 811 1747 cipiendo,
848 1677 944 1731 sed
1002 1678 1056 1730 in
1088 1689 1157 1730 eo
1194 1674 1339 1745 quod
1398 1688 1620 1729 omnem
1671 1674 2125 1744 imaginationem

535 1786 601 1826 ac
629 1770 762 1834 vim,
789 1786 895 1839 qua
926 1769 1058 1840 quid
1102 1766 1608 1839 comprehenditur,
1649 1774 1960 1837 praetereat.
1991 1767 2126 1822 Nam

534 1875 658 1929 quae
699 1867 852 1914 extra
887 1867 1143 1913 naturam
1197 1873 1355 1913 suam
1390 1872 1614 1928 egressa
1658 1857 1771 1926 jam
1800 1860 1985 1913 anima
2018 1866 2124 1925 est,

535 1968 603 2007 ne
637 1952 708 2007 ab
756 1952 863 2005 ulla
919 1967 980 2006 re
1024 1959 1288 2005 consueta
1342 1948 1676 2018 impediatur
1723 1949 1780 2004 in
1813 1951 2126 2020 cognitione

533 2059 719 2099 rerum
769 2043 873 2098 sub
917 2045 1111 2097 oculos
1160 2056 1270 2095 non
1319 2039 1632 2096 cadentium
1673 2060 1686 2096 :
1732 2057 1912 2112 neque
1945 2043 2123 2113 inqui-

534 2136 690 2191 rendi
717 2135 841 2199 hoc,
877 2132 1024 2204 quod
1060 2148 1169 2188 non
1197 2133 1531 2198 inveniebat,
1571 2136 1733 2188 linem
1764 2133 1913 2202 facit,
1947 2150 2126 2205 neque

533 2241 733 2280 vocare
758 2225 982 2290 desinit,
1016 2225 1163 2294 quod
1191 2225 1485 2294 caeteroqui
1516 2224 1752 2281 neminis
1780 2225 1962 2282 eﬂ'erri
1991 2242 2126 2283 voce

534 2327 739 2388 potest.
789 2315 882 2371 Sic
919 2318 1066 2370 enim
1097 2317 1215 2371 ait:
1254 2316 1486 2381 Quwsivi
1525 2332 1667 2377 eum.
1702 2327 1752 2372 et
1797 2336 1904 2373 non
1952 2320 2126 2374 inveni

530 2420 672 2465 eum.
708 2408 844 2463 Nam
891 2423 1004 2478 quo
1046 2418 1209 2477 pacto
1245 2407 1482 2462 inveniri
1530 2416 1738 2478 posset,
1771 2409 1922 2479 quod
1963 2412 2126 2465 nullae

533 2518 624 2559 res
656 2501 818 2557 nobis
859 2502 1094 2571 cognita:
1131 2498 1424 2554 ostendere
1468 2501 1744 2569 possunt?
1781 2516 1892 2555 non
1926 2500 2121 2565 forma,

530 2611 640 2650 non
672 2595 847 2654 color.
891 2608 1002 2647 non
1045 2590 1509 2660 circumscriptio,
1544 2607 1653 2646 non
1684 2592 1987 2661 quantitas,
2014 2609 2124 2647 non

529 2685 704 2749 locus,
740 2701 848 2739 non
876 2683 1074 2754 ﬁgura,
1110 2696 1219 2736 non
1244 2682 1590 2750 conjectura,
1621 2698 1728 2737 non
1771 2685 2119 2751 assimilatio,

529 2794 639 2831 non
663 2777 968 2848 proportio,
1002 2774 1097 2830 sed
1126 2774 1273 2843 quod
1307 2784 1524 2843 semper
1547 2781 1703 2828 extra
1731 2791 1952 2829 onmem
2000 2792 2125 2847 per-

530 2867 802 2935 ccptionis
846 2867 990 2921 viam
1040 2868 1303 2936 positum.
1345 2865 1895 2936 comprehensionem
1933 2882 2125 2935 perve'

530 2956 851 3027 stigantium
890 2956 1054 3024 plane
1097 2953 1257 3023 fugit.
1291 2952 1612 3023 Propterea,
1644 2954 1843 3024 inquit,
1891 2957 2121 3025 quaesivi

2237 562 2676 634 κατορθουμένη.
2729 562 2888 617 Οὕτω
2924 564 3103 617 τοίνυν
3147 563 3242 617 καὶ
3278 560 3396 617 ’νῦν
3440 564 3473 632 ἡ
3505 562 3656 632 ψυχὴ,
3689 563 3743 614 ὅτι

2234 654 2436 725 ἀνέστη
2469 644 2683 708 διάτοῦ
2710 654 3071 718 θανάτου,ὅτε
3109 654 3401 726 ἐπληρώθη
3432 656 3526 724 τῆς
3549 653 3744 725 σμύρνης,

2231 747 2321 800 ὅτε
2342 749 2662 819 προσήγαγε
2690 748 2768 819 τῷ
2784 747 3019 820 κλείθρῳ
3043 747 3132 801 διὰ
3155 748 3263 800 τῶν
3286 747 3467 818 ἔργων
3494 746 3584 809 τὰς
3600 750 3743 815 piem,

2233 841 2328 894 καὶ
2357 841 2735 894 ἐσοικίσασθαι
2764 840 2859 893 τὸν
2902 839 3236 911 ποθούμενον
3261 838 3463 910 ἤλπισε
3482 852 3496 865 °
3516 837 3621 889 τότε
3639 836 3662 887 ὁ
3683 835 3744 904 μὲν

2235 932 2595 1005 παρέρχεται,
2617 935 2651 1005 ἡ
2672 933 2729 987 δὲ
2750 932 3050 1005 ἐξέρχεται,
3069 932 3255 985 οὐκέτι
3285 929 3521 1001 μένουσα
3537 930 3588 980 ἐν
3608 921 3670 989 οἷς
3688 922 3743 994 ἦν·

2233 1024 2369 1079 ἀλλὰ
2401 1025 2495 1078 τοῦ
2532 1024 2709 1094 Λόγου
2746 1026 2838 1079 ἐπὶ
2883 1026 2951 1079 τά
2984 1023 3187 1095 ,πρόσω
3237 1020 3632 1094 προηγουμένου
3668 1021 3745 1086 ἐυσ-

2235 1118 2500 1190 πτομένη.

2237 1229 2348 1270 non
2400 1214 2636 1285 amplius
2687 1228 2919 1270 manens
2957 1212 3013 1267 in
3063 1212 3153 1279 iis,
3201 1212 3257 1265 in
3288 1208 3495 1282 quibus
3527 1216 3642 1271 erat,
3684 1203 3744 1258 sed

2319 1396 2379 1449 Ὀ
2405 1396 2463 1451 δὲ
2494 1394 2693 1466 ἐφεξῆς
2718 1395 2875 1465 λόγος
2918 1393 3116 1467 μᾶλλον
3142 1396 3273 1466 ἡμῖν
3317 1390 3525 1463 βεϐαιοί
3559 1390 3641 1459 τὴν
3663 1405 3744 1457 προ

2237 1487 2609 1560 θεωρηθείσαν
2639 1487 2899 1552 διάνοιαν,
2938 1487 3020 1540 ὅτι
3052 1487 3151 1540 οὐκ
3181 1488 3240 1540 ὲν
3285 1484 3368 1557 τῷ
3407 1480 3743 1551 καταλαμδάνῖ·

2237 1580 2362 1635 σθαι
2394 1580 2455 1633 τὸ
2503 1580 2735 1652 μέγεθος
2768 1580 2869 1652 τῆς
2897 1578 3050 1643 θείας
3076 1577 3404 1651 γνωρίζεται
3436 1574 3644 1646 φύσεως,

2232 1671 2292 1724 ἐν
2328 1668 2410 1741 τῷ
2443 1670 2698 1743 παριέναι
2734 1671 2916 1725 πᾶσαν
2950 1667 3368 1741 καταληπτικὴν
3395 1665 3660 1737 φαντασίαν
3682 1662 3742 1716 ui

2228 1762 2481 1832 δύναμιν.
2520 1761 2584 1814 Ἦ
2616 1760 2725 1831 γὰρ
2750 1761 2963 1815 ἐκϐᾶσα
2995 1761 3097 1832 ἠδη
3130 1760 3228 1830 τὴν
3256 1759 3426 1830 φύσιν
3447 1756 3599 1827 ψυχὴ,
3623 1757 3679 1818 ὼς
3702 1755 3741 1807 ἂν

2232 1854 2423 1925 μηδενὶ
2466 1852 2576 1908 τῶν
2606 1852 2854 1924 συνήθων
2897 1854 3036 1925 πρὸς
3061 1852 3159 1923 τὴν
3186 1851 3391 1920 γνῶσιν
3432 1849 3535 1904 τῶν
3565 1850 3739 1918 ἀοράτων

2228 1950 2497 2004 κωλύοιτο
2522 1967 2536 1982 ’
2559 1948 2683 2004 οὔτε
2705 1948 2947 2020 ζητοῦσα
2967 1946 3028 2001 τὸ
3052 1946 3126 2016 μὴ
3160 1945 3543 2016 εὑρισκόμενον
3568 1942 3736 2001 ἵσταται.

2226 2038 2349 2093 οὔτε
2385 2039 2628 2095 καλοῦσα
2660 2039 2722 2093 τὸ
2771 2037 3154 2110 ἀνεκφώνητον
3201 2038 3458 2093 παύεται,
3488 2036 3607 2107 Φησὶ
3640 2036 3736 2104 γάρ’

2227 2132 2310 2185 ὅτι
2364 2132 2659 2201 Ἐζτιὶτησα
2695 2132 2902 2195 αὑτὸν,
2938 2130 3036 2184 καί
3068 2131 3182 2199 οὐχ
3228 2124 3416 2198 εὗρον
3449 2128 3628 2182 αὐτόν.
3660 2124 3739 2185 Πᾶς

2227 2225 2337 2295 γάρ
2363 2223 2430 2278 ἂν
2459 2224 2731 2295 εὑρεθείη,
2756 2223 2784 2276 ὃ
2812 2221 3007 2294 μηνύει
3038 2219 3147 2275 τῶν
3180 2220 3589 2291 γινωσκομένων
3614 2216 3734 2273 οὖδένς

2228 2317 2333 2373 οὐκ
2373 2313 2532 2382 εἶδος,
2563 2316 2625 2370 οὐ
2660 2314 2876 2387 χρῶμα,
2905 2314 2968 2367 οὐ
2998 2312 3337 2385 περιγραφὴ,
3363 2312 3424 2365 ού
3456 2310 3670 2378 ποσότης,
3694 2310 3732 2358 οὐ

2226 2410 2409 2473 τόπος,
2446 2409 2506 2461 οῦ
2540 2408 2747 2480 σχῆμα,
2778 2407 2838 2461 οῦ
2886 2406 3218 2477 στοχασμὸς,
3252 2404 3355 2458 οὐκ
3389 2402 3651 2474 εἰκασμὸς,
3674 2401 3734 2451 οὐκ

2228 2501 2511 2571 ἀναλογία·
2549 2501 2685 2555 ἀλλὰ
2716 2500 2897 2571 πάσης
2924 2498 3341 2568 καταληπικῆς
3380 2497 3559 2567 ἐφόδου
3598 2493 3731 2558 ὲξώτε·

2229 2612 2322 2667 ρον
2354 2595 2445 2649 ἀεὶ
2481 2594 2891 2667 εὑρισκόμενον,
2926 2590 3185 2661 ἐκφεύγει
3217 2591 3437 2653 πάντως
3455 2588 3545 2660 τὴν
3570 2583 3732 2651 τῶνξι·

2226 2682 2666 2755 τούντωνλαὸήν³
2701 2684 2789 2739 διὰ
2814 2684 2974 2737 τοῦτό
3005 2700 3194 2754 φησιν,
3231 2682 3405 2735 Αὑτὸν
3442 2676 3733 2749 eamme

2225 2776 2334 2831 τῶν
2367 2775 2677 2850 εὑρητικῶν
2721 2776 2822 2846 τῆς
2871 2773 3053 2845 ψυχῆς
3096 2773 3402 2844 δυνάμεων,
3450 2774 3504 2825 ἐν
3533 2766 3732 2838 λογισμοῖς

2227 2871 2324 2924 καὶ
2357 2872 2598 2943 νοήμασι
2642 2886 2654 2899 ·
2690 2870 2784 2923 καὶ
2817 2870 3036 2932 πάντως
3068 2864 3335 2938 ὲξώτερος
3388 2861 3490 2937 ἦν,
3515 2864 3594 2918 τὸν
3620 2875 3733 2929 apo?

2228 2963 2494 3033 εγγισμὸν
2539 2961 2643 3031 τῆς
2671 2960 2909 3024 διανοίας
2957 2958 3372 3029 διαδιδράσκων.
3426 2958 3481 3009 ’0
3507 2956 3557 3009 δὲ
3597 2948 3731 3009 παντὸς

530 3063 655 3104 eum
697 3061 794 3117 per
845 3045 1015 3100 animi
1063 3044 1357 3100 facultates
1393 3060 1509 3108 eas,
1560 3061 1682 3115 qua:
1726 3047 2041 3102 inveniendi
2080 3050 2126 3103 vi

2234 3054 2597 3127 γνωριστικοῠ
2617 3054 2964 3127 χαρακτῆρος
2993 3052 3256 3124 ὲξώτερος
3279 3051 3371 3104 ἀεὶ
3408 3047 3729 3120 εὑρισκόμενῦςι

529 3141 770 3211 praedita:
810 3146 961 3199 sunt,
1005 3152 1102 3207 per
1134 3137 1587 3193 ratiocinationes
1634 3146 1688 3192 et
1722 3140 2127 3209 cogitationes;

531 3245 585 3286 at
614 3243 769 3285 extra
812 3231 928 3285 haec
960 3230 1144 3283 omnia
1176 3230 1389 3299 positus
1414 3237 1554 3290 erat.
1607 3245 1896 3287 accessum
1929 3233 2131 3287 mentis

529 3325 843 3394 prepiorem
897 3319 1185 3391 effugiens.
1243 3318 1347 3385 Qui
1401 3336 1535 3374 vero
1582 3335 1805 3390 semper
1853 3323 2132 3392 reperitur

530 3416 679 3471 omni
714 3425 840 3469 nota
874 3429 1084 3475 carere,
1116 3412 1182 3467 de
1212 3427 1318 3481 qua
1349 3412 1525 3482 possit
1554 3413 1803 3485 agnosci,
1834 3430 1944 3484 quo
1969 3424 2131 3485 pacto

530 3516 695 3578 queat
722 3509 768 3561 is
805 3522 900 3577 per
936 3505 1329 3560 iudicationem
1361 3504 1605 3575 aliquam
1636 3520 1831 3560 vocum
1877 3509 2131 3578 percipi?

532 3599 685 3654 Hanc
708 3599 778 3652 ob
800 3612 1026 3654 causam
1045 3598 1319 3668 excogitat
1346 3597 1569 3668 quidem
1591 3597 1702 3653 vim
1734 3600 2128 3654 vocabulorum

529 3692 710 3747 omnis
740 3693 977 3761 generis,
1031 3689 1098 3744 ad
1135 3690 1559 3760 explicationem
1593 3690 1723 3745 boni
1763 3690 1889 3761 ejus
1936 3692 2132 3747 ineﬂ‘a-

528 3785 681 3847 bilis,
717 3783 813 3839 sed
844 3783 990 3837 enim
1031 3782 1212 3838 omnis
1241 3781 1324 3837 vis
1353 3781 1647 3847 orationis,
1676 3797 1784 3852 qua
1810 3782 1943 3852 quid
1977 3782 2132 3839 eﬂer—

529 3885 641 3939 tur,
678 3875 908 3931 inferior
937 3882 1043 3941 est,
1077 3883 1132 3930 et
1164 3875 1391 3928 minime
1418 3876 1715 3930 veritatem
1749 3890 1971 3945 aequare
2002 3890 2135 3931 con-

528 3967 786 4023 vincitur.
850 3964 1062 4020 ldcirco
1119 3966 1223 4020 ait:
1282 3964 1485 4020 Vocavi
1549 3965 1771 4036 quidem
1823 3967 2128 4037 (quantum

530 4058 715 4131 potiti)
744 4057 1110 4127 excogitando
1141 4070 1306 4111 voces
1336 4058 1542 4127 quibus
1566 4057 1861 4113 ineﬂ‘abilis
1883 4060 1975 4113 illa
1999 4060 2130 4114 bea-

531 4151 709 4205 titudo
752 4156 1318 4214 commonstraretur;
1364 4156 1420 4201 at
1446 4148 1538 4203 ille
1567 4149 1750 4219 major
1792 4161 1931 4216 erat,
1964 4166 2128 4221 quam

532 4245 629 4315 qui
676 4260 775 4315 per
807 4244 907 4319 has
940 4240 1372 4310 signiﬁcationes
1426 4238 1660 4294 indicari
1709 4249 1919 4310 posset.
1975 4240 2130 4297 Facit

533 4339 637 4393 hoc
671 4349 1046 4406 saepenumero
1080 4333 1245 4387 etiam
1274 4347 1507 4401 magnus
1536 4332 1628 4387 ille
1659 4330 1853 4395 David,
1890 4332 2126 4389 inﬁnitis

2233 3146 2353 3219 πῶς
2368 3147 2435 3201 ἂν
2453 3148 2542 3201 διά
2563 3163 2708 3210 τινος
2733 3145 3098 3217 όνομαστικῆς
3122 3143 3400 3215 σημασίας
3425 3134 3728 3212 περιληφθείς

2230 3237 2434 3291 Τούτου
2462 3239 2621 3309 χάριν
2650 3238 2855 3291 ἐπινοεῖ
2880 3236 2978 3308 μὲν
3002 3233 3261 3288 παντοίαν
3288 3232 3557 3303 ὀνομάτων
3575 3228 3731 3293 δύναμίν

2229 3331 2312 3394 εἰς
2337 3330 2434 3402 τὴν
2471 3329 2566 3385 τοῦ
2596 3330 2878 3401 ἀφράστου
2912 3325 3120 3398 ἀγαθοῦ
3171 3325 3467 3396 σημασίαν,
3500 3312 3730 3393 ήττᾶτιιδέ

2233 3425 2386 3478 πᾶσα
2413 3423 2686 3495 φραστικὴ
2701 3422 2862 3491 λόγου
2883 3421 3133 3492 δύναμις,
3151 3419 3245 3473 καὶ
3271 3420 3373 3489 τῆς
3397 3409 3730 3495 ἀληθείας

2231 3533 2337 3568 των
2393 3494 2695 3585 ἐλέγχεται,
2750 3515 2844 3571 Διό
2896 3527 3061 3583 φησιν
3099 3524 3112 3539 ·
3159 3508 3303 3577 Ἐγὼ
3355 3508 3452 3579 μὲν
3483 3494 3729 3560 ὲκάλουνώς

2229 3606 2524 3676 ἐδυνάμην,
2556 3604 2846 3659 ἐπινοοῦσα
2896 3601 3079 3671 φωνὰς
3124 3600 3458 3663 ὲνδεικτικάς
3494 3597 3579 3665 τῆς
3611 3586 3729 3659 ἀφρί-

2232 3711 2358 3747 στου
2420 3695 2824 3765 μακαριότητος
2847 3709 2861 3722 θ
2887 3694 2917 3746 ὁ
2943 3691 3000 3745 δὲ
3049 3691 3314 3763 κρείττων
3347 3686 3414 3761 ἦν
3441 3689 3530 3758 τῆς
3553 3682 3639 3737 τῶν
3658 3695 3730 3747 σε·

2233 3786 2578 3858 μαινομένων
2631 3784 2909 3851 ἐνδείξεως
2946 3824 2958 3837 .
2998 3775 3123 3836 Οἷον
3174 3782 3240 3853 δὴ
3286 3784 3431 3836 ποιεῖ
3459 3780 3542 3832 καὶ
3564 3779 3588 3829 ό
3613 3772 3728 3843 μέγας

2229 3880 2416 3944 Δαϐὶδ,
2448 3878 2708 3941 πολλάκις
2740 3876 2957 3947 μυρίοις
2979 3875 3202 3945 ὀνόμασι
3235 3874 3295 3928 τὸ
3318 3860 3467 3931 Θείον
3487 3867 3649 3925 καλῶν.
3668 3859 3727 3912 καὶ

2230 3969 2500 4042 ἡττᾶσθαι
2526 3970 2628 4040 τῆς
2676 3968 2939 4040 ἀληθείας
2969 3967 3267 4038 ὁμολογῶν.
3296 3967 3369 4019 Συ
3407 3964 3522 4033 γὰρ,
3550 3951 3727 4030 φησὶννδ

2228 4064 2381 4127 Θεὸς,
2439 4045 2800 4132 οἰκτείρμων,
2832 4061 2928 4114 καὶ
2986 4060 3254 4131 ἐλεήμων,
3306 4055 3643 4129 μακρόθυμος,
3669 4044 3725 4095 καὶ

2230 4156 2535 4219 πολυέλεος,
2570 4155 2663 4209 καὶ
2705 4154 2978 4225 ἀληθινὸς,
3025 4154 3118 4207 καὶ⁸
3167 4154 3339 4223 ἰσχὺς,
3375 4152 3463 4205 καὶ
3496 4144 3723 4216 στερέωμαι

2228 4247 2545 4318 καταφυγὴ,
2577 4247 2673 4302 καὶ
2699 4246 2951 4317 δύναμις,
2978 4247 3073 4300 καὶ
3104 4244 3315 4316 βοηθὸς.
3334 4243 3426 4296 καὶ
3443 4237 3721 4306 ἀντιληπτωῆ

2228 4341 2326 4396 καὶ
2382 4341 2553 4411 κέρας
2608 4340 2902 4411 σωτηρίας.
2949 4340 3044 4391 καὶ⁸
3075 4339 3143 4391 τὰ
3192 4336 3414 4391 τοιαῦτα
3476 4331 3571 4387 Καὶ
3620 4324 3720 4378 πάλιν

529 4430 849 4487 nominibus
886 4426 1094 4481 Numen
1128 4426 1374 4480 divinum
1419 4426 1781 4495 compellans,
1811 4442 1878 4482 ac
1907 4428 2118 4480 nihilo-

2231 4406 2482 4501 όμολογεί
2511 4432 2594 4484 ὅτι
2616 4406 2789 4500 ὄνομα
2829 4428 2994 4481 αὑτοῦ
3027 4429 3086 4482 ἐν
3123 4428 3271 4500 πάσῃ
3296 4430 3361 4498 τῇ
3391 4429 3458 4497 γῇ
3488 4423 3591 4491 οὐχὶ
3619 4412 3721 4483 γινώ-

532 4526 716 4579 minus
765 4522 1050 4578 veritatem
1093 4535 1154 4575 se
1199 4534 1308 4573 non
1353 4519 1577 4589 assequi
1607 4518 1827 4575 fatetur.
1888 4520 1994 4585 Tu,
2037 4522 2126 4575 in-

532 4619 673 4689 quit,
725 4615 868 4671 Deus
902 4630 985 4679 es,
1033 4613 1349 4674 miserator,
1386 4612 1758 4684 longanimus,
1801 4616 1988 4669 multa:
2021 4615 2129 4668 mi-

534 4709 870 4773 sericordiae,
917 4721 1082 4761 verax
1106 4707 1175 4771 σί,
1225 4713 1283 4759 tn
1316 4690 1506 4763 robur.
1548 4706 1982 4771 firmamentum,
2037 4722 2124 4761 re-

537 4799 779 4861 fugium,
814 4798 917 4860 vis,
969 4795 1210 4864 adjutor,
1248 4794 1566 4864 opitulator.
1615 4811 1788 4851 cornu
1838 4798 2034 4854 salutis
2058 4800 2124 4864 ",

532 4893 749 4962 aliaque
789 4889 940 4942 talia.
983 4887 1223 4943 Rursum
1263 4885 1431 4941 David
1486 4886 1628 4942 idem
1688 4887 1890 4943 fatetur
1923 4904 2122 4945 nomen

529 4984 653 5053 ejus
706 4981 760 5034 in
806 4985 921 5033 tota
970 4985 1117 5031 terra
1156 4982 1348 5031 notum
1393 4991 1502 5030 non
1555 4991 1701 5043 esse,
1758 4978 1857 5033 sed
1912 4988 2124 5034 tantum

530 5087 654 5125 esse
690 5070 746 5124 in
779 5066 1166 5122 admiratione.
1205 5064 1381 5131 Quam
1420 5064 1760 5131 admirabile,
1796 5069 1893 5131 ait,
1936 5087 2127 5133 nomen

533 5171 678 5217 tuum
735 5172 811 5216 est
881 5175 973 5229 per
1019 5159 1322 5211 universam
1371 5166 1569 5211 terram
1591 5160 1675 5213 ‘3!
1718 5158 1809 5215 Sic
1855 5161 2020 5215 etiam
2056 5163 2121 5216 ad

531 5252 758 5307 Manoen
819 5250 998 5320 inquit
1036 5248 1082 5304 is
1112 5247 1206 5318 qui
1241 5247 1560 5301 vaticinium
1597 5248 1646 5302 ei
1678 5249 1747 5303 de
1775 5250 1885 5303 lilio
1906 5251 2122 5318 edebat,

529 5361 650 5400 cum
681 5346 1049 5412 interrogatus
1071 5341 1139 5396 de
1161 5340 1406 5399 nomine.
1442 5341 1769 5408 respondet:
1812 5342 1870 5396 ld
1901 5343 2122 5412 quidem

530 5446 613 5492 est
642 5437 962 5491 admirabile
995 5433 1154 5493 mihi,
1191 5447 1255 5486 ac
1294 5433 1584 5488 sublimius
1613 5447 1781 5501 quam
1813 5436 1974 5502 cujus
2001 5451 2125 5492 esse

529 5542 697 5590 capax
728 5528 881 5583 auris
913 5526 1153 5580 humana
1198 5524 1460 5597 possit“.
1506 5522 1801 5593 Propterea
1836 5525 1924 5578 hic
1957 5528 2121 5581 etiam

529 5622 710 5673 anima
753 5628 913 5673 vocat
946 5617 1188 5673 Verbum
1237 5628 1501 5688 quantum
1552 5623 1757 5684 potest,
1814 5632 1914 5671 nec
1948 5627 2127 5686 potest

2232 4539 2456 4583 σκεται,
2510 4520 2649 4574 ἀλλά
2695 4516 3053 4589 θαυμάζεται.
3104 4516 3194 4582 Ὠς
3271 4512 3587 4584 θαυμαστὸν
3627 4505 3718 4573 γὰρ·

2231 4611 2385 4681 φησὶ,
2432 4609 2500 4664 τό
2533 4608 2722 4679 ὄνομά
2750 4623 2868 4662 σου
2905 4608 2975 4660 ἐν
3013 4605 3178 4675 πάσῃ
3207 4606 3282 4676 τῇ
3322 4606 3421 4675 γῇ]
3442 4604 3601 4662 Οὕτως
3636 4591 3718 4663 φησὶ

2231 4704 2326 4758 καὶ
2362 4703 2500 4774 πρὸς
2535 4702 2627 4757 τὸν
2654 4701 2857 4756 Μανωὲ
2910 4703 2939 4755 ό
2964 4700 3094 4770 περὶ
3118 4698 3212 4753 τοῦ
3254 4699 3442 4762 παιδὸς
3472 4691 3609 4748 αὑτοῦ
3634 4701 3716 4756 χρη·

2234 4793 2485 4865 ματίσας,
2526 4793 2615 4847 ὅτε
2647 4792 2908 4865 ἠρωτήθη
2944 4793 3072 4861 περὶ
3124 4790 3215 4845 τοῦ
3266 4782 3715 4861 ὀνόματοςῶαθσγ

2236 4888 2439 4959 μαστόν
2469 4890 2586 4942 ἐστι
2617 4886 2774 4942 τοῦτο
2813 4887 2907 4940 καὶ
2935 4890 3182 4957 κρεῖττον
3211 4886 3244 4956 ἦ
3276 4886 3413 4940 ὥστε
3445 4885 3537 4938 ὑπὸ
3560 4881 3634 4947 τῆς
3659 4874 3713 4924 ἀν’

2231 4980 2511 5052 θρωπίνης
2556 4981 2726 5053 ἀκοῆς
2767 4979 3102 5051 χωρηθῆναι.
3150 4977 3248 5031 Διά
3295 4977 3446 5031 τοῦτο
3476 4974 3556 5029 καὶ
3584 4960 3711 5041 “alii

2229 5071 2323 5124 τὸν
2345 5067 2522 5138 Λόγον
2556 5072 2713 5124 καλεί
2745 5072 2842 5141 μὲν
2881 5071 2957 5133 ὡς
2999 5070 3253 5125 δύναται·
3285 5069 3494 5123 δύναται
3516 5066 3561 5117 δὲ
3576 5061 3646 5126 οὐχ
3669 5055 3710 5111 ὡς

2239 5163 2508 5235 βούλεται.
2568 5164 2825 5217 Βούλεται
2875 5162 2986 5233 γάρ
3026 5163 3186 5216 πλέον
3220 5162 3252 5233 ἢ
3290 5162 3536 5215 δύναται·
3562 5155 3609 5207 οὐ
3649 5148 3710 5215 μὴν

2233 5256 2353 5309 οὐδὲ
2385 5256 2640 5309 τοσοῦτον
2667 5255 2973 5325 θελήσεται,
2997 5256 3117 5308 ὅσον
3140 5255 3310 5307 ἐκεῖνό
3365 5257 3515 5309 ἐστιν,
3536 5242 3710 5300 ἀλλ’ὅεθν

2236 5345 2627 5416 βουληθῆναιὴ
2665 5346 2982 5415 προαίρεσις
3030 5346 3271 5399 δύναται.
3308 5344 3452 5397 Ἐπεὶ
3494 5336 3571 5393 οὖν
3594 5332 3711 5392 avg?“

2233 5438 2360 5499 κτός
2390 5439 2536 5490 ἐστιν
2569 5440 2597 5490 ὁ
2626 5438 2959 5506 καλούμενος
2998 5441 3062 5510 τῇ
3100 5437 3190 5490 τοῦ
3227 5437 3503 5495 καλοῦντος
3525 5420 3709 5510 ὁρμῇγδίῆ

2232 5529 2387 5582 τοῦτό
2424 5545 2620 5599 φησιν·
2657 5528 2947 5583 Ἐκάλεσα
2969 5531 3175 5594 αὐτόν,
3207 5529 3304 5581 καὶ
3338 5529 3444 5597 οὐχ
3482 5506 3707 5587 ὑπήκουίέ

2229 5638 2368 5688 μου.

529 5716 741 5764 tantum
777 5716 1038 5779 quantum
1063 5709 1211 5764 vult:
1245 5710 1445 5781 quippe
1468 5724 1590 5780 qua:
1614 5710 1738 5779 plus
1765 5710 1912 5773 velit,
1948 5726 2111 5779 quam
2152 5713 2351 5784 possit,
2380 5712 2489 5765 imo
2514 5728 2581 5765 ne
2612 5720 2822 5766 tantum
2847 5713 3065 5782 quidem
3092 5715 3229 5770 velle
3289 5722 3474 5785 potest,
3528 5709 3706 5779 quantum

593 5800 637 5834 ει
664 5798 814 5856 Psal.
853 5815 948 5865 cn,
984 5801 1016 5855 8
1053 5817 1176 5873 sqq.

1287 5802 1331 5833 “
1361 5800 1506 5858 Psal.
1559 5818 1690 5869 xvn,
1718 5803 1753 5855 Ξ
1778 5818 1899 5872 sqq.
1940 5804 1984 5834 ⁸³
2009 5801 2157 5864 Psal.
2191 5821 2309 5867 vni,
2350 5803 2401 5858 1.

2491 5803 2731 5859 "‘Jndic.
2754 5820 2869 5866 xm,
2915 5805 3001 5860 18.
