3866 6356
302 362 437 416 1020

1377 364 1444 419 lN
1479 362 1775 420 CANTICA
1818 358 2091 418 CANTIC.
2134 360 2419 420 HOMILIA
2464 363 2580 421 XII.

3226 270 3255 296 Ι

3430 369 3563 425 1οῗιο

292 476 429 533 illud
452 484 557 541 est,
581 477 675 532 sed
699 486 963 548 quantum
994 486 1110 534 toto
1134 479 1298 533 animi
1318 478 1500 534 studio
1520 478 1655 533 velle
1706 483 1909 548 potest.
1984 472 2174 546 Itaque
2199 491 2325 533 cum
2354 478 2402 535 is
2435 479 2531 550 qui
2569 487 2746 546 vocat,
2801 481 3022 552 assequi
3056 484 3240 545 studio
3268 499 3370 543 suo
3396 498 3564 540 voca-

291 574 412 622 tum
444 582 553 622 non
583 570 787 639 possit,
822 570 1029 625 idcirco
1056 571 1280 638 dicitur,
1310 571 1498 627 Vocavi
1519 587 1660 637 eum,
1694 580 1741 625 et
1772 584 1878 623 non
1916 566 2085 621 audiit
2118 584 2214 622 me.

369 660 512 713 Ὅσα
551 659 607 714 δὲ
635 664 750 724 τοῖς
780 661 1089 733 εἰρημένοις
1125 665 1158 733 ὴ
1189 661 1376 734 νύμφη
1406 663 1750 734 προστίθησι,
1785 659 1880 714 κᾶν

2064 658 2196 725 Quae
2229 667 2410 715 autem
2447 676 2614 732 porro
2643 663 2730 721 bis
2757 663 2947 735 adjicit
2976 680 3214 736 sponsa,
3254 680 3573 736 quanquam

293 752 757 826 σκυθρωποτέραν
790 755 931 809 κατὰ
968 755 1031 809 τὸ
1069 755 1357 827 πρόχειρον
1380 756 1475 826 ἔχῃ
1507 756 1606 826 τὴν
1630 754 1879 821 ἔνδειξιν⁹

290 842 408 896 ἀλλ’
442 842 567 913 ἐμοὶ
598 843 749 896 δοκεῖ
788 844 924 915 πρὸς
966 845 1056 898 τὸν
1091 845 1252 899 αὑτὸν
1290 846 1755 916 σκοπὸν.βλέπειν,
1786 845 1882 898 καὶ

291 936 397 1006 τῆς
438 937 550 990 τῶν
593 936 941 1007 ὑψηλοτέρων
974 936 1293 1000 ἀναϐάσεως
1331 936 1724 1007 ἔχεσθαι.Φησὶ
1750 936 1879 1007 γὰρ,

291 1030 577 1100 Εὔροσάν
603 1047 681 1100 με
709 1031 763 1084 οἱ
794 1030 1066 1099 φύλακες
1104 1033 1158 1084 οὶ
1185 1030 1555 1095 κυκλοῦντες
1578 1029 1648 1082 ἐν
1674 1028 1752 1097 τῇ
1784 1030 1884 1082 πό·

288 1124 408 1177 λει.
472 1119 813 1186 Ἐπάταξὰν
847 1137 947 1190 με,
996 1120 1440 1190 ἐτραυμάτισάν
1474 1138 1582 1191 με,
1621 1117 1774 1191 ἦραν
1814 1120 1897 1175 τὸ.

291 1214 608 1284 θέριστρον
624 1214 724 1269 ἀπ’
737 1213 884 1283 ἐμοῦ
909 1217 963 1267 ol
989 1214 1260 1283 φύλακες
1277 1213 1396 1267 τῶν
1420 1213 1680 1283 τειχέων,
1699 1213 1881 1267 Ταῦτα

291 1305 403 1377 γὰρ
424 1306 552 1370 ἴσως
571 1305 711 1371 δόξει
727 1306 869 1358 τισὶν
890 1305 1220 1376 ὀδυρομένης
1245 1294 1465 1375 μᾶλλον,
1492 1308 1635 1378 ἤπερ
1656 1307 1882 1377 εὐφραι-

288 1398 521 1469 νομένης
540 1392 770 1451 εἶναιτὰ
798 1399 1042 1469 ῥήματα,
1080 1398 1141 1450 τὸ
1174 1397 1536 1462 Ἐπάταξαν,
1566 1399 1659 1452 καὶ
1674 1399 1880 1468 ἐτραυ-

284 1489 579 1559 μάτισαν,
612 1489 705 1543 καὶ
736 1488 894 1556 ἦραν
927 1488 992 1542 τὸ
1030 1487 1341 1557 θέριστρον
1367 1506 1381 1521 ·
1421 1489 1498 1560 τῷ
1530 1490 1587 1543 δὲ
1636 1489 1881 1561 ἀκριϐῶς

290 1580 689 1652 ἑπεσκεμμένῳ
717 1580 815 1650 τὴν
842 1578 950 1632 τῶν
977 1577 1283 1651 λεγομένων
1313 1580 1573 1644 διάνοιαν,
1605 1583 1882 1653 μεγαλαυ-

288 1672 565 1743 χουμένης
594 1672 685 1724 ἐπὶ
711 1673 823 1734 τοῖς
863 1670 1168 1735 καλλίστοις
1203 1674 1342 1726 εἰσιν
1378 1674 1434 1726 αί
1467 1673 1661 1742 φωναί.
1693 1672 1881 1736 Οὕτως

288 1763 337 1818 δ’
363 1763 428 1818 ἂν
457 1764 666 1832 γένοιτο
714 1765 845 1836 ἡμῖν
878 1766 1188 1835 καταφανὲς
1217 1765 1280 1819 τὸ
1323 1765 1635 1837 λεγόμενον⁶
1675 1766 1880 1837 Μικρὸν

292 1858 401 1929 πρὸ
437 1856 641 1910 τούτων
672 1857 731 1910 ὲν
762 1860 877 1922 τοῖς
904 1859 1154 1919 κατόπιν,
1188 1857 1513 1928 καθαρεύειν
1546 1858 1715 1929 αὐτὴν
1743 1876 1881 1913 παν-

1985 750 2167 819 primo
2196 751 2346 805 velut
2382 752 2588 808 intuitu
2622 756 2917 812 tristiorem
2953 758 3247 827 quamdam
3281 757 3573 813 indicatio-

1982 854 2111 894 nem
2160 840 2437 910 habeant,
2491 860 2610 900 mea
2660 856 2844 902 tamen
2886 849 3159 904 sententia
3201 848 3453 904 eumdem
3500 850 3569 903 ad

1984 944 2212 1000 scopum
2246 941 2527 1001 spectare,
2559 942 2613 989 et
2643 934 2849 991 habere
2875 936 3334 1007 signiﬁcationem
3372 952 3569 994 ascen-

1982 1036 2080 1077 sus
2138 1022 2207 1076 ad
2253 1024 2574 1079 sublimiora
2617 1026 2889 1084 videntur.
2933 1029 3024 1083 Ait
3070 1030 3215 1085 enim
3264 1047 3278 1084 :
3320 1029 3567 1100 0ﬂ'ende--

1980 1120 2106 1164 runt
2135 1127 2217 1166 me
2249 1112 2493 1167 custodes
2525 1114 2616 1184 qui
2651 1115 2710 1168 in
2748 1116 2875 1170 urbe
2907 1118 3252 1174 circumeunt.
3283 1117 3571 1199 ξενοπαθ-

1982 1211 2105 1256 runt
2137 1219 2252 1270 me,
2288 1204 2696 1259 vulneraverunt
2742 1223 2861 1272 me,
2905 1207 3239 1262 abstulerunt
3282 1209 3493 1278 peplum
3535 1226 3568 1263 a

1981 1310 2064 1347 me
2112 1294 2359 1351 custodes
2412 1313 2711 1352 murorum.
2762 1297 3110 1355 Videbuntur
3164 1302 3279 1357 haec
3334 1302 3573 1357 fortasse

1982 1387 2271 1441 nonnullis
2320 1402 2447 1444 esse
2495 1390 2736 1460 lugentis
2782 1392 2968 1462 potius
3013 1394 3215 1459 verba,
3251 1411 3415 1465 quam
3449 1395 3574 1465 ejus

1981 1493 2104 1548 qua:
2151 1479 2275 1534 laeta
2330 1480 2445 1548 sit;
2489 1482 2796 1551 praesertim
2845 1483 2974 1549 illa,
3026 1499 3405 1553 percusserunt
3451 1503 3568 1550 me,

1981 1569 2389 1625 vulneraverunt
2438 1589 2551 1639 me,
2614 1572 2956 1628 abstulerunt
3005 1576 3236 1646 peplum.
3268 1577 3471 1632 Verum
3522 1577 3571 1633 si

1981 1661 2106 1731 quis
2155 1670 2416 1718 accurate
2458 1665 2776 1721 consideret
2821 1681 3049 1733 eorum,
3108 1683 3232 1738 quae
3285 1668 3568 1731 dicuntur,

1981 1765 2227 1814 mentem
2258 1776 2273 1812 :
2314 1758 2499 1829 potius
2529 1768 2662 1815 sunt
2689 1774 2856 1818 voces
2885 1761 3125 1832 gloriose
3149 1762 3416 1832 jactantis
3450 1778 3575 1820 sese

1981 1850 2053 1906 ob
2085 1866 2173 1906 res
2206 1852 2636 1922 pulcherrimas.
2673 1852 2730 1908 Id
2769 1862 2954 1909 autem
2992 1854 3098 1908 hoc
3132 1854 3372 1925 quodam
3407 1855 3572 1910 modo

288 1950 385 2011 τὸς
412 1948 877 2019 προκαλύμματος
905 1950 933 2001 ὁ
966 1948 1124 2017 λόγος
1158 1947 1517 2019 μαρτύρεται.
1549 1949 1606 2002 ὲν
1632 1942 1676 2016 ᾧ
1712 1965 1877 2020 φησιν

1983 1944 2336 2014 perspicuum
2389 1944 2552 2000 nobis
2603 1945 2731 2000 erit.
2782 1943 2956 2000 Paulo
3013 1952 3143 2000 ante
3194 1945 3571 2001 testimonium

290 2041 359 2093 ὲκ
407 2038 701 2110 προσώπου
749 2040 849 2110 τῆς
899 2039 1142 2111 νύμφης,
1191 2040 1273 2094 ὅτι
1327 2039 1739 2109 Ὲξεδυσάμην
1770 2041 1897 2095 τὸν“

290 2132 514 2202 χιτῶνά
538 2151 679 2202 μου,
727 2132 855 2199 πῶς
910 2133 1242 2202 ἐνδύσομαι
1276 2134 1507 2196 αὐτόν;
1542 2133 1802 2187 Ἐνταῦθα
1823 2131 1885 2188 δὲ

292 2221 457 2274 πάλιν
496 2221 818 2294 ἀφῃρῆσθαι
870 2222 1019 2291 λέγει
1076 2224 1247 2293 αὐτῆς
1287 2223 1348 2274 τὸ
1394 2212 1696 2295 θέριδτρον.
1728 2225 1884 2296 Περι-

293 2314 509 2368 ϐὀλαιον
542 2314 597 2367 δὲ
622 2314 890 2386 νυμφικόν
924 2316 1038 2367 ἐστι
1065 2315 1126 2368 τὸ
1161 2315 1465 2386 θέριστρον,
1504 2315 1882 2384 συγκαλύπτον

295 2406 437 2475 μετὰ
466 2406 565 2476 τῆς
586 2406 828 2476 κεφαλῆς
863 2408 955 2461 καὶ
994 2406 1055 2460 τὸ
1085 2406 1396 2477 πρόσωπον,
1421 2406 1603 2472 καθὼς
1635 2409 1731 2462 καὶ¹
1756 2408 1884 2481 περὶ

290 2501 390 2568 τῆς
422 2497 716 2563 Ῥεϐέκκας
763 2498 909 2567 λέγει
938 2500 972 2567 ἡ
1019 2498 1250 2567 ἱστορία.
1283 2498 1409 2562 Πῶς
1446 2492 1539 2552 οὖν
1579 2500 1614 2570 ἡ
1664 2516 1884 2571 γυμνω-

292 2589 448 2643 θείσα
499 2589 699 2653 παντὸς
746 2589 1177 2660 περιϐλήματος,
1219 2588 1298 2643 ἔτι
1344 2589 1405 2643 τὺ
1434 2590 1717 2662 θέριστρον
1744 2591 1879 2661 ἔχει,

291 2679 428 2747 ὅπερ
459 2679 554 2731 νῦν
583 2679 752 2749 αὐτῆς
800 2679 1162 2751 ἀφαιροῦνται
1210 2681 1261 2733 oi
1296 2680 1570 2749 φύλακες;
1600 2683 1677 2738 Ἥ
1726 2682 1882 2752 δῆλον

290 2767 380 2819 διὰ
427 2767 535 2821 τῶν
590 2767 898 2839 εἰρημένων
940 2768 1124 2834 ἐστὶν,
1153 2770 1275 2822 ὅσον
1320 2770 1416 2825 ἀπ’
1460 2771 1667 2826 ἐκείνου
1720 2773 1883 2828 πάλιν

291 2860 384 2912 ἐπὶ
434 2858 497 2912 τὸ
550 2858 880 2930 ὑψηλότερον
934 2859 1022 2913 διὰ
1070 2861 1356 2932 προκοπῆς
1411 2855 1776 2933 ὰνῶςὴλυθεν;
1816 2865 1883 2918 Ἠ

293 2952 402 3021 γὰρ
454 2950 875 3021 ἁπεκδυσαμένη
922 2950 1014 3003 τὸν
1066 2951 1293 3005 παλαιὸν
1345 2952 1586 3024 χιτῶνα,
1627 2953 1726 3008 καὶ
1778 2955 1883 3010 πά-

296 3058 396 3110 σης
448 3040 741 3112 περιϐολῆς
795 3041 1213 3113 καθαρεύσασα,
1244 3043 1498 3097 τοσοῦτον
1558 3045 1757 3115 ἑαυτῆς
1805 3045 1885 3113 γί-

294 3150 443 3186 νεται
502 3132 897 3204 καθαρωτέρα,
945 3133 1021 3196 ὡς
1072 3134 1355 3205 συγκρίσει
1403 3136 1502 3204 τῆς
1549 3136 1674 3207 ἄρτι
1729 3154 1883 3204 γενο-

302 3225 472 3297 μένης
522 3225 657 3295 αὑτῇ
712 3224 1113 3295 καθαρότητος,
1162 3226 1235 3295 μὴ
1272 3225 1449 3279 δοκεῖν
1486 3227 1882 3281 ἁπεκδεδῦσθαι

1985 2050 2208 2105 sponsae
2262 2036 2603 2105 perhibetur,
2667 2035 2815 2107 quod
2868 2032 3132 2092 immunis
3187 2037 3261 2092 sit
3305 2036 3374 2092 ab
3419 2038 3572 2091 omni

1982 2128 2254 2182 velamine
2278 2170 2290 2190 ,
2323 2144 2450 2183 cum
2496 2129 2552 2183 in
2584 2130 2705 2199 ejus
2735 2144 2973 2200 persona
3003 2130 3212 2185 dicitur
3241 2148 3255 2184 :
3303 2129 3445 2184 Επιιῖ
3488 2139 3572 2183 tu-

1982 2219 2154 2273 nicam
2186 2235 2355 2274 meam
2377 2259 2391 2283 ,
2430 2221 2692 2290 quomodo
2720 2223 2938 2276 induam
2976 2221 3178 2277 illam?
3210 2219 3568 2279 Hicrursum

1983 2312 2061 2364 ait
2088 2312 2205 2382 ipsa
2229 2313 2542 2383 ademptum
2569 2313 2671 2369 sibi
2695 2329 2821 2369 esse
2845 2313 3066 2385 peplum
3088 2354 3103 2379 ,
3124 2314 3239 2369 sive
3260 2313 3566 2384 θέριστρον.

1986 2400 2107 2467 Quo
2138 2403 2411 2458 vocabulo
2460 2405 2685 2475 pallium
2722 2407 2981 2476 sponsale
3016 2407 3385 2478 significatur,
3422 2407 3571 2479 quod

1983 2510 2092 2550 una
2128 2511 2252 2549 cum
2290 2497 2471 2566 capite
2511 2496 2705 2552 faciem
2755 2502 2981 2568 quoque
3015 2500 3274 2564 obvelat,
3308 2501 3574 2570 quemad-

1983 2588 2206 2643 modum
2232 2598 2317 2645 est
2346 2590 2400 2643 in
2434 2591 2666 2646 historia
2694 2592 2762 2647 de
2791 2590 3046 2648 Rebecca
3077 2594 3142 2649 ⁸⁸.
3177 2592 3281 2660 Qui
3310 2610 3441 2666 ergo
3467 2612 3572 2649 nu-

1983 2678 2110 2733 data
2153 2680 2502 2734 vestimentis
2547 2680 2840 2746 omnibus,
2887 2682 3106 2751 peplum
3159 2683 3340 2739 adhuc
3378 2684 3571 2752 habet,

1983 2785 2143 2839 quem
2170 2770 2218 2824 ei
2245 2786 2393 2826 nunc
2421 2770 2679 2826 custodes
2704 2772 2947 2829 civitatis
2978 2774 3270 2829 adimunt?
3296 2774 3570 2830 Numnam

1984 2860 2125 2917 forte
2154 2862 2223 2917 de
2260 2863 2443 2918 verbis
2490 2848 2644 2919 hisce
2688 2868 3048 2936 perspicitur,
3079 2875 3352 2938 quantum
3397 2869 3467 2923 ab
3505 2883 3573 2924 eo

1986 2957 2233 3021 tempore
2286 2967 2507 3007 rursum
2548 2954 2601 3010 in
2638 2958 2874 3013 sublime
2908 2959 3184 3028 pergendo
3226 2958 3569 3027 perfecerit?

1983 3037 2118 3092 Nam
2152 3054 2216 3095 ea
2259 3057 2381 3111 qum
2408 3042 2523 3111 jam
2560 3053 2690 3100 ante
2724 3046 2971 3100 tunicam
3018 3054 3258 3101 veterem
3308 3052 3572 3108 exuerat,

1984 3139 2038 3185 et
2066 3131 2134 3185 ab
2178 3133 2329 3186 omni
2361 3134 2528 3203 pallio
2560 3135 2823 3192 immunis
2866 3144 3021 3203 erat,
3069 3153 3243 3208 usque
3292 3138 3429 3192 adeo
3485 3152 3573 3192 se-

1986 3224 2105 3295 ipsa
2136 3227 2194 3280 fit
2222 3226 2433 3297 purior,
2465 3235 2524 3282 ut
2557 3227 2624 3282 ad
2658 3230 2848 3299 priora
2880 3239 3197 3301 comparata
3228 3230 3334 3286 bac
3363 3231 3572 3286 recenti

299 3317 361 3372 τ’)
419 3316 761 3387 περιϐόλαιον
799 3334 811 3347 ο
857 3317 968 3369 ἀλλ’
1024 3312 1201 3387 εὑρεῖν
1249 3335 1302 3369 τι
1360 3317 1520 3371 πάλιν
1580 3317 1721 3388 μετὰ
1783 3321 1880 3391 τὴν

1987 3318 2265 3387 puritate,
2310 3335 2420 3373 non
2466 3320 2690 3376 exuisse
2722 3322 2956 3379 antehac
3000 3322 3226 3393 pallium
3277 3321 3572 3388 videatur;

230 3466 235 3471 γ
302 3408 582 3479 γύμνωσιν
638 3407 855 3479 ἐκείνην
918 3410 1045 3479 περὶ
1091 3409 1258 3479 αὑτὴν
1295 3409 1322 3461 ὃ
1358 3410 1647 3480 ἀποθῆται.
1696 3413 1880 3477 Οὕτως

304 3504 337 3571 ἠ
400 3501 535 3571 πρὸς
595 3498 657 3551 τὸ
709 3498 863 3552 Θεῖον
924 3498 1138 3563 ἄνοδος,
1183 3498 1276 3550 τοῦ
1336 3498 1423 3551 del.
1491 3499 1879 3571 εὑρισκομένου

300 3610 355 3645 τι
382 3593 507 3662 περὶ
545 3590 714 3661 αὑτὴν
765 3590 908 3660 παχύ
930 3602 1037 3656 περ
1066 3589 1383 3644 ἐνδείκνυσι.
1419 3590 1517 3644 Διὰ
1571 3590 1727 3645 τοῦτο
1781 3592 1882 3662 τῆς

304 3684 400 3738 νῦν
455 3682 824 3754 καθαρότητος
880 3685 948 3753 τῇ
994 3682 1277 3753 συγκρίσει
1325 3684 1356 3753 ή
1413 3685 1880 3756 προγεγραμμένη

298 3775 396 3832 τοῦ
440 3776 667 3847 χιτῶνος
726 3774 933 3828 ἐκείνου
970 3773 1367 3844 γύμνωσις,ὡς
1414 3775 1678 3845 κάλυμμα
1720 3777 1882 3830 πάλιν

300 3870 666 3941 περιαιρεῖται
705 3866 856 3937 παρὰ
881 3866 988 3919 τῶν
1019 3864 1381 3935 εὑρισκόντων
1412 3867 1601 3935 αὑτήν.
1640 3861 1799 3921 Οὗτοι
1825 3868 1881 3920 δέ

298 3962 438 4011 εἰσιν
470 3961 517 4012 οἱ
567 3957 805 4027 φύλακες
842 3957 892 4010 oi
937 3953 1262 4018 κυκλοῦντες
1292 3955 1391 4027 τὴν
1425 3956 1577 4009 πόλιν
1599 3974 1612 3987 ο
1649 3958 1794 4029 ψυχὴ
1826 3959 1881 4010 δὲ

298 4054 330 4121 ἡ
356 4050 508 4114 πόλις
537 4067 551 4081 ’
581 4045 650 4122 ἦς
671 4049 759 4103 διὰ
787 4047 881 4102 τοῦ
916 4047 1149 4112 πατάξαι
1200 4048 1294 4100 καὶ
1332 4048 1697 4119 τραυματίσαι
1730 4067 1882 4119 περι-

295 4140 506 4202 ελόντες
532 4138 593 4192 τὸ
627 4139 933 4210 θέριστρον,
957 4130 1031 4191 ὧν
1064 4137 1222 4207 ἔργον
1254 4137 1370 4189 ἐστὶ
1398 4137 1458 4189 τὸ
1491 4138 1783 4206 φυλάσσειν
1813 4139 1882 4192 τὰ

295 4227 449 4298 τείχη
485 4228 584 4299 τῆς
634 4226 863 4289 πόλεως.
897 4227 1020 4279 Ὅτι
1075 4224 1174 4296 μὲν
1205 4220 1298 4279 οὖν
1337 4227 1539 4295 ἀγαθόν
1570 4228 1621 4281 τί
1669 4229 1813 4281 ἐστιν
1848 4231 1879 4301 ή

296 4315 390 4370 τοῦ
421 4316 708 4390 θερίστρου
743 4318 1105 4388 περιαίρεσις,
1137 4315 1278 4371 ὥστε
1305 4318 1588 4391 ἐλεύθερον
1611 4320 1704 4374 τοῦ
1746 4338 1879 4393 προ-

297 4409 654 4480 καλύμματος
701 4409 792 4462 τὸν
823 4408 1125 4479 ὀφθαλμὸν,
1153 4410 1610 4479 ἀπαραποδίστως
1643 4413 1879 4465 ὲνατενί-

297 4503 413 4565 ζειν
459 4501 538 4573 τῷ
567 4502 888 4573 ποθουμένῳ
932 4501 1139 4566 κάλλει,
1183 4502 1280 4554 οὑκ
1325 4503 1405 4579 ἄν,
1436 4522 1517 4567 τις
1551 4506 1880 4575 ἁμφιὸάλλοι

298 4595 433 4665 πρὸς
452 4593 542 4647 τὸν
574 4593 893 4647 Ἀπόστολον
922 4593 1154 4664 βλέπων,
1179 4593 1234 4658 ὃς
1258 4597 1324 4666 τῇ
1354 4595 1579 4665 δυνάμει
1606 4596 1697 4650 τοῦ
1726 4600 1880 4651 πνεύ-

1985 3409 2080 3463 sed
2114 3425 2311 3465 rursus
2342 3412 2627 3466 invenisse
2658 3419 2782 3482 post
2815 3414 3173 3468 nudationem
3207 3414 3357 3468 illam
3379 3455 3394 3477 ,
3424 3414 3573 3484 quod

1985 3496 2246 3567 deponat.
2289 3496 2380 3552 Sic
2409 3514 2677 3555 ascensus
2735 3501 2802 3554 ad
2845 3501 3245 3556 sublimitatem
3294 3503 3442 3555 illam
3490 3502 3574 3555 di-

1984 3589 2165 3642 vinam
2200 3604 2416 3659 semper
2448 3589 2656 3659 aliquid
2703 3593 2954 3647 ostendit
2984 3596 3061 3648 rei
3100 3608 3308 3648 crassae
3334 3634 3347 3655 ,
3375 3602 3575 3663 praeter

1985 3680 2040 3735 id
2079 3681 2226 3751 quod
2262 3683 2459 3751 quovis
2490 3689 2739 3753 tempore
2769 3683 3221 3755 deprehenditur.
3253 3685 3461 3741 Idcirco
3496 3697 3574 3741 tu-

1984 3776 2121 3829 nicae
2154 3774 2302 3829 illius
2334 3774 2533 3843 prioris
2565 3776 2839 3847 ademptio
2862 3817 2876 3843 ,
2916 3779 3113 3833 collata
3149 3794 3275 3833 cum
3314 3783 3569 3850 praasenti

1984 3867 2257 3936 puritate,
2298 3882 2518 3920 rursum
2546 3875 2602 3922 et
2634 3868 2753 3939 ipsa
2786 3871 2949 3940 quasi
2983 3871 3259 3941 quoddam
3293 3872 3571 3927 velamen-

1987 3967 2101 4013 tum
2137 3960 2347 4014 tollitur
2382 3959 2452 4015 ab
2486 3960 2630 4025 illis,
2668 3963 2762 4031 qui
2796 3978 2915 4017 eam
2952 3963 3261 4033 reperiunt.
3295 3963 3438 4018 Sunt
3473 3980 3572 4019 au-
3613 4034 3622 4047 ἢ

1986 4059 2093 4107 tem
2132 4052 2166 4105 ii
2197 4053 2495 4111 custodes.
2537 4054 2590 4107 in
2642 4055 2778 4110 urbe
2831 4057 3242 4111 circumeuntes
3275 4060 3293 4128 (
3331 4065 3387 4112 et
3439 4058 3572 4113 urbs

1986 4146 2099 4199 haec
2131 4147 2315 4200 anima
2346 4154 2430 4202 est
2449 4147 2488 4218 ),
2506 4147 2600 4217 qui
2636 4147 2983 4203 verberando
3007 4164 3071 4202 ac
3098 4149 3440 4205 vulnerando
3474 4166 3568 4219 pe-

1985 4238 2133 4307 plum
2170 4237 2456 4304 adimunl,
2501 4250 2556 4294 et
2604 4240 2805 4309 quibus
2851 4240 2952 4294 hoc
3003 4240 3193 4295 datum
3230 4243 3476 4313 negotii,
3512 4250 3569 4297 ut

1983 4330 2224 4386 civitatis
2250 4346 2441 4385 muros
2468 4331 2804 4387 custodiant.
2842 4331 3133 4386 Enimvero
3161 4332 3569 4401 adcmptionem

1984 4422 2124 4491 pepli
2174 4423 2381 4475 bonum
2428 4422 2692 4491 quiddam
2727 4439 2882 4485 esse,
2917 4434 2977 4477 ut
3008 4424 3204 4477 oculus
3237 4423 3506 4479 liberatus
3538 4440 3569 4478 a

1983 4513 2257 4568 velamine
2284 4513 2732 4582 puchritndinem
2761 4515 3128 4570 desideratam
3164 4515 3374 4585 absque
3400 4515 3570 4585 impe.

1983 4603 2227 4657 dimento
2259 4607 2560 4670 intueatur,
2590 4620 2751 4659 nemo
2774 4605 3084 4671 dubitabit,
3116 4604 3210 4675 qui
3237 4606 3303 4659 ad
3327 4606 3570 4675 Aposto-

302 4700 471 4754 ματος
519 4683 617 4755 τὴν
668 4681 763 4736 τοῦ
804 4683 1157 4753 καλύμματος
1203 4685 1542 4757 περιαίρεσιν
1597 4688 1880 4759 ἀνατίθησι

1987 4694 2097 4747 lum
2130 4695 2410 4763 respiciet.
2453 4694 2504 4750 ls
2531 4696 2677 4749 enim
2711 4697 2778 4750 ad
2812 4697 2921 4751 vim
2949 4697 3184 4766 spiritus
3216 4696 3385 4752 refert
3421 4698 3569 4752 vela-

298 4776 472 4845 λέγων
502 4792 515 4806 ·
553 4777 739 4829 Ὅταν
774 4774 843 4827 δὲ
883 4776 1217 4844 ἐπιστρέψῃ
1264 4776 1413 4844 πρὸς
1457 4781 1695 4846 Κύριον,
1731 4798 1881 4849 περι-

298 4865 544 4935 τηρεῖται
592 4864 659 4919 τὸ
710 4864 1090 4935 κάλυμμα-’ό
1142 4866 1210 4919 δὲ
1258 4870 1505 4935 Κύριος,
1536 4873 1601 4923 τὸ
1644 4874 1880 4941 πνεῦμά

296 4961 487 5014 ἐστιν.
518 4959 641 5011 Ὅτι
678 4958 734 5012 δὲ
778 4958 840 5012 τὸ
874 4959 969 5011 τοῦ
1001 4959 1208 5028 ἀγαθοῦ
1254 4966 1758 5031 παρασκευαστικὸν
1790 4968 1881 5019 καὶ

298 5046 429 5102 αὐτὸ
471 5048 685 5112 πάντως
727 5048 875 5102 ἐστὶν
914 5048 1144 5117 ἀγαθὸν,
1181 5049 1279 5103 οὐκ
1329 5050 1395 5104 ἄν
1433 5070 1516 5113 τις
1548 5056 1877 5124 ἀμφιϐάλλοι

296 5139 407 5194 τῶν
451 5139 829 5209 ἐπισταμένων
888 5139 1023 5210 πρὸς
1076 5140 1133 5192 τὸ
1186 5141 1475 5194 ἀκόλουθον
1530 5144 1764 5213 βλέπειν,
1815 5148 1878 5198 Εἰ

296 5229 478 5282 τοίνυν
515 5229 716 5297 ἀγαθὸν
756 5231 788 5301 ἠ
822 5228 914 5281 τοῦ
960 5230 1316 5300 καλύμματος
1360 5234 1712 5304 περιαίρεσις,
1737 5238 1877 5305 ἀγα-

297 5322 390 5374 θὸν
427 5321 492 5374 ἂν
532 5320 611 5392 εἴη
645 5323 859 5386 πάντως
889 5324 1040 5394 καὶὴ
1077 5323 1278 5395 πληγὴ,
1320 5326 1414 5378 καὶ
1446 5326 1506 5379 τὸ
1541 5328 1780 5399 τραῦμα,
1812 5332 1877 5383 δι’

295 5410 371 5465 ὧν
425 5413 786 5484 κατορθοῦται
837 5416 871 5488 ἡ
921 5416 1283 5488 περιαίρεσις.
1327 5418 1464 5472 Ἀλλ’
1498 5422 1683 5492 ἐπειδὴ
1736 5424 1875 5476 κατὰ

294 5504 391 5572 τὴν
416 5507 704 5577 πρόχειρον
731 5505 1133 5577 ἕννοιαν,ὰηδία
1157 5527 1240 5574 τις
1275 5512 1598 5581 ἐμφαίνεται
1634 5517 1747 5578 τοῖς
1779 5518 1878 5587 ῥή-

297 5613 432 5664 μασι
456 5596 713 5662 ,τούτοις
740 5598 960 5672 ἄλγημα
989 5600 1099 5671 γὰρ
1138 5602 1470 5655 ἐνδείκνυται
1509 5606 1541 5674 ἡ
1578 5607 1728 5677 φωνὴ
1758 5606 1872 5674 τοῦ,

359 5780 549 5835 “Gen;
605 5775 865 5840 Πιηϐὲῖ.
981 5779 1023 5809 ⁸⁸
1050 5777 1091 5833 ΙΙ
1130 5779 1253 5832 Cor.
1293 5781 1460 5848 γρηὶ.

1986 4786 2150 4839 minis
2178 4786 2585 4857 ademptionem
2609 4829 2624 4850 ,
2667 4805 2793 4843 cum
2834 4792 2948 4845 ait:
2981 4790 3085 4844 Ubi
3124 4807 3243 4845 vero
3282 4807 3567 4845 conversus

1984 4878 2141 4947 fuerit
2178 4879 2245 4932 ad
2278 4879 2591 4942 Dominum,
2629 4883 2837 4936 tollitur
2872 4884 3146 4937 velamen:
3181 4884 3443 4937 Dominus
3471 4899 3569 4935 (ιιι-

1984 4980 2085 5023 tem
2124 4974 2346 5040 spiritus
2379 4973 2469 5026 ille
2496 4982 2573 5026 est
2610 4975 2673 5027 “.
2726 4973 2915 5045 Neque
2944 4992 3075 5031 vero
3104 4976 3347 5029 dubitari
3384 4983 3567 5044 potest

1984 5065 2051 5116 ab
2083 5064 2150 5118 iis
2172 5103 2186 5127 ,
2217 5066 2310 5133 qui
2348 5080 2530 5118 rerum
2564 5067 2760 5121 seriem
2793 5076 2847 5122 et
2875 5067 3327 5137 consequentiam
3363 5068 3566 5121 intueri

1985 5163 2225 5217 norunt,
2265 5157 2428 5208 etiam
2467 5157 2516 5209 id
2562 5157 2707 5227 quod
2743 5157 2809 5210 ad
2861 5159 3062 5211 bonum
3110 5166 3381 5226 pratparat
3443 5172 3567 5211 om-

1986 5247 2117 5299 nino
2168 5247 2371 5301 bonum
2430 5264 2577 5303 esse.
2628 5249 2813 5316 Quare
2867 5251 2911 5304 si
2944 5250 3234 5304 velaminis
3285 5250 3565 5317 ademptio

1986 5336 2186 5390 bonum
2217 5339 2479 5408 quiddam
2515 5348 2633 5399 est,
2682 5342 2909 5394 omnino
2938 5342 3102 5393 etiam
3149 5350 3260 5393 tum
3309 5340 3567 5394 verbera-

1986 5430 2229 5492 tionem,
2274 5439 2388 5485 tum
2432 5434 2631 5487 vulnus
2676 5435 2731 5486 in
2780 5434 2938 5486 bonis
2965 5448 3231 5501 ponemus
3256 5472 3268 5492 ,
3295 5431 3441 5500 quod
3470 5442 3566 5494 per

1982 5536 2047 5575 ea
2090 5524 2183 5575 liat
2229 5525 2525 5593 ademptio.
2573 5524 2682 5579 Sed
2724 5526 2853 5593 quia
2905 5540 3071 5578 sensu
3120 5528 3355 5593 primum
3406 5525 3568 5576 obvio

1983 5612 2217 5671 insuave
2267 5617 2532 5686 quiddam
2586 5618 2655 5672 de
2723 5617 2906 5673 verbis
2960 5618 3045 5672 bis
3105 5620 3282 5673 elucet
3318 5618 3565 5684 (etenim
