3866 6394
415 374 543 432 1051

1668 369 1727 425 S.
1768 366 2103 425 GREGORII
2143 364 2436 425 NYSSENI

3567 369 3687 429 i032

413 509 519 549 vos
553 496 644 549 itla
667 537 683 559 ,
713 507 1111 563 percusserunt,
1131 511 1196 551 ac
1230 496 1576 550 vulnerarunt
1609 509 1720 554 me.
1752 493 2002 548 dolenter

2122 490 2466 557 Ἐπάταξάν
2476 507 2575 560 με’
2594 493 2687 548 καὶ
2707 490 2824 559 τοῦ,
2843 491 3422 565 Ἐτραυμάτισάνμε,
3441 496 3618 562 καλῶς
3631 500 3686 552 ἂν

415 584 656 653 prolerri
683 584 900 641 videtur
922 594 963 653 ),
1000 594 1150 640 recte
1185 583 1389 640 facturi
1422 599 1618 640 sumus
1639 626 1655 652 ,
1687 583 1734 639 si
1771 582 2012 653 primum

413 672 730 741 bujnsmodi
762 674 1055 729 verborum
1088 673 1144 727 in
1172 674 1352 730 sacris
1379 672 1607 729 Litteris
1635 688 1795 728 usum
1823 676 2016 728 obser-

412 764 763 830 Vaverimus,
798 781 930 820 num
976 765 1120 821 forte
1168 766 1285 829 haec
1324 765 1395 820 de
1442 780 1502 821 re
1549 766 1693 819 bona
1742 773 2013 835 usurpata

412 855 781 924 reperiantur,
817 858 1089 928 atque-ita
1131 858 1335 914 deinde
1377 858 1490 913 vim
1539 873 1734 914 eorum
1770 874 1893 930 qua!
1924 857 2012 916 di-

412 957 612 1001 cuntur
649 947 757 1014 hic,
794 949 1361 1006 cousideraverimus.
1644 944 1671 969 ’

483 1039 606 1104 Quo
637 1048 803 1109 pacto
854 1042 1136 1112 sapientia
1161 1043 1230 1098 de
1273 1053 1453 1099 morte
1487 1042 1713 1113 juvenis
1764 1044 2008 1098 animam

412 1129 643 1196 liberet,
675 1132 805 1201 quid
831 1132 1142 1188 faciendum
1174 1133 1469 1200 consulat,
1496 1142 1557 1189 ut
1583 1149 1652 1189 ne
1680 1141 1856 1189 morte
1879 1147 2010 1204 per-

408 1233 499 1275 eat
527 1221 788 1291 juvenis,
839 1241 904 1280 cx
956 1225 1196 1297 ipsamct
1245 1224 1561 1281 audiamus.
1600 1225 1661 1281 Si
1704 1227 1887 1297 virga,
1924 1226 2010 1281 in-

410 1314 564 1383 quit.
599 1318 927 1384 percusseris
971 1334 1131 1383 eum,
1184 1336 1292 1373 non
1348 1320 1604 1373 morietur
1636 1319 1706 1372 ⁸⁷.
1754 1317 1895 1374 Nam
1949 1330 2007 1375 tu

409 1406 635 1476 quidem
686 1410 841 1479 virga
892 1426 1018 1464 eum
1073 1410 1285 1477 caedes,
1348 1426 1539 1467 verum
1592 1412 1831 1466 animam
1886 1412 2008 1482 ejus

410 1499 574 1552 morti
607 1499 832 1570 eripies.
864 1500 1050 1567 Quare
1080 1502 1296 1556 videtur
1326 1517 1431 1557 vox
1491 1503 1861 1574 percutiendi,
1895 1504 2001 1559 hoc

410 1590 536 1645 loco
569 1598 764 1646 notare
792 1592 1289 1655 immortalitatem.
1332 1609 1459 1651 cum
1494 1596 1754 1653 dicatur:
1792 1595 1855 1653 Si
1888 1613 2009 1667 per-

408 1674 786 1737 cusseriseum
818 1686 1001 1755 virga,
1036 1703 1141 1739 non
1178 1689 1460 1745 morietur.
1499 1689 1634 1746 Item
1679 1690 1829 1761 quod
1872 1690 2007 1747 sub-

403 1776 653 1845 jiciatur,
686 1779 849 1834 aliter
882 1780 1125 1835 animam
1152 1780 1279 1852 ejus
1311 1782 1382 1839 de
1424 1791 1606 1840 morte
1637 1783 1866 1839 liberari
1892 1798 2003 1840 non

407 1883 596 1937 posse,
630 1886 796 1941 quam
829 1873 878 1927 si
915 1873 1069 1943 virga
1100 1875 1368 1932 caedatur.
1393 1877 1584 1948 Itaque
1608 1877 1677 1933 de
1700 1876 1789 1934 his
1817 1877 2002 1934 verbis

406 1961 843 2028 demonstratur,
877 1966 1083 2020 bonum
1123 1983 1250 2024 esse
1284 1967 1465 2035 caadi;
1506 1984 1633 2025 cum
1674 1983 1866 2025 revera
1900 1969 2003 2025 bo-

406 2067 540 2107 num
574 2053 678 2118 sit,
714 2056 958 2110 animam
1011 2073 1043 2112 a
1088 2069 1267 2115 morte
1310 2060 1557 2116 liberari.
1610 2060 1704 2117 Sic
1745 2070 1801 2117 et
1829 2059 2002 2117 Deum

409 2159 574 2212 agere
609 2154 765 2203 vates
794 2149 909 2213 ait,
944 2150 1258 2207 occidendo
1288 2151 1695 2221 viviﬁcantem,
1721 2162 1778 2209 et
1806 2169 2004 2224 percu—

413 2236 605 2291 tiendo
636 2249 949 2295 sanantcm.
986 2240 1138 2312 Ego,
1176 2243 1394 2314 inquit,
1424 2245 1747 2315 iuterﬁciam
1787 2255 1839 2301 et
1872 2247 2005 2302 viui-

408 2328 615 2396 ]icabo;
657 2332 954 2398 percutiam
975 2374 989 2395 ,
1019 2343 1070 2387 et
1103 2350 1320 2388 rursum
1353 2337 1464 2403 ipse
1509 2334 1716 2391 sanabo
1748 2336 1816 2391 ⁵⁸.
1865 2324 2003 2391 Pro-

405 2428 596 2487 plcrea
627 2434 863 2491 magnus
899 2424 1067 2478 etiam
1105 2424 1275 2480 David
1313 2426 1407 2482 ille
1446 2443 1559 2483 non
1613 2428 1857 2491 vulnus,
1905 2428 2003 2484 sed

405 2510 846 2568 consolationem
872 2514 1007 2568 oriri
1036 2515 1105 2572 de
1135 2517 1453 2587 bujusmodi
1487 2518 1640 2589 virga
1672 2520 1851 2586 dixit,
1873 2535 1998 2575 cum

404 2602 513 2656 ait:
557 2601 716 2676 Virga
744 2615 839 2659 tua
864 2617 915 2661 et
950 2606 1173 2663 baculus
1207 2621 1331 2665 tuus
1352 2651 1367 2675 ,
1410 2613 1529 2682 ipsa
1560 2613 1841 2667 consolala
1872 2624 1998 2668 sunt

406 2712 488 2749 me
526 2697 591 2750 θ’.
647 2695 715 2750 Ει
756 2699 977 2768 quidem
1020 2715 1120 2770 per
1162 2701 1278 2757 haec
1319 2718 1569 2758 mensam
1606 2704 1711 2759 sibi
1752 2704 1998 2758 divinam

407 2789 589 2854 parari
620 2788 786 2845 tradit
806 2829 821 2851 .
850 2790 1096 2861 itemque
1123 2792 1230 2848 alia
1258 2809 1604 2864 quaecunque
1634 2795 1884 2865 psalmus
1910 2795 2001 2851 ille

406 2880 711 2934 secundum
764 2880 881 2937 haec
930 2895 1223 2940 recenset:
1280 2887 1431 2943 verbi
1474 2887 1684 2958 gratia,
1726 2887 1907 2943 oleum
1943 2889 1999 2944 in

404 2974 623 3041 capite,
660 2988 873 3029 merum
907 2974 961 3029 in
994 2977 1234 3046 poculo,
1283 2979 1432 3049 quod
1469 2968 1794 3034 ebrietatem
1844 2980 1997 3034 illam

406 3066 650 3122 sobriam
681 3065 912 3133 efﬁciat,
944 3069 1329 3125 misericordia
1374 3070 1607 3142 pulchre
1651 3071 1834 3136 ipsum
1872 3087 2002 3142 pro-

2114 582 2230 654 ἔχει
2259 585 2596 656 κατανοῆσαι
2629 588 2846 659 πρῶτον
2877 588 2977 658 τῆς
3005 588 3168 657 ἁγίας
3200 588 3425 661 Γραφῆς
3468 590 3568 660 τὴν
3592 591 3686 644 τῶν

2112 674 2370 731 τοιούτων
2419 678 2681 749 ῥημάτων
2728 678 2925 750 χρῆσιν
2947 721 2961 745 ,
2992 681 3149 734 ετπου
3181 680 3318 753 πρὸς
3345 681 3410 735 τὸ
3453 684 3683 754 κρεῖττον

2113 765 2295 819 αὐτῶν
2333 766 2432 839 τὴν
2476 770 2698 840 μνήμην
2730 770 3027 842 πεποίηται
3060 787 3075 802 ο
3098 767 3198 825 εἷθ’
3226 770 3401 837 οὕτως
3429 772 3685 845 θεωρῆσαι

2111 855 2223 909 τῶν
2257 858 2492 913 ἐνταῦθα
2521 859 2831 933 λεγομένων
2851 864 2949 934 τὴν
2981 862 3230 933 δύναμιν.

2184 1039 2309 1105 Πῶς
2340 1041 2527 1112 ῥύεται
2559 1043 2593 1113 ἡ
2639 1042 2799 1113 σοφία
2827 1043 2927 1115 τὴν
2969 1043 3061 1099 τοῦ
3089 1045 3207 1101 νέου
3238 1046 3421 1118 ψυχὴν
3450 1047 3557 1102 ἀπὸ
3598 1047 3682 1103 θαι

2111 1133 2272 1187 νάτου
2297 1150 2313 1198 ;
2331 1134 2397 1186 Τί
2427 1151 2492 1187 συ
2500 1133 2787 1205 μ6ουλεύει
2808 1140 3004 1201 ποιεῖν,
3032 1138 3120 1192 ἵνα
3138 1138 3212 1209 μὴ
3238 1137 3489 1212 ἀποθάνῃ
3508 1141 3541 1193 ό
3562 1139 3680 1203 νέος,

2109 1225 2283 1296 αὐτῆς
2310 1225 2634 1297 ἀκούσωμεν
2661 1228 2761 1299 τῆς
2788 1229 3000 1296 σοφίας.
3044 1230 3179 1285 Ἐὰν
3205 1230 3484 1299 πατάξῃς
3512 1231 3680 1286 αὐτόν

2102 1317 2324 1386 ῥάϐδῳ,
2350 1319 2536 1390 φησὶν,
2572 1322 2645 1375 οὐ
2682 1320 2770 1391 μὴ
2819 1322 3115 1391 ἀποθάνῃ.
3140 1325 3213 1377 Σὺ
3250 1325 3351 1395 μὲν
3375 1324 3491 1395 γάρ
3512 1325 3675 1397 ῥάὸδῳ

2109 1409 2372 1475 πατάξεις
2392 1411 2576 1472 αὑτὸν.
2600 1412 2697 1483 τὴν
2712 1412 2769 1465 δὲ
2788 1412 2966 1484 ψυχὴν
2989 1414 3152 1468 αὑτοῦ
3172 1415 3313 1485 ῥύσῃ
3340 1416 3404 1469 ἐκ
3438 1414 3675 1470 θανάτου.

2113 1503 2299 1556 Ἔοικε
2321 1503 2503 1557 τοίνυν
2531 1504 2831 1559 ἀθανασίαν
2850 1506 3171 1579 ἑρμηνεύειν
3196 1511 3230 1579 ἠ
3258 1508 3353 1562 τοῦ
3392 1510 3681 1575 Ἐπάταξαν

2108 1592 2288 1658 λέξις,
2325 1593 2507 1659 καθὼς
2534 1599 2563 1650 ό
2593 1595 2750 1666 λόγος
2775 1599 2945 1668 φησίν
2970 1615 2984 1629 ⁶
3020 1599 3102 1653 ὅτι
3142 1599 3286 1655 Ἐὰν
3321 1602 3594 1670 πατάξῃς
3621 1600 3681 1672 τῇ

2108 1684 2325 1752 ῥάϐδῳ,
2361 1688 2435 1740 οὐ
2465 1686 2552 1756 μὴ
2588 1687 2884 1758 ἀποθάνῃ,
2918 1690 3012 1743 καὶ
3056 1691 3140 1745 ὅτι
3192 1693 3290 1745 οὐκ
3326 1691 3476 1746 ἔστιν
3528 1693 3681 1757 ἄλλως

2111 1775 2376 1846 ῥυσθῆναι
2413 1776 2511 1849 τὴν
2553 1778 2733 1849 ψυχὴν
2764 1780 2829 1832 ἐκ
2871 1780 2967 1834 τοῦ
3000 1781 3252 1847 θανάτου,
3279 1784 3374 1837 ἐὰν
3416 1783 3493 1854 μὴ
3523 1782 3679 1836 πατά-

2035 1835 2078 1891 Β
2103 1835 2207 1937 χθῃ
2235 1835 2304 1937 si)
2336 1835 2518 1938 ῥάὸδιρ
2548 1835 2580 1901 ο.
2598 1835 2765 1923 καλὸν
2810 1871 2920 1943 ἄρα
2947 1861 3019 1925 ’τὸ
3048 1835 3430 1945 παταχθῆναι,
3464 1835 3552 1928 διὰ

2103 1959 2413 2031 εἰρημένων
2449 1962 2584 2032 ἡμῖν
2632 1962 3031 2019 ἀποδέδεικται.
3064 1965 3210 2019 Διότι
3236 1965 3402 2021 καλόν
3434 1967 3580 2020 ἐστιν
3616 1965 3679 2030 ὡς

2105 2050 2325 2122 ἀληθῶς
2361 2051 2423 2105 τὸ
2470 2054 2536 2105 ἐκ
2583 2052 2817 2108 θανάτου
2865 2055 2965 2127 τὴν
2999 2055 3177 2128 ψυχὴν
3223 2058 3507 2130 ῥυσθῆναι.
3539 2057 3677 2112 Οὕτω

2103 2146 2281 2199 ποιεῖν
2311 2144 2406 2198 καὶ
2436 2145 2527 2200 τὸν
2553 2144 2687 2200 Θεὸν
2718 2149 2747 2201 6
2790 2149 3073 2220 προφήτης
3103 2150 3289 2221 φησὶν,
3318 2151 3410 2205 διὰ
3441 2150 3535 2206 τοῦ
3562 2152 3679 2205 ἀπο·

2104 2236 2336 2291 κτείνειν
2363 2237 2752 2302 ζωοποιοῦντα,
2789 2239 2884 2292 καὶ
2904 2239 2995 2294 διὰ
3024 2240 3118 2294 τοῦ
3135 2242 3437 2296 πατάσσειν
3454 2241 3675 2312 ἰώμενον.

2118 2328 2261 2399 Ἐγὼ
2307 2328 2417 2401 γὰρ
2440 2369 2456 2393 ,
2488 2331 2675 2401 φησιν,
2704 2329 3018 2385 ἀποκτενῶ
3040 2372 3054 2395 ,
3102 2332 3199 2386 καί
3258 2331 3366 2401 ζῇν
3417 2332 3641 2402 ποιήσω
3660 2347 3672 2362 ⁸

2109 2419 2369 2486 πατάξω,
2403 2419 2567 2490 κάγὼ
2607 2419 2869 2491 ἰάσομαι.
2901 2424 3002 2477 Διὰ
3029 2423 3185 2477 τοῦτο
3223 2414 3319 2477 καὶ
3338 2425 3367 2478 ὁ
3396 2421 3570 2495 μέγας
3587 2428 3679 2476 Δα-

2103 2513 2189 2567 6ὶδ
2233 2513 2356 2585 οὐχὶ
2404 2513 2542 2583 πληγ
2554 2512 2622 2584 ὴν
2677 2509 2854 2576 εἶπεν,
2913 2514 3048 2570 ἀλλὰ
3098 2514 3447 2588 παράκλησιν
3497 2516 3561 2568 ὲκ
3595 2512 3680 2582 τῆς

2102 2601 2363 2672 τοιαύτης
2401 2602 2645 2671 γίνεσθαι
2676 2601 2906 2673 ῥάὸδου,
2938 2602 3148 2671 λέγων·
3193 2604 3260 2659 'H
3288 2601 3518 2671 ῥάϐδος
3557 2619 3676 2663 σου,

2102 2688 2201 2741 καὶ
2236 2688 2275 2756 ἡ
2302 2689 2605 2759 ,βακτηρία
2651 2706 2791 2754 σου,
2815 2686 2995 2746 αὗταί
3010 2708 3087 2762 με
3117 2692 3540 2765 παρεκάλεσαν
3569 2710 3582 2724 ε
3613 2691 3677 2744 δι’

2102 2772 2179 2834 ὧν
2204 2780 2414 2849 γίνεται
2453 2782 2547 2836 καὶ
2594 2780 2746 2846 θείας
2784 2782 3065 2855 τραπέζης
3103 2782 3410 2854 ὲτοιμασία,
3456 2783 3547 2837 καὶ
3591 2782 3676 2836 ὅσα

2102 2872 2246 2925 κατὰ
2267 2870 2330 2925 τὸ
2361 2872 2650 2928 ἀκόλουθον
2681 2875 2923 2945 περιέχει
2961 2877 2996 2947 ἡ
3040 2875 3352 2946 ψαλμῳδία·
3384 2878 3482 2929 καὶ
3518 2874 3575 2928 τὸ
3601 2875 3678 2928 ἐπὶ

2101 2964 2199 3035 τῆς
2225 2964 2468 3036 κεφαλῆς
2496 2964 2693 3031 ἔλαιον,
2739 2968 2835 3020 κα)⁸
2873 2969 2903 3021 ό
2931 2966 3025 3021 τοῦ
3077 2967 3337 3039 ποτηρίου
3381 2967 3676 3038 ἆκρατος,6

2100 3055 2201 3127 τὴν
2229 3056 2487 3126 νηφάλιον
2514 3056 2687 3130 μέθην
2720 3058 3104 3130 ἐργαζόμενος,
3138 3058 3232 3112 καὶ
3263 3058 3293 3111 ό
3321 3059 3508 3123 καλῶς
3536 3056 3675 3112 αὐτὸν

407 3172 651 3227 sequens
685 3168 740 3212 et
768 3157 934 3230 longa
967 3160 1024 3213 in
1056 3161 1223 3216 domo
1257 3159 1352 3217 Dei
1385 3176 1563 3216 mora.
1601 3160 1761 3229 Quod
1798 3164 1845 3219 si
1883 3164 1999 3219 haec

2107 3146 2464 3201 καταδιώκων
2526 3147 2698 3213 ἔλεος,
2729 3151 2823 3202 καὶ
2866 3151 2900 3222 ἠ
2950 3151 3008 3204 ὲν
3034 3149 3113 3222 τῷ
3140 3150 3274 3222 οἴκῳ
3310 3149 3407 3204 τοῦ
3436 3149 3566 3205 Θεοῦ
3593 3163 3678 3220 μα-

405 3247 589 3304 dulcis
632 3250 727 3304 illa
775 3250 1087 3306 verberatio
1136 3251 1493 3323 suppeditat,
1527 3253 1995 3331 quemadmodum

404 3351 461 3397 et
494 3340 920 3398 Proverbiorum
973 3344 1134 3410 liber,
1183 3354 1238 3400 et
1284 3343 1562 3417 Propheta
1615 3347 1706 3402 hic
1750 3346 1998 3407 docent:

408 3435 668 3488 nimirum
723 3434 875 3506 virga
926 3436 1062 3492 caedi
1111 3437 1319 3493 bonum
1364 3444 1487 3503 est,
1539 3455 1663 3510 qua:
1713 3446 1999 3495 tantorum

407 3524 678 3578 bonorum
735 3524 1082 3583 fertilitatem
1116 3536 1173 3584 et
1209 3529 1427 3598 capiam
1463 3530 1769 3585 contineat.
1809 3529 2002 3586 Enim-

408 3629 540 3668 vero
568 3623 718 3669 recte
758 3612 1061 3672 fecerimus
1090 3659 1106 3683 ,
1142 3618 1190 3673 si
1238 3620 1405 3674 etiam
1438 3619 1491 3673 id
1536 3621 1681 3690 quod
1727 3629 1856 3676 ante
1887 3621 2003 3679 haec

408 3708 573 3763 verba
602 3708 870 3764 omissum
900 3724 931 3764 a
966 3711 1132 3766 nobis
1159 3721 1247 3767 est
1267 3752 1283 3776 ,
1321 3711 1689 3783 inquiramus.
1729 3711 2002 3769 Praeteriit

407 3812 670 3870 sponsam
702 3797 941 3856 Verbum
972 3802 1087 3865 sic,
1117 3810 1178 3855 ut
1211 3803 1305 3857 illa
1337 3811 1628 3872 tantopere
1671 3803 2000 3860 desiderans

409 3887 625 3957 ipsum,
670 3904 784 3945 non
837 3898 1023 3946 tamen
1086 3892 1477 3963 prehendenda
1528 3900 1832 3947 consecuta
1883 3894 1997 3949 sit:

410 3980 673 4048 praeteriit
712 3989 935 4046 autem,
972 3998 1083 4036 non
1124 3991 1184 4036 ut
1227 3983 1448 4038 deserat
1499 3986 1870 4052 praeteritam,
1905 3984 2000 4040 sed

412 4079 472 4124 ut
517 4072 696 4142 magis
725 4086 844 4126 eam
876 4072 945 4126 ad
977 4087 1103 4127 sese
1129 4074 1393 4127 attrahat.
1432 4072 1526 4126 Sic
1568 4074 1717 4127 enim
1765 4074 2003 4143 ipsumet

411 4161 483 4215 ait
514 4179 529 4214 :
561 4161 756 4215 Anima
786 4176 904 4215 mea
934 4177 1147 4231 egressa
1177 4146 1255 4216 est
1284 4161 1354 4215 ad
1388 4177 1683 4216 sermonem
1711 4161 1848 4230 ejus.
1886 4161 2004 4214 Pri-

411 4266 564 4306 mum
599 4251 767 4322 igitur
804 4252 901 4306 illo
931 4252 1000 4307 de
1034 4253 1158 4307 loco
1197 4251 1484 4323 egreditur
1520 4254 1705 4307 anima
1728 4290 1744 4317 ,
1796 4252 1852 4307 in
1893 4267 2005 4323 quo

406 4351 568 4398 erat:
603 4354 771 4414 atque
803 4344 879 4399 ita
925 4344 1208 4400 invenitur
1237 4345 1308 4399 ab
1341 4345 1409 4401 iis
1444 4344 1542 4415 qui
1586 4345 1779 4400 urbem
1816 4352 2006 4400 custo-

409 4435 591 4491 diunt.
616 4435 743 4491 llaec
769 4437 916 4491 enim
947 4437 1115 4491 verba
1148 4445 1459 4507 sequuntur
1487 4454 1501 4490 :
1537 4435 1888 4506 Oﬂ'enderuut
1925 4453 2006 4492 me

409 4526 652 4583 custodes
672 4568 688 4593 ,
716 4529 807 4600 qui
836 4533 893 4585 in
922 4529 1049 4583 urbe
1080 4529 1429 4582 circumeunt.
1518 4573 1523 4577 .

495 4609 648 4671 Quod
678 4609 723 4661 si
737 4621 869 4677 ergo
883 4608 967 4662 vel
995 4605 1193 4662 inferni
1220 4608 1464 4677 pericula
1485 4623 1606 4665 eam
1634 4607 2005 4676 invenissent,

425 4698 509 4749 vel
542 4697 609 4749 ab
636 4696 945 4751 latronibus
968 4697 1248 4751 inventam
1276 4696 1506 4763 diceret,
1536 4697 1721 4767 gravis
1754 4696 2002 4767 profecto

422 4802 591 4844 casus
617 4787 663 4841 is
693 4783 857 4841 foret.
881 4785 1025 4841 Nam
1049 4786 1140 4855 [ur
1160 4803 1265 4841 non
1290 4788 1448 4853 venit,
1480 4787 1588 4841 "ini
1610 4796 1669 4841 ut
1692 4788 1923 4857 furatur,
1950 4795 2003 4843 et

422 4884 635 4944 mactet,
653 4884 707 4932 et
719 4875 906 4947 perdat
924 4875 994 4932 ".
1021 4877 1090 4933 At
1108 4878 1156 4933 si
1172 4877 1432 4934 custodes
1448 4891 1570 4932 eam
1589 4876 1892 4944 inveniunt,
1907 4878 2002 4948 qui

423 4970 480 5028 in
506 4971 643 5027 urbe
663 4971 1030 5038 circumeunt,
1062 4969 1290 5026 omnino
1334 4970 1497 5025 talem
1528 4969 1599 5024 ob
1628 4968 2000 5024 inventionem

422 5065 581 5123 beata
597 5062 886 5141 praedicari
901 5059 1223 5117 debet.Nam
1236 5060 1331 5132 qui
1347 5075 1375 5115 a
1388 5059 1616 5116 custode
1633 5067 1884 5131 repertus
1894 5067 2001 5125 est,

423 5173 455 5212 a
482 5156 786 5212 latronibus
803 5154 1033 5211 subduci
1048 5151 1235 5208 furtim
1263 5151 1472 5222 nequit.
1485 5153 1716 5216 Quinam
1742 5152 1907 5223 igitur
1922 5151 2003 5208 illi

423 5246 681 5303 custodes
701 5244 1103 5316 sunt?quinam
1133 5243 1248 5306 alii,
1298 5257 1463 5314 quam
1492 5242 1726 5297 ministri
1743 5241 1887 5311 ejus,
1905 5241 2001 5312 qui

424 5337 666 5391 custodit
710 5336 966 5393 lsraelem
1002 5336 1096 5389 ⁷⁸2
1125 5333 1219 5404 qui
1247 5331 1569 5389 excubando
1592 5346 1813 5386 manum
1843 5346 1998 5388 suam

421 5427 704 5483 dexteram
733 5428 905 5500 tegit;
936 5428 1024 5483 cui
1050 5426 1232 5481 anima
1257 5425 1444 5481 omnia
1464 5424 1608 5478 malo
1640 5422 1998 5479 custodienda

424 5518 631 5571 credita
655 5518 778 5573 est?
806 5519 900 5588 qui
927 5519 1214 5589 ingressus
1241 5522 1296 5571 et
1310 5514 1645 5585 egressionis
1661 5520 1745 5568 est
1767 5510 2001 5568 custos?

427 5607 475 5665 is
515 5611 773 5666 nimirum
800 5618 886 5667 est
931 5610 1084 5667 urbis
1132 5609 1227 5666 ille
1270 5617 1458 5666 custos
1486 5608 1555 5664 de
1595 5621 1707 5677 quo
1750 5604 1993 5663 dicitur:

487 5812 530 5846 ⁸⁷
550 5810 714 5866 Prov.
759 5823 917 5873 mu,
943 5806 1030 5860 15.

1143 5805 1188 5837 ⁸⁸
1221 5803 1379 5859 Deut.
1418 5801 1705 5870 xxxn,‘59.
1782 5803 1826 5837 “
1861 5802 2011 5862 Psal.
2044 5819 2186 5878 nu,
2226 5806 2284 5860 4.

2107 3238 2419 3310 κροδίωσις.
2461 3239 2525 3292 Ei
2573 3235 2668 3294 οὖν
2698 3240 2873 3296 ταῦτα
2914 3242 3144 3313 παρέχει
3182 3241 3473 3314 ἡγλυκεῖα
3517 3238 3679 3309 ἐκείνη

2108 3333 2290 3404 πληγή
2317 3349 2333 3365 ο
2381 3333 2525 3388 κατά
2568 3350 2629 3387 τε
2674 3333 2774 3404 τὴν
2821 3333 3168 3406 παροιμιώδη
3203 3334 3568 3399 διδασκαλίαν,
3601 3331 3675 3385 καὶ

2105 3423 2248 3479 κατὰ
2279 3422 2378 3497 τὴν
2418 3423 2512 3478 τοῦ
2559 3421 2842 3497 Προφήτου
2887 3426 3102 3497 φωνήνο
3127 3425 3329 3495 ἀγαθὸν
3363 3426 3473 3497 άρα
3503 3424 3607 3478 έστὶ
3628 3423 3676 3474 τὸ

2105 3514 2451 3587 παταχθῆναι
2472 3519 2539 3588 τῇ
2587 3516 2788 3588 ῥάϐδῳ,
2819 3518 2912 3587 ἀφ’
2933 3512 2997 3573 οὖ
3023 3520 3139 3572 ἐστι
3161 3516 3269 3573 τῶν
3293 3518 3548 3573 τοιούτων
3568 3517 3675 3584 ἀγα.

2107 3606 2217 3661 θῶν
2243 3606 2488 3676 εὐθηνία.
2528 3607 2746 3662 Μᾶλλον
2774 3608 2832 3661 δὲ
2855 3608 2917 3662 τὸ
2953 3608 3194 3680 παρεθὲν
3219 3608 3323 3680 πρὸ
3343 3608 3455 3663 τῶν
3479 3605 3675 3678 εἰρημέο

2103 3716 2212 3753 νων
2226 3698 2591 3771 ἐξετάσωμεν.
2605 3700 2857 3772 Παρῆλθε
2876 3704 2942 3773 τῇ
2959 3700 3024 3758 νύ
3032 3719 3147 3773 μφη
3166 3701 3196 3754 ὁ
3211 3700 3399 3767 Λόγος,
3416 3700 3673 3770 ἀνέφικτος

2103 3794 2171 3863 τῇ
2190 3792 2328 3864 λαόῇ
2351 3792 2451 3863 τῆς
2468 3791 2739 3865 ποθούσης
2760 3792 3071 3864 γενόμενος·
3087 3791 3333 3865 παρῆλθε
3353 3791 3409 3845 δὲ
3438 3793 3534 3862 οὐχ
3552 3790 3670 3844 dm:

2104 3884 2201 3938 καὶ
2241 3883 2561 3939 καταλιπεῖν
2610 3886 2678 3959 ἢν
2727 3885 3095 3959 παρέδραμεν,
3142 3885 3257 3940 ἀλλ’
3307 3884 3448 3939 ὥστε
3495 3882 3667 3955 μᾶλλον

2106 3975 2276 4047 αὐτὴν
2309 3976 2449 4049 πρὸς
2494 3978 2683 4030 ἑαυτὸν
2724 3976 3151 4031 ἐπισπάσασθαι.
3176 3977 3314 4048 Φησὶ
3340 3978 3482 4048 γάρ·
3508 3977 3584 4029 ὅτι
3616 3972 3673 4027 Ἥ

2105 4068 2280 4138 Ψυχή
2329 4086 2451 4137 μου
2495 4068 2757 4139 ἐξῆλθεν
2810 4070 2880 4124 ἐν
2921 4072 3084 4142 λόγῳ
3137 4071 3344 4126 αὐτοῦ.
3389 4070 3671 4143 Ἐξέρχεται

2104 4158 2286 4212 τοίνυν
2314 4158 2424 4212 ἀπὸ
2453 4158 2550 4213 τοῦ
2577 4162 2635 4215 ὲν
2659 4152 2704 4227 ᾧ
2727 4155 2797 4230 ἦν
2828 4160 2861 4231 ἡ
2886 4158 3054 4231 ψυχὴ,
3093 4160 3187 4214 καὶ
3233 4158 3406 4224 οὕτως
3437 4158 3543 4213 άπὸ
3579 4153 3671 4209 τῶν

2107 4251 2494 4320 φυλασσόντων
2537 4251 2636 4322 τὴν
2682 4253 2840 4307 πόλιν
2881 4251 3227 4324 εὑρίσκεται·
3250 4250 3530 4320 Εὕροσαν
3561 4247 3669 4319 γὰρ,

2108 4345 2264 4415 φησὶ,
2291 4347 2371 4414 μὲ
2399 4344 2455 4398 οἱ
2480 4344 2768 4413 φύλακες,
2803 4346 2858 4399 oi
2884 4342 3257 4410 κυκλοῦντες
3285 4343 3401 4412 τὴν
3423 4343 3613 4396 πόλιν.

2172 4617 2238 4671 Et
2266 4616 2367 4689 μὲν
2392 4611 2487 4669 οὖν
2516 4615 2567 4669 οἱ
2600 4616 2832 4672 κίνδυνοι
2866 4617 2994 4689 ᾇδου
3020 4610 3181 4690 εὖρον
3211 4619 3404 4694 αὐτὴν,
3433 4619 3465 4690 ἢ
3497 4611 3668 4690 λῃστὰς
3772 4690 3781 4701 η

2102 4709 2274 4781 αὐτὴν
2323 4708 2579 4780 εὑρέσθαι
2608 4709 2799 4780 ,λέγει’
2835 4711 3070 4782 χαλεπὸν
3112 4707 3181 4785 ἧν
3218 4712 3278 4766 τδ
3318 4712 3567 4768 τοιούτων
3588 4707 3668 4763 αύ-

2104 4800 2204 4871 τὴν
2233 4797 2456 4870 εὕρημα
2482 4799 2754 4867 γενέσθαι.
2785 4800 2850 4854 Ὅ
2873 4799 2985 4869 γὰρ
3005 4799 3273 4869 κλέπτης
3288 4802 3401 4856 οὐκ
3434 4799 3663 4870 ἔρχεται,

2103 4892 2159 4945 ει
2170 4889 2258 4959 μὴ
2291 4890 2394 4944 ἵνα
2421 4890 2650 4959 κλέψῃ,
2685 4891 2786 4945 καὶ
2809 4893 2991 4961 θύσῃ.
3010 4893 3109 4946 καὶ
3132 4892 3434 4961 ἀπολέσῃ.
3469 4894 3530 4947 Εἰ
3546 4890 3596 4945 δὲ
3624 4887 3664 4942 oi

2106 4981 2347 5050 φύλακες
2380 4981 2548 5054 αὐτὴν
2578 4982 2922 5053 εὑρίσκουσιν
2955 4984 3007 5037 oi
3044 4984 3371 5048 κυκλοῦντες
3406 4986 3465 5038 ἐν
3495 4986 3558 5055 τῇ
3588 4977 3665 5033 Mr

2096 5073 2200 5137 λει,
2238 5074 2550 5145 μακαριστὴ
2584 5074 2801 5139 πάντως
2828 5075 2946 5128 ἐστὶ
2975 5074 3075 5146 τῆς
3101 5074 3356 5147 τοιαύτης
3392 5076 3657 5148 εὑρήσεως.

2107 5166 2165 5219 '0
2190 5166 2297 5239 γὰρ
2334 5166 2440 5220 ὑπὸ
2475 5166 2571 5220 τοῦ
2615 5166 2854 5237 φύλακος
2889 5167 3155 5239 εὑρεθεὶς,
3187 5168 3294 5222 ὑπὸ
3324 5167 3534 5241 λῃστῶν
3557 5164 3663 5219 κλα-

2096 5259 2262 5329 πῆναι
2293 5258 2355 5312 οὐ
2388 5257 2633 5313 δύναται.
2666 5259 2823 5324 Τίνες
2858 5256 2952 5315 οὖν
2978 5262 3117 5314 είσιν
3154 5261 3204 5314 oi
3228 5260 3504 5331 φύλακες;
3532 5257 3661 5316 Τίνες

2095 5348 2265 5417 ἄλλοι,
2299 5348 2332 5422 ἢ
2372 5349 2589 5413 πάντως
2640 5350 2691 5403 οἱ
2741 5350 3034 5423 ὑπηρέται,
3086 5352 3135 5405 οἱ
3188 5350 3550 5420 φυλάσσοντες
3586 5342 3659 5397 τὸν

2113 5440 2366 5512 ’1σραήλ;
2419 5439 2527 5495 Τοῦ
2580 5440 2669 5495 διὰ
2714 5440 2818 5513 τῆς
2872 5441 3119 5513 φυλακῆς
3157 5441 3254 5512 τὴν
3298 5440 3475 5506 δεξιὰν
3527 5435 3660 5509 χεῖρα

2102 5532 2428 5597 σκέποντος;
2484 5531 2592 5586 Τοῦ
2640 5532 2749 5586 ἀπὸ
2794 5533 2994 5597 παντὸς
3047 5533 3218 5590 κακοῦ
3255 5534 3355 5604 τὴν
3383 5530 3552 5603 ψυχὴν
3573 5544 3655 5596 φυ-

2104 5622 2324 5676 λάσσειν
2354 5624 2827 5695 πεπιστευμένου;
2862 5626 2957 5692 Ὃς
2992 5626 3087 5679 καὶ
3127 5626 3334 5681 είσόδου
3382 5624 3476 5680 καὶ
3508 5613 3656 5686 ἐξόδου

2398 5806 2444 5837 ⁷ο
2485 5804 2684 5862 Joaun.
2725 5823 2779 5875 ι,
2810 5808 2893 5864 10.
3006 5809 3048 5841 ⁷⁸
3079 5807 3206 5863 Psal
3255 5824 3383 5875 cxx,
3422 5819 3469 5861 4.
