3866 6356
183 408 329 464 1035

1286 407 1355 464 IN
1393 406 1694 467 CANTICA
1723 406 1995 467 CANTIC.
2037 406 2320 465 HOMILIA
2359 406 2480 463 XII.

3311 408 3449 466 1054

183 521 391 593 φύλαξ’
432 518 638 586 ἐκεῖνός
679 518 826 576 ἐστιν
862 520 892 575 ὁ
940 518 1111 590 φύλαξ
1146 520 1244 593 τῆς
1280 520 1510 587 πόλεως,
1553 522 1679 594 περὶ
1708 512 1768 587 οὗ

1878 518 2003 575 Nisi
2038 518 2294 575 Dominus
2323 519 2585 574 civitatem
2612 516 2901 583 custodiat,
2939 517 3144 589 frustra
3175 519 3353 592 uigilat
3380 527 3449 592 is,

183 631 381 688 φησιν’
436 614 518 668 ὅτι
564 613 699 669 Ἐὰν
743 613 833 684 μὴ
878 615 1094 682 Κύριος
1127 614 1372 685 φυλάξῃ
1424 616 1641 681 πόλιν,
1686 614 1774 679 εἰς

180 707 385 778 μάτην
412 707 804 777 ἠγρύπνησεν
844 709 878 761 ὁ
920 707 1281 776 φυλάσσων.
1318 708 1400 762 Τὰ
1449 708 1627 762 τοίνυν
1666 708 1776 761 λει-

184 784 453 871 τουργικά
480 797 782 870 πνεύματα,
813 798 881 853 τὰ
913 801 993 863 είς
1035 800 1311 854 διακονίαν
1337 799 1773 871 ἀποστελλόμενα

181 889 276 943 διὰ
311 890 436 952 τοὺς
468 888 758 959 μέλλοντας
789 889 1143 962 κληρονομεῖν
1183 892 1475 963 σωτηρίαν,
1504 894 1776 948 ἐνδείκνυ-

182 997 279 1034 ται
306 980 395 1034 διὰ
434 980 542 1034 τῶν
570 980 827 1049 φυλάκων
879 983 908 1034 ὁ
953 982 1110 1051 λόγος
1160 984 1267 1037 τῶν
1305 984 1644 1041 κυκλούντων
1676 986 1773 1057 τὴν

181 1069 364 1124 πόλιν.
397 1069 559 1141 Ψυχὴ
592 1069 668 1136 δὲ,
712 1070 894 1135 καθὼς
930 1072 1146 1145 εἴρηται
1182 1074 1206 1125 ὁ
1239 1073 1417 1141 λόγος,
1448 1075 1563 1129 ἐστὶ
1592 1075 1651 1128 τὸ
1680 1075 1771 1128 τοῦ

180 1158 322 1215 Θεοῦ
348 1162 680 1234 οἰκητήριον.
714 1161 875 1235 Παρά
910 1162 1116 1218 τούτων
1147 1158 1240 1218 οὖν
1278 1164 1495 1236 εὑρέθη,
1524 1165 1770 1238 φησὶν,’ή

180 1251 354 1324 ψυχὴ,
382 1252 459 1316 ὡς
490 1252 686 1325 εὑρέθη
731 1257 860 1308 ποτὲ
905 1256 1058 1328 παρά
1092 1254 1186 1310 τοῦ
1221 1257 1387 1312 καλοῦ
1432 1259 1686 1329 ποιμένος
1711 1259 1774 1312 τὸ

182 1345 478 1415 πρόϐατον,
506 1346 588 1416 ἐφ’
616 1341 677 1400 οὗ
706 1348 877 1401 πᾶσαι
920 1348 1030 1403 τῶν
1071 1350 1281 1419 ἀγελῶν
1312 1352 1368 1405 αἱ
1400 1354 1607 1423 χορεῖαι
1638 1351 1775 1424 πρὸς

183 1434 527 1509 εὐφροσύνην
573 1426 1033 1511 συνεκινήθησαν,
1080 1441 1221 1496 κατά
1264 1441 1362 1512 τὴν
1420 1443 1514 1496 τοῦ
1567 1443 1773 1514 Κυρίου

185 1527 395 1598 φωνήν.
439 1527 625 1592 Οὕτως
680 1529 885 1600 εὑρέθη
926 1530 1057 1584 ποτὲ
1090 1533 1184 1585 καὶ
1216 1532 1249 1603 ὴ
1288 1532 1504 1604 δραχμὴ
1544 1532 1648 1586 ὑπὸ
1678 1533 1772 1586 τού

180 1617 405 1688 λύχνου,
440 1612 593 1691 ὲφ’ᾗ
648 1620 892 1691 χαίρουσι
931 1622 1130 1686 πάντες
1176 1625 1226 1676 οἱ
1277 1623 1420 1692 φίλοι
1453 1641 1512 1677 τε
1568 1625 1663 1678 καὶ
1723 1624 1773 1678 οἱ

184 1708 452 1777 γείτονες.
483 1711 735 1765 Τοιοῦτον
770 1712 983 1784 εὖρεμα
1011 1714 1105 1768 καὶ
1145 1716 1174 1768 ὀ
1208 1715 1372 1768 Δαϐὶδ
1403 1716 1430 1768 ὁ
1458 1714 1641 1779 δοῦλος
1676 1714 1773 1770 τοῦ

184 1800 397 1871 Κυρίου
439 1801 669 1869 γίνεται,
714 1803 897 1868 καθὼς
943 1805 1034 1858 καὶ
1082 1807 1115 1877 ή
1165 1805 1450 1878 ιιιαλμῳδία
1508 1809 1672 1876 φησὶν
1709 1809 1774 1861 ἐκ

184 1891 484 1960 προσώπου
527 1892 620 1945 τοῦ
655 1892 789 1946 Θεοῦ
809 1910 823 1924 ο
855 1894 937 1949 ὅτι
976 1893 1175 1966 Εὗρον
1202 1898 1381 1951 Δαϐίὸ
1417 1899 1519 1953 τὸν
1549 1898 1776 1955 δοῦλόν

176 1998 324 2050 μου,
356 1983 427 2035 ἐν
447 1982 630 2047 ἐλαίῳ
650 1983 795 2053 ἁγίῳ
815 2004 934 2056 μου
967 1987 1181 2058 ἕχρισα
1217 1991 1421 2046 αὐτόν.
1464 1993 1558 2053 "tl;
1591 1990 1774 2063 ἐπειδὴ

183 2073 375 2144 κτῆμα
398 2072 491 2127 τοῦ
532 2075 780 2145 εὑρόντος
811 2078 1044 2144 ἐγένετο,
1079 2080 1400 2151 ἀκούσωμεν
1434 2082 1561 2135 οἴων
1597 2081 1776 2148 ἀξιοῦ-

181 2179 309 2218 ται·
354 2166 415 2220 Ἠ
441 2161 585 2235 ⁴χείρ
607 2184 747 2237 μου,
790 2170 980 2240 φησὶν,
1031 2173 1367 2242 συναντιλή
1379 2176 1546 2243 {Il-etas
1590 2172 1772 2241 αὐτῷ,

181 2256 286 2310 καί
324 2259 360 2310 ὁ
380 2257 654 2326 βραχίων
677 2277 798 2329 μου
832 2263 1189 2331 κατισχύσει
1228 2266 1443 2319 αὐτόν·
1480 2264 1579 2319 καὶ
1628 2284 1776 2335 συγ-

182 2350 358 2418 κόψω
384 2349 502 2403 ἀπὸ
526 2350 851 2419 προσώπου
871 2353 1057 2408 αὐτοῦ
1095 2355 1240 2425 τοὺς
1265 2356 1519 2426 ἐχθροὺς
1559 2360 1771 2428 αὐτοῦ,

183 2441 289 2495 καὶ
344 2440 489 2507 τοὺς
518 2441 853 2511 μισοῦντας
884 2445 1071 2500 αὐτὸν
1096 2446 1502 2520 τροπὼσομαι’
1537 2452 1630 2505 καὶ
1673 2453 1774 2508 ὅσα

180 2529 321 2584 ἄλλα
366 2533 396 2584 ὁ
443 2531 543 2601 τῆς
600 2533 852 2602 εὐλογίας
904 2524 1149 2608 περιέχει
1204 2538 1523 2609 κατάλογος.
1564 2540 1772 2597 Οὐκοῦν

181 2620 351 2675 καλόν
382 2622 529 2676 ἐστιν
555 2623 842 2696 εὑρεθῆναι
888 2628 991 2680 ὑπὸ
1036 2629 1146 2682 τῶν
1181 2631 1523 2687 κυκλούντων
1554 2633 1649 2705 τὴν
1674 2635 1774 2689 πό-

179 2710 269 2764 λιν
313 2711 413 2781 τὴν
454 2711 631 2784 ψυχὴν
684 2704 950 2784 ἀγγέλων.
987 2717 1142 2771 Οὕτω
1193 2720 1301 2793 γὰρ
1334 2726 1474 2776 νοεῖν
1524 2726 1551 2777 ό
1600 2704 1773 2795 μέγας

180 2802 351 2855 Δαϐὶδ
395 2802 705 2859 ὑποτίθεται
757 2806 963 2876 λέγων’
1020 2813 1394 2881 Παρεμϐωλεῖ
1438 2818 1470 2869 ό
1517 2815 1773 2887 ἅγγελος

184 2894 406 2962 Κυρίου
433 2896 637 2961 κύκλῳ
663 2897 785 2952 τῶν
811 2902 1200 2972 φοϐουμένων
1229 2906 1435 2973 αὑτὸν,
1468 2909 1564 2962 καὶ
1587 2911 1773 2977 ῥύσε-

178 3001 279 3038 ται
304 2986 545 3052 αὐτούς.
579 2988 787 3042 Οὐκοῦν
824 2992 857 3062 ἡ
890 2994 1137 3061 εἰποῦσα,
1164 2996 1245 3050 ὃτι
1288 3001 1351 3052 Οἱ
1391 3001 1660 3068 φύλακές
1693 3019 1772 3072 με

178 3072 510 3142 ἐπάταξαν,
549 3077 867 3150 προσθήκην
910 3083 1033 3137 τινα
1085 3078 1407 3157 γεγενῆσθαι
1454 3091 1623 3161 αὐτῆς
1672 3093 1771 3163 τῆς

1875 609 1964 679 qui
1991 608 2224 665 custodit
2255 609 2322 663 τ’.
2377 606 2744 675 Quamobrem
2804 608 3033 678 spiritus
3072 609 3151 664 illi
3179 611 3433 670 ministra

1875 708 2044 764 tores,
2078 699 2174 769 qui
2224 698 2293 754 ad
2336 699 2703 757 ministerium
2740 700 3033 755 mittuntur
3076 714 3303 773 propter
3330 721 3451 772 eos,

1874 790 1967 861 qui
2022 791 2219 848 salutis
2255 791 2498 848 haeredes
2542 790 2715 846 futuri
2749 799 2879 847 sunt
2909 791 2986 859 ⁷³,
3042 808 3140 864 per
3196 797 3455 855 custodes

1874 883 1931 937 in
1980 883 2068 940 his
2133 882 2316 939 verbis
2375 883 2742 949 denotanlur,
2788 884 2885 954 qui
2951 884 3010 941 in
3061 885 3285 944 civitate
3345 892 3455 947 cir-
3552 883 3563 894 ’

1878 975 2093 1032 cumire
2131 975 2409 1029 dicuntur.
2444 973 2654 1032 Civitas
2705 983 2887 1032 autem
2936 977 3051 1046 illa,
3097 981 3454 1051 quemadmo-

1874 1066 2003 1122 dum
2031 1067 2418 1133 indicavimus,
2450 1069 2630 1123 anima
2663 1077 2768 1135 est,
2795 1071 3135 1128 domicilium
3178 1074 3312 1130 illud
3335 1074 3452 1131 Dei.

1872 1158 1956 1213 Ab
1985 1157 2072 1212 his
2102 1157 2267 1228 igitur
2329 1158 2548 1214 inventa
2581 1168 2665 1216 est
2692 1161 2897 1227 anima,
2933 1163 3077 1220 sicut
3099 1165 3394 1236 aliquando
3420 1184 3455 1223 a

1874 1254 2093 1319 pastore
2129 1247 2275 1303 bono
2302 1257 2523 1318 reperta
2554 1248 2645 1303 illa
2671 1251 2791 1306 ovis
2820 1258 2927 1317 est,
2974 1254 3046 1309 ob
3071 1269 3236 1325 quam
3259 1255 3454 1313 inven-

1876 1345 1986 1392 tam
2004 1353 2200 1410 greges
2228 1340 2469 1396 universi
2506 1341 2856 1412 tripudiando
2883 1344 2952 1399 ad
2979 1345 3221 1401 laetitiam
3252 1349 3457 1420 pariter

1874 1431 2133 1485 commoti
2180 1440 2331 1496 sunt,
2381 1434 2841 1502 quemadmodum
2890 1436 3008 1506 ipse
3058 1438 3323 1495 Dominus
3356 1444 3452 1495 ait.

1876 1519 1969 1576 Sic
1986 1537 2083 1591 per
2099 1521 2380 1578 lucernam
2411 1524 2708 1594 aliquando
2737 1533 2794 1581 et
2816 1526 3080 1584 drachma
3102 1534 3325 1607 reperta
3347 1545 3453 1597 est,

1876 1613 1948 1669 ob
1960 1628 2123 1684 quam
2145 1614 2400 1670 laetantur
2423 1617 2586 1672 amici
2605 1632 2672 1673 ac
2689 1615 2857 1673 vicini
2872 1632 3065 1676 omnes
3085 1621 3151 1676 ”.
3183 1620 3274 1678 Sic
3289 1624 3454 1678 etiam

1876 1720 2070 1762 servus
2130 1707 2223 1764 ille
2280 1708 2374 1766 Dei
2422 1708 2591 1766 David
2654 1712 2944 1782 reperitur,
2999 1716 3456 1786 quemadmodum

1877 1799 2122 1867 psalmus
2175 1800 2229 1855 in
2268 1816 2505 1871 persona
2530 1802 2624 1859 Dei
2665 1804 2949 1874 loquitur:
2981 1804 3166 1863 Inveni
3206 1808 3457 1863 Dauidem

1876 1911 2080 1950 seruum
2108 1915 2299 1966 meum,
2325 1900 2438 1954 oleo
2466 1917 2579 1957 meo
2603 1918 2757 1958 sacro
2780 1905 2968 1960 inunxi
2987 1923 3106 1961 eum
3139 1908 3206 1961 ⁷⁵.
3232 1907 3459 1966 Postea-

1875 2000 2041 2057 quam
2074 2003 2203 2044 vero
2234 1990 2281 2044 is
2318 1991 2605 2060 possessio
2668 1993 2817 2051 illius
2848 2012 2973 2054 esse
3001 1999 3164 2069 cmpit
3193 2000 3286 2071 qui
3332 2017 3457 2057 eum

1877 2089 2175 2148 repererat,
2212 2083 2503 2140 audiamus
2539 2086 2723 2156 qualia
2762 2098 3139 2159 consequatur
3180 2106 3196 2149 :
3236 2092 3453 2159 Manus,

1877 2169 2077 2241 inquit,
2133 2188 2249 2227 πιθα
2280 2174 2408 2242 [ει-ει
2449 2176 2551 2243 ipsi
2591 2188 2828 2245 opem,et
2862 2179 3140 2234 brachium
3170 2198 3344 2237 meum
3366 2200 3458 2238 ro-

1877 2260 1976 2316 bur
2005 2263 2162 2318 addet
2189 2266 2257 2318 ei.
2295 2265 2447 2321 Nihil
2470 2269 2523 2321 in
2544 2285 2604 2323 eo
2628 2270 2867 2338 proﬁciet
2899 2271 3092 2340 hostis,
3116 2284 3165 2329 et
3185 2276 3333 2343 ﬁlius
3355 2278 3456 2331 iui-

1875 2356 2098 2425 quitatis
2151 2374 2253 2410 non
2312 2358 2544 2428 amplius
2602 2361 2793 2432 aﬂliget
2850 2363 3047 2430 ipsum.
3108 2366 3454 2425 Adversarius

1873 2447 1990 2516 ejus
2034 2466 2066 2502 a
2103 2449 2241 2518 facie
2291 2449 2458 2517 ipsius
2510 2452 2810 2518 concidam,
2849 2463 2899 2507 et
2931 2465 3231 2512 convertam
3264 2460 3320 2514 in
3364 2460 3457 2530 fu—

1873 2556 1999 2610 gam
2036 2541 2160 2595 illos
2218 2542 2308 2611 qui
2361 2541 2481 2596 odio
2521 2544 2691 2613 ipsum
2732 2556 3111 2614 persequuntur
3128 2549 3196 2602 ".
3245 2548 3459 2616 Quibus

1876 2625 2016 2680 adde
2065 2636 2263 2682 caetera
2311 2632 2658 2702 quaecunque
2696 2633 2834 2689 bene
2866 2636 3144 2704 precantis
3176 2638 3269 2693 ille
3300 2646 3456 2693 cata-

1875 2716 2033 2786 logus
2089 2720 2356 2775 continet.
2391 2720 2761 2787 Quamobrem
2792 2724 2996 2780 bonum
3040 2736 3125 2783 est
3155 2717 3456 2786 otiandi-ab

1874 2805 2105 2875 angelis,
2140 2807 2233 2877 qui
2256 2809 2532 2863 civitatem
2548 2852 2562 2876 ,
2581 2811 2821 2866 animam
2853 2814 3067 2871 scilicet
3089 2817 3451 2874 circumeunt.

1876 2897 1969 2957 Sic
1992 2900 2197 2956 sentire
2231 2917 2333 2957 nos
2366 2904 2718 2974 magnus'ille
2745 2903 2915 2961 David
2943 2908 3122 2978 jubet,
3181 2926 3304 2967 cum
3332 2913 3410 2967 ait
3438 2933 3450 2966 :

1874 2989 2361 3047 Castrametabitur
2421 2993 2639 3063 angelus
2691 2994 2906 3051 Domini
2963 2999 3189 3071 undique
3254 3004 3455 3058 circum

1876 3083 2115 3140 timentes
2155 3102 2298 3152 eum,
2332 3095 2381 3141 et
2416 3085 2662 3141 liberabit
2684 3087 2806 3143 illos
2838 3090 2904 3142 ⁷⁷.
2937 3089 3069 3157 Qua:
3098 3094 3267 3167 igitur
3287 3097 3368 3151 ait
3395 3112 3456 3152 se

178 3163 275 3215 ἐπὶ
319 3163 378 3216 τὸ
427 3163 539 3218 ἄνω
577 3167 860 3239 προκοπῆς
917 3173 1277 3245 ἐκαυχήσατο.
1330 3177 1395 3231 Et
1449 3178 1508 3233 δὲ
1558 3180 1651 3234 καὶ
1711 3183 1767 3234 ὲν

1873 3178 2210 3233 verberatum
2233 3195 2259 3232 a
2289 3180 2641 3245 custodibus,
2662 3183 2934 3251 gloriatur
2966 3200 3026 3243 se
3056 3187 3108 3241 in
3124 3163 3372 3258 profecw
3387 3195 3453 3248 ad

176 3256 453 3328 τραύματι
482 3257 809 3328 γεγενῆσθαι
846 3260 1012 3329 λέγει,
1045 3265 1142 3336 τὴν
1190 3270 1247 3320 ὲν
1284 3268 1439 3339 βάθει
1473 3272 1768 3346 γενομένην

1875 3269 2070 3326 altiora
2144 3272 2397 3327 nonnihil
2459 3275 2795 3331 accessionis
2854 3288 3233 3336 consecutam.
3299 3281 3455 3351 Quod

175 3348 320 3418 αὐτῇ
359 3346 447 3400 διὰ
473 3349 574 3419 τῆς
603 3348 753 3412 Θείας
794 3351 989 3423 ῥάὗδου
1027 3356 1196 3410 τύπον
1231 3359 1309 3431 τῷ
1330 3361 1474 3433 λόγῳ
1504 3367 1773 3438 παρίστη-

179 3455 284 3491 σιν.
322 3440 395 3492 Οὐ
430 3439 539 3510 γὰρ
566 3441 883 3496 ἐπιπόλαιον
909 3445 1011 3516 τῆς
1045 3454 1419 3525 πνευματικῆς
1451 3457 1645 3526 ῥάϐδου
1675 3460 1772 3531 τὴν

176 3530 462 3601 ἐνέργειαν
494 3533 579 3602 ἐφ’
608 3534 810 3621 εαυτῆς
853 3535 1085 3606 δέχεται,
1128 3540 1205 3604 ὡς
1255 3543 1330 3615 μὴ
1368 3530 1771 3621 ἐπιγνωσθῆναι

171 3621 270 3677 τὸν
302 3622 465 3676 τόπον
510 3624 570 3677 ἐν
605 3617 650 3693 ᾧ
697 3627 795 3697 τὴν
836 3629 1032 3699 ῥάϐδον
1077 3633 1325 3698 ἐδέξατοο
1367 3637 1481 3691 ἀλλ’
1504 3617 1770 3714 ἐπίσημος

173 3712 269 3767 διὰ
300 3714 393 3768 τοῦ
422 3714 735 3787 τραύματος
765 3719 1037 3781 δείκνυται
1065 3725 1096 3794 ἡ
1131 3723 1333 3799 πληγὴ,
1435 3712 1769 3804 ἐγκαυχᾶται

173 3807 215 3878 ἡ
247 3806 454 3879 νύμφη.
499 3809 573 3863 Τὸ
623 3810 680 3863 δὲ
732 3811 1023 3885 λεγόμενον
1065 3816 1305 3872 τοιοῦτόν
1334 3822 1507 3874 ἐστιν·
1544 3825 1609 3878 Ἡ
1651 3825 1770 3880 θεία

179 3898 380 3970 ῥάϐδος
408 3900 613 3972 ἐκείνη,
658 3902 751 3957 καὶ
791 3906 824 3976 ἡ
872 3907 1257 3982 παρακλητικὴ
1303 3911 1594 3985 βακτηρία,
1623 3918 1655 3988 ἡ
1682 3917 1767 3972 διὰ

175 3989 276 4042 τοῦ
292 3991 605 4046 πατάσσειν
630 3993 852 4064 ἐνεργοῦ
862 4013 929 4051 τα
953 3997 1052 4070 τὴν
1073 4000 1236 4068 ῐασιν,
1256 4003 1317 4055 τὸ
1336 4004 1560 4076 Πνεῦμα
1589 4010 1734 4062 ἐστιν
1748 4025 1764 4042 ο

174 4071 242 4133 οὗ
274 4080 481 4152 καρπὸς
509 4081 579 4135 τά
618 4100 677 4136 τε
705 4085 838 4139 ἄλλα
876 4086 984 4140 τῶν
1023 4089 1240 4158 ἀγαθῶν
1268 4093 1368 4147 ὅσα
1396 4071 1605 4162 Παῦλος
1643 4099 1768 4170 ἠρί-

177 4171 378 4241 θμησε,
416 4175 511 4226 καὶ
548 4176 684 4245 μετά
726 4177 1050 4234 τιῦνκᾶλλων
1081 4184 1113 4254 ἡ
1167 4185 1513 4256 παιδαγωγὸς
1548 4190 1647 4261 τῆς
1685 4193 1769 4245 ὲν-

174 4260 373 4330 αρέτου
402 4262 677 4328 πολιτείας
723 4266 1036 4335 ἐγκράτεια.
1084 4268 1240 4325 Οὕτω
1284 4270 1393 4345 γὰρ
1429 4274 1523 4329 καὶ
1558 4260 1768 4340 Παῦλος

174 4354 208 4406 ὁ
244 4352 351 4406 τῶν
400 4355 657 4409 τοιούτων
695 4356 919 4427 πληγῶν
962 4363 1283 4432 στιγματίας
1332 4367 1442 4430 τοῖς
1489 4366 1767 4439 τραύμασι

172 4443 385 4509 τούτοις
413 4447 848 4519 ἐπαγαλλόμενος
873 4448 1057 4519 ἔλεγεν
1076 4470 1089 4485 ·
1115 4454 1196 4508 ὅτι
1231 4454 1311 4509 Τὰ
1342 4456 1633 4528 στίγματα
1659 4458 1765 4515 τοῦ

1876 3370 2056 3419 autem
2087 3365 2430 3420 vulneratam
2477 3380 2537 3422 se
2558 3382 2782 3437 quoque
2807 3380 3201 3428 commemorat
3225 3411 3241 3439 ,
3274 3374 3331 3430 in
3390 3393 3456 3433 eo

1874 3455 2115 3511 declarat
2146 3457 2323 3510 'iclum
2388 3458 2587 3515 divinae
2651 3461 2818 3532 virga:
2873 3462 2942 3517 ad
2967 3462 3078 3518 ima
3113 3475 3450 3535 penetrasse.

1872 3547 1990 3602 Non
2027 3549 2172 3604 enim
2211 3559 2455 3605 extrema
2502 3553 2651 3607 velut
2682 3552 2738 3607 in
2790 3555 3079 3624 superﬁcie
3106 3559 3271 3629 virga:
3307 3562 3454 3620 illius

1873 3640 2179 3709 Spiritualis
2209 3640 2581 3697 ellicacitatem
2609 3647 2875 3715 percepit,
2905 3654 2964 3700 ut
2993 3648 3134 3704 ictus
3163 3652 3452 3723 vestigium

1873 3728 2093 3800 agnosci
2125 3731 2330 3785 nullum
2346 3732 2538 3801 possit,
2571 3732 2667 3788 sed
2695 3734 2853 3805 plaga
2894 3736 3009 3791 lucc
3041 3738 3112 3793 ob
3140 3739 3339 3798 vulnus
3370 3743 3443 3796 in-

1873 3820 2045 3891 signis
2085 3820 2444 3891 conspicitur,
2499 3831 2723 3894 prOpter
2754 3841 2917 3895 quam
2952 3828 3126 3899 ipsam
3156 3846 3218 3893 se
3251 3848 3452 3902 sponsa

1867 3908 2061 3978 jactat.
2089 3911 2186 3965 Est
2215 3919 2394 3966 autem
2453 3913 2769 3984 hujusmodi
2820 3918 3068 3990 quxdam
3125 3923 3178 3977 in
3211 3924 3297 3980 bis
3326 3941 3447 3981 sen-

1871 3999 2250 4073 tentia:Virga
2304 4001 2393 4058 illa
2426 4005 2632 4072 divina,
2683 4016 2737 4064 et
2769 4009 2998 4067 baculus
3025 4016 3451 4082 consolatorius.

1870 4092 1965 4163 qui
2016 4109 2114 4163 per
2174 4093 2351 4166 ipsam
2407 4098 2845 4157 verberationem
2905 4103 3204 4162 emcaciter
3268 4121 3449 4173 sanat,

1872 4180 2110 4252 Spiritus
2135 4191 2220 4239 est
2247 4205 2261 4239 :
2292 4185 2450 4256 cujus
2505 4186 2717 4246 fructus
2747 4206 2870 4246 cum
2903 4192 3009 4249 alia
3045 4196 3292 4267 quaedam
3324 4211 3453 4257 sunt

1868 4271 2032 4337 bona,
2065 4291 2404 4347 qumcunque
2460 4274 2662 4337 Paulus
2690 4289 3157 4352 commemoravit,
3213 4297 3326 4346 tum
3363 4293 3447 4361 in:

1870 4370 1955 4419 ter
2007 4365 2123 4421 haec
2173 4366 2294 4436 ipsa
2338 4372 2717 4440 temperantia,
2781 4375 3040 4445 magistra
3086 4379 3212 4435 vitae
3261 4383 3448 4439 virtuti

1868 4464 2274 4514 consentaneat.
2337 4459 2428 4514 Sic
2478 4459 2622 4515 enim
2672 4460 2875 4520 Paulus
2933 4466 3068 4537 ipse,
3135 4469 3446 4540 hujusmodi

173 4538 437 4604 Χριστοῦ
489 4539 562 4593 ἐν
620 4540 701 4606 τῷ
740 4541 970 4612 σώματί
1008 4562 1130 4614 μου
1182 4547 1491 4617 περιφέρω.
1537 4551 1761 4615 Δεικνὺς

1873 4547 2036 4618 plagis
2068 4556 2293 4603 notatus
2348 4550 2599 4616 verbero,
2651 4553 2940 4611 exsultans
2966 4558 3037 4612 ob
3067 4558 3183 4615 haec
3209 4538 3445 4619 vulnera

170 4627 275 4699 τὴν
304 4630 362 4683 ὲν
391 4631 551 4684 παντὶ
584 4632 739 4704 κακῷ
769 4634 1071 4701 ἀσθένειαν,
1104 4637 1173 4691 δι’
1200 4632 1268 4708 ἦς
1294 4641 1327 4710 ἡ
1358 4640 1498 4694 κατά
1529 4642 1762 4714 Χριστὸν

171 4717 399 4790 δύναμις
417 4720 477 4773 ἐν
495 4721 661 4793 ἀρετῇ
684 4722 1003 4778 τελειοῦται.
1026 4725 1204 4779 Καλὸν
1225 4721 1317 4780 οὖν
1339 4728 1433 4783 καὶ
1456 4729 1517 4783 τὸ
1541 4731 1761 4802 τραῦμα

169 4810 262 4864 διὰ
304 4811 412 4865 τῶν
454 4814 757 4886 εἰρημένων
796 4817 923 4886 ἡμῖν
955 4816 1319 4892 ἀναπέφηνεν,
1358 4820 1427 4874 δι’
1453 4814 1515 4874 οὗ
1540 4822 1759 4891 γέγονεν

169 4901 313 4971 αὐτῇ
357 4902 452 4955 τοῦ
495 4903 777 4976 θερίστρου
814 4908 848 4977 ἡ
893 4907 1248 4979 περιαίρεσις.
1288 4909 1449 4964 Ὥστε
1488 4913 1758 4967 ἀνακαλυ-

170 4990 372 5061 φθῆναι
408 4992 543 5062 αύτῇ
581 4993 642 5046 τὸ
668 4995 770 5065 τῆς
815 4994 992 5066 ψυχῆς
1041 4996 1254 5064 κάλλος,
1296 4999 1492 5069 μηκέτι
1543 5002 1759 5057 ἐπισκο-

167 5083 391 5149 τοῦντος
417 5085 510 5139 τοῦ
544 5086 736 5160 ὲπιόλή
744 5105 929 5159 ματος.

254 5348 395 5402 Ἀλλ’
445 5350 876 5424 ὲπαναλάϐωμεν
931 5356 1092 5410 πάλιν
1140 5358 1754 5434 ἀνακεφαλαιωσάμενοι

167 5437 270 5510 τὴν
296 5439 405 5493 τῶν
425 5441 730 5513 εἰρημένων
751 5444 1008 5499 διάνοιαν.
1045 5446 1109 5500 Ἡ
1139 5448 1274 5519 πρὸς
1298 5450 1389 5504 τὸν
1413 5451 1544 5505 Θεὸν
1572 5454 1755 5526 ὁρῶσα

166 5529 337 5600 ψυχὴ.
372 5532 467 5585 καὶ
502 5533 597 5587 τὸν
639 5534 841 5602 ἀγαθὸν
877 5538 1083 5591 ἐκεῖνον
1133 5541 1296 5595 πόθον
1335 5542 1429 5597 τοῦ
1478 5545 1756 5618 ἀφθάρτου

165 5622 397 5686 κάλλους
422 5623 899 5696 ἀναλαμϐάνουσα,
932 5630 1018 5682 ἀεὶ
1045 5631 1171 5685 νέαν
1205 5633 1301 5706 τὴν
1339 5636 1474 5707 πρὸς
1500 5637 1561 5690 τὸ
1589 5639 1756 5709 ύπερ-

238 5720 663 5810 sil-353133;“,
692 5739 769 5810 1,7
808 5738 1042 5810 {{llebr.
1066 5758 1104 5805 ι,
1142 5745 1228 5799 Μ.
1290 5749 1334 5781 ⁷⁵
1358 5749 1490 5804 an.
1518 5768 1608 5810 xv.
1648 5751 1701 5806 9.

167 5806 215 5837 "
249 5804 428 5862 Galat.
464 5822 537 5874 vr,
581 5809 667 5862 t7.
750 5809 796 5840 τ’
820 5808 864 5863 ll
885 5810 1012 5865 Cor.
1041 5804 1145 5876 xtl,
1171 5817 1225 5870 9.

496 5895 767 5959 Parnm.
815 5900 932 5963 Gn.
979 5902 1202 5964 κων.

1872 4638 2094 4709 inquit:
2158 4638 2428 4710 Stigmata
2494 4639 2695 4698 Christi
2723 4661 2836 4700 meo
2857 4647 2914 4701 in
2967 4666 3180 4720 corpore
3224 4656 3449 4711 circum-

1867 4730 1978 4798 fero
2000 4730 2065 4785 ⁷⁸.
2108 4730 2321 4797 Quibus
2347 4733 2528 4789 verbis
2553 4733 2798 4792 indicare
2822 4738 2994 4793 voluit
3022 4741 3447 4804 imbecillitatem

1864 4823 1921 4877 in
1959 4822 2107 4878 omni
2142 4825 2285 4879 malo
2348 4841 2526 4889 suam,
2564 4842 2661 4897 per
2687 4843 2852 4898 quam
2879 4831 3084 4889 Christi
3112 4836 3197 4892 vis
3256 4838 3310 4894 in
3336 4841 3444 4896 vir-

1863 4920 1979 4969 tute
2008 4913 2371 4984 perlicitur".
2423 4911 2684 4973 Videmus
2713 4917 2876 4988 igitur
2905 4936 2970 4976 ex
3015 4924 3122 4981 illis
3153 4942 3274 4997 quze
3301 4930 3446 4987 dixi-

1864 5022 2008 5073 mus,
2045 5007 2207 5062 etiam
2255 5009 2577 5077 praeclarum
2609 5008 2713 5064 hoc
2747 5012 2946 5070 vulnus
2986 5030 3132 5083 esse,
3173 5034 3270 5087 per
3297 5023 3441 5090 quod

1863 5115 2079 5169 sponsm
2130 5102 2324 5173 peplus
2378 5104 2666 5175 ademptus
2723 5106 2834 5161 sit:
2876 5109 2949 5163 ita
2984 5118 3044 5165 ut
3092 5111 3204 5181 jam
3251 5117 3445 5173 animo!

1859 5193 2207 5262 pulchritudo
2268 5194 2339 5249 sit
2366 5196 2625 5262 revelata,
2689 5213 2798 5254 non
2854 5202 3087 5270 amplius
3135 5202 3446 5266 oll'undente

1859 5281 1936 5337 illi
1970 5282 2257 5354 caliginem
2277 5285 2502 5340 amictu.

1931 5374 2237 5433 Enimvero
2317 5386 2634 5449 repetamus
2681 5378 2795 5432 haec
2839 5396 3082 5447 rursum,
3125 5389 3439 5443 summatim

1861 5480 2051 5520 eorum
2088 5482 2209 5536 qua:
2257 5466 2405 5522 dicta
2437 5476 2567 5523 sunt
2626 5469 2856 5523 collecta
2904 5472 3198 5529 sententia.
3244 5472 3439 5537 Anima

1861 5553 1954 5607 illa
1997 5570 2119 5624 quae
2150 5554 2317 5612 Deum
2360 5556 2638 5622 intuetur,
2687 5564 2740 5611 et
2774 5557 2940 5613 semel
2979 5559 3439 5630 pulchritudinem

1860 5641 2102 5698 interitui
2146 5646 2283 5700 nulli
2318 5645 2621 5715 subjcCtam
2654 5644 2972 5704 desiderare
3005 5651 3192 5722 coepit,
3227 5669 3439 5729 semper

1759 5755 1804 5788 ⁷⁵
1831 5754 1975 5813 Psal.
2004 5773 2268 5825 Lxxxvm,
2295 5761 2385 5816 2|.
2448 5761 2651 5832 ".ihid.
2671 5762 2761 5826 9.2,
2793 5759 2885 5816 24.
2920 5763 2964 5794 ⁷⁷
2990 5761 3136 5820 Psal.
3162 5781 3350 5832 xui”,
3379 5778 3435 5829 8.

3069 5927 3147 5986 33
