3866 6372
458 418 600 477 1035

1745 417 1805 474 S.
1845 416 2178 477 GREGORII
2213 420 2511 481 NYSSENI

3628 427 3759 484 i036

454 532 669 593 recenti
695 531 945 607 quadam
997 547 1168 606 supra
1206 546 1309 592 nos
1350 531 1514 606 positi
1558 530 1695 591 boni
1742 537 2044 608 cupiditate

2150 542 2403 615 κείμενον
2436 541 2735 615 ἐπιθυμίαν
2774 543 2921 616 ἔχει,
2963 543 3221 600 οὐδέποτε
3273 546 3424 619 κόρῳ
3462 545 3562 601 τὸν
3591 548 3758 602 πόθον

458 624 817 692 accenditur,
849 622 1001 680 nulla
1044 623 1298 681 satietate
1346 622 1685 681 desiderium
1729 622 1835 683 hoc
1878 627 2046 685 hebe-

457 721 630 771 tante.
663 712 962 786 Propterea
1007 729 1227 786 semper
1259 714 1326 770 ad
1357 715 1638 773 anteriora
1677 717 2044 791 contendens,

456 822 744 879 nunquam
762 807 970 864 desinit
1000 806 1130 864 inde
1162 806 1409 878 prodire,
1444 808 1536 864 ubi
1561 818 1666 877 est,
1702 819 1757 866 et
1801 811 1868 867 ad
1907 811 2046 869 inte-

457 900 607 956 riora
642 908 955 971 penettare,
995 899 1090 955 ubi
1137 901 1374 957 necdum
1429 899 1553 957 fuit.
1620 900 1825 959 Eadem
1887 903 2045 975 quid-

456 993 587 1065 quid
623 994 822 1064 quovis
854 994 904 1050 ei
938 1000 1186 1065 tempore
1230 992 1618 1049 admirandum
1671 1009 1737 1050 ac
1782 1010 2044 1069 magnum

456 1083 712 1149 oﬂ‘erlur,
743 1083 980 1141 inferius
1015 1083 1269 1140 ulteriori
1301 1100 1425 1141 esse
1457 1084 1653 1141 statuit
1687 1105 1702 1143 :
1752 1096 2045 1160 propterea

457 1176 605 1247 quod
654 1175 946 1248 pulchrius
968 1176 1200 1232 omnino
1237 1183 1324 1233 est
1366 1177 1523 1249 prius
1569 1187 1861 1250 percepto,
1894 1181 2042 1251 quod

457 1283 677 1339 semper
704 1267 1008 1323 invenitur.
1038 1266 1520 1335 Quemadmodum
1564 1279 1621 1326 ct
1652 1269 1858 1329 Paulus
1907 1288 2047 1344 quo-

454 1359 595 1416 tidie
607 1360 1034 1427 moriebatur“,
1059 1375 1126 1417 ex
1157 1376 1268 1432 quo
1285 1376 1505 1433 semper
1532 1360 1600 1417 ad
1634 1378 1834 1419 novam
1858 1380 2047 1436 quam-

455 1454 582 1510 dam
607 1454 777 1511 vitam
831 1454 1224 1521 contendebat,
1276 1462 1533 1512 mortuus
1578 1457 1706 1513 vitae
1732 1459 2045 1530 praeteritae,

456 1562 523 1603 ac
556 1560 752 1603 eorum
787 1560 911 1619 quae
960 1545 1074 1617 jam
1130 1544 1446 1603 confecerat
1488 1547 1840 1606 obliviscens.
1910 1547 2044 1605 Eam

455 1637 529 1695 ob
563 1650 791 1694 causam
820 1642 877 1692 et
906 1650 1135 1708 sponsa,
1175 1651 1300 1706 qua:
1323 1635 1393 1692 ad
1422 1652 1689 1709 sponsum
1721 1652 1891 1694 cursu
1920 1653 2048 1695 con-

453 1727 650 1796 tendit,
683 1726 927 1812 quie_tem
966 1741 997 1781 a
1026 1725 1281 1799 profectu
1311 1727 1382 1784 ad
1408 1728 1617 1800 majora
1658 1729 1866 1784 nullam
1897 1731 2048 1786 inve-

455 1822 557 1878 nit.
578 1819 762 1876 Efﬁcit
787 1835 854 1877 ex
877 1835 974 1878 ore
1019 1836 1121 1877 suo
1167 1820 1464 1893 paradisos
1493 1822 1764 1877 malorum
1813 1824 2047 1894 punico-

2146 634 2515 707 ἀμϐλύνουσα.
2585 634 2686 690 Διὰ
2743 634 2900 691 τοῦτο
2964 638 3195 693 πάντοτε
3263 642 3377 703 τοῖς
3434 638 3755 710 ἔμπροσθεν

2149 728 2572 801 ὲπεκτεινομένη
2603 729 2664 782 οὐ
2694 728 2948 794 παύεται,
2983 729 3080 784 καὶ
3126 730 3235 785 ἀπὸ
3280 729 3374 784 τοῦ
3416 733 3479 786 ὲν
3515 723 3565 799 ᾧ
3610 734 3755 785 ἐστιν

2148 818 2365 885 ἐξιοῦσα
2405 820 2500 875 καὶ
2549 820 2686 892 πρὸς
2730 821 2823 874 τὸν
2852 820 3145 892 ’ἐνδότερον
3192 822 3540 894 εἰσδυομένη,
3602 824 3662 875 ἐν
3707 814 3752 889 ᾧ

2145 910 2301 966 οῦπω
2329 912 2573 982 ἐγένετο·
2611 912 2708 967 καὶ
2752 914 2813 967 rb
2860 912 3090 968 πάντοτε
3139 913 3451 984 θαυμαστὸν
3480 915 3625 985 αὐτῇ
3660 915 3755 968 καὶ

2150 1005 2293 1079 μέγα
2333 1003 2676 1075 φαινόμενον,
2711 1003 3018 1074 κατώτερον
3063 1004 3358 1077 ποιουμένη
3397 1004 3495 1059 τοῦ
3523 1003 3748 1077 ἑφεξῆς·

2147 1098 2236 1154 διὰ
2265 1098 2326 1152 τὸ
2356 1113 2421 1152 πε
2433 1096 2842 1169 ρικαλλέστερον
2875 1097 3091 1162 πάντως
3130 1093 3267 1152 εἶναι
3312 1095 3406 1151 τοῦ
3450 1114 3750 1170 προκατει-

2145 1189 2426 1262 λημμένου
2464 1189 2524 1243 τὸ
2556 1189 2642 1243 ἀεὶ
2668 1188 3075 1259 εὑρισκόμενον.
3113 1187 3311 1253 Καθὼς
3337 1188 3431 1243 καὶ
3471 1191 3501 1242 ὁ
3532 1188 3750 1251 Παῦλος

2147 1281 2269 1336 καθ’
2301 1280 2517 1353 ἡμέραν
2553 1279 2913 1352 ἀπέθνησκεν,
2949 1280 3136 1352 ἐπειδὴ
3174 1280 3403 1334 πάντοτε
3440 1280 3585 1353 πρὸς
3634 1298 3751 1335 sta:-

2147 1374 2244 1446 νήν
2268 1390 2393 1428 τινα
2421 1373 2606 1445 μετείη
2643 1371 2805 1444 ζωὴν,
2837 1372 3028 1445 νεκρὸς
3059 1372 3144 1426 ἀεὶ
3166 1371 3244 1444 τῷ
3273 1373 3634 1443 παρῳχηκότι
3666 1391 3749 1442 γι-

2148 1463 2390 1534 νόμενος,
2426 1464 2518 1517 καὶ
2550 1461 2722 1536 λήθην
2756 1461 2863 1517 τῶν
2893 1463 3367 1535 προδιηνυσμένων
3396 1464 3750 1537 ποιούμενος.

2147 1552 2247 1607 Διὰ
2277 1552 2437 1608 τοῦτο
2466 1553 2562 1608 καὶ
2600 1554 2633 1624 ή
2670 1551 2807 1624 πρὸς
2846 1551 2939 1606 τὸν
2980 1552 3211 1624 νυμφίον
3234 1552 3504 1624 τρέχουσαι
3532 1553 3747 1626 νύμφη,

2152 1646 2338 1699 στάσιν
2365 1645 2488 1699 τινὰ
2515 1645 2613 1716 τῆς
2637 1645 2730 1699 ἐπὶ
2750 1644 2811 1698 τὸ
2839 1642 3023 1715 μεῖζον
3048 1647 3329 1716 προκοπῆς
3353 1646 3453 1716 οὐχ
3475 1646 3745 1716 εὑρίσκει.

2149 1735 2520 1809 Παραδείσους
2546 1739 2691 1791 ποιεῖ
2720 1736 2859 1808 ῥοῶν
2886 1733 2974 1789 διὰ
3000 1736 3266 1807 πόματος
3294 1719 3566 1808 ἀρώματα
3598 1738 3749 1809 ῥέον-

2150 1845 2268 1910 τας.
2299 1829 2344 1882 Τ
2350 1829 2519 1902 ροφὴν
2547 1830 2822 1900 ὲτοιμάξει
2845 1829 2922 1902 τῷ
2945 1829 3191 1904 Δεσπότῃ
3223 1828 3324 1899 τῆς
3351 1829 3611 1895 κτίσεως,
3639 1833 3746 1894 τοῖς

454 1930 602 1983 rum,
632 1913 728 1987 qui
777 1914 1044 1972 aromatis
1073 1913 1267 1970 ﬂuant.
1326 1912 1521 1971 Cibum
1564 1922 1722 1986 parat
1759 1893 2046 1971 creatura-

2151 1903 2303 1985 ίδίοις
2346 1893 2510 1977 αὐτὸν
2559 1893 3191 1993 δεξιουμένηααρποῖςῗ
3217 1893 3461 1993 Πήγάζει
3511 1893 3742 1993 κήπους.

451 2022 577 2064 rum
622 2006 893 2074 Domino,
943 2006 1063 2064 suis
1107 2021 1232 2062 eum
1268 2005 1540 2061 fructibus
1568 2004 1867 2078 excipiens.
1907 2003 2047 2060 Hor-

452 2106 542 2156 tos
584 2098 644 2154 in
691 2098 920 2155 modum
963 2096 1197 2154 fontium
1252 2113 1321 2153 ex
1369 2110 1494 2154 sese
1537 2096 1785 2154 distillat.
1828 2094 1916 2151 Fit
1946 2111 2047 2161 pu-

452 2201 577 2249 teus
623 2206 779 2263 aqua:
809 2190 969 2246 vim.
1018 2187 1157 2245 Tota
1202 2188 1435 2260 pulchra
1486 2196 1541 2244 et
1598 2188 2047 2260 reprehensionis

454 2297 652 2355 expers
682 2282 861 2354 ipsius
893 2279 1060 2336 Verbi
1093 2280 1412 2337 testimonio
1436 2280 1772 2336 declaratur.
1802 2279 2046 2336 Rursum

456 2377 629 2433 altius
660 2375 749 2432 his
778 2380 991 2441 evecta,
1027 2371 1273 2429 Verbum
1298 2373 1745 2445 magniﬁcentius
1776 2372 2045 2429 accedens

456 2465 870 2534 animadvertit,
912 2464 1074 2535 cujus
1116 2472 1264 2521 esset
1294 2472 1463 2536 caput
1510 2480 1636 2520 rore
1682 2463 1930 2537 plenum,
1992 2470 2047 2520 et

454 2558 703 2616 cincinni
737 2564 923 2631 guttas
970 2564 1279 2614 nocturnas
1322 2558 1693 2614 continerent.
1728 2556 1918 2613 Abluit
1953 2572 2050 2628 pe-

453 2655 574 2722 des,
624 2653 868 2711 tunicam
898 2653 1080 2719 exuit,
1109 2650 1393 2725 myrrham
1433 2668 1464 2709 e
1492 2651 1751 2709 manibus
1797 2650 2044 2707 distillat.

455 2751 723 2809 Admovet
755 2750 1003 2805 claustro
1034 2760 1256 2812 manus,
1291 2744 1502 2800 aditum
1552 2741 1853 2816 patefacit,
1893 2757 2046 2814 qua:-

452 2845 529 2903 rit
598 2857 725 2900 eum
794 2841 890 2914 qui
935 2855 1049 2897 non
1105 2838 1635 2911 comprehenditur,
1707 2844 1869 2894 vocat
1921 2852 2048 2893 eum

455 2948 620 3006 quem
658 2932 885 3003 assequi
930 2946 1042 2988 non
1076 2946 1396 3003 possumus,
1432 2928 1731 2986 oﬂ'enditur
1775 2945 1807 2984 a
1854 2937 2047 2985 custo-

455 3027 643 3085 dibus.
702 3023 930 3097 Virgam
987 3025 1370 3081 verberantem
1423 3032 1620 3095 sponte
1678 3040 1781 3082 sua
1824 3025 2044 3096 recipit.

455 3119 708 3176 Imitatur
756 3132 953 3176 saxum
996 3115 1134 3173 illud
1180 3116 1251 3172 de
1285 3132 1395 3193 quo
1410 3116 1578 3173 Vates
1612 3117 1688 3172 ait
1719 3132 1732 3170 :
1770 3114 2048 3172 Percussit

456 3228 672 3279 saxum,
695 3220 747 3269 et
780 3224 934 3283 aqua
954 3208 1330 3280 proﬂuxerunt
1358 3207 1428 3308 “_.
1461 3206 1663 3308 yiden’
1691 3217 1951 3308 quantam
1975 3208 2042 3308 ad
2071 3243 2120 3308 ο

457 3303 852 3363 subiimitatem
893 3315 1097 3373 sponsa
1131 3298 1485 3371 pervenerit?
1506 3298 1640 3354 Eam
1676 3300 1939 3356 nimirum
1974 3301 2046 3358 ob

459 3407 685 3454 causam
725 3405 1013 3465 percussa,
1066 3389 1219 3446 velut
1262 3404 1292 3444 a
1333 3387 1484 3446 Mose
1529 3405 1697 3462 rupes
1747 3392 1839 3447 illa
1881 3392 2048 3449 ferie-

452 3489 644 3556 batur,
681 3494 742 3542 ut
787 3484 853 3541 ad
901 3481 1328 3541 similitudinem
1373 3482 1527 3539 illius
1559 3490 1613 3539 et
1644 3484 1766 3556 ipsa
1803 3482 2047 3541 Verbum

456 3577 553 3637 Dei
592 3577 661 3635 de
698 3575 931 3633 vulnere
974 3575 1170 3632 imbris
1200 3573 1377 3632 instar
1418 3574 1678 3645 effusum,
1717 3591 1817 3648 pro
1856 3578 2049 3633 sitien—

455 3671 605 3729 tibus
644 3669 806 3742 quasi
852 3669 1149 3740 quamdam
1204 3667 1598 3740 scaturiginem
1645 3670 1878 3726 emittat.
1944 3667 2046 3728 Se-

455 3762 699 3819 cundum
751 3761 869 3817 haec
919 3757 1163 3817 ostendit
1207 3757 1541 3815 denudatam
1577 3757 1737 3817 faciei
1785 3771 2048 3818 venusta-

455 3865 588 3923 tem,
627 3862 989 3926 posteaquam
1046 3850 1098 3908 ei
1143 3852 1365 3924 peplum
1396 3851 1655 3910 custodes
1700 3853 2044 3911 ademerunt.

457 3942 586 4002 llaec
607 3952 758 4012 sunt,
800 3959 924 4016 quas
949 3943 1019 4000 de
1048 3943 1155 3998 hoc
1184 3944 1308 3999 loco
1331 3944 1541 4015 percipi
1579 3959 1611 3999 a
1641 3945 1805 4003 nobis
1842 3952 2042 4018 potue-

454 4045 603 4093 runt.
633 4034 852 4094 Nemini
880 4042 1065 4091 autem
1093 4033 1483 4101 invidehimus,
1516 4034 1564 4092 si
1592 4036 1661 4091 ab
1698 4052 1766 4093 eo
1797 4037 1892 4108 qui
1920 4039 2049 4095 abs-

456 4126 680 4184 condita
733 4126 997 4200 mysteria
1069 4125 1284 4182 revelat
1314 4165 1330 4192 ,
1382 4127 1900 4198 contemplationem
1948 4130 2050 4186 ho-

461 4235 587 4276 rum
640 4219 843 4290 majori
887 4232 1014 4276 cum
1063 4217 1376 4273 animorum
1424 4219 1659 4277 utilitate
1696 4221 2047 4292 conjunctam

454 4317 854 4384 consequetur.
895 4308 1177 4367 Fortassis
1208 4310 1372 4366 etiam
1402 4309 1604 4387 dixerit
1629 4313 1852 4385 aliquis,
1889 4313 2047 4371 Isaiae

456 4404 602 4461 vatis
638 4403 908 4462 visionem
943 4402 1103 4460 aliine
1145 4403 1278 4476 quid
1329 4404 1535 4462 habere
1564 4420 1691 4462 cum
1723 4407 1909 4464 verbis
1958 4407 2049 4464 hic

454 4498 621 4556 nobis
649 4497 977 4570 propositis.
1011 4494 1164 4552 Illam
1202 4496 1329 4553 dico
1360 4497 1627 4555 visionem
1660 4514 1786 4554 cum
1826 4508 2048 4556 mortuo

2146 2012 2327 2084 Φρέαρ
2354 2013 2564 2081 γίνεται
2607 2011 2799 2076 ὓδατος
2846 2011 3046 2077 ζῶντος
3073 2050 3090 2066 .
3127 2010 3264 2083 Ὄλη
3297 2012 3435 2083 καλὴ
3463 2012 3560 2066 καὶ
3594 2012 3747 2082 ἄμω-

2149 2122 2249 2177 μος
2276 2105 2552 2160 δείκνυται
2581 2105 2723 2159 κατὰ
2753 2105 2853 2178 τὴν
2885 2104 3190 2177 μαρτυρίαν
3218 2102 3311 2157 τοῦ
3334 2104 3535 2172 Λόγου.
3575 2104 3745 2159 Πάλιν

2146 2198 2290 2271 ὑπὲρ
2318 2197 2491 2253 ταῦτα
2524 2200 2814 2270 γενομένη,
2865 2196 3180 2253 αἰσθάνεται
3232 2196 3746 2269 μεγαλοπρεπέστε-

2151 2307 2275 2362 ρον,
2331 2291 2611 2363 προϊόντος
2654 2288 2750 2343 τοῦ
2779 2289 2953 2360 Λόγου
2980 2329 2994 2354 ,
3042 2289 3416 2361 πληρουμένου
3457 2288 3605 2342 κατᾶ

2147 2380 2389 2452 κεφαλὴν
2420 2382 2519 2453 τῆς
2549 2381 2783 2454 δρόσου,’
2817 2383 2910 2437 καὶ
2957 2380 3064 2437 τῶν
3109 2382 3208 2453 τῆς
3236 2380 3425 2444 νυκτὸς
3468 2380 3740 2450 ψεκάδων,

2148 2471 2256 2524 τῶν
2300 2472 2359 2526 ὲν
2415 2474 2527 2535 τοῖς
2573 2471 2891 2544 βοστρύχοις
2939 2470 3257 2542 γινομένων.
3302 2470 3571 2525 Νίπτεται
3624 2471 3745 2533 τοὺς

2149 2562 2337 2631 πόδας,
2370 2562 2461 2619 τὸν
2492 2564 2693 2636 χιτῶνα
2722 2563 2994 2629 ἐκδύεται,
3022 2564 3268 2636 σμύρναν
3293 2562 3378 2617 διὰ
3403 2562 3518 2617 τῶν
3544 2560 3745 2634 χειρῶν

2148 2654 2468 2720 ἀποστάζει.
2504 2655 2779 2727 Προσάγει
2808 2655 2886 2724 τῷ
2914 2655 3152 2729 κλείθρῳ
3172 2655 3272 2719 τὰς
3301 2656 3511 2726 χεῖρας,
3540 2654 3745 2723 ἀνοξγει

2147 2745 2247 2819 τὴν
2277 2745 2503 2813 εἴσοδον,
2535 2745 2688 2817 ζητεῖ
2724 2745 2815 2800 τὸν
2859 2747 2933 2819 μὴ
2971 2745 3542 2817 καταλαμϐανόμενον,
3577 2746 3748 2814 φωνεῖ

2149 2842 2240 2898 τὸν
2270 2842 2580 2912 ἀνέφικτον.
2610 2841 2938 2915 Εὕρίσκεται
2971 2840 3077 2895 ὑπὸ
3118 2841 3225 2895 τῶν
3266 2839 3544 2909 φυλάκων.
3584 2840 3746 2910 Δέχε-

2149 2950 2239 2988 ται
2269 2934 2355 3005 ὲφ’
2406 2935 2605 3006 ἑαυτῆς
2644 2933 2741 3005 τὴν
2786 2934 3172 2988 πατάσσουσαν
3221 2931 3430 3005 ῥάϐδον.
3476 2933 3747 3003 Μιμεῖται

2149 3025 2249 3098 τὴν
2276 3026 2504 3099 πέτραν,
2543 3026 2673 3100 περὶ
2707 3019 2777 3098 ἦς
2797 3043 2963 3098 φησιν
3007 3027 3036 3081 ὁ
3075 3024 3366 3099 Προφήτης
3389 3039 3402 3056 ·
3439 3025 3525 3079 ὄτι
3570 3022 3747 3080 Ἐπά-

2148 3121 2296 3186 tatis
2340 3119 2597 3190 πέτραν,
2649 3118 2749 3175 καὶ
2782 3121 3050 3190 ἐρῤυσαν
3077 3116 3283 3173 ὕδατα.
3327 3118 3490 3189 Ὁρᾷς
3518 3120 3599 3182 εἰς
3625 3119 3746 3172 ὅσον

2150 3212 2454 3284 ἀνέδραμεν
2487 3211 2621 3282 ὕψος
2652 3212 2686 3284 ἡ
2720 3211 2949 3284 νύμφης
2990 3210 3092 3265 Διὰ
3138 3210 3294 3264 τοῦτο
3331 3194 3744 3282 πατασσομένη.

2150 3303 2339 3377 ὥσπερ
2384 3306 2418 3376 ή
2469 3303 2771 3376 ἁκρότομος
2823 3303 2930 3358 ὑπὸ
2980 3302 3075 3358 τοῦ
3120 3304 3426 3368 Μωῦσέως·
3475 3305 3568 3358 ἵνα
3628 3306 3747 3363 καθ’

2149 3394 2443 3467 ὁμοιότητα
2474 3393 2709 3466 ἐκείνης,
2740 3393 2836 3447 καὶ
2868 3392 3007 3466 αὕτη
3035 3393 3259 3467 πηγάσῃ
3291 3396 3403 3457 τοῖς
3434 3393 3634 3464 διψῶσι
3661 3395 3748 3448 τὸν

2148 3488 2345 3558 Λόγον,
2372 3488 2439 3543 ὲκ
2464 3486 2566 3558 τῆς
2592 3487 2780 3559 πηγῆς
2809 3486 3251 3559 ἀνομϐρήσαντα.
3270 3480 3403 3541 Εἶτα
3423 3488 3517 3540 ἐπὶ
3538 3486 3750 3550 τούτοις

2149 3582 2350 3653 γυμνοῖ
2393 3580 2456 3634 τὸ
2501 3579 2697 3644 κάλλος
2755 3578 2857 3650 τῆς
2900 3578 3096 3650 ὅψεως,
3130 3578 3238 3632 τῶν
3275 3577 3532 3649 φυλάκων
3578 3580 3749 3648 αὐτῆς

2149 3669 2512 3741 περιελόντων
2560 3669 2621 3724 τὸ
2655 3668 2961 3741 θέριστρον.
3006 3665 3195 3723 Ταῦτά
3226 3669 3369 3721 ἐστιν
3408 3665 3445 3721 ἃ
3481 3667 3630 3723 κατὰ
3658 3667 3749 3721 τὸν

2147 3764 2313 3818 τόπον
2335 3762 2526 3819 τοῦτον
2559 3764 2722 3835 ἡμεῖς
2765 3761 3095 3817 καταλαϐεῖν
3143 3760 3505 3833 ἠδυνήθημεν.
3551 3759 3748 3823 Φθόνος

2150 3857 2209 3913 δὲ
2238 3857 2432 3923 οὐδεὶς,
2478 3855 2732 3927 γενέσθαι
2779 3856 2884 3909 τινὶ
2934 3853 3086 3926 παρὰ
3128 3854 3221 3908 τοῦ
3269 3852 3749 3915 ἀποκαλύπτοντας

2150 3950 2219 4005 τὰ
2247 3948 2605 4022 κεκρυμμένα
2640 3947 2916 4019 μυστήρια
2956 3943 3444 4017 ψυχωφελεστέραν
3475 3943 3578 4015 τὴν
3616 3941 3750 3996 θεω-

2153 4041 2276 4114 ρίαν
2325 4042 2384 4096 tv
2430 4044 2545 4106 τοῖς
2592 4039 2994 4112 προκειμένοις.
3029 4037 3189 4103 Ἴσως
3227 4036 3284 4091 δέ
3327 4053 3411 4099 τις
3448 4040 3617 4107 φήσει
3656 4037 3751 4090 καὶ

2149 4133 2246 4188 τοῦ
2278 4132 2507 4190 Ἦσαῖου
2536 4132 2633 4206 τὴν
2664 4130 2930 4186 ὀπτασίαν
2968 4129 3112 4202 ἔχειν
3156 4128 3276 4185 τινὰ
3318 4129 3454 4200 πρὸς
3498 4129 3574 4183 τὰ
3614 4147 3749 4201 πριο-

2151 4225 2380 4298 κείμενα
2430 4224 2571 4298 ῥητὰ
2606 4223 2910 4280 κοινωνίαν.
2954 4221 3199 4294 Ἐκείνην
3237 4221 3379 4291 λέγω
3424 4221 3527 4292 τὴν
3574 4221 3751 4277 ὀπτα-

2153 4317 2295 4385 σίαν,
2327 4315 2419 4372 ὅτε
2461 4315 2823 4380 ἀποθανόντος
2867 4312 2963 4370 τοῦ
3005 4314 3205 4386 λεπροῦ
3242 4313 3525 4384 βασιλέως,
3575 4316 3749 4386 ἑωρα-

2152 4410 2305 4465 κέναι
2340 4409 2476 4483 φησὶ
2507 4409 2598 4464 τὸν
2649 4408 2741 4463 ἐπὶ
2790 4407 2885 4463 τοῦ
2938 4407 3143 4479 ὑψηλοῦ
3193 4425 3254 4461 τε
3299 4407 3390 4461 καὶ
3432 4408 3748 4479 ἐπηρμένου

2154 4501 2346 4576 θρόνου
2378 4500 2813 4574 μεγαλοπρεπῶς
2839 4500 3284 4573 προκαθήμενον·
3326 4493 3385 4553 οὗ
3416 4500 3608 4569 σχῆμα
3652 4502 3749 4571 μὲν

456 4604 588 4661 rege
639 4589 791 4660 lepra
832 4589 1062 4655 infecto,
1103 4588 1314 4646 vidisse
1362 4590 1443 4646 ait
1494 4605 1617 4665 sese
1646 4593 1941 4665 quemdam
1989 4594 2045 4649 in

2151 4594 2248 4650 καὶ
2299 4592 2530 4666 μέγεθος
2569 4592 2663 4647 καὶ
2701 4589 2840 4654 εἶδος
2885 4591 3012 4645 ἰδεῖν
3057 4590 3157 4644 οὐκ
3198 4589 3492 4662 ἐχώρησεν.
3530 4585 3611 4643 Ἦ
3640 4592 3747 4663 γὰρ

458 4679 679 4737 sublimi
724 4688 778 4735 et
826 4681 1038 4737 elevato
1087 4679 1227 4735 solio
1271 4681 1561 4753 magniﬁce
1605 4683 1662 4737 in
1710 4683 1888 4739 oculis
1925 4698 2047 4739 om-

457 4770 613 4826 nium
663 4770 948 4826 sedentem
999 4791 1013 4827 :
1070 4771 1232 4840 cujus
1304 4780 1360 4827 et
1417 4772 1640 4844 ﬁgura),
1704 4782 1758 4829 et
1817 4772 2046 4841 formze,

414 4872 516 4917 -ει
573 4862 971 4933 magnitudinis
1022 4863 1421 4935 perspicienda:
1457 4881 1629 4937 capax
1694 4883 1805 4923 non
1858 4867 2044 4931 fuerit.

457 4953 698 5010 Omnino
732 4955 881 5011 enim
930 4957 1046 5012 haec
1075 4956 1435 5027 prodidisset,
1487 4958 1532 5013 si
1585 4958 1807 5029 quidem
1856 4958 2050 5015 fuisset

455 5061 647 5102 eorum
706 5060 901 5116 capax,
950 5048 1095 5103 sicut
1146 5048 1203 5103 in
1238 5049 1455 5105 caeteris
1497 5048 1685 5117 etiam,
1735 5066 1858 5121 quae
1910 5066 2043 5107 con—

456 5139 659 5209 Spexit,
695 5136 844 5205 fecit,
901 5138 1030 5195 dum
1065 5139 1183 5197 alas
1224 5147 1531 5207 enumerat,
1567 5148 1621 5196 et
1657 5148 1861 5198 statum
1896 5142 2047 5199 vola-

454 5241 685 5301 tumque
713 5241 1133 5287 commemorat.
1172 5229 1377 5288 Saltem
1409 5247 1470 5289 se
1507 5249 1696 5290 vocem
1745 5236 2042 5306 quamdam

454 5320 681 5379 audisse
707 5321 865 5391 dicit,
899 5331 1351 5395 summotumque
1378 5324 1501 5379 loco
1532 5323 1706 5382 fuisse
1738 5325 1905 5382 limen
1944 5344 2046 5385 su-

453 5413 640 5484 perius
687 5428 787 5486 per
837 5426 1169 5473 concentum
1216 5416 1546 5490 hymnorum
1607 5416 1934 5490 Seraphim,
1991 5429 2047 5479 et

454 5505 609 5564 fumo
634 5506 860 5564 domum
890 5509 1239 5581 completam,
1281 5509 1627 5581 ignitnmque
1649 5512 1946 5571 carbonem
1977 5512 2048 5569 ab

457 5608 569 5653 uno
594 5613 665 5655 ex
705 5597 993 5676 Seraphim
1023 5601 1080 5657 in
1105 5618 1169 5659 os
1195 5602 1340 5658 vatis
1380 5601 1643 5673 injectum
1684 5601 1879 5669 fuisse,
1937 5621 2047 5676 quo

453 5682 623 5757 facto,
656 5674 782 5747 non.
812 5692 977 5748 modo
1008 5692 1177 5762 labia,
1220 5693 1316 5751 sed
1367 5695 1532 5751 etiam
1570 5709 1738 5752 aures
1765 5674 2042 5767 ipsius—ad

566 5866 612 5899 “
647 5863 812 5928 lCor,
838 5883 927 5935 xv,
953 5867 1041 5925 15.
1112 5869 1155 5901 ³¹
1192 5868 1337 5924 Psal.
1358 5884 1565 5939 Lxxvu,
1591 5871 1684 5927 20.

2154 4687 2221 4742 ἂν
2265 4681 2386 4740 εἶπε
2427 4686 2665 4749 πάντως,
2710 4682 2868 4753 εἴπερ
2909 4680 3178 4753 ἐχώρησε,
3220 4680 3472 4752 καθάπερ
3515 4681 3613 4735 καὶ
3658 4683 3746 4735 ἐπὶ

2151 4777 2260 4832 τῶν
2291 4777 2466 4833 ἄλλων
2506 4769 2580 4831 ὧν
2623 4769 2763 4829 εἶδεν
2810 4774 3055 4846 ἐποίησε,
3091 4774 3366 4843 πτέρυγας
3401 4772 3743 4844 ἀριθμήσας,

2152 4869 2247 4925 καὶ
2281 4869 2470 4923 στάσιν
2498 4869 2592 4923 καὶ
2645 4869 2846 4939 πτῆσιν
2888 4867 3308 4938 διηγησάμενος.
3348 4866 3536 4936 Φωνῆς
3560 4867 3621 4919 δὲ
3647 4868 3741 4938 μό.

2150 4982 2249 5035 νης
2277 4962 2571 5035 ἀκηκοέναι
2600 4963 2785 5034 φησὶν,
2814 4963 2903 5016 ὅτε
2946 4961 3161 5033 ἐπήρθη
3197 4959 3258 5013 τὸ
3298 4958 3608 5030 ὑπέρθυρον
3642 4959 3745 5014 ὑπὸ

2151 5057 2252 5128 τῆς
2291 5056 2403 5111 τῶν
2446 5056 2696 5129 Σεραερὶμ
2746 5055 3036 5127 ὑμνῳδίας,
3088 5055 3183 5109 καὶ
3223 5055 3253 5108 ὀ
3298 5047 3445 5117 οἶκος
3493 5052 3744 5125 ἐπλήσθη

2151 5147 2384 5215 καπνοῦ,
2410 5148 2504 5203 καὶ
2530 5148 2598 5202 δι’
2627 5147 2746 5213 ἑνὸς
2773 5147 2882 5200 τῶν
2921 5146 3173 5218 Σεραφὶμ
3204 5144 3475 5217 ἐπεϐλήθη
3507 5143 3591 5216 τῷ
3624 5146 3744 5199 στό-

2155 5258 2286 5314 ματι
2315 5240 2408 5294 τοῦ
2441 5241 2727 5313 Προφήτω
2757 5238 3022 5310 διάπυρος
3073 5237 3317 5309 ἄνθραξ·
3360 5228 3421 5290 οὗ
3453 5235 3742 5307 γενομένου

2153 5334 2214 5389 οὐ
2247 5332 2315 5388 τὰ
2347 5331 2501 5404 χείλη
2538 5331 2721 5401 μόνον.
2745 5329 2883 5384 ἀλλὰ
2933 5327 3028 5384 καὶ
3064 5331 3098 5401 ή
3145 5327 3284 5399 ἀκοὴ
3327 5327 3460 5398 πρὸς
3496 5327 3599 5398 τὴν
3648 5326 3741 5381 τοῦ

2154 5424 2312 5495 λόγου
2349 5423 2615 5496 ὑποδοχὴν
2641 5423 3013 5495 καθαρίζεται.
3055 5421 3142 5485 Ὧς
3167 5420 3276 5493 γὰρ
3303 5417 3537 5477 ἐνταῦθα
3571 5437 3740 5473 πατα-

2149 5517 2344 5590 χθῆναι
2386 5517 2557 5586 λέγει,
2602 5516 2695 5595 καῖ
2737 5513 3211 5587 τραυματισθῆναι
3242 5509 3392 5584 παρὰ
3428 5511 3536 5566 τῶν
3576 5512 3739 5583 φυλά-

2147 5625 2261 5663 κων
2299 5610 2333 5680 ή
2357 5608 2564 5680 νύμφη,
2612 5608 2709 5663 καὶ
2749 5606 2892 5662 οὕτω
2939 5604 3295 5678 γυμνωθῆναι
3326 5603 3427 5674 τῆς
3470 5598 3569 5657 τοῦ
3595 5602 3734 5674 θερί-

2152 5716 2315 5774 στρου
2340 5700 2634 5773 περιϐολῆς
2653 5716 2666 5730 °
2699 5698 2841 5755 οὓτω
2874 5700 3036 5755 κάκεῖ
3064 5697 3186 5754 ἀντὶ
3217 5696 3314 5768 μὲν
3337 5691 3430 5750 τοῦ
3458 5691 3733 5769 θερίστρου

3238 6182 3866 6372 “Hal
