3866 6356
104 495 262 554 ίοὸἳ

1192 491 1260 547 Ιλ
1290 488 1592 548 CANI'ICA
1624 484 1895 544 CANTIC.
1935 485 2223 544 HOMILIA
2258 486 2399 541 Xlll.

3258 479 3278 537 1
3292 480 3395 535 038

101 611 172 665 τὺ
209 607 521 682 ὑπέρθυρον
548 608 783 679 αῐρεται,
828 607 970 663 ὥστε
1005 606 1397 677 ἀνεμπόδιστον
1445 601 1594 675 αύτῷ
1620 618 1715 671 γε-

1838 601 2135 673 recipienda
2188 601 2353 655 verba
2413 606 2801 670 purgarentur.
2875 598 3149 655 Nimirum
3211 606 3270 653 ut
3317 597 3405 652 hic

103 701 305 758 νέσθαι
332 702 441 755 τῶν
471 704 529 755 ὲν
559 704 671 765 τοῖς
709 702 920 766 ἀδύτοις
946 701 1046 772 τὴν
1084 699 1345 772 θεωρίαν’
1381 697 1503 752 ἀντὶ
1523 696 1579 750 δὲ
1607 693 1715 748 τῶν

108 791 378 863 φυλάκων
405 790 475 844 τὰ
504 791 756 862 Σεραφὶμ
800 790 1156 862 ὀνομάζεται·
1203 790 1324 844 ἀντὶ
1361 788 1419 842 δὲ
1456 788 1558 859 τῆς
1586 783 1718 858 ῥάδ-

106 882 231 948 δου,
269 880 299 934 ὀ
328 880 569 953 ἄνθραξ·
598 880 721 935 ἀντὶ
757 879 813 934 δὲ
838 884 937 952 τῆς
977 881 1212 951 πληγῆς,
1244 883 1278 952 ή
1320 877 1536 942 καῦσις.

1823 706 2144 761 percussam
2186 707 2247 747 se
2287 705 2491 762 sponsa
2544 689 2696 755 dicit,
2737 705 2801 747 ac
2856 691 3196 746 vulneratam
3243 704 3274 743 a
3311 701 3409 744 Cll-

1825 783 2099 847 stodibus,
2148 798 2327 853 eoque
2369 790 2529 853 pacto
2572 782 2834 837 nudatam
2867 782 3011 853 pepli
3043 781 3243 837 amictu
3278 797 3290 832 :
3326 780 3409 836 sic

1826 875 1902 931 ibi
1937 877 2077 948 pepli
2130 876 2349 947 quidem
2381 876 2502 931 loco
2555 876 2721 929 limen
2774 876 3031 946 superius
3073 873 3311 940 tollitur,
3350 880 3410 925 ut

122 973 499 1045 contemplari
558 972 768 1043 absque
826 973 1215 1038 impedimento
1257 987 1379 1043 qua:
1426 971 1482 1026 in
1537 967 1716 1042 adytis
1753 977 1943 1025 essent
2015 977 2247 1039 posset;
2320 982 2420 1039 pro
2459 968 2783 1024 custodibus
2820 982 2973 1035 vero,
3023 965 3311 1038 Seraphim
3349 963 3410 1020 ﬁt

122 1067 373 1135 mentio;
409 1084 509 1140 pro
539 1070 711 1141 virga,
741 1070 999 1126 carbonis
1024 1089 1038 1138 ;
1068 1086 1163 1141 pro
1186 1068 1428 1134 verbere,
1455 1065 1709 1123 ustionis.

193 1162 389 1217 Κοινὸν
432 1162 489 1215 δὲ
524 1162 586 1217 τὸ
622 1164 797 1238 πέρας
836 1165 928 1219 ὲπί
950 1182 1009 1218 τε
1055 1156 1179 1235 τῆς
1205 1163 1442 1235 νύμφης,
1485 1164 1581 1216 καὶ
1624 1160 1716 1214 ἐπὶ

109 1253 223 1324 τῆς
260 1254 356 1308 τοῦ
410 1255 687 1326 προφήτου
726 1254 925 1326 ψυχῆς,
978 1256 1011 1326 ή
1065 1254 1374 1327 καθαρότης
1424 1253 1590 1307 ἐστίν.
1625 1252 1715 1315 Ὠς

110 1343 214 1401 οὖν
263 1350 293 1400 ὁ
350 1348 636 1419 προφήτης
684 1346 771 1401 διὰ
814 1348 909 1401 τοῦ
957 1347 1224 1419 ἄνθρακος
1262 1348 1381 1418 οὐχὶ
1427 1344 1715 1414 ἀλγύνεται

114 1439 433 1510 καιόμενος,
452 1437 598 1505 ἀλλά
623 1439 904 1507 δοξάζεται
928 1440 1398 1511 λαμπρυνάμενος,
1424 1437 1594 1501 οὕτως
1621 1435 1715 1490 καὶ

113 1530 415 1602 ἑνταῦθαή
445 1531 650 1603 νύμφη.
681 1532 781 1584 οῦκ
817 1530 1009 1601 ὀδύνην
1051 1532 1116 1584 ἐκ
1155 1530 1253 1600 τῆς
1286 1529 1501 1601 πληγῆς
1540 1529 1716 1582 αἰτιᾶ-

112 1642 235 1688 ται,
270 1622 384 1679 ἀλλ’
417 1623 780 1694 ὲπικαυχᾶται
825 1626 891 1695 τῇ
922 1624 1019 1693 τῆς
1063 1622 1374 1695 παρρησίας
1409 1621 1715 1696 προσθήκῃ,

115 1717 187 1786 τῇ
250 1713 536 1786 ἀφαιρέσει
585 1715 679 1768 τοῦ
735 1714 1221 1787 προκαλύμματος,
1275 1716 1303 1767 ὃ
1362 1714 1647 1786 θέριστρον
1690 1714 1720 1768 ὁ

1897 1155 2165 1209 Cancrum
2227 1155 2350 1211 linis
2409 1163 2463 1210 et
2533 1155 2587 1210 in
2641 1172 2855 1226 sponsa:
2912 1163 2967 1211 et
3019 1156 3075 1211 in
3131 1157 3413 1228 prophetae

1825 1248 2009 1304 animo
2040 1247 2183 1304 idem
2213 1254 2317 1312 est,
2362 1247 2620 1301 nimirum
2669 1250 2898 1317 puritas.
2948 1249 3297 1319 Quapmpter
3333 1249 3412 1304 uti

1824 1350 1976 1397 vates
2010 1354 2106 1411 per
2135 1340 2432 1396 carbonem
2482 1348 2641 1395 ustus
2672 1340 2917 1395 dolorem
2966 1341 3177 1395 nullum
3222 1340 3412 1405 sentit,

1827 1434 1924 1489 sed
1947 1435 2269 1505 ampliorem
2297 1433 2527 1505 gloriam
2553 1433 2862 1490 illustratus
2888 1434 3249 1505 consequitur
3281 1452 3294 1488 :
3331 1433 3414 1488 sic

1826 1529 1991 1583 etiam
2023 1527 2126 1582 hoc
2161 1528 2279 1582 loco
2309 1542 2512 1599 sponsa
2542 1542 2653 1582 non
2690 1528 2756 1582 de
2788 1527 2910 1581 ullo
2943 1542 3010 1581 ex
3037 1527 3267 1581 vulnere
3306 1525 3409 1581 do.-

1826 1622 1945 1678 lore
1985 1622 2255 1692 queritur,
2297 1620 2391 1677 sed
2440 1621 2702 1676 audacter
2748 1622 2914 1677 etiam
2959 1621 3240 1692 libereque
3286 1636 3415 1691 pro-

1830 1720 1952 1783 pter
1972 1712 2375 1785 ademptionem
2408 1713 2717 1779 velaminis,
2754 1713 2904 1783 quod
2941 1713 3031 1767 hic
3062 1713 3283 1784 peplum
3323 1728 3417 1784 ap—

116 1806 279 1878 λόγος
316 1806 618 1878 ὠνόμασεν.
652 1808 810 1861 Ἐστι
858 1807 916 1861 δὲ
969 1808 1063 1860 καὶ
1111 1806 1275 1879 ἄλλην
1316 1806 1438 1861 τινὰ
1485 1806 1723 1861 διάνοιαν

1838 1804 2087 1875 pellatur,
2124 1819 2246 1861 sese
2280 1804 2473 1874 jactat.
2528 1803 2706 1857 Etiam
2745 1804 2886 1858 alius
2939 1803 3164 1875 quidam
3214 1817 3416 1858 sensus

117 1901 182 1953 ὲν
224 1900 337 1961 τοῖς
372 1897 754 1969 προκειμένοις
788 1898 991 1969 εὑρεῖν,
1027 1897 1179 1951 οὐδὲν
1227 1897 1334 1951 τῶν
1378 1895 1723 1968 τεθεωρημέ-

117 2008 232 2044 νων
269 1989 604 2061 ἀπᾴδουσαν.
649 1988 715 2042 ’Π
743 1989 851 2062 γὰρ
883 1988 1171 2055 ἐξελθοῦσα
1200 1990 1348 2061 ψυχὴ
1375 1990 1433 2043 ὲν
1462 1989 1540 2061 τῷ
1577 1989 1724 2061 λόγῳ

118 2080 314 2149 αὑτοῦ,
346 2081 440 2136 καὶ
471 2080 711 2153 ζητοῦσα
740 2083 839 2155 μὲν
871 2083 963 2138 τὸν
1003 2084 1101 2154 οὐχ
1130 2084 1515 2155 εὑρισκόμενον
1538 2101 1551 2113 ·
1586 2084 1724 2139 ἀνα-

122 2171 370 2229 καλοῦσα
400 2173 457 2227 δὲ
494 2172 586 2227 τὸν
612 2176 679 2245 τῇ
711 2174 956 2245 σημασίᾳ
977 2173 1085 2228 τῶν
1113 2176 1392 2246 ὀνομάτων
1416 2176 1723 2246 ἀνέφικτον,

117 2265 433 2319 διδάσκεται
483 2263 635 2336 παρά
681 2264 790 2317 τῶν
833 2265 1107 2335 φυλάκων,
1148 2267 1230 2319 ὅτι
1287 2266 1381 2320 τοῦ
1434 2268 1724 2336 ἀνεφίκτου

120 2356 250 2428 ἐρᾷ,
291 2354 383 2408 καὶ
422 2355 517 2408 τοῦ
555 2356 943 2426 ἀκαταλήπτου
1001 2357 1232 2425 ἐφίεται.
1283 2358 1361 2410 Δι’
1404 2350 1479 2414 ὧν
1525 2359 1726 2430 τρόπον

120 2447 250 2501 τινὰ
276 2446 572 2518 πλήσσεται
603 2447 698 2501 καὶ
725 2448 1147 2519 τραυματίζεται
1185 2452 1249 2521 τῇ
1282 2449 1603 2523 ἀνελπιστία
1632 2449 1725 2503 τοῦ

122 2534 486 2605 ποθουμένου,
534 2534 698 2607 ἀτελῆ
745 2554 805 2589 τε
849 2537 942 2590 καὶ
984 2537 1392 2591 ἀναπόλαυστον
1429 2536 1522 2591 τοῦ
1566 2538 1725 2592 ἄλλου

121 2627 226 2698 τὴν
260 2626 555 2699 ἐπιθυμίαν
597 2627 886 2699 νομίσασα.
927 2627 1086 2682 Ἀλλά
1130 2633 1496 2701 περιαιρεῖται
1531 2630 1593 2684 τὸ
1628 2631 1728 2702 τῆς

122 2720 306 2792 λύπης
338 2721 642 2793 θέριστρον,
691 2719 779 2775 διὰ
825 2720 919 2774 τοῦ
969 2721 1163 2793 μαθεῖν
1198 2721 1279 2775 ὅτι
1320 2722 1381 2775 τὸ
1406 2723 1493 2776 ἀεὶ
1525 2724 1727 2795 προκό-

123 2829 282 2867 πτειν
333 2796 391 2865 ὲν
445 2810 523 2882 τῷ
565 2811 767 2882 ζητεῖν,
819 2813 910 2868 καὶ
961 2814 1023 2866 τὸ
1072 2813 1339 2883 μηδέποτε
1392 2814 1491 2884 τῆς
1539 2814 1727 2868 ἀνόδου

125 2903 421 2970 παύεσθαι,
448 2904 724 2958 τουτέστιν
762 2906 795 2976 ή
838 2904 1043 2975 ἀληθὴς
1088 2905 1181 2959 τοῦ
1230 2905 1563 2977 ποθουμένου
1596 2906 1730 2960 ἀπό-

124 2995 340 3059 λαυσις,
371 2995 470 3066 τῆς
500 2995 729 3049 πάντοτε
762 2995 1144 3068 πληρουμένης
1184 2996 1504 3067 ἐπιθυμίας,
1527 2998 1729 3069 ’ἑτέραν

125 3088 425 3159 ἐπιθυμίαν
446 3087 541 3141 τοῦ
573 3088 970 3159 ὑπερκειμένου
1000 3088 1294 3162 γεννώσης.
1332 3091 1421 3150 Ὠς
1450 3084 1543 3143 οῦν
1576 3108 1729 3161 περι-

1829 1912 1896 1952 ex
1942 1897 2128 1953 verbis
2178 1895 2329 1950 hisce
2377 1902 2557 1966 potest
2602 1894 2751 1959 elici,
2801 1893 3024 1950 minime
3075 1894 3144 1948 ab
3174 1894 3241 1950 iis
3295 1909 3416 1963 quae

1827 1987 2304 2045 considerat-imus
2336 1988 2601 2043 hactenus
2632 1986 2956 2043 abhorrens.
2983 1985 3199 2042 Etenim
3224 1987 3405 2042 anima

1831 2092 2055 2148 egressa
2090 2075 2157 2131 ad
2204 2091 2515 2133 sermonem
2560 2075 2703 2148 ejus,
2736 2083 2790 2131 et
2827 2091 3081 2147 quaerens
3130 2076 3284 2130 illum
3317 2076 3413 2144 qui

1830 2186 1941 2225 non
1987 2169 2286 2242 reperitur,
2333 2184 2542 2225 vocans
2569 2184 2695 2225 eum
2748 2169 2843 2240 qui
2874 2170 3025 2224 nulla
3073 2169 3415 2226 indicatione

1829 2278 2024 2318 vocum
2083 2262 2479 2334 comprehendi
2514 2271 2718 2334 potest,
2750 2277 2781 2317 a
2816 2262 3137 2319 custodibus
3166 2263 3415 2327 docetur,

1830 2355 2077 2411 adamari
2131 2355 2200 2410 ab
2252 2370 2317 2409 ea
2377 2354 2523 2425 quod
2572 2369 2736 2410 nemo
2793 2354 3057 2425 consequi
3107 2356 3305 2425 possit,
3365 2364 3419 2409 et

1831 2446 2013 2517 expeti
2052 2446 2197 2517 quod
2233 2447 2336 2502 sub
2377 2447 2785 2517 perceptionem
2835 2462 2947 2502 non
2980 2447 3163 2512 cadat,
3195 2462 3307 2518 quo
3339 2448 3416 2513 lit,

1831 2547 1894 2596 ut
1936 2540 2030 2595 illa
2074 2539 2314 2609 quodam
2355 2539 2518 2595 modo
2567 2548 2791 2611 propter
2821 2539 3259 2611 desperationem
3294 2558 3419 2595 con-

1832 2631 2100 2702 sequendi
2135 2629 2281 2702 quod
2315 2629 2616 2698 desiderat,
2646 2632 2966 2688 verberetur
3005 2648 3070 2687 ac
3097 2632 3419 2688 vulneribus

1833 2720 2101 2776 adiciatur
2149 2739 2163 2775 :
2209 2720 2473 2776 arbitrata
2527 2720 2884 2793 cupiditatem
2941 2724 3083 2778 hanc
3149 2723 3256 2778 line
3318 2739 3421 2779 suo

1831 2812 2108 2875 excidere.
2144 2827 2323 2882 neque
2358 2827 2418 2868 se
2465 2812 2612 2869 bono
2648 2814 2742 2869 illo
2792 2815 2957 2886 potiri
2992 2830 3174 2885 posse.
3214 2814 3417 2871 Verum

1832 2902 2095 2957 adimitur
2139 2903 2229 2958 hic
2281 2903 2331 2958 ei
2371 2905 2629 2960 mmroris
2682 2904 2896 2975 peplus,
2936 2906 3065 2960 dum
3117 2905 3274 2961 discit
3328 2923 3424 2962 ve-

1777 3050 1784 3056 ,
1833 3008 1951 3051 ram
2006 2993 2304 3050 desiderati
2354 2992 2670 3050 fruitioncm
2715 3010 2859 3063 esse,
2922 3012 3138 3069 semper
3180 2997 3235 3051 in
3273 3013 3425 3069 quae-

1844 3086 2020 3140 rendo
2085 3086 2395 3157 proﬁcere,
2457 3104 2635 3158 neque
2700 3086 2941 3162 unquam
3005 3091 3061 3145 in
3127 3107 3422 3163 progressu

124 3180 304 3235 είλετο
338 3180 437 3253 τῆς
478 3180 827 3245 ἀνελπιστίας
865 3181 926 3234 τὸ
974 3182 1276 3254 θέριστρον,
1308 3183 1402 3237 καὶ
1445 3182 1520 3236 ἴδε
1548 3183 1609 3237 τὸ
1637 3185 1726 3238 ἀν-

1838 3194 2081 3243 cessare,
2114 3195 2332 3251 semper
2364 3194 2426 3235 ea
2462 3180 2782 3252 cupiditate,
2825 3184 2914 3238 cui
2958 3184 3153 3254 quovis
3181 3196 3424 3255 tempore

127 3273 382 3328 ἐλπιστόν
411 3290 471 3326 τε
502 3273 597 3327 καὶ
627 3274 1040 3345 ἀπερίγραπτον
1064 3274 1158 3328 τοῦ
1192 3275 1559 3346 ἀγαπωμένου
1600 3264 1732 3331 κάλγ-

62 3430 67 3435 ο
126 3366 221 3428 λος
261 3366 321 3418 ἐν
364 3364 512 3437 πάσῃ
560 3367 628 3437 τῇ
680 3365 943 3437 ἀῖδιότητι
979 3366 1087 3420 τῶν
1116 3366 1329 3422 αἰώνων
1370 3370 1615 3438 κρεῖττον
1645 3369 1733 3423 dei.

128 3456 548 3529 εὑρισκόμενον
582 3458 640 3510 έν
667 3455 1008 3529 σφοδροτέρῳ
1039 3459 1269 3512 τείνεται
1297 3459 1465 3529 πόθῳ,
1503 3461 1596 3513 καὶ
1625 3478 1733 3531 μη·

130 3550 248 3605 νύει
273 3549 349 3621 τῷ
382 3550 735 3621 ἀγαπωμένῳ
780 3550 868 3605 διὰ
899 3548 1007 3603 τῶν
1038 3551 1138 3619 τῆς
1177 3548 1528 3623 Ἰερουσαλήμ
1565 3553 1730 3621 θυγα-

129 3642 308 3714 τέρων
353 3643 451 3712 τὴν
498 3643 597 3711 τῆς
645 3642 873 3714 καρδίας
926 3641 1185 3708 διάθεσιν,
1234 3643 1314 3695 ὅτι
1363 3644 1426 3696 τὸ
1479 3643 1731 3698 ἐκλεκτὸν

134 3734 290 3806 βέλος
323 3733 416 3787 τοῦ
446 3733 582 3788 Θεοῦ
615 3736 671 3787 ὲν
701 3736 869 3805 ἑαυτῇ
902 3734 1192 3806 δεξαμένη,
1218 3735 1305 3790 διὰ
1332 3735 1429 3806 τῆς
1466 3740 1608 3792 κατά
1635 3738 1730 3809 τήν

133 3828 319 3882 πίστιν
358 3828 541 3890 ἀκίδος
587 3827 843 3898 βέϐληται
888 3830 988 3899 τήν
1031 3827 1277 3898 καρδίαν,
1324 3828 1383 3881 ὲν
1418 3828 1495 3899 τῷ
1533 3831 1732 3903 καιρίῳ

132 3915 402 3989 δεξαμένη
447 3917 546 3990 τήν
578 3917 677 3989 τῆς
710 3917 930 3987 ἀγάπης
972 3914 1203 3981 τοξείαν.
1241 3916 1373 3981 Θεὸς
1415 3916 1472 3972 δέ
1510 3918 1656 3972 ἐστιν
1697 3920 1730 3992 ή

133 4009 347 4080 ἀγάπη,
395 4007 539 4062 κατά
579 4009 680 4080 τὴν
723 4008 969 4062 Ἰωάννου
1019 4010 1229 4081 φωνήν·
1357 4010 1557 4081 πρέπει
1604 4011 1730 4080 δόξα

134 4099 233 4155 καὶ
264 4100 323 4153 τὸ
352 4099 551 4170 κράτος
576 4101 654 4163 είς
680 4100 807 4164 τοὺς
835 4100 1035 4164 αίῶνας
1059 4099 1167 4153 τῶν
1198 4099 1428 4157 αἰώνων.
1472 4103 1664 4173 Ἀμήν.

1837 3272 2060 3339 satisﬁt,
2103 3273 2265 3327 aliam
2316 3272 2670 3343 cupiditatem
2718 3275 3099 3332 Sublimiorum
3146 3280 3422 3349 gignente.

1837 3354 2134 3435 Postquam
2198 3366 2302 3421 hoc
2359 3366 2524 3422 modo
2582 3366 2985 3438 desperationis
3049 3371 3267 3442 peplum
3320 3373 3424 3428 sibi

1840 3456 2063 3521 ademit,
2102 3455 2481 3527 inﬁnitamque
2510 3472 2573 3511 ac
2607 3458 2777 3513 nullis
2802 3458 3138 3528 descriptam
3175 3461 3425 3516 terminis

1844 3547 2028 3602 dilecti
2060 3557 2401 3604 venustatem
2440 3548 2594 3614 vidit,
2648 3565 2768 3620 quae
2801 3566 2897 3620 per
2930 3565 3147 3606 omnem
3197 3553 3426 3607 saeculo-

1839 3655 1961 3694 rum
1996 3640 2358 3695 aeternitatem
2403 3656 2618 3712 semper
2658 3641 2837 3709 major
2876 3657 2939 3696 ac
2966 3643 3143 3712 major
3173 3658 3297 3700 esse
3327 3643 3426 3700 de-

1836 3731 2212 3803 prehenditur,
2250 3732 2643 3787 vehementiori
2705 3731 2982 3788 desiderio
3024 3732 3422 3800 inﬂammatur,

1837 3823 2118 3895 animique
2154 3824 2239 3879 sui
2275 3823 2619 3881 aﬂ'ectionem
2658 3842 2753 3897 per
2801 3827 2940 3885 ﬁlias
2991 3825 3297 3883 Jerusalem
3336 3827 3422 3882 di-

1839 3917 1981 3973 lecto
2011 3916 2310 3988 signiﬁcat,
2340 3918 2598 3975 nimirum
2634 3919 2781 3990 quod
2814 3920 2988 3974 electo
3017 3919 3110 3976 Dei
3143 3920 3249 3976 telo
3280 3919 3426 3977 intra

1839 4027 1900 4068 se
1932 4017 2154 4080 recepto
2188 4025 2284 4079 per
2314 4009 2435 4065 lidei
2462 4011 2768 4082 cuSpidem,
2815 4012 3103 4068 vulnerata
3134 4014 3303 4072 corde
3332 4015 3425 4079 sit,

1835 4103 2174 4174 iaculatione
2205 4103 2513 4161 dilectionis
2546 4104 2600 4160 in
2642 4105 2790 4160 letali
2833 4105 2954 4161 loco
3003 4115 3247 4179 accepta.
3288 4108 3429 4166 Deus

136 4202 320 4251 autem
364 4193 588 4250 dilectio
641 4202 757 4262 est,
805 4194 1266 4266 quemadmodum
1311 4193 1553 4256 Joannes
1599 4199 1673 4257 ait
1697 4199 1767 4268 ⁸⁸,
1830 4217 1991 4275 quem
2040 4204 2197 4259 decet
2241 4203 2416 4274 gloria
2456 4209 2514 4265 et
2555 4201 2845 4279 imperium
2892 4200 3123 4265 inﬁnitis
3185 4202 3425 4263 sacculis.

136 4291 330 4347 Amen.

746 4381 995 4435 OMIAIA
1025 4381 1124 4437 Il".

211 4473 464 4541 ’Ὡρκισα
482 4468 668 4541 ὑμᾶς,
694 4469 1014 4539 θυγατέρες
1051 4471 1473 4542 Ἰερουσαλὴμ,
1507 4473 1577 4526 ἐν
1601 4474 1728 4541 ταῖς

136 4562 433 4631 δυνάμεσι
462 4602 476 4627 ,
514 4559 612 4616 καί
650 4561 722 4614 ὲν
756 4559 888 4625 ταῖς
924 4561 1210 4629 ίσχύσεσι
1240 4560 1346 4614 τοῦ
1376 4562 1563 4629 ἀγροῦ
1584 4603 1597 4627 ,
1622 4563 1732 4620 ἐὰν

136 4654 351 4720 εῦρητε
376 4652 485 4704 τὸν
505 4650 834 4720 ἁδελφιδόν
859 4667 1001 4719 μου,
1022 4651 1081 4703 τι
1104 4650 1505 4720 ἀπαγγείλητε
1534 4653 1730 4720 antri);

139 4740 234 4797 ὅτι
267 4739 598 4809 τετρωμένη
660 4738 898 4809 ἀγάπης
949 4738 1062 4808 ἐγὼ
1100 4741 1233 4808 εἰμι.
1291 4738 1359 4793 Τί
1409 4740 1734 4811 ἁδελφιδός

139 4852 261 4889 σου
296 4833 415 4889 ἀπὸ
471 4830 834 4901 ἀδελφιδοῦ,
873 4826 920 4885 ὦ
966 4830 1126 4899 καλὴ
1169 4832 1239 4883 ἐν
1281 4832 1600 4901 γυναιξίν;
1645 4833 1735 4887 ὅτι

140 4927 335 4993 οὕτως
361 4924 625 4994 ἇψκισας
652 4923 811 4993 ἡμᾶς
834 4940 852 4988 ;
887 4922 1212 4993 ἀδελφιδός
1235 4940 1355 4995 μου
1390 4926 1609 4993 λευκές
1637 4927 1735 4981 καὶ

142 5018 925 5089 πιρῤὸς,ἑκλελοχισμένος
959 5017 1079 5072 ἀπὸ
1125 5017 1452 5087 μυριάδων.
1490 5021 1733 5090 Κεφαλὴ

142 5111 334 5169 αὐτοῦ
365 5112 626 5180 χρυσίον
659 5109 889 5180 Κεφὰς,
921 5109 1256 5177 βόστρυχοι
1287 5111 1474 5187 αὐτοῦ
1501 5112 1733 5180 ἑλαταὶ,

142 5202 406 5275 μέλανες
433 5202 513 5267 ὠς
541 5199 725 5269 κόραξ
749 5216 763 5230 ·
794 5200 1091 5277 ὀφθαλμοὶ
1126 5201 1311 5255 αὑτοῦ
1342 5201 1423 5268 ὡς
1468 5218 1737 5273 περιστε-

122 5274 248 5365 ¹,ρίιί
271 5292 368 5347 ἐπὶ
418 5291 783 5363 πληρώματα
825 5274 1065 5346 ὑδάτων
1088 5332 1102 5356 ,
1146 5293 1508 5372 λελουμέναι
1538 5295 1607 5350 ἐν
1638 5298 1738 5368 τά-

143 5391 345 5449 λακτι,
377 5383 704 5454 καθήμεναι
736 5382 838 5437 ἐπὶ
872 5382 1236 5453 πληρώματα
1264 5385 1521 5467 ὐδάτωτο.

231 5483 290 5536 '0
322 5481 412 5537 διά
438 5482 717 5546 Μωῦσέως
754 5481 853 5550 μὲν
893 5481 1261 5554 νομοθετήσας
1315 5484 1384 5538 τά
1429 5486 1523 5540 τοῦ
1573 5488 1738 5559 νόμου

149 5574 429 5646 μυστήρια
451 5588 465 5601 ·
502 5570 799 5643 πληρώσας
828 5569 887 5624 δὲ
938 5569 1003 5623 δι’
1042 5571 1238 5625 ἑαυτοῦ
1269 5572 1390 5628 ὅλον
1439 5574 1530 5628 τὸν
1574 5576 1737 5647 νόμον

147 5665 244 5722 καὶ
274 5664 401 5729 τοὺς
432 5666 720 5735 προφήτας
745 5702 760 5728 ,
790 5661 970 5726 καθὼς
1001 5664 1058 5716 ὲν
1093 5662 1172 5735 τῷ
1201 5664 1519 5737 Εὑαγγελίῳ
1550 5668 1732 5737 φησίνΡ

146 5758 232 5811 ιτι
267 5754 392 5809 οὐκ
419 5752 614 5823 ἦλθον
645 5752 981 5808 καταλῦσαι
1015 5754 1124 5807 τὸν
1154 5756 1363 5824 νόμον,
1396 5757 1559 5814 ἀλλὰ
1586 5762 1740 5829 πλη-

256 5934 303 5969 ⁸³
331 5931 491 5990 ιιτοη.
526 5948 600 6000 tv,
626 5931 714 5987 l6.
828 5930 876 5962 ³³
902 5926 1091 5989 llatth.
1127 5946 1179 6000 ν,
1213 5930 1297 5991 17.

2389 4379 2681 4435 HOMILIA
2717 4379 2856 4433 λιιι.

1902 4478 2034 4533 CAP.
2064 4493 2118 4542 v,
2144 4475 2250 4545 i8.
2283 4472 2645 4544 Jurejurando
2683 4474 2914 4527 astrinxi
2957 4490 3065 4537 vos,
3094 4475 3225 4543 ﬁlia:
3267 4474 3425 4530 Jeru-

1834 4572 2026 4631 salem,
2060 4570 2116 4623 in
2135 4567 2481 4638 potestatibus
2513 4583 2575 4620 ac
2602 4566 2799 4620 viribus
2834 4569 2951 4636 agri
2984 4581 3003 4619 :
3046 4567 3092 4621 si
3127 4569 3429 4626 inveneritis

1834 4672 2113 4734 cognatum
2143 4676 2336 4728 meum,
2370 4659 2495 4729 quid
2553 4659 2924 4714 renuntiabitis
2958 4659 3048 4714 ei?
3073 4661 3210 4729 quod
3239 4679 3273 4716 a
3297 4663 3431 4718 dile-

1835 4756 2004 4810 ctione
2028 4753 2304 4807 vulnerata
2332 4753 2432 4806 sim
2459 4768 2570 4821 ego.
2596 4751 2649 4805 9.
2672 4750 2813 4817 Quid
2828 4752 3007 4821 di/j‘ert
3029 4763 3284 4822 cognatus
3308 4764 3428 4811 tuus

1836 4856 2135 4917 acognato,
2169 4861 2199 4899 o
2239 4845 2476 4914 formosa
2513 4844 2650 4898 inter
2690 4844 2979 4901 mulieres?
3013 4845 3142 4916 quid
3171 4859 3428 4919 cognatus

1838 4950 1960 4996 tuus
1985 4958 2017 4994 a
2041 4950 2265 5009 cognato
2284 4936 2639 5007 differt,quod
2655 4938 2729 4992 ita
2741 4937 3101 5005 jurejurando
3122 4957 3218 4995 nos
3236 4943 3431 4999 astrin-

1840 5034 2026 5087 aeris?
2052 5033 2133 5087 10.
2161 5030 2431 5101 Cognatas
2451 5046 2594 5084 meus
2614 5038 2690 5084 est
2711 5029 2971 5085 candidus
2993 5047 3056 5085 ac
3080 5030 3422 5096 rubicundus,

1839 5128 2035 5181 electus
2071 5140 2136 5179 ex
2156 5123 2331 5178 decem
2355 5122 2614 5177 millibus.
2639 5122 2729 5177 il.
2750 5120 2922 5191 Caput
2949 5122 3084 5192 ejus,
3119 5139 3312 5177 aurum
3331 5121 3429 5178 Ce—

1838 5217 1978 5287 pltaz
2009 5234 2028 5271 :
2059 5215 2290 5270 cincinni
2327 5214 2441 5284 ejus
2468 5215 2671 5269 abirtes
2700 5254 2713 5280 ,
2758 5216 2899 5284 nigri
2933 5224 3187 5284 tanquam
3216 5230 3424 5271 corvus.

1842 5309 1928 5367 1‘2.
1964 5306 2123 5363 Oculi
2166 5306 2281 5376 ejus
2308 5306 2447 5360 sicut
2492 5303 2771 5369 columbis,
2818 5304 2888 5357 ad
2922 5319 3184 5375 aquarum
3223 5305 3425 5373 copias.

1840 5398 2039 5455 ablutw
2065 5398 2223 5465 lacte,
2260 5397 2496 5452 sedentes
2521 5397 2682 5466 juxta
2714 5397 2898 5465 copias
2935 5412 3219 5465 aquarum.

1914 5489 1964 5543 Is
2012 5488 2106 5558 qui
2144 5504 2241 5558 per
2280 5488 2488 5557 Mosetn
2529 5486 2747 5555 quidem
2791 5488 2922 5558 legis
2964 5487 3117 5542 initia
3152 5487 3387 5545 sancivit
3412 5528 3428 5550 .

1840 5596 1943 5653 per
1970 5597 2030 5636 se
2065 5598 2196 5637 vero
2217 5580 2465 5652 implevit
2493 5580 2807 5640 universam
2831 5583 3003 5652 legem
3029 5588 3084 5635 ct
3109 5581 3425 5651 prophetas,

1844 5673 2305 5742 quemadmodum
2337 5674 2413 5729 ait
2445 5673 2501 5728 in
2530 5672 2829 5741 Evangelio
2862 5693 2874 5729 :
2913 5672 3035 5749 Non
3072 5674 3187 5728 veni
3213 5671 3282 5727 ad
3314 5671 3430 5731 dis—

1846 5762 2150 5825 solvendam
2184 5764 2374 5839 legem,
2403 5764 2494 5821 sed
2521 5765 2843 5839 implendam
2864 5765 2912 5800 ⁸³
2945 5766 3075 5841 :qui
3106 5765 3187 5825 ira
3213 5764 3428 5829 sublata
