3866 6362
502 457 652 535 tona

1735 441 1792 497 S.
1825 438 2151 498 GREGORII
2187 435 2482 498 NYSSENI

3606 430 3711 488 ιῡιι

499 568 702 624 eandem
759 566 920 622 etiam
985 559 1254 623 abolevit,
1309 565 1362 613 et
1421 571 1527 611 una
1589 570 1713 610 cum
1774 556 2074 627 cupiditate

2204 559 2365 614 νῶσαι
2393 577 2405 591 ·
2435 561 2463 612 ὁ
2498 559 2562 628 τῇ
2605 553 2704 626 μὲν
2736 549 3010 622 ἀναιρέσει
3044 546 3140 618 τῆς
3173 543 3343 618 ὀργῆς
3377 542 3713 616 συνεξαλεῑψπς

501 659 833 716 adulterium
856 669 1086 726 quoque
1108 649 1331 708 sustulit
1363 667 1378 722 ε.
1408 649 1496 704 hic
1521 647 1686 721 igitur
1718 648 1870 719 ejicit
1910 649 2075 702 etiam

502 774 532 806 e
583 753 694 806 vita
738 745 1074 807 exsecranda
1121 739 1398 815 perjuria,
1453 740 1583 796 dum
1634 755 1728 812 per
1779 738 2077 810 juramenti

502 842 922 914 prohibitionem
984 838 1099 893 otio
1163 834 1322 907 quasi
1375 832 1568 888 falcem
1634 830 1912 885 astrinxit.
1969 830 2076 885 Ne-

421 945 428 954 ‘
500 952 605 1006 que
632 933 778 990 enim
812 931 927 988 ﬁeri
951 937 1135 1002 potest
1188 935 1241 982 ut
1266 927 1649 996 .juramentum
1681 923 1806 995 quis
1833 939 1941 978 non
1960 938 2080 978 ser-

505 1037 612 1092 xet,
666 1027 711 1083 si
738 1027 1108 1096 juramentum
1143 1020 1349 1075 nullum
1389 1019 1481 1074 sit.
1518 1017 1815 1088 Propterea
1851 1016 2027 1086 inquit
2061 1032 2075 1070 :

502 1118 739 1173 Audistis
767 1116 966 1170 dictum
1010 1113 1174 1182 fuisse
1202 1111 1391 1180 priscis
1431 1110 1580 1164 illis:
1613 1107 1736 1164 Non
1788 1105 2078 1177 pejerabis,

500 1209 588 1264 sed
629 1207 813 1263 reddes
864 1205 1092 1264 Domino
1145 1203 1448 1267 iuramenta
1502 1212 1615 1254 tua.
1650 1197 1762 1270 Ego
1803 1215 1924 1253 vero
1963 1197 2082 1251 dico

503 1302 668 1364 vobis,
697 1316 759 1354 ne
791 1298 979 1362 iuretis
1005 1294 1221 1350 omnino
1247 1309 1263 1347 :
1290 1308 1450 1363 neque
1471 1307 1562 1360 per
1589 1291 1777 1346 cretum
1798 1329 1814 1353 ,
1842 1289 1967 1360 quia
1994 1302 2084 1342 so-

507 1392 644 1445 lium.
692 1389 788 1444 Dei
820 1397 938 1454 est;
976 1400 1138 1456 neque
1165 1400 1258 1455 per
1290 1383 1626 1454 Jerosolyma
1649 1425 1663 1447 ,
1688 1382 1815 1452 quia
1849 1379 1974 1435 urbs
2007 1387 2084 1433 est

495 1481 687 1552 magni
719 1481 897 1550 regis;
930 1493 1091 1549 neque
1114 1492 1204 1546 per
1221 1485 1377 1545 caput
1401 1484 1545 1528 tuum
1569 1473 1802 1544 jurabis,
1834 1473 1955 1543 quia
1981 1487 2085 1525 non

491 1581 650 1640 .-potes
675 1569 924 1638 capillum
958 1567 1138 1622 album
1169 1575 1260 1620 aut
1293 1567 1501 1636 nigrum
1527 1565 1720 1634 facere.
1743 1561 1874 1616 Esto
1909 1569 2087 1615 autem

496 1679 678 1720 sermo
717 1671 901 1726 tester,
957 1659 1169 1725 Etiam,
1211 1658 1372 1712 etiam
1414 1672 1431 1711 :
1475 1665 1523 1712 et
1554 1655 1718 1722 Non,
1750 1671 1853 1708 non
1888 1669 1907 1708 :
1946 1651 2085 1724 quod

501 1764 684 1808 autem
721 1767 883 1821 supra
942 1751 1052 1805 lucc
1102 1746 1359 1812 abundat,
1398 1762 1464 1802 ea:
1511 1744 1726 1801 diabolo
1770 1753 1848 1800 est
1884 1743 1952 1799 “.
2010 1743 2080 1796 At

499 1847 708 1909 :anima,
741 1844 830 1900 cui
857 1841 1141 1897 Canticum
1169 1840 1272 1895 hoc
1314 1833 1573 1894 eximium
1613 1835 1965 1908 perfectionis
1995 1841 2082 1888 te-

2183 652 2272 707 τδν
2298 651 2476 722 φόνον,
2499 648 2577 720 τῷ
2604 647 2659 700 δὲ
2689 641 2976 715 ἀφανισμῷ
3007 640 3105 710 τῆς
3130 637 3425 708 ἐπιθυμίας
3458 637 3714 703 συνεξελαὺ-

2184 758 2288 796 νων
2321 741 2419 811 τῆς
2451 736 2694 810 μοιχείας
2731 735 2791 788 τὸ
2822 733 2979 801 ἄγοςο
3016 724 3167 792 οὗτος
3207 727 3458 783 ἐκϐάλλει
3502 726 3588 780 τοῦ
3629 726 3713 794 βίον

2185 833 2280 887 καὶ
2311 831 2409 903 τὴν
2445 830 2510 882 ὲκ
2537 829 2634 898 τῆς
2663 823 2949 892 ἐπιορκίας
2981 820 3246 892 κατάραν,
3280 822 3350 891 τῇ
3395 817 3714 888 ἀπαγορεύσει

2185 924 2279 978 τοῦ
2309 924 2472 994 ὅρκου
2520 919 2761 990 πεδήσας
2789 917 2845 969 ὲν
2871 911 3114 985 ἀπραξίᾳ
3140 912 3199 966 τὸ
3227 909 3518 982 δρέπανον.
3551 909 3616 961 οὐ
3636 908 3715 979 γάρ

2187 1017 2304 1069 ἐστι
2327 1013 2550 1068 δυνατὸν
2598 1011 2762 1082 ὅρκου
2806 1007 3055 1077 γενέσθαι
3110 1003 3464 1076 παράϐασιν,
3511 1000 3581 1071 μὴ
3603 1001 3716 1062 ὄντος

2187 1107 2382 1177 ὅρκου.
2402 1104 2492 1157 Διό
2519 1119 2683 1172 φησιν
2703 1118 2717 1133 ο
2743 1099 3086 1157 ηἨκούσατε
3115 1095 3203 1148 ὅτι
3230 1093 3444 1163 ἐρῤἐθη
3473 1092 3714 1161 ἀρχαίοις-⁸

2192 1199 2314 1252 Οὐκ
2345 1193 2727 1265 ἐπιορκήσεις
2749 1233 2764 1258 ,
2804 1189 3139 1254 ἀποδώσεις
3178 1185 3245 1241 δὲ
3276 1185 3359 1252 τῷ
3390 1185 3581 1252 Κυρίῳ
3611 1182 3717 1248 τοὺς

2190 1291 2408 1360 ὅρκους
2438 1301 2574 1341 σου.
2634 1283 2782 1354 Ἐγὼ
2833 1282 2988 1352 λέγω
3029 1283 3162 1344 σοι’,
3209 1277 3381 1348 φησὶ,
3418 1274 3505 1345 μὴ
3547 1275 3718 1344 ὀμόσαι

2190 1383 2344 1448 ὅλως
2363 1397 2376 1413 ·
2422 1378 2575 1451 μήτε
2602 1377 2671 1432 ἐν
2693 1367 2774 1441 ἐῷ
2801 1371 3037 1442 οὐρανῷ
3061 1410 3076 1436 ,
3120 1370 3209 1424 ὅτι
3236 1369 3452 1437 θρόνος
3486 1365 3607 1420 ἐστὶ
3642 1363 3718 1418 τοῦ

2194 1473 2341 1529 Θεοῦ
2362 1489 2376 1503 ·
2409 1470 2561 1541 μήτε
2587 1469 2657 1523 ἐν
2702 1461 3128 1536 Ἰερουσαλὴμ,
3162 1461 3248 1515 ὅτι
3285 1461 3464 1525 πόλις
3490 1455 3610 1512 ἐστὶ
3640 1456 3716 1509 τοῦ

2187 1565 2454 1638 μεγάλου
2470 1562 2776 1630 ,βασιλέως
2795 1578 2809 1593 ·
2839 1560 2990 1630 μήτε
3019 1557 3088 1611 ὲν
3113 1555 3189 1624 τῇ
3217 1553 3458 1624 κεφαλῇ
3484 1566 3590 1606 σου
3615 1551 3716 1618 ὀμό-

2193 1674 2326 1724 σεις
2349 1675 2363 1688 ’
2413 1655 2504 1710 ὅτι
2551 1655 2624 1708 οὐ
2658 1653 2918 1707 δύνασαι
2956 1647 3202 1715 ποιῆσαι
3247 1647 3428 1715 τρίχα
3459 1641 3714 1710 λευκήνῆ

2190 1751 2504 1823 μέλαιναν,
2540 1748 2732 1801 Ἔστω
2756 1743 2825 1798 δὲ
2850 1743 3018 1814 ὑμῶν
3050 1745 3082 1798 ὀ
3107 1743 3290 1812 λόγος
3323 1742 3390 1794 τὸ
3417 1779 3432 1806 ,
3463 1737 3592 1802 Nai,
3612 1737 3691 1792 ναί
3703 1752 3713 1764 ·

2195 1842 2293 1896 καὶ
2321 1841 2410 1906 τὸ,
2444 1835 2549 1905 Οὒ,
2585 1835 2691 1893 οὔθ
2735 1835 2804 1890 τὸ
2843 1835 2912 1890 δὲ
2949 1833 3382 1910 περισσότερον
3415 1831 3642 1895 τούτων,
3668 1826 3716 1881 ἐκ

503 1937 830 1994 Διςιίῐηοιιίιηιι
872 1935 1101 1999 tribuit,
1142 1933 1230 1989 cui
1280 1928 1464 1986 cordis
1494 1929 1740 1984 velamen
1785 1925 2084 1982 est'adem-

2204 1933 2296 1987 τοῦ
2321 1930 2604 1985 διαϐόλου
2633 1927 2825 1983 ἐστίν.
2882 1925 2949 1979 Ἡ
2992 1925 3048 1978 δὲ
3085 1923 3174 1978 διὰ
3221 1922 3315 1977 τοῦ
3345 1923 3612 1995 ’ᾼσματος
3640 1918 3716 1971 τῶν

503 2035 659 2097 ptum
683 2027 736 2082 in
760 2025 1099 2096 depositione
1123 2023 1322 2077 tunica:
1356 2020 1582 2084 veteris,
1617 2033 1740 2089 quae
1771 2016 2090 2072 theristrum

511 2120 707 2175 l‘aciem
732 2127 929 2189 tegens
969 2115 1171 2186 abjecit
1198 2153 1212 2178 ,
1245 2126 1344 2185 per
1384 2111 1530 2184 quod
1561 2109 1921 2182 intelligimus
1965 2123 2090 2162 om—

511 2222 635 2262 nem
692 2204 1083 2276 cogitationem
1123 2203 1463 2259 dubitantem
1504 2199 1774 2271 quasique
1811 2197 2086 2269 palpitan-

513 2306 647 2362 tem,
680 2296 758 2351 ita
785 2304 844 2350 ut
870 2296 984 2366 jam
1015 2309 1151 2366 pure
1182 2309 1247 2348 ac
1277 2294 1396 2350 sine
1421 2293 1764 2348 dubitatione
1796 2295 2086 2348 veritatem

512 2389 792 2443 intueatur
831 2405 845 2442 :
909 2387 1024 2442 haec
1071 2385 1238 2456 igitur
1287 2383 1649 2456 jurejurando
1700 2383 1838 2438 ﬁlias
1871 2381 2095 2437 Jerusa-

515 2481 620 2535 lem
663 2477 958 2547 astringit,
1023 2491 1200 2546 neque
1243 2490 1343 2546 per
1375 2474 1570 2530 solium
1615 2473 1897 2539 divinum,
1948 2473 2095 2544 quod

514 2565 714 2620 emlum
762 2579 885 2620 esse
913 2564 1117 2618 dicitur
1152 2581 1165 2618 :
1205 2577 1382 2632 neque
1411 2576 1507 2632 per
1546 2559 1640 2616 Dei
1687 2561 1896 2631 regiam
1923 2601 1937 2626 ,
1974 2577 2095 2632 quae

413 2719 418 2725 ι
517 2655 858 2729 Jerosolyma
904 2664 1170 2723 vocatur;
1222 2670 1401 2726 neque
1457 2668 1556 2724 per
1599 2652 1968 2708 venerandum
2030 2653 2095 2708 il-

515 2749 604 2804 lud
655 2755 857 2819 caput,
903 2748 1061 2817 cujus
1090 2746 1271 2818 capilli
1311 2760 1411 2801 nec
1461 2743 1571 2799 albi
1618 2758 1720 2800 nec
1774 2745 1916 2816 nigri
1977 2743 2095 2799 ﬁeri
2140 2769 2145 2774 -

526 2849 782 2911 possunt,
838 2840 932 2895 sed
971 2839 1040 2894 ad
1088 2853 1275 2912 agrum
1305 2838 1678 2908 juramentum
1720 2853 1878 2895 suum
1925 2846 2098 2893 trans-

520 2955 624 3008 fert
657 2991 672 3016 ,
725 2966 818 3022 per
853 2957 1152 3022 potestates
1193 2950 1313 3020 ejus
1354 2950 1666 3021 juvenculis
1706 2947 2097 3020 jusjurandum

519 3041 798 3103 deferens,
828 3055 954 3094 cum
985 3041 1062 3094 ait
1093 3059 1105 3094 :
1140 3039 1504 3110 Jurejurando
1541 3039 1772 3094 astrinxi
1802 3055 1930 3104 vos,
1970 3039 2099 3104 ﬁlia:

518 3133 852 3200 Jerusalem,
895 3134 951 3186 in
999 3134 1350 3202 potestatibus
1392 3151 1454 3188 ac
1486 3133 1683 3188 viribus
1725 3133 1861 3204 agri.
1916 3131 2098 3186 Enim-

517 3242 651 3282 vero
680 3228 851 3292 illam,
882 3226 971 3280 cui
999 3224 1335 3298 perhibitum
1371 3235 1455 3281 est
1494 3225 1868 3281 testimonium
1900 3265 1915 3291 ,
1951 3225 2099 3296 quod

523 3327 637 3374 tota
667 3318 1006 3389 sitpulchra,
1025 3323 1078 3373 et
1107 3316 1258 3372 omni
1287 3317 1410 3372 labe
1437 3323 1642 3380 careat,
1674 3317 1811 3371 nihil
1843 3331 2101 3387 superva—

523 3425 752 3466 caneum
785 3408 1031 3480 proferre
1054 3407 1236 3480 (quod
1274 3409 1493 3480 quidem
1523 3408 1725 3464 diaboli
1757 3413 1885 3476 est),
1918 3407 2013 3464 sed
2035 3424 2099 3464 ex

513 3502 635 3559 Deo
660 3501 830 3573 loqui,
875 3516 906 3556 a
943 3516 1052 3571 quo
1083 3499 1186 3572 (de
1216 3500 1486 3557 sententia
1528 3499 1767 3554 Michaeas
1795 3499 1970 3570 vatis)
2008 3514 2103 3554 ex-

513 3595 666 3650 sistit
689 3633 704 3656 ,
742 3594 788 3649 si
818 3592 949 3664 quid
975 3593 1205 3660 bonum,
1240 3599 1294 3648 et
1323 3591 1368 3648 si
1399 3591 1530 3662 quid
1572 3591 1864 3662 pulchrum
1895 3597 2004 3657 est,
2039 3604 2105 3644 ac

539 3693 736 3756 praeter
763 3686 880 3740 hac
906 3682 1042 3739 nihil
1071 3725 1086 3752 ,
1121 3684 1437 3755 perspicere
1459 3683 1639 3754 quivis
1669 3690 1849 3754 potest
1875 3721 1890 3745 ,
1918 3682 2011 3753 qui
2039 3696 2107 3737 ex

515 3778 844 3836 testimonio
894 3776 1108 3832 Domini
1141 3775 1366 3832 edoctus
1413 3785 1499 3830 est
1543 3775 1743 3844 quibus
1793 3789 1860 3828 ex
1936 3772 2108 3829 rebus

527 3882 731 3937 sponsa
771 3866 1025 3922 excellat.
1076 3863 1300 3920 Etenim
1350 3879 1474 3919 eum
1509 3865 1728 3918 omittat
1754 3877 1947 3919 omnes
1975 3877 2108 3934 pro-

529 3959 732 4014 hibitas
748 3957 1049 4028 juramenti
1079 3957 1315 4026 species,
1339 3969 1518 4024 neque
1540 3969 1636 4024 per
1661 3953 1849 4008 urbem
1878 3953 2107 4024 regiam,

517 4063 711 4118 neque
757 4062 856 4116 per
906 4045 1090 4116 magni
1143 4043 1291 4113 regis
1340 4043 1538 4098 solium
1589 4043 1753 4098 hasce
1787 4043 2113 4114 juvenculas

529 4141 803 4208 astringat
885 4137 1030 4207 (quo
1117 4133 1384 4189 discimus
1479 4140 1744 4202 quantum
1815 4131 2009 4186 abesse
2081 4147 2116 4186 a

533 4231 696 4287 nobis
725 4229 923 4284 debeat
979 4235 1042 4280 ut
1076 4224 1339 4280 audacter
1367 4225 1661 4279 abutamur
1697 4222 1752 4276 in
1788 4220 2116 4292 juramentis

541 4322 670 4390 Deo,
721 4315 863 4375 cum
904 4331 1082 4388 neque
1109 4314 1256 4379 solii,
1295 4329 1473 4384 neque
1515 4312 1754 4367 civitatis
1786 4309 1932 4366 illius
1963 4325 2116 4366 men-

526 4415 740 4470 tionem
775 4412 832 4466 in
868 4407 1231 4482 jurejurando
1252 4405 1504 4461 faciundi
1551 4403 1706 4474 copia
1748 4402 1910 4458 nobis
1940 4401 2034 4457 ﬂat
2057 4405 2114 4472 );

530 4523 656 4564 cum
692 4511 882 4577 parcat
924 4503 1056 4558 item
1098 4498 1410 4557 venerando
1445 4498 1645 4568 capiti,
1680 4495 1827 4568 quod
1857 4493 2118 4564 deinceps

2195 2024 2452 2096 ᾀσμάτων
2480 2020 2573 2073 ἐπὶ
2607 2016 2898 2088 τελειότητι
2940 2013 3402 2087 μεμαρτυρημένη
3454 2010 3620 2082 ψυχὴ,
3650 2010 3716 2062 καὶ

2196 2113 2552 2188 περιελομένη
2583 2111 2680 2182 μὲν
2710 2110 2806 2182 τῆς
2830 2108 3008 2178 ψυχῆς
3036 2107 3096 2160 τὸ
3121 2105 3388 2176 κάλυμμα
3419 2107 3476 2158 ὲν
3505 2106 3567 2173 τῇ
3590 2103 3716 2154 dmit-

2196 2208 2344 2261 δύσει
2376 2204 2470 2258 τοῦ
2518 2199 2747 2256 παλαιοῦ
2797 2199 3059 2271 χιτῶνος,
3115 2195 3209 2249 τοῦ
3267 2212 3327 2247 τε
3383 2191 3648 2266 προσώπου
3675 2188 3715 2242 τὸ

2199 2297 2479 2368 θέριστρον
2529 2289 2875 2351 ἀποϐαλοῦσα
2897 2330 2912 2357 ,
2946 2289 3085 2358 ὅπερ
3112 2284 3339 2356 νοοῦμεν
3371 2285 3550 2338 πᾶσαν
3581 2279 3716 2334 διστά-

2199 2389 2393 2458 ζουσὰν
2417 2405 2477 2443 τε
2501 2387 2596 2441 καὶ
2622 2382 3053 2458 κραδαινομένην
3075 2379 3333 2441 διάνοιαν,
3357 2374 3497 2429 ὥστε
3518 2369 3717 2442 καθαρῶς

2197 2501 2258 2537 τε
2287 2482 2379 2537 καὶ
2401 2477 2784 2552 ἀναμφιϐόλως
2816 2474 2950 2546 πρὸς
2979 2460 3368 2544 τὴνάλήθειαν
3400 2466 3630 2537 βλέπειν,

2200 2576 2342 2641 κίζει
2390 2547 2841 2641 τὰς’θήυγατέρας
2881 2561 3235 2636 Ἰερουσαλὴμ
3261 2601 3275 2625 ,
3319 2557 3443 2612 οὔτε
3493 2553 3618 2610 κατά
3651 2547 3714 2604 τοῦ

2201 2669 2344 2724 θείου
2371 2665 2582 2738 θρόνου,
2612 2663 2669 2718 ὃν
2689 2659 2914 2732 οὐρανὸν
2939 2653 3196 2728 ὀνομάζει
3218 2655 3246 2708 ὁ
3265 2652 3426 2722 λόγος
3446 2666 3458 2681 ·
3488 2647 3599 2703 οὕτε
3617 2642 3718 2698 κατά

2199 2761 2306 2816 τῶν
2339 2758 2473 2814 Θεοῦ
2505 2755 2790 2829 βασιλείων
2829 2747 2909 2818 οἷς
2965 2749 3139 2821 ὄνομά
3184 2749 3332 2802 ἐστιν
3377 2738 3713 2829 Ἰερουσαλήμῖ

2199 2853 2260 2907 οὐ
2299 2851 2407 2924 μὴν
2455 2823 2580 2904 οῦτε
2614 2845 2757 2902 κατὰ
2806 2844 2904 2915 τῆς
2952 2839 3196 2911 κεφαλῆς
3243 2837 3345 2908 τῆς
3368 2833 3550 2906 τιμίας
3567 2872 3589 2924 ,7
3613 2823 3665 2924 ἦς
3681 2826 3717 2878 αἱ

2197 2921 2384 3018 τρίχες
2416 2941 2538 2996 οὔτε
2586 2938 2809 3001 λευκαὶ,
2845 2934 2970 2989 οὔτε
3003 2933 3247 3005 μέλαιναι
3297 2925 3546 2998 γενέσθαι
3576 2921 3717 3018 δὺνινῖ

2152 3045 2162 3055 ⁸
2199 3009 2324 3092 aut:
2353 3034 2466 3089 ἀλλ’
2501 3033 2593 3086 ἐπὶ
2625 3031 2714 3084 τὸν
2749 3027 2917 3100 ἀγρὸν
2963 3023 3254 3097 μεταφέρει
3279 3020 3371 3073 τὸν
3412 3021 3598 3088 ὅρκον,
3620 3009 3718 3066 κατὰ

2199 3130 2308 3184 τῶν
2346 3131 2403 3183 ὲν
2435 3125 2585 3196 αὑτῷ
2614 3123 2895 3194 δυνάμεων
2920 3119 3012 3172 τὸν
3049 3115 3312 3188 ὁρκισμδν
3346 3110 3611 3179 ἐπάγουσα
3636 3105 3717 3163 ταῖς

2204 3221 2408 3277 νεάνισι
2453 3217 2714 3287 λέγουσα·
2767 3214 3018 3281 ’Ὡρκιοά
3069 3206 3260 3277 ὑμᾶς,
3311 3201 3613 3273 θυγατέρες
3649 3197 3718 3287 Ἰες

2199 3311 2560 3385 ρουσαλὴμ,
2601 3309 2671 3363 ἐν
2704 3305 2830 3372 ταῖς
2863 3289 3158 3373 δυνάμεσι
3197 3297 3296 3354 καὶ
3346 3297 3611 3367 ὶσχύσεσι
3647 3286 3720 3342 τοῦ

2203 3378 2603 3475 δρυμοῦζδοτι
2640 3399 2737 3472 μὲν
2769 3393 2860 3452 οὖν
2893 3397 2926 3467 ἡ
2963 3395 3031 3448 δι’
3054 3392 3176 3447 ὅλου
3209 3388 3598 3463 μαρτυρηθεῖσα
3624 3378 3719 3475 εἶναι

2205 3497 2347 3569 καλὴ
2378 3496 2473 3550 καὶ
2507 3492 2707 3556 παντὸς
2751 3487 3128 3560 καθαρεύουσα
3164 3483 3384 3555 μώμου,
3432 3480 3570 3534 οὐδὲν
3602 3471 3720 3546 96$“:-

2205 3607 2364 3659 γεται
2402 3586 2509 3641 τῶν
2565 3581 2834 3656 περιττῶν
2859 3619 2874 3644 ,
2926 3578 2955 3632 ὃ
2984 3578 3084 3647 τῆς
3138 3577 3230 3629 τοῦ
3279 3573 3520 3628 διαϐόλου
3564 3562 3720 3659 pepli/3;

2207 3679 2354 3733 ἐστίν
2373 3693 2387 3710 ο
2413 3676 2528 3731 ἀλλ’
2563 3675 2627 3727 ὲκ
2651 3671 2744 3726 τοῦ
2769 3667 2905 3724 Θεοῦ
2941 3668 3174 3720 ποιεῖται
3204 3663 3294 3717 τὸν
3327 3662 3503 3730 λόγον,
3535 3654 3642 3726 παρ’
3663 3641 3720 3710 οὗ,

2209 3765 2351 3821 κατά
2375 3763 2466 3817 τὸν
2492 3761 2749 3831 Μιχαίαν,
2769 3757 2820 3810 εί
2846 3774 2896 3810 τι
2924 3755 3127 3824 ἀγαθόν
3159 3755 3293 3816 ἐστι,
3318 3751 3412 3804 καὶ
3439 3749 3491 3803 εί
3511 3765 3558 3800 τι
3587 3741 3720 3831 καλὸν..

2211 3859 2306 3913 καὶ
2334 3856 2484 3928 ποιρά
2507 3829 2680 3908 ταῦτα
2716 3849 2868 3904 οὐδέν
2887 3865 2900 3878 ·
2938 3847 3099 3901 παντὶ
3145 3844 3302 3915 δῆλόν
3343 3845 3456 3896 ἐστι
3479 3883 3493 3905 ,
3523 3837 3592 3907 τῷ
3615 3829 3723 3928 περὶ

2211 3949 2309 4019 τῆς
2336 3923 2659 4014 δεσποτικῆς
2708 3940 3015 4013 μαρτυρίας
3043 3935 3343 4007 διδαχθέντι
3369 3973 3384 3998 ,
3416 3930 3481 3984 ea
3514 3923 3722 4019 προσόντα

2211 4010 2500 4110 τῇήνύμφῃ
2539 4010 3002 4105 πλεονεκτήματα.
3047 4030 3105 4081 'H
3140 4027 3247 4098 γὰρ
3286 4026 3483 4092 ἀφεῖσα
3519 4017 3664 4110 πάντα
3678 4010 3722 4061 τὰ

2215 4107 2640 4201 ἀπηγορευμένα
2689 4124 2801 4195 εἴδη
2843 4121 2936 4176 τοῦ
2981 4123 3144 4191 ὅρκου
3170 4158 3184 4183 ,
3218 4116 3312 4170 καὶ
3345 4117 3478 4187 μήτε
3504 4111 3590 4182 τὴν
3616 4107 3724 4177 βαρε-

2215 4226 2474 4279 λεύουσαν
2505 4223 2659 4276 πόλιν
2679 4261 2694 4283 ,
2729 4220 2864 4290 μήτε
2890 4217 2982 4270 τὸν
3023 4215 3210 4286 θρόνον
3240 4211 3334 4265 τοῦ
3364 4207 3584 4282 μεγάλου
3609 4201 3722 4271 βασι·

2215 4318 2350 4381 λέως
2377 4318 2560 4388 ὅρκιον
2591 4315 2711 4376 ταῖς
2731 4311 2937 4365 νεάνισι
2965 4305 3307 4377 ποιησαμένη
3325 4320 3340 4336 ο
3365 4303 3451 4356 διὰ
3471 4297 3633 4353 τούτου
3648 4290 3722 4388 γξρ

2219 4382 2586 4479 παιδευόμεθα
2625 4406 2791 4458 πόσον
2825 4402 3049 4472 ἀπέχειν
3079 4401 3226 4470 ἡμᾶς
3257 4397 3362 4468 χρὴ
3399 4391 3491 4448 τοῦ
3527 4382 3722 4445 natura}.

2223 4505 2328 4574 μᾷν
2367 4478 2461 4556 τοῦ
2502 4498 2636 4553 Θεοῦ
2675 4498 2732 4551 ὲν
2777 4498 2890 4559 τοῖς
2935 4495 3148 4565 ὅρκοις,
3179 4493 3259 4544 ὅτι
3291 4488 3412 4541 οὔτε
3441 4487 3526 4538 τὸν
3565 4478 3720 4574 θρόνοι.

532 4609 592 4654 ut
625 4564 852 4654 aureum
880 4594 1143 4666 depingit,
1188 4591 1347 4664 cujus
1379 4564 1561 4661 capilli
1601 4564 1838 4645 nec—albi
1877 4601 1995 4645 nec
2029 4588 2100 4643 ni-

2222 4564 2345 4649 οῦτε
2368 4593 2466 4663 τὴν
2490 4589 2644 4644 πόλιν
2669 4592 2726 4641 ὲν
2762 4586 2838 4658 τῷ
2862 4564 3010 4656 ὅρκῳ
3040 4579 3478 4654 παραλαμϐάνειν
3498 4564 3722 4666 ἐπιτρεπξ·

533 4689 617 4757 gri
656 4688 798 4751 sint;
835 4685 972 4756 (qui
1016 4683 1160 4738 enim
1211 4683 1298 4738 vel
1331 4680 1606 4752 denigrari
1663 4679 1838 4749 possit
1871 4693 2064 4732 aurum
2098 4715 2114 4742 ,

533 4778 620 4834 vel
647 4776 773 4832 albo
809 4775 996 4831 colore
1019 4773 1277 4842 obduci?)
1323 4774 1545 4829 omnino
1573 4771 1679 4826 tale
1716 4769 2115 4840 jusjurandum

535 4867 844 4941 virginibus
889 4865 1041 4920 hisce
1091 4863 1386 4935 proponit,
1418 4863 1562 4932 quod
1594 4876 1770 4932 neque
1799 4875 1922 4914 cum
1953 4874 2121 4915 evan-

533 4963 708 5032 geliea
727 4960 844 5030 lege
874 4964 1096 5029 pugnet,
1132 4964 1186 5012 et
1207 4955 1384 5011 laudis
1418 4955 1696 5010 materiem
1729 4952 2118 5024 praestantibus

535 5059 717 5134 ipsum
765 5050 1111 5123 suppeditet,
1160 5049 1618 5122 quemadmodum
1672 5049 1747 5102 ait
1794 5046 2116 5117 Propheta:

539 5137 876 5202 Laudabitur
919 5143 1090 5199 omnis
1137 5143 1227 5214 qui
1283 5142 1435 5210 jurat
1479 5157 1569 5207 per
1607 5157 1725 5196 eum
1767 5140 1834 5193 ⁸⁵.
1893 5139 2012 5204 Quo
2065 5137 2122 5191 lit

540 5240 677 5295 adeo
718 5245 780 5293 ut
823 5251 1015 5292 eorum
1057 5228 1193 5306 quas
1220 5233 1309 5289 hic
1361 5233 1622 5288 dicuntur
1680 5232 1952 5287 sententia
2011 5245 2122 5284 non

541 5337 723 5387 careat
753 5329 846 5384 illo
885 5327 1104 5399 gemino
1143 5339 1254 5395 quo
1299 5323 1580 5378 veritatem
1626 5322 1970 5391 comprobari
2032 5322 2120 5375 lex

542 5418 866 5491 Evangelica
906 5419 1023 5474 vult
1066 5436 1080 5471 :
1126 5430 1252 5470 cum
1299 5412 1508 5483 inquit,
1558 5411 1687 5466 Esto
1738 5422 1913 5467 autem
1950 5430 2120 5468 sermo

544 5521 726 5575 vester,
766 5511 981 5575 Etiam,
1029 5509 1190 5564 etiam
1220 5520 1238 5560 :
1276 5515 1327 5561 et
1356 5503 1515 5581 Non,
1557 5520 1679 5558 non.
1713 5503 1892 5570 Quare
1920 5505 1966 5559 si
2002 5519 2127 5574 pro-

547 5596 762 5654 hibetur
797 5601 851 5654 in
878 5599 1205 5668 juramenlis
1253 5613 1321 5652 ne
1354 5604 1669 5653 assumatur
1712 5594 1906 5650 solium
1959 5596 2122 5666 regis,

549 5695 606 5740 et
626 5688 820 5744 civitas
855 5689 912 5743 in
939 5705 1046 5762 qua
1078 5689 1224 5760 regia
1265 5695 1348 5744 est
1373 5725 1389 5752 ,
1428 5693 1482 5741 et
1529 5699 1717 5739 verum
1777 5683 1907 5739 illttd
1939 5693 2120 5756 caput,

650 5855 694 5888 “
721 5857 907 5914 Matth.
941 5875 993 5928 ν,
1023 5860 1211 5916 55-36.
1322 5862 1366 5892 ’⁸³
1394 5860 1540 5917 Psal.
1576 5876 1704 5929 Lm,
1748 5862 1833 5916 ιε.

2226 4684 2364 4756 μεθα
2391 4701 2404 4714 '
2423 4658 2736 4752 ’φεισαμένη
2768 4696 2827 4731 τε
2861 4676 2999 4746 πρὸς
3036 4675 3245 4737 τούτοις
3274 4672 3375 4742 τῆς
3419 4665 3632 4737 κεφαλῆς
3657 4658 3722 4725 τῆς

2221 4752 2442 4849 τιμίας,
2473 4776 2537 4845 ἢν
2587 4775 2642 4826 ὲν
2677 4773 2791 4834 τοῖς
2834 4767 3035 4838 ἐφεξῆς
3085 4766 3292 4838 χρυσῆν
3325 4759 3458 4816 εἶναι
3502 4752 3720 4849 διαγράφξί

2223 4837 2300 4940 tif;
2339 4837 2483 4938 λόγῳ
2496 4837 2517 4896 ὀ
2551 4860 2620 4938 ἧς
2650 4866 2706 4917 αἱ
2737 4862 2921 4934 τρίχες
2955 4837 3078 4912 οὗτε
3113 4857 3302 4911 λευκαί
3336 4857 3468 4908 εἰσιν
3492 4895 3506 4919 ,
3529 4847 3643 4940 οὔτε.
3664 4837 3722 4940 μές

2225 4927 2734 5026 λαιναι-ίπῶςνγὰρ
2928 4947 3215 5020 μελανθείη
3250 4943 3444 5017 χρυσὸς
3467 4983 3479 5005 ,
3509 4939 3540 5009 ἢ
3571 4927 3721 5004 πρὺςτδ

2225 5047 2414 5101 λευκὸν
2438 5041 2578 5108 εἶδος
2610 5039 3055 5115 μεταχρωσθείης
3081 5038 3297 5100 πάντως
3321 5034 3403 5088 ὅτι
3422 5026 3630 5085 τοιοῦτόν
3640 5031 3721 5115 sit?

2226 5138 2498 5211 προτείνει
2532 5114 2622 5190 τὸν
2659 5133 2925 5206 ὀρκισμὸν
2960 5133 3081 5194 ταῖς
3122 5126 3437 5199 παρθένοις,
3473 5122 3528 5184 ὃς
3563 5114 3721 5211 milli-‘9

2227 5201 2563 5300 εῦαγγελικῷ
2589 5201 2992 5299 μάχεταιννόμῳ
3019 5261 3034 5285 ,
3069 5225 3163 5275 καὶ
3207 5218 3426 5272 ἐπαίνου
3455 5214 3631 5283 γίνεται
3650 5201 3722 5257 τοῖς

2226 5321 2573 5394 ὀμωμοκόσιν
2600 5318 2855 5380 ὑπόθεσις
2873 5357 2888 5380 ,
2937 5313 3079 5367 κατά
3122 5313 3224 5383 τὴν
3255 5309 3348 5364 τοῦ
3378 5306 3629 5379 Προφήτου

2226 5387 2408 5486 νῆνξῆ
2458 5429 2623 5482 φησιν
2649 5429 2662 5441 ο
2700 5413 2782 5466 ὅτι
2829 5405 3329 5476 Ἐπαινηθήσεται
3357 5399 3470 5465 πᾶς
3502 5399 3532 5449 ὁ

2227 5474 2298 5558 ἐκ
2523 5474 2691 5556 ’Ὥστε
2723 5503 2822 5574 τὴν
2854 5503 2961 5556 τῶν
2989 5474 3298 5570 λεγομένων
3329 5493 3550 5548 διάνοιαν
3579 5474 3721 5574 pi)?"

2229 5592 2368 5651 εἶναι
2417 5597 2512 5652 τοῦ
2559 5596 2746 5651 διπλοῦ
2772 5635 2787 5659 ,
2821 5590 2866 5664 ᾧ
2888 5590 3210 5648 πιστοῦσθαι
3245 5585 3482 5658 βούλεται
3518 5573 3602 5644 τὴν
3623 5561 3722 5664 μάψ·

2231 5689 2381 5743 θειαν
2412 5692 2439 5744 ὁ
2469 5687 2822 5759 εὖαγγελικὺς
2839 5660 3017 5755 -νόμος
3041 5722 3054 5749 ,
3093 5681 3264 5750 λέγων
3285 5694 3298 5710 ·
3333 5676 3511 5730 Ἔστω
3538 5663 3595 5718 δὲ
3611 5660 3720 5726 ῠμων
