3866 6354
153 386 302 445 {0H

1156 385 1222 442 IN
1251 383 1576 444 CANTICA-
1599 383 1869 443 CANTIC.
1902 385 2185 442 HOMILIA
2218 385 2351 442 XIII.

3286 386 3425 442 10ιέ

149 503 190 555 ὁ
223 499 412 570 λόγος
436 498 523 564 τὸ,
553 497 684 565 Nai,
715 497 842 552 ναι·
875 497 974 552 καί
1007 497 1097 563 τὸ,
1125 497 1230 565 Οὓ,
1257 497 1356 554 οὗ.
1388 502 1451 555 Et
1483 500 1661 556 τοίνυν
1690 503 1747 556 έν

1852 501 2029 559 solum
2057 515 2192 558 vero
2215 478 2541 558 conceditur.
2563 497 2943 572 usurpandum
2970 497 3172 565 Etiam,
3195 507 3252 557 et
3283 497 3430 569 Non,

149 594 278 656 τοῖς
314 592 520 664 ὁρκίοις
552 593 787 663 νοήμασι
814 591 1083 646 κωλύεται
1119 593 1218 662 μὲν
1251 593 1279 646 ὁ
1313 592 1501 664 θρόνος
1521 595 1614 648 τοῦ
1651 595 1748 666 βα-

153 683 359 746 σιλέως
387 683 911 755 παραλαμϐάνεσθαι
937 699 952 713 ⁹
996 685 1263 740 κωλύεται
1295 686 1352 740 δὲ
1382 685 1475 740 καὶ
1514 689 1546 757 ὴ
1574 687 1746 754 πόλις,

148 777 218 827 ὲν
265 767 389 846 ᾕτά
425 774 667 845 βασίλεια
687 791 701 806 ·
734 775 1002 830 κωλύεται
1035 778 1090 831 δὲ
1119 777 1380 841 ὡσαύτως
1413 777 1508 832 καὶ
1552 780 1585 850 ἡ
1619 779 1751 850 ἀλη-

150 865 286 935 θινὴ
319 865 529 936 κεφαλὴ
560 866 687 938 περὶ
734 867 832 939 τὴν
861 867 958 922 τοῦ
988 870 1152 940 ὅρκου
1203 869 1518 940 παράληψιν
1537 887 1551 901 ·
1591 871 1751 940 μόνον

146 955 212 1008 δὲ
250 955 311 1009 τὸ
341 957 471 1022 Ναὶ,
501 958 681 1012 καὶτὸ
703 953 802 1023 Οὓ,
840 959 1254 1032 συγκεχώρηται
1281 1002 1294 1025 ,
1325 961 1390 1014 δι’
1421 961 1747 1033 ἀμφοτέρων

149 1049 306 1103 κατὰ
337 1051 399 1103 τὸ
433 1051 548 1104 ῐσον
575 1053 675 1122 τῆς
698 1051 952 1121 ἀληθείας
983 1052 1039 1104 ἐν
1078 1051 1156 1121 τῷ
1179 1051 1282 1105 Ναὶ
1328 1050 1706 1122 θεωρουμένης
1729 1069 1742 1083 ·

1852 593 1911 649 in
1959 606 2194 663 quorum
2259 598 2494 660 utroque
2541 589 2745 645 veritas
2801 603 2867 644 ex
2902 602 3081 660 aequo.
3113 603 3213 660 per
3247 587 3431 645 Etiam

1852 684 2264 755 conspiciatur:
2299 681 2654 740 manifestum
2681 690 2766 738 est
2799 681 2892 736 hic
2927 695 3152 752 quoque
3177 681 3423 736 delatum

1853 792 1884 831 a
1942 793 2146 848 sponsa
2189 776 2506 847 juvenculis
2552 775 2944 848 jusjurandum
2999 776 3053 830 in
3109 773 3433 832 afﬁrmando

1851 869 2098 936 versari,
2147 867 2241 921 ubi
2300 866 2616 921 conﬁrmari
2677 881 2966 922 assensum
3023 865 3192 920 animi
3247 868 3429 921 nostri

1855 967 2090 1030 oportet.
2131 957 2310 1015 Verba
2353 967 2482 1014 sunt
2525 957 2841 1028 hujusmodi
2881 976 2895 1012 :
2932 957 3297 1027 Jurejurando
3339 975 3431 1012 as-

1857 1052 2020 1105 trinxi
2047 1067 2136 1105 vos
2155 1090 2170 1115 ,
2207 1050 2340 1120 ﬁliae
2367 1048 2669 1104 Jerusalem
2689 1089 2704 1114 ,
2746 1049 2803 1102 in
2832 1049 3184 1118 potestatibus
3217 1066 3280 1103 ac
3302 1049 3432 1103 riri-

147 1142 322 1213 δῆλον
342 1144 408 1198 ἂν
435 1143 542 1214 εῐη,
573 1143 654 1197 ὅτι
687 1143 780 1197 καὶ
812 1143 906 1197 νῦν
934 1145 962 1197 ὀ
991 1147 1112 1207 ταῖς
1144 1144 1378 1198 νεάνισιν
1409 1143 1747 1214 ἐπαγόμενος

1857 1141 1950 1196 bus
1985 1144 2100 1213 agri
2131 1158 2148 1196 :
2186 1144 2233 1198 si
2276 1142 2578 1196 inveneritis
2609 1149 2886 1211 cognatum
2926 1157 3130 1208 meum,
3179 1140 3306 1212 quid
3347 1156 3432 1195 re-

146 1235 323 1306 ὅρκος
348 1235 499 1306 παρά
526 1239 625 1307 τῆς
649 1236 865 1306 νύμφης
888 1277 903 1299 ,
949 1237 1077 1308 περὶ
1110 1236 1207 1307 τὴν
1251 1235 1344 1289 τοῦ
1377 1236 1485 1290 Ναὶ
1511 1236 1746 1290 διάνοιαν

1853 1235 2169 1290 nuntiabitis
2199 1236 2288 1289 ei?
2312 1237 2449 1306 quod
2473 1251 2505 1288 a
2523 1233 2802 1287 dilectione
2819 1233 3093 1287 vulnerata
3123 1235 3221 1287 sim
3245 1250 3358 1304 ego.

149 1329 572 1400 ἀναγράφεται,
606 1330 739 1383 ὅπου
792 1329 898 1400 χρὴ
931 1329 1329 1400 ἐρηρεισμένην
1383 1331 1416 1401 ἡ
1428 1329 1543 1400 μῶν
1600 1330 1739 1384 εἶναι
1815 1329 1913 1400 τὴν
1937 1329 2038 1399 τῆς
2067 1328 2245 1399 ψυχῆς
2314 1326 2732 1396 συγκατάθεσιν.
2766 1327 2918 1396 Ἔχει
2940 1327 2996 1380 δὲ
3019 1329 3050 1397 ἡ
3072 1325 3216 1390 λέξις
3237 1324 3427 1387 οὕτως’
3530 1329 3532 1331 ’

147 1423 418 1491 Ὠρκισα
451 1421 637 1492 ὑμᾶς,
674 1422 994 1492 θυγατέρες
1031 1421 1421 1492 Ἰερουσαλὴμ
1449 1463 1464 1488 ,
1515 1423 1585 1476 ὲν
1616 1421 1746 1488 ταῖς
1783 1420 2077 1488 δυνάμεσι
2145 1420 2243 1474 καὶ
2313 1421 2602 1488 ίσχύσεσι
2653 1420 2762 1476 τοῦ
2811 1418 3029 1490 ἀγροῦ’
3082 1418 3191 1472 ἐὰν
3219 1417 3433 1486 εὕρητε

148 1514 270 1568 τὸν
297 1514 647 1584 ἁδελφιδόν-
667 1532 786 1584 μου
813 1553 828 1580 ,
884 1516 944 1569 τί
974 1515 1364 1586 ἁπαγγελεῒτε
1413 1515 1610 1582 αὐτῷ;
1657 1515 1748 1570 ὅτι
1785 1515 2117 1585 τετρωμένη
2146 1513 2388 1584 ἀγάπης
2415 1515 2548 1583 ἐγώ.

228 1607 422 1661 Ταῦτα
459 1607 516 1661 δὲ
543 1607 874 1680 τεθεώρηται
908 1610 1006 1682 μὲν
1035 1611 1136 1683 ἤδη
1165 1613 1262 1665 καὶ
1288 1611 1347 1664 ὲν
1378 1613 1490 1676 τοῖς
1533 1611 1746 1681 φθάσα·

153 1719 246 1755 σιν
272 1740 288 1764 ,
320 1701 395 1764 ὡς
424 1702 457 1772 ἡ
488 1701 781 1755 ἀκολουθία
819 1701 928 1754 τῶν
957 1703 1242 1773 νοημάτων
1281 1700 1550 1758 ἐνέϐαλεν,
1582 1703 1750 1774 Εἰρή-

1927 1610 2105 1681 Atque
2127 1609 2243 1664 haec
2271 1610 2618 1665 considerata
2649 1614 2778 1664 sunt
2811 1621 2839 1662 a
2865 1607 3026 1662 nobis
3057 1606 3223 1661 etiam
3265 1620 3431 1675 supe-

1857 1700 1996 1763 rius,
2035 1707 2198 1770 prout
2244 1699 2644 1754 sententiarum
2683 1698 2855 1752 series
2890 1696 3049 1750 nobis
3083 1693 3427 1765 suggerebat.

153 1809 318 1845 σεται
347 1792 403 1846 δὲ
430 1793 522 1846 καὶ
550 1791 645 1847 νῦν
672 1793 758 1847 διὰ
787 1793 1033 1864 βραχέων
1059 1793 1129 1846 τά
1157 1794 1540 1866 εὑρισκόμενα.
1585 1795 1747 1863 Ἀμε-

1854 1792 2224 1846 Nihilominus
2251 1793 2416 1846 etiam
2463 1791 2626 1844 modo
2651 1832 2665 1856 ,
2705 1788 2853 1860 quod
2905 1787 3255 1850 invenimus,
3289 1786 3432 1840 indi-

150 1881 388 1936 τάθετόν
412 1899 467 1934 τι
503 1885 735 1954 πρᾶγμα
763 1883 854 1936 τὸν
877 1885 1042 1954 ὅρκον
1066 1880 1204 1937 εἷναί
1240 1901 1405 1954 φησιν
1430 1884 1455 1934 ὁ
1491 1884 1750 1938 Ἀπόστο-

149 1972 248 2037 λος
269 2015 285 2040 ,
334 1972 655 2044 βεϐαιοῦντα
690 1974 754 2028 δι’
785 1973 950 2044 αύτοῦ
1001 1973 1099 2044 τὴν
1128 1975 1416 2046 ἀλήθειαν,
1446 1975 1542 2028 καὶ
1567 1975 1748 2045 πάσης

151 2065 326 2118 αὑτὸν
364 2065 672 2135 ἀντιλογίας
709 2065 882 2136 πέρας
911 2066 1148 2138 ὁρίζεται
1193 2067 1370 2133 εἶναι,
1395 2071 1477 2130 είς
1515 2069 1614 2138 τὴν
1639 2067 1748 2121 τῶν

148 2159 525 2230 ἐγνωσμένων
549 2158 858 2230 βεϐαίωσιν.
895 2160 1119 2229 Ἐπάγει
1160 2161 1340 2216 τοίνυν
1367 2161 1458 2216 τὸν
1485 2162 1748 2235 ὀρκισμὺν

150 2251 281 2313 ταῖς
316 2249 604 2321 παρθένοις
630 2253 662 2320 ἡ
691 2250 751 2303 νύ
762 2268 898 2321 μφη,
927 2251 1068 2304 ὥστε
1093 2253 1448 2325 ἀπαράϐατον
1477 2252 1749 2322 φυλαχθῆ-

151 2358 246 2394 ναι
306 2341 492 2406 αὑταῖς
539 2343 600 2396 τὸ
647 2343 960 2413 λεγόμενον.
1019 2343 1157 2396 Ἀλλ’
1196 2344 1384 2414 ἐπειδὴ
1437 2345 1542 2407 πᾶς
1587 2345 1748 2414 ὅρκος

151 2432 307 2487 κατὰ
337 2432 432 2486 τοῦ
470 2433 712 2502 μείζονος
738 2435 980 2503 γίνεται,
1014 2435 1195 2500 καθώς
1227 2453 1392 2507 φησιν
1415 2437 1446 2490 ὁ
1488 2435 1749 2489 Ἀπόστο-

151 2525 246 2588 λος
275 2541 291 2553 ·
327 2525 388 2577 οὐ
416 2523 524 2596 γὰρ
548 2525 612 2580 άν
643 2543 727 2590 τις
759 2527 921 2598 ὅρκον
961 2529 1244 2598 ποιήσαιτο
1274 2528 1470 2582 ἑαυτοῦ
1495 2529 1751 2600 ἀτιμότε-

154 2632 250 2684 ρον
277 2632 296 2645 ο
329 2617 596 2687 σκοπῆσαι
632 2621 897 2689 προσήκει
923 2619 974 2672 τί
1013 2622 1128 2684 ταῖς
1151 2621 1388 2675 νεάνισιν
1421 2621 1480 2674 έν
1504 2622 1582 2694 τῷ
1602 2623 1750 2692 ὅρκῳ

152 2703 316 2774 παρᾶ
376 2705 473 2775 τῆς
527 2704 742 2776 νύμφης
817 2707 1000 2778 μεῖζον
1065 2709 1423 2780 προτείνεται.
1494 2711 1746 2778 Ὠρκισα

151 2796 348 2866 ὑμᾶς,
379 2798 542 2868 φησὶν
567 2838 580 2861 ,
613 2793 660 2852 ὦ
697 2798 1016 2868 θυγατέρες
1054 2800 1443 2871 Ἰερουσαλὴμ
1467 2841 1482 2866 ,
1513 2801 1584 2854 ἐν
1620 2802 1750 2869 ταῖς

150 2885 460 2955 δυνάμεσι
491 2889 588 2941 καὶ
616 2890 899 2958 ἰσχύσεσι
930 2891 1034 2945 τοῦ
1064 2892 1268 2960 ἀγροῦ.
1307 2892 1372 2945 Τί
1397 2885 1493 2946 οὖν
1517 2892 1580 2945 τὸ
1609 2893 1749 2964 ὑπὲρ

152 2979 313 3048 ἡμᾶς
355 2980 413 3032 έν
442 2979 648 3044 τούτοις
673 2981 851 3048 tactv;
901 2983 1095 3053 Ἀγρὸν
1143 2982 1251 3054 γὰρ
1284 2983 1374 3036 τὸν
1427 2986 1630 3054 κόσμον
1662 2985 1750 3038 διὰ

153 3068 256 3138 τῆς
281 3070 554 3140 τροπικῆς
583 3071 859 3140 σημασίας
893 3073 1126 3126 νοεῖσθαι
1153 3115 1167 3140 ,
1195 3074 1293 3127 οὐκ
1313 3074 1746 3147 ἀμφιϐάλλομεν,

1851 1898 1980 1938 care
2013 1883 2252 1938 breviter
2273 1882 2424 1937 libet.
2457 1882 2546 1935 Ait
2574 1882 2870 1952 Apostolus
2899 1877 3290 1950 jusjurandum
3307 1891 3431 1933 esse

1849 1976 2110 2046 quiddam
2165 1973 2313 2044 quod
2359 1973 2555 2027 mutari
2611 1981 2880 2042 nequeat,
2915 1970 3179 2041 quodque
3217 1983 3316 2038 per
3371 1983 3432 2022 se

1853 2066 2133 2122 veritatem
2163 2065 2494 2130 conﬁrmet,
2539 2073 2592 2118 et
2626 2063 2809 2118 omnis
2851 2061 2985 2117 adeo
3031 2059 3430 2116 controversiae

1852 2159 1974 2214 linis
1993 2157 2084 2219 sit,
2113 2157 2178 2212 ad
2203 2156 2637 2238 conﬁrmandum
2662 2171 2723 2210 ea
2768 2170 2890 2224 qua:
2906 2153 3330 2225 cognoverimus
3353 2153 3422 2202 ⁸⁶.

1850 2249 2220 2316 Quamobrem
2264 2261 2465 2318 sponsa
2516 2245 2906 2316 jusjurandum
2963 2244 3271 2316 virginibus
3325 2241 3422 2297 de-

1852 2340 1976 2405 fert,
2011 2347 2069 2394 ut
2096 2338 2362 2410 quidquid
2383 2339 2612 2393 dictura:
2634 2339 2765 2401 sint,
2791 2344 2969 2392 ratum
3002 2337 3158 2406 plene
3180 2343 3421 2390 servent.

1851 2432 1988 2499 Quia
2037 2445 2165 2486 vero
2225 2429 2591 2499 juramentum
2645 2443 2806 2483 omne
2851 2442 2948 2497 per
2997 2425 3172 2494 majus
3225 2422 3432 2492 aliquid

1850 2523 2196 2594 concipitur,
2227 2520 2686 2592 quemadmodum
2739 2522 2815 2574 ait
2850 2519 3148 2590 Apostolus
3181 2558 3196 2582 ,
3229 2517 3433 2586 quippe

1850 2616 1998 2688 quod
2058 2630 2220 2670 nemo
2270 2629 2366 2685 per
2412 2613 2465 2668 id
2507 2614 2650 2684 quod
2693 2629 2751 2669 se
2799 2612 2962 2667 vilius
3009 2611 3081 2666 sit
3137 2609 3422 2679 jusjuram

1849 2706 1979 2761 dum
2041 2711 2291 2775 praestet:
2345 2702 2550 2756 idcirco
2597 2702 2756 2756 nobis
2807 2701 2913 2756 erit
2973 2698 3430 2754 considerandum

1849 2796 2110 2868 quidnam
2162 2795 2233 2850 sit
2276 2793 2409 2849 illud
2486 2793 2662 2862 majus
2715 2808 2812 2863 per
2851 2791 2996 2862 quod
3046 2789 3358 2860 juvenculis
3403 2804 3432 2841 a

1852 2905 2053 2960 sponsa
2085 2889 2455 2959 juramentum
2495 2885 2760 2940 defertur.
2798 2881 3190 2951 Jurejurando,
3221 2880 3427 2949 inquit,

1849 2983 2085 3036 astrinxi
2137 2998 2224 3035 vos
2253 3019 2269 3044 ,
2309 2979 2441 3049 ﬁlia:
2491 2977 2832 3040 Jerusalem,
2875 2978 2930 3028 in
2963 2974 3317 3042 potestatibus
3363 2990 3426 3028 ac

1854 3073 2058 3129 viribus
2103 3073 2238 3144 agri.
2277 3069 2418 3137 Quid
2471 3071 2526 3124 in
2560 3070 2647 3124 his
2688 3069 3026 3132 continetur,
3079 3065 3225 3135 quod
3266 3080 3431 3135 supra

157 3156 302 3212 οὕτω
357 3157 452 3213 τοῦ
502 3161 708 3232 Κυρίου
744 3163 838 3216 καὶ
873 3165 1238 3235 ὀνομάσαντος
1260 3161 1262 3164 ’
1286 3142 1379 3220 τὸν
1409 3142 1747 3238 κόσμον-καλ

1855 3181 1958 3221 nos
1995 3142 2236 3236 positum
2285 3162 2394 3216 sit?
2442 3159 2576 3214 Nam
2637 3175 2734 3230 per
2785 3173 2977 3228 agrum
3035 3155 3437 3226 signiﬁcatione

158 3247 620 3319 ἑρμηνεύσαντος.
654 3251 720 3302 Αἱ
755 3250 933 3306 τοίνυν
951 3251 1143 3304 πολλαὶ
1162 3252 1420 3323 δυνάμεις
1443 3253 1537 3307 καὶ
1569 3253 1752 3324 ἰσχύες

158 3335 252 3390 τοῦ
283 3335 498 3405 κόσμου
521 3337 668 3400 τίνες
705 3339 842 3392 είσὶν
881 3341 934 3392 αἱ
963 3339 1040 3410 τῷ
1083 3341 1234 3412 ὅρκῳ
1265 3341 1620 3412 προκείμεναι
1639 3384 1655 3409 ,
1684 3343 1752 3408 ἀς

159 3429 264 3500 χρὴ
303 3428 559 3499 μείζονας
584 3429 741 3500 ἡμῶν
770 3429 1110 3501 νομισθῆναι,
1143 3432 1230 3484 ἵνα
1264 3433 1420 3502 ἰσχὺν
1446 3431 1583 3504 λάϐῃ
1613 3433 1751 3504 πρὸς

161 3516 456 3586 βεϐαίωσιν
497 3522 597 3592 τῆς
634 3519 893 3590 ἀληθείας
920 3521 948 3573 ό
989 3521 1149 3590 ὅρκος
1173 3523 1315 3575 κατά
1345 3521 1455 3578 τῶν
1490 3523 1752 3595 μειζόνων

160 3609 488 3681 γενόμενοςς
531 3611 740 3664 Οὐκοῦν
799 3611 1094 3680 ἀναγκαῖον
1151 3613 1216 3666 ἂν
1269 3615 1354 3684 εἴη
1410 3613 1750 3687 παραθέσθαι

160 3701 298 3771 πρὸς
322 3701 424 3770 τὴν
453 3703 752 3772 σαφήνειαν
783 3702 889 3756 τῶν
915 3703 1292 3775 προκειμένων
1322 3704 1513 3776 ἑτέραν
1539 3704 1750 3760 ἔκδοσιν

159 3793 566 3866 ἑρμηνευτικὴν
597 3796 706 3848 τῶν
736 3795 913 3867 ῥητῶν
939 3835 953 3857 ,
990 3795 1219 3866 ἔχουσαν
1260 3796 1430 3860 οὕτως
1451 3814 1465 3828 ο
1500 3797 1750 3867 Ὥρκισα

161 3885 668 3957 ὐμᾶς,θυγατέρες
693 3888 1107 3958 Ἰερουσαλὴμ,
1138 3889 1288 3943 κατὰ
1313 3890 1750 3960 τῶνδορκάδων

159 3979 258 4034 καὶ
275 3978 428 4032 κατὰ
440 3977 558 4033 τῶν
579 3979 823 4049 ἐλάφων
838 3979 944 4034 τοῦ
960 3981 1166 4050 ἀγροῦ.
1185 3983 1557 4053 Διδασκὸμεθα
1571 3984 1750 4039 τοίνυν

157 4070 247 4125 διὰ
281 4071 392 4126 τῶν
421 4072 700 4142 ὀνομάτων
727 4074 931 4128 τούτων
956 4077 1012 4128 ὲν
1037 4075 1142 4128 τίνι
1177 4077 1324 4130 ἐστὶν
1352 4079 1384 4147 ή
1419 4077 1512 4130 τοῦ
1543 4079 1748 4149 κόσμου

159 4163 354 4218 τούτου
384 4161 569 4235 ίσχὺς,
593 4165 687 4219 καὶ
708 4167 765 4219 ἐν
795 4167 900 4220 τίνι
928 4170 960 4238 ἡ
998 4167 1254 4239 δύναμις,
1283 4167 1320 4222 ἃ
1347 4169 1484 4240 πρὸς
1523 4169 1750 4240 βεϐαίω-

161 4271 246 4309 σιν
272 4258 376 4328 τῆς
403 4256 660 4327 ἀληθείας
685 4257 770 4312 διὰ
795 4259 890 4312 τοῦ
917 4261 1080 4331 ὅρκου
1113 4261 1620 4333 παραλαμϐάνεται.
1645 4263 1750 4318 Δύο

161 4343 278 4397 ἐστὶ
309 4346 381 4424 τὰ
418 4346 497 4416 τῷ
524 4345 642 4417 Θεῷ
669 4347 969 4401 οίκειοῦντα
999 4349 1090 4402 τὸν
1119 4350 1426 4421 ἄνθρωπον.
1475 4353 1571 4405 Ἐν
1626 4353 1746 4424 μὲν,

160 4435 220 4488 τὸ
250 4415 492 4501 ἀπ’λανὲς
522 4415 623 4509 τῆς
652 4439 780 4510 περὶ
807 4440 869 4492 τὸ
898 4439 1066 4503 ὅντως
1107 4440 1170 4494 ὅν
1211 4415 1533 4513 ύπολήψεως
1557 4485 1570 4508 ,
1603 4415 1745 4499 ῶστε

162 4524 239 4593 μὴ
291 4529 414 4589 ταῖς
447 4527 828 4599 ὴπατημέναις
863 4529 1136 4592 ὑπονοίαις
1182 4532 1262 4593 είς
1295 4531 1512 4596 ἐθνικάς
1542 4551 1602 4586 τε
1649 4536 1745 4588 καὶ

159 4616 446 4686 αἱρετικάς
491 4620 618 4691 περὶ
663 4619 757 4673 τοῦ
797 4621 954 4676 Θείου
1011 4621 1166 4686 δόξας
1209 4623 1534 4694 ἐκφέρεσθαι
1562 4667 1574 4688 ,
1608 4627 1745 4698 ὅπερ

162 4705 310 4760 ἐστὶν
335 4707 411 4772 ὡς
434 4707 651 4779 ἀληθῶς
673 4708 733 4762 τὸ
762 4711 892 4764 Ναί.
925 4711 996 4762 Τὸ
1027 4711 1070 4764 δ’
1093 4712 1300 4784 ἕτερον,
1336 4717 1364 4768 ὁ
1398 4715 1635 4787 καθαρὸς
1659 4717 1746 4770 λο·

163 4799 394 4868 γισμδς,
426 4802 454 4853 ὁ
481 4802 661 4853 πᾶσαν
689 4800 912 4870 ἐμπαθῆ
943 4801 1182 4856 διάθεσιν
1219 4804 1320 4872 τῆς
1365 4805 1541 4876 ψυχῆς
1571 4807 1745 4878 ἐξορί-

165 4881 275 4944 ζων
293 4902 309 4918 ’
336 4886 471 4958 ὅπερ
499 4887 607 4940 οὐδ’
631 4887 738 4940 ἀπὸ
766 4889 860 4940 τοῦ
891 4888 1003 4943 Ναὶ
1029 4889 1402 4959 ἠλλοτρίωται.
1427 4895 1536 4964 Τῆς
1567 4896 1744 4950 τοίνυν

161 4969 353 5046 διπλῆς
373 4977 575 5047 ταύτης
601 4977 708 5030 τῶν
737 4977 956 5046 ἀγαθῶν
987 4979 1152 5044 ἕξεως
1176 5020 1190 5044 ,
1221 4975 1295 5032 ὧν
1322 4983 1354 5052 ἡ
1385 4982 1484 5051 μὲν
1519 4985 1653 5055 πρὸς
1681 4985 1744 5038 τὸ

161 5061 332 5130 ὅντως
356 5067 414 5120 ὅν
442 5068 766 5122 ἀναϐλέπειν
797 5072 976 5122 ποιεῖ’
1016 5071 1049 5140 ἡ
1075 5069 1131 5123 δὲ
1157 5071 1445 5140 φυγαδεύει
1483 5074 1554 5128 τὰ
1591 5077 1738 5149 πάθη

163 5152 233 5208 τὰ
256 5155 353 5229 τὴν
381 5158 556 5229 ψυχὴν
583 5159 955 5231 λυμαινόμενα
973 5178 987 5193 ο
1017 5163 1049 5232 ἡ
1082 5161 1190 5216 τῶν
1213 5162 1488 5234 δορκάδων
1518 5167 1610 5220 καὶ
1634 5168 1742 5222 τῶν

163 5242 376 5315 ἐλάφων
411 5250 598 5320 μνήμη
626 5291 640 5313 ,
681 5249 772 5303 διὰ
807 5250 1089 5320 συμϐόλων
1132 5253 1386 5322 γνωρίζει
1434 5254 1532 5326 τὴν
1581 5256 1742 5310 δύνα-

164 5348 278 5403 μιν.
304 5337 520 5392 Τούτων
553 5339 662 5411 γὰρ
686 5342 718 5410 ὴ
759 5341 856 5412 μὲν
888 5341 1140 5404 ἀπλανῶς
1169 5344 1288 5413 ὁρᾷ,
1324 5345 1356 5415 ἡ
1383 5343 1440 5398 δὲ
1465 5345 1741 5420 βρωτικήν

161 5439 284 5480 τινα
304 5431 398 5485 καὶ
427 5432 765 5505 ἀναλωτικὴν
793 5433 900 5487 τῶν
933 5433 1136 5506 θηρίων
1159 5435 1388 5507 δύναμιν
1415 5437 1548 5508 ἔχει.
1572 5439 1742 5494 Τοῦτο

163 5521 340 5574 τοίνυν
372 5523 644 5592 προτείνει
669 5527 788 5588 ταῖς
821 5524 1114 5596 παρθένοις
1141 5528 1173 5596 ή
1209 5526 1394 5598 νύμφη
1424 5529 1485 5582 τὸ
1513 5531 1620 5584 Ναὶ
1639 5571 1654 5595 ,
1680 5530 1741 5585 τό

165 5617 223 5656 τι
253 5607 488 5678 εὐσεϐῶς
512 5614 620 5670 δεῖν
643 5617 779 5686 πρὸς
801 5616 861 5670 τὸ
885 5617 1038 5670 Θεῖον
1075 5617 1318 5689 βλέπειν,
1351 5621 1448 5676 καὶ
1483 5622 1740 5694 καθαρῶς

271 5785 316 5820 ⁸⁸
354 5789 514 5850 Ilebr.
544 5811 618 5859 vr,
652 5795 733 5854 ιϐ.
808 5796 850 5826 ⁸⁷
875 5795 1070 5849 Matth.
1109 5811 1226 5861 stu,
1261 5797 1349 5851 38.

1855 3257 2082 3328 ﬁgurata
2108 3254 2371 3310 mundum
2397 3251 2625 3322 intelligi
2662 3267 2769 3305 non
2803 3251 3142 3313 dubitamus,
3176 3263 3300 3302 cum
3335 3246 3437 3300 hac

1857 3364 1995 3404 voce
2047 3347 2308 3401 Dominus
2361 3353 2415 3400 et
2467 3343 2702 3413 appellet
2731 3351 2786 3398 et
2823 3343 3221 3412 interpretetur
3272 3355 3433 3393 mun-

1853 3443 1984 3499 dum
2015 3443 2084 3495 ⁸⁷.
2120 3441 2380 3507 Quaenam
2424 3449 2553 3495 sunt
2604 3438 2771 3508 igitur
2820 3438 3004 3491 multae
3052 3444 3350 3505 potestates
3384 3448 3438 3492 ct

1853 3536 2002 3591 vires
2031 3532 2219 3587 mundi
2247 3532 2562 3602 juramento
2589 3529 2720 3582 huic
2746 3529 3028 3592 adhibitae,
3063 3543 3204 3598 quas
3239 3529 3433 3584 existi-

1853 3638 2002 3677 mare
2041 3621 2338 3676 debeamus
2366 3619 2526 3674 nobis
2558 3617 2802 3685 majores
2840 3632 2994 3682 esse,
3033 3625 3092 3670 ut
3145 3618 3435 3687 jusjuran-

1851 3714 1979 3768 dum
2008 3727 2104 3783 per
2131 3712 2370 3782 majores
2415 3725 2579 3781 quam
2614 3693 2726 3764 nos
2765 3709 2940 3766 simus
2992 3717 3318 3778 conceptum
3367 3711 3432 3763 ad

1853 3802 2286 3859 conﬁrmandam
2326 3802 2616 3858 veritatem
2652 3799 2823 3854 robur
2852 3801 3130 3870 accipiat?
3160 3799 3431 3868 Equidem

1851 3889 2230 3945 necessarium
2291 3888 2528 3944 arbitror
2589 3893 2648 3942 ut
2703 3887 2772 3942 ad
2832 3888 3265 3944 declarationem
3328 3890 3432 3945 loci

1850 3981 2122 4052 propositi
2160 3982 2323 4035 aliam
2362 3980 2783 4037 conversionem
2813 3980 2927 4037 haec
2959 3981 3123 4036 verba
3163 3981 3430 4051 interpre-

1852 4081 2057 4128 tantem
2106 4087 2466 4143 apponamus,
2509 4087 2631 4142 quae
2667 4070 2889 4142 quidem
2937 4080 3022 4128 est
3061 4073 3377 4144 huiusmodi
3412 4092 3424 4128 :

1849 4163 2214 4234 Jurejurando
2250 4164 2482 4219 astrinxi
2520 4181 2641 4229 vos,
2673 4163 2804 4232 ﬁlia:
2831 4162 3134 4219 Jerusalem
3161 4205 3175 4230 ,
3217 4181 3311 4235 per
3341 4182 3430 4220 ca-

1850 4273 2002 4327 preas
2043 4266 2092 4311 et
2121 4273 2212 4327 per
2241 4257 2487 4312 hinnulos
2507 4258 2644 4328 agri.
2684 4255 2785 4312 Per
2808 4273 2930 4328 quae
2965 4258 3229 4313 vocabula
3265 4259 3431 4312 doce-

1852 4364 1978 4404 mur
2018 4349 2073 4403 in
2123 4365 2232 4420 quo
2267 4358 2383 4404 tum
2423 4351 2594 4405 robur
2622 4349 2812 4404 mundi
2849 4349 3036 4419 hujus,
3067 4360 3177 4405 tum
3204 4350 3286 4405 vis
3324 4351 3429 4406 sita

1853 4442 1929 4497 sit
1980 4460 1992 4495 :
2042 4456 2165 4511 quae
2203 4442 2424 4510 quidem
2462 4441 2530 4495 ad
2573 4441 3047 4496 conﬁrmationem
3087 4442 3335 4498 veritatis
3372 4442 3428 4495 in

1846 4534 2162 4604 juramento
2194 4531 2545 4589 adhibentur.
2577 4531 2708 4587 Duae
2739 4541 2868 4587 sunt
2897 4532 3124 4587 omnino
3177 4547 3266 4588 res
3306 4549 3429 4602 quae

1853 4627 2129 4682 hominem
2163 4640 2288 4681 cum
2318 4624 2428 4681 Deo
2465 4625 2830 4696 conjungunt.
2877 4623 3079 4680 Earum
3113 4625 3282 4679 altera
3321 4634 3425 4690 est,

1850 4713 2042 4784 opinio
2075 4728 2188 4768 non
2217 4727 2409 4768 errans
2455 4713 2515 4768 in
2542 4728 2608 4768 eo
2642 4713 2792 4783 quod
2843 4728 3032 4769 revera
3067 4713 3321 4780 exsistit,
3355 4715 3426 4768 ita

1851 4809 1913 4855 ut
1945 4816 2041 4870 per
2082 4801 2452 4871 cogitationes
2492 4815 2758 4857 erroneas
2804 4803 2940 4874 quis
2969 4803 3040 4857 ad
3085 4803 3336 4859 ethnicas
3375 4811 3430 4859 et

1851 4889 2137 4948 hazreticas
2172 4892 2240 4948 de
2281 4892 2374 4947 Dei
2408 4899 2609 4948 natura
2644 4895 2950 4950 sententias
2977 4910 3088 4948 non
3121 4894 3422 4950 exorbitet.

1850 4983 2030 5054 Atque
2063 4984 2170 5040 hoc
2198 5000 2392 5040 revera
2419 4994 2508 5040 est
2532 4985 2664 5040 illud
2690 4984 2894 5040 Etiam.
2925 4987 3109 5042 Altera
3141 4992 3227 5042 est
3259 4987 3430 5042 ratio-

1849 5075 2060 5130 cinatio
2087 5091 2221 5145 pura
2243 5119 2264 5143 ,
2296 5092 2418 5146 quae
2445 5091 2662 5131 omnem
2696 5077 2950 5133 vitiosam
2984 5075 3150 5132 animi
3183 5075 3426 5131 aﬁ'ectio-

1850 5182 1975 5223 nem
2014 5168 2161 5223 velut
2205 5168 2448 5223 eliminat
2485 5186 2496 5222 :
2533 5167 2679 5238 quod
2717 5167 2895 5238 ipsum
2933 5181 3152 5239 quoque
3203 5167 3272 5222 ab
3324 5166 3428 5222 hoc

1851 5256 2038 5313 Etiam
2083 5272 2194 5313 non
2245 5267 2330 5313 est
2375 5270 2711 5328 separatum.
2751 5258 2944 5330 Itaque
2975 5256 3216 5328 duplicis
3258 5256 3426 5325 hujus

1852 5349 2122 5405 bonorum
2172 5350 2392 5406 habitus
2445 5360 2717 5420 (quorum
2747 5351 2888 5404 alter
2922 5347 3054 5402 facit
3091 5354 3148 5402 ut
3180 5347 3236 5401 id
3275 5350 3423 5418 quod

1849 5456 1979 5497 vere
2005 5442 2220 5499 exsistit
2249 5441 2585 5508 intueamur,
2626 5442 2764 5496 alter
2810 5441 2979 5511 abigit
3009 5438 3175 5494 animi
3203 5439 3424 5495 morbos

1849 5542 1906 5590 et
1935 5535 2085 5602 vitia,
2126 5535 2327 5606 quibus
2356 5535 2447 5591 ille
2483 5532 2889 5604 corrumpitur)
2922 5532 3030 5586 vim
3064 5530 3222 5587 nobis
3264 5529 3422 5600 quasi

1847 5641 1946 5698 per
1966 5625 2214 5698 quadam
2229 5627 2384 5700 signa
2396 5639 2719 5697 caprearum
2750 5633 2804 5681 et
2836 5621 3190 5684 binnulorum
3215 5620 3421 5682 mentio
