3866 6374
462 375 592 432 ιοιπ

1701 366 1762 422 S.
1787 365 2118 424 GREGORII
2158 365 2453 425 NYSSENI

3628 365 3750 422 {0H

458 490 726 546 ἀέριοι-οι.
757 482 895 542 Nam
933 501 1001 541 ex
1027 481 1115 540 his
1147 483 1321 539 altera
1356 483 1478 541 sine
1511 499 1700 542 errore
1728 485 1930 549 cernit,
1963 484 2038 539 al-

2161 501 2199 537 ιν
2217 483 2458 554 ἀπαθείᾳ
2477 480 2843 554 παρατρέχειν
2865 478 2956 535 τδν
2982 479 3097 552 βίον
3118 473 3232 536 ’ὧν
3256 478 3749 553 κατορθουμένων,

458 591 544 636 tet‘
570 581 678 636 vim
706 579 1030 635 comedendi
1059 584 1116 633 et
1146 577 1476 633 absumendi
1508 583 1807 633 venenatas
1830 576 2038 633 bestias

456 671 639 725 habet.
676 668 791 723 Hoc
832 668 997 739 igitur
1038 667 1224 722 Etiam
1267 682 1472 738 sponsa
1503 667 1808 738 virginibus
1842 682 2039 738 propo-

456 760 559 824 nit,
592 759 854 813 nimirum
894 757 1150 829 religiose
1175 757 1388 813 Numen
1419 757 1670 813 divinum
1711 754 2038 812 intuendum

465 862 626 914 esse,
660 861 726 902 ac
768 862 904 919 pure
935 847 1105 902 vitam
1144 848 1290 902 hanc
1325 848 1446 904 sine
1480 848 1633 904 vitiis
1659 848 1820 919 quasi
1857 855 2041 904 trans-

456 940 786 997 currendam
820 959 833 995 :
870 956 994 1012 qua:
1014 940 1060 996 si
1090 948 1443 1012 prmstentur,
1477 941 1758 998 stabilitur
1792 941 1846 996 in
1878 939 2041 995 nobis

462 1036 595 1091 illud
629 1036 810 1091 Etiam
832 1075 849 1099 ,
884 1037 1031 1108 quod
1066 1037 1269 1092 mutari
1314 1038 1525 1107 nequit.
1564 1035 1701 1092 Nam
1741 1045 1826 1092 est
1852 1035 2041 1107 jusju-

460 1128 690 1184 randum
720 1128 879 1196 illud,
911 1129 1061 1200 quod
1080 1130 1300 1185 veritati
1340 1129 1498 1186 iidem
1528 1130 1750 1195 astruit,
1783 1138 1839 1186 et
1869 1128 2039 1200 quod,

457 1223 502 1275 si
538 1222 666 1293 quis
695 1222 751 1278 in
774 1237 841 1278 eo
875 1230 1121 1292 praestet,
1151 1221 1430 1287 laudatur,
1469 1223 1932 1294 quemadmodum
1963 1223 2042 1277 ait

458 1310 749 1386 Propheta.
775 1310 920 1369 Vere
944 1314 1093 1369 enim
1133 1312 1183 1371 is
1220 1315 1317 1385 qui
1362 1315 1417 1369 in
1446 1315 1663 1372 duobus
1694 1315 1846 1371 hisce
1873 1315 2045 1370 certi-

458 1402 705 1457 tudinem
735 1405 841 1459 sibi
870 1414 1178 1477 comparat,
1209 1408 1468 1462 nimirum
1512 1408 1569 1462 in
1598 1409 1767 1466 verbo
1798 1406 1943 1471 ﬁdei,
1986 1415 2044 1462 ut

459 1495 581 1551 sine
601 1511 791 1553 errore
809 1498 1092 1553 veritatem
1119 1500 1375 1570 aspiciat,
1396 1510 1450 1555 et
1474 1501 1529 1555 in
1557 1501 1773 1557 ratione
1799 1501 2045 1566 vivendi,

460 1589 508 1642 si
553 1590 623 1645 ab
653 1590 805 1644 omni
852 1592 1143 1658 pravitatis
1190 1593 1573 1664 inquinatione
1636 1608 1811 1664 purus
1856 1594 1950 1657 sit,
1997 1609 2047 1648 IS

459 1682 628 1751 igitur
659 1698 784 1740 vere
812 1684 963 1754 jurat
991 1685 1219 1741 Domino
1239 1686 1316 1753 ⁸⁵,
1362 1703 1473 1743 non
1501 1703 1563 1743 se
1595 1702 1958 1744 escensurum
1990 1688 2045 1742 in

464 1777 730 1835 lectulum
762 1779 869 1833 sibi
907 1786 1141 1834 stratum
1164 1821 1181 1845 ,
1211 1795 1391 1850 neque
1421 1768 1677 1834 somnum
1706 1778 1885 1834 oculis
1925 1779 2044 1834 suis

2140 576 2204 630 τὸ
2228 575 2564 648 ἀμετάθετον
2595 575 2829 645 πρᾶγμα
2858 576 2918 628 ἐν
2960 575 3091 645 ἡμῖν
3123 571 3453 644 βεϐαιοῦται
3522 572 3593 626 τὸ
3622 573 3746 628 Ναί.

2143 662 2313 731 Οὗτος
2339 666 2449 737 γάρ
2478 666 2627 719 ἐστιν
2657 665 2688 718 ὁ
2732 665 2831 736 τὴν
2863 663 3120 736 ἀλήθειαν
3143 663 3535 734 πιστούμενος
3565 664 3745 735 ὅρκος,

2141 754 2202 811 ὃν
2227 757 2338 820 πᾶς
2366 755 2583 828 ὀμνύων
2611 757 2671 809 ὲν
2698 754 2851 826 αὐτῷ
2893 756 3197 809 ἐπαινεῖται
3220 795 3237 822 ,
3272 754 3470 819 καθὼς
3514 771 3691 824 φησιν
3724 757 3751 808 ὁ

2144 850 2461 922 Προφήτης.
2503 849 2742 921 Ἀληθῶς
2772 848 2882 921 γάρ
2935 849 2966 902 δ
3011 850 3069 904 ὲν
3109 850 3223 912 τοῖς
3267 848 3391 917 δύο,
3419 847 3646 913 τούτοις
3695 850 3751 902 τὸ

2144 942 2390 1011 ἀσφαλὲς
2426 943 2486 996 ὲν
2518 940 2698 1013 ἑαυτῷ
2737 939 3089 1012 κατορθώσας
3110 979 3127 1003 ,
3168 939 3226 993 ἐν
3252 957 3315 993 τε
3334 938 3421 1010 τῷ
3458 940 3623 1010 λόγῳ
3656 940 3750 1009 τῇ

2146 1034 2383 1099 πίστεως
2404 1074 2422 1101 ,
2449 1035 2579 1090 ὅταν
2620 1033 2877 1097 ἀπλανῶς
2920 1034 3060 1104 πρὸς
3098 1032 3197 1105 τὴν
3235 1032 3508 1104 ἀλήθειαν
3552 1033 3750 1106 βλέπῃ,

2146 1127 2243 1182 καί
2272 1127 2332 1179 ὲν
2354 1124 2435 1197 τῷ
2462 1125 2651 1198 τρόπῳ
2687 1125 2781 1195 τῆς
2814 1123 2961 1196 ζωῆς
2987 1163 3003 1188 ,
3030 1124 3160 1177 ὅταν
3197 1124 3406 1186 παντὸς

2146 1219 2240 1275 τοῦ
2270 1220 2337 1272 ὲκ
2362 1217 2628 1290 πονηρίας
2660 1217 3038 1289 μολύσματος·
3085 1210 3242 1278 οὗτος
3271 1214 3471 1287 ὀμνύει
3508 1215 3601 1288 τῷ
3638 1217 3749 1269 Ku-

2151 1315 2274 1388 ρίῳ,
2303 1313 2379 1386 μὴ
2410 1312 2679 1383 ἀναϐῆναι
2711 1311 2805 1365 ἐπὶ
2844 1310 3033 1380 κλίνης
3064 1310 3351 1383 στρωμνῆς
3376 1348 3396 1374 ,
3445 1309 3531 1382 μὴ
3562 1311 3749 1364 δοῦναι

2151 1407 2320 1462 ὕπνον
2365 1408 2478 1470 τοῖς
2511 1404 2810 1475 ὀφθαλμοῖς
2863 1402 3058 1467 αὑτοῦ,
3103 1402 3239 1473 μηδὲ
3286 1403 3617 1473 νυσταγμδν
3641 1406 3751 1465 τοῖς

2153 1500 2476 1572 βλεφάροις,
2510 1496 2617 1561 ἕως
2653 1490 2715 1551 οὗ
2742 1496 2878 1567 εὕρῃ
2918 1495 2977 1547 ὲν
2998 1493 3183 1565 ἑαυτῷ
3206 1494 3368 1547 τόπον
3409 1494 3492 1565 τῷ
3531 1496 3747 1567 Κυρίῳ,

2153 1593 2422 1663 σκήνωμα
2455 1588 2531 1660 τῷ
2559 1590 2618 1643 ἐν
2644 1587 2793 1659 αὐτῷ
2821 1585 3060 1640 οἰκοῦντι
3103 1586 3417 1657 γενόμενος.
3466 1587 3537 1640 Εἰ
3566 1586 3749 1639 τοίνυν

2153 1685 2320 1755 ἐσμὲν
2355 1682 2450 1737 καὶ
2478 1682 2643 1752 ⁴ἡμεῖς
2670 1679 2769 1749 τῆς
2797 1680 2910 1734 ἄνω
2952 1677 3308 1750 Ἰερουσαλὴμ
3343 1677 3559 1740 τέκνα,
3589 1675 3751 1731 datati-

2155 1792 2340 1846 σωμεν
2382 1773 2484 1843 τῆς
2514 1768 2832 1824 διδασκάλου
2874 1767 3122 1839 νύμφης,
3148 1766 3265 1831 πῶς
3307 1768 3460 1822 ἔστιν
3497 1767 3634 1820 ἰδεῖν
3658 1768 3750 1821 τὸν

459 1884 879 1937 concessurum,
904 1872 990 1928 vel
1013 1872 1455 1928 dormitationem
1480 1871 1777 1943 palpebris,
1797 1873 1973 1929 donec
1993 1872 2048 1927 in
2079 1871 2123 1926 Β
2151 1864 2486 1936 ποθούμενον
2503 1895 2519 1917 .
3015 1928 3025 1937 _

458 1980 521 2022 se
558 1965 753 2029 locum
774 1963 1006 2021 Domino
1038 1968 1328 2037 repererit,
1360 1966 1538 2023 iactus
1566 1968 1979 2024 tabernaculum
2002 1969 2124 2038 ejus
2162 1966 2218 2020 in
2248 1963 2368 2032 ipso
2396 1954 2719 2014 habitantis.
2754 1953 3125 2022 Quamobrem
3169 1952 3219 2008 si
3254 1967 3358 2007 nos
3390 1966 3626 2024 quoque
3660 1969 3749 2010 sn-

459 2073 647 2132 ρει-ηπ
702 2057 852 2113 illius
900 2056 1210 2115 Jerusalem
1258 2059 1356 2115 ﬁlii
1411 2075 1640 2129 sumus,
1690 2061 1982 2117 audiamus
2058 2069 2325 2131 sponsam
2380 2051 2733 2121 magistram,
2787 2051 2879 2119 qui
2922 2046 3263 2103 desideratus
3311 2047 3468 2101 cerni
3541 2051 3741 2118 possit.

528 2152 673 2220 Quid
708 2154 880 2226 igitur
917 2156 1138 2226 inquit?
1180 2157 1231 2213 si
1271 2156 1377 2212 hoc
1416 2156 1783 2229 jurejurando
1833 2167 2047 2213 nosmet

458 2248 909 2311 astrinxerimus,
944 2247 1162 2305 futuros
1198 2265 1301 2305 nos
1325 2250 1379 2304 in
1409 2252 1777 2321 potestatibus
1821 2265 2048 2322 caprea—

459 2354 586 2393 rum
616 2338 737 2395 acri
769 2340 1125 2412 prmditarum
1154 2343 1300 2407 visu,
1325 2353 1381 2398 et
1414 2343 1471 2398 in
1503 2343 1717 2399 viribus
1758 2359 2049 2400 cervorum

459 2431 556 2498 qui
577 2430 782 2485 malum
813 2430 1075 2498 abolent;
1119 2437 1238 2485 tum
1281 2446 1413 2487 vero
1442 2431 1629 2486 licebit
1661 2446 1860 2501 purum
1894 2431 2046 2484 illum

460 2534 726 2590 sponsum
754 2535 1007 2586 cernere,
1046 2521 1138 2592 qui
1165 2521 1517 2578 dilectionem
1558 2522 1866 2591 ejaeulatnr
1892 2539 1905 2576 :
1936 2530 2050 2576 tum

460 2614 648 2670 licebit
677 2614 874 2670 animae
903 2615 1153 2685 cujusvis
1191 2615 1261 2670 ad
1309 2630 1434 2672 eum
1469 2616 1653 2671 dicere
1687 2634 1700 2670 :
1761 2614 2054 2669 Vulnerata

459 2719 579 2761 sunt
618 2724 655 2762 a
689 2707 991 2763 dilectione.
1050 2708 1197 2763 Bona
1233 2724 1366 2765 vero
1419 2708 1732 2765 dilectionis
1770 2724 1894 2764 esse
1929 2708 2053 2762 vnl-

459 2814 615 2868 ncra,
652 2800 818 2857 etiam
851 2798 1274 2857 Proverbiorum
1319 2817 1353 2858 e
1397 2800 1538 2856 libro
1573 2802 1901 2862 didicimus,
1960 2801 2053 2871 qui

462 2893 539 2945 ait
582 2909 597 2946 :
635 2890 910 2962 Optabilia
962 2903 1086 2947 sunt
1151 2892 1312 2947 amici
1367 2892 1606 2960 vulnera,
1650 2892 1819 2947 hostis
1877 2902 2053 2946 autem

462 2987 625 3039 etiam
662 2986 849 3039 oscula
877 2985 1024 3039 mala
1064 2997 1188 3040 sunt
1216 2987 1285 3042 ".
1334 2984 1601 3053 Quisnam
1650 3001 1782 3041 vero
1809 2986 1881 3042 sit
1924 2985 2056 3038 ami-

463 3093 565 3132 cus
607 3076 721 3143 ille,
754 3077 915 3147 cujus
963 3078 1191 3133 vulnera
1226 3079 1340 3135 sint
1367 3080 1575 3135 osculis
1622 3078 1914 3134 hostilibus
1956 3093 2055 3148 po-

464 3171 630 3236 tiora,
660 3168 1012 3241 perspicuum
1062 3169 1236 3226 cuivis
1270 3177 1355 3225 est
1396 3168 1595 3226 salutis
1643 3171 1903 3242 mysteria
1946 3186 2056 3225 non

464 3260 766 3329 ignoranti.
800 3258 1014 3314 Etenim
1041 3274 1206 3315 verus
1254 3274 1319 3314 ac
1355 3268 1546 3315 certus
1576 3260 1791 3315 amicus
1845 3266 1933 3316 est
1979 3261 2048 3324 is,

459 3349 555 3414 qui
591 3363 694 3403 nos
732 3349 898 3403 etiam
935 3348 1121 3405 hostes
1150 3348 1398 3405 redditos
1426 3349 1651 3420 diligere
1681 3363 1792 3404 non
1840 3349 2002 3405 desiit
2035 3366 2049 3403 :

2224 2152 2291 2205 Ti
2316 2146 2410 2205 οὖν
2450 2164 2657 2220 φησιν;
2701 2134 2827 2201 Ἐάν
2851 2146 3039 2218 ὅρκιον
3068 2146 3283 2212 ἑαυτοῖς
3309 2147 3472 2201 τοῦτο
3509 2150 3748 2218 ποιήσει)-

2154 2263 2275 2319 μεν,
2302 2244 2363 2298 τὸ
2400 2244 2459 2296 ὲν
2487 2244 2607 2305 ταῖς
2631 2240 2927 2311 δυνάμεσιν
2953 2235 3095 2293 εἶναι
3131 2241 3241 2295 τῶν
3268 2239 3609 2313 διορατικῶν
3634 2242 3748 2311 δορ-

2151 2338 2331 2393 κάδων
2354 2377 2369 2401 ,
2423 2335 2519 2388 καὶ
2556 2333 2615 2386 ὲν
2647 2334 2768 2393 ταῖς
2791 2331 3043 2402 ίσχὺσεσι
3079 2331 3189 2386 τῶν
3220 2332 3609 2400 ἀφανιστεκῶν
3655 2332 3748 2403 τῆς

2152 2430 2350 2497 κακίας
2377 2429 2627 2499 ἐλάφων·
2675 2425 2791 2479 ἔστι
2827 2425 2919 2479 διά
2958 2425 3162 2478 τούτων
3206 2426 3334 2478 ἰδεῖν
3369 2424 3469 2479 τὸν
3513 2425 3748 2497 καθαρὸν

2152 2522 2409 2593 νυμφίον,
2449 2520 2542 2573 τὸν
2580 2518 2681 2589 τῆς
2708 2517 2929 2589 ἀγάπης
2949 2518 3170 2587 τοξότην
3194 2558 3211 2580 ,
3246 2518 3340 2572 καὶ
3386 2520 3583 2571 εἰπεῖν
3623 2519 3749 2589 πρὶς

2153 2615 2316 2668 αὑτὸν
2347 2615 2446 2687 τὴν
2483 2612 2716 2668 ἑκάστου
2753 2611 2930 2687 ψυχὴν
2951 2652 2967 2670 .
2997 2612 3079 2667 ὅτι
3126 2611 3469 2681 Τετρωμένη
3514 2612 3747 2682 ἀγάπης

2153 2707 2295 2777 εἰμί.
2344 2706 2504 2761 Καλὰ
2535 2704 2595 2757 δὲ
2645 2700 2782 2757 εἶναι
2811 2704 2911 2774 τῆς
2956 2703 3179 2772 ἀγάπης
3212 2706 3282 2756 τά
3325 2704 3632 2775 τραύματα
3660 2704 3748 2757 καὶ

2155 2801 2312 2871 παρά
2335 2792 2763 2871 τῆςΠαροιμίας
2791 2796 3088 2868 ἐμάθομεν,
3120 2797 3155 2867 ἢ
3179 2812 3371 2866 φησιν’
3394 2796 3623 2865 Αἱρετὰ
3641 2796 3747 2866 μέν

2156 2892 2266 2948 τοῦ
2298 2893 2482 2962 φίλου
2514 2889 2590 2943 τὰ
2624 2890 2951 2958 τραύματα,
2978 2889 3135 2942 κακὰ
3163 2888 3231 2941 δὲ
3264 2884 3375 2956 τῆς
3395 2889 3632 2959 ἔχθρας
3655 2889 3745 2941 καὶ

2155 2985 2230 3039 τὰ
2256 2983 2585 3055 φιλήματα.
2623 2983 2721 3046 Τίς
2768 2982 2827 3036 δὲ
2883 2983 3035 3053 φίλος
3060 3022 3076 3047 ,
3109 2976 3172 3035 οὗ
3205 2984 3275 3036 τὰ
3302 2983 3607 3054 τραύματα
3651 2985 3749 3038 τῶν

2157 3078 2479 3151 φιλημάτων
2514 3075 2610 3130 τοῦ
2664 3073 2863 3145 ὲχθροῦ
2915 3076 3313 3147 προτιμότερα;
3363 3076 3547 3129 Παντὶ
3601 3076 3748 3146 δῆλόν

2156 3173 2277 3224 ἐστι
2298 3210 2315 3237 ,
2342 3169 2423 3240 τῷ
2470 3168 2546 3241 μὴ
2585 3167 2871 3238 ἀγνοοῦντι
2903 3167 2974 3221 τά
3011 3167 3114 3238 τῆς
3146 3168 3421 3239 σωτηρίας
3455 3171 3745 3241 gemma.

2156 3263 2316 3326 Φίλος
2357 3261 2458 3334 μὲν
2488 3263 2598 3333 γάρ
2631 3263 2781 3314 ἔστιν
2802 3260 3056 3332 ἀληθινός
3087 3278 3147 3313 τε
3178 3261 3272 3314 καὶ
3315 3260 3575 3331 βέϐαιος,
3605 3266 3635 3317 ὁ
3667 3263 3749 3315 καὶ

2160 3355 2391 3427 ἐχθροὺς
2420 3352 2750 3423 γενομένους
2794 3354 2943 3424 ἡμᾶς
2969 3352 3064 3406 τοῦ
3091 3354 3310 3423 ἀγαπᾷν
3342 3353 3419 3424 μὴ

466 3437 645 3493 hostis
672 3446 855 3494 autem
878 3438 1160 3503 immanis,
1186 3450 1241 3495 et
1267 3454 1394 3495 cum
1425 3454 1536 3511 quo
1572 3439 1723 3494 nulla
1751 3438 1889 3495 coiri
1922 3439 2055 3494 ami-

2161 3463 2283 3511 νος*
2318 3447 2513 3519 ἐχθρὸς
2540 3444 2598 3500 δὲ
2645 3446 2874 3510 ἄπιστός
2923 3462 2984 3499 τε
3032 3446 3129 3499 καὶ
3178 3445 3492 3516 ἀνήμερος,
3526 3448 3555 3500 δ
3593 3448 3749 3517 μηδὲν

465 3526 598 3580 citia
643 3532 842 3596 potest,
890 3527 1052 3583 nobis
1086 3527 1178 3583 ille
1222 3536 1330 3592 est,
1374 3531 1470 3599 qui
1516 3531 1667 3585 nulla
1710 3545 1769 3586 re
1819 3544 1850 3584 a
1895 3530 2058 3586 nobis

464 3622 632 3677 laesus
659 3619 825 3676 morti
862 3635 979 3680 nos.
995 3620 1250 3691 subjecit.
1285 3619 1500 3677 Vulnus
1531 3637 1656 3679 esse
1676 3622 1942 3693 putabant
1982 3622 2058 3677 illi

464 3717 708 3788 primum
760 3714 969 3770 conditi
1024 3716 1276 3773 homines
1321 3717 1675 3772 interdictum
1718 3717 1789 3772 de
1833 3715 2060 3772 vitando

467 3810 635 3873 malo,
653 3811 801 3881 quod
834 3807 930 3864 Dei
965 3809 1227 3864 mandato
1255 3810 1663 3865 continebatur.
1692 3808 1910 3865 Etenim
1941 3807 2061 3863 vnl-

468 3900 811 3956 rerationem
842 3914 966 3957 esse
1009 3900 1404 3971 cpinabantur,
1438 3901 1585 3971 abigi
1616 3914 1675 3955 se
1706 3914 1738 3954 a
1774 3915 1833 3955 re
1862 3901 2062 3971 jucun-

468 3992 574 4046 da:
606 3992 859 4048 osculum
889 4005 1043 4059 vero,
1072 3992 1509 4047 exhortationem
1550 3991 1619 4046 ad
1648 3991 1703 4045 id
1740 3992 1888 4061 quod
1913 3997 2062 4049 esset

445 4097 640 4139 :suave
692 4093 1031 4154 aspectuque
1081 4083 1395 4155 pulchrum.
1448 4082 1651 4138 Verum
1720 4084 2061 4154 experientia

469 4171 874 4227 demonstravit
926 4173 1073 4242 quod
1127 4188 1192 4229 ea
1252 4189 1377 4245 quae
1431 4174 1883 4230 existimarentur
1934 4190 2059 4233 esse

471 4263 703 4345 vulnera
738 4262 985 4334 proiecta
1024 4265 1094 4319 ab
1114 4266 1314 4331 amico,
1345 4265 1506 4337 longe
1533 4273 1649 4320 tum
1674 4266 1918 4335 utiliora,
1942 4275 2060 4322 tum

442 4345 801 4421 -o'p'zabiliora
840 4358 1047 4414 osculis
1081 4358 1257 4415 hostis
1295 4368 1503 4415 essent.
1546 4358 1687 4426 Quia
1721 4359 1888 4431 igitur
1924 4375 2054 4431 pro-

474 4448 626 4505 bavit
651 4449 1001 4506 dilectionem
1027 4465 1182 4506 suam
1215 4467 1245 4505 a
1283 4451 1444 4507 nobis
1484 4453 1782 4522 praeclarus
1806 4452 1898 4508 ille
1936 4466 2064 4522 pro-

470 4559 574 4599 cus
612 4544 922 4599 animarum
963 4552 1302 4609 nostrarum,
1337 4559 1444 4615 qua
1489 4544 1741 4601 Christus
1790 4544 2062 4602 adductus

470 4635 639 4689 etiam
690 4641 809 4693 tum
853 4652 982 4692 cum
1031 4636 1210 4691 adhuc
1260 4643 1576 4706 peccatores
1624 4651 1913 4700 essemus,
1962 4651 2063 4707 pro

474 4724 641 4780 nobis
670 4734 922 4782 mortuus
951 4736 1073 4783 est:
1113 4727 1321 4784 idcirco
1347 4743 1549 4799 sponsa
1587 4728 1828 4785 vicissim
1872 4740 2062 4784 amore

474 4814 704 4869 incensa
744 4829 878 4885 erga
925 4815 1078 4871 illum
1141 4818 1234 4888 qui
1282 4817 1453 4888 ipsam
1510 4817 1792 4881 dilexerat,
1836 4818 2065 4873 demon-

475 4913 619 4961 strat
638 4906 832 4977 jacens
864 4907 918 4960 in
947 4923 1007 4964 se
1043 4909 1359 4966 dilectionis
1392 4910 1559 4965 telum
1596 4911 1705 4965 imo
1739 4911 1793 4964 in
1819 4917 2060 4981 pectore,

470 4994 582 5053 hoc
621 5007 727 5067 est,
773 4999 1076 5057 divinitatis
1108 5003 1280 5073 ipsius
1307 5004 1882 5060 communicationem.
1927 5001 2064 5058 Nam

2158 3538 2493 3610 ἠδικηκότας
2521 3536 2825 3607 ὑπαγαγὼν
2844 3537 2925 3608 τῷ
2944 3537 3180 3608 θανάτῳ.
3209 3537 3443 3609 Τραῦμα
3467 3542 3585 3604 τοῖς
3610 3557 3751 3611 πρω-

2158 3631 2488 3695 τοπλάστοις
2530 3630 2706 3684 ἐδόκει
2750 3633 2784 3703 ἠ
2815 3630 2905 3684 διὰ
2942 3630 3044 3701 τῆς
3099 3630 3316 3701 ἐντολῆς
3347 3634 3620 3703 γενομένη
3662 3631 3748 3683 τοῦ

2161 3721 2335 3778 κακοῦ
2370 3721 2763 3791 ἀπαγόρευσις.
2813 3721 3050 3794 Τραῦμα
3098 3722 3207 3793 γὰρ
3260 3721 3524 3792 ἐνομίσθη
3577 3726 3611 3795 ὴ
3666 3721 3751 3775 τοῦ

2160 3815 2318 3887 ⁴ΐπδέος
2355 3813 2718 3886 ἀλλοτρίωσις
2744 3829 2760 3845 ·
2788 3812 3003 3885 φίλημα
3055 3813 3113 3867 δὲ
3163 3816 3195 3886 ἡ
3232 3815 3371 3885 πρὸς
3413 3813 3478 3867 τὸ
3519 3813 3627 3885 ἡδέ)
3667 3810 3752 3868 καὶ

2161 3906 2408 3978 ἔμφανὲς
2456 3907 2762 3977 προτροπή.
2810 3903 2950 3958 Ἀλλ’
2989 3904 3255 3977 ἔδειξενή
3305 3905 3474 3978 πεῖρα
3497 3948 3511 3966 ,
3555 3907 3643 3958 ὅτι
3689 3906 3749 3960 τά

2165 3995 2502 4067 νομιζόμενα
2525 3993 2622 4048 τοῦ
2663 3994 2821 4064 φίλου
2852 3994 3144 4066 τραύματα
3187 3995 3295 4048 τῶν
3339 3995 3669 4066 φιλημάτων
3691 3992 3751 4065 ἦν

2160 4086 2257 4141 τοῦ
2279 4085 2479 4159 ἐχθροῦ
2498 4085 2917 4159 λυσιτελέστερα
2946 4090 3042 4141 καὶ
3070 4086 3424 4160 αίρετὼτερα.
3477 4089 3637 4142 Ἐπεὶ
3666 4086 3749 4143 οὖν

2164 4180 2496 4252 συνέστησεν
2533 4179 2727 4233 ἑαυτοῦ
2759 4179 2858 4251 τὴν
2885 4181 3110 4252 ἀγάπην
3133 4183 3161 4234 ὁ
3194 4180 3355 4244 καλὸς
3383 4182 3628 4253 ἐραστὴς
3652 4181 3750 4234 τῶν

2164 4272 2452 4345 ἡμετέρων
2495 4271 2684 4343 ψυχῶν
2706 4312 2720 4337 ,
2746 4272 2815 4326 δι’
2837 4266 2915 4327 ὧν
2939 4273 3032 4327 καὶ
3052 4273 3394 4344 ἁμαρτωλῶν
3433 4276 3468 4345 ἠ
3476 4273 3597 4344 μῶν
3623 4277 3748 4347 Χρι-

2164 4366 2290 4429 στὸς
2315 4365 2457 4436 ὑπὲρ
2479 4365 2639 4435 ἡμῶν
2678 4365 2916 4419 ἀπέθανε
2944 4381 2959 4397 ο
2987 4366 3077 4420 διὰ
3114 4366 3271 4420 τοῦτο
3293 4365 3690 4436 ἀντερασθεῖσα
3718 4370 3746 4435 ἡ

2163 4459 2350 4531 νύμφη
2372 4458 2468 4512 τοῦ
2492 4460 2879 4530 ἀγαπήσαντος
2899 4460 3170 4515 δείκνυσιν
3205 4462 3264 4513 ἐν
3295 4461 3461 4530 ἑαυτῇ
3505 4460 3747 4531 ἐγκείμε-

2164 4570 2257 4607 νον
2282 4551 2376 4606 διὰ
2410 4551 2608 4623 βάθους
2644 4554 2747 4623 τῆς
2788 4554 3009 4626 ἀγάπης
3055 4555 3117 4608 τὸ
3149 4554 3298 4624 βέλος
3319 4552 3619 4606 ’τουτέστι
3663 4554 3747 4622 τὴν

2163 4647 2262 4717 τῆς
2293 4646 2547 4718 θεότητος
2586 4634 2754 4701 αὗτοῧ
2785 4647 3091 4701 κοινωνίαν.
3132 4647 3197 4699 Ἥ
3225 4646 3332 4716 γάρ
3373 4644 3567 4715 ἀγάπη
3610 4645 3746 4697 ἐστὶν

2164 4738 2195 4789 δ
2225 4736 2356 4802 Θεὸς
2380 4775 2396 4801 ,
2429 4735 2615 4800 καθὼς
2645 4738 2861 4811 εἴρηται
2886 4778 2901 4803 ,
2934 4740 2967 4809 ἡ
3002 4738 3090 4792 διὰ
3119 4736 3219 4807 τῆς
3260 4735 3401 4790 κατά
3442 4737 3548 4807 τὴν
3577 4735 3745 4789 πίστιν

2168 4828 2353 4892 ἀκίδος
2382 4832 2450 4902 τῇ
2477 4831 2679 4903 καρδίᾳ
2708 4831 3062 4902 ἐγγενομένη.
3112 4830 3173 4885 Ei
3216 4829 3271 4884 δὲ
3306 4830 3413 4902 χρὴ
3455 4830 3554 4884 καὶ
3590 4830 3746 4901 ὄνομα

2165 4917 2260 4970 τοῦ
2294 4917 2480 4988 βέλους
2505 4919 2697 4973 τούτου
2728 4923 2924 4985 εἰπεῖν,
2948 4918 3180 4991 εὕρομεν
3203 4919 3230 4972 ὃ
3255 4920 3406 4990 ποιρά
3427 4918 3524 4972 τοῦ
3547 4919 3746 4973 Παύλου

2171 5008 2451 5081 ἐμάθομεν
2478 5052 2493 5076 ,
2525 5010 2609 5064 δτι
2634 5011 2696 5064 τὸ
2721 5010 2874 5082 βέλος
2899 5010 3055 5065 τοῦτό
3085 5011 3203 5063 ἐστι
3234 5009 3415 5073 πίστις
3442 5008 3513 5061 δι’
3538 5008 3744 5078 ἀγάπης

477 5092 624 5150 licus
654 5106 741 5151 est
772 5094 1014 5159 dilectio,
1043 5099 1504 5169 quemadmodum
1532 5099 1790 5159 diximus,
1817 5114 1941 5169 qua:
1970 5114 2055 5169 pet

2174 5102 2262 5154 ὲνε
2270 5119 2400 5174 ργου
2409 5102 2565 5174 μένη.

479 5188 603 5242 iidei
650 5192 937 5261 cuspidem
977 5192 1036 5248 in
1071 5208 1168 5249 cor
1211 5202 1485 5265 penetrat.
1542 5195 1702 5261 Quod
1737 5195 1785 5251 si
1820 5196 1986 5251 etiam
2031 5196 2125 5251 teli
2164 5197 2335 5268 hujus
2393 5213 2596 5255 nomen
2646 5197 3000 5255 indicandum
3045 5207 3166 5264 est,
3219 5197 3362 5270 quod
3403 5198 3742 5256 didicimus:

432 5346 439 5351 ,
479 5280 653 5341 Paulo
673 5286 721 5318 ’⁸
774 5285 1054 5348 dicemus,
1102 5285 1366 5340 nimirum
1417 5285 1521 5340 hoc
1568 5275 1737 5342 telum
1765 5300 1889 5344 esse
1924 5286 2082 5342 iidem
2123 5300 2222 5360 per
2260 5288 2608 5347 dilectionem
2680 5292 2976 5347 eﬂicaciter
3014 5307 3074 5348 se
3101 5292 3495 5349 declarantem.
3596 5278 3614 5301 “

555 5374 849 5438 Enimvero
875 5381 995 5438 hzec
1023 5382 1097 5437 ita
1142 5396 1203 5438 se
1227 5381 1487 5443 habeant.
1548 5381 1627 5437 uti
1669 5381 1874 5453 cuique
1915 5382 2069 5438 vide-

483 5466 677 5531 bitur:
718 5488 868 5530 nunc
920 5476 1206 5531 videamus
1258 5482 1313 5527 et
1356 5474 1503 5527 illam
1562 5473 2069 5544 interrogationem,

2261 5385 2420 5441 Ἀλλά
2453 5383 2625 5440 ταῦτα
2660 5370 2762 5458 μὲν
2790 5386 2963 5457 ἐχέτω
2991 5387 3068 5452 ὡς
3098 5384 3247 5457 αὐτῷ
3273 5388 3449 5441 δοκεῖ·
3478 5387 3674 5459 ἴδωμεν
3696 5388 3742 5441 δὲ

2173 5476 2269 5531 καὶ
2292 5476 2391 5549 τὴν
2416 5477 2571 5550 παρά
2593 5478 2701 5532 τῶν
2745 5478 3029 5551 παρθένων
3060 5478 3459 5551 προσαχθεῖσαν
3490 5480 3741 5551 ἐρώτησιν

485 5574 651 5633 quam
708 5566 954 5637 virgines
1006 5567 1279 5638 magistra:
1342 5579 1457 5621 suae
1516 5573 1875 5636 proponunt:
1927 5567 2055 5633 Quia

2172 5572 2240 5641 τῇ
2265 5569 2593 5641 διδασκάλῳ.
2633 5571 2695 5623 Τί
2720 5569 3044 5639 ἀδελφιδός
3074 5571 3317 5629 σουάπό
3334 5567 3675 5639 ἀδελφιδοῦ,
3708 5569 3738 5632 tl

490 5656 659 5724 umeri
711 5671 966 5730 cognatas
1001 5671 1122 5715 (una
1176 5677 1211 5715 ιι
1269 5669 1514 5730 cognato,
1560 5677 1589 5714 ο
1638 5660 1874 5728 formosa
1934 5661 2055 5715 inte:

2174 5663 2331 5731 καλὴ
2354 5657 2428 5716 ’ὲν
2452 5661 2769 5731 γυναιξίν;
2797 5662 2856 5715 τί
2876 5660 3199 5732 ἀδελφιδός
3225 5676 3342 5715 σου
3371 5659 3489 5714 ἀπὸ
3517 5658 3737 5729 ἀδελφι-

592 5822 636 5860 "
662 5826 804 5889 l‘snl.
829 5843 1015 5903 tzkxh,
1040 5841 1091 5893 ὖ.
1167 5842 1210 5896 3"
1245 5832 1405 5895 Prov.
1437 5848 1607 5905 nm,
1635 5840 1684 5895 6.
1761 5841 1805 5871 ‘~'°
1828 5838 2003 5893 Galat.
2031 5855 2082 5900 ι’,
2117 5838 2166 5892 6.
