  <div class='ocr_page' id='page_1' title='image "/cluster/home/n/w/nwhite01/storage/ocr_20150623/44:no.1/coo.31924054869445/530.png"; bbox 0 0 3866 6380; ppageno 0'>
   <div class='ocr_carea' id='block_1_1' title="bbox 144 372 296 428">
    <p class='ocr_par' dir='ltr' id='par_1_1' title="bbox 144 372 296 428">
     <span class='ocr_line' id='line_1_1' title="bbox 144 372 296 428; baseline 0.013 -2"><span class='ocrx_word' id='word_1_1' title='bbox 144 372 296 428; x_wconf 67' lang='grc'><strong>1045</strong></span> 
     </span>
    </p>
   </div>
   <div class='ocr_carea' id='block_1_2' title="bbox 1151 381 2358 446">
    <p class='ocr_par' dir='ltr' id='par_1_2' title="bbox 1151 381 2358 446">
     <span class='ocr_line' id='line_1_2' title="bbox 1151 381 2358 446; baseline 0.007 -13"><span class='ocrx_word' id='word_1_2' title='bbox 1151 381 1222 435; x_wconf 79' lang='grc' dir='ltr'><strong>ΙΝ</strong></span> <span class='ocrx_word' id='word_1_3' title='bbox 1257 383 1555 441; x_wconf 78' lang='lat' dir='ltr'><strong>CANTICA</strong></span> <span class='ocrx_word' id='word_1_4' title='bbox 1584 385 1864 446; x_wconf 81' lang='lat' dir='ltr'><strong>CANTIC.</strong></span> <span class='ocrx_word' id='word_1_5' title='bbox 1899 386 2189 444; x_wconf 83' lang='lat' dir='ltr'><strong>HOMILIA</strong></span> <span class='ocrx_word' id='word_1_6' title='bbox 2223 386 2358 442; x_wconf 79' lang='lat' dir='ltr'><strong>Xlll.</strong></span> 
     </span>
    </p>
   </div>
   <div class='ocr_carea' id='block_1_3' title="bbox 3288 393 3424 454">
    <p class='ocr_par' dir='ltr' id='par_1_3' title="bbox 3288 393 3424 454">
     <span class='ocr_line' id='line_1_3' title="bbox 3288 393 3424 454; baseline 0.044 -6"><span class='ocrx_word' id='word_1_7' title='bbox 3288 393 3424 454; x_wconf 71' lang='grc'><strong>1046</strong></span> 
     </span>
    </p>
   </div>
   <div class='ocr_carea' id='block_1_4' title="bbox 138 491 1746 581">
    <p class='ocr_par' dir='ltr' id='par_1_4' title="bbox 138 491 1740 576">
     <span class='ocr_line' id='line_1_4' title="bbox 138 491 1740 576; baseline 0.008 -28"><span class='ocrx_word' id='word_1_8' title='bbox 138 491 298 558; x_wconf 82' lang='grc' dir='ltr'>δοῦ,</span> <span class='ocrx_word' id='word_1_9' title='bbox 329 493 422 550; x_wconf 84' lang='grc' dir='ltr'>ὅτι</span> <span class='ocrx_word' id='word_1_10' title='bbox 463 493 651 562; x_wconf 80' lang='grc' dir='ltr'>οὕτως</span> <span class='ocrx_word' id='word_1_11' title='bbox 681 492 948 565; x_wconf 81' lang='grc' dir='ltr'>ὥρκισας</span> <span class='ocrx_word' id='word_1_12' title='bbox 977 496 1172 568; x_wconf 81' lang='grc' dir='ltr'>ἡμᾶς;</span> <span class='ocrx_word' id='word_1_13' title='bbox 1208 501 1480 576; x_wconf 85' lang='grc' dir='ltr'>Τοιαύτην</span> <span class='ocrx_word' id='word_1_14' title='bbox 1531 505 1588 560; x_wconf 84' lang='grc' dir='ltr'><strong>δέ</strong></span> <span class='ocrx_word' id='word_1_15' title='bbox 1618 523 1740 562; x_wconf 86' lang='grc' dir='ltr'>τινα</span> 
     </span>
    </p>
   </div>
   <div class='ocr_carea' id='block_1_5' title="bbox 1852 491 3426 581">
    <p class='ocr_par' dir='ltr' id='par_1_5' title="bbox 1852 505 3426 581">
     <span class='ocr_line' id='line_1_5' title="bbox 1852 505 3426 581; baseline 0.003 -22"><span class='ocrx_word' id='word_1_16' title='bbox 1852 506 2086 561; x_wconf 78' lang='lat' dir='ltr'><strong>mulieres</strong></span> <span class='ocrx_word' id='word_1_17' title='bbox 2110 505 2280 576; x_wconf 78' lang='lat' dir='ltr'><strong>?quid</strong></span> <span class='ocrx_word' id='word_1_18' title='bbox 2312 513 2568 576; x_wconf 72' lang='lat' dir='ltr'><strong>cognatus</strong></span> <span class='ocrx_word' id='word_1_19' title='bbox 2599 515 2720 560; x_wconf 76' lang='lat' dir='ltr'><strong>tuus</strong></span> <span class='ocrx_word' id='word_1_20' title='bbox 2758 521 2791 559; x_wconf 88' lang='lat' dir='ltr'><strong>a</strong></span> <span class='ocrx_word' id='word_1_21' title='bbox 2819 515 3042 577; x_wconf 83' lang='lat' dir='ltr'><strong>cognato</strong></span> <span class='ocrx_word' id='word_1_22' title='bbox 3067 507 3268 579; x_wconf 71' lang='lat' dir='ltr'><strong>dilfert.</strong></span> <span class='ocrx_word' id='word_1_23' title='bbox 3285 511 3426 581; x_wconf 76' lang='lat' dir='ltr'><strong>quod</strong></span> 
     </span>
    </p>
   </div>
   <div class='ocr_carea' id='block_1_6' title="bbox 137 585 1738 670">
    <p class='ocr_par' dir='ltr' id='par_1_6' title="bbox 137 585 1738 670">
     <span class='ocr_line' id='line_1_6' title="bbox 137 585 1738 670; baseline 0.009 -32"><span class='ocrx_word' id='word_1_24' title='bbox 137 585 300 639; x_wconf 80' lang='grc' dir='ltr'>δοκεῖ</span> <span class='ocrx_word' id='word_1_25' title='bbox 331 588 732 659; x_wconf 86' lang='grc' dir='ltr'>μοι’περιέχειν</span> <span class='ocrx_word' id='word_1_26' title='bbox 765 591 798 658; x_wconf 84' lang='grc' dir='ltr'>ὴ</span> <span class='ocrx_word' id='word_1_27' title='bbox 829 591 988 661; x_wconf 81' lang='grc' dir='ltr'><strong>ῥῆσις</strong></span> <span class='ocrx_word' id='word_1_28' title='bbox 1015 591 1274 658; x_wconf 88' lang='grc' dir='ltr'>διάνοιαν,</span> <span class='ocrx_word' id='word_1_29' title='bbox 1305 596 1490 661; x_wconf 87' lang='grc' dir='ltr'>καθὼς</span> <span class='ocrx_word' id='word_1_30' title='bbox 1522 599 1555 670; x_wconf 85' lang='grc' dir='ltr'><strong>ή</strong></span> <span class='ocrx_word' id='word_1_31' title='bbox 1604 600 1738 653; x_wconf 85' lang='grc' dir='ltr'>ἀκο-</span> 
     </span>
    </p>
   </div>
   <div class='ocr_carea' id='block_1_7' title="bbox 140 678 1739 766">
    <p class='ocr_par' dir='ltr' id='par_1_7' title="bbox 140 678 1739 766">
     <span class='ocr_line' id='line_1_7' title="bbox 140 678 1739 766; baseline 0.009 -35"><span class='ocrx_word' id='word_1_32' title='bbox 140 679 343 732; x_wconf 81' lang='grc' dir='ltr'>λουθία</span> <span class='ocrx_word' id='word_1_33' title='bbox 371 678 480 734; x_wconf 87' lang='grc' dir='ltr'><strong>τῶν</strong></span> <span class='ocrx_word' id='word_1_34' title='bbox 500 683 990 755; x_wconf 75' lang='grc' dir='ltr'>προεξητασμένων</span> <span class='ocrx_word' id='word_1_35' title='bbox 1012 685 1253 752; x_wconf 76' lang='grc' dir='ltr'><strong>εἰκάζειν</strong></span> <span class='ocrx_word' id='word_1_36' title='bbox 1269 688 1504 743; x_wconf 64' lang='grc' dir='ltr'>δίδωσιν</span> <span class='ocrx_word' id='word_1_37' title='bbox 1522 691 1739 766; x_wconf 75' lang='grc' dir='ltr'>Ἐπειδὴ</span> 
     </span>
    </p>
   </div>
   <div class='ocr_carea' id='block_1_8' title="bbox 139 769 1740 857">
    <p class='ocr_par' dir='ltr' id='par_1_8' title="bbox 139 769 1740 857">
     <span class='ocr_line' id='line_1_8' title="bbox 139 769 1740 857; baseline 0.008 -33"><span class='ocrx_word' id='word_1_38' title='bbox 139 771 260 842; x_wconf 81' lang='grc' dir='ltr'>γὰρ</span> <span class='ocrx_word' id='word_1_39' title='bbox 305 773 359 825; x_wconf 87' lang='grc' dir='ltr'><strong>αί</strong></span> <span class='ocrx_word' id='word_1_40' title='bbox 407 773 666 842; x_wconf 77' lang='grc' dir='ltr'><strong>παρθένοι</strong></span> <span class='ocrx_word' id='word_1_41' title='bbox 710 769 848 830; x_wconf 83' lang='grc' dir='ltr'>εἶδον</span> <span class='ocrx_word' id='word_1_42' title='bbox 893 776 991 848; x_wconf 87' lang='grc' dir='ltr'>τὴν</span> <span class='ocrx_word' id='word_1_43' title='bbox 1023 778 1194 851; x_wconf 84' lang='grc' dir='ltr'>καλὴν</span> <span class='ocrx_word' id='word_1_44' title='bbox 1221 779 1398 845; x_wconf 76' lang='grc' dir='ltr'>ἔξοδον</span> <span class='ocrx_word' id='word_1_45' title='bbox 1434 782 1536 852; x_wconf 87' lang='grc' dir='ltr'>τῆς</span> <span class='ocrx_word' id='word_1_46' title='bbox 1561 783 1740 857; x_wconf 80' lang='grc' dir='ltr'>ψυχῆς</span> 
     </span>
    </p>
   </div>
   <div class='ocr_carea' id='block_1_9' title="bbox 140 863 1742 946">
    <p class='ocr_par' dir='ltr' id='par_1_9' title="bbox 140 863 1742 946">
     <span class='ocr_line' id='line_1_9' title="bbox 140 863 1742 946; baseline 0.01 -30"><span class='ocrx_word' id='word_1_47' title='bbox 140 863 411 934; x_wconf 80' lang='grc' dir='ltr'><strong>νύμφης,</strong></span> <span class='ocrx_word' id='word_1_48' title='bbox 464 867 554 920; x_wconf 84' lang='grc' dir='ltr'>ὅτε</span> <span class='ocrx_word' id='word_1_49' title='bbox 607 868 890 941; x_wconf 83' lang='grc' dir='ltr'>προσεφύη</span> <span class='ocrx_word' id='word_1_50' title='bbox 941 870 1018 942; x_wconf 87' lang='grc' dir='ltr'>τῷ</span> <span class='ocrx_word' id='word_1_51' title='bbox 1059 873 1280 946; x_wconf 82' lang='grc' dir='ltr'>Λόγῳὴ</span> <span class='ocrx_word' id='word_1_52' title='bbox 1331 876 1604 945; x_wconf 75' lang='grc' dir='ltr'>εἰποῦσα,</span> <span class='ocrx_word' id='word_1_53' title='bbox 1657 879 1742 933; x_wconf 83' lang='grc' dir='ltr'><strong>ὅτι</strong></span> 
     </span>
    </p>
   </div>
   <div class='ocr_carea' id='block_1_10' title="bbox 156 956 1742 1039">
    <p class='ocr_par' dir='ltr' id='par_1_10' title="bbox 156 956 1742 1039">
     <span class='ocr_line' id='line_1_10' title="bbox 156 956 1742 1039; baseline 0.01 -29"><span class='ocrx_word' id='word_1_54' title='bbox 156 956 464 1026; x_wconf 74' lang='grc' dir='ltr'><strong>Ἐξῆλθεν</strong></span> <span class='ocrx_word' id='word_1_55' title='bbox 495 960 535 1027; x_wconf 65' lang='grc' dir='ltr'><strong>νὴ</strong></span> <span class='ocrx_word' id='word_1_56' title='bbox 563 961 733 1030; x_wconf 73' lang='grc' dir='ltr'><strong>ψυχή</strong></span> <span class='ocrx_word' id='word_1_57' title='bbox 753 980 872 1032; x_wconf 81' lang='grc' dir='ltr'><strong>μου</strong></span> <span class='ocrx_word' id='word_1_58' title='bbox 908 963 980 1018; x_wconf 77' lang='grc' dir='ltr'><strong>ἐν</strong></span> <span class='ocrx_word' id='word_1_59' title='bbox 999 967 1161 1036; x_wconf 62' lang='grc' dir='ltr'>λόγῳ</span> <span class='ocrx_word' id='word_1_60' title='bbox 1197 967 1409 1022; x_wconf 82' lang='grc' dir='ltr'>αὐτοῦ·</span> <span class='ocrx_word' id='word_1_61' title='bbox 1452 969 1544 1025; x_wconf 77' lang='grc' dir='ltr'><strong>καὶ</strong></span> <span class='ocrx_word' id='word_1_62' title='bbox 1578 969 1742 1039; x_wconf 82' lang='grc' dir='ltr'>ἔγνω-</span> 
     </span>
    </p>
   </div>
   <div class='ocr_carea' id='block_1_11' title="bbox 143 1049 1739 1134">
    <p class='ocr_par' dir='ltr' id='par_1_11' title="bbox 143 1049 1739 1134">
     <span class='ocr_line' id='line_1_11' title="bbox 143 1049 1739 1134; baseline 0.009 -33"><span class='ocrx_word' id='word_1_63' title='bbox 143 1065 277 1113; x_wconf 89' lang='grc' dir='ltr'>σαν,</span> <span class='ocrx_word' id='word_1_64' title='bbox 305 1050 387 1103; x_wconf 85' lang='grc' dir='ltr'>ὅτι</span> <span class='ocrx_word' id='word_1_65' title='bbox 421 1049 602 1122; x_wconf 77' lang='grc' dir='ltr'>ἐζήτει</span> <span class='ocrx_word' id='word_1_66' title='bbox 635 1053 924 1117; x_wconf 76' lang='grc' dir='ltr'>ἐξελθοῦσα</span> <span class='ocrx_word' id='word_1_67' title='bbox 953 1055 1046 1110; x_wconf 81' lang='grc' dir='ltr'>τὸν</span> <span class='ocrx_word' id='word_1_68' title='bbox 1077 1055 1164 1111; x_wconf 85' lang='grc' dir='ltr'>διὰ</span> <span class='ocrx_word' id='word_1_69' title='bbox 1187 1059 1430 1128; x_wconf 78' lang='grc' dir='ltr'><strong>σημείων</strong></span> <span class='ocrx_word' id='word_1_70' title='bbox 1460 1061 1557 1131; x_wconf 84' lang='grc' dir='ltr'><strong>οὐχ</strong></span> <span class='ocrx_word' id='word_1_71' title='bbox 1587 1063 1739 1134; x_wconf 77' lang='grc' dir='ltr'>εὑρι-</span> 
     </span>
    </p>
   </div>
   <div class='ocr_carea' id='block_1_12' title="bbox 145 1141 1741 1220">
    <p class='ocr_par' dir='ltr' id='par_1_12' title="bbox 145 1141 1741 1220">
     <span class='ocr_line' id='line_1_12' title="bbox 145 1141 1741 1220; baseline 0.01 -28"><span class='ocrx_word' id='word_1_72' title='bbox 145 1141 424 1211; x_wconf 84' lang='grc' dir='ltr'>σκόμενον</span> <span class='ocrx_word' id='word_1_73' title='bbox 448 1182 462 1206; x_wconf 91' lang='grc'><strong>,</strong></span> <span class='ocrx_word' id='word_1_74' title='bbox 513 1143 608 1196; x_wconf 71' lang='grc' dir='ltr'>καὶ</span> <span class='ocrx_word' id='word_1_75' title='bbox 661 1146 847 1199; x_wconf 79' lang='grc' dir='ltr'><strong>ἐκάλει</strong></span> <span class='ocrx_word' id='word_1_76' title='bbox 880 1145 1060 1218; x_wconf 86' lang='grc' dir='ltr'>βοῶσα</span> <span class='ocrx_word' id='word_1_77' title='bbox 1103 1148 1196 1203; x_wconf 86' lang='grc' dir='ltr'>τὸν</span> <span class='ocrx_word' id='word_1_78' title='bbox 1224 1151 1321 1220; x_wconf 85' lang='grc' dir='ltr'><strong>οὺχ</strong></span> <span class='ocrx_word' id='word_1_79' title='bbox 1355 1151 1741 1208; x_wconf 86' lang='grc' dir='ltr'>ὑπακούσαντα</span> 
     </span>
    </p>
   </div>
   <div class='ocr_carea' id='block_1_13' title="bbox 140 1235 1742 1316">
    <p class='ocr_par' dir='ltr' id='par_1_13' title="bbox 140 1235 1742 1316">
     <span class='ocr_line' id='line_1_13' title="bbox 140 1235 1742 1316; baseline 0.012 -32"><span class='ocrx_word' id='word_1_80' title='bbox 140 1235 266 1296; x_wconf 83' lang='grc' dir='ltr'>τοῖς</span> <span class='ocrx_word' id='word_1_81' title='bbox 297 1235 525 1306; x_wconf 84' lang='grc' dir='ltr'>ὀνόμασι</span> <span class='ocrx_word' id='word_1_82' title='bbox 547 1255 561 1269; x_wconf 83' lang='lat'><strong><em>°</em></strong></span> <span class='ocrx_word' id='word_1_83' title='bbox 590 1239 680 1293; x_wconf 80' lang='grc' dir='ltr'><strong>διὰ</strong></span> <span class='ocrx_word' id='word_1_84' title='bbox 701 1241 857 1294; x_wconf 76' lang='grc' dir='ltr'>τοῦτό</span> <span class='ocrx_word' id='word_1_85' title='bbox 895 1259 1056 1310; x_wconf 85' lang='grc' dir='ltr'>φασι,</span> <span class='ocrx_word' id='word_1_86' title='bbox 1090 1242 1213 1307; x_wconf 87' lang='grc' dir='ltr'>Πῶς</span> <span class='ocrx_word' id='word_1_87' title='bbox 1241 1244 1555 1316; x_wconf 83' lang='grc' dir='ltr'>ὲπιγνῶμεν</span> <span class='ocrx_word' id='word_1_88' title='bbox 1580 1249 1742 1304; x_wconf 79' lang='grc' dir='ltr'>αὐτὸν</span> 
     </span>
    </p>
   </div>
   <div class='ocr_carea' id='block_1_14' title="bbox 143 1326 1744 1412">
    <p class='ocr_par' dir='ltr' id='par_1_14' title="bbox 143 1326 1744 1412">
     <span class='ocr_line' id='line_1_14' title="bbox 143 1326 1744 1412; baseline 0.011 -33"><span class='ocrx_word' id='word_1_89' title='bbox 143 1326 321 1397; x_wconf 78' lang='grc' dir='ltr'>ἡμεῖς</span> <span class='ocrx_word' id='word_1_90' title='bbox 348 1368 363 1391; x_wconf 90' lang='grc'><strong>,</strong></span> <span class='ocrx_word' id='word_1_91' title='bbox 403 1329 496 1382; x_wconf 82' lang='grc' dir='ltr'>τὸν</span> <span class='ocrx_word' id='word_1_92' title='bbox 530 1331 720 1403; x_wconf 79' lang='grc' dir='ltr'>μηδενὶ</span> <span class='ocrx_word' id='word_1_93' title='bbox 768 1336 979 1404; x_wconf 83' lang='grc' dir='ltr'><strong>σημείῳ</strong></span> <span class='ocrx_word' id='word_1_94' title='bbox 1027 1337 1371 1408; x_wconf 83' lang='grc' dir='ltr'>γνωριστικῷ</span> <span class='ocrx_word' id='word_1_95' title='bbox 1421 1340 1744 1412; x_wconf 78' lang='grc' dir='ltr'>εὑρισκόμε-</span> 
     </span>
    </p>
   </div>
   <div class='ocr_carea' id='block_1_15' title="bbox 144 1419 1742 1502">
    <p class='ocr_par' dir='ltr' id='par_1_15' title="bbox 144 1419 1742 1502">
     <span class='ocr_line' id='line_1_15' title="bbox 144 1419 1742 1502; baseline 0.011 -32"><span class='ocrx_word' id='word_1_96' title='bbox 144 1435 243 1471; x_wconf 80' lang='grc' dir='ltr'><strong>νσν</strong></span> <span class='ocrx_word' id='word_1_97' title='bbox 269 1459 285 1482; x_wconf 89' lang='grc'><strong>,</strong></span> <span class='ocrx_word' id='word_1_98' title='bbox 321 1419 381 1483; x_wconf 82' lang='grc' dir='ltr'>ὃς</span> <span class='ocrx_word' id='word_1_99' title='bbox 409 1419 532 1474; x_wconf 72' lang='grc' dir='ltr'>οὔτε</span> <span class='ocrx_word' id='word_1_100' title='bbox 568 1424 830 1478; x_wconf 84' lang='grc' dir='ltr'><strong>ὑπακούει</strong></span> <span class='ocrx_word' id='word_1_101' title='bbox 882 1425 1214 1497; x_wconf 82' lang='grc' dir='ltr'>καλούμενος</span> <span class='ocrx_word' id='word_1_102' title='bbox 1235 1467 1249 1493; x_wconf 93' lang='grc'><strong>,</strong></span> <span class='ocrx_word' id='word_1_103' title='bbox 1285 1428 1410 1482; x_wconf 71' lang='grc' dir='ltr'>οὔτε</span> <span class='ocrx_word' id='word_1_104' title='bbox 1457 1436 1742 1502; x_wconf 87' lang='grc' dir='ltr'>κρατεῖται</span> 
     </span>
    </p>
   </div>
   <div class='ocr_carea' id='block_1_16' title="bbox 144 1510 1744 1596">
    <p class='ocr_par' dir='ltr' id='par_1_16' title="bbox 144 1510 1744 1596">
     <span class='ocr_line' id='line_1_16' title="bbox 144 1510 1744 1596; baseline 0.011 -33"><span class='ocrx_word' id='word_1_105' title='bbox 144 1510 518 1582; x_wconf 82' lang='grc' dir='ltr'>ζητούμενος;</span> <span class='ocrx_word' id='word_1_106' title='bbox 550 1515 776 1587; x_wconf 86' lang='grc' dir='ltr'>Περίελε</span> <span class='ocrx_word' id='word_1_107' title='bbox 825 1518 1002 1572; x_wconf 80' lang='grc' dir='ltr'>τοίνυν</span> <span class='ocrx_word' id='word_1_108' title='bbox 1058 1519 1150 1573; x_wconf 79' lang='grc' dir='ltr'>καὶ</span> <span class='ocrx_word' id='word_1_109' title='bbox 1191 1522 1256 1575; x_wconf 81' lang='grc' dir='ltr'>σὺ</span> <span class='ocrx_word' id='word_1_110' title='bbox 1309 1521 1418 1576; x_wconf 87' lang='grc' dir='ltr'><strong>τῶν</strong></span> <span class='ocrx_word' id='word_1_111' title='bbox 1448 1523 1744 1596; x_wconf 74' lang='grc' dir='ltr'><strong>ὀφθαλμῶν</strong></span> 
     </span>
    </p>
   </div>
   <div class='ocr_carea' id='block_1_17' title="bbox 142 1603 1744 1684">
    <p class='ocr_par' dir='ltr' id='par_1_17' title="bbox 142 1603 1744 1684">
     <span class='ocr_line' id='line_1_17' title="bbox 142 1603 1744 1684; baseline 0.01 -28"><span class='ocrx_word' id='word_1_112' title='bbox 142 1603 264 1658; x_wconf 86' lang='grc' dir='ltr'><strong>τῶν</strong></span> <span class='ocrx_word' id='word_1_113' title='bbox 305 1606 592 1677; x_wconf 80' lang='grc' dir='ltr'><strong>ἡμετέρων</strong></span> <span class='ocrx_word' id='word_1_114' title='bbox 627 1608 694 1660; x_wconf 84' lang='grc' dir='ltr'><strong>τὰ</strong></span> <span class='ocrx_word' id='word_1_115' title='bbox 737 1608 1017 1681; x_wconf 83' lang='grc' dir='ltr'>θέριστρα,</span> <span class='ocrx_word' id='word_1_116' title='bbox 1048 1612 1186 1683; x_wconf 83' lang='grc' dir='ltr'>ὅπερ</span> <span class='ocrx_word' id='word_1_117' title='bbox 1231 1614 1494 1684; x_wconf 77' lang='grc' dir='ltr'>ἐποίησαν</span> <span class='ocrx_word' id='word_1_118' title='bbox 1529 1619 1621 1671; x_wconf 72' lang='grc' dir='ltr'><strong>ἐπὶ</strong></span> <span class='ocrx_word' id='word_1_119' title='bbox 1661 1619 1744 1672; x_wconf 85' lang='grc' dir='ltr'>σοὶ</span> 
     </span>
    </p>
   </div>
   <div class='ocr_carea' id='block_1_18' title="bbox 144 1696 1745 1781">
    <p class='ocr_par' dir='ltr' id='par_1_18' title="bbox 144 1696 1745 1781">
     <span class='ocr_line' id='line_1_18' title="bbox 144 1696 1745 1781; baseline 0.01 -34"><span class='ocrx_word' id='word_1_120' title='bbox 144 1697 202 1748; x_wconf 78' lang='grc' dir='ltr'>οἱ</span> <span class='ocrx_word' id='word_1_121' title='bbox 235 1696 338 1766; x_wconf 81' lang='grc' dir='ltr'>τῆς</span> <span class='ocrx_word' id='word_1_122' title='bbox 365 1697 572 1762; x_wconf 89' lang='grc' dir='ltr'>πόλεως</span> <span class='ocrx_word' id='word_1_123' title='bbox 595 1699 835 1767; x_wconf 84' lang='grc' dir='ltr'>φύλακες</span> <span class='ocrx_word' id='word_1_124' title='bbox 861 1742 876 1766; x_wconf 91' lang='grc'><strong>,</strong></span> <span class='ocrx_word' id='word_1_125' title='bbox 908 1702 995 1756; x_wconf 84' lang='grc' dir='ltr'><strong>ῖνα</strong></span> <span class='ocrx_word' id='word_1_126' title='bbox 1023 1721 1109 1767; x_wconf 87' lang='grc' dir='ltr'><strong>τις</strong></span> <span class='ocrx_word' id='word_1_127' title='bbox 1135 1705 1360 1776; x_wconf 87' lang='grc' dir='ltr'>γένηται</span> <span class='ocrx_word' id='word_1_128' title='bbox 1387 1708 1517 1778; x_wconf 81' lang='grc' dir='ltr'>ἡμῖν</span> <span class='ocrx_word' id='word_1_129' title='bbox 1553 1709 1745 1781; x_wconf 86' lang='grc' dir='ltr'>ὁδηγία</span> 
     </span>
    </p>
   </div>
   <div class='ocr_carea' id='block_1_19' title="bbox 146 1785 1741 1868">
    <p class='ocr_par' dir='ltr' id='par_1_19' title="bbox 146 1785 1741 1868">
     <span class='ocr_line' id='line_1_19' title="bbox 146 1785 1741 1868; baseline 0.011 -32"><span class='ocrx_word' id='word_1_130' title='bbox 146 1785 293 1853; x_wconf 81' lang='grc' dir='ltr'>πρὸς</span> <span class='ocrx_word' id='word_1_131' title='bbox 320 1786 383 1838; x_wconf 84' lang='grc' dir='ltr'>τὸ</span> <span class='ocrx_word' id='word_1_132' title='bbox 417 1788 766 1858; x_wconf 82' lang='grc' dir='ltr'>ζητούμενον.</span> <span class='ocrx_word' id='word_1_133' title='bbox 796 1792 934 1864; x_wconf 77' lang='grc' dir='ltr'><strong>Εἰπὲ</strong></span> <span class='ocrx_word' id='word_1_134' title='bbox 958 1831 973 1855; x_wconf 95' lang='grc'><strong>,</strong></span> <span class='ocrx_word' id='word_1_135' title='bbox 1008 1793 1091 1858; x_wconf 89' lang='grc' dir='ltr'><strong>τίς</strong></span> <span class='ocrx_word' id='word_1_136' title='bbox 1125 1796 1272 1852; x_wconf 75' lang='grc' dir='ltr'>ἐστιν</span> <span class='ocrx_word' id='word_1_137' title='bbox 1299 1797 1580 1866; x_wconf 82' lang='grc' dir='ltr'>ἀδελφιδός</span> <span class='ocrx_word' id='word_1_138' title='bbox 1626 1818 1741 1868; x_wconf 89' lang='grc' dir='ltr'>σου,</span> 
     </span>
    </p>
   </div>
   <div class='ocr_carea' id='block_1_20' title="bbox 1840 596 3426 668">
    <p class='ocr_par' dir='ltr' id='par_1_20' title="bbox 1840 596 3426 668">
     <span class='ocr_line' id='line_1_20' title="bbox 1840 596 3426 668; baseline 0.001 -16"><span class='ocrx_word' id='word_1_139' title='bbox 1840 598 1918 652; x_wconf 82' lang='lat' dir='ltr'><strong>ita</strong></span> <span class='ocrx_word' id='word_1_140' title='bbox 1935 596 2284 668; x_wconf 76' lang='lat' dir='ltr'><strong>jurejurando</strong></span> <span class='ocrx_word' id='word_1_141' title='bbox 2349 613 2442 652; x_wconf 77' lang='lat' dir='ltr'><strong>nos</strong></span> <span class='ocrx_word' id='word_1_142' title='bbox 2492 597 2855 653; x_wconf 70' lang='lat' dir='ltr'><strong>astrinxeris.’</strong></span> <span class='ocrx_word' id='word_1_143' title='bbox 2919 596 3000 652; x_wconf 81' lang='lat' dir='ltr'><strong>Ea</strong></span> <span class='ocrx_word' id='word_1_144' title='bbox 3044 600 3212 656; x_wconf 84' lang='lat' dir='ltr'><strong>verba</strong></span> <span class='ocrx_word' id='word_1_145' title='bbox 3261 601 3426 656; x_wconf 87' lang='lat' dir='ltr'><strong>talem</strong></span> 
     </span>
    </p>
   </div>
   <div class='ocr_carea' id='block_1_21' title="bbox 1840 687 3424 760">
    <p class='ocr_par' dir='ltr' id='par_1_21' title="bbox 1840 687 3424 760">
     <span class='ocr_line' id='line_1_21' title="bbox 1840 687 3424 760; baseline 0.003 -17"><span class='ocrx_word' id='word_1_146' title='bbox 1840 687 1976 743; x_wconf 88' lang='lat' dir='ltr'><strong>mihi</strong></span> <span class='ocrx_word' id='word_1_147' title='bbox 2037 687 2321 744; x_wconf 88' lang='lat' dir='ltr'><strong>continere</strong></span> <span class='ocrx_word' id='word_1_148' title='bbox 2375 703 2600 744; x_wconf 85' lang='lat' dir='ltr'><strong>sensum</strong></span> <span class='ocrx_word' id='word_1_149' title='bbox 2638 688 2918 756; x_wconf 79' lang='lat' dir='ltr'><strong>videnlur,</strong></span> <span class='ocrx_word' id='word_1_150' title='bbox 2963 691 3424 760; x_wconf 85' lang='lat' dir='ltr'><strong>quemadmodum</strong></span> 
     </span>
    </p>
   </div>
   <div class='ocr_carea' id='block_1_22' title="bbox 1841 779 3425 854">
    <p class='ocr_par' dir='ltr' id='par_1_22' title="bbox 1841 779 3425 854">
     <span class='ocr_line' id='line_1_22' title="bbox 1841 779 3425 854; baseline 0.001 -16"><span class='ocrx_word' id='word_1_151' title='bbox 1841 797 1910 838; x_wconf 80' lang='lat' dir='ltr'><strong>ex</strong></span> <span class='ocrx_word' id='word_1_152' title='bbox 1947 781 2067 854; x_wconf 85' lang='lat' dir='ltr'><strong>ipsa</strong></span> <span class='ocrx_word' id='word_1_153' title='bbox 2095 795 2278 836; x_wconf 87' lang='lat' dir='ltr'><strong>rerum</strong></span> <span class='ocrx_word' id='word_1_154' title='bbox 2305 779 2419 850; x_wconf 89' lang='lat' dir='ltr'><strong>jam</strong></span> <span class='ocrx_word' id='word_1_155' title='bbox 2452 781 2840 852; x_wconf 87' lang='lat' dir='ltr'><strong>inquisitarum</strong></span> <span class='ocrx_word' id='word_1_156' title='bbox 2879 782 3022 839; x_wconf 89' lang='lat' dir='ltr'><strong>serie</strong></span> <span class='ocrx_word' id='word_1_157' title='bbox 3053 783 3332 853; x_wconf 86' lang='lat' dir='ltr'><strong>conjicere</strong></span> <span class='ocrx_word' id='word_1_158' title='bbox 3360 785 3425 839; x_wconf 91' lang='lat' dir='ltr'><strong>li-</strong></span> 
     </span>
    </p>
   </div>
   <div class='ocr_carea' id='block_1_23' title="bbox 1842 871 3426 946">
    <p class='ocr_par' dir='ltr' id='par_1_23' title="bbox 1842 871 3426 946">
     <span class='ocr_line' id='line_1_23' title="bbox 1842 871 3426 946; baseline 0.003 -18"><span class='ocrx_word' id='word_1_159' title='bbox 1842 881 1930 929; x_wconf 89' lang='lat' dir='ltr'><strong>cet</strong></span> <span class='ocrx_word' id='word_1_160' title='bbox 1959 894 1974 934; x_wconf 81' lang='lat'><strong>:</strong></span> <span class='ocrx_word' id='word_1_161' title='bbox 2007 873 2146 938; x_wconf 82' lang='lat' dir='ltr'><strong>Quia</strong></span> <span class='ocrx_word' id='word_1_162' title='bbox 2177 871 2426 928; x_wconf 88' lang='lat' dir='ltr'><strong>viderunt</strong></span> <span class='ocrx_word' id='word_1_163' title='bbox 2462 873 2701 943; x_wconf 77' lang='lat' dir='ltr'><strong>virgines</strong></span> <span class='ocrx_word' id='word_1_164' title='bbox 2750 877 3066 946; x_wconf 64' lang='lat' dir='ltr'><strong>praeclaram</strong></span> <span class='ocrx_word' id='word_1_165' title='bbox 3117 876 3266 932; x_wconf 84' lang='lat' dir='ltr'><strong>illam</strong></span> <span class='ocrx_word' id='word_1_166' title='bbox 3304 877 3426 932; x_wconf 87' lang='lat' dir='ltr'><strong>ani-</strong></span> 
     </span>
    </p>
   </div>
   <div class='ocr_carea' id='block_1_24' title="bbox 1842 967 3428 1037">
    <p class='ocr_par' dir='ltr' id='par_1_24' title="bbox 1842 967 3428 1037">
     <span class='ocr_line' id='line_1_24' title="bbox 1842 967 3428 1037; baseline 0.004 -19"><span class='ocrx_word' id='word_1_167' title='bbox 1842 979 1966 1028; x_wconf 70' lang='lat' dir='ltr'><strong>mae,</strong></span> <span class='ocrx_word' id='word_1_168' title='bbox 2002 979 2123 1032; x_wconf 68' lang='lat' dir='ltr'><strong>quae</strong></span> <span class='ocrx_word' id='word_1_169' title='bbox 2169 978 2374 1034; x_wconf 90' lang='lat' dir='ltr'><strong>sponsa</strong></span> <span class='ocrx_word' id='word_1_170' title='bbox 2407 970 2510 1030; x_wconf 90' lang='lat' dir='ltr'><strong>est,</strong></span> <span class='ocrx_word' id='word_1_171' title='bbox 2555 967 2945 1037; x_wconf 76' lang='lat' dir='ltr'><strong>egressionem,</strong></span> <span class='ocrx_word' id='word_1_172' title='bbox 2990 984 3115 1023; x_wconf 91' lang='lat' dir='ltr'><strong>cum</strong></span> <span class='ocrx_word' id='word_1_173' title='bbox 3147 967 3326 1025; x_wconf 82' lang='lat' dir='ltr'><strong>Verbo</strong></span> <span class='ocrx_word' id='word_1_174' title='bbox 3367 986 3428 1025; x_wconf 85' lang='lat' dir='ltr'><strong>se</strong></span> 
     </span>
    </p>
   </div>
   <div class='ocr_carea' id='block_1_25' title="bbox 1843 1056 3430 1131">
    <p class='ocr_par' dir='ltr' id='par_1_25' title="bbox 1843 1056 3430 1131">
     <span class='ocr_line' id='line_1_25' title="bbox 1843 1056 3430 1131; baseline 0.003 -19"><span class='ocrx_word' id='word_1_175' title='bbox 1843 1056 2185 1127; x_wconf 78' lang='lat' dir='ltr'><strong>adjungeret,</strong></span> <span class='ocrx_word' id='word_1_176' title='bbox 2230 1057 2317 1113; x_wconf 91' lang='lat' dir='ltr'><strong>his</strong></span> <span class='ocrx_word' id='word_1_177' title='bbox 2360 1058 2543 1113; x_wconf 85' lang='lat' dir='ltr'><strong>verbis</strong></span> <span class='ocrx_word' id='word_1_178' title='bbox 2590 1073 2698 1114; x_wconf 63' lang='lat' dir='ltr'><strong>usa&#39;.</strong></span> <span class='ocrx_word' id='word_1_179' title='bbox 2763 1077 2776 1114; x_wconf 91' lang='lat'><strong>:</strong></span> <span class='ocrx_word' id='word_1_180' title='bbox 2832 1059 3062 1131; x_wconf 78' lang='lat' dir='ltr'><strong>Egressa</strong></span> <span class='ocrx_word' id='word_1_181' title='bbox 3120 1069 3196 1115; x_wconf 78' lang='lat' dir='ltr'><strong>est</strong></span> <span class='ocrx_word' id='word_1_182' title='bbox 3246 1064 3430 1116; x_wconf 77' lang='lat' dir='ltr'><strong>anima</strong></span> 
     </span>
    </p>
   </div>
   <div class='ocr_carea' id='block_1_26' title="bbox 1845 1148 3428 1222">
    <p class='ocr_par' dir='ltr' id='par_1_26' title="bbox 1845 1148 3428 1222">
     <span class='ocr_line' id='line_1_26' title="bbox 1845 1148 3428 1222; baseline 0.004 -20"><span class='ocrx_word' id='word_1_183' title='bbox 1845 1165 1961 1203; x_wconf 88' lang='lat' dir='ltr'><strong>mea</strong></span> <span class='ocrx_word' id='word_1_184' title='bbox 2003 1149 2072 1202; x_wconf 87' lang='lat' dir='ltr'><strong>ad</strong></span> <span class='ocrx_word' id='word_1_185' title='bbox 2121 1162 2413 1203; x_wconf 75' lang='lat' dir='ltr'><strong>sermonem</strong></span> <span class='ocrx_word' id='word_1_186' title='bbox 2477 1148 2636 1218; x_wconf 81' lang='lat' dir='ltr'><strong>ejus;</strong></span> <span class='ocrx_word' id='word_1_187' title='bbox 2679 1150 2805 1220; x_wconf 88' lang='lat' dir='ltr'><strong>quia</strong></span> <span class='ocrx_word' id='word_1_188' title='bbox 2858 1151 2987 1206; x_wconf 84' lang='lat' dir='ltr'><strong>item</strong></span> <span class='ocrx_word' id='word_1_189' title='bbox 3031 1164 3428 1222; x_wconf 76' lang='lat' dir='ltr'><strong>cognoverunt,</strong></span> 
     </span>
    </p>
   </div>
   <div class='ocr_carea' id='block_1_27' title="bbox 1845 1239 3431 1314">
    <p class='ocr_par' dir='ltr' id='par_1_27' title="bbox 1845 1239 3431 1314">
     <span class='ocr_line' id='line_1_27' title="bbox 1845 1239 3431 1314; baseline 0.004 -20"><span class='ocrx_word' id='word_1_190' title='bbox 1845 1239 1990 1310; x_wconf 91' lang='lat' dir='ltr'><strong>quod</strong></span> <span class='ocrx_word' id='word_1_191' title='bbox 2039 1255 2260 1310; x_wconf 78' lang='lat' dir='ltr'><strong>egressa</strong></span> <span class='ocrx_word' id='word_1_192' title='bbox 2299 1241 2576 1311; x_wconf 72' lang='lat' dir='ltr'><strong>quaesierit</strong></span> <span class='ocrx_word' id='word_1_193' title='bbox 2609 1241 2792 1309; x_wconf 87' lang='lat' dir='ltr'><strong>illum,</strong></span> <span class='ocrx_word' id='word_1_194' title='bbox 2848 1243 2942 1313; x_wconf 90' lang='lat' dir='ltr'><strong>qui</strong></span> <span class='ocrx_word' id='word_1_195' title='bbox 2980 1258 3077 1314; x_wconf 91' lang='lat' dir='ltr'><strong>per</strong></span> <span class='ocrx_word' id='word_1_196' title='bbox 3124 1245 3280 1314; x_wconf 73' lang='lat' dir='ltr'><strong>signa</strong></span> <span class='ocrx_word' id='word_1_197' title='bbox 3333 1259 3431 1300; x_wconf 88' lang='lat' dir='ltr'><strong>ne—</strong></span> 
     </span>
    </p>
   </div>
   <div class='ocr_carea' id='block_1_28' title="bbox 1845 1332 3430 1405">
    <p class='ocr_par' dir='ltr' id='par_1_28' title="bbox 1845 1332 3430 1405">
     <span class='ocr_line' id='line_1_28' title="bbox 1845 1332 3430 1405; baseline 0.003 -19"><span class='ocrx_word' id='word_1_198' title='bbox 1845 1334 1965 1403; x_wconf 90' lang='lat' dir='ltr'><strong>quit</strong></span> <span class='ocrx_word' id='word_1_199' title='bbox 2010 1332 2278 1398; x_wconf 80' lang='lat' dir='ltr'><strong>inveniri,</strong></span> <span class='ocrx_word' id='word_1_200' title='bbox 2347 1348 2412 1388; x_wconf 89' lang='lat' dir='ltr'><strong>ac</strong></span> <span class='ocrx_word' id='word_1_201' title='bbox 2475 1333 2755 1389; x_wconf 87' lang='lat' dir='ltr'><strong>vocaverit</strong></span> <span class='ocrx_word' id='word_1_202' title='bbox 2797 1349 2925 1388; x_wconf 89' lang='lat' dir='ltr'><strong>eum</strong></span> <span class='ocrx_word' id='word_1_203' title='bbox 2996 1335 3090 1405; x_wconf 87' lang='lat' dir='ltr'><strong>qui</strong></span> <span class='ocrx_word' id='word_1_204' title='bbox 3143 1336 3430 1390; x_wconf 89' lang='lat' dir='ltr'><strong>nominum</strong></span> 
     </span>
    </p>
   </div>
   <div class='ocr_carea' id='block_1_29' title="bbox 1847 1426 3429 1498">
    <p class='ocr_par' dir='ltr' id='par_1_29' title="bbox 1847 1426 3429 1498">
     <span class='ocr_line' id='line_1_29' title="bbox 1847 1426 3429 1498; baseline 0.002 -19"><span class='ocrx_word' id='word_1_205' title='bbox 1847 1426 2304 1497; x_wconf 85' lang='lat' dir='ltr'><strong>appellationibus</strong></span> <span class='ocrx_word' id='word_1_206' title='bbox 2345 1441 2456 1481; x_wconf 92' lang='lat' dir='ltr'><strong>non</strong></span> <span class='ocrx_word' id='word_1_207' title='bbox 2517 1426 2736 1482; x_wconf 89' lang='lat' dir='ltr'><strong>adhibet</strong></span> <span class='ocrx_word' id='word_1_208' title='bbox 2785 1441 3024 1488; x_wconf 79' lang='lat' dir='ltr'><strong>aurem:</strong></span> <span class='ocrx_word' id='word_1_209' title='bbox 3073 1426 3278 1484; x_wconf 89' lang='lat' dir='ltr'><strong>idcirco</strong></span> <span class='ocrx_word' id='word_1_210' title='bbox 3315 1429 3429 1498; x_wconf 84' lang='lat' dir='ltr'><strong>jam</strong></span> 
     </span>
    </p>
   </div>
   <div class='ocr_carea' id='block_1_30' title="bbox 1846 1517 3432 1590">
    <p class='ocr_par' dir='ltr' id='par_1_30' title="bbox 1846 1517 3432 1590">
     <span class='ocr_line' id='line_1_30' title="bbox 1846 1517 3432 1590; baseline 0.003 -19"><span class='ocrx_word' id='word_1_211' title='bbox 1846 1525 2100 1587; x_wconf 56' lang='lat' dir='ltr'><strong>quaerunt</strong></span> <span class='ocrx_word' id='word_1_212' title='bbox 2130 1518 2236 1572; x_wconf 90' lang='lat' dir='ltr'><strong>hoc</strong></span> <span class='ocrx_word' id='word_1_213' title='bbox 2264 1517 2679 1590; x_wconf 87' lang='lat' dir='ltr'><strong>quodammodo</strong></span> <span class='ocrx_word' id='word_1_214' title='bbox 2725 1536 2742 1574; x_wconf 77' lang='grc' dir='ltr'><strong>ι</strong></span> <span class='ocrx_word' id='word_1_215' title='bbox 2799 1517 2901 1586; x_wconf 83' lang='lat' dir='ltr'><strong>Qui</strong></span> <span class='ocrx_word' id='word_1_216' title='bbox 2928 1534 3030 1575; x_wconf 91' lang='lat' dir='ltr'><strong>nos</strong></span> <span class='ocrx_word' id='word_1_217' title='bbox 3069 1533 3432 1590; x_wconf 77' lang='lat' dir='ltr'><strong>agnoscemus</strong></span> 
     </span>
    </p>
   </div>
   <div class='ocr_carea' id='block_1_31' title="bbox 1845 1609 3433 1682">
    <p class='ocr_par' dir='ltr' id='par_1_31' title="bbox 1845 1609 3433 1682">
     <span class='ocr_line' id='line_1_31' title="bbox 1845 1609 3433 1682; baseline 0.002 -19"><span class='ocrx_word' id='word_1_218' title='bbox 1845 1623 1971 1664; x_wconf 91' lang='lat' dir='ltr'><strong>eum</strong></span> <span class='ocrx_word' id='word_1_219' title='bbox 2028 1609 2124 1680; x_wconf 86' lang='lat' dir='ltr'><strong>qui</strong></span> <span class='ocrx_word' id='word_1_220' title='bbox 2175 1609 2326 1664; x_wconf 90' lang='lat' dir='ltr'><strong>nullo</strong></span> <span class='ocrx_word' id='word_1_221' title='bbox 2364 1611 2522 1682; x_wconf 77' lang='lat' dir='ltr'><strong>signo</strong></span> <span class='ocrx_word' id='word_1_222' title='bbox 2561 1609 2790 1681; x_wconf 84' lang='lat' dir='ltr'><strong>reperiri</strong></span> <span class='ocrx_word' id='word_1_223' title='bbox 2845 1617 3026 1680; x_wconf 89' lang='lat' dir='ltr'><strong>potest</strong></span> <span class='ocrx_word' id='word_1_224' title='bbox 3071 1610 3214 1666; x_wconf 90' lang='lat' dir='ltr'><strong>unde</strong></span> <span class='ocrx_word' id='word_1_225' title='bbox 3264 1625 3433 1680; x_wconf 80' lang='lat' dir='ltr'><strong>agno-</strong></span> 
     </span>
    </p>
   </div>
   <div class='ocr_carea' id='block_1_32' title="bbox 1848 1701 3430 1772">
    <p class='ocr_par' dir='ltr' id='par_1_32' title="bbox 1848 1701 3430 1772">
     <span class='ocr_line' id='line_1_32' title="bbox 1848 1701 3430 1772; baseline 0.002 -16"><span class='ocrx_word' id='word_1_226' title='bbox 1848 1701 2072 1756; x_wconf 82' lang='lat' dir='ltr'><strong>scatur?</strong></span> <span class='ocrx_word' id='word_1_227' title='bbox 2101 1702 2304 1772; x_wconf 86' lang='lat' dir='ltr'><strong>quippe</strong></span> <span class='ocrx_word' id='word_1_228' title='bbox 2334 1717 2461 1757; x_wconf 89' lang='lat' dir='ltr'><strong>cum</strong></span> <span class='ocrx_word' id='word_1_229' title='bbox 2487 1714 2716 1760; x_wconf 88' lang='lat' dir='ltr'><strong>vocatus</strong></span> <span class='ocrx_word' id='word_1_230' title='bbox 2739 1717 2846 1758; x_wconf 85' lang='lat' dir='ltr'><strong>non</strong></span> <span class='ocrx_word' id='word_1_231' title='bbox 2873 1702 3059 1758; x_wconf 86' lang='lat' dir='ltr'><strong>audiat</strong></span> <span class='ocrx_word' id='word_1_232' title='bbox 3077 1741 3094 1768; x_wconf 93' lang='lat'><strong>,</strong></span> <span class='ocrx_word' id='word_1_233' title='bbox 3147 1710 3202 1758; x_wconf 89' lang='lat' dir='ltr'><strong>et</strong></span> <span class='ocrx_word' id='word_1_234' title='bbox 3228 1702 3430 1772; x_wconf 64' lang='lat' dir='ltr'><strong>quaesi-</strong></span> 
     </span>
    </p>
   </div>
   <div class='ocr_carea' id='block_1_33' title="bbox 1848 1791 3445 1862">
    <p class='ocr_par' dir='ltr' id='par_1_33' title="bbox 1848 1791 3445 1862">
     <span class='ocr_line' id='line_1_33' title="bbox 1848 1791 3445 1862; baseline 0.001 -18"><span class='ocrx_word' id='word_1_235' title='bbox 1848 1797 1937 1845; x_wconf 92' lang='lat' dir='ltr'><strong>tus</strong></span> <span class='ocrx_word' id='word_1_236' title='bbox 1992 1805 2103 1845; x_wconf 91' lang='lat' dir='ltr'><strong>non</strong></span> <span class='ocrx_word' id='word_1_237' title='bbox 2161 1792 2704 1862; x_wconf 76' lang='lat' dir='ltr'><strong>comprehendatur?</strong></span> <span class='ocrx_word' id='word_1_238' title='bbox 2763 1793 2959 1848; x_wconf 85' lang='lat' dir='ltr'><strong>Adime</strong></span> <span class='ocrx_word' id='word_1_239' title='bbox 3002 1793 3209 1848; x_wconf 84' lang='lat' dir='ltr'><strong>nostris</strong></span> <span class='ocrx_word' id='word_1_240' title='bbox 3264 1791 3445 1848; x_wconf 35' lang='lat' dir='ltr'><strong>etiam:</strong></span> 
     </span>
    </p>
   </div>
   <div class='ocr_carea' id='block_1_34' title="bbox 146 1861 1746 1960">
    <p class='ocr_par' dir='ltr' id='par_1_34' title="bbox 146 1861 1741 1960">
     <span class='ocr_line' id='line_1_34' title="bbox 146 1861 1741 1960; baseline 0.012 -34"><span class='ocrx_word' id='word_1_241' title='bbox 146 1874 278 1927; x_wconf 88' lang='grc' dir='ltr'>καθ’</span> <span class='ocrx_word' id='word_1_242' title='bbox 307 1876 336 1928; x_wconf 85' lang='grc' dir='ltr'>ὅ</span> <span class='ocrx_word' id='word_1_243' title='bbox 362 1877 508 1930; x_wconf 78' lang='grc' dir='ltr'>ἐστιν</span> <span class='ocrx_word' id='word_1_244' title='bbox 537 1878 595 1932; x_wconf 83' lang='grc' dir='ltr'>ὲν</span> <span class='ocrx_word' id='word_1_245' title='bbox 627 1879 705 1949; x_wconf 79' lang='grc' dir='ltr'>τῷ</span> <span class='ocrx_word' id='word_1_246' title='bbox 749 1861 892 1951; x_wconf 80' lang='grc' dir='ltr'>λόγῳ</span> <span class='ocrx_word' id='word_1_247' title='bbox 926 1883 1025 1953; x_wconf 76' lang='grc' dir='ltr'>τῆς</span> <span class='ocrx_word' id='word_1_248' title='bbox 1055 1882 1289 1953; x_wconf 80' lang='grc' dir='ltr'>φύσεως.</span> <span class='ocrx_word' id='word_1_249' title='bbox 1321 1887 1422 1951; x_wconf 83' lang='grc' dir='ltr'><strong>Δὸς</strong></span> <span class='ocrx_word' id='word_1_250' title='bbox 1442 1861 1586 1959; x_wconf 43' lang='grc' dir='ltr'>’ἡμῖν</span> <span class='ocrx_word' id='word_1_251' title='bbox 1618 1861 1741 1960; x_wconf 44' lang='grc' dir='ltr'>ἓφοέ</span> 
     </span>
    </p>
   </div>
   <div class='ocr_carea' id='block_1_35' title="bbox 1852 1861 3429 1960">
    <p class='ocr_par' dir='ltr' id='par_1_35' title="bbox 1852 1861 3429 1954">
     <span class='ocr_line' id='line_1_35' title="bbox 1852 1861 3429 1954; baseline -0.001 -17"><span class='ocrx_word' id='word_1_252' title='bbox 1852 1883 2022 1940; x_wconf 86' lang='lat' dir='ltr'><strong>oculis</strong></span> <span class='ocrx_word' id='word_1_253' title='bbox 2060 1883 2198 1950; x_wconf 89' lang='lat' dir='ltr'><strong>vela,</strong></span> <span class='ocrx_word' id='word_1_254' title='bbox 2235 1861 2381 1954; x_wconf 80' lang='lat' dir='ltr'><strong>quod</strong></span> <span class='ocrx_word' id='word_1_255' title='bbox 2429 1885 2526 1939; x_wconf 90' lang='lat' dir='ltr'><strong>tibi</strong></span> <span class='ocrx_word' id='word_1_256' title='bbox 2575 1884 2835 1941; x_wconf 84' lang='lat' dir='ltr'><strong>custodes</strong></span> <span class='ocrx_word' id='word_1_257' title='bbox 2875 1884 3114 1940; x_wconf 77' lang='lat' dir='ltr'><strong>civitatis</strong></span> <span class='ocrx_word' id='word_1_258' title='bbox 3162 1884 3429 1948; x_wconf 83' lang='lat' dir='ltr'><strong>fecerunt,</strong></span> 
     </span>
    </p>
   </div>
   <div class='ocr_carea' id='block_1_36' title="bbox 144 1963 1742 2047">
    <p class='ocr_par' dir='ltr' id='par_1_36' title="bbox 144 1963 1742 2047">
     <span class='ocr_line' id='line_1_36' title="bbox 144 1963 1742 2047; baseline 0.012 -31"><span class='ocrx_word' id='word_1_259' title='bbox 144 1963 242 2018; x_wconf 86' lang='grc' dir='ltr'><strong>δον</strong></span> <span class='ocrx_word' id='word_1_260' title='bbox 292 1964 392 2035; x_wconf 83' lang='grc' dir='ltr'>τῆς</span> <span class='ocrx_word' id='word_1_261' title='bbox 438 1967 786 2037; x_wconf 73' lang='grc' dir='ltr'><strong>ἐπιγνώσεως</strong></span> <span class='ocrx_word' id='word_1_262' title='bbox 821 1970 986 2023; x_wconf 78' lang='grc' dir='ltr'>αὐτοῦ</span> <span class='ocrx_word' id='word_1_263' title='bbox 1017 2013 1031 2035; x_wconf 92' lang='grc'><strong>,</strong></span> <span class='ocrx_word' id='word_1_264' title='bbox 1062 1973 1150 2026; x_wconf 86' lang='grc' dir='ltr'>διὰ</span> <span class='ocrx_word' id='word_1_265' title='bbox 1175 1978 1552 2047; x_wconf 84' lang='grc' dir='ltr'>γνωριστικῶν</span> <span class='ocrx_word' id='word_1_266' title='bbox 1580 1997 1742 2035; x_wconf 88' lang='grc' dir='ltr'>τινων</span> 
     </span>
    </p>
   </div>
   <div class='ocr_carea' id='block_1_37' title="bbox 146 2057 1744 2136">
    <p class='ocr_par' dir='ltr' id='par_1_37' title="bbox 146 2057 1744 2136">
     <span class='ocr_line' id='line_1_37' title="bbox 146 2057 1744 2136; baseline 0.012 -27"><span class='ocrx_word' id='word_1_267' title='bbox 146 2057 490 2127; x_wconf 79' lang='grc' dir='ltr'><strong>τεκμηρίων,</strong></span> <span class='ocrx_word' id='word_1_268' title='bbox 520 2060 583 2112; x_wconf 81' lang='grc' dir='ltr'>σὺ</span> <span class='ocrx_word' id='word_1_269' title='bbox 619 2060 712 2114; x_wconf 82' lang='grc' dir='ltr'>τοῦ</span> <span class='ocrx_word' id='word_1_270' title='bbox 744 2062 910 2115; x_wconf 80' lang='grc' dir='ltr'>καλοῦ</span> <span class='ocrx_word' id='word_1_271' title='bbox 944 2065 1314 2136; x_wconf 81' lang='grc' dir='ltr'>πληρωθεῖσα,</span> <span class='ocrx_word' id='word_1_272' title='bbox 1351 2072 1445 2124; x_wconf 86' lang='grc' dir='ltr'>καὶ</span> <span class='ocrx_word' id='word_1_273' title='bbox 1474 2072 1562 2126; x_wconf 82' lang='grc' dir='ltr'><strong>διὰ</strong></span> <span class='ocrx_word' id='word_1_274' title='bbox 1584 2073 1744 2128; x_wconf 79' lang='grc' dir='ltr'>τοῦτο</span> 
     </span>
    </p>
   </div>
   <div class='ocr_carea' id='block_1_38' title="bbox 148 2149 1744 2234">
    <p class='ocr_par' dir='ltr' id='par_1_38' title="bbox 148 2149 1744 2234">
     <span class='ocr_line' id='line_1_38' title="bbox 148 2149 1744 2234; baseline 0.013 -36"><span class='ocrx_word' id='word_1_275' title='bbox 148 2149 420 2219; x_wconf 81' lang='grc' dir='ltr'>γενομένη</span> <span class='ocrx_word' id='word_1_276' title='bbox 462 2149 600 2221; x_wconf 85' lang='grc' dir='ltr'>καλὴ</span> <span class='ocrx_word' id='word_1_277' title='bbox 634 2152 692 2204; x_wconf 84' lang='grc' dir='ltr'>ὲν</span> <span class='ocrx_word' id='word_1_278' title='bbox 729 2154 964 2222; x_wconf 81' lang='grc' dir='ltr'>γυναιξί.</span> <span class='ocrx_word' id='word_1_279' title='bbox 989 2154 1260 2226; x_wconf 87' lang='grc' dir='ltr'>Γνώρισον</span> <span class='ocrx_word' id='word_1_280' title='bbox 1289 2160 1420 2230; x_wconf 82' lang='grc' dir='ltr'>ἡμῖν</span> <span class='ocrx_word' id='word_1_281' title='bbox 1459 2161 1521 2214; x_wconf 86' lang='grc' dir='ltr'>τὸ</span> <span class='ocrx_word' id='word_1_282' title='bbox 1551 2161 1744 2234; x_wconf 80' lang='grc' dir='ltr'>ζητού-</span> 
     </span>
    </p>
   </div>
   <div class='ocr_carea' id='block_1_39' title="bbox 150 2238 1744 2324">
    <p class='ocr_par' dir='ltr' id='par_1_39' title="bbox 150 2238 1744 2324">
     <span class='ocr_line' id='line_1_39' title="bbox 150 2238 1744 2324; baseline 0.011 -33"><span class='ocrx_word' id='word_1_283' title='bbox 150 2256 344 2310; x_wconf 86' lang='grc' dir='ltr'>μενον,</span> <span class='ocrx_word' id='word_1_284' title='bbox 380 2242 478 2304; x_wconf 69' lang='grc' dir='ltr'>καὶ</span> <span class='ocrx_word' id='word_1_285' title='bbox 501 2241 710 2308; x_wconf 77' lang='grc' dir='ltr'>δίδαξον</span> <span class='ocrx_word' id='word_1_286' title='bbox 739 2245 888 2315; x_wconf 79' lang='grc' dir='ltr'>ἡμᾶς</span> <span class='ocrx_word' id='word_1_287' title='bbox 906 2283 921 2309; x_wconf 96' lang='grc'><strong>,</strong></span> <span class='ocrx_word' id='word_1_288' title='bbox 949 2244 1015 2298; x_wconf 78' lang='grc' dir='ltr'>δι’</span> <span class='ocrx_word' id='word_1_289' title='bbox 1052 2238 1128 2300; x_wconf 84' lang='grc' dir='ltr'>ὧν</span> <span class='ocrx_word' id='word_1_290' title='bbox 1153 2247 1470 2319; x_wconf 81' lang='grc' dir='ltr'>εὑρίσκεται</span> <span class='ocrx_word' id='word_1_291' title='bbox 1499 2253 1744 2324; x_wconf 82' lang='grc' dir='ltr'>σημείων</span> 
     </span>
    </p>
   </div>
   <div class='ocr_carea' id='block_1_40' title="bbox 146 2333 1744 2419">
    <p class='ocr_par' dir='ltr' id='par_1_40' title="bbox 146 2333 1744 2419">
     <span class='ocr_line' id='line_1_40' title="bbox 146 2333 1744 2419; baseline 0.01 -33"><span class='ocrx_word' id='word_1_292' title='bbox 146 2335 182 2387; x_wconf 78' lang='grc' dir='ltr'>ὁ</span> <span class='ocrx_word' id='word_1_293' title='bbox 205 2333 436 2405; x_wconf 83' lang='grc' dir='ltr'>ἀόρατος</span> <span class='ocrx_word' id='word_1_294' title='bbox 461 2377 476 2400; x_wconf 86' lang='grc'><strong>,</strong></span> <span class='ocrx_word' id='word_1_295' title='bbox 525 2335 602 2398; x_wconf 82' lang='grc' dir='ltr'><strong>ὡς</strong></span> <span class='ocrx_word' id='word_1_296' title='bbox 637 2337 873 2408; x_wconf 74' lang='grc' dir='ltr'>μηνῦσαι</span> <span class='ocrx_word' id='word_1_297' title='bbox 908 2339 1058 2411; x_wconf 80' lang='grc' dir='ltr'><strong>αὐτῷ</strong></span> <span class='ocrx_word' id='word_1_298' title='bbox 1114 2343 1244 2413; x_wconf 77' lang='grc' dir='ltr'>περὶ</span> <span class='ocrx_word' id='word_1_299' title='bbox 1275 2342 1369 2396; x_wconf 80' lang='grc' dir='ltr'><strong>τοῦ</strong></span> <span class='ocrx_word' id='word_1_300' title='bbox 1424 2344 1610 2415; x_wconf 81' lang='grc' dir='ltr'>βέλους</span> <span class='ocrx_word' id='word_1_301' title='bbox 1645 2349 1744 2419; x_wconf 80' lang='grc' dir='ltr'>τῆς</span> 
     </span>
    </p>
   </div>
   <div class='ocr_carea' id='block_1_41' title="bbox 148 2420 1745 2511">
    <p class='ocr_par' dir='ltr' id='par_1_41' title="bbox 148 2420 1745 2511">
     <span class='ocr_line' id='line_1_41' title="bbox 148 2420 1745 2511; baseline 0.011 -35"><span class='ocrx_word' id='word_1_302' title='bbox 148 2423 409 2496; x_wconf 80' lang='grc' dir='ltr'><strong>ἀγάπης,</strong></span> <span class='ocrx_word' id='word_1_303' title='bbox 443 2420 488 2494; x_wconf 81' lang='grc' dir='ltr'><strong>ᾧ</strong></span> <span class='ocrx_word' id='word_1_304' title='bbox 545 2427 696 2498; x_wconf 83' lang='grc' dir='ltr'>μέσῳ</span> <span class='ocrx_word' id='word_1_305' title='bbox 741 2428 1011 2497; x_wconf 84' lang='grc' dir='ltr'>τέτρωσαι</span> <span class='ocrx_word' id='word_1_306' title='bbox 1064 2433 1164 2504; x_wconf 86' lang='grc' dir='ltr'>τὴν</span> <span class='ocrx_word' id='word_1_307' title='bbox 1206 2435 1472 2506; x_wconf 83' lang='grc' dir='ltr'>καρδίαν,</span> <span class='ocrx_word' id='word_1_308' title='bbox 1507 2437 1594 2492; x_wconf 83' lang='grc' dir='ltr'>διὰ</span> <span class='ocrx_word' id='word_1_309' title='bbox 1644 2441 1745 2511; x_wconf 80' lang='grc' dir='ltr'>τῆς</span> 
     </span>
    </p>
   </div>
   <div class='ocr_carea' id='block_1_42' title="bbox 149 2514 1745 2600">
    <p class='ocr_par' dir='ltr' id='par_1_42' title="bbox 149 2514 1745 2600">
     <span class='ocr_line' id='line_1_42' title="bbox 149 2514 1745 2600; baseline 0.013 -34"><span class='ocrx_word' id='word_1_310' title='bbox 149 2514 417 2598; x_wconf 81' lang='grc' dir='ltr'>γλυκείας</span> <span class='ocrx_word' id='word_1_311' title='bbox 446 2517 640 2589; x_wconf 82' lang='grc' dir='ltr'>ὀδύνης</span> <span class='ocrx_word' id='word_1_312' title='bbox 666 2519 759 2574; x_wconf 80' lang='grc' dir='ltr'>τὸν</span> <span class='ocrx_word' id='word_1_313' title='bbox 801 2521 965 2576; x_wconf 81' lang='grc' dir='ltr'>πόθον</span> <span class='ocrx_word' id='word_1_314' title='bbox 1016 2524 1346 2592; x_wconf 81' lang='grc' dir='ltr'>ἐπαύξουσα.</span> <span class='ocrx_word' id='word_1_315' title='bbox 1381 2530 1643 2600; x_wconf 86' lang='grc' dir='ltr'>Κρεῖττον</span> <span class='ocrx_word' id='word_1_316' title='bbox 1687 2533 1745 2586; x_wconf 82' lang='grc' dir='ltr'>δὲ</span> 
     </span>
    </p>
   </div>
   <div class='ocr_carea' id='block_1_43' title="bbox 153 2606 1745 2684">
    <p class='ocr_par' dir='ltr' id='par_1_43' title="bbox 153 2606 1745 2684">
     <span class='ocr_line' id='line_1_43' title="bbox 153 2606 1745 2684; baseline 0.01 -24"><span class='ocrx_word' id='word_1_317' title='bbox 153 2606 226 2661; x_wconf 78' lang='grc' dir='ltr'>ἂν</span> <span class='ocrx_word' id='word_1_318' title='bbox 268 2607 351 2678; x_wconf 77' lang='grc' dir='ltr'><strong>εἴη</strong></span> <span class='ocrx_word' id='word_1_319' title='bbox 379 2649 394 2674; x_wconf 92' lang='grc'><strong>,</strong></span> <span class='ocrx_word' id='word_1_320' title='bbox 428 2610 588 2664; x_wconf 78' lang='grc' dir='ltr'>πάλιν</span> <span class='ocrx_word' id='word_1_321' title='bbox 616 2611 716 2681; x_wconf 82' lang='grc' dir='ltr'>τὴν</span> <span class='ocrx_word' id='word_1_322' title='bbox 752 2613 922 2683; x_wconf 77' lang='grc' dir='ltr'>αὐτὴν</span> <span class='ocrx_word' id='word_1_323' title='bbox 952 2614 1112 2684; x_wconf 77' lang='grc' dir='ltr'>ῥῆσιν</span> <span class='ocrx_word' id='word_1_324' title='bbox 1147 2617 1508 2674; x_wconf 79' lang='grc' dir='ltr'>ἐπαναλαϐεῖν</span> <span class='ocrx_word' id='word_1_325' title='bbox 1536 2622 1631 2676; x_wconf 75' lang='grc' dir='ltr'>ἐπὶ</span> <span class='ocrx_word' id='word_1_326' title='bbox 1658 2622 1745 2675; x_wconf 83' lang='grc' dir='ltr'>λέ-</span> 
     </span>
    </p>
   </div>
   <div class='ocr_carea' id='block_1_44' title="bbox 151 2698 1746 2780">
    <p class='ocr_par' dir='ltr' id='par_1_44' title="bbox 151 2698 1746 2780">
     <span class='ocr_line' id='line_1_44' title="bbox 151 2698 1746 2780; baseline 0.012 -31"><span class='ocrx_word' id='word_1_327' title='bbox 151 2698 296 2765; x_wconf 83' lang='grc' dir='ltr'>ξεως</span> <span class='ocrx_word' id='word_1_328' title='bbox 317 2740 331 2762; x_wconf 88' lang='grc'><strong>,</strong></span> <span class='ocrx_word' id='word_1_329' title='bbox 359 2700 434 2763; x_wconf 88' lang='grc' dir='ltr'><strong>ὡς</strong></span> <span class='ocrx_word' id='word_1_330' title='bbox 463 2701 528 2755; x_wconf 87' lang='grc' dir='ltr'>ἂν</span> <span class='ocrx_word' id='word_1_331' title='bbox 553 2703 856 2774; x_wconf 81' lang='grc' dir='ltr'>ὲφαρμόσοι</span> <span class='ocrx_word' id='word_1_332' title='bbox 886 2706 919 2776; x_wconf 89' lang='grc' dir='ltr'><strong>ή</strong></span> <span class='ocrx_word' id='word_1_333' title='bbox 957 2709 1068 2771; x_wconf 86' lang='grc' dir='ltr'>τοῖς</span> <span class='ocrx_word' id='word_1_334' title='bbox 1107 2711 1290 2780; x_wconf 77' lang='grc' dir='ltr'>ῥητοῖς</span> <span class='ocrx_word' id='word_1_335' title='bbox 1315 2711 1602 2766; x_wconf 84' lang='grc' dir='ltr'>ὲκτεθεῖσα</span> <span class='ocrx_word' id='word_1_336' title='bbox 1626 2714 1746 2768; x_wconf 80' lang='grc' dir='ltr'>διά-</span> 
     </span>
    </p>
   </div>
   <div class='ocr_carea' id='block_1_45' title="bbox 149 2792 1742 2875">
    <p class='ocr_par' dir='ltr' id='par_1_45' title="bbox 149 2792 1742 2875">
     <span class='ocr_line' id='line_1_45' title="bbox 149 2792 1742 2875; baseline 0.011 -32"><span class='ocrx_word' id='word_1_337' title='bbox 149 2807 294 2845; x_wconf 86' lang='grc' dir='ltr'>νοια.</span> <span class='ocrx_word' id='word_1_338' title='bbox 341 2793 402 2845; x_wconf 84' lang='grc' dir='ltr'>Τί</span> <span class='ocrx_word' id='word_1_339' title='bbox 442 2792 768 2862; x_wconf 77' lang='grc' dir='ltr'>ἁδελφιδός</span> <span class='ocrx_word' id='word_1_340' title='bbox 795 2814 914 2851; x_wconf 89' lang='grc' dir='ltr'><strong>σου</strong></span> <span class='ocrx_word' id='word_1_341' title='bbox 947 2799 1065 2853; x_wconf 81' lang='grc' dir='ltr'><strong>ἀπὸ</strong></span> <span class='ocrx_word' id='word_1_342' title='bbox 1099 2799 1460 2870; x_wconf 69' lang='grc' dir='ltr'>ἀδελφιδοῦ,</span> <span class='ocrx_word' id='word_1_343' title='bbox 1501 2804 1540 2871; x_wconf 76' lang='grc' dir='ltr'>ἡ</span> <span class='ocrx_word' id='word_1_344' title='bbox 1582 2805 1742 2875; x_wconf 79' lang='grc' dir='ltr'>καλή</span> 
     </span>
    </p>
   </div>
   <div class='ocr_carea' id='block_1_46' title="bbox 151 2881 1739 2966">
    <p class='ocr_par' dir='ltr' id='par_1_46' title="bbox 151 2881 1739 2966">
     <span class='ocr_line' id='line_1_46' title="bbox 151 2881 1739 2966; baseline 0.011 -31"><span class='ocrx_word' id='word_1_345' title='bbox 151 2881 230 2936; x_wconf 78' lang='grc' dir='ltr'><strong>ἐν</strong></span> <span class='ocrx_word' id='word_1_346' title='bbox 269 2883 512 2952; x_wconf 72' lang='grc' dir='ltr'>γυναιξί</span> <span class='ocrx_word' id='word_1_347' title='bbox 542 2901 562 2950; x_wconf 88' lang='grc'><em>;</em></span> <span class='ocrx_word' id='word_1_348' title='bbox 604 2887 661 2940; x_wconf 85' lang='grc' dir='ltr'><strong>τί</strong></span> <span class='ocrx_word' id='word_1_349' title='bbox 690 2887 1014 2958; x_wconf 69' lang='grc' dir='ltr'>ἀδελφιδός</span> <span class='ocrx_word' id='word_1_350' title='bbox 1057 2908 1175 2946; x_wconf 87' lang='grc' dir='ltr'><strong>σου</strong></span> <span class='ocrx_word' id='word_1_351' title='bbox 1215 2894 1335 2948; x_wconf 80' lang='grc' dir='ltr'><strong>ἀπὸ</strong></span> <span class='ocrx_word' id='word_1_352' title='bbox 1390 2895 1739 2966; x_wconf 71' lang='grc' dir='ltr'><strong>ἀδελφιδοῦ,</strong></span> 
     </span>
    </p>
   </div>
   <div class='ocr_carea' id='block_1_47' title="bbox 153 2971 1745 3059">
    <p class='ocr_par' dir='ltr' id='par_1_47' title="bbox 153 2971 1745 3059">
     <span class='ocr_line' id='line_1_47' title="bbox 153 2971 1745 3059; baseline 0.009 -32"><span class='ocrx_word' id='word_1_353' title='bbox 153 2971 247 3027; x_wconf 81' lang='grc' dir='ltr'><strong>ὅτι</strong></span> <span class='ocrx_word' id='word_1_354' title='bbox 275 2975 464 3042; x_wconf 85' lang='grc' dir='ltr'>οὕτως</span> <span class='ocrx_word' id='word_1_355' title='bbox 490 2975 754 3047; x_wconf 84' lang='grc' dir='ltr'>ὣρκισας</span> <span class='ocrx_word' id='word_1_356' title='bbox 783 2980 941 3049; x_wconf 78' lang='grc' dir='ltr'>ἡμᾶς</span> <span class='ocrx_word' id='word_1_357' title='bbox 967 3000 985 3046; x_wconf 86' lang='grc'><strong><em>;</em></strong></span> <span class='ocrx_word' id='word_1_358' title='bbox 1038 2985 1386 3055; x_wconf 82' lang='grc' dir='ltr'>Ἀκούσωμεν</span> <span class='ocrx_word' id='word_1_359' title='bbox 1426 2987 1605 3042; x_wconf 84' lang='grc' dir='ltr'>τοίνυν</span> <span class='ocrx_word' id='word_1_360' title='bbox 1643 2989 1745 3059; x_wconf 77' lang='grc' dir='ltr'>τῆς</span> 
     </span>
    </p>
   </div>
   <div class='ocr_carea' id='block_1_48' title="bbox 154 3066 1747 3148">
    <p class='ocr_par' dir='ltr' id='par_1_48' title="bbox 154 3066 1747 3148">
     <span class='ocr_line' id='line_1_48' title="bbox 154 3066 1747 3148; baseline 0.011 -30"><span class='ocrx_word' id='word_1_361' title='bbox 154 3066 404 3138; x_wconf 77' lang='grc' dir='ltr'>ἀκριϐῶς</span> <span class='ocrx_word' id='word_1_362' title='bbox 441 3069 830 3142; x_wconf 81' lang='grc' dir='ltr'>περιελομένης</span> <span class='ocrx_word' id='word_1_363' title='bbox 871 3075 932 3127; x_wconf 86' lang='grc' dir='ltr'>τὸ</span> <span class='ocrx_word' id='word_1_364' title='bbox 982 3075 1299 3148; x_wconf 87' lang='grc' dir='ltr'>θέριστρον,</span> <span class='ocrx_word' id='word_1_365' title='bbox 1341 3080 1435 3131; x_wconf 82' lang='grc' dir='ltr'>καὶ</span> <span class='ocrx_word' id='word_1_366' title='bbox 1477 3081 1747 3136; x_wconf 83' lang='grc' dir='ltr'>ἀνακεκα-</span> 
     </span>
    </p>
   </div>
   <div class='ocr_carea' id='block_1_49' title="bbox 1843 1975 3444 2047">
    <p class='ocr_par' dir='ltr' id='par_1_49' title="bbox 1843 1975 3444 2047">
     <span class='ocr_line' id='line_1_49' title="bbox 1843 1975 3444 2047; baseline 0 -16"><span class='ocrx_word' id='word_1_367' title='bbox 1843 1983 1905 2031; x_wconf 89' lang='lat' dir='ltr'><strong>ut</strong></span> <span class='ocrx_word' id='word_1_368' title='bbox 1961 1975 2253 2046; x_wconf 88' lang='lat' dir='ltr'><strong>quamdam</strong></span> <span class='ocrx_word' id='word_1_369' title='bbox 2319 1976 2478 2047; x_wconf 87' lang='lat' dir='ltr'><strong>quasi</strong></span> <span class='ocrx_word' id='word_1_370' title='bbox 2532 1977 3015 2034; x_wconf 90' lang='lat' dir='ltr'><strong>manuductionem</strong></span> <span class='ocrx_word' id='word_1_371' title='bbox 3062 1976 3130 2031; x_wconf 84' lang='lat' dir='ltr'><strong>ad</strong></span> <span class='ocrx_word' id='word_1_372' title='bbox 3183 1976 3240 2032; x_wconf 89' lang='lat' dir='ltr'><strong>id</strong></span> <span class='ocrx_word' id='word_1_373' title='bbox 3283 1977 3444 2047; x_wconf 22' lang='lat' dir='ltr'><strong>quod“</strong></span> 
     </span>
    </p>
   </div>
   <div class='ocr_carea' id='block_1_50' title="bbox 1843 2067 3432 2140">
    <p class='ocr_par' dir='ltr' id='par_1_50' title="bbox 1843 2067 3432 2140">
     <span class='ocr_line' id='line_1_50' title="bbox 1843 2067 3432 2140; baseline 0.001 -20"><span class='ocrx_word' id='word_1_374' title='bbox 1843 2068 2141 2137; x_wconf 71' lang='lat' dir='ltr'><strong>quaerimus</strong></span> <span class='ocrx_word' id='word_1_375' title='bbox 2167 2083 2596 2138; x_wconf 85' lang='lat' dir='ltr'><strong>consequamur.</strong></span> <span class='ocrx_word' id='word_1_376' title='bbox 2651 2067 2850 2135; x_wconf 92' lang='lat' dir='ltr'><strong>Dicito,</strong></span> <span class='ocrx_word' id='word_1_377' title='bbox 2898 2067 3022 2140; x_wconf 89' lang='lat' dir='ltr'><strong>quis</strong></span> <span class='ocrx_word' id='word_1_378' title='bbox 3063 2068 3136 2124; x_wconf 91' lang='lat' dir='ltr'><strong>sit</strong></span> <span class='ocrx_word' id='word_1_379' title='bbox 3163 2076 3432 2137; x_wconf 77' lang='lat' dir='ltr'><strong>cognatus</strong></span> 
     </span>
    </p>
   </div>
   <div class='ocr_carea' id='block_1_51' title="bbox 1845 2158 3432 2229">
    <p class='ocr_par' dir='ltr' id='par_1_51' title="bbox 1845 2158 3432 2229">
     <span class='ocr_line' id='line_1_51' title="bbox 1845 2158 3432 2229; baseline 0.001 -17"><span class='ocrx_word' id='word_1_380' title='bbox 1845 2167 1995 2226; x_wconf 90' lang='lat' dir='ltr'><strong>tuus,</strong></span> <span class='ocrx_word' id='word_1_381' title='bbox 2033 2167 2304 2229; x_wconf 87' lang='lat' dir='ltr'><strong>quatenus</strong></span> <span class='ocrx_word' id='word_1_382' title='bbox 2337 2174 2521 2215; x_wconf 90' lang='lat' dir='ltr'><strong>rerum</strong></span> <span class='ocrx_word' id='word_1_383' title='bbox 2550 2160 2606 2214; x_wconf 90' lang='lat' dir='ltr'><strong>in</strong></span> <span class='ocrx_word' id='word_1_384' title='bbox 2637 2168 2834 2216; x_wconf 84' lang='lat' dir='ltr'><strong>natura</strong></span> <span class='ocrx_word' id='word_1_385' title='bbox 2867 2160 3100 2216; x_wconf 80' lang='lat' dir='ltr'><strong>exsistit.</strong></span> <span class='ocrx_word' id='word_1_386' title='bbox 3136 2158 3432 2214; x_wconf 80' lang='lat' dir='ltr'><strong>Common-</strong></span> 
     </span>
    </p>
   </div>
   <div class='ocr_carea' id='block_1_52' title="bbox 1846 2251 3430 2324">
    <p class='ocr_par' dir='ltr' id='par_1_52' title="bbox 1846 2251 3430 2324">
     <span class='ocr_line' id='line_1_52' title="bbox 1846 2251 3430 2324; baseline -0.003 -16"><span class='ocrx_word' id='word_1_387' title='bbox 1846 2260 2020 2308; x_wconf 83' lang='lat' dir='ltr'><strong>strato</strong></span> <span class='ocrx_word' id='word_1_388' title='bbox 2051 2251 2212 2307; x_wconf 89' lang='lat' dir='ltr'><strong>nobis</strong></span> <span class='ocrx_word' id='word_1_389' title='bbox 2255 2253 2399 2306; x_wconf 87' lang='lat' dir='ltr'><strong>viam</strong></span> <span class='ocrx_word' id='word_1_390' title='bbox 2435 2252 2769 2323; x_wconf 77' lang='lat' dir='ltr'><strong>cognitionis</strong></span> <span class='ocrx_word' id='word_1_391' title='bbox 2801 2253 2922 2324; x_wconf 88' lang='lat' dir='ltr'><strong>ejus</strong></span> <span class='ocrx_word' id='word_1_392' title='bbox 2969 2267 3065 2322; x_wconf 88' lang='lat' dir='ltr'><strong>per</strong></span> <span class='ocrx_word' id='word_1_393' title='bbox 3113 2259 3430 2322; x_wconf 77' lang='lat' dir='ltr'><strong>argumenta</strong></span> 
     </span>
    </p>
   </div>
   <div class='ocr_carea' id='block_1_53' title="bbox 1845 2343 3431 2416">
    <p class='ocr_par' dir='ltr' id='par_1_53' title="bbox 1845 2343 3431 2416">
     <span class='ocr_line' id='line_1_53' title="bbox 1845 2343 3431 2416; baseline -0.003 -15"><span class='ocrx_word' id='word_1_394' title='bbox 1845 2346 2116 2416; x_wconf 78' lang='lat' dir='ltr'><strong>quaedam,</strong></span> <span class='ocrx_word' id='word_1_395' title='bbox 2153 2344 2222 2400; x_wconf 89' lang='lat' dir='ltr'><strong>de</strong></span> <span class='ocrx_word' id='word_1_396' title='bbox 2248 2345 2448 2414; x_wconf 86' lang='lat' dir='ltr'><strong>quibus</strong></span> <span class='ocrx_word' id='word_1_397' title='bbox 2487 2345 2710 2415; x_wconf 78' lang='lat' dir='ltr'><strong>agnosci</strong></span> <span class='ocrx_word' id='word_1_398' title='bbox 2745 2346 2939 2415; x_wconf 90' lang='lat' dir='ltr'><strong>possit,</strong></span> <span class='ocrx_word' id='word_1_399' title='bbox 2989 2359 3022 2399; x_wconf 95' lang='grc' dir='ltr'><strong>ο</strong></span> <span class='ocrx_word' id='word_1_400' title='bbox 3055 2353 3112 2398; x_wconf 83' lang='grc' dir='ltr'><strong>ιιι</strong></span> <span class='ocrx_word' id='word_1_401' title='bbox 3147 2359 3269 2414; x_wconf 68' lang='lat' dir='ltr'><strong>quae</strong></span> <span class='ocrx_word' id='word_1_402' title='bbox 3309 2343 3431 2411; x_wconf 86' lang='lat' dir='ltr'><strong>pul-</strong></span> 
     </span>
    </p>
   </div>
   <div class='ocr_carea' id='block_1_54' title="bbox 1846 2431 3434 2504">
    <p class='ocr_par' dir='ltr' id='par_1_54' title="bbox 1846 2431 3434 2504">
     <span class='ocr_line' id='line_1_54' title="bbox 1846 2431 3434 2504; baseline -0.004 -14"><span class='ocrx_word' id='word_1_403' title='bbox 1846 2436 1980 2490; x_wconf 83' lang='lat' dir='ltr'><strong>chra</strong></span> <span class='ocrx_word' id='word_1_404' title='bbox 2031 2433 2174 2489; x_wconf 81' lang='lat' dir='ltr'><strong>facta</strong></span> <span class='ocrx_word' id='word_1_405' title='bbox 2207 2449 2266 2488; x_wconf 92' lang='lat' dir='ltr'><strong>es</strong></span> <span class='ocrx_word' id='word_1_406' title='bbox 2294 2433 2435 2488; x_wconf 88' lang='lat' dir='ltr'><strong>inter</strong></span> <span class='ocrx_word' id='word_1_407' title='bbox 2483 2433 2766 2500; x_wconf 89' lang='lat' dir='ltr'><strong>mulieres,</strong></span> <span class='ocrx_word' id='word_1_408' title='bbox 2823 2441 3115 2504; x_wconf 84' lang='lat' dir='ltr'><strong>propterea</strong></span> <span class='ocrx_word' id='word_1_409' title='bbox 3149 2432 3293 2503; x_wconf 88' lang='lat' dir='ltr'><strong>quod</strong></span> <span class='ocrx_word' id='word_1_410' title='bbox 3340 2431 3434 2485; x_wconf 92' lang='lat' dir='ltr'><strong>illo</strong></span> 
     </span>
    </p>
   </div>
   <div class='ocr_carea' id='block_1_55' title="bbox 1845 2521 3428 2594">
    <p class='ocr_par' dir='ltr' id='par_1_55' title="bbox 1845 2521 3428 2594">
     <span class='ocr_line' id='line_1_55' title="bbox 1845 2521 3428 2594; baseline -0.002 -16"><span class='ocrx_word' id='word_1_411' title='bbox 1845 2523 1991 2578; x_wconf 86' lang='lat' dir='ltr'><strong>bono</strong></span> <span class='ocrx_word' id='word_1_412' title='bbox 2021 2523 2224 2592; x_wconf 88' lang='lat' dir='ltr'><strong>repleta</strong></span> <span class='ocrx_word' id='word_1_413' title='bbox 2268 2522 2368 2578; x_wconf 89' lang='lat' dir='ltr'><strong>sis.</strong></span> <span class='ocrx_word' id='word_1_414' title='bbox 2423 2521 2667 2580; x_wconf 85' lang='lat' dir='ltr'><strong>lndicato</strong></span> <span class='ocrx_word' id='word_1_415' title='bbox 2721 2523 2881 2578; x_wconf 88' lang='lat' dir='ltr'><strong>nobis</strong></span> <span class='ocrx_word' id='word_1_416' title='bbox 2923 2523 3072 2594; x_wconf 87' lang='lat' dir='ltr'><strong>quod</strong></span> <span class='ocrx_word' id='word_1_417' title='bbox 3110 2522 3428 2593; x_wconf 58' lang='lat' dir='ltr'><strong>querimus.</strong></span> 
     </span>
    </p>
   </div>
   <div class='ocr_carea' id='block_1_56' title="bbox 1851 2614 3434 2686">
    <p class='ocr_par' dir='ltr' id='par_1_56' title="bbox 1851 2614 3434 2686">
     <span class='ocr_line' id='line_1_56' title="bbox 1851 2614 3434 2686; baseline 0 -18"><span class='ocrx_word' id='word_1_418' title='bbox 1851 2615 2050 2670; x_wconf 89' lang='lat' dir='ltr'><strong>Doceto</strong></span> <span class='ocrx_word' id='word_1_419' title='bbox 2079 2629 2180 2670; x_wconf 91' lang='lat' dir='ltr'><strong>nos</strong></span> <span class='ocrx_word' id='word_1_420' title='bbox 2238 2629 2335 2684; x_wconf 89' lang='lat' dir='ltr'><strong>per</strong></span> <span class='ocrx_word' id='word_1_421' title='bbox 2368 2630 2489 2685; x_wconf 82' lang='lat' dir='ltr'><strong>quae</strong></span> <span class='ocrx_word' id='word_1_422' title='bbox 2543 2616 2697 2686; x_wconf 79' lang='lat' dir='ltr'><strong>signa</strong></span> <span class='ocrx_word' id='word_1_423' title='bbox 2753 2615 3061 2685; x_wconf 86' lang='lat' dir='ltr'><strong>reperiatur</strong></span> <span class='ocrx_word' id='word_1_424' title='bbox 3105 2615 3155 2670; x_wconf 92' lang='lat' dir='ltr'><strong>is</strong></span> <span class='ocrx_word' id='word_1_425' title='bbox 3192 2614 3286 2684; x_wconf 91' lang='lat' dir='ltr'><strong>qui</strong></span> <span class='ocrx_word' id='word_1_426' title='bbox 3323 2629 3434 2669; x_wconf 89' lang='lat' dir='ltr'><strong>non</strong></span> 
     </span>
    </p>
   </div>
   <div class='ocr_carea' id='block_1_57' title="bbox 1802 2702 3436 2775">
    <p class='ocr_par' dir='ltr' id='par_1_57' title="bbox 1802 2702 3436 2775">
     <span class='ocr_line' id='line_1_57' title="bbox 1802 2702 3436 2775; baseline -0.002 -15"><span class='ocrx_word' id='word_1_427' title='bbox 1802 2757 1808 2765; x_wconf 82' lang='grc'><strong>,</strong></span> <span class='ocrx_word' id='word_1_428' title='bbox 1847 2705 2110 2769; x_wconf 88' lang='lat' dir='ltr'><strong>cernitur,</strong></span> <span class='ocrx_word' id='word_1_429' title='bbox 2159 2711 2218 2757; x_wconf 89' lang='lat' dir='ltr'><strong>ut</strong></span> <span class='ocrx_word' id='word_1_430' title='bbox 2267 2703 2638 2775; x_wconf 72' lang='lat' dir='ltr'><strong>signiﬁcemus</strong></span> <span class='ocrx_word' id='word_1_431' title='bbox 2686 2703 2793 2775; x_wconf 89' lang='lat' dir='ltr'><strong>ipsi</strong></span> <span class='ocrx_word' id='word_1_432' title='bbox 2836 2705 2905 2759; x_wconf 90' lang='lat' dir='ltr'><strong>de</strong></span> <span class='ocrx_word' id='word_1_433' title='bbox 2953 2702 3263 2758; x_wconf 86' lang='lat' dir='ltr'><strong>dilectionis</strong></span> <span class='ocrx_word' id='word_1_434' title='bbox 3303 2702 3436 2764; x_wconf 88' lang='lat' dir='ltr'><strong>telo,</strong></span> 
     </span>
    </p>
   </div>
   <div class='ocr_carea' id='block_1_58' title="bbox 1847 2793 3430 2868">
    <p class='ocr_par' dir='ltr' id='par_1_58' title="bbox 1847 2793 3430 2868">
     <span class='ocr_line' id='line_1_58' title="bbox 1847 2793 3430 2868; baseline -0.002 -17"><span class='ocrx_word' id='word_1_435' title='bbox 1847 2813 1956 2868; x_wconf 90' lang='lat' dir='ltr'><strong>quo</strong></span> <span class='ocrx_word' id='word_1_436' title='bbox 1985 2813 2082 2868; x_wconf 89' lang='lat' dir='ltr'><strong>per</strong></span> <span class='ocrx_word' id='word_1_437' title='bbox 2108 2797 2348 2852; x_wconf 89' lang='lat' dir='ltr'><strong>medium</strong></span> <span class='ocrx_word' id='word_1_438' title='bbox 2391 2811 2488 2850; x_wconf 89' lang='lat' dir='ltr'><strong>cor</strong></span> <span class='ocrx_word' id='word_1_439' title='bbox 2543 2796 2826 2852; x_wconf 88' lang='lat' dir='ltr'><strong>vulnerata</strong></span> <span class='ocrx_word' id='word_1_440' title='bbox 2844 2810 2930 2860; x_wconf 90' lang='lat' dir='ltr'><strong>es,</strong></span> <span class='ocrx_word' id='word_1_441' title='bbox 2967 2808 3174 2864; x_wconf 78' lang='lat' dir='ltr'><strong>augens</strong></span> <span class='ocrx_word' id='word_1_442' title='bbox 3211 2793 3430 2849; x_wconf 89' lang='lat' dir='ltr'><strong>deside-</strong></span> 
     </span>
    </p>
   </div>
   <div class='ocr_carea' id='block_1_59' title="bbox 1847 2885 3435 2956">
    <p class='ocr_par' dir='ltr' id='par_1_59' title="bbox 1847 2885 3435 2956">
     <span class='ocr_line' id='line_1_59' title="bbox 1847 2885 3435 2956; baseline -0.003 -13"><span class='ocrx_word' id='word_1_443' title='bbox 1847 2890 1990 2943; x_wconf 86' lang='lat' dir='ltr'><strong>rium</strong></span> <span class='ocrx_word' id='word_1_444' title='bbox 2029 2897 2182 2942; x_wconf 91' lang='lat' dir='ltr'><strong>tuum</strong></span> <span class='ocrx_word' id='word_1_445' title='bbox 2219 2903 2314 2956; x_wconf 89' lang='lat' dir='ltr'><strong>per</strong></span> <span class='ocrx_word' id='word_1_446' title='bbox 2363 2887 2512 2941; x_wconf 89' lang='lat' dir='ltr'><strong>hunc</strong></span> <span class='ocrx_word' id='word_1_447' title='bbox 2555 2886 2820 2942; x_wconf 87' lang='lat' dir='ltr'><strong>dolorem.</strong></span> <span class='ocrx_word' id='word_1_448' title='bbox 2869 2885 3058 2940; x_wconf 85' lang='lat' dir='ltr'><strong>Fuerit</strong></span> <span class='ocrx_word' id='word_1_449' title='bbox 3099 2891 3282 2938; x_wconf 88' lang='lat' dir='ltr'><strong>autem</strong></span> <span class='ocrx_word' id='word_1_450' title='bbox 3317 2899 3435 2938; x_wconf 88' lang='lat' dir='ltr'><strong>mc-</strong></span> 
     </span>
    </p>
   </div>
   <div class='ocr_carea' id='block_1_60' title="bbox 1847 2975 3436 3044">
    <p class='ocr_par' dir='ltr' id='par_1_60' title="bbox 1847 2975 3436 3044">
     <span class='ocr_line' id='line_1_60' title="bbox 1847 2975 3436 3044; baseline -0.004 -10"><span class='ocrx_word' id='word_1_451' title='bbox 1847 2981 1959 3036; x_wconf 77' lang='lat' dir='ltr'><strong>lius</strong></span> <span class='ocrx_word' id='word_1_452' title='bbox 1996 2994 2192 3035; x_wconf 85' lang='lat' dir='ltr'><strong>rursus</strong></span> <span class='ocrx_word' id='word_1_453' title='bbox 2227 2980 2294 3034; x_wconf 90' lang='lat' dir='ltr'><strong>de</strong></span> <span class='ocrx_word' id='word_1_454' title='bbox 2322 2979 2490 3034; x_wconf 85' lang='lat' dir='ltr'><strong>verbo</strong></span> <span class='ocrx_word' id='word_1_455' title='bbox 2536 2977 2604 3032; x_wconf 89' lang='lat' dir='ltr'><strong>ad</strong></span> <span class='ocrx_word' id='word_1_456' title='bbox 2644 2977 2869 3032; x_wconf 86' lang='lat' dir='ltr'><strong>verbum</strong></span> <span class='ocrx_word' id='word_1_457' title='bbox 2905 2977 3008 3031; x_wconf 89' lang='lat' dir='ltr'><strong>hoc</strong></span> <span class='ocrx_word' id='word_1_458' title='bbox 3044 2975 3250 3030; x_wconf 89' lang='lat' dir='ltr'><strong>dictum</strong></span> <span class='ocrx_word' id='word_1_459' title='bbox 3279 2988 3436 3044; x_wconf 84' lang='lat' dir='ltr'><strong>repe-</strong></span> 
     </span>
    </p>
   </div>
   <div class='ocr_carea' id='block_1_61' title="bbox 1849 3065 3439 3141">
    <p class='ocr_par' dir='ltr' id='par_1_61' title="bbox 1849 3065 3439 3141">
     <span class='ocr_line' id='line_1_61' title="bbox 1849 3065 3439 3141; baseline -0.005 -14"><span class='ocrx_word' id='word_1_460' title='bbox 1849 3081 1983 3140; x_wconf 87' lang='lat' dir='ltr'><strong>tere,</strong></span> <span class='ocrx_word' id='word_1_461' title='bbox 2012 3078 2071 3126; x_wconf 88' lang='lat' dir='ltr'><strong>ut</strong></span> <span class='ocrx_word' id='word_1_462' title='bbox 2113 3072 2364 3141; x_wconf 81' lang='lat' dir='ltr'><strong>exposita</strong></span> <span class='ocrx_word' id='word_1_463' title='bbox 2435 3065 2598 3124; x_wconf 73' lang='lat' dir='ltr'><strong>modo</strong></span> <span class='ocrx_word' id='word_1_464' title='bbox 2629 3069 2901 3124; x_wconf 88' lang='lat' dir='ltr'><strong>sententia</strong></span> <span class='ocrx_word' id='word_1_465' title='bbox 2939 3068 3120 3124; x_wconf 89' lang='lat' dir='ltr'><strong>verbis</strong></span> <span class='ocrx_word' id='word_1_466' title='bbox 3168 3067 3305 3137; x_wconf 90' lang='lat' dir='ltr'><strong>ipsis</strong></span> <span class='ocrx_word' id='word_1_467' title='bbox 3345 3080 3439 3119; x_wconf 60' lang='lat' dir='ltr'><strong>acu</strong></span> 
     </span>
    </p>
   </div>
   <div class='ocr_carea' id='block_1_62' title="bbox 154 3158 1746 3257">
    <p class='ocr_par' dir='ltr' id='par_1_62' title="bbox 154 3158 1746 3257">
     <span class='ocr_line' id='line_1_62' title="bbox 154 3158 1746 3257; baseline 0.011 -47"><span class='ocrx_word' id='word_1_468' title='bbox 154 3158 474 3257; x_wconf 76' lang='grc' dir='ltr'>λυμμένης,</span> <span class='ocrx_word' id='word_1_469' title='bbox 505 3161 584 3231; x_wconf 87' lang='grc' dir='ltr'>τῷ</span> <span class='ocrx_word' id='word_1_470' title='bbox 613 3162 714 3232; x_wconf 83' lang='grc' dir='ltr'>τῆς</span> <span class='ocrx_word' id='word_1_471' title='bbox 761 3163 940 3235; x_wconf 80' lang='grc' dir='ltr'>ψυχῆς</span> <span class='ocrx_word' id='word_1_472' title='bbox 983 3167 1247 3238; x_wconf 84' lang='grc' dir='ltr'>ὀφθαλμῷ</span> <span class='ocrx_word' id='word_1_473' title='bbox 1279 3169 1583 3242; x_wconf 86' lang='grc' dir='ltr'>βλεπούσης</span> <span class='ocrx_word' id='word_1_474' title='bbox 1610 3175 1746 3245; x_wconf 81' lang='grc' dir='ltr'>πρὸς</span> 
     </span>
    </p>
   </div>
   <div class='ocr_carea' id='block_1_63' title="bbox 1852 3158 3436 3257">
    <p class='ocr_par' dir='ltr' id='par_1_63' title="bbox 1852 3161 3436 3232">
     <span class='ocr_line' id='line_1_63' title="bbox 1852 3161 3436 3232; baseline -0.004 -13"><span class='ocrx_word' id='word_1_475' title='bbox 1852 3163 2256 3219; x_wconf 85' lang='lat' dir='ltr'><strong>commodetur.</strong></span> <span class='ocrx_word' id='word_1_476' title='bbox 2289 3162 2442 3229; x_wconf 78' lang='lat' dir='ltr'><strong>Quid</strong></span> <span class='ocrx_word' id='word_1_477' title='bbox 2473 3161 2653 3231; x_wconf 71' lang='lat' dir='ltr'><strong>di/fert</strong></span> <span class='ocrx_word' id='word_1_478' title='bbox 2693 3170 2949 3232; x_wconf 82' lang='lat' dir='ltr'><strong>cognatus</strong></span> <span class='ocrx_word' id='word_1_479' title='bbox 2982 3171 3100 3214; x_wconf 77' lang='lat' dir='ltr'><strong>tuus</strong></span> <span class='ocrx_word' id='word_1_480' title='bbox 3131 3177 3164 3214; x_wconf 87' lang='lat' dir='ltr'><strong>a</strong></span> <span class='ocrx_word' id='word_1_481' title='bbox 3192 3167 3436 3230; x_wconf 84' lang='lat' dir='ltr'><strong>cognato,</strong></span> 
     </span>
    </p>
   </div>
   <div class='ocr_carea' id='block_1_64' title="bbox 154 3246 1745 3335">
    <p class='ocr_par' dir='ltr' id='par_1_64' title="bbox 154 3246 1745 3335">
     <span class='ocr_line' id='line_1_64' title="bbox 154 3246 1745 3335; baseline 0.013 -36"><span class='ocrx_word' id='word_1_482' title='bbox 154 3246 258 3319; x_wconf 78' lang='grc' dir='ltr'>τὴν</span> <span class='ocrx_word' id='word_1_483' title='bbox 281 3248 542 3320; x_wconf 84' lang='grc' dir='ltr'>ἀλήθειαν</span> <span class='ocrx_word' id='word_1_484' title='bbox 560 3267 575 3281; x_wconf 75' lang='grc'><strong><em>⁸</em></strong></span> <span class='ocrx_word' id='word_1_485' title='bbox 605 3253 721 3319; x_wconf 88' lang='grc' dir='ltr'><strong>πῶς</strong></span> <span class='ocrx_word' id='word_1_486' title='bbox 743 3255 1052 3327; x_wconf 80' lang='grc' dir='ltr'>ὑπογράφει</span> <span class='ocrx_word' id='word_1_487' title='bbox 1085 3260 1279 3323; x_wconf 82' lang='grc' dir='ltr'>αὐταῖς</span> <span class='ocrx_word' id='word_1_488' title='bbox 1306 3261 1366 3314; x_wconf 79' lang='grc' dir='ltr'>τὸ</span> <span class='ocrx_word' id='word_1_489' title='bbox 1395 3260 1745 3335; x_wconf 77' lang='grc' dir='ltr'>ζητούμενον;</span> 
     </span>
    </p>
   </div>
   <div class='ocr_carea' id='block_1_65' title="bbox 156 3337 1748 3426">
    <p class='ocr_par' dir='ltr' id='par_1_65' title="bbox 156 3337 1748 3426">
     <span class='ocr_line' id='line_1_65' title="bbox 156 3337 1748 3426; baseline 0.011 -34"><span class='ocrx_word' id='word_1_490' title='bbox 156 3337 278 3402; x_wconf 82' lang='grc' dir='ltr'><strong>πῶς</strong></span> <span class='ocrx_word' id='word_1_491' title='bbox 309 3338 593 3412; x_wconf 79' lang='grc' dir='ltr'>ζωγραφεῖ</span> <span class='ocrx_word' id='word_1_492' title='bbox 627 3343 707 3414; x_wconf 85' lang='grc' dir='ltr'><strong>τῷ</strong></span> <span class='ocrx_word' id='word_1_493' title='bbox 747 3345 890 3416; x_wconf 88' lang='grc' dir='ltr'>λόγῳ</span> <span class='ocrx_word' id='word_1_494' title='bbox 935 3347 1029 3400; x_wconf 84' lang='grc' dir='ltr'>τοῦ</span> <span class='ocrx_word' id='word_1_495' title='bbox 1072 3348 1409 3421; x_wconf 75' lang='grc' dir='ltr'>ποθουμένου</span> <span class='ocrx_word' id='word_1_496' title='bbox 1441 3353 1533 3408; x_wconf 85' lang='grc' dir='ltr'>τὸν</span> <span class='ocrx_word' id='word_1_497' title='bbox 1573 3372 1748 3426; x_wconf 80' lang='grc' dir='ltr'>χαρα-</span> 
     </span>
    </p>
   </div>
   <div class='ocr_carea' id='block_1_66' title="bbox 158 3433 1750 3512">
    <p class='ocr_par' dir='ltr' id='par_1_66' title="bbox 158 3433 1750 3512">
     <span class='ocr_line' id='line_1_66' title="bbox 158 3433 1750 3512; baseline 0.01 -29"><span class='ocrx_word' id='word_1_498' title='bbox 158 3433 380 3504; x_wconf 83' lang='grc' dir='ltr'>κτῆρα;</span> <span class='ocrx_word' id='word_1_499' title='bbox 449 3433 569 3498; x_wconf 88' lang='grc' dir='ltr'><strong>πῶς</strong></span> <span class='ocrx_word' id='word_1_500' title='bbox 626 3436 718 3488; x_wconf 88' lang='grc' dir='ltr'><strong>ὑπ’</strong></span> <span class='ocrx_word' id='word_1_501' title='bbox 772 3435 893 3504; x_wconf 75' lang='grc' dir='ltr'>δψιν</span> <span class='ocrx_word' id='word_1_502' title='bbox 965 3437 1087 3506; x_wconf 84' lang='grc' dir='ltr'>ἄγει</span> <span class='ocrx_word' id='word_1_503' title='bbox 1140 3443 1259 3503; x_wconf 90' lang='grc' dir='ltr'>ταῖς</span> <span class='ocrx_word' id='word_1_504' title='bbox 1316 3443 1608 3512; x_wconf 84' lang='grc' dir='ltr'>παρθένοις</span> <span class='ocrx_word' id='word_1_505' title='bbox 1659 3445 1750 3500; x_wconf 78' lang='grc' dir='ltr'><strong>τὸν</strong></span> 
     </span>
    </p>
   </div>
   <div class='ocr_carea' id='block_1_67' title="bbox 157 3525 1746 3604">
    <p class='ocr_par' dir='ltr' id='par_1_67' title="bbox 157 3525 1746 3604">
     <span class='ocr_line' id='line_1_67' title="bbox 157 3525 1746 3604; baseline 0.007 -26"><span class='ocrx_word' id='word_1_506' title='bbox 157 3525 557 3596; x_wconf 83' lang='grc' dir='ltr'>ἁγνοούμενον;</span> <span class='ocrx_word' id='word_1_507' title='bbox 596 3529 812 3599; x_wconf 85' lang='grc' dir='ltr'>Ἐπειδὴ</span> <span class='ocrx_word' id='word_1_508' title='bbox 845 3530 953 3601; x_wconf 85' lang='grc' dir='ltr'>γὰρ</span> <span class='ocrx_word' id='word_1_509' title='bbox 981 3529 1072 3583; x_wconf 83' lang='grc' dir='ltr'><strong>τοῦ</strong></span> <span class='ocrx_word' id='word_1_510' title='bbox 1096 3532 1356 3600; x_wconf 81' lang='grc' dir='ltr'>Χριστοῦ,</span> <span class='ocrx_word' id='word_1_511' title='bbox 1381 3533 1442 3586; x_wconf 70' lang='grc' dir='ltr'><strong>τὸ</strong></span> <span class='ocrx_word' id='word_1_512' title='bbox 1471 3535 1568 3604; x_wconf 81' lang='grc' dir='ltr'>μὲν</span> <span class='ocrx_word' id='word_1_513' title='bbox 1595 3536 1746 3590; x_wconf 74' lang='grc' dir='ltr'>ἄκτισ</span> 
     </span>
    </p>
   </div>
   <div class='ocr_carea' id='block_1_68' title="bbox 162 3616 1742 3691">
    <p class='ocr_par' dir='ltr' id='par_1_68' title="bbox 162 3616 1742 3691">
     <span class='ocr_line' id='line_1_68' title="bbox 162 3616 1742 3691; baseline 0.008 -23"><span class='ocrx_word' id='word_1_514' title='bbox 162 3616 287 3669; x_wconf 83' lang='grc' dir='ltr'>στόν</span> <span class='ocrx_word' id='word_1_515' title='bbox 316 3619 455 3683; x_wconf 76' lang='grc' dir='ltr'>ἐστι,</span> <span class='ocrx_word' id='word_1_516' title='bbox 487 3618 547 3670; x_wconf 84' lang='grc' dir='ltr'>τὸ</span> <span class='ocrx_word' id='word_1_517' title='bbox 584 3619 641 3671; x_wconf 83' lang='grc' dir='ltr'>δὲ</span> <span class='ocrx_word' id='word_1_518' title='bbox 671 3619 888 3673; x_wconf 76' lang='grc' dir='ltr'>κτιστύν</span> <span class='ocrx_word' id='word_1_519' title='bbox 912 3637 926 3651; x_wconf 77' lang='grc' dir='ltr'><strong>ο</strong></span> <span class='ocrx_word' id='word_1_520' title='bbox 957 3621 1188 3691; x_wconf 85' lang='grc' dir='ltr'>λέγομεν</span> <span class='ocrx_word' id='word_1_521' title='bbox 1232 3624 1288 3676; x_wconf 86' lang='grc' dir='ltr'>δὲ</span> <span class='ocrx_word' id='word_1_522' title='bbox 1315 3624 1570 3679; x_wconf 82' lang='grc' dir='ltr'>ᾶκτιστον</span> <span class='ocrx_word' id='word_1_523' title='bbox 1601 3625 1742 3683; x_wconf 83' lang='grc' dir='ltr'>εἷναι</span> 
     </span>
    </p>
   </div>
   <div class='ocr_carea' id='block_1_69' title="bbox 161 3705 1751 3787">
    <p class='ocr_par' dir='ltr' id='par_1_69' title="bbox 161 3705 1751 3787">
     <span class='ocr_line' id='line_1_69' title="bbox 161 3705 1751 3787; baseline 0.009 -30"><span class='ocrx_word' id='word_1_524' title='bbox 161 3705 328 3758; x_wconf 79' lang='grc' dir='ltr'>αὐτοῦ</span> <span class='ocrx_word' id='word_1_525' title='bbox 348 3747 363 3772; x_wconf 86' lang='grc'><strong>,</strong></span> <span class='ocrx_word' id='word_1_526' title='bbox 406 3706 468 3760; x_wconf 81' lang='grc' dir='ltr'>τὸ</span> <span class='ocrx_word' id='word_1_527' title='bbox 499 3707 668 3761; x_wconf 80' lang='grc' dir='ltr'>ἀΐδιόν</span> <span class='ocrx_word' id='word_1_528' title='bbox 698 3726 757 3761; x_wconf 86' lang='grc' dir='ltr'><strong>τε</strong></span> <span class='ocrx_word' id='word_1_529' title='bbox 797 3709 887 3762; x_wconf 66' lang='grc' dir='ltr'>καὶ</span> <span class='ocrx_word' id='word_1_530' title='bbox 939 3710 1265 3781; x_wconf 82' lang='grc' dir='ltr'>προαιώνιον</span> <span class='ocrx_word' id='word_1_531' title='bbox 1290 3754 1304 3776; x_wconf 92' lang='grc'><strong>,</strong></span> <span class='ocrx_word' id='word_1_532' title='bbox 1335 3714 1429 3767; x_wconf 77' lang='grc' dir='ltr'>καὶ</span> <span class='ocrx_word' id='word_1_533' title='bbox 1471 3717 1751 3787; x_wconf 82' lang='grc' dir='ltr'>ποιητικὸν</span> 
     </span>
    </p>
   </div>
   <div class='ocr_carea' id='block_1_70' title="bbox 160 3797 1750 3877">
    <p class='ocr_par' dir='ltr' id='par_1_70' title="bbox 160 3797 1750 3877">
     <span class='ocr_line' id='line_1_70' title="bbox 160 3797 1750 3877; baseline 0.005 -27"><span class='ocrx_word' id='word_1_534' title='bbox 160 3797 385 3852; x_wconf 83' lang='grc' dir='ltr'>πάντων</span> <span class='ocrx_word' id='word_1_535' title='bbox 429 3799 539 3852; x_wconf 88' lang='grc' dir='ltr'><strong>τῶν</strong></span> <span class='ocrx_word' id='word_1_536' title='bbox 585 3799 791 3866; x_wconf 78' lang='grc' dir='ltr'>ὄντων,</span> <span class='ocrx_word' id='word_1_537' title='bbox 841 3802 1059 3854; x_wconf 84' lang='grc' dir='ltr'>κτιστὸν</span> <span class='ocrx_word' id='word_1_538' title='bbox 1107 3802 1166 3856; x_wconf 86' lang='grc' dir='ltr'>δὲ</span> <span class='ocrx_word' id='word_1_539' title='bbox 1203 3804 1263 3855; x_wconf 88' lang='grc' dir='ltr'>τὸ</span> <span class='ocrx_word' id='word_1_540' title='bbox 1291 3804 1431 3857; x_wconf 76' lang='grc' dir='ltr'>κατὰ</span> <span class='ocrx_word' id='word_1_541' title='bbox 1464 3804 1562 3877; x_wconf 79' lang='grc' dir='ltr'>τὴν</span> <span class='ocrx_word' id='word_1_542' title='bbox 1608 3806 1750 3877; x_wconf 82' lang='grc' dir='ltr'>ὑπὲρ</span> 
     </span>
    </p>
   </div>
   <div class='ocr_carea' id='block_1_71' title="bbox 163 3888 1752 3967">
    <p class='ocr_par' dir='ltr' id='par_1_71' title="bbox 163 3888 1752 3967">
     <span class='ocr_line' id='line_1_71' title="bbox 163 3888 1752 3967; baseline 0.006 -26"><span class='ocrx_word' id='word_1_543' title='bbox 163 3888 321 3958; x_wconf 66' lang='grc' dir='ltr'><strong>⁴ἡμῶν</strong></span> <span class='ocrx_word' id='word_1_544' title='bbox 353 3891 666 3960; x_wconf 82' lang='grc' dir='ltr'>οίκονομίαν</span> <span class='ocrx_word' id='word_1_545' title='bbox 702 3892 1140 3962; x_wconf 83' lang='grc' dir='ltr'>συσχηματισθὲν</span> <span class='ocrx_word' id='word_1_546' title='bbox 1169 3893 1247 3964; x_wconf 83' lang='grc' dir='ltr'><strong>τῷ</strong></span> <span class='ocrx_word' id='word_1_547' title='bbox 1281 3893 1491 3965; x_wconf 84' lang='grc' dir='ltr'>σώματι</span> <span class='ocrx_word' id='word_1_548' title='bbox 1525 3899 1624 3967; x_wconf 78' lang='grc' dir='ltr'>τῆς</span> <span class='ocrx_word' id='word_1_549' title='bbox 1654 3914 1752 3950; x_wconf 84' lang='grc' dir='ltr'>τα-</span> 
     </span>
    </p>
   </div>
   <div class='ocr_carea' id='block_1_72' title="bbox 164 3977 1752 4052">
    <p class='ocr_par' dir='ltr' id='par_1_72' title="bbox 164 3977 1752 4052">
     <span class='ocr_line' id='line_1_72' title="bbox 164 3977 1752 4052; baseline 0.006 -21"><span class='ocrx_word' id='word_1_550' title='bbox 164 3977 475 4044; x_wconf 81' lang='grc' dir='ltr'>πεινώσεως</span> <span class='ocrx_word' id='word_1_551' title='bbox 519 3981 676 4052; x_wconf 83' lang='grc' dir='ltr'>ἡμῶν</span> <span class='ocrx_word' id='word_1_552' title='bbox 703 3999 715 4012; x_wconf 90' lang='grc'>·</span> <span class='ocrx_word' id='word_1_553' title='bbox 775 3984 973 4052; x_wconf 80' lang='grc' dir='ltr'>μᾶλλον</span> <span class='ocrx_word' id='word_1_554' title='bbox 1024 3983 1082 4038; x_wconf 84' lang='grc' dir='ltr'>δὲ</span> <span class='ocrx_word' id='word_1_555' title='bbox 1149 3984 1217 4038; x_wconf 86' lang='grc' dir='ltr'>δι’</span> <span class='ocrx_word' id='word_1_556' title='bbox 1245 3985 1424 4039; x_wconf 79' lang='grc' dir='ltr'>αὐτῶν</span> <span class='ocrx_word' id='word_1_557' title='bbox 1453 3985 1561 4039; x_wconf 88' lang='grc' dir='ltr'><strong>τῶν</strong></span> <span class='ocrx_word' id='word_1_558' title='bbox 1591 3985 1752 4040; x_wconf 87' lang='grc' dir='ltr'>θείων</span> 
     </span>
    </p>
   </div>
   <div class='ocr_carea' id='block_1_73' title="bbox 167 4071 1751 4150">
    <p class='ocr_par' dir='ltr' id='par_1_73' title="bbox 167 4071 1751 4150">
     <span class='ocr_line' id='line_1_73' title="bbox 167 4071 1751 4150; baseline 0.004 -27"><span class='ocrx_word' id='word_1_559' title='bbox 167 4071 426 4142; x_wconf 77' lang='grc' dir='ltr'>ῥημάτων</span> <span class='ocrx_word' id='word_1_560' title='bbox 472 4073 574 4143; x_wconf 79' lang='grc' dir='ltr'>τὴν</span> <span class='ocrx_word' id='word_1_561' title='bbox 624 4075 754 4142; x_wconf 78' lang='grc' dir='ltr'>περὶ</span> <span class='ocrx_word' id='word_1_562' title='bbox 800 4075 990 4129; x_wconf 81' lang='grc' dir='ltr'>τούτου</span> <span class='ocrx_word' id='word_1_563' title='bbox 1023 4076 1262 4130; x_wconf 82' lang='grc' dir='ltr'>διάνοιαν</span> <span class='ocrx_word' id='word_1_564' title='bbox 1305 4076 1513 4146; x_wconf 84' lang='grc' dir='ltr'>βέλτιον</span> <span class='ocrx_word' id='word_1_565' title='bbox 1545 4077 1612 4132; x_wconf 84' lang='grc' dir='ltr'>ἂν</span> <span class='ocrx_word' id='word_1_566' title='bbox 1665 4081 1751 4150; x_wconf 78' lang='grc' dir='ltr'>εἴη</span> 
     </span>
    </p>
   </div>
   <div class='ocr_carea' id='block_1_74' title="bbox 167 4160 1750 4241">
    <p class='ocr_par' dir='ltr' id='par_1_74' title="bbox 167 4160 1750 4241">
     <span class='ocr_line' id='line_1_74' title="bbox 167 4160 1750 4241; baseline 0.006 -28"><span class='ocrx_word' id='word_1_567' title='bbox 167 4161 504 4232; x_wconf 79' lang='grc' dir='ltr'>παραθέσθαι</span> <span class='ocrx_word' id='word_1_568' title='bbox 527 4162 605 4234; x_wconf 85' lang='grc' dir='ltr'>τῷ</span> <span class='ocrx_word' id='word_1_569' title='bbox 650 4160 1113 4234; x_wconf 81' lang='grc' dir='ltr'>λόγῳ.”Λκτιστον</span> <span class='ocrx_word' id='word_1_570' title='bbox 1147 4167 1377 4238; x_wconf 85' lang='grc' dir='ltr'>λέγομεν</span> <span class='ocrx_word' id='word_1_571' title='bbox 1405 4167 1496 4220; x_wconf 83' lang='grc' dir='ltr'>τὸν</span> <span class='ocrx_word' id='word_1_572' title='bbox 1527 4170 1584 4221; x_wconf 81' lang='grc' dir='ltr'>ὲν</span> <span class='ocrx_word' id='word_1_573' title='bbox 1608 4169 1750 4241; x_wconf 83' lang='grc' dir='ltr'>ἀρχῇ</span> 
     </span>
    </p>
   </div>
   <div class='ocr_carea' id='block_1_75' title="bbox 165 4249 1752 4333">
    <p class='ocr_par' dir='ltr' id='par_1_75' title="bbox 165 4249 1752 4333">
     <span class='ocr_line' id='line_1_75' title="bbox 165 4249 1752 4333; baseline 0.006 -27"><span class='ocrx_word' id='word_1_574' title='bbox 165 4259 292 4311; x_wconf 73' lang='grc' dir='ltr'>ὅντα</span> <span class='ocrx_word' id='word_1_575' title='bbox 319 4254 516 4323; x_wconf 85' lang='grc' dir='ltr'>Λόγον,</span> <span class='ocrx_word' id='word_1_576' title='bbox 546 4255 637 4309; x_wconf 78' lang='grc' dir='ltr'>τὸν</span> <span class='ocrx_word' id='word_1_577' title='bbox 657 4255 724 4310; x_wconf 91' lang='grc' dir='ltr'>δι’</span> <span class='ocrx_word' id='word_1_578' title='bbox 754 4249 814 4309; x_wconf 78' lang='grc' dir='ltr'><strong>οὗ</strong></span> <span class='ocrx_word' id='word_1_579' title='bbox 839 4257 907 4310; x_wconf 82' lang='grc' dir='ltr'><strong>τὰ</strong></span> <span class='ocrx_word' id='word_1_580' title='bbox 939 4259 1118 4313; x_wconf 83' lang='grc' dir='ltr'>πάντα</span> <span class='ocrx_word' id='word_1_581' title='bbox 1149 4257 1364 4328; x_wconf 77' lang='grc' dir='ltr'>ἐγένετο</span> <span class='ocrx_word' id='word_1_582' title='bbox 1382 4301 1396 4325; x_wconf 92' lang='grc'><strong>,</strong></span> <span class='ocrx_word' id='word_1_583' title='bbox 1432 4263 1526 4315; x_wconf 82' lang='grc' dir='ltr'>καὶ</span> <span class='ocrx_word' id='word_1_584' title='bbox 1555 4255 1614 4314; x_wconf 70' lang='grc' dir='ltr'><strong>οὗ</strong></span> <span class='ocrx_word' id='word_1_585' title='bbox 1641 4281 1752 4333; x_wconf 87' lang='grc' dir='ltr'><strong>χω-</strong></span> 
     </span>
    </p>
   </div>
   <div class='ocr_carea' id='block_1_76' title="bbox 170 4348 1754 4421">
    <p class='ocr_par' dir='ltr' id='par_1_76' title="bbox 170 4348 1754 4421">
     <span class='ocr_line' id='line_1_76' title="bbox 170 4348 1754 4421; baseline 0.006 -21"><span class='ocrx_word' id='word_1_586' title='bbox 170 4348 256 4419; x_wconf 73' lang='grc' dir='ltr'><strong>ρὶς</strong></span> <span class='ocrx_word' id='word_1_587' title='bbox 297 4348 406 4402; x_wconf 90' lang='grc' dir='ltr'><strong>τῶν</strong></span> <span class='ocrx_word' id='word_1_588' title='bbox 462 4349 762 4418; x_wconf 77' lang='grc' dir='ltr'>γεγονότων</span> <span class='ocrx_word' id='word_1_589' title='bbox 796 4352 946 4406; x_wconf 79' lang='grc' dir='ltr'>ἐστὶν</span> <span class='ocrx_word' id='word_1_590' title='bbox 997 4353 1151 4407; x_wconf 84' lang='grc' dir='ltr'>οὐδέν</span> <span class='ocrx_word' id='word_1_591' title='bbox 1180 4369 1196 4387; x_wconf 88' lang='grc'><strong>·</strong></span> <span class='ocrx_word' id='word_1_592' title='bbox 1231 4355 1448 4409; x_wconf 80' lang='grc' dir='ltr'>κτιστδν</span> <span class='ocrx_word' id='word_1_593' title='bbox 1508 4355 1565 4409; x_wconf 85' lang='grc' dir='ltr'>δὲ</span> <span class='ocrx_word' id='word_1_594' title='bbox 1593 4395 1608 4421; x_wconf 91' lang='grc'><strong>,</strong></span> <span class='ocrx_word' id='word_1_595' title='bbox 1663 4356 1754 4409; x_wconf 84' lang='grc' dir='ltr'>τὸν</span> 
     </span>
    </p>
   </div>
   <div class='ocr_carea' id='block_1_77' title="bbox 169 4436 1754 4517">
    <p class='ocr_par' dir='ltr' id='par_1_77' title="bbox 169 4436 1754 4517">
     <span class='ocr_line' id='line_1_77' title="bbox 169 4436 1754 4517; baseline 0.006 -26"><span class='ocrx_word' id='word_1_596' title='bbox 169 4440 348 4510; x_wconf 77' lang='grc' dir='ltr'>σάρκα</span> <span class='ocrx_word' id='word_1_597' title='bbox 377 4441 668 4512; x_wconf 87' lang='grc' dir='ltr'>γενόμενον</span> <span class='ocrx_word' id='word_1_598' title='bbox 685 4465 708 4506; x_wconf 84' lang='grc'>·,</span> <span class='ocrx_word' id='word_1_599' title='bbox 746 4445 840 4496; x_wconf 74' lang='grc' dir='ltr'>καὶ</span> <span class='ocrx_word' id='word_1_600' title='bbox 872 4445 930 4497; x_wconf 84' lang='grc' dir='ltr'>ὲν</span> <span class='ocrx_word' id='word_1_601' title='bbox 964 4436 1096 4516; x_wconf 72' lang='grc' dir='ltr'>ἡμῖν</span> <span class='ocrx_word' id='word_1_602' title='bbox 1128 4446 1487 4517; x_wconf 76' lang='grc' dir='ltr'>σκηνώσαντα</span> <span class='ocrx_word' id='word_1_603' title='bbox 1510 4487 1525 4513; x_wconf 95' lang='grc'><strong>,</strong></span> <span class='ocrx_word' id='word_1_604' title='bbox 1567 4441 1626 4501; x_wconf 76' lang='grc' dir='ltr'><strong>οὗ</strong></span> <span class='ocrx_word' id='word_1_605' title='bbox 1660 4449 1754 4502; x_wconf 72' lang='grc' dir='ltr'>καὶ</span> 
     </span>
    </p>
   </div>
   <div class='ocr_carea' id='block_1_78' title="bbox 1855 3252 3440 3323">
    <p class='ocr_par' dir='ltr' id='par_1_78' title="bbox 1855 3252 3440 3323">
     <span class='ocr_line' id='line_1_78' title="bbox 1855 3252 3440 3323; baseline -0.005 -13"><span class='ocrx_word' id='word_1_606' title='bbox 1855 3273 1884 3310; x_wconf 91' lang='lat' dir='ltr'><strong>o</strong></span> <span class='ocrx_word' id='word_1_607' title='bbox 1925 3255 2162 3323; x_wconf 78' lang='lat' dir='ltr'><strong>formosa</strong></span> <span class='ocrx_word' id='word_1_608' title='bbox 2187 3255 2323 3308; x_wconf 77' lang='lat' dir='ltr'><strong>inter</strong></span> <span class='ocrx_word' id='word_1_609' title='bbox 2348 3252 2642 3307; x_wconf 78' lang='lat' dir='ltr'><strong>mulieres?</strong></span> <span class='ocrx_word' id='word_1_610' title='bbox 2671 3252 2800 3321; x_wconf 84' lang='lat' dir='ltr'><strong>quid</strong></span> <span class='ocrx_word' id='word_1_611' title='bbox 2840 3259 3094 3320; x_wconf 77' lang='lat' dir='ltr'><strong>cognatus</strong></span> <span class='ocrx_word' id='word_1_612' title='bbox 3137 3261 3258 3303; x_wconf 76' lang='lat' dir='ltr'><strong>tuus</strong></span> <span class='ocrx_word' id='word_1_613' title='bbox 3290 3266 3324 3302; x_wconf 87' lang='lat' dir='ltr'><strong>a</strong></span> <span class='ocrx_word' id='word_1_614' title='bbox 3353 3265 3440 3303; x_wconf 83' lang='lat' dir='ltr'><strong>co-</strong></span> 
     </span>
    </p>
   </div>
   <div class='ocr_carea' id='block_1_79' title="bbox 1852 3341 3438 3418">
    <p class='ocr_par' dir='ltr' id='par_1_79' title="bbox 1852 3341 3438 3418">
     <span class='ocr_line' id='line_1_79' title="bbox 1852 3341 3438 3418; baseline -0.006 -15"><span class='ocrx_word' id='word_1_615' title='bbox 1852 3358 2012 3418; x_wconf 71' lang='lat' dir='ltr'><strong>gnato</strong></span> <span class='ocrx_word' id='word_1_616' title='bbox 2051 3347 2270 3416; x_wconf 71' lang='lat' dir='ltr'><strong>differt,</strong></span> <span class='ocrx_word' id='word_1_617' title='bbox 2314 3345 2453 3416; x_wconf 88' lang='lat' dir='ltr'><strong>quod</strong></span> <span class='ocrx_word' id='word_1_618' title='bbox 2502 3347 2578 3398; x_wconf 78' lang='lat' dir='ltr'><strong>ita</strong></span> <span class='ocrx_word' id='word_1_619' title='bbox 2620 3343 2978 3413; x_wconf 87' lang='lat' dir='ltr'><strong>jurejurando</strong></span> <span class='ocrx_word' id='word_1_620' title='bbox 3025 3359 3120 3397; x_wconf 83' lang='lat' dir='ltr'><strong>nos</strong></span> <span class='ocrx_word' id='word_1_621' title='bbox 3175 3341 3438 3394; x_wconf 72' lang='lat' dir='ltr'><strong>astrinxe-</strong></span> 
     </span>
    </p>
   </div>
   <div class='ocr_carea' id='block_1_80' title="bbox 1853 3433 3438 3511">
    <p class='ocr_par' dir='ltr' id='par_1_80' title="bbox 1853 3433 3438 3511">
     <span class='ocr_line' id='line_1_80' title="bbox 1853 3433 3438 3511; baseline -0.004 -17"><span class='ocrx_word' id='word_1_622' title='bbox 1853 3444 1974 3497; x_wconf 80' lang='lat' dir='ltr'><strong>ris?</strong></span> <span class='ocrx_word' id='word_1_623' title='bbox 2031 3441 2170 3494; x_wconf 84' lang='lat' dir='ltr'><strong>Hinc</strong></span> <span class='ocrx_word' id='word_1_624' title='bbox 2222 3441 2337 3509; x_wconf 90' lang='lat' dir='ltr'><strong>jam</strong></span> <span class='ocrx_word' id='word_1_625' title='bbox 2394 3438 2683 3492; x_wconf 86' lang='lat' dir='ltr'><strong>audiamus</strong></span> <span class='ocrx_word' id='word_1_626' title='bbox 2737 3451 2854 3492; x_wconf 86' lang='lat' dir='ltr'><strong>eam</strong></span> <span class='ocrx_word' id='word_1_627' title='bbox 2901 3435 2989 3511; x_wconf 84' lang='lat' dir='ltr'><strong>cui</strong></span> <span class='ocrx_word' id='word_1_628' title='bbox 3037 3435 3219 3489; x_wconf 89' lang='lat' dir='ltr'><strong>velum</strong></span> <span class='ocrx_word' id='word_1_629' title='bbox 3279 3433 3438 3489; x_wconf 82' lang='lat' dir='ltr'><strong>faciei</strong></span> 
     </span>
    </p>
   </div>
   <div class='ocr_carea' id='block_1_81' title="bbox 1860 3525 3441 3602">
    <p class='ocr_par' dir='ltr' id='par_1_81' title="bbox 1860 3525 3441 3602">
     <span class='ocr_line' id='line_1_81' title="bbox 1860 3525 3441 3602; baseline -0.004 -16"><span class='ocrx_word' id='word_1_630' title='bbox 1860 3546 2091 3602; x_wconf 79' lang='lat' dir='ltr'><strong>prorsus</strong></span> <span class='ocrx_word' id='word_1_631' title='bbox 2148 3531 2463 3598; x_wconf 87' lang='lat' dir='ltr'><strong>ademptum</strong></span> <span class='ocrx_word' id='word_1_632' title='bbox 2495 3536 2599 3591; x_wconf 90' lang='lat' dir='ltr'><strong>est,</strong></span> <span class='ocrx_word' id='word_1_633' title='bbox 2625 3540 2856 3596; x_wconf 70' lang='lat' dir='ltr'><strong>quaeque</strong></span> <span class='ocrx_word' id='word_1_634' title='bbox 2875 3533 3066 3595; x_wconf 88' lang='lat' dir='ltr'><strong>aperto</strong></span> <span class='ocrx_word' id='word_1_635' title='bbox 3091 3525 3257 3578; x_wconf 89' lang='lat' dir='ltr'><strong>animi</strong></span> <span class='ocrx_word' id='word_1_636' title='bbox 3279 3527 3441 3580; x_wconf 89' lang='lat' dir='ltr'><strong>oculo</strong></span> 
     </span>
    </p>
   </div>
   <div class='ocr_carea' id='block_1_82' title="bbox 1852 3614 3441 3688">
    <p class='ocr_par' dir='ltr' id='par_1_82' title="bbox 1852 3614 3441 3688">
     <span class='ocr_line' id='line_1_82' title="bbox 1852 3614 3441 3688; baseline -0.004 -11"><span class='ocrx_word' id='word_1_637' title='bbox 1852 3623 2138 3678; x_wconf 87' lang='lat' dir='ltr'><strong>veritatem</strong></span> <span class='ocrx_word' id='word_1_638' title='bbox 2226 3621 2470 3674; x_wconf 85' lang='lat' dir='ltr'><strong>intuetur</strong></span> <span class='ocrx_word' id='word_1_639' title='bbox 2506 3638 2518 3672; x_wconf 92' lang='lat'><strong>:</strong></span> <span class='ocrx_word' id='word_1_640' title='bbox 2560 3635 2670 3687; x_wconf 89' lang='lat' dir='ltr'><strong>quo</strong></span> <span class='ocrx_word' id='word_1_641' title='bbox 2703 3624 2864 3688; x_wconf 88' lang='lat' dir='ltr'><strong>pacto</strong></span> <span class='ocrx_word' id='word_1_642' title='bbox 2893 3614 3152 3670; x_wconf 89' lang='lat' dir='ltr'><strong>describit</strong></span> <span class='ocrx_word' id='word_1_643' title='bbox 3182 3615 3263 3670; x_wconf 91' lang='lat' dir='ltr'><strong>eis</strong></span> <span class='ocrx_word' id='word_1_644' title='bbox 3295 3617 3441 3686; x_wconf 81' lang='lat' dir='ltr'><strong>quod</strong></span> 
     </span>
    </p>
   </div>
   <div class='ocr_carea' id='block_1_83' title="bbox 1854 3707 3557 3786">
    <p class='ocr_par' dir='ltr' id='par_1_83' title="bbox 1854 3707 3557 3786">
     <span class='ocr_line' id='line_1_83' title="bbox 1854 3707 3557 3786; baseline -0.004 -17"><span class='ocrx_word' id='word_1_645' title='bbox 1854 3713 2217 3786; x_wconf 68' lang='lat' dir='ltr'><strong>quaerebant?</strong></span> <span class='ocrx_word' id='word_1_646' title='bbox 2269 3715 2363 3781; x_wconf 93' lang='lat' dir='ltr'><strong>qui</strong></span> <span class='ocrx_word' id='word_1_647' title='bbox 2409 3710 2656 3780; x_wconf 85' lang='lat' dir='ltr'><strong>depingit</strong></span> <span class='ocrx_word' id='word_1_648' title='bbox 2713 3707 2780 3762; x_wconf 91' lang='lat' dir='ltr'><strong>ad</strong></span> <span class='ocrx_word' id='word_1_649' title='bbox 2815 3707 3000 3762; x_wconf 91' lang='lat' dir='ltr'><strong>vivum</strong></span> <span class='ocrx_word' id='word_1_650' title='bbox 3042 3707 3291 3762; x_wconf 89' lang='lat' dir='ltr'><strong>oratione</strong></span> <span class='ocrx_word' id='word_1_651' title='bbox 3337 3724 3438 3770; x_wconf 85' lang='lat' dir='ltr'><strong>sua</strong></span> <span class='ocrx_word' id='word_1_652' title='bbox 3538 3749 3557 3766; x_wconf 94' lang='lat'><strong>.</strong></span> 
     </span>
    </p>
   </div>
   <div class='ocr_carea' id='block_1_84' title="bbox 1855 3799 3442 3871">
    <p class='ocr_par' dir='ltr' id='par_1_84' title="bbox 1855 3799 3442 3871">
     <span class='ocr_line' id='line_1_84' title="bbox 1855 3799 3442 3871; baseline -0.006 -8"><span class='ocrx_word' id='word_1_653' title='bbox 1855 3810 2084 3863; x_wconf 80' lang='lat' dir='ltr'><strong>formam</strong></span> <span class='ocrx_word' id='word_1_654' title='bbox 2127 3803 2420 3860; x_wconf 84' lang='lat' dir='ltr'><strong>desiderati</strong></span> <span class='ocrx_word' id='word_1_655' title='bbox 2447 3803 2470 3856; x_wconf 86' lang='lat'><strong>?</strong></span> <span class='ocrx_word' id='word_1_656' title='bbox 2511 3802 2601 3871; x_wconf 90' lang='lat' dir='ltr'><strong>qui</strong></span> <span class='ocrx_word' id='word_1_657' title='bbox 2629 3803 2731 3855; x_wconf 88' lang='lat' dir='ltr'><strong>sub</strong></span> <span class='ocrx_word' id='word_1_658' title='bbox 2759 3807 3039 3869; x_wconf 87' lang='lat' dir='ltr'><strong>aspectum</strong></span> <span class='ocrx_word' id='word_1_659' title='bbox 3059 3801 3248 3852; x_wconf 86' lang='lat' dir='ltr'><strong>statuit</strong></span> <span class='ocrx_word' id='word_1_660' title='bbox 3273 3799 3442 3870; x_wconf 79' lang='lat' dir='ltr'><strong>virgi-</strong></span> 
     </span>
    </p>
   </div>
   <div class='ocr_carea' id='block_1_85' title="bbox 1853 3890 3441 3964">
    <p class='ocr_par' dir='ltr' id='par_1_85' title="bbox 1853 3890 3441 3964">
     <span class='ocr_line' id='line_1_85' title="bbox 1853 3890 3441 3964; baseline -0.004 -13"><span class='ocrx_word' id='word_1_661' title='bbox 1853 3898 2016 3952; x_wconf 89' lang='lat' dir='ltr'><strong>nibus</strong></span> <span class='ocrx_word' id='word_1_662' title='bbox 2039 3910 2162 3950; x_wconf 88' lang='lat' dir='ltr'><strong>eum</strong></span> <span class='ocrx_word' id='word_1_663' title='bbox 2192 3908 2353 3964; x_wconf 84' lang='lat' dir='ltr'><strong>quem</strong></span> <span class='ocrx_word' id='word_1_664' title='bbox 2387 3892 2750 3963; x_wconf 76' lang='lat' dir='ltr'><strong>ignorabant?</strong></span> <span class='ocrx_word' id='word_1_665' title='bbox 2796 3890 2936 3956; x_wconf 86' lang='lat' dir='ltr'><strong>Quia</strong></span> <span class='ocrx_word' id='word_1_666' title='bbox 2969 3891 3114 3944; x_wconf 89' lang='lat' dir='ltr'><strong>enim</strong></span> <span class='ocrx_word' id='word_1_667' title='bbox 3150 3890 3206 3944; x_wconf 92' lang='lat' dir='ltr'><strong>in</strong></span> <span class='ocrx_word' id='word_1_668' title='bbox 3223 3891 3441 3947; x_wconf 82' lang='lat' dir='ltr'><strong>Christo</strong></span> 
     </span>
    </p>
   </div>
   <div class='ocr_carea' id='block_1_86' title="bbox 1855 3982 3446 4059">
    <p class='ocr_par' dir='ltr' id='par_1_86' title="bbox 1855 3982 3446 4059">
     <span class='ocr_line' id='line_1_86' title="bbox 1855 3982 3446 4059; baseline -0.003 -17"><span class='ocrx_word' id='word_1_669' title='bbox 1855 3987 2116 4059; x_wconf 88' lang='lat' dir='ltr'><strong>quiddam</strong></span> <span class='ocrx_word' id='word_1_670' title='bbox 2144 3995 2388 4042; x_wconf 80' lang='lat' dir='ltr'><strong>creatum</strong></span> <span class='ocrx_word' id='word_1_671' title='bbox 2426 3991 2532 4046; x_wconf 83' lang='lat' dir='ltr'><strong>est,</strong></span> <span class='ocrx_word' id='word_1_672' title='bbox 2601 3983 2864 4054; x_wconf 84' lang='lat' dir='ltr'><strong>quiddam</strong></span> <span class='ocrx_word' id='word_1_673' title='bbox 2889 3982 3189 4037; x_wconf 81' lang='lat' dir='ltr'><strong>incrcatum</strong></span> <span class='ocrx_word' id='word_1_674' title='bbox 3230 3999 3244 4036; x_wconf 88' lang='lat'><strong>:</strong></span> <span class='ocrx_word' id='word_1_675' title='bbox 3273 3991 3328 4036; x_wconf 91' lang='lat' dir='ltr'><strong>et</strong></span> <span class='ocrx_word' id='word_1_676' title='bbox 3362 3982 3446 4037; x_wconf 85' lang='lat' dir='ltr'><strong>in-</strong></span> 
     </span>
    </p>
   </div>
   <div class='ocr_carea' id='block_1_87' title="bbox 1855 4074 3443 4148">
    <p class='ocr_par' dir='ltr' id='par_1_87' title="bbox 1855 4074 3443 4148">
     <span class='ocr_line' id='line_1_87' title="bbox 1855 4074 3443 4148; baseline -0.006 -11"><span class='ocrx_word' id='word_1_677' title='bbox 1855 4088 2097 4148; x_wconf 87' lang='lat' dir='ltr'><strong>creatum</strong></span> <span class='ocrx_word' id='word_1_678' title='bbox 2142 4093 2401 4134; x_wconf 89' lang='lat' dir='ltr'><strong>vocamus</strong></span> <span class='ocrx_word' id='word_1_679' title='bbox 2442 4076 2575 4131; x_wconf 90' lang='lat' dir='ltr'><strong>illud</strong></span> <span class='ocrx_word' id='word_1_680' title='bbox 2608 4076 2786 4146; x_wconf 86' lang='lat' dir='ltr'><strong>ipsum</strong></span> <span class='ocrx_word' id='word_1_681' title='bbox 2857 4074 3002 4144; x_wconf 91' lang='lat' dir='ltr'><strong>quod</strong></span> <span class='ocrx_word' id='word_1_682' title='bbox 3045 4080 3310 4130; x_wconf 66' lang='lat' dir='ltr'><strong>aeternum</strong></span> <span class='ocrx_word' id='word_1_683' title='bbox 3337 4080 3443 4139; x_wconf 87' lang='lat' dir='ltr'><strong>est,</strong></span> 
     </span>
    </p>
   </div>
   <div class='ocr_carea' id='block_1_88' title="bbox 1857 4165 3448 4242">
    <p class='ocr_par' dir='ltr' id='par_1_88' title="bbox 1857 4165 3448 4242">
     <span class='ocr_line' id='line_1_88' title="bbox 1857 4165 3448 4242; baseline -0.005 -14"><span class='ocrx_word' id='word_1_684' title='bbox 1857 4189 1921 4228; x_wconf 87' lang='lat' dir='ltr'><strong>ac</strong></span> <span class='ocrx_word' id='word_1_685' title='bbox 1946 4172 2167 4229; x_wconf 66' lang='lat' dir='ltr'><strong>saeculis</strong></span> <span class='ocrx_word' id='word_1_686' title='bbox 2201 4171 2379 4242; x_wconf 88' lang='lat' dir='ltr'><strong>prius,</strong></span> <span class='ocrx_word' id='word_1_687' title='bbox 2429 4177 2483 4224; x_wconf 89' lang='lat' dir='ltr'><strong>et</strong></span> <span class='ocrx_word' id='word_1_688' title='bbox 2523 4183 2554 4222; x_wconf 91' lang='lat' dir='ltr'><strong>a</strong></span> <span class='ocrx_word' id='word_1_689' title='bbox 2614 4183 2722 4238; x_wconf 91' lang='lat' dir='ltr'><strong>quo</strong></span> <span class='ocrx_word' id='word_1_690' title='bbox 2755 4182 2844 4223; x_wconf 87' lang='lat' dir='ltr'><strong>res</strong></span> <span class='ocrx_word' id='word_1_691' title='bbox 2882 4169 3156 4221; x_wconf 62' lang='lat' dir='ltr'><strong>universa</strong></span> <span class='ocrx_word' id='word_1_692' title='bbox 3211 4165 3448 4220; x_wconf 75' lang='lat' dir='ltr'><strong>condita:</strong></span> 
     </span>
    </p>
   </div>
   <div class='ocr_carea' id='block_1_89' title="bbox 1857 4258 3452 4330">
    <p class='ocr_par' dir='ltr' id='par_1_89' title="bbox 1857 4258 3452 4330">
     <span class='ocr_line' id='line_1_89' title="bbox 1857 4258 3452 4330; baseline -0.006 -8"><span class='ocrx_word' id='word_1_693' title='bbox 1857 4275 1986 4324; x_wconf 90' lang='lat' dir='ltr'><strong>sunt</strong></span> <span class='ocrx_word' id='word_1_694' title='bbox 2029 4284 2042 4319; x_wconf 78' lang='grc' dir='ltr'>ε</span> <span class='ocrx_word' id='word_1_695' title='bbox 2103 4271 2347 4319; x_wconf 89' lang='lat' dir='ltr'><strong>creatum</strong></span> <span class='ocrx_word' id='word_1_696' title='bbox 2395 4276 2548 4323; x_wconf 88' lang='lat' dir='ltr'><strong>vero,</strong></span> <span class='ocrx_word' id='word_1_697' title='bbox 2593 4259 2738 4330; x_wconf 90' lang='lat' dir='ltr'><strong>quod</strong></span> <span class='ocrx_word' id='word_1_698' title='bbox 2786 4259 2857 4315; x_wconf 89' lang='lat' dir='ltr'><strong>ob</strong></span> <span class='ocrx_word' id='word_1_699' title='bbox 2892 4268 3202 4329; x_wconf 88' lang='lat' dir='ltr'><strong>susceptam</strong></span> <span class='ocrx_word' id='word_1_700' title='bbox 3269 4258 3452 4313; x_wconf 87' lang='lat' dir='ltr'><strong>nostri</strong></span> 
     </span>
    </p>
   </div>
   <div class='ocr_carea' id='block_1_90' title="bbox 1855 4351 3450 4414">
    <p class='ocr_par' dir='ltr' id='par_1_90' title="bbox 1855 4351 3450 4414">
     <span class='ocr_line' id='line_1_90' title="bbox 1855 4351 3450 4414; baseline -0.006 -1"><span class='ocrx_word' id='word_1_701' title='bbox 1855 4373 2026 4414; x_wconf 88' lang='lat' dir='ltr'><strong>causa</strong></span> <span class='ocrx_word' id='word_1_702' title='bbox 2059 4355 2596 4411; x_wconf 86' lang='lat' dir='ltr'><strong>administrationem</strong></span> <span class='ocrx_word' id='word_1_703' title='bbox 2621 4351 3026 4406; x_wconf 79' lang='lat' dir='ltr'><strong>conformatum</strong></span> <span class='ocrx_word' id='word_1_704' title='bbox 3056 4359 3142 4406; x_wconf 87' lang='lat' dir='ltr'><strong>est</strong></span> <span class='ocrx_word' id='word_1_705' title='bbox 3174 4351 3242 4406; x_wconf 88' lang='lat' dir='ltr'><strong>ad</strong></span> <span class='ocrx_word' id='word_1_706' title='bbox 3301 4351 3450 4406; x_wconf 84' lang='lat' dir='ltr'><strong>simi-</strong></span> 
     </span>
    </p>
   </div>
   <div class='ocr_carea' id='block_1_91' title="bbox 1857 4438 3454 4514">
    <p class='ocr_par' dir='ltr' id='par_1_91' title="bbox 1857 4438 3454 4514">
     <span class='ocr_line' id='line_1_91' title="bbox 1857 4438 3454 4514; baseline -0.007 -12"><span class='ocrx_word' id='word_1_707' title='bbox 1857 4447 2142 4502; x_wconf 89' lang='lat' dir='ltr'><strong>litudinem</strong></span> <span class='ocrx_word' id='word_1_708' title='bbox 2186 4444 2433 4514; x_wconf 88' lang='lat' dir='ltr'><strong>corporis</strong></span> <span class='ocrx_word' id='word_1_709' title='bbox 2473 4441 2800 4496; x_wconf 85' lang='lat' dir='ltr'><strong>humilitatis</strong></span> <span class='ocrx_word' id='word_1_710' title='bbox 2829 4446 3050 4495; x_wconf 67' lang='lat' dir='ltr'><strong>nostrae.</strong></span> <span class='ocrx_word' id='word_1_711' title='bbox 3106 4438 3204 4494; x_wconf 79' lang='lat' dir='ltr'><strong>Vel</strong></span> <span class='ocrx_word' id='word_1_712' title='bbox 3255 4439 3454 4512; x_wconf 83' lang='lat' dir='ltr'><strong>potius.</strong></span> 
     </span>
    </p>
   </div>
   <div class='ocr_carea' id='block_1_92' title="bbox 172 4531 1746 4608">
    <p class='ocr_par' dir='ltr' id='par_1_92' title="bbox 172 4531 1746 4608">
     <span class='ocr_line' id='line_1_92' title="bbox 172 4531 1746 4608; baseline 0.006 -25"><span class='ocrx_word' id='word_1_713' title='bbox 172 4531 543 4602; x_wconf 79' lang='grc' dir='ltr'>σαρκωθέντος</span> <span class='ocrx_word' id='word_1_714' title='bbox 598 4535 631 4604; x_wconf 79' lang='grc' dir='ltr'>ἠ</span> <span class='ocrx_word' id='word_1_715' title='bbox 684 4537 1056 4607; x_wconf 79' lang='grc' dir='ltr'>ἐμφαινομένη</span> <span class='ocrx_word' id='word_1_716' title='bbox 1097 4537 1225 4601; x_wconf 79' lang='grc' dir='ltr'>δόξα</span> <span class='ocrx_word' id='word_1_717' title='bbox 1272 4538 1458 4608; x_wconf 82' lang='grc' dir='ltr'>δηλοῖ,</span> <span class='ocrx_word' id='word_1_718' title='bbox 1493 4539 1576 4592; x_wconf 82' lang='grc' dir='ltr'>ὅτι</span> <span class='ocrx_word' id='word_1_719' title='bbox 1623 4539 1746 4604; x_wconf 84' lang='grc' dir='ltr'>Θεὸς</span> 
     </span>
    </p>
   </div>
   <div class='ocr_carea' id='block_1_93' title="bbox 1852 4531 3442 4608">
    <p class='ocr_par' dir='ltr' id='par_1_93' title="bbox 1865 4531 3442 4606">
     <span class='ocr_line' id='line_1_93' title="bbox 1865 4531 3442 4606; baseline -0.006 -12"><span class='ocrx_word' id='word_1_720' title='bbox 1865 4540 2028 4594; x_wconf 81' lang='lat' dir='ltr'><strong>fuerit</strong></span> <span class='ocrx_word' id='word_1_721' title='bbox 2074 4546 2238 4606; x_wconf 88' lang='lat' dir='ltr'><strong>atque</strong></span> <span class='ocrx_word' id='word_1_722' title='bbox 2271 4535 2465 4589; x_wconf 91' lang='lat' dir='ltr'><strong>melius</strong></span> <span class='ocrx_word' id='word_1_723' title='bbox 2496 4548 2592 4603; x_wconf 90' lang='lat' dir='ltr'><strong>per</strong></span> <span class='ocrx_word' id='word_1_724' title='bbox 2624 4533 2741 4601; x_wconf 88' lang='lat' dir='ltr'><strong>ipsa</strong></span> <span class='ocrx_word' id='word_1_725' title='bbox 2780 4531 2945 4586; x_wconf 88' lang='lat' dir='ltr'><strong>verba</strong></span> <span class='ocrx_word' id='word_1_726' title='bbox 2997 4531 3180 4585; x_wconf 88' lang='lat' dir='ltr'><strong>divina</strong></span> <span class='ocrx_word' id='word_1_727' title='bbox 3219 4538 3442 4586; x_wconf 85' lang='lat' dir='ltr'><strong>senten-</strong></span> 
     </span>
    </p>
   </div>
   <div class='ocr_carea' id='block_1_94' title="bbox 169 4623 1753 4703">
    <p class='ocr_par' dir='ltr' id='par_1_94' title="bbox 169 4623 1753 4703">
     <span class='ocr_line' id='line_1_94' title="bbox 169 4623 1753 4703; baseline 0.006 -28"><span class='ocrx_word' id='word_1_728' title='bbox 169 4623 488 4695; x_wconf 75' lang='grc' dir='ltr'>ἐφανερώθη</span> <span class='ocrx_word' id='word_1_729' title='bbox 523 4625 580 4678; x_wconf 82' lang='grc' dir='ltr'>ἐν</span> <span class='ocrx_word' id='word_1_730' title='bbox 635 4627 836 4697; x_wconf 79' lang='grc' dir='ltr'>σαρκὶ,</span> <span class='ocrx_word' id='word_1_731' title='bbox 887 4627 1021 4691; x_wconf 78' lang='grc' dir='ltr'>Θεὸς</span> <span class='ocrx_word' id='word_1_732' title='bbox 1047 4628 1266 4692; x_wconf 84' lang='grc' dir='ltr'>πάντως</span> <span class='ocrx_word' id='word_1_733' title='bbox 1295 4631 1324 4682; x_wconf 84' lang='grc' dir='ltr'>ὁ</span> <span class='ocrx_word' id='word_1_734' title='bbox 1351 4631 1648 4703; x_wconf 79' lang='grc' dir='ltr'>μονογενὴς</span> <span class='ocrx_word' id='word_1_735' title='bbox 1670 4669 1685 4695; x_wconf 93' lang='grc'><strong>,</strong></span> <span class='ocrx_word' id='word_1_736' title='bbox 1725 4633 1753 4684; x_wconf 89' lang='grc' dir='ltr'>ὁ</span> 
     </span>
    </p>
   </div>
   <div class='ocr_carea' id='block_1_95' title="bbox 170 4715 1750 4791">
    <p class='ocr_par' dir='ltr' id='par_1_95' title="bbox 170 4715 1750 4791">
     <span class='ocr_line' id='line_1_95' title="bbox 170 4715 1750 4791; baseline 0.007 -26"><span class='ocrx_word' id='word_1_737' title='bbox 170 4715 229 4768; x_wconf 76' lang='grc' dir='ltr'>ἐν</span> <span class='ocrx_word' id='word_1_738' title='bbox 255 4717 365 4774; x_wconf 86' lang='grc' dir='ltr'>τοῖς</span> <span class='ocrx_word' id='word_1_739' title='bbox 393 4716 613 4778; x_wconf 80' lang='grc' dir='ltr'>κόλποις</span> <span class='ocrx_word' id='word_1_740' title='bbox 642 4717 718 4770; x_wconf 83' lang='grc' dir='ltr'>ὢν</span> <span class='ocrx_word' id='word_1_741' title='bbox 755 4717 848 4772; x_wconf 81' lang='grc' dir='ltr'>τοῦ</span> <span class='ocrx_word' id='word_1_742' title='bbox 883 4720 1098 4791; x_wconf 85' lang='grc' dir='ltr'>Πατρὸς</span> <span class='ocrx_word' id='word_1_743' title='bbox 1123 4760 1137 4784; x_wconf 89' lang='grc'><strong>,</strong></span> <span class='ocrx_word' id='word_1_744' title='bbox 1177 4720 1348 4784; x_wconf 72' lang='grc' dir='ltr'>οὕτως</span> <span class='ocrx_word' id='word_1_745' title='bbox 1382 4723 1628 4785; x_wconf 87' lang='grc' dir='ltr'>εἰπόντος</span> <span class='ocrx_word' id='word_1_746' title='bbox 1657 4722 1750 4776; x_wconf 79' lang='grc' dir='ltr'><strong>τοῦ</strong></span> 
     </span>
    </p>
   </div>
   <div class='ocr_carea' id='block_1_96' title="bbox 185 4804 1754 4878">
    <p class='ocr_par' dir='ltr' id='par_1_96' title="bbox 185 4804 1754 4878">
     <span class='ocr_line' id='line_1_96' title="bbox 185 4804 1754 4878; baseline 0.007 -23"><span class='ocrx_word' id='word_1_747' title='bbox 185 4804 451 4869; x_wconf 77' lang='grc' dir='ltr'>Ἰωάννου,</span> <span class='ocrx_word' id='word_1_748' title='bbox 477 4806 558 4858; x_wconf 83' lang='grc' dir='ltr'>ὅτι</span> <span class='ocrx_word' id='word_1_749' title='bbox 575 4806 970 4878; x_wconf 83' lang='grc' dir='ltr'>Ἐθεασάμεθα</span> <span class='ocrx_word' id='word_1_750' title='bbox 989 4808 1105 4877; x_wconf 78' lang='grc' dir='ltr'><strong>τὴν</strong></span> <span class='ocrx_word' id='word_1_751' title='bbox 1123 4809 1311 4874; x_wconf 81' lang='grc' dir='ltr'>δόξαν</span> <span class='ocrx_word' id='word_1_752' title='bbox 1326 4812 1535 4866; x_wconf 74' lang='grc' dir='ltr'>αὐτοῦ’</span> <span class='ocrx_word' id='word_1_753' title='bbox 1560 4813 1652 4865; x_wconf 89' lang='grc' dir='ltr'><strong>καί</strong></span> <span class='ocrx_word' id='word_1_754' title='bbox 1672 4829 1754 4866; x_wconf 86' lang='grc' dir='ltr'><strong>τοι</strong></span> 
     </span>
    </p>
   </div>
   <div class='ocr_carea' id='block_1_97' title="bbox 171 4893 1752 4976">
    <p class='ocr_par' dir='ltr' id='par_1_97' title="bbox 171 4893 1752 4976">
     <span class='ocr_line' id='line_1_97' title="bbox 171 4893 1752 4976; baseline 0.006 -29"><span class='ocrx_word' id='word_1_755' title='bbox 171 4893 232 4948; x_wconf 86' lang='grc' dir='ltr'>τὸ</span> <span class='ocrx_word' id='word_1_756' title='bbox 259 4897 581 4966; x_wconf 86' lang='grc' dir='ltr'>φαινόμενον</span> <span class='ocrx_word' id='word_1_757' title='bbox 599 4897 885 4970; x_wconf 75' lang='grc' dir='ltr'>ἄνθρωπος</span> <span class='ocrx_word' id='word_1_758' title='bbox 909 4895 998 4970; x_wconf 84' lang='grc' dir='ltr'>ἦν,</span> <span class='ocrx_word' id='word_1_759' title='bbox 1028 4900 1161 4953; x_wconf 82' lang='grc' dir='ltr'>ἀλλὰ</span> <span class='ocrx_word' id='word_1_760' title='bbox 1185 4901 1244 4954; x_wconf 84' lang='grc' dir='ltr'>τὸ</span> <span class='ocrx_word' id='word_1_761' title='bbox 1275 4901 1341 4954; x_wconf 84' lang='grc' dir='ltr'><strong>δι’</strong></span> <span class='ocrx_word' id='word_1_762' title='bbox 1365 4903 1529 4956; x_wconf 83' lang='grc' dir='ltr'>αὐτοῦ</span> <span class='ocrx_word' id='word_1_763' title='bbox 1551 4920 1752 4976; x_wconf 83' lang='grc' dir='ltr'>γνωρι-</span> 
     </span>
    </p>
   </div>
   <div class='ocr_carea' id='block_1_98' title="bbox 172 4986 1750 5064">
    <p class='ocr_par' dir='ltr' id='par_1_98' title="bbox 172 4986 1750 5064">
     <span class='ocr_line' id='line_1_98' title="bbox 172 4986 1750 5064; baseline 0.005 -23"><span class='ocrx_word' id='word_1_764' title='bbox 172 4986 615 5058; x_wconf 70' lang='grc' dir='ltr'>ζόμεναι,Δόξαν</span> <span class='ocrx_word' id='word_1_765' title='bbox 648 4991 816 5062; x_wconf 77' lang='grc' dir='ltr'>φησὶν</span> <span class='ocrx_word' id='word_1_766' title='bbox 845 4993 926 5056; x_wconf 87' lang='grc' dir='ltr'>ὡς</span> <span class='ocrx_word' id='word_1_767' title='bbox 935 4993 1302 5061; x_wconf 79' lang='grc' dir='ltr'>μονογενοῦς</span> <span class='ocrx_word' id='word_1_768' title='bbox 1314 4999 1474 5062; x_wconf 79' lang='grc' dir='ltr'>παρὰ</span> <span class='ocrx_word' id='word_1_769' title='bbox 1502 4994 1750 5064; x_wconf 77' lang='grc' dir='ltr'>Πατρός,</span> 
     </span>
    </p>
   </div>
   <div class='ocr_carea' id='block_1_99' title="bbox 171 5079 1754 5158">
    <p class='ocr_par' dir='ltr' id='par_1_99' title="bbox 171 5079 1754 5158">
     <span class='ocr_line' id='line_1_99' title="bbox 171 5079 1754 5158; baseline 0.006 -26"><span class='ocrx_word' id='word_1_770' title='bbox 171 5079 374 5148; x_wconf 78' lang='grc' dir='ltr'>πλήρη</span> <span class='ocrx_word' id='word_1_771' title='bbox 393 5080 631 5149; x_wconf 74' lang='grc' dir='ltr'>χάριτος</span> <span class='ocrx_word' id='word_1_772' title='bbox 657 5083 756 5137; x_wconf 82' lang='grc' dir='ltr'>καὶ</span> <span class='ocrx_word' id='word_1_773' title='bbox 783 5083 1086 5151; x_wconf 77' lang='grc' dir='ltr'>ἀληθείας.</span> <span class='ocrx_word' id='word_1_774' title='bbox 1116 5083 1332 5157; x_wconf 78' lang='grc' dir='ltr'>Ἐπειδὴ</span> <span class='ocrx_word' id='word_1_775' title='bbox 1361 5086 1541 5140; x_wconf 87' lang='grc' dir='ltr'>τοίνυν</span> <span class='ocrx_word' id='word_1_776' title='bbox 1570 5087 1629 5140; x_wconf 88' lang='grc' dir='ltr'>τὸ</span> <span class='ocrx_word' id='word_1_777' title='bbox 1655 5087 1754 5158; x_wconf 88' lang='grc' dir='ltr'>μὲν</span> 
     </span>
    </p>
   </div>
   <div class='ocr_carea' id='block_1_100' title="bbox 172 5169 1754 5248">
    <p class='ocr_par' dir='ltr' id='par_1_100' title="bbox 172 5169 1754 5248">
     <span class='ocr_line' id='line_1_100' title="bbox 172 5169 1754 5248; baseline 0.005 -24"><span class='ocrx_word' id='word_1_778' title='bbox 172 5169 423 5224; x_wconf 81' lang='grc' dir='ltr'>ἇκτιστον</span> <span class='ocrx_word' id='word_1_779' title='bbox 449 5173 634 5239; x_wconf 79' lang='grc' dir='ltr'>αὐτοῦ,</span> <span class='ocrx_word' id='word_1_780' title='bbox 668 5175 762 5227; x_wconf 75' lang='grc' dir='ltr'>καὶ</span> <span class='ocrx_word' id='word_1_781' title='bbox 790 5173 1134 5244; x_wconf 84' lang='grc' dir='ltr'>προαιώνιον,</span> <span class='ocrx_word' id='word_1_782' title='bbox 1167 5177 1259 5228; x_wconf 72' lang='grc' dir='ltr'>καὶ</span> <span class='ocrx_word' id='word_1_783' title='bbox 1289 5177 1481 5239; x_wconf 84' lang='grc' dir='ltr'>ἀΐδιον,</span> <span class='ocrx_word' id='word_1_784' title='bbox 1513 5176 1754 5248; x_wconf 78' lang='grc' dir='ltr'>ἄληπτον</span> 
     </span>
    </p>
   </div>
   <div class='ocr_carea' id='block_1_101' title="bbox 175 5262 1755 5339">
    <p class='ocr_par' dir='ltr' id='par_1_101' title="bbox 175 5262 1755 5339">
     <span class='ocr_line' id='line_1_101' title="bbox 175 5262 1755 5339; baseline 0.006 -25"><span class='ocrx_word' id='word_1_785' title='bbox 175 5263 272 5334; x_wconf 79' lang='grc' dir='ltr'>μὲν</span> <span class='ocrx_word' id='word_1_786' title='bbox 316 5262 438 5316; x_wconf 82' lang='grc' dir='ltr'>καθ’</span> <span class='ocrx_word' id='word_1_787' title='bbox 470 5265 592 5320; x_wconf 85' lang='grc' dir='ltr'>ὅλου</span> <span class='ocrx_word' id='word_1_788' title='bbox 631 5267 780 5339; x_wconf 85' lang='grc' dir='ltr'>πάσῃ</span> <span class='ocrx_word' id='word_1_789' title='bbox 825 5266 984 5336; x_wconf 78' lang='grc' dir='ltr'>φύσει</span> <span class='ocrx_word' id='word_1_790' title='bbox 1021 5268 1117 5320; x_wconf 74' lang='lat' dir='ltr'><strong>xui.</strong></span> <span class='ocrx_word' id='word_1_791' title='bbox 1155 5268 1538 5339; x_wconf 84' lang='grc' dir='ltr'>ἀνεκφώνητον</span> <span class='ocrx_word' id='word_1_792' title='bbox 1562 5287 1576 5301; x_wconf 78' lang='grc'><strong><em>⁸</em></strong></span> <span class='ocrx_word' id='word_1_793' title='bbox 1607 5271 1668 5324; x_wconf 84' lang='grc' dir='ltr'>τὸ</span> <span class='ocrx_word' id='word_1_794' title='bbox 1697 5271 1755 5324; x_wconf 85' lang='grc' dir='ltr'>δὲ</span> 
     </span>
    </p>
   </div>
   <div class='ocr_carea' id='block_1_102' title="bbox 173 5353 1755 5430">
    <p class='ocr_par' dir='ltr' id='par_1_102' title="bbox 173 5353 1755 5430">
     <span class='ocr_line' id='line_1_102' title="bbox 173 5353 1755 5430; baseline 0.007 -24"><span class='ocrx_word' id='word_1_795' title='bbox 173 5353 261 5408; x_wconf 86' lang='grc' dir='ltr'><strong>διὰ</strong></span> <span class='ocrx_word' id='word_1_796' title='bbox 290 5355 492 5425; x_wconf 79' lang='grc' dir='ltr'>σαρκὸς</span> <span class='ocrx_word' id='word_1_797' title='bbox 519 5358 652 5428; x_wconf 79' lang='grc' dir='ltr'>ἡμῖν</span> <span class='ocrx_word' id='word_1_798' title='bbox 680 5357 992 5430; x_wconf 84' lang='grc' dir='ltr'>φανερωθὲν</span> <span class='ocrx_word' id='word_1_799' title='bbox 1017 5398 1034 5424; x_wconf 90' lang='grc'><strong>,</strong></span> <span class='ocrx_word' id='word_1_800' title='bbox 1069 5358 1290 5413; x_wconf 83' lang='grc' dir='ltr'>δύναται</span> <span class='ocrx_word' id='word_1_801' title='bbox 1325 5361 1508 5425; x_wconf 84' lang='grc' dir='ltr'>ποσῶς</span> <span class='ocrx_word' id='word_1_802' title='bbox 1552 5362 1647 5416; x_wconf 78' lang='grc' dir='ltr'>καὶ</span> <span class='ocrx_word' id='word_1_803' title='bbox 1695 5363 1755 5426; x_wconf 78' lang='grc' dir='ltr'>ἐς</span> 
     </span>
    </p>
   </div>
   <div class='ocr_carea' id='block_1_103' title="bbox 174 5444 1752 5526">
    <p class='ocr_par' dir='ltr' id='par_1_103' title="bbox 174 5444 1752 5526">
     <span class='ocr_line' id='line_1_103' title="bbox 174 5444 1752 5526; baseline 0.007 -28"><span class='ocrx_word' id='word_1_804' title='bbox 174 5444 372 5514; x_wconf 87' lang='grc' dir='ltr'>γνῶσιν</span> <span class='ocrx_word' id='word_1_805' title='bbox 397 5447 600 5502; x_wconf 77' lang='grc' dir='ltr'>ἐλθεῖν·</span> <span class='ocrx_word' id='word_1_806' title='bbox 628 5450 822 5504; x_wconf 83' lang='grc' dir='ltr'>τούτου</span> <span class='ocrx_word' id='word_1_807' title='bbox 871 5450 1028 5523; x_wconf 82' lang='grc' dir='ltr'>χάριν</span> <span class='ocrx_word' id='word_1_808' title='bbox 1062 5451 1198 5523; x_wconf 82' lang='grc' dir='ltr'>πρὸς</span> <span class='ocrx_word' id='word_1_809' title='bbox 1232 5452 1404 5506; x_wconf 84' lang='grc' dir='ltr'>ταῦτα</span> <span class='ocrx_word' id='word_1_810' title='bbox 1430 5454 1516 5507; x_wconf 78' lang='grc' dir='ltr'><strong>ἀεὶ</strong></span> <span class='ocrx_word' id='word_1_811' title='bbox 1546 5455 1579 5526; x_wconf 82' lang='grc' dir='ltr'>ἡ</span> <span class='ocrx_word' id='word_1_812' title='bbox 1605 5455 1752 5510; x_wconf 82' lang='grc' dir='ltr'>διδά-</span> 
     </span>
    </p>
   </div>
   <div class='ocr_carea' id='block_1_104' title="bbox 177 5537 1752 5616">
    <p class='ocr_par' dir='ltr' id='par_1_104' title="bbox 177 5537 1752 5616">
     <span class='ocr_line' id='line_1_104' title="bbox 177 5537 1752 5616; baseline 0.007 -26"><span class='ocrx_word' id='word_1_813' title='bbox 177 5537 369 5601; x_wconf 84' lang='grc' dir='ltr'>σκαλος</span> <span class='ocrx_word' id='word_1_814' title='bbox 402 5538 619 5608; x_wconf 85' lang='grc' dir='ltr'>βλέπει,</span> <span class='ocrx_word' id='word_1_815' title='bbox 655 5541 747 5594; x_wconf 76' lang='grc' dir='ltr'>καὶ</span> <span class='ocrx_word' id='word_1_816' title='bbox 786 5543 914 5613; x_wconf 75' lang='grc' dir='ltr'>περὶ</span> <span class='ocrx_word' id='word_1_817' title='bbox 957 5543 1165 5598; x_wconf 85' lang='grc' dir='ltr'>τούτων</span> <span class='ocrx_word' id='word_1_818' title='bbox 1193 5547 1426 5598; x_wconf 82' lang='grc' dir='ltr'>ποιεῖται</span> <span class='ocrx_word' id='word_1_819' title='bbox 1454 5545 1546 5600; x_wconf 80' lang='grc' dir='ltr'>τὸν</span> <span class='ocrx_word' id='word_1_820' title='bbox 1575 5546 1752 5616; x_wconf 88' lang='grc' dir='ltr'>λόγον,</span> 
     </span>
    </p>
   </div>
   <div class='ocr_carea' id='block_1_105' title="bbox 177 5627 1754 5708">
    <p class='ocr_par' dir='ltr' id='par_1_105' title="bbox 177 5627 1754 5708">
     <span class='ocr_line' id='line_1_105' title="bbox 177 5627 1754 5708; baseline 0.008 -26"><span class='ocrx_word' id='word_1_821' title='bbox 177 5628 275 5682; x_wconf 75' lang='grc' dir='ltr'>ὅσα</span> <span class='ocrx_word' id='word_1_822' title='bbox 319 5627 543 5686; x_wconf 82' lang='grc' dir='ltr'>δύναται</span> <span class='ocrx_word' id='word_1_823' title='bbox 587 5632 841 5700; x_wconf 83' lang='grc' dir='ltr'>γενέσθαι</span> <span class='ocrx_word' id='word_1_824' title='bbox 881 5634 1104 5707; x_wconf 79' lang='grc' dir='ltr'>χωρητὰ</span> <span class='ocrx_word' id='word_1_825' title='bbox 1133 5637 1244 5700; x_wconf 88' lang='grc' dir='ltr'>τοῖς</span> <span class='ocrx_word' id='word_1_826' title='bbox 1289 5635 1566 5694; x_wconf 82' lang='grc' dir='ltr'>ἀκούουσι.</span> <span class='ocrx_word' id='word_1_827' title='bbox 1598 5639 1754 5708; x_wconf 83' lang='grc' dir='ltr'>Λέγω</span> 
     </span>
    </p>
   </div>
   <div class='ocr_carea' id='block_1_106' title="bbox 282 5809 672 5884">
    <p class='ocr_par' dir='ltr' id='par_1_106' title="bbox 282 5809 672 5884">
     <span class='ocr_line' id='line_1_106' title="bbox 282 5809 672 5884; baseline -0.003 -13"><span class='ocrx_word' id='word_1_828' title='bbox 282 5810 323 5843; x_wconf 85' lang='grc'><strong>⁹¹</strong></span> <span class='ocrx_word' id='word_1_829' title='bbox 347 5809 504 5871; x_wconf 69' lang='lat' dir='ltr'><strong>Joau.</strong></span> <span class='ocrx_word' id='word_1_830' title='bbox 541 5831 588 5884; x_wconf 85' lang='grc' dir='ltr'>ι,</span> <span class='ocrx_word' id='word_1_831' title='bbox 620 5818 672 5870; x_wconf 78' lang='grc'><strong>5.</strong></span> 
     </span>
    </p>
   </div>
   <div class='ocr_carea' id='block_1_107' title="bbox 1863 4619 3446 4692">
    <p class='ocr_par' dir='ltr' id='par_1_107' title="bbox 1863 4619 3446 4692">
     <span class='ocr_line' id='line_1_107' title="bbox 1863 4619 3446 4692; baseline -0.004 -10"><span class='ocrx_word' id='word_1_832' title='bbox 1863 4631 1993 4683; x_wconf 88' lang='lat' dir='ltr'><strong>tiam</strong></span> <span class='ocrx_word' id='word_1_833' title='bbox 2054 4627 2250 4681; x_wconf 87' lang='lat' dir='ltr'><strong>horum</strong></span> <span class='ocrx_word' id='word_1_834' title='bbox 2289 4625 2562 4692; x_wconf 87' lang='lat' dir='ltr'><strong>subjicere</strong></span> <span class='ocrx_word' id='word_1_835' title='bbox 2594 4621 2750 4691; x_wconf 88' lang='lat' dir='ltr'><strong>quasi</strong></span> <span class='ocrx_word' id='word_1_836' title='bbox 2781 4623 2974 4676; x_wconf 93' lang='lat' dir='ltr'><strong>oculis.</strong></span> <span class='ocrx_word' id='word_1_837' title='bbox 3021 4619 3446 4676; x_wconf 89' lang='lat' dir='ltr'><strong>lncreatum&#39;di-</strong></span> 
     </span>
    </p>
   </div>
   <div class='ocr_carea' id='block_1_108' title="bbox 1859 4711 3496 4786">
    <p class='ocr_par' dir='ltr' id='par_1_108' title="bbox 1859 4711 3496 4786">
     <span class='ocr_line' id='line_1_108' title="bbox 1859 4711 3496 4786; baseline -0.007 -11"><span class='ocrx_word' id='word_1_838' title='bbox 1859 4723 2034 4776; x_wconf 89' lang='lat' dir='ltr'><strong>cimus</strong></span> <span class='ocrx_word' id='word_1_839' title='bbox 2106 4717 2372 4780; x_wconf 82' lang='lat' dir='ltr'><strong>Vcrhum,</strong></span> <span class='ocrx_word' id='word_1_840' title='bbox 2417 4715 2562 4786; x_wconf 93' lang='lat' dir='ltr'><strong>quod</strong></span> <span class='ocrx_word' id='word_1_841' title='bbox 2609 4715 2768 4768; x_wconf 90' lang='lat' dir='ltr'><strong>initio</strong></span> <span class='ocrx_word' id='word_1_842' title='bbox 2819 4727 3000 4768; x_wconf 89' lang='lat' dir='ltr'><strong>rerum</strong></span> <span class='ocrx_word' id='word_1_843' title='bbox 3030 4711 3350 4776; x_wconf 78' lang='lat' dir='ltr'><strong>exsistebat,</strong></span> <span class='ocrx_word' id='word_1_844' title='bbox 3395 4720 3496 4767; x_wconf 84' lang='lat' dir='ltr'><strong>et.</strong></span> 
     </span>
    </p>
   </div>
   <div class='ocr_carea' id='block_1_109' title="bbox 1863 4803 3444 4883">
    <p class='ocr_par' dir='ltr' id='par_1_109' title="bbox 1863 4803 3444 4883">
     <span class='ocr_line' id='line_1_109' title="bbox 1863 4803 3444 4883; baseline -0.006 -15"><span class='ocrx_word' id='word_1_845' title='bbox 1863 4826 2079 4883; x_wconf 85' lang='lat' dir='ltr'><strong>semper</strong></span> <span class='ocrx_word' id='word_1_846' title='bbox 2121 4817 2238 4866; x_wconf 88' lang='lat' dir='ltr'><strong>erat</strong></span> <span class='ocrx_word' id='word_1_847' title='bbox 2297 4809 2442 4879; x_wconf 86' lang='lat' dir='ltr'><strong>apud</strong></span> <span class='ocrx_word' id='word_1_848' title='bbox 2487 4806 2681 4874; x_wconf 87' lang='lat' dir='ltr'><strong>Deum,</strong></span> <span class='ocrx_word' id='word_1_849' title='bbox 2735 4813 2791 4861; x_wconf 92' lang='lat' dir='ltr'><strong>et</strong></span> <span class='ocrx_word' id='word_1_850' title='bbox 2839 4812 2957 4860; x_wconf 90' lang='lat' dir='ltr'><strong>erat</strong></span> <span class='ocrx_word' id='word_1_851' title='bbox 2998 4804 3142 4860; x_wconf 90' lang='lat' dir='ltr'><strong>Deus</strong></span> <span class='ocrx_word' id='word_1_852' title='bbox 3183 4803 3444 4867; x_wconf 82' lang='lat' dir='ltr'><strong>Verbum,</strong></span> 
     </span>
    </p>
   </div>
   <div class='ocr_carea' id='block_1_110' title="bbox 1862 4896 3442 4975">
    <p class='ocr_par' dir='ltr' id='par_1_110' title="bbox 1862 4896 3442 4975">
     <span class='ocr_line' id='line_1_110' title="bbox 1862 4896 3442 4975; baseline -0.006 -16"><span class='ocrx_word' id='word_1_853' title='bbox 1862 4920 1960 4975; x_wconf 86' lang='lat' dir='ltr'><strong>per</strong></span> <span class='ocrx_word' id='word_1_854' title='bbox 1981 4901 2128 4973; x_wconf 91' lang='lat' dir='ltr'><strong>quod</strong></span> <span class='ocrx_word' id='word_1_855' title='bbox 2157 4900 2313 4955; x_wconf 84' lang='lat' dir='ltr'><strong>facta</strong></span> <span class='ocrx_word' id='word_1_856' title='bbox 2340 4907 2470 4955; x_wconf 90' lang='lat' dir='ltr'><strong>sunt</strong></span> <span class='ocrx_word' id='word_1_857' title='bbox 2497 4898 2702 4962; x_wconf 88' lang='lat' dir='ltr'><strong>omnia,</strong></span> <span class='ocrx_word' id='word_1_858' title='bbox 2724 4907 2780 4952; x_wconf 89' lang='lat' dir='ltr'><strong>et</strong></span> <span class='ocrx_word' id='word_1_859' title='bbox 2809 4896 2929 4952; x_wconf 87' lang='lat' dir='ltr'><strong>sine</strong></span> <span class='ocrx_word' id='word_1_860' title='bbox 2961 4912 3071 4966; x_wconf 92' lang='lat' dir='ltr'><strong>quo</strong></span> <span class='ocrx_word' id='word_1_861' title='bbox 3088 4897 3224 4951; x_wconf 88' lang='lat' dir='ltr'><strong>nihil</strong></span> <span class='ocrx_word' id='word_1_862' title='bbox 3251 4911 3442 4951; x_wconf 86' lang='lat' dir='ltr'><strong>eorum</strong></span> 
     </span>
    </p>
   </div>
   <div class='ocr_carea' id='block_1_111' title="bbox 1865 4988 3445 5063">
    <p class='ocr_par' dir='ltr' id='par_1_111' title="bbox 1865 4988 3445 5063">
     <span class='ocr_line' id='line_1_111' title="bbox 1865 4988 3445 5063; baseline -0.005 -13"><span class='ocrx_word' id='word_1_863' title='bbox 1865 4999 2070 5051; x_wconf 79' lang='lat' dir='ltr'><strong>factum</strong></span> <span class='ocrx_word' id='word_1_864' title='bbox 2108 5001 2194 5049; x_wconf 89' lang='lat' dir='ltr'><strong>est</strong></span> <span class='ocrx_word' id='word_1_865' title='bbox 2221 5008 2342 5063; x_wconf 72' lang='lat' dir='ltr'><strong>qua:</strong></span> <span class='ocrx_word' id='word_1_866' title='bbox 2366 4991 2509 5046; x_wconf 84' lang='lat' dir='ltr'><strong>facta</strong></span> <span class='ocrx_word' id='word_1_867' title='bbox 2536 4997 2665 5046; x_wconf 91' lang='lat' dir='ltr'><strong>sunt</strong></span> <span class='ocrx_word' id='word_1_868' title='bbox 2693 4989 2761 5044; x_wconf 77' lang='lat'><strong>“.</strong></span> <span class='ocrx_word' id='word_1_869' title='bbox 2806 4988 3065 5044; x_wconf 84' lang='lat' dir='ltr'><strong>Creatum</strong></span> <span class='ocrx_word' id='word_1_870' title='bbox 3081 4997 3262 5043; x_wconf 90' lang='lat' dir='ltr'><strong>autem</strong></span> <span class='ocrx_word' id='word_1_871' title='bbox 3292 4989 3445 5042; x_wconf 90' lang='lat' dir='ltr'><strong>illum</strong></span> 
     </span>
    </p>
   </div>
   <div class='ocr_carea' id='block_1_112' title="bbox 1863 5067 3446 5154">
    <p class='ocr_par' dir='ltr' id='par_1_112' title="bbox 1863 5067 3446 5154">
     <span class='ocr_line' id='line_1_112' title="bbox 1863 5067 3446 5154; baseline -0.004 -12"><span class='ocrx_word' id='word_1_872' title='bbox 1863 5088 2118 5152; x_wconf 88' lang='lat' dir='ltr'><strong>dicimus,</strong></span> <span class='ocrx_word' id='word_1_873' title='bbox 2184 5086 2275 5154; x_wconf 89' lang='lat' dir='ltr'><strong>qui</strong></span> <span class='ocrx_word' id='word_1_874' title='bbox 2307 5097 2434 5138; x_wconf 84' lang='lat' dir='ltr'><strong>caro</strong></span> <span class='ocrx_word' id='word_1_875' title='bbox 2468 5067 2645 5137; x_wconf 70' lang='lat' dir='ltr'><strong>iactus</strong></span> <span class='ocrx_word' id='word_1_876' title='bbox 2672 5091 2775 5147; x_wconf 87' lang='lat' dir='ltr'><strong>est,</strong></span> <span class='ocrx_word' id='word_1_877' title='bbox 2807 5089 2862 5136; x_wconf 90' lang='lat' dir='ltr'><strong>et</strong></span> <span class='ocrx_word' id='word_1_878' title='bbox 2888 5081 2992 5136; x_wconf 90' lang='lat' dir='ltr'><strong>sibi</strong></span> <span class='ocrx_word' id='word_1_879' title='bbox 3033 5081 3446 5137; x_wconf 86' lang='lat' dir='ltr'><strong>tabernaculum</strong></span> 
     </span>
    </p>
   </div>
   <div class='ocr_carea' id='block_1_113' title="bbox 1865 5173 3448 5245">
    <p class='ocr_par' dir='ltr' id='par_1_113' title="bbox 1865 5173 3448 5245">
     <span class='ocr_line' id='line_1_113' title="bbox 1865 5173 3448 5245; baseline -0.003 -12"><span class='ocrx_word' id='word_1_880' title='bbox 1865 5181 1920 5234; x_wconf 88' lang='lat' dir='ltr'><strong>in</strong></span> <span class='ocrx_word' id='word_1_881' title='bbox 1959 5179 2132 5232; x_wconf 89' lang='lat' dir='ltr'><strong>nobis</strong></span> <span class='ocrx_word' id='word_1_882' title='bbox 2160 5176 2454 5240; x_wconf 76' lang='lat' dir='ltr'><strong>exstruxit,</strong></span> <span class='ocrx_word' id='word_1_883' title='bbox 2488 5176 2544 5229; x_wconf 92' lang='lat' dir='ltr'><strong>in</strong></span> <span class='ocrx_word' id='word_1_884' title='bbox 2573 5189 2683 5245; x_wconf 90' lang='lat' dir='ltr'><strong>quo</strong></span> <span class='ocrx_word' id='word_1_885' title='bbox 2717 5174 2885 5228; x_wconf 87' lang='lat' dir='ltr'><strong>etiam</strong></span> <span class='ocrx_word' id='word_1_886' title='bbox 2911 5173 3197 5228; x_wconf 88' lang='lat' dir='ltr'><strong>incarnato</strong></span> <span class='ocrx_word' id='word_1_887' title='bbox 3223 5173 3448 5228; x_wconf 87' lang='lat' dir='ltr'><strong>elucens</strong></span> 
     </span>
    </p>
   </div>
   <div class='ocr_carea' id='block_1_114' title="bbox 1872 5263 3446 5344">
    <p class='ocr_par' dir='ltr' id='par_1_114' title="bbox 1872 5263 3446 5344">
     <span class='ocr_line' id='line_1_114' title="bbox 1872 5263 3446 5344; baseline -0.004 -18"><span class='ocrx_word' id='word_1_888' title='bbox 1872 5271 2048 5344; x_wconf 79' lang='lat' dir='ltr'><strong>gloria</strong></span> <span class='ocrx_word' id='word_1_889' title='bbox 2080 5267 2288 5324; x_wconf 90' lang='lat' dir='ltr'><strong>indicat</strong></span> <span class='ocrx_word' id='word_1_890' title='bbox 2315 5267 2460 5338; x_wconf 89' lang='lat' dir='ltr'><strong>quod</strong></span> <span class='ocrx_word' id='word_1_891' title='bbox 2492 5268 2637 5322; x_wconf 90' lang='lat' dir='ltr'><strong>Deus</strong></span> <span class='ocrx_word' id='word_1_892' title='bbox 2681 5263 2987 5335; x_wconf 83' lang='lat' dir='ltr'><strong>patefactus</strong></span> <span class='ocrx_word' id='word_1_893' title='bbox 3017 5265 3108 5334; x_wconf 50' lang='lat' dir='ltr'><strong>’.sit</strong></span> <span class='ocrx_word' id='word_1_894' title='bbox 3136 5264 3192 5319; x_wconf 91' lang='lat' dir='ltr'><strong>in</strong></span> <span class='ocrx_word' id='word_1_895' title='bbox 3230 5279 3400 5320; x_wconf 86' lang='lat' dir='ltr'><strong>carne</strong></span> <span class='ocrx_word' id='word_1_896' title='bbox 3431 5283 3446 5320; x_wconf 90' lang='lat'><strong>:</strong></span> 
     </span>
    </p>
   </div>
   <div class='ocr_carea' id='block_1_115' title="bbox 1865 5353 3449 5434">
    <p class='ocr_par' dir='ltr' id='par_1_115' title="bbox 1865 5353 3449 5434">
     <span class='ocr_line' id='line_1_115' title="bbox 1865 5353 3449 5434; baseline -0.005 -14"><span class='ocrx_word' id='word_1_897' title='bbox 1865 5365 2113 5429; x_wconf 87' lang='lat' dir='ltr'><strong>omnino,</strong></span> <span class='ocrx_word' id='word_1_898' title='bbox 2147 5364 2394 5434; x_wconf 85' lang='lat' dir='ltr'><strong>inquam,</strong></span> <span class='ocrx_word' id='word_1_899' title='bbox 2433 5359 2580 5416; x_wconf 87' lang='lat' dir='ltr'><strong>Deus</strong></span> <span class='ocrx_word' id='word_1_900' title='bbox 2631 5358 2866 5429; x_wconf 78' lang='lat' dir='ltr'><strong>unigena</strong></span> <span class='ocrx_word' id='word_1_901' title='bbox 2909 5357 3021 5425; x_wconf 90' lang='lat' dir='ltr'><strong>ille,</strong></span> <span class='ocrx_word' id='word_1_902' title='bbox 3060 5357 3156 5428; x_wconf 91' lang='lat' dir='ltr'><strong>qui</strong></span> <span class='ocrx_word' id='word_1_903' title='bbox 3191 5353 3370 5414; x_wconf 84' lang='lat' dir='ltr'><strong>Patris</strong></span> <span class='ocrx_word' id='word_1_904' title='bbox 3391 5357 3449 5412; x_wconf 91' lang='lat' dir='ltr'><strong>in</strong></span> 
     </span>
    </p>
   </div>
   <div class='ocr_carea' id='block_1_116' title="bbox 1863 5447 3450 5522">
    <p class='ocr_par' dir='ltr' id='par_1_116' title="bbox 1863 5447 3450 5522">
     <span class='ocr_line' id='line_1_116' title="bbox 1863 5447 3450 5522; baseline -0.008 -6"><span class='ocrx_word' id='word_1_905' title='bbox 1863 5458 2081 5516; x_wconf 88' lang='lat' dir='ltr'><strong>sinibus</strong></span> <span class='ocrx_word' id='word_1_906' title='bbox 2139 5455 2378 5522; x_wconf 78' lang='lat' dir='ltr'><strong>exsistit,</strong></span> <span class='ocrx_word' id='word_1_907' title='bbox 2439 5469 2565 5508; x_wconf 83' lang='lat' dir='ltr'><strong>cum</strong></span> <span class='ocrx_word' id='word_1_908' title='bbox 2616 5453 2690 5507; x_wconf 88' lang='lat' dir='ltr'><strong>ita</strong></span> <span class='ocrx_word' id='word_1_909' title='bbox 2746 5450 2990 5505; x_wconf 81' lang='lat' dir='ltr'><strong>Joannes</strong></span> <span class='ocrx_word' id='word_1_910' title='bbox 3033 5447 3450 5506; x_wconf 62' lang='lat' dir='ltr'><strong>dimi-inﬂan-</strong></span> 
     </span>
    </p>
   </div>
   <div class='ocr_carea' id='block_1_117' title="bbox 1863 5539 3452 5621">
    <p class='ocr_par' dir='ltr' id='par_1_117' title="bbox 1863 5539 3452 5621">
     <span class='ocr_line' id='line_1_117' title="bbox 1863 5539 3452 5621; baseline -0.008 -15"><span class='ocrx_word' id='word_1_911' title='bbox 1863 5551 2132 5621; x_wconf 68' lang='lat' dir='ltr'><strong>spernimus</strong></span> <span class='ocrx_word' id='word_1_912' title='bbox 2192 5549 2420 5620; x_wconf 77' lang='lat' dir='ltr'><strong>gloriam</strong></span> <span class='ocrx_word' id='word_1_913' title='bbox 2445 5545 2558 5616; x_wconf 81' lang='lat' dir='ltr'><strong>ejus</strong></span> <span class='ocrx_word' id='word_1_914' title='bbox 2590 5543 2766 5615; x_wconf 86' lang='lat' dir='ltr'><strong>(atqui</strong></span> <span class='ocrx_word' id='word_1_915' title='bbox 2794 5544 2958 5598; x_wconf 87' lang='lat' dir='ltr'><strong>homo</strong></span> <span class='ocrx_word' id='word_1_916' title='bbox 2996 5549 3116 5598; x_wconf 84' lang='lat' dir='ltr'><strong>erat</strong></span> <span class='ocrx_word' id='word_1_917' title='bbox 3152 5539 3300 5612; x_wconf 90' lang='lat' dir='ltr'><strong>quod</strong></span> <span class='ocrx_word' id='word_1_918' title='bbox 3329 5555 3452 5596; x_wconf 89' lang='lat' dir='ltr'><strong>cer-</strong></span> 
     </span>
    </p>
   </div>
   <div class='ocr_carea' id='block_1_118' title="bbox 1874 5633 3454 5709">
    <p class='ocr_par' dir='ltr' id='par_1_118' title="bbox 1874 5633 3454 5709">
     <span class='ocr_line' id='line_1_118' title="bbox 1874 5633 3454 5709; baseline -0.009 -9"><span class='ocrx_word' id='word_1_919' title='bbox 1874 5644 2127 5709; x_wconf 85' lang='lat' dir='ltr'><strong>nebatur,</strong></span> <span class='ocrx_word' id='word_1_920' title='bbox 2164 5657 2353 5699; x_wconf 81' lang='lat' dir='ltr'><strong>verum</strong></span> <span class='ocrx_word' id='word_1_921' title='bbox 2400 5639 2452 5696; x_wconf 91' lang='lat' dir='ltr'><strong>id</strong></span> <span class='ocrx_word' id='word_1_922' title='bbox 2486 5637 2632 5700; x_wconf 80' lang='lat' dir='ltr'><strong>quod</strong></span> <span class='ocrx_word' id='word_1_923' title='bbox 2659 5651 2756 5708; x_wconf 89' lang='lat' dir='ltr'><strong>per</strong></span> <span class='ocrx_word' id='word_1_924' title='bbox 2783 5636 2938 5691; x_wconf 91' lang='lat' dir='ltr'><strong>illum</strong></span> <span class='ocrx_word' id='word_1_925' title='bbox 2981 5633 3454 5709; x_wconf 73' lang='lat' dir='ltr'><strong>cognoscebatur,</strong></span> 
     </span>
    </p>
   </div>
  </div>
