3866 6378
413 377 550 434 1047
1661 378 1720 435 S.
1762 377 2091 438 GREGORH
2109 379 2404 439 NYSSENI
3573 377 3724 434 £048

405 491 645 562 appellat
671 491 929 566 gloriam)
959 501 1214 565 tanquam
1236 493 1474 565 unigena:
1503 493 1739 556 aPatre,
1758 496 1848 566 qui
1871 495 1983 565 ple-

2103 494 2144 548 ῖὲ
2179 495 2241 550 τὸ
2271 495 2414 567 μέγα
2451 495 2549 567 τῆς
2589 494 2869 560 εὐσεϐείας
2913 495 3250 566 μυστήριον,
3297 491 3372 547 δι’
3403 485 3472 548 οὗ
3503 493 3541 546 ὁ
3576 492 3721 558 Θεὸς

404 601 507 638 nus
548 594 626 640 est
663 587 842 654 gratia
883 597 932 641 et
965 587 1181 641 veritate
1202 586 1268 642 ”.
1321 585 1462 652 Quia
1508 586 1678 658 igitur
1710 586 1786 651 id,
1838 586 1987 656 quod

2103 587 2415 660 ἐφανερώθη
2447 589 2506 643 ὲν
2537 588 2721 660 σαρκὶ,
2745 588 2774 640 ὁ
2800 589 2858 642 ὲν
2890 588 3069 658 μορφῇ
3103 585 3239 638 Θεοῦ
3269 584 3583 656 ὑπάρχων,
3615 585 3714 638 καὶ

410 675 728 729 increatum
762 676 818 730 in
858 679 980 748 ipso
1021 689 1126 744 est,
1178 684 1233 732 et
1260 678 1476 732 saeculis
1521 677 1698 748 prius,
1744 684 1796 732 et
1825 686 1986 732 reter-

2103 681 2172 752 τῷ
2212 681 2443 752 δουλικῷ
2488 679 2815 752 προσωπείῳ
2845 678 2934 733 διὰ
2971 678 3174 751 σαρκὸς
3212 678 3715 748 συναναστραφεὶς

407 780 558 830 num,
597 775 778 821 manet
807 767 1367 839 incomprehensibile
1410 779 1575 839 atque
1615 768 1894 824 inetiabile
1926 769 1982 823 in

2103 775 2205 838 τοῖς
2250 771 2592 843 ἀνθρώποις,
2639 771 2699 834 ὃς
2749 769 2938 842 ἐπειδὴ
2981 769 3129 834 ἅπαξ
3159 769 3298 841 πρὸς
3329 769 3543 821 ἑαυτὸν
3573 769 3711 820 ἐπει

405 856 725 914 universum
783 861 933 914 omni
978 868 1232 917 naturae:
1272 862 1418 932 quod
1455 870 1637 917 autem
1691 863 1854 917 nobis
1889 877 1988 932 per

2103 861 2342 916 σπάσατο
2381 861 2469 916 διά
2505 863 2604 933 τῆς
2639 861 2893 933 ἀπαρχῆς
2923 861 3022 931 τὴν
3056 860 3318 930 ἐπίκηρον
3349 863 3456 930 τῆς
3485 859 3709 928 σαρκὸς

405 964 630 1004 carnem
661 950 993 1020 patefactum
1035 961 1140 1022 est,
1181 954 1366 1024 aliqua
1414 969 1480 1008 ex
1517 963 1672 1024 parte
1705 955 1759 1009 in
1795 955 1988 1025 cogni-

2103 953 2257 1024 φύσιν
2277 995 2292 1016 ,
2328 954 2394 1024 ἥν
2424 953 2512 1007 διὰ
2540 956 2642 1024 τῆς
2673 953 2914 1024 ἀφθόρου
2941 951 3234 1022 παρθενίας
3267 951 3547 1019 ἀνέλαδεν
3567 990 3582 1010 ,
3616 949 3708 1002 ἀεὶ

408 1042 614 1096 tionem
656 1044 844 1099 venire
874 1052 1076 1114 potest,
1111 1045 1324 1100 idcirco
1361 1061 1583 1115 semper
1620 1047 1846 1116 respicit
1878 1047 1988 1102 huc

2103 1049 2162 1117 τῇ
2195 1044 2475 1116 ἀφθαρσίᾳ
2509 1043 2822 1113 συναγιάζει
2869 1043 2930 1096 τὸ
2957 1043 3132 1098 κοινὸν
3173 1043 3272 1112 τῆς
3305 1041 3537 1111 φύσεως
3561 1079 3580 1104 ,
3613 1040 3708 1093 διὰ

411 1134 695 1203 magistra,
728 1134 906 1206 deque
935 1136 1019 1192 liis
1052 1151 1363 1193 sermonem
1405 1137 1669 1201 instituit,
1710 1147 1986 1207 quatenus

405 1237 597 1276 eorum
655 1238 887 1293 capaces
936 1239 1061 1280 esse
1103 1225 1390 1281 auditores
1434 1233 1689 1296 possunt.
1740 1225 1990 1296 intelligo

406 1317 589 1365 autem
621 1327 879 1382 magnum
929 1313 1062 1367 illud
1100 1315 1597 1370 administrationis
1638 1314 1984 1386 mysterium,

411 1416 508 1469 per
539 1403 690 1472 quod
723 1403 867 1459 Deus
918 1405 974 1460 in
1008 1421 1174 1460 carne
1219 1405 1526 1476 patefactus
1575 1415 1681 1469 est,
1719 1407 1811 1477 qui
1845 1407 1989 1461 exsi-

408 1494 591 1549 stebat
623 1495 679 1549 in
712 1493 887 1550 forma
919 1495 1035 1564 Dei,
1092 1507 1147 1552 et
1176 1497 1231 1551 in
1254 1499 1438 1552 servili
1470 1513 1704 1567 persona
1739 1513 1836 1568 per
1863 1513 1988 1552 car-

409 1601 536 1640 nem
573 1601 697 1640 cum
745 1586 1056 1643 hominibus
1088 1597 1172 1645 est
1205 1600 1585 1652 conversatus,
1639 1590 1730 1658 qui
1770 1595 1989 1658 postea-

409 1692 576 1744 quam
617 1679 787 1734 semel
811 1679 866 1733 in
901 1695 1023 1737 sese
1057 1696 1153 1751 per
1185 1681 1461 1752 primitias
1489 1680 1784 1736 obnoxiam
1818 1681 1983 1736 morti

409 1769 597 1824 carnis
653 1779 908 1825 naturam
967 1773 1206 1843 recepit,
1261 1786 1425 1843 quam
1470 1788 1568 1842 per
1621 1772 1987 1843 virginitatem

2094 1137 2203 1190 τῶν
2233 1135 2534 1207 ἑνουμένων
2559 1135 2709 1206 αὺτῷ
2737 1135 2874 1189 κατά
2903 1135 2999 1205 τὴν
3022 1133 3307 1188 κοινωνίαν
3332 1133 3432 1186 τοῦ
3470 1148 3704 1202 μυστη-

2101 1230 2215 1301 ρίου
2238 1269 2252 1294 ,
2283 1229 2500 1298 τρέφων
2531 1228 2593 1282 τὸ
2619 1227 2814 1281 ἑαυτοῦ
2841 1227 3002 1298 σῶμα
3041 1225 3141 1296 τὴν
3182 1225 3520 1296 Ἐκκλησίαν
3543 1265 3559 1288 ,
3599 1223 3702 1275 καὶ

2096 1317 2448 1388 καταλλήλως
2492 1315 2562 1370 τὰ
2610 1315 2922 1385 ὲκφυὸμενα
2964 1313 3053 1367 διὰ
3097 1313 3197 1384 τῆς
3239 1312 3478 1374 πίστεως
3518 1307 3700 1362 αὑτοῦ

2100 1409 2236 1481 μέλη
2264 1407 2341 1478 τῷ
2367 1407 2531 1477 κοινῷ
2561 1405 2772 1477 σώματι
2793 1403 3109 1477 ἐναρμόζων
3127 1419 3141 1434 ·
3175 1402 3450 1474 εὐπρεπὲς
3486 1401 3560 1454 τὸ
3585 1403 3700 1453 πᾶν

2095 1496 2508 1570 ἀπεργάζεται,
2542 1497 2600 1559 ἐς
2624 1493 2937 1565 ὀφθαλμοὺς
2960 1534 2976 1559 ,
3019 1494 3114 1547 καὶ
3155 1493 3328 1563 στόμα
3361 1491 3461 1544 καὶ
3492 1493 3701 1561 χεῖρας

2095 1590 2190 1644 καὶ
2216 1591 2284 1642 τά
2315 1588 2478 1642 λοιπά
2508 1587 2649 1659 μέρη
2677 1629 2690 1653 ,
2720 1587 3040 1658 πρεπόντως
3068 1585 3163 1640 καὶ
3204 1583 3478 1656 ἁρμοδίως
3508 1582 3698 1636 διατι-

2096 1680 2208 1744 θεὶς
2236 1681 2364 1743 τοὺς
2402 1679 2778 1742 πιστεύοντας.
2813 1678 2972 1731 Οὕτω
3015 1677 3124 1748 γάρ
3167 1693 3328 1747 φησιν
3357 1678 3386 1729 ὁ
3421 1673 3648 1735 Παῦλος
3674 1688 3692 1702 ·

2093 1772 2178 1825 ὅτι
2220 1773 2330 1826 Ἓν
2375 1770 2493 1841 μέν
2528 1771 2660 1824 ἐστι
2695 1770 2868 1838 σῶμα
2891 1809 2905 1834 ,
2947 1769 3151 1849 secula
3187 1767 3255 1820 δὲ
3294 1766 3474 1836 μέλη.
3515 1763 3608 1816 Τὰ
3633 1763 3694 1816 δὲ

410 1861 786 1932 incorruptam
817 1865 1138 1936 assumpsit,
1166 1881 1382 1936 semper
1415 1879 1522 1920 una
1557 1879 1681 1919 cum
1723 1864 1982 1934 primitiis

2103 1863 2224 1934 ιέλη
2257 1863 2435 1918 πάντα
2471 1863 2532 1917 οὐ
2563 1863 2662 1934 τὴν
2706 1861 2873 1932 αὐτὴν
2920 1859 3033 1931 ἔχει
3062 1859 3213 1924 τάξιν
3239 1900 3256 1924 ,
3303 1858 3418 1911 ἀλλ’
3447 1857 3572 1909 ἐστι
3602 1871 3696 1916 τις

409 1952 721 2008 sanctiﬁcat
781 1969 1135 2010 communem
1198 1965 1411 2012 natura:
1469 1966 1672 2012 nostra:
1726 1973 1988 2024 massam,

410 2054 512 2109 per
549 2042 737 2099 unitos
760 2043 865 2098 sibi
892 2031 1109 2101 ratione
1147 2046 1592 2117 participationis
1623 2047 1868 2118 mysterii
1898 2047 1995 2102 hu-

405 2131 520 2199 jus,
578 2135 734 2190 alens
759 2151 958 2208 corpus
1016 2153 1201 2205 suum,
1246 2140 1509 2195 nimirum
1562 2139 1892 2206 Ecclesiam,
1939 2149 1993 2196 et

408 2225 776 2282 conveniente
823 2228 1063 2297 quadam
1100 2231 1317 2286 ratione
1353 2233 1601 2287 membra
1642 2232 1747 2287 sibi
1790 2247 1889 2302 per
1929 2231 1992 2286 ﬁ-

409 2312 534 2368 dem
579 2315 937 2373 adnascentia
991 2323 1274 2377 communi
1331 2325 1556 2394 corpori
1616 2326 1990 2396 agglutinatis,

412 2403 546 2457 illud
573 2404 752 2475 ipsum
783 2415 957 2463 totum
992 2409 1255 2467 decorum
1295 2414 1474 2469 reddit
1563 2416 1991 2470 credentibusin

411 2498 628 2565 oculos,
661 2499 716 2555 in
749 2516 836 2566 os,
873 2502 929 2558 in
974 2520 1197 2570 manus,
1231 2507 1288 2561 in
1335 2507 1580 2562 membra
1640 2507 1854 2578 reliqua
1899 2508 1996 2563 de—

411 2599 606 2648 center
656 2603 894 2666 apteque
922 2596 1256 2655 distributis.
1306 2598 1400 2654 Sic
1442 2599 1588 2654 enim
1619 2599 1826 2654 Paulus
1869 2601 1990 2656 ait:

413 2680 624 2751 Corpus
675 2684 888 2754 quidem
934 2704 1100 2742 unum
1151 2699 1250 2753 est,
1300 2687 1536 2743 membra
1573 2705 1691 2744 uero
1747 2690 1992 2745 multa“.

411 2769 608 2827 Omnia
638 2783 822 2830 autem
859 2779 1106 2832 membra
1135 2794 1244 2833 non
1288 2779 1536 2849 ejusdem
1583 2786 1715 2835 sunt
1757 2780 1992 2846 ordinis,

412 2860 511 2916 sed
536 2873 622 2919 est
649 2865 874 2936 quidam
901 2868 959 2923 in
991 2868 1096 2925 hoc
1123 2885 1358 2942 corpore
1389 2873 1608 2935 oculus,
1637 2872 1733 2942 qui
1769 2887 1994 2927 manum

414 2965 526 3006 non
557 2957 862 3010 contemnit
889 2974 907 3012 :
949 2965 1003 3012 et
1035 2960 1084 3014 si
1107 2962 1234 3030 quis
1265 2969 1430 3032 caput
1457 2969 1562 3024 est,
1587 2963 1752 3033 pedes
1774 2977 1884 3018 non
1910 2978 1997 3017 re-

409 3038 551 3106 jicit,
587 3042 682 3095 sed
725 3049 1064 3113 temperatur
1097 3047 1241 3116 inter
1272 3064 1332 3104 se
1373 3049 1557 3104 totum
1605 3065 1702 3119 per
1748 3051 1994 3106 membra

2093 1955 2186 2010 καὶ
2212 1953 2489 2025 ὀφθαλμὸς
2513 1956 2570 2008 ὲν
2597 1953 2674 2024 τῷ
2706 1952 2918 2023 σώματι
2956 1953 3031 2023 μὴ
3052 1967 3407 2021 καταφρονων
3430 1947 3538 2018 τῆς
3573 1963 3691 2016 χει·

2095 2052 2216 2123 ρὸς,
2245 2052 2339 2105 καὶ
2378 2049 2587 2120 κεφαλή
2613 2066 2698 2112 τις
2719 2048 2825 2112 ὢν,
2860 2049 2960 2102 οὐκ
2987 2046 3285 2100 ἀπωθεῖται
3316 2044 3443 2106 τοὺς
3484 2041 3687 2105 πόδας,

2092 2145 2228 2200 ἀλλὰ
2263 2144 2634 2216 συγκέκραται
2669 2142 2807 2212 πρὸς
2845 2141 3004 2195 ἑαυτὸ
3036 2143 3102 2211 τῇ
3133 2135 3367 2207 ποικιλίᾳ
3390 2134 3502 2187 τῶν
3528 2137 3690 2204 ἐνερ-

2093 2237 2258 2306 γειῶν
2281 2235 2427 2290 ἅπαν
2450 2234 2538 2288 διὰ
2562 2234 2669 2288 τῶν
2702 2233 2880 2306 μελῶν
2903 2233 2964 2286 τὺ
2989 2231 3170 2302 σῶμα,
3195 2229 3282 2283 ἵνα
3308 2227 3381 2298 μὴ
3410 2224 3687 2296 στασιάξη

2095 2329 2232 2401 πρὸς
2251 2328 2312 2381 τὸ
2339 2329 2459 2384 ὅλον
2484 2327 2553 2380 τὰ
2583 2325 2940 2398 μέλη.Ταῦτα
2971 2324 3026 2378 δὲ
3053 2324 3116 2376 δι’
3139 2321 3478 2392 αἰνιγμάτων
3510 2334 3686 2389 προσ-

2096 2421 2211 2486 θεὶς
2274 2421 2342 2476 τά
2388 2422 2635 2492 νοήματα
2663 2459 2678 2483 ,
2712 2419 2804 2472 ἐπὶ
2846 2418 2911 2472 τὸ
2943 2416 3291 2486 σαφέστερον.
3315 2411 3552 2483 προάγει
3596 2407 3686 2461 τον

2095 2512 2276 2581 λόγον,
2303 2511 2473 2566 είπών
2493 2529 2506 2542 ·
2534 2513 2618 2564 ὅτι
2652 2512 2860 2565 Ἕθετο
2889 2512 2920 2563 ό
2955 2506 3099 2573 Θεὸς
3126 2506 3197 2560 ἐν
3223 2502 3298 2572 τῇ
3345 2499 3688 2567 Ἐκκλησία

2096 2603 2510 2666 ἀποστόλους,
2558 2600 2658 2654 καὶ
2703 2597 3052 2668 προφήτας,
3108 2594 3210 2649 καὶ
3245 2588 3683 2652 διδασκάλους,

2096 2693 2195 2748 καί
2223 2691 2541 2762 ποιμένας,
2580 2689 2731 2759 πρὸς
2755 2688 2863 2742 τὸν
2889 2682 3294 2755 καταρτισμὸν
3321 2679 3443 2734 τῶν
3475 2679 3684 2748 ἁγίων,

2096 2788 2185 2852 εὶς
2209 2784 2387 2852 ἔργον
2412 2782 2742 2847 διακονίας,
2785 2783 2874 2847 είς
2903 2777 3230 2847 οὶκοδομὴν
3269 2771 3374 2828 τοῦ
3403 2769 3686 2840 σώματος

2096 2877 2203 2932 τοῦ
2251 2874 2510 2944 Χριστοῦ
2536 2892 2550 2906 ⁸
2576 2877 2754 2944 μέχρι
2783 2871 3252 2940 καταντήσωμεν
3275 2871 3329 2922 οι
3345 2866 3576 2931 πάντες
3601 2865 3688 2928 εις

2097 2967 2214 3036 τὴν
2235 2968 2491 3034 ἑνότητα
2511 2965 2623 3035 τῆς
2647 2967 2906 3030 πίστεως
2922 2962 3150 3031 καὶτῆς
3172 2960 3552 3032 ἐπιγνώσεως
3580 2955 3686 3010 τοῦ

2101 3059 2360 3125 Θεοῦ,είς
2374 3057 2565 3127 ἄνδρα
2578 3057 2921 3123 τέλειον,εὶς
2926 3056 3146 3126 μέτρον
3160 3054 3397 3122 ἡλικίας
3406 3050 3516 3104 τοῦ
3532 3051 3690 3113 πλη-

413 3141 617 3197 corpus
645 3127 997 3188 eﬂ‘ectionum
1031 3135 1317 3202 varietate,
1347 3151 1417 3191 ne
1443 3137 1690 3193 membra
1721 3152 1845 3192 cum
1877 3144 1995 3192 toto

2103 3149 2363 3220 ρώματος
2386 3149 2492 3204 τοῦ
2512 3149 2791 3218 Χριστοῦ.
2815 3148 2926 3202 Καὶ
2947 3147 3108 3200 πάλιν
3129 3163 3142 3176 ·
3159 3141 3550 3210 Αὑξήσωμεν,
3582 3157 3687 3210 φη·

411 3219 739 3277 dissideant.
774 3224 951 3296 Atque
986 3225 1090 3281 hac
1116 3229 1389 3282 sententia
1421 3244 1516 3298 per
1543 3229 1836 3300 aenigmata
1861 3243 1997 3299 pro-

2103 3217 2208 3303 σιν,
2223 3243 2312 3307 εὶς
2339 3240 2529 3296 αὐτὸν
2550 3217 2648 3294 διὰ
2664 3239 2880 3306 πάντα,
2903 3239 2970 3305 ὃς
2989 3239 3162 3292 ἐστιν
3182 3237 3219 3304 ἠ
3241 3232 3479 3302 κεφαλὴ
3503 3235 3534 3286 ὁ
3555 3233 3689 3298 Χρι-

415 3311 616 3379 posita,
649 3314 853 3369 clarius
892 3315 1090 3372 deinde
1130 3317 1400 3388 loquitur,
1452 3335 1576 3376 cum
1611 3321 1688 3374 ait
1722 3340 1735 3375 :
1783 3319 1998 3375 Consti-

416 3403 517 3456 tuit
542 3404 596 3457 in
641 3403 885 3462 Ecclesia
917 3407 1059 3464 Deus
1118 3410 1412 3480 apostolos,
1464 3411 1765 3481 prophetas,
1820 3412 1999 3466 docto-

415 3510 520 3560 res,
556 3505 818 3565 pastores,
867 3489 937 3555 ait
978 3503 1490 3572 coagmentationem
1549 3513 1882 3568 sanctorum,
1931 3502 1999 3557 ad

416 3603 548 3655 opus
567 3589 870 3657 ministerii,
905 3592 976 3646 ad
1018 3594 1423 3665 wdi~ﬁcationem
1469 3597 1702 3664 corporis
1748 3594 1998 3660 Christi;

415 3685 578 3732 donec
606 3680 893 3737 evadamus
942 3699 1122 3742 omnes.
1160 3685 1217 3738 in
1254 3685 1520 3740 unitatem
1539 3684 1666 3754 ﬁdei
1693 3695 1744 3739 et
1773 3686 2001 3756 agnitio.

418 3771 501 3825 nis
533 3769 669 3828 Filii
699 3773 818 3840 Dei,
844 3775 898 3832 iu
939 3777 1108 3830 uirum
1139 3775 1448 3844 perfectum,
1470 3777 1524 3831 in
1558 3792 1862 3832 utensuram
1890 3785 2003 3830 sta-

418 3872 554 3918 turae
569 3865 902 3935 perfectionis
925 3866 1206 3922 Chr-isti”.
1236 3867 1300 3922 Et
1327 3883 1544 3924 rursum
1577 3887 1591 3924 :
1622 3867 2001 3922 Adolescamus

417 3957 470 4015 in
498 3957 668 4025 ipsum
695 3974 788 4028 per
829 3962 1007 4014 omnia
1027 4001 1043 4025 ,
1077 3962 1169 4031 qui
1196 3969 1273 4015 est
1313 3972 1464 4030 caput
1496 3959 1762 4027 Christus,
1803 3975 1869 4014 ex
1900 3976 2003 4029 quo

419 4057 589 4104 totum
604 4066 793 4119 corpus
808 4061 1229 4123 coagmentatum
1249 4062 1297 4107 et
1321 4063 1670 4123 compactum,
1690 4069 1782 4122 per
1798 4067 2004 4107 omnem

323 4147 334 4158 ‘
419 4143 827 4197 commissuram
883 4144 1438 4208 subministrationis,
1492 4161 1588 4214 pro
1645 4145 1694 4198 vi
1745 4159 2005 4199 mensuras

419 4233 836 4305 uniuscujusque
869 4237 1120 4301 membri,
1159 4239 1393 4306 corporis
1422 4238 1799 4290 incrementum
1828 4237 2002 4306 capit,

421 4325 492 4380 ad
524 4333 933 4381 exstructionem
963 4328 1048 4382 sui
1073 4329 1237 4397 ipsius
1272 4330 1325 4382 in
1355 4328 1718 4385 dilectione".
1745 4327 1926 4394 Quare
1959 4328 2006 4384 si

420 4417 872 4487 quisEcclesiam
899 4419 1163 4482 intuetur,
1185 4420 1252 4476 ad
1270 4422 1549 4477 Christum
1579 4422 1740 4492 plane
1760 4423 2004 4492 respicit,

422 4509 513 4578 qui
545 4509 786 4579 seipsum
809 4525 905 4580 per
933 4511 1310 4584 accessionem
1355 4527 1544 4567 eorum
1577 4513 1669 4583 qui
1695 4521 2004 4580 servantur,

422 4599 717 4655 aediﬁcatet
734 4601 994 4672 majorem
1009 4602 1193 4665 ellirit,
1210 4603 1440 4674 ideoque
1455 4607 1618 4660 etiam
1637 4605 1748 4659 haec
1760 4605 2008 4675 deposito

424 4691 545 4744 velo
572 4691 880 4757 oculorum,
913 4692 1235 4749 ineffabilem
1262 4694 1451 4764 sponsi
1477 4701 1818 4750 venustatem
1848 4698 2008 4752 oculo

426 4794 563 4849 puro
603 4781 878 4847 intuetur,
936 4798 1032 4852 per
1059 4799 1222 4854 quam
1256 4786 1580 4840 vulneratur
1620 4787 1728 4841 telo
1769 4788 2005 4856 quodam

2102 3331 2342 3398 στὸς,ἐξ
2358 3327 2428 3388 οὗ
2445 3331 2568 3387 πᾶν
2583 3327 3414 3401 σῶμασυναρμολογούμενον
3425 3322 3528 3378 καὶ
3540 3337 3688 3392 συμ-

2103 3421 2502 3492 ϐιϐαζόμενον,
2516 3423 2614 3478 διὰ
2629 3422 2836 3492 πάσης
2857 3420 3018 3491 ἁφῆς
3035 3419 3145 3488 τῆς
3159 3416 3544 3487 ἐπιχορηγίας
3559 3414 3686 3468 κατ’

2101 3515 2408 3584 ἐνέργειαν
2423 3515 2491 3569 ἐν
2501 3516 2697 3586 μέτρῳ
2711 3514 2848 3580 ἐνὸς
2867 3512 3128 3568 ἑκάστου
3138 3511 3354 3581 μέρους
3372 3507 3488 3575 τὴν
3501 3507 3691 3574 αὔξη-

2103 3622 2208 3660 σιν
2232 3605 2484 3660 ποιεῖται
2504 3606 2610 3660 τοῦ
2631 3604 2904 3675 σώματος
2928 3602 3136 3666 αὐτοῦ,
3155 3604 3243 3668 είς
3263 3598 3595 3667 οἰκοδομὴν
3622 3597 3689 3649 ἐν

2103 3699 2330 3770 ἀγάπῃ.
2355 3697 2562 3752 Οὐκοῦν
2587 3699 2616 3751 ὁ
2640 3697 2778 3769 πρὸς
2797 3696 2903 3767 ..τὴν
2950 3692 3273 3764 Ἐκκλησίαν
3290 3690 3525 3762 βλέπων,
3553 3688 3688 3759 πρὸς

2103 3791 2196 3846 τὸν
2211 3791 2444 3864 Χριστὸν
2467 3790 2724 3862 ἄντικρυς
2748 3789 2956 3859 βλέπει,
2973 3787 3065 3841 τὸν
3094 3784 3284 3840 ἑαυτὸν
3302 3782 3391 3837 διὰ
3409 3783 3511 3850 τῆς
3529 3796 3692 3852 προσ-

2106 3879 2280 3951 θήκης
2324 3880 2434 3933 τῶν
2465 3880 2789 3950 σωζομένων
2820 3875 3205 3949 οἰκοδομοῦντα
3240 3874 3334 3927 καὶ
3367 3871 3690 3943 μεγαλύνον-

2105 3989 2194 4027 τα.
2230 3972 2295 4026 Ἠ
2326 3971 2504 4026 τοίνυν
2537 3970 2850 4041 ἀποθεμένη
2876 3969 2982 4022 τῶν
3009 3968 3273 4039 ὀμμάτων
3296 3966 3357 4017 τὸ
3381 3963 3688 4034 Θέριστρον,

2107 4055 2335 4135 καθαρῷ
2380 4056 2458 4134 τῷ
2485 4061 2750 4132 ὀφθαλμῷ
2795 4060 2858 4114 τὸ
2883 4061 3156 4130 ἄφραστον
3190 4059 3292 4129 ὁρᾷ
3319 4055 3414 4108 τοῦ
3453 4055 3686 4124 νυμφίου

2107 4153 2339 4217 κάλλος⁹
2370 4152 2462 4206 καὶ
2510 4151 2598 4206 διὰ
2641 4149 2800 4204 τοῦτο
2844 4148 3112 4220 τρωθεῖσα
3153 4147 3231 4218 τῷ
3277 4145 3556 4215 ἀσωμάτῳ
3598 4144 3690 4198 καὶ

2107 4245 2354 4317 διαπύρῳ
2380 4243 2521 4314 βέλει
2549 4241 2643 4297 τοῦ
2684 4243 2908 4315 ἔρωτος.
2945 4237 3340 4308 Ἐπιτεταμένη
3361 4235 3472 4308 γὰρ
3502 4237 3686 4308 ἀγάπη

2109 4337 2249 4409 ἔρως
2277 4337 2525 4404 λέγεταν
2559 4328 2603 4404 ᾧ
2627 4333 2800 4397 οὐδεὶς
2829 4330 3249 4403 ἐπαισχύνεται,
3289 4329 3417 4382 ὅταν
3447 4328 3526 4399 μὴ
3551 4328 3688 4381 κατὰ

2111 4429 2312 4501 σαρκὸς
2336 4429 2561 4498 γένηται
2592 4430 2724 4498 παρ’
2748 4425 2910 4482 αὐτοῦ
2935 4427 2968 4497 ἡ
2994 4423 3172 4489 τοξεία
3189 4441 3205 4456 ο
3245 4423 3357 4477 ἀλλ’
3387 4424 3684 4492 ὲπικαυχᾶ-

2110 4541 2200 4577 ται
2231 4522 2429 4593 μᾶλλον
2453 4522 2531 4593 τῷ
2554 4521 2871 4594 τραύματι,
2915 4521 3041 4573 ὅταν
3077 4518 3165 4573 διὰ
3213 4515 3306 4570 τοῦ
3357 4515 3555 4585 βάθους
3589 4515 3688 4584 τῆς

2112 4615 2338 4686 καρδίας
2372 4615 2592 4686 δέξηται
2625 4614 2724 4682 τὴν
2763 4613 2856 4666 τοῦ
2891 4613 3056 4668 ἁΰλου
3097 4610 3262 4664 πόθου
3303 4608 3480 4664 ἀκίδα.
3517 4608 3688 4678 Ὅπερ

2112 4706 2178 4775 δὴ
2210 4706 2303 4760 καὶ
2323 4705 2460 4777 αὕτη
2502 4705 2771 4777 πεποίηκε
2802 4707 2920 4768 ταῖς
2949 4705 3154 4758 νεάνισι
3185 4701 3452 4771 λέγουσα·
3478 4699 3564 4752 ὅτι
3597 4702 3688 4752 Te—

2112 4797 2378 4866 τρωμένη
2417 4797 2654 4868 ἀγάπης
2681 4796 2818 4866 εἰμί.

425 4877 632 4932 antoris
661 4877 988 4946 incorporeo
1027 4888 1081 4934 et
1111 4881 1305 4950 ignito.
1340 4878 1554 4934 Etenim
1585 4880 1808 4936 dilectio
1852 4885 2224 4945 vehementior
2249 4889 2454 4946 dicitur
2480 4905 2654 4956 amor,
2705 4889 2865 4959 cujus
2891 4887 3166 4944 neminem
3198 4886 3385 4958 pudet,
3419 4899 3546 4939 cum
3579 4898 3684 4938 non

335 4985 339 4990 ‘
425 4973 479 5026 in
547 4985 772 5025 carnem
833 4971 998 5026 telum
1061 4971 1239 5043 ipsius
1279 4972 1553 5041 deligitur,
1608 4974 1705 5028 sed
1757 4975 1941 5045 potius
1994 4992 2054 5034 se
2122 4983 2359 5053 quisque
2401 4983 2578 5053 jactat
2604 4984 2676 5038 ob
2718 4982 2922 5037 vulnus
2960 4981 3084 5046 hoc,
3145 4979 3237 5034 ubi
3268 4979 3323 5032 in
3373 4977 3483 5031 imo
3527 4975 3685 5030 corde

424 5065 686 5122 desiderii
708 5074 865 5122 extra
889 5082 978 5122 res
1010 5081 1231 5122 crassas
1252 5065 1418 5137 positi
1445 5066 1728 5138 cuspidem
1773 5072 2000 5142 recepit.
2041 5073 2099 5128 Id
2125 5077 2272 5146 quod
2302 5077 2418 5133 hate
2452 5078 2620 5134 etiam
2655 5074 2807 5140 fecit,
2855 5087 2983 5129 cum
3059 5069 3128 5124 ad
3174 5067 3500 5140 juvenculas
3569 5067 3643 5121 ait
3672 5087 3683 5123 :

424 5160 465 5210 Α
505 5158 782 5213 dilectione
807 5159 1084 5214 uulnerata
1113 5175 1228 5213 sum
1246 5175 1362 5230 ego.

497 5253 742 5310 Tametsi
781 5263 966 5310 autem
999 5257 1065 5310 ad
1122 5254 1520 5325 perfectionem
1583 5263 1794 5311 tantam
1847 5255 2014 5311 modo

429 5359 728 5416 progressa
764 5347 860 5412 sit,
908 5354 1268 5418 posteaquam
1327 5352 1511 5401 tamen
1567 5347 1816 5401 indicare
1856 5347 2016 5402 debet

427 5437 591 5491 etiam
632 5438 944 5508 virginibus
1003 5446 1348 5495 venustatem
1405 5438 1619 5508 sponsi,
1660 5454 1774 5493 non
1825 5439 2013 5494 statim

373 5527 379 5534 ’
429 5529 584 5594 dicit,
641 5531 786 5600 quod
824 5541 945 5587 erat
977 5531 1048 5586 ab
1076 5529 1237 5586 initio
1273 5531 1397 5598 (nec
1426 5531 1572 5584 enim
1615 5529 1730 5584 ﬁeri
1776 5535 2014 5600 poterat,

431 5625 493 5671 ut
517 5619 568 5674 vi
607 5621 896 5677 verborum
947 5622 1229 5693 pateﬁeret
1288 5623 1340 5678 id
1375 5623 1521 5692 quod
1550 5629 1636 5677 est
1694 5619 2015 5690 ineﬂabile),

513 5798 552 5826 “
583 5797 738 5854 Joan.
767 5815 802 5865 ι,
841 5802 924 5855 H.
1036 5801 1080 5834 ”
1113 5801 1278 5858 lCor.
1316 5815 1413 5868 xu,
1459 5799 1521 5853 li
1555 5816 1670 5868 sqq.

1749 5799 1794 5830 "
1829 5794 2028 5865 Ephes.
2063 5811 2138 5866 tv,
2173 5795 2228 5850 ll
2269 5810 2388 5862 sqq.

2194 5257 2261 5310 Ἦ
2302 5255 2480 5308 τοίνυν
2537 5258 2594 5318 ἐς
2645 5253 2899 5308 τοσοῦτον
2951 5251 3284 5322 τελειότητος
3337 5246 3683 5320 προελθοῦσα,

2111 5347 2302 5416 ἐπειδὴ
2337 5347 2444 5400 ἔδει
2473 5348 2567 5401 καὶ
2585 5349 2706 5409 ταῖς
2728 5344 3019 5418 παρθένοις
3045 5341 3305 5406 ἐπιδεῖξαι
3335 5338 3427 5393 τοῦ
3457 5336 3683 5408 νυμφίου

2112 5439 2174 5496 τὸ
2200 5437 2397 5501 κάλλος
2419 5478 2434 5502 ,
2468 5437 2570 5492 οὐκ
2596 5438 2771 5496 ἐκεῖνο
2795 5436 2942 5505 λέγει
2981 5435 3010 5488 ὂ
3033 5429 3099 5506 ἦν
3129 5436 3184 5488 ἐν
3215 5433 3356 5503 ἀρχῇ
3384 5447 3398 5460 ’
3432 5429 3550 5482 οὐδὲ
3583 5427 3684 5497 γὰρ

2113 5523 2223 5583 οἷόν
2268 5546 2329 5582 τε
2357 5523 2424 5601 ἦν
2453 5528 2684 5598 δυνάμει
2712 5527 2872 5596 λόγου
2904 5524 3282 5598 φανερωθῆναι
3323 5521 3384 5574 τὸ
3412 5520 3641 5592 ἄρρητον
3663 5533 3676 5548 ·

2113 5619 2253 5674 ἀλλά
2290 5621 2427 5692 πρὸς
2462 5619 2560 5692 τὴν
2584 5619 2673 5672 διὰ
2721 5619 2923 5690 σαρκὸς
2970 5615 3270 5687 γενομένην
3323 5614 3452 5681 ἡυ-ῖν
3498 5606 3681 5672 θεας-ἄη
3751 5626 3754 5629 '

2469 5794 2513 5824 θ’
2539 5791 2671 5849 ibid.
2703 5791 2788 5855 15,
2827 5789 2907 5844 16.
