3866 6380
493 355 631 413 1051
1752 357 1810 413 S.
1854 357 2186 414 GREGORII
2220 360 2510 418 N-YSSE‘NI
3095 403 3106 407 -
3601 373 3686 430 1052

494 476 682 530 dinem
713 473 862 527 illam
905 473 1381 543 inaspectabilem,
1416 483 1470 529 et
1525 474 1732 531 fontem
1775 478 2021 547 sapienti:

2186 477 2273 532 διὰ
2313 478 2421 532 τῶν
2454 479 2748 551 ὁρωμένων
2772 481 2834 536 τὸ
2868 483 3096 556 ἀόρατον
3125 483 3328 547 κάλλος
3349 525 3366 551 ,
3398 484 3488 540 καὶ
3524 487 3603 558 τήν
3627 507 3686 559 πη-

495 570 658 638 cujus
691 565 908 621 efﬂuxio
943 580 1127 619 rerum
1158 574 1412 621 naturam
1448 567 1505 622 ln
1546 583 1749 640 corpus
1782 570 1885 624 hoc
1918 569 2022 625 redi

2189 567 2292 641 γὴν
2321 571 2420 641 τῆς
2449 570 2670 639 σοφίας,
2705 566 2772 642 ἧς
2800 574 2833 644 ή
2872 573 3140 644 ἀπόῤῥοια
3180 575 3284 646 τὴν
3309 574 3416 628 τῶν
3446 575 3586 630 όντων
3611 595 3687 631 συν-

496 661 574 731 git
606 678 618 712 :
655 659 734 713 sic
763 659 857 728 qui
902 657 1168 712 mundqu
1204 662 1353 714 hunc
1388 674 1590 714 novum
1623 660 1676 716 in
1712 661 1930 731 opiﬁcio
1967 663 2023 716 Et

2191 663 2462 731 εστήσατο
2504 663 2697 732 φύσιν
2729 664 2869 719 οὕτω
2899 665 2993 718 καὶ
3032 668 3060 718 ό
3089 665 3227 736 πρὸς
3260 667 3353 720 τὸν
3375 668 3542 722 καινὸν
3564 670 3688 725 τοῦτον

395 753 398 758 ’
496 753 675 806 clesize
707 752 926 820 aspicit,
960 750 1110 804 videt
1165 752 1219 804 in
1276 767 1342 806 eo
1376 752 1530 805 illum
1580 753 1671 823 qui
1722 753 1777 807 in
1825 770 1922 809 om:

2190 745 2393 816 κόσμον
2423 747 2524 817 τῆς
2563 749 2706 803 κατὰ
2753 749 2849 820 τὴν
2893 750 3222 820 Ἐκκλησίαν
3271 751 3494 815 κτίσεως
3524 753 3687 823 βλέπων,

496 851 576 898 est
611 843 818 905 omnia,
870 856 1036 896 manu
1073 842 1233 912 quasi
1268 842 1476 898 ducens
1511 845 1882 913 cognitionem
1920 862 2018 900 sua

2188 837 2291 908 ὁρᾷ
2313 837 2370 891 ὲν
2396 838 2545 909 αὐτῷ
2582 839 2674 893 τὸν
2703 840 2878 894 πάντα
2909 841 2965 892 ὲν
3004 843 3168 894 πᾶσιν
3205 839 3342 894 ὄντα
3356 839 3681 906 καὶγινὸμενον,

498 936 561 990 ad
596 936 647 989 id
700 935 862 1004 cujus
890 950 1123 1005 capaces
1154 949 1262 988 non
1296 951 1510 999 sumus,
1540 951 1635 1005 per
1669 937 1758 990 illa
1789 951 1909 1005 quae
1929 953 2025 991 con

2189 928 2275 982 διὰ
2301 927 2408 981 τῶν
2433 931 2696 1002 χωρητῶν
2728 949 2784 984 τε
2821 933 2913 986 καὶ
2949 929 3510 1005 καταλαμϐανομένων
3529 933 3610 986 ὑπὸ
3628 938 3690 1004 τῆς

497 1028 759 1095 prehendi
824 1042 890 1081 ac
947 1027 1151 1096 percipi
1213 1041 1242 1080 a
1304 1035 1500 1080 natura
1566 1035 1755 1082 nostra
1817 1012 2022 1099 pessun

2190 1021 2428 1084 πίστεως
2461 1025 2492 1092 ἡ
2501 1023 2616 1092 μῶν
2645 1023 3148 1094 χειραγωγούμενος
3172 1023 3278 1093 τὴν
3313 1004 3508 1091 γνῶσιν
3535 1023 3637 1094 πρὸς
3655 1022 3690 1075 τὸ

499 1118 868 1185 Quamobrem
921 1133 1044 1172 cum
1095 1118 1176 1172 hae
1230 1118 1471 1188 virgines
1529 1117 1670 1188 (qua:
1699 1127 1821 1174 sunt
1856 1122 2026 1175 anima

2191 1109 2494 1184 ἀχὼρητον.
2540 1107 2615 1166 Οὖ
2645 1115 2804 1186 χάριν
2857 1115 3044 1186 ἐπειδὴ
3075 1113 3284 1185 ταύτην
3331 1115 3622 1185 προσάγουσι
3651 1118 3690 1182 τῇ

498 1211 820 1282 petitionem
855 1211 994 1264 hanc
1025 1225 1183 1264 suam
1221 1219 1532 1280 proponunt
1578 1212 1652 1265 illi
1713 1228 1833 1282 qua:
1872 1214 1984 1282 jam
2015 1229 2025 1266 :

2192 1205 2329 1276 πρὸς
2377 1205 2438 1258 τὸ
2487 1205 2689 1259 τέλειον
2734 1207 3119 1278 ἀναδραμούσῃ
3150 1206 3300 1277 ψυχῇ
3333 1206 3428 1277 τὴν
3471 1207 3639 1276 αἴτησιν
3659 1209 3690 1260 ai

501 1305 891 1374 perfectionem
937 1319 1104 1360 cursu
1145 1303 1542 1367 contenderat,
1587 1311 1645 1357 ut
1680 1320 1774 1374 per
1810 1307 1980 1376 ipsam
2023 1308 2028 1358 l

2193 1297 2452 1368 παρθένοι
2479 1298 2650 1368 ψυχαὶ
2685 1299 2777 1352 τοῦ
2810 1299 3174 1370 γνωρισθῆναι
3217 1299 3410 1362 αὑταῖς
3455 1299 3535 1351 τὸν
3563 1297 3692 1350 ποθού-

503 1404 622 1450 ceat
649 1397 730 1449 eis
765 1396 1113 1450 innotescere
1145 1395 1513 1450 desideratum
1553 1413 1564 1447 :
1615 1413 1712 1466 per
1741 1414 1802 1452 ea
1839 1415 1961 1467 qua:
1990 1414 2030 1452 s:

2194 1407 2354 1460 μενον
2375 1407 2388 1421 ο
2419 1389 2506 1443 διὰ
2526 1391 2632 1444 τῶν
2658 1391 2750 1444 ἐπὶ
2773 1392 3016 1463 σωτηρίᾳ
3037 1390 3460 1463 φανερωθέντων
3486 1392 3594 1462 ἡμῖν

501 1488 633 1542 lutis
666 1496 871 1543 nostrae
901 1503 1066 1542 causa
1095 1487 1364 1558 patefacta
1409 1491 1566 1546 nobis
1605 1499 1754 1553 sunt,
1791 1493 1948 1560 quasi
1983 1493 2028 1546 dt

2190 1481 2391 1551 γράφει
2440 1485 2561 1544 ταῖς
2606 1483 2898 1554 παρθένοις
2945 1483 3016 1536 τὰ
3047 1481 3139 1534 τοῦ
3193 1479 3516 1552 ζητουμένου
3559 1481 3692 1551 γνωρί-

502 1583 671 1638 lineat
715 1585 794 1636 eis
849 1581 1077 1644 indicia,
1113 1581 1178 1635 de
1224 1581 1426 1649 quibus
1461 1597 1759 1652 agnoscere
1792 1585 2023 1653 quaesitu

2191 1591 2394 1644 σματα.
2445 1575 2553 1627 Καὶ
2604 1577 2784 1629 πᾶσαν
2819 1574 2916 1646 τὴν
2961 1573 3295 1644 Ἐκκλησίαν
3333 1572 3391 1625 ἓν
3469 1571 3598 1643 σῶμα
3638 1571 3693 1623 τοῦ

505 1675 740 1744 possint.
773 1674 1033 1742 Adeoque
1061 1673 1127 1727 de
1155 1679 1267 1727 tota
1299 1671 1541 1727 Ecclesia
1575 1690 1684 1728 uno
1712 1676 1902 1744 sponsi
1955 1691 2032 1729 cm

2188 1667 2419 1737 νυμφίου
2445 1669 2746 1738 ποιήσασα,
2794 1667 2924 1720 ίδιόν
2963 1685 3016 1720 τι
3060 1666 3241 1737 νόημα
3309 1666 3376 1719 δι’
3400 1666 3595 1719 ἑκάστου
3624 1664 3691 1716 τῶν

504 1781 641 1835 pore
669 1764 835 1826 facto,
870 1763 1205 1833 peculiarem
1237 1763 1527 1832 quemdam
1563 1780 1784 1820 sensum
1837 1766 1904 1821 de
1949 1783 2031 1836 qui

2175 1757 2371 1828 ’μελῶν
2399 1759 2455 1810 ὲν
2489 1761 2554 1829 τῇ
2592 1759 2884 1832 ὑπογραφῇ
2922 1756 3013 1812 τοῦ
3041 1757 3273 1820 κάλλους
3323 1756 3691 1818 ὲνδείκνυται,δι’

506 1831 638 1909 iibet
669 1831 915 1909 membro
951 1855 1007 1908 in
1037 1831 1461 1922 pulchritudinis
1503 1853 1874 1925 descriptione
1904 1831 2033 1912 oste!

2194 1840 2270 1901 ὧν
2293 1846 2430 1902 ὅλων
2464 1848 2529 1900 ὲκ
2573 1848 2681 1901 τῶν
2735 1831 2877 1902 κατὰ
2919 1848 3082 1918 μέρος
3116 1847 3532 1918 θεωρουμένων,
3564 1847 3609 1899 τὸ
3636 1848 3689 1899 τοῦ

505 1947 587 2001 dit
623 1965 635 2000 :
673 1946 876 2016 quibus
905 1945 1184 2002 universis
1210 1946 1528 2016 singulatim
1561 1947 1943 2012 consideratis,
1975 1949 2032 2004 eli

1668 1947 1943 2012 sideralis,
1975 1949 2090 2005 ele-
2197 1939 2450 2013 σώματος
2479 1941 2672 2006 κάλλος
2706 1939 3192 2012 συναπαρτίζεται.

507 2040 691 2110 gantia
724 2039 974 2108 corporis
1007 2045 1119 2092 tota
1158 2037 1542 2094 conformatur
1585 2048 1638 2094 et
1673 2039 1996 2096 absolvitur.

577 2129 807 2186 Orditur
855 2147 988 2186 vero
1038 2130 1347 2187 doctrinam
1401 2133 1543 2188 hanc
1591 2149 1620 2187 a
1663 2135 1936 2205 principio
1985 2151 2092 2191 non

2280 2126 2480 2197 ’Λρχὴν
2500 2125 2596 2181 οὖν
2627 2130 2862 2182 ποιεῖται
2885 2129 2983 2199 τῆς
3020 2127 3373 2191 διδασκαλίας
3403 2126 3498 2197 ’τὴν
3526 2119 3688 2194 προσεχῆ

509 2222 700 2292 procul
750 2236 781 2275 a
833 2222 993 2276 nobis
1040 2233 1269 2286 remoto,
1312 2238 1491 2293 neque
1536 2225 1742 2280 alieno.
1800 2225 2011 2280 Etenim

2199 2218 2293 2272 καὶ
2326 2218 2532 2273 οἰκείαν
2551 2221 2704 2292 ἡμῖν.
2748 2221 2843 2273 Ἐκ
2874 2221 2984 2292 γὰρ
3015 2220 3110 2274 τοῦ
3145 2220 3397 2291 σώματος
3417 2218 3504 2288 τῆς
3525 2212 3688 2282 κατηχή-

509 2328 744 2384 corpore
793 2314 987 2383 incipit
1034 2314 1492 2378 instructionem,
1545 2315 2008 2386 quemadmodum

2202 2328 2340 2375 σεως
2377 2310 2603 2382 ἄρχεται
2625 2330 2638 2342 '
2670 2311 2858 2385 ὥσπερ
2878 2313 2945 2383 δὴ
2976 2313 3070 2366 καὶ
3106 2315 3134 2367 ό
3156 2312 3431 2374 Ματθαίος
3462 2305 3687 2374 ﬂaminia.

513 2404 804 2459 Matthzeus
830 2403 958 2458 fecit
976 2405 1019 2457 ⁸.
1058 2403 1194 2457 Nam
1228 2405 1276 2460 is
1305 2406 1373 2459 ab
1401 2407 1612 2461 Adamo
1639 2415 1695 2461 et
1725 2408 1924 2464 Davide
1948 2425 2040 2480 rep

2202 2404 2266 2456 ὲκ
2293 2402 2386 2455 τοῦ
2425 2403 2678 2475 Ἀϐραάμ
2722 2421 2782 2456 τε
2828 2404 2920 2457 καὶ
2951 2403 3113 2477 Δαὸὶδ
3133 2403 3521 2474 γενεαλογῆσας
3543 2393 3687 2450 rem!

515 2496 616 2549 tito
650 2495 812 2565 longa
847 2496 990 2550 serie
1025 2496 1210 2550 carnis
1250 2506 1549 2566 assumpta:
1582 2499 1864 2568 mysterio,
1902 2516 2042 2570 mag:

2205 2497 2385 2568 σάρκα
2423 2498 2740 2569 μυστήριον,
2771 2498 2849 2569 τῷ
2890 2497 3113 2569 μεγάλῳ
3159 2496 3382 2566 Ἰωάννῃ
3425 2487 3689 2556 ἐταμιεύσατο

513 2587 592 2640 illi
621 2585 827 2640 Joauni
864 2587 918 2640 in
950 2589 1035 2643 his
1067 2588 1218 2642 velut
1248 2588 1534 2642 elementis
1567 2600 1619 2643 et
1649 2590 1937 2661 principiis
1969 2608 2040 2646 co

2203 2593 2316 2652 τοῖς
2351 2589 2452 2659 ήδη
2474 2589 2565 2642 διὰ
2592 2589 2796 2643 τούτων
2826 2589 3220 2660 στοιχειωθεῖσι
3248 2587 3344 2659 τὴν
3370 2585 3424 2650 ἐξ
3439 2580 3579 2637 ὰῖδίου
3594 2591 3686 2628 νοου-

513 2678 726 2734 stitutis
765 2679 1066 2734 reservavit
1131 2686 1189 2732 ut
1245 2679 1375 2733 illud
1431 2680 1785 2750 principium,
1836 2683 1980 2753 quod
2035 2704 2040 2737 :

2211 2681 2376 2752 μένην
2435 2682 2631 2752 ἀρχὴν,
2688 2682 2781 2735 καὶ
2835 2682 2925 2736 τὸν
2966 2683 3031 2752 τῇ
3070 2682 3214 2751 ἀρχῇ
3261 2671 3688 2747 συγκατανοούμενον

513 2779 722 2826 aeterno
753 2771 1104 2840 intelligitur,
1135 2780 1189 2825 et
1222 2769 1462 2826 Verbum
1495 2772 1640 2841 quod
1675 2789 1784 2828 una
1833 2790 1957 2830 cum
1999 2777 2040 2830 hi

2208 2771 2380 2840 Λόγον
2400 2769 2880 2842 εὐαγγελίσασθαι.
2899 2770 3002 2826 Διὰ
3024 2770 3230 2826 τούτων
3247 2769 3422 2822 τοίνυν
3443 2765 3534 2820 τῶν
3555 2758 3687 2829 νοημά-

514 2863 790 2932 principio
839 2863 1190 2935 intelligitur,
1244 2863 1537 2934 Evangelio
1590 2880 1693 2921 suo
1741 2865 2041 2924 describert

2207 2877 2316 2913 των
2345 2863 2378 2932 ή
2413 2861 2600 2931 νύμφη
2635 2863 2987 2933 μυσταγωγεῖ
3023 2862 3121 2924 τὰς
3146 2859 3414 2924 νεάνιδας,
3439 2858 3510 2910 ὅτι
3544 2853 3591 2905 οὐ
3612 2845 3689 2916 πρέν

517 2953 621 3008 Per
651 2953 754 3010 has
787 2954 955 3024 igitur
985 2957 1290 3010 sententias
1333 2971 1543 3026 sponsa
1583 2957 1912 3025 juveneulas
1961 2961 2044 3016 vel

2209 2969 2369 3023 τερον
2403 2953 2496 3005 ἐπὶ
2545 2952 2606 3005 τὸ
2644 2952 2892 3024 ἄληπτόν
2924 2972 2984 3007 τε
3021 2956 3113 3008 καὶ
3143 2955 3392 3026 ἀόριστον
3431 2947 3688 3018 εὐαχῦήσετπι

519 3043 723 3108 initiat,
755 3057 881 3097 eum
916 3059 1068 3098 mens
1100 3053 1292 3098 nostra
1317 3061 1425 3099 non
1460 3048 1614 3115 prius
1637 3048 1704 3100 ad
1733 3049 1864 3102 illud
1897 3049 2046 3103 incor

2215 3040 2372 3112 ἡμῶν
2421 3043 2455 3111 ἡ
2510 3041 2738 3109 διάνοια,
2775 3044 2904 3114 πρὶν
2942 3043 3022 3114 τῷ
3051 3044 3270 3117 ὀφθέντι
3303 3043 3387 3096 διὰ
3424 3041 3512 3110 τῆς
3538 3036 3690 3088 πίστεως

520 3135 892 3206 prehensibile
923 3150 987 3189 ac
1020 3136 1296 3189 infinitum
1333 3138 1635 3206 perveniat,
1672 3155 1837 3208 quam
1867 3140 1918 3194 id
1960 3157 2047 3210 qui

2160 3165 2186 3225 3
2221 3131 2649 3204 περιδράξασθαι
2667 3149 2680 3161 ·
2710 3134 2770 3186 τὸ
2789 3134 2845 3186 δὲ
2869 3134 3031 3204 ὀφΘὲν
3059 3138 3091 3206 ὴ
3114 3134 3215 3204 τῆς
3248 3132 3438 3204 σαρκός
3465 3123 3687 3225 Emeisi?

520 3228 856 3297 patefactum
912 3236 1016 3292 est,
1067 3228 1170 3283 ﬁde
1209 3230 1628 3300 complectatur.
1684 3231 1748 3287 Et
1779 3233 2047 3303 patefactu

2163 3211 2186 3225 ³
2219 3223 2463 3279 Εἰποῦσα
2497 3225 2605 3296 γάρ
2630 3241 2643 3256 °
2684 3227 2766 3278 ὅτι
2792 3226 3127 3296 Ἀδελριδός
3153 3245 3275 3296 μου
3295 3221 3500 3287 λευκός
3515 3211 3690 3303 καὶπίτξ

522 3320 678 3383 ἱιιυᾱ,
718 3319 905 3375 carnis
951 3329 1035 3374 est
1065 3328 1280 3375 natura.
1330 3322 1466 3376 Cum
1500 3323 1646 3378 enim
1683 3325 1759 3378 ait
1779 3300 1804 3379 -ε
1841 3325 2045 3396 Cagnat

2215 3319 2321 3384 ῥός
2352 3335 2364 3348 ·
2407 3317 2492 3371 διὰ
2533 3319 2634 3389 τῆς
2675 3317 2782 3372 τῶν
2808 3319 2903 3372 δύο
2927 3320 3234 3391 χρωμάτων
3270 3318 3461 3372 τούτων
3495 3300 3690 3396 μίξεως

525 3429 670 3466 meus
700 3420 776 3465 est
800 3411 1060 3466 candidus
1091 3421 1141 3465 ct
1175 3412 1501 3468 rubicundus
1530 3433 1548 3469 .·
1577 3432 1675 3486 per
1709 3418 1851 3473 hanc
1880 3418 2052 3474 duoru

2220 3411 2316 3480 τῆς
2354 3409 2554 3481 σαρκὸς
2583 3410 2778 3481 ἰδίωμα
2811 3411 3122 3481 ὑπογράφει
3145 3409 3225 3480 τῷ
3254 3403 3560 3479 λόγῳ.Τοῦτο

524 3505 771 3558 colorum
813 3503 1101 3560 misturam
1169 3521 1392 3561 carnem
1427 3509 1778 3578 peculiariter
1824 3512 2046 3567 describ

2219 3501 2277 3554 ἐν
2301 3503 2410 3565 τοῖς
2439 3501 2748 3574 ἔμπροσθεν
2793 3503 3038 3574 ἐποίησε,
3067 3503 3236 3574 μῆλον
3263 3500 3416 3554 αὑτὸν
3442 3491 3688 3578 ὀνομάσασι*

526 3598 594 3651 Et
623 3596 754 3652 fecit
786 3598 891 3654 hoc
920 3599 1086 3654 etiam
1118 3601 1373 3670 superius
1399 3641 1413 3664 ,
1468 3601 1559 3656 ubi
1603 3619 1728 3658 eum
1769 3607 1974 3660 malum
2015 3623 2053 3676 ap

2220 3586 2279 3646 οὗ
2304 3591 2438 3663 πρὸς
2470 3573 2730 3665 ἑκάτερον
2761 3593 2870 3647 τῶν
2899 3573 3209 3664 χρωμάτων
3244 3591 3524 3660 σύγκρατον
3541 3573 3693 3676 καθίδρί’

526 3689 748 3758 peliavit
782 3706 796 3743 :
835 3689 996 3759 cujus
1029 3689 1202 3744 forma
1233 3705 1301 3745 ex
1338 3700 1574 3762 utroque
1605 3694 1788 3749 colore
1817 3703 2053 3767 tempera

2219 3702 2310 3738 ται
2358 3685 2418 3738 τὸ
2447 3681 2607 3772 εἶδοςὸ
2643 3687 2851 3740 Λευκόν
2881 3703 2937 3738 τε
2969 3686 3076 3757 γάρ
3106 3687 3222 3738 ἐστι
3258 3685 3344 3738 τὺ“
3362 3680 3512 3754 μῆλον
3534 3671 3692 3772 uniti?

525 3782 904 3851 conspicitur;
961 3798 1085 3835 nam
1116 3783 1320 3836 malum
1353 3791 1406 3839 et
1437 3785 1733 3840 candidum
1767 3794 1852 3842 est
1873 3826 1886 3851 ,
1936 3797 1990 3843 et
2020 3805 2046 3843 r

2223 3777 2502 3848 Θραίνεται
2521 3795 2534 3810 ⁶
2561 3761 2659 3850 ττὴν
2679 3779 2772 3832 τοῦ
2806 3779 3060 3849 αἵματος,
3077 3773 3254 3849 οἶμαι,
3278 3775 3430 3848 φύσιν
3453 3761 3693 3839 συμϐολιιαέ

528 3875 619 3930 bet
657 3889 670 3926 :
730 3874 1029 3940 indicante,
1081 3884 1142 3930 ut
1190 3876 1450 3943 arbitror,
1494 3879 1654 3948 quasi
1701 3895 1798 3949 per
1841 3881 2055 3951 quodda

2225 3874 2626 3945 ἐνδεικνύμενος
2649 3874 2735 3928 διὰ
2760 3873 2854 3927 τοῦ
2871 3873 3239 3946 ἐρυθήματος.
3284 3870 3413 3926 Ἀλλ’
3437 3859 3586 3929 ἐπειδὴ

528 3966 836 4036 symbolum
897 3967 1003 4022 hoc
1071 3969 1190 4038 ipso
1240 3969 1442 4024 rubore
1496 3979 1752 4025 naturam
1808 3974 2055 4044 sanguini

2223 3964 2360 4035 σὰρξ
2425 3965 2506 4018 ἐνὶ
2559 3965 2746 4036 τρόπῳ
2791 3965 3130 4029 συνίσταται,
3187 3965 3365 4036 γάμου
3426 3955 3600 4011 πάντως
3629 3942 3693 3995 ὺδο·

529 4056 669 4122 Quia
706 4071 836 4112 vero
889 4071 1000 4110 uno
1051 4058 1213 4112 modo
1261 4060 1621 4114 constituitur
1671 4063 1928 4131 quzelihet
1965 4079 2056 4118 car

2225 4057 2505 4122 ποιοῦντος
2538 4058 2629 4112 τὸν
2657 4059 2816 4112 τόκον
2845 4059 2958 4120 τοῖς
3001 4058 3082 4118 είς
3116 4055 3214 4127 τὴν
3245 4053 3384 4122 ζωὴν
3411 4045 3580 4113 ταύτην
3596 4048 3692 4131 περις

529 4148 790 4216 conjugio
821 4147 982 4217 quasi
1021 4149 1163 4202 viam
1215 4157 1465 4204 struente
1511 4153 1692 4220 partui
1753 4170 1849 4223 per
1897 4171 2056 4225 gener

2225 4150 2345 4204 οὖσι
2376 4151 2464 4204 διὰ
2483 4150 2771 4219 γενέσεως,
2807 4150 2882 4213 ὡς
2920 4149 2984 4202 ἂν
3017 4149 3091 4219 μή
3116 4121 3198 4210 τις
3223 4144 3416 4218 σαρκὸς
3438 4121 3691 4225 γένεσιν-περ

532 4239 739 4292 tionem
774 4239 830 4293 in
861 4238 1118 4294 omnibus
1170 4240 1317 4296 hanc
1351 4243 1514 4296 vitam
1561 4245 2018 4314 ingredientibus,
2055 4266 2059 4303 1

2224 4244 2286 4298 τὸ
2317 4245 2614 4314 μυστήριον
2634 4244 2730 4314 τῆς
2766 4241 3049 4304 εὐσεϐείας
3082 4238 3518 4313 παραδεξάμενθςε

533 4328 663 4400 quis
690 4330 875 4386 carnis
904 4337 1028 4384 ortu
1065 4331 1119 4401 in
1152 4332 1256 4386 hoc
1289 4336 1548 4405 mysterio
1575 4337 1796 4406 pietatis
1830 4354 2060 4396 concess

2226 4338 2325 4406 τῆς
2349 4335 2562 4406 φύσεως
2580 4335 2717 4406 ἔργα
2766 4336 2862 4389 καὶ
2895 4335 3041 4405 πάθη
3074 4334 3170 4405 τὴν
3208 4334 3433 4388 διάνοιαν
3467 4310 3689 4408 κειτολιπξδη⁸

541 4423 608 4477 ad
646 4435 859 4479 natura:
890 4439 1055 4496 opera
1105 4435 1158 4480 et
1206 4426 1524 4485 affectiones
1558 4432 1852 4501 cogitando
1901 4436 2068 4491 delab:

2231 4401 2396 4494 σειεν,
2427 4401 2716 4499 ὁμοιογενῆ
2738 4429 2871 4480 πᾶσι
2898 4401 3156 4496 κάκείνης
3174 4426 3274 4497 τῆς
3307 4419 3487 4492 σαρκὸς
3503 4412 3580 4481 τὴν
3603 4401 3691 4501 ibi"

540 4525 651 4577 tur,
678 4517 1048 4571 existimando
1099 4519 1286 4573 carnis
1322 4519 1486 4588 hujus
1533 4530 1943 4592 generationem
1996 4543 2061 4596 pe

2162 4508 2201 4562 D
2235 4541 2317 4576 σιν
2353 4522 2612 4592 ἐννοήσας
2629 4538 2642 4552 ⁸
2669 4519 2862 4574 τούτου
2885 4520 3044 4591 χάριν
3065 4518 3156 4572 τὸν
3189 4490 3689 4596 κοινωνήσανταλσιαρκῦς

521 4606 664 4661 ciuile
709 4615 1083 4678 comparatam
1133 4625 1277 4674 esse,
1330 4620 1390 4664 ut
1427 4613 1478 4665 in
1528 4615 1651 4670 aliis
1683 4617 1982 4685 omnibus;
2039 4620 2048 4673 i

2233 4618 2328 4671 καὶ
2360 4616 2592 4686 αἵματος
2621 4615 2810 4667 λευκὸν
2838 4613 2938 4683 μὲν
2956 4606 3096 4666 εἶναι
3125 4611 3220 4664 καὶ
3246 4606 3440 4680 πυρρὸν
3457 4591 3685 4686 ιὶιμολόᾯὶτί1

537 4699 688 4753 circo
710 4715 834 4754 cum
885 4701 979 4770 qui
1006 4709 1207 4757 nostra:
1240 4718 1422 4760 carnis
1451 4716 1504 4759 et
1532 4709 1818 4776 sanguinis
1849 4711 2064 4780 pax-tice;

2235 4705 2324 4758 διὰ
2347 4705 2455 4758 τῶν
2479 4705 2571 4758 δύο
2591 4704 2900 4776 χρωμάτων
2922 4701 3019 4772 τὴν
3043 4700 3136 4754 τοῦ
3173 4699 3412 4771 σώματος
3437 4690 3563 4762 φύσιν
3584 4686 3685 4781 enus:

536 4787 721 4845 factus
751 4800 866 4853 est,
898 4793 1194 4846 candidum
1228 4795 1447 4864 quidem
1478 4796 1628 4852 illum
1663 4814 1728 4853 ac
1760 4801 2063 4858 rubicunda

2236 4799 2456 4870 σομένη.
2490 4799 2548 4851 οὐ
2720 4773 2725 4775 ﬁ
2751 4795 3104 4867 ὁμοιότροπον
3152 4793 3316 4847 αὐτοῦ
3363 4787 3448 4858 τὴν
3483 4773 3686 4870 λοχείαν

539 4897 664 4937 esse
697 4881 924 4947 fatetur,
957 4899 1054 4954 per
1079 4886 1218 4940 duos
1248 4888 1417 4944 hosce
1451 4891 1666 4946 colores
1703 4893 2066 4951 obscuriuscu

2234 4866 2399 4962 κοινῷ
2427 4866 2602 4961 *τόκῴ
2625 4866 2950 4958 γεγενῆσθαι
2991 4887 3163 4955 λέγει.
3202 4883 3336 4938 Ἀλλ’
3371 4884 3427 4933 ὲκ

540 4974 790 5044 corporis
825 4982 1080 5030 naturam
1129 4978 1402 5045 indicans,
1459 4997 1569 5037 non
1623 4991 1804 5040 tamen
1851 4989 2061 5042 cunsint

2241 4956 2516 5056 μυριάδων
2705 4956 2817 5051 -ἀφί
2841 4975 2902 5035 οὗ
2934 4981 3221 5049 γεγόνασιν
3257 4976 3521 5044 ἄνθρωποι»
3553 4956 3619 5012 καὶ

541 5068 757 5122 ratione
789 5083 1018 5138 prorsus
1048 5069 1252 5125 editqu
1291 5072 1345 5126 in
1378 5074 1554 5129 lucem
1598 5076 1698 5141 ait,
1732 5093 1838 5147 qua
1879 5095 2068 5134 comm

2237 5075 2266 5128 ὃ
2302 5074 2727 5148 προσελεύσεται
2751 5073 2947 5145 ῥέουσα
2965 5071 3056 5124 διὰ
3073 5069 3166 5124 τοῦ
3185 5070 3341 5124 τόκου
3366 5063 3459 5118 τῶν
3478 5049 3685 5148 ἐπιγινθξξξ

548 5161 684 5215 niter
710 5161 964 5217 homines
991 5163 1314 5235 gignuntur.
1345 5164 1613 5222 Nimirum
1648 5170 1789 5226 inter
1815 5187 2009 5227 omnes
2031 5173 2075 5226 Ιιι

2236 5184 2342 5220 νων
2377 5169 2411 5236 ἡ
2439 5166 2616 5235 φύσις,
2637 5165 2796 5236 μόνος
2829 5157 2981 5227 οὗτός
3011 5165 3125 5216 ἐστι
3159 5161 3234 5234 τῷ
3268 5155 3425 5227 καινῷ
3450 5150 3530 5218 τῆς
3559 5145 3682 5240 fulsi?

543 5252 755 5306 minum
793 5255 1091 5325 myriades,
1141 5273 1207 5314 ex
1264 5273 1374 5328 quo
1423 5259 1501 5312 illi
1549 5274 1671 5316 esse
1719 5272 2027 5332 cmperunt,

2237 5258 2366 5312 είδει
2526 5232 2672 5328 ζωῆς
2709 5255 2915 5327 ταύτης
2945 5232 3221 5324 ἁψάμενοέ
3240 5270 3253 5282 ’
3345 5244 3451 5317 οὐκὶ
3479 5232 3680 5332 ωγὴρῖῗξε

544 5361 834 5416 quousque
869 5348 1036 5403 veluti
1085 5349 1304 5405 ﬂuendo
1338 5361 1532 5406 natura
1576 5354 1986 5409 succedentium
2021 5357 2068 5411 si

2236 5349 2377 5420 πρὸς
2398 5325 2463 5402 τὸ*
2485 5325 2788 5418 γενέσθαιή
2812 5325 2991 5416 φύσις,
3017 5345 3128 5400 ἀλλ’
3151 5344 3458 5416 ὑπηρέτησε.
3488 5327 3562 5384 Διὰ
3576 5325 3679 5420 seu?!

546 5449 644 5504 per
670 5445 886 5507 partum
939 5441 1342 5512 progredietur,
1393 5445 1545 5500 solus
1578 5446 1667 5500 hic
1717 5462 1860 5503 nova
1892 5447 2071 5519 quada

2238 5402 2423 5514 φήσίν,
2583 5402 2894 5504 λευκὺςΙκαὶ
2929 5402 3206 5513 ὁηπυῤῥὸς
3229 5402 3391 5500 όύτοςξ
3415 5433 3438 5485 ό
3460 5421 3528 5519 διᾷ

549 5534 739 5595 partus
771 5530 958 5599 specie
988 5533 1041 5587 in
1076 5533 1218 5590 hanc
1238 5536 1406 5589 vitam
1442 5537 1590 5592 venit
1628 5555 1640 5591 :
1669 5538 1760 5594 cui
1797 5539 1862 5595 ad
1893 5555 2076 5596 naseet

2239 5508 2335 5592 καὶ
2362 5537 2595 5608 αἵματος
2617 5534 2966 5606 ἐπιδημήσας
2993 5508 3090 5604 τῷ-
3105 5508 3226 5603 βίῳ.
3265 5529 3409 5602 μόνος
3432 5508 3675 5609 ὲσῖὶν

552 5624 679 5672 aum
747 5631 942 5679 natura
1013 5642 1122 5683 non
1189 5639 1481 5700 cooperata
1553 5638 1684 5696 cst,
1755 5632 1850 5691 sed
1909 5637 2074 5692 servii

2242 5630 2352 5685 σῶν
2380 5599 2490 5685 των
2520 5599 2799 5700 μυριάδων
2840 5599 2906 5682 ἐκ
2934 5599 3054 5696 τῆς⁷
3079 5599 3393 5695 sapasim:
3428 5599 3671 5674 καθαρότητα

625 5797 643 5823 ⁸
674 5800 866 5858 Matth.
901 5806 990 5871 1,2
1016 5825 1143 5877 sqq.
