3866 6354
136 390 289 447 1053

1139 386 1205 444 ΙΝ
1240 388 1544 451 CANTICA
1575 386 1848 445 CANTIC.
1888 390 2186 449 llOMlLlA
2226 389 2366 446 XIII.

3302 399 3441 457 1034

134 504 590 577 ἐκλελοχισμένος
615 521 629 535 ·
680 496 742 561 οὗ
796 506 1162 574 άσυνδύαστος
1219 511 1322 583 μὲν
1452 512 1741 585 κυοφορία,

1852 511 2144 585 Propterea
2193 512 2375 585 inquit
2417 511 2714 569 candidum
2758 511 2908 570 hunc
2948 521 3003 570 et
3045 513 3440 587 rubicundum,

134 599 445 674 ἀμόλυντος
476 599 534 653 δὲ
567 600 600 672 ἡ
628 598 831 672 λοχεία,
858 600 1123 669 ἀνώδυνος
1143 602 1200 657 δὲ
1233 606 1265 677 ή
1298 604 1426 669 ὡδίς
1447 621 1462 638 ο
1494 598 1555 660 οὗ
1582 604 1741 660 θάλα-

138 711 250 764 μος
274 693 307 763 ή
327 690 420 746 τοῦ
453 691 711 761 Ὑψίστου
739 693 988 766 δύναμις,
1003 692 1115 751 οἷόν
1138 716 1221 762 τις
1245 699 1444 769 νεφέλη
1472 698 1572 770 τὴν
1598 715 1739 770 παρ-

139 785 330 839 θενίαν
348 785 771 850 ἐπισκιάζουσα·
798 789 1005 859 πυρσὸς
1028 790 1084 843 δὲ
1108 792 1373 863 γαμήλιος
1402 793 1437 864 ή
1459 790 1551 846 τού
1578 792 1737 862 ἀγίου

138 877 463 948 Πνεύματος
486 876 749 950 ἔλλαμψις
773 895 787 911 ·
824 879 981 953 κλίνη
1007 882 1064 936 δὲ
1092 884 1125 954 ἡ
1156 883 1417 946 ἀπάθεια,
1436 885 1531 938 καὶ
1564 884 1741 955 γάμος

134 971 172 1040 ή
207 969 506 1040 ἀφθαρσία.
554 969 611 1025 '0
657 972 837 1027 τοίνυν
876 975 950 1047 ιὲκ
987 974 1096 1028 τῶν
1132 977 1391 1031 τοιούτων
1420 976 1738 1048 γενόμενος,

138 1061 330 1125 καλῶς
362 1062 803 1133 ὲκλελοχισμὲνος
829 1066 894 1120 ὲκ
927 1066 1119 1122 πασῶν
1154 1069 1262 1123 τῶν
1299 1069 1577 1141 μυριάδων
1606 1087 1742 1124 κατ-

138 1152 444 1224 ωνομάσθη
465 1169 478 1184 ·
509 1154 644 1227 ὅπερ
664 1155 725 1209 τὸ
745 1157 820 1228 μή
854 1159 918 1212 ὲκ
938 1159 1130 1230 λέχους
1166 1160 1332 1214 αὑτὸν
1366 1156 1507 1216 εἶναι
1537 1160 1743 1233 σημαί-

137 1262 247 1298 νει.
275 1243 478 1299 Τούτου
509 1246 616 1319 γάρ
660 1248 823 1318 μόνου
868 1252 1040 1322 χωρὶς
1095 1252 1313 1324 λοχείας
1353 1258 1386 1327 ή
1446 1256 1737 1328 γέννησις,

138 1333 337 1407 ῶσπερ
354 1335 447 1390 καὶ
467 1337 638 1408 χωρὶς
665 1338 847 1410 γάμου
876 1342 909 1411 ή
938 1341 1215 1408 σύστασις.
1251 1345 1327 1399 Οὐ
1351 1345 1467 1419 γάρ
1486 1350 1635 1403 ἐστιν
1646 1346 1742 1399 ἐπὶ

138 1430 248 1499 τῆς
270 1430 512 1502 ἀφθόρου
536 1451 595 1486 τε
626 1435 722 1488 καὶ
743 1435 1121 1508 άπειρογάμου
1139 1440 1343 1510 κυρίως
1366 1440 1428 1493 τὸ
1452 1438 1623 1511 ὄνομα
1641 1440 1741 1511 τῆς

139 1520 366 1592 λοχείας
398 1524 573 1577 εἰπεῖν
592 1539 606 1553 ⁸
639 1524 773 1578 διότι
796 1526 1090 1599 παρθενίας
1120 1546 1180 1583 τε
1202 1530 1298 1583 καὶ
1322 1528 1536 1600 λοχείας
1558 1529 1741 1602 ἀσύμ-

139 1610 291 1665 ϐατά
326 1614 444 1667 ἐστι
471 1615 601 1685 περὶ
634 1614 734 1684 τὴν
757 1616 926 1687 αὐτὴν
958 1616 1028 1671 τὰ
1072 1618 1332 1690 ὀνόματα.
1379 1618 1519 1673 Ἀλλ’
1552 1618 1741 1691 ῶσπερ

138 1705 276 1768 Υἱὸς
319 1705 475 1777 ἐδόθη
527 1709 661 1779 ἡμῖν
690 1709 818 1764 ἄνευ
853 1711 1066 1784 Πατρός
1086 1728 1099 1742 ·
1130 1712 1273 1768 οὕτω
1310 1713 1405 1768 καὶ
1433 1713 1495 1767 τὸ
1527 1714 1742 1768 παιδίον

138 1796 274 1852 ἄνευ
305 1798 521 1869 λοχείας
548 1801 896 1881 γεγέννηται.
920 1805 1129 1879 Ὠςγάρ
1142 1807 1397 1878 οὐκεγνω
1412 1805 1742 1878 ήιΠαρθένος

1843 604 1939 676 qui
1975 620 2073 676 per
2101 620 2327 662 carnem
2358 610 2414 661 et
2440 604 2767 676 sanguinem
2811 606 2868 662 in
2908 605 3014 662 hac
3043 607 3159 662 vita
3189 617 3439 666 versatus

1840 704 1945 764 est,
1983 698 2162 755 solum
2207 714 2275 755 ex
2323 698 2599 757 universis
2648 698 2938 754 hominum
2983 700 3331 770 myriadibus
3371 701 3439 758 de

1843 792 2085 864 puritate
2135 791 2383 863 virginea
2434 791 2672 847 electum
2722 806 2887 857 esse,
2941 791 3102 862 cujus
3150 793 3439 861 conceptio

1842 884 2077 938 duorum
2128 898 2159 937 a
2215 883 2612 953 conjunctione
2672 882 2922 953 profecta
2973 899 3086 939 non
3116 884 3210 951 sit,
3247 892 3438 955 partus

1842 974 2068 1029 minime
2091 974 2436 1046 inquinatus,
2465 976 2747 1046 parturigo
2778 974 2986 1031 doloris
3016 991 3212 1046 expers
3235 993 3252 1032 :
3275 966 3437 1043 cujus

1843 1067 2145 1131 thalamus,
2179 1066 2455 1123 Altissimi
2486 1075 2734 1137 potestas
2785 1067 2944 1137 quasi
2985 1068 3232 1138 quaedam
3260 1069 3439 1125 nubes

1841 1158 2218 1231 virginitatem
2252 1160 2430 1229 ipsam
2463 1159 2811 1220 inumbrans,
2858 1159 2946 1214 fax
2982 1161 3242 1230 nuptialis
3312 1160 3437 1231 Spi-

1847 1248 1990 1305 ritus
2053 1252 2232 1308 sancti
2300 1251 2602 1322 splendor,
2675 1251 2854 1307 cubile
2925 1251 3188 1307 vitiorum
3237 1268 3436 1323 expers

1844 1343 2111 1408 conditio,
2163 1342 2369 1415 nuptiae
2398 1343 2611 1414 puritas
2678 1343 3021 1413 incorrupta.
3073 1343 3177 1410 Qui
3211 1359 3278 1400 ex
3310 1344 3437 1400 tali-

1841 1434 1948 1490 bus
1972 1442 2130 1491 ortus
2154 1445 2264 1501 est,
2290 1442 2449 1491 'recte
2477 1435 2788 1506 appellatur
2818 1435 3033 1491 electus
3060 1451 3128 1490 ex
3163 1436 3436 1493 universis

1842 1526 2189 1599 myriadibus
2222 1544 2235 1579 :
2267 1543 2378 1599 quo
2407 1527 2632 1599 quidem
2662 1527 3029 1599 signiﬁcatur,
3067 1544 3177 1584 non
3207 1545 3277 1585 ex
3309 1545 3440 1585 con-

1836 1616 2011 1688 jugali
2078 1627 2202 1673 toro
2235 1618 2418 1689 ipsum
2454 1620 2714 1674 existere.
2760 1619 2898 1674 Nam
2945 1619 3111 1690 hujus
3140 1619 3313 1675 solius
3345 1635 3440 1691 εεο

1841 1709 2062 1765 neratio
2112 1710 2511 1781 parturiginem
2544 1725 2657 1765 non
2698 1710 2926 1778 habuit,
2975 1710 3440 1782 quemadmodum

1840 1808 1895 1856 et
1933 1803 2054 1857 sine
2081 1800 2339 1872 conjugio
2369 1800 2537 1870 coepit
2578 1801 2864 1856 exsistere.
2895 1800 3084 1871 Neque
3112 1801 3259 1855 enim
3291 1814 3425 1870 pro-

136 1892 295 1956 ὅπως
322 1894 381 1945 ὲν
410 1890 488 1964 τῷ
520 1890 733 1964 σώματι
759 1894 929 1965 αὐτῆς
952 1894 1014 1948 τὸ
1036 1893 1284 1967 θεοδόχον
1300 1897 1529 1969 συνέστη
1552 1896 1735 1970 σῶμα·

1852 1892 1965 1962 prie
1993 1892 2355 1963 parturiginis
2383 1891 2709 1973 vocabulum
2742 1892 2999 1963 usurpari
3032 1893 3100 1949 de
3134 1893 3227 1947 illa
3255 1892 3442 1948 incor-

136 1980 320 2046 οὕτως
332 1981 454 2039 οὐδὲ
473 1984 568 2037 τοῦ
594 1984 755 2039 τόκου
770 1984 986 2057 ᾔσθετο,
1002 1988 1387 2061 μαρτυρούσης
1404 1990 1504 2060 τῆς
1516 2008 1701 2064 προφη
1714 2022 1737 2034 -

135 2070 299 2133 τείας
311 2070 448 2144 αὐτῇ
471 2071 534 2126 τὸ
558 2071 828 2128 ἀνώδυνον
850 2074 951 2145 τῆς
970 2074 1179 2140 ὠδῖνος.
1195 2078 1335 2150 Φησὶ
1352 2079 1463 2152 γὰρ
1486 2080 1736 2148 Ἡσαΐας,

138 2163 296 2233 Πρὶν
332 2164 532 2221 ἐλθεῖν
567 2166 711 2233 τοὺς
745 2166 973 2235 πόνους
1006 2168 1127 2223 τῶν
1176 2169 1429 2235 ὠδίνων,
1480 2172 1741 2243 ἐξέφυγε

139 2257 240 2310 καὶ
258 2256 473 2311 ἔτεκεν
496 2257 704 2327 ἄρσεν.
725 2259 826 2312 Διά
862 2260 1022 2314 τοῦτο
1050 2262 1496 2334 ὲκλελοχισμένος
1527 2267 1624 2319 καὶ
1650 2265 1740 2332 ξε·-

139 2346 309 2411 νίζων
338 2347 459 2400 καθ’
495 2349 754 2421 ἑκάτερον
774 2349 872 2422 τὴν
904 2351 1223 2407 ἀκολουθίαν
1251 2356 1346 2426 τῆς
1365 2355 1597 2424 φύσεως,
1616 2356 1740 2411 οὔτε

137 2437 452 2509 ἀρξάμενος
477 2439 536 2504 ἐξ
558 2441 775 2512 ἡδονῆς,
815 2442 938 2497 οὔτε
974 2446 1254 2519 προελθὼν
1282 2447 1370 2501 διὰ
1420 2450 1603 2504 πόνου.
1630 2451 1741 2504 Καὶ

136 2528 306 2582 τοῦτο
356 2530 498 2585 κατὰ
553 2532 615 2585 τὸ
648 2533 945 2588 ἀκόλουθον
996 2538 1227 2606 γίνεται,
1266 2540 1358 2593 καὶ
1391 2541 1491 2594 οὐκ
1516 2539 1622 2606 ἔξω
1646 2540 1738 2595 τοῦ

138 2622 356 2687 εἰκότος
393 2624 561 2678 ἐστίν.
610 2625 831 2699 Ἐπειδὴ
895 2628 1003 2701 γὰρ
1038 2631 1071 2699 ή
1121 2630 1214 2683 τὸν
1255 2630 1483 2684 θάνατον
1528 2632 1617 2685 διά
1640 2633 1742 2703 τῆς

140 2713 425 2785 ἁμαρτίας
456 2716 827 2786 ἐπεισάγουσα
870 2723 936 2791 τῇ
973 2720 1158 2789 φύσει,
1197 2722 1256 2775 ὲν
1289 2721 1487 2786 λύπαις
1518 2725 1613 2777 καὶ
1650 2724 1743 2777 πός

139 2822 251 2869 νοις
285 2805 493 2860 τίκτειν
527 2810 917 2884 κατεδικάσθη,
952 2812 1059 2866 ἔδει
1084 2812 1301 2877 πάντως
1334 2814 1433 2886 τὴν
1464 2815 1565 2886 τῆς
1594 2815 1742 2886 ζωῆς

145 2896 363 2968 μητέρα
414 2897 523 2950 ἀπὸ
560 2902 738 2971 χαρᾶς
764 2919 821 2955 τε
855 2901 954 2972 τῆς
989 2904 1287 2974 κυοφορίας
1318 2904 1609 2977 ἄρξασθαι,
1646 2912 1741 2966 καὶ

140 2986 230 3041 διὰ
256 2987 436 3059 χαρᾶς
459 2987 743 3044 τελειῶσαι
769 2990 862 3045 τὸν
890 2992 1069 3047 τόκον.
1097 2992 1275 3062 Χαῖρε
1296 2996 1427 3067 γάρ,
1456 2999 1611 3068 φησι,
1642 3017 1741 3055 κε-

144 3080 540 3150 χαριτωμένη,
588 3082 726 3154 πρὸς
759 3083 930 3157 αὐτὴν
979 3084 1009 3136 6
1057 3087 1420 3157 ἀρχάγγελος,
1464 3090 1743 3147 ἐκϐάλλων

142 3176 209 3245 τῇ
242 3175 398 3245 φωνῇ
430 3174 530 3245 τήν
560 3173 740 3248 λύπην
773 3176 872 3247 τὴν
913 3177 973 3244 ἐξ
1004 3179 1179 3251 ἀρχῆς
1203 3181 1307 3234 ὑπὸ
1336 3182 1438 3251 τῆς
1466 3184 1742 3256 ἁμαρτίας

145 3266 636 3338 ἀποκληρωθεῖσαν
667 3266 745 3340 τῷ
776 3270 943 3341 τόκῳ.
975 3263 1146 3335 Οὗτος
1191 3274 1291 3344 μὲν
1329 3270 1422 3328 οὖν
1449 3278 1598 3331 ἐστιν
1618 3280 1647 3332 6
1670 3278 1749 3350 τῷ

146 3359 317 3431 καινῷ
341 3376 403 3412 τε
428 3359 521 3413 καὶ
552 3360 808 3425 ἰδιάζοντι
836 3362 939 3429 τῆς
966 3365 1274 3435 γεννήσεως
1322 3367 1387 3420 ἐκ
1420 3369 1608 3423 πασῶν
1640 3370 1750 3424 τῶν

150 3450 429 3521 μυριάδων
459 3450 621 3522 μόνος
674 3450 916 3514 τοιοῦτος
942 3454 1257 3525 γενόμενος,
1284 3456 1313 3506 6
1352 3454 1543 3521 λευκός
1570 3475 1629 3511 τε
1656 3459 1751 3511 καὶ

148 3542 358 3615 πυρῤὸς
389 3541 477 3595 διὰ
500 3542 597 3615 τὴν
623 3543 802 3616 σάρκα
841 3547 937 3599 καὶ
966 3546 1026 3599 τὸ
1049 3541 1189 3617 αἷμα
1226 3547 1407 3612 καλῶς
1431 3549 1752 3621 ὠνομασμέν

148 3652 259 3706 νος,
285 3635 385 3689 καὶ
449 3635 903 3709 ὲκλελοχισμένος
953 3638 1063 3692 ἀπὸ
1136 3640 1446 3711 μυριάδων,
1501 3642 1590 3696 διὰ
1652 3644 1750 3717 τὴν

149 3724 430 3799 ἄφθαρτόν
456 3744 515 3780 τε
554 3728 649 3781 καὶ
669 3729 857 3800 ἀπαθῆ
885 3729 980 3783 τοῦ
1004 3731 1164 3785 τόκου
1206 3733 1359 3804 παρὰ
1384 3734 1509 3797 τοὺς
1531 3735 1753 3799 λοιποὺς

154 3817 418 3889 ἰδιότητα.
471 3818 542 3871 Ἦ
598 3819 739 3890 τάχα
788 3821 884 3874 καὶ
909 3820 1000 3875 διὰ
1038 3820 1108 3875 τὰ
1127 3820 1292 3875 λοιπὰ
1311 3822 1412 3892 τῆς
1438 3825 1752 3895 γεννήσεως

151 3908 267 3981 εἴδη
294 3909 366 3962 τά
392 3909 481 3963 διὰ
510 3909 610 3981 τῆς
635 3911 853 3982 λοχείας
885 3911 1168 3983 γινόμενα,
1205 3913 1410 3983 ταύτην
1434 3915 1748 3985 ἐφήρμοσεν

152 4001 303 4074 αὐτῷ
354 4000 453 4074 τὴν
484 4002 668 4074 φωνὴν
702 4005 736 4072 ἡ
771 4003 980 4075 νύμφη.
1012 4004 1127 4058 Ούκ
1174 4004 1392 4072 ἀγνοεῖς
1440 4004 1498 4057 δὲ
1530 4004 1747 4070 πάντως

151 4096 343 4161 ὁσάκις
377 4095 642 4167 ἐγεννήθη
675 4097 704 4150 6
751 4096 931 4167 πάσης
963 4099 1063 4170 τῆς
1121 4097 1352 4160 κτίσεως
1399 4096 1749 4168 πρωτότοκος

154 4187 212 4241 ὲν
240 4186 456 4251 πολλοῖς
485 4186 754 4257 ἀδελφοῖς,
768 4188 1111 4259 πρωτότοκος
1129 4189 1194 4243 ἐκ
1216 4189 1427 4260 νεκρῶν
1452 4204 1464 4216 ·
1483 4189 1512 4241 6
1532 4189 1750 4261 πρῶτος

154 4276 323 4346 λύσας
350 4280 449 4346 τὰς
465 4280 657 4345 ὠδῖνας
668 4279 762 4334 τοῦ
785 4280 1035 4344 θανάτου,
1059 4284 1152 4335 καὶ
1176 4281 1307 4334 πᾶσι
1338 4280 1428 4335 τὸν
1454 4281 1517 4335 ὲκ
1539 4282 1752 4353 νεκρῶν

157 4368 315 4424 τόκον
345 4370 673 4440 όδοποιήσας
697 4367 787 4423 διὰ
813 4367 913 4439 τῆς
945 4370 1314 4430 ἀναστάσεως.
1358 4368 1447 4420 Ἐν
1477 4368 1611 4421 πᾶσι
1654 4365 1752 4437 μὲν

157 4460 266 4533 γὲρ
286 4461 500 4526 τούτοις
526 4459 814 4531 ἐγεννήθη,
859 4460 922 4512 ού
960 4457 1066 4532 μὴν
1103 4459 1191 4511 διὰ
1228 4457 1443 4530 λοχείας
1476 4457 1753 4528 παρῆλθεν

1846 1992 2009 2054 rupta
2037 1990 2093 2038 et
2127 1982 2448 2055 conjugium
2491 1998 2604 2037 non
2644 1990 2869 2054 experta
2913 1991 3113 2055 potest,
3150 1991 3439 2055 propterea

1847 2075 1998 2147 quod
2027 2075 2319 2147 virginitas
2365 2081 2420 2131 et
2455 2073 2740 2146 parturigo
2782 2074 2839 2130 in
2880 2075 3071 2131 eadem
3105 2088 3441 2133 concurrere

1847 2178 2142 2240 nequeant.
2179 2167 2447 2222 Nimirum
2476 2167 2555 2222 uti
2606 2167 2769 2222 datus
2821 2168 2982 2223 nobis
3029 2170 3237 2238 absque
3279 2166 3442 2222 Palre

1846 2263 2042 2328 Filius,
2072 2262 2154 2319 sic
2185 2263 2351 2318 etiam
2386 2276 2522 2332 puer
2548 2260 2639 2316 hic
2666 2261 2876 2331 absque
2909 2260 3253 2332 parturigine
3278 2271 3440 2315 natus

1854 2365 1963 2411 εει.
2007 2354 2183 2424 thue
2212 2351 2383 2425 Virgo
2438 2354 2559 2423 ipsa
2592 2367 2702 2406 non
2758 2353 3013 2422 cognovit
3058 2366 3166 2422 quo
3196 2358 3355 2420 pacto
3380 2350 3441 2406 in

1849 2462 2080 2517 corpore
2122 2447 2297 2518 ipsius
2348 2461 2549 2516 corpus
2599 2444 2729 2500 illud
2778 2444 3123 2499 divinitatem
3157 2430 3437 2513 recipiens

1848 2539 2168 2595 coaluerit:
2225 2539 2308 2594 sic
2364 2554 2434 2592 ne
2488 2546 2705 2609 partum
2753 2536 2974 2608 quidem
3033 2537 3225 2598 sensit,
3275 2536 3441 2591 etiam

1848 2631 1989 2688 lsaia
2056 2633 2324 2703 propheta
2374 2632 2442 2687 de
2486 2632 2577 2685 illa
2627 2636 2902 2693 testante,
2956 2628 3103 2699 quod
3150 2628 3437 2698 parturigo

1849 2724 2024 2794 ipsius
2060 2724 2269 2779 doloris
2310 2738 2509 2794 expers
2553 2722 2740 2787 fuerit,
2775 2736 2900 2776 cum
2943 2721 3019 2774 ait
3058 2738 3072 2775 :
3115 2720 3443 2789 Priusquam

1850 2814 2057 2869 labores
2089 2816 2484 2884 parturiginum
2521 2815 2805 2877 venissent,
2842 2811 3069 2866 liberata
3121 2827 3321 2865 marem
3356 2825 3445 2879 pe-

1847 2907 2041 2977 perit'.
2088 2906 2298 2961 Idcirco
2337 2914 2392 2962 et
2420 2907 2628 2962 electus
2663 2906 2789 2971 fuit,
2816 2913 2872 2961 et
2899 2911 3136 2973 utraque
3160 2912 3315 2973 parte
3340 2916 3445 2958 na-

1847 3006 1988 3052 tura:
2010 2996 2261 3052 ordinem
2295 2996 2599 3051 innovavit.
2639 2993 2753 3050 Nec
2783 2993 2930 3049 enim
2959 3008 2989 3049 e
3022 2993 3305 3062 voluptate
3326 3004 3443 3047 coe-

1851 3090 1932 3160 pit
1960 3090 2251 3152 exsistere,
2288 3103 2469 3158 neque
2515 3102 2610 3157 per
2638 3086 2861 3141 dolores
2909 3088 2963 3139 in
3006 3084 3184 3140 lucem
3221 3083 3441 3154 prodiit.

1851 3180 2033 3250 Atque
2063 3178 2168 3232 hoc
2216 3178 2272 3233 lit
2318 3178 2533 3234 ratione
2562 3179 2797 3249 quadam
2835 3184 3232 3242 consentanea,
3281 3174 3446 3228 mini-

1853 3288 2047 3342 meque
2073 3270 2373 3335 absurdum
2404 3279 2508 3327 est.
2553 3270 2688 3325 Cum
2721 3270 2867 3325 enim
2902 3270 2997 3324 illa
3060 3284 3180 3339 quae
3210 3275 3445 3323 mortem

1855 3364 1908 3416 in
1946 3373 2197 3417 naturam
2231 3377 2328 3432 per
2387 3368 2673 3433 peccatum
2724 3361 3054 3424 introduxit,
3077 3359 3446 3415 condemnata

1853 3456 1926 3509 sit
1956 3463 2014 3507 ut
2051 3454 2103 3507 in
2138 3451 2425 3523 doloribus
2451 3452 2844 3523 laboribusque
2886 3450 3085 3521 pariat,
3157 3450 3449 3521 oportebat

1853 3548 2077 3599 omnino
2117 3551 2345 3598 matrem
2397 3544 2525 3599 vitae
2568 3553 2678 3596 tam
2730 3542 3143 3611 conceptionem
3195 3556 3225 3595 a
3257 3540 3448 3596 laetitia

1853 3636 2136 3699 inchoare,
2177 3651 2340 3705 quam
2377 3642 2593 3705 partum
2626 3634 2681 3689 in
2712 3634 2899 3688 laetitia
2948 3632 3227 3703 perlicere.
3269 3631 3447 3687 Nimi-

1854 3743 1975 3782 rum
2010 3728 2083 3781 ait
2111 3727 2177 3781 ad
2201 3743 2321 3782 eam
2349 3728 2605 3798 princeps
2636 3726 2727 3781 ille
2755 3722 3238 3795 angeluszGaude,
3268 3725 3449 3792 gratia

1853 3823 2007 3892 plena
2022 3822 2063 3873 ’³.
2111 3819 2231 3886 Qua
2264 3834 2399 3875 voce
2445 3818 2767 3873 maestitiam
2799 3818 2946 3872 illam
2984 3817 3177 3889 abigit,
3208 3832 3332 3888 qua:
3358 3831 3449 3871 rc-

1857 3928 1980 3968 rum
2027 3912 2188 3967 initio
2236 3919 2459 3983 propter
2507 3917 2792 3982 peccatum
2822 3910 3002 3981 partui
3052 3920 3139 3965 est
3166 3909 3442 3979 imposita.

1857 4005 1958 4064 Hic
1992 4006 2159 4078 igitur
2208 4005 2297 4061 ille
2339 4013 2423 4062 est
2462 4005 2558 4075 qui
2612 4018 2755 4067 nova
2790 4000 3028 4074 quadam
3072 4016 3139 4056 ac
3182 4000 3447 4071 peculiari

1860 4098 2229 4170 generationis
2261 4097 2481 4151 ratione
2508 4110 2572 4150 ex
2603 4093 2943 4166 myriadibus
2974 4093 3247 4149 universis
3293 4093 3447 4148 solus

1861 4191 1987 4245 talis
2027 4199 2186 4244 natus
2236 4196 2341 4252 est,
2383 4195 2439 4244 et
2485 4185 2755 4241 candidus
2799 4200 2863 4240 ac
2910 4183 3251 4240 rubicundus
3300 4189 3449 4239 recte

1862 4284 2164 4354 appellatus
2214 4289 2436 4353 prepter
2470 4294 2692 4335 carnem
2726 4287 2780 4335 et
2827 4276 3148 4348 sanguinem
3177 4318 3192 4342 ,
3237 4276 3446 4332 electus

1860 4391 1923 4431 ετ
1971 4374 2157 4429 decem
2209 4372 2477 4438 millibus,
2512 4381 2737 4442 propter
2782 4370 3161 4440 incorruptam
3197 4376 3251 4424 et
3286 4369 3447 4423 vitioo

1860 4483 1981 4522 rum
2030 4473 2306 4536 expertem
2360 4464 2751 4534 proprietatem
2807 4469 3038 4530 partus,
3089 4462 3363 4518 diversam
3414 4476 3448 4515 a

160 4551 239 4615 εἰς
273 4548 641 4625 γέννησιν.⁶Ἢ
658 4554 914 4626 τεγάρὲκ
942 4551 1038 4604 τοῦ
1070 4549 1261 4614 ὓδατος
1288 4550 1502 4619 γένεσις
1549 4549 1612 4602 τὸ
1654 4549 1745 4621 τῆς

1861 4567 2017 4630 partu
2049 4558 2410 4626 reliquorum.
2456 4557 2551 4612 Vel
2582 4555 2831 4611 fortassis
2861 4555 3001 4610 hanc
3031 4554 3081 4610 ei
3122 4568 3310 4609 vocem
3350 4567 3449 4607 ac-

160 4640 375 4714 λοχείας
404 4644 573 4709 πάθος
600 4644 662 4697 ού
688 4642 1039 4714 παρεδέξατο,
1070 4644 1218 4713 καὶὴ
1244 4644 1307 4696 ὲκ
1327 4642 1538 4712 νεκρῶν
1563 4641 1758 4710 παλιγ-

161 4736 433 4803 γεννεσία,
462 4738 604 4809 καὶὴ
624 4737 721 4808 τῆς
738 4736 887 4800 θείας
906 4733 1110 4807 ταύτης
1132 4735 1362 4799 κτίσεως
1390 4733 1754 4806 πρωτοτοκία,

164 4826 278 4881 ἀλλ’
299 4831 360 4881 ἐν
392 4831 526 4884 πᾶσι
551 4829 762 4893 τούτοις
795 4828 1087 4899 καθαρεύει
1126 4828 1224 4899 τῆς
1257 4826 1474 4898 λοχείας
1506 4828 1535 4880 6
1570 4827 1748 4889 τόκος.

164 4920 261 4974 Διὰ
287 4921 447 4977 τοῦτό
486 4939 671 4994 φησιν,
714 4919 1259 4991 Ἐκλελοχισμένος
1284 4919 1406 4974 ἀπὸ
1422 4918 1749 4989 μυριάδων.

1865 4645 2232 4703 commodavit
2282 4660 2508 4716 sponsa,
2545 4651 2769 4715 propter
2804 4652 3033 4700 caeteras
3070 4642 3447 4715 generationis

1865 4738 2038 4809 ipsius
2070 4735 2303 4807 species,
2335 4751 2459 4806 qua:
2490 4743 2545 4790 ει
2600 4736 2734 4807 ipsae
2771 4734 3131 4807 parturiginis
3159 4749 3269 4791 non
3318 4740 3448 4790 sunt

1859 4836 2133 4900 expertes.
2185 4826 2297 4883 Nec
2328 4828 2582 4899 ignorare
2617 4835 2802 4899 potes,
2857 4827 3072 4898 quoties
3107 4826 3179 4882 sit
3222 4827 3438 4898 genitus

1861 4921 1909 4977 is
1964 4920 2057 4992 qui
2093 4920 2263 4975 totius
2302 4919 2505 4991 opiﬁcii
2553 4919 2910 4992 primigenios
2944 4927 3050 4984 est,
3083 4917 3444 4988 primigenios

165 5009 305 5067 inter
332 5015 535 5070 multos
582 5013 808 5079 fratres,
879 5013 1239 5086 primigenius
1278 5026 1350 5083 ex
1423 5011 1681 5077 mortuis,
1726 5010 1821 5082 qui
1859 5014 2071 5083 primus
2106 5012 2300 5066 mortis
2329 5011 2696 5082 parturigines
2741 5010 2942 5075 solvit,
2998 5024 3062 5064 ac
3114 5022 3211 5078 per
3256 5021 3446 5061 resur-

166 5102 466 5157 rectionem
494 5118 649 5159 suam
674 5103 952 5159 universis
977 5103 1122 5157 viam
1156 5102 1225 5157 ad
1284 5109 1502 5173 partum
1570 5117 1634 5157 ex
1698 5103 1931 5157 mortuis
1998 5100 2233 5172 aperuit.
2268 5100 2402 5154 Nam
2440 5100 2492 5154 in
2524 5101 2610 5157 his
2644 5101 2899 5156 omnibus
2933 5108 3096 5156 natus
3123 5111 3227 5166 εει,
3262 5111 3440 5168 neque

168 5200 350 5250 tamen
385 5211 481 5265 per
506 5196 905 5267 parturiginem
934 5195 1139 5252 editus.
1184 5193 1321 5249 Nam
1358 5193 1622 5248 nativitas
1659 5210 1756 5265 per
1830 5208 2029 5266 aquam
2096 5193 2453 5265 parturiginis
2474 5191 2720 5249 dolorem
2759 5209 2870 5249 non
2897 5193 3136 5256 admisit.
3172 5205 3274 5246 nec
3313 5190 3444 5247 item

169 5299 233 5338 ex
276 5288 508 5343 mortuis
551 5286 931 5365 regeneratio,
983 5301 1085 5343 nec
1125 5286 1298 5342 divini
1349 5287 1497 5342 illius
1526 5286 1732 5359 opiﬁcii
1769 5287 2230 5359 primogenitum,
2286 5285 2385 5341 sed
2424 5286 2480 5340 in
2552 5288 2807 5343 omnibus
2862 5286 3015 5342 hisce
3098 5292 3290 5358 partus
3340 5299 3439 5340 ex-

171 5392 296 5449 pers
315 5379 527 5452 doloris
557 5379 679 5433 fuit.
713 5378 837 5434 Haec
857 5394 1025 5435 causa
1054 5386 1159 5443 est,
1184 5380 1537 5452 quamobrem
1560 5381 1708 5437 dicat
1734 5398 1749 5437 :
1790 5376 2007 5435 Electus
2031 5395 2096 5435 ea:
2121 5380 2297 5434 decem
2334 5379 2593 5436 millibus.

244 5466 370 5526 Οἷον
392 5472 451 5526 δὲ
478 5470 647 5526 αὐτοῦ
676 5472 737 5527 τὸ
754 5470 947 5537 κάλλος
964 5473 1024 5526 ὲν
1048 5474 1160 5537 τοῖς
1173 5472 1296 5527 καθ’
1314 5473 1545 5528 ἕκαστον
1571 5473 1758 5544 μέλεσι

175 5557 458 5632 διηγεῖται.
482 5562 674 5634 καιρὸς
694 5562 750 5617 δὲ
783 5562 849 5616 ἂν
872 5563 957 5635 εἴη
989 5563 1321 5635 κατανοῆσαι
1345 5565 1433 5620 διὰ
1461 5565 1569 5619 τῶν
1605 5565 1756 5638 είρη-

183 5651 378 5721 μένων.
427 5652 672 5723 Reguli;
718 5652 926 5717 αὐτοῦ,
975 5656 1236 5725 χρυσίον
1301 5655 1522 5727 Κεφάζ.
1572 5656 1635 5710 Ἡ
1695 5656 1752 5710 δὲ

254 5835 274 5864 ⁷
301 5834 406 5893 lsa.
435 5854 580 5904 vai,
608 5840 664 5891 7.
739 5839 759 5867 ⁸
789 5837 923 5893 Luc.
960 5857 996 5906 ι,
1025 5836 1114 5893 28.

1937 5471 2207 5529 Caeterum
2241 5479 2457 5544 tempus
2475 5472 2588 5542 jam
2613 5470 2775 5527 fuerit
2814 5479 2873 5525 ut
2927 5472 3092 5527 etiam
3122 5469 3438 5527 considere-

1862 5579 1987 5619 mus
2016 5579 2080 5620 ex
2108 5565 2382 5636 praeiectis
2408 5562 2593 5619 verbis
2622 5562 2802 5633 qualis
2838 5562 2986 5619 illius
3031 5560 3302 5632 elegantia
3326 5561 3443 5620 sin-

1860 5656 2002 5729 gulis
2034 5655 2089 5713 in
2131 5656 2393 5713 membris
2454 5661 2932 5712 commemoretur.
2987 5652 3160 5724 Caput
3189 5655 3323 5723 ejus,
3354 5653 3440 5707 iu-
