4018 6370
506 406 648 464 1055

1763 403 1821 462 S.
1863 399 2198 462 GREGORII
2234 399 2279 459 N
2291 401 2533 462 YSSENI

3680 411 3816 470 1056

508 532 894 602 ςυιιηαιιιηιηι
946 529 1174 600 Cephaz.
1231 528 1344 584 Vox
1398 536 1578 584 autem
1617 527 1708 583 illa
1744 527 2015 585 llebraica
2052 526 2132 588 si.

2237 527 2481 600 Εὸραῖκὴ
2510 527 2674 594 λέξις,
2704 531 2752 584 εί
2777 527 2911 602 πρὸς
2962 529 3062 602 τὴν
3090 529 3371 603 ἡμετέραν
3423 531 3814 604 μεταληψθείη

512 630 758 676 nostram
800 622 852 675 in
885 621 1126 692 linguam
1171 621 1559 688 transferatur,
1591 637 1785 678 aurum
1818 638 2016 694 purum
2047 632 2102 680 et

512 710 779 766 intactum
822 713 1117 784 signiﬁcat,
1160 714 1418 786 quodque
1450 714 1602 770 omni
1642 714 1876 772 mistura
1927 727 2098 772 caret.

511 803 690 872 Atque
728 803 871 858 hanc
904 820 1093 860 vocem
1124 821 1233 861 non
1269 822 1597 863 conversam
1645 807 1778 861 mihi
1815 806 2103 877 reliquisse

514 903 802 966 propterea
829 897 1106 963 videntur,
1147 899 1240 969 qui
1274 900 1389 954 haec
1427 898 1496 954 de
1539 897 1782 953 Hebraeis
1811 898 1999 954 Graeca
2025 897 2105 954 fe-

519 997 734 1053 cerunt,
769 991 915 1061 quod
947 1007 1058 1046 non
1088 993 1396 1063 reperirent
1420 994 1473 1047 in
1511 993 1698 1063 lingua
1731 993 1919 1049 Graeca
1945 1009 2108 1048 voca-

515 1080 707 1137 bulum
781 1084 954 1138 ullum
1023 1099 1134 1153 quo
1197 1085 1478 1156 emphasis
1547 1084 1804 1140 Hebraici
1864 1086 2105 1141 nominis

515 1174 796 1230 enuntiari
822 1183 1029 1245 posset.
1063 1174 1176 1231 Nos
1197 1185 1400 1240 autem,
1429 1178 1651 1247 cognito
1701 1193 1889 1234 vocem
1922 1178 2110 1248 hujus-

515 1267 667 1321 modi
695 1267 1011 1338 signiﬁcare
1041 1268 1302 1339 quiddam
1331 1270 1547 1326 sincere
1588 1286 1806 1340 purum,
1853 1270 2110 1341 quodque

517 1357 726 1411 nullam
760 1359 996 1414 sordida:
1035 1359 1284 1414 materiei
1329 1361 1616 1415 misturam
1666 1362 1964 1427 admittat,
2004 1363 2110 1418 hoc

519 1456 583 1504 ut
614 1450 684 1505 de
704 1450 849 1505 dicto
879 1453 1163 1521 proposito
1197 1459 1526 1519 statuamus,
1563 1454 1910 1522 adducimur,
1949 1456 2112 1510 nimi-

521 1557 645 1596 rum
687 1544 940 1613 corporis
974 1543 1236 1600 Ecclesiae
1269 1553 1434 1617 caput
1456 1563 1579 1603 esse
1605 1547 1908 1603 Christum.
1951 1548 2113 1604 Chri-

525 1641 672 1690 stum
721 1651 854 1690 vcro
903 1651 1050 1691 nunc
1095 1637 1424 1704 didicimus,
1473 1654 1586 1694 non
1636 1639 1740 1695 hoc
1797 1655 1996 1696 nomen
2043 1641 2114 1696 ad

524 1727 886 1783 aeternitatem
928 1728 1151 1787 deitatis
1186 1732 1564 1798 extendentes,
1595 1731 1691 1788 sed
1727 1735 1792 1788 ad
1834 1734 2113 1790 hominem

526 1823 780 1879 deitatem
816 1824 869 1877 in
894 1839 954 1880 se
978 1826 1351 1896 recipientem,
1379 1827 1473 1897 qui
1517 1835 1850 1897 conspectus
1885 1828 1937 1882 in
1971 1835 2114 1883 terra

2203 619 2408 689 φωνὴν,
2439 619 2502 672 τὺ
2528 619 2769 692 καθαρόν
2795 637 2854 674 τε
2878 621 2973 674 καὶ
3002 621 3311 688 ἀνόθευτον,
3345 621 3444 676 καὶ
3475 621 3669 694 πάσης
3695 625 3816 676 ἐπι-

2208 710 2394 781 μιξίας
2438 711 2726 784 άλλότερον
2783 713 3006 785 χρυσίον
3053 713 3141 769 διὰ
3185 714 3287 784 τῆς
3347 715 3544 786 φωνῆς
3605 713 3816 785 ταύτης

2205 803 2500 859 δείκνυται.
2570 807 2997 878 ’Λνερμήνευτον
3043 807 3100 862 δέ
3141 825 3232 880 μοι
3269 810 3451 862 δοκεῖν
3487 808 3817 861 καταλελοι-

2209 895 2367 950 πέναι
2393 896 2491 969 τὴν
2510 897 2606 952 τοῦ
2629 897 2824 968 Κεφὰζ
2845 899 3010 967 λέξιν,
3029 901 3076 954 οἱ
3097 900 3194 964 τὰς
3205 900 3391 970 φωνὰς
3405 899 3524 953 τῶν
3539 899 3818 970 Ἐϐραίων

2207 985 2667 1059 ἐξελληνίσαντες,
2691 988 2781 1042 διά
2801 989 2863 1042 τὺ
2891 990 2966 1062 μὴ
3005 991 3184 1063 εὑρεῖν
3223 994 3279 1044 ἐν
3308 995 3420 1056 τοῖς
3467 991 3821 1062 Ἑλληνικοῖς

2211 1081 2419 1153 ῥήμασι
2458 1082 2728 1154 μηδεμίαν
2746 1083 2930 1154 φωνὴν
2961 1081 3349 1154 ἐξαγγελτικὴν
3374 1085 3478 1154 τῆς
3511 1085 3820 1154 ἐμφάσεως

2209 1173 2312 1243 τῆς
2338 1173 2604 1245 ἐνθεωρου
2614 1173 2782 1244 μένης
2802 1178 2868 1245 τῇ
2893 1175 3146 1246 Ἐϐραΐδι
3168 1179 3338 1246 φωνῇ.
3358 1176 3560 1246 Ἡμεῖς
3581 1174 3646 1227 δὲ
3666 1174 3822 1228 τοῦτο

2214 1263 2498 1336 μαθόντες,
2562 1265 2643 1318 ὅτι
2695 1264 2755 1318 τὸ
2808 1265 3114 1337 εἰλικρινῶς
3169 1265 3426 1336 καθαρὸν,
3477 1267 3581 1318 καὶ
3638 1267 3821 1335 πάσης

2213 1356 2346 1428 ὖλης
2377 1358 2628 1428 ρυπαρᾶς
2654 1357 2852 1428 άμιγές
2875 1374 2934 1410 τε
2969 1357 3062 1412 καὶ
3099 1357 3478 1428 ἀπαράδεκτον
3517 1360 3550 1428 ἡ
3585 1357 3822 1426 τοιαύτη

2213 1451 2358 1517 λέξις
2384 1453 2720 1508 ἐνδείκνυται
2740 1471 2754 1485 ι
2781 1453 2954 1509 ταῦτα
2981 1454 3109 1524 περὶ
3131 1454 3225 1507 τοῦ
3254 1453 3632 1525 προκειμένου
3657 1451 3821 1524 ρητοῦ

2215 1546 2354 1598 νοεῖν
2391 1543 2715 1615 ἐναγόμεθα,
2760 1545 2843 1598 ὅτι
2891 1545 3102 1616 κεφαλὴ
3124 1542 3219 1597 τοῦ
3263 1543 3520 1614 σώματος
3541 1543 3654 1614 τῆς
3701 1540 3822 1595 Ἐκ-

2217 1636 2446 1707 κλησίας
2478 1637 2626 1690 ἐστὶν
2654 1639 2682 1691 6
2711 1637 2965 1709 Χριστός.
2996 1637 3230 1710 Χριστὸν
3261 1637 3319 1690 δὲ
3348 1635 3442 1690 νῦν
3473 1636 3728 1705 λέγομεν
3764 1635 3822 1686 ού

2217 1729 2355 1802 πρὸς
2385 1731 2445 1783 τὸ
2470 1729 2638 1784 ἀΐδιον
2677 1729 2775 1798 τῆς
2821 1728 3074 1800 θεότητος
3111 1727 3534 1798 ἀναπέμποντες
3564 1727 3736 1780 τοῦτο
3766 1726 3821 1779 τὸ

2219 1823 2415 1896 ὄνομα,
2454 1824 2590 1878 ἀλλὰ
2642 1823 2781 1895 πρὸς
2820 1822 2911 1877 τὸν
2959 1821 3205 1894 θεοδόχον
3247 1821 3560 1892 ἄνθρωπον,
3607 1822 3705 1874 τὸν
3732 1822 3818 1874 ἐπὶ

525 1923 628 1978 est,
675 1923 729 1968 et
769 1929 893 1968 cum
942 1893 1259 1972 hominibus
1310 1893 1584 1981 versatus,
1642 1893 1817 1986 ipsius
1864 1916 2118 1971 videlicet

2237 1893 2327 1991 γῆς
2357 1917 2608 1986 ὀφθέντα,
2669 1893 2897 1982 καὶτοῖς
2933 1893 3239 1987 ἀνθρώποις
3267 1912 3816 1985 συναναστραφέντα,

524 2003 864 2074 virginitatis
901 2021 1146 2076 germen,
1183 2008 1240 2063 in
1276 2023 1388 2078 quo
1421 2007 1690 2062 habitavit
1719 2007 1902 2063 omnis
1944 2008 2119 2080 pleni-

527 2099 664 2153 tudo
691 2100 914 2156 deitatis
951 2103 1331 2172 corporaliter,
1373 2103 1523 2173 ipsas
1563 2103 1835 2172 primitias
1871 2117 2122 2156 commu-

527 2193 615 2247 nis
661 2209 875 2256 massze,
927 2210 1024 2265 per
1063 2211 1226 2267 quam
1277 2194 1513 2251 Verbum
1563 2205 1820 2268 naturam
1870 2205 2120 2252 nostram

530 2285 732 2352 induit,
762 2289 1032 2343 redditam
1079 2290 1511 2356 immaculatam,
1544 2297 1597 2346 et
1627 2290 1696 2345 ab
1739 2289 1997 2346 omnibus
2025 2289 2125 2344 ad-

533 2375 870 2431 haerentibus
913 2377 960 2431 ei
1015 2379 1341 2434 naturaliter
1392 2379 1543 2434 vitiis
1595 2387 1974 2450 expurgatam.
2030 2377 2124 2434 Sic

532 2465 680 2520 enim
746 2467 1010 2536 propheta
1075 2469 1143 2522 de
1178 2469 1296 2539 ipso
1362 2468 1606 2538 loquitur
1641 2487 1654 2523 :
1696 2467 1983 2525 Peccatum
2019 2487 2124 2527 non

537 2559 701 2628 fecit,
774 2577 938 2631 neque
993 2562 1198 2616 inventa
1273 2573 1349 2616 cu
1410 2562 1567 2616 dolus
1623 2563 1681 2616 in
1739 2580 1830 2618 ore
1890 2564 2120 2633 ipsius”,

531 2652 622 2721 qui
641 2659 874 2707 tentatus
904 2663 980 2707 est
1022 2669 1114 2722 per
1151 2656 1332 2709 omnia
1375 2656 1445 2708 ad
1483 2655 1892 2711 similitudinem
1918 2667 2127 2712 natura

533 2753 731 2798 nostrw
783 2745 980 2816 absque
1041 2755 1255 2815 peccato
1291 2746 1352 2801 ‘°.
1401 2748 1660 2818 Corporis
1721 2749 1888 2819 igitur
1936 2748 2128 2805 Eccle-

536 2835 634 2890 size
682 2850 865 2907 caput,
911 2847 964 2892 et
1013 2840 1184 2894 tutius
1233 2850 1443 2895 natura:
1473 2841 1754 2911 primitiae,
1804 2856 2000 2896 aurum
2043 2849 2128 2897 est

537 2943 736 2996 purum
787 2937 841 2984 et
893 2932 1129 2986 alienum
1176 2933 1244 2987 ab
1293 2935 1442 2988 omni
1497 2935 1814 2991 vitiositatis
1875 2937 2126 2990 mistura.

535 3017 791 3073 Cincinni
821 3037 972 3085 vero,
1011 3025 1336 3080 tenebricosi
1373 3025 1669 3095 aliquando
1709 3035 1762 3082 et
1802 3029 1966 3098 nigri,
2009 3045 2133 3100 spe-

538 3109 736 3180 cieque
776 3126 872 3168 sua
906 3113 1086 3168 corvis
1115 3115 1452 3182 consimiles,
1486 3115 1618 3180 illis,
1648 3116 1898 3187 inquam,
1921 3120 2129 3184 corvis,

2220 2011 2312 2065 τὸν
2343 2011 2442 2081 τῆς
2493 2008 2792 2082 παρθενίας
2844 2009 3091 2079 βλαστὸν,
3125 2008 3182 2060 ἐν
3216 2000 3260 2075 ᾧ
3290 2005 3581 2077 κατῴκησε
3622 2008 3736 2059 πᾶν
3765 2007 3820 2058 τὸ

2222 2103 2499 2174 πλήρωμα
2547 2102 2644 2173 τῆς
2704 2100 2956 2171 θεότητος
2997 2099 3356 2171 σωματικῶς,
3407 2097 3510 2168 τὴν
3561 2097 3818 2168 ἀπαρχὴν

2221 2195 2316 2250 τοῦ
2341 2195 2518 2250 κοινοῦ
2541 2195 2883 2268 φυράματος,
2918 2193 2984 2247 δι’
3018 2187 3078 2248 οὗ
3100 2195 3128 2247 6
3155 2193 3322 2262 Λόγος
3339 2191 3434 2262 τὴν
3469 2191 3642 2260 φύσιν
3668 2191 3818 2261 ἡμῶν

2225 2287 2600 2359 περιεϐάλετο,
2627 2287 2861 2358 ποιήσας
2903 2284 3072 2356 αὐτὴν
3105 2284 3402 2354 ἀκήρατον,
3445 2281 3677 2335 πάντων
3715 2281 3818 2335 τῶν

2226 2380 2666 2451 συμπεφυκότων
2687 2379 2824 2449 αὐτῇ
2843 2376 3181 2448 παθημάτων
3199 2374 3820 2444 ἐκκαθαρθεῖσαν.οὖτω

2237 2474 2347 2546 γάρ
2365 2491 2496 2545 φησι
2513 2491 2578 2526 πε
2591 2473 2644 2545 pi.
2672 2471 2838 2527 αὑτοῦ
2863 2474 2890 2525 ό
2922 2472 3227 2544 προφήτης,
3245 2470 3325 2523 ὅτι
3351 2469 3692 2537 Ἀλιαρτίαν
3713 2470 3818 2522 οὐκ

2231 2565 2693 2633 ἐποίησεν,οὐδὲ
2721 2564 2932 2634 εὑρέθη
2958 2563 3140 2638 δόᾼος
3154 2563 3222 2616 ἐν
3240 2561 3318 2627 τῷ
3337 2563 3590 2630 στόματι
3605 2561 3818 2624 αὐτοί.

2229 2658 2334 2712 τοῦ
2355 2656 2794 2726 πεπειραμένον
2832 2654 2982 2709 κατὰ
3011 2655 3208 2721 πάντα
3227 2656 3353 2709 καθ’
3372 2656 3699 2724 ὁμοιότητα
3719 2653 3822 2722 τῆς

2230 2753 2472 2822 φύσεως
2492 2749 2680 2820 ἡμῶν,
2707 2749 2884 2818 χωρίς
2921 2748 3228 2818 ἁμαρτιας.
3263 2748 3328 2801 Ἦ
3358 2748 3457 2819 μὲν
3481 2742 3576 2800 οὖν
3610 2749 3820 2817 κεφαλὴ

2231 2843 2324 2898 τοῦ
2370 2843 2620 2914 σώματος
2652 2843 2751 2913 τῆς
2791 2840 3136 2912 Ἑκκλησίας,
3177 2843 3212 2912 ἡ
3258 2839 3439 2924 πάσχης
3479 2840 3583 2909 τῆς
3610 2841 3822 2909 φύσεως

2233 2935 2391 3008 ἡμῶν
2423 2934 2665 3007 ἀπαρχὴ,
2695 2934 2755 2986 τὸ
2776 2933 3014 3005 καθαρόν
3043 2950 3101 2986 τε
3125 2932 3222 2986 καὶ
3251 2932 3431 3003 πάσης
3463 2932 3675 2997 κακίας
3703 2934 3823 3002 ἀμι-

2233 3030 2330 3099 γές
2349 3047 2409 3082 τε
2433 3029 2528 3083 καὶ
2557 3027 2934 3096 ἀπαράδεκτον
2972 3025 3192 3098 χρυσίον
3226 3023 3371 3077 ἐστίν
3394 3041 3406 3053 ·
3441 3025 3491 3076 οἱ
3540 3025 3822 3094 βόστρυχοι

2235 3123 2292 3176 δὲ
2324 3123 2378 3176 οἵ
2410 3138 2542 3175 ποτε
2590 3119 2847 3189 ξοφώδεις
2899 3119 2991 3172 καὶ
3025 3117 3275 3189 μέλανες,
3308 3118 3403 3172 καὶ
3449 3119 3568 3181 τοῖς
3603 3118 3822 3188 κόραξιν

542 3205 636 3275 qui
657 3215 1001 3275 occupantur
1027 3207 1082 3261 in
1113 3207 1238 3276 hoc,
1277 3216 1336 3263 ut
1368 3209 1560 3265 oculos
1591 3211 1892 3282 conligant,
1937 3229 2130 3284 quern-

2237 3211 2581 3284 όμοιούμενοι
2629 3208 2708 3281 τῷ
2766 3208 2918 3273 εῖδει,
2965 3208 3193 3271 ἐκείνοις
3238 3208 3382 3277 λέγω
3429 3209 3544 3271 τοῖς
3583 3208 3821 3281 κόραξιν,

544 3297 841 3352 admodum
872 3297 925 3352 in
958 3297 1258 3355 Proverbio
1283 3309 1387 3366 est,
1421 3317 1486 3358 ac
1518 3303 1682 3373 pullis
1728 3305 2038 3375 aquilarum
2078 3306 2133 3361 in

544 3388 728 3445 cibum
758 3399 953 3462 parent
981 3393 1126 3458 illos,
1151 3393 1204 3448 in
1247 3395 1449 3465 quibus
1480 3397 1741 3453 cernendi
1773 3415 1978 3470 organa
2014 3416 2137 3455 mu-

544 3481 785 3549 tilarint;
832 3483 888 3537 hi
934 3499 1066 3556 ergo
1119 3485 1362 3541 cincinni
1414 3488 1622 3544 abietes
1672 3488 1826 3556 facti,
1877 3491 2136 3546 nimirum

547 3575 815 3632 sublimes
842 3587 897 3632 et
927 3592 955 3631 a
1003 3587 1149 3634 terra
1193 3581 1247 3635 in
1297 3583 1498 3640 cmlum
1552 3581 1837 3639 tendentes
1889 3585 2138 3651 arbores,

548 3676 893 3726 venustatem
919 3674 1108 3742 sponsi
1138 3675 1462 3732 accessione
1483 3677 1722 3747 quadam
1752 3689 1970 3750 augent,
1996 3679 2141 3733 divi-

548 3777 684 3815 num
712 3762 860 3818 illius
884 3764 951 3818 ad
989 3774 1152 3838 caput
1188 3768 1378 3838 aptati.
1419 3769 1607 3841 Neque
1639 3786 1770 3826 vero
1801 3780 1958 3841 poles
1986 3773 2144 3842 igno-

553 3868 677 3909 rare
721 3856 998 3925 quodnam
1032 3858 1102 3914 sit
1129 3858 1324 3914 horum
1359 3861 1743 3917 cincinnorum
1772 3879 1993 3928 munus,
2017 3879 2143 3918 cum

554 3946 809 4016 superius
859 3961 926 4003 ex
979 3950 1113 4019 ipsis
1163 3952 1351 4020 sponsi
1414 3955 1598 4009 verbis
1666 3954 1718 4008 id
1780 3957 2141 4014 intellexeris.

553 4033 824 4103 Cincinui,
874 4040 970 4103 ait,
1008 4041 1110 4094 mei
1158 4040 1338 4111 referti
1381 4053 1504 4098 sum
1564 4047 1729 4114 gutlis
1779 4063 1950 4118 aqua.
2001 4048 2149 4115 Qua-

557 4136 784 4199 propter
829 4131 906 4186 illi
939 4141 1069 4188 sunt
1115 4140 1324 4204 guttam
1371 4144 1624 4192 rorantes
1671 4139 1946 4205 cincinni,
1989 4142 2078 4210 qui
2117 4156 2148 4196 a

560 4222 840 4293 prophetis
891 4225 1065 4279 nubes
1111 4227 1494 4296 appellantur,
1543 4243 1572 4282 a
1627 4230 1827 4300 quibus
1885 4233 2152 4290 doctrinae

560 4314 739 4370 imber
773 4316 862 4371 ille
895 4317 1090 4382 oritur,
1123 4317 1217 4388 qui
1253 4332 1382 4372 arva
1419 4319 1718 4376 inanimata
1751 4323 1890 4393 rigat
1918 4324 1984 4379 ad
2015 4327 2152 4399 agri-

561 4408 820 4466 cultionis
870 4409 1070 4465 divina:
1113 4411 1475 4468 fertilitatem.
1547 4413 1810 4484 Adeoque
1869 4420 2151 4486 apostolos

562 4498 651 4554 hic
680 4499 913 4571 ﬁgurate
959 4518 1058 4573 per
1104 4504 1393 4560 cincinnos
1438 4519 1468 4557 a
1506 4506 1673 4561 verbo
1721 4507 1910 4564 divino
1941 4510 2152 4580 signiti-

2239 3300 2320 3368 οἷς
2344 3305 2503 3375 ἔργον
2558 3303 2694 3367 ἐστὶ,
2734 3301 2795 3354 τό
2822 3301 2947 3364 τοὺς
2987 3300 3302 3371 ὀφθαλμοὺς
3345 3299 3664 3364 ἐκκόπτειν,
3693 3300 3823 3355 κατίι

2239 3396 2331 3450 τὸν
2365 3393 2708 3468 παροιμιώδη
2762 3392 2937 3462 λόγον,
2980 3392 3074 3445 καὶ
3101 3393 3214 3456 τοῖς
3242 3393 3477 3454 νεοσσοῖς
3521 3391 3631 3445 τῶν
3661 3393 3825 3445 ἀετῶν

2244 3488 2439 3560 βρῶμα
2464 3487 2593 3548 τοὺς
2621 3485 2977 3558 πηρωθέντας
3015 3483 3124 3539 τῶν
3147 3482 3418 3556 όρατικῶν
3455 3483 3827 3557 αἰσθητηρίων

2243 3577 2706 3650 παρασκευάζειν,
2738 3569 2885 3631 οὗτοι
2915 3576 3103 3630 ἐλάται
3139 3575 3201 3629 τά
3240 3573 3418 3646 ὑψηλά
3454 3590 3514 3626 τε
3545 3575 3643 3628 καὶ
3671 3575 3828 3646 ούρα-

2243 3675 2459 3746 νομὴκη
2483 3672 2674 3745 δένδρα
2712 3672 3010 3744 γινόμενοι,
3054 3670 3141 3724 διὰ
3168 3670 3231 3723 τὸ
3267 3669 3598 3740 ἀναδραμεῖν
3630 3670 3701 3722 ἐκ
3734 3668 3828 3737 γῆς

2246 3767 2338 3820 ἐπὶ
2365 3767 2424 3820 τὸ
2451 3767 2702 3834 οὐράνιον
2727 3764 2878 3834 ὕψος,
2906 3763 3194 3836 προσθήκη
3214 3762 3308 3816 τοῦ
3330 3761 3562 3825 κάλλους
3595 3761 3829 3829 γίνονται

2247 3858 2342 3913 τοῦ
2374 3858 2629 3929 νυμφίου,
2649 3859 2747 3927 τῆς
2777 3857 2926 3921 θείας
2950 3856 3193 3927 κεφαλῆς
3215 3854 3378 3908 αὐτοῦ
3413 3853 3825 3926 ἐξαρτήσαντες.

2249 3952 2364 4006 Οὐκ
2389 3952 2576 4020 άγνοεῖ
2601 3950 2658 4004 δὲ
2700 3950 2918 4013 πάντως
2954 3965 3039 4012 τις
3075 3948 3126 4001 τί
3156 3946 3264 4000 τῶν
3297 3945 3610 4018 βοστρύχων
3634 3947 3830 3999 τούτων

2249 4046 2410 4118 ἔργον
2448 4043 2617 4107 ἐστὶν,
2644 4045 2701 4097 ἐν
2731 4045 2844 4106 τοῖς
2901 4042 3014 4096 ἄνω
3052 4039 3237 4112 μαθὼν
3269 4042 3394 4110 παρ’
3419 4040 3592 4109 αὐτῆς
3615 4040 3718 4109 τῆς
3747 4038 3830 4092 τοῦ

2250 4138 2486 4210 νυμφίου
2524 4136 2709 4206 φωνῆς
2732 4152 2747 4166 ο
2787 4135 2899 4202 ὅτι,
2944 4137 3006 4187 Οἱ
3029 4133 3364 4202 βόστρυχοί
3387 4149 3506 4200 μου
3531 4131 3831 4197 ἐπλήσθψ

2251 4247 2374 4286 σαν
2399 4228 2681 4300 ψεκὰδων
2710 4227 2945 4293 ὕδατος.
2988 4226 3228 4279 Ἐκείνου
3271 4220 3364 4278 οὖν
3406 4226 3546 4277 εἰσιν
3579 4225 3630 4277 οἰ
3676 4225 3831 4295 ψεκά-

2254 4321 2438 4388 ζοντες
2476 4320 2782 4392 βόστρυχοι,
2823 4316 2977 4389 παρὰ
3022 4317 3129 4370 τῶν
3154 4315 3446 4387 προφητῶν
3469 4317 3696 4384 νεφέλαι
3726 4318 3826 4369 όνο-

2259 4411 2682 4485 μαζόμενοι,ὰφ⁹
2709 4404 2785 4465 ὧν
2808 4410 3018 4480 γίνεται
3051 4409 3148 4480 τῆς
3177 4407 3523 4470 διδασκαλίας
3556 4411 3586 4462 6
3615 4409 3828 4480 63696;,

2255 4507 2401 4570 ότὰς
2419 4505 2660 4576 ἀψύχους
2696 4503 2938 4576 ἀρούρας
2986 4505 3218 4568 ποτίζων
3253 4501 3387 4574 πρὸς
3412 4502 3507 4571 τὴν
3542 4502 3831 4574 εὐκαρπίαν

561 4592 676 4645 cari
708 4593 985 4660 existimo,
1031 4611 1268 4666 quorum
1306 4598 1556 4653 nonnulli
1604 4599 1758 4669 prius
1795 4601 1865 4656 ob
1900 4602 2132 4658 institui:

2257 4601 2366 4655 τῶν
2389 4598 2484 4653 τοῦ
2515 4596 2650 4652 Θεοῦ
2678 4584 2984 4668 γεωργίων.
3030 4595 3381 4658 Ἀποστόλους
3395 4593 3452 4646 δὲ
3467 4589 3624 4665 οἶμαι
3653 4611 3828 4666 τροπι-

562 4683 686 4738 vitae
715 4699 827 4739 sua;
865 4687 1151 4757 caliginosi
1181 4697 1358 4754 erant,
1402 4690 1550 4745 verbi
1596 4691 1793 4761 gratia,
1844 4693 2005 4762 latro,
2052 4713 2154 4766 puo

565 4775 815 4832 blicanus
857 4777 968 4857 ille,
999 4788 1055 4832 et
1089 4780 1227 4834 alter
1265 4770 1698 4850 persecutor,'et
1748 4785 1793 4840 si
1841 4786 1967 4855 quis
2016 4803 2155 4857 pra:-

567 4883 715 4925 terea
761 4869 864 4924 fuit
909 4855 1212 4928 consimilis
1264 4875 1443 4946 nigro,
1496 4879 1810 4942 carnivoro,
1862 4881 2152 4936 oculorum

563 4964 878 5034 corruptori
926 4981 1113 5020 corvo.
1165 4966 1270 5023 Per
1313 4969 1461 5023 hunc
1506 4979 1688 5025 autem
1725 4971 1971 5043 intelligo
2005 4974 2155 5044 prin-

563 5059 740 5130 cipem
773 5059 1062 5128 potestatis
1104 5061 1540 5128 tenebrarum”,
1583 5064 2048 5133 quemadmodum
2081 5067 2156 5122 lo-

563 5152 752 5220 quitur
783 5151 830 5206 is
861 5152 955 5220 qui
987 5167 1052 5206 ex
1108 5167 1277 5207 corvo
1305 5153 1486 5209 factus
1514 5155 1687 5222 abies,
1723 5166 2010 5226 propterea
2035 5160 2155 5213 cin-

565 5243 763 5298 cinnus
818 5243 988 5298 divini
1037 5245 1232 5314 capitis
1277 5245 1448 5298 audit.
1514 5246 1652 5300 Cum
1707 5249 1851 5303 enim
1894 5250 2048 5320 prius
2100 5257 2157 5306 et

567 5333 924 5404 blasphemus
959 5344 1128 5397 esset,
1161 5345 1216 5392 et
1260 5345 1601 5406 persecutor,
1631 5347 1685 5392 et
1715 5339 1987 5395 violenter
2021 5343 2156 5413 inju-

569 5425 770 5494 rius",
806 5443 971 5496 quam
1007 5429 1222 5484 scilicet
1253 5427 1346 5482 diu
1375 5443 1575 5484 corvus
1599 5438 1739 5494 erat,
1774 5432 1838 5486 ad
1873 5432 2015 5488 hanc
2044 5451 2160 5506 gra-

569 5520 702 5572 tiam
747 5520 1178 5577 transformatus
1228 5531 1346 5588 est,
1399 5529 1458 5577 ut
1511 5522 1689 5579 factus
1741 5525 2058 5592 cincinnus,
2106 5537 2161 5584 et

577 5613 782 5667 celesti
829 5630 949 5668 rore
997 5614 1275 5684 perfusus,
1334 5615 1593 5672 universo
1642 5615 2158 5692 Ecclesiae-corpori

580 5711 901 5756 arcanorum
933 5705 1405 5774 obscurorumque
1431 5706 1819 5778 mysteriorum
1849 5724 2159 5766 sermonem

664 5875 803 5930 ’lsa.
841 5878 1013 5946 Lili,9
1043 5897 1058 5949 ;
1105 5880 1123 5936 ι
1153 5884 1302 5939 Pctr.
1340 5899 1396 5952 ιι,
1426 5884 1514 5941 22.
1583 5885 1622 5918 ¹⁹
1657 5885 1822 5944 llcbt‘.
1852 5903 1924 5957 tv,
1972 5891 2054 5946 15.

2237 5892 2388 5962 Jphcs
2438 5909 2500 5960 ιι,
2531 5892 2585 5947 2.

2260 4691 2372 4756 κῶς
2405 4693 2530 4755 τοὺς
2567 4689 2897 4764 βοστρύχους
2947 4689 3051 4742 ὑπὸ
3083 4687 3176 4743 τοῦ
3216 4687 3350 4740 Θεοῦ
3388 4685 3549 4756 λόγου
3589 4688 3830 4758 σημαίνει

2262 4783 2383 4836 σθαι
2413 4775 2488 4835 ὧν
2523 4799 2670 4845 τινες
2705 4777 2844 4853 ἦσαν
2872 4779 3137 4852 πρότερον
3168 4777 3426 4848 ζοφώδεις
3458 4780 3573 4840 τοῖς
3612 4778 3704 4830 τοῦ
3732 4778 3828 4848 βίον

2260 4875 2710 4948 ἐπιτηδεύμασιν,
2747 4877 2775 4928 6
2806 4873 3031 4944 λῃστὴς,
3076 4875 3104 4925 6
3130 4869 3385 4940 τελώνης,
3415 4873 3444 4924 6
3471 4869 3730 4940 διώκτης,
3755 4870 3829 4923 καὶ

2261 4969 2420 5033 εἴτις
2450 4968 2607 5032 ἄλλος
2630 4967 2870 5029 τοιοῦτος
2901 4964 3043 5020 κατὰ
3069 4965 3161 5018 τὸν
3198 4963 3402 5036 μέλανά
3436 4980 3496 5016 τε
3527 4965 3624 5016 καὶ
3655 4980 3831 5035 σαρκο-

2263 5063 2422 5135 ϐόρον
2449 5063 2557 5116 τῶν
2624 5059 2922 5132 ὀφθαλμῶν
2963 5059 3313 5129 ἀφανιστικδν
3342 5058 3576 5128 κόρακα.
3606 5058 3762 5126 Λέγω
3788 5056 3830 5108 δὲ

2261 5156 2352 5209 τὸν
2381 5155 2618 5228 ἄρχοντα
2643 5154 2738 5208 τοῦ
2781 5153 3004 5216 σκότους
3037 5153 3136 5223 τῆς
3171 5150 3438 5217 ἐξουσίας,
3476 5148 3660 5212 καθώς
3691 5165 3832 5218 φησιν

2263 5250 2292 5300 6
2347 5247 2454 5302 ἀπὸ
2507 5247 2741 5318 κόρακος
2774 5245 2936 5316 ἐλάτη
2968 5245 3277 5314 γενόμενος,
3309 5243 3403 5295 καὶ
3445 5241 3533 5294 διὰ
3568 5240 3729 5294 τοῦτο
3763 5240 3834 5310 βό-

2271 5356 2500 5410 στρυχος
2529 5338 2628 5408 τῆς
2663 5335 2816 5400 θείας
2843 5337 3085 5407 κεφαλῆς
3109 5333 3470 5407 χρηματίσας.
3500 5335 3625 5386 Ὅτι
3657 5333 3831 5404 πρότε-

2273 5449 2362 5502 ρον
2386 5430 2460 5484 ὢν
2493 5427 2812 5500 βλάσφημος
2846 5427 2940 5479 καὶ
2959 5424 3193 5495 διώκτης
3225 5427 3319 5478 καὶ
3350 5421 3755 5494 ὑϐριστὴς,·ἓως
3779 5417 3832 5489 ἦν

2270 5519 2458 5593 κόραξ,
2492 5519 2628 5592 πρὸς
2647 5519 2744 5589 τὴν
2764 5518 2923 5590 χάριν
2951 5515 3152 5586 ταύτην
3174 5513 3602 5585 μετεσκευάσθη,
3630 5513 3832 5582 βόστρυο

2270 5635 2362 5687 χος
2391 5614 2682 5684 γενόμενος
2708 5614 2773 5683 τῇ
2829 5610 3056 5681 οὐρανίᾳ
3096 5608 3274 5680 δρόσῳ
3303 5606 3606 5677 διάϐροχος,
3632 5606 3658 5657 ό
3692 5605 3829 5658 παντὶ

2269 5707 2346 5779 τῷ
2379 5707 2590 5777 σώματι
2614 5705 2714 5776 τῆς
2731 5703 3056 5775 Ἐκκλησίας
3080 5701 3172 5755 τὸν
3191 5701 3300 5756 τῶν
3325 5698 3654 5769 ἁποκρύφων
3675 5715 3728 5751 τε
3756 5697 3826 5750 καὶ

2696 5892 2734 5924 ¹¹
2767 5889 2787 5946 ι
2820 5887 3058 5948 Timotli.
3099 5901 3136 5956 ι,
3169 5884 3250 5960 l3.
