4018 6364
261 419 413 481 105⁸1

1255 413 1324 470 ΙΝ
1353 413 1658 472 CANTICA
1696 406 1968 469 CANTIC.
2012 407 2295 467 IIOMILIA
2325 410 2467 469 XIII.

3392 418 3530 473 1058

260 533 561 591 σκοτεινῶν
624 533 940 608 μυστηρίων
989 534 1145 606 λόγον
1190 535 1558 607 ἰπιψεκάζων.
1619 533 1855 597 Τούτους

1970 508 2181 588 roratim
2217 533 2534 590 instillaret.
2589 534 2697 591 llos
2748 532 2916 606 igitur
2964 532 3229 605 appellari
3264 548 3296 589 a
3328 549 3534 606 sponsa

263 626 373 697 μὲν
406 625 673 696 λέγεσθαι
697 625 848 698 παρὰ
885 627 984 698 τῆς
1014 626 1232 700 νύμφης
1267 626 1591 700 βοστρύχους
1619 625 1853 697 ὑπενοή-

264 734 468 790 σαμεν,
499 719 549 773 οἳ
565 719 665 791 τῆς
693 718 901 791 χρυσῆς
919 718 1161 791 κεφαλῆς
1180 718 1630 793 ἀπηρτημένοιού
1651 716 1854 789 μικρὰν

260 803 333 858 δι’
368 805 578 858 ἑαυτῶν
636 805 847 860 ποιοῦσι
906 806 1225 879 προσθήκην
1275 811 1377 878 τῆς
1422 807 1595 879 ὥρας,
1632 809 1700 879 τῇ
1760 806 1854 860 τοῦ

266 894 585 966 πνεύματος
612 893 757 968 αὔρᾳ
801 896 1268 969 περισοὸούμενοι.
1301 891 1461 952 Οῦτοι
1486 898 1740 966 στέφανοι
1770 896 1855 966 γί-

267 986 457 1036 νονται
491 982 722 1047 κάλλους
741 986 809 1055 τῇ
845 985 1110 1057 ἀκηράτῳ
1131 985 1364 1058 κεφαλῇ,
1396 986 1725 1058 κοσμοῦντες
1755 987 1872 1063 ιιιύ-κ

266 1073 374 1145 τὴν
402 1073 483 1144 τῷ
523 1074 637 1146 ἰδίῳ
664 1074 1002 1147 κυκλώματι.
1035 1078 1170 1149 Περί
1208 1078 1413 1132 τούτων
1444 1078 1554 1148 γάρ
1587 1095 1676 1148 μοι
1713 1077 1859 1131 δοκεῖ

266 1163 456 1234 λέγειν
482 1167 516 1236 ἡ
542 1166 868 1238 προφητεία,
909 1167 992 1220 ὅτι
1028 1168 1282 1236 Ἕθηκας
1310 1167 1411 1221 ἐπὶ
1440 1167 1558 1236 τὴν
1582 1167 1858 1236 κεφαλὴν

265 1255 464 1311 αὐτοῦ
526 1256 833 1327 στέφανον
881 1258 951 1312 ἐκ
978 1258 1154 1313 λίθου
1196 1259 1412 1329 τιμίου.
1450 1259 1614 1313 Ὥστε
1662 1258 1858 1322 αὐτοὺς

256 1336 340 1402 ’δι’
368 1348 645 1420 ἑκατέρων
690 1348 926 1403 νοεῖσθαι
956 1348 1068 1402 τῶν
1104 1350 1414 1421 νοημάτων,
1467 1351 1762 1422 εὐπρεπεῖς
1798 1366 1858 1402 τε

269 1440 627 1513 βοστρύχους,
659 1444 751 1497 καί
788 1443 969 1507 λίθους
998 1442 1233 1514 τιμίους,
1266 1441 1335 1497 δι’
1364 1441 1544 1497 αὐτῶν
1572 1440 1670 1514 τὴν
1697 1458 1861 1511 κεφα-

266 1533 375 1605 λὴν
400 1533 862 1599 καλλωπίζοντας.
980 1598 989 1605 ’

358 1622 675 1677 Ἀκόλουθον
721 1623 765 1678 δ’
817 1623 883 1680 ἂν
928 1624 1011 1695 εἰη
1042 1622 1135 1677 καὶ
1169 1624 1238 1677 τὰ
1273 1623 1398 1695 περὶ
1431 1622 1536 1677 τῶν
1565 1621 1860 1694 ὀφθαλμῶν

267 1712 546 1784 εἰρημένα
566 1713 837 1786 θεωρῆσαι
870 1714 949 1786 τῷ
977 1714 1139 1786 λόγῳ.
1174 1715 1329 1768 Ἐστι
1355 1715 1413 1769 δὲ
1445 1716 1478 1785 ἡ
1506 1714 1651 1780 λέξις
1682 1715 1822 1787 αῦτη
1841 1730 1856 1744 ·

284 1802 615 1871 Ὀφθαλμοί
643 1801 829 1856 αὑτοῦ
852 1803 1193 1872 περιστεραί
1209 1802 1306 1857 ἐπὶ
1329 1803 1691 1874 πληρώματα
1711 1803 1858 1861 ὑδά-

267 1908 415 1959 των,
443 1892 805 1962 λελουμέναι
830 1893 902 1947 ἐν
929 1892 1201 1963 γάλακτι,
1230 1894 1560 1963 καθήμεναι
1583 1893 1681 1947 ἐπὶ
1705 1897 1857 1963 πλη·
1890 1875 1930 1932 Β

267 1982 513 2052 ρώματα
544 1983 798 2041 ὑδάτων.
852 1985 916 2038 Ἦ
947 1985 1005 2039 δὲ
1039 1984 1147 2039 τῶν
1186 1984 1490 2057 εἰρημένων
1526 1985 1734 2039 διάνοια
1761 1986 1860 2055 τῆς

274 2074 381 2146 μὲν
420 2075 780 2146 καταλήψεως
823 2076 979 2148 ἡμῶν
1004 2077 1170 2142 ,ἐστιν
1207 2076 1530 2148 ὑψηλοτέρα.
1564 2078 1630 2131 Ὃ
1657 2076 1766 2147 γὰρ
1793 2077 1860 2131 ἂν

272 2167 627 2238 ἐννοήσωμεν
658 2166 785 2238 περὶ
807 2156 1011 2221 τούτων
1044 2167 1263 2223 ἔλαττον
1304 2164 1445 2222 εἰναι
1476 2168 1575 2239 τῆς
1604 2167 1862 2239 ἀληθείας

270 2260 505 2332 οἰόμεθα
524 2277 536 2289 ·
557 2261 945 2333 σκοπουμένοις
965 2259 1021 2314 δὲ
1040 2260 1106 2314 δι’
1125 2259 1443 2331 ἐπιμελείας
1464 2262 1615 2331 ἡμῖν,
1638 2261 1861 2331 τοιαύτη

271 2371 363 2418 τις
390 2353 569 2420 ἔδοξεν
594 2349 761 2406 εἶναι’
790 2351 927 2424 Φησί
961 2368 1064 2406 που
1095 2352 1205 2407 τῶν
1242 2351 1438 2406 ἑαυτοῦ
1472 2352 1644 2421 λόγων
1671 2352 1699 2405 ὀ
1721 2351 1862 2418 θεῖος

288 2443 635 2508 Ἀπόστολος,
674 2443 748 2515 μὴ
804 2442 1065 2497 δύνασθαι
1109 2443 1290 2513 λέγειν
1337 2443 1432 2498 τὸν
1481 2443 1757 2515 ὀφθαλμὸν
1794 2446 1862 2516 τῇ

273 2536 447 2607 χειρὶ,
465 2535 681 2603 Χρείαν
701 2546 818 2589 σου
834 2534 945 2588 οὐκ
972 2533 1092 2604 ἔχω
1108 2533 1314 2605 ’δόγμα
1338 2533 1425 2587 διὰ
1453 2532 1655 2588 τούτων
1685 2533 1866 2587 ποιού-

278 2642 469 2696 μενος,
496 2626 577 2679 ὅτι
618 2624 686 2679 δι’
723 2624 1053 2697 ἀμφοτέρων
1101 2625 1366 2696 προσήκει
1408 2622 1486 2695 τῷ
1526 2623 1738 2694 σώματι
1766 2623 1866 2693 τῆς

290 2714 623 2786 Ἐκκλησίας
697 2712 960 2786 πράττειν
996 2713 1197 2777 καλῶς,
1246 2713 1339 2767 τοῦ
1400 2712 1708 2785 διορατικοῦ
1766 2713 1867 2784 τῆς

274 2805 540 2877 ἀληθείας
599 2805 1048 2877 συγκεκραμένου
1074 2805 1210 2876 πρὸς
1245 2805 1307 2858 τὸ
1348 2805 1705 2877 δραστήριον·
1743 2804 1865 2859 οὐτε

274 2899 383 2969 τῆς
421 2896 652 2969 θεωρίας
699 2895 823 2949 καθ’
861 2894 1059 2966 ἑαυτὴν
1094 2895 1191 2967 τὴν
1236 2894 1412 2967 ψυχὴν
1450 2894 1780 2967 τελειούσης.
1818 2897 1867 2948 εἰ

282 2989 364 3061 μὴ
394 2988 487 3043 καὶ
514 2988 583 3041 τὰ
631 2985 768 3057 ἔργα
806 2988 980 3059 παρῇ.
1038 2985 1107 3041 τὰ
1142 2985 1234 3039 τὸν
1279 2985 1470 3056 ἠθικὸν
1500 2986 1870 3058 κατορθοῦντα

282 3079 402 3151 βίον
422 3093 435 3108 ⁸
461 3076 584 3132 οὐτε
609 3078 710 3148 τῆς
739 3077 1052 3148 πρακτικῆς
1091 3077 1410 3148 φιλοσοφίας
1447 3078 1695 3150 αὐτάρκη
1730 3096 1871 3152 παρ-

280 3170 550 3242 εχομένης
602 3169 702 3240 τὴν
733 3168 1026 3238 ὠφέλειαν,
1057 3169 1132 3241 μὴ
1176 3169 1277 3240 τῆς
1304 3169 1563 3242 ἀληθινῆς
1590 3170 1870 3234 εὐσεϐείας

279 3261 396 3316 τῶν
415 3259 712 3332 γινομένων
769 3259 1207 3332 καθηγουμένης.
1268 3262 1333 3314 Εἰ
1379 3261 1558 3316 τοίνυν
1595 3262 1869 3331 ἀναγκαία

280 3354 397 3408 τῶν
418 3352 713 3424 ὀφθαλμῶν
740 3352 876 3425 πρὸς
908 3354 1007 3416 τὰς
1028 3353 1214 3426 χεῖράς
1232 3354 1378 3407 ἐστιν
1402 3356 1435 3425 ἡ
1463 3354 1712 3424 συζυγία,
1728 3354 1872 3425 τάχα

282 3443 677 3517 προσαγόμεθα
708 3444 797 3499 διὰ
844 3443 954 3498 τῶν
1003 3444 1329 3515 εἰρημένων,
1355 3445 1568 3517 πρῶτον
1615 3446 1713 3518 μὲν
1743 3448 1870 3511 τοὺς

284 3533 620 3607 ὀφθαλμοὺς,
651 3534 846 3599 οἵτινές
876 3536 1005 3602 εἰσι,
1038 3535 1396 3606 κατανοῆσαι
1420 3554 1435 3568 ο
1465 3535 1655 3589 ἔπειτα
1691 3535 1749 3588 δὲ
1777 3538 1871 3590 καὶ

282 3627 383 3681 τὸν
404 3628 530 3699 περὶ
557 3625 736 3681 αὐτῶν
761 3625 982 3682 ἔπαινον
1001 3628 1060 3680 ἐν
1080 3626 1283 3700 θεωρίᾳ
1304 3626 1487 3682 λαϐεῖν
1508 3644 1522 3657 ·
1550 3628 1640 3680 τὸν
1666 3626 1721 3681 δὲ
1742 3628 1871 3698 περί

282 3717 399 3773 τῶν
414 3717 610 3790 χειρῶν
638 3717 795 3786 λόγον
833 3716 913 3787 τῷ
938 3716 1053 3787 ἰδίῳ
1066 3736 1132 3775 τα
1139 3736 1259 3790 μιευ
1267 3718 1470 3793 σόμεθα
1481 3721 1651 3792 τόπῳ·
1670 3718 1872 3788 ὀφθαλ-

289 3812 411 3883 μῶν
443 3810 552 3881 γὰρ
612 3810 742 3865 ίδιον
781 3811 845 3863 ὲκ
878 3808 1093 3880 φύσεως
1138 3807 1298 3879 ἔργον
1354 3808 1472 3862 ἐστὶ
1492 3809 1553 3862 τὸ
1601 3812 1758 3882 ὁρᾷν·
1792 3810 1872 3865 διὸ

286 3904 433 3960 κατὰ
481 3905 580 3975 τὴν
628 3904 860 3974 τοπικὴν
917 3902 1065 3956 θέσιν
1105 3902 1325 3956 πάντων
1367 3901 1717 3974 ὑπέρκεινται
1764 3903 1873 3957 τῶν

288 3995 684 4067 αἰσθητηρίων,
717 3996 797 4058 εἰς
825 3994 1046 4066 ὁδηγίαν
1086 3992 1181 4047 τοῦ
1231 3995 1431 4060 παντὸς
1463 3995 1714 4067 σώματος
1740 4014 1874 4068 προ-

287 4088 612 4158 τεταγμένοι
655 4088 806 4158 παρὰ
850 4088 948 4158 τῆς
1020 4087 1254 4157 φύσεως.
1308 4088 1475 4141 Ὅταν
1499 4084 1591 4141 οῦν
1622 4089 1746 4152 τούς
1775 4089 1874 4158 τῆς

289 4173 554 4244 ἀληθείας
583 4173 1029 4245 καθηγουμένους
1055 4176 1207 4246 παρὰ
1227 4175 1326 4247 τῆς
1355 4176 1505 4240 θείας
1531 4177 1755 4249 Γραφῆς
1783 4177 1876 4231 οὐ·

287 4282 402 4328 τως
427 4264 855 4336 ὀνομαζομένους
897 4264 1240 4338 ἀκούσωμεν,
1268 4261 1342 4321 ὧν
1369 4268 1397 4321 ὁ
1431 4268 1529 4338 μέν
1553 4287 1637 4333 τις
1658 4269 1876 4339 ἐλέγετο

292 4357 565 4423 Βλέπων,
596 4357 782 4429 ἕτερος
798 4357 855 4411 δὲ
885 4361 920 4413 ὁ
960 4357 1142 4427 Ὁρῶν
1162 4377 1177 4391 ’
1205 4360 1363 4424 ἄλλος
1384 4360 1441 4414 δὲ
1464 4362 1701 4429 Σκοπὸς
1725 4364 1875 4436 παρὰ

289 4447 373 4520 τῷ
418 4446 537 4519 Θεῷ
590 4447 733 4501 οὐτω
775 4446 865 4502 διὰ
905 4448 1006 4519 τῆς
1060 4451 1400 4521 προφητείας
1455 4451 1871 4524 ὠνομασμένος·

1955 628 2248 684 cincinnos
2295 628 2714 696 existimamus,
2766 628 2861 699 qui
2914 642 3083 683 aureo
3131 627 3299 698 capiti
3350 626 3535 684 adhae-

1954 726 2139 774 rentes
2170 732 2282 773 non
2326 732 2518 789 parum
2558 718 2747 789 sponsi
2798 717 3264 788 pulchritudinem
3310 727 3534 791 augent,

1957 810 2025 866 ab
2052 824 2187 865 aura
2215 810 2442 881 spiritus
2472 809 2685 881 agitati.
2730 809 2909 881 Atque
2942 809 3110 864 iidem
3155 809 3304 866 illius
3337 811 3537 865 imma-

1955 903 2123 958 culati
2150 902 2346 973 capitis
2372 901 2801 973 pulcherrimum
2844 910 3053 958 sertum
3085 909 3238 967 sunt,
3271 911 3536 961 ornante:

1958 994 2091 1049 illud
2122 994 2327 1049 ambitu
2358 1010 2483 1051 suo.
2513 993 2727 1050 Etenim
2762 995 2951 1051 de'his
2977 995 3158 1049 locum
3208 995 3367 1049 illum
3409 1010 3539 1065 pro-

1957 1085 2153 1156 phetiae
2179 1086 2389 1156 accipio
2419 1104 2432 1140 :
2487 1084 2727 1140 Posuisti
2768 1087 2824 1140 in
2859 1095 3015 1155 caput
3045 1085 3162 1154 ejus
3194 1101 3445 1140 coronam
3471 1100 3539 1140 ea:

1956 1177 2135 1248 lapide
2168 1162 2400 1249 pretioso
2422 1179 2567 1231 ¹³-²⁸.
2593 1177 2671 1232 lla
2693 1186 2864 1249 utper
2879 1178 3298 1248 appellationem
3331 1187 3543 1243 utrams

1960 1286 2070 1341 que
2100 1272 2497 1342 intelligantur,
2532 1270 2737 1340 quippe
2783 1270 2877 1340 qui
2911 1269 3025 1325 sint
3058 1278 3113 1323 et
3152 1269 3397 1324 cincinni
3441 1270 3541 1325 de-

1958 1361 2099 1425 cori,
2130 1368 2185 1416 et
2231 1361 2414 1430 magni
2449 1359 2610 1430 pretii
2641 1359 2874 1429 lapides,
2906 1359 3212 1414 ornamenti
3245 1359 3449 1430 aliquid
3471 1373 3540 1415 ex

1959 1468 2020 1510 se
2047 1452 2214 1523 capiti
2245 1450 2613 1509 conferentes.

2029 1631 2186 1688 Nunc
2212 1631 2422 1687 ordinis
2470 1630 2611 1686 ratio
2649 1628 2892 1701 postulat
2955 1636 3014 1684 ut
3059 1628 3226 1685 etiam
3290 1627 3384 1682 illa
3420 1641 3545 1697 quae

1959 1723 2028 1781 de
2089 1724 2263 1778 oculis
2328 1723 2585 1778 dicuntur
2634 1720 3048 1776 consideremus
3116 1733 3288 1789 :qute
3322 1718 3543 1789 quidem

1961 1815 2074 1871 hzec
2098 1822 2254 1871 sunt:
2279 1813 2431 1870 Oculi
2462 1814 2575 1882 ejus
2598 1814 2733 1867 sicut
2757 1811 3033 1873 columbae.
3067 1810 3136 1864 ad
3168 1826 3429 1880 aquarum
3454 1825 3547 1864 co-

1958 1907 2097 1977 pias,
2134 1906 2256 1960 lotae
2285 1906 2338 1959 in
2366 1905 2525 1968 lacte,
2553 1903 2789 1958 sedentes
2812 1918 2970 1972 super
2989 1901 3342 1972 plenitudine:
3372 1917 3545 1972 aqua-

1959 2015 2099 2053 rum.
2124 1997 2329 2054 [lorum
2369 2004 2549 2051 autem
2573 1996 2863 2052 verborum
2895 1995 3165 2051 sententia
3189 1994 3546 2065 perceptione

1959 2092 2179 2162 quidem
2219 2098 2407 2146 nostra
2442 2092 2732 2146 sublimior
2785 2098 2907 2158 est;
2950 2088 3182 2145 inferius
3228 2088 3375 2143 enim
3421 2100 3547 2143 esse

1965 2184 2081 2254 ipsa
2114 2184 2343 2239 veritate
2374 2180 3019 2253 arbitramur,quidquid
3043 2180 3111 2236 de
3150 2178 3231 2235 eis
3262 2178 3545 2249 cogitave-

1962 2275 2287 2341 rimus;sed
2313 2282 2494 2331 tamen
2548 2275 2795 2331 studiose
2846 2259 2994 2328 illam
3039 2270 3544 2332 considerantibus.

1963 2363 2274 2434 huiusmodi
2302 2364 2547 2434 quaedam
2577 2379 2703 2419 esse
2728 2362 2973 2418 videtur:
2998 2361 3087 2414 Ait
3114 2360 3315 2415 alicubi
3341 2359 3458 2416 suis
3479 2358 3537 2414 in

1967 2446 2379 2511 commentariis
2456 2455 2675 2510 divinus
2727 2455 2816 2510 ille
2869 2452 3189 2522 Apostolus,
3223 2466 3332 2506 non
3381 2464 3546 2522 posse

1965 2541 2182 2595 oculum
2217 2542 2622 2607 manuidicere,
2658 2540 2779 2596 Non
2813 2540 2943 2594 mihi
2967 2549 3016 2594 te
3037 2556 3166 2610 opus
3188 2549 3265 2595 est
3296 2540 3341 2571 "
3383 2553 3400 2589 :
3428 2540 3551 2610 qui-

1964 2630 2068 2687 bus
2100 2632 2282 2687 verbis
2309 2631 2506 2687 docere
2534 2632 2672 2694 vult,
2716 2631 2916 2687 debere
2957 2646 3159 2700 corpus
3196 2629 3455 2686 Ecclesiae
3479 2629 3550 2684 ab

1968 2733 2201 2795 utroque
2249 2732 2394 2780 recte
2423 2731 2798 2793 comparatum
2839 2738 2981 2785 esse,
3015 2732 3121 2777 tam
3178 2721 3551 2793 perspiciendi

1969 2817 2216 2880 veritate,
2244 2830 2407 2885 quam
2435 2815 2629 2885 agendi
2662 2814 2715 2869 vi
2747 2814 2889 2868 inter
2923 2828 2983 2868 se
3008 2813 3166 2883 quasi
3195 2819 3500 2882 temperata
3527 2828 3543 2866 :

1969 2909 2169 2979 quippe
2230 2906 2375 2977 quod
2418 2921 2597 2975 neque
2648 2904 3042 2974 contemplatio
3091 2919 3190 2975 per
3218 2918 3280 2959 se
3304 2904 3549 2958 animam

1970 2998 2235 3070 perﬁciat,
2262 2996 2366 3052 nisi
2417 2995 2599 3052 adsint
2628 3004 2682 3051 et
2720 3010 2887 3066 opera
2920 2996 3088 3051 vitam
3134 2995 3408 3065 egregiam
3451 2995 3554 3049 ab—

1971 3090 2276 3156 solventia;
2317 3103 2490 3158 neque
2544 3087 2887 3157 philosophia
2945 3096 3214 3156 occupata
3257 3086 3310 3140 in
3341 3087 3557 3158 agendo

1973 3181 2108 3234 satis
2155 3179 2228 3233 sit
2278 3177 2448 3243 utilis,
2503 3177 2607 3232 nisi
2642 3193 2770 3232 vera
2805 3177 2980 3247 pietas
3007 3192 3195 3233 eorum
3233 3193 3355 3247 quae
3406 3179 3543 3232 llunt

1972 3270 2081 3324 dux
2110 3271 2200 3325 sit.
2229 3270 2409 3335 Quare
2440 3267 2486 3323 si
2541 3269 2853 3323 necessaria
2893 3276 2976 3322 est
3022 3268 3138 3323 haec
3167 3268 3453 3324 oculorum
3499 3275 3557 3323 et

1971 3377 2232 3417 manuum
2261 3360 2599 3432 coniunctio,
2649 3358 2883 3416 fortasse
2899 3360 3010 3431 jam
3039 3360 3267 3431 prapius
3311 3376 3407 3431 per
3438 3360 3558 3414 haec

1972 3454 2091 3524 ipsa
2145 3452 2297 3506 Pauli
2331 3452 2494 3506 verba
2547 3450 2872 3505 adducimur
2931 3450 3000 3504 ad
3066 3451 3555 3516 considerandum,

1970 3545 2149 3615 primo
2166 3526 2388 3614 quinam
2424 3541 2529 3597 sint
2556 3543 2724 3603 oculi,
2757 3541 2954 3597 deinde
2982 3541 3048 3596 ad
3080 3541 3560 3612 comprehenden-

1972 3634 2096 3690 dam
2122 3634 2290 3688 animi
2314 3632 2775 3703 contemplatione
2799 3631 3013 3686 laudem
3045 3631 3264 3686 horum.
3288 3631 3445 3698 Quod
3465 3646 3562 3687 au-

1973 3735 2082 3782 tem
2135 3727 2201 3782 de
2246 3725 2501 3780 manibus
2547 3723 2769 3785 dicitur,
2814 3737 2915 3777 suo
2963 3723 3085 3777 loco
3132 3722 3557 3780 reservabimus.

1973 3819 2267 3875 Oculorum
2296 3833 2327 3871 a
2357 3824 2552 3871 natura
2577 3817 2856 3886 preprium
2915 3829 3115 3869 munus
3169 3820 3256 3869 est
3310 3828 3557 3886 cernere.

1971 3890 2270 3979 Fropterea
2310 3908 2421 3963 loci
2475 3909 2638 3963 etiam
2675 3907 2782 3961 situ
2808 3920 2973 3976 supra
3015 3920 3279 3961 sensuum
3312 3905 3560 3975 reliquo-

1972 4015 2095 4055 rum
2146 4013 2351 4069 organa
2382 3997 2635 4053 collocati
2668 4004 2816 4059 sunt,
2854 3997 2921 4050 ad
2973 3995 3305 4051 dtu-tandum
3339 3997 3562 4051 univer-

1978 4093 2099 4149 sum
2156 4108 2357 4163 corpus
2410 4107 2438 4145 a
2470 4101 2673 4146 natura
2726 4089 2984 4145 ordinati.
3038 4089 3221 4157 Quare
3254 4105 3378 4145 cum
3409 4090 3557 4154 illos,

1979 4185 2071 4257 qui
2107 4185 2172 4240 ad
2199 4186 2481 4240 veritatem
2512 4183 2681 4238 duces
2715 4192 2861 4248 sunt,
2895 4182 3155 4252 appellari
3189 4196 3218 4235 a
3243 4183 3416 4239 sacris
3441 4181 3560 4237 Lit-

1978 4277 2112 4333 teris
2147 4277 2400 4332 audimus
2432 4275 2527 4339 ita,
2554 4283 2613 4328 ιιι
2644 4275 2786 4329 alius
2848 4274 3063 4330 dicatur
3122 4272 3342 4338 Videns,
3393 4274 3558 4341 alius,

1976 4366 2204 4423 Cernens
2236 4366 2300 4436 η,
2348 4366 2487 4420 alius
2533 4364 2847 4436 Speculator
2877 4364 2918 4396 ⁸⁷
2955 4379 2985 4418 a
3013 4364 3122 4422 Deo
3143 4365 3554 4436 PrOphetarum

1977 4461 2033 4515 in
2091 4458 2248 4514 libris
2308 4464 2568 4523 vocetur,
2622 4457 2971 4512 adducimur‘
3007 4471 3095 4521 eo,
3138 4463 3197 4509 ut
3226 4463 3562 4534 statuamus

291 4538 601 4611 ὲναγόμεθα
628 4540 715 4594 διὰ
752 4540 977 4607 τούτων,
1027 4542 1153 4605 τούς
1200 4543 1401 4612 ὲφορᾷν
1435 4543 1869 4600 καὶ,ὲπι6λέπειν

1980 4549 2103 4602 illos
2133 4547 2227 4617 qui
2258 4547 2324 4600 ad
2371 4545 2729 4612 cernendum,
2757 4555 2804 4599 et
2831 4543 3254 4615 inspiciendum,
3281 4554 3337 4600 et
3366 4561 3563 4616 specu-

292 4632 390 4686 καὶ
414 4633 729 4686 ἐπισκοπεῖν
759 4631 1144 4703 τεταγμένους,
1174 4633 1485 4704 ὀφθαλμοὺς
1530 4635 1762 4691 ἐνταῦθα
1786 4653 1873 4689 νο-

297 4722 477 4794 μίζειν
526 4723 1010 4796 κατονομάζεσθαι.
1077 4722 1151 4778 Td
1192 4724 1248 4778 δὲ
1285 4727 1412 4795 περὶ
1452 4726 1647 4790 αὐτοὺς
1691 4727 1876 4799 θαῦμα

1980 4638 2203 4693 landum
2235 4637 2471 4692 ordinati
2508 4645 2657 4702 sunt,
2692 4637 2883 4692 oculos
2915 4636 3005 4691 hic
3040 4636 3322 4707 appellari.
3358 4636 3563 4693 Eorum

1982 4741 2113 4783 vero
2173 4726 2492 4782 admiranda
2542 4727 2858 4797 praestantia
2937 4741 3037 4798 per
3095 4730 3562 4798 comparationem

294 4815 422 4871 καθ’
455 4817 747 4889 ὁμοιότητά
797 4835 917 4871 τινα
963 4818 1320 4903 συγκριτικήν
1353 4819 1598 4887 γίνεσθαι
1626 4820 1869 4876 διδασκό-

1981 4819 2273 4890 quamdam
2308 4819 2637 4885 declaratur,
2672 4820 2998 4891 depingente
3052 4819 3217 4890 hujus
3258 4823 3566 4891 adiectione

297 4904 461 4978 μεθα,
496 4907 593 4978 τῆς
641 4908 779 4980 πρὸς
822 4909 883 4961 τὸ
917 4911 1161 4979 κρεῖττον
1206 4908 1560 4979 παραθέσεως
1598 4912 1659 4964 τὸ
1681 4913 1876 4977 κάλλος

293 4996 477 5053 αὐτῶν
504 4998 949 5071 ὐπογραφούσης.
980 4999 1117 5071 Φησί
1143 5000 1252 5072 γάρ
1275 5018 1287 5031 ·
1320 5002 1402 5055 ὅτι
1443 5002 1763 5074 Ὀφθαλμοί
1795 5005 1875 5071 ὡς

294 5091 680 5159 περιστεραί.
734 5092 915 5156 Καλὸς
956 5091 1064 5163 γὰρ
1090 5091 1165 5155 ὡς
1207 5074 1421 5163 ἀληθῶς
1465 5093 1576 5149 τῶν
1622 5094 1877 5151 τοιούτων

292 5183 561 5255 ὀμμάτων
594 5182 813 5246 ἔπαινος
838 5185 872 5255 ἡ
902 5183 1127 5251 ἀκακία,
1151 5184 1216 5256 ἣν
1236 5184 1592 5257 κατορθοῦσιν
1608 5188 1657 5238 οἰ
1680 5186 1878 5258 μηκέτι

292 5271 378 5343 τῷ
407 5272 675 5344 σαρκώδει
728 5273 828 5344 βίῳ
888 5272 1261 5345 μολυνόμενοι,
1298 5272 1436 5329 ἀλλὰ
1474 5273 1674 5340 ζῶντές
1697 5292 1758 5329 τε
1785 5278 1880 5331 καὶ

295 5364 638 5433 στοιχοῦντες
659 5364 738 5437 τῷ
777 5364 1069 5437 πνεύματι.
1123 5367 1182 5419 '0
1227 5366 1336 5439 γὰρ
1380 5368 1745 5438 πνευματικὸς
1784 5369 1879 5423 καὶ

292 5454 461 5519 ἄῦλος
490 5454 604 5526 βίος
631 5455 708 5526 τῷ
738 5456 837 5520 τῆς
865 5457 1195 5527 περιστερᾶς
1223 5455 1354 5511 εῖδει
1397 5457 1883 5531 χαρακτηρίζεται,

290 5542 488 5615 ἐπειδὴ
516 5545 609 5597 καὶ
628 5543 758 5598 αὐτὸ
780 5544 841 5598 τὺ
862 5543 1083 5616 Πνεῦμα
1106 5543 1166 5598 τὸ
1194 5544 1348 5613 ἆγιον
1365 5544 1537 5609 οὕτως
1552 5545 1705 5616 ὤφθη
1735 5546 1885 5617 παρὰ

287 5631 395 5693 τοῦ
436 5633 682 5690 Ἰωάννου
706 5636 771 5690 ὲκ
801 5635 909 5689 τῶν
929 5634 1174 5706 οὐρανῶν
1193 5636 1287 5690 ἐπὶ
1306 5635 1366 5689 τὸ
1394 5635 1538 5708 ὕδωρ
1567 5637 1881 5709 ἰπτάμενον.

1981 4910 2441 4982 pulchritudinem
2473 4912 2710 4966 illorum.
2742 4911 2832 4965 Ait
2854 4912 2998 4967 enim
3029 4931 3042 4968 :
3104 4912 3261 4967 Oculi
3280 4914 3399 4986 ejus
3429 4914 3563 4967 sicut

1983 4999 2257 5055 columbae.
2307 5000 2574 5058 Praeclara
2629 5002 2891 5058 nimirum
2926 5003 2984 5058 in
3033 5002 3347 5074 huiusmodi
3391 5005 3567 5060 oculis
3645 5026 3656 5039 -

1982 5090 2103 5145 laus
2136 5101 2238 5154 est,
2273 5105 2468 5162 expers
2501 5092 2723 5147 malitiae
2782 5092 3132 5163 simplicitas,
3182 5107 3304 5163 quae
3332 5093 3386 5148 in
3440 5093 3566 5150 illos

1983 5180 2150 5245 cadit,
2181 5182 2274 5251 qui
2320 5183 2561 5237 nondum
2591 5198 2623 5237 a
2659 5183 2766 5238 vita
2817 5183 3024 5238 carnali
3049 5183 3243 5253 polluti
3273 5191 3425 5250 sunt,
3469 5185 3565 5241 sed

1981 5274 2173 5328 vivunt
2208 5283 2263 5329 et
2295 5275 2575 5330 ambulant
2622 5275 2839 5346 spiritu.
2902 5275 3114 5332 Etenim
3167 5276 3477 5346 spiritualis
3509 5289 3564 5335 et

1984 5365 2246 5421 immunis
2275 5380 2305 5420 a
2333 5366 2500 5423 rebus
2522 5368 2726 5423 crassis
2751 5368 2860 5423 vita
2895 5384 2993 5439 per
3021 5369 3291 5426 columba:
3322 5371 3565 5440 speciem

1986 5457 2311 5527 exprimitur
2338 5476 2351 5513 :
2385 5473 2508 5514 cum
2538 5469 2763 5516 sanctus
2791 5460 2955 5516 etiam
2982 5459 3223 5529 Spiritus
3248 5462 3350 5517 hac
3384 5465 3569 5533 specie

1985 5557 2315 5619 conspectus
2341 5549 2409 5604 ab
2433 5547 2642 5606 Joanne
2682 5550 2753 5604 sit
2781 5549 2849 5606 de
2875 5551 3032 5606 cmlis
3055 5568 3221 5623 super
3250 5568 3448 5624 aquam
3478 5569 3570 5608 vo-

1986 5639 2120 5697 lare.
2155 5640 2338 5708 Quare
2370 5642 2522 5697 illum
2568 5644 2661 5714 qui
2698 5651 2758 5698 ut
2790 5643 3045 5701 Ecclesiae
3076 5646 3292 5717 corpori
3322 5646 3392 5702 sit
3418 5646 3566 5702 oculi

376 5806 503 5848 ιί-ιδ
530 5807 675 5864 Psal.
717 5824 811 5880 xx,
838 5808 891 5864 4.
969 5809 1055 5865 "l
1095 5809 1221 5867 Cor.
1261 5827 1361 5881 xu,
1388 5811 1473 5871 21.
1552 5813 1596 5846 ¹⁶
1629 5811 1646 5866 Ι
1678 5812 1811 5887 Βθεο
1838 5829 1869 5869 ιτ

1970 5816 2042 5874 ll.
2122 5819 2164 5853 ¹⁷
2192 5820 2390 5878 Ezech.
2438 5837 2519 5889 ιιι,
2548 5822 2637 5877 I7.
