4018 6374
524 423 551 480 ’ί
562 420 670 479 059

1775 425 1833 483 S.
1872 424 2200 520 GREG.ORII
2246 427 2534 485 NYSSENI

3692 432 3817 488 106d

513 541 660 604 loco,
692 537 963 596 divinitus
1012 539 1302 599 ordinatus
1324 548 1432 612 est,
1481 542 1530 600 si
1561 544 1784 617 quidem
1810 561 1948 617 pure
1981 562 2106 617 spe-

2211 550 2421 605 Οὐκοῢν
2443 549 2534 603 τὸν
2554 548 2674 604 ἀντὶ
2693 547 2988 621 ὀφθαλμῶν
3011 548 3089 620 τῷ
3109 549 3326 622 σώματι
3347 549 3457 623 τῆς
3488 548 3816 618 Ἐκκλησίας

515 630 783 687 culatoris
812 640 868 687 et
900 630 1232 703 inspectoris
1257 649 1483 692 munere
1516 635 1668 708 fungi
1698 639 1848 704 velit,
1875 652 2094 694 omnem

517 723 834 780 vitiositatis
864 724 1246 794 lippitudinem
1272 727 1494 785 abluere
1534 743 1675 800 aqua
1704 730 1980 785 convenit.
2040 728 2108 783 Et

517 831 658 887 aqua
686 831 799 870 non
866 831 977 871 una
1005 826 1110 882 est,
1165 833 1273 889 qua
1322 821 1471 875 oeuli
1513 822 1882 893 abstergendo
1907 838 2107 893 repur-

517 917 733 980 gantur,
762 908 861 963 sed
905 910 1221 978 complures
1256 912 1347 967 hic
1383 927 1507 969 esse
1535 913 1799 968 dicuntur
1835 915 2106 984 ejusmodi

518 1017 788 1072 aquarum
817 1003 1012 1071 copiae.
1048 1001 1184 1056 Nam
1227 1012 1363 1074 quot
1407 1005 1638 1060 virtutes
1664 1012 1815 1072 sunt,
1852 1014 1931 1060 tot
1984 1020 2108 1062 esse

518 1093 838 1165 bujusmodi
890 1095 1200 1153 lustralium
1243 1112 1510 1167 aquarum
1562 1097 1744 1154 fontes
1775 1099 2106 1154 existiman-

523 1186 654 1241 dum
693 1196 803 1250 est,
840 1202 938 1258 per
980 1203 1120 1259 quos
1149 1190 1291 1245 oculi
1340 1204 1556 1261 semper
1601 1191 1799 1261 seipsis
1854 1192 2107 1261 puriores

517 1278 674 1332 ﬁunt.
747 1277 912 1335 Verbi
970 1281 1183 1349 gratia,
1239 1284 1596 1353 temperantia
1655 1284 1896 1339 lustralis
1951 1299 2109 1354 aquae

510 1367 642 1425 fons
671 1370 894 1439 quidam
926 1379 1010 1426 est
1043 1386 1058 1425 :
1093 1372 1236 1428 alius
1289 1373 1591 1438 humilitas,
1614 1376 1841 1442 veritas,
1868 1376 2106 1444 justitia,

517 1458 815 1521 fortitudo;
858 1458 987 1516 boni
1045 1462 1341 1531 cupiditas,
1397 1464 1524 1518 mali
1564 1468 1862 1521 aversatio.
1916 1465 2008 1521 Ha:
2054 1474 2108 1521 et

517 1551 636 1606 aliae
666 1566 841 1619 aquae,
887 1552 953 1607 de
992 1568 1104 1606 uno
1147 1555 1365 1624 quidem
1415 1556 1520 1610 illa:
1548 1555 1721 1621 fonte,
1748 1557 1843 1613 sed
1872 1559 2107 1614 diversis

521 1642 684 1712 quasi
719 1642 941 1698 liuentis
977 1644 1032 1697 in
1065 1659 1233 1699 unum
1273 1648 1520 1703 collectis
1550 1649 1800 1719 quadam
1828 1657 1959 1705 sunt
2008 1666 2105 1706 co-

521 1734 678 1803 piosa
722 1733 1024 1804 plenitudo,
1076 1751 1171 1805 per
1225 1752 1347 1807 qua
1411 1740 1554 1794 oculi
1596 1740 1665 1794 ab
1720 1742 1870 1795 omni
1910 1741 2107 1798 vitiosa

517 1823 838 1895 lippitudine
896 1837 1281 1898 repurgantur.
1314 1829 1652 1901 Quanquam
1685 1848 1813 1888 vero
1843 1835 1912 1889 ad
1942 1850 2110 1907 aqua-

2211 642 2318 696 ὑπὸ
2339 640 2434 696 τοῦ
2465 639 2603 695 Θεοῦ
2634 641 2988 712 τεταγμένον,
3016 639 3073 694 εἴ
3097 640 3253 712 μέλει
3292 641 3569 713 καθαρῶς
3602 643 3816 696 ἐπισκο-

2210 731 2331 785 πεῖν
2354 745 2414 783 τε
2444 729 2539 783 καὶ
2570 729 2905 794 ἐπιϐλέπειν,
2958 731 3138 784 πᾶσαν
3160 730 3259 801 τὴν
3292 732 3359 785 ὲκ
3392 731 3616 797 κακίας
3642 731 3818 803 λήμην

2209 822 2621 877 ἀποκλύσασθαι
2670 824 2940 896 προσήκει
2977 823 3056 894 τῷ
3099 822 3274 878 ὕδατι.
3313 825 3481 878 Ἐστι
3534 825 3599 878 δὲ
3645 825 3817 896 οὖχὲν

2211 911 2356 987 ὕδωρ
2386 915 2632 969 νιπτικὸν
2662 915 2770 970 τῶν
2803 916 3086 987 ὀμμάτων,
3122 916 3257 970 άλλὰ
3278 917 3459 972 πολλὰ
3486 918 3612 971 τῶν
3649 920 3818 972 τοιού-

2208 1023 2319 1060 των
2366 1006 2575 1061 ὑδάτων
2607 1001 2742 1060 εἷναί
2788 1024 2920 1078 φησι
2967 1005 3036 1060 τὰ
3086 1006 3453 1079 πληρώματα.
3493 1008 3675 1061 Ὅσαι
3719 1009 3818 1077 γάρ

2211 1100 2346 1153 εἰσιν
2375 1097 2588 1169 ἀρεταὶ,
2618 1095 2883 1160 τοσαύτας
2923 1096 3029 1168 χρὴ
3068 1095 3167 1161 τὰς
3195 1096 3305 1149 τῶν
3332 1096 3675 1166 καθαρσίων
3698 1096 3817 1150 ὑδά-

2208 1208 2317 1244 των
2350 1190 2599 1261 ἐννοῆσαι
2639 1173 2841 1261 πηγάς,
2873 1189 2942 1242 δι’
2965 1181 3040 1243 ὧν
3064 1189 3113 1242 οἱ
3148 1187 3418 1259 ὀφθαλμοὶ
3446 1188 3717 1256 γίνονται
3740 1189 3819 1241 ἀεὶ

2210 1283 2417 1336 ἑαυτῶν
2436 1281 2844 1353 καθαρώτεροι·
2867 1276 2978 1335 οἷον
3000 1281 3151 1352 πηγὴ
3166 1280 3259 1335 τοῦ
3282 1280 3603 1352 καθαρσίου
3632 1280 3819 1344 ὕδατός

2209 1374 2356 1426 ἐστιν
2411 1374 2445 1443 ή
2510 1370 2829 1442 σωφροσύνη
2851 1388 2864 1401 ·
2889 1369 3025 1441 άλλη
3053 1370 3203 1441 πηγὴ
3228 1370 3455 1440 τοιαύτη
3497 1372 3535 1442 ἡ
3560 1386 3820 1424 ταπεινο-

2210 1463 2476 1536 φροσύνη,
2509 1465 2541 1535 ἠ
2568 1463 2923 1534 άλήθεια,καὶ
2950 1465 2983 1533 ἡ
3006 1462 3340 1534 δικαιοσύνη,
3366 1463 3465 1516 καὶ
3498 1466 3536 1534 ἡ
3568 1462 3814 1533 ἀνδρεία,

2210 1557 2358 1627 καὶὴ
2386 1556 2481 1609 τοῦ
2515 1554 2720 1623 ἀγαθοῦ
2768 1554 3052 1625 ἐπιθυμία,
3084 1555 3178 1608 καὶ
3219 1555 3253 1624 ἡ
3277 1554 3371 1607 τοῦ
3418 1553 3611 1607 κακοῦ
3666 1554 3817 1608 ἁλλο-

2204 1647 2450 1717 τρίωσις.
2496 1646 2680 1700 Ταῦτα
2716 1648 2809 1700 καὶ
2841 1645 2910 1700 τὰ
2938 1645 3159 1700 τοιαῦτα
3196 1645 3366 1699 ὕδατά
3393 1646 3553 1699 ἔστιν
3587 1647 3661 1699 ἐκ
3695 1648 3815 1715 μιᾶς

2212 1740 2312 1810 μὲν
2351 1740 2558 1811 πηγῆς,
2587 1739 2857 1812 διαφόρων
2884 1740 2941 1793 δὲ
2984 1738 3213 1811 ῥείθρων
3245 1739 3323 1803 εἰς
3351 1737 3411 1793 ἒν
3432 1738 3811 1809 ἀθροιζόμενα

2210 1832 2507 1903 πλήρωμα,
2564 1831 2631 1886 δι’
2677 1824 2752 1886 ὧν
2808 1833 2989 1902 πάσης
3018 1833 3081 1886 ἐκ
3137 1830 3338 1894 πάθους
3376 1831 3568 1901 λήμης
3605 1830 3810 1898 γίνεται

518 1931 640 1971 rum
663 1917 852 1987 copias
906 1927 1037 1973 sunt
1082 1919 1163 1973 illi
1214 1922 1383 1989 oculi,
1415 1900 1519 1993 qui
1546 1924 1617 1979 ob
1643 1900 2011 1997 integritatem
2040 1942 2106 1983 ac

2211 1900 2338 1987 τοῖᾷ
2363 1900 2663 1994 ὀφθαλμοῖς
2691 1921 2759 1977 τὰ
2796 1900 3092 1995 καθάρσια.
3131 1921 3268 1974 Ἀλλ’
3314 1900 3583 1992 actus.
3623 1920 3723 1974 ἐπὶ
3748 1919 3811 1972 τι

518 2007 924 2079 simplicitatem
960 2010 1232 2069 columbis
1280 2023 1706 2084 comparantur;
1742 2017 2102 2075 nihilominus

518 2101 800 2157 lavacrum
839 2117 1029 2158 eorum
1067 2104 1150 2160 lac
1183 2122 1308 2163 esse
1333 2107 1561 2175 dicitur,
1653 2109 1835 2167 verbis
1913 2111 2102 2170 hisce:

515 2192 727 2247 Ablutw
759 2194 914 2250 lacte.
978 2196 1330 2256 Conveniens
1386 2212 1565 2257 autem
1621 2202 1744 2260 laus
1788 2203 2106 2275 bujusmodi

523 2285 702 2340 oculis
738 2286 1024 2356 tribuitur,
1058 2303 1184 2345 cum
1231 2291 1375 2348 lacte
1433 2293 1688 2349 columba
1748 2296 1874 2352 talis
1932 2297 2103 2373 ablui,

514 2386 860 2449 venustaque
897 2381 1047 2436 reddi
1081 2392 1565 2440 commemoratur.
1592 2384 1727 2440 Nam
1759 2402 1886 2443 vere
1914 2389 2019 2444 hoc
2048 2390 2104 2444 in

517 2469 663 2526 lacte
682 2472 1033 2528 observatum
1065 2483 1149 2531 est
1168 2516 1184 2542 ,
1216 2477 1396 2531 solum
1426 2477 1569 2533 inter
1616 2479 1839 2534 humida
1863 2481 2108 2552 proprie-

515 2572 683 2620 tatem
715 2564 857 2621 hanc
904 2566 1125 2633 habere,
1162 2568 1307 2637 quod
1347 2568 1402 2623 in
1432 2584 1499 2625 co
1523 2571 1728 2627 nullius
1752 2572 1830 2627 rei
1878 2573 2104 2628 simula-

516 2670 671 2712 crum
694 2671 759 2711 ac
787 2657 1092 2713 similitudo
1119 2661 1512 2729 conspiciatur.
1543 2661 1750 2717 Etenim
1803 2678 1892 2721 res
1915 2680 2105 2721 omnes

515 2763 637 2819 quae
660 2749 896 2806 humidae
937 2754 1148 2806 naturae
1177 2760 1328 2817 sunt,
1369 2754 1437 2808 ad
1466 2754 1882 2811 similitudinem
1914 2773 2107 2829 specu-

513 2842 717 2907 lorum,
750 2844 821 2898 ob
856 2843 1166 2899 laevitatem
1222 2846 1554 2916 superﬁciei,
1608 2848 1817 2903 faciunt
1851 2858 1908 2903 ut
1937 2848 2108 2921 inspi-

514 2934 779 2988 cientium
798 2935 959 2990 ineas
978 2936 1219 2992 vicissim
1264 2953 1328 2992 ex
1352 2938 1488 3011 ipsis
1512 2940 1780 3011 imagines
1802 2942 2103 2997 reluceant.

516 3024 577 3081 In
606 3024 727 3080 solo
784 3034 969 3079 autem
1023 3024 1166 3081 lacte
1213 3025 1533 3098 bujusmodi
1562 3031 1984 3088 simulacrorum
2011 3050 2108 3091 ex-

514 3114 730 3185 pressio
764 3114 949 3170 locum
985 3131 1094 3172 non
1123 3117 1304 3173 habet.
1335 3118 1455 3185 Quo
1488 3121 1545 3174 lit
1591 3129 1650 3175 ut
1681 3122 1795 3178 haec
1821 3126 2106 3181 oculorum

2208 2013 2551 2087 πληρώματα
2571 2012 2680 2069 τῶν
2702 2012 2911 2067 ὑδάτων
2954 2014 3004 2066 οἱ
3033 2010 3320 2082 ὀφθαλμοὶ,
3349 2013 3398 2063 οἱ
3425 2010 3521 2064 διά
3555 2011 3666 2081 τῆς
3687 2012 3808 2065 ἀκε-

2211 2106 2491 2181 ραιότητος
2519 2105 2613 2161 καὶ
2639 2104 2875 2168 άκακίας
2900 2105 3021 2169 ταῖς
3052 2104 3398 2174 περιστεραῖς
3420 2100 3803 2172 ὡμοιωμένον

2208 2203 2433 2274 λουτρὸν
2456 2201 2512 2255 δὲ
2540 2201 2724 2264 αὐτοῖς
2751 2198 2813 2253 τὸ
2837 2199 2979 2269 γάλα
3007 2201 3189 2271 φησιν,
3230 2197 3402 2261 οὕτως
3422 2197 3688 2261 εἰπόντος
3715 2197 3801 2249 τοῦ

2207 2295 2370 2365 λόγου
2391 2313 2404 2326 ·
2430 2297 2512 2349 ὃτι
2544 2293 2913 2363 Λελουμέναι
2940 2292 3011 2346 ἐν
3035 2290 3305 2361 γάλακτι.
3337 2289 3581 2361 Πρὲπων
3611 2288 3675 2342 δὲ
3701 2293 3803 2351 τοῖς

2207 2389 2469 2452 τοιούτοις
2494 2388 2736 2459 ὄμμασιν
2751 2386 2974 2448 ἔπαινος
2996 2386 3057 2438 τὸ
3076 2383 3154 2455 τῷ
3175 2382 3403 2453 γάλακτι
3416 2383 3523 2453 τὴν
3543 2382 3802 2449 τοιαύτην

2209 2481 2538 2554 περιστεράν
2587 2478 2901 2550 λουομένην
2938 2474 3345 2548 ὲνωραῒζεσθαι.
3414 2473 3660 2546 ’Λληθὴς
3700 2475 3801 2544 γάρ

2209 2576 2356 2629 ἐστιν
2377 2577 2412 2646 ἡ
2441 2573 2537 2627 τοῦ
2566 2572 2836 2643 γάλακτος
2867 2569 3267 2642 παρατήρησις,
3321 2567 3403 2620 ὅτι
3443 2568 3617 2637 μόνον
3650 2565 3801 2619 τοῦτο

2209 2666 2464 2737 τοιαύτην
2497 2664 2609 2734 ἔχει
2635 2662 2732 2734 τὴν
2774 2662 3033 2732 ἰδιότητα,
3058 2660 3119 2714 τὸ
3148 2659 3222 2731 μὴ
3256 2656 3627 2728 ἐμφαίνεσθαι
3657 2657 3802 2727 αὐτῷ

2209 2758 2429 2813 εἴδωλόν
2450 2773 2592 2820 τινος
2618 2756 2711 2809 καὶ
2735 2754 3009 2825 ὁμοίωμα.
3039 2751 3228 2805 Πάντα
3247 2748 3355 2819 γὰρ
3380 2748 3480 2801 ὅσα
3501 2748 3606 2818 τῆς
3630 2748 3800 2818 ὑγρᾶς

2208 2850 2326 2902 ἐστι
2361 2846 2599 2918 φύσεως,
2630 2844 2754 2898 καθ’
2776 2843 3070 2915 ὁμοιότητα
3101 2841 3210 2895 τῶν
3240 2839 3564 2909 κατόπτρων
3597 2838 3695 2891 διὰ
3712 2838 3798 2890 τσῦ

2208 2938 2353 2991 λείου
2397 2937 2498 3008 τῆς
2552 2932 2872 3004 ἐπιφανείας
2903 2931 3013 2987 τῶν
3052 2933 3111 2994 ἐς
3141 2929 3280 2983 αὐτὰ
3309 2927 3620 2999 βλεπόντων
3654 2930 3797 2983 ἀντι-

2210 3027 2495 3099 φαίνεσθαι
2518 3022 2926 3096 παρασκευάζει
2948 3022 3018 3076 τά
3059 3020 3398 3093 ὁμοιώματα.
3438 3020 3530 3072 Ἐν
3563 3020 3717 3090 μόνῳ
3744 3019 3796 3072 δὲ

2208 3122 2287 3194 τῷ
2324 3120 2556 3190 γάλακτι
2586 3119 2621 3189 ἡ
2662 3114 2886 3189 τοιαύτη
2944 3113 3285 3168 εἰδωλοπιῖα
3329 3109 3515 3183 χώραν
3542 3112 3649 3164 οὐκ
3668 3110 3794 3181 ἔχει.

515 3204 776 3261 Ecclesiae
795 3206 867 3260 sit
913 3206 1033 3262 laus
1094 3207 1512 3277 perfectissima,
1566 3211 1713 3281 quod
1766 3214 1904 3271 nihil
1959 3216 2106 3287 quod

2215 3208 2291 3268 Οὗ
2329 3212 2509 3284 χάριν,
2572 3206 2813 3270 τοιοῦτος
2846 3206 2953 3260 τῶν
3003 3204 3104 3275 τῆς
3152 3201 3475 3271 Ἐκκλησξας
3504 3200 3796 3272 ὀφθαλμῶν

516 3313 627 3352 non
659 3296 927 3352 subsistat
960 3298 1017 3351 in
1046 3314 1231 3371 rerum
1265 3306 1483 3366 natura,
1518 3303 1657 3357 nihil
1682 3320 1992 3375 erroneum,
2026 3308 2111 3363 ni-

515 3388 595 3443 hil
618 3403 817 3443 vanum
842 3397 1039 3459 praeter
1064 3391 1238 3461 ipsam
1271 3407 1457 3448 rerum
1484 3395 1794 3464 veritatem,
1817 3399 1967 3453 velut
1992 3415 2114 3454 um-

515 3481 699 3535 bratili
745 3481 984 3551 quodam
1026 3482 1332 3540 simulacro
1385 3484 1766 3544 fraudulenter
1806 3506 2113 3562 repraesen-

515 3583 680 3630 tcnt:
724 3575 819 3631 sed
855 3576 1193 3647 ipsissimam
1236 3579 1519 3637 veritatem
1577 3581 1915 3650 intueantur,
1956 3600 2112 3642 erro-

514 3668 634 3724 neis
666 3669 833 3738 hujus
862 3669 988 3724 vitae
1010 3671 1244 3740 spectris
1281 3680 1345 3726 et-
1376 3673 1864 3745 imaginationibus
1896 3692 2107 3749 nequa-

514 3777 678 3834 quam
702 3764 983 3820 admissis.
1016 3761 1312 3834 Propterea
1339 3766 1499 3823 lactis
1557 3767 1834 3825 lavacrum
1863 3770 2109 3841 perfecta

515 3855 631 3912 haec
659 3856 842 3912 anima
867 3866 1079 3913 certum
1107 3871 1231 3913 esse
1259 3859 1562 3914 remedium
1597 3861 1788 3917 statuit
1814 3861 1883 3916 ad
1918 3864 2109 3918 oculo-

514 3964 641 4004 rum
652 3950 970 4020 puritatem.
1160 3973 1174 3987 -
1310 3962 1317 3967 ί

585 4063 721 4131 Quae
745 4079 910 4135 porro
940 4070 1248 4132 sequuntur
1286 4064 1474 4130 verba,
1511 4068 1671 4136 quasi
1716 4068 1802 4124 lex
1834 4068 2105 4139 quaedam,

515 4154 884 4226 praescribunt
915 4152 1260 4209 auditoribus
1315 4153 1518 4225 quibus
1557 4156 1724 4212 rebus
1749 4158 1994 4214 studiose
2018 4161 2106 4213 in-

518 4246 798 4302 tentiesse
817 4244 964 4300 oculi
1012 4242 1265 4301 debeant.
1310 4244 1583 4313 Sedentes,
1607 4248 1807 4319 inquit,
1829 4251 1994 4321 juxta
2020 4268 2105 4306 co-

516 4342 632 4411 pias
666 4354 949 4411 aquarum.
975 4337 1248 4395 Nimirum
1280 4349 1600 4410 perpetuam
1627 4344 1776 4398 velut
1809 4343 2110 4400 assiduita-

516 4442 627 4490 tem
671 4424 985 4488 attentionis
1048 4431 1106 4485 in
1152 4430 1430 4488 discendis
1458 4433 1628 4490 rebus
1667 4434 1866 4492 divinis
1907 4444 2111 4493 nostrae

2213 3310 2359 3362 ἐστιν
2386 3306 2415 3358 ὁ
2438 3302 2766 3364 τελεώτατος
2787 3299 3028 3362 ἔπαινος,
3055 3297 3119 3350 τὸ
3146 3296 3308 3369 μηδὲν
3339 3294 3720 3349 ἀνυπόστατόν
3740 3310 3795 3345 τε

2211 3398 2306 3453 καὶ
2344 3393 2761 3466 πεπλανημένον
2781 3391 2876 3445 καὶ
2908 3390 3135 3461 μάταιον
3177 3387 3330 3459 παρὰ
3356 3385 3454 3458 τὴν
3484 3385 3595 3439 τῶν
3632 3385 3797 3439 ὅντων

2210 3483 2863 3561 ἀλήθειαν”σκιογράφειν
2909 3482 3125 3544 ἑαυτοῖς
3152 3479 3219 3533 δι’
3266 3478 3508 3547 ἀπάτης,
3545 3476 3690 3531 ἀλλὰ
3714 3477 3799 3530 τὸν

2211 3583 2380 3645 ὅντως
2406 3579 2536 3634 ὄντα
2585 3577 2823 3648 βλέπειν,
2872 3572 2972 3638 τὰς
3018 3573 3077 3628 δὲ
3126 3569 3499 3643 ηλητευμένας
3540 3571 3640 3623 τοῦ
3680 3570 3800 3642 τῇδε

2217 3674 2334 3747 βίου
2368 3670 2521 3742 ὄψεις
2551 3686 2613 3723 τε
2651 3669 2746 3722 καὶ
2788 3666 3091 3736 φαντασίας
3123 3664 3195 3737 μὴ
3231 3662 3661 3735 παραδέχεσθαι.
3706 3666 3799 3719 Διὰ

2214 3765 2374 3820 τοῦτο
2413 3761 2551 3833 πρὸς
2608 3760 2706 3829 τὴν
2737 3757 3088 3830 καθαρότητα
3117 3755 3227 3810 τῶν
3249 3754 3513 3825 ὀμμάτων
3565 3756 3679 3808 ὑπὸ
3708 3758 3801 3825 τῆς

2213 3857 2425 3920 τελείας
2492 3852 2672 3924 ψυχῆς
2719 3848 2781 3904 τὸ
2823 3850 2918 3904 τοῦ
2954 3849 3224 3922 γάλακτος
3269 3845 3492 3918 λουτρὸν
3555 3847 3799 3916 ἀσφαλὲς

2214 3948 2428 4021 ἐκρίθη.

2301 4065 2361 4117 Ὀ
2390 4063 2435 4117 δ’
2474 4060 2670 4131 ἐφεξῆς
2699 4058 2874 4127 λόγος,
2905 4056 3070 4125 νόμος
3107 4051 3226 4106 ἐστὶ
3246 4053 3355 4116 τοῖς
3370 4052 3651 4119 ἐπαΐουσι,
3675 4054 3801 4122 πρὶ

2215 4155 2252 4211 ἃ
2275 4156 2381 4227 χρὴ
2414 4153 2542 4216 τοὺς
2586 4148 2900 4220 ὀφθαλμοὺς
2938 4145 3035 4216 τὴν
3065 4142 3300 4215 σπουδὴν
3337 4142 3501 4215 ἔχειν.
3528 4142 3802 4212 Καθήμε-

2214 4262 2316 4300 ναι
2347 4243 2477 4314 γὰρ,
2533 4241 2715 4313 φησὶν,
2742 4238 2841 4292 ἐπὶ
2872 4234 3234 4305 πληρώματα
3263 4232 3515 4287 ὑδάτων.
3553 4233 3669 4304 Τὴν
3699 4233 3801 4303 γὰρ

2215 4336 2440 4409 διηνεκῆ
2501 4329 2857 4406 προσεδρείαν
2910 4328 3011 4397 τῆς
3066 4326 3194 4397 περὶ
3243 4324 3311 4378 τά
3347 4322 3464 4378 θεῖα
3500 4323 3801 4409 μαθήματα

2217 4408 2491 4502 προσοχῆς
2535 4428 2563 4479 ό
2590 4422 2829 4485 τοιοῦτος
2856 4417 3170 4474 ὑποτίθεται
3201 4415 3377 4486 λόγος,
3400 4415 3467 4469 δι’
3489 4408 3570 4470 ὧν
3593 4416 3802 4469 ἐπαινεῖ

518 4526 726 4581 dictum
749 4524 855 4579 hoc
882 4523 1135 4595 requirit,
1163 4523 1291 4578 dum
1316 4540 1484 4593 puros
1506 4525 1698 4580 oculos
1732 4525 1923 4581 laudat
1952 4543 1966 4580 :
2013 4525 2108 4582 do-

2216 4523 2346 4584 τοὺς
2368 4518 2643 4589 καθαροὺς
2672 4511 2980 4585 ὀφθαλμούς
3000 4528 3013 4542 ⁸
3051 4511 3145 4565 καὶ
3165 4510 3314 4581 ἡμᾶς
3333 4508 3626 4573 διδάσκων,
3656 4509 3801 4571 ὅπως

518 4633 652 4673 cens
675 4617 1019 4672 interimnos
1066 4631 1177 4686 quo
1228 4622 1391 4686 pacto
1420 4615 1887 4686 pulchritudinem
1916 4616 2110 4673 oculo-

519 4723 645 4762 rum
684 4710 949 4777 consequi
976 4709 1276 4776 possimus,
1306 4708 1565 4762 nimirum
1590 4724 1873 4779 nunquam
1902 4724 2012 4763 non
2044 4709 2114 4765 ad

521 4813 788 4869 aquarum
846 4799 1036 4869 copias
1062 4799 1327 4855 sedendo.
1370 4799 1680 4856 Praesertim
1698 4815 1824 4855 cum
1854 4801 2015 4855 multi
2048 4816 2116 4858 ex

519 4893 589 4949 iis
618 4890 713 4962 qui
750 4891 1035 4946 oculorum
1062 4891 1243 4946 locum
1273 4893 1544 4958 obtinent,
1569 4895 1776 4949 omissa
1796 4891 2120 4963 bujusmodi

518 4985 693 5056 cepiis
714 4997 982 5055 aquarum
1007 4982 1289 5039 assidendi
1313 4983 1593 5056 diligentia
1614 5025 1628 5049 ,
1662 4982 1731 5040 ad
1757 4984 1985 5041 ﬂumina
2016 4985 2121 5040 Ba-

520 5076 737 5149 bylonis
773 5075 1078 5140 desideant,
1117 5074 1379 5132 facientes
1404 5075 1459 5130 id
1494 5076 1639 5146 quod
1664 5076 1719 5130 in
1752 5075 1849 5131 Dei
1883 5089 2118 5147 persona

408 5246 415 5251 ί
521 5171 579 5226 in
630 5167 947 5241 huiusmodi
984 5167 1302 5237 hominibus
1361 5167 1806 5239 reprehenditur.
1869 5167 2117 5240 Relique-

522 5272 646 5316 rum
677 5279 777 5327 me,
811 5260 1010 5330 inquit,
1041 5260 1244 5328 [autem
1281 5276 1432 5330 aqua:
1464 5261 1611 5326 vim,
1643 5277 1706 5314 ac
1735 5261 1982 5330 foderunt
2014 5259 2116 5314 sibi

522 5362 703 5419 puteos
742 5352 1062 5422 perforatas,
1098 5351 1189 5422 qui
1218 5367 1412 5421 aquam
1458 5351 1723 5405 continere
1761 5351 2106 5421 nequeunt“.

524 5441 713 5503 Itaque
746 5442 1012 5498 docemur
1051 5443 1159 5497 hoc
1192 5440 1340 5497 dicto
1380 5442 1474 5512 qui
1500 5442 1617 5497 ﬁeri
1662 5442 1858 5497 oculus
1884 5441 2112 5512 pulcher

523 5532 717 5600 possit,
735 5542 794 5588 ut
813 5533 984 5590 decus
1004 5533 1229 5604 aliquod
1251 5533 1449 5588 habeat
1470 5533 1805 5602 omninoque
1825 5532 2114 5588 conveniat

2210 4614 2277 4669 ἂν
2308 4611 2370 4665 τὸ
2398 4609 2529 4662 ἴδιον
2552 4607 2750 4669 κάλλος
2793 4604 2901 4657 τῶν
2950 4599 3247 4673 ὀφθαλμῶν
3286 4597 3680 4670 ἁναλάὸοιμεν,
3720 4598 3801 4651 ἀεὶ

2212 4701 2658 4776 προσκαθήμενοι
2679 4698 2791 4759 τοῖς
2817 4694 2925 4749 τῶν
2943 4694 3150 4749 ὑδάτων
3172 4690 3530 4763 πληρώμασιν
3550 4689 3654 4754 ’ώς
3668 4690 3724 4742 οῖ
3743 4706 3799 4757 γε

2219 4795 2407 4852 πολλοὶ
2455 4792 2563 4847 τῶν
2595 4793 2672 4855 εἰς
2706 4786 3018 4859 ὀφθαλμοὺς
3038 4785 3385 4856 τεταγμένων
3411 4782 3799 4844 καταλιπόντες

2216 4888 2278 4943 τδ
2294 4890 2405 4951 τοῖς
2424 4883 2683 4946 τοιούτοις
2705 4878 3034 4952 πληρώμασι
3068 4874 3469 4948 προσεδρεύειν,
3492 4877 3608 4937 τοῖς
3626 4873 3800 4927 Βαϐυ-

2218 4980 2429 5043 λωνίοις
2475 4978 2737 5047 ποταμοῖς
2773 4971 3215 5043 παρακάθηνται,
3241 4966 3578 5040 πληροῦντες
3612 4966 3714 5038 τὴν
3742 4967 3799 5019 ἑκ

2218 5075 2514 5151 προσώπου
2536 5072 2631 5126 τοῦ
2650 5069 2786 5124 Θεοῦ
2803 5065 3175 5138 γεγενημένην
3200 5065 3293 5117 ἐπὶ
3313 5063 3419 5117 τῶν
3433 5062 3697 5118 τοιούτων
3713 5081 3801 5117 no

2215 5152 2498 5240 τηγοριαν.
2518 5163 2658 5234 Ἐμὲ
2677 5160 3073 5232 ἐγκατέλιπον
3092 5156 3295 5228 πηγὴν
3320 5155 3539 5222 ὕδατος
3566 5154 3796 5221 ζῶντος,

2215 5260 2311 5317 καὶ
2325 5257 2565 5328 ὤρυξαν
2574 5254 2810 5319 ἑαυτοῖς
2819 5250 3088 5317 λάκκους
3100 5246 3727 5318 συντετριμμένους,οῐ
3734 5248 3799 5300 οὐ

2216 5353 2507 5408 δύνανται
2540 5347 2829 5417 συνέχειν
2856 5342 3035 5411 ὕδωρ.
3064 5341 3307 5411 Μάθημα
3321 5333 3413 5392 οὖν
3455 5340 3626 5401 ἐστιν,
3655 5338 3797 5396 ὅπως

2216 5446 2429 5517 γένοιτο
2475 5442 2541 5496 ἂν
2573 5439 2737 5502 καλὸς
2774 5435 3051 5507 ὀφθαλμὸς
3097 5432 3396 5504 ἐμπρέπων
3423 5447 3481 5483 τε
3514 5429 3615 5482 καὶ
3642 5429 3798 5498 ἐναρ-

2224 5537 2402 5608 μόζων
2447 5536 2513 5605 τῇ
2549 5532 2725 5605 χρυσῇ
2775 5527 3006 5598 κεφαλῇ,
3037 5524 3097 5578 τὸ
3146 5518 3286 5578 εἶναι
3328 5521 3487 5577 αὐτὸν
3545 5519 3798 5590 ἀκέραιον

527 5636 695 5679 aureo
721 5624 887 5695 capiti
918 5641 933 5679 :
966 5625 1226 5679 nimirum
1255 5626 1301 5680 si
1336 5626 1459 5681 labe
1489 5634 1693 5689 careat.
1721 5625 1788 5681 ad
1804 5626 2108 5696 exemplum

2227 5632 2324 5703 μὲν
2357 5627 2498 5684 κατὰ
2529 5626 2627 5697 τὴν
2666 5618 3020 5695 περιστεράν,
3058 5616 3270 5687 ἀπλανῆ
3309 5632 3370 5670 τε
3407 5614 3501 5667 καὶ
3526 5608 3792 5675 ἀνεξαπά-

528 5714 793 5770 columbaa
808 5753 824 5780 ,
843 5724 896 5770 et
914 5717 1087 5774 instar
1104 5725 1315 5774 natura:
1335 5718 1494 5775 iactis
1516 5718 1584 5775 ab
1605 5718 1886 5807 erroribus
1904 5726 1958 5775 et
1973 5716 2108 5774 frau-

2221 5737 2388 5795 τητον
2411 5718 2553 5775 κατὰ
2582 5715 2681 5772 τὴν
2710 5712 2806 5769 τοῦ
2832 5710 3104 5780 γάλακτος
3137 5708 3317 5774 φύσιν,
3349 5703 3590 5779 μηδεμιᾷ
3625 5704 3793 5770 πλάνῃ

602 5890 647 5924 ¹³
680 5887 884 5947 Jercm.
912 5905 972 5959 ii,
1004 5893 1088 5951 i3.
