4018 6372
190 413 322 475 1061

1153 403 1222 461 ΙΝ
1261 400 1566 460 CANTICA
1603 394 1876 455 CAN'I'IC.
1918 393 2205 454 ﬂOMlLlA
2237 397 2378 456 XIV.

3132 298 3173 317 κ

3313 402 3456 461 106‘!

190 530 299 585 τῶν
325 526 714 585 ἅννποστάτων
741 522 1208 598 φαντασιούμενον
1226 542 1242 558 ο
1272 524 1685 598 προσκαθῆσθαι
1716 520 1774 576 δὲ

1902 514 2037 575 libus
2060 519 2319 577 immunis
2339 519 2433 585 sit,
2450 533 2481 574 a
2507 519 2664 577 nullo
2688 534 2872 576 rerum
2903 535 3015 577 non
3036 519 3459 579 sobsistentium

192 619 282 675 διὰ
306 618 631 690 παραμονῆς
656 617 753 673 καὶ
787 615 1144 689 προσεδριίας
1167 618 1281 681 τοϊς
1313 615 1645 688 πληρώμασι
1664 614 1774 669 τῶν

1902 626 2061 668 ποι-ε
2081 612 2277 669 illusus
2302 628 2317 679 ;
2341 611 2578 683 denique
2601 621 2920 670 constanter
2935 619 2989 669 et
3004 613 3228 671 assidue
3245 612 3459 673 divina-

197 709 353 765 θείων
416 708 646 773 ὑδάτων,
698 705 821 761 καθ’
855 705 1153 778 ὁμοιότητα
1185 705 1281 761 τοῦ
1308 705 1465 774 ξύλου
1493 705 1589 759 τοῦ
1620 704 1776 777 παρὰ

1902 720 1998 760 um
2018 720 2286 776 aquarum
2303 705 2480 775 capiis
2499 706 2955 772 assideal,instar
2977 706 3108 776 ligni
3125 708 3271 778 quod
3289 722 3461 778 aqua-

194 801 291 865 τὰς
308 799 576 865 διεξόδους
598 798 706 852 τῶν
743 798 951 853 ὑδάτων
980 798 1389 870 πεφυτευμένον
1418 799 1513 853 καὶ
1529 799 1588 852 οὑ
1619 798 1774 867 μεθι-

200 893 489 965 σταμένου.
526 891 686 946 Οὕτω
719 890 830 964 γὰρ
873 891 958 945 ὅτε
1001 891 1216 963 καρπὸς
1249 891 1341 944 ἐπὶ
1365 891 1460 945 τοῦ
1493 891 1624 945 ἰδίου
1655 910 1778 945 και-

201 986 294 1058 ροῦ
326 984 782 1057 προδληθήσεται,
806 986 902 1040 καὶ
927 986 957 1038 ό
984 984 1179 1049 κλάδος
1207 982 1463 1056 ἀειθαλὴς
1502 984 1778 1055 φυλαχθη-

199 1092 352 1132 σεται
379 1079 445 1148 τῇ
480 1076 707 1147 εύχροίᾳ
738 1076 847 1130 τῶν
884 1078 1098 1148 φύλλων
1126 1077 1605 1148 περισοδούμενος.
1640 1075 1779 1130 Νυνὶ

196 1170 253 1226 δὲ
279 1169 387 1224 τῶν
425 1168 719 1240 ὀφθαλμῶν
746 1169 856 1223 τῶν
893 1171 1276 1243 πνευματικῶν
1323 1170 1527 1225 τούτων
1571 1170 1780 1225 ὑδάτων

198 1259 649 1330 καταμελοῦντες,
674 1260 769 1313 καὶ
792 1259 893 1330 τῆς
910 1260 1005 1314 τοῦ
1038 1262 1197 1330 λόγου
1228 1261 1585 1333 προσεδρείας
1607 1260 1781 1333 μικρὰ

200 1349 608 1423 φροντίζοντες,
638 1351 757 1422 ῆτοι
802 1351 894 1406 τὸν
945 1353 1044 1423 τῆς
1096 1351 1529 1424 φιλοχρηματίας
1570 1355 1783 1417 ἑαυτοῖς

1876 813 1998 852 rum
2014 798 2079 852 ad
2097 798 2242 853 rivos
2256 798 2579 868 plautatum,
2593 814 2860 869 nusquam
2874 800 2994 854 loco
3012 816 3113 855 suo
3130 800 3457 856 dimovetur.

1880 888 1975 945 Sic
1993 890 2139 945 enim
2173 897 2229 945 et
2268 889 2485 945 fructus
2516 906 2616 945 suo
2646 901 2892 961 tempore
2913 891 3249 960 proferetur,
3289 899 3343 946 et
3366 906 3459 947 ra~

1879 982 1952 1035 mi
1988 982 2266 1052 eleganter
2289 982 2546 1038 coloratis
2580 982 2723 1038 loliis
2755 990 3019 1053 perpetuo
3042 981 3298 1039 ﬂorentes
3326 998 3462 1038 con-

1882 1074 2271 1142 servabuntur,
2328 1088 2459 1127 aura
2525 1088 2622 1128 eos
2671 1074 3182 1146 circumstrepente.
3218 1075 3464 1132 ALnunc

1888 1166 2138 1237 plerique
2179 1166 2323 1220 oculi
2361 1165 2674 1236 spirituales
2713 1150 2985 1237 neglectis-
3005 1168 3165 1237 aquis
3189 1167 3361 1228 hisce.
3400 1181 3465 1229 ac

1884 1257 2039 1327 parvi
2079 1257 2346 1313 facientes
2385 1256 2764 1312 assiduitatem
2794 1258 2848 1312 in
2880 1258 3050 1313 verbo
3075 1259 3190 1325 Dei,
3225 1259 3309 1314 vel
3339 1274 3467 1314 ava—
3558 1290 3565 1293 ν

1885 1350 2026 1404 ritiae
2060 1349 2163 1405 sibi
2199 1350 2376 1403 lacum
2408 1334 2642 1412 fodiunt,
2673 1352 2754 1403 vel
2786 1350 2840 1403 in
2870 1366 3024 1405 vanae
3055 1351 3243 1422 gloria:
3269 1351 3467 1422 lapici--
3516 1336 3531 1349 ’

198 1442 401 1497 λάκκον
435 1439 777 1514 ὀρύσσουσιν,
812 1442 846 1513 ἢ
890 1443 991 1514 τὴν
1030 1443 1336 1508 κενοδοξίαν
1365 1444 1715 1515 λατομοῦσιν,
1746 1443 1781 1514 ἢ

1902 1441 2026 1498 linis
2045 1450 2355 1508 versantur,
2421 1443 2502 1497 vel
2552 1442 2606 1495 in
2650 1442 2918 1511 superbia:
2945 1450 3112 1511 puteo
3158 1441 3468 1498 el'l‘odiendo

198 1532 297 1604 τὴν
332 1532 711 1603 ὑπερηφανίαν
735 1533 1220 1605 φρεωρυχοῦσιν,ἢ
1246 1534 1439 1599 ἄλλους
1466 1535 1617 1599 τινὰς
1651 1534 1784 1589 λάκ-

200 1644 328 1691 κους
346 1626 564 1698 ἀπάτης
596 1629 713 1697 μετ’
748 1628 1064 1698 ἐπιμελείας
1088 1628 1429 1701 ὀρύσσουσιν,
1458 1630 1507 1683 οἳ
1542 1630 1784 1701 συνέχειν

200 1723 280 1784 εἰς
309 1720 373 1773 τὸ
400 1719 645 1792 διηνεκὲς
676 1720 737 1773 τὸ
767 1721 1197 1791 σπουδαζόμενον
1210 1723 1392 1786 αὐτοῖς
1415 1720 1579 1793 ὕδωρ,
1625 1724 1785 1793 φύσιν

201 1813 299 1868 οὐκ
328 1812 563 1883 ἔχουσιν,
598 1812 684 1867 ἀεὶ
713 1812 813 1883 τῆς
834 1805 938 1868 ὧδε
966 1810 1150 1885 stiti};
1179 1831 1260 1878 τε,
1300 1815 1395 1868 καὶ
1439 1815 1780 1880 δυναστείας,

1884 1534 2156 1601 laborant,
2186 1536 2271 1603 vel
2318 1535 2454 1590 alios
2498 1534 2734 1604 denique
2783 1534 2935 1589 lacus
2966 1535 3183 1590 erroris
3219 1535 3471 1592 studiose

1887 1622 2122 1690 fodiunt,
2153 1639 2386 1694 quorum
2426 1633 2622 1679 natura
2663 1624 2745 1678 sic
2767 1632 3087 1694 comparata
3118 1640 3229 1680 non
3265 1634 3369 1690 est,
3411 1633 3471 1680 ut

1887 1729 2086 1785 aquam
2132 1716 2279 1769 illam
2325 1723 2610 1786 tantopere
2645 1725 2906 1785 perpetuo
2939 1717 3150 1786 possint
3178 1718 3470 1787 expetitam

1887 1806 2411 1877 continere,semper
2432 1806 2597 1876 hujus
2611 1806 2737 1861 vita:
2761 1806 2987 1872 honore,
3001 1809 3263 1887 potentia,
3276 1809 3470 1877 gloria,

202 1903 294 1957 καὶ
329 1903 510 1973 δόξης,
545 1918 610 1957 πε
621 1902 672 1974 ρ).
700 1902 768 1973 ἦν
797 1904 944 1957 ἐστιν
974 1905 1007 1974 ἡ
1034 1903 1237 1975 σπουδὴ
1260 1908 1369 1969 τοῖς
1392 1905 1625 1970 πολλοῖς,
1649 1905 1785 1978 ὁμοῦ

1902 1914 2026 1971 luas
2052 1914 2140 1955 res
2165 1900 2392 1954 miriﬁce
2414 1899 2569 1953 multi
2592 1908 2870 1968 expetunt,
2907 1914 3016 1953 una
3066 1914 3190 1954 cum
3218 1907 3343 1954 ortu
3371 1914 3473 1955 suo

199 1995 277 2068 τῷ
332 1994 592 2064 συστῆναι
642 1992 1022 2065 διαρρεούσης,
1062 1996 1157 2048 καὶ
1189 1996 1340 2050 οὐδὲν
1375 1996 1519 2068 ῐχνος
1549 1999 1648 2069 τῆς
1682 2017 1787 2069 μα-

200 2084 362 2147 ταίας
395 2083 634 2154 σπουδῆς
686 2085 744 2137 ὲν
791 2087 903 2148 τοῖς
937 2086 1314 2157 ἡπατημένοις
1356 2089 1782 2160 καταλιπούσης.

202 2173 492 2239 Τοιούτους
545 2170 686 2228 εἶναι
745 2172 992 2244 βούλεται
1031 2179 1161 2240 τοὺς
1187 2178 1431 2248 όρῶντάς
1464 2196 1522 2232 τε
1553 2181 1647 2233 καὶ
1677 2183 1789 2234 ὲπι-

206 2267 543 2332 σκοποῦντας
583 2267 823 2337 ὀΛόγος,
850 2261 925 2321 ὧν
959 2268 1064 2340 χρὴ
1098 2269 1499 2341 προϐεδλῆσθαι
1534 2273 1651 2343 μὲν,
1678 2267 1789 2326 οἷόν

200 2374 322 2413 τινα
362 2358 580 2430 ὀφρύων
618 2358 931 2431 περιϐολὴν,
962 2361 1059 2432 τὴν
1101 2361 1208 2415 τῶν
1246 2360 1407 2417 θείων
1443 2365 1790 2436 διδαγμάτων

201 2449 503 2521 ἀσφάλειαν
520 2467 532 2481 ’
556 2450 1020 2505 ἐπικαλύπτεσθαι
1034 2452 1171 2525 δὲτῇ
1199 2456 1519 2528 σωφροσύνῃ
1538 2457 1791 2530 καθάπερ

200 2544 305 2597 τινὶ
339 2542 627 2617 βλεφάρων
675 2543 935 2616 περιϐολῇ
984 2544 1045 2598 τὸ
1084 2545 1323 2619 καθαρόν
1355 2565 1415 2600 τε
1449 2549 1543 2602 καὶ
1577 2549 1789 2605 στίλὸον

199 2634 297 2705 τῆς
312 2632 618 2698 πολιτείας,
645 2635 855 2705 μήποτε
876 2637 910 2707 ἡ
927 2637 1026 2707 τῆς
1045 2638 1273 2707 οίήσεως
1299 2638 1453 2703 δοκὸς
1476 2638 1790 2710 ἐμπεσοῦσα

199 2724 275 2796 τῷ
302 2722 540 2795 καθαρῷ
567 2722 669 2794 τῆς
712 2724 902 2796 κόρης,
959 2725 1209 2797 ἐμποδὼν
1246 2728 1473 2797 γένηται
1529 2728 1664 2798 πρὸς
1691 2729 1789 2799 τὴν

199 2820 410 2890 ὅρασιν.
440 2816 535 2880 Tt";
571 2817 629 2870 δὲ
661 2817 802 2871 κατὰ
848 2818 974 2882 τοὺς
1003 2818 1315 2889 ὀφθαλμοὺς
1342 2819 1451 2872 τῶν
1487 2819 1662 2887 μελῶν
1694 2819 1788 2873 τοῦ

203 2911 442 2982 νυμφίου
472 2910 619 2964 ἐστὶν
646 2914 675 2964 ὁ
700 2910 939 2978 ἔπαινος,
963 2911 1020 2964 ὲν
1036 2914 1147 2976 τοῖς
1175 2909 1370 2983 ἐφεξῆς
1395 2911 1531 2965 Θεοῦ
1560 2910 1791 2975 διδόντος

205 3002 616 3073 ὲπελευσόμεθα
652 3019 667 3034 ·
733 3002 915 3074 χάριτι
980 3002 1076 3056 τοῦ
1134 3003 1341 3075 Κυρίου
1393 3003 1551 3074 ἡμῶν
1617 3002 1791 3074 Ἰησοῦ

204 3091 467 3165 Χριστοῦ,
483 3086 528 3162 ᾧ
545 3094 579 3165 ἡ
599 3090 727 3158 δόξα
750 3096 831 3157 είς
850 3095 975 3159 τοὺς
987 3096 1186 3161 αίῶνας
1203 3097 1312 3150 τῶν
1335 3096 1566 3152 αἰώνων.
1597 3096 1789 3169 Ἀμήν.

810 3187 1054 3241 ΟΜΙΛΙΛ
1085 3189 1181 3242 Μ’.

1887 1990 2289 2054 difﬂuentibus,
2321 1991 2645 2060 nullumque
2667 1990 2955 2059 vestigium
2984 1990 3163 2047 inanis
3193 2005 3374 2061 operae
3415 1992 3472 2047 in

1887 2084 2132 2156 deceptis
2161 2084 2618 2154 relinquentibus.
2644 2083 2807 2140 Tales
2829 2099 2958 2155 ergo
2988 2085 3103 2139 vult
3130 2098 3253 2140 esse
3294 2085 3477 2155 inspe-

1889 2185 2071 2233 ctores
2098 2193 2162 2233 ac
2190 2177 2563 2248 speculatores
2584 2175 2677 2233 Dei
2706 2176 3208 2246 Verbum,quorum
3231 2178 3479 2246 superci-

1890 2270 1962 2325 lia
1992 2271 2228 2341 quodam
2262 2271 2405 2325 vallo
2450 2270 2661 2324 munita
2685 2270 2820 2333 sint,
2848 2269 3105 2323 nimirum
3166 2268 3479 2323 divinorum

1890 2364 2205 2433 dogmatum
2252 2361 2630 2417 certitudine:
2684 2361 2888 2430 quique.
2920 2369 3103 2431 tegant
3144 2360 3476 2425 humilitate,

1889 2457 2056 2513 veluti
2087 2454 2323 2526 quodam
2353 2456 2737 2526 palpebrarum
2768 2456 3000 2521 ambitu,
3034 2455 3158 2510 vitae
3188 2470 3301 2510 sum
3332 2452 3482 2524 puri-

1896 2558 2061 2605 tatem
2118 2565 2183 2604 ac
2216 2550 2585 2621 splendorem,
2619 2566 2690 2605 ne
2741 2549 2893 2623 trabs
2928 2550 3255 2619 arrogantiae
3299 2550 3357 2603 in
3390 2564 3483 2618 pu-

1895 2642 2042 2713 pillae
2071 2642 2366 2712 puritatem
2399 2640 2613 2711 illapsa,
2642 2640 2783 2696 visui
2819 2632 2889 2695 sit
2919 2639 3329 2709 impedimento.
3363 2638 3482 2694 Cat-

1895 2744 2075 2791 terum
2129 2748 2252 2804 quae
2298 2740 2420 2803 post
2475 2733 2666 2788 oculos
2708 2740 3033 2787 cmterormn
3086 2730 3273 2799 sponsi
3313 2745 3484 2784 mem-

1896 2827 2122 2883 brorum
2156 2827 2265 2883 sint
2314 2826 2589 2892 encomia,
2627 2825 2885 2894 deinceps
2929 2824 3041 2878 Deo
3071 2821 3233 2877 dante
3260 2835 3485 2892 percur-

1897 2938 2084 2978 remus
2152 2940 2164 2975 :
2234 2920 2401 2990 idque
2501 2934 2600 2989 per
2670 2919 2899 2989 gratiam
3002 2915 3216 2973 Domini
3308 2915 3488 2970 nostri

1898 3014 2026 3071 Jcsu
2053 3013 2280 3082 Christi,
2313 3011 2403 3068 cui
2431 3021 2696 3068 aeternum
2746 3010 2919 3083 gloria
2952 3009 3246 3065 tribuatur.
3290 3006 3486 3064 Amen.

2466 3192 2754 3250 HOMILIA
2783 3191 2922 3249 XIV"

274 3276 563 3344 Σιαγόνες
591 3274 779 3330 αὑτοῦ
800 3276 881 3342 ὡς
905 3276 1115 3345 φιάλαι
1142 3278 1249 3333 τοῦ
1276 3277 1584 3350 ἁρώματος
1610 3282 1789 3351 φύσιν·

1972 3287 2105 3344 Csp.
2154 3304 2220 3353 ν,
2260 3289 2417 3358 715.
2449 3285 2694 3341 Maxilla:
2733 3287 2897 3354 ipsius
2938 3294 3192 3355 tanquam
3232 3286 3489 3340 aromatis

205 3381 308 3420 σαι
325 3366 653 3437 μυρεψική.
676 3368 859 3435 Χείλη
889 3369 1075 3422 αὑτοῦ
1096 3371 1271 3437 κρίνα
1289 3369 1581 3432 στάζοντα
1609 3374 1797 3443 σμύρ-

205 3474 322 3513 ναν
361 3457 586 3527 πλήρη.
632 3458 837 3527 Xsr’pec
867 3459 1056 3514 αὑτοῦ
1078 3460 1349 3529 τορευταὶ
1370 3503 1385 3525 ,
1415 3463 1659 3531 χρυσαῖ,
1691 3477 1795 3517 πε-

208 3548 593 3618 πληρωμέναι
625 3552 897 3620 Θαρσεῖς.
932 3551 1147 3605 Κοιλία
1185 3536 1373 3607 αὐτοῦ
1416 3554 1638 3619 πυξίον
1663 3556 1797 3610 ἐλε-

207 3641 506 3710 φάντινον
533 3641 635 3696 ἐπὶ
673 3642 853 3696 λίθου
903 3644 1261 3713 οταπφείρου.
1312 3645 1548 3715 Κνῆμαι
1612 3648 1799 3703 αὐτοῦ

207 3734 429 3789 στύλοι
466 3725 824 3803 μαρμάρινὰ
846 3774 861 3801 ,
915 3737 1399 3807 τεθεμελιωμένοι
1445 3739 1543 3793 ἐπὶ
1578 3740 1802 3808 βάσεις

211 3824 470 3897 χρυσᾶς.
519 3823 700 3894 Εἶδος
733 3829 953 3893 αὑτοῦ,
993 3830 1074 3896 ὠς
1111 3831 1369 3896 Λίϐανος
1403 3830 1692 3900 ἐκλεκτὸς
1722 3835 1801 3900 ὡς

209 3916 433 3987 κέδροι.
488 3918 729 3990 striper
755 3920 943 3975 αὐτοῦ
971 3925 1311 3991 γλυκασμοὶ
1352 3924 1452 3977 καί
1496 3924 1640 3991 ὅλος
1672 3926 1803 3980 ἐπι-

165 4028 189 4037 ε
212 4015 417 4084 θυμία.
460 4010 651 4080 οὗτος
681 4013 1006 4083 ἀδελφιδός
1022 4033 1164 4085 μου,
1193 4015 1291 4071 καί
1328 4013 1507 4085 οὗτος
1534 4021 1807 4088 πλησίον

207 4120 350 4173 μου,
382 4100 708 4172 θυγατέρες
743 4103 1165 4176 Ἰερουσαλήμ.

292 4195 354 4250 '0
380 4195 464 4266 τῷ
488 4196 663 4268 ἀδόλῳ
699 4196 936 4265 γάλακτι
964 4199 1183 4271 τρέφων
1208 4200 1269 4254 τὸ
1293 4202 1559 4272 νηπιάζον
1586 4203 1665 4258 ἔτι
1704 4208 1807 4278 τῆς

212 4286 601 4358 πνευματικῆς
648 4287 894 4359 ἡλικίας,
925 4291 1125 4363 τροφὸς
1170 4292 1353 4357 καθώς
1391 4312 1557 4366 φησιν
1589 4298 1753 4363 αὐτὸς
1779 4300 1808 4352 ό

226 4376 582 4442 Ἀπόστολος,
604 4374 712 4430 τῶν
746 4379 1049 4448 ἁρτιγενῶν
1071 4382 1130 4435 ὲν
1150 4385 1217 4454 τῇ
1264 4384 1560 4458 Ἐκκλησία
1590 4390 1808 4459 γινόμε-

214 4484 328 4533 νος·
349 4469 676 4540 ταμιεύεται
697 4470 787 4524 τδν
806 4471 906 4542 τῆς
930 4462 1123 4542 σοφίας
1152 4474 1317 4546 ἄρτον
1340 4480 1454 4541 τοῖς
1474 4478 1809 4534 τελειωθεῖσι

213 4561 361 4635 κατὰ
385 4561 478 4616 τὸν
506 4560 617 4615 ἔσω
643 4562 950 4635 ἄνθρωπον,
990 4565 1179 4619 είπών·
1212 4570 1442 4637 Σοφίαν
1481 4566 1538 4623 δὲ
1583 4574 1808 4628 λαλοῦ-

215 4668 328 4721 μεν
346 4653 420 4707 ἐν
452 4653 578 4720 τοῖς
614 4656 896 4722 τελείοις·
924 4656 973 4709 οἳ
1000 4656 1086 4711 διὰ
1122 4659 1221 4730 τὴν
1252 4660 1361 4714 τῶν
1412 4662 1632 4731 ἀγαθῶν
1663 4665 1806 4720 διδα-

215 4741 452 4812 γμάτων
481 4742 594 4810 ἕξιν
637 4745 1063 4817 γεγυμνασμένα
1097 4746 1313 4818 ἔχοντες
1360 4750 1429 4804 τὰ
1475 4752 1807 4827 αἰσθητήρια

216 4834 317 4904 τῆς
335 4834 536 4909 ψυχῆς,
558 4836 652 4889 τοῦ
673 4837 842 4908 ἄρτου
866 4838 965 4909 τῆς
996 4838 1190 4909 σοφίας
1212 4842 1608 4913 εὐπαράδεκτοι
1634 4846 1810 4915 γίνον-

216 4941 333 4989 ται,
364 4926 482 4988 τοῖς
510 4923 925 4983 λεπτοποιοῦσιν
954 4931 1011 4986 ἐν
1040 4933 1153 4995 τοῖς
1206 4932 1386 4987 ὀδοῦσι
1413 4935 1507 4989 τὸν
1528 4937 1808 5010 λογισμὸν,

200 5066 203 5069 ,
221 5016 477 5085 σιαγόνος
499 5017 558 5082 ἐς
571 5019 780 5090 τροφὴν
796 5020 1210 5094 προσδεόμενον
1236 5026 1342 5098 χρὴ
1364 5028 1545 5085 τοίνυν
1565 5025 1815 5088 εἶναικαὶ

222 5109 486 5179 σιαγόνας
510 5112 568 5164 ἐν
591 5109 671 5183 τῷ
695 5111 909 5184 σώματι
928 5114 1166 5187 Χριστοῦ
1191 5121 1304 5184 τοῖς
1328 5122 1526 5192 μηκέτι
1548 5124 1818 5196 προσανέ-

219 5216 382 5271 χουσι
408 5205 476 5273 τῇ
500 5202 636 5274 θηλῇ
668 5203 764 5257 τοῦ
791 5205 966 5274 Λόγου
985 5224 998 5238 -
1041 5206 1157 5262 ἀλλ’
1187 5209 1288 5283 ῆδη
1313 5211 1414 5282 τῆς
1445 5218 1817 5289 στερεωτέρας

220 5293 503 5383 ἐφιέμενοι
520 5296 750 5367 τροφῆς,
780 5314 844 5350 πε
854 5296 908 5368 pl
929 5289 1004 5351 ὧν
1025 5298 1120 5354 νῦν
1142 5305 1378 5357 ποιεῖται
1399 5304 1600 5380 λόγονή
1627 5308 1815 5383 νύμφη

221 5380 465 5451 λέγουσα
509 5384 714 5449 οὕτως·
775 5389 1063 5458 Σιαγόνες
1091 5391 1281 5448 αὐτοῦ
1327 5395 1409 5461 ὡς
1440 5397 1651 5464 φιάλαι
1701 5380 1818 5457 τοῦ

222 5472 538 5542 ἁρώματος
560 5477 828 5545 φύουσαι
856 5482 1183 5550 gemini-md.
1227 5484 1301 5540 Τὸ
1337 5487 1435 5558 μὲν
1460 5485 1554 5544 οὖν
1585 5491 1816 5547 ἀκολού-

224 5563 339 5658 θως
368 5563 524 5658 -Εχειν
558 5568 647 5621 τὸν
693 5571 824 5641 περὶ
870 5571 979 5625 τῶν
1029 5575 1295 5645 σιαγόνων
1342 5578 1501 5650 λόγον
1538 5587 1652 5650 τοῖς
1686 5589 1816 5658 περὶ

222 5654 320 5712 τὸν
357 5656 638 5731 ὀφθαλμὸν
672 5660 1031 5734 θεωρηθεῖσι,
1067 5670 1232 5723 παντὶ
1273 5670 1432 5742 δῆλον
1477 5674 1545 5730 ἂν
1596 5677 1682 5751 εἴη
1737 5654 1817 5752 τῷ

306 5828 349 5859 ¹³
390 5831 556 5893 Hebr.
600 5853 651 5908 v,
684 5839 769 5896 l3.
848 5831 935 5897 "l
964 5842 1086 5898 Cor.
1129 5861 1190 5915 ll,
1224 5846 1283 5906 6.

1899 3380 2535 3452 phialw,qua2proferuut
2552 3388 2835 3449 unguenta.
2854 3378 3036 3433 Labra
3065 3377 3180 3447 ejus
3200 3386 3322 3430 sunt
3348 3377 3487 3441 lilia,

1899 3472 2225 3527 distillantia
2251 3472 2524 3543 myrrham
2549 3472 2779 3526 uberem.
2819 3471 2905 3526 H.
2938 3470 3131 3525 Manus
3155 3470 3305 3525 illius
3337 3472 3492 3525 torti-

1902 3564 1998 3629 les,
2018 3581 2212 3631 aureae,
2226 3564 2643 3634 pleanharsis.
2671 3564 2863 3620 Venter
2882 3564 2995 3633 ejus
3021 3564 3214 3618 tabella
3240 3564 3493 3631 eburnea,

1901 3657 1958 3711 in
1999 3655 2174 3724 lapide
2202 3656 2475 3725 sappliiro.
2529 3655 2615 3710 15.
2645 3653 2818 3710 Crura
2859 3654 3007 3708 illius
3054 3655 3316 3709 columna:
3347 3672 3495 3709 mar-

1904 3767 2115 3816 moreae,
2173 3749 2415 3819 fundatae
2473 3765 2629 3819 super
2678 3765 2869 3803 aureas
2920 3748 3092 3802 bases.
3154 3748 3241 3804 16.
3282 3747 3494 3817 Species

1904 3843 2093 3911 ipsius,
2148 3852 2208 3912 ut
2259 3842 2455 3897 electus
2506 3840 2767 3904 Libanus,
2824 3850 2882 3895 ut
2926 3841 3089 3895 cedri.
3141 3840 3340 3895 Guttur
3377 3842 3493 3911 ejus

1906 3935 2128 3991 dulcedo
2161 3952 2222 3990 ac
2248 3936 2323 3990 nil
2349 3936 2455 3990 nisi
2486 3934 2807 3989 desiderium
2838 3944 2936 3988 est.
2985 3933 3089 3988 Hic
3122 3944 3201 3989 est
3236 3944 3495 4006 cognatus

1908 4045 2076 4097 meus,
2107 4040 2157 4085 et
2185 4029 2272 4084 hic
2301 4030 2572 4099 proximus
2597 4044 2767 4095 meus,
2802 4029 2932 4098 ﬁlia:
2957 4026 3279 4083 Jerusalem.

1978 4213 2083 4281 Qui
2135 4213 2279 4269 lacte
2336 4214 2571 4285 simplici
2633 4213 2896 4283 puerilem
2955 4212 3135 4267 adhuc
3191 4212 3498 4283 spiritualis

1909 4308 2086 4364 aztatis
2139 4306 2485 4361 teneritatem
2523 4304 2620 4358 alit
2647 4305 2711 4370 '9,
2751 4303 3044 4357 infantium
3084 4305 3173 4374 (ut
3205 4304 3500 4375 Apostolus

1913 4395 2183 4467 loquitur)
2224 4396 2281 4449 in
2310 4393 2555 4450 Ecclesia
2586 4395 2857 4459 nutritor,
2907 4393 2955 4449 is
2974 4409 3183 4463 panem
3218 4394 3500 4464 sapientiae

1913 4487 2172 4558 perlectis
2210 4485 2512 4542 secundum
2551 4484 2827 4539 hominem
2867 4485 3179 4539 interiorem
3230 4493 3497 4539 reservat.

1917 4577 2008 4633 Sic
2061 4579 2204 4634 enim
2256 4577 2459 4633 Paulus
2513 4578 2625 4630 ait:
2685 4575 3016 4645 Sapientiam
3056 4577 3323 4647 loquimur
3362 4578 3501 4632 inter

1915 4668 2171 4739 perfectos
2196 4669 2277 4715 '°:
2320 4666 2580 4721 nimirum
2614 4666 2708 4736 qui
2742 4672 2966 4737 propter
3009 4665 3277 4732 habitum,
3338 4680 3500 4736 quem

1915 4761 1971 4816 in
2012 4758 2282 4816 audienda
2332 4760 2471 4814 bona
2524 4759 2777 4813 doctrina
2826 4758 3254 4822 sunt‘assecuti,
3305 4773 3503 4816 sensus

1913 4852 2083 4908 animi
2111 4852 2442 4908 exercitatos
2473 4851 2709 4907 habent:
2748 4859 2806 4906 ut
2855 4850 3015 4907 facile
3055 4867 3249 4922 panem
3284 4853 3503 4922 sapien-

1922 4946 2011 5000 tia:
2047 4943 2293 5014 recipere
2344 4944 2582 5015 possint,
2644 4958 2769 4998 cum
2825 4942 2893 4998 ad
2936 4944 3189 4999 alendum
3244 4959 3384 5014 opus
3432 4942 3504 4999 sit

1919 5039 2085 5093 etiam
2115 5036 2357 5101 maxilla,
2393 5052 2513 5105 quae
2535 5037 3014 5091 ratiocinationum
3041 5036 3296 5091 dentibus
3320 5036 3502 5091 cibum

1922 5128 2069 5183 hunc
2107 5127 2465 5184 comminuat.
2539 5127 2882 5198 Quapmpter
2915 5136 2970 5183 et
3017 5127 3268 5181 maxillas
3297 5127 3351 5181 in
3384 5142 3507 5181 cor-

1918 5237 2052 5294 pore
2076 5220 2277 5277 Christi
2311 5236 2435 5276 esse
2463 5236 2691 5276 necesse
2725 5227 2809 5276 est
2858 5220 2926 5276 iis
2964 5220 3057 5291 qui
3100 5235 3208 5274 non
3268 5220 3505 5290 amplius
3546 5212 3551 5219 ’

1919 5313 2136 5386 papilla:
2170 5313 2332 5369 Verbi
2372 5313 2671 5376 adhaerent,
2706 5311 2802 5368 sed
2828 5312 3010 5366 cibum
3043 5312 3153 5381 jam
3186 5312 3505 5367 solitliorem

1922 5412 2204 5477 expetunt,
2240 5406 2308 5461 de
2339 5404 2541 5476 quibus
2571 5420 2719 5460 nunc
2747 5418 2949 5475 sponsa
2979 5404 3225 5475 loquitur
3264 5406 3317 5460 in
3354 5405 3508 5460 hisce

1922 5498 2141 5554 verbis:
2194 5494 2439 5553 Maxilla:
2485 5498 2655 5568 ipsius
2706 5508 2961 5569 tanquam
2996 5497 3260 5552 aromatis
3307 5498 3507 5568 phiala:

1925 5607 2042 5661 quae
2071 5593 2347 5662 proferunt
2376 5598 2664 5661 unguenta.
2718 5588 3008 5644 Enimvero
3043 5606 3270 5661 poscere
3308 5589 3508 5647 seriem

1925 5679 2122 5752 ipsam,
2168 5691 2227 5739 ut
2265 5683 2333 5740 de
2360 5680 2599 5737 maxillis
2626 5680 2865 5751 dicatur,
2904 5681 3079 5737 oculis
3102 5683 3215 5754 jam
3257 5681 3505 5739 consido.
