4018 6360
655 383 794 440 1065

1893 370 1953 428 S.
1995 368 2325 429 GREGORH
2357 367 2652 427 NYSSENI
3734 370 3816 428 lilii

652 504 812 570 ratis,
847 497 1026 557 cuivis
1055 514 1179 554 esse
1203 498 1556 568 perspicuum
1589 494 1848 562 arbitror,
1879 497 1973 567 qui
2003 497 2239 568 pruden-

2232 525 2241 537 -
2267 499 2313 557 Α
2344 493 2585 558 συνετῶς
2627 491 2892 546 ἐπαΐοντι.
2928 489 3027 546 Διά
3061 486 3220 542 τοῦτο
3258 488 3364 559 γὰρ
3393 487 3494 559 χρὴ
3521 485 3602 543 τὸν
3628 487 3819 559 ὀφθαλμὼ

655 603 740 650 ter
786 595 903 648 haec
947 591 1119 646 audit.
1162 589 1295 643 Nam
1341 598 1628 660 propterea
1658 589 1830 644 debet
1855 588 1924 642 ad
1970 603 2238 659 aquarum

654 683 1023 754 spiritualium
1072 681 1286 751 copiam
1339 679 1593 734 assidens
1627 679 1841 744 oculus,
1896 679 2100 734 erroris
2144 693 2241 734 ex-

653 781 805 841 perte
837 786 902 825 ac
947 770 1174 824 minime
1206 769 1559 824 fraudulento
1606 769 1747 824 lacte
1793 769 1986 833 lavari,
2042 769 2238 824 similis

653 861 832 916 factus
866 859 1136 914 columba:
1163 859 1420 928 simplici,
1463 865 1523 912 ut
1553 873 1777 912 suorum
1813 859 2078 912 bonorum
2109 872 2237 927 par-

654 952 848 1022 tieipes
881 951 1073 1005 reddat
1102 965 1296 1005 omnes
1353 951 1445 1020 qui
1485 953 1551 1002 ad
1586 948 1846 1004 Ecclesia:
1875 964 2074 1018 corpus
2115 964 2240 1018 per-

652 1045 848 1098 tinent.
886 1043 962 1096 Ea
1001 1044 1070 1098 de
1100 1058 1266 1098 causa
1301 1059 1530 1111 magnus
1588 1043 1752 1095 etiam
1787 1040 1955 1096 Isaias
1984 1059 2108 1098 eum
2147 1047 2237 1114 qui

651 1138 762 1190 vita
795 1153 892 1192 sua
922 1137 1034 1205 jam
1068 1137 1356 1192 sublimem
1385 1137 1439 1189 in
1472 1146 1708 1189 montem
1743 1137 2049 1192 ascenderit
2091 1138 2239 1193 clara

650 1245 786 1283 voce
822 1229 1061 1283 clamare
1087 1227 1263 1298 jubet,
1303 1235 1364 1282 ut
1402 1243 1466 1280 ex
1505 1228 1622 1298 ipso
1657 1237 1994 1297 cognoscant
2023 1230 2238 1284 audito-

652 1335 742 1374 res
795 1319 1180 1374 adventantem
1234 1332 1359 1371 cum
1415 1316 1612 1372 robore
1653 1314 1960 1380 Dominum,
1998 1322 2054 1371 et
2105 1315 2238 1370 illud

651 1411 832 1482 ipsum
870 1409 1156 1464 brachium
1220 1406 1365 1478 quod
1395 1422 1518 1462 cum
1565 1413 1837 1478 potestate
1867 1415 2066 1463 creatis
2101 1422 2241 1477 pra:-

651 1510 736 1557 est
775 1507 1134 1572 cognoscant,
1188 1514 1312 1554 eum
1348 1499 1440 1569 qui
1479 1514 1694 1570 gregem
1731 1501 1925 1571 pascit,
1975 1512 2030 1555 et
2067 1513 2239 1570 agnos

651 1595 880 1665 colligit,
937 1609 1001 1648 ac
1031 1607 1129 1664 per
1164 1607 1290 1662 spes
1328 1591 1500 1646 bonas
1534 1593 1751 1662 egregie
1811 1591 1949 1647 fetas
1996 1592 2240 1647 oviculas

651 1690 996 1748 consolatur,
1029 1686 1122 1756 qui
1150 1687 1329 1756 palmo
1375 1687 1574 1740 cmlum
1607 1686 2012 1755 complectitur,
2042 1698 2096 1741 et
2127 1693 2236 1740 ter-

651 1796 770 1835 ram
822 1779 1134 1833 universam
1187 1791 1368 1847 pugno
1406 1777 1780 1846 constringit:
1843 1776 2045 1845 quibus
2101 1775 2239 1831 adde

651 1879 849 1926 cmtera
909 1839 1443 1940 quzecunquevliber
1490 1868 1578 1922 hic
1623 1839 1902 1938 prophetie
1977 1875 2240 1937 praat—erea
2271 1839 2314 1898 θ

649 1969 1043 2019 commemorat
1079 1961 1152 2014 illi
1189 1960 1536 2030 praedicanda
1594 1961 1689 2030 qni
1732 1959 1936 2014 montis
1980 1961 2244 2016 verticem

648 2053 1054 2110 conscenderit.
1103 2051 1286 2122 Quare
1321 2052 1366 2106 si
1418 2066 1537 2106 eam
1580 2050 1755 2122 ipsam
1797 2051 1866 2106 ob
1896 2066 2120 2106 causam
2158 2053 2240 2107 vis

648 2158 918 2213 aquarum
950 2152 1005 2198 et
1041 2143 1198 2196 lactis
1234 2143 1505 2212 contingit
1545 2142 1722 2196 oculis
1759 2142 1825 2195 ad
1868 2143 2114 2199 veritatis
2145 2158 2240 2198 co-

647 2236 974 2305 gnitionem,
1023 2241 1172 2289 recte
1220 2243 1388 2304 atque
1428 2234 1622 2290 ordine
1661 2234 1963 2289 secundum
1994 2251 2090 2291 eos
2119 2251 2240 2290 ma-

647 2326 792 2380 xillae
827 2326 1144 2389 laudantur,
1195 2341 1430 2394 quarum
1480 2341 1681 2381 munus
1713 2337 1798 2381 est
1842 2329 2238 2382 nutrimentum

648 2419 1046 2482 comminuere,
1093 2433 1202 2489 quo
1249 2417 1501 2489 corporis
1543 2418 1623 2474 vis
1655 2433 1719 2472 ac
1757 2425 1955 2473 natura
2017 2433 2242 2476 conser-

647 2518 832 2565 Villlll'.

726 2602 1023 2659 Videamus
1050 2619 1182 2674 ergo
1215 2617 1451 2674 quanam
1478 2603 1534 2659 in
1563 2618 1624 2660 re
1657 2603 1762 2659 sita
1793 2603 1866 2659 sit
1894 2604 2237 2681 maxillarum

645 2696 790 2750 laus.
820 2695 1122 2750 Audiamus
1167 2695 1340 2765 ipsam
1385 2709 1669 2766 sponsam,
1705 2697 2015 2766 cujusmodi
2059 2696 2125 2752 de
2157 2698 2238 2753 eis

646 2796 1060 2843 commemoret.
1129 2787 1377 2842 Maxilla:
1437 2790 1605 2858 ipsius
1669 2798 1923 2860 tanquam
1982 2791 2238 2845 aromatis

645 2879 862 2949 phialae,
898 2895 1014 2950 qua:
1036 2880 1312 2948 proferunt
1338 2888 1630 2950 unguenta.
1657 2879 1870 2944 Quibus
1899 2879 1953 2932 in
1985 2880 2164 2935 verbis
2188 2881 2237 2936 si

647 2972 860 3042 Species
914 2971 1006 3024 illa
1062 2971 1386 3040 poculorum
1447 2969 1632 3040 patula
1673 2984 1769 3040 per
1817 2971 2235 3043 appellationem

646 3063 846 3134 phiala;
879 3061 1240 3132 significatur,
1270 3077 1391 3132 quae
1429 3062 1500 3116 ita
1530 3061 1778 3116 confecta
1815 3070 1920 3128 est,
1958 3071 2018 3116 ut
2056 3063 2235 3120 omnis

2337 587 2416 658 τῷ
2465 586 2794 658 πληρώματι
2847 583 2957 638 τῶν
3022 581 3408 654 πνευματικῶν
3469 581 3654 636 ὑδάτων
3710 599 3814 654 προσ-

2338 677 2627 750 εδρεύοντα
2652 678 2728 748 τῷ
2753 677 2986 730 ἀπλανεῖ
3000 693 3061 730 τε
3084 676 3180 729 καὶ
3196 673 3366 745 ἀδόλῳ
3381 670 3616 726 λούεσθαι
3632 672 3816 740 γάλακτι,

2337 773 2402 842 τῇ
2453 770 2649 840 ἀκάκῳ
2714 769 3012 840 περιστερᾷ
3067 765 3440 836 ὁμοιούμενον,
3487 764 3570 817 ἵνα
3613 767 3816 824 κοινωνοὺς

2339 866 2539 936 ποιήσῃ
2570 862 2680 916 τῶν
2726 863 2872 917 ίδίων
2920 860 3139 929 ἀγαθῶν
3168 861 3377 923 πάντας
3419 857 3540 920 τοὺς
3575 858 3625 921 ἐς
3647 857 3694 909 τὸ
3717 857 3817 924 σῶμα

2341 951 2728 1018 συντελοῦντας
2764 952 2862 1023 τῆς
2892 947 3240 1022 Ἐκκλησίας.
3279 942 3353 1003 υῦ
3377 948 3530 1020 χάριν
3553 947 3637 1000 καὶ
3661 949 3684 999 ὁ
3707 947 3816 1016 μέγας

2354 1045 2617 1107 Ἡσαΐας,
2651 1045 2744 1097 τὸν
2786 1043 2880 1095 ἐπὶ
2920 1042 2982 1095 τὸ
3027 1042 3152 1112 ὅρος
3191 1041 3250 1094 τὸ
3297 1039 3496 1110 ὑψηλὸν
3527 1036 3817 1092 ἀναϐάνταδιᾶ

2340 1135 2440 1205 τῆς
2477 1133 2751 1198 πολιτείας
2798 1132 2925 1204 βοᾷν
2965 1131 3336 1186 διακελεύεται
3381 1131 3599 1202 λαμπρᾷ
3623 1131 3678 1200 τῇ
3705 1129 3816 1197 φωνῇ.

2342 1224 2486 1279 ὥστε
2528 1225 2730 1294 γνῶναι
2770 1223 2838 1277 δι’
2887 1222 3053 1278 αὑτοῦ
3100 1223 3227 1285 τοὺς
3273 1222 3588 1284 ἀκούοντας,
3619 1219 3694 1272 τὺν
3731 1220 3817 1288 μετὰ

2347 1317 2530 1386 ἰσχύος
2571 1317 2865 1388 ἐρχόμενον
2892 1314 3118 1386 Κύριον,
3153 1315 3248 1368 καὶ
3280 1313 3369 1366 τὸν
3407 1310 3738 1379 ὲξουσιάζοντα

2339 1409 2508 1463 ὄντων
2539 1408 2797 1480 βραχίονα
2815 1448 2830 1473 ,
2863 1407 2952 1461 τὸν
2977 1407 3331 1476 ποιμαίνοντα
3350 1405 3410 1459 τὸ
3441 1403 3665 1476 ποίμνιον
3686 1401 3816 1461 αὑτοῦ,

2340 1503 2436 1555 καὶ
2461 1504 2588 1565 τοὺς
2617 1502 2788 1572 ἄρνας
2821 1499 3123 1568 συνάγοντα
3147 1539 3162 1564 ,
3193 1500 3290 1551 καὶ
3327 1498 3425 1562 τὰς
3458 1497 3624 1560 καλῶς
3665 1496 3732 1548 διὰ
3752 1495 3818 1546 τῶν

2341 1592 2562 1657 ἀγαθῶν
2619 1592 2852 1646 ἐλπίδων
2910 1590 3285 1662 κυοφορούσας
3339 1586 3738 1660 παρακαλοῦντα,
3766 1586 3817 1636 τὶν

2341 1685 2652 1754 διειληφότα
2701 1685 2793 1739 τὸν
2837 1685 3066 1757 οὐρανὸν
3120 1684 3397 1754 σπιθαμῇ,
3458 1681 3548 1735 διαὶ
3590 1683 3730 1734 πᾶσαν
3761 1677 3818 1744 τὴν

2341 1779 2445 1849 γῆν
2470 1778 2632 1849 δρακ)⁵
2651 1777 3084 1849 περισφίγγοντα
3106 1793 3117 1807 ⁸
3151 1777 3246 1829 καὶ
3268 1776 3369 1828 ὅσα
3399 1773 3530 1828 ἄλλα
3554 1772 3670 1844 πρὸς
3686 1768 3818 1828 τούτοξς

2341 1871 2374 1940 ἡ
2431 1869 2741 1939 προφητεία
2790 1869 2924 1938 φησὶ
2967 1867 3076 1920 δεῖν
3129 1866 3279 1937 παρὰ
3314 1865 3411 1920 τοῦ
3461 1867 3557 1937 τῆς
3601 1861 3818 1934 ἀκρωρεᾱις

2342 1961 2734 2029 ὲπιὸεόηκότος
2779 1961 3174 2034 κηρύσσεσθαι.
3229 1961 3292 2012 Εἰ
3338 1959 3516 2012 τοίνυν
3562 1957 3643 2010 ἐπὶ
3690 1954 3818 2009 τούτων

2341 2053 2548 2122 γίνεται
2590 2056 2702 2116 τοῖς
2738 2052 3040 2123 ὀφθαλμοῖς
3071 2053 3105 2122 ἡ
3150 2053 3216 2104 ἐκ
3242 2051 3350 2103 τῶν
3381 2051 3584 2104 ὑδάτων
3605 2065 3655 2100 τε
3680 2041 3818 2099 καὶτιιῦ

2341 2144 2610 2213 γάλακτος
2633 2145 2862 2216 δύναμις
2894 2144 3031 2217 πρὸς
3061 2143 3162 2216 τὴν
3185 2144 3286 2214 τῆς
3317 2142 3568 2212 ἀληθείας
3594 2139 3816 2208 ἐπίγνωσιν.

2341 2239 2650 2304 ἀκολούθως
2691 2238 3036 2293 ἐπαινοῦνται
3085 2237 3201 2308 μετ’
3249 2237 3493 2299 ἐκείνους
3532 2235 3585 2288 αἱ
3627 2231 3816 2298 σιαγόνες.

2339 2322 2413 2382 ὧν
2448 2328 2610 2400 ἔργον
2636 2330 2754 2382 ἐστὶ
2780 2330 2841 2384 τὸ
2860 2329 3204 2382 λεπτοποιεῖν
3229 2327 3325 2400 τὴν
3351 2326 3557 2400 τροφὴν
3584 2325 3641 2378 δι’
3658 2317 3816 2394 ἧςήτῡῦ

2343 2420 2597 2493 σώματος
2625 2422 2974 2492 συντηρεῖται
2997 2419 3158 2489 φύσις
3191 2421 3286 2473 καὶ
3317 2419 3565 2490 δύναμις.

2419 2606 2648 2678 ἰδωμεν
2675 2606 2854 2660 τοίνυν
2875 2606 2932 2660 ἐν
2958 2605 3065 2659 τίνι
3087 2604 3196 2659 τῶν
3233 2604 3497 2673 σιαγόνων
3516 2601 3646 2656 ἐστὶν
3674 2601 3696 2652 ὁ
3722 2597 3816 2649 ἐπαι-

2342 2719 2430 2765 νος
2458 2701 2646 2770 αὐτῆς.
2691 2700 3036 2771 Ἀκούσωμεν
3065 2699 3167 2770 τῆς
3195 2697 3434 2770 νύμφης,
3464 2691 3547 2750 οἷα
3573 2693 3681 2765 περὶ
3703 2688 3815 2743 αὐτῶν

2341 2796 2697 2868 διεξέρχεται.
2749 2795 3034 2863 Σιιιγόνες
3077 2790 3300 2855 αὐτοῦ,
3347 2791 3541 2860 φησιν,
3575 2788 3644 2852 ὥς
3683 2783 3816 2852 φιάλαι

2339 2889 2446 2943 τοῦ
2478 2887 2814 2958 ἀρώματος,
2849 2885 3116 2954 φύουσαι
3148 2880 3474 2952 μυρεψικά.
3504 2881 3561 2932 Et
3587 2877 3640 2930 τὸ
3661 2871 3817 2944 Sinniu-

2344 2983 2505 3052 μένον
2555 2978 2662 3033 τῶν
2715 2976 3061 3047 ἐκπωμάτων
3101 2969 3242 3036 εἶδος
3286 2975 3315 3026 ό
3346 2971 3503 3040 λόγος
3548 2967 3750 3040 σημαίνει
3775 2959 3818 3028 τῷ

2340 3075 2438 3144 τῆς
2476 3072 2674 3143 φιάλης
2711 3070 2966 3138 ὀνόματι,
2998 3069 3056 3120 ἐν
3085 3059 3130 3135 ᾧ
3171 3065 3467 3120 κλέπτεται
3498 3063 3579 3117 διὰ
3611 3061 3692 3130 τῆς
3712 3072 3817 3144 iure

648 3153 969 3208 concavitas
1003 3153 1162 3224 quasi
1205 3152 1393 3205 furtim
1425 3167 1548 3208 sese
1572 3152 1842 3207 subducat
1876 3153 2075 3220 oculis,
2108 3169 2233 3207 cum

2229 3173 2309 3248 lc
2342 3143 2541 3234 σκευῆς
2594 3164 2628 3235 ἡ
2676 3161 2960 3232 κοιλότης,
3017 3158 3140 3212 οὒτε
3197 3158 3336 3226 ἄγαν
3400 3152 3723 3248 βαθυνομένω

649 3247 822 3318 ﬁgura
866 3245 986 3315 ejus
1031 3259 1140 3299 non
1182 3245 1348 3299 nimis
1399 3242 1670 3315 profunda
1708 3244 1799 3308 sit,
1856 3259 2034 3315 neque
2073 3261 2132 3301 se
2180 3246 2235 3299 in

649 3347 857 3392 rectum
892 3337 1048 3406 quasi
1092 3335 1394 3405 resupinet,
1431 3350 1541 3389 non
1583 3341 1841 3390 accurate
1867 3351 2109 3392 concava
2151 3338 2232 3391 vi-

647 3428 862 3491 deatur,
890 3443 1066 3498 neque
1098 3428 1256 3496 plana
1285 3445 1300 3495 ;
1343 3428 1389 3482 si
1424 3441 1555 3497 ergo
1583 3427 1743 3482 talem
1776 3428 2095 3497 poculorum
2120 3444 2239 3499 spe-

648 3522 789 3576 ciem
821 3536 1024 3591 sponsa
1062 3536 1158 3590 per
1186 3519 1420 3590 phialam
1456 3519 1743 3589 intelligit:
1783 3521 2043 3574 nimirum
2075 3536 2242 3590 pecu-

647 3612 805 3667 liaris
836 3609 1084 3682 quaedam
1114 3610 1218 3664 erit
1244 3611 1402 3674 ratio,
1437 3611 1790 3681 quamobrem
1833 3611 1901 3665 ab
1933 3611 2035 3665 hac
2067 3610 2237 3682 ﬁgura

647 3704 887 3759 maxillae
923 3704 1234 3758 laudentur.
1285 3702 1419 3756 Nam
1466 3705 1648 3759 dicere
1699 3705 1898 3774 poterit
1940 3705 2237 3776 quispiam,

649 3798 704 3854 in
736 3794 1124 3869 praedicatione
1153 3797 1521 3868 simplicitatis
1551 3797 1817 3852 doctrina:
1844 3799 2000 3868 quasi
2041 3799 2239 3869 patulae

649 3890 984 3960 minimeque
1014 3889 1378 3946 fraudulentae
1437 3891 1768 3946 mentionem
1803 3891 2000 3961 phialae
2039 3890 2237 3947 iactant

649 3997 807 4036 esse:
849 3984 904 4034 in
952 3995 1058 4051 qua
1099 3980 1261 4035 vetita
1293 3978 1639 4050 profunditas
1677 3997 1705 4034 a
1739 3980 2011 4052 Propheta
2059 3982 2237 4037 locum

653 4071 855 4125 habere
888 4087 996 4124 non
1034 4078 1234 4141 potest,
1266 4086 1388 4124 cum
1419 4071 1523 4124 ait:
1562 4071 1769 4141 Eripiat
1802 4072 1870 4126 ab
1904 4074 1968 4127 iis
1999 4075 2087 4144 qui
2117 4074 2240 4128 ode—

651 4172 776 4217 runt
810 4181 910 4228 me,
953 4173 1002 4218 et
1041 4179 1106 4218 ea:
1131 4165 1283 4236 aquis
1311 4163 1590 4233 profundis
1618 4166 1683 4220 “.
1718 4164 1905 4235 itaque
1932 4165 2236 4232 veritatem,

652 4273 775 4328 qua:
799 4259 852 4312 in
882 4257 1236 4327 simplicitate
1273 4259 1525 4328 patescit,
1547 4259 1758 4329 absque
1772 4255 2239 4314 ultafraudulenta

651 4351 1016 4415 concavitate,
1064 4365 1159 4420 per
1187 4366 1374 4406 vocem
1420 4351 1614 4420 phialre
1647 4351 1944 4422 signiﬁcari
1977 4352 2237 4416 dicimus,

651 4442 811 4510 cujus
860 4441 1080 4510 quidem
1129 4440 1388 4501 materies
1435 4439 1506 4495 sit
1555 4454 1762 4506 aroma,
1817 4455 2017 4496 munus
2057 4446 2236 4495 autem

653 4534 896 4605 proferre
923 4541 1224 4603 unguenta.
1253 4523 1484 4588 Maxilla:
1515 4534 1710 4604 ipsius,
1748 4534 1947 4604 inquit,
1978 4545 2234 4605 tanquam
2269 4561 2311 4615 Ι)

653 4627 917 4680 aromatis
951 4626 1164 4696 phialae,
1209 4640 1320 4680 non
1367 4642 1433 4681 ex
1472 4635 1698 4697 argento
1735 4626 1912 4691 factae,
1960 4627 2046 4682 vel
2081 4641 2236 4687 auro,

659 4719 736 4773 vel
773 4719 935 4783 vitro,
979 4719 1060 4773 vel
1089 4719 1195 4772 alia
1221 4720 1477 4788 quapiam
1505 4719 1819 4789 hujusmodi
1861 4720 2108 4786 materie,
2144 4718 2236 4774 sed

654 4811 775 4882 ipso
810 4826 876 4865 ex
909 4820 1172 4876 aromate,
1209 4811 1353 4881 quod
1393 4812 1483 4865 illa
1522 4812 1763 4882 proferat
1802 4811 1869 4866 de
1907 4811 2106 4882 quibus
2138 4827 2240 4864 un-

653 4911 853 4975 guenta
891 4909 1174 4972 parantur.
1203 4903 1380 4973 Atque
1411 4918 1475 4958 ex
1509 4904 1593 4956 his
1625 4905 1736 4972 jam
1762 4903 1908 4956 haud
1952 4902 2117 4957 dubie
2140 4901 2240 4956 ho-

657 5011 777 5048 rum
830 4993 1121 5048 verborum
1166 4994 1437 5048 sententia
1487 4995 1774 5063 perspicua
1807 5001 1921 5049 est:
1976 4993 2236 5048 nimirum

652 5101 775 5142 esse
810 5085 1092 5155 proprium
1127 5083 1279 5154 puris
1304 5084 1563 5139 Ecclesiae
1596 5085 1794 5150 oculis,
1828 5092 1888 5139 ut
1918 5085 2079 5140 talem
2116 5099 2239 5138 cor-

653 5178 772 5248 pori
796 5177 980 5232 cibum
1007 5183 1336 5246 praeparent,
1363 5189 1460 5244 per
1486 5175 1738 5230 maxillas
1759 5175 2166 5230 comminuendi
2187 5173 2236 5228 vi

655 5270 942 5338 praeditas,
977 5282 1086 5337 quo
1113 5266 1249 5321 nihil
1275 5265 1605 5336 profundum
1633 5281 1699 5320 ac
1729 5268 1902 5321 latens
1934 5267 1988 5321 in
2025 5267 2092 5321 iis
2116 5280 2237 5336 qum

655 5361 915 5417 dicuntur
944 5358 1339 5428 conspiciatur,
1383 5357 1478 5412 sed
1518 5356 1702 5411 omnia
1737 5357 1849 5410 sint
1869 5356 2140 5427 dilucida,
2172 5355 2238 5410 li-

654 5449 804 5517 bera,
836 5451 906 5506 ab
944 5449 1091 5505 omni
1122 5447 1473 5504 fraudulenta
1499 5448 1868 5504 occultatione
1885 5463 1965 5501 -ac
2003 5445 2236 5517 profun-

656 5542 824 5599 ditate
849 5552 1123 5612 separata,
1157 5542 1230 5597 ita
1272 5550 1330 5596 ut
1359 5541 1544 5612 pueris
1573 5539 1738 5594 etiam
1779 5537 2067 5594 manifesta
2101 5541 2232 5604 sint,

663 5636 1114 5702 quemadmodum
1147 5641 1308 5697 Vates
1341 5636 1434 5702 ait,
1495 5632 1878 5689 Testimonium
1915 5630 2128 5686 Domini
2159 5639 2236 5686 est

729 5813 769 5846 "
808 5811 952 5867 Psal.
977 5826 1170 5880 vam,
1199 5812 1285 5867 15.

2343 3255 2652 3325 σχήματος,
2695 3251 2820 3306 οὔτε
2868 3251 2936 3303 δι’
2965 3249 3181 3312 εὐθείας
3215 3245 3634 3312 ἐξυπτιάζοντος,
3659 3242 3716 3304 ὡς
3736 3238 3816 3308 μήτε

2339 3346 2519 3399 κοῖλον
2545 3342 2785 3416 ἀκριϐῶς
2819 3337 2958 3394 εἶναι
2990 3339 3167 3392 δοκεῖν
3186 3377 3198 3400 ,
3240 3339 3377 3409 μήτε
3406 3336 3673 3390 ἐπίπεδον·
3699 3332 3733 3382 εἰ
3751 3325 3816 3379 τοί·

2338 3453 2435 3492 νυν
2481 3437 2544 3490 τὸ
2575 3434 2816 3489 τοιοῦτον
2859 3431 2996 3495 εἶδος
3041 3429 3386 3483 ὑποδείκνυσι
3416 3428 3503 3482 διὰ
3531 3427 3621 3496 τῆς
3645 3414 3818 3492 φιάληςῆ

2339 3529 2527 3599 νύμφη
2547 3544 2561 3558 ⁹
2613 3526 2742 3578 ἴδιον
2775 3523 2842 3578 ἂν
2870 3523 2982 3594 ἔχοι
3020 3521 3178 3591 λόγον
3207 3521 3271 3574 ἐκ
3297 3518 3388 3572 τοῦ
3426 3519 3676 3590 σχήματος
3701 3507 3818 3599 τούτου

2337 3597 2446 3673 τῶν
2481 3597 2746 3686 σιαγόνων
2766 3618 2793 3670 ὁ
2823 3615 3061 3677 ἔπαινος.
3096 3614 3256 3666 Εἴποι
3284 3610 3393 3681 γὰρ
3420 3612 3486 3664 ἄν
3513 3625 3591 3672 τις
3622 3605 3673 3658 τὸ
3689 3597 3819 3656 ἁπλοῦν

2339 3731 2410 3786 τε
2457 3713 2551 3766 καὶ
2593 3708 2970 3780 διηπλωμένον
3023 3706 3116 3763 καὶ
3180 3704 3361 3760 ἄδολον
3411 3703 3511 3772 τῆς
3567 3688 3821 3786 διδασκαλία

2343 3783 2631 3859 ἐπαινέσαι
2674 3801 2764 3855 τὸν
2807 3799 2963 3868 λόγον
2997 3795 3316 3868 βουλόμενον
3348 3795 3564 3865 μνήμην
3590 3793 3675 3860 τῆς
3697 3783 3820 3855 φιάλης

2341 3895 2698 3968 ποιήσασθαι·
2747 3893 2804 3944 ἐν
2845 3882 2888 3958 ᾧ
2917 3888 2978 3943 τὸ
3024 3884 3473 3956 ἀπηγορευμένον
3511 3880 3606 3936 ὑπὸ
3639 3871 3820 3968 toti-Upo—

2341 3965 2513 4056 φήτδυ
2564 3982 2726 4055 βάθος
2783 3981 3044 4050 συστῆναι
3091 3976 3155 4049 οὐ,
3195 3974 3447 4041 δύναται,
3491 3971 3580 4026 τοῦ
3629 3965 3818 4021 εἰπόντκι

2353 4053 2676 4145 λιέυσθείην
2705 4075 2774 4128 ἐκ
2810 4071 2930 4128 τῶν
2946 4069 3290 4140 μισούντωύ
3313 4067 3411 4138 μὲ,
3444 4065 3538 4120 καὶ
3562 4064 3623 4118 ἐκ
3645 4053 3820 4119 τῶνβθ

2340 4171 2492 4227 θέων
2517 4169 2635 4223 τῶν
2666 4164 2919 4222 ὑδάτων.
2951 4162 3060 4232 Τὴν
3087 4155 3178 4214 οὖν
3205 4161 3262 4213 ἐν
3299 4157 3554 4229 ἁπλότητι
3581 4146 3821 4225 φαινομένην

2340 4265 2597 4336 ἀλήθειαν
2635 4260 2758 4332 δίχα
2804 4257 2948 4320 τινὸς
2989 4255 3210 4326 δολερᾶς
3254 4252 3561 4324 κοιλότητάς
3605 4259 3746 4317 φαμεν

2340 4326 2440 4409 τοῦ.
2474 4326 2736 4423 ὀνόματος
2773 4349 2874 4419 τῆς
2918 4347 3112 4416 φιάλης
3147 4344 3538 4414 σημαίνεσθαι,
3577 4336 3640 4410 ἧς
3661 4337 3736 4404 iiii;
3761 4326 3820 4400 μέν

2342 4450 2459 4501 ἐστι
2489 4446 2550 4499 τὸ
2593 4446 2820 4517 ἀρωμαο
2867 4440 3027 4511 ἔργον
3060 4439 3119 4492 δὲ
3159 4437 3220 4491 τὸ
3267 4435 3421 4507 φύειν
3457 4425 3817 4521 μυρεψικάίὶεξις

2342 4537 2498 4606 γόνες
2525 4535 2635 4607 γὰρ
2690 4529 2854 4587 αὐτοῦ
2905 4531 2977 4594 ὡς
3012 4529 3198 4599 φιάλαι
3241 4527 3333 4580 τοῦ
3363 4525 3666 4598 ἀρώματος,
3691 4517 3763 4610 ait

2343 4628 2584 4701 ἀργύρου
2605 4606 2946 4696 γενόμεναι,
2975 4621 3007 4692 ἦ
3040 4617 3241 4692 χρυσοῦ
3261 4659 3276 4683 ,
3306 4617 3339 4688 ἢ
3367 4616 3600 4687 ὑὲλου,.ἧ
3622 4625 3734 4670 τινας
3752 4606 3816 4702 tci-

2345 4736 2443 4789 ρας
2477 4717 2608 4788 ὕλης
2638 4714 2894 4783 τοιαύτης
2913 4753 2928 4776 ,
2960 4710 3073 4764 ἀλλ’
3108 4707 3272 4762 αὐτοῦ
3305 4705 3398 4759 τοῦ
3429 4705 3692 4778 ἀρώματος
3713 4705 3816 4789 ταυτα

2342 4812 2400 4876 ἐξ
2435 4807 2614 4863 αὐτῶν
2656 4805 2896 4874 φύουσα,
2944 4803 3012 4856 δι’
3039 4795 3114 4856 ὧν
3145 4799 3213 4853 τὰ
3253 4798 3397 4869 μύρα
3430 4788 3814 4876 κατασκευάζεται

2342 4873 2526 4972 Σαφὴς
2573 4901 2630 4954 δὲ
2672 4873 2889 4960 πάντως
2939 4895 3086 4948 ἐστὶν
3129 4895 3161 4964 ἡ
3208 4890 3298 4944 διὰ
3326 4889 3434 4943 τῶν
3475 4884 3736 4960 εἰρημένων
3753 4873 3815 4928 τά(

2347 4971 2530 5066 ῥητοῖς
2571 4991 2783 5052 τούτοις
2835 4983 3246 5057 ἐνθεωρουμὲνη
3285 4981 3516 5046 διάνοια,
3544 4971 3727 5032 ὅτιτῶν
3761 4978 3816 5016 κε’

2346 5063 2526 5157 θαρῶν
2557 5082 2657 5152 τῆς
2716 5075 3044 5146 Ἐκκλησίας
3083 5072 3345 5143 ὀμμάτων
3374 5071 3490 5126 ἐστὶ
3526 5063 3813 5157 τοιαύτη-απαξ

2347 5155 2708 5250 ρασκευάζειν
2751 5167 2828 5240 τῷ
2873 5167 3084 5237 σώματι
3118 5163 3213 5234 τὴν
3252 5163 3475 5234 τροφὴν,
3525 5163 3585 5229 τῇ
3628 5155 3813 5250 lata-Vni!

2343 5267 2452 5320 τῶν
2487 5267 2751 5334 σιαγόνων
2784 5261 3030 5331 δυνάμει,
3061 5257 3137 5321 ὡς
3169 5255 3335 5327 μηδὲν
3372 5253 3501 5325 βαθύ
3533 5269 3589 5305 τε
3614 5247 3690 5302 καὶ
3712 5241 3814 5334 ὕφ’

2341 5359 2430 5414 λον
2464 5361 2522 5412 ἐν
2567 5359 2681 5420 τοῖς
2727 5353 3047 5424 λεγομένοις
3094 5347 3357 5420 ὁρᾶσθαι·
3412 5346 3522 5400 ἀλλ’
3554 5339 3673 5395 εἶναι
3704 5331 3814 5385 eam

2341 5451 2588 5526 τηλαυγῆ
2625 5467 2685 5502 τε
2729 5450 2824 5502 καὶ
2857 5444 3149 5516 ἐλεύθερα,
3185 5442 3278 5496 καὶ
3323 5439 3499 5510 πάσης
3525 5431 3713 5526 δολερᾶς
3745 5424 3814 5526 iiii

2343 5509 2592 5612 κρύψεὼξ
2617 5537 2710 5592 καὶ
2738 5509 3466 5606 βαθύτητοςῑκεχωρισμέναέ
3495 5529 3566 5592 ὡς
3584 5509 3813 5584 niveam:

2343 5611 2480 5687 εἶναι
2516 5630 2825 5701 κατάδηλα,
2857 5625 3038 5691 καθώς
3085 5641 3245 5696 φησιν
3273 5626 3301 5679 ὁ
3325 5622 3629 5696 Προφήτης’
3667 5611 3812 5676 Ἡμ¹³ι¹⁵
