4018 6360
172 400 325 459 1065

1214 396 1279 458 ΙΝ
1310 396 1609 464 ΕΑΝῊΟΑ
1634 398 1921 461 “omne.
1963 398 2243 460 NOMINA
2286 398 2425 457 XIV.

3314 405 3335 457 Ι
3349 403 3450 461 υθιὶ

167 518 355 586 topia
404 514 629 585 Κυρίου
677 514 898 584 πιστὴ,
952 514 1285 586 σοφίζουσα
1318 519 1539 586 νήπια*
1588 520 1629 588 ἠ
1666 519 1762 572 ἐν-

1867 514 2042 581 ﬁdelc,
2094 532 2156 570 ac
2187 532 2377 585 pueros
2411 512 2604 580 erudit,
2632 522 2955 582 pru‘ceplum
2996 509 3214 568 Domini
3251 514 3448 572 diluci-

169 605 333 673 τολὴ
372 608 596 674 Κυρίου
627 604 969 673 τηλαυγὴς,
1010 604 1345 675 φωτίζουσα
1393 606 1760 676 ὀφθαλμούς.

173 696 243 752 Ei.
291 697 399 768 γάρ
430 695 677 750 τοιαῦται
711 692 822 750 εἷεν
867 699 922 751 αί
961 698 1149 767 φιάλαι
1178 698 1273 752 τοῦ
1315 699 1487 768 Λόγου
1508 740 1523 762 ,
1552 699 1651 751 ούκ
1699 699 1765 751 ὲκ

169 784 285 861 τῆς
327 789 524 860 γηῖνης
554 778 685 857 ὕλης
703 788 947 858 δηλονότι
982 789 1367 861 συστήσονται⁶
1425 786 1544 841 ἀλλ’
1572 788 1637 839 ὲκ
1668 786 1764 840 τοῦ

172 871 479 951 apibva;
513 878 666 933 ἔσται
764 878 957 950 φύσις·
989 879 1198 933 ἐκείνου
1232 870 1377 948 λέγω
1410 877 1504 932 τοῦ
1538 877 1767 951 ἀρώμα-

170 990 297 1036 τος,
327 964 358 1025 δ
382 972 523 1044 ὑπὲρ
544 971 721 1026 πάντα
747 971 817 1026 τὰ
844 972 1115 1044 ἀρώματά
1139 989 1304 1043 φησιν
1334 967 1471 1025 εἶναι
1501 973 1535 1041 ἡ
1557 970 1767 1042 νύμφη,

174 1067 238 1118 ὲν
286 1066 397 1128 τοῖς
441 1064 745 1136 προοιμίοις
783 1064 879 1119 τοῦ
926 1066 1226 1137 ’ᾼσματος.
1273 1063 1511 1135 Τοιαύτη
1541 1063 1706 1135 φιάλη
1739 1065 1769 1117 6

176 1155 400 1221 Παῦλος
432 1152 531 1225 ἦν,
560 1159 590 1212 6
630 1158 707 1228 μὴ
753 1156 810 1210 ὲν
848 1156 1154 1227 πανουργίᾳ
1184 1150 1276 1209 τὸν
1310 1155 1490 1224 λόγον,
1532 1155 1666 1209 ἀλλά
1697 1150 1766 1226 τῇ

176 1247 490 1319 φανερώσει
521 1248 621 1319 τῆς
667 1246 922 1317 ἀληθείας
964 1242 1160 1302 ἑαυτὸν
1206 1246 1556 1301 συνιστάνων.
1611 1241 1685 1301 OB
1732 1248 1767 1319 ἡ

176 1339 286 1411 ὕλη
313 1339 375 1393 τὸ
391 1341 456 1394 ἐκ
474 1341 577 1412 γῆς
603 1335 743 1394 εἶναι
764 1334 1015 1405 ἀπέθετο,
1037 1339 1129 1409 ἀφ’
1156 1333 1218 1394 οὗ
1236 1338 1325 1393 διὰ
1345 1339 1438 1393 τοῦ
1457 1339 1767 1411 βαπτισμοῦ

174 1434 284 1495 τάς
321 1430 546 1495 λεπίδας
588 1430 698 1484 τῶν
725 1429 1019 1502 ὀφθαλμῶν
1064 1426 1132 1500 τῇ
1166 1424 1331 1500 σαρκὶ
1365 1428 1765 1483 συναπέϐαλενο

177 1524 301 1578 ἀλλ’
330 1525 396 1577 ὲκ
425 1522 520 1577 τοῦ
546 1522 897 1591 εύπνοοῦντος
922 1521 1214 1595 άρὼματος
1243 1519 1642 1591 ἀνεσκευάσθη,
1671 1517 1766 1573 τοῦ

176 1613 344 1680 ἁγίου
371 1611 691 1683 Πνεύματος
731 1612 922 1666 τέκνον
965 1611 1276 1682 γενόμενος.
1325 1612 1423 1675 ’ος
1464 1609 1650 1681 ἐπειδὴ
1682 1609 1769 1664 διὰ

178 1704 283 1773 τῆς
312 1704 572 1775 τοιαύτης
596 1704 856 1776 χαλκείας
882 1703 1115 1777 ἐκλογῆς
1137 1702 1331 1767 σκεῦος
1358 1701 1766 1773 κατεσκευάσθη

180 1795 325 1865 πρὸς
338 1795 439 1867 τὴν
460 1796 724 1867 οίνοχοῖαν
748 1794 843 1849 τοῦ
872 1794 1029 1864 λόγου
1060 1794 1224 1866 φιάλη
1249 1793 1557 1865 γενόμενος,
1586 1792 1768 1847 οὐκέτι

1868 607 2017 671 dum,
2048 610 2215 663 oculis
2252 609 2416 663 lucem
2445 608 2668 675 aﬂ‘ereus
2694 606 2760 661 ".
2802 606 3070 661 Nimirum
3105 607 3150 662 si
3180 609 3315 663 tales
3336 609 3446 665 sint

1869 697 2032 755 Verbi
2056 699 2284 770 phialae,
2315 698 2460 753 haud
2488 699 2649 753 dubie
2680 712 2794 752 non
2829 713 2894 752 es
2928 697 3034 751 ulla
3081 706 3296 755 terrena
3330 717 3449 755 ma-

1867 790 2005 844 terie
2030 788 2291 845 confectae
2322 793 2507 857 erunt,
2557 789 2653 844 sed
2675 788 2788 843 erit
2815 802 2880 842 ex
2920 795 3165 843 aromate
3199 790 3442 860 ipsarum

1866 887 2089 945 natura,
2119 880 2213 933 illo
2245 877 2467 949 inquam
2502 889 2768 942 aromate,
2798 877 2944 948 quod
2971 878 3235 936 excellere
3261 880 3444 936 omnia

1868 979 2114 1024 aromata
2171 968 2370 1041 captici
2426 967 2593 1037 hujus
2650 968 2809 1023 initio
2856 984 3057 1040 sponsa
3102 970 3255 1026 dicit.
3297 971 3447 1030 Talis

1869 1062 2053 1133 phiala
2076 1061 2280 1118 Paulus
2314 1070 2456 1127 erat,
2503 1061 2594 1131 qui
2626 1076 2731 1114 non
2773 1076 2868 1130 per
2902 1061 3175 1117 vafritiem
3221 1063 3448 1120 fraudu-

1871 1154 2046 1209 lenter
2072 1153 2330 1219 docebat,
2371 1152 2465 1208 sed
2500 1162 2687 1223 aperta
2720 1153 2952 1209 veritate
2990 1154 3230 1224 seipsum
3261 1157 3446 1210 omni-

1870 1246 1975 1302 bus
2014 1246 2309 1317 probabat.
2361 1244 2533 1315 Cujus
2575 1244 2829 1301 materies
2872 1244 3161 1316 abjiciehat
3192 1256 3445 1302 naturam

1869 1347 2208 1405 terrestrem,
2242 1352 2308 1393 ex
2326 1352 2436 1408 quo
2456 1351 2562 1407 per
2584 1336 2916 1406 baptismum
2946 1338 3136 1392 carnis
3160 1341 3442 1395 oculorum

1870 1445 2128 1502 squamas
2200 1429 2454 1501 deposuit
2495 1430 2576 1498 ",
2629 1443 2694 1484 ac
2746 1409 2920 1485 factus
2971 1424 3211 1500 Spiritus
3267 1433 3445 1487 sancti

1870 1523 2037 1588 ﬁlius,
2078 1538 2143 1578 ex
2185 1521 2446 1594 fragranti
2485 1529 2729 1578 aromate
2769 1522 2838 1578 de
2868 1522 3078 1594 integro
3108 1524 3447 1581 instauratus

1869 1614 1994 1671 fuit.
2029 1613 2176 1670 Idem
2218 1623 2574 1686 posteaquam
2607 1614 2662 1669 in
2693 1614 2788 1669 tali
2825 1612 3040 1670 officina
3080 1617 3315 1673 electum
3352 1634 3448 1675 vas

1870 1708 2050 1763 factus
2076 1718 2180 1772 est,
2213 1717 2268 1763 et
2296 1706 2516 1778 quidem
2546 1706 2751 1777 phiala,
2783 1723 2879 1778 per
2908 1723 3072 1779 quam
3104 1710 3328 1765 verbum
3363 1712 3450 1766 di-

1868 1801 2056 1855 vinum
2091 1798 2496 1870 propinaretur,
2562 1813 2670 1853 non
2723 1798 2960 1869 amplius
2993 1799 3229 1858 hominis
3275 1779 3447 1857 ullius
3558 1866 3565 1873 η

177 1886 378 1958 χρείαν
418 1885 574 1958 ἔσχεν
615 1886 927 1959 ἀνθρώπου,
962 1885 1062 1957 τὴν
1102 1885 1305 1954 γνῶσιν
1343 1883 1491 1956 αύτῷ
1519 1884 1628 1938 τῶν
1666 1903 1761 1955 μυ⁶

1869 1890 2012 1961 eguit
2047 1904 2237 1961 opera.
2288 1890 2382 1961 qui
2429 1890 2813 1961 mysteriorum
2852 1891 2905 1947 ei
2953 1892 3323 1963 cognitionem
3364 1896 3451 1950 in-

180 1978 432 2050 στηρίων
469 1978 782 2049 ἐγχέοντος·
817 1978 877 2031 ού
917 1978 1027 2048 γὰρ
1063 1976 1429 2048 προσανέθετο
1466 1976 1631 2048 σαρκὶ
1670 1976 1766 2029 καὶ⁵

181 2070 384 2141 αἵματι
405 2086 422 2101 ⁸
468 2070 584 2124 ἀλλ’
609 2064 774 2133 αὐτὸς
800 2068 969 2139 ἔφυεν
994 2070 1052 2123 ὲν
1088 2068 1267 2140 ἑαυτῷ
1295 2068 1387 2123 καὶ
1420 2068 1648 2140 ἀνέδρυε
1676 2068 1766 2123 τὸν

177 2161 330 2215 θεῖον
355 2162 537 2227 ποτὸν,
568 2161 656 2216 διὰ
680 2161 777 2233 τῆς
805 2160 899 2215 τοῦ
929 2159 1166 2233 Χριστοῦ
1197 2159 1423 2224 εὐωδίας
1451 2160 1522 2215 τά
1548 2161 1767 2231 ποικίλα

178 2248 301 2306 τῶν⁴
336 2252 548 2324 ἀρετῶν
599 2252 735 2325 ἄνθη
774 2252 1047 2324 ’μυρεψῶν
1102 2252 1216 2316 τοῖς
1255 2251 1576 2318 ἀκούουσιν,
1624 2252 1764 2307 ῶστε

178 2342 325 2397 κατά
362 2342 464 2408 τὰς
509 2332 773 2414 διαφοράς
807 2360 867 2395 τε
894 2342 987 2397 καὶ
1028 2343 1295 2415 ἰδιότητας
1323 2342 1429 2397 τῶν
1459 2342 1765 2415 δεχομένων

177 2431 273 2489 τὸν
324 2430 515 2503 λόγον,
568 2432 904 2505 κατάλληλον
949 2434 1299 2506 εὑρίσκεσθαι
1336 2434 1472 2504 πρὸς
1514 2435 1613 2505 τὴν
1669 2434 1765 2489 τοῦ

180 2525 477 2595 ζητοῦντος
525 2527 712 2597 χρείαν
758 2525 820 2579 τὸ
869 2524 1067 2596 άρωμα
1116 2527 1231 2589 τοῖς
1278 2522 1604 2591 Ἰουδαίοις,
1654 2528 1767 2591 τοῖς

181 2614 437 2687 Ἕλλησι,
467 2618 590 2679 ταῖς
616 2613 850 2684 γυναιξὶ,
881 2617 994 2678 τοῖς
1024 2612 1273 2686 ἀνδράσι,
1306 2616 1419 2678 τοῖς
1453 2613 1765 2682 δεσπόταις,

176 2708 291 2771 τοῖς
321 2706 554 2771 δούλοις,
581 2709 692 2771 τοῖς
721 2707 959 2775 γονεῦσι,
991 2706 1103 2770 τοῖς
1124 2707 1356 2772 τέκνοις,
1386 2707 1500 2769 τοῖς
1522 2705 1764 2776 ἀνόμοις,

178 2800 288 2861 τοῖς
312 2790 424 2851 ὑπὸ
452 2798 635 2869 νόμον.
662 2800 871 2863 Ὄντως
895 2798 1045 2871 αὐτῷ
1069 2798 1351 2870 πολυειδὴς
1375 2794 1443 2871 ἦν
1464 2797 1556 2852 διὰ
1586 2798 1767 2869 πάσης

180 2889 386 2959 ἀρετῆς
432 2888 752 2960 κεκραμένη
780 2890 880 2961 τῆς
905 2888 1250 2953 διδασκαλίας
1273 2891 1306 2960 ἡ
1341 2890 1519 2961 χάρις,
1545 2890 1634 2943 διὰ
1657 2888 1765 2942 τῶν

183 2979 448 3033 ποικίλων
480 2978 846 3051 διδαγμάτων,
872 2980 1219 3051 καταλλήλως
1248 2983 1313 3052 τῇ
1342 2981 1569 3036 ἑκάστου
1610 2978 1767 3052 χρείᾳ

184 3070 541 3143 μυρεψούσης
582 3072 680 3142 τῆς
717 3071 916 3144 φιάλης
958 3075 1069 3135 τοῖς
1110 3072 1423 3143 δεχομένοις
1455 3072 1546 3125 τὸν
1581 3060 1762 3141 λόγον.

176 3158 295 3225 Τὰς
326 3156 424 3216 οὖν
452 3160 705 3225 τοιαύτας
728 3163 936 3216 ἐπαινεῖ
956 3161 1210 3232 σιαγόνας
1234 3165 1268 3234 ή
1296 3162 1358 3217 τὸ
1384 3162 1476 3217 τοῦ
1513 3162 1763 3235 σώματος

181 3247 275 3301 τοῦ
319 3247 561 3319 νυμφίου
601 3248 802 3313 ηκάλλος
847 3228 1305 3323 διαζωγραφοῦσα
1342 3250 1420 3321 τῷ
1460 3228 1635 3323 λόγωο
1669 3252 1763 3305 καὶ
1785 3228 1833 3285 C

176 3340 263 3395 ῢτι
312 3340 454 3413 πρὸς
498 3340 657 3395 τοῦτο
690 3340 890 3412 ,βλέπει
918 3341 1029 3396 τῶν
1076 3343 1340 3412 σιαγόνων
1374 3343 1405 3394 ὁ
1454 3343 1708 3410 ἔπαινος,
1735 3342 1765 3397 6

180 3430 383 3503 ἐφεξῆς
403 3431 563 3501 λόγος
582 3430 661 3486 δι’
693 3431 1015 3497 ἀκολουθίας
1041 3432 1396 3504 μαρτύρεται.

266 3616 605 3672 Ἐπαινεῖται
644 3616 755 3690 γὰρ
788 3614 928 3689 μετά
960 3617 1059 3681 τὰς
1091 3618 1347 3688 σιαγόνας
1377 3618 1446 3671 τά
1488 3618 1668 3691 χείλη,
1697 3616 1765 3673 δι’

178 3696 297 3764 ὧνδ
325 3708 691 3782 ἀρωματίζων
731 3710 886 3779 λόγος
915 3710 1264 3782 προέρχεται.
1292 3709 1452 3766 Οῦτω
1475 3710 1533 3765 δὲ
1557 3714 1586 3765 6
1607 3712 1764 3765 ἐπαι-

174 3814 271 3864 Ανος
314 3800 455 3872 ἔχει⁸
495 3800 677 3868 Χείλη
720 3800 910 3856 αὑτοῦ
937 3801 1133 3871 κρίνα,
1163 3800 1457 3863 στάζοντα
1488 3803 1766 3871 σμύρναν

184 3893 410 3962 πλήρη.
443 3892 547 3947 Δύο
572 3891 714 3947 κατά
754 3891 950 3947 ταύτδν
980 3892 1184 3966 ἀρετὰς
1216 3896 1486 3968 μαρτυρεῖ
1512 3893 1591 3965 τῷ
1619 3894 1764 3964 λόγῳ

180 3981 271 4035 διά
317 3983 415 4037 τοῦ
465 3978 654 4036 διπλοῦ
704 3982 1130 4054 ύποδείγματοςο
1188 3970 1267 4037 ὗν
1318 3984 1352 4055 ἡ
1392 3983 1492 4055 μέν
1538 3984 1687 4037 ἐστιν
1716 3980 1761 4050 ’ἡ

181 4072 444 4146 ἀλήθεια,
483 4075 712 4148 λαμπρά
757 4093 817 4130 τε
851 4076 949 4130 καὶ
970 4076 1265 4146 φωτοειδὴς
1294 4075 1352 4130 ὲν
1392 4071 1504 4140 τοῖς
1534 4076 1763 4147 λεγομέ-

185 4182 294 4231 νοις
326 4162 702 4239 θεωρουμένη.
740 4160 995 4221 Τοιοῦτον
1021 4167 1131 4239 γὰρ
1156 4166 1253 4220 τοῦ
1293 4167 1480 4239 κρίνου
1512 4166 1573 4221 τὸ
1592 4164 1760 4233 εἶδος,

181 4251 248 4313 οὗ
276 4260 310 4330 ἡ
338 4259 662 4330 λαμπρότης
681 4297 697 4320 ,
733 4258 964 4330 αἴνιγμα
992 4260 1092 4330 τῆς
1128 4258 1237 4313 τῶν
1259 4258 1566 4329 λεγομένων
1595 4258 1765 4314 καθα-

184 4349 411 4423 ρότητός
436 4368 497 4404 τε
519 4351 613 4405 καὶ
648 4350 903 4421 ἀληθείας
924 4350 1097 4405 ἐστίν.
1124 4351 1359 4423 μἝτερον
1386 4350 1474 4416 δὲ,
1507 4351 1568 4405 τὸ
1594 4351 1763 4422 μόνην

186 4439 283 4511 τὴν
306 4443 506 4513 νοητήν
551 4458 611 4494 τε
649 4441 745 4495 καὶ
774 4441 933 4495 άῦλον
964 4441 1109 4513 ζωὴν
1138 4436 1245 4496 ύπδ
1276 4442 1375 4513 τῆς
1421 4442 1763 4507 διδασκαλίας

1867 1980 2119 2038 funderet
2151 1982 2283 2052 (non
2312 1979 2458 2035 enim
2491 1979 2647 2035 carni
2668 1980 2953 2051 acquievit
2978 1989 3035 2038 et
3069 1985 3325 2054 sanguini
3351 1985 3444 2057 “j,

1868 2073 1963 2129 sed
1990 2072 2182 2143 ipsein
2220 2086 2279 2128 se
2304 2071 2542 2143 protulit
2571 2071 2813 2127 divinum
2843 2069 3000 2127 illum
3033 2081 3250 2143 potum,
3278 2075 3446 2146 cujus

1867 2173 1923 2221 et
1951 2165 2342 2236 scaturriginem
2376 2164 2523 2219 velut
2561 2165 2764 2229 emisit,
2815 2165 2944 2221 dum
2973 2182 3076 2237 per
3100 2167 3303 2225 Christi
3333 2168 3448 2224 fra-

1866 2254 2136 2325 grantiam
2177 2254 2360 2308 varias
2389 2252 2621 2309 virtutes
2653 2254 2705 2308 in
2734 2253 3079 2312 auditoribus
3109 2259 3268 2328 quasi
3295 2275 3445 2330 quae-

1866 2347 1991 2400 dam
2020 2354 2292 2416 unguenta
2321 2343 2644 2409 conﬁceret,
2669 2344 2742 2399 ita
2771 2354 2829 2400 ut
2850 2360 2957 2416 pro
2983 2345 3295 2405 diversitate
3322 2365 3451 2419 pro-

1868 2437 2207 2508 prietateque
2238 2434 2622 2505 recipientium
2645 2434 2741 2490 Dei
2777 2437 3024 2502 verbum,
3052 2452 3236 2494 aroma
3266 2439 3446 2509 ipsum

1868 2527 2202 2584 conveniens
2242 2527 2364 2584 usui
2396 2526 2539 2596 ejus,
2571 2527 2662 2597 qui
2708 2526 2844 2581 illud
2874 2538 3147 2599 posceret,
3178 2534 3449 2603 reperire-

1868 2625 2001 2683 tur,
2050 2617 2312 2671 nimirum
2356 2614 2583 2680 Judaais,
2626 2614 2853 2685 Graecis,
2900 2621 3244 2687 mulieribus,
3289 2623 3444 2688 viris,

1868 2708 2036 2773 heris,
2064 2713 2260 2776 servis,
2291 2703 2872 2779 parentibus,liberis,
2899 2707 3005 2783 legi
3033 2728 3139 2769 non
3177 2715 3443 2779 astrictis,

1868 2799 2131 2868 subjectis
2164 2799 2288 2870 legi.
2315 2791 2454 2853 Tam
2482 2799 2872 2857 multiformem
2915 2804 3006 2858 ille
3034 2803 3299 2861 doctrina:
3325 2823 3448 2878 gra-

1867 2891 1997 2945 tiam
2033 2890 2288 2956 habebat,
2323 2902 2474 2946 omm
2511 2892 2716 2947 virtute
2739 2897 3136 2963 temperatam:
3173 2899 3323 2953 varia
3349 2900 3448 2955 do-

1865 2982 2023 3036 cendi
2056 2982 2289 3045 ratione,
2339 2997 2440 3053 pro
2466 2984 2794 3039 necessitate
2840 2992 2893 3060 et
2923 3002 2990 3042 ex
3020 3002 3121 3043 usu
3153 2989 3445 3061 cujusque,

1867 3074 1960 3131 Dei
2009 3076 2228 3130 verbum
2250 3076 2527 3131 miscente
2558 3075 2657 3130 hac
2688 3078 2889 3148 phiala.
2924 3070 3185 3150 tanquam
3200 3093 3445 3139 aromata

1866 3163 2112 3235 qumdam
2153 3179 2260 3235 pro
2306 3164 2374 3220 iis
2422 3164 2515 3235 qui
2566 3162 2698 3220 illud
2750 3168 3076 3238 reciperent.
3119 3164 3444 3240 l'lujusmodi
3552 3194 3563 3207 -

1864 3271 1996 3327 ergo
2027 3256 2276 3312 maxillas
2292 3257 2508 3335 laudat,
2552 3252 2675 3326 quie
2704 3256 3166 3328 pulchritudinem
3197 3267 3446 3335 corporis

1865 3349 2053 3417 sponsi
2094 3333 2468 3406 verbialiisce
2490 3344 2784 3408 atIHvivnm
2841 3347 3121 3425 depingit:
3185 3333 3445 3430 quodque

1866 3438 1970 3494 hoc
2020 3432 2364 3494 maxillarum
2414 3444 2723 3498 encomium
2770 3459 2838 3500 eo
2862 3453 3089 3515 spectet,
3140 3461 3308 3517 porro
3355 3465 3446 3506 se-

1864 3529 2087 3598 quentia
2115 3530 2278 3585 verba
2303 3529 2609 3588 testantur.

1936 3617 2147 3674 Etenim
2189 3627 2312 3691 post
2355 3622 2603 3677 maxillas
2638 3622 2931 3678 laudantur
2961 3622 3123 3689 labia,
3175 3641 3276 3695 per
3320 3644 3445 3698 qua:

1864 3723 2046 3765 sermo
2093 3710 2183 3765 ille
2225 3710 2484 3767 conditus
2534 3714 2872 3769 aromatihus
2929 3713 3228 3785 profertur.
3264 3715 3442 3773 Verba

1863 3797 2095 3855 encomii
2148 3798 2267 3853 haec
2321 3808 2451 3853 sunt
2491 3798 2723 3854 :.Labra
2776 3800 2890 3865 eius
2942 3802 3082 3865 tilia,
3116 3802 3444 3858 distillantia

1864 3889 2133 3960 myrrham
2175 3888 2405 3945 uberem.
2456 3889 2601 3947 Duas
2635 3892 2865 3949 virtutes
2915 3893 3079 3949 simul
3137 3895 3306 3951 verbo
3338 3896 3443 3950 tri-

1863 3983 2003 4049 buit,
2043 3983 2260 4053 gemina
2296 3983 2676 4041 similitudine.
2719 3982 2928 4041 Horum
2967 3986 3198 4042 alterum
3238 3988 3438 4044 veritas

1862 4083 1970 4140 est,
2005 4090 2131 4145 quae
2166 4074 2222 4130 in
2253 4074 2416 4130 dictis
2446 4084 2502 4131 et
2545 4076 2833 4147 splendida
2862 4086 2918 4132 et
2949 4077 3181 4134 illustris
3218 4093 3445 4149 conspi-

1864 4169 2034 4223 citur.
2087 4165 2222 4221 Nam
2254 4166 2382 4223 talis
2434 4175 2519 4223 est
2549 4166 2649 4222 lilii
2684 4168 2919 4239 species,
2975 4168 3138 4239 cujus
3184 4169 3447 4239 splendor

1865 4258 2027 4330 quasi
2083 4256 2319 4329 quodam
2364 4257 2657 4328 aenigmate
2703 4259 2997 4329 puritatem
3042 4274 3110 4314 ac
3160 4260 3447 4317 veritatem

1864 4365 2078 4412 eorum,
2111 4364 2233 4419 qua:
2263 4348 2543 4412 dicuntur,
2572 4348 2863 4419 signiﬁcat.
2891 4347 3135 4404 Alterum
3164 4357 3270 4414 est,
3296 4352 3447 4421 quod

1866 4440 1983 4495 sola
2027 4439 2132 4495 sub
2158 4439 2358 4495 mentis
2388 4440 2789 4509 perceptionem
2821 4440 3025 4495 cadens
3045 4448 3102 4495 et
3125 4455 3441 4499 crassarum

189 4532 637 4619 προδείκνυσθαι,
676 4533 763 4587 διὰ
790 4526 890 4604 τῆς
916 4533 1026 4586 τῶν
1066 4533 1274 4603 νοητῶν
1303 4533 1535 4605 θεωρίας
1568 4534 1763 4588 ἀπονε-

1871 4548 2051 4588 rerum
2104 4545 2300 4601 expers
2333 4531 2443 4585 vita
2474 4545 2574 4600 per
2601 4530 2908 4585 doctrinam
2960 4530 3292 4601 proferatur,
3343 4548 3447 4590 ex-

191 4616 493 4688 κρουμένης
528 4614 628 4691 τῆς
673 4620 824 4674 κάτω
856 4620 1033 4690 ζωῆς,
1061 4622 1162 4692 τῆς
1205 4620 1294 4675 διὰ
1332 4622 1533 4693 σαρκός
1575 4640 1633 4676 τε
1672 4623 1765 4676 καὶ

1867 4621 2067 4676 stincta
2099 4620 2208 4676 vna
2241 4621 2342 4675 hac
2380 4620 2575 4684 infera,
2607 4619 2766 4688 cujus
2792 4620 2846 4674 in
2874 4633 3041 4677 carne
3067 4635 3132 4676 ac
3177 4624 3448 4696 sanguine

190 4700 419 4775 αἳματος
442 4704 859 4781 ἐνεργουμένης.
900 4706 972 4765 Ἦ
1018 4712 1125 4784 γὰρ
1149 4712 1495 4785 ἀπορρέουσα
1533 4714 1639 4767 ἀπὸ
1671 4714 1764 4768 τοῦ

192 4796 439 4868 σώματος
478 4795 729 4875 σμύρνα,
781 4801 876 4855 καὶ
922 4801 1108 4873 πλήρη
1143 4802 1370 4856 ποιοῦσα
1419 4804 1619 4875 ἑαυτῆς
1664 4804 1764 4876 τὴν

187 4888 280 4941 τοῦ
312 4890 600 4963 δεχομένου
628 4892 827 4965 ψυχὴν,
869 4888 968 4964 τῆς
1013 4893 1109 4947 τοῦ
1155 4892 1407 4964 σώματος
1445 4895 1764 4967 νεκρὼσεως

185 4977 419 5051 ἔμφασις
446 4985 673 5053 γίνεται.
700 4980 951 5058 Πολλαχῆ
980 4984 1089 5061 γὰρ
1114 4982 1176 5041 τὸ
1207 4988 1443 5042 τοιοῦτον
1477 4989 1535 5042 ὲν
1563 4990 1630 5060 τῇ
1659 5006 1759 5044 κα-

186 5078 448 5147 ταχρήσει
490 5071 600 5133 τῶν
642 5074 1019 5133 θεοπνεύστων
1059 5080 1230 5149 λόγων
1278 5074 1756 5152 παρατετηρηται,

187 5160 278 5219 τοῦ
306 5167 534 5225 θανάτου
557 5165 890 5243 σημαντικὸν
917 5162 1053 5226 εἶναι
1073 5173 1171 5244 τῆς
1201 5165 1446 5245 σμύρνης
1476 5173 1535 5227 τὸ
1569 5173 1757 5245 ὄνομα.

200 5255 255 5310 Ὅ
285 5258 460 5316 τοίνυν
491 5263 696 5327 τέλειος
743 5264 836 5317 καὶ
864 5260 1099 5335 καθαρὸς
1128 5262 1421 5334 ὀφθαλμὸς,
1458 5267 1487 5319 ό
1518 5265 1615 5335 τὴν
1642 5282 1760 5317 σια-

189 5348 318 5412 γόνα
353 5350 551 5425 φιάλην
595 5353 767 5405 ποιῶν
806 5352 904 5424 τὴν
943 5349 1013 5405 τὰ
1051 5354 1201 5424 μύρα
1234 5352 1293 5419 ἐξ
1328 5350 1497 5421 αὐτῆς
1523 5351 1763 5419 φύουσάν

188 5446 249 5487 τε
273 5439 366 5493 καὶ
408 5441 780 5513 πηγάζουσαν,
804 5438 958 5507 οὗτος
995 5444 1145 5497 ἀνθεῖ
1171 5442 1237 5497 τὰ
1269 5440 1428 5513 κρίνα
1451 5441 1560 5494 τῶν
1586 5439 1760 5507 λόγων

185 5524 273 5581 διὰ
315 5532 409 5586 τοῦ
451 5532 749 5606 στόματος,
797 5535 907 5589 τῶν
941 5537 1007 5606 τῇ
1061 5534 1182 5607 θεία
1236 5533 1761 5603 κεκαλλωπισμένων

188 5615 545 5697 λαμπρότητι.
596 5621 754 5680 Οὕτω
799 5625 908 5697 γάρ
953 5627 1076 5692 τοὺς
1128 5624 1401 5697 καθαρούς
1449 5641 1508 5677 τε
1556 5623 1650 5677 καὶ
1692 5621 1762 5676 δι’

261 5795 307 5829 ⁸³
335 5801 474 5859 i’sal.
516 5819 667 5869 xvnu,
691 5802 744 5869 8,
777 5803 811 5858 9
908 5803 956 5836 “
984 5804 1107 5858 Act.
1142 5821 1216 5869 tv,
1244 5804 1330 5860 18.
1410 5804 1456 5837 ’⁸
1485 5802 1661 5857 Galat.
1702 5817 1738 5867 ι,
1772 5799 1857 5855 16.

414 5910 426 5922 ’
506 5897 783 5962 ΡΑτιιοι.
830 5898 949 5959 Gn.
1000 5897 1215 5960 XLIV.

1864 4713 1946 4768 vis
1994 4712 2359 4781 conspicitur,
2411 4726 2512 4782 per
2539 4711 3061 4782 contemplationem
3108 4728 3290 4770 rerum
3322 4733 3448 4788 qua:

1863 4808 2044 4856 mente
2062 4800 2458 4871 intelliguntur.
2486 4798 2693 4855 Etenim
2710 4815 2777 4855 ex
2795 4814 2889 4855 ore
2910 4798 3183 4858 distillans
3201 4804 3445 4876 myrrha,

1861 4907 1983 4963 quae
2044 4890 2363 4962 recipientis
2419 4890 2662 4945 animum
2717 4890 2910 4961 replet,
2966 4892 3445 4950 mortiﬁcationem

1860 4983 2045 5040 carnis
2069 4983 2219 5038 clare
2248 4982 2493 5038 denotat.
2530 4976 2666 5037 Nam
2696 4982 2977 5039 multoties
3011 4984 3115 5040 hoc
3142 4985 3197 5041 in
3244 4985 3447 5041 litteris

1864 5093 1892 5132 a
1924 5072 2133 5147 Spiritu
2175 5068 2364 5130 divino
2403 5072 2667 5146 profectis
2709 5075 3149 5143 observavimus,
3200 5077 3449 5149 appella-

1867 5173 2069 5224 tionem
2097 5166 2332 5239 myrrhaa
2353 5175 2582 5222 mortem
2614 5163 2943 5236 signiﬁcare.
2967 5165 3147 5234 Quare
3171 5167 3447 5236 perfectus

1859 5271 1913 5316 et
1944 5275 2115 5332 purus
2144 5258 2359 5322 oculus,
2388 5257 2483 5328 qui
2513 5256 2582 5313 de
2611 5257 2830 5312 maxilla
2862 5255 3101 5327 phialam
3132 5254 3316 5319 efficit,
3348 5272 3448 5311 un-

1860 5359 2061 5423 guenta
2108 5365 2175 5405 ex
2209 5364 2270 5404 se
2311 5346 2678 5420 proferentem
2710 5347 2869 5419 quasi
2909 5347 3147 5418 quodam
3173 5362 3237 5404 ex
3274 5346 3446 5411 fonte,

1860 5438 1949 5496 hic
1978 5454 2111 5511 ergo
2150 5452 2464 5517 sermonum
2496 5435 2609 5492 lilia
2644 5436 2822 5507 gignit
2850 5452 2948 5508 per
2979 5450 3044 5492 os
3073 5437 3316 5502 illorum,
3348 5439 3446 5507 qui

1860 5530 2043 5585 divino
2072 5528 2361 5602 splendore
2379 5533 2507 5583 sunt
2527 5527 2727 5582 ornati.
2749 5525 2884 5580 Nam
2912 5528 2991 5583 sic
3016 5528 3359 5597 appellantur
3382 5527 3445 5581 ii.

1867 5619 1959 5692 qui
1992 5618 2112 5691 puri
2159 5626 2311 5685 sunt,
2350 5624 2406 5675 et
2436 5630 2502 5673 ex
2532 5615 2733 5673 virtute
2765 5614 3117 5688 fragrantiam
3150 5613 3449 5684 quamdam

3050 5880 3243 5942 3h"
