4018 6378
585 429 718 486 tam
1797 415 1872 473 ‘S.
1907 408 2238 471 GREGOhtt
2275 408 2571 466 MSSENI
2632 438 2643 449 κ
3699 414 3799 473 {053

582 543 820 598 habent:
860 538 1062 611 quique
1096 537 1373 610 myrrham
1407 535 1697 596 distillant,
1738 547 1860 603 quae
1905 529 2025 585 sine
2062 526 2158 581 de-

2211 526 2236 581 l
2264 526 2465 597 ἀρετῆς
2494 525 2856 592 εὐπνοοῦντας
2881 526 3137 600 ὀνομάζει
3161 531 3191 585 ό
3208 526 3391 599 λέγος,
3426 527 3527 601 ἀφ’
3544 523 3620 588 ζον
3640 532 3798 600 γίνεται

581 635 727 689 fectu
759 641 996 688 mentem
1052 629 1432 700 recipientium
1464 644 1586 683 eant
1618 626 1807 697 replet.
1854 624 1949 678 Est
1983 629 2162 677 autem

2264 620 2298 690 ή
2343 620 2442 689 τῆς
2482 620 2730 691 σμύρνης
2762 621 3009 692 σταγὼν,
3059 624 3358 689 ἀνελλιπῶς
3416 624 3694 697 πληροῦσα
3728 628 3797 697 τὴν

582 728 670 780 inn
697 727 820 780 vita:
851 724 1012 795 hujus
1035 737 1312 792 corporeae
1342 728 1713 789 contemptus,
1750 730 1875 771 cum
1905 715 2164 769 universa

2262 711 2371 764 τῶν
2397 712 2699 784 δεχομένων
2726 714 2965 795 διάνοιαν
2984 732 2997 745 ·
3028 716 3164 788 ὅπερ
3194 718 3310 770 ἐστὶ
3340 717 3447 788 τῆς
3476 717 3671 781 ὑλικῶς
3689 716 3796 788 ζωῆς

579 833 700 887 qua:
726 817 779 871 in
815 817 916 870 hac
949 816 1059 869 vita
1106 829 1254 868 cura:
1286 820 1413 868 sunt
1458 810 1793 874 hominibus,
1843 822 1937 879 per
1970 821 2163 877 super-

2265 804 2534 877 ὑπεροψία
2552 846 2567 872 ,
2596 808 2815 863 πάντων
2842 784 3103 881 τῶνδτῇδε
3131 784 3611 881 σπουδαζομένων,
3633 812 3709 864 διὰ

580 922 773 963 norum
790 908 1059 962 bonorum
1083 905 1435 975 cupiditatem
1458 904 1566 957 vim
1592 917 1745 957 suam
1768 915 1982 955 omnem
2003 899 2164 952 amit-

2262 896 2372 951 τῶν
2407 898 2816 970 ὑπερκειμένων
2848 900 3066 969 ἀγαθῶν
3107 901 3433 972 ἐπιθυμίαν,
3468 904 3796 975 ἀνενεργήτωι

579 1008 701 1053 tunt
734 1009 788 1053 et
812 997 1255 1068 exstinguuntur.
1284 994 1470 1050 Talem
1494 994 1770 1065 myrrham
1803 992 1930 1047 olim
1961 990 2164 1045 Paulus

2263 1004 2324 1041 τε
2366 987 2461 1041 καὶ
2502 988 2710 1059 νεκρῶν
2735 991 3054 1061 γινομένων.
3104 991 3373 1063 Τοιαύτην
3423 993 3590 1047 ὃποτε
3637 994 3798 1058 Παῦλος

577 1088 886 1144 eﬂundebat
908 1105 975 1143 ex
999 1103 1093 1142 ore
1118 1103 1239 1153 suo,
1266 1087 1481 1141 mislam
1507 1100 1629 1138 cum
1648 1098 1784 1153 puro
1810 1082 2079 1153 pudicitia:
2103 1081 2164 1136 Ii-

2266 1078 2510 1150 σμύρναν
2544 1079 2766 1149 προχέει
2802 1080 2895 1134 τοῦ
2930 1081 3217 1152 στόματος,
3255 1085 3608 1155 μεμιγμένην
3640 1084 3796 1155 τῷκα-

580 1179 672 1242 Iio,
708 1180 761 1233 in
799 1186 1003 1233 sanctae
1028 1177 1255 1248 virginis
1293 1189 1475 1230 aures.
1514 1173 1586 1227 Ea
1618 1187 1748 1228 vero
1788 1180 1905 1227 erat
1936 1170 2160 1232 Thecla,

2265 1171 2417 1243 θαρῷ
2451 1172 2622 1243 κρίνῳ
2666 1175 2767 1242 τῆς
2812 1173 3191 1245 σωφροσύνης,
3226 1175 3284 1228 ὲν
3327 1175 3525 1239 ἀκοαῖς
3552 1175 3648 1245 τῆς
3679 1176 3798 1244 ἁγίας

580 1285 703 1341 quae
733 1271 991 1341 praeclare
1014 1270 1198 1323 animo
1233 1283 1335 1323 suo
1362 1266 1725 1322 deﬂuentibus
1758 1264 1825 1320 de
1850 1264 1963 1318 lilio
1994 1263 2162 1330 guttis

2266 1264 2557 1335 παρθένου.
2583 1264 2759 1318 Θέκλα
2777 1265 2834 1318 δὲ
2858 1262 2926 1337 ἦν
2950 1269 2983 1338 ὴ
3010 1266 3297 1339 παρθένος,
3329 1268 3364 1340 ἢ
3391 1267 3580 1328 καλῶς
3603 1272 3663 1340 τῇ
3687 1271 3794 1339 ψυχῇ

582 1362 724 1415 intra
742 1377 799 1415 se
817 1359 1072 1431 receptis,
1092 1359 1365 1413 hominem
1384 1365 1668 1412 externum
1689 1362 1863 1410 morte
1876 1353 2159 1425 opprimit,

2262 1352 2363 1416 τάς
2400 1353 2779 1425 ἀπορρεούσας
2823 1353 3085 1425 σταγόνας
3122 1358 3181 1412 ὲν
3224 1359 3390 1428 ἑαυτῇ
3427 1358 3795 1429 δεξαμένη.θα-

579 1453 728 1506 omni
765 1452 1095 1523 cogitatione
1134 1450 1541 1521 cupiddateqne
1595 1447 1800 1503 carnali
1853 1447 2152 1501 exstincta.

2260 1445 2408 1519 νάτῳ
2468 1446 2823 1517 διαλαμϐάνει
2886 1449 2977 1502 τὸν
3032 1449 3228 1516 ἔξωθεν
3278 1449 3601 1522 ἄνθρωπον,
3658 1454 3795 1505 πᾶσαν

581 1544 752 1613 Cujus
791 1551 913 1614 post
937 1550 1244 1614 perceptam
1299 1542 1447 1595 illam
1485 1542 1684 1596 bonam
1727 1538 2058 1603 doctrinam,
2109 1547 2164 1591 et

2264 1535 2516 1612 σαρκὼδη
2551 1540 2787 1595 διάνοιάν
2823 1557 2883 1594 τε
2931 1541 3022 1594 καὶ
3054 1541 3347 1611 ἐπιθυμίαν
3374 1542 3581 1613 ἑαυτῆς
3609 1543 3795 1596 ἀποσϐέ-

580 1636 840 1705 juventus
873 1636 1146 1690 exstincta
1197 1641 1335 1697 erat,
1373 1640 1426 1687 ct
1467 1638 1691 1687 externa
1749 1637 2012 1685 venustas
2068 1645 2164 1683 ex-

2265 1648 2427 1685 σασα.
2458 1625 2568 1696 Ἶῐς
2602 1630 2737 1703 μετὰ
2773 1630 2870 1703 τὴν
2901 1631 3112 1705 ἀγαθὴν
3147 1631 3497 1689 διδασκαλίαν
3537 1635 3690 1706 νεκρά
3725 1635 3794 1703 μὲν

583 1729 805 1791 stincta,
837 1735 891 1782 et
912 1726 1185 1782 exstincta
1215 1725 1396 1780 omnia
1430 1725 1680 1795 corporis
1709 1737 1975 1779 sensuum
2004 1734 2163 1791 orga-

2264 1727 2297 1796 ἠ
2327 1725 2515 1793 νεότης
2534 1765 2549 1785 .
2581 1723 2773 1795 νεκρὸν
2797 1723 2855 1777 δὲ
2882 1723 2943 1777 τὸ
2966 1724 3384 1795 ἐπιφαινόμενον
3410 1724 3611 1788 κάλλος
3631 1764 3648 1790 ,
3670 1724 3793 1793 νεκρὰ

583 1837 653 1875 na
723 1820 841 1874 solo
873 1832 1127 1874 sermone
1159 1818 1211 1872 in
1245 1818 1363 1889 ipsa
1393 1817 1635 1881 vivente,
1662 1832 1759 1886 per
1818 1831 1977 1885 quem
2014 1822 2161 1870 totus

2203 1866 2237 1921 Β
2262 1818 2318 1871 δὲ
2352 1819 2530 1872 πάντα
2572 1816 2643 1870 τά
2684 1816 2993 1921 σωματικὴ
3015 1816 3376 1888 αἰσθητήρια,
3435 1817 3598 1887 μόνου
3638 1817 3790 1881 ζῶντος

579 1911 630 1963 ei
691 1910 930 1965 mundus
986 1916 1236 1961 mortuus
1288 1913 1427 1970 erat,
1490 1913 1545 1960 et
1581 1905 1735 1976 virgo
1783 1906 1901 1974 ipsa
1958 1903 2161 1957 mundo

2204 1899 2237 1921 ⁵³
2262 1909 2321 1960 ὲν
2350 1908 2486 1979 αὐτῇ
2532 1905 2626 1960 τοῦ
2658 1907 2817 1977 λόγου
2844 1907 2909 1961 δι’
2935 1899 2996 1961 οὗ
3028 1907 3307 1977 ἐτεθνήκει
3352 1907 3453 1977 μὲν
3479 1908 3615 1978 αὐτῇ
3640 1907 3791 1969 angi

579 2011 697 2058 erat
746 2010 985 2056 mortua.
1016 1999 1109 2054 Sic
1143 2000 1270 2054 olim
1307 2013 1541 2068 magnus
1596 1998 1761 2052 etiam
1814 1996 2010 2052 Petrus
2070 1995 2161 2050 ille

2262 2000 2493 2071 κόσμος,
2541 1999 2821 2072 ἐτεθνήκει
2867 1999 2924 2055 δὲ
2974 2001 3068 2055 καὶ
3120 2001 3153 2071 ἡ
3206 1999 3474 2071 παρθένος
3508 1999 3586 2070 τῷ
3631 2000 3788 2070 κόσμίρι

580 2095 722 2167 apud
746 2094 1061 2152 Cornelium
1092 2092 1379 2164 Splendida
1411 2092 1684 2147 sermonis
1713 2090 1824 2143 lilia
1846 2087 2156 2160 proferens,

2263 2090 2419 2143 Οὕτω
2459 2090 2588 2144 ποτὲ
2617 2090 2713 2145 καὶ
2743 2089 2893 2163 παρά
2929 2090 3215 2162 Κορνηλίῳ
3242 2091 3271 2143 ὁ
3309 2091 3485 2161 μέγας
3517 2090 3724 2161 Πέτρος,
3746 2090 3791 2142 τὰ

579 2189 794 2244 animos
827 2187 1142 2243 auditorum
1176 2185 1404 2256 myrrha
1436 2184 1691 2254 complet,
1719 2183 1811 2253 qui
1841 2198 1961 2237 mox
2011 2197 2163 2236 recc-

2262 2179 2489 2252 λαμπρά
2516 2179 2611 2234 τοῦ
2643 2180 2801 2249 λόγου
2845 2181 3008 2252 κρίνα
3055 2178 3457 2250 φθεγγόμενος,
3491 2178 3700 2251 πλήρεις
3724 2179 3789 2246 τῆς

579 2291 672 2353 pto
698 2282 870 2353 ipsius
897 2295 1177 2346 sermone,
1225 2295 1352 2335 cum
1414 2279 1635 2333 Christo
1695 2293 1793 2346 per
1824 2277 2159 2347 baptismum

2266 2272 2515 2346 σμύρνης
2557 2274 2657 2338 τὰς
2696 2273 2806 2329 τῶν
2848 2274 3153 2328 ἀκουόντων
3184 2273 3362 2343 ψυχάς
3405 2272 3787 2344 παρεσκεύασεν.

580 2383 709 2428 sunt
747 2374 1074 2443 consepulti,
1135 2372 1338 2427 mortui
1372 2372 1499 2426 vitae
1557 2372 1686 2425 huic
1718 2369 1866 2424 facti.
1906 2369 2163 2439 Adeoque

2262 2365 2314 2418 οἳ
2351 2366 2691 2436 παραχρῆμα
2722 2366 2814 2419 τὸν
2847 2366 3001 2434 λόγον
3036 2365 3352 2438 δεξάμενοι,
3382 2367 3467 2439 τῷ
3504 2364 3710 2435 ,Χριστῴ
3730 2362 3787 2414 διὰ

579 2464 792 2520 inﬁnita
832 2458 1074 2536 reperire
1116 2475 1316 2534 praeter
1351 2464 1465 2518 haec
1511 2472 1828 2517 sanctorum
1880 2461 2160 2515 hominum

2263 2455 2358 2509 τοῦ
2406 2456 2782 2527 βαπτίσματος
2830 2457 3240 2531 συνετάφησαν,
3288 2460 3477 2529 νεκροὶ⁵
3510 2457 3585 2528 τῷ
3617 2456 3703 2526 βίῳ
3725 2469 3784 2522 γε·

579 2561 829 2629 caempla
866 2558 1014 2625 licet,
1059 2573 1169 2628 quo
1212 2558 1286 2611 illi
1342 2565 1504 2627 pacto
1567 2556 1879 2610 communis
1915 2554 2162 2624 corporis

2262 2546 2500 2617 νόμενοι.
2546 2548 2655 2601 Καὶ
2705 2548 2872 2619 μυρία
2914 2548 3051 2618 πρὸς
3100 2548 3308 2612 τούτοις
3344 2546 3494 2602 ἐστιν
3525 2550 3688 2619 εὑρεῖν
3713 2546 3786 2599 τῶν

580 2650 844 2707 Ecclesiae
887 2666 951 2706 os
1015 2650 1165 2717 facti,
1220 2649 1442 2721 myrrha
1503 2648 1885 2719 exstinguente
1936 2646 2162 2721 morbos

2264 2640 2437 2708 ἁγίων
2490 2640 2895 2710 ὑποδείγματα,
2949 2640 3068 2704 πῶς
3107 2639 3200 2693 τοῦ
3235 2640 3413 2695 κοινοῦ
3454 2640 3686 2712 σώματος
3720 2637 3784 2705 τῆς

579 2744 747 2799 animt
800 2760 933 2801 suos
988 2745 1267 2799 auditores
1316 2742 1685 2813 repleverint,
1731 2755 1829 2811 per
1892 2720 2162 2796 sermonis

2279 2728 2603 2800 Ἐκκλησίας
2657 2729 2831 2799 στόμα
2874 2729 3146 2800 γινόμενοι
3209 2729 3311 2800 τῆς
3356 2728 3682 2801 νεκρωτικῆς
3714 2724 3786 2777 τῶν

581 2836 692 2891 lilia
716 2836 933 2892 fructus
968 2835 1228 2901 ferentes,
1288 2836 1489 2907 quibus
1522 2834 1707 2906 magni
1742 2833 1817 2888 illi
1851 2847 2164 2903 propugna-

2266 2817 2606 2890 παθημάτων
2674 2818 2922 2891 σμύρνης
2990 2819 3220 2891 πλήρεις
3270 2819 3396 2884 τοὺς
3466 2818 3784 2891 ἀκροωμένσδς

580 2939 729 2985 tores
766 2930 886 2985 ﬁdei
918 2945 1013 3000 per
1048 2906 1323 3000 egregiam
1360 2927 1765 2983 confessionem
1788 2926 1912 2996 ipso
1948 2932 2162 2979 testan-

2261 2909 2511 3000 ἐποίουν,
2552 2908 2977 2981 ἀνθοφοροῦντες
3020 2909 3107 2963 διὰ
3140 2910 3246 2962 τῶν
3278 2910 3481 2980 κρίνων
3528 2908 3618 2961 τοῦ
3646 2906 3783 2974 λόγω.

579 3025 664 3080 die
695 3023 944 3078 veritatis
977 2993 1243 3092 tempore,
1281 3020 1337 3075 in
1378 3019 1774 3075 certaminibus
1804 2993 1905 3088 pro
1961 3017 2163 3087 pietate

2265 2999 2334 3053 δι’
2362 2993 2438 3054 ὧν
2465 3001 2514 3054 οἱ
2549 3000 2773 3071 μεγάλοι
2818 2999 2914 3070 τῆς
2945 3000 3182 3063 πίστεως
3206 2999 3481 3070 πρόμαχοι
3513 3000 3606 3069 τῆς
3629 2993 3782 3065 ἀγαθῆς

581 3114 880 3185 susceptis,
912 3113 1010 3167 toti
1038 3087 1196 3182 quasi
1236 3111 1458 3184 myrrha
1489 3109 1726 3180 quadam
1763 3087 1891 3164 sunt
1926 3105 2158 3176 perfusi.

2246 3090 2557 3162 ’ὁμολογίας
2587 3090 2729 3145 κατὰ
2770 3091 2862 3144 τὸν
2906 3093 3008 3164 τῆς
3051 3091 3353 3165 μαρτυρίας
3403 3090 3597 3163 καιρὸν
3632 3089 3680 3140 ἐν
3709 3087 3784 3142 τοῖς

587 3208 652 3261 Et
688 3175 821 3278 quid
848 3221 989 3276 opus
1018 3214 1103 3260 est
1131 3175 1381 3259 oratione
1402 3175 1610 3272 prolixa
1645 3200 1712 3254 de
1737 3199 1839 3253 hoc
1861 3175 2157 3265 disserere,

2194 3206 2232 3264 α
2267 3183 2406 3256 ὑπὲρ
2452 3183 2734 3248 εὐσεϐείας
2787 3182 2963 3252 ἀγῶσι
3016 3182 3568 3256 κατεσμυρνώθησαν.
3622 3180 3713 3234 Καὶ
3748 3175 3781 3226 τε

580 3270 721 3355 cum.
750 3315 844 3369 per
868 3270 931 3353 ea
965 3312 1089 3369 qna:
1125 3270 1751 3359 dixiniuspdeclaratum
1783 3290 1876 3354 sit,
1922 3305 2032 3360 quo
2067 3303 2165 3358 pa-

2269 3273 2375 3347 χρὴ
2419 3275 2508 3330 διὰ
2541 3273 2802 3330 πλειόνων
2851 3274 3112 3347 μηκύνειν
3147 3274 3238 3329 τὸν
3281 3276 3408 3347 περ)⁵
3436 3274 3635 3328 τούτων
3656 3270 3782 3335 λόγον.

580 3402 673 3445 cto
705 3359 1076 3444 Eoi-lesitems
1124 3387 1298 3440 lilium
1359 3384 1453 3438 ﬁat
1485 3396 1500 3434 :
1543 3382 1637 3452 qui
1671 3380 1892 3453 myrrha
1927 3379 1996 3435 de
2050 3379 2165 3434 lilio

2270 3370 2509 3440 φανερᾶς
2529 3368 2618 3422 διά
2646 3368 2755 3422 τῶν
2799 3367 3102 3441 εἰρημένων
3128 3368 3421 3439 γενομένης
3455 3368 3585 3438 ἡμῖν
3608 3363 3691 3432 τῆς
3711 3359 3783 3411 δια.

579 3481 857 3536 distillct:
901 3479 993 3549 qui
1034 3476 1347 3547 hujusmodi
1418 3472 1699 3532 stillicidio
1750 3472 1968 3528 animus
2020 3469 2166 3527 reci-

2268 3464 2438 3527 νοίας,
2470 3463 2588 3527 πῶς
2615 3463 2678 3515 τὸ
2708 3462 2881 3534 στόμα
2903 3464 3001 3534 τῆς
3040 3461 3362 3532 Ἐκκλησίας
3395 3461 3581 3533 κρίνον
3604 3458 3780 3524 γίνεται”

585 3574 824 3646 pientum
858 3572 1170 3643 impleatur.

2284 3554 2379 3608 καὶ
2407 3555 2526 3620 πῶς
2559 3555 2857 3620 ἀποστάζει
2899 3554 2994 3608 τοῦ
3028 3556 3213 3627 κρίνου
3240 3556 3273 3624 ἡ
3317 3553 3564 3625 σμύρνα·
3606 3549 3684 3604 καὶ
3705 3549 3782 3602 π’ἱυς

2268 3646 2575 3717 πληροῦται
2601 3647 2701 3718 τῆς
2747 3647 3003 3717 τοιαύτης
3053 3646 3310 3715 σταγόνος
3343 3646 3378 3717 ἡ
3406 3643 3518 3699 τῶν
3545 3637 3784 3711 δεχομένων

2271 3740 2441 3810 ψυχὴ-

656 3835 738 3891 Ad
778 3834 1062 3905 sequentia
1086 3847 1252 3903 porro
1284 3832 1449 3889 verba
1484 3816 1939 3904 progrediamur:
1971 3832 2169 3887 Manus

2356 3831 2516 3886 Ἀλλά
2564 3832 2702 3904 πρὸς
2738 3830 2831 3885 τὸν
2867 3829 3066 3902 ἐφεξῆς
3098 3831 3254 3900 λόγον
3293 3830 3391 3903 ἧδη
3430 3831 3530 3901 μὲν
3576 3825 3781 3891 ἔλθωμεν·

587 3929 738 3984 illius
772 3925 973 3980 tortiles
1002 3965 1018 3989 ,
1061 3940 1272 3987 aurem,
1322 3924 1491 3993 plena:
1538 3923 1757 3978 tliarsis.
1796 3921 1930 3980 Esse
1984 3933 2168 3979 autem

2274 3925 2414 3994 Φησὶ
2449 3921 2576 3993 γάρ·
2618 3924 2686 3978 ΑΙ
2712 3923 2907 3993 χεῖρες
2939 3923 3124 3978 αὑτοῦ
3155 3924 3443 3990 τορευταί,
3479 3916 3691 3991 χρυσαῖ,
3716 3927 3781 3965 πε*

584 4021 729 4076 oculi
760 4017 1083 4075 beneficium
1121 4015 1506 4086 imperfectum
1540 4015 1597 4070 in
1629 4014 1888 4071 Eccleslaa
1914 4032 2169 4088 corpore,

2274 4013 2654 4083 πληρωμέναι
2688 4014 2952 4083 θαρσεῖς.
2979 4014 3103 4068 Ὅτι
3135 4014 3232 4085 μὲν
3249 4008 3341 4067 οὖν
3368 4011 3562 4082 ἀτελής
3583 3999 3782 4062 ἐστινὲπὶ

587 4110 634 4164 si
665 4121 926 4160 manuum
978 4105 1047 4159 ab
1095 4119 1161 4159 eo
1194 4104 1561 4159 ministerium
1611 4104 1684 4159 sit
1735 4104 2069 4174 disiunctum
2099 4098 2172 4171 ,‘a

2273 4105 2367 4160 τοῦ
2416 4105 2668 4177 σώματος
2702 4105 2803 4176 τῆς
2843 4103 3168 4176 Ἐκκλησίας
3195 4105 3227 4175 ἡ
3261 4103 3354 4155 τοῦ
3386 4096 3651 4170 ὀφθαλμοῦ
3672 4093 3781 4166 χάρὲ

586 4212 789 4267 magno
836 4197 931 4251 illo
967 4195 1142 4249 Paulo
1196 4195 1344 4249 clare
1375 4195 1678 4252 didicimus
1706 4236 1722 4261 ,
1760 4199 1853 4266 qui
1897 4200 2004 4263 ait,
2052 4197 2173 4254 Non

2274 4196 2376 4267 τῆς
2406 4197 2514 4250 τῶν
2544 4196 2743 4268 χειρῶν
2766 4195 3068 4268 ὑπουργίας
3086 4193 3467 4264 διεζευγμένη,
3493 4188 3660 4259 σαφῶς
3677 4179 3780 4250 παΡδ

586 4299 759 4355 potest
795 4289 979 4344 oculus
1021 4288 1206 4342 manui
1227 4286 1421 4355 dicere,
1447 4287 1572 4344 Non
1610 4291 1740 4344 mihi
1774 4300 1822 4346 te
1851 4308 1980 4359 opus
2004 4303 2082 4347 est
2105 4293 2171 4350 “.

2274 4287 2368 4342 τοῦ
2421 4287 2654 4359 μεγάλου
2707 4286 3106 4358 μεμαθήκαμεν
3156 4284 3370 4340 Παύλου
3398 4323 3413 4347 ,
3442 4285 3504 4349 ὅς
3535 4286 3691 4351 φησιν.
3724 4273 3775 4324 ὅτι

589 4374 722 4429 Nam
756 4382 871 4429 tum
905 4374 1139 4429 maxime
1180 4375 1262 4429 vis
1296 4378 1585 4431 oculorum
1628 4380 1973 4450 conspicitur
1996 4420 2011 4445 ,
2045 4396 2172 4437 eum

2281 4381 2364 4434 Οὐ
2396 4379 2645 4434 δύναται
2681 4380 2714 4433 ὸ
2763 4378 3069 4448 ὀφθαλμὸς
3101 4376 3290 4432 εἰπεῖν
3323 4374 3402 4444 τῇ
3431 4365 3777 4444 κειρί,Χρεὶσν

589 4468 707 4538 ipsa
736 4481 902 4538 opera
940 4468 1321 4523 testimonium
1358 4469 1646 4524 oculorum
1698 4472 1939 4527 acumini
1985 4474 2176 4545 perhi-

2277 4474 2394 4530 σοῦ
2428 4474 2541 4527 οὐκ
2581 4473 2719 4541 ἔχω.
2760 4472 2894 4524 Τότε
2933 4470 3041 4543 γὰρ
3090 4469 3323 4540 μάλιστα
3357 4471 3391 4541 ἠ
3422 4468 3530 4522 τῶν
3557 4455 3779 4534 ὀφθαλμῶν
3816 4457 3824 4469 ’

592 4560 759 4627 bent;
782 4574 886 4629 per
930 4560 1173 4615 studium
1220 4560 1609 4631 praeclararum
1656 4579 1838 4618 rerum
1867 4566 2083 4638 egregie
2113 4583 2172 4623 se

2200 4549 2254 4610 Ῑ)
2278 4565 2526 4636 ἐνέργεια
2556 4563 2849 4625 δείκνυται,
2876 4562 3004 4615 ὅταν
3026 4561 3095 4614 τά
3120 4561 3253 4630 ἔργα
3279 4561 3544 4633 μαρτυρεί
3556 4557 3640 4627 τὴν

590 4650 718 4704 duci
742 4651 1100 4707 declarantia.
1121 4651 1260 4720 Quia
1290 4668 1419 4707 vero
1445 4653 1600 4724 prius
1630 4654 1875 4711 indicato
1907 4636 2169 4712 manuum

2281 4655 2414 4711 πίαν
2441 4655 2521 4725 τῷ
2548 4655 2756 4725 ὄμματι
2779 4692 2795 4714 ,
2823 4652 2911 4706 διὰ
2945 4652 3045 4723 τῆς
3072 4652 3199 4723 περὶ
3230 4652 3298 4705 τά
3331 4650 3470 4705 καλὰ
3497 4644 3699 4714 σπονδῆς
3716 4636 3778 4705 τὴν

592 4740 761 4795 divini
795 4743 1045 4810 corporis
1069 4744 1346 4806 encomio,
1375 4760 1472 4816 per
1496 4760 1561 4800 ea
1601 4762 1721 4816 quae
1754 4747 2015 4812 diximus,
2047 4765 2174 4820 per-

2285 4748 2493 4819 άγαθὴν
2513 4747 2735 4817 ὁδηγίαν
2755 4745 3150 4816 ὲπισημαίνων.
3187 4742 3406 4815 Ἐπειδὴ
3427 4742 3530 4816 χρὴ
3556 4734 3777 4810 προθέντες

592 4831 828 4901 gendum
856 4832 1014 4888 nobis
1047 4841 1131 4889 est
1158 4834 1224 4888 ad
1253 4837 1651 4906 expositionem
1685 4837 1849 4904 hanc,
1880 4855 1992 4910 quo
2023 4841 2174 4896 vide—

2281 4841 2373 4894 τὸν
2425 4839 2556 4909 περὶ
2596 4838 2705 4895 τῶν
2742 4836 2943 4909 χειρῶν
2995 4834 3090 4890 τοῦ
3130 4835 3274 4889 θείου
3319 4834 3567 4907 σώματος
3607 4830 3773 4884 ἔπαινον.

595 4926 720 4977 licet
760 4922 924 4978 modo
958 4926 1258 4995 comparati
1293 4942 1418 4983 esse
1454 4926 1692 4984 debeant
1721 4930 1821 4996 illi,
1859 4932 2039 5002 quiin
2070 4932 2175 4987 Ec-

2245 4911 2257 4929 .
2281 4930 2611 5004 όδηγηθῆναι
2631 4930 2717 4985 διὰ
2744 4930 2854 4984 τῶν
2875 4930 3180 5004 εἰρημένων
3199 4929 3346 4993 ὅπως
3370 4929 3618 4998 προσήκει
3637 4927 3774 4979 πατὴρ*

590 5014 759 5073 clesia
796 5031 1058 5071 manuum
1091 5018 1271 5072 locum
1306 5019 1595 5086 obtinent,
1630 5022 1767 5090 ipsis
1796 5022 1964 5077 divini
2005 5024 2172 5095 hujus

2283 5024 2467 5079 τίσθαι
2522 5024 2647 5087 τοὺς
2682 5022 2804 5077 ἀντὶ
2829 5022 3026 5093 χειρῶν
3053 5021 3215 5085 ὄντας
3246 5020 3340 5074 ἐπὶ
3359 5020 3459 5090 τῆς
3494 5009 3773 5095 Ἐκκλησίας’

591 5108 804 5165 oraculi
836 5109 1020 5165 verbis
1041 5110 1376 5181 praemissis,
1410 5128 1509 5183 pro
1531 5114 1673 5168 virili
1713 5123 1900 5170 nostra
1934 5093 2173 5172 abditam

2284 5118 2417 5172 αὐτὸ
2443 5116 2737 5188 προθέντες
2768 5114 2831 5167 τὸ
2847 5113 2989 5166 θεῖον
3011 5111 3211 5181 λόγιον,
3230 5112 3377 5175 ὅπως
3405 5110 3470 5164 ἂν
3487 5104 3588 5163 οἷόν
3608 5119 3657 5158 τε
3673 5095 3699 5173 ᾖ

593 5200 649 5253 in
682 5216 748 5256 eo
779 5203 1109 5257 sententiam
1164 5202 1518 5260 considerare
1551 5203 1659 5259 Deo
1693 5208 2030 5263 concedente
2082 5224 2179 5262 co-

2287 5183 2613 5282 ὲγκειμένην
2644 5207 2793 5264 αὐτῶ
2829 5205 3101 5278 θεωρῆσαι
3142 5204 3396 5269 διάνοιαν,
3424 5202 3637 5259 διδόντος
3669 5183 3772 5282 330:3-

595 5292 871 5348 nabimur.
891 5290 1108 5362 Manus,
1141 5295 1337 5366 inquit,
1361 5296 1510 5350 illius
1536 5299 1759 5361 tortiles,
1788 5317 1982 5367 aurem,
2007 5301 2176 5369 plena:

2287 5277 2679 5374 πειρασόμεθα.
2736 5277 2948 5368 Χεῖρεςί
2996 5296 3183 5351 αὑτοῦ
3231 5294 3536 5363 τορευταί,
3591 5277 3771 5376 χρυσαξι

594 5380 819 5463 thanis.
865 5386 1042 5456 Atque
1104 5387 1370 5443 hactenus
1406 5388 1624 5456 quidem
1678 5389 1731 5443 in
1788 5391 1938 5449 hisce
1996 5394 2178 5452 verbis

2288 5396 2440 5466 φησὶ,
2468 5389 2929 5461 πεπληρωμέναι
2955 5389 3217 5456 θαρσεῖς.
3245 5386 3395 5450 Τέως
3423 5386 3518 5458 μὲν
3543 5378 3624 5437 οὖν
3650 5386 3772 5466 τοθξυ·

598 5459 797 5531 Sensus
829 5473 1158 5535 manifestus
1187 5487 1294 5546 est,
1337 5479 1483 5550 quod
1526 5480 1598 5535 ob
1635 5497 1757 5551 quae
1787 5492 1949 5554 caput
1990 5486 2181 5541 lauda-

2406 5459 2678 5555 πρόδηλόν
2704 5459 2854 5534 ἐστιν
2881 5481 2945 5533 ὲκ
2970 5478 3079 5533 τῶν
3117 5478 3426 5549 εἰρημένων
3464 5475 3524 5528 τὸ
3549 5472 3704 5558 νόημιιν
3724 5459 3770 5558 δξί

601 5571 714 5631 tur,
754 5567 945 5622 eadem
974 5584 1235 5625 manuum
1272 5585 1491 5642 quoque
1517 5575 1829 5628 encomium
1869 5577 2175 5632 absolvant.

2286 5572 2369 5639 οἷς
2394 5575 2455 5629 τὸ
2483 5574 2584 5644 τῆς
2613 5570 2862 5641 κεφαλῆς
2896 5564 3035 5633 εἶδος
3063 5568 3464 5638 ὲγκωμιάζεται
3484 5605 3498 5630 ,
3528 5560 3605 5617 διὰ
3622 5555 3771 5644 τῶν

603 5649 667 5707 Et
694 5668 860 5727 caput
888 5662 1201 5730 accepimus
1228 5678 1324 5733 pro
1347 5663 1567 5721 Christo
1596 5665 1895 5721 secundum
1932 5681 2179 5737 carnem,

2285 5666 2397 5721 τῶν
2430 5665 2525 5721 καὶ
2563 5666 2685 5728 ταῖς
2716 5663 2874 5734 χερσὶ
2921 5659 3221 5732 πληροῦται
3259 5660 3288 5712 ό
3322 5656 3556 5719 ἔπαινος.
3592 5633 3767 5714 Κεφ-η*

669 5843 719 5884 ³⁸
753 5848 776 5905 ι
807 5850 934 5906 Cor.
970 5868 1069 5918 xu,
1096 5854 1190 5911 21.
