4018 6394
233 456 375 522 tum

1246 451 1322 506 1N
1364 440 1659 507 CANTICA
1693 438 1963 503 CANTIC.
1997 440 2283 503 "OMILIA
2328 447 2467 504 XIV.

3358 431 3492 493 H170

232 591 291 643 δὲ
315 583 552 657 Χριστὸν
582 582 883 651 ὲνοήσαμεν
903 619 918 644 ,
951 578 1008 631 ὲν
1046 562 1091 646 ᾧ
1124 568 1155 630 ό
1183 574 1315 639 Θεὸς
1351 570 1442 648 ἦν,
1481 572 1574 627 τὸν
1602 571 1807 639 κόσμον

1934 578 1966 618 n
2021 578 2131 636 quo
2166 564 2309 625 Deus
2352 576 2472 624 erat
2519 565 2784 620 mundum
2832 562 2934 620 sibi
2978 559 3371 625 reconcilians,
3407 562 3487 615 uti

234 676 412 748 ἑαυτῷ
442 674 853 748 καταλλάσσων,
892 671 1032 725 κατὰ
1072 669 1167 740 τὴν
1198 666 1411 722 Παύλου
1442 666 1657 734 φωνήν·
1698 658 1727 717 ὀ
1754 662 1810 714 ἐν

1933 659 2117 716 _’aulus
2146 661 2390 731 loquitur
2405 658 2484 715 ὐς
2524 659 2616 730 qui
2647 673 2708 713 se
2736 660 2793 711 in
2827 670 2995 711 carne
3024 671 3124 725 per
3155 656 3385 708 virtutes
3420 669 3484 705 ac

233 773 300 842 τῇ
334 745 500 840 σάρὲςι
548 765 636 819 διὰ
667 764 776 819 τῶν
804 760 1086 834 δυνάμεὼν
1131 777 1192 813 τε
1236 761 1333 813 καὶ
1376 757 1485 811 τῶν
1517 754 1813 839 Θαυμάτων

1933 751 2180 806 nira‘eula
2200 750 2483 823 patefecit.
2508 749 2663 816 Quod
2694 750 2740 805 si
2767 764 2900 819 ergo
2921 754 3084 818 caput
3106 745 3210 800 hoc
3232 753 3489 800 nostrum

230 838 428 913 ἑαυτὸν
474 852 817 925 φανερώσας.
865 852 927 905 Ei
971 848 1065 907 οὖν
1100 852 1135 921 ἠ
1189 847 1443 918 νοηθεῖσα
1497 845 1628 916 ἡμῖν
1674 838 1811 914 αὕτη

237 945 449 1018 κεφαλὴ
480 944 703 1017 χρυσίον
738 942 1014 1013 ἀκήρατον
1047 939 1199 1010 παρά
1244 936 1338 992 τοῦ
1377 935 1536 1007 λόγου
1579 944 1816 988 κατωνο-

240 1038 455 1110 μάσθη,
514 1036 604 1091 διά
657 1035 720 1089 τὸ
767 1034 949 1104 πάσης
997 1030 1272 1103 ἁμαρτίας
1319 1024 1475 1092 ἐκτὸς
1535 1022 1670 1081 εἶναι
1696 1045 1708 1058 ο
1757 1026 1816 1089 ὃς

248 1129 563 1200 Ἀλιαρτίαν
596 1129 709 1181 οὐκ
745 1125 1032 1191 ἐποίησε,
1068 1123 1253 1194 φησιν,
1303 1119 1446 1177 οὐδὲ
1494 1119 1705 1189 εὑρέθη
1749 1119 1819 1172 ἐν

235 1224 320 1289 τῷ
361 1222 616 1292 στόματι
654 1217 842 1273 αὐτοῦ
877 1217 1091 1282 δόλος·
1140 1216 1347 1285 χρυσᾶς
1380 1213 1445 1266 ’δέ
1476 1229 1639 1283 φησιν
1678 1207 1818 1264 εἶναι

237 1314 340 1378 τὰς
384 1313 574 1383 χεῖρας
615 1310 643 1363 ό
685 1307 841 1375 λόγος
867 1322 880 1335 ·
920 1304 1187 1377 πρόδηλόν
1225 1306 1342 1357 ἐστι
1383 1303 1446 1357 τὸ
1480 1303 1570 1357 διά
1612 1301 1819 1356 τούτων

237 1401 550 1472 νοούμενον,
575 1400 655 1452 ὅτι
677 1398 739 1451 τὸ
767 1397 891 1451 καθ’
915 1397 1037 1450 ὅλου
1061 1394 1348 1465 νοούμενον
1375 1394 1613 1465 καθαρόν
1636 1409 1696 1446 τε
1728 1393 1820 1446 καὶ

236 1493 646 1563 ἀναμάρτητον,
680 1480 779 1542 καῖ
799 1488 979 1556 πάσης
1008 1484 1207 1550 κακίας
1245 1485 1444 1555 ἀμιγές
1471 1501 1531 1537 τε
1558 1484 1654 1563 καὶ
1679 1484 1820 1536 ἁπα-

519 1553 813 1650 ’νομοθετεῖ
840 1580 906 1648 τῇ
936 1553 1081 1648 χειρὶ
1114 1578 1143 1629 ὁ
1170 1553 1345 1644 λόγος.
1379 1576 1551 1645 Χεῖρα
1578 1553 1642 1626 δε
1669 1572 1821 1626 νοού-

234 1692 346 1746 μεν
367 1674 587 1735 πάντως
610 1674 709 1741 τὴν
726 1670 794 1722 τὰ
825 1668 979 1723 κοινά
997 1667 1098 1737 τῆς
1139 1665 1461 1742 Ἐκκλησίας
1487 1665 1567 1727 είς
1594 1663 1694 1726 τὰς
1714 1662 1822 1715 τῶν

1916 842 2248 913 appellatum
2307 841 2409 897 fuit
2461 854 2655 896 aurum
2711 840 3156 905 immaculatum,
3204 847 3491 913 propterea

1917 934 2063 1003 quod
2093 941 2248 988 extra
2291 948 2453 988 omne
2511 939 2792 1004 peccatum
2833 932 2907 985 sit
2982 928 3487 999 (quemadmodum

1917 1025 2121 1080 dicitur
2146 1043 2160 1079 :
2200 1025 2477 1079 Peccatum
2503 1024 2704 1077 nullum
2729 1006 3064 1091 perpetravit,
3093 1037 3254 1091 neque
3283 1021 3491 1073 inventa

1918 1118 2072 1185 fraus
2095 1129 2171 1171 est
2195 1118 2250 1171 t'n
2274 1133 2361 1171 ore
2391 1118 2555 1185 ipsius
2578 1106 2969 1184 “Litidetnque
3000 1114 3087 1167 hic
3114 1129 3308 1168 manus
3329 1114 3490 1166 etiam

1923 1219 2189 1264 vocantur
2223 1226 2442 1266 aureae:
2494 1211 2749 1264 nimirum
2789 1220 2935 1280 patet
2988 1208 3091 1262 hoc
3129 1208 3248 1278 ipso
3289 1205 3494 1278 signit‘ia

1921 1304 2075 1367 cari,
2133 1318 2329 1358 manus
2391 1304 2487 1357 has
2541 1315 2767 1371 prnrsus
2817 1315 2940 1355 esse
2996 1315 3202 1369 puras,
3243 1307 3495 1367 expertes

1923 1398 2153 1469 peccati,
2191 1397 2400 1451 alienas
2428 1396 2494 1449 ab
2526 1395 2673 1448 omni
2711 1392 3021 1447 vitiOsitate.
3063 1391 3278 1445 Manum
3312 1398 3493 1445 autem

1924 1487 2264 1557 appellamus
2300 1500 2442 1548 eam,
2477 1501 2598 1556 qua:
2653 1486 2718 1538 ad
2759 1500 2894 1539 usus
2926 1482 3189 1539 divinitus
3244 1484 3497 1552 prmscri-

1925 1589 2047 1650 ptos
2103 1579 2317 1647 publica
2387 1577 2528 1631 bona
2590 1575 2847 1630 Ecclesiae
2903 1574 3290 1628 administrat:
3340 1574 3499 1640 cujus

1927 1670 2042 1724 lucc
2092 1669 2312 1740 propria
2370 1670 2488 1724 laus
2524 1676 2607 1723 est
2636 1708 2650 1729 ,
2694 1677 2751 1721 ut
2788 1667 2986 1738 capitis
3042 1676 3252 1721 natura:
3304 1667 3501 1721 similis

228 1766 474 1822 ’ἐντολῶν
519 1764 707 1835 χρείας
745 1759 1198 1832 διαχειρίζουσαν,
1233 1751 1303 1829 ἦς
1357 1755 1575 1818 ἔπαινός
1613 1751 1729 1808 ἐστι
1760 1749 1823 1807 τὺ

1933 1763 2052 1826 flat,
2087 1763 2304 1816 ratione
2355 1762 2612 1830 puritatis
2651 1768 2997 1831 peccatorum
3046 1760 3307 1828 expertis.
3345 1754 3500 1813 Tum:

239 1856 574 1930 ὁμοιωθῆναι
596 1855 664 1924 τῇ
694 1854 793 1924 τῆς
820 1849 1067 1921 κεφαλῆς
1102 1847 1279 1917 φύσει,
1311 1845 1452 1901 κατά
1483 1844 1543 1899 τὸ
1582 1840 1820 1915 καθαρόν

1933 1865 2111 1911 autem
2146 1869 2341 1909 manus
2372 1856 2427 1906 tit
2465 1869 2595 1923 pura
2630 1895 2641 1915 ,
2694 1868 2817 1907 eum
2854 1852 3124 1906 tornando
3164 1858 3336 1905 totum
3369 1851 3500 1905 illud

240 1920 304 2002 τὲ
332 1946 429 2001 καὶ
457 1920 861 2014 ἀναμάρτητον.
898 1920 1133 2009 Καθαρᾰ
1152 1937 1211 1991 δὲ
1229 1936 1437 2003 γίνεται
1468 1935 1589 1988 τότε
1608 1936 1642 2004 ἡ
1678 1935 1819 2004 χεὶρ,

1933 1950 2218 2011 abraserit,
2253 1945 2397 2018 quod
2425 1945 2706 2015 elegantia}
2740 1944 3129 2015 impedimento
3160 1954 3260 1998 est.
3300 1943 3504 2010 Quem-

229 2042 375 2095 ’ὅταν
401 2036 490 2091 διά
514 2038 616 2106 τῆς
646 2032 864 2104 τορείας
894 2029 1040 2084 ἅπαν
1079 2026 1419 2098 ἀποξύσηται
1451 2026 1513 2080 τὸ
1536 2024 1826 2097 ἐμποδίζον

1933 2041 2220 2097 admodum
2259 2040 2402 2093 enim
2436 2037 2553 2099 illi,
2607 2033 2707 2107 qui
2750 2051 2991 2091 marmor
3024 2036 3090 2090 ad
3132 2035 3356 2106 ﬁguram
3385 2036 3503 2089 anis

241 2130 325 2201 τῷ
364 2128 571 2184 κάλλει.
628 2124 896 2193 Καθάπερ
943 2121 1051 2192 γὰρ
1089 2120 1226 2192 πρός
1254 2136 1377 2172 τινα
1422 2117 1563 2182 ζώου
1615 2120 1828 2191 μορφὴν

1933 2132 2088 2187 malis
2128 2131 2364 2199 alicuius
2399 2128 2787 2191 conformant,
2836 2142 2900 2181 ea
2937 2128 3206 2180 tornando
3245 2127 3506 2196 scalpunt

244 2214 658 2282 ἀποτυποῦντες
695 2216 757 2270 τὸ
798 2211 1090 2286 μάρμαρον
1110 2253 1125 2275 ,
1156 2212 1339 2266 ἐκεῖνα
1375 2211 1462 2265 διά
1489 2212 1588 2281 τῆς
1616 2212 1829 2285 τορείας

246 2312 582 2387 ὲτγλύφουσι
607 2308 687 2380 τῷ
713 2307 867 2378 λίθῳ,
902 2305 995 2360 καὶ
1026 2304 1471 2373 ὲγκολάπτουσιν,
1502 2297 1578 2358 ὧν
1612 2318 1830 2376 περιαι-

240 2407 520 2476 ξρεθέντων
552 2402 689 2474 πρὸς
727 2400 789 2454 τὸ
832 2394 1142 2471 ἀρχέτυπον
1188 2394 1327 2460 εἶδος
1361 2396 1735 2451 άππυποῦται
1771 2396 1831 2450 τὸ

242 2495 482 2566 μίμημα
509 2506 521 2519 '
554 2490 696 2546 οὕτω
724 2490 818 2544 καὶ
841 2489 937 2543 ἐπὶ
958 2488 1052 2543 τοῦ
1077 2486 1307 2550 κάλλους
1326 2486 1436 2539 τῶν
1460 2486 1554 2540 τοῦ
1583 2484 1831 2556 σώματος

248 2589 355 2656 τῆς
393 2582 724 2653 Ἐκκλησίας
748 2578 946 2653 χειρῶν
977 2578 1149 2633 πολλὰ
1180 2579 1288 2650 χρὴ
1312 2578 1400 2632 διά
1427 2579 1526 2649 τῆς
1553 2577 1663 2632 τῶν
1687 2577 1833 2646 λογι-

240 2676 409 2748 υμῶν
434 2675 649 2746 τορείας
666 2671 1052 2742 άποξεσθῆναι,
1079 2670 1167 2725 ἴνα
1192 2672 1419 2741 γένηται
1454 2671 1488 2740 ὴ
1512 2666 1633 2741 χεὶρ
1659 2670 1832 2740 χρυσῆ

236 2770 329 2832 ὡς
353 2766 572 2838 άληθῶς
599 2767 697 2819 καὶ
725 2765 1022 2836 ἀκήρατος.
1054 2760 1281 2826 Πάντως
1314 2762 1371 2816 δὲ
1402 2760 1642 2832 πρόδηλα
1668 2759 1835 2814 πᾶσίν

242 2863 425 2923 ἐστιν,
452 2859 552 2913 ὅσα
600 2858 677 2928 μὴ
711 2854 1128 2927 περιαιρεθέντα
1169 2854 1269 2925 τῆς
1313 2853 1493 2925 χειρὸς
1536 2851 1616 2923 τῷ
1649 2851 1835 2907 κάλλει

252 2948 596 3021 λυμαίνεται,
619 2945 730 3001 οἷον
765 2947 827 3001 τὸ
846 2945 1328 3018 άνθρωπαρέσκον,
1356 2944 1421 2998 τὸ
1452 2942 1746 3013 φιλόδοξον,
1771 2942 1836 2997 τὸ

248 3040 568 3113 φιλοκερδὲς
585 3083 600 3107 ,
630 3039 693 3093 τὸ
726 3039 886 3111 μόνον
913 3039 1050 3110 πρὸς
1072 3040 1137 3092 τὸ
1153 3037 1471 3109 φαινόμενον
1499 3037 1743 3108 βλέπειν,
1774 3036 1838 3090 τὸ

251 3133 611 3206 τωριφάνειάν
651 3149 775 3186 τινα
813 3130 993 3202 ἑαυτῷ
1018 3130 1107 3185 διὰ
1143 3130 1253 3186 τῶν
1278 3133 1352 3184 ’ἐν
1385 3132 1543 3203 χερσὶ
1577 3147 1832 3202 πραγμα-

1929 2232 1984 2277 et
2015 2222 2265 2277 incidunt
2290 2219 2453 2290 lapidi
2480 2259 2494 2282 ,
2526 2221 2727 2289 quibus
2760 2218 3050 2288 amputatis
3084 2218 3150 2272 ad
3198 2216 3504 2288 exemplum

1935 2315 2189 2386 princeps
2246 2314 2604 2368 simulacrum
2653 2310 2977 2381 'elliugitur:
3061 2310 3141 2365 sic
3221 2312 3384 2366 etiam
3451 2313 3505 2365 in

1935 2406 2347 2477 pulchritudine
2400 2419 2659 2458 manuum
2712 2404 2962 2476 corporis
3018 2402 3285 2460 Ecclesia:
3339 2407 3508 2460 multa

1936 2516 2034 2572 per
2063 2500 2542 2556 ratiocinationum
2592 2497 2902 2554 deradenda
2952 2510 3076 2555 sunt
3122 2501 3508 2563 loruationem,

1939 2605 1996 2650 ut
2024 2602 2222 2648 manus
2253 2607 2379 2647 vere
2408 2606 2574 2646 aurea
2608 2591 2698 2646 liat
2733 2598 2787 2645 et
2820 2607 2974 2662 pura.
3009 2590 3194 2662 Neque
3229 2607 3356 2647 vero
3389 2593 3510 2646 cui-

1936 2702 2099 2757 quam
2137 2687 2374 2739 obscura
2423 2700 2545 2740 esse
2601 2692 2868 2755 possunt,
2907 2698 3028 2755 quae
3076 2701 3185 2739 non
3225 2690 3511 2754 amputata

1938 2790 2132 2830 manus
2178 2770 2571 2846 pulchritudini
2624 2773 2895 2837 ofﬁciant,
2931 2774 3082 2829 verbi
3133 2776 3344 2846 gratia,
3393 2783 3511 2830 stu-

1936 2867 2086 2921 dium
2124 2866 2369 2936 placendi
2395 2865 2731 2930 horninibus,
2759 2866 3012 2929 avaritia,
3042 2868 3291 2932 ambitio,
3332 2869 3508 2922 solum

1938 2959 2006 3012 ad
2040 2973 2103 3013 ea
2137 2959 2414 3029 respicere
2442 2968 2563 3027 qua:
2595 2957 2699 3012 sub
2733 2960 2925 3013 oculos
2975 2958 3214 3023 cadunt,
3256 2957 3513 3027 splendu-

1939 3064 2053 3104 rem
2084 3049 2187 3105 sibi
2225 3066 2289 3105 ex
2327 3051 2492 3106 rebus
2523 3052 2885 3121 praesentibus
2911 3064 3252 3120 comparare,
3286 3050 3350 3103 a'd
3377 3050 3513 3103 delia

1941 3143 2055 3197 cias
2089 3150 2144 3197 et
2172 3143 2505 3214 voluptatem
2531 3144 2809 3215 propriam
2864 3142 3014 3198 abuti
3050 3143 3281 3197 collecto
3320 3154 3383 3197 ex
3422 3142 3514 3197 Dei

239 3225 526 3291 τεύεσθαι,
556 3225 617 3278 τὸ
644 3225 725 3288 είς
760 3222 972 3294 τρυφὴν
997 3224 1092 3276 καὶ
1119 3221 1420 3277 ἀπόλαυσιν
1455 3222 1595 3277 ἰδίαν
1621 3225 1690 3295 τῇ
1726 3222 1829 3276 τῶν

1944 3236 2200 3290 mandato
2230 3251 2409 3305 penu:
2452 3237 2651 3306 quibus
2701 3236 2921 3307 quidem
2962 3235 3237 3291 universis
3289 3244 3344 3289 et
3398 3236 3518 3304 ejus

248 3315 487 3371 ἐντολῶν
505 3314 1279 3386 άποκεχρῆσθαῖπαρασκευῇ·
1295 3308 1446 3387 ᾖχρὴ
1469 3314 1646 3368 πάντα
1664 3313 1838 3368 ταῦτα

248 3409 356 3464 ’καὶ
381 3407 449 3462 τά
487 3406 713 3460 τοιαῦτα
741 3408 856 3469 τοῖς
893 3405 1002 3462 τῶν
1034 3405 1313 3476 λογισμῶν
1355 3407 1606 3477 ὀργάνοις
1634 3406 1840 3474 ἀποξυ-

251 3498 515 3567 σάμενον,
550 3496 727 3550 ἐκεῖνο
753 3494 1072 3548 καταλιπεῖν
1102 3494 1262 3565 μόνον
1302 3493 1364 3547 τὸ
1391 3494 1629 3564 καθαρόν
1655 3512 1715 3548 τε
1745 3495 1839 3548 καὶ

249 3585 643 3657 ἁκιόδήλευτον
689 3586 912 3656 χρυσίον
938 3584 1040 3655 τῆς
1068 3584 1441 3655 προαιρέσεως
1458 3624 1475 3651 ,
1504 3586 1564 3639 τὸ
1589 3588 1655 3657 τῇ
1700 3587 1838 3656 ἀκη-

246 3677 413 3749 ράτῳ
430 3677 641 3748 κεφαλῇ
671 3676 1046 3748 ὁμοιούμενον.
1081 3675 1422 3746 Σαφέστερον
1455 3676 1501 3729 δ’
1532 3676 1598 3731 ἂν
1632 3680 1840 3746 γένοιτο

252 3772 393 3842 ἡμῖν
417 3769 479 3822 τὸ
509 3768 797 3841 λεγόμενον
814 3768 904 3822 διὰ
928 3770 1028 3840 τῆς
1049 3765 1141 3822 τοῦ
1175 3768 1498 3821 Ἀποστόλου
1529 3771 1712 3841 φωνῆς
1735 3787 1749 3801 ο
1780 3768 1839 3833 δς

254 3861 453 3917 πιστὸν
472 3862 562 3915 τὸν
584 3860 716 3916 Θεὸν
741 3860 1034 3932 ὀνομάσας,
1069 3859 1222 3913 οὐδὲν
1261 3859 1388 3915 ἄλλο
1414 3862 1509 3915 καὶ
1536 3863 1595 3913 ὲν
1621 3864 1736 3926 τοῖς
1759 3864 1826 3915 oi-

257 3952 515 4022 κονόμοις
560 3951 743 4022 ζητεῖν
769 3950 948 4019 ἀξιοῖ,
991 3952 1026 4023 ἢ
1063 3952 1126 4006 τὸ
1160 3953 1353 4007 πιστὸν
1377 3952 1665 4025 εὑρεθῆναι
1690 3969 1706 3985 ο
1746 3954 1840 4007 ού-

1944 3328 2161 3399 generis
2188 3328 2311 3384 aliis
2337 3342 2433 3399 per
2459 3330 2826 3385 instrumenta
2856 3329 3248 3401 cogitationum
3279 3329 3517 3395 abrasis,

1945 3422 2121 3475 solum
2148 3421 2448 3475 voluntatis
2484 3437 2678 3491 purum
2720 3421 2853 3474 illud
2896 3436 2960 3475 ac
3001 3420 3227 3476 minimc
3255 3421 3519 3475 adulterio

1946 3528 2074 3565 num
2116 3528 2309 3565 aurum
2363 3512 2779 3582 relinquendum
2811 3520 2935 3579 est,
2987 3512 3135 3582 quod
3168 3512 3519 3567 immaculato

1945 3602 2106 3670 capiti
2136 3612 2223 3665 est
2255 3602 2449 3657 simile.
2496 3602 2560 3656 Et
2599 3603 2765 3658 fuerit
2814 3600 3048 3658 fortasse
3087 3601 3235 3673 quod
3278 3602 3520 3660 dicimus

1947 3688 2120 3756 magis
2168 3689 2547 3759 perspicuum,
2584 3690 2629 3744 si
2682 3705 2778 3760 per
2833 3691 3056 3745 verbum
3098 3691 3230 3745 illud
3270 3691 3519 3762 Apostuli

1945 3779 2289 3834 declaretur:
2330 3780 2424 3851 qui
2474 3792 2825 3851 posmaquam
2868 3781 3037 3836 Deum
3075 3782 3286 3837 lidelem
3335 3788 3522 3853 appel-

1942 3865 2074 3923 iavit
2104 3907 2118 3933 ,
2155 3870 2288 3924 nihil
2342 3872 2485 3925 aliud
2518 3873 2681 3927 etiam
2717 3873 2771 3927 in
2826 3874 2905 3927 rei
2954 3873 3239 3929 familiaris
3284 3874 3523 3929 admini‘

1948 3963 2275 4019 stratoribus
2306 3964 2559 4033 requirit,
2597 3978 2758 4033 quam
2800 3966 2877 4019 uti
2927 3965 3044 4035 quis
3079 3965 3255 4035 ﬁdelis
3286 3969 3520 4035 reperiau

254 4043 398 4097 τωσὶ
438 4043 654 4114 γράψας
681 4041 763 4116 τῷ
795 4043 1019 4114 ῥήματι.
1075 4044 1141 4097 Ὃ
1178 4042 1239 4098 δὲ
1285 4044 1494 4109 λοιπὸν,
1512 4045 1753 4116 ζητεῖται
1783 4049 1829 4100 ὲκ

1952 4064 2036 4106 tur
2057 4055 2122 4109 "".
2161 4055 2251 4107 Sic
2275 4056 2421 4109 enim
2450 4052 2517 4109 ad
2547 4055 2770 4110 verbum
2810 4057 3048 4126 scripsit.
3088 4054 3380 4136 Reliquum
3414 4067 3520 4125 est,

254 4139 380 4199 τοῖς
437 4136 764 4206 οἰκονόμοις,
804 4136 907 4191 ἵνα
928 4137 1147 4203 πιστός
1184 4153 1274 4203 τις
1300 4136 1537 4206 εὑρεθῇ.
1574 4137 1829 4193 Ούκοῦνί

1950 4144 2094 4215 quod
2117 4146 2171 4200 in
2203 4146 2738 4203 administratoribus
2770 4150 2847 4203 rei
2882 4148 3169 4206 familiaris
3198 4153 3519 4219 requiritur,

254 4225 456 4291 πιστὸς
501 4227 595 4280 καὶ
645 4225 908 4297 φρόνιμος
945 4226 1228 4297 οἰκονόμος
1270 4228 1393 4282 ἀντὶ
1436 4229 1619 4300 χειρὸς
1648 4229 1727 4284 ὢν
1775 4235 1829 4302 τῇ

1953 4250 2011 4290 ιιι
2046 4238 2171 4308 quis
2207 4238 2463 4292 nimirum
2497 4238 2671 4295 fidelis
2701 4243 3020 4312 reperiatur.
3061 4241 3245 4314 Itaque
3274 4242 3444 4300 fidelis
3469 4254 3524 4300 et

271 4318 593 4391 Ἐκκλησία,
621 4317 831 4390 χρυσῆν
866 4316 990 4372 καθ’
1021 4319 1312 4391 ὁμοιότητα
1335 4321 1437 4392 τῆς
1464 4321 1707 4393 κεφαλῆς
1737 4323 1829 4376 δεί.

1948 4326 2191 4394 prudens
2227 4324 2638 4382 administrator
2671 4329 2719 4361 “
2750 4330 2828 4383 rei
2871 4329 3177 4396 familiaris,
3205 4332 3299 4401 qui
3332 4332 3526 4387 Eccle-

260 4424 426 4466 κνυσι
480 4408 580 4480 τὴν
635 4411 794 4480 χεῖρα
842 4406 938 4461 τοῦ
985 4407 1236 4479 σώματος
1262 4450 1278 4475 ,
1311 4411 1405 4464 τὸν
1450 4412 1613 4480 σοφὸν
1647 4414 1829 4467 ἑαυτοξ

1953 4419 2049 4471 size
2084 4432 2277 4473 manus
2313 4425 2398 4472 est
2428 4419 2568 4481 loco,
2601 4421 2902 4490 sapientem
2941 4422 3224 4478 dominum
3261 4440 3423 4480 suum
3467 4427 3523 4481 in
3610 4446 3615 4455 θ

256 4500 531 4570 δεσπότην
561 4498 652 4553 διὰ
690 4497 784 4565 τοῦ
823 4497 939 4569 βίου
977 4497 1331 4569 μιμούμενος.
1373 4501 1490 4554 Οὐκ
1512 4498 1583 4573 ἦν
1620 4503 1829 4558 τοιαύττ

1952 4509 2061 4561 vita
2102 4508 2390 4572 imitando,
2444 4524 2662 4563 manum
2699 4514 2946 4583 corporis
2991 4516 3056 4568 ad
3105 4515 3525 4574 similitudinem

262 4592 389 4663 χεὶρ
412 4591 469 4644 ἐν
491 4590 569 4661 τῷ
600 4590 708 4644 τῶν
728 4590 1041 4644 ἀποστόλων
1082 4589 1292 4660 σώματι
1324 4592 1353 4643 ὁ
1386 4590 1584 4656 Ἰούδας
1615 4597 1829 4660 ἐκεῖνος

1956 4592 2150 4668 capitis
2194 4612 2414 4653 auream
2457 4598 2655 4654 reddit.
2708 4600 2826 4656 Non
2868 4612 2986 4658 erat
3031 4605 3298 4676 ejusmodi
3329 4624 3525 4666 manus

254 4686 295 4738 ὐ
326 4685 559 4748 ἐλεεινός
590 4700 653 4737 τε
678 4685 773 4739 καὶ
804 4684 1057 4748 δείλαιος,
1091 4684 1291 4756 μᾶλλον
1325 4686 1385 4739 δὲ
1412 4687 1442 4738 ὁ
1468 4690 1734 4759 στυγητὸς
1762 4708 1829 4746 κα

1953 4690 2005 4743 in
2038 4690 2405 4759 apostolorum
2464 4680 2694 4761 corpore
2739 4693 2911 4751 Judas
2959 4697 3049 4753 ille
3084 4699 3434 4758 miserandus
3463 4718 3529 4757 at:

262 4777 639 4850 ἀποτρόπαιος
658 4815 675 4841 ,
702 4776 766 4841 ὃς
794 4776 1109 4847 οἰκονομίαν
1140 4775 1373 4846 πτωχῶν
1403 4782 1829 4852 πεπιστευμένος

1953 4775 2118 4830 miser
2140 4815 2154 4838 ,
2187 4778 2268 4831 vel
2304 4779 2486 4848 potius
2522 4780 2648 4834 odio
2681 4781 2879 4854 dignus
2912 4793 2968 4839 et
3005 4789 3358 4846 exsecrabilis
3386 4834 3401 4857 ,
3422 4770 3527 4847 ὀιιί

264 4870 369 4941 τὴν
397 4869 494 4940 τῆς
519 4867 953 4940 φιλοχρηματίας
977 4868 1186 4939 λέπραν
1219 4869 1321 4922 οὐκ
1352 4864 1685 4934 άπεξύσατο·
1712 4874 1829 4929 me

1952 4880 2076 4920 cum
2107 4882 2239 4921 cura
2284 4878 2431 4926 esset
2469 4873 2764 4929 commissa
2803 4890 3141 4946 pauperum,
3178 4882 3423 4937 avaritia:
3452 4883 3531 4938 le-

263 4960 448 5032 φύλαξ
491 4960 570 5016 ὢν
606 4960 701 5015 τοῦ
754 4960 1142 5032 γλωσσοκόμου
1187 4962 1276 5018 διά
1302 4965 1428 5028 τοὺς
1481 4964 1812 5032 κλέπτοντας

1954 4972 2106 5027 pram
2141 4973 2250 5013 non
2290 4960 2534 5027 abrasit,
2570 4964 2664 5018 sed
2696 4976 2924 5036 propter
2957 4967 3107 5027 fures
3145 4974 3408 5044 marsupii
3436 4991 3531 5029 cu-

260 5048 437 5112 αὐτὸς
467 5047 663 5106 ἑαυτοῦ
704 5048 946 5121 κλέπτης
969 5050 1206 5118 ἐγένετο,
1241 5050 1270 5104 ὃ
1303 5054 1361 5107 ὲν
1383 5056 1506 5118 ταῖς
1531 5057 1719 5127 χερσὶν
1740 5054 1829 5129 dx;

1957 5057 2103 5112 stos,
2144 5049 2260 5119 ipse
2310 5052 2395 5106 sui
2444 5053 2617 5123 ipsius
2653 5056 2742 5110 fur
2783 5055 2962 5114 factus
2992 5069 3097 5126 est,
3138 5061 3267 5116 dum
3295 5065 3439 5134 quod
3474 5066 3529 5119 in

264 5140 360 5196 διὰ
388 5139 494 5193 τῶν
527 5140 670 5195 ἰδίων
708 5143 905 5213 χειρῶν
942 5142 1355 5216 ὑφαιρούμενος,
1379 5147 1472 5200 καὶ
1504 5148 1565 5201 οὐ
1600 5149 1735 5220 πρὸς
1756 5151 1829 5222 τὴι

1957 5140 2209 5196 manibus
2246 5143 2364 5198 suis
2399 5144 2673 5212 habebat,
2704 5150 2944 5218 propriis
2978 5153 3232 5208 manibus
3267 5156 3529 5226 cleperet,

270 5232 518 5302 ἐντολὴν,
558 5233 695 5287 ἀλλὰ
717 5235 855 5305 πρὸς
887 5234 959 5287 τά
987 5236 1245 5306 χρήματα
1270 5235 1481 5306 βλέπων
1506 5256 1519 5271 ·
1554 5233 1631 5293 ὧν
1655 5240 1687 5311 ή
1719 5242 1829 5295 άπόη

1957 5247 2066 5286 non
2106 5234 2170 5287 ad
2200 5232 2295 5288 Dei
2331 5235 2647 5291 mandatum
2669 5275 2687 5305 ,
2724 5240 2816 5293 sed
2876 5242 3138 5310 pecunias
3167 5242 3316 5313 ipsas
3351 5247 3529 5316 respi-

271 5324 470 5387 λαυσις
517 5325 735 5394 ἐγένετο
758 5340 774 5357 ·
805 5325 858 5379 τί
883 5342 900 5391 ;
940 5326 1169 5397 ’Δγχὸνη
1195 5327 1476 5393 ἑκούσιος,
1521 5329 1667 5402 ζωῆς
1693 5331 1823 5386 ἀλλο

1957 5326 2143 5381 ciens:
2168 5340 2234 5381 ex
2259 5327 2462 5397 quibus
2480 5328 2677 5384 deinde
2710 5330 2945 5386 fructum
2976 5334 3144 5388 alium
3175 5336 3383 5391 nullum
3409 5354 3532 5408 pera

266 5411 533 5481 τρίωσις,
580 5412 906 5500 πανολεθρία
934 5413 1146 5485 ψυχῆς,
1199 5414 1544 5487 μνημόσυνον
1573 5421 1809 5493 πονηρὸν

1956 5420 2121 5489 cepit,
2154 5421 2260 5476 nisi
2291 5423 2779 5494 strangulationem
2806 5463 2822 5489 ,
2855 5412 3211 5495 spontaneam
3245 5429 3531 5500 abruptio—

270 5502 441 5556 παντὶ
465 5502 544 5574 τῷ
582 5505 699 5574 μετ’
727 5499 889 5557 αὐτὸν
918 5504 1096 5577 χρόνῳ
1127 5507 1615 5579 συνεκτεινόμενον.
1647 5511 1829 5564 Ούκοῦ⁴

1958 5527 2080 5567 nem
2108 5512 2230 5567 vita:
2250 5555 2265 5580 ,
2296 5520 2506 5568 certqu
2537 5515 2737 5570 anima:
2760 5515 3041 5571 interitum
3065 5556 3082 5583 ,
3118 5499 3531 5575 monumentum

270 5598 535 5666 τορευτὰς
563 5592 700 5652 εἶναι
735 5597 842 5669 χρὴ
873 5600 966 5653 καὶ
1009 5600 1332 5670 διαγλύφους
1371 5601 1473 5665 τὰς
1513 5605 1731 5673 χεῖρας,
1770 5604 1829 5657 fw

1958 5603 2307 5667 sceleratum,
2336 5604 2480 5674 quod
2514 5604 2733 5674 quidem
2762 5615 3027 5661 aeternum
3057 5607 3300 5665 durabit.
3325 5609 3532 5677 Quatn‘

273 5687 731 5757 περιαιρεθέντων
750 5687 860 5743 τῶν
889 5689 1074 5743 κακῶν
1104 5691 1558 5762 συμπεφυκότων,
1586 5692 1647 5744 τὸ
1672 5692 1829 5747 λειπό

1959 5694 2145 5749 obrem
2180 5710 2374 5750 manus
2405 5709 2529 5750 esse
2561 5695 2703 5749 belle
2736 5701 2982 5753 tornatas
3013 5712 3077 5754 ac
3104 5700 3347 5771 sculptas
3369 5715 3531 5769 Opor-

349 5863 400 5901 ⁸⁸
429 5866 453 5921 Ι
486 5864 617 5922 Cor.
649 5881 702 5933 ν,
737 5865 820 5921 49.
900 5867 948 5903 ’⁸
984 5869 1087 5926 lsa.
1123 5885 1242 5940 ιιιι,
1278 5874 1347 5940 9;
1379 5870 1573 5931 lPetr.
1616 5874 1791 5942 11,.2‘2.

1937 5872 1956 5927 Ι
1974 5874 2099 5930 Cor.
2133 5876 2281 5942 me.
2358 5878 2402 5910 “
2427 5876 2785 5945 Matthasrv,
2810 5880 2899 5936 45.
