4018 6372
540 434 674 492 ισπ

538 636 813 706 supersit:
846 632 991 704 quod
1021 630 1204 702 specie
1233 643 1332 684 sua
1358 628 1557 700 capitis
1591 625 1991 698 pulchritudini
2018 641 2114 681 rc-

539 728 823 795 spondeat.
1758 710 1771 731 ”

605 818 875 873 (la-terum
908 829 1012 869 vox
1046 810 1277 867 Tharsis
1319 809 1485 865 habet
1530 824 1597 864 ex
1630 822 1910 864 sacrarum
1944 805 2117 863 Litte-

539 924 720 965 rarum
774 905 1173 962 consuetudine
1222 903 1527 974 signiﬁcata
1561 901 1882 971 complura;
1939 915 2116 970 neque

538 1013 755 1070 semper
810 998 953 1053 idem
999 996 1136 1052 velle
1187 993 1637 1066 deprehenditur.
1689 991 1825 1047 Nam
1863 992 2115 1061 saepenu-

536 1104 690 1148 mero
742 1088 811 1144 ad
868 1087 1128 1159 quiddam
1191 1085 1550 1156 vituperabile
1578 1124 1593 1149 ,
1641 1098 2015 1154 saepenumero
2046 1082 2116 1138 ad

538 1181 782 1240 divinant
810 1187 865 1235 et
888 1180 1105 1233 beatum
1134 1174 1392 1246 quiddam
1423 1174 1542 1244 ejus
1575 1173 1904 1244 signiﬁcatio
1935 1179 2116 1227 trans-

536 1270 729 1327 fertur.
763 1267 1008 1338 Exempli
1041 1266 1238 1336 gratia,
1267 1279 1375 1334 quo
1405 1272 1648 1334 tempore
1688 1261 1861 1319 Jonas
1897 1270 2050 1317 vates
2081 1276 2114 1318 a

536 1362 632 1418 Dei
671 1366 972 1432 conspectu
1004 1358 1246 1430 fugiebat
1270 1397 1287 1421 .
1329 1357 1510 1411 navim
1538 1362 1760 1412 euntem
1796 1356 1849 1409 in
1886 1354 2115 1411 Tharsis

534 1455 730 1525 quan-it
753 1454 822 1505 ".
860 1451 922 1506 Et
960 1464 1195 1523 magnus
1229 1449 1320 1504 ille
1351 1448 1518 1503 David
1551 1449 1649 1513 ait,
1686 1447 1900 1517 navigia
1940 1445 2115 1500 Thar-

537 1547 615 1601 sis
645 1560 675 1599 a
704 1544 899 1615 spiritu
929 1542 1234 1599 vehementi
1263 1541 1470 1597 conteri
1502 1541 1571 1598 ³ο.
1603 1538 1816 1607 Quibus
1845 1540 1900 1593 iu
1931 1537 2116 1594 verbis

535 1636 792 1707 spiritum
819 1635 1218 1696 vehementem,
1252 1640 1313 1687 ut
1341 1632 1596 1702 equidem
1631 1630 1895 1696 arbitror,
1925 1628 2116 1700 appel-

535 1727 613 1784 lat
638 1744 761 1783 eum
810 1726 907 1798 qui
939 1724 1227 1796 discipulis
1264 1724 1318 1778 in
1355 1723 1646 1779 cmnaculo
1673 1722 1920 1778 collectis
1949 1735 2117 1792 appa-

537 1820 648 1876 ruit
670 1858 699 1880 ,,
721 1833 786 1872 ac
820 1818 999 1889 primo
1031 1816 1253 1888 quidem
1290 1816 1482 1871 auditu
1516 1824 1602 1871 est
1632 1814 1920 1886 cognitus,
1955 1813 2113 1884 quasi

538 1927 707 1967 ruens
749 1910 908 1966 ﬁatus
951 1909 1264 1973 violentus;
1309 1908 1507 1964 deinde
1554 1922 1684 1963 vero
1726 1906 1890 1961 ctiam
1941 1905 2117 1960 oculis

538 2003 848 2074 patefactus
875 2007 999 2065 est,
1050 2000 1359 2072 linguarum
1397 1999 1461 2053 .in
1503 1998 1729 2068 ﬁguram
1773 1996 2019 2060 ellictus,
2053 2011 2119 2051 ac

538 2094 845 2167 splendenti
870 2095 1011 2165 ignis
1039 2103 1246 2148 natura:
1262 2091 1458 2148 similis
1487 2091 1662 2148 factus
1676 2091 1743 2144 ".
1764 2090 1841 2145 Ac
1860 2106 1956 2161 per
1970 2090 2119 2147 hunc

536 2188 759 2259 quidem
783 2184 966 2240 ﬂatum
999 2184 1378 2256 multipliciter
1403 2185 1640 2239 huiuana
1667 2183 1720 2237 in
1744 2191 1942 2238 natura
1972 2183 2120 2237 velut

538 2283 795 2336 innatans
827 2277 1099 2333 vitiositas
1129 2277 1434 2332 conteritur
1457 2314 1472 2337 ,
1503 2290 1667 2345 quam
1714 2275 1809 2330 hic
1848 2273 2118 2344 Pr0pheta

538 2388 708 2429 naves
742 2370 973 2426 Tharsis
1027 2369 1341 2440 appellavit.
1400 2368 1579 2438 Atque
1632 2367 1755 2422 haec
1809 2366 2119 2438 signiﬁcata

539 2471 668 2517 sunt
691 2461 841 2516 vocis
873 2459 1037 2529 hujus
1061 2499 1076 2526 ,
1100 2471 1210 2529 qua
1242 2459 1482 2529 pejorem
1514 2458 1569 2512 in
1595 2465 1821 2528 martem
1860 2457 2116 2512 sumitur.

537 2554 608 2606 At
635 2566 864 2623 magnus
892 2552 983 2606 ille
1014 2548 1265 2605 Ezechiel
1300 2547 1567 2617 visionem
1586 2548 1793 2602 oblatae
1820 2545 2120 2617 aliquando

537 2644 643 2700 sibi
675 2641 1064 2714 patefactionis
1092 2641 1293 2696 divina:
1316 2640 1657 2703 describens,
1679 2641 1917 2710 speciem
1953 2641 2121 2695 unius

535 2754 604 2794 ex
636 2736 841 2793 divinis
887 2735 998 2790 illis
1036 2733 1270 2807 spectris
1317 2732 1422 2788 hac
1470 2747 1608 2788 voce
1653 2732 1953 2803 exprimit,
1991 2747 2119 2787 cum

538 2831 648 2887 ait:
693 2830 760 2885 Et
785 2830 977 2899 species
1008 2827 1124 2898 ejus
1150 2865 1166 2891 ,
1197 2826 1352 2898 quasi
1389 2826 1584 2895 species
1634 2824 1855 2879 TJiarsis
1883 2825 1950 2879 ³².
1983 2824 2121 2879 Tra-

538 2923 679 2978 dunt
709 2930 889 2976 autem
924 2920 1034 2986 illi,
1071 2919 1168 2990 qui
1198 2929 1457 2974 accurate
1491 2933 1687 2974 vocum
1721 2918 2118 2975 Hebraicarum

538 3018 649 3070 vim
687 3022 1029 3086 perspectam
1065 3011 1310 3074 habent,
1351 3010 1407 3064 in
1469 3010 1573 3064 hac
1622 3010 1771 3079 illius
1812 3011 2123 3080 prophetiae

542 3120 700 3180 parte
729 3121 825 3178 per
850 3104 1181 3161 vocabulum
1204 3103 1311 3159 hoc
1350 3101 1650 3173 signiﬁcari
1687 3103 1946 3170 quiddam
1974 3102 2119 3172 quod

1772 424 1832 483 S.
1856 422 2186 483 GBEGORII
2214 419 2510 483 NYSSENI

539 555 650 613 tet,
684 553 744 600 ut
776 536 1071 615 amputatis
1112 540 1181 597 iis
1230 552 1353 609 qua
1375 535 1531 594 male
1565 535 1879 600 adhaerent,
1916 551 2111 591 aurum
2140 540 2183 598 Α

2128 1921 2132 1924 -
2148 1887 2189 1942 Β

3660 416 3797 476 ηπ

2217 574 2379 629 μενον
2418 554 2617 629 χρυσὸς
2653 548 2726 629 ᾗ,
2770 551 2848 625 τῷ
2887 552 2986 627 τῆς
3026 550 3272 627 κεφαλῆς
3323 548 3512 610 κάλλει
3555 554 3705 609 κατά
3734 554 3800 610 τδ

2214 645 2351 714 εἶδος
2382 647 2713 720 συμϐαίνων.
2980 666 2986 674 ·
3752 666 3761 675 ~

2293 824 2361 878 'H
2392 824 2449 878 δὲ
2483 822 2576 878 τοῦ
2622 822 2857 896 Θαρσεῖς
2895 820 3041 887 λέξις
3081 820 3392 893 πολύσημός
3437 821 3587 875 ἔστιν
3620 821 3681 875 ὲν
3725 820 3793 893 τῇ

2213 918 2459 988 γραφικῇ
2489 915 2778 987 συνηθείᾳ,
2811 914 2957 968 κατά
2983 913 3079 984 τῆς
3109 912 3278 983 αὐτῆς
3301 912 3541 976 διανοίας
3563 912 3626 964 οὐ
3655 910 3796 965 τάν-

2212 1023 2334 1063 τοτε
2363 1006 2747 1079 εύρισκομένηο
2780 1005 2916 1060 ἀλλά
2943 1004 3200 1068 πολλάκις
3225 1004 3324 1074 μὲν
3346 1002 3484 1075 πρὸς
3511 1002 3572 1056 τὸ
3597 1016 3799 1069 κατεγ-

2215 1097 2513 1169 νωσμένον,
2545 1096 2812 1161 πολλάκις
2841 1095 2899 1150 δὲ
2938 1094 3077 1165 πρὸς
3114 1094 3176 1148 τὸ
3205 1093 3347 1148 θεῖόν
3375 1109 3436 1146 τε
3479 1091 3575 1146 καὶ
3617 1090 3798 1163 μακά·

2219 1205 2333 1260 ριον
2373 1190 2406 1259 ἡ
2453 1187 2702 1258 σημααία
2744 1184 3239 1256 μεταλαμβάνεται.
3278 1182 3410 1236 Ὅτε
3450 1178 3642 1251 φεύγει
3686 1178 3800 1233 ἀπὺ

2214 1275 2510 1349 προσώπου
2538 1276 2633 1330 τοῦ
2657 1275 2794 1329 Θεοῦ
2832 1273 3016 1337 Ἰωνᾶς
3046 1274 3075 1326 ὁ
3098 1273 3406 1345 προφήτης,
3426 1268 3582 1342 ζητεῖ
3611 1268 3799 1322 πλοῖον

2214 1367 2308 1420 ἐπὶ
2333 1368 2566 1438 θαρσεῖς
2595 1364 2976 1437 πορευόμενον.
3008 1363 3121 1417 Καὶ
3155 1364 3184 1417 ὁ
3215 1361 3389 1433 μέγας
3427 1359 3588 1415 Δαϐὶδ
3612 1358 3800 1413 πλοῖον

2214 1461 2458 1536 Θαρσεῖς
2496 1459 2654 1530 βιαίῳ
2674 1457 2957 1529 ’πνεύματι
2981 1455 3150 1536 ,λέγει
3180 1452 3582 1525 συντρίϐεσθαι.
3612 1451 3804 1505 Βίαιον

2215 1528 2524 1621 πνεῦμῖδέ
2540 1528 2694 1620 οἶμαι
2720 1528 2994 1617 λέγεσθαι,
3014 1546 3083 1599 τὸ
3100 1547 3213 1609 τοῖς
3236 1543 3505 1616 μαθηταῖς
3533 1541 3804 1610 ἐπιφανὲν

2213 1646 2328 1707 τοῖς
2362 1644 2419 1695 ὲν
2450 1641 2528 1714 τῷ
2570 1639 2807 1712 ὑπερῴῳ
2835 1637 3290 1708 συνειλεγμένοις,
3327 1635 3357 1688 δ
3399 1633 3662 1706 πρότερον
3697 1633 3805 1703 μὲν

2214 1734 2281 1788 δι’
2301 1734 2469 1805 ἀκοῆς
2487 1728 3062 1805 προεγνώσοη,ὥσπερ
3082 1726 3387 1798 φερομένης
3402 1727 3575 1810 πνοῆς
3591 1722 3804 1793 βιαίας,

2220 1810 2569 1898 μτάἷαῦτα
2610 1818 2675 1878 δὲἱ
2706 1826 2805 1879 καὶ
2834 1824 2947 1885 τοῖς
2975 1820 3274 1892 ὀφθαλμοῖς
3323 1816 3642 1892 ἐφανερώθη
3663 1858 3679 1881 ,
3716 1818 3809 1880 εἰς

2216 1916 2479 1986 ⁴γλωσσῶν
2522 1915 2710 1987 σχῆμα
2763 1912 3135 1984 τυπούμενον,
3158 1910 3273 1964 ικαὶ
3450 1908 3805 1979 ἐκλαμπτμῑκῇ

2219 2008 2379 2080 φύσει
2410 2006 2504 2062 τοῦ
2539 2007 2712 2079 πυρὸς
2753 2004 3130 2076 ὁμοιούμενον,
3155 2001 3229 2055 δι’
3268 1992 3330 2054 οὗ
3375 1998 3720 2071 συντρίϐεται
3754 1999 3804 2069 -ἠ

2219 2098 2552 2171 πολυσχιδῶς
2600 2095 3006 2160 ἐπιπολάζουσα
3036 2094 3103 2164 τῇ
3141 2090 3461 2171 ἀνθρωπίνῃ
3495 2088 3653 2159 φύσει
3688 2105 3804 2142 κα-

2217 2195 2329 2258 κία,
2472 2184 2633 2246 πλοῖα
2669 2189 2901 2262 Θαρσεῖς
2926 2188 2956 2241 ὁ
2987 2168 3278 2258 Προφήτης
3316 2183 3583 2265 ὠνόμασε.
3609 2181 3807 2236 ταῦτα

2221 2286 2321 2357 μὲν
2353 2281 2447 2339 οὖν
2480 2286 2598 2355 ἐστι
2631 2282 2700 2336 δι’
2735 2275 2811 2334 ὧν
2839 2278 2918 2350 τῷ
2946 2277 3172 2347 ὀνόματι
3208 2264 3385 2346 τούτῴ
3414 2275 3480 2327 τὰ
3507 2273 3674 2344 χείρω
3698 2290 3806 2344 at.»

2223 2375 2501 2447 μαίνεται-
2535 2374 2594 2428 '0
2614 2372 2673 2427 δὲ
2703 2373 2876 2443 μέγας
2909 2367 3166 2440 Ἰεζεκιὴλ
3195 2368 3275 2431 εἰς
3294 2365 3615 2438 ὑπογραφὴν
3645 2365 3806 2433 ἄγων

2217 2469 2318 2540 τῆς
2353 2465 2653 2537 γενομένης
2694 2463 2846 2535 αὐτῷ
2882 2460 3198 2533 θεοφανείας
3227 2460 3328 2531 τὴν
3366 2456 3649 2520 ὀπτασίαν,
3676 2457 3808 2519 ἑνὸς

2216 2562 2330 2618 τῶν
2348 2562 2514 2616 θείων
2556 2561 2848 2633 θεαμάτων
2875 2559 2938 2614 τὸ
2963 2555 3103 2622 εἶδος
3137 2559 3205 2629 τῇ
3235 2556 3380 2622 λέξει
3412 2553 3583 2608 ταῦτα
3614 2551 3809 2620 διαση-

2223 2654 2403 2726 μαίνει
2433 2653 2633 2722 λέγων⁴
2646 2651 2754 2709 Καὶ
2784 2650 2848 2706 τὸ
2863 2647 3023 2717 εἶδος
3036 2648 3225 2704 αὑτοῦ
3243 2648 3323 2715 ὼς
3336 2647 3492 2713 εἶδος
3523 2643 3807 2714 Θαρσεῖς.

2220 2744 2360 2798 Φασὶ
2401 2743 2460 2796 δὲ
2488 2744 2539 2795 οί
2567 2741 2635 2795 δι’
2679 2740 2981 2818 ἀκριϐείας.
2997 2739 3105 2793 τῶν
3149 2737 3452 2809 Ἑϐραϊκῶν
3477 2734 3674 2800 λέξεων
3696 2736 3810 2797 τὰς

2219 2835 2487 2907 ἐμφάσεις
2507 2833 2928 2907 ἐπεσκεμμένοι,
2957 2829 3019 2883 τὸ
3041 2828 3538 2902 ἀχρωμάτιστόνίτε
3563 2826 3657 2880 καὶ
3674 2841 3815 2895 νοη-

2218 2905 2315 2981 τδν
2340 2925 2444 2980 .κο.“ι
2466 2905 2757 2996 ἀσώματον
2781 2923 2873 2978 διὰ
2899 2925 2998 2995 τῆς
3015 2922 3212 2989 λέξεως
3226 2921 3442 2993 ταύτης
3481 2921 3540 2973 ὲν
3566 2921 3632 2989 τῇ
3660 2933 3807 2987 προ-

2223 3016 2421 3090 φητείᾳ
2443 3015 2829 3087 σημαίνεσθαι.
2868 3013 3072 3085 Ἀπλῆς
3098 3012 3279 3067 τοίνυν
3306 3010 3471 3082 οὔσης
3488 3015 3547 3064 ὲν
3569 3012 3637 3081 τῇ
3658 3007 3809 3073 λέξει

2219 3111 2320 3181 τῆς
2352 3108 2647 3181 σημασίας,
2697 3106 2883 3178 ἐπειδὴ
2914 3105 3185 3180 πρόδηλόν
3224 3107 3393 3170 ἐστιν,
3430 3105 3517 3159 ὅτι
3569 3102 3705 3175 πρὸς
3739 3102 3810 3156 τδ

538 3197 789 3251 colorum
842 3201 897 3251 et
944 3192 1194 3266 corporis
1228 3193 1301 3247 sit
1327 3206 1543 3264 expers,
1577 3206 1643 3246 ac
1681 3193 1882 3247 mentis
1921 3192 2120 3247 intelli-

2221 3203 2475 3272 κρεῖττον
2502 3198 2599 3254 νῦν
2620 3198 2943 3270 παρελήφθη
2972 3197 3034 3252 τὺ
3053 3197 3256 3269 ταύτης
3272 3197 3371 3268 τῆς
3393 3190 3575 3267 φωνῆς
3584 3211 3811 3266 σσημειι-

540 3290 723 3361 gentia
754 3296 968 3343 tantum
1026 3286 1380 3357 percipiatur.
1421 3285 1556 3341 Cum
1602 3299 1736 3356 ergo
1791 3284 1991 3356 duplex
2049 3286 2120 3340 sit

2225 3293 2452 3363 νόμενον
2469 3308 2485 3322 ·
2516 3291 2579 3344 ού
2596 3290 2715 3362 γάρ
2739 3290 2804 3344 ἀν
2832 3306 2916 3353 τις
2944 3289 3165 3355 ἔπαινον
3201 3288 3538 3360 ἐλαμϐάνετο
3564 3287 3626 3340 τὸ
3645 3286 3808 3339 ύπαίο

536 3380 694 3435 vocis
729 3379 894 3450 hujus
926 3365 1316 3449 signiﬁcatum,
1340 3386 1395 3431 et
1422 3392 1551 3432 vero
1579 3377 1756 3432 cuivis
1783 3385 1989 3446 pateat,
2013 3392 2123 3434 me-

538 3473 732 3528 liorem
768 3472 826 3527 in
864 3480 1071 3543 partem
1111 3470 1199 3525 hic
1247 3483 1368 3525 eam
1398 3468 1573 3540 accipi
1608 3467 1627 3539 (
1641 3483 1750 3523 non
1780 3468 1926 3525 enim
1959 3484 2124 3524 usur-

538 3565 658 3638 pari
687 3573 898 3636 poterat
928 3565 984 3619 in
1013 3563 1292 3629 encomio,
1315 3573 1594 3634 quatenus
1628 3577 1744 3618 rem
1781 3563 2122 3633 vituperabi-

538 3658 645 3714 lem
676 3659 875 3729 notat),
897 3654 1034 3712 ordo
1064 3656 1307 3728 postulat
1336 3662 1395 3711 ut
1424 3655 1527 3710 hoc
1550 3653 1665 3725 jam
1704 3652 2123 3711 consideremus

539 3751 597 3807 iu
630 3750 886 3806 manibus
930 3764 1054 3820 qua:
1086 3748 1374 3803 laudantur
1414 3764 1427 3802 :
1456 3745 1717 3802 nimirum
1756 3745 1904 3817 quod
1928 3752 2127 3816 sponte

538 3858 641 3899 sua
692 3842 851 3913 quasi
887 3840 1166 3897 tornando
1201 3839 1421 3897 detritis
1452 3838 1744 3903 omnibus,
1781 3836 2125 3909 quaecunque

540 3948 951 4006 supervacanea
978 3940 1039 3989 et
1072 3945 1337 4001 corporea
1369 3930 1424 3987 in
1451 3929 1533 3986 eis
1566 3937 1764 3996 erant,
1798 3929 1868 3984 ad
1915 3935 2122 3986 sortem

540 4027 781 4083 divinam
804 4040 870 4080 ac
898 4032 1079 4080 mente
1113 4030 1324 4077 tantum
1350 4021 1898 4092 comprehensibilem
1935 4028 2123 4076 trans-

422 4136 429 4145 ·
542 4126 711 4174 cauit:
748 4116 899 4171 omni
935 4127 1125 4170 crassa
1184 4122 1235 4168 et
1269 4113 1420 4183 gravi
1463 4128 1594 4183 erga
1644 4127 1736 4167 res
1781 4112 1907 4167 vita:
1958 4110 2125 4182 hujus

542 4206 832 4265 all‘ectione
877 4220 1130 4262 excussa.
1165 4203 1340 4273 Quale
1384 4203 1644 4274 quiddam
1684 4202 1924 4274 lapidum
1977 4202 2126 4259 scul-

544 4294 731 4373 pturcs
779 4300 834 4355 in
902 4310 1082 4353 massa
1137 4294 1488 4368 smaragdina
1532 4293 1747 4350 efﬁcere
1798 4292 2122 4365 praedicant.

544 4392 758 4447 Etenim
783 4404 850 4446 eo
874 4429 890 4455 ,
941 4386 1087 4459 quod
1114 4387 1357 4443 lucidum
1412 4400 1519 4442 non
1550 4394 1670 4452 est,
1703 4385 1800 4443 sed
1838 4391 2122 4449 terrestre.

2225 3397 2372 3436 τιον·
2406 3381 2697 3435 ἀκόλουθον
2728 3380 2796 3436 ἂν
2832 3379 2919 3450 εἴη
2956 3381 3115 3434 τοῦτο
3149 3379 3280 3452 περὶ
3309 3379 3420 3433 τῶν
3459 3376 3809 3448 ἐγκωμιαζο-

2231 3471 2408 3543 μένων
2455 3472 2707 3543 ὲννοῆσαι
2754 3468 2954 3541 χειρῶν
2975 3485 2990 3502 ·
3030 3470 3114 3523 ὅτι
3166 3468 3412 3540 ἀκριϐῶς
3456 3468 3549 3537 ἀφ’
3594 3467 3811 3522 ἑαυτῶν

2229 3565 2339 3617 πᾶν
2382 3562 2445 3616 τὸ
2487 3563 2740 3634 ιδ’-..εριττόν
2768 3578 2829 3615 τε
2867 3562 2961 3616 καὶ
3002 3560 3334 3633 σωματῶδες
3371 3560 3810 3633 ἀποτορεύσασαι

2230 3653 2371 3725 πρὸς
2393 3652 2456 3706 τὸ
2481 3652 2625 3706 θεῖόν
2651 3668 2713 3705 τε
2740 3652 2833 3706 καὶ
2850 3650 3473 3723 νοητδνημεταϐαίνουσι,
3501 3651 3602 3723 τὴν
3626 3650 3809 3723 ὑλώδη

2229 3745 2410 3798 πᾶσαν
2434 3743 2529 3798 καὶ
2554 3742 2778 3815 βαρεῖαν
2806 3742 2938 3815 περὶ
2967 3743 3035 3796 τὰ
3060 3741 3361 3814 πράγματα
3390 3741 3574 3816 σχέσιν
3598 3742 3811 3797 ἐκτινα-

2229 3838 2462 3910 ξάμεναι
2480 3858 2494 3871 ’
2529 3833 2642 3892 οἷόν
2672 3837 2727 3892 τί
2758 3853 2891 3907 φασι
2913 3836 3010 3891 καὶ
3032 3836 3126 3890 ἐπὶ
3151 3835 3254 3907 τῆς
3288 3834 3665 3908 σμαραγδίνης
3698 3835 3814 3905 βὼ-

2230 3930 2325 3984 λου
2352 3930 2479 3994 τοὺς
2516 3928 2874 4001 λιθογλύφους
2913 3928 3260 4008 ἐργάζεσθαι.
3305 3928 3379 3983 Τὸ
3420 3927 3529 4000 γὰρ
3566 3929 3812 3997 ἀφεγγὲς

2230 4023 2326 4078 καὶ
2357 4022 2559 4091 γεῶδες
2599 4021 2691 4075 διά
2704 4021 2826 4093 ιτῆς
2862 4021 3066 4092 ἀκόνης
3113 4016 3582 4092 ὲκθαπανήσαντές
3611 4037 3675 4073 τε
3713 4018 3814 4073 καὶ

2229 4115 2602 4186 ἀποψέξαντες
2624 4155 2638 4179 ,
2668 4114 2846 4168 ἐκεῖνο
2879 4114 3040 4186 μόνον
3069 4112 3490 4168 καταλείπουσιν
3526 4112 3812 4182 ἁδαπάνηο

2230 4222 2341 4270 τον,
2365 4198 2411 4275 ᾧ
2432 4205 2648 4277 καθαρά
2668 4205 2730 4259 τέ
2752 4222 2837 4269 τις
2858 4204 3025 4277 αὐγὴ,
3049 4204 3249 4276 χλοερά
3282 4221 3343 4259 τε
3367 4206 3483 4276 ἅμα
3506 4205 3600 4258 καὶ
3624 4204 3814 4259 ὲλαιά-

2231 4297 2421 4362 ζουσα.
2445 4298 2625 4370 Ὅπερ
2648 4314 2741 4369 μοι
2759 4297 2909 4351 δοκεῖ
2927 4297 3256 4368 σαφέστερον
3273 4296 3591 4369 ἑρμηνεύων
3616 4298 3647 4350 δ
3668 4297 3811 4362 θεῖος

2244 4389 2587 4456 ’Δπόστολος,
2630 4388 2790 4444 τοῦτο
2815 4389 3204 4462 συμϐουλεύειν
3238 4389 3300 4443 ἔν
3322 4407 3428 4444 τινι
3467 4389 3576 4444 τῶν
3604 4390 3810 4445 ἑαυτοῦ

545 4495 645 4553 per
691 4489 868 4535 cotem
917 4478 1210 4548 absumpto
1246 4484 1299 4532 et
1335 4476 1537 4533 detrito
1559 4517 1577 4544 ,
1611 4476 1786 4532 solum
1820 4478 1927 4532 hoc
1956 4476 2120 4533 relin-

2233 4482 2431 4552 λόγων,
2469 4481 2552 4535 ὃτι
2579 4481 2687 4554 χρὴ
2716 4480 3190 4547 ἀποσκευάζεσθαι
3231 4481 3332 4553 τὴν
3363 4481 3498 4554 περὶ
3526 4482 3597 4535 τά
3626 4483 3815 4552 φαινόο

544 4582 746 4641 quunt,
786 4571 840 4627 in
872 4586 983 4642 quo
1010 4568 1269 4642 splendor
1307 4568 1528 4639 quidam
1557 4567 1755 4626 viridis
1782 4577 1838 4624 et
1864 4568 1998 4625 olea:
2025 4582 2120 4625 co-

2237 4589 2373 4646 μενα
2414 4572 2622 4641 σχέσιν,
2679 4570 2816 4642 πρὸς
2855 4570 2915 4624 δὲ
2959 4571 3022 4624 τὸ
3061 4571 3293 4643 ἀόρατον
3330 4572 3452 4635 ταῖς
3492 4569 3817 4640 ἐπιθυμίαις

550 4666 719 4719 lorem
748 4661 996 4719 referens
1027 4662 1386 4733 conspicitur.
1419 4662 1599 4732 Atque
1627 4661 1769 4717 hanc
1816 4661 1869 4716 in
1900 4669 2120 4717 senten-

2230 4666 2430 4737 ὁρμᾷν.
2457 4662 2554 4732 Μὴ
2596 4663 3011 4718 σκοπούντοιν·
3030 4663 3141 4733 γὰρ
3168 4663 3357 4733 ἡμῶν,
3380 4664 3532 4735 φησὶ,
3562 4663 3633 4717 τὰ
3657 4664 3815 4728 ,βλε-

549 4754 685 4807 tiam
714 4751 822 4808 dici
847 4751 1106 4822 quiddam
1159 4750 1293 4805 mihi
1333 4751 1548 4806 videtur
1581 4750 1851 4805 illustrius
1880 4751 1949 4805 ab
1977 4749 2120 4820 Apo-

2229 4756 2484 4824 πόμενα,
2528 4753 2690 4808 ἀλλὰ
2715 4755 2793 4807 τὰ
2818 4753 2904 4823 μὴ
2924 4753 3294 4823 βλεπόμενα.
3337 4754 3412 4809 Td
3446 4753 3560 4824 γὰρ
3577 4754 3814 4819 ,βλεπό-

549 4845 717 4909 stolo,
748 4842 1071 4899 consulente
1095 4842 1335 4913 quedam
1368 4841 1424 4896 in
1473 4842 1869 4896 commentario
1896 4856 1999 4896 suo
2022 4882 2036 4907 ,
2068 4849 2120 4896 ut

2223 4861 2381 4916 μενα
2414 4847 2781 4914 πρόσκαιραο
2809 4844 2889 4899 τὰ
2921 4842 2991 4897 δὲ
3027 4843 3117 4914 μὴ
3152 4844 3505 4913 βλεπόμενα
3521 4884 3538 4911 ,
3574 4843 3809 4900 αἰώνια.

550 4950 931 4995 removeamus
971 4926 1311 4990 affectionem
1367 4947 1496 5002 erga
1551 4946 1643 4987 res
1694 4930 1805 4997 sub
1842 4938 2120 5002 aspectum

2233 4934 2421 4992 Ταῦτα
2453 4936 2551 5006 μὲν
2578 4931 2674 4990 οὖν
2696 4938 2758 4990 ἐν
2793 4932 2872 5005 τῷ
2893 4935 3105 5005 ἐπαίνῳ
3127 4934 3240 4988 τῶν
3262 4935 3461 5007 χειρῶν
3487 4936 3813 5006 ὲνοήσαμεν,

550 5031 847 5095 cadentes,
897 5037 953 5084 et
999 5026 1067 5084 ad
1110 5026 1165 5084 id
1195 5024 1344 5096 quod
1396 5024 1547 5080 cerni
1602 5024 1793 5093 nequit
1839 5021 2120 5077 desideriis

2235 5026 2353 5090 πῶς
2380 5026 2483 5096 τῆς
2525 5024 2760 5090 ὑλώδους
2798 5024 3173 5097 προσπαθείας
3205 5026 3607 5097 ὲκτορευθεῖςαι
3627 5065 3643 5089 ,
3671 5027 3808 5096 ἀκή-

549 5120 721 5176 animi
748 5116 1148 5176 contendamus
1189 5157 1201 5170 .
1248 5112 1317 5167 Ut
1352 5130 1455 5168 non
1486 5122 1797 5186 spectemus,
1831 5112 2035 5184 inquit,
2067 5128 2120 5167 ea

2237 5134 2391 5188 ρατοι
2421 5117 2680 5186 γίνονται,
2711 5117 2845 5189 πρὸς
2868 5116 2930 5171 τὸ
2961 5101 3124 5170 ἄῡλόν
3148 5134 3207 5171 τε
3240 5117 3334 5171 καὶ
3361 5117 3549 5190 νοητὸν
3579 5117 3819 5171 ἀλλοιούο

550 5228 668 5283 qua:
699 5218 1018 5271 cernuntur,
1048 5206 1138 5262 sed
1170 5221 1287 5277 quae
1335 5221 1439 5260 non
1478 5214 1786 5259 cernuntur.
1830 5203 1977 5259 Nam
2013 5220 2120 5275 qua

2238 5224 2396 5279 μεναι
2419 5208 2507 5262 διὰ
2525 5209 2624 5280 τῆς
2650 5207 3046 5280 προαιρέσεως.
3070 5208 3276 5278 Χεῖρες
3295 5209 3603 5282 γάραύτοῦ
3614 5226 3815 5277 τορευ-

552 5305 649 5360 sub
702 5302 883 5360 oculos
928 5300 1158 5365 cadum,
1210 5306 1577 5355 momentanea
1623 5305 1745 5351 sunt
1792 5311 1813 5350 :
1860 5311 1977 5366 qua:
2026 5312 2120 5352 non

2234 5300 2348 5364 ταὶ,
2377 5300 2530 5372 φησὶ,
2553 5299 2796 5370 χρυσαῖ,
2821 5301 3276 5371 πεπληρωμέναι
3294 5301 3554 5372 θαρσεῖς.

554 5405 863 5461 cernuntur,
893 5408 1090 5449 (eterna
1120 5391 1187 5466 θ’.
1234 5388 1361 5445 Haec
1405 5389 1571 5461 igitur
1622 5389 1679 5444 in
1732 5387 1834 5444 hoc
1883 5403 2143 5443 manuum
2185 5394 2442 5447 encomio
2483 5408 2512 5447 a
2567 5393 2729 5449 nobis
2760 5392 3113 5449 considerata
3143 5403 3343 5463 sunto,
3371 5409 3481 5466 quo
3512 5402 3671 5465 pacto
3712 5394 3815 5451 ille

557 5492 626 5544 ah
656 5488 946 5543 all‘ectione
966 5498 1095 5556 erga
1118 5499 1209 5539 res
1238 5497 1457 5539 crassas
1486 5483 1760 5555 expolitae,
1785 5497 1935 5552 purae
1988 5481 2120 5538 ﬁant
2155 5501 2169 5540 :
2210 5500 2308 5555 per
2346 5487 2657 5542 institutum
2691 5488 2858 5543 animi
2906 5487 2975 5543 ad
3025 5497 3229 5544 sortem
3259 5503 3569 5546 crassarum
3632 5504 3813 5545 rerum

556 5591 858 5653 expertem,
887 5594 1117 5651 qumque
1146 5587 1325 5636 mente
1355 5588 1566 5635 tantum
1603 5580 1938 5652 percipitur,
1965 5590 2341 5639 commutatae.
2410 5583 2607 5641 Manus
2638 5586 2809 5654 enim,
2874 5584 3083 5657 inquit,
3122 5586 3272 5641 illius
3340 5585 3563 5653 tortiles,
3616 5602 3812 5646 aurem.

557 5680 726 5746 pietur:
761 5672 1004 5729 'I'Iiarsis.

634 5853 682 5888 ”
704 5849 829 5910 δυο.
872 5867 910 5917 t,
940 5852 976 5907 5
1005 5867 1127 5925 sqq.
1200 5855 1243 5886 ³ο
1271 5852 1417 5912 Ρωι.
1449 5869 1617 5926 ιινιι,
1646 5855 1737 5915 50.
1814 5857 1856 5890 ⁸¹
1888 5854 2008 5910 Act.
2037 5868 2099 5923 ιι,

2221 5894 2226 5907 ,
2306 5855 2350 5888 ³¹
2377 5854 2573 5914 Ezech.
2607 5856 2756 5921 1,16.
2818 5854 2879 5899 υ
2916 5853 3109 5914 llCor.
3151 5847 3225 5915 tv.
3266 5853 3350 5912 l8.
