4018 6378
311 437 476 495 1075

1345 437 1414 496 ΙΝ
1450 438 1749 498 CANTICA
1786 435 2057 497 CANTIC.
2101 437 2387 497 HOMILIA
2427 440 2566 497 XIV.

3452 445 3588 501 1074

410 552 728 609 ’Δκόλουθον
756 553 802 608 δ’
842 554 910 612 ἂν
933 554 1020 628 εἴη
1046 554 1141 611 καὶ
1174 554 1268 610 τὸν
1294 554 1492 630 ἐφεξῆς
1513 556 1673 627 λόγον
1697 557 1909 611 eum.

2083 553 2240 613 Nunc
2268 555 2411 610 ratio
2441 553 2601 611 seriei
2632 552 2828 626 poscit,
2861 563 2922 610 ut
2955 568 3079 626 quae
3113 568 3278 627 porro
3301 554 3370 611 de
3399 568 3591 613 ventre

309 646 528 716 ’τι-ἧσαι,
575 644 634 699 δν
676 646 802 718 περὶ
833 648 934 719 τῆς
972 646 1181 711 κοιλίας
1225 648 1539 720 πεποίηται.
1590 649 1743 720 Ἔχει
1781 646 1842 701 δὲ
1876 648 1911 718 ἡ

308 738 477 804 Ha;
491 737 917 803 οὕτωςιΚοιλία
938 738 1126 793 αὐτοῦ
1147 738 1367 805 πυξίον
1397 738 1792 810 ἐλεφάντινον
1811 738 1912 792 ἐπὶ

306 829 506 883 λίθου
543 830 903 899 σαπφείρου.
939 830 1068 885 Ὅτε
1091 830 1169 903 τῷ
1199 833 1407 904 Μωῦσῇ
1429 830 1520 885 τὸν
1542 834 1660 895 ταῖς
1681 831 1935 895 λιθίναις-

307 919 536 984 δέλτοις
559 921 975 993 ἐγχαραχθένταπ
989 923 1153 994 νόμον
1203 926 1232 978 6
1260 927 1359 996 τῆς
1383 922 1597 994 φύσεως
1626 923 1809 977 δίδωσι
1832 940 1912 977 νο-

314 1012 589 1081 μοθέτης,
641 1012 808 1080 πυξία
843 1011 1021 1067 λίθινα
1059 1013 1160 1078 τὰς
1214 1013 1433 1079 πλάκας
1459 1013 1766 1085 ὠνόμασεν,
1826 1014 1913 1076 οἷς

307 1097 643 1174 herum}qu
679 1104 747 1158 τὰ
773 1102 893 1159 θεῖα
926 1105 1259 1176 χαράγματα
1283 1119 1302 1139 ο
1337 1103 1512 1168 οὓτως
1546 1104 1791 1168 εἰπόντος
1818 1103 1909 1157 τοῦ

311 1194 472 1265 πρὸς
507 1193 598 1247 τὸν
636 1195 875 1253 Μωῦσέα
923 1196 1054 1267 περὶ
1090 1196 1270 1250 αὗτῶν
1307 1195 1749 1267 χρηματίσαντος
1774 1211 1789 1226 ’
1827 1195 1910 1250 ὅτι

326 1284 609 1352 Ἇνάϐηθι
648 1285 798 1353 πρὸς
835 1287 915 1356 μὲ
931 1289 1020 1354 εἰς
1053 1287 1122 1342 τὸ
1151 1287 1324 1355 ὅρος,
1360 1287 1461 1341 καὶ
1483 1287 1609 1342 τσθι
1632 1286 1779 1352 ἐκεῖ,
1810 1286 1911 1342 καί

308 1374 503 1429 bibam
551 1376 650 1432 σοί
683 1377 755 1433 τὰ
799 1380 987 1442 πυεία
1036 1378 1110 1432 τὰ
1142 1380 1374 1444 λίθινα,
1419 1380 1527 1433 τὸν
1571 1380 1763 1449 νόμον
1811 1378 1911 1433 καὶ

309 1463 434 1530 τὰς
479 1464 751 1532 ἐντολάς.
806 1466 959 1520 Μετὰ
1011 1465 1184 1519 ταῦτα
1240 1466 1298 1520 δὲ
1319 1504 1335 1530 ,
1396 1466 1581 1538 ἐπειδὴ
1627 1467 1687 1520 τὸ
1727 1484 1910 1537 σωμα-

306 1553 481 1605 τικὸν
538 1554 631 1606 καὶ
685 1553 883 1622 γεῶδες
912 1554 1224 1621 άπεξύσατο
1268 1554 1356 1609 διὰ
1390 1555 1492 1626 τῆς
1535 1556 1911 1628 Εὐάγγελικῆς

311 1646 626 1715 σαφηνείας
664 1648 693 1700 6
719 1648 879 1716 νόμος
904 1662 917 1675 °
957 1646 1142 1701 οὐκέτι
1183 1645 1380 1700 λίθινον
1407 1647 1467 1699 τὸ
1499 1646 1789 1718 δεχόμενον
1829 1649 1900 1702 τά

306 1736 630 1807 γράμματα
669 1737 858 1801 πυξίον
911 1738 1092 1793 ἐστίν·
1130 1738 1244 1792 ἀλλ’
1297 1739 1362 1791 ἐκ
1405 1738 1500 1792 τού
1554 1738 1812 1810 λαμπροῦ
1845 1757 1908 1794 τε

306 1828 416 1882 καὶ
469 1827 750 1895 νεοξύστου
799 1827 1108 1899 ἐλέφαντος.
1155 1828 1229 1883 Τὸ
1271 1828 1380 1900 γὰρ
1411 1822 1659 1884 δεκτικὸν
1684 1829 1793 1885 τῶν
1825 1833 1911 1886 ἐν·

2010 656 2351 720 sequuntur;
2385 647 2802 719 perspiciamus.
2861 648 3003 703 Sunt
3041 657 3223 703 autem
3271 648 3590 719 hujusrnodl

2008 739 2170 794 verba
2198 738 2418 795 :Venter
2441 739 2554 810 ejus
2580 739 2771 794 tabella
2791 740 3019 794 eburnea
3038 741 3092 794 in
3115 740 3290 809 lapide
3310 742 3587 812 sapphiro.

2011 827 2133 896 Quo
2159 838 2405 901 tempore
2439 832 2719 902 legislator
2750 841 2963 887 natura:
2986 833 3316 905 insculptam
3358 834 3588 906 lapideis

2011 920 2215 977 tabulis
2238 921 2411 991 legem
2447 921 2581 979 Mosi
2613 922 2861 987 tradidit,
2901 923 3024 978 illas
3054 925 3206 995 ipsas
3245 924 3460 981 tabulas
3493 941 3589 994 ap-

2012 1011 2233 1081 pellavit
2256 1013 2497 1082 lapideas
2535 1013 2784 1075 tabellas.
2817 1015 3022 1085 quibus
3046 1015 3213 1070 divini
3238 1015 3589 1072 characteres

2010 1101 2272 1174 insculpti
2308 1112 2466 1160 erant
2490 1104 2556 1161 '5.
2592 1104 2685 1161 Sic
2726 1106 2871 1162 enim
2912 1104 3117 1163 Mosem
3148 1107 3438 1176 compellat
3483 1122 3587 1161 suo

2008 1194 2075 1251 de
2097 1194 2183 1251 his
2218 1196 2353 1267 ipsis
2381 1199 2606 1253 oraculo
2632 1212 2647 1250 :
2680 1197 2917 1254 Attende
2940 1198 3009 1253 ad
3032 1215 3112 1254 me
3138 1199 3194 1253 in
3223 1207 3473 1262 montem,
3504 1207 3590 1252 at—

2006 1302 2106 1357 que
2145 1287 2221 1342 ibi
2247 1297 2378 1343 esto.
2411 1288 2646 1344 Tradam
2670 1290 2810 1345 enim
2841 1290 2939 1345 tibi
2967 1290 3188 1347 tabellas
3219 1291 3478 1361 lapideas,
3514 1291 3590 1346 le-

2007 1396 2121 1451 gem
2152 1397 2215 1434 ac
2239 1381 2414 1436 edicta
2440 1382 2507 1437 ³⁸.
2540 1379 2851 1438 Secundum
2887 1382 3002 1439 haec
3038 1398 3189 1451 vero,
3232 1392 3585 1454 posteaquam

2011 1470 2095 1525 lex
2128 1471 2233 1527 sibi
2260 1473 2525 1542 quidquid
2557 1487 2885 1543 corporeum
2910 1483 3058 1530 esset
3082 1488 3146 1529 ac
3166 1482 3463 1539 terrenum,
3490 1489 3586 1544 per

2008 1559 2313 1615 claritatem
2359 1560 2729 1631 evangelicam
2784 1560 2944 1631 quasi
2997 1560 3251 1630 poliendo
3298 1558 3579 1615 detraxit:

2009 1665 2119 1705 non
2149 1649 2262 1719 jam
2288 1651 2524 1720 amplius
2565 1649 2617 1705 id
2647 1690 2664 1717 ,
2695 1651 2751 1707 in
2780 1665 2890 1721 quo
2918 1650 3114 1706 litterae
3146 1650 3583 1722 perscribuntur,

2009 1739 2222 1810 lapidea
2296 1741 2491 1796 tabella
2562 1749 2689 1797 est:
2759 1742 2854 1797 sed
2916 1739 3059 1796 facta
3130 1740 3200 1796 de
3267 1739 3589 1811 splendente

2011 1847 2077 1887 ac
2102 1848 2295 1889 recens
2353 1834 2523 1904 polito
2567 1833 2755 1888 ebore.
2784 1831 2995 1887 Etenim
3047 1832 3230 1887 hocin
3271 1830 3586 1896 loco-illud,

306 1918 497 1972 τολῶν
542 1919 635 1972 καὶ
672 1919 1005 1990 τῶν-νόμων,
1036 1920 1172 1991 ὅπερ
1205 1919 1383 1974 κοιλία
1412 1920 1768 1992 ὠνόμασται,
1798 1939 1905 1975 πυ-

2008 1925 2152 1996 quod
2182 1903 2367 1981 edicta
2387 1933 2446 1981 et
2502 1926 2661 1996 leges
2682 1925 2774 1981 Dei
2830 1924 3050 1995 recipit;
3085 1921 3389 1978 indicatum
3421 1937 3587 1977 voca-

308 2012 437 2080 ξῖον
473 2008 610 2066 εἷναί
656 2030 823 2085 φησιν
870 2013 1213 2084 ἐλεφάντινον
1262 2014 1355 2067 ἐπὶ⁸
1395 2012 1900 2087 λίθου-σάπφειρον.

307 2105 553 2177 Πρῶτον
582 2106 647 2160 δέ
686 2105 850 2177 οἶμαι
886 2107 1083 2179 χρῆναι
1132 2106 1195 2160 τὸ
1241 2107 1553 2178 σωματικὸν
1600 2108 1905 2181 ὑπόδειγμα

310 2198 561 2270 φανερὸν
585 2198 667 2270 τῷ
706 2198 850 2271 λόγῳ
880 2200 1122 2269 ποιῆσαι,
1157 2194 1257 2253 εἷθ’
1292 2199 1468 2264 οὕτως
1514 2200 1608 2253 ἐπὶ
1638 2200 1739 2271 τὴν
1767 2198 1904 2253 θεω-

311 2289 447 2361 ρίαν
487 2288 595 2342 τῶν
619 2290 926 2360 εἰρημένων
962 2290 1158 2344 ἐλθεῖν.
1193 2291 1401 2346 Πυκνόν
1424 2307 1478 2345 τι
1508 2288 1663 2356 ξύλον
1686 2293 1719 2362 ἡ
1744 2290 1906 2358 πύξις

306 2379 437 2433 ἐστὶ
490 2380 584 2434 καὶ
628 2380 948 2446 ὑπόλευκον,
993 2381 1088 2451 ἀφ’
1129 2377 1198 2454 ἦς
1242 2381 1653 2453 φιλοτεχνοῦσιν
1688 2382 1906 2446 ἑαυτοῖς

267 2470 289 2548 λ’
309 2472 580 2537 πίνακας,
605 2468 686 2536 οἷς
700 2472 814 2527 τῶν
841 2473 1185 2545 γραμμάτων
1222 2474 1391 2547 μέλει.
1428 2474 1503 2529 Τὸ
1531 2474 1708 2529 τοίνυν
1726 2473 1905 2528 τοιοῦ-

234 3655 267 3681 ο

311 2579 411 2617 τον
443 2563 697 2617 πινάκιον
742 2563 804 2617 τὸ
851 2564 987 2636 πρὸς
1033 2565 1133 2637 τὴν
1179 2566 1288 2619 τῶν
1335 2567 1681 2638 γραμμάτων
1715 2565 1906 2638 χρείαν

312 2654 855 2726 κατεσκευασμένον,
888 2655 994 2712 κᾶν
1035 2656 1120 2727 ἐφ’
1166 2657 1355 2729 ἐτέρας
1398 2657 1532 2728 ὕλης
1571 2656 1707 2729 τύχῃ
1749 2656 1899 2726 γενό-

316 2763 508 2818 μενον,
560 2746 749 2814 πυξίον
796 2748 1249 2821 καταχρηστικῶς
1296 2748 1641 2820 ὀνομάζεται.
1696 2747 1906 2803 Οὐκοῦν

314 2836 514 2902 πυξίον
544 2837 895 2903 ἀκούσαντες,
941 2838 1083 2894 λεῖόν
1114 2857 1167 2893 τι
1209 2838 1402 2903 σκεῦος
1443 2838 1744 2910 ἐπιτήδειον
1769 2839 1908 2910 πρὸς

312 2930 672 3002 γραμμάτων
741 2932 1006 3004 ὑποδοχὴν
1075 2934 1457 3006 ἐνενοήσαμεν.
1531 2934 1686 2989 Ἐπεὶ
1725 2935 1906 2989 τοίνυν

313 3022 545 3090 τενικόν
586 3040 640 3076 τι
687 3022 795 3077 τῶν
836 3024 1092 3079 τοιούτων
1136 3026 1383 3080 πινάκων
1414 3026 1587 3098 ὄνομα
1622 3026 1683 3081 τὸ
1717 3012 1921 3093 πυξίοιῖ

294 3108 506 3170 ’ἐστίν’
540 3113 776 3169 ἐνταῦθα
822 3117 916 3171 καὶ
958 3116 1019 3170 τὸ
1064 3112 1201 3181 εἶδος
1238 3117 1341 3189 τῆς
1388 3116 1523 3189 ὕλης
1564 3119 1645 3189 τῷ
1689 3118 1906 3172 ὑποδεί-

2004 2015 2135 2070 bulo
2169 2015 2395 2077 ventris,
2436 2030 2560 2071 esse
2584 2014 2785 2070 tabella
2811 2012 3058 2069 eburnea
3076 2012 3296 2068 dicitur
3322 2012 3375 2066 in
3405 2010 3588 2081 lapide

2006 2110 2287 2182 sapphiro.
2329 2110 2506 2182 Atque
2534 2111 2640 2166 hoc
2697 2112 3007 2183 exemplum
3036 2125 3369 2181 corporeum
3407 2109 3586 2179 primo

2005 2199 2580 2256 nobisdeelarandum
2641 2200 2904 2267 arbitror,
2958 2207 3123 2271 atque
3183 2199 3258 2253 ita
3292 2196 3492 2252 deinde
3514 2195 3585 2250 ad

2005 2292 2521 2363 contemplationem
2539 2292 2829 2348 verborum
2850 2292 3214 2347 iudicatorum
3231 2288 3583 2344 veniendum.

2007 2383 2247 2441 Densum
2276 2383 2552 2454 quoddam
2600 2392 2673 2439 et
2701 2383 2989 2440 subalbum
3021 2383 3227 2453 lignum
3262 2391 3348 2436 est
3382 2380 3584 2443 buxus,

2008 2476 2078 2531 de
2103 2491 2214 2547 quo
2238 2475 2467 2531 tabellas
2488 2475 2589 2532 sibi
2630 2474 2948 2540 conﬁciunt,
2984 2474 3077 2544 qui
3107 2472 3349 2528 scribere
3379 2471 3585 2526 volunt.

2007 2566 2333 2638 Hujusmodi
2358 2583 2490 2640 ergo
2538 2568 2759 2633 tabella,
2789 2566 3110 2637 scriptionis
3140 2565 3207 2619 ad
3239 2579 3398 2619 usum
3429 2576 3584 2617 com-

2007 2667 2219 2730 parata,
2242 2660 2459 2715 etiamsi
2482 2659 2623 2714 forte
2648 2659 2753 2714 alia
2783 2657 2923 2714 facta
2954 2657 3026 2713 sit
3048 2672 3115 2713 ex
3137 2656 3401 2710 materie:
3429 2652 3587 2725 pyxis

2008 2753 2188 2825 (quasi
2220 2753 2375 2808 dicas
2411 2750 2670 2825 buxeum)
2705 2751 3033 2831 appellatur,
3068 2749 3423 2819 usurpatione
3451 2762 3588 2817 qua-

2006 2843 2131 2897 dam
2156 2843 2306 2899 vocis
2334 2856 2443 2897 non
2471 2841 2712 2913 propria.
2740 2838 2924 2906 Quare
2948 2853 3072 2893 cum
3106 2852 3292 2892 vocem
3325 2836 3465 2890 hanc
3490 2850 3588 2889 au-

2006 2938 2209 3003 dimus,
2263 2936 2693 2991 instrumentum
2730 2933 3005 3004 quoddam
3037 2934 3168 2987 laeve
3215 2937 3270 2985 et
3303 2935 3488 2998 aptum
3517 2928 3588 2982 ad

2008 3024 2351 3097 recipiendas
2392 3025 2602 3080 litteras
2653 3022 3009 3094 intelligimus
3037 3039 3053 3076 :
3084 3028 3139 3077 et
3169 3034 3297 3076 vero
3340 3033 3465 3075 cum
3491 3032 3598 3089 ge-x

2007 3119 2193 3174 nerale
2224 3118 2297 3173 sit
2328 3114 2663 3172 vocabulum
2695 3114 2762 3168 ad
2794 3128 2986 3168 omnes
3003 3108 3318 3182 huiusmodi
3350 3108 3596 3176 tabulas,

317 3224 498 3279 γματι
547 3207 577 3260 6
623 3208 783 3278 λόγος
827 3209 1201 3281 προστίθησιν,
1248 3210 1347 3264 ούκ
1379 3210 1490 3265 ἀπὸ
1516 3209 1672 3276 ξύλου
1706 3210 1899 3279 λέγων,

2008 3210 2217 3266 idcirco
2266 3209 2355 3264 hic
2408 3209 2574 3263 etiam
2636 3204 2886 3261 materiei
2916 3204 3131 3276 species
3176 3202 3415 3258 additur.
3466 3197 3587 3253 Non

315 3300 439 3354 ἀλλ’
465 3301 525 3368 ἐξ
554 3301 843 3370 ἐλέφαντος
873 3297 1013 3356 εἶναι
1036 3302 1135 3374 τὴν
1160 3303 1503 3375 κατασκευὴν
1533 3303 1744 3372 πυξίου.
1767 3303 1904 3358 Φασὶ

315 3394 398 3459 δὲ,
438 3394 533 3448 διὰ
566 3394 764 3465 πολλὴν
794 3396 1104 3466 πυκνότητα
1136 3397 1229 3450 καὶ
1258 3397 1612 3469 στερρότητα,
1649 3396 1709 3450 τδ
1732 3395 1905 3450 τοιοῦ-

314 3505 411 3541 τον
442 3487 632 3542 ὀστέον
660 3488 895 3560 ἄφθορον
922 3487 1228 3559 διαμένειν,
1271 3489 1466 3559 ἐφ”ὅτι
1497 3490 1763 3560 μήκιστον
1800 3505 1906 3559 μη·
1942 3516 1951 3523 -

317 3578 518 3649 δεμίαν
551 3580 617 3632 ἐκ
649 3577 841 3650 χρόνου
877 3576 1080 3649 βλάϐην
1112 3576 1568 3651 παραδεχόμενοι).
1629 3576 1687 3630 '0
1723 3576 1780 3630 δέ
1808 3576 1905 3630 σά-

319 3686 558 3742 πφειρος
595 3669 673 3741 τῷ
701 3667 884 3739 κυανῷ
918 3668 1047 3723 εῐδει
1077 3667 1178 3737 τῆς
1205 3670 1395 3740 χροιᾶς
1437 3669 1525 3732 είς
1549 3666 1904 3739 παραμυθίαν

318 3761 417 3814 τοῦ
455 3740 568 3832 καμ
577 3760 704 3814 άτου
735 3758 845 3813 τῶν
887 3758 1180 3863 ὀφθαλμῶν
1229 3760 1524 3812 ἐπινοεῖται
1543 3799 1561 3825 ,
1610 3761 1722 3823 τοῖς
1752 3758 1905 3827 φιλο-

321 3852 507 3917 πόνως
559 3850 953 3923 προσανέχουσι
1000 3849 1078 3923 τῷ
1129 3849 1643 3923 καταγεγραμμένῳ
1689 3849 1865 3921 πυξίῳ
1886 3888 1903 3915 ,

324 3944 574 4015 φυσικῶς
619 3944 720 4015 τῆς
762 3942 1017 4014 τοιαύτης
1070 3943 1248 4013 αὐγῆς
1290 3941 1391 4007 τὰς
1432 3941 1584 4010 ὄψεις
1611 3942 1680 3995 δι’
1705 3941 1906 4012 εαυτῆς

321 4035 735 4106 ἅναπαυούσης.
783 4034 857 4087 Τὸ
885 4033 984 4105 μὲν
1009 4029 1102 4087 οὖν
1132 4033 1454 4104 ὑπόδειγμα,
1484 4025 1529 4102 ᾧ
1561 4031 1650 4087 διὰ
1679 4032 1907 4105 συγκρί-

325 4144 465 4193 σεως
507 4126 787 4199 ὁμοιοῦται
833 4127 867 4197 ἡ
913 4123 1371 4197 ἐγκωμιαζομένη
1422 4125 1522 4196 τῆς
1581 4123 1907 4196 Ἐκκλησίας

300 4208 527 4283 κοιλία,
550 4218 789 4271 τοιοῦτόν
819 4218 986 4272 ἐστιν.
1031 4216 1172 4287 Ἐγὼ
1194 4217 1250 4271 δέ
1277 4216 1427 4288 παρὰ
1446 4216 1543 4286 τῆς
1570 4215 1906 4289 προφητείας

326 4310 572 4373 ἀκούσας
630 4308 790 4363 τοῦτο
834 4307 1289 4381 διακελευομένης
1341 4310 1413 4363 ἐκ⁵
1460 4308 1751 4380 προσώπου
1811 4306 1905 4363 τοῦ

326 4404 487 4471 Θεοῦ,
528 4407 608 4463 ὅτι
655 4404 870 4477 Γράψον
910 4404 1097 4474 ὅρασιν
1145 4401 1332 4471 σαφῶς
1363 4403 1422 4465 ἐς
1455 4400 1664 4467 πυξίον,
1701 4401 1907 4456 ἔννοιαν

325 4494 620 4567 λαμϐάνω,
671 4497 840 4551 τίδιὰ
881 4494 975 4563 τοῦ
1024 4495 1288 4565 ὀνόματος
1326 4494 1427 4565 τῆς
1470 4494 1680 4559 κοιλίας
1727 4496 1791 4549 ἐν
1828 4494 1907 4565 τῷ

2004 3304 2149 3359 enim
2178 3301 2313 3357 dicit
2336 3315 2402 3356 ex
2432 3300 2611 3371 ligno,
2639 3298 2736 3354 sed
2771 3298 2937 3353 ebore
2994 3296 3196 3360 factum
3227 3308 3367 3364 opus
3423 3292 3590 3363 hujus

2006 3394 2236 3450 tabellae.
2264 3390 2526 3448 Traditur
2555 3398 2737 3447 autem
2781 3388 3099 3459 hujusmodi
3129 3386 3285 3443 ossis
3304 3400 3424 3440 eam
3465 3399 3592 3439 esse

2004 3484 2331 3541 densitatem
2364 3496 2431 3537 ac
2486 3480 2837 3543 soliditatem,
2872 3485 2933 3532 ut
2979 3477 3305 3533 diutissime
3337 3474 3593 3527 incorru-

2004 3585 2155 3649 ptum
2196 3581 2433 3643 maneat,
2455 3572 2698 3642 nihilque
2727 3570 3043 3627 detrimenti
3085 3583 3116 3622 a
3161 3578 3405 3637 tempore
3440 3565 3591 3620 acci-

2006 3671 2138 3741 piat.
2181 3665 2485 3739 Sapphirus
2514 3672 2695 3719 autem
2744 3662 2931 3717 colore
2981 3660 3278 3716 caeruleum
3338 3658 3591 3713 imitante

2005 3768 2220 3817 recreat
2258 3758 2516 3833 fatigatos
2569 3772 2763 3816 eorum
2798 3756 3020 3818 oculos,
3075 3752 3171 3825 qui
3202 3750 3449 3807 studiose
3482 3748 3586 3803 in-

2005 3853 2139 3910 tenti
2173 3860 2304 3909 sunt
2332 3853 2545 3909 tabella:
2573 3853 2702 3910 huic
2721 3852 2922 3907 litteris
2948 3847 3168 3919 repletae.
3196 3864 3209 3900 :
3240 3843 3385 3914 quod
3416 3856 3446 3894 a
3482 3856 3579 3895 na-

2007 3954 2130 4002 tura
2169 3947 2252 4003 sic
2302 3955 2678 4018 comparatum
2732 3944 2824 4009 lit,
2859 3950 2919 3998 ut
2955 3937 3270 4010 huiusmodi
3329 3932 3592 4006 splendor

2005 4037 2208 4092 oculos
2241 4037 2472 4093 reﬁciat.
2540 4034 2675 4091 'l'ale
2728 4034 2896 4106 igitur
2950 4029 3085 4087 illud
3119 4035 3205 4084 est
3254 4024 3589 4094 exemplum,

1982 4146 2132 4187 'cum
2154 4145 2264 4202 quo
2286 4136 2478 4187 venter
2502 4126 2771 4185 Ecclesiae
2788 4126 2843 4181 iu
2875 4125 2979 4180 hoc
3009 4120 3260 4179 encomio
3308 4131 3591 4188 compara-

2008 4232 2115 4279 tur.
2145 4223 2416 4279 Caeterum
2462 4236 2585 4278 cum
2639 4217 2936 4291 pr0phctize
2994 4215 3206 4270 librum
3246 4212 3301 4266 in
3351 4222 3589 4281 persona

2011 4312 2103 4369 Dei
2142 4316 2244 4369 hac
2279 4313 2666 4369 exhortatione
2695 4311 2774 4365 uti
2808 4309 2993 4372 audio,
3029 4304 3223 4361 Scribe
3254 4303 3432 4357 visum
3461 4302 3595 4390 hoe,

2006 4407 2304 4477 etquidem
2334 4406 2481 4462 clare
2508 4405 2564 4459 in
2616 4403 2874 4459 tabellam
2916 4418 2931 4455 :
2982 4412 3197 4454 mecum
3237 4396 3356 4465 ipse
3374 4393 3586 4463 cogite,

2007 4498 2139 4570 quid
2169 4513 2265 4569 per
2306 4495 2630 4559 vocabulum
2685 4493 2897 4548 ventris
2952 4490 3007 4545 in
3060 4492 3304 4558 corpore
3344 4483 3586 4546 Domini.

256 4560 265 4659 Τ
330 4588 708 4661 ἐπαινουμένῳ
751 4588 964 4660 σώματι
992 4586 1085 4641 τοῦ
1118 4586 1322 4659 Κυρίου
1348 4587 1617 4659 προσῆκει
1646 4589 1786 4641 νοεῖν
1808 4602 1823 4617 ο
1859 4589 1908 4642 εί

2013 4560 2275 4660 quod-hic
2303 4587 2577 4652 laudatur,
2600 4584 2911 4654 intelligere
2930 4579 3243 4636 conveniat;
3274 4576 3414 4644 Quia
3441 4575 3592 4630 enim

327 4680 440 4755 γὰρ
470 4682 568 4754 τὴν
600 4682 748 4736 θείαν
789 4683 977 4753 ὅρασιν
1018 4680 1211 4749 σαφῶς
1238 4680 1534 4751 ἐγγράφειν
1576 4679 1654 4751 τῷ
1684 4678 1858 4750 πυξίῳ
1881 4679 1911 4732 6

332 4770 488 4843 λόγος
520 4774 914 4839 διακελεύεται,
938 4774 1077 4845 τάχα
1104 4773 1163 4826 τδ
1190 4772 1431 4843 καθαρὸν
1456 4772 1554 4842 τῆς
1584 4772 1834 4844 καρδίας,
1865 4767 1912 4843 ᾧ

332 4863 420 4921 διὰ
461 4868 563 4938 τῆς
615 4869 835 4939 μνήμης
878 4866 978 4929 τὰς
1020 4864 1170 4929 θείας
1200 4863 1417 4936 ὁράσεις
1453 4864 1911 4937 ἀπογραφόμεθα,

333 4955 411 5026 τῷ
432 4956 534 5027 τῆς
561 4957 765 5020 κοιλίας
804 4956 1028 5026 ὀνόματι
1053 4954 1416 5026 διασημαίνει.
1454 4955 1720 5027 Καθάπερ
1746 4957 1775 5009 ὁ
1798 4957 1914 5010 δια-

339 5048 552 5112 στείλας
579 5049 641 5102 τδ
672 5048 848 5116 στόμα
879 5045 976 5100 τοῦ
1013 5046 1247 5119 μεγάλου
1294 5044 1570 5117 ’ῐεζεκιὴλ,
1614 5048 1709 5100 καὶ
1738 5046 1915 5111 ἐνθεὶς

336 5139 485 5208 αύτῷ
512 5140 610 5210 τὴν
642 5138 905 5209 κεφαλίδα
937 5138 1030 5191 τοῦ
1059 5136 1285 5208 βιϐλίου,
1333 5135 1514 5207 πλήρη
1567 5137 1914 5208 γραμμάτων

338 5227 460 5281 καθ’
511 5231 770 5303 ἑκάτερον
816 5225 978 5284 οὖσαν
1004 5267 1019 5294 ,
1072 5228 1216 5283 κατά
1269 5245 1328 5282 τε
1375 5228 1436 5281 τὸ
1492 5227 1690 5294 ἔξωθεν
1746 5227 1912 5283 αὑτοῦ

340 5319 434 5371 καὶ
487 5321 548 5374 τὸ
574 5320 775 5375 ἔσωθεν
799 5339 814 5354 ο
859 5320 994 5391 φησὶ
1038 5320 1174 5394 πρὸς
1209 5319 1391 5385 αὐτὸν,
1433 5320 1513 5375 ὅτι
1592 5320 1660 5375 Τὸ
1720 5321 1915 5391 στόμα

339 5421 456 5463 σου
504 5412 779 5483 φάγεται,
832 5411 931 5466 καὶ
984 5411 1024 5480 ἠ
1073 5411 1276 5466 κοιλία
1314 5426 1432 5466 σου
1470 5412 1912 5481 πλησθήσεται.

342 5497 416 5551 Τὸ
454 5502 788 5576 διανοητικδν
837 5505 940 5574 τῆς
978 5498 1181 5576 ἔψυχῆς
1240 5494 1286 5571 ᾧ
1351 5501 1646 5557 ἐναπέθετο
1681 5502 1751 5557 τά
1796 5504 1917 5558 θεῖα

349 5591 643 5665 μαθήματα
665 5640 679 5663 ,
767 5596 974 5650 κοιλίαν
1060 5595 1528 5668 προσαγορεύσας·
1610 5594 1914 5667 Παραπλη-

348 5677 475 5745 ait»;
526 5681 581 5738 δὲ
642 5685 737 5740 καὶ
793 5684 883 5738 τὸν
914 5684 1091 5757 μέγαν
1141 5681 1433 5757 Ἰερεμίαν,
1475 5684 1574 5759 τὴν
1645 5686 1749 5741 ὑπὸ
1779 5685 1915 5741 ,τῶν

419 5853 466 5888 ³³
499 5855 670 5917 Exod.
702 5876 887 5930 xxxiv,
911 5860 1004 5921 29.
1081 5859 1127 5896 ³⁸
1149 5860 1322 5921 Exod.
1363 5862 1511 5931 me,
1540 5863 1626 5920 ιε

2011 4683 2190 4736 visunt
2219 4679 2352 4735 illud
2402 4678 2646 4734 divinum
2711 4677 2860 4731 clare
2915 4669 3405 4730 inscribi~tabcllae
3448 4668 3594 4729 vult,

2014 4765 2252 4822 fortasse
2295 4764 2478 4821 cordis
2516 4763 2837 4835 puritatem,
2864 4763 2969 4817 cui
3006 4776 3104 4833 per
3128 4759 3449 4813 memoriam
3475 4756 3595 4812 visa

2014 4857 2200 4913 divina
2249 4857 2624 4923 inscribimus,
2675 4854 2884 4910 ventris
2936 4851 3300 4924 appellatione
3346 4850 3593 4906 denotat.

2014 4948 2483 5016 Quemadmodum
2522 4953 2580 5002 et
2642 4945 2712 5013 is,
2759 4944 3074 5016 qui-magni
3125 4943 3402 5014 prapheue
3455 4938 3594 4993 Eze—

2013 5041 2205 5097 chielis
2233 5036 2296 5094 os
2334 5037 2568 5110 aperuit,
2618 5036 2784 5107 inque
2812 5036 2913 5089 hoc
2970 5035 3093 5089 libri
3126 5035 3377 5087 volumen
3410 5029 3596 5101 posuit
3638 5086 3645 5093 ,

2017 5137 2271 5205 utrinque
2297 5132 2494 5188 litteris
2521 5129 2805 5196 refertum,
2839 5128 3086 5184 exterius
3121 5134 3175 5181 et
3208 5125 3441 5179 interius
3472 5123 3589 5178 :ait

2015 5229 2224 5283 ad'emn
2241 5226 2590 5282 :£0medetos
2612 5233 2784 5291 tuum,
2800 5240 2862 5277 ac
2885 5229 3196 5277 ventertuus
3222 5211 3506 5288 replebitur
3521 5214 3593 5270 “.

2016 5320 2226 5388 Quibus
2249 5320 2305 5375 in
2340 5319 2520 5376 verbis
2566 5324 2757 5372 venter
2785 5314 3109 5386 appellatur,
3155 5327 3283 5383 pars
3310 5309 3477 5364 animi
3508 5308 3598 5362 in-

2019 5411 2270 5481 telligens
2293 5416 2360 5465 ει·
2395 5409 2607 5463 ratione
2636 5403 2883 5477 praedita,
2909 5404 2964 5457 in
2999 5416 3107 5473 qua
3131 5398 3395 5456 divinitus
3439 5407 3597 5449 acce-

2020 5514 2112 5573 pta
2154 5501 2313 5573 quasi
2357 5498 2683 5555 collocabat.
2728 5495 2993 5550 Similiter
3033 5500 3099 5549 et
3146 5504 3404 5563 magnum
3439 5487 3597 5542 illum

2021 5592 2350 5649 Hieremiam
2378 5591 2584 5646 scimus
2617 5602 2712 5643 cor
2731 5600 2888 5641 suum
2926 5583 3156 5639 miriﬁce
3178 5597 3208 5638 a
3255 5579 3507 5636 tristibus
3530 5577 3596 5630 il-

2020 5686 2088 5741 lis
2104 5679 2834 5757 cogitationibusamictum,
2862 5682 3104 5736 ventrem
3125 5672 3449 5746 appellasse,
3470 5681 3603 5725 cum

1727 5863 1772 5899 ³⁸
1800 5859 2013 5921 Ezech.
2042 5876 2125 5932 ιιι,
2157 5863 2212 5920 3‘.
