4018 6366
307 398 453 457 1077

1335 388 1402 446 IN
1431 387 1730 447 CANTICA
1763 386 2039 446 CANTIC.
2083 386 2365 443 HOMILIA
2404 384 2523 441 ΧΠ

3433 375 3591 432 10ῗᾶ

307 512 648 585 προέχοντας
670 509 727 562 ὲν
752 511 864 572 τοῖς
888 507 1205 571 ἀποστόλοις
1235 507 1463 579 Πέτρον,
1491 506 1586 561 καὶ
1617 504 1892 569 Ἰάκωϐον,

2019 519 2213 560 umnas
2239 502 2532 576 appellavit
2559 500 2628 555 ".
2687 499 2753 553 Et
2804 511 2933 565 vero
2962 493 3090 566 quia
3123 494 3340 550 di‘sccre
3375 508 3591 547 conve-

308 604 411 656 καὶ
449 600 723 670 Ἰωάννην,
763 599 985 663 στύλους
1012 600 1314 671 ὠνόμασεν.
1354 598 1509 653 Ἐπεὶ
1535 597 1593 651 δὲ
1618 598 1713 652 καὶ
1738 596 1895 651 τοῦτο

310 693 588 765 προσήκει
631 689 846 761 μαθεῖν,
876 689 992 753 πῶς
1025 688 1140 742 ἔστι
1174 688 1428 759 γενέσθαι
1463 687 1676 754 στύλον,
1724 689 1800 753 ὼς
1828 686 1895 741 ἂν

310 783 412 839 καὶ
439 786 601 854 ήμεῖς
644 784 785 850 ἄξιοι
828 781 926 852 τῆς
970 783 1228 852 τοιαύτης
1271 780 1563 851 γενοίμεθα
1609 779 1892 850 κλήσεως·

312 873 480 928 πάλιν
507 873 600 925 καὶ
627 870 785 925 τοῦτο
811 868 965 942 παρὰ
990 871 1088 941 τῆς
1121 870 1216 923 τοῦ
1261 870 1474 924 Παύλου
1508 869 1701 939 σοφίας
1736 865 1896 922 ἁκούσ

311 981 488 1034 ωμεν.
536 964 595 1027 ὃς
628 980 762 1035 φησι
806 962 998 1016 στύλον
1048 957 1189 1016 εἶναι
1234 961 1328 1015 καὶ
1366 960 1426 1014 τὸ
1467 960 1746 1030 ἑδραίωμα
1796 959 1898 1029 τῆς

312 1054 596 1125 ἀληθείας.
630 1054 839 1108 Ούκοῦν
860 1053 1080 1125 χρυσίον
1108 1053 1207 1124 μέν
1230 1053 1378 1105 ἐστιν
1407 1053 1441 1123 ἡ
1464 1050 1709 1123 ἀλήθεια,
1740 1053 1775 1121 ή
1803 1051 1901 1104 καὶ

316 1145 479 1214 βάσις
508 1144 616 1198 τῶν
650 1162 750 1217 κνη
759 1145 874 1216 μῶν
903 1143 1185 1215 γινομένη,
1211 1142 1309 1196 καὶ⁸
1337 1141 1433 1206 τὰς
1467 1143 1657 1212 χεῖρας
1682 1141 1777 1213 καί
1800 1141 1900 1212 τὴν

315 1236 565 1307 κεφαλὴν
601 1236 670 1289 δι’
705 1237 903 1306 ἑαυτῆς
941 1234 1381 1300 καλλωπίζουσα.
1427 1234 1500 1287 Τὸ
1532 1234 1589 1287 δὲ
1619 1232 1901 1304 ἑδραίωμα

314 1330 406 1391 είς
444 1328 542 1400 τὴν
588 1328 680 1382 τοῦ
717 1329 1011 1400 μαρμάρου
1064 1344 1144 1391 τις
1195 1325 1357 1394 φύσιν
1401 1325 1755 1396 μεταλαϐὼν,
1803 1325 1902 1395 οὐχ

317 1420 702 1490 ἁμαρτήσεται
723 1439 734 1450 ·
777 1419 853 1482 ὼς
892 1414 1028 1470 εἶναι
1053 1416 1311 1488 τοιαύτην
1335 1416 1435 1488 τὴν
1460 1415 1569 1469 τῶν
1593 1416 1901 1486 λεγομένων

314 1512 561 1566 διάνοιαν
580 1525 593 1539 ⁸
629 1507 711 1561 ὃτι
740 1508 808 1562 At
858 1511 1066 1582 κνῆμαι
1089 1510 1183 1564 τοῦ
1213 1509 1465 1580 σώματος
1489 1510 1539 1561 οἱ
1568 1509 1902 1581 μαρμάρινοι

319 1601 528 1665 στύλοι,
558 1602 832 1656 τουτέστιν
876 1604 924 1655 οί
952 1601 1030 1674 τῷ
1070 1602 1310 1673 λαμπρῷ
1350 1601 1451 1673 βίῳ
1488 1601 1583 1655 καί¹
1615 1599 1692 1672 τῷ
1727 1599 1906 1668 ὑγιαί-

316 1712 468 1748 νοντι
507 1695 650 1767 λόγῳ
691 1695 752 1749 τὸ
792 1694 970 1749 κοινὸν
1011 1695 1168 1765 σῶμα
1195 1696 1296 1765 τῆς
1338 1692 1664 1765 Ἐκκλησίας
1700 1691 1902 1764 βαστά-

318 1783 511 1848 ζοντές
544 1801 602 1837 τε
648 1785 742 1838 καὶ
779 1784 1130 1856 διερείδοντες
1156 1802 1170 1816 ·
1230 1785 1298 1839 δι’
1324 1778 1399 1839 ὧν
1438 1784 1473 1855 ἦ
1513 1801 1571 1837 τε
1606 1784 1762 1855 βάσις
1802 1783 1903 1855 τῆς

320 1874 564 1938 πίστεως
602 1875 715 1945 ἔχει
754 1875 814 1929 τδ
847 1876 1066 1945 πάγιον,
1101 1876 1196 1929 καὶ
1240 1876 1268 1928 ὁ
1300 1876 1418 1929 κατ’
1463 1875 1663 1947 ἀρετὴν
1706 1873 1906 1946 δρόμος

318 1962 573 2025 ἀνύεται,
604 1967 698 2018 καὶ
726 1966 784 2018 ὲν
807 1968 921 2028 τοῖς
954 1966 1158 2036 ἆλμασι
1182 1965 1291 2019 τῶν
1321 1966 1479 2019 θείων
1508 1964 1761 2028 ἐλπίδων,
1787 1963 1909 2017 ὅλον

319 2052 390 2106 τὸ
420 2052 578 2124 σῶμα
607 2046 879 2128 μετέωρον
906 2056 1136 2117 γίνεται.
1169 2055 1271 2109 Διὰ
1306 2056 1414 2109 τῶν
1432 2055 1524 2108 δύο
1552 2053 1909 2126 κατορθοῦται

321 2143 557 2208 τούτων,
584 2145 842 2217 ἀληθείας
881 2147 977 2202 καὶ
1012 2147 1364 2218 βεϐαιότητος
1386 2162 1400 2176 ’
1440 2146 1536 2201 τοῦ
1570 2148 1666 2218 μὲν
1703 2146 1909 2219 χρυσοῦ

323 2236 887 2310 μεταλαμϐανομένου
913 2239 1049 2312 πρὸς
1075 2239 1176 2309 τὴν
1199 2238 1477 2310 ἀλήθειαν,
1503 2240 1625 2309 ἥτις
1653 2239 1795 2292 κατὰ
1814 2237 1911 2309 τὴν

322 2326 546 2381 Παύλου
575 2329 759 2401 φωνὴν
791 2330 1038 2400 θεμέλιος
1071 2331 1171 2401 τῆς
1202 2330 1355 2394 θείας
1393 2331 1738 2402 κατασκευῆς
1767 2331 1914 2399 γίνε-

322 2418 423 2474 ταί
448 2435 508 2473 τε
553 2422 647 2473 καὶ
677 2421 1021 2492 ὀνομάζεται.
1067 2422 1253 2486 Οὕτως
1286 2424 1395 2495 γάρ
1436 2440 1637 2495 φησιν·
1682 2424 1763 2477 ὅτι
1809 2426 1914 2477 Θε-

321 2510 542 2580 μέλιον
578 2511 776 2567 ἄλλον
823 2513 1022 2580 οὐδεὶς
1071 2512 1318 2568 δύναται
1369 2513 1554 2569 θεῖναι
1599 2513 1760 2583 παρὰ
1808 2514 1918 2569 τὸν

324 2602 629 2670 κείμενον,
669 2605 738 2670 ὅς
777 2605 951 2660 ἐστιν
990 2606 1227 2675 Ἰησοῦς
1251 2607 1528 2678 Χριστός.
1580 2606 1815 2676 Χριστὸς
1859 2604 1916 2659 δέ

325 2696 482 2777 ἐστιν
511 2697 544 2766 ή
574 2695 822 2767 ἀλήθεια,
908 2695 1341 2768 ὲνθεμελιοῦνται
1376 2698 1432 2750 αί
1466 2698 1693 2768 κνῆμαι,
1723 2699 1770 2750 οἱ
1799 2697 1920 2749 στύ-

326 2785 416 2838 λοι.
459 2786 566 2856 ιτῆς
619 2786 972 2857 Ἐκκλησίας.
1019 2787 1120 2840 Διὰ
1158 2786 1252 2839 τοῦ
1312 2786 1606 2857 μαρμάρου
1656 2784 1919 2838 νοούντων

322 2878 494 2948 ἡμῶν
530 2878 592 2932 τό
619 2896 677 2930 τε
709 2878 960 2949 λαμπρὸν
996 2877 1091 2932 τοῦ
1126 2878 1263 2949 βίου,
1297 2877 1392 2931 καὶ
1419 2876 1482 2929 τὸ
1513 2875 1648 2948 πρὸς
1687 2875 1784 2947 τὴν
1812 2874 1928 2928 τῶν.

327 2971 556 3041 ἀγαθῶν
585 2971 824 3025 διάθεσιν
856 2969 1116 3043 ἐμϐριθές
1151 2987 1212 3024 τε
1245 2971 1342 3024 καὶ
1376 2969 1731 3040 ἀμετάθετον.
1781 2968 1919 3021 Ἀλλ’

327 3062 525 3135 ἐπειδὴ
558 3062 743 3116 πολλοὶ
775 3064 871 3134 μὲν
903 3064 953 3115 οἱ
982 3062 1162 3116 στύλοι
1195 3060 1289 3115 τοῦ
1319 3061 1620 3134 μαρτυρίου
1655 3061 1752 3131 τῆς
1790 3077 1922 3130 σκη-

328 3155 455 3226 νῆς,
487 3154 670 3208 πολλοὶ
695 3153 752 3207 δὲ
776 3155 871 3207 καὶ
898 3155 947 3207 οἱ
983 3153 1075 3207 τὸν
1105 3154 1205 3224 τῆς
1238 3153 1429 3222 σοφίας
1453 3148 1600 3206 οἷκον
1626 3151 1922 3206 διαϐαστάκ

330 3249 553 3311 ζοντες·
599 3244 694 3298 δύο
720 3244 777 3297 δὲ
812 3242 907 3298 νῦν
938 3243 1258 3315 ὲξαρκοῦσιν
1288 3243 1407 3297 ὅλον
1432 3244 1649 3314 ἀνέχειν
1675 3244 1757 3312 ὲφτ
1793 3243 1921 3296 ἑαυο

329 3338 448 3391 τῶν
474 3337 535 3391 τὸ
564 3336 755 3407 σῶμα’
800 3335 939 3407 τάχα
987 3336 1125 3407 πρὸς
1153 3335 1319 3407 ἄλλην
1360 3335 1489 3389 τινὰ
1528 3335 1769 3390 διάνοιαν
1813 3334 1922 3406 χρὴ

337 3432 673 3501 μεταγαγεῖν
710 3429 801 3482 τὸν
832 3428 1033 3481 σκοπὸν
1075 3424 1555 3499 τοῦ“αίνίγματο;.
1614 3422 1784 3498 Οἶμαι
1813 3428 1923 3498 γὰρ

332 3525 430 3579 διὰ
453 3524 657 3578 τούτων
703 3523 878 3576 ἐκεῖνο
911 3519 1417 3584 κατασκευάζεσθαι
1453 3533 1466 3549 ·
1516 3518 1576 3572 τὸ
1622 3519 1924 3585 πολυειδεῖς

338 3616 448 3689 μὲν
478 3613 723 3685 γίνεσθαι
747 3612 846 3677 τὰς
870 3614 935 3666 ὲκ
960 3612 1052 3666 τοῦ
1082 3613 1247 3683 νόμου
1278 3612 1415 3683 πρὸς
1445 3610 1645 3682 ἀρετήν
1681 3610 1921 3682 ὁδηγίας,

340 3707 517 3762 πολλὰ
533 3708 588 3760 δὲ
616 3707 829 3777 καὶτῆς
855 3706 1044 3774 σοφίας
1067 3703 1205 3758 εἶναι
1226 3703 1296 3758 τὰ
1313 3703 1768 3775 παραγγέλματα,
1789 3704 1936 3774 πρὸς.

335 3800 437 3852 τον
468 3799 628 3852 αὑτὸν
660 3796 871 3869 ὁρῶντα
918 3795 1121 3849 σκοπόν
1145 3811 1159 3825 ·
1205 3794 1298 3847 τὸν
1344 3793 1781 3864 συντετμημένον
1828 3791 1927 3845 τοῦ

339 3886 683 3956 Εὐαγγελίου
709 3886 887 3954 λόγον,
916 3886 995 3948 είς
1024 3882 1388 3955 εὐαρίθμητόν
1419 3899 1477 3935 τε
1508 3881 1603 3935 καὶ
1635 3881 1926 3935 συνεσταλ-

342 3980 511 4054 μένον
544 3980 771 4049 ἀγαγεῖν
802 3976 1019 4032 ἇπασαν
1046 3973 1142 4027 τοῦ
1172 3975 1292 4027 κατ’
1326 3971 1526 4044 ἀρετὴν
1561 3971 1678 4043 βίου
1709 3972 1807 4042 τὴν
1837 3989 1927 4024 τε-

340 4073 598 4140 λειότητα
639 4070 879 4139 ἔγνωκεν
911 4084 925 4098 ·
975 4066 1148 4130 οὕτως
1182 4064 1425 4126 εἰπόντος
1453 4062 1549 4117 τοῦ
1584 4063 1808 4135 Κυρίου,
1847 4066 1929 4118 ὅτι

1945 3197 1999 3255 6

1998 596 2096 662 uit,
2129 609 2239 666 quo
2279 601 2438 665 pacto
2463 592 2588 664 quis
2663 588 2781 645 ﬁeri
2851 588 3109 643 columna
3168 583 3366 654 possit,
3407 590 3470 636 ιιι
3526 589 3595 637 et“

1997 705 2099 746 nos
2181 689 2333 760 digni
2410 688 2513 742 hac
2593 681 2971 756 appellatione.
3044 677 3304 732 ﬁamus:
3383 680 3582 727 rursus

2004 781 2105 835 hoc
2136 795 2355 852 quoque
2396 778 2464 834 de
2514 776 2667 833 Pauli
2716 772 2982 845 sapientia
3020 768 3434 837 intelligamus,
3486 764 3584 834 qui

1999 875 2313 929 columnam
2362 871 2440 926 ait
2495 867 2744 926 veritatis
2790 873 2845 920 et
2891 864 3300 919 ﬁrmamentum
3341 871 3466 913 esse
3512 856 3581 908 “.

2000 970 2191 1039 Itaque
2245 982 2439 1022 aurum
2491 971 2575 1021 est
2615 963 2841 1025 veritas,
2877 972 3002 1035 qua:
3050 954 3241 1011 eadem
3266 940 3320 1006 et
3357 965 3583 1005 crurum

2001 1061 2148 1118 basis
2171 1070 2277 1125 est,
2311 1066 2366 1115 et
2426 1056 2680 1113 manibus
2733 1060 2900 1123 atque
2954 1047 3120 1119 capiti
3198 1049 3587 1101 ornamentum

2003 1151 2224 1224 aliquod
2257 1150 2532 1207 aﬂbrl..At
2559 1144 2888 1202 ﬁrmamenti
2917 1155 3107 1198 vocem
3132 1138 3177 1194 si
3199 1137 3325 1207 quis
3346 1134 3415 1190 ad
3443 1148 3590 1188 mar-

2004 1245 2177 1301 moris
2206 1252 2462 1299 naturam
2518 1235 2841 1299 transferat,
2866 1249 2979 1290 non
3010 1230 3218 1288 errabit
3246 1248 3259 1283 :
3295 1229 3367 1293 ita
3396 1235 3455 1281 ut
3483 1226 3586 1280 hu-

1997 1335 2244 1409 iusmodi
2287 1334 2581 1389 verborum
2632 1329 2704 1385 sit
2751 1326 3024 1383 sententia
3067 1323 3286 1379 :Crura
3335 1319 3591 1375 videlicet

2004 1430 2256 1501 corporis
2284 1442 2409 1484 esse
2432 1425 2722 1480 columnas
2772 1432 3132 1480 marmoreas,
3165 1416 3268 1468 hoc
3304 1420 3388 1468 cst
3441 1411 3588 1470 illos.

2003 1521 2098 1592 qui
2126 1519 2325 1575 illustri
2357 1518 2478 1572 vita-
2498 1526 2557 1571 et
2582 1528 2720 1570 sana
2768 1509 3016 1567 doctrina
3046 1519 3340 1562 commune
3391 1516 3592 1571 corpus

2008 1590 2270 1666 Ecclesia!
2300 1612 2517 1678 gestent
2547 1611 2714 1674 atque
2774 1601 3004 1659 fulciant
3036 1616 3050 1653 :
3077 1612 3176 1666 per
3212 1608 3354 1665 quos
3378 1600 3434 1649 et
3464 1590 3591 1646 ﬁdei

2005 1702 2156 1758 basis
2180 1702 2336 1756 ﬁrma
2366 1706 2497 1764 stat,
2520 1704 2574 1752 et
2603 1694 2826 1749 virtutis
2858 1706 3058 1749 cursus
3084 1688 3410 1753 absolvitur,
3453 1692 3508 1740 ct
3536 1683 3592 1738 in

2007 1793 2242 1849 saltibus
2268 1792 2466 1847 divinae
2497 1787 2612 1858 spei
2646 1793 2822 1841 totum
2863 1797 3066 1854 corpus
3106 1779 3395 1835 attollitur.
3428 1774 3597 1830 Fiunt

2011 1893 2191 1940 autem
2228 1883 2344 1937 hac
2374 1880 2634 1951 praeclare
2662 1893 2757 1948 per
2791 1876 2895 1930 ista
2918 1875 3049 1935 duo,
3093 1872 3355 1926 nimirum
3391 1868 3600 1924 verita-

2008 1984 2116 2032 tem
2143 1990 2209 2029 ac
2239 1974 2550 2028 ﬁrmitatem
2583 1988 2627 2039 ε,
2655 1970 2731 2023 ita
2759 1977 2817 2024 ut
2842 1981 3038 2020 aurum
3071 1964 3139 2019 ad
3173 1962 3457 2017 veritatem
3500 1973 3596 2033 ac;-

2009 2064 2408 2126 commodctur,
2435 2077 2557 2131 qme
2585 2061 2653 2115 de
2682 2057 2837 2113 Pauli
2868 2055 3141 2113 sententia
3175 2053 3594 2107 fundamentum

2009 2154 2226 2213 aedilicii
2252 2152 2425 2207 divini
2455 2157 2540 2206 est
2581 2157 2636 2204 et
2665 2147 2889 2203 dicitur.
2933 2145 3025 2199 Sic
3051 2143 3198 2199 enim
3225 2143 3302 2194 ait
3329 2159 3343 2195 :
3370 2137 3599 2194 Funda-

2012 2256 2249 2303 mentum
2280 2243 2431 2298 aliud
2459 2257 2653 2311 ponere
2690 2255 2842 2294 nemo
2887 2244 3080 2306 potest,
3130 2246 3321 2302 prazter
3374 2232 3429 2286 id
3459 2229 3600 2300 quod

2014 2338 2244 2408 positum
2273 2342 2377 2399 est,
2434 2331 2573 2404 quod
2603 2340 2682 2385 est
2732 2329 2977 2385 Christus
3009 2326 3077 2382 “.
3124 2324 3381 2379 Christus
3418 2328 3609 2376 autem

2017 2430 2220 2485 veritas
2245 2435 2353 2487 est,
2378 2427 2434 2480 in
2465 2439 2572 2496 qua
2601 2437 2765 2478 crura
2797 2418 3120 2482 lundantur,
3162 2430 3284 2486 qua:
3322 2413 3611 2468 columna:-

2019 2527 2148 2577 sunt
2198 2518 2474 2574 Ecclesiae.
2545 2515 2646 2569 Per
2698 2525 2938 2566 marmor
2994 2516 3177 2563 autem
3228 2506 3605 2576 intelligamus

2019 2614 2143 2675 vita:
2166 2611 2513 2681 splendorem
2538 2617 2595 2662 et
2623 2604 3019 2667 constantiam,
3047 2609 3214 2671 atque
3245 2597 3605 2653 immutabili.-

2021 2711 2187 2758 tatem
2237 2703 2291 2754 in
2324 2700 2614 2754 all'ectioue
2668 2710 2798 2766 erga
2828 2696 2920 2749 illa
2949 2709 3073 2764 qum
3105 2693 3246 2748 bona
3279 2701 3426 2751 sunt.
3464 2689 3628 2755 Quia.

2021 2810 2150 2849 vero
2179 2793 2365 2847 multa:
2388 2801 2516 2847 sunt
2536 2790 2589 2843 iu
2613 2787 2965 2843 tabernaculo
2989 2784 3285 2840 testimonii
3309 2783 3615 2844 οοιιιιιιιιιιε,

2025 2888 2208 2940 multae
2249 2884 2377 2939 item
2428 2882 2711 2953 sapientia:
2760 2879 2984 2934 domutn
3043 2877 3317 2931 columna:
3347 2874 3604 2938 falcium,

2023 2996 2149 3033 cum
2184 2978 2401 3033 interim
2437 2977 2526 3030 hic
2585 2974 2707 3029 dum
2734 2971 3011 3027 sulliciaut
3061 2972 3162 3023 toti
3194 2967 3418 3036 corpori
3448 2967 3610 3021 susti-

2026 3070 2207 3125 nendo
2266 3086 2281 3122 :
2345 3067 2598 3123 fortassis
2646 3066 2809 3119 aliam
2845 3061 3140 3134 quamdam
3172 3060 3241 3114 ad
3282 3059 3610 3115 sententiam

2024 3163 2331 3232 azuigmatis
2383 3160 2548 3230 hujus
2584 3174 2787 3227 scapus
2830 3154 3153 3211 referendus
3206 3161 3316 3208 est.
3356 3152 3611 3206 Arbitror

2024 3256 2170 3309 enim
2194 3253 2298 3307 hoc
2327 3252 2500 3306 astrui
2532 3266 2627 3320 per
2650 3249 2765 3313 illa,
2805 3248 2975 3303 variis
3027 3245 3309 3300 videlicet.
3331 3242 3511 3297 modis
3540 3243 3633 3296 ait.

2024 3349 2278 3402 virtutem
2309 3362 2410 3401 nos
2426 3360 2522 3415 per
2550 3346 2720 3413 legem
2750 3341 2901 3404 duci,
2936 3356 3000 3394 ac
3029 3341 3201 3395 multa
3230 3352 3449 3407 quoque
3475 3328 3621 3407 pia:-

2024 3450 2179 3513 cepta
2209 3457 2332 3498 esse
2362 3440 2664 3509 sapientiae.
2706 3451 2840 3506 quas
2883 3442 3067 3489 tamen
3095 3432 3348 3490 eumdem
3382 3431 3448 3485 ad
3492 3445 3616 3486 sco-

2026 3550 2153 3606 pum
2186 3532 2501 3601 respiciant.
2541 3530 2629 3582 AL
2658 3527 2940 3584 concisum
2973 3524 3253 3596 Evangelii
3303 3537 3616 3578 sermonem

2025 3642 2090 3680 ac
2124 3624 2336 3678 facilem
2367 3628 2682 3682 numerate,
2712 3633 2778 3672 ao
2805 3618 2952 3671 velut
2985 3617 3040 3670 in
3071 3629 3245 3687 pauca
3271 3622 3621 3670 contractam

2027 3718 2151 3771 vitm
2191 3715 2799 3769 Virtutioonseutancae
2825 3708 3214 3779 perfectionem
3261 3721 3365 3761 nos
3413 3700 3617 3760 ducere

2027 3806 2302 3878 mgnovit.
2353 3804 2449 3858 Ait
2497 3804 2647 3857 enim
2710 3800 3017 3856 Dominus:
3067 3799 3145 3851 Ab
3205 3798 3349 3852 hisce
3406 3796 3623 3850 duobus

2030 3898 2298 3953 mandatis
2330 3897 2415 3951 lea:
2475 3904 2586 3949 tota
2617 3893 2801 3962 pendet
2824 3910 2885 3945 ac
2915 3892 3182 3959 prophetis
3209 3890 3278 3942 *⁸.
3311 3888 3623 3943 ldemvero

2028 4001 2132 4055 est,
2160 3989 2277 4046 sive
2301 3987 2431 4057 quid
2465 3988 2648 4041 oneris
2687 3997 3020 4053 suspensum
3046 3982 3115 4036 de
3144 3987 3217 4045 te,
3244 3980 3359 4035 sive
3388 3978 3618 4048 imposi-

2032 4094 2146 4137 tum
2174 4076 2625 4155 sustineamﬂam
2650 4079 2820 4133 robur
2842 4076 3012 4137 illius,
3037 4074 3130 4145 qui
3156 4073 3370 4144 pondus
3394 4070 3618 4141 aliquod

356 4165 466 4217 Ἐν
496 4164 738 4228 ταύταις
779 4160 907 4227 ταῖς
939 4158 1124 4214 δυσίν
1155 4156 1463 4222 ἐντολαῖς,
1509 4155 1653 4222 ὅλος
1681 4159 1713 4209 ὁ
1745 4158 1917 4226 νόμος

2032 4180 2476 4244 gestat,utroque
2496 4170 2661 4226 modo
2681 4168 3044 4225 consimiliter
3071 4162 3641 4220 ititendilur.Etetiitn-.

342 4253 451 4307 καὶ
479 4254 532 4306 οὶ
562 4249 860 4319 προφῆται
894 4248 1234 4318 κρέμανται.
1282 4248 1425 4300 Ἴσον
1447 4246 1504 4298 δὲ
1536 4246 1751 4309 πάντως
1785 4247 1917 4299 ἐστὶι

386 4346 399 4358 ο
478 4343 530 4358 ιιι
762 4342 785 4358 α
833 4342 845 4358 ι
1020 4357 1023 4358 ,
1095 4340 1106 4358 ρ
1174 4357 1182 4358 κ
1216 4356 1244 4358 ,_
1322 4338 1506 4358 εηνὶη-..
1575 4338 1625 4358 _\
1681 4336 1843 4358 DL---
1899 4337 1917 4358 ε

2034 4266 2178 4320 ferre
2205 4261 2335 4317 illud
2354 4278 2419 4318 ex
2442 4277 2598 4332 aequo
2623 4260 2847 4327 dicitur,
2877 4260 2994 4314 sive
3020 4273 3326 4327 appensum
3354 4272 3499 4311 onus
3521 4257 3616 4316 sit,

344 4346 433 4407 είς
474 4343 723 4415 δύναμιν,
756 4342 790 4412 ἢ
825 4340 1282 4411 ὑποκρεμάμενον
1312 4338 1527 4408 ἀνέχειν
1571 4338 1633 4390 τὸ
1679 4336 1863 4409 βάρος,
1898 4337 1917 4389 'i

2035 4357 2153 4411 sive
2175 4370 2338 4409 manu
2372 4353 2619 4421 subjecta
2642 4351 2774 4421 quid
2825 4357 3020 4421 gestet,
3056 4349 3239 4415 Quare
3280 4363 3404 4402 cum
3434 4347 3621 4401 l)onti~

343 4436 716 4508 ἐπικείμενον.
796 4430 890 4496 Εἷς
933 4433 1042 4505 γὰρ
1089 4432 1156 4485 δι’
1202 4430 1528 4501 ἀμφοτέρων
1582 4428 1865 4499 θεωρεῖται
1906 4434 1917 4480 ι

2039 4464 2142 4503 nus
2162 4445 2383 4517 quidem
2422 4444 2589 4508 dicat,
2644 4442 2826 4497 abhis
2856 4442 3073 4495 duobus
3126 4439 3402 4495 mandatis
3447 4439 3641 4507 legent»

341 4531 452 4600 τῆς
483 4529 764 4599 δυνάμεως
795 4524 945 4588 τόνος
971 4566 987 4591 ,
1041 4523 1135 4577 τοῦ
1186 4522 1307 4575 καθ’
1350 4521 1607 4589 ἑκάτερον
1649 4518 1848 4590 τρόπον
1877 4518 1917 4571 τί

2045 4539 2355 4593 universam
2403 4550 2524 4588 cum
2552 4532 2834 4603 prophetis
2864 4529 3132 4601 pendere;
3183 4545 3386 4599 sponsa
3417 4545 3638 4583 veroat

343 4620 515 4690 ἄχθος
543 4617 918 4690 βαστάζοντος.
946 4617 1105 4687 Φέρει
1136 4612 1243 4686 γὰρ
1271 4609 1469 4682 ὁμοίως
1491 4610 1556 4663 δι’
1580 4609 1794 4672 ἑαυτοῦ,
1821 4608 1917 4662 εἴτε

2037 4628 2250 4684 duabus
2276 4625 2567 4686 columnis,
2599 4637 2720 4693 quae
2752 4621 3126 4676 fundamentis
3150 4620 3347 4675 aureis
3366 4619 3625 4674 inuitan-

346 4710 732 4782 ἐπηρτημένον
757 4710 868 4780 ἔχει
897 4708 957 4762 τὸ
982 4707 1166 4777 βάρος,
1188 4705 1301 4757 εἴτε
1332 4700 1707 4771 ὑπολαμϐάνοι
1736 4702 1803 4772 τῇ
1836 4717 1937 4752 πα-

344 4803 503 4874 ὶάμῃ
535 4802 596 4857 τὸ
639 4799 1061 4872 βασταζόμενον.
1122 4795 1285 4850 Ἐπεὶι
1317 4789 1409 4847 οὖν
1438 4795 1482 4846 ὁ,
1509 4793 1607 4864 μὲν
1640 4792 1841 4863 Κύριος
1875 4792 1933 4843 ὲν

344 4892 578 4958 ταύταις
610 4892 742 4962 φησὶ
770 4893 890 4955 ταῖς
913 4889 1063 4942 δυσὶν
1090 4887 1329 4949 ἐντολαῖς
1359 4886 1477 4939 ὅλον
1508 4885 1600 4937 τὸν
1634 4883 1797 4953 νόμον
1839 4882 1935 4937 καὶ

344 4985 481 5047 τοὺς
514 4984 797 5055 προφήτας
823 4978 1131 5050 κρέμασθαι
1152 4993 1164 5006 ⁸
1207 4976 1304 5031 νῦν
1325 4976 1381 5029 δὲ
1407 4978 1440 5047 ή
1469 4975 1654 5046 νύμφη
1684 4974 1777 5027 δύο
1804 4974 1934 5029 στύ-

346 5075 468 5137 λοις
497 5073 591 5128 ἐπὶ
621 5073 837 5143 χρυσῶν
874 5068 1141 5139 θεμελίων
1175 5067 1435 5137 βεϐηκόσι
1469 5065 1831 5141 βαστάζεσθαι
1858 5066 1940 5119 λέ·

347 5180 442 5235 γει
470 5164 530 5217 τὸ
558 5164 716 5234 σῶμα
737 5179 751 5194 ’
800 5160 981 5223 καλῶς
1011 5159 1077 5213 ἂν
1106 5159 1221 5229 ἔχοι
1265 5158 1401 5230 πρὸς
1428 5158 1526 5226 τὴν
1570 5157 1803 5228 θεωρίαν
1844 5155 1936 5210 τοῦ

349 5255 501 5310 κατὰ
529 5256 628 5317 τάς
657 5256 869 5326 κνήμας
893 5250 1233 5322 αἰνίγματος,
1261 5248 1708 5320 συμπαραλαϐεῖν
1730 5248 1829 5312 τὰς
1846 5246 1940 5301 δύο

349 5346 575 5410 ἐντολὰς
607 5346 843 5408 ἐκείνας.
899 5337 1000 5396 Ὧν
1038 5341 1136 5413 τὴν
1177 5341 1298 5410 μὲν,
1350 5338 1572 5410 πρώτην
1618 5339 1872 5410 ὀνομάζει
1912 5340 1951 5392 ὁ.

351 5440 582 5510 Κύριος,
621 5441 733 5509 τὴν.
753 5438 847 5500 δὲ,
891 5435 1082 5507 ὁμοίαν
1125 5437 1202 5505 τῇ⁴
1239 5432 1429 5504 πρώτη
1478 5432 1694 5500 λέγωνα
1733 5431 1794 5491 τὸ
1840 5432 1937 5501 μὲν

2039 4731 2149 4786 tur,
2180 4719 2384 4789 gestari
2413 4731 2612 4786 corpus
2656 4720 3046 4769 commemoret
3074 4729 3090 4779 ;
3123 4719 3271 4767 recte
3299 4710 3629 4776 fecerimus,

2040 4812 2087 4866 si
2117 4810 2185 4864 ad
2215 4807 2729 4877 contemplationem
2764 4803 2930 4873 hujus
2959 4804 3027 4859 de
3052 4803 3311 4857 cruribus
3360 4802 3624 4872 aenigma-

2040 4902 2155 4966 tis,
2229 4901 2340 4956 duo
2412 4899 2503 4953 illa
2578 4896 2831 4951 mandata
2918 4893 3354 4950 adhibuerimus.
3417 4892 3626 4948 Eorum

2039 5000 2310 5065 alterum,
2370 4996 2605 5065 primum
2674 4993 2909 5063 appellat
2975 4991 3275 5057 Dominus,
3337 4991 3647 5055 alterum,’

2040 5087 2217 5155 primo
2239 5085 2436 5142 simile.
2464 5082 2645 5153 lnquit
2666 5083 2836 5146 enim,
2863 5081 3037 5137 Deum
3057 5089 3171 5135 toto
3199 5079 3388 5143 corde,
3422 5089 3476 5134 et
3507 5082 3623 5135 aui-

2044 5195 2154 5243 mo,
2207 5186 2268 5233 et
2314 5176 2577 5231 facultate
2613 5176 2809 5229 virium
2846 5174 3094 5244 diligere,
3156 5172 3474 5227 mandatmn
3511 5173 3624 5240 pri-

2042 5286 2192 5326 mutu
2216 5285 2371 5335 esse;
2395 5264 2727 5337 proximum?
2756 5281 2887 5318 vero
2912 5266 3142 5334 diligere
3170 5263 3329 5332 quasi
3356 5263 3621 5331 seipsum,

2042 5361 2164 5429 eius
2196 5372 2322 5414 vero
2353 5357 2594 5411 mandati
2626 5355 2735 5410 vim
2768 5370 2953 5425 parem
2984 5371 3127 5416 esse,
3163 5370 3284 5424 qum
3313 5355 3385 5410 sit
3435 5353 3620 5423 primi.

2038 5442 2248 5504 Paulus
2279 5449 2464 5513 etiam,
2515 5446 2644 5501 dum
2706 5447 2864 5517 quasi
2895 5444 3186 5515 quamdam
3229 5446 3474 5511 domum,
3503 5459 3626 5513 qua:

348 5534 578 5602 ἀγαπᾷν
612 5532 703 5585 τὸν
730 5530 861 5585 Θεὸν
888 5529 948 5594 ἐξ
971 5528 1099 5598 ὅλης
1128 5527 1226 5597 τῆς
1259 5525 1482 5597 καρδίας
1516 5525 1608 5578 καὶ
1638 5525 1816 5594 ψυχῆς
1846 5526 1917 5578 κα

2048 5542 2217 5596 Deum
2245 5541 2765 5610 excipiat,magnum
2796 5539 2949 5592 illum
2981 5538 3325 5591 Timotheum
3362 5535 3621 5600 exstruit,

350 5624 662 5694 δυνάμεως,
682 5621 780 5693 τήν
805 5618 1027 5692 πρώτην
1049 5617 1269 5688 ἐντολὴν
1299 5610 1438 5670 εἷναι
1459 5630 1474 5645 ·
1506 5613 1568 5668 τὸ
1596 5613 1652 5667 δὲ
1678 5613 1768 5667 τὸν
1799 5613 1917 5682 πλη¹

2046 5633 2187 5688 duas
2212 5632 2377 5686 hasce
2408 5631 2693 5687 columnas
2755 5629 2808 5682 in
2856 5644 2924 5684 co
2950 5628 3166 5687 statuit.
3203 5641 3431 5695 quarum
3463 5622 3620 5681 alteri

414 5806 463 5838 ⁸³
496 5802 766 5861 Galat.'u.
789 5804 842 5857 9.
920 5801 962 5835 ⁵³
990 5800 1012 5856 1
1042 5800 1281 5857 Timoth.
1312 5816 1393 5865 ιιι,
1434 5798 1487 5854 5.
1564 5797 1611 5829 δι
1641 5794 1658 5848 ι
1691 5794 1819 5852 Cor.
1862 5809 1942 5860 ιιι,
1980 5793 2064 5847 ll.
2145 5791 2188 5824 “
2210 5789 2396 5846 Matth.
2429 5787 2599 5851 11,10.
