4018 6402
551 419 697 478 1079

1799 427 1856 484 S.
1892 427 2220 487 GREGORII
2255 428 2550 486 NYSSENI

3705 438 3732 487 1
3744 433 3866 488 080

545 540 672 594 ﬁdei
702 555 896 596 nomen
928 541 1090 606 indit,
1149 542 1372 598 alteram
1431 545 1829 602 conscientiam
1872 561 2031 606 vocat
2059 550 2125 606 “.

2250 547 2347 603 τίον
2379 549 2454 614 ὼς
2486 548 2700 611 ἑαυτὸν,
2752 529 3091 612 ἰσοδυναμεῖν
3123 549 3189 618 τῇ
3226 545 3438 618 πρώτῃ.
3487 544 3658 600 Ἀλλά
3689 547 3793 600 καὶ
3828 553 3859 601 δ

543 631 650 688 Per
679 633 840 688 ﬁdem
867 633 1123 704 intelligit
1149 635 1498 692 dilectionem
1533 653 1662 708 erga
1692 639 1888 707 Deum,
1918 641 1987 698 de
2017 650 2134 698 toto

547 726 731 789 corde,
787 736 842 780 et
885 727 1089 790 animo,
1124 735 1180 783 ct
1210 728 1407 783 virium
1470 729 1730 788 facultate
1779 733 2078 804 profectam
2119 754 2133 790 :

549 832 642 886 per
672 817 871 872 bonam
893 834 1022 873 vero
1041 821 1461 888 conscientiam,
1479 822 1823 880 all‘ectionem
1841 828 2136 897 quamdam

546 919 674 979 erga
709 912 1041 981 proximum,
1077 928 1202 966 cum
1266 928 1452 970 amore
1484 917 1861 988 conjunctam.
1891 921 1959 974 Et
2019 920 2135 975 for-

545 1001 713 1057 tassis
768 1001 883 1058 haec
935 1004 1210 1074 posterius
1242 1020 1275 1059 a
1328 1007 1489 1062 nobis
1557 1008 1780 1064 inventa
1829 1012 2134 1079 sententia,

547 1093 717 1163 priori
751 1095 938 1150 sensui
990 1110 1099 1150 non
1132 1095 1478 1153 adversatur.
1544 1098 1678 1154 Nam
1710 1116 1806 1171 per
1841 1110 2137 1174 utrumque

550 1185 746 1238 horum
778 1187 1065 1242 columnas
1099 1188 1218 1242 ﬁeri
1276 1189 1404 1244 licet
1443 1191 1600 1258 tales,
1631 1193 1824 1262 quales
1851 1201 2009 1249 erant
2035 1193 2140 1250 Pe-

550 1287 692 1339 trus.
722 1275 983 1344 Iacobus,
1017 1278 1280 1345 Joannes,
1305 1291 1361 1337 et
1398 1283 1444 1338 si
1481 1283 1605 1353 quis
1636 1284 1778 1340 alius
1818 1286 1922 1340 hoc
1955 1287 2138 1341 nomi-

549 1381 620 1423 ne
640 1368 726 1422 vel
780 1368 887 1423 fuit
917 1371 1154 1425 antehac
1182 1372 1264 1426 vel
1295 1373 1401 1427 erit
1439 1373 1702 1445 deinceps
1732 1374 1953 1446 dignus.
2004 1374 2138 1432 Nam

551 1459 647 1530 qui
689 1461 744 1515 in
785 1461 938 1516 bisce
971 1462 1188 1520 duobus
1247 1465 1524 1522 mandatis
1550 1465 1824 1536 perfectus
1868 1477 1974 1534 est,
2011 1468 2059 1524 is
2087 1479 2143 1525 et

551 1552 814 1606 columna
855 1553 914 1607 ﬁt
965 1563 1019 1609 et
1057 1554 1462 1612 ﬁrmamentum
1497 1559 1765 1626 veritatis,
1796 1567 1858 1614 ut
1905 1561 2142 1630 Aposto-

551 1645 642 1698 lus
676 1644 918 1714 loquitur
944 1646 1011 1700 "7.
1049 1645 1308 1718 Adeoque
1330 1648 1544 1706 duabus
1577 1650 1729 1707 hisce
1751 1652 2035 1722 praeclaris
2056 1668 2143 1710 re-

551 1735 656 1790 bus
697 1737 1016 1792 universum
1065 1737 1328 1795 Ecclesia:
1373 1756 1575 1812 corpus
1615 1743 1772 1813 quasi
1809 1743 2141 1816 quibusdam

549 1827 814 1880 cruribus
847 1827 1131 1896 innititur,
1166 1845 1336 1886 aureo
1369 1831 1523 1889 basis
1579 1833 1728 1892 illius
1764 1834 2140 1902 fundamento,

549 1931 672 1986 qua:
720 1917 853 1972 ﬁdes
891 1926 996 1983 est,
1049 1919 1487 1977 immobilitatem
1547 1939 1658 1978 non
1698 1925 2023 1982 mutabilem
2079 1936 2137 1984 et

548 2011 912 2065 constantiam
947 2013 1006 2066 in
1030 2014 1179 2068 oumi
1207 2014 1350 2070 bono
1383 2015 1548 2071 animi
1575 2015 1817 2076 indente.

2240 640 2450 704 Παῦλος
2475 636 2586 694 οἷόν
2614 655 2735 693 τινα
2758 635 2905 690 οἶκον
2935 638 3182 691 δεκτικὸν
3209 638 3303 691 τοῦ
3333 637 3470 690 Θεοῦ
3498 633 3857 692 κατασκευά-

2238 733 2346 798 ζων
2394 733 2483 787 τὸν
2545 733 2717 805 μέγαν
2759 730 3042 802 Τιμόθεον,
3075 729 3203 794 τοὺς
3235 729 3326 783 δύο
3355 729 3580 793 τούτους
3624 731 3857 801 ἵστησιν

2237 827 2296 879 ἐν
2328 823 2505 896 ἐαυτῷ
2533 825 2780 887 στύλους,
2817 822 2894 894 τῷ
2930 822 3028 895 μὲν
3057 821 3228 891 ὄνομα
3254 820 3479 890 θέμενος
3521 820 3740 885 πίστιν,
3771 821 3856 890 τῷ

2237 919 2297 972 δὲ
2331 919 2504 991 ἑτέρῳ
2541 918 2870 988 συνείδησιν.
2923 916 3020 969 Διά
3055 915 3154 986 μὲν
3200 915 3300 985 τῆς
3329 914 3589 976 πίστεως,
3623 914 3729 983 τὴν
3767 916 3856 976 εἰς

2238 1009 2372 1064 Θεὸν
2397 1010 2619 1081 ἀγάπην
2663 1009 2759 1080 τὴν
2785 1009 2845 1074 ἐξ
2873 1007 3003 1079 ὅλης
3031 1006 3258 1078 καρδίας
3287 1023 3344 1059 τε
3375 1006 3468 1059 καὶ
3500 1004 3715 1075 ψυχῆς,
3749 1007 3854 1058 καὶ

2238 1101 2521 1172 δυνάμεως
2542 1101 2824 1172 σημαίνων
2844 1119 2857 1131 ·
2891 1099 2978 1153 διὰ
3003 1099 3059 1152 δὲ
3082 1099 3180 1169 τῆς
3212 1096 3418 1166 ἀγαθῆς
3444 1097 3852 1167 συνειδήσεως.

2239 1193 2339 1265 τὴν
2369 1193 2716 1264 ἀγαπητικὴν
2767 1193 2846 1255 είς
2888 1189 2978 1244 τὸν
3011 1188 3237 1259 πλησίον
3263 1187 3523 1243 διάθεσιν.
3573 1187 3736 1257 Τάχα
3789 1188 3852 1240 δὲ

2239 1286 2339 1339 οὐκ
2368 1284 2704 1339 ἐναντιοῦται
2732 1282 2810 1355 τῷ
2852 1282 3103 1355 προτέρῳ
3131 1281 3363 1352 νοήματι
3393 1283 3430 1352 ἡ
3473 1281 3571 1334 νῦν
3605 1283 3850 1352 ἐφευρε-

2241 1376 2395 1431 θεῖσα
2442 1377 2662 1430 διάνοια.
2736 1377 2816 1428 Δι’
2857 1372 3184 1445 ἀμφοτέρων
3229 1373 3338 1444 γὰρ
3367 1373 3570 1426 τούτων
3624 1373 3750 1425 ἐστὶ
3785 1375 3850 1424 τὸ

2241 1467 2493 1538 γενέσθαι
2529 1467 2776 1531 στύλους,
2816 1467 2942 1530 τοὺς
2981 1464 3122 1520 κατά
3163 1464 3390 1535 Πέτρον,
3418 1465 3512 1516 καὶ
3554 1463 3846 1524 Ἰάκωϐον,

2242 1559 2339 1614 καὶ
2379 1559 2649 1628 Ἰωάννην,
2705 1557 2800 1612 καὶ
2845 1557 2899 1611 εἴ
2955 1573 3038 1618 τις
3083 1553 3242 1618 ἄλλος
3285 1554 3402 1606 κατ’
3451 1553 3702 1616 ἐκείνους
3746 1552 3848 1605 τοῦ

2241 1653 2486 1710 τοιούτου
2514 1650 2778 1722 ὀνόματος
2820 1649 2967 1716 ἄξιος
2998 1646 3032 1717 ἢ
3065 1646 3290 1716 γέγονεν
3320 1646 3352 1716 ἢ
3386 1645 3710 1716 γενήσεται.
3784 1644 3848 1697 ’0

2244 1748 2353 1818 γὰρ
2401 1746 2460 1799 ὲν
2505 1743 2733 1808 ταύταις
2775 1743 2925 1802 δυσὶν
2956 1743 3196 1804 ἐντολαῖς
3241 1739 3567 1806 τελειωθεξ,
3618 1738 3844 1804 στύλος,

2245 1839 2339 1894 καὶ
2366 1837 2646 1909 ἑδραίωμα
2673 1837 2772 1909 τῆς
2800 1833 3057 1906 ἀληθείας
3097 1831 3241 1886 κατά
3283 1831 3384 1904 τὴν
3425 1830 3520 1884 τοῦ
3567 1831 3841 1883 Ἀποστά-

2245 1929 2339 1985 λου
2375 1927 2558 2000 φωνὴν
2589 1924 3078 1989 κατασκευάζεται.
3127 1923 3292 1980 Ὥστε
3341 1924 3454 1986 τοῖς
3501 1919 3593 1975 δύο
3625 1921 3844 1983 τούτοις

2249 2019 2663 2094 κατορθώμασιν
2693 2020 2811 2074 ὅλον
2838 2018 2898 2074 τὸ
2937 2016 3094 2087 σῶμα
3124 2016 3222 2087 τῆς
3267 2014 3522 2085 ἀληθείας
3580 2014 3843 2083 καθάπερ

549 2102 784 2172 κνήμαις
827 2103 969 2155 τισὶν
1017 2104 1413 2176 ὲπερείδεσθαι,
1453 2105 1548 2160 τοῦ
1596 2107 1800 2180 χρυσοῦ
1827 2107 2078 2181 θεμελίου
2117 2111 2387 2184 τῆςκατά
2411 2105 3268 2188 τὴνπίστινβάσεως,τδάκλινές
3293 2106 3460 2162 τεκαὶ
3475 2105 3840 2178 ἀμετάθετον

549 2193 725 2247 καὶτὸ
749 2194 807 2247 ἐν
847 2195 1008 2249 παντὶ
1046 2197 1234 2269 ἀγα(εῷ
1262 2199 1457 2268 πάγιον
1480 2204 1596 2266 τοῖς
1625 2201 1904 2274 λογισμοῖς
1924 2205 2297 2281 ἐμποιοῦντος.

624 2286 755 2341 Post
793 2287 892 2344 has
925 2304 1058 2344 vero
1089 2291 1276 2348 laudes
1321 2295 1478 2364 quasi
1523 2295 1714 2366 paucis
1756 2296 1936 2354 verbis
1983 2313 2140 2368 repe-

2317 2298 2473 2355 Μετά
2514 2297 2573 2353 δὲ
2608 2299 2733 2362 τοὺς
2765 2297 3019 2362 ἐπαίνους
3050 2294 3304 2360 τούτους,
3345 2291 3596 2362 καθάπερ
3638 2290 3844 2346 ἀνακε·

553 2387 676 2433 tens
723 2379 1034 2436 universam
1080 2384 1271 2450 sponsi
1329 2387 1816 2456 pulchritudinem,
1850 2389 1967 2446 ait:
2007 2389 2136 2460 Spe-

469 2485 473 2492 '
552 2471 657 2524 cies
689 2470 877 2539 ipsius,
907 2465 962 2525 nt
991 2472 1184 2528 electus
1208 2473 1468 2540 Libanus,
1503 2487 1562 2532 ut
1607 2478 1771 2534 cedri.
1801 2477 1998 2533 Guttur
2021 2478 2134 2549 ejus

554 2561 798 2626 dulcedo,
839 2578 904 2617 ac
938 2563 1016 2617 nil
1045 2564 1152 2618 nisi
1179 2563 1509 2620 desiderium
1536 2578 1638 2634 est,
1668 2577 1924 2639 cognatus
1967 2585 2133 2633 meus,

553 2662 604 2707 et
647 2653 924 2721 proaimus
989 2653 1142 2718 mihi,
1211 2653 1345 2724 ﬁlice
1424 2653 1754 2710 Jerusalem.
1814 2655 2026 2722 Quibus
2081 2655 2134 2710 in

554 2744 735 2799 verbis
772 2744 978 2801 clarius
1030 2746 1273 2801 indicare
1306 2761 1564 2817 sponsam
1616 2745 1877 2811 arbitror,
1929 2745 2138 2802 versari

555 2837 866 2891 encomium
901 2838 1076 2908 ipsius
1109 2839 1169 2892 in
1192 2854 1257 2893 ea
1303 2840 1494 2909 sponsi
1553 2840 1977 2910 pulchritudine.
2018 2856 2139 2911 qum

557 2929 660 2983 sub
688 2941 972 2998 aspectum
1003 2929 1182 2985 cadat.
1236 2929 1290 2986 id
1333 2941 1515 2987 autem
1564 2932 1812 3004 intelligo
1859 2949 1954 3002 per
2011 2933 2138 3000 hoc,

557 3018 703 3087 quod
741 3020 844 3074 sub
879 3021 1070 3077 oculos
1101 3021 1268 3084 cadit,
1298 3022 1367 3076 de
1394 3039 1504 3092 quo
1531 3024 1690 3092 quasi
1723 3023 1995 3094 quoddam
2021 3039 2142 3078 cor-

559 3125 663 3181 pus
707 3112 994 3166 conslituit
1050 3113 1366 3182 Apostolus,
1425 3114 1673 3170 collectis
1731 3114 1991 3170 membris
2030 3115 2144 3169 sin-

559 3204 724 3271 gulis,
778 3220 899 3275 qua:
969 3205 1241 3276 integrant
1311 3204 1616 3262 Ecclesium
1684 3205 1999 3260 absolvunt.
2055 3207 2144 3261 Ait

561 3299 706 3354 enim
741 3313 944 3368 sponsa
974 3314 1136 3353 unam
1187 3298 1359 3368 ipsius
1420 3297 1658 3367 speciem
1718 3313 1842 3353 esse
1902 3297 2145 3354 inﬁnitas

565 3390 685 3444 illas
723 3389 940 3453 cedros,
979 3388 1178 3458 quibus
1211 3388 1454 3458 undique
1504 3386 1750 3444 Libanus
1787 3389 2000 3443 cinctus
2051 3390 2141 3444 sit.

563 3481 776 3548 Quibus
815 3481 994 3537 verbis
1023 3480 1318 3552 signiﬁcat,
1352 3481 1484 3534 nillil
1521 3481 1736 3536 humile
1762 3495 1940 3551 neque
1993 3482 2145 3550 abje-

565 3585 714 3632 ctum
745 3577 812 3631 ad
845 3583 1187 3631 venustatem
1223 3574 1476 3645 corporis
1523 3574 1672 3630 illius
1708 3577 1980 3637 conl‘erre,
2040 3575 2146 3630 nisi

2243 2392 2620 2462 φαλαιουμένη
2668 2390 2790 2444 ὅλον
2834 2387 2930 2444 τοῦ
2978 2390 3213 2460 νυμφίου
3269 2385 3330 2441 τδ
3380 2384 3608 2447 κάλλος,
3647 2382 3839 2453 φησίεν

2243 2482 2425 2551 Εἶδος
2467 2483 2655 2539 αὑτοῦ
2679 2523 2695 2548 ,
2739 2483 2820 2549 ὠς
2851 2483 3108 2548 Λίϐανος
3149 2477 3464 2550 ἐκλεκτὸς,
3491 2478 3572 2543 ὡς
3611 2475 3840 2543 κέδροι.

2245 2576 2488 2646 Φὰρυγξ
2526 2574 2714 2629 αὑτοῦ
2761 2572 3145 2645 -γλυκασμός,
3192 2571 3291 2626 καὶ
3336 2569 3480 2635 ὅλος
3512 2568 3846 2636 ἐπιθυμία,

2245 2661 2424 2732 οὗτος
2468 2662 2795 2732 ἀδελφιδός
2841 2679 2984 2732 μου,
3019 2661 3116 2717 καὶ
3163 2655 3345 2726 οὗτος
3390 2657 3663 2726 πλησίον
3695 2674 3842 2726 μου,

2246 2754 2565 2826 θυγατέρες
2609 2751 3040 2822 ’Ῑηρουσαλήμ
3083 2753 3172 2806 Ἐν
3195 2750 3371 2821 τούτῳ
3415 2749 3522 2821 γὰρ
3554 2744 3712 2818 οἶμαι
3750 2765 3848 2802 σα-

2248 2847 2508 2920 φέστερον
2537 2845 2704 2919 αὐτὴν
2749 2842 3149 2915 διασημαίνειν,
3179 2842 3261 2895 ὅτι
3294 2841 3354 2897 τὸ
3387 2840 3514 2910 περὶ
3549 2839 3610 2891 τὸ
3639 2838 3844 2910 βλεπέι-

2251 2955 2408 3010 μενον
2455 2935 2548 2990 τοῦ
2600 2936 2832 3007 νυμφίου
2877 2935 3070 2997 κάλλος
3115 2933 3261 2985 ἐστὶν
3302 2933 3330 2985 ὀ
3361 2930 3613 2993 ἔπαινος·
3663 2930 3845 2984 ἐκεῖνό

2249 3046 2392 3101 φημι
2423 3028 2484 3083 τὸ
2514 3027 2842 3100 βλεπόμενον
2862 3067 2880 3092 ,
2917 3024 2946 3079 ὃ
2976 3025 3062 3078 διὰ
3091 3023 3199 3077 τῶν
3235 3021 3358 3076 καθ’
3399 3021 3626 3076 ἕκαστον
3658 3020 3848 3090 μελῶν

2247 3119 2358 3174 τῶν
2391 3119 2856 3191 συμπληρούντων
2889 3117 2994 3187 τὴν.
3029 3115 3376 3188 Ἐκκλησίαν,
3410 3115 3791 3184 σωματοποιεῖ
3817 3113 3846 3164 ὁ

2261 3208 2598 3274 Ἀπόστολος.
2630 3211 2727 3266 Ἓν
2753 3209 2861 3280 γὰρ
2892 3203 3030 3270 εἶδος
3055 3206 3221 3260 αὑτοῦ
3258 3223 3422 3277 φησιν
3450 3199 3588 3258 εἶναι
3609 3201 3716 3265 τὰς
3750 3219 3846 3272 μο-

2253 3299 2441 3370 ριάδας
2472 3299 2582 3352 τῶν
2613 3298 2838 3373 κέδρων,
2874 3292 2962 3360 αἷς
2992 3295 3296 3366 διείληπται
3327 3291 3658 3363 πανταχόθεν
3689 3292 3723 3342 ὀ
3753 3288 3845 3343 Λί-

2253 3390 2429 3454 ϐανος.
2467 3390 2715 3460 Δηλοῦσα
2744 3377 2834 3446 διὰ
2856 3389 2964 3443 τῶν
2993 3388 3322 3460 λεγομένων,
3351 3389 3434 3441 ὅτι
3466 3385 3618 3440 οὐδὲν
3645 3400 3842 3436 ταπει-

2253 3485 2340 3538 νδν
2373 3484 2466 3537 καὶ
2495 3483 2830 3554 χαμαίζηλον
2865 3482 3116 3538 συντελεῖ,
3136 3482 3270 3556 πρὸς
3296 3481 3394 3552 τὴν
3418 3477 3723 3548 εὐμορφίαν
3751 3475 3842 3532 τοῦ

2256 3575 2526 3644 σώματος,
2558 3573 2653 3627 saw
2685 3575 2758 3645 μή
2791 3591 2843 3627 τι
2870 3574 3010 3628 κατὰ
3036 3573 3136 3644 τὴν
3165 3573 3354 3644 κέδρον
3385 3569 3584 3640 ὑψηλὸν
3612 3569 3720 3638 εἴη,
3749 3568 3844 3621 καὶ

565 3670 797 3725 sublime
831 3671 904 3722 sit
938 3668 1114 3722 instar
1164 3667 1338 3733 cedri,
1399 3683 1459 3722 ac
1508 3667 1712 3722 vertice
1768 3684 1870 3723 suo
1925 3684 2144 3723 sursum

2258 3666 2393 3738 πρὸς
2410 3669 2478 3738 τῇ
2501 3669 2710 3737 κορυφῇ
2737 3666 3105 3736 ἐπειγόμενον.
3133 3664 3348 3719 Μᾶλλον
3368 3663 3424 3716 δὲ
3448 3662 3508 3715 τὸ
3535 3661 3843 3731 παρατεθὲν

565 3761 772 3816 tendat.
809 3758 997 3814 Satius
1029 3767 1212 3814 autem
1253 3758 1436 3822 fuerit,
1475 3766 1535 3812 ut
1569 3759 1704 3814 illud
1738 3760 1882 3829 quod
1909 3760 2148 3829 primum

568 3855 709 3908 inter
776 3853 1218 3922 comparationes
1270 3852 1508 3923 positum
1547 3860 1655 3916 est,
1715 3853 2148 3908 consideremus.

572 3945 782 4014 Species
821 3946 1012 4013 ipsius,
1049 3945 1247 4014 inquit,
1281 3954 1338 3997 ut
1401 3943 1596 4000 electus
1630 3943 1887 3999 Libanus.
1948 3943 2153 3999 Electio

568 4036 805 4106 alicujus
841 4036 917 4090 rei
961 4037 1037 4101 ﬁt,
1075 4051 1196 4089 cum
1245 4035 1405 4103 juxta
1463 4051 1584 4090 eam
1618 4036 1955 4090 contrarium
2021 4035 2151 4104 quid

569 4131 896 4185 eollocatur.
935 4127 1122 4196 Itaque
1150 4141 1276 4180 cum
1313 4141 1420 4180 una
1455 4126 1581 4181 boni
1611 4126 1903 4195 appellatio
1937 4125 2153 4182 diversa

573 4217 869 4290 signiﬁcet,
893 4231 958 4270 ac
989 4216 1151 4270 simul
1177 4216 1246 4271 de
1293 4232 1361 4270 eo
1425 4224 1743 4285 usurpctur,
1777 4216 1923 4286 quod
1968 4231 2153 4270 revera

476 4312 480 4319 ’
573 4311 778 4365 bonum
814 4315 917 4372 est,
946 4317 1000 4362 et
1030 4305 1175 4378 quod
1210 4308 1321 4363 tale
1355 4322 1464 4362 non
1495 4315 1601 4372 est,
1653 4307 1748 4364 sed
1784 4324 1879 4376 per
1907 4307 2152 4362 fraudem

571 4418 696 4459 esse
729 4418 786 4456 se
829 4401 1032 4456 bonum
1085 4399 1329 4464 simulat,
1385 4399 1550 4470 idque
1581 4399 1796 4455 videtur
1853 4399 2152 4468 essequod

574 4512 685 4552 non
721 4493 964 4564 estzqui
1015 4492 1070 4547 in
1131 4492 1259 4547 boni
1325 4491 1720 4562 dijudicationc
1776 4505 1884 4544 non
1927 4490 2152 4553 fallitur,

574 4588 723 4660 quod
774 4585 974 4642 eximie
1030 4585 1342 4654 selecteque
1396 4583 1600 4638 bonum
1659 4589 1762 4644 est,
1831 4589 2065 4636 etronco
2102 4589 2158 4633 et

545 4679 757 4734 'fallaoi
785 4694 892 4731 non
920 4675 1159 4747 praefert.
1197 4675 1563 4741 Quamobrem
1606 4690 1730 4729 eum
1769 4673 1873 4728 hoc
1906 4675 2026 4727 loco
2089 4673 2154 4726 ad

577 4771 812 4826 electum
849 4768 1116 4822 Libanum
1157 4766 1344 4836 Sponsi
1404 4765 1632 4821 fortnam
1666 4771 1970 4835 comparat,
2025 4779 2158 4817 con-

579 4869 843 4919 sentanea
881 4859 1092 4914 ratione
1131 4859 1428 4926 colligitur,
1458 4857 1667 4912 numeri
1696 4872 1796 4913 nos
1832 4867 1890 4911 ut
1921 4856 2158 4911 Libanos

577 4971 705 5013 esse
733 4954 874 5009 duos
908 4951 1302 5022 intelligamus,
1335 4951 1570 5004 alterum
1605 4950 1807 5004 malum
1838 4959 1891 5004 et
1908 4948 2160 5018 rejicien-

579 5049 733 5110 dum,
776 5046 868 5116 qui
911 5044 1136 5115 perinde
1167 5059 1232 5097 ac
1264 5043 1468 5098 vitulus
1512 5043 1602 5097 ille
1654 5041 2158 5112 (quemadmodum

582 5136 851 5206 Pr0plteta
883 5133 1186 5203 loquitur“8
1217 5134 1234 5202 )
1271 5147 1378 5187 una
1414 5147 1539 5187 cum
1581 5132 1763 5186 cedris
1797 5131 1914 5186 suis
1968 5138 2160 5184 eonte-

583 5229 789 5285 rendus
823 5233 909 5281 est
941 5244 952 5280 :
987 5226 1220 5279 alterum
1256 5224 1489 5278 electum
1533 5230 1588 5277 et
1637 5223 1962 5291 pretiosum,
1999 5221 2160 5290 cujus

581 5320 851 5393 elegantia
882 5319 1065 5373 divina
1101 5317 1278 5381 sit,.ct
1329 5313 1666 5382 majestatem
1720 5314 1990 5385 insignem
2053 5328 2162 5384 prae

584 5431 644 5469 se
674 5415 834 5468 ferat.
874 5410 952 5465 De
982 5411 1069 5464 bis
1112 5417 1295 5464 autem
1341 5407 1450 5462 tale
1484 5404 1746 5475 quiddam
1802 5407 2172 5477 percipimus:

585 5503 835 5574 Proprie,
875 5517 1022 5566 vere,
1062 5515 1130 5555 ac
1164 5491 1424 5571 primarie
1453 5513 1547 5553 rex
1583 5513 1727 5562 unus
1761 5505 1868 5559 est,
1926 5513 2022 5551 rex
2077 5497 2168 5550 ille

591 5610 771 5650 rerum
834 5594 1482 5648 omniumocreatarum.
1567 5588 1938 5644 Nihilominus
2002 5581 2194 5644 etiam'

591 5684 780 5738 mundi
812 5682 1098 5745 Dominus,
1135 5685 1226 5738 ille
1271 5684 1623 5737 tenebrarum
1687 5689 1889 5745 rector,
1956 5697 2163 5750 regium

595 5770 698 5825 sibi
758 5785 956 5822 nomen
1019 5777 1255 5841 arrogat.
1320 5771 1588 5842 Legiones
1650 5771 1970 5841 angelorum
2038 5779 2166 5823 sunt

2252 3761 2309 3813 ὲν
2365 3763 2478 3824 τοῖς
2530 3759 2842 3832 εἰρημένοις
2895 3757 3114 3828 πρῶτον
3163 3756 3604 3826 κατανοήσωμεν.
3656 3750 3843 3819 Εἶδος

2250 3853 2472 3918 αὑτοῦ,
2512 3852 2697 3922 φησὶν,
2741 3852 2822 3916 ὡς
2866 3851 3124 3916 Λίϐανος
3161 3848 3465 3910 ἐκλεκτός.
3511 3844 3746 3915 Ἐκλογὴ
3787 3843 3842 3897 δὲ

2253 3943 2454 4006 παντὸς
2485 3943 2808 4013 πράγματος
2832 3940 2920 3994 διὰ
2946 3941 3048 4010 τῆς
3081 3939 3173 3994 τοῦ
3201 3938 3444 3994 ἐναντίου
3487 3934 3844 4004 παραθέσεως

2250 4036 2477 4106 γίνεται.
2521 4036 2676 4092 Ἐπεὶ
2698 4030 2792 4089 οὖν
2814 4031 3103 4106 ὁμώνυμόν
3135 4033 3252 4085 ἐστι
3279 4031 3342 4084 τὸ
3368 4028 3566 4098 ἀγαθὸν
3587 4067 3602 4091 ,
3639 4026 3734 4079 ἐπί
3782 4043 3842 4080 τε

2250 4126 2352 4182 τοῦ
2375 4127 2542 4191 ὅντως
2584 4126 2736 4188 ὄντος
2762 4125 3027 4188 τοιούτου,
3059 4123 3152 4178 καὶ
3178 4123 3272 4180 ἐπὶ
3299 4121 3393 4178 τοῦ
3423 4120 3500 4193 μὴ
3534 4119 3686 4182 ὄντος
3721 4120 3842 4189 μὲν,

2253 4219 2682 4292 ὑποκρινομένου
2725 4219 2782 4272 δὲ
2820 4219 2886 4274 δι’
2921 4217 3158 4288 ἀπάτης,
3190 4217 3284 4270 καὶ
3315 4214 3594 4279 δοκοῦντος
3628 4210 3770 4270 εἶναι
3811 4213 3842 4266 ὅ

2251 4312 2353 4365 οὐκ
2382 4309 2528 4366 ἐστιν
2553 4327 2568 4340 ⁸
2599 4312 2626 4363 ὁ
2669 4310 2743 4380 μὴ
2771 4307 3090 4380 διαμαρτὼν
3117 4309 3214 4378 τῆς
3250 4305 3344 4359 τοῦ
3387 4303 3548 4358 καλοῦ
3579 4302 3834 4373 κρίσεως,

2253 4402 2313 4456 τὸ
2367 4400 2750 4476 ἐξειλεγμένον-.
2793 4399 2995 4470 ἀγαθὸν
3051 4400 3172 4453 ἀντὶ
3229 4397 3324 4451 τδῦ
3375 4395 3726 4466 ἠπατημένον
3780 4397 3840 4448 οὐ.

2255 4495 2555 4566 προείλετο.
2595 4494 2746 4546 Ἐπεὶ
2784 4489 2877 4546 οὖν
2909 4490 3142 4549 ἐνταῦθα
3167 4489 3244 4560 τῷ
3272 4487 3511 4557 ἐκλεκτῷ
3541 4485 3758 4556 Λιϐάνῳ
3781 4488 3842 4539 τὰ

2255 4586 2394 4651 εἶδος
2421 4587 2514 4640 τοῦ
2542 4605 2600 4641 νβ.)
2611 4586 2781 4657 μφίουι
2807 4585 3155 4657 προσείκασε,
3187 4581 3279 4634 δύο
3307 4579 3449 4637 κατᾶ
3471 4579 3530 4631 τὸ
3552 4579 3838 4632 ἀκόλουθον

2257 4680 2526 4742 Λιῦἀνους
2562 4681 2597 4732 ὁ,
2636 4677 2793 4746 λόγος
2848 4679 2988 4730 νοεῖν
3040 4673 3392 4731 ὑποτίθεταισ
3450 4673 3547 4728 ἕνα
3604 4671 3702 4742 μὲν
3753 4671 3841 4722 τὸν

2257 4769 2490 4842 πονηρὸν
2523 4769 2618 4822 καὶ
2655 4767 2982 4838 ἀπόϐλητον,
3009 4764 3100 4819 τὴν
3133 4766 3221 4817 ἴσα
3248 4762 3326 4835 τῷ
3365 4762 3547 4836 μόσχῳ
3576 4761 3718 4814 κατά
3745 4761 3836 4829 τήν

2257 4861 2596 4934 προφητείαν
2630 4861 2766 4930 μετά
2793 4857 2901 4913 τῶν
2930 4857 3135 4928 κέδρων
3170 4855 3276 4908 τῶν
3305 4853 3389 4928 ἐφ’
3415 4851 3607 4913 ἑαυτοῦ
3641 4868 3835 4922 συντρι-

2263 4954 2509 5025 ϐόμενον,
2540 4951 2726 5022 ἕτερον
2763 4949 2823 5006 δὲ
2847 4949 2939 5002 τὸν
2977 4947 3230 5002 ἐκλεκτόν
3261 4962 3320 5000 τε
3351 4944 3443 4998 καὶ
3468 4943 3665 5013 τίμιον,
3697 4937 3754 4996 οὗ
3783 4944 3839 4997 ab.

2193 5015 2237 5068 υ
2269 5045 2463 5108 κάλλος
2483 5042 2786 5114 θεοπρεπές
2814 5042 2927 5098 ἐστι
2968 5038 3060 5094 καὶ
3089 5035 3406 5092 θεοείκελον.
3435 5036 3507 5088 Τὸ
3535 5036 3591 5088 δὲ
3621 5035 3832 5104 νοούμε-

2269 5155 2357 5192 νον
2387 5135 2474 5190 διὰ
2502 5135 2610 5188 τῶν
2651 5133 2976 5205 εἰρημένων,
3005 5130 3241 5188 τοιοῦτον
3278 5131 3449 5182 ἐστιν·
3479 5121 3570 5191 lii;
3597 5127 3833 5200 βασιλεὺς

2269 5228 2472 5300 κυρίως
2504 5243 2564 5280 τε
2595 5225 2688 5278 καὶ
2730 5221 2998 5294 ἀληθινῶς
3032 5221 3127 5274 καὶ
3161 5219 3390 5291 πρώτως
3426 5219 3594 5280 ἐστὶν,
3636 5219 3664 5272 ὁ
3696 5218 3833 5287 βασι-

2268 5319 2392 5382 λεὺς
2443 5317 2622 5387 πάσης
2654 5316 2754 5383 τῆς
2785 5314 3036 5381 κτίσεως.
3090 5311 3228 5364 Ἀλλ’
3263 5312 3412 5380 ὅμως
3458 5310 3550 5364 καὶ
3590 5311 3620 5362 ὁ
3650 5326 3834 5378 κοσμο-

2269 5411 2491 5482 κράτωρ
2530 5409 2624 5462 τοῦ
2669 5408 2894 5470 σκότους
2933 5405 3186 5477 σεμνύνει
3216 5404 3409 5462 ἑαυτὸν.
3449 5401 3526 5474 τῷ
3563 5403 3660 5473 τῆς
3690 5402 3827 5472 βασι-

2265 5501 2414 5566 λείας
2444 5501 2688 5572 ὀνόματι.
2731 5496 3009 5566 Δεγεῶνες
3044 5497 3288 5565 ἀγγέλων
3317 5495 3468 5566 παρὰ
3503 5493 3581 5564 τῷ
3612 5491 3832 5564 ἀληθινῷ

2270 5591 2498 5667 βασιλεῖ,
2527 5591 2623 5648 καὶ
2642 5588 2906 5659 λεγεῶνες
2929 5587 3197 5658 δαιμόνων
3223 5584 3372 5656 παρά
3396 5584 3474 5654 τῷ
3502 5583 3716 5655 ἄρχοντι
3743 5585 3828 5653 τῆς

2273 5683 2519 5751 ἐξουσίας
2544 5681 2636 5735 τοῦ
2675 5680 2922 5744 σκότους.
2969 5677 3158 5748 Ἀρχαῖν⁸
3182 5675 3275 5731 καὶ
3307 5674 3543 5741 ἐξουσίαι
3574 5673 3664 5727 καὶ
3690 5673 3828 5726 δυνάο

2279 5789 2396 5842 μεις
2437 5771 2541 5831 ὑπὸ
2569 5770 2659 5824 τὸν
2691 5769 2912 5840 βασιλέα
2943 5768 3051 5823 τῶν
3095 5765 3277 5838 βασιλε
3297 5765 3504 5830 ήντων,
3546 5765 3637 5822 καὶ
3656 5761 3827 5837 Κήριον

661 5878 705 5912 ⁸⁸
738 5878 760 5933 1
788 5875 1023 5936 Timeth.
1045 5896 1158 5947 ut,
1189 5881 1210 5938 l
1251 5898 1372 5959 sqq.
1452 5883 1493 5915 "
1529 5881 1804 5945 ITimoth.
1837 5899 1920 5956 tu,
1953 5883 2036 5943 l3.
2117 5884 2147 5915 3‘-

2250 5883 2334 5943 lal.
2363 5900 2550 5952 nim,
2582 5882 2632 5951 3,
2669 5884 2721 5946 ii.
