  <div class='ocr_page' id='page_1' title='image "/cluster/home/n/w/nwhite01/storage/ocr_20150623/44:no.1/coo.31924054869445/548.png"; bbox 0 0 4018 6374; ppageno 0'>
   <div class='ocr_carea' id='block_1_1' title="bbox 348 400 487 460">
    <p class='ocr_par' dir='ltr' id='par_1_1' title="bbox 348 400 487 460">
     <span class='ocr_line' id='line_1_1' title="bbox 348 400 487 460; baseline -0.014 -1"><span class='ocrx_word' id='word_1_1' title='bbox 348 400 487 460; x_wconf 69' lang='grc'><strong>1381</strong></span> 
     </span>
    </p>
   </div>
   <div class='ocr_carea' id='block_1_2' title="bbox 1356 405 2578 472">
    <p class='ocr_par' dir='ltr' id='par_1_2' title="bbox 1356 405 2578 472">
     <span class='ocr_line' id='line_1_2' title="bbox 1356 405 2578 472; baseline 0.005 -11"><span class='ocrx_word' id='word_1_2' title='bbox 1356 405 1424 462; x_wconf 82' lang='lat' dir='ltr'><strong>IN</strong></span> <span class='ocrx_word' id='word_1_3' title='bbox 1464 406 1759 466; x_wconf 75' lang='lat' dir='ltr'><strong>CANTICA</strong></span> <span class='ocrx_word' id='word_1_4' title='bbox 1797 409 2072 472; x_wconf 73' lang='lat' dir='ltr'><strong>CANTIC.</strong></span> <span class='ocrx_word' id='word_1_5' title='bbox 2113 412 2399 471; x_wconf 78' lang='lat' dir='ltr'><strong>HOMILIA</strong></span> <span class='ocrx_word' id='word_1_6' title='bbox 2441 412 2578 468; x_wconf 72' lang='lat' dir='ltr'><strong>XIV.</strong></span> 
     </span>
    </p>
   </div>
   <div class='ocr_carea' id='block_1_3' title="bbox 3481 409 3630 466">
    <p class='ocr_par' dir='ltr' id='par_1_3' title="bbox 3481 409 3630 466">
     <span class='ocr_line' id='line_1_3' title="bbox 3481 409 3630 466; baseline 0 -3"><span class='ocrx_word' id='word_1_7' title='bbox 3481 409 3630 466; x_wconf 68' lang='lat'><strong>1083-</strong></span> 
     </span>
    </p>
   </div>
   <div class='ocr_carea' id='block_1_4' title="bbox 342 511 1929 601">
    <p class='ocr_par' dir='ltr' id='par_1_4' title="bbox 342 511 1929 596">
     <span class='ocr_line' id='line_1_4' title="bbox 342 511 1929 596; baseline 0.004 -24"><span class='ocrx_word' id='word_1_8' title='bbox 342 516 460 572; x_wconf 75' lang='grc' dir='ltr'>τῶν</span> <span class='ocrx_word' id='word_1_9' title='bbox 487 511 878 589; x_wconf 79' lang='grc' dir='ltr'>κυριευόντώνο</span> <span class='ocrx_word' id='word_1_10' title='bbox 906 518 1018 590; x_wconf 72' lang='grc' dir='ltr'>ἔχει</span> <span class='ocrx_word' id='word_1_11' title='bbox 1053 517 1323 584; x_wconf 70' lang='grc' dir='ltr'>κάκεῖνος,</span> <span class='ocrx_word' id='word_1_12' title='bbox 1358 521 1499 576; x_wconf 72' lang='grc' dir='ltr'>κατὰ</span> <span class='ocrx_word' id='word_1_13' title='bbox 1539 522 1639 596; x_wconf 81' lang='grc' dir='ltr'>τὴν</span> <span class='ocrx_word' id='word_1_14' title='bbox 1678 524 1929 578; x_wconf 81' lang='grc' dir='ltr'>’Λποστό-</span> 
     </span>
    </p>
   </div>
   <div class='ocr_carea' id='block_1_5' title="bbox 2035 511 3628 601">
    <p class='ocr_par' dir='ltr' id='par_1_5' title="bbox 2038 523 3628 598">
     <span class='ocr_line' id='line_1_5' title="bbox 2038 523 3628 598; baseline -0.001 -18"><span class='ocrx_word' id='word_1_15' title='bbox 2038 527 2179 598; x_wconf 89' lang='lat' dir='ltr'><strong>apud</strong></span> <span class='ocrx_word' id='word_1_16' title='bbox 2210 543 2399 583; x_wconf 86' lang='lat' dir='ltr'><strong>verum</strong></span> <span class='ocrx_word' id='word_1_17' title='bbox 2429 541 2610 596; x_wconf 80' lang='lat' dir='ltr'><strong>regem</strong></span> <span class='ocrx_word' id='word_1_18' title='bbox 2646 543 2662 593; x_wconf 85' lang='lat'><strong>;</strong></span> <span class='ocrx_word' id='word_1_19' title='bbox 2714 534 2770 580; x_wconf 85' lang='lat' dir='ltr'><strong>et</strong></span> <span class='ocrx_word' id='word_1_20' title='bbox 2826 526 3134 582; x_wconf 64' lang='lat' dir='ltr'><strong>daemonum</strong></span> <span class='ocrx_word' id='word_1_21' title='bbox 3197 523 3445 594; x_wconf 81' lang='lat' dir='ltr'><strong>legiones</strong></span> <span class='ocrx_word' id='word_1_22' title='bbox 3475 527 3628 594; x_wconf 72' lang='lat' dir='ltr'><strong>apud:</strong></span> 
     </span>
    </p>
   </div>
   <div class='ocr_carea' id='block_1_6' title="bbox 342 607 1927 687">
    <p class='ocr_par' dir='ltr' id='par_1_6' title="bbox 342 607 1927 687">
     <span class='ocr_line' id='line_1_6' title="bbox 342 607 1927 687; baseline 0.007 -27"><span class='ocrx_word' id='word_1_23' title='bbox 342 607 444 662; x_wconf 83' lang='grc' dir='ltr'><strong>λου</strong></span> <span class='ocrx_word' id='word_1_24' title='bbox 489 608 694 681; x_wconf 77' lang='grc' dir='ltr'>φωνὴν,</span> <span class='ocrx_word' id='word_1_25' title='bbox 737 610 914 682; x_wconf 85' lang='grc' dir='ltr'>ἀρχάς</span> <span class='ocrx_word' id='word_1_26' title='bbox 943 628 1006 665; x_wconf 87' lang='grc' dir='ltr'><strong>τε</strong></span> <span class='ocrx_word' id='word_1_27' title='bbox 1046 611 1142 666; x_wconf 78' lang='grc' dir='ltr'>καὶ</span> <span class='ocrx_word' id='word_1_28' title='bbox 1173 613 1451 678; x_wconf 69' lang='grc' dir='ltr'>ἐξουσίας,</span> <span class='ocrx_word' id='word_1_29' title='bbox 1493 617 1589 668; x_wconf 73' lang='grc' dir='ltr'>καὶ</span> <span class='ocrx_word' id='word_1_30' title='bbox 1635 616 1927 687; x_wconf 74' lang='grc' dir='ltr'>δυνάμεις,</span> 
     </span>
    </p>
   </div>
   <div class='ocr_carea' id='block_1_7' title="bbox 339 701 1927 781">
    <p class='ocr_par' dir='ltr' id='par_1_7' title="bbox 339 701 1927 781">
     <span class='ocr_line' id='line_1_7' title="bbox 339 701 1927 781; baseline 0.006 -29"><span class='ocrx_word' id='word_1_31' title='bbox 339 701 448 764; x_wconf 80' lang='grc' dir='ltr'>τὰς</span> <span class='ocrx_word' id='word_1_32' title='bbox 473 703 944 772; x_wconf 79' lang='grc' dir='ltr'>καταργουμένας,</span> <span class='ocrx_word' id='word_1_33' title='bbox 977 704 1107 758; x_wconf 81' lang='grc' dir='ltr'>ὅταν</span> <span class='ocrx_word' id='word_1_34' title='bbox 1146 704 1312 776; x_wconf 77' lang='grc' dir='ltr'>μέλλῃ</span> <span class='ocrx_word' id='word_1_35' title='bbox 1347 705 1408 758; x_wconf 83' lang='grc' dir='ltr'>τὸ</span> <span class='ocrx_word' id='word_1_36' title='bbox 1449 707 1616 760; x_wconf 85' lang='grc' dir='ltr'>κακὸν</span> <span class='ocrx_word' id='word_1_37' title='bbox 1654 710 1733 771; x_wconf 88' lang='grc' dir='ltr'><strong>είς</strong></span> <span class='ocrx_word' id='word_1_38' title='bbox 1759 709 1821 762; x_wconf 85' lang='grc' dir='ltr'>τὸ</span> <span class='ocrx_word' id='word_1_39' title='bbox 1853 710 1927 781; x_wconf 82' lang='grc' dir='ltr'><strong>μὴ</strong></span> 
     </span>
    </p>
   </div>
   <div class='ocr_carea' id='block_1_8' title="bbox 341 792 1930 870">
    <p class='ocr_par' dir='ltr' id='par_1_8' title="bbox 341 792 1930 870">
     <span class='ocr_line' id='line_1_8' title="bbox 341 792 1930 870; baseline 0.007 -25"><span class='ocrx_word' id='word_1_40' title='bbox 341 792 411 846; x_wconf 69' lang='grc' dir='ltr'>ὃν</span> <span class='ocrx_word' id='word_1_41' title='bbox 433 793 810 862; x_wconf 80' lang='grc' dir='ltr'>ἀφανίζεσθαι.</span> <span class='ocrx_word' id='word_1_42' title='bbox 848 795 1038 850; x_wconf 85' lang='grc' dir='ltr'><em>Ὅταν</em></span> <span class='ocrx_word' id='word_1_43' title='bbox 1071 796 1183 867; x_wconf 85' lang='grc' dir='ltr'>γὰρ</span> <span class='ocrx_word' id='word_1_44' title='bbox 1209 797 1558 868; x_wconf 77' lang='grc' dir='ltr'><strong>καταργήσῃ</strong></span> <span class='ocrx_word' id='word_1_45' title='bbox 1579 839 1594 862; x_wconf 92' lang='grc'><strong>,</strong></span> <span class='ocrx_word' id='word_1_46' title='bbox 1620 803 1774 870; x_wconf 79' lang='grc' dir='ltr'>φησὶ,</span> <span class='ocrx_word' id='word_1_47' title='bbox 1819 802 1930 857; x_wconf 83' lang='grc' dir='ltr'><strong>πᾶ-</strong></span> 
     </span>
    </p>
   </div>
   <div class='ocr_carea' id='block_1_9' title="bbox 339 884 1930 961">
    <p class='ocr_par' dir='ltr' id='par_1_9' title="bbox 339 884 1930 961">
     <span class='ocr_line' id='line_1_9' title="bbox 339 884 1930 961; baseline 0.006 -24"><span class='ocrx_word' id='word_1_48' title='bbox 339 897 473 938; x_wconf 77' lang='grc' dir='ltr'><strong>σαν</strong></span> <span class='ocrx_word' id='word_1_49' title='bbox 501 884 719 954; x_wconf 78' lang='grc' dir='ltr'>ἀρχὴν,</span> <span class='ocrx_word' id='word_1_50' title='bbox 742 885 840 940; x_wconf 76' lang='grc' dir='ltr'><strong>καί</strong></span> <span class='ocrx_word' id='word_1_51' title='bbox 861 887 1170 952; x_wconf 79' lang='grc' dir='ltr'><strong>ἐξουσίαν,</strong></span> <span class='ocrx_word' id='word_1_52' title='bbox 1197 889 1295 942; x_wconf 78' lang='grc' dir='ltr'>καὶ</span> <span class='ocrx_word' id='word_1_53' title='bbox 1325 889 1600 959; x_wconf 82' lang='grc' dir='ltr'>δύναμιν.</span> <span class='ocrx_word' id='word_1_54' title='bbox 1644 890 1768 944; x_wconf 76' lang='grc' dir='ltr'><strong>Ἐπὶ</strong></span> <span class='ocrx_word' id='word_1_55' title='bbox 1807 892 1930 961; x_wconf 87' lang='grc' dir='ltr'>θρό-</span> 
     </span>
    </p>
   </div>
   <div class='ocr_carea' id='block_1_10' title="bbox 340 975 1930 1055">
    <p class='ocr_par' dir='ltr' id='par_1_10' title="bbox 340 975 1930 1055">
     <span class='ocr_line' id='line_1_10' title="bbox 340 975 1930 1055; baseline 0.008 -27"><span class='ocrx_word' id='word_1_56' title='bbox 340 992 444 1029; x_wconf 74' lang='grc' dir='ltr'><strong>νου</strong></span> <span class='ocrx_word' id='word_1_57' title='bbox 477 975 670 1046; x_wconf 81' lang='grc' dir='ltr'>βλέπει</span> <span class='ocrx_word' id='word_1_58' title='bbox 692 978 721 1030; x_wconf 92' lang='lat'><strong>6</strong></span> <span class='ocrx_word' id='word_1_59' title='bbox 750 979 1033 1050; x_wconf 75' lang='grc' dir='ltr'><strong>προφήτης</strong></span> <span class='ocrx_word' id='word_1_60' title='bbox 1064 980 1155 1032; x_wconf 83' lang='grc' dir='ltr'><strong>τὸν</strong></span> <span class='ocrx_word' id='word_1_61' title='bbox 1186 979 1408 1050; x_wconf 76' lang='grc' dir='ltr'><strong>βασιλέα</strong></span> <span class='ocrx_word' id='word_1_62' title='bbox 1437 982 1535 1050; x_wconf 81' lang='grc' dir='ltr'>τῆς</span> <span class='ocrx_word' id='word_1_63' title='bbox 1571 980 1729 1054; x_wconf 79' lang='grc' dir='ltr'>δόξης</span> <span class='ocrx_word' id='word_1_64' title='bbox 1761 983 1930 1055; x_wconf 79' lang='grc' dir='ltr'>καθή-</span> 
     </span>
    </p>
   </div>
   <div class='ocr_carea' id='block_1_11' title="bbox 344 1067 1931 1144">
    <p class='ocr_par' dir='ltr' id='par_1_11' title="bbox 344 1067 1931 1144">
     <span class='ocr_line' id='line_1_11' title="bbox 344 1067 1931 1144; baseline 0.008 -26"><span class='ocrx_word' id='word_1_65' title='bbox 344 1082 535 1136; x_wconf 80' lang='grc' dir='ltr'>μενον,</span> <span class='ocrx_word' id='word_1_66' title='bbox 567 1068 652 1137; x_wconf 82' lang='grc' dir='ltr'><strong>ἐφ’</strong></span> <span class='ocrx_word' id='word_1_67' title='bbox 679 1067 888 1140; x_wconf 74' lang='grc' dir='ltr'>ὑψηλοῦ</span> <span class='ocrx_word' id='word_1_68' title='bbox 915 1089 974 1124; x_wconf 89' lang='grc' dir='ltr'><strong>τε</strong></span> <span class='ocrx_word' id='word_1_69' title='bbox 997 1073 1092 1126; x_wconf 78' lang='grc' dir='ltr'>καὶ</span> <span class='ocrx_word' id='word_1_70' title='bbox 1119 1073 1452 1143; x_wconf 75' lang='grc' dir='ltr'>ἐπηρμένου,</span> <span class='ocrx_word' id='word_1_71' title='bbox 1483 1074 1731 1138; x_wconf 83' lang='grc' dir='ltr'>κάκεῖνος</span> <span class='ocrx_word' id='word_1_72' title='bbox 1756 1076 1931 1144; x_wconf 86' lang='grc' dir='ltr'>ἐπαγ-</span> 
     </span>
    </p>
   </div>
   <div class='ocr_carea' id='block_1_12' title="bbox 340 1164 1927 1244">
    <p class='ocr_par' dir='ltr' id='par_1_12' title="bbox 340 1164 1927 1244">
     <span class='ocr_line' id='line_1_12' title="bbox 340 1164 1927 1244; baseline 0.005 -26"><span class='ocrx_word' id='word_1_73' title='bbox 340 1164 596 1232; x_wconf 76' lang='grc' dir='ltr'>γέλλεται</span> <span class='ocrx_word' id='word_1_74' title='bbox 631 1167 820 1238; x_wconf 84' lang='grc' dir='ltr'><strong>θήσειν</strong></span> <span class='ocrx_word' id='word_1_75' title='bbox 845 1169 1030 1224; x_wconf 78' lang='grc' dir='ltr'>ἐπάνω</span> <span class='ocrx_word' id='word_1_76' title='bbox 1052 1170 1162 1222; x_wconf 84' lang='grc' dir='ltr'>τῶν</span> <span class='ocrx_word' id='word_1_77' title='bbox 1193 1171 1408 1241; x_wconf 77' lang='grc' dir='ltr'>ἄστρων</span> <span class='ocrx_word' id='word_1_78' title='bbox 1435 1171 1528 1224; x_wconf 75' lang='grc' dir='ltr'>τὸν</span> <span class='ocrx_word' id='word_1_79' title='bbox 1557 1172 1686 1226; x_wconf 82' lang='grc' dir='ltr'>ἴδιον</span> <span class='ocrx_word' id='word_1_80' title='bbox 1719 1172 1927 1244; x_wconf 85' lang='grc' dir='ltr'><strong>θρόνον,</strong></span> 
     </span>
    </p>
   </div>
   <div class='ocr_carea' id='block_1_13' title="bbox 340 1252 1927 1336">
    <p class='ocr_par' dir='ltr' id='par_1_13' title="bbox 340 1252 1927 1336">
     <span class='ocr_line' id='line_1_13' title="bbox 340 1252 1927 1336; baseline 0.006 -27"><span class='ocrx_word' id='word_1_81' title='bbox 340 1254 494 1310; x_wconf 79' lang='grc' dir='ltr'>ὥστε</span> <span class='ocrx_word' id='word_1_82' title='bbox 512 1252 650 1312; x_wconf 76' lang='grc' dir='ltr'>εἶναι</span> <span class='ocrx_word' id='word_1_83' title='bbox 687 1261 871 1330; x_wconf 84' lang='grc' dir='ltr'>ὅμοιον</span> <span class='ocrx_word' id='word_1_84' title='bbox 900 1261 983 1332; x_wconf 78' lang='grc' dir='ltr'>τῷ</span> <span class='ocrx_word' id='word_1_85' title='bbox 1006 1261 1262 1331; x_wconf 75' lang='grc' dir='ltr'>’Υψίστῳ.</span> <span class='ocrx_word' id='word_1_86' title='bbox 1305 1262 1478 1334; x_wconf 83' lang='grc' dir='ltr'>Σκεύη</span> <span class='ocrx_word' id='word_1_87' title='bbox 1516 1263 1744 1334; x_wconf 76' lang='grc' dir='ltr'><strong>ἐκλογῆς</strong></span> <span class='ocrx_word' id='word_1_88' title='bbox 1772 1267 1828 1318; x_wconf 79' lang='grc' dir='ltr'><strong>ὲν</strong></span> <span class='ocrx_word' id='word_1_89' title='bbox 1861 1267 1927 1336; x_wconf 82' lang='grc' dir='ltr'>τῇ</span> 
     </span>
    </p>
   </div>
   <div class='ocr_carea' id='block_1_14' title="bbox 343 1345 1929 1423">
    <p class='ocr_par' dir='ltr' id='par_1_14' title="bbox 343 1345 1929 1423">
     <span class='ocr_line' id='line_1_14' title="bbox 343 1345 1929 1423; baseline 0.006 -26"><span class='ocrx_word' id='word_1_90' title='bbox 343 1345 566 1420; x_wconf 76' lang='grc' dir='ltr'>μεγάλῃ</span> <span class='ocrx_word' id='word_1_91' title='bbox 604 1347 800 1402; x_wconf 81' lang='grc' dir='ltr'>ἑαυτοῦ</span> <span class='ocrx_word' id='word_1_92' title='bbox 834 1350 980 1421; x_wconf 78' lang='grc' dir='ltr'>οἰκίᾳ</span> <span class='ocrx_word' id='word_1_93' title='bbox 1024 1353 1052 1404; x_wconf 80' lang='lat'><strong>6</strong></span> <span class='ocrx_word' id='word_1_94' title='bbox 1096 1350 1193 1404; x_wconf 81' lang='grc' dir='ltr'><strong>τοῦ</strong></span> <span class='ocrx_word' id='word_1_95' title='bbox 1232 1351 1432 1414; x_wconf 78' lang='grc' dir='ltr'>παντὸς</span> <span class='ocrx_word' id='word_1_96' title='bbox 1469 1351 1583 1422; x_wconf 76' lang='grc' dir='ltr'>ἔχει</span> <span class='ocrx_word' id='word_1_97' title='bbox 1631 1353 1929 1423; x_wconf 84' lang='grc' dir='ltr'>Δεσπότης,</span> 
     </span>
    </p>
   </div>
   <div class='ocr_carea' id='block_1_15' title="bbox 341 1435 1930 1512">
    <p class='ocr_par' dir='ltr' id='par_1_15' title="bbox 341 1435 1930 1512">
     <span class='ocr_line' id='line_1_15' title="bbox 341 1435 1930 1512; baseline 0.004 -25"><span class='ocrx_word' id='word_1_98' title='bbox 341 1435 464 1506; x_wconf 76' lang='grc' dir='ltr'>ἔχει</span> <span class='ocrx_word' id='word_1_99' title='bbox 497 1437 748 1500; x_wconf 75' lang='grc' dir='ltr'>κάκεξνος</span> <span class='ocrx_word' id='word_1_100' title='bbox 792 1437 960 1509; x_wconf 81' lang='grc' dir='ltr'>σκεύη</span> <span class='ocrx_word' id='word_1_101' title='bbox 999 1441 1171 1511; x_wconf 85' lang='grc' dir='ltr'>ὀργῆς</span> <span class='ocrx_word' id='word_1_102' title='bbox 1215 1442 1622 1512; x_wconf 78' lang='grc' dir='ltr'><strong>κατηρτισμένα</strong></span> <span class='ocrx_word' id='word_1_103' title='bbox 1659 1445 1738 1506; x_wconf 91' lang='grc' dir='ltr'><strong>είς</strong></span> <span class='ocrx_word' id='word_1_104' title='bbox 1778 1441 1930 1496; x_wconf 85' lang='grc' dir='ltr'><strong>ἀπώ-</strong></span> 
     </span>
    </p>
   </div>
   <div class='ocr_carea' id='block_1_16' title="bbox 339 1524 1931 1602">
    <p class='ocr_par' dir='ltr' id='par_1_16' title="bbox 339 1524 1931 1602">
     <span class='ocr_line' id='line_1_16' title="bbox 339 1524 1931 1602; baseline 0.005 -26"><span class='ocrx_word' id='word_1_105' title='bbox 339 1524 518 1582; x_wconf 78' lang='grc' dir='ltr'>λειαν.</span> <span class='ocrx_word' id='word_1_106' title='bbox 547 1526 713 1580; x_wconf 86' lang='grc' dir='ltr'>Πάλιν</span> <span class='ocrx_word' id='word_1_107' title='bbox 749 1527 895 1600; x_wconf 72' lang='grc' dir='ltr'>ζωὴν</span> <span class='ocrx_word' id='word_1_108' title='bbox 933 1529 1027 1582; x_wconf 67' lang='grc' dir='ltr'>καὶ</span> <span class='ocrx_word' id='word_1_109' title='bbox 1072 1531 1293 1600; x_wconf 77' lang='grc' dir='ltr'>εἰρήνην</span> <span class='ocrx_word' id='word_1_110' title='bbox 1324 1531 1390 1584; x_wconf 84' lang='grc' dir='ltr'><strong>δι’</strong></span> <span class='ocrx_word' id='word_1_111' title='bbox 1421 1530 1664 1599; x_wconf 76' lang='grc' dir='ltr'>ἀγγέλων</span> <span class='ocrx_word' id='word_1_112' title='bbox 1706 1533 1931 1602; x_wconf 84' lang='grc' dir='ltr'>χορηγεί</span> 
     </span>
    </p>
   </div>
   <div class='ocr_carea' id='block_1_17' title="bbox 336 1618 1925 1692">
    <p class='ocr_par' dir='ltr' id='par_1_17' title="bbox 336 1618 1925 1692">
     <span class='ocr_line' id='line_1_17' title="bbox 336 1618 1925 1692; baseline 0.003 -22"><span class='ocrx_word' id='word_1_113' title='bbox 336 1621 460 1680; x_wconf 80' lang='grc' dir='ltr'>τοῖς</span> <span class='ocrx_word' id='word_1_114' title='bbox 491 1618 659 1682; x_wconf 78' lang='grc' dir='ltr'>ἀξίοις</span> <span class='ocrx_word' id='word_1_115' title='bbox 686 1620 714 1672; x_wconf 93' lang='lat'><strong>6</strong></span> <span class='ocrx_word' id='word_1_116' title='bbox 749 1619 858 1672; x_wconf 85' lang='grc' dir='ltr'>τῶν</span> <span class='ocrx_word' id='word_1_117' title='bbox 897 1620 1145 1688; x_wconf 77' lang='grc' dir='ltr'>ἀγγέλων</span> <span class='ocrx_word' id='word_1_118' title='bbox 1184 1619 1418 1690; x_wconf 79' lang='grc' dir='ltr'>Κύριος·</span> <span class='ocrx_word' id='word_1_119' title='bbox 1452 1622 1705 1684; x_wconf 84' lang='grc' dir='ltr'>κάκεῖνος</span> <span class='ocrx_word' id='word_1_120' title='bbox 1733 1621 1925 1692; x_wconf 72' lang='grc' dir='ltr'>θυμὸν,</span> 
     </span>
    </p>
   </div>
   <div class='ocr_carea' id='block_1_18' title="bbox 339 1710 1928 1781">
    <p class='ocr_par' dir='ltr' id='par_1_18' title="bbox 339 1710 1928 1781">
     <span class='ocr_line' id='line_1_18' title="bbox 339 1710 1928 1781; baseline 0.001 -16"><span class='ocrx_word' id='word_1_121' title='bbox 339 1711 445 1765; x_wconf 76' lang='grc' dir='ltr'>καὶ</span> <span class='ocrx_word' id='word_1_122' title='bbox 488 1710 677 1781; x_wconf 85' lang='grc' dir='ltr'>ὀργὴν,</span> <span class='ocrx_word' id='word_1_123' title='bbox 720 1711 813 1764; x_wconf 73' lang='grc' dir='ltr'>καὶ</span> <span class='ocrx_word' id='word_1_124' title='bbox 856 1711 1034 1780; x_wconf 77' lang='grc' dir='ltr'>θλίψιν</span> <span class='ocrx_word' id='word_1_125' title='bbox 1071 1711 1385 1764; x_wconf 79' lang='grc' dir='ltr'>ἀποστέλλει</span> <span class='ocrx_word' id='word_1_126' title='bbox 1422 1711 1512 1764; x_wconf 73' lang='grc' dir='ltr'>διὰ</span> <span class='ocrx_word' id='word_1_127' title='bbox 1535 1711 1644 1766; x_wconf 86' lang='grc' dir='ltr'>τῶν</span> <span class='ocrx_word' id='word_1_128' title='bbox 1684 1713 1928 1780; x_wconf 77' lang='grc' dir='ltr'>ἀγγέλων</span> 
     </span>
    </p>
   </div>
   <div class='ocr_carea' id='block_1_19' title="bbox 283 1801 1924 1875">
    <p class='ocr_par' dir='ltr' id='par_1_19' title="bbox 283 1801 1924 1875">
     <span class='ocr_line' id='line_1_19' title="bbox 283 1801 1924 1875; baseline 0 -20"><span class='ocrx_word' id='word_1_129' title='bbox 283 1859 290 1864; x_wconf 93' lang='lat'><strong>_</strong></span> <span class='ocrx_word' id='word_1_130' title='bbox 336 1801 456 1855; x_wconf 83' lang='grc' dir='ltr'><strong>τῶν</strong></span> <span class='ocrx_word' id='word_1_131' title='bbox 499 1801 768 1873; x_wconf 84' lang='grc' dir='ltr'>πονηρῶν.</span> <span class='ocrx_word' id='word_1_132' title='bbox 812 1801 923 1856; x_wconf 77' lang='grc' dir='ltr'><strong>Καὶ</strong></span> <span class='ocrx_word' id='word_1_133' title='bbox 951 1801 1002 1855; x_wconf 90' lang='grc' dir='ltr'><strong>τί</strong></span> <span class='ocrx_word' id='word_1_134' title='bbox 1044 1802 1148 1875; x_wconf 76' lang='grc' dir='ltr'>χρὴ</span> <span class='ocrx_word' id='word_1_135' title='bbox 1193 1802 1263 1856; x_wconf 70' lang='grc' dir='ltr'>τὰ</span> <span class='ocrx_word' id='word_1_136' title='bbox 1299 1801 1419 1854; x_wconf 88' lang='grc' dir='ltr'>καθ’</span> <span class='ocrx_word' id='word_1_137' title='bbox 1460 1802 1687 1856; x_wconf 76' lang='grc' dir='ltr'>ἕκαστον</span> <span class='ocrx_word' id='word_1_138' title='bbox 1727 1803 1924 1872; x_wconf 83' lang='grc' dir='ltr'>λέγειν,</span> 
     </span>
    </p>
   </div>
   <div class='ocr_carea' id='block_1_20' title="bbox 2037 613 3627 688">
    <p class='ocr_par' dir='ltr' id='par_1_20' title="bbox 2037 613 3627 688">
     <span class='ocr_line' id='line_1_20' title="bbox 2037 613 3627 688; baseline -0.001 -18"><span class='ocrx_word' id='word_1_139' title='bbox 2037 618 2342 688; x_wconf 84' lang='lat' dir='ltr'><strong>principem</strong></span> <span class='ocrx_word' id='word_1_140' title='bbox 2397 615 2687 686; x_wconf 73' lang='lat' dir='ltr'><strong>potestatis</strong></span> <span class='ocrx_word' id='word_1_141' title='bbox 2727 615 3078 670; x_wconf 69' lang='lat' dir='ltr'><strong>tenebrarum</strong></span> <span class='ocrx_word' id='word_1_142' title='bbox 3107 617 3174 668; x_wconf 75' lang='grc'><strong>⁸⁸.</strong></span> <span class='ocrx_word' id='word_1_143' title='bbox 3242 613 3627 684; x_wconf 71' lang='lat' dir='ltr'><strong>Principatus,</strong></span> 
     </span>
    </p>
   </div>
   <div class='ocr_carea' id='block_1_21' title="bbox 2036 705 3627 779">
    <p class='ocr_par' dir='ltr' id='par_1_21' title="bbox 2036 705 3627 779">
     <span class='ocr_line' id='line_1_21' title="bbox 2036 705 3627 779; baseline 0 -17"><span class='ocrx_word' id='word_1_144' title='bbox 2036 717 2357 779; x_wconf 85' lang='lat' dir='ltr'><strong>potestates,</strong></span> <span class='ocrx_word' id='word_1_145' title='bbox 2385 709 2555 778; x_wconf 81' lang='lat' dir='ltr'><strong>c0pi:e</strong></span> <span class='ocrx_word' id='word_1_146' title='bbox 2588 707 2825 763; x_wconf 90' lang='lat' dir='ltr'><strong>subsunt</strong></span> <span class='ocrx_word' id='word_1_147' title='bbox 2855 706 2986 777; x_wconf 82' lang='lat' dir='ltr'><strong>Regi</strong></span> <span class='ocrx_word' id='word_1_148' title='bbox 3025 723 3235 776; x_wconf 86' lang='lat' dir='ltr'><strong>regum,</strong></span> <span class='ocrx_word' id='word_1_149' title='bbox 3281 713 3336 760; x_wconf 94' lang='lat' dir='ltr'><strong>ct</strong></span> <span class='ocrx_word' id='word_1_150' title='bbox 3378 705 3627 762; x_wconf 78' lang='lat' dir='ltr'><strong>Domino</strong></span> 
     </span>
    </p>
   </div>
   <div class='ocr_carea' id='block_1_22' title="bbox 2035 799 3616 868">
    <p class='ocr_par' dir='ltr' id='par_1_22' title="bbox 2035 799 3616 868">
     <span class='ocr_line' id='line_1_22' title="bbox 2035 799 3616 868; baseline -0.002 -13"><span class='ocrx_word' id='word_1_151' title='bbox 2035 801 2482 856; x_wconf 86' lang='lat' dir='ltr'><strong>dominatorum:</strong></span> <span class='ocrx_word' id='word_1_152' title='bbox 2546 801 2733 856; x_wconf 91' lang='lat' dir='ltr'><strong>itidem</strong></span> <span class='ocrx_word' id='word_1_153' title='bbox 2795 811 2851 856; x_wconf 91' lang='lat' dir='ltr'><strong>et</strong></span> <span class='ocrx_word' id='word_1_154' title='bbox 2911 801 3050 855; x_wconf 89' lang='lat' dir='ltr'><strong>alter</strong></span> <span class='ocrx_word' id='word_1_155' title='bbox 3105 799 3616 868; x_wconf 84' lang='lat' dir='ltr'><strong>(quemadmodum</strong></span> 
     </span>
    </p>
   </div>
   <div class='ocr_carea' id='block_1_23' title="bbox 2034 890 3623 961">
    <p class='ocr_par' dir='ltr' id='par_1_23' title="bbox 2034 890 3623 961">
     <span class='ocr_line' id='line_1_23' title="bbox 2034 890 3623 961; baseline -0.001 -17"><span class='ocrx_word' id='word_1_156' title='bbox 2034 891 2330 961; x_wconf 74' lang='lat' dir='ltr'><strong>Apostolus</strong></span> <span class='ocrx_word' id='word_1_157' title='bbox 2369 892 2487 960; x_wconf 86' lang='lat' dir='ltr'><strong>ait)</strong></span> <span class='ocrx_word' id='word_1_158' title='bbox 2529 891 2692 946; x_wconf 82' lang='lat' dir='ltr'><strong>habet</strong></span> <span class='ocrx_word' id='word_1_159' title='bbox 2723 891 2975 961; x_wconf 87' lang='lat' dir='ltr'><strong>imperia,</strong></span> <span class='ocrx_word' id='word_1_160' title='bbox 3030 897 3350 960; x_wconf 84' lang='lat' dir='ltr'><strong>potestates,</strong></span> <span class='ocrx_word' id='word_1_161' title='bbox 3400 890 3623 960; x_wconf 73' lang='lat' dir='ltr'><strong>cupias,</strong></span> 
     </span>
    </p>
   </div>
   <div class='ocr_carea' id='block_1_24' title="bbox 2035 980 3614 1055">
    <p class='ocr_par' dir='ltr' id='par_1_24' title="bbox 2035 980 3614 1055">
     <span class='ocr_line' id='line_1_24' title="bbox 2035 980 3614 1055; baseline -0.003 -19"><span class='ocrx_word' id='word_1_162' title='bbox 2035 998 2160 1052; x_wconf 64' lang='lat' dir='ltr'><strong>quae</strong></span> <span class='ocrx_word' id='word_1_163' title='bbox 2187 983 2622 1055; x_wconf 89' lang='lat' dir='ltr'><strong>abrogabnntur,</strong></span> <span class='ocrx_word' id='word_1_164' title='bbox 2658 997 2781 1036; x_wconf 87' lang='lat' dir='ltr'><strong>cum</strong></span> <span class='ocrx_word' id='word_1_165' title='bbox 2813 983 3014 1036; x_wconf 85' lang='lat' dir='ltr'><strong>malum</strong></span> <span class='ocrx_word' id='word_1_166' title='bbox 3047 982 3100 1035; x_wconf 93' lang='lat' dir='ltr'><strong>in</strong></span> <span class='ocrx_word' id='word_1_167' title='bbox 3137 981 3365 1035; x_wconf 84' lang='lat' dir='ltr'><strong>nihilum</strong></span> <span class='ocrx_word' id='word_1_168' title='bbox 3400 980 3614 1051; x_wconf 83' lang='lat' dir='ltr'><strong>redige-</strong></span> 
     </span>
    </p>
   </div>
   <div class='ocr_carea' id='block_1_25' title="bbox 2037 1067 3613 1140">
    <p class='ocr_par' dir='ltr' id='par_1_25' title="bbox 2037 1067 3613 1140">
     <span class='ocr_line' id='line_1_25' title="bbox 2037 1067 3613 1140; baseline -0.001 -16"><span class='ocrx_word' id='word_1_169' title='bbox 2037 1079 2144 1125; x_wconf 92' lang='lat' dir='ltr'><strong>tur.</strong></span> <span class='ocrx_word' id='word_1_170' title='bbox 2177 1071 2320 1125; x_wconf 89' lang='lat' dir='ltr'><strong>Sunt</strong></span> <span class='ocrx_word' id='word_1_171' title='bbox 2348 1071 2496 1126; x_wconf 83' lang='lat' dir='ltr'><strong>enim</strong></span> <span class='ocrx_word' id='word_1_172' title='bbox 2530 1070 2645 1124; x_wconf 70' lang='lat' dir='ltr'><strong>haec</strong></span> <span class='ocrx_word' id='word_1_173' title='bbox 2675 1070 2925 1140; x_wconf 76' lang='lat' dir='ltr'><strong>Apostoli</strong></span> <span class='ocrx_word' id='word_1_174' title='bbox 2962 1070 3126 1124; x_wconf 90' lang='lat' dir='ltr'><strong>verba</strong></span> <span class='ocrx_word' id='word_1_175' title='bbox 3157 1088 3170 1124; x_wconf 91' lang='lat'><strong>:</strong></span> <span class='ocrx_word' id='word_1_176' title='bbox 3209 1067 3344 1124; x_wconf 80' lang='lat' dir='ltr'><strong>Cum</strong></span> <span class='ocrx_word' id='word_1_177' title='bbox 3378 1068 3613 1123; x_wconf 70' lang='lat' dir='ltr'><strong>absolve-</strong></span> 
     </span>
    </p>
   </div>
   <div class='ocr_carea' id='block_1_26' title="bbox 2035 1161 3621 1229">
    <p class='ocr_par' dir='ltr' id='par_1_26' title="bbox 2035 1161 3621 1229">
     <span class='ocr_line' id='line_1_26' title="bbox 2035 1161 3621 1229; baseline -0.004 -15"><span class='ocrx_word' id='word_1_178' title='bbox 2035 1161 2106 1214; x_wconf 84' lang='lat' dir='ltr'><strong>rit</strong></span> <span class='ocrx_word' id='word_1_179' title='bbox 2171 1177 2374 1216; x_wconf 80' lang='lat' dir='ltr'><strong>omnem</strong></span> <span class='ocrx_word' id='word_1_180' title='bbox 2412 1161 2794 1229; x_wconf 84' lang='lat' dir='ltr'><strong>principatum,</strong></span> <span class='ocrx_word' id='word_1_181' title='bbox 2828 1170 2878 1214; x_wconf 83' lang='lat' dir='ltr'><strong>et</strong></span> <span class='ocrx_word' id='word_1_182' title='bbox 2933 1175 3140 1214; x_wconf 85' lang='lat' dir='ltr'><strong>onmem</strong></span> <span class='ocrx_word' id='word_1_183' title='bbox 3193 1169 3526 1228; x_wconf 70' lang='lat' dir='ltr'><strong>potestatem,</strong></span> <span class='ocrx_word' id='word_1_184' title='bbox 3560 1169 3621 1214; x_wconf 19' lang='lat' dir='ltr'><strong>et,</strong></span> 
     </span>
    </p>
   </div>
   <div class='ocr_carea' id='block_1_27' title="bbox 2035 1252 3609 1322">
    <p class='ocr_par' dir='ltr' id='par_1_27' title="bbox 2035 1252 3609 1322">
     <span class='ocr_line' id='line_1_27' title="bbox 2035 1252 3609 1322; baseline -0.002 -14"><span class='ocrx_word' id='word_1_185' title='bbox 2035 1269 2239 1308; x_wconf 84' lang='lat' dir='ltr'><strong>omnem</strong></span> <span class='ocrx_word' id='word_1_186' title='bbox 2263 1255 2512 1307; x_wconf 79' lang='lat' dir='ltr'><strong>virtutem</strong></span> <span class='ocrx_word' id='word_1_187' title='bbox 2539 1253 2607 1305; x_wconf 78' lang='lat'><strong>&#39;°.</strong></span> <span class='ocrx_word' id='word_1_188' title='bbox 2646 1252 2839 1308; x_wconf 81' lang='lat' dir='ltr'><strong>Cernit</strong></span> <span class='ocrx_word' id='word_1_189' title='bbox 2867 1253 3127 1322; x_wconf 83' lang='lat' dir='ltr'><strong>propheta</strong></span> <span class='ocrx_word' id='word_1_190' title='bbox 3185 1252 3278 1307; x_wconf 90' lang='lat' dir='ltr'><strong>ille</strong></span> <span class='ocrx_word' id='word_1_191' title='bbox 3331 1253 3609 1308; x_wconf 82' lang='lat' dir='ltr'><strong>sedentem</strong></span> 
     </span>
    </p>
   </div>
   <div class='ocr_carea' id='block_1_28' title="bbox 2035 1342 3611 1414">
    <p class='ocr_par' dir='ltr' id='par_1_28' title="bbox 2035 1342 3611 1414">
     <span class='ocr_line' id='line_1_28' title="bbox 2035 1342 3611 1414; baseline -0.003 -13"><span class='ocrx_word' id='word_1_192' title='bbox 2035 1344 2259 1401; x_wconf 82' lang='lat' dir='ltr'><strong>sublimi</strong></span> <span class='ocrx_word' id='word_1_193' title='bbox 2291 1361 2356 1400; x_wconf 85' lang='lat' dir='ltr'><strong>ac</strong></span> <span class='ocrx_word' id='word_1_194' title='bbox 2383 1347 2594 1399; x_wconf 85' lang='lat' dir='ltr'><strong>elevato</strong></span> <span class='ocrx_word' id='word_1_195' title='bbox 2627 1344 2683 1398; x_wconf 94' lang='lat' dir='ltr'><strong>in</strong></span> <span class='ocrx_word' id='word_1_196' title='bbox 2737 1342 2878 1398; x_wconf 91' lang='lat' dir='ltr'><strong>solio</strong></span> <span class='ocrx_word' id='word_1_197' title='bbox 2927 1358 3108 1413; x_wconf 83' lang='lat' dir='ltr'><strong>regem</strong></span> <span class='ocrx_word' id='word_1_198' title='bbox 3162 1343 3367 1414; x_wconf 66' lang='lat' dir='ltr'><strong>gloriae,</strong></span> <span class='ocrx_word' id='word_1_199' title='bbox 3427 1342 3611 1398; x_wconf 86' lang='lat' dir='ltr'><strong>itidem</strong></span> 
     </span>
    </p>
   </div>
   <div class='ocr_carea' id='block_1_29' title="bbox 2035 1435 3610 1506">
    <p class='ocr_par' dir='ltr' id='par_1_29' title="bbox 2035 1435 3610 1506">
     <span class='ocr_line' id='line_1_29' title="bbox 2035 1435 3610 1506; baseline -0.005 -13"><span class='ocrx_word' id='word_1_200' title='bbox 2035 1438 2126 1494; x_wconf 66' lang='lat' dir='ltr'><strong>ille</strong></span> <span class='ocrx_word' id='word_1_201' title='bbox 2159 1438 2360 1494; x_wconf 89' lang='lat' dir='ltr'><strong>solium</strong></span> <span class='ocrx_word' id='word_1_202' title='bbox 2416 1453 2576 1492; x_wconf 90' lang='lat' dir='ltr'><strong>suum</strong></span> <span class='ocrx_word' id='word_1_203' title='bbox 2637 1451 2807 1506; x_wconf 84' lang='lat' dir='ltr'><strong>supra</strong></span> <span class='ocrx_word' id='word_1_204' title='bbox 2856 1435 3038 1491; x_wconf 88' lang='lat' dir='ltr'><strong>sidera</strong></span> <span class='ocrx_word' id='word_1_205' title='bbox 3097 1450 3158 1490; x_wconf 87' lang='lat' dir='ltr'><strong>se</strong></span> <span class='ocrx_word' id='word_1_206' title='bbox 3205 1436 3610 1490; x_wconf 75' lang='lat' dir='ltr'><strong>collocuturum</strong></span> 
     </span>
    </p>
   </div>
   <div class='ocr_carea' id='block_1_30' title="bbox 2035 1525 3612 1600">
    <p class='ocr_par' dir='ltr' id='par_1_30' title="bbox 2035 1525 3612 1600">
     <span class='ocr_line' id='line_1_30' title="bbox 2035 1525 3612 1600; baseline -0.004 -16"><span class='ocrx_word' id='word_1_207' title='bbox 2035 1530 2343 1600; x_wconf 83' lang='lat' dir='ltr'><strong>proﬁtetur,</strong></span> <span class='ocrx_word' id='word_1_208' title='bbox 2382 1531 2456 1584; x_wconf 89' lang='lat' dir='ltr'><strong>ita</strong></span> <span class='ocrx_word' id='word_1_209' title='bbox 2485 1537 2544 1584; x_wconf 91' lang='lat' dir='ltr'><strong>ut</strong></span> <span class='ocrx_word' id='word_1_210' title='bbox 2573 1530 2859 1584; x_wconf 83' lang='lat' dir='ltr'><strong>Altissimo</strong></span> <span class='ocrx_word' id='word_1_211' title='bbox 2883 1529 2955 1582; x_wconf 91' lang='lat' dir='ltr'><strong>sit</strong></span> <span class='ocrx_word' id='word_1_212' title='bbox 2985 1527 3204 1583; x_wconf 88' lang='lat' dir='ltr'><strong>similis.</strong></span> <span class='ocrx_word' id='word_1_213' title='bbox 3234 1525 3407 1582; x_wconf 79' lang='lat' dir='ltr'><strong>Habet</strong></span> <span class='ocrx_word' id='word_1_214' title='bbox 3431 1525 3612 1596; x_wconf 86' lang='lat' dir='ltr'><strong>ampla</strong></span> 
     </span>
    </p>
   </div>
   <div class='ocr_carea' id='block_1_31' title="bbox 2035 1618 3610 1677">
    <p class='ocr_par' dir='ltr' id='par_1_31' title="bbox 2035 1618 3610 1677">
     <span class='ocr_line' id='line_1_31' title="bbox 2035 1618 3610 1677; baseline -0.004 0"><span class='ocrx_word' id='word_1_215' title='bbox 2035 1621 2091 1677; x_wconf 89' lang='lat' dir='ltr'><strong>in</strong></span> <span class='ocrx_word' id='word_1_216' title='bbox 2148 1621 2312 1676; x_wconf 91' lang='lat' dir='ltr'><strong>domo</strong></span> <span class='ocrx_word' id='word_1_217' title='bbox 2373 1636 2472 1676; x_wconf 86' lang='lat' dir='ltr'><strong>sua</strong></span> <span class='ocrx_word' id='word_1_218' title='bbox 2507 1620 2773 1675; x_wconf 88' lang='lat' dir='ltr'><strong>Dominus</strong></span> <span class='ocrx_word' id='word_1_219' title='bbox 2807 1619 3052 1674; x_wconf 87' lang='lat' dir='ltr'><strong>universi</strong></span> <span class='ocrx_word' id='word_1_220' title='bbox 3103 1634 3235 1674; x_wconf 89' lang='lat' dir='ltr'><strong>vasa</strong></span> <span class='ocrx_word' id='word_1_221' title='bbox 3281 1618 3610 1674; x_wconf 83' lang='lat' dir='ltr'><strong>electionis:</strong></span> 
     </span>
    </p>
   </div>
   <div class='ocr_carea' id='block_1_32' title="bbox 2034 1709 3610 1780">
    <p class='ocr_par' dir='ltr' id='par_1_32' title="bbox 2034 1709 3610 1780">
     <span class='ocr_line' id='line_1_32' title="bbox 2034 1709 3610 1780; baseline -0.005 -11"><span class='ocrx_word' id='word_1_222' title='bbox 2034 1713 2220 1769; x_wconf 89' lang='lat' dir='ltr'><strong>itidem</strong></span> <span class='ocrx_word' id='word_1_223' title='bbox 2254 1714 2502 1768; x_wconf 86' lang='lat' dir='ltr'><strong>ille&#39;vasa</strong></span> <span class='ocrx_word' id='word_1_224' title='bbox 2547 1713 2643 1767; x_wconf 73' lang='lat' dir='ltr'><strong>ira:</strong></span> <span class='ocrx_word' id='word_1_225' title='bbox 2702 1712 2892 1773; x_wconf 87' lang='lat' dir='ltr'><strong>habet,</strong></span> <span class='ocrx_word' id='word_1_226' title='bbox 2950 1720 3265 1780; x_wconf 88' lang='lat' dir='ltr'><strong>comparata</strong></span> <span class='ocrx_word' id='word_1_227' title='bbox 3323 1709 3392 1764; x_wconf 89' lang='lat' dir='ltr'><strong>ad</strong></span> <span class='ocrx_word' id='word_1_228' title='bbox 3421 1709 3610 1763; x_wconf 81' lang='lat' dir='ltr'><strong>interi-</strong></span> 
     </span>
    </p>
   </div>
   <div class='ocr_carea' id='block_1_33' title="bbox 2035 1801 3612 1874">
    <p class='ocr_par' dir='ltr' id='par_1_33' title="bbox 2035 1801 3612 1874">
     <span class='ocr_line' id='line_1_33' title="bbox 2035 1801 3612 1874; baseline -0.002 -15"><span class='ocrx_word' id='word_1_229' title='bbox 2035 1814 2147 1859; x_wconf 88' lang='lat' dir='ltr'><strong>tum</strong></span> <span class='ocrx_word' id='word_1_230' title='bbox 2170 1805 2236 1858; x_wconf 79' lang='lat'><strong>&quot;.</strong></span> <span class='ocrx_word' id='word_1_231' title='bbox 2260 1803 2529 1859; x_wconf 67' lang='lat' dir='ltr'><strong>Praeterea</strong></span> <span class='ocrx_word' id='word_1_232' title='bbox 2559 1804 2722 1857; x_wconf 88' lang='lat' dir='ltr'><strong>vitam</strong></span> <span class='ocrx_word' id='word_1_233' title='bbox 2742 1811 2795 1858; x_wconf 91' lang='lat' dir='ltr'><strong>et</strong></span> <span class='ocrx_word' id='word_1_234' title='bbox 2828 1818 3014 1874; x_wconf 88' lang='lat' dir='ltr'><strong>pacem</strong></span> <span class='ocrx_word' id='word_1_235' title='bbox 3049 1818 3144 1868; x_wconf 85' lang='lat' dir='ltr'><strong>per</strong></span> <span class='ocrx_word' id='word_1_236' title='bbox 3173 1802 3401 1873; x_wconf 78' lang='lat' dir='ltr'><strong>angelos</strong></span> <span class='ocrx_word' id='word_1_237' title='bbox 3428 1801 3612 1872; x_wconf 76' lang='lat' dir='ltr'><strong>dignis</strong></span> 
     </span>
    </p>
   </div>
   <div class='ocr_carea' id='block_1_34' title="bbox 335 1885 1929 1969">
    <p class='ocr_par' dir='ltr' id='par_1_34' title="bbox 335 1885 1929 1969">
     <span class='ocr_line' id='line_1_34' title="bbox 335 1885 1929 1969; baseline 0.004 -24"><span class='ocrx_word' id='word_1_238' title='bbox 335 1892 416 1945; x_wconf 83' lang='grc' dir='ltr'><strong>δι’</strong></span> <span class='ocrx_word' id='word_1_239' title='bbox 448 1885 522 1944; x_wconf 83' lang='grc' dir='ltr'><strong>ὧν</strong></span> <span class='ocrx_word' id='word_1_240' title='bbox 559 1893 701 1946; x_wconf 78' lang='grc' dir='ltr'>κατὰ</span> <span class='ocrx_word' id='word_1_241' title='bbox 731 1893 791 1946; x_wconf 85' lang='grc' dir='ltr'>τὸ</span> <span class='ocrx_word' id='word_1_242' title='bbox 823 1894 1060 1947; x_wconf 78' lang='grc' dir='ltr'>ἐναντίον</span> <span class='ocrx_word' id='word_1_243' title='bbox 1095 1895 1482 1967; x_wconf 81' lang='grc' dir='ltr'>ἀντεπαίρεται</span> <span class='ocrx_word' id='word_1_244' title='bbox 1523 1896 1661 1967; x_wconf 72' lang='grc' dir='ltr'>πρὸς</span> <span class='ocrx_word' id='word_1_245' title='bbox 1705 1897 1804 1969; x_wconf 81' lang='grc' dir='ltr'>τὴν</span> <span class='ocrx_word' id='word_1_246' title='bbox 1835 1897 1929 1951; x_wconf 89' lang='grc' dir='ltr'><strong>τοῦ</strong></span> 
     </span>
    </p>
   </div>
   <div class='ocr_carea' id='block_1_35' title="bbox 2035 1885 3612 1969">
    <p class='ocr_par' dir='ltr' id='par_1_35' title="bbox 2035 1888 3612 1964">
     <span class='ocr_line' id='line_1_35' title="bbox 2035 1888 3612 1964; baseline -0.004 -14"><span class='ocrx_word' id='word_1_247' title='bbox 2035 1893 2348 1964; x_wconf 87' lang='lat' dir='ltr'><strong>suppeditat</strong></span> <span class='ocrx_word' id='word_1_248' title='bbox 2381 1893 2702 1961; x_wconf 89' lang='lat' dir='ltr'><strong>angelorum</strong></span> <span class='ocrx_word' id='word_1_249' title='bbox 2740 1891 3050 1956; x_wconf 89' lang='lat' dir='ltr'><strong>Dominus;</strong></span> <span class='ocrx_word' id='word_1_250' title='bbox 3102 1890 3268 1945; x_wconf 89' lang='lat' dir='ltr'><strong>etiam</strong></span> <span class='ocrx_word' id='word_1_251' title='bbox 3319 1889 3409 1944; x_wconf 90' lang='lat' dir='ltr'><strong>ille</strong></span> <span class='ocrx_word' id='word_1_252' title='bbox 3459 1888 3612 1944; x_wconf 81' lang='lat' dir='ltr'><strong>furo-</strong></span> 
     </span>
    </p>
   </div>
   <div class='ocr_carea' id='block_1_36' title="bbox 336 1980 1234 2054">
    <p class='ocr_par' dir='ltr' id='par_1_36' title="bbox 336 1980 1234 2054">
     <span class='ocr_line' id='line_1_36' title="bbox 336 1980 1234 2054; baseline -0.02 -8"><span class='ocrx_word' id='word_1_253' title='bbox 336 1980 553 2047; x_wconf 78' lang='grc' dir='ltr'><strong>ἀγαοοῦ</strong></span> <span class='ocrx_word' id='word_1_254' title='bbox 587 1980 745 2050; x_wconf 81' lang='grc' dir='ltr'>φύσιν</span> <span class='ocrx_word' id='word_1_255' title='bbox 774 1984 803 2036; x_wconf 98' lang='lat'><strong>6</strong></span> <span class='ocrx_word' id='word_1_256' title='bbox 834 1983 1234 2054; x_wconf 78' lang='grc' dir='ltr'>ἀντικείμενος;</span> 
     </span>
    </p>
   </div>
   <div class='ocr_carea' id='block_1_37' title="bbox 2030 1981 3616 2052">
    <p class='ocr_par' dir='ltr' id='par_1_37' title="bbox 2030 1981 3616 2052">
     <span class='ocr_line' id='line_1_37' title="bbox 2030 1981 3616 2052; baseline -0.003 -12"><span class='ocrx_word' id='word_1_257' title='bbox 2030 2001 2166 2048; x_wconf 89' lang='lat' dir='ltr'><strong>rem,</strong></span> <span class='ocrx_word' id='word_1_258' title='bbox 2197 1995 2252 2040; x_wconf 91' lang='lat' dir='ltr'><strong>et</strong></span> <span class='ocrx_word' id='word_1_259' title='bbox 2281 1986 2512 2044; x_wconf 88' lang='lat' dir='ltr'><strong>iram.et</strong></span> <span class='ocrx_word' id='word_1_260' title='bbox 2544 1983 2897 2038; x_wconf 78' lang='lat' dir='ltr'><strong>alﬂictionem</strong></span> <span class='ocrx_word' id='word_1_261' title='bbox 2928 1997 3025 2052; x_wconf 90' lang='lat' dir='ltr'><strong>per</strong></span> <span class='ocrx_word' id='word_1_262' title='bbox 3056 1981 3355 2037; x_wconf 89' lang='lat' dir='ltr'><strong>sceleratos</strong></span> <span class='ocrx_word' id='word_1_263' title='bbox 3389 1981 3616 2052; x_wconf 78' lang='lat' dir='ltr'><strong>angelos</strong></span> 
     </span>
    </p>
   </div>
   <div class='ocr_carea' id='block_1_38' title="bbox 339 2074 3614 2152">
    <p class='ocr_par' dir='ltr' id='par_1_38' title="bbox 339 2074 3614 2152">
     <span class='ocr_line' id='line_1_38' title="bbox 339 2074 3614 2152; baseline 0.001 -24"><span class='ocrx_word' id='word_1_264' title='bbox 339 2074 590 2129; x_wconf 87' lang='lat' dir='ltr'><strong>immittit</strong></span> <span class='ocrx_word' id='word_1_265' title='bbox 621 2076 688 2133; x_wconf 82' lang='lat'><strong>&quot;.</strong></span> <span class='ocrx_word' id='word_1_266' title='bbox 714 2076 781 2130; x_wconf 90' lang='lat' dir='ltr'><strong>Et</strong></span> <span class='ocrx_word' id='word_1_267' title='bbox 817 2078 947 2148; x_wconf 91' lang='lat' dir='ltr'><strong>quid</strong></span> <span class='ocrx_word' id='word_1_268' title='bbox 977 2093 1114 2148; x_wconf 90' lang='lat' dir='ltr'><strong>opus</strong></span> <span class='ocrx_word' id='word_1_269' title='bbox 1159 2088 1244 2134; x_wconf 90' lang='lat' dir='ltr'><strong>est</strong></span> <span class='ocrx_word' id='word_1_270' title='bbox 1281 2081 1495 2152; x_wconf 81' lang='lat' dir='ltr'><strong>singula</strong></span> <span class='ocrx_word' id='word_1_271' title='bbox 1533 2097 1980 2148; x_wconf 84' lang='lat' dir='ltr'><strong>commemorare,</strong></span> <span class='ocrx_word' id='word_1_272' title='bbox 2042 2095 2134 2151; x_wconf 88' lang='lat' dir='ltr'><strong>per</strong></span> <span class='ocrx_word' id='word_1_273' title='bbox 2190 2095 2310 2152; x_wconf 70' lang='lat' dir='ltr'><strong>qua:</strong></span> <span class='ocrx_word' id='word_1_274' title='bbox 2357 2078 2704 2136; x_wconf 88' lang='lat' dir='ltr'><strong>adversarius</strong></span> <span class='ocrx_word' id='word_1_275' title='bbox 2754 2079 2844 2134; x_wconf 90' lang='lat' dir='ltr'><strong>ille</strong></span> <span class='ocrx_word' id='word_1_276' title='bbox 2897 2088 3088 2133; x_wconf 86' lang='lat' dir='ltr'><strong>contra</strong></span> <span class='ocrx_word' id='word_1_277' title='bbox 3138 2085 3389 2132; x_wconf 88' lang='lat' dir='ltr'><strong>naturam</strong></span> <span class='ocrx_word' id='word_1_278' title='bbox 3439 2076 3614 2146; x_wconf 85' lang='lat' dir='ltr'><strong>ipsius</strong></span> 
     </span>
    </p>
   </div>
   <div class='ocr_carea' id='block_1_39' title="bbox 336 2167 874 2240">
    <p class='ocr_par' dir='ltr' id='par_1_39' title="bbox 336 2167 874 2240">
     <span class='ocr_line' id='line_1_39' title="bbox 336 2167 874 2240; baseline 0 -16"><span class='ocrx_word' id='word_1_279' title='bbox 336 2167 476 2224; x_wconf 78' lang='lat' dir='ltr'><strong>boni</strong></span> <span class='ocrx_word' id='word_1_280' title='bbox 507 2183 629 2224; x_wconf 92' lang='lat' dir='ltr'><strong>sese</strong></span> <span class='ocrx_word' id='word_1_281' title='bbox 672 2170 830 2240; x_wconf 85' lang='lat' dir='ltr'><strong>erigit</strong></span> <span class='ocrx_word' id='word_1_282' title='bbox 850 2171 874 2224; x_wconf 69' lang='grc' dir='ltr'><strong><em>Ἰ</em></strong></span> 
     </span>
    </p>
   </div>
   <div class='ocr_carea' id='block_1_40' title="bbox 429 2256 1927 2339">
    <p class='ocr_par' dir='ltr' id='par_1_40' title="bbox 429 2256 1927 2339">
     <span class='ocr_line' id='line_1_40' title="bbox 429 2256 1927 2339; baseline 0.005 -25"><span class='ocrx_word' id='word_1_283' title='bbox 429 2261 582 2314; x_wconf 75' lang='grc' dir='ltr'>Ἐπεὶ</span> <span class='ocrx_word' id='word_1_284' title='bbox 607 2256 700 2314; x_wconf 85' lang='grc' dir='ltr'><strong>οῦν</strong></span> <span class='ocrx_word' id='word_1_285' title='bbox 731 2263 870 2316; x_wconf 71' lang='grc' dir='ltr'>κατὰ</span> <span class='ocrx_word' id='word_1_286' title='bbox 895 2264 956 2317; x_wconf 86' lang='grc' dir='ltr'>τὸ</span> <span class='ocrx_word' id='word_1_287' title='bbox 986 2265 1260 2337; x_wconf 83' lang='grc' dir='ltr'>αίσθητὸν,</span> <span class='ocrx_word' id='word_1_288' title='bbox 1290 2265 1584 2337; x_wconf 79' lang='grc' dir='ltr'>περιφανές</span> <span class='ocrx_word' id='word_1_289' title='bbox 1606 2267 1720 2320; x_wconf 86' lang='grc' dir='ltr'>ἐστι</span> <span class='ocrx_word' id='word_1_290' title='bbox 1747 2267 1927 2339; x_wconf 77' lang='grc' dir='ltr'>θέαμα</span> 
     </span>
    </p>
   </div>
   <div class='ocr_carea' id='block_1_41' title="bbox 333 2351 1928 2430">
    <p class='ocr_par' dir='ltr' id='par_1_41' title="bbox 333 2351 1928 2430">
     <span class='ocr_line' id='line_1_41' title="bbox 333 2351 1928 2430; baseline 0.006 -26"><span class='ocrx_word' id='word_1_291' title='bbox 333 2351 407 2406; x_wconf 77' lang='grc' dir='ltr'>τὸ</span> <span class='ocrx_word' id='word_1_292' title='bbox 434 2352 558 2423; x_wconf 80' lang='grc' dir='ltr'>ὅρος</span> <span class='ocrx_word' id='word_1_293' title='bbox 587 2354 617 2405; x_wconf 88' lang='lat'><strong>6</strong></span> <span class='ocrx_word' id='word_1_294' title='bbox 659 2353 890 2418; x_wconf 93' lang='grc' dir='ltr'>Λίϐανος</span> <span class='ocrx_word' id='word_1_295' title='bbox 924 2358 1261 2428; x_wconf 81' lang='grc' dir='ltr'><strong>πανταχόθεν</strong></span> <span class='ocrx_word' id='word_1_296' title='bbox 1291 2360 1411 2422; x_wconf 86' lang='grc' dir='ltr'>ταῖς</span> <span class='ocrx_word' id='word_1_297' title='bbox 1453 2358 1684 2427; x_wconf 78' lang='grc' dir='ltr'><strong>ὑψηλαῖς</strong></span> <span class='ocrx_word' id='word_1_298' title='bbox 1716 2360 1928 2430; x_wconf 83' lang='grc' dir='ltr'>κέδροις</span> 
     </span>
    </p>
   </div>
   <div class='ocr_carea' id='block_1_42' title="bbox 340 2443 1929 2517">
    <p class='ocr_par' dir='ltr' id='par_1_42' title="bbox 340 2443 1929 2517">
     <span class='ocr_line' id='line_1_42' title="bbox 340 2443 1929 2517; baseline 0.004 -23"><span class='ocrx_word' id='word_1_299' title='bbox 340 2443 657 2514; x_wconf 80' lang='grc' dir='ltr'>συνηρεφής</span> <span class='ocrx_word' id='word_1_300' title='bbox 693 2459 752 2495; x_wconf 90' lang='grc' dir='ltr'><strong>τε</strong></span> <span class='ocrx_word' id='word_1_301' title='bbox 806 2445 898 2497; x_wconf 78' lang='grc' dir='ltr'>καὶ</span> <span class='ocrx_word' id='word_1_302' title='bbox 941 2443 1145 2509; x_wconf 83' lang='grc' dir='ltr'>λάσιος,</span> <span class='ocrx_word' id='word_1_303' title='bbox 1193 2445 1382 2500; x_wconf 81' lang='grc' dir='ltr'>τούτου</span> <span class='ocrx_word' id='word_1_304' title='bbox 1428 2447 1591 2517; x_wconf 87' lang='grc' dir='ltr'>χάριν</span> <span class='ocrx_word' id='word_1_305' title='bbox 1645 2448 1781 2516; x_wconf 82' lang='grc' dir='ltr'>πρὸς</span> <span class='ocrx_word' id='word_1_306' title='bbox 1833 2447 1929 2512; x_wconf 61' lang='grc' dir='ltr'><strong>τὰς</strong></span> 
     </span>
    </p>
   </div>
   <div class='ocr_carea' id='block_1_43' title="bbox 337 2531 1928 2610">
    <p class='ocr_par' dir='ltr' id='par_1_43' title="bbox 337 2531 1928 2610">
     <span class='ocr_line' id='line_1_43' title="bbox 337 2531 1928 2610; baseline 0.007 -27"><span class='ocrx_word' id='word_1_307' title='bbox 337 2531 597 2596; x_wconf 74' lang='grc' dir='ltr'><strong>ἐναντίας</strong></span> <span class='ocrx_word' id='word_1_308' title='bbox 643 2534 872 2600; x_wconf 82' lang='grc' dir='ltr'>ἐννοίας,</span> <span class='ocrx_word' id='word_1_309' title='bbox 928 2535 1015 2589; x_wconf 74' lang='grc' dir='ltr'><strong>διὰ</strong></span> <span class='ocrx_word' id='word_1_310' title='bbox 1055 2535 1163 2589; x_wconf 85' lang='grc' dir='ltr'>τῶν</span> <span class='ocrx_word' id='word_1_311' title='bbox 1216 2537 1358 2590; x_wconf 74' lang='grc' dir='ltr'>κατὰ</span> <span class='ocrx_word' id='word_1_312' title='bbox 1417 2537 1478 2591; x_wconf 85' lang='grc' dir='ltr'>τὸ</span> <span class='ocrx_word' id='word_1_313' title='bbox 1534 2538 1928 2610; x_wconf 77' lang='grc' dir='ltr'><strong>ἐμφαινόμενον</strong></span> 
     </span>
    </p>
   </div>
   <div class='ocr_carea' id='block_1_44' title="bbox 338 2620 1926 2700">
    <p class='ocr_par' dir='ltr' id='par_1_44' title="bbox 338 2620 1926 2700">
     <span class='ocr_line' id='line_1_44' title="bbox 338 2620 1926 2700; baseline 0.005 -26"><span class='ocrx_word' id='word_1_314' title='bbox 338 2620 764 2692; x_wconf 76' lang='grc' dir='ltr'><strong>ὑποδειγμάτων</strong></span> <span class='ocrx_word' id='word_1_315' title='bbox 801 2624 905 2677; x_wconf 85' lang='grc' dir='ltr'><strong>ὑπὸ</strong></span> <span class='ocrx_word' id='word_1_316' title='bbox 941 2625 1040 2694; x_wconf 78' lang='grc' dir='ltr'>τῆς</span> <span class='ocrx_word' id='word_1_317' title='bbox 1079 2626 1301 2698; x_wconf 83' lang='grc' dir='ltr'>Γραφῆς</span> <span class='ocrx_word' id='word_1_318' title='bbox 1330 2627 1392 2679; x_wconf 74' lang='grc' dir='ltr'>τὸ</span> <span class='ocrx_word' id='word_1_319' title='bbox 1454 2629 1579 2700; x_wconf 78' lang='grc' dir='ltr'>ὅρος</span> <span class='ocrx_word' id='word_1_320' title='bbox 1623 2628 1926 2700; x_wconf 80' lang='grc' dir='ltr'><strong>μερίζεται,</strong></span> 
     </span>
    </p>
   </div>
   <div class='ocr_carea' id='block_1_45' title="bbox 337 2716 1929 2793">
    <p class='ocr_par' dir='ltr' id='par_1_45' title="bbox 337 2716 1929 2793">
     <span class='ocr_line' id='line_1_45' title="bbox 337 2716 1929 2793; baseline 0.005 -25"><span class='ocrx_word' id='word_1_321' title='bbox 337 2716 672 2786; x_wconf 82' lang='grc' dir='ltr'>προσφόρως</span> <span class='ocrx_word' id='word_1_322' title='bbox 703 2716 1112 2788; x_wconf 88' lang='grc' dir='ltr'>λαμϐανόμενον</span> <span class='ocrx_word' id='word_1_323' title='bbox 1159 2719 1279 2772; x_wconf 84' lang='grc' dir='ltr'>καθ’</span> <span class='ocrx_word' id='word_1_324' title='bbox 1307 2721 1584 2793; x_wconf 81' lang='grc' dir='ltr'>ἑκάτερον.</span> <span class='ocrx_word' id='word_1_325' title='bbox 1623 2724 1732 2776; x_wconf 70' lang='grc' dir='ltr'><strong>Καὶ</strong></span> <span class='ocrx_word' id='word_1_326' title='bbox 1758 2722 1929 2787; x_wconf 75' lang='grc' dir='ltr'>οὕτως</span> 
     </span>
    </p>
   </div>
   <div class='ocr_carea' id='block_1_46' title="bbox 339 2805 1928 2886">
    <p class='ocr_par' dir='ltr' id='par_1_46' title="bbox 339 2805 1928 2886">
     <span class='ocr_line' id='line_1_46' title="bbox 339 2805 1928 2886; baseline 0.006 -26"><span class='ocrx_word' id='word_1_327' title='bbox 339 2805 468 2860; x_wconf 79' lang='grc' dir='ltr'>εστι</span> <span class='ocrx_word' id='word_1_328' title='bbox 498 2808 650 2878; x_wconf 74' lang='grc' dir='ltr'>παρὰ.</span> <span class='ocrx_word' id='word_1_329' title='bbox 677 2811 788 2872; x_wconf 82' lang='grc' dir='ltr'>τοῖς</span> <span class='ocrx_word' id='word_1_330' title='bbox 817 2810 997 2874; x_wconf 77' lang='grc' dir='ltr'>αὐτοῖς</span> <span class='ocrx_word' id='word_1_331' title='bbox 1027 2813 1336 2883; x_wconf 77' lang='grc' dir='ltr'>προφήταις</span> <span class='ocrx_word' id='word_1_332' title='bbox 1363 2815 1490 2867; x_wconf 73' lang='grc' dir='ltr'>ἰδεῖν</span> <span class='ocrx_word' id='word_1_333' title='bbox 1521 2815 1581 2867; x_wconf 83' lang='grc' dir='ltr'>τὸ</span> <span class='ocrx_word' id='word_1_334' title='bbox 1604 2815 1734 2869; x_wconf 78' lang='grc' dir='ltr'>αὐτὸ</span> <span class='ocrx_word' id='word_1_335' title='bbox 1758 2815 1928 2886; x_wconf 78' lang='grc' dir='ltr'>ὄνομα</span> 
     </span>
    </p>
   </div>
   <div class='ocr_carea' id='block_1_47' title="bbox 336 2895 1928 2976">
    <p class='ocr_par' dir='ltr' id='par_1_47' title="bbox 336 2895 1928 2976">
     <span class='ocr_line' id='line_1_47' title="bbox 336 2895 1928 2976; baseline 0.006 -26"><span class='ocrx_word' id='word_1_336' title='bbox 336 2895 489 2950; x_wconf 80' lang='grc' dir='ltr'>κατὰ</span> <span class='ocrx_word' id='word_1_337' title='bbox 511 2898 608 2969; x_wconf 80' lang='grc' dir='ltr'>τὴν</span> <span class='ocrx_word' id='word_1_338' title='bbox 636 2899 744 2952; x_wconf 85' lang='grc' dir='ltr'><strong>τῶν</strong></span> <span class='ocrx_word' id='word_1_339' title='bbox 765 2901 1108 2972; x_wconf 76' lang='grc' dir='ltr'>δηλουμένων</span> <span class='ocrx_word' id='word_1_340' title='bbox 1127 2903 1410 2974; x_wconf 76' lang='grc' dir='ltr'>διαφορὰν,</span> <span class='ocrx_word' id='word_1_341' title='bbox 1434 2906 1840 2976; x_wconf 74' lang='grc' dir='ltr'>ἐπαινουμένων</span> <span class='ocrx_word' id='word_1_342' title='bbox 1866 2924 1928 2960; x_wconf 89' lang='grc' dir='ltr'><strong>τε</strong></span> 
     </span>
    </p>
   </div>
   <div class='ocr_carea' id='block_1_48' title="bbox 336 2983 1930 3068">
    <p class='ocr_par' dir='ltr' id='par_1_48' title="bbox 336 2983 1930 3068">
     <span class='ocr_line' id='line_1_48' title="bbox 336 2983 1930 3068; baseline 0.009 -32"><span class='ocrx_word' id='word_1_343' title='bbox 336 2983 442 3036; x_wconf 77' lang='grc' dir='ltr'>καὶ</span> <span class='ocrx_word' id='word_1_344' title='bbox 471 2985 862 3057; x_wconf 79' lang='grc' dir='ltr'>κακιζομὲνων.</span> <span class='ocrx_word' id='word_1_345' title='bbox 895 2990 1009 3044; x_wconf 85' lang='grc' dir='ltr'>Νῦν</span> <span class='ocrx_word' id='word_1_346' title='bbox 1041 2990 1138 3062; x_wconf 83' lang='grc' dir='ltr'><strong>μὲν</strong></span> <span class='ocrx_word' id='word_1_347' title='bbox 1159 2991 1266 3062; x_wconf 80' lang='grc' dir='ltr'><strong>γὰρ</strong></span> <span class='ocrx_word' id='word_1_348' title='bbox 1297 2993 1569 3064; x_wconf 88' lang='grc' dir='ltr'>συντρίϐει</span> <span class='ocrx_word' id='word_1_349' title='bbox 1597 2995 1797 3068; x_wconf 80' lang='grc' dir='ltr'>Κύριος</span> <span class='ocrx_word' id='word_1_350' title='bbox 1825 2996 1930 3060; x_wconf 77' lang='grc' dir='ltr'><strong>τὰς</strong></span> 
     </span>
    </p>
   </div>
   <div class='ocr_carea' id='block_1_49' title="bbox 337 3076 1926 3158">
    <p class='ocr_par' dir='ltr' id='par_1_49' title="bbox 337 3076 1926 3158">
     <span class='ocr_line' id='line_1_49' title="bbox 337 3076 1926 3158; baseline 0.008 -29"><span class='ocrx_word' id='word_1_351' title='bbox 337 3076 570 3149; x_wconf 75' lang='grc' dir='ltr'>κέδρους</span> <span class='ocrx_word' id='word_1_352' title='bbox 598 3079 691 3132; x_wconf 89' lang='grc' dir='ltr'><strong>τοῦ</strong></span> <span class='ocrx_word' id='word_1_353' title='bbox 725 3080 976 3147; x_wconf 84' lang='grc' dir='ltr'>Λιϐάνου,</span> <span class='ocrx_word' id='word_1_354' title='bbox 1008 3083 1101 3136; x_wconf 73' lang='grc' dir='ltr'>καὶ</span> <span class='ocrx_word' id='word_1_355' title='bbox 1127 3083 1244 3137; x_wconf 80' lang='grc' dir='ltr'>ὅλον</span> <span class='ocrx_word' id='word_1_356' title='bbox 1269 3083 1358 3136; x_wconf 76' lang='grc' dir='ltr'><strong>τὸν</strong></span> <span class='ocrx_word' id='word_1_357' title='bbox 1389 3085 1619 3139; x_wconf 90' lang='grc' dir='ltr'>Λίϐανον</span> <span class='ocrx_word' id='word_1_358' title='bbox 1655 3088 1791 3158; x_wconf 78' lang='grc' dir='ltr'>μετὰ</span> <span class='ocrx_word' id='word_1_359' title='bbox 1817 3087 1926 3142; x_wconf 86' lang='grc' dir='ltr'><strong>τῶν</strong></span> 
     </span>
    </p>
   </div>
   <div class='ocr_carea' id='block_1_50' title="bbox 335 3169 1927 3247">
    <p class='ocr_par' dir='ltr' id='par_1_50' title="bbox 335 3169 1927 3247">
     <span class='ocr_line' id='line_1_50' title="bbox 335 3169 1927 3247; baseline 0.008 -26"><span class='ocrx_word' id='word_1_360' title='bbox 335 3170 405 3222; x_wconf 70' lang='grc' dir='ltr'>ὲν</span> <span class='ocrx_word' id='word_1_361' title='bbox 441 3169 591 3240; x_wconf 77' lang='grc' dir='ltr'><strong>αὐτῷ</strong></span> <span class='ocrx_word' id='word_1_362' title='bbox 623 3171 829 3240; x_wconf 84' lang='grc' dir='ltr'>κέδρων</span> <span class='ocrx_word' id='word_1_363' title='bbox 860 3171 1130 3240; x_wconf 82' lang='grc' dir='ltr'>λεπτύνει,</span> <span class='ocrx_word' id='word_1_364' title='bbox 1164 3173 1286 3229; x_wconf 89' lang='grc' dir='ltr'>καθ’</span> <span class='ocrx_word' id='word_1_365' title='bbox 1320 3176 1611 3247; x_wconf 86' lang='grc' dir='ltr'>ὁμοιότητα</span> <span class='ocrx_word' id='word_1_366' title='bbox 1647 3177 1740 3231; x_wconf 91' lang='grc' dir='ltr'><strong>τοῦ</strong></span> <span class='ocrx_word' id='word_1_367' title='bbox 1773 3179 1927 3233; x_wconf 77' lang='grc' dir='ltr'>εἰδω-</span> 
     </span>
    </p>
   </div>
   <div class='ocr_carea' id='block_1_51' title="bbox 2092 2254 3614 2332">
    <p class='ocr_par' dir='ltr' id='par_1_51' title="bbox 2092 2254 3614 2332">
     <span class='ocr_line' id='line_1_51' title="bbox 2092 2254 3614 2332; baseline -0.006 -15"><span class='ocrx_word' id='word_1_368' title='bbox 2092 2263 2229 2318; x_wconf 87' lang='lat' dir='ltr'><strong>Cum</strong></span> <span class='ocrx_word' id='word_1_369' title='bbox 2267 2260 2434 2332; x_wconf 84' lang='lat' dir='ltr'><strong>igitur</strong></span> <span class='ocrx_word' id='word_1_370' title='bbox 2459 2259 2584 2330; x_wconf 83' lang='lat' dir='ltr'><strong>ejus</strong></span> <span class='ocrx_word' id='word_1_371' title='bbox 2611 2259 2844 2322; x_wconf 82' lang='lat' dir='ltr'><strong>ratione,</strong></span> <span class='ocrx_word' id='word_1_372' title='bbox 2875 2256 3020 2326; x_wconf 90' lang='lat' dir='ltr'><strong>quod</strong></span> <span class='ocrx_word' id='word_1_373' title='bbox 3059 2257 3163 2312; x_wconf 91' lang='lat' dir='ltr'><strong>sub</strong></span> <span class='ocrx_word' id='word_1_374' title='bbox 3199 2271 3398 2312; x_wconf 87' lang='lat' dir='ltr'><strong>sensus</strong></span> <span class='ocrx_word' id='word_1_375' title='bbox 3441 2254 3614 2322; x_wconf 83' lang='lat' dir='ltr'><strong>cadit,</strong></span> 
     </span>
    </p>
   </div>
   <div class='ocr_carea' id='block_1_52' title="bbox 2027 2345 3615 2423">
    <p class='ocr_par' dir='ltr' id='par_1_52' title="bbox 2027 2345 3615 2423">
     <span class='ocr_line' id='line_1_52' title="bbox 2027 2345 3615 2423; baseline -0.004 -15"><span class='ocrx_word' id='word_1_376' title='bbox 2027 2354 2246 2409; x_wconf 89' lang='lat' dir='ltr'><strong>illustre</strong></span> <span class='ocrx_word' id='word_1_377' title='bbox 2308 2352 2590 2423; x_wconf 81' lang='lat' dir='ltr'><strong>quoddam</strong></span> <span class='ocrx_word' id='word_1_378' title='bbox 2631 2350 3006 2421; x_wconf 71' lang='lat' dir='ltr'><strong>spectaculum</strong></span> <span class='ocrx_word' id='word_1_379' title='bbox 3044 2350 3118 2404; x_wconf 90' lang='lat' dir='ltr'><strong>sit</strong></span> <span class='ocrx_word' id='word_1_380' title='bbox 3173 2363 3330 2403; x_wconf 88' lang='lat' dir='ltr'><strong>mons</strong></span> <span class='ocrx_word' id='word_1_381' title='bbox 3373 2345 3615 2402; x_wconf 85' lang='lat' dir='ltr'><strong>Libanus</strong></span> 
     </span>
    </p>
   </div>
   <div class='ocr_carea' id='block_1_53' title="bbox 2031 2438 3619 2515">
    <p class='ocr_par' dir='ltr' id='par_1_53' title="bbox 2031 2438 3619 2515">
     <span class='ocr_line' id='line_1_53' title="bbox 2031 2438 3619 2515; baseline -0.005 -13"><span class='ocrx_word' id='word_1_382' title='bbox 2031 2445 2278 2515; x_wconf 85' lang='lat' dir='ltr'><strong>undique</strong></span> <span class='ocrx_word' id='word_1_383' title='bbox 2305 2443 2644 2499; x_wconf 89' lang='lat' dir='ltr'><strong>sublimibus</strong></span> <span class='ocrx_word' id='word_1_384' title='bbox 2687 2440 2869 2496; x_wconf 76' lang='lat' dir='ltr'><strong>cedi-is</strong></span> <span class='ocrx_word' id='word_1_385' title='bbox 2904 2454 3110 2510; x_wconf 88' lang='lat' dir='ltr'><strong>opacus</strong></span> <span class='ocrx_word' id='word_1_386' title='bbox 3146 2453 3210 2493; x_wconf 91' lang='lat' dir='ltr'><strong>ac</strong></span> <span class='ocrx_word' id='word_1_387' title='bbox 3249 2439 3455 2494; x_wconf 89' lang='lat' dir='ltr'><strong>densus</strong></span> <span class='ocrx_word' id='word_1_388' title='bbox 3479 2478 3494 2502; x_wconf 92' lang='lat'><strong>,</strong></span> <span class='ocrx_word' id='word_1_389' title='bbox 3535 2438 3619 2494; x_wconf 85' lang='lat' dir='ltr'><strong>id-</strong></span> 
     </span>
    </p>
   </div>
   <div class='ocr_carea' id='block_1_54' title="bbox 2027 2529 3615 2600">
    <p class='ocr_par' dir='ltr' id='par_1_54' title="bbox 2027 2529 3615 2600">
     <span class='ocr_line' id='line_1_54' title="bbox 2027 2529 3615 2600; baseline -0.005 -9"><span class='ocrx_word' id='word_1_390' title='bbox 2027 2536 2179 2592; x_wconf 87' lang='lat' dir='ltr'><strong>circo</strong></span> <span class='ocrx_word' id='word_1_391' title='bbox 2211 2535 2462 2590; x_wconf 88' lang='lat' dir='ltr'><strong>diversos</strong></span> <span class='ocrx_word' id='word_1_392' title='bbox 2493 2534 2549 2587; x_wconf 90' lang='lat' dir='ltr'><strong>in</strong></span> <span class='ocrx_word' id='word_1_393' title='bbox 2580 2547 2779 2589; x_wconf 91' lang='lat' dir='ltr'><strong>sensus</strong></span> <span class='ocrx_word' id='word_1_394' title='bbox 2822 2532 3036 2586; x_wconf 89' lang='lat' dir='ltr'><strong>ratione</strong></span> <span class='ocrx_word' id='word_1_395' title='bbox 3063 2530 3212 2585; x_wconf 88' lang='lat' dir='ltr'><strong>illius</strong></span> <span class='ocrx_word' id='word_1_396' title='bbox 3253 2529 3398 2600; x_wconf 89' lang='lat' dir='ltr'><strong>quod</strong></span> <span class='ocrx_word' id='word_1_397' title='bbox 3431 2531 3615 2585; x_wconf 91' lang='lat' dir='ltr'><strong>cerni-</strong></span> 
     </span>
    </p>
   </div>
   <div class='ocr_carea' id='block_1_55' title="bbox 2033 2621 3617 2696">
    <p class='ocr_par' dir='ltr' id='par_1_55' title="bbox 2033 2621 3617 2696">
     <span class='ocr_line' id='line_1_55' title="bbox 2033 2621 3617 2696; baseline -0.003 -14"><span class='ocrx_word' id='word_1_398' title='bbox 2033 2637 2146 2692; x_wconf 84' lang='lat' dir='ltr'><strong>tur,</strong></span> <span class='ocrx_word' id='word_1_399' title='bbox 2190 2629 2245 2682; x_wconf 89' lang='lat' dir='ltr'><strong>in</strong></span> <span class='ocrx_word' id='word_1_400' title='bbox 2270 2626 2447 2682; x_wconf 88' lang='lat' dir='ltr'><strong>sacris</strong></span> <span class='ocrx_word' id='word_1_401' title='bbox 2479 2624 2704 2680; x_wconf 88' lang='lat' dir='ltr'><strong>Litteris</strong></span> <span class='ocrx_word' id='word_1_402' title='bbox 2737 2624 2900 2696; x_wconf 89' lang='lat' dir='ltr'><strong>quasi</strong></span> <span class='ocrx_word' id='word_1_403' title='bbox 2960 2621 3245 2684; x_wconf 87' lang='lat' dir='ltr'><strong>dividitur,</strong></span> <span class='ocrx_word' id='word_1_404' title='bbox 3294 2630 3420 2692; x_wconf 88' lang='lat' dir='ltr'><strong>apte</strong></span> <span class='ocrx_word' id='word_1_405' title='bbox 3451 2631 3617 2692; x_wconf 86' lang='lat' dir='ltr'><strong>atque</strong></span> 
     </span>
    </p>
   </div>
   <div class='ocr_carea' id='block_1_56' title="bbox 2033 2713 3618 2793">
    <p class='ocr_par' dir='ltr' id='par_1_56' title="bbox 2033 2713 3618 2793">
     <span class='ocr_line' id='line_1_56' title="bbox 2033 2713 3618 2793; baseline -0.004 -17"><span class='ocrx_word' id='word_1_406' title='bbox 2033 2721 2233 2776; x_wconf 87' lang='lat' dir='ltr'><strong>idonee</strong></span> <span class='ocrx_word' id='word_1_407' title='bbox 2262 2727 2550 2788; x_wconf 83' lang='lat' dir='ltr'><strong>utramque</strong></span> <span class='ocrx_word' id='word_1_408' title='bbox 2583 2717 2640 2771; x_wconf 91' lang='lat' dir='ltr'><strong>in</strong></span> <span class='ocrx_word' id='word_1_409' title='bbox 2668 2725 2876 2793; x_wconf 80' lang='lat' dir='ltr'><strong>partem</strong></span> <span class='ocrx_word' id='word_1_410' title='bbox 2911 2722 3188 2786; x_wconf 89' lang='lat' dir='ltr'><strong>sumptus.</strong></span> <span class='ocrx_word' id='word_1_411' title='bbox 3213 2713 3400 2784; x_wconf 86' lang='lat' dir='ltr'><strong>quue</strong></span> <span class='ocrx_word' id='word_1_412' title='bbox 3430 2713 3618 2770; x_wconf 88' lang='lat' dir='ltr'><strong>videre</strong></span> 
     </span>
    </p>
   </div>
   <div class='ocr_carea' id='block_1_57' title="bbox 2030 2803 3618 2876">
    <p class='ocr_par' dir='ltr' id='par_1_57' title="bbox 2030 2803 3618 2876">
     <span class='ocr_line' id='line_1_57' title="bbox 2030 2803 3618 2876; baseline -0.004 -12"><span class='ocrx_word' id='word_1_413' title='bbox 2030 2817 2118 2865; x_wconf 91' lang='lat' dir='ltr'><strong>est</strong></span> <span class='ocrx_word' id='word_1_414' title='bbox 2152 2809 2294 2863; x_wconf 89' lang='lat' dir='ltr'><strong>idem</strong></span> <span class='ocrx_word' id='word_1_415' title='bbox 2327 2807 2657 2862; x_wconf 88' lang='lat' dir='ltr'><strong>vocabulum</strong></span> <span class='ocrx_word' id='word_1_416' title='bbox 2710 2805 2855 2876; x_wconf 87' lang='lat' dir='ltr'><strong>apud</strong></span> <span class='ocrx_word' id='word_1_417' title='bbox 2903 2805 3123 2860; x_wconf 85' lang='lat' dir='ltr'><strong>eosdem</strong></span> <span class='ocrx_word' id='word_1_418' title='bbox 3161 2803 3482 2874; x_wconf 88' lang='lat' dir='ltr'><strong>prophetas,</strong></span> <span class='ocrx_word' id='word_1_419' title='bbox 3517 2817 3618 2872; x_wconf 90' lang='lat' dir='ltr'><strong>pro</strong></span> 
     </span>
    </p>
   </div>
   <div class='ocr_carea' id='block_1_58' title="bbox 2031 2895 3616 2971">
    <p class='ocr_par' dir='ltr' id='par_1_58' title="bbox 2031 2895 3616 2971">
     <span class='ocr_line' id='line_1_58' title="bbox 2031 2895 3616 2971; baseline -0.006 -15"><span class='ocrx_word' id='word_1_420' title='bbox 2031 2897 2464 2971; x_wconf 85' lang='lat' dir='ltr'><strong>siguilicatorum</strong></span> <span class='ocrx_word' id='word_1_421' title='bbox 2522 2897 2864 2963; x_wconf 85' lang='lat' dir='ltr'><strong>diversitate,</strong></span> <span class='ocrx_word' id='word_1_422' title='bbox 2921 2903 3034 2949; x_wconf 90' lang='lat' dir='ltr'><strong>tam</strong></span> <span class='ocrx_word' id='word_1_423' title='bbox 3079 2895 3134 2950; x_wconf 91' lang='lat' dir='ltr'><strong>in</strong></span> <span class='ocrx_word' id='word_1_424' title='bbox 3190 2895 3393 2959; x_wconf 86' lang='lat' dir='ltr'><strong>laude,</strong></span> <span class='ocrx_word' id='word_1_425' title='bbox 3451 2909 3616 2964; x_wconf 89' lang='lat' dir='ltr'><strong>quam</strong></span> 
     </span>
    </p>
   </div>
   <div class='ocr_carea' id='block_1_59' title="bbox 2031 2985 3618 3061">
    <p class='ocr_par' dir='ltr' id='par_1_59' title="bbox 2031 2985 3618 3061">
     <span class='ocr_line' id='line_1_59' title="bbox 2031 2985 3618 3061; baseline -0.001 -15"><span class='ocrx_word' id='word_1_426' title='bbox 2031 2993 2162 3046; x_wconf 90' lang='lat' dir='ltr'><strong>vitio</strong></span> <span class='ocrx_word' id='word_1_427' title='bbox 2195 2993 2457 3061; x_wconf 88' lang='lat' dir='ltr'><strong>positum.</strong></span> <span class='ocrx_word' id='word_1_428' title='bbox 2493 2990 2652 3044; x_wconf 72' lang='lat' dir='ltr'><strong>Modo</strong></span> <span class='ocrx_word' id='word_1_429' title='bbox 2702 2991 2849 3044; x_wconf 89' lang='lat' dir='ltr'><strong>enim</strong></span> <span class='ocrx_word' id='word_1_430' title='bbox 2885 2989 3124 3044; x_wconf 91' lang='lat' dir='ltr'><strong>conterit</strong></span> <span class='ocrx_word' id='word_1_431' title='bbox 3180 2988 3377 3044; x_wconf 78' lang='lat' dir='ltr'><strong>cedrus</strong></span> <span class='ocrx_word' id='word_1_432' title='bbox 3424 2985 3618 3045; x_wconf 86' lang='lat' dir='ltr'><strong>Libani</strong></span> 
     </span>
    </p>
   </div>
   <div class='ocr_carea' id='block_1_60' title="bbox 2032 3081 3618 3147">
    <p class='ocr_par' dir='ltr' id='par_1_60' title="bbox 2032 3081 3618 3147">
     <span class='ocr_line' id='line_1_60' title="bbox 2032 3081 3618 3147; baseline 0 -10"><span class='ocrx_word' id='word_1_433' title='bbox 2032 3083 2320 3147; x_wconf 86' lang='lat' dir='ltr'><strong>Dominus,</strong></span> <span class='ocrx_word' id='word_1_434' title='bbox 2355 3091 2409 3138; x_wconf 85' lang='lat' dir='ltr'><strong>et</strong></span> <span class='ocrx_word' id='word_1_435' title='bbox 2438 3082 2754 3137; x_wconf 84' lang='lat' dir='ltr'><strong>universum</strong></span> <span class='ocrx_word' id='word_1_436' title='bbox 2797 3081 3063 3136; x_wconf 85' lang='lat' dir='ltr'><strong>Libanum</strong></span> <span class='ocrx_word' id='word_1_437' title='bbox 3096 3098 3205 3136; x_wconf 90' lang='lat' dir='ltr'><strong>una</strong></span> <span class='ocrx_word' id='word_1_438' title='bbox 3257 3097 3382 3136; x_wconf 91' lang='lat' dir='ltr'><strong>cum</strong></span> <span class='ocrx_word' id='word_1_439' title='bbox 3434 3081 3618 3138; x_wconf 88' lang='lat' dir='ltr'><strong>cedris</strong></span> 
     </span>
    </p>
   </div>
   <div class='ocr_carea' id='block_1_61' title="bbox 2031 3174 3619 3243">
    <p class='ocr_par' dir='ltr' id='par_1_61' title="bbox 2031 3174 3619 3243">
     <span class='ocr_line' id='line_1_61' title="bbox 2031 3174 3619 3243; baseline -0.001 -14"><span class='ocrx_word' id='word_1_440' title='bbox 2031 3176 2086 3230; x_wconf 93' lang='lat' dir='ltr'><strong>in</strong></span> <span class='ocrx_word' id='word_1_441' title='bbox 2117 3191 2184 3231; x_wconf 90' lang='lat' dir='ltr'><strong>eo</strong></span> <span class='ocrx_word' id='word_1_442' title='bbox 2212 3175 2540 3230; x_wconf 91' lang='lat' dir='ltr'><strong>comminuit</strong></span> <span class='ocrx_word' id='word_1_443' title='bbox 2567 3175 2741 3230; x_wconf 83' lang='lat' dir='ltr'><strong>instar</strong></span> <span class='ocrx_word' id='word_1_444' title='bbox 2769 3174 2892 3243; x_wconf 89' lang='lat' dir='ltr'><strong>ejus</strong></span> <span class='ocrx_word' id='word_1_445' title='bbox 2930 3174 3084 3228; x_wconf 89' lang='lat' dir='ltr'><strong>vituli</strong></span> <span class='ocrx_word' id='word_1_446' title='bbox 3119 3174 3184 3238; x_wconf 82' lang='grc'><strong>⁸³,</strong></span> <span class='ocrx_word' id='word_1_447' title='bbox 3220 3174 3312 3243; x_wconf 92' lang='lat' dir='ltr'><strong>qui</strong></span> <span class='ocrx_word' id='word_1_448' title='bbox 3345 3175 3400 3228; x_wconf 90' lang='lat' dir='ltr'><strong>in</strong></span> <span class='ocrx_word' id='word_1_449' title='bbox 3435 3175 3619 3230; x_wconf 82' lang='lat' dir='ltr'><strong>solitu-</strong></span> 
     </span>
    </p>
   </div>
   <div class='ocr_carea' id='block_1_62' title="bbox 334 3259 1929 3343">
    <p class='ocr_par' dir='ltr' id='par_1_62' title="bbox 334 3259 1929 3343">
     <span class='ocr_line' id='line_1_62' title="bbox 334 3259 1929 3343; baseline 0.009 -33"><span class='ocrx_word' id='word_1_450' title='bbox 334 3259 724 3330; x_wconf 79' lang='grc' dir='ltr'>λοποιηθὲντος</span> <span class='ocrx_word' id='word_1_451' title='bbox 760 3263 964 3334; x_wconf 80' lang='grc' dir='ltr'>μόσχου</span> <span class='ocrx_word' id='word_1_452' title='bbox 993 3265 1051 3318; x_wconf 77' lang='grc' dir='ltr'><strong>ἐν</strong></span> <span class='ocrx_word' id='word_1_453' title='bbox 1082 3267 1147 3337; x_wconf 78' lang='grc' dir='ltr'>τῇ</span> <span class='ocrx_word' id='word_1_454' title='bbox 1179 3267 1392 3338; x_wconf 75' lang='grc' dir='ltr'>ἐρήμῳ.</span> <span class='ocrx_word' id='word_1_455' title='bbox 1421 3267 1519 3321; x_wconf 78' lang='grc' dir='ltr'>Διὰ</span> <span class='ocrx_word' id='word_1_456' title='bbox 1548 3268 1706 3322; x_wconf 91' lang='grc' dir='ltr'>τοῦτο</span> <span class='ocrx_word' id='word_1_457' title='bbox 1735 3272 1769 3339; x_wconf 83' lang='grc' dir='ltr'>ἡ</span> <span class='ocrx_word' id='word_1_458' title='bbox 1798 3288 1929 3343; x_wconf 83' lang='grc' dir='ltr'>προ-</span> 
     </span>
    </p>
   </div>
   <div class='ocr_carea' id='block_1_63' title="bbox 2035 3259 3619 3343">
    <p class='ocr_par' dir='ltr' id='par_1_63' title="bbox 2035 3264 3619 3336">
     <span class='ocr_line' id='line_1_63' title="bbox 2035 3264 3619 3336; baseline -0.001 -15"><span class='ocrx_word' id='word_1_459' title='bbox 2035 3266 2165 3322; x_wconf 92' lang='lat' dir='ltr'><strong>dine</strong></span> <span class='ocrx_word' id='word_1_460' title='bbox 2195 3283 2293 3336; x_wconf 93' lang='lat' dir='ltr'><strong>pro</strong></span> <span class='ocrx_word' id='word_1_461' title='bbox 2326 3266 2472 3322; x_wconf 92' lang='lat' dir='ltr'><strong>idolo</strong></span> <span class='ocrx_word' id='word_1_462' title='bbox 2506 3266 2810 3322; x_wconf 80' lang='lat' dir='ltr'><strong>fabricatus</strong></span> <span class='ocrx_word' id='word_1_463' title='bbox 2835 3275 2991 3321; x_wconf 86' lang='lat' dir='ltr'><strong>erat:</strong></span> <span class='ocrx_word' id='word_1_464' title='bbox 3040 3264 3241 3335; x_wconf 82' lang='lat' dir='ltr'><strong>quibus</strong></span> <span class='ocrx_word' id='word_1_465' title='bbox 3279 3265 3458 3321; x_wconf 90' lang='lat' dir='ltr'><strong>verbis</strong></span> <span class='ocrx_word' id='word_1_466' title='bbox 3488 3264 3619 3320; x_wconf 86' lang='lat' dir='ltr'><strong>Pro-</strong></span> 
     </span>
    </p>
   </div>
   <div class='ocr_carea' id='block_1_64' title="bbox 333 3352 1927 3431">
    <p class='ocr_par' dir='ltr' id='par_1_64' title="bbox 333 3352 1927 3431">
     <span class='ocr_line' id='line_1_64' title="bbox 333 3352 1927 3431; baseline -0.004 -10"><span class='ocrx_word' id='word_1_467' title='bbox 333 3352 542 3421; x_wconf 73' lang='grc' dir='ltr'>φητεία</span> <span class='ocrx_word' id='word_1_468' title='bbox 581 3354 930 3425; x_wconf 79' lang='grc' dir='ltr'>παρίστησιν,</span> <span class='ocrx_word' id='word_1_469' title='bbox 963 3357 1046 3410; x_wconf 85' lang='grc' dir='ltr'>ὅτι</span> <span class='ocrx_word' id='word_1_470' title='bbox 1077 3357 1214 3430; x_wconf 81' lang='grc' dir='ltr'>αὐτή</span> <span class='ocrx_word' id='word_1_471' title='bbox 1247 3375 1306 3412; x_wconf 90' lang='grc' dir='ltr'><strong>τε</strong></span> <span class='ocrx_word' id='word_1_472' title='bbox 1336 3359 1368 3429; x_wconf 80' lang='grc' dir='ltr'>ἠ</span> <span class='ocrx_word' id='word_1_473' title='bbox 1402 3360 1570 3412; x_wconf 88' lang='grc' dir='ltr'>κακία</span> <span class='ocrx_word' id='word_1_474' title='bbox 1597 3362 1690 3416; x_wconf 75' lang='grc' dir='ltr'>καὶ</span> <span class='ocrx_word' id='word_1_475' title='bbox 1729 3364 1836 3416; x_wconf 81' lang='grc' dir='ltr'>πᾶν</span> <span class='ocrx_word' id='word_1_476' title='bbox 1869 3365 1927 3431; x_wconf 78' lang='grc' dir='ltr'>ἐξ</span> 
     </span>
    </p>
   </div>
   <div class='ocr_carea' id='block_1_65' title="bbox 332 3442 1928 3519">
    <p class='ocr_par' dir='ltr' id='par_1_65' title="bbox 332 3442 1928 3519">
     <span class='ocr_line' id='line_1_65' title="bbox 332 3442 1928 3519; baseline 0.007 -23"><span class='ocrx_word' id='word_1_477' title='bbox 332 3442 516 3513; x_wconf 79' lang='grc' dir='ltr'>αὐτῆς</span> <span class='ocrx_word' id='word_1_478' title='bbox 557 3443 756 3515; x_wconf 71' lang='grc' dir='ltr'>ὕψωμα</span> <span class='ocrx_word' id='word_1_479' title='bbox 803 3447 862 3500; x_wconf 84' lang='grc' dir='ltr'>τὸ</span> <span class='ocrx_word' id='word_1_480' title='bbox 903 3448 1042 3501; x_wconf 77' lang='grc' dir='ltr'>κατὰ</span> <span class='ocrx_word' id='word_1_481' title='bbox 1082 3451 1180 3519; x_wconf 81' lang='grc' dir='ltr'>τῆς</span> <span class='ocrx_word' id='word_1_482' title='bbox 1231 3449 1484 3518; x_wconf 83' lang='grc' dir='ltr'>γνώσεως</span> <span class='ocrx_word' id='word_1_483' title='bbox 1521 3451 1615 3505; x_wconf 87' lang='grc' dir='ltr'><strong>τοῦ</strong></span> <span class='ocrx_word' id='word_1_484' title='bbox 1655 3453 1789 3506; x_wconf 88' lang='grc' dir='ltr'><strong>Θεοῦ</strong></span> <span class='ocrx_word' id='word_1_485' title='bbox 1829 3455 1928 3506; x_wconf 83' lang='grc' dir='ltr'><strong>ὲπ-</strong></span> 
     </span>
    </p>
   </div>
   <div class='ocr_carea' id='block_1_66' title="bbox 330 3536 1931 3615">
    <p class='ocr_par' dir='ltr' id='par_1_66' title="bbox 330 3536 1931 3615">
     <span class='ocr_line' id='line_1_66' title="bbox 330 3536 1931 3615; baseline 0.006 -28"><span class='ocrx_word' id='word_1_486' title='bbox 330 3536 599 3605; x_wconf 84' lang='grc' dir='ltr'>ηρμένον,</span> <span class='ocrx_word' id='word_1_487' title='bbox 626 3538 706 3600; x_wconf 87' lang='grc' dir='ltr'><strong>είς</strong></span> <span class='ocrx_word' id='word_1_488' title='bbox 725 3537 787 3590; x_wconf 83' lang='grc' dir='ltr'>τὸ</span> <span class='ocrx_word' id='word_1_489' title='bbox 814 3539 888 3609; x_wconf 79' lang='grc' dir='ltr'>μὴ</span> <span class='ocrx_word' id='word_1_490' title='bbox 915 3537 975 3591; x_wconf 77' lang='grc' dir='ltr'><strong>ὃν</strong></span> <span class='ocrx_word' id='word_1_491' title='bbox 1000 3541 1410 3610; x_wconf 83' lang='grc' dir='ltr'>περιστήσεται.</span> <span class='ocrx_word' id='word_1_492' title='bbox 1436 3542 1552 3595; x_wconf 87' lang='grc' dir='ltr'>Νῦν</span> <span class='ocrx_word' id='word_1_493' title='bbox 1577 3542 1634 3594; x_wconf 82' lang='grc' dir='ltr'>δὲ</span> <span class='ocrx_word' id='word_1_494' title='bbox 1659 3542 1718 3595; x_wconf 82' lang='grc' dir='ltr'>τὸ</span> <span class='ocrx_word' id='word_1_495' title='bbox 1745 3546 1931 3615; x_wconf 77' lang='grc' dir='ltr'>κρεῖτ-</span> 
     </span>
    </p>
   </div>
   <div class='ocr_carea' id='block_1_67' title="bbox 332 3627 1929 3703">
    <p class='ocr_par' dir='ltr' id='par_1_67' title="bbox 332 3627 1929 3703">
     <span class='ocr_line' id='line_1_67' title="bbox 332 3627 1929 3703; baseline 0.003 -22"><span class='ocrx_word' id='word_1_496' title='bbox 332 3643 437 3682; x_wconf 82' lang='grc' dir='ltr'><strong>τον</strong></span> <span class='ocrx_word' id='word_1_497' title='bbox 474 3627 639 3681; x_wconf 83' lang='grc' dir='ltr'>αὐτοῦ</span> <span class='ocrx_word' id='word_1_498' title='bbox 691 3629 1096 3700; x_wconf 84' lang='grc' dir='ltr'>μεταλαμϐάνει</span> <span class='ocrx_word' id='word_1_499' title='bbox 1126 3631 1223 3703; x_wconf 77' lang='grc' dir='ltr'>τὴν</span> <span class='ocrx_word' id='word_1_500' title='bbox 1258 3633 1537 3703; x_wconf 87' lang='grc' dir='ltr'>σημασίαν</span> <span class='ocrx_word' id='word_1_501' title='bbox 1578 3633 1753 3702; x_wconf 80' lang='grc' dir='ltr'>λέγων</span> <span class='ocrx_word' id='word_1_502' title='bbox 1776 3651 1788 3664; x_wconf 87' lang='grc'><strong>·</strong></span> <span class='ocrx_word' id='word_1_503' title='bbox 1832 3635 1929 3687; x_wconf 81' lang='grc' dir='ltr'><strong>Δί-</strong></span> 
     </span>
    </p>
   </div>
   <div class='ocr_carea' id='block_1_68' title="bbox 332 3722 1932 3794">
    <p class='ocr_par' dir='ltr' id='par_1_68' title="bbox 332 3722 1932 3794">
     <span class='ocr_line' id='line_1_68' title="bbox 332 3722 1932 3794; baseline 0.002 -18"><span class='ocrx_word' id='word_1_504' title='bbox 332 3735 512 3787; x_wconf 81' lang='grc' dir='ltr'>καιος</span> <span class='ocrx_word' id='word_1_505' title='bbox 561 3722 645 3786; x_wconf 88' lang='grc' dir='ltr'>ὡς</span> <span class='ocrx_word' id='word_1_506' title='bbox 684 3723 887 3792; x_wconf 68' lang='grc' dir='ltr'>φοῖνιξ</span> <span class='ocrx_word' id='word_1_507' title='bbox 923 3722 1196 3790; x_wconf 80' lang='grc' dir='ltr'>ἀνθήσει,</span> <span class='ocrx_word' id='word_1_508' title='bbox 1231 3724 1376 3779; x_wconf 69' lang='grc' dir='ltr'>ὡσεί</span> <span class='ocrx_word' id='word_1_509' title='bbox 1417 3725 1628 3794; x_wconf 79' lang='grc' dir='ltr'>κέδρος</span> <span class='ocrx_word' id='word_1_510' title='bbox 1664 3726 1703 3794; x_wconf 74' lang='grc' dir='ltr'>ἡ</span> <span class='ocrx_word' id='word_1_511' title='bbox 1739 3726 1811 3778; x_wconf 81' lang='grc' dir='ltr'>ἐν</span> <span class='ocrx_word' id='word_1_512' title='bbox 1849 3724 1932 3791; x_wconf 83' lang='grc' dir='ltr'>τῷ</span> 
     </span>
    </p>
   </div>
   <div class='ocr_carea' id='block_1_69' title="bbox 332 3811 1931 3886">
    <p class='ocr_par' dir='ltr' id='par_1_69' title="bbox 332 3811 1931 3886">
     <span class='ocr_line' id='line_1_69' title="bbox 332 3811 1931 3886; baseline 0 -18"><span class='ocrx_word' id='word_1_513' title='bbox 332 3811 578 3876; x_wconf 79' lang='grc' dir='ltr'>Λιϐάνῳ</span> <span class='ocrx_word' id='word_1_514' title='bbox 633 3813 1144 3881; x_wconf 71' lang='grc' dir='ltr'>πληθυνθήσεται.</span> <span class='ocrx_word' id='word_1_515' title='bbox 1208 3815 1265 3868; x_wconf 87' lang='lat'><strong>&#39;0</strong></span> <span class='ocrx_word' id='word_1_516' title='bbox 1313 3815 1420 3886; x_wconf 84' lang='grc' dir='ltr'>γὰρ</span> <span class='ocrx_word' id='word_1_517' title='bbox 1467 3814 1683 3886; x_wconf 86' lang='grc' dir='ltr'>άληθῶς</span> <span class='ocrx_word' id='word_1_518' title='bbox 1726 3815 1931 3880; x_wconf 90' lang='grc' dir='ltr'>δίκαιος</span> 
     </span>
    </p>
   </div>
   <div class='ocr_carea' id='block_1_70' title="bbox 335 3897 1930 3977">
    <p class='ocr_par' dir='ltr' id='par_1_70' title="bbox 335 3897 1930 3977">
     <span class='ocr_line' id='line_1_70' title="bbox 335 3897 1930 3977; baseline 0.004 -24"><span class='ocrx_word' id='word_1_519' title='bbox 335 3902 359 3970; x_wconf 93' lang='grc'><strong>(</strong></span> <span class='ocrx_word' id='word_1_520' title='bbox 389 3901 591 3972; x_wconf 73' lang='grc' dir='ltr'>Κύριος</span> <span class='ocrx_word' id='word_1_521' title='bbox 630 3897 693 3955; x_wconf 75' lang='grc' dir='ltr'>δέ</span> <span class='ocrx_word' id='word_1_522' title='bbox 723 3904 872 3956; x_wconf 80' lang='grc' dir='ltr'>ἐστιν</span> <span class='ocrx_word' id='word_1_523' title='bbox 897 3904 925 3956; x_wconf 91' lang='lat'><strong>6</strong></span> <span class='ocrx_word' id='word_1_524' title='bbox 947 3904 1195 3975; x_wconf 85' lang='grc' dir='ltr'>δίκαιος),</span> <span class='ocrx_word' id='word_1_525' title='bbox 1220 3906 1249 3958; x_wconf 87' lang='grc' dir='ltr'>ὁ</span> <span class='ocrx_word' id='word_1_526' title='bbox 1285 3905 1350 3957; x_wconf 81' lang='grc' dir='ltr'><strong>δι’</strong></span> <span class='ocrx_word' id='word_1_527' title='bbox 1383 3906 1532 3975; x_wconf 80' lang='grc' dir='ltr'>ἡμᾶς</span> <span class='ocrx_word' id='word_1_528' title='bbox 1565 3907 1628 3958; x_wconf 77' lang='grc' dir='ltr'>ὲκ</span> <span class='ocrx_word' id='word_1_529' title='bbox 1664 3909 1766 3977; x_wconf 77' lang='grc' dir='ltr'>γῆς</span> <span class='ocrx_word' id='word_1_530' title='bbox 1798 3906 1930 3960; x_wconf 80' lang='grc' dir='ltr'>ἁνα-</span> 
     </span>
    </p>
   </div>
   <div class='ocr_carea' id='block_1_71' title="bbox 336 3988 1931 4066">
    <p class='ocr_par' dir='ltr' id='par_1_71' title="bbox 336 3988 1931 4066">
     <span class='ocr_line' id='line_1_71' title="bbox 336 3988 1931 4066; baseline 0.003 -23"><span class='ocrx_word' id='word_1_531' title='bbox 336 3988 510 4060; x_wconf 86' lang='grc' dir='ltr'>σχὼν,</span> <span class='ocrx_word' id='word_1_532' title='bbox 552 3993 756 4055; x_wconf 80' lang='grc' dir='ltr'>ἐκεῖνος</span> <span class='ocrx_word' id='word_1_533' title='bbox 801 3995 829 4046; x_wconf 94' lang='lat'><strong>6</strong></span> <span class='ocrx_word' id='word_1_534' title='bbox 861 3993 1124 4063; x_wconf 73' lang='grc' dir='ltr'>ὑψίκομος</span> <span class='ocrx_word' id='word_1_535' title='bbox 1169 3994 1382 4063; x_wconf 79' lang='grc' dir='ltr'>φοῖνιξ,</span> <span class='ocrx_word' id='word_1_536' title='bbox 1423 3996 1452 4048; x_wconf 90' lang='lat'><strong>6</strong></span> <span class='ocrx_word' id='word_1_537' title='bbox 1483 3995 1544 4048; x_wconf 84' lang='grc' dir='ltr'>ὲν</span> <span class='ocrx_word' id='word_1_538' title='bbox 1590 3997 1657 4066; x_wconf 80' lang='grc' dir='ltr'>τῇ</span> <span class='ocrx_word' id='word_1_539' title='bbox 1700 3993 1799 4066; x_wconf 75' lang='grc' dir='ltr'><strong>ὕλῃ</strong></span> <span class='ocrx_word' id='word_1_540' title='bbox 1833 3995 1931 4066; x_wconf 85' lang='grc' dir='ltr'>τῆς</span> 
     </span>
    </p>
   </div>
   <div class='ocr_carea' id='block_1_72' title="bbox 337 4078 1932 4155">
    <p class='ocr_par' dir='ltr' id='par_1_72' title="bbox 337 4078 1932 4155">
     <span class='ocr_line' id='line_1_72' title="bbox 337 4078 1932 4155; baseline 0.003 -25"><span class='ocrx_word' id='word_1_541' title='bbox 337 4078 558 4149; x_wconf 83' lang='grc' dir='ltr'>φύσεως</span> <span class='ocrx_word' id='word_1_542' title='bbox 604 4079 762 4152; x_wconf 83' lang='grc' dir='ltr'>ἡμῶν</span> <span class='ocrx_word' id='word_1_543' title='bbox 803 4081 1110 4146; x_wconf 83' lang='grc' dir='ltr'>ἀνατείλας,</span> <span class='ocrx_word' id='word_1_544' title='bbox 1149 4082 1273 4154; x_wconf 77' lang='grc' dir='ltr'>ὅρος</span> <span class='ocrx_word' id='word_1_545' title='bbox 1316 4083 1525 4151; x_wconf 87' lang='grc' dir='ltr'>γίνεται</span> <span class='ocrx_word' id='word_1_546' title='bbox 1568 4086 1688 4147; x_wconf 88' lang='grc' dir='ltr'>ταῖς</span> <span class='ocrx_word' id='word_1_547' title='bbox 1721 4083 1932 4155; x_wconf 84' lang='grc' dir='ltr'>κέδροις</span> 
     </span>
    </p>
   </div>
   <div class='ocr_carea' id='block_1_73' title="bbox 334 4169 1929 4245">
    <p class='ocr_par' dir='ltr' id='par_1_73' title="bbox 334 4169 1929 4245">
     <span class='ocr_line' id='line_1_73' title="bbox 334 4169 1929 4245; baseline 0.003 -22"><span class='ocrx_word' id='word_1_548' title='bbox 334 4169 454 4223; x_wconf 81' lang='grc' dir='ltr'>τῶν</span> <span class='ocrx_word' id='word_1_549' title='bbox 485 4171 818 4240; x_wconf 78' lang='grc' dir='ltr'>ριζουμένων</span> <span class='ocrx_word' id='word_1_550' title='bbox 856 4171 946 4225; x_wconf 82' lang='grc' dir='ltr'><strong>διὰ</strong></span> <span class='ocrx_word' id='word_1_551' title='bbox 974 4172 1207 4236; x_wconf 82' lang='grc' dir='ltr'>πίστεως</span> <span class='ocrx_word' id='word_1_552' title='bbox 1235 4175 1291 4227; x_wconf 84' lang='grc' dir='ltr'><strong>ὲν</strong></span> <span class='ocrx_word' id='word_1_553' title='bbox 1321 4173 1472 4245; x_wconf 81' lang='grc' dir='ltr'>αὐτῷ</span> <span class='ocrx_word' id='word_1_554' title='bbox 1507 4174 1929 4245; x_wconf 85' lang='grc' dir='ltr'>πληθυνόμενος,</span> 
     </span>
    </p>
   </div>
   <div class='ocr_carea' id='block_1_74' title="bbox 336 4261 1932 4335">
    <p class='ocr_par' dir='ltr' id='par_1_74' title="bbox 336 4261 1932 4335">
     <span class='ocr_line' id='line_1_74' title="bbox 336 4261 1932 4335; baseline 0.003 -22"><span class='ocrx_word' id='word_1_555' title='bbox 336 4261 547 4324; x_wconf 75' lang='grc' dir='ltr'>αἵτινες</span> <span class='ocrx_word' id='word_1_556' title='bbox 585 4263 712 4315; x_wconf 82' lang='grc' dir='ltr'>ὅταν</span> <span class='ocrx_word' id='word_1_557' title='bbox 750 4264 808 4316; x_wconf 83' lang='grc' dir='ltr'>ὲν</span> <span class='ocrx_word' id='word_1_558' title='bbox 847 4263 924 4333; x_wconf 79' lang='grc' dir='ltr'><strong>τῷ</strong></span> <span class='ocrx_word' id='word_1_559' title='bbox 963 4263 1098 4335; x_wconf 74' lang='grc' dir='ltr'>οἴκῳ</span> <span class='ocrx_word' id='word_1_560' title='bbox 1131 4265 1228 4318; x_wconf 86' lang='grc' dir='ltr'><strong>τοῦ</strong></span> <span class='ocrx_word' id='word_1_561' title='bbox 1268 4265 1400 4318; x_wconf 83' lang='grc' dir='ltr'>Θεοῦ</span> <span class='ocrx_word' id='word_1_562' title='bbox 1453 4265 1821 4335; x_wconf 82' lang='grc' dir='ltr'>φυτευθῶσιν,</span> <span class='ocrx_word' id='word_1_563' title='bbox 1872 4267 1932 4318; x_wconf 81' lang='grc' dir='ltr'><strong>ὲν</strong></span> 
     </span>
    </p>
   </div>
   <div class='ocr_carea' id='block_1_75' title="bbox 335 4354 1932 4428">
    <p class='ocr_par' dir='ltr' id='par_1_75' title="bbox 335 4354 1932 4428">
     <span class='ocr_line' id='line_1_75' title="bbox 335 4354 1932 4428; baseline -0.001 -17"><span class='ocrx_word' id='word_1_564' title='bbox 335 4355 468 4416; x_wconf 80' lang='grc' dir='ltr'>ταῖς</span> <span class='ocrx_word' id='word_1_565' title='bbox 509 4354 696 4418; x_wconf 84' lang='grc' dir='ltr'>αὐλαῖς</span> <span class='ocrx_word' id='word_1_566' title='bbox 729 4354 824 4408; x_wconf 89' lang='grc' dir='ltr'><strong>τοῦ</strong></span> <span class='ocrx_word' id='word_1_567' title='bbox 858 4355 989 4408; x_wconf 87' lang='grc' dir='ltr'>Θεοῦ</span> <span class='ocrx_word' id='word_1_568' title='bbox 1026 4356 1182 4426; x_wconf 77' lang='grc' dir='ltr'>ἡμῶν</span> <span class='ocrx_word' id='word_1_569' title='bbox 1228 4356 1634 4428; x_wconf 79' lang='grc' dir='ltr'>ὲξανθήσουσιν.</span> <span class='ocrx_word' id='word_1_570' title='bbox 1672 4354 1831 4410; x_wconf 84' lang='grc' dir='ltr'>Οἷκον</span> <span class='ocrx_word' id='word_1_571' title='bbox 1874 4355 1932 4410; x_wconf 79' lang='grc' dir='ltr'>δὲ</span> 
     </span>
    </p>
   </div>
   <div class='ocr_carea' id='block_1_76' title="bbox 337 4444 1932 4518">
    <p class='ocr_par' dir='ltr' id='par_1_76' title="bbox 337 4444 1932 4518">
     <span class='ocr_line' id='line_1_76' title="bbox 337 4444 1932 4518; baseline 0.002 -21"><span class='ocrx_word' id='word_1_572' title='bbox 337 4444 444 4515; x_wconf 78' lang='grc' dir='ltr'><strong>τὴν</strong></span> <span class='ocrx_word' id='word_1_573' title='bbox 495 4447 818 4518; x_wconf 80' lang='grc' dir='ltr'>Ἐκκλησίαν</span> <span class='ocrx_word' id='word_1_574' title='bbox 856 4447 996 4500; x_wconf 70' lang='grc' dir='ltr'>κατὰ</span> <span class='ocrx_word' id='word_1_575' title='bbox 1034 4448 1129 4518; x_wconf 84' lang='grc' dir='ltr'>τὴν</span> <span class='ocrx_word' id='word_1_576' title='bbox 1156 4448 1249 4500; x_wconf 90' lang='grc' dir='ltr'><strong>τοῦ</strong></span> <span class='ocrx_word' id='word_1_577' title='bbox 1298 4449 1619 4501; x_wconf 83' lang='grc' dir='ltr'>’Λποστόλου</span> <span class='ocrx_word' id='word_1_578' title='bbox 1657 4447 1932 4518; x_wconf 77' lang='grc' dir='ltr'>ὑφήγησιν</span> 
     </span>
    </p>
   </div>
   <div class='ocr_carea' id='block_1_77' title="bbox 336 4533 1929 4610">
    <p class='ocr_par' dir='ltr' id='par_1_77' title="bbox 336 4533 1929 4610">
     <span class='ocr_line' id='line_1_77' title="bbox 336 4533 1929 4610; baseline 0 -20"><span class='ocrx_word' id='word_1_579' title='bbox 336 4539 740 4610; x_wconf 75' lang='grc' dir='ltr'>ἐνενοήσαμενο</span> <span class='ocrx_word' id='word_1_580' title='bbox 773 4540 829 4592; x_wconf 83' lang='grc' dir='ltr'>ὲν</span> <span class='ocrx_word' id='word_1_581' title='bbox 870 4533 914 4608; x_wconf 81' lang='grc' dir='ltr'>ᾧ</span> <span class='ocrx_word' id='word_1_582' title='bbox 950 4539 1158 4608; x_wconf 83' lang='grc' dir='ltr'>γίνεται</span> <span class='ocrx_word' id='word_1_583' title='bbox 1201 4541 1235 4610; x_wconf 84' lang='grc' dir='ltr'><strong>ή</strong></span> <span class='ocrx_word' id='word_1_584' title='bbox 1278 4539 1385 4593; x_wconf 84' lang='grc' dir='ltr'><strong>τῶν</strong></span> <span class='ocrx_word' id='word_1_585' title='bbox 1429 4540 1635 4609; x_wconf 81' lang='grc' dir='ltr'>κέδρων</span> <span class='ocrx_word' id='word_1_586' title='bbox 1667 4537 1761 4591; x_wconf 85' lang='grc' dir='ltr'><strong>τοῦ</strong></span> <span class='ocrx_word' id='word_1_587' title='bbox 1793 4535 1929 4590; x_wconf 83' lang='grc' dir='ltr'>Θεοῦ</span> 
     </span>
    </p>
   </div>
   <div class='ocr_carea' id='block_1_78' title="bbox 2037 3358 3620 3432">
    <p class='ocr_par' dir='ltr' id='par_1_78' title="bbox 2037 3358 3620 3432">
     <span class='ocr_line' id='line_1_78' title="bbox 2037 3358 3620 3432; baseline -0.002 -18"><span class='ocrx_word' id='word_1_588' title='bbox 2037 3362 2198 3432; x_wconf 88' lang='lat' dir='ltr'><strong>pheta</strong></span> <span class='ocrx_word' id='word_1_589' title='bbox 2225 3361 2425 3416; x_wconf 84' lang='lat' dir='ltr'><strong>docere</strong></span> <span class='ocrx_word' id='word_1_590' title='bbox 2459 3361 2596 3423; x_wconf 90' lang='lat' dir='ltr'><strong>vult,</strong></span> <span class='ocrx_word' id='word_1_591' title='bbox 2631 3359 2806 3429; x_wconf 87' lang='lat' dir='ltr'><strong>ipsam</strong></span> <span class='ocrx_word' id='word_1_592' title='bbox 2838 3358 3106 3412; x_wconf 88' lang='lat' dir='ltr'><strong>malitiam</strong></span> <span class='ocrx_word' id='word_1_593' title='bbox 3165 3365 3219 3413; x_wconf 90' lang='lat' dir='ltr'><strong>et</strong></span> <span class='ocrx_word' id='word_1_594' title='bbox 3278 3373 3494 3411; x_wconf 85' lang='lat' dir='ltr'><strong>omnem</strong></span> <span class='ocrx_word' id='word_1_595' title='bbox 3529 3373 3620 3412; x_wconf 89' lang='lat' dir='ltr'><strong>or-</strong></span> 
     </span>
    </p>
   </div>
   <div class='ocr_carea' id='block_1_79' title="bbox 2037 3447 3618 3518">
    <p class='ocr_par' dir='ltr' id='par_1_79' title="bbox 2037 3447 3618 3518">
     <span class='ocr_line' id='line_1_79' title="bbox 2037 3447 3618 3518; baseline -0.001 -14"><span class='ocrx_word' id='word_1_596' title='bbox 2037 3461 2148 3504; x_wconf 89' lang='lat' dir='ltr'><strong>tam</strong></span> <span class='ocrx_word' id='word_1_597' title='bbox 2179 3466 2246 3504; x_wconf 82' lang='lat' dir='ltr'><strong>ex</strong></span> <span class='ocrx_word' id='word_1_598' title='bbox 2277 3465 2340 3504; x_wconf 90' lang='lat' dir='ltr'><strong>ea</strong></span> <span class='ocrx_word' id='word_1_599' title='bbox 2372 3449 2791 3511; x_wconf 83' lang='lat' dir='ltr'><strong>sublimitatem,</strong></span> <span class='ocrx_word' id='word_1_600' title='bbox 2825 3449 3094 3504; x_wconf 88' lang='lat' dir='ltr'><strong>adversus</strong></span> <span class='ocrx_word' id='word_1_601' title='bbox 3121 3449 3488 3518; x_wconf 88' lang='lat' dir='ltr'><strong>cognitionem</strong></span> <span class='ocrx_word' id='word_1_602' title='bbox 3525 3447 3618 3503; x_wconf 91' lang='lat' dir='ltr'><strong>Dei</strong></span> 
     </span>
    </p>
   </div>
   <div class='ocr_carea' id='block_1_80' title="bbox 2037 3538 3618 3610">
    <p class='ocr_par' dir='ltr' id='par_1_80' title="bbox 2037 3538 3618 3610">
     <span class='ocr_line' id='line_1_80' title="bbox 2037 3538 3618 3610; baseline 0 -15"><span class='ocrx_word' id='word_1_603' title='bbox 2037 3556 2096 3596; x_wconf 87' lang='lat' dir='ltr'><strong>se</strong></span> <span class='ocrx_word' id='word_1_604' title='bbox 2130 3541 2450 3610; x_wconf 88' lang='lat' dir='ltr'><strong>erigentem,</strong></span> <span class='ocrx_word' id='word_1_605' title='bbox 2517 3540 2572 3592; x_wconf 89' lang='lat' dir='ltr'><strong>in</strong></span> <span class='ocrx_word' id='word_1_606' title='bbox 2631 3539 2863 3592; x_wconf 89' lang='lat' dir='ltr'><strong>nihilum</strong></span> <span class='ocrx_word' id='word_1_607' title='bbox 2899 3538 3250 3608; x_wconf 88' lang='lat' dir='ltr'><strong>redigendam</strong></span> <span class='ocrx_word' id='word_1_608' title='bbox 3289 3554 3430 3593; x_wconf 90' lang='lat' dir='ltr'><strong>esse.</strong></span> <span class='ocrx_word' id='word_1_609' title='bbox 3469 3540 3618 3595; x_wconf 84' lang='lat' dir='ltr'><strong>Alias</strong></span> 
     </span>
    </p>
   </div>
   <div class='ocr_carea' id='block_1_81' title="bbox 2038 3630 3619 3699">
    <p class='ocr_par' dir='ltr' id='par_1_81' title="bbox 2038 3630 3619 3699">
     <span class='ocr_line' id='line_1_81' title="bbox 2038 3630 3619 3699; baseline -0.002 -12"><span class='ocrx_word' id='word_1_610' title='bbox 2038 3648 2166 3687; x_wconf 88' lang='lat' dir='ltr'><strong>vero</strong></span> <span class='ocrx_word' id='word_1_611' title='bbox 2225 3631 2511 3686; x_wconf 89' lang='lat' dir='ltr'><strong>meliorem</strong></span> <span class='ocrx_word' id='word_1_612' title='bbox 2550 3631 2603 3684; x_wconf 91' lang='lat' dir='ltr'><strong>in</strong></span> <span class='ocrx_word' id='word_1_613' title='bbox 2663 3639 2870 3699; x_wconf 82' lang='lat' dir='ltr'><strong>partem</strong></span> <span class='ocrx_word' id='word_1_614' title='bbox 2933 3630 3194 3692; x_wconf 87' lang='lat' dir='ltr'><strong>sumitur,</strong></span> <span class='ocrx_word' id='word_1_615' title='bbox 3235 3639 3294 3683; x_wconf 90' lang='lat' dir='ltr'><strong>ut</strong></span> <span class='ocrx_word' id='word_1_616' title='bbox 3325 3644 3447 3683; x_wconf 90' lang='lat' dir='ltr'><strong>cum</strong></span> <span class='ocrx_word' id='word_1_617' title='bbox 3485 3631 3619 3685; x_wconf 84' lang='lat' dir='ltr'><strong>Pro-</strong></span> 
     </span>
    </p>
   </div>
   <div class='ocr_carea' id='block_1_82' title="bbox 2039 3720 3616 3794">
    <p class='ocr_par' dir='ltr' id='par_1_82' title="bbox 2039 3720 3616 3794">
     <span class='ocr_line' id='line_1_82' title="bbox 2039 3720 3616 3794; baseline 0.001 -17"><span class='ocrx_word' id='word_1_618' title='bbox 2039 3724 2196 3794; x_wconf 85' lang='lat' dir='ltr'><strong>pheta</strong></span> <span class='ocrx_word' id='word_1_619' title='bbox 2235 3722 2378 3776; x_wconf 82' lang='lat' dir='ltr'><strong>idetn</strong></span> <span class='ocrx_word' id='word_1_620' title='bbox 2409 3723 2486 3776; x_wconf 89' lang='lat' dir='ltr'><strong>ait</strong></span> <span class='ocrx_word' id='word_1_621' title='bbox 2514 3741 2527 3776; x_wconf 91' lang='lat'><strong>:</strong></span> <span class='ocrx_word' id='word_1_622' title='bbox 2564 3720 2754 3774; x_wconf 77' lang='lat' dir='ltr'><strong>Justus</strong></span> <span class='ocrx_word' id='word_1_623' title='bbox 2790 3731 2845 3774; x_wconf 84' lang='lat' dir='ltr'><strong>ut</strong></span> <span class='ocrx_word' id='word_1_624' title='bbox 2879 3721 3059 3790; x_wconf 78' lang='lat' dir='ltr'><strong>palma</strong></span> <span class='ocrx_word' id='word_1_625' title='bbox 3087 3721 3318 3789; x_wconf 81' lang='lat' dir='ltr'><strong>ﬂorebit,</strong></span> <span class='ocrx_word' id='word_1_626' title='bbox 3349 3731 3407 3774; x_wconf 88' lang='lat' dir='ltr'><strong>ut</strong></span> <span class='ocrx_word' id='word_1_627' title='bbox 3431 3723 3616 3778; x_wconf 76' lang='lat' dir='ltr'><strong>cedrus</strong></span> 
     </span>
    </p>
   </div>
   <div class='ocr_carea' id='block_1_83' title="bbox 2031 3812 3618 3890">
    <p class='ocr_par' dir='ltr' id='par_1_83' title="bbox 2031 3812 3618 3890">
     <span class='ocr_line' id='line_1_83' title="bbox 2031 3812 3618 3890; baseline 0.001 -22"><span class='ocrx_word' id='word_1_628' title='bbox 2031 3816 2090 3868; x_wconf 84' lang='lat' dir='ltr'><strong>in</strong></span> <span class='ocrx_word' id='word_1_629' title='bbox 2147 3813 2350 3868; x_wconf 87' lang='lat' dir='ltr'><strong>Libano</strong></span> <span class='ocrx_word' id='word_1_630' title='bbox 2413 3813 2830 3882; x_wconf 79' lang='lat' dir='ltr'><strong>ampliﬁcabitur</strong></span> <span class='ocrx_word' id='word_1_631' title='bbox 2879 3813 2947 3866; x_wconf 73' lang='lat'><strong>”.</strong></span> <span class='ocrx_word' id='word_1_632' title='bbox 2999 3812 3133 3866; x_wconf 83' lang='lat' dir='ltr'><strong>Nam</strong></span> <span class='ocrx_word' id='word_1_633' title='bbox 3184 3828 3375 3890; x_wconf 83' lang='lat' dir='ltr'><strong>revera</strong></span> <span class='ocrx_word' id='word_1_634' title='bbox 3434 3813 3618 3882; x_wconf 89' lang='lat' dir='ltr'><strong>justus</strong></span> 
     </span>
    </p>
   </div>
   <div class='ocr_carea' id='block_1_84' title="bbox 2037 3905 3618 3977">
    <p class='ocr_par' dir='ltr' id='par_1_84' title="bbox 2037 3905 3618 3977">
     <span class='ocr_line' id='line_1_84' title="bbox 2037 3905 3618 3977; baseline 0.002 -18"><span class='ocrx_word' id='word_1_635' title='bbox 2037 3910 2055 3977; x_wconf 93' lang='lat'><strong>(</strong></span> <span class='ocrx_word' id='word_1_636' title='bbox 2088 3907 2352 3961; x_wconf 84' lang='lat' dir='ltr'><strong>Dominus</strong></span> <span class='ocrx_word' id='word_1_637' title='bbox 2385 3915 2568 3960; x_wconf 86' lang='lat' dir='ltr'><strong>autem</strong></span> <span class='ocrx_word' id='word_1_638' title='bbox 2602 3914 2688 3960; x_wconf 86' lang='lat' dir='ltr'><strong>est</strong></span> <span class='ocrx_word' id='word_1_639' title='bbox 2716 3907 2902 3975; x_wconf 89' lang='lat' dir='ltr'><strong>justus</strong></span> <span class='ocrx_word' id='word_1_640' title='bbox 2949 3905 3080 3976; x_wconf 89' lang='lat' dir='ltr'><strong>ille)</strong></span> <span class='ocrx_word' id='word_1_641' title='bbox 3131 3906 3223 3975; x_wconf 86' lang='lat' dir='ltr'><strong>qui</strong></span> <span class='ocrx_word' id='word_1_642' title='bbox 3262 3914 3484 3976; x_wconf 89' lang='lat' dir='ltr'><strong>propter</strong></span> <span class='ocrx_word' id='word_1_643' title='bbox 3517 3922 3618 3962; x_wconf 89' lang='lat' dir='ltr'><strong>nos</strong></span> 
     </span>
    </p>
   </div>
   <div class='ocr_carea' id='block_1_85' title="bbox 2037 3998 3617 4067">
    <p class='ocr_par' dir='ltr' id='par_1_85' title="bbox 2037 3998 3617 4067">
     <span class='ocr_line' id='line_1_85' title="bbox 2037 3998 3617 4067; baseline -0.002 -13"><span class='ocrx_word' id='word_1_644' title='bbox 2037 4009 2192 4054; x_wconf 88' lang='lat' dir='ltr'><strong>ortus</strong></span> <span class='ocrx_word' id='word_1_645' title='bbox 2227 4006 2314 4054; x_wconf 87' lang='lat' dir='ltr'><strong>est</strong></span> <span class='ocrx_word' id='word_1_646' title='bbox 2358 3999 2426 4054; x_wconf 90' lang='lat' dir='ltr'><strong>de</strong></span> <span class='ocrx_word' id='word_1_647' title='bbox 2464 4009 2607 4053; x_wconf 88' lang='lat' dir='ltr'><strong>terra</strong></span> <span class='ocrx_word' id='word_1_648' title='bbox 2637 4015 2650 4051; x_wconf 93' lang='lat'>:</span> <span class='ocrx_word' id='word_1_649' title='bbox 2686 3999 2734 4053; x_wconf 90' lang='lat' dir='ltr'><strong>is</strong></span> <span class='ocrx_word' id='word_1_650' title='bbox 2775 3998 2944 4067; x_wconf 85' lang='lat' dir='ltr'><strong>igitur</strong></span> <span class='ocrx_word' id='word_1_651' title='bbox 2973 4009 3058 4053; x_wconf 88' lang='lat' dir='ltr'><strong>est</strong></span> <span class='ocrx_word' id='word_1_652' title='bbox 3094 3999 3346 4052; x_wconf 89' lang='lat' dir='ltr'><strong>alticoma</strong></span> <span class='ocrx_word' id='word_1_653' title='bbox 3379 3998 3466 4051; x_wconf 88' lang='lat' dir='ltr'><strong>illa</strong></span> <span class='ocrx_word' id='word_1_654' title='bbox 3502 3999 3617 4067; x_wconf 86' lang='lat' dir='ltr'><strong>pal-</strong></span> 
     </span>
    </p>
   </div>
   <div class='ocr_carea' id='block_1_86' title="bbox 2039 4090 3617 4160">
    <p class='ocr_par' dir='ltr' id='par_1_86' title="bbox 2039 4090 3617 4160">
     <span class='ocr_line' id='line_1_86' title="bbox 2039 4090 3617 4160; baseline -0.002 -15"><span class='ocrx_word' id='word_1_655' title='bbox 2039 4106 2146 4152; x_wconf 88' lang='lat' dir='ltr'><strong>ma,</strong></span> <span class='ocrx_word' id='word_1_656' title='bbox 2186 4106 2311 4160; x_wconf 72' lang='lat' dir='ltr'><strong>qua:</strong></span> <span class='ocrx_word' id='word_1_657' title='bbox 2348 4099 2541 4146; x_wconf 80' lang='lat' dir='ltr'><strong>exorta</strong></span> <span class='ocrx_word' id='word_1_658' title='bbox 2582 4091 2636 4145; x_wconf 93' lang='lat' dir='ltr'><strong>in</strong></span> <span class='ocrx_word' id='word_1_659' title='bbox 2672 4097 2882 4145; x_wconf 79' lang='lat' dir='ltr'><strong>naturae</strong></span> <span class='ocrx_word' id='word_1_660' title='bbox 2910 4099 3111 4146; x_wconf 76' lang='lat' dir='ltr'><strong>nostra:</strong></span> <span class='ocrx_word' id='word_1_661' title='bbox 3145 4090 3302 4155; x_wconf 89' lang='lat' dir='ltr'><strong>silva,</strong></span> <span class='ocrx_word' id='word_1_662' title='bbox 3342 4105 3498 4144; x_wconf 90' lang='lat' dir='ltr'><strong>mons</strong></span> <span class='ocrx_word' id='word_1_663' title='bbox 3541 4093 3617 4152; x_wconf 88' lang='lat' dir='ltr'><strong>lit,</strong></span> 
     </span>
    </p>
   </div>
   <div class='ocr_carea' id='block_1_87' title="bbox 2037 4182 3618 4253">
    <p class='ocr_par' dir='ltr' id='par_1_87' title="bbox 2037 4182 3618 4253">
     <span class='ocr_line' id='line_1_87' title="bbox 2037 4182 3618 4253; baseline 0.001 -17"><span class='ocrx_word' id='word_1_664' title='bbox 2037 4193 2196 4236; x_wconf 88' lang='lat' dir='ltr'><strong>aucta</strong></span> <span class='ocrx_word' id='word_1_665' title='bbox 2223 4182 2404 4245; x_wconf 60' lang='lat' dir='ltr'><strong>cedi-is</strong></span> <span class='ocrx_word' id='word_1_666' title='bbox 2433 4198 2646 4248; x_wconf 88' lang='lat' dir='ltr'><strong>eorum,</strong></span> <span class='ocrx_word' id='word_1_667' title='bbox 2686 4183 2779 4253; x_wconf 89' lang='lat' dir='ltr'><strong>qui</strong></span> <span class='ocrx_word' id='word_1_668' title='bbox 2818 4198 2913 4251; x_wconf 89' lang='lat' dir='ltr'><strong>per</strong></span> <span class='ocrx_word' id='word_1_669' title='bbox 2943 4184 3101 4237; x_wconf 78' lang='lat' dir='ltr'><strong>[idem</strong></span> <span class='ocrx_word' id='word_1_670' title='bbox 3138 4183 3194 4238; x_wconf 91' lang='lat' dir='ltr'><strong>in</strong></span> <span class='ocrx_word' id='word_1_671' title='bbox 3250 4183 3368 4253; x_wconf 87' lang='lat' dir='ltr'><strong>ipso</strong></span> <span class='ocrx_word' id='word_1_672' title='bbox 3408 4182 3618 4238; x_wconf 81' lang='lat' dir='ltr'><strong>radices</strong></span> 
     </span>
    </p>
   </div>
   <div class='ocr_carea' id='block_1_88' title="bbox 2036 4269 3618 4342">
    <p class='ocr_par' dir='ltr' id='par_1_88' title="bbox 2036 4269 3618 4342">
     <span class='ocr_line' id='line_1_88' title="bbox 2036 4269 3618 4342; baseline 0.001 -18"><span class='ocrx_word' id='word_1_673' title='bbox 2036 4279 2227 4340; x_wconf 81' lang='lat' dir='ltr'><strong>agunt,</strong></span> <span class='ocrx_word' id='word_1_674' title='bbox 2279 4288 2401 4342; x_wconf 67' lang='lat' dir='ltr'><strong>quae</strong></span> <span class='ocrx_word' id='word_1_675' title='bbox 2442 4273 2662 4342; x_wconf 86' lang='lat' dir='ltr'><strong>quidem</strong></span> <span class='ocrx_word' id='word_1_676' title='bbox 2699 4271 2850 4326; x_wconf 90' lang='lat' dir='ltr'><strong>cedri</strong></span> <span class='ocrx_word' id='word_1_677' title='bbox 2911 4287 3037 4325; x_wconf 88' lang='lat' dir='ltr'><strong>cum</strong></span> <span class='ocrx_word' id='word_1_678' title='bbox 3097 4271 3357 4341; x_wconf 71' lang='lat' dir='ltr'><strong>plantatte</strong></span> <span class='ocrx_word' id='word_1_679' title='bbox 3409 4271 3466 4324; x_wconf 88' lang='lat' dir='ltr'><strong>iu</strong></span> <span class='ocrx_word' id='word_1_680' title='bbox 3527 4269 3618 4325; x_wconf 86' lang='lat' dir='ltr'><strong>Dei</strong></span> 
     </span>
    </p>
   </div>
   <div class='ocr_carea' id='block_1_89' title="bbox 2037 4361 3619 4428">
    <p class='ocr_par' dir='ltr' id='par_1_89' title="bbox 2037 4361 3619 4428">
     <span class='ocr_line' id='line_1_89' title="bbox 2037 4361 3619 4428; baseline -0.001 -10"><span class='ocrx_word' id='word_1_681' title='bbox 2037 4364 2202 4418; x_wconf 88' lang='lat' dir='ltr'><strong>domo</strong></span> <span class='ocrx_word' id='word_1_682' title='bbox 2234 4364 2462 4428; x_wconf 83' lang='lat' dir='ltr'><strong>fuerint,</strong></span> <span class='ocrx_word' id='word_1_683' title='bbox 2508 4365 2562 4416; x_wconf 93' lang='lat' dir='ltr'><strong>in</strong></span> <span class='ocrx_word' id='word_1_684' title='bbox 2597 4363 2754 4419; x_wconf 86' lang='lat' dir='ltr'><strong>atriis</strong></span> <span class='ocrx_word' id='word_1_685' title='bbox 2785 4363 2878 4418; x_wconf 91' lang='lat' dir='ltr'><strong>Dei</strong></span> <span class='ocrx_word' id='word_1_686' title='bbox 2917 4363 3095 4418; x_wconf 90' lang='lat' dir='ltr'><strong>nostri</strong></span> <span class='ocrx_word' id='word_1_687' title='bbox 3138 4363 3429 4419; x_wconf 86' lang='lat' dir='ltr'><strong>ﬂorebunt.</strong></span> <span class='ocrx_word' id='word_1_688' title='bbox 3467 4361 3619 4417; x_wconf 79' lang='lat' dir='ltr'><strong>lianc</strong></span> 
     </span>
    </p>
   </div>
   <div class='ocr_carea' id='block_1_90' title="bbox 2038 4451 3617 4522">
    <p class='ocr_par' dir='ltr' id='par_1_90' title="bbox 2038 4451 3617 4522">
     <span class='ocr_line' id='line_1_90' title="bbox 2038 4451 3617 4522; baseline -0.002 -15"><span class='ocrx_word' id='word_1_689' title='bbox 2038 4463 2222 4508; x_wconf 88' lang='lat' dir='ltr'><strong>autem</strong></span> <span class='ocrx_word' id='word_1_690' title='bbox 2249 4454 2474 4507; x_wconf 89' lang='lat' dir='ltr'><strong>domum</strong></span> <span class='ocrx_word' id='word_1_691' title='bbox 2515 4451 2820 4508; x_wconf 86' lang='lat' dir='ltr'><strong>Ecclesiam</strong></span> <span class='ocrx_word' id='word_1_692' title='bbox 2851 4469 2974 4508; x_wconf 85' lang='lat' dir='ltr'><strong>esse</strong></span> <span class='ocrx_word' id='word_1_693' title='bbox 3026 4453 3408 4522; x_wconf 74' lang='lat' dir='ltr'><strong>iutell‘gimus,</strong></span> <span class='ocrx_word' id='word_1_694' title='bbox 3469 4453 3617 4522; x_wconf 83' lang='lat' dir='ltr'><strong>Apo-</strong></span> 
     </span>
    </p>
   </div>
   <div class='ocr_carea' id='block_1_91' title="bbox 2039 4542 3618 4612">
    <p class='ocr_par' dir='ltr' id='par_1_91' title="bbox 2039 4542 3618 4612">
     <span class='ocr_line' id='line_1_91' title="bbox 2039 4542 3618 4612; baseline 0 -14"><span class='ocrx_word' id='word_1_695' title='bbox 2039 4545 2238 4599; x_wconf 90' lang='lat' dir='ltr'><strong>stolum</strong></span> <span class='ocrx_word' id='word_1_696' title='bbox 2302 4543 2514 4598; x_wconf 89' lang='lat' dir='ltr'><strong>secuti:</strong></span> <span class='ocrx_word' id='word_1_697' title='bbox 2556 4544 2611 4596; x_wconf 92' lang='lat' dir='ltr'><strong>in</strong></span> <span class='ocrx_word' id='word_1_698' title='bbox 2651 4559 2758 4612; x_wconf 87' lang='lat' dir='ltr'><strong>qua</strong></span> <span class='ocrx_word' id='word_1_699' title='bbox 2813 4543 2960 4598; x_wconf 86' lang='lat' dir='ltr'><strong>cedri</strong></span> <span class='ocrx_word' id='word_1_700' title='bbox 3004 4542 3102 4596; x_wconf 90' lang='lat' dir='ltr'><strong>Dei</strong></span> <span class='ocrx_word' id='word_1_701' title='bbox 3160 4544 3618 4598; x_wconf 83' lang='lat' dir='ltr'><strong>conseruntur&quot;.</strong></span> 
     </span>
    </p>
   </div>
   <div class='ocr_carea' id='block_1_92' title="bbox 338 4625 1929 4704">
    <p class='ocr_par' dir='ltr' id='par_1_92' title="bbox 338 4625 1929 4702">
     <span class='ocr_line' id='line_1_92' title="bbox 338 4625 1929 4702; baseline 0 -20"><span class='ocrx_word' id='word_1_702' title='bbox 338 4631 560 4699; x_wconf 78' lang='grc' dir='ltr'>φυτεία.</span> <span class='ocrx_word' id='word_1_703' title='bbox 593 4631 774 4695; x_wconf 75' lang='grc' dir='ltr'>Αῦλάς</span> <span class='ocrx_word' id='word_1_704' title='bbox 811 4631 869 4687; x_wconf 85' lang='grc' dir='ltr'>δὲ</span> <span class='ocrx_word' id='word_1_705' title='bbox 905 4631 1003 4694; x_wconf 72' lang='grc' dir='ltr'>τὰς</span> <span class='ocrx_word' id='word_1_706' title='bbox 1032 4631 1281 4695; x_wconf 77' lang='grc' dir='ltr'>αἰωνίους</span> <span class='ocrx_word' id='word_1_707' title='bbox 1310 4630 1534 4702; x_wconf 82' lang='grc' dir='ltr'>σκηνάς.</span> <span class='ocrx_word' id='word_1_708' title='bbox 1567 4633 1624 4683; x_wconf 86' lang='grc' dir='ltr'><strong>ὲν</strong></span> <span class='ocrx_word' id='word_1_709' title='bbox 1651 4625 1738 4693; x_wconf 76' lang='grc' dir='ltr'>αἷς</span> <span class='ocrx_word' id='word_1_710' title='bbox 1763 4631 1798 4701; x_wconf 83' lang='grc' dir='ltr'>ή</span> <span class='ocrx_word' id='word_1_711' title='bbox 1825 4628 1929 4682; x_wconf 84' lang='grc' dir='ltr'><strong>τῶν</strong></span> 
     </span>
    </p>
   </div>
   <div class='ocr_carea' id='block_1_93' title="bbox 2035 4625 3618 4704">
    <p class='ocr_par' dir='ltr' id='par_1_93' title="bbox 2037 4633 3618 4704">
     <span class='ocr_line' id='line_1_93' title="bbox 2037 4633 3618 4704; baseline 0.001 -16"><span class='ocrx_word' id='word_1_712' title='bbox 2037 4634 2138 4690; x_wconf 85' lang='lat' dir='ltr'><strong>Per</strong></span> <span class='ocrx_word' id='word_1_713' title='bbox 2171 4635 2310 4688; x_wconf 88' lang='lat' dir='ltr'><strong>atria</strong></span> <span class='ocrx_word' id='word_1_714' title='bbox 2343 4650 2474 4688; x_wconf 90' lang='lat' dir='ltr'><strong>vero</strong></span> <span class='ocrx_word' id='word_1_715' title='bbox 2508 4641 2709 4689; x_wconf 69' lang='lat' dir='ltr'><strong>aeterna</strong></span> <span class='ocrx_word' id='word_1_716' title='bbox 2747 4633 2838 4688; x_wconf 88' lang='lat' dir='ltr'><strong>illa</strong></span> <span class='ocrx_word' id='word_1_717' title='bbox 2904 4633 3266 4689; x_wconf 89' lang='lat' dir='ltr'><strong>tabernacula</strong></span> <span class='ocrx_word' id='word_1_718' title='bbox 3296 4633 3618 4704; x_wconf 86' lang='lat' dir='ltr'><strong>accipimus,</strong></span> 
     </span>
    </p>
   </div>
   <div class='ocr_carea' id='block_1_94' title="bbox 338 4720 1931 4792">
    <p class='ocr_par' dir='ltr' id='par_1_94' title="bbox 338 4720 1931 4792">
     <span class='ocr_line' id='line_1_94' title="bbox 338 4720 1931 4792; baseline -0.004 -14"><span class='ocrx_word' id='word_1_719' title='bbox 338 4721 565 4789; x_wconf 82' lang='grc' dir='ltr'><strong>ἀγαθῶν</strong></span> <span class='ocrx_word' id='word_1_720' title='bbox 606 4721 834 4778; x_wconf 73' lang='grc' dir='ltr'>ἐλπίδων</span> <span class='ocrx_word' id='word_1_721' title='bbox 871 4721 1156 4792; x_wconf 80' lang='grc' dir='ltr'>ὲξάνθησίς</span> <span class='ocrx_word' id='word_1_722' title='bbox 1199 4737 1259 4774; x_wconf 84' lang='grc' dir='ltr'><strong>τε</strong></span> <span class='ocrx_word' id='word_1_723' title='bbox 1323 4721 1417 4774; x_wconf 78' lang='grc' dir='ltr'>καὶ</span> <span class='ocrx_word' id='word_1_724' title='bbox 1465 4720 1771 4792; x_wconf 80' lang='grc' dir='ltr'>φανέρωσις</span> <span class='ocrx_word' id='word_1_725' title='bbox 1816 4721 1931 4782; x_wconf 81' lang='grc' dir='ltr'>τοῖς</span> 
     </span>
    </p>
   </div>
   <div class='ocr_carea' id='block_1_95' title="bbox 327 4808 1931 4886">
    <p class='ocr_par' dir='ltr' id='par_1_95' title="bbox 327 4808 1931 4886">
     <span class='ocr_line' id='line_1_95' title="bbox 327 4808 1931 4886; baseline -0.002 -20"><span class='ocrx_word' id='word_1_726' title='bbox 327 4808 645 4886; x_wconf 71' lang='grc' dir='ltr'>’καθήκουσι</span> <span class='ocrx_word' id='word_1_727' title='bbox 665 4814 877 4884; x_wconf 82' lang='grc' dir='ltr'>χρόνοις</span> <span class='ocrx_word' id='word_1_728' title='bbox 899 4815 1206 4882; x_wconf 80' lang='grc' dir='ltr'>γενήσεται.</span> <span class='ocrx_word' id='word_1_729' title='bbox 1245 4813 1459 4882; x_wconf 83' lang='grc' dir='ltr'>Ἐπειδὴ</span> <span class='ocrx_word' id='word_1_730' title='bbox 1481 4812 1658 4865; x_wconf 80' lang='grc' dir='ltr'>τοίνυν</span> <span class='ocrx_word' id='word_1_731' title='bbox 1683 4811 1743 4864; x_wconf 77' lang='grc' dir='ltr'><strong>τὸ</strong></span> <span class='ocrx_word' id='word_1_732' title='bbox 1768 4808 1931 4880; x_wconf 82' lang='grc' dir='ltr'>σῶμα</span> 
     </span>
    </p>
   </div>
   <div class='ocr_carea' id='block_1_96' title="bbox 341 4901 1928 4980">
    <p class='ocr_par' dir='ltr' id='par_1_96' title="bbox 341 4901 1928 4980">
     <span class='ocr_line' id='line_1_96' title="bbox 341 4901 1928 4980; baseline -0.001 -22"><span class='ocrx_word' id='word_1_733' title='bbox 341 4905 443 4958; x_wconf 71' lang='grc' dir='ltr'><strong>⁴τοῦ</strong></span> <span class='ocrx_word' id='word_1_734' title='bbox 465 4905 699 4977; x_wconf 87' lang='grc' dir='ltr'>Χριστοῦ</span> <span class='ocrx_word' id='word_1_735' title='bbox 717 4903 805 4965; x_wconf 82' lang='grc' dir='ltr'>διὰ</span> <span class='ocrx_word' id='word_1_736' title='bbox 823 4905 933 4980; x_wconf 18' lang='grc' dir='ltr'>,τῶν</span> <span class='ocrx_word' id='word_1_737' title='bbox 951 4904 1071 4960; x_wconf 81' lang='grc' dir='ltr'>καθ’</span> <span class='ocrx_word' id='word_1_738' title='bbox 1094 4904 1322 4964; x_wconf 76' lang='grc' dir='ltr'>ἕκαστον</span> <span class='ocrx_word' id='word_1_739' title='bbox 1339 4902 1706 4975; x_wconf 83' lang='grc' dir='ltr'>ὲκπληροῦται</span> <span class='ocrx_word' id='word_1_740' title='bbox 1727 4901 1928 4975; x_wconf 86' lang='grc' dir='ltr'>μελῶν⁶</span> 
     </span>
    </p>
   </div>
   <div class='ocr_carea' id='block_1_97' title="bbox 352 4984 1928 5065">
    <p class='ocr_par' dir='ltr' id='par_1_97' title="bbox 352 4984 1928 5065">
     <span class='ocr_line' id='line_1_97' title="bbox 352 4984 1928 5065; baseline 0 -17"><span class='ocrx_word' id='word_1_741' title='bbox 352 4993 432 5048; x_wconf 84' lang='grc' dir='ltr'><strong>Τὰ</strong></span> <span class='ocrx_word' id='word_1_742' title='bbox 449 4995 557 5062; x_wconf 76' lang='grc' dir='ltr'><strong>γὰρ</strong></span> <span class='ocrx_word' id='word_1_743' title='bbox 573 4994 962 5065; x_wconf 74' lang='grc' dir='ltr'>πολλὰμέλη,</span> <span class='ocrx_word' id='word_1_744' title='bbox 976 4984 1048 5052; x_wconf 48' lang='grc' dir='ltr'><strong>ἓν</strong></span> <span class='ocrx_word' id='word_1_745' title='bbox 1059 4994 1230 5064; x_wconf 82' lang='grc' dir='ltr'>σῶμα</span> <span class='ocrx_word' id='word_1_746' title='bbox 1256 4995 1502 5065; x_wconf 72' lang='grc' dir='ltr'>γίνεται,</span> <span class='ocrx_word' id='word_1_747' title='bbox 1517 4992 1698 5057; x_wconf 84' lang='grc' dir='ltr'>καθώς</span> <span class='ocrx_word' id='word_1_748' title='bbox 1713 5011 1877 5065; x_wconf 83' lang='grc' dir='ltr'>φησιν</span> <span class='ocrx_word' id='word_1_749' title='bbox 1898 4995 1928 5048; x_wconf 91' lang='lat'><strong>6</strong></span> 
     </span>
    </p>
   </div>
   <div class='ocr_carea' id='block_1_98' title="bbox 359 5084 1928 5157">
    <p class='ocr_par' dir='ltr' id='par_1_98' title="bbox 359 5084 1928 5157">
     <span class='ocr_line' id='line_1_98' title="bbox 359 5084 1928 5157; baseline 0.002 -21"><span class='ocrx_word' id='word_1_750' title='bbox 359 5084 678 5150; x_wconf 75' lang='grc' dir='ltr'>’Λπόστολος</span> <span class='ocrx_word' id='word_1_751' title='bbox 699 5106 714 5120; x_wconf 78' lang='grc' dir='ltr'><strong>ο</strong></span> <span class='ocrx_word' id='word_1_752' title='bbox 747 5085 934 5139; x_wconf 77' lang='grc' dir='ltr'>τούτου</span> <span class='ocrx_word' id='word_1_753' title='bbox 979 5085 1138 5157; x_wconf 85' lang='grc' dir='ltr'>χάριν</span> <span class='ocrx_word' id='word_1_754' title='bbox 1166 5085 1284 5140; x_wconf 87' lang='grc' dir='ltr'>ὅλον</span> <span class='ocrx_word' id='word_1_755' title='bbox 1314 5086 1374 5141; x_wconf 79' lang='grc' dir='ltr'>τὸ</span> <span class='ocrx_word' id='word_1_756' title='bbox 1399 5084 1491 5144; x_wconf 85' lang='grc' dir='ltr'><strong>τοῦ</strong></span> <span class='ocrx_word' id='word_1_757' title='bbox 1525 5085 1760 5155; x_wconf 80' lang='grc' dir='ltr'>νυμφίου</span> <span class='ocrx_word' id='word_1_758' title='bbox 1794 5086 1928 5139; x_wconf 81' lang='grc' dir='ltr'>κάλ-</span> 
     </span>
    </p>
   </div>
   <div class='ocr_carea' id='block_1_99' title="bbox 340 5176 1930 5248">
    <p class='ocr_par' dir='ltr' id='par_1_99' title="bbox 340 5176 1930 5248">
     <span class='ocr_line' id='line_1_99' title="bbox 340 5176 1930 5248; baseline 0.002 -19"><span class='ocrx_word' id='word_1_759' title='bbox 340 5176 438 5238; x_wconf 78' lang='grc' dir='ltr'><strong>λος</strong></span> <span class='ocrx_word' id='word_1_760' title='bbox 480 5177 570 5229; x_wconf 84' lang='grc' dir='ltr'>τὸν</span> <span class='ocrx_word' id='word_1_761' title='bbox 613 5177 867 5231; x_wconf 76' lang='grc' dir='ltr'>ἐκλεκτὸν</span> <span class='ocrx_word' id='word_1_762' title='bbox 901 5177 1152 5248; x_wconf 73' lang='grc' dir='ltr'>ὠνόμασε</span> <span class='ocrx_word' id='word_1_763' title='bbox 1207 5177 1469 5243; x_wconf 84' lang='grc' dir='ltr'>Λίϐανον,</span> <span class='ocrx_word' id='word_1_764' title='bbox 1519 5177 1620 5246; x_wconf 81' lang='grc' dir='ltr'>τὴν</span> <span class='ocrx_word' id='word_1_765' title='bbox 1661 5177 1796 5248; x_wconf 82' lang='grc' dir='ltr'>πρὸς</span> <span class='ocrx_word' id='word_1_766' title='bbox 1823 5179 1930 5232; x_wconf 78' lang='grc' dir='ltr'>τὸν</span> 
     </span>
    </p>
   </div>
   <div class='ocr_carea' id='block_1_100' title="bbox 340 5267 1930 5344">
    <p class='ocr_par' dir='ltr' id='par_1_100' title="bbox 340 5267 1930 5344">
     <span class='ocr_line' id='line_1_100' title="bbox 340 5267 1930 5344; baseline 0 -24"><span class='ocrx_word' id='word_1_767' title='bbox 340 5267 654 5338; x_wconf 74' lang='grc' dir='ltr'>ἀπόϐλητον</span> <span class='ocrx_word' id='word_1_768' title='bbox 674 5269 903 5323; x_wconf 87' lang='grc' dir='ltr'>Λίϐανον</span> <span class='ocrx_word' id='word_1_769' title='bbox 923 5269 1188 5343; x_wconf 63' lang='grc' dir='ltr'>διαφορὰν</span> <span class='ocrx_word' id='word_1_770' title='bbox 1205 5269 1282 5340; x_wconf 79' lang='grc' dir='ltr'><strong>τῷ</strong></span> <span class='ocrx_word' id='word_1_771' title='bbox 1305 5269 1543 5344; x_wconf 81' lang='grc' dir='ltr'>ἐκλεκτῷ</span> <span class='ocrx_word' id='word_1_772' title='bbox 1564 5269 1930 5324; x_wconf 82' lang='grc' dir='ltr'>διαστείλασα.</span> 
     </span>
    </p>
   </div>
   <div class='ocr_carea' id='block_1_101' title="bbox 358 5355 1930 5434">
    <p class='ocr_par' dir='ltr' id='par_1_101' title="bbox 358 5355 1930 5434">
     <span class='ocr_line' id='line_1_101' title="bbox 358 5355 1930 5434; baseline 0.003 -19"><span class='ocrx_word' id='word_1_773' title='bbox 358 5363 595 5426; x_wconf 82' lang='grc' dir='ltr'>Ἐκεῖνος</span> <span class='ocrx_word' id='word_1_774' title='bbox 622 5363 734 5434; x_wconf 78' lang='grc' dir='ltr'>γάρ</span> <span class='ocrx_word' id='word_1_775' title='bbox 753 5364 900 5421; x_wconf 77' lang='grc' dir='ltr'>ἐστιν</span> <span class='ocrx_word' id='word_1_776' title='bbox 927 5365 956 5416; x_wconf 87' lang='lat'><strong>6</strong></span> <span class='ocrx_word' id='word_1_777' title='bbox 994 5363 1224 5421; x_wconf 86' lang='grc' dir='ltr'>Λίϐανος</span> <span class='ocrx_word' id='word_1_778' title='bbox 1255 5363 1398 5416; x_wconf 83' lang='grc' dir='ltr'>κατὰ</span> <span class='ocrx_word' id='word_1_779' title='bbox 1426 5363 1515 5416; x_wconf 82' lang='grc' dir='ltr'>τὸν</span> <span class='ocrx_word' id='word_1_780' title='bbox 1555 5355 1804 5429; x_wconf 77' lang='grc' dir='ltr'>Ἡσαΐαν,</span> <span class='ocrx_word' id='word_1_781' title='bbox 1832 5364 1930 5420; x_wconf 76' lang='grc' dir='ltr'>σὺν</span> 
     </span>
    </p>
   </div>
   <div class='ocr_carea' id='block_1_102' title="bbox 339 5453 1932 5527">
    <p class='ocr_par' dir='ltr' id='par_1_102' title="bbox 339 5453 1932 5527">
     <span class='ocr_line' id='line_1_102' title="bbox 339 5453 1932 5527; baseline -0.002 -15"><span class='ocrx_word' id='word_1_782' title='bbox 339 5459 460 5518; x_wconf 77' lang='grc' dir='ltr'>τοῖς</span> <span class='ocrx_word' id='word_1_783' title='bbox 495 5455 717 5527; x_wconf 72' lang='grc' dir='ltr'>ὑψηλοῖς</span> <span class='ocrx_word' id='word_1_784' title='bbox 759 5455 1123 5526; x_wconf 78' lang='grc' dir='ltr'>πεσούμενος,</span> <span class='ocrx_word' id='word_1_785' title='bbox 1172 5457 1300 5510; x_wconf 83' lang='grc' dir='ltr'>ὅταν</span> <span class='ocrx_word' id='word_1_786' title='bbox 1338 5457 1402 5510; x_wconf 80' lang='grc' dir='ltr'>ἐκ</span> <span class='ocrx_word' id='word_1_787' title='bbox 1451 5455 1549 5524; x_wconf 82' lang='grc' dir='ltr'>τῆς</span> <span class='ocrx_word' id='word_1_788' title='bbox 1586 5455 1680 5508; x_wconf 86' lang='grc' dir='ltr'><strong>τοῦ</strong></span> <span class='ocrx_word' id='word_1_789' title='bbox 1731 5453 1932 5514; x_wconf 71' lang='grc' dir='ltr'>Ἰεσσαὶ</span> 
     </span>
    </p>
   </div>
   <div class='ocr_carea' id='block_1_103' title="bbox 348 5546 1931 5621">
    <p class='ocr_par' dir='ltr' id='par_1_103' title="bbox 348 5546 1931 5621">
     <span class='ocr_line' id='line_1_103' title="bbox 348 5546 1931 5621; baseline 0.001 -23"><span class='ocrx_word' id='word_1_790' title='bbox 348 5546 506 5621; x_wconf 76' lang='grc' dir='ltr'>ῥίζης</span> <span class='ocrx_word' id='word_1_791' title='bbox 546 5548 800 5620; x_wconf 73' lang='grc' dir='ltr'>ἀνατείλῃ</span> <span class='ocrx_word' id='word_1_792' title='bbox 832 5549 894 5601; x_wconf 83' lang='grc' dir='ltr'>τὸ</span> <span class='ocrx_word' id='word_1_793' title='bbox 922 5547 1103 5613; x_wconf 79' lang='grc' dir='ltr'>ἄνθος,</span> <span class='ocrx_word' id='word_1_794' title='bbox 1145 5549 1238 5602; x_wconf 78' lang='grc' dir='ltr'>καὶ</span> <span class='ocrx_word' id='word_1_795' title='bbox 1265 5549 1297 5619; x_wconf 80' lang='grc' dir='ltr'>ἡ</span> <span class='ocrx_word' id='word_1_796' title='bbox 1326 5548 1423 5619; x_wconf 81' lang='grc' dir='ltr'>τῆς</span> <span class='ocrx_word' id='word_1_797' title='bbox 1449 5546 1696 5612; x_wconf 77' lang='grc' dir='ltr'>ἐξουσίας</span> <span class='ocrx_word' id='word_1_798' title='bbox 1737 5547 1931 5618; x_wconf 71' lang='grc' dir='ltr'>ῥάϐδος</span> 
     </span>
    </p>
   </div>
   <div class='ocr_carea' id='block_1_104' title="bbox 419 5746 870 5809">
    <p class='ocr_par' dir='ltr' id='par_1_104' title="bbox 419 5746 870 5809">
     <span class='ocr_line' id='line_1_104' title="bbox 419 5746 870 5809; baseline 0.007 -14"><span class='ocrx_word' id='word_1_799' title='bbox 419 5746 465 5776; x_wconf 68' lang='grc' dir='ltr'>δ’</span> <span class='ocrx_word' id='word_1_800' title='bbox 486 5747 696 5801; x_wconf 75' lang='grc' dir='ltr'><strong>(ἰυιοςς.</strong></span> <span class='ocrx_word' id='word_1_801' title='bbox 727 5763 764 5809; x_wconf 85' lang='grc' dir='ltr'><strong>ι,</strong></span> <span class='ocrx_word' id='word_1_802' title='bbox 792 5747 870 5800; x_wconf 77' lang='lat' dir='ltr'><strong>l5.</strong></span> 
     </span>
    </p>
   </div>
   <div class='ocr_carea' id='block_1_105' title="bbox 339 5817 703 5888">
    <p class='ocr_par' dir='ltr' id='par_1_105' title="bbox 339 5817 703 5888">
     <span class='ocr_line' id='line_1_105' title="bbox 339 5817 703 5888; baseline -0.008 -15"><span class='ocrx_word' id='word_1_803' title='bbox 339 5832 461 5882; x_wconf 66' lang='grc' dir='ltr'>κει,</span> <span class='ocrx_word' id='word_1_804' title='bbox 497 5817 558 5876; x_wconf 70' lang='grc'><strong>15</strong></span> <span class='ocrx_word' id='word_1_805' title='bbox 581 5833 703 5888; x_wconf 83' lang='lat' dir='ltr'><strong>sqq.</strong></span> 
     </span>
    </p>
   </div>
   <div class='ocr_carea' id='block_1_106' title="bbox 946 5744 1960 5808">
    <p class='ocr_par' dir='ltr' id='par_1_106' title="bbox 946 5744 1960 5808">
     <span class='ocr_line' id='line_1_106' title="bbox 946 5744 1960 5808; baseline 0.001 -10"><span class='ocrx_word' id='word_1_806' title='bbox 946 5744 994 5777; x_wconf 77' lang='grc' dir='ltr'><strong>⁵ο</strong></span> <span class='ocrx_word' id='word_1_807' title='bbox 1022 5744 1207 5800; x_wconf 84' lang='lat' dir='ltr'><strong>llCor.</strong></span> <span class='ocrx_word' id='word_1_808' title='bbox 1245 5762 1331 5807; x_wconf 75' lang='lat' dir='ltr'><strong>xv,</strong></span> <span class='ocrx_word' id='word_1_809' title='bbox 1366 5746 1455 5799; x_wconf 68' lang='lat' dir='ltr'><strong>EH.</strong></span> <span class='ocrx_word' id='word_1_810' title='bbox 1493 5747 1535 5778; x_wconf 84' lang='grc'>³¹</span> <span class='ocrx_word' id='word_1_811' title='bbox 1567 5747 1722 5802; x_wconf 64' lang='grc' dir='ltr'>ΒΜιι.</span> <span class='ocrx_word' id='word_1_812' title='bbox 1749 5763 1824 5808; x_wconf 72' lang='lat' dir='ltr'><strong>nt,</strong></span> <span class='ocrx_word' id='word_1_813' title='bbox 1870 5746 1960 5801; x_wconf 66' lang='lat'><strong>“2|.</strong></span> 
     </span>
    </p>
   </div>
   <div class='ocr_carea' id='block_1_107' title="bbox 782 5815 2469 5887">
    <p class='ocr_par' dir='ltr' id='par_1_107' title="bbox 782 5815 2469 5887">
     <span class='ocr_line' id='line_1_107' title="bbox 782 5815 2469 5887; baseline -0.003 -14"><span class='ocrx_word' id='word_1_814' title='bbox 782 5817 827 5849; x_wconf 85' lang='grc'><strong><em>⁵⁵</em></strong></span> <span class='ocrx_word' id='word_1_815' title='bbox 868 5815 1123 5881; x_wconf 57' lang='lat' dir='ltr'><strong>Iturium,</strong></span> <span class='ocrx_word' id='word_1_816' title='bbox 1154 5816 1234 5872; x_wconf 82' lang='lat' dir='ltr'><strong>l7.</strong></span> <span class='ocrx_word' id='word_1_817' title='bbox 1303 5818 1347 5848; x_wconf 52' lang='grc' dir='ltr'>δέ</span> <span class='ocrx_word' id='word_1_818' title='bbox 1377 5817 1395 5872; x_wconf 93' lang='lat' dir='ltr'><strong>l</strong></span> <span class='ocrx_word' id='word_1_819' title='bbox 1421 5817 1546 5872; x_wconf 79' lang='lat' dir='ltr'><strong>Cor.</strong></span> <span class='ocrx_word' id='word_1_820' title='bbox 1586 5836 1684 5887; x_wconf 70' lang='lat' dir='ltr'><strong>xu,</strong></span> <span class='ocrx_word' id='word_1_821' title='bbox 1723 5818 1802 5872; x_wconf 74' lang='lat' dir='ltr'><strong>ll.</strong></span> <span class='ocrx_word' id='word_1_822' title='bbox 1884 5818 1926 5848; x_wconf 81' lang='grc'><strong>⁵⁷</strong></span> <span class='ocrx_word' id='word_1_823' title='bbox 1954 5815 2059 5874; x_wconf 66' lang='lat' dir='ltr'><strong>lsa.</strong></span> <span class='ocrx_word' id='word_1_824' title='bbox 2092 5819 2274 5884; x_wconf 69' lang='lat' dir='ltr'><strong>x,31;</strong></span> <span class='ocrx_word' id='word_1_825' title='bbox 2314 5833 2385 5884; x_wconf 62' lang='lat' dir='ltr'><strong>at,</strong></span> <span class='ocrx_word' id='word_1_826' title='bbox 2425 5815 2469 5868; x_wconf 78' lang='grc' dir='ltr'>Ι.</span> 
     </span>
    </p>
   </div>
   <div class='ocr_carea' id='block_1_108' title="bbox 2039 4723 3618 4797">
    <p class='ocr_par' dir='ltr' id='par_1_108' title="bbox 2039 4723 3618 4797">
     <span class='ocr_line' id='line_1_108' title="bbox 2039 4723 3618 4797; baseline 0.002 -17"><span class='ocrx_word' id='word_1_827' title='bbox 2039 4726 2094 4780; x_wconf 85' lang='grc' dir='ltr'>ἱιι</span> <span class='ocrx_word' id='word_1_828' title='bbox 2123 4725 2326 4795; x_wconf 88' lang='lat' dir='ltr'><strong>quibus</strong></span> <span class='ocrx_word' id='word_1_829' title='bbox 2353 4733 2406 4780; x_wconf 92' lang='lat' dir='ltr'><strong>et</strong></span> <span class='ocrx_word' id='word_1_830' title='bbox 2432 4723 2626 4779; x_wconf 82' lang='lat' dir='ltr'><strong>ﬂorent</strong></span> <span class='ocrx_word' id='word_1_831' title='bbox 2652 4740 2780 4794; x_wconf 90' lang='lat' dir='ltr'><strong>spes</strong></span> <span class='ocrx_word' id='word_1_832' title='bbox 2818 4725 2996 4788; x_wconf 68' lang='lat' dir='ltr'><strong>bonae,</strong></span> <span class='ocrx_word' id='word_1_833' title='bbox 3030 4733 3084 4780; x_wconf 89' lang='lat' dir='ltr'><strong>et</strong></span> <span class='ocrx_word' id='word_1_834' title='bbox 3115 4741 3217 4780; x_wconf 90' lang='lat' dir='ltr'><strong>suo</strong></span> <span class='ocrx_word' id='word_1_835' title='bbox 3247 4735 3492 4797; x_wconf 91' lang='lat' dir='ltr'><strong>tempore</strong></span> <span class='ocrx_word' id='word_1_836' title='bbox 3528 4744 3618 4797; x_wconf 80' lang='lat' dir='ltr'><strong>pa-</strong></span> 
     </span>
    </p>
   </div>
   <div class='ocr_carea' id='block_1_109' title="bbox 2037 4814 3624 4886">
    <p class='ocr_par' dir='ltr' id='par_1_109' title="bbox 2037 4814 3624 4886">
     <span class='ocr_line' id='line_1_109' title="bbox 2037 4814 3624 4886; baseline -0.001 -15"><span class='ocrx_word' id='word_1_837' title='bbox 2037 4817 2250 4872; x_wconf 85' lang='lat' dir='ltr'><strong>teliuut.</strong></span> <span class='ocrx_word' id='word_1_838' title='bbox 2283 4814 2466 4882; x_wconf 82' lang='lat' dir='ltr'><strong>Quare</strong></span> <span class='ocrx_word' id='word_1_839' title='bbox 2498 4831 2622 4868; x_wconf 82' lang='lat' dir='ltr'><strong>cum</strong></span> <span class='ocrx_word' id='word_1_840' title='bbox 2650 4815 2857 4869; x_wconf 79' lang='lat' dir='ltr'><strong>Christi</strong></span> <span class='ocrx_word' id='word_1_841' title='bbox 2889 4831 3094 4886; x_wconf 87' lang='lat' dir='ltr'><strong>corpus</strong></span> <span class='ocrx_word' id='word_1_842' title='bbox 3125 4832 3220 4886; x_wconf 90' lang='lat' dir='ltr'><strong>per</strong></span> <span class='ocrx_word' id='word_1_843' title='bbox 3244 4818 3482 4871; x_wconf 85' lang='lat' dir='ltr'><strong>membra</strong></span> <span class='ocrx_word' id='word_1_844' title='bbox 3512 4817 3624 4872; x_wconf 87' lang='lat' dir='ltr'><strong>siu-</strong></span> 
     </span>
    </p>
   </div>
   <div class='ocr_carea' id='block_1_110' title="bbox 2034 4904 3620 4977">
    <p class='ocr_par' dir='ltr' id='par_1_110' title="bbox 2034 4904 3620 4977">
     <span class='ocr_line' id='line_1_110' title="bbox 2034 4904 3620 4977; baseline -0.001 -17"><span class='ocrx_word' id='word_1_845' title='bbox 2034 4907 2160 4977; x_wconf 90' lang='lat' dir='ltr'><strong>gula</strong></span> <span class='ocrx_word' id='word_1_846' title='bbox 2206 4904 2299 4958; x_wconf 84' lang='lat' dir='ltr'><strong>liat</strong></span> <span class='ocrx_word' id='word_1_847' title='bbox 2342 4905 2642 4974; x_wconf 85' lang='lat' dir='ltr'><strong>integrum,</strong></span> <span class='ocrx_word' id='word_1_848' title='bbox 2708 4904 2952 4958; x_wconf 76' lang='lat' dir='ltr'><strong>Membra</strong></span> <span class='ocrx_word' id='word_1_849' title='bbox 2999 4906 3140 4959; x_wconf 84' lang='lat' dir='ltr'><strong>enim</strong></span> <span class='ocrx_word' id='word_1_850' title='bbox 3195 4906 3367 4959; x_wconf 84' lang='lat' dir='ltr'><strong>multa</strong></span> <span class='ocrx_word' id='word_1_851' title='bbox 3427 4921 3620 4974; x_wconf 73' lang='lat' dir='ltr'><strong>corpus</strong></span> 
     </span>
    </p>
   </div>
   <div class='ocr_carea' id='block_1_111' title="bbox 2033 4996 3622 5066">
    <p class='ocr_par' dir='ltr' id='par_1_111' title="bbox 2033 4996 3622 5066">
     <span class='ocr_line' id='line_1_111' title="bbox 2033 4996 3622 5066; baseline -0.001 -15"><span class='ocrx_word' id='word_1_852' title='bbox 2033 5014 2198 5052; x_wconf 86' lang='lat' dir='ltr'><strong>unum</strong></span> <span class='ocrx_word' id='word_1_853' title='bbox 2247 4999 2403 5066; x_wconf 79' lang='lat' dir='ltr'><strong>ﬁunt,</strong></span> <span class='ocrx_word' id='word_1_854' title='bbox 2467 4997 2645 5066; x_wconf 88' lang='lat' dir='ltr'><strong>inquit</strong></span> <span class='ocrx_word' id='word_1_855' title='bbox 2697 4996 2991 5066; x_wconf 82' lang='lat' dir='ltr'><strong>Apostolus</strong></span> <span class='ocrx_word' id='word_1_856' title='bbox 3036 4997 3106 5059; x_wconf 74' lang='grc'><strong>⁸⁸,</strong></span> <span class='ocrx_word' id='word_1_857' title='bbox 3161 5011 3280 5050; x_wconf 88' lang='lat' dir='ltr'><strong>eam</strong></span> <span class='ocrx_word' id='word_1_858' title='bbox 3328 4996 3498 5064; x_wconf 87' lang='lat' dir='ltr'><strong>ipsam</strong></span> <span class='ocrx_word' id='word_1_859' title='bbox 3550 4997 3622 5050; x_wconf 85' lang='lat' dir='ltr'><strong>ob</strong></span> 
     </span>
    </p>
   </div>
   <div class='ocr_carea' id='block_1_112' title="bbox 2028 5083 3620 5157">
    <p class='ocr_par' dir='ltr' id='par_1_112' title="bbox 2028 5083 3620 5157">
     <span class='ocr_line' id='line_1_112' title="bbox 2028 5083 3620 5157; baseline -0.003 -13"><span class='ocrx_word' id='word_1_860' title='bbox 2028 5104 2252 5146; x_wconf 87' lang='lat' dir='ltr'><strong>causam</strong></span> <span class='ocrx_word' id='word_1_861' title='bbox 2319 5094 2489 5142; x_wconf 89' lang='lat' dir='ltr'><strong>totam</strong></span> <span class='ocrx_word' id='word_1_862' title='bbox 2533 5087 2723 5157; x_wconf 86' lang='lat' dir='ltr'><strong>sponsi</strong></span> <span class='ocrx_word' id='word_1_863' title='bbox 2779 5095 3117 5142; x_wconf 78' lang='lat' dir='ltr'><strong>venustatem</strong></span> <span class='ocrx_word' id='word_1_864' title='bbox 3170 5085 3466 5154; x_wconf 87' lang='lat' dir='ltr'><strong>appellavit</strong></span> <span class='ocrx_word' id='word_1_865' title='bbox 3506 5083 3620 5140; x_wconf 85' lang='lat' dir='ltr'><strong>ele-</strong></span> 
     </span>
    </p>
   </div>
   <div class='ocr_carea' id='block_1_113' title="bbox 2029 5175 3618 5248">
    <p class='ocr_par' dir='ltr' id='par_1_113' title="bbox 2029 5175 3618 5248">
     <span class='ocr_line' id='line_1_113' title="bbox 2029 5175 3618 5248; baseline -0.003 -12"><span class='ocrx_word' id='word_1_866' title='bbox 2029 5191 2178 5236; x_wconf 88' lang='lat' dir='ltr'><strong>ctum</strong></span> <span class='ocrx_word' id='word_1_867' title='bbox 2205 5179 2499 5242; x_wconf 88' lang='lat' dir='ltr'><strong>Libanum,</strong></span> <span class='ocrx_word' id='word_1_868' title='bbox 2541 5180 2841 5234; x_wconf 88' lang='lat' dir='ltr'><strong>discrimen</strong></span> <span class='ocrx_word' id='word_1_869' title='bbox 2875 5180 3040 5248; x_wconf 87' lang='lat' dir='ltr'><strong>hujus</strong></span> <span class='ocrx_word' id='word_1_870' title='bbox 3069 5185 3122 5233; x_wconf 90' lang='lat' dir='ltr'><strong>ct</strong></span> <span class='ocrx_word' id='word_1_871' title='bbox 3151 5176 3350 5232; x_wconf 84' lang='lat' dir='ltr'><strong>Libani</strong></span> <span class='ocrx_word' id='word_1_872' title='bbox 3382 5175 3475 5248; x_wconf 88' lang='lat' dir='ltr'><strong>qui</strong></span> <span class='ocrx_word' id='word_1_873' title='bbox 3531 5192 3618 5231; x_wconf 85' lang='lat' dir='ltr'><strong>re-</strong></span> 
     </span>
    </p>
   </div>
   <div class='ocr_carea' id='block_1_114' title="bbox 2022 5265 3618 5342">
    <p class='ocr_par' dir='ltr' id='par_1_114' title="bbox 2022 5265 3618 5342">
     <span class='ocr_line' id='line_1_114' title="bbox 2022 5265 3618 5342; baseline -0.003 -16"><span class='ocrx_word' id='word_1_874' title='bbox 2022 5272 2236 5342; x_wconf 82' lang='lat' dir='ltr'><strong>jicitur,</strong></span> <span class='ocrx_word' id='word_1_875' title='bbox 2295 5286 2393 5341; x_wconf 83' lang='lat' dir='ltr'><strong>per</strong></span> <span class='ocrx_word' id='word_1_876' title='bbox 2449 5286 2636 5326; x_wconf 79' lang='lat' dir='ltr'><strong>vocem</strong></span> <span class='ocrx_word' id='word_1_877' title='bbox 2677 5271 2836 5326; x_wconf 89' lang='lat' dir='ltr'><strong>electi</strong></span> <span class='ocrx_word' id='word_1_878' title='bbox 2873 5271 3237 5325; x_wconf 83' lang='lat' dir='ltr'><strong>constitu’ens.</strong></span> <span class='ocrx_word' id='word_1_879' title='bbox 3271 5267 3407 5322; x_wconf 61' lang='lat' dir='ltr'><strong>Nam</strong></span> <span class='ocrx_word' id='word_1_880' title='bbox 3477 5265 3618 5321; x_wconf 87' lang='lat' dir='ltr'><strong>alter</strong></span> 
     </span>
    </p>
   </div>
   <div class='ocr_carea' id='block_1_115' title="bbox 2035 5359 3616 5432">
    <p class='ocr_par' dir='ltr' id='par_1_115' title="bbox 2035 5359 3616 5432">
     <span class='ocr_line' id='line_1_115' title="bbox 2035 5359 3616 5432; baseline -0.004 -14"><span class='ocrx_word' id='word_1_881' title='bbox 2035 5364 2126 5419; x_wconf 86' lang='lat' dir='ltr'><strong>ille</strong></span> <span class='ocrx_word' id='word_1_882' title='bbox 2171 5361 2412 5416; x_wconf 90' lang='lat' dir='ltr'><strong>Libauus</strong></span> <span class='ocrx_word' id='word_1_883' title='bbox 2457 5372 2562 5426; x_wconf 87' lang='lat' dir='ltr'><strong>est,</strong></span> <span class='ocrx_word' id='word_1_884' title='bbox 2595 5362 2688 5432; x_wconf 90' lang='lat' dir='ltr'><strong>qui</strong></span> <span class='ocrx_word' id='word_1_885' title='bbox 2719 5361 3022 5417; x_wconf 83' lang='lat' dir='ltr'><strong>sectmdum</strong></span> <span class='ocrx_word' id='word_1_886' title='bbox 3087 5359 3280 5415; x_wconf 84' lang='lat' dir='ltr'><strong>Isaiam</strong></span> <span class='ocrx_word' id='word_1_887' title='bbox 3334 5373 3442 5413; x_wconf 90' lang='lat' dir='ltr'><strong>una</strong></span> <span class='ocrx_word' id='word_1_888' title='bbox 3489 5372 3616 5412; x_wconf 87' lang='lat' dir='ltr'><strong>cum</strong></span> 
     </span>
    </p>
   </div>
   <div class='ocr_carea' id='block_1_116' title="bbox 2037 5447 3616 5520">
    <p class='ocr_par' dir='ltr' id='par_1_116' title="bbox 2037 5447 3616 5520">
     <span class='ocr_line' id='line_1_116' title="bbox 2037 5447 3616 5520; baseline -0.003 -11"><span class='ocrx_word' id='word_1_889' title='bbox 2037 5453 2366 5510; x_wconf 86' lang='lat' dir='ltr'><strong>sublimibus</strong></span> <span class='ocrx_word' id='word_1_890' title='bbox 2420 5460 2663 5520; x_wconf 85' lang='lat' dir='ltr'><strong>corruet,</strong></span> <span class='ocrx_word' id='word_1_891' title='bbox 2729 5468 2857 5507; x_wconf 88' lang='lat' dir='ltr'><strong>cum</strong></span> <span class='ocrx_word' id='word_1_892' title='bbox 2908 5468 2974 5507; x_wconf 84' lang='lat' dir='ltr'><strong>ex</strong></span> <span class='ocrx_word' id='word_1_893' title='bbox 3025 5452 3211 5506; x_wconf 88' lang='lat' dir='ltr'><strong>radice</strong></span> <span class='ocrx_word' id='word_1_894' title='bbox 3261 5449 3465 5506; x_wconf 67' lang='lat' dir='ltr'><strong>Jessma</strong></span> <span class='ocrx_word' id='word_1_895' title='bbox 3515 5447 3616 5504; x_wconf 82' lang='lat' dir='ltr'><strong>llus</strong></span> 
     </span>
    </p>
   </div>
   <div class='ocr_carea' id='block_1_117' title="bbox 2039 5544 3614 5615">
    <p class='ocr_par' dir='ltr' id='par_1_117' title="bbox 2039 5544 3614 5615">
     <span class='ocr_line' id='line_1_117' title="bbox 2039 5544 3614 5615; baseline -0.003 -15"><span class='ocrx_word' id='word_1_896' title='bbox 2039 5547 2129 5602; x_wconf 89' lang='lat' dir='ltr'><strong>ille</strong></span> <span class='ocrx_word' id='word_1_897' title='bbox 2153 5555 2378 5602; x_wconf 82' lang='lat' dir='ltr'><strong>exortus</strong></span> <span class='ocrx_word' id='word_1_898' title='bbox 2407 5545 2575 5600; x_wconf 82' lang='lat' dir='ltr'><strong>fuerit</strong></span> <span class='ocrx_word' id='word_1_899' title='bbox 2597 5545 2665 5612; x_wconf 82' lang='grc'><strong>⁵⁷,</strong></span> <span class='ocrx_word' id='word_1_900' title='bbox 2689 5553 2744 5599; x_wconf 87' lang='lat' dir='ltr'><strong>et</strong></span> <span class='ocrx_word' id='word_1_901' title='bbox 2781 5545 2933 5615; x_wconf 88' lang='lat' dir='ltr'><strong>virga</strong></span> <span class='ocrx_word' id='word_1_902' title='bbox 2972 5544 3262 5614; x_wconf 80' lang='lat' dir='ltr'><strong>potestatis</strong></span> <span class='ocrx_word' id='word_1_903' title='bbox 3294 5549 3477 5604; x_wconf 85' lang='lat' dir='ltr'><strong>enata,</strong></span> <span class='ocrx_word' id='word_1_904' title='bbox 3503 5553 3614 5608; x_wconf 82' lang='lat' dir='ltr'><strong>qua</strong></span> 
     </span>
    </p>
   </div>
   <div class='ocr_carea' id='block_1_118' title="bbox 2040 5734 3603 5807">
    <p class='ocr_par' dir='ltr' id='par_1_118' title="bbox 2040 5734 3603 5807">
     <span class='ocr_line' id='line_1_118' title="bbox 2040 5734 3603 5807; baseline -0.005 -7"><span class='ocrx_word' id='word_1_905' title='bbox 2040 5748 2084 5777; x_wconf 79' lang='grc'><strong>⁵³</strong></span> <span class='ocrx_word' id='word_1_906' title='bbox 2116 5745 2260 5800; x_wconf 80' lang='lat' dir='ltr'><strong>Psai.</strong></span> <span class='ocrx_word' id='word_1_907' title='bbox 2291 5760 2497 5807; x_wconf 67' lang='lat' dir='ltr'><strong>vavn,</strong></span> <span class='ocrx_word' id='word_1_908' title='bbox 2532 5745 2619 5801; x_wconf 67' lang='lat'><strong>49.</strong></span> <span class='ocrx_word' id='word_1_909' title='bbox 2698 5745 2743 5777; x_wconf 82' lang='grc'><strong>⁵³</strong></span> <span class='ocrx_word' id='word_1_910' title='bbox 2775 5742 2923 5799; x_wconf 62' lang='grc' dir='ltr'>Ράιιν.</span> <span class='ocrx_word' id='word_1_911' title='bbox 2958 5756 3149 5806; x_wconf 70' lang='lat' dir='ltr'><strong>xxvut,</strong></span> <span class='ocrx_word' id='word_1_912' title='bbox 3188 5738 3239 5806; x_wconf 83' lang='lat'><strong>5,</strong></span> <span class='ocrx_word' id='word_1_913' title='bbox 3261 5741 3313 5794; x_wconf 80' lang='grc' dir='ltr'>ὕ.</span> <span class='ocrx_word' id='word_1_914' title='bbox 3381 5739 3428 5769; x_wconf 79' lang='lat'>&quot;</span> <span class='ocrx_word' id='word_1_915' title='bbox 3452 5734 3603 5792; x_wconf 78' lang='lat' dir='ltr'><strong>PSal.</strong></span> 
     </span>
    </p>
   </div>
  </div>
