4018 6412
517 406 542 460 1
551 407 669 464 085-

1756 418 1813 474 S.
1855 416 2184 477 (ιιιιςοοῐιιι
2221 417 2517 474 NYSSENI

3664 405 3825 461 ιυδι

525 532 580 578 et
610 525 805 589 leonis.
837 533 895 581 et
928 526 1110 596 pandi,
1150 536 1205 585 et
1257 528 1516 600 aspidum
1554 539 1747 586 natura
1793 540 2098 588 commuta-

2217 532 2439 606 ὶναφύη,
2477 524 2542 584 δι’
2568 522 2638 601 ἧς
2670 525 3076 601 μεταϐάλλεται
3094 519 3194 579 τοῦ
3219 540 3279 577 τε
3306 521 3541 586 λέοντος,
3572 522 3675 574 καὶ
3698 521 3821 587 τῆς

525 614 673 670 bitur
709 616 764 670 in
796 619 1037 672 cicurem
1067 621 1360 689 quamdam
1394 623 1871 679 mansuetudinem
1898 643 1913 678 :
1938 624 2012 678 ita
2040 634 2099 678 ut

520 704 608 760 leo
637 720 760 760 cum
793 709 967 762 vitulo
990 710 1173 779 degat,
1202 712 1445 780 pardalis
1475 728 1600 767 cum
1639 712 1803 770 bmdo
1851 716 2098 785 requiem

519 801 728 868 capiat,
764 800 949 867 praesit
980 801 1049 856 iis
1078 802 1317 871 denique
1366 819 1503 873 puer
1540 805 1633 859 ille
1693 806 1954 875 pusillus,
2003 808 2097 877 qui

520 890 682 945 nobis
713 898 876 945 natus
905 900 1031 947 est:
1073 894 1235 963 cujus
1269 910 1465 952 manus
1524 897 1577 951 in
1625 911 1914 953 cavernam
1952 899 2102 969 aspi—

518 980 647 1034 dum
690 990 960 1049 penetrat,
1004 988 1057 1037 et
1085 982 1329 1037 sobolem
1360 983 1572 1054 aspidis
1597 985 1896 1056 attingens,
1935 1001 2100 1042 vene-

519 1087 649 1126 num
682 1087 872 1127 earum
909 1074 1148 1128 hebetat.
1180 1073 1313 1142 Quae
1345 1076 1435 1131 ubi
1487 1077 1809 1141 acciderint,
1856 1078 2100 1133 buturum

521 1163 600 1215 ait
631 1162 925 1233 Propheta,
970 1173 1113 1219 utet
1145 1163 1389 1222 Libanus
1439 1181 1564 1222 cum
1609 1168 1936 1225 sublimibus
1975 1184 2103 1224 cor-

521 1263 668 1311 ruat.
688 1256 1043 1326 Quaeeunque
1076 1272 1209 1312 vero
1231 1258 1349 1313 haec
1380 1260 1661 1331 prephetia
1685 1276 1784 1331 per
1810 1262 2102 1333 aenigmata

520 1346 747 1412 indicat,
780 1364 842 1405 ea
877 1357 1137 1420 tanquam
1170 1350 1460 1406 manifesta
1502 1354 1781 1417 omnibus,
1843 1363 2104 1412 accurate

2203 624 2525 696 παρδάλεως
2546 662 2562 684 ,
2603 622 2699 676 καὶ
2741 620 2851 674 τῶν
2882 617 3123 673 ἀσπίδων
3160 617 3198 686 ή
3233 615 3397 683 φύσις
3434 614 3577 685 πρὸς
3607 614 3674 667 τὸ
3717 631 3819 667 τι·

2201 715 2399 770 θασσόν
2427 732 2487 769 τε
2534 715 2627 768 καὶ
2662 714 2901 784 ἧμερονυ
2942 709 3085 763 ὥστε
3117 705 3526 760 συνδιαιτᾶσθαι
3579 707 3688 775 μὲν
3723 706 3820 776 τῷ

2204 808 2389 879 μόσχῳ
2419 807 2509 860 τὸν
2537 805 2744 869 λέοντα,
2777 798 3254 857 συναναπαύεσθαι
3290 798 3349 851 δὲ
3373 796 3452 868 τῷ
3480 797 3666 866 ἐρίφῳ
3700 795 3821 867 τὴν

2203 896 2490 969 πάρδαλιν,
2525 897 2837 950 ἐπιστατεῖν
2869 893 2926 948 δὲ
2959 892 3164 947 τούτων
3193 891 3252 944 τὸ
3287 889 3499 943 παιδίον
3528 891 3718 941 ἐκεῖνο
3744 887 3820 940 τὸ

2202 989 2396 1059 νήπιον
2423 987 2453 1041 6
2484 987 2745 1057 ἐγεννήθη
2776 988 2910 1057 ήμίν
2932 1001 2947 1016 ο
2977 978 3041 1037 οὗ
3063 984 3097 1054 ή
3121 982 3243 1054 χεὶρ
3267 982 3326 1033 ἐν
3346 981 3411 1049 τῇ
3436 976 3669 1050 τρώγλη
3691 977 3817 1029 τῶν

2200 1077 2443 1132 ἀσπίδων
2498 1077 2738 1146 γίνεται,
2801 1076 2897 1129 καὶ
2951 1073 3061 1128 τῶν
3113 1071 3353 1140 ἐκγόνων
3396 1068 3497 1140 τῆς
3561 1066 3819 1128 ἀσπίδος

2202 1170 2552 1242 ἐφαπτομένη
2571 1209 2586 1231 ,
2629 1171 2726 1223 καὶ
2752 1169 2845 1222 τὸν
2877 1168 2955 1221 ίδν
2996 1165 3176 1220 αὐτῶν
3204 1162 3679 1234 ἀπαμϐλύνουσαθ
3723 1154 3821 1215 ὧν

2203 1263 2523 1335 γινομένων,
2554 1261 2719 1332 φησὶν
2744 1263 2774 1314 6
2800 1255 3109 1330 Προφήτης,
3136 1256 3216 1310 ὅτι
3250 1256 3344 1308 καὶ
3372 1256 3402 1308 6
3423 1252 3670 1315 Λίϐανος
3698 1253 3809 1304 σὺν

2201 1354 2318 1416 τοῖς
2355 1351 2580 1423 ὑψηλοῖς
2606 1350 2875 1413 πεσεῖται.
2905 1348 3049 1401 Ὅσα
3079 1346 3134 1400 δέ
3174 1344 3367 1417 μηνύει
3400 1344 3487 1398 διὰ
3514 1344 3630 1397 τῶν
3658 1343 3811 1396 alvu-

519 1439 796 1507 explicare
834 1440 992 1508 velle,
1022 1439 1193 1496 fuerit
1223 1457 1716 1512 supervacaneum.
1768 1444 1903 1511 Quis
1953 1450 2113 1503 enim

2217 1442 2432 1513 γμάτων
2452 1440 2655 1496 τούτων
2678 1441 2712 1512 ή
2733 1438 3061 1511 προφητεία,
3082 1437 3158 1500 ὡς
3181 1435 3421 1507 πρόδηλα
3444 1436 3617 1489 πᾶσιν
3639 1433 3797 1486 ὄντα

520 1526 739 1598 ignorat
770 1544 998 1599 puerum
1032 1530 1184 1585 illum
1213 1532 1378 1590 nobis
1411 1545 1598 1588 natum
1622 1533 1766 1605 ‘i'qui
1800 1550 1965 1591 manu
1999 1553 2100 1593 sua

2217 1534 2460 1607 περιττὸν
2496 1534 2564 1589 ἂν
2611 1534 2696 1604 εἴη
2730 1532 2798 1586 δι’
2840 1526 3501 1628 ἀκριϐείας-ἐκτίθεσθαι.
3540 1526 3647 1628 Τίς
3677 1526 3835 1628 Ιάε.

520 1620 789 1691 contingit
823 1621 1067 1691 aspides.
1109 1622 1271 1692 cujus
1304 1623 1627 1695 praefectura
1663 1626 1870 1682 bestias
1918 1627 2106 1697 perni-

2217 1627 2308 1682 ιύκ
2351 1620 2460 1680 οἶδε
2490 1625 2552 1679 τὸ
2579 1623 2839 1695 γεννηθὲν
2870 1622 3004 1693 ἡμῖν
3036 1618 3265 1683 παιδίον,
3306 1616 3368 1670 τὸ
3392 1616 3503 1670 τῶν
3545 1615 3807 1669 ἀσπίδων

520 1709 706 1765 ciosas
738 1710 843 1765 sub
871 1710 1014 1765 idem
1044 1727 1168 1767 cum
1202 1713 1483 1770 cicuribus
1513 1723 1717 1773 tectum
1752 1716 1970 1789 redigit,
2008 1733 2106 1773 ua—

2217 1720 2270 1789 ιῇ
2301 1717 2446 1789 χειρὶ
2484 1716 2880 1787 ἐφαπτόμενον,
2918 1704 2981 1766 οὗ
3022 1714 3057 1783 ή
3103 1709 3395 1765 ἐπιστασία
3431 1708 3506 1811 τά
3551 1707 3804 1811 δηλητήο

523 1799 720 1856 turalis
780 1801 1098 1859 acerbitatis
1144 1804 1390 1861 oblitas?
1446 1804 1632 1873 Quare
1679 1823 1804 1863 cum
1860 1808 2107 1866 Libauus

2217 1828 2323 1882 pta,
2345 1809 2454 1863 τῶν
2499 1808 2705 1881 θηρίων
2737 1808 2886 1861 ποιεῖ
2925 1808 3040 1869 τοῖς
3077 1802 3304 1876 ἡμέροις
3346 1799 3663 1871 όμόσκηνα,
3700 1799 3808 1869 τῆς

522 1893 635 1959 ille,
665 1894 759 1963 qui
788 1902 872 1949 est
900 1895 1130 1963 malitia,
1160 1914 1257 1967 per
1288 1898 1403 1955 haec
1430 1908 1678 1964 corruat.
1736 1904 2098 1973 atqueetiam

2217 1874 2444 1975 φυσικῆς
2471 1874 2695 1974 πικρίας
2726 1899 2898 1972 λήθην
2925 1874 3258 1967 modum;
3300 1894 3451 1948 Ἐπεὶ
3474 1888 3569 1946 οὖν
3599 1891 3806 1945 πίπτει

522 1998 632 2039 una
671 2001 793 2041 cum
831 1987 936 2042 hoc
966 1988 1298 2060 principium
1331 1993 1600 2049 malorum
1632 2003 1879 2059 corruat,
1928 1997 2104 2087 subli-

2217 1997 2293 2051 5ιά
2316 1994 2519 2050 τούτων
2539 1996 2567 2049 6
2602 1993 2833 2056 Λίϐανος
2858 1994 2893 2063 ή
2918 1989 3103 2053 κακία,
3147 1988 3244 2089 καὶ
3267 1984 3728 2089 συγκαταπίπῗέ
3743 1983 3806 2089 ’ἡ

523 2076 746 2134 mitates
776 2080 1036 2135 nimirum
1081 2083 1666 2142 adversus'veritatem
1717 2098 1955 2146 erecta:
2021 2074 2106 2146 id-

2217 2084 2397 2159 πρώτη
2429 2084 2538 2137 τῶν
2572 2082 2760 2138 κακῶν
2779 2081 2946 2152 ἀρχὴ.
2974 2078 3044 2133 τὰ
3065 2077 3207 2132 κατά
3232 2076 3331 2146 τῆς
3357 2072 3615 2144 ἀληθείας
3644 2072 3809 2142 ὑψώ-

519 2169 673 2224 circo
711 2173 1178 2241 pulchritudinem
1212 2175 1433 2232 Domini.
1461 2193 1668 2248 sponsa
1718 2196 1842 2236 cum
1894 2181 2105 2239 Libano

2217 2192 2387 2250 ματαο
2427 2174 2516 2230 διὰ
2548 2172 2704 2229 τοῦτο
2741 2173 2820 2245 τῷ
2850 2170 3091 2242 ἐκλεκτῷ
3135 2168 3352 2239 Λιϐάνῳ
3394 2166 3727 2238 παρεικάζει
3764 2168 3805 2238 η

523 2261 699 2316 electo
730 2265 964 2332 confert,
997 2265 1147 2321 hisce
1177 2267 1355 2325 verbis
1378 2270 1640 2339 prolatis:
1674 2272 1884 2343 Species
1912 2277 2105 2346 ipsius,

521 2362 583 2409 ut
607 2353 806 2410 electus
847 2355 1107 2424 Libanus,
1131 2368 1189 2414 ut
1228 2360 1404 2416 cedri.

597 2537 760 2591 Addit
795 2545 974 2593 autem
1024 2541 1232 2610 gutturi
1276 2558 1499 2615 quoque
1547 2548 1884 2606 conveniens
1932 2566 2105 2607 enco-

524 2630 715 2692 mium,
756 2644 880 2684 cum
914 2630 1043 2686 illud
1071 2642 1125 2686 et
1151 2631 1518 2700 dulcedinem,
1541 2646 1597 2692 et
1629 2638 1965 2696 desiderium
2001 2658 2102 2711 ap-

523 2718 708 2787 pellat.
739 2716 914 2772 Verba
949 2728 1080 2774 sunt
1107 2720 1461 2790 hujusmudi:
1489 2725 1691 2783 Guttur
1717 2730 1832 2800 ejus
1858 2731 2102 2799 dulcedo,

523 2825 588 2865 ac
616 2809 694 2864 nil
728 2811 835 2864 nisi
864 2811 1188 2866 desiderium
1218 2824 1318 2869 est.
1346 2814 1575 2881 Quibus.
1588 2818 1657 2875 de
1696 2822 1878 2879 verbis
1909 2824 2109 2894 hujus-

466 2960 467 2963 η
524 2902 671 2956 modi
699 2903 958 2972 quiddam
1002 2904 1160 2961 nobis
1200 2905 1266 2961 ad
1308 2908 1559 2964 animum
1598 2912 1845 2969 accidit:
1887 2914 2105 2973 Partem

507 2988 675 3052 'eain,
697 3008 819 3061 qua:
841 2993 947 3049 sub
979 3003 1166 3050 mento
1202 3005 1310 3063 est,
1339 3008 1531 3066 guttur
1567 3004 1845 3072 appellare
1870 3022 2111 3065 consue-

533 3084 737 3165 vimus,
804 3100 834 3138 a
895 3101 1008 3155 quo
1056 3102 1255 3143 sonum
1298 3092 1633 3148 conformari
1684 3097 1928 3163 tradunt,
1977 3101 2108 3155 dum

528 3176 789 3230 allahitnr
817 3177 924 3233 huc
953 3178 1188 3248 quadam
1215 3195 1340 3235 cum
1377 3182 1613 3239 iilisioue
1646 3188 1874 3256 spiritus
1906 3207 1973 3246 ex
2022 3208 2113 3247 ar-

530 3267 689 3322 teria.
712 3268 895 3335 Quare
918 3286 1043 3325 cum
1069 3270 1177 3326 favi
1200 3272 1384 3329 mellis
1399 3273 1512 3331 sint
1534 3280 1779 3345 praeclari
1804 3296 2109 3351 sermones,

527 3365 583 3410 et
610 3358 879 3413 sermonis
918 3360 993 3413 sit
1022 3362 1452 3420 instrumentum
1500 3383 1630 3431 vox,
1670 3370 1832 3439 cujus
1882 3383 2039 3430 ortus
2081 3390 2114 3432 e

531 3456 779 3517 gutture,
811 3450 1054 3504 tortasse
1076 3452 1364 3509 ministros
1386 3463 1441 3511 et
1468 3457 1804 3529 interpretes
1815 3465 2110 3529 sermonis,

532 3538 588 3595 in
620 3541 824 3609 quibus
854 3543 1111 3600 Christus
1142 3545 1409 3616 loquitur,
1443 3549 1547 3605 hac
1587 3567 1722 3608 voce
1761 3555 1856 3624 qui
1904 3556 2115 3628 signiﬁ-

531 3631 643 3684 cari
676 3635 899 3703 cogitat,
929 3649 958 3688 a
996 3651 1124 3692 vero
1153 3654 1264 3693 non
1300 3639 1600 3698 aberrabit.
1634 3643 1770 3700 Nam
1799 3655 1854 3703 et
1882 3664 2117 3720 magnus

531 3722 625 3777 ille
654 3722 896 3782 Joannes
920 3736 1146 3798 rogatus
1175 3730 1301 3799 quis
1332 3744 1499 3800 esset,
1542 3751 1731 3792 vocem
1765 3754 1826 3795 se
1877 3744 2112 3813 appella-

530 3814 611 3869 vit
633 3815 703 3882 ³⁸,
727 3816 928 3888 quippe
958 3819 1052 3889 qui
1082 3817 1244 3876 Verbi
1278 3836 1592 3891 praacursor
1614 3837 1761 3883 esset
1787 3844 1801 3882 :
1842 3838 1899 3884 et
1924 3830 2118 3891 beatus

534 3904 625 3960 ille
681 3903 887 3963 Paufus
938 3906 1333 3985 documentum
1373 3911 1572 3968 edebat
1623 3915 1901 3986 loquentis
1945 3921 2001 3975 in
2057 3936 2119 3978 se

533 3995 741 4051 Christi
765 4000 835 4061 δ’,
870 4000 959 4054 cui
1004 4000 1136 4071 quia
1167 4017 1359 4058 vocem
1385 4018 1541 4058 suam
1581 4007 1880 4075 locaverat,
1906 4012 1983 4066 nil
2012 4015 2118 4071 nisi

533 4089 769 4143 dulcedo
833 4098 954 4145 erat
996 4107 1095 4161 per
1141 4092 1322 4162 ipsum
1380 4094 1632 4165 loquens.
1677 4098 1882 4156 Omnes
1932 4103 2117 4161 itidem

430 4210 443 4221 κ
538 4181 837 4251 prophetia,
871 4182 996 4251 quia
1017 4183 1246 4252 Spiritui
1293 4200 1489 4242 sonum
1521 4189 1574 4242 in
1613 4191 1700 4247 eis
1732 4190 1912 4248 edenti
1951 4212 2120 4251 mem-

542 4271 640 4326 bra
709 4288 810 4329 sua
874 4274 1083 4328 vocalia
1118 4288 1529 4346 concesserant,
1592 4282 1833 4340 nilrnisi
1889 4286 2121 4345 dulcedo

534 4373 716 4425 erant,
751 4365 856 4421 mel
887 4366 1134 4422 divinum
1166 4385 1197 4424 e
1221 4365 1445 4440 gutture
1475 4387 1600 4438 suo,
1631 4374 1781 4430 velut
1827 4392 1859 4431 e
1884 4379 2119 4449 quodam

538 4458 688 4513 fonte
716 4466 1051 4528 promontes,
1108 4476 1221 4532 quo
1253 4463 1473 4533 quidem
1504 4473 1562 4521 et
1607 4482 1786 4538 reges,
1821 4478 1874 4525 et
1923 4474 2122 4542 privati

2139 3234 2182 3292 C

2207 2268 2392 2340 νύμφη
2434 2265 2530 2321 τοῦ
2579 2263 2788 2337 Κυρίου
2836 2262 2898 2318 τὸ
2937 2261 3131 2325 κάλλος
3154 2302 3171 2327 ,
3204 2258 3380 2323 οὕτως
3425 2257 3656 2311 εἰποῦσα
3688 2260 3807 2319 τοῖς

2210 2362 2484 2433 ῥήμασιν·
2517 2353 2695 2424 Εἶδος
2732 2355 2944 2423 αὐτοῦ,
2971 2355 3052 2422 ὡς
3085 2354 3346 2417 Λίϐανος
3375 2350 3688 2415 ἐκλεκτὸς,
3720 2350 3804 2414 ὡς

2212 2455 2429 2524 κέδροι.

2281 2544 2612 2618 Προστίθησι
2655 2544 2716 2598 δὲ
2762 2543 2858 2598 καὶ
2907 2540 2987 2612 τῷ
3018 2539 3261 2611 φάρυγγι
3313 2537 3406 2591 τὸν
3458 2531 3802 2603 κατάλληλον

2209 2637 2451 2705 ἔπαινον,
2481 2632 2796 2707 γλυκασμόν
2825 2651 2886 2689 τε
2918 2633 3081 2693 αὐτὸν
3122 2631 3217 2684 καὶ
3263 2627 3556 2698 ἐπιθυμίαν
3597 2623 3807 2694 ὀνομά-

2212 2744 2354 2784 σασα
2376 2743 2395 2758 ⁸
2432 2726 2546 2797 ἔχει
2583 2727 2642 2780 δὲ
2669 2728 2703 2798 ή
2731 2726 2877 2792 λέξις
2917 2723 3121 2787 οὕτως·
3155 2720 3397 2791 Φὰρυτξ
3423 2717 3611 2775 αὐτοῦ
3639 2719 3803 2782 γλυ-

2210 2818 2463 2890 κασμὸς,
2489 2818 2587 2872 καί
2608 2818 2754 2882 ὅλος
2771 2815 3074 2885 ἐπιθυμία.
3103 2814 3169 2868 Ὃ
3193 2813 3252 2866 δέ
3276 2813 3407 2885 περὶ
3433 2809 3621 2863 τούτου
3641 2806 3813 2861 νοοῦ-

2216 2928 2335 2981 μεν,
2380 2908 2621 2965 τοιοῦτόν
2663 2912 2807 2962 ἐστι’
2845 2907 2919 2960 Τὸ
2967 2905 3074 2959 ὑπὸ
3118 2904 3210 2958 τὸν
3251 2900 3558 2973 ἀνθερεῶνα
3604 2898 3803 2969 μέρος,

2213 3002 2473 3073 φάρυγγα
2501 3001 2656 3055 καλεῖ
2678 3001 2711 3071 ή
2737 2997 3013 3070 συνήθεια⁵
3039 2989 3085 3065 ᾧ
3106 3013 3236 3065 φασι
3266 2995 3358 3049 τὸν
3379 2989 3511 3065 ἦχον
3530 2994 3597 3062 τῇ
3628 3006 3801 3063 προσ-

2213 3092 2419 3147 πτώσει
2463 3091 2556 3146 τοῦ
2606 3094 2670 3145 ἐκ
2728 3089 2829 3161 τῆς
2882 3088 3149 3159 ἀρτηρίας
3196 3084 3504 3156 πνεύματος
3563 3084 3806 3150 ἀπογεν-

2215 3184 2410 3240 νᾶσθαι
2456 3180 2927 3255 περιδονούμενον.
2975 3178 3131 3233 Ἐπεὶ
3166 3174 3260 3232 οὖν
3292 3176 3457 3248 κηρία
3491 3173 3705 3245 μέλιτος
3749 3172 3811 3225 ei

2216 3276 2368 3332 καλοί
2393 3277 2499 3329 είσι
2528 3275 2677 3343 λόγοι
2698 3290 2714 3304 ·
2748 3272 2908 3343 λόγου
2934 3270 2989 3324 δὲ
3018 3269 3250 3342 ὄργανόν
3277 3269 3424 3321 ἐστιν
3455 3267 3489 3336 ή
3522 3264 3693 3334 φωνὴ,
3730 3260 3805 3335 ἧς

2216 3372 2250 3441 ή
2297 3367 2511 3438 γένεσίς
2552 3368 2700 3419 ἐστιν
2734 3366 2800 3417 ἐκ
2830 3364 3110 3434 φάρυγγος
3132 3401 3147 3426 ,
3180 3360 3324 3429 τάχα
3362 3357 3486 3429 rei};
3519 3355 3804 3426 ὑπηρέτας

2216 3479 2276 3515 τε
2302 3462 2396 3515 καί
2428 3461 2711 3532 ὑποφήτας
2743 3456 2852 3532 τοῦ.
2864 3456 3045 3525 λόγου,
3088 3456 3146 3506 ἐν
3176 3449 3257 3517 οῖς
3294 3451 3443 3504 λαλεῖ
3472 3452 3501 3503 6
3537 3447 3811 3519 Χριστὸς,

2215 3552 2293 3624 τῷ
2323 3553 2547 3624 ὀνόματι
2574 3550 2748 3621 τούτῳ
2780 3547 3142 3620 σημαίνεσθαι
3174 3544 3323 3599 νοῶν-
3351 3561 3452 3607 τις,
3486 3543 3583 3613 οὐχ
3611 3542 3804 3613 ἀμαρ-

2215 3643 2462 3712 τήσεται.
2498 3640 2609 3692 Καὶ
2637 3638 2743 3710 γὰρ
2766 3638 2795 3690 6
2836 3637 3009 3707 μέγας
3048 3629 3622 3705 Ἰωάννηςέρωτηθεὶς
3649 3630 3811 3693 ὅστις

2217 3733 2326 3802 εἴη.
2365 3731 2549 3801 φωνὴν
2583 3729 2775 3783 ἑαυτὸν
2816 3728 3227 3797 κατωνόμασεν,
3270 3723 3454 3794 ἐπειδὴ
3483 3720 3575 3775 τοῦ
3624 3720 3815 3787 Λόγου

2218 3824 2522 3897 πρόδρομος
2545 3817 2632 3893 ἦν·
2659 3820 2753 3875 καὶ
2778 3821 2809 3873 6
2844 3818 3115 3892 μακάριος
3145 3815 3355 3879 Παῦλος
3378 3812 3605 3883 δοκιμήν
3629 3811 3807 3865 ἐδίδου

2217 3916 2312 3971 τοῦ
2336 3920 2394 3972 ἐν
2417 3915 2565 3986 αύτῷ
2593 3913 2881 3976 λαλοῦντος
2909 3910 3147 3983 Χριστοῦ
3169 3928 3184 3942 ν
3215 3903 3276 3965 οὗ
3300 3909 3397 3979 τήν
3420 3906 3600 3976 φωνὴν
3622 3904 3811 3975 ἐαυτῷ

2219 4010 2453 4081 χρήσας,
2491 4006 2808 4077 γλυκασμὸς
2838 3999 2911 4077 ἦν
2931 4004 2997 4058 δι’
3040 4003 3254 4059 ἐκείνου
3278 3998 3664 4070 φθεγγόμενος.
3688 3998 3808 4051 Καὶ.

2220 4101 2423 4164 πάντες
2453 4099 2503 4151 σί
2548 4098 2827 4170 προφῆται
2851 4096 2922 4151 τὰ
2949 4093 3231 4167 φωνητικά
3261 4091 3469 4147 ἑαυτῶν
3499 4090 3701 4162 ὄργανα
3722 4089 3813 4159 τῷ

2220 4190 2508 4264 ἐνηχοῦντι
2559 4190 2744 4254 αὐτοῖς
2792 4187 3067 4259 Πιεύματι
3116 4184 3637 4257 παραχωρήσαντες,
3669 4180 3806 4249 γλυ-

2220 4285 2429 4357 κασμὸς
2456 4284 2713 4353 ἐγίνοντο,
2746 4283 2807 4335 τὸ
2838 4281 2980 4364 θκεῖον
3016 4279 3140 4351 μέλι
3166 4277 3255 4332 διὰ
3284 4275 3379 4331 τοῦ
3410 4274 3677 4345 λάρυγγος
3704 4272 3807 4364 τοῦ

2225 4378 2354 4433 ιδίου
2400 4376 2776 4448 πηγάζοντες,
2911 4371 3150 4443 βασιλεῖς
3180 4387 3242 4423 τε
3294 4368 3389 4423 καὶ
3423 4365 3627 4420 ἰδιῶται
3668 4363 3806 4433 πρὸς

2222 4468 2413 4538 ὑγείαν
2448 4465 2876 4538 προσφέρονταιο
2912 4455 2974 4516 οὗ
3002 4464 3034 4533 ή
3066 4461 3364 4522 ἀπόλαυσις
3393 4458 3493 4511 οὐκ
3521 4453 3807 4508 ἐπικύπτει

539 4550 789 4607 homines
811 4552 1110 4609 salubriter
1134 4562 1398 4610 utuntur:
1428 4558 1590 4627 cujus
1620 4559 1809 4617 fruitio
1838 4564 2113 4634 cupidita-

2221 4560 2323 4630 τὴν
2349 4557 2644 4629 ἐπιθυμίαν
2678 4554 2755 4627 τῷ
2781 4555 2951 4626 κόρῳ,
2982 4550 3119 4605 ἀλλά
3144 4550 3335 4621 τρέφει
3368 4544 3567 4616 μᾶλλον
3594 4542 3684 4634 διὰ
3705 4542 3802 4634 τῆς

537 4654 643 4697 tem
689 4645 944 4701 satietate
975 4662 1084 4702 non
1110 4648 1406 4714 imminuit,
1440 4651 1535 4706 sed
1568 4654 1740 4708 multo
1776 4657 1953 4727 magis
1976 4657 2125 4714 desi-

544 4733 762 4787 derium
795 4750 893 4803 per
924 4740 1289 4807 expetiturum
1330 4741 1806 4813 participationem
1841 4748 1963 4803 alit.
1989 4748 2125 4805 Pro-

540 4833 731 4895 pterea
762 4826 903 4881 dixit
929 4828 1061 4883 illud
1115 4830 1251 4885 nihil
1303 4848 1428 4889 esse
1479 4835 1650 4903 aliud,
1704 4852 1869 4906 quam
1909 4839 2126 4898 deside-

540 4919 727 4979 rium:
770 4921 929 4989 quasi
992 4923 1228 4992 quadam
1283 4926 1604 4984 deﬁnitione
1656 4931 2121 5001 pulchritudinem

539 5012 754 5081 quaesiti
791 5013 894 5068 bac
926 5030 1059 5070 voce
1092 5017 1449 5076 describens:
1476 5019 1595 5089 Nil,
1628 5022 1833 5093 inquit,
1883 5036 1984 5091 est,
2017 5028 2123 5082 nisi

539 5101 885 5163 desiderium.
914 5106 1087 5173 Quam
1115 5110 1273 5167 beata
1302 5120 1434 5167 sunt
1465 5113 1559 5168 illa
1588 5117 1852 5183 membra,
1877 5134 1973 5189 per
1998 5136 2141 5190 ηοω·

540 5203 716 5259 totum
751 5198 827 5252 nil
863 5200 965 5257 nisi
1017 5201 1349 5258 desiderium
1381 5204 1441 5258 lit
1481 5225 1494 5260 :
1555 5221 1789 5276 quaeque
1834 5224 1932 5279 per
1957 5212 2123 5267 abso-

541 5288 710 5343 lutam
747 5290 802 5345 in
840 5293 992 5346 omni
1027 5294 1171 5349 bono
1195 5295 1612 5364 perfectionem,
1637 5298 1877 5355 elliciunt
1914 5305 2126 5360 amabi-

542 5378 644 5436 lem
671 5381 968 5450 quamdam
995 5398 1061 5439 ex
1093 5385 1352 5440 omnibus
1376 5394 1729 5455 temperatam
1761 5400 2124 5459 venustatem,

541 5464 616 5525 ita
659 5477 720 5525 ut
748 5472 1067 5529 universum
1127 5491 1237 5531 non
1281 5475 1445 5530 modo
1482 5476 1628 5546 quod
1664 5478 1856 5535 oculos
1908 5482 2124 5550 attinet,

542 5561 685 5626 quod
721 5578 940 5632 manus,
970 5565 1118 5635 quod
1189 5565 1504 5633 cincinnos,
1564 5568 1657 5622 sed
1686 5568 1849 5623 etiam
1906 5582 2129 5646 propter

550 5653 737 5722 pedes,
767 5667 954 5718 crura,
1000 5663 1190 5727 guttur
1221 5657 1462 5727 denique
1492 5657 1567 5737 sit
1603 5658 1987 5730 desiderabile,
2028 5683 2121 5721 ue-

2220 4649 2328 4706 τῶν
2365 4648 2816 4720 ἐπιθυμουμένων
2856 4643 3145 4716 μετουσίας
3179 4641 3282 4695 τὸν⁵
3301 4637 3485 4693 πόθον.
3518 4633 3618 4688 Διὰ
3650 4630 3801 4687 τοῦτο

2222 4744 2318 4797 καὶ
2350 4743 2471 4797 ὅλον
2494 4740 2658 4795 αὐτὸν
2688 4739 2845 4793 ἐπιθυ
2855 4737 2984 4810 μίαν
3016 4730 3397 4804 κατονομάζει,
3424 4723 3537 4782 οἷόν
3563 4742 3666 4779 τινι
3691 4725 3811 4807 ὁριοτ

2224 4835 2347 4908 σμῷ
2372 4835 2434 4888 τὸ
2456 4832 2550 4887 τοῦ
2577 4831 2909 4905 ζητουμένου
2936 4828 3132 4890 κάλλος
3163 4825 3251 4879 διὰ
3272 4822 3476 4892 ταύτης
3506 4818 3604 4889 τῆς
3626 4814 3796 4885 φωνῆς

2224 4926 2619 4997 ὑπογράφουσα
2637 4941 2650 4955 ·
2681 4924 2853 4989 "0.10;-
2879 4920 3008 4991 γὰρ,
3031 4919 3216 5002 φησὶν,
3246 4912 3548 4982 ἐπιθυμία.
3593 4909 3677 4971 Ὠς
3705 4923 3800 5002 μαι

2228 5023 2395 5093 κάρια
2424 5019 2495 5073 τά
2526 5018 2660 5091 μέλη
2708 5018 2912 5079 ἐκεῖνα·⁹
2942 5014 3010 5068 δι’
3049 5001 3125 5067 ὧν
3157 5009 3377 5065 τδκὸλον
3413 5003 3671 5074 ἐπιθυμία
3724 5001 3798 5068 γί-

2228 5129 2398 5169 νεται·
2426 5111 2515 5166 διὰ
2536 5110 2636 5180 τῆς
2657 5111 2715 5163 ἐν
2737 5107 2898 5162 παντὶ
2918 5104 3107 5177 ἀγαθῷ
3129 5102 3481 5171 τελειότητος,
3509 5095 3796 5165 σύγκρατον

2230 5209 2296 5261 ἐκ
2337 5205 2556 5260 πάντων
2580 5201 2641 5255 τὸ
2665 5201 2929 5274 ἐράσμιον
2956 5195 3379 5269 ἀπεργαζόμενα
3417 5187 3614 5250 κάλλος
3633 5203 3647 5215 ·
3668 5185 3796 5237 ὥστε

2230 5298 2351 5353 ὅλον
2393 5295 2468 5368 μὴ
2500 5296 2558 5349 ἐν
2591 5291 2856 5363 ὀφθαλμῷ
2890 5291 3050 5361 μόνον
3082 5288 3177 5341 καὶ
3203 5285 3388 5359 χερσὶν
3413 5281 3447 5353 ἦ
3474 5278 3792 5350 βοστρύχοις,

2233 5389 2371 5445 ἀλλά
2399 5388 2495 5444 καὶ⁵
2524 5388 2582 5440 ἐν
2610 5386 2743 5455 ποσὶι
2759 5385 2854 5439 καὶ
2886 5385 2943 5436 ἐν
2974 5382 3150 5454 χερσὶ,
3188 5380 3282 5433 καὶ
3317 5381 3375 5432 ἐν
3403 5377 3520 5437 ταῖς
3542 5372 3761 5440 κνήμαις
3776 5406 3793 5429 ο

2235 5482 2329 5537 καὶ
2366 5478 2509 5535 κατά
2545 5454 2803 5548 φάρυγγα
2840 5473 3235 5546 παραπλησίως
3267 5464 3601 5538 ἐπιθυμητὸς
3636 5454 3791 5523 εἶναι,

2239 5572 2467 5646 μηδενὸς
2489 5572 2548 5624 ἐν
2570 5573 2683 5634 τοῖς
2710 5569 2897 5641 μέλεσι
2926 5568 3067 5622 κατὰ
3095 5566 3195 5636 τὴν
3226 5560 3532 5635 ὑπερϐολὴν
3558 5553 3651 5610 τοῦ
3680 5551 3792 5607 καλ.

2230 5670 2356 5731 λους
2382 5662 2795 5734 ἐλαττουμένου.

552 5756 658 5822 qua
687 5745 991 5799 membrum
1056 5750 1226 5804 ullum
1286 5750 1341 5804 in
1372 5750 1477 5805 hoc
1530 5751 1958 5821 pulchritudinis
2025 5763 2345 5821 excellentia
2380 5760 2652 5818 deteriore
2683 5756 2754 5814 sit
2821 5753 3157 5819 conditione,
3226 5762 3388 5819 quam
3456 5751 3651 5802 me”

624 5855 671 5887 ³³
699 5851 859 5919 Joan.
907 5871 945 5921 ι,
975 5857 1065 5915 25.
1145 5860 1188 5892 ⁸⁸
1216 5860 1258 5915 ll
1291 5861 1416 5918 Cor.
1474 5878 1594 5933 xm,
1640 5867 1691 5921 5.
