4018 6368
254 380 414 437 10$

1186 364 1209 413 ’ἶ
1297 374 1365 432 IN
1401 374 1697 432 CANTICA
1741 372 2017 431 CANTIC.
2057 371 2343 429 HOMILIA
2380 370 2519 428 XIV.

3408 361 3558 421 £086

333 493 546 562 Οὗτος,
572 495 755 566 φησὶν,
779 492 1163 563 δὰδελφιδός·
1168 509 1310 562 μου,
1331 492 1431 547 καί
1450 487 1651 560 οὗτος,
1667 492 1857 563 φησὶν,
1888 502 1907 560 Α

2034 490 2133 546 Hic
2148 502 2247 553 est,
2262 486 2710 558 inquit,cognatus
2725 498 2891 547 meus,
2904 490 2952 537 et
2983 480 3068 535 hic
3086 480 3360 549 proximus
3378 493 3546 538 meus,

256 590 302 640 ὁ
324 584 599 654 πλησίον
614 600 756 654 μου,
781 582 1092 654 θυγατέρες
1124 583 1528 652 Ἰερουσαλήμ.
1548 581 1730 635 Πάντα
1751 582 1860 657 γάρ

258 680 468 741 αὑταῖς
493 679 586 732 ὑπ’
615 677 735 746 ὄψιν
764 677 1045 746 ἀγαγοῦσα
1077 677 1165 731 διὰ
1191 677 1289 749 τῆς
1308 676 1402 731 τοῦ
1427 676 1589 746 λόγου
1623 678 1864 745 ὑπογρα-

261 772 387 841 φῆς
413 770 483 823 τὰ
510 769 864 841 γνωρίσματα
887 809 899 832 ,
929 770 998 823 δι’
1024 762 1097 823 ὧν
1125 765 1193 839 ἦν
1216 769 1442 823 δυνατὸν
1478 767 1732 837 γενέσθαι
1764 766 1864 839 τὴν

1970 583 2100 652 ﬁlia
2156 579 2477 635 Jerusalem.
2543 576 2839 647 Postquam
2899 578 3045 629 enim
3120 586 3216 643 per
3279 570 3555 641 picturam
3602 560 3615 573 ’

1958 676 2239 733 orationis
2271 671 2507 742 subjecit
2532 684 2721 726 earum
2767 667 2945 722 oculis
3000 664 3186 721 omnia
3217 661 3444 726 indicia,
3484 662 3563 713 de

1971 770 2173 841 quibus
2199 766 2316 823 fieri
2341 764 2546 835 agnitio
2571 761 2786 833 quaesiti
2818 766 3026 831 posset,
3049 756 3267 810 tandem
3305 752 3567 807 oratione

261 862 373 918 τοῦ
398 860 728 931 ζητουμένου
751 860 1079 932 φανέρωσιν,
1097 861 1217 914 τότε
1239 859 1317 931 τῷ
1332 858 1586 930 δεικτικῷ
1602 859 1868 931 κέχρηται

2004 864 2390 918 lemonstrante
2418 857 2612 917 utitur,
2656 853 2816 924 quasi
2880 851 3087 906 diceret
3123 866 3139 904 :
3175 846 3275 902 llic
3330 854 3416 901 est
3466 842 3569 897 ille

266 949 446 1019 λόγῳ,
465 944 635 1015 Οὗτός
660 951 798 1013 ἐστι,
827 949 1081 1019 λέγουσα,
1114 952 1144 1004 ό
1174 948 1525 1020 ζητούμενος,
1558 949 1618 1014 ὃς
1651 949 1742 1002 διὰ
1772 948 1867 1006 τοῦ

267 1041 511 1111 ἀδελφὸς
550 1041 804 1111 γενέσθαι
830 1041 891 1106 ἐξ
932 1040 1099 1095 Ἰούδα
1139 1044 1268 1112 ἡμῖν
1294 1040 1603 1104 ἀνατείλας,
1642 1040 1870 1109 πλησίον

1974 968 2137 1024 quem
2169 950 2490 1021 quaerimus,
2521 945 2616 1018 qui
2658 950 2947 1015 propterea
2992 940 3138 1012 quod
3176 939 3345 992 frater
3397 933 3570 989 nobis.

1978 1047 2162 1102 factus
2193 1045 2285 1108 sit,
2323 1048 2482 1096 ortus
2506 1054 2574 1095 ex
2611 1036 2775 1101 Juda,
2809 1034 3091 1106 proximus
3128 1031 3306 1085 factus
3329 1035 3414 1083 cst
3455 1025 3556 1088 illi,

270 1132 501 1202 ἐγένετο
543 1132 637 1186 τοῦ
689 1132 1113 1203 ἐμπεπτωκότος
1159 1134 1239 1196 εἰς
1284 1134 1410 1196 τοὺς
1442 1131 1676 1203 λῃστὰς,
1709 1131 1873 1202 ἐλαίῳ

2004 1141 2072 1212 ιιιί
2113 1139 2170 1193 in
2204 1139 2448 1192 latrones
2499 1130 2714 1197 incidit,
2771 1136 2938 1198 atque
2973 1126 3114 1191 oleo,
3165 1123 3316 1185 vino,
3366 1117 3558 1175 fasciis

272 1224 385 1278 καὶ
419 1223 545 1295 οἰνῳ
570 1224 666 1278 καὶ
694 1224 1009 1296 ὲπιδέσμοις
1037 1224 1136 1287 τὰς
1179 1223 1393 1295 πληγὰς
1435 1223 1746 1294 ἰασάμενος,
1777 1223 1873 1277 καὶ

274 1316 383 1369 ἐπὶ
415 1314 509 1368 τοῦ
552 1314 683 1369 ἰδίου
738 1316 875 1385 ἄρας
926 1314 1222 1383 ὑποζυγίου
1243 1356 1259 1381 ,
1302 1315 1395 1369 καὶ
1442 1313 1523 1385 τῷ
1575 1314 1874 1385 πανδοχείῳ

282 1405 709 1470 ἐναναπαύσας,
745 1406 839 1465 καὶ
875 1405 942 1459 τὰ
990 1405 1084 1458 δύο
1128 1405 1358 1477 δηνάρια
1408 1405 1544 1475 πρὸς
1591 1405 1690 1477 τὴν
1733 1405 1877 1477 ζωὴν

280 1497 728 1568 παρασχόμενος,
760 1496 853 1550 καὶ
884 1498 942 1549 ὲν
973 1499 1040 1567 τῇ
1070 1496 1314 1567 ὲπανόδῳ
1352 1496 1516 1552 αὑτοῦ
1559 1495 1621 1551 τὸ
1650 1476 1879 1568 προστε-

283 1586 386 1638 θὲν
419 1588 499 1649 εἰς
528 1585 587 1638 τὸ
618 1585 718 1656 τῆς
751 1584 972 1655 ἐντολῆς
1012 1584 1174 1655 ἔργον
1216 1584 1517 1642 ἀποδώσειν
1552 1585 1882 1654 ἐπαγγειλά-

288 1693 473 1747 μενος.
507 1677 731 1739 Πάντως
763 1676 820 1729 δὲ
864 1675 1097 1747 φανερόν
1130 1678 1247 1729 ἐστι
1282 1675 1485 1730 τούτων
1526 1676 1756 1731 ἕκαστον
1800 1679 1882 1741 εἰς

285 1768 318 1821 ὅ
343 1786 400 1820 τι
422 1766 628 1837 βλέπει.
651 1766 741 1839 Τῷ
767 1767 876 1840 γὰρ
899 1767 1277 1839 ἐκπειράζοντι
1306 1769 1397 1822 τὸν
1427 1769 1629 1841 Κύριον
1651 1768 1882 1841 νομικῷ,

290 1861 608 1935 βουλομένῳ
654 1860 795 1932 ὑπὲρ
838 1862 965 1925 τοὺς
1002 1860 1194 1924 ἄλλους
1231 1861 1423 1915 ἑαυτὸν
1461 1861 1651 1927 δεῖξαι,
1692 1862 1785 1916 καὶ
1823 1862 1884 1914 ὲν
1918 1865 1960 1921 Β

290 1953 645 2025 ὑπερηφανίᾳ
664 1953 725 2006 τὸ
744 1952 877 2022 πρὸς
896 1953 1019 2016 τοὺς
1033 1952 1252 2016 λοιποὺς
1270 1952 1530 2024 ὁμότιμον
1549 1953 1883 2017 διαπτύοντι,

291 2047 355 2100 ἐν
393 2044 472 2114 τῷ
503 2044 711 2113 λέγειν’
760 2043 868 2098 Kal
909 2043 1003 2112 τίς
1037 2043 1173 2098 ἐστί
1190 2062 1311 2114 μου
1328 2045 1630 2114 πλησίου
1656 2046 1790 2098 Τότε
1829 2046 1887 2098 ὲν

291 2138 638 2208 διηγήματος
666 2135 796 2189 εῖδει
827 2137 1009 2190 πᾶσαν
1037 2135 1133 2207 τὴν
1163 2135 1545 2207 φιλάνθρωπον
1576 2136 1886 2206 οἰκσνομίαν

293 2232 323 2282 ὁ
352 2228 524 2297 Λόγος
549 2227 841 2293 ἐκτίθεται,
865 2228 962 2299 τὴν
990 2226 1196 2281 ἄνωθεν
1224 2226 1448 2288 κάθοδον
1478 2226 1572 2280 τοῦ
1597 2225 1889 2297 ἀνθρώπου

294 2320 723 2391 διηγησάμενος,
743 2320 838 2374 καὶ
852 2319 949 2391 τὴν
965 2320 1072 2373 τῶν
1089 2318 1300 2391 λῃστῶν
1318 2319 1560 2391 ἐνέδραν,
1575 2319 1669 2373 καὶ
1679 2320 1779 2389 τὴν
1796 2318 1889 2372 τοῦ

298 2412 581 2480 ἀφθάρτου
605 2412 903 2481 ἐνδύματος
924 2411 1287 2484 περιαίρεσιν,
1304 2413 1398 2465 καὶ
1419 2412 1485 2464 τὰ
1500 2412 1595 2482 τῆς
1618 2411 1894 2482 ἁμαρτίας

297 2503 625 2574 τραύματα,
664 2503 760 2557 καὶ
801 2501 861 2556 τὸ
898 2504 976 2566 εἰς
1010 2503 1179 2572 ἥμισυ
1215 2503 1312 2572 τῆς
1356 2499 1578 2570 φύσεως
1611 2501 1895 2573 προχωρῆ-

307 2612 405 2648 σαι
438 2596 529 2649 τὺν
559 2595 789 2649 θάνατον
808 2635 823 2660 ,
852 2595 949 2666 τῆς
1000 2594 1172 2665 ψυχῆς
1212 2593 1481 2648 ἀθανάτου
1504 2594 1886 2664 διαμενούσης’

299 2686 403 2739 καὶ
442 2686 535 2741 τοῦ
570 2687 733 2758 νόμου
785 2685 881 2757 τὴν
936 2684 1190 2755 ἀνωφελῆ
1224 2685 1491 2755 πάροδον,
1533 2684 1655 2738 οὔτε
1706 2686 1897 2757 ἱερέως

300 2776 430 2832 οὔτε
467 2779 692 2833 Λευΐτου
722 2778 820 2841 τάς
854 2777 1067 2849 πληγὰς
1092 2777 1186 2831 τοῦ
1233 2778 1742 2851 παραπεπτωκότος
1781 2781 1895 2842 τοῖς

303 2871 535 2943 λῃσταῖς
564 2868 1003 2940 θεραπεύσαντος
1032 2883 1048 2898 ⁶
1088 2869 1346 2924 ἀδύνατον
1374 2871 1483 2942 γάρ
1512 2865 1651 2941 αἷμα
1679 2870 1899 2940 τράγων

305 2965 409 3018 καὶ
438 2963 655 3033 ταύρων
686 2963 938 3034 ἀφαιρεῖν
962 2962 1267 3034 ἀμαρτίας³
1296 2962 1430 3016 ἀλλά
1464 2962 1554 3016 τὸν
1588 2964 1767 3015 πᾶσαν
1800 2960 1900 3031 τὴν

306 3054 661 3125 ἀνθρωπίνην
703 3053 867 3122 φύσιν
892 3053 980 3108 διά
1030 3055 1127 3125 τῆς
1157 3052 1411 3124 ἀπαρχῆς
1453 3051 1549 3105 τοῦ
1579 3051 1900 3122 φυράματος

309 3146 693 3217 περιθέμενον,
727 3148 784 3198 ὲν
836 3137 1095 3218 ᾔπαντδς
1116 3144 1302 3207 ἔθνους
1332 3143 1394 3195 τὸ
1436 3142 1601 3213 μέρος
1636 3137 1725 3212 ἦν,
1769 3142 1901 3195 Ἰου-

308 3237 467 3293 δαίου
494 3255 555 3291 τε
589 3237 682 3291 καὶ
726 3235 1088 3308 Σαμαρείτου.
1118 3236 1212 3289 καὶ
1238 3232 1529 3305 Ἕλληνος,
1560 3232 1657 3285 καὶ
1687 3231 1907 3285 πάντων

313 3330 468 3395 ἅπαξ
515 3329 855 3401 ἀνθρώπων
890 3329 1080 3386 τοῦτον
1126 3327 1263 3398 μετὰ
1308 3324 1400 3380 τοῦ
1460 3323 1742 3395 σώματος,
1772 3324 1909 3394 ὅπερ

314 3421 467 3474 ἐστὶν
502 3419 815 3488 ὑποζύγιον,
861 3418 939 3489 τῷ
971 3418 1121 3488 τόπῳ
1155 3419 1252 3486 τῆς
1283 3414 1376 3469 τοῦ
1408 3414 1698 3486 ἀνθρώπου
1726 3412 1910 3467 κακώ-

315 3526 459 3573 σεως
512 3509 814 3571 ὲπιστᾶντι,
845 3510 940 3563 καὶ
986 3507 1324 3588 θεραπεῦσαι
1377 3507 1447 3560 τὰ
1479 3506 1792 3578 τραύματα,
1817 3507 1912 3560 καὶ

314 3600 414 3655 ἐπὶ
437 3602 531 3655 τοῦ
563 3601 692 3655 ἰδίου
724 3602 887 3656 αὑτὸν
926 3602 1156 3672 κτήνους
1183 3597 1589 3665 ὲπαναπαῦσαι,
1620 3598 1714 3652 καὶ
1740 3614 1911 3650 κατα-

318 3692 524 3764 γώγιον
569 3693 797 3763 ποιῆσαι
843 3691 994 3762 αὑτῷ
1045 3690 1144 3762 τὴν
1175 3689 1554 3759 φιλάνθρωπον
1583 3686 1911 3756 οἰκονομίαν,

316 3777 355 3857 ᾖ
386 3782 583 3846 πάντες
610 3782 662 3835 oi
716 3779 1015 3843 κοπιῶντες
1064 3778 1158 3832 καὶ
1209 3776 1634 3848 πεφορτισμένοι
1685 3792 1917 3827 συνανα-

322 3871 612 3927 παύονται.
650 3871 709 3924 ὐ
741 3869 798 3922 δὲ
831 3870 887 3920 ἐν
920 3865 1068 3938 αὑτῷ
1108 3866 1428 3936 γενόμενος,
1454 3863 1670 3933 δέχεται
1700 3863 1916 3924 πάντως

320 3968 389 4021 ἐν
420 3963 598 4034 ἑαυτῷ
630 3963 722 4017 τὸν
751 3962 809 4015 ἐν
831 3953 875 4029 ᾧ
910 3960 1147 4029 ἐγένετο.
1182 3958 1354 4021 οὕτως
1396 3956 1645 4017 εἰπόντος
1680 3952 1774 4006 τοῦ
1815 3952 1919 4006 Λό-

320 4072 451 4126 γου,
478 4055 559 4108 ὅτι
599 4054 653 4105 '0
674 4053 874 4123 μένων
902 4051 973 4104 ἐν
994 4049 1144 4119 ἐμοὶ,
1177 4047 1340 4118 κάγὼ
1370 4047 1440 4100 ἐν
1467 4042 1646 4110 αὐτῷ.
1682 4044 1921 4114 Δεξάμε-

326 4163 422 4208 νος
440 4141 532 4200 οὖν
570 4145 647 4213 τῷ
697 4143 810 4213 ἰδίῳ
839 4143 1149 4212 γωρήματι,
1187 4136 1504 4209 πανδοχεύει
1537 4138 1594 4188 ὲν
1623 4135 1801 4206 ἑαυτῷ
1828 4135 1920 4189 τὸν

326 4236 616 4309 ᾀχὼρητον
636 4276 652 4301 ,
684 4237 813 4305 παρ’
838 4227 901 4288 οὗ
941 4233 1155 4302 δέχεται
1183 4231 1252 4285 τά
1285 4230 1378 4284 δύο
1406 4231 1746 4301 νομίσματα’
1770 4220 1843 4281 ὧν
1862 4227 1924 4281 τὸ

330 4327 436 4400 μέν
471 4330 617 4381 ἐστιν
650 4328 683 4396 ή
715 4325 774 4391 ἐξ
805 4325 931 4392 ὅλης
964 4323 1190 4395 καρδίας
1222 4323 1302 4385 εἰς
1331 4321 1423 4374 τὸν
1449 4320 1581 4375 Θεὸν
1606 4318 1828 4390 ἀγάπηθ
1859 4316 1923 4371 τδ

328 4418 393 4472 δὲ
415 4417 599 4486 ἓτερον
625 4417 659 4486 ἡ
686 4417 765 4478 εἰς
808 4414 899 4466 τὸν
931 4410 1155 4482 πλησίον
1202 4410 1277 4472 ὼς
1311 4408 1526 4472 ἑαυτὸν,
1552 4405 1738 4469 καθὼς
1773 4405 1867 4461 καὶ
1895 4406 1923 4458 ὁ

329 4509 559 4579 νομικὸς
606 4506 960 4578 ἀπεκρίνατο.
1028 4501 1167 4559 Ἀλλ’
1202 4500 1390 4571 ἐπειδὴ
1438 4500 1537 4569 οὑχ
1578 4499 1626 4550 οἱ
1660 4495 1925 4568 ἀκροαταί

327 4601 432 4665 τοῦ
463 4602 630 4672 νόμου
656 4600 851 4653 δίκαιοι
876 4594 1028 4663 παρά
1059 4593 1137 4664 τῷ
1168 4589 1308 4662 Θεῷ,
1339 4589 1475 4644 ἀλλά
1505 4591 1553 4641 οἱ
1584 4587 1804 4657 ποιηταὶ
1832 4585 1924 4641 τοῦ

306 4688 506 4763 ’νόμου
562 4689 1056 4759 δικαιωθήσονται·
1090 4682 1195 4753 χρὴ
1235 4680 1311 4752 μὴ
1356 4679 1515 4752 μόνον
1564 4676 1818 4743 δέξασθαι
1857 4676 1928 4729 τά

335 4783 437 4838 δύο
482 4782 657 4836 ταῦτα
706 4779 1017 4850 νομίσματα
1052 4792 1065 4805 ·
1100 4772 1199 4844 τὴν
1230 4773 1414 4825 πίστιν
1457 4769 1600 4838 λέγω
1631 4769 1733 4840 τὴν
1768 4769 1849 4830 εἰς
1869 4766 1931 4819 τὸ

334 4877 515 4938 Θεῖον,
540 4873 633 4949 καὶ
664 4870 760 4943 τὴν
784 4868 993 4939 ἀγαθὴν
1018 4865 1154 4937 πρὸς
1192 4865 1317 4929 τοὺς
1346 4861 1648 4935 ὁμοφύλους
1695 4859 1933 4928 συνείδη-

340 4985 431 5021 σιν
458 4983 471 4996 ⁸
509 4965 647 5019 ἀλλὰ
685 4964 765 5017 δεῖ
803 4961 898 5016 καὶ
938 4959 1100 5015 αὑτὸν
1148 4954 1553 5023 συνεισενέγκκι
1577 4952 1665 5013 διὰ
1704 4950 1811 5004 τῶν
1842 4949 1932 5021 ἕρη-

338 5076 458 5129 γων
485 5055 621 5128 πρὸς
643 5054 751 5124 τὴν.
780 5052 888 5106 τῶν
922 5049 1151 5105 ἐντολῶν
1187 5047 1390 5102 τούτων
1428 5043 1798 5114 ἐκπλήρωσιν.
1831 5041 1929 5093 Διὰ

339 5148 504 5205 τοῦτό
535 5166 673 5219 φησι
697 5145 830 5217 πρὸς
876 5143 970 5197 τὸν
998 5139 1266 5212 πανδοχὲα
1293 5140 1321 5193 ό
1368 5137 1590 5209 Κύριος,
1615 5136 1697 5189 ὅτι
1725 5134 1832 5189 πᾶν
1870 5132 1932 5185 τὸ
1984 5170 1993 5179 ,

342 5241 477 5313 περὶ
509 5240 607 5311 τὴν
633 5237 925 5310 θεραπείαν
954 5232 1048 5288 τοῦ
1071 5229 1457 5301 κεκακωμένου
1488 5229 1621 5298 παρὶ
1641 5224 1805 5279 αὑτοῦ
1842 5240 1934 5292 γεε

341 5334 602 5403 νόμενον,
631 5332 689 5383 ὲν
721 5331 788 5399 τῇ
844 5325 1071 5396 δευτέρᾳ
1122 5319 1287 5377 αὑτοῦ
1338 5318 1609 5391 παρουσίᾳ
1650 5315 1790 5370 κατά
1831 5314 1931 5385 τὴν

342 5421 508 5488 ἀξίαν
546 5419 646 5490 τῆς
699 5415 934 5486 σπουδῆς
973 5412 1332 5483 ἀπολήψεται.
1385 5409 1445 5461 Ὀ
1484 5407 1662 5460 τοίνυν
1706 5403 1937 5473 πλησίον

344 5512 508 5584 ἡμῶν
551 5507 791 5580 γεγονὼς
813 5507 899 5560 διὰ
926 5506 1027 5577 τῆς
1059 5503 1316 5572 τοιαύτης
1339 5499 1528 5570 φιλανθ
1540 5498 1771 5570 ρωπίας,
1803 5498 1830 5548 ό
1850 5494 1938 5548 διὰ

348 5603 450 5658 τοῦ
491 5602 551 5669 ἐξ
592 5600 762 5661 Ἰούδα
793 5600 924 5671 ἡμῖν
972 5595 1250 5651 ἀνατεῖλαι
1279 5589 1557 5661 ἀδελφιδὸς
1596 5587 1889 5658 γενόμενος
1919 5601 1933 5614 ο

1981 1251 2212 1307 vulnera
2243 1246 2392 1301 illius
2425 1241 2660 1303 sanavit,
2689 1238 2941 1309 jumento
2998 1231 3224 1305 proprio
3276 1226 3565 1298 imposuit,

1982 1343 2040 1397 in
2072 1337 2380 1396 diversorio
2406 1332 2695 1396 recreavit,
2726 1328 2941 1384 duobus
2975 1326 3041 1380 ad
3067 1322 3272 1378 victum
3321 1317 3570 1375 denariis

1984 1432 2230 1498 donavit,
2265 1427 2541 1501 pollicitus
2565 1424 2731 1480 etiam
2757 1436 2816 1477 se
2843 1416 3130 1480 ingreditu,
3190 1411 3338 1484 quod
3371 1420 3570 1481 prreter

1956 1552 1961 1555 -
1986 1499 2304 1581 mandatum
2338 1521 2675 1587 insumptum
2706 1519 2873 1576 esset,
2934 1508 3294 1566 redditurum.
3322 1501 3436 1557 Nec
3466 1499 3566 1554 ob-

1989 1629 2210 1672 scutum
2240 1620 2347 1679 est,
2376 1626 2487 1680 quo
2514 1611 2632 1664 haec
2683 1604 2898 1675 singula
2950 1604 3222 1672 spectent.
3277 1592 3412 1649 Nam
3444 1604 3567 1646 cum

1992 1709 2127 1779 legis
2156 1707 2428 1774 interpres
2454 1701 2744 1755 Dominum
2773 1701 3037 1759 tentaret,
3068 1703 3239 1760 seque
3269 1700 3434 1757 supra
3464 1697 3572 1736 ca:-

1992 1810 2144 1857 teros
2176 1804 2456 1852 ostentare
2484 1792 2670 1856 vellet,
2701 1803 2766 1843 ac
2821 1799 3006 1857 parem
3040 1795 3166 1845 cum
3223 1776 3349 1832 aliis
3378 1771 3571 1828 condi-

1990 1894 2193 1948 tionem
2224 1886 2458 1957 superbe
2492 1886 2775 1953 respueret
2815 1877 2902 1931 his
2935 1873 3160 1928 verhis:
3218 1867 3287 1922 Et
3323 1866 3444 1937 quis
3492 1869 3572 1917 est

1989 2000 2135 2039 meus
2156 1981 2431 2050 proximus
2446 1975 2652 2028 “itum
2679 1984 2805 2026 vero
2824 1965 3057 2038 quadam
3079 1960 3394 2016 narratione
3424 1953 3574 2009 Scri-

1991 2083 2154 2146 plura
2182 2079 2350 2126 totam
2401 2063 2932 2122 administrationem
2995 2049 3446 2123 benignissimam
3477 2058 3574 2099 ex-

1992 2167 2169 2239 ponit,
2229 2163 2661 2217 commemorato
2708 2143 2979 2207 descensu
3046 2142 3288 2200 hominis
3327 2140 3396 2194 de
3458 2137 3578 2191 loco

1992 2258 2298 2328 superiore,
2331 2260 2387 2308 et
2425 2253 2698 2306 latronum
2730 2242 2970 2306 insidiis,
3010 2249 3066 2295 et
3098 2233 3401 2292 indumenti
3437 2232 3578 2285 inte-

1995 2323 2136 2405 ritus
2174 2347 2415 2418 expertis
2448 2341 2816 2411 ademptione.
2870 2343 2926 2390 et
2964 2330 3175 2404 peccati
3239 2323 3577 2387 vulneribus,

1994 2452 2049 2500 et
2082 2455 2376 2515 progressu
2412 2435 2606 2491 mortis
2629 2433 2696 2487 ad
2729 2427 3010 2485 dimidiam
3042 2435 3218 2491 usque
3244 2425 3454 2488 partem
3483 2428 3583 2468 na—

1995 2544 2132 2591 tune
2161 2530 2517 2605 penetrantis,
2554 2526 2827 2582 retinente
2855 2513 3321 2573 immortalitatem
3351 2506 3534 2562 anima
3563 2521 3580 2557 :

1997 2651 2064 2705 de
2092 2649 2224 2718 legis
2259 2647 2384 2700 item
2412 2641 2590 2696 inutili
2616 2629 3039 2702 transitu,quod
3076 2642 3255 2697 neque
3288 2621 3581 2682 sacerdos,

2000 2755 2176 2809 neque
2210 2736 2397 2792 Levita
2437 2731 2708 2800 quispiam
2737 2727 2958 2780 vulnera
3003 2721 3148 2790 ejus,
3180 2716 3273 2787 qui
3317 2716 3371 2767 in
3411 2714 3584 2765 latro-

1998 2807 2099 2888 nes
2134 2829 2424 2890 inciderat,
2475 2822 2752 2878 curaverit
2790 2820 3009 2889 (neque
3047 2813 3194 2869 enim
3236 2807 3350 2863 fieri
3384 2808 3586 2876 potest,

2002 2934 2061 2980 ut
2097 2923 2323 2994 sanguis
2359 2929 2641 2975 taurorum
2680 2922 2733 2971 et
2770 2914 3053 2967 hircorum
3105 2911 3328 2978 peccata
3376 2896 3589 2966 tollat);

2003 3019 2097 3074 sed
2142 3017 2315 3081 illum,
2364 3012 2458 3084 qui
2506 3011 2818 3065 universam
2859 3003 3143 3059 hominum
3200 3004 3452 3050 naturam
3496 3005 3593 3060 per

2005 3106 2280 3181 primitias
2310 3082 2507 3159 massze
2531 3100 2635 3158 sibi
2655 3094 3042 3155 circumdedit,
3073 3089 3276 3159 quibus
3298 3082 3596 3152 cujuslibet

1935 3200 1977 3256 (Γ.
2009 3172 2250 3255 nationis
2279 3211 2405 3268 pars
2437 3194 2621 3264 aliqua
2655 3172 3599 3247 continebatur,Judaicm,Samari-

2010 3304 2172 3357 tanze,
2199 3288 2424 3352 Graecas,
2444 3285 2687 3341 onmium
2714 3281 2951 3351 denique
2973 3275 3255 3332 hominum
3275 3291 3287 3326 :
3309 3270 3453 3324 hunc
3469 3280 3595 3319 cum
3674 3264 3681 3267 “

2012 3399 2243 3455 corpore
2271 3397 2396 3444 suo,
2421 3377 2565 3444 quod
2588 3375 3006 3446 pcrjumentum
3029 3366 3394 3439 significatur,
3425 3358 3490 3412 ad
3522 3357 3599 3411 lo-

2012 3492 2136 3530 cum
2156 3488 2264 3543 quo
2283 3473 2444 3526 laesus
2461 3480 2580 3523 erat
2602 3467 2785 3526 homo,
2805 3478 2864 3518 se
2878 3459 3252 3519 conferentem
3275 3464 3500 3506 curasse
3516 3448 3600 3516 ip-

2014 3569 2130 3624 sius
2154 3569 2400 3629 vulnera,
2417 3561 2665 3630 jumento
2692 3554 2917 3625 proprio
2944 3548 3259 3620 impositum
3280 3555 3562 3598 recreassc
3582 3582 3597 3605 ,

2015 3674 2170 3716 suam
2239 3655 2289 3709 ei
2349 3654 2641 3721 benignam
2701 3644 3062 3701 oeconomiam
3121 3634 3411 3694 diversorii
3478 3633 3601 3685 loco

2018 3746 2317 3819 aperuisse,
2348 3759 2442 3814 per
2472 3754 2635 3811 quam
2659 3751 2849 3791 omnes
2878 3729 3086 3803 fatigati
3111 3736 3161 3783 et
3183 3723 3393 3782 onerati
3417 3721 3603 3792 quiete

2020 3842 2294 3896 fruuntur.
2360 3833 2462 3901 Qui
2512 3841 2691 3885 autem
2755 3827 2934 3897 ipsum
2988 3819 3311 3893 ingreditur,
3372 3827 3603 3885 prorsus

2020 3935 2172 3989 illum
2198 3931 2379 4000 ipsum
2404 3929 2548 3980 intra
2574 3938 2634 3978 se
2661 3919 2876 3990 recipit,
2899 3917 2952 3970 in
2967 3927 3127 3984 quem
3150 3912 3435 3980 ingressus
3459 3911 3600 3961 erat.

2023 4024 2115 4079 Sic
2140 4021 2286 4078 enim
2323 4016 2563 4072 Verbum
2593 4012 2858 4080 loquitur,
2898 4007 3002 4073 Qui
3032 4006 3184 4057 inme
3213 4007 3409 4059 manet,
3432 3996 3484 4048 in
3506 3994 3604 4051 hoc

2020 4127 2069 4173 et
2097 4117 2207 4186 ipse
2246 4108 2467 4167 manebo
2488 4108 2556 4160 οι.
2581 4107 2776 4174 itaque
2804 4101 2966 4155 homo
3002 4097 3145 4150 intra
3175 4091 3409 4162 spatium
3445 4101 3610 4156 capas

2023 4179 2207 4264 citatis
2237 4219 2352 4261 sua:
2407 4202 2558 4258 illum
2587 4195 2811 4266 excipit,
2845 4191 2936 4263 qui
2967 4183 3355 4257 comprehendi
3393 4179 3607 4251 nequit,

2024 4290 2083 4356 et
2105 4301 2173 4354 ah
2206 4297 2311 4352 hoc
2343 4305 2596 4348 nummos
2631 4285 2828 4355 accipit
2871 4283 3029 4345 duos,
3082 4291 3314 4349 quorum
3350 4274 3487 4328 alter
3524 4277 3611 4331 est
3708 4294 3721 4305 -

2021 4386 2153 4462 erga
2181 4376 2627 4443 Deum‘dilectio,
2675 4377 2911 4445 profecta
2953 4372 3021 4426 de
3054 4379 3170 4425 toto
3193 4369 3415 4422 animo:
3448 4364 3607 4428 alter,

2028 4454 2251 4535 dilectio
2289 4471 2525 4547 proximi
2558 4471 2701 4526 sicut
2733 4467 2817 4522 sui
2844 4464 3043 4535 ipsius,
3070 4454 3535 4530 quemadmodum
3557 4462 3617 4509 cli

1960 4550 2003 4606 θ
2031 4572 2165 4643 legis
2198 4570 2470 4637 interpres
2504 4563 2597 4616 ille
2627 4557 3007 4629 responderat.
3036 4551 3174 4618 Quia
3215 4564 3344 4603 vero
3371 4562 3479 4602 non
3516 4561 3619 4599 au-.

2031 4640 2243 4719 diiores
2276 4660 2411 4729 legis
2444 4655 2587 4728 apud
2618 4653 2787 4708 Deum
2807 4649 2943 4721 justi
2982 4654 3133 4709 sunt,
3167 4642 3261 4699 sed
3307 4640 3400 4712 qui
3441 4641 3623 4710 legem.

2034 4759 2297 4830 praestant
2348 4748 2484 4821 justi
2536 4744 2911 4802 censebuntur
2960 4739 3003 4771 ⁶¹
3062 4756 3075 4791 :
3137 4750 3248 4790 non
3300 4732 3354 4786 hi
3400 4739 3627 4789 tantum,

2034 4845 2242 4903 nummi
2279 4848 2387 4899 duo
2405 4836 2700 4911 recipiendi
2723 4842 2874 4898 sunt,
2897 4831 3157 4889 nimirum
3196 4826 3330 4882 fides
3348 4825 3402 4879 in
3422 4824 3629 4890 Deum,

2035 4949 2089 4997 et
2118 4940 2257 4994 bona
2288 4950 2415 5007 erga
2438 4931 2686 5003 ejusdem
2723 4927 2939 4999 generis
2970 4921 3221 4977 homines
3239 4915 3577 4977 conscientia
3601 4928 3627 4980 ς,

2037 5031 2133 5088 sed
2183 5004 2604 5096 etiantvaliquid
2674 5036 2772 5092 per
2817 5032 2983 5097 opera
3016 5022 3102 5070 est
3136 5009 3445 5066 addendum
3492 5004 3633 5065 huic.

2040 5119 2423 5177 mandatorum
2478 5094 2806 5183 iiupletioni.
2852 5094 2993 5162 Nam
3042 5111 3330 5175 prepterea
3375 5096 3510 5151 dicit
3553 5094 3632 5155 ad,

2041 5214 2310 5282 hospitem
2353 5209 2639 5268 Dominus,
2692 5188 2934 5258 futurum
2967 5205 3027 5253 ut
3066 5189 3337 5267 quidquid
3370 5190 3426 5244 in
3461 5202 3629 5242 cura-z

2042 5310 2190 5359 tione
2240 5301 2482 5357 hominis
2533 5297 2646 5353 laesi
2684 5298 2752 5350 ab
2781 5296 2899 5364 ipso
2923 5291 3037 5353 fiat,
3083 5286 3312 5343 alterius
3354 5281 3628 5336 adventus

2042 5396 2127 5452 sui
2175 5402 2419 5463 tempore
2478 5406 2580 5463 pro
2618 5387 2786 5445 studii
2831 5383 3099 5454 dignitate
3140 5376 3389 5447 recipiat.
3419 5372 3626 5438 Quam-

2041 5488 2230 5542 obrem
2275 5486 2321 5541 is
2348 5484 2439 5555 qui
2473 5482 2759 5554 proximus
2792 5485 2982 5531 noster
3034 5472 3215 5529 factus
3265 5476 3350 5523 est
3386 5465 3456 5520 ob
3481 5465 3627 5518 hanc.

2042 5595 2171 5651 erga
2240 5593 2341 5634 nos
2389 5572 2803 5647 benignitatem,
2855 5566 2950 5638 qui
3000 5564 3146 5637 quod
3177 5577 3243 5619 ex
3290 5558 3430 5617 Juda
3465 5555 3625 5612 nobis

422 5774 472 5810 ⁸⁸
504 5770 643 5834 Luc.
673 5789 729 5841 ι,
756 5770 828 5825 29
859 5787 980 5842 sqq.
1059 5769 1099 5802 "
1133 5766 1287 5855 Joa‘n.
1313 5782 1390 5837 vr,
1422 5764 1511 5822 57.
1587 5763 1631 5795 “
1662 5759 1821 5816 Rom.
1847 5774 1907 5824 ιι,
1932 5760 2018 5817 15.
