4018 6370
242 410 408 468 roso
1301 406 1385 463 'IN
1426 381 1829 464 CAN-TICA‘CA

1952 403 2026 458 lC.
2061 403 2353 462 'llOilllL‘lA
2393 404 2510 460 XV.
2793 456 2796 458 .
3397 409 3539 467 ιοοο

233 517 530 573 Φίλιππον
557 517 584 570 6
618 514 853 588 Ἰησοῦς,
878 513 1176 582 ’ἀκόλουθος
1207 516 1587 590 ἐχειροτονήθη
1618 514 1713 570 τοῦ
1746 515 1820 570 Λό

1951 510 2112 569 Jcsus
2167 513 2475 586 Philippum
2534 515 2763 581 invenit,
2790 517 2957 571 etiam
2988 525 3237 574 'sectator
3262 521 3415 575 verbi
3450 523 3536 576 ιε.

236 629 362 680 γου
389 607 487 662 τοῦ
521 608 788 672 εἰπόντος,
816 607 898 659 ὅτι
939 608 1271 662 Ἀκολούθει
1302 609 1439 678 μοί·
1483 608 1576 661 καὶ
1603 606 1682 677 τῷ
1714 622 1823 675 φωτ

1954 615 2076 662 ctus
2113 616 2219 671 est,
2260 609 2354 678 qui
2386 607 2452 661 ad
2489 624 2612 663 eum
2646 609 2803 674 dixit,
2834 608 3062 680 Sequere
3097 629 3176 666 me
3203 612 3286 666 “z
3322 626 3539 683 pOStea-

237 702 338 774 τῷ
389 697 630 772 ἀληθινῷ
678 698 1084 766 προσεγγίσας,
1115 697 1365 770 καθάπερ
1413 698 1604 770 λύχνος
1645 695 1819 750 ὲκεῖθε

1953 714 2119 769 quam
2145 699 2272 754 item
2327 715 2518 754 verum
2550 701 2615 755 ad
2642 701 2824 756 lumen
2853 703 3091 768 delatus,
3124 701 3249 758 inde
3274 713 3536 774 tanquam

243 794 473 849 ἔσπασε
505 790 643 862 πρὸς
680 789 870 843 ἑαυτὸν
901 789 1000 860 τὴν
1045 789 1138 843 τοῦ
1186 791 1362 860 φωτὸς
1396 790 1682 844 κοινωνίαν
1703 805 1716 820 ·
1748 804 1830 841 -κα

1954 791 2189 862 lychnus
2219 792 2285 847 ad
2335 807 2396 847 se
2435 793 2910 863 participationem
2956 794 3095 850 lucis
3139 797 3362 850 attraxit
3391 815 3404 850 :
3431 795 3541 851 Na-

244 884 611 956 οπεριλάμπει
640 881 732 936 τὸν
764 880 1078 952 Ναθαναὴλ,
1111 882 1442 956 δᾳδουχήσας
1478 881 1627 952 αὐτῷ
1657 880 1720 934 τὸ
1755 881 1831 951 τῆ

1955 883 2267 938 thanaelum
2325 897 2546 953 quoque
2592 884 2712 939 luce
2771 899 2869 940 sua
2922 884 3339 952 circumfundit,
3379 887 3540 957 quasi

246 974 556 1037 εὐσεδείας
615 969 932 1042 μυστήριον,
982 971 1048 1024 δι’
1083 965 1158 1025 ὧν
1213 989 1378 1044 φησιν
1419 990 1431 1002 ·
1471 975 1580 1036 ’ον
1628 973 1833 1041 Encas":

1957 976 2180 1046 praelata
2243 975 2345 1046 ipsi
2384 973 2529 1038 lace,
2593 977 2739 1045 quod
2792 978 3013 1046 pietatis
3059 985 3144 1031 est
3193 979 3535 1049 mysterium.

245 1061 532 1130 Ηίωῦσῆς
560 1060 656 1114 καὶ
694 1064 747 1114 οὶ
781 1059 1077 1130 προφῆται
1109 1059 1447 1132 εὑρήκαμεν
1478 1063 1721 1131 Ἰησοῦν
1748 1066 1832 1118 τὸι

1959 1068 2099 1123 Sunt
2111 1069 2262 1124 enim
2288 1068 2402 1123 haec
2437 1068 2611 1138 ipsius
2634 1069 2797 1124 verba
2819 1085 2831 1120 :
2853 1068 3154 1124 Invenimus
3183 1069 3366 1125 Iesum
3386 1071 3541 1125 illum

244 1155 390 1211 ἀπὸ
441 1153 702 1222 Ναζαρὲτ
747 1151 858 1221 τῆς
914 1158 964 1208 Γ
965 1157 1264 1221 αλιλαίας.
1319 1156 1425 1208 Τοῦ
1460 1155 1516 1208 δὲ
1561 1157 1831 1229 Ναθαναὴῖ

1958 1174 1983 1212 e
2018 1155 2293 1211 Nazareth
2327 1155 2587 1218 Galila’w,
2616 1157 2796 1224 dequo
2818 1165 2865 1210 et
2907 1157 3078 1212 Moses
3110 1159 3160 1210 in
3194 1157 3321 1228 lege,
3344 1169 3393 1212 et
3412 1175 3545 1227 ιρι-ο-

247 1247 635 1310 ὲπιστατικῶς
668 1245 962 1317 δεξαμένου
1003 1247 1064 1300 τὸ
1111 1248 1472 1316 Εὐαγγέλιον,
1503 1249 1590 1301 διὰ
1623 1249 1684 1302 τὸ
1717 1251 1834 1319 μετέ

1957 1250 2125 1318 phetw
2181 1249 2500 1316 scripserunt
2531 1247 2594 1299 “.
2671 1245 3010 1302 Nathanaelo
3075 1256 3259 1302 autem
3320 1250 3542 1320 sapien-

227 1341 452 1410 ·πάσης
479 1337 763 1410 ἀκριϐείας
802 1337 1161 1410 κατηχεῖσθαι
1202 1339 1353 1409 παρά
1385 1340 1484 1409 τῆς
1517 1341 1814 1411 προφητεία

1959 1347 2043 1393 tcr
2076 1340 2258 1393 hetum
2289 1341 2432 1393 hunc
2461 1339 2711 1392 tutntium
2745 1339 3072 1406 accipiente.
3100 1339 3244 1410 quod
3280 1355 3545 1409 peraccu-

251 1431 435 1485 αὑτὸν
466 1430 528 1483 τὸ
549 1431 677 1500 περὶ
705 1430 797 1483 τὸν
821 1429 1023 1502 Κύριον
1053 1431 1372 1502 μυστήριον,
1397 1431 1490 1484 καὶ
1524 1432 1720 1485 εἰδέναι
1758 1434 1838 1503 μὲπ

1959 1441 2079 1486 rate
2139 1447 2204 1485 ex
2249 1432 2405 1488 libris
2462 1431 2848 1485 vaticiniornm
2896 1432 2963 1485 de
3012 1431 3225 1486 Domini
3279 1432 3545 1502 mysterio

229 1528 352 1580 -ὃτι
383 1528 446 1580 ὲκ
490 1526 738 1597 Βηθλεὲμ
779 1528 813 1596 ἡ
847 1525 1040 1597 πρώτη
1069 1525 1156 1578 διὰ
1188 1526 1389 1596 σαρκὸς
1417 1527 1704 1597 γενήσεται
1738 1525 1816 1579 θεε

1962 1524 2190 1580 edoctus
2227 1533 2397 1586 esset,
2451 1538 2515 1578 ac
2563 1524 2730 1578 sciret
2761 1524 2814 1578 in
2861 1524 3138 1579 Bethleem
3174 1525 3393 1595 quidem
3433 1524 3549 1594 pri-

245 1617 488 1686 τράνεια,
509 1615 598 1669 διὰ
623 1616 682 1668 δὲ
701 1615 799 1685 τὴν
830 1618 886 1668 ὲν
908 1615 1179 1686 Ναζάροις
1207 1615 1480 1686 διαγωγὴν
1500 1657 1514 1678 ,
1549 1615 1832 1688 Νιιζαραῖοη

1961 1631 2104 1669 mam
2140 1615 2230 1670 Dei
2279 1613 2705 1684 patefactionem
2751 1615 2807 1669 in
2851 1631 3020 1670 carne
3062 1616 3329 1680 futuram,
3355 1631 3545 1670 verum

253 1709 643 1779 κληθήσεταιο
682 1706 821 1777 πρὸς
869 1707 1156 1778 ἀμφότερα
1207 1707 1384 1760 τοίνυν
1417 1707 1840 1761 ἀποσκοποῦντοι

1964 1708 2212 1763 eumdem
2265 1706 2536 1761 Nazareth
2571 1708 2858 1778 degentem
2893 1708 3132 1762 Nazaraei
3177 1723 3376 1763 nomen
3424 1723 3551 1764 eon-

237 1804 369 1855 -καὶ
417 1799 790 1870 λογιζομένου,
821 1802 902 1855 ὅτι
930 1803 986 1854 ὲν
1021 1801 1117 1871 μὲν
1151 1802 1218 1868 τῇ
1260 1800 1356 1852 τοῦ
1391 1799 1554 1852 Δαϐὶδ
1589 1800 1824 1872 Βηθλεὲμ

1962 1811 2280 1858 secuturum
2313 1819 2328 1856 :
2363 1800 2428 1854 ad
2459 1801 2572 1855 hac
2613 1800 2778 1871 igitur
2812 1809 3048 1872 utraque
3083 1802 3413 1871 respiciente
3437 1800 3548 1854 Na-

241 1892 360 1947 ’διά
385 1857 821 1963 τὴνόίκονομίαν
847 1890 947 1960 τῆς
963 1857 1102 1944 κατά
1131 1857 1309 1961 σάρκα
1336 1857 1665 1960 γεννήσεως,
1691 1857 1828 1958 ἀναγ

1961 1894 2202 1957 thanael,
2237 1908 2536 1962 secumque
2561 1857 3037 1962 perpendente,'in
3071 1857 3288 1949 Dav'idis
3327 1893 3548 1963 quidem

259 1988 428 2039 καῖον
455 1979 523 2054 ἦν
544 1983 796 2053 γενέσθαι
827 1982 887 2036 τὸ
914 1982 1056 2036 κατά
1079 1982 1140 2035 τὸ
1174 1981 1439 2052 σπήλαιον
1469 1982 1564 2034 καὶ
1585 1983 1654 2034 τὰ
1680 1981 1846 2054 σπάρ-

1963 1986 2161 2057 Oppido
2195 1983 2474 2039 Bethleem
2517 1985 2894 2039 necessarium
2945 2000 3068 2040 esse
3108 1985 3320 2038 ratione
3349 1984 3550 2038 nativi-

260 2095 416 2146 γανα
475 2077 570 2130 καὶ
628 2076 726 2147 τὴν
773 2076 981 2149 φάτνην
1037 2076 1334 2147 μυστήριον
1367 2091 1382 2105 ο
1422 2077 1543 2146 ἠδὲ
1599 2076 1847 2130 Γαλιλαία

1966 2077 2090 2131 latis
2123 2075 2387 2138 carnalis,
2419 2075 2584 2136 antri,
2621 2073 2946 2138 fasciarum,
2973 2083 3025 2129 et
3052 2075 3312 2143 przesepis
3349 2075 3553 2144 mysteJ

260 2169 446 2223 ἐθνῶν
477 2168 639 2231 τόπος
683 2167 1186 2239 ὲπονομασθήσεταί
1218 2185 1345 2220 ποτε
1389 2167 1466 2238 τῷ
1507 2170 1620 2232 τοῖς
1650 2167 1847 2221 ἐθνεσιι

1962 2169 2101 2221 rium
2135 2165 2356 2221 evenire
2389 2181 2401 2216 :
2428 2165 2522 2220 sed
2559 2165 2921 2221 nihilominus
2947 2164 3226 2220 Galilaeam
3253 2166 3368 2235 (qui
3397 2165 3549 2220 locus

263 2260 783 2332 ὲμφιλοχωρήσαντι
801 2258 980 2329 Λόγῳ
1003 2261 1099 2312 καὶ
1130 2259 1219 2313 διὰ
1245 2259 1400 2312 τοῦτο
1424 2259 1753 2330 συνθεμένου
1783 2259 1850 2331 τᾷ

1962 2261 2308 2315 ethnicorum
2341 2257 2623 2311 hominum
2652 2255 2811 2312 sedes
2837 2258 2976 2326 erat)
3008 2271 3206 2310 nomen
3247 2257 3549 2324 aliquando

255 2353 334 2404 si?)
387 2349 500 2419 φῶς
539 2349 686 2420 αὐτῷ
728 2349 829 2419 τῆς
861 2348 1112 2416 γνώσεως
1161 2351 1410 2418 φάναντι,
1447 2349 1543 2403 καὶ
1576 2349 1821 2414 εἰπόντος

1966 2361 2384 2406 ronsecutnram
2415 2351 2484 2404 ab
2511 2366 2578 2405 eo
2597 2349 2800 2414 Verbo,
2833 2350 2978 2420 quod
3011 2350 3242 2404 libenter
3273 2350 3338 2402 ad
3365 2360 3553 2419 gentes

236 2444 357 2496 σ’ὃτι
410 2445 504 2496 Ἐκ
535 2442 792 2511 Νιιζὶιρὲτ
845 2440 1100 2495 δύναταί
1126 2459 1179 2495 τι
1226 2442 1450 2513 ἀγαθὸν
1493 2439 1684 2505 sirm;
1728 2443 1823 2497 T61

1966 2445 2454 2516 commigraturum
2506 2454 2654 2500 esset
2684 2464 2697 2500 :
2731 2453 2897 2514 atque
2933 2445 3076 2498 hanc
3103 2443 3173 2497 ob
3207 2458 3430 2498 causam
3462 2458 3553 2499 ac-

233 2532 467 2602 ι’ρδηγὺς
516 2533 652 2603 πρὸς
707 2530 806 2602 τὴν
845 2531 1006 2602 χάριν
1028 2532 1057 2583 6
1089 2531 1356 2594 Φίλιππος
1393 2531 1638 2600 γίνεται,
1669 2532 1820 2600 λέγω·

1966 2536 2192 2589 cedente
2249 2535 2486 2604 denique
2537 2533 2840 2589 Nathanael
2891 2534 3042 2588 illius
3095 2534 3149 2588 in
3197 2533 3553 2597 sententiam,

261 2624 497 2692 ’Ἑρχου
549 2623 647 2676 καὶ
700 2622 810 2675 ἴδε.
843 2624 919 2675 Δι’
947 2615 1022 2675 ὧν
1058 2622 1374 2675 καταλιπὼν
1402 2623 1430 2674 6
1451 2623 1742 2696 Ναθαναὴλ
1767 2627 1848 2698 τὴε

1968 2626 2056 2696 qui
2083 2626 2263 2680 lumen
2296 2627 2402 2681 hoc
2421 2626 2756 2697 cognitionis
2775 2626 2823 2680 ei
2843 2633 3360 2687 commonstrasset,
3389 2624 3555 2693 idque

267 2714 371 2768 τοῦ
411 2714 575 2785 νόμου
607 2718 798 2786 συκῆν,
830 2709 898 2785 ἧς
938 2717 970 2784 ἡ
996 2714 1124 2768 σκιὰ
1152 2714 1290 2786 πρὸς
1327 2716 1426 2786 τὴν
1454 2717 1743 2784 μετουσίαν
1770 2719 1854 2770 τοί

1965 2718 2146 2772 verbis
2195 2717 2280 2772 his
2335 2717 2652 2773 declarante
2683 2735 2697 2770 :
2739 2716 2916 2769 Potest
2943 2732 2971 2769 e
2995 2714 3271 2769 Nazareth
3301 2715 3424 2768 boni
3446 2715 3552 2769 ali-

254 2807 456 2876 Ipw'rb;
499 2806 793 2870 διεκώλυε,
841 2806 1249 2877 καταλαμϐάνει
1293 2808 1385 2861 τὸν
1436 2810 1502 2861 τὰ
1553 2809 1727 2878 φύλλα
1765 2809 1841 2880 τῆς

1967 2807 2091 2879 quid
2139 2810 2437 2865 exsistere!
2503 2821 2615 2864 tum
2671 2822 2802 2863 vero
2863 2808 3083 2862 tandem
3143 2806 3424 2876 Philippus
3485 2806 3551 2860 ad

263 2895 453 2964 συκῆς
476 2895 567 2949 ’διὰ
595 2896 692 2966 τὴν
717 2894 825 2949 τῶν
849 2895 1068 2964 ἀγαθῶν
1097 2896 1377 2965 ἀκαρπίαν
1405 2897 1850 2968 ἀποξηραίνονταη

1969 2899 2108 2953 hanc
2143 2900 2373 2970 gratiam
2409 2895 2490 2953 illi
2527 2915 2586 2954 se
2615 2899 2810 2954 ducem
2846 2899 3070 2971 praebet,
3107 2914 3232 2952 cum
3259 2899 3339 2952 ait
3376 2917 3390 2954 :
3427 2896 3556 2952 Veni

271 2984 371 3038 Διὸ
409 2987 503 3039 καὶ
559 2988 916 3058 μαρτυρεῖται
946 2985 1095 3056 παρά
1127 2985 1222 3038 τοῦ
1250 2987 1427 3054 Λόγου
1474 2990 1692 3058 γνήσιος
1727 2985 1858 3042 εἶναι

1969 2993 2182 3048 acvide.
2214 2993 2334 3060 Quo
2361 2993 2590 3058 factum,
2610 3001 2670 3048 ut
2701 2992 3005 3049 Nathanael
3039 2994 3232 3049 relicta
3267 2994 3399 3064 legis
3427 2994 3556 3058 ﬁcu,

273 3078 400 3146 οὐχὶ
433 3076 584 3140 νόθος
618 3075 981 3146 Ἰσραηλίτης,
1004 3079 1062 3130 ἐν
1082 3075 1159 3146 τῷ
1180 3075 1349 3146 ἀδόλῳ
1365 3076 1465 3145 τῆς
1495 3079 1860 3150 προαιρέσεως

1968 3085 2126 3155 cujus
2153 3087 2347 3139 umbra
2377 3085 2773 3156 impedimento
2807 3096 2925 3142 erat
2946 3087 3020 3150 ei,
3053 3101 3165 3157 quo
3198 3085 3383 3142 minus
3413 3087 3555 3142 lucis

274 3167 516 3239 καθαρὸν
541 3167 624 3238 ἐφ’
651 3167 854 3221 ’ἑαυτοῦ
887 3167 1101 3230 δεικνὺς
1147 3165 1238 3220 τὸν
1269 3169 1591 3240 χαρακτῆρα
1618 3170 1709 3222 τοῦ
1752 3189 1861 3224 πα·-

1971 3177 2246 3247 particeps
2301 3177 2452 3233 lieret
2486 3196 2500 3233 :
2531 3180 2600 3234 ad
2642 3193 2768 3234 eum
2811 3179 3140 3249 perveniret,
3179 3179 3272 3250 qui
3301 3180 3388 3234 lici
3421 3179 3551 3234 folia

275 3261 560 3333 τριάρχου.
589 3261 702 3315 Ἴδε
731 3260 1058 3332 γὰρ,φησῖν,
1099 3260 1484 3328 Ἰσραηλίτης
1514 3263 1584 3315 ἐν
1606 3255 1654 3329 ᾧ
1681 3263 1862 3332 δόλος

1975 3275 2194 3337 propter
2227 3268 2575 3324 sterilitatem
2613 3268 2666 3323 in
2722 3267 3069 3339 proferendis
3098 3268 3259 3325 bonis
3309 3270 3562 3323 exsicca-

276 3351 393 3405 οὐκ
415 3350 568 3403 ἔστι.
1970 3359 2068 3414 vit.
2102 3359 2285 3430 anue
2310 3359 2378 3414 de
2402 3374 2570 3414 causa
2601 3359 2980 3414 testimonium
3003 3360 3052 3414 ei
3079 3358 3320 3414 Verbum
3345 3359 3561 3424 tribuit,

277 3444 424 3516 quod
446 3458 738 3514 germanus
761 3441 1031 3506 lsraelita,
1059 3456 1164 3496 non
1189 3439 1414 3510 spurius
1439 3450 1625 3497 esset:
1665 3445 1865 3517 quippe
1907 3451 2002 3521 qui
2035 3453 2260 3506 minime
2319 3451 2674 3506 fraudulento
2709 3451 2878 3504 animi
2937 3451 3188 3505 instituto
3249 3467 3448 3521 purum
3507 3453 3562 3506 in

278 3553 403 3592 sese
466 3536 792 3606 patriarcha:
854 3534 1003 3589 illius
1073 3537 1448 3589 characterem
1531 3536 1863 3596 ostenderet.
1903 3547 2005 3610 En,
2033 3544 2229 3614 inquit,
2259 3560 2373 3597 vere
2401 3542 2676 3606 Israelita,
2708 3543 2761 3596 in
2785 3559 2888 3611 quo
2920 3542 3074 3595 dolus
3101 3559 3205 3595 non
3244 3551 3346 3596 est.

353 3626 495 3696 Πρὸς
517 3629 543 3682 ὅ
567 3642 619 3679 τι
648 3626 704 3678 δὲ
739 3625 925 3696 βλέπει
971 3626 1032 3679 τὸ
1075 3628 1132 3680 ὲν
1164 3626 1241 3698 τῷ
1283 3626 1554 3699 προοιμίῳ
1594 3627 1874 3700 διήγημα,

2053 3634 2173 3701 Quo
2188 3643 2368 3689 autem
2411 3635 2527 3689 base
2563 3633 2616 3688 in
2637 3633 2865 3687 exordio
2904 3641 3115 3703 spectet
3150 3634 3421 3700 narratio,
3447 3649 3562 3688 om-

282 3724 521 3794 φανερὸν
556 3725 670 3774 ἐστι
706 3721 925 3786 πάντως
955 3725 1068 3786 τοῖς
1122 3721 1546 3792 εὖμαθεστέροις
1577 3723 1869 3794 ἀκροαταῖς

1977 3728 2111 3782 nino
2146 3725 2498 3781 manifestum
2553 3736 2635 3781 est
2671 3725 3022 3780 auditoribus
3058 3741 3168 3780 non
3199 3725 3360 3795 plane
3391 3727 3562 3796 impc-

283 3818 350 3868 ἐκ
377 3813 476 3882 τῆς
513 3811 869 3882 προτεθείσης
896 3812 1035 3865 κατὰ
1058 3811 1118 3865 τὸ
1141 3810 1432 3864 ἀκόλουθον
1459 3813 1591 3881 ἡμῖν
1625 3813 1870 3882 ἀναγνώ-

1976 3819 2097 3874 ritis
2120 3833 2186 3873 ex
2215 3817 2468 3882 lectione,
2508 3831 2672 3885 quam
2703 3814 2900 3870 ordine
2925 3815 3006 3870 sic
3039 3823 3300 3883 poscente
3323 3813 3392 3868 de
3425 3813 3563 3868 Can-

283 3923 423 3966 σεως
450 3905 548 3975 τῆς
587 3905 650 3957 ὲκ
678 3903 773 3956 τοῦ
810 3904 1089 3974 ᾊσματος
1122 3903 1230 3956 τῶν
1261 3903 1540 3975 ᾀσμάτων.
1585 3907 1673 3969 Ὠς
1710 3908 1818 3978 γὰρ
1843 3909 1870 3962 6

1974 3909 2080 3964 tieo
2103 3909 2445 3963 canticorum
2470 3907 2879 3977 proposuimus.
2915 3903 3382 3971 Quemadmodum
3414 3905 3561 3960 cnim

286 3998 386 4070 μὲν
425 3996 677 4068 Ἀνδρέας
697 3995 762 4067 τῇ
795 3999 946 4067 φωνῇ
985 3995 1079 4049 τοῦ
1133 3996 1379 4050 Ἰωάννου
1411 3997 1548 4069 πρὸς
1575 3998 1667 4051 τὸν
1701 3999 1870 4070 ἀμνὸν

1975 4000 2225 4055 Andreas
2254 3998 2473 4070 quidem
2527 4013 2625 4068 per
2661 4013 2852 4052 vocem
2883 3995 3115 4052 Joannis
3159 3994 3228 4049 ad
3262 4010 3460 4066 agnum
3496 3995 3560 4048 il-

283 4087 540 4159 ὤδηγήθη
569 4105 582 4118 ο
618 4089 646 4140 ὁ
680 4087 736 4140 δὲ
787 4086 1084 4159 Ναθαναὴλ
1118 4087 1548 4159 φωταγωγηθεὶς
1584 4091 1737 4162 παρά
1775 4089 1870 4144 τοῦ

1976 4093 2091 4148 lum
2115 4092 2382 4148 deduc-tus
2407 4099 2530 4159 est;
2567 4089 2874 4146 Nathanael
2915 4096 3097 4144 autem
3149 4103 3179 4142 a
3219 4087 3469 4157 Philippo
3496 4086 3561 4140 ad

283 4177 548 4243 Φιλίππου
573 4219 589 4244 ,
637 4177 732 4231 καὶ
791 4178 890 4248 τῆς
943 4176 1304 4249 περιεχούσης
1352 4178 1513 4231 αὑτὸν
1565 4179 1660 4232 τοῦ
1708 4180 1870 4251 νόμου

1979 4185 2155 4240 lucem
2179 4184 2402 4248 ductus,
2431 4193 2486 4238 et
2517 4199 2546 4237 a
2585 4182 2967 4239 circumdante
2995 4182 3172 4252 ipsum
3206 4179 3340 4252 legis
3368 4179 3563 4234 umbra

288 4277 450 4339 σκιᾶς
487 4274 591 4340 ἔξω
628 4273 934 4344 γενὸμενος,
969 4273 1026 4325 ὲν
1053 4272 1132 4344 τῷ
1169 4273 1308 4342 φωτὶ
1349 4271 1426 4344 τῷ
1462 4273 1702 4345 ἀληθινῷ
1738 4274 1875 4343 γίνε-

1979 4277 2284 4349 digressus,
2341 4292 2529 4332 verum
2574 4277 2641 4330 ad
2707 4275 2887 4329 lumen
2929 4273 3226 4344 pervenit:
3269 4274 3351 4328 sic
3401 4272 3564 4327 etiam

285 4385 379 4421 ται
401 4383 414 4397 ο
445 4365 586 4419 οὕτω
611 4365 706 4418 καὶ
736 4366 791 4417 αἱ
820 4363 1057 4428 νεάνιδες
1094 4363 1230 4434 πρὸς
1259 4363 1355 4435 τὴν
1400 4363 1615 4435 εὕρεσιν
1641 4363 1734 4416 τοῦ
1772 4382 1872 4436 μη-

1981 4367 2064 4423 hae
2087 4368 2397 4438 juvenculee
2447 4366 2513 4421 ad
2567 4367 2940 4420 inventionem
3003 4364 3226 4418 indicati
3279 4363 3360 4419 eis
3414 4363 3565 4427 boni,

285 4457 539 4520 νυθέντος
591 4455 782 4519 αὒταῖς
816 4453 1024 4522 ἀγαθοῦ
1058 4453 1394 4526 καθηγεμόνι
1435 4455 1676 4525 χρῶνται
1702 4457 1769 4525 τῇ
1798 4472 1872 4508 τε·

1982 4460 2162 4514 anima
2233 4456 2662 4530 pulchritudinis
2727 4455 3120 4526 perfectionem
3183 4454 3380 4523 adepta
3427 4454 3565 4508 dnee

286 4549 572 4619 λειωθείσῃ
609 4547 697 4624 διά
724 4546 818 4601 τοῦ
858 4545 1088 4610 κάλλους
1115 4545 1258 4616 ψυχῇ
1294 4561 1308 4575 ⁸
1340 4545 1593 4614 λέγουσαι
1617 4545 1754 4615 πρὸς
1779 4546 1873 4598 αὑ-

1985 4560 2234 4614 utuntur,
2267 4565 2496 4619 eamque
2535 4549 2616 4603 sic
2647 4547 2974 4616 compellant
3001 4564 3014 4600 ;
3043 4546 3160 4612 Quo
3197 4546 3330 4598 abiit
3371 4562 3564 4615 cogna-

287 4643 416 4711 τήν·
441 4639 564 4692 Ποῦ
614 4637 889 4705 ἀπῆλθεν
919 4641 951 4690 ό
993 4635 1316 4704 ἀδελφιδός
1361 4651 1500 4700 σου,
1535 4637 1572 4704 ἡ
1611 4635 1769 4704 καλὴ
1809 4636 1874 4688 ἐν

1985 4652 2069 4699 tus
2099 4653 2245 4706 tuus,
2267 4659 2297 4696 ο
2321 4641 2544 4711 pulchra
2569 4642 2706 4696 inter
2742 4640 3031 4695 mulieres?
3066 4655 3167 4708 quo
3208 4641 3431 4706 respexit
3473 4655 3563 4692 co-

289 4731 532 4805 τυνιιιεί
553 4748 576 4796 ;
607 4731 729 4785 Ποῦ
780 4729 1120 4798 ἀπέϐλεψεν
1164 4732 1194 4782 o'
1229 4727 1551 4797 ἁδελφιδός
1597 4744 1714 4783 σου
1734 4769 1746 4792 ,
1777 4729 1876 4783 καί

1983 4745 2198 4804 gnatus,
2223 4743 2270 4788 et
2295 4750 2589 4805 qnwremus
2611 4749 2728 4787 eum
2752 4742 2918 4785 tecum
2941 4733 2966 4786 ?
3008 4730 3176 4786 Recte
3197 4738 3377 4785 autem
3403 4739 3565 4800 atque

290 4820 841 4891 ζιρτὴσομεναὺτόν
879 4823 1029 4890 μετὰ
1061 4819 1216 4883 σοῦ;
1261 4820 1592 4883 ’Λκολούθως
1623 4821 1679 4874 δὲ
1717 4836 1877 4892 προσ-

1980 4826 2173 4881 ordine
2229 4827 2470 4896 virgines
2523 4825 2625 4889 hac,
2661 4823 2920 4877 nimirum
2955 4823 3174 4885 animae,
3231 4837 3379 4876 nunc
3437 4823 3567 4876 illud

291 4920 486 4983 ἁγουσι
515 4917 582 4986 τῇ
611 4913 914 4983 διδασκάλῳ
944 4911 1042 4984 τὴν
1077 4911 1268 4966 πεῦσιν
1308 4912 1362 4964 αἱ
1395 4911 1652 4983 παρθένοι
1689 4911 1875 4982 ψυχαί.

1981 4920 2346 4989 interrogant.
2405 4915 2650 4972 Primum
2714 4915 2862 4971 enim
2931 4914 3126 4970 locum
3182 4920 3315 4969 sunt
3353 4915 3422 4968 de
3477 4930 3565 4974 eo.

292 5007 515 5078 Πρῶτον
563 5007 672 5077 γὰρ
705 5006 832 5077 περὶ
877 5005 971 5058 τοῦ
1005 5003 1058 5056 τί
1105 5007 1251 5056 ἐστιν
1295 5003 1556 5073 ἐποίησαν
1587 5003 1878 5072 τὸνλόγον,

1981 5009 2249 5081 quidnam
2308 5018 2474 5074 esset,
2544 5023 2669 5064 cum
2731 5007 3075 5078 prtecedente
3137 5006 3565 5073 interrogatione

293 5104 353 5154 ‘ev
382 5099 459 5170 τῷ
488 5099 595 5170 πρὸ
629 5098 833 5169 ταύτης
863 5098 962 5168 τῆς
991 5097 1203 5169 ρήσεως
1238 5098 1554 5168 ἐρωτήματι
1580 5097 1834 5165 λέγουσαι
1862 5111 1876 5124 ⁸

1981 5108 2237 5170 quaerunt
2270 5119 2283 5154 :
2326 5099 2469 5166 Quid
2491 5108 2746 5168 cognatus
2789 5107 2931 5162 tuus,
2979 5113 3007 5150 ο
3039 5095 3258 5164 pulchra
3281 5095 3418 5147 inter
3451 5111 3558 5147 mu-

297 5193 361 5247 Tl
410 5191 730 5262 ἁδελφιδός
777 5208 928 5254 σου,
966 5191 1005 5258 ᾐ
1057 5188 1214 5256 καλὴ
1250 5189 1319 5242 ἐν
1351 5189 1630 5258 γυναιξίν
1644 5205 1664 5252 ;
1704 5189 1880 5259 Ὅπερ

1989 5195 2190 5250 lieres?
2249 5194 2316 5249 de
2371 5209 2480 5264 quo
2509 5193 2717 5248 edoctze
2758 5208 2855 5263 per
2887 5191 3135 5260 exposita
3168 5189 3390 5253 indicia,
3423 5189 3565 5260 quod

294 5289 626 5360 διδαχθεῖσαι
654 5287 742 5340 διὰ
793 5286 896 5340 τῶν
929 5285 1235 5357 εἰρημένων
1281 5284 1544 5354 σημείων,
1569 5285 1650 5337 ὄτι
1689 5283 1881 5346 λευκὸς

1986 5287 2279 5348 candidus,
2320 5293 2374 5340 et
2403 5286 2770 5351 rubicundus,
2797 5292 2851 5337 et
2905 5290 3124 5348 catcra,
3150 5281 3354 5352 quibus
3392 5280 3567 5336 forma

294 5381 388 5437 καὶ
424 5380 652 5452 πυρρὸς,
673 5379 766 5432 καὶ⁹
798 5378 867 5432 τά
895 5377 1057 5432 λοιπά
1096 5377 1163 5430 δι’
1197 5368 1272 5432 ὧν
1311 5375 1618 5446 ὑπογράψει
1645 5376 1706 5429 τὸ
1745 5373 1880 5437 εἶδος

1988 5379 2202 5449 ιιιιιιξεὶιί
2236 5378 2510 5448 descripta
2553 5387 2678 5434 est:
2713 5393 2859 5432 nunc
2887 5377 2955 5433 de
2989 5377 3110 5430 loco
3138 5375 3232 5430 ubi
3270 5375 3362 5440 sit,
3398 5375 3567 5430 inter-

297 5471 389 5525 τοῦ
417 5471 773 5540 ζητουμένου,
813 5470 940 5540 περὶ
982 5469 1078 5522 τοῦ
1109 5471 1241 5522 ὅπου
1272 5468 1647 5523 πυνθάνονται.
1673 5468 1766 5520 Διὸ
1794 5466 1881 5519 λέ-

1988 5479 2205 5542 rogant.
2248 5469 2364 5526 Non
2418 5480 2701 5541 propterea
2737 5470 2949 5533 dicunt,
3000 5468 3118 5534 Quo
3140 5466 3270 5521 abiit
3312 5476 3567 5537 cognatus

303 5579 474 5633 ίουσι,
509 5563 631 5616 Ποῦ
651 5561 926 5628 ἀπῆλθεν
953 5565 986 5615 ὁ
1011 5561 1335 5630 ἀδελφιδός
1367 5577 1505 5622 σου,
1538 5560 1569 5631 ἦ
1599 5560 1715 5614 ποῦ
1741 5559 1884 5614 ἀπέ-

1991 5574 2134 5626 tuus,
2161 5563 2245 5616 vel
2273 5580 2374 5632 quo
2427 5562 2696 5631 respexit?
2727 5570 2783 5615 ut
2824 5561 3045 5631 cognito
3085 5575 3312 5630 prorsus
3345 5559 3436 5615 ubi
3471 5560 3567 5626 sit,

293 5655 524 5722 σλεψεν
540 5668 562 5716 ,°
583 5652 702 5704 Ἵνα
729 5653 945 5715 πάντως
973 5652 1106 5705 ὅπου
1138 5652 1238 5722 μέν
1263 5653 1378 5704 ἐστι
1409 5650 1698 5721 μαθοῦσαι,
1715 5667 1880 5722 προσ-

1991 5655 2218 5710 adorcnt
2250 5655 2302 5709 in
2356 5654 2450 5707 illo
2481 5653 2621 5717 loco,
2657 5668 2765 5714 quo
2807 5652 2975 5723 pedes
3007 5652 3154 5708 illius
3183 5651 3479 5712 Steterint:
3511 5659 3563 5706 et

369 5837 418 5868 ⁸³
443 5831 609 5892 Joan.
642 5851 679 5899 ι,
710 5833 798 5887 45.
875 5829 922 5863 ⁸⁸
945 5829 1079 5887 ibid.
1110 5830 1170 5886 4|
1208 5845 1332 5900 sqq.
