4018 6392
594 428 731 488 1091

1828 424 1891 485 S.
1932 425 2263 489 GBEGORII
2305 426 2598 490 NYSSEN]

3752 430 3906 498 10?.

593 563 707 618 quo
763 544 1022 615 respiciat
1077 541 1306 608 edoctae,
1332 545 1423 597 'sic
1467 550 1641 599 semet
1666 545 2031 613 constituant,
2062 554 2164 619 quo

2278 553 2582 624 κυνήσωσιν
2614 553 2696 616 είς
2724 551 2816 607 τὸν
2850 553 3012 608 τόπον
3044 541 3106 607 οὗ
3132 552 3369 625 ἔστησαν
3413 554 3463 608 ol
3490 552 3661 618 πόδες
3693 555 3896 620 αὐτοῦ,

592 644 646 695 et
681 637 751 693 ab
780 637 916 708 ipsis
937 636 1056 706 ejus
1077 634 1252 705 gloria
1294 634 1689 705 conspiciatur,
1708 637 1867 708 cujus
1906 640 2180 711 apparitio

592 730 824 785 salutem
851 726 1002 782 aﬁ‘ert
1072 727 1504 798 aspectantibus,
1550 731 2010 799 quemadmodum
2042 731 2179 787 Pro-

592 821 753 889 pheta
810 819 901 873 ille
935 819 1181 888 loquitur
1217 817 1489 873 :Ostende
1522 820 1673 875 nobis
1707 820 1903 891 faciem
1936 832 2104 888 tuam,
2129 833 2179 878 et

588 910 724 964 salvi
761 911 959 965 erimus
1012 910 1078 962 “.
1116 909 1376 980 Magistra
1427 925 1561 965 vero
1615 912 1736 967 haec
1769 912 1835 967 ad
1865 914 2178 985 exemplum

588 999 826 1071 Philippi
870 1001 1130 1065 dicentis,
1206 999 1335 1055 Veni
1378 1017 1453 1056 'ac
1492 1001 1629 1069 vide,
1661 1004 1868 1073 prabet
1894 1019 1955 1060 se
1979 1004 2176 1061 ducem

587 1093 917 1165 virginibus,
974 1100 1035 1148 ut
1090 1110 1254 1163 quem
1307 1095 1632 1162 quaerebant
1671 1108 2039 1165 assequantur
2075 1116 2089 1153 :
2122 1103 2177 1154 et

586 1200 688 1256 pro
715 1200 782 1240 eo
816 1186 962 1256 quod
1019 1186 1237 1249 ait-ille,
1283 1184 1458 1241 Vide:
1495 1187 1675 1241 locum
1722 1187 1951 1253 indicat,
1981 1188 2036 1242 in
2065 1205 2177 1259 quo

585 1276 660 1330 sit
688 1276 737 1332 is
768 1291 929 1347 quem
960 1284 1233 1346 quzcrunt,
1269 1275 1570 1347 itidemque
1611 1291 1723 1347 quo
1754 1278 2033 1348 respiciat.
2081 1278 2177 1336 Sic

582 1369 730 1424 enim
760 1370 833 1423 ait
861 1388 875 1425 :
906 1369 1175 1438 Cognatas
1220 1380 1365 1423 meus
1398 1368 1662 1424 descendit
1700 1371 1753 1424 in
1775 1370 1987 1424 hortum
2018 1388 2175 1426 suum

584 1461 654 1512 ad
679 1459 893 1529 phialas
922 1461 1209 1513 aromatis.
1257 1457 1537 1514 Hactenus
1577 1459 1914 1524 ostenditur,
1943 1461 2036 1515 ubi
2076 1462 2171 1517 sit.

586 1553 856 1624 Deinceps
895 1568 1046 1618 vero,
1089 1554 1223 1624 quid
1267 1560 1499 1623 spectet,
1533 1560 1589 1608 et
1614 1568 1726 1623 quo
1773 1554 2057 1623 respiciat,
2084 1556 2175 1613 his

584 1646 769 1701 verbis
819 1647 1078 1713 magistra
1126 1651 1434 1699 monstrat:
1479 1645 1543 1701 Ut
1591 1655 1777 1709 pascat
1805 1648 1861 1700 in
1901 1649 2090 1709 hortis,
2122 1656 2174 1703 et

578 1735 801 1805 colligat
857 1734 999 1787 lilia.
1033 1734 1214 1803 Atque
1244 1734 1359 1789 haec
1391 1734 1549 1804 quasi
1598 1735 1850 1806 quaedam
1907 1751 2173 1807 corporea

581 1837 637 1883 et
684 1834 913 1887 externa
967 1833 1050 1881 est
1104 1840 1204 1894 pro
1243 1825 1560 1896 juvenculis
1596 1828 1979 1892 manuductio,
2024 1831 2172 1886 unde

582 1919 894 1989 intelligunt
926 1919 1033 1975 illa
1062 1933 1177 1975 tam
1207 1919 1301 1974 ubi
1326 1921 1420 1984 sit,
1442 1932 1608 1991 quam
1638 1934 1752 1992 quo
1781 1921 2064 1992 respiciat.

648 2222 890 2277 Omnino
922 2237 1054 2279 vero
1088 2220 1255 2279 etiam
1289 2219 1500 2277 utilitas
1536 2223 1720 2295 aliqua
1754 2225 1823 2280 de
1857 2225 1946 2282 his
1982 2228 2169 2284 verbis

575 2328 609 2368 a
659 2323 857 2369 sancto
908 2314 1121 2385 Spiritu
1176 2312 1442 2384 profectis
1479 2315 1830 2385 percipienda
1857 2318 2015 2374 nobis
2045 2328 2185 2385 est,

579 2405 745 2472 idque
787 2419 884 2474 per
918 2403 1444 2472 contemplationem
1484 2404 1848 2472 spiritualem.
1889 2406 2026 2461 Cum
2066 2408 2170 2475 igi-

528 2530 541 2539 .
576 2494 958 2548 ιιιινειιιάίιηιιε
1002 2494 1119 2548 haec
1153 2494 1354 2547 verba:
1389 2489 1663 2563 Cognatas
1706 2498 1853 2550 meu‘s
1894 2496 2168 2552 descendit

575 2586 632 2638 in
661 2584 875 2638 hortum
903 2601 1060 2638 suum
1084 2599 1102 2638 :
1131 2592 1308 2637 totum
1338 2580 1618 2654 Evangelii
1647 2585 1969 2657 mysterium
1996 2586 2168 2643 disci-

574 2691 733 2742 mus,
765 2676 1015 2745 quolibet
1047 2690 1111 2730 ex
1142 2674 1228 2730 his
1259 2676 1532 2731 vecabulo
1564 2692 1682 2732 rem
1712 2691 1972 2733 arcanam
2005 2680 2169 2738 nobis

572 2768 912 2825 declarante.
950 2769 1225 2824 Nimirum
1258 2771 1402 2841 quod
1440 2771 1488 2827 is
1524 2770 1669 2826 Deus
1691 2810 1705 2835 ,
1734 2770 1829 2841 qui
1860 2770 1914 2824 in
1946 2786 2012 2828 eo
2044 2771 2166 2843 ipso

572 2860 880 2927 patefactus
907 2866 993 2914 est
1026 2860 1079 2913 in
1112 2874 1312 2927 carne,
1344 2861 1473 2930 quia
1502 2861 1570 2916 de
1598 2858 1741 2916 Juda
1766 2868 1925 2917 ortus
1955 2870 2080 2927 est,
2111 2870 2168 2918 et

570 2950 832 3019 gentibus
866 2951 922 3005 in
955 2950 1191 3021 caligine
1223 2959 1390 3022 atque
1416 2954 1613 3008 umbra
1657 2953 1854 3009 mortis
1915 2952 2167 3009 sedenti-

576 3048 681 3103 bus
754 3042 978 3107 illuxit,
1012 3052 1161 3098 recte
1189 3050 1244 3098 et
1276 3053 1399 3114 apta
1432 3045 1648 3100 ratione
1677 3045 1901 3115 cognati
1938 3045 2162 3100 nomine

572 3148 604 3188 a
635 3137 974 3204 desponsata
1011 3134 1115 3189 sibi
1146 3135 1214 3189 ad
1243 3142 1509 3190 aiternam
1558 3135 2011 3205 coniunctionem
2064 3152 2162 3208 ap-

2286 643 2420 697 ὅπου
2452 636 2510 698 δέ
2537 644 2834 698 ἀποῆλέπει
2867 644 3220 716 διδαχθεῖσαι,
3246 644 3391 699 οὕτω
3428 646 3717 717 στήσωσιν
3762 647 3900 700 ἐαυ-

2285 734 2414 798 τάς’
2442 735 2584 789 ὥστε
2632 736 2725 790 καὶ
2764 737 2955 802 αὐταῖς
2990 736 3293 808 ἐποφθῆναι
3322 736 3425 809 τὴν
3461 735 3627 803 δόξαν
3678 735 3856 790 αὑτοῦ
3878 754 3891 766 ·

2284 819 2346 879 οὗ
2373 828 2407 897 ἡ
2438 827 2730 897 ἐπιφάνεια
2777 829 3021 901 σωτηρία
3049 828 3159 883 τῶν
3188 828 3605 883 ἐποπτευόντων
3646 828 3893 897 γίνεται,

2284 917 2467 983 καθώς
2496 928 2659 990 φησιν
2690 923 2719 975 ὁ
2748 916 3066 994 Προφήτης,
3098 923 3181 976 ὅτι
3220 922 3560 992 Ἐπίφανον
3586 919 3663 974 τὸ
3693 921 3893 989 πρόσ-

2282 1015 2448 1065 ωπόν
2472 1028 2610 1077 σου,
2635 1012 2734 1068 καί
2758 1014 3175 1082 σωθησόμεθαι
3201 1013 3312 1067 Καὶ
3335 1015 3368 1084 ή
3399 1011 3730 1074 διδάσκαλος
3756 1008 3891 1064 καθ’

2281 1105 2572 1178 ὁμοιότητα
2608 1104 2874 1160 Φιλίππου
2916 1106 3009 1161 τοῦ
3050 1108 3294 1170 εἰπόντος
3319 1124 3334 1139 ·
3367 1108 3595 1176 Ἔρχου
3623 1104 3729 1159 καί
3765 1103 3886 1169 me,

2282 1196 2603 1268 καθηγεῖται
2652 1198 2761 1253 τῶν
2812 1200 3031 1254 πάντων
3080 1198 3215 1272 πρὸς
3261 1197 3359 1269 τὴν
3387 1197 3480 1250 τοῦ
3527 1194 3885 1266 ζητουμένου

2282 1290 2604 1361 κατάληψιν,
2639 1290 2761 1345 ἀντὶ
2788 1282 2884 1344 τοῦ
2922 1291 3117 1356 εἰπεῖν,
3151 1290 3211 1343 τὸ
3248 1289 3379 1354 Ἴδε,
3406 1289 3497 1343 τὸν
3526 1288 3700 1342 τόπον
3735 1289 3884 1340 ὐπο-

2280 1380 2598 1436 δεικνύουσα
2634 1383 2694 1435 ἐν
2732 1374 2777 1450 ᾧ
2810 1383 2958 1435 ἐστιν
2978 1383 3010 1435 ό
3048 1379 3411 1452 ζητούμενος,
3439 1381 3537 1434 καὶ
3569 1380 3716 1433 ὅπου
3749 1377 3884 1450 βλέ-

2281 1488 2391 1528 πει.
2438 1475 2576 1544 Φησὶ
2623 1474 2732 1544 γάρ
2760 1484 2778 1504 δ
2805 1474 2887 1527 ὅτι
2953 1470 3299 1542 Ἀδελριδός
3339 1491 3458 1544 μου
3506 1471 3738 1538 κατέϐη
3788 1473 3882 1535 εἰς

2280 1565 2480 1636 κῆπον
2520 1570 2607 1634 είς
2655 1567 2877 1637 φιάλας
2919 1567 3026 1622 τοῦ
3079 1566 3403 1638 ἀρώματος.
3455 1567 3603 1628 Ἕως
3649 1564 3878 1625 τούτου,

2279 1659 2336 1712 ἐν
2361 1651 2406 1727 ᾧ
2431 1660 2577 1712 ἐστιν
2600 1659 2704 1712 ὑπὸ
2735 1659 2828 1714 τοῦ
2851 1659 3008 1728 λόγου
3044 1661 3382 1730 σημαίνεται.
3416 1658 3489 1710 Tb
3511 1655 3569 1709 δέ
3598 1657 3715 1709 ἀπὸ
3756 1654 3879 1707 τοῦ·

2276 1769 2393 1818 του,
2419 1753 2472 1806 τί
2494 1753 2618 1823 όρᾷ,
2649 1752 2744 1805 καὶ
2771 1754 2903 1806 ὅπου
2935 1753 3119 1824 βλέπει
3145 1752 3223 1825 τῷ
3255 1752 3397 1822 λόγῳ
3428 1750 3713 1804 δείκνυσιν
3732 1750 3766 1818 ἡ
3791 1747 3876 1799 διὸ

2276 1843 2573 1908 δάσκαλος,
2625 1830 2886 1912 λέγουσαέ
2920 1845 3002 1898 ὅτι
3039 1828 3380 1915 ᾗοιμαίνειν
3408 1843 3477 1897 ἐν
3516 1839 3746 1906 κήποις
3771 1831 3875 1892 καὶ

2204 1916 2247 1972 Β
2278 1934 2571 2007 συνάγειν
2599 1937 2793 2007 κρίνα.
2830 1935 2979 2007 Αὕτη
3016 1934 3114 2008 μὲν
3145 1936 3179 2008 ἦ
3221 1933 3529 2006 σημαντικὴ
3560 1932 3662 1985 τοῦ
3706 1932 3870 2001 λόγου

2274 2029 2411 2100 πρὸς
2446 2030 2546 2094 τὰς
2576 2028 2821 2093 νεάνιδάς
2859 2030 3006 2083 ἐστιν
3053 2029 3242 2100 όδηγία
3294 2022 3365 2081 δι’
3400 2021 3475 2082 ὦν
3524 2025 3870 2096 μανθάνουσι

2272 2121 2368 2175 καὶ
2395 2120 2530 2174 ὅπου
2556 2114 2695 2188 ἐστὶ,
2725 2121 2820 2174 καὶ
2844 2120 2977 2174 ὅπου
3008 2119 3212 2191 βλέπει.

2341 2212 2463 2285 Χρὴ
2488 2214 2544 2267 δέ
2586 2214 2804 2279 πάντως
2836 2215 2929 2268 καὶ
2970 2214 3030 2268 τὸ
3054 2212 3326 2284 ὠφέλιμον
3358 2204 3459 2283 τῆς
3491 2208 3864 2264 θεοπνεύστου

2270 2302 2473 2375 ταύτης
2500 2304 2795 2373 ἐπιγνῶναι
2821 2299 3045 2377 Γραφῆς
3071 2296 3158 2358 διὰ
3180 2303 3277 2373 τῆς
3307 2304 3690 2374 πνευματικῆς
3728 2303 3863 2356 θεω-

2272 2395 2413 2465 ρίας.
2456 2393 2666 2448 Οὐκοῦν
2695 2395 2824 2449 ὅταν
2847 2393 3172 2464 ἀκούσωμεν
3205 2394 3287 2447 ὅτι
3330 2386 3682 2461 Ἀδελεριδὸς
3725 2408 3865 2446 κατ’.

2267 2487 2373 2555 έϐη
2391 2488 2478 2553 εις
2499 2485 2698 2556 κῆπον
2718 2487 2926 2552 αὑτοῦ,
2941 2486 3003 2541 τὸ
3052 2477 3416 2555 Εὑαγγελικδν
3446 2486 3754 2558 μυστήριον
3772 2484 3866 2540 διὰ

2266 2580 2378 2634 τῶν
2399 2580 2705 2652 εἰρημένων
2750 2579 3094 2652 μανθάνομεν
3113 2619 3130 2645 ,
3174 2579 3404 2633 ἑκάστου
3439 2577 3551 2631 τῶν
3571 2577 3869 2649 tivam

2266 2671 2457 2725 τοῦτον
2484 2670 2577 2725 τὺν
2606 2671 2868 2743 μυστικὸν
2895 2670 3056 2740 λόγον
3102 2672 3237 2743 ἡμῖν
3265 2669 3699 2742 σαφηνίζοντος’
3740 2670 3772 2722 ό
3803 2672 3865 2722 ὲν

2270 2765 2438 2836 σαρκὶ
2459 2765 2795 2837 φανερωθεὶς
2825 2765 2985 2828 Θεὸς,
3009 2761 3098 2818 διὰ
3122 2764 3182 2818 τὸ
3214 2758 3276 2844 ἐξ
3307 2763 3476 2818 Ἰούδα
3506 2763 3607 2834 μὲν
3636 2764 3861 2817 ἀνατεῖ-

2266 2857 2379 2921 λαι,
2428 2856 2642 2929 λάμψαι
2672 2857 2728 2910 δέ
2767 2860 2881 2923 τοῖς
2912 2856 3088 2911 ἔθνεσι
3119 2860 3229 2923 τοῖς
3271 2859 3329 2911 ἐν
3375 2852 3552 2910 σκότει
3586 2858 3683 2910 καὶ
3728 2857 3857 2925 σκιᾷ

2267 2944 2496 3004 θανάτου
2520 2949 2867 3023 καθημένοις,
2883 2950 3062 3014 καλῶς
3090 2948 3184 3003 καὶ
3206 2948 3495 3020 προσφυῶς
3520 2947 3602 3019 τῷ
3622 2948 3855 3021 ὀνόματι

2264 3039 2359 3094 τοῦ
2390 3040 2673 3108 ἀδελφιδοῦ
2713 3039 2865 3112 παρὰ
2905 3039 3005 3110 τῆς
3051 3038 3474 3111 μνηστευθείσης
3511 3036 3663 3107 αὐτῷ
3718 3037 3854 3109 προς

2264 3130 2432 3183 ἀΐδιον
2466 3127 2725 3198 συζυγίαν
2764 3128 3225 3201 κατονομάζεται,
3275 3128 3505 3199 ἀδελφῆς
3539 3127 3714 3199 οὔσης
3759 3126 3851 3182 τοῦ

572 3225 833 3297 pelletur,
869 3225 1022 3296 quod
1056 3240 1120 3281 ea
1152 3226 1342 3296 populi
1375 3242 1443 3282 ex
1475 3224 1620 3282 Iuda
1652 3227 1762 3281 orti
1797 3243 1958 3285 soror
1991 3241 2156 3285 esset.

2278 3212 2449 3276 Ἰούδα
2485 3222 2638 3277 λαοῦ.
2695 3222 2769 3276 Tb
2799 3222 2859 3277 δὲ
2875 3221 3122 3293 Κατέὅη,
3163 3221 3333 3293 δηλοῖ,
3364 3221 3446 3274 ὅτι
3486 3219 3576 3274 διὰ
3615 3221 3713 3273 τὸν
3745 3219 3853 3274 ἀπὺ

573 3314 813 3371 Verbum
863 3326 1085 3383 autem,
1131 3316 1471 3381 Descendit,
1511 3316 1787 3389 signiﬁcat
1830 3327 2053 3389 propter
2094 3320 2163 3374 il-

572 3408 726 3471 lum,
755 3409 848 3479 qui
875 3406 1241 3479 Jerosolymis
1266 3405 1490 3463 Iericho
1519 3408 1849 3473 descendit,
1884 3408 2055 3481 inque
2084 3411 2165 3466 la-

571 3506 765 3553 trones
816 3498 1017 3553 incidit
1043 3495 1091 3529 “
1119 3513 1136 3550 :
1169 3505 1395 3568 prepter
1443 3497 1593 3553 hunc
1646 3498 1815 3569 igitur
1863 3499 1918 3553 in
1972 3500 2163 3557 hostes

570 3592 785 3661 lapsum
805 3631 822 3656 ,
845 3592 1014 3645 etiam
1039 3589 1222 3661 ipsum
1245 3589 1604 3646 descendisse
1631 3609 1645 3645 :
1673 3606 1783 3662 quo
1814 3591 2164 3663 signiﬁcatur

569 3680 714 3737 facta
738 3694 807 3735 ex
840 3680 1104 3736 iueﬂabili
1140 3681 1426 3751 majestate
1451 3682 1519 3737 ad
1548 3681 1918 3738 humilitatem
1948 3692 2163 3740 natura:

569 3783 775 3830 nostra
798 3773 1090 3830 demissio.
1123 3770 1203 3826 Ex
1238 3772 1385 3827 horti
1420 3776 1715 3845 aenigmate
1743 3775 2033 3843 discimus,
2061 3792 2158 3832 ve-

568 3880 691 3922 rum
725 3865 878 3921 illum
909 3865 1208 3936 agricolam
1243 3865 1311 3919 de
1341 3865 1558 3935 integro
1587 3881 1780 3921 arvum
1817 3881 1978 3922 suum
2006 3869 2154 3938 plan-

567 3966 686 4015 tare
711 3999 727 4023 ,
764 3958 1028 4013 nimirum
1062 3972 1164 4012 nos
1206 3956 1480 4012 homines.
1538 3956 1755 4014 Etenim
1802 3975 1907 4016 nos
1959 3976 2156 4015 arvum

566 4055 743 4122 ipsius
786 4066 1018 4116 sumus,
1048 4050 1522 4120 quemadmodum
1566 4050 1772 4111 Paulus
1816 4052 2060 4124 loquitur
2088 4057 2155 4112 σν.

568 4143 758 4213 Itaque
787 4158 915 4198 cum
952 4144 1073 4214 ipse
1106 4144 1181 4197 sit
1210 4143 1288 4208 is,
1319 4142 1413 4213 qui
1451 4158 1636 4198 rerum
1672 4143 1832 4198 initio
1862 4146 2159 4215 plantatio-

568 4250 692 4290 nem
726 4234 982 4290 humanae
1013 4242 1230 4290 naturae
1259 4236 1533 4291 consitam
1565 4251 1595 4290 a
1626 4235 1790 4293 Patre
1818 4239 2033 4295 ccelesti
2069 4258 2159 4296 ex-

567 4325 741 4381 coluit
767 4325 821 4380 in
854 4326 1114 4397 paradiso
1142 4344 1155 4380 :
1185 4341 1317 4397 aper
1341 4334 1525 4382 autem
1556 4327 1855 4399 singularis
1880 4337 1935 4385 et
1962 4331 2156 4386 imma-

566 4420 653 4475 nis
683 4419 908 4475 hortum
943 4419 1136 4484 illum,
1184 4419 1448 4474 nimirum
1485 4435 1619 4485 nos,
1657 4420 2008 4491 depraedatus
2049 4424 2152 4491 sit,

565 4527 868 4584 arvnmque
911 4512 1164 4567 divinum
1213 4512 1488 4568 vastarit:
1529 4513 1677 4568 hanc
1705 4514 1880 4583 ipsam
1914 4516 1986 4570 ob
2019 4532 2154 4571 cau-

2278 3313 2632 3386 Ἰερουσαλὴμ
2669 3316 2726 3379 ἐς
2766 3309 2973 3386 Ἱεριχὼ
3015 3313 3346 3377 καταὸἀντα,
3382 3314 3474 3366 καὶ
3523 3313 3583 3366 ἐν
3614 3315 3731 3377 τοῖς
3757 3313 3851 3387 λῃ-

2268 3409 2421 3471 σταῖς
2451 3406 2769 3478 γενόμενονο
2800 3404 2890 3460 διὰ
2922 3405 3080 3459 τοῦτο
3104 3407 3200 3459 καὶ
3221 3405 3382 3468 αὐτὸς
3410 3407 3477 3476 τῇ
3504 3403 3722 3477 καθόδῳ
3755 3403 3849 3460 τοῦ

2264 3498 2596 3570 ἐμπεσόντος
2623 3500 2736 3563 τοῖς
2761 3496 3038 3569 πολεμίοις
3071 3498 3521 3569 συγκατέρχεται⁶
3538 3496 3606 3549 δι’
3632 3490 3711 3551 ὧν
3753 3515 3849 3570 σηά

2267 3591 2447 3664 μαίνει
2479 3591 2577 3662 τὴν
2622 3592 2688 3645 ἐκ
2729 3592 2829 3661 τῆς
2855 3590 3135 3662 ἁφράστου
3173 3589 3585 3664 μεγαλειότητος
3612 3592 3846 3662 γενομέδ

2263 3702 2361 3755 νην
2387 3685 2480 3738 ἐπὶ
2497 3684 2559 3737 τὸ
2577 3682 2829 3738 ταπεινὸν
2851 3684 2948 3754 τῆς
2978 3683 3194 3753 φύσεως
3223 3683 3375 3755 ἡμῶν
3405 3682 3842 3752 συγκατάσασιν·

2262 3777 2352 3832 διὰ
2385 3777 2444 3831 δὲ
2475 3776 2570 3831 τοῦ
2594 3775 2734 3830 κατὰ
2756 3776 2848 3830 τὸν
2879 3776 3056 3846 κῆπον
3085 3772 3403 3847 αἰνίγματος
3437 3773 3597 3829 τοῦτο
3631 3776 3846 3845 μανθά-

2262 3887 2450 3942 νομεν,
2480 3870 2561 3924 ὅτι
2584 3868 2913 3940 ἀναφυτεύει
2942 3868 3004 3922 τὸ
3029 3864 3226 3922 ἑαυτοῦ
3250 3866 3512 3938 γεώργιον
3538 3866 3566 3920 ὁ
3588 3867 3847 3938 ἀληθινὸς

2259 3962 2505 4032 γεωργὸς
2538 3961 2686 4033 ἡμᾶς
2716 3963 2842 4024 τοὺς
2885 3958 3223 4032 ἀνθρώπους.
3285 3958 3472 4030 Ἡμεῖς
3520 3960 3629 4029 γάρ
3670 3962 3847 4032 ἐσμεν

2259 4054 2424 4109 αὐτοῦ
2459 4053 2724 4125 γεώργιον
2753 4053 2893 4107 κατὰ
2933 4052 3032 4123 τὴν
3067 4052 3280 4107 Παύλου
3322 4052 3523 4122 φωνήν.
3564 4052 3723 4106 Ἐπεὶ
3750 4048 3845 4108 οὖν

2259 4149 2464 4212 ἐκεῖνός
2495 4149 2663 4212 ἐστιν,
2711 4148 2739 4199 ὁ
2771 4146 3053 4218 καταρχὰς
3092 4146 3151 4198 ἐν
3179 4143 3487 4216 παραδείσῳ
3514 4145 3843 4215 γεωργήσας

2256 4237 2357 4310 τὴν
2377 4236 2725 4309 ἀνθρωπίνην
2754 4236 2933 4307 φύσιν,
2951 4235 3017 4306 ἣν
3038 4233 3332 4304 ἐφύτευσεν
3356 4232 3384 4285 ὁ
3409 4233 3596 4304 Πατὴρ
3621 4235 3649 4286 ὁ
3673 4234 3843 4304 οὐρά.

2256 4346 2399 4393 νιος’
2436 4328 2523 4382 διὰ
2553 4327 2712 4383 τοῦτο
2732 4328 2825 4382 τοῦ
2864 4325 3048 4399 μονιοῦ
3078 4326 3174 4382 τοῦ
3199 4325 3390 4398 ἀγρίου
3429 4326 3840 4397 κατανεμηθέν-

2255 4438 2347 4485 τος
2381 4421 2537 4493 ήμῶν
2564 4420 2654 4475 τὸν
2670 4421 2846 4492 κῆπον
2866 4420 2961 4475 καὶ
2988 4419 3379 4492 λυμαινομένου
3400 4418 3461 4473 τὸ
3488 4417 3630 4471 θεῖον
3657 4420 3838 4491 γεώρ-

2256 4529 2396 4582 γιον,
2434 4512 2636 4584 κατέϐη
2686 4513 2782 4567 τοῦ
2821 4512 2981 4567 πάλιν
3027 4512 3250 4583 ποιῆσαι
3295 4510 3467 4581 κῆπον
3505 4510 3600 4581 τὴν
3631 4511 3836 4583 ἔρημον

564 4616 680 4658 sam
729 4603 1048 4670 descendit,
1097 4613 1160 4659 ut
1207 4602 1450 4661 ediceret
1498 4619 1610 4676 quo
1655 4603 1851 4661 hortus
1898 4606 2151 4665 desertus

2267 4605 2322 4676 τῇ
2360 4603 2468 4658 τῶν
2502 4603 2714 4676 ἀρετῶν
2747 4604 2941 4674 φυτεία
2976 4602 3444 4673 καλλωπιζόμενον
3469 4617 3487 4632 ο
3534 4601 3632 4673 τὴν
3663 4602 3837 4657 καθα-

563 4709 784 4751 rursum
817 4711 916 4766 per
946 4697 1212 4751 virtutum
1245 4698 1616 4755 consitionem
1648 4708 1979 4765 ornaretur;
2012 4716 2153 4771 puro

564 4801 630 4842 ac
660 4785 849 4841 divino
875 4786 1145 4842 doctrina:
1177 4787 1330 4844 fonte
1364 4790 1432 4843 ad
1461 4789 1683 4858 plantas
1712 4789 2033 4859 huiusmodi
2067 4789 2150 4847 l‘o-

565 4875 799 4941 venda‘s,
836 4890 934 4946 per
961 4876 1233 4946 quosdam
1264 4878 1424 4948 quasi
1460 4878 1610 4934 rivos
1654 4879 1931 4934 sermonis
1976 4878 2153 4936 dedu-

563 4978 672 5025 cto.
705 4968 911 5025 Phialze
941 4978 1123 5025 autem
1154 4972 1418 5026 aromatis
1449 4971 1719 5027 hactenus
1744 4970 1800 5027 in
1827 4972 2156 5043 descriptio-

564 5079 633 5121 ne
661 5063 1096 5136 pulchritudinis
1131 5065 1320 5135 sponsi
1354 5065 1420 5119 ad
1457 5065 1804 5120 maxillarum
1838 5068 2152 5123 encomium

565 5158 791 5214 fuerunt
820 5157 1288 5218 accommodatae,
1322 5158 1529 5228 quibus
1563 5158 1675 5212 cibi
1719 5158 2042 5228 spirituales
2085 5156 2154 5215 ad

563 5267 725 5310 usum
758 5249 1714 5329 pascendorum\comminuuntur:
1753 5250 1846 5304 hic
1876 5265 2007 5305 vero
2052 5265 2154 5321 pro

563 5343 686 5398 loco
715 5346 1036 5403 sumuntur,
1085 5328 1205 5411 quo
1254 5354 1496 5410 sponsus
1547 5328 1713 5407 degat
1736 5357 1750 5393 :
1801 5339 2155 5396 discentibus

561 5449 629 5491 ex
656 5449 725 5491 eo
755 5432 954 5497 nobis,
1005 5448 1119 5487 non
1167 5433 1384 5488 versari
1437 5448 1705 5503 sponsum
1741 5448 1804 5488 ea
1833 5433 1889 5487 in
1929 5436 2151 5500 anima,

562 5526 658 5581 ubi
682 5526 954 5581 virtutum
983 5525 1232 5596 quaedam
1260 5526 1334 5582 sit
1358 5523 1605 5581 solitudo
1631 5542 1648 5592 ;
1675 5526 1769 5581 sed
1799 5540 1922 5593 quae
1953 5540 2154 5581 secun-

562 5619 696 5670 dum
723 5616 997 5671 hactenus
1024 5616 1265 5672 indicata
1288 5658 1304 5684 ,
1333 5618 1598 5675 aromatis
1620 5624 1705 5674 est
1730 5617 1912 5688 phiala
1933 5659 1947 5683 ,
1972 5624 2027 5674 et
2052 5632 2154 5671 un-

563 5715 768 5777 guenta
810 5706 1046 5775 profert.
1094 5707 1197 5775 Qui
1250 5710 1380 5767 talis
1423 5717 1544 5777 est,
1574 5708 1625 5768 is
1654 5709 1944 5781 sapientiae
1971 5717 2156 5766 crater

2261 4696 2362 4769 ρὰν
2389 4697 2485 4750 καὶ
2524 4696 2675 4750 θείαν
2715 4696 2812 4765 τῆς
2846 4690 3190 4757 διδασκαλίας
3222 4692 3424 4764 πηγὴν,
3465 4693 3557 4746 ἐπὶ
3593 4693 3692 4764 τὴν
3730 4694 3834 4748 τῶν

2257 4787 2512 4842 τοιούτων
2548 4787 2731 4857 φυτῶν
2770 4786 3089 4857 ἐπιμέλειαν
3135 4786 3400 4855 όχετήσας
3439 4782 3520 4853 τῷ
3554 4782 3734 4855 λόγῳ·
3777 4788 3831 4841 αἱ

2256 4878 2315 4935 δὲ
2336 4878 2428 4933 τοῦ
2453 4880 2743 4952 ἀρὼματος
2779 4877 2965 4950 φιάλαι
2998 4878 3054 4930 ἐν
3095 4875 3194 4947 μὲν
3221 4878 3286 4946 τῇ
3318 4871 3414 4929 τοῦ
3448 4874 3676 4939 κάλλους
3700 4876 3828 4929 ὐπο-

2256 4975 2468 5044 γραφῇ,
2500 4972 2636 5044 πρὸς
2663 4972 2723 5025 τὸ
2746 4969 2855 5023 τῶν
2881 4964 3448 5038 σιαγόνωνέγκώμιον
3477 4966 3827 5039 παρελήφθηι

2257 5082 2377 5130 σαν,
2413 5064 2479 5118 δι’
2508 5056 2582 5118 ὧν
2627 5060 3033 5117 καταλεαίνεται
3070 5060 3137 5115 τὰ
3171 5059 3517 5131 πνευματικὰ
3549 5061 3695 5113 σιτία
3719 5064 3826 5126 τοῖς

2252 5154 2609 5230 τρεφομένοις
2634 5172 2648 5186 ·
2677 5152 2909 5207 ἐνταῦθα
2929 5152 2984 5206 δὲ
3006 5152 3168 5215 τόπος
3196 5146 3331 5204 εἶναι
3359 5149 3452 5203 τοῦ
3476 5151 3709 5219 νυμφίου
3740 5153 3824 5204 καὶ

2255 5248 2578 5319 ἐνδιαίτημα
2610 5247 2761 5319 παρὰ
2785 5246 2878 5299 τοῦ
2907 5244 3066 5313 λόγου
3103 5243 3360 5315 μηνύεται
3383 5252 3397 5271 ⁸
3443 5243 3597 5296 τοῦτο
3627 5244 3824 5313 μανθαο

2253 5340 2452 5393 νόντων
2489 5337 2670 5409 ἡμῶν,
2718 5338 2799 5390 ὅτι
2832 5334 2956 5389 οὔτε
3000 5337 3056 5388 ἐν
3089 5337 3281 5407 ἐρήμῳ
3317 5333 3427 5388 τῶν
3452 5333 3660 5402 ἀρετῶν
3686 5332 3819 5405 ψυχῇ

2251 5430 2483 5503 νυμφίος
2524 5428 2824 5494 αὐλίζεται,
2867 5427 2920 5482 εῐ
2963 5444 3048 5490 τις
3089 5426 3230 5479 κατὰ
3271 5425 3360 5478 τὸν
3396 5424 3819 5495 προαποδοθέντα

2248 5512 2410 5593 λόγὸν
2459 5521 2624 5593 φιάλη
2673 5520 2965 5591 ἁρώματος
3010 5517 3220 5587 γένοιτο
3263 5512 3469 5585 φύουσα
3525 5514 3812 5585 μυρεψικὰ.

2263 5616 2321 5669 ὐ
2346 5612 2585 5678 τοιοῦτος
2612 5611 2826 5684 κρατὴρ
2853 5611 2952 5682 τῆς
2979 5610 3171 5679 σοφίας
3205 5608 3508 5678 γενόμενος.
3533 5606 3739 5677 δέχεται
3761 5609 3817 5659 ἐν

2251 5703 2429 5775 ἐαυτῷ
2456 5703 2549 5758 τὸν
2574 5702 2713 5757 θεῖον
2738 5701 2833 5756 καὶ
2857 5700 3131 5773 ἀκήρατον
3152 5695 3315 5766 οἶνον,
3342 5698 3406 5752 δι’
3431 5692 3492 5751 οὗ
3514 5700 3717 5767 γίνεται
3743 5695 3815 5767 τῷ

635 5880 682 5915 ⁸⁸
715 5876 868 5937 Psal.
897 5895 1083 5949 Lntx,
1114 5885 1168 5938 4.
1245 5885 1289 5919 ⁸⁸
1324 5884 1462 5942 Luc.
1504 5904 1563 5952 ι,
1591 5887 1662 5944 '50
1692 5902 1815 5959 sqq.
1890 5887 1935 5921 ⁸⁷
1972 5884 2146 5966 Ιοοξ.

2294 5884 2328 5939 6
2360 5898 2467 5955 sqq
