4018 6374
287 371 455 437 ’10θὸ

1214 374 1215 383 “
1304 373 1384 434 ἸΝ
1416 368 1724 436 ’(ΖΑΝἸἹΟΑ
1763 369 2034 431 CANTIG.
2077 368 2362 432 HOMILIA
2401 374 2519 433 XV.

3437 336 3583 441 -ιοθι

304 496 654 573 δεξαμένῳίή
682 490 1012 571 εὐφροσύνη.
1074 494 1131 553 Ὅ
1248 492 1447 569 ἐφεξῆς
1476 499 1632 568 λόγος
1662 498 1901 552 διδάσκει

2015 494 2187 550 factus
2208 535 2223 558 ,
2253 494 2502 550 divinum
2532 502 2588 551 et
2619 496 3000 568 incorrUptum
3030 510 3220 555 riuum
3254 495 3308 553 in
3337 506 3460 555 sese
3491 516 3593 555 ιιι-ν

308 594 467 664 ἡμᾶς
494 593 676 656 ποίαις
717 593 909 663 νομαῖς
940 590 1009 644 τά
1045 591 1285 661 ’ποίμνια
1319 591 1412 646 τοῦ
1450 591 1615 646 καλοῦ
1645 590 1902 661 ποιμένος

308 686 610 740 πιαίνεται.
660 685 735 739 Οὐ
772 685 882 755 γὰρ
919 684 996 747 εἰς
1028 684 1266 755 ἐρήμους
1287 685 1442 748 τινὰς
1477 684 1572 739 καὶ
1602 684 1903 753 ἀκανθοφό-

302 795 449 850 ρους
475 778 672 841 τόπους
693 776 968 844 ἐξελαύνει
990 777 1058 831 τὰ
1085 777 1353 848 πρόϐατα,
1370 777 1512 832 ὥστε
1536 778 1636 849 τὴν
1659 777 1900 849 χορτώδη

305 867 618 940 δρέψασθαι
647 867 811 921 πόανο
850 866 988 921 ἀλλὰ
1025 868 1198 941 τροφὴ
1221 869 1506 938 πρόκειται
1524 869 1705 933 αὐτοῖς,
1732 869 1802 923 τὰ
1836 871 1902 924 ὲκ

296 959 427 1013 τεῶν
453 960 648 1031 κήπων
684 959 981 1032 ἀρώματα·
1003 962 1123 1014 ἀντὶ
1144 961 1201 1014 δὲ
1227 961 1440 1032 χόρτου,
1462 961 1524 1016 τὸ
1550 963 1735 1034 κρίνον
1757 965 1897 1033 γίνε-

296 1067 429 1116 ται,
457 1053 594 1122 ὅπερ
625 1053 759 1122 φησι
787 1052 938 1123 παρὰ
968 1051 1062 1106 τοῦ
1093 1053 1346 1123 ποιμένος
1366 1055 1447 1118 είς
1475 1053 1771 1127 διατροφὴν
1792 1052 1903 1111 τῶν

298 1142 609 1213 ’προϐάτων
655 1143 1028 1212 συλλέγεσθαι.
1093 1145 1279 1200 Ταῦτα
1316 1144 1727 1215 φιλοσοφοῦντος
1769 1149 1902 1219 ἡμῖν

234 1248 253 1260 ’
288 1236 410 1289 -διά
443 1235 648 1289 τούτων
688 1236 784 1290 τοῦ
821 1236 1003 1306 λόγου,
1036 1238 1119 1292 ὃτι
1163 1241 1196 1310 ἡ
1233 1240 1557 1313 περιεκτικὴ
1597 1240 1705 1294 τῶν
1734 1241 1902 1297 όντων

311 1326 485 1394 φύσις
531 1329 627 1382 καὶ
658 1326 917 1398 δύναμις,
967 1328 1146 1382 πάντα
1177 1330 1236 1381 ὲν
1268 1329 1435 1401 ἑαυτῇ
1486 1331 1897 1403 περιείργουσα,

306 1416 485 1472 τόπον
526 1418 726 1489 ἑαυτῆς
757 1420 850 1473 καὶ
892 1419 1128 1491 χώρημα
1166 1426 1399 1475 ποιεῖται
1452 1422 1563 1477 τῶν
1598 1424 1902 1494 δεχομένων

307 1508 422 1581 τὴν
460 1508 823 1580 καθαρότητα,
858 1511 916 1563 ὲν
947 1504 1029 1573 οἷς
1053 1513 1093 1564 ό
1127 1511 1415 1578 πολυειδῶς
1439 1515 1527 1569 διὰ
1551 1514 1658 1571 τῶν
1688 1518 1903 1590 ἀρετῶν

290 1600 736 1672 -γεωργούμενος
766 1602 962 1672 κῆπος,
998 1604 1143 1674 κομᾷ
1171 1604 1269 1674 μὲν
1296 1608 1405 1670 τοῖς
1432 1608 1540 1661 τῶν
1571 1611 1772 1683 κρίνων
1805 1613 1902 1668 ἄν-

298 1692 462 1756 θεσι,
497 1691 648 1763 βρύει
675 1692 732 1746 δὲ
762 1695 828 1764 τῇ
852 1693 960 1746 τῶν
986 1694 1295 1766 ἀρωμάτων
1310 1702 1666 1772 καρπογονίᾳ.
1691 1702 1770 1757 Τὰ
1804 1705 1903 1774 μὲν

320 1784 430 1854 γὰρ
469 1784 633 1856 κρίνα
669 1783 762 1837 τοῦ
801 1785 1055 1865 λαμπροῦ
1103 1788 1197 1842 καὶ¹
1240 1789 1483 1862 καθαροῦ
1531 1794 1629 1865 τῆς
1666 1793 1902 1861 διανοίας

317 1872 552 1946 αἴνιγμα
584 1874 792 1943 γίνεται
818 1893 831 1906 ο
881 1879 918 1946 ἡ
962 1877 1020 1930 δὲ
1060 1877 1169 1931 τῶν
1206 1880 1514 1950 ἀρωμάτων
1554 1883 1799 1948 εῦπνοια,
1842 1888 1904 1941 τὸ

320 1964 505 2037 πᾶσης
535 1964 818 2039 άμαρτιῶν
833 1969 1093 2032 δυσωδίας
1120 1971 1411 2045 ἀλλοτρίως
1436 1975 1601 2044 ἔχειν.
1631 1978 1906 2044 Τοιούτοις

314 2053 416 2110 οὖν
444 2074 577 2128 φησι
602 2059 692 2112 τὸν
720 2060 830 2112 τῶν
857 2061 1091 2128 Λογικῶν
1114 2065 1410 2136 ἐπιστάτην
1434 2069 1702 2139 ποιμνίων
1724 2071 1908 2127 ἐνανα-

308 2150 685 2220 νστρέφεσθαι,
740 2153 797 2204 ὲν
831 2152 929 2221 μὲν
962 2156 1075 2218 τοῖς
1117 2146 1316 2227 κήποις
1354 2159 1686 2228 νομεύοντα,
1745 2162 1813 2216 τὰ
1851 2164 1907 2218 δὲ

309 2241 486 2312 κρίνα
517 2242 653 2314 πρὸς
675 2243 774 2314 τὴν
797 2244 904 2297 τῶν
930 2246 1218 2317 προϐάτων
1242 2247 1537 2324 διατροφὴν
1566 2255 1819 2327 κείροντά
1847 2275 1908 2311 τε

318 2334 419 2387 καὶ
459 2333 782 2403 συλλέγοντα
802 2353 815 2366 ·
866 2336 1011 2409 ἅπερ
1038 2338 1128 2393 διὰ
1153 2342 1247 2395 τοῦ
1286 2345 1521 2413 μεγάλου
1555 2347 1767 2402 Παύλου
1796 2355 1911 2414 τοῖς

322 2423 618 2496 προϐάτοις
649 2427 937 2499 προτίθησι
965 2429 1061 2483 τοῦ
1090 2433 1152 2485 ἐκ
1170 2433 1267 2503 τῆς
1293 2435 1441 2500 θείας
1467 2438 1750 2509 ἀποθήκης
1769 2458 1897 2513 προ-

298 2515 612 2581 ίδάλλοντος
645 2519 777 2588 ἡμῖν
817 2519 919 2590 τὴν
950 2521 1015 2574 ὲκ
1040 2521 1148 2575 τῶν
1186 2527 1389 2596 κρίνων
1416 2528 1741 2602 διατροφήν·
1793 2531 1910 2586 ἔστι
1938 2550 1949 2559 ί

301 2604 381 2660 ’δὲ
408 2606 609 2673 ταῦτα,
650 2610 751 2663 ὅσα
796 2611 971 2685 άληθῆ
992 2652 1007 2677 ,
1054 2613 1157 2668 ὅσα
1188 2616 1391 2687 σεμνά,
1436 2619 1536 2673 ὅσα
1565 2621 1780 2685 δίκαια,
1809 2623 1911 2677 ὅσα

320 2698 629 2770 προσφιλῆ,
663 2702 761 2755 ὅσα
793 2703 945 2773 ἅγια,
967 2707 1068 2760 ὅσα
1119 2705 1370 2779 εὔφημα·
1403 2708 1458 2761 εἴ
1483 2727 1567 2773 τις
1600 2713 1791 2784 ἀρετὴ,
1817 2714 1914 2768 καὶ

319 2790 379 2842 εἴ
399 2807 483 2854 τις
510 2791 751 2858 ἔπαινος.
797 2797 984 2852 Ταῦτά
1022 2801 1160 2864 ἐστι,
1187 2801 1326 2856 κατά
1356 2818 1419 2871 γε
1446 2803 1537 2857 τὸν
1559 2805 1692 2874 ἐμὸν
1730 2806 1909 2875 λόγον,

320 2880 399 2935 τὰ
428 2883 590 2954 κρίνα
635 2879 716 2949 οἷς
751 2887 1100 2961 διατρέφεται
1133 2893 1287 2962 παρά
1319 2891 1412 2947 τοῦ
1451 2890 1618 2949 καλοῦ
1655 2898 1913 2970 ποιμένος

316 2988 388 3027 τε
422 2975 518 3029 καὶ
548 2975 869 3034 διδασκάλου
898 2981 957 3036 τὸ
984 2984 1254 3054 ποίμνιον.

2004 588 2175 658 cipit,
2219 588 2367 657 quod
2408 587 2504 658 qui
2548 590 2790 659 recepit,
2830 591 3197 653 exbilara’tur.
3244 591 3377 660 Quae
3419 591 3587 663 porro

2004 678 2943 750 sequuntur,‘indicanteujusmodi
2972 683 3194 752 pascuis
3225 698 3418 754 greges
3446 699 3588 755 pra!-

2004 772 2137 828 clari
2172 772 2319 827 illius
2351 772 2589 843 pastoris
2624 773 3011 844 pinguescant.
3040 775 3161 830 Non
3189 777 3337 831 enim
3369 778 3463 833 ille
3489 786 3588 833 ue—

2005 871 2154 919 serta
2189 863 2439 933 quaedam
2492 864 2561 919 ad
2607 865 2725 921 loca
2771 867 3105 937 spinosaque
3134 868 3303 938 abigit
3330 883 3495 933 oves,
3530 877 3588 924 ut

2004 970 2233 1025 gramen
2285 954 2624 1026 decerpant;
2675 956 2775 1012 sed
2831 956 2941 1039 cibi
2989 960 3110 1014 loco
3161 959 3242 1013 eis
3285 958 3587 1014 hortorum
3670 996 3675 1005 ι

2006 1055 2250 1101 aromata
2292 1048 2596 1118 -pr0ponit,
2646 1053 2702 1102 ει
2743 1063 2844 1118 pro
2890 1049 3141 1118 gramine
3186 1050 3392 1115 lilium,
3443 1051 3589 1119 quod

2003 1139 2224 1209 quidem
2256 1140 2547 1210 ipsumait
2577 1154 2606 1194 a
2641 1150 2861 1211 pastore
2905 1141 2973 1195 ad
3022 1142 3250 1198 alendas
3294 1159 3425 1199 oves
3470 1144 3590 1199 col-

2005 1231 2126 1297 ligi.
2159 1226 2374 1296 Quibus
2407 1231 2588 1287 verbis
2632 1233 2986 1301 signiﬁcatur
3012 1249 3146 1290 sane
3171 1250 3337 1305 quam
3367 1236 3591 1306 sapien-

2003 1331 2108 1390 ter,
2139 1331 2395 1379 naturam
2441 1323 2592 1379 illam
2640 1340 2706 1380 ac
2754 1334 3113 1394 potestatem,
3164 1343 3287 1398 quae
3332 1328 3591 1383 universa

2005 1418 2393 1489 complectitur
2437 1427 2493 1475 et
2540 1419 2825 1485 continet,
2883 1421 3072 1473 locum
3116 1429 3168 1475 et
3208 1421 3444 1490 spatium
3487 1419 3594 1474 sibi

2005 1510 2350 1566 constituere
2393 1511 2610 1565 illorum
2657 1511 2712 1565 in
2761 1512 3041 1581 puritate,
3075 1512 3170 1581 qui
3217 1513 3398 1582 ipsum
3447 1512 3595 1567 recl-

1956 1628 1965 1635 ~
2008 1603 2203 1671 piunt,
2232 1614 2288 1658 et
2318 1603 2373 1657 in
2417 1604 2620 1673 quibus
2664 1603 3051 1673 multipliciter
3082 1604 3380 1660 virtutibus
3404 1604 3595 1659 excul-

2006 1705 2098 1751 tus
2138 1697 2345 1751 hortus
2390 1696 2630 1751 liliorum
2674 1694 2904 1751 floribus
2952 1696 3132 1766 viget,
3175 1704 3598 1766 aromatumque

2001 1783 2220 1843 fructus
2246 1787 2503 1856 cupiosos
2534 1786 2734 1841 fundit.
2769 1786 2903 1839 Nam
2928 1785 3049 1841 lilia
3083 1786 3305 1857 quidem
3338 1787 3597 1857 splendo-

2007 1881 2086 1936 ris
2118 1889 2172 1936 et
2202 1880 2462 1950 puritatis
2512 1879 2567 1934 in
2613 1885 2800 1933 mente
2832 1877 3109 1947 quoddam
3142 1879 3375 1948 aenigma
3418 1889 3550 1933 sunt
3578 1896 3595 1941 ;

2007 1981 2320 2031 aromatum
2354 1987 2484 2027 vero
2535 1971 2836 2042 fragrantia
2878 1971 3152 2040 signillcat
3190 1970 3534 2025 affectionem
3566 1985 3597 2023 a

2011 2064 2206 2120 faetore
2231 2074 2583 2135 peccatorum
2608 2063 3016 2118 abhorrentem.
3041 2063 3098 2116 In
3117 2062 3203 2118 his
3230 2077 3362 2133 ergo
3390 2063 3598 2117 versari

2008 2158 2144 2213 dicit
2170 2171 2333 2219 eum,
2359 2156 2452 2226 qui
2494 2157 2712 2210 ratione
2752 2155 3007 2225 praeditis
3052 2155 3313 2227 gregibus
3358 2164 3598 2226 praeest:

2012 2254 2330 2317 pascentem
2364 2249 2419 2302 in
2459 2249 2679 2315 hortis,
2725 2257 2777 2303 et
2819 2248 2932 2302 lilia
2974 2247 3391 2316 decerpentem,
3443 2249 3602 2301 colli-

2011 2350 2342 2410 gentemque
2370 2340 2426 2393 in
2458 2340 2649 2394 cibum
2677 2341 2863 2394 ovium
2891 2360 2905 2395 :
2935 2355 3059 2409 quae
3087 2339 3309 2409 quidem
3336 2340 3453 2408 ipsa
3484 2341 3604 2393 ovi-'

2010 2431 2117 2485 bus
2167 2430 2350 2500 magni
2395 2429 2553 2485 Pauli
2606 2445 2776 2501 opera
2826 2432 3123 2503 proponit,
3156 2431 3250 2499 qui
3296 2430 3364 2485 de
3413 2430 3603 2485 divino

2013 2537 2159 2592 penu
2189 2522 2374 2577 cibum
2412 2523 2559 2577 hunc
2588 2538 2656 2577 ex
2686 2523 2819 2578 liliis
2851 2530 3174 2592 congestum
3202 2522 3363 2577 nobis
3388 2523 3601 2592 objicit.

2014 2613 2150 2668 Nam
2206 2615 2320 2670 lilia
2370 2616 2552 2685 putari
2598 2615 2833 2679 debent,
2882 2630 3230 2686 quaecunque
3286 2631 3414 2671 vera
3438 2624 3603 2680 sunt,

2014 2721 2358 2777 quaecunque
2382 2707 2610 2761 honesta
2629 2747 2644 2773 ,
2670 2705 3189 2777 quaecunquejusta
3212 2746 3226 2770 ,
3255 2722 3621 2777 quaecunque-

2014 2813 2150 2869 pura
2170 2838 2185 2863 ,
2214 2812 2559 2868 quaecunque
2580 2798 2863 2861 amabilia,
2891 2794 3239 2868 quaecunque
3271 2799 3395 2853 boni
3426 2801 3607 2853 nuntio

2015 2892 2104 2947 nis
2131 2910 2144 2945 :
2175 2893 2220 2947 si
2248 2907 2356 2961 qua
2382 2891 2598 2953 virtus,
2637 2901 2691 2944 et
2717 2891 2764 2944 si
2789 2904 2898 2960 qua
2932 2892 3054 2945 laus
3087 2892 3153 2944 ⁸³.
3188 2890 3314 2946 llaec
3340 2900 3471 2946 sunt
3503 2891 3606 2962 (ut

2014 2983 2269 3055 equidem
2301 2982 2583 3053 arbitror)
2627 2982 2778 3046 lilia,
2827 2983 3031 3051 quibus
3075 2984 3146 3037 ab
3194 2983 3290 3039 illo
3340 2985 3610 3054 praeclaro

2018 3083 2243 3146 pastore
2268 3089 2334 3129 ac
2361 3073 2627 3145 magistro
2658 3074 2979 3129 nutriuntur
3006 3089 3222 3146 greges.

413 3152 472 3207 ’0
498 3154 555 3209 δὲ
585 3158 786 3231 ἑφεξῆς
818 3161 998 3231 λόγος,
1042 3164 1102 3219 ὃν
1135 3167 1169 3238 ἡ
1216 3167 1435 3238 καθαρὰ
1464 3170 1558 3225 καὶ
1584 3172 1912 3242 ἀκηλίδωτος

2091 3166 2226 3233 Quae
2258 3175 2440 3222 autem
2477 3175 2791 3237 sequuntur
2824 3167 2992 3221 verba
3014 3206 3028 3231 ,
3064 3169 3279 3237 prolata
3313 3182 3344 3222 a
3379 3183 3516 3238 pura
3551 3177 3608 3223 et

308 3240 515 3317 νύμφη
548 3249 842 3318 πεποίηται
872 3250 1105 3321 λέγουσα
1129 3272 1143 3286 ·
1178 3257 1319 3329 Ἐγὼ
1334 3258 1414 3325 τῷ
1439 3240 1742 3331 ἀδελφιδῷ
1768 3282 1911 3333 μου,

316 3336 430 3390 καί
476 3340 867 3411 όάδελφιδός
897 3363 1019 3414 μου
1057 3347 1221 3415 ἐμοί’
1287 3351 1467 3406 κανὼν
1523 3354 1618 3408 καὶ
1651 3356 1775 3426 ὄρος
1815 3359 1916 3427 τῆς

321 3431 453 3520 κατ’
480 3432 683 3505 ἀρετήν
716 3436 834 3489 ἐστι
871 3437 1225 3511 τελειότητος.
1282 3444 1643 3516 Μανθάνομεν
1685 3449 1795 3520 γὰρ
1825 3450 1915 3505 διὰ

306 3518 557 3613 τούτων,
600 3523 661 3577 τὸ
698 3525 772 3598 μὴ
819 3526 928 3581 δεῖν
959 3528 1099 3601 πλὴν
1133 3531 1223 3585 τοῦ
1244 3532 1381 3588 Θεοῦ
1424 3537 1588 3606 μηδὲν
1637 3540 1696 3593 ἐν
1736 3518 1915 3613 ἐαυτῷ

324 3609 497 3703 ξχειν,
529 3614 661 3685 μηδὲ
690 3616 826 3687 πρὸς
853 3617 982 3672 ἄλλο
1010 3638 1063 3674 τι
1100 3621 1318 3690 βλέπειν
1366 3626 1467 3697 τὴν
1495 3609 1915 3703 κεκαθαρμένην

303 3701 512 3773 ’ψυχήν
536 3721 552 3734 ο
603 3705 719 3760 ἀλλ’
741 3707 916 3774 οὕτως
945 3711 1140 3785 ἑαυτὴν
1173 3717 1473 3788 έκκαθάραι
1497 3701 1913 3786 παντὸςνὺλικοῦ

320 3794 659 3886 πράγματός
685 3815 745 3851 τε
785 3800 880 3854 καὶ
909 3803 1201 3874 νοήματος,
1228 3807 1305 3872 ὡς
1335 3809 1462 3880 ὃλην
1496 3810 1564 3866 δι’
1595 3813 1717 3868 ὅλου
1747 3832 1915 3886 μετα-

310 3883 580 3981 τεθεῖσαν
778 3892 839 3947 τὸ
877 3897 1067 3964 νοητόν
1096 3915 1155 3950 τε
1189 3900 1282 3953 καὶ
1306 3902 1485 3963 ἅῦλον.
1512 3883 1916 3981 ἐναργεστάτην

314 3973 517 4068 είκόνα
540 3975 636 4030 τοῦ
666 3980 975 4051 ἀρχετύπου
995 3986 1225 4053 κάλλους
1246 3992 1443 4063 ἑαυτὴν
1472 3973 1911 4068 ἀπεργάσασθαι.

316 4065 445 4164 ξίαὶ
473 4066 661 4164 ῶσπερ
701 4074 728 4126 ὁ
758 4073 850 4127 ἐπὶ
892 4075 987 4130 τοῦ
1034 4080 1262 4146 πίνακος
1305 4083 1427 4139 ἰδὼν
1469 4065 1822 4164 τὴν-γραφὴν
1848 4093 1914 4147 δι’

311 4158 620 4254 ἀκριϐείας
648 4164 785 4235 πρὸς
825 4165 925 4239 τὴν
968 4168 1063 4222 τοῦ
1092 4172 1403 4244 ἀρχετύπου
1449 4158 1911 4254 μεμορφωμένην,

240 4256 243 4257 ⁷
316 4249 469 4320 μίαν
496 4254 819 4326 ἀμφοτέρων
847 4254 1099 4333 εἶναιτὴν
1131 4266 1345 4339 μορφὴν
1363 4249 1916 4342 ἀποφαίνεταιᾴαὶτὸ

318 4343 430 4396 ἐπὶ
464 4344 563 4416 τῆς
590 4347 794 4411 εἰκόνος
820 4349 1013 4415 κάλλος
1037 4353 1131 4407 τοῦ
1157 4359 1514 4428 πρωτοτὼτου
1544 4362 1719 4433 λέγων
1752 4363 1914 4432 εἶναι,

322 4433 431 4532 καὶ
464 4435 525 4489 τὸ
558 4437 867 4532 ἀρχέτυπον
899 4444 1145 4532 ἐναργῶς
1177 4447 1236 4502 ἐν
1264 4449 1343 4521 τῷ
1376 4454 1650 4525 μιμήματι
1683 4458 1917 4532 καθορᾶ-

2023 3258 2164 3314 labis
2199 3258 2383 3314 omnis
2432 3272 2657 3328 experte
2685 3273 2888 3329 sponsa
2908 3297 2922 3320 ,
2950 3273 3075 3313 cum
3108 3261 3216 3313 ait:
3249 3258 3360 3331 Ego
3387 3271 3610 3331 cognato

2022 3368 2160 3411 meo.
2187 3359 2236 3404 et
2261 3364 2519 3421 cognatus
2544 3366 2689 3404 meus
2719 3350 2849 3404 mihi
2877 3368 2891 3403 :
2916 3351 3032 3406 hwc
3066 3351 3231 3422 igitur
3259 3368 3451 3408 norma
3481 3363 3611 3409 sunt

2022 3457 2089 3497 ac
2136 3441 2314 3496 ﬁnitio
2347 3441 2598 3511 quaedam
2645 3442 2829 3497 omnis
2876 3442 2933 3494 in
2981 3444 3185 3498 virtute
3228 3444 3606 3514 perfectionis.

2022 3534 2159 3589 Nam
2212 3549 2280 3590 ex
2338 3535 2427 3589 his
2474 3534 2782 3599 discimus,
2838 3535 2974 3588 nihil
3026 3534 3189 3591 nobis
3238 3550 3361 3592 esse
3413 3546 3613 3607 praeter

2025 3626 2195 3683 Deum
2229 3626 2465 3690 debere,
2517 3641 2698 3696 neque
2740 3627 2941 3680 animae
2987 3627 3292 3696 puriﬁcatam:
3329 3629 3496 3682 ullam
3538 3630 3608 3685 ad

2026 3734 2141 3774 rem
2172 3720 2337 3772 aliam
2373 3718 2780 3788 respiciendum
2811 3733 2934 3773 esse
2960 3735 2975 3784 ;
3005 3717 3100 3773 sed
3131 3719 3331 3774 debere
3359 3721 3499 3775 hanc
3535 3723 3609 3777 ita

2023 3827 2084 3868 se
2111 3813 2182 3866 ab
2209 3811 2468 3865 omnibus
2499 3811 2707 3865 crassis
2738 3818 2846 3864 tam
2881 3811 3048 3865 rebus
3069 3851 3083 3877 ,
3115 3825 3279 3881 quam
3314 3812 3611 3881 cogitatio-

2021 3903 2189 3958 nibus
2211 3914 2558 3971 expurgare,
2593 3909 2653 3954 ut
2683 3907 2798 3953 tota
2833 3900 3103 3954 translata
3135 3915 3367 3970 prorsus
3402 3903 3469 3956 ad
3506 3911 3609 3958 sta-

2022 4006 2138 4049 tum
2167 4035 2183 4061 ,
2215 4009 2376 4064 quem
2404 3993 2607 4048 mentis
2634 3991 2994 4063 intelligentia
3026 3995 3372 4065 percipimus
3391 4035 3404 4059 ,
3431 4004 3484 4050 et
3514 4011 3607 4065 qm

2024 4088 2270 4143 omnium
2311 4101 2626 4141 crassarum
2673 4101 2859 4141 rerum
2898 4101 3098 4157 expers
3134 4093 3259 4153 est,
3298 4087 3610 4144 illustrissi-

2025 4197 2175 4236 mum
2227 4194 2290 4234 ex
2335 4194 2396 4234 se
2427 4177 2748 4249 primigenae
2790 4179 3221 4249 pulchritudinis
3252 4181 3611 4240 simulacrum

2022 4274 2241 4330 efﬁciat.
2266 4272 2443 4342 thue
2469 4271 2537 4337 is,
2564 4273 2657 4342 qui
2687 4272 2741 4326 in
2771 4273 2956 4327 tabula
2980 4273 3264 4343 picturam
3287 4276 3430 4332 videt
3455 4293 3615 4342 accu-

2024 4374 2147 4420 rate
2167 4363 2574 4420 conformatam
2602 4362 2671 4417 ad
2702 4364 3100 4434 archetypum,
3126 4380 3290 4420 unam
3322 4368 3611 4441 utriusque

2027 4456 2258 4511 formam
2293 4469 2418 4509 esse
2453 4453 2810 4524 pronuntiat,
2847 4455 3105 4523 imaginis
3140 4458 3607 4527 pulchritudinem

329 4521 498 4621 σθαιυ
543 4524 637 4579 τὸν
685 4528 848 4583 αὐτὸν
883 4531 1083 4602 τρόπον
1120 4537 1154 4606 ή
1203 4521 1463 4606 εἰποῦσα,
1507 4521 1602 4596 ότι
1651 4544 1793 4616 Ἐγὼ
1822 4521 1912 4615 ’τῷ

2023 4551 2197 4621 ipsam
2255 4562 2380 4603 esse
2435 4521 2716 4618 archetypi
2766 4521 3231 4616 pulchritudinem
3285 4551 3500 4619 dicens,
3556 4564 3610 4610 et

315 4614 823 4712 ’ἀδελφιδῷ-μορ,
852 4622 952 4677 καὶ
987 4628 1021 4679 ό
1049 4626 1373 4697 ἀδελφιδός
1395 4649 1517 4699 μου
1557 4635 1689 4703 ἐμοί
1706 4614 1726 4668 ’ἡ
1778 4655 1917 4712 συμ-

324 4706 733 4779 μεμορφῶσθαι
767 4709 917 4780 λέγει
945 4712 1026 4784 τῷ
1046 4714 1284 4786 Χριστῷ,
1313 4718 1374 4771 τὸ
1400 4719 1528 4774 ἴδιον
1559 4723 1754 4789 κάλλος
1782 4706 1923 4781 diro-

327 4795 595 4860 λαϐοῦσα,
624 4798 721 4871 τὴν
740 4800 965 4873 πρώτην
984 4803 1080 4875 τῆς
1105 4804 1319 4875 φύσεως
1342 4810 1375 4880 ἡ
1383 4809 1496 4879 μῶν
1514 4817 1919 4888 μακαριότητα,

326 4891 457 4942 κατ’
490 4890 674 4946 εἰκόνα
718 4893 815 4946 καὶ
859 4895 1116 4965 ὁμοίωσιν
1153 4898 1247 4952 τοῦ
1283 4898 1498 4973 πρώτου
1546 4905 1776 4974 κάλλους
1820 4910 1916 4964 τοῦ

326 4980 592 5053 ἀληθινοῦ
628 4984 722 5038 καὶ
768 4986 932 5059 μόνου
975 4988 1327 5059 ὡραῖσθεῖσα.
1383 4995 1496 5050 Καὶ
1532 4993 1645 5054 οἷον
1689 5002 1792 5056 ἐπὶ.
1823 5004 1918 5057 τοῦ

328 5070 645 5147 κατόπτρου
669 5077 899 5146 γίνεται,
923 5080 1052 5135 ὅταν
1071 5084 1333 5155 τεχνικῶς
1361 5104 1422 5142 τε
1450 5091 1545 5144 καὶ
1570 5092 1921 5165 καταλλήλως

429 5167 602 5263 χρεία
613 5174 1123 5263 κατεσκευασμένον
1138 5172 1194 5249 ᾖ,
1214 5178 1273 5231 ἐν
1293 5178 1510 5252 καθαρᾷ
1532 5184 1598 5254 τῇ
1625 5186 1920 5259 ἐπιφανείᾳ¹
1945 5256 1951 5263 ⁵

328 5256 406 5349 δι’
434 5259 720 5331 ἀκριϐείας
746 5266 804 5319 ὲν
831 5266 1010 5339 ἑαυτῷ
1033 5268 1198 5338 δείξει
1235 5270 1329 5324 τοῦ
1378 5275 1732 5345 ἐπιφανέντος
1757 5256 1921 5349 προσ-

331 5348 491 5404 ώπου
503 5353 594 5406 τὸν
606 5359 928 5429 χαρακτῆρα
940 5376 954 5390 ·
967 5359 1140 5426 οὕτως
1161 5364 1356 5437 ἑαυτὴν
1378 5365 1415 5436 ἡ
1439 5367 1582 5439 ψυχὴ
1599 5348 1925 5442 προσφόρως

331 5442 407 5535 τῇ
442 5443 603 5535 χρείᾳ
627 5452 1106 5518 κατασκευάσασα,
1140 5457 1234 5508 καὶ
1265 5458 1444 5512 πᾶσαν
1477 5460 1666 5531 ὑλικὴν
1689 5462 1922 5535 ἀπορρι-

331 5533 561 5605 ψαμένη
602 5538 814 5608 κηλῖδα,
866 5543 1105 5618 καθαρὸν
1136 5548 1230 5603 τοῦ
1269 5549 1549 5622 ἀκηράτου
1596 5533 1924 5618 κάλλους-ὲν

331 5627 510 5700 ἇαντῇ
546 5629 608 5682 τὸ
651 5628 792 5693 εἶδος
820 5634 1224 5696 ἀνετυπὼσατο.
1281 5641 1441 5707 Λέγει
1477 5638 1570 5699 οὖν
1606 5644 1705 5715 τὴν
1738 5646 1923 5719 φωνὴν

410 5800 461 5836 ⁸⁸
508 5799 745 5876 Philipp.
775 5821 850 5872 Ir,
876 5807 945 5880 8._

2026 4644 2387 4715 archetypum
2439 4642 2495 4697 in
2552 4640 2853 4697 simulacro
2887 4643 3036 4699 clare
3090 4646 3335 4717 conspici
3370 4668 3382 4702 :
3416 4650 3608 4705 eodem

2028 4737 2191 4793 modo
2227 4737 2394 4791 etiam
2433 4734 2569 4800 hac,
2595 4749 2719 4806 qua!
2750 4737 2846 4799 ait,
2888 4735 3002 4808 Ego
3032 4749 3254 4809 cognato
3282 4759 3415 4809 meo,
3448 4755 3497 4798 cl
3520 4762 3612 4800 co-

2024 4837 2218 4898 gnatus
2248 4843 2393 4880 meus
2419 4826 2548 4881 mihi
2567 4843 2586 4882 :
2610 4828 3075 4897 pulchritudinem
3112 4847 3268 4887 suam
3300 4838 3614 4892 conforma-

2025 4927 2136 4973 tam
2171 4918 2239 4973 ad
2266 4918 2470 4974 Christi
2500 4921 2787 4991 exemplar
2821 4921 2977 4987 dicit,
3008 4932 3365 4996 posteaquam
3400 4936 3611 4985 natura:

2028 5021 2234 5067 nostra:
2268 5011 2497 5081 primam
2545 5012 2942 5069 beatitudinem
2975 5018 3339 5086 recuperarit,
3377 5035 3498 5089 quae
3541 5021 3611 5076 ad

2026 5103 2319 5173 imaginem
2368 5102 2902 5174 similitudinemque
2933 5105 3199 5175 principis
3231 5113 3286 5162 et
3313 5108 3488 5170 unica:
3518 5126 3613 5166 ve-

2026 5209 2212 5266 raeque
2240 5194 2669 5265 pulchritudinis
2707 5204 2901 5249 ornata
2928 5206 3066 5251 erat.
3110 5199 3189 5254 Ac
3210 5198 3377 5254 veluti
3411 5216 3613 5272 specu-

2026 5286 2141 5342 lum
2193 5285 2489 5342 artiﬁciose
2532 5294 2587 5341 et
2637 5287 2703 5341 ad
2756 5302 2916 5341 usum
2975 5288 3172 5344 idonee
3210 5299 3610 5360 comparatum,
3714 5286 3718 5290 ’

2026 5391 2165 5449 pura
2219 5377 2277 5430 in
2332 5377 2626 5446 superficie
2685 5377 2981 5432 incidentis
3035 5378 3194 5434 faciei
3236 5379 3611 5437 characterem

2027 5472 2288 5520 accurate
2334 5465 2506 5521 refert
2549 5484 2562 5521 :
2601 5466 2681 5521 sic
2726 5473 3085 5537 posteaquam
3135 5467 3316 5522 anima
3373 5470 3611 5540 seipsam

2025 5556 2227 5614 idonee
2272 5559 2637 5630 comparavit,
2684 5573 3015 5630 omnemque
3058 5560 3184 5616 vita:
3225 5561 3391 5630 hujus
3434 5561 3613 5618 labem

2027 5648 2230 5721 abiecit
2258 5669 2273 5707 :
2309 5666 2511 5733 puram
2550 5652 2888 5737 incorruptae
2914 5650 3344 5730 pulchritudinis
3370 5651 3613 5726 speciem
