4018 6412
528 405 669 462 H395
1769 400 1826 460 S.
1867 399 2196 462 GBEGORll
2227 399 2524 463 NYSSENI
3659 398 3792 462 {03$

529 519 856 590 sibimetipsi
893 519 1176 591 imprimit.
1214 518 1396 586 Quare
1429 519 1656 575 verbum
1691 519 1796 575 hoc
1822 535 1851 574 a
1888 519 2112 590 speculo

2218 519 2444 590 ταύτην,
2467 521 2529 572 τὸ
2557 517 2934 590 πρωιρετικὸν
2969 527 3027 572 τε
3067 515 3161 572 καὶ
3201 516 3443 590 ἔμψυχον
3467 517 3791 598 κάτοπτρον,

529 614 624 668 illo
689 613 987 666 voluntatis
1045 611 1314 667 electione
1361 610 1590 682 praedito
1653 619 1817 682 atque
1866 611 2108 665 animato

2211 610 2523 684 ὃτιἙπειδὴ
2540 611 2617 682 τῷ
2640 611 2824 682 κύκλῳ
2851 609 2961 679 ἐγὼ
2981 610 3087 681 ὅλῳ
3111 610 3172 665 τὸ
3199 610 3291 666 τοῦ
3320 609 3606 682 ἀδελφιδοῦ
3629 614 3794 686 πρόσ-

530 707 846 779 profertur:
879 704 1244 774 Posteaquam
1290 711 1405 757 toto
1437 703 1570 758 orbe
1607 717 1729 758 meo
1771 703 1989 774 cognati
2026 703 2108 758 fa-

2210 719 2358 754 ωπον
2392 701 2606 771 βλέπωο
2653 701 2740 756 διὰ
2768 701 2925 756 τοῦτο
2956 703 3075 756 ὅλον
3109 702 3207 773 τῆς
3243 702 3452 756 ἐκείνου
3489 705 3704 775 μορφῆς
3735 703 3796 757 τὺ

528 800 668 855 ciem
718 798 958 859 intueor.
1004 812 1103 868 per
1160 797 1262 850 hoc
1307 795 1486 866 ipsum
1538 802 1650 850 tota
1698 795 1889 849 formae
1931 796 2108 866 ipsius

2211 793 2402 858 κάλλος
2429 796 2485 847 ὲν
2516 794 2638 865 ἐμοὶ
2664 793 2984 866 καθορᾶται.
3013 793 3228 858 Ταύτας
3248 793 3509 865 ἄντικρυς
3547 791 3795 865 μιμεῖται

527 900 792 949 venustas
824 891 878 945 in
909 906 999 945 me
1019 889 1388 960 conspicitur.
1431 888 1610 958 Atque
1639 888 1740 942 has
1774 902 1937 943 voces
1965 886 2103 941 Pau-

2209 885 2308 950 τὰς
2340 885 2521 955 φωνὰς
2539 886 2567 938 6
2591 883 2822 950 Παῦλος,
2857 885 3028 953 λέγων
3050 885 3127 955 τῷ
3151 885 3268 955 Θεῷ
3294 883 3413 956 ζῇν,
3436 886 3464 936 6
3492 883 3687 955 νεκρὸς

529 985 618 1039 lus
667 984 918 1038 imitatur
957 981 1288 1044 clarissime,
1333 995 1458 1035 cum
1490 980 1567 1033 ait
1601 994 1660 1035 se
1702 978 1816 1034 Deo
1851 979 2105 1046 vivendo,

2211 979 2399 1048 κόσμῳ
2427 977 2736 1047 γενόμενος,
2766 978 2860 1029 καὶ
2893 978 2976 1030 ὅτι
3010 979 3067 1030 ὲν
3092 973 3244 1045 αὐτῷ
3263 977 3326 1047 ζῇ
3362 979 3391 1030 6
3420 975 3657 1047 Χριστὸς
3697 976 3796 1047 μύο

527 1083 806 1151 mortuum
840 1072 1046 1128 mundo
1077 1071 1280 1126 factum
1311 1087 1436 1127 csse
1469 1090 1483 1126 :
1514 1072 1802 1141 solumque
1827 1070 2107 1126 Christum

2210 1086 2318 1132 νος.
2359 1068 2419 1120 ὐ
2442 1067 2552 1139 γὰρ
2575 1065 2763 1134 είπὼν,
2791 1070 2873 1122 ὅτι
2908 1066 3070 1137 Ἐμοὶ
3089 1068 3157 1122 τὸ
3181 1067 3289 1136 ζ’ᾔν
3315 1070 3572 1137 Χριστός
3589 1087 3606 1100 ο
3637 1069 3797 1123 τοῦτο

528 1170 583 1223 in
622 1183 681 1223 se
709 1168 890 1222 vivere
914 1167 980 1222 ⁵⁸.
1012 1164 1148 1219 Nam
1180 1180 1304 1219 cum
1329 1165 1486 1227 dicit,
1513 1162 1648 1218 Mihi
1670 1165 1839 1217 vivere
1865 1161 2108 1217 Christus

2211 1161 2300 1213 διὰ
2326 1160 2421 1213 τοῦ
2451 1159 2607 1227 λόγου
2636 1160 2756 1232 βοᾷ,
2785 1161 2864 1214 ὅτι
2901 1161 3050 1213 οὐδὲν
3078 1161 3186 1214 τῶν
3222 1161 3577 1232 ἀνθρωπίνων
3613 1179 3674 1216 τε
3701 1163 3798 1216 καὶ

525 1267 603 1312 est
634 1259 680 1290 7°
716 1276 728 1311 :
758 1265 971 1310 tantum
1029 1270 1138 1310 non
1183 1256 1389 1309 clamat
1436 1254 1504 1309 iis
1551 1255 1757 1318 verbis,
1811 1255 2018 1308 nullam
2054 1255 2108 1308 in

2214 1255 2418 1308 ὓλικῶν
2447 1253 2787 1324 παθημάτων
2811 1253 2868 1306 ἐν
2893 1253 3040 1325 αὺτῷ
3065 1251 3154 1325 ζῇ,
3182 1253 3306 1306 οὗτε
3334 1255 3518 1326 ἡδονὴ,
3544 1253 3672 1308 οὔτε
3704 1255 3799 1308 λύ-

527 1352 648 1418 ipso
677 1347 1024 1402 aﬂ‘ectionem
1051 1347 1350 1402 humanam
1387 1361 1743 1417 crassamque
1765 1346 1971 1413 vivere,
2001 1363 2110 1402 non

2212 1372 2311 1425 πη,
2345 1352 2470 1408 οὔτε
2498 1352 2688 1424 θυμὸς,
2719 1351 2842 1405 οὔτε
2875 1351 3058 1420 φόϐος,
3099 1349 3222 1405 οὔτε
3245 1350 3430 1412 δειλία,
3454 1349 3579 1404 οὔτε
3621 1343 3797 1420 ιιττόη⁴

525 1441 887 1510 voluptatem,
920 1455 1030 1494 non
1070 1439 1338 1502 dolorem,
1385 1454 1494 1493 non
1537 1439 1698 1503 iram,
1733 1454 1844 1494 non
1880 1447 2108 1505 metum,

2214 1464 2317 1512 σις,
2347 1445 2474 1500 οὔτε
2503 1442 2831 1516 τύφος,οΰτε
2854 1443 3075 1515 Θράσος,
3097 1444 3159 1497 οὐ
3188 1442 3544 1515 μνησικακία,
3575 1443 3640 1495 οὐ
3674 1442 3799 1511 φθό-

525 1549 639 1588 non
674 1531 1048 1597 timiditatem,
1088 1546 1199 1586 non
1245 1531 1712 1604 trepidationem,
1740 1546 1849 1586 non
1884 1531 2108 1594 fastum,

2211 1557 2323 1606 νος,
2347 1538 2447 1592 οὐκ
2471 1536 2748 1607 ἀμυντική
2775 1552 2858 1598 τις
2878 1533 3135 1597 διάθεσις,
3164 1534 3223 1586 ού
3251 1533 3675 1606 φιλοχρηματία,
3697 1532 3798 1585 οὐκ

525 1639 638 1678 non
696 1621 1006 1688 audaciam,
1067 1607 1177 1675 non
1225 1621 1552 1689 injuriarum
1607 1632 1851 1677 tenacem
1906 1637 2112 1677 memo-

2211 1632 2340 1688 ἀλλο
2378 1647 2432 1684 τι
2461 1629 2570 1682 τῶν
2608 1628 2708 1700 τὴν
2735 1627 2911 1698 ψυχὴν
2939 1627 3027 1680 διά
3065 1643 3208 1690 τινος
3237 1627 3469 1697 σχέσεως
3512 1625 3797 1696 κηλιδούν-

527 1718 689 1783 riam,
728 1731 836 1770 non
871 1715 1152 1782 invidiam,
1183 1730 1291 1769 non
1318 1714 1658 1770 aﬁectionem
1689 1715 1856 1769 animi
1887 1714 1955 1769 ad
1988 1716 2109 1770 vin-

2210 1737 2348 1774 τωψ
2387 1720 2504 1774 ἀλλ’
2545 1720 2752 1784 ἐκεῖνός
2781 1735 2872 1790 μοι
2913 1719 3073 1790 μόνος
3111 1718 3279 1782 ἐστὶν,
3318 1717 3375 1780 ὃς
3409 1716 3562 1769 οὐδὲν
3585 1715 3797 1768 τούτων

527 1807 755 1871 dictam,
799 1821 909 1860 non
954 1805 1267 1870 avaritiam,
1321 1821 1428 1860 non
1473 1805 1721 1870 honoris,
1773 1820 1881 1860 non
1922 1807 2110 1877 gloriae

2213 1813 2348 1867 ἐστί.
2381 1815 2496 1867 Πᾶν
2534 1812 2644 1884 γὰρ
2667 1813 2728 1866 τὸ
2750 1813 2856 1878 ἔξω
2883 1813 2980 1882 τῆς
3001 1812 3210 1865 ἐκείνου
3237 1808 3450 1878 φύσεως
3477 1808 3796 1879 θεωρούμε-

528 1899 834 1964 libidinem,
900 1913 1009 1953 non
1059 1898 1358 1969 quidquam
1413 1913 1628 1966 eorum,
1688 1913 1812 1969 quae
1862 1899 2108 1953 animum

2215 1922 2305 1959 vov
2335 1859 2975 1976 dmﬁucziuzvog,‘oéogv
3012 1903 3119 1975 ἔχω
3161 1903 3220 1956 ὲν
3244 1859 3482 1972 ἴέμαυτῷ
3529 1859 3795 1962 coicit-imi,

526 1991 762 2060 quadam
803 2005 932 2061 erga
965 2005 1026 2045 se
1055 1988 1344 2045 aﬁ‘ectione
1374 1989 1646 2060 polluunt,
1677 1989 1774 2046 sed
1817 1989 1970 2046 solus
2003 1988 2110 2058 (in-

2214 1993 2326 2052 οἷον
2352 2000 2410 2052 ὲν
2441 1998 2634 2069 ἐκείνῳ
2652 1998 2752 2052 οὐκ
2778 1997 2924 2050 ἔστιν
2948 2013 2962 2027 ι
3003 1989 3064 2048 οὗ
3086 1995 3268 2067 χάριν,
3299 1994 3420 2064 ἐμοὶ
3438 1992 3498 2045 τὸ
3527 1993 3627 2063 ζῇν
3661 1989 3798 2062 Χρι-

526 2083 667 2155 quit)
733 2083 823 2138 ille
880 2083 1014 2138 mihi
1068 2089 1355 2153 superest,
1412 2083 1504 2154 qui
1557 2083 1695 2138 nihil
1748 2093 1833 2138 est
1887 2083 2104 2138 horum.

2217 2090 2340 2154 στός
2364 2105 2379 2121 ⁸
2417 2091 2449 2161 ἢ
2483 2089 2664 2153 καθὼς
2708 2091 2743 2161 ἡ
2780 2089 2966 2160 νύμφη
2989 2105 3003 2118 ·
3049 2085 3192 2156 Ἐγὼ
3223 2084 3301 2149 τῷ
3325 2082 3622 2153 ἀδελφιδῷ
3649 2100 3796 2151 μου,

525 2176 740 2230 Etenim
815 2175 1032 2230 abrasis
1089 2175 1246 2244 quasi
1307 2175 1564 2246 poliendo
1621 2174 1929 2239 universis,
1986 2188 2110 2244 quae

2215 2183 2316 2238 καὶ
2348 2185 2382 2238 ό
2412 2183 2738 2254 ἀδελφιδός
2775 2201 2893 2252 μου
2926 2181 3057 2251 ἐμοι
3081 2197 3096 2211 ·
3141 2180 3170 2234 ὅ
3196 2181 3343 2233 ἐστιν
3375 2177 3669 2247 ἁγιασμὸς.
3703 2176 3799 2229 καὶ

526 2268 701 2338 ipsius
735 2268 789 2321 in
824 2275 1078 2321 naturam
1117 2283 1227 2321 non
1259 2269 1490 2331 cadunt,
1535 2267 1667 2322 nihil
1697 2268 1751 2322 in
1782 2281 1870 2321 me
1909 2266 2106 2330 habeo,

2215 2274 2547 2346 καθαρότης,
2570 2275 2664 2330 καὶ
2684 2267 2982 2345 ἀφθαρσία,
3018 2274 3113 2327 καὶ
3141 2272 3276 2342 φῶς,
3309 2270 3400 2324 καὶ
3427 2268 3678 2338 ἀλήθεια,
3705 2267 3799 2319 καὶ

527 2360 674 2430 quod
709 2375 817 2414 non
850 2360 905 2414 in
941 2359 1063 2429 ipso
1093 2361 1164 2415 sit
1205 2377 1219 2414 :
1253 2375 1426 2430 eaque
1457 2359 1524 2416 de
1552 2375 1721 2415 eausa
1756 2359 1890 2414 mihi
1923 2360 2109 2414 vivere

2213 2365 2284 2419 τά
2329 2366 2593 2433 τοιαῦτα,
2639 2369 2740 2422 ὅσα
2792 2367 3070 2438 ποιμαίνει
3124 2367 3223 2436 τὴν
3269 2363 3406 2434 ἐμὴν
3451 2361 3648 2432 ψυχὴν,
3698 2360 3798 2414 οὐκ

525 2452 783 2506 Christus
797 2459 902 2516 est,
917 2452 1000 2506 vel
1011 2493 1025 2517 ,
1043 2460 1100 2505 ttt
1111 2466 1312 2522 sponsa
1325 2451 1590 2521 loquitur,
1610 2449 1723 2520 Ego
1735 2459 1955 2520 cognato
1971 2466 2104 2514 meo,

2215 2459 2274 2513 ὲν
2301 2459 2515 2530 χόρτοις
2556 2459 2698 2512 τισὶν
2725 2458 2757 2530 ἢ
2803 2459 3099 2530 φρυγάνοις
3122 2496 3136 2522 ,
3169 2455 3286 2511 ἀλλ’
3312 2457 3370 2508 ὲν
3399 2456 3516 2516 ταῖς
3541 2453 3793 2524 λαμπρό-

525 2552 575 2597 et
608 2552 865 2612 cognatus
899 2559 1046 2596 meus
1074 2543 1226 2608 mihi,
1261 2543 1354 2613 qui
1385 2550 1470 2598 est
1507 2541 1896 2608 sanctiﬁcatio,
1921 2549 1974 2596 et
2003 2557 2108 2612 pu-

2213 2567 2341 2621 τησι
2365 2549 2476 2604 τῶν
2498 2550 2669 2618 ἁγίων
2693 2565 2706 2579 ·
2737 2552 2770 2620 ἡ
2796 2549 2903 2622 γὰρ
2932 2549 3040 2602 τῶν
3066 2548 3267 2618 κρίνων
3296 2546 3456 2616 φύσις
3480 2547 3536 2598 ὲν
3554 2543 3632 2614 τῷ
3655 2544 3800 2615 λαμ-

524 2635 684 2703 ritas,
718 2645 773 2691 et
815 2635 1228 2700 immortalitas,
1269 2643 1325 2690 et
1356 2636 1626 2701 lumen,et
1653 2635 1878 2701 veritas,
1921 2642 1976 2689 et
2009 2633 2109 2688 bu-

2214 2642 2340 2715 πρῷ
2368 2642 2470 2713 τῆς
2493 2642 2745 2714 εὐχροίας
2765 2641 2969 2712 ταύτην
2999 2641 3375 2695 ύπαινίσσεται
3396 2640 3525 2709 ἡμῖν
3559 2637 3659 2708 τὴν
3680 2636 3800 2690 διάο

521 2727 761 2801 jtasmodi
807 2729 933 2794 alia,
967 2743 1307 2800 quaecunque
1341 2729 1580 2783 animam
1627 2741 1800 2784 meam
1845 2735 2103 2798 pascunt,

2214 2750 2382 2788 νοιαν,
2403 2732 2611 2786 Οὐκοῦν
2631 2732 2720 2786 διὰ
2737 2731 2895 2786 τοῦτο
2916 2732 3007 2785 ἐπὶ
3033 2733 3159 2795 τοὺς
3179 2730 3443 2801 λειμῶνας
3463 2729 3571 2782 τῶν
3596 2727 3801 2796 κρίνων

525 2835 636 2876 non
668 2821 723 2875 in
773 2821 1022 2891 gramine
1049 2820 1132 2876 vel
1175 2819 1450 2891 virgultis,
1481 2818 1577 2874 sed
1613 2819 1668 2873 in
1719 2819 2106 2889 splendoribus

2213 2826 2338 2895 ἄγει
2357 2825 2417 2878 τὸ
2437 2823 2631 2878 ἑαυτοῦ
2658 2823 2908 2894 ποίμνιον
2966 2825 2995 2876 6
3015 2825 3071 2876 ἐν
3090 2826 3202 2886 τοῖς
3222 2822 3429 2892 κρίνοις
3452 2820 3758 2891 ποιμαίνων
3779 2831 3796 2846 '

525 2921 868 2970 sanctorum.
896 2912 1158 2967 Liliorum
1181 2914 1325 2968 enim
1349 2921 1542 2966 natura
1561 2926 1685 2967 cum
1709 2912 1895 2968 colore
1920 2913 2106 2984 Splen-

2214 2919 2316 2973 ἵνα
2330 2918 2570 2988 γένηται
2584 2917 2624 2985 ἡ
2639 2917 2989 2988 λαμπρότης
3008 2918 3227 2984 Κυρίου
3241 2915 3346 2968 τοῦ
3362 2913 3508 2968 Θεοῦ
3521 2911 3693 2982 ἡμῶν
3706 2909 3798 2982 ἐφ’

525 3004 656 3059 dido
704 3007 776 3059 sit
821 3013 1037 3071 ornata,
1069 3005 1386 3076 bujusmodi
1433 3005 1727 3076 quamdam
1773 3007 2104 3062 sententiam

2215 3010 2392 3082 ἡμᾶς.
2434 3010 2526 3081 Τῷ
2546 3011 2656 3083 γὰρ
2684 3011 2816 3064 εῖδει
2841 3009 2940 3080 τῆς
2967 3008 3201 3082 τροφῆς,
3243 3005 3629 3060 συνδιατίθεται
3661 3005 3801 3058 πάνο

524 3097 723 3152 ltorum
756 3096 1046 3152 verborum
1096 3113 1222 3155 esse
1251 3098 1544 3166 signiﬁcat.
1594 3098 1783 3168 Itaque
1815 3107 2103 3168 propterea

2214 3122 2322 3168 τως
2363 3104 2542 3158 καὶτὸ
2570 3103 2922 3175 τρεφόμενον.
2988 3098 3112 3155 Οἷόν
3144 3109 3197 3154 τι
3225 3100 3396 3169 λέγω·
3451 3101 3632 3152 Ἔστω
3672 3097 3798 3153 καθ’

523 3205 742 3259 gregem
784 3205 944 3243 suum
975 3189 1028 3243 in
1065 3197 1218 3260 prata
1250 3190 1489 3244 liliorum
1520 3191 1692 3255 ducit,
1717 3191 1809 3260 qui
1836 3192 2012 3261 pascit
2046 3191 2102 3245 in

2216 3196 2472 3251 ὑπόθεσιν
2503 3196 2681 3250 κοῖλόν
2716 3212 2769 3248 τι
2797 3194 2989 3258 σκεῦος
3012 3194 3074 3259 ἐξ
3099 3193 3275 3257 ὑέλου,
3299 3195 3358 3247 ὲν
3386 3185 3430 3260 ᾧ
3458 3194 3566 3246 πᾶν
3592 3192 3652 3246 τδ
3669 3192 3801 3263 βαλ-

526 3281 679 3346 liliis,
710 3290 767 3334 ut
797 3283 867 3334 sit
889 3279 1138 3348 splendor
1166 3280 1381 3336 Domini
1411 3281 1510 3336 Dei
1538 3283 1707 3336 nostri
1735 3298 1894 3352 super
1920 3299 2016 3338 nos
2037 3284 2104 3338 τί.

2213 3289 2438 3360 λόμενον
2470 3287 2733 3358 εἴη’,είτε
2776 3304 2829 3341 τι
2859 3286 2968 3340 τῶν
3000 3285 3256 3357 καθαρῶν
3288 3303 3347 3338 τε
3382 3285 3475 3339 καὶ
3503 3284 3799 3356 λαμπρῶν.

525 3371 661 3426 Nam
703 3373 846 3444 quod
896 3373 1084 3438 alitur,
1119 3373 1346 3428 omnino
1377 3373 1443 3428 ad
1471 3373 1592 3442 ejus
1622 3373 1859 3444 speciem
1887 3389 2111 3445 compa-

2214 3377 2422 3432 Οὐκοῦν
2439 3377 2541 3448 τὴν
2573 3374 2934 3447 λαμπρότητα
2966 3373 3075 3426 τῶν
3113 3371 3314 3445 κρίνων
3342 3373 3460 3434 ταῖς
3484 3371 3684 3440 ψυχαῖς
3711 3371 3801 3424 ὲν-

525 3475 701 3531 ratur,
744 3481 855 3536 quo
887 3467 1154 3522 vescitur.
1196 3465 1264 3521 Ut
1306 3467 1433 3538 quis
1465 3467 1640 3538 (lubet
1679 3467 1826 3523 enim
1873 3467 1979 3522 hoc
2018 3482 2110 3522 su-

2215 3468 2402 3533 τιθεὶς,
2444 3467 2702 3538 λαμπρὰς
2733 3465 2796 3518 δι’
2843 3463 3025 3520 αὐτῶν
3059 3465 3161 3528 τὰς
3189 3463 3369 3535 ψυχὰς
3400 3461 3802 3534 ἀπεργάζεται,

525 3559 695 3624 ntere)
727 3572 824 3613 vas
858 3557 1134 3628 quoddam
1169 3573 1474 3613 concavum
1519 3574 1550 3614 e
1588 3558 1732 3614 vitro
1764 3558 1967 3613 factum
2005 3558 2108 3612 lia-

2215 3560 2628 3632 διαφαινομένου
2661 3559 2755 3614 τοῦ
2791 3559 3110 3630 ἐγκειμένου
3157 3557 3332 3621 εἴδους
3359 3556 3449 3610 ἐπὶ
3473 3554 3533 3608 τὸ
3571 3553 3802 3620 ἔξωθεν.

527 3652 672 3714 beat,
726 3651 782 3705 in
837 3651 983 3723 quod
1030 3652 1076 3706 si
1125 3650 1259 3722 quid
1310 3649 1610 3720 injiciatur,
1660 3651 1993 3721 pellucidum
2037 3649 2110 3705 sit

2223 3651 2311 3714 Ὠς
2341 3651 2399 3705 δὲ
2421 3651 2488 3705 ἂν
2502 3651 2641 3724 πρὸς
2660 3652 2721 3706 τὸ
2747 3651 3079 3724 σαφέστερον
3103 3652 3234 3722 ἡμῖν
3262 3647 3555 3722 προαχθείη
3585 3648 3647 3700 τὸ
3670 3648 3808 3719 νόη-

524 3742 814 3816 [quidquid
873 3743 1094 3800 tandem
1148 3742 1335 3806 fuerit,
1385 3743 1504 3798 sive
1550 3740 1768 3815 fuligo],
1817 3742 1934 3798 sive
1977 3743 2108 3812 quid

2220 3750 2297 3814 μα
2328 3743 2509 3809 τοῦτο,
2539 3743 2740 3814 φαμὲν,
2790 3743 2872 3796 ὅτι
2902 3741 3164 3813 τρέφεται
3202 3741 3354 3812 μὲνὴ
3389 3738 3534 3810 ψυχὴ
3563 3738 3649 3792 διὰ
3684 3738 3807 3792 τῶν

523 3851 722 3905 purum
753 3843 808 3890 et
851 3833 1220 3904 splendidum.
1255 3835 1443 3905 Itaque
1468 3834 1563 3905 qui
1590 3835 1826 3890 liliorum
1853 3835 2110 3905 splendo-

2223 3836 2445 3908 ὶρετῶν,
2462 3837 2624 3908 κρίνα
2651 3836 2706 3890 δὲ
2729 3835 3092 3907 κατονομάζει
3113 3835 3211 3899 τάς
3237 3833 3437 3906 ἀρετὰς
3463 3830 3528 3886 δι’
3547 3832 3810 3902 αἰνίγμα-

523 3942 638 3983 rem
698 3927 898 3983 animis
959 3927 1121 3991 indit,
1181 3926 1345 3982 etiam
1409 3926 1624 3982 animas
1683 3926 1834 3996 ipsas
1894 3942 1992 3998 per
2045 3943 2108 3982 ea

2222 3946 2300 3993 τος
2316 3945 2331 3960 ο
2353 3921 2430 3983 ὧν
2449 3927 2477 3980 6
2502 3928 2591 3981 διά
2622 3928 2721 3999 τῆς
2751 3911 2964 3997 ἀγαθῆς
2991 3927 3268 3990 πολιτείας
3301 3923 3644 3996 ἐμφορηθεὶς,
3666 3922 3809 3976 ἐπί-

523 4019 842 4092 splendidas
875 4019 1058 4074 reddit
1092 4019 1306 4074 :indita
1350 4019 1442 4072 illa
1471 4018 1655 4088 specie
1698 4019 2003 4088 pellucente
2037 4020 2109 4074 ad

2222 4021 2369 4091 Βηλον
2409 4019 2600 4073 ἑαυτὸν
2633 4021 2798 4078 ποιεῖ,
2829 4017 2918 4072 διὰ
2950 4017 3044 4071 τοῦ
3088 4018 3204 4089 βίου
3246 4017 3480 4087 ἑκάστης
3507 4013 3711 4086 ἀρετῆς
3741 4012 3809 4067 τὸ

521 4110 822 4169 exteriora.
853 4109 924 4163 Ut
959 4115 1142 4164 autem
1176 4109 1446 4163 illustrior
1470 4109 1649 4163 adhuc
1683 4110 1755 4163 sit
1778 4125 1998 4173 sensus,
2027 4111 2108 4164 di-

2221 4109 2353 4175 εἷδος
2391 4111 2481 4165 διὰ
2499 4110 2591 4164 τοῦ
2623 4110 2788 4181 ἤθους
2815 4108 3274 4180 ἐπιδεικνύμενος.
3309 4107 3485 4161 Ἔστω
3508 4106 3588 4159 σοὶ
3611 4103 3808 4176 κρίνον

523 4201 703 4258 cimus
755 4217 853 4272 per
907 4201 1142 4255 virtutes
1193 4199 1438 4254 animum
1490 4201 1662 4270 pasci,
1709 4201 1820 4254 lilia
1875 4216 2006 4256 vero
2055 4203 2109 4257 in

2218 4203 2453 4274 καθαρὸν
2480 4204 2514 4275 ἡ
2542 4201 2865 4274 σωφροσύνη
2891 4219 2951 4255 τε
2986 4202 3078 4255 καὶ
3100 4198 3428 4270 δικαιοσύνη,
3460 4197 3552 4251 καὶ
3580 4196 3805 4268 ἀνδρία,

523 4295 816 4365 mnigmate
849 4295 1085 4350 virtutes
1134 4293 1397 4366 appellari
1433 4311 1446 4348 ι
1477 4293 1680 4364 quibus
1711 4295 1804 4366 qui
1851 4306 2000 4352 recta
2033 4297 2110 4350 vi-

2221 4295 2307 4350 καὶ
2341 4294 2624 4366 φρόνησις,
2659 4294 2753 4348 καὶ
2784 4293 2884 4347 ὃσα
2920 4293 3084 4365 φησὶν
3124 4292 3441 4353 Ἀπόστολος
3469 4288 3663 4360 ἀληθῆ,
3693 4289 3808 4342 ὅσα

521 4385 684 4441 vendi
731 4384 948 4441 ratione
983 4384 1220 4442 satiatus
1249 4392 1356 4450 est,
1394 4383 1442 4440 is
1469 4387 1577 4439 vita
1615 4400 1715 4440 sua
1748 4385 2108 4456 conspicuum

2223 4387 2406 4458 τεμνά,
2435 4387 2538 4441 ὅσα
2571 4384 2868 4457 προσφιλῆ,
2900 4386 3001 4438 ὅσα
3041 4385 3246 4449 δίκαια,
3277 4383 3374 4436 ὅσα
3403 4383 3554 4450 ἅγια,
3582 4381 3680 4432 ὅσα
3713 4377 3810 4431 εὗ-

521 4494 584 4534 se
643 4478 842 4544 reddit,
885 4478 1017 4534 dum
1072 4477 1322 4534 moribus
1379 4478 1496 4534 suis
1547 4477 1845 4548 cujuslibet
1889 4478 2108 4533 virtutis

2219 4494 2403 4550 φημα·
2439 4479 2493 4531 εἴ
2522 4494 2606 4541 τις
2634 4476 2825 4548 ἀρετὴ,
2855 4477 2951 4530 καὶ
2983 4477 3036 4530 εί
3064 4494 3149 4540 τις
3181 4475 3421 4539 ἔπαινος.
3476 4471 3659 4526 Ταῦτα
3683 4471 3806 4542 γὰρ

523 4571 760 4640 speciem
801 4569 1080 4641 exprimit.
1133 4568 1460 4626 Existimato
1510 4584 1708 4640 purum
1757 4585 1882 4626 esse
1931 4570 2103 4625 lilium

2220 4568 2386 4623 πάντα
2414 4566 2564 4632 ἐντὸς
2603 4564 2705 4637 τῆς
2736 4565 2916 4638 ψυχῆς
2947 4567 3210 4639 γενόμενα
3238 4566 3314 4638 τῷ
3344 4562 3566 4636 καθαρῷ
3601 4562 3807 4616 διαδεί-

521 4661 869 4727 modestiam,
895 4669 949 4717 et
965 4661 1264 4732 justitiam,
1281 4669 1338 4719 et
1365 4661 1767 4726 fortitudinem,
1789 4672 1844 4717 et
1867 4661 2106 4732 pruden-

2220 4676 2404 4714 κνυται
2445 4657 2573 4730 βίῳ,
2625 4658 3038 4741 καλλωπίζοντά
3068 4676 3128 4712 τε
3170 4659 3260 4713 τὸν
3295 4656 3651 4728 περιέχοντα,
3697 4655 3807 4708 καὶ

521 4753 679 4817 tiam,
724 4761 777 4808 et
820 4769 1160 4824 qmecuuque
1206 4767 1336 4808 vera
1370 4759 1523 4818 sunt,
1570 4764 1627 4809 ut
1669 4755 1746 4808 ait
1781 4752 2106 4823 Apostolus,

2220 4751 2350 4806 αὐτὰ
2391 4749 2481 4804 διά
2511 4749 2604 4804 τοῦ
2653 4750 3033 4823 είσδεξαμένου
3063 4748 3532 4820 καλλωπιζόμενα.
3577 4745 3644 4800 Ἦ
3681 4748 3807 4800 τοί-

520 4858 864 4913 quascunque
923 4842 1177 4907 honesta,
1225 4856 1568 4914 quaecunque
1624 4842 1904 4907 amabilia,
1957 4857 2107 4913 qua:-

2215 4861 2309 4897 vuv
2336 4841 2599 4897 ἀναθεῖσα
2619 4843 2821 4912 ἑαυτὴν
2843 4842 2923 4915 τῷ
2955 4841 3244 4914 ἀδελφιδῷ,
3279 4842 3374 4896 καὶ
3399 4838 3668 4910 δεξαμένη
3695 4837 3802 4892 τοῦ

519 4952 740 5008 cunque
785 4938 955 5007 justa,
1010 4952 1350 5007 quaecunque
1400 4937 1529 4993 boni
1581 4936 1866 4992 nominis:
1911 4935 1956 4992 si
1999 4950 2106 5007 qua

2217 4932 2591 5005 ἀγαπηθέντος
2611 4933 2675 4988 τὸ
2693 4934 2891 4998 κάλλος
2917 4935 2976 4990 ὲν
3001 4937 3066 5008 τῇ
3093 4935 3200 5007 ίδίᾳ
3221 4935 3402 5006 μορφῇ
3425 4949 3440 4964 ·
3472 4932 3598 4986 οἴων
3614 4931 3804 4997 dim-3-

521 5031 719 5094 virtus,
754 5031 800 5086 si
846 5046 954 5102 qua
993 5031 1115 5086 laus
1137 5031 1204 5084 7'.
1259 5029 1394 5083 Nam
1434 5029 1547 5083 haec
1591 5027 1776 5082 omnia
1811 5036 2102 5098 postquam

2218 5042 2311 5080 ται
2343 5024 2497 5097 παρὰ
2529 5024 2624 5079 τοῦ
2650 5024 2776 5088 τοὺς
2796 5025 3160 5094 ’δοξάζοντοςς
3200 5025 3521 5096 ἀκούσωμεν
3561 5023 3652 5078 διὰ
3691 5022 3805 5095 τῆς

520 5122 576 5179 in
623 5123 866 5177 animum
900 5127 1282 5193 penetrarunt,
1333 5134 1430 5190 per;
1457 5119 1623 5174 vitam
1654 5134 1846 5189 puram
1881 5118 2102 5174 demon-

1774 5134 1846 5172 im
1881 5118 2102 5174 demono
2213 5117 2582 5190 προκειμένης
2612 5120 2728 5182 τοῖς
2761 5119 3001 5191 ῥήμασιν
3024 5118 3361 5182 ἀκολουθίας.

521 5227 819 5274 strantur:
875 5218 1150 5289 simulque
1199 5223 1402 5272 ornant
1460 5215 1636 5280 illum,
1677 5212 1769 5283 qui
1823 5228 1885 5268 ea
1925 5213 2194 5279 continet,
2227 5220 2283 5268 et
2322 5211 2441 5284 ipsa
2491 5209 2625 5282 quid
2689 5213 2995 5268 ornamenti
3053 5227 3084 5267 a
3137 5213 3450 5269 continente
3493 5213 3800 5284 accipiunt.

519 5309 888 5374 Quamobrem
973 5325 1076 5376 ea,
1131 5323 1254 5379 quae
1295 5315 1466 5361 totam
1520 5320 1581 5361 se
1628 5313 1864 5373 cognato
1903 5298 2166 5368 tradidit,
2202 5302 2370 5373 inque
2440 5301 2614 5357 forma
2668 5315 2770 5357 sua
2811 5302 2995 5358 dilecti
3043 5302 3509 5374 pulchritudinem
3542 5303 3800 5373 recepit;

521 5405 702 5472 qualia
748 5411 1123 5472 consequatur
1172 5401 1244 5456 ab
1295 5400 1425 5463 illo,
1487 5395 1582 5467 qui
1640 5395 2014 5466 gloriﬁcantes
2061 5411 2122 5453 se
2160 5394 2449 5465 gloriﬁcat,
2491 5394 2783 5452 audiamus
2835 5394 2889 5451 in
2934 5395 3022 5463 iis,
3067 5411 3189 5468 qua:
3231 5397 3498 5454 hactenus
3537 5397 3800 5453 indicatis

520 5496 716 5549 ordine
741 5494 992 5564 proxima
1030 5503 1180 5548 sunt.
3498 5559 3501 5564 γ

591 5583 776 5653 luquit
806 5584 952 5638 enim
1007 5584 1073 5638 ad
1113 5571 1370 5652 sponsam
1412 5580 1655 5637 Verbum
1687 5597 1700 5633 :
1738 5577 1974 5632 Pulchra
2021 5594 2099 5644 es,

2276 5577 2417 5649 Φησὶ
2445 5577 2555 5648 γὰρ
2588 5577 2726 5649 πρὸς
2751 5579 2851 5650 τὴν
2882 5579 3102 5652 νύμφην
3129 5583 3157 5636 6
3187 5583 3358 5652 Λόγος
3380 5599 3395 5614 ο
3440 5581 3606 5650 Καλὴ
3644 5577 3722 5645 εἴ,
3754 5581 3797 5644 ἡ

522 5675 770 5742 proxima
809 5689 946 5736 mea,
982 5675 1116 5726 sicut
1144 5675 1257 5742 ipsa
1285 5672 1674 5733 benevolentia;
1704 5671 1942 5738 formosa
1965 5670 2102 5725 sicut

2212 5669 2480 5738 πλησίον
2512 5685 2656 5738 μου,
2701 5671 2783 5736 ὡς
2821 5671 3101 5727 εὐδοκία·
3150 5673 3334 5741 ὡραία
3385 5673 3467 5739 ὡς
3503 5673 3799 5740 Ἰερουσαο

597 5848 644 5879 ⁸³
675 5844 851 5902 Galat.
886 5862 940 5905 v.
993 5847 1078 5910 19,
1110 5847 1200 5903 20.
1277 5851 1324 5881 ⁷⁸
1373 5848 1610 5918 Philipp.
1667 5866 1706 5917 t,
1750 5849 1839 5904 ‘21.
1919 5851 1959 5884 "
1991 5850 2184 5907 Psal.l

1531 5863 1610 5918 pp.
1667 5866 1706 5917 t,
1750 5849 1839 5904 21.
1919 5851 1959 5884 "
1991 5850 2137 5907 Psal.
2170 5865 2394 5919 Lxxxtx,
2443 5851 2530 5908 17.
2609 5854 2654 5886 τ’
2685 5850 2920 5925 Philipp.
2956 5853 3118 5926 "1,8.
