4018 6412
241 507 263 562 ί
274 508 373 563 D97

1255 496 1325 555 IN
1346 495 1646 553 CANTICA
1679 492 1956 552 CANTIC.
1998 494 2284 551 HOMILIA
2322 494 2436 551 XV.

3348 503 3488 561 £098

236 616 358 686 ,ιῆμ
374 634 389 649 ⁸
429 616 648 686 θάμϐος
671 616 751 689 ᾡς
774 610 1143 685 τεταγμέναι.
1224 614 1350 668 Ὅτι
1376 613 1477 686 μὲν
1500 607 1593 667 οὖν
1626 614 1662 683 ἠ
1687 609 1814 677 δόξα

1942 607 2240 677 ίεηιδαιεηι,
2262 618 2446 678 stupor
2468 585 2720 679 tanguam
2743 609 3017 665 instructa:
3053 610 3213 666 acies.
3243 609 3486 669 Gloriam

240 709 387 780 παρὰ
436 709 532 779 τῆς
581 707 833 778 οὐρανίου
876 706 1133 775 στρατιᾶς
1192 706 1574 777 ἀναπέμπεται
1623 702 1703 773 τῷ
1752 704 1813 757 ἐν

243 801 478 870 ὑψίστοις
497 797 615 869 Θεῷ
634 798 773 868 ὑπὲρ
796 798 893 869 τῆς
922 799 980 852 ἐν
1006 795 1316 869 ἀνθρώποις
1335 795 1581 859 εὐδοκίας
1610 797 1670 849 ἐν
1692 795 1815 857 ταῖς

239 893 427 953 ἀκοαῖς
458 888 567 943 τῶν
601 888 896 959 ποιμένων,
946 888 1036 942 ὅτε
1066 884 1204 942 εἶδον
1233 886 1556 959 γενηθεῖσαν
1586 889 1679 941 ἐπὶ
1710 886 1815 957 γῆς

239 983 338 1052 τῆν
386 983 638 1051 εἰρήνην*
690 980 784 1034 καὶ
827 980 910 1033 ὅτι
943 978 1095 1043 πόλις
1131 979 1227 1033 τοῦ
1273 979 1508 1051 μεγάλου
1552 979 1814 1049 βασιλέως

252 1071 604 1144 Ἰερουσαλὴμ
631 1071 782 1143 παρὰ
803 1070 897 1123 τοῦ
929 1070 1200 1123 Δεσπὸτου
1239 1072 1418 1142 πάσης
1446 1070 1679 1135 κτίσεως
1695 1073 1815 1125 όνο-

244 1164 495 1235 μάζεται,
542 1167 705 1217 παντὶ
745 1163 901 1234 δῆλον
935 1163 1001 1217 ἂν
1048 1164 1136 1233 εἴη
1174 1162 1254 1234 τῷ
1299 1166 1412 1227 τοῖς
1444 1163 1816 1233 εὐαγγελικοῖς

243 1255 667 1327 καθομιλήσαντι
703 1255 915 1325 λόγοις·
961 1258 1037 1323 ὡς
1076 1257 1165 1311 διὰ
1194 1256 1397 1311 τούτων
1444 1257 1518 1328 μὴ
1551 1257 1816 1327 ἀγνοῆσαι

243 1350 392 1401 ποῖον
442 1349 710 1419 μαρτυρεῖ
755 1350 821 1418 τῇ
852 1347 1037 1419 νύμφῃ
1077 1350 1106 1401 ό
1129 1348 1300 1416 Λόγος
1345 1347 1540 1411 κάλλος
1587 1346 1676 1401 διὰ
1717 1348 1818 1417 τῆς

242 1440 378 1510 πρὸς
406 1439 506 1508 τὴν
554 1432 911 1509 Ἰερουσαλὴμ
952 1440 1045 1493 καὶ
1084 1439 1222 1510 πρὸς
1264 1438 1363 1510 τὴν
1408 1439 1654 1492 εὐδοκίαν
1687 1454 1820 1506 συγ-

239 1529 495 1601 κρίσεως.
560 1529 725 1598 Δῆλον
768 1530 874 1599 γὰρ
914 1531 994 1583 ὅτι
1026 1528 1184 1583 τοῦτο
1212 1529 1341 1601 περὶ
1387 1531 1559 1601 αὐτῆς
1589 1532 1618 1584 ὁ
1646 1528 1821 1600 Λόγος

243 1620 595 1685 ἐνδείκνυται,
635 1619 722 1673 διά
762 1620 860 1689 τῆς
901 1620 1339 1693 κατορθουμένης
1380 1620 1588 1684 ἀνόδου,
1626 1621 1820 1693 μέχρις

240 1712 453 1767 ἐκείνου
478 1711 575 1782 τὴν
601 1710 779 1783 ψυχὴν
809 1712 1110 1783 ὑψωθῆναι,
1137 1714 1211 1778 ὡς
1241 1713 1377 1785 πρὸς
1403 1713 1474 1767 τὰ
1495 1713 1589 1767 τοῦ
1621 1714 1822 1767 Δεσπό-

240 1819 333 1856 του
366 1801 624 1873 θαύματα
678 1804 876 1875 ἑαυτὴν
916 1806 1246 1860 ἐπεκτεῖναι.
1300 1805 1364 1858 Εἰ
1392 1804 1502 1877 γὰρ
1548 1808 1576 1860 ό
1606 1808 1664 1859 ἐν
1697 1804 1821 1875 ὑψί-

243 1913 390 1962 στοις
416 1896 569 1962 Θεὸς,
596 1896 670 1950 ὢν
700 1899 757 1950 ἐν
780 1898 893 1960 τοῖς
924 1895 1142 1960 κόλποις
1168 1894 1262 1949 τοῦ
1291 1896 1525 1965 Πατρὸς,
1554 1896 1695 1967 ὑπὲρ
1722 1897 1824 1965 τῆς

1917 700 1987 754 ab
2026 701 2270 756 exercitu
2315 700 2527 757 cmlesti
2570 699 2681 756 Deo
2726 701 2782 756 in
2828 701 3113 759 altissimis
3164 704 3332 760 tribui
3386 720 3492 778 pro

1915 791 2193 846 declarata
2233 791 2290 846 in
2335 791 2585 847 homines
2613 792 3011 859 benevolentia,
3056 794 3221 865 idque
3250 798 3492 866 pastori-

1917 884 2022 938 bus
2069 882 2444 949 audientibus,
2481 898 2592 953 quo
2623 892 2868 952 tempore
2899 884 2978 938 illi
3010 891 3195 939 natam
3245 885 3302 940 in
3343 893 3493 941 terra

1919 989 2108 1045 pacem
2151 974 2401 1031 viderant
2422 975 2510 1041 ";
2542 974 2781 1044 itemque
2808 974 2991 1044 magni
3023 977 3173 1046 regis
3212 977 3490 1033 civitatem

1918 1067 2181 1137 appellari
2225 1065 2622 1137 Jerosolymam
2667 1083 2697 1135 a
2741 1074 3007 1123 creatura:
3039 1070 3209 1125 totius
3238 1068 3493 1135 Domino,

1918 1160 2126 1216 nemini
2170 1175 2296 1217 esse
2328 1159 2625 1215 obscurum
2668 1167 2882 1229 potest,
2922 1160 3017 1231 qui
3061 1163 3390 1233 evangelicis
3436 1164 3495 1218 in

1920 1251 2079 1307 libris
2107 1260 2361 1310 versatus
2390 1262 2497 1310 est.
2542 1254 2803 1324 Adeoque
2831 1255 2961 1311 sciri
2991 1254 3059 1309 de
3087 1254 3193 1310 hoc
3234 1255 3353 1324 ipso
3393 1269 3495 1326 po-

1920 1352 2049 1412 test,
2097 1353 2359 1426 quantam
2391 1361 2609 1417 sponsae
2636 1346 3100 1417 pulchritudinem
3133 1345 3371 1402 Verbum
3401 1348 3499 1402 tri-

1922 1437 2072 1504 buat,
2108 1452 2230 1492 cum
2277 1439 2423 1493 illam
2450 1450 2504 1493 et
2546 1454 2670 1493 cum
2693 1438 3051 1510 Jerosolyma,
3086 1446 3139 1494 et
3172 1454 3295 1493 cum
3327 1440 3498 1495 bene-

1922 1529 2162 1583 volentia
2194 1536 2505 1599 comparat.
2532 1528 2681 1586 Satis
2708 1530 2855 1584 enim
2883 1530 3230 1601 perspicuum
3258 1536 3365 1595 est,
3394 1529 3501 1584 hoc

1922 1620 2062 1674 velle
2095 1618 2332 1675 Vérbum
2370 1619 2573 1685 dicere,
2617 1636 2792 1691 usque
2835 1624 2972 1677 adeo
3016 1621 3254 1675 animam
3277 1620 3331 1675 in
3365 1620 3500 1677 sub-

1922 1711 2052 1768 lime
2099 1723 2343 1768 evectum
2399 1729 2523 1769 esse
2600 1715 2863 1784 praeclaro
2947 1714 3351 1770 conscendendi
3408 1729 3502 1771 co-

1925 1811 2079 1870 natu,
2114 1814 2173 1858 ut
2217 1804 2330 1874 jam
2378 1806 2445 1859 ad
2501 1806 2620 1875 ipsa
2672 1805 2893 1860 Domini
2934 1806 3200 1860 miracula
3240 1806 3500 1861 enitatur.

1925 1893 2061 1950 Nam
2095 1890 2147 1951 si
2171 1896 2313 1953 Deus
2345 1898 2437 1953 ille
2468 1898 2523 1952 in
2553 1898 2861 1963 altissimis,
2893 1897 2987 1968 qui
3027 1904 3112 1953 est
3145 1896 3201 1950 in
3246 1898 3374 1952 sinu
3400 1896 3506 1951 Pa-

239 1958 568 2051 εὐδοκίας
599 1958 905 2059 ἀνθρώποις
938 1958 1135 2059 αἵματι
1162 1988 1252 2042 καὶ
1296 1958 1460 2059 σαρκὶ
1485 1958 1817 2058 κατακιρνά-

1942 1988 2052 2051 .ris,
2082 1987 2444 2043 ideclarandm
2492 1990 2549 2044 in
2605 1988 2854 2045 homines
2900 1988 3291 2045 benevolentia:
3338 2003 3509 2044 causa

236 2095 350 2138 ται,
381 2078 471 2131 ἵνα
500 2079 702 2150 γενηθῇ
733 2078 826 2131 ἐπὶ
849 2079 949 2148 τῆς
977 2078 1081 2149 γῆς
1109 2079 1303 2150 εἰρήνη
1328 2095 1341 2109 ⁸
1377 2078 1533 2149 δῆλον
1558 2080 1639 2132 ὅτι
1674 2080 1812 2149 πρὸς

238 2167 447 2239 ταύτην
472 2168 569 2240 τὴν
605 2169 871 2233 εὐδοκίαν,
913 2170 975 2223 τὸ
1023 2170 1219 2241 ἑαυτῆς
1256 2170 1567 2240 όμοιώσασα
1604 2171 1818 2239 κάλλος,

236 2258 330 2313 τὸν
357 2260 596 2332 Χριστὸν
622 2262 868 2331 μιμεῖται
891 2264 1002 2325 τοῖς
1028 2260 1443 2332 κατορθώμασιν
1467 2279 1481 2293 ·
1536 2265 1712 2318 ἐκεῖνο
1737 2282 1823 2332 γι-

237 2350 444 2421 νομένη
474 2353 587 2415 τοῖς
618 2351 819 2415 ἄλλοις,
845 2351 982 2422 ὅπερ
1012 2353 1041 2405 ό
1066 2352 1301 2424 Χριστὸς
1326 2355 1393 2423 τῇ
1421 2354 1580 2422 φύσει
1600 2354 1711 2409 τῶν
1737 2357 1826 2411 άν-

236 2441 480 2514 θρὼπων
505 2443 718 2513 ἐγένετο
742 2459 757 2474 °
780 2443 1030 2514 καθάπερ
1052 2444 1145 2497 καὶ
1165 2446 1193 2497 ό
1213 2445 1455 2517 μιμητὴς
1479 2446 1824 2517 τοῢΧριστυῦ

237 2535 460 2599 Παῦλος
504 2535 696 2600 ἐποίει,
737 2535 927 2590 ἐαυτὸν
966 2537 1065 2606 τῆς
1106 2533 1250 2607 ζωῆς
1293 2536 1586 2608 ἀφορίζων,
1633 2538 1720 2592 ἵνα
1748 2538 1827 2611 τῷ

241 2625 359 2697 ἰδίῳ
400 2624 566 2679 πάθει
589 2626 689 2698 τὴν
719 2625 993 2697 σωτηρίαν
1036 2627 1131 2681 τοῦ
1171 2628 1384 2698 Ἰσραὴλ
1409 2628 1825 2701 ἀνταλλάξηται,

239 2715 418 2786 λέγων
442 2734 456 2747 ·
482 2719 771 2787 Εὐχόμην
802 2716 1067 2783 ἀνάθεμα
1095 2713 1248 2771 εἶναι
1270 2717 1391 2773 ἀπὸ
1411 2719 1517 2773 τοῦ
1544 2720 1827 2789 Χριστοῦ,

237 2809 398 2878 ὑπὲρ
430 2807 555 2864 τῶν
581 2798 861 2880 ἀδελφῶν
874 2828 1015 2879 μου,
1050 2810 1171 2865 τῶν
1195 2811 1511 2880 συγγενῶν
1526 2830 1647 2882 μου
1678 2814 1832 2869 κατὰ

236 2895 466 2967 σάρκα.
510 2898 653 2970 Πρὸς
691 2898 751 2952 ὃν
785 2901 1009 2963 εἰκότως
1035 2901 1265 2971 ἁρμόζει
1285 2904 1352 2972 τῇ
1384 2901 1569 2976 νύμφη
1590 2902 1651 2957 τὸ
1680 2905 1832 2976 εἰρη-

238 2988 410 3059 μένον
458 2978 655 3053 εἰπεῖν,
700 2989 783 3043 ὅτι
812 2986 1069 3043 Τοιοῦτόν
1110 2992 1229 3045 ἐστι
1279 2992 1380 3063 τῆς
1425 2980 1607 3064 ψυχῆς
1650 3010 1742 3048 σου
1770 2999 1844 3052 τδ

235 3079 464 3145 κάλλος,
511 3079 598 3132 οἵα
627 3080 662 3151 ἡ
697 3077 792 3132 τοῦ
821 3078 1089 3133 Δεσπότου
1120 3080 1346 3149 γέγονεν
1394 3081 1534 3153 ὑπὲρ
1560 3082 1716 3154 ήμῶν
1744 3083 1833 3136 εὐ-

237 3169 425 3236 δοκία,
450 3169 512 3234 ὃς
547 3170 739 3223 ἐαυτὸν
765 3169 1000 3224 ἐκένωσε
1045 3172 1261 3243 μορφὴν
1292 3171 1479 3225 δούλου
1508 3172 1710 3238 λαϐὼν,
1738 3174 1834 3229 καὶ

1928 2080 2184 2151 sanguini
2218 2087 2274 2134 et
2322 2080 2479 2134 carni
2521 2080 2810 2144 miscetur,
2855 2079 3005 2134 utin
3036 2087 3182 2135 terra
3223 2095 3330 2150 pax
3358 2079 3508 2133 oria-

1931 2182 2063 2227 tur:
2092 2172 2315 2242 planum
2373 2181 2457 2228 est
2509 2172 2679 2239 illam,
2715 2186 2836 2243 qua:
2890 2170 2960 2226 ad
3000 2171 3145 2227 hanc
3184 2171 3511 2227 benevolen-

1931 2265 2063 2319 tiam
2094 2263 2459 2320 conlormavit
2502 2279 2657 2320 suam
2691 2264 3176 2335 pulchritudinem,
3231 2264 3509 2336 praeclaris
3552 2306 3557 2311 .

1932 2357 2191 2425 operibus
2236 2357 2352 2412 suis
2384 2356 2666 2412 Christum
2716 2355 2962 2411 imitari:
2990 2355 3190 2427 quippe
3227 2371 3347 2426 quae
3384 2356 3511 2411 aliis

1937 2447 2043 2500 hoc
2080 2446 2172 2512 sit,
2207 2447 2353 2516 quod
2382 2445 2636 2502 Christus
2654 2446 2895 2505 humano
2920 2445 3105 2516 generi
3139 2445 3243 2500 fuit
3272 2462 3287 2500 :
3316 2460 3514 2516 quem-

1936 2538 2229 2594 admodum
2271 2545 2326 2593 et
2358 2538 2560 2594 Paulus
2597 2537 2845 2592 imitator
2891 2537 2982 2592 ille
3011 2535 3217 2594 Christi
3256 2536 3512 2599 iaciebat.

1937 2632 2180 2700 seipsum
2224 2645 2256 2684 a
2286 2630 2397 2685 vita
2428 2630 2577 2685 velut
2603 2630 2998 2693 exterminans,
3034 2637 3097 2683 ut
3125 2642 3250 2684 cum
3288 2627 3514 2684 calami-

1938 2729 2050 2777 tate
2097 2737 2198 2776 sua
2244 2723 2476 2777 salutem
2518 2719 2740 2776 lsraelis
2791 2727 3174 2775 commutaret.
3223 2718 3317 2773 Sic
3363 2719 3513 2774 enim

1937 2815 2013 2869 ait
2038 2829 2053 2867 :
2086 2813 2328 2882 Optarim
2369 2813 2649 2868 anathema
2673 2830 2784 2868 esse
2813 2830 2845 2866 a
2871 2812 3104 2876 Christo,
3137 2827 3233 2879 pro
3255 2810 3515 2880 fratribus

1938 2906 2092 2973 meis,
2128 2907 2365 2976 cognatis
2392 2907 2520 2959 meis
2555 2906 2841 2960 secundum
2881 2920 3094 2959 carnem
3114 2903 3182 2957 ".
3206 2895 3415 2973 'anue
3447 2901 3519 2957 de

1939 3012 2104 3054 causa
2129 2997 2238 3053 dici
2272 2996 2341 3051 ad
2366 3012 2491 3053 eum
2521 3012 2632 3052 non
2678 2998 2862 3067 inepte
2892 3003 3103 3066 posset,
3134 2994 3281 3064 quod
3319 2994 3410 3049 hic
3447 2994 3519 3049 ad

1941 3104 2208 3160 sponsum
2266 3087 2468 3143 dicitur
2503 3110 2517 3146 :
2549 3087 2701 3143 Talis
2751 3095 2836 3144 est
2901 3086 3071 3140 animi
3130 3084 3517 3155 pulchritudo,

1941 3182 2123 3253 qualis
2173 3180 2276 3237 fuit
2327 3180 2543 3235 Domini
2612 3193 2740 3251 erga
2810 3193 2912 3234 nos
2967 3175 3389 3233 benevolentia:
3421 3174 3520 3248 qui

238 3262 449 3318 ἔδωκεν
472 3262 663 3317 ἑαυτὸν
678 3262 1029 3333 ἀντάλλαγμα
1044 3264 1184 3336 ὑπὲρ
1202 3263 1303 3334 τῆς
1321 3263 1416 3318 τοῦ
1438 3265 1643 3337 κόσμου
1666 3264 1832 3345 ζωῆς,

1943 3275 2184 3345 seipsum
2226 3273 2526 3329 exinanivit
2564 3280 2781 3341 sumpta
2815 3270 2961 3326 servi
3005 3268 3181 3324 forma
3207 3267 3277 3335 ’⁸;
3323 3276 3378 3323 et
3425 3282 3518 3323 se-

240 3356 337 3409 καὶ
357 3355 430 3409 δι’
461 3355 615 3426 ἡμᾶς
664 3353 976 3425 ἐπτώχευσε
1006 3354 1261 3420 πλούσιος
1303 3356 1401 3422 ὢν,
1448 3358 1536 3411 ἴνα
1576 3360 1741 3429 ἡμεῖς
1781 3361 1836 3413 ἐν

1942 3365 2121 3435 ipsum
2166 3364 2317 3420 dedit
2358 3364 2593 3435 pretium
2629 3377 2729 3434 pro
2779 3360 2969 3417 mundi
3010 3360 3143 3424 vita,
3183 3366 3236 3415 et
3297 3366 3524 3430 propter

238 3447 319 3519 τῷ
345 3448 572 3519 θανάτῳ
602 3446 768 3502 αὐτοῦ
797 3448 1071 3519 ζήσωμεν,
1098 3448 1192 3503 καὶ
1218 3449 1276 3501 ἐν
1314 3451 1380 3520 τῇ
1405 3450 1648 3529 πτωχείᾳ
1675 3450 1842 3504 πλου-

237 3541 535 3610 τήσωμεν,
572 3540 666 3593 καὶ
694 3540 754 3593 ἐν
787 3542 853 3610 τῇ
880 3541 977 3612 τῆς
1005 3539 1244 3604 δουλείας
1275 3540 1443 3595 αὐτοῦ
1481 3544 1663 3613 μορφῇ
1693 3541 1843 3613 βασι·

238 3630 559 3701 λεύοωμεν.
591 3630 737 3683 Τὺδέ
760 3631 929 3702 αὐτῆς
957 3631 1206 3701 μέγεθος,
1254 3632 1403 3703 καὶὴ
1437 3632 1538 3701 τῆς
1574 3633 1844 3702 Ἰερουσα-

240 3722 362 3796 λὴμ
396 3723 678 3799 ὡρμιότης
722 3722 924 3793 ὁμοίως
967 3722 1327 3785 ἐνδείκνυται,
1366 3724 1466 3794 τὴν
1504 3724 1615 3778 ἄνω
1640 3724 1843 3796 δηλαδὴ

251 3815 651 3889 Ἰερουσαλὴμ,
680 3814 777 3884 τὴν
806 3814 1116 3885 ἐλευθέραν,
1151 3814 1251 3885 τὴν
1282 3813 1390 3868 τῶν
1416 3813 1714 3886 ἐλευθέρων
1750 3832 1847 3886 μη-

212 3908 408 3981 τέρα,
438 3908 514 3977 ἣν
538 3907 698 3961 πόλιν
726 3906 820 3960 τοῦ
843 3907 1080 3977 μεγάλου
1105 3904 1369 3977 βασιλέως
1396 3904 1533 3960 εἶναι
1569 3906 1720 3978 παρὰ
1747 3907 1847 3976 τῆς

238 3999 535 4053 Δεσπότου
563 3997 746 4068 φωνῆς
777 3996 1192 4068 μεμαθήκαμεν.
1232 3995 1296 4048 Ἦ
1329 3995 1437 4065 γὰρ
1461 3998 1756 4069 χωρήσασα
1789 3997 1848 4049 ἐν

241 4091 388 4164 αὐτῇ
437 4091 537 4144 τὸν
564 4088 868 4161 ἀχώρητον,
897 4087 1039 4142 ὥστε
1070 4090 1296 4142 ἐνοικεῖν
1323 4089 1461 4158 αὐτῇ
1496 4088 1591 4141 καὶ
1619 4089 1849 4158 ἐμπερι-

244 4186 455 4240 πατεῖν
500 4181 590 4235 τὸν
631 4181 794 4246 Θεὸν,
834 4183 901 4252 τῇ
931 4179 1228 4251 ὡραιότητι
1272 4178 1367 4233 τοῦ
1400 4180 1459 4232 ἐν
1497 4179 1634 4250 αὐτῇ
1668 4195 1851 4233 κατοι-

244 4276 491 4338 κοῦντος
518 4270 979 4336 καλλωπισθεῖσα,
1021 4270 1376 4344 Ἰερουσαλὴμ
1412 4271 1735 4342 ἐπουράνιος
1766 4270 1852 4339 γί-

243 4385 431 4431 νεται,
462 4365 530 4419 τὸ
555 4364 772 4433 ἐκείνης
799 4362 993 4426 κάλλος
1018 4364 1104 4431 ἐφ’
1133 4363 1330 4433 ἑαυτῆς
1354 4360 1852 4433 δεξαμένηοκάλλος

244 4458 307 4511 δὲ
346 4457 459 4526 τῆς
493 4454 700 4517 πόλεως
744 4452 839 4508 τοῦ
881 4452 1142 4524 βασιλέως
1175 4454 1268 4506 καὶ
1305 4455 1339 4523 ἡ
1376 4452 1666 4522 ὡραιότης,
1720 4453 1854 4507 αὐτὸ

246 4548 490 4609 πάντως
524 4544 639 4597 ἐστὶ
669 4542 763 4597 τοῦ
796 4542 1061 4614 βασιλέως
1104 4543 1166 4597 τὸ
1201 4542 1419 4605 κάλλος.
1484 4542 1719 4606 Ἐκεῖνος
1742 4544 1852 4614 γάρ

1942 3471 2045 3512 nos
2090 3456 2250 3525 inops
2291 3454 2472 3509 iactus
2500 3461 2607 3519 est,
2657 3468 2783 3507 cum
2821 3452 2974 3508 dives
3008 3458 3173 3515 esset,
3221 3456 3283 3504 ut
3324 3464 3426 3505 nos
3464 3450 3524 3504 in

1945 3548 2121 3618 ipsius
2161 3553 2338 3601 morte
2366 3546 2697 3607 viveremus,
2744 3553 2797 3598 et
2845 3543 2902 3596 in
2937 3542 3113 3612 ipsius
3153 3541 3341 3611 inopia
3381 3540 3526 3595 divi-

1944 3641 2053 3695 tias
2092 3651 2577 3706 consequeremur,
2622 3641 2678 3689 et
2720 3635 2778 3688 in
2812 3631 2987 3688 forma
3023 3633 3309 3689 servitutis
3344 3632 3523 3702 ipsius

1944 3728 2394 3800 regnaremus”.
2430 3725 2631 3781 Eadem
2674 3738 2889 3792 sponsae
2922 3722 3182 3794 maiestas
3225 3724 3392 3777 etiam
3428 3738 3528 3793 per

1946 3820 2271 3890 elegantiam
2296 3816 2652 3888 Jerosolymae
2677 3812 3018 3884 signiﬁcatur
3048 3830 3062 3866 :
3092 3828 3343 3883 supernae
3368 3813 3526 3868 vide~

1949 3913 2077 3967 licet
2113 3910 2264 3965 illius
2304 3906 2680 3977 Jerosolymm,
2714 3904 2919 3967 liberae,
2959 3903 3256 3958 liberorum
3306 3902 3525 3966 matris,

1948 4017 2115 4075 quam
2144 4000 2328 4072 magni
2364 3998 2507 4070 regis
2537 3996 2816 4052 civitatem
2845 4009 2969 4051 esse
3017 3994 3084 4051 de
3114 3993 3330 4048 Domini
3379 3993 3530 4049 dicto

1952 4092 2330 4150 intelleximus
2353 4090 2420 4145 ".
2456 4089 2669 4143 Etenim
2701 4101 2824 4158 quae
2853 4084 3269 4153 comprehendit
3292 4084 3435 4139 intra
3466 4099 3528 4140 se

1951 4201 2063 4241 non
2098 4180 2676 4253 comprehensibilem,
2704 4179 2777 4233 ita
2812 4187 2869 4232 ut
2894 4177 3102 4232 habitet
3123 4186 3177 4232 et
3201 4176 3444 4231 ambulet
3470 4175 3529 4229 ir.

1953 4293 2020 4335 ea
2060 4276 2226 4338 Deus,
2257 4274 2373 4329 haec
2402 4287 2500 4343 per
2533 4270 2834 4326 habitantis
2880 4269 2939 4324 in
2971 4283 3035 4324 ea
3068 4266 3531 4338 pulchritudinem

1955 4375 2172 4431 ornata,
2232 4363 2476 4420 caelestis
2514 4361 2853 4432 Jerosolyma
2900 4359 2981 4414 tit.
3024 4357 3382 4413 Pulchritudo
3431 4371 3533 4411 au-

1956 4468 2065 4517 tem
2090 4455 2333 4512 civitatis
2367 4454 2530 4525 regis,
2577 4461 2630 4508 et
2664 4450 2954 4521 elegantia,
2992 4448 3164 4519 ipsius
3196 4448 3341 4502 haud
3370 4446 3536 4502 dubio

1959 4551 2106 4621 regis
2140 4554 2224 4603 est
2265 4544 2637 4616 pulchritudo.
2666 4540 2800 4595 Nam
2846 4541 2893 4596 is
2937 4548 3022 4595 est
3053 4538 3536 4608 (quemadmodum

249 4642 377 4692 ἐστι
420 4634 574 4690 κατὰ
612 4636 702 4690 τὸν
729 4635 883 4703 λόγον
912 4635 1013 4704 τῆς
1041 4634 1360 4706 ψαλμῳδίας
1388 4636 1420 4705 ὴ
1450 4633 1720 4705 ὡραιότης
1757 4636 1836 4689 κα*

1961 4641 2018 4695 in
2049 4636 2393 4694 Ps‘almorum
2425 4635 2564 4688 libro
2606 4631 2829 4701 dicitur)
2855 4631 2974 4700 ipsa
3017 4629 3283 4699 elegantia
3318 4636 3373 4684 et
3414 4629 3537 4699 pul-

247 4731 315 4785 τὸ
346 4728 581 4794 κάλλος,
616 4728 753 4797 πρὸς
791 4727 850 4779 ὃν
880 4730 914 4798 ἡ
949 4726 1255 4796 προφητεία
1295 4724 1467 4795 φησί·
1532 4724 1613 4793 Τῇ
1650 4726 1855 4794 ὡραιό-

252 4820 398 4886 τητι
434 4832 563 4871 σου
600 4817 699 4871 καί
746 4815 826 4882 τῷ
857 4816 1069 4871 κάλλει
1106 4831 1257 4882 σου,
1307 4815 1408 4868 καὶ
1455 4813 1715 4870 εὔθυνον
1757 4816 1858 4871 καὶ

251 4906 609 4968 κατευοδοῦ
635 4948 651 4973 ,
716 4907 815 4962 καὶ
868 4907 1168 4972 βασίλευε
1188 4949 1204 4974 ,
1269 4907 1479 4962 ἕνεκεν
1530 4909 1816 4977 ἀληθείας
1840 4949 1857 4974 ,

251 5005 363 5061 καὶ
405 5000 774 5069 πραότητος,
804 4998 905 5052 καὶ
949 4998 1357 5066 δικαιοσύνης.
1409 4998 1630 5063 Τούτοις
1662 4999 1772 5071 γὰρ
1799 5000 1861 5054 τὸ

245 5097 423 5153 Θεῖον
468 5091 972 5162 χαρακτηρίζεται,
1002 5092 1069 5160 τῇ
1093 5090 1320 5161 ἀληθείᾳ
1364 5090 1507 5161 λέγω
1539 5092 1633 5145 καὶ
1671 5094 1736 5162 τῇ
1778 5093 1859 5146 δι-

253 5179 568 5250 καιοσύνῃ.
603 5179 697 5234 καὶ
724 5181 791 5249 τῇ
819 5179 1103 5251 πραότητι.
1151 5180 1216 5232 Ἦ
1243 5178 1420 5234 τοίνυν
1457 5181 1516 5233 ἐν
1542 5183 1654 5243 τοῖς
1681 5180 1855 5234 τοιού-

251 5289 382 5336 τοις
432 5267 664 5324 κάλλεσι
714 5270 1061 5341 μορφωθεῖσα
1096 5269 1275 5342 ψυχὴ,
1332 5270 1510 5343 ὡραία
1551 5271 1759 5339 γίνεται
1787 5272 1863 5335 ὡς

267 5360 675 5435 Ἰερουσαλὴμ,
710 5363 777 5431 τῇ
826 5358 921 5414 τοῦ
964 5360 1227 5431 βασιλέως
1260 5360 1380 5433 ὥρᾳ
1407 5361 1862 5417 καλλωπισθεῖσα.

271 5453 459 5509 Ἀλλὰ
486 5450 662 5505 ταῦτα
693 5452 791 5523 μὲν
812 5452 1077 5523 πρόδηλον
1108 5453 1221 5524 ἔχει
1250 5453 1344 5506 τοῦ
1372 5455 1472 5525 τῆς
1500 5454 1718 5526 νύμφης
1740 5455 1873 5511 κάλ-

1962 4725 2241 4804 cbritudo,
2287 4738 2449 4795 quem
2489 4731 2543 4779 et
2575 4721 2847 4792 Propheta
2895 4721 2998 4775 hoc
3040 4717 3204 4774 modo
3249 4719 3484 4791 appellat
3519 4736 3535 4773 :

1965 4816 2246 4888 Elegantia
2285 4824 2378 4869 tua
2425 4822 2476 4869 et
2521 4810 2913 4884 pulchritudine
2951 4818 3045 4863 tua
3096 4809 3286 4878 dirige,
3321 4822 3538 4878 prospe-

1964 4924 2107 4974 rare,
2152 4923 2314 4978 regna
2343 4922 2362 4959 :
2391 4913 2603 4974 propter
2643 4902 2936 4965 veritatem,
2977 4911 3026 4954 et
3059 4899 3536 4961 mansuetudinem,

1965 5012 2017 5057 et
2045 5000 2319 5072 justitiam
2339 4996 2407 5052 ⁷⁸.
2444 4994 2510 5048 Hi
2540 4994 2687 5050 enim
2731 4990 3156 5062 pulchritudinis
3185 4989 3381 5043 divine
3410 4996 3543 5042 sunt

1966 5094 2350 5149 characteres:
2396 5088 2621 5153 veritas,
2662 5084 2909 5153 inquam,
2959 5089 3014 5138 et
3038 5080 3273 5148 iustitia,
3304 5087 3358 5133 et
3391 5093 3543 5133 man-

1968 5182 2224 5240 suetudo.
2279 5177 2647 5244 Quamobrem
2699 5173 2882 5229 anima
2930 5171 3131 5226 talibus
3177 5167 3543 5238 ornata‘pul-

1937 5320 1943 5325 .
1970 5270 2395 5329 cbritudinibus,
2422 5267 2481 5321 ﬁt
2510 5265 2751 5320 formosa
2800 5271 3059 5331 tanquam
3084 5256 3413 5318 Jerusalem,
3447 5270 3545 5310 ve—

1973 5367 2193 5417 nustate
2238 5358 2384 5429 regis
2430 5356 2812 5411 cohonestata.
2862 5350 3155 5405 Enimvero
3188 5348 3545 5404 manitestum

1978 5455 2083 5508 hoc
2112 5464 2325 5521 sponsa:
2368 5444 2792 5518 pulchritudinis
2828 5442 3140 5498 encomlum
3176 5448 3281 5506 est,
3311 5437 3546 5509 ampliﬁ-

257 5544 399 5606 λους
431 5541 538 5594 τὸν
568 5540 805 5604 ἔπαινον,
835 5543 903 5611 τῇ
943 5541 1079 5613 πρὸς
1111 5540 1210 5612 τὴν
1240 5541 1487 5596 εὐδοκίαν
1531 5558 1592 5595 τε
1636 5542 1730 5597 καὶ
1767 5542 1836 5610 τὴ

1976 5552 2160 5599 catum
2190 5556 2287 5612 per
2329 5538 2793 5611 comparationem
2842 5548 2967 5589 cum
3008 5533 3127 5603 ipsa
3171 5529 3547 5587 benevolentia

273 5629 662 5708 Ἰερουσαλὴμ
695 5631 981 5701 συγκρίσει
1013 5630 1407 5702 πληρούμενον.

344 5813 401 5846 ’³
442 5807 591 5862 Luc.
618 5824 685 5874 ιι,
735 5806 825 5861 ll.
902 5804 949 5837 "
972 5807 1133 5867 Rom.
1165 5821 1243 5872 IS,
1276 5806 1329 5861 5.

265 5899 435 5948 IL",
487 5876 550 5935 5ο

624 5989 897 6050 ΡΑτιιοι..
933 5987 1053 6050 Gn.
1082 5986 1298 6049 XLIV.

1431 5805 1481 5838 ⁷⁸
1510 5804 1742 5876 Philipp.
1782 5821 1841 5876 ιι,
1873 5806 1925 5861 7.
1966 5805 1985 5811 ’

1975 5642 2031 5689 et
2055 5632 2415 5702 Jerosolyma.

2030 5807 2076 5840 "
2100 5805 2144 5862 ll
2171 5805 2299 5862 Cor.
2323 5803 2440 5872 vin,
2467 5802 2502 5858 9
2533 5817 2653 5874 sqq.
2754 5800 2799 5834 "
2828 5796 3019 5854 Matth.
3051 5812 3105 5863 v,
3143 5795 3233 5851 35.
3326 5792 3371 5827 "
3401 5790 3546 5848 Ριιλι

3197 5974 3273 6039 85

3352 6051 3373 6083 I
