4018 6364
603 478 741 535 1099

1849 473 1910 528 s.
1967 471 2302 529 GREGORII
2322 438 2633 529 .NYSSlSNl

3731 484 3845 538 ιιοο

669 589 801 655 Quae
822 596 999 642 autem
1033 593 1366 658 sequuntur,
1388 593 1440 642 et
1471 566 1588 658 ipsa
1617 600 1836 657 sponsas
1861 587 2172 641 encomium

2353 588 2455 640 Τὸν
2483 588 2539 640 δὲ
2575 546 2771 658 ἐφεξῆς
2806 587 2962 658 λόγον
2993 588 3270 661 ἐγκώμιον
3305 592 3405 660 μὲν
3435 583 3581 644 εἶναι
3605 594 3703 662 τῆς
3731 594 3846 664 νύμ-

597 695 740 745 esse,
789 694 896 733 non
935 693 1035 734 nos
1075 677 1293 748 quidem
1335 677 1652 733 dubitamus
1683 695 1695 731 :
1721 693 1911 732 verum
1953 689 2176 734 senten-

597 774 726 827 tiam
760 771 1076 835 verborum,
1120 785 1217 841 per
1247 784 1410 840 quam
1447 770 1765 840 hujusmodi
1813 769 1971 825 laude
2009 770 2177 824 coho-

596 869 844 918 nestatur
871 877 958 925 ea,
992 878 1112 930 qua:
1142 861 1308 931 digna
1345 869 1605 916 censetur
1635 861 1737 915 hac
1764 861 2174 931 praidicatione.

595 955 744 1008 facili
771 961 829 1009 et
864 953 1120 1024 expedito
1149 963 1348 1008 conatu
1378 953 1689 1024 perspicere
1721 968 1829 1007 non
1862 967 2172 1022 possumus.

593 1044 772 1101 Verba
831 1046 1053 1115 quidem
1107 1044 1422 1113 hujusmodi
1481 1052 1632 1098 sunt.
1689 1044 1891 1113 Stupor
1929 1052 2176 1114 tanquam

593 1138 870 1190 instructa:
921 1134 1087 1190 acies.
1120 1133 1384 1189 Fortasse
1416 1149 1548 1187 vero
1576 1134 1700 1203 quis
1743 1134 2005 1189 hactenus
2047 1149 2179 1187 con-

596 1227 854 1282 sideratis
901 1227 1178 1280 inhzerens
1218 1226 1450 1298 dixerit,
1503 1241 1599 1296 per
1646 1225 1955 1280 hanc-cum
2005 1227 2179 1280 ultra-

597 1317 873 1370 mundana
915 1323 1114 1369 natura
1161 1314 1654 1384 comparationem,
1685 1315 2008 1384 amplilicari
2042 1328 2181 1384 pra-

594 1405 832 1460 dieando
884 1404 1227 1474 maiestatem
1281 1419 1518 1475 sponsas.
1573 1401 1710 1457 Nam
1757 1405 1840 1459 ba;
1893 1411 2022 1460 sunt
2075 1405 2181 1460 illa:

596 1499 882 1551 instruere
915 1495 1104 1564 copim,
1139 1495 1341 1565 quippe
1375 1496 1468 1550 ubi
1494 1495 1799 1552 Potestates
1835 1489 2051 1567 semper
2078 1497 2179 1552 do-

597 1589 881 1640 minantur
914 1594 1219 1657 :perpetuo
1265 1586 1676 1645 Dominationes
1727 1605 1910 1644 rerum
1964 1591 2183 1660 potiun-

595 1686 721 1745 tur;
746 1678 920 1733 solide
949 1678 1159 1734 fundati
1189 1689 1317 1733 sunt
1337 1678 1575 1747 Throni;
1605 1680 1952 1751 Principatus
1975 1683 2180 1736 nullam

598 1771 654 1825 in
691 1771 1013 1826 servitutem
1066 1771 1392 1842 rediguntur
1421 1791 1434 1826 :
1474 1773 1595 1827 sine
1629 1773 2041 1828 intermissione
2073 1772 2182 1830 Deo

598 1864 770 1932 copim
800 1861 995 1918 faustis
1031 1863 1259 1940 vocibus
1295 1863 1623 1926 acclamant,
1653 1864 1866 1920 volatus
1893 1863 2177 1934 Seraphim

599 1970 707 2008 non
745 1954 998 2024 quiescit,
1029 1962 1084 2008 et
1115 1955 1280 2009 statio
1322 1970 1430 2009 non
1461 1956 1842 2027 progreditur;
1887 1956 2182 2012 Cheruhim

599 2047 873 2102 sustinere
921 2046 1215 2101 sublimem
1270 2047 1423 2102 illum
1491 2049 1871 2118 elevatumque
1929 2048 2184 2102 thronum

603 2153 709 2193 non
753 2145 994 2202 cessant,
1044 2138 1284 2194 ministri
1339 2154 1480 2210 opus
1528 2138 1730 2204 facere,
1780 2149 1835 2194 et
1873 2153 2184 2195 sermonem

600 2230 791 2285 audire
820 2244 929 2283 non
974 2227 1237 2282 desinunt
1260 2229 1330 2280 τ’).
1369 2227 1463 2283 Hie
1491 2228 1659 2300 igitur
1687 2235 1990 2298 potestates
2015 2243 2042 2282 a
2077 2227 2189 2282 Deo

606 2337 733 2378 cum
761 2321 1031 2376 ordinatae
1055 2321 1187 2385 sint,
1227 2336 1462 2390 cumque
1487 2321 1626 2376 ordo
1657 2321 1752 2376 ille
1779 2321 2062 2392 copiarum
2105 2321 2190 2375 ul-

601 2411 1118 2478 tramundanarum,
1152 2427 1402 2482 quasque
1443 2420 1627 2468 mente
1670 2420 1882 2468 tantum
1931 2413 2190 2484 intelligi-

609 2517 748 2566 mus,
781 2509 1049 2556 aeternum
1085 2517 1194 2556 non
1226 2500 1495 2556 confusus
1529 2509 1773 2567 maneat,
1804 2502 1954 2556 nulla
1983 2502 2188 2556 malitia

609 2596 873 2650 rationem
920 2596 1072 2650 illam
1114 2595 1322 2666 optime
1354 2593 1716 2651 constitutam
1759 2603 2072 2662 evertente;
2109 2595 2192 2650 id-

608 2686 754 2741 circo
800 2686 964 2740 etiam
1020 2686 1226 2748 anima,
1264 2700 1386 2756 quae
1435 2685 1503 2740 ad
1559 2685 1778 2740 illarum
1829 2685 2192 2740 imitationem

609 2779 800 2836 ordine
843 2778 1208 2848 decenterque
1240 2777 1392 2832 facit’
1415 2777 1622 2844 omnia,
1676 2776 1841 2832 talem
1895 2776 1978 2831 sui
2021 2777 2196 2833 admio

610 2872 875 2926 rationem
906 2871 1132 2933 excitat,
1165 2870 1382 2940 qualem
1415 2870 1686 2925 ordinatae
1724 2869 1832 2924 illa:
1871 2869 2043 2940 copiae
2085 2885 2199 2924 me-

613 2970 825 3017 rentur.
858 2960 995 3016 Nam
1027 2979 1134 3016 vox
1164 2961 1411 3032 stuporis
1442 2961 1907 3033 signiﬁcationem
1945 2969 2194 3017 conster-

613 3054 852 3108 nationis
880 3052 1063 3108 habet.
1095 3052 1202 3108 Per
1229 3053 1734 3108 consternationem
1765 3067 1899 3108 vero
1935 3053 1983 3108 si
2023 3052 2197 3108 admi-

615 3146 882 3201 rationem
909 3145 1308 3217 intelligamus,
1338 3159 1368 3198 a
1397 3145 1632 3200 veritate
1655 3160 1764 3200 non
1795 3145 2200 3200 aberrabimus.

685 3239 954 3294 Caeterum
985 3251 1110 3306 quae
1140 3236 1209 3290 ab
1241 3235 1329 3291 his
1358 3235 1612 3306 proxima
1658 3244 1972 3307 sequuntur
2003 3239 2194 3300 verba.
2230 3276 2274 3336 α

615 3326 1037 3397 ambiguitatem
1070 3327 1364 3395 quamdam
1396 3326 1706 3392 continent,
1741 3342 1980 3397 quanam
2017 3345 2046 3382 a
2073 3346 2200 3399 per-

618 3434 776 3484 sona,
817 3425 871 3472 et
894 3415 961 3469 ad
994 3430 1156 3486 quam
1182 3417 1395 3486 prolata
1428 3416 1558 3482 sint,
1591 3432 1713 3472 cum
1743 3417 1948 3470 dicitur
1975 3436 1988 3472 :
2019 3418 2204 3474 Averte

617 3509 797 3565 oculos
836 3519 953 3562 tuos
988 3524 1019 3560 a
1046 3524 1150 3561 me.
1179 3505 1324 3560 Nam
1371 3507 1456 3560 illi
1494 3507 1610 3562 alas
1654 3508 1783 3561 mihi
1837 3507 2202 3563 reddiderunt.

617 3599 911 3655 Nonnullis
970 3597 1229 3664 videtur,
1283 3598 1400 3653 haec
1461 3613 1491 3652 a
1551 3599 1784 3654 Domino
1837 3599 1905 3654 ad
1963 3600 2204 3655 animam

619 3705 813 3762 puram
845 3691 952 3745 diei
982 3708 995 3742 :
1030 3705 1219 3745 verum
1253 3705 1354 3760 ego
1381 3691 1554 3761 magis
1606 3691 1905 3746 convenire
1941 3692 2203 3756 arbitror,

623 3793 682 3839 ut
717 3784 832 3838 haec
864 3781 932 3836 ad
963 3778 1222 3852 sponsam
1262 3779 1594 3836 referantur.
1641 3781 1858 3836 Etenim
1905 3781 2037 3836 huic
2067 3796 2206 3836 con—

620 3889 820 3944 gruere
869 3873 1201 3928 sententiam
1227 3887 1438 3936 eorum,
1481 3888 1602 3942 qua:
1631 3873 1914 3938 dicuntur,
1965 3875 2204 3944 reperio.

621 3962 754 4030 Quae
809 3968 992 4017 autem
1047 3961 1182 4016 mihi
1231 3969 1566 4027 occurrunt,
1622 3976 1892 4032 exponam
1947 3962 2205 4020 breviter.

623 4055 1014 4122 Saepenumero
1070 4052 1416 4121 Scripturam
1462 4069 1493 4107 a
1561 4052 1671 4108 Deo
1723 4055 2047 4123 inspiratam
2112 4056 2206 4112 Dei

625 4145 837 4197 alarum
892 4142 1225 4197 mentionem
1267 4142 1446 4197 facere
1496 4143 1682 4198 audio.
1734 4143 1895 4199 Modo
1944 4147 2089 4200 enim
2133 4150 2210 4201 ait

627 4235 901 4307 Propheta
940 4254 953 4290 :
987 4234 1096 4290 Sub
1129 4236 1350 4307 tegmine
1389 4237 1601 4289 alarum
1635 4247 1848 4290 tuarum
1877 4253 1957 4291 me
1981 4247 2114 4309 teges
2140 4240 2206 4296 ⁸ο.

607 4326 768 4388 ‘llem
810 4339 824 4375 :
867 4321 974 4377 Sub
1033 4323 1149 4377 alas
1205 4323 1321 4393 ejus
1374 4324 1608 4394 sperabis
1630 4325 1696 4378 ⁸³.
1731 4323 1971 4380 Rursum
2033 4326 2210 4384 Moses

630 4416 832 4487 insigni
884 4417 978 4471 illo
1037 4415 1091 4469 in
1153 4416 1398 4470 carmine
1455 4417 1596 4472 idem
1657 4416 1745 4471 his
1797 4417 1982 4473 verbis
2048 4419 2207 4489 quasi

628 4508 873 4578 depingit
899 4526 911 4561 :
948 4505 1188 4561 Diductis
1220 4508 1320 4563 alis
1342 4509 1454 4562 suis
1486 4509 1676 4578 recepit
1703 4525 1792 4564 eos
1813 4510 1881 4564 ⁸³.
1910 4508 2022 4564 Nec
2072 4512 2206 4566 illud

2279 697 2386 751 φης
2417 681 2517 733 ὸὺκ
2563 680 3003 753 ἀμφιϐάλλομενο
3047 682 3147 755 τὴν
3189 682 3245 737 δὲ
3283 683 3520 738 διάνοιαν
3547 683 3677 738 καθ’
3703 687 3764 756 ἣν
3784 688 3850 754 τῷ

2277 771 2505 843 τοιούτῳ
2537 773 2745 844 ἐπαίνῳ
2771 775 3112 844 σεμνύνεται,
3149 777 3182 848 ἠ
3210 776 3309 846 τῆς
3351 777 3635 848 εὐφημίας
3671 779 3849 847 ταύτης

2280 866 2595 933 ἀξιωθεῖσα,
2622 867 2724 919 οὐκ
2753 865 2900 920 ἔστιν
2926 867 2990 919 ἐκ
3019 866 3112 920 τοῦ
3149 868 3444 939 προχείρου
3476 868 3694 938 μαθεῖν.
3719 869 3848 938 Ἔχει

2280 958 2443 1030 γὰρὴ
2474 956 2616 1023 λέξις
2643 956 2846 1019 ei)er
2889 956 3122 1026 Θάμϐος
3151 959 3231 1024 ὡς
3263 958 3551 1028 δυνάμεις
3597 959 3850 1028 retand-

2279 1068 2398 1105 ναι.
2428 1050 2582 1120 Τάχα
2607 1050 2650 1103 δ’
2674 1050 2739 1104 ἄν
2767 1065 2851 1112 τις
2880 1049 2991 1112 τοῖς
3019 1049 3483 1121 προθεωρηθεῖσιν
3509 1050 3772 1120 ἑπόμενος
3791 1052 3848 1103 ei-

2282 1160 2393 1208 ποι,
2424 1141 2512 1194 διὰ
2532 1141 2630 1212 τῆς
2656 1142 2791 1212 πρὸς
2829 1139 2924 1210 τὴν
2949 1140 3317 1211 ύπερκόσμιον
3346 1141 3507 1210 φύσιν
3535 1140 3851 1211 συγκρίσεως

2285 1231 2677 1303 μεγαλύνεσθαι
2709 1231 2814 1286 ὑπὸ
2860 1229 2955 1282 τοῦ
2997 1230 3158 1298 λόγου
3209 1231 3300 1286 διὰ
3339 1231 3450 1285 τῶν
3496 1232 3736 1286 ἐπαίνων

2281 1323 2519 1395 νύμφην.
2561 1326 2796 1378 Ἐκείναι
2827 1322 2940 1392 γάρ
2969 1327 3108 1377 εἰσιν
3142 1325 3198 1378 αἰ
3228 1325 3560 1395 τεταγμέναι
3594 1324 3851 1394 δυνάμεις.

2281 1416 2417 1470 ὅπου
2451 1417 2510 1468 αἱ
2540 1416 2640 1487 μὲν
2661 1415 2934 1481 Ἐξουσίαι
2962 1417 3254 1480 διαπαντὸς
3277 1417 3334 1470 ἐν
3351 1415 3429 1486 τῷ
3448 1414 3727 1487 κυριεύειν
3743 1415 3852 1468 εἰσί·

2281 1505 2545 1576 κρατοῦσι
2578 1507 2633 1561 δέ
2662 1507 2728 1561 δι’
2757 1508 2880 1561 ὅλου
2919 1509 2978 1561 αἱ
3007 1507 3363 1578 κυριότητες⁹
3402 1507 3670 1578 βεδήκασι
3696 1507 3749 1560 δέ
3769 1523 3854 1558 πα·

2283 1596 2416 1664 γίως
2439 1599 2488 1648 οἰ
2513 1597 2722 1669 Θρόνοι,
2742 1597 3028 1651 ἀδούλωτοι
3054 1598 3110 1651 δὲ
3143 1598 3392 1668 μένουσιν
3415 1599 3474 1651 αἰ
3494 1597 3708 1669 ’Λρχαίθ
3730 1597 3855 1650 εὐλο-

2283 1686 2440 1754 γοῦσι
2468 1686 2524 1738 δὲ
2556 1687 2646 1740 τὸν
2669 1687 2802 1740 Θεὸν
2827 1688 3184 1750 ἀδιαλείπτως
3213 1689 3271 1740 αἰ
3299 1688 3580 1758 δυνάμεις,
3603 1689 3638 1758 ἦ
3655 1705 3713 1740 τε
3740 1687 3854 1754 πτῆ-

2286 1793 2370 1839 σις
2396 1777 2506 1831 τῶν
2537 1777 2788 1848 Σεραφψ.
2818 1779 2916 1848 οὐχ
2950 1779 3185 1843 ἵσταται,
3205 1778 3300 1831 καὶ
3331 1780 3366 1849 ἡ
3402 1779 3594 1841 στάσις
3619 1779 3682 1830 οὐ
3715 1794 3854 1853 μετα-

2290 1867 2462 1922 ϐαίνει
2487 1885 2503 1902 ·
2537 1870 2632 1922 καὶ
2657 1870 2726 1922 τὰ
2757 1869 3036 1941 Χερουϐὶμ
3069 1870 3332 1941 ἀνέχοντα
3357 1869 3447 1922 τὸν
3472 1869 3680 1941 ὑψηλόν
3707 1888 3757 1922 τε
3779 1869 3855 1922 καὶ

2288 1961 2600 2031 ἐπηρμένον
2650 1961 2836 2033 θρόνον
2878 1963 2978 2015 οὐκ
3023 1962 3325 2034 ἀπολήγειο
3366 1962 3420 2014 οἵ
3464 1979 3526 2014 τε
3578 1961 3853 2032 λειτουργοί

2291 2052 2571 2116 ποιοῦντες
2605 2053 2666 2106 τὸ
2709 2053 2905 2123 ἔργον,
2959 2054 3052 2108 καὶ
3102 2055 3390 2117 ἀκούοντες
3435 2053 3549 2107 τῶν
3597 2054 3764 2122 λόγων
3804 2054 3853 2104 οὐ

2292 2144 2582 2200 παύονται.
2655 2145 2810 2198 Ἐπεὶ
2859 2145 2952 2200 οὖν
3004 2147 3058 2198 αἰ
3123 2145 3357 2210 ἐξουσίαι
3409 2139 3579 2222 ,αὗται
3635 2143 3735 2196 ὑπὸ
3780 2140 3854 2194 τοῦ

2295 2235 2434 2288 Θεοῦ
2457 2236 2785 2306 τεταγμέναι
2815 2236 2943 2303 εἰσὶ,
2994 2237 3088 2292 καὶ
3133 2239 3168 2307 ἡ
3209 2235 3363 2301 τάξις
3404 2236 3515 2291 τῶν
3540 2236 3745 2308 νοητῶν
3779 2234 3852 2287 καὶ

2292 2329 2682 2400 ὑπερκοσμίων
2711 2330 3012 2401 δυνάμεων,
3059 2330 3364 2400 ἀσύγχυτος
3407 2329 3488 2392 εἰς
3535 2329 3600 2381 τὸ
3639 2325 3854 2397 διηνεκὲς

2296 2420 2468 2490 μένει.
2497 2420 2764 2492 μηδεμιᾶς
2792 2422 2989 2486 κακίας
3011 2419 3423 2492 ἀνατρεπούσης
3460 2419 3562 2490 τὴν
3593 2417 3852 2481 εὐταξίαν

2293 2512 2380 2566 διὰ
2411 2512 2568 2566 τοῦτο
2617 2514 2712 2567 καὶ
2744 2515 2777 2584 ή
2807 2514 2942 2584 πρὸς
2996 2513 3226 2584 μίμησιν
3272 2510 3496 2564 ἐκείνων
3529 2509 3679 2580 ψυχὴ
3709 2509 3856 2561 πάντα

2295 2603 2437 2657 κατά
2478 2603 2632 2670 τάξιν
2667 2604 2763 2657 καί⁵
2811 2603 3159 2673 εὐσχημόνως
3204 2601 3463 2666 ποιοῦσα,
3513 2600 3750 2653 τοιοῦτον
3787 2597 3855 2664 ἐφ’

2296 2695 2497 2765 ἑαυτῆς
2515 2697 2656 2748 κινεῖ
2673 2695 2733 2747 τὸ
2756 2693 2958 2764 θαῦμα,
2973 2688 3083 2746 οἷον
3110 2695 3168 2746 ἐν
3189 2695 3308 2756 ταῖς
3321 2693 3618 2762 δυνάμεσιν
3645 2690 3854 2750 ἐκείναις

2297 2787 2417 2848 ταῖς
2441 2785 2802 2856 τεταγμέναις
2831 2784 2998 2837 ἐστίν.
3065 2782 3366 2852 Ἐκπληξις
3398 2782 3508 2852 γὰρ
3541 2785 3574 2853 ή
3610 2780 3702 2834 τοῦ
3743 2779 3855 2847 θάμ-

2299 2876 2424 2938 6ους
2464 2877 2822 2946 ἑρμηνεύεται
2861 2875 3087 2928 διάνοια.
3122 2874 3221 2926 Διὰ
3263 2873 3318 2926 δὲ
3351 2876 3448 2944 τῆς
3485 2872 3789 2943 ἐκπλήξεως
3809 2869 3856 2920 τὸ

2302 2967 2487 3039 θαῦμα
2516 2967 2780 3032 νοοῦντες,
2826 2966 2926 3036 τῆς
2948 2963 3205 3036 ἀληθείας
3229 2963 3326 3032 οὐχ
3351 2962 3757 3035 ἁμαρτάνομεν.

2391 3241 2455 3296 Ἥ
2489 3241 2547 3295 δὲ
2568 3239 2776 3303 τούτοις
2807 3239 2872 3292 ἐκ
2902 3235 2996 3289 τοῦ
3026 3233 3317 3288 ἀκολούθου
3343 3231 3678 3304 προκειμένη
3709 3228 3855 3300 ῥῆσις.

2307 3333 2582 3404 ἀμφίϐολα
2617 3331 2762 3384 ποιεῖ
2781 3329 2851 3384 τὰ
2885 3328 3168 3400 πρόσωπα,
3199 3327 3326 3399 παρ’
3359 3317 3419 3380 οὗ
3445 3343 3504 3380 τε
3537 3323 3766 3397 εἴρηται,
3785 3317 3860 3374 καὶ

2309 3426 2444 3498 πρὸς
2483 3423 2542 3476 ὃν
2569 3420 2720 3477 εἷπεν
2744 3438 2759 3453 ο
2795 3421 2878 3475 ὅτι
2931 3421 3334 3488 Ἀπόστρεψον
3363 3417 3507 3482 τοὺς
3545 3413 3860 3484 ὀφθαλμούς

2307 3530 2425 3569 σου
2467 3511 2833 3567 ἀπεναντίον
2870 3509 3036 3580 ἐμοῦ.
3087 3511 3217 3562 Ὅτι
3257 3506 3430 3561 αὐτοὶ
3470 3499 3858 3572 ἀνεπτέρωσάν

2303 3623 2399 3674 με.
2443 3606 2567 3668 Τοῖς
2595 3603 2694 3675 μὲν
2723 3603 2831 3674 γὰρ
2860 3603 3006 3656 δοκεῖ
3035 3599 3185 3671 παρὰ
3205 3600 3298 3653 τοῦ
3322 3597 3591 3651 Δεσπότου
3631 3595 3760 3665 πρὸς
3781 3593 3859 3659 τὴν

2310 3695 2554 3766 καθαρὰν
2594 3695 2842 3766 εἰρῆσθαι
2883 3692 3055 3747 ταῦτα
3087 3693 3296 3764 ψυχήνο
3351 3689 3461 3760 ἐγὼ
3497 3690 3554 3744 δὲ
3596 3693 3664 3761 τῇ
3706 3687 3861 3757 νύμφη

2311 3787 2542 3858 πρέπειν
2606 3785 2818 3864 ύπονοῶ
2883 3785 3082 3856 μᾶλλον
3143 3783 3203 3836 τὸ
3263 3772 3423 3853 ῥητὸν
3469 3777 3858 3853 ἐφαρμόζεσθιι.

2311 3880 2497 3950 Ταύτῃ
2527 3878 2636 3948 γὰρ
2669 3875 3002 3946 κατάλληλον
3040 3874 3280 3945 εὑρίσκω
3304 3875 3399 3942 τὴν
3428 3873 3536 3926 τῶν
3569 3866 3862 3941 σημαινομέ-

2313 3987 2421 4024 νων
2456 3969 2560 4022 ύπὺ
2587 3969 2682 4022 τοῦ
2710 3967 2868 4036 λόγου
2903 3955 3158 4021 διάνοιαν.
3203 3965 3283 4018 Τὰ
3315 3963 3372 4018 δέ
3423 3981 3511 4034 μοι
3543 3960 3861 4034 παραστάντα

2310 4062 2376 4116 δι’
2427 4061 2622 4130 ὀλίγων
2669 4059 2991 4128 ἐκθήσομαι.
3046 4058 3293 4110 Ἤκουσα
3335 4052 3598 4124 πολλαχοῦ
3642 4054 3730 4120 τῆς
3771 4048 3863 4100 θεο-

2311 4153 2580 4208 πνεύστου
2624 4151 2844 4221 Γραφῆς
2905 4149 3185 4221 πτέρυγας
3226 4144 3364 4200 εἶναι
3399 4144 3476 4215 τῷ
3527 4143 3643 4209 Θεῷ
3681 4143 3862 4207 διηγου-

2319 4246 2511 4318 μένης.
2589 4243 2702 4298 Νῦν
2767 4242 2866 4313 μὲν
2907 4241 3009 4312 τῆς
3057 4239 3388 4312 προφητείας
3445 4237 3741 4307 λεγούσης,
3794 4232 3859 4282 ὅτι

2323 4341 2428 4396 Ἐν
2475 4339 2674 4408 σκέπῃ
2735 4336 2856 4390 τῶν
2898 4337 3206 4406 πτερύγων
3252 4350 3369 4387 σου
3420 4330 3742 4394 σκεπάσεις

2314 4433 2429 4498 καὶ,
2459 4433 2542 4486 ὅτι
2587 4429 2734 4484 Ὑπὸ
2764 4428 2874 4496 τὰς
2908 4429 3204 4497 πτέρυγας
3224 4423 3410 4480 αὐτοῦ
3446 4422 3691 4486 ἑλπιεῖς.
3726 4416 3862 4470 Πάλιν

2312 4524 2370 4577 δὲ
2408 4522 2502 4576 τοῦ
2541 4520 2819 4585 Μωῦσέως
2851 4520 2910 4572 ἐν
2937 4522 3004 4590 τῇ
3052 4517 3257 4589 μεγάλῃ
3306 4514 3416 4586 ᾠδῇ
3449 4513 3607 4565 τοῦτο
3652 4505 3859 4590 ὑπογρέ

630 4597 778 4668 quod
807 4613 835 4650 a
871 4597 1103 4653 Domino
1142 4598 1210 4651 ad
1239 4597 1640 4671 Jerosolymam
1691 4600 1941 4657 dicitur:
1993 4603 2199 4668 Quotie:

2324 4627 2536 4681 φοντος,
2570 4611 2628 4661 ἐν
2656 4604 2737 4672 οἷς
2760 4622 2943 4679 φησιν’
2973 4588 3062 4659 δτι
3080 4603 3230 4671 Διεὶς
3263 4603 3369 4667 τὰς
3387 4600 3680 4669 πτέρυγας
3709 4588 3861 4684 αὐτοῦ
3947 4669 3952 4674 ι

632 4690 772 4744 uolui
817 4689 1064 4759 colligere
1103 4690 1296 4746 liberos
1343 4701 1480 4757 tuos,
1525 4696 1967 4764 quemadmodum
2010 4696 2214 4767 gallina

633 4781 807 4850 pullos
863 4781 960 4835 sub
995 4781 1113 4836 alas
1159 4800 1286 4838 suas
1336 4786 1605 4856 colligit”
1633 4788 1646 4839 ι
1679 4787 1976 4843 abhorrere
2005 4790 2074 4844 ab
2113 4791 2216 4846 hac

641 4876 920 4930 sententia
953 4875 1139 4930 dicere
1168 4876 1296 4946 quis
1329 4878 1524 4946 possit,
1556 4879 2008 4949 consequentiam
2043 4881 2214 4950 ipsam

637 4968 881 5023 intuens.
908 4966 1092 5034 Quare
1125 4967 1173 5022 si
1201 4967 1546 5038 prolectusa
1574 4977 1768 5025 sancto
1799 4969 2006 5042 Spiritu
2038 4987 2219 5028 sermo

640 5058 853 5112 ratione
909 5055 1146 5126 quadam
1205 5055 1466 5112 ineﬂ‘abili
1517 5059 1702 5113 divina
1768 5060 1824 5114 in
1866 5067 2062 5114 natura
2097 5077 2237 5140 esse_

639 5151 754 5206 alas
781 5149 992 5214 deﬁnit,
1020 5158 1073 5204 et
1102 5148 1146 5204 si
1178 5149 1419 5218 primum
1473 5150 1606 5204 illud
1643 5151 1881 5207 hominis
1943 5153 2220 5222 opificium

641 5249 896 5304 testatur,
924 5249 1176 5296 naturam
1211 5250 1454 5294 nostram
1504 5240 1572 5294 ad
1620 5243 1914 5312 imaginem
1959 5245 2223 5298 similitu-

642 5331 936 5401 dinemque
968 5329 1066 5384 Dei
1094 5328 1297 5385 laetam
1328 5344 1453 5385 esse
1485 5348 1499 5384 :
1542 5332 1767 5385 omnino
1797 5339 1966 5402 patet,
2018 5333 2222 5388 factum

646 5421 714 5476 ad
747 5422 1039 5493 imaginem
1067 5419 1235 5491 hujus
1256 5421 1519 5478 habuisse
1543 5437 1641 5492 per
1662 5425 1848 5478 omnia
1871 5441 1998 5479 cum
2023 5428 2223 5482 arche-

647 5520 773 5583 typo
804 5529 906 5569 suo
932 5514 1374 5569 similitudinem.
1408 5515 1573 5584 Atqui
1606 5515 1725 5571 alas
1776 5515 2014 5571 habebat
2043 5535 2223 5574 exem-

650 5605 767 5672 plar
794 5605 1074 5672 princeps,
1109 5605 1176 5660 de
1215 5607 1487 5661 sententia
1528 5621 1815 5662 sacrarum
1847 5605 2179 5664 Litterarum
2211 5628 2225 5664 :

655 5691 861 5746 idcirco
907 5694 1156 5773 sequitur
1208 5696 1501 5749 lnnnanam
1564 5713 1784 5768 quoque
1843 5709 2092 5753 naturam
2149 5700 2229 5756 sic

2321 4703 2568 4767 ἐδέξατο
2599 4701 2842 4765 αὐτούς·
2879 4697 2972 4753 καὶ
3011 4697 3072 4750 τὸ
3104 4695 3254 4766 παρὰ
3281 4692 3372 4746 τοῦ
3406 4691 3608 4761 Κυρίου
3638 4685 3763 4758 πρὸς
3787 4682 3861 4749 τὴν

2335 4794 2693 4868 Ἰερουσαλὴμ
2717 4789 3026 4862 εἰρημένον,
3065 4789 3146 4842 ὅτι
3180 4784 3446 4848 Ποσάκις
3469 4783 3734 4850 ἠθέλησα
3760 4775 3861 4827 ἑπιο

2324 4884 2691 4955 συναγαγεῖν
2733 4882 2805 4936 τὰ
2842 4879 3025 4933 τέκνα
3049 4893 3186 4940 σου,
3217 4876 3289 4929 ὃν
3314 4875 3537 4944 τρόπον
3571 4872 3727 4940 ὄρνις
3749 4878 3863 4919 συν-

2326 4979 2454 5048 άγει
2475 4976 2548 5031 ’τὰ
2576 4974 2801 5030 νοσσία
2847 4971 2968 5026 ὑπὸ
2994 4968 3099 5034 τὰς
3128 4968 3423 5036 πτέρυγας
3456 4963 3643 5030 αὐτῆς
3670 4962 3689 5013 !
3718 4957 3860 5048 aqua:

2331 5045 2435 5138 ἔξω
2487 5067 2579 5122 τοῦ
2621 5062 2981 5136 προκειμένου
3029 5062 3299 5131 νοήματος
3343 5057 3486 5112 εἴποι
3527 5073 3607 5118 τις
3645 5053 3706 5106 ἂν
3734 5045 3858 5102 εἶναι,

2335 5163 2470 5235 πρὸς
2493 5161 2553 5213 τὸ
2579 5156 2866 5212 ἀκόλουθον
2892 5153 3123 5224 βλέπων.
3147 5153 3210 5204 Εἰ
3234 5151 3411 5204 τοίνυν
3437 5149 3576 5202 κατά
3599 5162 3714 5198 τινα
3737 5140 3862 5235 λόγως

2333 5231 2641 5323 ἀπόρρητον
2685 5246 2960 5315 πτέρυγας
3002 5239 3142 5296 εἶναι
3190 5241 3318 5311 περί
3354 5241 3452 5311 τὴν
3502 5237 3645 5290 θείαν
3686 5231 3860 5301 quam

2337 5320 2692 5402 θεόπνευστος
2724 5337 3017 5409 διορίζεται
3059 5334 3235 5403 λόγος’
3277 5335 3311 5404 ὴ
3361 5333 3414 5385 δὲ
3451 5329 3631 5403 πρώτη
3671 5320 3861 5412 τοῖιγὰνί

2338 5433 2556 5505 θρώπου
2607 5421 2917 5492 κατασκευὴ
2959 5425 3079 5478 κατ’
3115 5424 3299 5477 εἰκόνα
3346 5423 3438 5476 καὶ
3470 5420 3718 5491 ὁμοίωσιν
3754 5411 3858 5463 Θεοῦ

2335 5503 2662 5596 γεγενῆσθαι
2716 5519 2813 5590 τὴν
2860 5517 3018 5585 φύσιν
3070 5516 3226 5587 ἡμῶν
3281 5512 3629 5584 μαρτύρεται·
3678 5503 3860 5596 Δ’πάντᾳ

2336 5585 2424 5665 ὲτί
2451 5611 2539 5664 διὰ
2568 5607 2784 5662 πάντων
2814 5599 2927 5674 εἶχε
2961 5605 3082 5656 κατ’
3110 5603 3293 5656 εἰκόνα
3331 5601 3614 5671 γενόμενος
3639 5593 3732 5664 τὴν
3753 5585 3858 5658 πρὸς

2336 5701 2396 5755 τό
2423 5699 2728 5772 ἀρχέτυπον
2751 5695 3063 5766 ὁμοιότητα.
3109 5692 3269 5746 Ἀλλὰ
3304 5692 3412 5763 μὴν
3439 5689 3729 5759 ἐπτέρωται
3752 5675 3857 5734 κατὰ

729 5856 773 5888 ⁷⁹
797 5860 941 5920 i’sal.
969 5881 1066 5931 cn,
1093 5869 1182 5922 2|.
1259 5872 1302 5903 ⁸ο
1328 5871 1473 5950 Psal.
1510 5888 1619 5941 xw,
1647 5874 1700 5928 8.
1780 5874 1822 5907 ⁸³
1869 5873 2014 5930 Psal.
2069 5893 2232 5943 xxxv,
2270 5879 2321 5932 8.
2400 5879 2443 5910 θ’
2480 5878 2636 5933 Deut.
2668 5869 2976 5940 xxxltnll.‘
3034 5872 3080 5903 ⁸³
3112 5872 3301 5927 Matth.
3331 5885 3490 5935 xxm,
3533 5870 3614 5924 37.
