4018 6380
360 407 494 463 HM

1376 412 1446 467 IN
1477 412 1796 488 CANTICA,
1810 410 2081 470 CANTIC.
2117 411 2403 470 HOMILIA
2445 411 2541 468 XV

3476 419 3614 476 “01

352 526 455 595 τὴν
479 524 641 595 ἀγίαν
669 525 909 601 Γραφὴν,
934 530 992 584 τὸ
1016 530 1394 602 πρωτότυπον·
1421 533 1617 588 οὐκοῦν
1638 532 1934 604 πτερόεσσα

2044 532 2217 590 fuisse
2242 533 2541 599 conditam,
2565 540 2622 587 ut
2647 539 2791 589 esset
2821 533 2961 587 alata
2979 579 2994 604 ,
3032 547 3143 603 quo
3164 532 3426 589 nimirum
3447 535 3613 591 etiam

354 616 452 669 καὶ
481 618 514 686 ἡ
544 617 640 670 τοῦ
668 619 956 690 ἀνθρώπου
986 625 1400 696 κατεσκευάσθη
1426 626 1588 696 φύσις
1606 666 1621 688 ,
1647 626 1723 690 ὼς
1753 626 1819 679 ἂν
1844 626 1940 679 καὶ

353 708 414 760 ὲν
436 711 556 773 ταῖς
590 706 851 783 πτέρυξιν
863 713 992 784 -ἕχοι
1023 716 1084 769 τὸ
1115 717 1256 772 θεῖον
1281 719 1552 791 ὁμοίωμαο
1584 719 1747 791 δῆλον
1773 718 1829 771 δὲ
1855 720 1939 772 ὃτι

352 799 417 853 τὸ
451 802 739 873 πτερύγων
764 804 936 876 ὄνομα
962 807 1051 862 διά
1097 828 1240 874 τινος
1291 812 1557 883 τροπικῆς
1595 811 1830 883 θεωρίας
1861 811 1941 874 εἷς

354 910 421 946 τιν
445 893 746 966 θεοπρεπὲς
793 899 1265 971 μεταληφθήσεται
1310 903 1518 973 νόημα,
1551 901 1832 974 δυνάμεώς
1878 920 1940 956 τε

486 987 907 1058 μακαριότητος,
943 992 1039 1053 καὶ
1083 992 1395 1063 ἀφθαρσίας
1420 994 1514 1047 καὶ
1545 993 1653 1047 τῶν
1683 994 1940 1048 τοιούτων

348 1071 444 1125 διά
464 1072 560 1126 τοῦ
589 1075 850 1146 ὀνόματος
872 1078 982 1133 τῶν
1009 1080 1299 1151 πτερύγων
1325 1081 1743 1153 σημαινομένου.
1785 1083 1939 1136 Ἐπεὶ

346 1158 448 1215 οῦν
489 1163 663 1218 ταῦτα
710 1166 807 1220 καὶ
839 1170 968 1242 περὶ
998 1169 1091 1224 τὸν
1138 1170 1423 1243 ἄνθρωπον
1455 1168 1545 1244 ἦν,
1590 1174 1695 1236 ἓως
1735 1174 1824 1227 ὅτε
1862 1174 1940 1244 τῷ

346 1252 474 1322 Θεῷ
501 1253 589 1307 διά
632 1256 851 1312 πάντων
895 1260 1081 1330 ὅμοιος
1115 1255 1207 1331 ἦν·
1239 1261 1375 1332 μετά
1414 1261 1588 1316 ταῦτα
1635 1263 1693 1317 δὲ
1725 1265 1757 1335 ή
1803 1263 1940 1335 πρὸς

345 1345 455 1416 τὴν
481 1347 680 1402 κακίαν
706 1350 866 1421 ῥοπὴ,
885 1351 994 1404 τῶν
1017 1353 1269 1407 τοιούτων
1294 1354 1579 1426 πτερύγων
1618 1356 1766 1427 ἡμᾶς
1802 1357 1940 1410 ἀπε-

347 1435 617 1508 σύλησενο
660 1438 765 1503 ἔξω
796 1440 905 1511 γὰρ
940 1441 1040 1512 τῆς
1079 1442 1290 1515 σκέπης
1336 1444 1428 1497 τοῦ
1471 1444 1608 1499 Θεοῦ
1652 1444 1939 1516 πτερύγων

344 1525 673 1597 γενόμενοι,
719 1530 815 1583 καὶ¹
852 1529 963 1583 τῶν
1016 1531 1160 1586 ἰδίων
1204 1532 1492 1606 πτερύγων
1523 1535 1936 1608 ὲγυμνώθημεν·

342 1614 441 1669 διὰ
458 1616 617 1670 τοῦτο
644 1618 890 1691 ἐπεφάνη
916 1622 948 1691 ὴ
976 1623 1069 1676 τοῦ
1095 1624 1230 1678 Θεοῦ
1252 1624 1411 1696 χάρις
1434 1626 1741 1695 φωτίζουσα
1765 1630 1934 1700 ἡμᾶς,

343 1705 442 1760 ἵνα
461 1708 787 1780 ἀποθέμενοι
817 1712 915 1783 τὴν
945 1714 1219 1781 ἀσέϐειαν,
1245 1718 1341 1771 καὶ
1367 1717 1466 1781 τὰς
1508 1719 1780 1791 κοσμικὰς
1812 1722 1937 1774 ἐπι-

343 1796 576 1867 θυμίας,
602 1800 763 1854 πάλιν
797 1803 866 1855 δι’
902 1804 1180 1877 ὀσιότητός
1210 1824 1272 1859 τε
1314 1808 1409 1861 καὶ
1433 1806 1777 1879 δικαιοσύνης
1806 1828 1938 1864 πτε-

2040 621 2097 675 in
2137 622 2260 677 aliis
2286 621 2471 676 divina
2506 634 2632 674 cum
2661 628 2857 675 natura
2900 621 3315 677 similitudinem
3366 622 3614 678 haberet.

2040 712 2139 769 Est
2187 721 2368 769 autem
2416 712 2812 778 manifestum,
2866 714 3077 768 alarum
3131 714 3458 770 vocabulum
3521 729 3617 785 per

2042 802 2542 859 considerationem
2592 804 2883 874 quamdam
2935 803 3219 875 ﬁguratam
3278 803 3347 859 ad
3390 819 3614 860 sensum

2040 894 2153 950 Deo
2185 903 2615 950 consentaneum
2661 910 2785 952 esse
2814 895 3296 951 transferendum:
3329 895 3405 950 ita
3452 906 3511 950 ut
3563 905 3620 951 et

2041 992 2309 1056 potestas,
2340 991 2395 1040 et
2428 985 2731 1048 beatitudo,
2772 995 2826 1041 et
2859 994 3038 1041 status
3085 1002 3282 1056 expers
3332 987 3612 1054 interitus,

2040 1085 2094 1129 et
2132 1076 2238 1130 alia
2303 1076 2618 1145 bujusmodi
2669 1092 2766 1147 per
2816 1077 2921 1131 hoc
2962 1092 3160 1132 nomen
3210 1078 3614 1147 signiﬁcentur.

2040 1167 2177 1235 Quia
2230 1168 2421 1238 igitur-
2453 1168 2569 1223 tunc
2618 1158 2783 1224 etiam
2837 1178 2992 1225 erant
3049 1173 3105 1224 in
3162 1170 3404 1231 homine,
3448 1184 3612 1240 quam

2040 1259 2261 1328 quidem
2310 1260 2405 1313 diu
2439 1274 2535 1329 per
2566 1260 2750 1314 omnia
2783 1258 2896 1315 Deo
2947 1270 3067 1315 erat
3121 1261 3363 1316 similis:
3419 1277 3611 1316 verum

2039 1349 2237 1405 deinde
2281 1352 2347 1403 ad
2386 1350 2744 1405 vitiositatem
2786 1349 2926 1405 facta
2961 1350 3247 1405 inclinatio
3284 1351 3488 1406 talibus
3512 1366 3614 1406 nos

2040 1442 2143 1496 alis
2197 1441 2455 1506 spoliavit
2512 1441 2891 1514 (posteaquam
2964 1443 3109 1498 enim
3168 1451 3323 1498 extra
3393 1452 3609 1514 tegmen

2039 1532 2252 1587 alarum
2269 1524 2366 1589 Dei
2388 1548 2513 1591 esse
2535 1535 2826 1604 cmpimus,
2845 1535 3009 1590 etiam
3036 1536 3274 1605 pr0priis
3300 1536 3402 1589 alis
3422 1536 3609 1590 nudati

2039 1624 2278 1696 sumus),
2302 1624 2509 1681 idcirco
2539 1626 2634 1682 Dei
2661 1627 2835 1697 gratia
2861 1625 3130 1698 patefacta
3155 1636 3260 1691 cst,
3292 1627 3615 1682 illuminans

2038 1730 2162 1782 nos,
2195 1725 2255 1770 ut
2284 1717 2566 1788 impietate
2596 1720 3001 1791 mundanisque
3023 1720 3422 1790 cupiditatibus
3448 1720 3617 1789 depo-

2038 1806 2192 1871 sitis,
2247 1806 2470 1863 rursu’m
2505 1823 2603 1879 per
2650 1811 2997 1864 sanctitatem
3057 1824 3120 1865 ac
3165 1810 3439 1879 justitiam
3501 1811 3614 1865 alas

344 1891 733 1963 ροφυήσωμεν.
764 1895 972 1949 Οὐκοῦν
997 1898 1045 1950 εί
1072 1897 1245 1952 ταῦτα
1266 1899 1366 1969 τῆς
1386 1899 1643 1975 ἀληθείας
1668 1902 1769 1955 οὐκ
1802 1903 1934 1956 ἀπε-

2038 1898 2380 1970 proferamus
2409 1900 2477 1955 ".
2513 1902 2879 1969 Quamobrem
2924 1903 2972 1957 si
3004 1903 3120 1957 haec
3168 1903 3422 1959 veritatis
3458 1911 3613 1957 extra

344 1980 681 2049 σχοίνισται,
717 1986 916 2056 πρέπει
968 1988 1121 2061 παρά
1152 1990 1251 2061 τῆς
1296 1990 1514 2061 νύμφης
1561 1992 1937 2063 ὁμολογεῖσθαι
1982 2024 1987 2029 -

340 2070 447 2142 τὴν
479 2074 564 2125 ἐπ’
592 2074 758 2146 αὐτῆς
804 2079 1106 2151 γενομένην
1132 2081 1288 2151 παρά
1315 2081 1424 2136 τῶν
1458 2082 1616 2137 θείων
1644 2085 1937 2157 ὀφθαλμῶν

341 2165 529 2235 χάριν.
592 2164 756 2236 Ὁμοῦ
784 2184 844 2221 τε
871 2169 981 2240 γάρ
1024 2170 1235 2225 ἐπεῖδεν
1280 2172 1429 2243 ἡμᾶς
1464 2176 1576 2236 τοῖς
1615 2174 1713 2244 τῆς
1744 2174 1936 2244 φιλαν-

341 2253 596 2327 θρωπίας
636 2256 935 2330 ὀφθαλμοῖς
984 2261 1013 2314 ὀ
1060 2261 1224 2330 Θεὸς,
1283 2266 1377 2317 καὶ
1433 2266 1598 2335 ἡμεῖς
1646 2265 1789 2319 κατὰ
1837 2266 1937 2337 τὴν

338 2344 581 2416 ἀρχαίαν
618 2346 779 2419 χάριν
805 2349 1287 2423 ἀνεπτερώθημεν.
1328 2352 1514 2407 Ταῦτα
1542 2350 1635 2408 οὖν
1660 2351 1814 2426 οἶμαι
1846 2356 1936 2410 διὰ

339 2435 459 2488 τῶν
487 2438 794 2509 εἰρημένων
822 2440 915 2497 τὸν
946 2440 1106 2511 λόγον
1144 2442 1537 2510 ἐνδείκνυσθαι,
1570 2445 1606 2499 ἃ
1640 2446 1937 2519 προσευχό-

343 2543 513 2596 μενος
547 2528 577 2580 ὁ
603 2528 768 2582 Δαϐἰδ
791 2532 849 2584 έν
876 2530 1265 2606 έξεκαιδεκάτῃ
1303 2535 1592 2607 ψαλμῳδίςι
1632 2537 1767 2607 φησί
1800 2539 1936 2609 πρὸς

340 2617 553 2687 Κύριον
585 2657 601 2677 .
623 2618 707 2673 ὅτι
732 2623 797 2675 οι
819 2623 1117 2692 ὀφθαλμοίί
1133 2640 1249 2679 σου
1269 2625 1559 2680 ἰδέτωσαν
1574 2629 1932 2697 εὐθύτητας,

342 2713 453 2776 τὰς
494 2709 632 2781 ἐμὰς
660 2711 921 2783 δηλονότι.
994 2714 1392 2784 Ἐδοκίμασας
1412 2716 1521 2787 γὰρ
1543 2716 1659 2785 τὴν
1682 2718 1936 2787 καρδίαν

335 2813 484 2865 μου,
517 2799 703 2867 φησὶν,
737 2800 1060 2870 ἐπεσκέψω
1094 2805 1338 2871 νυκτός·
1364 2806 1682 2874 ἐπύρωσάς
1707 2824 1803 2877 με,
1834 2809 1932 2862 καὶ

341 2888 465 2956 οὐχ
497 2888 712 2957 εὑρέθη
740 2891 812 2945 ἐν
835 2893 962 2963 ἐμοὶ
988 2894 1208 2951 ἀδικία.
1243 2897 1384 2950 Ἴσον
1411 2896 1505 2951 οὖν
1533 2902 1697 2965 ἐστιν,
1736 2902 1929 2966 εἰπεῖν,

339 2977 432 3030 ὅτι
458 2976 523 3032 Οἱ
543 2979 840 3050 ὀφθαλμοί
866 2997 984 3037 σου
1014 2983 1305 3039 ἰδέτωσαν
1330 2987 1681 3055 εὐθύτητας·
1709 2990 1823 3057 καὶ,
1852 2992 1932 3045 ὅτι

344 3068 418 3121 Οἱ
444 3068 742 3139 ὀφθαλμοί
780 3085 899 3127 σου
943 3074 1012 3127 τὸ
1039 3074 1320 3129 ἐναντίον
1341 3075 1428 3144 μὴ
1468 3077 1926 3135 θεασάσθωσαν.

2035 1996 2211 2045 metas
2233 1990 2446 2059 prolata
2476 2006 2584 2046 non
2612 2001 2762 2056 sunt,
2786 1993 3043 2048 convenit
3072 1995 3175 2048 hoc
3199 1994 3323 2048 loco
3345 2002 3611 2056 statuere.

2035 2078 2196 2135 fateri
2247 2095 2508 2150 sponsam
2565 2082 2740 2152 ipsam
2796 2098 2904 2152 qua
2959 2084 3031 2139 sit
3064 2084 3132 2138 ab
3180 2085 3358 2139 oculis
3407 2085 3613 2140 divinis

2034 2171 2228 2227 aﬁ'ecla
2254 2173 2451 2243 gratia.
2487 2172 2662 2229 Simul
2693 2175 2839 2230 enim
2874 2185 2929 2230 et
2957 2176 3313 2246 benignitatis
3355 2191 3469 2232 suae
3509 2190 3613 2231 nos

2034 2263 2212 2317 oculis
2258 2263 2473 2333 aspexit
2503 2263 2665 2330 Deus,
2714 2272 2769 2319 et
2814 2258 2919 2320 nos'
2958 2265 3025 2318 ad
3058 2265 3368 2334 exemplum
3424 2265 3615 2335 gratiae

2034 2356 2278 2425 pristina
2298 2357 2416 2409 alas
2442 2356 2909 2425 recuperavimus.
2936 2356 3065 2412 Haec
3091 2356 3332 2411 arbitror
3354 2356 3612 2425 equidem

2035 2462 2134 2518 per
2161 2448 2278 2503 haec
2306 2447 2469 2503 verba
2517 2448 2838 2519 signiﬁcari,
2870 2464 2993 2519 quae
3049 2449 3307 2517 precibus
3343 2448 3512 2503 David
3554 2448 3610 2501 in

2035 2534 2246 2603 psalmo
2280 2551 2369 2589 xvt
2423 2537 2760 2605 complexus,
2806 2536 2874 2591 ad
2910 2535 3201 2592 Dominum
3234 2538 3308 2592 ait
3331 2537 3376 2569 ⁸⁵
3405 2555 3420 2591 :
3454 2535 3611 2591 Oculi

2035 2623 2113 2674 tui
2186 2623 2398 2678 videant
2468 2616 2846 2691 rc'ctitudines,
2913 2627 3173 2682 nimirum
3230 2642 3398 2683 meas.
3463 2626 3607 2680 Nam

2030 2714 2290 2782 probasti,
2335 2717 2430 2781 ait,
2472 2733 2564 2772 cor
2599 2732 2791 2783 meum,
2836 2725 2886 2769 et
2918 2716 3195 2783 inspexisti
3246 2725 3450 2769 noctu:
3492 2717 3611 2785 igne

2033 2821 2115 2858 me
2138 2807 2484 2870 examinasti,
2519 2816 2570 2861 et
2610 2822 2714 2861 non
2762 2816 2971 2872 reperta
3002 2815 3081 2860 est
3112 2807 3169 2859 in
3214 2823 3294 2860 me
3327 2807 3609 2876 iniquitas.

2042 2891 2139 2949 Est
2172 2896 2335 2964 igitur
2368 2898 2530 2959 idem,
2584 2901 2630 2954 si
2662 2901 2813 2957 dicas
2860 2919 2875 2955 :
2928 2902 3080 2957 Oculi
3113 2904 3190 2956 tui
3217 2905 3421 2957 videant
3464 2908 3622 2958 recti-

2043 2985 2250 3057 tpdines
2294 3002 2313 3041 :
2359 2995 2415 3042 et
2463 3006 2478 3044 :
2529 2988 2685 3044 Oculi
2732 2992 2812 3045 tui
2850 2995 3175 3047 contrarium
3220 3011 3323 3048 non
3363 3004 3612 3067 spectent.
3688 2991 3694 2999 ’

2034 3077 2170 3130 Nam
2200 3077 2294 3146 qui
2325 3082 2538 3132 rectum
2593 3076 2858 3138 intuetur,
2885 3075 3167 3144 obliquum
3201 3088 3312 3128 non
3346 3074 3516 3137 videt,
3555 3083 3612 3128 et

352 3157 419 3211 '0
453 3159 562 3231 γὰρ
591 3162 654 3215 τὸ
671 3161 830 3227 εὐθὲς
856 3163 1000 3229 ἰδὼν,
1030 3166 1241 3220 σκολιὸν
1262 3169 1363 3221 οὐκ
1387 3164 1511 3222 εἶδε·
1543 3170 1638 3223 καὶ
1664 3171 1928 3225 ὀ-σκολιδν

2036 3169 2126 3238 qui
2156 3168 2440 3237 obliquum
2480 3181 2589 3221 non
2620 3165 2788 3231 videt,
2831 3167 3059 3220 omnino
3110 3172 3321 3220 rectum
3376 3171 3609 3232 spectat.

344 3250 429 3322 μὴ
471 3252 693 3313 ἰδὼν,τὺ
721 3254 876 3318 esse;
918 3256 1134 3321 πάντως
1162 3258 1436 3314 τεθέαται.
1484 3260 1693 3315 Οὐκοῦν
1718 3262 1804 3315 διὰ
1831 3264 1928 3332 τῆς

2036 3259 2222 3330 Itaque
2259 3275 2357 3330 per
2383 3259 2804 3314 summotiouem
2844 3258 3128 3324 contrarii,
3168 3258 3376 3321 bonum
3407 3256 3610 3312 divinis

340 3342 441 3397 τοῦ
478 3344 746 3423 γὲναντίου
790 3347 1192 3419 ὑπεξαιρὼεως
1240 3351 1303 3405 τὸ
1351 3352 1553 3420 ἀγαθὸν
1600 3356 1709 3417 τοῖς
1760 3353 1927 3418 θείοις

341 3432 644 3505 ὀφθαλμοῖς
671 3436 1024 3506 ἐπιδείκνυσι,
1062 3440 1130 3495 δι’
1159 3434 1235 3495 ὧν
1265 3442 1662 3513 ἀναπτεροῦται
1702 3445 1863 3498 πάλιν
1892 3447 1925 3517 ὴ

341 3524 513 3595 ψυχὴ,
548 3527 582 3597 ὴ
625 3526 713 3582 διά
739 3524 837 3599 τῆς
863 3533 1145 3602 παρακοῆς
1168 3531 1279 3586 τῶν
1313 3535 1751 3605 πρωτοπλάστων
1795 3553 1926 3590 πτε-

344 3618 725 3688 ροῤῥυήσασα.
767 3620 940 3675 Τοῦτο
971 3623 1148 3677 τοίνυν
1174 3623 1261 3677 διὰ
1288 3627 1395 3677 τῶν
1425 3627 1731 3698 εἰρημένων
1765 3645 1926 3681 κατε-

343 3707 645 3778 νοήσαμεν*
667 3709 794 3763 Ὅτε
817 3711 867 3763 οἱ
883 3710 1155 3783 ὀφθαλμοί
1178 3729 1269 3766 σου
1290 3715 1377 3767 ἐπ’
1398 3715 1497 3786 ἐμὲ
1522 3716 1924 3781 ἐπιϐλέπουσιν,

343 3798 782 3871 ἀποστρέφονται
816 3789 924 3856 ἀπὸ
957 3804 1049 3856 τοῦ
1078 3805 1343 3858 ἐναντίου.
1387 3807 1461 3859 Οὐ
1486 3807 1593 3878 γὰρ
1624 3807 1844 3876 δψονταί
1875 3826 1928 3861 τι

343 3886 408 3940 ὲν
446 3887 570 3959 ἐμοὶ
610 3890 719 3943 τῶν
761 3893 1185 3963 ἐναντιουμένων
1236 3912 1347 3965 μοι.
1394 3896 1493 3949 Διά
1531 3896 1689 3951 τοῦτο
1721 3898 1929 3967 γίνεταί

348 3992 445 4046 μοι
482 3977 591 4030 ἀπὸ
628 3976 736 4033 τῶν
773 3980 1067 4050 ὀφθαλμῶν
1094 3998 1188 4034 σου
1209 4022 1222 4044 ,
1251 3982 1314 4034 τὸ
1360 3982 1523 4036 πάλιν
1549 3984 1926 4055 πτερωθῆναι,

346 4065 448 4119 καὶ
472 4068 761 4122 ἀναλαϐεῖν
785 4068 873 4122 διὰ
907 4070 1247 4139 τῶνάρετῶν
1271 4069 1371 4135 τὰς
1409 4072 1687 4143 πτέρυγας
1709 4074 1808 4145 τῆς
1830 4093 1930 4128 πε-

349 4162 630 4232 ριστερᾶς,
655 4159 722 4214 δι’
750 4161 817 4232 ἧς
845 4161 1048 4229 γίνεταί
1082 4148 1172 4233 μοῖ
1210 4163 1306 4233 τῆς
1340 4164 1587 4234 πτήσεως
1618 4166 1651 4236 ἡ
1680 4164 1928 4236 δύναμις

347 4250 491 4305 ὥστε
509 4250 846 4322 πετασθῆναι
865 4253 959 4306 καὶ
980 4253 1345 4317 καταπαῦσαι,
1379 4255 1593 4327 ἐκείνην
1620 4256 1818 4329 δηλαδὴ
1834 4258 1931 4330 τὴν

348 4342 714 4407 κατάπαυσιν,
754 4343 820 4414 ἢν
851 4344 1195 4400 κατέπαυσεν
1235 4348 1264 4399 ὀ
1300 4345 1431 4410 Θεὸς
1459 4347 1567 4401 ἀπὸ
1600 4347 1707 4402 τῶν
1751 4349 1933 4420 ἔργων

351 4433 543 4487 αὐτοῦ.

2035 3353 2090 3406 in
2115 3352 2292 3405 oculis
2322 3350 2680 3412 demonstrat,
2715 3364 2811 3419 per
2843 3364 2987 3419 quos
3015 3349 3131 3404 alas
3160 3349 3345 3403 anima
3371 3362 3607 3418 recupe-

2034 3450 2161 3506 rat,
2210 3456 2333 3509 quae
2379 3456 2476 3511 per
2538 3440 2966 3494 inobedientiam
3021 3441 3199 3508 primo
3259 3438 3611 3494 conditorum

2036 3531 2318 3586 hominum
2374 3546 2483 3584 non
2545 3530 2784 3599 amplius
2837 3529 2955 3583 alas
3013 3544 3043 3582 a
3104 3538 3300 3584 natura
3351 3529 3609 3585 habebat.

2037 3622 2219 3688 Quare
2247 3621 2330 3675 sic
2353 3620 2707 3690 intelligimus
2737 3619 2854 3673 haec
2894 3618 3082 3682 verba,
3108 3620 3267 3687 quasi
3292 3617 3566 3674 diceretur
3592 3636 3605 3670 :

2035 3711 2191 3766 Oculi
2217 3710 2295 3764 tui
2328 3723 2451 3763 cum
2485 3723 2571 3763 me
2608 3707 2931 3777 inspiciunt,
2965 3714 3290 3760 avertuntur
3330 3720 3360 3759 a
3390 3713 3614 3761 contra-

2034 3803 2138 3857 rio.
2168 3801 2287 3856 Non
2313 3801 2458 3855 enim
2506 3799 2773 3853 videbunt
2817 3797 2873 3851 in
2906 3812 2993 3852 me
3041 3796 3340 3866 quidquam
3391 3812 3607 3857 eorum.

2035 3910 2157 3964 quat
2187 3893 2319 3947 mihi
2370 3890 2651 3947 contraria
2697 3897 2849 3945 sunt.
2901 3884 3114 3944 Idcirco
3152 3890 3262 3945 tuis
3314 3890 3382 3944 ab
3431 3890 3611 3944 oculis

2037 3988 2143 4041 hoc
2174 3999 2507 4054 consequor,
2562 3990 2623 4037 ut
2675 3997 2895 4037 rursum
2946 3982 3362 4044 alas'habeam,
3411 3988 3466 4036 et
3512 3997 3611 4051 per

1996 4142 1997 4145 η
2035 4077 2268 4130 virtutes
2314 4088 2634 4143 recuperem
2685 4071 2802 4125 alas
2850 4072 3008 4139 ejus,
3045 4087 3168 4140 quae
3212 4079 3299 4125 est
3348 4078 3608 4138 tanquam

2038 4167 2329 4222 columba:
2382 4180 2492 4234 quo
2546 4164 2605 4218 ﬁt
2638 4171 2697 4217 ut
2744 4164 2934 4217 volare
2980 4162 3209 4232 possim,
3264 4176 3327 4215 ac
3367 4160 3610 4214 vicissim

2039 4260 2362 4329 quiescere:
2397 4256 2581 4326 quiete
2610 4255 2703 4311 illa
2740 4256 3023 4318 nimirum.
3065 4267 3173 4323 qua
3210 4252 3366 4309 Deus.
3385 4253 3452 4306 ab
3482 4267 3616 4322 ope-

2038 4352 2192 4406 ribus
2219 4351 2335 4403 suis
2364 4349 2591 4418 quievit.

424 4518 595 4578 Πάλιν
636 4524 694 4577 δὲ
738 4523 879 4593 μετὰ
921 4524 1019 4587 τάς
1049 4526 1230 4594 φωνὰς
1257 4525 1459 4590 ταύτας
1503 4529 1536 4598 ή
1573 4527 1667 4581 τοῦ
1705 4528 1932 4594 κάλλους

2108 4527 2377 4581 Caeterum
2409 4533 2531 4595 post
2557 4525 2673 4579 lucc
2704 4525 2869 4578 verba
2902 4538 3123 4578 rursum
3154 4523 3456 4592 descriptio
3486 4525 3612 4593 pul-
3672 4578 3677 4581 _

352 4616 453 4687 τῆς
481 4615 700 4686 νύμφης
733 4615 1026 4688 ὑπογραφὴ
1053 4616 1378 4687 διαδέχεται,
1422 4618 1531 4671 τῶν
1559 4621 1647 4682 εἰς
1665 4619 1762 4691 τὴν
1785 4619 1934 4692 ὥραν

355 4706 519 4760 αὐτοῦ
572 4706 965 4761 συντελούντων
1009 4707 1237 4761 ἕκαστον
1306 4708 1396 4762 διά
1434 4725 1578 4773 τινος
1626 4710 1937 4781 προσφυῶς

354 4794 666 4866 ὁμοιώσεως
704 4796 800 4851 τοῦ
836 4797 995 4866 λόγου
1037 4797 1405 4867 σεμνύνοντος.
1463 4800 1792 4853 Ἐπαινεῖται
1825 4799 1934 4870 γὰρ

355 4887 525 4958 αὐτῆς
550 4886 661 4942 τῶν
691 4905 751 4942 τε
788 4888 990 4959 τριχῶν
1014 4889 1075 4942 τὸ
1120 4889 1346 4953 κάλλος,
1383 4890 1473 4942 καὶ
1512 4890 1620 4946 τῶν
1645 4891 1870 4944 ὀδόντων
1898 4892 1932 4962 ἡ

358 4977 526 5052 θέσις,
556 4980 651 5032 καὶ
677 4979 740 5033 τὸ
762 4979 858 5032 ἐπὶ
884 4979 977 5033 τοῦ
1020 4979 1228 5049 χείλους
1270 4979 1448 5044 ἄνθος,
1484 4981 1576 5034 καὶ
1606 4982 1667 5034 τὸ
1698 4982 1795 5053 ἡδὺ
1832 4981 1933 5050 τῆς

360 5066 564 5137 φωνῆς,
603 5070 702 5139 τῆς
734 5087 794 5123 τε
819 5070 1054 5139 παρειᾶς
1078 5070 1136 5123 τὸ
1157 5070 1429 5143 ἐρύθημα.
1476 5071 1535 5124 'O
1561 5071 1617 5124 δὲ
1653 5072 1779 5143 περὶ
1802 5071 1933 5125 ἑκά-

361 5172 487 5211 στου
518 5159 626 5212 τῶν
663 5160 969 5231 εἰρημένων
1013 5162 1253 5227 ἔπαινος,
1296 5161 1383 5214 διά
1418 5177 1562 5224 τινος
1598 5161 1932 5232 καταλλήλου

362 5240 698 5318 συγκρίσεώς
713 5266 773 5302 τε
800 5251 893 5304 καὶ
922 5250 1278 5323 παραθέσεως
1306 5251 1605 5321 πληροῦται
1628 5253 1694 5323 τῇ
1722 5251 1928 5325 νύμφῃ.

361 5339 427 5390 Αἰ
457 5338 551 5408 μὲν
577 5339 687 5411 γάρ
730 5341 916 5411 τρίχες
940 5338 1162 5411 ἀγέλαις
1182 5341 1353 5410 αἰγῶν
1390 5345 1510 5406 ταῖς
1545 5342 1934 5411 ἀναφανείσαις

363 5425 469 5478 ἀπὸ
490 5425 584 5478 τοῦ
617 5426 828 5481 Γαλαὰδ
856 5428 1236 5498 ὡμοιώθησαν·
1269 5431 1325 5482 αἱ
1366 5428 1423 5482 δὲ
1451 5428 1560 5483 τῶν
1584 5430 1940 5501 κεκαρμένων

366 5514 553 5585 ἀγέλαι
580 5517 820 5589 διδύμοις
861 5520 1041 5584 τόκοις
1072 5519 1536 5590 ὲπαγαλλόμεναι,
1569 5519 1632 5573 τὸ
1654 5519 1763 5574 τῶν
1788 5519 1938 5573 ὀδόν-

366 5619 472 5660 των
490 5606 764 5680 ἐγκώμιον
796 5609 1062 5682 πληροῦσι
1092 5611 1181 5665 διά
1200 5613 1300 5680 τῆς
1323 5609 1656 5681 ὁμοιώσεως⁸
1695 5611 1940 5683 σπαρτίῳ

441 5787 490 5821 ⁸⁵
514 5789 621 5845 Tit.
658 5806 719 5855 tl,
762 5790 848 5843 1'2.
924 5788 969 5819 ⁸³
1010 5786 1155 5842 Psal.
1181 5803 1293 5854 xvi,
1325 5788 1382 5854 ἓ,
1412 5787 1445 5841 5

2039 4617 2372 4671 chritudinis
2426 4631 2648 4685 sponsae
2698 4614 2981 4679 succedit,
3030 4622 3085 4667 et
3127 4613 3341 4684 singula
3390 4629 3510 4679 quae
3542 4614 3608 4668 ad

2038 4710 2362 4779 elegantiam
2409 4707 2585 4778 ipsius
2650 4705 2829 4761 facere
2874 4713 3133 4775 possunt,
3198 4715 3324 4774 apta
3372 4706 3610 4774 quadam

2039 4800 2396 4857 similitudine
2443 4806 2728 4854 ornantur.
2768 4794 2904 4850 Nam
2932 4804 2988 4851 et
3045 4811 3327 4851 comarum
3359 4797 3478 4863 ejus
3516 4811 3615 4850 ve-

2039 4903 2234 4948 nustas
2270 4891 2545 4955 laudatur,
2589 4898 2645 4945 et
2687 4889 2932 4945 dentium
2970 4888 3280 4951 collocatio,
3328 4894 3382 4941 et
3434 4886 3534 4941 ﬂos
3556 4886 3612 4940 in

2039 4984 2217 5047 labro,
2245 4990 2301 5039 et
2343 4983 2495 5059 vocis
2530 4981 2793 5045 suavitas,
2826 4989 2880 5035 et
2910 4993 3170 5049 genarum
3217 4976 3407 5032 rubor.
3435 4976 3614 5045 Atque

2038 5076 2233 5130 horum
2263 5074 2507 5129 omnium
2548 5074 2670 5128 laus
2726 5086 2824 5141 per
2856 5070 3269 5126 convenientem
3317 5067 3611 5137 quamdam

2039 5164 2502 5233 comparationem
2537 5176 2755 5232 sponsa:
2813 5158 3130 5215 assolvitur.
3162 5155 3373 5212 Etenim
3424 5156 3613 5226 capilli

2039 5254 2220 5323 capris
2252 5253 2320 5307 de
2346 5251 2550 5306 Galaad
2578 5248 3000 5321 conspiciendas
3038 5262 3098 5302 se
3124 5246 3498 5317 praebentibus
3525 5262 3615 5302 as-

2041 5344 2391 5400 similantur:
2423 5350 2712 5399 tonsarum
2737 5356 2870 5397 vero
2897 5353 3111 5413 greges,
3142 5338 3375 5409 geminis
3412 5336 3616 5393 fetibus
3708 5348 3711 5352 '

2037 5434 2356 5505 gaudentes,
2386 5434 2696 5489 encomium
2733 5433 2977 5487 dentium
2999 5430 3323 5486 conﬁciunt.
3342 5426 3614 5481 Funiculo

2038 5524 2275 5594 denique
2305 5521 2566 5579 coccineo
2597 5521 2802 5577 labium
2855 5527 3206 5589 comparatur
3234 5534 3248 5573 :
3288 5525 3345 5573 et
3377 5531 3474 5587 per
3500 5515 3616 5569 θοις

2039 5616 2296 5672 lationem
2329 5630 2453 5672 cum
2485 5613 2616 5669 mali
2667 5612 2850 5683 punici
2883 5612 3093 5669 cortice
3133 5624 3400 5683 genarum
3446 5618 3616 5662 orna-
