4018 6374
523 396 661 449 Ητῗεῦ

1770 391 1826 447 S.
1862 390 2189 450 CREGORII
2210 395 2513 453 'NYSSENI

3641 358 3779 471 una

519 515 765 560 mentum
799 501 1090 556 indicatur.
1124 500 1301 555 Verba
1352 506 1482 555 sunt.
1526 500 1840 569 huiusmodi
1873 521 1886 555 :
1928 502 2097 557 Coma

2198 506 2252 560 δὲ
2283 507 2613 577 κοκκοσαφεί
2645 506 2704 559 τὸ
2745 505 2919 575 χεῖλος
2969 502 3280 571 εἰκάζεται,
3311 502 3399 560 κα⁸
3443 500 3524 575 τῷ
3549 503 3763 575 λεπύρφ

520 606 610 650 tua
639 594 781 649 velut
800 610 981 665 greges
1016 607 1323 660 caprarum,
1360 608 1477 661 (μιαν
1493 603 1851 660 apparuerunt
1895 593 1959 646 de
1989 594 2097 648 Ga-

519 686 667 740 laad.
726 686 915 739 Dentes
969 684 1045 737 tui
1095 685 1232 736 sicut
1283 700 1461 754 greges
1517 692 1815 747 tonsuram,
1872 701 1988 755 quit
2033 688 2097 740 de

521 783 730 832 lavacro
769 776 1139 840 ascenderunt,
1182 785 1232 830 et
1281 792 1459 830 omnes
1510 776 1647 844 fetus
1718 777 1965 845 gemellos
1999 778 2097 831 Im-

520 873 712 931 bentes.
748 885 910 939 neque
955 869 1151 923 sterilis
1179 870 1318 922 inter
1348 884 1438 921 eas
1471 869 1587 921 ulla
1631 877 1729 922 est.
1777 867 1954 922 Labra
2003 880 2094 922 tua

516 970 639 1014 sunt
672 961 843 1013 instar
871 958 1099 1028 funiculi
1134 959 1385 1021 coccinei,
1421 966 1471 1011 et
1504 958 1712 1027 loquela
1748 967 1839 1012 tua
1883 960 2094 1027 elegans

512 1060 612 1103 est.
650 1047 811 1101 Malae
840 1057 944 1101 tua!
967 1048 1143 1099 instar
1170 1047 1385 1100 corticis
1421 1048 1554 1099 ntali
1581 1048 1783 1114 punici,
1818 1058 2014 1115 praeter
2038 1047 2093 1100 id

514 1139 651 1211 quod
684 1141 739 1193 in
770 1150 817 1192 le
858 1138 1129 1192 reticetur.
1162 1136 1294 1203 Quae
1325 1140 1509 1192 omnia
1538 1153 1662 1191 cum
1717 1139 1973 1208 superius
2004 1155 2095 1194 sa-

514 1236 585 1287 tis
618 1229 929 1301 indaganda
951 1230 1060 1284 sint
1081 1230 1375 1299 explicata,
1399 1244 1872 1299 supervacaneum
1904 1230 2092 1293 fuerit,

512 1323 829 1378 earumdem
861 1322 1391 1391 contemplationum
1429 1323 1752 1391 repetitione
1784 1323 2092 1377 molestiam

512 1417 746 1469 orationi
769 1422 973 1468 nostra
997 1413 1236 1483 aliquam
1264 1428 1472 1468 creare.
1506 1412 1663 1478 Quod
1695 1415 1742 1468 si
1764 1414 1889 1483 quis
1912 1424 2095 1468 tamen

511 1506 674 1561 etiam
710 1504 875 1559 modo
891 1504 999 1559 dici
1034 1504 1287 1558 nonnihil
1314 1504 1381 1558 de
1404 1504 1595 1558 iisdem
1619 1507 1851 1575 expetit,
1873 1516 2095 1577 propter

512 1611 629 1659 eos,
657 1596 750 1666 qui
784 1610 961 1665 nuper
992 1609 1092 1650 nos
1132 1608 1240 1649 non
1276 1593 1576 1649 audivere:
1616 1596 1858 1651 breviter
1896 1598 2091 1651 borum

511 1687 863 1757 aenigmatum
899 1684 1227 1739 sententiam
1271 1674 1685 1753 percuriemus.
1720 1682 1922 1754 Capilli
1967 1699 2095 1738 cor-

514 1779 666 1848 poris
693 1778 1024 1847 peculiarem
1056 1774 1347 1845 quamdam
1379 1782 1433 1828 et
1461 1775 1741 1831 diversam
1795 1789 1826 1827 a
1874 1776 2090 1844 reliquo

2198 598 2299 666 τῆς
2340 598 2468 665 ῥόας
2506 600 2539 668 ἡ
2593 595 2797 666 παρειὰ
2828 596 3246 661 καλλωπίζεται.
3281 594 3434 665 Ἔχει
3464 594 3525 647 δὲ
3553 596 3589 664 ἡ
3626 593 3764 658 λέξις

2196 690 2396 755 οὔτως·
2423 691 2689 761 Τρίχωμά
2723 709 2840 746 σου
2881 691 3088 761 ἀγέλαι
3123 691 3245 745 τῶν
3271 691 3473 762 αἰγῶν,
3530 690 3599 745 αι
3638 691 3764 745 ἀνε-

2196 778 2480 847 φάνησαν
2500 780 2618 833 ἀπὸ
2640 778 2748 832 τοῦ
2775 778 3038 833 Γαλαὰδ.
3081 778 3338 843 Ὁδόντες
3374 793 3490 832 σου
3528 779 3615 844 ὡς
3634 777 3763 845 ἀτι-

2194 872 2293 921 .Iaz
2321 866 2441 920 τῶν
2479 868 2876 937 κεκαρμένων,
2904 868 2967 921 αἳ
2990 868 3295 936 ἀνέϐησαν
3329 866 3446 922 ἀπὸ
3479 865 3594 921 τοῦ
3629 870 3762 921 ,ιου-

2195 957 2357 1026 τροῦ,
2384 961 2443 1011 al
2468 958 2662 1012 πᾶσαι
2686 959 3141 1028 διδυμεύουσαι,
3167 958 3266 1013 καί
3289 958 3634 1014 ἀτεκνοῦσα
3659 960 3764 1011 οὐκ

2193 1048 2367 1102 ἐστιν
2396 1049 2466 1102 ἐν
2507 1049 2738 1114 αὐταῖς.
2796 1050 2889 1115 Ὠς
2924 1051 3222 1118 σπαρτίον
3265 1051 3553 1103 κόκκινον
3597 1048 3763 1119 χειλη

2193 1157 2331 1198 σου.
2366 1142 2464 1197 καί
2496 1144 2537 1211 ή
2561 1142 2747 1209 λαλιά
2786 1157 2904 1197 σου
2943 1142 3144 1211 ὡραία.
3199 1140 3293 1208 Ὠς
3330 1140 3602 1207 λέπυρον
3620 1141 3765 1208 ῥόας

2184 1234 2390 1303 μῆλόν
2410 1248 2548 1295 σου,
2575 1232 2881 1301 ἐκτὸς-τῆς
2912 1230 3274 1299 σιωπήσεώς
3298 1247 3435 1287 σου.
3461 1225 3566 1285 Ὧν
3594 1229 3763 1285 ἁπάν-

2191 1339 2299 1375 των
2343 1324 2401 1376 ὲν
2421 1324 2532 1386 τοῖς
2570 1322 2839 1390 φθάσασιν
2870 1321 3072 1386 ἱκανῶς
3104 1321 3489 1392 ὲξητασμένων
3516 1320 3767 1391 περιττὸν

2192 1411 2259 1466 ἃν
2298 1412 2383 1483 εἴη
2414 1412 2504 1466 διὰ
2529 1412 2631 1483 τῆς
2653 1412 2764 1466 τῶν
2793 1413 2972 1467 αὐτῶν
3013 1412 3385 1483 θεωρημάτων
3422 1412 3765 1480 παλιλλογίας

2190 1501 2347 1573 ὄχλον
2395 1505 2780 1572 ἐπεισαγαγεῖν
2813 1503 2893 1575 τῷ
2937 1503 3096 1574 λόγῳ.
3126 1504 3190 1556 Ei
3215 1504 3270 1555 δέ
3307 1503 3513 1566 τιςικαὶ.
3545 1501 3641 1555 νῦν
3677 1502 3766 1554 τὸν

2192 1596 2324 1666 περὶ
2365 1594 2476 1648 τῶν
2502 1595 2686 1649 αὐτῶν
2710 1595 2867 1664 λόγον
2895 1595 3177 1667 ὲπιξητοίη
3214 1594 3499 1663 γενέσθαι,
3528 1595 3622 1648 διὰ
3648 1595 3765 1658 τοὺς

2193 1686 2459 1755 ἀνηκόους
2488 1685 2598 1739 τῶν
2626 1686 2860 1756 πρώτων
2889 1688 2970 1751 είς
2999 1688 3068 1741 τὰ
3102 1686 3242 1758 ῥητὰ
3264 1685 3437 1740 ταῦτα
3468 1685 3765 1755 θεωρηθέν-

2193 1791 2319 1829 των·
2347 1776 2417 1830 δι’
2442 1777 2637 1845 ὀλίγων
2663 1777 2763 1849 τὴν
2793 1777 3029 1832 διάνοιαν
3050 1777 3159 1830 τῶν
3189 1779 3525 1848 αἰνιγμάτων
3549 1776 3765 1847 ἐπιδρα-

513 1884 743 1939 i-orpore
775 1876 1026 1923 naturam
1060 1866 1282 1920 habent.
1317 1862 1453 1918 Nam
1481 1880 1607 1919 cum
1642 1880 1846 1935 corpus
1875 1866 2095 1920 univer-

2198 1867 2469 1938 μούμεθα.
2493 1870 2562 1923 Ai
2589 1869 2776 1938 τρίχες
2817 1869 2912 1922 τοῦ
2955 1868 3205 1940 σώματος
3252 1867 3561 1932 ἰδιάζουσαν
3590 1869 3764 1938 ἔχουσι

512 1977 633 2016 sum
670 1962 752 2015 vis
782 1959 1006 2014 sensilis
1038 1958 1324 2028 gubernet,
1347 1958 1557 2027 absque
1590 1973 1697 2027 qua
1725 1973 1885 2013 nemo
1909 1959 2094 2013 vivere

513 2061 719 2122 posset,
749 2051 894 2121 quod
950 2065 1149 2105 sensus
1193 2049 1311 2119 ipse
1342 2051 1415 2105 sit
1459 2050 1571 2103 vita
1603 2050 1899 2118 corporis;
1943 2050 2093 2106 solos

511 2143 739 2211 capillos
767 2140 1018 2194 videmus
1045 2146 1101 2193 et
1130 2146 1345 2207 partem
1379 2138 1634 2207 corporis
1666 2154 1812 2202 esse,
1841 2148 1896 2193 et
1926 2153 2091 2193 sensu

510 2244 692 2289 tamen
719 2247 927 2287 carere.
964 2231 1140 2301 Atque
1177 2231 1319 2285 hanc
1348 2232 1525 2301 partis
1573 2231 1739 2301 hujus
1787 2232 2095 2303 proprieta-

509 2336 618 2379 tem
643 2338 787 2388 esse,
808 2322 1051 2406 declarat
1076 2324 1181 2377 hoc
1198 2323 1405 2392 ipsum,
1427 2323 1572 2393 quod
1602 2338 1782 2393 neque
1804 2325 2094 2379 exustione

395 2434 404 2442 ·
510 2432 687 2486 neque
736 2416 1002 2480 sectione,
1046 2414 1246 2484 reliqui
1295 2414 1549 2484 corporis
1596 2416 1795 2481 instar,
1847 2415 2093 2470 dolorem

509 2506 1059 2579 capillipercipiant.
1094 2504 1282 2575 Itaque
1334 2520 1459 2560 cum
1517 2506 1587 2560 de
1634 2508 1907 2561 sententia
1961 2508 2093 2563 dicti

511 2601 726 2656 Paulini
750 2601 821 2663 ⁸⁸,
869 2599 1041 2669 gloria
1096 2598 1347 2653 mulieris
1384 2597 1466 2653 sit
1507 2614 1686 2663 coma,
1732 2599 1936 2670 quippe
1973 2616 2095 2670 quae

509 2708 611 2764 per
644 2693 936 2747 cincinnos
979 2697 1148 2761 caput
1198 2700 1467 2747 exornet:
1499 2690 1766 2746 docemur
1799 2709 1894 2763 per
1950 2694 2097 2748 hanc

511 2783 839 2853 capillorum
866 2796 1088 2850 sponsae
1116 2779 1591 2851 przedicationcm.
1620 2782 1823 2838 debere
1851 2785 1974 2840 illos
2000 2787 2092 2855 qui

514 2875 567 2926 in
597 2875 781 2943 capite
829 2888 1045 2942 sponsa:
1076 2888 1198 2928 esse
1256 2874 1660 2944 intelliguntur,
1708 2883 1763 2928 et
1811 2890 1907 2946 per
1953 2891 2095 2946 quos

514 2965 689 3034 gloria
723 2965 983 3017 Ecclesia!
1016 2963 1248 3027 accedit,
1286 2964 1490 3020 habere
1527 2982 1726 3022 sensus
1769 2967 1826 3021 in
1857 2977 2096 3037 potesta-

518 3068 573 3110 te
589 3069 924 3125 sua,perque
945 3057 1269 3124 sapientiam
1297 3071 1518 3111 sensum
1549 3059 1829 3113 occultare
1857 3076 1871 3113 :
1903 3075 2095 3129 quem-

516 3146 811 3201 admodum
864 3146 1002 3200 liher
1038 3145 1459 3200 Proverbiorum
1517 3148 1789 3218 loquitur,
1817 3164 1941 3203 cum
1973 3150 2089 3204 ait:

517 3240 787 3309 Sapientes
877 3239 1206 3292 abscondunt
1269 3255 1481 3295 sensum
1518 3240 1614 3290 "z
1675 3240 1933 3295 nimirum
1997 3242 2092 3312 qui

517 3351 626 3388 non
690 3348 755 3386 ex
814 3347 1037 3403 aspectu
1080 3332 1148 3386 de
1197 3332 1341 3387 bono
1388 3333 1660 3402 judicium
1707 3334 1935 3398 faciunt,
1982 3352 2092 3390 non

517 3431 737 3493 gustatu
798 3424 1007 3477 bonum
1077 3424 1401 3489 explorant,
1457 3438 1565 3477 non
1642 3424 1935 3489 odoratui,
1984 3442 2094 3480 non

517 3516 709 3581 tactui,
759 3531 879 3569 non»
917 3514 1142 3571 alterius
1184 3529 1383 3570 sensus
1422 3529 1635 3584 organo
1672 3517 2093 3571 aestimationem

487 3638 491 3640 ν
520 3610 643 3663 honi
679 3609 1043 3678 permittunt;
1094 3606 1188 3662 sed
1222 3609 1372 3660 omni
1408 3621 1575 3661 sensu
1618 3607 1969 3685 mortiﬁcata,
2001 3622 2097 3675 per

519 3702 699 3755 solum
726 3701 970 3754 animum
989 3699 1184 3757 .oblata
1225 3698 1394 3751 menti
1426 3698 1570 3752 bona
1606 3700 2016 3766 amplectuntur
2042 3705 2099 3749 et

518 3800 818 3864 expetunt:
875 3800 1043 3862 atque
1097 3790 1205 3844 hoc
1258 3790 1425 3844 modo
1450 3790 1734 3843 mulierem
1771 3789 1944 3851 illam,
1975 3803 2099 3858 qua:

520 3892 605 3937 est
634 3881 901 3943 Ecclesia,
931 3879 1106 3950 gloria
1139 3876 1375 3949 quadam
1410 3887 1705 3942 exornant,
1762 3894 1871 3933 non
1926 3878 2099 3931 hono-

519 3974 673 4031 ribus
698 3973 1152 4035 intumescentes,
1185 3984 1363 4039 neque
1393 3985 1490 4038 per
1529 3970 1895 4039 abjectionem
1928 3970 2095 4023 animi

522 4067 689 4120 rebus
719 4063 977 4116 tristibus
1006 4062 1061 4114 in
1085 4071 1376 4128 angustum
1409 4062 1586 4113 coacti
1612 4078 1627 4127 ;
1654 4061 1747 4115 sed
1772 4063 1824 4113 in
1850 4060 2098 4115 adversis

521 4155 740 4210 casibus
769 4153 1098 4221 capillorum
1121 4150 1299 4206 instar
1321 4165 1381 4203 se
1407 4165 1606 4204 sensus
1626 4159 1886 4220 expertes
1913 4150 2099 4203 decla-

521 4255 725 4304 rantes,
750 4241 967 4296 etiamsi
991 4240 1074 4294 vel
1095 4240 1269 4303 sectio
1288 4248 1512 4311 propter
1532 4241 1691 4295 iidem
1715 4243 1769 4295 in
1791 4242 2096 4306 Christum,

524 4338 606 4390 vel
643 4334 707 4387 ad
760 4333 989 4394 bestias,
1022 4332 1108 4386 vel
1141 4332 1196 4385 in
1248 4331 1428 4402 ignem
1464 4333 1721 4401 ‘ahjeclio
1773 4330 2098 4402 perferenda

524 4430 616 4483 sit.
651 4425 797 4479 Talis
824 4432 943 4477 erat
973 4422 1122 4477 Elias
1175 4422 1288 4489 ille,
1318 4424 1411 4493 qui
1464 4424 1532 4476 de
1567 4423 1773 4477 Galaad
1828 4423 2096 4485 ascendit,

2193 1959 2343 2030 παρὰ
2383 1959 2444 2014 τὸ
2495 1960 2681 2015 λοιπὸν
2714 1961 2873 2031 σῶμα
2913 1961 3012 2033 τὴν
3049 1961 3231 2030 φύσιν.
3281 1961 3490 2025 Παντὸς
3533 1961 3659 2033 γὰρ
3674 1959 3764 2014 τοῦ

2195 2051 2446 2121 σώματος
2475 2053 2764 2124 αἱσθητικῇ
2800 2052 3026 2123 δυνάμει
3057 2052 3499 2122 διακονουμένου,
3532 2048 3605 2124 ἦς
3643 2052 3761 2106 ἄνευ

2191 2142 2287 2196 τοῦ
2317 2144 2420 2213 ζῇν
2447 2143 2610 2213 φύσιν
2650 2145 2751 2198 οὐκ
2778 2144 2910 2215 ἔχει·
2948 2143 3060 2215 ζωὴ
3083 2144 3193 2216 γὰρ
3223 2142 3318 2197 τοῦ
3347 2142 3599 2215 σώματός
3627 2146 3767 2197 ἐστιν

2191 2232 2234 2310 ἡ
2270 2233 2547 2304 αἴσθησις·
2597 2235 2763 2305 μόνας
2804 2234 3020 2305 ὁρῶμεν
3073 2236 3173 2299 τὰς
3219 2235 3413 2306 τρίχας
3467 2235 3565 2289 καὶ
3606 2236 3764 2308 μέρος

2190 2322 2358 2387 οὕσας
2408 2324 2503 2378 τοῦ
2565 2324 2840 2395 σώματος,
2907 2324 3003 2379 καὶ⁵
3057 2324 3390 2396 ἁμοιρούσας
3443 2326 3762 2397 αίσθήσεως.

2192 2417 2446 2471 Δείκνυσι
2486 2416 2545 2470 δὲ
2574 2417 2776 2487 ταύτην
2817 2418 2909 2471 ἐπὶ
2946 2415 3040 2471 τοῦ
3070 2417 3269 2489 μέρους
3294 2417 3484 2471 τούτου
3516 2418 3617 2490 τὴν
3650 2419 3764 2473 ίδιόο

2192 2527 2351 2581 τητα,
2393 2509 2454 2563 τὸ
2505 2510 2642 2579 μήτε
2688 2510 2778 2564 διὰ
2819 2509 3069 2574 καύσεως
3120 2511 3258 2581 μήτε
3301 2509 3389 2564 διὰ
3431 2510 3611 2582 τομῆς
3650 2510 3767 2564 καθ’

2192 2603 2487 2673 ὁμοιότητα
2528 2601 2623 2655 τοῦ
2674 2602 2837 2656 άλλου
2874 2600 3125 2673 σώματος
3169 2603 3263 2656 καὶ
3303 2602 3505 2666 ταύτας
3548 2584 3766 2671 ἀλγύνε-

2195 2693 2339 2747 σθαι.
2383 2692 2603 2762 Ὲπειδὴ
2635 2692 2816 2745 τοίνυν
2864 2691 3007 2745 κατὰ
3045 2694 3146 2763 τὴν
3171 2691 3385 2746 Παύλου
3420 2691 3625 2764 φωνὴν,
3646 2692 3765 2758 δόξα

2192 2785 2291 2857 τῆς
2313 2784 2570 2853 γυναικός
2620 2786 2768 2837 ἐστιν
2796 2784 2830 2853 ἠ
2878 2785 3044 2855 κόμη,
3071 2783 3163 2837 διὰ
3196 2783 3306 2837 τῶν
3334 2783 3634 2854 πλοκάμων
3668 2784 3764 2853 τὴν

2194 2876 2432 2946 κεφαλὴν
2473 2874 2783 2945 ὼραῖζουσα
2802 2892 2817 2907 ο
2862 2874 3022 2929 τοῦτο
3047 2875 3134 2928 διὰ
3159 2873 3258 2928 τοῦ
3288 2874 3509 2929 ἐπαίνου
3538 2874 3649 2929 τῶν
3671 2873 3765 2943 τῆς

2193 2967 2410 3039 νύμφης
2444 2968 2645 3041 τριχῶν
2676 2967 3061 3038 διδασκόμεθα,
3096 2968 3179 3021 δτι
3223 2968 3329 3038 χρὴ
3364 2968 3492 3031 τοὺς
3522 2967 3649 3039 περὶ
3672 2967 3765 3035 τὴν

2194 3060 2437 3131 κεφαλὴν
2456 3060 2558 3130 τῆς
2582 3059 2800 3131 νύμφης
2827 3059 3256 3130 θεωρουμένους.
3278 3059 3344 3112 δι’
3367 3053 3441 3114 ὧν
3469 3061 3505 3131 ἡ
3547 3058 3766 3130 Ἐκκλη·

2198 3149 2288 3203 σία
2316 3149 2616 3216 δοξάζεται,
2653 3149 2933 3221 κρείττους
2971 3150 3081 3204 τῶν
3110 3149 3415 3221 αἰσθήσεων
3444 3147 3587 3204 εῖναι
3605 3191 3621 3215 ,
3647 3152 3766 3221 κρύ-

2198 3259 2429 3306 πτοντας
2455 3242 2543 3296 διὰ
2569 3243 2670 3312 τῆς
2704 3243 2896 3312 σοφίας
2921 3243 3018 3313 τὴν
3040 3242 3310 3314 αἴσθησιν.
3345 3238 3539 3307 Καθὼς
3565 3247 3600 3314 ἡ
3626 3243 3761 3312 Παρ-

2194 3334 2349 3405 οιμία
2394 3335 2577 3403 φησίνο
2620 3335 2701 3388 ὅτι
2735 3334 2917 3404 Σοφοὶ
2948 3337 3320 3404 κρύπτουσιν
3341 3335 3650 3402 αῑσθησιν,
3690 3327 3768 3397 οἷς

2195 3424 2294 3494 οὐχ
2320 3423 2510 3494 ὅρασις
2535 3422 2629 3475 τοῦ
2653 3423 2816 3477 καλοῦ
2846 3425 3129 3495 κριτήριον
3148 3425 3376 3492 γίνεται,
3397 3422 3525 3478 οὕτε
3549 3428 3616 3496 τῇ
3643 3422 3765 3492 γεύ-

2198 3530 2281 3566 σει
2327 3513 2389 3565 τδ
2422 3513 2623 3581 ἀγαθὸν
2672 3513 3025 3582 δοκιμάζεται
3050 3557 3064 3580 ,
3111 3514 3215 3567 οὐκ
3257 3497 3523 3585 ὀσφρήσει
3571 3532 3633 3568 τε
3679 3514 3762 3567 καὶ

2198 3604 2340 3673 ἁφῇ,
2382 3603 2505 3657 οὐδὲ
2547 3602 2690 3674 άλλῳ
2736 3605 2845 3656 τινὶ
2890 3602 3227 3674 αίσθητηρίῳ
3259 3605 3293 3673 ἠ
3326 3601 3418 3657 τοῦ
3450 3601 3617 3657 καλοῦ
3652 3603 3762 3655 επι-

2197 3694 2457 3763 τρέπεται
2483 3693 2687 3764 κρίσις
2717 3693 2851 3748 ἀλλὰ
2879 3693 3060 3764 πάσης
3085 3692 3450 3764 νεκρωθείσης
3469 3694 3763 3763 αἰσθήσεως

2197 3785 2286 3839 διὰ
2318 3784 2485 3855 μόνης
2522 3787 2620 3856 τῆς
2661 3786 2839 3855 ψυχῆς
2861 3824 2876 3848 ,
2902 3785 3012 3840 τῶν
3048 3786 3170 3839 κατ’
3201 3785 3407 3840 ἔννοιαν
3435 3787 3764 3856 φαινομένων

2199 3875 2420 3945 ἀγαθῶν
2447 3876 2781 3944 ἐφάπτονται
2816 3877 2910 3931 καὶ
2941 3874 3316 3949 ἐπορέγονται,
3339 3877 3433 3931 καὶ
3453 3877 3596 3931 οὕτω
3615 3874 3761 3941 δοξά-

2201 3968 2350 4031 ζουσι
2400 3965 2496 4037 τὴν
2545 3969 2808 4035 γυναῖκα,
2861 3965 2958 4038 τὴν
3018 3967 3363 4038 ⁹Εκκλησίιικ,
3409 3966 3541 4020 οὔτε
3590 3968 3763 4037 τιμαῖς

2200 4056 2575 4128 διογκούμενοι
2595 4097 2609 4118 ,
2661 4056 2785 4110 οὗτε
2835 4056 3220 4128 μικροψυχίαις
3263 4057 3400 4128 πρὸς
3445 4058 3518 4113 τὰ
3556 4056 3762 4128 λυπηρὰ

2203 4148 2653 4218 συστελλόμενοι·
2690 4148 2826 4202 ἀλλὰ
2877 4149 2982 4203 κᾶν
3016 4148 3307 4219 τέμνεσθαι
3338 4149 3431 4222 δέῃ
3473 4149 3566 4203 διὰ
3593 4149 3688 4219 τὴν
3709 4149 3762 4210 ἐς

2202 4238 2439 4311 Χριστὸν
2466 4238 2667 4301 πίστιν,
2701 4240 2807 4293 κᾶν
2844 4239 3054 4309 θηρίοις
3106 4240 3139 4310 ἢ
3167 4241 3301 4311 πυρὶ
3335 4239 3641 4310 βάλλεσθαι,
3668 4238 3763 4292 κᾶν

2201 4330 2330 4420 ἄλλο
2387 4347 2439 4382 τι
2485 4330 2592 4382 τῶν
2638 4330 2897 4401 λυπηρῶν
2945 4331 3255 4401 ὑπομένειν,
3287 4330 3389 4403 τὴν
3427 4330 3535 4385 τῶν
3576 4328 3764 4402 τριχῶν

2202 4417 2563 4488 ἀναισθησίαν
2590 4420 2646 4469 ἐν
2668 4421 2733 4489 τῇ
2758 4418 2920 4489 πείρᾳ
2942 4418 3051 4471 τῶν
3081 4418 3344 4486 ἀλγεινῶν
3377 4417 3759 4489 ὑποκρίνονται.

525 4520 580 4572 iu
625 4515 852 4572 horrido
892 4514 1254 4583 squalidoque
1286 4529 1540 4583 corpore,
1591 4515 1835 4584 caprinis
1866 4515 2100 4585 pellibus

2206 4509 2459 4573 Τοιοῦτος
2491 4506 2559 4579 ἦν
2605 4509 2791 4572 Ἠλίας
2822 4511 2851 4562 ό
2879 4510 2945 4561 ὲκ
2975 4507 3068 4561 τοῦ
3102 4507 3315 4561 Γαλαὰδ
3358 4504 3607 4577 ἀνασχὼν
3628 4505 3765 4560 δασεῖ

526 4615 742 4667 tectus,
793 4603 860 4657 ad
917 4618 1111 4658 omnes
1159 4603 1374 4674 tyranni
1424 4605 1604 4658 minas
1653 4620 1933 4674 nunquam
1990 4619 2099 4658 non

526 4698 828 4750 interritus.
862 4693 1189 4763 Quicunque
1218 4694 1386 4762 igitur
1417 4695 1480 4747 ad
1535 4695 1901 4749 imitationem
1933 4711 2101 4765 gene-

530 4789 639 4842 rosi
674 4788 729 4839 iu
767 4785 870 4837 hoc
905 4785 1171 4853 prepheta
1201 4786 1370 4836 animi
1394 4785 1609 4853 seipsos
1639 4801 1802 4854 supra
1836 4786 2103 4839 mundum

530 4881 678 4932 hunc.
708 4876 1026 4929 universum
1062 4876 1339 4938 attollunt,
1372 4885 1627 4945 egentes,
1661 4877 1868 4945 pressi,
1921 4877 2106 4932 amicti

530 4972 584 5024 in
619 4967 920 5032 montibus,
957 4965 1153 5028 antris,
1190 4967 1445 5020 cavernis
1488 4975 1669 5030 terrae,
1718 4968 1922 5037 quibus
1950 4968 2109 5022 deni-

531 5078 636 5134 que
673 5060 913 5115 mundus
959 5071 1068 5112 non
1092 5068 1179 5111 est
1206 5058 1406 5128 dignus
1428 5058 1513 5111 ":
1550 5058 1601 5111 hi
1658 5042 1791 5113 vero.
1839 5059 2108 5128 gregatim

535 5155 679 5207 circa
736 5150 978 5206 universi
1032 5149 1195 5217 hujus
1254 5156 1419 5217 caput
1475 5150 1783 5218 conspecti,
1846 5148 2110 5204 Ecclesiae

536 5239 707 5303 gloria
744 5237 899 5301 fiunt,
950 5236 1017 5289 ad
1055 5237 1334 5290 caelestem
1384 5236 1617 5304 gratiam
1679 5252 1785 5289 una
1839 5252 1964 5291 cum
2015 5238 2111 5293 illo

535 5329 817 5383 Galaadite
845 5331 920 5383 ita
952 5328 1420 5393 conscendentes.

608 5500 877 5555 Caeterum
941 5515 1120 5571 caprae
1170 5501 1424 5556 animalis
1483 5500 1538 5554 in
1618 5499 1721 5553 hac
1772 5501 2103 5571 capillorum

540 5587 850 5645 laudatione
909 5594 1116 5647 mentio
1169 5592 1312 5647 facta
1360 5600 1467 5658 est,
1513 5591 1751 5646 fortasse
1811 5601 2106 5663 propterea

2207 4602 2300 4655 καὶ
2339 4600 2620 4670 αὑχμῶντι
2651 4598 2730 4669 τῷ
2777 4598 3022 4669 σώματι,
3051 4600 3314 4671 δέρμασιν
3360 4597 3513 4666 αἰγὸς
3542 4598 3761 4650 ὲσκεπαο

2211 4690 2430 4761 σμένος,
2461 4690 2595 4761 πρὸς
2622 4692 2801 4743 πᾶσαν
2825 4690 3051 4760 ἀπειλὴν
3080 4691 3175 4743 τοῦ
3204 4689 3465 4761 τυράννου
3492 4688 3762 4757 άπτόητος.

2215 4784 2368 4835 Ὅσοι
2395 4781 2576 4834 τοίνυν
2609 4782 2748 4835 κατὰ
2783 4782 3015 4852 μίμησιν
3051 4785 3149 4849 τῆς
3176 4783 3270 4835 τοῦ
3309 4781 3583 4853 προφήτου
3611 4792 3764 4849 μεγα-

2212 4873 2439 4942 λοφυῖας
2483 4872 2575 4926 τοῦ
2631 4874 2832 4943 κόσμου
2861 4872 3063 4936 παντὸς
3107 4873 3331 4936 ἑαυτοὺς
3372 4870 3759 4942 ὑπεραίρουσιν.

2214 4963 2618 5035 ὑστερούμενοι,
2649 4963 2972 5032 θλιϐόμενοι,
2996 4961 3421 5034 κακουχούμενοι
3438 4962 3496 5015 ὲν
3516 4959 3663 5032 ὄρεσι
3684 4955 3762 5009 καὶ

2215 5054 2521 5124 σπηλαίοις,
2571 5055 2662 5107 καὶ
2713 5057 2831 5117 ταῖς
2858 5054 3019 5118 ὀπαῖς
3056 5055 3154 5125 τῆς
3200 5054 3337 5125 γῆς,
3376 5046 3454 5109 ὧν
3494 5053 3593 5106 οὐκ
3635 5049 3764 5102 ἐστιν

2214 5142 2363 5209 ἄξιος
2390 5144 2418 5195 ὁ
2447 5143 2668 5213 κόσμος*
2696 5135 2841 5197 οὗτοι
2882 5142 3141 5214 ἀγεληδὸν
3176 5144 3302 5213 περὶ
3326 5143 3426 5213 τὴν
3465 5143 3558 5195 τοῦ
3586 5136 3764 5196 παντὸς

2215 5234 2457 5305 κεφαλὴν
2488 5233 2870 5304 θεωρούμενοι,
2901 5234 3028 5298 δόξα
3041 5234 3279 5304 γίνονται
3303 5234 3404 5303 τῆς
3442 5228 3763 5300 Ἐκκλησξαςν

2216 5306 2332 5387 ἐπὶ
2346 5324 2439 5395 τὴν
2493 5324 2742 5394 οὐράνιον
2782 5325 2941 5396 χάριν
2987 5324 3069 5395 τῷ
3117 5324 3418 5396 Γαλααδίτῃ
3469 5315 3765 5377 συναναϐαί-

2160 5434 2179 5445 κ
2215 5432 2411 5478 νοντες.

2286 5507 2359 5560 Τὸ
2387 5507 2444 5560 δὲ
2466 5508 2566 5579 τῆς
2593 5507 2745 5577 αἰγὸς
2774 5506 2913 5572 ζῶον
2951 5509 3035 5573 είς
3073 5507 3164 5563 τὸν
3189 5507 3295 5562 τῶν
3332 5507 3536 5581 τριχῶν
3570 5506 3766 5562 ἔπαινον

2219 5599 2539 5670 παρελήφθη
2558 5640 2574 5665 ,
2598 5599 2740 5677 τάχα
2787 5599 2908 5669 μὲν,
2935 5601 3016 5655 ὅτι
3055 5601 3148 5654 καὶ
3181 5602 3214 5671 ἡ
3241 5599 3403 5671 φύσις
3426 5599 3521 5656 τοῦ
3549 5594 3766 5655 τοιούτου

614 5764 701 5824 ιιι
732 5767 857 5823 (ζον,
896 5784 969 5831 χι,
1003 5767 1090 5823 15,
1164 5770 1205 5801 ³⁷
1246 5770 1406 5824 Prov.
1443 5786 1496 5838 ι,
1531 5770 1618 5839 μ.
1696 5771 1740 5803 ⁸⁸
1787 5771 1917 5827 Heli.
1953 5789 2026 5836 XI.
2067 5774 2156 5839 37,
2187 5776 2275 5831 58.
