4018 6402
238 505 248 514 .
316 450 454 509 “05

1333 461 1401 516 IN
1438 462 1734 549 CANTch
1762 460 2033 521 CANTIC.
2075 463 2360 520 liOMlLl‘A
2401 465 2514 521 XV.

3431 466 3572 522 “06

318 567 452 634 ζώου
477 567 827 641 καταλλήλως
855 574 986 645 πρὸς
1022 577 1118 648 τὴν
1167 578 1377 647 γένεσιν
1404 582 1509 637 τῶν
1532 585 1732 655 τριχῶν
1769 601 1895 639 κατ-

2002 585 2150 652 quod
2219 586 2386 655 hujus
2436 584 2690 641 animalis
2738 595 2937 641 natura
3002 585 3200 642 idonee
3255 592 3569 657 comparata

321 659 645 716 ισκεύασται
683 663 822 717 ὥστε
846 665 1073 737 αἴνιγμα
1101 668 1193 722 τοῦ
1217 670 1306 724 διὰ
1332 672 1436 725 τῶν
1460 676 1663 744 τριχῶν
1687 676 1891 746 κόσμου

318 751 566 819 γενέσθαι
592 751 653 804 τὸ
674 752 832 817 ζῶον,
858 754 919 807 τὸ
936 758 1054 818 ταῖς
1077 756 1220 827 θριξὶ
1245 759 1489 828 φυσικῶς
1513 761 1894 833 δασυνόμενον·

319 841 353 913 ἢ
379 844 461 896 ὅτι
491 842 579 895 διὰ
613 843 723 897 τῶν
765 846 979 917 πετρῶν
1007 848 1371 919 ἀνολισθήτως
1404 851 1610 921 βαίνει,
1635 855 1738 921 καὶ
1766 856 1892 926 περὶ

319 933 416 997 τὰς
458 934 702 1006 κορυφὰς
755 936 865 990 τῶν
918 939 1089 1009 ὀρέων
1143 942 1583 1012 ἀναστρέφεται,
1641 946 1728 999 διὰ
1785 947 1894 1001 τῶν

318 1021 696 1093 δυσπορεύτων
746 1027 836 1081 καλ⁸
872 1027 1169 1098 ἀποτόμων
1187 1030 1470 1101 εὐθαρσῶς
1520 1035 1618 1101 τὴν
1667 1036 1893 1106 πορείαν

319 1113 660 1183 ποιούμενον·
696 1116 833 1188 ὅπερ
872 1121 986 1183 τοῖς
1008 1119 1107 1190 τὴν
1142 1125 1401 1192 τραχεῖαν
1422 1123 1522 1194 τῆς
1552 1124 1750 1197 ἀρετῆς
1777 1127 1894 1180 ὁδὸν

321 1204 640 1276 κατορθοῦσι
677 1209 1244 1278 προσφυῶς’.Μᾶλλον
1273 1212 1316 1266 δ’
1339 1213 1404 1267 ἄν
1423 1232 1506 1278 τις
1532 1216 1674 1270 εἴποι
1715 1217 1804 1270 διὰ
1833 1219 1894 1271 τὸ

324 1294 459 1366 πρὸς
487 1296 654 1351 πολλὰ
682 1300 780 1369 τῆς
808 1302 1039 1372 νομικῆς
1067 1304 1379 1375 ἱερουργίας
1409 1306 1513 1359 ὑπὸ
1548 1306 1642 1360 τοῦ
1672 1308 1894 1379 νομοθέ-

320 1400 414 1437 του
447 1386 812 1456 παρειλῆφθαι
859 1391 919 1444 τὸ
962 1390 1121 1457 ζῶον,
1160 1395 1432 1458 συντελεῖν
1474 1398 1674 1462 ταύτας
1702 1403 1771 1469 τῇ
1806 1417 1895 1454 κε-

318 1475 461 1546 φαλῇ
489 1477 622 1548 πρὸς
652 1475 944 1552 ἐγκώμιον.
979 1481 1111 1538 υἷδα
1151 1486 1209 1539 δέ
1237 1484 1295 1540 ἐν
1322 1491 1432 1552 τοῖς
1467 1493 1565 1561 τῆς
1585 1493 1895 1562 Παροιμίας

315 1567 631 1637 αἰνίγμασιν
675 1571 750 1622 ἐν·
777 1575 890 1637 τοῖς
936 1575 1195 1646 τέσσαρσι
1242 1582 1355 1642 τοῖς
1391 1580 1795 1652 εὐοδουμένοις,
1837 1584 1894 1637 ἓν

311 1657 407 1710 καὶ
456 1656 614 1711 τοῦτο
658 1659 767 1714 τῶν
818 1661 998 1725 καλῶς
1047 1664 1428 1722 διαϐαινόντων
1482 1670 1894 1742 ἀπηριθμῆσθαι

308 1747 403 1801 τὸν
423 1748 627 1816 τράγον
666 1750 755 1804 τὸν
797 1751 1102 1822 ἡγούμενον
1139 1754 1234 1808 τοῦ
1274 1757 1541 1814 αἰπολίου.
1581 1762 1646 1813 Ὃ
1674 1761 1731 1813 δὲ
1766 1762 1895 1832 περὶ

309 1838 504 1893 τούτου
536 1843 901 1912 στοχαστικῶς
948 1845 1303 1917 ὑπονοοῦμεν,
1335 1848 1573 1902 τοιοῦτόν
1599 1851 1751 1903 ἐστι’
1778 1853 1894 1906 Πᾶν

2001 678 2073 731 sit
2115 677 2182 730 ad
2219 677 2582 747 proferendos
2620 678 2761 747 pilos
2800 696 2813 733 :
2848 679 2925 733 ita
2967 687 3025 733 ut
3050 681 3359 734 ornamenti
3401 682 3573 750 capil-

2000 768 2176 821 lorum
2235 769 2416 839 imago
2475 769 2727 839 quzedam
2785 770 2892 825 hoc
2951 771 3129 840 ipsum
3196 771 3398 825 animal
3465 773 3570 835 sit,

2001 859 2150 928 quod
2183 876 2210 913 a
2249 871 2446 921 natura
2487 861 2630 930 pilos
2682 864 2884 917 densos
2920 864 3104 918 habet.
3147 863 3242 918 Vel
3289 863 3437 934 quod
3477 878 3572 933 per

1944 1000 1951 1007 .
2001 968 2138 1009 saxa
2170 954 2292 1009 sine
2325 954 2436 1008 ulla
2468 952 2666 1022 pedum
2716 953 3023 1009 oﬁ‘ensione
3066 954 3277 1019 tendat,
3334 963 3388 1008 et
3422 955 3572 1007 circa

2001 1046 2235 1100 vertices
2269 1045 2536 1100 montium
2567 1054 2839 1108 versetur,
2872 1059 2967 1115 per
2990 1045 3107 1098 loca
3162 1045 3395 1099 transitu
3431 1042 3573 1099 dith-

2000 1134 2126 1188 eilia
2164 1144 2552 1204 praeruptaque
2583 1132 2815 1187 ﬁdenter
2836 1130 3099 1186 incedens
3134 1149 3147 1184 :
3175 1130 3230 1184 id
3271 1129 3415 1198 quod
3449 1139 3573 1198 apte

2000 1224 2069 1277 ad
2112 1239 2209 1279 eos
2269 1222 2800 1287 accommodabitur,
2856 1223 2948 1291 qui
2997 1222 3261 1291 praeclare
3319 1235 3571 1289 asperam

2000 1314 2227 1370 virtutis
2272 1315 2417 1368 viam
2460 1313 2785 1368 conﬁciunt.
2833 1312 3082 1382 Denique
3133 1311 3338 1367 dixerit
3384 1311 3570 1363 forsan

2002 1404 2228 1473 aliquis,
2280 1412 2569 1473 propterea
2613 1417 2710 1472 per
2743 1402 2843 1458 has
2891 1402 2957 1456 ad
3011 1400 3214 1471 capitis
3255 1398 3571 1454 encomium

2000 1495 2208 1564 aliquid
2236 1493 2519 1560 accedere,
2551 1494 2699 1564 quod
2737 1493 2944 1548 animal
2970 1493 3076 1547 hoc
3106 1490 3173 1546 ad
3216 1490 3389 1544 multa
3424 1488 3572 1557 lega-

2001 1586 2072 1639 lia
2113 1584 2385 1639 sacriﬁcia
2445 1585 2588 1639 sita
2626 1583 2779 1639 Mose
2827 1589 3175 1652 usurpatum.
3230 1577 3357 1634 Scio
3402 1578 3569 1633 etiam

2001 1678 2056 1732 in
2087 1675 2394 1744 tentigmatis
2429 1675 2554 1729 libri
2582 1673 3008 1728 Proverbiorum
3030 1672 3175 1725 inter
3204 1679 3448 1740 quatuor
3476 1665 3569 1719 illa

2000 1780 2123 1835 qua:
2150 1765 2290 1819 bene
2334 1763 2622 1827 incedunt,
2674 1761 2955 1817 numerari
3000 1759 3219 1813 hircum
3280 1756 3571 1812 ducentem

1999 1869 2292 1926 caprarum
2343 1868 2584 1924 gregem.
2618 1850 2695 1906 De
2729 1866 2846 1921 quo
2867 1856 3065 1921 nostra
3119 1846 3336 1917 quidem
3381 1843 3575 1912 hujus—

305 1930 652 2011 ἐπιτήδευμα
674 1932 740 1986 δι’
773 1934 891 1999 ἐνὸς
913 1937 1211 2008 ἀρχόμενον
1234 1941 1315 2002 είς
1338 1939 1565 2003 πολλοὺς
1584 1941 1895 1996 διαδίδοται·

1998 1946 2151 2001 modi
2182 1944 2507 2014 conjectura
2530 1951 2615 1998 est
2646 1957 2658 1993 :
2689 1940 2933 2007 Quodvis
2980 1938 3321 2002 institutum,
3357 1934 3426 1989 ab
3460 1947 3573 1987 uno

304 2018 383 2083 ὡς
412 2021 511 2075 ἐπὶ
541 2022 640 2092 τῆς
673 2023 1036 2097 χαλκευτικῆς
1060 2030 1094 2099 ἡ
1123 2028 1312 2101 Γραφὴ
1340 2030 1430 2083 τὸν
1459 2030 1628 2084 Θόὅελ
1668 2033 1895 2104 εὑρετὴν

304 2111 409 2181 τῆς
437 2112 638 2184 τέχνης
667 2114 897 2181 εἰποῦσα
920 2156 935 2183 ,
979 2119 1195 2174 πάντων
1227 2119 1336 2174 τῶν
1373 2122 1490 2193 μετ’
1523 2123 1686 2177 αὐτὸν
1728 2141 1896 2194 μετα-

310 2202 703 2273 χειριζομένων
748 2205 841 2259 τοῦ
894 2200 1110 2281 σιδήρου
1157 2210 1256 2282 τὴν
1297 2214 1558 2283 ἐργασίαν
1589 2217 1647 2278 ἐς
1691 2216 1895 2272 ἐκεῖνον

310 2290 507 2358 ἀνάγει
549 2292 647 2364 τὴν
674 2295 1001 2368 ἐπιστήμην·
1042 2298 1184 2354 οὕτω
1229 2302 1324 2355 καὶ
1353 2306 1452 2374 τῆς
1480 2307 1842 2377 ποιμαντικῆς
1867 2302 1935 2361 ὀί

315 2382 483 2435 Ἅϐελ
506 2384 803 2471 ⁵ἡγήσατο-,π
844 2388 935 2471 καί
985 2391 1123 2445 Κάῖν
1176 2392 1274 2462 τῆς
1315 2396 1614 2467 γεωργίας,
1667 2400 1761 2452 καὶ
1803 2399 1921 2454 τὸνν

308 2472 543 2546 Νεϐρὼδ
569 2476 811 2547 ἀρχηγὸν
858 2479 1004 2549 λέγει
1039 2482 1140 2552 τῆς
1170 2486 1534 2557 κυνηγετικῆς
1562 2490 1895 2561 ἐπιστήμης,

306 2565 401 2617 καὶ
460 2566 564 2636 τῆς
603 2567 1014 2639 ἀμπελουργίας
1054 2573 1145 2625 τὸν
1185 2574 1331 2640 Νῶε,
1378 2578 1472 2631 καὶ
1509 2577 1609 2648 τῆς
1653 2581 1733 2643 εἰς
1765 2579 1896 2634 Θεὸν

304 2651 528 2717 ἐλπίδος
548 2653 641 2707 τὸν
678 2655 844 2721 Ἐνώς
866 2677 1030 2730 φησιν
1052 2660 1336 2733 ἄρξασθαι·
1367 2667 1461 2720 καὶ
1484 2667 1653 2721 πολλὰ
1675 2671 1895 2726 τοιαῦτα

304 2745 459 2815 παρὰ
492 2746 595 2816 τῆς
621 2747 780 2816 ἁγίας
805 2742 927 2805 ἔστι
969 2751 1280 2825 διδαχθῆναι
1315 2758 1555 2829 Γραφῆς,
1589 2763 1672 2821 ὅτι
1698 2763 1817 2826 ἑνός
1842 2780 1895 2818 τι

301 2835 764 2906 ἐπιτηδεύσαντος
788 2841 1002 2911 εἰσῆλθε
1044 2845 1184 2898 κατὰ
1214 2847 1445 2918 μίμησιν
1476 2852 1555 2914 εἰς
1578 2851 1669 2905 τὸν
1698 2853 1811 2923 βίον
1834 2853 1896 2907 τὸ

302 2923 674 2998 ἐπιτήδευμα.
729 2924 946 3004 Ἐπειδὴ
990 2933 1301 2990 τοίνυνιτοῦ
1341 2937 1484 2993 θείου
1518 2938 1679 3013 ζήλου
1709 2943 1894 3014 διαφε-

297 3014 514 3087 ρόντως
534 3019 683 3073 κατὰ
700 3018 879 3077 πᾶσαν
904 3024 1093 3097 ἐξοχὴν
1116 3029 1145 3085 ὁ
1178 3029 1358 3083 Ἠλίου
1381 3032 1751 3106 καθηγήσατο,
1782 3037 1897 3091 ὅσοι

297 3110 425 3179 μετ’
475 3111 689 3199 ἐκεῖνον
738 3113 831 3167 τὸν
877 3116 1085 3171 ἐκείνου
1133 3122 1500 3193 μιμησάμενοι
1556 3125 1735 3195 ζῆλον,
1786 3132 1898 3193 τοῖς

296 3204 491 3292 αὐτοῖς
520 3202 693 3278 ἴχνεσι
719 3211 935 3282 τῆςτοῦ
958 3216 1237 3287 προφήτου
1268 3221 1576 3291 παρρησίας
1600 3224 1896 3292 ἐπηκολού-

295 3290 501 3369 θησαν,
529 3299 774 3357 αἰπόλιον
806 3304 1060 3372 γεγόνασι
1095 3305 1188 3360 τοῦ
1212 3290 1559 3380 ἡγησαμένου
1588 3290 1892 3382 τῆς-τοιαύ-

293 3404 402 3461 ¹της
433 3389 611 3462 ζωῆς,
646 3392 841 3458 οἵτινες
884 3395 1010 3460 δόξα
1053 3398 1151 3468 τῆς
1197 3399 1523 3469 Ἐκκλησίας
1552 3402 1647 3455 καὶ
1675 3402 1894 3469 ἔπαινος

295 3480 583 3566 γίνονται,
626 3486 707 3548 εἰς
744 3485 837 3539 τὸν
868 3487 976 3542 τῶν
1000 3490 1201 3560 τριχῶν
1240 3493 1637 3561 καταταγέντες
1666 3496 1892 3566 κόσμον,

293 3563 374 3626 ὧν
416 3574 451 3645 ή
498 3574 798 3649 αἰσθητικὴ
840 3576 953 3651 ζωὴ
992 3580 1330 3657 κεχώρισται.
1365 3584 1458 3637 καὶ
1512 3563 1898 3659 ἠλλοτρίωταιο

290 3661 398 3717 Διὰ
427 3665 544 3719 τῶν
585 3667 787 3737 ὁμοίων
824 3669 1027 3741 πληροῖ
1053 3673 1147 3725 καὶ
1182 3676 1295 3737 τοῖς
1327 3674 1506 3728 ὀδοῦσι
1538 3677 1626 3730 τὸν
1652 3678 1892 3733 ἔπαινον.

289 3749 462 3812 Οὗτοι
491 3756 542 3810 δ’
576 3755 643 3810 ἂν
667 3752 775 3811 εἷεν
823 3760 872 3812 οἰ
894 3761 1184 3832 τρέφοντες
1215 3763 1282 3817 δι’
1313 3765 1522 3820 ἑαυτῶν
1538 3768 1638 3838 τῆς
1670 3769 1895 3840 Ἐκκλη-

292 3845 421 3911 σίας
444 3848 511 3901 τὸ
543 3847 726 3919 σῶμα,
764 3848 859 3914 οὓς
887 3850 1136 3921 βούλεται
1167 3854 1265 3925 μὲν
1289 3856 1520 3911 πάντοτε
1553 3859 1628 3924 ὠς
1653 3861 1759 3916 ἀπὸ
1782 3862 1896 3916 λου-

291 3937 429 4009 τροῦ
460 3938 746 4010 καθαροὺς
786 3941 1047 4012 ὁρᾶσθαι,
1080 3938 1405 4018 ἀπερίττους
1435 3949 1523 4003 διὰ
1557 3926 1756 4018 παντὸς
1796 3954 1895 4019 τὰς

289 4022 638 4102 τρίχας,“ὡς
666 4030 774 4083 ἀπὸ
803 4035 1116 4103 προσφάτου
1169 4038 1395 4107 κουρᾶς·
1430 4038 1571 4093 κατὰ
1598 4040 1655 4093 δὲ
1688 4042 1780 4097 τὸν
1811 4044 1893 4097 τό-

290 4136 393 4176 κον
430 4120 549 4174 τῶν
587 4121 801 4191 ἀρετῶν
844 4122 1259 4194 διδυμεύοντας,
1306 4128 1404 4200 τῆς
1431 4128 1894 4207 διπλῆςοκαθαρό-

286 4227 464 4283 τητος
500 4212 836 4283 γενομένους
873 4215 1145 4288 πατέρας,
1176 4218 1279 4290 τῆς
1310 4237 1369 4274 τε
1406 4223 1549 4276 κατὰ
1574 4224 1772 4297 ψυχὴν,
1800 4228 1896 4282 καὶ

290 4304 395 4375 τῆς
427 4305 580 4358 κατᾶ
613 4306 772 4377 σῶμα
797 4305 1195 4380 θεωρουμένης·
1224 4311 1298 4375 ὡς
1319 4312 1593 4384 ἐξόριστον
1622 4313 1758 4372 εἶναι
1789 4319 1895 4374 τῶν

287 4393 541 4449 ὀδόντων
584 4394 809 4460 τούτων,
850 4397 959 4450 πᾶν
1011 4399 1071 4452 τὸ
1110 4400 1337 4468 ἀγονοῦν
1381 4406 1439 4458 ὲν
1484 4402 1562 4475 τῷ
1600 4409 1890 4479 κρείττονι.

286 4481 368 4536 Τὸ
418 4483 481 4536 δὲ
526 4484 796 4553 σπαρτίον
834 4485 895 4539 τὸ
934 4488 1025 4541 ἐπὶ
1059 4488 1153 4541 τοῦ
1197 4490 1408 4561 χείλους
1448 4495 1746 4565 τιθέμενον,
1793 4503 1893 4572 τὴν

1998 2039 2181 2108 aliquo
2209 2044 2472 2106 ereptum,
2502 2034 2556 2088 in
2584 2034 2791 2087 multos
2826 2031 2982 2101 quasi
3012 2028 3240 2094 diditur,
3281 2033 3342 2080 ut
3369 2025 3424 2080 in
3454 2031 3573 2080 arte

1996 2129 2229 2186 ferraria
2268 2127 2493 2182 Litterae
2528 2140 2701 2181 sacrae
2737 2124 3047 2178 indicantes
3118 2126 3404 2174 auctorem
3449 2114 3570 2185 ejus
3674 2112 3677 2113 ⁷

1996 2220 2134 2275 artis
2169 2233 2293 2274 esse
2332 2216 2673 2280 Thobelum,
2734 2212 3021 2269 scientiam
3052 2224 3243 2266 eorum
3299 2205 3569 2270 omnium,

1997 2313 2093 2383 qui
2142 2316 2263 2382 post
2310 2309 2458 2363 hunc
2501 2307 2630 2363 ferri
2647 2304 3072 2360 elaborationem
3126 2305 3458 2362 tractarunt,
3503 2296 3568 2350 ad

1998 2403 2180 2475 ipsum
2215 2400 2484 2457 referunt.
2508 2397 2713 2453 Eodem
2748 2395 2914 2452 modo
2948 2395 3027 2450 rei
3068 2393 3329 2465 pastoriae
3357 2392 3571 2461 primus

1997 2500 2191 2548 auctor
2223 2491 2359 2547 Abel
2381 2490 2613 2548 exstitit.
2646 2486 2784 2542 Cain
2817 2483 3223 2556 agricultionis,
3264 2480 3570 2537 venatoria:

1995 2580 2295 2647 Nembrod,
2325 2580 2520 2634 vitium
2548 2577 2778 2647 culturae
2800 2574 2935 2640 Noe,
2959 2573 3106 2628 Enos
3158 2571 3212 2625 in
3248 2570 3416 2625 Deum
3454 2568 3583 2638 pri—'

1997 2689 2124 2729 mus
2170 2686 2428 2742 sperasse
2469 2640 2717 2736 dieitur,‘
2746 2666 2991 2735 adeoque
3033 2664 3203 2719 multa
3242 2662 3311 2717 de
3351 2659 3571 2714 Litteris

1997 2764 2173 2821 sacris
2197 2760 2511 2831 huiusmodi
2546 2756 3026 2826 licetintelligere:
3056 2754 3319 2809 nimirum
3346 2758 3571 2822 postea-

1996 2870 2161 2926 quam
2196 2871 2339 2911 unus
2370 2854 2577 2926 aliquid
2606 2852 2931 2918 instituerit,
2977 2851 3080 2905 hoc
3117 2851 3298 2920 ipsum
3340 2848 3569 2903 institu-

1996 2954 2115 3002 tum
2145 2945 2344 3001 deinde
2387 2960 2483 3014 per
2537 2942 2901 2998 imitationem
2953 2940 3010 2995 in
3060 2940 3227 3001 vitam
3283 2937 3569 2994 hominum

1958 3093 1979 3118 χ
1997 3051 2370 3109 promanasse.
2394 3034 2766 3102 Quamobrem
2793 3047 2919 3087 cum
2962 3031 3020 3085 in
3058 3031 3179 3086 zelo
3203 3029 3392 3084 divino
3415 3041 3573 3098 pror-

1997 3142 2093 3182 sus
2122 3126 2320 3184 eximie
2353 3140 2517 3195 supra
2545 3132 2775 3179 caeteros
2796 3136 2918 3178 sese
2947 3121 3184 3192 gesserit
3211 3119 3381 3183 Elias,
3412 3115 3570 3188 quasi

1998 3214 2111 3274 dux
2142 3218 2482 3287 reliquorum
2520 3216 2575 3270 in
2621 3215 2725 3269 hac
2778 3220 2936 3284 parte
2968 3202 3211 3267 factus:
3249 3210 3571 3280 quicunque
3662 3232 3673 3241 -

1997 3319 2123 3382 post
2144 3310 2296 3364 illum
2327 3308 2528 3363 imitati
2562 3306 2738 3362 zelum
2775 3307 2918 3378 ejus,
2947 3304 3178 3374 vestigia
3207 3302 3482 3359 libertatis
3513 3301 3570 3357 in

1994 3401 2102 3457 hoc
2132 3402 2398 3472 pr0pheta
2431 3400 2603 3456 secuti
2628 3409 2780 3463 sunt,
2824 3399 2861 3453 ii
2888 3398 3037 3454 velut
3059 3396 3281 3468 quidam
3313 3411 3446 3468 grex
3479 3409 3571 3449 ca-

1992 3493 2212 3562 prarius
2246 3490 2396 3545 illius
2435 3489 2567 3544 facti
2612 3497 2769 3553 sunt,
2819 3489 2915 3559 qui
2962 3489 3218 3559 princeps
3264 3487 3392 3541 talis
3445 3487 3572 3541 vita:
3666 3498 3677 3507 ί

1994 3590 2191 3638 auctor
2220 3581 2460 3637 exsistit.
2509 3581 2676 3634 Iidem
2728 3579 2851 3634 laus
2887 3586 2942 3633 et
2994 3578 3169 3650 gloria
3209 3579 3349 3632 ﬁunt
3380 3575 3569 3631 Eccle-

1995 3676 2114 3738 siae,
2145 3674 2337 3731 selecti
2373 3681 2434 3728 ut
2460 3672 2789 3742 capillorum
2843 3668 2961 3725 sint
3003 3678 3410 3730 ornamentum,
3442 3681 3569 3721 cum

1995 3778 2256 3821 sensuum
2287 3764 2400 3816 vita
2438 3762 2620 3815 locum
2656 3761 2712 3814 in
2743 3759 2827 3815 eis
2866 3758 3080 3813 nullum
3108 3757 3327 3811 haheat.
3361 3754 3569 3811 Eodem

1995 3851 2160 3907 modo
2182 3849 2375 3905 dentes
2408 3849 2575 3904 etiam
2626 3847 2835 3913 laudat,
2889 3862 2988 3918 per
3012 3856 3154 3916 quos
3190 3845 3444 3901 fortassis
3490 3843 3568 3898 illi

1995 3950 2125 3999 sunt
2146 3940 2508 4011 intelligendi,
2556 3940 2650 4010 qui
2682 3938 2946 3994 Ecclesia:
2981 3952 3188 4007 corpus
3227 3936 3402 3990 alunt.
3455 3933 3569 3991 llos

1994 4036 2112 4091 vult
2132 4048 2350 4103 semper
2370 4032 2618 4103 conspici
2639 4034 2833 4102 'puros,
2847 4031 3004 4102 quasi
3026 4029 3310 4099 digressos
3328 4028 3567 4098 primum

1997 4141 2029 4181 a
2054 4126 2276 4180 lavacro
2301 4144 2314 4179 :
2346 4133 2402 4179 et
2431 4124 2664 4193 pilorum
2693 4124 2850 4194 copia
2877 4122 3104 4178 minime
3138 4128 3396 4192 gravatos
3423 4132 3569 4184 esse,

1995 4218 2155 4289 quasi
2192 4216 2389 4272 recens
2425 4224 2661 4283 tensos;
2711 4224 2766 4270 et
2803 4215 3068 4269 virtutum
3114 4212 3334 4268 interim
3382 4210 3574 4266 fecun~

1996 4310 2171 4365 ditate
2203 4308 2439 4381 geminis
2486 4305 2691 4362 fetibus
2739 4306 3021 4376 insignes,
3067 4312 3129 4358 ut
3174 4301 3431 4374 puritatis
3468 4300 3575 4355 du-

1995 4399 2155 4470 plicis
2186 4405 2440 4469 parentes
2474 4397 2631 4459 ﬁant,
2672 4404 2786 4450 tum
2828 4411 2950 4465 quae
2979 4395 3031 4447 in
3061 4394 3267 4459 animo,
3303 4399 3417 4445 tum
3448 4406 3573 4461 qua:

1996 4492 2052 4546 in
2099 4505 2334 4560 corpore
2377 4488 2753 4558 conspiciatur
2785 4505 2796 4538 :
2831 4486 3076 4555 adeoque
3111 4501 3142 4539 a
3182 4484 3443 4540 dentibus
3484 4482 3571 4538 his

289 4574 743 4671 μεμετρημένην
799 4575 893 4629 τοῦ
933 4576 1090 4646 λόγου
1129 4579 1406 4635 διακονίαν
1464 4586 1765 4659 παραδηλοῖ
1814 4590 1892 4661 τῷ

2000 4582 2419 4642 exterminetur,
2483 4576 2850 4649 quidquid‘in
2903 4575 3258 4632 fetiﬁcatione
3307 4574 3438 4630 boni
3487 4582 3573 4631 est

288 4668 615 4739 αἰνίγματι,
646 4668 783 4738 ὅπερ
824 4669 852 4719 ό
892 4668 1182 4741 Προφήτης
1225 4671 1469 4744 φυλακήν
1494 4692 1552 4729 τε
1591 4678 1684 4731 καὶ
1727 4678 1894 4753 θύραν

1999 4674 2208 4729 sterile.
2241 4670 2540 4727 Funiculus
2571 4677 2750 4725 autem
2780 4669 2836 4724 in
2864 4668 3022 4724 labro
3060 4668 3385 4731 collocatus,
3415 4681 3572 4721 men-

284 4761 572 4831 περιοχῆς
603 4759 1021 4831 κατωνόμασεν·
1063 4763 1194 4816 ὅταν
1227 4766 1283 4816 ἐν
1318 4766 1497 4837 καιρῷ
1522 4770 1805 4842 ἁνοίγηται
1833 4774 1894 4826 τὸ

286 4853 479 4923 στόμα
508 4851 614 4905 τοῦ
636 4851 819 4922 λόγου,
847 4853 941 4907 καὶ
968 4854 1111 4908 κατὰ
1130 4855 1320 4927 καιρὸν
1345 4859 1754 4932 κατακλείηται.
1789 4854 1921 4921 Μέοκ

280 4961 421 5017 τρου
460 4944 522 4998 δὲ
572 4942 745 5015 ὄνομα
771 4944 831 4997 τὸ
879 4947 1139 5016 σπαρτίον
1177 4943 1338 5013 εἶναι,
1371 4950 1522 5021 παρὰ.
1546 4953 1646 5023 τῆς
1680 4972 1893 5027 προφητ

278 5035 446 5099 τείας
478 5031 582 5087 τοῦ
613 5033 882 5105 Ζαχαρίου
912 5035 1332 5108 μεμαθήκαμεν·
1361 5039 1443 5092 ὅτι
1476 5043 1736 5113 σπαρτίον
1760 5062 1892 5115 γεω.

282 5126 568 5198 μετρικὺν
614 5123 673 5179 ἐν
699 5126 889 5197 χερσὶν
922 5120 1067 5197 εἶχεν
1103 5131 1131 5182 ό
1166 5131 1223 5182 ἐν
1256 5130 1404 5202 αὐτῷ
1432 5131 1605 5189 λαλῶν
1639 5135 1889 5205 ἄγγελος.

279 5220 427 5289 Τότε
466 5218 530 5272 δὲ
566 5216 809 5288 μάλιστα
843 5219 1101 5290 τυγχάνει
1140 5221 1235 5275 τοῦ
1276 5222 1474 5295 μέτρου
1503 5228 1534 5279 ὁ
1556 5226 1737 5296 λόγος,
1764 5230 1891 5283 ὅταν

276 5308 832 5384 περικεχρωσμένος
863 5309 1003 5384 τύχῃ
1040 5311 1116 5383 τῷ
1153 5314 1478 5387 ἐρυθήματι,
1513 5319 1648 5391 ὅπερ
1683 5321 1777 5376 τοῦ
1807 5324 1891 5377 αῖ.

278 5417 462 5472 ματος
485 5396 593 5452 τοῦ
624 5395 1045 5470 λυτρωσαμένου
1076 5403 1222 5471 ἡμᾶς
1242 5403 1470 5476 αἴνιγμα
1499 5408 1724 5476 γίνεται.
1766 5411 1889 5466 Ἐὰν

276 5492 386 5563 μέν
408 5507 503 5553 τις
535 5485 694 5542 κατὰ
728 5488 820 5541 τὸν
848 5487 1062 5546 Παῦλον
1088 5489 1352 5545 λαλοῦντα
1375 5493 1488 5564 ἔχει
1515 5497 1572 5551 ἐν
1599 5498 1776 5571 ἐαυτῷ
1796 5499 1886 5554 τὸν

270 5581 554 5656 Χριστὸν,
592 5577 693 5631 τὸν
725 5577 841 5651 [δίῳ
871 5579 1062 5650 αἵματι
1092 5580 1506 5655 λυτρωσάμενον
1534 5589 1702 5659 ἡμᾶς,
1731 5583 1886 5656 οὗτος

270 5675 394 5748 ἔχει
430 5672 498 5726 τὸ
526 5670 911 5742 γεωμετρικδν
944 5675 1207 5744 σπαρτίον
1240 5676 1333 5730 ἐπὶ
1366 5677 1457 5731 τοῦ
1491 5680 1784 5751 στόματος,
1816 5686 1881 5756 τῇ

272 5766 432 5851 βαφῇ
466 5765 544 5835 τῇ
575 5760 881 5829 αιματὼδει
905 5763 1390 5836 καλλωπιζόμενον,

349 5887 404 5918 ⁸ο
432 5881 596 5940 Psal.
635 5891 763 5944 CXL,
796 5878 849 5933 5.
926 5881 971 5913 ⁵ο
996 5878 1162 5937 Zach.
1196 5897 1257 5949 ιι,
1301 5884 1347 5937 l.

1998 4780 2127 4820 sura
2149 4764 2384 4834 quadam
2418 4761 2892 4832 circumscriptam
2939 4760 3214 4816 sermonis
3254 4760 3573 4829 usurpatio-

1996 4873 2120 4913 nem
2156 4858 2210 4910 in
2240 4855 2528 4925 aenigmate
2557 4862 2732 4918 notat,
2779 4851 2835 4907 id
2865 4851 3017 4923 quod
3050 4849 3328 4921 Propheta
3382 4858 3571 4904 custo-

1995 4949 2142 5004 diam
2172 4955 2225 5002 et
2263 4947 2467 5002 ostium
2500 4943 2929 5015 compressionis
2977 4942 3276 5013 appellavit
3307 4959 3319 4995 :
3347 4955 3473 4994 cum
3510 4940 3567 4993 in

1995 5050 2240 5110 tempore
2267 5038 2333 5093 ad
2368 5037 2698 5108 loquendum
2731 5051 2797 5092 os
2830 5033 3097 5106 aperitur,
3125 5038 3180 5088 et
3201 5047 3302 5088 suo
3323 5042 3567 5100 tempore
3650 5068 3675 5096 ρ

1995 5147 2188 5187 rursus
2221 5130 2530 5185 occluditur
2545 5130 2612 5184 θ’.
2631 5127 2956 5183 Funiculum
2981 5133 3161 5181 autem
3179 5139 3449 5180 mensurae
3468 5138 3568 5179 no-

1994 5241 2120 5280 men
2143 5240 2284 5289 esse,
2309 5223 2376 5278 de
2398 5223 2539 5278 libro
2569 5222 2869 5295 prophetia:
2889 5218 3170 5275 Zacharim
3190 5216 3561 5274 didicimus”.

1994 5315 2240 5371 Habebat
2274 5316 2417 5369 enim
2452 5315 2506 5369 in
2542 5296 2797 5368 manibus
2830 5312 3059 5382 angelus
3080 5311 3133 5365 in
3167 5311 3287 5381 ipso
3306 5310 3561 5380 loquens,

1993 5405 2296 5464 funiculum
2332 5422 2442 5478 quo
2467 5415 2670 5462 terram
2703 5403 2886 5461 metiri
2905 5402 3157 5459 homines
3186 5403 3383 5458 solent.
3407 5400 3562 5455 Tunc

1994 5512 2174 5557 autem
2205 5500 2382 5556 oratio
2412 5498 2653 5554 maxime
2695 5512 2853 5552 suam
2908 5509 3227 5551 mensuram
3264 5493 3563 5563 consequi-

1992 5603 2103 5660 tur,
2132 5608 2258 5648 cum
2290 5607 2321 5646 a
2356 5590 2621 5646 rubedine
2646 5585 2893 5644 colox‘ata
2920 5593 3025 5653 est,
3057 5598 3181 5655 quae
3208 5593 3290 5639 est
3331 5582 3577 5652 mnigma‘

1993 5683 2281 5755 sanguinis
2312 5681 2482 5746 illius,
2528 5696 2560 5734 a
2595 5695 2704 5751 quo
2733 5677 2998 5747 redempti
3037 5690 3254 5730 sumus.
3304 5673 3485 5739 Quare
3513 5674 3558 5728 si

1996 5772 2121 5843 quis
2150 5772 2215 5828 ad
2245 5771 2554 5842 exemplum
2585 5768 2741 5824 Pauli
2784 5767 3065 5823 Christum
3120 5764 3173 5819 iu
3220 5780 3279 5819 se
3326 5762 3548 5833 loquen-
