4018 6374
560 441 697 495 H07
744 440 797 445 ’“

1802 443 1860 499 s.
1897 444 2226 504 oneeonu
2262 450 2573 521 Nyssem

3692 451 3825 510 1103

559 560 952 629 tem'habet",
1002 566 1098 635 qui
1139 565 1365 636 praprio
1401 579 1502 620 nos
1537 565 1806 635 sanguine
1862 567 2132 637 redemit,
2206 572 2375 627 etiam
2407 573 2720 629 funiculum
2754 573 2909 628 illum
2945 572 3344 645 geometricum
3379 571 3547 627 habet.
3588 588 3647 626 in
3709 583 3818 636 ere,

560 658 864 729 Sanguinea
905 660 1145 714 tinctura
1171 670 1451 715 ornatum.

630 749 762 815 Quae
795 759 978 805 autem
997 748 1318 821 sequuntur
1345 751 1531 818 verba,
1585 752 1972 823 interpretatio
2009 765 2139 812 sunt
2169 763 2216 819 Α

560 843 923 909 praecedentis
964 843 1293 914 aenigmatis.
1326 842 1465 899 Nam
1497 843 1983 901 funiculumillum
2019 862 2144 903 coc-

559 933 776 987 cineum
821 937 1048 1002 exponit
1102 936 1375 1004 loquelam
1454 936 1786 1005 elegantem,
1841 954 1951 1009 qua
2009 954 2145 1007 voce

561 1038 784 1079 rursum
822 1025 1037 1094 puritas
1062 1036 1116 1080 et
1151 1026 1460 1081 moderatio
1507 1027 1877 1097 signiﬁcatur.
1931 1028 2143 1084 Etenim

559 1114 705 1178 quod
744 1124 1005 1170 accurate
1033 1117 1256 1186 elegans
1290 1127 1395 1181 est,
1447 1128 1612 1187 atque
1638 1119 1760 1189 ipso
1792 1120 1846 1174 in
1875 1122 2064 1191 vigore
2085 1135 2146 1177 se

559 1205 1014 1275 conspiciendum
1046 1209 1289 1273 exhibet,
1324 1208 1378 1263 id
1403 1224 1582 1280 neque
1610 1210 1988 1278 immaturum,
2033 1228 2147 1269 ne-

558 1313 669 1367 que
699 1299 981 1353 exoletum
1012 1308 1121 1355 est.
1156 1299 1295 1356 Cum
1328 1304 1459 1356 vero
1488 1302 1688 1357 deinde
1739 1320 1838 1374 per
1869 1305 1999 1361 mali
2041 1321 2146 1376 pu-

557 1389 670 1443 nici
701 1391 963 1445 corticem
993 1406 1162 1461 genas
1206 1401 1390 1456 ornat,
1439 1394 1707 1465 insignem
1739 1396 2036 1465 quamdam
2089 1398 2143 1452 in

560 1483 727 1557 bonis
760 1483 1152 1552 perfectionem
1199 1498 1418 1553 sponsae
1459 1486 1673 1541 tribuit.
1714 1485 1844 1541 Vult
1881 1488 2030 1542 enim
2072 1489 2147 1543 si—

559 1574 848 1639 gniﬁcare,
886 1588 998 1627 non
1031 1574 1142 1627 alia
1186 1572 1419 1643 quadam
1471 1575 1526 1628 in
1562 1588 1625 1630 re
1672 1576 1841 1630 situm
1869 1590 1992 1632 esse
2023 1577 2147 1632 the-

561 1679 787 1717 saurum
833 1665 1028 1732 ipsius.
1088 1665 1185 1720 sed
1243 1666 1419 1734 ipsam
1460 1666 1546 1720 sui
1597 1667 1771 1736 ipsius
1825 1668 2147 1722 thesaurum

561 1770 731 1821 esse;
770 1757 975 1827 quippe
1025 1772 1146 1826 quae
1204 1759 1387 1812 omnis
1438 1758 1567 1813 boni
1612 1766 1940 1827 apparatum
1996 1760 2054 1814 in
2087 1775 2147 1815 se

526 1862 529 1867 ‘
561 1851 983 1918 complectatur.
1018 1850 1154 1904 Nam
1189 1858 1247 1904 ut
1280 1851 1490 1905 cortice
1524 1851 1847 1906 continetur
1899 1850 1957 1906 id
1982 1850 2147 1922 quod

562 1942 906 1996 esculentum
931 1950 1014 1997 est
1052 1943 1108 1996 in
1140 1943 1287 1996 malo
1330 1944 1557 2012 punico,
1602 1943 1685 1997 sic
1714 1943 1883 1997 etiam
1920 1943 2149 1999 demon-

563 2044 704 2089 strat
728 2035 1000 2090 contineri
1034 2035 1358 2091 thesaurum
1388 2034 1510 2104 ejus
1553 2034 1869 2090 interiorem
1900 2035 2147 2105 pulchri-

562 2126 759 2182 tudine
793 2127 885 2180 illa
927 2128 1075 2191 vitae,
1111 2141 1232 2197 quae
1257 2126 1362 2181 sub
1393 2102 1682 2197 aspectum
1716 2102 2151 2197 cadit.—Bicigi-
2179 2102 2223 2158 Β

562 2230 656 2273 tur
683 2229 771 2275 est
801 2220 1052 2275 occultus
1087 2220 1179 2273 ille
1207 2219 1323 2289 spei
1360 2218 1658 2276 thesaurus
1682 2220 1944 2290 proprius
1980 2221 2152 2277 animi

566 2313 805 2374 fructus,
848 2312 944 2381 qui
982 2312 1093 2366 vita
1147 2311 1339 2365 virtuti
1377 2320 1753 2368 consentanea
1811 2313 1971 2383 quasi
2013 2329 2152 2383 quo—

564 2404 690 2458 dam
732 2404 860 2458 niali
894 2405 1081 2473 punici
1108 2404 1317 2459 cortice
1354 2405 1697 2460 continetur.
1757 2405 1933 2471 Quod
1966 2416 2149 2463 autem

565 2498 789 2554 additur
818 2515 831 2551 :
859 2496 1067 2551 Praeter
1092 2495 1321 2566 id'quod
1358 2497 1413 2549 in
1461 2508 1510 2550 te
1540 2498 1833 2560 reticetur;
1885 2497 2050 2562 hanc,
2094 2509 2154 2554 ut

564 2589 827 2651 arbitror,
865 2587 1197 2643 sententiam
1238 2586 1426 2651 habet,
1480 2600 1595 2641 non
1636 2595 1750 2641 tam
1799 2603 1867 2642 ex
1908 2588 2156 2644 cadenti-

562 2683 669 2739 bus
697 2681 803 2738 sub
839 2688 1124 2750 aspectum
1164 2680 1430 2736 testimari
1475 2679 1695 2734 laudem
1728 2680 1874 2735 hanc
1926 2680 2151 2746 debere,

564 2778 840 2842 quatenus
861 2773 976 2827 hazc
989 2771 1174 2827 verbis
1189 2779 1542 2841 exponuntur
1573 2789 1586 2825 :
1616 2786 1785 2841 quam
1813 2772 1984 2831 exiis.
2006 2770 2159 2841 quin-

566 2880 787 2934 cunque
829 2863 1055 2920 silentio
1116 2870 1401 2954 teguntur,
1449 2862 1844 2918 indicationem
1899 2879 2022 2934 quae
2058 2878 2157 2933 per

565 2954 735 3008 verba
789 2953 904 3018 ﬁat,
951 2951 1293 3024 eﬂ‘ugien‘tia.
1352 2952 1829 3019 Quemadmodum
1880 2955 2028 3010 enim
2075 2955 2151 3021 id,

565 3048 717 3118 quod
744 3048 921 3102 oratio
950 3062 1061 3102 non
1090 3055 1196 3111 est,
1246 3046 1527 3107 silentium
1552 3063 1679 3105 esse
1722 3048 2044 3115 statuimus,
2077 3049 2156 3104 ita

568 3141 789 3211 siquod
845 3155 876 3195 a
929 3140 1268 3197 silentioest
1310 3140 1614 3206 diversum,
1662 3141 1975 3211 orationem
2028 3141 2154 3215 quis

2326 759 2385 812 Ὁ
2430 757 2474 811 δ’
2517 756 2716 828 ἑφεξῆς
2754 757 2933 826 λόγος,
2975 754 3240 827 ἑρμηνεία
3286 754 3404 807 ἐστὶ
3453 752 3549 807 τοῦ
3598 752 3831 824 πρόσθεν

2246 850 2584 921 αἰνίγματος.
2635 850 2838 904 Λαλιάν
2867 848 2977 919 γὰρ
3017 841 3227 920 ὡραίαν
3257 845 3512 916 ὀνομάζει
3562 844 3622 898 τὸ
3662 861 3836 915 σπαρ-

2244 942 2358 995 τίον
2389 944 2451 995 τὸ
2477 942 2748 1007 κόκκινον,
2789 941 2858 994 δι’
2900 933 2960 995 οὗ
3004 939 3164 993 πάλιν
3202 938 3457 1008 σημαίνει
3500 935 3559 990 τὺ
3594 933 3835 1006 καθαρδν

2247 1035 2342 1087 καὶ
2371 1033 2664 1105 ἔμμετρον.
2695 1032 2770 1086 Τδ
2820 1033 2929 1105 γὰρ
2972 1031 3215 1102 ἀκριϐῶς
3256 1030 3479 1101 ὡραῖον,
3512 1026 3607 1080 καὶ
3651 1027 3716 1079 ὲν
3762 1024 3838 1095 τῷ

2251 1125 2366 1196 ίδίῳ
2410 1124 2589 1197 καιρῷ
2625 1124 2724 1195 τῆς
2769 1124 2955 1196 ἀκμῆς
3000 1121 3451 1195 προφαινόμενον,
3492 1115 3617 1171 οὔτε
3658 1115 3839 1187 ἄωρόν

2248 1220 2415 1282 ἐστιν,
2448 1216 2572 1271 οὔτε
2599 1216 2818 1288 ἔξωρον.
2847 1216 2940 1287 Τῷ
2962 1215 3017 1269 δὲ
3047 1213 3267 1286 λεπύρῳ
3293 1213 3394 1282 τῆς
3421 1211 3550 1283 ῥόας
3576 1209 3637 1262 τὸ
3671 1207 3839 1279 μῆλον

2247 1314 2348 1384 τῆς
2385 1312 2620 1383 παρειᾶς
2661 1307 2939 1381 ὼραῖζων,
2980 1307 3223 1379 μεγάλην
3258 1304 3381 1359 τινά
3423 1301 3845 1374 προσμαρτυρεῖ

2247 1405 2313 1474 τῇ
2357 1400 2543 1472 νύμφῃ
2580 1401 2680 1472 τὴν
2715 1402 2773 1454 ἐν
2800 1402 2911 1463 τοῖς
2948 1397 3172 1467 ἀγαθοῖς
3218 1394 3547 1466 τελειότητα.
3578 1390 3842 1463 Σημαίνει

2248 1493 2356 1563 γὰρ
2388 1492 2462 1563 μὴ
2494 1493 2551 1545 ἐν
2576 1489 2721 1563 ἄλλῳ
2749 1488 2856 1543 τινὶ
2892 1488 2983 1542 τὸν
3009 1486 3283 1558 θησαυρὸν
3326 1479 3844 1555 αὐτῇιπαρεσκευάο

2251 1583 2396 1643 σθαι,
2450 1581 2566 1636 ἀλλ’
2626 1570 2796 1652 αὐτὴν
2852 1575 2989 1633 εἶναι
3040 1577 3311 1649 θησαυρὸν
3361 1575 3581 1646 ἑαυτῆς,
3638 1571 3843 1634 παντὸς

2250 1673 2455 1744 ἀγαθοῦ
2487 1672 2837 1745 παρασκευὴν
2871 1674 2929 1725 ἐν
2963 1672 3131 1742 ἑαυτῇ
3174 1668 3552 1741 περιέχουσαν.
3602 1664 3697 1728 Ὠς
3738 1664 3844 1735 γὰρ

2250 1765 2329 1835 τῷ
2357 1764 2581 1837 λεπύρῳ
2608 1764 2921 1835 περιέχεται
2953 1763 3052 1834 τῆς
3097 1762 3224 1835 ῥόας
3267 1760 3327 1816 τὸ
3359 1750 3638 1827 ἐδώδιμον·
3672 1756 3845 1817 οὕτως

2252 1855 2582 1909 ἐνδείκνυται
2619 1852 2698 1925 τῷ
2738 1853 3047 1925 φαινομένῳ
3076 1851 3264 1905 κάλλει
3295 1848 3389 1902 τοῦ
3418 1847 3533 1918 βίου
3573 1844 3669 1898 τὸν
3703 1842 3846 1898 ἔνδον

2251 1948 2423 2019 αὐτῆς
2447 1945 2719 2018 θησαυρὸν
2747 1943 3117 2018 περιέχεσθαι.
3150 1938 3320 2005 Οὗτος
3350 1936 3441 1994 οὖν
3464 1940 3611 1991 ἐστιν
3640 1938 3673 1988 ὁ
3712 1952 3849 2006 κρυ-

2253 2040 2385 2103 πτὸς
2410 2038 2680 2110 θησαυρὸς
2705 2037 2813 2092 τῶν
2838 2036 3089 2104 ἐλπίδων,
3110 2036 3138 2089 6
3157 2033 3285 2097 ίδιος
3302 2029 3510 2102 καρπὸς
3529 2027 3627 2098 τῆς
3644 2025 3848 2096 ψυχῆς.

2253 2136 2283 2188 ὁ
2308 2131 2388 2204 τῷ
2416 2126 2657 2203 ὲναρέτῳ
2697 2130 2796 2201 βίῳ
2837 2129 3089 2197 καθάπερ
3121 2127 3226 2180 τινὶ
3269 2124 3398 2196 ῥόας
3436 2120 3661 2191 λεπύρῳ
3688 2135 3850 2189 περι-

2255 2224 2644 2296 κρατούμενος.
2692 2222 2766 2276 Τὸ
2811 2221 2889 2284 δὲ,
2928 2218 3129 2285 Ἐκτὸς
3161 2217 3271 2286 τῆς
3316 2209 3672 2279 σιωπήσεὼς
3709 2223 3847 2272 σου,

2255 2315 2459 2386 ταύτην
2477 2308 2631 2385 οῐμαι
2654 2312 2751 2384 τὴν
2776 2311 3013 2365 διάνοιαν
3036 2308 3195 2378 ἔχειν.
3213 2308 3296 2361 ὅτι
3316 2304 3376 2357 Ὀ
3393 2301 3610 2365 ἔπαινός
3634 2317 3736 2354 σου
3753 2299 3851 2352 ούκ

2256 2410 2321 2461 ἐκ
2357 2407 2464 2461 τῶν
2485 2404 2828 2475 φαινομένων
2850 2400 3100 2456 τοσοῦτόν
3134 2398 3301 2463 ἐστιν,
3330 2398 3430 2450 ὅσα
3465 2393 3541 2464 τῷ
3581 2393 3733 2460 λόγῳ
3751 2408 3851 2461 μη·

2256 2500 2473 2556 νύεται·
2505 2497 2641 2552 ἀλλά
2667 2496 2886 2568 μᾶλλον,
2924 2494 3026 2548 ὅσα
3066 2493 3245 2562 σιωπῇ
3289 2486 3712 2556 ἀποκέκρυπται
3758 2480 3852 2552 τήν

2255 2591 2350 2647 τοῦ
2378 2590 2555 2660 λόγουε
2574 2586 2933 2657 διαφεύγοντα
2975 2585 3226 2656 μήνυσιν.
3259 2581 3470 2648 Ὠσπερ
3526 2575 3636 2646 γάρ
3666 2574 3736 2627 τὸ
3765 2573 3853 2625 ἐκ·

2256 2685 2347 2748 τὸς
2368 2683 2461 2737 τοῦ
2480 2682 2638 2751 λόγου
2664 2682 2698 2751 ἡ
2726 2679 2903 2750 σιωπὴ
2929 2678 3151 2740 νοεῖται,
3181 2673 3323 2727 οὓτω
3352 2670 3415 2723 τὺ
3450 2666 3605 2729 ἐκτὸς
3635 2661 3853 2732 σιωπῆς

2256 2777 2348 2831 τὸν
2379 2776 2537 2844 λόγον
2580 2774 2715 2828 νοῶν
2763 2789 2866 2837 τις,
2916 2770 3015 2840 οὐχ
3053 2766 3451 2839 ἁμαρτήσεται.
3501 2760 3716 2813 Ἐκεῖνο
3748 2755 3854 2824 γάρ

2259 2869 2553 2941 σιωπῶμεν
2577 2908 2592 2934 ,
2633 2866 2663 2920 ὃ
2705 2865 2794 2920 διὰ
2865 2863 2973 2917 τῶν
3027 2859 3287 2933 ῥημάτων
3356 2851 3729 2921 ἀδυνατοῦμεν
3774 2846 3856 2915 ἐξ·

2257 2961 2529 3033 αγγεῖλαι.
2562 2961 2626 3015 Εί
2666 2955 2760 3013 οὖν
2809 2956 2870 3011 τὸ
2909 2941 3064 3017 ἐκτὸς
3099 2950 3309 3006 ἐκείνου
3339 2949 3373 3019 ή
3414 2943 3595 3015 σιωπὴ
3625 2943 3852 3001 νοεῖται,

2257 3032 2318 3108 τδ
2349 3053 2505 3116 ἐκτὸς
2537 3051 2745 3121 σιωπῆς
2774 3045 3065 3102 ἀκόλουθον
3093 3042 3310 3104 πάντως
3331 3038 3423 3091 τὸν
3448 3035 3605 3104 λόγον
3616 3032 3856 3121 οἴεσθαι.

2258 3142 2468 3197 Οὐκοῦν
2493 3145 2522 3196 6
2553 3120 2745 3203 εἰπὼν,
2780 3141 2862 3192 ὅτι
2911 3134 3117 3199 Ἐκτός
3159 3128 3267 3198 τῆς
3312 3120 3672 3191 σιωπήσεώς
3714 3136 3852 3183 σου,

465 3221 475 3231 ’
566 3249 694 3291 esse
725 3233 945 3298 dixerit,
975 3249 1087 3287 non
1117 3233 1344 3289 errabit.
1375 3233 1514 3288 Nam
1560 3232 1613 3287 id
1643 3233 1966 3298 reticemus,
2002 3234 2154 3309 quod

2257 3234 2417 3289 τοῦτο
2443 3232 2632 3303 σαφῶς
2660 3230 2739 3302 τῷ
2770 3229 2915 3300 λόγῳ
2948 3225 3298 3299 παρίστησιν,
3325 3219 3407 3274 δτι
3438 3215 3578 3271 καλά
3609 3213 3712 3285 μέν
3743 3214 3857 3266 ἐστι

567 3325 756 3380 verbis
813 3325 1105 3379 enuntiare
1182 3338 1290 3379 non
1354 3338 1675 3399 possumus.
1740 3321 1801 3378 Si
1851 3337 1983 3394 ergo
2022 3324 2157 3378 illud

2260 3327 2353 3381 καὶ
2390 3311 2602 3397 μεγάλα
2631 3323 2703 3377 τὰ
2734 3322 2811 3393 τῷ
2842 3320 2986 3390 λόγῳ
3020 3315 3251 3388 φανῆναι
3294 3310 3590 3381 δυνάμενα,
3624 3307 3734 3360 ὅσα
3764 3307 3856 3399 ἐκ·

571 3412 718 3482 quod
761 3405 1029 3466 oratione’
1052 3425 1163 3465 non
1197 3396 1536 3477 continetur,
1555 3410 1837 3466 silentium
1870 3421 1982 3477 est.
2013 3428 2154 3469 con-

2257 3418 2348 3483 τὸς
2371 3396 2487 3471 ἐστι
2520 3417 2619 3487 τῆς
2648 3410 2968 3485 σιωπήσεώς
2998 3427 3114 3463 σου.
3150 3406 3232 3460 Τὰ
3258 3405 3314 3458 δὲ
3350 3401 3443 3457 τοῦ
3480 3400 3647 3500 λόγου
3670 3396 3853 3500 ἐκτὸς,

570 3506 825 3576 sequitur
866 3505 1091 3560 omnino
1157 3503 1484 3574 putandum,
1520 3502 1595 3560 'id
1650 3520 1774 3561 esse
1821 3504 2151 3571 orationem,

2258 3508 2329 3562 τά
2362 3510 2429 3580 τῇ
2461 3508 2639 3578 σιωπῇ
2675 3502 3084 3574 καλυπτόμενα,
3112 3497 3181 3552 τὰ
3217 3493 3431 3570 ἀρρητά
3462 3507 3522 3544 τε
3560 3487 3657 3542 καὶ
3696 3488 3857 3580 ἀνεκο

569 3597 718 3668 quod
749 3605 905 3655 extra
928 3597 1207 3653 silentium
1245 3597 1336 3652 sit.
1369 3595 1552 3662 Quare
1586 3612 1711 3652 cum
1738 3596 1872 3653 dicit
1900 3615 1914 3652 :
1949 3595 2155 3652 Praeter

2263 3578 2508 3671 φώνητα,
2542 3598 2761 3660 πάντως
2799 3595 2895 3650 καὶ
2922 3588 3342 3665 θαυμασιώτερα
3366 3584 3475 3640 τῶν
3504 3578 3858 3653 ἐκφωνουμέ-

571 3689 626 3745 id
653 3690 793 3763 quod
843 3690 897 3743 in
930 3699 979 3743 te
1004 3689 1278 3759 reticetur,
1307 3687 1414 3743 hoc
1442 3688 1561 3742 vult
1599 3687 1744 3743 haud
1779 3687 1964 3753 dubie,
2014 3704 2156 3760 praa-
2265 3710 2373 3748 νων
2403 3693 2575 3746 ἐστίν.

572 3787 722 3841 clara
751 3784 973 3857 quidem
1002 3793 1057 3839 et
1087 3797 1287 3854 magna
1324 3797 1473 3847 esse,
1497 3797 1621 3853 quae
1651 3782 1885 3839 indicari
1913 3785 2165 3841 oratione
2202 3788 2449 3857 possint,
2475 3788 2622 3859 quod
2654 3785 2915 3841 nimirum
2942 3788 3099 3838 extra
3133 3775 3411 3835 silentium
3477 3771 3658 3843 posita
3725 3769 3857 3828 sint,

566 3879 797 3934 silentio
821 3893 952 3936 vero
1006 3883 1158 3931 tecta
1183 3882 1241 3930 et
1285 3873 1615 3940 ineﬂ‘abilia,
1666 3873 1850 3933 modis
1933 3876 2196 3934 omnibus
2273 3881 2487 3951 majora
2510 3885 2566 3936 et
2593 3876 3008 3934 admirabiliora
3039 3887 3165 3930 esse
3185 3872 3275 3935 iis,
3299 3884 3420 3941 quae
3437 3865 3689 3922 oratione
3726 3874 3859 3933 pro-

573 3973 853 4027 feruntur.
1496 4026 1504 4033 _
2935 3963 2943 3971 ’

640 4063 805 4119 Nunc
828 4064 994 4119 etiam
1039 4061 1154 4128 illa,
1207 4075 1334 4132 qua:
1365 4069 1696 4132 sequuntur,
1727 4062 2018 4119 audiamus
2061 4078 2158 4120 en-

2352 4060 2702 4132 Ἀκούσωμεν
2752 4059 2809 4113 δὲ
2866 4056 2962 4112 καὶ
3012 4054 3123 4108 τῶν
3186 4050 3385 4122 ἐφεξῆς
3440 4046 3679 4102 ἐπαίνων
3709 4085 3727 4108 ,
3789 4039 3863 4099 ὧν

498 4215 507 4221 _
574 4157 752 4225 comia
792 4190 823 4220 ,ς
871 4167 1106 4225 quorum
1183 4153 1460 4208 sententia
1550 4154 1860 4209 consimilis
1940 4161 2027 4210 est
2081 4154 2158 4210 illi

2266 4158 2301 4227 ή
2333 4143 2544 4210 διάνοιά
2581 4153 2661 4225 τῷ
2693 4152 2794 4223 τῆς
2841 4148 3089 4220 ἱστορίας
3127 4146 3277 4200 ἔοικε·
3317 4142 3532 4214 φρέατι,
3574 4132 3734 4211 ᾧπέρ
3781 4156 3864 4202 τις

575 4257 764 4321 puteo,
811 4246 973 4317 cujus
995 4259 1061 4299 os
1090 4251 1488 4299 commemorat
1522 4244 1756 4300 historia
1793 4244 1975 4316 lapide
2007 4247 2158 4317 gravi

2265 4247 2412 4312 λίθος
2443 4246 2655 4317 ἐπέχων
2680 4243 2744 4297 τὸ
2779 4242 3021 4313 στόμιον,
3048 4238 3253 4311 ἄπορον
3298 4237 3441 4288 ποιεῖ
3474 4235 3594 4296 ταῖς
3635 4249 3865 4303 ποιμαι-

575 4346 660 4400 sic
692 4339 966 4396 munitum
1011 4336 1206 4402 fuisse,
1262 4344 1324 4391 ut
1356 4336 1649 4393 dilliculter
1678 4336 1802 4408 ejus
1848 4352 1992 4408 aqua
2046 4337 2158 4394 frui

2270 4339 2491 4403 νούσαις
2533 4337 2633 4409 τὴν
2681 4334 2972 4408 μετουσίαν
3020 4329 3115 4386 τοῦ
3172 4328 3389 4392 ὓδατος·
3437 4324 3551 4380 ἀλλ’
3597 4326 3626 4378 6
3661 4322 3864 4379 Ἰακὼϐ

576 4438 770 4511 puellae
804 4440 1097 4507 pascentes
1130 4439 1358 4504 possent
1392 4452 1406 4487 :
1433 4432 1611 4489 donec
1640 4448 1706 4489 eo
1730 4433 1946 4490 delatus
1972 4431 2158 4502 Jacob,

2272 4432 2502 4494 ἐπιστὰς
2528 4425 2879 4502 ἀναμοχλίζει
2918 4443 2979 4480 τε
3005 4423 3102 4479 τοῦ
3152 4420 3372 4493 στομίου
3421 4419 3512 4473 τὸν
3557 4417 3732 4511 λίθον,
3773 4418 3866 4472 καὶ

576 4510 814 4603 lapidem
862 4528 932 4583 ab
981 4541 1078 4601 ore
1115 4524 1269 4596 putei
1311 4523 1628 4591 submovit,
1669 4530 1725 4579 et
1768 4538 1913 4595 aqua
1941 4523 2158 4595 repletis

2275 4527 2455 4598 πλήρη
2484 4523 2551 4579 τά
2578 4523 2903 4593 ποτιστήρια
2927 4518 3159 4589 ποιήσας
3188 4513 3281 4568 τοῦ
3308 4511 3519 4603 ὓδατος,
3552 4510 3725 4603 ἔδωκε
3753 4511 3867 4571 τοῖς

578 4600 748 4686 vasis,
783 4636 850 4676 ex
890 4600 1093 4690 quibus
1132 4617 1392 4672 biberunt
1428 4630 1645 4688 greges,
1676 4614 1809 4672 fecit
1852 4623 1914 4671 ut
1949 4616 2158 4672 abunde

2275 4616 2555 4688 θρέμμασι
2605 4614 2726 4667 κατ’
2774 4610 3019 4677 ἐξουσίαν
3070 4605 3402 4678 ἐντρυφῆσαι
3439 4601 3547 4656 τῶν
3581 4600 3864 4690 ναμάτων.

578 4727 641 4769 se
699 4717 832 4782 potu
877 4689 1281 4763 recrearent".
1341 4706 1409 4761 Et
1446 4721 1569 4777 quae
1624 4706 1843 4762 tandem
1876 4707 1970 4761 illa
2006 4713 2158 4771 sunt,

2264 4708 2400 4761 Τίνα
2424 4706 2604 4760 τοίνυν
2628 4703 2800 4769 ἐστὶν,
2836 4701 2874 4757 ἀ
2903 4699 2982 4773 τῷ
3010 4696 3234 4768 τοιούτῳ
3262 4693 3458 4765 φρέατι
3507 4689 3865 4782 προσεικάζο-

578 4818 704 4876 quae
758 4801 856 4856 tali
896 4816 1019 4856 cum
1065 4809 1232 4870 puteo
1266 4799 1702 4868 comparamus?
1743 4798 2036 4870 Sexaginta
2079 4817 2167 4854 re-

578 4894 721 4967 gina:
745 4903 890 4956 sunt,
918 4898 968 4944 et
996 4885 1261 4961 octoginta
1309 4888 1636 4953 concubium,
1673 4895 1723 4942 et
1756 4887 2166 4959 juvencularum

580 5004 688 5042 non
717 4994 798 5040 est
839 4999 1114 5038 numerus.
1175 4978 1293 5035 Una
1326 4988 1406 5036 est
1455 4980 1699 5034 columba
1738 4976 1899 5041 mea.’
1932 4980 2167 5051 perfecta

580 5095 719 5133 mea.
751 5074 920 5131 Unica
952 5084 1033 5130 est
1062 5074 1225 5128 matri
1275 5089 1406 5138 sure,
1464 5072 1632 5126 electa
1663 5071 1745 5125 illi
1801 5089 1918 5143 qua:
1965 5073 2165 5141 peperit

582 5190 720 5228 eam.
760 5171 896 5239 Quis
931 5169 1101 5241 igitur
1129 5167 1290 5223 nobis
1311 5164 1548 5236 lapidem
1600 5165 1958 5221 obscuritatis
1998 5165 2165 5233 hujus

580 5265 852 5322 volvendo
899 5260 1283 5319 submovebit?
1335 5259 1461 5330 quis
1514 5256 1824 5312 abditorum
1903 5271 2168 5312 sensuum

583 5361 782 5430 aquam
817 5355 1138 5431 erantlabit,
1171 5368 1293 5425 qua:
1324 5350 1546 5423 quidem
1580 5366 1756 5422 usque
1788 5351 1927 5406 adeo
1969 5352 2077 5407 sita
2112 5351 2170 5407 in

586 5449 864 5522 profundo
889 5456 998 5513 est,
1049 5455 1109 5502 ut
1142 5456 1332 5502 nostra
1386 5460 1506 5501 eam
1541 5444 1683 5499 ratio
1725 5452 1961 5515 nequeat
2004 5444 2171 5499 attin-

572 5544 758 5613 -gere?
784 5542 1080 5597 Enimvero
1104 5552 1251 5598 recte
1279 5556 1367 5597 me
1404 5539 1591 5596 facere
1618 5537 1879 5602 arbitror,
1913 5554 2037 5593 cum
2071 5555 2167 5599 ve—

590 5636 723 5689 stris
744 5634 969 5690 auribus
995 5641 1254 5689 testatum
1289 5633 1450 5698 facio,
1470 5632 1857 5702 cogitationem
1885 5631 2081 5687 horum
2117 5632 2172 5684 in

2274 4810 2411 4867 μεν;
2446 4791 2773 4861 Ἐξήκοντά
2797 4793 2919 4846 εισι
2938 4788 3330 4854 βασίλισσαι,
3362 4781 3462 4837 καί
3493 4778 3865 4850 ὀγδοήκοντα

2269 4886 2601 4949 παλλακαὶ,
2646 4882 2918 4949 νεάνιδες
2964 4876 3053 4937 ὧν
3082 4882 3195 4935 οὐκ
3239 4878 3412 4932 ἐστιν
3439 4873 3702 4944 ἀριθμός.
3746 4873 3865 4928 Μία

2267 4974 2402 5029 ἐστὶ
2450 4974 2771 5044 περιστερά
2814 4990 2957 5043 μου,
3014 4971 3213 5026 τελεία
3251 4985 3394 5038 μου.
3445 4965 3565 5019 Μία
3615 4963 3753 5018 ἐστὶ
3792 4961 3864 5029 τῇ

2264 5070 2447 5141 μητρί
2476 5067 2687 5135 αὐτῆς,
2720 5062 3037 5132 ἐκλεκτική
3068 5063 3199 5117 ἐστι
3231 5059 3308 5129 τῇ
3351 5058 3613 5124 τεκούσῃ
3644 5054 3861 5119 αὐτήν.

2270 5164 2369 5227 Τίς
2411 5158 2505 5217 οὖν
2544 5164 2692 5232 ἡμῖν·
2718 5155 3039 5212 ἀποκυλίσει
3071 5153 3169 5224 τῆς
3207 5149 3471 5220 ἀσαφείας
3522 5146 3727 5216 ταύτης
3775 5144 3862 5197 τῦν

2270 5255 2454 5321 λίθον;
2485 5253 2582 5316 Τίς
2610 5250 2924 5321 ἐξαντλήσει
2957 5247 3066 5304 τῶν
3096 5244 3381 5317 νοημάτων
3411 5242 3471 5295 τὺ
3508 5239 3652 5309 ὕδωρ
3687 5236 3864 5298 οὕτως

2274 5350 2332 5402 ἐν
2369 5347 2523 5419 βάθει
2559 5346 2976 5416 κατακείμενον,
3022 5341 3098 5403 ὡς
3139 5337 3425 5405 ἀνέφικτον
3456 5328 3593 5386 εἶναι
3622 5328 3699 5400 τῷ
3727 5331 3863 5400 ἠμε-

2274 5440 2418 5512 τέρῳ
2444 5439 2588 5510 λόγῳ
2612 5454 2628 5504 ;
2671 5435 2832 5491 Ἀλλά
2862 5451 2951 5506 μοι
2984 5429 3164 5494 καλῶς
3206 5427 3350 5499 ἔχειν
3392 5425 3537 5478 δοκεῖ
3560 5420 3717 5476 τοῦτο
3745 5420 3863 5512 ταῖς

2281 5510 2471 5595 ἀκοαῖς
2500 5528 2655 5601 ὑμῶν
2678 5521 3171 5600 διαμαρτύρασθαι,
3218 5521 3298 5574 ὅτι
3345 5517 3405 5571 τὸ
3448 5513 3620 5569 ταῦτα
3661 5510 3863 5580 γνῶναι

2286 5622 2462 5695 μόνων
2487 5618 2710 5675 ἐκείνων
2738 5618 2906 5685 ἐστὶν,
2938 5615 3073 5687 πρὸς
3116 5612 3210 5677 οὓς
3252 5626 3415 5683 φησιν
3446 5610 3474 5662 6
3511 5602 3858 5695 Ἀπόστολοςς

594 5722 744 5777 solos
774 5721 899 5776 illos
926 5721 1144 5787 cadere,
1192 5737 1334 5792 quos
1365 5722 1679 5791 Apostolus.
1708 5721 1797 5776 his
1847 5720 2033 5778 verbis
2081 5736 2158 5791 ap

2283 5690 2365 5771 δτι
2398 5717 2499 5770 Ἐν
2524 5713 2704 5768 παντὶ
2735 5710 3189 5775 ἐπλουτίσθητε,
3219 5706 3289 5758 ἐν
3335 5698 3512 5757 παντί
3548 5698 3725 5766 λόγῳ,
3765 5690 3860 5747 καὶ

662 5895 709 5932 ⁸⁸
742 5893 786 5950 ll
814 5896 919 5949 (ἴον
981 5913 1098 5962 χιιι,
1126 5896 1184 5953 5.
1262 5898 1305 5927 θλ
1335 5897 1378 5950 G
1420 5913 1473 5951 n.
1507 5913 1656 5964 xxxv,
1699 5897 1765 5952 10
1796 5913 1913 5966 sqq.
