4018 6368
293 334 434 391 “09

1326 339 1390 394 IN
1416 341 1715 400 CANTICA
1751 343 2020 403 CANTIG.
2061 347 2340 403 HOMlLI.\
2382 348 2507 405 XV.

3352 428 3367 437 κ
3413 356 3569 414 me

284 452 360 505 ἐν
389 449 556 519 πάσῃ
600 450 837 522 γνώσει.
883 454 951 508 Ἥ
987 455 1045 509 δὲ
1077 456 1320 531 ἡμετέρα
1376 463 1536 517 πενία
1587 466 1696 520 τῶν
1750 483 1880 538 προ-

1984 470 2149 539 pellat
2182 488 2195 524 :
2232 469 2297 523 In
2320 469 2561 523 omnibus
2591 468 2977 540 opulemifa‘cti
3008 473 3155 536 estis,
3187 474 3241 527 in
3272 475 3414 529 omni
3443 493 3553 532 ser-

288 543 557 613 κειμένων
581 543 673 596 τοῦ
702 543 861 614 λόγου
894 545 1182 620 θησαυρῶν
1225 552 1649 624 πριδράξασθαί
1691 558 1885 614 ἀδυνά-

285 650 396 697 τως
439 631 549 704 ἔχει
572 650 584 662 ·
616 634 752 705 πλὴν
782 635 858 699 ὡς
897 637 963 691 ἂν
991 639 1085 693 τοῦ
1116 644 1213 711 τῆς
1243 643 1440 714 ἀργίας
1475 649 1883 720 κατακρίματος

287 722 396 787 ἔξω
444 723 752 794 γενοίμεθα,
800 725 889 781 διὰ
936 729 1027 783 τὸν
1075 732 1300 805 ἑρευνᾷν
1342 737 1440 799 τάς
1481 737 1706 807 Γραφάς
1752 742 1882 811 ἡμῖν

288 812 767 886 νομοθετήσαντα’
818 820 1012 891 μικρόν
1069 841 1192 879 τινα
1249 828 1344 879 καὶ
1404 827 1615 892 τούτοις
1682 831 1881 902 ἱδρῶτα

289 904 605 974 προσθεῖναι
657 907 714 959 ού
774 912 1201 983 κατοκνήσομεν.
1250 916 1433 986 Φαμὲν
1489 921 1667 973 τοίνυν
1707 921 1883 993 δόγμα

286 1011 341 1047 τι
372 997 480 1048 τῶν
511 998 869 1072 ἀστειοτέρων
908 1003 1007 1073 τὴν
1037 1005 1094 1056 ὲν
1120 1007 1236 1069 τοῖς
1265 1009 1448 1078 ῥητοῖς
1499 1008 1716 1075 τούτοις·
1736 1010 1882 1080 φιλο·

289 1086 482 1155 σοφίαν
510 1088 596 1142 διὰ
622 1089 728 1143 τῶν
760 1092 997 1146 ἐπαίνων
1031 1094 1130 1163 τῆς
1163 1095 1382 1172 νύμφης
1421 1101 1554 1171 ἡμῖν
1585 1102 1881 1173 παρατίθε-

288 1174 432 1228 σθαι.
462 1177 536 1229 Tb
559 1177 614 1230 δὲ
644 1178 819 1250 δόγμα
848 1183 1085 1237 τοιοῦτόν
1128 1185 1277 1239 ἐστιν
1303 1202 1320 1219 σ
1346 1189 1420 1241 Οὐ
1468 1190 1606 1259 μετὰ
1638 1192 1736 1262 τῆς
1777 1194 1877 1247 αὑ-

287 1265 387 1334 τῆς
416 1266 731 1332 ἀκολουθίας
759 1273 850 1324 καὶ
870 1269 1340 1340 τάξεωίκτίζεται
1363 1279 1431 1334 rit
1454 1280 1582 1335 ὄντα
1625 1274 1719 1336 καὶ
1745 1284 1879 1338 ἀνα-

289 1355 553 1421 κτίζεται.
592 1361 718 1413 Ὅτε
766 1363 864 1432 μὲν
902 1364 1010 1436 γὰρ
1059 1367 1177 1419 κατ’
1222 1369 1398 1440 ἀρχὰς
1448 1371 1535 1425 διὰ
1586 1373 1686 1443 τῆς
1731 1373 1880 1439 θείας

287 1445 567 1517 δυνάμεως
593 1452 626 1521 ἠ
651 1452 749 1524 τῆς
779 1455 1007 1520 κτίσεως
1034 1457 1296 1527 ὑφίστατο
1327 1460 1508 1529 φύσις,
1539 1464 1625 1531 ἐφ’
1650 1465 1879 1519 ἑκάστου

291 1536 400 1589 τῶν
448 1538 618 1594 ὄντων
664 1542 998 1609 ἀδιαστάτως
1047 1550 1114 1619 τῇ
1165 1550 1307 1621 ἀρχῇ
1359 1554 1769 1626 συναπηρτίσθη
1820 1556 1881 1609 rb

288 1630 485 1702 πέρας,
514 1634 647 1687 πᾶσι
677 1640 787 1699 τοίς
813 1639 876 1690 ἐκ
907 1638 1000 1692 τοῦ
1034 1641 1108 1711 μὴ
1144 1640 1297 1705 ὄντος
1324 1645 1404 1707 είς
1431 1646 1492 1698 rb
1533 1641 1670 1700 εἶναι
1702 1663 1880 1718 παρα-

288 1724 600 1795 γενομένοις
625 1727 758 1797 όμοῠ
798 1731 863 1799 τῇ
903 1730 1045 1805 ἀρχῇ
1087 1735 1525 1808 συνανασχούσης
1551 1738 1652 1808 τῆς
1679 1738 1880 1793 τελειό-

1983 576 2154 624 atoue,
2178 569 2226 615 et
2259 560 2313 614 in
2341 560 2483 614 omni
2510 561 2803 631 cognitione
2835 562 2902 617 ”.
2936 561 3134 619 Nostra
3164 579 3290 620 vero
3325 568 3571 636 penuria‘

1983 653 2298 722 propositos
2327 652 2487 709 nobis
2537 654 2591 707 in
2631 654 2782 709 hisce
2824 655 3009 711 verbis
3059 656 3348 713 thesauros
3400 674 3555 715 com-

1983 743 2320 814 prehendere
2369 744 2519 798 nullo
2551 742 2713 799 modo
2752 752 2950 814 potest.
2984 745 3064 802 Ne
3105 757 3287 804 tamen
3328 748 3571 818 ignavite“

1981 836 2433 902 condemnemur,
2472 852 2596 890 cum
2627 836 2711 891 lex
2745 837 2906 892 nobis
2940 838 3048 892 lata
3084 839 3176 903 sit,
3229 856 3351 910 quae
3390 856 3547 895 scru-

1982 927 2174 985 tandas
2194 944 2317 984 esse
2331 928 2564 984 Litteras
2589 942 2776 983 sacras
2814 930 3061 999 praecipit
3089 947 3103 983 :
3122 945 3412 1000 parumper
3444 931 3550 985 hac
3630 996 3637 1009 η

1979 1018 2144 1074 etiam
2186 1018 2240 1073 in
2270 1027 2423 1089 parte
2445 1019 2662 1074 sudoris
2691 1019 2951 1075 adhibere
2966 1034 3075 1075 non
3099 1020 3551 1078 detrectabimus.

1982 1109 2225 1166 Dicimus
2276 1125 2405 1181 ergo
2435 1110 2885 1180 comprehensam
2939 1112 3025 1168 his
3056 1113 3242 1169 verbis
3302 1114 3552 1184 philoso-

1981 1202 2184 1271 phiam,
2215 1217 2312 1272 per
2326 1203 2425 1257 has
2456 1216 2671 1271 sponsae
2707 1202 2894 1258 laudes
2917 1205 3227 1273 elegantem
3266 1206 3556 1274 quamdam

1980 1293 2140 1348 nobis
2177 1293 2500 1358 .doctrinam
2558 1308 2881 1363 proponere.
2922 1293 2999 1347 Ea
3040 1310 3170 1350 vero
3212 1304 3296 1350 est
3356 1295 3555 1366 hujus-

1979 1384 2155 1440 modi:
2174 1382 2292 1439 Non
2322 1384 2512 1439 eadem
2540 1386 2753 1440 ratione
2782 1396 2944 1456 atque
2980 1388 3177 1442 ordine
3225 1388 3553 1458 universum

1978 1475 2085 1530 hoc
2111 1481 2165 1529 et
2191 1484 2435 1530 creatum
2470 1483 2554 1531 est
2584 1482 2640 1530 et
2670 1485 2987 1530 renovatur.
3037 1475 3170 1530 Nam
3198 1492 3324 1532 cum
3365 1492 3550 1531 rerum

1978 1564 2136 1619 initio
2164 1565 2213 1619 vi
2230 1566 2473 1622 numinis
2501 1565 2806 1622 diviniesse
2821 1576 3131 1621 creatnrum
3152 1574 3347 1623 natura
3366 1566 3552 1637 coepit;

1979 1656 2036 1710 in
2066 1670 2124 1709 re
2138 1656 2381 1725 qualibet
2410 1670 2519 1709 una
2548 1670 2675 1710 cum
2712 1655 2987 1735 principio
3019 1655 3139 1711 sine
3160 1656 3273 1709 ullo
3291 1656 3555 1725 temporis

1979 1747 2159 1817 spatio
2196 1747 2321 1803 ﬁnis
2348 1748 2509 1801 etiam
2532 1746 2908 1818 perfectioque
2939 1748 3017 1803 rei
3047 1747 3378 1818 conjunctus
3420 1744 3554 1801 fuit:

286 1829 468 1909 rqroc.
626 1816 682 1870 δὲ
706 1818 813 1873 τῶν
827 1821 1160 1877 κτισθέντων
1191 1827 1284 1879 καὶ
1309 1828 1341 1898 ή
1374 1827 1688 1902 ἀνθρωπίνη
1717 1832 1877 1902 φύσις

1982 1814 2104 1891 cum
2121 1838 2375 1893 universa
2390 1837 2457 1893 de
2476 1814 2650 1892 nihilo
2665 1814 2932 1908 producta
2949 1853 3072 1892 cum
3093 1814 3363 1909 principio
3379 1837 3557 1908 perfe-

287 1904 456 1971 ἐστὶν,
493 1908 612 1960 οὑδὲ
645 1910 781 1981 αὑτὴ
814 1911 933 1964 καθ’
964 1912 1265 1987 ὁμοιότητα
1289 1918 1398 1973 τῶν
1433 1920 1608 1975 ἄλλων
1641 1924 1706 1977 ἐκ
1745 1941 1879 1995 προ-

1982 1928 2214 1991 stionem
2230 1929 2395 1984 etiam
2413 1943 2569 1984 suam
2600 1936 3099 1998 consequerentur.
3134 1928 3229 1984 Est
3249 1937 3431 1984 autem
3454 1929 3559 1983 hu-

288 2000 515 2068 αγωγῆς
562 2000 897 2069 προελθοῦσα
946 2004 1039 2057 ἐπὶ
1076 2006 1137 2059 rb
1189 2009 1425 2066 τέλειον·
1473 2013 1588 2068 ἀλλ’
1633 2014 1743 2069 ἀπὸ
1776 2016 1877 2086 τῆς

1982 2033 2137 2074 mana
2165 2034 2384 2090 quoque
2412 2027 2605 2074 natura
2627 2020 2844 2074 illorum
2867 2021 3189 2085 innumero,
3218 2035 3340 2091 quae
3370 2028 3557 2075 creata

287 2091 513 2164 πρώτης
580 2093 863 2167 ὑπάρξεως
938 2101 1350 2173 συμπλασθεῖσα
1414 2108 1500 2177 τῇ·
1556 2107 1873 2180 τελειότητι.

300 2181 570 2274 Ἐγένετο
595 2185 722 2256 γάρ,
749 2187 825 2251 ὡς
860 2192 889 2242 ὁ
933 2192 1105 2261 Λόγος
1134 2196 1287 2264 φησι,
1331 2197 1456 2251 κατ’
1478 2199 1686 2253 εἰκόνα
1729 2202 1876 2255 Θεοῦ

1982 2202 2367 2274 perfectionem
2402 2217 2559 2258 suam
2598 2204 2898 2267 contendit,
2944 2203 3042 2260 sed
3106 2202 3295 2259 statim
3330 2215 3399 2257 ex
3444 2214 3557 2270 quo

287 2271 383 2364 acui
412 2274 740 2364 opot'ww.
784 2277 961 2351 Ὅπερ
1004 2282 1333 2339 ἐνδείκνυται
1388 2286 1449 2339 rb
1501 2288 1611 2342 τῶν
1656 2290 1878 2359 ἀγαθῶν

1982 2271 2215 2364 primum
2238 2308 2360 2350 esse
2396 2294 2584 2364 coepit,
2623 2294 2867 2364 perfecta
2901 2294 3023 2349 fuit.
3066 2293 3236 2348 Aiunt
3268 2292 3412 2347 enim
3445 2290 3557 2346 Lit-

1977 2120 2124 2176 sunt,
2160 2120 2214 2167 et
2246 2110 2471 2181 perinde
2522 2118 2582 2165 ut
2646 2111 2869 2182 reliquae
2914 2127 3004 2167 res
3035 2126 3145 2167 non
3188 2110 3450 2181 paulatim
3487 2109 3557 2165 ad
3666 2147 3675 2156 -

287 2361 585 2433 ἀκρότατόν
619 2380 678 2417 τε
707 2366 802 2419 καὶ
822 2366 1176 2426 τελειότατον.
1230 2372 1294 2426 Τί
1323 2373 1432 2445 γὰρ
1465 2374 1532 2431 ἂν
1556 2377 1855 2450 ὑπέρτερον

286 2454 537 2526 εὑρεθείη
585 2455 685 2525 τῆς
729 2458 865 2528 πρὸς
914 2458 1047 2513 Θεὸν
1087 2463 1438 2533 όμοιώσεως;
1486 2466 1610 2520 Ἐπὶ
1649 2469 1747 2540 μὲν
1785 2464 1877 2524 οὖν

285 2542 381 2634 τῇς
404 2540 629 2634 πρώτης
651 2543 899 2613 κτίσεως,
922 2547 1255 2617 ἀδιαστάτως
1278 2557 1344 2626 τῇ
1368 2557 1506 2629 ἀρχῇ
1537 2560 1876 2634 συνανεφάνη

287 2632 347 2685 rb
379 2633 576 2705 πέρας,
613 2635 706 2688 καὶ
734 2637 841 2690 ἀπὸ
872 2638 972 2708 τῆς
1001 2641 1332 2715 τελειότητος
1358 2650 1391 2717 ή
1432 2649 1591 2717 φύσις
1620 2651 1714 2705 τοῦ
1740 2632 1878 2709 εἶναι

289 2723 510 2792 ἧρξατο.
560 2725 775 2798 Ἐπειδὴ
822 2728 879 2781 δὲ
923 2730 1001 2802 τῷ
1049 2731 1263 2806 θανάτῳ
1314 2736 1400 2791 διὰ
1454 2740 1553 2809 τῆς
1600 2742 1738 2813 πρὸς
1781 2745 1877 2816 τὴν

292 2816 486 2870 κακίαν
519 2817 753 2888 σχέσεως
790 2822 1151 2890 οίκειωθείσα,
1185 2826 1285 2897 τῆς
1331 2831 1390 2883 ὲν
1432 2831 1511 2902 τῷ
1543 2834 1734 2905 ἀγαθῷ
1765 2836 1880 2890 δια-

292 2909 458 2980 μονῆς
510 2910 798 2985 ἀπεῤῥύη·
857 2914 957 2967 οὑκ
1015 2915 1217 2988 ἀθρόαν
1275 2920 1395 2975 καθ’
1449 2924 1741 2998 ὁμοιότητα
1779 2929 1880 2998 τῆς

290 3001 601 3069 συστάσεως
635 3003 736 3074 τῆς
773 3005 995 3079 πρώτης
1047 3011 1487 3083 ὲπαναλαμϐάνει
1537 3017 1636 3088 τὴν
1680 3020 1880 3074 τελειό-

1976 2393 2107 2442 tera:
2131 2401 2302 2442 sacra:
2337 2402 2352 2440 :
2382 2384 2585 2440 Factus
2615 2395 2694 2441 est
2716 2387 2870 2442 homo
2900 2386 2969 2440 ad
2994 2386 3275 2457 imaginem
3304 2383 3398 2438 Dei
3417 2393 3465 2438 et
3491 2385 3560 2439 si-

1979 2477 2653 2544 mititudinem".0uibus
2683 2477 2858 2532 verbis
2893 2476 3172 2531 indicatur
3194 2476 3395 2530 bonum
3414 2475 3558 2530 inter

1977 2569 2160 2623 omnia
2185 2568 2325 2623 bona
2351 2580 2625 2622 summum
2655 2573 2710 2621 et
2726 2564 3209 2636 perfectissimum.
3234 2560 3379 2628 Quid
3403 2560 3555 2616 enim

1980 2659 2207 2730 reperiri
2255 2660 2429 2728 possit
2471 2656 2833 2715 similitudine
2867 2655 3037 2712 Deum
3078 2653 3355 2710 referente
3378 2651 3557 2708 subli-

1979 2752 2164 2807 mius?
2208 2751 2397 2821 Itaque
2450 2758 2598 2820 patet
2655 2750 2711 2804 in
2760 2749 2934 2819 prima
2962 2746 3242 2801 creatione
3289 2744 3409 2799 sine
3441 2742 3556 2797 ullo

1977 2843 2244 2914 temporis
2270 2842 2558 2898 intervallo
2594 2855 2704 2895 una
2744 2854 2869 2895 cum
2899 2837 3174 2911 principio
3201 2835 3364 2891 ﬁnem
3390 2834 3556 2890 etiam

1979 2935 2322 3006 apparuisse,
2368 2947 2565 3003 resque
2616 2938 2833 2987 creatas
2875 2944 2906 2984 a
2944 2929 3277 2999 perfectione
3296 2927 3554 2997 coepisse.

1979 3024 2344 3095 Posteaquam
2389 3036 2524 3078 vero
2552 3028 2751 3076 natura
2784 3028 3012 3092 propter
3052 3018 3402 3074 affectionem
3424 3030 3556 3088 erga

290 3109 444 3163 τητα,
478 3094 595 3148 ἀλλ’
759 3114 863 3151 τινι
894 3098 1139 3171 πρόεισιν
1169 3104 1262 3156 ἐπὶ
1290 3104 1350 3157 rb
1382 3106 1586 3175 μεῖζον,
1618 3109 1709 3163 διά
1736 3128 1880 3175 τινος

1982 3094 2338 3173 vitiositatem
2363 3114 2525 3170 morti
2540 3113 2788 3175 addicta.
2819 3112 2887 3168 de
2906 3111 3315 3183 perseverantia
3340 3111 3396 3164 in
3412 3110 3557 3164 bono

290 3185 611 3250 ἀκολουθίας
647 3188 741 3241 καὶ
776 3188 983 3256 τάξεως
1025 3194 1144 3247 κατ’
1177 3194 1355 3263 ὀλίγον
1393 3198 1877 3274 ἀποσκευαζομένη

292 3277 387 3347 τὴν
421 3278 558 3349 πρδς
590 3279 658 3333 τά
685 3281 902 3335 ἐναντία
938 3284 1327 3354 προσπάθειαν.
1365 3289 1487 3342 Ἐπὶ
1521 3290 1620 3361 μὲν
1647 3292 1756 3364 γάρ
1781 3294 1880 3366 τῆς

295 3367 512 3438 πρώτης
544 3373 904 3440 κατασκευῆς,
935 3375 1087 3428 οὐδὲν
1122 3371 1191 3447 ἦν
1220 3377 1281 3430 τὸ
1318 3377 1525 3434 κωλύον
1558 3382 1880 3454 συνδραμεῖν

293 3460 357 3528 τῇ
387 3461 596 3527 γενέσει
621 3463 682 3515 τὸ
706 3465 807 3535 τῆς
835 3463 1049 3530 φύσεως
1069 3466 1292 3534 τέλειον,
1324 3470 1524 3535 κακίας
1550 3473 1651 3527 οὑκ
1677 3473 1842 3546 οὑσης
1861 3491 1876 3506 ·

294 3549 384 3603 ἐπὶ
430 3551 487 3605 δὲ
525 3553 640 3623 ,τῆς
682 3553 939 3627 δευτέρας
990 3558 1518 3629 ἀναστοιχειώσεως,
1569 3564 1881 3633 ἀναγκαίως

295 3642 329 3712 ἡ
362 3643 762 3718 διαστηματικὴ
798 3648 1135 3719 παράστασις
1163 3657 1621 3724 συμπαρομαρτεί
1658 3657 1726 3726 τῇ
1774 3656 1880 3708 ἐπ-

294 3732 645 3807 ακολουθήσει
691 3738 828 3809 πρὸς
866 3739 929 3792 rb
967 3740 1180 3813 πρῶτον
1220 3743 1423 3812 ἀγαθὸν
1471 3743 1875 3817 ἀνατρεχούσῃ’

293 3820 423 3876 διότι
470 3827 537 3896 τῇ
595 3826 752 3899 ὑλικῇ
797 3829 1143 3902 προσπαθείᾳ
1183 3832 1494 3889 συνδεθεῖσα
1545 3833 1633 3888 διά
1684 3835 1881 3899 κακίας

240 3964 245 3970 .
295 3914 448 3984 ἡμῶν
480 3919 513 3988 ὴ
547 3917 775 3983 διάνοια,
806 3920 926 3974 κατ’
954 3919 1153 3991 ὀλίγον,
1185 3922 1374 3997 ὥσπερ
1403 3924 1587 3995 φλοιοῦ
1620 3942 1766 3990 τινος
1786 3926 1880 3981 τοῦ

297 4007 636 4079 περιέχοντος
676 4009 765 4066 διὰ
808 4011 907 4082 τῆς
960 4013 1309 4086 ἀστειοτέρας
1353 4016 1579 4088 ἀγωγῆς
1633 4018 1883 4088 περιξυο-

300 4099 452 4172 μένη,
481 4090 581 4173 τὴν
606 4102 882 4173 συμφυΐαν
916 4105 1214 4161 ἀπωθεῖται
1238 4107 1334 4161 τοῦ
1372 4108 1632 4180 χείρονος.
1677 4110 1880 4165 Τούτου

297 4187 451 4258 χάριν
479 4188 681 4252 πολλὰς
707 4185 847 4244 εἶναι
876 4193 1026 4263 παρά
1051 4192 1129 4264 τῷ
1158 4194 1331 4267 Πατρὶ
1366 4197 1534 4266 μονὰς
1564 4198 1883 4272 μεμαθήκα-

299 4290 415 4344 μεν,
438 4277 579 4331 κατά
606 4278 707 4348 τὴν
733 4278 1021 4348 ἀναλογίαν
1053 4283 1151 4353 τῆς
1191 4284 1251 4337 ὲν
1280 4285 1494 4357 ἑκάστῳ
1525 4288 1662 4360 πρὸς
1690 4289 1751 4342 τὸ
1778 4306 1881 4343 κα-

300 4362 388 4419 λὸν
420 4368 674 4439 σχέσεως,
700 4369 794 4424 καὶ
822 4369 921 4440 τῆς
952 4371 1047 4426 τοῦ
1081 4372 1320 4446 χείρονος
1348 4376 1720 4445 ἀποστάσεως,
1744 4381 1883 4435 ἐτοι-

1979 3207 2183 3265 excidit
2214 3221 2229 3261 :
2264 3222 2375 3261 non
2422 3204 2648 3276 perinde
2686 3212 2748 3259 ut
2789 3206 2843 3259 in
2875 3212 3000 3260 ortu
3036 3204 3236 3273 primo,
3269 3201 3558 3273 perfectio-

1981 3310 2106 3350 nem
2176 3294 2358 3350 subito
2386 3300 2698 3365 recuperat,
2732 3293 2952 3350 sed-via
2997 3294 3235 3364 quadam
3274 3292 3341 3347 ad
3374 3291 3557 3362 majus

1980 3386 2347 3457 progreditur,
2388 3384 2552 3455 idque
2584 3395 2957 3441 consentanea
3010 3385 3221 3440 ratione
3248 3392 3305 3439 et
3335 3383 3555 3447 ordine,

1980 3477 2109 3532 dum
2168 3478 2433 3547 paulatim
2475 3477 2819 3533 affectionem
2850 3485 2907 3533 et
2947 3477 3228 3532 contraria
3256 3475 3557 3545 proclivem

1979 3567 2297 3637 exstinguit.
2330 3566 2390 3621 ln
2425 3568 2602 3639 prima
2630 3569 2774 3625 enim
2799 3564 3075 3623 creatione
3097 3567 3233 3622 nihil
3258 3572 3379 3620 erat
3412 3564 3558 3636 quod

1983 3659 2291 3729 impediret,
2346 3658 2641 3729 quominus
2696 3668 2905 3713 naturai
2950 3657 3214 3726 perfectio
3259 3671 3384 3710 cum
3432 3662 3556 3710 ortu

1981 3751 2159 3821 ipsius
2183 3756 2559 3812 concurreret,
2578 3762 2705 3803 cum
2729 3748 2880 3803 nulla
2906 3755 3055 3803 esset
3073 3747 3370 3803 vitiositas.
3402 3745 3473 3799 At
3501 3744 3557 3798 in

1982 3837 2087 3893 hac
2134 3838 2308 3894 altera
2343 3836 2694 3893 restitutione
2745 3837 3063 3893 necessario
3109 3835 3406 3890 comitatur
3437 3847 3556 3896 eos,

1980 3930 2075 3999 qui
2102 3930 2170 3985 ad
2201 3930 2437 4001 primum
2466 3928 2601 3984 illud
2637 3928 2842 3983 bonum
2877 3932 3189 3990 recurrunt,
3222 3939 3377 3979 mora
3401 3940 3558 3994 qua-.—

1981 4023 2109 4078 dam
2138 4030 2194 4078 et
2222 4021 2418 4077 dilatio
2442 4021 2705 4091 temporis
2733 4038 2746 4074 :
2773 4026 3064 4091 propterea
3093 4017 3239 4088 quod
3270 4032 3425 4083 mens
3456 4032 3560 4069 nn-

1981 4122 2118 4183 stra,
2175 4128 2298 4185 quae
2351 4113 2424 4170 ob
2474 4112 2831 4170 vitiositatem
2883 4110 3181 4167 constricta
3216 4114 3438 4164 tenetur
3491 4106 3562 4162 ab
3614 4182 3623 4197 ι

1983 4206 2271 4263 affectione
2295 4205 2530 4277 quadam
2548 4203 2925 4276 propendente
2950 4202 3006 4257 in
3033 4216 3124 4256 res
3145 4215 3389 4265 crassas,
3421 4214 3561 4255 con-

1980 4297 2324 4369 iunctionem
2358 4312 2485 4352 cum
2527 4297 2695 4362 malo,
2746 4294 2905 4366 quasi
2948 4293 3216 4349 corticem
3270 4290 3561 4363 quemdam
3637 4364 3644 4371 ‘

1984 4387 2283 4442 obductum
2301 4385 2428 4450 sibi,
2446 4399 2544 4455 per
2563 4384 2849 4439 decentem
2874 4382 3093 4438 vivendi
3126 4382 3394 4436 rationem
3415 4380 3564 4436 velut

302 4455 610 4546 μαξομένης
638 4458 772 4512 πᾶσι
813 4459 913 4531 τῆς
958 4461 1297 4527 ἀντιδόσεως.
1331 4465 1389 4520 '0
1434 4465 1534 4537 μὲν
1565 4468 1676 4540 γάρ
1701 4487 1785 4534 τις
1819 4471 1876 4526 ἐν

1990 4476 2231 4546 undique
2263 4474 2559 4545 scalpenda
2596 4473 2860 4544 paulatim
2886 4472 3153 4527 detrahat.
3169 4470 3284 4525 Hac
3309 4470 3377 4527 de
3393 4485 3565 4528 causa

300 4545 439 4619 ἀρχῇ
460 4549 559 4620 τῆς
579 4549 673 4603 τοῦ
710 4549 973 4620 βελτίονός
1018 4554 1134 4605 ἐστι
1171 4551 1446 4625 βρώσεως,
1471 4556 1596 4629 ἄρτι
1630 4559 1878 4632 καθάπερ

302 4635 366 4689 ὲκ
393 4638 553 4708 βυθοῦ
582 4657 726 4706 τινος
750 4640 845 4694 τοῦ
887 4641 1028 4695 κατά
1064 4643 1260 4698 κακίαν
1287 4644 1403 4715 βίου
1435 4648 1572 4718 πρὸς
1614 4648 1711 4720 τὴν
1749 4666 1879 4721 μετ-

303 4729 484 4784 ουσίαν
506 4731 607 4801 τῆς
632 4731 890 4802 ἀληθείας
912 4734 1312 4806 ἀνανηξάμενος
1327 4752 1340 4766 ·
1367 4737 1446 4808 τῷ
1472 4737 1529 4792 δέ
1553 4756 1636 4804 τις
1659 4740 1881 4810 γέγονεν

307 4814 404 4887 ἥδη
441 4818 507 4873 δι’
540 4821 853 4890 ἐπιμελείας
891 4823 1171 4895 προσθήκη
1218 4823 1312 4878 τοῦ
1351 4810 1685 4898 κρείττονος·
1725 4830 1882 4896 ἄλλος

310 4908 577 4967 ὲπιπλεῖον
606 4913 695 4968 διά
717 4915 813 4986 τῆς
847 4914 1142 4986 ἐπιθυμίας
1165 4916 1273 4972 τῶν
1309 4918 1527 4988 ἀγαθῶν
1564 4922 1845 4994 ἐπηυξήθη
1868 4940 1882 4954 ’

310 5000 340 5053 ό
373 5001 428 5054 δὲ
470 5004 638 5076 μέσης
673 5005 784 5079 ἔχει
817 5007 915 5077 τῆς
943 5007 1051 5061 τῶν
1079 5008 1297 5080 ὑψηλῶν
1325 5010 1638 5076 ἀναϐάσεως
1657 5031 1672 5045 ’
1702 5013 1887 5085 ἔτερος

313 5094 403 5147 καὶ
425 5095 484 5148 rb
512 5098 672 5166 μέσον
697 5099 1043 5171 παρέδραμεν
1063 5117 1076 5131 °
1103 5102 1210 5156 εἰσὶ
1240 5102 1296 5157 δέ
1325 5121 1468 5168 τινες
1494 5105 1589 5159 καὶ
1609 5107 1660 5179 οἱ
1685 5105 1887 5162 τούτων

314 5185 533 5253 ἑαυτοὺς
560 5189 961 5263 ὑπεράραντεςσ
1011 5192 1159 5248 ἄλλοι
1206 5195 1490 5259 κάκείνους
1536 5196 1890 5268 παρήλασαν

313 5277 404 5329 καὶ
430 5278 567 5353 ὑπὲρ
592 5280 812 5348 τούτους
842 5283 1018 5357 ἕτεροι
1047 5287 1184 5357 πρὸς
1208 5286 1300 5342 τὸν
1320 5286 1432 5341 ἄνω
1453 5286 1649 5360 δρόμον
1685 5293 1891 5362 συντεί-

315 5382 519 5424 νονται’
560 5373 653 5427 καὶ
699 5375 836 5439 ὅλως
882 5375 1022 5455 κατά
1058 5376 1155 5449 τὴν
1196 5377 1447 5461 ποικίλην
1485 5379 1595 5433 τῶν
1637 5383 1895 5454 προαιρέ-

318 5471 450 5512 σεων
500 5460 758 5536 διαφοράν
803 5466 1032 5522 ἕκαστον
1070 5470 1099 5522 ό
1144 5467 1277 5532 Θεὸς
1322 5471 1379 5524 ὲν
1422 5469 1501 5541 τῷ
1540 5470 1654 5542 ἰδίῳ
1684 5471 1894 5544 δέχεται

316 5548 570 5621 τάγματι,
600 5556 666 5611 τὰ
707 5557 845 5629 πρὸς
890 5558 1044 5626 ἀξίαν
1079 5560 1411 5634 ἀποπληρῶν
1449 5564 1561 5625 τοῖς
1608 5564 1760 5629 πᾶσι,
1794 5568 1887 5620 καὶ

386 5724 475 5781 ’³1
500 5728 624 5788 Cor.
652 5748 695 5800 ι,
722 5734 774 5789 5.
850 5736 896 5770 ’δ
922 5734 1056 5791 Gen.
1101 5753 1138 5805 ι,
1171 5737 1261 5792 26.
1339 5738 1385 5771 ’³
1406 5738 1561 5795 Joan.
1589 5756 1704 5810 xw,
1733 5740 1787 5794 2.
1828 5798 1833 5801 _

1984 4570 2149 4625 etiam
2206 4566 2408 4622 multas
2452 4565 2598 4634 apud
2627 4563 2842 4620 Patrem
2890 4564 3042 4618 illum
3081 4564 3399 4619 mansiones
3437 4577 3564 4618 esse

1987 4659 2300 4729 accepimus
2315 4658 2384 4723 ",
2407 4658 2607 4728 quippe
2631 4654 2777 4726 quod
2807 4669 2905 4726 pro
2935 4655 3147 4710 ratione
3179 4653 3566 4725 propensibnis

1986 4752 2055 4807 ad
2084 4751 2313 4812 bonum.
2349 4757 2403 4805 et
2425 4749 2716 4804 abscessus
2749 4762 2780 4802 a
2801 4747 2968 4814 malo,
2997 4749 3198 4817 cuique
3220 4760 3437 4802 merces
3464 4760 3564 4817 pa-

1990 4850 2110 4898 rata
2138 4842 2231 4897 sit.
2266 4842 2423 4897 Alius
2473 4839 2619 4896 enim
2665 4839 2845 4895 adhuc
2885 4839 3052 4897 estin
3075 4839 3259 4910 primo
3280 4838 3567 4894 electionis

1990 4934 2119 4989 boni
2142 4934 2322 4999 initio,
2376 4941 2436 4988 ut
2475 4932 2569 5003 qui
2601 4946 2794 4988 recens
2827 4947 2859 4987 a
2904 4930 3076 4988 fundo
3104 4931 3229 4986 vitae
3254 4930 3468 4984 vitiosae
3496 4928 3565 4983 ad

1992 5025 2241 5082 veritatis
2290 5024 2603 5081 fruitionem
2627 5023 2951 5089 emerserit;
3010 5023 3150 5077 alius
3181 5020 3434 5077 studioso
3466 5034 3566 5075 co-

1994 5125 2124 5171 natu
2153 5116 2265 5187 jam
2283 5116 2417 5172 boni
2474 5115 2710 5187 quadam
2759 5115 3078 5173 accessione
3130 5120 3187 5168 et
3223 5113 3566 5167 incremento

1990 5217 2186 5264 auctus
2218 5214 2304 5264 est
2337 5221 2353 5259 :
2387 5207 2529 5263 alius
2551 5206 2717 5263 etiam
2747 5206 2984 5276 amplius
3013 5205 3084 5261 ob
3111 5203 3443 5275 singularem
3470 5202 3568 5258 bo-

1991 5313 2190 5355 norum
2241 5297 2597 5370 cupiditatem
2656 5306 2743 5353 est
2788 5303 3125 5353 consecutus
3160 5310 3182 5347 7:
3220 5293 3364 5348 alius
3406 5288 3567 5362 quasi

1993 5390 2231 5447 medium
2259 5390 2362 5445 iter
2385 5385 2805 5445 conscensionis
2838 5386 2904 5439 ad
2949 5385 3042 5439 illa
3079 5381 3338 5439 sublimia
3382 5382 3569 5447 confe-

1992 5474 2103 5544 cit;
2139 5478 2281 5533 alius
2320 5479 2486 5532 etiam
2519 5475 2758 5532 medium
2794 5474 2899 5530 hoc
2920 5488 3087 5528 cursu
3112 5470 3408 5544 praeteriit;
3433 5481 3569 5521 non-

1999 5568 2132 5623 nulli
2155 5576 2207 5625 et
2231 5567 2332 5624 hos
2353 5573 2703 5638 superarunt,
2720 5578 2858 5636 quos
2880 5578 3071 5619 rursus
3091 5563 3182 5619 alii
3203 5567 3331 5619 sunt
3351 5567 3572 5630 praeter-
