  <div class='ocr_page' id='page_1' title='image "/cluster/home/n/w/nwhite01/storage/ocr_20150623/44:no.1/coo.31924054869445/563.png"; bbox 0 0 4018 6398; ppageno 0'>
   <div class='ocr_carea' id='block_1_1' title="bbox 619 313 757 371">
    <p class='ocr_par' dir='ltr' id='par_1_1' title="bbox 619 313 757 371">
     <span class='ocr_line' id='line_1_1' title="bbox 619 313 757 371; baseline -0.007 0"><span class='ocrx_word' id='word_1_1' title='bbox 619 313 757 371; x_wconf 67' lang='grc' dir='ltr'><strong>ΠΗ</strong></span> 
     </span>
    </p>
   </div>
   <div class='ocr_carea' id='block_1_2' title="bbox 1894 326 2653 435">
    <p class='ocr_par' dir='ltr' id='par_1_2' title="bbox 1894 326 2653 435">
     <span class='ocr_line' id='line_1_2' title="bbox 1894 326 2653 435; baseline 0.017 -50"><span class='ocrx_word' id='word_1_2' title='bbox 1894 326 1951 385; x_wconf 86' lang='lat' dir='ltr'><strong>S.</strong></span> <span class='ocrx_word' id='word_1_3' title='bbox 1995 332 2323 435; x_wconf 61' lang='lat' dir='ltr'><strong>GREGPRII</strong></span> <span class='ocrx_word' id='word_1_4' title='bbox 2360 336 2653 397; x_wconf 73' lang='lat' dir='ltr'><strong>NYSSENI</strong></span> 
     </span>
    </p>
   </div>
   <div class='ocr_carea' id='block_1_3' title="bbox 3755 348 3867 405">
    <p class='ocr_par' dir='ltr' id='par_1_3' title="bbox 3755 348 3867 405">
     <span class='ocr_line' id='line_1_3' title="bbox 3755 348 3867 405; baseline 0.009 -2"><span class='ocrx_word' id='word_1_5' title='bbox 3755 348 3867 405; x_wconf 67' lang='lat'><strong>“19</strong></span> 
     </span>
    </p>
   </div>
   <div class='ocr_carea' id='block_1_4' title="bbox 618 427 2202 537">
    <p class='ocr_par' dir='ltr' id='par_1_4' title="bbox 618 427 2196 537">
     <span class='ocr_line' id='line_1_4' title="bbox 618 427 2196 537; baseline 0.017 -56"><span class='ocrx_word' id='word_1_6' title='bbox 618 427 837 537; x_wconf 78' lang='lat' dir='ltr'><strong>gresle</strong></span> <span class='ocrx_word' id='word_1_7' title='bbox 886 430 1351 492; x_wconf 73' lang='lat' dir='ltr'><strong>contendentibus</strong></span> <span class='ocrx_word' id='word_1_8' title='bbox 1387 436 1516 495; x_wconf 88' lang='lat' dir='ltr'><strong>item</strong></span> <span class='ocrx_word' id='word_1_9' title='bbox 1571 441 1697 498; x_wconf 90' lang='lat' dir='ltr'><strong>aliis</strong></span> <span class='ocrx_word' id='word_1_10' title='bbox 1729 457 1897 515; x_wconf 84' lang='lat' dir='ltr'><strong>supra</strong></span> <span class='ocrx_word' id='word_1_11' title='bbox 1933 448 2035 505; x_wconf 89' lang='lat' dir='ltr'><strong>hos</strong></span> <span class='ocrx_word' id='word_1_12' title='bbox 2063 427 2196 521; x_wconf 47' lang='lat' dir='ltr'><strong>quo:</strong></span> 
     </span>
    </p>
   </div>
   <div class='ocr_carea' id='block_1_5' title="bbox 2304 427 3867 537">
    <p class='ocr_par' dir='ltr' id='par_1_5' title="bbox 2307 457 3867 537">
     <span class='ocr_line' id='line_1_5' title="bbox 2307 457 3867 537; baseline 0.007 -27"><span class='ocrx_word' id='word_1_13' title='bbox 2307 457 2555 527; x_wconf 82' lang='grc' dir='ltr'>συνάγων</span> <span class='ocrx_word' id='word_1_14' title='bbox 2576 463 2685 524; x_wconf 76' lang='grc' dir='ltr'>τοῖς</span> <span class='ocrx_word' id='word_1_15' title='bbox 2716 460 3066 534; x_wconf 78' lang='grc' dir='ltr'><strong>ὑψηλοτέροις</strong></span> <span class='ocrx_word' id='word_1_16' title='bbox 3103 463 3200 527; x_wconf 78' lang='grc' dir='ltr'><strong>τὰς</strong></span> <span class='ocrx_word' id='word_1_17' title='bbox 3244 464 3355 518; x_wconf 82' lang='grc' dir='ltr'>τῶν</span> <span class='ocrx_word' id='word_1_18' title='bbox 3386 461 3617 533; x_wconf 75' lang='grc' dir='ltr'>ἀγαθῶν</span> <span class='ocrx_word' id='word_1_19' title='bbox 3651 465 3867 537; x_wconf 72' lang='grc' dir='ltr'>ἀμοιϐὰς.</span> 
     </span>
    </p>
   </div>
   <div class='ocr_carea' id='block_1_6' title="bbox 616 518 2206 611">
    <p class='ocr_par' dir='ltr' id='par_1_6' title="bbox 616 518 2206 611">
     <span class='ocr_line' id='line_1_6' title="bbox 616 518 2206 611; baseline 0.018 -41"><span class='ocrx_word' id='word_1_20' title='bbox 616 533 731 589; x_wconf 93' lang='lat' dir='ltr'><strong>que</strong></span> <span class='ocrx_word' id='word_1_21' title='bbox 765 518 834 574; x_wconf 86' lang='lat' dir='ltr'><strong>ad</strong></span> <span class='ocrx_word' id='word_1_22' title='bbox 866 521 1063 578; x_wconf 92' lang='lat' dir='ltr'><strong>altiora</strong></span> <span class='ocrx_word' id='word_1_23' title='bbox 1104 541 1120 577; x_wconf 90' lang='lat'><strong>:</strong></span> <span class='ocrx_word' id='word_1_24' title='bbox 1153 524 1389 598; x_wconf 90' lang='lat' dir='ltr'><strong>denique</strong></span> <span class='ocrx_word' id='word_1_25' title='bbox 1421 530 1567 589; x_wconf 87' lang='lat' dir='ltr'><strong>Deus</strong></span> <span class='ocrx_word' id='word_1_26' title='bbox 1627 537 1856 593; x_wconf 89' lang='lat' dir='ltr'><strong>omnino</strong></span> <span class='ocrx_word' id='word_1_27' title='bbox 1891 554 1994 611; x_wconf 88' lang='lat' dir='ltr'><strong>pro</strong></span> <span class='ocrx_word' id='word_1_28' title='bbox 2025 518 2206 599; x_wconf 78' lang='lat' dir='ltr'><strong>varie-</strong></span> 
     </span>
    </p>
   </div>
   <div class='ocr_carea' id='block_1_7' title="bbox 616 612 2205 699">
    <p class='ocr_par' dir='ltr' id='par_1_7' title="bbox 616 612 2205 699">
     <span class='ocr_line' id='line_1_7' title="bbox 616 612 2205 699; baseline 0.016 -34"><span class='ocrx_word' id='word_1_29' title='bbox 616 617 732 668; x_wconf 90' lang='lat' dir='ltr'><strong>tate</strong></span> <span class='ocrx_word' id='word_1_30' title='bbox 782 612 1068 671; x_wconf 65' lang='lat' dir='ltr'><strong>industriae</strong></span> <span class='ocrx_word' id='word_1_31' title='bbox 1119 616 1493 690; x_wconf 83' lang='lat' dir='ltr'><strong>singulorum,</strong></span> <span class='ocrx_word' id='word_1_32' title='bbox 1529 640 1633 683; x_wconf 89' lang='lat' dir='ltr'><strong>suo</strong></span> <span class='ocrx_word' id='word_1_33' title='bbox 1682 630 1985 699; x_wconf 72' lang='lat' dir='ltr'><strong>quemlibet</strong></span> <span class='ocrx_word' id='word_1_34' title='bbox 2009 632 2205 690; x_wconf 82' lang='lat' dir='ltr'><strong>ordine</strong></span> 
     </span>
    </p>
   </div>
   <div class='ocr_carea' id='block_1_8' title="bbox 617 699 2201 788">
    <p class='ocr_par' dir='ltr' id='par_1_8' title="bbox 617 699 2201 788">
     <span class='ocr_line' id='line_1_8' title="bbox 617 699 2201 788; baseline 0.016 -35"><span class='ocrx_word' id='word_1_35' title='bbox 617 699 840 772; x_wconf 85' lang='lat' dir='ltr'><strong>recipit,</strong></span> <span class='ocrx_word' id='word_1_36' title='bbox 868 704 1069 775; x_wconf 83' lang='lat' dir='ltr'><strong>cuique</strong></span> <span class='ocrx_word' id='word_1_37' title='bbox 1095 716 1301 763; x_wconf 85' lang='lat' dir='ltr'><strong>sortem</strong></span> <span class='ocrx_word' id='word_1_38' title='bbox 1328 725 1395 766; x_wconf 79' lang='lat' dir='ltr'><strong>ex</strong></span> <span class='ocrx_word' id='word_1_39' title='bbox 1424 711 1601 782; x_wconf 78' lang='lat' dir='ltr'><strong>ipsius</strong></span> <span class='ocrx_word' id='word_1_40' title='bbox 1632 715 1901 788; x_wconf 74' lang='lat' dir='ltr'><strong>dignitate</strong></span> <span class='ocrx_word' id='word_1_41' title='bbox 1932 721 2201 787; x_wconf 84' lang='lat' dir='ltr'><strong>tribuens,</strong></span> 
     </span>
    </p>
   </div>
   <div class='ocr_carea' id='block_1_9' title="bbox 616 790 2201 878">
    <p class='ocr_par' dir='ltr' id='par_1_9' title="bbox 616 790 2201 878">
     <span class='ocr_line' id='line_1_9' title="bbox 616 790 2201 878; baseline 0.015 -32"><span class='ocrx_word' id='word_1_42' title='bbox 616 790 1003 865; x_wconf 87' lang='lat' dir='ltr'><strong>bonorumque</strong></span> <span class='ocrx_word' id='word_1_43' title='bbox 1045 802 1531 871; x_wconf 64' lang='lat' dir='ltr'><strong>compensatione:</strong></span> <span class='ocrx_word' id='word_1_44' title='bbox 1556 813 1669 861; x_wconf 89' lang='lat' dir='ltr'><strong>tam</strong></span> <span class='ocrx_word' id='word_1_45' title='bbox 1721 809 1791 863; x_wconf 88' lang='lat' dir='ltr'><strong>ad</strong></span> <span class='ocrx_word' id='word_1_46' title='bbox 1828 811 2201 878; x_wconf 83' lang='lat' dir='ltr'><strong>sublimiores,</strong></span> 
     </span>
    </p>
   </div>
   <div class='ocr_carea' id='block_1_10' title="bbox 616 886 2207 975">
    <p class='ocr_par' dir='ltr' id='par_1_10' title="bbox 616 886 2207 975">
     <span class='ocr_line' id='line_1_10' title="bbox 616 886 2207 975; baseline 0.015 -37"><span class='ocrx_word' id='word_1_47' title='bbox 616 899 783 955; x_wconf 86' lang='lat' dir='ltr'><strong>quam</strong></span> <span class='ocrx_word' id='word_1_48' title='bbox 819 886 1114 947; x_wconf 72' lang='lat' dir='ltr'><strong>inferiores</strong></span> <span class='ocrx_word' id='word_1_49' title='bbox 1153 894 1597 954; x_wconf 82' lang='lat' dir='ltr'><strong>accommodans.</strong></span> <span class='ocrx_word' id='word_1_50' title='bbox 1646 897 1978 972; x_wconf 76' lang='lat' dir='ltr'><strong>Huiusmodi</strong></span> <span class='ocrx_word' id='word_1_51' title='bbox 2010 920 2207 975; x_wconf 88' lang='lat' dir='ltr'><strong>quam-</strong></span> 
     </span>
    </p>
   </div>
   <div class='ocr_carea' id='block_1_11' title="bbox 616 976 2204 1065">
    <p class='ocr_par' dir='ltr' id='par_1_11' title="bbox 616 976 2204 1065">
     <span class='ocr_line' id='line_1_11' title="bbox 616 976 2204 1065; baseline 0.016 -35"><span class='ocrx_word' id='word_1_52' title='bbox 616 976 744 1032; x_wconf 90' lang='lat' dir='ltr'><strong>dam</strong></span> <span class='ocrx_word' id='word_1_53' title='bbox 775 983 1301 1041; x_wconf 80' lang='lat' dir='ltr'><strong>commentationem</strong></span> <span class='ocrx_word' id='word_1_54' title='bbox 1344 987 1560 1046; x_wconf 82' lang='lat' dir='ltr'><strong>institui</strong></span> <span class='ocrx_word' id='word_1_55' title='bbox 1598 995 1900 1065; x_wconf 81' lang='lat' dir='ltr'><strong>propositis</strong></span> <span class='ocrx_word' id='word_1_56' title='bbox 1934 995 1990 1051; x_wconf 88' lang='lat' dir='ltr'><strong>in</strong></span> <span class='ocrx_word' id='word_1_57' title='bbox 2019 998 2204 1055; x_wconf 78' lang='lat' dir='ltr'><strong>verbis</strong></span> 
     </span>
    </p>
   </div>
   <div class='ocr_carea' id='block_1_12' title="bbox 616 1069 2200 1153">
    <p class='ocr_par' dir='ltr' id='par_1_12' title="bbox 616 1069 2200 1153">
     <span class='ocr_line' id='line_1_12' title="bbox 616 1069 2200 1153; baseline 0.014 -30"><span class='ocrx_word' id='word_1_58' title='bbox 616 1069 1042 1142; x_wconf 78' lang='lat' dir='ltr'><strong>existimamus,</strong></span> <span class='ocrx_word' id='word_1_59' title='bbox 1104 1077 1541 1152; x_wconf 82' lang='lat' dir='ltr'><strong>animarumque.</strong></span> <span class='ocrx_word' id='word_1_60' title='bbox 1584 1083 1883 1143; x_wconf 85' lang='lat' dir='ltr'><strong>discrimen</strong></span> <span class='ocrx_word' id='word_1_61' title='bbox 1943 1088 2200 1153; x_wconf 88' lang='lat' dir='ltr'><strong>indicari.</strong></span> 
     </span>
    </p>
   </div>
   <div class='ocr_carea' id='block_1_13' title="bbox 617 1158 2205 1249">
    <p class='ocr_par' dir='ltr' id='par_1_13' title="bbox 617 1158 2205 1249">
     <span class='ocr_line' id='line_1_13' title="bbox 617 1158 2205 1249; baseline 0.014 -33"><span class='ocrx_word' id='word_1_62' title='bbox 617 1176 742 1231; x_wconf 69' lang='lat' dir='ltr'><strong>quas</strong></span> <span class='ocrx_word' id='word_1_63' title='bbox 779 1178 1046 1233; x_wconf 88' lang='lat' dir='ltr'><strong>sponsum</strong></span> <span class='ocrx_word' id='word_1_64' title='bbox 1079 1167 1387 1227; x_wconf 77' lang='lat' dir='ltr'><strong>intuentur.</strong></span> <span class='ocrx_word' id='word_1_65' title='bbox 1408 1158 1555 1228; x_wconf 72' lang='lat' dir='ltr'><strong>Nam</strong></span> <span class='ocrx_word' id='word_1_66' title='bbox 1581 1175 1719 1232; x_wconf 89' lang='lat' dir='ltr'><strong>alias</strong></span> <span class='ocrx_word' id='word_1_67' title='bbox 1739 1187 1902 1234; x_wconf 92' lang='lat' dir='ltr'><strong>vocat</strong></span> <span class='ocrx_word' id='word_1_68' title='bbox 1933 1178 2205 1249; x_wconf 78' lang='lat' dir='ltr'><strong>iuvencu-</strong></span> 
     </span>
    </p>
   </div>
   <div class='ocr_carea' id='block_1_14' title="bbox 615 1253 2199 1349">
    <p class='ocr_par' dir='ltr' id='par_1_14' title="bbox 615 1253 2199 1349">
     <span class='ocr_line' id='line_1_14' title="bbox 615 1253 2199 1349; baseline 0.015 -41"><span class='ocrx_word' id='word_1_69' title='bbox 615 1253 725 1318; x_wconf 86' lang='lat' dir='ltr'><strong>ias,</strong></span> <span class='ocrx_word' id='word_1_70' title='bbox 749 1271 983 1349; x_wconf 85' lang='lat' dir='ltr'><strong>quarum</strong></span> <span class='ocrx_word' id='word_1_71' title='bbox 1014 1261 1308 1319; x_wconf 80' lang='lat' dir='ltr'><strong>multitudo</strong></span> <span class='ocrx_word' id='word_1_72' title='bbox 1356 1280 1651 1349; x_wconf 84' lang='lat' dir='ltr'><strong>numerum</strong></span> <span class='ocrx_word' id='word_1_73' title='bbox 1676 1284 1895 1327; x_wconf 89' lang='lat' dir='ltr'><strong>omnem</strong></span> <span class='ocrx_word' id='word_1_74' title='bbox 1927 1282 2151 1349; x_wconf 77' lang='lat' dir='ltr'><strong>superat</strong></span> <span class='ocrx_word' id='word_1_75' title='bbox 2183 1293 2199 1331; x_wconf 88' lang='lat'><strong>:</strong></span> 
     </span>
    </p>
   </div>
   <div class='ocr_carea' id='block_1_15' title="bbox 616 1342 2202 1428">
    <p class='ocr_par' dir='ltr' id='par_1_15' title="bbox 616 1342 2202 1428">
     <span class='ocr_line' id='line_1_15' title="bbox 616 1342 2202 1428; baseline 0.014 -27"><span class='ocrx_word' id='word_1_76' title='bbox 616 1348 755 1405; x_wconf 87' lang='lat' dir='ltr'><strong>alias</strong></span> <span class='ocrx_word' id='word_1_77' title='bbox 782 1342 1122 1411; x_wconf 82' lang='lat' dir='ltr'><strong>concubinas</strong></span> <span class='ocrx_word' id='word_1_78' title='bbox 1146 1372 1167 1423; x_wconf 87' lang='lat'><strong>;</strong></span> <span class='ocrx_word' id='word_1_79' title='bbox 1191 1356 1329 1413; x_wconf 85' lang='lat' dir='ltr'><strong>alias</strong></span> <span class='ocrx_word' id='word_1_80' title='bbox 1362 1347 1603 1428; x_wconf 74' lang='lat' dir='ltr'><strong>reginas.</strong></span> <span class='ocrx_word' id='word_1_81' title='bbox 1621 1342 2072 1421; x_wconf 70' lang='lat' dir='ltr'><strong>Concubinarum</strong></span> <span class='ocrx_word' id='word_1_82' title='bbox 2094 1383 2202 1423; x_wconf 83' lang='lat' dir='ltr'><strong>nu-</strong></span> 
     </span>
    </p>
   </div>
   <div class='ocr_carea' id='block_1_16' title="bbox 615 1444 2202 1528">
    <p class='ocr_par' dir='ltr' id='par_1_16' title="bbox 615 1444 2202 1528">
     <span class='ocr_line' id='line_1_16' title="bbox 615 1444 2202 1528; baseline 0.012 -32"><span class='ocrx_word' id='word_1_83' title='bbox 615 1457 833 1498; x_wconf 87' lang='lat' dir='ltr'><strong>merum</strong></span> <span class='ocrx_word' id='word_1_84' title='bbox 876 1444 1180 1504; x_wconf 82' lang='lat' dir='ltr'><strong>decadihus</strong></span> <span class='ocrx_word' id='word_1_85' title='bbox 1242 1457 1369 1506; x_wconf 86' lang='lat' dir='ltr'><strong>octo</strong></span> <span class='ocrx_word' id='word_1_86' title='bbox 1433 1451 1666 1522; x_wconf 81' lang='lat' dir='ltr'><strong>deﬁniit,</strong></span> <span class='ocrx_word' id='word_1_87' title='bbox 1716 1470 1845 1525; x_wconf 80' lang='lat' dir='ltr'><strong>cum</strong></span> <span class='ocrx_word' id='word_1_88' title='bbox 1889 1458 2202 1528; x_wconf 72' lang='lat' dir='ltr'><strong>reginarum</strong></span> 
     </span>
    </p>
   </div>
   <div class='ocr_carea' id='block_1_17' title="bbox 615 1542 2203 1620">
    <p class='ocr_par' dir='ltr' id='par_1_17' title="bbox 615 1542 2203 1620">
     <span class='ocr_line' id='line_1_17' title="bbox 615 1542 2203 1620; baseline 0.013 -33"><span class='ocrx_word' id='word_1_89' title='bbox 615 1548 884 1592; x_wconf 84' lang='lat' dir='ltr'><strong>numerus</strong></span> <span class='ocrx_word' id='word_1_90' title='bbox 908 1542 1327 1608; x_wconf 79' lang='lat' dir='ltr'><strong>sexagenarium</strong></span> <span class='ocrx_word' id='word_1_91' title='bbox 1345 1546 1585 1615; x_wconf 75' lang='lat' dir='ltr'><strong>expleat.</strong></span> <span class='ocrx_word' id='word_1_92' title='bbox 1614 1545 1684 1602; x_wconf 81' lang='lat' dir='ltr'><strong>At</strong></span> <span class='ocrx_word' id='word_1_93' title='bbox 1717 1563 1883 1620; x_wconf 89' lang='lat' dir='ltr'><strong>supra</strong></span> <span class='ocrx_word' id='word_1_94' title='bbox 1912 1550 2203 1608; x_wconf 84' lang='lat' dir='ltr'><strong>universas</strong></span> 
     </span>
    </p>
   </div>
   <div class='ocr_carea' id='block_1_18' title="bbox 617 1624 2206 1711">
    <p class='ocr_par' dir='ltr' id='par_1_18' title="bbox 617 1624 2206 1711">
     <span class='ocr_line' id='line_1_18' title="bbox 617 1624 2206 1711; baseline 0.011 -31"><span class='ocrx_word' id='word_1_95' title='bbox 617 1624 789 1683; x_wconf 86' lang='lat' dir='ltr'><strong>hasce</strong></span> <span class='ocrx_word' id='word_1_96' title='bbox 827 1629 1066 1685; x_wconf 84' lang='lat' dir='ltr'><strong>collocat</strong></span> <span class='ocrx_word' id='word_1_97' title='bbox 1115 1632 1336 1688; x_wconf 88' lang='lat' dir='ltr'><strong>unicam</strong></span> <span class='ocrx_word' id='word_1_98' title='bbox 1386 1636 1538 1691; x_wconf 88' lang='lat' dir='ltr'><strong>illam</strong></span> <span class='ocrx_word' id='word_1_99' title='bbox 1570 1638 1982 1711; x_wconf 81' lang='lat' dir='ltr'><strong>perfectamque</strong></span> <span class='ocrx_word' id='word_1_100' title='bbox 2001 1641 2206 1696; x_wconf 89' lang='lat' dir='ltr'><strong>colum-</strong></span> 
     </span>
    </p>
   </div>
   <div class='ocr_carea' id='block_1_19' title="bbox 2310 550 3869 626">
    <p class='ocr_par' dir='ltr' id='par_1_19' title="bbox 2310 550 3869 626">
     <span class='ocr_line' id='line_1_19' title="bbox 2310 550 3869 626; baseline 0.006 -26"><span class='ocrx_word' id='word_1_101' title='bbox 2310 550 2404 603; x_wconf 74' lang='grc' dir='ltr'>καὶ</span> <span class='ocrx_word' id='word_1_102' title='bbox 2427 551 2755 623; x_wconf 84' lang='grc' dir='ltr'>συμμετρῶν</span> <span class='ocrx_word' id='word_1_103' title='bbox 2779 551 3045 607; x_wconf 74' lang='grc' dir='ltr'>ἐλάττοσι.</span> <span class='ocrx_word' id='word_1_104' title='bbox 3070 552 3256 608; x_wconf 83' lang='grc' dir='ltr'>Ταῦτα</span> <span class='ocrx_word' id='word_1_105' title='bbox 3279 553 3368 608; x_wconf 73' lang='grc' dir='ltr'><strong>διὰ</strong></span> <span class='ocrx_word' id='word_1_106' title='bbox 3385 552 3499 608; x_wconf 75' lang='grc' dir='ltr'>τῶν</span> <span class='ocrx_word' id='word_1_107' title='bbox 3526 555 3869 626; x_wconf 74' lang='grc' dir='ltr'><strong>προκειμένων</strong></span> 
     </span>
    </p>
   </div>
   <div class='ocr_carea' id='block_1_20' title="bbox 2304 640 3869 719">
    <p class='ocr_par' dir='ltr' id='par_1_20' title="bbox 2304 640 3869 719">
     <span class='ocr_line' id='line_1_20' title="bbox 2304 640 3869 719; baseline 0.005 -26"><span class='ocrx_word' id='word_1_108' title='bbox 2304 640 2491 711; x_wconf 76' lang='grc' dir='ltr'>ῥητῶν</span> <span class='ocrx_word' id='word_1_109' title='bbox 2533 643 2839 712; x_wconf 78' lang='grc' dir='ltr'><strong>φιλοσοφεῖν</strong></span> <span class='ocrx_word' id='word_1_110' title='bbox 2887 644 2979 698; x_wconf 82' lang='grc' dir='ltr'>τὸν</span> <span class='ocrx_word' id='word_1_111' title='bbox 3027 645 3184 714; x_wconf 84' lang='grc' dir='ltr'>λόγον</span> <span class='ocrx_word' id='word_1_112' title='bbox 3232 644 3641 718; x_wconf 75' lang='grc' dir='ltr'>ὑπενοήσαμεν,</span> <span class='ocrx_word' id='word_1_113' title='bbox 3665 645 3757 719; x_wconf 76' lang='grc' dir='ltr'>τὴν</span> <span class='ocrx_word' id='word_1_114' title='bbox 3781 646 3869 701; x_wconf 81' lang='grc' dir='ltr'>δια-</span> 
     </span>
    </p>
   </div>
   <div class='ocr_carea' id='block_1_21' title="bbox 2307 731 3865 809">
    <p class='ocr_par' dir='ltr' id='par_1_21' title="bbox 2307 731 3865 809">
     <span class='ocr_line' id='line_1_21' title="bbox 2307 731 3865 809; baseline 0.006 -26"><span class='ocrx_word' id='word_1_115' title='bbox 2307 731 2484 803; x_wconf 75' lang='grc' dir='ltr'>φορὰν</span> <span class='ocrx_word' id='word_1_116' title='bbox 2520 732 2630 786; x_wconf 83' lang='grc' dir='ltr'><strong>τῶν</strong></span> <span class='ocrx_word' id='word_1_117' title='bbox 2660 733 2869 805; x_wconf 80' lang='grc' dir='ltr'>ψυχῶν,</span> <span class='ocrx_word' id='word_1_118' title='bbox 2908 736 2964 790; x_wconf 83' lang='grc' dir='ltr'>αἳ</span> <span class='ocrx_word' id='word_1_119' title='bbox 2999 736 3136 809; x_wconf 80' lang='grc' dir='ltr'>πρὸς</span> <span class='ocrx_word' id='word_1_120' title='bbox 3172 736 3262 791; x_wconf 74' lang='grc' dir='ltr'><strong>τόν</strong></span> <span class='ocrx_word' id='word_1_121' title='bbox 3309 738 3548 809; x_wconf 82' lang='grc' dir='ltr'>νυμφίον</span> <span class='ocrx_word' id='word_1_122' title='bbox 3580 737 3789 809; x_wconf 81' lang='grc' dir='ltr'><strong>ὁρῶσιν,</strong></span> <span class='ocrx_word' id='word_1_123' title='bbox 3820 741 3865 791; x_wconf 72' lang='grc' dir='ltr'>ὲν</span> 
     </span>
    </p>
   </div>
   <div class='ocr_carea' id='block_1_22' title="bbox 2306 821 3867 899">
    <p class='ocr_par' dir='ltr' id='par_1_22' title="bbox 2306 821 3867 899">
     <span class='ocr_line' id='line_1_22' title="bbox 2306 821 3867 899; baseline 0.006 -28"><span class='ocrx_word' id='word_1_124' title='bbox 2306 821 2420 884; x_wconf 82' lang='grc' dir='ltr'>τοῖς</span> <span class='ocrx_word' id='word_1_125' title='bbox 2474 821 2786 891; x_wconf 76' lang='grc' dir='ltr'><strong>εἰρημένοις</strong></span> <span class='ocrx_word' id='word_1_126' title='bbox 2834 824 2968 894; x_wconf 85' lang='grc' dir='ltr'>ήμϊν</span> <span class='ocrx_word' id='word_1_127' title='bbox 3025 824 3416 880; x_wconf 82' lang='grc' dir='ltr'>διαστείλαντα.</span> <span class='ocrx_word' id='word_1_128' title='bbox 3475 824 3597 889; x_wconf 83' lang='grc' dir='ltr'><strong>Τὰς</strong></span> <span class='ocrx_word' id='word_1_129' title='bbox 3657 825 3749 897; x_wconf 80' lang='grc' dir='ltr'>μὲν</span> <span class='ocrx_word' id='word_1_130' title='bbox 3782 827 3867 899; x_wconf 77' lang='grc' dir='ltr'><strong>γὰρ</strong></span> 
     </span>
    </p>
   </div>
   <div class='ocr_carea' id='block_1_23' title="bbox 2306 911 3867 989">
    <p class='ocr_par' dir='ltr' id='par_1_23' title="bbox 2306 911 3867 989">
     <span class='ocr_line' id='line_1_23' title="bbox 2306 911 3867 989; baseline 0.004 -25"><span class='ocrx_word' id='word_1_131' title='bbox 2306 911 2562 983; x_wconf 77' lang='grc' dir='ltr'><strong>ὀνομάζει</strong></span> <span class='ocrx_word' id='word_1_132' title='bbox 2591 914 2857 980; x_wconf 83' lang='grc' dir='ltr'>νεάνιδας,</span> <span class='ocrx_word' id='word_1_133' title='bbox 2896 915 2997 987; x_wconf 84' lang='grc' dir='ltr'>τὴν</span> <span class='ocrx_word' id='word_1_134' title='bbox 3039 914 3147 971; x_wconf 71' lang='grc' dir='ltr'><strong>τοῦι</strong></span> <span class='ocrx_word' id='word_1_135' title='bbox 3183 915 3418 989; x_wconf 80' lang='grc' dir='ltr'>ἀριθμοῦ</span> <span class='ocrx_word' id='word_1_136' title='bbox 3468 915 3641 987; x_wconf 82' lang='grc' dir='ltr'>φύσιν</span> <span class='ocrx_word' id='word_1_137' title='bbox 3671 917 3755 972; x_wconf 78' lang='grc' dir='ltr'><strong>διὰ</strong></span> <span class='ocrx_word' id='word_1_138' title='bbox 3789 918 3867 971; x_wconf 80' lang='grc' dir='ltr'>τοῦ</span> 
     </span>
    </p>
   </div>
   <div class='ocr_carea' id='block_1_24' title="bbox 2307 1003 3868 1075">
    <p class='ocr_par' dir='ltr' id='par_1_24' title="bbox 2307 1003 3868 1075">
     <span class='ocr_line' id='line_1_24' title="bbox 2307 1003 3868 1075; baseline 0.003 -18"><span class='ocrx_word' id='word_1_139' title='bbox 2307 1003 2547 1075; x_wconf 81' lang='grc' dir='ltr'><strong>πλήθους</strong></span> <span class='ocrx_word' id='word_1_140' title='bbox 2576 1005 2814 1071; x_wconf 84' lang='grc' dir='ltr'>νικώσας</span> <span class='ocrx_word' id='word_1_141' title='bbox 2836 1024 2851 1039; x_wconf 77' lang='grc'><em>’</em></span> <span class='ocrx_word' id='word_1_142' title='bbox 2893 1009 3057 1071; x_wconf 76' lang='grc' dir='ltr'>ἄλλας</span> <span class='ocrx_word' id='word_1_143' title='bbox 3100 1009 3160 1063; x_wconf 79' lang='grc' dir='ltr'>δὲ</span> <span class='ocrx_word' id='word_1_144' title='bbox 3199 1008 3537 1073; x_wconf 76' lang='grc' dir='ltr'><strong>παλλακίδας</strong></span> <span class='ocrx_word' id='word_1_145' title='bbox 3557 1024 3571 1038; x_wconf 74' lang='grc' dir='ltr'><strong>ο</strong></span> <span class='ocrx_word' id='word_1_146' title='bbox 3612 1010 3705 1061; x_wconf 75' lang='grc' dir='ltr'>καὶ</span> <span class='ocrx_word' id='word_1_147' title='bbox 3733 1008 3868 1072; x_wconf 74' lang='grc' dir='ltr'>ἄλλας</span> 
     </span>
    </p>
   </div>
   <div class='ocr_carea' id='block_1_25' title="bbox 2309 1091 3868 1170">
    <p class='ocr_par' dir='ltr' id='par_1_25' title="bbox 2309 1091 3868 1170">
     <span class='ocr_line' id='line_1_25' title="bbox 2309 1091 3868 1170; baseline 0.005 -23"><span class='ocrx_word' id='word_1_148' title='bbox 2309 1093 2583 1165; x_wconf 80' lang='grc' dir='ltr'>βασιλίδας</span> <span class='ocrx_word' id='word_1_149' title='bbox 2613 1091 2753 1151; x_wconf 71' lang='grc' dir='ltr'>εἷναί</span> <span class='ocrx_word' id='word_1_150' title='bbox 2795 1114 2960 1170; x_wconf 83' lang='grc' dir='ltr'>φησιν</span> <span class='ocrx_word' id='word_1_151' title='bbox 3005 1122 3019 1137; x_wconf 83' lang='grc' dir='ltr'><strong>ο</strong></span> <span class='ocrx_word' id='word_1_152' title='bbox 3051 1099 3375 1154; x_wconf 73' lang='grc' dir='ltr'>όκποδεκάδι</span> <span class='ocrx_word' id='word_1_153' title='bbox 3400 1099 3515 1153; x_wconf 85' lang='grc' dir='ltr'><strong>τῶν</strong></span> <span class='ocrx_word' id='word_1_154' title='bbox 3559 1099 3868 1155; x_wconf 79' lang='grc' dir='ltr'>παλλακίδων</span> 
     </span>
    </p>
   </div>
   <div class='ocr_carea' id='block_1_26' title="bbox 2304 1185 3867 1261">
    <p class='ocr_par' dir='ltr' id='par_1_26' title="bbox 2304 1185 3867 1261">
     <span class='ocr_line' id='line_1_26' title="bbox 2304 1185 3867 1261; baseline 0.002 -23"><span class='ocrx_word' id='word_1_155' title='bbox 2304 1185 2398 1239; x_wconf 77' lang='grc' dir='ltr'><strong>τδν</strong></span> <span class='ocrx_word' id='word_1_156' title='bbox 2429 1187 2661 1259; x_wconf 71' lang='grc' dir='ltr'>ἀριθμὸν</span> <span class='ocrx_word' id='word_1_157' title='bbox 2701 1187 3047 1261; x_wconf 81' lang='grc' dir='ltr'>περιγράψας</span> <span class='ocrx_word' id='word_1_158' title='bbox 3067 1204 3081 1219; x_wconf 76' lang='grc' dir='ltr'><strong>ο</strong></span> <span class='ocrx_word' id='word_1_159' title='bbox 3105 1189 3207 1253; x_wconf 83' lang='grc' dir='ltr'><strong>τάς</strong></span> <span class='ocrx_word' id='word_1_160' title='bbox 3226 1188 3283 1244; x_wconf 77' lang='grc' dir='ltr'>δὲ</span> <span class='ocrx_word' id='word_1_161' title='bbox 3325 1188 3611 1260; x_wconf 81' lang='grc' dir='ltr'>βασιλίδας</span> <span class='ocrx_word' id='word_1_162' title='bbox 3633 1189 3867 1243; x_wconf 78' lang='grc' dir='ltr'>συντελεῖν</span> 
     </span>
    </p>
   </div>
   <div class='ocr_carea' id='block_1_27' title="bbox 2306 1277 3867 1352">
    <p class='ocr_par' dir='ltr' id='par_1_27' title="bbox 2306 1277 3867 1352">
     <span class='ocr_line' id='line_1_27' title="bbox 2306 1277 3867 1352; baseline 0.002 -21"><span class='ocrx_word' id='word_1_163' title='bbox 2306 1277 2477 1332; x_wconf 86' lang='grc' dir='ltr'>είπὼν</span> <span class='ocrx_word' id='word_1_164' title='bbox 2528 1280 2608 1344; x_wconf 89' lang='grc' dir='ltr'><strong>είς</strong></span> <span class='ocrx_word' id='word_1_165' title='bbox 2659 1277 2943 1351; x_wconf 79' lang='grc' dir='ltr'>ἑξήκοντα,</span> <span class='ocrx_word' id='word_1_166' title='bbox 2978 1280 3301 1352; x_wconf 81' lang='grc' dir='ltr'>ὑπερτίθησι</span> <span class='ocrx_word' id='word_1_167' title='bbox 3351 1280 3546 1334; x_wconf 78' lang='grc' dir='ltr'>πασῶν</span> <span class='ocrx_word' id='word_1_168' title='bbox 3596 1280 3696 1352; x_wconf 78' lang='grc' dir='ltr'>τὴν</span> <span class='ocrx_word' id='word_1_169' title='bbox 3736 1283 3787 1335; x_wconf 77' lang='grc' dir='ltr'>ὲν</span> <span class='ocrx_word' id='word_1_170' title='bbox 3814 1284 3867 1352; x_wconf 76' lang='grc' dir='ltr'>τῇ</span> 
     </span>
    </p>
   </div>
   <div class='ocr_carea' id='block_1_28' title="bbox 2310 1364 3869 1445">
    <p class='ocr_par' dir='ltr' id='par_1_28' title="bbox 2310 1364 3869 1445">
     <span class='ocr_line' id='line_1_28' title="bbox 2310 1364 3869 1445; baseline 0.002 -21"><span class='ocrx_word' id='word_1_171' title='bbox 2310 1370 2495 1440; x_wconf 83' lang='grc' dir='ltr'>μονάδι</span> <span class='ocrx_word' id='word_1_172' title='bbox 2523 1364 2903 1443; x_wconf 72' lang='grc' dir='ltr'>θεωρουμένην</span> <span class='ocrx_word' id='word_1_173' title='bbox 2939 1372 3147 1427; x_wconf 87' lang='grc' dir='ltr'>τελείαν</span> <span class='ocrx_word' id='word_1_174' title='bbox 3187 1373 3545 1445; x_wconf 76' lang='grc' dir='ltr'>περιστερὰν,</span> <span class='ocrx_word' id='word_1_175' title='bbox 3577 1376 3646 1443; x_wconf 68' lang='grc' dir='ltr'>ἢν</span> <span class='ocrx_word' id='word_1_176' title='bbox 3674 1373 3761 1428; x_wconf 73' lang='grc' dir='ltr'>καὶ</span> <span class='ocrx_word' id='word_1_177' title='bbox 3796 1375 3869 1444; x_wconf 77' lang='grc' dir='ltr'>μό-</span> 
     </span>
    </p>
   </div>
   <div class='ocr_carea' id='block_1_29' title="bbox 2305 1463 3866 1540">
    <p class='ocr_par' dir='ltr' id='par_1_29' title="bbox 2305 1463 3866 1540">
     <span class='ocr_line' id='line_1_29' title="bbox 2305 1463 3866 1540; baseline -0.002 -17"><span class='ocrx_word' id='word_1_178' title='bbox 2305 1478 2407 1531; x_wconf 81' lang='grc' dir='ltr'><strong>νην</strong></span> <span class='ocrx_word' id='word_1_179' title='bbox 2440 1464 2513 1534; x_wconf 71' lang='grc' dir='ltr'><strong>τῇ</strong></span> <span class='ocrx_word' id='word_1_180' title='bbox 2540 1464 2726 1535; x_wconf 72' lang='grc' dir='ltr'>μητρὶ,</span> <span class='ocrx_word' id='word_1_181' title='bbox 2760 1464 2855 1518; x_wconf 78' lang='grc' dir='ltr'>καὶ</span> <span class='ocrx_word' id='word_1_182' title='bbox 2882 1465 3201 1537; x_wconf 78' lang='grc' dir='ltr'><strong>ἐκλεκτικὴν</strong></span> <span class='ocrx_word' id='word_1_183' title='bbox 3237 1463 3375 1522; x_wconf 72' lang='grc' dir='ltr'>εἶναι</span> <span class='ocrx_word' id='word_1_184' title='bbox 3417 1470 3488 1540; x_wconf 80' lang='grc' dir='ltr'><strong>τῇ</strong></span> <span class='ocrx_word' id='word_1_185' title='bbox 3522 1466 3755 1539; x_wconf 79' lang='grc' dir='ltr'>τεκούσῃ</span> <span class='ocrx_word' id='word_1_186' title='bbox 3788 1465 3866 1521; x_wconf 82' lang='grc' dir='ltr'>αύ-</span> 
     </span>
    </p>
   </div>
   <div class='ocr_carea' id='block_1_30' title="bbox 2304 1552 3868 1626">
    <p class='ocr_par' dir='ltr' id='par_1_30' title="bbox 2304 1552 3868 1626">
     <span class='ocr_line' id='line_1_30' title="bbox 2304 1552 3868 1626; baseline 0.003 -20"><span class='ocrx_word' id='word_1_187' title='bbox 2304 1552 2403 1625; x_wconf 80' lang='grc' dir='ltr'>τὴν</span> <span class='ocrx_word' id='word_1_188' title='bbox 2431 1554 2810 1624; x_wconf 83' lang='grc' dir='ltr'>ἀποφαίνεται.</span> <span class='ocrx_word' id='word_1_189' title='bbox 2858 1556 3043 1611; x_wconf 83' lang='grc' dir='ltr'>Ταῦτα</span> <span class='ocrx_word' id='word_1_190' title='bbox 3087 1553 3181 1612; x_wconf 79' lang='grc' dir='ltr'>οὖν</span> <span class='ocrx_word' id='word_1_191' title='bbox 3223 1559 3311 1614; x_wconf 82' lang='grc' dir='ltr'><strong>διὰ</strong></span> <span class='ocrx_word' id='word_1_192' title='bbox 3342 1559 3452 1615; x_wconf 86' lang='grc' dir='ltr'><strong>τῶν</strong></span> <span class='ocrx_word' id='word_1_193' title='bbox 3495 1559 3660 1614; x_wconf 86' lang='grc' dir='ltr'>θείων</span> <span class='ocrx_word' id='word_1_194' title='bbox 3706 1557 3868 1626; x_wconf 71' lang='grc' dir='ltr'>λογίων</span> 
     </span>
    </p>
   </div>
   <div class='ocr_carea' id='block_1_31' title="bbox 2308 1646 3865 1723">
    <p class='ocr_par' dir='ltr' id='par_1_31' title="bbox 2308 1646 3865 1723">
     <span class='ocr_line' id='line_1_31' title="bbox 2308 1646 3865 1723; baseline 0.005 -25"><span class='ocrx_word' id='word_1_195' title='bbox 2308 1647 2448 1699; x_wconf 84' lang='grc' dir='ltr'>νοεῖν</span> <span class='ocrx_word' id='word_1_196' title='bbox 2472 1646 2798 1718; x_wconf 73' lang='grc' dir='ltr'>ἐναγόμεθα,</span> <span class='ocrx_word' id='word_1_197' title='bbox 2823 1649 2907 1703; x_wconf 82' lang='grc' dir='ltr'>ὅτι</span> <span class='ocrx_word' id='word_1_198' title='bbox 2947 1649 3017 1719; x_wconf 48' lang='grc' dir='ltr'><strong>οἱ,</strong></span> <span class='ocrx_word' id='word_1_199' title='bbox 3040 1650 3139 1721; x_wconf 81' lang='grc' dir='ltr'>μὲν</span> <span class='ocrx_word' id='word_1_200' title='bbox 3166 1651 3289 1723; x_wconf 77' lang='grc' dir='ltr'>ἄρτι</span> <span class='ocrx_word' id='word_1_201' title='bbox 3319 1650 3516 1722; x_wconf 78' lang='grc' dir='ltr'>νηδύος</span> <span class='ocrx_word' id='word_1_202' title='bbox 3552 1651 3699 1715; x_wconf 79' lang='grc' dir='ltr'>τινὸς</span> <span class='ocrx_word' id='word_1_203' title='bbox 3716 1651 3803 1721; x_wconf 82' lang='grc' dir='ltr'>τῆς</span> <span class='ocrx_word' id='word_1_204' title='bbox 3820 1651 3865 1713; x_wconf 67' lang='grc' dir='ltr'>ἐν</span> 
     </span>
    </p>
   </div>
   <div class='ocr_carea' id='block_1_32' title="bbox 615 1716 2202 1813">
    <p class='ocr_par' dir='ltr' id='par_1_32' title="bbox 615 1716 2201 1802">
     <span class='ocr_line' id='line_1_32' title="bbox 615 1716 2201 1802; baseline 0.009 -30"><span class='ocrx_word' id='word_1_205' title='bbox 615 1716 769 1784; x_wconf 79' lang='lat' dir='ltr'><strong>bam,</strong></span> <span class='ocrx_word' id='word_1_206' title='bbox 808 1734 971 1790; x_wconf 91' lang='lat' dir='ltr'><strong>quam</strong></span> <span class='ocrx_word' id='word_1_207' title='bbox 1010 1723 1185 1779; x_wconf 86' lang='lat' dir='ltr'><strong>solam</strong></span> <span class='ocrx_word' id='word_1_208' title='bbox 1216 1726 1401 1795; x_wconf 85' lang='lat' dir='ltr'><strong>matri,</strong></span> <span class='ocrx_word' id='word_1_209' title='bbox 1423 1735 1479 1783; x_wconf 90' lang='lat' dir='ltr'><strong>et</strong></span> <span class='ocrx_word' id='word_1_210' title='bbox 1526 1729 1761 1785; x_wconf 89' lang='lat' dir='ltr'><strong>electam</strong></span> <span class='ocrx_word' id='word_1_211' title='bbox 1793 1746 1920 1788; x_wconf 86' lang='lat' dir='ltr'><strong>esse</strong></span> <span class='ocrx_word' id='word_1_212' title='bbox 1948 1732 2201 1802; x_wconf 88' lang='lat' dir='ltr'><strong>genitrici</strong></span> 
     </span>
    </p>
   </div>
   <div class='ocr_carea' id='block_1_33' title="bbox 2304 1716 3865 1813">
    <p class='ocr_par' dir='ltr' id='par_1_33' title="bbox 2311 1716 3865 1813">
     <span class='ocr_line' id='line_1_33' title="bbox 2311 1716 3865 1813; baseline 0.001 -24"><span class='ocrx_word' id='word_1_213' title='bbox 2311 1735 2464 1807; x_wconf 90' lang='grc' dir='ltr'>βάθει</span> <span class='ocrx_word' id='word_1_214' title='bbox 2514 1716 2772 1809; x_wconf 63' lang='grc' dir='ltr'>κειμένης</span> <span class='ocrx_word' id='word_1_215' title='bbox 2788 1716 3052 1812; x_wconf 58' lang='grc' dir='ltr'>,ἀπάτης</span> <span class='ocrx_word' id='word_1_216' title='bbox 3082 1740 3186 1808; x_wconf 78' lang='grc' dir='ltr'><strong>ἔξω</strong></span> <span class='ocrx_word' id='word_1_217' title='bbox 3207 1716 3544 1813; x_wconf 50' lang='grc' dir='ltr'>γενόμενόι,</span> <span class='ocrx_word' id='word_1_218' title='bbox 3600 1716 3865 1813; x_wconf 76' lang='grc' dir='ltr'>ἀρτιγενείς</span> 
     </span>
    </p>
   </div>
   <div class='ocr_carea' id='block_1_34' title="bbox 615 1799 2202 1917">
    <p class='ocr_par' dir='ltr' id='par_1_34' title="bbox 615 1799 2202 1889">
     <span class='ocr_line' id='line_1_34' title="bbox 615 1799 2202 1889; baseline 0.006 -22"><span class='ocrx_word' id='word_1_219' title='bbox 615 1823 737 1867; x_wconf 78' lang='lat' dir='ltr'><strong>suae</strong></span> <span class='ocrx_word' id='word_1_220' title='bbox 770 1814 1110 1882; x_wconf 86' lang='lat' dir='ltr'><strong>pronuntiat.</strong></span> <span class='ocrx_word' id='word_1_221' title='bbox 1135 1815 1325 1887; x_wconf 85' lang='lat' dir='ltr'><strong>Itaque</strong></span> <span class='ocrx_word' id='word_1_222' title='bbox 1361 1834 1460 1889; x_wconf 90' lang='lat' dir='ltr'><strong>per</strong></span> <span class='ocrx_word' id='word_1_223' title='bbox 1486 1820 1605 1876; x_wconf 67' lang='lat' dir='ltr'><strong>haec</strong></span> <span class='ocrx_word' id='word_1_224' title='bbox 1629 1820 1818 1877; x_wconf 90' lang='lat' dir='ltr'><strong>divina</strong></span> <span class='ocrx_word' id='word_1_225' title='bbox 1849 1799 2077 1878; x_wconf 79' lang='lat' dir='ltr'><strong>oracula</strong></span> <span class='ocrx_word' id='word_1_226' title='bbox 2120 1822 2202 1879; x_wconf 92' lang='lat' dir='ltr'><strong>di-</strong></span> 
     </span>
    </p>
   </div>
   <div class='ocr_carea' id='block_1_35' title="bbox 2304 1799 3864 1917">
    <p class='ocr_par' dir='ltr' id='par_1_35' title="bbox 2308 1799 3864 1917">
     <span class='ocr_line' id='line_1_35' title="bbox 2308 1799 3864 1917; baseline 0.001 -36"><span class='ocrx_word' id='word_1_227' title='bbox 2308 1799 2451 1890; x_wconf 75' lang='grc' dir='ltr'>τινες</span> <span class='ocrx_word' id='word_1_228' title='bbox 2479 1799 2648 1894; x_wconf 71' lang='grc' dir='ltr'>ὄντες,</span> <span class='ocrx_word' id='word_1_229' title='bbox 2687 1799 2810 1883; x_wconf 46' lang='lat' dir='ltr'><strong>acc-1i.—</strong></span> <span class='ocrx_word' id='word_1_230' title='bbox 2824 1799 3414 1917; x_wconf 38' lang='lat' dir='ltr'><strong>oﬁmvompepmpévm</strong></span> <span class='ocrx_word' id='word_1_231' title='bbox 3454 1799 3542 1886; x_wconf 64' lang='grc' dir='ltr'><strong>ἐν⁷</strong></span> <span class='ocrx_word' id='word_1_232' title='bbox 3570 1799 3769 1896; x_wconf 72' lang='grc' dir='ltr'>ἑαυτοές</span> <span class='ocrx_word' id='word_1_233' title='bbox 3794 1799 3864 1884; x_wconf 55' lang='grc' dir='ltr'><strong>τιδέ</strong></span> 
     </span>
    </p>
   </div>
   <div class='ocr_carea' id='block_1_36' title="bbox 617 1901 2205 1981">
    <p class='ocr_par' dir='ltr' id='par_1_36' title="bbox 617 1901 2205 1981">
     <span class='ocr_line' id='line_1_36' title="bbox 617 1901 2205 1981; baseline 0.008 -24"><span class='ocrx_word' id='word_1_234' title='bbox 617 1901 853 1971; x_wconf 71' lang='lat' dir='ltr'><strong>scimus,</strong></span> <span class='ocrx_word' id='word_1_235' title='bbox 880 1907 1178 1963; x_wconf 89' lang='lat' dir='ltr'><strong>nonnullos</strong></span> <span class='ocrx_word' id='word_1_236' title='bbox 1206 1908 1300 1978; x_wconf 83' lang='lat' dir='ltr'><strong>qui</strong></span> <span class='ocrx_word' id='word_1_237' title='bbox 1328 1925 1441 1967; x_wconf 88' lang='lat' dir='ltr'><strong>non</strong></span> <span class='ocrx_word' id='word_1_238' title='bbox 1462 1910 1539 1965; x_wconf 90' lang='lat' dir='ltr'><strong>ita</strong></span> <span class='ocrx_word' id='word_1_239' title='bbox 1570 1911 1780 1981; x_wconf 86' lang='lat' dir='ltr'><strong>pridem</strong></span> <span class='ocrx_word' id='word_1_240' title='bbox 1818 1912 1967 1968; x_wconf 81' lang='lat' dir='ltr'><strong>velut</strong></span> <span class='ocrx_word' id='word_1_241' title='bbox 1996 1928 2061 1967; x_wconf 83' lang='lat' dir='ltr'><strong>ex</strong></span> <span class='ocrx_word' id='word_1_242' title='bbox 2083 1911 2205 1969; x_wconf 76' lang='lat' dir='ltr'><strong>alvo</strong></span> 
     </span>
    </p>
   </div>
   <div class='ocr_carea' id='block_1_37' title="bbox 616 1991 2207 2073">
    <p class='ocr_par' dir='ltr' id='par_1_37' title="bbox 616 1991 2207 2073">
     <span class='ocr_line' id='line_1_37' title="bbox 616 1991 2207 2073; baseline 0.007 -25"><span class='ocrx_word' id='word_1_243' title='bbox 616 1992 856 2064; x_wconf 84' lang='lat' dir='ltr'><strong>quadam</strong></span> <span class='ocrx_word' id='word_1_244' title='bbox 885 1995 942 2050; x_wconf 93' lang='lat' dir='ltr'><strong>in</strong></span> <span class='ocrx_word' id='word_1_245' title='bbox 973 1996 1082 2052; x_wconf 89' lang='lat' dir='ltr'><strong>imo</strong></span> <span class='ocrx_word' id='word_1_246' title='bbox 1106 1998 1198 2053; x_wconf 84' lang='lat' dir='ltr'><strong>siti</strong></span> <span class='ocrx_word' id='word_1_247' title='bbox 1229 1991 1439 2056; x_wconf 75' lang='lat' dir='ltr'><strong>erroris</strong></span> <span class='ocrx_word' id='word_1_248' title='bbox 1462 2001 1785 2071; x_wconf 88' lang='lat' dir='ltr'><strong>prodierint,</strong></span> <span class='ocrx_word' id='word_1_249' title='bbox 1818 2002 2087 2073; x_wconf 84' lang='lat' dir='ltr'><strong>quasique</strong></span> <span class='ocrx_word' id='word_1_250' title='bbox 2119 2018 2207 2059; x_wconf 88' lang='lat' dir='ltr'><strong>re-</strong></span> 
     </span>
    </p>
   </div>
   <div class='ocr_carea' id='block_1_38' title="bbox 602 2078 2208 2161">
    <p class='ocr_par' dir='ltr' id='par_1_38' title="bbox 602 2078 2208 2161">
     <span class='ocr_line' id='line_1_38' title="bbox 602 2078 2208 2161; baseline 0.005 -23"><span class='ocrx_word' id='word_1_251' title='bbox 602 2078 751 2138; x_wconf 56' lang='lat' dir='ltr'><strong>‘cens</strong></span> <span class='ocrx_word' id='word_1_252' title='bbox 785 2083 947 2148; x_wconf 87' lang='lat' dir='ltr'><strong>editi,</strong></span> <span class='ocrx_word' id='word_1_253' title='bbox 986 2086 1219 2142; x_wconf 85' lang='lat' dir='ltr'><strong>necdum</strong></span> <span class='ocrx_word' id='word_1_254' title='bbox 1245 2091 1517 2145; x_wconf 87' lang='lat' dir='ltr'><strong>sermonis</strong></span> <span class='ocrx_word' id='word_1_255' title='bbox 1535 2090 1810 2146; x_wconf 88' lang='lat' dir='ltr'><strong>articulati</strong></span> <span class='ocrx_word' id='word_1_256' title='bbox 1843 2106 2079 2161; x_wconf 85' lang='lat' dir='ltr'><strong>capaces</strong></span> <span class='ocrx_word' id='word_1_257' title='bbox 2095 2092 2208 2148; x_wconf 91' lang='lat' dir='ltr'><strong>sint</strong></span> 
     </span>
    </p>
   </div>
   <div class='ocr_carea' id='block_1_39' title="bbox 615 2178 2207 2253">
    <p class='ocr_par' dir='ltr' id='par_1_39' title="bbox 615 2178 2207 2253">
     <span class='ocr_line' id='line_1_39' title="bbox 615 2178 2207 2253; baseline 0.004 -22"><span class='ocrx_word' id='word_1_258' title='bbox 615 2186 840 2247; x_wconf 81' lang='lat' dir='ltr'><strong>propter</strong></span> <span class='ocrx_word' id='word_1_259' title='bbox 877 2178 1255 2235; x_wconf 86' lang='lat' dir='ltr'><strong>assensionem</strong></span> <span class='ocrx_word' id='word_1_260' title='bbox 1304 2179 1424 2236; x_wconf 76' lang='lat' dir='ltr'><strong>fidei</strong></span> <span class='ocrx_word' id='word_1_261' title='bbox 1455 2196 1567 2235; x_wconf 92' lang='lat' dir='ltr'><strong>non</strong></span> <span class='ocrx_word' id='word_1_262' title='bbox 1607 2182 1745 2238; x_wconf 81' lang='lat' dir='ltr'><strong>satis</strong></span> <span class='ocrx_word' id='word_1_263' title='bbox 1779 2196 1809 2235; x_wconf 87' lang='lat' dir='ltr'><strong>a</strong></span> <span class='ocrx_word' id='word_1_264' title='bbox 1833 2184 2047 2239; x_wconf 87' lang='lat' dir='ltr'><strong>ratione</strong></span> <span class='ocrx_word' id='word_1_265' title='bbox 2068 2197 2207 2253; x_wconf 69' lang='lat' dir='ltr'><strong>con;</strong></span> 
     </span>
    </p>
   </div>
   <div class='ocr_carea' id='block_1_40' title="bbox 616 2264 2208 2344">
    <p class='ocr_par' dir='ltr' id='par_1_40' title="bbox 616 2264 2208 2344">
     <span class='ocr_line' id='line_1_40' title="bbox 616 2264 2208 2344; baseline 0.006 -24"><span class='ocrx_word' id='word_1_266' title='bbox 616 2264 917 2334; x_wconf 78' lang='lat' dir='ltr'><strong>firmatam,</strong></span> <span class='ocrx_word' id='word_1_267' title='bbox 959 2283 1190 2326; x_wconf 90' lang='lat' dir='ltr'><strong>numero</strong></span> <span class='ocrx_word' id='word_1_268' title='bbox 1228 2269 1476 2326; x_wconf 75' lang='lat' dir='ltr'><strong>infinitos</strong></span> <span class='ocrx_word' id='word_1_269' title='bbox 1498 2286 1621 2327; x_wconf 89' lang='lat' dir='ltr'><strong>esse</strong></span> <span class='ocrx_word' id='word_1_270' title='bbox 1654 2271 1910 2342; x_wconf 74' lang='lat' dir='ltr'><strong>:‘quippe</strong></span> <span class='ocrx_word' id='word_1_271' title='bbox 1928 2274 2024 2344; x_wconf 90' lang='lat' dir='ltr'><strong>qui</strong></span> <span class='ocrx_word' id='word_1_272' title='bbox 2060 2274 2208 2330; x_wconf 90' lang='lat' dir='ltr'><strong>salu-</strong></span> 
     </span>
    </p>
   </div>
   <div class='ocr_carea' id='block_1_41' title="bbox 616 2358 2208 2434">
    <p class='ocr_par' dir='ltr' id='par_1_41' title="bbox 616 2358 2208 2434">
     <span class='ocr_line' id='line_1_41' title="bbox 616 2358 2208 2434; baseline 0.009 -26"><span class='ocrx_word' id='word_1_273' title='bbox 616 2365 799 2413; x_wconf 86' lang='lat' dir='ltr'><strong>tarem</strong></span> <span class='ocrx_word' id='word_1_274' title='bbox 853 2358 1074 2428; x_wconf 82' lang='lat' dir='ltr'><strong>quidem</strong></span> <span class='ocrx_word' id='word_1_275' title='bbox 1129 2359 1210 2415; x_wconf 84' lang='lat' dir='ltr'><strong>illi</strong></span> <span class='ocrx_word' id='word_1_276' title='bbox 1255 2376 1564 2418; x_wconf 87' lang='lat' dir='ltr'><strong>sermonem</strong></span> <span class='ocrx_word' id='word_1_277' title='bbox 1612 2363 1864 2434; x_wconf 88' lang='lat' dir='ltr'><strong>mysterii</strong></span> <span class='ocrx_word' id='word_1_278' title='bbox 1898 2365 2044 2421; x_wconf 89' lang='lat' dir='ltr'><strong>sacri</strong></span> <span class='ocrx_word' id='word_1_279' title='bbox 2083 2380 2208 2422; x_wconf 87' lang='lat' dir='ltr'><strong>esse</strong></span> 
     </span>
    </p>
   </div>
   <div class='ocr_carea' id='block_1_42' title="bbox 618 2447 2208 2526">
    <p class='ocr_par' dir='ltr' id='par_1_42' title="bbox 618 2447 2208 2526">
     <span class='ocr_line' id='line_1_42' title="bbox 618 2447 2208 2526; baseline 0.006 -24"><span class='ocrx_word' id='word_1_280' title='bbox 618 2447 995 2516; x_wconf 84' lang='lat' dir='ltr'><strong>crediderunt,</strong></span> <span class='ocrx_word' id='word_1_281' title='bbox 1027 2466 1139 2507; x_wconf 76' lang='lat' dir='ltr'><strong>nan</strong></span> <span class='ocrx_word' id='word_1_282' title='bbox 1174 2460 1359 2508; x_wconf 90' lang='lat' dir='ltr'><strong>tamen</strong></span> <span class='ocrx_word' id='word_1_283' title='bbox 1391 2468 1488 2524; x_wconf 89' lang='lat' dir='ltr'><strong>per</strong></span> <span class='ocrx_word' id='word_1_284' title='bbox 1514 2453 1811 2510; x_wconf 85' lang='lat' dir='ltr'><strong>scientiam</strong></span> <span class='ocrx_word' id='word_1_285' title='bbox 1833 2456 2123 2526; x_wconf 85' lang='lat' dir='ltr'><strong>quamdam</strong></span> <span class='ocrx_word' id='word_1_286' title='bbox 2151 2458 2208 2515; x_wconf 81' lang='lat' dir='ltr'><strong>et</strong></span> 
     </span>
    </p>
   </div>
   <div class='ocr_carea' id='block_1_43' title="bbox 618 2540 2207 2620">
    <p class='ocr_par' dir='ltr' id='par_1_43' title="bbox 618 2540 2207 2620">
     <span class='ocr_line' id='line_1_43' title="bbox 618 2540 2207 2620; baseline 0.009 -26"><span class='ocrx_word' id='word_1_287' title='bbox 618 2540 1006 2596; x_wconf 75' lang='lat' dir='ltr'><strong>certitudinem</strong></span> <span class='ocrx_word' id='word_1_288' title='bbox 1029 2543 1099 2597; x_wconf 84' lang='lat' dir='ltr'><strong>ab</strong></span> <span class='ocrx_word' id='word_1_289' title='bbox 1131 2544 1253 2615; x_wconf 91' lang='lat' dir='ltr'><strong>ipso</strong></span> <span class='ocrx_word' id='word_1_290' title='bbox 1280 2559 1533 2602; x_wconf 88' lang='lat' dir='ltr'><strong>sermone</strong></span> <span class='ocrx_word' id='word_1_291' title='bbox 1566 2545 1890 2617; x_wconf 81' lang='lat' dir='ltr'><strong>profectam,</strong></span> <span class='ocrx_word' id='word_1_292' title='bbox 1925 2551 2081 2620; x_wconf 89' lang='lat' dir='ltr'><strong>quasi</strong></span> <span class='ocrx_word' id='word_1_293' title='bbox 2115 2567 2207 2608; x_wconf 81' lang='lat' dir='ltr'><strong>so-</strong></span> 
     </span>
    </p>
   </div>
   <div class='ocr_carea' id='block_1_44' title="bbox 616 2633 2202 2701">
    <p class='ocr_par' dir='ltr' id='par_1_44' title="bbox 616 2633 2202 2701">
     <span class='ocr_line' id='line_1_44' title="bbox 616 2633 2202 2701; baseline 0.006 -11"><span class='ocrx_word' id='word_1_294' title='bbox 616 2633 739 2691; x_wconf 84' lang='lat' dir='ltr'><strong>lido</strong></span> <span class='ocrx_word' id='word_1_295' title='bbox 792 2636 1119 2694; x_wconf 87' lang='lat' dir='ltr'><strong>innitentem</strong></span> <span class='ocrx_word' id='word_1_296' title='bbox 1197 2637 1557 2695; x_wconf 79' lang='lat' dir='ltr'><strong>fundamento</strong></span> <span class='ocrx_word' id='word_1_297' title='bbox 1626 2640 1915 2697; x_wconf 83' lang='lat' dir='ltr'><strong>veritatem</strong></span> <span class='ocrx_word' id='word_1_298' title='bbox 1977 2643 2202 2701; x_wconf 87' lang='lat' dir='ltr'><strong>habent.</strong></span> 
     </span>
    </p>
   </div>
   <div class='ocr_carea' id='block_1_45' title="bbox 615 2728 2206 2808">
    <p class='ocr_par' dir='ltr' id='par_1_45' title="bbox 615 2728 2206 2808">
     <span class='ocr_line' id='line_1_45' title="bbox 615 2728 2206 2808; baseline 0.006 -26"><span class='ocrx_word' id='word_1_299' title='bbox 615 2728 798 2799; x_wconf 79' lang='lat' dir='ltr'><strong>Atque</strong></span> <span class='ocrx_word' id='word_1_300' title='bbox 828 2729 911 2786; x_wconf 68' lang='lat' dir='ltr'><strong>hae</strong></span> <span class='ocrx_word' id='word_1_301' title='bbox 941 2738 1072 2786; x_wconf 85' lang='lat' dir='ltr'><strong>sunt</strong></span> <span class='ocrx_word' id='word_1_302' title='bbox 1108 2731 1214 2788; x_wconf 52' lang='lat' dir='ltr'><strong>illa).</strong></span> <span class='ocrx_word' id='word_1_303' title='bbox 1236 2732 1525 2803; x_wconf 62' lang='lat' dir='ltr'><strong>appellatae</strong></span> <span class='ocrx_word' id='word_1_304' title='bbox 1552 2731 1883 2803; x_wconf 75' lang='lat' dir='ltr'><strong>juveneulm,</strong></span> <span class='ocrx_word' id='word_1_305' title='bbox 1916 2736 2065 2807; x_wconf 91' lang='lat' dir='ltr'><strong>quod</strong></span> <span class='ocrx_word' id='word_1_306' title='bbox 2088 2737 2206 2808; x_wconf 82' lang='lat' dir='ltr'><strong>pri-</strong></span> 
     </span>
    </p>
   </div>
   <div class='ocr_carea' id='block_1_46' title="bbox 615 2822 2207 2900">
    <p class='ocr_par' dir='ltr' id='par_1_46' title="bbox 615 2822 2207 2900">
     <span class='ocr_line' id='line_1_46' title="bbox 615 2822 2207 2900; baseline 0.006 -26"><span class='ocrx_word' id='word_1_307' title='bbox 615 2834 763 2875; x_wconf 87' lang='lat' dir='ltr'><strong>mam</strong></span> <span class='ocrx_word' id='word_1_308' title='bbox 791 2822 971 2879; x_wconf 84' lang='lat' dir='ltr'><strong>adbuc</strong></span> <span class='ocrx_word' id='word_1_309' title='bbox 984 2831 1198 2881; x_wconf 67' lang='lat' dir='ltr'><strong>atatem</strong></span> <span class='ocrx_word' id='word_1_310' title='bbox 1228 2824 1575 2895; x_wconf 79' lang='lat' dir='ltr'><strong>spiritualem</strong></span> <span class='ocrx_word' id='word_1_311' title='bbox 1602 2828 1789 2896; x_wconf 82' lang='lat' dir='ltr'><strong>agant.</strong></span> <span class='ocrx_word' id='word_1_312' title='bbox 1821 2828 2079 2899; x_wconf 87' lang='lat' dir='ltr'><strong>quodque</strong></span> <span class='ocrx_word' id='word_1_313' title='bbox 2108 2845 2207 2900; x_wconf 90' lang='lat' dir='ltr'><strong>per</strong></span> 
     </span>
    </p>
   </div>
   <div class='ocr_carea' id='block_1_47' title="bbox 615 2904 2203 2983">
    <p class='ocr_par' dir='ltr' id='par_1_47' title="bbox 615 2904 2203 2983">
     <span class='ocr_line' id='line_1_47' title="bbox 615 2904 2203 2983; baseline 0.008 -20"><span class='ocrx_word' id='word_1_314' title='bbox 615 2904 747 2963; x_wconf 74' lang='lat' dir='ltr'><strong>ﬁdei</strong></span> <span class='ocrx_word' id='word_1_315' title='bbox 781 2924 1093 2967; x_wconf 75' lang='lat' dir='ltr'><strong>sermonem</strong></span> <span class='ocrx_word' id='word_1_316' title='bbox 1115 2913 1332 2983; x_wconf 68' lang='lat' dir='ltr'><strong>genita,</strong></span> <span class='ocrx_word' id='word_1_317' title='bbox 1350 2911 1585 2971; x_wconf 82' lang='lat' dir='ltr'><strong>necdum</strong></span> <span class='ocrx_word' id='word_1_318' title='bbox 1612 2915 1978 2973; x_wconf 83' lang='lat' dir='ltr'><strong>conveniente</strong></span> <span class='ocrx_word' id='word_1_319' title='bbox 2021 2917 2203 2975; x_wconf 84' lang='lat' dir='ltr'><strong>incre-</strong></span> 
     </span>
    </p>
   </div>
   <div class='ocr_carea' id='block_1_48' title="bbox 614 3001 2204 3079">
    <p class='ocr_par' dir='ltr' id='par_1_48' title="bbox 614 3001 2204 3079">
     <span class='ocr_line' id='line_1_48' title="bbox 614 3001 2204 3079; baseline 0.004 -20"><span class='ocrx_word' id='word_1_320' title='bbox 614 3009 806 3059; x_wconf 77' lang='lat' dir='ltr'><strong>mento</strong></span> <span class='ocrx_word' id='word_1_321' title='bbox 858 3001 1128 3072; x_wconf 84' lang='lat' dir='ltr'><strong>ejusmodi</strong></span> <span class='ocrx_word' id='word_1_322' title='bbox 1184 3002 1343 3060; x_wconf 63' lang='lat' dir='ltr'><strong>facta</strong></span> <span class='ocrx_word' id='word_1_323' title='bbox 1373 3004 1506 3071; x_wconf 87' lang='lat' dir='ltr'><strong>sint,</strong></span> <span class='ocrx_word' id='word_1_324' title='bbox 1541 3012 1598 3060; x_wconf 92' lang='lat' dir='ltr'><strong>ut</strong></span> <span class='ocrx_word' id='word_1_325' title='bbox 1629 3005 1715 3062; x_wconf 92' lang='lat' dir='ltr'><strong>vel</strong></span> <span class='ocrx_word' id='word_1_326' title='bbox 1737 3013 1954 3063; x_wconf 66' lang='lat' dir='ltr'><strong>aetatem</strong></span> <span class='ocrx_word' id='word_1_327' title='bbox 1996 3010 2204 3079; x_wconf 80' lang='lat' dir='ltr'><strong>nuptiis</strong></span> 
     </span>
    </p>
   </div>
   <div class='ocr_carea' id='block_1_49' title="bbox 614 3094 2203 3168">
    <p class='ocr_par' dir='ltr' id='par_1_49' title="bbox 614 3094 2203 3168">
     <span class='ocr_line' id='line_1_49' title="bbox 614 3094 2203 3168; baseline 0.004 -18"><span class='ocrx_word' id='word_1_328' title='bbox 614 3101 889 3150; x_wconf 83' lang='lat' dir='ltr'><strong>maturam</strong></span> <span class='ocrx_word' id='word_1_329' title='bbox 921 3094 1227 3164; x_wconf 75' lang='lat' dir='ltr'><strong>attigerint,</strong></span> <span class='ocrx_word' id='word_1_330' title='bbox 1254 3095 1344 3152; x_wconf 87' lang='lat' dir='ltr'><strong>vel</strong></span> <span class='ocrx_word' id='word_1_331' title='bbox 1383 3096 1439 3152; x_wconf 90' lang='lat' dir='ltr'><strong>in</strong></span> <span class='ocrx_word' id='word_1_332' title='bbox 1467 3096 1647 3152; x_wconf 90' lang='lat' dir='ltr'><strong>virum</strong></span> <span class='ocrx_word' id='word_1_333' title='bbox 1675 3097 1977 3168; x_wconf 81' lang='lat' dir='ltr'><strong>perfectum</strong></span> <span class='ocrx_word' id='word_1_334' title='bbox 2012 3115 2203 3157; x_wconf 84' lang='lat' dir='ltr'><strong>evase-</strong></span> 
     </span>
    </p>
   </div>
   <div class='ocr_carea' id='block_1_50' title="bbox 613 3186 2200 3259">
    <p class='ocr_par' dir='ltr' id='par_1_50' title="bbox 613 3186 2200 3259">
     <span class='ocr_line' id='line_1_50' title="bbox 613 3186 2200 3259; baseline 0.003 -17"><span class='ocrx_word' id='word_1_335' title='bbox 613 3186 762 3251; x_wconf 81' lang='lat' dir='ltr'><strong>rint,</strong></span> <span class='ocrx_word' id='word_1_336' title='bbox 801 3186 886 3242; x_wconf 86' lang='lat' dir='ltr'><strong>vel</strong></span> <span class='ocrx_word' id='word_1_337' title='bbox 931 3201 1246 3242; x_wconf 91' lang='lat' dir='ltr'><strong>mensuram</strong></span> <span class='ocrx_word' id='word_1_338' title='bbox 1288 3187 1498 3258; x_wconf 90' lang='lat' dir='ltr'><strong>nuptiis</strong></span> <span class='ocrx_word' id='word_1_339' title='bbox 1539 3197 1682 3259; x_wconf 71' lang='lat' dir='ltr'><strong>apta:</strong></span> <span class='ocrx_word' id='word_1_340' title='bbox 1717 3188 1896 3246; x_wconf 68' lang='lat' dir='ltr'><strong>aetatis</strong></span> <span class='ocrx_word' id='word_1_341' title='bbox 1934 3198 2200 3247; x_wconf 62' lang='lat' dir='ltr'><strong>assecuta:</strong></span> 
     </span>
    </p>
   </div>
   <div class='ocr_carea' id='block_1_51' title="bbox 614 3277 2199 3355">
    <p class='ocr_par' dir='ltr' id='par_1_51' title="bbox 614 3277 2199 3355">
     <span class='ocr_line' id='line_1_51' title="bbox 614 3277 2199 3355; baseline 0.003 -21"><span class='ocrx_word' id='word_1_342' title='bbox 614 3278 753 3343; x_wconf 72' lang='lat' dir='ltr'><strong>sint,</strong></span> <span class='ocrx_word' id='word_1_343' title='bbox 783 3286 845 3332; x_wconf 82' lang='lat' dir='ltr'><strong>ut</strong></span> <span class='ocrx_word' id='word_1_344' title='bbox 867 3292 933 3334; x_wconf 77' lang='lat' dir='ltr'><strong>ex</strong></span> <span class='ocrx_word' id='word_1_345' title='bbox 970 3277 1064 3335; x_wconf 88' lang='lat' dir='ltr'><strong>Dei</strong></span> <span class='ocrx_word' id='word_1_346' title='bbox 1093 3287 1242 3336; x_wconf 91' lang='lat' dir='ltr'><strong>metu</strong></span> <span class='ocrx_word' id='word_1_347' title='bbox 1276 3278 1421 3336; x_wconf 71' lang='lat' dir='ltr'><strong>ferre</strong></span> <span class='ocrx_word' id='word_1_348' title='bbox 1456 3289 1676 3337; x_wconf 87' lang='lat' dir='ltr'><strong>uterum</strong></span> <span class='ocrx_word' id='word_1_349' title='bbox 1722 3282 1960 3352; x_wconf 85' lang='lat' dir='ltr'><strong>possint,</strong></span> <span class='ocrx_word' id='word_1_350' title='bbox 1995 3291 2050 3339; x_wconf 92' lang='lat' dir='ltr'><strong>et</strong></span> <span class='ocrx_word' id='word_1_351' title='bbox 2088 3285 2199 3355; x_wconf 89' lang='lat' dir='ltr'><strong>spi-</strong></span> 
     </span>
    </p>
   </div>
   <div class='ocr_carea' id='block_1_52' title="bbox 613 3368 2198 3445">
    <p class='ocr_par' dir='ltr' id='par_1_52' title="bbox 613 3368 2198 3445">
     <span class='ocr_line' id='line_1_52' title="bbox 613 3368 2198 3445; baseline 0.006 -24"><span class='ocrx_word' id='word_1_352' title='bbox 613 3368 786 3423; x_wconf 80' lang='lat' dir='ltr'><strong>ritum</strong></span> <span class='ocrx_word' id='word_1_353' title='bbox 816 3368 1015 3425; x_wconf 85' lang='lat' dir='ltr'><strong>salutis</strong></span> <span class='ocrx_word' id='word_1_354' title='bbox 1043 3368 1287 3440; x_wconf 76' lang='lat' dir='ltr'><strong>gignere.</strong></span> <span class='ocrx_word' id='word_1_355' title='bbox 1341 3369 1608 3427; x_wconf 83' lang='lat' dir='ltr'><strong>Nimirum</strong></span> <span class='ocrx_word' id='word_1_356' title='bbox 1644 3372 1825 3429; x_wconf 88' lang='lat' dir='ltr'><strong>adhuc</strong></span> <span class='ocrx_word' id='word_1_357' title='bbox 1862 3384 2087 3445; x_wconf 84' lang='lat' dir='ltr'><strong>propter</strong></span> <span class='ocrx_word' id='word_1_358' title='bbox 2109 3376 2198 3430; x_wconf 84' lang='lat' dir='ltr'><strong>iu-</strong></span> 
     </span>
    </p>
   </div>
   <div class='ocr_carea' id='block_1_53' title="bbox 2310 1918 3865 1996">
    <p class='ocr_par' dir='ltr' id='par_1_53' title="bbox 2310 1918 3865 1996">
     <span class='ocr_line' id='line_1_53' title="bbox 2310 1918 3865 1996; baseline 0.004 -25"><span class='ocrx_word' id='word_1_359' title='bbox 2310 1918 2466 1987; x_wconf 87' lang='grc' dir='ltr'>λόγον</span> <span class='ocrx_word' id='word_1_360' title='bbox 2491 1922 2857 1992; x_wconf 84' lang='grc' dir='ltr'>χωρήσαντες,</span> <span class='ocrx_word' id='word_1_361' title='bbox 2896 1925 2962 1994; x_wconf 84' lang='grc' dir='ltr'><strong>τῇ</strong></span> <span class='ocrx_word' id='word_1_362' title='bbox 3004 1923 3315 1996; x_wconf 75' lang='grc' dir='ltr'>ἀλογωτέρα</span> <span class='ocrx_word' id='word_1_363' title='bbox 3372 1924 3766 1995; x_wconf 81' lang='grc' dir='ltr'>συγκαταθέσει</span> <span class='ocrx_word' id='word_1_364' title='bbox 3788 1924 3865 1993; x_wconf 78' lang='grc' dir='ltr'>τῆς</span> 
     </span>
    </p>
   </div>
   <div class='ocr_carea' id='block_1_54' title="bbox 2308 2008 3863 2088">
    <p class='ocr_par' dir='ltr' id='par_1_54' title="bbox 2308 2008 3863 2088">
     <span class='ocr_line' id='line_1_54' title="bbox 2308 2008 3863 2088; baseline 0.003 -26"><span class='ocrx_word' id='word_1_365' title='bbox 2308 2008 2544 2075; x_wconf 86' lang='grc' dir='ltr'>πίστεως</span> <span class='ocrx_word' id='word_1_366' title='bbox 2572 2014 2630 2065; x_wconf 83' lang='grc' dir='ltr'>ὲν</span> <span class='ocrx_word' id='word_1_367' title='bbox 2659 2013 2871 2085; x_wconf 81' lang='grc' dir='ltr'>ἀπείρῳ</span> <span class='ocrx_word' id='word_1_368' title='bbox 2892 2014 3219 2087; x_wconf 79' lang='grc' dir='ltr'>θεωροῦνται</span> <span class='ocrx_word' id='word_1_369' title='bbox 3245 2015 3471 2087; x_wconf 76' lang='grc' dir='ltr'>πλήθειο</span> <span class='ocrx_word' id='word_1_370' title='bbox 3502 2018 3763 2088; x_wconf 84' lang='grc' dir='ltr'>σωτήριον</span> <span class='ocrx_word' id='word_1_371' title='bbox 3784 2015 3863 2085; x_wconf 76' lang='grc' dir='ltr'>μὲν</span> 
     </span>
    </p>
   </div>
   <div class='ocr_carea' id='block_1_55' title="bbox 2306 2094 3862 2177">
    <p class='ocr_par' dir='ltr' id='par_1_55' title="bbox 2306 2094 3862 2177">
     <span class='ocr_line' id='line_1_55' title="bbox 2306 2094 3862 2177; baseline 0.007 -25"><span class='ocrx_word' id='word_1_372' title='bbox 2306 2094 2443 2153; x_wconf 78' lang='grc' dir='ltr'>εἶναι</span> <span class='ocrx_word' id='word_1_373' title='bbox 2467 2104 2887 2167; x_wconf 82' lang='grc' dir='ltr'>πεπιστευκότες</span> <span class='ocrx_word' id='word_1_374' title='bbox 2909 2103 3004 2157; x_wconf 80' lang='grc' dir='ltr'>τοῦ</span> <span class='ocrx_word' id='word_1_375' title='bbox 3045 2105 3341 2177; x_wconf 86' lang='grc' dir='ltr'>μυστηρίου</span> <span class='ocrx_word' id='word_1_376' title='bbox 3369 2105 3465 2160; x_wconf 76' lang='grc' dir='ltr'>τὸν</span> <span class='ocrx_word' id='word_1_377' title='bbox 3492 2105 3677 2175; x_wconf 77' lang='grc' dir='ltr'>λόγον,</span> <span class='ocrx_word' id='word_1_378' title='bbox 3696 2106 3751 2159; x_wconf 75' lang='grc' dir='ltr'><strong>οὐ</strong></span> 
     </span>
    </p>
   </div>
   <div class='ocr_carea' id='block_1_56' title="bbox 2305 2191 3859 2269">
    <p class='ocr_par' dir='ltr' id='par_1_56' title="bbox 2305 2191 3859 2269">
     <span class='ocr_line' id='line_1_56' title="bbox 2305 2191 3859 2269; baseline 0.01 -27"><span class='ocrx_word' id='word_1_379' title='bbox 2305 2191 2585 2264; x_wconf 75' lang='grc' dir='ltr'>ἐπιστήμῃ</span> <span class='ocrx_word' id='word_1_380' title='bbox 2606 2194 2711 2247; x_wconf 84' lang='grc' dir='ltr'>τινὶ</span> <span class='ocrx_word' id='word_1_381' title='bbox 2733 2195 2827 2249; x_wconf 58' lang='grc' dir='ltr'><strong>καὶ⁸</strong></span> <span class='ocrx_word' id='word_1_382' title='bbox 2854 2197 2922 2267; x_wconf 83' lang='grc' dir='ltr'>τῇ</span> <span class='ocrx_word' id='word_1_383' title='bbox 2947 2195 3035 2250; x_wconf 89' lang='grc' dir='ltr'><strong>διά</strong></span> <span class='ocrx_word' id='word_1_384' title='bbox 3065 2197 3160 2250; x_wconf 83' lang='grc' dir='ltr'>τοῦ</span> <span class='ocrx_word' id='word_1_385' title='bbox 3188 2198 3349 2266; x_wconf 85' lang='grc' dir='ltr'>λόγου</span> <span class='ocrx_word' id='word_1_386' title='bbox 3378 2196 3721 2269; x_wconf 76' lang='grc' dir='ltr'>πληροφορίᾳ</span> <span class='ocrx_word' id='word_1_387' title='bbox 3747 2195 3859 2267; x_wconf 66' lang='grc' dir='ltr'>[δριν-</span> 
     </span>
    </p>
   </div>
   <div class='ocr_carea' id='block_1_57' title="bbox 2308 2281 3858 2359">
    <p class='ocr_par' dir='ltr' id='par_1_57' title="bbox 2308 2281 3858 2359">
     <span class='ocr_line' id='line_1_57' title="bbox 2308 2281 3858 2359; baseline 0.001 -23"><span class='ocrx_word' id='word_1_388' title='bbox 2308 2281 2479 2355; x_wconf 73' lang='grc' dir='ltr'>μόνην</span> <span class='ocrx_word' id='word_1_389' title='bbox 2507 2283 2810 2354; x_wconf 73' lang='grc' dir='ltr'>ἔχοντες-ὲν</span> <span class='ocrx_word' id='word_1_390' title='bbox 2838 2287 3048 2351; x_wconf 76' lang='grc' dir='ltr'>ἑαυτοῖς</span> <span class='ocrx_word' id='word_1_391' title='bbox 3076 2287 3175 2359; x_wconf 85' lang='grc' dir='ltr'>τὴν</span> <span class='ocrx_word' id='word_1_392' title='bbox 3193 2287 3473 2358; x_wconf 86' lang='grc' dir='ltr'>ἀλήθειαν.</span> <span class='ocrx_word' id='word_1_393' title='bbox 3489 2284 3663 2343; x_wconf 74' lang='grc' dir='ltr'>Αὗταί</span> <span class='ocrx_word' id='word_1_394' title='bbox 3682 2289 3800 2341; x_wconf 75' lang='grc' dir='ltr'>εἰσιν</span> <span class='ocrx_word' id='word_1_395' title='bbox 3817 2285 3858 2339; x_wconf 73' lang='grc' dir='ltr'>αἱ</span> 
     </span>
    </p>
   </div>
   <div class='ocr_carea' id='block_1_58' title="bbox 2306 2374 3858 2451">
    <p class='ocr_par' dir='ltr' id='par_1_58' title="bbox 2306 2374 3858 2451">
     <span class='ocr_line' id='line_1_58' title="bbox 2306 2374 3858 2451; baseline 0.002 -23"><span class='ocrx_word' id='word_1_396' title='bbox 2306 2374 2686 2447; x_wconf 82' lang='grc' dir='ltr'>ὀνομασθεῖσαι</span> <span class='ocrx_word' id='word_1_397' title='bbox 2713 2376 2971 2443; x_wconf 87' lang='grc' dir='ltr'>νεάνιδες,</span> <span class='ocrx_word' id='word_1_398' title='bbox 2997 2378 3084 2432; x_wconf 88' lang='grc' dir='ltr'><strong>διά</strong></span> <span class='ocrx_word' id='word_1_399' title='bbox 3113 2379 3175 2434; x_wconf 82' lang='grc' dir='ltr'>τὸ</span> <span class='ocrx_word' id='word_1_400' title='bbox 3203 2379 3329 2435; x_wconf 81' lang='grc' dir='ltr'>νέαν</span> <span class='ocrx_word' id='word_1_401' title='bbox 3354 2381 3508 2450; x_wconf 83' lang='grc' dir='ltr'>ἄγειν</span> <span class='ocrx_word' id='word_1_402' title='bbox 3540 2380 3643 2451; x_wconf 80' lang='grc' dir='ltr'>τὴν</span> <span class='ocrx_word' id='word_1_403' title='bbox 3667 2394 3858 2449; x_wconf 80' lang='grc' dir='ltr'>πνευμα·</span> 
     </span>
    </p>
   </div>
   <div class='ocr_carea' id='block_1_59' title="bbox 2306 2465 3855 2543">
    <p class='ocr_par' dir='ltr' id='par_1_59' title="bbox 2306 2465 3855 2543">
     <span class='ocr_line' id='line_1_59' title="bbox 2306 2465 3855 2543; baseline 0.008 -24"><span class='ocrx_word' id='word_1_404' title='bbox 2306 2465 2462 2538; x_wconf 82' lang='grc' dir='ltr'>τικὴν</span> <span class='ocrx_word' id='word_1_405' title='bbox 2491 2466 2727 2539; x_wconf 78' lang='grc' dir='ltr'>ἡλικίαν,</span> <span class='ocrx_word' id='word_1_406' title='bbox 2755 2469 2812 2523; x_wconf 78' lang='grc' dir='ltr'>αἳ</span> <span class='ocrx_word' id='word_1_407' title='bbox 2846 2470 3184 2538; x_wconf 85' lang='grc' dir='ltr'>γεννηθεῖσαι</span> <span class='ocrx_word' id='word_1_408' title='bbox 3214 2471 3293 2543; x_wconf 84' lang='grc' dir='ltr'>τῷ</span> <span class='ocrx_word' id='word_1_409' title='bbox 3324 2471 3467 2543; x_wconf 84' lang='grc' dir='ltr'>λόγῳ</span> <span class='ocrx_word' id='word_1_410' title='bbox 3497 2472 3601 2543; x_wconf 82' lang='grc' dir='ltr'>τῆς</span> <span class='ocrx_word' id='word_1_411' title='bbox 3640 2471 3855 2532; x_wconf 70' lang='grc' dir='ltr'>πίστεως,</span> 
     </span>
    </p>
   </div>
   <div class='ocr_carea' id='block_1_60' title="bbox 2305 2558 3857 2636">
    <p class='ocr_par' dir='ltr' id='par_1_60' title="bbox 2305 2558 3857 2636">
     <span class='ocr_line' id='line_1_60' title="bbox 2305 2558 3857 2636; baseline 0.002 -21"><span class='ocrx_word' id='word_1_412' title='bbox 2305 2558 2517 2616; x_wconf 77' lang='grc' dir='ltr'>οὐδέπω</span> <span class='ocrx_word' id='word_1_413' title='bbox 2558 2562 2647 2618; x_wconf 81' lang='grc' dir='ltr'><strong>διὰ</strong></span> <span class='ocrx_word' id='word_1_414' title='bbox 2676 2563 2779 2634; x_wconf 81' lang='grc' dir='ltr'>τῆς</span> <span class='ocrx_word' id='word_1_415' title='bbox 2816 2564 3162 2636; x_wconf 78' lang='grc' dir='ltr'>καθηκούσης</span> <span class='ocrx_word' id='word_1_416' title='bbox 3200 2566 3481 2636; x_wconf 79' lang='grc' dir='ltr'>αὐξήσεως</span> <span class='ocrx_word' id='word_1_417' title='bbox 3521 2565 3759 2620; x_wconf 84' lang='grc' dir='ltr'>τοιαῦται</span> <span class='ocrx_word' id='word_1_418' title='bbox 3789 2578 3857 2629; x_wconf 80' lang='grc' dir='ltr'>γε·</span> 
     </span>
    </p>
   </div>
   <div class='ocr_carea' id='block_1_61' title="bbox 2305 2631 3855 2728">
    <p class='ocr_par' dir='ltr' id='par_1_61' title="bbox 2305 2631 3855 2728">
     <span class='ocr_line' id='line_1_61' title="bbox 2305 2631 3855 2728; baseline 0.001 -23"><span class='ocrx_word' id='word_1_419' title='bbox 2305 2651 2546 2720; x_wconf 82' lang='grc' dir='ltr'>γόνασιν,</span> <span class='ocrx_word' id='word_1_420' title='bbox 2572 2652 2649 2718; x_wconf 85' lang='grc' dir='ltr'><strong>ὡς</strong></span> <span class='ocrx_word' id='word_1_421' title='bbox 2681 2631 2774 2708; x_wconf 74' lang='grc' dir='ltr'><strong>ἐπὶ</strong></span> <span class='ocrx_word' id='word_1_422' title='bbox 2801 2631 2993 2726; x_wconf 67' lang='grc' dir='ltr'>γάμων</span> <span class='ocrx_word' id='word_1_423' title='bbox 3024 2631 3210 2728; x_wconf 81' lang='grc' dir='ltr'>ἀκμήν</span> <span class='ocrx_word' id='word_1_424' title='bbox 3237 2631 3545 2728; x_wconf 78' lang='grc' dir='ltr'>προελθεῖν,</span> <span class='ocrx_word' id='word_1_425' title='bbox 3577 2657 3668 2711; x_wconf 81' lang='grc' dir='ltr'>καὶ</span> <span class='ocrx_word' id='word_1_426' title='bbox 3690 2653 3855 2725; x_wconf 80' lang='grc' dir='ltr'>φθάσαι</span> 
     </span>
    </p>
   </div>
   <div class='ocr_carea' id='block_1_62' title="bbox 2305 2742 3855 2820">
    <p class='ocr_par' dir='ltr' id='par_1_62' title="bbox 2305 2742 3855 2820">
     <span class='ocr_line' id='line_1_62' title="bbox 2305 2742 3855 2820; baseline -0.001 -24"><span class='ocrx_word' id='word_1_427' title='bbox 2305 2744 2388 2807; x_wconf 88' lang='grc' dir='ltr'><strong>είς</strong></span> <span class='ocrx_word' id='word_1_428' title='bbox 2412 2742 2581 2815; x_wconf 82' lang='grc' dir='ltr'>ἀνδρα</span> <span class='ocrx_word' id='word_1_429' title='bbox 2612 2745 2835 2813; x_wconf 81' lang='grc' dir='ltr'>τέλειον,</span> <span class='ocrx_word' id='word_1_430' title='bbox 2871 2747 2953 2811; x_wconf 90' lang='grc' dir='ltr'><strong>είς</strong></span> <span class='ocrx_word' id='word_1_431' title='bbox 2980 2747 3177 2819; x_wconf 81' lang='grc' dir='ltr'>μέτρον</span> <span class='ocrx_word' id='word_1_432' title='bbox 3204 2747 3444 2820; x_wconf 82' lang='grc' dir='ltr'>γαμικῆς</span> <span class='ocrx_word' id='word_1_433' title='bbox 3473 2747 3705 2819; x_wconf 88' lang='grc' dir='ltr'>ήλικίας.</span> <span class='ocrx_word' id='word_1_434' title='bbox 3729 2745 3855 2798; x_wconf 81' lang='grc' dir='ltr'>Ὥστε</span> 
     </span>
    </p>
   </div>
   <div class='ocr_carea' id='block_1_63' title="bbox 2303 2829 3855 2909">
    <p class='ocr_par' dir='ltr' id='par_1_63' title="bbox 2303 2829 3855 2909">
     <span class='ocr_line' id='line_1_63' title="bbox 2303 2829 3855 2909; baseline 0.001 -24"><span class='ocrx_word' id='word_1_435' title='bbox 2303 2832 2381 2904; x_wconf 81' lang='grc' dir='ltr'><strong>τῷ</strong></span> <span class='ocrx_word' id='word_1_436' title='bbox 2434 2834 2583 2906; x_wconf 80' lang='grc' dir='ltr'>φόὸῳ</span> <span class='ocrx_word' id='word_1_437' title='bbox 2637 2835 2731 2890; x_wconf 86' lang='grc' dir='ltr'>τοῦ</span> <span class='ocrx_word' id='word_1_438' title='bbox 2787 2835 2990 2908; x_wconf 85' lang='grc' dir='ltr'>Κυρίου</span> <span class='ocrx_word' id='word_1_439' title='bbox 3051 2835 3311 2893; x_wconf 87' lang='grc' dir='ltr'>δύνασθαι</span> <span class='ocrx_word' id='word_1_440' title='bbox 3366 2837 3738 2909; x_wconf 78' lang='grc' dir='ltr'>κυοφορῆσαι,</span> <span class='ocrx_word' id='word_1_441' title='bbox 3785 2829 3855 2886; x_wconf 76' lang='grc' dir='ltr'>καὶ</span> 
     </span>
    </p>
   </div>
   <div class='ocr_carea' id='block_1_64' title="bbox 2304 2924 3855 2999">
    <p class='ocr_par' dir='ltr' id='par_1_64' title="bbox 2304 2924 3855 2999">
     <span class='ocr_line' id='line_1_64' title="bbox 2304 2924 3855 2999; baseline 0.001 -20"><span class='ocrx_word' id='word_1_442' title='bbox 2304 2924 2519 2994; x_wconf 82' lang='grc' dir='ltr'>πνεῦμα</span> <span class='ocrx_word' id='word_1_443' title='bbox 2553 2926 2826 2999; x_wconf 73' lang='grc' dir='ltr'>σωτηρίας</span> <span class='ocrx_word' id='word_1_444' title='bbox 2859 2926 3363 2997; x_wconf 85' lang='grc' dir='ltr'>παιδοποιήσασθαι.</span> <span class='ocrx_word' id='word_1_445' title='bbox 3402 2928 3542 2982; x_wconf 77' lang='grc' dir='ltr'>Ἀλλ’</span> <span class='ocrx_word' id='word_1_446' title='bbox 3575 2927 3654 2983; x_wconf 77' lang='grc' dir='ltr'>ἔτι</span> <span class='ocrx_word' id='word_1_447' title='bbox 3690 2924 3760 2997; x_wconf 84' lang='grc' dir='ltr'><strong>τῷ</strong></span> <span class='ocrx_word' id='word_1_448' title='bbox 3781 2939 3855 2993; x_wconf 77' lang='grc' dir='ltr'>νη-</span> 
     </span>
    </p>
   </div>
   <div class='ocr_carea' id='block_1_65' title="bbox 2303 3016 3854 3094">
    <p class='ocr_par' dir='ltr' id='par_1_65' title="bbox 2303 3016 3854 3094">
     <span class='ocr_line' id='line_1_65' title="bbox 2303 3016 3854 3094; baseline 0.004 -24"><span class='ocrx_word' id='word_1_449' title='bbox 2303 3016 2411 3088; x_wconf 84' lang='grc' dir='ltr'><strong>πίῳ</strong></span> <span class='ocrx_word' id='word_1_450' title='bbox 2449 3035 2510 3071; x_wconf 88' lang='grc' dir='ltr'><strong>τε</strong></span> <span class='ocrx_word' id='word_1_451' title='bbox 2550 3020 2645 3073; x_wconf 75' lang='grc' dir='ltr'>καὶ</span> <span class='ocrx_word' id='word_1_452' title='bbox 2679 3018 2860 3074; x_wconf 81' lang='grc' dir='ltr'>ἀτελεῖ</span> <span class='ocrx_word' id='word_1_453' title='bbox 2894 3021 2994 3092; x_wconf 78' lang='grc' dir='ltr'>τῆς</span> <span class='ocrx_word' id='word_1_454' title='bbox 3024 3020 3280 3085; x_wconf 85' lang='grc' dir='ltr'>διανοίας,</span> <span class='ocrx_word' id='word_1_455' title='bbox 3309 3020 3627 3094; x_wconf 73' lang='grc' dir='ltr'>ἀλογωτὲρα</span> <span class='ocrx_word' id='word_1_456' title='bbox 3656 3035 3762 3082; x_wconf 81' lang='grc' dir='ltr'><strong>πως</strong></span> <span class='ocrx_word' id='word_1_457' title='bbox 3792 3033 3854 3069; x_wconf 83' lang='grc' dir='ltr'><strong>συ-</strong></span> 
     </span>
    </p>
   </div>
   <div class='ocr_carea' id='block_1_66' title="bbox 2304 3105 3859 3182">
    <p class='ocr_par' dir='ltr' id='par_1_66' title="bbox 2304 3105 3859 3182">
     <span class='ocr_line' id='line_1_66' title="bbox 2304 3105 3859 3182; baseline 0.001 -24"><span class='ocrx_word' id='word_1_458' title='bbox 2304 3105 2441 3170; x_wconf 77' lang='grc' dir='ltr'>ζῶσι</span> <span class='ocrx_word' id='word_1_459' title='bbox 2468 3109 2534 3178; x_wconf 84' lang='grc' dir='ltr'><strong>τῇ</strong></span> <span class='ocrx_word' id='word_1_460' title='bbox 2560 3107 2816 3164; x_wconf 79' lang='grc' dir='ltr'>διαθέσει.</span> <span class='ocrx_word' id='word_1_461' title='bbox 2870 3110 3015 3182; x_wconf 79' lang='grc' dir='ltr'>Πλὴν</span> <span class='ocrx_word' id='word_1_462' title='bbox 3065 3109 3211 3165; x_wconf 88' lang='grc' dir='ltr'>ἀλλά·</span> <span class='ocrx_word' id='word_1_463' title='bbox 3247 3109 3343 3165; x_wconf 77' lang='grc' dir='ltr'>καὶ</span> <span class='ocrx_word' id='word_1_464' title='bbox 3388 3105 3535 3165; x_wconf 74' lang='grc' dir='ltr'>οὗτοι</span> <span class='ocrx_word' id='word_1_465' title='bbox 3573 3110 3681 3165; x_wconf 85' lang='grc' dir='ltr'><strong>τῶν</strong></span> <span class='ocrx_word' id='word_1_466' title='bbox 3722 3105 3859 3172; x_wconf 77' lang='grc' dir='ltr'>σωζο-</span> 
     </span>
    </p>
   </div>
   <div class='ocr_carea' id='block_1_67' title="bbox 2305 3197 3853 3275">
    <p class='ocr_par' dir='ltr' id='par_1_67' title="bbox 2305 3197 3853 3275">
     <span class='ocr_line' id='line_1_67' title="bbox 2305 3197 3853 3275; baseline 0.004 -24"><span class='ocrx_word' id='word_1_467' title='bbox 2305 3197 2481 3269; x_wconf 84' lang='grc' dir='ltr'>μένων</span> <span class='ocrx_word' id='word_1_468' title='bbox 2528 3201 2655 3267; x_wconf 76' lang='grc' dir='ltr'>είσὶ,</span> <span class='ocrx_word' id='word_1_469' title='bbox 2689 3199 2871 3265; x_wconf 82' lang='grc' dir='ltr'>καθώς</span> <span class='ocrx_word' id='word_1_470' title='bbox 2905 3219 3067 3274; x_wconf 87' lang='grc' dir='ltr'>φησιν</span> <span class='ocrx_word' id='word_1_471' title='bbox 3106 3203 3136 3254; x_wconf 87' lang='grc' dir='ltr'>ὁ</span> <span class='ocrx_word' id='word_1_472' title='bbox 3168 3203 3490 3275; x_wconf 75' lang='grc' dir='ltr'>Προφήτηςο</span> <span class='ocrx_word' id='word_1_473' title='bbox 3527 3205 3611 3258; x_wconf 83' lang='grc' dir='ltr'>ὅτι</span> <span class='ocrx_word' id='word_1_474' title='bbox 3657 3198 3853 3270; x_wconf 78' lang='grc' dir='ltr'>Ἀνθρώ-</span> 
     </span>
    </p>
   </div>
   <div class='ocr_carea' id='block_1_68' title="bbox 2303 3286 3852 3365">
    <p class='ocr_par' dir='ltr' id='par_1_68' title="bbox 2303 3286 3852 3365">
     <span class='ocr_line' id='line_1_68' title="bbox 2303 3286 3852 3365; baseline -0.001 -23"><span class='ocrx_word' id='word_1_475' title='bbox 2303 3300 2458 3356; x_wconf 75' lang='grc' dir='ltr'>πους</span> <span class='ocrx_word' id='word_1_476' title='bbox 2498 3289 2601 3344; x_wconf 76' lang='grc' dir='ltr'><strong>καί</strong></span> <span class='ocrx_word' id='word_1_477' title='bbox 2643 3289 2830 3359; x_wconf 69' lang='grc' dir='ltr'>κτήνη</span> <span class='ocrx_word' id='word_1_478' title='bbox 2880 3291 3122 3360; x_wconf 82' lang='grc' dir='ltr'>σώσεις,</span> <span class='ocrx_word' id='word_1_479' title='bbox 3157 3293 3362 3361; x_wconf 59' lang='grc' dir='ltr'>Κύρων</span> <span class='ocrx_word' id='word_1_480' title='bbox 3400 3294 3574 3365; x_wconf 84' lang='grc' dir='ltr'>κτήνη</span> <span class='ocrx_word' id='word_1_481' title='bbox 3618 3291 3777 3360; x_wconf 78' lang='grc' dir='ltr'>λέγων</span> <span class='ocrx_word' id='word_1_482' title='bbox 3806 3286 3852 3339; x_wconf 66' lang='grc' dir='ltr'><strong>τὸ</strong></span> 
     </span>
    </p>
   </div>
   <div class='ocr_carea' id='block_1_69' title="bbox 2304 3379 3355 3456">
    <p class='ocr_par' dir='ltr' id='par_1_69' title="bbox 2304 3379 3355 3456">
     <span class='ocr_line' id='line_1_69' title="bbox 2304 3379 3355 3456; baseline 0.007 -24"><span class='ocrx_word' id='word_1_483' title='bbox 2304 3379 2640 3455; x_wconf 79' lang='grc' dir='ltr'>ἀλογώτερον</span> <span class='ocrx_word' id='word_1_484' title='bbox 2673 3382 2838 3455; x_wconf 83' lang='grc' dir='ltr'>μέρος</span> <span class='ocrx_word' id='word_1_485' title='bbox 2874 3383 2982 3438; x_wconf 84' lang='grc' dir='ltr'><strong>τῶν</strong></span> <span class='ocrx_word' id='word_1_486' title='bbox 3016 3383 3355 3456; x_wconf 79' lang='grc' dir='ltr'>σωζομένων.</span> 
     </span>
    </p>
   </div>
   <div class='ocr_carea' id='block_1_70' title="bbox 612 3459 3849 3543">
    <p class='ocr_par' dir='ltr' id='par_1_70' title="bbox 612 3459 3849 3543">
     <span class='ocr_line' id='line_1_70' title="bbox 612 3459 3849 3543; baseline 0.003 -27"><span class='ocrx_word' id='word_1_487' title='bbox 612 3459 847 3516; x_wconf 74' lang='lat' dir='ltr'><strong>fantiam</strong></span> <span class='ocrx_word' id='word_1_488' title='bbox 877 3469 933 3517; x_wconf 93' lang='lat' dir='ltr'><strong>et</strong></span> <span class='ocrx_word' id='word_1_489' title='bbox 975 3460 1450 3532; x_wconf 79' lang='lat' dir='ltr'><strong>impcriectionem</strong></span> <span class='ocrx_word' id='word_1_490' title='bbox 1534 3465 1759 3533; x_wconf 86' lang='lat' dir='ltr'><strong>mentis,</strong></span> <span class='ocrx_word' id='word_1_491' title='bbox 1801 3481 1927 3522; x_wconf 92' lang='lat' dir='ltr'><strong>cum</strong></span> <span class='ocrx_word' id='word_1_492' title='bbox 1996 3466 2284 3527; x_wconf 81' lang='lat' dir='ltr'><strong>ail‘ectione</strong></span> <span class='ocrx_word' id='word_1_493' title='bbox 2319 3474 2554 3543; x_wconf 87' lang='lat' dir='ltr'><strong>quadam</strong></span> <span class='ocrx_word' id='word_1_494' title='bbox 2579 3476 2828 3531; x_wconf 84' lang='lat' dir='ltr'><strong>nonnihil</strong></span> <span class='ocrx_word' id='word_1_495' title='bbox 2860 3477 3020 3533; x_wconf 85' lang='lat' dir='ltr'><strong>bruta</strong></span> <span class='ocrx_word' id='word_1_496' title='bbox 3054 3478 3180 3532; x_wconf 69' lang='lat' dir='ltr'><strong>vitae</strong></span> <span class='ocrx_word' id='word_1_497' title='bbox 3203 3474 3652 3533; x_wconf 89' lang='lat' dir='ltr'><strong>consuetudinem</strong></span> <span class='ocrx_word' id='word_1_498' title='bbox 3668 3471 3849 3527; x_wconf 48' lang='lat' dir='ltr'><strong>habent.</strong></span> 
     </span>
    </p>
   </div>
   <div class='ocr_carea' id='block_1_71' title="bbox 613 3548 3845 3640">
    <p class='ocr_par' dir='ltr' id='par_1_71' title="bbox 613 3548 3845 3640">
     <span class='ocr_line' id='line_1_71' title="bbox 613 3548 3845 3640; baseline 0.006 -35"><span class='ocrx_word' id='word_1_499' title='bbox 613 3548 725 3605; x_wconf 84' lang='lat' dir='ltr'><strong>Sed</strong></span> <span class='ocrx_word' id='word_1_500' title='bbox 756 3558 938 3606; x_wconf 85' lang='lat' dir='ltr'><strong>tamen</strong></span> <span class='ocrx_word' id='word_1_501' title='bbox 970 3550 1136 3606; x_wconf 88' lang='lat' dir='ltr'><strong>etiam</strong></span> <span class='ocrx_word' id='word_1_502' title='bbox 1167 3551 1224 3607; x_wconf 88' lang='lat' dir='ltr'><strong>hi</strong></span> <span class='ocrx_word' id='word_1_503' title='bbox 1252 3561 1383 3609; x_wconf 88' lang='lat' dir='ltr'><strong>sunt</strong></span> <span class='ocrx_word' id='word_1_504' title='bbox 1403 3568 1593 3609; x_wconf 91' lang='lat' dir='ltr'><strong>eorum</strong></span> <span class='ocrx_word' id='word_1_505' title='bbox 1617 3555 1672 3610; x_wconf 92' lang='lat' dir='ltr'><strong>in</strong></span> <span class='ocrx_word' id='word_1_506' title='bbox 1719 3570 1972 3624; x_wconf 84' lang='lat' dir='ltr'><strong>numero,</strong></span> <span class='ocrx_word' id='word_1_507' title='bbox 2034 3559 2129 3630; x_wconf 92' lang='lat' dir='ltr'><strong>qui</strong></span> <span class='ocrx_word' id='word_1_508' title='bbox 2185 3562 2414 3620; x_wconf 87' lang='lat' dir='ltr'><strong>salutem</strong></span> <span class='ocrx_word' id='word_1_509' title='bbox 2432 3578 2862 3638; x_wconf 86' lang='lat' dir='ltr'><strong>consequuntur,</strong></span> <span class='ocrx_word' id='word_1_510' title='bbox 2952 3567 3409 3640; x_wconf 88' lang='lat' dir='ltr'><strong>quemadmodum</strong></span> <span class='ocrx_word' id='word_1_511' title='bbox 3459 3566 3723 3639; x_wconf 83' lang='lat' dir='ltr'><strong>Propheta</strong></span> <span class='ocrx_word' id='word_1_512' title='bbox 3761 3561 3845 3616; x_wconf 70' lang='lat' dir='ltr'><strong>ait:</strong></span> 
     </span>
    </p>
   </div>
   <div class='ocr_carea' id='block_1_72' title="bbox 612 3642 3849 3735">
    <p class='ocr_par' dir='ltr' id='par_1_72' title="bbox 612 3642 3849 3735">
     <span class='ocr_line' id='line_1_72' title="bbox 612 3642 3849 3735; baseline 0.006 -37"><span class='ocrx_word' id='word_1_513' title='bbox 612 3642 877 3701; x_wconf 71' lang='lat' dir='ltr'><strong>Homines</strong></span> <span class='ocrx_word' id='word_1_514' title='bbox 895 3655 947 3700; x_wconf 79' lang='lat' dir='ltr'><strong>et</strong></span> <span class='ocrx_word' id='word_1_515' title='bbox 962 3647 1213 3718; x_wconf 77' lang='lat' dir='ltr'><strong>jamenta</strong></span> <span class='ocrx_word' id='word_1_516' title='bbox 1239 3649 1500 3715; x_wconf 73' lang='lat' dir='ltr'><strong>servabis,</strong></span> <span class='ocrx_word' id='word_1_517' title='bbox 1538 3649 1761 3706; x_wconf 80' lang='lat' dir='ltr'><strong>Domine</strong></span> <span class='ocrx_word' id='word_1_518' title='bbox 1782 3652 1855 3713; x_wconf 81' lang='lat'><strong>“.</strong></span> <span class='ocrx_word' id='word_1_519' title='bbox 1877 3652 2093 3721; x_wconf 82' lang='lat' dir='ltr'><strong>Quibus</strong></span> <span class='ocrx_word' id='word_1_520' title='bbox 2131 3657 2316 3715; x_wconf 91' lang='lat' dir='ltr'><strong>verbis</strong></span> <span class='ocrx_word' id='word_1_521' title='bbox 2369 3659 2620 3732; x_wconf 85' lang='lat' dir='ltr'><strong>jumenta</strong></span> <span class='ocrx_word' id='word_1_522' title='bbox 2642 3672 2806 3721; x_wconf 88' lang='lat' dir='ltr'><strong>vocat</strong></span> <span class='ocrx_word' id='word_1_523' title='bbox 2856 3679 3072 3732; x_wconf 89' lang='lat' dir='ltr'><strong>eorum,</strong></span> <span class='ocrx_word' id='word_1_524' title='bbox 3096 3664 3189 3735; x_wconf 91' lang='lat' dir='ltr'><strong>qui</strong></span> <span class='ocrx_word' id='word_1_525' title='bbox 3210 3672 3520 3729; x_wconf 76' lang='lat' dir='ltr'><strong>servantur,</strong></span> <span class='ocrx_word' id='word_1_526' title='bbox 3542 3669 3738 3734; x_wconf 83' lang='lat' dir='ltr'><strong>partem</strong></span> <span class='ocrx_word' id='word_1_527' title='bbox 3753 3667 3849 3724; x_wconf 74' lang='grc' dir='ltr'><strong>Ρω-</strong></span> 
     </span>
    </p>
   </div>
   <div class='ocr_carea' id='block_1_73' title="bbox 610 3736 1714 3808">
    <p class='ocr_par' dir='ltr' id='par_1_73' title="bbox 610 3736 1714 3808">
     <span class='ocr_line' id='line_1_73' title="bbox 610 3736 1714 3808; baseline 0.002 -16"><span class='ocrx_word' id='word_1_528' title='bbox 610 3736 745 3808; x_wconf 82' lang='lat' dir='ltr'><strong>pius</strong></span> <span class='ocrx_word' id='word_1_529' title='bbox 780 3736 1031 3792; x_wconf 86' lang='lat' dir='ltr'><strong>nonnihil</strong></span> <span class='ocrx_word' id='word_1_530' title='bbox 1065 3738 1416 3794; x_wconf 83' lang='lat' dir='ltr'><strong>accedentem</strong></span> <span class='ocrx_word' id='word_1_531' title='bbox 1439 3738 1506 3793; x_wconf 89' lang='lat' dir='ltr'><strong>ad</strong></span> <span class='ocrx_word' id='word_1_532' title='bbox 1531 3739 1714 3796; x_wconf 89' lang='lat' dir='ltr'><strong>bruta.</strong></span> 
     </span>
    </p>
   </div>
   <div class='ocr_carea' id='block_1_74' title="bbox 684 3828 2204 3901">
    <p class='ocr_par' dir='ltr' id='par_1_74' title="bbox 684 3828 2204 3901">
     <span class='ocr_line' id='line_1_74' title="bbox 684 3828 2204 3901; baseline 0.005 -16"><span class='ocrx_word' id='word_1_533' title='bbox 684 3828 956 3885; x_wconf 72' lang='lat' dir='ltr'><strong>Caeterum</strong></span> <span class='ocrx_word' id='word_1_534' title='bbox 1021 3828 1271 3896; x_wconf 89' lang='lat' dir='ltr'><strong>illorum,</strong></span> <span class='ocrx_word' id='word_1_535' title='bbox 1325 3830 1385 3884; x_wconf 85' lang='lat' dir='ltr'><strong>in</strong></span> <span class='ocrx_word' id='word_1_536' title='bbox 1428 3830 1634 3901; x_wconf 88' lang='lat' dir='ltr'><strong>quibus</strong></span> <span class='ocrx_word' id='word_1_537' title='bbox 1674 3833 2040 3891; x_wconf 89' lang='lat' dir='ltr'><strong>conveniente</strong></span> <span class='ocrx_word' id='word_1_538' title='bbox 2089 3844 2204 3892; x_wconf 87' lang='lat' dir='ltr'><strong>stu-</strong></span> 
     </span>
    </p>
   </div>
   <div class='ocr_carea' id='block_1_75' title="bbox 597 3919 2202 3999">
    <p class='ocr_par' dir='ltr' id='par_1_75' title="bbox 597 3919 2202 3999">
     <span class='ocr_line' id='line_1_75' title="bbox 597 3919 2202 3999; baseline 0.004 -22"><span class='ocrx_word' id='word_1_539' title='bbox 597 3919 711 3978; x_wconf 79' lang='lat' dir='ltr'><strong>&#39;dio</strong></span> <span class='ocrx_word' id='word_1_540' title='bbox 754 3935 913 3977; x_wconf 88' lang='lat' dir='ltr'><strong>mens</strong></span> <span class='ocrx_word' id='word_1_541' title='bbox 964 3928 1128 3977; x_wconf 84' lang='lat' dir='ltr'><strong>aucta</strong></span> <span class='ocrx_word' id='word_1_542' title='bbox 1175 3928 1299 3985; x_wconf 84' lang='lat' dir='ltr'><strong>est,</strong></span> <span class='ocrx_word' id='word_1_543' title='bbox 1349 3922 1557 3994; x_wconf 88' lang='lat' dir='ltr'><strong>quique</strong></span> <span class='ocrx_word' id='word_1_544' title='bbox 1615 3923 1902 3980; x_wconf 82' lang='lat' dir='ltr'><strong>infantiam</strong></span> <span class='ocrx_word' id='word_1_545' title='bbox 1964 3928 2202 3999; x_wconf 86' lang='lat' dir='ltr'><strong>relique-</strong></span> 
     </span>
    </p>
   </div>
   <div class='ocr_carea' id='block_1_76' title="bbox 2373 3836 3849 3914">
    <p class='ocr_par' dir='ltr' id='par_1_76' title="bbox 2373 3836 3849 3914">
     <span class='ocr_line' id='line_1_76' title="bbox 2373 3836 3849 3914; baseline -0.002 -22"><span class='ocrx_word' id='word_1_546' title='bbox 2373 3839 2495 3897; x_wconf 84' lang='grc' dir='ltr'><strong>Τῶν</strong></span> <span class='ocrx_word' id='word_1_547' title='bbox 2535 3840 2592 3895; x_wconf 79' lang='grc' dir='ltr'>δὲ</span> <span class='ocrx_word' id='word_1_548' title='bbox 2631 3841 2722 3896; x_wconf 85' lang='grc' dir='ltr'><strong>διὰ</strong></span> <span class='ocrx_word' id='word_1_549' title='bbox 2761 3842 2863 3914; x_wconf 76' lang='grc' dir='ltr'>τῆς</span> <span class='ocrx_word' id='word_1_550' title='bbox 2899 3841 3249 3914; x_wconf 81' lang='grc' dir='ltr'>καθηκούσης</span> <span class='ocrx_word' id='word_1_551' title='bbox 3285 3840 3599 3912; x_wconf 75' lang='grc' dir='ltr'>ἐπιμελείας</span> <span class='ocrx_word' id='word_1_552' title='bbox 3626 3836 3849 3910; x_wconf 80' lang='grc' dir='ltr'>αὐξηθέν-</span> 
     </span>
    </p>
   </div>
   <div class='ocr_carea' id='block_1_77' title="bbox 2300 3929 3846 4006">
    <p class='ocr_par' dir='ltr' id='par_1_77' title="bbox 2300 3929 3846 4006">
     <span class='ocr_line' id='line_1_77' title="bbox 2300 3929 3846 4006; baseline -0.001 -21"><span class='ocrx_word' id='word_1_553' title='bbox 2300 3948 2410 3985; x_wconf 85' lang='grc' dir='ltr'><strong>των</strong></span> <span class='ocrx_word' id='word_1_554' title='bbox 2438 3936 2506 4005; x_wconf 78' lang='grc' dir='ltr'><strong>τῇ</strong></span> <span class='ocrx_word' id='word_1_555' title='bbox 2535 3933 2763 4006; x_wconf 77' lang='grc' dir='ltr'>διανοίᾳ,</span> <span class='ocrx_word' id='word_1_556' title='bbox 2803 3935 2900 3989; x_wconf 73' lang='grc' dir='ltr'>καὶ</span> <span class='ocrx_word' id='word_1_557' title='bbox 2928 3933 3393 3989; x_wconf 84' lang='grc' dir='ltr'>καταλελοιπότων</span> <span class='ocrx_word' id='word_1_558' title='bbox 3427 3933 3529 4006; x_wconf 83' lang='grc' dir='ltr'><strong>ήδη</strong></span> <span class='ocrx_word' id='word_1_559' title='bbox 3569 3933 3666 4004; x_wconf 84' lang='grc' dir='ltr'><strong>τὴν</strong></span> <span class='ocrx_word' id='word_1_560' title='bbox 3693 3929 3846 4001; x_wconf 81' lang='grc' dir='ltr'>νηπιό-</span> 
     </span>
    </p>
   </div>
   <div class='ocr_carea' id='block_1_78' title="bbox 606 3998 2202 4097">
    <p class='ocr_par' dir='ltr' id='par_1_78' title="bbox 606 3998 2201 4097">
     <span class='ocr_line' id='line_1_78' title="bbox 606 3998 2201 4097; baseline -0.001 -21"><span class='ocrx_word' id='word_1_561' title='bbox 606 4022 765 4082; x_wconf 74' lang='lat' dir='ltr'><strong>runt,</strong></span> <span class='ocrx_word' id='word_1_562' title='bbox 796 3998 998 4088; x_wconf 76' lang='lat' dir='ltr'><strong>duplex</strong></span> <span class='ocrx_word' id='word_1_563' title='bbox 1017 4014 1104 4069; x_wconf 84' lang='lat' dir='ltr'><strong>hic</strong></span> <span class='ocrx_word' id='word_1_564' title='bbox 1135 4012 1432 4069; x_wconf 86' lang='lat' dir='ltr'><strong>discrimen</strong></span> <span class='ocrx_word' id='word_1_565' title='bbox 1449 4014 1735 4070; x_wconf 89' lang='lat' dir='ltr'><strong>discimus.</strong></span> <span class='ocrx_word' id='word_1_566' title='bbox 1756 4015 1971 4097; x_wconf 89' lang='lat' dir='ltr'><strong>Etenim</strong></span> <span class='ocrx_word' id='word_1_567' title='bbox 2002 3998 2201 4076; x_wconf 68' lang='lat' dir='ltr'><strong>animae</strong></span> 
     </span>
    </p>
   </div>
   <div class='ocr_carea' id='block_1_79' title="bbox 2304 3998 3844 4097">
    <p class='ocr_par' dir='ltr' id='par_1_79' title="bbox 2304 3998 3844 4097">
     <span class='ocr_line' id='line_1_79' title="bbox 2304 3998 3844 4097; baseline -0.003 -20"><span class='ocrx_word' id='word_1_568' title='bbox 2304 3998 2679 4097; x_wconf 49' lang='lat' dir='ltr'><strong>mmsmﬁv</strong></span> <span class='ocrx_word' id='word_1_569' title='bbox 2716 3998 2826 4080; x_wconf 72' lang='grc' dir='ltr'><strong>ύπὺ</strong></span> <span class='ocrx_word' id='word_1_570' title='bbox 2873 4024 2967 4079; x_wconf 83' lang='grc' dir='ltr'><strong>τοῦ</strong></span> <span class='ocrx_word' id='word_1_571' title='bbox 2998 4024 3157 4094; x_wconf 83' lang='grc' dir='ltr'>λόγου</span> <span class='ocrx_word' id='word_1_572' title='bbox 3204 4025 3304 4097; x_wconf 82' lang='grc' dir='ltr'><strong>τὴν</strong></span> <span class='ocrx_word' id='word_1_573' title='bbox 3345 3998 3606 4096; x_wconf 70' lang='grc' dir='ltr'>διαφορὰν</span> <span class='ocrx_word' id='word_1_574' title='bbox 3623 3998 3844 4078; x_wconf 70' lang='grc' dir='ltr'>διδασκό-</span> 
     </span>
    </p>
   </div>
   <div class='ocr_carea' id='block_1_80' title="bbox 610 4096 2199 4181">
    <p class='ocr_par' dir='ltr' id='par_1_80' title="bbox 610 4096 2199 4181">
     <span class='ocr_line' id='line_1_80' title="bbox 610 4096 2199 4181; baseline 0.001 -16"><span class='ocrx_word' id='word_1_575' title='bbox 610 4110 753 4167; x_wconf 74' lang='lat' dir='ltr'><strong>ﬁunt</strong></span> <span class='ocrx_word' id='word_1_576' title='bbox 772 4100 1113 4179; x_wconf 71' lang='lat' dir='ltr'><strong>quidemillae&#39;</strong></span> <span class='ocrx_word' id='word_1_577' title='bbox 1132 4105 1557 4176; x_wconf 74' lang='lat' dir='ltr'><strong>concerporales</strong></span> <span class='ocrx_word' id='word_1_578' title='bbox 1581 4105 1784 4173; x_wconf 76' lang='lat' dir='ltr'><strong>Verbo,</strong></span> <span class='ocrx_word' id='word_1_579' title='bbox 1802 4116 1914 4162; x_wconf 88' lang='lat' dir='ltr'><strong>tam</strong></span> <span class='ocrx_word' id='word_1_580' title='bbox 1936 4096 2020 4164; x_wconf 63' lang='lat' dir='ltr'><strong>hie</strong></span> <span class='ocrx_word' id='word_1_581' title='bbox 2035 4126 2199 4181; x_wconf 90' lang='lat' dir='ltr'><strong>quam</strong></span> 
     </span>
    </p>
   </div>
   <div class='ocr_carea' id='block_1_81' title="bbox 607 4196 2201 4272">
    <p class='ocr_par' dir='ltr' id='par_1_81' title="bbox 607 4196 2201 4272">
     <span class='ocr_line' id='line_1_81' title="bbox 607 4196 2201 4272; baseline -0.002 -14"><span class='ocrx_word' id='word_1_582' title='bbox 607 4204 721 4259; x_wconf 81' lang='lat' dir='ltr'><strong>illae</strong></span> <span class='ocrx_word' id='word_1_583' title='bbox 749 4220 764 4256; x_wconf 93' lang='lat'><strong>:</strong></span> <span class='ocrx_word' id='word_1_584' title='bbox 788 4213 982 4255; x_wconf 89' lang='lat' dir='ltr'><strong>verum</strong></span> <span class='ocrx_word' id='word_1_585' title='bbox 1010 4196 1296 4253; x_wconf 73' lang='lat' dir='ltr'><strong>nonnullae</strong></span> <span class='ocrx_word' id='word_1_586' title='bbox 1336 4213 1433 4267; x_wconf 89' lang='lat' dir='ltr'><strong>per</strong></span> <span class='ocrx_word' id='word_1_587' title='bbox 1471 4199 1794 4252; x_wconf 88' lang='lat' dir='ltr'><strong>amatoriam</strong></span> <span class='ocrx_word' id='word_1_588' title='bbox 1824 4199 1983 4270; x_wconf 88' lang='lat' dir='ltr'><strong>quasi</strong></span> <span class='ocrx_word' id='word_1_589' title='bbox 2006 4216 2201 4272; x_wconf 87' lang='lat' dir='ltr'><strong>quam-</strong></span> 
     </span>
    </p>
   </div>
   <div class='ocr_carea' id='block_1_82' title="bbox 611 4289 2202 4367">
    <p class='ocr_par' dir='ltr' id='par_1_82' title="bbox 611 4289 2202 4367">
     <span class='ocr_line' id='line_1_82' title="bbox 611 4289 2202 4367; baseline 0.001 -17"><span class='ocrx_word' id='word_1_590' title='bbox 611 4294 738 4350; x_wconf 85' lang='lat' dir='ltr'><strong>dam</strong></span> <span class='ocrx_word' id='word_1_591' title='bbox 771 4290 1114 4348; x_wconf 84' lang='lat' dir='ltr'><strong>aﬂectionem</strong></span> <span class='ocrx_word' id='word_1_592' title='bbox 1148 4304 1273 4345; x_wconf 88' lang='lat' dir='ltr'><strong>cum</strong></span> <span class='ocrx_word' id='word_1_593' title='bbox 1297 4305 1363 4345; x_wconf 91' lang='lat' dir='ltr'><strong>eo</strong></span> <span class='ocrx_word' id='word_1_594' title='bbox 1396 4289 1842 4362; x_wconf 88' lang='lat' dir='ltr'><strong>conglutinantur</strong></span> <span class='ocrx_word' id='word_1_595' title='bbox 1870 4309 1886 4346; x_wconf 89' lang='lat'><strong>:</strong></span> <span class='ocrx_word' id='word_1_596' title='bbox 1920 4295 2080 4364; x_wconf 87' lang='lat' dir='ltr'><strong>cujus</strong></span> <span class='ocrx_word' id='word_1_597' title='bbox 2105 4311 2202 4367; x_wconf 47' lang='lat' dir='ltr'><strong>ge.</strong></span> 
     </span>
    </p>
   </div>
   <div class='ocr_carea' id='block_1_83' title="bbox 533 4365 2199 4454">
    <p class='ocr_par' dir='ltr' id='par_1_83' title="bbox 533 4365 2199 4454">
     <span class='ocr_line' id='line_1_83' title="bbox 533 4365 2199 4454; baseline -0.002 -10"><span class='ocrx_word' id='word_1_598' title='bbox 533 4365 537 4369; x_wconf 16' lang='grc' dir='ltr'><strong><em>ν</em></strong></span> <span class='ocrx_word' id='word_1_599' title='bbox 608 4386 763 4444; x_wconf 80' lang='lat' dir='ltr'><strong>neris</strong></span> <span class='ocrx_word' id='word_1_600' title='bbox 811 4391 932 4441; x_wconf 86' lang='lat' dir='ltr'><strong>erat</strong></span> <span class='ocrx_word' id='word_1_601' title='bbox 983 4380 1208 4437; x_wconf 81' lang='lat' dir='ltr'><strong>Davidis</strong></span> <span class='ocrx_word' id='word_1_602' title='bbox 1260 4388 1314 4437; x_wconf 89' lang='lat' dir='ltr'><strong>et</strong></span> <span class='ocrx_word' id='word_1_603' title='bbox 1356 4380 1514 4437; x_wconf 84' lang='lat' dir='ltr'><strong>Pauli</strong></span> <span class='ocrx_word' id='word_1_604' title='bbox 1573 4383 2059 4454; x_wconf 89' lang='lat' dir='ltr'><strong>anima:quarum</strong></span> <span class='ocrx_word' id='word_1_605' title='bbox 2105 4365 2199 4441; x_wconf 78' lang='lat' dir='ltr'><strong>illa</strong></span> 
     </span>
    </p>
   </div>
   <div class='ocr_carea' id='block_1_84' title="bbox 608 4472 2200 4549">
    <p class='ocr_par' dir='ltr' id='par_1_84' title="bbox 608 4472 2200 4549">
     <span class='ocr_line' id='line_1_84' title="bbox 608 4472 2200 4549; baseline -0.003 -15"><span class='ocrx_word' id='word_1_606' title='bbox 608 4479 789 4549; x_wconf 83' lang='lat' dir='ltr'><strong>inquit</strong></span> <span class='ocrx_word' id='word_1_607' title='bbox 821 4495 841 4534; x_wconf 85' lang='lat'><strong><em>:</em></strong></span> <span class='ocrx_word' id='word_1_608' title='bbox 864 4474 1129 4531; x_wconf 66' lang='lat' dir='ltr'><strong>lli/ticum</strong></span> <span class='ocrx_word' id='word_1_609' title='bbox 1153 4472 1265 4527; x_wconf 83' lang='lat' dir='ltr'><strong>Deo</strong></span> <span class='ocrx_word' id='word_1_610' title='bbox 1290 4473 1649 4544; x_wconf 78' lang='lat' dir='ltr'><strong>conglutinari</strong></span> <span class='ocrx_word' id='word_1_611' title='bbox 1676 4473 1869 4530; x_wconf 80' lang='lat' dir='ltr'><strong>bonum</strong></span> <span class='ocrx_word' id='word_1_612' title='bbox 1894 4484 1973 4531; x_wconf 77' lang='lat' dir='ltr'><strong>est</strong></span> <span class='ocrx_word' id='word_1_613' title='bbox 1992 4476 2062 4546; x_wconf 73' lang='lat'><strong>&#39;7;</strong></span> <span class='ocrx_word' id='word_1_614' title='bbox 2084 4476 2200 4532; x_wconf 65' lang='lat' dir='ltr'><strong>haec</strong></span> 
     </span>
    </p>
   </div>
   <div class='ocr_carea' id='block_1_85' title="bbox 2304 4114 3843 4189">
    <p class='ocr_par' dir='ltr' id='par_1_85' title="bbox 2304 4114 3843 4189">
     <span class='ocr_line' id='line_1_85' title="bbox 2304 4114 3843 4189; baseline -0.003 -19"><span class='ocrx_word' id='word_1_615' title='bbox 2304 4117 2463 4188; x_wconf 87' lang='grc' dir='ltr'>μεθα.</span> <span class='ocrx_word' id='word_1_616' title='bbox 2514 4116 2757 4171; x_wconf 88' lang='grc' dir='ltr'>Γίνονται</span> <span class='ocrx_word' id='word_1_617' title='bbox 2815 4116 2914 4189; x_wconf 84' lang='grc' dir='ltr'>μὲν</span> <span class='ocrx_word' id='word_1_618' title='bbox 2971 4117 3083 4189; x_wconf 78' lang='grc' dir='ltr'>γὰρ</span> <span class='ocrx_word' id='word_1_619' title='bbox 3147 4118 3204 4171; x_wconf 89' lang='grc' dir='ltr'><strong>αί</strong></span> <span class='ocrx_word' id='word_1_620' title='bbox 3257 4116 3425 4188; x_wconf 74' lang='grc' dir='ltr'>ψυχαὶ</span> <span class='ocrx_word' id='word_1_621' title='bbox 3469 4116 3565 4171; x_wconf 76' lang='grc' dir='ltr'><strong>καὶ</strong></span> <span class='ocrx_word' id='word_1_622' title='bbox 3612 4114 3843 4181; x_wconf 73' lang='grc' dir='ltr'>σύσσωμοι</span> 
     </span>
    </p>
   </div>
   <div class='ocr_carea' id='block_1_86' title="bbox 2303 4199 3845 4278">
    <p class='ocr_par' dir='ltr' id='par_1_86' title="bbox 2303 4199 3845 4278">
     <span class='ocr_line' id='line_1_86' title="bbox 2303 4199 3845 4278; baseline -0.006 -18"><span class='ocrx_word' id='word_1_623' title='bbox 2303 4206 2383 4278; x_wconf 79' lang='grc' dir='ltr'><strong>τῷ</strong></span> <span class='ocrx_word' id='word_1_624' title='bbox 2422 4208 2601 4276; x_wconf 83' lang='grc' dir='ltr'>Λόγῳ,</span> <span class='ocrx_word' id='word_1_625' title='bbox 2633 4206 2727 4260; x_wconf 76' lang='grc' dir='ltr'>καὶ</span> <span class='ocrx_word' id='word_1_626' title='bbox 2780 4199 2943 4260; x_wconf 74' lang='grc' dir='ltr'>αὗται</span> <span class='ocrx_word' id='word_1_627' title='bbox 2997 4207 3247 4261; x_wconf 85' lang='grc' dir='ltr'>κάκεῖναι</span> <span class='ocrx_word' id='word_1_628' title='bbox 3267 4223 3282 4239; x_wconf 75' lang='grc' dir='ltr'><strong>ο</strong></span> <span class='ocrx_word' id='word_1_629' title='bbox 3331 4205 3445 4261; x_wconf 85' lang='grc' dir='ltr'>ἀλλ’</span> <span class='ocrx_word' id='word_1_630' title='bbox 3496 4206 3555 4259; x_wconf 93' lang='grc' dir='ltr'><strong>αί</strong></span> <span class='ocrx_word' id='word_1_631' title='bbox 3604 4204 3697 4276; x_wconf 81' lang='grc' dir='ltr'>μὲν</span> <span class='ocrx_word' id='word_1_632' title='bbox 3736 4202 3845 4271; x_wconf 81' lang='grc' dir='ltr'>ὲρω·</span> 
     </span>
    </p>
   </div>
   <div class='ocr_carea' id='block_1_87' title="bbox 2304 4292 3840 4372">
    <p class='ocr_par' dir='ltr' id='par_1_87' title="bbox 2304 4292 3840 4372">
     <span class='ocr_line' id='line_1_87' title="bbox 2304 4292 3840 4372; baseline -0.006 -20"><span class='ocrx_word' id='word_1_633' title='bbox 2304 4302 2430 4372; x_wconf 84' lang='grc' dir='ltr'>τικῇ</span> <span class='ocrx_word' id='word_1_634' title='bbox 2455 4308 2560 4352; x_wconf 77' lang='grc' dir='ltr'>τινι</span> <span class='ocrx_word' id='word_1_635' title='bbox 2588 4298 2822 4354; x_wconf 77' lang='grc' dir='ltr'>διαθέσει</span> <span class='ocrx_word' id='word_1_636' title='bbox 2858 4298 3294 4370; x_wconf 85' lang='grc' dir='ltr'>προσκολλῶνται</span> <span class='ocrx_word' id='word_1_637' title='bbox 3314 4315 3327 4327; x_wconf 89' lang='grc'><strong>·</strong></span> <span class='ocrx_word' id='word_1_638' title='bbox 3377 4297 3464 4352; x_wconf 81' lang='grc' dir='ltr'>οἵα</span> <span class='ocrx_word' id='word_1_639' title='bbox 3492 4292 3562 4368; x_wconf 81' lang='grc' dir='ltr'>ἦν</span> <span class='ocrx_word' id='word_1_640' title='bbox 3592 4298 3626 4367; x_wconf 94' lang='grc' dir='ltr'><strong>ή</strong></span> <span class='ocrx_word' id='word_1_641' title='bbox 3653 4292 3735 4347; x_wconf 77' lang='grc' dir='ltr'><strong>τοῦ</strong></span> <span class='ocrx_word' id='word_1_642' title='bbox 3763 4294 3840 4344; x_wconf 80' lang='grc' dir='ltr'><strong>Δα-</strong></span> 
     </span>
    </p>
   </div>
   <div class='ocr_carea' id='block_1_88' title="bbox 2305 4385 3839 4466">
    <p class='ocr_par' dir='ltr' id='par_1_88' title="bbox 2305 4385 3839 4466">
     <span class='ocr_line' id='line_1_88' title="bbox 2305 4385 3839 4466; baseline -0.003 -20"><span class='ocrx_word' id='word_1_643' title='bbox 2305 4392 2422 4453; x_wconf 75' lang='grc' dir='ltr'>δὶδ,</span> <span class='ocrx_word' id='word_1_644' title='bbox 2455 4395 2550 4449; x_wconf 79' lang='grc' dir='ltr'>καὶ</span> <span class='ocrx_word' id='word_1_645' title='bbox 2591 4394 2624 4466; x_wconf 76' lang='grc' dir='ltr'><strong>ἡ</strong></span> <span class='ocrx_word' id='word_1_646' title='bbox 2667 4392 2763 4448; x_wconf 82' lang='grc' dir='ltr'><strong>τοῦ</strong></span> <span class='ocrx_word' id='word_1_647' title='bbox 2813 4392 3025 4447; x_wconf 85' lang='grc' dir='ltr'>Παύλου</span> <span class='ocrx_word' id='word_1_648' title='bbox 3063 4392 3209 4464; x_wconf 77' lang='grc' dir='ltr'>ψυχή</span> <span class='ocrx_word' id='word_1_649' title='bbox 3232 4409 3246 4422; x_wconf 89' lang='grc'><strong>·</strong></span> <span class='ocrx_word' id='word_1_650' title='bbox 3297 4395 3330 4465; x_wconf 95' lang='grc' dir='ltr'><strong>ή</strong></span> <span class='ocrx_word' id='word_1_651' title='bbox 3377 4393 3475 4464; x_wconf 81' lang='grc' dir='ltr'>μὲν</span> <span class='ocrx_word' id='word_1_652' title='bbox 3521 4394 3739 4462; x_wconf 82' lang='grc' dir='ltr'>λέγουσα</span> <span class='ocrx_word' id='word_1_653' title='bbox 3767 4385 3839 4442; x_wconf 60' lang='lat' dir='ltr'><strong>ct.</strong></span> 
     </span>
    </p>
   </div>
   <div class='ocr_carea' id='block_1_89' title="bbox 2308 4474 3837 4555">
    <p class='ocr_par' dir='ltr' id='par_1_89' title="bbox 2308 4474 3837 4555">
     <span class='ocr_line' id='line_1_89' title="bbox 2308 4474 3837 4555; baseline -0.003 -17"><span class='ocrx_word' id='word_1_654' title='bbox 2308 4484 2472 4555; x_wconf 80' lang='grc' dir='ltr'><strong>Ἐμοὶ</strong></span> <span class='ocrx_word' id='word_1_655' title='bbox 2496 4483 2567 4539; x_wconf 82' lang='grc' dir='ltr'>δὲ</span> <span class='ocrx_word' id='word_1_656' title='bbox 2591 4484 2656 4539; x_wconf 82' lang='grc' dir='ltr'>τὸ</span> <span class='ocrx_word' id='word_1_657' title='bbox 2688 4474 3184 4555; x_wconf 73' lang='grc' dir='ltr'>προσκολλᾶσθαι</span> <span class='ocrx_word' id='word_1_658' title='bbox 3205 4484 3285 4550; x_wconf 83' lang='grc' dir='ltr'>τῷ</span> <span class='ocrx_word' id='word_1_659' title='bbox 3306 4484 3430 4550; x_wconf 85' lang='grc' dir='ltr'><strong>Θεῷ</strong></span> <span class='ocrx_word' id='word_1_660' title='bbox 3450 4485 3669 4555; x_wconf 77' lang='grc' dir='ltr'>ἀγαθόν</span> <span class='ocrx_word' id='word_1_661' title='bbox 3685 4482 3837 4536; x_wconf 78' lang='grc' dir='ltr'>ἐστιν·</span> 
     </span>
    </p>
   </div>
   <div class='ocr_carea' id='block_1_90' title="bbox 609 4562 2202 4646">
    <p class='ocr_par' dir='ltr' id='par_1_90' title="bbox 609 4566 2198 4639">
     <span class='ocr_line' id='line_1_90' title="bbox 609 4566 2198 4639; baseline 0.001 -18"><span class='ocrx_word' id='word_1_662' title='bbox 609 4585 744 4626; x_wconf 89' lang='lat' dir='ltr'><strong>vero</strong></span> <span class='ocrx_word' id='word_1_663' title='bbox 769 4587 784 4625; x_wconf 89' lang='lat'>:</span> <span class='ocrx_word' id='word_1_664' title='bbox 808 4568 981 4625; x_wconf 84' lang='lat' dir='ltr'><strong>Nemo</strong></span> <span class='ocrx_word' id='word_1_665' title='bbox 1018 4567 1261 4639; x_wconf 76' lang='lat' dir='ltr'><strong>sejunget</strong></span> <span class='ocrx_word' id='word_1_666' title='bbox 1286 4582 1383 4620; x_wconf 84' lang='lat' dir='ltr'><strong>nos</strong></span> <span class='ocrx_word' id='word_1_667' title='bbox 1404 4583 1437 4620; x_wconf 79' lang='grc' dir='ltr'><strong>ει</strong></span> <span class='ocrx_word' id='word_1_668' title='bbox 1462 4566 1744 4622; x_wconf 77' lang='lat' dir='ltr'><strong>dilectione</strong></span> <span class='ocrx_word' id='word_1_669' title='bbox 1768 4567 1885 4633; x_wconf 85' lang='lat' dir='ltr'><strong>Dei,</strong></span> <span class='ocrx_word' id='word_1_670' title='bbox 1916 4580 2126 4639; x_wconf 65' lang='lat' dir='ltr'><strong>quaest</strong></span> <span class='ocrx_word' id='word_1_671' title='bbox 2144 4570 2198 4623; x_wconf 83' lang='lat' dir='ltr'><strong>in</strong></span> 
     </span>
    </p>
   </div>
   <div class='ocr_carea' id='block_1_91' title="bbox 2304 4562 3839 4646">
    <p class='ocr_par' dir='ltr' id='par_1_91' title="bbox 2306 4565 3839 4646">
     <span class='ocr_line' id='line_1_91' title="bbox 2306 4565 3839 4646; baseline -0.009 -14"><span class='ocrx_word' id='word_1_672' title='bbox 2306 4576 2342 4645; x_wconf 85' lang='grc' dir='ltr'><strong>ἡ</strong></span> <span class='ocrx_word' id='word_1_673' title='bbox 2365 4574 2420 4628; x_wconf 81' lang='grc' dir='ltr'>δὲ</span> <span class='ocrx_word' id='word_1_674' title='bbox 2442 4575 2524 4639; x_wconf 81' lang='grc' dir='ltr'><strong>τὸ,</strong></span> <span class='ocrx_word' id='word_1_675' title='bbox 2558 4575 2770 4642; x_wconf 78' lang='grc' dir='ltr'>Οὐδεὶς</span> <span class='ocrx_word' id='word_1_676' title='bbox 2795 4576 3037 4646; x_wconf 79' lang='grc' dir='ltr'>χωρίσει</span> <span class='ocrx_word' id='word_1_677' title='bbox 3065 4573 3224 4645; x_wconf 67' lang='grc' dir='ltr'>’ἡμᾶς</span> <span class='ocrx_word' id='word_1_678' title='bbox 3243 4575 3362 4630; x_wconf 76' lang='grc' dir='ltr'>ἀπὸ</span> <span class='ocrx_word' id='word_1_679' title='bbox 3394 4575 3504 4644; x_wconf 78' lang='grc' dir='ltr'>τῆς</span> <span class='ocrx_word' id='word_1_680' title='bbox 3522 4575 3744 4646; x_wconf 56' lang='grc' dir='ltr'>ἀγάπης</span> <span class='ocrx_word' id='word_1_681' title='bbox 3759 4565 3839 4622; x_wconf 81' lang='grc' dir='ltr'><strong>τοῦ</strong></span> 
     </span>
    </p>
   </div>
   <div class='ocr_carea' id='block_1_92' title="bbox 613 4660 2195 4734">
    <p class='ocr_par' dir='ltr' id='par_1_92' title="bbox 613 4660 2195 4734">
     <span class='ocr_line' id='line_1_92' title="bbox 613 4660 2195 4734; baseline -0.001 -17"><span class='ocrx_word' id='word_1_682' title='bbox 613 4661 829 4717; x_wconf 75' lang='lat' dir='ltr'><strong>Christo</strong></span> <span class='ocrx_word' id='word_1_683' title='bbox 851 4660 1022 4717; x_wconf 68' lang='lat' dir='ltr'><strong>Iesu:</strong></span> <span class='ocrx_word' id='word_1_684' title='bbox 1053 4677 1159 4716; x_wconf 82' lang='lat' dir='ltr'><strong>non</strong></span> <span class='ocrx_word' id='word_1_685' title='bbox 1174 4661 1305 4724; x_wconf 77' lang='lat' dir='ltr'><strong>vita,</strong></span> <span class='ocrx_word' id='word_1_686' title='bbox 1323 4675 1427 4714; x_wconf 76' lang='lat' dir='ltr'><strong>non</strong></span> <span class='ocrx_word' id='word_1_687' title='bbox 1454 4676 1619 4727; x_wconf 78' lang='lat' dir='ltr'><strong>mors,</strong></span> <span class='ocrx_word' id='word_1_688' title='bbox 1640 4677 1742 4715; x_wconf 85' lang='lat' dir='ltr'><strong>non</strong></span> <span class='ocrx_word' id='word_1_689' title='bbox 1772 4661 1914 4734; x_wconf 80' lang='lat' dir='ltr'><strong>quod</strong></span> <span class='ocrx_word' id='word_1_690' title='bbox 1941 4678 2195 4732; x_wconf 71' lang='lat' dir='ltr'><strong>prmum,</strong></span> 
     </span>
    </p>
   </div>
   <div class='ocr_carea' id='block_1_93' title="bbox 2300 4652 3838 4736">
    <p class='ocr_par' dir='ltr' id='par_1_93' title="bbox 2300 4652 3838 4736">
     <span class='ocr_line' id='line_1_93' title="bbox 2300 4652 3838 4736; baseline -0.004 -15"><span class='ocrx_word' id='word_1_691' title='bbox 2300 4665 2594 4735; x_wconf 77' lang='grc' dir='ltr'>Χριστοῦο</span> <span class='ocrx_word' id='word_1_692' title='bbox 2620 4669 2693 4721; x_wconf 89' lang='grc' dir='ltr'><strong>οὐ</strong></span> <span class='ocrx_word' id='word_1_693' title='bbox 2721 4664 2861 4735; x_wconf 79' lang='grc' dir='ltr'>ζωὴ,</span> <span class='ocrx_word' id='word_1_694' title='bbox 2883 4667 2955 4721; x_wconf 79' lang='grc' dir='ltr'><strong>οὐ</strong></span> <span class='ocrx_word' id='word_1_695' title='bbox 2976 4664 3253 4734; x_wconf 78' lang='grc' dir='ltr'>θάνατος.</span> <span class='ocrx_word' id='word_1_696' title='bbox 3281 4668 3353 4720; x_wconf 86' lang='grc' dir='ltr'><strong>οὐ</strong></span> <span class='ocrx_word' id='word_1_697' title='bbox 3377 4665 3440 4719; x_wconf 75' lang='grc' dir='ltr'>τὸ</span> <span class='ocrx_word' id='word_1_698' title='bbox 3467 4665 3676 4736; x_wconf 77' lang='grc' dir='ltr'>παρὸν,</span> <span class='ocrx_word' id='word_1_699' title='bbox 3706 4662 3766 4715; x_wconf 87' lang='grc' dir='ltr'><strong>οὐ</strong></span> <span class='ocrx_word' id='word_1_700' title='bbox 3790 4652 3838 4710; x_wconf 74' lang='grc' dir='ltr'>τὸ</span> 
     </span>
    </p>
   </div>
   <div class='ocr_carea' id='block_1_94' title="bbox 611 4749 2202 4827">
    <p class='ocr_par' dir='ltr' id='par_1_94' title="bbox 611 4750 2197 4823">
     <span class='ocr_line' id='line_1_94' title="bbox 611 4750 2197 4823; baseline 0.001 -16"><span class='ocrx_word' id='word_1_701' title='bbox 611 4769 721 4809; x_wconf 74' lang='lat' dir='ltr'><strong>non</strong></span> <span class='ocrx_word' id='word_1_702' title='bbox 750 4750 890 4823; x_wconf 83' lang='lat' dir='ltr'><strong>quod</strong></span> <span class='ocrx_word' id='word_1_703' title='bbox 920 4751 1187 4821; x_wconf 56' lang='lat' dir='ltr'><strong>futurum</strong></span> <span class='ocrx_word' id='word_1_704' title='bbox 1217 4761 1320 4817; x_wconf 73' lang='lat' dir='ltr'><strong>est,</strong></span> <span class='ocrx_word' id='word_1_705' title='bbox 1354 4767 1461 4806; x_wconf 78' lang='lat' dir='ltr'><strong>non</strong></span> <span class='ocrx_word' id='word_1_706' title='bbox 1487 4753 1776 4821; x_wconf 74' lang='lat' dir='ltr'><strong>quidquam</strong></span> <span class='ocrx_word' id='word_1_707' title='bbox 1807 4770 1991 4808; x_wconf 81' lang='lat' dir='ltr'><strong>earum</strong></span> <span class='ocrx_word' id='word_1_708' title='bbox 2020 4771 2197 4810; x_wconf 81' lang='lat' dir='ltr'><strong>rerum</strong></span> 
     </span>
    </p>
   </div>
   <div class='ocr_carea' id='block_1_95' title="bbox 2304 4749 3836 4827">
    <p class='ocr_par' dir='ltr' id='par_1_95' title="bbox 2304 4749 3836 4827">
     <span class='ocr_line' id='line_1_95' title="bbox 2304 4749 3836 4827; baseline -0.002 -15"><span class='ocrx_word' id='word_1_709' title='bbox 2304 4756 2552 4827; x_wconf 76' lang='grc' dir='ltr'>μέλλον,</span> <span class='ocrx_word' id='word_1_710' title='bbox 2569 4758 2681 4812; x_wconf 82' lang='grc' dir='ltr'><strong>οὐκ</strong></span> <span class='ocrx_word' id='word_1_711' title='bbox 2705 4758 2861 4813; x_wconf 74' lang='grc' dir='ltr'>ἄλλο</span> <span class='ocrx_word' id='word_1_712' title='bbox 2893 4775 2949 4811; x_wconf 80' lang='grc' dir='ltr'><strong>τι</strong></span> <span class='ocrx_word' id='word_1_713' title='bbox 2977 4757 3097 4813; x_wconf 83' lang='grc' dir='ltr'><strong>τῶν</strong></span> <span class='ocrx_word' id='word_1_714' title='bbox 3113 4758 3306 4813; x_wconf 77' lang='grc' dir='ltr'>ὄντων</span> <span class='ocrx_word' id='word_1_715' title='bbox 3331 4757 3530 4813; x_wconf 79' lang='grc' dir='ltr'>οὐδέν.</span> <span class='ocrx_word' id='word_1_716' title='bbox 3563 4760 3629 4812; x_wconf 78' lang='lat' dir='ltr'><strong>At</strong></span> <span class='ocrx_word' id='word_1_717' title='bbox 3652 4756 3702 4809; x_wconf 77' lang='grc' dir='ltr'>δὲ</span> <span class='ocrx_word' id='word_1_718' title='bbox 3722 4749 3836 4822; x_wconf 77' lang='grc' dir='ltr'>φόὸιι)</span> 
     </span>
    </p>
   </div>
   <div class='ocr_carea' id='block_1_96' title="bbox 608 4841 2199 4915">
    <p class='ocr_par' dir='ltr' id='par_1_96' title="bbox 608 4841 2199 4915">
     <span class='ocr_line' id='line_1_96' title="bbox 608 4841 2199 4915; baseline 0.001 -17"><span class='ocrx_word' id='word_1_719' title='bbox 608 4860 731 4915; x_wconf 66' lang='lat' dir='ltr'><strong>qua</strong></span> <span class='ocrx_word' id='word_1_720' title='bbox 766 4844 1031 4899; x_wconf 74' lang='lat' dir='ltr'><strong>exsistunt</strong></span> <span class='ocrx_word' id='word_1_721' title='bbox 1062 4843 1131 4897; x_wconf 78' lang='lat'><strong>“.</strong></span> <span class='ocrx_word' id='word_1_722' title='bbox 1159 4841 1296 4898; x_wconf 69' lang='lat' dir='ltr'><strong>Aliae</strong></span> <span class='ocrx_word' id='word_1_723' title='bbox 1347 4849 1529 4897; x_wconf 85' lang='lat' dir='ltr'><strong>autem</strong></span> <span class='ocrx_word' id='word_1_724' title='bbox 1573 4843 1828 4914; x_wconf 88' lang='lat' dir='ltr'><strong>supplicii</strong></span> <span class='ocrx_word' id='word_1_725' title='bbox 1859 4852 2007 4899; x_wconf 87' lang='lat' dir='ltr'><strong>metu</strong></span> <span class='ocrx_word' id='word_1_726' title='bbox 2038 4844 2199 4901; x_wconf 82' lang='lat' dir='ltr'><strong>adul-</strong></span> 
     </span>
    </p>
   </div>
   <div class='ocr_carea' id='block_1_97' title="bbox 609 4934 2198 5006">
    <p class='ocr_par' dir='ltr' id='par_1_97' title="bbox 609 4934 2198 5006">
     <span class='ocr_line' id='line_1_97' title="bbox 609 4934 2198 5006; baseline -0.001 -13"><span class='ocrx_word' id='word_1_727' title='bbox 609 4936 740 4994; x_wconf 81' lang='lat' dir='ltr'><strong>terii</strong></span> <span class='ocrx_word' id='word_1_728' title='bbox 792 4944 1025 4991; x_wconf 83' lang='lat' dir='ltr'><strong>conatus</strong></span> <span class='ocrx_word' id='word_1_729' title='bbox 1076 4934 1253 4990; x_wconf 87' lang='lat' dir='ltr'><strong>vitant</strong></span> <span class='ocrx_word' id='word_1_730' title='bbox 1288 4949 1456 4989; x_wconf 89' lang='lat' dir='ltr'><strong>:nam</strong></span> <span class='ocrx_word' id='word_1_731' title='bbox 1500 4942 1554 4990; x_wconf 85' lang='lat' dir='ltr'><strong>et</strong></span> <span class='ocrx_word' id='word_1_732' title='bbox 1583 4935 1717 5006; x_wconf 59' lang='lat' dir='ltr'><strong>ipsa:</strong></span> <span class='ocrx_word' id='word_1_733' title='bbox 1752 4936 2198 4992; x_wconf 85' lang='lat' dir='ltr'><strong>manent.incor-</strong></span> 
     </span>
    </p>
   </div>
   <div class='ocr_carea' id='block_1_98' title="bbox 608 5028 2197 5101">
    <p class='ocr_par' dir='ltr' id='par_1_98' title="bbox 608 5028 2197 5101">
     <span class='ocr_line' id='line_1_98' title="bbox 608 5028 2197 5101; baseline -0.001 -15"><span class='ocrx_word' id='word_1_734' title='bbox 608 5037 790 5101; x_wconf 63' lang='lat' dir='ltr'><strong>rupta:</strong></span> <span class='ocrx_word' id='word_1_735' title='bbox 843 5029 899 5083; x_wconf 91' lang='lat' dir='ltr'><strong>in</strong></span> <span class='ocrx_word' id='word_1_736' title='bbox 952 5028 1268 5100; x_wconf 72' lang='lat' dir='ltr'><strong>integritate</strong></span> <span class='ocrx_word' id='word_1_737' title='bbox 1297 5043 1364 5084; x_wconf 93' lang='lat' dir='ltr'><strong>ac</strong></span> <span class='ocrx_word' id='word_1_738' title='bbox 1403 5028 1880 5096; x_wconf 84' lang='lat' dir='ltr'><strong>sanctiﬁcatione;</strong></span> <span class='ocrx_word' id='word_1_739' title='bbox 1924 5030 2022 5085; x_wconf 78' lang='lat' dir='ltr'><strong>sed</strong></span> <span class='ocrx_word' id='word_1_740' title='bbox 2048 5039 2197 5087; x_wconf 89' lang='lat' dir='ltr'><strong>metu</strong></span> 
     </span>
    </p>
   </div>
   <div class='ocr_carea' id='block_1_99' title="bbox 609 5118 2201 5195">
    <p class='ocr_par' dir='ltr' id='par_1_99' title="bbox 609 5118 2201 5195">
     <span class='ocr_line' id='line_1_99' title="bbox 609 5118 2201 5195; baseline -0.001 -17"><span class='ocrx_word' id='word_1_741' title='bbox 609 5122 786 5195; x_wconf 89' lang='lat' dir='ltr'><strong>magis</strong></span> <span class='ocrx_word' id='word_1_742' title='bbox 802 5135 965 5193; x_wconf 81' lang='lat' dir='ltr'><strong>quam</strong></span> <span class='ocrx_word' id='word_1_743' title='bbox 988 5120 1264 5181; x_wconf 85' lang='lat' dir='ltr'><strong>desiderio</strong></span> <span class='ocrx_word' id='word_1_744' title='bbox 1293 5119 1545 5175; x_wconf 63' lang='lat' dir='ltr'><strong>adductae</strong></span> <span class='ocrx_word' id='word_1_745' title='bbox 1566 5118 1832 5191; x_wconf 83' lang='lat' dir='ltr'><strong>ﬂagitium</strong></span> <span class='ocrx_word' id='word_1_746' title='bbox 1861 5122 2070 5177; x_wconf 90' lang='lat' dir='ltr'><strong>nullum</strong></span> <span class='ocrx_word' id='word_1_747' title='bbox 2099 5123 2201 5177; x_wconf 85' lang='lat' dir='ltr'><strong>ad-</strong></span> 
     </span>
    </p>
   </div>
   <div class='ocr_carea' id='block_1_100' title="bbox 610 5211 2201 5285">
    <p class='ocr_par' dir='ltr' id='par_1_100' title="bbox 610 5211 2201 5285">
     <span class='ocr_line' id='line_1_100' title="bbox 610 5211 2201 5285; baseline -0.001 -14"><span class='ocrx_word' id='word_1_748' title='bbox 610 5219 859 5272; x_wconf 87' lang='lat' dir='ltr'><strong>mittunt.</strong></span> <span class='ocrx_word' id='word_1_749' title='bbox 887 5213 1021 5281; x_wconf 64' lang='lat' dir='ltr'><strong>Quae</strong></span> <span class='ocrx_word' id='word_1_750' title='bbox 1049 5213 1217 5285; x_wconf 90' lang='lat' dir='ltr'><strong>igitur</strong></span> <span class='ocrx_word' id='word_1_751' title='bbox 1249 5226 1345 5283; x_wconf 85' lang='lat' dir='ltr'><strong>per</strong></span> <span class='ocrx_word' id='word_1_752' title='bbox 1371 5211 1719 5268; x_wconf 79' lang='lat' dir='ltr'><strong>aﬂ‘ectioncm</strong></span> <span class='ocrx_word' id='word_1_753' title='bbox 1748 5212 2044 5284; x_wconf 84' lang='lat' dir='ltr'><strong>quamdam</strong></span> <span class='ocrx_word' id='word_1_754' title='bbox 2074 5230 2201 5285; x_wconf 88' lang='lat' dir='ltr'><strong>per-</strong></span> 
     </span>
    </p>
   </div>
   <div class='ocr_carea' id='block_1_101' title="bbox 609 5303 2198 5375">
    <p class='ocr_par' dir='ltr' id='par_1_101' title="bbox 609 5303 2198 5375">
     <span class='ocr_line' id='line_1_101' title="bbox 609 5303 2198 5375; baseline -0.001 -12"><span class='ocrx_word' id='word_1_755' title='bbox 609 5306 898 5365; x_wconf 81' lang='lat' dir='ltr'><strong>fectiorem</strong></span> <span class='ocrx_word' id='word_1_756' title='bbox 926 5303 1203 5363; x_wconf 82' lang='lat' dir='ltr'><strong>desiderio</strong></span> <span class='ocrx_word' id='word_1_757' title='bbox 1222 5304 1560 5374; x_wconf 61' lang='lat' dir='ltr'><strong>incorruptae</strong></span> <span class='ocrx_word' id='word_1_758' title='bbox 1590 5304 1920 5375; x_wconf 86' lang='lat' dir='ltr'><strong>integritatis</strong></span> <span class='ocrx_word' id='word_1_759' title='bbox 1951 5320 2077 5360; x_wconf 84' lang='lat' dir='ltr'><strong>cum</strong></span> <span class='ocrx_word' id='word_1_760' title='bbox 2102 5307 2198 5362; x_wconf 86' lang='lat' dir='ltr'><strong>Dei</strong></span> 
     </span>
    </p>
   </div>
   <div class='ocr_carea' id='block_1_102' title="bbox 610 5395 2196 5469">
    <p class='ocr_par' dir='ltr' id='par_1_102' title="bbox 610 5395 2196 5469">
     <span class='ocr_line' id='line_1_102' title="bbox 610 5395 2196 5469; baseline -0.001 -16"><span class='ocrx_word' id='word_1_761' title='bbox 610 5399 853 5467; x_wconf 79' lang='lat' dir='ltr'><strong>puritate</strong></span> <span class='ocrx_word' id='word_1_762' title='bbox 873 5396 1033 5468; x_wconf 85' lang='lat' dir='ltr'><strong>quasi</strong></span> <span class='ocrx_word' id='word_1_763' title='bbox 1080 5395 1533 5459; x_wconf 84' lang='lat' dir='ltr'><strong>commiscentur,</strong></span> <span class='ocrx_word' id='word_1_764' title='bbox 1559 5396 1764 5466; x_wconf 68' lang='lat' dir='ltr'><strong>reginae</strong></span> <span class='ocrx_word' id='word_1_765' title='bbox 1785 5406 2010 5467; x_wconf 86' lang='lat' dir='ltr'><strong>propter</strong></span> <span class='ocrx_word' id='word_1_766' title='bbox 2042 5398 2196 5469; x_wconf 86' lang='lat' dir='ltr'><strong>regni</strong></span> 
     </span>
    </p>
   </div>
   <div class='ocr_carea' id='block_1_103' title="bbox 613 5485 2194 5560">
    <p class='ocr_par' dir='ltr' id='par_1_103' title="bbox 613 5485 2194 5560">
     <span class='ocr_line' id='line_1_103' title="bbox 613 5485 2194 5560; baseline 0.001 -18"><span class='ocrx_word' id='word_1_767' title='bbox 613 5489 935 5552; x_wconf 73' lang='lat' dir='ltr'><strong>societatem</strong></span> <span class='ocrx_word' id='word_1_768' title='bbox 970 5487 1336 5560; x_wconf 89' lang='lat' dir='ltr'><strong>appellantur.</strong></span> <span class='ocrx_word' id='word_1_769' title='bbox 1367 5485 1501 5555; x_wconf 69' lang='lat' dir='ltr'><strong>Qum</strong></span> <span class='ocrx_word' id='word_1_770' title='bbox 1529 5493 1712 5543; x_wconf 90' lang='lat' dir='ltr'><strong>autem</strong></span> <span class='ocrx_word' id='word_1_771' title='bbox 1743 5488 2019 5547; x_wconf 82' lang='lat' dir='ltr'><strong>minarum</strong></span> <span class='ocrx_word' id='word_1_772' title='bbox 2047 5499 2194 5546; x_wconf 91' lang='lat' dir='ltr'><strong>metu</strong></span> 
     </span>
    </p>
   </div>
   <div class='ocr_carea' id='block_1_104' title="bbox 611 5578 2195 5646">
    <p class='ocr_par' dir='ltr' id='par_1_104' title="bbox 611 5578 2195 5646">
     <span class='ocr_line' id='line_1_104' title="bbox 611 5578 2195 5646; baseline 0.003 -16"><span class='ocrx_word' id='word_1_773' title='bbox 611 5580 873 5639; x_wconf 82' lang='lat' dir='ltr'><strong>virtutem</strong></span> <span class='ocrx_word' id='word_1_774' title='bbox 928 5582 1138 5646; x_wconf 88' lang='lat' dir='ltr'><strong>colunt,</strong></span> <span class='ocrx_word' id='word_1_775' title='bbox 1193 5580 1519 5636; x_wconf 73' lang='lat' dir='ltr'><strong>concubinae</strong></span> <span class='ocrx_word' id='word_1_776' title='bbox 1558 5588 1846 5636; x_wconf 89' lang='lat' dir='ltr'><strong>vocantur.</strong></span> <span class='ocrx_word' id='word_1_777' title='bbox 1889 5578 2004 5638; x_wconf 87' lang='lat' dir='ltr'><strong>Nec</strong></span> <span class='ocrx_word' id='word_1_778' title='bbox 2046 5582 2195 5637; x_wconf 87' lang='lat' dir='ltr'><strong>enim</strong></span> 
     </span>
    </p>
   </div>
   <div class='ocr_carea' id='block_1_105' title="bbox 2303 4846 3835 4922">
    <p class='ocr_par' dir='ltr' id='par_1_105' title="bbox 2303 4846 3835 4922">
     <span class='ocr_line' id='line_1_105' title="bbox 2303 4846 3835 4922; baseline -0.003 -21"><span class='ocrx_word' id='word_1_779' title='bbox 2303 4847 2579 4914; x_wconf 86' lang='grc' dir='ltr'>κολάσεως</span> <span class='ocrx_word' id='word_1_780' title='bbox 2605 4849 2705 4911; x_wconf 72' lang='grc' dir='ltr'><strong>τὰς</strong></span> <span class='ocrx_word' id='word_1_781' title='bbox 2738 4852 2992 4922; x_wconf 78' lang='grc' dir='ltr'>μοιχικὰς</span> <span class='ocrx_word' id='word_1_782' title='bbox 3017 4850 3387 4921; x_wconf 85' lang='grc' dir='ltr'>ἀποφεύγουσι</span> <span class='ocrx_word' id='word_1_783' title='bbox 3414 4850 3625 4922; x_wconf 85' lang='grc' dir='ltr'>πείρας.</span> <span class='ocrx_word' id='word_1_784' title='bbox 3647 4846 3835 4903; x_wconf 78' lang='grc' dir='ltr'>Μένουσι</span> 
     </span>
    </p>
   </div>
   <div class='ocr_carea' id='block_1_106' title="bbox 2303 4930 3835 5015">
    <p class='ocr_par' dir='ltr' id='par_1_106' title="bbox 2303 4930 3835 5015">
     <span class='ocr_line' id='line_1_106' title="bbox 2303 4930 3835 5015; baseline -0.014 -7"><span class='ocrx_word' id='word_1_785' title='bbox 2303 4939 2413 5011; x_wconf 70' lang='grc' dir='ltr'>γὰρ</span> <span class='ocrx_word' id='word_1_786' title='bbox 2448 4941 2505 4994; x_wconf 78' lang='grc' dir='ltr'>ὲν</span> <span class='ocrx_word' id='word_1_787' title='bbox 2550 4941 2828 5015; x_wconf 72' lang='grc' dir='ltr'>ἀφθαρσίᾳ</span> <span class='ocrx_word' id='word_1_788' title='bbox 2872 4943 2966 4996; x_wconf 76' lang='grc' dir='ltr'>καὶ</span> <span class='ocrx_word' id='word_1_789' title='bbox 3011 4941 3266 5013; x_wconf 83' lang='grc' dir='ltr'>ἁγιασμῷ</span> <span class='ocrx_word' id='word_1_790' title='bbox 3298 4943 3392 4997; x_wconf 76' lang='grc' dir='ltr'><strong>καὶ</strong></span> <span class='ocrx_word' id='word_1_791' title='bbox 3419 4937 3574 4997; x_wconf 71' lang='grc' dir='ltr'>αὗται</span> <span class='ocrx_word' id='word_1_792' title='bbox 3598 4959 3611 4971; x_wconf 89' lang='grc'><strong>·</strong></span> <span class='ocrx_word' id='word_1_793' title='bbox 3644 4936 3756 4994; x_wconf 66' lang='grc' dir='ltr'>ἀλλὰ</span> <span class='ocrx_word' id='word_1_794' title='bbox 3779 4930 3835 4998; x_wconf 79' lang='grc' dir='ltr'>τῷ</span> 
     </span>
    </p>
   </div>
   <div class='ocr_carea' id='block_1_107' title="bbox 2304 5024 3833 5106">
    <p class='ocr_par' dir='ltr' id='par_1_107' title="bbox 2304 5024 3833 5106">
     <span class='ocr_line' id='line_1_107' title="bbox 2304 5024 3833 5106; baseline 0.001 -22"><span class='ocrx_word' id='word_1_795' title='bbox 2304 5032 2456 5103; x_wconf 76' lang='grc' dir='ltr'>φόϐῳ</span> <span class='ocrx_word' id='word_1_796' title='bbox 2491 5034 2689 5104; x_wconf 80' lang='grc' dir='ltr'>μᾶλλον</span> <span class='ocrx_word' id='word_1_797' title='bbox 2714 5034 2746 5106; x_wconf 75' lang='grc' dir='ltr'>ἢ</span> <span class='ocrx_word' id='word_1_798' title='bbox 2780 5034 2857 5106; x_wconf 82' lang='grc' dir='ltr'>τῷ</span> <span class='ocrx_word' id='word_1_799' title='bbox 2888 5035 3036 5106; x_wconf 77' lang='grc' dir='ltr'>πόθῳ</span> <span class='ocrx_word' id='word_1_800' title='bbox 3084 5027 3593 5104; x_wconf 71' lang='grc' dir='ltr'>παιδαγωγούμεναι</span> <span class='ocrx_word' id='word_1_801' title='bbox 3622 5032 3764 5103; x_wconf 78' lang='grc' dir='ltr'>μόνῳ.</span> <span class='ocrx_word' id='word_1_802' title='bbox 3789 5024 3833 5074; x_wconf 74' lang='grc' dir='ltr'><strong>τὸ</strong></span> 
     </span>
    </p>
   </div>
   <div class='ocr_carea' id='block_1_108' title="bbox 2303 5120 3830 5199">
    <p class='ocr_par' dir='ltr' id='par_1_108' title="bbox 2303 5120 3830 5199">
     <span class='ocr_line' id='line_1_108' title="bbox 2303 5120 3830 5199; baseline -0.006 -20"><span class='ocrx_word' id='word_1_803' title='bbox 2303 5124 2476 5179; x_wconf 82' lang='grc' dir='ltr'>κακὸν</span> <span class='ocrx_word' id='word_1_804' title='bbox 2503 5125 2564 5178; x_wconf 83' lang='grc' dir='ltr'>οὐ</span> <span class='ocrx_word' id='word_1_805' title='bbox 2611 5126 3016 5199; x_wconf 82' lang='grc' dir='ltr'>προσδέχονται.</span> <span class='ocrx_word' id='word_1_806' title='bbox 3058 5129 3122 5181; x_wconf 84' lang='grc' dir='ltr'>Αἰ</span> <span class='ocrx_word' id='word_1_807' title='bbox 3156 5128 3252 5199; x_wconf 79' lang='grc' dir='ltr'>μὲν</span> <span class='ocrx_word' id='word_1_808' title='bbox 3283 5125 3375 5182; x_wconf 76' lang='grc' dir='ltr'>οὖν</span> <span class='ocrx_word' id='word_1_809' title='bbox 3416 5127 3505 5182; x_wconf 87' lang='grc' dir='ltr'><strong>διά</strong></span> <span class='ocrx_word' id='word_1_810' title='bbox 3534 5127 3629 5198; x_wconf 79' lang='grc' dir='ltr'>τῆς</span> <span class='ocrx_word' id='word_1_811' title='bbox 3671 5120 3830 5175; x_wconf 78' lang='grc' dir='ltr'>τελειε-</span> 
     </span>
    </p>
   </div>
   <div class='ocr_carea' id='block_1_109' title="bbox 2300 5213 3829 5291">
    <p class='ocr_par' dir='ltr' id='par_1_109' title="bbox 2300 5213 3829 5291">
     <span class='ocr_line' id='line_1_109' title="bbox 2300 5213 3829 5291; baseline -0.005 -21"><span class='ocrx_word' id='word_1_812' title='bbox 2300 5216 2464 5287; x_wconf 87' lang='grc' dir='ltr'>τέρας</span> <span class='ocrx_word' id='word_1_813' title='bbox 2499 5217 2793 5283; x_wconf 85' lang='grc' dir='ltr'>διαθέσεως</span> <span class='ocrx_word' id='word_1_814' title='bbox 2828 5219 2977 5290; x_wconf 86' lang='grc' dir='ltr'>πόθῳ</span> <span class='ocrx_word' id='word_1_815' title='bbox 3008 5220 3106 5291; x_wconf 79' lang='grc' dir='ltr'>τῆς</span> <span class='ocrx_word' id='word_1_816' title='bbox 3142 5219 3448 5291; x_wconf 87' lang='grc' dir='ltr'>ἀφθαρσίας</span> <span class='ocrx_word' id='word_1_817' title='bbox 3497 5213 3829 5291; x_wconf 81' lang='grc' dir='ltr'>ἀνακραθείσαι</span> 
     </span>
    </p>
   </div>
   <div class='ocr_carea' id='block_1_110' title="bbox 2303 5307 3822 5383">
    <p class='ocr_par' dir='ltr' id='par_1_110' title="bbox 2303 5307 3822 5383">
     <span class='ocr_line' id='line_1_110' title="bbox 2303 5307 3822 5383; baseline -0.007 -20"><span class='ocrx_word' id='word_1_818' title='bbox 2303 5310 2370 5379; x_wconf 78' lang='grc' dir='ltr'>τῇ</span> <span class='ocrx_word' id='word_1_819' title='bbox 2408 5307 2505 5362; x_wconf 73' lang='grc' dir='ltr'>τοῦ</span> <span class='ocrx_word' id='word_1_820' title='bbox 2538 5309 2674 5363; x_wconf 75' lang='grc' dir='ltr'>Θεοῦ</span> <span class='ocrx_word' id='word_1_821' title='bbox 2718 5309 3071 5383; x_wconf 85' lang='grc' dir='ltr'>καθαρότητι,</span> <span class='ocrx_word' id='word_1_822' title='bbox 3103 5310 3410 5381; x_wconf 86' lang='grc' dir='ltr'>βασίλισσαι</span> <span class='ocrx_word' id='word_1_823' title='bbox 3437 5310 3524 5365; x_wconf 80' lang='grc' dir='ltr'><strong>διὰ</strong></span> <span class='ocrx_word' id='word_1_824' title='bbox 3550 5312 3645 5381; x_wconf 78' lang='grc' dir='ltr'>τὴν</span> <span class='ocrx_word' id='word_1_825' title='bbox 3684 5316 3822 5360; x_wconf 81' lang='grc' dir='ltr'>κοινω-</span> 
     </span>
    </p>
   </div>
   <div class='ocr_carea' id='block_1_111' title="bbox 2304 5392 3826 5475">
    <p class='ocr_par' dir='ltr' id='par_1_111' title="bbox 2304 5392 3826 5475">
     <span class='ocr_line' id='line_1_111' title="bbox 2304 5392 3826 5475; baseline 0.001 -23"><span class='ocrx_word' id='word_1_826' title='bbox 2304 5400 2423 5453; x_wconf 87' lang='grc' dir='ltr'>νίαν</span> <span class='ocrx_word' id='word_1_827' title='bbox 2452 5400 2551 5470; x_wconf 84' lang='grc' dir='ltr'>τῆς</span> <span class='ocrx_word' id='word_1_828' title='bbox 2599 5401 2879 5472; x_wconf 86' lang='grc' dir='ltr'>βασιλείας</span> <span class='ocrx_word' id='word_1_829' title='bbox 2928 5402 3410 5475; x_wconf 73' lang='grc' dir='ltr'>κατονομάζονται.</span> <span class='ocrx_word' id='word_1_830' title='bbox 3451 5404 3560 5469; x_wconf 87' lang='grc' dir='ltr'><strong>Τάς</strong></span> <span class='ocrx_word' id='word_1_831' title='bbox 3589 5402 3642 5456; x_wconf 84' lang='grc' dir='ltr'>δὲ</span> <span class='ocrx_word' id='word_1_832' title='bbox 3671 5397 3736 5468; x_wconf 78' lang='grc' dir='ltr'>τῷ</span> <span class='ocrx_word' id='word_1_833' title='bbox 3756 5392 3826 5463; x_wconf 70' lang='grc' dir='ltr'><strong>τῆς</strong></span> 
     </span>
    </p>
   </div>
   <div class='ocr_carea' id='block_1_112' title="bbox 2302 5483 3824 5564">
    <p class='ocr_par' dir='ltr' id='par_1_112' title="bbox 2302 5483 3824 5564">
     <span class='ocr_line' id='line_1_112' title="bbox 2302 5483 3824 5564; baseline -0.001 -21"><span class='ocrx_word' id='word_1_834' title='bbox 2302 5489 2535 5560; x_wconf 81' lang='grc' dir='ltr'>ἀπειλῆς</span> <span class='ocrx_word' id='word_1_835' title='bbox 2565 5491 2715 5562; x_wconf 73' lang='grc' dir='ltr'>φόϐῳ</span> <span class='ocrx_word' id='word_1_836' title='bbox 2738 5492 2837 5564; x_wconf 81' lang='grc' dir='ltr'>τὴν</span> <span class='ocrx_word' id='word_1_837' title='bbox 2881 5493 3083 5564; x_wconf 84' lang='grc' dir='ltr'>ἀρετὴν</span> <span class='ocrx_word' id='word_1_838' title='bbox 3144 5493 3501 5558; x_wconf 83' lang='grc' dir='ltr'>ὲκπονούσας,</span> <span class='ocrx_word' id='word_1_839' title='bbox 3554 5483 3824 5546; x_wconf 66' lang='grc' dir='ltr'>παλλακίδας</span> 
     </span>
    </p>
   </div>
   <div class='ocr_carea' id='block_1_113' title="bbox 2304 5573 3828 5658">
    <p class='ocr_par' dir='ltr' id='par_1_113' title="bbox 2304 5573 3828 5658">
     <span class='ocr_line' id='line_1_113' title="bbox 2304 5573 3828 5658; baseline 0.007 -24"><span class='ocrx_word' id='word_1_840' title='bbox 2304 5580 2561 5653; x_wconf 73' lang='grc' dir='ltr'>ὀνομάζει</span> <span class='ocrx_word' id='word_1_841' title='bbox 2601 5585 2628 5636; x_wconf 89' lang='grc' dir='ltr'><strong>ό</strong></span> <span class='ocrx_word' id='word_1_842' title='bbox 2665 5583 2842 5658; x_wconf 84' lang='grc' dir='ltr'>λόγος.</span> <span class='ocrx_word' id='word_1_843' title='bbox 2883 5583 3050 5639; x_wconf 76' lang='grc' dir='ltr'>Οὔπω</span> <span class='ocrx_word' id='word_1_844' title='bbox 3091 5585 3200 5657; x_wconf 83' lang='grc' dir='ltr'><strong>γάρ</strong></span> <span class='ocrx_word' id='word_1_845' title='bbox 3237 5603 3320 5649; x_wconf 88' lang='grc' dir='ltr'><strong>τις</strong></span> <span class='ocrx_word' id='word_1_846' title='bbox 3358 5584 3535 5639; x_wconf 83' lang='grc' dir='ltr'>αὐτῶν</span> <span class='ocrx_word' id='word_1_847' title='bbox 3570 5583 3732 5654; x_wconf 76' lang='grc' dir='ltr'>μήτηρ</span> <span class='ocrx_word' id='word_1_848' title='bbox 3757 5573 3828 5643; x_wconf 77' lang='grc' dir='ltr'><strong>β²⁶</strong></span> 
     </span>
    </p>
   </div>
   <div class='ocr_carea' id='block_1_114' title="bbox 684 5740 2542 5867">
    <p class='ocr_par' dir='ltr' id='par_1_114' title="bbox 684 5740 2542 5867">
     <span class='ocr_line' id='line_1_114' title="bbox 684 5740 2542 5867; baseline 0.003 -53"><span class='ocrx_word' id='word_1_849' title='bbox 684 5740 735 5774; x_wconf 72' lang='grc'><strong>’⁸</strong></span> <span class='ocrx_word' id='word_1_850' title='bbox 770 5758 914 5814; x_wconf 80' lang='lat' dir='ltr'><strong>Psal.</strong></span> <span class='ocrx_word' id='word_1_851' title='bbox 943 5773 1105 5867; x_wconf 46' lang='lat' dir='ltr'><strong>xix“,</strong></span> <span class='ocrx_word' id='word_1_852' title='bbox 1131 5758 1181 5813; x_wconf 83' lang='lat'><strong>7.</strong></span> <span class='ocrx_word' id='word_1_853' title='bbox 1259 5760 1303 5791; x_wconf 76' lang='grc'><strong>⁸⁷</strong></span> <span class='ocrx_word' id='word_1_854' title='bbox 1338 5758 1486 5816; x_wconf 80' lang='lat' dir='ltr'><strong>Psal.</strong></span> <span class='ocrx_word' id='word_1_855' title='bbox 1529 5776 1701 5830; x_wconf 72' lang='grc' dir='ltr'>ιικιι,</span> <span class='ocrx_word' id='word_1_856' title='bbox 1750 5758 1842 5818; x_wconf 74' lang='lat'><strong>28.</strong></span> <span class='ocrx_word' id='word_1_857' title='bbox 1919 5763 1964 5796; x_wconf 83' lang='lat'><strong>”</strong></span> <span class='ocrx_word' id='word_1_858' title='bbox 2004 5760 2164 5817; x_wconf 82' lang='lat' dir='ltr'><strong>Rom.</strong></span> <span class='ocrx_word' id='word_1_859' title='bbox 2190 5778 2307 5830; x_wconf 74' lang='lat' dir='ltr'><strong>vni,</strong></span> <span class='ocrx_word' id='word_1_860' title='bbox 2338 5763 2542 5833; x_wconf 71' lang='lat'><strong>28,29.</strong></span> 
     </span>
    </p>
   </div>
  </div>
