4018 6366
188 350 341 410 1113

1214 349 1283 409 ΙΝ
1321 348 1621 407 CANTICA
1665 341 1933 401 CANTIC.
1982 346 2268 404 "Oille
2302 347 2420 405 XV.

3318 340 3459 397 illi:

185 470 390 534 σιλέως
412 469 505 525 καὶ
534 471 784 536 κοινωνὸς
806 472 906 543 τῆς
929 472 1084 537 ἀξίας
1108 472 1359 542 γενέσθαι
1381 470 1618 533 δυνατῶς
1639 467 1773 538 ἔχει.

1887 468 2095 525 illarum
2153 472 2260 525 ulla
2317 476 2490 524 mater
2538 467 2695 537 regis
2736 479 2801 520 ac
2851 460 3135 535 dignitatis
3184 460 3457 536 particeps

184 559 325 624 Πῶς
367 560 477 634 γὰρ
532 562 599 616 ἀν
650 561 923 634 δυνηθείη,
966 564 999 634 ἡ
1049 564 1277 634 μηδέπω
1326 561 1669 617 ἀναλαϐοῦσα
1719 561 1777 612 ἐν

188 648 366 721 ἑαυτῇ
402 649 464 703 τδ
514 650 808 705 ἀδέσποτον
862 653 955 706 καὶ
1002 652 1335 724 αὐτοκρατὲς
1380 652 1474 705 τοῦ
1522 650 1776 723 ἐναρέτου

189 743 574 814 φρονήματος·
605 744 742 798 ἀλλά
760 744 990 815 δουλικῷ
1015 744 1162 815 φόϐῳ
1192 744 1292 813 τῆς
1314 743 1422 797 τῶν
1451 743 1636 796 κακῶν
1665 759 1778 795 κοι-

189 833 394 897 νωνίας
425 835 802 913 ἀφισταμένης
837 836 1238 908 ’Υποδείγματα
1266 836 1322 890 δὲ
1342 835 1452 889 τῶν
1474 834 1778 906 εἰρημένων

189 928 365 992 ἐστὶν,
398 929 493 982 ἐπὶ
532 928 630 1000 μὲν
664 929 773 984 τῶν
807 928 1110 1000 βασιλίδων,
1137 932 1198 985 τὸ
1237 930 1377 984 κατά
1410 930 1536 993 τοὺς
1568 928 1667 998 τῆς
1690 928 1779 981 δε·-

191 1019 320 1086 ξιᾶς
349 1019 589 1084 στάσεως
612 1020 967 1092 ἠξιωμένους,
993 1022 1129 1095 πρὸς
1152 1020 1246 1087 οὓς
1274 1024 1303 1075 6
1337 1021 1586 1093 βασιλεὺς
1608 1020 1775 1089 λέγει’

191 1110 398 1175 Δεῦτε,
428 1112 483 1164 οἱ
511 1108 900 1180 εὐλογημένοι
928 1113 1034 1166 τοῦ
1063 1112 1293 1180 Πατρός
1311 1128 1454 1181 μου,
1476 1115 1779 1181 κληρονο-

186 1201 432 1272 μήσατε
470 1201 587 1272 τὴν
630 1203 1082 1283 ἡτοιμασμένην
1112 1205 1255 1275 ὑμῖν
1281 1203 1609 1271 ,ϐασιλείαν
1629 1224 1642 1237 ·
1685 1203 1775 1258 τοῦ

190 1293 249 1347 δὲ
277 1292 532 1363 δευτέρου
566 1292 660 1347 καὶ
686 1294 979 1365 ὑφειμένου
1012 1296 1287 1365 τάγματος
1319 1290 1426 1349 εἶεν
1455 1295 1521 1348 ἂν
1559 1297 1776 1359 ἐκεῖνοι,

192 1384 337 1457 πρὸς
366 1384 463 1449 οὒς
501 1384 649 1455 λέγει
688 1386 719 1438 6
751 1385 954 1459 Κύριος
977 1407 989 1419 ·
1033 1388 1334 1455 Φοϐήθητε
1382 1387 1488 1442 τὸν
1528 1391 1679 1458 μετὰ
1712 1390 1777 1441 τὸ

191 1478 544 1534 ἀποκτεῖναι
596 1479 816 1549 ἔχοντα
871 1480 1162 1545 ἐξουσίαν
1208 1481 1488 1551 ἐμϐαλεῖν
1528 1482 1616 1546 εἰς
1665 1479 1779 1548 τὴν

193 1568 451 1639 γέενναν
492 1570 599 1626 τοῦ
633 1574 840 1641 πυρός.
882 1570 1100 1645 Ταύτην
1130 1572 1188 1626 δέ
1229 1590 1318 1645 μοι
1347 1574 1495 1627 δοκεῖ
1533 1572 1632 1643 τὴν
1658 1572 1777 1624 δια-

190 1658 392 1733 στολὴν
422 1662 530 1717 τῶν
581 1665 675 1719 δύο
715 1666 1031 1734 ταγμάτων,
1079 1668 1112 1737 η
1163 1666 1304 1718 κατά
1348 1665 1473 1728 τοὺς
1515 1664 1779 1735 ἀριθμοὺς

190 1751 426 1825 διαφορά
449 1754 793 1823 παραδηλοῦν
818 1755 884 1809 δι’
907 1755 1245 1825 αἰνίγματος.
1276 1755 1399 1820 Πῶς
1418 1755 1575 1809 τοῦτό
1598 1771 1737 1827 φημι
1761 1772 1775 1819 ;

197 1820 301 1906 Ἔξν
341 1820 480 1896 εἰσιν
526 1820 760 1910 ἐντολαὶ,
786 1844 853 1899 δι’
878 1840 955 1900 ὧν
990 1820 1317 1918 ἡ-Ῐβασιλεία
1344 1846 1438 1901 τοῦ
1487 1820 1622 1901 Θεού
1658 1820 1776 1913 ’τοῖς
1810 1820 1855 1878 Β

192 1931 390 2001 δεξιοῖς
431 1934 796 2002 ἐτοιμάζεται.
829 1937 1186 2009 Λογισώμεθα
1219 1938 1422 1992 τούτων
1464 1940 1693 1994 ἕκαστον
1716 1940 1779 1993 τὺ

193 2025 512 2080 δεσποτικὸν
535 2022 674 2082 εἶναι
701 2027 983 2093 τάλαντον,
1006 2029 1035 2082 ὃ
1061 2031 1324 2102 προσήκει
1352 2030 1501 2102 παρὰ
1527 2030 1622 2084 τοῦ
1646 2032 1780 2099 ἀγα-

195 2116 290 2170 θοῦ
338 2116 432 2171 καὶ
483 2118 674 2172 πιστοῦ
720 2120 930 2175 οἰκέτου
970 2121 1505 2192 δεκαπλασιασθῆναι
1548 2122 1637 2176 διὰ
1680 2123 1779 2193 τῆς

196 2206 478 2278 ἐργασίας,
509 2208 596 2263 ἵνα
625 2209 799 2275 οὕτως
825 2212 1038 2283 εἰσέλθῃ
1085 2213 1163 2277 εἰς
1193 2214 1292 2283 τὴν
1333 2213 1507 2284 χαρὰν
1539 2212 1633 2266 τοῦ
1662 2214 1780 2266 Κυ-

201 2296 313 2366 ρίου
345 2298 535 2363 αύτοῢ,
568 2302 625 2355 ἐν
655 2303 856 2373 ὀλίγοις
887 2305 1077 2369 πιστὸς
1110 2305 1373 2378 εὑρεθεὶς,
1403 2306 1495 2359 καὶ
1524 2306 1616 2359 ἐπὶ
1654 2305 1781 2359 πολ-

196 2389 303 2443 λῶν
326 2391 744 2465 καθιστάμενος.
783 2397 846 2449 Εἰ
873 2398 1053 2451 τοίνυν
1081 2397 1170 2451 διὰ
1211 2398 1321 2451 τῶν
1365 2398 1425 2463 ἐξ
1456 2398 1661 2452 τούτων
1691 2400 1780 2452 ὲν-

197 2480 365 2534 τολῶν
392 2483 426 2554 ἠ
451 2483 553 2553 τῆς
595 2485 869 2556 βασιλείας
896 2488 1104 2557 γίνεται
1126 2492 1192 2560 τῇ
1236 2489 1381 2561 ψυχῇ
1413 2490 1664 2561 κοινωνία
1682 2508 1696 2523 ο
1718 2491 1782 2545 τὸ

196 2571 252 2624 δὲ
278 2572 485 2628 τέλειον
505 2575 604 2647 τῆς
629 2578 891 2650 ἐργασίας
917 2581 1001 2647 ἐφ’
1022 2578 1262 2651 ἑκάστης
1290 2581 1406 2634 ἐστὶ
1428 2580 1489 2634 τὸ
1512 2560 1782 2635 δεκαπλα-

201 2662 383 2717 σιάσαι
440 2664 539 2737 τὴν
587 2667 826 2739 ἐντολὴν,
876 2668 1058 2733 καθὼς
1106 2669 1210 2741 ἔφη
1260 2673 1288 2724 ὁ
1339 2671 1541 2739 ἀγαθὸς
1598 2673 1784 2738 δοῦλος

198 2752 426 2819 ἐκεῖνος,
459 2756 540 2809 δτι
560 2757 705 2811 Δέκα
728 2758 963 2813 τάλαντα
986 2760 1047 2814 τὸ
1073 2760 1131 2815 ἒν
1161 2778 1254 2815 σου
1277 2762 1534 2817 τάλαντον
1565 2782 1781 2837 κατειρ-

198 2845 433 2910 γάσατο·
465 2847 789 2919 εὑρίσκομεν
820 2852 884 2903 ἐκ
901 2850 993 2903 τοῦ
1024 2852 1317 2906 ἀκολούθου
1343 2853 1441 2926 τὴν
1473 2855 1602 2924 μίαν
1630 2855 1784 2926 βασί-

198 2933 522 3011 λισσανηείς
549 2938 809 3011 ἐξήκοντα
843 2941 1248 3014 πλατυνομένην
1271 2944 1422 3023 χτὴν
1452 2945 1539 2999 διὰ
1571 2945 1665 2999 τοῦ
1693 2947 1782 3000 δε-

200 3029 614 3101 καπλασιασμοῦ
643 3031 749 3085 τῶν
778 3029 837 3097 ἒξ
864 3033 1089 3087 ἐντολῶν
1127 3037 1183 3098 ἐς
1234 3037 1517 3091 κοινωνίαν
1550 3038 1650 3108 τῆς
1684 3037 1782 3108 βα-

1881 560 1998 618 ﬁeri
2033 570 2230 632 potest.
2268 560 2370 627 Qui
2409 559 2757 633 enimposset
2791 556 2904 620 iila,
2931 570 3053 625 qua:
3078 552 3311 610 necdum
3336 568 3457 609 eam

1881 654 2249 712 conditionem
2303 660 2597 708 consecuta
2646 657 2751 712 est,
2796 647 3100 703 ut‘nullius
3151 644 3458 701 dominatui

1882 745 2129 815 subjecta
2158 745 2251 808 sit,
2306 758 2408 798 nec
2439 756 2713 798 summum
2748 738 3039 810 imperium
3070 738 3316 793 honestae
3345 736 3459 791 eia»

1883 837 2046 892 tionis
2076 835 2293 905 adepta,
2316 834 2410 890 sed
2447 840 2592 888 metu
2622 831 2807 888 servili
2843 846 2872 884 a
2906 829 3168 884 societate
3196 827 3453 882 vitiorum

1881 929 2162 986 discedit?
2214 926 2420 981 Horum
2469 932 2652 979 autem
2710 939 2832 995 qua:
2875 914 3156 988 diximus,
3205 918 3457 989 exempla

1880 1031 2030 1085 sunt,
2081 1021 2150 1076 de
2202 1016 2655 1090 regiuisguidem
2684 1016 2785 1081 illi,
2833 1015 2927 1086 qui
2953 1014 3020 1069 ad
3060 1014 3307 1069 dextram
3341 1011 3458 1065 col-

1878 1115 2047 1170 locari
2105 1123 2409 1174 merentur,
2444 1110 2513 1164 ad
2559 1124 2697 1179 quos
2747 1124 2843 1164 rex
2885 1109 3004 1162 ait:
3061 1106 3263 1168 Venite,
3304 1103 3457 1159 bene~

1879 1208 2010 1262 dicti
2034 1205 2217 1260 Patris
2238 1205 2361 1266 mei.
2397 1202 2658 1272 possidete
2680 1211 2926 1271 paratum
2960 1199 3102 1255 vobis
3133 1214 3349 1269 regnum
3373 1197 3454 1251 “z

1881 1302 2108 1358 alterius
2140 1314 2293 1363 vero,
2348 1307 2402 1353 et
2453 1296 2729 1351 inferioris
2770 1294 2981 1349 ordinis
3024 1291 3334 1362 exemplum
3378 1287 3456 1343 illi

1880 1392 2107 1455 fuerint,
2156 1390 2222 1444 ad
2264 1404 2403 1460 quos
2436 1386 2699 1443 Dominus
2757 1383 2937 1453 inquit
2984 1402 2997 1437 :
3040 1380 3237 1435 Timete
3278 1378 3455 1443 illum,

1878 1482 2286 1553 quipotestatem
2318 1476 2493 1540 habet,
2524 1484 2582 1529 ut
2616 1484 2962 1545 posteaquam
2993 1469 3263 1533 occiderit,
3293 1467 3456 1521 etiam

1880 1572 1933 1625 in
1959 1572 2245 1641 gehennam
2273 1568 2409 1638 ignis
2438 1565 2742 1635 conjiciat‘.
2763 1565 2944 1634 Atque
2972 1561 3079 1616 hoc
3108 1559 3341 1614 duorum
3374 1570 3461 1610 0r-

1880 1664 2069 1718 dinum
2096 1661 2394 1715 discrimen
2426 1657 2672 1712 indicare
2716 1653 2967 1723 miliiper
2989 1650 3217 1720 aenigma
3244 1644 3460 1701 videtur

1881 1758 1999 1828 ipsa
2029 1755 2083 1809 in
2148 1752 2393 1807 numeris
2422 1748 2733 1805 diversitas.
2763 1745 2865 1813 Qui
2912 1745 3018 1800 hoc
3049 1737 3312 1811 inquam?
3351 1734 3460 1792 Sex

1879 1849 2105 1906 omnino
2143 1852 2413 1915 praecepta
2473 1848 2622 1907 sunt,
2670 1855 2765 1909 per
2805 1853 2926 1908 quae
2968 1848 3197 1905 regnum
3233 1837 3461 1901 paratur

1881 1943 1971 2005 iis,
2002 1940 2096 2011 qui
2148 1938 2216 1993 ad
2267 1936 2515 1992 dextram
2558 1932 2917 1987 collocantur.
2951 1928 3275 1981 Statuamus
3315 1919 3459 1989 apud

1881 2028 2438 2101 animum,quodlibet
2457 2029 2649 2081 horum
2671 2038 2793 2079 esse
2813 2024 3075 2076 talentum
3103 2017 3232 2071 illud
3265 2012 3457 2076 herile,

1879 2125 2025 2197 quod
2060 2119 2388 2193 negotiando
2411 2116 2551 2173 eﬂici
2570 2130 2601 2170 a
2624 2116 2768 2170 bono
2791 2128 2856 2167 ac
2890 2110 3036 2166 ﬁdeli
3061 2108 3267 2163 famulo
3298 2104 3461 2159 decu-

1880 2195 1971 2290 plo
1999 2214 2233 2284 amplius
2260 2209 2537 2273 convenit,
2569 2214 2627 2261 ut
2662 2203 2951 2261 hoc-modo
2973 2202 3028 2256 in
3066 2197 3324 2271 gaudium
3356 2195 3463 2248 Do-

1879 2286 2015 2367 mini
2039 2308 2124 2365 sui
2165 2303 2523 2376 ingrediatur,
2563 2306 2816 2369 repertus
2860 2295 2916 2349 in
2952 2292 3163 2364 exiguis
3187 2286 3383 2350 ﬁdelis,
3406 2292 3462 2340 et

1882 2408 2171 2475 propterea
2222 2394 2410 2450 multis
2460 2390 2774 2463 praefectus.
2819 2385 2877 2441 Si
2911 2398 3043 2454 ergo
3087 2396 3184 2453 per
3224 2378 3342 2436 hinc
3366 2391 3461 2432 sex

1880 2470 2152 2568 prateepta
2198 2487 2353 2559 regni
2389 2485 2572 2540 anima
2620 2482 2680 2536 tit
2710 2479 3006 2552 particeps,
3042 2484 3096 2531 et
3136 2474 3192 2529 in
3214 2470 3463 2544 quolibet

1880 2559 2079 2643 iiorum
2108 2586 2352 2652 quaestus
2394 2590 2461 2631 ac
2499 2570 2800 2643 negotiatio
2829 2566 3072 2639 perfecta
3096 2574 3200 2630 est,
3231 2559 3462 2616 manda-

1882 2686 1998 2732 tum
2035 2675 2215 2744 ipsum
2266 2667 2423 2739 quasi
2447 2663 2757 2733 decuplare,
2790 2655 3251 2730 quemadmodum
3282 2652 3462 2707 bonus

1883 2769 1973 2824 ille
2001 2742 2194 2822 servus
2226 2761 2323 2823 ait,
2356 2771 2523 2813 unum
2557 2754 2673 2810 heri
2704 2752 2790 2808 sui
2824 2750 3086 2805 talentum
3115 2745 3303 2801 decem
3326 2742 3464 2796 alio-

1882 2874 2003 2916 rum
2028 2857 2354 2910 talentorum
2409 2848 2623 2902 lucrum
2659 2839 3067 2913 acquisivisse':
3095 2842 3464 2891 consentanea

1885 2948 2120 3023 quadam
2177 2944 2389 2998 ratione
2438 2930 2767 3008 reperimus,
2806 2932 2863 2986 in
2908 2928 3195 2997 sexaginta
3242 2923 3465 2994 reginas

1885 3014 2050 3099 uuam
2106 3038 2256 3092 illam
2301 3021 2621 3089 exarescere
2662 3041 2676 3080 :
2723 3039 2845 3096 qua:
2892 3034 2991 3092 per
3027 3014 3464 3087 decuplationem

204 3119 404 3184 σιλείας
436 3122 893 3193 παραδεχθεὼαν·
929 3124 1005 3188 ὡς
1036 3125 1237 3189 πολλὰς
1263 3123 1519 3200 εἶναιτὴν
1555 3103 1780 3202 μίαν-τῷ

1887 3152 1975 3196 sex
2021 3127 2403 3186 mandatorum
2448 3122 2503 3175 in
2545 3117 2695 3189 regni
2738 3115 3053 3172 societatem
3100 3106 3353 3164 venerit:
3387 3103 3465 3158 ita

203 3213 525 3286 πολυτρόπῳ
554 3215 865 3286 χαρακτῆρι
895 3216 1004 3270 τῶν
1051 3218 1282 3273 ἐντολῶν
1328 3221 1777 3292 ἐμμερισθεῖσαν,

203 3305 294 3357 καὶ
317 3305 532 3377 ἑκάστῳ
552 3306 661 3360 τῶν
684 3308 1124 3380 κατορθωμάτων
1149 3311 1459 3377 ἰδιαζόντως
1485 3316 1783 3387 ἐμμορφω-

205 3395 404 3453 θεῖσαν.
429 3397 617 3462 Οὕτως
634 3394 727 3453 οὖν
751 3400 830 3464 εἰς
851 3399 1112 3472 ἐξήκοντα
1136 3402 1414 3472 βασιλίδας
1437 3406 1470 3475 ή
1498 3405 1596 3476 μία
1619 3416 1808 3461 κατα-ί

206 3489 503 3559 μερίζεται,
547 3489 683 3562 πρὸς
711 3491 777 3545 τά
822 3492 936 3563 εἴδη
981 3493 1091 3547 τῶν
1128 3495 1357 3548 ἐντολῶν
1397 3495 1780 3570 διαιρουμένη·

204 3580 534 3650 καὶγίνεται
581 3582 835 3648 κοινωνὸς
881 3585 978 3657 τῆς
1018 3585 1114 3640 τοῦ
1157 3585 1394 3659 Χριστοῦ
1442 3587 1717 3658 βασιλείας
1748 3592 1782 3661 ἡ

205 3672 409 3745 νύμφη,
460 3674 631 3745 δῆμος
671 3674 957 3746 βασιλίδων
994 3678 1029 3747 ἡ
1079 3678 1179 3748 μία
1225 3679 1587 3752 γεγενημένη,
1636 3681 1784 3753 ήδιά

204 3762 472 3909 ἓοσούτων
497 3764 607 3819 τῶν
633 3767 775 3821 κατά
804 3767 905 3832 τὰς
945 3767 1166 3833 ἐντολὰς
1189 3767 1516 3840 ἀξιωμάτων
1542 3768 1783 3844 ἀριθμη-

242 3873 377 3909 εισα.
1528 3880 1544 3894 ο

242 3873 377 3912 εισα.

274 4059 339 4113 Εἰ
362 4059 421 4113 δέ
442 4057 544 4130 τὴν
575 4057 739 4124 ἑξάδα
767 4058 879 4113 τῶν
907 4059 1134 4115 ἐντολῶν
1159 4060 1217 4116 ἐν
1249 4062 1349 4133 μιᾷ
1376 4060 1518 4116 κατά
1538 4062 1600 4115 τὸ
1620 4061 1790 4116 ’δεκαοο

209 4149 430 4205 πλάσιον
453 4150 862 4223 γεωργηθεῖσαν
882 4150 1060 4223 ψυχὴν
1093 4146 1182 4207 διὰ
1204 4152 1314 4206 τῶν
1343 4154 1607 4225 ἑξήκοντα
1637 4154 1792 4224 βασι-

208 4241 362 4297 λίδων
382 4242 745 4316 σημαίνεσθαι
765 4243 832 4297 δι’
857 4244 1198 4316 αἰνίγματος.
1223 4247 1324 4300 οὐκ
1344 4246 1447 4312 ἔξω
1467 4248 1559 4301 τοῦ
1583 4248 1791 4312 εἰκότος

210 4332 619 4406 ὑπενοήσαμενο
659 4333 968 4398 ἀκολούθως
996 4335 1092 4388 καὶ
1118 4335 1207 4389 διὰ
1230 4336 1338 4392 τῶν
1371 4336 1699 4409 ὀγδοήκοντα
1731 4339 1792 4393 τὸ

1884 3239 1944 3285 ut
1971 3223 2155 3280 multae
2179 3218 2291 3274 sint
2326 3228 2435 3269 una
2461 3212 2550 3267 illa
2585 3225 2682 3280 per
2706 3205 3063 3276 multiplicem
3081 3198 3463 3255 mandatorum

1882 3320 2260 3377 characterem
2306 3306 2504 3368 divisa,
2530 3309 2585 3359 et
2641 3301 2694 3356 in
2733 3298 2979 3372 quolibet
3016 3308 3179 3365 opere
3203 3288 3466 3363 praeclaro

1881 3408 2235 3484 peculiariter
2294 3400 2445 3457 velut
2501 3410 2782 3467 expressa.
2832 3390 2949 3445 Hoc
3007 3388 3173 3459 igitur
3194 3382 3365 3465 modo
3406 3381 3467 3437 in

1884 3479 2169 3574 sexaginta
2227 3494 2451 3566 reginas
2499 3505 2608 3545 una
2649 3485 2936 3548 dividitur,
2970 3479 3271 3537 secundum
3311 3489 3468 3530 man-

1881 3570 2132 3651 datorum
2163 3586 2375 3657 species
2398 3580 2656 3638 distincta
2689 3584 2743 3632 et
2764 3580 3079 3636 numerata;
3118 3570 3297 3639 sitque
3335 3581 3466 3636 par-

1883 3688 2059 3756 ticeps
2123 3679 2279 3752 regni
2312 3673 2520 3733 Christi
2558 3684 2786 3741 sponsa,
2828 3664 2988 3737 quasi
3036 3663 3187 3717 natio
3214 3658 3463 3730 quaedam

1882 3747 2394 3851 reginarum'l'acta,
2419 3780 2543 3837 quae
2570 3762 2729 3833 prius
2784 3773 2893 3814 una
2930 3766 3070 3821 erat,
3101 3754 3229 3808 dum
3252 3766 3350 3823 per
3387 3757 3470 3805 tot
3502 3747 3513 3753 ’

1885 3841 2175 3942 dignitates
2236 3860 2452 3917 ratione
2498 3853 2883 3910 mandatorum
2932 3844 3273 3904 numerando
3307 3841 3469 3915 quasi

1884 3959 2307 4031 multiplicatur.

1956 4072 2075 4130 Jam
2107 4071 2153 4128 si
2186 4069 2333 4124 hunc
2350 4064 2732 4122 mandatorum
2756 4055 3033 4115 senarium
3065 4066 3172 4108 una
3198 4051 3254 4106 in
3286 4048 3469 4104 anima

1888 4167 2038 4223 velut
2073 4163 2351 4221 excultum
2381 4157 2446 4213 ad
2480 4154 2773 4226 decuplum
2808 4143 3007 4218 uSque,
3038 4161 3133 4216 per
3162 4143 3284 4198 illas
3306 4154 3468 4197 sexa-

1888 4260 2039 4332 ginta
2092 4256 2311 4326 reginas
2352 4249 2717 4320 iuzenigmate
2761 4240 3057 4314 signiﬁcari
3095 4252 3204 4293 non
3242 4249 3472 4305 prorsus

1892 4327 2131 4405 absurde
2177 4341 2542 4411 coniecimus,
2598 4331 2960 4391 consimiliter
2999 4327 3161 4383 etiam
3194 4339 3291 4394 per
3327 4327 3475 4376 octo.

210 4423 305 4492 τῆς
328 4423 551 4496 Ὀγδόης
582 4427 881 4497 μυστήριον
908 4427 1347 4498 παραδηλοῦσθαί
1377 4446 1556 4500 φαμεν
1583 4429 1671 4483 διὰ
1694 4428 1787 4483 τοῦ

1894 4440 2043 4511 ginta
2086 4431 2385 4503 significari
2436 4423 2856 4485 obscuriuscule
2890 4417 3212 4490 mysterium
3258 4412 3475 4468 Octava:

213 4515 395 4583 ὁμοίου
438 4518 760 4589 αἰνίγματος
780 4519 980 4591 ’,πρὸς
1026 4520 1093 4590 ἢν
1131 4519 1417 4590 βλέποντες
1445 4499 1496 4574 οἱ
1535 4520 1612 4593 τῷ
1643 4523 1788 4593 φόϐῳ

1896 4499 2328 4586 dicimus-simili
2375 4519 2612 4592 quodam
2648 4515 2955 4585 aenigmate,
2984 4509 3051 4563 ad
3082 4520 3243 4577 quam
3299 4500 3474 4572 respi-

216 4607 739 4681 παιδαγωγούμενοι,
790 4610 892 4680 τῆς
923 4610 1034 4666 τῶν
1074 4611 1261 4665 κακῶν
1291 4613 1574 4676 κοινωνίας
1601 4613 1794 4683 ἀπείρ-

218 4712 418 4762 γονται,
450 4699 637 4764 Οὕτως
663 4698 773 4771 γάρ
803 4701 861 4754 ἐν
899 4703 1018 4764 ταῖς
1045 4700 1385 4771 ψαλμῳδίαις
1419 4702 1713 4773 ἐμάθομεν,
1737 4704 1795 4755 ἐν

218 4781 301 4851 αἶς
330 4791 696 4861 προτέτακται
727 4790 815 4845 διὰ
841 4791 942 4861 τῆς
972 4792 1284 4863 ἐπιγραφῆς
1302 4794 1336 4862 ἡ
1358 4793 1571 4863 Ὂγδόηο
1604 4810 1795 4863 μαστι-

218 4882 494 4951 γουμένων
522 4882 579 4936 δὲ
617 4882 876 4955 ἄντικρύς
911 4884 1048 4937 εἰσιν
1075 4884 1132 4937 αἰ
1167 4885 1367 4953 φωναὶ,
1395 4884 1472 4955 τῷ
1501 4884 1652 4955 φόϐῳ
1686 4883 1795 4938 τῶν

220 4970 583 5045 ἐλπιζομένων
636 4976 717 5040 εἰς
760 4975 909 5029 ἔλεον
955 4975 1054 5045 τὴν
1103 4975 1272 5047 ἀκοὴν
1331 4976 1796 5047 ἐπικάμπτουσαι.

219 5061 352 5131 Φησὶ
373 5065 483 5137 γὰρ
504 5066 639 5136 πρὸς
659 5068 753 5119 τὸν
775 5066 1003 5136 φοϐερὸν
1029 5064 1220 5138 κριτὴν
1240 5067 1270 5120 6
1296 5067 1433 5136 πρὸς
1452 5065 1549 5136 τὴν
1575 5068 1799 5139 Ὀγδόην

226 5149 459 5219 βλέπων·
496 5157 695 5224 Κύριε,
720 5157 803 5227 μὴ
842 5156 925 5223 τῷ
956 5156 1120 5226 θυμῷ
1141 5172 1257 5212 σου
1295 5157 1548 5228 ἐλέγξῃς
1569 5175 1664 5226 με,
1684 5176 1799 5228 μη-

227 5242 292 5297 δὲ
312 5246 387 5316 τῇ
423 5248 569 5319 ὁρτῇ
589 5265 705 5305 σου
741 5249 1073 5318 παιδεύσῃς
1099 5267 1196 5320 με.
1236 5251 1530 5318 Ἐλέησόν
1552 5268 1648 5319 με,
1685 5252 1801 5305 Κύ-

233 5353 335 5405 ριε,
368 5340 455 5397 ὅτι
482 5342 749 5411 ἀσθενής
784 5347 901 5413 εἰμι
925 5360 939 5373 θ
974 5343 1145 5397 ἴασαι
1178 5360 1277 5413 με,
1328 5344 1521 5411 Κύριε,
1558 5344 1643 5397 ὅτι
1669 5344 1800 5398 ἐτα-

226 5431 518 5504 ράχθη’τὰ
543 5435 694 5493 ὀστᾶ
731 5453 870 5505 μου.
903 5434 1016 5490 Καὶ
1048 5435 1147 5488 ὅσα
1186 5436 1250 5490 ἐκ
1278 5435 1371 5489 τοῦ
1405 5435 1696 5490 ἀκολούθου
1722 5434 1801 5505 τῷ

231 5521 502 5601 ἀδεκάστῳ
520 5532 680 5602 κριτῇ
707 5528 796 5583 διὰ
814 5530 915 5600 τῆς
948 5527 1225 5600 ἱκετηρίας
1262 5527 1616 5601 προτείνεται,
1643 5529 1700 5580 ἐν
1718 5522 1799 5592 οἷς

231 5615 321 5670 καὶ
347 5617 408 5672 τὺ
448 5621 523 5694 μὴ
552 5617 691 5676 εἶναι
730 5619 867 5691 Θεοῦ
908 5620 1126 5691 μνήμην
1155 5621 1212 5673 ἐν
1251 5619 1330 5688 τῷ
1365 5619 1579 5689 θανάτῳ
1610 5618 1796 5689 ὀδύρεο

303 5793 347 5827 "
379 5796 561 5857 Matth.
596 5816 723 5865 xxv,
754 5800 843 5857 54.
922 5799 936 5831 ¹
973 5796 1104 5853 Luc.
1142 5812 1242 5863 χιι,
1377 5799 1395 5827 ‘
1422 5795 1564 5854 Psal.
1595 5811 1664 5863 v1,
1689 5797 1723 5852 ‘3
1750 5810 1866 5867 sqq.

1895 4622 2104 4679 cientes
2128 4615 2207 4672 illi
2233 4615 2326 4685 qui
2360 4619 2509 4667 metu
2547 4607 2719 4672 ducti,
2764 4602 3030 4658 malorum
3050 4614 3080 4652 a
3104 4596 3365 4651 societate
3393 4606 3475 4645 ar-

1896 4720 2107 4769 centur.
2139 4708 2252 4763 Hoc
2270 4706 2414 4761 enim
2445 4718 2511 4759 ex
2538 4698 2765 4773 psalmis
2817 4689 3323 4749 animadvertimus.
3354 4685 3478 4755 qui-

1898 4808 2001 4861 bus
2050 4804 2104 4857 in
2152 4797 2513 4868 inscriptione
2556 4790 2850 4865 praetigitur
2885 4786 3103 4842 Octava:
3150 4795 3394 4842 nomen;
3425 4785 3480 4832 et

1898 4912 2062 4952 voces
2095 4894 2226 4963 ipsae
2249 4896 2377 4946 sunt
2399 4902 2629 4960 prorsus
2658 4897 2847 4940 eorum
2880 4878 2973 4950 qui
3004 4884 3150 4932 metu
3167 4872 3479 4928 futurorum

1901 4989 2168 5044 malorum
2206 4981 2361 5056 quasi
2411 4980 2774 5051 ﬂagellantur,
2819 4971 3063 5042 adeoque
3095 4967 3163 5021 ad
3187 4963 3481 5020 commise-

1899 5081 2165 5135 rationem
2190 5053 2349 5129 aures
2377 5070 2626 5127 ﬂectunt.
2660 5067 2753 5121 Ait!
2778 5065 2921 5121 enim
2970 5058 3267 5116 terribilem
3299 5053 3365 5108 ad
3393 5053 3482 5123 iu-

1901 5171 2076 5226 dicem
2114 5169 2184 5231 is,
2216 5166 2310 5236 qui
2360 5162 2429 5218 ad
2468 5161 2727 5217 Octavam
2753 5155 2979 5227 respicit
3011 5168 3026 5205 :
3057 5148 3296 5211 Domine,
3338 5161 3401 5199 ne
3428 5144 3482 5197 in

1898 5259 2081 5328 furore
2118 5266 2207 5310 tuo
2241 5270 2435 5325 arguas
2467 5268 2564 5316 me,
2592 5265 2752 5320 neque
2789 5248 2845 5301 in
2889 5248 2973 5299 ira
3005 5253 3098 5297 tua
3139 5236 3483 5306 castigaveris

1906 5367 2004 5405 me.
2023 5348 2272 5405 Miserere
2294 5348 2414 5409 mei,
2444 5344 2684 5408 Domine,
2699 5343 2824 5411 quia
2840 5338 3027 5393 debilis
3054 5352 3170 5391 sum
3187 5349 3206 5389 :
3222 5348 3357 5388 sana
3382 5345 3482 5391 me,

1908 5441 2150 5504 Domine,
2176 5440 2303 5512 quia
2356 5435 2674 5492 conturbata
2722 5443 2843 5487 sunt
2891 5447 3014 5485 ossa
3053 5444 3171 5483 mea
3202 5427 3245 5481 ’.
3273 5412 3486 5490 Quibus

1909 5533 2047 5588 adde
2069 5511 2266 5587 crrtera
2309 5542 2646 5601 quaecunque
2672 5524 2931 5594 deinceps
2959 5522 3284 5587 incorrupto
3309 5511 3485 5584 judici

1911 5622 2271 5693 supplicando
2294 5617 2582 5692 proponit:
2607 5617 2751 5670 inter
2774 5621 2971 5669 caetera
2993 5610 3287 5681 deplorans
3318 5603 3483 5659 etiam
