4018 6374
680 314 820 371 “l5

1911 310 1968 368 S.
2010 308 2342 369 GREGORII
2371 310 2663 368 NYSSENI

3826 313 3953 370 ms

677 422 969 494 hoc,quod
1002 423 1055 477 in
1107 428 1279 477 morte
1319 421 1466 476 nulla
1497 420 1595 476 Dei
1639 421 1713 476 sit
1749 421 2082 477 recordatio.
2117 421 2253 478 Nam

2367 442 2465 478 ται.
2498 422 2624 487 Πῶς
2674 421 2781 494 γὰρ
2809 422 2876 477 ἂν
2916 422 3002 494 εἴη
3026 423 3251 477 δυνατὸν
3299 425 3415 487 τοῖς
3456 423 3731 496 κλαυθμῷ
3766 441 3832 477 τε
3873 431 3954 481 καὶ

677 517 771 587 qui
807 516 924 573 ﬁeri
956 515 1151 586 possit,
1186 526 1245 568 ut
1272 515 1308 569 ii
1337 514 1430 584 qui
1482 514 1550 569 ad
1599 514 1864 584 ejulatum
1916 523 1969 569 et
2013 514 2259 569 dentium

677 607 966 664 stridorem
1022 606 1370 662 condemnati
1429 588 1582 675 sunt,
1645 623 1712 661 ex
1749 607 2128 662 recordatione
2165 605 2261 660 Dei

677 701 915 756 laetitiam
945 699 1290 769 percipiant?
1325 697 1457 752 Nam
1489 700 1599 753 alio
1631 699 1686 753 in
1722 698 1843 753 loco
1875 697 2141 768 Propheta
2174 698 2261 752 di-

674 792 770 856 cit,
804 790 1244 844 recordationem
1276 787 1366 843 Dei
1400 789 1644 843 laetitiam
1668 789 1910 844 excitare
1930 790 1971 843 ³.
2006 788 2129 842 llaec
2159 789 2265 859 igi-

674 889 765 931 tur
793 886 847 933 et
875 879 982 931 alia
1020 878 1336 947 hujnsmodi
1377 879 1487 933 Deo
1520 895 1832 948 proponens
1862 880 1945 942 ,is,
1976 880 2069 949 qui
2104 879 2260 934 Octa-

673 983 794 1020 vam
830 969 1044 1032 metuit,
1085 968 1306 1023 tandem
1356 970 1525 1023 sentit
1558 980 1616 1025 Se
1670 970 2061 1025 misericordi-.9.
2095 973 2261 1041 parti-

673 1072 852 1125 czpem
877 1058 1015 1121 ﬁeri,
1059 1074 1183 1112 cum
1220 1059 1326 1112 ait:
1352 1058 1613 1112 Exaudiit
1640 1076 1811 1114 vocem
1833 1060 2074 1128 ploratus
2092 1062 2193 1115 mei
2219 1061 2260 1116 ’⁸.

676 1148 813 1200 Cum
867 1158 1049 1203 autem
1103 1150 1261 1204 multi
1327 1151 1491 1205 utiles
1528 1161 1705 1207 metus
1748 1153 1923 1207 sacris
1966 1153 2018 1206 in
2043 1151 2263 1209 Litteris

678 1241 1048 1303 declarentur,
1105 1251 1226 1301 esto
1267 1243 1320 1295 in
1356 1243 1444 1297 his
1471 1244 1659 1310 etiam,
1721 1254 1778 1298 ut
1808 1244 2033 1314 perinde
2066 1262 2129 1299 ac
2165 1262 2262 1301 sex

679 1332 769 1384 iila
803 1332 1054 1386 mandata
1079 1349 1254 1401 usque
1298 1334 1364 1387 ad
1396 1334 1688 1404 decuplum
1726 1345 2071 1399 excrescant,
2102 1338 2175 1391 ita
2206 1348 2264 1392 ut

677 1421 726 1477 is
754 1422 846 1491 qui
879 1438 943 1476 ex
966 1421 1305 1478 Psahnorum
1338 1425 1477 1479 libro
1502 1426 1779 1490 didicerit,
1799 1443 1907 1497 quo
1938 1439 2094 1498 pacto
2116 1437 2264 1484 recte

679 1512 804 1581 quis
866 1512 1035 1567 Deum
1072 1525 1310 1580 metuat,
1348 1517 1606 1571 nimirum
1650 1518 1985 1575 deﬁectendo
2025 1536 2055 1574 a
2096 1523 2259 1586 malo,

682 1614 740 1661 et
773 1606 1024 1661 faciendo
1072 1608 1312 1662 bonum'
1345 1626 1358 1663 :
1387 1610 1475 1664 hic
1499 1625 1627 1680 ergo
1680 1626 1793 1665 rem
1849 1611 2019 1666 divini
2057 1620 2258 1679 metus,

679 1699 842 1770 quasi
899 1700 1192 1768 quamdam
1255 1700 1338 1754 vel
1386 1702 1614 1764 minam,
1655 1702 1740 1756 vel
1782 1702 2068 1765 talentum,
2098 1718 2263 1773 nego-

680 1791 869 1846 tiando
896 1790 1078 1845 decies
1105 1792 1427 1861 ampliorem
1449 1792 1665 1847 efﬁciat.
1694 1794 1813 1860 Quo
1839 1794 1947 1859 ﬁet,
1982 1802 2040 1849 ut
2078 1796 2260 1851 anima

680 1881 864 1936 locum
905 1899 935 1937 a
968 1884 1154 1954 regina
1190 1885 1489 1939 secundum
1517 1883 1793 1950 obtinens,
1831 1901 1953 1956 quae
1983 1895 2127 1942 metu
2151 1902 2261 1941 non

679 1974 973 2030 dilectione
1027 1976 1175 2044 quod
1209 1976 1414 2031 bonum
1450 1984 1535 2031 est
1571 1975 1722 2041 facit,
1750 1977 1818 2032 ad
1849 1979 2260 2049 octogenarium

679 2080 858 2137 usque
912 2082 1204 2122 numerum
1262 2075 1576 2134 excrescat,
1639 2069 1939 2139 quamlibet
2023 2071 2260 2140 speciem

678 2169 897 2221 eorum,
938 2171 1059 2226 quze
1091 2171 1157 2211 ex
1201 2164 1347 2212 metu
1389 2166 1536 2212 recte
1569 2156 1726 2223 ﬁunt,
1769 2156 2055 2216 inconfuse
2082 2175 2147 2215 ac
2180 2158 2265 2213 di-

680 2244 883 2299 stincte
933 2240 1340 2312 demonstrans,
1374 2244 1619 2317 adeoque
1655 2247 1746 2302 hic
1774 2255 1968 2303 octava
2001 2264 2129 2304 cum
2171 2249 2265 2304 de-

681 2335 846 2405 cuplo
904 2337 1379 2406 multiplicabitur,
1414 2353 1587 2408 eaque
1624 2340 1839 2395 ratione
1881 2339 1993 2405 illa,
2038 2355 2161 2410 qua:
2200 2356 2266 2395 ex

682 2434 831 2480 metu
868 2427 1121 2482 servilem
1150 2427 1204 2481 in
1238 2427 1485 2494 modum,
1516 2445 1626 2483 non
1666 2444 1734 2483 ex
1782 2444 1971 2485 amore
2007 2446 2265 2500 sponsam

682 2513 914 2570 decente
956 2515 1024 2568 ad
1077 2516 1279 2572 bonum
1328 2518 1563 2583 accedit,
1598 2518 1907 2573 concubina
1954 2534 2053 2590 pro
2079 2521 2268 2591 regina

682 2602 787 2672 sit;
846 2620 946 2675 per
991 2614 1198 2661 metum
1232 2605 1469 2673 Octavaa,
1493 2625 1653 2679 quem
1683 2610 1749 2664 ad
1773 2611 2064 2682 decuplum
2096 2627 2268 2683 usque

683 2696 801 2753 suis
835 2697 1146 2755 actionibus
1208 2699 1586 2770 ampliﬁcavit,
1617 2701 1683 2755 ad
1723 2717 2011 2758 numerum
2048 2712 2271 2775 octoge-

681 2790 899 2845 narium
924 2806 1101 2862 usque
1120 2792 1465 2862 perveniens.
1495 2792 1673 2864 Atque
1702 2792 1846 2849 hanc
1877 2794 2267 2862 concubinam,

682 2883 752 2938 ad
786 2894 1001 2955 tempus
1028 2887 1246 2957 aliquod
1284 2890 1494 2959 spurio,
1533 2906 1645 2945 non
1689 2890 1927 2962 ingenuo
1957 2901 2119 2962 partu
2148 2908 2269 2948 mo-

684 2986 800 3025 rem
832 2972 966 3029 bero
986 2990 1086 3030 suo
1102 2991 1409 3046 gerentem,
1434 2978 1651 3045 dictum
1702 2980 1837 3036 illud
1870 2982 2116 3038 historiae
2148 2997 2273 3053 per-

2363 514 2604 587 βρυγμῷ⁸
2635 514 3207 585 καταδεδικασμένοις,
3234 514 3331 587 τὴν
3368 516 3435 571 ἐκ
3470 516 3572 587 τῆς
3609 517 3848 588 μνήμης
3871 516 3954 570 τοῦ

2361 605 2495 659 Θεοῦ
2541 605 2879 677 εὐφροσύνην
2923 604 3271 674 ἐγγίνεσθαις
3313 606 3504 671 Οὕτως
3540 604 3802 671 εἰπόντος
3848 608 3954 661 ἑτέ-

2365 695 2497 766 ριυθι
2528 695 2622 749 τοῦ
2654 696 2961 767 Προφήτου,
2993 697 3075 749 ὅτι
3103 698 3137 767 η
3168 698 3358 767 μνήμη
3392 694 3489 750 τοῦ
3502 697 3646 754 Θεοῦ
3685 698 3956 768 εὐφροσύα

2362 806 2458 859 νην
2490 791 2652 842 ποιεῖ.
2688 786 2872 841 Ταῦτα
2903 783 2995 842 οὖν
3020 789 3112 841 καὶ
3149 787 3283 842 ἄλλα
3313 785 3542 841 τοιαῦτά
3563 805 3695 843 τινα
3743 804 3957 860 προτει-

2362 876 2584 946 νόμενος
2608 878 2637 929 ό
2664 874 2915 939 δεδοικὼς
2943 876 3037 946 τὴν
3067 875 3310 946 Ὀγδόην,
3346 876 3405 929 ὲν
3445 876 3707 947 αἰσθήσει
3733 878 3845 946 τῆς
3868 878 3955 931 τοῦ

2362 967 2543 1031 ἐλέους
2568 967 2776 1036 γίνεται
2811 967 3094 1038 μετουσίας
3118 966 3289 1037 λέγων
3313 985 3325 996 ·
3347 967 3431 1020 ὅτι
3466 968 3834 1034 Εὶσήκουσε
3854 968 3955 1036 τῆς

2361 1059 2567 1129 φωνῆς
2613 1059 2718 1114 τοῦ
2764 1058 3072 1130 κλαυθμοῦ
3113 1078 3253 1129 μου.
3289 1059 3508 1113 Πολλῶν
3549 1061 3612 1114 δὲ
3663 1062 3955 1133 μακαρίων

2363 1150 2541 1220 φόϐων
2568 1151 2672 1203 ὑπὸ
2692 1151 2789 1222 τῆς
2816 1152 2977 1219 ἁγίας
3003 1152 3345 1222 δηλουμένων
3366 1152 3405 1203 Γ
3409 1156 3615 1225 ραφῆς,
3648 1153 3740 1224 εῖη
3771 1154 3844 1208 ἂν
3868 1155 3956 1208 καὶ

2362 1242 2455 1293 ἐπὶ
2484 1240 2686 1294 τούτων
2715 1239 2987 1309 ἀναλόγως
3014 1244 3131 1304 ταῖς
3154 1241 3214 1306 ἒξ
3238 1242 3492 1309 ἐντολαῖς,
3519 1246 3551 1313 η
3584 1246 3684 1297 ἐπὶ
3710 1246 3775 1297 τὸ
3801 1247 3955 1297 δεκα·

2364 1330 2588 1384 πλάσιον
2613 1329 2837 1402 αὔξησις
2856 1349 2869 1361 ι
2892 1331 3032 1384 ὥστε
3057 1332 3149 1385 τὸν
3175 1332 3491 1403 διδαχθέντα
3516 1336 3676 1407 παρά
3696 1335 3805 1404 τῆς
3825 1335 3954 1405 ψαλ-

2366 1422 2590 1493 μῳδίας,
2616 1424 2731 1488 πῶς
2759 1423 3115 1495 κατορθοῦται
3147 1426 3176 1476 ὁ
3199 1426 3291 1478 τοῦ
3318 1428 3522 1498 Κυρίου
3545 1427 3737 1497 φόϐος,
3772 1430 3842 1482 ὲκ
3866 1429 3951 1481 τοῦ

2363 1515 2606 1570 ἐκκλῖναι
2642 1516 2738 1586 μὲν
2770 1515 2877 1569 ἀπὸ
2916 1516 3108 1581 κακοῦ,
3156 1520 3329 1572 ποιεῖν
3356 1519 3411 1572 δὲ
3453 1521 3525 1575 τά
3569 1520 3799 1589 ἀγαθά’
3848 1516 3952 1574 οἷόν

2361 1624 2482 1662 τινα
2510 1609 2666 1678 μνᾶν,
2708 1607 2741 1676 ἦ
2771 1607 3052 1671 τάλαντον,
3079 1608 3507 1665 δεκαπλασιάσαι
3529 1611 3623 1664 διὰ
3653 1613 3760 1683 τῆς
3786 1615 3950 1683 ἐργα-

2365 1699 2485 1763 σίας
2513 1700 2573 1751 τὸ
2611 1700 2798 1771 χρῆμα
2825 1699 2921 1753 τοῦ
2952 1699 3096 1753 θείου
3132 1700 3317 1769 φόὸου.
3357 1702 3468 1755 Καὶ
3493 1702 3676 1764 οὕτως
3706 1706 3813 1773 τὴν
3842 1704 3953 1756 δευ-

2363 1790 2693 1861 τερεύουσαν
2723 1790 2861 1862 μετά
2889 1791 2986 1862 τὴν
3017 1790 3262 1862 βασιλίδα
3286 1791 3462 1863 ψυχὴν
3493 1790 3532 1860 ἢ
3554 1788 3714 1865 φόϐῳ
3740 1796 3842 1847 καὶ
3863 1798 3951 1848 οὐκ

2363 1881 2551 1953 ἀγάπῃ
2597 1881 2658 1935 τὸ
2713 1881 2874 1937 καλὸν
2923 1880 3341 1954 κατεργάζεται,
3382 1881 3519 1954 πρὸς
3573 1882 3673 1935 τὸν
3725 1884 3947 1954 ἀριθμὸν

2364 1971 2474 2026 τῶν
2507 1972 2837 2044 ὀγδοήκοντα
2877 1972 3266 2044 πλατυνθῆναι,
3294 1973 3520 2027 ἕκαστον
3552 1969 3699 2038 εἶδος
3732 1974 3847 2027 τῶν
3874 1974 3949 2025 διὰ

2364 2062 2527 2133 φόϐου
2557 2063 3006 2135 κατορθουμένων
3032 2066 3125 2118 ἐπὶ
3138 2063 3234 2117 τοῦ
3265 2064 3380 2136 βίου
3405 2063 3605 2134 ἑαυτῆς
3628 2064 3948 2134 ἀσυγχύτως

2362 2173 2421 2209 τε
2452 2156 2546 2211 καὶ
2572 2157 3003 2229 ἀκεκρυμμένως
3026 2157 3372 2211 δεικνύουσα·
3400 2156 3475 2220 ὡς
3504 2157 3603 2209 καὶ
3632 2157 3734 2209 ἐπὶ
3757 2157 3949 2226 ταύτης

2332 2247 2463 2323 ’τῆς
2499 2238 2689 2320 ὀγδόης
2721 2248 2897 2318 λόγον,
2928 2251 2995 2319 τῇ
3044 2249 3181 2319 πρὸς
3210 2247 3270 2302 τὸ
3312 2246 3683 2302 δεκαπλάσιον
3732 2248 3947 2318 αὐξήσει
4012 2256 4013 2267 ‘

2367 2340 2863 2412 συμπλατυνθῆναι,
2885 2340 2980 2394 καὶ
3003 2338 3256 2409 γενέσθαι
3276 2338 3426 2410 φόϐῳ
3440 2337 3704 2409 δουλικῷ,
3723 2339 3822 2391 καὶ
3844 2337 3947 2406 οὐχὶ

2364 2430 2526 2501 ἔρωτι
2557 2430 2811 2502 νυμφικῷ
2857 2430 2935 2501 τῷ
2969 2429 3156 2502 ἀγαθῷ
3203 2430 3702 2502 προσεγγίζουσαν,
3749 2428 3944 2483 παλλα-

2366 2525 2466 2595 κὴν
2496 2523 2616 2577 ἀντὶ
2644 2524 2741 2595 τῆς
2767 2523 3053 2594 βασιλίδος·
3076 2522 3164 2577 διὰ
3189 2522 3281 2577 τὸν
3308 2521 3406 2593 τῆς
3427 2520 3659 2592 ὐγόόης
3693 2520 3880 2591 φόϐον,
3897 2520 3945 2572 ὃν

2365 2613 2739 2679 δεκαπλασίως
2773 2616 2830 2668 ὲν
2866 2616 2977 2678 τοῖς
3005 2612 3419 2685 κατορθώμασιν
3452 2612 3722 2684 ηὔξησεν,
3761 2614 3845 2677 είς
3867 2612 3945 2663 τὸν

2366 2706 2596 2778 ἀριθμὸν
2641 2706 2996 2761 συντελοῦσαν
3047 2706 3157 2759 τῶν
3205 2706 3555 2776 ὀγδοήκοντα.
3590 2706 3703 2757 Ἦν
3751 2702 3945 2757 κελεύει

2368 2798 2464 2852 καὶ
2495 2801 2524 2853 ὁ
2564 2799 2659 2869 τῆς
2695 2797 2934 2870 ἱστορίας
2975 2797 3133 2866 λόγος
3162 2796 3321 2869 νόθῳ,
3358 2795 3708 2868 προσκαίρῳ,
3736 2795 3832 2848 καὶ
3859 2796 3946 2846 οὐκ

2368 2890 2577 2958 εὐγενεῖ
2598 2891 2743 2960 τόκῳ
2784 2891 3225 2961 ὑπηρετήσασαν,
3259 2888 3333 2961 μὴ
3376 2890 3645 2942 συνοικεῖν
3694 2889 3777 2950 εἰς
3806 2885 3946 2946 τέλος

2370 2984 2436 3053 τῇ
2470 2981 2726 3053 βασιλίδι·
2756 2980 2831 3045 ὡς
2860 2981 2961 3035 οὐκ
2992 2980 3159 3052 οὐσης
3184 2982 3249 3035 ὲκ
3274 2979 3369 3033 τοῦ
3394 2980 3509 3033 ῐσου
3532 2979 3637 3049 τῆς
3670 2977 3944 3048 βασιλικῆς

685 3071 851 3132 pelue
881 3079 1006 3119 cum
1066 3068 1252 3137 regina
1285 3069 1484 3140 degere
1526 3070 1722 3126 iisdem
1760 3072 1813 3126 in
1841 3073 2055 3129 :edihus
2080 3081 2267 3143 vetat;

2372 3072 2736 3145 κληρονομίας
2760 3076 2823 3146 τῇ
2854 3073 3075 3145 δουλικῇ
3099 3075 3231 3144 γονῇ
3261 3072 3408 3168 πρὸς
3433 3072 3524 3126 τὸν
3556 3070 3852 3168 έλεύθερον
3870 3068 3945 3168 τό-

685 3154 830 3222 quod
857 3156 1073 3215 servilis
1111 3157 1253 3215 fetus
1283 3160 1350 3215 ad
1378 3161 1748 3217 haereditatem
1776 3164 1929 3234 regni
1959 3180 2082 3220 cum
2119 3165 2273 3236 inge-

695 3261 805 3299 nuo
853 3249 1167 3319 partuejus
1204 3267 1303 3322 par
1361 3268 1471 3306 non
1529 3252 1747 3307 habeat.
1805 3251 2027 3322 Ejicito,
2073 3254 2272 3323 inquit,

2379 3178 2498 3219 κον.
2523 3163 2781 3217 Ἔκϐαλε
2795 3159 2922 3231 γὰρ,
2941 3159 3092 3231 φησὶ,
3108 3159 3223 3229 τὴν
3242 3157 3408 3211 παιδί
3409 3173 3572 3226 σκην
3588 3157 3693 3210 καὶ
3709 3156 3818 3211 τὸν
3831 3155 3946 3211 υἰότ

2378 3253 2588 3324 αὐτῆς·
2614 3253 2817 3324 οὐγὰρ
2832 3252 2916 3324 μὴ
2950 3248 3374 3321 κληρονομήση
3398 3253 3431 3306 ὀ
3471 3248 3603 3315 υἱὸς
3631 3248 3750 3319 τῆς
3771 3248 3945 3303 παιδί-

685 3336 939 3389 ιιιεὶίιαηι
969 3348 1019 3392 et
1055 3340 1224 3407 ﬁlium
1248 3341 1384 3409 ejus.
1407 3339 1520 3396 Nec
1546 3343 1686 3397 enim
1724 3343 1936 3397 ancilla:
1964 3344 2110 3413 ﬁlius
2152 3360 2268 3397 cum

2378 3361 2537 3414 σκης
2542 3345 2695 3418 μετὰ
2718 3343 2823 3399 τοῦ
2843 3344 2974 3399 υἱοῦ
2992 3343 3103 3414 τῆς
3126 3342 3461 3411 ἐλευθέρας.
3478 3343 3541 3394 Ei
3560 3342 3619 3394 δέ
3648 3359 3764 3395 τινι
3790 3341 3946 3412 βιαιο-

684 3428 925 3498 ingenua
951 3428 1067 3500 ﬁlio
1098 3430 1459 3487 ha’reditalem
1489 3433 1657 3488 adibit
1689 3437 1729 3490 °.
1768 3434 1925 3501 Quod
1960 3436 2006 3490 si
2035 3435 2141 3490 cui~
2161 3434 2268 3491 haec

2373 3439 2507 3510 τέρα
2562 3437 2811 3507 φαίνεται
2860 3438 2894 3508 ἡ
2942 3437 3023 3500 είς
3067 3434 3160 3489 τὸν
3205 3433 3559 3507 προκείμενον
3604 3437 3723 3498 τοῖς
3775 3434 3946 3506 ῥητοῖς

685 3538 1043 3580 numerorum
1086 3524 1140 3582 in
1172 3527 1477 3598 propositis
1512 3528 1697 3584 verbis
1729 3528 2104 3584 consideratio
2160 3543 2268 3583 non

2375 3527 2606 3601 ἀριθμὸν
2635 3527 2855 3601 θεωρία,
2879 3526 3278 3599 ἀναμνησθήτω
3310 3526 3391 3580 ὅτι
3417 3526 3509 3580 καὶ
3542 3527 3664 3579 κατ’
3698 3525 3874 3597 ἀρχὰς
3895 3524 3946 3575 τὸ

685 3613 824 3669 nihil
848 3631 971 3672 esse
992 3617 1251 3685 violenta,
1279 3620 1550 3691 quasique
1575 3628 1716 3675 torta
1740 3619 1991 3687 videtur;
2028 3622 2075 3677 is
2107 3622 2268 3676 velim

2379 3620 2454 3693 μὴ
2485 3619 2739 3674 δύνασθαι
2771 3620 2951 3690 τυχεῖν
2977 3618 3072 3689 τῆς
3101 3620 3158 3674 ὲν
3187 3616 3394 3682 τούτοις
3422 3616 3677 3688 ἀληθείας
3712 3618 3945 3687 ἐμαρτυο

683 3706 787 3760 sibi
834 3718 1067 3764 revocet'
1089 3711 1144 3764 in
1198 3723 1460 3775 mentem,
1496 3713 1567 3768 ab
1596 3712 1759 3767 initio
1799 3728 1900 3769 nos
1932 3719 2268 3784 protestatos

2379 3708 2609 3782 ράμεθα,
2644 3707 2896 3763 τοσοῦτον
2931 3708 3090 3780 μόνον
3123 3708 3383 3778 ἅψασθαι,
3414 3709 3537 3762 ὅσον
3582 3708 3661 3781 μὴ
3704 3708 3946 3779 ἀγύμναο

684 3812 830 3865 esse,
861 3814 967 3854 non
1000 3815 1161 3869 posse
1188 3800 1480 3856 veritatem
1523 3818 1627 3857 nos
1664 3803 1722 3857 in
1779 3803 1886 3858 hoc
1938 3818 2137 3875 genere
2185 3816 2273 3858 as-
2314 3840 2317 3843 -

2384 3818 2485 3854 στα
2516 3800 2636 3880 καθ’
2669 3800 2789 3854 ὅλου
2823 3799 3200 3872 παραδραμεῖν
3220 3800 3288 3855 τά
3318 3799 3632 3871 αἰνίγματα.

686 3892 868 3962 sequi,
922 3908 988 3949 ac
1026 3902 1317 3965 propterea
1373 3897 1454 3952 sic
1483 3892 1767 3970 atiigimus
1801 3898 1919 3954 haec
1963 3902 2277 3971 aenigmata,
2317 3904 2378 3952 ut
2432 3911 2504 3952 ne
2553 3911 2784 3968 prorsus
2845 3896 2998 3952 nullo
3028 3897 3284 3968 impenso
3328 3894 3508 3979 studio
3580 3894 3947 3967 praetermitte-

686 3992 897 4041 rentur.

774 4074 883 4130 Sed
923 4084 1102 4132 tamen
1159 4078 1207 4135 si
1261 4078 1486 4134 dilectio
1540 4079 2025 4150 (quemadmodum
2065 4080 2270 4136 alicubi

688 4169 1057 4240 perscriptum
1110 4170 1215 4239 est)
1254 4173 1413 4241 plane
1459 4172 1678 4228 tandem
1734 4182 1938 4229 metum
1988 4173 2172 4243 ejiciat
2224 4173 2270 4239 ",

691 4267 1049 4332 mutatusque
1103 4270 1279 4317 metus
1322 4263 1544 4318 dilectio
1585 4264 1712 4332 ﬁat;
1764 4273 1878 4321 tum
1926 4280 2059 4321 vero
2088 4265 2271 4322 unitas

2443 4076 2593 4149 Πλὴν
2639 4078 2689 4131 εἰ
2721 4074 2825 4141 ἔξω
2869 4075 3019 4148 βάλοι
3049 4075 3143 4131 τὸν
3186 4074 3349 4146 φόϐον
3394 4076 3428 4147 ἡ
3472 4075 3657 4148 ἀγάπη
3715 4078 3944 4143 τελείως,

2373 4167 2516 4224 κατὰ
2558 4167 2619 4221 τὸ
2666 4168 3069 4239 γεγραμμένον,
3106 4167 3202 4219 καὶ
3254 4166 3639 4237 μεταποιηθεὶς
3693 4168 3727 4221 ό
3777 4169 3944 4238 φόϐος,

2374 4259 2566 4329 ἀγάπη
2594 4257 2841 4327 γένοιτοο
2889 4258 3012 4311 τότε
3055 4255 3367 4328 εὑρίσκεται
3400 4254 3565 4327 μονὰς
3608 4255 3672 4309 τὸ
3714 4258 3943 4330 quam-

689 4366 816 4409 esse
857 4354 1160 4423 reperietur
1190 4353 1264 4419 id,
1297 4353 1443 4426 quod
1475 4356 1711 4412 salutem
1740 4358 2122 4428 consequitur,
2149 4371 2268 4413 om-

2374 4369 2486 4417 νον,
2515 4352 2572 4404 ὲν
2603 4351 2671 4422 τῇ
2706 4350 2843 4421 πρὸς
2894 4349 2952 4403 τὸ
2992 4347 3150 4420 μόνον
3193 4347 3393 4417 ἀγαθὸν
3436 4347 3706 4420 συμφυῖα,
3742 4350 3943 4404 πάντων

690 4445 855 4502 nibus
884 4447 1027 4503 inter
1056 4464 1116 4504 se
1143 4448 1313 4504 unitis
1352 4448 1408 4503 in
1460 4450 1929 4521 conglutinatione
1984 4465 2109 4504 cum
2160 4465 2268 4505 uno

2375 4443 2623 4514 ἀλλήλοις
2674 4440 3000 4509 ἑνωθέντων,
3034 4440 3124 4495 διά
3165 4440 3265 4512 τῆς
3296 4439 3437 4494 κατά
3477 4438 3575 4510 τὴν
3624 4442 3942 4515 περιστερὰν

689 4551 755 4593 ac
785 4538 902 4594 solo
930 4538 1097 4606 bono,
1138 4555 1234 4610 per
1264 4540 1413 4607 illam
1467 4556 1588 4611 qua:
1623 4541 1678 4595 in
1713 4540 1964 4595 columba
1982 4548 2068 4596 est
2095 4539 2275 4610 perfe-

689 4628 948 4684 ctionem.
966 4629 1101 4685 Nam
1127 4631 1441 4701 huiusmodi
1465 4626 1723 4702 quiddam
1747 4648 1815 4688 ex
1837 4633 2018 4687 verbis
2041 4646 2277 4701 sequen-

691 4719 840 4775 tibus
865 4722 1245 4795 intelligimus,
1275 4739 1403 4779 cum
1437 4724 1514 4779 ait
1542 4743 1554 4779 :
1593 4723 1710 4779 Una
1738 4732 1817 4779 est
1846 4724 2089 4779 columba
2139 4741 2276 4792 mea,

690 4808 924 4878 perfecta
950 4829 1082 4868 mea.
1123 4811 1290 4868 Unica
1317 4816 1580 4869 estzmam'
1612 4831 1745 4878 sure,
1807 4816 1973 4870 electa
2032 4816 2118 4869 illi
2161 4831 2278 4885 qua:

689 4903 885 4970 peperit
912 4920 1049 4960 eam.
1084 4905 1260 4975 Atque
1286 4906 1390 4962 hoc
1420 4907 1475 4961 in
1499 4905 1793 4978 Evangelia
1825 4923 1922 4978 per
1946 4923 2131 4963 vccem
2164 4907 2272 4962 Do—

689 4991 824 5046 mini
861 4994 1021 5050 nobis
1052 4994 1325 5051 illuS‘rius
1358 4995 1695 5052 declaratur.
1728 4994 1942 5051 Etenim
1975 4997 2068 5052 ille
2102 4996 2274 5052 bene-

690 5081 926 5141 dicendo
950 5086 1058 5141 vim
1082 5101 1300 5142 onmem
1331 5087 1620 5156 discipulis
1653 5085 1770 5143 suis
1801 5086 2114 5153 conferens,
2146 5102 2273 5143 cum

691 5176 797 5231 alia
851 5176 993 5231 bona
1044 5179 1228 5234 verbis
1268 5178 1402 5241 illis,
1456 5178 1658 5249 quibus
1704 5178 1773 5232 ad
1804 5176 2019 5233 Patrem
2074 5178 2273 5243 utitur,

690 5266 885 5322 tribuit
910 5268 1091 5340 dignis
1116 5289 1131 5326 :
1159 5280 1275 5325 tum
1296 5252 1470 5326 etiam.
1496 5270 1647 5326 addit
1681 5271 1804 5335 hoc,
1832 5271 1979 5341 quod
2001 5271 2270 5343 bonorum

691 5368 859 5428 caput
907 5375 970 5417 ac
1001 5379 1215 5419 summa
1248 5373 1354 5426 est.
1391 5378 1504 5418 non
1550 5363 1787 5433 amplius
1815 5377 1912 5418 eos
1944 5364 1999 5416 in
2045 5362 2276 5419 diversi-

695 5456 807 5507 tate
839 5452 1073 5522 quadam
1114 5454 1468 5516 electionum,
1501 5454 1879 5524 multipliciter
1917 5453 2127 5509 divisos
2161 5454 2275 5508 fore

700 5538 755 5595 in
780 5539 1031 5600 faciendo
1069 5544 1137 5602 de
1171 5547 1317 5603 bono
1338 5546 1548 5614 judicio
1570 5590 1583 5614 ,
1628 5546 1725 5603 sed
1755 5561 1948 5601 omnes
1991 5563 2160 5601 unum
2193 5546 2276 5601 fu-

2374 4533 2726 4603 τελειότητος.
2760 4529 3013 4586 Τοιοῦτον
3053 4532 3162 4603 γάρ
3190 4547 3244 4584 τι
3280 4529 3504 4600 νοοῦμεν
3534 4530 3601 4582 ὲκ
3630 4529 3731 4583 τοῦ
3765 4533 3943 4602 ἐφεξῆς

2374 4625 2556 4695 λόγου,
2582 4626 2639 4689 ὃς
2671 4641 2834 4696 φησιν
2854 4639 2866 4651 ·
2900 4624 2984 4677 δτι
3012 4623 3131 4677 Μία
3157 4621 3290 4677 ἐστι
3328 4620 3648 4689 περιστερὰ
3688 4640 3833 4691 μου,
3862 4640 3940 4676 τε·

2375 4716 2511 4772 λεία
2535 4733 2675 4785 μου.
2716 4714 2838 4769 Μία
2869 4712 3001 4769 ἐστὶ
3042 4712 3117 4782 τῇ
3172 4712 3353 4784 μητρί
3383 4710 3595 4780 αὐτῆς,
3634 4712 3937 4780 ἐκλεκτική

2377 4808 2509 4861 ἐστι
2546 4802 2622 4876 τῇ
2662 4806 2925 4874 τεκούσῃ
2969 4803 3182 4871 αὑτήν.
3215 4804 3391 4875 Ὅπερ
3437 4804 3494 4857 ὲν
3523 4802 3602 4873 τῷ
3638 4803 3938 4871 Εὐαγγελίῳ

2378 4897 2464 4952 διὰ
2497 4898 2598 4967 τῆς
2622 4895 2714 4950 τοῦ
2747 4895 2952 4967 Κυρίου
3002 4895 3184 4965 φωνῆς
3218 4894 3543 4964 σαφέστερον
3567 4893 3933 4964 ἑρμηνεύεται.

2379 4991 2566 5044 Πᾶσαν
2595 4989 2704 5060 γάρ
2734 4990 2849 5051 τοῖς
2878 4986 3144 5058 μαθηταῖς
3171 4984 3365 5039 ἑαυτοῦ
3391 4985 3841 5055 ὲναποτιθέμενος
3864 4983 3937 5037 διὰ

2378 5084 2501 5155 τῆςκ
2524 5084 2772 5153 εὐλογίας
2800 5082 3050 5151 δύναμιν,
3075 5080 3145 5136 τά
3170 5097 3231 5133 τε
3269 5078 3405 5134 ἀλλα
3439 5077 3528 5131 διὰ
3556 5075 3666 5130 τῶν
3695 5076 3834 5147 πρὸς
3860 5076 3938 5129 τὸν

2381 5178 2600 5250 Πατέρα
2628 5178 2803 5247 λόγων
2833 5175 3015 5247 ἀγαθά
3044 5178 3158 5256 τοῖς
3191 5173 3363 5243 ἁγίοις
3395 5168 3697 5243 χαρίζεται,
3735 5169 3937 5241 προστί-

2328 5270 2343 5287 '
2381 5268 2505 5340 θησι
2534 5268 2592 5323 δὲ
2630 5268 2738 5323 τῶν
2760 5267 2979 5337 ἀγαθῶν
2998 5266 3073 5319 ’τὸ
3108 5263 3419 5334 κεφάλαιον,
3446 5260 3506 5314 τὸ
3533 5258 3730 5331 μηκέτι
3759 5258 3938 5319 αὐτοὺς

2379 5362 2438 5415 ὲν
2463 5361 2691 5432 διαφορᾷ
2735 5377 2838 5413 τινι
2877 5357 3247 5431 προαιρέσεων
3277 5355 3335 5407 ὲν
3376 5355 3442 5423 τῇ
3475 5351 3602 5423 περὶ
3644 5348 3741 5402 τοῦ
3790 5345 3936 5403 καλοῦ

2381 5452 2561 5524 κρίσει
2594 5452 2834 5521 πολλαχῇ
2867 5446 3267 5520 διασχίζεσθαν
3307 5445 3422 5499 ἀλλ’
3448 5443 3507 5496 ἓν
3541 5439 3800 5511 γενέσθαι
3828 5439 3935 5497 τοὺς

2383 5546 2608 5611 πάντας,
2635 5541 2715 5627 τῷ
2759 5542 2840 5597 ένὶ
2883 5540 2975 5596 καὶ
3009 5539 3154 5611 μόνῳ
3181 5534 3368 5607 ἀγαθῷ
3412 5534 3789 5605 συμφυένταςο
3815 5528 3933 5582 ῶστι

782 5720 804 5750 ⁸
837 5719 981 5774 Psal.
1014 5736 1198 5789 Lxxvi,
1229 5724 1283 5778 l.
1359 5724 1382 5757 ⁸
1414 5704 1559 5782 Psal.
1589 5742 1662 5793 vr,
1690 5727 1742 5783 9.
1822 5728 1841 5760 ⁸
1873 5725 2017 5781 Psal.
2049 5741 2242 5790 χχχιιι,

2439 5725 2459 5758 ⁸
2492 5725 2627 5782 Ceu.
2652 5741 2763 5790 ut,
2797 5721 2898 5790 10;
2939 5719 3057 5776 Gal.
3084 5733 3159 5787 Iv,
3194 5715 3283 5773 30.
3361 5714 3423 5769 ⁷1
3464 5711 3619 5768 Joan.
3654 5725 3730 5772 iv,
3763 5709 3840 5764 t8.
