4018 6372
653 398 796 455 1125

1893 390 1949 443 S.
1994 385 2322 447 CREGORII
2365 384 2659 442 NYSSENI

3785 376 3918 431 ΗΞὲ

650 513 853 576 viator,
888 508 962 562 ita
996 508 1090 577 qui
1124 506 1527 577 expeditionem
1562 504 1645 559 vel
1676 503 1894 574 nuptias
1917 510 2073 573 parat
2104 520 2116 555 ε
2151 503 2223 554 ita

2333 503 2623 572 ἁμαρτίαν.
2650 498 2836 563 (ιύτως
2865 502 2893 553 ὁ
2917 498 3213 569 ὁδοιπόρος,
3244 495 3418 560 οὕτως
3442 495 3475 549 ὁ
3497 493 3598 549 ἐπὶ
3625 492 3920 564 στρατείαν

651 602 966 674 quicunque
995 599 1237 652 animum
1284 596 1353 653 ad
1401 594 1621 667 aliquod
1672 595 1950 667 negotium
2000 592 2224 662 adiecit,

652 690 699 745 si
756 703 880 741 cum
934 686 1184 741 oratione
1225 685 1509 755 quodlibet
1562 692 1706 756 agat,
1754 697 2016 753 prospero
2062 689 2227 753 atque

652 775 793 831 felici
826 790 1087 830 successu
1119 776 1461 846 negotiorum
1501 790 1529 827 a
1585 772 1863 844 peccando
1892 770 2223 836 abducetur,

649 868 802 922 nullo
830 865 1147 921 adversario
1180 867 1419 920 animam
1465 865 1532 919 ad
1590 865 1781 918 vilium
1820 862 2091 918 trahente.
2130 861 2225 917 Sin

649 960 833 1010 autem
871 955 1064 1009 relicto
1095 953 1234 1017 Deo,
1282 954 1501 1025 negotio
1536 960 1682 1008 totus
1740 953 1986 1007 intentus
2040 950 2224 1017 fuerit,

647 1046 875 1101 omnino
907 1058 1133 1100 necesse
1155 1052 1259 1108 est,
1300 1051 1417 1098 uta
1453 1042 1564 1097 Deo
1596 1050 1844 1098 remotus
1872 1057 1997 1097 cum
2027 1041 2226 1095 adver-

648 1138 799 1194 sario
827 1152 1058 1207 prorsus
1087 1148 1355 1192 versetur.
1399 1134 1625 1192 Recedit
1673 1142 1854 1189 autem
1882 1149 1913 1188 a
1970 1132 2103 1200 Deo,
2133 1131 2225 1202 qui

648 1249 749 1305 per
778 1233 1082 1288 orationem
1122 1246 1247 1287 sese
1294 1230 1406 1287 Deo
1434 1245 1544 1285 non
1576 1228 1886 1299 coniungit.
1920 1227 2064 1298 Ergo
2121 1227 2228 1281 hoc

648 1324 806 1396 prius
834 1325 1084 1379 oratione
1105 1323 1338 1379 docendi
1364 1322 1523 1384 estis,
1554 1321 1699 1391 quod
1737 1335 1955 1390 semper
1986 1333 2146 1373 orare
2173 1326 2229 1372 et

649 1431 762 1472 non
790 1415 1079 1486 defatigari
1105 1423 1353 1485 oporteat
1372 1415 1437 1467 ".
1466 1412 1573 1467 Per
1601 1413 1903 1467 orationem
1926 1410 2071 1480 enim
2102 1424 2224 1464 cum

650 1506 765 1564 Deo
804 1523 927 1563 esse
952 1507 1246 1576 contingit.
1279 1509 1349 1559 At
1379 1505 1471 1576 qui
1503 1520 1626 1560 cum
1662 1504 1775 1559 Deo
1800 1506 1904 1570 est,
1935 1503 2005 1557 ab
2037 1501 2239 1557 adver-

652 1599 803 1654 sario
839 1606 1084 1653 remotus
1117 1604 1224 1653 est.
1258 1596 1448 1652 Oratio
1478 1594 1758 1666 pudicitia:
1798 1592 2114 1664 prmsidium
2146 1598 2229 1645 at-

653 1705 761 1760 que
795 1697 1040 1745 tutamen
1070 1695 1175 1751 est,
1203 1687 1297 1742 irae
1327 1686 1655 1751 moderatio,
1692 1685 1965 1755 superbia:
2019 1680 2228 1739 sedatio

653 1791 819 1853 atque
851 1780 1145 1851 repressio,
1179 1779 1509 1849 injuriarum
1566 1777 1776 1833 tenacis
1807 1774 2084 1847 memorias
2134 1789 2229 1829 ex-

653 1873 930 1946 purgatio,
959 1871 1177 1926 invidie
1233 1868 1568 1941 proﬂigatio,
1623 1865 1910 1936 iniustitiae
1958 1862 2226 1926 snblatio,

653 1965 950 2037 impietatis
982 1963 1278 2019 correctio.
1324 1960 1516 2017 Oratio
1546 1974 1846 2031 corporum
1899 1957 2076 2039 robur,
2122 1961 2228 2021 est,

653 2055 996 2112 abundantia
1021 2053 1240 2119 domus,
1266 2060 1416 2108 recta
1446 2051 1590 2121 juris
1616 2066 1681 2106 ac
1714 2050 1892 2121 legum
1924 2049 1980 2103 in
2010 2045 2232 2101 civitate

651 2147 996 2210 constitutio,
1034 2145 1183 2216 regni
1209 2143 1377 2210 vires,
1421 2142 1546 2198 belli
1591 2142 1917 2213 trophaeum,
1954 2138 2107 2211 pacis
2140 2150 2230 2192 se—

654 2238 921 2301 curitas,
957 2235 1341 2292 dissidentium
1406 2234 1753 2298 conciliatio,
1807 2231 2229 2302 coniunctorum

653 2328 1020 2385 conservatio.
1061 2325 1250 2383 Oratio
1271 2325 1610 2398 virginitatis
1641 2324 1881 2395 sigillum
1903 2335 2007 2385 est,
2040 2321 2233 2376 matri-

655 2419 824 2475 monii
859 2417 1017 2483 ﬁdes,
1052 2417 1360 2473 viatoribus
1391 2426 1608 2474 scutum
1629 2457 1645 2483 ,
1699 2398 2092 2472 dormientium
2123 2430 2233 2483 ,cuo

655 2520 804 2579 stos,
857 2510 1204 2581 vigilantium
1254 2508 1478 2572 ﬁducia,
1533 2508 1896 2579 agricolarum
1954 2506 2230 2572 fertilitas,

657 2599 1030 2671 navigantium
1066 2599 1238 2654 salus.
1281 2597 1471 2653 Oratio
1527 2612 1749 2653 reorum
1779 2607 1834 2654 et
1863 2611 2088 2653 causam
2145 2596 2232 2652 di-

656 2690 898 2746 centium
926 2688 1178 2755 patrona,
1216 2687 1508 2743 noxiorum
1531 2701 1596 2743 ac
1624 2686 1934 2743 vinctorum
1969 2686 2234 2742 rclaXatio

658 2788 824 2852 atque
878 2781 1100 2846 solutio,
1162 2779 1514 2852 fatigatorum
1562 2779 1816 2852 requies,
1878 2779 2230 2836 maerentium

658 2871 987 2936 consolatio,
1009 2870 1361 2941 gaudentium
1387 2870 1553 2924 animi
1584 2868 1898 2935 delectatio,
1930 2868 2234 2938 lugentium

659 2960 939 3024 solatium,
979 2960 1201 3030 nuptias
1241 2958 1687 3014 contrahentium
1735 2972 1960 3022 corona,
2000 2956 2235 3011 natalitii

662 3051 784 3107 festi
809 3051 1123 3118 celebratio,
1142 3051 1493 3107 morientium
1533 3049 1725 3106 funus.
1762 3048 1975 3114 Oratio,
2001 3064 2235 3103 conver-

661 3142 802 3197 satio
832 3139 1334 3210 sermocinatioque
1376 3153 1500 3194 cum
1555 3138 1666 3195 Deo
1720 3148 1827 3205 est,
1886 3141 2066 3195 visum
2098 3138 2234 3195 eﬂ‘u-

660 3231 924 3304 gientium
958 3231 1374 3301 contemplatio,
1420 3246 1610 3288 eorum
1652 3247 1774 3302 quae
1812 3232 2236 3302 'concupiscun-

660 3333 771 3390 tur,
803 3333 953 3379 certa
976 3322 1150 3380 fides:
1178 3322 1423 3393 ejusdem
1454 3339 1579 3379 cum
1614 3324 1823 3396 angelis
1851 3324 2077 3379 honoris
2108 3340 2239 3380 con-

661 3415 820 3481 ditio,
850 3416 1118 3470 bonorum
1150 3429 1481 3485 progressus
1512 3424 1567 3471 et
1598 3414 2019 3480 incrementum,
2064 3416 2239 3471 malo-

661 3523 783 3563 rum
840 3506 1151 3571 subversio,
1219 3513 1570 3589 peccatorum
1620 3507 1954 3571 emendatio,
1991 3523 2237 3580 praesen-

661 3599 798 3653 tium
856 3597 1111 3661 fructus,
1179 3596 1487 3653 futurorum
1550 3597 1987 3668 comprehensio.
2051 3596 2240 3653 Oratio

659 3689 812 3747 Jonas
842 3690 1060 3761 quidem
1109 3695 1291 3743 cetum
1342 3688 1566 3745 domum
1625 3690 1913 3746 eﬁ‘ecit":
1952 3691 2239 3747 Ezechiam

664 3798 791 3838 vero
821 3798 883 3837 ex
927 3783 1101 3851 portis
1130 3782 1326 3837 mortis
1361 3780 1429 3835 ad
1470 3783 1642 3837 vitam
1696 3782 1914 3838 reduxit
1942 3782 2023 3837 ιιι
2059 3783 2240 3838 tribus

661 3881 845 3929 autem
889 3872 1334 3928 adolescentibus
1387 3872 1442 3926 in
1480 3881 1708 3928 ventum
1761 3883 2038 3928 rorantem
2088 3872 2241 3928 llam-

660 3980 807 4020 mam
848 3965 1119 4020 convertit
1142 3964 1224 4030 ";
1280 3963 1550 4021 Israeliiis
1591 3965 1860 4021 adversus
1905 3965 2240 4022 Amalecitas

662 4054 963 4123 trophaeum
998 4056 1173 4108 erexit
1202 4055 1269 4118 ¹⁶,
1308 4061 1362 4108 et
1393 4062 1611 4110 centum
1667 4056 1952 4127 octoginta
1995 4056 2245 4128 quinque

664 4145 834 4198 millia
863 4144 1220 4216 Assyriorum
1249 4160 1357 4200 una
1384 4155 1548 4203 noete
1574 4147 1759 4218 gladio
1790 4148 2054 4204 invisibili
2115 4164 2242 4218 pro-

663 4238 862 4293 stravit
885 4237 952 4291 ι’.
989 4237 1168 4307 Atque
1194 4247 1451 4294 sexcenta
1483 4249 1681 4309 praeter
1717 4240 1833 4296 haec
1871 4256 1938 4296 ex
1982 4241 2070 4305 iis,
2120 4257 2241 4311 quae

658 4327 771 4400 iam
800 4328 1142 4392 acciderunt,
1166 4330 1415 4399 exempla
1449 4330 1576 4385 licet
1603 4330 1884 4388 invenire:
1918 4332 2118 4403 quibus
2138 4349 2239 4404 pa-

665 4424 773 4478 lam
805 4422 882 4488 iit,
914 4423 1054 4477 nihil
1083 4439 1148 4479 ex
1181 4425 1271 4488 iis,
1299 4440 1423 4493 qua:
1462 4440 1560 4495 per
1592 4424 1735 4479 hanc
1767 4426 1935 4480 vitam
1981 4428 2241 4481 coluntur

2327 593 2359 663 ἢ
2396 593 2573 662 γάμον
2604 590 2981 662 στελλόμενος·
3021 591 3192 654 οὕτως
3217 589 3325 652 πᾶς
3353 583 3616 662 ὁστισοῦν
3640 583 3760 638 τῶν
3789 583 3919 652 πρός

2324 699 2377 735 τι
2405 683 2506 753 τὴν
2534 683 2709 754 ὁρμὴν
2747 682 2996 753 ἐχόντων,
3031 683 3079 735 εί
3108 679 3226 752 μετ’
3254 679 3421 751 εὐχῆς
3452 678 3701 731 ἕκαστον
3747 674 3920 744 πράτ-

2324 790 2490 834 τοιτο,
2521 775 2587 845 τῇ
2624 772 2758 843 πρὸς
2789 773 2850 825 τὸ
2899 771 3327 843 σπουδαζόμενον
3362 768 3548 840 εὐοδίᾳ
3599 766 3704 821 τοῦ
3748 766 3923 836 ἁμαρ-

2324 864 2505 917 τάνειν
2536 863 3010 934 άποτραπήσεται,
3056 861 3266 925 οὐδενὸς
3312 858 3559 913 ἐναντίου
3605 857 3714 927 τὴν
3749 853 3923 924 ψυχὴν

2325 954 2463 1024 πρὸς
2504 951 2675 1016 πάθος
2725 951 3095 1016 καθέλκοντος.
3140 952 3204 1003 Εἰ
3241 950 3296 1004 δὲ
3343 947 3593 1010 ἀποστὰς
3638 944 3746 999 τοῦ
3792 941 3924 997 Bari

2325 1045 2445 1108 ὅλος
2473 1043 2681 1114 γένοιτο
2708 1043 2808 1111 τῆς
2835 1042 3100 1113 σπουδῆς,
3131 1041 3341 1112 ἀνάγκη
3372 1041 3520 1092 πᾶσα
3551 1038 3653 1091 τὸν
3684 1034 3806 1100 ἔξω
3836 1031 3923 1086 τοῦ

2326 1135 2467 1191 Θεοῦ
2487 1136 2615 1191 ὄντα
2642 1137 2700 1191 ἐν
2720 1135 2800 1208 τῷ
2832 1133 3057 1206 ἐναντίῳ
3087 1134 3302 1197 πάντως
3328 1126 3489 1185 εἶναι.
3515 1126 3855 1199 Χωρίζεται
3872 1122 3927 1177 δὲ

2325 1227 2421 1282 τοῦ
2465 1227 2622 1292 Θεοῦ,
2656 1228 2685 1282 ὁ
2720 1226 2796 1303 μὴ
2821 1227 3106 1282 συνάπτων
3129 1225 3319 1279 ἑαυτὸν
3357 1222 3445 1278 διὰ
3487 1219 3831 1293 προσευχῆς
3852 1215 3927 1287 τῷ

2325 1317 2467 1389 Θεῷ.
2511 1315 2722 1371 Οὐκοῦν
2754 1316 2912 1373 τοῦτο
2938 1318 3046 1389 χρὴ
3096 1314 3359 1389 πρότερον
3399 1314 3548 1385 ἡμᾶς
3593 1309 3927 1380 διδαχθῆναι

2325 1409 2404 1481 τῷ
2430 1410 2595 1481 λόγῳ,
2623 1410 2706 1464 ὅτι
2734 1411 2818 1464 δεῖ
2852 1410 3083 1464 πάντοτε
3112 1404 3526 1480 προσεύχεσθαι,
3565 1402 3665 1456 καὶ
3706 1400 3793 1471 μὴ
3838 1401 3929 1451 ὲκ-

2327 1500 2538 1553 κακεῖν.
2598 1498 2692 1552 Ἐκ
2736 1499 2846 1570 γὰρ
2890 1497 2986 1551 τοῦ
3029 1495 3421 1568 προσεύχεσθαι
3455 1490 3822 1563 περιγίνεται
3868 1485 3928 1541 τὺ

2332 1589 2469 1660 μετὰ
2510 1588 2647 1643 Θεοῦ
2697 1585 2855 1644 εἶναι.
2893 1589 2953 1642 '0
2995 1587 3052 1642 δὲ
3099 1587 3235 1659 μετὰ
3258 1586 3391 1640 Θεοῦ
3419 1585 3513 1651 ὣν,
3536 1583 3638 1638 τοῦ
3665 1584 3926 1637 ἀντικει-

2333 1680 2494 1752 μένου
2523 1681 2868 1755 κεχώρισται.
2904 1680 3185 1755 Προσευχὴ
3215 1679 3566 1751 σωφροσύνης
3599 1676 3725 1730 ἐστὶ
3760 1675 3926 1743 (pola-
4010 1692 4018 1713 <

2330 1773 2574 1844 κτήριον,
2603 1774 2776 1846 θυμοῦ
2810 1775 3171 1844 παιδαγωγία,
3204 1772 3370 1843 τύφου
3411 1766 3749 1839 καταστολὴ.
3783 1783 3923 1836 μνη-

2262 1846 2304 1901 B
2333 1862 2586 1927 σικακίας
2638 1862 2971 1936 καθάρσιον,
3021 1863 3217 1933 φθόνου
3276 1859 3592 1932 καθαίρεσις
3619 1899 3636 1925 ,
3696 1855 3922 1925 ἀδικίας

2332 1950 2629 2024 ἀναίρεσις,
2672 1954 2928 2018 ἀσεϐείας
2962 1952 3350 2025 ἐπανόρθωσις.
3389 1948 3673 2022 Προσευχὴ
3730 1947 3919 2017 σωμά-

2330 2058 2439 2097 των
2488 2043 2633 2097 ἐστὶν
2686 2045 2858 2116 ίσχὺς,
2897 2044 3073 2108 οίκίας
3116 2042 3356 2116 εὐθηνία,
3402 2040 3609 2104 πόλεως
3653 2037 3915 2107 εὐνομία,

2334 2133 2611 2204 βασιλείας
2637 2136 2856 2207 κράτος,
2889 2136 3125 2208 πολέμου
3157 2135 3432 2208 τρόπαιον,
3463 2133 3690 2205 εἰρήνης
3734 2131 3913 2198 ἀσφά-

2331 2226 2449 2280 λεια
2474 2266 2488 2287 ,
2534 2227 2645 2281 τῶν
2688 2226 2986 2282 διεστώτων
3035 2226 3321 2299 συναγωγὴ
3347 2268 3362 2289 ,
3404 2224 3508 2278 τῶν
3552 2222 3914 2277 συνεστώτων

2329 2317 2580 2389 διαμονή.
2629 2318 2913 2391 Προσευχὴ
2942 2318 3238 2390 παρθενίας
3274 2317 3390 2370 ἐστὶ
3434 2314 3691 2385 σφραγὶς,
3730 2314 3911 2383 γάμου

2332 2409 2535 2472 πίστις,
2569 2407 2868 2480 ὁδοιπόροις
2896 2408 3078 2472 ὅπλον,
3134 2392 3485 2478 κοιμωμένων
3514 2401 3711 2472 φύλαξ·
3748 2404 3911 2473 ὲΥΡη·

2333 2499 2571 2571 γορότων
2614 2499 2842 2570 θάρσος,
2888 2498 3150 2572 γεωργῶν
3198 2499 3442 2570 εὐφορία,
3476 2495 3910 2568 mmmam»

2335 2590 2597 2661 σωτηρία.
2644 2589 2927 2666 Προσευχὴ
2967 2589 3302 2662 κρινομένων
3332 2590 3647 2663 συνήγορος,
3683 2587 3908 2658 δεδεμέ-

2333 2698 2440 2735 νων
2460 2681 2664 2747 ἄνεσις,
2689 2682 3047 2754 κεκμηκότων
3077 2683 3402 2746 ἀνάπαυσις,
3427 2680 3789 2751 λυπουμένων
3813 2695 3909 2732 1:1-

2337 2774 2594 2847 ραμυθία,
2630 2775 2926 2846 χαιρόντων
2954 2773 3209 2845 θυμηδία,
3252 2773 3603 2832 πενθούντων,
3625 2770 3908 2843 παράκλη-

2337 2883 2439 2931 σις,
2470 2860 2792 2937 γαμούντων
2821 2865 3102 2936 στέφανος,
3132 2864 3419 2934 γενεθλίων
3458 2862 3642 2935 ἑορτὴ,
3670 2862 3910 2930 ἀποθνη-

2338 2958 2576 3010 σκόντων
2603 2956 2872 3025 ἐντάφιον.
2903 2955 3187 3028 Προσευχὴ
3218 2954 3351 3009 Θεοῦ
3388 2954 3592 3025 ὁμιλία,
3624 2954 3734 3006 τῶν
3758 2953 3907 3022 ἀορά-

2336 3066 2447 3103 των
2502 3047 2704 3119 θεωρία
2743 3064 2756 3079 ο
2809 3047 2916 3101 τῶν
2955 3047 3363 3119 ἐπιθυμούντων
3409 3046 3776 3119 πληροφορία,
3807 3044 3907 3097 τῶν

2335 3139 2583 3210 ἀγγέλων
2614 3139 2888 3211 ὁμοτιμία,
2923 3139 3030 3193 τῶν
3062 3139 3243 3193 καλῶν
3271 3137 3538 3211 προκοπὴ,
3579 3136 3691 3203 τῶν
3724 3135 3904 3190 κακῶν

2339 3232 2641 3311 ἀνατροπὴ,
2670 3233 2779 3287 τῶν
2809 3233 3228 3305 ἁμαρτανόντων
3253 3232 3550 3302 διόρθωσις,
3577 3229 3690 3283 τῶν
3712 3229 3907 3299 παρόν-

2338 3343 2447 3381 των
2473 3326 2786 3388 ᾰπόλαυσις,
2820 3324 2928 3378 τῶν
2963 3323 3261 3395 μελλόντων
3284 3322 3592 3382 ὑπόστασις.
3629 3318 3906 3392 Προσευχὴ

2337 3416 2416 3490 τῷ
2446 3418 2546 3489 μὲν
2586 3418 2759 3489 Ἰωνᾷ,
2792 3417 2855 3470 τὸ
2882 3417 3046 3488 κῆτος
3068 3411 3215 3469 οἷκον
3241 3414 3518 3485 ἐποίησεν
3535 3411 3644 3465 ιτὸν
3670 3411 3726 3464 δὲ
3769 3410 3907 3473 Ἐζε-

2339 3512 2464 3565 κίαν
2490 3509 2669 3564 αὐτῶν
2699 3508 2882 3563 πυλῶν
2905 3507 2998 3562 τοῦ
3025 3508 3252 3562 θανάτου
3287 3507 3421 3579 πρὸς
3446 3504 3544 3575 τὴν
3571 3501 3719 3575 ζωὴν
3748 3505 3909 3556 επαν-

2339 3602 2546 3673 ήγαγεν
2564 3618 2579 3633 ⁸
2607 3604 2720 3666 τοῖς
2751 3601 2807 3655 δὲ
2838 3600 2985 3672 τρισὶ⁸
3009 3600 3152 3664 νέοις
3180 3600 3259 3662 εἰς
3281 3596 3494 3668 πνεῦμα
3517 3595 3788 3668 δροσῶδες
3816 3594 3909 3665 τὴν

2342 3694 2513 3763 φλόγα
2573 3692 2831 3766 ἔτρεψεν
2885 3692 2978 3746 καὶ
3016 3695 3127 3757 τοϊς
3197 3689 3551 3763 Ἰσραηλίταις
3614 3686 3761 3741 κατά
3806 3688 3908 3740 τῶν

2327 3786 2730 3859 ·’Δμαληκιτῶν
2775 3786 3040 3858 ἀνέστησε
3082 3784 3338 3856 τρόπαιον
3360 3799 3375 3814 ³
3440 3781 3533 3835 καὶ
3572 3780 3676 3844 τὰς
3720 3779 3905 3833 ἑκατὸν

2339 3876 2668 3948 ὁγδοήκοντα
2714 3877 2809 3930 καὶ
2843 3874 3004 3930 πέντε
3052 3873 3294 3945 χιλιάδας
3335 3870 3442 3924 τῶν
3481 3869 3785 3938 Ἀσσυρίων
3818 3868 3905 3938 μιᾷ

2340 3970 2496 4023 νυκτὶ
2521 3972 2586 4041 τῇ
2615 3969 2832 4039 ἀοράτῳ
2860 3967 3125 4039 ῥομφαίᾳ,
3157 3964 3552 4037 κατέστρωσεν.
3594 3961 3708 4014 Καὶ
3742 3961 3904 4032 μυρία

2341 4061 2482 4133 πρὸς
2506 4060 2719 4124 τούτοις
2762 4062 2907 4137 ἔστιν
2935 4059 3117 4129 εὑρεῖν
3153 4058 3219 4110 ὲκ
3259 4055 3368 4110 τῶν
3399 4055 3498 4125 ἤδη
3530 4052 3904 4124 γεγενημένοιν

2340 4155 2410 4209 τὰ
2452 4152 2844 4223 ὑποδείγματα,
2876 4149 2943 4203 δι’
2974 4142 3048 4204 ὧν
3101 4147 3333 4219 φανερὸν
3360 4146 3600 4216 γίνεται,
3645 4145 3708 4197 τὸ
3752 4144 3906 4215 μηδὲν

2339 4246 2441 4316 τῆς
2484 4242 2786 4316 προσευχῆς
2829 4237 2969 4295 εἶναι
3013 4240 3123 4295 τῶν
3186 4238 3323 4293 κατὰ
3373 4236 3471 4309 τὴν
3520 4234 3667 4306 ζωὴν
3721 4236 3905 4308 τιμίων

2341 4337 2633 4408 ἀνώτερον,
2682 4333 2843 4388 Ἀλλὰ
2875 4333 3067 4407 καιρὸς
3113 4331 3178 4386 ἂν
3212 4331 3298 4403 εἴη
3334 4330 3466 4401 πρὸς
3492 4328 3665 4397 αὐτὴν
3688 4329 3788 4400 ἠδη
3818 4328 3904 4399 τίτί

2343 4428 2648 4502 προσευχὴν
2674 4425 3035 4498 άσχοληθῆναι
3057 4439 3074 4456 ο
3110 4422 3305 4495 μᾶλλον
3335 4421 3392 4474 δὲ
3428 4419 3618 4492 μικρὸν
3642 4418 3724 4472 ἔτι
3750 4436 3905 4491 προσ·

663 4515 801 4569 etin
831 4514 1007 4584 pretio
1038 4526 1188 4576 sunt,
1236 4514 1472 4569 orationi
1534 4525 1815 4584 priestare.
1857 4514 1964 4570 Sed
2022 4524 2234 4585 tempus

2346 4518 2527 4589 θῶμεν
2558 4516 2636 4588 τῷ
2675 4516 2840 4586 λόγῳ,
2865 4516 2947 4569 ὅτι
2969 4513 3178 4568 πολλῶν
3200 4513 3294 4566 καὶ
3321 4509 3677 4565 παντοδαπῶν
3698 4510 3905 4577 ἀγαθῶν

665 4605 849 4663 fuerit.
883 4605 994 4674 iam
1037 4606 1141 4674 ipsi
1196 4606 1429 4660 orationi
1486 4621 1708 4676 operam
1766 4608 1937 4662 dare:
1987 4606 2239 4677 quinimo

664 4691 948 4762 paululum
983 4694 1145 4747 etiam
1179 4697 1424 4747 sermoni
1466 4695 1647 4750 adhuc
1701 4695 2241 4767 adiiciamus,'quod

666 4796 793 4834 cum
835 4782 1004 4833 multa
1032 4796 1096 4835 ac
1126 4782 1277 4836 varia
1311 4797 1342 4835 a
1399 4782 1581 4837 divina
1641 4784 1817 4853 gratia
1874 4784 2018 4838 bona
2080 4785 2240 4840 nobis

665 4870 984 4941 obtigerint,
1008 4886 1177 4926 unum
1210 4873 1314 4928 hoc
1337 4869 1405 4928 ad
1437 4876 1856 4930 retributionem
1882 4891 2095 4940 eorum,
2118 4892 2240 4947 quae

666 4962 1000 5032 accepimus,
1051 4962 1333 5024 habemus,
1377 4971 1436 5017 ut
1469 4981 1565 5035 per
1598 4968 1900 5022 orationem
1950 4968 2156 5037 pariter
2186 4977 2241 5024 et

664 5053 966 5126 gratiarum
1004 5053 1297 5121 actionem,
1344 5054 1747 5111 benefactorem
1799 5073 2235 5113 remuneremur.

749 5143 1020 5204 Existimo
1039 5148 1223 5220 igitur,
1237 5146 1383 5219 quod
1398 5147 1446 5201 si
1462 5148 1545 5202 vel
1563 5159 1836 5220 pertotam
1870 5148 2036 5201 vitam
2072 5162 2239 5202 oran-

664 5235 735 5292 do
759 5244 924 5304 atque
953 5236 1162 5304 gratias
1189 5236 1401 5305 agendo
1428 5233 1944 5293 sermocinationem
1969 5254 2095 5294 cum
2128 5239 2241 5296 Deo

663 5326 1073 5391 continuemus,
1106 5333 1322 5379 tantum
1355 5325 1426 5380 ab
1455 5340 1541 5389 ea,
1585 5342 1749 5397 quam
1781 5328 1899 5383 ﬁeri
1930 5345 2031 5400 par
2068 5339 2236 5395 esset,

663 5417 1027 5473 retributione
1056 5417 1301 5471 abfuturi
1337 5419 1535 5480 simus,
1563 5428 1828 5489 quantum
1857 5422 1904 5477 si
1933 5438 2034 5478 nec
2061 5422 2239 5479 omni-

664 5521 737 5562 no
764 5507 985 5579 quidem
1017 5507 1089 5562 ab
1145 5508 1306 5563 initio
1364 5509 1708 5565 remunerari
1738 5510 2144 5568 benefactorem
2181 5512 2238 5567 in

2349 4608 2500 4680 παρὰ
2557 4610 2656 4680 τῆς
2727 4607 2878 4669 θείας
2930 4605 3149 4676 χάριτος
3199 4604 3329 4675 ἡμῖν
3400 4598 3798 4671 ὑπαρξάντων,
3856 4599 3904 4649 ἓν

2344 4701 2501 4754 τοῦτο
2540 4699 2675 4770 πρὸς
2720 4697 2984 4753 ἀντίδοσιν
3023 4689 3098 4749 ὧν
3145 4694 3445 4764 εἰλήφαμεν
3475 4691 3696 4761 ἔχομεν,
3741 4689 3803 4743 τδ
3829 4690 3905 4743 διὰ

2346 4788 2656 4860 προσευχῆς
2682 4802 2742 4839 τε
2788 4785 2883 4838 καὶ
2929 4785 3275 4855 εὐχαριστίας
3303 4782 3392 4836 τὸν
3433 4778 3728 4851 εὐεργέτην
3761 4779 3899 4849 άμείη

2345 4881 2557 4934 ϐεσθαι.

2418 5146 2717 5216 Λογίζομαι
2761 5146 2939 5199 τοίνυν
2977 5146 3060 5199 ὃτι
3087 5144 3192 5198 κᾶν
3221 5142 3368 5212 πάσῃ
3394 5143 3459 5212 τῇ
3509 5138 3619 5211 ζωῇ
3654 5138 3752 5210 τὴν
3778 5138 3905 5209 πρὸς

2344 5237 2436 5291 τὸν
2484 5237 2618 5290 Θεὸν
2662 5236 2879 5307 ὁμιλίαν
2912 5234 3440 5307 συμπαρατείνωμεν
3470 5230 3904 5302 εὐχαριστοῦντες

2346 5331 2440 5384 καὶ
2464 5330 2907 5400 προσευχόμενοι,
2938 5328 3190 5384 τοσοῦτον
3222 5328 3321 5397 τῆς
3352 5325 3494 5380 κατὰ
3523 5324 3622 5395 τὴν
3648 5323 3903 5377 ἀντίδοσιν

2347 5420 2509 5488 ἀξίας
2532 5419 2955 5490 ἀπολειπόμεθα,
2992 5421 3115 5473 ὅσον
3149 5420 3198 5472 εί
3247 5417 3379 5490 μηδὲ
3407 5414 3506 5485 τὴν
3548 5415 3726 5485 ἀρχὴν
3769 5414 3902 5467 ἀντι-

2348 5511 2529 5565 δοῦναι
2554 5511 2634 5581 τῷ
2659 5511 2923 5585 εὐεργέτῃ
2952 5510 3428 5584 προεθυμήθημεν.
3477 5506 3565 5560 Ἑν
3598 5504 3747 5578 τρισὶ
3773 5502 3900 5573 τμή-

742 5703 952 5785 '_'"L_ue.
983 5720 1138 5769 xvtu,
1169 5705 1237 5785 ξτ-
1307 5708 1351 5741 ¹³
1397 5709 1522 5767 Jon.
1557 5713 1677 5781 11,3
1712 5728 1834 5784 sqq.
1912 5714 1957 5747 ἰ
1981 5712 2049 5770 IV
2087 5712 2221 5785 Reg.
2257 5728 2351 5778 xx,
2382 5713 2415 5768 5
2438 5726 2559 5782 sqq.
2641 5713 2683 5745 η
2713 5710 2848 5766 Dan.
2882 5724 2921 5774 ι,
2956 5709 3029 5764 23
3057 5723 3179 5779 sqq.
3258 5705 3301 5738 “
3324 5691 3499 5760 Exod.
3524 5718 3662 5770 xvu,
3696 5702 3757 5757 lt
3789 5714 3892 5771 sqq.

673 5767 718 5802 "
747 5770 810 5826 ιν
847 5773 977 5839 Reg.
1027 5767 1143 5837 ιιι,
1169 5775 1258 5829 55.
